|j|☆danelectro
|j|☆CambridgeFoulPlay
|t:|1769322974
|gametype|singles
|player|p1|danelectro|pokemaniac|1507
|player|p2|CambridgeFoulPlay|266|1664
|gen|9
|tier|[Gen 9] OU
|rated|
|rule|HP Percentage Mod: HP is shown in percentages
|rule|Endless Battle Clause: Forcing endless battles is banned
|rule|Species Clause: Limit one of each Pokémon
|rule|OHKO Clause: OHKO moves are banned
|rule|Evasion Items Clause: Evasion items are banned
|rule|Evasion Moves Clause: Evasion moves are banned
|rule|Evasion Abilities Clause: Evasion abilities are banned
|rule|Sleep Moves Clause: Sleep-inducing moves are banned
|clearpoke
|poke|p1|Serperior, F|
|poke|p1|Great Tusk|
|poke|p1|Primarina, M|
|poke|p1|Goodra-Hisui, M|
|poke|p1|Ogerpon-Wellspring, F|
|poke|p1|Skarmory, M|
|poke|p2|Hydrapple, M|
|poke|p2|Tyranitar, F|
|poke|p2|Moltres|
|poke|p2|Zamazenta-*|
|poke|p2|Slowking-Galar, F|
|poke|p2|Excadrill, F|
|teampreview
|c|☆CambridgeFoulPlay|hf
|inactive|Battle timer is ON: inactive players will automatically lose when time's up. (requested by CambridgeFoulPlay)
|
|t:|1769323000
|teamsize|p1|6
|teamsize|p2|6
|start
|switch|p1a: Serperior|Serperior, F|100/100
|switch|p2a: Slowking|Slowking-Galar, F|100/100
|turn|1
|
|t:|1769323003
|move|p1a: Serperior|Substitute|p1a: Serperior
|-start|p1a: Serperior|Substitute
|-damage|p1a: Serperior|76/100
|move|p2a: Slowking|Flamethrower|p1a: Serperior
|-supereffective|p1a: Serperior
|-end|p1a: Serperior|Substitute
|
|-heal|p1a: Serperior|82/100|[from] item: Leftovers
|upkeep
|turn|2
|
|t:|1769323008
|-terastallize|p1a: Serperior|Fire
|move|p1a: Serperior|Substitute|p1a: Serperior
|-start|p1a: Serperior|Substitute
|-damage|p1a: Serperior|57/100
|move|p2a: Slowking|Ice Beam|p1a: Serperior
|-resisted|p1a: Serperior
|-activate|p1a: Serperior|move: Substitute|[damage]
|
|-heal|p1a: Serperior|63/100|[from] item: Leftovers
|upkeep
|turn|3
|
|t:|1769323011
|move|p1a: Serperior|Glare|p2a: Slowking
|-status|p2a: Slowking|par
|cant|p2a: Slowking|par
|
|-heal|p1a: Serperior|69/100|[from] item: Leftovers
|upkeep
|turn|4
|j| 16yxy
|
|t:|1769323017
|move|p1a: Serperior|Leaf Storm|p2a: Slowking
|-resisted|p2a: Slowking
|-crit|p2a: Slowking
|-damage|p2a: Slowking|86/100 par
|-boost|p1a: Serperior|spa|2
|move|p2a: Slowking|Sludge Bomb|p1a: Serperior
|-end|p1a: Serperior|Substitute
|
|-heal|p1a: Serperior|75/100|[from] item: Leftovers
|upkeep
|turn|5
|
|t:|1769323024
|move|p1a: Serperior|Leaf Storm|p2a: Slowking
|-resisted|p2a: Slowking
|-damage|p2a: Slowking|64/100 par
|-boost|p1a: Serperior|spa|2
|move|p2a: Slowking|Sludge Bomb|p1a: Serperior
|-damage|p1a: Serperior|38/100
|-status|p1a: Serperior|psn
|
|-heal|p1a: Serperior|44/100 psn|[from] item: Leftovers
|-damage|p1a: Serperior|32/100 psn|[from] psn
|upkeep
|turn|6
|
|t:|1769323027
|move|p1a: Serperior|Tera Blast|p2a: Slowking|[anim] Tera Blast Fire
|-damage|p2a: Slowking|26/100 par
|cant|p2a: Slowking|par
|
|-heal|p1a: Serperior|38/100 psn|[from] item: Leftovers
|-damage|p1a: Serperior|26/100 psn|[from] psn
|upkeep
|turn|7
|
|t:|1769323030
|switch|p2a: Moltres|Moltres|100/100
|move|p1a: Serperior|Tera Blast|p2a: Moltres|[anim] Tera Blast Fire
|-resisted|p2a: Moltres
|-damage|p2a: Moltres|61/100
|
|-heal|p1a: Serperior|32/100 psn|[from] item: Leftovers
|-damage|p1a: Serperior|19/100 psn|[from] psn
|upkeep
|turn|8
|
|t:|1769323032
|move|p1a: Serperior|Glare|p2a: Moltres
|-status|p2a: Moltres|par
|move|p2a: Moltres|Roost|p2a: Moltres
|-heal|p2a: Moltres|100/100 par
|-singleturn|p2a: Moltres|move: Roost
|
|-heal|p1a: Serperior|25/100 psn|[from] item: Leftovers
|-damage|p1a: Serperior|13/100 psn|[from] psn
|upkeep
|turn|9
|
|t:|1769323037
|move|p1a: Serperior|Tera Blast|p2a: Moltres|[anim] Tera Blast Fire
|-resisted|p2a: Moltres
|-damage|p2a: Moltres|66/100 par
|move|p2a: Moltres|U-turn|p1a: Serperior
|-resisted|p1a: Serperior
|-damage|p1a: Serperior|6/100 psn
|
|t:|1769323039
|switch|p2a: Slowking|Slowking-Galar, F|59/100 par|[from] U-turn
|
|-heal|p1a: Serperior|12/100 psn|[from] item: Leftovers
|-damage|p1a: Serperior|0 fnt|[from] psn
|faint|p1a: Serperior
|upkeep
|
|t:|1769323045
|switch|p1a: Goodra|Goodra-Hisui, M|100/100
|turn|10
|
|t:|1769323047
|switch|p2a: Zamazenta|Zamazenta|100/100
|-ability|p2a: Zamazenta|Dauntless Shield|boost
|-boost|p2a: Zamazenta|def|1
|move|p1a: Goodra|Knock Off|p2a: Zamazenta
|-resisted|p2a: Zamazenta
|-damage|p2a: Zamazenta|95/100
|-enditem|p2a: Zamazenta|Leftovers|[from] move: Knock Off|[of] p1a: Goodra
|
|upkeep
|turn|11
|
|t:|1769323059
|switch|p1a: Skarmory|Skarmory, M|100/100
|move|p2a: Zamazenta|Body Press|p1a: Skarmory
|-damage|p1a: Skarmory|70/100
|-damage|p2a: Zamazenta|78/100|[from] item: Rocky Helmet|[of] p1a: Skarmory
|
|upkeep
|turn|12
|
|t:|1769323063
|move|p2a: Zamazenta|Iron Defense|p2a: Zamazenta
|-boost|p2a: Zamazenta|def|2
|move|p1a: Skarmory|Whirlwind|p2a: Zamazenta
|drag|p2a: Hydrapple|Hydrapple, M|100/100
|
|upkeep
|turn|13
|
|t:|1769323066
|move|p1a: Skarmory|Spikes|p2a: Hydrapple
|-sidestart|p2: CambridgeFoulPlay|Spikes
|move|p2a: Hydrapple|Nasty Plot|p2a: Hydrapple
|-boost|p2a: Hydrapple|spa|2
|
|upkeep
|turn|14
|
|t:|1769323075
|move|p1a: Skarmory|Roost|p1a: Skarmory
|-heal|p1a: Skarmory|100/100
|-singleturn|p1a: Skarmory|move: Roost
|move|p2a: Hydrapple|Fickle Beam|p1a: Skarmory|[anim] Fickle Beam All Out
|-activate|p2a: Hydrapple|move: Fickle Beam
|-resisted|p1a: Skarmory
|-ability|p1a: Skarmory|Sturdy
|-damage|p1a: Skarmory|1/100
|
|upkeep
|turn|15
|
|t:|1769323086
|move|p1a: Skarmory|Roost|p1a: Skarmory
|-heal|p1a: Skarmory|51/100
|-singleturn|p1a: Skarmory|move: Roost
|move|p2a: Hydrapple|Fickle Beam|p1a: Skarmory|[anim] Fickle Beam All Out
|-activate|p2a: Hydrapple|move: Fickle Beam
|-resisted|p1a: Skarmory
|-damage|p1a: Skarmory|0 fnt
|faint|p1a: Skarmory
|
|upkeep
|
|t:|1769323093
|switch|p1a: Goodra|Goodra-Hisui, M|100/100
|turn|16
|
|t:|1769323095
|move|p2a: Hydrapple|Earth Power|p1a: Goodra
|-supereffective|p1a: Goodra
|-damage|p1a: Goodra|68/100
|move|p1a: Goodra|Dragon Tail|p2a: Hydrapple
|-supereffective|p2a: Hydrapple
|-damage|p2a: Hydrapple|76/100
|drag|p2a: Moltres|Moltres|66/100 par
|
|upkeep
|turn|17
|
|t:|1769323104
|move|p1a: Goodra|Knock Off|p2a: Moltres
|-damage|p2a: Moltres|49/100 par
|-status|p1a: Goodra|brn|[from] ability: Flame Body|[of] p2a: Moltres
|-enditem|p2a: Moltres|Heavy-Duty Boots|[from] move: Knock Off|[of] p1a: Goodra
|move|p2a: Moltres|Roost|p2a: Moltres
|-heal|p2a: Moltres|99/100 par
|-singleturn|p2a: Moltres|move: Roost
|
|-damage|p1a: Goodra|61/100 brn|[from] brn
|upkeep
|turn|18
|
|t:|1769323107
|switch|p2a: Slowking|Slowking-Galar, F|92/100 par
|-damage|p2a: Slowking|80/100 par|[from] Spikes
|move|p1a: Goodra|Dragon Tail|p2a: Slowking
|-damage|p2a: Slowking|72/100 par
|drag|p2a: Hydrapple|Hydrapple, M|100/100
|
|-damage|p1a: Goodra|55/100 brn|[from] brn
|upkeep
|turn|19
|
|t:|1769323111
|move|p1a: Goodra|Ice Beam|p2a: Hydrapple
|-supereffective|p2a: Hydrapple
|-damage|p2a: Hydrapple|12/100
|move|p2a: Hydrapple|Giga Drain|p1a: Goodra
|-ability|p1a: Goodra|Sap Sipper|boost
|-boost|p1a: Goodra|atk|1
|
|-damage|p1a: Goodra|49/100 brn|[from] brn
|upkeep
|turn|20
|
|t:|1769323114
|switch|p2a: Slowking|Slowking-Galar, F|100/100 par
|-damage|p2a: Slowking|88/100 par|[from] Spikes
|move|p1a: Goodra|Knock Off|p2a: Slowking
|-supereffective|p2a: Slowking
|-damage|p2a: Slowking|62/100 par
|-enditem|p2a: Slowking|Assault Vest|[from] move: Knock Off|[of] p1a: Goodra
|
|-damage|p1a: Goodra|43/100 brn|[from] brn
|upkeep
|turn|21
|
|t:|1769323118
|move|p1a: Goodra|Knock Off|p2a: Slowking
|-supereffective|p2a: Slowking
|-damage|p2a: Slowking|45/100 par
|move|p2a: Slowking|Psyshock|p1a: Goodra
|-resisted|p1a: Goodra
|-damage|p1a: Goodra|30/100 brn
|
|-damage|p1a: Goodra|24/100 brn|[from] brn
|upkeep
|turn|22
|
|t:|1769323121
|move|p1a: Goodra|Flash Cannon|p2a: Slowking
|-damage|p2a: Slowking|19/100 par
|cant|p2a: Slowking|par
|
|-damage|p1a: Goodra|18/100 brn|[from] brn
|upkeep
|turn|23
|
|t:|1769323124
|switch|p2a: Excadrill|Excadrill, F|100/100
|-item|p2a: Excadrill|Air Balloon
|move|p1a: Goodra|Flash Cannon|p2a: Excadrill
|-resisted|p2a: Excadrill
|-damage|p2a: Excadrill|81/100
|-enditem|p2a: Excadrill|Air Balloon
|
|-damage|p1a: Goodra|12/100 brn|[from] brn
|upkeep
|turn|24
|
|t:|1769323127
|move|p2a: Excadrill|Rapid Spin|p1a: Goodra
|-resisted|p1a: Goodra
|-damage|p1a: Goodra|3/100 brn
|-boost|p2a: Excadrill|spe|1
|-sideend|p2: CambridgeFoulPlay|Spikes|[from] move: Rapid Spin|[of] p2a: Excadrill
|move|p1a: Goodra|Knock Off|p2a: Excadrill
|-damage|p2a: Excadrill|66/100
|
|-damage|p1a: Goodra|0 fnt|[from] brn
|faint|p1a: Goodra
|upkeep
|
|t:|1769323132
|switch|p1a: Great Tusk|Great Tusk|100/100
|turn|25
|
|t:|1769323135
|move|p2a: Excadrill|Iron Head|p1a: Great Tusk
|-crit|p1a: Great Tusk
|-damage|p1a: Great Tusk|57/100
|cant|p1a: Great Tusk|flinch
|
|upkeep
|turn|26
|
|t:|1769323139
|switch|p2a: Hydrapple|Hydrapple, M|45/100
|move|p1a: Great Tusk|Stealth Rock|p2a: Hydrapple
|-sidestart|p2: CambridgeFoulPlay|move: Stealth Rock
|
|upkeep
|turn|27
|
|t:|1769323144
|-end|p1a: Great Tusk|Protosynthesis|[silent]
|switch|p1a: Ogerpon|Ogerpon-Wellspring, F|100/100
|move|p2a: Hydrapple|Giga Drain|p1a: Ogerpon
|-damage|p1a: Ogerpon|62/100
|-heal|p2a: Hydrapple|60/100|[from] drain|[of] p1a: Ogerpon
|
|upkeep
|turn|28
|
|t:|1769323146
|move|p1a: Ogerpon|Play Rough|p2a: Hydrapple
|-supereffective|p2a: Hydrapple
|-damage|p2a: Hydrapple|21/100
|move|p2a: Hydrapple|Giga Drain|p1a: Ogerpon
|-damage|p1a: Ogerpon|25/100
|-heal|p2a: Hydrapple|36/100|[from] drain|[of] p1a: Ogerpon
|
|upkeep
|turn|29
|
|t:|1769323152
|switch|p2a: Slowking|Slowking-Galar, F|52/100 par
|-damage|p2a: Slowking|40/100 par|[from] Stealth Rock
|move|p1a: Ogerpon|Swords Dance|p1a: Ogerpon
|-boost|p1a: Ogerpon|atk|2
|
|upkeep
|turn|30
|
|t:|1769323154
|switch|p2a: Hydrapple|Hydrapple, M|69/100
|move|p1a: Ogerpon|Ivy Cudgel|p2a: Hydrapple|[anim] Ivy Cudgel Water
|-resisted|p2a: Hydrapple
|-damage|p2a: Hydrapple|53/100
|
|upkeep
|turn|31
|
|t:|1769323157
|switch|p2a: Tyranitar|Tyranitar, F|100/100
|-damage|p2a: Tyranitar|88/100|[from] Stealth Rock
|-weather|Sandstorm|[from] ability: Sand Stream|[of] p2a: Tyranitar
|move|p1a: Ogerpon|Play Rough|p2a: Tyranitar
|-supereffective|p2a: Tyranitar
|-damage|p2a: Tyranitar|0 fnt
|faint|p2a: Tyranitar
|
|-weather|Sandstorm|[upkeep]
|-damage|p1a: Ogerpon|19/100|[from] Sandstorm
|upkeep
|
|t:|1769323158
|switch|p2a: Excadrill|Excadrill, F|66/100
|-damage|p2a: Excadrill|63/100|[from] Stealth Rock
|turn|32
|
|t:|1769323162
|move|p2a: Excadrill|Rapid Spin|p1a: Ogerpon
|-damage|p1a: Ogerpon|0 fnt
|-boost|p2a: Excadrill|spe|1
|-sideend|p2: CambridgeFoulPlay|Stealth Rock|[from] move: Rapid Spin|[of] p2a: Excadrill
|faint|p1a: Ogerpon
|
|-weather|Sandstorm|[upkeep]
|upkeep
|
|t:|1769323165
|switch|p1a: Great Tusk|Great Tusk|57/100
|turn|33
|
|t:|1769323168
|move|p2a: Excadrill|Iron Head|p1a: Great Tusk
|-damage|p1a: Great Tusk|29/100
|move|p1a: Great Tusk|Headlong Rush|p2a: Excadrill
|-supereffective|p2a: Excadrill
|-damage|p2a: Excadrill|0 fnt
|-unboost|p1a: Great Tusk|def|1
|-unboost|p1a: Great Tusk|spd|1
|faint|p2a: Excadrill
|
|-weather|Sandstorm|[upkeep]
|upkeep
|
|t:|1769323171
|switch|p2a: Hydrapple|Hydrapple, M|86/100
|turn|34
|
|t:|1769323177
|switch|p2a: Slowking|Slowking-Galar, F|73/100 par
|move|p1a: Great Tusk|Stealth Rock|p2a: Slowking
|-sidestart|p2: CambridgeFoulPlay|move: Stealth Rock
|
|-weather|Sandstorm|[upkeep]
|-damage|p2a: Slowking|67/100 par|[from] Sandstorm
|upkeep
|turn|35
|
|t:|1769323181
|switch|p2a: Hydrapple|Hydrapple, M|100/100
|move|p1a: Great Tusk|Knock Off|p2a: Hydrapple
|-damage|p2a: Hydrapple|82/100
|-enditem|p2a: Hydrapple|Heavy-Duty Boots|[from] move: Knock Off|[of] p1a: Great Tusk
|
|-weather|Sandstorm|[upkeep]
|-damage|p2a: Hydrapple|76/100|[from] Sandstorm
|upkeep
|turn|36
|
|t:|1769323184
|move|p1a: Great Tusk|Headlong Rush|p2a: Hydrapple
|-resisted|p2a: Hydrapple
|-damage|p2a: Hydrapple|58/100
|-unboost|p1a: Great Tusk|def|1
|-unboost|p1a: Great Tusk|spd|1
|move|p2a: Hydrapple|Nasty Plot|p2a: Hydrapple
|-boost|p2a: Hydrapple|spa|2
|
|-weather|Sandstorm|[upkeep]
|-damage|p2a: Hydrapple|52/100|[from] Sandstorm
|upkeep
|turn|37
|
|t:|1769323187
|move|p1a: Great Tusk|Headlong Rush|p2a: Hydrapple
|-resisted|p2a: Hydrapple
|-damage|p2a: Hydrapple|35/100
|-unboost|p1a: Great Tusk|def|1
|-unboost|p1a: Great Tusk|spd|1
|move|p2a: Hydrapple|Giga Drain|p1a: Great Tusk
|-supereffective|p1a: Great Tusk
|-damage|p1a: Great Tusk|0 fnt
|-heal|p2a: Hydrapple|50/100|[from] drain|[of] p1a: Great Tusk
|faint|p1a: Great Tusk
|-end|p1a: Great Tusk|Protosynthesis|[silent]
|
|-weather|Sandstorm|[upkeep]
|-damage|p2a: Hydrapple|43/100|[from] Sandstorm
|upkeep
|
|t:|1769323190
|switch|p1a: Primarina|Primarina, M|100/100
|turn|38
|
|t:|1769323192
|move|p1a: Primarina|Substitute|p1a: Primarina
|-start|p1a: Primarina|Substitute
|-damage|p1a: Primarina|75/100
|move|p2a: Hydrapple|Earth Power|p1a: Primarina
|-end|p1a: Primarina|Substitute
|
|-weather|none
|-heal|p1a: Primarina|82/100|[from] item: Leftovers
|upkeep
|turn|39
|
|t:|1769323195
|move|p1a: Primarina|Draining Kiss|p2a: Hydrapple
|-supereffective|p2a: Hydrapple
|-damage|p2a: Hydrapple|0 fnt
|-heal|p1a: Primarina|100/100|[from] drain|[of] p2a: Hydrapple
|faint|p2a: Hydrapple
|
|upkeep
|
|t:|1769323198
|switch|p2a: Slowking|Slowking-Galar, F|99/100 par
|-damage|p2a: Slowking|88/100 par|[from] Stealth Rock
|turn|40
|
|t:|1769323200
|move|p1a: Primarina|Calm Mind|p1a: Primarina
|-boost|p1a: Primarina|spa|1
|-boost|p1a: Primarina|spd|1
|move|p2a: Slowking|Sludge Bomb|p1a: Primarina
|-supereffective|p1a: Primarina
|-damage|p1a: Primarina|59/100
|-status|p1a: Primarina|psn
|
|-heal|p1a: Primarina|65/100 psn|[from] item: Leftovers
|-damage|p1a: Primarina|53/100 psn|[from] psn
|upkeep
|turn|41
|
|t:|1769323202
|move|p1a: Primarina|Calm Mind|p1a: Primarina
|-boost|p1a: Primarina|spa|1
|-boost|p1a: Primarina|spd|1
|move|p2a: Slowking|Sludge Bomb|p1a: Primarina
|-supereffective|p1a: Primarina
|-crit|p1a: Primarina
|-damage|p1a: Primarina|0 fnt
|faint|p1a: Primarina
|
|win|CambridgeFoulPlay
|raw|danelectro's rating: 1507 &rarr; <strong>1495</strong><br />(-12 for losing)
|raw|CambridgeFoulPlay's rating: 1664 &rarr; <strong>1676</strong><br />(+12 for winning)
|c|☆CambridgeFoulPlay|gg
|l|☆CambridgeFoulPlay
|player|p2|
|l|☆danelectro
|player|p1|
|l| 16yxy
|j| 16yxy
|l| 16yxy
