|j|‽LT_Alt1
|j|☆elite4donovan
|t:|1769312350
|gametype|singles
|player|p1|LT_Alt1|101|1710
|player|p2|elite4donovan|169|1663
|gen|9
|tier|[Gen 9] OU
|rated|
|rule|HP Percentage Mod: HP is shown in percentages
|rule|Endless Battle Clause: Forcing endless battles is banned
|rule|Species Clause: Limit one of each Pokémon
|rule|OHKO Clause: OHKO moves are banned
|rule|Evasion Items Clause: Evasion items are banned
|rule|Evasion Moves Clause: Evasion moves are banned
|rule|Evasion Abilities Clause: Evasion abilities are banned
|rule|Sleep Moves Clause: Sleep-inducing moves are banned
|clearpoke
|poke|p1|Darkrai|
|poke|p1|Slowking-Galar, F|
|poke|p1|Gholdengo|
|poke|p1|Iron Treads|
|poke|p1|Raging Bolt|
|poke|p1|Gliscor, M|
|poke|p2|Iron Thorns|
|poke|p2|Hatterene, F|
|poke|p2|Glimmora, M|
|poke|p2|Dragonite, M|
|poke|p2|Charizard, F|
|poke|p2|Ogerpon, F|
|teampreview
|
|t:|1769312363
|teamsize|p1|6
|teamsize|p2|6
|start
|switch|p1a: Darkrai|Darkrai|100/100
|switch|p2a: Charizard|Charizard, F|100/100
|turn|1
|
|t:|1769312379
|move|p1a: Darkrai|Nasty Plot|p1a: Darkrai
|-boost|p1a: Darkrai|spa|2
|move|p2a: Charizard|Flamethrower|p1a: Darkrai
|-damage|p1a: Darkrai|29/100
|-damage|p2a: Charizard|91/100|[from] item: Life Orb
|
|-heal|p1a: Darkrai|34/100|[from] item: Leftovers
|upkeep
|turn|2
|
|t:|1769312393
|switch|p2a: Dragonite|Dragonite, M|100/100
|move|p1a: Darkrai|Dark Pulse|p2a: Dragonite
|-damage|p2a: Dragonite|60/100
|
|-heal|p1a: Darkrai|40/100|[from] item: Leftovers
|upkeep
|turn|3
|
|t:|1769312411
|-terastallize|p1a: Darkrai|Ghost
|move|p2a: Dragonite|Extreme Speed|p1a: Darkrai
|-immune|p1a: Darkrai
|move|p1a: Darkrai|Ice Beam|p2a: Dragonite
|-supereffective|p2a: Dragonite
|-damage|p2a: Dragonite|0 fnt
|faint|p2a: Dragonite
|
|-heal|p1a: Darkrai|46/100|[from] item: Leftovers
|upkeep
|
|t:|1769312417
|switch|p2a: Glimmora|Glimmora, M|100/100
|turn|4
|
|t:|1769312422
|move|p1a: Darkrai|Dark Pulse|p2a: Glimmora
|-enditem|p2a: Glimmora|Focus Sash
|-damage|p2a: Glimmora|1/100
|move|p2a: Glimmora|Power Gem|p1a: Darkrai
|-damage|p1a: Darkrai|0 fnt
|faint|p1a: Darkrai
|
|upkeep
|
|t:|1769312429
|switch|p1a: Iron Treads|Iron Treads|100/100
|turn|5
|
|t:|1769312444
|switch|p2a: Charizard|Charizard, F|91/100
|move|p1a: Iron Treads|Rapid Spin|p2a: Charizard
|-damage|p2a: Charizard|70/100
|-boost|p1a: Iron Treads|spe|1
|
|upkeep
|turn|6
|
|t:|1769312449
|switch|p2a: Hatterene|Hatterene, F|100/100
|move|p1a: Iron Treads|Rock Tomb|p2a: Hatterene
|-damage|p2a: Hatterene|88/100
|-unboost|p2a: Hatterene|spe|1
|
|-heal|p2a: Hatterene|94/100|[from] item: Leftovers
|upkeep
|turn|7
|
|t:|1769312471
|switch|p2a: Charizard|Charizard, F|70/100
|move|p1a: Iron Treads|Earthquake|p2a: Charizard
|-immune|p2a: Charizard
|
|upkeep
|turn|8
|
|t:|1769312478
|switch|p2a: Glimmora|Glimmora, M|1/100
|move|p1a: Iron Treads|Rock Tomb|p2a: Glimmora
|-damage|p2a: Glimmora|0 fnt
|-activate|p2a: Glimmora|ability: Toxic Debris
|-sidestart|p1: LT_Alt1|move: Toxic Spikes
|faint|p2a: Glimmora
|
|upkeep
|
|t:|1769312487
|switch|p2a: Ogerpon|Ogerpon, F|100/100
|turn|9
|
|t:|1769312492
|-terastallize|p2a: Ogerpon|Grass
|detailschange|p2a: Ogerpon|Ogerpon-Teal-Tera, F, tera:Grass
|-ability|p2a: Ogerpon|Embody Aspect (Teal)|boost
|-boost|p2a: Ogerpon|spe|1
|move|p2a: Ogerpon|Ivy Cudgel|p1a: Iron Treads
|-damage|p1a: Iron Treads|27/100
|move|p1a: Iron Treads|Ice Spinner|p2a: Ogerpon
|-supereffective|p2a: Ogerpon
|-damage|p2a: Ogerpon|48/100
|
|upkeep
|turn|10
|
|t:|1769312500
|-end|p1a: Iron Treads|Quark Drive|[silent]
|switch|p1a: Slowking|Slowking-Galar, F|100/100
|-sideend|p1: LT_Alt1|move: Toxic Spikes|[of] p1a: Slowking
|move|p2a: Ogerpon|Ivy Cudgel|p1a: Slowking
|-resisted|p1a: Slowking
|-damage|p1a: Slowking|54/100
|
|-heal|p1a: Slowking|60/100|[from] item: Leftovers
|upkeep
|turn|11
|
|t:|1769312509
|switch|p2a: Charizard|Charizard, F|70/100
|-prepare|p1a: Slowking|Chilly Reception|[premajor]
|move|p1a: Slowking|Chilly Reception|p1a: Slowking
|-weather|Snowscape
|
|t:|1769312513
|switch|p1a: Iron Treads|Iron Treads|27/100|[from] Chilly Reception
|
|-weather|Snowscape|[upkeep]
|upkeep
|turn|12
|
|t:|1769312518
|switch|p2a: Ogerpon|Ogerpon-Teal-Tera, F, tera:Grass|48/100
|-ability|p2a: Ogerpon|Embody Aspect (Teal)|boost
|-boost|p2a: Ogerpon|spe|1
|move|p1a: Iron Treads|Rock Tomb|p2a: Ogerpon
|-damage|p2a: Ogerpon|29/100
|-unboost|p2a: Ogerpon|spe|1
|
|-weather|Snowscape|[upkeep]
|upkeep
|turn|13
|
|t:|1769312532
|-end|p1a: Iron Treads|Quark Drive|[silent]
|switch|p1a: Gliscor|Gliscor, M|100/100
|move|p2a: Ogerpon|Knock Off|p1a: Gliscor
|-damage|p1a: Gliscor|63/100
|-enditem|p1a: Gliscor|Toxic Orb|[from] move: Knock Off|[of] p2a: Ogerpon
|
|-weather|Snowscape|[upkeep]
|upkeep
|turn|14
|
|t:|1769312538
|switch|p2a: Hatterene|Hatterene, F|94/100
|move|p1a: Gliscor|Knock Off|p2a: Hatterene
|-damage|p2a: Hatterene|76/100
|-enditem|p2a: Hatterene|Leftovers|[from] move: Knock Off|[of] p1a: Gliscor
|
|-weather|Snowscape|[upkeep]
|upkeep
|turn|15
|
|t:|1769312550
|switch|p1a: Slowking|Slowking-Galar, F|93/100
|move|p2a: Hatterene|Draining Kiss|p1a: Slowking
|-resisted|p1a: Slowking
|-damage|p1a: Slowking|87/100
|-heal|p2a: Hatterene|83/100|[from] drain|[of] p1a: Slowking
|
|-weather|none
|-heal|p1a: Slowking|93/100|[from] item: Leftovers
|upkeep
|turn|16
|
|t:|1769312554
|move|p2a: Hatterene|Calm Mind|p2a: Hatterene
|-boost|p2a: Hatterene|spa|1
|-boost|p2a: Hatterene|spd|1
|move|p1a: Slowking|Future Sight|p2a: Hatterene
|-start|p1a: Slowking|move: Future Sight
|
|-heal|p1a: Slowking|99/100|[from] item: Leftovers
|upkeep
|turn|17
|
|t:|1769312556
|move|p2a: Hatterene|Calm Mind|p2a: Hatterene
|-boost|p2a: Hatterene|spa|1
|-boost|p2a: Hatterene|spd|1
|-prepare|p1a: Slowking|Chilly Reception|[premajor]
|move|p1a: Slowking|Chilly Reception|p1a: Slowking
|-weather|Snowscape
|
|t:|1769312561
|switch|p1a: Gholdengo|Gholdengo|100/100|[from] Chilly Reception
|
|-weather|Snowscape|[upkeep]
|upkeep
|turn|18
|
|t:|1769312564
|move|p1a: Gholdengo|Trick|p2a: Hatterene
|-activate|p1a: Gholdengo|move: Trick|[of] p2a: Hatterene
|-item|p2a: Hatterene|Choice Scarf|[from] move: Trick
|-enditem|p1a: Gholdengo|Choice Scarf|[silent]|[from] move: Trick
|move|p2a: Hatterene|Mystical Fire|p1a: Gholdengo
|-supereffective|p1a: Gholdengo
|-damage|p1a: Gholdengo|0 fnt
|faint|p1a: Gholdengo
|
|-weather|Snowscape|[upkeep]
|-end|p2a: Hatterene|move: Future Sight
|-resisted|p2a: Hatterene
|-damage|p2a: Hatterene|70/100
|upkeep
|
|t:|1769312576
|switch|p1a: Slowking|Slowking-Galar, F|100/100
|turn|19
|
|t:|1769312579
|move|p2a: Hatterene|Mystical Fire|p1a: Slowking
|-damage|p1a: Slowking|74/100
|-unboost|p1a: Slowking|spa|1
|move|p1a: Slowking|Future Sight|p2a: Hatterene
|-start|p1a: Slowking|move: Future Sight
|
|-weather|Snowscape|[upkeep]
|-heal|p1a: Slowking|80/100|[from] item: Leftovers
|upkeep
|turn|20
|
|t:|1769312582
|move|p2a: Hatterene|Mystical Fire|p1a: Slowking
|-damage|p1a: Slowking|53/100
|-unboost|p1a: Slowking|spa|1
|move|p1a: Slowking|Ice Beam|p2a: Hatterene
|-damage|p2a: Hatterene|65/100
|-status|p2a: Hatterene|frz
|
|-weather|Snowscape|[upkeep]
|-heal|p1a: Slowking|59/100|[from] item: Leftovers
|upkeep
|turn|21
|
|t:|1769312586
|cant|p2a: Hatterene|frz
|move|p1a: Slowking|Ice Beam|p2a: Hatterene
|-damage|p2a: Hatterene|59/100 frz
|
|-weather|none
|-end|p2a: Hatterene|move: Future Sight
|-resisted|p2a: Hatterene
|-damage|p2a: Hatterene|53/100 frz
|-heal|p1a: Slowking|65/100|[from] item: Leftovers
|upkeep
|turn|22
|
|t:|1769312590
|-curestatus|p2a: Hatterene|frz|[msg]
|move|p2a: Hatterene|Mystical Fire|p1a: Slowking
|-crit|p1a: Slowking
|-damage|p1a: Slowking|24/100
|-unboost|p1a: Slowking|spa|1
|move|p1a: Slowking|Future Sight|p2a: Hatterene
|-start|p1a: Slowking|move: Future Sight
|
|-heal|p1a: Slowking|30/100|[from] item: Leftovers
|upkeep
|turn|23
|
|t:|1769312600
|switch|p1a: Gliscor|Gliscor, M|63/100
|move|p2a: Hatterene|Mystical Fire|p1a: Gliscor
|-damage|p1a: Gliscor|22/100
|-unboost|p1a: Gliscor|spa|1
|
|upkeep
|turn|24
|
|t:|1769312605
|switch|p1a: Slowking|Slowking-Galar, F|64/100
|move|p2a: Hatterene|Mystical Fire|p1a: Slowking
|-damage|p1a: Slowking|37/100
|-unboost|p1a: Slowking|spa|1
|
|-end|p2a: Hatterene|move: Future Sight
|-resisted|p2a: Hatterene
|-damage|p2a: Hatterene|46/100
|-heal|p1a: Slowking|43/100|[from] item: Leftovers
|upkeep
|turn|25
|
|t:|1769312611
|move|p2a: Hatterene|Mystical Fire|p1a: Slowking
|-damage|p1a: Slowking|15/100
|-unboost|p1a: Slowking|spa|1
|move|p1a: Slowking|Future Sight|p2a: Hatterene
|-start|p1a: Slowking|move: Future Sight
|
|-heal|p1a: Slowking|21/100|[from] item: Leftovers
|upkeep
|turn|26
|
|t:|1769312622
|switch|p1a: Gliscor|Gliscor, M|22/100
|move|p2a: Hatterene|Mystical Fire|p1a: Gliscor
|-damage|p1a: Gliscor|0 fnt
|faint|p1a: Gliscor
|
|upkeep
|
|t:|1769312626
|switch|p1a: Raging Bolt|Raging Bolt|100/100
|turn|27
|
|t:|1769312630
|move|p1a: Raging Bolt|Calm Mind|p1a: Raging Bolt
|-boost|p1a: Raging Bolt|spa|1
|-boost|p1a: Raging Bolt|spd|1
|move|p2a: Hatterene|Mystical Fire|p1a: Raging Bolt
|-resisted|p1a: Raging Bolt
|-damage|p1a: Raging Bolt|88/100
|-unboost|p1a: Raging Bolt|spa|1
|
|-end|p2a: Hatterene|move: Future Sight
|-resisted|p2a: Hatterene
|-damage|p2a: Hatterene|34/100
|-heal|p1a: Raging Bolt|94/100|[from] item: Leftovers
|upkeep
|turn|28
|
|t:|1769312637
|move|p1a: Raging Bolt|Calm Mind|p1a: Raging Bolt
|-boost|p1a: Raging Bolt|spa|1
|-boost|p1a: Raging Bolt|spd|1
|move|p2a: Hatterene|Mystical Fire|p1a: Raging Bolt
|-resisted|p1a: Raging Bolt
|-crit|p1a: Raging Bolt
|-damage|p1a: Raging Bolt|66/100
|-unboost|p1a: Raging Bolt|spa|1
|
|-heal|p1a: Raging Bolt|72/100|[from] item: Leftovers
|upkeep
|turn|29
|
|t:|1769312648
|move|p1a: Raging Bolt|Calm Mind|p1a: Raging Bolt
|-boost|p1a: Raging Bolt|spa|1
|-boost|p1a: Raging Bolt|spd|1
|move|p2a: Hatterene|Mystical Fire|p1a: Raging Bolt
|-resisted|p1a: Raging Bolt
|-damage|p1a: Raging Bolt|64/100
|-unboost|p1a: Raging Bolt|spa|1
|
|-heal|p1a: Raging Bolt|70/100|[from] item: Leftovers
|upkeep
|turn|30
|
|t:|1769312653
|move|p1a: Raging Bolt|Calm Mind|p1a: Raging Bolt
|-boost|p1a: Raging Bolt|spa|1
|-boost|p1a: Raging Bolt|spd|1
|move|p2a: Hatterene|Mystical Fire|p1a: Raging Bolt
|-resisted|p1a: Raging Bolt
|-damage|p1a: Raging Bolt|63/100
|-unboost|p1a: Raging Bolt|spa|1
|
|-heal|p1a: Raging Bolt|70/100|[from] item: Leftovers
|upkeep
|turn|31
|
|t:|1769312657
|move|p1a: Raging Bolt|Calm Mind|p1a: Raging Bolt
|-boost|p1a: Raging Bolt|spa|1
|-boost|p1a: Raging Bolt|spd|1
|move|p2a: Hatterene|Mystical Fire|p1a: Raging Bolt
|-resisted|p1a: Raging Bolt
|-damage|p1a: Raging Bolt|64/100
|-unboost|p1a: Raging Bolt|spa|1
|
|-heal|p1a: Raging Bolt|70/100|[from] item: Leftovers
|upkeep
|turn|32
|
|t:|1769312660
|move|p1a: Raging Bolt|Calm Mind|p1a: Raging Bolt
|-boost|p1a: Raging Bolt|spa|1
|-boost|p1a: Raging Bolt|spd|1
|move|p2a: Hatterene|Mystical Fire|p1a: Raging Bolt
|-resisted|p1a: Raging Bolt
|-damage|p1a: Raging Bolt|65/100
|-unboost|p1a: Raging Bolt|spa|1
|
|-heal|p1a: Raging Bolt|71/100|[from] item: Leftovers
|upkeep
|turn|33
|
|t:|1769312666
|switch|p2a: Iron Thorns|Iron Thorns|100/100
|-enditem|p2a: Iron Thorns|Booster Energy
|-activate|p2a: Iron Thorns|ability: Quark Drive|[fromitem]
|-start|p2a: Iron Thorns|quarkdriveatk
|move|p1a: Raging Bolt|Calm Mind|p1a: Raging Bolt
|-boost|p1a: Raging Bolt|spa|1
|-boost|p1a: Raging Bolt|spd|0
|
|-heal|p1a: Raging Bolt|78/100|[from] item: Leftovers
|upkeep
|turn|34
|
|t:|1769312674
|move|p2a: Iron Thorns|Ice Punch|p1a: Raging Bolt
|-supereffective|p1a: Raging Bolt
|-damage|p1a: Raging Bolt|22/100
|move|p1a: Raging Bolt|Draco Meteor|p2a: Iron Thorns
|-damage|p2a: Iron Thorns|0 fnt
|-unboost|p1a: Raging Bolt|spa|2
|faint|p2a: Iron Thorns
|-end|p2a: Iron Thorns|Quark Drive|[silent]
|
|-heal|p1a: Raging Bolt|28/100|[from] item: Leftovers
|upkeep
|
|t:|1769312682
|switch|p2a: Ogerpon|Ogerpon-Teal-Tera, F, tera:Grass|29/100
|-ability|p2a: Ogerpon|Embody Aspect (Teal)|boost
|-boost|p2a: Ogerpon|spe|1
|turn|35
|
|t:|1769312693
|-end|p1a: Raging Bolt|Protosynthesis|[silent]
|switch|p1a: Slowking|Slowking-Galar, F|55/100
|move|p2a: Ogerpon|Knock Off|p1a: Slowking
|-supereffective|p1a: Slowking
|-damage|p1a: Slowking|0 fnt
|-enditem|p1a: Slowking|Leftovers|[from] move: Knock Off|[of] p2a: Ogerpon
|faint|p1a: Slowking
|
|upkeep
|
|t:|1769312706
|switch|p1a: Raging Bolt|Raging Bolt|28/100
|turn|36
|
|t:|1769312709
|move|p1a: Raging Bolt|Thunderclap|p2a: Ogerpon
|-resisted|p2a: Ogerpon
|-damage|p2a: Ogerpon|7/100
|move|p2a: Ogerpon|Knock Off|p1a: Raging Bolt
|-damage|p1a: Raging Bolt|0 fnt
|-enditem|p1a: Raging Bolt|Leftovers|[from] move: Knock Off|[of] p2a: Ogerpon
|faint|p1a: Raging Bolt
|-end|p1a: Raging Bolt|Protosynthesis|[silent]
|
|upkeep
|
|t:|1769312712
|switch|p1a: Iron Treads|Iron Treads|27/100
|turn|37
|
|t:|1769312714
|move|p2a: Ogerpon|Knock Off|p1a: Iron Treads
|-damage|p1a: Iron Treads|0 fnt
|-enditem|p1a: Iron Treads|Heavy-Duty Boots|[from] move: Knock Off|[of] p2a: Ogerpon
|faint|p1a: Iron Treads
|-end|p1a: Iron Treads|Quark Drive|[silent]
|
|win|elite4donovan
|raw|LT_Alt1's rating: 1710 &rarr; <strong>1687</strong><br />(-23 for losing)
|raw|elite4donovan's rating: 1663 &rarr; <strong>1686</strong><br />(+23 for winning)
|l|‽LT_Alt1
|player|p1|
|l|☆elite4donovan
|player|p2|
