|j|☆chopinthe3rd
|j|☆TheTopRattatta
|t:|1769381787
|gametype|singles
|player|p1|chopinthe3rd|marshal|1126
|player|p2|TheTopRattatta|janitor|1211
|gen|9
|tier|[Gen 9] OU
|rated|
|rule|HP Percentage Mod: HP is shown in percentages
|rule|Endless Battle Clause: Forcing endless battles is banned
|rule|Species Clause: Limit one of each Pokémon
|rule|OHKO Clause: OHKO moves are banned
|rule|Evasion Items Clause: Evasion items are banned
|rule|Evasion Moves Clause: Evasion moves are banned
|rule|Evasion Abilities Clause: Evasion abilities are banned
|rule|Sleep Moves Clause: Sleep-inducing moves are banned
|clearpoke
|poke|p1|Falinks|
|poke|p1|Crawdaunt, F|
|poke|p1|Arcanine, F|
|poke|p1|Sceptile, M|
|poke|p1|Swampert, F|
|poke|p1|Staraptor, M|
|poke|p2|Pecharunt|
|poke|p2|Kingambit, F|
|poke|p2|Volcanion|
|poke|p2|Iron Valiant|
|poke|p2|Landorus-Therian, M|
|poke|p2|Deoxys-Speed|
|teampreview
|inactive|Battle timer is ON: inactive players will automatically lose when time's up. (requested by TheTopRattatta)
|
|t:|1769381814
|teamsize|p1|6
|teamsize|p2|6
|start
|switch|p1a: Swampert|Swampert, F|100/100
|switch|p2a: Deoxys|Deoxys-Speed|100/100
|-ability|p2a: Deoxys|Pressure
|turn|1
|
|t:|1769381823
|move|p2a: Deoxys|Spikes|p1a: Swampert
|-sidestart|p1: chopinthe3rd|Spikes
|move|p1a: Swampert|Earthquake|p2a: Deoxys
|-damage|p2a: Deoxys|21/100
|
|upkeep
|turn|2
|
|t:|1769381830
|switch|p2a: Landorus|Landorus-Therian, M|100/100
|-ability|p2a: Landorus|Intimidate|boost
|-unboost|p1a: Swampert|atk|1
|move|p1a: Swampert|Ice Punch|p2a: Landorus
|-supereffective|p2a: Landorus
|-damage|p2a: Landorus|35/100
|-damage|p1a: Swampert|84/100|[from] item: Rocky Helmet|[of] p2a: Landorus
|
|upkeep
|turn|3
|
|t:|1769381840
|move|p2a: Landorus|U-turn|p1a: Swampert
|-damage|p1a: Swampert|64/100
|
|t:|1769381844
|switch|p2a: Deoxys|Deoxys-Speed|21/100|[from] U-turn
|-ability|p2a: Deoxys|Pressure
|move|p1a: Swampert|Ice Punch|p2a: Deoxys
|-damage|p2a: Deoxys|0 fnt
|faint|p2a: Deoxys
|
|upkeep
|
|t:|1769381856
|switch|p2a: Volcanion|Volcanion|100/100
|turn|4
|
|t:|1769381866
|switch|p1a: Sceptile|Sceptile, M|100/100
|-damage|p1a: Sceptile|88/100|[from] Spikes
|move|p2a: Volcanion|Steam Eruption|p1a: Sceptile|[miss]
|-miss|p2a: Volcanion|p1a: Sceptile
|
|upkeep
|turn|5
|
|t:|1769381875
|move|p1a: Sceptile|Leaf Blade|p2a: Volcanion
|-damage|p2a: Volcanion|70/100
|move|p2a: Volcanion|Flamethrower|p1a: Sceptile
|-supereffective|p1a: Sceptile
|-damage|p1a: Sceptile|0 fnt
|faint|p1a: Sceptile
|
|-heal|p2a: Volcanion|77/100|[from] item: Leftovers
|upkeep
|
|t:|1769381885
|switch|p1a: Staraptor|Staraptor, M|100/100
|turn|6
|
|t:|1769381889
|move|p1a: Staraptor|Brave Bird|p2a: Volcanion
|-damage|p2a: Volcanion|10/100
|-damage|p1a: Staraptor|75/100|[from] Recoil
|move|p2a: Volcanion|Steam Eruption|p1a: Staraptor
|-damage|p1a: Staraptor|0 fnt
|faint|p1a: Staraptor
|
|-heal|p2a: Volcanion|16/100|[from] item: Leftovers
|upkeep
|
|t:|1769381900
|switch|p1a: Arcanine|Arcanine, F|100/100
|-damage|p1a: Arcanine|88/100|[from] Spikes
|-ability|p1a: Arcanine|Intimidate|boost
|-unboost|p2a: Volcanion|atk|1
|turn|7
|
|t:|1769381906
|move|p1a: Arcanine|Extreme Speed|p2a: Volcanion
|-damage|p2a: Volcanion|0 fnt
|faint|p2a: Volcanion
|
|upkeep
|
|t:|1769381917
|switch|p2a: Pecharunt|Pecharunt|100/100
|turn|8
|
|t:|1769381926
|switch|p1a: Crawdaunt|Crawdaunt, F|100/100
|-damage|p1a: Crawdaunt|88/100|[from] Spikes
|move|p2a: Pecharunt|Nasty Plot|p2a: Pecharunt
|-boost|p2a: Pecharunt|spa|2
|
|upkeep
|turn|9
|
|t:|1769381934
|-terastallize|p2a: Pecharunt|Fairy
|move|p2a: Pecharunt|Malignant Chain|p1a: Crawdaunt
|-damage|p1a: Crawdaunt|0 fnt
|faint|p1a: Crawdaunt
|
|upkeep
|
|t:|1769381941
|switch|p1a: Arcanine|Arcanine, F|88/100
|-damage|p1a: Arcanine|76/100|[from] Spikes
|-ability|p1a: Arcanine|Intimidate|boost
|-unboost|p2a: Pecharunt|atk|1
|turn|10
|
|t:|1769381947
|move|p1a: Arcanine|Flare Blitz|p2a: Pecharunt
|-damage|p2a: Pecharunt|55/100
|-damage|p1a: Arcanine|60/100|[from] Recoil
|move|p2a: Pecharunt|Malignant Chain|p1a: Arcanine
|-damage|p1a: Arcanine|0 fnt
|faint|p1a: Arcanine
|
|upkeep
|
|t:|1769381957
|switch|p1a: Swampert|Swampert, F|64/100
|-damage|p1a: Swampert|51/100|[from] Spikes
|turn|11
|
|t:|1769381963
|-terastallize|p1a: Swampert|Water
|move|p2a: Pecharunt|Shadow Ball|p1a: Swampert
|-damage|p1a: Swampert|0 fnt
|faint|p1a: Swampert
|
|upkeep
|
|t:|1769381970
|switch|p1a: Falinks|Falinks|100/100
|-damage|p1a: Falinks|88/100|[from] Spikes
|turn|12
|c|☆chopinthe3rd|Gg
|
|t:|1769381979
|move|p2a: Pecharunt|Malignant Chain|p1a: Falinks
|-damage|p1a: Falinks|0 fnt
|faint|p1a: Falinks
|
|win|TheTopRattatta
|raw|chopinthe3rd's rating: 1126 &rarr; <strong>1107</strong><br />(-19 for losing)
|raw|TheTopRattatta's rating: 1211 &rarr; <strong>1230</strong><br />(+19 for winning)
|c|☆TheTopRattatta|gg
|l|☆TheTopRattatta
|player|p2|
|l|☆chopinthe3rd
|player|p1|
|j|☆chopinthe3rd
|player|p1|chopinthe3rd|marshal|
|l|☆chopinthe3rd
|player|p1|
