|j|☆marvelous.n
|j|☆besudo69
|t:|1769297433
|gametype|singles
|player|p1|marvelous.n|hugh|1347
|player|p2|besudo69|dancer|1331
|gen|9
|tier|[Gen 9] OU
|rated|
|rule|HP Percentage Mod: HP is shown in percentages
|rule|Endless Battle Clause: Forcing endless battles is banned
|rule|Species Clause: Limit one of each Pokémon
|rule|OHKO Clause: OHKO moves are banned
|rule|Evasion Items Clause: Evasion items are banned
|rule|Evasion Moves Clause: Evasion moves are banned
|rule|Evasion Abilities Clause: Evasion abilities are banned
|rule|Sleep Moves Clause: Sleep-inducing moves are banned
|clearpoke
|poke|p1|Toucannon, M|
|poke|p1|Iron Treads|
|poke|p1|Abomasnow, F|
|poke|p1|Hatterene, F|
|poke|p1|Raging Bolt|
|poke|p1|Ceruledge, M|
|poke|p2|Chesnaught, M|
|poke|p2|Clodsire, F|
|poke|p2|Diancie|
|poke|p2|Gholdengo|
|poke|p2|Deoxys-Speed|
|poke|p2|Dragonite, M|
|teampreview
|inactive|Battle timer is ON: inactive players will automatically lose when time's up. (requested by besudo69)
|
|t:|1769297455
|teamsize|p1|6
|teamsize|p2|6
|start
|switch|p1a: Abomasnow|Abomasnow, F, shiny|100/100
|switch|p2a: Gholdengo|Gholdengo, shiny|100/100
|-weather|Snowscape|[from] ability: Snow Warning|[of] p1a: Abomasnow
|turn|1
|
|t:|1769297466
|switch|p1a: Iron Treads|Iron Treads, shiny|100/100
|-enditem|p1a: Iron Treads|Booster Energy
|-activate|p1a: Iron Treads|ability: Quark Drive|[fromitem]
|-start|p1a: Iron Treads|quarkdrivespe
|move|p2a: Gholdengo|Make It Rain|p1a: Iron Treads
|-resisted|p1a: Iron Treads
|-damage|p1a: Iron Treads|53/100
|-unboost|p2a: Gholdengo|spa|1
|
|-weather|Snowscape|[upkeep]
|upkeep
|turn|2
|
|t:|1769297477
|switch|p2a: Him|Chesnaught, M|100/100
|move|p1a: Iron Treads|Stealth Rock|p2a: Him
|-sidestart|p2: besudo69|move: Stealth Rock
|
|-weather|Snowscape|[upkeep]
|upkeep
|turn|3
|
|t:|1769297485
|-end|p1a: Iron Treads|Quark Drive|[silent]
|switch|p1a: Toucannon|Toucannon, M, shiny|100/100
|move|p2a: Him|Body Press|p1a: Toucannon
|-damage|p1a: Toucannon|46/100
|
|-weather|Snowscape|[upkeep]
|upkeep
|turn|4
|
|t:|1769297495
|switch|p2a: Them|Diancie, shiny|100/100
|-damage|p2a: Them|88/100|[from] Stealth Rock
|-singleturn|p1a: Toucannon|move: Beak Blast
|move|p1a: Toucannon|Beak Blast|p2a: Them
|-resisted|p2a: Them
|-damage|p2a: Them|65/100
|
|-weather|Snowscape|[upkeep]
|-heal|p2a: Them|72/100|[from] item: Leftovers
|upkeep
|turn|5
|
|t:|1769297498
|move|p1a: Toucannon|Bullet Seed|p2a: Them
|-supereffective|p2a: Them
|-damage|p2a: Them|58/100
|-supereffective|p2a: Them
|-damage|p2a: Them|43/100
|-supereffective|p2a: Them
|-damage|p2a: Them|29/100
|-supereffective|p2a: Them
|-damage|p2a: Them|15/100
|-supereffective|p2a: Them
|-damage|p2a: Them|0 fnt
|faint|p2a: Them
|-hitcount|p2: Them|5
|
|-weather|none
|upkeep
|
|t:|1769297506
|switch|p2a: Dragonite|Dragonite, M|100/100
|turn|6
|
|t:|1769297510
|-singleturn|p1a: Toucannon|move: Beak Blast
|move|p2a: Dragonite|Thunder Punch|p1a: Toucannon
|-supereffective|p1a: Toucannon
|-damage|p1a: Toucannon|0 fnt
|-status|p2a: Dragonite|brn
|faint|p1a: Toucannon
|
|-damage|p2a: Dragonite|94/100 brn|[from] brn
|upkeep
|
|t:|1769297516
|switch|p1a: Abomasnow|Abomasnow, F, shiny|100/100
|-weather|Snowscape|[from] ability: Snow Warning|[of] p1a: Abomasnow
|turn|7
|
|t:|1769297521
|switch|p2a: Gholdengo|Gholdengo, shiny|100/100
|-damage|p2a: Gholdengo|94/100|[from] Stealth Rock
|move|p1a: Abomasnow|Aurora Veil|p1a: Abomasnow
|-sidestart|p1: marvelous.n|move: Aurora Veil
|
|-weather|Snowscape|[upkeep]
|upkeep
|turn|8
|
|t:|1769297524
|switch|p1a: Iron Treads|Iron Treads, shiny|53/100
|move|p2a: Gholdengo|Shadow Ball|p1a: Iron Treads
|-crit|p1a: Iron Treads
|-damage|p1a: Iron Treads|0 fnt
|faint|p1a: Iron Treads
|-end|p1a: Iron Treads|Quark Drive|[silent]
|
|-weather|Snowscape|[upkeep]
|upkeep
|
|t:|1769297534
|switch|p1a: Ceruledge|Ceruledge, M, shiny|100/100
|turn|9
|
|t:|1769297546
|-terastallize|p2a: Gholdengo|Water
|move|p1a: Ceruledge|Poltergeist|p2a: Gholdengo
|-activate|p2a: Gholdengo|move: Poltergeist|Covert Cloak
|-damage|p2a: Gholdengo|43/100
|move|p2a: Gholdengo|Shadow Ball|p1a: Ceruledge
|-supereffective|p1a: Ceruledge
|-damage|p1a: Ceruledge|51/100
|-unboost|p1a: Ceruledge|spd|1
|
|-weather|Snowscape|[upkeep]
|upkeep
|turn|10
|
|t:|1769297565
|switch|p2a: Dragonite|Dragonite, M|94/100 brn
|move|p1a: Ceruledge|Poltergeist|p2a: Dragonite
|-activate|p2a: Dragonite|move: Poltergeist|Heavy-Duty Boots
|-damage|p2a: Dragonite|46/100 brn
|
|-weather|Snowscape|[upkeep]
|-damage|p2a: Dragonite|40/100 brn|[from] brn
|upkeep
|turn|11
|
|t:|1769297571
|move|p1a: Ceruledge|Poltergeist|p2a: Dragonite
|-activate|p2a: Dragonite|move: Poltergeist|Heavy-Duty Boots
|-damage|p2a: Dragonite|0 fnt
|faint|p2a: Dragonite
|
|-weather|none
|upkeep
|
|t:|1769297574
|switch|p2a: Deoxys|Deoxys-Speed, shiny|100/100
|-ability|p2a: Deoxys|Pressure
|turn|12
|
|t:|1769297579
|switch|p1a: Abomasnow|Abomasnow, F, shiny|100/100
|-weather|Snowscape|[from] ability: Snow Warning|[of] p1a: Abomasnow
|move|p2a: Deoxys|Psychic|p1a: Abomasnow
|-damage|p1a: Abomasnow|82/100
|
|-weather|Snowscape|[upkeep]
|upkeep
|turn|13
|
|t:|1769297593
|move|p2a: Deoxys|Nasty Plot|p2a: Deoxys
|-boost|p2a: Deoxys|spa|2
|move|p1a: Abomasnow|Blizzard|p2a: Deoxys
|-damage|p2a: Deoxys|48/100
|
|-weather|Snowscape|[upkeep]
|upkeep
|turn|14
|
|t:|1769297597
|move|p2a: Deoxys|Psychic|p1a: Abomasnow
|-damage|p1a: Abomasnow|46/100
|move|p1a: Abomasnow|Blizzard|p2a: Deoxys
|-damage|p2a: Deoxys|0 fnt
|faint|p2a: Deoxys
|
|-weather|Snowscape|[upkeep]
|-sideend|p1: marvelous.n|move: Aurora Veil
|upkeep
|
|t:|1769297603
|switch|p2a: Gholdengo|Gholdengo, shiny, tera:Water|43/100
|-damage|p2a: Gholdengo|31/100|[from] Stealth Rock
|turn|15
|
|t:|1769297610
|switch|p1a: Raging Bolt|Raging Bolt|100/100
|-enditem|p1a: Raging Bolt|Booster Energy
|-activate|p1a: Raging Bolt|ability: Protosynthesis|[fromitem]
|-start|p1a: Raging Bolt|protosynthesisspa
|move|p2a: Gholdengo|Shadow Ball|p1a: Raging Bolt
|-damage|p1a: Raging Bolt|59/100
|-unboost|p1a: Raging Bolt|spd|1
|
|-weather|Snowscape|[upkeep]
|upkeep
|turn|16
|
|t:|1769297620
|switch|p2a: Her|Clodsire, F, shiny|100/100
|-damage|p2a: Her|94/100|[from] Stealth Rock
|move|p1a: Raging Bolt|Dragon Pulse|p2a: Her
|-damage|p2a: Her|64/100
|
|-weather|none
|-heal|p2a: Her|70/100|[from] item: Leftovers
|upkeep
|turn|17
|
|t:|1769297624
|-end|p1a: Raging Bolt|Protosynthesis|[silent]
|switch|p1a: Hatterene|Hatterene, F, shiny|100/100
|move|p2a: Her|Earthquake|p1a: Hatterene
|-damage|p1a: Hatterene|77/100
|
|-heal|p2a: Her|76/100|[from] item: Leftovers
|upkeep
|turn|18
|
|t:|1769297630
|switch|p2a: Gholdengo|Gholdengo, shiny, tera:Water|31/100
|-damage|p2a: Gholdengo|18/100|[from] Stealth Rock
|move|p1a: Hatterene|Psyshock|p2a: Gholdengo
|-damage|p2a: Gholdengo|0 fnt
|faint|p2a: Gholdengo
|
|upkeep
|-message|besudo69 forfeited.
|
|win|marvelous.n
|raw|marvelous.n's rating: 1347 &rarr; <strong>1366</strong><br />(+19 for winning)
|raw|besudo69's rating: 1331 &rarr; <strong>1312</strong><br />(-19 for losing)
|l|☆besudo69
|player|p2|
|l|☆marvelous.n
|player|p1|
