|j|☆Grimblez
|j|☆Ladddu
|t:|1769319871
|gametype|singles
|player|p1|Grimblez|brawly|1240
|player|p2|Ladddu|cynthia|1216
|gen|9
|tier|[Gen 9] OU
|rated|
|rule|HP Percentage Mod: HP is shown in percentages
|rule|Endless Battle Clause: Forcing endless battles is banned
|rule|Species Clause: Limit one of each Pokémon
|rule|OHKO Clause: OHKO moves are banned
|rule|Evasion Items Clause: Evasion items are banned
|rule|Evasion Moves Clause: Evasion moves are banned
|rule|Evasion Abilities Clause: Evasion abilities are banned
|rule|Sleep Moves Clause: Sleep-inducing moves are banned
|clearpoke
|poke|p1|Sinistcha-Masterpiece|
|poke|p1|Garganacl, F|
|poke|p1|Corviknight, F|
|poke|p1|Ting-Lu|
|poke|p1|Zapdos|
|poke|p1|Kingambit, F|
|poke|p2|Meloetta|
|poke|p2|Ribombee, F|
|poke|p2|Great Tusk|
|poke|p2|Darkrai|
|poke|p2|Dragonite, F|
|poke|p2|Hoopa-Unbound|
|teampreview
|inactive|Battle timer is ON: inactive players will automatically lose when time's up. (requested by Grimblez)
|
|t:|1769319886
|teamsize|p1|6
|teamsize|p2|6
|start
|switch|p1a: Ting-Lu|Ting-Lu|100/100
|switch|p2a: Meloetta|Meloetta|100/100
|-ability|p1a: Ting-Lu|Vessel of Ruin
|turn|1
|
|t:|1769319894
|switch|p2a: Ribombee|Ribombee, F|100/100
|move|p1a: Ting-Lu|Spikes|p2a: Ribombee
|-sidestart|p2: Ladddu|Spikes
|
|upkeep
|turn|2
|
|t:|1769319899
|move|p2a: Ribombee|Sticky Web|p1a: Ting-Lu
|-sidestart|p1: Grimblez|move: Sticky Web
|move|p1a: Ting-Lu|Spikes|p2a: Ribombee
|-sidestart|p2: Ladddu|Spikes
|
|upkeep
|turn|3
|
|t:|1769319909
|move|p2a: Ribombee|Stun Spore|p1a: Ting-Lu|[miss]
|-miss|p2a: Ribombee|p1a: Ting-Lu
|move|p1a: Ting-Lu|Spikes|p2a: Ribombee
|-sidestart|p2: Ladddu|Spikes
|
|upkeep
|turn|4
|
|t:|1769319915
|move|p2a: Ribombee|Stun Spore|p1a: Ting-Lu
|-status|p1a: Ting-Lu|par
|cant|p1a: Ting-Lu|par
|
|upkeep
|turn|5
|
|t:|1769319920
|move|p2a: Ribombee|Moonblast|p1a: Ting-Lu
|-supereffective|p1a: Ting-Lu
|-damage|p1a: Ting-Lu|69/100 par
|-unboost|p1a: Ting-Lu|spa|1
|move|p1a: Ting-Lu|Whirlwind|p2a: Ribombee
|drag|p2a: Dragonite|Dragonite, F|100/100
|
|-heal|p1a: Ting-Lu|75/100 par|[from] item: Leftovers
|upkeep
|turn|6
|
|t:|1769319940
|switch|p2a: Great Tusk|Great Tusk|100/100
|-damage|p2a: Great Tusk|76/100|[from] Spikes
|-enditem|p2a: Great Tusk|Booster Energy
|-activate|p2a: Great Tusk|ability: Protosynthesis|[fromitem]
|-start|p2a: Great Tusk|protosynthesisatk
|cant|p1a: Ting-Lu|par
|
|-heal|p1a: Ting-Lu|81/100 par|[from] item: Leftovers
|upkeep
|turn|7
|
|t:|1769319948
|switch|p1a: Sinistcha|Sinistcha-Masterpiece|100/100
|move|p2a: Great Tusk|Rapid Spin|p1a: Sinistcha
|-immune|p1a: Sinistcha
|
|upkeep
|turn|8
|
|t:|1769319956
|-end|p2a: Great Tusk|Protosynthesis|[silent]
|switch|p2a: Ribombee|Ribombee, F|100/100
|-damage|p2a: Ribombee|76/100|[from] Spikes
|move|p1a: Sinistcha|Matcha Gotcha|p2a: Ribombee
|-resisted|p2a: Ribombee
|-damage|p2a: Ribombee|47/100
|
|upkeep
|turn|9
|
|t:|1769319964
|switch|p1a: Garganacl|Garganacl, F|100/100
|-activate|p1a: Garganacl|move: Sticky Web
|-unboost|p1a: Garganacl|spe|1
|move|p2a: Ribombee|Moonblast|p1a: Garganacl
|-damage|p1a: Garganacl|74/100
|
|-heal|p1a: Garganacl|80/100|[from] item: Leftovers
|upkeep
|turn|10
|
|t:|1769319971
|move|p2a: Ribombee|Stun Spore|p1a: Garganacl
|-immune|p1a: Garganacl|[from] ability: Purifying Salt
|move|p1a: Garganacl|Salt Cure|p2a: Ribombee
|-supereffective|p2a: Ribombee
|-damage|p2a: Ribombee|0 fnt
|faint|p2a: Ribombee
|
|-heal|p1a: Garganacl|86/100|[from] item: Leftovers
|upkeep
|
|t:|1769319974
|switch|p2a: Great Tusk|Great Tusk|76/100
|-damage|p2a: Great Tusk|51/100|[from] Spikes
|turn|11
|
|t:|1769319977
|switch|p1a: Sinistcha|Sinistcha-Masterpiece|100/100
|move|p2a: Great Tusk|Ice Spinner|p1a: Sinistcha
|-supereffective|p1a: Sinistcha
|-damage|p1a: Sinistcha|55/100
|
|upkeep
|turn|12
|
|t:|1769319984
|-end|p2a: Great Tusk|Protosynthesis|[silent]
|switch|p2a: Meloetta|Meloetta|100/100
|-damage|p2a: Meloetta|76/100|[from] Spikes
|move|p1a: Sinistcha|Strength Sap|p2a: Meloetta
|-unboost|p2a: Meloetta|atk|1
|-heal|p1a: Sinistcha|96/100
|
|upkeep
|turn|13
|
|t:|1769319990
|switch|p1a: Ting-Lu|Ting-Lu|81/100 par
|-activate|p1a: Ting-Lu|move: Sticky Web
|-unboost|p1a: Ting-Lu|spe|1
|-ability|p1a: Ting-Lu|Vessel of Ruin
|move|p2a: Meloetta|Shadow Ball|p1a: Ting-Lu
|-resisted|p1a: Ting-Lu
|-damage|p1a: Ting-Lu|73/100 par
|-unboost|p1a: Ting-Lu|spd|1
|-damage|p2a: Meloetta|66/100|[from] item: Life Orb
|
|-heal|p1a: Ting-Lu|79/100 par|[from] item: Leftovers
|upkeep
|turn|14
|
|t:|1769320000
|-terastallize|p2a: Meloetta|Fighting
|move|p2a: Meloetta|Focus Blast|p1a: Ting-Lu
|-supereffective|p1a: Ting-Lu
|-damage|p1a: Ting-Lu|0 fnt
|faint|p1a: Ting-Lu
|-damage|p2a: Meloetta|56/100|[from] item: Life Orb
|
|upkeep
|
|t:|1769320007
|switch|p1a: Corviknight|Corviknight, F|100/100
|-ability|p1a: Corviknight|Pressure
|turn|15
|
|t:|1769320009
|move|p2a: Meloetta|Thunderbolt|p1a: Corviknight
|-supereffective|p1a: Corviknight
|-damage|p1a: Corviknight|20/100
|-damage|p2a: Meloetta|46/100|[from] item: Life Orb
|move|p1a: Corviknight|Brave Bird|p2a: Meloetta
|-supereffective|p2a: Meloetta
|-damage|p2a: Meloetta|0 fnt
|faint|p2a: Meloetta
|-damage|p1a: Corviknight|7/100|[from] Recoil
|
|upkeep
|
|t:|1769320022
|switch|p2a: Great Tusk|Great Tusk|51/100
|-damage|p2a: Great Tusk|26/100|[from] Spikes
|turn|16
|
|t:|1769320027
|switch|p1a: Sinistcha|Sinistcha-Masterpiece|96/100
|move|p2a: Great Tusk|Ice Spinner|p1a: Sinistcha
|-supereffective|p1a: Sinistcha
|-damage|p1a: Sinistcha|52/100
|
|upkeep
|turn|17
|
|t:|1769320035
|-end|p2a: Great Tusk|Protosynthesis|[silent]
|switch|p2a: Hoopa|Hoopa-Unbound|100/100
|-damage|p2a: Hoopa|76/100|[from] Spikes
|move|p1a: Sinistcha|Strength Sap|p2a: Hoopa
|-unboost|p2a: Hoopa|atk|1
|-heal|p1a: Sinistcha|100/100
|
|upkeep
|turn|18
|
|t:|1769320048
|switch|p1a: Corviknight|Corviknight, F|7/100
|-ability|p1a: Corviknight|Pressure
|move|p2a: Hoopa|Dark Pulse|p1a: Corviknight
|-damage|p1a: Corviknight|0 fnt
|faint|p1a: Corviknight
|
|upkeep
|
|t:|1769320056
|switch|p1a: Kingambit|Kingambit, F|100/100
|-activate|p1a: Kingambit|move: Sticky Web
|-unboost|p1a: Kingambit|spe|1
|-activate|p1a: Kingambit|ability: Supreme Overlord
|-start|p1a: Kingambit|fallen2|[silent]
|turn|19
|
|t:|1769320063
|move|p2a: Hoopa|Focus Blast|p1a: Kingambit
|-supereffective|p1a: Kingambit
|-damage|p1a: Kingambit|0 fnt
|faint|p1a: Kingambit
|-end|p1a: Kingambit|fallen2|[silent]
|
|upkeep
|
|t:|1769320066
|switch|p1a: Garganacl|Garganacl, F|86/100
|-activate|p1a: Garganacl|move: Sticky Web
|-unboost|p1a: Garganacl|spe|1
|turn|20
|
|t:|1769320073
|-terastallize|p1a: Garganacl|Water
|move|p2a: Hoopa|Dark Pulse|p1a: Garganacl
|-damage|p1a: Garganacl|51/100
|move|p1a: Garganacl|Salt Cure|p2a: Hoopa
|-damage|p2a: Hoopa|52/100
|-start|p2a: Hoopa|Salt Cure
|
|-heal|p1a: Garganacl|58/100|[from] item: Leftovers
|-damage|p2a: Hoopa|39/100|[from] Salt Cure
|upkeep
|turn|21
|
|t:|1769320088
|move|p1a: Garganacl|Protect|p1a: Garganacl
|-singleturn|p1a: Garganacl|Protect
|move|p2a: Hoopa|Thunderbolt|p1a: Garganacl
|-activate|p1a: Garganacl|move: Protect
|
|-heal|p1a: Garganacl|64/100|[from] item: Leftovers
|-damage|p2a: Hoopa|27/100|[from] Salt Cure
|upkeep
|turn|22
|
|t:|1769320093
|switch|p2a: Great Tusk|Great Tusk|26/100
|-damage|p2a: Great Tusk|1/100|[from] Spikes
|switch|p1a: Zapdos|Zapdos|100/100
|
|upkeep
|turn|23
|
|t:|1769320103
|switch|p1a: Sinistcha|Sinistcha-Masterpiece|100/100
|move|p2a: Great Tusk|Ice Spinner|p1a: Sinistcha
|-supereffective|p1a: Sinistcha
|-damage|p1a: Sinistcha|54/100
|
|upkeep
|turn|24
|
|t:|1769320111
|move|p2a: Great Tusk|Ice Spinner|p1a: Sinistcha
|-supereffective|p1a: Sinistcha
|-damage|p1a: Sinistcha|12/100
|move|p1a: Sinistcha|Strength Sap|p2a: Great Tusk
|-unboost|p2a: Great Tusk|atk|1
|-heal|p1a: Sinistcha|100/100
|
|upkeep
|turn|25
|
|t:|1769320117
|move|p2a: Great Tusk|Ice Spinner|p1a: Sinistcha
|-supereffective|p1a: Sinistcha
|-damage|p1a: Sinistcha|73/100
|move|p1a: Sinistcha|Strength Sap|p2a: Great Tusk
|-unboost|p2a: Great Tusk|atk|1
|-heal|p1a: Sinistcha|100/100
|
|upkeep
|turn|26
|
|t:|1769320121
|move|p2a: Great Tusk|Ice Spinner|p1a: Sinistcha
|-supereffective|p1a: Sinistcha
|-damage|p1a: Sinistcha|78/100
|move|p1a: Sinistcha|Strength Sap|p2a: Great Tusk
|-unboost|p2a: Great Tusk|atk|1
|-heal|p1a: Sinistcha|100/100
|
|upkeep
|turn|27
|
|t:|1769320126
|move|p2a: Great Tusk|Ice Spinner|p1a: Sinistcha
|-supereffective|p1a: Sinistcha
|-damage|p1a: Sinistcha|82/100
|move|p1a: Sinistcha|Shadow Ball|p2a: Great Tusk
|-damage|p2a: Great Tusk|0 fnt
|faint|p2a: Great Tusk
|-end|p2a: Great Tusk|Protosynthesis|[silent]
|
|upkeep
|
|t:|1769320150
|switch|p2a: Darkrai|Darkrai|100/100
|-damage|p2a: Darkrai|76/100|[from] Spikes
|turn|28
|
|t:|1769320160
|switch|p1a: Zapdos|Zapdos|100/100
|move|p2a: Darkrai|Dark Pulse|p1a: Zapdos
|-damage|p1a: Zapdos|55/100
|
|upkeep
|turn|29
|
|t:|1769320166
|move|p2a: Darkrai|Ice Beam|p1a: Zapdos
|-supereffective|p1a: Zapdos
|-damage|p1a: Zapdos|0 fnt
|faint|p1a: Zapdos
|
|upkeep
|
|t:|1769320169
|switch|p1a: Garganacl|Garganacl, F, tera:Water|64/100
|-activate|p1a: Garganacl|move: Sticky Web
|-unboost|p1a: Garganacl|spe|1
|turn|30
|
|t:|1769320188
|move|p1a: Garganacl|Protect|p1a: Garganacl
|-singleturn|p1a: Garganacl|Protect
|move|p2a: Darkrai|Dark Pulse|p1a: Garganacl
|-activate|p1a: Garganacl|move: Protect
|
|-heal|p1a: Garganacl|70/100|[from] item: Leftovers
|upkeep
|turn|31
|
|t:|1769320193
|move|p2a: Darkrai|Dark Pulse|p1a: Garganacl
|-damage|p1a: Garganacl|43/100
|move|p1a: Garganacl|Recover|p1a: Garganacl
|-heal|p1a: Garganacl|93/100
|
|-heal|p1a: Garganacl|99/100|[from] item: Leftovers
|upkeep
|turn|32
|
|t:|1769320199
|move|p1a: Garganacl|Protect|p1a: Garganacl
|-singleturn|p1a: Garganacl|Protect
|move|p2a: Darkrai|Nasty Plot|p2a: Darkrai
|-boost|p2a: Darkrai|spa|2
|
|-heal|p1a: Garganacl|100/100|[from] item: Leftovers
|upkeep
|turn|33
|
|t:|1769320204
|move|p2a: Darkrai|Dark Pulse|p1a: Garganacl
|-damage|p1a: Garganacl|46/100
|move|p1a: Garganacl|Salt Cure|p2a: Darkrai
|-damage|p2a: Darkrai|56/100
|-start|p2a: Darkrai|Salt Cure
|
|-heal|p1a: Garganacl|52/100|[from] item: Leftovers
|-damage|p2a: Darkrai|44/100|[from] Salt Cure
|upkeep
|turn|34
|
|t:|1769320211
|move|p1a: Garganacl|Protect|p1a: Garganacl
|-singleturn|p1a: Garganacl|Protect
|move|p2a: Darkrai|Nasty Plot|p2a: Darkrai
|-boost|p2a: Darkrai|spa|2
|
|-heal|p1a: Garganacl|58/100|[from] item: Leftovers
|-damage|p2a: Darkrai|31/100|[from] Salt Cure
|upkeep
|turn|35
|
|t:|1769320216
|move|p2a: Darkrai|Dark Pulse|p1a: Garganacl
|-damage|p1a: Garganacl|0 fnt
|faint|p1a: Garganacl
|
|-damage|p2a: Darkrai|19/100|[from] Salt Cure
|upkeep
|
|t:|1769320219
|switch|p1a: Sinistcha|Sinistcha-Masterpiece|82/100
|turn|36
|c|☆Ladddu|Outplayed
|c|☆Ladddu|Gg
|inactive|Grimblez has 120 seconds left.
|c|☆Grimblez|‘Outplayed’ is a big word for a sub 1300 elo player
|c|☆Ladddu|Lol
|c|☆Grimblez|Get over yourself loser
|inactive|Grimblez has 90 seconds left.
|c|☆Ladddu|Salty ahh
|c|☆Ladddu|Just accept the defeat and say gg instead of saltiness kid
|inactive|Grimblez has 60 seconds left.
|c|☆Grimblez|I can tell you want to be the very best like no one ever was
|c|☆Ladddu|Not really
|c|☆Grimblez|I was going to, but then you went and acted like a cocky punk
|inactive|Grimblez has 30 seconds left.
|c|☆Grimblez|Now you get to wait
|inactive|Grimblez has 20 seconds left.
|c|☆Grimblez|:)
|c|☆Ladddu|Saying "outplayed" is cocky?
|inactive|Grimblez has 15 seconds left.
|inactive|Grimblez has 10 seconds left.
|c|☆Ladddu|Someone's hella salty n toxic
|inactive|Grimblez has 5 seconds left.
|c|☆Grimblez|Yeah you know you’re snide
|c|☆Ladddu|Anyways sure it's just a matter of seconds
|-message|Grimblez lost due to inactivity.
|
|win|Ladddu
|raw|Grimblez's rating: 1240 &rarr; <strong>1211</strong><br />(-29 for losing)
|raw|Ladddu's rating: 1190 &rarr; <strong>1219</strong><br />(+29 for winning)
|c|☆Grimblez|Ky. S
|c|☆Ladddu|Bye toxic loser
|l|☆Grimblez
|player|p1|
|c|☆Ladddu|You too
|l|☆Ladddu
|player|p2|
