|j|☆Randamore
|j|☆vivona
|t:|1769440720
|gametype|singles
|player|p1|Randamore|acetrainer-gen2|1126
|player|p2|vivona|2|1149
|gen|9
|tier|[Gen 9] OU
|rated|
|rule|HP Percentage Mod: HP is shown in percentages
|rule|Endless Battle Clause: Forcing endless battles is banned
|rule|Species Clause: Limit one of each Pokémon
|rule|OHKO Clause: OHKO moves are banned
|rule|Evasion Items Clause: Evasion items are banned
|rule|Evasion Moves Clause: Evasion moves are banned
|rule|Evasion Abilities Clause: Evasion abilities are banned
|rule|Sleep Moves Clause: Sleep-inducing moves are banned
|clearpoke
|poke|p1|Houndoom, F|
|poke|p1|Flygon, M|
|poke|p1|Scizor, M|
|poke|p1|Umbreon, F|
|poke|p1|Hydrapple, M|
|poke|p1|Lanturn, M|
|poke|p2|Ceruledge, M|
|poke|p2|Primarina, M|
|poke|p2|Corviknight, F|
|poke|p2|Gliscor, M|
|poke|p2|Rillaboom, M|
|poke|p2|Moltres|
|teampreview
|inactive|Battle timer is ON: inactive players will automatically lose when time's up. (requested by vivona)
|
|t:|1769440730
|teamsize|p1|6
|teamsize|p2|6
|start
|switch|p1a: Flygon|Flygon, M|100/100
|switch|p2a: Gliscor|Gliscor, M, shiny|100/100
|turn|1
|
|t:|1769440736
|switch|p1a: Lanturn|Lanturn, M|100/100
|move|p2a: Gliscor|Stealth Rock|p1a: Lanturn
|-sidestart|p1: Randamore|move: Stealth Rock
|
|-status|p2a: Gliscor|tox|[from] item: Toxic Orb
|upkeep
|turn|2
|
|t:|1769440751
|switch|p2a: Rillaboom|Rillaboom, M, shiny|100/100
|-fieldstart|move: Grassy Terrain|[from] ability: Grassy Surge|[of] p2a: Rillaboom
|-enditem|p2a: Rillaboom|Grassy Seed
|-boost|p2a: Rillaboom|def|1|[from] item: Grassy Seed
|move|p1a: Lanturn|Ice Beam|p2a: Rillaboom
|-supereffective|p2a: Rillaboom
|-damage|p2a: Rillaboom|46/100
|
|-heal|p2a: Rillaboom|52/100|[from] Grassy Terrain
|upkeep
|turn|3
|
|t:|1769440763
|-terastallize|p1a: Lanturn|Fairy
|move|p2a: Rillaboom|Drum Beating|p1a: Lanturn
|-damage|p1a: Lanturn|30/100
|-unboost|p1a: Lanturn|spe|1
|move|p1a: Lanturn|Ice Beam|p2a: Rillaboom
|-supereffective|p2a: Rillaboom
|-damage|p2a: Rillaboom|0 fnt
|faint|p2a: Rillaboom
|
|-heal|p1a: Lanturn|36/100|[from] Grassy Terrain
|upkeep
|
|t:|1769440775
|switch|p2a: Gliscor|Gliscor, M, shiny|100/100 tox
|turn|4
|
|t:|1769440779
|move|p2a: Gliscor|Earthquake|p1a: Lanturn
|-damage|p1a: Lanturn|18/100
|move|p1a: Lanturn|Ice Beam|p2a: Gliscor
|-supereffective|p2a: Gliscor
|-damage|p2a: Gliscor|0 fnt
|faint|p2a: Gliscor
|
|-heal|p1a: Lanturn|24/100|[from] Grassy Terrain
|upkeep
|
|t:|1769440802
|switch|p2a: Corviknight|Corviknight, F, shiny|100/100
|turn|5
|
|t:|1769440809
|move|p2a: Corviknight|Body Press|p1a: Lanturn
|-resisted|p1a: Lanturn
|-damage|p1a: Lanturn|9/100
|move|p1a: Lanturn|Thunderbolt|p2a: Corviknight
|-supereffective|p2a: Corviknight
|-damage|p2a: Corviknight|34/100
|
|-heal|p2a: Corviknight|40/100|[from] item: Leftovers
|-heal|p1a: Lanturn|15/100|[from] Grassy Terrain
|upkeep
|turn|6
|
|t:|1769440823
|switch|p1a: Umbreon|Umbreon, F|100/100
|-damage|p1a: Umbreon|88/100|[from] Stealth Rock
|move|p2a: Corviknight|Brave Bird|p1a: Umbreon
|-damage|p1a: Umbreon|57/100
|-damage|p2a: Corviknight|30/100|[from] Recoil
|
|-heal|p2a: Corviknight|36/100|[from] item: Leftovers
|-heal|p1a: Umbreon|63/100|[from] Grassy Terrain
|-heal|p1a: Umbreon|69/100|[from] item: Leftovers
|-fieldend|move: Grassy Terrain
|upkeep
|turn|7
|
|t:|1769440835
|move|p2a: Corviknight|Roost|p2a: Corviknight
|-heal|p2a: Corviknight|86/100
|-singleturn|p2a: Corviknight|move: Roost
|move|p1a: Umbreon|Wish|p1a: Umbreon
|
|-heal|p2a: Corviknight|92/100|[from] item: Leftovers
|-heal|p1a: Umbreon|75/100|[from] item: Leftovers
|upkeep
|turn|8
|
|t:|1769440842
|switch|p1a: Houndoom|Houndoom, F|100/100
|-damage|p1a: Houndoom|75/100|[from] Stealth Rock
|move|p2a: Corviknight|Iron Defense|p2a: Corviknight
|-boost|p2a: Corviknight|def|2
|
|-heal|p1a: Houndoom|100/100|[from] move: Wish|[wisher] Umbreon
|-heal|p2a: Corviknight|99/100|[from] item: Leftovers
|upkeep
|turn|9
|
|t:|1769440852
|-terastallize|p2a: Corviknight|Fighting
|move|p1a: Houndoom|Overheat|p2a: Corviknight
|-damage|p2a: Corviknight|37/100
|-unboost|p1a: Houndoom|spa|2
|move|p2a: Corviknight|Body Press|p1a: Houndoom
|-supereffective|p1a: Houndoom
|-enditem|p1a: Houndoom|Focus Sash
|-damage|p1a: Houndoom|1/100
|
|-heal|p2a: Corviknight|43/100|[from] item: Leftovers
|upkeep
|turn|10
|
|t:|1769440869
|move|p1a: Houndoom|Destiny Bond|p1a: Houndoom
|-singlemove|p1a: Houndoom|Destiny Bond
|move|p2a: Corviknight|Roost|p2a: Corviknight
|-heal|p2a: Corviknight|93/100
|
|-heal|p2a: Corviknight|99/100|[from] item: Leftovers
|upkeep
|turn|11
|
|t:|1769440880
|move|p2a: Corviknight|Iron Defense|p2a: Corviknight
|-boost|p2a: Corviknight|def|2
|move|p1a: Houndoom|Counter||[still]
|-fail|p1a: Houndoom
|
|-heal|p2a: Corviknight|100/100|[from] item: Leftovers
|upkeep
|turn|12
|
|t:|1769440886
|move|p1a: Houndoom|Destiny Bond|p1a: Houndoom
|-singlemove|p1a: Houndoom|Destiny Bond
|move|p2a: Corviknight|Iron Defense|p2a: Corviknight
|-boost|p2a: Corviknight|def|2
|
|upkeep
|turn|13
|
|t:|1769440895
|move|p2a: Corviknight|Body Press|p1a: Houndoom
|-supereffective|p1a: Houndoom
|-damage|p1a: Houndoom|0 fnt
|faint|p1a: Houndoom
|-activate|p1a: Houndoom|move: Destiny Bond
|faint|p2a: Corviknight
|
|upkeep
|
|t:|1769440903
|switch|p1a: Umbreon|Umbreon, F|75/100
|switch|p2a: Primarina|Primarina, M, shiny|100/100
|-damage|p1a: Umbreon|62/100|[from] Stealth Rock
|turn|14
|
|t:|1769440912
|move|p1a: Umbreon|Wish|p1a: Umbreon
|move|p2a: Primarina|Moonblast|p1a: Umbreon
|-supereffective|p1a: Umbreon
|-damage|p1a: Umbreon|8/100
|
|-heal|p1a: Umbreon|14/100|[from] item: Leftovers
|upkeep
|turn|15
|
|t:|1769440919
|move|p1a: Umbreon|Protect|p1a: Umbreon
|-singleturn|p1a: Umbreon|Protect
|move|p2a: Primarina|Moonblast|p1a: Umbreon
|-activate|p1a: Umbreon|move: Protect
|
|-heal|p1a: Umbreon|64/100|[from] move: Wish|[wisher] Umbreon
|-heal|p1a: Umbreon|70/100|[from] item: Leftovers
|upkeep
|turn|16
|
|t:|1769440928
|move|p1a: Umbreon|Wish|p1a: Umbreon
|move|p2a: Primarina|Moonblast|p1a: Umbreon
|-supereffective|p1a: Umbreon
|-damage|p1a: Umbreon|18/100
|
|-heal|p1a: Umbreon|24/100|[from] item: Leftovers
|upkeep
|turn|17
|
|t:|1769440936
|move|p1a: Umbreon|Protect|p1a: Umbreon
|-singleturn|p1a: Umbreon|Protect
|move|p2a: Primarina|Moonblast|p1a: Umbreon
|-activate|p1a: Umbreon|move: Protect
|
|-heal|p1a: Umbreon|74/100|[from] move: Wish|[wisher] Umbreon
|-heal|p1a: Umbreon|80/100|[from] item: Leftovers
|upkeep
|turn|18
|
|t:|1769440945
|move|p1a: Umbreon|Toxic|p2a: Primarina
|-status|p2a: Primarina|tox
|move|p2a: Primarina|Moonblast|p1a: Umbreon
|-supereffective|p1a: Umbreon
|-damage|p1a: Umbreon|22/100
|
|-heal|p1a: Umbreon|28/100|[from] item: Leftovers
|-damage|p2a: Primarina|95/100 tox|[from] psn
|upkeep
|turn|19
|
|t:|1769440954
|move|p1a: Umbreon|Protect|p1a: Umbreon
|-singleturn|p1a: Umbreon|Protect
|move|p2a: Primarina|Moonblast|p1a: Umbreon
|-activate|p1a: Umbreon|move: Protect
|
|-heal|p1a: Umbreon|34/100|[from] item: Leftovers
|-damage|p2a: Primarina|83/100 tox|[from] psn
|upkeep
|turn|20
|
|t:|1769440966
|switch|p1a: Scizor|Scizor, M|100/100
|-damage|p1a: Scizor|88/100|[from] Stealth Rock
|move|p2a: Primarina|Flip Turn|p1a: Scizor
|-damage|p1a: Scizor|75/100
|
|t:|1769440974
|switch|p2a: Moltres|Moltres, shiny|100/100|[from] Flip Turn
|
|upkeep
|turn|21
|
|t:|1769440983
|switch|p1a: Flygon|Flygon, M|100/100
|-damage|p1a: Flygon|95/100|[from] Stealth Rock
|move|p2a: Moltres|Flamethrower|p1a: Flygon
|-resisted|p1a: Flygon
|-damage|p1a: Flygon|80/100
|
|upkeep
|turn|22
|
|t:|1769440995
|move|p1a: Flygon|Stone Edge|p2a: Moltres
|-supereffective|p2a: Moltres
|-crit|p2a: Moltres
|-damage|p2a: Moltres|0 fnt
|faint|p2a: Moltres
|
|upkeep
|
|t:|1769441000
|switch|p2a: Ceruledge|Ceruledge, M, shiny|100/100
|turn|23
|
|t:|1769441004
|move|p2a: Ceruledge|Swords Dance|p2a: Ceruledge
|-boost|p2a: Ceruledge|atk|2
|move|p1a: Flygon|Earthquake|p2a: Ceruledge
|-supereffective|p2a: Ceruledge
|-enditem|p2a: Ceruledge|Focus Sash
|-damage|p2a: Ceruledge|1/100
|-ability|p2a: Ceruledge|Weak Armor|boost
|-unboost|p2a: Ceruledge|def|1
|-boost|p2a: Ceruledge|spe|2
|
|upkeep
|turn|24
|
|t:|1769441016
|move|p2a: Ceruledge|Poltergeist|p1a: Flygon|[miss]
|-miss|p2a: Ceruledge|p1a: Flygon
|move|p1a: Flygon|Earthquake|p2a: Ceruledge
|-supereffective|p2a: Ceruledge
|-damage|p2a: Ceruledge|0 fnt
|faint|p2a: Ceruledge
|
|upkeep
|c|☆Randamore|gg
|-message|vivona forfeited.
|
|win|Randamore
|raw|Randamore's rating: 1126 &rarr; <strong>1153</strong><br />(+27 for winning)
|raw|vivona's rating: 1149 &rarr; <strong>1122</strong><br />(-27 for losing)
|l|☆vivona
|player|p2|
|l|☆Randamore
|player|p1|
