|j|☆kyz_z1
|j|☆jibreel69
|t:|1769431644
|gametype|singles
|player|p1|kyz_z1|drayden|1501
|player|p2|jibreel69|depotagent|1570
|gen|9
|tier|[Gen 9] OU
|rated|
|rule|HP Percentage Mod: HP is shown in percentages
|rule|Endless Battle Clause: Forcing endless battles is banned
|rule|Species Clause: Limit one of each Pokémon
|rule|OHKO Clause: OHKO moves are banned
|rule|Evasion Items Clause: Evasion items are banned
|rule|Evasion Moves Clause: Evasion moves are banned
|rule|Evasion Abilities Clause: Evasion abilities are banned
|rule|Sleep Moves Clause: Sleep-inducing moves are banned
|clearpoke
|poke|p1|Tyranitar, F|
|poke|p1|Hydrapple, M|
|poke|p1|Enamorus, F|
|poke|p1|Garganacl, F|
|poke|p1|Excadrill, F|
|poke|p1|Alomomola, F|
|poke|p2|Ogerpon-Wellspring, F|
|poke|p2|Kyurem|
|poke|p2|Zapdos|
|poke|p2|Great Tusk|
|poke|p2|Kingambit, M|
|poke|p2|Slowking-Galar, M|
|teampreview
|inactive|Battle timer is ON: inactive players will automatically lose when time's up. (requested by kyz_z1)
|
|t:|1769431662
|teamsize|p1|6
|teamsize|p2|6
|start
|switch|p1a: Enamorus|Enamorus, F|100/100
|switch|p2a: Zapdos|Zapdos|100/100
|turn|1
|
|t:|1769431672
|switch|p1a: Garganacl|Garganacl, F|100/100
|move|p2a: Zapdos|U-turn|p1a: Garganacl
|-damage|p1a: Garganacl|92/100
|
|t:|1769431682
|switch|p2a: Ogerpon|Ogerpon-Wellspring, F|100/100|[from] U-turn
|
|-heal|p1a: Garganacl|98/100|[from] item: Leftovers
|upkeep
|turn|2
|
|t:|1769431688
|switch|p1a: Hydrapple|Hydrapple, M|100/100
|move|p2a: Ogerpon|Swords Dance|p2a: Ogerpon
|-boost|p2a: Ogerpon|atk|2
|
|upkeep
|turn|3
|
|t:|1769431695
|move|p2a: Ogerpon|Play Rough|p1a: Hydrapple
|-supereffective|p1a: Hydrapple
|-damage|p1a: Hydrapple|27/100
|-damage|p2a: Ogerpon|84/100|[from] item: Rocky Helmet|[of] p1a: Hydrapple
|move|p1a: Hydrapple|Giga Drain|p2a: Ogerpon
|-damage|p2a: Ogerpon|51/100
|-heal|p1a: Hydrapple|39/100|[from] drain|[of] p2a: Ogerpon
|
|upkeep
|turn|4
|
|t:|1769431706
|move|p2a: Ogerpon|Play Rough|p1a: Hydrapple
|-supereffective|p1a: Hydrapple
|-damage|p1a: Hydrapple|0 fnt
|-damage|p2a: Ogerpon|34/100|[from] item: Rocky Helmet|[of] p1a: Hydrapple
|faint|p1a: Hydrapple
|
|upkeep
|
|t:|1769431709
|switch|p1a: Enamorus|Enamorus, F|100/100
|turn|5
|
|t:|1769431714
|switch|p1a: Tyranitar|Tyranitar, F|100/100
|-weather|Sandstorm|[from] ability: Sand Stream|[of] p1a: Tyranitar
|switch|p2a: Slowking|Slowking-Galar, M|100/100
|
|-weather|Sandstorm|[upkeep]
|-damage|p2a: Slowking|94/100|[from] Sandstorm
|upkeep
|turn|6
|
|t:|1769431725
|switch|p2a: Great Tusk|Great Tusk|100/100
|move|p1a: Tyranitar|Knock Off|p2a: Great Tusk
|-resisted|p2a: Great Tusk
|-damage|p2a: Great Tusk|68/100
|-enditem|p2a: Great Tusk|Heavy-Duty Boots|[from] move: Knock Off|[of] p1a: Tyranitar
|
|-weather|Sandstorm|[upkeep]
|upkeep
|turn|7
|
|t:|1769431733
|switch|p1a: Alomomola|Alomomola, F|100/100
|move|p2a: Great Tusk|Knock Off|p1a: Alomomola
|-damage|p1a: Alomomola|79/100
|-enditem|p1a: Alomomola|Assault Vest|[from] move: Knock Off|[of] p2a: Great Tusk
|
|-weather|Sandstorm|[upkeep]
|-damage|p1a: Alomomola|73/100|[from] Sandstorm
|upkeep
|turn|8
|
|t:|1769431741
|switch|p1a: Enamorus|Enamorus, F|100/100
|move|p2a: Great Tusk|Stealth Rock|p1a: Enamorus
|-sidestart|p1: kyz_z1|move: Stealth Rock
|
|-weather|Sandstorm|[upkeep]
|-damage|p1a: Enamorus|94/100|[from] Sandstorm
|upkeep
|turn|9
|
|t:|1769431744
|-end|p2a: Great Tusk|Protosynthesis|[silent]
|switch|p2a: Slowking|Slowking-Galar, M|100/100
|move|p1a: Enamorus|Moonblast|p2a: Slowking
|-resisted|p2a: Slowking
|-damage|p2a: Slowking|85/100
|
|-weather|none
|upkeep
|turn|10
|
|t:|1769431754
|switch|p1a: Excadrill|Excadrill, F|100/100
|-damage|p1a: Excadrill|97/100|[from] Stealth Rock
|-prepare|p2a: Slowking|Chilly Reception|[premajor]
|move|p2a: Slowking|Chilly Reception|p2a: Slowking
|-weather|Snowscape
|
|t:|1769431763
|switch|p2a: Ogerpon|Ogerpon-Wellspring, F|34/100|[from] Chilly Reception
|
|-weather|Snowscape|[upkeep]
|-heal|p1a: Excadrill|100/100|[from] item: Leftovers
|upkeep
|turn|11
|
|t:|1769431770
|move|p2a: Ogerpon|Ivy Cudgel|p1a: Excadrill|[anim] Ivy Cudgel Water
|-supereffective|p1a: Excadrill
|-damage|p1a: Excadrill|0 fnt
|faint|p1a: Excadrill
|
|-weather|Snowscape|[upkeep]
|upkeep
|
|t:|1769431772
|switch|p1a: Enamorus|Enamorus, F|94/100
|-damage|p1a: Enamorus|69/100|[from] Stealth Rock
|turn|12
|
|t:|1769431777
|switch|p1a: Tyranitar|Tyranitar, F|100/100
|-damage|p1a: Tyranitar|88/100|[from] Stealth Rock
|-weather|Sandstorm|[from] ability: Sand Stream|[of] p1a: Tyranitar
|switch|p2a: Slowking|Slowking-Galar, M|100/100
|
|-weather|Sandstorm|[upkeep]
|-damage|p2a: Slowking|94/100|[from] Sandstorm
|upkeep
|turn|13
|
|t:|1769431789
|switch|p2a: Great Tusk|Great Tusk|68/100
|move|p1a: Tyranitar|Ice Punch|p2a: Great Tusk
|-supereffective|p2a: Great Tusk
|-damage|p2a: Great Tusk|6/100
|
|-weather|Sandstorm|[upkeep]
|upkeep
|turn|14
|
|t:|1769431802
|switch|p1a: Alomomola|Alomomola, F|100/100
|-damage|p1a: Alomomola|88/100|[from] Stealth Rock
|move|p2a: Great Tusk|Knock Off|p1a: Alomomola
|-damage|p1a: Alomomola|72/100
|
|-weather|Sandstorm|[upkeep]
|-damage|p1a: Alomomola|66/100|[from] Sandstorm
|upkeep
|turn|15
|
|t:|1769431807
|move|p2a: Great Tusk|Knock Off|p1a: Alomomola
|-damage|p1a: Alomomola|50/100
|move|p1a: Alomomola|Flip Turn|p2a: Great Tusk
|-supereffective|p2a: Great Tusk
|-damage|p2a: Great Tusk|0 fnt
|faint|p2a: Great Tusk
|-end|p2a: Great Tusk|Protosynthesis|[silent]
|
|t:|1769431811
|switch|p1a: Garganacl|Garganacl, F|98/100|[from] Flip Turn
|-damage|p1a: Garganacl|85/100|[from] Stealth Rock
|
|-weather|Sandstorm|[upkeep]
|-heal|p1a: Garganacl|92/100|[from] item: Leftovers
|upkeep
|
|t:|1769431817
|switch|p2a: Ogerpon|Ogerpon-Wellspring, F|34/100
|turn|16
|
|t:|1769431822
|-terastallize|p1a: Garganacl|Fairy
|move|p2a: Ogerpon|Power Whip|p1a: Garganacl
|-damage|p1a: Garganacl|49/100
|move|p1a: Garganacl|Salt Cure|p2a: Ogerpon
|-damage|p2a: Ogerpon|16/100
|-start|p2a: Ogerpon|Salt Cure
|
|-weather|none
|-heal|p1a: Garganacl|55/100|[from] item: Leftovers
|-damage|p2a: Ogerpon|0 fnt|[from] Salt Cure
|faint|p2a: Ogerpon
|upkeep
|
|t:|1769431837
|switch|p2a: Slowking|Slowking-Galar, M|100/100
|turn|17
|
|t:|1769431847
|move|p1a: Garganacl|Stealth Rock|p2a: Slowking
|-sidestart|p2: jibreel69|move: Stealth Rock
|-prepare|p2a: Slowking|Chilly Reception|[premajor]
|move|p2a: Slowking|Chilly Reception|p2a: Slowking
|-weather|Snowscape
|
|t:|1769431859
|switch|p2a: Kyurem|Kyurem|100/100|[from] Chilly Reception
|-damage|p2a: Kyurem|76/100|[from] Stealth Rock
|-ability|p2a: Kyurem|Pressure
|
|-weather|Snowscape|[upkeep]
|-heal|p1a: Garganacl|61/100|[from] item: Leftovers
|upkeep
|turn|18
|
|t:|1769431870
|move|p1a: Garganacl|Protect|p1a: Garganacl
|-singleturn|p1a: Garganacl|Protect
|move|p2a: Kyurem|Blizzard|p1a: Garganacl
|-activate|p1a: Garganacl|move: Protect
|
|-weather|Snowscape|[upkeep]
|-heal|p1a: Garganacl|67/100|[from] item: Leftovers
|upkeep
|turn|19
|
|t:|1769431874
|switch|p1a: Tyranitar|Tyranitar, F|88/100
|-damage|p1a: Tyranitar|76/100|[from] Stealth Rock
|-weather|Sandstorm|[from] ability: Sand Stream|[of] p1a: Tyranitar
|move|p2a: Kyurem|Blizzard|p1a: Tyranitar
|-damage|p1a: Tyranitar|20/100
|
|-weather|Sandstorm|[upkeep]
|-damage|p2a: Kyurem|70/100|[from] Sandstorm
|upkeep
|turn|20
|
|t:|1769431886
|switch|p1a: Alomomola|Alomomola, F|83/100
|-damage|p1a: Alomomola|71/100|[from] Stealth Rock
|move|p2a: Kyurem|Blizzard|p1a: Alomomola
|-resisted|p1a: Alomomola
|-damage|p1a: Alomomola|37/100
|
|-weather|Sandstorm|[upkeep]
|-damage|p2a: Kyurem|63/100|[from] Sandstorm
|-damage|p1a: Alomomola|31/100|[from] Sandstorm
|upkeep
|turn|21
|
|t:|1769431897
|move|p2a: Kyurem|Blizzard|p1a: Alomomola
|-resisted|p1a: Alomomola
|-damage|p1a: Alomomola|0 fnt
|faint|p1a: Alomomola
|
|-weather|Sandstorm|[upkeep]
|-damage|p2a: Kyurem|57/100|[from] Sandstorm
|upkeep
|
|t:|1769431899
|switch|p1a: Enamorus|Enamorus, F|69/100
|-damage|p1a: Enamorus|44/100|[from] Stealth Rock
|turn|22
|j| wccqq
|
|t:|1769431908
|switch|p2a: Slowking|Slowking-Galar, M|100/100
|move|p1a: Enamorus|Healing Wish|p1a: Enamorus
|faint|p1a: Enamorus
|
|-weather|Sandstorm|[upkeep]
|-damage|p2a: Slowking|94/100|[from] Sandstorm
|upkeep
|
|t:|1769431909
|switch|p1a: Tyranitar|Tyranitar, F|20/100
|-heal|p1a: Tyranitar|100/100|[from] move: Healing Wish
|-damage|p1a: Tyranitar|88/100|[from] Stealth Rock
|turn|23
|
|t:|1769431927
|switch|p2a: Zapdos|Zapdos|100/100
|move|p1a: Tyranitar|Knock Off|p2a: Zapdos
|-damage|p2a: Zapdos|42/100
|-status|p1a: Tyranitar|par|[from] ability: Static|[of] p2a: Zapdos
|-enditem|p2a: Zapdos|Heavy-Duty Boots|[from] move: Knock Off|[of] p1a: Tyranitar
|
|-weather|none
|upkeep
|turn|24
|
|t:|1769431938
|switch|p1a: Garganacl|Garganacl, F, tera:Fairy|67/100
|-damage|p1a: Garganacl|55/100|[from] Stealth Rock
|move|p2a: Zapdos|Roost|p2a: Zapdos
|-heal|p2a: Zapdos|92/100
|-singleturn|p2a: Zapdos|move: Roost
|
|-heal|p1a: Garganacl|61/100|[from] item: Leftovers
|upkeep
|turn|25
|
|t:|1769431947
|switch|p2a: Slowking|Slowking-Galar, M|100/100
|move|p1a: Garganacl|Salt Cure|p2a: Slowking
|-damage|p2a: Slowking|87/100
|-start|p2a: Slowking|Salt Cure
|
|-heal|p1a: Garganacl|67/100|[from] item: Leftovers
|-damage|p2a: Slowking|74/100|[from] Salt Cure
|upkeep
|turn|26
|
|t:|1769431957
|move|p1a: Garganacl|Protect|p1a: Garganacl
|-singleturn|p1a: Garganacl|Protect
|move|p2a: Slowking|Sludge Bomb|p1a: Garganacl
|-activate|p1a: Garganacl|move: Protect
|
|-heal|p1a: Garganacl|74/100|[from] item: Leftovers
|-damage|p2a: Slowking|62/100|[from] Salt Cure
|upkeep
|turn|27
|
|t:|1769431961
|move|p1a: Garganacl|Salt Cure|p2a: Slowking
|-damage|p2a: Slowking|48/100
|-prepare|p2a: Slowking|Chilly Reception|[premajor]
|move|p2a: Slowking|Chilly Reception|p2a: Slowking
|-weather|Snowscape
|
|t:|1769431967
|switch|p2a: Kyurem|Kyurem|57/100|[from] Chilly Reception
|-damage|p2a: Kyurem|32/100|[from] Stealth Rock
|-ability|p2a: Kyurem|Pressure
|
|-weather|Snowscape|[upkeep]
|-heal|p1a: Garganacl|80/100|[from] item: Leftovers
|upkeep
|turn|28
|
|t:|1769431976
|-terastallize|p2a: Kyurem|Ice
|move|p1a: Garganacl|Protect|p1a: Garganacl
|-singleturn|p1a: Garganacl|Protect
|move|p2a: Kyurem|Blizzard|p1a: Garganacl
|-activate|p1a: Garganacl|move: Protect
|
|-weather|Snowscape|[upkeep]
|-heal|p1a: Garganacl|86/100|[from] item: Leftovers
|upkeep
|turn|29
|
|t:|1769431980
|move|p2a: Kyurem|Blizzard|p1a: Garganacl
|-damage|p1a: Garganacl|5/100
|move|p1a: Garganacl|Salt Cure|p2a: Kyurem
|-supereffective|p2a: Kyurem
|-damage|p2a: Kyurem|16/100
|-start|p2a: Kyurem|Salt Cure
|
|-weather|Snowscape|[upkeep]
|-heal|p1a: Garganacl|11/100|[from] item: Leftovers
|-damage|p2a: Kyurem|3/100|[from] Salt Cure
|upkeep
|turn|30
|
|t:|1769431988
|move|p1a: Garganacl|Protect|p1a: Garganacl
|-singleturn|p1a: Garganacl|Protect
|move|p2a: Kyurem|Blizzard|p1a: Garganacl
|-activate|p1a: Garganacl|move: Protect
|
|-weather|Snowscape|[upkeep]
|-heal|p1a: Garganacl|17/100|[from] item: Leftovers
|-damage|p2a: Kyurem|0 fnt|[from] Salt Cure
|faint|p2a: Kyurem
|upkeep
|
|t:|1769431993
|switch|p2a: Zapdos|Zapdos|92/100
|-damage|p2a: Zapdos|67/100|[from] Stealth Rock
|turn|31
|
|t:|1769432002
|move|p2a: Zapdos|Discharge|p1a: Garganacl
|-damage|p1a: Garganacl|0 fnt
|faint|p1a: Garganacl
|
|-weather|none
|upkeep
|
|t:|1769432004
|switch|p1a: Tyranitar|Tyranitar, F|88/100 par
|-damage|p1a: Tyranitar|76/100 par|[from] Stealth Rock
|-weather|Sandstorm|[from] ability: Sand Stream|[of] p1a: Tyranitar
|turn|32
|
|t:|1769432013
|move|p2a: Zapdos|Roost|p2a: Zapdos
|-heal|p2a: Zapdos|100/100
|-singleturn|p2a: Zapdos|move: Roost
|move|p1a: Tyranitar|Stone Edge|p2a: Zapdos
|-damage|p2a: Zapdos|33/100
|
|-weather|Sandstorm|[upkeep]
|-damage|p2a: Zapdos|27/100|[from] Sandstorm
|upkeep
|turn|33
|
|t:|1769432022
|move|p2a: Zapdos|Discharge|p1a: Tyranitar
|-damage|p1a: Tyranitar|53/100 par
|move|p1a: Tyranitar|Stone Edge|p2a: Zapdos|[miss]
|-miss|p1a: Tyranitar|p2a: Zapdos
|
|-weather|Sandstorm|[upkeep]
|-damage|p2a: Zapdos|21/100|[from] Sandstorm
|upkeep
|turn|34
|
|t:|1769432028
|move|p2a: Zapdos|Discharge|p1a: Tyranitar
|-damage|p1a: Tyranitar|28/100 par
|move|p1a: Tyranitar|Stone Edge|p2a: Zapdos|[miss]
|-miss|p1a: Tyranitar|p2a: Zapdos
|
|-weather|Sandstorm|[upkeep]
|-damage|p2a: Zapdos|15/100|[from] Sandstorm
|upkeep
|turn|35
|c|☆kyz_z1|mhm
|
|t:|1769432033
|move|p2a: Zapdos|Discharge|p1a: Tyranitar
|-damage|p1a: Tyranitar|6/100 par
|move|p1a: Tyranitar|Stone Edge|p2a: Zapdos|[miss]
|-miss|p1a: Tyranitar|p2a: Zapdos
|
|-weather|Sandstorm|[upkeep]
|-damage|p2a: Zapdos|8/100|[from] Sandstorm
|upkeep
|turn|36
|c|☆kyz_z1|mhm
|c|☆kyz_z1|4 in a row
|c|☆kyz_z1|mhm
|c|☆jibreel69|ur banded
|c|☆kyz_z1|yes
|c|☆kyz_z1|3
|c|☆jibreel69|its over
|c|☆kyz_z1|actually
|inactive|jibreel69 has 120 seconds left.
|c|☆jibreel69|from the start
|c|☆jibreel69|nice plays before
|c|☆kyz_z1|this specs bum is kinda too much to handle icl
|c|☆kyz_z1|ty
|c|☆kyz_z1|U2
|
|t:|1769432092
|move|p2a: Zapdos|U-turn|p1a: Tyranitar
|-supereffective|p1a: Tyranitar
|-damage|p1a: Tyranitar|0 fnt
|faint|p1a: Tyranitar
|
|win|jibreel69
|raw|kyz_z1's rating: 1501 &rarr; <strong>1485</strong><br />(-16 for losing)
|raw|jibreel69's rating: 1570 &rarr; <strong>1586</strong><br />(+16 for winning)
|c|☆kyz_z1|gg
|c|☆jibreel69|gg wp
|l|☆kyz_z1
|player|p1|
