|j|☆Champion Snagem
|j|☆Doliprane1000
|t:|1769412554
|gametype|singles
|player|p1|Champion Snagem|lance|1103
|player|p2|Doliprane1000|pokekid|1062
|gen|9
|tier|[Gen 9] OU
|rated|
|rule|HP Percentage Mod: HP is shown in percentages
|rule|Endless Battle Clause: Forcing endless battles is banned
|rule|Species Clause: Limit one of each Pokémon
|rule|OHKO Clause: OHKO moves are banned
|rule|Evasion Items Clause: Evasion items are banned
|rule|Evasion Moves Clause: Evasion moves are banned
|rule|Evasion Abilities Clause: Evasion abilities are banned
|rule|Sleep Moves Clause: Sleep-inducing moves are banned
|clearpoke
|poke|p1|Blaziken, F|
|poke|p1|Haxorus, F|
|poke|p1|Scream Tail|
|poke|p1|Metagross|
|poke|p1|Slither Wing|
|poke|p1|Walking Wake|
|poke|p2|Gliscor, M|
|poke|p2|Primarina, M|
|poke|p2|Zoroark-Hisui, F|
|poke|p2|Tinkaton, F|
|poke|p2|Scizor, M|
|poke|p2|Overqwil, M|
|teampreview
|inactive|Battle timer is ON: inactive players will automatically lose when time's up. (requested by Champion Snagem)
|
|t:|1769412572
|teamsize|p1|6
|teamsize|p2|6
|start
|switch|p1a: Haxorus|Haxorus, F, shiny|100/100
|switch|p2a: Gliscor|Gliscor, M|100/100
|-ability|p1a: Haxorus|Mold Breaker
|turn|1
|
|t:|1769412582
|-terastallize|p2a: Gliscor|Fairy
|move|p2a: Gliscor|Tera Blast|p1a: Haxorus|[anim] Tera Blast Fairy
|-supereffective|p1a: Haxorus
|-enditem|p1a: Haxorus|Focus Sash
|-damage|p1a: Haxorus|1/100
|move|p1a: Haxorus|Dragon Dance|p1a: Haxorus
|-boost|p1a: Haxorus|atk|1
|-boost|p1a: Haxorus|spe|1
|
|upkeep
|turn|2
|
|t:|1769412594
|move|p1a: Haxorus|Earthquake|p2a: Gliscor
|-damage|p2a: Gliscor|0 fnt
|replace|p2a: Zoroark|Zoroark-Hisui, F
|-end|p2a: Zoroark|Illusion
|faint|p2a: Zoroark
|
|upkeep
|
|t:|1769412600
|switch|p2a: Scizor|Scizor, M|100/100
|turn|3
|
|t:|1769412604
|move|p2a: Scizor|Bullet Punch|p1a: Haxorus
|-damage|p1a: Haxorus|0 fnt
|faint|p1a: Haxorus
|
|upkeep
|
|t:|1769412609
|switch|p1a: Slither Wing|Slither Wing|100/100
|-enditem|p1a: Slither Wing|Booster Energy
|-activate|p1a: Slither Wing|ability: Protosynthesis|[fromitem]
|-start|p1a: Slither Wing|protosynthesisatk
|turn|4
|
|t:|1769412628
|switch|p2a: Overqwil|Overqwil, M|100/100
|-ability|p2a: Overqwil|Intimidate|boost
|-unboost|p1a: Slither Wing|atk|1
|-terastallize|p1a: Slither Wing|Fire
|move|p1a: Slither Wing|Flame Charge|p2a: Overqwil
|-damage|p2a: Overqwil|64/100
|-boost|p1a: Slither Wing|spe|1
|
|-heal|p2a: Overqwil|71/100|[from] item: Leftovers
|upkeep
|turn|5
|
|t:|1769412647
|move|p1a: Slither Wing|Leech Life|p2a: Overqwil
|-damage|p2a: Overqwil|22/100
|move|p2a: Overqwil|Toxic|p1a: Slither Wing
|-status|p1a: Slither Wing|tox
|
|-heal|p2a: Overqwil|28/100|[from] item: Leftovers
|-damage|p1a: Slither Wing|94/100 tox|[from] psn
|upkeep
|turn|6
|
|t:|1769412656
|move|p2a: Overqwil|Protect|p2a: Overqwil
|-singleturn|p2a: Overqwil|Protect
|move|p1a: Slither Wing|Flame Charge|p2a: Overqwil
|-activate|p2a: Overqwil|move: Protect
|
|-heal|p2a: Overqwil|34/100|[from] item: Leftovers
|-damage|p1a: Slither Wing|82/100 tox|[from] psn
|upkeep
|turn|7
|
|t:|1769412668
|switch|p2a: Gliscor|Gliscor, M|100/100
|move|p1a: Slither Wing|Leech Life|p2a: Gliscor
|-resisted|p2a: Gliscor
|-damage|p2a: Gliscor|86/100
|-heal|p1a: Slither Wing|91/100 tox|[from] drain|[of] p2a: Gliscor
|
|-damage|p1a: Slither Wing|73/100 tox|[from] psn
|-status|p2a: Gliscor|tox|[from] item: Toxic Orb
|upkeep
|turn|8
|
|t:|1769412681
|move|p1a: Slither Wing|Flame Charge|p2a: Gliscor
|-damage|p2a: Gliscor|61/100 tox
|-boost|p1a: Slither Wing|spe|1
|move|p2a: Gliscor|Substitute|p2a: Gliscor
|-start|p2a: Gliscor|Substitute
|-damage|p2a: Gliscor|36/100 tox
|
|-damage|p1a: Slither Wing|48/100 tox|[from] psn
|-heal|p2a: Gliscor|48/100 tox|[from] ability: Poison Heal
|upkeep
|turn|9
|
|t:|1769412695
|-end|p1a: Slither Wing|Protosynthesis|[silent]
|switch|p1a: Metagross|Metagross, shiny|100/100
|move|p2a: Gliscor|Protect||[still]
|-fail|p2a: Gliscor
|
|-heal|p2a: Gliscor|61/100 tox|[from] ability: Poison Heal
|upkeep
|turn|10
|
|t:|1769412706
|move|p1a: Metagross|Bullet Punch|p2a: Gliscor
|-activate|p2a: Gliscor|move: Substitute|[damage]
|move|p2a: Gliscor|Earthquake|p1a: Metagross
|-supereffective|p1a: Metagross
|-damage|p1a: Metagross|51/100
|
|-heal|p2a: Gliscor|73/100 tox|[from] ability: Poison Heal
|upkeep
|turn|11
|
|t:|1769412720
|move|p1a: Metagross|Bullet Punch|p2a: Gliscor
|-end|p2a: Gliscor|Substitute
|move|p2a: Gliscor|Earthquake|p1a: Metagross
|-supereffective|p1a: Metagross
|-damage|p1a: Metagross|0 fnt
|faint|p1a: Metagross
|
|-heal|p2a: Gliscor|86/100 tox|[from] ability: Poison Heal
|upkeep
|
|t:|1769412733
|switch|p1a: Walking Wake|Walking Wake|100/100
|-enditem|p1a: Walking Wake|Booster Energy
|-activate|p1a: Walking Wake|ability: Protosynthesis|[fromitem]
|-start|p1a: Walking Wake|protosynthesisspa
|turn|12
|
|t:|1769412740
|move|p2a: Gliscor|Toxic|p1a: Walking Wake
|-status|p1a: Walking Wake|tox
|move|p1a: Walking Wake|Agility|p1a: Walking Wake
|-boost|p1a: Walking Wake|spe|2
|
|-damage|p1a: Walking Wake|94/100 tox|[from] psn
|-heal|p2a: Gliscor|98/100 tox|[from] ability: Poison Heal
|upkeep
|turn|13
|
|t:|1769412750
|move|p1a: Walking Wake|Hydro Steam|p2a: Gliscor
|-supereffective|p2a: Gliscor
|-damage|p2a: Gliscor|0 fnt
|faint|p2a: Gliscor
|
|-damage|p1a: Walking Wake|82/100 tox|[from] psn
|upkeep
|
|t:|1769412760
|switch|p2a: Primarina|Primarina, M|100/100
|turn|14
|
|t:|1769412774
|move|p1a: Walking Wake|Hydro Steam|p2a: Primarina
|-resisted|p2a: Primarina
|-damage|p2a: Primarina|86/100
|move|p2a: Primarina|Moonblast|p1a: Walking Wake
|-supereffective|p1a: Walking Wake
|-damage|p1a: Walking Wake|0 fnt
|faint|p1a: Walking Wake
|-end|p1a: Walking Wake|Protosynthesis|[silent]
|
|upkeep
|
|t:|1769412788
|switch|p1a: Slither Wing|Slither Wing, tera:Fire|48/100 tox
|turn|15
|
|t:|1769412797
|move|p1a: Slither Wing|Leech Life|p2a: Primarina
|-resisted|p2a: Primarina
|-damage|p2a: Primarina|53/100
|-heal|p1a: Slither Wing|64/100 tox|[from] drain|[of] p2a: Primarina
|move|p2a: Primarina|Surf|p1a: Slither Wing
|-supereffective|p1a: Slither Wing
|-damage|p1a: Slither Wing|0 fnt
|faint|p1a: Slither Wing
|-end|p1a: Slither Wing|Protosynthesis|[silent]
|
|upkeep
|
|t:|1769412821
|switch|p1a: Scream Tail|Scream Tail, shiny|100/100
|-enditem|p1a: Scream Tail|Booster Energy
|-activate|p1a: Scream Tail|ability: Protosynthesis|[fromitem]
|-start|p1a: Scream Tail|protosynthesisspe
|turn|16
|
|t:|1769412834
|switch|p2a: Tinkaton|Tinkaton, F|100/100
|-ability|p2a: Tinkaton|Mold Breaker
|move|p1a: Scream Tail|Bulk Up|p1a: Scream Tail
|-boost|p1a: Scream Tail|atk|1
|-boost|p1a: Scream Tail|def|1
|
|upkeep
|turn|17
|
|t:|1769412844
|move|p1a: Scream Tail|Drain Punch|p2a: Tinkaton
|-damage|p2a: Tinkaton|61/100
|move|p2a: Tinkaton|Gigaton Hammer|p1a: Scream Tail
|-supereffective|p1a: Scream Tail
|-damage|p1a: Scream Tail|27/100
|
|-heal|p2a: Tinkaton|67/100|[from] item: Leftovers
|upkeep
|turn|18
|
|t:|1769412857
|move|p1a: Scream Tail|Drain Punch|p2a: Tinkaton
|-damage|p2a: Tinkaton|28/100
|-heal|p1a: Scream Tail|42/100|[from] drain|[of] p2a: Tinkaton
|move|p2a: Tinkaton|Swords Dance|p2a: Tinkaton
|-boost|p2a: Tinkaton|atk|2
|
|-heal|p2a: Tinkaton|34/100|[from] item: Leftovers
|upkeep
|turn|19
|
|t:|1769412870
|switch|p2a: Overqwil|Overqwil, M|34/100
|-ability|p2a: Overqwil|Intimidate|boost
|-unboost|p1a: Scream Tail|atk|1
|move|p1a: Scream Tail|Drain Punch|p2a: Overqwil
|-damage|p2a: Overqwil|12/100
|-heal|p1a: Scream Tail|51/100|[from] drain|[of] p2a: Overqwil
|
|-heal|p2a: Overqwil|19/100|[from] item: Leftovers
|upkeep
|turn|20
|
|t:|1769412881
|switch|p2a: Tinkaton|Tinkaton, F|34/100
|-ability|p2a: Tinkaton|Mold Breaker
|move|p1a: Scream Tail|Drain Punch|p2a: Tinkaton
|-damage|p2a: Tinkaton|7/100
|-heal|p1a: Scream Tail|62/100|[from] drain|[of] p2a: Tinkaton
|
|-heal|p2a: Tinkaton|13/100|[from] item: Leftovers
|upkeep
|turn|21
|
|t:|1769412892
|switch|p2a: Overqwil|Overqwil, M|19/100
|-ability|p2a: Overqwil|Intimidate|boost
|-unboost|p1a: Scream Tail|atk|1
|move|p1a: Scream Tail|Drain Punch|p2a: Overqwil
|-damage|p2a: Overqwil|4/100
|-heal|p1a: Scream Tail|67/100|[from] drain|[of] p2a: Overqwil
|
|-heal|p2a: Overqwil|10/100|[from] item: Leftovers
|upkeep
|turn|22
|
|t:|1769412902
|move|p2a: Overqwil|Protect|p2a: Overqwil
|-singleturn|p2a: Overqwil|Protect
|move|p1a: Scream Tail|Psychic Fangs|p2a: Overqwil
|-activate|p2a: Overqwil|move: Protect
|
|-heal|p2a: Overqwil|17/100|[from] item: Leftovers
|upkeep
|turn|23
|
|t:|1769412911
|move|p1a: Scream Tail|Drain Punch|p2a: Overqwil
|-damage|p2a: Overqwil|1/100
|-heal|p1a: Scream Tail|74/100|[from] drain|[of] p2a: Overqwil
|move|p2a: Overqwil|Toxic|p1a: Scream Tail
|-status|p1a: Scream Tail|tox
|
|-heal|p2a: Overqwil|8/100|[from] item: Leftovers
|-damage|p1a: Scream Tail|67/100 tox|[from] psn
|upkeep
|turn|24
|
|t:|1769412923
|-end|p1a: Scream Tail|Protosynthesis|[silent]
|switch|p1a: Blaziken|Blaziken, F, shiny|100/100
|move|p2a: Overqwil|Protect||[still]
|-fail|p2a: Overqwil
|
|-heal|p2a: Overqwil|14/100|[from] item: Leftovers
|upkeep
|turn|25
|
|t:|1769412932
|switch|p2a: Primarina|Primarina, M|53/100
|move|p1a: Blaziken|Earthquake|p2a: Primarina
|-damage|p2a: Primarina|0 fnt
|faint|p2a: Primarina
|-damage|p1a: Blaziken|91/100|[from] item: Life Orb
|
|-ability|p1a: Blaziken|Speed Boost|boost
|-boost|p1a: Blaziken|spe|1
|upkeep
|
|t:|1769412944
|switch|p2a: Overqwil|Overqwil, M|14/100
|-ability|p2a: Overqwil|Intimidate|boost
|-unboost|p1a: Blaziken|atk|1
|turn|26
|
|t:|1769412950
|move|p1a: Blaziken|Earthquake|p2a: Overqwil
|-supereffective|p2a: Overqwil
|-damage|p2a: Overqwil|0 fnt
|faint|p2a: Overqwil
|-damage|p1a: Blaziken|81/100|[from] item: Life Orb
|
|-ability|p1a: Blaziken|Speed Boost|boost
|-boost|p1a: Blaziken|spe|1
|upkeep
|
|t:|1769412962
|switch|p2a: Tinkaton|Tinkaton, F|13/100
|-ability|p2a: Tinkaton|Mold Breaker
|turn|27
|
|t:|1769412967
|move|p1a: Blaziken|Flare Blitz|p2a: Tinkaton
|-supereffective|p2a: Tinkaton
|-damage|p2a: Tinkaton|0 fnt
|faint|p2a: Tinkaton
|-damage|p1a: Blaziken|76/100|[from] Recoil
|-damage|p1a: Blaziken|66/100|[from] item: Life Orb
|
|-ability|p1a: Blaziken|Speed Boost|boost
|-boost|p1a: Blaziken|spe|1
|upkeep
|
|t:|1769412976
|switch|p2a: Scizor|Scizor, M|100/100
|turn|28
|
|t:|1769412981
|move|p1a: Blaziken|Flare Blitz|p2a: Scizor
|-supereffective|p2a: Scizor
|-damage|p2a: Scizor|0 fnt
|faint|p2a: Scizor
|-damage|p1a: Blaziken|28/100|[from] Recoil
|-damage|p1a: Blaziken|18/100|[from] item: Life Orb
|
|win|Champion Snagem
|raw|Champion Snagem's rating: 1103 &rarr; <strong>1125</strong><br />(+22 for winning)
|raw|Doliprane1000's rating: 1062 &rarr; <strong>1045</strong><br />(-17 for losing)
|l|☆Doliprane1000
|player|p2|
|l|☆Champion Snagem
|player|p1|
