|j|☆SladeRG
|j|☆mind goblin games
|t:|1769350009
|gametype|singles
|player|p1|SladeRG|102|1379
|player|p2|mind goblin games|101|1376
|gen|9
|tier|[Gen 9] OU
|rated|
|rule|HP Percentage Mod: HP is shown in percentages
|rule|Endless Battle Clause: Forcing endless battles is banned
|rule|Species Clause: Limit one of each Pokémon
|rule|OHKO Clause: OHKO moves are banned
|rule|Evasion Items Clause: Evasion items are banned
|rule|Evasion Moves Clause: Evasion moves are banned
|rule|Evasion Abilities Clause: Evasion abilities are banned
|rule|Sleep Moves Clause: Sleep-inducing moves are banned
|clearpoke
|poke|p1|Torkoal, F|
|poke|p1|Lilligant-Hisui, F|
|poke|p1|Walking Wake|
|poke|p1|Typhlosion-Hisui, M|
|poke|p1|Raging Bolt|
|poke|p1|Corviknight, F|
|poke|p2|Tyranitar, F|
|poke|p2|Excadrill, M|
|poke|p2|Kingambit, F|
|poke|p2|Dragapult, F|
|poke|p2|Ogerpon-Wellspring, F|
|poke|p2|Hatterene, F|
|teampreview
|inactive|Battle timer is ON: inactive players will automatically lose when time's up. (requested by mind goblin games)
|
|t:|1769350030
|teamsize|p1|6
|teamsize|p2|6
|start
|switch|p1a: Walking Wake|Walking Wake|100/100
|switch|p2a: Tyranitar|Tyranitar, F|100/100
|-weather|Sandstorm|[from] ability: Sand Stream|[of] p2a: Tyranitar
|turn|1
|
|t:|1769350040
|switch|p2a: Ogerpon|Ogerpon-Wellspring, F|100/100
|move|p1a: Walking Wake|Hydro Steam|p2a: Ogerpon
|-immune|p2a: Ogerpon|[from] ability: Water Absorb
|
|-weather|Sandstorm|[upkeep]
|-damage|p2a: Ogerpon|95/100|[from] Sandstorm
|-damage|p1a: Walking Wake|94/100|[from] Sandstorm
|upkeep
|turn|2
|
|t:|1769350048
|-end|p1a: Walking Wake|Protosynthesis|[silent]
|switch|p1a: Corviknight|Corviknight, F|100/100
|-ability|p1a: Corviknight|Pressure
|move|p2a: Ogerpon|Encore||[still]
|-fail|p2a: Ogerpon
|
|-weather|Sandstorm|[upkeep]
|-damage|p2a: Ogerpon|89/100|[from] Sandstorm
|upkeep
|turn|3
|
|t:|1769350061
|switch|p2a: Hatterene|Hatterene, F|100/100
|move|p1a: Corviknight|U-turn|p2a: Hatterene
|-damage|p2a: Hatterene|88/100
|-enditem|p2a: Hatterene|Eject Button
|
|t:|1769350069
|switch|p2a: Excadrill|Excadrill, M|100/100
|
|-weather|Sandstorm|[upkeep]
|upkeep
|turn|4
|inactive|SladeRG has 120 seconds left.
|
|t:|1769350104
|move|p2a: Excadrill|Substitute|p2a: Excadrill
|-start|p2a: Excadrill|Substitute
|-damage|p2a: Excadrill|76/100
|move|p1a: Corviknight|U-turn|p2a: Excadrill
|-resisted|p2a: Excadrill
|-activate|p2a: Excadrill|move: Substitute|[damage]
|
|t:|1769350108
|switch|p1a: Torkoal|Torkoal, F|100/100|[from] U-turn
|-weather|SunnyDay|[from] ability: Drought|[of] p1a: Torkoal
|
|-weather|SunnyDay|[upkeep]
|-heal|p2a: Excadrill|82/100|[from] item: Leftovers
|upkeep
|turn|5
|
|t:|1769350119
|-terastallize|p1a: Torkoal|Flying
|move|p2a: Excadrill|Rapid Spin|p1a: Torkoal
|-damage|p1a: Torkoal|90/100
|-boost|p2a: Excadrill|spe|1
|move|p1a: Torkoal|Lava Plume|p2a: Excadrill
|-supereffective|p2a: Excadrill
|-end|p2a: Excadrill|Substitute
|
|-weather|SunnyDay|[upkeep]
|-heal|p2a: Excadrill|88/100|[from] item: Leftovers
|upkeep
|turn|6
|
|t:|1769350128
|move|p2a: Excadrill|Rock Slide|p1a: Torkoal|[miss]
|-miss|p2a: Excadrill|p1a: Torkoal
|move|p1a: Torkoal|Lava Plume|p2a: Excadrill
|-supereffective|p2a: Excadrill
|-crit|p2a: Excadrill
|-damage|p2a: Excadrill|0 fnt
|faint|p2a: Excadrill
|
|-weather|SunnyDay|[upkeep]
|upkeep
|
|t:|1769350139
|switch|p2a: Tyranitar|Tyranitar, F|100/100
|-weather|Sandstorm|[from] ability: Sand Stream|[of] p2a: Tyranitar
|turn|7
|
|t:|1769350146
|switch|p1a: Corviknight|Corviknight, F|100/100
|-ability|p1a: Corviknight|Pressure
|move|p2a: Tyranitar|Dragon Dance|p2a: Tyranitar
|-boost|p2a: Tyranitar|atk|1
|-boost|p2a: Tyranitar|spe|1
|
|-weather|Sandstorm|[upkeep]
|upkeep
|turn|8
|
|t:|1769350153
|-terastallize|p2a: Tyranitar|Flying
|move|p2a: Tyranitar|Dragon Dance|p2a: Tyranitar
|-boost|p2a: Tyranitar|atk|1
|-boost|p2a: Tyranitar|spe|1
|move|p1a: Corviknight|U-turn|p2a: Tyranitar
|-resisted|p2a: Tyranitar
|-damage|p2a: Tyranitar|94/100
|
|t:|1769350157
|switch|p1a: Torkoal|Torkoal, F, tera:Flying|90/100|[from] U-turn
|-weather|SunnyDay|[from] ability: Drought|[of] p1a: Torkoal
|
|-weather|SunnyDay|[upkeep]
|upkeep
|turn|9
|
|t:|1769350163
|move|p2a: Tyranitar|Knock Off|p1a: Torkoal
|-damage|p1a: Torkoal|25/100
|-enditem|p1a: Torkoal|Heat Rock|[from] move: Knock Off|[of] p2a: Tyranitar
|move|p1a: Torkoal|Will-O-Wisp|p2a: Tyranitar
|-status|p2a: Tyranitar|brn
|
|-weather|SunnyDay|[upkeep]
|-damage|p2a: Tyranitar|88/100 brn|[from] brn
|upkeep
|turn|10
|
|t:|1769350172
|switch|p1a: Corviknight|Corviknight, F|100/100
|-ability|p1a: Corviknight|Pressure
|move|p2a: Tyranitar|Tera Blast|p1a: Corviknight|[anim] Tera Blast Flying
|-resisted|p1a: Corviknight
|-damage|p1a: Corviknight|86/100
|
|-weather|SunnyDay|[upkeep]
|-damage|p2a: Tyranitar|82/100 brn|[from] brn
|upkeep
|turn|11
|
|t:|1769350178
|move|p2a: Tyranitar|Knock Off|p1a: Corviknight
|-damage|p1a: Corviknight|51/100
|-damage|p2a: Tyranitar|66/100 brn|[from] item: Rocky Helmet|[of] p1a: Corviknight
|-enditem|p1a: Corviknight|Rocky Helmet|[from] move: Knock Off|[of] p2a: Tyranitar
|move|p1a: Corviknight|Brave Bird|p2a: Tyranitar
|-damage|p2a: Tyranitar|31/100 brn
|-damage|p1a: Corviknight|41/100|[from] Recoil
|
|-weather|SunnyDay|[upkeep]
|-damage|p2a: Tyranitar|25/100 brn|[from] brn
|upkeep
|turn|12
|
|t:|1769350187
|move|p2a: Tyranitar|Low Kick|p1a: Corviknight
|-damage|p1a: Corviknight|22/100
|move|p1a: Corviknight|Roost|p1a: Corviknight
|-heal|p1a: Corviknight|72/100
|-singleturn|p1a: Corviknight|move: Roost
|
|-weather|SunnyDay|[upkeep]
|-damage|p2a: Tyranitar|19/100 brn|[from] brn
|upkeep
|turn|13
|
|t:|1769350198
|move|p2a: Tyranitar|Dragon Dance|p2a: Tyranitar
|-boost|p2a: Tyranitar|atk|1
|-boost|p2a: Tyranitar|spe|1
|move|p1a: Corviknight|Roost|p1a: Corviknight
|-heal|p1a: Corviknight|100/100
|-singleturn|p1a: Corviknight|move: Roost
|
|-weather|SunnyDay|[upkeep]
|-damage|p2a: Tyranitar|13/100 brn|[from] brn
|upkeep
|turn|14
|
|t:|1769350206
|move|p2a: Tyranitar|Low Kick|p1a: Corviknight
|-damage|p1a: Corviknight|78/100
|move|p1a: Corviknight|U-turn|p2a: Tyranitar
|-resisted|p2a: Tyranitar
|-damage|p2a: Tyranitar|6/100 brn
|
|t:|1769350214
|switch|p1a: Lilligant|Lilligant-Hisui, F|100/100|[from] U-turn
|
|-weather|SunnyDay|[upkeep]
|-damage|p2a: Tyranitar|0 fnt|[from] brn
|faint|p2a: Tyranitar
|upkeep
|
|t:|1769350225
|switch|p2a: Hatterene|Hatterene, F|88/100
|turn|15
|
|t:|1769350240
|move|p1a: Lilligant|Tera Blast|p2a: Hatterene
|-damage|p2a: Hatterene|75/100
|-damage|p1a: Lilligant|91/100|[from] item: Life Orb
|move|p2a: Hatterene|Dazzling Gleam|p1a: Lilligant
|-supereffective|p1a: Lilligant
|-damage|p1a: Lilligant|0 fnt
|faint|p1a: Lilligant
|
|-weather|none
|upkeep
|
|t:|1769350256
|switch|p1a: Corviknight|Corviknight, F|78/100
|-ability|p1a: Corviknight|Pressure
|turn|16
|
|t:|1769350262
|move|p1a: Corviknight|Brave Bird|p2a: Hatterene
|-damage|p2a: Hatterene|44/100
|-damage|p1a: Corviknight|70/100|[from] Recoil
|move|p2a: Hatterene|Nuzzle|p1a: Corviknight
|-supereffective|p1a: Corviknight
|-damage|p1a: Corviknight|66/100
|-status|p1a: Corviknight|par
|
|upkeep
|turn|17
|
|t:|1769350267
|move|p2a: Hatterene|Psychic Noise|p1a: Corviknight
|-resisted|p1a: Corviknight
|-damage|p1a: Corviknight|50/100 par
|-start|p1a: Corviknight|move: Heal Block
|cant|p1a: Corviknight|move: Heal Block|Roost
|
|upkeep
|turn|18
|
|t:|1769350278
|move|p2a: Hatterene|Dazzling Gleam|p1a: Corviknight
|-resisted|p1a: Corviknight
|-damage|p1a: Corviknight|34/100 par
|move|p1a: Corviknight|U-turn|p2a: Hatterene
|-damage|p2a: Hatterene|33/100
|
|t:|1769350291
|switch|p1a: Walking Wake|Walking Wake|94/100|[from] U-turn
|
|upkeep
|turn|19
|
|t:|1769350295
|move|p1a: Walking Wake|Hydro Steam|p2a: Hatterene
|-damage|p2a: Hatterene|0 fnt
|faint|p2a: Hatterene
|
|upkeep
|
|t:|1769350299
|switch|p2a: Ogerpon|Ogerpon-Wellspring, F|89/100
|turn|20
|
|t:|1769350312
|-end|p1a: Walking Wake|Protosynthesis|[silent]
|switch|p1a: Torkoal|Torkoal, F, tera:Flying|25/100
|-weather|SunnyDay|[from] ability: Drought|[of] p1a: Torkoal
|move|p2a: Ogerpon|Encore||[still]
|-fail|p2a: Ogerpon
|
|-weather|SunnyDay|[upkeep]
|upkeep
|turn|21
|
|t:|1769350320
|move|p2a: Ogerpon|Ivy Cudgel|p1a: Torkoal|[anim] Ivy Cudgel Water
|-damage|p1a: Torkoal|10/100
|move|p1a: Torkoal|Stealth Rock|p2a: Ogerpon
|-sidestart|p2: mind goblin games|move: Stealth Rock
|
|-weather|SunnyDay|[upkeep]
|upkeep
|turn|22
|
|t:|1769350328
|move|p2a: Ogerpon|Ivy Cudgel|p1a: Torkoal|[anim] Ivy Cudgel Water
|-damage|p1a: Torkoal|0 fnt
|faint|p1a: Torkoal
|
|-weather|SunnyDay|[upkeep]
|upkeep
|
|t:|1769350339
|switch|p1a: Walking Wake|Walking Wake|94/100
|-activate|p1a: Walking Wake|ability: Protosynthesis
|-start|p1a: Walking Wake|protosynthesisspa
|turn|23
|
|t:|1769350346
|move|p2a: Ogerpon|Knock Off|p1a: Walking Wake
|-damage|p1a: Walking Wake|53/100
|-enditem|p1a: Walking Wake|Choice Specs|[from] move: Knock Off|[of] p2a: Ogerpon
|move|p1a: Walking Wake|Flamethrower|p2a: Ogerpon
|-damage|p2a: Ogerpon|13/100
|
|-weather|SunnyDay|[upkeep]
|upkeep
|turn|24
|
|t:|1769350363
|move|p2a: Ogerpon|Knock Off|p1a: Walking Wake
|-damage|p1a: Walking Wake|24/100
|move|p1a: Walking Wake|Flamethrower|p2a: Ogerpon
|-damage|p2a: Ogerpon|0 fnt
|faint|p2a: Ogerpon
|
|-weather|none
|-end|p1a: Walking Wake|Protosynthesis
|upkeep
|
|t:|1769350383
|switch|p2a: Dragapult|Dragapult, F|100/100
|turn|25
|
|t:|1769350388
|move|p2a: Dragapult|Hex|p1a: Walking Wake
|-damage|p1a: Walking Wake|0 fnt
|faint|p1a: Walking Wake
|-end|p1a: Walking Wake|Protosynthesis|[silent]
|
|upkeep
|
|t:|1769350391
|switch|p1a: Raging Bolt|Raging Bolt|100/100
|turn|26
|
|t:|1769350402
|move|p2a: Dragapult|Draco Meteor|p1a: Raging Bolt|[miss]
|-miss|p2a: Dragapult|p1a: Raging Bolt
|move|p1a: Raging Bolt|Volt Switch|p2a: Dragapult
|-resisted|p2a: Dragapult
|-damage|p2a: Dragapult|72/100
|
|t:|1769350408
|-end|p1a: Raging Bolt|Protosynthesis|[silent]
|switch|p1a: Typhlosion|Typhlosion-Hisui, M|100/100|[from] Volt Switch
|
|upkeep
|turn|27
|
|t:|1769350415
|move|p1a: Typhlosion|Shadow Ball|p2a: Dragapult
|-supereffective|p2a: Dragapult
|-damage|p2a: Dragapult|0 fnt
|faint|p2a: Dragapult
|
|upkeep
|
|t:|1769350417
|switch|p2a: Kingambit|Kingambit, F|100/100
|-damage|p2a: Kingambit|94/100|[from] Stealth Rock
|-activate|p2a: Kingambit|ability: Supreme Overlord
|-start|p2a: Kingambit|fallen5|[silent]
|turn|28
|
|t:|1769350425
|switch|p1a: Corviknight|Corviknight, F|34/100 par
|-ability|p1a: Corviknight|Pressure
|move|p2a: Kingambit|Swords Dance|p2a: Kingambit
|-boost|p2a: Kingambit|atk|2
|
|-heal|p2a: Kingambit|100/100|[from] item: Leftovers
|upkeep
|turn|29
|
|t:|1769350436
|move|p2a: Kingambit|Kowtow Cleave|p1a: Corviknight
|-damage|p1a: Corviknight|0 fnt
|faint|p1a: Corviknight
|
|upkeep
|
|t:|1769350451
|switch|p1a: Raging Bolt|Raging Bolt|100/100
|turn|30
|
|t:|1769350458
|move|p1a: Raging Bolt|Thunderclap|p2a: Kingambit
|-damage|p2a: Kingambit|55/100
|move|p2a: Kingambit|Kowtow Cleave|p1a: Raging Bolt
|-damage|p1a: Raging Bolt|0 fnt
|faint|p1a: Raging Bolt
|-end|p1a: Raging Bolt|Protosynthesis|[silent]
|
|-heal|p2a: Kingambit|61/100|[from] item: Leftovers
|upkeep
|
|t:|1769350465
|switch|p1a: Typhlosion|Typhlosion-Hisui, M|100/100
|turn|31
|c|☆SladeRG|gg
|
|t:|1769350489
|move|p2a: Kingambit|Sucker Punch|p1a: Typhlosion
|-supereffective|p1a: Typhlosion
|-damage|p1a: Typhlosion|0 fnt
|faint|p1a: Typhlosion
|
|win|mind goblin games
|raw|SladeRG's rating: 1379 &rarr; <strong>1359</strong><br />(-20 for losing)
|raw|mind goblin games's rating: 1376 &rarr; <strong>1396</strong><br />(+20 for winning)
|l|☆SladeRG
|player|p1|
|l|☆mind goblin games
|player|p2|
