|j|☆Log God Neo✈️_✈️
|j|☆Unender
|t:|1769303910
|gametype|singles
|player|p1|Log God Neo✈️_✈️|medium|1557
|player|p2|Unender|1|1592
|gen|9
|tier|[Gen 9] OU
|rated|
|rule|HP Percentage Mod: HP is shown in percentages
|rule|Endless Battle Clause: Forcing endless battles is banned
|rule|Species Clause: Limit one of each Pokémon
|rule|OHKO Clause: OHKO moves are banned
|rule|Evasion Items Clause: Evasion items are banned
|rule|Evasion Moves Clause: Evasion moves are banned
|rule|Evasion Abilities Clause: Evasion abilities are banned
|rule|Sleep Moves Clause: Sleep-inducing moves are banned
|clearpoke
|poke|p1|Tyranitar, F|
|poke|p1|Ninetales-Alola, M|
|poke|p1|Staraptor, F|
|poke|p1|Garchomp, M|
|poke|p1|Torkoal, M|
|poke|p1|Dragonite, M|
|poke|p2|Scizor, M|
|poke|p2|Raging Bolt|
|poke|p2|Rillaboom, F|
|poke|p2|Primarina, M|
|poke|p2|Landorus-Therian, M|
|poke|p2|Great Tusk|
|teampreview
|inactive|Battle timer is ON: inactive players will automatically lose when time's up. (requested by Log God Neo✈️_✈️)
|inactive|Unender has 120 seconds left.
|
|t:|1769303945
|teamsize|p1|6
|teamsize|p2|6
|start
|switch|p1a: BIRD JESUS|Staraptor, F, shiny|100/100
|switch|p2a: Primarina|Primarina, M|100/100
|turn|1
|
|t:|1769303957
|switch|p2a: Landorus|Landorus-Therian, M|100/100
|-ability|p2a: Landorus|Intimidate|boost
|-unboost|p1a: BIRD JESUS|atk|1
|move|p1a: BIRD JESUS|Brave Bird|p2a: Landorus
|-damage|p2a: Landorus|24/100
|-damage|p1a: BIRD JESUS|84/100|[from] item: Rocky Helmet|[of] p2a: Landorus
|-damage|p1a: BIRD JESUS|53/100|[from] Recoil
|
|upkeep
|turn|2
|inactive|Unender has 120 seconds left.
|
|t:|1769304010
|switch|p2a: Raging Bolt|Raging Bolt|100/100
|move|p1a: BIRD JESUS|Brave Bird|p2a: Raging Bolt
|-resisted|p2a: Raging Bolt
|-damage|p2a: Raging Bolt|61/100
|-damage|p1a: BIRD JESUS|37/100|[from] Recoil
|
|-heal|p2a: Raging Bolt|68/100|[from] item: Leftovers
|upkeep
|turn|3
|
|t:|1769304020
|switch|p1a: DA LAST REX(3005)|Tyranitar, F|100/100
|-weather|Sandstorm|[from] ability: Sand Stream|[of] p1a: DA LAST REX(3005)
|move|p2a: Raging Bolt|Calm Mind|p2a: Raging Bolt
|-boost|p2a: Raging Bolt|spa|1
|-boost|p2a: Raging Bolt|spd|1
|
|-weather|Sandstorm|[upkeep]
|-damage|p2a: Raging Bolt|61/100|[from] Sandstorm
|-heal|p2a: Raging Bolt|68/100|[from] item: Leftovers
|upkeep
|turn|4
|
|t:|1769304023
|move|p2a: Raging Bolt|Thunderbolt|p1a: DA LAST REX(3005)
|-damage|p1a: DA LAST REX(3005)|80/100
|-status|p1a: DA LAST REX(3005)|par
|move|p1a: DA LAST REX(3005)|Knock Off|p2a: Raging Bolt
|-crit|p2a: Raging Bolt
|-damage|p2a: Raging Bolt|10/100
|-enditem|p2a: Raging Bolt|Leftovers|[from] move: Knock Off|[of] p1a: DA LAST REX(3005)
|
|-weather|Sandstorm|[upkeep]
|-damage|p2a: Raging Bolt|4/100|[from] Sandstorm
|upkeep
|turn|5
|inactive|Unender has 120 seconds left.
|
|t:|1769304055
|-end|p2a: Raging Bolt|Protosynthesis|[silent]
|switch|p2a: Great Tusk|Great Tusk|100/100
|move|p1a: DA LAST REX(3005)|Knock Off|p2a: Great Tusk
|-resisted|p2a: Great Tusk
|-damage|p2a: Great Tusk|86/100
|-enditem|p2a: Great Tusk|Choice Scarf|[from] move: Knock Off|[of] p1a: DA LAST REX(3005)
|
|-weather|Sandstorm|[upkeep]
|upkeep
|turn|6
|inactive|Unender has 90 seconds left.
|
|t:|1769304070
|switch|p1a: BLITZ SOME OPPS|Garchomp, M|100/100
|move|p2a: Great Tusk|Rapid Spin|p1a: BLITZ SOME OPPS
|-damage|p1a: BLITZ SOME OPPS|90/100
|-boost|p2a: Great Tusk|spe|1
|-damage|p2a: Great Tusk|74/100|[from] ability: Rough Skin|[of] p1a: BLITZ SOME OPPS
|-damage|p2a: Great Tusk|57/100|[from] item: Rocky Helmet|[of] p1a: BLITZ SOME OPPS
|
|-weather|Sandstorm|[upkeep]
|upkeep
|turn|7
|
|t:|1769304073
|move|p2a: Great Tusk|Ice Spinner|p1a: BLITZ SOME OPPS
|-supereffective|p1a: BLITZ SOME OPPS
|-damage|p1a: BLITZ SOME OPPS|23/100
|-damage|p2a: Great Tusk|45/100|[from] ability: Rough Skin|[of] p1a: BLITZ SOME OPPS
|-damage|p2a: Great Tusk|28/100|[from] item: Rocky Helmet|[of] p1a: BLITZ SOME OPPS
|move|p1a: BLITZ SOME OPPS|Stealth Rock|p2a: Great Tusk
|-sidestart|p2: Unender|move: Stealth Rock
|
|-weather|none
|upkeep
|turn|8
|
|t:|1769304087
|move|p2a: Great Tusk|Rapid Spin|p1a: BLITZ SOME OPPS
|-damage|p1a: BLITZ SOME OPPS|11/100
|-boost|p2a: Great Tusk|spe|1
|-damage|p2a: Great Tusk|16/100|[from] ability: Rough Skin|[of] p1a: BLITZ SOME OPPS
|-damage|p2a: Great Tusk|0 fnt|[from] item: Rocky Helmet|[of] p1a: BLITZ SOME OPPS
|faint|p2a: Great Tusk
|-end|p2a: Great Tusk|Protosynthesis|[silent]
|move|p1a: BLITZ SOME OPPS|Spikes|p2: Great Tusk
|-sidestart|p2: Unender|Spikes
|
|upkeep
|inactive|Unender has 90 seconds left.
|-message|Unender forfeited.
|
|win|Log God Neo✈️_✈️
|raw|Log God Neo✈️_✈️'s rating: 1557 &rarr; <strong>1579</strong><br />(+22 for winning)
|raw|Unender's rating: 1592 &rarr; <strong>1570</strong><br />(-22 for losing)
|l|☆Unender
|player|p2|
|l|☆Log God Neo✈️_✈️
|player|p1|
