|j|☆Goofy time67
|j|☆acrapo_ibra
|t:|1769335393
|gametype|singles
|player|p1|Goofy time67|1|1157
|player|p2|acrapo_ibra|266|1162
|gen|9
|tier|[Gen 9] OU
|rated|
|rule|HP Percentage Mod: HP is shown in percentages
|rule|Endless Battle Clause: Forcing endless battles is banned
|rule|Species Clause: Limit one of each Pokémon
|rule|OHKO Clause: OHKO moves are banned
|rule|Evasion Items Clause: Evasion items are banned
|rule|Evasion Moves Clause: Evasion moves are banned
|rule|Evasion Abilities Clause: Evasion abilities are banned
|rule|Sleep Moves Clause: Sleep-inducing moves are banned
|clearpoke
|poke|p1|Skarmory, F|
|poke|p1|Slowking-Galar, M|
|poke|p1|Kyurem|
|poke|p1|Great Tusk|
|poke|p1|Tornadus-Therian, M|
|poke|p1|Regigigas|
|poke|p2|Pelipper, F|
|poke|p2|Hatterene, F|
|poke|p2|Barraskewda, F|
|poke|p2|Samurott-Hisui, M|
|poke|p2|Iron Treads|
|poke|p2|Dragapult, F|
|teampreview
|inactive|Battle timer is ON: inactive players will automatically lose when time's up. (requested by acrapo_ibra)
|
|t:|1769335418
|teamsize|p1|6
|teamsize|p2|6
|start
|switch|p1a: Kyurem|Kyurem|100/100
|switch|p2a: Hatterene|Hatterene, F|100/100
|-ability|p1a: Kyurem|Pressure
|turn|1
|
|t:|1769335428
|switch|p1a: Skarmory|Skarmory, F|100/100
|move|p2a: Hatterene|Draining Kiss|p1a: Skarmory
|-resisted|p1a: Skarmory
|-damage|p1a: Skarmory|91/100
|-damage|p2a: Hatterene|84/100|[from] item: Rocky Helmet|[of] p1a: Skarmory
|
|-heal|p2a: Hatterene|90/100|[from] item: Leftovers
|upkeep
|turn|2
|
|t:|1769335438
|move|p1a: Skarmory|Body Press|p2a: Hatterene
|-resisted|p2a: Hatterene
|-damage|p2a: Hatterene|85/100
|move|p2a: Hatterene|Nuzzle|p1a: Skarmory
|-supereffective|p1a: Skarmory
|-damage|p1a: Skarmory|85/100
|-status|p1a: Skarmory|par
|-damage|p2a: Hatterene|68/100|[from] item: Rocky Helmet|[of] p1a: Skarmory
|
|-heal|p2a: Hatterene|74/100|[from] item: Leftovers
|upkeep
|turn|3
|
|t:|1769335458
|switch|p2a: Dragapult|Dragapult, F|100/100
|move|p1a: Skarmory|Whirlwind|p2a: Dragapult
|drag|p2a: Iron Treads|Iron Treads|100/100
|
|upkeep
|turn|4
|
|t:|1769335475
|move|p2a: Iron Treads|Stealth Rock|p1a: Skarmory
|-sidestart|p1: Goofy time67|move: Stealth Rock
|cant|p1a: Skarmory|par
|
|upkeep
|turn|5
|
|t:|1769335480
|move|p2a: Iron Treads|Knock Off|p1a: Skarmory
|-damage|p1a: Skarmory|68/100 par
|-damage|p2a: Iron Treads|84/100|[from] item: Rocky Helmet|[of] p1a: Skarmory
|-enditem|p1a: Skarmory|Rocky Helmet|[from] move: Knock Off|[of] p2a: Iron Treads
|cant|p1a: Skarmory|par
|
|-heal|p2a: Iron Treads|90/100|[from] item: Leftovers
|upkeep
|turn|6
|
|t:|1769335491
|-end|p2a: Iron Treads|Quark Drive|[silent]
|switch|p2a: Dragapult|Dragapult, F|100/100
|move|p1a: Skarmory|Roost|p1a: Skarmory
|-heal|p1a: Skarmory|100/100 par
|-singleturn|p1a: Skarmory|move: Roost
|
|upkeep
|turn|7
|
|t:|1769335498
|move|p2a: Dragapult|Fire Blast|p1a: Skarmory|[miss]
|-miss|p2a: Dragapult|p1a: Skarmory
|cant|p1a: Skarmory|par
|
|upkeep
|turn|8
|
|t:|1769335504
|move|p2a: Dragapult|Fire Blast|p1a: Skarmory
|-supereffective|p1a: Skarmory
|-damage|p1a: Skarmory|17/100 par
|-damage|p2a: Dragapult|91/100|[from] item: Life Orb
|move|p1a: Skarmory|Whirlwind|p2a: Dragapult
|drag|p2a: Hatterene|Hatterene, F|74/100
|
|-heal|p2a: Hatterene|80/100|[from] item: Leftovers
|upkeep
|turn|9
|
|t:|1769335526
|move|p2a: Hatterene|Psyshock|p1a: Skarmory
|-resisted|p1a: Skarmory
|-damage|p1a: Skarmory|4/100 par
|move|p1a: Skarmory|Roost|p1a: Skarmory
|-heal|p1a: Skarmory|54/100 par
|-singleturn|p1a: Skarmory|move: Roost
|
|-heal|p2a: Hatterene|86/100|[from] item: Leftovers
|upkeep
|turn|10
|
|t:|1769335540
|switch|p1a: Slowking|Slowking-Galar, M|100/100
|-damage|p1a: Slowking|88/100|[from] Stealth Rock
|move|p2a: Hatterene|Calm Mind|p2a: Hatterene
|-boost|p2a: Hatterene|spa|1
|-boost|p2a: Hatterene|spd|1
|
|-heal|p2a: Hatterene|92/100|[from] item: Leftovers
|-heal|p1a: Slowking|94/100|[from] item: Black Sludge
|upkeep
|turn|11
|
|t:|1769335552
|-terastallize|p2a: Hatterene|Psychic
|move|p2a: Hatterene|Psyshock|p1a: Slowking
|-damage|p1a: Slowking|17/100
|move|p1a: Slowking|Sludge Bomb|p2a: Hatterene
|-damage|p2a: Hatterene|66/100
|-status|p2a: Hatterene|psn
|
|-heal|p2a: Hatterene|72/100 psn|[from] item: Leftovers
|-heal|p1a: Slowking|23/100|[from] item: Black Sludge
|-damage|p2a: Hatterene|59/100 psn|[from] psn
|upkeep
|turn|12
|
|t:|1769335563
|switch|p1a: Skarmory|Skarmory, F|54/100 par
|-damage|p1a: Skarmory|42/100 par|[from] Stealth Rock
|move|p2a: Hatterene|Psyshock|p1a: Skarmory
|-resisted|p1a: Skarmory
|-damage|p1a: Skarmory|13/100 par
|
|-heal|p2a: Hatterene|65/100 psn|[from] item: Leftovers
|-damage|p2a: Hatterene|53/100 psn|[from] psn
|upkeep
|turn|13
|
|t:|1769335572
|switch|p2a: Dragapult|Dragapult, F|91/100
|cant|p1a: Skarmory|par
|
|upkeep
|turn|14
|
|t:|1769335583
|move|p2a: Dragapult|Fire Blast|p1a: Skarmory
|-supereffective|p1a: Skarmory
|-damage|p1a: Skarmory|0 fnt
|faint|p1a: Skarmory
|-damage|p2a: Dragapult|81/100|[from] item: Life Orb
|
|upkeep
|
|t:|1769335589
|switch|p1a: the king|Regigigas, shiny|100/100
|-damage|p1a: the king|88/100|[from] Stealth Rock
|-start|p1a: the king|ability: Slow Start
|turn|15
|
|t:|1769335596
|switch|p2a: Pelipper|Pelipper, F|100/100
|-weather|RainDance|[from] ability: Drizzle|[of] p2a: Pelipper
|move|p1a: the king|Knock Off|p2a: Pelipper
|-damage|p2a: Pelipper|87/100
|-enditem|p2a: Pelipper|Damp Rock|[from] move: Knock Off|[of] p1a: the king
|
|-weather|RainDance|[upkeep]
|-heal|p1a: the king|94/100|[from] item: Leftovers
|upkeep
|turn|16
|
|t:|1769335605
|move|p2a: Pelipper|U-turn|p1a: the king
|-damage|p1a: the king|88/100
|
|t:|1769335607
|switch|p2a: Barraskewda|Barraskewda, F|100/100|[from] U-turn
|move|p1a: the king|Body Slam|p2a: Barraskewda
|-damage|p2a: Barraskewda|56/100
|
|-weather|RainDance|[upkeep]
|-heal|p1a: the king|94/100|[from] item: Leftovers
|upkeep
|turn|17
|
|t:|1769335616
|move|p1a: the king|Protect|p1a: the king
|-singleturn|p1a: the king|Protect
|move|p2a: Barraskewda|Close Combat|p1a: the king
|-activate|p1a: the king|move: Protect
|
|-weather|RainDance|[upkeep]
|-heal|p1a: the king|99/100|[from] item: Leftovers
|upkeep
|turn|18
|
|t:|1769335623
|-terastallize|p1a: the king|Ghost
|move|p2a: Barraskewda|Close Combat|p1a: the king
|-immune|p1a: the king
|move|p1a: the king|Drain Punch|p2a: Barraskewda
|-damage|p2a: Barraskewda|27/100
|-heal|p1a: the king|100/100|[from] drain|[of] p2a: Barraskewda
|
|-weather|RainDance|[upkeep]
|upkeep
|turn|19
|
|t:|1769335644
|switch|p2a: Pelipper|Pelipper, F|87/100
|move|p1a: the king|Body Slam|p2a: Pelipper
|-crit|p2a: Pelipper
|-damage|p2a: Pelipper|60/100
|
|-weather|RainDance|[upkeep]
|-end|p1a: the king|Slow Start
|upkeep
|turn|20
|
|t:|1769335652
|move|p1a: the king|Body Slam|p2a: Pelipper
|-damage|p2a: Pelipper|22/100
|-status|p2a: Pelipper|par
|cant|p2a: Pelipper|par
|
|-weather|RainDance|[upkeep]
|upkeep
|turn|21
|
|t:|1769335663
|switch|p2a: Dragapult|Dragapult, F|81/100
|move|p1a: the king|Knock Off|p2a: Dragapult
|-supereffective|p2a: Dragapult
|-damage|p2a: Dragapult|0 fnt
|-enditem|p2a: Dragapult|Life Orb|[from] move: Knock Off|[of] p1a: the king
|faint|p2a: Dragapult
|
|-weather|RainDance|[upkeep]
|upkeep
|
|t:|1769335671
|switch|p2a: Samurott|Samurott-Hisui, M|100/100
|turn|22
|c|☆Goofy time67|The king is now
|
|t:|1769335685
|move|p1a: the king|Drain Punch|p2a: Samurott
|-supereffective|p2a: Samurott
|-damage|p2a: Samurott|30/100
|move|p2a: Samurott|Ceaseless Edge|p1a: the king
|-supereffective|p1a: the king
|-damage|p1a: the king|37/100
|-sidestart|p1: Goofy time67|Spikes
|
|-weather|none
|-heal|p1a: the king|43/100|[from] item: Leftovers
|upkeep
|turn|23
|
|t:|1769335696
|switch|p2a: Iron Treads|Iron Treads|90/100
|move|p1a: the king|Drain Punch|p2a: Iron Treads
|-supereffective|p2a: Iron Treads
|-damage|p2a: Iron Treads|46/100
|-heal|p1a: the king|64/100|[from] drain|[of] p2a: Iron Treads
|
|-heal|p1a: the king|70/100|[from] item: Leftovers
|-heal|p2a: Iron Treads|52/100|[from] item: Leftovers
|upkeep
|turn|24
|
|t:|1769335705
|move|p1a: the king|Drain Punch|p2a: Iron Treads
|-supereffective|p2a: Iron Treads
|-damage|p2a: Iron Treads|7/100
|-heal|p1a: the king|91/100|[from] drain|[of] p2a: Iron Treads
|move|p2a: Iron Treads|Knock Off|p1a: the king
|-supereffective|p1a: the king
|-damage|p1a: the king|51/100
|-enditem|p1a: the king|Leftovers|[from] move: Knock Off|[of] p2a: Iron Treads
|
|-heal|p2a: Iron Treads|13/100|[from] item: Leftovers
|upkeep
|turn|25
|
|t:|1769335718
|-end|p2a: Iron Treads|Quark Drive|[silent]
|switch|p2a: Hatterene|Hatterene, F, tera:Psychic|53/100 psn
|move|p1a: the king|Knock Off|p2a: Hatterene
|-supereffective|p2a: Hatterene
|-damage|p2a: Hatterene|0 fnt
|-enditem|p2a: Hatterene|Leftovers|[from] move: Knock Off|[of] p1a: the king
|faint|p2a: Hatterene
|
|upkeep
|
|t:|1769335725
|switch|p2a: Barraskewda|Barraskewda, F|27/100
|turn|26
|c|☆Goofy time67|Lol
|
|t:|1769335730
|switch|p2a: Pelipper|Pelipper, F|22/100 par
|-weather|RainDance|[from] ability: Drizzle|[of] p2a: Pelipper
|move|p1a: the king|Drain Punch|p2a: Pelipper
|-resisted|p2a: Pelipper
|-damage|p2a: Pelipper|12/100 par
|-heal|p1a: the king|56/100|[from] drain|[of] p2a: Pelipper
|
|-weather|RainDance|[upkeep]
|upkeep
|turn|27
|
|t:|1769335740
|move|p1a: the king|Knock Off|p2a: Pelipper
|-damage|p2a: Pelipper|0 fnt
|faint|p2a: Pelipper
|
|-weather|RainDance|[upkeep]
|upkeep
|
|t:|1769335744
|switch|p2a: Barraskewda|Barraskewda, F|27/100
|turn|28
|
|t:|1769335748
|move|p1a: the king|Protect|p1a: the king
|-singleturn|p1a: the king|Protect
|move|p2a: Barraskewda|Liquidation|p1a: the king
|-activate|p1a: the king|move: Protect
|
|-weather|RainDance|[upkeep]
|upkeep
|turn|29
|
|t:|1769335754
|move|p2a: Barraskewda|Liquidation|p1a: the king
|-damage|p1a: the king|0 fnt
|faint|p1a: the king
|
|-weather|RainDance|[upkeep]
|upkeep
|
|t:|1769335760
|switch|p1a: Kyurem|Kyurem|100/100
|-ability|p1a: Kyurem|Pressure
|turn|30
|
|t:|1769335766
|move|p2a: Barraskewda|Liquidation|p1a: Kyurem
|-resisted|p1a: Kyurem
|-damage|p1a: Kyurem|56/100
|-unboost|p1a: Kyurem|def|1
|move|p1a: Kyurem|Freeze-Dry|p2a: Barraskewda
|-supereffective|p2a: Barraskewda
|-crit|p2a: Barraskewda
|-damage|p2a: Barraskewda|0 fnt
|faint|p2a: Barraskewda
|
|-weather|none
|upkeep
|
|t:|1769335776
|switch|p2a: Iron Treads|Iron Treads|13/100
|turn|31
|
|t:|1769335779
|move|p1a: Kyurem|Earth Power|p2a: Iron Treads
|-supereffective|p2a: Iron Treads
|-damage|p2a: Iron Treads|0 fnt
|faint|p2a: Iron Treads
|-end|p2a: Iron Treads|Quark Drive|[silent]
|
|upkeep
|
|t:|1769335783
|switch|p2a: Samurott|Samurott-Hisui, M|30/100
|turn|32
|c|☆Goofy time67|Gg
|
|t:|1769335788
|move|p1a: Kyurem|Freeze-Dry|p2a: Samurott
|-supereffective|p2a: Samurott
|-damage|p2a: Samurott|0 fnt
|faint|p2a: Samurott
|
|win|Goofy time67
|raw|Goofy time67's rating: 1157 &rarr; <strong>1182</strong><br />(+25 for winning)
|raw|acrapo_ibra's rating: 1162 &rarr; <strong>1137</strong><br />(-25 for losing)
|l|☆acrapo_ibra
|player|p2|
|l|☆Goofy time67
|player|p1|
