|j|☆GreninjaMyFav
|j|☆Noamm
|t:|1769318120
|gametype|singles
|player|p1|GreninjaMyFav|170|1550
|player|p2|Noamm|gambler|1570
|gen|9
|tier|[Gen 9] OU
|rated|
|rule|HP Percentage Mod: HP is shown in percentages
|rule|Endless Battle Clause: Forcing endless battles is banned
|rule|Species Clause: Limit one of each Pokémon
|rule|OHKO Clause: OHKO moves are banned
|rule|Evasion Items Clause: Evasion items are banned
|rule|Evasion Moves Clause: Evasion moves are banned
|rule|Evasion Abilities Clause: Evasion abilities are banned
|rule|Sleep Moves Clause: Sleep-inducing moves are banned
|clearpoke
|poke|p1|Rillaboom, F|
|poke|p1|Gholdengo|
|poke|p1|Greninja-*, F|
|poke|p1|Heatran, M|
|poke|p1|Great Tusk|
|poke|p1|Zarude|
|poke|p2|Lokix, F|
|poke|p2|Dragapult, M|
|poke|p2|Slowking-Galar, F|
|poke|p2|Mandibuzz, F|
|poke|p2|Great Tusk|
|poke|p2|Primarina, F|
|teampreview
|
|t:|1769318131
|teamsize|p1|6
|teamsize|p2|6
|start
|switch|p1a: Heatran|Heatran, M|100/100
|switch|p2a: Kamen Rider Shade|Dragapult, M, shiny|100/100
|turn|1
|
|t:|1769318134
|move|p2a: Kamen Rider Shade|U-turn|p1a: Heatran
|-resisted|p1a: Heatran
|-damage|p1a: Heatran|97/100
|
|t:|1769318135
|switch|p2a: Kamen Rider Siren|Primarina, F|100/100|[from] U-turn
|move|p1a: Heatran|Stealth Rock|p2a: Kamen Rider Siren
|-sidestart|p2: Noamm|move: Stealth Rock
|
|-heal|p1a: Heatran|100/100|[from] item: Leftovers
|upkeep
|turn|2
|
|t:|1769318139
|switch|p1a: Rillaboom|Rillaboom, F|100/100
|-fieldstart|move: Grassy Terrain|[from] ability: Grassy Surge|[of] p1a: Rillaboom
|move|p2a: Kamen Rider Siren|Whirlpool|p1a: Rillaboom
|-resisted|p1a: Rillaboom
|-damage|p1a: Rillaboom|88/100
|-activate|p1a: Rillaboom|move: Whirlpool|[of] p2a: Kamen Rider Siren
|
|-heal|p1a: Rillaboom|94/100|[from] Grassy Terrain
|-damage|p1a: Rillaboom|82/100|[from] move: Whirlpool|[partiallytrapped]
|upkeep
|turn|3
|
|t:|1769318143
|switch|p2a: Kamen Rider Scaven|Mandibuzz, F|100/100
|move|p1a: Rillaboom|U-turn|p2a: Kamen Rider Scaven
|-damage|p2a: Kamen Rider Scaven|77/100
|
|t:|1769318145
|switch|p1a: Greninja|Greninja, F|100/100|[from] U-turn
|
|upkeep
|turn|4
|
|t:|1769318150
|switch|p2a: Kamen Rider Siren|Primarina, F|100/100
|-damage|p2a: Kamen Rider Siren|88/100|[from] Stealth Rock
|move|p1a: Greninja|Grass Knot|p2a: Kamen Rider Siren
|-start|p1a: Greninja|typechange|Grass|[from] ability: Protean
|-supereffective|p2a: Kamen Rider Siren
|-damage|p2a: Kamen Rider Siren|21/100
|
|-heal|p2a: Kamen Rider Siren|27/100|[from] Grassy Terrain
|upkeep
|turn|5
|
|t:|1769318160
|switch|p2a: Kamen Rider Burr|Slowking-Galar, F|100/100
|move|p1a: Greninja|Grass Knot|p2a: Kamen Rider Burr
|-resisted|p2a: Kamen Rider Burr
|-damage|p2a: Kamen Rider Burr|79/100
|
|-heal|p2a: Kamen Rider Burr|85/100|[from] Grassy Terrain
|upkeep
|turn|6
|
|t:|1769318166
|switch|p1a: Gholdengo|Gholdengo|100/100
|-item|p1a: Gholdengo|Air Balloon
|-prepare|p2a: Kamen Rider Burr|Chilly Reception|[premajor]
|move|p2a: Kamen Rider Burr|Chilly Reception|p2a: Kamen Rider Burr
|-weather|Snowscape
|
|t:|1769318180
|switch|p2a: Kamen Rider Shade|Dragapult, M, shiny|100/100|[from] Chilly Reception
|-damage|p2a: Kamen Rider Shade|88/100|[from] Stealth Rock
|
|-weather|Snowscape|[upkeep]
|-heal|p2a: Kamen Rider Shade|94/100|[from] Grassy Terrain
|-fieldend|move: Grassy Terrain
|upkeep
|turn|7
|
|t:|1769318197
|switch|p1a: Heatran|Heatran, M|100/100
|move|p2a: Kamen Rider Shade|Shadow Ball|p1a: Heatran
|-damage|p1a: Heatran|65/100
|
|-weather|Snowscape|[upkeep]
|-heal|p1a: Heatran|71/100|[from] item: Leftovers
|upkeep
|turn|8
|
|t:|1769318204
|switch|p2a: Kamen Rider Burr|Slowking-Galar, F|100/100
|move|p1a: Heatran|Lava Plume|p2a: Kamen Rider Burr
|-damage|p2a: Kamen Rider Burr|78/100
|
|-weather|Snowscape|[upkeep]
|-heal|p1a: Heatran|78/100|[from] item: Leftovers
|upkeep
|turn|9
|
|t:|1769318206
|move|p1a: Heatran|Taunt|p2a: Kamen Rider Burr
|-start|p2a: Kamen Rider Burr|move: Taunt
|-prepare|p2a: Kamen Rider Burr|Chilly Reception|[premajor]
|cant|p2a: Kamen Rider Burr|move: Taunt|Chilly Reception
|
|-weather|Snowscape|[upkeep]
|-heal|p1a: Heatran|84/100|[from] item: Leftovers
|upkeep
|turn|10
|
|t:|1769318211
|move|p1a: Heatran|Lava Plume|p2a: Kamen Rider Burr
|-damage|p2a: Kamen Rider Burr|60/100
|move|p2a: Kamen Rider Burr|Future Sight|p1a: Heatran
|-start|p2a: Kamen Rider Burr|move: Future Sight
|
|-weather|none
|-heal|p1a: Heatran|90/100|[from] item: Leftovers
|upkeep
|turn|11
|
|t:|1769318215
|switch|p2a: Kamen Rider Shade|Dragapult, M, shiny|94/100
|-damage|p2a: Kamen Rider Shade|82/100|[from] Stealth Rock
|move|p1a: Heatran|Lava Plume|p2a: Kamen Rider Shade
|-resisted|p2a: Kamen Rider Shade
|-damage|p2a: Kamen Rider Shade|59/100
|-status|p2a: Kamen Rider Shade|brn
|
|-heal|p1a: Heatran|96/100|[from] item: Leftovers
|-damage|p2a: Kamen Rider Shade|53/100 brn|[from] brn
|upkeep
|turn|12
|
|t:|1769318222
|move|p2a: Kamen Rider Shade|U-turn|p1a: Heatran
|-resisted|p1a: Heatran
|-damage|p1a: Heatran|95/100
|
|t:|1769318224
|switch|p2a: Kamen Rider Burr|Slowking-Galar, F|93/100|[from] U-turn
|move|p1a: Heatran|Lava Plume|p2a: Kamen Rider Burr
|-damage|p2a: Kamen Rider Burr|71/100
|-status|p2a: Kamen Rider Burr|brn
|
|-end|p1a: Heatran|move: Future Sight
|-resisted|p1a: Heatran
|-crit|p1a: Heatran
|-damage|p1a: Heatran|73/100
|-heal|p1a: Heatran|79/100|[from] item: Leftovers
|-damage|p2a: Kamen Rider Burr|65/100 brn|[from] brn
|upkeep
|turn|13
|
|t:|1769318228
|switch|p2a: Kamen Rider Torque|Great Tusk|100/100
|move|p1a: Heatran|Taunt|p2a: Kamen Rider Torque
|-start|p2a: Kamen Rider Torque|move: Taunt
|
|-heal|p1a: Heatran|85/100|[from] item: Leftovers
|upkeep
|turn|14
|
|t:|1769318235
|switch|p1a: Gholdengo|Gholdengo|100/100
|-item|p1a: Gholdengo|Air Balloon
|move|p2a: Kamen Rider Torque|Ice Spinner|p1a: Gholdengo
|-resisted|p1a: Gholdengo
|-damage|p1a: Gholdengo|91/100
|-enditem|p1a: Gholdengo|Air Balloon
|
|upkeep
|turn|15
|
|t:|1769318245
|switch|p1a: Zarude|Zarude|100/100
|move|p2a: Kamen Rider Torque|Headlong Rush|p1a: Zarude
|-resisted|p1a: Zarude
|-damage|p1a: Zarude|69/100
|-unboost|p2a: Kamen Rider Torque|def|1
|-unboost|p2a: Kamen Rider Torque|spd|1
|
|-heal|p1a: Zarude|75/100|[from] item: Leftovers
|-end|p2a: Kamen Rider Torque|move: Taunt
|upkeep
|turn|16
|l|☆Noamm
|player|p2|
|inactive|Battle timer is ON: inactive players will automatically lose when time's up. (requested by GreninjaMyFav)
|j|☆Noamm
|inactive|Noamm reconnected and has 140 seconds left.
|player|p2|Noamm|gambler|
|
|t:|1769318272
|-end|p2a: Kamen Rider Torque|Protosynthesis|[silent]
|switch|p2a: Kamen Rider Scaven|Mandibuzz, F|77/100
|move|p1a: Zarude|Trailblaze|p2a: Kamen Rider Scaven
|-resisted|p2a: Kamen Rider Scaven
|-damage|p2a: Kamen Rider Scaven|70/100
|-boost|p1a: Zarude|spe|1
|
|-heal|p1a: Zarude|81/100|[from] item: Leftovers
|upkeep
|turn|17
|
|t:|1769318277
|switch|p1a: Greninja|Greninja, F|100/100
|move|p2a: Kamen Rider Scaven|Defog|p1a: Greninja
|-unboost|p1a: Greninja|evasion|1
|-sideend|p2: Noamm|Stealth Rock|[from] move: Defog|[of] p2a: Kamen Rider Scaven
|
|upkeep
|turn|18
|
|t:|1769318281
|switch|p2a: Kamen Rider Siren|Primarina, F|27/100
|move|p1a: Greninja|Spikes|p2a: Kamen Rider Siren
|-start|p1a: Greninja|typechange|Ground|[from] ability: Protean
|-sidestart|p2: Noamm|Spikes
|
|upkeep
|turn|19
|
|t:|1769318290
|switch|p1a: Rillaboom|Rillaboom, F|82/100
|-fieldstart|move: Grassy Terrain|[from] ability: Grassy Surge|[of] p1a: Rillaboom
|move|p2a: Kamen Rider Siren|Flip Turn|p1a: Rillaboom
|-resisted|p1a: Rillaboom
|-damage|p1a: Rillaboom|74/100
|
|t:|1769318292
|switch|p2a: Kamen Rider SwarmX|Lokix, F, shiny|100/100|[from] Flip Turn
|-damage|p2a: Kamen Rider SwarmX|88/100|[from] Spikes
|
|-heal|p2a: Kamen Rider SwarmX|94/100|[from] Grassy Terrain
|-heal|p1a: Rillaboom|80/100|[from] Grassy Terrain
|upkeep
|turn|20
|
|t:|1769318298
|switch|p1a: Heatran|Heatran, M|85/100
|move|p2a: Kamen Rider SwarmX|Knock Off|p1a: Heatran
|-damage|p1a: Heatran|28/100
|-enditem|p1a: Heatran|Leftovers|[from] move: Knock Off|[of] p2a: Kamen Rider SwarmX
|
|-heal|p2a: Kamen Rider SwarmX|99/100|[from] Grassy Terrain
|-heal|p1a: Heatran|34/100|[from] Grassy Terrain
|upkeep
|turn|21
|
|t:|1769318308
|switch|p1a: Great Tusk|Great Tusk|100/100
|move|p2a: Kamen Rider SwarmX|Knock Off|p1a: Great Tusk
|-resisted|p1a: Great Tusk
|-damage|p1a: Great Tusk|46/100
|-enditem|p1a: Great Tusk|Heavy-Duty Boots|[from] move: Knock Off|[of] p2a: Kamen Rider SwarmX
|
|-heal|p1a: Great Tusk|52/100|[from] Grassy Terrain
|-heal|p2a: Kamen Rider SwarmX|100/100|[from] Grassy Terrain
|upkeep
|turn|22
|j| H1tTheWitch
|
|t:|1769318315
|switch|p2a: Kamen Rider Torque|Great Tusk|100/100
|move|p1a: Great Tusk|Temper Flare|p2a: Kamen Rider Torque
|-damage|p2a: Kamen Rider Torque|79/100
|
|-heal|p1a: Great Tusk|58/100|[from] Grassy Terrain
|-heal|p2a: Kamen Rider Torque|86/100|[from] Grassy Terrain
|upkeep
|turn|23
|
|t:|1769318320
|-end|p1a: Great Tusk|Protosynthesis|[silent]
|switch|p1a: Gholdengo|Gholdengo|91/100
|move|p2a: Kamen Rider Torque|Ice Spinner|p1a: Gholdengo
|-resisted|p1a: Gholdengo
|-damage|p1a: Gholdengo|82/100
|-fieldend|move: Grassy Terrain
|
|upkeep
|turn|24
|l| H1tTheWitch
|
|t:|1769318326
|move|p2a: Kamen Rider Torque|Ice Spinner|p1a: Gholdengo
|-resisted|p1a: Gholdengo
|-damage|p1a: Gholdengo|71/100
|move|p1a: Gholdengo|Make It Rain|p2a: Kamen Rider Torque
|-damage|p2a: Kamen Rider Torque|0 fnt
|-unboost|p1a: Gholdengo|spa|1
|faint|p2a: Kamen Rider Torque
|-end|p2a: Kamen Rider Torque|Protosynthesis|[silent]
|
|upkeep
|
|t:|1769318328
|switch|p2a: Kamen Rider Shade|Dragapult, M, shiny|53/100 brn
|-damage|p2a: Kamen Rider Shade|41/100 brn|[from] Spikes
|turn|25
|
|t:|1769318331
|switch|p1a: Heatran|Heatran, M|34/100
|move|p2a: Kamen Rider Shade|Shadow Ball|p1a: Heatran
|-damage|p1a: Heatran|2/100
|
|-damage|p2a: Kamen Rider Shade|35/100 brn|[from] brn
|upkeep
|turn|26
|
|t:|1769318335
|move|p2a: Kamen Rider Shade|Shadow Ball|p1a: Heatran
|-damage|p1a: Heatran|0 fnt
|faint|p1a: Heatran
|
|-damage|p2a: Kamen Rider Shade|29/100 brn|[from] brn
|upkeep
|
|t:|1769318337
|switch|p1a: Greninja|Greninja, F|100/100
|turn|27
|
|t:|1769318341
|switch|p2a: Kamen Rider Scaven|Mandibuzz, F|70/100
|move|p1a: Greninja|Ice Beam|p2a: Kamen Rider Scaven
|-start|p1a: Greninja|typechange|Ice|[from] ability: Protean
|-supereffective|p2a: Kamen Rider Scaven
|-damage|p2a: Kamen Rider Scaven|0 fnt
|faint|p2a: Kamen Rider Scaven
|
|upkeep
|
|t:|1769318342
|switch|p2a: Kamen Rider SwarmX|Lokix, F, shiny|100/100
|-damage|p2a: Kamen Rider SwarmX|88/100|[from] Spikes
|turn|28
|
|t:|1769318348
|switch|p1a: Gholdengo|Gholdengo|71/100
|move|p2a: Kamen Rider SwarmX|Knock Off|p1a: Gholdengo
|-supereffective|p1a: Gholdengo
|-crit|p1a: Gholdengo
|-damage|p1a: Gholdengo|0 fnt
|faint|p1a: Gholdengo
|
|upkeep
|
|t:|1769318358
|switch|p1a: Great Tusk|Great Tusk|58/100
|turn|29
|
|t:|1769318361
|move|p1a: Great Tusk|Headlong Rush|p2a: Kamen Rider SwarmX
|-resisted|p2a: Kamen Rider SwarmX
|-damage|p2a: Kamen Rider SwarmX|40/100
|-unboost|p1a: Great Tusk|def|1
|-unboost|p1a: Great Tusk|spd|1
|move|p2a: Kamen Rider SwarmX|Knock Off|p1a: Great Tusk
|-resisted|p1a: Great Tusk
|-damage|p1a: Great Tusk|5/100
|
|upkeep
|turn|30
|
|t:|1769318369
|switch|p2a: Kamen Rider Burr|Slowking-Galar, F|98/100 brn
|move|p1a: Great Tusk|Headlong Rush|p2a: Kamen Rider Burr
|-supereffective|p2a: Kamen Rider Burr
|-damage|p2a: Kamen Rider Burr|0 fnt
|-unboost|p1a: Great Tusk|def|1
|-unboost|p1a: Great Tusk|spd|1
|faint|p2a: Kamen Rider Burr
|
|upkeep
|
|t:|1769318373
|switch|p2a: Kamen Rider Shade|Dragapult, M, shiny|29/100 brn
|-damage|p2a: Kamen Rider Shade|17/100 brn|[from] Spikes
|turn|31
|
|t:|1769318376
|move|p2a: Kamen Rider Shade|U-turn|p1a: Great Tusk
|-resisted|p1a: Great Tusk
|-damage|p1a: Great Tusk|0 fnt
|faint|p1a: Great Tusk
|-end|p1a: Great Tusk|Protosynthesis|[silent]
|
|t:|1769318378
|switch|p2a: Kamen Rider SwarmX|Lokix, F, shiny|40/100|[from] U-turn
|-damage|p2a: Kamen Rider SwarmX|28/100|[from] Spikes
|
|upkeep
|
|t:|1769318393
|switch|p1a: Zarude|Zarude|81/100
|turn|32
|
|t:|1769318395
|move|p2a: Kamen Rider SwarmX|First Impression|p1a: Zarude
|-supereffective|p1a: Zarude
|-damage|p1a: Zarude|0 fnt
|faint|p1a: Zarude
|
|upkeep
|
|t:|1769318397
|switch|p1a: Greninja|Greninja, F|100/100
|turn|33
|
|t:|1769318400
|switch|p2a: Kamen Rider Siren|Primarina, F|27/100
|-damage|p2a: Kamen Rider Siren|15/100|[from] Spikes
|move|p1a: Greninja|Spikes|p2a: Kamen Rider Siren
|-start|p1a: Greninja|typechange|Ground|[from] ability: Protean
|-sidestart|p2: Noamm|Spikes
|
|upkeep
|turn|34
|-message|GreninjaMyFav forfeited.
|
|win|Noamm
|raw|GreninjaMyFav's rating: 1550 &rarr; <strong>1531</strong><br />(-19 for losing)
|raw|Noamm's rating: 1570 &rarr; <strong>1589</strong><br />(+19 for winning)
|l|☆GreninjaMyFav
|player|p1|
|l|☆Noamm
|player|p2|
