|j|☆midorinome
|j|‽Reco_is2
|t:|1769378382
|gametype|singles
|player|p1|midorinome|blue|1197
|player|p2|Reco_is2|2|1225
|gen|9
|tier|[Gen 9] OU
|rated|
|rule|HP Percentage Mod: HP is shown in percentages
|rule|Endless Battle Clause: Forcing endless battles is banned
|rule|Species Clause: Limit one of each Pokémon
|rule|OHKO Clause: OHKO moves are banned
|rule|Evasion Items Clause: Evasion items are banned
|rule|Evasion Moves Clause: Evasion moves are banned
|rule|Evasion Abilities Clause: Evasion abilities are banned
|rule|Sleep Moves Clause: Sleep-inducing moves are banned
|clearpoke
|poke|p1|Umbreon, M|
|poke|p1|Gengar, M|
|poke|p1|Avalugg, M|
|poke|p1|Cramorant, F|
|poke|p1|Grimmsnarl, M|
|poke|p1|Clefable, M|
|poke|p2|Gholdengo|
|poke|p2|Ogerpon, F|
|poke|p2|Rillaboom, M|
|poke|p2|Samurott-Hisui, M|
|poke|p2|Glimmora, M|
|poke|p2|Raging Bolt|
|teampreview
|inactive|Battle timer is ON: inactive players will automatically lose when time's up. (requested by midorinome)
|
|t:|1769378393
|teamsize|p1|6
|teamsize|p2|6
|start
|switch|p1a: Cramorant|Cramorant, F|100/100
|switch|p2a: Gholdengo|Gholdengo, shiny|100/100
|turn|1
|
|t:|1769378399
|move|p2a: Gholdengo|Trick|p1a: Cramorant
|-activate|p2a: Gholdengo|move: Trick|[of] p1a: Cramorant
|-item|p1a: Cramorant|Choice Scarf|[from] move: Trick
|-item|p2a: Gholdengo|Custap Berry|[from] move: Trick
|move|p1a: Cramorant|Surf|p2a: Gholdengo
|-formechange|p1a: Cramorant|Cramorant-Gulping|
|-damage|p2a: Gholdengo|64/100
|
|upkeep
|turn|2
|
|t:|1769378413
|switch|p2a: Samurott|Samurott-Hisui, M, shiny|100/100
|move|p1a: Cramorant|Surf|p2a: Samurott
|-resisted|p2a: Samurott
|-damage|p2a: Samurott|71/100
|
|upkeep
|turn|3
|
|t:|1769378417
|switch|p1a: Avalugg|Avalugg, M|100/100
|move|p2a: Samurott|Ceaseless Edge|p1a: Avalugg
|-crit|p1a: Avalugg
|-damage|p1a: Avalugg|67/100
|-sidestart|p1: midorinome|Spikes
|
|upkeep
|turn|4
|
|t:|1769378424
|move|p2a: Samurott|Flip Turn|p1a: Avalugg
|-damage|p1a: Avalugg|54/100
|
|t:|1769378426
|switch|p2a: Gholdengo|Gholdengo, shiny|64/100|[from] Flip Turn
|move|p1a: Avalugg|Rapid Spin|p2a: Gholdengo
|-immune|p2a: Gholdengo
|
|upkeep
|turn|5
|
|t:|1769378432
|switch|p1a: Cramorant|Cramorant, F|100/100
|move|p2a: Gholdengo|Shadow Ball|p1a: Cramorant
|-damage|p1a: Cramorant|61/100
|-unboost|p1a: Cramorant|spd|1
|
|upkeep
|turn|6
|
|t:|1769378439
|move|p1a: Cramorant|Surf|p2a: Gholdengo
|-formechange|p1a: Cramorant|Cramorant-Gulping|
|-damage|p2a: Gholdengo|25/100
|move|p2a: Gholdengo|Shadow Ball|p1a: Cramorant
|-damage|p1a: Cramorant|6/100
|-damage|p2a: Gholdengo|0 fnt|[from] ability: Gulp Missile|[of] p1a: Cramorant
|-formechange|p1a: Cramorant|Cramorant|
|faint|p2a: Gholdengo
|
|upkeep
|
|t:|1769378445
|switch|p2a: Raging Bolt|Raging Bolt|100/100
|-enditem|p2a: Raging Bolt|Booster Energy
|-activate|p2a: Raging Bolt|ability: Protosynthesis|[fromitem]
|-start|p2a: Raging Bolt|protosynthesisspa
|turn|7
|
|t:|1769378449
|move|p1a: Cramorant|Surf|p2a: Raging Bolt
|-formechange|p1a: Cramorant|Cramorant-Gorging|
|-resisted|p2a: Raging Bolt
|-damage|p2a: Raging Bolt|84/100
|move|p2a: Raging Bolt|Calm Mind|p2a: Raging Bolt
|-boost|p2a: Raging Bolt|spa|1
|-boost|p2a: Raging Bolt|spd|1
|
|upkeep
|turn|8
|
|t:|1769378455
|move|p1a: Cramorant|Surf|p2a: Raging Bolt
|-resisted|p2a: Raging Bolt
|-damage|p2a: Raging Bolt|72/100
|move|p2a: Raging Bolt|Calm Mind|p2a: Raging Bolt
|-boost|p2a: Raging Bolt|spa|1
|-boost|p2a: Raging Bolt|spd|1
|
|upkeep
|turn|9
|
|t:|1769378470
|move|p2a: Raging Bolt|Thunderclap|p1a: Cramorant
|-supereffective|p1a: Cramorant
|-damage|p1a: Cramorant|0 fnt
|-damage|p2a: Raging Bolt|47/100|[from] ability: Gulp Missile|[of] p1a: Cramorant
|-formechange|p1a: Cramorant|Cramorant|
|faint|p1a: Cramorant
|
|upkeep
|
|t:|1769378475
|switch|p1a: Gengar|Gengar, M|100/100
|-damage|p1a: Gengar|88/100|[from] Spikes
|turn|10
|
|t:|1769378478
|move|p2a: Raging Bolt|Thunderclap||[still]
|-fail|p2a: Raging Bolt
|move|p1a: Gengar|Trick|p2a: Raging Bolt
|-activate|p1a: Gengar|move: Trick|[of] p2a: Raging Bolt
|-item|p2a: Raging Bolt|Choice Scarf|[from] move: Trick
|-enditem|p1a: Gengar|Choice Scarf|[silent]|[from] move: Trick
|
|upkeep
|turn|11
|
|t:|1769378485
|move|p2a: Raging Bolt|Thunderbolt|p1a: Gengar
|-damage|p1a: Gengar|0 fnt
|-start|p2a: Raging Bolt|Disable|Thunderbolt|[from] ability: Cursed Body|[of] p1a: Gengar
|faint|p1a: Gengar
|
|upkeep
|
|t:|1769378497
|switch|p1a: Clefable|Clefable, M|100/100
|-damage|p1a: Clefable|88/100|[from] Spikes
|turn|12
|
|t:|1769378505
|-end|p2a: Raging Bolt|Protosynthesis|[silent]
|switch|p2a: Glimmora|Glimmora, M, shiny|100/100
|move|p1a: Clefable|Cosmic Power|p1a: Clefable
|-boost|p1a: Clefable|def|1
|-boost|p1a: Clefable|spd|1
|
|upkeep
|turn|13
|
|t:|1769378513
|-terastallize|p1a: Clefable|Steel
|move|p2a: Glimmora|Mortal Spin|p1a: Clefable
|-immune|p1a: Clefable
|move|p1a: Clefable|Meteor Beam||[still]
|-prepare|p1a: Clefable|Meteor Beam
|-boost|p1a: Clefable|spa|1
|-enditem|p1a: Clefable|Power Herb
|-anim|p1a: Clefable|Meteor Beam|p2a: Glimmora
|-crit|p2a: Glimmora
|-damage|p2a: Glimmora|48/100
|-enditem|p2a: Glimmora|Red Card|[of] p1a: Clefable
|drag|p1a: Umbreon|Umbreon, M, shiny|100/100
|-damage|p1a: Umbreon|88/100|[from] Spikes
|
|upkeep
|turn|14
|
|t:|1769378523
|move|p2a: Glimmora|Stealth Rock|p1a: Umbreon
|-sidestart|p1: midorinome|move: Stealth Rock
|move|p1a: Umbreon|Curse|p1a: Umbreon
|-unboost|p1a: Umbreon|spe|1
|-boost|p1a: Umbreon|atk|1
|-boost|p1a: Umbreon|def|1
|
|upkeep
|turn|15
|
|t:|1769378528
|move|p2a: Glimmora|Mortal Spin|p1a: Umbreon
|-damage|p1a: Umbreon|85/100
|-status|p1a: Umbreon|psn
|move|p1a: Umbreon|Crunch|p2a: Glimmora
|-damage|p2a: Glimmora|16/100
|-activate|p2a: Glimmora|ability: Toxic Debris
|-sidestart|p1: midorinome|move: Toxic Spikes
|
|-damage|p1a: Umbreon|72/100 psn|[from] psn
|upkeep
|turn|16
|
|t:|1769378539
|move|p2a: Glimmora|Power Gem|p1a: Umbreon
|-damage|p1a: Umbreon|53/100 psn
|move|p1a: Umbreon|Crunch|p2a: Glimmora
|-damage|p2a: Glimmora|0 fnt
|-activate|p2a: Glimmora|ability: Toxic Debris
|-sidestart|p1: midorinome|move: Toxic Spikes
|faint|p2a: Glimmora
|
|-damage|p1a: Umbreon|40/100 psn|[from] psn
|upkeep
|
|t:|1769378561
|switch|p2a: Ogerpon|Ogerpon, F|100/100
|turn|17
|
|t:|1769378565
|move|p2a: Ogerpon|Superpower|p1a: Umbreon
|-supereffective|p1a: Umbreon
|-damage|p1a: Umbreon|0 fnt
|-unboost|p2a: Ogerpon|atk|1
|-unboost|p2a: Ogerpon|def|1
|faint|p1a: Umbreon
|
|upkeep
|
|t:|1769378569
|switch|p1a: Avalugg|Avalugg, M|54/100
|turn|18
|
|t:|1769378593
|switch|p2a: Samurott|Samurott-Hisui, M, shiny|71/100
|move|p1a: Avalugg|Rapid Spin|p2a: Samurott
|-damage|p2a: Samurott|53/100
|-boost|p1a: Avalugg|spe|1
|-sideend|p1: midorinome|Spikes|[from] move: Rapid Spin|[of] p1a: Avalugg
|-sideend|p1: midorinome|Toxic Spikes|[from] move: Rapid Spin|[of] p1a: Avalugg
|-sideend|p1: midorinome|Stealth Rock|[from] move: Rapid Spin|[of] p1a: Avalugg
|
|upkeep
|turn|19
|
|t:|1769378596
|move|p2a: Samurott|Knock Off|p1a: Avalugg
|-damage|p1a: Avalugg|31/100
|-enditem|p1a: Avalugg|Heavy-Duty Boots|[from] move: Knock Off|[of] p2a: Samurott
|move|p1a: Avalugg|Recover|p1a: Avalugg
|-heal|p1a: Avalugg|81/100
|
|upkeep
|turn|20
|
|t:|1769378602
|move|p2a: Samurott|Ceaseless Edge|p1a: Avalugg
|-damage|p1a: Avalugg|58/100
|-sidestart|p1: midorinome|Spikes
|move|p1a: Avalugg|Rapid Spin|p2a: Samurott
|-damage|p2a: Samurott|37/100
|-boost|p1a: Avalugg|spe|1
|-sideend|p1: midorinome|Spikes|[from] move: Rapid Spin|[of] p1a: Avalugg
|
|upkeep
|turn|21
|
|t:|1769378605
|move|p2a: Samurott|Ceaseless Edge|p1a: Avalugg
|-damage|p1a: Avalugg|32/100
|-sidestart|p1: midorinome|Spikes
|move|p1a: Avalugg|Recover|p1a: Avalugg
|-heal|p1a: Avalugg|82/100
|
|upkeep
|turn|22
|
|t:|1769378611
|move|p2a: Samurott|Flip Turn|p1a: Avalugg
|-damage|p1a: Avalugg|69/100
|
|t:|1769378613
|switch|p2a: Raging Bolt|Raging Bolt|47/100|[from] Flip Turn
|move|p1a: Avalugg|Rapid Spin|p2a: Raging Bolt
|-damage|p2a: Raging Bolt|34/100
|-boost|p1a: Avalugg|spe|1
|-sideend|p1: midorinome|Spikes|[from] move: Rapid Spin|[of] p1a: Avalugg
|
|upkeep
|turn|23
|
|t:|1769378617
|switch|p1a: Grimmsnarl|Grimmsnarl, M, shiny|100/100
|move|p2a: Raging Bolt|Thunderbolt|p1a: Grimmsnarl
|-damage|p1a: Grimmsnarl|38/100
|
|upkeep
|turn|24
|
|t:|1769378641
|move|p1a: Grimmsnarl|Light Screen|p1a: Grimmsnarl
|-sidestart|p1: midorinome|move: Light Screen
|move|p2a: Raging Bolt|Thunderbolt|p1a: Grimmsnarl
|-damage|p1a: Grimmsnarl|7/100
|
|upkeep
|turn|25
|
|t:|1769378645
|move|p1a: Grimmsnarl|Reflect|p1a: Grimmsnarl
|-sidestart|p1: midorinome|Reflect
|move|p2a: Raging Bolt|Thunderbolt|p1a: Grimmsnarl
|-damage|p1a: Grimmsnarl|0 fnt
|faint|p1a: Grimmsnarl
|
|upkeep
|
|t:|1769378651
|switch|p1a: Clefable|Clefable, M, tera:Steel|88/100
|turn|26
|
|t:|1769378660
|-end|p2a: Raging Bolt|Protosynthesis|[silent]
|switch|p2a: Samurott|Samurott-Hisui, M, shiny|37/100
|move|p1a: Clefable|Cosmic Power|p1a: Clefable
|-boost|p1a: Clefable|def|1
|-boost|p1a: Clefable|spd|1
|
|upkeep
|turn|27
|
|t:|1769378667
|move|p2a: Samurott|Knock Off|p1a: Clefable
|-damage|p1a: Clefable|76/100
|move|p1a: Clefable|Wish|p1a: Clefable
|
|upkeep
|turn|28
|
|t:|1769378673
|move|p2a: Samurott|Ceaseless Edge|p1a: Clefable
|-damage|p1a: Clefable|58/100
|-sidestart|p1: midorinome|Spikes
|move|p1a: Clefable|Cosmic Power|p1a: Clefable
|-boost|p1a: Clefable|def|1
|-boost|p1a: Clefable|spd|1
|
|-heal|p1a: Clefable|100/100|[from] move: Wish|[wisher] Clefable
|upkeep
|turn|29
|
|t:|1769378676
|move|p2a: Samurott|Ceaseless Edge|p1a: Clefable
|-damage|p1a: Clefable|87/100
|-sidestart|p1: midorinome|Spikes
|move|p1a: Clefable|Moonblast|p2a: Samurott
|-supereffective|p2a: Samurott
|-damage|p2a: Samurott|0 fnt
|faint|p2a: Samurott
|
|upkeep
|
|t:|1769378682
|switch|p2a: Rillaboom|Rillaboom, M, shiny|100/100
|-fieldstart|move: Grassy Terrain|[from] ability: Grassy Surge|[of] p2a: Rillaboom
|turn|30
|
|t:|1769378690
|move|p2a: Rillaboom|Swords Dance|p2a: Rillaboom
|-boost|p2a: Rillaboom|atk|2
|move|p1a: Clefable|Moonblast|p2a: Rillaboom
|-damage|p2a: Rillaboom|55/100
|-unboost|p2a: Rillaboom|spa|1
|
|-heal|p2a: Rillaboom|61/100|[from] Grassy Terrain
|-heal|p1a: Clefable|93/100|[from] Grassy Terrain
|upkeep
|turn|31
|
|t:|1769378708
|move|p2a: Rillaboom|Swords Dance|p2a: Rillaboom
|-boost|p2a: Rillaboom|atk|2
|move|p1a: Clefable|Meteor Beam||[still]
|-prepare|p1a: Clefable|Meteor Beam
|-boost|p1a: Clefable|spa|1
|
|-heal|p2a: Rillaboom|68/100|[from] Grassy Terrain
|-heal|p1a: Clefable|99/100|[from] Grassy Terrain
|-sideend|p1: midorinome|move: Light Screen
|upkeep
|turn|32
|inactive|Reco_is2 has 120 seconds left.
|
|t:|1769378735
|move|p2a: Rillaboom|High Horsepower|p1a: Clefable
|-supereffective|p1a: Clefable
|-damage|p1a: Clefable|77/100
|-damage|p2a: Rillaboom|58/100|[from] item: Life Orb
|move|p1a: Clefable|Meteor Beam|p2a: Rillaboom|[from] lockedmove
|-damage|p2a: Rillaboom|0 fnt
|faint|p2a: Rillaboom
|
|-heal|p1a: Clefable|83/100|[from] Grassy Terrain
|-sideend|p1: midorinome|Reflect
|upkeep
|inactive|Reco_is2 has 120 seconds left.
|
|t:|1769378753
|switch|p2a: Ogerpon|Ogerpon, F|100/100
|turn|33
|inactive|midorinome has 120 seconds left.
|
|t:|1769378792
|-terastallize|p2a: Ogerpon|Grass
|detailschange|p2a: Ogerpon|Ogerpon-Teal-Tera, F, tera:Grass
|-ability|p2a: Ogerpon|Embody Aspect (Teal)|boost
|-boost|p2a: Ogerpon|spe|1
|move|p2a: Ogerpon|Superpower|p1a: Clefable
|-supereffective|p1a: Clefable
|-damage|p1a: Clefable|26/100
|-unboost|p2a: Ogerpon|atk|1
|-unboost|p2a: Ogerpon|def|1
|move|p1a: Clefable|Wish|p1a: Clefable
|
|-heal|p1a: Clefable|32/100|[from] Grassy Terrain
|upkeep
|turn|34
|inactive|midorinome has 120 seconds left.
|inactive|Reco_is2 has 120 seconds left.
|
|t:|1769378817
|move|p2a: Ogerpon|Superpower|p1a: Clefable
|-supereffective|p1a: Clefable
|-damage|p1a: Clefable|0 fnt
|-unboost|p2a: Ogerpon|atk|1
|-unboost|p2a: Ogerpon|def|1
|faint|p1a: Clefable
|
|-fieldend|move: Grassy Terrain
|upkeep
|
|t:|1769378820
|switch|p1a: Avalugg|Avalugg, M|69/100
|-damage|p1a: Avalugg|53/100|[from] Spikes
|turn|35
|
|t:|1769378826
|move|p2a: Ogerpon|Superpower|p1a: Avalugg
|-supereffective|p1a: Avalugg
|-damage|p1a: Avalugg|29/100
|-unboost|p2a: Ogerpon|atk|1
|-unboost|p2a: Ogerpon|def|1
|move|p1a: Avalugg|Avalanche|p2a: Ogerpon
|-supereffective|p2a: Ogerpon
|-damage|p2a: Ogerpon|0 fnt
|faint|p2a: Ogerpon
|detailschange|p2: Ogerpon|Ogerpon, F|[silent]
|
|upkeep
|-message|midorinome forfeited.
|
|win|Reco_is2
|raw|midorinome's rating: 1197 &rarr; <strong>1174</strong><br />(-23 for losing)
|raw|Reco_is2's rating: 1225 &rarr; <strong>1248</strong><br />(+23 for winning)
|l|☆midorinome
|player|p1|
