|j|☆czar625
|j|☆TheNameOfAFish
|t:|1769363750
|gametype|singles
|player|p1|czar625|candice|1382
|player|p2|TheNameOfAFish|aetherfoundation2|1347
|gen|9
|tier|[Gen 9] OU
|rated|
|rule|HP Percentage Mod: HP is shown in percentages
|rule|Endless Battle Clause: Forcing endless battles is banned
|rule|Species Clause: Limit one of each Pokémon
|rule|OHKO Clause: OHKO moves are banned
|rule|Evasion Items Clause: Evasion items are banned
|rule|Evasion Moves Clause: Evasion moves are banned
|rule|Evasion Abilities Clause: Evasion abilities are banned
|rule|Sleep Moves Clause: Sleep-inducing moves are banned
|clearpoke
|poke|p1|Charizard, F|
|poke|p1|Torkoal, F|
|poke|p1|Leafeon, M|
|poke|p1|Sandy Shocks|
|poke|p1|Gengar, F|
|poke|p1|Avalugg, M|
|poke|p2|Dondozo, M|
|poke|p2|Heatran, M|
|poke|p2|Tyranitar, F|
|poke|p2|Corviknight, F|
|poke|p2|Gliscor, M|
|poke|p2|Iron Valiant|
|teampreview
|
|t:|1769363769
|teamsize|p1|6
|teamsize|p2|6
|start
|switch|p1a: Avalugg|Avalugg, M|100/100
|switch|p2a: the man|Tyranitar, F|100/100
|-weather|Sandstorm|[from] ability: Sand Stream|[of] p2a: the man
|turn|1
|
|t:|1769363772
|switch|p2a: Gliscor|Gliscor, M|100/100
|move|p1a: Avalugg|Body Press|p2a: Gliscor
|-resisted|p2a: Gliscor
|-damage|p2a: Gliscor|84/100
|
|-weather|Sandstorm|[upkeep]
|-damage|p1a: Avalugg|94/100|[from] Sandstorm
|-status|p2a: Gliscor|tox|[from] item: Toxic Orb
|upkeep
|turn|2
|
|t:|1769363776
|switch|p2a: max spdef trust me|Heatran, M|100/100
|move|p1a: Avalugg|Icicle Spear|p2a: max spdef trust me
|-resisted|p2a: max spdef trust me
|-damage|p2a: max spdef trust me|98/100
|-resisted|p2a: max spdef trust me
|-damage|p2a: max spdef trust me|97/100
|-resisted|p2a: max spdef trust me
|-damage|p2a: max spdef trust me|95/100
|-resisted|p2a: max spdef trust me
|-damage|p2a: max spdef trust me|93/100
|-hitcount|p2a: max spdef trust me|4
|
|-weather|Sandstorm|[upkeep]
|-damage|p1a: Avalugg|88/100|[from] Sandstorm
|-heal|p2a: max spdef trust me|99/100|[from] item: Leftovers
|upkeep
|turn|3
|
|t:|1769363781
|switch|p1a: Torkoal|Torkoal, F|100/100
|-weather|SunnyDay|[from] ability: Drought|[of] p1a: Torkoal
|move|p2a: max spdef trust me|Protect||[still]
|-fail|p2a: max spdef trust me
|
|-weather|SunnyDay|[upkeep]
|-heal|p2a: max spdef trust me|100/100|[from] item: Leftovers
|upkeep
|turn|4
|
|t:|1769363783
|move|p2a: max spdef trust me|Magma Storm|p1a: Torkoal|[miss]
|-miss|p2a: max spdef trust me|p1a: Torkoal
|move|p1a: Torkoal|Stealth Rock|p2a: max spdef trust me
|-sidestart|p2: TheNameOfAFish|move: Stealth Rock
|
|-weather|SunnyDay|[upkeep]
|upkeep
|turn|5
|
|t:|1769363786
|move|p2a: max spdef trust me|Stealth Rock|p1a: Torkoal
|-sidestart|p1: czar625|move: Stealth Rock
|move|p1a: Torkoal|Body Press|p2a: max spdef trust me
|-supereffective|p2a: max spdef trust me
|-damage|p2a: max spdef trust me|46/100
|
|-weather|SunnyDay|[upkeep]
|-heal|p2a: max spdef trust me|52/100|[from] item: Leftovers
|upkeep
|turn|6
|
|t:|1769363790
|move|p2a: max spdef trust me|Protect|p2a: max spdef trust me
|-singleturn|p2a: max spdef trust me|Protect
|move|p1a: Torkoal|Rapid Spin|p2a: max spdef trust me
|-activate|p2a: max spdef trust me|move: Protect
|
|-weather|SunnyDay|[upkeep]
|-heal|p2a: max spdef trust me|58/100|[from] item: Leftovers
|upkeep
|turn|7
|
|t:|1769363801
|switch|p2a: Gliscor|Gliscor, M|84/100 tox
|-damage|p2a: Gliscor|72/100 tox|[from] Stealth Rock
|move|p1a: Torkoal|Rapid Spin|p2a: Gliscor
|-damage|p2a: Gliscor|65/100 tox
|-boost|p1a: Torkoal|spe|1
|-sideend|p1: czar625|Stealth Rock|[from] move: Rapid Spin|[of] p1a: Torkoal
|
|-weather|SunnyDay|[upkeep]
|-heal|p2a: Gliscor|77/100 tox|[from] ability: Poison Heal
|upkeep
|turn|8
|
|t:|1769363805
|move|p2a: Gliscor|Toxic|p1a: Torkoal
|-status|p1a: Torkoal|tox
|move|p1a: Torkoal|Lava Plume|p2a: Gliscor
|-damage|p2a: Gliscor|49/100 tox
|
|-weather|SunnyDay|[upkeep]
|-heal|p2a: Gliscor|62/100 tox|[from] ability: Poison Heal
|-damage|p1a: Torkoal|94/100 tox|[from] psn
|upkeep
|turn|9
|
|t:|1769363819
|switch|p1a: Charizard|Charizard, F|100/100
|move|p2a: Gliscor|Toxic|p1a: Charizard
|-status|p1a: Charizard|tox
|
|-weather|SunnyDay|[upkeep]
|-damage|p1a: Charizard|88/100 tox|[from] ability: Solar Power|[of] p1a: Charizard
|-damage|p1a: Charizard|82/100 tox|[from] psn
|-heal|p2a: Gliscor|74/100 tox|[from] ability: Poison Heal
|upkeep
|turn|10
|
|t:|1769363825
|move|p2a: Gliscor|Protect|p2a: Gliscor
|-singleturn|p2a: Gliscor|Protect
|move|p1a: Charizard|Air Slash|p2a: Gliscor
|-activate|p2a: Gliscor|move: Protect
|
|-weather|none
|-damage|p1a: Charizard|70/100 tox|[from] psn
|-heal|p2a: Gliscor|86/100 tox|[from] ability: Poison Heal
|upkeep
|turn|11
|
|t:|1769363832
|switch|p1a: Torkoal|Torkoal, F|94/100 tox
|-weather|SunnyDay|[from] ability: Drought|[of] p1a: Torkoal
|move|p2a: Gliscor|Spikes|p1a: Torkoal
|-sidestart|p1: czar625|Spikes
|
|-weather|SunnyDay|[upkeep]
|-heal|p2a: Gliscor|99/100 tox|[from] ability: Poison Heal
|-damage|p1a: Torkoal|88/100 tox|[from] psn
|upkeep
|turn|12
|
|t:|1769363836
|move|p2a: Gliscor|Earthquake|p1a: Torkoal
|-supereffective|p1a: Torkoal
|-damage|p1a: Torkoal|53/100 tox
|move|p1a: Torkoal|Rapid Spin|p2a: Gliscor
|-damage|p2a: Gliscor|92/100 tox
|-boost|p1a: Torkoal|spe|1
|-sideend|p1: czar625|Spikes|[from] move: Rapid Spin|[of] p1a: Torkoal
|
|-weather|SunnyDay|[upkeep]
|-heal|p2a: Gliscor|100/100 tox|[from] ability: Poison Heal
|-damage|p1a: Torkoal|41/100 tox|[from] psn
|upkeep
|turn|13
|
|t:|1769363842
|switch|p1a: Charizard|Charizard, F|70/100 tox
|move|p2a: Gliscor|Spikes|p1a: Charizard
|-sidestart|p1: czar625|Spikes
|
|-weather|SunnyDay|[upkeep]
|-damage|p1a: Charizard|57/100 tox|[from] ability: Solar Power|[of] p1a: Charizard
|-damage|p1a: Charizard|51/100 tox|[from] psn
|upkeep
|turn|14
|
|t:|1769363849
|move|p2a: Gliscor|Protect|p2a: Gliscor
|-singleturn|p2a: Gliscor|Protect
|move|p1a: Charizard|Flamethrower|p2a: Gliscor
|-activate|p2a: Gliscor|move: Protect
|
|-weather|SunnyDay|[upkeep]
|-damage|p1a: Charizard|39/100 tox|[from] ability: Solar Power|[of] p1a: Charizard
|-damage|p1a: Charizard|27/100 tox|[from] psn
|upkeep
|turn|15
|
|t:|1769363853
|switch|p2a: max spdef trust me|Heatran, M|58/100
|-damage|p2a: max spdef trust me|46/100|[from] Stealth Rock
|move|p1a: Charizard|Flamethrower|p2a: max spdef trust me
|-start|p2a: max spdef trust me|ability: Flash Fire
|
|-weather|SunnyDay|[upkeep]
|-damage|p1a: Charizard|14/100 tox|[from] ability: Solar Power|[of] p1a: Charizard
|-heal|p2a: max spdef trust me|52/100|[from] item: Leftovers
|-damage|p1a: Charizard|0 fnt|[from] psn
|faint|p1a: Charizard
|upkeep
|
|t:|1769363864
|switch|p1a: Leafeon|Leafeon, M|100/100
|-damage|p1a: Leafeon|88/100|[from] Spikes
|turn|16
|
|t:|1769363868
|move|p1a: Leafeon|Knock Off|p2a: max spdef trust me
|-damage|p2a: max spdef trust me|11/100
|-enditem|p2a: max spdef trust me|Leftovers|[from] move: Knock Off|[of] p1a: Leafeon
|move|p2a: max spdef trust me|Magma Storm|p1a: Leafeon|[miss]
|-miss|p2a: max spdef trust me|p1a: Leafeon
|
|-weather|SunnyDay|[upkeep]
|upkeep
|turn|17
|c|☆TheNameOfAFish|heatran bro lock in
|
|t:|1769363889
|-end|p2a: max spdef trust me|ability: Flash Fire|[silent]
|switch|p2a: idefpressidefpress|Corviknight, F|100/100
|-damage|p2a: idefpressidefpress|88/100|[from] Stealth Rock
|-ability|p2a: idefpressidefpress|Pressure
|move|p1a: Leafeon|Knock Off|p2a: idefpressidefpress
|-damage|p2a: idefpressidefpress|57/100
|-damage|p1a: Leafeon|72/100|[from] item: Rocky Helmet|[of] p2a: idefpressidefpress
|-enditem|p2a: idefpressidefpress|Rocky Helmet|[from] move: Knock Off|[of] p1a: Leafeon
|
|-weather|SunnyDay|[upkeep]
|upkeep
|turn|18
|
|t:|1769363901
|switch|p1a: Torkoal|Torkoal, F|41/100 tox
|-damage|p1a: Torkoal|29/100 tox|[from] Spikes
|move|p2a: idefpressidefpress|Roost|p2a: idefpressidefpress
|-heal|p2a: idefpressidefpress|100/100
|-singleturn|p2a: idefpressidefpress|move: Roost
|
|-weather|none
|-damage|p1a: Torkoal|23/100 tox|[from] psn
|upkeep
|turn|19
|
|t:|1769363904
|move|p2a: idefpressidefpress|U-turn|p1a: Torkoal
|-resisted|p1a: Torkoal
|-damage|p1a: Torkoal|19/100 tox
|
|t:|1769363906
|switch|p2a: Gliscor|Gliscor, M|100/100 tox|[from] U-turn
|-damage|p2a: Gliscor|88/100 tox|[from] Stealth Rock
|move|p1a: Torkoal|Rapid Spin|p2a: Gliscor
|-damage|p2a: Gliscor|80/100 tox
|-boost|p1a: Torkoal|spe|1
|-sideend|p1: czar625|Spikes|[from] move: Rapid Spin|[of] p1a: Torkoal
|
|-heal|p2a: Gliscor|93/100 tox|[from] ability: Poison Heal
|-damage|p1a: Torkoal|6/100 tox|[from] psn
|upkeep
|turn|20
|
|t:|1769363917
|switch|p1a: Gengar|Gengar, F|100/100
|move|p2a: Gliscor|Spikes|p1a: Gengar
|-sidestart|p1: czar625|Spikes
|
|-heal|p2a: Gliscor|100/100 tox|[from] ability: Poison Heal
|upkeep
|turn|21
|
|t:|1769363920
|move|p1a: Gengar|Substitute|p1a: Gengar
|-start|p1a: Gengar|Substitute
|-damage|p1a: Gengar|76/100
|move|p2a: Gliscor|Earthquake|p1a: Gengar
|-supereffective|p1a: Gengar
|-end|p1a: Gengar|Substitute
|
|-heal|p1a: Gengar|82/100|[from] item: Black Sludge
|upkeep
|turn|22
|
|t:|1769363924
|-terastallize|p1a: Gengar|Psychic
|move|p1a: Gengar|Psychic Noise|p2a: Gliscor
|-damage|p2a: Gliscor|70/100 tox
|-start|p2a: Gliscor|move: Heal Block
|move|p2a: Gliscor|Earthquake|p1a: Gengar
|-damage|p1a: Gengar|17/100
|
|-damage|p1a: Gengar|5/100|[from] item: Black Sludge
|upkeep
|turn|23
|
|t:|1769363930
|move|p1a: Gengar|Psychic Noise|p2a: Gliscor
|-damage|p2a: Gliscor|35/100 tox
|move|p2a: Gliscor|Earthquake|p1a: Gengar
|-damage|p1a: Gengar|0 fnt
|faint|p1a: Gengar
|
|-end|p2a: Gliscor|move: Heal Block
|upkeep
|
|t:|1769363937
|switch|p1a: Avalugg|Avalugg, M|88/100
|-damage|p1a: Avalugg|76/100|[from] Spikes
|turn|24
|
|t:|1769363939
|move|p2a: Gliscor|Protect|p2a: Gliscor
|-singleturn|p2a: Gliscor|Protect
|move|p1a: Avalugg|Rapid Spin|p2a: Gliscor
|-activate|p2a: Gliscor|move: Protect
|
|-heal|p2a: Gliscor|47/100 tox|[from] ability: Poison Heal
|upkeep
|turn|25
|
|t:|1769363945
|switch|p2a: who's wogerpon|Dondozo, M|100/100
|move|p1a: Avalugg|Body Press|p2a: who's wogerpon
|-damage|p2a: who's wogerpon|84/100
|
|upkeep
|turn|26
|
|t:|1769363950
|move|p2a: who's wogerpon|Curse|p2a: who's wogerpon
|-unboost|p2a: who's wogerpon|spe|1
|-boost|p2a: who's wogerpon|atk|1
|-boost|p2a: who's wogerpon|def|1
|move|p1a: Avalugg|Rapid Spin|p2a: who's wogerpon
|-damage|p2a: who's wogerpon|79/100
|-boost|p1a: Avalugg|spe|1
|-sideend|p1: czar625|Spikes|[from] move: Rapid Spin|[of] p1a: Avalugg
|
|upkeep
|turn|27
|
|t:|1769363953
|switch|p1a: Torkoal|Torkoal, F|6/100 tox
|-weather|SunnyDay|[from] ability: Drought|[of] p1a: Torkoal
|move|p2a: who's wogerpon|Curse|p2a: who's wogerpon
|-unboost|p2a: who's wogerpon|spe|1
|-boost|p2a: who's wogerpon|atk|1
|-boost|p2a: who's wogerpon|def|1
|
|-weather|SunnyDay|[upkeep]
|-damage|p1a: Torkoal|0 fnt|[from] psn
|faint|p1a: Torkoal
|upkeep
|
|t:|1769363955
|switch|p1a: Sandy Shocks|Sandy Shocks|100/100
|-activate|p1a: Sandy Shocks|ability: Protosynthesis
|-start|p1a: Sandy Shocks|protosynthesisspe
|turn|28
|
|t:|1769363961
|-terastallize|p2a: who's wogerpon|Dragon
|move|p1a: Sandy Shocks|Volt Switch|p2a: who's wogerpon
|-resisted|p2a: who's wogerpon
|-damage|p2a: who's wogerpon|56/100
|
|t:|1769363965
|-end|p1a: Sandy Shocks|Protosynthesis|[silent]
|switch|p1a: Avalugg|Avalugg, M|76/100|[from] Volt Switch
|move|p2a: who's wogerpon|Wave Crash|p1a: Avalugg
|-damage|p1a: Avalugg|59/100
|-damage|p2a: who's wogerpon|40/100|[from] item: Rocky Helmet|[of] p1a: Avalugg
|-damage|p2a: who's wogerpon|35/100|[from] Recoil
|
|-weather|SunnyDay|[upkeep]
|upkeep
|turn|29
|
|t:|1769363969
|move|p1a: Avalugg|Icicle Spear|p2a: who's wogerpon
|-supereffective|p2a: who's wogerpon
|-damage|p2a: who's wogerpon|31/100
|-supereffective|p2a: who's wogerpon
|-damage|p2a: who's wogerpon|26/100
|-supereffective|p2a: who's wogerpon
|-damage|p2a: who's wogerpon|21/100
|-supereffective|p2a: who's wogerpon
|-damage|p2a: who's wogerpon|16/100
|-supereffective|p2a: who's wogerpon
|-damage|p2a: who's wogerpon|11/100
|-hitcount|p2a: who's wogerpon|5
|move|p2a: who's wogerpon|Rest|p2a: who's wogerpon
|-status|p2a: who's wogerpon|slp|[from] move: Rest
|-heal|p2a: who's wogerpon|100/100 slp|[silent]
|
|-weather|SunnyDay|[upkeep]
|upkeep
|turn|30
|
|t:|1769363978
|switch|p1a: Sandy Shocks|Sandy Shocks|100/100
|-activate|p1a: Sandy Shocks|ability: Protosynthesis
|-start|p1a: Sandy Shocks|protosynthesisspe
|cant|p2a: who's wogerpon|slp
|move|p2a: who's wogerpon|Sleep Talk|p2a: who's wogerpon
|move|p2a: who's wogerpon|Rest||[from] move: Sleep Talk|[still]
|-fail|p2a: who's wogerpon
|
|-weather|SunnyDay|[upkeep]
|upkeep
|turn|31
|
|t:|1769363981
|move|p1a: Sandy Shocks|Earth Power|p2a: who's wogerpon
|-damage|p2a: who's wogerpon|42/100 slp
|cant|p2a: who's wogerpon|slp
|move|p2a: who's wogerpon|Sleep Talk|p2a: who's wogerpon
|move|p2a: who's wogerpon|Curse|p2a: who's wogerpon|[from] move: Sleep Talk
|-unboost|p2a: who's wogerpon|spe|1
|-boost|p2a: who's wogerpon|atk|1
|-boost|p2a: who's wogerpon|def|1
|
|-weather|SunnyDay|[upkeep]
|upkeep
|turn|32
|
|t:|1769363990
|switch|p2a: Gliscor|Gliscor, M|47/100 tox
|-damage|p2a: Gliscor|35/100 tox|[from] Stealth Rock
|move|p1a: Sandy Shocks|Earth Power|p2a: Gliscor
|-immune|p2a: Gliscor
|
|-weather|SunnyDay|[upkeep]
|-heal|p2a: Gliscor|47/100 tox|[from] ability: Poison Heal
|upkeep
|turn|33
|
|t:|1769363993
|-end|p1a: Sandy Shocks|Protosynthesis|[silent]
|switch|p1a: Avalugg|Avalugg, M|59/100
|move|p2a: Gliscor|Earthquake|p1a: Avalugg
|-damage|p1a: Avalugg|46/100
|
|-weather|SunnyDay|[upkeep]
|-heal|p2a: Gliscor|60/100 tox|[from] ability: Poison Heal
|upkeep
|turn|34
|
|t:|1769363995
|move|p2a: Gliscor|Protect|p2a: Gliscor
|-singleturn|p2a: Gliscor|Protect
|move|p1a: Avalugg|Icicle Spear|p2a: Gliscor
|-activate|p2a: Gliscor|move: Protect
|
|-weather|none
|-heal|p2a: Gliscor|72/100 tox|[from] ability: Poison Heal
|upkeep
|turn|35
|
|t:|1769364004
|switch|p2a: idefpressidefpress|Corviknight, F|100/100
|-damage|p2a: idefpressidefpress|88/100|[from] Stealth Rock
|-ability|p2a: idefpressidefpress|Pressure
|move|p1a: Avalugg|Body Press|p2a: idefpressidefpress
|-damage|p2a: idefpressidefpress|63/100
|
|upkeep
|turn|36
|
|t:|1769364012
|move|p2a: idefpressidefpress|Defog|p1a: Avalugg
|-unboost|p1a: Avalugg|evasion|1
|-sideend|p2: TheNameOfAFish|Stealth Rock|[from] move: Defog|[of] p2a: idefpressidefpress
|move|p1a: Avalugg|Body Press|p2a: idefpressidefpress
|-damage|p2a: idefpressidefpress|41/100
|
|upkeep
|turn|37
|
|t:|1769364052
|move|p2a: idefpressidefpress|Roost|p2a: idefpressidefpress
|-heal|p2a: idefpressidefpress|91/100
|-singleturn|p2a: idefpressidefpress|move: Roost
|move|p1a: Avalugg|Body Press|p2a: idefpressidefpress
|-supereffective|p2a: idefpressidefpress
|-damage|p2a: idefpressidefpress|45/100
|
|upkeep
|turn|38
|
|t:|1769364088
|switch|p1a: Sandy Shocks|Sandy Shocks|100/100
|move|p2a: idefpressidefpress|U-turn|p1a: Sandy Shocks
|-damage|p1a: Sandy Shocks|84/100
|
|t:|1769364090
|switch|p2a: the man|Tyranitar, F|100/100|[from] U-turn
|-weather|Sandstorm|[from] ability: Sand Stream|[of] p2a: the man
|
|-weather|Sandstorm|[upkeep]
|upkeep
|turn|39
|
|t:|1769364093
|-end|p1a: Sandy Shocks|Protosynthesis|[silent]
|switch|p1a: Avalugg|Avalugg, M|46/100
|move|p2a: the man|Ice Punch|p1a: Avalugg
|-resisted|p1a: Avalugg
|-damage|p1a: Avalugg|41/100
|-damage|p2a: the man|84/100|[from] item: Rocky Helmet|[of] p1a: Avalugg
|
|-weather|Sandstorm|[upkeep]
|-damage|p1a: Avalugg|35/100|[from] Sandstorm
|upkeep
|turn|40
|
|t:|1769364096
|move|p2a: the man|Stone Edge|p1a: Avalugg
|-supereffective|p1a: Avalugg
|-damage|p1a: Avalugg|0 fnt
|faint|p1a: Avalugg
|
|-weather|Sandstorm|[upkeep]
|upkeep
|
|t:|1769364099
|switch|p1a: Sandy Shocks|Sandy Shocks|84/100
|turn|41
|
|t:|1769364101
|move|p1a: Sandy Shocks|Earth Power|p2a: the man
|-supereffective|p2a: the man
|-damage|p2a: the man|45/100
|move|p2a: the man|Ice Punch|p1a: Sandy Shocks
|-supereffective|p1a: Sandy Shocks
|-damage|p1a: Sandy Shocks|32/100
|
|-weather|Sandstorm|[upkeep]
|upkeep
|turn|42
|-message|czar625 forfeited.
|
|win|TheNameOfAFish
|raw|czar625's rating: 1382 &rarr; <strong>1360</strong><br />(-22 for losing)
|raw|TheNameOfAFish's rating: 1347 &rarr; <strong>1369</strong><br />(+22 for winning)
|c|☆czar625|gg
|l|☆TheNameOfAFish
|player|p2|
|l|☆czar625
|player|p1|
