|j|☆azunarill
|j|☆Jhkhgfd
|t:|1769320437
|gametype|singles
|player|p1|azunarill|1|1346
|player|p2|Jhkhgfd|170|1390
|gen|9
|tier|[Gen 9] OU
|rated|
|rule|HP Percentage Mod: HP is shown in percentages
|rule|Endless Battle Clause: Forcing endless battles is banned
|rule|Species Clause: Limit one of each Pokémon
|rule|OHKO Clause: OHKO moves are banned
|rule|Evasion Items Clause: Evasion items are banned
|rule|Evasion Moves Clause: Evasion moves are banned
|rule|Evasion Abilities Clause: Evasion abilities are banned
|rule|Sleep Moves Clause: Sleep-inducing moves are banned
|clearpoke
|poke|p1|Scizor, F|
|poke|p1|Samurott-Hisui, F|
|poke|p1|Gliscor, M|
|poke|p1|Cinderace, F|
|poke|p1|Pecharunt|
|poke|p1|Kyurem|
|poke|p2|Tinkaton, F|
|poke|p2|Ogerpon, F|
|poke|p2|Great Tusk|
|poke|p2|Pecharunt|
|poke|p2|Alomomola, M|
|poke|p2|Hydreigon, M|
|teampreview
|
|t:|1769320446
|teamsize|p1|6
|teamsize|p2|6
|start
|switch|p1a: Gliscor|Gliscor, M|100/100
|switch|p2a: Smile.exe|Tinkaton, F, shiny|100/100
|-item|p2a: Smile.exe|Air Balloon
|turn|1
|
|t:|1769320451
|move|p1a: Gliscor|Protect|p1a: Gliscor
|-singleturn|p1a: Gliscor|Protect
|move|p2a: Smile.exe|Stealth Rock|p1a: Gliscor
|-sidestart|p1: azunarill|move: Stealth Rock
|
|-status|p1a: Gliscor|tox|[from] item: Toxic Orb
|upkeep
|turn|2
|
|t:|1769320453
|move|p2a: Smile.exe|Ice Hammer|p1a: Gliscor
|-supereffective|p1a: Gliscor
|-damage|p1a: Gliscor|28/100 tox
|-unboost|p2a: Smile.exe|spe|1
|move|p1a: Gliscor|Knock Off|p2a: Smile.exe
|-resisted|p2a: Smile.exe
|-damage|p2a: Smile.exe|85/100
|-enditem|p2a: Smile.exe|Air Balloon
|-enditem|p1a: Gliscor|Toxic Orb|[silent]|[from] ability: Pickpocket|[of] p1a: Gliscor
|-item|p2a: Smile.exe|Toxic Orb|[from] ability: Pickpocket|[of] p1a: Gliscor
|
|-heal|p1a: Gliscor|40/100 tox|[from] ability: Poison Heal
|upkeep
|turn|3
|
|t:|1769320461
|switch|p1a: Pecharunt|Pecharunt|100/100
|switch|p2a: Hybrid|Hydreigon, M, shiny|100/100
|
|upkeep
|turn|4
|
|t:|1769320465
|switch|p1a: Scizor|Scizor, F|100/100
|-damage|p1a: Scizor|88/100|[from] Stealth Rock
|move|p2a: Hybrid|Dark Pulse|p1a: Scizor
|-damage|p1a: Scizor|2/100
|
|upkeep
|turn|5
|
|t:|1769320469
|switch|p2a: Overseer|Pecharunt|100/100
|move|p1a: Scizor|Bullet Punch|p2a: Overseer
|-crit|p2a: Overseer
|-damage|p2a: Overseer|71/100
|-damage|p1a: Scizor|0 fnt|[from] item: Rocky Helmet|[of] p2a: Overseer
|faint|p1a: Scizor
|
|upkeep
|
|t:|1769320475
|switch|p1a: Kyurem|Kyurem|100/100
|-ability|p1a: Kyurem|Pressure
|turn|6
|
|t:|1769320478
|switch|p2a: Pisces|Alomomola, M, shiny|100/100
|move|p1a: Kyurem|Ice Beam|p2a: Pisces
|-resisted|p2a: Pisces
|-damage|p2a: Pisces|88/100
|
|upkeep
|turn|7
|
|t:|1769320486
|move|p1a: Kyurem|Freeze-Dry|p2a: Pisces
|-supereffective|p2a: Pisces
|-damage|p2a: Pisces|55/100
|move|p2a: Pisces|Flip Turn|p1a: Kyurem
|-resisted|p1a: Kyurem
|-damage|p1a: Kyurem|93/100
|
|t:|1769320490
|switch|p2a: Smile.exe|Tinkaton, F, shiny|85/100|[from] Flip Turn
|
|upkeep
|turn|8
|
|t:|1769320494
|switch|p1a: Pecharunt|Pecharunt|100/100
|move|p2a: Smile.exe|Gigaton Hammer|p1a: Pecharunt
|-damage|p1a: Pecharunt|59/100
|
|upkeep
|turn|9
|
|t:|1769320499
|switch|p2a: Pisces|Alomomola, M, shiny|88/100
|move|p1a: Pecharunt|Recover|p1a: Pecharunt
|-heal|p1a: Pecharunt|100/100
|
|upkeep
|turn|10
|
|t:|1769320501
|move|p1a: Pecharunt|Malignant Chain|p2a: Pisces
|-damage|p2a: Pisces|67/100
|move|p2a: Pisces|Mirror Coat|p1a: Pecharunt
|-damage|p1a: Pecharunt|32/100
|
|upkeep
|turn|11
|
|t:|1769320506
|move|p1a: Pecharunt|Recover|p1a: Pecharunt
|-heal|p1a: Pecharunt|82/100
|move|p2a: Pisces|Flip Turn|p1a: Pecharunt
|-damage|p1a: Pecharunt|70/100
|
|t:|1769320510
|switch|p2a: Hybrid|Hydreigon, M, shiny|100/100|[from] Flip Turn
|
|upkeep
|turn|12
|inactive|Battle timer is ON: inactive players will automatically lose when time's up. (requested by azunarill)
|
|t:|1769320515
|move|p2a: Hybrid|Dark Pulse|p1a: Pecharunt
|-supereffective|p1a: Pecharunt
|-damage|p1a: Pecharunt|0 fnt
|faint|p1a: Pecharunt
|
|upkeep
|
|t:|1769320518
|switch|p1a: Samurott|Samurott-Hisui, F|100/100
|-damage|p1a: Samurott|88/100|[from] Stealth Rock
|turn|13
|
|t:|1769320523
|switch|p2a: Smile.exe|Tinkaton, F, shiny|85/100
|move|p1a: Samurott|Swords Dance|p1a: Samurott
|-boost|p1a: Samurott|atk|2
|
|upkeep
|turn|14
|
|t:|1769320528
|move|p2a: Smile.exe|Encore|p1a: Samurott
|-start|p1a: Samurott|Encore
|move|p1a: Samurott|Swords Dance|p1a: Samurott
|-boost|p1a: Samurott|atk|2
|
|upkeep
|turn|15
|
|t:|1769320533
|switch|p1a: Gliscor|Gliscor, M|40/100 tox
|-damage|p1a: Gliscor|28/100 tox|[from] Stealth Rock
|move|p2a: Smile.exe|Gigaton Hammer|p1a: Gliscor
|-damage|p1a: Gliscor|0 fnt
|faint|p1a: Gliscor
|
|upkeep
|
|t:|1769320537
|switch|p1a: Cinderace|Cinderace, F|100/100
|-damage|p1a: Cinderace|76/100|[from] Stealth Rock
|turn|16
|
|t:|1769320543
|switch|p2a: Overseer|Pecharunt|71/100
|move|p1a: Cinderace|Swords Dance|p1a: Cinderace
|-boost|p1a: Cinderace|atk|2
|
|upkeep
|turn|17
|
|t:|1769320547
|-terastallize|p1a: Cinderace|Fire
|move|p1a: Cinderace|Pyro Ball|p2a: Overseer|[miss]
|-miss|p1a: Cinderace|p2a: Overseer
|move|p2a: Overseer|Malignant Chain|p1a: Cinderace
|-damage|p1a: Cinderace|35/100
|
|upkeep
|turn|18
|
|t:|1769320551
|move|p1a: Cinderace|Pyro Ball|p2a: Overseer
|-damage|p2a: Overseer|0 fnt
|faint|p2a: Overseer
|
|upkeep
|
|t:|1769320553
|switch|p2a: Behemoth|Great Tusk, shiny|100/100
|turn|19
|
|t:|1769320568
|switch|p1a: Kyurem|Kyurem|93/100
|-ability|p1a: Kyurem|Pressure
|move|p2a: Behemoth|Rapid Spin|p1a: Kyurem
|-damage|p1a: Kyurem|76/100
|-boost|p2a: Behemoth|spe|1
|
|upkeep
|turn|20
|
|t:|1769320571
|move|p2a: Behemoth|Close Combat|p1a: Kyurem
|-supereffective|p1a: Kyurem
|-damage|p1a: Kyurem|0 fnt
|-unboost|p2a: Behemoth|def|1
|-unboost|p2a: Behemoth|spd|1
|faint|p1a: Kyurem
|
|upkeep
|
|t:|1769320574
|switch|p1a: Samurott|Samurott-Hisui, F|88/100
|-damage|p1a: Samurott|76/100|[from] Stealth Rock
|turn|21
|
|t:|1769320577
|move|p2a: Behemoth|Close Combat|p1a: Samurott
|-supereffective|p1a: Samurott
|-damage|p1a: Samurott|0 fnt
|-unboost|p2a: Behemoth|def|1
|-unboost|p2a: Behemoth|spd|1
|faint|p1a: Samurott
|
|upkeep
|
|t:|1769320579
|switch|p1a: Cinderace|Cinderace, F, tera:Fire|35/100
|-damage|p1a: Cinderace|10/100|[from] Stealth Rock
|turn|22
|
|t:|1769320580
|move|p2a: Behemoth|Close Combat|p1a: Cinderace
|-damage|p1a: Cinderace|0 fnt
|-unboost|p2a: Behemoth|def|1
|-unboost|p2a: Behemoth|spd|1
|faint|p1a: Cinderace
|
|win|Jhkhgfd
|raw|azunarill's rating: 1346 &rarr; <strong>1329</strong><br />(-17 for losing)
|raw|Jhkhgfd's rating: 1390 &rarr; <strong>1407</strong><br />(+17 for winning)
|l|☆azunarill
|player|p1|
|l|☆Jhkhgfd
|player|p2|
