|j|☆El.Capo.Camino
|j|‽Lord Yug
|t:|1769366237
|gametype|singles
|player|p1|El.Capo.Camino|firebreather|1223
|player|p2|Lord Yug|hilbert|1179
|gen|9
|tier|[Gen 9] OU
|rated|
|rule|HP Percentage Mod: HP is shown in percentages
|rule|Endless Battle Clause: Forcing endless battles is banned
|rule|Species Clause: Limit one of each Pokémon
|rule|OHKO Clause: OHKO moves are banned
|rule|Evasion Items Clause: Evasion items are banned
|rule|Evasion Moves Clause: Evasion moves are banned
|rule|Evasion Abilities Clause: Evasion abilities are banned
|rule|Sleep Moves Clause: Sleep-inducing moves are banned
|clearpoke
|poke|p1|Hatterene, F|
|poke|p1|Ursaluna, F|
|poke|p1|Toedscruel, M|
|poke|p1|Hattrem, F|
|poke|p1|Torkoal, M|
|poke|p1|Mew|
|poke|p2|Ceruledge, F|
|poke|p2|Ninetales-Alola, M|
|poke|p2|Primarina, M|
|poke|p2|Corviknight, F|
|poke|p2|Gliscor, M|
|poke|p2|Kyurem|
|teampreview
|inactive|Battle timer is ON: inactive players will automatically lose when time's up. (requested by Lord Yug)
|inactive|Lord Yug has 120 seconds left.
|
|t:|1769366271
|teamsize|p1|6
|teamsize|p2|6
|start
|switch|p1a: Mew|Mew|100/100
|switch|p2a: Gliscor|Gliscor, M|100/100
|turn|1
|
|t:|1769366295
|move|p2a: Gliscor|Protect|p2a: Gliscor
|-singleturn|p2a: Gliscor|Protect
|move|p1a: Mew|Taunt|p2a: Gliscor
|-activate|p2a: Gliscor|move: Protect
|
|-status|p2a: Gliscor|tox|[from] item: Toxic Orb
|upkeep
|turn|2
|
|t:|1769366305
|move|p1a: Mew|Stealth Rock|p2a: Gliscor
|-sidestart|p2: Lord Yug|move: Stealth Rock
|move|p2a: Gliscor|Swords Dance|p2a: Gliscor
|-boost|p2a: Gliscor|atk|2
|
|upkeep
|turn|3
|
|t:|1769366310
|move|p1a: Mew|Taunt|p2a: Gliscor
|-start|p2a: Gliscor|move: Taunt
|move|p2a: Gliscor|Knock Off|p1a: Mew
|-supereffective|p1a: Mew
|-damage|p1a: Mew|36/100
|-enditem|p1a: Mew|Red Card|[from] move: Knock Off|[of] p2a: Gliscor
|
|upkeep
|turn|4
|
|t:|1769366319
|move|p1a: Mew|Spikes|p2a: Gliscor
|-sidestart|p2: Lord Yug|Spikes
|move|p2a: Gliscor|Knock Off|p1a: Mew
|-supereffective|p1a: Mew
|-damage|p1a: Mew|0 fnt
|faint|p1a: Mew
|
|upkeep
|
|t:|1769366327
|switch|p1a: Hattrem|Hattrem, F|100/100
|turn|5
|
|t:|1769366333
|move|p2a: Gliscor|Knock Off|p1a: Hattrem
|-supereffective|p1a: Hattrem
|-enditem|p1a: Hattrem|Focus Sash
|-damage|p1a: Hattrem|1/100
|move|p1a: Hattrem|Trick Room|p1a: Hattrem
|-fieldstart|move: Trick Room|[of] p1a: Hattrem
|
|-end|p2a: Gliscor|move: Taunt
|upkeep
|turn|6
|
|t:|1769366341
|move|p2a: Gliscor|Protect|p2a: Gliscor
|-singleturn|p2a: Gliscor|Protect
|move|p1a: Hattrem|Healing Wish|p1a: Hattrem
|faint|p1a: Hattrem
|
|upkeep
|
|t:|1769366345
|switch|p1a: 🔥EEFFOC🔥|Torkoal, M|100/100
|-weather|SunnyDay|[from] ability: Drought|[of] p1a: 🔥EEFFOC🔥
|turn|7
|
|t:|1769366353
|move|p1a: 🔥EEFFOC🔥|Eruption|p2a: Gliscor
|-damage|p2a: Gliscor|0 fnt
|faint|p2a: Gliscor
|
|-weather|SunnyDay|[upkeep]
|upkeep
|
|t:|1769366362
|switch|p2a: Corviknight|Corviknight, F|100/100
|-damage|p2a: Corviknight|88/100|[from] Stealth Rock
|turn|8
|
|t:|1769366371
|move|p1a: 🔥EEFFOC🔥|Eruption|p2a: Corviknight
|-supereffective|p2a: Corviknight
|-damage|p2a: Corviknight|0 fnt
|faint|p2a: Corviknight
|
|-weather|SunnyDay|[upkeep]
|upkeep
|
|t:|1769366376
|switch|p2a: Ninetales|Ninetales-Alola, M|100/100
|-damage|p2a: Ninetales|76/100|[from] Stealth Rock
|-damage|p2a: Ninetales|63/100|[from] Spikes
|-weather|Snowscape|[from] ability: Snow Warning|[of] p2a: Ninetales
|turn|9
|
|t:|1769366380
|switch|p2a: Ceruledge|Ceruledge, F|100/100
|-damage|p2a: Ceruledge|76/100|[from] Stealth Rock
|-damage|p2a: Ceruledge|63/100|[from] Spikes
|move|p1a: 🔥EEFFOC🔥|Eruption|p2a: Ceruledge
|-start|p2a: Ceruledge|ability: Flash Fire
|
|-weather|Snowscape|[upkeep]
|-fieldend|move: Trick Room
|upkeep
|turn|10
|
|t:|1769366391
|switch|p1a: 🐻*ベビーブーマー*|Ursaluna, F|100/100
|move|p2a: Ceruledge|Bulk Up|p2a: Ceruledge
|-boost|p2a: Ceruledge|atk|1
|-boost|p2a: Ceruledge|def|1
|
|-weather|Snowscape|[upkeep]
|-status|p1a: 🐻*ベビーブーマー*|brn|[from] item: Flame Orb
|upkeep
|turn|11
|
|t:|1769366406
|-terastallize|p2a: Ceruledge|Bug
|move|p2a: Ceruledge|Bulk Up|p2a: Ceruledge
|-boost|p2a: Ceruledge|atk|1
|-boost|p2a: Ceruledge|def|1
|move|p1a: 🐻*ベビーブーマー*|Headlong Rush|p2a: Ceruledge
|-resisted|p2a: Ceruledge
|-damage|p2a: Ceruledge|34/100
|-unboost|p1a: 🐻*ベビーブーマー*|def|1
|-unboost|p1a: 🐻*ベビーブーマー*|spd|1
|
|-weather|Snowscape|[upkeep]
|-damage|p1a: 🐻*ベビーブーマー*|94/100 brn|[from] brn
|upkeep
|turn|12
|
|t:|1769366427
|switch|p1a: Hatterene|Hatterene, F|100/100
|move|p2a: Ceruledge|Bitter Blade|p1a: Hatterene
|-damage|p1a: Hatterene|6/100
|-heal|p2a: Ceruledge|76/100|[from] drain|[of] p1a: Hatterene
|-enditem|p1a: Hatterene|Eject Button
|inactive|El.Capo.Camino has 120 seconds left.
|
|t:|1769366443
|switch|p1a: 🐻*ベビーブーマー*|Ursaluna, F|94/100 brn
|-heal|p1a: 🐻*ベビーブーマー*|100/100|[from] move: Healing Wish
|
|-weather|Snowscape|[upkeep]
|-status|p1a: 🐻*ベビーブーマー*|brn|[from] item: Flame Orb
|upkeep
|turn|13
|inactive|Lord Yug has 120 seconds left.
|
|t:|1769366475
|move|p2a: Ceruledge|Bitter Blade|p1a: 🐻*ベビーブーマー*
|-damage|p1a: 🐻*ベビーブーマー*|20/100 brn
|-heal|p2a: Ceruledge|100/100|[from] drain|[of] p1a: 🐻*ベビーブーマー*
|move|p1a: 🐻*ベビーブーマー*|Facade|p2a: Ceruledge
|-damage|p2a: Ceruledge|30/100
|
|-weather|none
|-damage|p1a: 🐻*ベビーブーマー*|14/100 brn|[from] brn
|upkeep
|turn|14
|
|t:|1769366492
|switch|p1a: Hatterene|Hatterene, F|6/100
|move|p2a: Ceruledge|Bitter Blade|p1a: Hatterene
|-damage|p1a: Hatterene|0 fnt
|-heal|p2a: Ceruledge|32/100|[from] drain|[of] p1a: Hatterene
|faint|p1a: Hatterene
|
|upkeep
|inactive|El.Capo.Camino has 120 seconds left.
|
|t:|1769366509
|switch|p1a: Toedscruel|Toedscruel, M|100/100
|turn|15
|
|t:|1769366514
|move|p1a: Toedscruel|Earth Power|p2a: Ceruledge
|-resisted|p2a: Ceruledge
|-damage|p2a: Ceruledge|23/100
|move|p2a: Ceruledge|Bitter Blade|p1a: Toedscruel
|-supereffective|p1a: Toedscruel
|-damage|p1a: Toedscruel|0 fnt
|-heal|p2a: Ceruledge|74/100|[from] drain|[of] p1a: Toedscruel
|faint|p1a: Toedscruel
|
|upkeep
|-message|El.Capo.Camino forfeited.
|
|win|Lord Yug
|raw|El.Capo.Camino's rating: 1223 &rarr; <strong>1195</strong><br />(-28 for losing)
|raw|Lord Yug's rating: 1179 &rarr; <strong>1207</strong><br />(+28 for winning)
|l|☆El.Capo.Camino
|player|p1|
|l|‽Lord Yug
|player|p2|
