|j|☆Torin66
|j|‽kayjulers
|t:|1769308084
|gametype|singles
|player|p1|Torin66|iono-masters2|1446
|player|p2|kayjulers|clair|1488
|gen|9
|tier|[Gen 9] OU
|rated|
|rule|HP Percentage Mod: HP is shown in percentages
|rule|Endless Battle Clause: Forcing endless battles is banned
|rule|Species Clause: Limit one of each Pokémon
|rule|OHKO Clause: OHKO moves are banned
|rule|Evasion Items Clause: Evasion items are banned
|rule|Evasion Moves Clause: Evasion moves are banned
|rule|Evasion Abilities Clause: Evasion abilities are banned
|rule|Sleep Moves Clause: Sleep-inducing moves are banned
|clearpoke
|poke|p1|Tyranitar, F|
|poke|p1|Excadrill, M|
|poke|p1|Kingambit, F|
|poke|p1|Garchomp, M|
|poke|p1|Pecharunt|
|poke|p1|Rotom-Wash|
|poke|p2|Raging Bolt|
|poke|p2|Hydrapple, F|
|poke|p2|Cryogonal|
|poke|p2|Landorus-Therian, M|
|poke|p2|Enamorus, F|
|poke|p2|Kingambit, M|
|teampreview
|
|t:|1769308098
|teamsize|p1|6
|teamsize|p2|6
|start
|switch|p1a: Tyranitar|Tyranitar, F|100/100
|switch|p2a: Hydrapple|Hydrapple, F|100/100
|-weather|Sandstorm|[from] ability: Sand Stream|[of] p1a: Tyranitar
|turn|1
|
|t:|1769308107
|move|p1a: Tyranitar|Ice Beam|p2a: Hydrapple
|-supereffective|p2a: Hydrapple
|-damage|p2a: Hydrapple|45/100
|move|p2a: Hydrapple|Leaf Storm|p1a: Tyranitar
|-supereffective|p1a: Tyranitar
|-damage|p1a: Tyranitar|38/100
|-unboost|p2a: Hydrapple|spa|2
|
|-weather|Sandstorm|[upkeep]
|-damage|p2a: Hydrapple|39/100|[from] Sandstorm
|upkeep
|turn|2
|
|t:|1769308113
|switch|p2a: Kingambit|Kingambit, M|100/100
|move|p1a: Tyranitar|Stealth Rock|p2a: Kingambit
|-sidestart|p2: kayjulers|move: Stealth Rock
|
|-weather|Sandstorm|[upkeep]
|upkeep
|turn|3
|
|t:|1769308125
|switch|p1a: Rotom|Rotom-Wash|100/100
|move|p2a: Kingambit|Iron Head|p1a: Rotom
|-resisted|p1a: Rotom
|-crit|p1a: Rotom
|-damage|p1a: Rotom|87/100
|
|-weather|Sandstorm|[upkeep]
|-damage|p1a: Rotom|81/100|[from] Sandstorm
|-heal|p1a: Rotom|87/100|[from] item: Leftovers
|upkeep
|turn|4
|
|t:|1769308130
|-end|p2a: Kingambit|fallenundefined|[silent]
|switch|p2a: Cryogonal|Cryogonal|100/100
|move|p1a: Rotom|Volt Switch|p2a: Cryogonal
|-damage|p2a: Cryogonal|82/100
|
|t:|1769308134
|switch|p1a: Kingambit|Kingambit, F|100/100|[from] Volt Switch
|
|-weather|Sandstorm|[upkeep]
|-damage|p2a: Cryogonal|76/100|[from] Sandstorm
|upkeep
|turn|5
|
|t:|1769308140
|switch|p2a: Landorus|Landorus-Therian, M|100/100
|-damage|p2a: Landorus|88/100|[from] Stealth Rock
|-ability|p2a: Landorus|Intimidate|boost
|-unboost|p1a: Kingambit|atk|1
|move|p1a: Kingambit|Iron Head|p2a: Landorus
|-crit|p2a: Landorus
|-damage|p2a: Landorus|36/100
|-damage|p1a: Kingambit|84/100|[from] item: Rocky Helmet|[of] p2a: Landorus
|
|-weather|Sandstorm|[upkeep]
|upkeep
|turn|6
|
|t:|1769308149
|-end|p1a: Kingambit|fallenundefined|[silent]
|switch|p1a: Pecharunt|Pecharunt|100/100
|-item|p1a: Pecharunt|Air Balloon
|move|p2a: Landorus|U-turn|p1a: Pecharunt
|-resisted|p1a: Pecharunt
|-damage|p1a: Pecharunt|98/100
|-enditem|p1a: Pecharunt|Air Balloon
|
|t:|1769308155
|switch|p2a: Raging Bolt|Raging Bolt|100/100|[from] U-turn
|-damage|p2a: Raging Bolt|88/100|[from] Stealth Rock
|-enditem|p2a: Raging Bolt|Booster Energy
|-activate|p2a: Raging Bolt|ability: Protosynthesis|[fromitem]
|-start|p2a: Raging Bolt|protosynthesisspa
|
|-weather|Sandstorm|[upkeep]
|-damage|p2a: Raging Bolt|82/100|[from] Sandstorm
|-damage|p1a: Pecharunt|92/100|[from] Sandstorm
|upkeep
|turn|7
|
|t:|1769308172
|move|p2a: Raging Bolt|Dragon Pulse|p1a: Pecharunt
|-crit|p1a: Pecharunt
|-damage|p1a: Pecharunt|0 fnt
|faint|p1a: Pecharunt
|
|-weather|Sandstorm|[upkeep]
|-damage|p2a: Raging Bolt|76/100|[from] Sandstorm
|upkeep
|
|t:|1769308175
|switch|p1a: Excadrill|Excadrill, M|100/100
|turn|8
|
|t:|1769308179
|switch|p1a: Garchomp|Garchomp, M|100/100
|-end|p2a: Raging Bolt|Protosynthesis|[silent]
|switch|p2a: Landorus|Landorus-Therian, M|36/100
|-damage|p2a: Landorus|24/100|[from] Stealth Rock
|-ability|p2a: Landorus|Intimidate|boost
|-unboost|p1a: Garchomp|atk|1
|
|-weather|none
|upkeep
|turn|9
|
|t:|1769308190
|move|p1a: Garchomp|Swords Dance|p1a: Garchomp
|-boost|p1a: Garchomp|atk|2
|move|p2a: Landorus|Stealth Rock|p1a: Garchomp
|-sidestart|p1: Torin66|move: Stealth Rock
|
|upkeep
|turn|10
|
|t:|1769308194
|move|p1a: Garchomp|Scale Shot|p2a: Landorus
|-damage|p2a: Landorus|11/100
|-damage|p2a: Landorus|0 fnt
|faint|p2a: Landorus
|-hitcount|p2: Landorus|2
|-unboost|p1a: Garchomp|def|1
|-boost|p1a: Garchomp|spe|1
|
|upkeep
|
|t:|1769308195
|switch|p2a: Enamorus|Enamorus, F|100/100
|-damage|p2a: Enamorus|76/100|[from] Stealth Rock
|turn|11
|
|t:|1769308206
|-terastallize|p1a: Garchomp|Fire
|move|p2a: Enamorus|Moonblast|p1a: Garchomp
|-resisted|p1a: Garchomp
|-damage|p1a: Garchomp|71/100
|move|p1a: Garchomp|Fire Fang|p2a: Enamorus
|-damage|p2a: Enamorus|0 fnt
|faint|p2a: Enamorus
|
|upkeep
|
|t:|1769308218
|switch|p2a: Kingambit|Kingambit, M|100/100
|-damage|p2a: Kingambit|94/100|[from] Stealth Rock
|-activate|p2a: Kingambit|ability: Supreme Overlord
|-start|p2a: Kingambit|fallen2|[silent]
|turn|12
|
|t:|1769308228
|switch|p1a: Tyranitar|Tyranitar, F|38/100
|-damage|p1a: Tyranitar|26/100|[from] Stealth Rock
|-weather|Sandstorm|[from] ability: Sand Stream|[of] p1a: Tyranitar
|move|p2a: Kingambit|Sucker Punch||[still]
|-fail|p2a: Kingambit
|
|-weather|Sandstorm|[upkeep]
|upkeep
|turn|13
|
|t:|1769308234
|move|p2a: Kingambit|Iron Head|p1a: Tyranitar
|-supereffective|p1a: Tyranitar
|-damage|p1a: Tyranitar|0 fnt
|faint|p1a: Tyranitar
|
|-weather|Sandstorm|[upkeep]
|upkeep
|
|t:|1769308237
|switch|p1a: Excadrill|Excadrill, M|100/100
|-damage|p1a: Excadrill|97/100|[from] Stealth Rock
|turn|14
|
|t:|1769308245
|-terastallize|p2a: Kingambit|Dark
|move|p2a: Kingambit|Sucker Punch|p1a: Excadrill
|-damage|p1a: Excadrill|0 fnt
|faint|p1a: Excadrill
|
|-weather|Sandstorm|[upkeep]
|-damage|p2a: Kingambit|88/100|[from] Sandstorm
|upkeep
|
|t:|1769308251
|switch|p1a: Rotom|Rotom-Wash|87/100
|-damage|p1a: Rotom|75/100|[from] Stealth Rock
|turn|15
|
|t:|1769308255
|-end|p2a: Kingambit|fallen2|[silent]
|switch|p2a: Cryogonal|Cryogonal|76/100
|move|p1a: Rotom|Will-O-Wisp|p2a: Cryogonal
|-status|p2a: Cryogonal|brn
|
|-weather|Sandstorm|[upkeep]
|-damage|p2a: Cryogonal|70/100 brn|[from] Sandstorm
|-damage|p1a: Rotom|68/100|[from] Sandstorm
|-heal|p1a: Rotom|75/100|[from] item: Leftovers
|-damage|p2a: Cryogonal|64/100 brn|[from] brn
|upkeep
|turn|16
|
|t:|1769308278
|switch|p1a: Garchomp|Garchomp, M, tera:Fire|71/100
|-damage|p1a: Garchomp|46/100|[from] Stealth Rock
|move|p2a: Cryogonal|Rapid Spin|p1a: Garchomp
|-damage|p1a: Garchomp|43/100
|-boost|p2a: Cryogonal|spe|1
|-damage|p2a: Cryogonal|51/100 brn|[from] ability: Rough Skin|[of] p1a: Garchomp
|-sideend|p2: kayjulers|Stealth Rock|[from] move: Rapid Spin|[of] p2a: Cryogonal
|
|-weather|Sandstorm|[upkeep]
|-damage|p2a: Cryogonal|45/100 brn|[from] Sandstorm
|-damage|p1a: Garchomp|37/100|[from] Sandstorm
|-damage|p2a: Cryogonal|39/100 brn|[from] brn
|upkeep
|turn|17
|
|t:|1769308291
|move|p2a: Cryogonal|Tera Blast|p1a: Garchomp
|-damage|p1a: Garchomp|18/100
|move|p1a: Garchomp|Fire Fang|p2a: Cryogonal
|-supereffective|p2a: Cryogonal
|-damage|p2a: Cryogonal|0 fnt
|faint|p2a: Cryogonal
|
|-weather|Sandstorm|[upkeep]
|-damage|p1a: Garchomp|12/100|[from] Sandstorm
|upkeep
|
|t:|1769308297
|switch|p2a: Kingambit|Kingambit, M, tera:Dark|88/100
|-activate|p2a: Kingambit|ability: Supreme Overlord
|-start|p2a: Kingambit|fallen3|[silent]
|turn|18
|
|t:|1769308306
|move|p2a: Kingambit|Sucker Punch||[still]
|-fail|p2a: Kingambit
|move|p1a: Garchomp|Swords Dance|p1a: Garchomp
|-boost|p1a: Garchomp|atk|2
|
|-weather|Sandstorm|[upkeep]
|-damage|p1a: Garchomp|6/100|[from] Sandstorm
|-damage|p2a: Kingambit|82/100|[from] Sandstorm
|upkeep
|turn|19
|
|t:|1769308314
|move|p2a: Kingambit|Sucker Punch||[still]
|-fail|p2a: Kingambit
|move|p1a: Garchomp|Swords Dance|p1a: Garchomp
|-boost|p1a: Garchomp|atk|2
|
|-weather|none
|upkeep
|turn|20
|
|t:|1769308318
|move|p2a: Kingambit|Sucker Punch|p1a: Garchomp
|-damage|p1a: Garchomp|0 fnt
|-damage|p2a: Kingambit|70/100|[from] ability: Rough Skin|[of] p1a: Garchomp
|faint|p1a: Garchomp
|
|upkeep
|
|t:|1769308321
|switch|p1a: Rotom|Rotom-Wash|75/100
|-damage|p1a: Rotom|62/100|[from] Stealth Rock
|turn|21
|
|t:|1769308329
|-end|p2a: Kingambit|fallen3|[silent]
|switch|p2a: Hydrapple|Hydrapple, F|72/100
|move|p1a: Rotom|Volt Switch|p2a: Hydrapple
|-resisted|p2a: Hydrapple
|-damage|p2a: Hydrapple|68/100
|
|t:|1769308331
|switch|p1a: Kingambit|Kingambit, F|84/100|[from] Volt Switch
|-damage|p1a: Kingambit|78/100|[from] Stealth Rock
|-activate|p1a: Kingambit|ability: Supreme Overlord
|-start|p1a: Kingambit|fallen4|[silent]
|
|upkeep
|turn|22
|
|t:|1769308334
|move|p1a: Kingambit|Swords Dance|p1a: Kingambit
|-boost|p1a: Kingambit|atk|2
|move|p2a: Hydrapple|Earth Power|p1a: Kingambit
|-supereffective|p1a: Kingambit
|-damage|p1a: Kingambit|10/100
|
|upkeep
|turn|23
|
|t:|1769308343
|switch|p2a: Kingambit|Kingambit, M, tera:Dark|70/100
|-activate|p2a: Kingambit|ability: Supreme Overlord
|-start|p2a: Kingambit|fallen3|[silent]
|move|p1a: Kingambit|Kowtow Cleave|p2a: Kingambit
|-resisted|p2a: Kingambit
|-damage|p2a: Kingambit|3/100
|
|upkeep
|turn|24
|
|t:|1769308352
|move|p1a: Kingambit|Sucker Punch|p2a: Kingambit
|-resisted|p2a: Kingambit
|-damage|p2a: Kingambit|0 fnt
|faint|p2a: Kingambit
|-end|p2a: Kingambit|fallen3|[silent]
|
|upkeep
|
|t:|1769308355
|switch|p2a: Raging Bolt|Raging Bolt|76/100
|turn|25
|
|t:|1769308359
|move|p2a: Raging Bolt|Thunderclap||[still]
|-fail|p2a: Raging Bolt
|move|p1a: Kingambit|Swords Dance|p1a: Kingambit
|-boost|p1a: Kingambit|atk|2
|
|upkeep
|turn|26
|
|t:|1769308365
|move|p2a: Raging Bolt|Thunderclap||[still]
|-fail|p2a: Raging Bolt
|move|p1a: Kingambit|Swords Dance|p1a: Kingambit
|-boost|p1a: Kingambit|atk|2
|
|upkeep
|turn|27
|
|t:|1769308368
|move|p2a: Raging Bolt|Thunderclap||[still]
|-fail|p2a: Raging Bolt
|move|p1a: Kingambit|Swords Dance|p1a: Kingambit
|-boost|p1a: Kingambit|atk|0
|
|upkeep
|turn|28
|
|t:|1769308371
|move|p2a: Raging Bolt|Thunderclap|p1a: Kingambit
|-damage|p1a: Kingambit|0 fnt
|faint|p1a: Kingambit
|-end|p1a: Kingambit|fallen4|[silent]
|
|upkeep
|
|t:|1769308373
|switch|p1a: Rotom|Rotom-Wash|62/100
|-damage|p1a: Rotom|50/100|[from] Stealth Rock
|turn|29
|
|t:|1769308375
|move|p1a: Rotom|Pain Split|p2a: Raging Bolt
|-sethp|p2a: Raging Bolt|56/100|[from] move: Pain Split|[silent]
|-sethp|p1a: Rotom|77/100|[from] move: Pain Split
|move|p2a: Raging Bolt|Thunderbolt|p1a: Rotom
|-crit|p1a: Rotom
|-damage|p1a: Rotom|0 fnt
|faint|p1a: Rotom
|
|win|kayjulers
|raw|Torin66's rating: 1446 &rarr; <strong>1428</strong><br />(-18 for losing)
|raw|kayjulers's rating: 1488 &rarr; <strong>1506</strong><br />(+18 for winning)
|l|‽kayjulers
|player|p2|
|l|☆Torin66
|player|p1|
