|j|☆Richard Fondler
|j|☆1337muffin1337
|t:|1769419679
|gametype|singles
|player|p1|Richard Fondler|pryce|1114
|player|p2|1337muffin1337|misty|1118
|gen|9
|tier|[Gen 9] OU
|rated|
|rule|HP Percentage Mod: HP is shown in percentages
|rule|Endless Battle Clause: Forcing endless battles is banned
|rule|Species Clause: Limit one of each Pokémon
|rule|OHKO Clause: OHKO moves are banned
|rule|Evasion Items Clause: Evasion items are banned
|rule|Evasion Moves Clause: Evasion moves are banned
|rule|Evasion Abilities Clause: Evasion abilities are banned
|rule|Sleep Moves Clause: Sleep-inducing moves are banned
|clearpoke
|poke|p1|Tentacruel, F|
|poke|p1|Zapdos|
|poke|p1|Arbok, M|
|poke|p1|Sinistcha-Masterpiece|
|poke|p1|Great Tusk|
|poke|p1|Moltres|
|poke|p2|Volcanion|
|poke|p2|Lapras, F|
|poke|p2|Espeon, F|
|poke|p2|Darkrai|
|poke|p2|Iron Treads|
|poke|p2|Conkeldurr, M|
|teampreview
|inactive|Battle timer is ON: inactive players will automatically lose when time's up. (requested by 1337muffin1337)
|
|t:|1769419690
|teamsize|p1|6
|teamsize|p2|6
|start
|switch|p1a: Tentacruel|Tentacruel, F|100/100
|switch|p2a: Darkrai|Darkrai|100/100
|turn|1
|
|t:|1769419698
|move|p2a: Darkrai|Nasty Plot|p2a: Darkrai
|-boost|p2a: Darkrai|spa|2
|move|p1a: Tentacruel|Acid Spray|p2a: Darkrai
|-damage|p2a: Darkrai|86/100
|-unboost|p2a: Darkrai|spd|2
|
|upkeep
|turn|2
|
|t:|1769419706
|move|p2a: Darkrai|Psychic|p1a: Tentacruel
|-supereffective|p1a: Tentacruel
|-damage|p1a: Tentacruel|37/100
|move|p1a: Tentacruel|Giga Drain|p2a: Darkrai
|-damage|p2a: Darkrai|50/100
|-heal|p1a: Tentacruel|51/100|[from] drain|[of] p2a: Darkrai
|
|upkeep
|turn|3
|
|t:|1769419716
|-terastallize|p1a: Tentacruel|Grass
|move|p2a: Darkrai|Psychic|p1a: Tentacruel
|-damage|p1a: Tentacruel|15/100
|move|p1a: Tentacruel|Giga Drain|p2a: Darkrai
|-damage|p2a: Darkrai|0 fnt
|-heal|p1a: Tentacruel|35/100|[from] drain|[of] p2a: Darkrai
|faint|p2a: Darkrai
|
|upkeep
|
|t:|1769419724
|switch|p2a: Volcanion|Volcanion|100/100
|turn|4
|
|t:|1769419735
|switch|p1a: Moltres|Moltres|100/100
|move|p2a: Volcanion|Flamethrower|p1a: Moltres
|-resisted|p1a: Moltres
|-damage|p1a: Moltres|67/100
|
|upkeep
|turn|5
|
|t:|1769419744
|move|p1a: Moltres|U-turn|p2a: Volcanion
|-resisted|p2a: Volcanion
|-damage|p2a: Volcanion|95/100
|-damage|p1a: Moltres|51/100|[from] item: Rocky Helmet|[of] p2a: Volcanion
|
|t:|1769419765
|switch|p1a: Zapdos|Zapdos|100/100|[from] U-turn
|move|p2a: Volcanion|Steam Eruption|p1a: Zapdos
|-damage|p1a: Zapdos|23/100
|
|upkeep
|turn|6
|
|t:|1769419776
|move|p1a: Zapdos|Volt Switch|p2a: Volcanion
|-supereffective|p2a: Volcanion
|-damage|p2a: Volcanion|25/100
|inactive|Richard Fondler has 120 seconds left.
|
|t:|1769419803
|switch|p1a: Arbok|Arbok, M|100/100|[from] Volt Switch
|-ability|p1a: Arbok|Intimidate|boost
|-unboost|p2a: Volcanion|atk|1
|move|p2a: Volcanion|Steam Eruption|p1a: Arbok
|-damage|p1a: Arbok|38/100
|
|-heal|p1a: Arbok|45/100|[from] item: Leftovers
|upkeep
|turn|7
|inactive|Richard Fondler has 120 seconds left.
|
|t:|1769419813
|move|p1a: Arbok|Protect|p1a: Arbok
|-singleturn|p1a: Arbok|Protect
|move|p2a: Volcanion|Scorching Sands|p1a: Arbok
|-activate|p1a: Arbok|move: Protect
|
|-heal|p1a: Arbok|51/100|[from] item: Leftovers
|upkeep
|turn|8
|
|t:|1769419820
|switch|p1a: Zapdos|Zapdos|23/100
|move|p2a: Volcanion|Scorching Sands|p1a: Zapdos
|-immune|p1a: Zapdos
|
|upkeep
|turn|9
|
|t:|1769419827
|move|p1a: Zapdos|Volt Switch|p2a: Volcanion
|-supereffective|p2a: Volcanion
|-damage|p2a: Volcanion|0 fnt
|faint|p2a: Volcanion
|
|t:|1769419831
|switch|p1a: Tentacruel|Tentacruel, F, tera:Grass|35/100|[from] Volt Switch
|
|upkeep
|
|t:|1769419835
|switch|p2a: Conkeldurr|Conkeldurr, M|100/100
|turn|10
|
|t:|1769419845
|move|p1a: Tentacruel|Giga Drain|p2a: Conkeldurr
|-damage|p2a: Conkeldurr|74/100
|-heal|p1a: Tentacruel|50/100|[from] drain|[of] p2a: Conkeldurr
|move|p2a: Conkeldurr|Ice Punch|p1a: Tentacruel
|-supereffective|p1a: Tentacruel
|-damage|p1a: Tentacruel|0 fnt
|faint|p1a: Tentacruel
|
|upkeep
|
|t:|1769419853
|switch|p1a: Arbok|Arbok, M|51/100
|-ability|p1a: Arbok|Intimidate|boost
|-unboost|p2a: Conkeldurr|atk|1
|turn|11
|
|t:|1769419860
|move|p1a: Arbok|Coil|p1a: Arbok
|-boost|p1a: Arbok|atk|1
|-boost|p1a: Arbok|def|1
|-boost|p1a: Arbok|accuracy|1
|move|p2a: Conkeldurr|Knock Off|p1a: Arbok
|-damage|p1a: Arbok|29/100
|-enditem|p1a: Arbok|Leftovers|[from] move: Knock Off|[of] p2a: Conkeldurr
|
|upkeep
|turn|12
|
|t:|1769419873
|switch|p2a: Espeon|Espeon, F|100/100
|move|p1a: Arbok|Leech Life|p2a: Espeon
|-supereffective|p2a: Espeon
|-damage|p2a: Espeon|0 fnt
|-heal|p1a: Arbok|71/100|[from] drain|[of] p2a: Espeon
|faint|p2a: Espeon
|
|upkeep
|
|t:|1769419882
|switch|p2a: Iron Treads|Iron Treads|100/100
|-enditem|p2a: Iron Treads|Booster Energy
|-activate|p2a: Iron Treads|ability: Quark Drive|[fromitem]
|-start|p2a: Iron Treads|quarkdrivespe
|turn|13
|
|t:|1769419891
|move|p1a: Arbok|Protect|p1a: Arbok
|-singleturn|p1a: Arbok|Protect
|move|p2a: Iron Treads|Earthquake|p1a: Arbok
|-activate|p1a: Arbok|move: Protect
|
|upkeep
|turn|14
|
|t:|1769419902
|switch|p1a: Moltres|Moltres|51/100
|move|p2a: Iron Treads|Supercell Slam|p1a: Moltres
|-supereffective|p1a: Moltres
|-damage|p1a: Moltres|0 fnt
|faint|p1a: Moltres
|
|upkeep
|
|t:|1769419915
|switch|p1a: Sinistcha|Sinistcha-Masterpiece|100/100
|turn|15
|
|t:|1769419922
|-end|p2a: Iron Treads|Quark Drive|[silent]
|switch|p2a: Lapras|Lapras, F, shiny|100/100
|move|p1a: Sinistcha|Strength Sap|p2a: Lapras
|-unboost|p2a: Lapras|atk|1
|
|upkeep
|turn|16
|
|t:|1769419931
|switch|p1a: Arbok|Arbok, M|71/100
|-ability|p1a: Arbok|Intimidate|boost
|-unboost|p2a: Lapras|atk|1
|move|p2a: Lapras|Ice Beam|p1a: Arbok
|-damage|p1a: Arbok|34/100
|-status|p1a: Arbok|frz
|
|upkeep
|turn|17
|
|t:|1769419949
|-curestatus|p1a: Arbok|frz|[msg]
|move|p1a: Arbok|Gunk Shot|p2a: Lapras
|-damage|p2a: Lapras|62/100
|move|p2a: Lapras|Brine|p1a: Arbok
|-damage|p1a: Arbok|0 fnt
|faint|p1a: Arbok
|
|upkeep
|
|t:|1769419956
|switch|p1a: Zapdos|Zapdos|23/100
|turn|18
|
|t:|1769419962
|move|p1a: Zapdos|Roost|p1a: Zapdos
|-heal|p1a: Zapdos|73/100
|-singleturn|p1a: Zapdos|move: Roost
|move|p2a: Lapras|Ice Beam|p1a: Zapdos
|-damage|p1a: Zapdos|34/100
|-status|p1a: Zapdos|frz
|
|upkeep
|turn|19
|
|t:|1769419983
|cant|p1a: Zapdos|frz
|move|p2a: Lapras|Ice Beam|p1a: Zapdos
|-supereffective|p1a: Zapdos
|-damage|p1a: Zapdos|0 fnt
|faint|p1a: Zapdos
|
|upkeep
|
|t:|1769419990
|switch|p1a: Great Tusk|Great Tusk|100/100
|turn|20
|
|t:|1769419998
|-terastallize|p2a: Lapras|Fairy
|move|p1a: Great Tusk|Close Combat|p2a: Lapras
|-resisted|p2a: Lapras
|-damage|p2a: Lapras|33/100
|-unboost|p1a: Great Tusk|def|1
|-unboost|p1a: Great Tusk|spd|1
|move|p2a: Lapras|Alluring Voice|p1a: Great Tusk
|-supereffective|p1a: Great Tusk
|-damage|p1a: Great Tusk|3/100
|
|upkeep
|turn|21
|
|t:|1769420007
|move|p1a: Great Tusk|Headlong Rush|p2a: Lapras
|-damage|p2a: Lapras|0 fnt
|-unboost|p1a: Great Tusk|def|1
|-unboost|p1a: Great Tusk|spd|1
|faint|p2a: Lapras
|
|upkeep
|
|t:|1769420013
|switch|p2a: Conkeldurr|Conkeldurr, M|74/100
|turn|22
|
|t:|1769420020
|-end|p1a: Great Tusk|Protosynthesis|[silent]
|switch|p1a: Sinistcha|Sinistcha-Masterpiece|100/100
|move|p2a: Conkeldurr|Mach Punch|p1a: Sinistcha
|-immune|p1a: Sinistcha
|
|upkeep
|turn|23
|
|t:|1769420031
|move|p1a: Sinistcha|Strength Sap|p2a: Conkeldurr
|-unboost|p2a: Conkeldurr|atk|1
|move|p2a: Conkeldurr|Ice Punch|p1a: Sinistcha
|-supereffective|p1a: Sinistcha
|-damage|p1a: Sinistcha|42/100
|
|-heal|p1a: Sinistcha|48/100|[from] item: Leftovers
|upkeep
|turn|24
|
|t:|1769420039
|move|p1a: Sinistcha|Strength Sap|p2a: Conkeldurr
|-unboost|p2a: Conkeldurr|atk|1
|-heal|p1a: Sinistcha|100/100
|move|p2a: Conkeldurr|Knock Off|p1a: Sinistcha
|-supereffective|p1a: Sinistcha
|-damage|p1a: Sinistcha|56/100
|-enditem|p1a: Sinistcha|Leftovers|[from] move: Knock Off|[of] p2a: Conkeldurr
|
|upkeep
|turn|25
|
|t:|1769420051
|switch|p2a: Iron Treads|Iron Treads|100/100
|move|p1a: Sinistcha|Strength Sap|p2a: Iron Treads
|-unboost|p2a: Iron Treads|atk|1
|-heal|p1a: Sinistcha|100/100
|
|upkeep
|turn|26
|
|t:|1769420064
|-end|p2a: Iron Treads|Quark Drive|[silent]
|switch|p2a: Conkeldurr|Conkeldurr, M|74/100
|move|p1a: Sinistcha|Calm Mind|p1a: Sinistcha
|-boost|p1a: Sinistcha|spa|1
|-boost|p1a: Sinistcha|spd|1
|
|upkeep
|turn|27
|
|t:|1769420081
|move|p1a: Sinistcha|Strength Sap|p2a: Conkeldurr
|-unboost|p2a: Conkeldurr|atk|1
|move|p2a: Conkeldurr|Ice Punch|p1a: Sinistcha
|-supereffective|p1a: Sinistcha
|-damage|p1a: Sinistcha|41/100
|-status|p1a: Sinistcha|frz
|
|upkeep
|turn|28
|c|☆Richard Fondler|3 freezes
|
|t:|1769420098
|-curestatus|p1a: Sinistcha|frz|[from] move: Matcha Gotcha
|move|p1a: Sinistcha|Matcha Gotcha|p2a: Conkeldurr
|-damage|p2a: Conkeldurr|0 fnt
|-heal|p1a: Sinistcha|85/100|[from] drain|[of] p2a: Conkeldurr
|faint|p2a: Conkeldurr
|
|upkeep
|
|t:|1769420106
|switch|p2a: Iron Treads|Iron Treads|100/100
|turn|29
|c|☆Richard Fondler|it didn't matter
|c|☆1337muffin1337|lucky
|c|☆Richard Fondler|Nah
|c|☆Richard Fondler|Matchha gatcha thaws
|inactive|1337muffin1337 has 120 seconds left.
|
|t:|1769420137
|move|p2a: Iron Treads|Supercell Slam|p1a: Sinistcha
|-resisted|p1a: Sinistcha
|-damage|p1a: Sinistcha|69/100
|move|p1a: Sinistcha|Strength Sap|p2a: Iron Treads
|-unboost|p2a: Iron Treads|atk|1
|-heal|p1a: Sinistcha|100/100
|
|upkeep
|turn|30
|inactive|1337muffin1337 has 120 seconds left.
|
|t:|1769420150
|move|p2a: Iron Treads|Stone Edge|p1a: Sinistcha|[miss]
|-miss|p2a: Iron Treads|p1a: Sinistcha
|move|p1a: Sinistcha|Matcha Gotcha|p2a: Iron Treads
|-damage|p2a: Iron Treads|10/100
|-status|p2a: Iron Treads|brn
|
|-damage|p2a: Iron Treads|4/100 brn|[from] brn
|upkeep
|turn|31
|
|t:|1769420161
|move|p2a: Iron Treads|Stone Edge|p1a: Sinistcha
|-crit|p1a: Sinistcha
|-damage|p1a: Sinistcha|78/100
|move|p1a: Sinistcha|Calm Mind|p1a: Sinistcha
|-boost|p1a: Sinistcha|spa|1
|-boost|p1a: Sinistcha|spd|1
|
|-damage|p2a: Iron Treads|0 fnt|[from] brn
|faint|p2a: Iron Treads
|-end|p2a: Iron Treads|Quark Drive|[silent]
|
|win|Richard Fondler
|raw|Richard Fondler's rating: 1114 &rarr; <strong>1139</strong><br />(+25 for winning)
|raw|1337muffin1337's rating: 1118 &rarr; <strong>1093</strong><br />(-25 for losing)
|l|☆1337muffin1337
|player|p2|
|l|☆Richard Fondler
|player|p1|
