|j|☆rblt ryo
|j|☆qways
|t:|1769296774
|gametype|singles
|player|p1|rblt ryo|dawn|1532
|player|p2|qways|265|1639
|gen|9
|tier|[Gen 9] OU
|rated|
|rule|HP Percentage Mod: HP is shown in percentages
|rule|Endless Battle Clause: Forcing endless battles is banned
|rule|Species Clause: Limit one of each Pokémon
|rule|OHKO Clause: OHKO moves are banned
|rule|Evasion Items Clause: Evasion items are banned
|rule|Evasion Moves Clause: Evasion moves are banned
|rule|Evasion Abilities Clause: Evasion abilities are banned
|rule|Sleep Moves Clause: Sleep-inducing moves are banned
|clearpoke
|poke|p1|Rhyperior, M|
|poke|p1|Articuno|
|poke|p1|Suicune|
|poke|p1|Heatran, M|
|poke|p1|Decidueye-Hisui, F|
|poke|p1|Latios, M|
|poke|p2|Ogerpon-Wellspring, F|
|poke|p2|Darkrai|
|poke|p2|Zapdos|
|poke|p2|Slowking-Galar, M|
|poke|p2|Great Tusk|
|poke|p2|Kingambit, F|
|teampreview
|
|t:|1769296821
|teamsize|p1|6
|teamsize|p2|6
|start
|switch|p1a: Heatran|Heatran, M|100/100
|switch|p2a: Ogerpon|Ogerpon-Wellspring, F|100/100
|turn|1
|
|t:|1769296840
|switch|p1a: Decidueye|Decidueye-Hisui, F, shiny|100/100
|move|p2a: Ogerpon|Ivy Cudgel|p1a: Decidueye|[anim] Ivy Cudgel Water
|-resisted|p1a: Decidueye
|-damage|p1a: Decidueye|78/100
|
|upkeep
|turn|2
|
|t:|1769296852
|switch|p1a: Heatran|Heatran, M|100/100
|move|p2a: Ogerpon|Play Rough|p1a: Heatran
|-resisted|p1a: Heatran
|-damage|p1a: Heatran|93/100
|
|-heal|p1a: Heatran|99/100|[from] item: Leftovers
|upkeep
|turn|3
|
|t:|1769296862
|move|p2a: Ogerpon|Ivy Cudgel|p1a: Heatran|[anim] Ivy Cudgel Water
|-supereffective|p1a: Heatran
|-damage|p1a: Heatran|4/100
|move|p1a: Heatran|Magma Storm|p2a: Ogerpon
|-damage|p2a: Ogerpon|49/100
|-activate|p2a: Ogerpon|move: Magma Storm|[of] p1a: Heatran
|
|-heal|p1a: Heatran|10/100|[from] item: Leftovers
|-damage|p2a: Ogerpon|37/100|[from] move: Magma Storm|[partiallytrapped]
|upkeep
|turn|4
|
|t:|1769296873
|switch|p1a: Decidueye|Decidueye-Hisui, F, shiny|78/100
|move|p2a: Ogerpon|Ivy Cudgel|p1a: Decidueye|[anim] Ivy Cudgel Water
|-resisted|p1a: Decidueye
|-damage|p1a: Decidueye|55/100
|
|-end|p2a: Ogerpon|Magma Storm|[partiallytrapped]|[silent]
|upkeep
|turn|5
|
|t:|1769296881
|move|p2a: Ogerpon|Play Rough|p1a: Decidueye
|-supereffective|p1a: Decidueye
|-crit|p1a: Decidueye
|-damage|p1a: Decidueye|0 fnt
|-damage|p2a: Ogerpon|20/100|[from] item: Rocky Helmet|[of] p1a: Decidueye
|faint|p1a: Decidueye
|
|upkeep
|
|t:|1769296895
|switch|p1a: Latios|Latios, M, shiny|100/100
|turn|6
|
|t:|1769296903
|switch|p2a: Slowking|Slowking-Galar, M|100/100
|move|p1a: Latios|Aura Sphere|p2a: Slowking
|-resisted|p2a: Slowking
|-damage|p2a: Slowking|97/100
|
|upkeep
|turn|7
|
|t:|1769296912
|move|p1a: Latios|Aura Sphere|p2a: Slowking
|-resisted|p2a: Slowking
|-damage|p2a: Slowking|93/100
|-prepare|p2a: Slowking|Chilly Reception|[premajor]
|move|p2a: Slowking|Chilly Reception|p2a: Slowking
|-weather|Snowscape
|
|t:|1769296942
|switch|p2a: Darkrai|Darkrai|100/100|[from] Chilly Reception
|
|-weather|Snowscape|[upkeep]
|upkeep
|turn|8
|
|t:|1769296952
|-terastallize|p1a: Latios|Fighting
|move|p1a: Latios|Aura Sphere|p2a: Darkrai
|-supereffective|p2a: Darkrai
|-damage|p2a: Darkrai|8/100
|move|p2a: Darkrai|Dark Pulse|p1a: Latios
|-resisted|p1a: Latios
|-damage|p1a: Latios|81/100
|
|-weather|Snowscape|[upkeep]
|-heal|p2a: Darkrai|14/100|[from] item: Leftovers
|upkeep
|turn|9
|
|t:|1769296966
|switch|p1a: Heatran|Heatran, M|10/100
|switch|p2a: Slowking|Slowking-Galar, M|100/100
|
|-weather|Snowscape|[upkeep]
|-heal|p1a: Heatran|17/100|[from] item: Leftovers
|upkeep
|turn|10
|
|t:|1769296984
|move|p1a: Heatran|Taunt|p2a: Slowking
|-start|p2a: Slowking|move: Taunt
|move|p2a: Slowking|Psychic Noise|p1a: Heatran
|-resisted|p1a: Heatran
|-damage|p1a: Heatran|7/100
|-start|p1a: Heatran|move: Heal Block
|
|-weather|Snowscape|[upkeep]
|upkeep
|turn|11
|
|t:|1769296993
|move|p1a: Heatran|Stealth Rock|p2a: Slowking
|-sidestart|p2: qways|move: Stealth Rock
|move|p2a: Slowking|Psychic Noise|p1a: Heatran
|-resisted|p1a: Heatran
|-damage|p1a: Heatran|0 fnt
|faint|p1a: Heatran
|
|-weather|none
|upkeep
|
|t:|1769296998
|switch|p1a: Rhyperior|Rhyperior, M|100/100
|turn|12
|
|t:|1769297019
|switch|p2a: Great Tusk|Great Tusk|100/100
|move|p1a: Rhyperior|Earthquake|p2a: Great Tusk
|-damage|p2a: Great Tusk|59/100
|
|upkeep
|turn|13
|
|t:|1769297034
|move|p2a: Great Tusk|Rapid Spin|p1a: Rhyperior
|-resisted|p1a: Rhyperior
|-damage|p1a: Rhyperior|95/100
|-boost|p2a: Great Tusk|spe|1
|-sideend|p2: qways|Stealth Rock|[from] move: Rapid Spin|[of] p2a: Great Tusk
|move|p1a: Rhyperior|Earthquake|p2a: Great Tusk
|-damage|p2a: Great Tusk|17/100
|
|upkeep
|turn|14
|
|t:|1769297069
|switch|p1a: Articuno|Articuno, shiny|100/100
|-ability|p1a: Articuno|Pressure
|move|p2a: Great Tusk|Stealth Rock|p1a: Articuno
|-sidestart|p1: rblt ryo|move: Stealth Rock
|
|upkeep
|turn|15
|
|t:|1769297086
|-end|p2a: Great Tusk|Protosynthesis|[silent]
|switch|p2a: Slowking|Slowking-Galar, M|100/100
|switch|p1a: Rhyperior|Rhyperior, M|95/100
|-damage|p1a: Rhyperior|89/100|[from] Stealth Rock
|
|upkeep
|turn|16
|
|t:|1769297108
|switch|p2a: Ogerpon|Ogerpon-Wellspring, F|20/100
|move|p1a: Rhyperior|Earthquake|p2a: Ogerpon
|-resisted|p2a: Ogerpon
|-damage|p2a: Ogerpon|0 fnt
|faint|p2a: Ogerpon
|
|upkeep
|
|t:|1769297113
|switch|p2a: Darkrai|Darkrai|14/100
|turn|17
|
|t:|1769297125
|switch|p1a: Suicune|Suicune, shiny|100/100
|-damage|p1a: Suicune|88/100|[from] Stealth Rock
|-ability|p1a: Suicune|Pressure
|move|p2a: Darkrai|Will-O-Wisp|p1a: Suicune
|-status|p1a: Suicune|brn
|
|-heal|p2a: Darkrai|20/100|[from] item: Leftovers
|-heal|p1a: Suicune|94/100 brn|[from] item: Leftovers
|-damage|p1a: Suicune|88/100 brn|[from] brn
|upkeep
|turn|18
|
|t:|1769297154
|switch|p2a: Slowking|Slowking-Galar, M|100/100
|move|p1a: Suicune|Scald|p2a: Slowking
|-damage|p2a: Slowking|84/100
|
|-heal|p1a: Suicune|94/100 brn|[from] item: Leftovers
|-damage|p1a: Suicune|88/100 brn|[from] brn
|upkeep
|turn|19
|
|t:|1769297162
|move|p1a: Suicune|Calm Mind|p1a: Suicune
|-boost|p1a: Suicune|spa|1
|-boost|p1a: Suicune|spd|1
|-prepare|p2a: Slowking|Chilly Reception|[premajor]
|move|p2a: Slowking|Chilly Reception|p2a: Slowking
|-weather|Snowscape
|
|t:|1769297173
|switch|p2a: Zapdos|Zapdos|100/100|[from] Chilly Reception
|
|-weather|Snowscape|[upkeep]
|-heal|p1a: Suicune|94/100 brn|[from] item: Leftovers
|-damage|p1a: Suicune|88/100 brn|[from] brn
|upkeep
|turn|20
|
|t:|1769297178
|switch|p1a: Rhyperior|Rhyperior, M|89/100
|-damage|p1a: Rhyperior|83/100|[from] Stealth Rock
|move|p2a: Zapdos|Volt Switch|p1a: Rhyperior
|-immune|p1a: Rhyperior
|
|-weather|Snowscape|[upkeep]
|upkeep
|turn|21
|
|t:|1769297228
|switch|p2a: Great Tusk|Great Tusk|17/100
|move|p1a: Rhyperior|Earthquake|p2a: Great Tusk
|-damage|p2a: Great Tusk|0 fnt
|faint|p2a: Great Tusk
|-end|p2a: Great Tusk|Protosynthesis|[silent]
|
|-weather|Snowscape|[upkeep]
|upkeep
|
|t:|1769297231
|switch|p2a: Kingambit|Kingambit, F|100/100
|-activate|p2a: Kingambit|ability: Supreme Overlord
|-start|p2a: Kingambit|fallen2|[silent]
|turn|22
|
|t:|1769297242
|-terastallize|p2a: Kingambit|Ghost
|move|p2a: Kingambit|Swords Dance|p2a: Kingambit
|-boost|p2a: Kingambit|atk|2
|move|p1a: Rhyperior|Earthquake|p2a: Kingambit
|-damage|p2a: Kingambit|57/100
|
|-weather|Snowscape|[upkeep]
|-heal|p2a: Kingambit|63/100|[from] item: Leftovers
|upkeep
|turn|23
|
|t:|1769297330
|switch|p1a: Suicune|Suicune, shiny|88/100 brn
|-damage|p1a: Suicune|76/100 brn|[from] Stealth Rock
|-ability|p1a: Suicune|Pressure
|move|p2a: Kingambit|Iron Head|p1a: Suicune
|-resisted|p1a: Suicune
|-damage|p1a: Suicune|43/100 brn
|
|-weather|none
|-heal|p1a: Suicune|49/100 brn|[from] item: Leftovers
|-heal|p2a: Kingambit|69/100|[from] item: Leftovers
|-damage|p1a: Suicune|43/100 brn|[from] brn
|upkeep
|turn|24
|
|t:|1769297351
|move|p2a: Kingambit|Sucker Punch||[still]
|-fail|p2a: Kingambit
|move|p1a: Suicune|Calm Mind|p1a: Suicune
|-boost|p1a: Suicune|spa|1
|-boost|p1a: Suicune|spd|1
|
|-heal|p1a: Suicune|49/100 brn|[from] item: Leftovers
|-heal|p2a: Kingambit|75/100|[from] item: Leftovers
|-damage|p1a: Suicune|43/100 brn|[from] brn
|upkeep
|turn|25
|
|t:|1769297358
|move|p1a: Suicune|Scald|p2a: Kingambit
|-damage|p2a: Kingambit|37/100
|-status|p2a: Kingambit|brn
|move|p2a: Kingambit|Kowtow Cleave|p1a: Suicune
|-damage|p1a: Suicune|9/100 brn
|
|-heal|p1a: Suicune|15/100 brn|[from] item: Leftovers
|-heal|p2a: Kingambit|44/100 brn|[from] item: Leftovers
|-damage|p1a: Suicune|9/100 brn|[from] brn
|-damage|p2a: Kingambit|37/100 brn|[from] brn
|upkeep
|turn|26
|
|t:|1769297371
|move|p2a: Kingambit|Sucker Punch||[still]
|-fail|p2a: Kingambit
|move|p1a: Suicune|Calm Mind|p1a: Suicune
|-boost|p1a: Suicune|spa|1
|-boost|p1a: Suicune|spd|1
|
|-heal|p1a: Suicune|15/100 brn|[from] item: Leftovers
|-heal|p2a: Kingambit|44/100 brn|[from] item: Leftovers
|-damage|p1a: Suicune|9/100 brn|[from] brn
|-damage|p2a: Kingambit|37/100 brn|[from] brn
|upkeep
|turn|27
|
|t:|1769297384
|move|p1a: Suicune|Calm Mind|p1a: Suicune
|-boost|p1a: Suicune|spa|1
|-boost|p1a: Suicune|spd|1
|move|p2a: Kingambit|Kowtow Cleave|p1a: Suicune
|-damage|p1a: Suicune|0 fnt
|faint|p1a: Suicune
|
|-heal|p2a: Kingambit|44/100 brn|[from] item: Leftovers
|-damage|p2a: Kingambit|37/100 brn|[from] brn
|upkeep
|
|t:|1769297403
|switch|p1a: Latios|Latios, M, shiny, tera:Fighting|81/100
|-damage|p1a: Latios|75/100|[from] Stealth Rock
|turn|28
|
|t:|1769297408
|-end|p2a: Kingambit|fallen2|[silent]
|switch|p2a: Slowking|Slowking-Galar, M|100/100
|move|p1a: Latios|Draco Meteor|p2a: Slowking
|-damage|p2a: Slowking|62/100
|-unboost|p1a: Latios|spa|2
|
|upkeep
|turn|29
|
|t:|1769297420
|switch|p1a: Rhyperior|Rhyperior, M|83/100
|-damage|p1a: Rhyperior|76/100|[from] Stealth Rock
|move|p2a: Slowking|Toxic|p1a: Rhyperior
|-status|p1a: Rhyperior|tox
|
|-damage|p1a: Rhyperior|70/100 tox|[from] psn
|upkeep
|turn|30
|
|t:|1769297433
|switch|p2a: Zapdos|Zapdos|100/100
|move|p1a: Rhyperior|Rock Blast|p2a: Zapdos
|-supereffective|p2a: Zapdos
|-damage|p2a: Zapdos|81/100
|-supereffective|p2a: Zapdos
|-damage|p2a: Zapdos|60/100
|-supereffective|p2a: Zapdos
|-damage|p2a: Zapdos|41/100
|-supereffective|p2a: Zapdos
|-damage|p2a: Zapdos|19/100
|-supereffective|p2a: Zapdos
|-damage|p2a: Zapdos|0 fnt
|faint|p2a: Zapdos
|-hitcount|p2: Zapdos|5
|
|-damage|p1a: Rhyperior|58/100 tox|[from] psn
|upkeep
|
|t:|1769297486
|switch|p2a: Darkrai|Darkrai|20/100
|turn|31
|
|t:|1769297494
|move|p2a: Darkrai|Dark Pulse|p1a: Rhyperior
|-damage|p1a: Rhyperior|32/100 tox
|move|p1a: Rhyperior|Earthquake|p2a: Darkrai
|-crit|p2a: Darkrai
|-damage|p2a: Darkrai|0 fnt
|faint|p2a: Darkrai
|
|-damage|p1a: Rhyperior|14/100 tox|[from] psn
|upkeep
|
|t:|1769297512
|switch|p2a: Kingambit|Kingambit, F, tera:Ghost|37/100 brn
|-activate|p2a: Kingambit|ability: Supreme Overlord
|-start|p2a: Kingambit|fallen4|[silent]
|turn|32
|
|t:|1769297526
|switch|p1a: Latios|Latios, M, shiny, tera:Fighting|75/100
|-damage|p1a: Latios|69/100|[from] Stealth Rock
|move|p2a: Kingambit|Kowtow Cleave|p1a: Latios
|-resisted|p1a: Latios
|-damage|p1a: Latios|44/100
|
|-heal|p2a: Kingambit|44/100 brn|[from] item: Leftovers
|-damage|p2a: Kingambit|37/100 brn|[from] brn
|upkeep
|turn|33
|
|t:|1769297535
|-end|p2a: Kingambit|fallen4|[silent]
|switch|p2a: Slowking|Slowking-Galar, M|96/100
|move|p1a: Latios|Trick|p2a: Slowking
|-activate|p1a: Latios|move: Trick|[of] p2a: Slowking
|-item|p2a: Slowking|Choice Scarf|[from] move: Trick
|-item|p1a: Latios|Heavy-Duty Boots|[from] move: Trick
|
|upkeep
|turn|34
|
|t:|1769297545
|switch|p1a: Articuno|Articuno, shiny|100/100
|-ability|p1a: Articuno|Pressure
|move|p2a: Slowking|Psychic Noise|p1a: Articuno
|-damage|p1a: Articuno|75/100
|-start|p1a: Articuno|move: Heal Block
|
|upkeep
|turn|35
|
|t:|1769297555
|move|p1a: Articuno|Freeze-Dry|p2a: Slowking
|-damage|p2a: Slowking|76/100
|-status|p2a: Slowking|frz
|cant|p2a: Slowking|frz
|
|-end|p1a: Articuno|move: Heal Block
|upkeep
|turn|36
|c|☆rblt ryo|Sorry dont thjnk this mattered though
|c|☆rblt ryo|The burn and rock blast was the hax
|
|t:|1769297603
|move|p1a: Articuno|Freeze-Dry|p2a: Slowking
|-damage|p2a: Slowking|56/100 frz
|-curestatus|p2a: Slowking|frz|[msg]
|move|p2a: Slowking|Psychic Noise|p1a: Articuno
|-damage|p1a: Articuno|52/100
|-start|p1a: Articuno|move: Heal Block
|
|upkeep
|turn|37
|
|t:|1769297628
|move|p1a: Articuno|Freeze-Dry|p2a: Slowking
|-damage|p2a: Slowking|38/100
|move|p2a: Slowking|Psychic Noise|p1a: Articuno
|-crit|p1a: Articuno
|-damage|p1a: Articuno|16/100
|
|-end|p1a: Articuno|move: Heal Block
|upkeep
|turn|38
|
|t:|1769297637
|move|p1a: Articuno|Roost|p1a: Articuno
|-heal|p1a: Articuno|66/100
|-singleturn|p1a: Articuno|move: Roost
|move|p2a: Slowking|Psychic Noise|p1a: Articuno
|-damage|p1a: Articuno|44/100
|-start|p1a: Articuno|move: Heal Block
|
|upkeep
|turn|39
|
|t:|1769297646
|move|p1a: Articuno|Freeze-Dry|p2a: Slowking
|-damage|p2a: Slowking|18/100
|move|p2a: Slowking|Psychic Noise|p1a: Articuno
|-damage|p1a: Articuno|22/100
|
|-end|p1a: Articuno|move: Heal Block
|upkeep
|turn|40
|
|t:|1769297656
|switch|p2a: Kingambit|Kingambit, F, tera:Ghost|37/100 brn
|-activate|p2a: Kingambit|ability: Supreme Overlord
|-start|p2a: Kingambit|fallen4|[silent]
|move|p1a: Articuno|Roost|p1a: Articuno
|-heal|p1a: Articuno|73/100
|-singleturn|p1a: Articuno|move: Roost
|
|-heal|p2a: Kingambit|44/100 brn|[from] item: Leftovers
|-damage|p2a: Kingambit|37/100 brn|[from] brn
|upkeep
|turn|41
|
|t:|1769297666
|-end|p2a: Kingambit|fallen4|[silent]
|switch|p2a: Slowking|Slowking-Galar, M|52/100
|move|p1a: Articuno|Freeze-Dry|p2a: Slowking
|-damage|p2a: Slowking|34/100
|
|upkeep
|turn|42
|
|t:|1769297676
|move|p1a: Articuno|Freeze-Dry|p2a: Slowking
|-damage|p2a: Slowking|16/100
|move|p2a: Slowking|Toxic|p1a: Articuno
|-status|p1a: Articuno|tox
|
|-damage|p1a: Articuno|67/100 tox|[from] psn
|upkeep
|turn|43
|
|t:|1769297683
|switch|p2a: Kingambit|Kingambit, F, tera:Ghost|37/100 brn
|-activate|p2a: Kingambit|ability: Supreme Overlord
|-start|p2a: Kingambit|fallen4|[silent]
|move|p1a: Articuno|Freeze-Dry|p2a: Kingambit
|-damage|p2a: Kingambit|8/100 brn
|
|-heal|p2a: Kingambit|14/100 brn|[from] item: Leftovers
|-damage|p1a: Articuno|55/100 tox|[from] psn
|-damage|p2a: Kingambit|8/100 brn|[from] brn
|upkeep
|turn|44
|j| acad_aver
|
|t:|1769297696
|-end|p2a: Kingambit|fallen4|[silent]
|switch|p2a: Slowking|Slowking-Galar, M|49/100
|move|p1a: Articuno|Air Slash|p2a: Slowking
|-damage|p2a: Slowking|27/100
|
|-damage|p1a: Articuno|37/100 tox|[from] psn
|upkeep
|turn|45
|
|t:|1769297735
|move|p1a: Articuno|Freeze-Dry|p2a: Slowking
|-damage|p2a: Slowking|10/100
|move|p2a: Slowking|Psychic Noise|p1a: Articuno
|-damage|p1a: Articuno|11/100 tox
|-start|p1a: Articuno|move: Heal Block
|
|-damage|p1a: Articuno|0 fnt|[from] psn
|faint|p1a: Articuno
|upkeep
|
|t:|1769297747
|switch|p1a: Latios|Latios, M, shiny, tera:Fighting|44/100
|turn|46
|
|t:|1769297774
|move|p1a: Latios|Luster Purge|p2a: Slowking
|-damage|p2a: Slowking|0 fnt
|faint|p2a: Slowking
|
|upkeep
|
|t:|1769297776
|switch|p2a: Kingambit|Kingambit, F, tera:Ghost|8/100 brn
|-activate|p2a: Kingambit|ability: Supreme Overlord
|-start|p2a: Kingambit|fallen5|[silent]
|turn|47
|
|t:|1769297785
|move|p1a: Latios|Luster Purge|p2a: Kingambit
|-damage|p2a: Kingambit|0 fnt
|faint|p2a: Kingambit
|-end|p2a: Kingambit|fallen5|[silent]
|
|win|rblt ryo
|raw|rblt ryo's rating: 1532 &rarr; <strong>1557</strong><br />(+25 for winning)
|raw|qways's rating: 1620 &rarr; <strong>1595</strong><br />(-25 for losing)
|l|☆rblt ryo
|player|p1|
|l|☆qways
|player|p2|
|j|☆rblt ryo
|player|p1|rblt ryo|dawn|
