|j|☆cospway
|j|☆elpets
|t:|1769379196
|gametype|singles
|player|p1|cospway|iris-gen5bw2|1657
|player|p2|elpets|infielder|1627
|gen|9
|tier|[Gen 9] OU
|rated|
|rule|HP Percentage Mod: HP is shown in percentages
|rule|Endless Battle Clause: Forcing endless battles is banned
|rule|Species Clause: Limit one of each Pokémon
|rule|OHKO Clause: OHKO moves are banned
|rule|Evasion Items Clause: Evasion items are banned
|rule|Evasion Moves Clause: Evasion moves are banned
|rule|Evasion Abilities Clause: Evasion abilities are banned
|rule|Sleep Moves Clause: Sleep-inducing moves are banned
|clearpoke
|poke|p1|Cresselia, F|
|poke|p1|Mew|
|poke|p1|Kingambit, F|
|poke|p1|Gholdengo|
|poke|p1|Azumarill, M|
|poke|p1|Hoopa-Unbound|
|poke|p2|Hatterene, F|
|poke|p2|Dragonite, F|
|poke|p2|Breloom, F|
|poke|p2|Azumarill, F|
|poke|p2|Great Tusk|
|poke|p2|Skeledirge, M|
|teampreview
|inactive|Battle timer is ON: inactive players will automatically lose when time's up. (requested by elpets)
|inactive|cospway also wants the timer to be on.
|
|t:|1769379207
|teamsize|p1|6
|teamsize|p2|6
|start
|switch|p1a: Gholdengo|Gholdengo|100/100
|switch|p2a: Azumarill|Azumarill, F|100/100
|turn|1
|
|t:|1769379213
|move|p1a: Gholdengo|Thunderbolt|p2a: Azumarill
|-supereffective|p2a: Azumarill
|-damage|p2a: Azumarill|35/100
|move|p2a: Azumarill|Knock Off|p1a: Gholdengo
|-supereffective|p1a: Gholdengo
|-damage|p1a: Gholdengo|25/100
|-enditem|p1a: Gholdengo|Choice Specs|[from] move: Knock Off|[of] p2a: Azumarill
|
|upkeep
|turn|2
|
|t:|1769379222
|move|p2a: Azumarill|Aqua Jet|p1a: Gholdengo
|-damage|p1a: Gholdengo|2/100
|move|p1a: Gholdengo|Make It Rain|p2a: Azumarill
|-damage|p2a: Azumarill|0 fnt
|-unboost|p1a: Gholdengo|spa|1
|faint|p2a: Azumarill
|
|upkeep
|
|t:|1769379227
|switch|p2a: Great Tusk|Great Tusk|100/100
|-enditem|p2a: Great Tusk|Booster Energy
|-activate|p2a: Great Tusk|ability: Protosynthesis|[fromitem]
|-start|p2a: Great Tusk|protosynthesisatk
|turn|3
|
|t:|1769379234
|switch|p1a: Cresselia|Cresselia, F|100/100
|move|p2a: Great Tusk|Ice Spinner|p1a: Cresselia
|-damage|p1a: Cresselia|83/100
|
|upkeep
|turn|4
|
|t:|1769379245
|-end|p2a: Great Tusk|Protosynthesis|[silent]
|switch|p2a: Skeledirge|Skeledirge, M|100/100
|move|p1a: Cresselia|Trick Room|p1a: Cresselia
|-fieldstart|move: Trick Room|[of] p1a: Cresselia
|
|upkeep
|turn|5
|
|t:|1769379252
|move|p1a: Cresselia|Lunar Dance|p1a: Cresselia
|faint|p1a: Cresselia
|move|p2a: Skeledirge|Torch Song|p1: Cresselia|[notarget]
|-fail|p2a: Skeledirge
|
|upkeep
|
|t:|1769379257
|switch|p1a: Gholdengo|Gholdengo|2/100
|-heal|p1a: Gholdengo|100/100|[from] move: Lunar Dance
|turn|6
|
|t:|1769379267
|-terastallize|p2a: Skeledirge|Water
|move|p1a: Gholdengo|Shadow Ball|p2a: Skeledirge
|-damage|p2a: Skeledirge|51/100
|move|p2a: Skeledirge|Torch Song|p1a: Gholdengo
|-supereffective|p1a: Gholdengo
|-damage|p1a: Gholdengo|44/100
|-boost|p2a: Skeledirge|spa|1
|
|upkeep
|turn|7
|
|t:|1769379279
|switch|p2a: Hatterene|Hatterene, F|100/100
|move|p1a: Gholdengo|Thunderbolt|p2a: Hatterene
|-damage|p2a: Hatterene|63/100
|
|-heal|p2a: Hatterene|69/100|[from] item: Leftovers
|upkeep
|turn|8
|
|t:|1769379285
|move|p2a: Hatterene|Mystical Fire|p1a: Gholdengo
|-supereffective|p1a: Gholdengo
|-damage|p1a: Gholdengo|0 fnt
|faint|p1a: Gholdengo
|
|-heal|p2a: Hatterene|75/100|[from] item: Leftovers
|-fieldend|move: Trick Room
|upkeep
|
|t:|1769379298
|switch|p1a: Hoopa|Hoopa-Unbound|100/100
|turn|9
|
|t:|1769379304
|move|p1a: Hoopa|Gunk Shot|p2a: Hatterene
|-supereffective|p2a: Hatterene
|-damage|p2a: Hatterene|0 fnt
|faint|p2a: Hatterene
|
|upkeep
|
|t:|1769379306
|switch|p2a: Ippo|Breloom, F|100/100
|turn|10
|
|t:|1769379312
|move|p2a: Ippo|Bullet Seed|p1a: Hoopa
|-damage|p1a: Hoopa|70/100
|-damage|p1a: Hoopa|38/100
|-hitcount|p1a: Hoopa|2
|move|p1a: Hoopa|Gunk Shot|p2a: Ippo
|-supereffective|p2a: Ippo
|-enditem|p2a: Ippo|Focus Sash
|-damage|p2a: Ippo|1/100
|
|upkeep
|turn|11
|
|t:|1769379324
|move|p2a: Ippo|Mach Punch|p1a: Hoopa
|-damage|p1a: Hoopa|0 fnt
|faint|p1a: Hoopa
|
|upkeep
|
|t:|1769379331
|switch|p1a: Mew|Mew|100/100
|turn|12
|
|t:|1769379334
|move|p2a: Ippo|Bullet Seed|p1a: Mew
|-damage|p1a: Mew|85/100
|-damage|p1a: Mew|69/100
|-damage|p1a: Mew|54/100
|-hitcount|p1a: Mew|3
|move|p1a: Mew|Knock Off|p2a: Ippo
|-resisted|p2a: Ippo
|-damage|p2a: Ippo|0 fnt
|faint|p2a: Ippo
|
|upkeep
|
|t:|1769379341
|switch|p2a: Great Tusk|Great Tusk|100/100
|turn|13
|
|t:|1769379345
|move|p2a: Great Tusk|Headlong Rush|p1a: Mew
|-damage|p1a: Mew|9/100
|-unboost|p2a: Great Tusk|def|1
|-unboost|p2a: Great Tusk|spd|1
|move|p1a: Mew|Trick Room|p1a: Mew
|-fieldstart|move: Trick Room|[of] p1a: Mew
|
|upkeep
|turn|14
|
|t:|1769379352
|-end|p2a: Great Tusk|Protosynthesis|[silent]
|switch|p2a: Skeledirge|Skeledirge, M, tera:Water|51/100
|move|p1a: Mew|Stealth Rock|p2a: Skeledirge
|-sidestart|p2: elpets|move: Stealth Rock
|
|upkeep
|turn|15
|
|t:|1769379363
|move|p2a: Skeledirge|Slack Off|p2a: Skeledirge
|-heal|p2a: Skeledirge|100/100
|move|p1a: Mew|Taunt|p2a: Skeledirge
|-start|p2a: Skeledirge|move: Taunt
|
|upkeep
|turn|16
|
|t:|1769379367
|move|p2a: Skeledirge|Torch Song|p1a: Mew
|-damage|p1a: Mew|0 fnt
|-boost|p2a: Skeledirge|spa|1
|faint|p1a: Mew
|
|upkeep
|
|t:|1769379372
|switch|p1a: Azumarill|Azumarill, M|100/100
|turn|17
|
|t:|1769379378
|move|p1a: Azumarill|Play Rough|p2a: Skeledirge
|-damage|p2a: Skeledirge|48/100
|move|p2a: Skeledirge|Shadow Ball|p1a: Azumarill
|-damage|p1a: Azumarill|52/100
|
|-fieldend|move: Trick Room
|upkeep
|turn|18
|
|t:|1769379385
|move|p2a: Skeledirge|Shadow Ball|p1a: Azumarill
|-damage|p1a: Azumarill|4/100
|-unboost|p1a: Azumarill|spd|1
|move|p1a: Azumarill|Play Rough|p2a: Skeledirge
|-damage|p2a: Skeledirge|1/100
|
|-end|p2a: Skeledirge|move: Taunt
|upkeep
|turn|19
|
|t:|1769379394
|move|p2a: Skeledirge|Slack Off|p2a: Skeledirge
|-heal|p2a: Skeledirge|51/100
|move|p1a: Azumarill|Play Rough|p2a: Skeledirge
|-damage|p2a: Skeledirge|3/100
|
|upkeep
|turn|20
|
|t:|1769379402
|move|p2a: Skeledirge|Slack Off|p2a: Skeledirge
|-heal|p2a: Skeledirge|53/100
|move|p1a: Azumarill|Play Rough|p2a: Skeledirge
|-damage|p2a: Skeledirge|2/100
|
|upkeep
|turn|21
|
|t:|1769379407
|move|p2a: Skeledirge|Torch Song|p1a: Azumarill
|-resisted|p1a: Azumarill
|-damage|p1a: Azumarill|0 fnt
|-boost|p2a: Skeledirge|spa|1
|faint|p1a: Azumarill
|
|upkeep
|
|t:|1769379409
|switch|p1a: Kingambit|Kingambit, F|100/100
|-activate|p1a: Kingambit|ability: Supreme Overlord
|-start|p1a: Kingambit|fallen5|[silent]
|turn|22
|
|t:|1769379415
|move|p2a: Skeledirge|Torch Song|p1a: Kingambit
|-supereffective|p1a: Kingambit
|-crit|p1a: Kingambit
|-damage|p1a: Kingambit|0 fnt
|-boost|p2a: Skeledirge|spa|1
|faint|p1a: Kingambit
|-end|p1a: Kingambit|fallen5|[silent]
|
|win|elpets
|raw|cospway's rating: 1657 &rarr; <strong>1635</strong><br />(-22 for losing)
|raw|elpets's rating: 1627 &rarr; <strong>1649</strong><br />(+22 for winning)
|l|☆elpets
|player|p2|
|l|☆cospway
|player|p1|
