|j|☆RedDragonLecter2
|j|☆uhcip
|t:|1769382337
|gametype|singles
|player|p1|RedDragonLecter2|swimmer|1400
|player|p2|uhcip|2|1358
|gen|9
|tier|[Gen 9] OU
|rated|
|rule|HP Percentage Mod: HP is shown in percentages
|rule|Endless Battle Clause: Forcing endless battles is banned
|rule|Species Clause: Limit one of each Pokémon
|rule|OHKO Clause: OHKO moves are banned
|rule|Evasion Items Clause: Evasion items are banned
|rule|Evasion Moves Clause: Evasion moves are banned
|rule|Evasion Abilities Clause: Evasion abilities are banned
|rule|Sleep Moves Clause: Sleep-inducing moves are banned
|clearpoke
|poke|p1|Ceruledge, F|
|poke|p1|Iron Treads|
|poke|p1|Samurott-Hisui, M|
|poke|p1|Raging Bolt|
|poke|p1|Araquanid, M|
|poke|p1|Enamorus, F|
|poke|p2|Cinderace, M|
|poke|p2|Rillaboom, F|
|poke|p2|Inteleon, M|
|poke|p2|Corviknight, F|
|poke|p2|Dragapult, M|
|poke|p2|Slowking-Galar, F|
|teampreview
|
|t:|1769382360
|teamsize|p1|6
|teamsize|p2|6
|start
|switch|p1a: Samurott|Samurott-Hisui, M|100/100
|switch|p2a: Rillaboom|Rillaboom, F|100/100
|-fieldstart|move: Grassy Terrain|[from] ability: Grassy Surge|[of] p2a: Rillaboom
|turn|1
|
|t:|1769382390
|switch|p1a: Araquanid|Araquanid, M|100/100
|move|p2a: Rillaboom|U-turn|p1a: Araquanid
|-damage|p1a: Araquanid|62/100
|
|t:|1769382418
|switch|p2a: Cinderace|Cinderace, M|100/100|[from] U-turn
|
|-heal|p1a: Araquanid|68/100|[from] Grassy Terrain
|upkeep
|turn|2
|
|t:|1769382443
|move|p2a: Cinderace|Pyro Ball|p1a: Araquanid|[miss]
|-miss|p2a: Cinderace|p1a: Araquanid
|move|p1a: Araquanid|Surf|p2a: Cinderace
|-supereffective|p2a: Cinderace
|-damage|p2a: Cinderace|0 fnt
|faint|p2a: Cinderace
|
|-heal|p1a: Araquanid|75/100|[from] Grassy Terrain
|upkeep
|
|t:|1769382462
|switch|p2a: Corviknight|Corviknight, F|100/100
|turn|3
|
|t:|1769382477
|move|p2a: Corviknight|Brave Bird|p1a: Araquanid
|-supereffective|p1a: Araquanid
|-damage|p1a: Araquanid|0 fnt
|faint|p1a: Araquanid
|-damage|p2a: Corviknight|80/100|[from] Recoil
|
|upkeep
|
|t:|1769382493
|switch|p1a: Ceruledge|Ceruledge, F|100/100
|turn|4
|
|t:|1769382504
|switch|p2a: Inteleon|Inteleon, M|100/100
|move|p1a: Ceruledge|Swords Dance|p1a: Ceruledge
|-boost|p1a: Ceruledge|atk|2
|
|upkeep
|turn|5
|
|t:|1769382517
|move|p2a: Inteleon|Hydro Pump|p1a: Ceruledge
|-supereffective|p1a: Ceruledge
|-enditem|p1a: Ceruledge|Focus Sash
|-damage|p1a: Ceruledge|1/100
|move|p1a: Ceruledge|Poltergeist|p2a: Inteleon
|-activate|p2a: Inteleon|move: Poltergeist|Lansat Berry
|-damage|p2a: Inteleon|0 fnt
|faint|p2a: Inteleon
|
|-heal|p1a: Ceruledge|7/100|[from] Grassy Terrain
|-fieldend|move: Grassy Terrain
|upkeep
|
|t:|1769382533
|switch|p2a: Rillaboom|Rillaboom, F|100/100
|-fieldstart|move: Grassy Terrain|[from] ability: Grassy Surge|[of] p2a: Rillaboom
|turn|6
|
|t:|1769382540
|switch|p1a: Iron Treads|Iron Treads|100/100
|move|p2a: Rillaboom|Grassy Glide|p1a: Iron Treads
|-damage|p1a: Iron Treads|46/100
|
|-heal|p1a: Iron Treads|53/100|[from] Grassy Terrain
|-heal|p1a: Iron Treads|59/100|[from] item: Leftovers
|upkeep
|turn|7
|
|t:|1769382547
|move|p2a: Rillaboom|Grassy Glide|p1a: Iron Treads
|-damage|p1a: Iron Treads|9/100
|move|p1a: Iron Treads|Knock Off|p2a: Rillaboom
|-damage|p2a: Rillaboom|66/100
|-enditem|p2a: Rillaboom|Choice Band|[from] move: Knock Off|[of] p1a: Iron Treads
|
|-heal|p1a: Iron Treads|15/100|[from] Grassy Terrain
|-heal|p1a: Iron Treads|21/100|[from] item: Leftovers
|-heal|p2a: Rillaboom|72/100|[from] Grassy Terrain
|upkeep
|turn|8
|
|t:|1769382557
|move|p2a: Rillaboom|Grassy Glide|p1a: Iron Treads
|-damage|p1a: Iron Treads|0 fnt
|faint|p1a: Iron Treads
|-end|p1a: Iron Treads|Quark Drive|[silent]
|
|-heal|p2a: Rillaboom|78/100|[from] Grassy Terrain
|upkeep
|
|t:|1769382569
|switch|p1a: Raging Bolt|Raging Bolt|100/100
|-enditem|p1a: Raging Bolt|Booster Energy
|-activate|p1a: Raging Bolt|ability: Protosynthesis|[fromitem]
|-start|p1a: Raging Bolt|protosynthesisspa
|turn|9
|
|t:|1769382578
|move|p2a: Rillaboom|U-turn|p1a: Raging Bolt
|-damage|p1a: Raging Bolt|75/100
|
|t:|1769382585
|switch|p2a: Slowking|Slowking-Galar, F|100/100|[from] U-turn
|move|p1a: Raging Bolt|Dragon Pulse|p2a: Slowking
|-crit|p2a: Slowking
|-damage|p2a: Slowking|49/100
|
|-heal|p1a: Raging Bolt|81/100|[from] Grassy Terrain
|-heal|p2a: Slowking|55/100|[from] Grassy Terrain
|upkeep
|turn|10
|
|t:|1769382599
|move|p1a: Raging Bolt|Calm Mind|p1a: Raging Bolt
|-boost|p1a: Raging Bolt|spa|1
|-boost|p1a: Raging Bolt|spd|1
|move|p2a: Slowking|Future Sight|p1a: Raging Bolt
|-start|p2a: Slowking|move: Future Sight
|
|-heal|p1a: Raging Bolt|87/100|[from] Grassy Terrain
|-heal|p2a: Slowking|61/100|[from] Grassy Terrain
|-fieldend|move: Grassy Terrain
|upkeep
|turn|11
|
|t:|1769382607
|move|p1a: Raging Bolt|Calm Mind|p1a: Raging Bolt
|-boost|p1a: Raging Bolt|spa|1
|-boost|p1a: Raging Bolt|spd|1
|move|p2a: Slowking|Ice Beam|p1a: Raging Bolt
|-supereffective|p1a: Raging Bolt
|-damage|p1a: Raging Bolt|57/100
|
|upkeep
|turn|12
|
|t:|1769382620
|-terastallize|p1a: Raging Bolt|Fairy
|move|p1a: Raging Bolt|Thunderbolt|p2a: Slowking
|-damage|p2a: Slowking|0 fnt
|faint|p2a: Slowking
|
|-end|p1a: Raging Bolt|move: Future Sight
|-damage|p1a: Raging Bolt|29/100
|upkeep
|
|t:|1769382634
|switch|p2a: Rillaboom|Rillaboom, F|78/100
|-fieldstart|move: Grassy Terrain|[from] ability: Grassy Surge|[of] p2a: Rillaboom
|turn|13
|
|t:|1769382637
|move|p2a: Rillaboom|Grassy Glide|p1a: Raging Bolt
|-damage|p1a: Raging Bolt|0 fnt
|faint|p1a: Raging Bolt
|-end|p1a: Raging Bolt|Protosynthesis|[silent]
|
|-heal|p2a: Rillaboom|84/100|[from] Grassy Terrain
|upkeep
|
|t:|1769382643
|switch|p1a: Enamorus|Enamorus, F|100/100
|turn|14
|
|t:|1769382660
|switch|p2a: Corviknight|Corviknight, F|80/100
|move|p1a: Enamorus|Mystical Fire|p2a: Corviknight
|-supereffective|p2a: Corviknight
|-damage|p2a: Corviknight|18/100
|-ability|p2a: Corviknight|Mirror Armor
|-boost|p1a: Enamorus|spa|1
|
|upkeep
|turn|15
|
|t:|1769382679
|switch|p2a: Dragapult|Dragapult, M|100/100
|move|p1a: Enamorus|Mystical Fire|p2a: Dragapult
|-resisted|p2a: Dragapult
|-damage|p2a: Dragapult|65/100
|-unboost|p2a: Dragapult|spa|1
|
|-heal|p2a: Dragapult|71/100|[from] Grassy Terrain
|-heal|p2a: Dragapult|77/100|[from] item: Leftovers
|upkeep
|turn|16
|
|t:|1769382692
|move|p1a: Enamorus|Mystical Fire|p2a: Dragapult
|-resisted|p2a: Dragapult
|-damage|p2a: Dragapult|41/100
|-unboost|p2a: Dragapult|spa|1
|move|p2a: Dragapult|U-turn|p1a: Enamorus
|-resisted|p1a: Enamorus
|-damage|p1a: Enamorus|93/100
|
|t:|1769382700
|switch|p2a: Rillaboom|Rillaboom, F|84/100|[from] U-turn
|
|-heal|p2a: Rillaboom|90/100|[from] Grassy Terrain
|upkeep
|turn|17
|
|t:|1769382708
|-terastallize|p2a: Rillaboom|Grass
|move|p1a: Enamorus|Mystical Fire|p2a: Rillaboom
|-supereffective|p2a: Rillaboom
|-damage|p2a: Rillaboom|0 fnt
|faint|p2a: Rillaboom
|
|-fieldend|move: Grassy Terrain
|upkeep
|
|t:|1769382713
|switch|p2a: Dragapult|Dragapult, M|41/100
|turn|18
|
|t:|1769382717
|move|p1a: Enamorus|Mystical Fire|p2a: Dragapult
|-resisted|p2a: Dragapult
|-damage|p2a: Dragapult|6/100
|-unboost|p2a: Dragapult|spa|1
|move|p2a: Dragapult|Hex|p1a: Enamorus
|-damage|p1a: Enamorus|65/100
|
|-heal|p2a: Dragapult|12/100|[from] item: Leftovers
|upkeep
|turn|19
|
|t:|1769382732
|move|p1a: Enamorus|Mystical Fire|p2a: Dragapult
|-resisted|p2a: Dragapult
|-damage|p2a: Dragapult|0 fnt
|faint|p2a: Dragapult
|
|upkeep
|
|t:|1769382735
|switch|p2a: Corviknight|Corviknight, F|18/100
|turn|20
|l|☆RedDragonLecter2
|player|p1|
|j|☆RedDragonLecter2
|player|p1|RedDragonLecter2|swimmer|
|
|t:|1769382760
|move|p1a: Enamorus|Mystical Fire|p2a: Corviknight
|-supereffective|p2a: Corviknight
|-crit|p2a: Corviknight
|-damage|p2a: Corviknight|0 fnt
|faint|p2a: Corviknight
|
|win|RedDragonLecter2
|raw|RedDragonLecter2's rating: 1416 &rarr; <strong>1433</strong><br />(+17 for winning)
|raw|uhcip's rating: 1358 &rarr; <strong>1341</strong><br />(-17 for losing)
|l|☆uhcip
|player|p2|
