|j|☆hina235
|j|☆yuxia999
|t:|1769414582
|gametype|singles
|player|p1|hina235|lady-gen4|1357
|player|p2|yuxia999|dawn|1428
|gen|9
|tier|[Gen 9] OU
|rated|
|rule|HP Percentage Mod: HP is shown in percentages
|rule|Endless Battle Clause: Forcing endless battles is banned
|rule|Species Clause: Limit one of each Pokémon
|rule|OHKO Clause: OHKO moves are banned
|rule|Evasion Items Clause: Evasion items are banned
|rule|Evasion Moves Clause: Evasion moves are banned
|rule|Evasion Abilities Clause: Evasion abilities are banned
|rule|Sleep Moves Clause: Sleep-inducing moves are banned
|clearpoke
|poke|p1|Sandy Shocks|
|poke|p1|Scizor, M|
|poke|p1|Manaphy|
|poke|p1|Latios, M|
|poke|p1|Ogerpon, F|
|poke|p1|Iron Jugulis|
|poke|p2|Alomomola, F|
|poke|p2|Slowking-Galar, M|
|poke|p2|Kingambit, M|
|poke|p2|Great Tusk|
|poke|p2|Dragapult, F|
|poke|p2|Thundurus-Therian, M|
|teampreview
|inactive|Battle timer is ON: inactive players will automatically lose when time's up. (requested by yuxia999)
|inactive|hina235 also wants the timer to be on.
|
|t:|1769414593
|teamsize|p1|6
|teamsize|p2|6
|start
|switch|p1a: Sandy Shocks|Sandy Shocks|100/100
|switch|p2a: Thundurus|Thundurus-Therian, M|100/100
|-enditem|p1a: Sandy Shocks|Booster Energy
|-activate|p1a: Sandy Shocks|ability: Protosynthesis|[fromitem]
|-start|p1a: Sandy Shocks|protosynthesisspe
|turn|1
|
|t:|1769414599
|move|p1a: Sandy Shocks|Stealth Rock|p2a: Thundurus
|-sidestart|p2: yuxia999|move: Stealth Rock
|move|p2a: Thundurus|Nasty Plot|p2a: Thundurus
|-boost|p2a: Thundurus|spa|2
|
|upkeep
|turn|2
|
|t:|1769414606
|move|p1a: Sandy Shocks|Spikes|p2a: Thundurus
|-sidestart|p2: yuxia999|Spikes
|move|p2a: Thundurus|Nasty Plot|p2a: Thundurus
|-boost|p2a: Thundurus|spa|2
|
|upkeep
|turn|3
|
|t:|1769414618
|move|p1a: Sandy Shocks|Spikes|p2a: Thundurus
|-sidestart|p2: yuxia999|Spikes
|move|p2a: Thundurus|Nasty Plot|p2a: Thundurus
|-boost|p2a: Thundurus|spa|2
|
|upkeep
|turn|4
|
|t:|1769414622
|move|p1a: Sandy Shocks|Spikes|p2a: Thundurus
|-sidestart|p2: yuxia999|Spikes
|move|p2a: Thundurus|Tera Blast|p1a: Sandy Shocks
|-damage|p1a: Sandy Shocks|0 fnt
|faint|p1a: Sandy Shocks
|-end|p1a: Sandy Shocks|Protosynthesis|[silent]
|
|upkeep
|
|t:|1769414625
|switch|p1a: Ogerpon|Ogerpon, F|100/100
|turn|5
|
|t:|1769414633
|move|p1a: Ogerpon|Rock Tomb|p2a: Thundurus
|-supereffective|p2a: Thundurus
|-damage|p2a: Thundurus|38/100
|-unboost|p2a: Thundurus|spe|1
|move|p2a: Thundurus|Tera Blast|p1a: Ogerpon
|-damage|p1a: Ogerpon|0 fnt
|faint|p1a: Ogerpon
|
|upkeep
|
|t:|1769414643
|switch|p1a: Manaphy|Manaphy|100/100
|turn|6
|
|t:|1769414646
|move|p1a: Manaphy|Ice Beam|p2a: Thundurus
|-supereffective|p2a: Thundurus
|-damage|p2a: Thundurus|0 fnt
|faint|p2a: Thundurus
|
|upkeep
|
|t:|1769414649
|switch|p2a: Slowking|Slowking-Galar, M|100/100
|turn|7
|
|t:|1769414656
|switch|p1a: Scizor|Scizor, M|100/100
|move|p2a: Slowking|Toxic|p1a: Scizor
|-immune|p1a: Scizor
|
|upkeep
|turn|8
|
|t:|1769414661
|move|p1a: Scizor|Swords Dance|p1a: Scizor
|-boost|p1a: Scizor|atk|2
|move|p2a: Slowking|Flamethrower|p1a: Scizor
|-supereffective|p1a: Scizor
|-damage|p1a: Scizor|0 fnt
|faint|p1a: Scizor
|
|upkeep
|
|t:|1769414668
|switch|p1a: Iron Jugulis|Iron Jugulis|100/100
|-enditem|p1a: Iron Jugulis|Booster Energy
|-activate|p1a: Iron Jugulis|ability: Quark Drive|[fromitem]
|-start|p1a: Iron Jugulis|quarkdrivespe
|turn|9
|
|t:|1769414674
|move|p1a: Iron Jugulis|Taunt|p2a: Slowking
|-start|p2a: Slowking|move: Taunt
|cant|p2a: Slowking|move: Taunt|Toxic
|
|upkeep
|turn|10
|
|t:|1769414680
|move|p1a: Iron Jugulis|Dark Pulse|p2a: Slowking
|-supereffective|p2a: Slowking
|-damage|p2a: Slowking|55/100
|move|p2a: Slowking|Future Sight|p1a: Iron Jugulis
|-start|p2a: Slowking|move: Future Sight
|
|upkeep
|turn|11
|
|t:|1769414684
|move|p1a: Iron Jugulis|Dark Pulse|p2a: Slowking
|-supereffective|p2a: Slowking
|-damage|p2a: Slowking|9/100
|move|p2a: Slowking|Flamethrower|p1a: Iron Jugulis
|-crit|p1a: Iron Jugulis
|-damage|p1a: Iron Jugulis|62/100
|
|-end|p2a: Slowking|move: Taunt
|upkeep
|turn|12
|
|t:|1769414688
|move|p1a: Iron Jugulis|Dark Pulse|p2a: Slowking
|-supereffective|p2a: Slowking
|-damage|p2a: Slowking|0 fnt
|faint|p2a: Slowking
|
|-end|p1a: Iron Jugulis|move: Future Sight
|-immune|p1a: Iron Jugulis
|upkeep
|
|t:|1769414690
|switch|p2a: Great Tusk|Great Tusk|100/100
|turn|13
|
|t:|1769414693
|move|p1a: Iron Jugulis|Hurricane|p2a: Great Tusk
|-supereffective|p2a: Great Tusk
|-damage|p2a: Great Tusk|0 fnt
|faint|p2a: Great Tusk
|-end|p2a: Great Tusk|Protosynthesis|[silent]
|
|upkeep
|
|t:|1769414696
|switch|p2a: Dragapult|Dragapult, F|100/100
|turn|14
|
|t:|1769414701
|move|p1a: Iron Jugulis|Dark Pulse|p2a: Dragapult
|-supereffective|p2a: Dragapult
|-damage|p2a: Dragapult|0 fnt
|faint|p2a: Dragapult
|
|upkeep
|
|t:|1769414705
|switch|p2a: Kingambit|Kingambit, M|100/100
|-damage|p2a: Kingambit|94/100|[from] Stealth Rock
|-damage|p2a: Kingambit|69/100|[from] Spikes
|-activate|p2a: Kingambit|ability: Supreme Overlord
|-start|p2a: Kingambit|fallen4|[silent]
|turn|15
|
|t:|1769414714
|move|p1a: Iron Jugulis|Earth Power|p2a: Kingambit
|-supereffective|p2a: Kingambit
|-damage|p2a: Kingambit|16/100
|move|p2a: Kingambit|Kowtow Cleave|p1a: Iron Jugulis
|-resisted|p1a: Iron Jugulis
|-damage|p1a: Iron Jugulis|23/100
|
|-heal|p2a: Kingambit|23/100|[from] item: Leftovers
|upkeep
|turn|16
|
|t:|1769414718
|move|p2a: Kingambit|Sucker Punch|p1a: Iron Jugulis
|-resisted|p1a: Iron Jugulis
|-damage|p1a: Iron Jugulis|0 fnt
|faint|p1a: Iron Jugulis
|-end|p1a: Iron Jugulis|Quark Drive|[silent]
|
|-heal|p2a: Kingambit|29/100|[from] item: Leftovers
|upkeep
|
|t:|1769414722
|switch|p1a: Latios|Latios, M|100/100
|turn|17
|
|t:|1769414727
|-terastallize|p1a: Latios|Fighting
|-terastallize|p2a: Kingambit|Flying
|move|p1a: Latios|Aura Sphere|p2a: Kingambit
|-resisted|p2a: Kingambit
|-damage|p2a: Kingambit|12/100
|move|p2a: Kingambit|Kowtow Cleave|p1a: Latios
|-resisted|p1a: Latios
|-damage|p1a: Latios|66/100
|
|-heal|p2a: Kingambit|18/100|[from] item: Leftovers
|upkeep
|turn|18
|
|t:|1769414748
|move|p2a: Kingambit|Sucker Punch|p1a: Latios
|-resisted|p1a: Latios
|-damage|p1a: Latios|37/100
|move|p1a: Latios|Aura Sphere|p2a: Kingambit
|-resisted|p2a: Kingambit
|-damage|p2a: Kingambit|0 fnt
|faint|p2a: Kingambit
|-end|p2a: Kingambit|fallen4|[silent]
|
|upkeep
|-message|yuxia999 forfeited.
|
|win|hina235
|raw|hina235's rating: 1357 &rarr; <strong>1381</strong><br />(+24 for winning)
|raw|yuxia999's rating: 1428 &rarr; <strong>1404</strong><br />(-24 for losing)
|l|☆yuxia999
|player|p2|
|l|☆hina235
|player|p1|
