|j|☆banjin
|j|☆holo-lyte
|t:|1769396941
|gametype|singles
|player|p1|banjin|beauty-gen6xy|1315
|player|p2|holo-lyte|clerk|1353
|gen|9
|tier|[Gen 9] OU
|rated|
|rule|HP Percentage Mod: HP is shown in percentages
|rule|Endless Battle Clause: Forcing endless battles is banned
|rule|Species Clause: Limit one of each Pokémon
|rule|OHKO Clause: OHKO moves are banned
|rule|Evasion Items Clause: Evasion items are banned
|rule|Evasion Moves Clause: Evasion moves are banned
|rule|Evasion Abilities Clause: Evasion abilities are banned
|rule|Sleep Moves Clause: Sleep-inducing moves are banned
|clearpoke
|poke|p1|Minior-Blue|
|poke|p1|Lokix, F|
|poke|p1|Thundurus-Therian, M|
|poke|p1|Muk-Alola, M|
|poke|p1|Emboar, M|
|poke|p1|Ditto|
|poke|p2|Iron Jugulis|
|poke|p2|Iron Boulder|
|poke|p2|Zapdos-Galar|
|poke|p2|Articuno-Galar|
|poke|p2|Ceruledge, F|
|poke|p2|Glastrier|
|teampreview
|inactive|Battle timer is ON: inactive players will automatically lose when time's up. (requested by banjin)
|
|t:|1769396953
|teamsize|p1|6
|teamsize|p2|6
|start
|switch|p1a: Dragmire|Emboar, M, shiny|100/100
|switch|p2a: on my alt|Iron Boulder|100/100
|-enditem|p2a: on my alt|Booster Energy
|-activate|p2a: on my alt|ability: Quark Drive|[fromitem]
|-start|p2a: on my alt|quarkdrivespe
|turn|1
|
|t:|1769396959
|move|p2a: on my alt|Psycho Cut|p1a: Dragmire
|-supereffective|p1a: Dragmire
|-damage|p1a: Dragmire|12/100
|move|p1a: Dragmire|Earthquake|p2a: on my alt
|-supereffective|p2a: on my alt
|-damage|p2a: on my alt|21/100
|
|upkeep
|turn|2
|
|t:|1769396963
|switch|p1a: Katy|Lokix, F|100/100
|move|p2a: on my alt|Psycho Cut|p1a: Katy
|-immune|p1a: Katy
|
|upkeep
|turn|3
|c|☆holo-lyte|DANG IT I WAS ABOUT TO SWIOTCH T
|l|☆banjin
|inactive|banjin disconnected and has a minute to reconnect!
|player|p1|
|
|t:|1769396977
|-end|p2a: on my alt|Quark Drive|[silent]
|switch|p2a: Scalivur|Ceruledge, F|100/100
|move|p1a: Katy|First Impression|p2a: Scalivur
|-resisted|p2a: Scalivur
|-damage|p2a: Scalivur|70/100
|-ability|p2a: Scalivur|Weak Armor|boost
|-unboost|p2a: Scalivur|def|1
|-boost|p2a: Scalivur|spe|2
|
|upkeep
|turn|4
|j|☆banjin
|inactive|banjin reconnected and has 150 seconds left.
|player|p1|banjin|beauty-gen6xy|
|
|t:|1769396982
|move|p1a: Katy|Sucker Punch||[still]
|-fail|p1a: Katy
|move|p2a: Scalivur|Destiny Bond|p2a: Scalivur
|-singlemove|p2a: Scalivur|Destiny Bond
|
|upkeep
|turn|5
|
|t:|1769396988
|switch|p1a: Beppo|Muk-Alola, M|100/100
|move|p2a: Scalivur|Bitter Blade|p1a: Beppo
|-damage|p1a: Beppo|53/100
|-heal|p2a: Scalivur|100/100|[from] drain|[of] p1a: Beppo
|
|upkeep
|turn|6
|-activate|p1a: Beppo|item: Quick Claw
|
|t:|1769396994
|move|p1a: Beppo|Knock Off|p2a: Scalivur
|-supereffective|p2a: Scalivur
|-enditem|p2a: Scalivur|Focus Sash
|-damage|p2a: Scalivur|1/100
|-ability|p2a: Scalivur|Weak Armor|boost
|-unboost|p2a: Scalivur|def|1
|-boost|p2a: Scalivur|spe|2
|move|p2a: Scalivur|Bitter Blade|p1a: Beppo
|-damage|p1a: Beppo|8/100
|-heal|p2a: Scalivur|33/100|[from] drain|[of] p1a: Beppo
|
|upkeep
|turn|7
|
|t:|1769397004
|move|p1a: Beppo|Shadow Sneak|p2a: Scalivur
|-supereffective|p2a: Scalivur
|-damage|p2a: Scalivur|0 fnt
|faint|p2a: Scalivur
|
|upkeep
|
|t:|1769397015
|switch|p2a: ground hornbill|Zapdos-Galar|100/100
|turn|8
|-activate|p1a: Beppo|item: Quick Claw
|
|t:|1769397019
|move|p1a: Beppo|Shadow Sneak|p2a: ground hornbill
|-damage|p2a: ground hornbill|85/100
|move|p2a: ground hornbill|Thunderous Kick|p1a: Beppo
|-damage|p1a: Beppo|0 fnt
|faint|p1a: Beppo
|
|upkeep
|
|t:|1769397036
|switch|p1a: Mr. Brightside|Minior-Blue|100/100
|-formechange|p1a: Mr. Brightside|Minior-Meteor||[from] ability: Shields Down
|turn|9
|
|t:|1769397056
|-terastallize|p2a: ground hornbill|Ground
|-terastallize|p1a: Mr. Brightside|Ghost
|move|p2a: ground hornbill|Thunderous Kick|p1a: Mr. Brightside
|-immune|p1a: Mr. Brightside
|move|p1a: Mr. Brightside|Shell Smash|p1a: Mr. Brightside
|-unboost|p1a: Mr. Brightside|def|1
|-unboost|p1a: Mr. Brightside|spd|1
|-boost|p1a: Mr. Brightside|atk|2
|-boost|p1a: Mr. Brightside|spa|2
|-boost|p1a: Mr. Brightside|spe|2
|-enditem|p1a: Mr. Brightside|White Herb
|-clearnegativeboost|p1a: Mr. Brightside|[silent]
|
|upkeep
|turn|10
|
|t:|1769397063
|move|p1a: Mr. Brightside|Acrobatics|p2a: ground hornbill
|-damage|p2a: ground hornbill|0 fnt
|faint|p2a: ground hornbill
|
|upkeep
|
|t:|1769397070
|switch|p2a: on my alt|Iron Boulder|21/100
|turn|11
|
|t:|1769397075
|move|p1a: Mr. Brightside|Earthquake|p2a: on my alt
|-supereffective|p2a: on my alt
|-damage|p2a: on my alt|0 fnt
|faint|p2a: on my alt
|-end|p2a: on my alt|Quark Drive|[silent]
|
|upkeep
|
|t:|1769397086
|switch|p2a: yurem away|Glastrier|100/100
|turn|12
|
|t:|1769397089
|move|p1a: Mr. Brightside|Substitute|p1a: Mr. Brightside
|-start|p1a: Mr. Brightside|Substitute
|-damage|p1a: Mr. Brightside|75/100
|move|p2a: yurem away|Lash Out|p1a: Mr. Brightside
|-supereffective|p1a: Mr. Brightside
|-end|p1a: Mr. Brightside|Substitute
|
|upkeep
|turn|13
|
|t:|1769397095
|move|p1a: Mr. Brightside|Substitute|p1a: Mr. Brightside
|-start|p1a: Mr. Brightside|Substitute
|-damage|p1a: Mr. Brightside|50/100
|move|p2a: yurem away|Lash Out|p1a: Mr. Brightside
|-supereffective|p1a: Mr. Brightside
|-end|p1a: Mr. Brightside|Substitute
|
|-formechange|p1a: Mr. Brightside|Minior-Blue||[from] ability: Shields Down
|upkeep
|turn|14
|
|t:|1769397098
|move|p1a: Mr. Brightside|Acrobatics|p2a: yurem away
|-damage|p2a: yurem away|28/100
|move|p2a: yurem away|Lash Out|p1a: Mr. Brightside
|-supereffective|p1a: Mr. Brightside
|-damage|p1a: Mr. Brightside|0 fnt
|faint|p1a: Mr. Brightside
|-ability|p2a: yurem away|Chilling Neigh|boost
|-boost|p2a: yurem away|atk|1
|
|upkeep
|
|t:|1769397105
|switch|p1a: 𒉎|Ditto|100/100
|-transform|p1a: 𒉎|p2a: yurem away|[from] ability: Imposter
|turn|15
|
|t:|1769397123
|move|p1a: 𒉎|Close Combat|p2a: yurem away
|-supereffective|p2a: yurem away
|-crit|p2a: yurem away
|-damage|p2a: yurem away|0 fnt
|-unboost|p1a: 𒉎|def|1
|-unboost|p1a: 𒉎|spd|1
|faint|p2a: yurem away
|-ability|p1a: 𒉎|Chilling Neigh|boost
|-boost|p1a: 𒉎|atk|1
|
|upkeep
|
|t:|1769397130
|switch|p2a: ribbon|Articuno-Galar|100/100
|turn|16
|
|t:|1769397134
|move|p2a: ribbon|Freezing Glare|p1a: 𒉎
|-damage|p1a: 𒉎|0 fnt
|faint|p1a: 𒉎
|-damage|p2a: ribbon|91/100|[from] item: Life Orb
|
|upkeep
|
|t:|1769397137
|switch|p1a: Paws|Thundurus-Therian, M|100/100
|turn|17
|
|t:|1769397142
|move|p1a: Paws|Thunderbolt|p2a: ribbon
|-supereffective|p2a: ribbon
|-damage|p2a: ribbon|0 fnt
|faint|p2a: ribbon
|
|upkeep
|
|t:|1769397145
|switch|p2a: tin oesophagus|Iron Jugulis|100/100
|turn|18
|
|t:|1769397149
|move|p1a: Paws|Thunderbolt|p2a: tin oesophagus
|-supereffective|p2a: tin oesophagus
|-damage|p2a: tin oesophagus|0 fnt
|faint|p2a: tin oesophagus
|-end|p2a: tin oesophagus|Quark Drive|[silent]
|
|win|banjin
|raw|banjin's rating: 1315 &rarr; <strong>1337</strong><br />(+22 for winning)
|raw|holo-lyte's rating: 1353 &rarr; <strong>1331</strong><br />(-22 for losing)
|l|☆holo-lyte
|player|p2|
|c|☆banjin|gg
|l|☆banjin
|player|p1|
