|j|☆Galaxy-ice789
|j|☆jregga
|t:|1769385337
|gametype|singles
|player|p1|Galaxy-ice789|101|1062
|player|p2|jregga|blaine|1000
|gen|9
|tier|[Gen 9] OU
|rated|
|rule|HP Percentage Mod: HP is shown in percentages
|rule|Endless Battle Clause: Forcing endless battles is banned
|rule|Species Clause: Limit one of each Pokémon
|rule|OHKO Clause: OHKO moves are banned
|rule|Evasion Items Clause: Evasion items are banned
|rule|Evasion Moves Clause: Evasion moves are banned
|rule|Evasion Abilities Clause: Evasion abilities are banned
|rule|Sleep Moves Clause: Sleep-inducing moves are banned
|clearpoke
|poke|p1|Comfey, F|
|poke|p1|Glimmora, F|
|poke|p1|Espeon, F|
|poke|p1|Ambipom, F|
|poke|p1|Gastrodon, F|
|poke|p1|Blaziken, F|
|poke|p2|Gholdengo|
|poke|p2|Hippowdon, M|
|poke|p2|Samurott-Hisui, M|
|poke|p2|Mandibuzz, F|
|poke|p2|Garchomp, M|
|poke|p2|Kingambit, M|
|teampreview
|inactive|Battle timer is ON: inactive players will automatically lose when time's up. (requested by Galaxy-ice789)
|
|t:|1769385366
|teamsize|p1|6
|teamsize|p2|6
|start
|switch|p1a: Amelia|Ambipom, F, shiny|100/100
|switch|p2a: Samurott|Samurott-Hisui, M|100/100
|turn|1
|
|t:|1769385374
|switch|p2a: Garchomp|Garchomp, M|100/100
|move|p1a: Amelia|Fake Out|p2a: Garchomp
|-damage|p2a: Garchomp|84/100
|-damage|p1a: Amelia|88/100|[from] ability: Rough Skin|[of] p2a: Garchomp
|-damage|p1a: Amelia|72/100|[from] item: Rocky Helmet|[of] p2a: Garchomp
|
|upkeep
|turn|2
|
|t:|1769385395
|switch|p1a: Elena|Espeon, F|100/100
|switch|p2a: Mandibuzz|Mandibuzz, F|100/100
|
|upkeep
|turn|3
|
|t:|1769385406
|switch|p1a: Gala|Glimmora, F, shiny|100/100
|move|p2a: Mandibuzz|Knock Off|p1a: Gala
|-damage|p1a: Gala|78/100
|-activate|p1a: Gala|ability: Toxic Debris
|-sidestart|p2: jregga|move: Toxic Spikes
|-enditem|p1a: Gala|Leftovers|[from] move: Knock Off|[of] p2a: Mandibuzz
|
|upkeep
|turn|4
|inactive|jregga has 120 seconds left.
|
|t:|1769385438
|switch|p2a: Gholdengo|Gholdengo|100/100
|move|p1a: Gala|Power Gem|p2a: Gholdengo
|-resisted|p2a: Gholdengo
|-damage|p2a: Gholdengo|83/100
|
|upkeep
|turn|5
|
|t:|1769385454
|move|p1a: Gala|Earth Power|p2a: Gholdengo
|-supereffective|p2a: Gholdengo
|-damage|p2a: Gholdengo|22/100
|move|p2a: Gholdengo|Shadow Ball|p1a: Gala
|-damage|p1a: Gala|0 fnt
|faint|p1a: Gala
|
|upkeep
|
|t:|1769385461
|switch|p1a: Elena|Espeon, F|100/100
|turn|6
|
|t:|1769385474
|switch|p2a: Mandibuzz|Mandibuzz, F|100/100
|move|p1a: Elena|Shadow Ball|p2a: Mandibuzz
|-resisted|p2a: Mandibuzz
|-damage|p2a: Mandibuzz|92/100
|-unboost|p2a: Mandibuzz|spd|1
|
|upkeep
|turn|7
|
|t:|1769385484
|move|p1a: Elena|Power Gem|p2a: Mandibuzz
|-supereffective|p2a: Mandibuzz
|-damage|p2a: Mandibuzz|43/100
|move|p2a: Mandibuzz|U-turn|p1a: Elena
|-supereffective|p1a: Elena
|-damage|p1a: Elena|68/100
|
|t:|1769385496
|switch|p2a: Samurott|Samurott-Hisui, M|100/100|[from] U-turn
|-status|p2a: Samurott|psn
|
|-damage|p2a: Samurott|88/100 psn|[from] psn
|upkeep
|turn|8
|
|t:|1769385506
|move|p1a: Elena|Dazzling Gleam|p2a: Samurott
|-supereffective|p2a: Samurott
|-damage|p2a: Samurott|46/100 psn
|move|p2a: Samurott|Ceaseless Edge|p1a: Elena|[miss]
|-miss|p2a: Samurott|p1a: Elena
|
|-damage|p2a: Samurott|33/100 psn|[from] psn
|upkeep
|turn|9
|
|t:|1769385525
|switch|p2a: Kingambit|Kingambit, M|100/100
|move|p1a: Elena|Dazzling Gleam|p2a: Kingambit
|-damage|p2a: Kingambit|75/100
|
|upkeep
|turn|10
|
|t:|1769385535
|switch|p1a: Gama|Gastrodon, F, shiny|100/100
|move|p2a: Kingambit|Kowtow Cleave|p1a: Gama
|-crit|p1a: Gama
|-damage|p1a: Gama|0 fnt
|faint|p1a: Gama
|
|upkeep
|
|t:|1769385540
|switch|p1a: Bala|Blaziken, F, shiny|100/100
|turn|11
|inactive|jregga has 120 seconds left.
|
|t:|1769385548
|-end|p2a: Kingambit|fallenundefined|[silent]
|switch|p2a: Garchomp|Garchomp, M|84/100
|-status|p2a: Garchomp|psn
|move|p1a: Bala|Earthquake|p2a: Garchomp
|-damage|p2a: Garchomp|66/100 psn
|
|-damage|p2a: Garchomp|54/100 psn|[from] psn
|-ability|p1a: Bala|Speed Boost|boost
|-boost|p1a: Bala|spe|1
|upkeep
|turn|12
|
|t:|1769385560
|switch|p1a: Amelia|Ambipom, F, shiny|72/100
|move|p2a: Garchomp|Dragon Tail|p1a: Amelia
|-damage|p1a: Amelia|35/100
|drag|p1a: Elena|Espeon, F|68/100
|
|-damage|p2a: Garchomp|42/100 psn|[from] psn
|upkeep
|turn|13
|inactive|jregga has 120 seconds left.
|
|t:|1769385583
|switch|p2a: Gholdengo|Gholdengo|22/100
|move|p1a: Elena|Dazzling Gleam|p2a: Gholdengo
|-resisted|p2a: Gholdengo
|-damage|p2a: Gholdengo|10/100
|
|upkeep
|turn|14
|inactive|jregga has 120 seconds left.
|
|t:|1769385591
|move|p1a: Elena|Shadow Ball|p2a: Gholdengo
|-supereffective|p2a: Gholdengo
|-damage|p2a: Gholdengo|0 fnt
|faint|p2a: Gholdengo
|
|upkeep
|inactive|jregga has 120 seconds left.
|
|t:|1769385604
|switch|p2a: Mandibuzz|Mandibuzz, F|43/100
|turn|15
|inactive|jregga has 120 seconds left.
|
|t:|1769385614
|move|p1a: Elena|Power Gem|p2a: Mandibuzz
|-supereffective|p2a: Mandibuzz
|-damage|p2a: Mandibuzz|10/100
|move|p2a: Mandibuzz|Roost|p2a: Mandibuzz
|-heal|p2a: Mandibuzz|60/100
|-singleturn|p2a: Mandibuzz|move: Roost
|
|upkeep
|turn|16
|inactive|jregga has 120 seconds left.
|
|t:|1769385626
|move|p1a: Elena|Dazzling Gleam|p2a: Mandibuzz
|-supereffective|p2a: Mandibuzz
|-damage|p2a: Mandibuzz|30/100
|move|p2a: Mandibuzz|Roost|p2a: Mandibuzz
|-heal|p2a: Mandibuzz|80/100
|-singleturn|p2a: Mandibuzz|move: Roost
|
|upkeep
|turn|17
|
|t:|1769385634
|move|p1a: Elena|Dazzling Gleam|p2a: Mandibuzz
|-supereffective|p2a: Mandibuzz
|-damage|p2a: Mandibuzz|51/100
|move|p2a: Mandibuzz|Knock Off|p1a: Elena
|-supereffective|p1a: Elena
|-damage|p1a: Elena|2/100
|-enditem|p1a: Elena|Focus Sash|[from] move: Knock Off|[of] p2a: Mandibuzz
|
|upkeep
|turn|18
|
|t:|1769385647
|move|p1a: Elena|Power Gem|p2a: Mandibuzz
|-supereffective|p2a: Mandibuzz
|-damage|p2a: Mandibuzz|20/100
|move|p2a: Mandibuzz|Knock Off|p1a: Elena
|-supereffective|p1a: Elena
|-damage|p1a: Elena|0 fnt
|faint|p1a: Elena
|
|upkeep
|
|t:|1769385663
|switch|p1a: Amelia|Ambipom, F, shiny|35/100
|turn|19
|
|t:|1769385670
|switch|p2a: Garchomp|Garchomp, M|42/100 psn
|move|p1a: Amelia|Double Hit|p2a: Garchomp
|-damage|p2a: Garchomp|27/100 psn
|-damage|p1a: Amelia|23/100|[from] ability: Rough Skin|[of] p2a: Garchomp
|-damage|p1a: Amelia|7/100|[from] item: Rocky Helmet|[of] p2a: Garchomp
|-damage|p2a: Garchomp|12/100 psn
|-damage|p1a: Amelia|0 fnt|[from] ability: Rough Skin|[of] p2a: Garchomp
|faint|p1a: Amelia
|-hitcount|p2a: Garchomp|2
|
|-damage|p2a: Garchomp|0 fnt|[from] psn
|faint|p2a: Garchomp
|upkeep
|inactive|jregga has 120 seconds left.
|
|t:|1769385696
|switch|p1a: Bala|Blaziken, F, shiny|100/100
|switch|p2a: Hippowdon|Hippowdon, M|100/100
|-status|p2a: Hippowdon|psn
|-weather|Sandstorm|[from] ability: Sand Stream|[of] p2a: Hippowdon
|turn|20
|inactive|jregga has 120 seconds left.
|
|t:|1769385713
|move|p1a: Bala|Protect|p1a: Bala
|-singleturn|p1a: Bala|Protect
|move|p2a: Hippowdon|Earthquake|p1a: Bala
|-activate|p1a: Bala|move: Protect
|
|-weather|Sandstorm|[upkeep]
|-damage|p1a: Bala|94/100|[from] Sandstorm
|-damage|p2a: Hippowdon|88/100 psn|[from] psn
|-ability|p1a: Bala|Speed Boost|boost
|-boost|p1a: Bala|spe|1
|upkeep
|turn|21
|inactive|jregga has 120 seconds left.
|
|t:|1769385723
|-terastallize|p1a: Bala|Fighting
|move|p1a: Bala|Earthquake|p2a: Hippowdon
|-damage|p2a: Hippowdon|69/100 psn
|move|p2a: Hippowdon|Earthquake|p1a: Bala
|-damage|p1a: Bala|42/100
|
|-weather|Sandstorm|[upkeep]
|-damage|p1a: Bala|36/100|[from] Sandstorm
|-heal|p2a: Hippowdon|75/100 psn|[from] item: Leftovers
|-damage|p2a: Hippowdon|62/100 psn|[from] psn
|-ability|p1a: Bala|Speed Boost|boost
|-boost|p1a: Bala|spe|1
|upkeep
|turn|22
|inactive|jregga has 120 seconds left.
|
|t:|1769385738
|move|p1a: Bala|Protect|p1a: Bala
|-singleturn|p1a: Bala|Protect
|move|p2a: Hippowdon|Slack Off|p2a: Hippowdon
|-heal|p2a: Hippowdon|100/100 psn
|
|-weather|Sandstorm|[upkeep]
|-damage|p1a: Bala|29/100|[from] Sandstorm
|-damage|p2a: Hippowdon|88/100 psn|[from] psn
|-ability|p1a: Bala|Speed Boost|boost
|-boost|p1a: Bala|spe|1
|upkeep
|turn|23
|inactive|jregga has 120 seconds left.
|
|t:|1769385745
|move|p1a: Bala|Flare Blitz|p2a: Hippowdon
|-damage|p2a: Hippowdon|50/100 psn
|-damage|p1a: Bala|13/100|[from] Recoil
|move|p2a: Hippowdon|Earthquake|p1a: Bala
|-damage|p1a: Bala|0 fnt
|faint|p1a: Bala
|
|-weather|Sandstorm|[upkeep]
|-heal|p2a: Hippowdon|56/100 psn|[from] item: Leftovers
|-damage|p2a: Hippowdon|43/100 psn|[from] psn
|upkeep
|
|t:|1769385748
|switch|p1a: Coral|Comfey, F, shiny|100/100
|turn|24
|-message|Galaxy-ice789 forfeited.
|
|win|jregga
|raw|Galaxy-ice789's rating: 1062 &rarr; <strong>1039</strong><br />(-23 for losing)
|raw|jregga's rating: 1000 &rarr; <strong>1047</strong><br />(+47 for winning)
|l|☆Galaxy-ice789
|player|p1|
