|j|☆magikarp soup
|j|☆Crystraco
|t:|1769350911
|gametype|singles
|player|p1|magikarp soup|medium|1652
|player|p2|Crystraco|265|1610
|gen|9
|tier|[Gen 9] OU
|rated|
|rule|HP Percentage Mod: HP is shown in percentages
|rule|Endless Battle Clause: Forcing endless battles is banned
|rule|Species Clause: Limit one of each Pokémon
|rule|OHKO Clause: OHKO moves are banned
|rule|Evasion Items Clause: Evasion items are banned
|rule|Evasion Moves Clause: Evasion moves are banned
|rule|Evasion Abilities Clause: Evasion abilities are banned
|rule|Sleep Moves Clause: Sleep-inducing moves are banned
|clearpoke
|poke|p1|Dudunsparce-*, F|
|poke|p1|Gliscor, F|
|poke|p1|Clefable, F|
|poke|p1|Zamazenta-*|
|poke|p1|Moltres|
|poke|p1|Kingambit, F|
|poke|p2|Garganacl, M|
|poke|p2|Okidogi, M|
|poke|p2|Enamorus, F|
|poke|p2|Ogerpon-Wellspring, F|
|poke|p2|Weezing-Galar, F|
|poke|p2|Scizor, F|
|teampreview
|
|t:|1769350933
|teamsize|p1|6
|teamsize|p2|6
|start
|switch|p1a: Dudunsparce|Dudunsparce, F|100/100
|switch|p2a: Garganacl|Garganacl, M|100/100
|turn|1
|
|t:|1769350937
|move|p1a: Dudunsparce|Calm Mind|p1a: Dudunsparce
|-boost|p1a: Dudunsparce|spa|1
|-boost|p1a: Dudunsparce|spd|1
|move|p2a: Garganacl|Curse|p2a: Garganacl
|-unboost|p2a: Garganacl|spe|1
|-boost|p2a: Garganacl|atk|1
|-boost|p2a: Garganacl|def|1
|
|upkeep
|turn|2
|
|t:|1769350941
|move|p1a: Dudunsparce|Earth Power|p2a: Garganacl
|-supereffective|p2a: Garganacl
|-damage|p2a: Garganacl|55/100
|move|p2a: Garganacl|Salt Cure|p1a: Dudunsparce
|-crit|p1a: Dudunsparce
|-damage|p1a: Dudunsparce|79/100
|-start|p1a: Dudunsparce|Salt Cure
|
|-heal|p2a: Garganacl|62/100|[from] item: Leftovers
|-damage|p1a: Dudunsparce|67/100|[from] Salt Cure
|upkeep
|turn|3
|
|t:|1769350945
|-terastallize|p2a: Garganacl|Water
|move|p1a: Dudunsparce|Earth Power|p2a: Garganacl
|-damage|p2a: Garganacl|42/100
|move|p2a: Garganacl|Recover|p2a: Garganacl
|-heal|p2a: Garganacl|92/100
|
|-heal|p2a: Garganacl|98/100|[from] item: Leftovers
|-damage|p1a: Dudunsparce|54/100|[from] Salt Cure
|upkeep
|turn|4
|
|t:|1769350950
|move|p1a: Dudunsparce|Boomburst|p2a: Garganacl
|-damage|p2a: Garganacl|47/100
|move|p2a: Garganacl|Earthquake|p1a: Dudunsparce
|-damage|p1a: Dudunsparce|28/100
|
|-heal|p2a: Garganacl|53/100|[from] item: Leftovers
|-damage|p1a: Dudunsparce|15/100|[from] Salt Cure
|upkeep
|turn|5
|
|t:|1769350955
|switch|p2a: Scizor|Scizor, F|100/100
|move|p1a: Dudunsparce|Roost|p1a: Dudunsparce
|-heal|p1a: Dudunsparce|65/100
|-singleturn|p1a: Dudunsparce|move: Roost
|
|-damage|p1a: Dudunsparce|53/100|[from] Salt Cure
|upkeep
|turn|6
|
|t:|1769350960
|switch|p1a: Moltres|Moltres|100/100
|move|p2a: Scizor|Close Combat|p1a: Moltres
|-resisted|p1a: Moltres
|-damage|p1a: Moltres|77/100
|-unboost|p2a: Scizor|def|1
|-unboost|p2a: Scizor|spd|1
|-status|p2a: Scizor|brn|[from] ability: Flame Body|[of] p1a: Moltres
|
|-damage|p2a: Scizor|94/100 brn|[from] brn
|upkeep
|turn|7
|
|t:|1769350969
|switch|p2a: Garganacl|Garganacl, M, tera:Water|53/100
|move|p1a: Moltres|Flamethrower|p2a: Garganacl
|-resisted|p2a: Garganacl
|-damage|p2a: Garganacl|42/100
|
|-heal|p2a: Garganacl|49/100|[from] item: Leftovers
|upkeep
|turn|8
|
|t:|1769350973
|switch|p1a: Dudunsparce|Dudunsparce, F|53/100
|move|p2a: Garganacl|Recover|p2a: Garganacl
|-heal|p2a: Garganacl|99/100
|
|-heal|p2a: Garganacl|100/100|[from] item: Leftovers
|upkeep
|turn|9
|
|t:|1769350975
|move|p1a: Dudunsparce|Roost|p1a: Dudunsparce
|-heal|p1a: Dudunsparce|100/100
|-singleturn|p1a: Dudunsparce|move: Roost
|move|p2a: Garganacl|Salt Cure|p1a: Dudunsparce
|-damage|p1a: Dudunsparce|91/100
|-start|p1a: Dudunsparce|Salt Cure
|
|-damage|p1a: Dudunsparce|78/100|[from] Salt Cure
|upkeep
|turn|10
|
|t:|1769350979
|switch|p2a: Scizor|Scizor, F|94/100 brn
|move|p1a: Dudunsparce|Calm Mind|p1a: Dudunsparce
|-boost|p1a: Dudunsparce|spa|1
|-boost|p1a: Dudunsparce|spd|1
|
|-damage|p2a: Scizor|88/100 brn|[from] brn
|-damage|p1a: Dudunsparce|66/100|[from] Salt Cure
|upkeep
|turn|11
|
|t:|1769350981
|move|p2a: Scizor|U-turn|p1a: Dudunsparce
|-damage|p1a: Dudunsparce|45/100
|-ability|p1a: Dudunsparce|Rattled|boost
|-boost|p1a: Dudunsparce|spe|1
|
|t:|1769350991
|switch|p2a: Garganacl|Garganacl, M, tera:Water|100/100|[from] U-turn
|move|p1a: Dudunsparce|Roost|p1a: Dudunsparce
|-heal|p1a: Dudunsparce|95/100
|-singleturn|p1a: Dudunsparce|move: Roost
|
|-damage|p1a: Dudunsparce|82/100|[from] Salt Cure
|upkeep
|turn|12
|
|t:|1769350994
|switch|p2a: Scizor|Scizor, F|88/100 brn
|move|p1a: Dudunsparce|Boomburst|p2a: Scizor
|-resisted|p2a: Scizor
|-damage|p2a: Scizor|42/100 brn
|
|-damage|p2a: Scizor|36/100 brn|[from] brn
|-damage|p1a: Dudunsparce|70/100|[from] Salt Cure
|upkeep
|turn|13
|
|t:|1769351000
|move|p1a: Dudunsparce|Boomburst|p2a: Scizor
|-resisted|p2a: Scizor
|-damage|p2a: Scizor|0 fnt
|faint|p2a: Scizor
|
|-damage|p1a: Dudunsparce|58/100|[from] Salt Cure
|upkeep
|
|t:|1769351004
|switch|p2a: Ogerpon|Ogerpon-Wellspring, F|100/100
|turn|14
|
|t:|1769351012
|switch|p1a: Clefable|Clefable, F|100/100
|move|p2a: Ogerpon|Ivy Cudgel|p1a: Clefable|[anim] Ivy Cudgel Water
|-damage|p1a: Clefable|56/100
|
|-heal|p1a: Clefable|62/100|[from] item: Leftovers
|upkeep
|turn|15
|
|t:|1769351021
|-terastallize|p1a: Clefable|Grass
|move|p2a: Ogerpon|Swords Dance|p2a: Ogerpon
|-boost|p2a: Ogerpon|atk|2
|move|p1a: Clefable|Stealth Rock|p2a: Ogerpon
|-sidestart|p2: Crystraco|move: Stealth Rock
|
|-heal|p1a: Clefable|68/100|[from] item: Leftovers
|upkeep
|turn|16
|
|t:|1769351028
|move|p2a: Ogerpon|Ivy Cudgel|p1a: Clefable|[anim] Ivy Cudgel Water
|-resisted|p1a: Clefable
|-damage|p1a: Clefable|27/100
|move|p1a: Clefable|Encore|p2a: Ogerpon
|-start|p2a: Ogerpon|Encore
|
|-heal|p1a: Clefable|33/100|[from] item: Leftovers
|upkeep
|turn|17
|
|t:|1769351032
|switch|p1a: Zamazenta|Zamazenta|100/100
|-ability|p1a: Zamazenta|Dauntless Shield|boost
|-boost|p1a: Zamazenta|def|1
|move|p2a: Ogerpon|Ivy Cudgel|p1a: Zamazenta|[anim] Ivy Cudgel Water
|-damage|p1a: Zamazenta|48/100
|
|upkeep
|turn|18
|
|t:|1769351035
|move|p1a: Zamazenta|Iron Defense|p1a: Zamazenta
|-boost|p1a: Zamazenta|def|2
|move|p2a: Ogerpon|Ivy Cudgel|p1a: Zamazenta|[anim] Ivy Cudgel Water
|-damage|p1a: Zamazenta|12/100
|
|upkeep
|turn|19
|
|t:|1769351039
|switch|p2a: Weezing|Weezing-Galar, F|100/100
|-ability|p2a: Weezing|Neutralizing Gas
|move|p1a: Zamazenta|Rest|p1a: Zamazenta
|-status|p1a: Zamazenta|slp|[from] move: Rest
|-heal|p1a: Zamazenta|100/100 slp|[silent]
|-enditem|p1a: Zamazenta|Chesto Berry|[eat]
|-curestatus|p1a: Zamazenta|slp|[msg]
|
|upkeep
|turn|20
|
|t:|1769351047
|move|p1a: Zamazenta|Iron Defense|p1a: Zamazenta
|-boost|p1a: Zamazenta|def|2
|move|p2a: Weezing|Defog|p1a: Zamazenta
|-unboost|p1a: Zamazenta|evasion|1
|-sideend|p2: Crystraco|Stealth Rock|[from] move: Defog|[of] p2a: Weezing
|
|upkeep
|turn|21
|
|t:|1769351050
|move|p1a: Zamazenta|Body Press|p2a: Weezing
|-resisted|p2a: Weezing
|-damage|p2a: Weezing|81/100
|move|p2a: Weezing|Will-O-Wisp|p1a: Zamazenta
|-status|p1a: Zamazenta|brn
|
|-damage|p1a: Zamazenta|94/100 brn|[from] brn
|upkeep
|turn|22
|
|t:|1769351057
|move|p1a: Zamazenta|Body Press|p2a: Weezing
|-resisted|p2a: Weezing
|-damage|p2a: Weezing|72/100
|move|p2a: Weezing|Will-O-Wisp|p1a: Zamazenta
|-fail|p1a: Zamazenta|brn
|
|-damage|p1a: Zamazenta|88/100 brn|[from] brn
|upkeep
|turn|23
|
|t:|1769351060
|move|p1a: Zamazenta|Body Press|p2a: Weezing
|-resisted|p2a: Weezing
|-damage|p2a: Weezing|62/100
|move|p2a: Weezing|Will-O-Wisp|p1a: Zamazenta
|-fail|p1a: Zamazenta|brn
|
|-damage|p1a: Zamazenta|82/100 brn|[from] brn
|upkeep
|turn|24
|
|t:|1769351066
|move|p1a: Zamazenta|Body Press|p2a: Weezing
|-resisted|p2a: Weezing
|-damage|p2a: Weezing|54/100
|move|p2a: Weezing|Will-O-Wisp|p1a: Zamazenta
|-fail|p1a: Zamazenta|brn
|
|-damage|p1a: Zamazenta|76/100 brn|[from] brn
|upkeep
|turn|25
|
|t:|1769351068
|move|p1a: Zamazenta|Body Press|p2a: Weezing
|-resisted|p2a: Weezing
|-damage|p2a: Weezing|44/100
|move|p2a: Weezing|Will-O-Wisp|p1a: Zamazenta
|-fail|p1a: Zamazenta|brn
|
|-damage|p1a: Zamazenta|70/100 brn|[from] brn
|upkeep
|turn|26
|
|t:|1769351073
|move|p1a: Zamazenta|Rest|p1a: Zamazenta
|-status|p1a: Zamazenta|slp|[from] move: Rest
|-heal|p1a: Zamazenta|100/100 slp|[silent]
|move|p2a: Weezing|Will-O-Wisp||[still]
|-fail|p2a: Weezing
|
|upkeep
|turn|27
|
|t:|1769351077
|switch|p1a: Clefable|Clefable, F, tera:Grass|33/100
|move|p2a: Weezing|Pain Split|p1a: Clefable
|-sethp|p1a: Clefable|35/100|[from] move: Pain Split|[silent]
|-sethp|p2a: Weezing|42/100|[from] move: Pain Split
|
|-heal|p1a: Clefable|41/100|[from] item: Leftovers
|upkeep
|turn|28
|
|t:|1769351088
|-end|p2a: Weezing|ability: Neutralizing Gas
|switch|p2a: Okidogi|Okidogi, M|100/100
|switch|p1a: Dudunsparce|Dudunsparce, F|58/100
|
|upkeep
|turn|29
|
|t:|1769351093
|switch|p1a: Moltres|Moltres|77/100
|move|p2a: Okidogi|Drain Punch|p1a: Moltres
|-resisted|p1a: Moltres
|-damage|p1a: Moltres|64/100
|
|upkeep
|turn|30
|
|t:|1769351100
|switch|p2a: Garganacl|Garganacl, M, tera:Water|100/100
|move|p1a: Moltres|Roost|p1a: Moltres
|-heal|p1a: Moltres|100/100
|-singleturn|p1a: Moltres|move: Roost
|
|upkeep
|turn|31
|
|t:|1769351104
|switch|p1a: Dudunsparce|Dudunsparce, F|58/100
|move|p2a: Garganacl|Salt Cure|p1a: Dudunsparce
|-damage|p1a: Dudunsparce|48/100
|-start|p1a: Dudunsparce|Salt Cure
|
|-damage|p1a: Dudunsparce|36/100|[from] Salt Cure
|upkeep
|turn|32
|
|t:|1769351109
|move|p1a: Dudunsparce|Roost|p1a: Dudunsparce
|-heal|p1a: Dudunsparce|86/100
|-singleturn|p1a: Dudunsparce|move: Roost
|move|p2a: Garganacl|Curse|p2a: Garganacl
|-unboost|p2a: Garganacl|spe|1
|-boost|p2a: Garganacl|atk|1
|-boost|p2a: Garganacl|def|1
|
|-damage|p1a: Dudunsparce|73/100|[from] Salt Cure
|upkeep
|turn|33
|
|t:|1769351113
|move|p1a: Dudunsparce|Calm Mind|p1a: Dudunsparce
|-boost|p1a: Dudunsparce|spa|1
|-boost|p1a: Dudunsparce|spd|1
|move|p2a: Garganacl|Earthquake|p1a: Dudunsparce
|-damage|p1a: Dudunsparce|47/100
|
|-damage|p1a: Dudunsparce|34/100|[from] Salt Cure
|upkeep
|turn|34
|
|t:|1769351115
|move|p1a: Dudunsparce|Roost|p1a: Dudunsparce
|-heal|p1a: Dudunsparce|84/100
|-singleturn|p1a: Dudunsparce|move: Roost
|move|p2a: Garganacl|Earthquake|p1a: Dudunsparce
|-damage|p1a: Dudunsparce|57/100
|
|-damage|p1a: Dudunsparce|45/100|[from] Salt Cure
|upkeep
|turn|35
|
|t:|1769351121
|move|p1a: Dudunsparce|Roost|p1a: Dudunsparce
|-heal|p1a: Dudunsparce|95/100
|-singleturn|p1a: Dudunsparce|move: Roost
|move|p2a: Garganacl|Earthquake|p1a: Dudunsparce
|-damage|p1a: Dudunsparce|70/100
|
|-damage|p1a: Dudunsparce|57/100|[from] Salt Cure
|upkeep
|turn|36
|
|t:|1769351124
|move|p1a: Dudunsparce|Boomburst|p2a: Garganacl
|-damage|p2a: Garganacl|49/100
|move|p2a: Garganacl|Earthquake|p1a: Dudunsparce
|-crit|p1a: Dudunsparce
|-damage|p1a: Dudunsparce|20/100
|
|-heal|p2a: Garganacl|55/100|[from] item: Leftovers
|-damage|p1a: Dudunsparce|7/100|[from] Salt Cure
|upkeep
|turn|37
|
|t:|1769351129
|move|p1a: Dudunsparce|Roost|p1a: Dudunsparce
|-heal|p1a: Dudunsparce|57/100
|-singleturn|p1a: Dudunsparce|move: Roost
|move|p2a: Garganacl|Earthquake|p1a: Dudunsparce
|-damage|p1a: Dudunsparce|30/100
|
|-heal|p2a: Garganacl|62/100|[from] item: Leftovers
|-damage|p1a: Dudunsparce|18/100|[from] Salt Cure
|upkeep
|turn|38
|
|t:|1769351132
|move|p1a: Dudunsparce|Roost|p1a: Dudunsparce
|-heal|p1a: Dudunsparce|68/100
|-singleturn|p1a: Dudunsparce|move: Roost
|move|p2a: Garganacl|Earthquake|p1a: Dudunsparce
|-damage|p1a: Dudunsparce|41/100
|
|-heal|p2a: Garganacl|68/100|[from] item: Leftovers
|-damage|p1a: Dudunsparce|29/100|[from] Salt Cure
|upkeep
|turn|39
|
|t:|1769351135
|move|p1a: Dudunsparce|Boomburst|p2a: Garganacl
|-damage|p2a: Garganacl|20/100
|move|p2a: Garganacl|Earthquake|p1a: Dudunsparce
|-damage|p1a: Dudunsparce|2/100
|
|-heal|p2a: Garganacl|26/100|[from] item: Leftovers
|-damage|p1a: Dudunsparce|0 fnt|[from] Salt Cure
|faint|p1a: Dudunsparce
|upkeep
|
|t:|1769351141
|switch|p1a: Moltres|Moltres|100/100
|turn|40
|
|t:|1769351144
|move|p1a: Moltres|Hurricane|p2a: Garganacl
|-damage|p2a: Garganacl|0 fnt
|faint|p2a: Garganacl
|
|upkeep
|
|t:|1769351147
|switch|p2a: Ogerpon|Ogerpon-Wellspring, F|100/100
|turn|41
|
|t:|1769351152
|move|p2a: Ogerpon|Swords Dance|p2a: Ogerpon
|-boost|p2a: Ogerpon|atk|2
|move|p1a: Moltres|Hurricane|p2a: Ogerpon|[miss]
|-miss|p1a: Moltres|p2a: Ogerpon
|
|upkeep
|turn|42
|
|t:|1769351158
|move|p2a: Ogerpon|Ivy Cudgel|p1a: Moltres|[anim] Ivy Cudgel Water
|-supereffective|p1a: Moltres
|-damage|p1a: Moltres|0 fnt
|faint|p1a: Moltres
|
|upkeep
|
|t:|1769351161
|switch|p1a: Clefable|Clefable, F, tera:Grass|41/100
|turn|43
|
|t:|1769351164
|move|p2a: Ogerpon|Ivy Cudgel|p1a: Clefable|[anim] Ivy Cudgel Water
|-resisted|p1a: Clefable
|-damage|p1a: Clefable|0 fnt
|faint|p1a: Clefable
|
|upkeep
|
|t:|1769351166
|switch|p1a: Zamazenta|Zamazenta|100/100 slp
|turn|44
|
|t:|1769351171
|cant|p1a: Zamazenta|slp
|move|p2a: Ogerpon|Ivy Cudgel|p1a: Zamazenta|[anim] Ivy Cudgel Water
|-crit|p1a: Zamazenta
|-damage|p1a: Zamazenta|0 fnt
|faint|p1a: Zamazenta
|
|upkeep
|
|t:|1769351173
|switch|p1a: Kingambit|Kingambit, F|100/100
|-activate|p1a: Kingambit|ability: Supreme Overlord
|-start|p1a: Kingambit|fallen4|[silent]
|turn|45
|
|t:|1769351175
|move|p2a: Ogerpon|Ivy Cudgel|p1a: Kingambit|[anim] Ivy Cudgel Water
|-damage|p1a: Kingambit|22/100
|move|p1a: Kingambit|Kowtow Cleave|p2a: Ogerpon
|-damage|p2a: Ogerpon|8/100
|
|-heal|p1a: Kingambit|28/100|[from] item: Leftovers
|upkeep
|turn|46
|
|t:|1769351181
|switch|p2a: Weezing|Weezing-Galar, F|42/100
|-ability|p2a: Weezing|Neutralizing Gas
|move|p1a: Kingambit|Sucker Punch||[still]
|-fail|p1a: Kingambit
|
|-heal|p1a: Kingambit|35/100|[from] item: Leftovers
|upkeep
|turn|47
|
|t:|1769351188
|-end|p1a: Kingambit|fallen4|[silent]
|switch|p1a: Gliscor|Gliscor, F|100/100
|move|p2a: Weezing|Will-O-Wisp|p1a: Gliscor
|-status|p1a: Gliscor|brn
|
|-damage|p1a: Gliscor|94/100 brn|[from] brn
|upkeep
|turn|48
|
|t:|1769351191
|move|p1a: Gliscor|Swords Dance|p1a: Gliscor
|-boost|p1a: Gliscor|atk|2
|move|p2a: Weezing|Pain Split|p1a: Gliscor
|-sethp|p1a: Gliscor|67/100 brn|[from] move: Pain Split|[silent]
|-sethp|p2a: Weezing|71/100|[from] move: Pain Split
|
|-damage|p1a: Gliscor|60/100 brn|[from] brn
|upkeep
|turn|49
|
|t:|1769351195
|-end|p2a: Weezing|ability: Neutralizing Gas
|switch|p2a: Enamorus|Enamorus, F|100/100
|move|p1a: Gliscor|Earthquake|p2a: Enamorus
|-immune|p2a: Enamorus
|
|-damage|p1a: Gliscor|54/100 brn|[from] brn
|upkeep
|turn|50
|
|t:|1769351200
|move|p2a: Enamorus|Moonblast|p1a: Gliscor
|-crit|p1a: Gliscor
|-damage|p1a: Gliscor|0 fnt
|faint|p1a: Gliscor
|
|upkeep
|
|t:|1769351203
|switch|p1a: Kingambit|Kingambit, F|35/100
|-activate|p1a: Kingambit|ability: Supreme Overlord
|-start|p1a: Kingambit|fallen5|[silent]
|turn|51
|
|t:|1769351205
|move|p2a: Enamorus|Moonblast|p1a: Kingambit
|-damage|p1a: Kingambit|0 fnt
|faint|p1a: Kingambit
|-end|p1a: Kingambit|fallen5|[silent]
|
|win|Crystraco
|raw|magikarp soup's rating: 1652 &rarr; <strong>1630</strong><br />(-22 for losing)
|raw|Crystraco's rating: 1610 &rarr; <strong>1632</strong><br />(+22 for winning)
|l|☆magikarp soup
|player|p1|
