|j|☆CryingDaniel
|j|‽ilbkjbi
|t:|1769404187
|gametype|singles
|player|p1|CryingDaniel|waitress-gen4|1080
|player|p2|ilbkjbi|169|1123
|gen|9
|tier|[Gen 9] OU
|rated|
|rule|HP Percentage Mod: HP is shown in percentages
|rule|Endless Battle Clause: Forcing endless battles is banned
|rule|Species Clause: Limit one of each Pokémon
|rule|OHKO Clause: OHKO moves are banned
|rule|Evasion Items Clause: Evasion items are banned
|rule|Evasion Moves Clause: Evasion moves are banned
|rule|Evasion Abilities Clause: Evasion abilities are banned
|rule|Sleep Moves Clause: Sleep-inducing moves are banned
|clearpoke
|poke|p1|Regigigas|
|poke|p1|Pelipper, M|
|poke|p1|Floatzel, M|
|poke|p1|Kingambit, M|
|poke|p1|Slowking-Galar, F|
|poke|p1|Forretress, F|
|poke|p2|Ogerpon, F|
|poke|p2|Landorus-Therian, M|
|poke|p2|Glastrier|
|poke|p2|Crawdaunt, F|
|poke|p2|Pecharunt|
|poke|p2|Heatran, F|
|teampreview
|inactive|Battle timer is ON: inactive players will automatically lose when time's up. (requested by CryingDaniel)
|
|t:|1769404197
|teamsize|p1|6
|teamsize|p2|6
|start
|switch|p1a: Pelipper|Pelipper, M|100/100
|switch|p2a: Landorus|Landorus-Therian, M|100/100
|-ability|p2a: Landorus|Intimidate|boost
|-unboost|p1a: Pelipper|atk|1
|-weather|RainDance|[from] ability: Drizzle|[of] p1a: Pelipper
|turn|1
|
|t:|1769404209
|switch|p2a: Crawdaunt|Crawdaunt, F|100/100
|move|p1a: Pelipper|Ice Beam|p2a: Crawdaunt
|-resisted|p2a: Crawdaunt
|-damage|p2a: Crawdaunt|79/100
|
|-weather|RainDance|[upkeep]
|upkeep
|turn|2
|
|t:|1769404217
|move|p2a: Crawdaunt|Knock Off|p1a: Pelipper
|-damage|p1a: Pelipper|32/100
|-enditem|p1a: Pelipper|Assault Vest|[from] move: Knock Off|[of] p2a: Crawdaunt
|-damage|p2a: Crawdaunt|69/100|[from] item: Life Orb
|move|p1a: Pelipper|U-turn|p2a: Crawdaunt
|-supereffective|p2a: Crawdaunt
|-damage|p2a: Crawdaunt|53/100
|
|t:|1769404236
|switch|p1a: Regigigas|Regigigas, shiny|100/100|[from] U-turn
|-start|p1a: Regigigas|ability: Slow Start
|
|-weather|RainDance|[upkeep]
|upkeep
|turn|3
|
|t:|1769404243
|move|p2a: Crawdaunt|Crabhammer|p1a: Regigigas
|-damage|p1a: Regigigas|4/100
|-damage|p2a: Crawdaunt|43/100|[from] item: Life Orb
|move|p1a: Regigigas|Thunder|p2a: Crawdaunt
|-supereffective|p2a: Crawdaunt
|-damage|p2a: Crawdaunt|0 fnt
|faint|p2a: Crawdaunt
|
|-weather|RainDance|[upkeep]
|upkeep
|
|t:|1769404254
|switch|p2a: Glastrier|Glastrier|100/100
|turn|4
|
|t:|1769404264
|switch|p1a: Slowking|Slowking-Galar, F|100/100
|move|p2a: Glastrier|Icicle Crash|p1a: Slowking
|-damage|p1a: Slowking|49/100
|
|-weather|RainDance|[upkeep]
|-heal|p1a: Slowking|55/100|[from] item: Leftovers
|upkeep
|turn|5
|
|t:|1769404273
|move|p1a: Slowking|Toxic|p2a: Glastrier
|-status|p2a: Glastrier|tox
|move|p2a: Glastrier|High Horsepower|p1a: Slowking
|-supereffective|p1a: Slowking
|-damage|p1a: Slowking|0 fnt
|faint|p1a: Slowking
|-ability|p2a: Glastrier|Chilling Neigh|boost
|-boost|p2a: Glastrier|atk|1
|
|-weather|none
|-damage|p2a: Glastrier|94/100 tox|[from] psn
|upkeep
|
|t:|1769404280
|switch|p1a: Pelipper|Pelipper, M|32/100
|-weather|RainDance|[from] ability: Drizzle|[of] p1a: Pelipper
|turn|6
|
|t:|1769404289
|move|p1a: Pelipper|Weather Ball|p2a: Glastrier
|-damage|p2a: Glastrier|69/100 tox
|move|p2a: Glastrier|Icicle Crash|p1a: Pelipper
|-damage|p1a: Pelipper|0 fnt
|faint|p1a: Pelipper
|-ability|p2a: Glastrier|Chilling Neigh|boost
|-boost|p2a: Glastrier|atk|1
|
|-weather|RainDance|[upkeep]
|-damage|p2a: Glastrier|57/100 tox|[from] psn
|upkeep
|
|t:|1769404294
|switch|p1a: Floatzel|Floatzel, M, shiny|100/100
|turn|7
|
|t:|1769404305
|move|p1a: Floatzel|Low Kick|p2a: Glastrier
|-supereffective|p2a: Glastrier
|-damage|p2a: Glastrier|0 fnt
|faint|p2a: Glastrier
|
|-weather|RainDance|[upkeep]
|upkeep
|
|t:|1769404312
|switch|p2a: Ogerpon|Ogerpon, F|100/100
|turn|8
|
|t:|1769404317
|switch|p1a: Regigigas|Regigigas, shiny|4/100
|-start|p1a: Regigigas|ability: Slow Start
|-terastallize|p2a: Ogerpon|Grass
|detailschange|p2a: Ogerpon|Ogerpon-Teal-Tera, F, tera:Grass
|-ability|p2a: Ogerpon|Embody Aspect (Teal)|boost
|-boost|p2a: Ogerpon|spe|1
|move|p2a: Ogerpon|Ivy Cudgel|p1a: Regigigas
|-damage|p1a: Regigigas|0 fnt
|faint|p1a: Regigigas
|
|-weather|RainDance|[upkeep]
|upkeep
|
|t:|1769404327
|switch|p1a: Floatzel|Floatzel, M, shiny|100/100
|turn|9
|
|t:|1769404333
|switch|p2a: Pecharunt|Pecharunt|100/100
|-terastallize|p1a: Floatzel|Ice
|move|p1a: Floatzel|Ice Spinner|p2a: Pecharunt
|-damage|p2a: Pecharunt|74/100
|
|-weather|RainDance|[upkeep]
|upkeep
|turn|10
|
|t:|1769404349
|switch|p1a: Forretress|Forretress, F|100/100
|move|p2a: Pecharunt|Recover|p2a: Pecharunt
|-heal|p2a: Pecharunt|100/100
|
|-weather|none
|upkeep
|turn|11
|
|t:|1769404356
|move|p2a: Pecharunt|Shadow Ball|p1a: Forretress
|-damage|p1a: Forretress|65/100
|-unboost|p1a: Forretress|spd|1
|move|p1a: Forretress|Thunder Wave|p2a: Pecharunt
|-status|p2a: Pecharunt|par
|
|upkeep
|turn|12
|
|t:|1769404366
|move|p1a: Forretress|Spikes|p2a: Pecharunt
|-sidestart|p2: ilbkjbi|Spikes
|move|p2a: Pecharunt|Shadow Ball|p1a: Forretress
|-damage|p1a: Forretress|13/100
|
|upkeep
|turn|13
|
|t:|1769404372
|move|p1a: Forretress|Toxic Spikes|p2a: Pecharunt
|-sidestart|p2: ilbkjbi|move: Toxic Spikes
|move|p2a: Pecharunt|Shadow Ball|p1a: Forretress
|-damage|p1a: Forretress|0 fnt
|faint|p1a: Forretress
|
|upkeep
|
|t:|1769404385
|switch|p1a: Kingambit|Kingambit, M|100/100
|-activate|p1a: Kingambit|ability: Supreme Overlord
|-start|p1a: Kingambit|fallen4|[silent]
|-item|p1a: Kingambit|Air Balloon
|turn|14
|
|t:|1769404392
|move|p1a: Kingambit|Sucker Punch||[still]
|-fail|p1a: Kingambit
|move|p2a: Pecharunt|Parting Shot|p1a: Kingambit
|-unboost|p1a: Kingambit|atk|1
|-unboost|p1a: Kingambit|spa|1
|
|t:|1769404397
|switch|p2a: Landorus|Landorus-Therian, M|100/100|[from] Parting Shot
|-ability|p2a: Landorus|Intimidate|boost
|-unboost|p1a: Kingambit|atk|1
|
|upkeep
|turn|15
|
|t:|1769404403
|-end|p1a: Kingambit|fallen4|[silent]
|switch|p1a: Floatzel|Floatzel, M, shiny, tera:Ice|100/100
|move|p2a: Landorus|Taunt|p1a: Floatzel
|-start|p1a: Floatzel|move: Taunt
|
|upkeep
|turn|16
|
|t:|1769404415
|switch|p2a: Heatran|Heatran, F|100/100
|-damage|p2a: Heatran|88/100|[from] Spikes
|move|p1a: Floatzel|Flip Turn|p2a: Heatran
|-supereffective|p2a: Heatran
|-damage|p2a: Heatran|10/100
|c|☆CryingDaniel|oh
|
|t:|1769404426
|switch|p1a: Kingambit|Kingambit, M|100/100|[from] Flip Turn
|-activate|p1a: Kingambit|ability: Supreme Overlord
|-start|p1a: Kingambit|fallen4|[silent]
|-item|p1a: Kingambit|Air Balloon
|
|-heal|p2a: Heatran|16/100|[from] item: Leftovers
|upkeep
|turn|17
|
|t:|1769404435
|move|p1a: Kingambit|Sucker Punch||[still]
|-fail|p1a: Kingambit
|move|p2a: Heatran|Metal Sound|p1a: Kingambit
|-unboost|p1a: Kingambit|spd|2
|
|-heal|p2a: Heatran|23/100|[from] item: Leftovers
|upkeep
|turn|18
|
|t:|1769404444
|move|p1a: Kingambit|Sucker Punch|p2a: Heatran
|-damage|p2a: Heatran|0 fnt
|faint|p2a: Heatran
|
|upkeep
|
|t:|1769404449
|switch|p2a: Landorus|Landorus-Therian, M|100/100
|-ability|p2a: Landorus|Intimidate|boost
|-unboost|p1a: Kingambit|atk|1
|turn|19
|
|t:|1769404466
|-end|p1a: Kingambit|fallen4|[silent]
|switch|p1a: Floatzel|Floatzel, M, shiny, tera:Ice|100/100
|move|p2a: Landorus|Rock Tomb|p1a: Floatzel
|-supereffective|p1a: Floatzel
|-damage|p1a: Floatzel|30/100
|-unboost|p1a: Floatzel|spe|1
|
|upkeep
|turn|20
|
|t:|1769404477
|move|p2a: Landorus|Rock Tomb|p1a: Floatzel
|-supereffective|p1a: Floatzel
|-damage|p1a: Floatzel|0 fnt
|faint|p1a: Floatzel
|
|upkeep
|
|t:|1769404481
|switch|p1a: Kingambit|Kingambit, M|100/100
|-activate|p1a: Kingambit|ability: Supreme Overlord
|-start|p1a: Kingambit|fallen5|[silent]
|-item|p1a: Kingambit|Air Balloon
|turn|21
|
|t:|1769404487
|move|p2a: Landorus|Rock Tomb|p1a: Kingambit
|-resisted|p1a: Kingambit
|-crit|p1a: Kingambit
|-damage|p1a: Kingambit|90/100
|-unboost|p1a: Kingambit|spe|1
|-enditem|p1a: Kingambit|Air Balloon
|move|p1a: Kingambit|Swords Dance|p1a: Kingambit
|-boost|p1a: Kingambit|atk|2
|
|upkeep
|turn|22
|
|t:|1769404497
|switch|p2a: Pecharunt|Pecharunt|100/100 par
|-damage|p2a: Pecharunt|88/100 par|[from] Spikes
|-sideend|p2: ilbkjbi|move: Toxic Spikes|[of] p2a: Pecharunt
|move|p1a: Kingambit|Sucker Punch||[still]
|-fail|p1a: Kingambit
|
|upkeep
|turn|23
|
|t:|1769404505
|move|p1a: Kingambit|Sucker Punch||[still]
|-fail|p1a: Kingambit
|cant|p2a: Pecharunt|par
|
|upkeep
|turn|24
|
|t:|1769404509
|move|p1a: Kingambit|Sucker Punch||[still]
|-fail|p1a: Kingambit
|cant|p2a: Pecharunt|par
|
|upkeep
|turn|25
|
|t:|1769404516
|move|p1a: Kingambit|Sucker Punch||[still]
|-fail|p1a: Kingambit
|move|p2a: Pecharunt|Parting Shot|p1a: Kingambit
|-unboost|p1a: Kingambit|atk|1
|-unboost|p1a: Kingambit|spa|1
|
|t:|1769404522
|switch|p2a: Landorus|Landorus-Therian, M|100/100|[from] Parting Shot
|-ability|p2a: Landorus|Intimidate|boost
|-unboost|p1a: Kingambit|atk|1
|
|upkeep
|turn|26
|
|t:|1769404528
|move|p2a: Landorus|Earthquake|p1a: Kingambit
|-supereffective|p1a: Kingambit
|-damage|p1a: Kingambit|25/100
|move|p1a: Kingambit|Swords Dance|p1a: Kingambit
|-boost|p1a: Kingambit|atk|2
|
|upkeep
|turn|27
|
|t:|1769404535
|move|p1a: Kingambit|Sucker Punch|p2a: Landorus
|-damage|p2a: Landorus|0 fnt
|faint|p2a: Landorus
|
|upkeep
|
|t:|1769404541
|switch|p2a: Pecharunt|Pecharunt|88/100 par
|-damage|p2a: Pecharunt|76/100 par|[from] Spikes
|turn|28
|
|t:|1769404547
|move|p2a: Pecharunt|Parting Shot|p1a: Kingambit
|-unboost|p1a: Kingambit|atk|1
|-unboost|p1a: Kingambit|spa|1
|
|t:|1769404550
|switch|p2a: Ogerpon|Ogerpon-Teal-Tera, F, tera:Grass|100/100|[from] Parting Shot
|-damage|p2a: Ogerpon|88/100|[from] Spikes
|-ability|p2a: Ogerpon|Embody Aspect (Teal)|boost
|-boost|p2a: Ogerpon|spe|1
|move|p1a: Kingambit|Iron Head|p2a: Ogerpon
|-crit|p2a: Ogerpon
|-damage|p2a: Ogerpon|0 fnt
|faint|p2a: Ogerpon
|detailschange|p2: Ogerpon|Ogerpon, F|[silent]
|
|upkeep
|-message|ilbkjbi forfeited.
|
|win|CryingDaniel
|raw|CryingDaniel's rating: 1080 &rarr; <strong>1111</strong><br />(+31 for winning)
|raw|ilbkjbi's rating: 1123 &rarr; <strong>1095</strong><br />(-28 for losing)
|l|‽ilbkjbi
|player|p2|
|l|☆CryingDaniel
|player|p1|
