|j|☆bigbellako1203
|j|‽SpeedySebas
|t:|1769406063
|gametype|singles
|player|p1|bigbellako1203|brawly|1059
|player|p2|SpeedySebas|102|1106
|gen|9
|tier|[Gen 9] OU
|rated|
|rule|HP Percentage Mod: HP is shown in percentages
|rule|Endless Battle Clause: Forcing endless battles is banned
|rule|Species Clause: Limit one of each Pokémon
|rule|OHKO Clause: OHKO moves are banned
|rule|Evasion Items Clause: Evasion items are banned
|rule|Evasion Moves Clause: Evasion moves are banned
|rule|Evasion Abilities Clause: Evasion abilities are banned
|rule|Sleep Moves Clause: Sleep-inducing moves are banned
|clearpoke
|poke|p1|Dragonite, M|
|poke|p1|Samurott-Hisui, M|
|poke|p1|Clefable, M|
|poke|p1|Gliscor, M|
|poke|p1|Gholdengo|
|poke|p1|Zamazenta-*|
|poke|p2|Sandy Shocks|
|poke|p2|Flapple, M|
|poke|p2|Meowscarada, M|
|poke|p2|Iron Valiant|
|poke|p2|Dragapult, M|
|poke|p2|Greninja-*, M|
|teampreview
|
|t:|1769406073
|teamsize|p1|6
|teamsize|p2|6
|start
|switch|p1a: Clefable|Clefable, M|100/100
|switch|p2a: Iron Valiant|Iron Valiant|100/100
|-enditem|p2a: Iron Valiant|Booster Energy
|-activate|p2a: Iron Valiant|ability: Quark Drive|[fromitem]
|-start|p2a: Iron Valiant|quarkdrivespa
|turn|1
|
|t:|1769406084
|move|p2a: Iron Valiant|Moonblast|p1a: Clefable
|-damage|p1a: Clefable|36/100
|move|p1a: Clefable|Stealth Rock|p2a: Iron Valiant
|-sidestart|p2: SpeedySebas|move: Stealth Rock
|
|upkeep
|turn|2
|
|t:|1769406092
|move|p2a: Iron Valiant|Moonblast|p1a: Clefable
|-damage|p1a: Clefable|0 fnt
|faint|p1a: Clefable
|
|upkeep
|
|t:|1769406125
|switch|p1a: Gholdengo|Gholdengo|100/100
|turn|3
|
|t:|1769406140
|move|p1a: Gholdengo|Make It Rain|p2a: Iron Valiant
|-supereffective|p2a: Iron Valiant
|-damage|p2a: Iron Valiant|0 fnt
|-unboost|p1a: Gholdengo|spa|1
|faint|p2a: Iron Valiant
|-end|p2a: Iron Valiant|Quark Drive|[silent]
|
|upkeep
|
|t:|1769406151
|switch|p2a: Greninja|Greninja, M|100/100
|-damage|p2a: Greninja|88/100|[from] Stealth Rock
|turn|4
|
|t:|1769406157
|move|p1a: Gholdengo|Make It Rain|p2a: Greninja
|-resisted|p2a: Greninja
|-damage|p2a: Greninja|53/100
|-unboost|p1a: Gholdengo|spa|1
|move|p2a: Greninja|Dark Pulse|p1a: Gholdengo
|-supereffective|p1a: Gholdengo
|-damage|p1a: Gholdengo|0 fnt
|faint|p1a: Gholdengo
|-ability|p2a: Greninja|Battle Bond|boost
|-boost|p2a: Greninja|atk|1
|-boost|p2a: Greninja|spa|1
|-boost|p2a: Greninja|spe|1
|-activate|p2a: Greninja|ability: Battle Bond
|
|upkeep
|
|t:|1769406173
|switch|p1a: Zamazenta|Zamazenta|100/100
|-ability|p1a: Zamazenta|Dauntless Shield|boost
|-boost|p1a: Zamazenta|def|1
|turn|5
|
|t:|1769406179
|move|p2a: Greninja|Hydro Pump|p1a: Zamazenta
|-damage|p1a: Zamazenta|36/100
|move|p1a: Zamazenta|Body Press|p2a: Greninja
|-supereffective|p2a: Greninja
|-damage|p2a: Greninja|0 fnt
|faint|p2a: Greninja
|
|-heal|p1a: Zamazenta|43/100|[from] item: Leftovers
|upkeep
|
|t:|1769406187
|switch|p2a: Dragapult|Dragapult, M|100/100
|-damage|p2a: Dragapult|88/100|[from] Stealth Rock
|turn|6
|
|t:|1769406205
|move|p2a: Dragapult|Draco Meteor|p1a: Zamazenta
|-damage|p1a: Zamazenta|0 fnt
|-unboost|p2a: Dragapult|spa|2
|faint|p1a: Zamazenta
|-damage|p2a: Dragapult|78/100|[from] item: Life Orb
|
|upkeep
|
|t:|1769406224
|switch|p1a: Samurott|Samurott-Hisui, M|100/100
|turn|7
|
|t:|1769406261
|move|p2a: Dragapult|Dragon Darts|p1a: Samurott
|-damage|p1a: Samurott|72/100
|-anim|p2a: Dragapult|Dragon Darts|p1a: Samurott
|-damage|p1a: Samurott|45/100
|-damage|p2a: Dragapult|69/100|[from] item: Life Orb
|move|p1a: Samurott|Ceaseless Edge|p2a: Dragapult
|-supereffective|p2a: Dragapult
|-damage|p2a: Dragapult|0 fnt
|-sidestart|p2: SpeedySebas|Spikes
|faint|p2a: Dragapult
|
|upkeep
|
|t:|1769406275
|switch|p2a: Meowscarada|Meowscarada, M|100/100
|turn|8
|
|t:|1769406287
|move|p1a: Samurott|Sucker Punch||[still]
|-fail|p1a: Samurott
|move|p2a: Meowscarada|Spikes|p1a: Samurott
|-start|p2a: Meowscarada|typechange|Ground|[from] ability: Protean
|-sidestart|p1: bigbellako1203|Spikes
|
|upkeep
|turn|9
|
|t:|1769406306
|move|p2a: Meowscarada|Flower Trick|p1a: Samurott
|-supereffective|p1a: Samurott
|-crit|p1a: Samurott
|-damage|p1a: Samurott|0 fnt
|faint|p1a: Samurott
|
|upkeep
|
|t:|1769406316
|switch|p1a: Dragonite|Dragonite, M|100/100
|turn|10
|
|t:|1769406327
|move|p2a: Meowscarada|U-turn|p1a: Dragonite
|-resisted|p1a: Dragonite
|-damage|p1a: Dragonite|95/100
|
|t:|1769406331
|switch|p2a: Sandy Shocks|Sandy Shocks|100/100|[from] U-turn
|-damage|p2a: Sandy Shocks|94/100|[from] Stealth Rock
|-damage|p2a: Sandy Shocks|82/100|[from] Spikes
|move|p1a: Dragonite|Dragon Dance|p1a: Dragonite
|-boost|p1a: Dragonite|atk|1
|-boost|p1a: Dragonite|spe|1
|
|upkeep
|turn|11
|
|t:|1769406358
|-terastallize|p1a: Dragonite|Normal
|move|p1a: Dragonite|Earthquake|p2a: Sandy Shocks
|-supereffective|p2a: Sandy Shocks
|-damage|p2a: Sandy Shocks|0 fnt
|faint|p2a: Sandy Shocks
|-end|p2a: Sandy Shocks|Protosynthesis|[silent]
|
|upkeep
|
|t:|1769406374
|switch|p2a: Meowscarada|Meowscarada, M|100/100
|turn|12
|
|t:|1769406381
|move|p2a: Meowscarada|Flower Trick|p1a: Dragonite
|-start|p2a: Meowscarada|typechange|Grass|[from] ability: Protean
|-crit|p1a: Dragonite
|-damage|p1a: Dragonite|42/100
|move|p1a: Dragonite|Dragon Dance|p1a: Dragonite
|-boost|p1a: Dragonite|atk|1
|-boost|p1a: Dragonite|spe|1
|
|upkeep
|turn|13
|
|t:|1769406391
|move|p1a: Dragonite|Roost|p1a: Dragonite
|-heal|p1a: Dragonite|92/100
|move|p2a: Meowscarada|Flower Trick|p1a: Dragonite
|-crit|p1a: Dragonite
|-damage|p1a: Dragonite|41/100
|
|upkeep
|turn|14
|
|t:|1769406402
|move|p1a: Dragonite|Extreme Speed|p2a: Meowscarada
|-damage|p2a: Meowscarada|0 fnt
|faint|p2a: Meowscarada
|
|upkeep
|
|t:|1769406406
|switch|p2a: Flapple|Flapple, M|100/100
|-damage|p2a: Flapple|88/100|[from] Stealth Rock
|-damage|p2a: Flapple|76/100|[from] Spikes
|turn|15
|
|t:|1769406443
|move|p1a: Dragonite|Roost|p1a: Dragonite
|-heal|p1a: Dragonite|92/100
|move|p2a: Flapple|Outrage|p1a: Dragonite
|-damage|p1a: Dragonite|0 fnt
|faint|p1a: Dragonite
|
|upkeep
|
|t:|1769406458
|switch|p1a: Gliscor|Gliscor, M|100/100
|turn|16
|
|t:|1769406467
|move|p2a: Flapple|Outrage|p1a: Gliscor|[from] lockedmove
|-damage|p1a: Gliscor|29/100
|move|p1a: Gliscor|Swords Dance|p1a: Gliscor
|-boost|p1a: Gliscor|atk|2
|
|-status|p1a: Gliscor|tox|[from] item: Toxic Orb
|upkeep
|turn|17
|
|t:|1769406475
|move|p1a: Gliscor|Protect|p1a: Gliscor
|-singleturn|p1a: Gliscor|Protect
|move|p2a: Flapple|Outrage|p1a: Gliscor|[from] lockedmove
|-activate|p1a: Gliscor|move: Protect
|-start|p2a: Flapple|confusion|[fatigue]
|
|-heal|p1a: Gliscor|41/100 tox|[from] ability: Poison Heal
|upkeep
|turn|18
|
|t:|1769406489
|-activate|p2a: Flapple|confusion
|-damage|p2a: Flapple|54/100|[from] confusion
|move|p1a: Gliscor|Facade|p2a: Flapple
|-damage|p2a: Flapple|0 fnt
|faint|p2a: Flapple
|
|win|bigbellako1203
|raw|bigbellako1203's rating: 1059 &rarr; <strong>1094</strong><br />(+35 for winning)
|raw|SpeedySebas's rating: 1106 &rarr; <strong>1078</strong><br />(-28 for losing)
|l|‽SpeedySebas
|player|p2|
|l|☆bigbellako1203
|player|p1|
