|badge|p1|bronze|gen9ou|100-8
|uhtml|medal-msg|<div class="broadcast-blue">Curious what those medals under the avatar are? PS now has Ladder Seasons! For more information, check out the <a href="https://www.smogon.com/forums/threads/3740067/">thread on Smogon.</a></div>
|j|☆CambridgeFoulPlay
|j|‽machopped unc
|t:|1769346971
|gametype|singles
|player|p1|CambridgeFoulPlay|266|1804
|player|p2|machopped unc|clown|1795
|gen|9
|tier|[Gen 9] OU
|rated|
|rule|HP Percentage Mod: HP is shown in percentages
|rule|Endless Battle Clause: Forcing endless battles is banned
|rule|Species Clause: Limit one of each Pokémon
|rule|OHKO Clause: OHKO moves are banned
|rule|Evasion Items Clause: Evasion items are banned
|rule|Evasion Moves Clause: Evasion moves are banned
|rule|Evasion Abilities Clause: Evasion abilities are banned
|rule|Sleep Moves Clause: Sleep-inducing moves are banned
|clearpoke
|poke|p1|Hydrapple, M|
|poke|p1|Tyranitar, F|
|poke|p1|Moltres|
|poke|p1|Zamazenta-*|
|poke|p1|Slowking-Galar, F|
|poke|p1|Excadrill, F|
|poke|p2|Glimmora, M|
|poke|p2|Araquanid, M|
|poke|p2|Darkrai|
|poke|p2|Dragonite, M|
|poke|p2|Gholdengo|
|poke|p2|Great Tusk|
|teampreview
|c|☆CambridgeFoulPlay|hf
|inactive|Battle timer is ON: inactive players will automatically lose when time's up. (requested by CambridgeFoulPlay)
|
|t:|1769346991
|teamsize|p1|6
|teamsize|p2|6
|start
|switch|p1a: Tyranitar|Tyranitar, F|100/100
|switch|p2a: Gholdengo|Gholdengo|100/100
|-item|p2a: Gholdengo|Air Balloon
|-weather|Sandstorm|[from] ability: Sand Stream|[of] p1a: Tyranitar
|turn|1
|
|t:|1769346996
|move|p2a: Gholdengo|Focus Blast|p1a: Tyranitar
|-supereffective|p1a: Tyranitar
|-damage|p1a: Tyranitar|32/100
|move|p1a: Tyranitar|Knock Off|p2a: Gholdengo
|-supereffective|p2a: Gholdengo
|-damage|p2a: Gholdengo|10/100
|-enditem|p2a: Gholdengo|Air Balloon
|
|-weather|Sandstorm|[upkeep]
|upkeep
|turn|2
|
|t:|1769347002
|switch|p1a: Slowking|Slowking-Galar, F|100/100
|move|p2a: Gholdengo|Shadow Ball|p1a: Slowking
|-supereffective|p1a: Slowking
|-damage|p1a: Slowking|52/100
|-unboost|p1a: Slowking|spd|1
|
|-weather|Sandstorm|[upkeep]
|-damage|p1a: Slowking|46/100|[from] Sandstorm
|upkeep
|turn|3
|
|t:|1769347009
|switch|p1a: Zamazenta|Zamazenta|100/100
|-ability|p1a: Zamazenta|Dauntless Shield|boost
|-boost|p1a: Zamazenta|def|1
|move|p2a: Gholdengo|Shadow Ball|p1a: Zamazenta
|-damage|p1a: Zamazenta|58/100
|
|-weather|Sandstorm|[upkeep]
|-damage|p1a: Zamazenta|52/100|[from] Sandstorm
|-heal|p1a: Zamazenta|58/100|[from] item: Leftovers
|upkeep
|turn|4
|
|t:|1769347015
|switch|p2a: Araquanid|Araquanid, M|100/100
|move|p1a: Zamazenta|Crunch|p2a: Araquanid
|-damage|p2a: Araquanid|80/100
|
|-weather|Sandstorm|[upkeep]
|-damage|p1a: Zamazenta|52/100|[from] Sandstorm
|-damage|p2a: Araquanid|74/100|[from] Sandstorm
|-heal|p1a: Zamazenta|58/100|[from] item: Leftovers
|upkeep
|turn|5
|
|t:|1769347021
|move|p1a: Zamazenta|Body Press|p2a: Araquanid
|-resisted|p2a: Araquanid
|-damage|p2a: Araquanid|42/100
|move|p2a: Araquanid|Surf|p1a: Zamazenta
|-damage|p1a: Zamazenta|11/100
|
|-weather|Sandstorm|[upkeep]
|-damage|p1a: Zamazenta|5/100|[from] Sandstorm
|-damage|p2a: Araquanid|36/100|[from] Sandstorm
|-heal|p1a: Zamazenta|11/100|[from] item: Leftovers
|upkeep
|turn|6
|
|t:|1769347028
|move|p1a: Zamazenta|Body Press|p2a: Araquanid
|-resisted|p2a: Araquanid
|-damage|p2a: Araquanid|6/100
|move|p2a: Araquanid|Surf|p1a: Zamazenta
|-damage|p1a: Zamazenta|0 fnt
|faint|p1a: Zamazenta
|
|-weather|Sandstorm|[upkeep]
|-damage|p2a: Araquanid|0 fnt|[from] Sandstorm
|faint|p2a: Araquanid
|upkeep
|
|t:|1769347043
|switch|p1a: Excadrill|Excadrill, F|100/100
|switch|p2a: Darkrai|Darkrai|100/100
|-item|p1a: Excadrill|Air Balloon
|turn|7
|
|t:|1769347052
|move|p1a: Excadrill|Iron Head|p2a: Darkrai
|-damage|p2a: Darkrai|42/100
|move|p2a: Darkrai|Dark Pulse|p1a: Excadrill
|-damage|p1a: Excadrill|36/100
|-enditem|p1a: Excadrill|Air Balloon
|
|-weather|Sandstorm|[upkeep]
|-damage|p2a: Darkrai|36/100|[from] Sandstorm
|upkeep
|turn|8
|
|t:|1769347058
|move|p2a: Darkrai|Sucker Punch|p1a: Excadrill
|-damage|p1a: Excadrill|0 fnt
|faint|p1a: Excadrill
|
|-weather|none
|upkeep
|
|t:|1769347060
|switch|p1a: Tyranitar|Tyranitar, F|32/100
|-weather|Sandstorm|[from] ability: Sand Stream|[of] p1a: Tyranitar
|turn|9
|
|t:|1769347066
|switch|p2a: Glimmora|Glimmora, M|100/100
|move|p1a: Tyranitar|Ice Beam|p2a: Glimmora
|-damage|p2a: Glimmora|83/100
|
|-weather|Sandstorm|[upkeep]
|upkeep
|turn|10
|
|t:|1769347071
|move|p2a: Glimmora|Meteor Beam||[still]
|-prepare|p2a: Glimmora|Meteor Beam
|-boost|p2a: Glimmora|spa|1
|-enditem|p2a: Glimmora|Power Herb
|-anim|p2a: Glimmora|Meteor Beam|p1a: Tyranitar
|-damage|p1a: Tyranitar|0 fnt
|faint|p1a: Tyranitar
|
|-weather|Sandstorm|[upkeep]
|upkeep
|
|t:|1769347074
|switch|p1a: Hydrapple|Hydrapple, M|100/100
|turn|11
|
|t:|1769347094
|move|p2a: Glimmora|Mortal Spin|p1a: Hydrapple
|-supereffective|p1a: Hydrapple
|-damage|p1a: Hydrapple|93/100
|-status|p1a: Hydrapple|psn
|move|p1a: Hydrapple|Earth Power|p2a: Glimmora
|-supereffective|p2a: Glimmora
|-damage|p2a: Glimmora|0 fnt
|faint|p2a: Glimmora
|
|-weather|Sandstorm|[upkeep]
|-damage|p1a: Hydrapple|86/100 psn|[from] Sandstorm
|-damage|p1a: Hydrapple|74/100 psn|[from] psn
|upkeep
|inactive|machopped unc has 120 seconds left.
|
|t:|1769347118
|switch|p2a: Darkrai|Darkrai|36/100
|turn|12
|
|t:|1769347121
|switch|p1a: Moltres|Moltres|100/100
|move|p2a: Darkrai|Ice Beam|p1a: Moltres
|-damage|p1a: Moltres|70/100
|
|-weather|Sandstorm|[upkeep]
|-damage|p2a: Darkrai|30/100|[from] Sandstorm
|-damage|p1a: Moltres|64/100|[from] Sandstorm
|upkeep
|turn|13
|
|t:|1769347130
|move|p2a: Darkrai|Dark Pulse|p1a: Moltres
|-damage|p1a: Moltres|15/100
|move|p1a: Moltres|Roost|p1a: Moltres
|-heal|p1a: Moltres|66/100
|-singleturn|p1a: Moltres|move: Roost
|
|-weather|Sandstorm|[upkeep]
|-damage|p2a: Darkrai|24/100|[from] Sandstorm
|-damage|p1a: Moltres|60/100|[from] Sandstorm
|upkeep
|turn|14
|
|t:|1769347135
|move|p2a: Darkrai|Dark Pulse|p1a: Moltres
|-damage|p1a: Moltres|7/100
|move|p1a: Moltres|U-turn|p2a: Darkrai
|-supereffective|p2a: Darkrai
|-damage|p2a: Darkrai|0 fnt
|faint|p2a: Darkrai
|
|t:|1769347136
|switch|p1a: Slowking|Slowking-Galar, F|79/100|[from] U-turn
|
|-weather|Sandstorm|[upkeep]
|-damage|p1a: Slowking|73/100|[from] Sandstorm
|upkeep
|
|t:|1769347158
|switch|p2a: Great Tusk|Great Tusk|100/100
|-enditem|p2a: Great Tusk|Booster Energy
|-activate|p2a: Great Tusk|ability: Protosynthesis|[fromitem]
|-start|p2a: Great Tusk|protosynthesisatk
|turn|15
|
|t:|1769347165
|switch|p1a: Moltres|Moltres|7/100
|move|p2a: Great Tusk|Headlong Rush|p1a: Moltres
|-immune|p1a: Moltres
|
|-weather|Sandstorm|[upkeep]
|-damage|p1a: Moltres|1/100|[from] Sandstorm
|upkeep
|turn|16
|
|t:|1769347171
|move|p2a: Great Tusk|Ice Spinner|p1a: Moltres
|-damage|p1a: Moltres|0 fnt
|faint|p1a: Moltres
|
|-weather|none
|upkeep
|
|t:|1769347173
|switch|p1a: Slowking|Slowking-Galar, F|100/100
|turn|17
|
|t:|1769347177
|switch|p1a: Hydrapple|Hydrapple, M|100/100 psn
|move|p2a: Great Tusk|Headlong Rush|p1a: Hydrapple
|-resisted|p1a: Hydrapple
|-damage|p1a: Hydrapple|72/100 psn
|-unboost|p2a: Great Tusk|def|1
|-unboost|p2a: Great Tusk|spd|1
|
|-damage|p1a: Hydrapple|60/100 psn|[from] psn
|upkeep
|turn|18
|
|t:|1769347180
|switch|p1a: Slowking|Slowking-Galar, F|100/100
|move|p2a: Great Tusk|Close Combat|p1a: Slowking
|-resisted|p1a: Slowking
|-damage|p1a: Slowking|83/100
|-unboost|p2a: Great Tusk|def|1
|-unboost|p2a: Great Tusk|spd|1
|
|upkeep
|turn|19
|
|t:|1769347183
|switch|p1a: Hydrapple|Hydrapple, M|93/100 psn
|move|p2a: Great Tusk|Headlong Rush|p1a: Hydrapple
|-resisted|p1a: Hydrapple
|-damage|p1a: Hydrapple|67/100 psn
|-unboost|p2a: Great Tusk|def|1
|-unboost|p2a: Great Tusk|spd|1
|
|-damage|p1a: Hydrapple|54/100 psn|[from] psn
|upkeep
|turn|20
|
|t:|1769347187
|switch|p1a: Slowking|Slowking-Galar, F|100/100
|move|p2a: Great Tusk|Ice Spinner|p1a: Slowking
|-damage|p1a: Slowking|67/100
|
|upkeep
|turn|21
|
|t:|1769347192
|switch|p1a: Hydrapple|Hydrapple, M|88/100 psn
|move|p2a: Great Tusk|Headlong Rush|p1a: Hydrapple
|-resisted|p1a: Hydrapple
|-damage|p1a: Hydrapple|59/100 psn
|-unboost|p2a: Great Tusk|def|1
|-unboost|p2a: Great Tusk|spd|1
|
|-damage|p1a: Hydrapple|46/100 psn|[from] psn
|upkeep
|turn|22
|
|t:|1769347195
|switch|p1a: Slowking|Slowking-Galar, F|100/100
|move|p2a: Great Tusk|Ice Spinner|p1a: Slowking
|-damage|p1a: Slowking|68/100
|
|upkeep
|turn|23
|
|t:|1769347199
|switch|p1a: Hydrapple|Hydrapple, M|80/100 psn
|move|p2a: Great Tusk|Headlong Rush|p1a: Hydrapple
|-resisted|p1a: Hydrapple
|-damage|p1a: Hydrapple|53/100 psn
|-unboost|p2a: Great Tusk|def|1
|-unboost|p2a: Great Tusk|spd|1
|
|-damage|p1a: Hydrapple|41/100 psn|[from] psn
|upkeep
|turn|24
|
|t:|1769347205
|switch|p1a: Slowking|Slowking-Galar, F|100/100
|move|p2a: Great Tusk|Headlong Rush|p1a: Slowking
|-supereffective|p1a: Slowking
|-damage|p1a: Slowking|0 fnt
|-unboost|p2a: Great Tusk|def|1
|-unboost|p2a: Great Tusk|spd|1
|faint|p1a: Slowking
|
|upkeep
|
|t:|1769347207
|switch|p1a: Hydrapple|Hydrapple, M|74/100 psn
|turn|25
|
|t:|1769347209
|-terastallize|p1a: Hydrapple|Poison
|move|p2a: Great Tusk|Ice Spinner|p1a: Hydrapple
|-damage|p1a: Hydrapple|50/100 psn
|move|p1a: Hydrapple|Nasty Plot|p1a: Hydrapple
|-boost|p1a: Hydrapple|spa|2
|
|-damage|p1a: Hydrapple|38/100 psn|[from] psn
|upkeep
|turn|26
|
|t:|1769347214
|move|p2a: Great Tusk|Headlong Rush|p1a: Hydrapple
|-supereffective|p1a: Hydrapple
|-damage|p1a: Hydrapple|0 fnt
|faint|p1a: Hydrapple
|
|win|machopped unc
|raw|CambridgeFoulPlay's rating: 1804 &rarr; <strong>1783</strong><br />(-21 for losing)
|raw|machopped unc's rating: 1795 &rarr; <strong>1816</strong><br />(+21 for winning)
|c|☆CambridgeFoulPlay|gg
|l|☆CambridgeFoulPlay
|player|p1|
|l|‽machopped unc
|player|p2|
