|j|☆Hera2705
|j|☆mayo 4959
|t:|1769441183
|gametype|singles
|player|p1|Hera2705|170|1141
|player|p2|mayo 4959|teamrocket|1117
|gen|9
|tier|[Gen 9] OU
|rated|
|rule|HP Percentage Mod: HP is shown in percentages
|rule|Endless Battle Clause: Forcing endless battles is banned
|rule|Species Clause: Limit one of each Pokémon
|rule|OHKO Clause: OHKO moves are banned
|rule|Evasion Items Clause: Evasion items are banned
|rule|Evasion Moves Clause: Evasion moves are banned
|rule|Evasion Abilities Clause: Evasion abilities are banned
|rule|Sleep Moves Clause: Sleep-inducing moves are banned
|clearpoke
|poke|p1|Tyranitar, M|
|poke|p1|Landorus-Therian, M|
|poke|p1|Moltres|
|poke|p1|Kyurem|
|poke|p1|Gholdengo|
|poke|p1|Iron Treads|
|poke|p2|Dragonite, F|
|poke|p2|Pikachu-Alola, M|
|poke|p2|Clefable, M|
|poke|p2|Alomomola, M|
|poke|p2|Gholdengo|
|poke|p2|Iron Valiant|
|teampreview
|inactive|Battle timer is ON: inactive players will automatically lose when time's up. (requested by mayo 4959)
|c|☆mayo 4959|:]
|
|t:|1769441212
|teamsize|p1|6
|teamsize|p2|6
|start
|switch|p1a: Landorus|Landorus-Therian, M|100/100
|switch|p2a: Alomomola|Alomomola, M|100/100
|-ability|p1a: Landorus|Intimidate|boost
|-unboost|p2a: Alomomola|atk|1
|turn|1
|inactive|Hera2705 has 120 seconds left.
|
|t:|1769441247
|move|p1a: Landorus|U-turn|p2a: Alomomola
|-damage|p2a: Alomomola|90/100
|
|t:|1769441251
|switch|p1a: Kyurem|Kyurem, shiny|100/100|[from] U-turn
|-ability|p1a: Kyurem|Pressure
|move|p2a: Alomomola|Scald|p1a: Kyurem
|-resisted|p1a: Kyurem
|-damage|p1a: Kyurem|93/100
|
|-heal|p2a: Alomomola|97/100|[from] item: Leftovers
|upkeep
|turn|2
|
|t:|1769441260
|switch|p2a: Gholdengo|Gholdengo|100/100
|move|p1a: Kyurem|Dragon Dance|p1a: Kyurem
|-boost|p1a: Kyurem|atk|1
|-boost|p1a: Kyurem|spe|1
|
|upkeep
|turn|3
|
|t:|1769441267
|-terastallize|p1a: Kyurem|Ground
|move|p1a: Kyurem|Earth Power|p2a: Gholdengo
|-supereffective|p2a: Gholdengo
|-damage|p2a: Gholdengo|0 fnt
|faint|p2a: Gholdengo
|
|upkeep
|
|t:|1769441276
|switch|p2a: Iron Valiant|Iron Valiant|100/100
|-enditem|p2a: Iron Valiant|Booster Energy
|-activate|p2a: Iron Valiant|ability: Quark Drive|[fromitem]
|-start|p2a: Iron Valiant|quarkdrivespe
|turn|4
|
|t:|1769441286
|switch|p1a: Moltres|Moltres|100/100
|move|p2a: Iron Valiant|Moonblast|p1a: Moltres
|-resisted|p1a: Moltres
|-damage|p1a: Moltres|76/100
|-unboost|p1a: Moltres|spa|1
|
|upkeep
|turn|5
|
|t:|1769441293
|-end|p2a: Iron Valiant|Quark Drive|[silent]
|switch|p2a: Clefable|Clefable, M|100/100
|move|p1a: Moltres|Roar|p2a: Clefable
|drag|p2a: Iron Valiant|Iron Valiant|100/100
|
|upkeep
|turn|6
|
|t:|1769441300
|-end|p2a: Iron Valiant|Quark Drive|[silent]
|switch|p2a: Clefable|Clefable, M|100/100
|move|p1a: Moltres|Roar|p2a: Clefable
|drag|p2a: Dragonite|Dragonite, F|100/100
|
|upkeep
|turn|7
|
|t:|1769441306
|switch|p2a: Clefable|Clefable, M|100/100
|move|p1a: Moltres|U-turn|p2a: Clefable
|-resisted|p2a: Clefable
|-damage|p2a: Clefable|93/100
|
|t:|1769441313
|switch|p1a: Landorus|Landorus-Therian, M|100/100|[from] U-turn
|-ability|p1a: Landorus|Intimidate|boost
|-unboost|p2a: Clefable|atk|1
|
|-heal|p2a: Clefable|99/100|[from] item: Leftovers
|upkeep
|turn|8
|
|t:|1769441320
|move|p1a: Landorus|Stealth Rock|p2a: Clefable
|-sidestart|p2: mayo 4959|move: Stealth Rock
|move|p2a: Clefable|Stealth Rock|p1a: Landorus
|-sidestart|p1: Hera2705|move: Stealth Rock
|
|-heal|p2a: Clefable|100/100|[from] item: Leftovers
|upkeep
|turn|9
|
|t:|1769441331
|switch|p2a: Alomomola|Alomomola, M|100/100
|-damage|p2a: Alomomola|88/100|[from] Stealth Rock
|move|p1a: Landorus|U-turn|p2a: Alomomola
|-damage|p2a: Alomomola|77/100
|
|t:|1769441336
|switch|p1a: Iron Treads|Iron Treads|100/100|[from] U-turn
|-damage|p1a: Iron Treads|97/100|[from] Stealth Rock
|
|-heal|p1a: Iron Treads|100/100|[from] item: Leftovers
|-heal|p2a: Alomomola|83/100|[from] item: Leftovers
|upkeep
|turn|10
|
|t:|1769441342
|move|p1a: Iron Treads|Rapid Spin|p2a: Alomomola
|-damage|p2a: Alomomola|75/100
|-boost|p1a: Iron Treads|spe|1
|-sideend|p1: Hera2705|Stealth Rock|[from] move: Rapid Spin|[of] p1a: Iron Treads
|move|p2a: Alomomola|Scald|p1a: Iron Treads
|-supereffective|p1a: Iron Treads
|-damage|p1a: Iron Treads|62/100
|
|-heal|p1a: Iron Treads|69/100|[from] item: Leftovers
|-heal|p2a: Alomomola|81/100|[from] item: Leftovers
|upkeep
|turn|11
|
|t:|1769441358
|move|p1a: Iron Treads|Knock Off|p2a: Alomomola
|-damage|p2a: Alomomola|65/100
|-enditem|p2a: Alomomola|Leftovers|[from] move: Knock Off|[of] p1a: Iron Treads
|move|p2a: Alomomola|Scald|p1a: Iron Treads
|-supereffective|p1a: Iron Treads
|-damage|p1a: Iron Treads|31/100
|
|-heal|p1a: Iron Treads|37/100|[from] item: Leftovers
|upkeep
|turn|12
|
|t:|1769441367
|-end|p1a: Iron Treads|Quark Drive|[silent]
|switch|p1a: Kyurem|Kyurem, shiny, tera:Ground|93/100
|-ability|p1a: Kyurem|Pressure
|move|p2a: Alomomola|Flip Turn|p1a: Kyurem
|-supereffective|p1a: Kyurem
|-damage|p1a: Kyurem|63/100
|
|t:|1769441369
|switch|p2a: Iron Valiant|Iron Valiant|100/100|[from] Flip Turn
|-damage|p2a: Iron Valiant|94/100|[from] Stealth Rock
|
|upkeep
|turn|13
|
|t:|1769441380
|move|p2a: Iron Valiant|Moonblast|p1a: Kyurem
|-damage|p1a: Kyurem|14/100
|move|p1a: Kyurem|Dragon Dance|p1a: Kyurem
|-boost|p1a: Kyurem|atk|1
|-boost|p1a: Kyurem|spe|1
|
|upkeep
|turn|14
|
|t:|1769441387
|-end|p2a: Iron Valiant|Quark Drive|[silent]
|switch|p2a: Clefable|Clefable, M|100/100
|-damage|p2a: Clefable|88/100|[from] Stealth Rock
|move|p1a: Kyurem|Icicle Spear|p2a: Clefable
|-damage|p2a: Clefable|72/100
|-damage|p2a: Clefable|55/100
|-hitcount|p2a: Clefable|2
|
|-heal|p2a: Clefable|61/100|[from] item: Leftovers
|upkeep
|turn|15
|
|t:|1769441396
|move|p1a: Kyurem|Icicle Spear|p2a: Clefable
|-damage|p2a: Clefable|44/100
|-damage|p2a: Clefable|26/100
|-damage|p2a: Clefable|11/100
|-damage|p2a: Clefable|0 fnt
|faint|p2a: Clefable
|-hitcount|p2: Clefable|4
|
|upkeep
|
|t:|1769441399
|switch|p2a: Dragonite|Dragonite, F|100/100
|-damage|p2a: Dragonite|76/100|[from] Stealth Rock
|turn|16
|
|t:|1769441413
|move|p2a: Dragonite|Extreme Speed|p1a: Kyurem
|-damage|p1a: Kyurem|0 fnt
|faint|p1a: Kyurem
|-damage|p2a: Dragonite|66/100|[from] item: Life Orb
|
|upkeep
|
|t:|1769441418
|switch|p1a: Moltres|Moltres|76/100
|turn|17
|
|t:|1769441427
|move|p2a: Dragonite|Protect|p2a: Dragonite
|-singleturn|p2a: Dragonite|Protect
|move|p1a: Moltres|Roar|p2a: Dragonite
|drag|p2a: Pikachu|Pikachu-Alola, M|100/100
|-damage|p2a: Pikachu|88/100|[from] Stealth Rock
|
|upkeep
|turn|18
|inactive|Hera2705 has 120 seconds left.
|
|t:|1769441467
|switch|p1a: Landorus|Landorus-Therian, M|100/100
|-ability|p1a: Landorus|Intimidate|boost
|-unboost|p2a: Pikachu|atk|1
|move|p2a: Pikachu|Thunderbolt|p1a: Landorus
|-immune|p1a: Landorus
|
|upkeep
|turn|19
|inactive|Hera2705 has 120 seconds left.
|
|t:|1769441479
|switch|p2a: Alomomola|Alomomola, M|98/100
|-damage|p2a: Alomomola|86/100|[from] Stealth Rock
|move|p1a: Landorus|U-turn|p2a: Alomomola
|-damage|p2a: Alomomola|75/100
|
|t:|1769441486
|switch|p1a: Gholdengo|Gholdengo|100/100|[from] U-turn
|
|upkeep
|turn|20
|inactive|Hera2705 has 120 seconds left.
|
|t:|1769441494
|move|p1a: Gholdengo|Make It Rain|p2a: Alomomola
|-resisted|p2a: Alomomola
|-damage|p2a: Alomomola|36/100
|-unboost|p1a: Gholdengo|spa|1
|move|p2a: Alomomola|Scald|p1a: Gholdengo
|-damage|p1a: Gholdengo|83/100
|-status|p1a: Gholdengo|brn
|
|-damage|p1a: Gholdengo|77/100 brn|[from] brn
|upkeep
|turn|21
|inactive|Hera2705 has 120 seconds left.
|
|t:|1769441505
|move|p1a: Gholdengo|Make It Rain|p2a: Alomomola
|-resisted|p2a: Alomomola
|-crit|p2a: Alomomola
|-damage|p2a: Alomomola|0 fnt
|-unboost|p1a: Gholdengo|spa|1
|faint|p2a: Alomomola
|
|-damage|p1a: Gholdengo|71/100 brn|[from] brn
|upkeep
|
|t:|1769441508
|switch|p2a: Iron Valiant|Iron Valiant|94/100
|-damage|p2a: Iron Valiant|88/100|[from] Stealth Rock
|turn|22
|
|t:|1769441517
|switch|p1a: Iron Treads|Iron Treads|37/100
|move|p2a: Iron Valiant|Shadow Ball|p1a: Iron Treads
|-damage|p1a: Iron Treads|0 fnt
|faint|p1a: Iron Treads
|-end|p1a: Iron Treads|Quark Drive|[silent]
|
|upkeep
|
|t:|1769441527
|switch|p1a: Moltres|Moltres|76/100
|turn|23
|
|t:|1769441539
|-end|p2a: Iron Valiant|Quark Drive|[silent]
|switch|p2a: Dragonite|Dragonite, F|66/100
|-damage|p2a: Dragonite|41/100|[from] Stealth Rock
|move|p1a: Moltres|Roar|p2a: Dragonite
|drag|p2a: Iron Valiant|Iron Valiant|88/100
|-damage|p2a: Iron Valiant|82/100|[from] Stealth Rock
|
|upkeep
|turn|24
|
|t:|1769441548
|move|p2a: Iron Valiant|Shadow Ball|p1a: Moltres
|-damage|p1a: Moltres|49/100
|move|p1a: Moltres|Roar|p2a: Iron Valiant
|-end|p2a: Iron Valiant|Quark Drive|[silent]
|drag|p2a: Dragonite|Dragonite, F|41/100
|-damage|p2a: Dragonite|16/100|[from] Stealth Rock
|
|upkeep
|turn|25
|
|t:|1769441561
|move|p2a: Dragonite|Dragon Claw|p1a: Moltres
|-damage|p1a: Moltres|4/100
|-damage|p2a: Dragonite|6/100|[from] item: Life Orb
|move|p1a: Moltres|Roost|p1a: Moltres
|-heal|p1a: Moltres|54/100
|-singleturn|p1a: Moltres|move: Roost
|
|upkeep
|turn|26
|
|t:|1769441570
|move|p2a: Dragonite|Dragon Claw|p1a: Moltres
|-damage|p1a: Moltres|9/100
|-status|p2a: Dragonite|brn|[from] ability: Flame Body|[of] p1a: Moltres
|-damage|p2a: Dragonite|0 fnt|[from] item: Life Orb
|faint|p2a: Dragonite
|move|p1a: Moltres|Roost|p1a: Moltres
|-heal|p1a: Moltres|59/100
|-singleturn|p1a: Moltres|move: Roost
|
|upkeep
|
|t:|1769441573
|switch|p2a: Pikachu|Pikachu-Alola, M|88/100
|-damage|p2a: Pikachu|76/100|[from] Stealth Rock
|turn|27
|
|t:|1769441583
|switch|p1a: Landorus|Landorus-Therian, M|100/100
|-ability|p1a: Landorus|Intimidate|boost
|-unboost|p2a: Pikachu|atk|1
|-terastallize|p2a: Pikachu|Water
|move|p2a: Pikachu|Tera Blast|p1a: Landorus|[anim] Tera Blast Water
|-supereffective|p1a: Landorus
|-damage|p1a: Landorus|1/100
|
|upkeep
|turn|28
|
|t:|1769441593
|switch|p2a: Iron Valiant|Iron Valiant|82/100
|-damage|p2a: Iron Valiant|76/100|[from] Stealth Rock
|move|p1a: Landorus|Earth Power|p2a: Iron Valiant
|-damage|p2a: Iron Valiant|21/100
|
|upkeep
|turn|29
|
|t:|1769441599
|move|p2a: Iron Valiant|Shadow Ball|p1a: Landorus
|-damage|p1a: Landorus|0 fnt
|faint|p1a: Landorus
|
|upkeep
|
|t:|1769441604
|switch|p1a: Moltres|Moltres|59/100
|turn|30
|
|t:|1769441606
|move|p2a: Iron Valiant|Shadow Ball|p1a: Moltres
|-damage|p1a: Moltres|34/100
|move|p1a: Moltres|Flamethrower|p2a: Iron Valiant
|-damage|p2a: Iron Valiant|0 fnt
|faint|p2a: Iron Valiant
|-end|p2a: Iron Valiant|Quark Drive|[silent]
|
|upkeep
|
|t:|1769441609
|switch|p2a: Pikachu|Pikachu-Alola, M, tera:Water|76/100
|-damage|p2a: Pikachu|64/100|[from] Stealth Rock
|turn|31
|
|t:|1769441618
|move|p2a: Pikachu|Nasty Plot|p2a: Pikachu
|-boost|p2a: Pikachu|spa|2
|move|p1a: Moltres|U-turn|p2a: Pikachu
|-damage|p2a: Pikachu|19/100
|
|t:|1769441623
|switch|p1a: Gholdengo|Gholdengo|71/100 brn|[from] U-turn
|
|-damage|p1a: Gholdengo|65/100 brn|[from] brn
|upkeep
|turn|32
|
|t:|1769441629
|move|p1a: Gholdengo|Make It Rain|p2a: Pikachu
|-resisted|p2a: Pikachu
|-damage|p2a: Pikachu|0 fnt
|-unboost|p1a: Gholdengo|spa|1
|faint|p2a: Pikachu
|
|win|Hera2705
|raw|Hera2705's rating: 1141 &rarr; <strong>1164</strong><br />(+23 for winning)
|raw|mayo 4959's rating: 1117 &rarr; <strong>1094</strong><br />(-23 for losing)
|l|☆mayo 4959
|player|p2|
|c|☆Hera2705|gg
|l|☆Hera2705
|player|p1|
