|j|☆Sirgeust
|j|☆preppy dude
|t:|1769326532
|gametype|singles
|player|p1|Sirgeust|lusamine-nihilego|1401
|player|p2|preppy dude|102|1372
|gen|9
|tier|[Gen 9] OU
|rated|
|rule|HP Percentage Mod: HP is shown in percentages
|rule|Endless Battle Clause: Forcing endless battles is banned
|rule|Species Clause: Limit one of each Pokémon
|rule|OHKO Clause: OHKO moves are banned
|rule|Evasion Items Clause: Evasion items are banned
|rule|Evasion Moves Clause: Evasion moves are banned
|rule|Evasion Abilities Clause: Evasion abilities are banned
|rule|Sleep Moves Clause: Sleep-inducing moves are banned
|clearpoke
|poke|p1|Zoroark-Hisui, M|
|poke|p1|Ogerpon-Wellspring, F|
|poke|p1|Samurott-Hisui, M|
|poke|p1|Corviknight, M|
|poke|p1|Pecharunt|
|poke|p1|Slowking-Galar, F|
|poke|p2|Ursaring, F|
|poke|p2|Piloswine, F|
|poke|p2|Scizor, M|
|poke|p2|Typhlosion, M|
|poke|p2|Porygon2|
|poke|p2|Meganium, M|
|teampreview
|inactive|Battle timer is ON: inactive players will automatically lose when time's up. (requested by Sirgeust)
|inactive|Sirgeust has 120 seconds left.
|inactive|Sirgeust has 90 seconds left.
|
|t:|1769326601
|teamsize|p1|6
|teamsize|p2|6
|start
|switch|p1a: Ogerpon|Ogerpon-Wellspring, F|100/100
|switch|p2a: Piloswine|Piloswine, F|100/100
|turn|1
|
|t:|1769326608
|-terastallize|p2a: Piloswine|Ice
|move|p1a: Ogerpon|Shadow Ball|p2a: Piloswine
|-damage|p2a: Piloswine|37/100
|move|p2a: Piloswine|Freeze-Dry|p1a: Ogerpon
|-damage|p1a: Ogerpon|30/100
|replace|p1a: Zoroark|Zoroark-Hisui, M
|-end|p1a: Zoroark|Illusion
|
|upkeep
|turn|2
|
|t:|1769326628
|switch|p1a: Samurott|Samurott-Hisui, M|100/100
|move|p2a: Piloswine|Ice Shard|p1a: Samurott
|-resisted|p1a: Samurott
|-damage|p1a: Samurott|87/100
|
|upkeep
|turn|3
|
|t:|1769326636
|move|p1a: Samurott|Ceaseless Edge|p2a: Piloswine
|-damage|p2a: Piloswine|2/100
|-sidestart|p2: preppy dude|Spikes
|move|p2a: Piloswine|Freeze-Dry|p1a: Samurott
|-supereffective|p1a: Samurott
|-damage|p1a: Samurott|34/100
|
|upkeep
|turn|4
|
|t:|1769326645
|move|p1a: Samurott|Ceaseless Edge|p2a: Piloswine
|-damage|p2a: Piloswine|0 fnt
|-sidestart|p2: preppy dude|Spikes
|faint|p2a: Piloswine
|
|upkeep
|
|t:|1769326650
|switch|p2a: Ursaring|Ursaring, F|100/100
|-damage|p2a: Ursaring|84/100|[from] Spikes
|turn|5
|
|t:|1769326654
|move|p2a: Ursaring|Protect|p2a: Ursaring
|-singleturn|p2a: Ursaring|Protect
|move|p1a: Samurott|Sacred Sword|p2a: Ursaring
|-activate|p2a: Ursaring|move: Protect
|
|-status|p2a: Ursaring|tox|[from] item: Toxic Orb
|upkeep
|turn|6
|
|t:|1769326663
|switch|p1a: Corviknight|Corviknight, M|100/100
|-ability|p1a: Corviknight|Pressure
|move|p2a: Ursaring|Facade|p1a: Corviknight
|-resisted|p1a: Corviknight
|-damage|p1a: Corviknight|80/100
|-damage|p2a: Ursaring|68/100 tox|[from] item: Rocky Helmet|[of] p1a: Corviknight
|
|-damage|p2a: Ursaring|61/100 tox|[from] psn
|upkeep
|turn|7
|
|t:|1769326675
|move|p2a: Ursaring|Close Combat|p1a: Corviknight
|-damage|p1a: Corviknight|55/100
|-unboost|p2a: Ursaring|def|1
|-unboost|p2a: Ursaring|spd|1
|-damage|p2a: Ursaring|45/100 tox|[from] item: Rocky Helmet|[of] p1a: Corviknight
|move|p1a: Corviknight|U-turn|p2a: Ursaring
|-damage|p2a: Ursaring|15/100 tox
|
|t:|1769326682
|switch|p1a: Samurott|Samurott-Hisui, M|34/100|[from] U-turn
|
|-damage|p2a: Ursaring|3/100 tox|[from] psn
|upkeep
|turn|8
|
|t:|1769326688
|move|p1a: Samurott|Sucker Punch|p2a: Ursaring
|-damage|p2a: Ursaring|0 fnt
|faint|p2a: Ursaring
|
|upkeep
|
|t:|1769326693
|switch|p2a: Meganium|Meganium, M|100/100
|-damage|p2a: Meganium|84/100|[from] Spikes
|turn|9
|
|t:|1769326700
|move|p1a: Samurott|Flip Turn|p2a: Meganium
|-resisted|p2a: Meganium
|-damage|p2a: Meganium|72/100
|
|t:|1769326707
|switch|p1a: Slowking|Slowking-Galar, F|100/100|[from] Flip Turn
|move|p2a: Meganium|Petal Dance|p1a: Slowking
|-resisted|p1a: Slowking
|-damage|p1a: Slowking|79/100
|
|upkeep
|turn|10
|
|t:|1769326715
|move|p2a: Meganium|Petal Dance|p1a: Slowking|[from] lockedmove
|-resisted|p1a: Slowking
|-damage|p1a: Slowking|57/100
|-prepare|p1a: Slowking|Chilly Reception|[premajor]
|move|p1a: Slowking|Chilly Reception|p1a: Slowking
|-weather|Snowscape
|
|t:|1769326720
|switch|p1a: Samurott|Samurott-Hisui, M|34/100|[from] Chilly Reception
|
|-weather|Snowscape|[upkeep]
|upkeep
|turn|11
|
|t:|1769326727
|move|p1a: Samurott|Ceaseless Edge|p2a: Meganium
|-damage|p2a: Meganium|33/100
|-sidestart|p2: preppy dude|Spikes
|move|p2a: Meganium|Petal Dance|p1a: Samurott|[from] lockedmove
|-supereffective|p1a: Samurott
|-damage|p1a: Samurott|0 fnt
|faint|p1a: Samurott
|-start|p2a: Meganium|confusion|[fatigue]
|
|-weather|Snowscape|[upkeep]
|upkeep
|
|t:|1769326744
|switch|p1a: Ogerpon|Ogerpon-Wellspring, F|100/100
|turn|12
|
|t:|1769326748
|move|p1a: Ogerpon|Swords Dance|p1a: Ogerpon
|-boost|p1a: Ogerpon|atk|2
|-activate|p2a: Meganium|confusion
|move|p2a: Meganium|Petal Dance|p1a: Ogerpon
|-crit|p1a: Ogerpon
|-damage|p1a: Ogerpon|0 fnt
|faint|p1a: Ogerpon
|
|-weather|Snowscape|[upkeep]
|upkeep
|
|t:|1769326757
|switch|p1a: Slowking|Slowking-Galar, F|30/100
|turn|13
|
|t:|1769326760
|move|p1a: Slowking|Shadow Ball|p2a: Meganium
|-damage|p2a: Meganium|0 fnt
|faint|p2a: Meganium
|
|-weather|Snowscape|[upkeep]
|upkeep
|
|t:|1769326767
|switch|p2a: Porygon2|Porygon2|100/100
|-damage|p2a: Porygon2|76/100|[from] Spikes
|turn|14
|
|t:|1769326772
|switch|p1a: Pecharunt|Pecharunt|100/100
|move|p2a: Porygon2|Thunderbolt|p1a: Pecharunt
|-damage|p1a: Pecharunt|53/100
|
|-weather|none
|upkeep
|turn|15
|
|t:|1769326779
|move|p1a: Pecharunt|Malignant Chain|p2a: Porygon2
|-damage|p2a: Porygon2|52/100
|move|p2a: Porygon2|Psychic|p1a: Pecharunt
|-supereffective|p1a: Pecharunt
|-damage|p1a: Pecharunt|0 fnt
|faint|p1a: Pecharunt
|
|upkeep
|
|t:|1769326788
|switch|p1a: Slowking|Slowking-Galar, F|30/100
|turn|16
|
|t:|1769326793
|move|p1a: Slowking|Focus Blast|p2a: Porygon2
|-supereffective|p2a: Porygon2
|-damage|p2a: Porygon2|0 fnt
|faint|p2a: Porygon2
|
|upkeep
|
|t:|1769326798
|switch|p2a: Scizor|Scizor, M|100/100
|-damage|p2a: Scizor|76/100|[from] Spikes
|turn|17
|
|t:|1769326804
|switch|p1a: Corviknight|Corviknight, M|55/100
|-ability|p1a: Corviknight|Pressure
|move|p2a: Scizor|Bullet Punch|p1a: Corviknight
|-resisted|p1a: Corviknight
|-damage|p1a: Corviknight|44/100
|-damage|p2a: Scizor|59/100|[from] item: Rocky Helmet|[of] p1a: Corviknight
|
|upkeep
|turn|18
|
|t:|1769326813
|move|p1a: Corviknight|Brave Bird|p2a: Scizor
|-damage|p2a: Scizor|20/100
|-damage|p1a: Corviknight|33/100|[from] Recoil
|move|p2a: Scizor|Close Combat|p1a: Corviknight
|-damage|p1a: Corviknight|4/100
|-unboost|p2a: Scizor|def|1
|-unboost|p2a: Scizor|spd|1
|-damage|p2a: Scizor|3/100|[from] item: Rocky Helmet|[of] p1a: Corviknight
|
|upkeep
|turn|19
|
|t:|1769326823
|move|p2a: Scizor|Bullet Punch|p1a: Corviknight
|-resisted|p1a: Corviknight
|-damage|p1a: Corviknight|0 fnt
|-damage|p2a: Scizor|0 fnt|[from] item: Rocky Helmet|[of] p1a: Corviknight
|faint|p1a: Corviknight
|faint|p2a: Scizor
|
|upkeep
|
|t:|1769326830
|switch|p1a: Slowking|Slowking-Galar, F|30/100
|switch|p2a: Typhlosion|Typhlosion, M|100/100
|-damage|p2a: Typhlosion|76/100|[from] Spikes
|turn|20
|
|t:|1769326841
|move|p2a: Typhlosion|Lava Plume|p1a: Slowking
|-damage|p1a: Slowking|0 fnt
|replace|p1a: Zoroark|Zoroark-Hisui, M
|-end|p1a: Zoroark|Illusion
|faint|p1a: Zoroark
|
|upkeep
|
|t:|1769326844
|switch|p1a: Slowking|Slowking-Galar, F|91/100
|turn|21
|
|t:|1769326849
|move|p2a: Typhlosion|Lava Plume|p1a: Slowking
|-damage|p1a: Slowking|68/100
|-status|p1a: Slowking|brn
|move|p1a: Slowking|Sludge Bomb|p2a: Typhlosion
|-damage|p2a: Typhlosion|29/100
|
|-damage|p1a: Slowking|62/100 brn|[from] brn
|upkeep
|turn|22
|
|t:|1769326858
|move|p2a: Typhlosion|Lava Plume|p1a: Slowking
|-damage|p1a: Slowking|27/100 brn
|move|p1a: Slowking|Sludge Bomb|p2a: Typhlosion
|-damage|p2a: Typhlosion|0 fnt
|faint|p2a: Typhlosion
|
|win|Sirgeust
|raw|Sirgeust's rating: 1401 &rarr; <strong>1419</strong><br />(+18 for winning)
|raw|preppy dude's rating: 1372 &rarr; <strong>1354</strong><br />(-18 for losing)
|l|☆Sirgeust
|player|p1|
|c|☆preppy dude|Gg
|l|☆preppy dude
|player|p2|
