|j|☆EleaRosea
|j|☆fraaaxn
|t:|1769391394
|gametype|singles
|player|p1|EleaRosea|harmony|1557
|player|p2|fraaaxn|2|1610
|gen|9
|tier|[Gen 9] OU
|rated|
|rule|HP Percentage Mod: HP is shown in percentages
|rule|Endless Battle Clause: Forcing endless battles is banned
|rule|Species Clause: Limit one of each Pokémon
|rule|OHKO Clause: OHKO moves are banned
|rule|Evasion Items Clause: Evasion items are banned
|rule|Evasion Moves Clause: Evasion moves are banned
|rule|Evasion Abilities Clause: Evasion abilities are banned
|rule|Sleep Moves Clause: Sleep-inducing moves are banned
|clearpoke
|poke|p1|Great Tusk|
|poke|p1|Heatran, F|
|poke|p1|Weavile, F|
|poke|p1|Primarina, F|
|poke|p1|Ogerpon, F|
|poke|p1|Pecharunt|
|poke|p2|Tyranitar, M|
|poke|p2|Excadrill, F|
|poke|p2|Iron Valiant|
|poke|p2|Zapdos|
|poke|p2|Ogerpon, F|
|poke|p2|Toxapex, M|
|teampreview
|inactive|Battle timer is ON: inactive players will automatically lose when time's up. (requested by fraaaxn)
|
|t:|1769391414
|teamsize|p1|6
|teamsize|p2|6
|start
|switch|p1a: Bandit|Weavile, F, shiny|100/100
|switch|p2a: Ogerpon|Ogerpon, F|100/100
|-ability|p1a: Bandit|Pressure
|turn|1
|
|t:|1769391422
|-terastallize|p2a: Ogerpon|Grass
|detailschange|p2a: Ogerpon|Ogerpon-Teal-Tera, F, tera:Grass
|-ability|p2a: Ogerpon|Embody Aspect (Teal)|boost
|-boost|p2a: Ogerpon|spe|1
|move|p2a: Ogerpon|U-turn|p1a: Bandit
|-supereffective|p1a: Bandit
|-damage|p1a: Bandit|0 fnt
|faint|p1a: Bandit
|
|t:|1769391434
|switch|p2a: Tyranitar|Tyranitar, M|100/100|[from] U-turn
|-weather|Sandstorm|[from] ability: Sand Stream|[of] p2a: Tyranitar
|
|-weather|Sandstorm|[upkeep]
|upkeep
|
|t:|1769391445
|switch|p1a: Anonymous|Ogerpon, F|100/100
|turn|2
|
|t:|1769391451
|switch|p2a: Zapdos|Zapdos|100/100
|-terastallize|p1a: Anonymous|Grass
|detailschange|p1a: Anonymous|Ogerpon-Teal-Tera, F, tera:Grass
|-ability|p1a: Anonymous|Embody Aspect (Teal)|boost
|-boost|p1a: Anonymous|spe|1
|move|p1a: Anonymous|Ivy Cudgel|p2a: Zapdos
|-resisted|p2a: Zapdos
|-damage|p2a: Zapdos|46/100
|
|-weather|Sandstorm|[upkeep]
|-damage|p1a: Anonymous|95/100|[from] Sandstorm
|-damage|p2a: Zapdos|39/100|[from] Sandstorm
|upkeep
|turn|3
|
|t:|1769391468
|move|p1a: Anonymous|Ivy Cudgel|p2a: Zapdos
|-resisted|p2a: Zapdos
|-damage|p2a: Zapdos|0 fnt
|faint|p2a: Zapdos
|
|-weather|Sandstorm|[upkeep]
|-damage|p1a: Anonymous|89/100|[from] Sandstorm
|upkeep
|c|☆EleaRosea|the battle of the pons
|
|t:|1769391474
|switch|p2a: Ogerpon|Ogerpon-Teal-Tera, F, tera:Grass|100/100
|-ability|p2a: Ogerpon|Embody Aspect (Teal)|boost
|-boost|p2a: Ogerpon|spe|1
|turn|4
|
|t:|1769391479
|switch|p1a: Overseer|Pecharunt|100/100
|move|p2a: Ogerpon|Low Kick|p1a: Overseer
|-immune|p1a: Overseer
|
|-weather|Sandstorm|[upkeep]
|-damage|p2a: Ogerpon|95/100|[from] Sandstorm
|-damage|p1a: Overseer|94/100|[from] Sandstorm
|upkeep
|turn|5
|
|t:|1769391486
|switch|p2a: Tyranitar|Tyranitar, M|100/100
|move|p1a: Overseer|Parting Shot|p2a: Tyranitar
|-unboost|p2a: Tyranitar|atk|1
|-unboost|p2a: Tyranitar|spa|1
|
|t:|1769391489
|switch|p1a: Anonymous|Ogerpon-Teal-Tera, F, tera:Grass|89/100|[from] Parting Shot
|-ability|p1a: Anonymous|Embody Aspect (Teal)|boost
|-boost|p1a: Anonymous|spe|1
|
|-weather|Sandstorm|[upkeep]
|-damage|p1a: Anonymous|83/100|[from] Sandstorm
|upkeep
|turn|6
|
|t:|1769391493
|switch|p2a: Toxapex|Toxapex, M|100/100
|move|p1a: Anonymous|Ivy Cudgel|p2a: Toxapex
|-damage|p2a: Toxapex|22/100
|-enditem|p2a: Toxapex|Eject Button
|
|t:|1769391495
|switch|p2a: Ogerpon|Ogerpon-Teal-Tera, F, tera:Grass|95/100
|-ability|p2a: Ogerpon|Embody Aspect (Teal)|boost
|-boost|p2a: Ogerpon|spe|1
|
|-weather|Sandstorm|[upkeep]
|-damage|p1a: Anonymous|77/100|[from] Sandstorm
|-damage|p2a: Ogerpon|89/100|[from] Sandstorm
|upkeep
|turn|7
|
|t:|1769391520
|switch|p1a: Overseer|Pecharunt|94/100
|move|p2a: Ogerpon|U-turn|p1a: Overseer
|-resisted|p1a: Overseer
|-damage|p1a: Overseer|91/100
|-damage|p2a: Ogerpon|72/100|[from] item: Rocky Helmet|[of] p1a: Overseer
|
|t:|1769391523
|switch|p2a: Excadrill|Excadrill, F|100/100|[from] U-turn
|
|-weather|Sandstorm|[upkeep]
|-damage|p1a: Overseer|85/100|[from] Sandstorm
|upkeep
|turn|8
|
|t:|1769391532
|switch|p1a: Chaos|Heatran, F, shiny|100/100
|-item|p1a: Chaos|Air Balloon
|move|p2a: Excadrill|Substitute|p2a: Excadrill
|-start|p2a: Excadrill|Substitute
|-damage|p2a: Excadrill|76/100
|
|-weather|none
|-heal|p2a: Excadrill|82/100|[from] item: Leftovers
|upkeep
|turn|9
|
|t:|1769391536
|move|p1a: Chaos|Earth Power|p2a: Excadrill
|-supereffective|p2a: Excadrill
|-end|p2a: Excadrill|Substitute
|move|p2a: Excadrill|Rapid Spin|p1a: Chaos
|-resisted|p1a: Chaos
|-damage|p1a: Chaos|91/100
|-boost|p2a: Excadrill|spe|1
|-enditem|p1a: Chaos|Air Balloon
|
|-heal|p2a: Excadrill|88/100|[from] item: Leftovers
|upkeep
|turn|10
|
|t:|1769391540
|switch|p1a: Behemoth|Great Tusk, shiny|100/100
|move|p2a: Excadrill|Substitute|p2a: Excadrill
|-start|p2a: Excadrill|Substitute
|-damage|p2a: Excadrill|63/100
|
|-heal|p2a: Excadrill|69/100|[from] item: Leftovers
|upkeep
|turn|11
|
|t:|1769391546
|move|p2a: Excadrill|Earthquake|p1a: Behemoth
|-damage|p1a: Behemoth|58/100
|move|p1a: Behemoth|Ice Spinner|p2a: Excadrill
|-end|p2a: Excadrill|Substitute
|
|-heal|p2a: Excadrill|75/100|[from] item: Leftovers
|upkeep
|turn|12
|
|t:|1769391554
|switch|p2a: Iron Valiant|Iron Valiant|100/100
|move|p1a: Behemoth|Close Combat|p2a: Iron Valiant
|-resisted|p2a: Iron Valiant
|-damage|p2a: Iron Valiant|60/100
|-unboost|p1a: Behemoth|def|1
|-unboost|p1a: Behemoth|spd|1
|
|upkeep
|turn|13
|
|t:|1769391560
|-end|p1a: Behemoth|Protosynthesis|[silent]
|switch|p1a: Chaos|Heatran, F, shiny|91/100
|move|p2a: Iron Valiant|Shadow Ball|p1a: Chaos
|-damage|p1a: Chaos|48/100
|
|upkeep
|turn|14
|
|t:|1769391571
|-end|p2a: Iron Valiant|Quark Drive|[silent]
|switch|p2a: Excadrill|Excadrill, F|75/100
|switch|p1a: Celestine|Primarina, F, shiny|100/100
|
|-heal|p2a: Excadrill|81/100|[from] item: Leftovers
|upkeep
|turn|15
|
|t:|1769391578
|switch|p2a: Toxapex|Toxapex, M|55/100
|move|p1a: Celestine|Flip Turn|p2a: Toxapex
|-resisted|p2a: Toxapex
|-damage|p2a: Toxapex|49/100
|
|t:|1769391581
|switch|p1a: Anonymous|Ogerpon-Teal-Tera, F, tera:Grass|77/100|[from] Flip Turn
|-ability|p1a: Anonymous|Embody Aspect (Teal)|boost
|-boost|p1a: Anonymous|spe|1
|
|upkeep
|turn|16
|
|t:|1769391592
|move|p1a: Anonymous|Ivy Cudgel|p2a: Toxapex
|-damage|p2a: Toxapex|0 fnt
|faint|p2a: Toxapex
|
|upkeep
|
|t:|1769391594
|switch|p2a: Ogerpon|Ogerpon-Teal-Tera, F, tera:Grass|72/100
|-ability|p2a: Ogerpon|Embody Aspect (Teal)|boost
|-boost|p2a: Ogerpon|spe|1
|turn|17
|
|t:|1769391598
|switch|p1a: Overseer|Pecharunt|85/100
|move|p2a: Ogerpon|U-turn|p1a: Overseer
|-resisted|p1a: Overseer
|-damage|p1a: Overseer|80/100
|-damage|p2a: Ogerpon|55/100|[from] item: Rocky Helmet|[of] p1a: Overseer
|
|t:|1769391617
|switch|p2a: Excadrill|Excadrill, F|81/100|[from] U-turn
|
|-heal|p2a: Excadrill|87/100|[from] item: Leftovers
|upkeep
|turn|18
|
|t:|1769391620
|move|p2a: Excadrill|Earthquake|p1a: Overseer
|-supereffective|p1a: Overseer
|-damage|p1a: Overseer|22/100
|move|p1a: Overseer|Parting Shot|p2a: Excadrill
|-unboost|p2a: Excadrill|atk|1
|-unboost|p2a: Excadrill|spa|1
|
|t:|1769391630
|switch|p1a: Anonymous|Ogerpon-Teal-Tera, F, tera:Grass|77/100|[from] Parting Shot
|-ability|p1a: Anonymous|Embody Aspect (Teal)|boost
|-boost|p1a: Anonymous|spe|1
|
|-heal|p2a: Excadrill|93/100|[from] item: Leftovers
|upkeep
|turn|19
|
|t:|1769391636
|switch|p2a: Tyranitar|Tyranitar, M|100/100
|-weather|Sandstorm|[from] ability: Sand Stream|[of] p2a: Tyranitar
|move|p1a: Anonymous|Ivy Cudgel|p2a: Tyranitar
|-supereffective|p2a: Tyranitar
|-crit|p2a: Tyranitar
|-damage|p2a: Tyranitar|0 fnt
|faint|p2a: Tyranitar
|
|-weather|Sandstorm|[upkeep]
|-damage|p1a: Anonymous|71/100|[from] Sandstorm
|upkeep
|
|t:|1769391639
|switch|p2a: Ogerpon|Ogerpon-Teal-Tera, F, tera:Grass|55/100
|-ability|p2a: Ogerpon|Embody Aspect (Teal)|boost
|-boost|p2a: Ogerpon|spe|1
|turn|20
|
|t:|1769391653
|move|p2a: Ogerpon|U-turn|p1a: Anonymous
|-supereffective|p1a: Anonymous
|-crit|p1a: Anonymous
|-damage|p1a: Anonymous|0 fnt
|faint|p1a: Anonymous
|detailschange|p1: Anonymous|Ogerpon, F|[silent]
|c|☆EleaRosea|shite
|
|t:|1769391663
|switch|p2a: Iron Valiant|Iron Valiant|60/100|[from] U-turn
|
|-weather|Sandstorm|[upkeep]
|-damage|p2a: Iron Valiant|53/100|[from] Sandstorm
|upkeep
|
|t:|1769391667
|switch|p1a: Celestine|Primarina, F, shiny|100/100
|turn|21
|
|t:|1769391677
|move|p2a: Iron Valiant|Moonblast|p1a: Celestine
|-damage|p1a: Celestine|63/100
|move|p1a: Celestine|Psychic Noise|p2a: Iron Valiant
|-damage|p2a: Iron Valiant|0 fnt
|faint|p2a: Iron Valiant
|-end|p2a: Iron Valiant|Quark Drive|[silent]
|
|-weather|Sandstorm|[upkeep]
|-damage|p1a: Celestine|57/100|[from] Sandstorm
|upkeep
|
|t:|1769391680
|switch|p2a: Ogerpon|Ogerpon-Teal-Tera, F, tera:Grass|55/100
|-ability|p2a: Ogerpon|Embody Aspect (Teal)|boost
|-boost|p2a: Ogerpon|spe|1
|turn|22
|
|t:|1769391691
|switch|p1a: Overseer|Pecharunt|22/100
|move|p2a: Ogerpon|Ivy Cudgel|p1a: Overseer
|-resisted|p1a: Overseer
|-damage|p1a: Overseer|0 fnt
|faint|p1a: Overseer
|
|-weather|Sandstorm|[upkeep]
|-damage|p2a: Ogerpon|49/100|[from] Sandstorm
|upkeep
|
|t:|1769391693
|switch|p1a: Chaos|Heatran, F, shiny|48/100
|turn|23
|
|t:|1769391712
|move|p2a: Ogerpon|Ivy Cudgel|p1a: Chaos
|-resisted|p1a: Chaos
|-crit|p1a: Chaos
|-damage|p1a: Chaos|14/100
|move|p1a: Chaos|Magma Storm|p2a: Ogerpon
|-supereffective|p2a: Ogerpon
|-damage|p2a: Ogerpon|0 fnt
|faint|p2a: Ogerpon
|detailschange|p2: Ogerpon|Ogerpon, F|[silent]
|
|-weather|Sandstorm|[upkeep]
|upkeep
|
|t:|1769391715
|switch|p2a: Excadrill|Excadrill, F|93/100
|turn|24
|
|t:|1769391726
|move|p2a: Excadrill|Earthquake|p1a: Chaos
|-supereffective|p1a: Chaos
|-damage|p1a: Chaos|0 fnt
|faint|p1a: Chaos
|
|-weather|Sandstorm|[upkeep]
|-heal|p2a: Excadrill|99/100|[from] item: Leftovers
|upkeep
|
|t:|1769391730
|switch|p1a: Behemoth|Great Tusk, shiny|58/100
|turn|25
|
|t:|1769391734
|move|p2a: Excadrill|Earthquake|p1a: Behemoth
|-damage|p1a: Behemoth|12/100
|move|p1a: Behemoth|Close Combat|p2a: Excadrill
|-supereffective|p2a: Excadrill
|-damage|p2a: Excadrill|0 fnt
|-unboost|p1a: Behemoth|def|1
|-unboost|p1a: Behemoth|spd|1
|faint|p2a: Excadrill
|
|win|EleaRosea
|raw|EleaRosea's rating: 1557 &rarr; <strong>1580</strong><br />(+23 for winning)
|raw|fraaaxn's rating: 1610 &rarr; <strong>1587</strong><br />(-23 for losing)
|l|☆fraaaxn
|player|p2|
|c|☆EleaRosea|gg
