|j|☆labeys
|j|☆CambridgeFoulPlay
|t:|1769375355
|gametype|singles
|player|p1|labeys|sordward|1697
|player|p2|CambridgeFoulPlay|266|1777
|gen|9
|tier|[Gen 9] OU
|rated|
|rule|HP Percentage Mod: HP is shown in percentages
|rule|Endless Battle Clause: Forcing endless battles is banned
|rule|Species Clause: Limit one of each Pokémon
|rule|OHKO Clause: OHKO moves are banned
|rule|Evasion Items Clause: Evasion items are banned
|rule|Evasion Moves Clause: Evasion moves are banned
|rule|Evasion Abilities Clause: Evasion abilities are banned
|rule|Sleep Moves Clause: Sleep-inducing moves are banned
|clearpoke
|poke|p1|Samurott-Hisui, F|
|poke|p1|Iron Treads|
|poke|p1|Iron Valiant|
|poke|p1|Zapdos|
|poke|p1|Iron Moth|
|poke|p1|Skeledirge, M|
|poke|p2|Hydrapple, M|
|poke|p2|Tyranitar, F|
|poke|p2|Moltres|
|poke|p2|Zamazenta-*|
|poke|p2|Slowking-Galar, F|
|poke|p2|Excadrill, F|
|teampreview
|inactive|Battle timer is ON: inactive players will automatically lose when time's up. (requested by labeys)
|c|☆CambridgeFoulPlay|hf
|inactive|CambridgeFoulPlay also wants the timer to be on.
|
|t:|1769375360
|teamsize|p1|6
|teamsize|p2|6
|start
|switch|p1a: Iron Moth|Iron Moth|100/100
|switch|p2a: Tyranitar|Tyranitar, F|100/100
|-weather|Sandstorm|[from] ability: Sand Stream|[of] p2a: Tyranitar
|turn|1
|c|☆labeys|hf
|
|t:|1769375375
|-end|p1a: Iron Moth|Quark Drive|[silent]
|switch|p1a: Zapdos|Zapdos|100/100
|move|p2a: Tyranitar|Knock Off|p1a: Zapdos
|-crit|p1a: Zapdos
|-damage|p1a: Zapdos|56/100
|-status|p2a: Tyranitar|par|[from] ability: Static|[of] p1a: Zapdos
|-enditem|p1a: Zapdos|Terrain Extender|[from] move: Knock Off|[of] p2a: Tyranitar
|
|-weather|Sandstorm|[upkeep]
|-damage|p1a: Zapdos|50/100|[from] Sandstorm
|upkeep
|turn|2
|
|t:|1769375379
|move|p1a: Zapdos|Roost|p1a: Zapdos
|-heal|p1a: Zapdos|99/100
|-singleturn|p1a: Zapdos|move: Roost
|cant|p2a: Tyranitar|par
|
|-weather|Sandstorm|[upkeep]
|-damage|p1a: Zapdos|94/100|[from] Sandstorm
|upkeep
|turn|3
|
|t:|1769375384
|move|p1a: Zapdos|Hurricane|p2a: Tyranitar
|-resisted|p2a: Tyranitar
|-damage|p2a: Tyranitar|91/100 par
|move|p2a: Tyranitar|Knock Off|p1a: Zapdos
|-damage|p1a: Zapdos|75/100
|
|-weather|Sandstorm|[upkeep]
|-damage|p1a: Zapdos|69/100|[from] Sandstorm
|upkeep
|turn|4
|
|t:|1769375387
|move|p1a: Zapdos|Hurricane|p2a: Tyranitar|[miss]
|-miss|p1a: Zapdos|p2a: Tyranitar
|cant|p2a: Tyranitar|par
|
|-weather|Sandstorm|[upkeep]
|-damage|p1a: Zapdos|62/100|[from] Sandstorm
|upkeep
|turn|5
|
|t:|1769375389
|move|p1a: Zapdos|Roost|p1a: Zapdos
|-heal|p1a: Zapdos|100/100
|-singleturn|p1a: Zapdos|move: Roost
|move|p2a: Tyranitar|Stealth Rock|p1a: Zapdos
|-sidestart|p1: labeys|move: Stealth Rock
|
|-weather|Sandstorm|[upkeep]
|-damage|p1a: Zapdos|94/100|[from] Sandstorm
|upkeep
|turn|6
|
|t:|1769375393
|move|p1a: Zapdos|Hurricane|p2a: Tyranitar
|-resisted|p2a: Tyranitar
|-damage|p2a: Tyranitar|82/100 par
|-start|p2a: Tyranitar|confusion
|-activate|p2a: Tyranitar|confusion
|move|p2a: Tyranitar|Ice Beam|p1a: Zapdos
|-supereffective|p1a: Zapdos
|-damage|p1a: Zapdos|54/100
|
|-weather|Sandstorm|[upkeep]
|-damage|p1a: Zapdos|47/100|[from] Sandstorm
|upkeep
|turn|7
|
|t:|1769375397
|switch|p2a: Excadrill|Excadrill, F|100/100
|-item|p2a: Excadrill|Air Balloon
|move|p1a: Zapdos|Roost|p1a: Zapdos
|-heal|p1a: Zapdos|97/100
|-singleturn|p1a: Zapdos|move: Roost
|
|-weather|Sandstorm|[upkeep]
|-damage|p1a: Zapdos|91/100|[from] Sandstorm
|upkeep
|turn|8
|
|t:|1769375400
|move|p2a: Excadrill|Swords Dance|p2a: Excadrill
|-boost|p2a: Excadrill|atk|2
|move|p1a: Zapdos|Hurricane|p2a: Excadrill
|-resisted|p2a: Excadrill
|-damage|p2a: Excadrill|68/100
|-enditem|p2a: Excadrill|Air Balloon
|
|-weather|none
|upkeep
|turn|9
|
|t:|1769375406
|move|p2a: Excadrill|Iron Head|p1a: Zapdos
|-resisted|p1a: Zapdos
|-damage|p1a: Zapdos|63/100
|cant|p1a: Zapdos|flinch
|
|upkeep
|turn|10
|
|t:|1769375409
|move|p2a: Excadrill|Iron Head|p1a: Zapdos
|-resisted|p1a: Zapdos
|-damage|p1a: Zapdos|35/100
|-status|p2a: Excadrill|par|[from] ability: Static|[of] p1a: Zapdos
|move|p1a: Zapdos|Roost|p1a: Zapdos
|-heal|p1a: Zapdos|85/100
|-singleturn|p1a: Zapdos|move: Roost
|
|upkeep
|turn|11
|
|t:|1769375411
|switch|p1a: Samurott|Samurott-Hisui, F|100/100
|-damage|p1a: Samurott|88/100|[from] Stealth Rock
|move|p2a: Excadrill|Iron Head|p1a: Samurott
|-resisted|p1a: Samurott
|-damage|p1a: Samurott|31/100
|
|upkeep
|turn|12
|
|t:|1769375417
|switch|p2a: Zamazenta|Zamazenta|100/100
|-ability|p2a: Zamazenta|Dauntless Shield|boost
|-boost|p2a: Zamazenta|def|1
|move|p1a: Samurott|Ceaseless Edge|p2a: Zamazenta|[miss]
|-miss|p1a: Samurott|p2a: Zamazenta
|
|upkeep
|turn|13
|
|t:|1769375421
|switch|p1a: Skeledirge|Skeledirge, M|100/100
|-damage|p1a: Skeledirge|75/100|[from] Stealth Rock
|move|p2a: Zamazenta|Body Press|p1a: Skeledirge
|-immune|p1a: Skeledirge
|
|-heal|p1a: Skeledirge|82/100|[from] item: Leftovers
|upkeep
|turn|14
|
|t:|1769375424
|move|p1a: Skeledirge|Will-O-Wisp|p2a: Zamazenta
|-status|p2a: Zamazenta|brn
|move|p2a: Zamazenta|Roar|p1a: Skeledirge
|drag|p1a: Iron Valiant|Iron Valiant|100/100
|-damage|p1a: Iron Valiant|94/100|[from] Stealth Rock
|
|-damage|p2a: Zamazenta|94/100 brn|[from] brn
|upkeep
|turn|15
|
|t:|1769375431
|switch|p2a: Slowking|Slowking-Galar, F|100/100
|-end|p1a: Iron Valiant|Quark Drive|[silent]
|switch|p1a: Zapdos|Zapdos|85/100
|-damage|p1a: Zapdos|60/100|[from] Stealth Rock
|
|upkeep
|turn|16
|
|t:|1769375434
|move|p1a: Zapdos|Volt Switch|p2a: Slowking
|-damage|p2a: Slowking|86/100
|
|t:|1769375437
|switch|p1a: Iron Moth|Iron Moth|100/100|[from] Volt Switch
|-damage|p1a: Iron Moth|75/100|[from] Stealth Rock
|move|p2a: Slowking|Flamethrower|p1a: Iron Moth
|-resisted|p1a: Iron Moth
|-damage|p1a: Iron Moth|65/100
|
|upkeep
|turn|17
|
|t:|1769375444
|-end|p1a: Iron Moth|Quark Drive|[silent]
|switch|p1a: Samurott|Samurott-Hisui, F|31/100
|-damage|p1a: Samurott|19/100|[from] Stealth Rock
|move|p2a: Slowking|Psyshock|p1a: Samurott
|-immune|p1a: Samurott
|
|upkeep
|turn|18
|
|t:|1769375449
|switch|p2a: Zamazenta|Zamazenta|94/100 brn
|move|p1a: Samurott|Razor Shell|p2a: Zamazenta
|-damage|p2a: Zamazenta|40/100 brn
|
|-heal|p2a: Zamazenta|46/100 brn|[from] item: Leftovers
|-damage|p2a: Zamazenta|40/100 brn|[from] brn
|upkeep
|turn|19
|
|t:|1769375453
|switch|p1a: Zapdos|Zapdos|60/100
|-damage|p1a: Zapdos|35/100|[from] Stealth Rock
|move|p2a: Zamazenta|Roar|p1a: Zapdos
|drag|p1a: Skeledirge|Skeledirge, M|82/100
|-damage|p1a: Skeledirge|57/100|[from] Stealth Rock
|
|-heal|p2a: Zamazenta|46/100 brn|[from] item: Leftovers
|-heal|p1a: Skeledirge|63/100|[from] item: Leftovers
|-damage|p2a: Zamazenta|40/100 brn|[from] brn
|upkeep
|turn|20
|
|t:|1769375456
|switch|p2a: Tyranitar|Tyranitar, F|82/100 par
|-weather|Sandstorm|[from] ability: Sand Stream|[of] p2a: Tyranitar
|move|p1a: Skeledirge|Slack Off|p1a: Skeledirge
|-heal|p1a: Skeledirge|100/100
|
|-weather|Sandstorm|[upkeep]
|-damage|p1a: Skeledirge|94/100|[from] Sandstorm
|-heal|p1a: Skeledirge|100/100|[from] item: Leftovers
|upkeep
|turn|21
|
|t:|1769375483
|switch|p1a: Iron Valiant|Iron Valiant|94/100
|-damage|p1a: Iron Valiant|88/100|[from] Stealth Rock
|move|p2a: Tyranitar|Knock Off|p1a: Iron Valiant
|-resisted|p1a: Iron Valiant
|-damage|p1a: Iron Valiant|75/100
|-enditem|p1a: Iron Valiant|Life Orb|[from] move: Knock Off|[of] p2a: Tyranitar
|
|-weather|Sandstorm|[upkeep]
|-damage|p1a: Iron Valiant|68/100|[from] Sandstorm
|upkeep
|turn|22
|
|t:|1769375492
|switch|p2a: Moltres|Moltres|100/100
|move|p1a: Iron Valiant|Knock Off|p2a: Moltres
|-damage|p2a: Moltres|77/100
|-enditem|p2a: Moltres|Heavy-Duty Boots|[from] move: Knock Off|[of] p1a: Iron Valiant
|
|-weather|Sandstorm|[upkeep]
|-damage|p1a: Iron Valiant|62/100|[from] Sandstorm
|-damage|p2a: Moltres|71/100|[from] Sandstorm
|upkeep
|turn|23
|
|t:|1769375497
|move|p1a: Iron Valiant|Destiny Bond|p1a: Iron Valiant
|-singlemove|p1a: Iron Valiant|Destiny Bond
|move|p2a: Moltres|Roost|p2a: Moltres
|-heal|p2a: Moltres|100/100
|-singleturn|p2a: Moltres|move: Roost
|
|-weather|Sandstorm|[upkeep]
|-damage|p1a: Iron Valiant|56/100|[from] Sandstorm
|-damage|p2a: Moltres|94/100|[from] Sandstorm
|upkeep
|turn|24
|
|t:|1769375509
|-end|p1a: Iron Valiant|Quark Drive|[silent]
|switch|p1a: Iron Moth|Iron Moth|65/100
|-damage|p1a: Iron Moth|40/100|[from] Stealth Rock
|move|p2a: Moltres|Flamethrower|p1a: Iron Moth
|-resisted|p1a: Iron Moth
|-damage|p1a: Iron Moth|23/100
|
|-weather|Sandstorm|[upkeep]
|-damage|p1a: Iron Moth|17/100|[from] Sandstorm
|-damage|p2a: Moltres|88/100|[from] Sandstorm
|upkeep
|turn|25
|
|t:|1769375513
|move|p1a: Iron Moth|Sludge Wave|p2a: Moltres
|-damage|p2a: Moltres|19/100
|move|p2a: Moltres|Roost|p2a: Moltres
|-heal|p2a: Moltres|69/100
|-singleturn|p2a: Moltres|move: Roost
|
|-weather|Sandstorm|[upkeep]
|-damage|p1a: Iron Moth|11/100|[from] Sandstorm
|-damage|p2a: Moltres|63/100|[from] Sandstorm
|upkeep
|turn|26
|
|t:|1769375516
|switch|p2a: Excadrill|Excadrill, F|68/100 par
|move|p1a: Iron Moth|Sludge Wave|p2a: Excadrill
|-immune|p2a: Excadrill
|
|-weather|Sandstorm|[upkeep]
|-damage|p1a: Iron Moth|5/100|[from] Sandstorm
|upkeep
|turn|27
|
|t:|1769375519
|move|p1a: Iron Moth|Sludge Wave|p2a: Excadrill
|-immune|p2a: Excadrill
|cant|p2a: Excadrill|par
|
|-weather|none
|upkeep
|turn|28
|
|t:|1769375521
|move|p1a: Iron Moth|Sludge Wave|p2a: Excadrill
|-immune|p2a: Excadrill
|move|p2a: Excadrill|Earthquake|p1a: Iron Moth
|-supereffective|p1a: Iron Moth
|-damage|p1a: Iron Moth|0 fnt
|faint|p1a: Iron Moth
|-end|p1a: Iron Moth|Quark Drive|[silent]
|
|upkeep
|
|t:|1769375526
|switch|p1a: Iron Treads|Iron Treads|100/100
|turn|29
|
|t:|1769375529
|move|p1a: Iron Treads|Stealth Rock|p2a: Excadrill
|-sidestart|p2: CambridgeFoulPlay|move: Stealth Rock
|move|p2a: Excadrill|Earthquake|p1a: Iron Treads
|-supereffective|p1a: Iron Treads
|-damage|p1a: Iron Treads|15/100
|
|upkeep
|turn|30
|
|t:|1769375532
|move|p1a: Iron Treads|Rapid Spin|p2a: Excadrill
|-resisted|p2a: Excadrill
|-damage|p2a: Excadrill|58/100 par
|-boost|p1a: Iron Treads|spe|1
|-sideend|p1: labeys|Stealth Rock|[from] move: Rapid Spin|[of] p1a: Iron Treads
|move|p2a: Excadrill|Rapid Spin|p1a: Iron Treads
|-resisted|p1a: Iron Treads
|-damage|p1a: Iron Treads|8/100
|-boost|p2a: Excadrill|spe|1
|-sideend|p2: CambridgeFoulPlay|Stealth Rock|[from] move: Rapid Spin|[of] p2a: Excadrill
|
|upkeep
|turn|31
|
|t:|1769375538
|move|p1a: Iron Treads|Earthquake|p2a: Excadrill
|-supereffective|p2a: Excadrill
|-damage|p2a: Excadrill|0 fnt
|faint|p2a: Excadrill
|
|upkeep
|
|t:|1769375540
|switch|p2a: Hydrapple|Hydrapple, M|100/100
|turn|32
|
|t:|1769375542
|move|p1a: Iron Treads|Stealth Rock|p2a: Hydrapple
|-sidestart|p2: CambridgeFoulPlay|move: Stealth Rock
|move|p2a: Hydrapple|Fickle Beam|p1a: Iron Treads
|-resisted|p1a: Iron Treads
|-damage|p1a: Iron Treads|0 fnt
|faint|p1a: Iron Treads
|-end|p1a: Iron Treads|Quark Drive|[silent]
|
|upkeep
|
|t:|1769375546
|switch|p1a: Zapdos|Zapdos|35/100
|turn|33
|
|t:|1769375548
|move|p1a: Zapdos|Volt Switch|p2a: Hydrapple
|-resisted|p2a: Hydrapple
|-damage|p2a: Hydrapple|94/100
|
|t:|1769375554
|switch|p1a: Skeledirge|Skeledirge, M|100/100|[from] Volt Switch
|move|p2a: Hydrapple|Fickle Beam|p1a: Skeledirge
|-damage|p1a: Skeledirge|62/100
|
|-heal|p1a: Skeledirge|68/100|[from] item: Leftovers
|upkeep
|turn|34
|
|t:|1769375560
|switch|p2a: Tyranitar|Tyranitar, F|82/100 par
|-damage|p2a: Tyranitar|70/100 par|[from] Stealth Rock
|-weather|Sandstorm|[from] ability: Sand Stream|[of] p2a: Tyranitar
|move|p1a: Skeledirge|Slack Off|p1a: Skeledirge
|-heal|p1a: Skeledirge|100/100
|
|-weather|Sandstorm|[upkeep]
|-damage|p1a: Skeledirge|94/100|[from] Sandstorm
|-heal|p1a: Skeledirge|100/100|[from] item: Leftovers
|upkeep
|turn|35
|
|t:|1769375563
|switch|p1a: Iron Valiant|Iron Valiant|56/100
|move|p2a: Tyranitar|Ice Beam|p1a: Iron Valiant
|-damage|p1a: Iron Valiant|13/100
|
|-weather|Sandstorm|[upkeep]
|-damage|p1a: Iron Valiant|6/100|[from] Sandstorm
|upkeep
|turn|36
|
|t:|1769375566
|switch|p2a: Zamazenta|Zamazenta|40/100 brn
|-damage|p2a: Zamazenta|33/100 brn|[from] Stealth Rock
|move|p1a: Iron Valiant|Moonblast|p2a: Zamazenta
|-supereffective|p2a: Zamazenta
|-damage|p2a: Zamazenta|0 fnt
|faint|p2a: Zamazenta
|
|-weather|Sandstorm|[upkeep]
|-damage|p1a: Iron Valiant|0 fnt|[from] Sandstorm
|faint|p1a: Iron Valiant
|-end|p1a: Iron Valiant|Quark Drive|[silent]
|upkeep
|
|t:|1769375573
|switch|p2a: Tyranitar|Tyranitar, F|70/100 par
|switch|p1a: Samurott|Samurott-Hisui, F|19/100
|-damage|p2a: Tyranitar|58/100 par|[from] Stealth Rock
|turn|37
|
|t:|1769375576
|move|p1a: Samurott|Ceaseless Edge|p2a: Tyranitar
|-resisted|p2a: Tyranitar
|-damage|p2a: Tyranitar|31/100 par
|-sidestart|p2: CambridgeFoulPlay|Spikes
|move|p2a: Tyranitar|Knock Off|p1a: Samurott
|-resisted|p1a: Samurott
|-damage|p1a: Samurott|0 fnt
|-enditem|p1a: Samurott|Choice Band|[from] move: Knock Off|[of] p2a: Tyranitar
|faint|p1a: Samurott
|
|-weather|Sandstorm|[upkeep]
|upkeep
|j| RNG Savage
|
|t:|1769375583
|switch|p1a: Zapdos|Zapdos|35/100
|turn|38
|
|t:|1769375584
|move|p1a: Zapdos|Roost|p1a: Zapdos
|-heal|p1a: Zapdos|85/100
|-singleturn|p1a: Zapdos|move: Roost
|move|p2a: Tyranitar|Stealth Rock|p1a: Zapdos
|-sidestart|p1: labeys|move: Stealth Rock
|
|-weather|Sandstorm|[upkeep]
|-damage|p1a: Zapdos|78/100|[from] Sandstorm
|upkeep
|turn|39
|
|t:|1769375586
|move|p1a: Zapdos|Hurricane|p2a: Tyranitar
|-resisted|p2a: Tyranitar
|-damage|p2a: Tyranitar|21/100 par
|cant|p2a: Tyranitar|par
|
|-weather|Sandstorm|[upkeep]
|-damage|p1a: Zapdos|72/100|[from] Sandstorm
|upkeep
|turn|40
|
|t:|1769375589
|move|p1a: Zapdos|Hurricane|p2a: Tyranitar
|-resisted|p2a: Tyranitar
|-damage|p2a: Tyranitar|11/100 par
|move|p2a: Tyranitar|Ice Beam|p1a: Zapdos
|-supereffective|p1a: Zapdos
|-damage|p1a: Zapdos|31/100
|
|-weather|Sandstorm|[upkeep]
|-damage|p1a: Zapdos|25/100|[from] Sandstorm
|upkeep
|turn|41
|
|t:|1769375591
|switch|p2a: Slowking|Slowking-Galar, F|100/100
|-damage|p2a: Slowking|88/100|[from] Stealth Rock
|-damage|p2a: Slowking|76/100|[from] Spikes
|move|p1a: Zapdos|Roost|p1a: Zapdos
|-heal|p1a: Zapdos|75/100
|-singleturn|p1a: Zapdos|move: Roost
|
|-weather|none
|upkeep
|turn|42
|
|t:|1769375594
|move|p1a: Zapdos|Hurricane|p2a: Slowking
|-damage|p2a: Slowking|52/100
|-start|p2a: Slowking|confusion
|-activate|p2a: Slowking|confusion
|-damage|p2a: Slowking|49/100|[from] confusion
|
|upkeep
|turn|43
|
|t:|1769375597
|move|p1a: Zapdos|Hurricane|p2a: Slowking|[miss]
|-miss|p1a: Zapdos|p2a: Slowking
|-activate|p2a: Slowking|confusion
|move|p2a: Slowking|Sludge Bomb|p1a: Zapdos
|-damage|p1a: Zapdos|45/100
|-status|p1a: Zapdos|psn
|
|-damage|p1a: Zapdos|32/100 psn|[from] psn
|upkeep
|turn|44
|
|t:|1769375599
|move|p1a: Zapdos|Hurricane|p2a: Slowking
|-damage|p2a: Slowking|24/100
|-activate|p2a: Slowking|confusion
|move|p2a: Slowking|Sludge Bomb|p1a: Zapdos
|-damage|p1a: Zapdos|0 fnt
|faint|p1a: Zapdos
|
|upkeep
|
|t:|1769375603
|switch|p1a: Skeledirge|Skeledirge, M|100/100
|-damage|p1a: Skeledirge|75/100|[from] Stealth Rock
|turn|45
|
|t:|1769375605
|switch|p2a: Tyranitar|Tyranitar, F|11/100 par
|-damage|p2a: Tyranitar|0 fnt|[from] Stealth Rock
|faint|p2a: Tyranitar
|move|p1a: Skeledirge|Torch Song|p2: Tyranitar|[notarget]
|-fail|p1a: Skeledirge
|
|-heal|p1a: Skeledirge|82/100|[from] item: Leftovers
|upkeep
|
|t:|1769375606
|switch|p2a: Hydrapple|Hydrapple, M|100/100
|turn|46
|
|t:|1769375609
|move|p1a: Skeledirge|Torch Song|p2a: Hydrapple
|-damage|p2a: Hydrapple|71/100
|-boost|p1a: Skeledirge|spa|1
|move|p2a: Hydrapple|Earth Power|p1a: Skeledirge
|-supereffective|p1a: Skeledirge
|-damage|p1a: Skeledirge|26/100
|
|-heal|p1a: Skeledirge|32/100|[from] item: Leftovers
|upkeep
|turn|47
|
|t:|1769375611
|move|p1a: Skeledirge|Slack Off|p1a: Skeledirge
|-heal|p1a: Skeledirge|82/100
|move|p2a: Hydrapple|Earth Power|p1a: Skeledirge
|-supereffective|p1a: Skeledirge
|-damage|p1a: Skeledirge|29/100
|
|-heal|p1a: Skeledirge|35/100|[from] item: Leftovers
|upkeep
|turn|48
|
|t:|1769375613
|move|p1a: Skeledirge|Torch Song|p2a: Hydrapple
|-damage|p2a: Hydrapple|25/100
|-boost|p1a: Skeledirge|spa|1
|move|p2a: Hydrapple|Earth Power|p1a: Skeledirge
|-supereffective|p1a: Skeledirge
|-damage|p1a: Skeledirge|0 fnt
|faint|p1a: Skeledirge
|
|win|CambridgeFoulPlay
|raw|labeys's rating: 1697 &rarr; <strong>1682</strong><br />(-15 for losing)
|raw|CambridgeFoulPlay's rating: 1777 &rarr; <strong>1792</strong><br />(+15 for winning)
|c|☆CambridgeFoulPlay|gg
