|j|☆Eggolego
|j|☆Keeplwh
|t:|1769324724
|gametype|singles
|player|p1|Eggolego|169|1110
|player|p2|Keeplwh|101|1104
|gen|9
|tier|[Gen 9] OU
|rated|
|rule|HP Percentage Mod: HP is shown in percentages
|rule|Endless Battle Clause: Forcing endless battles is banned
|rule|Species Clause: Limit one of each Pokémon
|rule|OHKO Clause: OHKO moves are banned
|rule|Evasion Items Clause: Evasion items are banned
|rule|Evasion Moves Clause: Evasion moves are banned
|rule|Evasion Abilities Clause: Evasion abilities are banned
|rule|Sleep Moves Clause: Sleep-inducing moves are banned
|clearpoke
|poke|p1|Lapras, F|
|poke|p1|Ursaring, M|
|poke|p1|Moltres-Galar|
|poke|p1|Swampert, F|
|poke|p1|Weezing-Galar, F|
|poke|p1|Heatran, M|
|poke|p2|Alomomola, F|
|poke|p2|Raging Bolt|
|poke|p2|Slowking-Galar, F|
|poke|p2|Braviary-Hisui, M|
|poke|p2|Great Tusk|
|poke|p2|Dragonite, F|
|teampreview
|
|t:|1769324759
|teamsize|p1|6
|teamsize|p2|6
|start
|switch|p1a: Swampert|Swampert, F|100/100
|switch|p2a: Dragonite|Dragonite, F|100/100
|turn|1
|
|t:|1769324767
|switch|p2a: Alomomola|Alomomola, F|100/100
|move|p1a: Swampert|Knock Off|p2a: Alomomola
|-damage|p2a: Alomomola|82/100
|-enditem|p2a: Alomomola|Leftovers|[from] move: Knock Off|[of] p1a: Swampert
|
|upkeep
|turn|2
|
|t:|1769324775
|switch|p1a: Lapras|Lapras, F|100/100
|move|p2a: Alomomola|Flip Turn|p1a: Lapras
|-immune|p1a: Lapras|[from] ability: Water Absorb
|
|upkeep
|turn|3
|
|t:|1769324782
|switch|p2a: Raging Bolt|Raging Bolt|100/100
|move|p1a: Lapras|Dragon Dance|p1a: Lapras
|-boost|p1a: Lapras|atk|1
|-boost|p1a: Lapras|spe|1
|
|upkeep
|turn|4
|
|t:|1769324790
|-terastallize|p1a: Lapras|Ground
|move|p1a: Lapras|Earthquake|p2a: Raging Bolt
|-supereffective|p2a: Raging Bolt
|-damage|p2a: Raging Bolt|0 fnt
|faint|p2a: Raging Bolt
|-end|p2a: Raging Bolt|Protosynthesis|[silent]
|
|upkeep
|
|t:|1769324794
|switch|p2a: Dragonite|Dragonite, F|100/100
|turn|5
|
|t:|1769324800
|move|p2a: Dragonite|Dragon Dance|p2a: Dragonite
|-boost|p2a: Dragonite|atk|1
|-boost|p2a: Dragonite|spe|1
|move|p1a: Lapras|Dragon Dance|p1a: Lapras
|-boost|p1a: Lapras|atk|1
|-boost|p1a: Lapras|spe|1
|
|upkeep
|turn|6
|
|t:|1769324808
|move|p1a: Lapras|Ice Shard|p2a: Dragonite
|-supereffective|p2a: Dragonite
|-damage|p2a: Dragonite|28/100
|move|p2a: Dragonite|Earthquake|p1a: Lapras
|-damage|p1a: Lapras|53/100
|
|-heal|p2a: Dragonite|34/100|[from] item: Leftovers
|-heal|p1a: Lapras|59/100|[from] item: Leftovers
|upkeep
|turn|7
|
|t:|1769324818
|-terastallize|p2a: Dragonite|Fire
|move|p1a: Lapras|Ice Shard|p2a: Dragonite
|-resisted|p2a: Dragonite
|-damage|p2a: Dragonite|14/100
|move|p2a: Dragonite|Earthquake|p1a: Lapras
|-damage|p1a: Lapras|13/100
|
|-heal|p2a: Dragonite|20/100|[from] item: Leftovers
|-heal|p1a: Lapras|20/100|[from] item: Leftovers
|upkeep
|turn|8
|
|t:|1769324824
|move|p2a: Dragonite|Extreme Speed|p1a: Lapras
|-damage|p1a: Lapras|0 fnt
|faint|p1a: Lapras
|
|-heal|p2a: Dragonite|27/100|[from] item: Leftovers
|upkeep
|
|t:|1769324827
|switch|p1a: Heatran|Heatran, M|100/100
|turn|9
|
|t:|1769324833
|move|p2a: Dragonite|Earthquake|p1a: Heatran
|-supereffective|p1a: Heatran
|-damage|p1a: Heatran|0 fnt
|faint|p1a: Heatran
|
|-heal|p2a: Dragonite|33/100|[from] item: Leftovers
|upkeep
|
|t:|1769324837
|switch|p1a: Weezing|Weezing-Galar, F|100/100
|turn|10
|
|t:|1769324850
|move|p2a: Dragonite|Extreme Speed|p1a: Weezing
|-damage|p1a: Weezing|63/100
|move|p1a: Weezing|Sludge Bomb|p2a: Dragonite
|-damage|p2a: Dragonite|0 fnt
|faint|p2a: Dragonite
|
|upkeep
|
|t:|1769324861
|switch|p2a: Braviary|Braviary-Hisui, M|100/100
|turn|11
|
|t:|1769324871
|switch|p1a: Ursaring|Ursaring, M|100/100
|move|p2a: Braviary|Hurricane|p1a: Ursaring
|-damage|p1a: Ursaring|34/100
|
|upkeep
|turn|12
|
|t:|1769324879
|move|p2a: Braviary|Psychic|p1a: Ursaring
|-damage|p1a: Ursaring|0 fnt
|faint|p1a: Ursaring
|
|upkeep
|
|t:|1769324882
|switch|p1a: Swampert|Swampert, F|100/100
|turn|13
|
|t:|1769324890
|move|p2a: Braviary|Psychic|p1a: Swampert
|-crit|p1a: Swampert
|-damage|p1a: Swampert|31/100
|move|p1a: Swampert|Knock Off|p2a: Braviary
|-supereffective|p2a: Braviary
|-damage|p2a: Braviary|51/100
|-enditem|p2a: Braviary|Life Orb|[from] move: Knock Off|[of] p1a: Swampert
|
|upkeep
|turn|14
|
|t:|1769324898
|move|p2a: Braviary|Hurricane|p1a: Swampert
|-damage|p1a: Swampert|0 fnt
|faint|p1a: Swampert
|
|upkeep
|
|t:|1769324901
|switch|p1a: Moltres|Moltres-Galar|100/100
|turn|15
|
|t:|1769324907
|move|p1a: Moltres|Fiery Wrath|p2a: Braviary
|-supereffective|p2a: Braviary
|-damage|p2a: Braviary|0 fnt
|faint|p2a: Braviary
|
|upkeep
|
|t:|1769324914
|switch|p2a: Great Tusk|Great Tusk|100/100
|-item|p2a: Great Tusk|Air Balloon
|turn|16
|
|t:|1769324917
|move|p1a: Moltres|Air Slash|p2a: Great Tusk
|-supereffective|p2a: Great Tusk
|-damage|p2a: Great Tusk|2/100
|-enditem|p2a: Great Tusk|Air Balloon
|move|p2a: Great Tusk|Ice Spinner|p1a: Moltres
|-supereffective|p1a: Moltres
|-damage|p1a: Moltres|57/100
|-enditem|p1a: Moltres|Weakness Policy
|-boost|p1a: Moltres|atk|2|[from] item: Weakness Policy
|-boost|p1a: Moltres|spa|2|[from] item: Weakness Policy
|
|upkeep
|turn|17
|
|t:|1769324925
|move|p1a: Moltres|Fiery Wrath|p2a: Great Tusk
|-resisted|p2a: Great Tusk
|-damage|p2a: Great Tusk|0 fnt
|faint|p2a: Great Tusk
|-end|p2a: Great Tusk|Protosynthesis|[silent]
|
|upkeep
|
|t:|1769324932
|switch|p2a: Alomomola|Alomomola, F|100/100
|turn|18
|
|t:|1769324936
|move|p1a: Moltres|Fiery Wrath|p2a: Alomomola
|-damage|p2a: Alomomola|32/100
|move|p2a: Alomomola|Mirror Coat|p1a: Moltres
|-immune|p1a: Moltres
|
|upkeep
|turn|19
|
|t:|1769324943
|move|p1a: Moltres|Fiery Wrath|p2a: Alomomola
|-damage|p2a: Alomomola|0 fnt
|faint|p2a: Alomomola
|
|upkeep
|
|t:|1769324945
|switch|p2a: Slowking|Slowking-Galar, F|100/100
|turn|20
|
|t:|1769324950
|move|p1a: Moltres|Fiery Wrath|p2a: Slowking
|-supereffective|p2a: Slowking
|-damage|p2a: Slowking|0 fnt
|faint|p2a: Slowking
|
|win|Eggolego
|raw|Eggolego's rating: 1110 &rarr; <strong>1135</strong><br />(+25 for winning)
|raw|Keeplwh's rating: 1104 &rarr; <strong>1079</strong><br />(-25 for losing)
|l|☆Keeplwh
|player|p2|
|l|☆Eggolego
|player|p1|
