|j|☆marco34789
|j|☆psyforce1011
|t:|1769299739
|gametype|singles
|player|p1|marco34789|265|1097
|player|p2|psyforce1011|101|1091
|gen|9
|tier|[Gen 9] OU
|rated|
|rule|HP Percentage Mod: HP is shown in percentages
|rule|Endless Battle Clause: Forcing endless battles is banned
|rule|Species Clause: Limit one of each Pokémon
|rule|OHKO Clause: OHKO moves are banned
|rule|Evasion Items Clause: Evasion items are banned
|rule|Evasion Moves Clause: Evasion moves are banned
|rule|Evasion Abilities Clause: Evasion abilities are banned
|rule|Sleep Moves Clause: Sleep-inducing moves are banned
|clearpoke
|poke|p1|Appletun, M|
|poke|p1|Cramorant, F|
|poke|p1|Dragonite, M|
|poke|p1|Iron Valiant|
|poke|p1|Garganacl, M|
|poke|p1|Vaporeon, M|
|poke|p2|Iron Treads|
|poke|p2|Zapdos-Galar|
|poke|p2|Kyurem|
|poke|p2|Ceruledge, M|
|poke|p2|Clefable, M|
|poke|p2|Slowking-Galar, F|
|teampreview
|
|t:|1769299746
|teamsize|p1|6
|teamsize|p2|6
|start
|switch|p1a: Cramorant|Cramorant, F|100/100
|switch|p2a: Kyurem|Kyurem|100/100
|-ability|p2a: Kyurem|Pressure
|turn|1
|inactive|Battle timer is ON: inactive players will automatically lose when time's up. (requested by marco34789)
|c|☆psyforce1011|gl hf
|
|t:|1769299763
|switch|p1a: Iron Valiant|Iron Valiant|100/100
|move|p2a: Kyurem|Freeze-Dry|p1a: Iron Valiant
|-damage|p1a: Iron Valiant|30/100
|
|upkeep
|turn|2
|
|t:|1769299774
|switch|p2a: Ceruledge|Ceruledge, M|100/100
|move|p1a: Iron Valiant|Psyshock|p2a: Ceruledge
|-damage|p2a: Ceruledge|45/100
|
|upkeep
|turn|3
|
|t:|1769299789
|-end|p1a: Iron Valiant|Quark Drive|[silent]
|switch|p1a: Vaporeon|Vaporeon, M|100/100
|-terastallize|p2a: Ceruledge|Ghost
|move|p2a: Ceruledge|Shadow Sneak|p1a: Vaporeon
|-damage|p1a: Vaporeon|63/100
|-damage|p2a: Ceruledge|35/100|[from] item: Life Orb
|
|upkeep
|turn|4
|
|t:|1769299802
|move|p2a: Ceruledge|Poltergeist|p1a: Vaporeon
|-activate|p1a: Vaporeon|move: Poltergeist|Wide Lens
|-damage|p1a: Vaporeon|0 fnt
|faint|p1a: Vaporeon
|-damage|p2a: Ceruledge|25/100|[from] item: Life Orb
|
|upkeep
|
|t:|1769299809
|switch|p1a: Dragonite|Dragonite, M|100/100
|turn|5
|
|t:|1769299815
|move|p2a: Ceruledge|Poltergeist|p1a: Dragonite
|-activate|p1a: Dragonite|move: Poltergeist|Loaded Dice
|-damage|p1a: Dragonite|46/100
|-damage|p2a: Ceruledge|15/100|[from] item: Life Orb
|move|p1a: Dragonite|Scale Shot|p2a: Ceruledge
|-damage|p2a: Ceruledge|0 fnt
|faint|p2a: Ceruledge
|-hitcount|p2: Ceruledge|1
|-unboost|p1a: Dragonite|def|1
|-boost|p1a: Dragonite|spe|1
|
|upkeep
|
|t:|1769299828
|switch|p2a: Iron Treads|Iron Treads|100/100
|turn|6
|
|t:|1769299833
|move|p1a: Dragonite|Fire Punch|p2a: Iron Treads
|-supereffective|p2a: Iron Treads
|-damage|p2a: Iron Treads|58/100
|move|p2a: Iron Treads|Knock Off|p1a: Dragonite
|-damage|p1a: Dragonite|8/100
|-enditem|p1a: Dragonite|Loaded Dice|[from] move: Knock Off|[of] p2a: Iron Treads
|
|-heal|p2a: Iron Treads|65/100|[from] item: Leftovers
|upkeep
|turn|7
|
|t:|1769299842
|move|p1a: Dragonite|Fire Punch|p2a: Iron Treads
|-supereffective|p2a: Iron Treads
|-damage|p2a: Iron Treads|22/100
|move|p2a: Iron Treads|Knock Off|p1a: Dragonite
|-damage|p1a: Dragonite|0 fnt
|faint|p1a: Dragonite
|
|-heal|p2a: Iron Treads|29/100|[from] item: Leftovers
|upkeep
|
|t:|1769299850
|switch|p1a: Cramorant|Cramorant, F|100/100
|turn|8
|
|t:|1769299856
|-end|p2a: Iron Treads|Quark Drive|[silent]
|switch|p2a: Kyurem|Kyurem|100/100
|-ability|p2a: Kyurem|Pressure
|move|p1a: Cramorant|Surf|p2a: Kyurem
|-formechange|p1a: Cramorant|Cramorant-Gulping|
|-resisted|p2a: Kyurem
|-damage|p2a: Kyurem|90/100
|
|upkeep
|turn|9
|
|t:|1769299868
|switch|p1a: Garganacl|Garganacl, M|100/100
|move|p2a: Kyurem|Freeze-Dry|p1a: Garganacl
|-damage|p1a: Garganacl|65/100
|
|upkeep
|turn|10
|
|t:|1769299879
|move|p2a: Kyurem|Earth Power|p1a: Garganacl
|-supereffective|p1a: Garganacl
|-damage|p1a: Garganacl|2/100
|move|p1a: Garganacl|Salt Cure|p2a: Kyurem
|-supereffective|p2a: Kyurem
|-damage|p2a: Kyurem|62/100
|-start|p2a: Kyurem|Salt Cure
|
|-damage|p2a: Kyurem|50/100|[from] Salt Cure
|upkeep
|turn|11
|
|t:|1769299889
|switch|p1a: Cramorant|Cramorant, F|100/100
|move|p2a: Kyurem|Ice Beam|p1a: Cramorant
|-damage|p1a: Cramorant|35/100
|
|-damage|p2a: Kyurem|38/100|[from] Salt Cure
|upkeep
|turn|12
|
|t:|1769299898
|move|p1a: Cramorant|Roost|p1a: Cramorant
|-heal|p1a: Cramorant|85/100
|-singleturn|p1a: Cramorant|move: Roost
|move|p2a: Kyurem|Freeze-Dry|p1a: Cramorant
|-supereffective|p1a: Cramorant
|-damage|p1a: Cramorant|0 fnt
|faint|p1a: Cramorant
|
|-damage|p2a: Kyurem|26/100|[from] Salt Cure
|upkeep
|
|t:|1769299912
|switch|p1a: Iron Valiant|Iron Valiant|30/100
|turn|13
|
|t:|1769299927
|switch|p2a: Slowking|Slowking-Galar, F|100/100
|move|p1a: Iron Valiant|Psyshock|p2a: Slowking
|-damage|p2a: Slowking|56/100
|
|upkeep
|turn|14
|
|t:|1769299935
|move|p1a: Iron Valiant|Psyshock|p2a: Slowking
|-damage|p2a: Slowking|18/100
|move|p2a: Slowking|Sludge Bomb|p1a: Iron Valiant
|-supereffective|p1a: Iron Valiant
|-crit|p1a: Iron Valiant
|-damage|p1a: Iron Valiant|0 fnt
|faint|p1a: Iron Valiant
|-end|p1a: Iron Valiant|Quark Drive|[silent]
|
|upkeep
|
|t:|1769299941
|switch|p1a: Appletun|Appletun, M|100/100
|turn|15
|
|t:|1769299947
|-terastallize|p1a: Appletun|Steel
|move|p1a: Appletun|Leech Seed|p2a: Slowking
|-start|p2a: Slowking|move: Leech Seed
|move|p2a: Slowking|Sludge Bomb|p1a: Appletun
|-immune|p1a: Appletun
|
|-damage|p2a: Slowking|5/100|[from] Leech Seed|[of] p1a: Appletun
|upkeep
|turn|16
|
|t:|1769299955
|move|p2a: Slowking|Future Sight|p1a: Appletun
|-start|p2a: Slowking|move: Future Sight
|move|p1a: Appletun|Apple Acid|p2a: Slowking
|-resisted|p2a: Slowking
|-damage|p2a: Slowking|0 fnt
|faint|p2a: Slowking
|
|upkeep
|
|t:|1769299960
|switch|p2a: Zapdos|Zapdos-Galar|100/100
|turn|17
|
|t:|1769299967
|move|p2a: Zapdos|Close Combat|p1a: Appletun
|-supereffective|p1a: Appletun
|-damage|p1a: Appletun|0 fnt
|-unboost|p2a: Zapdos|def|1
|-unboost|p2a: Zapdos|spd|1
|faint|p1a: Appletun
|
|upkeep
|-message|marco34789 forfeited.
|
|win|psyforce1011
|raw|marco34789's rating: 1097 &rarr; <strong>1072</strong><br />(-25 for losing)
|raw|psyforce1011's rating: 1091 &rarr; <strong>1118</strong><br />(+27 for winning)
|l|☆marco34789
|player|p1|
|l|☆psyforce1011
|player|p2|
