|j|☆Alien_Apple
|j|‽Danz_115
|t:|1769293607
|gametype|singles
|player|p1|Alien_Apple|maid|1029
|player|p2|Danz_115|collector|1045
|gen|9
|tier|[Gen 9] OU
|rated|
|rule|HP Percentage Mod: HP is shown in percentages
|rule|Endless Battle Clause: Forcing endless battles is banned
|rule|Species Clause: Limit one of each Pokémon
|rule|OHKO Clause: OHKO moves are banned
|rule|Evasion Items Clause: Evasion items are banned
|rule|Evasion Moves Clause: Evasion moves are banned
|rule|Evasion Abilities Clause: Evasion abilities are banned
|rule|Sleep Moves Clause: Sleep-inducing moves are banned
|clearpoke
|poke|p1|Breloom, F|
|poke|p1|Dachsbun, M|
|poke|p1|Garchomp, M|
|poke|p1|Porygon2|
|poke|p1|Ninetales, F|
|poke|p1|Torkoal, F|
|poke|p2|Meowscarada, F|
|poke|p2|Slowking, M|
|poke|p2|Mamoswine, M|
|poke|p2|Rotom-Heat|
|poke|p2|Venomoth, M|
|poke|p2|Goodra-Hisui, F|
|teampreview
|
|t:|1769293615
|teamsize|p1|6
|teamsize|p2|6
|start
|switch|p1a: Torkoal|Torkoal, F|100/100
|switch|p2a: Slowking|Slowking, M|100/100
|-weather|SunnyDay|[from] ability: Drought|[of] p1a: Torkoal
|turn|1
|
|t:|1769293624
|move|p2a: Slowking|Hydro Pump|p1a: Torkoal|[miss]
|-miss|p2a: Slowking|p1a: Torkoal
|move|p1a: Torkoal|Earthquake|p2a: Slowking
|-damage|p2a: Slowking|73/100
|
|-weather|SunnyDay|[upkeep]
|upkeep
|turn|2
|
|t:|1769293633
|switch|p1a: Mushroom|Breloom, F, shiny|100/100
|move|p2a: Slowking|Hydro Pump|p1a: Mushroom
|-resisted|p1a: Mushroom
|-damage|p1a: Mushroom|82/100
|
|-weather|SunnyDay|[upkeep]
|-status|p1a: Mushroom|tox|[from] item: Toxic Orb
|upkeep
|turn|3
|
|t:|1769293643
|move|p1a: Mushroom|Solar Beam||[still]
|-prepare|p1a: Mushroom|Solar Beam
|-anim|p1a: Mushroom|Solar Beam|p2a: Slowking
|-supereffective|p2a: Slowking
|-damage|p2a: Slowking|30/100
|move|p2a: Slowking|Psychic Noise|p1a: Mushroom
|-supereffective|p1a: Mushroom
|-damage|p1a: Mushroom|0 fnt
|faint|p1a: Mushroom
|
|-weather|SunnyDay|[upkeep]
|upkeep
|
|t:|1769293656
|switch|p1a: Porygon2|Porygon2, shiny|100/100
|-ability|p1a: Porygon2|Download|boost
|-boost|p1a: Porygon2|atk|1
|turn|4
|
|t:|1769293667
|switch|p2a: Rotom|Rotom-Heat|100/100
|move|p1a: Porygon2|Charge Beam|p2a: Rotom
|-resisted|p2a: Rotom
|-damage|p2a: Rotom|93/100
|
|-weather|SunnyDay|[upkeep]
|upkeep
|turn|5
|
|t:|1769293675
|move|p2a: Rotom|Overheat|p1a: Porygon2
|-damage|p1a: Porygon2|47/100
|-unboost|p2a: Rotom|spa|2
|move|p1a: Porygon2|Trick Room|p1a: Porygon2
|-fieldstart|move: Trick Room|[of] p1a: Porygon2
|
|-weather|none
|upkeep
|turn|6
|
|t:|1769293683
|move|p1a: Porygon2|Recover|p1a: Porygon2
|-heal|p1a: Porygon2|97/100
|move|p2a: Rotom|Overheat|p1a: Porygon2
|-damage|p1a: Porygon2|81/100
|-unboost|p2a: Rotom|spa|2
|
|upkeep
|turn|7
|
|t:|1769293693
|move|p1a: Porygon2|Psychic|p2a: Rotom
|-crit|p2a: Rotom
|-damage|p2a: Rotom|55/100
|move|p2a: Rotom|Thunderbolt|p1a: Porygon2
|-damage|p1a: Porygon2|73/100
|
|upkeep
|turn|8
|
|t:|1769293707
|switch|p2a: Goodra|Goodra-Hisui, F|100/100
|move|p1a: Porygon2|Psychic|p2a: Goodra
|-resisted|p2a: Goodra
|-damage|p2a: Goodra|93/100
|
|-heal|p2a: Goodra|99/100|[from] item: Leftovers
|upkeep
|turn|9
|
|t:|1769293720
|switch|p1a: Torkoal|Torkoal, F|100/100
|-weather|SunnyDay|[from] ability: Drought|[of] p1a: Torkoal
|move|p2a: Goodra|Draco Meteor|p1a: Torkoal
|-damage|p1a: Torkoal|58/100
|-unboost|p2a: Goodra|spa|2
|
|-weather|SunnyDay|[upkeep]
|-heal|p2a: Goodra|100/100|[from] item: Leftovers
|-fieldend|move: Trick Room
|upkeep
|turn|10
|
|t:|1769293734
|switch|p2a: Slowking|Slowking, M|30/100
|move|p1a: Torkoal|Eruption|p2a: Slowking
|-resisted|p2a: Slowking
|-damage|p2a: Slowking|16/100
|
|-weather|SunnyDay|[upkeep]
|upkeep
|turn|11
|
|t:|1769293745
|switch|p1a: Porygon2|Porygon2, shiny|73/100
|-ability|p1a: Porygon2|Download|boost
|-boost|p1a: Porygon2|atk|1
|move|p2a: Slowking|Hydro Pump|p1a: Porygon2
|-damage|p1a: Porygon2|58/100
|
|-weather|SunnyDay|[upkeep]
|upkeep
|turn|12
|
|t:|1769293755
|switch|p2a: Venomoth|Venomoth, M|100/100
|move|p1a: Porygon2|Psychic|p2a: Venomoth
|-supereffective|p2a: Venomoth
|-damage|p2a: Venomoth|37/100
|
|-weather|SunnyDay|[upkeep]
|upkeep
|turn|13
|
|t:|1769293764
|move|p2a: Venomoth|Toxic Spikes|p1a: Porygon2
|-sidestart|p1: Alien_Apple|move: Toxic Spikes
|move|p1a: Porygon2|Psychic|p2a: Venomoth
|-supereffective|p2a: Venomoth
|-damage|p2a: Venomoth|0 fnt
|faint|p2a: Venomoth
|
|-weather|none
|upkeep
|
|t:|1769293784
|switch|p2a: Rotom|Rotom-Heat|55/100
|turn|14
|
|t:|1769293790
|move|p2a: Rotom|Overheat|p1a: Porygon2
|-damage|p1a: Porygon2|25/100
|-unboost|p2a: Rotom|spa|2
|move|p1a: Porygon2|Trick Room|p1a: Porygon2
|-fieldstart|move: Trick Room|[of] p1a: Porygon2
|
|upkeep
|turn|15
|
|t:|1769293797
|move|p1a: Porygon2|Recover|p1a: Porygon2
|-heal|p1a: Porygon2|75/100
|move|p2a: Rotom|Thunderbolt|p1a: Porygon2
|-damage|p1a: Porygon2|64/100
|
|upkeep
|turn|16
|
|t:|1769293818
|move|p1a: Porygon2|Psychic|p2a: Rotom
|-damage|p2a: Rotom|31/100
|move|p2a: Rotom|Thunderbolt|p1a: Porygon2
|-damage|p1a: Porygon2|51/100
|
|upkeep
|turn|17
|
|t:|1769293831
|move|p1a: Porygon2|Psychic|p2a: Rotom
|-damage|p2a: Rotom|7/100
|move|p2a: Rotom|Overheat|p1a: Porygon2|[miss]
|-miss|p2a: Rotom|p1a: Porygon2
|
|upkeep
|turn|18
|
|t:|1769293839
|move|p1a: Porygon2|Psychic|p2a: Rotom
|-damage|p2a: Rotom|0 fnt
|faint|p2a: Rotom
|
|-fieldend|move: Trick Room
|upkeep
|
|t:|1769293848
|switch|p2a: Meowscarada|Meowscarada, F|100/100
|turn|19
|
|t:|1769293858
|move|p2a: Meowscarada|Substitute|p2a: Meowscarada
|-start|p2a: Meowscarada|Substitute
|-damage|p2a: Meowscarada|76/100
|move|p1a: Porygon2|Recover|p1a: Porygon2
|-heal|p1a: Porygon2|100/100
|
|upkeep
|turn|20
|
|t:|1769293867
|move|p2a: Meowscarada|Flower Trick|p1a: Porygon2
|-crit|p1a: Porygon2
|-damage|p1a: Porygon2|68/100
|move|p1a: Porygon2|Trick Room|p1a: Porygon2
|-fieldstart|move: Trick Room|[of] p1a: Porygon2
|
|upkeep
|turn|21
|
|t:|1769293879
|move|p1a: Porygon2|Psychic|p2a: Meowscarada
|-immune|p2a: Meowscarada
|move|p2a: Meowscarada|Flower Trick|p1a: Porygon2
|-crit|p1a: Porygon2
|-damage|p1a: Porygon2|37/100
|
|upkeep
|turn|22
|
|t:|1769293887
|move|p1a: Porygon2|Recover|p1a: Porygon2
|-heal|p1a: Porygon2|87/100
|move|p2a: Meowscarada|Flower Trick|p1a: Porygon2
|-crit|p1a: Porygon2
|-damage|p1a: Porygon2|51/100
|
|upkeep
|turn|23
|
|t:|1769293896
|switch|p1a: Torkoal|Torkoal, F|58/100
|-status|p1a: Torkoal|psn
|-weather|SunnyDay|[from] ability: Drought|[of] p1a: Torkoal
|move|p2a: Meowscarada|Flower Trick|p1a: Torkoal
|-resisted|p1a: Torkoal
|-crit|p1a: Torkoal
|-damage|p1a: Torkoal|36/100 psn
|
|-weather|SunnyDay|[upkeep]
|-damage|p1a: Torkoal|23/100 psn|[from] psn
|upkeep
|turn|24
|
|t:|1769293909
|move|p1a: Torkoal|Flare Blitz|p2a: Meowscarada
|-supereffective|p2a: Meowscarada
|-end|p2a: Meowscarada|Substitute
|-damage|p1a: Torkoal|13/100 psn|[from] Recoil|[of] p2a: Meowscarada
|move|p2a: Meowscarada|Lash Out|p1a: Torkoal
|-damage|p1a: Torkoal|0 fnt
|faint|p1a: Torkoal
|
|-weather|SunnyDay|[upkeep]
|-fieldend|move: Trick Room
|upkeep
|
|t:|1769293918
|switch|p1a: Ninetales|Ninetales, F|100/100
|-status|p1a: Ninetales|psn
|turn|25
|
|t:|1769293927
|-terastallize|p2a: Meowscarada|Fairy
|move|p2a: Meowscarada|Play Rough|p1a: Ninetales
|-resisted|p1a: Ninetales
|-damage|p1a: Ninetales|61/100 psn
|move|p1a: Ninetales|Flare Blitz|p2a: Meowscarada
|-damage|p2a: Meowscarada|0 fnt
|faint|p2a: Meowscarada
|-damage|p1a: Ninetales|30/100 psn|[from] Recoil
|
|-weather|SunnyDay|[upkeep]
|-damage|p1a: Ninetales|18/100 psn|[from] psn
|upkeep
|
|t:|1769293941
|switch|p2a: Slowking|Slowking, M|16/100
|turn|26
|
|t:|1769293946
|move|p1a: Ninetales|Flare Blitz|p2a: Slowking
|-resisted|p2a: Slowking
|-damage|p2a: Slowking|0 fnt
|faint|p2a: Slowking
|-damage|p1a: Ninetales|12/100 psn|[from] Recoil
|
|-weather|SunnyDay|[upkeep]
|-damage|p1a: Ninetales|0 fnt|[from] psn
|faint|p1a: Ninetales
|upkeep
|
|t:|1769293959
|switch|p1a: Bun|Dachsbun, M, shiny|100/100
|switch|p2a: Goodra|Goodra-Hisui, F|100/100
|-status|p1a: Bun|psn
|turn|27
|
|t:|1769293967
|move|p1a: Bun|Body Press|p2a: Goodra
|-supereffective|p2a: Goodra
|-damage|p2a: Goodra|60/100
|move|p2a: Goodra|Flash Cannon|p1a: Bun
|-supereffective|p1a: Bun
|-damage|p1a: Bun|33/100 psn
|
|-weather|none
|-heal|p1a: Bun|39/100 psn|[from] item: Leftovers
|-heal|p2a: Goodra|66/100|[from] item: Leftovers
|-damage|p1a: Bun|26/100 psn|[from] psn
|upkeep
|turn|28
|
|t:|1769293987
|move|p1a: Bun|Protect|p1a: Bun
|-singleturn|p1a: Bun|Protect
|move|p2a: Goodra|Flash Cannon|p1a: Bun
|-activate|p1a: Bun|move: Protect
|
|-heal|p1a: Bun|32/100 psn|[from] item: Leftovers
|-heal|p2a: Goodra|72/100|[from] item: Leftovers
|-damage|p1a: Bun|20/100 psn|[from] psn
|upkeep
|turn|29
|
|t:|1769293998
|-terastallize|p1a: Bun|Fairy
|move|p1a: Bun|Play Rough|p2a: Goodra
|-damage|p2a: Goodra|37/100
|move|p2a: Goodra|Draco Meteor|p1a: Bun
|-immune|p1a: Bun
|
|-heal|p1a: Bun|26/100 psn|[from] item: Leftovers
|-heal|p2a: Goodra|43/100|[from] item: Leftovers
|-damage|p1a: Bun|14/100 psn|[from] psn
|upkeep
|turn|30
|
|t:|1769294010
|move|p1a: Bun|Play Rough|p2a: Goodra
|-damage|p2a: Goodra|5/100
|move|p2a: Goodra|Rest|p2a: Goodra
|-status|p2a: Goodra|slp|[from] move: Rest
|-heal|p2a: Goodra|100/100 slp|[silent]
|
|-heal|p1a: Bun|20/100 psn|[from] item: Leftovers
|-damage|p1a: Bun|7/100 psn|[from] psn
|upkeep
|turn|31
|
|t:|1769294024
|move|p1a: Bun|Wish|p1a: Bun
|cant|p2a: Goodra|slp
|move|p2a: Goodra|Sleep Talk|p2a: Goodra
|move|p2a: Goodra|Rest||[from] move: Sleep Talk|[still]
|-fail|p2a: Goodra
|
|-heal|p1a: Bun|13/100 psn|[from] item: Leftovers
|-damage|p1a: Bun|1/100 psn|[from] psn
|upkeep
|turn|32
|
|t:|1769294035
|move|p1a: Bun|Play Rough|p2a: Goodra
|-damage|p2a: Goodra|64/100 slp
|cant|p2a: Goodra|slp
|
|-heal|p1a: Bun|51/100 psn|[from] move: Wish|[wisher] Bun
|-heal|p1a: Bun|57/100 psn|[from] item: Leftovers
|-heal|p2a: Goodra|70/100 slp|[from] item: Leftovers
|-damage|p1a: Bun|45/100 psn|[from] psn
|upkeep
|turn|33
|
|t:|1769294048
|move|p1a: Bun|Wish|p1a: Bun
|-curestatus|p2a: Goodra|slp|[msg]
|move|p2a: Goodra|Sleep Talk||[still]
|-fail|p2a: Goodra
|
|-heal|p1a: Bun|51/100 psn|[from] item: Leftovers
|-heal|p2a: Goodra|76/100|[from] item: Leftovers
|-damage|p1a: Bun|39/100 psn|[from] psn
|upkeep
|turn|34
|
|t:|1769294058
|move|p1a: Bun|Protect|p1a: Bun
|-singleturn|p1a: Bun|Protect
|move|p2a: Goodra|Flash Cannon|p1a: Bun
|-activate|p1a: Bun|move: Protect
|
|-heal|p1a: Bun|89/100 psn|[from] move: Wish|[wisher] Bun
|-heal|p1a: Bun|95/100 psn|[from] item: Leftovers
|-heal|p2a: Goodra|82/100|[from] item: Leftovers
|-damage|p1a: Bun|82/100 psn|[from] psn
|upkeep
|turn|35
|
|t:|1769294070
|move|p1a: Bun|Body Press|p2a: Goodra
|-supereffective|p2a: Goodra
|-damage|p2a: Goodra|40/100
|move|p2a: Goodra|Flash Cannon|p1a: Bun
|-supereffective|p1a: Bun
|-damage|p1a: Bun|21/100 psn
|
|-heal|p1a: Bun|27/100 psn|[from] item: Leftovers
|-heal|p2a: Goodra|46/100|[from] item: Leftovers
|-damage|p1a: Bun|15/100 psn|[from] psn
|upkeep
|turn|36
|
|t:|1769294081
|move|p1a: Bun|Body Press|p2a: Goodra
|-supereffective|p2a: Goodra
|-damage|p2a: Goodra|0 fnt
|faint|p2a: Goodra
|
|-heal|p1a: Bun|21/100 psn|[from] item: Leftovers
|-damage|p1a: Bun|9/100 psn|[from] psn
|upkeep
|
|t:|1769294089
|switch|p2a: Mamoswine|Mamoswine, M|100/100
|turn|37
|
|t:|1769294102
|move|p1a: Bun|Body Press|p2a: Mamoswine
|-supereffective|p2a: Mamoswine
|-damage|p2a: Mamoswine|54/100
|move|p2a: Mamoswine|Snowscape|p2a: Mamoswine
|-weather|Snowscape
|
|-weather|Snowscape|[upkeep]
|-heal|p1a: Bun|15/100 psn|[from] item: Leftovers
|-heal|p2a: Mamoswine|60/100|[from] item: Leftovers
|-damage|p1a: Bun|2/100 psn|[from] psn
|upkeep
|turn|38
|
|t:|1769294117
|move|p1a: Bun|Body Press|p2a: Mamoswine
|-supereffective|p2a: Mamoswine
|-damage|p2a: Mamoswine|29/100
|move|p2a: Mamoswine|Blizzard|p1a: Bun
|-damage|p1a: Bun|0 fnt
|faint|p1a: Bun
|
|-weather|Snowscape|[upkeep]
|-heal|p2a: Mamoswine|35/100|[from] item: Leftovers
|upkeep
|
|t:|1769294126
|switch|p1a: Porygon2|Porygon2, shiny|51/100
|-status|p1a: Porygon2|psn
|-ability|p1a: Porygon2|Download|boost
|-boost|p1a: Porygon2|spa|1
|turn|39
|
|t:|1769294134
|move|p2a: Mamoswine|Earthquake|p1a: Porygon2
|-damage|p1a: Porygon2|12/100 psn
|move|p1a: Porygon2|Charge Beam|p2a: Mamoswine
|-immune|p2a: Mamoswine
|
|-weather|Snowscape|[upkeep]
|-heal|p2a: Mamoswine|41/100|[from] item: Leftovers
|-damage|p1a: Porygon2|0 fnt|[from] psn
|faint|p1a: Porygon2
|upkeep
|
|t:|1769294142
|switch|p1a: Meow|Garchomp, M|100/100
|-status|p1a: Meow|psn
|turn|40
|
|t:|1769294149
|move|p1a: Meow|Fire Blast|p2a: Mamoswine|[miss]
|-miss|p1a: Meow|p2a: Mamoswine
|move|p2a: Mamoswine|Blizzard|p1a: Meow
|-supereffective|p1a: Meow
|-damage|p1a: Meow|0 fnt
|faint|p1a: Meow
|
|win|Danz_115
|raw|Alien_Apple's rating: 1029 &rarr; <strong>1015</strong><br />(-14 for losing)
|raw|Danz_115's rating: 1045 &rarr; <strong>1077</strong><br />(+32 for winning)
|c|☆Alien_Apple|Gg
|l|☆Alien_Apple
|player|p1|
