|j|☆slimyfish
|j|☆maneki uwu
|t:|1769419372
|gametype|singles
|player|p1|slimyfish|wallace|1298
|player|p2|maneki uwu|serena-masters2|1243
|gen|9
|tier|[Gen 9] OU
|rated|
|rule|HP Percentage Mod: HP is shown in percentages
|rule|Endless Battle Clause: Forcing endless battles is banned
|rule|Species Clause: Limit one of each Pokémon
|rule|OHKO Clause: OHKO moves are banned
|rule|Evasion Items Clause: Evasion items are banned
|rule|Evasion Moves Clause: Evasion moves are banned
|rule|Evasion Abilities Clause: Evasion abilities are banned
|rule|Sleep Moves Clause: Sleep-inducing moves are banned
|clearpoke
|poke|p1|Ogerpon-Wellspring, F|
|poke|p1|Slowking-Galar, M|
|poke|p1|Zapdos|
|poke|p1|Ting-Lu|
|poke|p1|Zamazenta-*|
|poke|p1|Iron Moth|
|poke|p2|Serperior, M|
|poke|p2|Sylveon, F|
|poke|p2|Gliscor, M|
|poke|p2|Bisharp, M|
|poke|p2|Espeon, F|
|poke|p2|Ditto|
|teampreview
|inactive|Battle timer is ON: inactive players will automatically lose when time's up. (requested by slimyfish)
|
|t:|1769419385
|teamsize|p1|6
|teamsize|p2|6
|start
|switch|p1a: Ogerpon|Ogerpon-Wellspring, F|100/100
|switch|p2a: QI DE 143|Espeon, F|100/100
|turn|1
|
|t:|1769419414
|switch|p1a: Slowking|Slowking-Galar, M|100/100
|move|p2a: QI DE 143|Reflect|p2a: QI DE 143
|-sidestart|p2: maneki uwu|Reflect
|
|upkeep
|turn|2
|
|t:|1769419419
|move|p2a: QI DE 143|Light Screen|p2a: QI DE 143
|-sidestart|p2: maneki uwu|move: Light Screen
|move|p1a: Slowking|Future Sight|p2a: QI DE 143
|-start|p1a: Slowking|move: Future Sight
|
|upkeep
|turn|3
|
|t:|1769419425
|switch|p2a: soleil levant|Bisharp, M|100/100
|move|p1a: Slowking|Sludge Wave|p2a: soleil levant
|-immune|p2a: soleil levant
|
|upkeep
|turn|4
|
|t:|1769419431
|switch|p1a: Zapdos|Zapdos|100/100
|move|p2a: soleil levant|Swords Dance|p2a: soleil levant
|-boost|p2a: soleil levant|atk|2
|
|-end|p2a: soleil levant|move: Future Sight
|-immune|p2a: soleil levant
|upkeep
|turn|5
|
|t:|1769419437
|move|p1a: Zapdos|Volt Switch|p2a: soleil levant
|-damage|p2a: soleil levant|85/100
|
|t:|1769419440
|switch|p1a: Zamazenta|Zamazenta|100/100|[from] Volt Switch
|-ability|p1a: Zamazenta|Dauntless Shield|boost
|-boost|p1a: Zamazenta|def|1
|move|p2a: soleil levant|Swords Dance|p2a: soleil levant
|-boost|p2a: soleil levant|atk|2
|
|upkeep
|turn|6
|
|t:|1769419446
|move|p1a: Zamazenta|Body Press|p2a: soleil levant
|-supereffective|p2a: soleil levant
|-damage|p2a: soleil levant|17/100
|move|p2a: soleil levant|Throat Chop|p1a: Zamazenta
|-resisted|p1a: Zamazenta
|-damage|p1a: Zamazenta|67/100
|-start|p1a: Zamazenta|Throat Chop|[silent]
|
|-heal|p1a: Zamazenta|73/100|[from] item: Leftovers
|upkeep
|turn|7
|
|t:|1769419455
|switch|p2a: Cobrassassin|Serperior, M|100/100
|move|p1a: Zamazenta|Body Press|p2a: Cobrassassin
|-damage|p2a: Cobrassassin|73/100
|
|-heal|p1a: Zamazenta|80/100|[from] item: Leftovers
|-heal|p2a: Cobrassassin|79/100|[from] item: Leftovers
|-end|p1a: Zamazenta|Throat Chop|[silent]
|upkeep
|turn|8
|
|t:|1769419463
|switch|p1a: Slowking|Slowking-Galar, M|100/100
|move|p2a: Cobrassassin|Leaf Storm|p1a: Slowking
|-resisted|p1a: Slowking
|-damage|p1a: Slowking|86/100
|-boost|p2a: Cobrassassin|spa|2
|
|-heal|p2a: Cobrassassin|85/100|[from] item: Leftovers
|-sideend|p2: maneki uwu|Reflect
|upkeep
|turn|9
|
|t:|1769419470
|switch|p2a: soleil levant|Bisharp, M|17/100
|move|p1a: Slowking|Sludge Wave|p2a: soleil levant
|-immune|p2a: soleil levant
|
|-sideend|p2: maneki uwu|move: Light Screen
|upkeep
|turn|10
|
|t:|1769419475
|switch|p2a: Maneki|Sylveon, F, shiny|100/100
|-prepare|p1a: Slowking|Chilly Reception|[premajor]
|move|p1a: Slowking|Chilly Reception|p1a: Slowking
|-weather|Snowscape
|
|t:|1769419502
|switch|p1a: Ogerpon|Ogerpon-Wellspring, F|100/100|[from] Chilly Reception
|
|-weather|Snowscape|[upkeep]
|upkeep
|turn|11
|
|t:|1769419517
|move|p1a: Ogerpon|Knock Off|p2a: Maneki
|-resisted|p2a: Maneki
|-damage|p2a: Maneki|85/100
|-enditem|p2a: Maneki|Leftovers|[from] move: Knock Off|[of] p1a: Ogerpon
|move|p2a: Maneki|Hyper Voice|p1a: Ogerpon
|-damage|p1a: Ogerpon|55/100
|
|-weather|Snowscape|[upkeep]
|upkeep
|turn|12
|
|t:|1769419523
|move|p1a: Ogerpon|Ivy Cudgel|p2a: Maneki|[anim] Ivy Cudgel Water
|-damage|p2a: Maneki|37/100
|move|p2a: Maneki|Hyper Voice|p1a: Ogerpon
|-damage|p1a: Ogerpon|3/100
|
|-weather|Snowscape|[upkeep]
|upkeep
|turn|13
|
|t:|1769419534
|switch|p1a: Slowking|Slowking-Galar, M|100/100
|switch|p2a: Envy|Ditto|100/100
|-transform|p2a: Envy|p1a: Slowking|[from] ability: Imposter
|
|-weather|Snowscape|[upkeep]
|upkeep
|turn|14
|
|t:|1769419539
|move|p2a: Envy|Future Sight|p1a: Slowking
|-start|p2a: Envy|move: Future Sight
|move|p1a: Slowking|Future Sight|p2a: Envy
|-start|p1a: Slowking|move: Future Sight
|
|-weather|none
|upkeep
|turn|15
|
|t:|1769419545
|switch|p2a: Pepsi-man|Gliscor, M|100/100
|-prepare|p1a: Slowking|Chilly Reception|[premajor]
|move|p1a: Slowking|Chilly Reception|p1a: Slowking
|-weather|Snowscape
|
|t:|1769419551
|switch|p1a: Ogerpon|Ogerpon-Wellspring, F|3/100|[from] Chilly Reception
|
|-weather|Snowscape|[upkeep]
|-status|p2a: Pepsi-man|tox|[from] item: Toxic Orb
|upkeep
|turn|16
|
|t:|1769419561
|switch|p1a: Ting-Lu|Ting-Lu|100/100
|-ability|p1a: Ting-Lu|Vessel of Ruin
|switch|p2a: Envy|Ditto|100/100
|-transform|p2a: Envy|p1a: Ting-Lu|[from] ability: Imposter
|-ability|p2a: Envy|Vessel of Ruin
|
|-weather|Snowscape|[upkeep]
|-end|p2a: Envy|move: Future Sight
|-immune|p2a: Envy
|-end|p1a: Ting-Lu|move: Future Sight
|-immune|p1a: Ting-Lu
|upkeep
|turn|17
|
|t:|1769419573
|switch|p2a: QI DE 143|Espeon, F|100/100
|move|p1a: Ting-Lu|Earthquake|p2a: QI DE 143
|-crit|p2a: QI DE 143
|-damage|p2a: QI DE 143|13/100
|
|-weather|Snowscape|[upkeep]
|upkeep
|turn|18
|
|t:|1769419579
|move|p2a: QI DE 143|Reflect|p2a: QI DE 143
|-sidestart|p2: maneki uwu|Reflect
|move|p1a: Ting-Lu|Earthquake|p2a: QI DE 143
|-damage|p2a: QI DE 143|0 fnt
|faint|p2a: QI DE 143
|
|-weather|Snowscape|[upkeep]
|upkeep
|
|t:|1769419583
|switch|p2a: Cobrassassin|Serperior, M|85/100
|turn|19
|
|t:|1769419586
|switch|p1a: Slowking|Slowking-Galar, M|100/100
|move|p2a: Cobrassassin|Leaf Storm|p1a: Slowking
|-resisted|p1a: Slowking
|-damage|p1a: Slowking|88/100
|-boost|p2a: Cobrassassin|spa|2
|
|-weather|none
|-heal|p2a: Cobrassassin|91/100|[from] item: Leftovers
|upkeep
|turn|20
|
|t:|1769419591
|-terastallize|p2a: Cobrassassin|Fire
|move|p2a: Cobrassassin|Leaf Storm|p1a: Slowking|[miss]
|-miss|p2a: Cobrassassin|p1a: Slowking
|move|p1a: Slowking|Sludge Wave|p2a: Cobrassassin
|-damage|p2a: Cobrassassin|46/100
|
|-heal|p2a: Cobrassassin|52/100|[from] item: Leftovers
|upkeep
|turn|21
|
|t:|1769419597
|move|p2a: Cobrassassin|Leaf Storm|p1a: Slowking
|-resisted|p1a: Slowking
|-damage|p1a: Slowking|61/100
|-boost|p2a: Cobrassassin|spa|2
|move|p1a: Slowking|Psyshock|p2a: Cobrassassin
|-damage|p2a: Cobrassassin|17/100
|
|-heal|p2a: Cobrassassin|24/100|[from] item: Leftovers
|upkeep
|turn|22
|
|t:|1769419619
|move|p2a: Cobrassassin|Tera Blast|p1a: Slowking|[anim] Tera Blast Fire
|-damage|p1a: Slowking|12/100
|move|p1a: Slowking|Sludge Wave|p2a: Cobrassassin
|-damage|p2a: Cobrassassin|0 fnt
|faint|p2a: Cobrassassin
|
|upkeep
|-message|maneki uwu forfeited.
|
|win|slimyfish
|raw|slimyfish's rating: 1298 &rarr; <strong>1319</strong><br />(+21 for winning)
|raw|maneki uwu's rating: 1243 &rarr; <strong>1222</strong><br />(-21 for losing)
|l|☆maneki uwu
|player|p2|
|l|☆slimyfish
|player|p1|
