|j|☆OversizedMayoJar
|j|☆gamasese
|t:|1769439631
|gametype|singles
|player|p1|OversizedMayoJar|winona|1195
|player|p2|gamasese|ghetsis-gen5bw|1148
|gen|9
|tier|[Gen 9] OU
|rated|
|rule|HP Percentage Mod: HP is shown in percentages
|rule|Endless Battle Clause: Forcing endless battles is banned
|rule|Species Clause: Limit one of each Pokémon
|rule|OHKO Clause: OHKO moves are banned
|rule|Evasion Items Clause: Evasion items are banned
|rule|Evasion Moves Clause: Evasion moves are banned
|rule|Evasion Abilities Clause: Evasion abilities are banned
|rule|Sleep Moves Clause: Sleep-inducing moves are banned
|clearpoke
|poke|p1|Ogerpon, F|
|poke|p1|Rillaboom, F|
|poke|p1|Slowking-Galar, F|
|poke|p1|Iron Treads|
|poke|p1|Alomomola, F|
|poke|p1|Iron Valiant|
|poke|p2|Hoopa|
|poke|p2|Excadrill, F|
|poke|p2|Metagross|
|poke|p2|Rotom-Wash|
|poke|p2|Lokix, M|
|poke|p2|Hydrapple, F|
|teampreview
|inactive|Battle timer is ON: inactive players will automatically lose when time's up. (requested by OversizedMayoJar)
|inactive|gamasese also wants the timer to be on.
|
|t:|1769439636
|teamsize|p1|6
|teamsize|p2|6
|start
|switch|p1a: Alomomola|Alomomola, F|100/100
|switch|p2a: Rotom|Rotom-Wash, shiny|100/100
|turn|1
|
|t:|1769439643
|switch|p1a: Slowking|Slowking-Galar, F|100/100
|move|p2a: Rotom|Volt Switch|p1a: Slowking
|-damage|p1a: Slowking|89/100
|
|t:|1769439653
|switch|p2a: Lokix|Lokix, M|100/100|[from] Volt Switch
|
|upkeep
|turn|2
|
|t:|1769439658
|switch|p1a: Alomomola|Alomomola, F|100/100
|move|p2a: Lokix|Knock Off|p1a: Alomomola
|-damage|p1a: Alomomola|75/100
|-damage|p2a: Lokix|84/100|[from] item: Rocky Helmet|[of] p1a: Alomomola
|-enditem|p1a: Alomomola|Rocky Helmet|[from] move: Knock Off|[of] p2a: Lokix
|
|upkeep
|turn|3
|
|t:|1769439666
|move|p2a: Lokix|U-turn|p1a: Alomomola
|-damage|p1a: Alomomola|58/100
|
|t:|1769439670
|switch|p2a: Rotom|Rotom-Wash, shiny|100/100|[from] U-turn
|move|p1a: Alomomola|Scald|p2a: Rotom
|-resisted|p2a: Rotom
|-damage|p2a: Rotom|93/100
|-status|p2a: Rotom|brn
|
|-heal|p2a: Rotom|99/100 brn|[from] item: Leftovers
|-damage|p2a: Rotom|93/100 brn|[from] brn
|upkeep
|turn|4
|
|t:|1769439682
|switch|p1a: Slowking|Slowking-Galar, F|100/100
|move|p2a: Rotom|Will-O-Wisp|p1a: Slowking
|-status|p1a: Slowking|brn
|
|-heal|p2a: Rotom|99/100 brn|[from] item: Leftovers
|-damage|p2a: Rotom|93/100 brn|[from] brn
|-damage|p1a: Slowking|94/100 brn|[from] brn
|upkeep
|turn|5
|
|t:|1769439691
|move|p2a: Rotom|Hydro Pump|p1a: Slowking
|-damage|p1a: Slowking|80/100 brn
|move|p1a: Slowking|Flamethrower|p2a: Rotom
|-resisted|p2a: Rotom
|-damage|p2a: Rotom|81/100 brn
|
|-heal|p2a: Rotom|87/100 brn|[from] item: Leftovers
|-damage|p2a: Rotom|81/100 brn|[from] brn
|-damage|p1a: Slowking|73/100 brn|[from] brn
|upkeep
|turn|6
|
|t:|1769439702
|move|p2a: Rotom|Hydro Pump|p1a: Slowking
|-damage|p1a: Slowking|57/100 brn
|move|p1a: Slowking|Future Sight|p2a: Rotom
|-start|p1a: Slowking|move: Future Sight
|
|-heal|p2a: Rotom|87/100 brn|[from] item: Leftovers
|-damage|p2a: Rotom|81/100 brn|[from] brn
|-damage|p1a: Slowking|51/100 brn|[from] brn
|upkeep
|turn|7
|
|t:|1769439711
|move|p2a: Rotom|Will-O-Wisp|p1a: Slowking
|-fail|p1a: Slowking|brn
|move|p1a: Slowking|Sludge Bomb|p2a: Rotom
|-damage|p2a: Rotom|46/100 brn
|
|-heal|p2a: Rotom|53/100 brn|[from] item: Leftovers
|-damage|p2a: Rotom|46/100 brn|[from] brn
|-damage|p1a: Slowking|45/100 brn|[from] brn
|upkeep
|turn|8
|
|t:|1769439721
|move|p2a: Rotom|Volt Switch|p1a: Slowking
|-damage|p1a: Slowking|35/100 brn
|
|t:|1769439724
|switch|p2a: Metagross|Metagross|100/100|[from] Volt Switch
|move|p1a: Slowking|Flamethrower|p2a: Metagross
|-supereffective|p2a: Metagross
|-damage|p2a: Metagross|48/100
|
|-end|p2a: Metagross|move: Future Sight
|-resisted|p2a: Metagross
|-damage|p2a: Metagross|36/100
|-damage|p1a: Slowking|29/100 brn|[from] brn
|upkeep
|turn|9
|
|t:|1769439735
|switch|p1a: Alomomola|Alomomola, F|92/100
|move|p2a: Metagross|Knock Off|p1a: Alomomola
|-damage|p1a: Alomomola|78/100
|
|upkeep
|turn|10
|
|t:|1769439748
|-terastallize|p2a: Metagross|Normal
|move|p2a: Metagross|Explosion|p1a: Alomomola
|-damage|p1a: Alomomola|0 fnt
|faint|p2a: Metagross
|faint|p1a: Alomomola
|
|upkeep
|
|t:|1769439757
|switch|p2a: Lokix|Lokix, M|84/100
|switch|p1a: Iron Treads|Iron Treads|100/100
|turn|11
|
|t:|1769439771
|switch|p2a: Rotom|Rotom-Wash, shiny|46/100 brn
|move|p1a: Iron Treads|Rapid Spin|p2a: Rotom
|-damage|p2a: Rotom|31/100 brn
|-boost|p1a: Iron Treads|spe|1
|
|-heal|p2a: Rotom|38/100 brn|[from] item: Leftovers
|-damage|p2a: Rotom|31/100 brn|[from] brn
|upkeep
|turn|12
|
|t:|1769439791
|move|p1a: Iron Treads|Rapid Spin|p2a: Rotom
|-damage|p2a: Rotom|17/100 brn
|-boost|p1a: Iron Treads|spe|1
|move|p2a: Rotom|Pain Split|p1a: Iron Treads
|-sethp|p1a: Iron Treads|57/100|[from] move: Pain Split|[silent]
|-sethp|p2a: Rotom|75/100 brn|[from] move: Pain Split
|
|-heal|p2a: Rotom|81/100 brn|[from] item: Leftovers
|-damage|p2a: Rotom|75/100 brn|[from] brn
|upkeep
|turn|13
|
|t:|1769439802
|-end|p1a: Iron Treads|Quark Drive|[silent]
|switch|p1a: Slowking|Slowking-Galar, F|63/100 brn
|move|p2a: Rotom|Will-O-Wisp|p1a: Slowking
|-fail|p1a: Slowking|brn
|
|-heal|p2a: Rotom|81/100 brn|[from] item: Leftovers
|-damage|p2a: Rotom|75/100 brn|[from] brn
|-damage|p1a: Slowking|57/100 brn|[from] brn
|upkeep
|turn|14
|
|t:|1769439810
|move|p2a: Rotom|Volt Switch|p1a: Slowking
|-damage|p1a: Slowking|47/100 brn
|
|t:|1769439813
|switch|p2a: Hoopa|Hoopa|100/100|[from] Volt Switch
|move|p1a: Slowking|Future Sight|p2a: Hoopa
|-start|p1a: Slowking|move: Future Sight
|
|-damage|p1a: Slowking|41/100 brn|[from] brn
|upkeep
|turn|15
|
|t:|1769439821
|switch|p1a: Rillaboom|Rillaboom, F|100/100
|-fieldstart|move: Grassy Terrain|[from] ability: Grassy Surge|[of] p1a: Rillaboom
|move|p2a: Hoopa|Future Sight|p1a: Rillaboom
|-start|p2a: Hoopa|move: Future Sight
|
|upkeep
|turn|16
|
|t:|1769439831
|switch|p2a: Lokix|Lokix, M|84/100
|move|p1a: Rillaboom|Knock Off|p2a: Lokix
|-resisted|p2a: Lokix
|-damage|p2a: Lokix|60/100
|-enditem|p2a: Lokix|Heavy-Duty Boots|[from] move: Knock Off|[of] p1a: Rillaboom
|
|-end|p2a: Lokix|move: Future Sight
|-immune|p2a: Lokix
|-heal|p2a: Lokix|66/100|[from] Grassy Terrain
|upkeep
|turn|17
|
|t:|1769439841
|switch|p1a: Iron Treads|Iron Treads|57/100
|move|p2a: Lokix|First Impression|p1a: Iron Treads
|-resisted|p1a: Iron Treads
|-damage|p1a: Iron Treads|29/100
|
|-end|p1a: Iron Treads|move: Future Sight
|-resisted|p1a: Iron Treads
|-damage|p1a: Iron Treads|1/100
|-heal|p1a: Iron Treads|8/100|[from] Grassy Terrain
|-heal|p2a: Lokix|72/100|[from] Grassy Terrain
|upkeep
|turn|18
|
|t:|1769439854
|move|p2a: Lokix|Sucker Punch|p1a: Iron Treads
|-damage|p1a: Iron Treads|0 fnt
|faint|p1a: Iron Treads
|-end|p1a: Iron Treads|Quark Drive|[silent]
|
|-heal|p2a: Lokix|78/100|[from] Grassy Terrain
|upkeep
|
|t:|1769439860
|switch|p1a: Ogerpon|Ogerpon, F|100/100
|turn|19
|
|t:|1769439865
|switch|p2a: Hydrapple|Hydrapple, F|100/100
|-terastallize|p1a: Ogerpon|Grass
|detailschange|p1a: Ogerpon|Ogerpon-Teal-Tera, F, tera:Grass
|-ability|p1a: Ogerpon|Embody Aspect (Teal)|boost
|-boost|p1a: Ogerpon|spe|1
|move|p1a: Ogerpon|Ivy Cudgel|p2a: Hydrapple
|-resisted|p2a: Hydrapple
|-damage|p2a: Hydrapple|80/100
|
|-heal|p2a: Hydrapple|87/100|[from] Grassy Terrain
|upkeep
|turn|20
|-message|OversizedMayoJar forfeited.
|
|win|gamasese
|raw|OversizedMayoJar's rating: 1195 &rarr; <strong>1167</strong><br />(-28 for losing)
|raw|gamasese's rating: 1148 &rarr; <strong>1176</strong><br />(+28 for winning)
|l|☆OversizedMayoJar
|player|p1|
|l|☆gamasese
|player|p2|
