|j|☆Auburn Hills
|j|☆NicheLadder
|t:|1769371847
|gametype|singles
|player|p1|Auburn Hills|alder|1684
|player|p2|NicheLadder|266|1716
|gen|9
|tier|[Gen 9] OU
|rated|
|rule|HP Percentage Mod: HP is shown in percentages
|rule|Endless Battle Clause: Forcing endless battles is banned
|rule|Species Clause: Limit one of each Pokémon
|rule|OHKO Clause: OHKO moves are banned
|rule|Evasion Items Clause: Evasion items are banned
|rule|Evasion Moves Clause: Evasion moves are banned
|rule|Evasion Abilities Clause: Evasion abilities are banned
|rule|Sleep Moves Clause: Sleep-inducing moves are banned
|clearpoke
|poke|p1|Iron Moth|
|poke|p1|Umbreon, M|
|poke|p1|Garchomp, M|
|poke|p1|Glimmora, M|
|poke|p1|Gholdengo|
|poke|p1|Dragonite, F|
|poke|p2|Kingambit, F|
|poke|p2|Corviknight, M|
|poke|p2|Cinderace, M|
|poke|p2|Sylveon, F|
|poke|p2|Darkrai|
|poke|p2|Alomomola, F|
|teampreview
|inactive|Battle timer is ON: inactive players will automatically lose when time's up. (requested by NicheLadder)
|
|t:|1769371865
|teamsize|p1|6
|teamsize|p2|6
|start
|switch|p1a: Julia Jacklin|Glimmora, M|100/100
|switch|p2a: Darkrai|Darkrai|100/100
|turn|1
|inactive|Auburn Hills has 120 seconds left.
|
|t:|1769371907
|move|p2a: Darkrai|Dark Pulse|p1a: Julia Jacklin
|-damage|p1a: Julia Jacklin|43/100
|cant|p1a: Julia Jacklin|flinch
|
|upkeep
|turn|2
|
|t:|1769371913
|switch|p2a: Sylveon|Sylveon, F|100/100
|switch|p1a: Alvvays|Umbreon, M|100/100
|
|upkeep
|turn|3
|
|t:|1769371922
|move|p2a: Sylveon|Hyper Voice|p1a: Alvvays
|-supereffective|p1a: Alvvays
|-damage|p1a: Alvvays|20/100
|move|p1a: Alvvays|Thunder Wave|p2a: Sylveon
|-status|p2a: Sylveon|par
|
|-heal|p1a: Alvvays|26/100|[from] item: Leftovers
|upkeep
|turn|4
|
|t:|1769371926
|move|p1a: Alvvays|Protect|p1a: Alvvays
|-singleturn|p1a: Alvvays|Protect
|move|p2a: Sylveon|Hyper Voice|p1a: Alvvays
|-activate|p1a: Alvvays|move: Protect
|
|-heal|p1a: Alvvays|32/100|[from] item: Leftovers
|upkeep
|turn|5
|
|t:|1769371931
|switch|p1a: Smino|Gholdengo|100/100
|switch|p2a: Darkrai|Darkrai|100/100
|
|upkeep
|turn|6
|
|t:|1769371934
|move|p2a: Darkrai|Dark Pulse|p1a: Smino
|-supereffective|p1a: Smino
|-damage|p1a: Smino|0 fnt
|faint|p1a: Smino
|
|upkeep
|
|t:|1769371937
|switch|p1a: Alvvays|Umbreon, M|32/100
|turn|7
|
|t:|1769371941
|switch|p2a: Sylveon|Sylveon, F|100/100 par
|move|p1a: Alvvays|Wish|p1a: Alvvays
|
|-heal|p1a: Alvvays|38/100|[from] item: Leftovers
|upkeep
|turn|8
|
|t:|1769371944
|move|p1a: Alvvays|Protect|p1a: Alvvays
|-singleturn|p1a: Alvvays|Protect
|move|p2a: Sylveon|Hyper Voice|p1a: Alvvays
|-activate|p1a: Alvvays|move: Protect
|
|-heal|p1a: Alvvays|88/100|[from] move: Wish|[wisher] Alvvays
|-heal|p1a: Alvvays|94/100|[from] item: Leftovers
|upkeep
|turn|9
|
|t:|1769371962
|move|p1a: Alvvays|Wish|p1a: Alvvays
|move|p2a: Sylveon|Hyper Voice|p1a: Alvvays
|-supereffective|p1a: Alvvays
|-damage|p1a: Alvvays|1/100
|
|-heal|p1a: Alvvays|7/100|[from] item: Leftovers
|upkeep
|turn|10
|
|t:|1769371970
|switch|p2a: Alomomola|Alomomola, F|100/100
|move|p1a: Alvvays|Protect||[still]
|-fail|p1a: Alvvays
|
|-heal|p1a: Alvvays|57/100|[from] move: Wish|[wisher] Alvvays
|-heal|p1a: Alvvays|63/100|[from] item: Leftovers
|upkeep
|turn|11
|
|t:|1769371974
|move|p1a: Alvvays|Thunder Wave|p2a: Alomomola
|-status|p2a: Alomomola|par
|move|p2a: Alomomola|Flip Turn|p1a: Alvvays
|-damage|p1a: Alvvays|50/100
|
|t:|1769371982
|switch|p2a: Sylveon|Sylveon, F|100/100 par|[from] Flip Turn
|
|-heal|p1a: Alvvays|56/100|[from] item: Leftovers
|upkeep
|turn|12
|
|t:|1769371984
|move|p1a: Alvvays|Protect|p1a: Alvvays
|-singleturn|p1a: Alvvays|Protect
|cant|p2a: Sylveon|par
|
|-heal|p1a: Alvvays|62/100|[from] item: Leftovers
|upkeep
|turn|13
|
|t:|1769371987
|move|p1a: Alvvays|Wish|p1a: Alvvays
|cant|p2a: Sylveon|par
|
|-heal|p1a: Alvvays|68/100|[from] item: Leftovers
|upkeep
|turn|14
|
|t:|1769371992
|move|p1a: Alvvays|Protect|p1a: Alvvays
|-singleturn|p1a: Alvvays|Protect
|cant|p2a: Sylveon|par
|
|-heal|p1a: Alvvays|100/100|[from] move: Wish|[wisher] Alvvays
|upkeep
|turn|15
|
|t:|1769371998
|switch|p1a: Julia Jacklin|Glimmora, M|43/100
|move|p2a: Sylveon|Hyper Beam|p1a: Julia Jacklin
|-resisted|p1a: Julia Jacklin
|-damage|p1a: Julia Jacklin|0 fnt
|-mustrecharge|p2a: Sylveon
|faint|p1a: Julia Jacklin
|
|upkeep
|
|t:|1769372003
|switch|p1a: Rat Tally|Garchomp, M|100/100
|turn|16
|
|t:|1769372005
|move|p1a: Rat Tally|Swords Dance|p1a: Rat Tally
|-boost|p1a: Rat Tally|atk|2
|cant|p2a: Sylveon|recharge
|
|upkeep
|turn|17
|
|t:|1769372014
|move|p1a: Rat Tally|Earthquake|p2a: Sylveon
|-damage|p2a: Sylveon|0 fnt
|faint|p2a: Sylveon
|
|upkeep
|
|t:|1769372016
|switch|p2a: Corviknight|Corviknight, M|100/100
|-ability|p2a: Corviknight|Pressure
|turn|18
|
|t:|1769372019
|move|p1a: Rat Tally|Scale Shot|p2a: Corviknight
|-resisted|p2a: Corviknight
|-damage|p2a: Corviknight|92/100
|-resisted|p2a: Corviknight
|-damage|p2a: Corviknight|85/100
|-resisted|p2a: Corviknight
|-damage|p2a: Corviknight|77/100
|-resisted|p2a: Corviknight
|-damage|p2a: Corviknight|70/100
|-resisted|p2a: Corviknight
|-damage|p2a: Corviknight|62/100
|-hitcount|p2a: Corviknight|5
|-unboost|p1a: Rat Tally|def|1
|-boost|p1a: Rat Tally|spe|1
|move|p2a: Corviknight|Iron Defense|p2a: Corviknight
|-boost|p2a: Corviknight|def|2
|
|upkeep
|turn|19
|
|t:|1769372027
|-terastallize|p1a: Rat Tally|Electric
|move|p1a: Rat Tally|Tera Blast|p2a: Corviknight|[anim] Tera Blast Electric
|-supereffective|p2a: Corviknight
|-damage|p2a: Corviknight|7/100
|move|p2a: Corviknight|Body Press|p1a: Rat Tally
|-damage|p1a: Rat Tally|26/100
|-damage|p2a: Corviknight|0 fnt|[from] ability: Rough Skin|[of] p1a: Rat Tally
|faint|p2a: Corviknight
|
|upkeep
|
|t:|1769372047
|switch|p2a: Darkrai|Darkrai|100/100
|turn|20
|
|t:|1769372065
|switch|p1a: Alvvays|Umbreon, M|100/100
|move|p2a: Darkrai|Sludge Bomb|p1a: Alvvays
|-damage|p1a: Alvvays|84/100
|-status|p1a: Alvvays|psn
|
|-heal|p1a: Alvvays|90/100 psn|[from] item: Leftovers
|-damage|p1a: Alvvays|78/100 psn|[from] psn
|upkeep
|turn|21
|
|t:|1769372069
|switch|p2a: Kingambit|Kingambit, F|100/100
|-activate|p2a: Kingambit|ability: Supreme Overlord
|-start|p2a: Kingambit|fallen2|[silent]
|move|p1a: Alvvays|Wish|p1a: Alvvays
|
|-heal|p1a: Alvvays|84/100 psn|[from] item: Leftovers
|-damage|p1a: Alvvays|71/100 psn|[from] psn
|upkeep
|turn|22
|
|t:|1769372074
|move|p2a: Kingambit|Swords Dance|p2a: Kingambit
|-boost|p2a: Kingambit|atk|2
|move|p1a: Alvvays|Thunder Wave|p2a: Kingambit
|-status|p2a: Kingambit|par
|
|-heal|p1a: Alvvays|100/100 psn|[from] move: Wish|[wisher] Alvvays
|-damage|p1a: Alvvays|88/100 psn|[from] psn
|upkeep
|turn|23
|
|t:|1769372077
|move|p1a: Alvvays|Foul Play|p2a: Kingambit
|-resisted|p2a: Kingambit
|-damage|p2a: Kingambit|51/100 par
|move|p2a: Kingambit|Iron Head|p1a: Alvvays
|-damage|p1a: Alvvays|0 fnt
|faint|p1a: Alvvays
|
|-heal|p2a: Kingambit|57/100 par|[from] item: Leftovers
|upkeep
|
|t:|1769372082
|switch|p1a: Elucid|Dragonite, F|100/100
|turn|24
|
|t:|1769372094
|-terastallize|p2a: Kingambit|Ghost
|move|p1a: Elucid|Earthquake|p2a: Kingambit
|-damage|p2a: Kingambit|24/100 par
|cant|p2a: Kingambit|par
|
|-heal|p2a: Kingambit|30/100 par|[from] item: Leftovers
|upkeep
|turn|25
|
|t:|1769372101
|move|p2a: Kingambit|Sucker Punch||[still]
|-fail|p2a: Kingambit
|move|p1a: Elucid|Dragon Dance|p1a: Elucid
|-boost|p1a: Elucid|atk|1
|-boost|p1a: Elucid|spe|1
|
|-heal|p2a: Kingambit|37/100 par|[from] item: Leftovers
|upkeep
|turn|26
|
|t:|1769372111
|move|p1a: Elucid|Earthquake|p2a: Kingambit
|-damage|p2a: Kingambit|0 fnt
|faint|p2a: Kingambit
|-end|p2a: Kingambit|fallen2|[silent]
|
|upkeep
|
|t:|1769372114
|switch|p2a: Cinderace|Cinderace, M|100/100
|turn|27
|
|t:|1769372128
|move|p1a: Elucid|Earthquake|p2a: Cinderace
|-supereffective|p2a: Cinderace
|-damage|p2a: Cinderace|0 fnt
|faint|p2a: Cinderace
|
|upkeep
|
|t:|1769372130
|switch|p2a: Alomomola|Alomomola, F|100/100 par
|turn|28
|
|t:|1769372132
|move|p1a: Elucid|Dragon Dance|p1a: Elucid
|-boost|p1a: Elucid|atk|1
|-boost|p1a: Elucid|spe|1
|move|p2a: Alomomola|Flip Turn|p1a: Elucid
|-resisted|p1a: Elucid
|-damage|p1a: Elucid|96/100
|
|t:|1769372135
|switch|p2a: Darkrai|Darkrai|100/100|[from] Flip Turn
|
|upkeep
|turn|29
|
|t:|1769372144
|move|p1a: Elucid|Extreme Speed|p2a: Darkrai
|-damage|p2a: Darkrai|12/100
|move|p2a: Darkrai|Ice Beam|p1a: Elucid
|-supereffective|p1a: Elucid
|-damage|p1a: Elucid|0 fnt
|faint|p1a: Elucid
|
|upkeep
|
|t:|1769372149
|switch|p1a: Carly Rae|Iron Moth|100/100
|-enditem|p1a: Carly Rae|Booster Energy
|-activate|p1a: Carly Rae|ability: Quark Drive|[fromitem]
|-start|p1a: Carly Rae|quarkdrivespe
|turn|30
|
|t:|1769372151
|switch|p2a: Alomomola|Alomomola, F|100/100 par
|move|p1a: Carly Rae|Fiery Dance|p2a: Alomomola
|-resisted|p2a: Alomomola
|-damage|p2a: Alomomola|89/100 par
|
|upkeep
|turn|31
|
|t:|1769372155
|move|p1a: Carly Rae|Fiery Dance|p2a: Alomomola
|-resisted|p2a: Alomomola
|-damage|p2a: Alomomola|77/100 par
|cant|p2a: Alomomola|par
|
|upkeep
|turn|32
|
|t:|1769372160
|move|p1a: Carly Rae|Fiery Dance|p2a: Alomomola
|-resisted|p2a: Alomomola
|-damage|p2a: Alomomola|67/100 par
|-boost|p1a: Carly Rae|spa|1
|move|p2a: Alomomola|Mirror Coat|p1a: Carly Rae
|-damage|p1a: Carly Rae|69/100
|
|upkeep
|turn|33
|
|t:|1769372166
|move|p1a: Carly Rae|Morning Sun|p1a: Carly Rae
|-heal|p1a: Carly Rae|100/100
|move|p2a: Alomomola|Flip Turn|p1a: Carly Rae
|-supereffective|p1a: Carly Rae
|-damage|p1a: Carly Rae|54/100
|
|t:|1769372169
|switch|p2a: Darkrai|Darkrai|12/100|[from] Flip Turn
|
|upkeep
|turn|34
|
|t:|1769372175
|switch|p2a: Alomomola|Alomomola, F|99/100 par
|move|p1a: Carly Rae|Fiery Dance|p2a: Alomomola
|-resisted|p2a: Alomomola
|-damage|p2a: Alomomola|83/100 par
|
|upkeep
|turn|35
|
|t:|1769372178
|move|p1a: Carly Rae|Morning Sun|p1a: Carly Rae
|-heal|p1a: Carly Rae|100/100
|move|p2a: Alomomola|Mirror Coat||[still]
|-fail|p2a: Alomomola
|
|upkeep
|turn|36
|
|t:|1769372181
|move|p1a: Carly Rae|Fiery Dance|p2a: Alomomola
|-resisted|p2a: Alomomola
|-damage|p2a: Alomomola|65/100 par
|-boost|p1a: Carly Rae|spa|1
|cant|p2a: Alomomola|par
|
|upkeep
|turn|37
|
|t:|1769372190
|move|p1a: Carly Rae|Fiery Dance|p2a: Alomomola
|-resisted|p2a: Alomomola
|-damage|p2a: Alomomola|42/100 par
|-boost|p1a: Carly Rae|spa|1
|move|p2a: Alomomola|Flip Turn|p1a: Carly Rae
|-supereffective|p1a: Carly Rae
|-damage|p1a: Carly Rae|52/100
|
|t:|1769372196
|switch|p2a: Darkrai|Darkrai|12/100|[from] Flip Turn
|
|upkeep
|turn|38
|
|t:|1769372198
|switch|p2a: Alomomola|Alomomola, F|75/100 par
|move|p1a: Carly Rae|Discharge|p2a: Alomomola
|-supereffective|p2a: Alomomola
|-damage|p2a: Alomomola|0 fnt
|faint|p2a: Alomomola
|
|upkeep
|
|t:|1769372201
|switch|p2a: Darkrai|Darkrai|12/100
|turn|39
|
|t:|1769372203
|move|p2a: Darkrai|Dark Pulse|p1a: Carly Rae
|-damage|p1a: Carly Rae|9/100
|move|p1a: Carly Rae|Fiery Dance|p2a: Darkrai
|-damage|p2a: Darkrai|0 fnt
|faint|p2a: Darkrai
|
|win|Auburn Hills
|raw|Auburn Hills's rating: 1684 &rarr; <strong>1706</strong><br />(+22 for winning)
|raw|NicheLadder's rating: 1716 &rarr; <strong>1694</strong><br />(-22 for losing)
|l|☆Auburn Hills
|player|p1|
