|j|☆typokeaimjoe
|j|☆DabzzIsBack
|t:|1769382748
|gametype|singles
|player|p1|typokeaimjoe|101|
|player|p2|DabzzIsBack|steven|
|gen|9
|tier|[Gen 9] OU
|rule|HP Percentage Mod: HP is shown in percentages
|rule|Endless Battle Clause: Forcing endless battles is banned
|rule|Species Clause: Limit one of each Pokémon
|rule|OHKO Clause: OHKO moves are banned
|rule|Evasion Items Clause: Evasion items are banned
|rule|Evasion Moves Clause: Evasion moves are banned
|rule|Evasion Abilities Clause: Evasion abilities are banned
|rule|Sleep Moves Clause: Sleep-inducing moves are banned
|clearpoke
|poke|p1|Exeggutor, M|
|poke|p1|Gholdengo|
|poke|p1|Blissey, F|
|poke|p1|Glimmora, F|
|poke|p1|Slither Wing|
|poke|p1|Darkrai|
|poke|p2|Kingambit, F|
|poke|p2|Kyurem|
|poke|p2|Great Tusk|
|poke|p2|Gholdengo|
|poke|p2|Primarina, M|
|poke|p2|Glimmora, M|
|teampreview
|
|t:|1769382778
|teamsize|p1|6
|teamsize|p2|6
|start
|switch|p1a: Slither Wing|Slither Wing|100/100
|switch|p2a: Glimmora|Glimmora, M|100/100
|turn|1
|
|t:|1769382863
|-end|p1a: Slither Wing|Protosynthesis|[silent]
|switch|p1a: Blissey|Blissey, F|100/100
|-terastallize|p2a: Glimmora|Fairy
|move|p2a: Glimmora|Dazzling Gleam|p1a: Blissey
|-damage|p1a: Blissey|84/100
|
|upkeep
|turn|2
|
|t:|1769382877
|switch|p2a: Kingambit|Kingambit, F, shiny|100/100
|move|p1a: Blissey|Flamethrower|p2a: Kingambit
|-supereffective|p2a: Kingambit
|-damage|p2a: Kingambit|53/100
|
|-heal|p2a: Kingambit|60/100|[from] item: Leftovers
|upkeep
|turn|3
|
|t:|1769382900
|switch|p1a: Slither Wing|Slither Wing|100/100
|move|p2a: Kingambit|Kowtow Cleave|p1a: Slither Wing
|-resisted|p1a: Slither Wing
|-crit|p1a: Slither Wing
|-damage|p1a: Slither Wing|70/100
|
|-heal|p2a: Kingambit|66/100|[from] item: Leftovers
|upkeep
|turn|4
|
|t:|1769382908
|-end|p2a: Kingambit|fallenundefined|[silent]
|switch|p2a: Great Tusk|Great Tusk|100/100
|move|p1a: Slither Wing|First Impression|p2a: Great Tusk
|-resisted|p2a: Great Tusk
|-damage|p2a: Great Tusk|91/100
|
|-heal|p2a: Great Tusk|98/100|[from] item: Leftovers
|upkeep
|turn|5
|
|t:|1769382917
|move|p2a: Great Tusk|Earthquake|p1a: Slither Wing
|-resisted|p1a: Slither Wing
|-damage|p1a: Slither Wing|53/100
|move|p1a: Slither Wing|Will-O-Wisp|p2a: Great Tusk
|-status|p2a: Great Tusk|brn
|
|-heal|p2a: Great Tusk|100/100 brn|[from] item: Leftovers
|-damage|p2a: Great Tusk|94/100 brn|[from] brn
|upkeep
|turn|6
|
|t:|1769382931
|move|p2a: Great Tusk|Body Press|p1a: Slither Wing
|-resisted|p1a: Slither Wing
|-damage|p1a: Slither Wing|44/100
|move|p1a: Slither Wing|Morning Sun|p1a: Slither Wing
|-heal|p1a: Slither Wing|94/100
|
|-heal|p2a: Great Tusk|100/100 brn|[from] item: Leftovers
|-damage|p2a: Great Tusk|94/100 brn|[from] brn
|upkeep
|turn|7
|
|t:|1769382952
|-end|p2a: Great Tusk|Protosynthesis|[silent]
|switch|p2a: Gholdengo|Gholdengo|100/100
|-item|p2a: Gholdengo|Air Balloon
|-end|p1a: Slither Wing|Protosynthesis|[silent]
|switch|p1a: Exeggutor|Exeggutor, M|100/100
|
|upkeep
|turn|8
|
|t:|1769382960
|-terastallize|p1a: Exeggutor|Poison
|move|p2a: Gholdengo|Hex|p1a: Exeggutor
|-damage|p1a: Exeggutor|72/100
|move|p1a: Exeggutor|Substitute|p1a: Exeggutor
|-start|p1a: Exeggutor|Substitute
|-damage|p1a: Exeggutor|47/100
|
|upkeep
|turn|9
|
|t:|1769382967
|move|p2a: Gholdengo|Hex|p1a: Exeggutor
|-crit|p1a: Exeggutor
|-end|p1a: Exeggutor|Substitute
|move|p1a: Exeggutor|Substitute|p1a: Exeggutor
|-start|p1a: Exeggutor|Substitute
|-damage|p1a: Exeggutor|22/100
|-enditem|p1a: Exeggutor|Starf Berry|[eat]
|-boost|p1a: Exeggutor|def|2|[from] item: Starf Berry
|
|upkeep
|turn|10
|
|t:|1769382974
|move|p1a: Exeggutor|Protect|p1a: Exeggutor
|-singleturn|p1a: Exeggutor|Protect
|move|p2a: Gholdengo|Hex|p1a: Exeggutor
|-activate|p1a: Exeggutor|move: Protect
|
|upkeep
|turn|11
|
|t:|1769382980
|move|p2a: Gholdengo|Hex|p1a: Exeggutor
|-end|p1a: Exeggutor|Substitute
|move|p1a: Exeggutor|Synthesis|p1a: Exeggutor
|-heal|p1a: Exeggutor|72/100
|
|upkeep
|turn|12
|
|t:|1769382986
|move|p2a: Gholdengo|Make It Rain|p1a: Exeggutor
|-damage|p1a: Exeggutor|14/100
|-unboost|p2a: Gholdengo|spa|1
|move|p1a: Exeggutor|Substitute|p1a: Exeggutor
|-fail|p1a: Exeggutor|move: Substitute|[weak]
|
|upkeep
|turn|13
|
|t:|1769382993
|move|p1a: Exeggutor|Protect|p1a: Exeggutor
|-singleturn|p1a: Exeggutor|Protect
|move|p2a: Gholdengo|Hex|p1a: Exeggutor
|-activate|p1a: Exeggutor|move: Protect
|
|-item|p1a: Exeggutor|Starf Berry|[from] ability: Harvest
|upkeep
|-enditem|p1a: Exeggutor|Starf Berry|[eat]
|-boost|p1a: Exeggutor|spe|2|[from] item: Starf Berry
|turn|14
|
|t:|1769383003
|move|p1a: Exeggutor|Synthesis|p1a: Exeggutor
|-heal|p1a: Exeggutor|64/100
|move|p2a: Gholdengo|Hex|p1a: Exeggutor
|-damage|p1a: Exeggutor|42/100
|
|-item|p1a: Exeggutor|Starf Berry|[from] ability: Harvest
|upkeep
|turn|15
|
|t:|1769383011
|move|p1a: Exeggutor|Protect|p1a: Exeggutor
|-singleturn|p1a: Exeggutor|Protect
|move|p2a: Gholdengo|Make It Rain|p1a: Exeggutor
|-activate|p1a: Exeggutor|move: Protect
|
|upkeep
|turn|16
|
|t:|1769383018
|move|p1a: Exeggutor|Substitute|p1a: Exeggutor
|-start|p1a: Exeggutor|Substitute
|-damage|p1a: Exeggutor|17/100
|-enditem|p1a: Exeggutor|Starf Berry|[eat]
|-boost|p1a: Exeggutor|spe|2|[from] item: Starf Berry
|move|p2a: Gholdengo|Make It Rain|p1a: Exeggutor
|-end|p1a: Exeggutor|Substitute
|-unboost|p2a: Gholdengo|spa|1
|
|-item|p1a: Exeggutor|Starf Berry|[from] ability: Harvest
|upkeep
|-enditem|p1a: Exeggutor|Starf Berry|[eat]
|-boost|p1a: Exeggutor|spd|2|[from] item: Starf Berry
|turn|17
|
|t:|1769383031
|move|p1a: Exeggutor|Protect|p1a: Exeggutor
|-singleturn|p1a: Exeggutor|Protect
|move|p2a: Gholdengo|Hex|p1a: Exeggutor
|-activate|p1a: Exeggutor|move: Protect
|
|-item|p1a: Exeggutor|Starf Berry|[from] ability: Harvest
|upkeep
|-enditem|p1a: Exeggutor|Starf Berry|[eat]
|-boost|p1a: Exeggutor|spd|2|[from] item: Starf Berry
|turn|18
|
|t:|1769383041
|move|p1a: Exeggutor|Synthesis|p1a: Exeggutor
|-heal|p1a: Exeggutor|67/100
|move|p2a: Gholdengo|Hex|p1a: Exeggutor
|-damage|p1a: Exeggutor|61/100
|
|-item|p1a: Exeggutor|Starf Berry|[from] ability: Harvest
|upkeep
|turn|19
|
|t:|1769383050
|switch|p2a: Primarina|Primarina, M|100/100
|move|p1a: Exeggutor|Substitute|p1a: Exeggutor
|-start|p1a: Exeggutor|Substitute
|-damage|p1a: Exeggutor|36/100
|
|upkeep
|turn|20
|
|t:|1769383057
|move|p1a: Exeggutor|Protect|p1a: Exeggutor
|-singleturn|p1a: Exeggutor|Protect
|move|p2a: Primarina|Psychic Noise|p1a: Exeggutor
|-activate|p1a: Exeggutor|move: Protect
|
|upkeep
|turn|21
|
|t:|1769383066
|move|p1a: Exeggutor|Substitute|p1a: Exeggutor
|-fail|p1a: Exeggutor|move: Substitute
|move|p2a: Primarina|Psychic Noise|p1a: Exeggutor
|-damage|p1a: Exeggutor|23/100
|-start|p1a: Exeggutor|move: Heal Block
|-enditem|p1a: Exeggutor|Starf Berry|[eat]
|-boost|p1a: Exeggutor|atk|2|[from] item: Starf Berry
|
|-item|p1a: Exeggutor|Starf Berry|[from] ability: Harvest
|upkeep
|-enditem|p1a: Exeggutor|Starf Berry|[eat]
|-boost|p1a: Exeggutor|spd|2|[from] item: Starf Berry
|turn|22
|
|t:|1769383082
|move|p1a: Exeggutor|Protect|p1a: Exeggutor
|-singleturn|p1a: Exeggutor|Protect
|move|p2a: Primarina|Psychic Noise|p1a: Exeggutor
|-activate|p1a: Exeggutor|move: Protect
|
|-end|p1a: Exeggutor|move: Heal Block
|-item|p1a: Exeggutor|Starf Berry|[from] ability: Harvest
|upkeep
|-enditem|p1a: Exeggutor|Starf Berry|[eat]
|-boost|p1a: Exeggutor|atk|2|[from] item: Starf Berry
|turn|23
|
|t:|1769383094
|move|p1a: Exeggutor|Synthesis|p1a: Exeggutor
|-heal|p1a: Exeggutor|73/100
|move|p2a: Primarina|Psychic Noise|p1a: Exeggutor
|-crit|p1a: Exeggutor
|-damage|p1a: Exeggutor|15/100
|-start|p1a: Exeggutor|move: Heal Block
|
|upkeep
|turn|24
|
|t:|1769383101
|move|p1a: Exeggutor|Protect|p1a: Exeggutor
|-singleturn|p1a: Exeggutor|Protect
|move|p2a: Primarina|Psychic Noise|p1a: Exeggutor
|-activate|p1a: Exeggutor|move: Protect
|
|-end|p1a: Exeggutor|move: Heal Block
|upkeep
|turn|25
|
|t:|1769383112
|move|p2a: Primarina|Aqua Jet|p1a: Exeggutor
|-activate|p1a: Exeggutor|move: Substitute|[damage]
|move|p1a: Exeggutor|Synthesis|p1a: Exeggutor
|-heal|p1a: Exeggutor|65/100
|
|-item|p1a: Exeggutor|Starf Berry|[from] ability: Harvest
|upkeep
|turn|26
|-message|DabzzIsBack forfeited.
|
|win|typokeaimjoe
|l|☆DabzzIsBack
|player|p2|
|l|☆typokeaimjoe
|player|p1|
|j|☆typokeaimjoe
|player|p1|typokeaimjoe|101|
|l|☆typokeaimjoe
|player|p1|
|j|☆typokeaimjoe
|player|p1|typokeaimjoe|101|
