|j|☆kalv08
|j|☆jc2101_1
|t:|1769365419
|gametype|singles
|player|p1|kalv08|nate|1109
|player|p2|jc2101_1|red-gen1|1084
|gen|9
|tier|[Gen 9] OU
|rated|
|rule|HP Percentage Mod: HP is shown in percentages
|rule|Endless Battle Clause: Forcing endless battles is banned
|rule|Species Clause: Limit one of each Pokémon
|rule|OHKO Clause: OHKO moves are banned
|rule|Evasion Items Clause: Evasion items are banned
|rule|Evasion Moves Clause: Evasion moves are banned
|rule|Evasion Abilities Clause: Evasion abilities are banned
|rule|Sleep Moves Clause: Sleep-inducing moves are banned
|clearpoke
|poke|p1|Corviknight, M|
|poke|p1|Skeledirge, M|
|poke|p1|Garchomp, M|
|poke|p1|Bellibolt, M|
|poke|p1|Ribombee, F|
|poke|p1|Clodsire, F|
|poke|p2|Spiritomb, F|
|poke|p2|Blastoise, F|
|poke|p2|Chandelure, F|
|poke|p2|Iron Valiant|
|poke|p2|Haxorus, F|
|poke|p2|Excadrill, M|
|teampreview
|inactive|Battle timer is ON: inactive players will automatically lose when time's up. (requested by jc2101_1)
|
|t:|1769365447
|teamsize|p1|6
|teamsize|p2|6
|start
|switch|p1a: Muerdemucho|Garchomp, M|100/100
|switch|p2a: Blastoise|Blastoise, F|100/100
|turn|1
|
|t:|1769365453
|switch|p1a: Martiño|Bellibolt, M, shiny|100/100
|move|p2a: Blastoise|Shell Smash|p2a: Blastoise
|-unboost|p2a: Blastoise|def|1
|-unboost|p2a: Blastoise|spd|1
|-boost|p2a: Blastoise|atk|2
|-boost|p2a: Blastoise|spa|2
|-boost|p2a: Blastoise|spe|2
|-enditem|p2a: Blastoise|White Herb
|-clearnegativeboost|p2a: Blastoise|[silent]
|
|upkeep
|turn|2
|
|t:|1769365460
|move|p2a: Blastoise|Ice Beam|p1a: Martiño
|-damage|p1a: Martiño|50/100
|-start|p1a: Martiño|Charge|Ice Beam|[from] ability: Electromorphosis
|move|p1a: Martiño|Thunderbolt|p2a: Blastoise
|-supereffective|p2a: Blastoise
|-damage|p2a: Blastoise|0 fnt
|faint|p2a: Blastoise
|-end|p1a: Martiño|Charge|[silent]
|
|-heal|p1a: Martiño|56/100|[from] item: Leftovers
|upkeep
|
|t:|1769365472
|switch|p2a: Excadrill|Excadrill, M|100/100
|-ability|p2a: Excadrill|Mold Breaker
|turn|3
|
|t:|1769365477
|switch|p1a: Muerdemucho|Garchomp, M|100/100
|move|p2a: Excadrill|Earthquake|p1a: Muerdemucho
|-damage|p1a: Muerdemucho|48/100
|
|upkeep
|turn|4
|
|t:|1769365486
|move|p1a: Muerdemucho|Earthquake|p2a: Excadrill
|-supereffective|p2a: Excadrill
|-damage|p2a: Excadrill|0 fnt
|faint|p2a: Excadrill
|
|upkeep
|
|t:|1769365490
|switch|p2a: Iron Valiant|Iron Valiant|100/100
|-enditem|p2a: Iron Valiant|Booster Energy
|-activate|p2a: Iron Valiant|ability: Quark Drive|[fromitem]
|-start|p2a: Iron Valiant|quarkdrivespe
|turn|5
|
|t:|1769365497
|switch|p1a: Gordota|Clodsire, F|100/100
|move|p2a: Iron Valiant|Moonblast|p1a: Gordota
|-resisted|p1a: Gordota
|-damage|p1a: Gordota|89/100
|
|-heal|p1a: Gordota|95/100|[from] item: Black Sludge
|upkeep
|turn|6
|
|t:|1769365505
|move|p2a: Iron Valiant|Energy Ball|p1a: Gordota
|-damage|p1a: Gordota|80/100
|move|p1a: Gordota|Toxic|p2a: Iron Valiant
|-status|p2a: Iron Valiant|tox
|
|-heal|p1a: Gordota|86/100|[from] item: Black Sludge
|-damage|p2a: Iron Valiant|94/100 tox|[from] psn
|upkeep
|turn|7
|
|t:|1769365514
|move|p2a: Iron Valiant|Aura Sphere|p1a: Gordota
|-resisted|p1a: Gordota
|-damage|p1a: Gordota|76/100
|move|p1a: Gordota|Liquidation|p2a: Iron Valiant
|-damage|p2a: Iron Valiant|76/100 tox
|
|-heal|p1a: Gordota|82/100|[from] item: Black Sludge
|-damage|p2a: Iron Valiant|63/100 tox|[from] psn
|upkeep
|turn|8
|
|t:|1769365521
|move|p2a: Iron Valiant|Energy Ball|p1a: Gordota
|-damage|p1a: Gordota|67/100
|move|p1a: Gordota|Recover|p1a: Gordota
|-heal|p1a: Gordota|100/100
|
|-damage|p2a: Iron Valiant|45/100 tox|[from] psn
|upkeep
|turn|9
|
|t:|1769365527
|move|p2a: Iron Valiant|Energy Ball|p1a: Gordota
|-damage|p1a: Gordota|87/100
|move|p1a: Gordota|Earthquake|p2a: Iron Valiant
|-damage|p2a: Iron Valiant|11/100 tox
|
|-heal|p1a: Gordota|93/100|[from] item: Black Sludge
|-damage|p2a: Iron Valiant|0 fnt|[from] psn
|faint|p2a: Iron Valiant
|-end|p2a: Iron Valiant|Quark Drive|[silent]
|upkeep
|
|t:|1769365541
|switch|p2a: Haxorus|Haxorus, F, shiny|100/100
|-ability|p2a: Haxorus|Mold Breaker
|turn|10
|
|t:|1769365545
|move|p2a: Haxorus|Dragon Dance|p2a: Haxorus
|-boost|p2a: Haxorus|atk|1
|-boost|p2a: Haxorus|spe|1
|move|p1a: Gordota|Toxic|p2a: Haxorus
|-status|p2a: Haxorus|tox
|
|-heal|p1a: Gordota|99/100|[from] item: Black Sludge
|-damage|p2a: Haxorus|94/100 tox|[from] psn
|upkeep
|turn|11
|
|t:|1769365558
|move|p2a: Haxorus|Dragon Dance|p2a: Haxorus
|-boost|p2a: Haxorus|atk|1
|-boost|p2a: Haxorus|spe|1
|move|p1a: Gordota|Earthquake|p2a: Haxorus
|-crit|p2a: Haxorus
|-damage|p2a: Haxorus|43/100 tox
|
|-heal|p1a: Gordota|100/100|[from] item: Black Sludge
|-damage|p2a: Haxorus|31/100 tox|[from] psn
|upkeep
|turn|12
|
|t:|1769365566
|move|p2a: Haxorus|Scale Shot|p1a: Gordota
|-damage|p1a: Gordota|66/100
|-damage|p1a: Gordota|29/100
|-damage|p1a: Gordota|0 fnt
|faint|p1a: Gordota
|-hitcount|p1: Gordota|3
|-unboost|p2a: Haxorus|def|1
|-boost|p2a: Haxorus|spe|1
|
|-damage|p2a: Haxorus|13/100 tox|[from] psn
|upkeep
|
|t:|1769365579
|switch|p1a: Campanilla|Ribombee, F|100/100
|turn|13
|
|t:|1769365586
|move|p2a: Haxorus|Iron Head|p1a: Campanilla
|-supereffective|p1a: Campanilla
|-enditem|p1a: Campanilla|Focus Sash
|-damage|p1a: Campanilla|1/100
|move|p1a: Campanilla|Quiver Dance|p1a: Campanilla
|-boost|p1a: Campanilla|spa|1
|-boost|p1a: Campanilla|spd|1
|-boost|p1a: Campanilla|spe|1
|
|-damage|p2a: Haxorus|0 fnt|[from] psn
|faint|p2a: Haxorus
|upkeep
|
|t:|1769365593
|switch|p2a: Spiritomb|Spiritomb, F, shiny|100/100
|turn|14
|
|t:|1769365598
|move|p1a: Campanilla|Moonblast|p2a: Spiritomb
|-supereffective|p2a: Spiritomb
|-damage|p2a: Spiritomb|0 fnt
|faint|p2a: Spiritomb
|
|upkeep
|
|t:|1769365601
|switch|p2a: Chandelure|Chandelure, F|100/100
|-item|p2a: Chandelure|Air Balloon
|turn|15
|-message|jc2101_1 forfeited.
|
|win|kalv08
|raw|kalv08's rating: 1109 &rarr; <strong>1132</strong><br />(+23 for winning)
|raw|jc2101_1's rating: 1084 &rarr; <strong>1063</strong><br />(-21 for losing)
|l|☆jc2101_1
|player|p2|
|l|☆kalv08
|player|p1|
