|j|☆Alto Fighting Dojo
|j|☆256roy
|t:|1769293506
|gametype|singles
|player|p1|Alto Fighting Dojo|li|1208
|player|p2|256roy|linebacker|1252
|gen|9
|tier|[Gen 9] OU
|rated|
|rule|HP Percentage Mod: HP is shown in percentages
|rule|Endless Battle Clause: Forcing endless battles is banned
|rule|Species Clause: Limit one of each Pokémon
|rule|OHKO Clause: OHKO moves are banned
|rule|Evasion Items Clause: Evasion items are banned
|rule|Evasion Moves Clause: Evasion moves are banned
|rule|Evasion Abilities Clause: Evasion abilities are banned
|rule|Sleep Moves Clause: Sleep-inducing moves are banned
|clearpoke
|poke|p1|Iron Valiant|
|poke|p1|Okidogi, M|
|poke|p1|Scrafty, M|
|poke|p1|Cobalion|
|poke|p1|Blaziken, M|
|poke|p1|Great Tusk|
|poke|p2|Samurott-Hisui, F|
|poke|p2|Great Tusk|
|poke|p2|Volcanion|
|poke|p2|Hydrapple, M|
|poke|p2|Gholdengo|
|poke|p2|Landorus-Therian, M|
|teampreview
|inactive|Battle timer is ON: inactive players will automatically lose when time's up. (requested by Alto Fighting Dojo)
|
|t:|1769293526
|teamsize|p1|6
|teamsize|p2|6
|start
|switch|p1a: Scrafty|Scrafty, M|100/100
|switch|p2a: erfqwek|Landorus-Therian, M|100/100
|-ability|p2a: erfqwek|Intimidate|boost
|-unboost|p1a: Scrafty|atk|1
|-ability|p1a: Scrafty|Intimidate|boost
|-unboost|p2a: erfqwek|atk|1
|turn|1
|
|t:|1769293554
|move|p1a: Scrafty|Detect|p1a: Scrafty
|-singleturn|p1a: Scrafty|Protect
|move|p2a: erfqwek|U-turn|p1a: Scrafty
|-activate|p1a: Scrafty|move: Protect
|
|upkeep
|turn|2
|
|t:|1769293562
|move|p2a: erfqwek|U-turn|p1a: Scrafty
|-damage|p1a: Scrafty|87/100
|
|t:|1769293566
|switch|p2a: Fickle my pickle|Hydrapple, M|100/100|[from] U-turn
|move|p1a: Scrafty|Bulk Up|p1a: Scrafty
|-boost|p1a: Scrafty|atk|1
|-boost|p1a: Scrafty|def|1
|
|-heal|p1a: Scrafty|93/100|[from] item: Leftovers
|upkeep
|turn|3
|
|t:|1769293585
|move|p1a: Scrafty|Knock Off|p2a: Fickle my pickle
|-damage|p2a: Fickle my pickle|80/100
|-damage|p1a: Scrafty|76/100|[from] item: Rocky Helmet|[of] p2a: Fickle my pickle
|-enditem|p2a: Fickle my pickle|Rocky Helmet|[from] move: Knock Off|[of] p1a: Scrafty
|move|p2a: Fickle my pickle|Nasty Plot|p2a: Fickle my pickle
|-boost|p2a: Fickle my pickle|spa|2
|
|-heal|p1a: Scrafty|82/100|[from] item: Leftovers
|upkeep
|turn|4
|
|t:|1769293600
|move|p1a: Scrafty|Bulk Up|p1a: Scrafty
|-boost|p1a: Scrafty|atk|1
|-boost|p1a: Scrafty|def|1
|move|p2a: Fickle my pickle|Giga Drain|p1a: Scrafty
|-damage|p1a: Scrafty|26/100
|-heal|p2a: Fickle my pickle|100/100|[from] drain|[of] p1a: Scrafty
|
|-heal|p1a: Scrafty|32/100|[from] item: Leftovers
|upkeep
|turn|5
|
|t:|1769293609
|move|p1a: Scrafty|Drain Punch|p2a: Fickle my pickle
|-damage|p2a: Fickle my pickle|78/100
|-heal|p1a: Scrafty|46/100|[from] drain|[of] p2a: Fickle my pickle
|move|p2a: Fickle my pickle|Nasty Plot|p2a: Fickle my pickle
|-boost|p2a: Fickle my pickle|spa|2
|
|-heal|p1a: Scrafty|52/100|[from] item: Leftovers
|upkeep
|turn|6
|
|t:|1769293619
|move|p1a: Scrafty|Drain Punch|p2a: Fickle my pickle
|-damage|p2a: Fickle my pickle|55/100
|-heal|p1a: Scrafty|67/100|[from] drain|[of] p2a: Fickle my pickle
|move|p2a: Fickle my pickle|Giga Drain|p1a: Scrafty
|-damage|p1a: Scrafty|0 fnt
|-heal|p2a: Fickle my pickle|82/100|[from] drain|[of] p1a: Scrafty
|faint|p1a: Scrafty
|
|upkeep
|
|t:|1769293643
|switch|p1a: Iron Valiant|Iron Valiant|100/100
|-enditem|p1a: Iron Valiant|Booster Energy
|-activate|p1a: Iron Valiant|ability: Quark Drive|[fromitem]
|-start|p1a: Iron Valiant|quarkdrivespe
|turn|7
|
|t:|1769293654
|-terastallize|p2a: Fickle my pickle|Steel
|move|p1a: Iron Valiant|Moonblast|p2a: Fickle my pickle
|-resisted|p2a: Fickle my pickle
|-damage|p2a: Fickle my pickle|57/100
|move|p2a: Fickle my pickle|Giga Drain|p1a: Iron Valiant
|-damage|p1a: Iron Valiant|0 fnt
|-heal|p2a: Fickle my pickle|92/100|[from] drain|[of] p1a: Iron Valiant
|faint|p1a: Iron Valiant
|-end|p1a: Iron Valiant|Quark Drive|[silent]
|
|upkeep
|
|t:|1769293668
|switch|p1a: Blaziken|Blaziken, M|100/100
|turn|8
|
|t:|1769293678
|move|p1a: Blaziken|Overheat|p2a: Fickle my pickle|[miss]
|-miss|p1a: Blaziken|p2a: Fickle my pickle
|move|p2a: Fickle my pickle|Earth Power|p1a: Blaziken
|-supereffective|p1a: Blaziken
|-damage|p1a: Blaziken|0 fnt
|faint|p1a: Blaziken
|
|upkeep
|c|☆256roy|gg
|
|t:|1769293691
|switch|p1a: Cobalion|Cobalion|100/100
|turn|9
|c|☆Alto Fighting Dojo|gg
|
|t:|1769293696
|move|p1a: Cobalion|Focus Blast|p2a: Fickle my pickle|[miss]
|-miss|p1a: Cobalion|p2a: Fickle my pickle
|move|p2a: Fickle my pickle|Earth Power|p1a: Cobalion
|-supereffective|p1a: Cobalion
|-damage|p1a: Cobalion|0 fnt
|faint|p1a: Cobalion
|
|upkeep
|-message|Alto Fighting Dojo forfeited.
|
|win|256roy
|raw|Alto Fighting Dojo's rating: 1208 &rarr; <strong>1186</strong><br />(-22 for losing)
|raw|256roy's rating: 1252 &rarr; <strong>1274</strong><br />(+22 for winning)
|l|☆Alto Fighting Dojo
|player|p1|
