|j|☆rekka auto
|j|☆OUZQ Crocodile
|t:|1769434739
|gametype|singles
|player|p1|rekka auto|266|1554
|player|p2|OUZQ Crocodile|266|1623
|gen|9
|tier|[Gen 9] OU
|rated|
|rule|HP Percentage Mod: HP is shown in percentages
|rule|Endless Battle Clause: Forcing endless battles is banned
|rule|Species Clause: Limit one of each Pokémon
|rule|OHKO Clause: OHKO moves are banned
|rule|Evasion Items Clause: Evasion items are banned
|rule|Evasion Moves Clause: Evasion moves are banned
|rule|Evasion Abilities Clause: Evasion abilities are banned
|rule|Sleep Moves Clause: Sleep-inducing moves are banned
|clearpoke
|poke|p1|Rotom-Wash|
|poke|p1|Meowscarada, F|
|poke|p1|Comfey, F|
|poke|p1|Okidogi, M|
|poke|p1|Dragapult, M|
|poke|p1|Ting-Lu|
|poke|p2|Glimmora, M|
|poke|p2|Landorus-Therian, M|
|poke|p2|Kyurem|
|poke|p2|Kingambit, M|
|poke|p2|Iron Valiant|
|poke|p2|Cinderace, M|
|teampreview
|inactive|Battle timer is ON: inactive players will automatically lose when time's up. (requested by rekka auto)
|inactive|OUZQ Crocodile has 120 seconds left.
|
|t:|1769434774
|teamsize|p1|6
|teamsize|p2|6
|start
|switch|p1a: Dragapult|Dragapult, M|100/100
|switch|p2a: Glimmora|Glimmora, M|100/100
|turn|1
|
|t:|1769434779
|move|p2a: Glimmora|Dazzling Gleam|p1a: Dragapult
|-supereffective|p1a: Dragapult
|-damage|p1a: Dragapult|28/100
|move|p1a: Dragapult|Shadow Ball|p2a: Glimmora
|-damage|p2a: Glimmora|35/100
|
|upkeep
|turn|2
|
|t:|1769434803
|switch|p1a: Okidogi|Okidogi, M|100/100
|move|p2a: Glimmora|Dazzling Gleam|p1a: Okidogi
|-damage|p1a: Okidogi|77/100
|
|-heal|p1a: Okidogi|83/100|[from] item: Leftovers
|upkeep
|turn|3
|
|t:|1769434819
|switch|p2a: Iron Valiant|Iron Valiant|100/100
|-enditem|p2a: Iron Valiant|Booster Energy
|-activate|p2a: Iron Valiant|ability: Quark Drive|[fromitem]
|-start|p2a: Iron Valiant|quarkdrivespe
|move|p1a: Okidogi|Knock Off|p2a: Iron Valiant
|-resisted|p2a: Iron Valiant
|-damage|p2a: Iron Valiant|95/100
|
|-heal|p1a: Okidogi|89/100|[from] item: Leftovers
|upkeep
|turn|4
|
|t:|1769434829
|switch|p1a: Comfey|Comfey, F|100/100
|move|p2a: Iron Valiant|Moonblast|p1a: Comfey
|-damage|p1a: Comfey|55/100
|
|upkeep
|turn|5
|
|t:|1769434849
|-end|p2a: Iron Valiant|Quark Drive|[silent]
|switch|p2a: Cinderace|Cinderace, M|100/100
|move|p1a: Comfey|Synthesis|p1a: Comfey
|-heal|p1a: Comfey|100/100
|
|upkeep
|turn|6
|
|t:|1769434854
|switch|p1a: Rotom|Rotom-Wash|100/100
|move|p2a: Cinderace|Pyro Ball|p1a: Rotom
|-resisted|p1a: Rotom
|-damage|p1a: Rotom|81/100
|
|upkeep
|turn|7
|
|t:|1769434860
|move|p2a: Cinderace|U-turn|p1a: Rotom
|-start|p2a: Cinderace|typechange|Bug|[from] ability: Libero
|-damage|p1a: Rotom|59/100
|-damage|p2a: Cinderace|84/100|[from] item: Rocky Helmet|[of] p1a: Rotom
|
|t:|1769434862
|switch|p2a: Kyurem|Kyurem|100/100|[from] U-turn
|-ability|p2a: Kyurem|Pressure
|move|p1a: Rotom|Will-O-Wisp|p2a: Kyurem
|-status|p2a: Kyurem|brn
|
|-damage|p2a: Kyurem|94/100 brn|[from] brn
|upkeep
|turn|8
|
|t:|1769434870
|switch|p1a: Comfey|Comfey, F|100/100
|move|p2a: Kyurem|Freeze-Dry|p1a: Comfey
|-damage|p1a: Comfey|56/100
|-status|p1a: Comfey|frz
|
|-damage|p2a: Kyurem|88/100 brn|[from] brn
|upkeep
|turn|9
|
|t:|1769434880
|move|p2a: Kyurem|Ice Beam|p1a: Comfey
|-damage|p1a: Comfey|0 fnt
|faint|p1a: Comfey
|
|-damage|p2a: Kyurem|82/100 brn|[from] brn
|upkeep
|
|t:|1769434888
|switch|p1a: Okidogi|Okidogi, M|89/100
|turn|10
|
|t:|1769434900
|switch|p2a: Iron Valiant|Iron Valiant|95/100
|move|p1a: Okidogi|Bulk Up|p1a: Okidogi
|-boost|p1a: Okidogi|atk|1
|-boost|p1a: Okidogi|def|1
|
|-heal|p1a: Okidogi|95/100|[from] item: Leftovers
|upkeep
|turn|11
|
|t:|1769434910
|move|p2a: Iron Valiant|Moonblast|p1a: Okidogi
|-damage|p1a: Okidogi|59/100
|-unboost|p1a: Okidogi|spa|1
|move|p1a: Okidogi|Drain Punch|p2a: Iron Valiant
|-resisted|p2a: Iron Valiant
|-damage|p2a: Iron Valiant|63/100
|-heal|p1a: Okidogi|71/100|[from] drain|[of] p2a: Iron Valiant
|
|-heal|p1a: Okidogi|77/100|[from] item: Leftovers
|upkeep
|turn|12
|
|t:|1769434916
|move|p2a: Iron Valiant|Moonblast|p1a: Okidogi
|-damage|p1a: Okidogi|39/100
|-unboost|p1a: Okidogi|spa|1
|move|p1a: Okidogi|Drain Punch|p2a: Iron Valiant
|-resisted|p2a: Iron Valiant
|-crit|p2a: Iron Valiant
|-damage|p2a: Iron Valiant|15/100
|-heal|p1a: Okidogi|57/100|[from] drain|[of] p2a: Iron Valiant
|
|-heal|p1a: Okidogi|63/100|[from] item: Leftovers
|upkeep
|turn|13
|
|t:|1769434919
|move|p2a: Iron Valiant|Moonblast|p1a: Okidogi
|-damage|p1a: Okidogi|26/100
|-unboost|p1a: Okidogi|spa|1
|move|p1a: Okidogi|Drain Punch|p2a: Iron Valiant
|-resisted|p2a: Iron Valiant
|-damage|p2a: Iron Valiant|0 fnt
|-heal|p1a: Okidogi|32/100|[from] drain|[of] p2a: Iron Valiant
|faint|p2a: Iron Valiant
|-end|p2a: Iron Valiant|Quark Drive|[silent]
|
|-heal|p1a: Okidogi|38/100|[from] item: Leftovers
|upkeep
|
|t:|1769434922
|switch|p2a: Kyurem|Kyurem|82/100 brn
|-ability|p2a: Kyurem|Pressure
|turn|14
|
|t:|1769434926
|-terastallize|p1a: Okidogi|Ghost
|move|p2a: Kyurem|Earth Power|p1a: Okidogi
|-damage|p1a: Okidogi|13/100
|move|p1a: Okidogi|Drain Punch|p2a: Kyurem
|-supereffective|p2a: Kyurem
|-damage|p2a: Kyurem|0 fnt
|-heal|p1a: Okidogi|58/100|[from] drain|[of] p2a: Kyurem
|faint|p2a: Kyurem
|
|-heal|p1a: Okidogi|64/100|[from] item: Leftovers
|upkeep
|
|t:|1769434943
|switch|p2a: Kingambit|Kingambit, M|100/100
|-activate|p2a: Kingambit|ability: Supreme Overlord
|-start|p2a: Kingambit|fallen2|[silent]
|turn|15
|
|t:|1769434950
|-terastallize|p2a: Kingambit|Dark
|move|p2a: Kingambit|Sucker Punch|p1a: Okidogi
|-supereffective|p1a: Okidogi
|-damage|p1a: Okidogi|0 fnt
|faint|p1a: Okidogi
|
|upkeep
|
|t:|1769434955
|switch|p1a: Rotom|Rotom-Wash|59/100
|turn|16
|
|t:|1769434972
|-end|p2a: Kingambit|fallen2|[silent]
|switch|p2a: Landorus|Landorus-Therian, M|100/100
|-ability|p2a: Landorus|Intimidate|boost
|-unboost|p1a: Rotom|atk|1
|move|p1a: Rotom|Will-O-Wisp|p2a: Landorus
|-status|p2a: Landorus|brn
|
|-damage|p2a: Landorus|94/100 brn|[from] brn
|upkeep
|turn|17
|
|t:|1769434978
|move|p2a: Landorus|Stealth Rock|p1a: Rotom
|-sidestart|p1: rekka auto|move: Stealth Rock
|move|p1a: Rotom|Pain Split|p2a: Landorus
|-sethp|p2a: Landorus|71/100 brn|[from] move: Pain Split|[silent]
|-sethp|p1a: Rotom|89/100|[from] move: Pain Split
|
|-damage|p2a: Landorus|65/100 brn|[from] brn
|upkeep
|turn|18
|j| TES.Jackylove
|
|t:|1769434988
|move|p2a: Landorus|Taunt|p1a: Rotom
|-start|p1a: Rotom|move: Taunt
|move|p1a: Rotom|Hydro Pump|p2a: Landorus
|-supereffective|p2a: Landorus
|-damage|p2a: Landorus|0 fnt
|faint|p2a: Landorus
|
|upkeep
|
|t:|1769435011
|switch|p2a: Kingambit|Kingambit, M, tera:Dark|100/100
|-activate|p2a: Kingambit|ability: Supreme Overlord
|-start|p2a: Kingambit|fallen3|[silent]
|turn|19
|
|t:|1769435014
|move|p1a: Rotom|Hydro Pump|p2a: Kingambit
|-damage|p2a: Kingambit|54/100
|move|p2a: Kingambit|Kowtow Cleave|p1a: Rotom
|-damage|p1a: Rotom|10/100
|-damage|p2a: Kingambit|37/100|[from] item: Rocky Helmet|[of] p1a: Rotom
|
|upkeep
|turn|20
|
|t:|1769435022
|move|p2a: Kingambit|Sucker Punch|p1a: Rotom
|-damage|p1a: Rotom|0 fnt
|-damage|p2a: Kingambit|21/100|[from] item: Rocky Helmet|[of] p1a: Rotom
|faint|p1a: Rotom
|
|upkeep
|
|t:|1769435024
|switch|p1a: Meowscarada|Meowscarada, F|100/100
|-damage|p1a: Meowscarada|88/100|[from] Stealth Rock
|turn|21
|
|t:|1769435037
|-end|p2a: Kingambit|fallen3|[silent]
|switch|p2a: Cinderace|Cinderace, M|84/100
|move|p1a: Meowscarada|Knock Off|p2a: Cinderace
|-start|p1a: Meowscarada|typechange|Dark|[from] ability: Protean
|-damage|p2a: Cinderace|26/100
|-enditem|p2a: Cinderace|Heavy-Duty Boots|[from] move: Knock Off|[of] p1a: Meowscarada
|
|upkeep
|turn|22
|
|t:|1769435046
|switch|p1a: Dragapult|Dragapult, M|28/100
|-damage|p1a: Dragapult|16/100|[from] Stealth Rock
|move|p2a: Cinderace|Pyro Ball|p1a: Dragapult
|-resisted|p1a: Dragapult
|-crit|p1a: Dragapult
|-damage|p1a: Dragapult|0 fnt
|faint|p1a: Dragapult
|
|upkeep
|
|t:|1769435048
|switch|p1a: Ting-Lu|Ting-Lu|100/100
|-damage|p1a: Ting-Lu|94/100|[from] Stealth Rock
|-ability|p1a: Ting-Lu|Vessel of Ruin
|turn|23
|inactive|OUZQ Crocodile has 120 seconds left.
|
|t:|1769435100
|switch|p2a: Glimmora|Glimmora, M|35/100
|move|p1a: Ting-Lu|Earthquake|p2a: Glimmora
|-supereffective|p2a: Glimmora
|-crit|p2a: Glimmora
|-damage|p2a: Glimmora|0 fnt
|-activate|p2a: Glimmora|ability: Toxic Debris
|-sidestart|p1: rekka auto|move: Toxic Spikes
|faint|p2a: Glimmora
|
|-heal|p1a: Ting-Lu|100/100|[from] item: Leftovers
|upkeep
|
|t:|1769435110
|switch|p2a: Cinderace|Cinderace, M|26/100
|turn|24
|
|t:|1769435113
|move|p2a: Cinderace|Pyro Ball|p1a: Ting-Lu|[miss]
|-miss|p2a: Cinderace|p1a: Ting-Lu
|move|p1a: Ting-Lu|Earthquake|p2a: Cinderace
|-supereffective|p2a: Cinderace
|-damage|p2a: Cinderace|0 fnt
|faint|p2a: Cinderace
|
|upkeep
|c|☆OUZQ Crocodile|I misclicked
|
|t:|1769435122
|switch|p2a: Kingambit|Kingambit, M, tera:Dark|21/100
|-activate|p2a: Kingambit|ability: Supreme Overlord
|-start|p2a: Kingambit|fallen5|[silent]
|turn|25
|
|t:|1769435125
|move|p2a: Kingambit|Low Kick|p1a: Ting-Lu
|-supereffective|p1a: Ting-Lu
|-damage|p1a: Ting-Lu|30/100
|move|p1a: Ting-Lu|Earthquake|p2a: Kingambit
|-damage|p2a: Kingambit|0 fnt
|faint|p2a: Kingambit
|-end|p2a: Kingambit|fallen5|[silent]
|
|win|rekka auto
|raw|rekka auto's rating: 1554 &rarr; <strong>1578</strong><br />(+24 for winning)
|raw|OUZQ Crocodile's rating: 1623 &rarr; <strong>1599</strong><br />(-24 for losing)
|l|☆OUZQ Crocodile
|player|p2|
|l|☆rekka auto
|player|p1|
|l| TES.Jackylove
