|j|☆Playing Foul
|j|☆Sunshinne
|t:|1769392886
|gametype|singles
|player|p1|Playing Foul|ethan-gen2|1673
|player|p2|Sunshinne|caitlin|1621
|gen|9
|tier|[Gen 9] OU
|rated|
|rule|HP Percentage Mod: HP is shown in percentages
|rule|Endless Battle Clause: Forcing endless battles is banned
|rule|Species Clause: Limit one of each Pokémon
|rule|OHKO Clause: OHKO moves are banned
|rule|Evasion Items Clause: Evasion items are banned
|rule|Evasion Moves Clause: Evasion moves are banned
|rule|Evasion Abilities Clause: Evasion abilities are banned
|rule|Sleep Moves Clause: Sleep-inducing moves are banned
|clearpoke
|poke|p1|Garganacl, F|
|poke|p1|Cinderace, M|
|poke|p1|Great Tusk|
|poke|p1|Iron Boulder|
|poke|p1|Tornadus-Therian, M|
|poke|p1|Iron Valiant|
|poke|p2|Ribombee, F|
|poke|p2|Glimmora, F|
|poke|p2|Manaphy|
|poke|p2|Zamazenta-*|
|poke|p2|Gholdengo|
|poke|p2|Kingambit, F|
|teampreview
|inactive|Battle timer is ON: inactive players will automatically lose when time's up. (requested by Sunshinne)
|
|t:|1769392900
|teamsize|p1|6
|teamsize|p2|6
|start
|switch|p1a: Tornadus|Tornadus-Therian, M|100/100
|switch|p2a: Ribombee|Ribombee, F|100/100
|turn|1
|c|☆Playing Foul|hf
|inactive|Playing Foul also wants the timer to be on.
|
|t:|1769392916
|move|p1a: Tornadus|Bleakwind Storm|p2a: Ribombee
|-supereffective|p2a: Ribombee
|-enditem|p2a: Ribombee|Focus Sash
|-damage|p2a: Ribombee|1/100
|move|p2a: Ribombee|Stun Spore|p1a: Tornadus
|-status|p1a: Tornadus|par
|
|upkeep
|turn|2
|
|t:|1769392931
|switch|p2a: Glimmora|Glimmora, F|100/100
|switch|p1a: Cinderace|Cinderace, M|100/100
|
|upkeep
|turn|3
|
|t:|1769392945
|switch|p1a: Garganacl|Garganacl, F|100/100
|move|p2a: Glimmora|Dazzling Gleam|p1a: Garganacl
|-damage|p1a: Garganacl|79/100
|
|-heal|p1a: Garganacl|85/100|[from] item: Leftovers
|upkeep
|turn|4
|
|t:|1769392960
|move|p2a: Glimmora|Meteor Beam||[still]
|-prepare|p2a: Glimmora|Meteor Beam
|-boost|p2a: Glimmora|spa|1
|-enditem|p2a: Glimmora|Power Herb
|-anim|p2a: Glimmora|Meteor Beam|p1a: Garganacl
|-damage|p1a: Garganacl|11/100
|move|p1a: Garganacl|Stealth Rock|p2a: Glimmora
|-sidestart|p2: Sunshinne|move: Stealth Rock
|
|-heal|p1a: Garganacl|17/100|[from] item: Leftovers
|upkeep
|turn|5
|
|t:|1769392973
|move|p1a: Garganacl|Protect|p1a: Garganacl
|-singleturn|p1a: Garganacl|Protect
|move|p2a: Glimmora|Sludge Bomb|p1a: Garganacl
|-activate|p1a: Garganacl|move: Protect
|
|-heal|p1a: Garganacl|24/100|[from] item: Leftovers
|upkeep
|turn|6
|
|t:|1769392988
|move|p1a: Garganacl|Protect||[still]
|-fail|p1a: Garganacl
|move|p2a: Glimmora|Sludge Bomb|p1a: Garganacl
|-resisted|p1a: Garganacl
|-damage|p1a: Garganacl|0 fnt
|faint|p1a: Garganacl
|
|upkeep
|
|t:|1769393001
|switch|p1a: Great Tusk|Great Tusk|100/100
|-enditem|p1a: Great Tusk|Booster Energy
|-activate|p1a: Great Tusk|ability: Protosynthesis|[fromitem]
|-start|p1a: Great Tusk|protosynthesisatk
|turn|7
|
|t:|1769393018
|move|p1a: Great Tusk|Headlong Rush|p2a: Glimmora
|-supereffective|p2a: Glimmora
|-damage|p2a: Glimmora|0 fnt
|-unboost|p1a: Great Tusk|def|1
|-unboost|p1a: Great Tusk|spd|1
|-activate|p2a: Glimmora|ability: Toxic Debris
|-sidestart|p1: Playing Foul|move: Toxic Spikes
|faint|p2a: Glimmora
|
|upkeep
|
|t:|1769393025
|switch|p2a: Gholdengo|Gholdengo|100/100
|-damage|p2a: Gholdengo|94/100|[from] Stealth Rock
|-item|p2a: Gholdengo|Air Balloon
|turn|8
|
|t:|1769393038
|-end|p1a: Great Tusk|Protosynthesis|[silent]
|switch|p1a: Cinderace|Cinderace, M|100/100
|move|p2a: Gholdengo|Make It Rain|p1a: Cinderace
|-resisted|p1a: Cinderace
|-damage|p1a: Cinderace|58/100
|-unboost|p2a: Gholdengo|spa|1
|
|upkeep
|turn|9
|
|t:|1769393053
|move|p1a: Cinderace|Court Change|p1a: Cinderace
|-start|p1a: Cinderace|typechange|Normal|[from] ability: Libero
|-swapsideconditions
|-activate|p1a: Cinderace|move: Court Change
|move|p2a: Gholdengo|Thunder Wave|p1a: Cinderace|[miss]
|-miss|p2a: Gholdengo|p1a: Cinderace
|
|upkeep
|turn|10
|
|t:|1769393067
|switch|p2a: Ribombee|Ribombee, F|1/100
|-status|p2a: Ribombee|psn
|move|p1a: Cinderace|Pyro Ball|p2a: Ribombee
|-supereffective|p2a: Ribombee
|-damage|p2a: Ribombee|0 fnt
|faint|p2a: Ribombee
|
|upkeep
|
|t:|1769393084
|switch|p2a: Manaphy|Manaphy|100/100
|-status|p2a: Manaphy|psn
|turn|11
|
|t:|1769393099
|move|p1a: Cinderace|U-turn|p2a: Manaphy
|-damage|p2a: Manaphy|78/100 psn
|
|t:|1769393112
|switch|p1a: Iron Valiant|Iron Valiant|100/100|[from] U-turn
|-damage|p1a: Iron Valiant|94/100|[from] Stealth Rock
|-enditem|p1a: Iron Valiant|Booster Energy
|-activate|p1a: Iron Valiant|ability: Quark Drive|[fromitem]
|-start|p1a: Iron Valiant|quarkdrivespa
|move|p2a: Manaphy|Surf|p1a: Iron Valiant
|-damage|p1a: Iron Valiant|25/100
|
|-heal|p2a: Manaphy|85/100 psn|[from] item: Leftovers
|-damage|p2a: Manaphy|72/100 psn|[from] psn
|upkeep
|turn|12
|inactive|Playing Foul has 120 seconds left.
|
|t:|1769393128
|move|p1a: Iron Valiant|Moonblast|p2a: Manaphy
|-damage|p2a: Manaphy|14/100 psn
|move|p2a: Manaphy|Surf|p1a: Iron Valiant
|-damage|p1a: Iron Valiant|0 fnt
|faint|p1a: Iron Valiant
|-end|p1a: Iron Valiant|Quark Drive|[silent]
|
|-heal|p2a: Manaphy|20/100 psn|[from] item: Leftovers
|-damage|p2a: Manaphy|8/100 psn|[from] psn
|upkeep
|inactive|Playing Foul has 120 seconds left.
|
|t:|1769393142
|switch|p1a: Great Tusk|Great Tusk|100/100
|-damage|p1a: Great Tusk|98/100|[from] Stealth Rock
|turn|13
|inactive|Playing Foul has 120 seconds left.
|
|t:|1769393155
|switch|p2a: Gholdengo|Gholdengo|94/100
|-item|p2a: Gholdengo|Air Balloon
|move|p1a: Great Tusk|Ice Spinner|p2a: Gholdengo
|-resisted|p2a: Gholdengo
|-damage|p2a: Gholdengo|81/100
|-enditem|p2a: Gholdengo|Air Balloon
|
|upkeep
|turn|14
|inactive|Playing Foul has 120 seconds left.
|
|t:|1769393168
|switch|p2a: Manaphy|Manaphy|8/100 psn
|move|p1a: Great Tusk|Headlong Rush|p2a: Manaphy
|-damage|p2a: Manaphy|0 fnt
|-unboost|p1a: Great Tusk|def|1
|-unboost|p1a: Great Tusk|spd|1
|faint|p2a: Manaphy
|
|upkeep
|
|t:|1769393176
|switch|p2a: Zamazenta|Zamazenta|100/100
|-status|p2a: Zamazenta|psn
|-ability|p2a: Zamazenta|Dauntless Shield|boost
|-boost|p2a: Zamazenta|def|1
|turn|15
|inactive|Playing Foul has 120 seconds left.
|
|t:|1769393189
|-end|p1a: Great Tusk|Protosynthesis|[silent]
|switch|p1a: Tornadus|Tornadus-Therian, M|100/100 par
|move|p2a: Zamazenta|Iron Defense|p2a: Zamazenta
|-boost|p2a: Zamazenta|def|2
|
|-damage|p2a: Zamazenta|88/100 psn|[from] psn
|upkeep
|turn|16
|inactive|Playing Foul has 120 seconds left.
|
|t:|1769393202
|move|p2a: Zamazenta|Stone Edge|p1a: Tornadus
|-supereffective|p1a: Tornadus
|-damage|p1a: Tornadus|21/100 par
|move|p1a: Tornadus|Bleakwind Storm|p2a: Zamazenta
|-supereffective|p2a: Zamazenta
|-damage|p2a: Zamazenta|3/100 psn
|-unboost|p2a: Zamazenta|spe|1
|
|-damage|p2a: Zamazenta|0 fnt|[from] psn
|faint|p2a: Zamazenta
|upkeep
|
|t:|1769393214
|switch|p2a: Kingambit|Kingambit, F|100/100
|-activate|p2a: Kingambit|ability: Supreme Overlord
|-start|p2a: Kingambit|fallen4|[silent]
|turn|17
|
|t:|1769393227
|switch|p1a: Great Tusk|Great Tusk|98/100
|-damage|p1a: Great Tusk|95/100|[from] Stealth Rock
|move|p2a: Kingambit|Swords Dance|p2a: Kingambit
|-boost|p2a: Kingambit|atk|2
|
|upkeep
|turn|18
|
|t:|1769393240
|-terastallize|p1a: Great Tusk|Ground
|-terastallize|p2a: Kingambit|Fairy
|move|p1a: Great Tusk|Headlong Rush|p2a: Kingambit
|-crit|p2a: Kingambit
|-damage|p2a: Kingambit|7/100
|-unboost|p1a: Great Tusk|def|1
|-unboost|p1a: Great Tusk|spd|1
|move|p2a: Kingambit|Swords Dance|p2a: Kingambit
|-boost|p2a: Kingambit|atk|2
|
|-heal|p2a: Kingambit|13/100|[from] item: Leftovers
|upkeep
|turn|19
|
|t:|1769393255
|move|p2a: Kingambit|Sucker Punch|p1a: Great Tusk
|-damage|p1a: Great Tusk|0 fnt
|faint|p1a: Great Tusk
|-end|p1a: Great Tusk|Protosynthesis|[silent]
|
|-heal|p2a: Kingambit|19/100|[from] item: Leftovers
|upkeep
|inactive|Playing Foul has 120 seconds left.
|
|t:|1769393268
|switch|p1a: Cinderace|Cinderace, M|58/100
|turn|20
|inactive|Playing Foul has 120 seconds left.
|
|t:|1769393281
|move|p1a: Cinderace|Sucker Punch|p2a: Kingambit
|-start|p1a: Cinderace|typechange|Dark|[from] ability: Libero
|-resisted|p2a: Kingambit
|-damage|p2a: Kingambit|6/100
|move|p2a: Kingambit|Sucker Punch||[still]
|-fail|p2a: Kingambit
|
|-heal|p2a: Kingambit|13/100|[from] item: Leftovers
|upkeep
|turn|21
|inactive|Playing Foul has 120 seconds left.
|
|t:|1769393294
|move|p1a: Cinderace|Sucker Punch|p2a: Kingambit
|-resisted|p2a: Kingambit
|-damage|p2a: Kingambit|0 fnt
|faint|p2a: Kingambit
|-end|p2a: Kingambit|fallen4|[silent]
|
|upkeep
|
|t:|1769393297
|switch|p2a: Gholdengo|Gholdengo|81/100
|turn|22
|
|t:|1769393309
|move|p1a: Cinderace|Pyro Ball|p2a: Gholdengo|[miss]
|-miss|p1a: Cinderace|p2a: Gholdengo
|move|p2a: Gholdengo|Thunder Wave|p1a: Cinderace
|-status|p1a: Cinderace|par
|
|upkeep
|turn|23
|
|t:|1769393322
|move|p1a: Cinderace|Sucker Punch|p2a: Gholdengo
|-supereffective|p2a: Gholdengo
|-damage|p2a: Gholdengo|13/100
|move|p2a: Gholdengo|Hex|p1a: Cinderace
|-resisted|p1a: Cinderace
|-crit|p1a: Cinderace
|-damage|p1a: Cinderace|0 fnt
|faint|p1a: Cinderace
|
|upkeep
|inactive|Playing Foul has 120 seconds left.
|
|t:|1769393334
|switch|p1a: Iron Boulder|Iron Boulder|100/100
|-damage|p1a: Iron Boulder|88/100|[from] Stealth Rock
|-enditem|p1a: Iron Boulder|Booster Energy
|-activate|p1a: Iron Boulder|ability: Quark Drive|[fromitem]
|-start|p1a: Iron Boulder|quarkdrivespe
|turn|24
|inactive|Playing Foul has 120 seconds left.
|
|t:|1769393346
|move|p1a: Iron Boulder|Mighty Cleave|p2a: Gholdengo
|-resisted|p2a: Gholdengo
|-damage|p2a: Gholdengo|0 fnt
|faint|p2a: Gholdengo
|
|win|Playing Foul
|raw|Playing Foul's rating: 1673 &rarr; <strong>1690</strong><br />(+17 for winning)
|raw|Sunshinne's rating: 1621 &rarr; <strong>1604</strong><br />(-17 for losing)
|c|☆Playing Foul|gg
