|j|☆Sloowbroo
|j|☆I AM A WILD GOAT
|t:|1769376541
|gametype|singles
|player|p1|Sloowbroo|teamrocket|1313
|player|p2|I AM A WILD GOAT|101|1320
|gen|9
|tier|[Gen 9] OU
|rated|
|rule|HP Percentage Mod: HP is shown in percentages
|rule|Endless Battle Clause: Forcing endless battles is banned
|rule|Species Clause: Limit one of each Pokémon
|rule|OHKO Clause: OHKO moves are banned
|rule|Evasion Items Clause: Evasion items are banned
|rule|Evasion Moves Clause: Evasion moves are banned
|rule|Evasion Abilities Clause: Evasion abilities are banned
|rule|Sleep Moves Clause: Sleep-inducing moves are banned
|clearpoke
|poke|p1|Slowking-Galar, F|
|poke|p1|Tornadus-Therian, M|
|poke|p1|Cinderace, F|
|poke|p1|Lokix, F|
|poke|p1|Hydrapple, F|
|poke|p1|Great Tusk|
|poke|p2|Cloyster, M|
|poke|p2|Polteageist|
|poke|p2|Metagross|
|poke|p2|Grimmsnarl, M|
|poke|p2|Kommo-o, F|
|poke|p2|Frosmoth, M|
|teampreview
|inactive|Battle timer is ON: inactive players will automatically lose when time's up. (requested by I AM A WILD GOAT)
|inactive|Sloowbroo has 120 seconds left.
|
|t:|1769376584
|teamsize|p1|6
|teamsize|p2|6
|start
|switch|p1a: Tornadus|Tornadus-Therian, M|100/100
|switch|p2a: Polteageist|Polteageist|100/100
|turn|1
|
|t:|1769376590
|move|p1a: Tornadus|Knock Off|p2a: Polteageist
|-supereffective|p2a: Polteageist
|-damage|p2a: Polteageist|28/100
|-ability|p2a: Polteageist|Weak Armor|boost
|-unboost|p2a: Polteageist|def|1
|-boost|p2a: Polteageist|spe|2
|-enditem|p2a: Polteageist|Focus Sash|[from] move: Knock Off|[of] p1a: Tornadus
|move|p2a: Polteageist|Shell Smash|p2a: Polteageist
|-unboost|p2a: Polteageist|def|1
|-unboost|p2a: Polteageist|spd|1
|-boost|p2a: Polteageist|atk|2
|-boost|p2a: Polteageist|spa|2
|-boost|p2a: Polteageist|spe|2
|
|upkeep
|turn|2
|
|t:|1769376616
|move|p2a: Polteageist|Stored Power|p1a: Tornadus
|-damage|p1a: Tornadus|26/100
|move|p1a: Tornadus|Knock Off|p2a: Polteageist
|-supereffective|p2a: Polteageist
|-damage|p2a: Polteageist|0 fnt
|faint|p2a: Polteageist
|
|upkeep
|
|t:|1769376620
|switch|p2a: Metagross|Metagross|100/100
|turn|3
|
|t:|1769376625
|move|p1a: Tornadus|U-turn|p2a: Metagross
|-damage|p2a: Metagross|87/100
|
|t:|1769376628
|switch|p1a: Cinderace|Cinderace, F|100/100|[from] U-turn
|move|p2a: Metagross|Agility|p2a: Metagross
|-boost|p2a: Metagross|spe|2
|
|upkeep
|turn|4
|
|t:|1769376636
|move|p2a: Metagross|Earthquake|p1a: Cinderace
|-supereffective|p1a: Cinderace
|-damage|p1a: Cinderace|0 fnt
|faint|p1a: Cinderace
|
|upkeep
|inactive|Sloowbroo has 120 seconds left.
|
|t:|1769376668
|switch|p1a: Lokix|Lokix, F|100/100
|turn|5
|
|t:|1769376674
|-terastallize|p2a: Metagross|Ground
|move|p2a: Metagross|Meteor Mash|p1a: Lokix
|-damage|p1a: Lokix|26/100
|move|p1a: Lokix|Knock Off|p2a: Metagross
|-damage|p2a: Metagross|21/100
|-enditem|p2a: Metagross|Weakness Policy|[from] move: Knock Off|[of] p1a: Lokix
|
|upkeep
|turn|6
|
|t:|1769376682
|switch|p1a: Great Tusk|Great Tusk|100/100
|move|p2a: Metagross|Meteor Mash|p1a: Great Tusk
|-damage|p1a: Great Tusk|64/100
|-damage|p2a: Metagross|5/100|[from] item: Rocky Helmet|[of] p1a: Great Tusk
|
|upkeep
|turn|7
|
|t:|1769376689
|move|p2a: Metagross|Earthquake|p1a: Great Tusk
|-damage|p1a: Great Tusk|25/100
|move|p1a: Great Tusk|Stealth Rock|p2a: Metagross
|-sidestart|p2: I AM A WILD GOAT|move: Stealth Rock
|
|upkeep
|turn|8
|
|t:|1769376696
|-end|p1a: Great Tusk|Protosynthesis|[silent]
|switch|p1a: Tornadus|Tornadus-Therian, M|59/100
|move|p2a: Metagross|Earthquake|p1a: Tornadus
|-immune|p1a: Tornadus
|
|upkeep
|turn|9
|
|t:|1769376700
|move|p2a: Metagross|Thunder Punch|p1a: Tornadus
|-supereffective|p1a: Tornadus
|-damage|p1a: Tornadus|0 fnt
|faint|p1a: Tornadus
|
|upkeep
|
|t:|1769376706
|switch|p1a: Lokix|Lokix, F|26/100
|turn|10
|
|t:|1769376708
|move|p1a: Lokix|First Impression|p2a: Metagross
|-damage|p2a: Metagross|0 fnt
|faint|p2a: Metagross
|
|upkeep
|
|t:|1769376711
|switch|p2a: Cloyster|Cloyster, M|100/100
|-damage|p2a: Cloyster|76/100|[from] Stealth Rock
|turn|11
|
|t:|1769376717
|switch|p1a: Slowking|Slowking-Galar, F|100/100
|move|p2a: Cloyster|Shell Smash|p2a: Cloyster
|-unboost|p2a: Cloyster|def|1
|-unboost|p2a: Cloyster|spd|1
|-boost|p2a: Cloyster|atk|2
|-boost|p2a: Cloyster|spa|2
|-boost|p2a: Cloyster|spe|2
|-enditem|p2a: Cloyster|White Herb
|-clearnegativeboost|p2a: Cloyster|[silent]
|
|upkeep
|turn|12
|
|t:|1769376723
|move|p2a: Cloyster|Icicle Spear|p1a: Slowking
|-damage|p1a: Slowking|84/100
|-damage|p1a: Slowking|67/100
|-damage|p1a: Slowking|49/100
|-damage|p1a: Slowking|31/100
|-damage|p1a: Slowking|14/100
|-hitcount|p1a: Slowking|5
|move|p1a: Slowking|Sludge Bomb|p2a: Cloyster
|-damage|p2a: Cloyster|0 fnt
|faint|p2a: Cloyster
|
|upkeep
|
|t:|1769376726
|switch|p2a: Kommo-o|Kommo-o, F|100/100
|-damage|p2a: Kommo-o|94/100|[from] Stealth Rock
|turn|13
|
|t:|1769376729
|move|p2a: Kommo-o|Clangorous Soul|p2a: Kommo-o
|-boost|p2a: Kommo-o|atk|1
|-boost|p2a: Kommo-o|def|1
|-boost|p2a: Kommo-o|spa|1
|-boost|p2a: Kommo-o|spd|1
|-boost|p2a: Kommo-o|spe|1
|-damage|p2a: Kommo-o|61/100
|-enditem|p2a: Kommo-o|Throat Spray
|-boost|p2a: Kommo-o|spa|1|[from] item: Throat Spray
|move|p1a: Slowking|Psychic Noise|p2a: Kommo-o
|-supereffective|p2a: Kommo-o
|-damage|p2a: Kommo-o|16/100
|-start|p2a: Kommo-o|move: Heal Block
|
|upkeep
|turn|14
|
|t:|1769376735
|move|p2a: Kommo-o|Boomburst|p1a: Slowking
|-damage|p1a: Slowking|0 fnt
|faint|p1a: Slowking
|
|-end|p2a: Kommo-o|move: Heal Block
|upkeep
|
|t:|1769376739
|switch|p1a: Lokix|Lokix, F|26/100
|turn|15
|
|t:|1769376742
|move|p1a: Lokix|First Impression|p2a: Kommo-o
|-resisted|p2a: Kommo-o
|-damage|p2a: Kommo-o|0 fnt
|faint|p2a: Kommo-o
|
|upkeep
|
|t:|1769376743
|switch|p2a: Frosmoth|Frosmoth, M|100/100
|-damage|p2a: Frosmoth|51/100|[from] Stealth Rock
|turn|16
|
|t:|1769376752
|switch|p1a: Hydrapple|Hydrapple, F|100/100
|move|p2a: Frosmoth|Quiver Dance|p2a: Frosmoth
|-boost|p2a: Frosmoth|spa|1
|-boost|p2a: Frosmoth|spd|1
|-boost|p2a: Frosmoth|spe|1
|
|upkeep
|turn|17
|
|t:|1769376757
|-terastallize|p1a: Hydrapple|Fairy
|move|p2a: Frosmoth|Ice Beam|p1a: Hydrapple
|-damage|p1a: Hydrapple|15/100
|move|p1a: Hydrapple|Nasty Plot|p1a: Hydrapple
|-boost|p1a: Hydrapple|spa|2
|
|upkeep
|turn|18
|
|t:|1769376762
|move|p2a: Frosmoth|Ice Beam|p1a: Hydrapple
|-damage|p1a: Hydrapple|0 fnt
|faint|p1a: Hydrapple
|
|upkeep
|
|t:|1769376765
|switch|p1a: Lokix|Lokix, F|26/100
|turn|19
|
|t:|1769376767
|move|p1a: Lokix|First Impression|p2a: Frosmoth
|-damage|p2a: Frosmoth|0 fnt
|faint|p2a: Frosmoth
|
|upkeep
|
|t:|1769376768
|switch|p2a: Grimmsnarl|Grimmsnarl, M|100/100
|-damage|p2a: Grimmsnarl|88/100|[from] Stealth Rock
|turn|20
|
|t:|1769376773
|switch|p1a: Great Tusk|Great Tusk|25/100
|move|p2a: Grimmsnarl|Spirit Break|p1a: Great Tusk
|-supereffective|p1a: Great Tusk
|-damage|p1a: Great Tusk|0 fnt
|-damage|p2a: Grimmsnarl|72/100|[from] item: Rocky Helmet|[of] p1a: Great Tusk
|faint|p1a: Great Tusk
|-end|p1a: Great Tusk|Protosynthesis|[silent]
|
|upkeep
|
|t:|1769376776
|switch|p1a: Lokix|Lokix, F|26/100
|turn|21
|
|t:|1769376778
|move|p1a: Lokix|First Impression|p2a: Grimmsnarl
|-damage|p2a: Grimmsnarl|0 fnt
|faint|p2a: Grimmsnarl
|
|win|Sloowbroo
|raw|Sloowbroo's rating: 1313 &rarr; <strong>1335</strong><br />(+22 for winning)
|raw|I AM A WILD GOAT's rating: 1340 &rarr; <strong>1318</strong><br />(-22 for losing)
|l|☆I AM A WILD GOAT
|player|p2|
