|j|☆nomamesway
|j|☆Jim Leader Adam
|t:|1769398935
|gametype|singles
|player|p1|nomamesway|266|1445
|player|p2|Jim Leader Adam|lenora|1398
|gen|9
|tier|[Gen 9] OU
|rated|
|rule|HP Percentage Mod: HP is shown in percentages
|rule|Endless Battle Clause: Forcing endless battles is banned
|rule|Species Clause: Limit one of each Pokémon
|rule|OHKO Clause: OHKO moves are banned
|rule|Evasion Items Clause: Evasion items are banned
|rule|Evasion Moves Clause: Evasion moves are banned
|rule|Evasion Abilities Clause: Evasion abilities are banned
|rule|Sleep Moves Clause: Sleep-inducing moves are banned
|clearpoke
|poke|p1|Primarina, M|
|poke|p1|Great Tusk|
|poke|p1|Kingambit, M|
|poke|p1|Slowking-Galar, M|
|poke|p1|Ogerpon, F|
|poke|p1|Enamorus, F|
|poke|p2|Zoroark-Hisui, F|
|poke|p2|Farigiraf, M|
|poke|p2|Kingambit, M|
|poke|p2|Corviknight, M|
|poke|p2|Gastrodon, F|
|poke|p2|Meowscarada, F|
|teampreview
|inactive|Battle timer is ON: inactive players will automatically lose when time's up. (requested by nomamesway)
|
|t:|1769398956
|teamsize|p1|6
|teamsize|p2|6
|start
|switch|p1a: Enamorus|Enamorus, F, shiny|100/100
|switch|p2a: Performative Male|Kingambit, M, shiny|100/100
|turn|1
|
|t:|1769398963
|move|p1a: Enamorus|Earth Power|p2a: Performative Male
|-damage|p2a: Performative Male|31/100
|replace|p2a: GET CATFISHED|Zoroark-Hisui, F, shiny
|-end|p2a: GET CATFISHED|Illusion
|move|p2a: GET CATFISHED|Sludge Bomb|p1a: Enamorus
|-supereffective|p1a: Enamorus
|-damage|p1a: Enamorus|0 fnt
|faint|p1a: Enamorus
|
|upkeep
|
|t:|1769398986
|switch|p1a: Ogerpon|Ogerpon, F|100/100
|turn|2
|
|t:|1769398993
|switch|p2a: Performative Male|Kingambit, M, shiny|100/100
|move|p1a: Ogerpon|Knock Off|p2a: Performative Male
|-resisted|p2a: Performative Male
|-damage|p2a: Performative Male|84/100
|-enditem|p2a: Performative Male|Assault Vest|[from] move: Knock Off|[of] p1a: Ogerpon
|
|upkeep
|turn|3
|
|t:|1769399000
|switch|p1a: Great Tusk|Great Tusk, shiny|100/100
|move|p2a: Performative Male|Kowtow Cleave|p1a: Great Tusk
|-resisted|p1a: Great Tusk
|-damage|p1a: Great Tusk|84/100
|-damage|p2a: Performative Male|67/100|[from] item: Rocky Helmet|[of] p1a: Great Tusk
|
|upkeep
|turn|4
|
|t:|1769399006
|switch|p2a: Kotoamatsukami|Corviknight, M|100/100
|move|p1a: Great Tusk|Stealth Rock|p2a: Kotoamatsukami
|-sidestart|p2: Jim Leader Adam|move: Stealth Rock
|
|upkeep
|turn|5
|
|t:|1769399014
|-end|p1a: Great Tusk|Protosynthesis|[silent]
|switch|p1a: Slowking|Slowking-Galar, M, shiny|100/100
|move|p2a: Kotoamatsukami|Defog|p1a: Slowking
|-unboost|p1a: Slowking|evasion|1
|-sideend|p2: Jim Leader Adam|Stealth Rock|[from] move: Defog|[of] p2a: Kotoamatsukami
|
|upkeep
|turn|6
|
|t:|1769399024
|switch|p2a: Performative Male|Kingambit, M, shiny|67/100
|move|p1a: Slowking|Flamethrower|p2a: Performative Male
|-supereffective|p2a: Performative Male
|-damage|p2a: Performative Male|24/100
|
|upkeep
|turn|7
|
|t:|1769399031
|move|p1a: Slowking|Flamethrower|p2a: Performative Male
|-supereffective|p2a: Performative Male
|-damage|p2a: Performative Male|0 fnt
|faint|p2a: Performative Male
|
|upkeep
|
|t:|1769399044
|switch|p2a: Morgana|Meowscarada, F, shiny|100/100
|turn|8
|
|t:|1769399051
|move|p2a: Morgana|Knock Off|p1a: Slowking
|-start|p2a: Morgana|typechange|Dark|[from] ability: Protean
|-supereffective|p1a: Slowking
|-damage|p1a: Slowking|28/100
|-enditem|p1a: Slowking|Assault Vest|[from] move: Knock Off|[of] p2a: Morgana
|move|p1a: Slowking|Sludge Bomb|p2a: Morgana
|-damage|p2a: Morgana|49/100
|
|upkeep
|turn|9
|
|t:|1769399072
|switch|p1a: Great Tusk|Great Tusk, shiny|84/100
|move|p2a: Morgana|Knock Off|p1a: Great Tusk
|-resisted|p1a: Great Tusk
|-crit|p1a: Great Tusk
|-damage|p1a: Great Tusk|59/100
|-damage|p2a: Morgana|33/100|[from] item: Rocky Helmet|[of] p1a: Great Tusk
|-enditem|p1a: Great Tusk|Rocky Helmet|[from] move: Knock Off|[of] p2a: Morgana
|
|upkeep
|turn|10
|
|t:|1769399080
|switch|p2a: Kotoamatsukami|Corviknight, M|100/100
|move|p1a: Great Tusk|Ice Spinner|p2a: Kotoamatsukami
|-damage|p2a: Kotoamatsukami|83/100
|-damage|p1a: Great Tusk|43/100|[from] item: Rocky Helmet|[of] p2a: Kotoamatsukami
|
|upkeep
|turn|11
|
|t:|1769399085
|-end|p1a: Great Tusk|Protosynthesis|[silent]
|switch|p1a: Slowking|Slowking-Galar, M, shiny|62/100
|move|p2a: Kotoamatsukami|Iron Defense|p2a: Kotoamatsukami
|-boost|p2a: Kotoamatsukami|def|2
|
|upkeep
|turn|12
|
|t:|1769399091
|switch|p2a: Great Topper|Gastrodon, F|100/100
|move|p1a: Slowking|Flamethrower|p2a: Great Topper
|-resisted|p2a: Great Topper
|-damage|p2a: Great Topper|91/100
|
|-heal|p2a: Great Topper|97/100|[from] item: Leftovers
|upkeep
|turn|13
|
|t:|1769399096
|switch|p1a: Ogerpon|Ogerpon, F|100/100
|move|p2a: Great Topper|Earth Power|p1a: Ogerpon
|-resisted|p1a: Ogerpon
|-damage|p1a: Ogerpon|76/100
|-unboost|p1a: Ogerpon|spd|1
|-ability|p1a: Ogerpon|Defiant|boost
|-boost|p1a: Ogerpon|atk|2
|
|-heal|p2a: Great Topper|100/100|[from] item: Leftovers
|upkeep
|turn|14
|
|t:|1769399103
|switch|p2a: Kotoamatsukami|Corviknight, M|83/100
|-terastallize|p1a: Ogerpon|Grass
|detailschange|p1a: Ogerpon|Ogerpon-Teal-Tera, F, tera:Grass
|-ability|p1a: Ogerpon|Embody Aspect (Teal)|boost
|-boost|p1a: Ogerpon|spe|1
|move|p1a: Ogerpon|Ivy Cudgel|p2a: Kotoamatsukami
|-resisted|p2a: Kotoamatsukami
|-damage|p2a: Kotoamatsukami|52/100
|
|upkeep
|turn|15
|
|t:|1769399124
|switch|p1a: Primarina|Primarina, M, shiny|100/100
|move|p2a: Kotoamatsukami|Roost|p2a: Kotoamatsukami
|-heal|p2a: Kotoamatsukami|100/100
|-singleturn|p2a: Kotoamatsukami|move: Roost
|
|upkeep
|turn|16
|
|t:|1769399134
|switch|p2a: Great Topper|Gastrodon, F|100/100
|move|p1a: Primarina|Whirlpool|p2a: Great Topper
|-ability|p2a: Great Topper|Storm Drain|boost
|-boost|p2a: Great Topper|spa|1
|
|upkeep
|turn|17
|
|t:|1769399139
|move|p1a: Primarina|Moonblast|p2a: Great Topper
|-damage|p2a: Great Topper|52/100
|move|p2a: Great Topper|Clear Smog|p1a: Primarina
|-supereffective|p1a: Primarina
|-damage|p1a: Primarina|59/100
|-clearboost|p1a: Primarina
|
|-heal|p1a: Primarina|65/100|[from] item: Leftovers
|-heal|p2a: Great Topper|58/100|[from] item: Leftovers
|upkeep
|turn|18
|
|t:|1769399148
|move|p1a: Primarina|Substitute|p1a: Primarina
|-start|p1a: Primarina|Substitute
|-damage|p1a: Primarina|40/100
|move|p2a: Great Topper|Recover|p2a: Great Topper
|-heal|p2a: Great Topper|100/100
|
|-heal|p1a: Primarina|46/100|[from] item: Leftovers
|upkeep
|turn|19
|
|t:|1769399152
|move|p1a: Primarina|Moonblast|p2a: Great Topper
|-damage|p2a: Great Topper|51/100
|move|p2a: Great Topper|Earth Power|p1a: Primarina
|-end|p1a: Primarina|Substitute
|
|-heal|p1a: Primarina|52/100|[from] item: Leftovers
|-heal|p2a: Great Topper|57/100|[from] item: Leftovers
|upkeep
|turn|20
|
|t:|1769399155
|move|p1a: Primarina|Moonblast|p2a: Great Topper
|-damage|p2a: Great Topper|6/100
|-unboost|p2a: Great Topper|spa|1
|move|p2a: Great Topper|Recover|p2a: Great Topper
|-heal|p2a: Great Topper|56/100
|
|-heal|p1a: Primarina|58/100|[from] item: Leftovers
|-heal|p2a: Great Topper|62/100|[from] item: Leftovers
|upkeep
|turn|21
|
|t:|1769399160
|move|p1a: Primarina|Moonblast|p2a: Great Topper
|-damage|p2a: Great Topper|12/100
|move|p2a: Great Topper|Earth Power|p1a: Primarina
|-damage|p1a: Primarina|15/100
|
|-heal|p1a: Primarina|21/100|[from] item: Leftovers
|-heal|p2a: Great Topper|18/100|[from] item: Leftovers
|upkeep
|turn|22
|
|t:|1769399165
|switch|p2a: Kotoamatsukami|Corviknight, M|100/100
|move|p1a: Primarina|Moonblast|p2a: Kotoamatsukami
|-resisted|p2a: Kotoamatsukami
|-damage|p2a: Kotoamatsukami|76/100
|
|-heal|p1a: Primarina|27/100|[from] item: Leftovers
|upkeep
|turn|23
|
|t:|1769399176
|switch|p1a: Slowking|Slowking-Galar, M, shiny|95/100
|move|p2a: Kotoamatsukami|Iron Defense|p2a: Kotoamatsukami
|-boost|p2a: Kotoamatsukami|def|2
|
|upkeep
|turn|24
|
|t:|1769399181
|switch|p2a: Great Topper|Gastrodon, F|18/100
|move|p1a: Slowking|Flamethrower|p2a: Great Topper
|-resisted|p2a: Great Topper
|-damage|p2a: Great Topper|6/100
|
|-heal|p2a: Great Topper|12/100|[from] item: Leftovers
|upkeep
|turn|25
|
|t:|1769399185
|move|p1a: Slowking|Psychic Noise|p2a: Great Topper
|-damage|p2a: Great Topper|0 fnt
|faint|p2a: Great Topper
|
|upkeep
|
|t:|1769399199
|switch|p2a: Melman|Farigiraf, M, shiny|31/100
|turn|26
|
|t:|1769399205
|move|p2a: Melman|Shadow Ball|p1a: Slowking
|-supereffective|p1a: Slowking
|-damage|p1a: Slowking|0 fnt
|faint|p1a: Slowking
|
|upkeep
|
|t:|1769399218
|switch|p1a: Ogerpon|Ogerpon-Teal-Tera, F, tera:Grass|76/100
|-ability|p1a: Ogerpon|Embody Aspect (Teal)|boost
|-boost|p1a: Ogerpon|spe|1
|turn|27
|
|t:|1769399222
|switch|p2a: Kotoamatsukami|Corviknight, M|76/100
|move|p1a: Ogerpon|U-turn|p2a: Kotoamatsukami
|-resisted|p2a: Kotoamatsukami
|-damage|p2a: Kotoamatsukami|70/100
|-damage|p1a: Ogerpon|59/100|[from] item: Rocky Helmet|[of] p2a: Kotoamatsukami
|inactive|nomamesway has 120 seconds left.
|
|t:|1769399264
|switch|p1a: Primarina|Primarina, M, shiny|27/100|[from] U-turn
|
|-heal|p1a: Primarina|33/100|[from] item: Leftovers
|upkeep
|turn|28
|inactive|nomamesway has 120 seconds left.
|
|t:|1769399281
|switch|p2a: Melman|Farigiraf, M, shiny|100/100
|move|p1a: Primarina|Psychic Noise|p2a: Melman
|-damage|p2a: Melman|59/100
|-start|p2a: Melman|move: Heal Block
|
|-heal|p1a: Primarina|39/100|[from] item: Leftovers
|upkeep
|turn|29
|
|t:|1769399296
|switch|p1a: Kingambit|Kingambit, M, shiny|100/100
|-activate|p1a: Kingambit|ability: Supreme Overlord
|-start|p1a: Kingambit|fallen2|[silent]
|move|p2a: Melman|Light Screen|p2a: Melman
|-sidestart|p2: Jim Leader Adam|move: Light Screen
|
|-end|p2a: Melman|move: Heal Block
|upkeep
|turn|30
|
|t:|1769399302
|switch|p2a: Kotoamatsukami|Corviknight, M|70/100
|move|p1a: Kingambit|Kowtow Cleave|p2a: Kotoamatsukami
|-damage|p2a: Kotoamatsukami|33/100
|-damage|p1a: Kingambit|84/100|[from] item: Rocky Helmet|[of] p2a: Kotoamatsukami
|
|-heal|p1a: Kingambit|90/100|[from] item: Leftovers
|upkeep
|turn|31
|
|t:|1769399307
|move|p2a: Kotoamatsukami|Roost|p2a: Kotoamatsukami
|-heal|p2a: Kotoamatsukami|83/100
|-singleturn|p2a: Kotoamatsukami|move: Roost
|move|p1a: Kingambit|Kowtow Cleave|p2a: Kotoamatsukami
|-damage|p2a: Kotoamatsukami|46/100
|-damage|p1a: Kingambit|73/100|[from] item: Rocky Helmet|[of] p2a: Kotoamatsukami
|
|-heal|p1a: Kingambit|80/100|[from] item: Leftovers
|upkeep
|turn|32
|
|t:|1769399311
|move|p2a: Kotoamatsukami|Body Press|p1a: Kingambit
|-supereffective|p1a: Kingambit
|-damage|p1a: Kingambit|3/100
|move|p1a: Kingambit|Swords Dance|p1a: Kingambit
|-boost|p1a: Kingambit|atk|2
|
|-heal|p1a: Kingambit|9/100|[from] item: Leftovers
|upkeep
|turn|33
|
|t:|1769399322
|move|p2a: Kotoamatsukami|Roost|p2a: Kotoamatsukami
|-heal|p2a: Kotoamatsukami|96/100
|-singleturn|p2a: Kotoamatsukami|move: Roost
|move|p1a: Kingambit|Kowtow Cleave|p2a: Kotoamatsukami
|-damage|p2a: Kotoamatsukami|30/100
|-damage|p1a: Kingambit|0 fnt|[from] item: Rocky Helmet|[of] p2a: Kotoamatsukami
|faint|p1a: Kingambit
|-end|p1a: Kingambit|fallen2|[silent]
|
|upkeep
|inactive|nomamesway has 120 seconds left.
|
|t:|1769399345
|switch|p1a: Primarina|Primarina, M, shiny|39/100
|turn|34
|inactive|nomamesway has 120 seconds left.
|
|t:|1769399363
|switch|p2a: Melman|Farigiraf, M, shiny|59/100
|move|p1a: Primarina|Substitute|p1a: Primarina
|-start|p1a: Primarina|Substitute
|-damage|p1a: Primarina|14/100
|
|-heal|p1a: Primarina|20/100|[from] item: Leftovers
|upkeep
|turn|35
|inactive|nomamesway has 120 seconds left.
|
|t:|1769399386
|move|p1a: Primarina|Moonblast|p2a: Melman
|-damage|p2a: Melman|31/100
|move|p2a: Melman|Hyper Voice|p1a: Primarina
|-damage|p1a: Primarina|0 fnt
|faint|p1a: Primarina
|
|upkeep
|
|t:|1769399392
|switch|p1a: Ogerpon|Ogerpon-Teal-Tera, F, tera:Grass|59/100
|-ability|p1a: Ogerpon|Embody Aspect (Teal)|boost
|-boost|p1a: Ogerpon|spe|1
|turn|36
|
|t:|1769399403
|move|p1a: Ogerpon|Ivy Cudgel|p2a: Melman
|-crit|p2a: Melman
|-damage|p2a: Melman|0 fnt
|faint|p2a: Melman
|
|-sideend|p2: Jim Leader Adam|move: Light Screen
|upkeep
|
|t:|1769399406
|switch|p2a: Kotoamatsukami|Corviknight, M|30/100
|turn|37
|
|t:|1769399414
|move|p1a: Ogerpon|Ivy Cudgel|p2a: Kotoamatsukami
|-resisted|p2a: Kotoamatsukami
|-damage|p2a: Kotoamatsukami|15/100
|move|p2a: Kotoamatsukami|Roost|p2a: Kotoamatsukami
|-heal|p2a: Kotoamatsukami|65/100
|-singleturn|p2a: Kotoamatsukami|move: Roost
|
|upkeep
|turn|38
|
|t:|1769399425
|switch|p1a: Great Tusk|Great Tusk, shiny|43/100
|move|p2a: Kotoamatsukami|Roost|p2a: Kotoamatsukami
|-heal|p2a: Kotoamatsukami|100/100
|-singleturn|p2a: Kotoamatsukami|move: Roost
|
|upkeep
|turn|39
|
|t:|1769399431
|move|p1a: Great Tusk|Ice Spinner|p2a: Kotoamatsukami
|-damage|p2a: Kotoamatsukami|85/100
|-damage|p1a: Great Tusk|26/100|[from] item: Rocky Helmet|[of] p2a: Kotoamatsukami
|move|p2a: Kotoamatsukami|Iron Defense|p2a: Kotoamatsukami
|-boost|p2a: Kotoamatsukami|def|2
|
|upkeep
|turn|40
|c|☆nomamesway|gg buh
|c|☆Jim Leader Adam|gg
|
|t:|1769399441
|move|p1a: Great Tusk|Ice Spinner|p2a: Kotoamatsukami
|-damage|p2a: Kotoamatsukami|76/100
|-damage|p1a: Great Tusk|10/100|[from] item: Rocky Helmet|[of] p2a: Kotoamatsukami
|move|p2a: Kotoamatsukami|Iron Defense|p2a: Kotoamatsukami
|-boost|p2a: Kotoamatsukami|def|2
|
|upkeep
|turn|41
|
|t:|1769399445
|move|p1a: Great Tusk|Ice Spinner|p2a: Kotoamatsukami
|-damage|p2a: Kotoamatsukami|70/100
|-damage|p1a: Great Tusk|0 fnt|[from] item: Rocky Helmet|[of] p2a: Kotoamatsukami
|faint|p1a: Great Tusk
|-end|p1a: Great Tusk|Protosynthesis|[silent]
|move|p2a: Kotoamatsukami|Body Press|p1: Great Tusk|[notarget]
|-fail|p2a: Kotoamatsukami
|
|upkeep
|
|t:|1769399446
|switch|p1a: Ogerpon|Ogerpon-Teal-Tera, F, tera:Grass|59/100
|-ability|p1a: Ogerpon|Embody Aspect (Teal)|boost
|-boost|p1a: Ogerpon|spe|1
|turn|42
|
|t:|1769399448
|move|p1a: Ogerpon|Rock Tomb|p2a: Kotoamatsukami
|-damage|p2a: Kotoamatsukami|63/100
|-ability|p2a: Kotoamatsukami|Mirror Armor
|-unboost|p1a: Ogerpon|spe|1
|move|p2a: Kotoamatsukami|Body Press|p1a: Ogerpon
|-damage|p1a: Ogerpon|0 fnt
|faint|p1a: Ogerpon
|detailschange|p1: Ogerpon|Ogerpon, F|[silent]
|
|win|Jim Leader Adam
|raw|nomamesway's rating: 1445 &rarr; <strong>1422</strong><br />(-23 for losing)
|raw|Jim Leader Adam's rating: 1398 &rarr; <strong>1421</strong><br />(+23 for winning)
|l|☆nomamesway
|player|p1|
|l|☆Jim Leader Adam
|player|p2|
