|j|☆SDLU
|j|☆iandc2008
|t:|1769427963
|gametype|singles
|player|p1|SDLU|1|1367
|player|p2|iandc2008|266|1396
|gen|9
|tier|[Gen 9] OU
|rated|
|rule|HP Percentage Mod: HP is shown in percentages
|rule|Endless Battle Clause: Forcing endless battles is banned
|rule|Species Clause: Limit one of each Pokémon
|rule|OHKO Clause: OHKO moves are banned
|rule|Evasion Items Clause: Evasion items are banned
|rule|Evasion Moves Clause: Evasion moves are banned
|rule|Evasion Abilities Clause: Evasion abilities are banned
|rule|Sleep Moves Clause: Sleep-inducing moves are banned
|clearpoke
|poke|p1|Clodsire, F|
|poke|p1|Dragapult, M|
|poke|p1|Skeledirge, M|
|poke|p1|Garganacl, M|
|poke|p1|Clefable, M|
|poke|p1|Moltres|
|poke|p2|Indeedee-F, F|
|poke|p2|Ursaluna, M|
|poke|p2|Porygon2|
|poke|p2|Hoopa-Unbound|
|poke|p2|Iron Treads|
|poke|p2|Iron Hands|
|teampreview
|inactive|Battle timer is ON: inactive players will automatically lose when time's up. (requested by SDLU)
|
|t:|1769427980
|teamsize|p1|6
|teamsize|p2|6
|start
|switch|p1a: Clodsire|Clodsire, F|100/100
|switch|p2a: Iron Treads|Iron Treads|100/100
|turn|1
|
|t:|1769427988
|move|p2a: Iron Treads|Stealth Rock|p1a: Clodsire
|-sidestart|p1: SDLU|move: Stealth Rock
|move|p1a: Clodsire|Spikes|p2a: Iron Treads
|-sidestart|p2: iandc2008|Spikes
|
|upkeep
|turn|2
|
|t:|1769427994
|switch|p1a: Moltres|Moltres|100/100
|move|p2a: Iron Treads|Rapid Spin|p1a: Moltres
|-damage|p1a: Moltres|85/100
|-boost|p2a: Iron Treads|spe|1
|-status|p2a: Iron Treads|brn|[from] ability: Flame Body|[of] p1a: Moltres
|-sideend|p2: iandc2008|Spikes|[from] move: Rapid Spin|[of] p2a: Iron Treads
|
|-damage|p2a: Iron Treads|94/100 brn|[from] brn
|upkeep
|turn|3
|
|t:|1769428005
|switch|p1a: Clodsire|Clodsire, F|100/100
|-damage|p1a: Clodsire|94/100|[from] Stealth Rock
|move|p2a: Iron Treads|Knock Off|p1a: Clodsire
|-damage|p1a: Clodsire|77/100
|-enditem|p1a: Clodsire|Black Sludge|[from] move: Knock Off|[of] p2a: Iron Treads
|
|-heal|p2a: Iron Treads|100/100 brn|[from] item: Leftovers
|-damage|p2a: Iron Treads|94/100 brn|[from] brn
|upkeep
|turn|4
|
|t:|1769428012
|move|p2a: Iron Treads|Earthquake|p1a: Clodsire
|-supereffective|p1a: Clodsire
|-damage|p1a: Clodsire|23/100
|move|p1a: Clodsire|Spikes|p2a: Iron Treads
|-sidestart|p2: iandc2008|Spikes
|
|-heal|p2a: Iron Treads|100/100 brn|[from] item: Leftovers
|-damage|p2a: Iron Treads|94/100 brn|[from] brn
|upkeep
|turn|5
|
|t:|1769428019
|move|p2a: Iron Treads|Rapid Spin|p1a: Clodsire
|-damage|p1a: Clodsire|15/100
|-boost|p2a: Iron Treads|spe|1
|-sideend|p2: iandc2008|Spikes|[from] move: Rapid Spin|[of] p2a: Iron Treads
|move|p1a: Clodsire|Earthquake|p2a: Iron Treads
|-supereffective|p2a: Iron Treads
|-crit|p2a: Iron Treads
|-damage|p2a: Iron Treads|16/100 brn
|
|-heal|p2a: Iron Treads|22/100 brn|[from] item: Leftovers
|-damage|p2a: Iron Treads|16/100 brn|[from] brn
|upkeep
|turn|6
|
|t:|1769428031
|move|p2a: Iron Treads|Earthquake|p1a: Clodsire
|-supereffective|p1a: Clodsire
|-damage|p1a: Clodsire|0 fnt
|faint|p1a: Clodsire
|
|-heal|p2a: Iron Treads|22/100 brn|[from] item: Leftovers
|-damage|p2a: Iron Treads|16/100 brn|[from] brn
|upkeep
|
|t:|1769428035
|switch|p1a: Dragapult|Dragapult, M|100/100
|turn|7
|
|t:|1769428043
|move|p2a: Iron Treads|Knock Off|p1a: Dragapult
|-supereffective|p1a: Dragapult
|-damage|p1a: Dragapult|60/100
|-enditem|p1a: Dragapult|Heavy-Duty Boots|[from] move: Knock Off|[of] p2a: Iron Treads
|move|p1a: Dragapult|U-turn|p2a: Iron Treads
|-resisted|p2a: Iron Treads
|-damage|p2a: Iron Treads|5/100 brn
|
|t:|1769428051
|switch|p1a: Garganacl|Garganacl, M|100/100|[from] U-turn
|-damage|p1a: Garganacl|88/100|[from] Stealth Rock
|
|-heal|p2a: Iron Treads|11/100 brn|[from] item: Leftovers
|-heal|p1a: Garganacl|94/100|[from] item: Leftovers
|-damage|p2a: Iron Treads|5/100 brn|[from] brn
|upkeep
|turn|8
|
|t:|1769428056
|move|p2a: Iron Treads|Earthquake|p1a: Garganacl
|-supereffective|p1a: Garganacl
|-damage|p1a: Garganacl|71/100
|move|p1a: Garganacl|Stealth Rock|p2a: Iron Treads
|-sidestart|p2: iandc2008|move: Stealth Rock
|
|-heal|p2a: Iron Treads|11/100 brn|[from] item: Leftovers
|-heal|p1a: Garganacl|77/100|[from] item: Leftovers
|-damage|p2a: Iron Treads|5/100 brn|[from] brn
|upkeep
|turn|9
|
|t:|1769428063
|move|p1a: Garganacl|Protect|p1a: Garganacl
|-singleturn|p1a: Garganacl|Protect
|move|p2a: Iron Treads|Rapid Spin|p1a: Garganacl
|-activate|p1a: Garganacl|move: Protect
|
|-heal|p2a: Iron Treads|11/100 brn|[from] item: Leftovers
|-heal|p1a: Garganacl|83/100|[from] item: Leftovers
|-damage|p2a: Iron Treads|5/100 brn|[from] brn
|upkeep
|turn|10
|
|t:|1769428072
|move|p2a: Iron Treads|Rapid Spin|p1a: Garganacl
|-resisted|p1a: Garganacl
|-damage|p1a: Garganacl|81/100
|-boost|p2a: Iron Treads|spe|1
|-sideend|p2: iandc2008|Stealth Rock|[from] move: Rapid Spin|[of] p2a: Iron Treads
|move|p1a: Garganacl|Salt Cure|p2a: Iron Treads
|-resisted|p2a: Iron Treads
|-damage|p2a: Iron Treads|1/100 brn
|-start|p2a: Iron Treads|Salt Cure
|
|-heal|p2a: Iron Treads|8/100 brn|[from] item: Leftovers
|-heal|p1a: Garganacl|87/100|[from] item: Leftovers
|-damage|p2a: Iron Treads|1/100 brn|[from] brn
|-damage|p2a: Iron Treads|0 fnt|[from] Salt Cure
|faint|p2a: Iron Treads
|-end|p2a: Iron Treads|Quark Drive|[silent]
|upkeep
|
|t:|1769428090
|switch|p2a: Ursaluna|Ursaluna, M|100/100
|turn|11
|
|t:|1769428109
|-terastallize|p1a: Garganacl|Water
|move|p2a: Ursaluna|Swords Dance|p2a: Ursaluna
|-boost|p2a: Ursaluna|atk|2
|move|p1a: Garganacl|Salt Cure|p2a: Ursaluna
|-resisted|p2a: Ursaluna
|-damage|p2a: Ursaluna|95/100
|-start|p2a: Ursaluna|Salt Cure
|
|-heal|p1a: Garganacl|93/100|[from] item: Leftovers
|-damage|p2a: Ursaluna|83/100|[from] Salt Cure
|-status|p2a: Ursaluna|brn|[from] item: Flame Orb
|upkeep
|turn|12
|
|t:|1769428122
|move|p1a: Garganacl|Protect|p1a: Garganacl
|-singleturn|p1a: Garganacl|Protect
|move|p2a: Ursaluna|Facade|p1a: Garganacl
|-activate|p1a: Garganacl|move: Protect
|
|-heal|p1a: Garganacl|99/100|[from] item: Leftovers
|-damage|p2a: Ursaluna|77/100 brn|[from] brn
|-damage|p2a: Ursaluna|64/100 brn|[from] Salt Cure
|upkeep
|turn|13
|
|t:|1769428133
|switch|p1a: Dragapult|Dragapult, M|60/100
|-damage|p1a: Dragapult|47/100|[from] Stealth Rock
|move|p2a: Ursaluna|Facade|p1a: Dragapult
|-immune|p1a: Dragapult
|
|-damage|p2a: Ursaluna|58/100 brn|[from] brn
|-damage|p2a: Ursaluna|45/100 brn|[from] Salt Cure
|upkeep
|turn|14
|
|t:|1769428146
|move|p1a: Dragapult|Dragon Darts|p2a: Ursaluna
|-damage|p2a: Ursaluna|29/100 brn
|-anim|p1a: Dragapult|Dragon Darts|p2a: Ursaluna
|-crit|p2a: Ursaluna
|-damage|p2a: Ursaluna|2/100 brn
|move|p2a: Ursaluna|Headlong Rush|p1a: Dragapult
|-damage|p1a: Dragapult|0 fnt
|-unboost|p2a: Ursaluna|def|1
|-unboost|p2a: Ursaluna|spd|1
|faint|p1a: Dragapult
|
|-damage|p2a: Ursaluna|0 fnt|[from] brn
|faint|p2a: Ursaluna
|upkeep
|
|t:|1769428155
|switch|p1a: Garganacl|Garganacl, M, tera:Water|99/100
|switch|p2a: Porygon2|Porygon2|100/100
|-ability|p2a: Porygon2|Purifying Salt|Trace|[from] ability: Trace|[of] p1a: Garganacl
|-damage|p1a: Garganacl|87/100|[from] Stealth Rock
|turn|15
|
|t:|1769428162
|move|p2a: Porygon2|Tri Attack|p1a: Garganacl
|-damage|p1a: Garganacl|59/100
|move|p1a: Garganacl|Stealth Rock|p2a: Porygon2
|-sidestart|p2: iandc2008|move: Stealth Rock
|
|-heal|p1a: Garganacl|65/100|[from] item: Leftovers
|upkeep
|turn|16
|
|t:|1769428167
|move|p2a: Porygon2|Tri Attack|p1a: Garganacl
|-damage|p1a: Garganacl|41/100
|move|p1a: Garganacl|Salt Cure|p2a: Porygon2
|-damage|p2a: Porygon2|91/100
|-start|p2a: Porygon2|Salt Cure
|
|-heal|p1a: Garganacl|47/100|[from] item: Leftovers
|-damage|p2a: Porygon2|78/100|[from] Salt Cure
|upkeep
|turn|17
|
|t:|1769428176
|move|p1a: Garganacl|Protect|p1a: Garganacl
|-singleturn|p1a: Garganacl|Protect
|move|p2a: Porygon2|Trick Room|p2a: Porygon2
|-fieldstart|move: Trick Room|[of] p2a: Porygon2
|
|-heal|p1a: Garganacl|53/100|[from] item: Leftovers
|-damage|p2a: Porygon2|66/100|[from] Salt Cure
|upkeep
|turn|18
|
|t:|1769428181
|switch|p2a: Iron Hands|Iron Hands|100/100
|-damage|p2a: Iron Hands|94/100|[from] Stealth Rock
|move|p1a: Garganacl|Recover|p1a: Garganacl
|-heal|p1a: Garganacl|100/100
|
|upkeep
|turn|19
|
|t:|1769428190
|move|p1a: Garganacl|Salt Cure|p2a: Iron Hands
|-resisted|p2a: Iron Hands
|-damage|p2a: Iron Hands|90/100
|-start|p2a: Iron Hands|Salt Cure
|move|p2a: Iron Hands|Thunder Punch|p1a: Garganacl
|-supereffective|p1a: Garganacl
|-damage|p1a: Garganacl|28/100
|
|-heal|p1a: Garganacl|34/100|[from] item: Leftovers
|-damage|p2a: Iron Hands|77/100|[from] Salt Cure
|upkeep
|turn|20
|
|t:|1769428200
|move|p1a: Garganacl|Protect|p1a: Garganacl
|-singleturn|p1a: Garganacl|Protect
|move|p2a: Iron Hands|Thunder Punch|p1a: Garganacl
|-activate|p1a: Garganacl|move: Protect
|
|-heal|p1a: Garganacl|40/100|[from] item: Leftovers
|-damage|p2a: Iron Hands|65/100|[from] Salt Cure
|upkeep
|turn|21
|
|t:|1769428223
|move|p1a: Garganacl|Recover|p1a: Garganacl
|-heal|p1a: Garganacl|90/100
|move|p2a: Iron Hands|Thunder Punch|p1a: Garganacl
|-supereffective|p1a: Garganacl
|-damage|p1a: Garganacl|19/100
|
|-heal|p1a: Garganacl|25/100|[from] item: Leftovers
|-damage|p2a: Iron Hands|53/100|[from] Salt Cure
|-fieldend|move: Trick Room
|upkeep
|turn|22
|
|t:|1769428235
|-end|p2a: Iron Hands|Quark Drive|[silent]
|switch|p2a: Porygon2|Porygon2|66/100
|-damage|p2a: Porygon2|54/100|[from] Stealth Rock
|-ability|p2a: Porygon2|Purifying Salt|Trace|[from] ability: Trace|[of] p1a: Garganacl
|move|p1a: Garganacl|Protect||[still]
|-fail|p1a: Garganacl
|
|-heal|p1a: Garganacl|31/100|[from] item: Leftovers
|upkeep
|turn|23
|
|t:|1769428239
|switch|p2a: Iron Hands|Iron Hands|53/100
|-damage|p2a: Iron Hands|46/100|[from] Stealth Rock
|move|p1a: Garganacl|Recover|p1a: Garganacl
|-heal|p1a: Garganacl|81/100
|
|-heal|p1a: Garganacl|87/100|[from] item: Leftovers
|upkeep
|turn|24
|
|t:|1769428248
|switch|p1a: Skeledirge|Skeledirge, M|100/100
|move|p2a: Iron Hands|Thunder Punch|p1a: Skeledirge
|-damage|p1a: Skeledirge|59/100
|
|upkeep
|turn|25
|
|t:|1769428255
|move|p1a: Skeledirge|Will-O-Wisp|p2a: Iron Hands
|-status|p2a: Iron Hands|brn
|move|p2a: Iron Hands|Thunder Punch|p1a: Skeledirge
|-damage|p1a: Skeledirge|40/100
|
|-damage|p2a: Iron Hands|40/100 brn|[from] brn
|upkeep
|turn|26
|
|t:|1769428261
|move|p1a: Skeledirge|Slack Off|p1a: Skeledirge
|-heal|p1a: Skeledirge|90/100
|move|p2a: Iron Hands|Thunder Punch|p1a: Skeledirge
|-damage|p1a: Skeledirge|70/100
|
|-damage|p2a: Iron Hands|34/100 brn|[from] brn
|upkeep
|turn|27
|
|t:|1769428266
|move|p1a: Skeledirge|Slack Off|p1a: Skeledirge
|-heal|p1a: Skeledirge|100/100
|move|p2a: Iron Hands|Thunder Punch|p1a: Skeledirge
|-damage|p1a: Skeledirge|81/100
|
|-damage|p2a: Iron Hands|28/100 brn|[from] brn
|upkeep
|turn|28
|
|t:|1769428273
|move|p1a: Skeledirge|Torch Song|p2a: Iron Hands
|-damage|p2a: Iron Hands|2/100 brn
|-boost|p1a: Skeledirge|spa|1
|move|p2a: Iron Hands|Thunder Punch|p1a: Skeledirge
|-damage|p1a: Skeledirge|60/100
|
|-damage|p2a: Iron Hands|0 fnt|[from] brn
|faint|p2a: Iron Hands
|-end|p2a: Iron Hands|Quark Drive|[silent]
|upkeep
|
|t:|1769428283
|switch|p2a: Porygon2|Porygon2|54/100
|-damage|p2a: Porygon2|41/100|[from] Stealth Rock
|-ability|p2a: Porygon2|Unaware|Trace|[from] ability: Trace|[of] p1a: Skeledirge
|turn|29
|
|t:|1769428296
|move|p1a: Skeledirge|Slack Off|p1a: Skeledirge
|-heal|p1a: Skeledirge|100/100
|move|p2a: Porygon2|Recover|p2a: Porygon2
|-heal|p2a: Porygon2|91/100
|
|upkeep
|turn|30
|
|t:|1769428304
|switch|p2a: Hoopa|Hoopa-Unbound|100/100
|-damage|p2a: Hoopa|88/100|[from] Stealth Rock
|move|p1a: Skeledirge|Torch Song|p2a: Hoopa
|-damage|p2a: Hoopa|65/100
|-boost|p1a: Skeledirge|spa|1
|
|upkeep
|turn|31
|
|t:|1769428317
|switch|p1a: Clefable|Clefable, M|100/100
|-damage|p1a: Clefable|88/100|[from] Stealth Rock
|move|p2a: Hoopa|Knock Off|p1a: Clefable
|-resisted|p1a: Clefable
|-damage|p1a: Clefable|60/100
|-enditem|p1a: Clefable|Covert Cloak|[from] move: Knock Off|[of] p2a: Hoopa
|
|upkeep
|turn|32
|
|t:|1769428324
|switch|p2a: Indeedee|Indeedee-F, F|100/100
|-damage|p2a: Indeedee|88/100|[from] Stealth Rock
|-fieldstart|move: Psychic Terrain|[from] ability: Psychic Surge|[of] p2a: Indeedee
|move|p1a: Clefable|Moonlight|p1a: Clefable
|-heal|p1a: Clefable|100/100
|
|upkeep
|turn|33
|
|t:|1769428330
|switch|p2a: Hoopa|Hoopa-Unbound|65/100
|-damage|p2a: Hoopa|53/100|[from] Stealth Rock
|move|p1a: Clefable|Calm Mind|p1a: Clefable
|-boost|p1a: Clefable|spa|1
|-boost|p1a: Clefable|spd|1
|
|upkeep
|turn|34
|
|t:|1769428335
|move|p2a: Hoopa|Expanding Force|p1a: Clefable
|-damage|p1a: Clefable|56/100
|move|p1a: Clefable|Moonblast|p2a: Hoopa
|-supereffective|p2a: Hoopa
|-damage|p2a: Hoopa|5/100
|
|upkeep
|turn|35
|
|t:|1769428342
|move|p2a: Hoopa|Expanding Force|p1a: Clefable
|-damage|p1a: Clefable|14/100
|move|p1a: Clefable|Moonlight|p1a: Clefable
|-heal|p1a: Clefable|64/100
|
|upkeep
|turn|36
|
|t:|1769428346
|move|p2a: Hoopa|Expanding Force|p1a: Clefable
|-damage|p1a: Clefable|22/100
|move|p1a: Clefable|Moonlight|p1a: Clefable
|-heal|p1a: Clefable|72/100
|
|upkeep
|turn|37
|
|t:|1769428350
|move|p2a: Hoopa|Expanding Force|p1a: Clefable
|-damage|p1a: Clefable|29/100
|move|p1a: Clefable|Moonlight|p1a: Clefable
|-heal|p1a: Clefable|79/100
|
|upkeep
|turn|38
|
|t:|1769428354
|move|p2a: Hoopa|Expanding Force|p1a: Clefable
|-damage|p1a: Clefable|37/100
|move|p1a: Clefable|Moonlight|p1a: Clefable
|-heal|p1a: Clefable|87/100
|
|upkeep
|turn|39
|
|t:|1769428357
|move|p2a: Hoopa|Expanding Force|p1a: Clefable
|-damage|p1a: Clefable|41/100
|move|p1a: Clefable|Moonlight|p1a: Clefable
|-heal|p1a: Clefable|91/100
|
|-fieldend|move: Psychic Terrain
|upkeep
|turn|40
|
|t:|1769428362
|move|p2a: Hoopa|Expanding Force|p1a: Clefable
|-damage|p1a: Clefable|68/100
|move|p1a: Clefable|Calm Mind|p1a: Clefable
|-boost|p1a: Clefable|spa|1
|-boost|p1a: Clefable|spd|1
|
|upkeep
|turn|41
|
|t:|1769428369
|switch|p2a: Indeedee|Indeedee-F, F|88/100
|-damage|p2a: Indeedee|76/100|[from] Stealth Rock
|-fieldstart|move: Psychic Terrain|[from] ability: Psychic Surge|[of] p2a: Indeedee
|move|p1a: Clefable|Calm Mind|p1a: Clefable
|-boost|p1a: Clefable|spa|1
|-boost|p1a: Clefable|spd|1
|
|upkeep
|turn|42
|
|t:|1769428377
|move|p2a: Indeedee|Hyper Voice|p1a: Clefable
|-damage|p1a: Clefable|59/100
|move|p1a: Clefable|Moonlight|p1a: Clefable
|-heal|p1a: Clefable|100/100
|
|upkeep
|turn|43
|-message|iandc2008 forfeited.
|
|win|SDLU
|raw|SDLU's rating: 1367 &rarr; <strong>1389</strong><br />(+22 for winning)
|raw|iandc2008's rating: 1396 &rarr; <strong>1374</strong><br />(-22 for losing)
|l|☆iandc2008
|player|p2|
|l|☆SDLU
|player|p1|
