|j|☆okbuddychingling
|j|☆BorderofSeal
|t:|1769317541
|gametype|singles
|player|p1|okbuddychingling|gambler|1517
|player|p2|BorderofSeal|102|1487
|gen|9
|tier|[Gen 9] OU
|rated|
|rule|HP Percentage Mod: HP is shown in percentages
|rule|Endless Battle Clause: Forcing endless battles is banned
|rule|Species Clause: Limit one of each Pokémon
|rule|OHKO Clause: OHKO moves are banned
|rule|Evasion Items Clause: Evasion items are banned
|rule|Evasion Moves Clause: Evasion moves are banned
|rule|Evasion Abilities Clause: Evasion abilities are banned
|rule|Sleep Moves Clause: Sleep-inducing moves are banned
|clearpoke
|poke|p1|Iron Crown|
|poke|p1|Zamazenta-*|
|poke|p1|Great Tusk|
|poke|p1|Kingambit, F|
|poke|p1|Enamorus, F|
|poke|p1|Ogerpon-Wellspring, F|
|poke|p2|Iron Treads|
|poke|p2|Rillaboom, F|
|poke|p2|Heatran, M|
|poke|p2|Zapdos|
|poke|p2|Iron Valiant|
|poke|p2|Serperior, F|
|teampreview
|
|t:|1769317564
|teamsize|p1|6
|teamsize|p2|6
|start
|switch|p1a: Madusa|Enamorus, F|100/100
|switch|p2a: Iron Treads|Iron Treads|100/100
|turn|1
|
|t:|1769317576
|move|p1a: Madusa|Earth Power|p2a: Iron Treads
|-supereffective|p2a: Iron Treads
|-damage|p2a: Iron Treads|11/100
|move|p2a: Iron Treads|Ice Spinner|p1a: Madusa
|-supereffective|p1a: Madusa
|-damage|p1a: Madusa|23/100
|
|upkeep
|turn|2
|
|t:|1769317580
|-end|p2a: Iron Treads|Quark Drive|[silent]
|switch|p2a: Zapdos|Zapdos|100/100
|-ability|p2a: Zapdos|Pressure
|move|p1a: Madusa|Earth Power|p2a: Zapdos
|-immune|p2a: Zapdos
|
|upkeep
|turn|3
|
|t:|1769317586
|switch|p1a: Lord of the Flies|Zamazenta|100/100
|-ability|p1a: Lord of the Flies|Dauntless Shield|boost
|-boost|p1a: Lord of the Flies|def|1
|move|p2a: Zapdos|Hurricane|p1a: Lord of the Flies
|-supereffective|p1a: Lord of the Flies
|-damage|p1a: Lord of the Flies|13/100
|
|upkeep
|turn|4
|
|t:|1769317606
|switch|p1a: The Haunted Mask|Ogerpon-Wellspring, F|100/100
|switch|p2a: Rillaboom|Rillaboom, F|100/100
|-fieldstart|move: Grassy Terrain|[from] ability: Grassy Surge|[of] p2a: Rillaboom
|
|upkeep
|turn|5
|
|t:|1769317613
|move|p1a: The Haunted Mask|Power Whip|p2a: Rillaboom|[miss]
|-miss|p1a: The Haunted Mask|p2a: Rillaboom
|move|p2a: Rillaboom|Wood Hammer|p1a: The Haunted Mask
|-damage|p1a: The Haunted Mask|0 fnt
|faint|p1a: The Haunted Mask
|-damage|p2a: Rillaboom|71/100|[from] Recoil
|
|-heal|p2a: Rillaboom|78/100|[from] Grassy Terrain
|upkeep
|
|t:|1769317618
|switch|p1a: Queengambit|Kingambit, F|100/100
|-activate|p1a: Queengambit|ability: Supreme Overlord
|-start|p1a: Queengambit|fallen1|[silent]
|turn|6
|
|t:|1769317627
|move|p2a: Rillaboom|Wood Hammer|p1a: Queengambit
|-resisted|p1a: Queengambit
|-damage|p1a: Queengambit|53/100
|-damage|p2a: Rillaboom|62/100|[from] Recoil
|move|p1a: Queengambit|Swords Dance|p1a: Queengambit
|-boost|p1a: Queengambit|atk|2
|
|-heal|p2a: Rillaboom|68/100|[from] Grassy Terrain
|-heal|p1a: Queengambit|59/100|[from] Grassy Terrain
|upkeep
|turn|7
|
|t:|1769317631
|switch|p2a: Iron Treads|Iron Treads|11/100
|move|p1a: Queengambit|Sucker Punch||[still]
|-fail|p1a: Queengambit
|
|-heal|p2a: Iron Treads|17/100|[from] Grassy Terrain
|-heal|p1a: Queengambit|65/100|[from] Grassy Terrain
|upkeep
|turn|8
|
|t:|1769317635
|-end|p2a: Iron Treads|Quark Drive|[silent]
|switch|p2a: Heatran|Heatran, M|100/100
|move|p1a: Queengambit|Sucker Punch||[still]
|-fail|p1a: Queengambit
|
|-heal|p1a: Queengambit|71/100|[from] Grassy Terrain
|-fieldend|move: Grassy Terrain
|upkeep
|turn|9
|
|t:|1769317641
|-terastallize|p1a: Queengambit|Dark
|move|p1a: Queengambit|Kowtow Cleave|p2a: Heatran
|-damage|p2a: Heatran|0 fnt
|faint|p2a: Heatran
|
|upkeep
|
|t:|1769317645
|switch|p2a: Iron Valiant|Iron Valiant|100/100
|turn|10
|
|t:|1769317649
|move|p2a: Iron Valiant|Moonblast|p1a: Queengambit
|-supereffective|p1a: Queengambit
|-damage|p1a: Queengambit|0 fnt
|faint|p1a: Queengambit
|-end|p1a: Queengambit|fallen1|[silent]
|
|upkeep
|
|t:|1769317656
|switch|p1a: Goldwing|Iron Crown|100/100
|-enditem|p1a: Goldwing|Booster Energy
|-activate|p1a: Goldwing|ability: Quark Drive|[fromitem]
|-start|p1a: Goldwing|quarkdrivespa
|turn|11
|
|t:|1769317672
|-end|p2a: Iron Valiant|Quark Drive|[silent]
|switch|p2a: Serperior|Serperior, F|100/100
|move|p1a: Goldwing|Agility|p1a: Goldwing
|-boost|p1a: Goldwing|spe|2
|
|upkeep
|turn|12
|
|t:|1769317676
|move|p1a: Goldwing|Tachyon Cutter|p2a: Serperior
|-damage|p2a: Serperior|53/100
|-damage|p2a: Serperior|12/100
|-hitcount|p2a: Serperior|2
|move|p2a: Serperior|Glare|p1a: Goldwing
|-status|p1a: Goldwing|par
|
|-heal|p2a: Serperior|18/100|[from] item: Leftovers
|upkeep
|turn|13
|
|t:|1769317681
|move|p2a: Serperior|Leaf Storm|p1a: Goldwing
|-resisted|p1a: Goldwing
|-damage|p1a: Goldwing|82/100 par
|-boost|p2a: Serperior|spa|2
|cant|p1a: Goldwing|par
|
|-heal|p2a: Serperior|24/100|[from] item: Leftovers
|upkeep
|turn|14
|
|t:|1769317685
|-terastallize|p2a: Serperior|Fire
|move|p2a: Serperior|Tera Blast|p1a: Goldwing|[anim] Tera Blast Fire
|-supereffective|p1a: Goldwing
|-damage|p1a: Goldwing|0 fnt
|faint|p1a: Goldwing
|-end|p1a: Goldwing|Quark Drive|[silent]
|
|-heal|p2a: Serperior|30/100|[from] item: Leftovers
|upkeep
|
|t:|1769317693
|switch|p1a: Lord of the Flies|Zamazenta|13/100
|turn|15
|
|t:|1769317697
|switch|p2a: Iron Treads|Iron Treads|17/100
|move|p1a: Lord of the Flies|Light Screen|p1a: Lord of the Flies
|-sidestart|p1: okbuddychingling|move: Light Screen
|
|upkeep
|turn|16
|
|t:|1769317703
|move|p1a: Lord of the Flies|Reflect|p1a: Lord of the Flies
|-sidestart|p1: okbuddychingling|Reflect
|move|p2a: Iron Treads|Rapid Spin|p1a: Lord of the Flies
|-damage|p1a: Lord of the Flies|7/100
|-boost|p2a: Iron Treads|spe|1
|
|upkeep
|turn|17
|
|t:|1769317707
|move|p2a: Iron Treads|Rapid Spin|p1a: Lord of the Flies
|-damage|p1a: Lord of the Flies|1/100
|-boost|p2a: Iron Treads|spe|1
|move|p1a: Lord of the Flies|Body Press|p2a: Iron Treads
|-supereffective|p2a: Iron Treads
|-damage|p2a: Iron Treads|0 fnt
|faint|p2a: Iron Treads
|-end|p2a: Iron Treads|Quark Drive|[silent]
|
|upkeep
|
|t:|1769317713
|switch|p2a: Rillaboom|Rillaboom, F|68/100
|-fieldstart|move: Grassy Terrain|[from] ability: Grassy Surge|[of] p2a: Rillaboom
|turn|18
|
|t:|1769317716
|move|p2a: Rillaboom|Grassy Glide|p1a: Lord of the Flies
|-damage|p1a: Lord of the Flies|0 fnt
|faint|p1a: Lord of the Flies
|
|-heal|p2a: Rillaboom|74/100|[from] Grassy Terrain
|upkeep
|
|t:|1769317723
|switch|p1a: Curb Stomp|Great Tusk|100/100
|-enditem|p1a: Curb Stomp|Booster Energy
|-activate|p1a: Curb Stomp|ability: Protosynthesis|[fromitem]
|-start|p1a: Curb Stomp|protosynthesisatk
|turn|19
|
|t:|1769317731
|switch|p2a: Zapdos|Zapdos|100/100
|-ability|p2a: Zapdos|Pressure
|move|p1a: Curb Stomp|Bulk Up|p1a: Curb Stomp
|-boost|p1a: Curb Stomp|atk|1
|-boost|p1a: Curb Stomp|def|1
|
|upkeep
|turn|20
|
|t:|1769317738
|move|p1a: Curb Stomp|Rapid Spin|p2a: Zapdos
|-damage|p2a: Zapdos|79/100
|-boost|p1a: Curb Stomp|spe|1
|move|p2a: Zapdos|Hurricane|p1a: Curb Stomp
|-supereffective|p1a: Curb Stomp
|-damage|p1a: Curb Stomp|32/100
|
|-heal|p1a: Curb Stomp|38/100|[from] Grassy Terrain
|upkeep
|turn|21
|
|t:|1769317750
|move|p1a: Curb Stomp|Ice Spinner|p2a: Zapdos
|-supereffective|p2a: Zapdos
|-damage|p2a: Zapdos|1/100
|-fieldend|move: Grassy Terrain
|move|p2a: Zapdos|Hurricane|p1a: Curb Stomp
|-supereffective|p1a: Curb Stomp
|-damage|p1a: Curb Stomp|0 fnt
|faint|p1a: Curb Stomp
|-end|p1a: Curb Stomp|Protosynthesis|[silent]
|
|upkeep
|-message|okbuddychingling forfeited.
|
|win|BorderofSeal
|raw|okbuddychingling's rating: 1517 &rarr; <strong>1495</strong><br />(-22 for losing)
|raw|BorderofSeal's rating: 1487 &rarr; <strong>1509</strong><br />(+22 for winning)
|l|☆okbuddychingling
|player|p1|
|l|☆BorderofSeal
|player|p2|
