|j|☆KING丶3266926956今余
|j|☆pancakescorpion
|t:|1769343161
|gametype|singles
|player|p1|KING丶3266926956今余|dawn|1290
|player|p2|pancakescorpion|101|1321
|gen|9
|tier|[Gen 9] OU
|rated|
|rule|HP Percentage Mod: HP is shown in percentages
|rule|Endless Battle Clause: Forcing endless battles is banned
|rule|Species Clause: Limit one of each Pokémon
|rule|OHKO Clause: OHKO moves are banned
|rule|Evasion Items Clause: Evasion items are banned
|rule|Evasion Moves Clause: Evasion moves are banned
|rule|Evasion Abilities Clause: Evasion abilities are banned
|rule|Sleep Moves Clause: Sleep-inducing moves are banned
|clearpoke
|poke|p1|Luxray, F|
|poke|p1|Noctowl, M|
|poke|p1|Alomomola, M|
|poke|p1|Meowstic, M|
|poke|p1|Incineroar, F|
|poke|p1|Meowscarada, F|
|poke|p2|Kommo-o, M|
|poke|p2|Skeledirge, F|
|poke|p2|Slowbro-Galar, F|
|poke|p2|Scizor, F|
|poke|p2|Darkrai|
|poke|p2|Walking Wake|
|teampreview
|inactive|Battle timer is ON: inactive players will automatically lose when time's up. (requested by KING丶3266926956今余)
|
|t:|1769343172
|teamsize|p1|6
|teamsize|p2|6
|start
|switch|p1a: Incineroar|Incineroar, F|100/100
|switch|p2a: Scizor|Scizor, F|100/100
|-ability|p1a: Incineroar|Intimidate|boost
|-unboost|p2a: Scizor|atk|1
|turn|1
|
|t:|1769343182
|switch|p2a: Walking Wake|Walking Wake|100/100
|-enditem|p2a: Walking Wake|Booster Energy
|-activate|p2a: Walking Wake|ability: Protosynthesis|[fromitem]
|-start|p2a: Walking Wake|protosynthesisspa
|move|p1a: Incineroar|Knock Off|p2a: Walking Wake
|-damage|p2a: Walking Wake|75/100
|
|upkeep
|turn|2
|
|t:|1769343195
|switch|p1a: Alomomola|Alomomola, M|100/100
|move|p2a: Walking Wake|Flamethrower|p1a: Alomomola
|-resisted|p1a: Alomomola
|-damage|p1a: Alomomola|84/100
|
|upkeep
|turn|3
|
|t:|1769343208
|-end|p2a: Walking Wake|Protosynthesis|[silent]
|switch|p2a: Slowbro|Slowbro-Galar, F|100/100
|move|p1a: Alomomola|Protect||[still]
|-fail|p1a: Alomomola
|
|upkeep
|turn|4
|
|t:|1769343215
|move|p2a: Slowbro|Belly Drum|p2a: Slowbro
|-damage|p2a: Slowbro|51/100
|-setboost|p2a: Slowbro|atk|6|[from] move: Belly Drum
|move|p1a: Alomomola|Flip Turn|p2a: Slowbro
|-damage|p2a: Slowbro|33/100
|
|t:|1769343222
|switch|p1a: Meowscarada|Meowscarada, F|100/100|[from] Flip Turn
|
|upkeep
|turn|5
|
|t:|1769343227
|move|p1a: Meowscarada|Sucker Punch|p2a: Slowbro
|-start|p1a: Meowscarada|typechange|Dark|[from] ability: Protean
|-supereffective|p2a: Slowbro
|-damage|p2a: Slowbro|0 fnt
|faint|p2a: Slowbro
|
|upkeep
|
|t:|1769343231
|switch|p2a: Scizor|Scizor, F|100/100
|turn|6
|
|t:|1769343239
|switch|p1a: Incineroar|Incineroar, F|100/100
|-ability|p1a: Incineroar|Intimidate|boost
|-unboost|p2a: Scizor|atk|1
|move|p2a: Scizor|U-turn|p1a: Incineroar
|-damage|p1a: Incineroar|80/100
|
|t:|1769343247
|switch|p2a: Kommo-o|Kommo-o, M|100/100|[from] U-turn
|
|upkeep
|turn|7
|
|t:|1769343255
|move|p2a: Kommo-o|Clangorous Soul|p2a: Kommo-o
|-boost|p2a: Kommo-o|atk|1
|-boost|p2a: Kommo-o|def|1
|-boost|p2a: Kommo-o|spa|1
|-boost|p2a: Kommo-o|spd|1
|-boost|p2a: Kommo-o|spe|1
|-damage|p2a: Kommo-o|68/100
|-enditem|p2a: Kommo-o|Throat Spray
|-boost|p2a: Kommo-o|spa|1|[from] item: Throat Spray
|move|p1a: Incineroar|Will-O-Wisp|p2a: Kommo-o|[miss]
|-miss|p1a: Incineroar|p2a: Kommo-o
|
|upkeep
|turn|8
|
|t:|1769343268
|switch|p1a: Noctowl|Noctowl, M|100/100
|move|p2a: Kommo-o|Aura Sphere|p1a: Noctowl
|-damage|p1a: Noctowl|31/100
|
|upkeep
|turn|9
|
|t:|1769343278
|move|p2a: Kommo-o|Boomburst|p1a: Noctowl
|-damage|p1a: Noctowl|0 fnt
|faint|p1a: Noctowl
|
|upkeep
|
|t:|1769343285
|switch|p1a: Meowstic|Meowstic, M|100/100
|turn|10
|
|t:|1769343295
|-terastallize|p2a: Kommo-o|Normal
|move|p1a: Meowstic|Light Screen|p1a: Meowstic
|-sidestart|p1: KING丶3266926956今余|move: Light Screen
|move|p2a: Kommo-o|Boomburst|p1a: Meowstic
|-crit|p1a: Meowstic
|-damage|p1a: Meowstic|0 fnt
|faint|p1a: Meowstic
|
|upkeep
|
|t:|1769343312
|switch|p1a: Incineroar|Incineroar, F|80/100
|-ability|p1a: Incineroar|Intimidate|boost
|-unboost|p2a: Kommo-o|atk|1
|turn|11
|
|t:|1769343317
|move|p2a: Kommo-o|Boomburst|p1a: Incineroar
|-damage|p1a: Incineroar|26/100
|move|p1a: Incineroar|Parting Shot|p2a: Kommo-o
|-immune|p2a: Kommo-o|[from] ability: Soundproof
|
|upkeep
|turn|12
|
|t:|1769343335
|switch|p1a: Alomomola|Alomomola, M|100/100
|move|p2a: Kommo-o|Boomburst|p1a: Alomomola
|-damage|p1a: Alomomola|46/100
|
|upkeep
|turn|13
|
|t:|1769343341
|move|p2a: Kommo-o|Boomburst|p1a: Alomomola
|-damage|p1a: Alomomola|0 fnt
|faint|p1a: Alomomola
|
|upkeep
|
|t:|1769343344
|switch|p1a: Luxray|Luxray, F|100/100
|turn|14
|
|t:|1769343357
|move|p2a: Kommo-o|Boomburst|p1a: Luxray
|-damage|p1a: Luxray|23/100
|move|p1a: Luxray|Crunch|p2a: Kommo-o
|-damage|p2a: Kommo-o|48/100
|
|-sideend|p1: KING丶3266926956今余|move: Light Screen
|-status|p1a: Luxray|brn|[from] item: Flame Orb
|upkeep
|turn|15
|
|t:|1769343370
|switch|p1a: Incineroar|Incineroar, F|26/100
|-ability|p1a: Incineroar|Intimidate|boost
|-unboost|p2a: Kommo-o|atk|1
|move|p2a: Kommo-o|Boomburst|p1a: Incineroar
|-damage|p1a: Incineroar|0 fnt
|faint|p1a: Incineroar
|
|upkeep
|
|t:|1769343372
|switch|p1a: Meowscarada|Meowscarada, F|100/100
|turn|16
|
|t:|1769343377
|move|p1a: Meowscarada|Sucker Punch|p2a: Kommo-o
|-start|p1a: Meowscarada|typechange|Dark|[from] ability: Protean
|-damage|p2a: Kommo-o|17/100
|move|p2a: Kommo-o|Boomburst|p1a: Meowscarada
|-damage|p1a: Meowscarada|0 fnt
|faint|p1a: Meowscarada
|
|upkeep
|-message|KING丶3266926956今余 forfeited.
|
|win|pancakescorpion
|raw|KING丶3266926956今余's rating: 1290 &rarr; <strong>1267</strong><br />(-23 for losing)
|raw|pancakescorpion's rating: 1321 &rarr; <strong>1339</strong><br />(+18 for winning)
|l|☆KING丶3266926956今余
|player|p1|
|c|☆pancakescorpion|ggs
|l|☆pancakescorpion
|player|p2|
