|j|☆poifunlol99
|j|☆the.ramen.gang
|t:|1769379649
|gametype|singles
|player|p1|poifunlol99|169|1257
|player|p2|the.ramen.gang|169|1228
|gen|9
|tier|[Gen 9] OU
|rated|
|rule|HP Percentage Mod: HP is shown in percentages
|rule|Endless Battle Clause: Forcing endless battles is banned
|rule|Species Clause: Limit one of each Pokémon
|rule|OHKO Clause: OHKO moves are banned
|rule|Evasion Items Clause: Evasion items are banned
|rule|Evasion Moves Clause: Evasion moves are banned
|rule|Evasion Abilities Clause: Evasion abilities are banned
|rule|Sleep Moves Clause: Sleep-inducing moves are banned
|clearpoke
|poke|p1|Moltres-Galar|
|poke|p1|Corviknight, F|
|poke|p1|Clefable, F|
|poke|p1|Iron Treads|
|poke|p1|Pecharunt|
|poke|p1|Darkrai|
|poke|p2|Zangoose, F|
|poke|p2|Banette, M|
|poke|p2|Vivillon, M|
|poke|p2|Whiscash, M|
|poke|p2|Dugtrio, M|
|poke|p2|Sawsbuck, F|
|teampreview
|
|t:|1769379662
|teamsize|p1|6
|teamsize|p2|6
|start
|switch|p1a: Clefable|Clefable, F|100/100
|switch|p2a: Vivillon|Vivillon, M|100/100
|turn|1
|
|t:|1769379664
|move|p2a: Vivillon|Quiver Dance|p2a: Vivillon
|-boost|p2a: Vivillon|spa|1
|-boost|p2a: Vivillon|spd|1
|-boost|p2a: Vivillon|spe|1
|move|p1a: Clefable|Stealth Rock|p2a: Vivillon
|-sidestart|p2: the.ramen.gang|move: Stealth Rock
|
|upkeep
|turn|2
|
|t:|1769379673
|switch|p1a: Darkrai|Darkrai|100/100
|move|p2a: Vivillon|Quiver Dance|p2a: Vivillon
|-boost|p2a: Vivillon|spa|1
|-boost|p2a: Vivillon|spd|1
|-boost|p2a: Vivillon|spe|1
|
|upkeep
|turn|3
|
|t:|1769379675
|move|p1a: Darkrai|Trick|p2a: Vivillon
|-activate|p1a: Darkrai|move: Trick|[of] p2a: Vivillon
|-item|p2a: Vivillon|Choice Scarf|[from] move: Trick
|-item|p1a: Darkrai|Focus Sash|[from] move: Trick
|move|p2a: Vivillon|Bug Buzz|p1a: Darkrai
|-supereffective|p1a: Darkrai
|-enditem|p1a: Darkrai|Focus Sash
|-damage|p1a: Darkrai|1/100
|
|upkeep
|turn|4
|
|t:|1769379683
|switch|p1a: Corviknight|Corviknight, F|100/100
|move|p2a: Vivillon|Bug Buzz|p1a: Corviknight
|-resisted|p1a: Corviknight
|-damage|p1a: Corviknight|86/100
|
|upkeep
|turn|5
|
|t:|1769379694
|move|p2a: Vivillon|Bug Buzz|p1a: Corviknight
|-resisted|p1a: Corviknight
|-damage|p1a: Corviknight|73/100
|-ability|p1a: Corviknight|Mirror Armor
|-unboost|p2a: Vivillon|spd|1
|move|p1a: Corviknight|Iron Defense|p1a: Corviknight
|-boost|p1a: Corviknight|def|2
|
|upkeep
|turn|6
|
|t:|1769379703
|move|p2a: Vivillon|Bug Buzz|p1a: Corviknight
|-resisted|p1a: Corviknight
|-damage|p1a: Corviknight|59/100
|move|p1a: Corviknight|Roost|p1a: Corviknight
|-heal|p1a: Corviknight|100/100
|-singleturn|p1a: Corviknight|move: Roost
|
|upkeep
|turn|7
|
|t:|1769379706
|switch|p2a: Banette|Banette, M|100/100
|-damage|p2a: Banette|88/100|[from] Stealth Rock
|move|p1a: Corviknight|Body Press|p2a: Banette
|-immune|p2a: Banette
|
|upkeep
|turn|8
|
|t:|1769379710
|switch|p1a: Moltres|Moltres-Galar|100/100
|move|p2a: Banette|Will-O-Wisp|p1a: Moltres
|-status|p1a: Moltres|brn
|
|-damage|p1a: Moltres|94/100 brn|[from] brn
|upkeep
|turn|9
|
|t:|1769379713
|move|p1a: Moltres|Agility|p1a: Moltres
|-boost|p1a: Moltres|spe|2
|move|p2a: Banette|Destiny Bond|p2a: Banette
|-singlemove|p2a: Banette|Destiny Bond
|
|-damage|p1a: Moltres|88/100 brn|[from] brn
|upkeep
|turn|10
|
|t:|1769379724
|move|p1a: Moltres|Agility|p1a: Moltres
|-boost|p1a: Moltres|spe|2
|move|p2a: Banette|Knock Off|p1a: Moltres
|-resisted|p1a: Moltres
|-damage|p1a: Moltres|71/100 brn
|-enditem|p1a: Moltres|Chesto Berry|[from] move: Knock Off|[of] p2a: Banette
|
|-damage|p1a: Moltres|64/100 brn|[from] brn
|upkeep
|turn|11
|
|t:|1769379729
|move|p1a: Moltres|Fiery Wrath|p2a: Banette
|-supereffective|p2a: Banette
|-damage|p2a: Banette|0 fnt
|faint|p2a: Banette
|
|-damage|p1a: Moltres|58/100 brn|[from] brn
|upkeep
|
|t:|1769379737
|switch|p2a: Zangoose|Zangoose, F|100/100
|-damage|p2a: Zangoose|88/100|[from] Stealth Rock
|turn|12
|
|t:|1769379751
|move|p1a: Moltres|Fiery Wrath|p2a: Zangoose
|-damage|p2a: Zangoose|15/100
|move|p2a: Zangoose|Swords Dance|p2a: Zangoose
|-boost|p2a: Zangoose|atk|2
|
|-damage|p1a: Moltres|52/100 brn|[from] brn
|-status|p2a: Zangoose|tox|[from] item: Toxic Orb
|upkeep
|turn|13
|
|t:|1769379757
|move|p2a: Zangoose|Quick Attack|p1a: Moltres
|-damage|p1a: Moltres|0 fnt
|faint|p1a: Moltres
|
|-damage|p2a: Zangoose|9/100 tox|[from] psn
|upkeep
|
|t:|1769379771
|switch|p1a: Darkrai|Darkrai|1/100
|turn|14
|
|t:|1769379775
|switch|p1a: Pecharunt|Pecharunt|100/100
|move|p2a: Zangoose|Quick Attack|p1a: Pecharunt
|-immune|p1a: Pecharunt
|
|-damage|p2a: Zangoose|0 fnt|[from] psn
|faint|p2a: Zangoose
|upkeep
|
|t:|1769379780
|switch|p2a: Vivillon|Vivillon, M|100/100
|-damage|p2a: Vivillon|51/100|[from] Stealth Rock
|turn|15
|
|t:|1769379800
|move|p2a: Vivillon|Hurricane|p1a: Pecharunt
|-damage|p1a: Pecharunt|54/100
|move|p1a: Pecharunt|Malignant Chain|p2a: Vivillon
|-damage|p2a: Vivillon|0 fnt
|faint|p2a: Vivillon
|
|upkeep
|
|t:|1769379806
|switch|p2a: Dugtrio|Dugtrio, M|100/100
|-damage|p2a: Dugtrio|94/100|[from] Stealth Rock
|turn|16
|
|t:|1769379813
|switch|p1a: Corviknight|Corviknight, F|100/100
|move|p2a: Dugtrio|Swords Dance|p2a: Dugtrio
|-boost|p2a: Dugtrio|atk|2
|
|upkeep
|turn|17
|
|t:|1769379817
|move|p2a: Dugtrio|Swords Dance|p2a: Dugtrio
|-boost|p2a: Dugtrio|atk|2
|move|p1a: Corviknight|Iron Defense|p1a: Corviknight
|-boost|p1a: Corviknight|def|2
|
|upkeep
|turn|18
|
|t:|1769379823
|move|p2a: Dugtrio|Swords Dance|p2a: Dugtrio
|-boost|p2a: Dugtrio|atk|2
|move|p1a: Corviknight|Body Press|p2a: Dugtrio
|-damage|p2a: Dugtrio|0 fnt
|faint|p2a: Dugtrio
|
|upkeep
|
|t:|1769379829
|switch|p2a: Whiscash|Whiscash, M|100/100
|-damage|p2a: Whiscash|94/100|[from] Stealth Rock
|turn|19
|
|t:|1769379837
|move|p2a: Whiscash|Dragon Dance|p2a: Whiscash
|-boost|p2a: Whiscash|atk|1
|-boost|p2a: Whiscash|spe|1
|move|p1a: Corviknight|Iron Defense|p1a: Corviknight
|-boost|p1a: Corviknight|def|2
|
|upkeep
|turn|20
|
|t:|1769379840
|move|p2a: Whiscash|Dragon Dance|p2a: Whiscash
|-boost|p2a: Whiscash|atk|1
|-boost|p2a: Whiscash|spe|1
|move|p1a: Corviknight|Body Press|p2a: Whiscash
|-damage|p2a: Whiscash|27/100
|
|upkeep
|turn|21
|
|t:|1769379843
|-terastallize|p2a: Whiscash|Electric
|move|p2a: Whiscash|Tera Blast|p1a: Corviknight|[anim] Tera Blast Electric
|-supereffective|p1a: Corviknight
|-crit|p1a: Corviknight
|-damage|p1a: Corviknight|0 fnt
|faint|p1a: Corviknight
|-damage|p2a: Whiscash|17/100|[from] item: Life Orb
|
|upkeep
|
|t:|1769379848
|switch|p1a: Clefable|Clefable, F|100/100
|turn|22
|
|t:|1769379851
|move|p2a: Whiscash|Earthquake|p1a: Clefable
|-damage|p1a: Clefable|43/100
|-damage|p2a: Whiscash|7/100|[from] item: Life Orb
|move|p1a: Clefable|Moonblast|p2a: Whiscash
|-damage|p2a: Whiscash|0 fnt
|faint|p2a: Whiscash
|
|upkeep
|
|t:|1769379853
|switch|p2a: Sawsbuck|Sawsbuck, F|100/100
|-damage|p2a: Sawsbuck|88/100|[from] Stealth Rock
|turn|23
|
|t:|1769379857
|move|p2a: Sawsbuck|High Horsepower|p1a: Clefable
|-damage|p1a: Clefable|0 fnt
|faint|p1a: Clefable
|
|upkeep
|
|t:|1769379860
|switch|p1a: Darkrai|Darkrai|1/100
|turn|24
|
|t:|1769379863
|-terastallize|p1a: Darkrai|Poison
|move|p1a: Darkrai|Sludge Bomb|p2a: Sawsbuck
|-supereffective|p2a: Sawsbuck
|-damage|p2a: Sawsbuck|0 fnt
|faint|p2a: Sawsbuck
|
|win|poifunlol99
|raw|poifunlol99's rating: 1257 &rarr; <strong>1280</strong><br />(+23 for winning)
|raw|the.ramen.gang's rating: 1228 &rarr; <strong>1205</strong><br />(-23 for losing)
|l|☆poifunlol99
|player|p1|
|l|☆the.ramen.gang
|player|p2|
