|j|☆lirip
|j|☆BeachLeak
|t:|1769307293
|gametype|singles
|player|p1|lirip|drayden|1470
|player|p2|BeachLeak|archer|1452
|gen|9
|tier|[Gen 9] OU
|rated|
|rule|HP Percentage Mod: HP is shown in percentages
|rule|Endless Battle Clause: Forcing endless battles is banned
|rule|Species Clause: Limit one of each Pokémon
|rule|OHKO Clause: OHKO moves are banned
|rule|Evasion Items Clause: Evasion items are banned
|rule|Evasion Moves Clause: Evasion moves are banned
|rule|Evasion Abilities Clause: Evasion abilities are banned
|rule|Sleep Moves Clause: Sleep-inducing moves are banned
|clearpoke
|poke|p1|Walking Wake|
|poke|p1|Samurott-Hisui, F|
|poke|p1|Ceruledge, F|
|poke|p1|Ninetales, M|
|poke|p1|Great Tusk|
|poke|p1|Gholdengo|
|poke|p2|Kyurem|
|poke|p2|Slowking-Galar, M|
|poke|p2|Moltres|
|poke|p2|Porygon-Z|
|poke|p2|Araquanid, F|
|poke|p2|Iron Treads|
|teampreview
|
|t:|1769307302
|teamsize|p1|6
|teamsize|p2|6
|start
|switch|p1a: Samurott|Samurott-Hisui, F|100/100
|switch|p2a: Kerwin Frost|Slowking-Galar, M|100/100
|turn|1
|
|t:|1769307311
|switch|p2a: inlovewuseless|Iron Treads|100/100
|move|p1a: Samurott|Ceaseless Edge|p2a: inlovewuseless
|-damage|p2a: inlovewuseless|36/100
|-sidestart|p2: BeachLeak|Spikes
|
|-heal|p2a: inlovewuseless|42/100|[from] item: Leftovers
|upkeep
|turn|2
|
|t:|1769307317
|move|p2a: inlovewuseless|Body Press|p1a: Samurott
|-supereffective|p1a: Samurott
|-damage|p1a: Samurott|46/100
|move|p1a: Samurott|Ceaseless Edge|p2a: inlovewuseless|[miss]
|-miss|p1a: Samurott|p2a: inlovewuseless
|
|-heal|p2a: inlovewuseless|48/100|[from] item: Leftovers
|upkeep
|turn|3
|
|t:|1769307324
|switch|p1a: Glimmering Soul|Gholdengo|100/100
|-item|p1a: Glimmering Soul|Air Balloon
|move|p2a: inlovewuseless|Body Press|p1a: Glimmering Soul
|-immune|p1a: Glimmering Soul
|
|-heal|p2a: inlovewuseless|55/100|[from] item: Leftovers
|upkeep
|turn|4
|
|t:|1769307328
|move|p2a: inlovewuseless|Knock Off|p1a: Glimmering Soul
|-supereffective|p1a: Glimmering Soul
|-damage|p1a: Glimmering Soul|49/100
|-enditem|p1a: Glimmering Soul|Air Balloon
|move|p1a: Glimmering Soul|Shadow Ball|p2a: inlovewuseless
|-damage|p2a: inlovewuseless|2/100
|
|-heal|p2a: inlovewuseless|9/100|[from] item: Leftovers
|upkeep
|turn|5
|
|t:|1769307346
|-end|p2a: inlovewuseless|Quark Drive|[silent]
|switch|p2a: might as well|Araquanid, F, shiny|100/100
|-damage|p2a: might as well|88/100|[from] Spikes
|switch|p1a: Great Tusk|Great Tusk|100/100
|
|upkeep
|turn|6
|
|t:|1769307350
|move|p1a: Great Tusk|Head Smash|p2a: might as well
|-supereffective|p2a: might as well
|-damage|p2a: might as well|0 fnt
|faint|p2a: might as well
|-damage|p1a: Great Tusk|64/100|[from] Recoil
|
|upkeep
|
|t:|1769307358
|switch|p2a: inlovewuseless|Iron Treads|9/100
|-damage|p2a: inlovewuseless|0 fnt|[from] Spikes
|faint|p2a: inlovewuseless
|-end|p2a: inlovewuseless|Quark Drive|[silent]
|
|t:|1769307365
|switch|p2a: WonderSwan|Porygon-Z|100/100
|-damage|p2a: WonderSwan|88/100|[from] Spikes
|-ability|p2a: WonderSwan|Download|boost
|-boost|p2a: WonderSwan|spa|1
|turn|7
|
|t:|1769307369
|-end|p1a: Great Tusk|Protosynthesis|[silent]
|switch|p1a: Ceruledge|Ceruledge, F|100/100
|move|p2a: WonderSwan|Ice Beam|p1a: Ceruledge
|-resisted|p1a: Ceruledge
|-damage|p1a: Ceruledge|85/100
|
|upkeep
|turn|8
|
|t:|1769307373
|-terastallize|p2a: WonderSwan|Ground
|move|p2a: WonderSwan|Tera Blast|p1a: Ceruledge|[anim] Tera Blast Ground
|-supereffective|p1a: Ceruledge
|-damage|p1a: Ceruledge|0 fnt
|faint|p1a: Ceruledge
|
|upkeep
|
|t:|1769307379
|switch|p1a: Walking Wake|Walking Wake|100/100
|turn|9
|inactive|Battle timer is ON: inactive players will automatically lose when time's up. (requested by BeachLeak)
|
|t:|1769307384
|switch|p2a: Kerwin Frost|Slowking-Galar, M|100/100
|-damage|p2a: Kerwin Frost|88/100|[from] Spikes
|move|p1a: Walking Wake|Hydro Steam|p2a: Kerwin Frost
|-damage|p2a: Kerwin Frost|50/100
|
|-heal|p2a: Kerwin Frost|56/100|[from] item: Black Sludge
|upkeep
|turn|10
|
|t:|1769307391
|-terastallize|p1a: Walking Wake|Water
|move|p1a: Walking Wake|Hydro Steam|p2a: Kerwin Frost
|-damage|p2a: Kerwin Frost|6/100
|-prepare|p2a: Kerwin Frost|Chilly Reception|[premajor]
|move|p2a: Kerwin Frost|Chilly Reception|p2a: Kerwin Frost
|-weather|Snowscape
|
|t:|1769307404
|switch|p2a: IDLSIDGO|Kyurem|100/100|[from] Chilly Reception
|-damage|p2a: IDLSIDGO|88/100|[from] Spikes
|-ability|p2a: IDLSIDGO|Pressure
|
|-weather|Snowscape|[upkeep]
|upkeep
|turn|11
|
|t:|1769307407
|-end|p1a: Walking Wake|Protosynthesis|[silent]
|switch|p1a: Ninetales|Ninetales, M, shiny|100/100
|-weather|SunnyDay|[from] ability: Drought|[of] p1a: Ninetales
|move|p2a: IDLSIDGO|Freeze-Dry|p1a: Ninetales
|-resisted|p1a: Ninetales
|-damage|p1a: Ninetales|76/100
|
|-weather|SunnyDay|[upkeep]
|upkeep
|turn|12
|
|t:|1769307414
|switch|p2a: Kerwin Frost|Slowking-Galar, M|40/100
|-damage|p2a: Kerwin Frost|27/100|[from] Spikes
|move|p1a: Ninetales|Nasty Plot|p1a: Ninetales
|-boost|p1a: Ninetales|spa|2
|
|-weather|SunnyDay|[upkeep]
|-heal|p2a: Kerwin Frost|33/100|[from] item: Black Sludge
|upkeep
|turn|13
|
|t:|1769307422
|switch|p2a: gambling haram|Moltres|100/100
|move|p1a: Ninetales|Weather Ball|p2a: gambling haram
|-resisted|p2a: gambling haram
|-damage|p2a: gambling haram|43/100
|
|-weather|SunnyDay|[upkeep]
|upkeep
|turn|14
|
|t:|1769307426
|move|p1a: Ninetales|Psyshock|p2a: gambling haram
|-damage|p2a: gambling haram|15/100
|move|p2a: gambling haram|Roar|p1a: Ninetales
|drag|p1a: Walking Wake|Walking Wake, tera:Water|100/100
|-activate|p1a: Walking Wake|ability: Protosynthesis
|-start|p1a: Walking Wake|protosynthesisspe
|
|-weather|SunnyDay|[upkeep]
|upkeep
|turn|15
|
|t:|1769307435
|move|p1a: Walking Wake|Hydro Steam|p2a: gambling haram
|-supereffective|p2a: gambling haram
|-damage|p2a: gambling haram|0 fnt
|faint|p2a: gambling haram
|
|-weather|SunnyDay|[upkeep]
|upkeep
|
|t:|1769307440
|switch|p2a: IDLSIDGO|Kyurem|88/100
|-damage|p2a: IDLSIDGO|76/100|[from] Spikes
|-ability|p2a: IDLSIDGO|Pressure
|turn|16
|
|t:|1769307451
|-end|p1a: Walking Wake|Protosynthesis|[silent]
|switch|p1a: Great Tusk|Great Tusk|64/100
|-activate|p1a: Great Tusk|ability: Protosynthesis
|-start|p1a: Great Tusk|protosynthesisatk
|move|p2a: IDLSIDGO|Freeze-Dry|p1a: Great Tusk
|-supereffective|p1a: Great Tusk
|-damage|p1a: Great Tusk|0 fnt
|faint|p1a: Great Tusk
|-end|p1a: Great Tusk|Protosynthesis|[silent]
|
|-weather|SunnyDay|[upkeep]
|upkeep
|
|t:|1769307452
|switch|p1a: Ninetales|Ninetales, M, shiny|76/100
|turn|17
|
|t:|1769307465
|switch|p2a: WonderSwan|Porygon-Z, tera:Ground|88/100
|-damage|p2a: WonderSwan|75/100|[from] Spikes
|-ability|p2a: WonderSwan|Download|boost
|-boost|p2a: WonderSwan|atk|1
|move|p1a: Ninetales|Nasty Plot|p1a: Ninetales
|-boost|p1a: Ninetales|spa|2
|
|-weather|SunnyDay|[upkeep]
|upkeep
|turn|18
|
|t:|1769307469
|move|p1a: Ninetales|Weather Ball|p2a: WonderSwan
|-damage|p2a: WonderSwan|0 fnt
|faint|p2a: WonderSwan
|
|-weather|none
|upkeep
|
|t:|1769307477
|switch|p2a: Kerwin Frost|Slowking-Galar, M|66/100
|-damage|p2a: Kerwin Frost|54/100|[from] Spikes
|turn|19
|
|t:|1769307479
|move|p1a: Ninetales|Nasty Plot|p1a: Ninetales
|-boost|p1a: Ninetales|spa|2
|-prepare|p2a: Kerwin Frost|Chilly Reception|[premajor]
|move|p2a: Kerwin Frost|Chilly Reception|p2a: Kerwin Frost
|-weather|Snowscape
|
|t:|1769307481
|switch|p2a: IDLSIDGO|Kyurem|76/100|[from] Chilly Reception
|-damage|p2a: IDLSIDGO|63/100|[from] Spikes
|-ability|p2a: IDLSIDGO|Pressure
|
|-weather|Snowscape|[upkeep]
|upkeep
|turn|20
|
|t:|1769307486
|move|p2a: IDLSIDGO|Earth Power|p1a: Ninetales
|-supereffective|p1a: Ninetales
|-damage|p1a: Ninetales|0 fnt
|faint|p1a: Ninetales
|
|-weather|Snowscape|[upkeep]
|upkeep
|
|t:|1769307496
|switch|p1a: Walking Wake|Walking Wake, tera:Water|100/100
|turn|21
|
|t:|1769307499
|switch|p2a: Kerwin Frost|Slowking-Galar, M|87/100
|-damage|p2a: Kerwin Frost|75/100|[from] Spikes
|move|p1a: Walking Wake|Draco Meteor|p2a: Kerwin Frost
|-damage|p2a: Kerwin Frost|15/100
|-unboost|p1a: Walking Wake|spa|2
|
|-weather|Snowscape|[upkeep]
|-heal|p2a: Kerwin Frost|22/100|[from] item: Black Sludge
|upkeep
|turn|22
|
|t:|1769307503
|move|p1a: Walking Wake|Draco Meteor|p2a: Kerwin Frost|[miss]
|-miss|p1a: Walking Wake|p2a: Kerwin Frost
|-prepare|p2a: Kerwin Frost|Chilly Reception|[premajor]
|move|p2a: Kerwin Frost|Chilly Reception|p2a: Kerwin Frost
|
|t:|1769307506
|switch|p2a: IDLSIDGO|Kyurem|63/100|[from] Chilly Reception
|-damage|p2a: IDLSIDGO|51/100|[from] Spikes
|-ability|p2a: IDLSIDGO|Pressure
|
|-weather|Snowscape|[upkeep]
|upkeep
|turn|23
|c|☆lirip|Come on
|c|☆lirip|😭
|
|t:|1769307513
|-end|p1a: Walking Wake|Protosynthesis|[silent]
|switch|p1a: Samurott|Samurott-Hisui, F|46/100
|move|p2a: IDLSIDGO|Freeze-Dry|p1a: Samurott
|-supereffective|p1a: Samurott
|-damage|p1a: Samurott|0 fnt
|faint|p1a: Samurott
|
|-weather|none
|upkeep
|
|t:|1769307514
|switch|p1a: Glimmering Soul|Gholdengo|49/100
|turn|24
|
|t:|1769307520
|switch|p2a: Kerwin Frost|Slowking-Galar, M|55/100
|-damage|p2a: Kerwin Frost|42/100|[from] Spikes
|move|p1a: Glimmering Soul|Recover|p1a: Glimmering Soul
|-heal|p1a: Glimmering Soul|99/100
|
|-heal|p2a: Kerwin Frost|48/100|[from] item: Black Sludge
|upkeep
|turn|25
|
|t:|1769307525
|move|p1a: Glimmering Soul|Shadow Ball|p2a: Kerwin Frost
|-supereffective|p2a: Kerwin Frost
|-damage|p2a: Kerwin Frost|6/100
|-prepare|p2a: Kerwin Frost|Chilly Reception|[premajor]
|move|p2a: Kerwin Frost|Chilly Reception|p2a: Kerwin Frost
|-weather|Snowscape
|
|t:|1769307528
|switch|p2a: IDLSIDGO|Kyurem|51/100|[from] Chilly Reception
|-damage|p2a: IDLSIDGO|38/100|[from] Spikes
|-ability|p2a: IDLSIDGO|Pressure
|
|-weather|Snowscape|[upkeep]
|upkeep
|turn|26
|
|t:|1769307531
|move|p2a: IDLSIDGO|Earth Power|p1a: Glimmering Soul
|-supereffective|p1a: Glimmering Soul
|-damage|p1a: Glimmering Soul|42/100
|move|p1a: Glimmering Soul|Shadow Ball|p2a: IDLSIDGO
|-damage|p2a: IDLSIDGO|8/100
|
|-weather|Snowscape|[upkeep]
|upkeep
|turn|27
|
|t:|1769307536
|move|p2a: IDLSIDGO|Earth Power|p1a: Glimmering Soul
|-supereffective|p1a: Glimmering Soul
|-damage|p1a: Glimmering Soul|0 fnt
|faint|p1a: Glimmering Soul
|
|-weather|Snowscape|[upkeep]
|upkeep
|
|t:|1769307537
|switch|p1a: Walking Wake|Walking Wake, tera:Water|100/100
|turn|28
|
|t:|1769307543
|move|p2a: IDLSIDGO|Earth Power|p1a: Walking Wake
|-damage|p1a: Walking Wake|59/100
|move|p1a: Walking Wake|Hydro Steam|p2a: IDLSIDGO
|-resisted|p2a: IDLSIDGO
|-damage|p2a: IDLSIDGO|0 fnt
|faint|p2a: IDLSIDGO
|
|-weather|Snowscape|[upkeep]
|upkeep
|
|t:|1769307548
|switch|p2a: Kerwin Frost|Slowking-Galar, M|39/100
|-damage|p2a: Kerwin Frost|27/100|[from] Spikes
|turn|29
|
|t:|1769307552
|move|p1a: Walking Wake|Hydro Steam|p2a: Kerwin Frost
|-damage|p2a: Kerwin Frost|0 fnt
|faint|p2a: Kerwin Frost
|
|win|lirip
|raw|lirip's rating: 1470 &rarr; <strong>1489</strong><br />(+19 for winning)
|raw|BeachLeak's rating: 1452 &rarr; <strong>1433</strong><br />(-19 for losing)
|c|☆lirip|Ggs
|l|☆BeachLeak
|player|p2|
|l|☆lirip
|player|p1|
