|j|☆Burro91
|j|☆Fatty Mama
|t:|1769376938
|gametype|singles
|player|p1|Burro91|101|1316
|player|p2|Fatty Mama|touristf2|1229
|gen|9
|tier|[Gen 9] OU
|rated|
|rule|HP Percentage Mod: HP is shown in percentages
|rule|Endless Battle Clause: Forcing endless battles is banned
|rule|Species Clause: Limit one of each Pokémon
|rule|OHKO Clause: OHKO moves are banned
|rule|Evasion Items Clause: Evasion items are banned
|rule|Evasion Moves Clause: Evasion moves are banned
|rule|Evasion Abilities Clause: Evasion abilities are banned
|rule|Sleep Moves Clause: Sleep-inducing moves are banned
|clearpoke
|poke|p1|Tyranitar, F|
|poke|p1|Hydrapple, F|
|poke|p1|Enamorus, F|
|poke|p1|Garganacl, M|
|poke|p1|Excadrill, F|
|poke|p1|Alomomola, F|
|poke|p2|Slowking-Galar, M|
|poke|p2|Kyurem|
|poke|p2|Pecharunt|
|poke|p2|Cinderace, M|
|poke|p2|Samurott-Hisui, M|
|poke|p2|Landorus-Therian, M|
|teampreview
|inactive|Battle timer is ON: inactive players will automatically lose when time's up. (requested by Fatty Mama)
|
|t:|1769376961
|teamsize|p1|6
|teamsize|p2|6
|start
|switch|p1a: Hydrapple|Hydrapple, F|100/100
|switch|p2a: Landorus|Landorus-Therian, M|100/100
|-ability|p2a: Landorus|Intimidate|boost
|-unboost|p1a: Hydrapple|atk|1
|turn|1
|
|t:|1769376977
|move|p2a: Landorus|U-turn|p1a: Hydrapple
|-supereffective|p1a: Hydrapple
|-damage|p1a: Hydrapple|69/100
|-damage|p2a: Landorus|84/100|[from] item: Rocky Helmet|[of] p1a: Hydrapple
|
|t:|1769376994
|switch|p2a: Slowking|Slowking-Galar, M|100/100|[from] U-turn
|move|p1a: Hydrapple|Nasty Plot|p1a: Hydrapple
|-boost|p1a: Hydrapple|spa|2
|
|upkeep
|turn|2
|inactive|Fatty Mama has 120 seconds left.
|
|t:|1769377009
|move|p1a: Hydrapple|Earth Power|p2a: Slowking
|-supereffective|p2a: Slowking
|-damage|p2a: Slowking|48/100
|-prepare|p2a: Slowking|Chilly Reception|[premajor]
|move|p2a: Slowking|Chilly Reception|p2a: Slowking
|-weather|Snowscape
|inactive|Fatty Mama has 120 seconds left.
|
|t:|1769377025
|switch|p2a: Kyurem|Kyurem|100/100|[from] Chilly Reception
|-ability|p2a: Kyurem|Pressure
|
|-weather|Snowscape|[upkeep]
|upkeep
|turn|3
|
|t:|1769377047
|switch|p1a: Alomomola|Alomomola, F|100/100
|move|p2a: Kyurem|Earth Power|p1a: Alomomola
|-damage|p1a: Alomomola|84/100
|
|-weather|Snowscape|[upkeep]
|upkeep
|turn|4
|
|t:|1769377064
|move|p2a: Kyurem|Freeze-Dry|p1a: Alomomola
|-supereffective|p1a: Alomomola
|-damage|p1a: Alomomola|41/100
|move|p1a: Alomomola|Body Slam|p2a: Kyurem
|-damage|p2a: Kyurem|91/100
|
|-weather|Snowscape|[upkeep]
|upkeep
|turn|5
|
|t:|1769377079
|switch|p1a: Tyranitar|Tyranitar, F|100/100
|-weather|Sandstorm|[from] ability: Sand Stream|[of] p1a: Tyranitar
|move|p2a: Kyurem|Freeze-Dry|p1a: Tyranitar
|-damage|p1a: Tyranitar|77/100
|
|-weather|Sandstorm|[upkeep]
|-damage|p2a: Kyurem|85/100|[from] Sandstorm
|upkeep
|turn|6
|inactive|Fatty Mama has 90 seconds left.
|
|t:|1769377096
|move|p2a: Kyurem|Earth Power|p1a: Tyranitar
|-supereffective|p1a: Tyranitar
|-damage|p1a: Tyranitar|33/100
|move|p1a: Tyranitar|Knock Off|p2a: Kyurem
|-damage|p2a: Kyurem|7/100
|-enditem|p2a: Kyurem|Assault Vest|[from] move: Knock Off|[of] p1a: Tyranitar
|
|-weather|Sandstorm|[upkeep]
|-damage|p2a: Kyurem|1/100|[from] Sandstorm
|upkeep
|turn|7
|inactive|Fatty Mama has 90 seconds left.
|
|t:|1769377112
|switch|p1a: Alomomola|Alomomola, F|74/100
|move|p2a: Kyurem|Draco Meteor|p1a: Alomomola
|-damage|p1a: Alomomola|36/100
|-unboost|p2a: Kyurem|spa|2
|
|-weather|Sandstorm|[upkeep]
|-damage|p2a: Kyurem|0 fnt|[from] Sandstorm
|-damage|p1a: Alomomola|30/100|[from] Sandstorm
|faint|p2a: Kyurem
|upkeep
|
|t:|1769377127
|switch|p2a: Cinderace|Cinderace, M|100/100
|turn|8
|
|t:|1769377142
|switch|p1a: Garganacl|Garganacl, M|100/100
|move|p2a: Cinderace|U-turn|p1a: Garganacl
|-start|p2a: Cinderace|typechange|Bug|[from] ability: Libero
|-damage|p1a: Garganacl|79/100
|
|t:|1769377158
|switch|p2a: Landorus|Landorus-Therian, M|84/100|[from] U-turn
|-ability|p2a: Landorus|Intimidate|boost
|-unboost|p1a: Garganacl|atk|1
|
|-weather|Sandstorm|[upkeep]
|-heal|p1a: Garganacl|85/100|[from] item: Leftovers
|upkeep
|turn|9
|
|t:|1769377173
|move|p2a: Landorus|Stealth Rock|p1a: Garganacl
|-sidestart|p1: Burro91|move: Stealth Rock
|move|p1a: Garganacl|Stealth Rock|p2a: Landorus
|-sidestart|p2: Fatty Mama|move: Stealth Rock
|
|-weather|none
|-heal|p1a: Garganacl|91/100|[from] item: Leftovers
|upkeep
|turn|10
|
|t:|1769377188
|move|p2a: Landorus|U-turn|p1a: Garganacl
|-damage|p1a: Garganacl|74/100
|inactive|Fatty Mama has 60 seconds left.
|
|t:|1769377205
|switch|p2a: Slowking|Slowking-Galar, M|81/100|[from] U-turn
|move|p1a: Garganacl|Stealth Rock||[still]
|-fail|p1a: Garganacl
|
|-heal|p1a: Garganacl|80/100|[from] item: Leftovers
|upkeep
|turn|11
|inactive|Fatty Mama has 60 seconds left.
|
|t:|1769377220
|switch|p1a: Excadrill|Excadrill, F|100/100
|-damage|p1a: Excadrill|97/100|[from] Stealth Rock
|-prepare|p2a: Slowking|Chilly Reception|[premajor]
|move|p2a: Slowking|Chilly Reception|p2a: Slowking
|-weather|Snowscape
|
|t:|1769377235
|switch|p2a: Cinderace|Cinderace, M|100/100|[from] Chilly Reception
|
|-weather|Snowscape|[upkeep]
|-heal|p1a: Excadrill|100/100|[from] item: Leftovers
|upkeep
|turn|12
|
|t:|1769377260
|move|p2a: Cinderace|U-turn|p1a: Excadrill
|-start|p2a: Cinderace|typechange|Bug|[from] ability: Libero
|-resisted|p1a: Excadrill
|-damage|p1a: Excadrill|77/100
|
|t:|1769377270
|switch|p2a: Pecharunt|Pecharunt|100/100|[from] U-turn
|move|p1a: Excadrill|Substitute|p1a: Excadrill
|-start|p1a: Excadrill|Substitute
|-damage|p1a: Excadrill|52/100
|
|-weather|Snowscape|[upkeep]
|-heal|p1a: Excadrill|58/100|[from] item: Leftovers
|upkeep
|turn|13
|
|t:|1769377277
|move|p1a: Excadrill|Earthquake|p2a: Pecharunt
|-supereffective|p2a: Pecharunt
|-damage|p2a: Pecharunt|51/100
|move|p2a: Pecharunt|Foul Play|p1a: Excadrill
|-end|p1a: Excadrill|Substitute
|
|-weather|Snowscape|[upkeep]
|-heal|p1a: Excadrill|64/100|[from] item: Leftovers
|upkeep
|turn|14
|inactive|Fatty Mama has 60 seconds left.
|inactive|Burro91 has 120 seconds left.
|
|t:|1769377318
|-terastallize|p2a: Pecharunt|Dark
|move|p1a: Excadrill|Substitute|p1a: Excadrill
|-start|p1a: Excadrill|Substitute
|-damage|p1a: Excadrill|40/100
|move|p2a: Pecharunt|Foul Play|p1a: Excadrill
|-end|p1a: Excadrill|Substitute
|
|-weather|Snowscape|[upkeep]
|-heal|p1a: Excadrill|46/100|[from] item: Leftovers
|upkeep
|turn|15
|inactive|Fatty Mama has 60 seconds left.
|
|t:|1769377337
|switch|p1a: Alomomola|Alomomola, F|63/100
|-damage|p1a: Alomomola|51/100|[from] Stealth Rock
|move|p2a: Pecharunt|Foul Play|p1a: Alomomola
|-damage|p1a: Alomomola|33/100
|
|-weather|none
|upkeep
|turn|16
|inactive|Fatty Mama has 60 seconds left.
|
|t:|1769377351
|switch|p1a: Garganacl|Garganacl, M|80/100
|-damage|p1a: Garganacl|68/100|[from] Stealth Rock
|move|p2a: Pecharunt|Recover|p2a: Pecharunt
|-heal|p2a: Pecharunt|100/100
|
|-heal|p1a: Garganacl|74/100|[from] item: Leftovers
|upkeep
|turn|17
|inactive|Fatty Mama has 60 seconds left.
|
|t:|1769377366
|move|p2a: Pecharunt|Parting Shot|p1a: Garganacl
|-unboost|p1a: Garganacl|atk|1
|-unboost|p1a: Garganacl|spa|1
|inactive|Fatty Mama has 60 seconds left.
|
|t:|1769377381
|switch|p2a: Slowking|Slowking-Galar, M|100/100|[from] Parting Shot
|move|p1a: Garganacl|Salt Cure|p2a: Slowking
|-crit|p2a: Slowking
|-damage|p2a: Slowking|78/100
|-start|p2a: Slowking|Salt Cure
|
|-heal|p1a: Garganacl|80/100|[from] item: Leftovers
|-damage|p2a: Slowking|66/100|[from] Salt Cure
|upkeep
|turn|18
|inactive|Burro91 has 120 seconds left.
|
|t:|1769377400
|move|p1a: Garganacl|Salt Cure|p2a: Slowking
|-damage|p2a: Slowking|57/100
|-prepare|p2a: Slowking|Chilly Reception|[premajor]
|move|p2a: Slowking|Chilly Reception|p2a: Slowking
|-weather|Snowscape
|
|t:|1769377409
|switch|p2a: Samurott|Samurott-Hisui, M|100/100|[from] Chilly Reception
|-damage|p2a: Samurott|88/100|[from] Stealth Rock
|
|-weather|Snowscape|[upkeep]
|-heal|p1a: Garganacl|87/100|[from] item: Leftovers
|upkeep
|turn|19
|
|t:|1769377416
|switch|p1a: Hydrapple|Hydrapple, F|100/100
|-damage|p1a: Hydrapple|88/100|[from] Stealth Rock
|move|p2a: Samurott|Ceaseless Edge|p1a: Hydrapple
|-damage|p1a: Hydrapple|66/100
|-damage|p2a: Samurott|72/100|[from] item: Rocky Helmet|[of] p1a: Hydrapple
|-sidestart|p1: Burro91|Spikes
|
|-weather|Snowscape|[upkeep]
|upkeep
|turn|20
|
|t:|1769377425
|switch|p2a: Slowking|Slowking-Galar, M|90/100
|move|p1a: Hydrapple|Giga Drain|p2a: Slowking
|-resisted|p2a: Slowking
|-damage|p2a: Slowking|81/100
|-heal|p1a: Hydrapple|70/100|[from] drain|[of] p2a: Slowking
|
|-weather|Snowscape|[upkeep]
|upkeep
|turn|21
|inactive|Fatty Mama has 60 seconds left.
|
|t:|1769377439
|switch|p1a: Tyranitar|Tyranitar, F|33/100
|-damage|p1a: Tyranitar|21/100|[from] Stealth Rock
|-damage|p1a: Tyranitar|9/100|[from] Spikes
|-weather|Sandstorm|[from] ability: Sand Stream|[of] p1a: Tyranitar
|-prepare|p2a: Slowking|Chilly Reception|[premajor]
|move|p2a: Slowking|Chilly Reception|p2a: Slowking
|-weather|Snowscape
|inactive|Fatty Mama has 60 seconds left.
|
|t:|1769377454
|switch|p2a: Samurott|Samurott-Hisui, M|72/100|[from] Chilly Reception
|-damage|p2a: Samurott|59/100|[from] Stealth Rock
|
|-weather|Snowscape|[upkeep]
|upkeep
|turn|22
|inactive|Fatty Mama has 60 seconds left.
|-message|Burro91 forfeited.
|
|win|Fatty Mama
|raw|Burro91's rating: 1316 &rarr; <strong>1291</strong><br />(-25 for losing)
|raw|Fatty Mama's rating: 1229 &rarr; <strong>1260</strong><br />(+31 for winning)
|l|☆Burro91
|player|p1|
