|j|‽Jarman101
|j|☆blueberrybutt11
|t:|1769300395
|gametype|singles
|player|p1|Jarman101|170|1476
|player|p2|blueberrybutt11|winona|1443
|gen|9
|tier|[Gen 9] OU
|rated|
|rule|HP Percentage Mod: HP is shown in percentages
|rule|Endless Battle Clause: Forcing endless battles is banned
|rule|Species Clause: Limit one of each Pokémon
|rule|OHKO Clause: OHKO moves are banned
|rule|Evasion Items Clause: Evasion items are banned
|rule|Evasion Moves Clause: Evasion moves are banned
|rule|Evasion Abilities Clause: Evasion abilities are banned
|rule|Sleep Moves Clause: Sleep-inducing moves are banned
|clearpoke
|poke|p1|Alomomola, M|
|poke|p1|Slowking-Galar, M|
|poke|p1|Ursaluna, M|
|poke|p1|Mandibuzz, F|
|poke|p1|Iron Valiant|
|poke|p1|Salazzle, F|
|poke|p2|Dragapult, F|
|poke|p2|Primarina, F|
|poke|p2|Iron Crown|
|poke|p2|Samurott-Hisui, F|
|poke|p2|Kingambit, M|
|poke|p2|Landorus-Therian, M|
|teampreview
|inactive|Battle timer is ON: inactive players will automatically lose when time's up. (requested by blueberrybutt11)
|
|t:|1769300408
|teamsize|p1|6
|teamsize|p2|6
|start
|switch|p1a: Salazzle|Salazzle, F|100/100
|switch|p2a: Landorus|Landorus-Therian, M|100/100
|-ability|p2a: Landorus|Intimidate|boost
|-unboost|p1a: Salazzle|atk|1
|turn|1
|
|t:|1769300413
|move|p1a: Salazzle|Substitute|p1a: Salazzle
|-start|p1a: Salazzle|Substitute
|-damage|p1a: Salazzle|76/100
|move|p2a: Landorus|Earth Power|p1a: Salazzle
|-supereffective|p1a: Salazzle
|-end|p1a: Salazzle|Substitute
|
|-heal|p1a: Salazzle|82/100|[from] item: Leftovers
|upkeep
|turn|2
|
|t:|1769300415
|move|p1a: Salazzle|Disable|p2a: Landorus
|-start|p2a: Landorus|Disable|Earth Power
|cant|p2a: Landorus|Disable|Earth Power
|
|-heal|p1a: Salazzle|88/100|[from] item: Leftovers
|upkeep
|turn|3
|
|t:|1769300420
|move|p1a: Salazzle|Substitute|p1a: Salazzle
|-start|p1a: Salazzle|Substitute
|-damage|p1a: Salazzle|63/100
|move|p2a: Landorus|Stealth Rock|p1a: Salazzle
|-sidestart|p1: Jarman101|move: Stealth Rock
|
|-heal|p1a: Salazzle|70/100|[from] item: Leftovers
|upkeep
|turn|4
|
|t:|1769300443
|move|p1a: Salazzle|Toxic|p2a: Landorus
|-status|p2a: Landorus|tox
|move|p2a: Landorus|U-turn|p1a: Salazzle
|-resisted|p1a: Salazzle
|-activate|p1a: Salazzle|move: Substitute|[damage]
|inactive|blueberrybutt11 has 120 seconds left.
|
|t:|1769300458
|switch|p2a: Dragapult|Dragapult, F, shiny|100/100|[from] U-turn
|
|-heal|p1a: Salazzle|76/100|[from] item: Leftovers
|upkeep
|turn|5
|
|t:|1769300462
|move|p1a: Salazzle|Protect|p1a: Salazzle
|-singleturn|p1a: Salazzle|Protect
|move|p2a: Dragapult|Dragon Darts|p1a: Salazzle
|-activate|p1a: Salazzle|move: Protect
|
|-heal|p1a: Salazzle|82/100|[from] item: Leftovers
|upkeep
|turn|6
|
|t:|1769300465
|move|p2a: Dragapult|Dragon Darts|p1a: Salazzle
|-end|p1a: Salazzle|Substitute
|-anim|p2a: Dragapult|Dragon Darts|p1a: Salazzle
|-damage|p1a: Salazzle|24/100
|move|p1a: Salazzle|Toxic|p2a: Dragapult
|-status|p2a: Dragapult|tox
|
|-heal|p1a: Salazzle|30/100|[from] item: Leftovers
|-damage|p2a: Dragapult|95/100 tox|[from] psn
|upkeep
|turn|7
|
|t:|1769300470
|move|p1a: Salazzle|Protect|p1a: Salazzle
|-singleturn|p1a: Salazzle|Protect
|move|p2a: Dragapult|Dragon Darts|p1a: Salazzle
|-activate|p1a: Salazzle|move: Protect
|
|-heal|p1a: Salazzle|36/100|[from] item: Leftovers
|-damage|p2a: Dragapult|83/100 tox|[from] psn
|upkeep
|turn|8
|
|t:|1769300474
|switch|p1a: Alomomola|Alomomola, M|100/100
|move|p2a: Dragapult|Dragon Darts|p1a: Alomomola
|-damage|p1a: Alomomola|80/100
|-anim|p2a: Dragapult|Dragon Darts|p1a: Alomomola
|-damage|p1a: Alomomola|59/100
|
|-damage|p2a: Dragapult|65/100 tox|[from] psn
|upkeep
|turn|9
|
|t:|1769300479
|switch|p2a: Iron Crown|Iron Crown|100/100
|move|p1a: Alomomola|Wish|p1a: Alomomola
|
|upkeep
|turn|10
|
|t:|1769300505
|switch|p1a: Slowking|Slowking-Galar, M|100/100
|-damage|p1a: Slowking|88/100|[from] Stealth Rock
|move|p2a: Iron Crown|Volt Switch|p1a: Slowking
|-damage|p1a: Slowking|76/100
|inactive|blueberrybutt11 has 120 seconds left.
|
|t:|1769300515
|-end|p2a: Iron Crown|Quark Drive|[silent]
|switch|p2a: Samurott|Samurott-Hisui, F|100/100|[from] Volt Switch
|
|-heal|p1a: Slowking|100/100|[from] move: Wish|[wisher] Alomomola
|upkeep
|turn|11
|
|t:|1769300522
|switch|p1a: Mandibuzz|Mandibuzz, F|100/100
|move|p2a: Samurott|Ceaseless Edge|p1a: Mandibuzz
|-resisted|p1a: Mandibuzz
|-damage|p1a: Mandibuzz|88/100
|-sidestart|p1: Jarman101|Spikes
|
|upkeep
|turn|12
|
|t:|1769300527
|move|p2a: Samurott|Knock Off|p1a: Mandibuzz
|-resisted|p1a: Mandibuzz
|-damage|p1a: Mandibuzz|75/100
|-enditem|p1a: Mandibuzz|Heavy-Duty Boots|[from] move: Knock Off|[of] p2a: Samurott
|move|p1a: Mandibuzz|Defog|p2a: Samurott
|-unboost|p2a: Samurott|evasion|1
|-sideend|p1: Jarman101|Spikes|[from] move: Defog|[of] p1a: Mandibuzz
|-sideend|p1: Jarman101|Stealth Rock|[from] move: Defog|[of] p1a: Mandibuzz
|
|upkeep
|turn|13
|
|t:|1769300534
|move|p2a: Samurott|Encore|p1a: Mandibuzz
|-start|p1a: Mandibuzz|Encore
|move|p1a: Mandibuzz|Defog|p2a: Samurott
|-unboost|p2a: Samurott|evasion|1
|
|upkeep
|turn|14
|
|t:|1769300540
|switch|p1a: Alomomola|Alomomola, M|93/100
|move|p2a: Samurott|Razor Shell|p1a: Alomomola
|-resisted|p1a: Alomomola
|-damage|p1a: Alomomola|80/100
|-unboost|p1a: Alomomola|def|1
|
|upkeep
|turn|15
|
|t:|1769300547
|move|p2a: Samurott|Knock Off|p1a: Alomomola
|-damage|p1a: Alomomola|43/100
|-enditem|p1a: Alomomola|Heavy-Duty Boots|[from] move: Knock Off|[of] p2a: Samurott
|move|p1a: Alomomola|Wish|p1a: Alomomola
|
|upkeep
|turn|16
|
|t:|1769300555
|move|p2a: Samurott|Ceaseless Edge|p1a: Alomomola|[miss]
|-miss|p2a: Samurott|p1a: Alomomola
|move|p1a: Alomomola|Flip Turn|p2a: Samurott
|-resisted|p2a: Samurott
|-damage|p2a: Samurott|89/100
|
|t:|1769300557
|switch|p1a: Salazzle|Salazzle, F|36/100|[from] Flip Turn
|
|-heal|p1a: Salazzle|100/100|[from] move: Wish|[wisher] Alomomola
|upkeep
|turn|17
|
|t:|1769300567
|switch|p1a: Mandibuzz|Mandibuzz, F|75/100
|move|p2a: Samurott|Razor Shell|p1a: Mandibuzz
|-damage|p1a: Mandibuzz|45/100
|
|upkeep
|turn|18
|
|t:|1769300577
|move|p2a: Samurott|Ceaseless Edge|p1a: Mandibuzz
|-resisted|p1a: Mandibuzz
|-damage|p1a: Mandibuzz|32/100
|-sidestart|p1: Jarman101|Spikes
|move|p1a: Mandibuzz|Roost|p1a: Mandibuzz
|-heal|p1a: Mandibuzz|83/100
|-singleturn|p1a: Mandibuzz|move: Roost
|
|upkeep
|turn|19
|
|t:|1769300581
|move|p2a: Samurott|Encore|p1a: Mandibuzz
|-start|p1a: Mandibuzz|Encore
|move|p1a: Mandibuzz|Roost|p1a: Mandibuzz
|-heal|p1a: Mandibuzz|100/100
|-singleturn|p1a: Mandibuzz|move: Roost
|
|upkeep
|turn|20
|
|t:|1769300589
|switch|p1a: Alomomola|Alomomola, M|76/100
|-damage|p1a: Alomomola|64/100|[from] Spikes
|move|p2a: Samurott|Ceaseless Edge|p1a: Alomomola
|-damage|p1a: Alomomola|40/100
|-sidestart|p1: Jarman101|Spikes
|
|upkeep
|turn|21
|
|t:|1769300597
|switch|p1a: Mandibuzz|Mandibuzz, F|100/100
|move|p2a: Samurott|Ceaseless Edge|p1a: Mandibuzz
|-resisted|p1a: Mandibuzz
|-damage|p1a: Mandibuzz|87/100
|-sidestart|p1: Jarman101|Spikes
|
|upkeep
|turn|22
|
|t:|1769300607
|switch|p2a: Primarina|Primarina, F|100/100
|move|p1a: Mandibuzz|Defog|p2a: Primarina
|-unboost|p2a: Primarina|evasion|1
|-sideend|p1: Jarman101|Spikes|[from] move: Defog|[of] p1a: Mandibuzz
|
|upkeep
|turn|23
|
|t:|1769300613
|switch|p1a: Slowking|Slowking-Galar, M|100/100
|move|p2a: Primarina|Surf|p1a: Slowking
|-damage|p1a: Slowking|78/100
|
|upkeep
|turn|24
|
|t:|1769300619
|switch|p2a: Iron Crown|Iron Crown|100/100
|move|p1a: Slowking|Sludge Bomb|p2a: Iron Crown
|-immune|p2a: Iron Crown
|
|upkeep
|turn|25
|
|t:|1769300625
|move|p2a: Iron Crown|Future Sight|p1a: Slowking
|-start|p2a: Iron Crown|move: Future Sight
|move|p1a: Slowking|Flamethrower|p2a: Iron Crown
|-supereffective|p2a: Iron Crown
|-damage|p2a: Iron Crown|61/100
|
|upkeep
|turn|26
|
|t:|1769300636
|move|p2a: Iron Crown|Volt Switch|p1a: Slowking
|-damage|p1a: Slowking|66/100
|
|t:|1769300639
|-end|p2a: Iron Crown|Quark Drive|[silent]
|switch|p2a: Landorus|Landorus-Therian, M|100/100 tox|[from] Volt Switch
|-ability|p2a: Landorus|Intimidate|boost
|-unboost|p1a: Slowking|atk|1
|move|p1a: Slowking|Ice Beam|p2a: Landorus
|-supereffective|p2a: Landorus
|-damage|p2a: Landorus|0 fnt
|faint|p2a: Landorus
|
|upkeep
|
|t:|1769300651
|switch|p2a: Dragapult|Dragapult, F, shiny|65/100 tox
|turn|27
|
|t:|1769300663
|switch|p1a: Iron Valiant|Iron Valiant|100/100
|-enditem|p1a: Iron Valiant|Booster Energy
|-activate|p1a: Iron Valiant|ability: Quark Drive|[fromitem]
|-start|p1a: Iron Valiant|quarkdrivespe
|move|p2a: Dragapult|Dragon Darts|p1a: Iron Valiant
|-immune|p1a: Iron Valiant
|
|-end|p1a: Iron Valiant|move: Future Sight
|-supereffective|p1a: Iron Valiant
|-damage|p1a: Iron Valiant|0 fnt
|faint|p1a: Iron Valiant
|-end|p1a: Iron Valiant|Quark Drive|[silent]
|-damage|p2a: Dragapult|59/100 tox|[from] psn
|upkeep
|
|t:|1769300681
|switch|p1a: Ursaluna|Ursaluna, M, shiny|100/100
|turn|28
|
|t:|1769300694
|move|p2a: Dragapult|Dragon Darts|p1a: Ursaluna
|-damage|p1a: Ursaluna|76/100
|-anim|p2a: Dragapult|Dragon Darts|p1a: Ursaluna
|-damage|p1a: Ursaluna|52/100
|move|p1a: Ursaluna|Earthquake|p2a: Dragapult
|-damage|p2a: Dragapult|0 fnt
|faint|p2a: Dragapult
|
|-heal|p1a: Ursaluna|59/100|[from] item: Leftovers
|upkeep
|
|t:|1769300703
|switch|p2a: Primarina|Primarina, F|100/100
|turn|29
|
|t:|1769300709
|switch|p1a: Slowking|Slowking-Galar, M|99/100
|move|p2a: Primarina|Psychic Noise|p1a: Slowking
|-damage|p1a: Slowking|86/100
|-start|p1a: Slowking|move: Heal Block
|
|upkeep
|turn|30
|
|t:|1769300721
|switch|p2a: Kingambit|Kingambit, M|100/100
|-activate|p2a: Kingambit|ability: Supreme Overlord
|-start|p2a: Kingambit|fallen2|[silent]
|move|p1a: Slowking|Sludge Bomb|p2a: Kingambit
|-immune|p2a: Kingambit
|
|-end|p1a: Slowking|move: Heal Block
|upkeep
|turn|31
|
|t:|1769300730
|switch|p1a: Mandibuzz|Mandibuzz, F|87/100
|move|p2a: Kingambit|Kowtow Cleave|p1a: Mandibuzz
|-resisted|p1a: Mandibuzz
|-damage|p1a: Mandibuzz|72/100
|
|upkeep
|turn|32
|inactive|blueberrybutt11 has 120 seconds left.
|
|t:|1769300777
|-end|p2a: Kingambit|fallen2|[silent]
|switch|p2a: Primarina|Primarina, F|100/100
|move|p1a: Mandibuzz|Foul Play|p2a: Primarina
|-resisted|p2a: Primarina
|-crit|p2a: Primarina
|-damage|p2a: Primarina|82/100
|
|upkeep
|turn|33
|
|t:|1769300786
|switch|p2a: Samurott|Samurott-Hisui, F|89/100
|switch|p1a: Slowking|Slowking-Galar, M|100/100
|
|upkeep
|turn|34
|
|t:|1769300796
|switch|p1a: Mandibuzz|Mandibuzz, F|72/100
|move|p2a: Samurott|Ceaseless Edge|p1a: Mandibuzz
|-resisted|p1a: Mandibuzz
|-damage|p1a: Mandibuzz|59/100
|-sidestart|p1: Jarman101|Spikes
|
|upkeep
|turn|35
|
|t:|1769300804
|move|p2a: Samurott|Razor Shell|p1a: Mandibuzz
|-damage|p1a: Mandibuzz|27/100
|move|p1a: Mandibuzz|Toxic|p2a: Samurott
|-status|p2a: Samurott|tox
|
|-damage|p2a: Samurott|83/100 tox|[from] psn
|upkeep
|turn|36
|
|t:|1769300821
|switch|p1a: Alomomola|Alomomola, M|73/100
|-damage|p1a: Alomomola|61/100|[from] Spikes
|move|p2a: Samurott|Razor Shell|p1a: Alomomola
|-resisted|p1a: Alomomola
|-damage|p1a: Alomomola|48/100
|-unboost|p1a: Alomomola|def|1
|
|-damage|p2a: Samurott|71/100 tox|[from] psn
|upkeep
|turn|37
|
|t:|1769300834
|move|p2a: Samurott|Ceaseless Edge|p1a: Alomomola
|-damage|p1a: Alomomola|13/100
|-sidestart|p1: Jarman101|Spikes
|move|p1a: Alomomola|Wish|p1a: Alomomola
|
|-damage|p2a: Samurott|52/100 tox|[from] psn
|upkeep
|turn|38
|
|t:|1769300840
|switch|p2a: Primarina|Primarina, F|82/100
|switch|p1a: Mandibuzz|Mandibuzz, F|27/100
|
|-heal|p1a: Mandibuzz|91/100|[from] move: Wish|[wisher] Alomomola
|upkeep
|turn|39
|inactive|Jarman101 has 120 seconds left.
|
|t:|1769300870
|switch|p1a: Alomomola|Alomomola, M|46/100
|-damage|p1a: Alomomola|29/100|[from] Spikes
|move|p2a: Primarina|Surf|p1a: Alomomola
|-resisted|p1a: Alomomola
|-damage|p1a: Alomomola|2/100
|
|upkeep
|turn|40
|
|t:|1769300881
|move|p2a: Primarina|Surf|p1a: Alomomola
|-resisted|p1a: Alomomola
|-damage|p1a: Alomomola|0 fnt
|faint|p1a: Alomomola
|
|upkeep
|
|t:|1769300885
|switch|p1a: Slowking|Slowking-Galar, M|100/100
|-damage|p1a: Slowking|84/100|[from] Spikes
|turn|41
|
|t:|1769300892
|move|p2a: Primarina|Surf|p1a: Slowking
|-damage|p1a: Slowking|61/100
|move|p1a: Slowking|Flamethrower|p2a: Primarina
|-resisted|p2a: Primarina
|-damage|p2a: Primarina|70/100
|
|upkeep
|turn|42
|
|t:|1769300900
|switch|p2a: Samurott|Samurott-Hisui, F|52/100 tox
|move|p1a: Slowking|Sludge Bomb|p2a: Samurott
|-damage|p2a: Samurott|0 fnt
|faint|p2a: Samurott
|
|upkeep
|
|t:|1769300905
|switch|p2a: Iron Crown|Iron Crown|61/100
|turn|43
|
|t:|1769300910
|move|p2a: Iron Crown|Future Sight|p1a: Slowking
|-start|p2a: Iron Crown|move: Future Sight
|move|p1a: Slowking|Flamethrower|p2a: Iron Crown
|-supereffective|p2a: Iron Crown
|-damage|p2a: Iron Crown|23/100
|
|upkeep
|turn|44
|
|t:|1769300918
|move|p2a: Iron Crown|Tachyon Cutter|p1a: Slowking
|-damage|p1a: Slowking|49/100
|-damage|p1a: Slowking|38/100
|-hitcount|p1a: Slowking|2
|move|p1a: Slowking|Flamethrower|p2a: Iron Crown
|-supereffective|p2a: Iron Crown
|-damage|p2a: Iron Crown|0 fnt
|faint|p2a: Iron Crown
|-end|p2a: Iron Crown|Quark Drive|[silent]
|
|upkeep
|
|t:|1769300929
|switch|p2a: Primarina|Primarina, F|70/100
|turn|45
|
|t:|1769300936
|move|p2a: Primarina|Moonblast|p1a: Slowking
|-resisted|p1a: Slowking
|-crit|p1a: Slowking
|-damage|p1a: Slowking|21/100
|move|p1a: Slowking|Sludge Bomb|p2a: Primarina
|-supereffective|p2a: Primarina
|-damage|p2a: Primarina|0 fnt
|faint|p2a: Primarina
|
|-end|p1a: Slowking|move: Future Sight
|-damage|p1a: Slowking|0 fnt
|faint|p1a: Slowking
|upkeep
|
|t:|1769300945
|switch|p2a: Kingambit|Kingambit, M|100/100
|switch|p1a: Salazzle|Salazzle, F|100/100
|-damage|p1a: Salazzle|84/100|[from] Spikes
|-activate|p2a: Kingambit|ability: Supreme Overlord
|-start|p2a: Kingambit|fallen5|[silent]
|turn|46
|
|t:|1769300959
|move|p1a: Salazzle|Substitute|p1a: Salazzle
|-start|p1a: Salazzle|Substitute
|-damage|p1a: Salazzle|59/100
|move|p2a: Kingambit|Kowtow Cleave|p1a: Salazzle
|-end|p1a: Salazzle|Substitute
|
|-heal|p1a: Salazzle|65/100|[from] item: Leftovers
|upkeep
|turn|47
|
|t:|1769300964
|move|p1a: Salazzle|Disable|p2a: Kingambit
|-start|p2a: Kingambit|Disable|Kowtow Cleave
|cant|p2a: Kingambit|Disable|Kowtow Cleave
|
|-heal|p1a: Salazzle|72/100|[from] item: Leftovers
|upkeep
|turn|48
|
|t:|1769300969
|move|p1a: Salazzle|Toxic|p2a: Kingambit
|-status|p2a: Kingambit|tox
|move|p2a: Kingambit|Iron Head|p1a: Salazzle
|-resisted|p1a: Salazzle
|-damage|p1a: Salazzle|22/100
|
|-heal|p1a: Salazzle|29/100|[from] item: Leftovers
|-damage|p2a: Kingambit|94/100 tox|[from] psn
|upkeep
|turn|49
|
|t:|1769300973
|move|p1a: Salazzle|Protect|p1a: Salazzle
|-singleturn|p1a: Salazzle|Protect
|move|p2a: Kingambit|Iron Head|p1a: Salazzle
|-activate|p1a: Salazzle|move: Protect
|
|-heal|p1a: Salazzle|35/100|[from] item: Leftovers
|-heal|p2a: Kingambit|100/100 tox|[from] item: Leftovers
|-damage|p2a: Kingambit|88/100 tox|[from] psn
|upkeep
|turn|50
|
|t:|1769300976
|move|p1a: Salazzle|Substitute|p1a: Salazzle
|-start|p1a: Salazzle|Substitute
|-damage|p1a: Salazzle|10/100
|move|p2a: Kingambit|Swords Dance|p2a: Kingambit
|-boost|p2a: Kingambit|atk|2
|
|-heal|p1a: Salazzle|16/100|[from] item: Leftovers
|-heal|p2a: Kingambit|94/100 tox|[from] item: Leftovers
|-damage|p2a: Kingambit|76/100 tox|[from] psn
|-end|p2a: Kingambit|Disable
|upkeep
|turn|51
|
|t:|1769300982
|move|p1a: Salazzle|Protect|p1a: Salazzle
|-singleturn|p1a: Salazzle|Protect
|move|p2a: Kingambit|Kowtow Cleave|p1a: Salazzle
|-activate|p1a: Salazzle|move: Protect
|
|-heal|p1a: Salazzle|22/100|[from] item: Leftovers
|-heal|p2a: Kingambit|82/100 tox|[from] item: Leftovers
|-damage|p2a: Kingambit|58/100 tox|[from] psn
|upkeep
|turn|52
|
|t:|1769300989
|move|p1a: Salazzle|Disable|p2a: Kingambit
|-start|p2a: Kingambit|Disable|Kowtow Cleave
|cant|p2a: Kingambit|Disable|Kowtow Cleave
|
|-heal|p1a: Salazzle|29/100|[from] item: Leftovers
|-heal|p2a: Kingambit|64/100 tox|[from] item: Leftovers
|-damage|p2a: Kingambit|33/100 tox|[from] psn
|upkeep
|turn|53
|-message|blueberrybutt11 forfeited.
|
|win|Jarman101
|raw|Jarman101's rating: 1476 &rarr; <strong>1494</strong><br />(+18 for winning)
|raw|blueberrybutt11's rating: 1443 &rarr; <strong>1425</strong><br />(-18 for losing)
|l|☆blueberrybutt11
|player|p2|
|l|‽Jarman101
|player|p1|
