|j|☆1337muffin1337
|j|☆4hboh
|t:|1769423116
|gametype|singles
|player|p1|1337muffin1337|misty|1167
|player|p2|4hboh|102|1121
|gen|9
|tier|[Gen 9] OU
|rated|
|rule|HP Percentage Mod: HP is shown in percentages
|rule|Endless Battle Clause: Forcing endless battles is banned
|rule|Species Clause: Limit one of each Pokémon
|rule|OHKO Clause: OHKO moves are banned
|rule|Evasion Items Clause: Evasion items are banned
|rule|Evasion Moves Clause: Evasion moves are banned
|rule|Evasion Abilities Clause: Evasion abilities are banned
|rule|Sleep Moves Clause: Sleep-inducing moves are banned
|clearpoke
|poke|p1|Volcanion|
|poke|p1|Lapras, F|
|poke|p1|Azelf|
|poke|p1|Darkrai|
|poke|p1|Garchomp, F|
|poke|p1|Conkeldurr, M|
|poke|p2|Forretress, M|
|poke|p2|Hippowdon, M|
|poke|p2|Gastrodon, M|
|poke|p2|Appletun, F|
|poke|p2|Tsareena, F|
|poke|p2|Mabosstiff, F|
|teampreview
|inactive|Battle timer is ON: inactive players will automatically lose when time's up. (requested by 1337muffin1337)
|
|t:|1769423121
|teamsize|p1|6
|teamsize|p2|6
|start
|switch|p1a: Conkeldurr|Conkeldurr, M|100/100
|switch|p2a: Forretress|Forretress, M|100/100
|turn|1
|
|t:|1769423145
|move|p1a: Conkeldurr|Drain Punch|p2a: Forretress
|-damage|p2a: Forretress|71/100
|move|p2a: Forretress|Volt Switch|p1a: Conkeldurr
|-damage|p1a: Conkeldurr|88/100
|
|t:|1769423152
|switch|p2a: Appletun|Appletun, F|100/100|[from] Volt Switch
|
|upkeep
|turn|2
|
|t:|1769423159
|move|p1a: Conkeldurr|Ice Punch|p2a: Appletun
|-supereffective|p2a: Appletun
|-damage|p2a: Appletun|39/100
|move|p2a: Appletun|Dragon Tail|p1a: Conkeldurr
|-damage|p1a: Conkeldurr|75/100
|drag|p1a: Lapras|Lapras, F, shiny|100/100
|
|-heal|p2a: Appletun|45/100|[from] item: Leftovers
|upkeep
|turn|3
|
|t:|1769423182
|switch|p2a: Forretress|Forretress, M|71/100
|move|p1a: Lapras|Ice Beam|p2a: Forretress
|-resisted|p2a: Forretress
|-damage|p2a: Forretress|47/100
|
|-heal|p2a: Forretress|54/100|[from] item: Leftovers
|upkeep
|turn|4
|
|t:|1769423194
|switch|p1a: Garchomp|Garchomp, F|100/100
|move|p2a: Forretress|Stealth Rock|p1a: Garchomp
|-sidestart|p1: 1337muffin1337|move: Stealth Rock
|
|-heal|p2a: Forretress|60/100|[from] item: Leftovers
|upkeep
|turn|5
|
|t:|1769423205
|switch|p2a: Mabosstiff|Mabosstiff, F|100/100
|-ability|p2a: Mabosstiff|Intimidate|boost
|-unboost|p1a: Garchomp|atk|1
|move|p1a: Garchomp|Swords Dance|p1a: Garchomp
|-boost|p1a: Garchomp|atk|2
|
|upkeep
|turn|6
|
|t:|1769423218
|move|p1a: Garchomp|Earthquake|p2a: Mabosstiff
|-damage|p2a: Mabosstiff|23/100
|move|p2a: Mabosstiff|Taunt|p1a: Garchomp
|-start|p1a: Garchomp|move: Taunt
|
|-heal|p2a: Mabosstiff|29/100|[from] item: Leftovers
|upkeep
|turn|7
|
|t:|1769423235
|switch|p2a: Gastrodon|Gastrodon, M|100/100
|move|p1a: Garchomp|Earthquake|p2a: Gastrodon
|-damage|p2a: Gastrodon|11/100
|
|-heal|p2a: Gastrodon|17/100|[from] item: Leftovers
|upkeep
|turn|8
|-message|4hboh forfeited.
|
|win|1337muffin1337
|raw|1337muffin1337's rating: 1167 &rarr; <strong>1189</strong><br />(+22 for winning)
|raw|4hboh's rating: 1121 &rarr; <strong>1099</strong><br />(-22 for losing)
|l|☆4hboh
|player|p2|
|l|☆1337muffin1337
|player|p1|
