|j|☆aplyw
|j|☆Yaoshi
|t:|1769430040
|gametype|singles
|player|p1|aplyw|steven|1553
|player|p2|Yaoshi|silver-masters|1577
|gen|9
|tier|[Gen 9] OU
|rated|
|rule|HP Percentage Mod: HP is shown in percentages
|rule|Endless Battle Clause: Forcing endless battles is banned
|rule|Species Clause: Limit one of each Pokémon
|rule|OHKO Clause: OHKO moves are banned
|rule|Evasion Items Clause: Evasion items are banned
|rule|Evasion Moves Clause: Evasion moves are banned
|rule|Evasion Abilities Clause: Evasion abilities are banned
|rule|Sleep Moves Clause: Sleep-inducing moves are banned
|clearpoke
|poke|p1|Ogerpon-Wellspring, F|
|poke|p1|Scizor, F|
|poke|p1|Pelipper, M|
|poke|p1|Kingdra, M|
|poke|p1|Glimmora, F|
|poke|p1|Wo-Chien|
|poke|p2|Cinderace, F|
|poke|p2|Dragonite, F|
|poke|p2|Iron Valiant|
|poke|p2|Snorlax, M|
|poke|p2|Primarina, M|
|poke|p2|Skarmory, M|
|teampreview
|inactive|Battle timer is ON: inactive players will automatically lose when time's up. (requested by Yaoshi)
|
|t:|1769430056
|teamsize|p1|6
|teamsize|p2|6
|start
|switch|p1a: Scizor|Scizor, F|100/100
|switch|p2a: Homerun|Snorlax, M, shiny|100/100
|turn|1
|
|t:|1769430064
|switch|p2a: Skarmory|Skarmory, M|100/100
|move|p1a: Scizor|Knock Off|p2a: Skarmory
|-damage|p2a: Skarmory|68/100
|-damage|p1a: Scizor|84/100|[from] item: Rocky Helmet|[of] p2a: Skarmory
|-enditem|p2a: Skarmory|Rocky Helmet|[from] move: Knock Off|[of] p1a: Scizor
|
|upkeep
|turn|2
|
|t:|1769430077
|switch|p1a: Ogerpon|Ogerpon-Wellspring, F|100/100
|move|p2a: Skarmory|Roost|p2a: Skarmory
|-heal|p2a: Skarmory|100/100
|-singleturn|p2a: Skarmory|move: Roost
|
|upkeep
|turn|3
|
|t:|1769430085
|move|p1a: Ogerpon|Encore|p2a: Skarmory
|-start|p2a: Skarmory|Encore
|move|p2a: Skarmory|Roost||[still]
|-fail|p2a: Skarmory|heal
|
|upkeep
|turn|4
|
|t:|1769430097
|switch|p2a: Babe Ruth|Iron Valiant, shiny|100/100
|-enditem|p2a: Babe Ruth|Booster Energy
|-activate|p2a: Babe Ruth|ability: Quark Drive|[fromitem]
|-start|p2a: Babe Ruth|quarkdrivespe
|move|p1a: Ogerpon|Swords Dance|p1a: Ogerpon
|-boost|p1a: Ogerpon|atk|2
|
|upkeep
|turn|5
|
|t:|1769430106
|move|p2a: Babe Ruth|Encore|p1a: Ogerpon
|-start|p1a: Ogerpon|Encore
|move|p1a: Ogerpon|Swords Dance|p1a: Ogerpon
|-boost|p1a: Ogerpon|atk|2
|
|upkeep
|turn|6
|
|t:|1769430115
|switch|p1a: Glimmora|Glimmora, F, shiny|100/100
|-item|p1a: Glimmora|Air Balloon
|move|p2a: Babe Ruth|Moonblast|p1a: Glimmora
|-resisted|p1a: Glimmora
|-damage|p1a: Glimmora|73/100
|-unboost|p1a: Glimmora|spa|1
|-enditem|p1a: Glimmora|Air Balloon
|
|upkeep
|turn|7
|
|t:|1769430127
|-end|p2a: Babe Ruth|Quark Drive|[silent]
|switch|p2a: Homerun|Snorlax, M, shiny|100/100
|move|p1a: Glimmora|Stealth Rock|p2a: Homerun
|-sidestart|p2: Yaoshi|move: Stealth Rock
|
|upkeep
|turn|8
|
|t:|1769430136
|switch|p1a: Wo-Chien|Wo-Chien|100/100
|-ability|p1a: Wo-Chien|Tablets of Ruin
|move|p2a: Homerun|Earthquake|p1a: Wo-Chien
|-resisted|p1a: Wo-Chien
|-damage|p1a: Wo-Chien|93/100
|
|-heal|p1a: Wo-Chien|99/100|[from] item: Leftovers
|upkeep
|turn|9
|
|t:|1769430150
|switch|p2a: One Hit Wonder|Cinderace, F|100/100
|move|p1a: Wo-Chien|Substitute|p1a: Wo-Chien
|-start|p1a: Wo-Chien|Substitute
|-damage|p1a: Wo-Chien|74/100
|
|-heal|p1a: Wo-Chien|80/100|[from] item: Leftovers
|upkeep
|turn|10
|
|t:|1769430164
|move|p2a: One Hit Wonder|Pyro Ball|p1a: Wo-Chien
|-supereffective|p1a: Wo-Chien
|-end|p1a: Wo-Chien|Substitute
|move|p1a: Wo-Chien|Knock Off|p2a: One Hit Wonder
|-damage|p2a: One Hit Wonder|58/100
|-enditem|p2a: One Hit Wonder|Heavy-Duty Boots|[from] move: Knock Off|[of] p1a: Wo-Chien
|
|-heal|p1a: Wo-Chien|86/100|[from] item: Leftovers
|upkeep
|turn|11
|
|t:|1769430177
|switch|p1a: Pelipper|Pelipper, M, shiny|100/100
|-weather|RainDance|[from] ability: Drizzle|[of] p1a: Pelipper
|move|p2a: One Hit Wonder|Pyro Ball|p1a: Pelipper
|-resisted|p1a: Pelipper
|-damage|p1a: Pelipper|85/100
|
|-weather|RainDance|[upkeep]
|upkeep
|turn|12
|
|t:|1769430194
|switch|p2a: Homerun|Snorlax, M, shiny|100/100
|-damage|p2a: Homerun|88/100|[from] Stealth Rock
|move|p1a: Pelipper|Weather Ball|p2a: Homerun
|-damage|p2a: Homerun|58/100
|
|-weather|RainDance|[upkeep]
|upkeep
|turn|13
|
|t:|1769430206
|move|p1a: Pelipper|U-turn|p2a: Homerun
|-damage|p2a: Homerun|51/100
|
|t:|1769430216
|switch|p1a: Wo-Chien|Wo-Chien|86/100|[from] U-turn
|-ability|p1a: Wo-Chien|Tablets of Ruin
|move|p2a: Homerun|Body Slam|p1a: Wo-Chien
|-damage|p1a: Wo-Chien|65/100
|
|-weather|RainDance|[upkeep]
|-heal|p1a: Wo-Chien|71/100|[from] item: Leftovers
|upkeep
|turn|14
|
|t:|1769430231
|switch|p2a: One Hit Wonder|Cinderace, F|58/100
|-damage|p2a: One Hit Wonder|33/100|[from] Stealth Rock
|move|p1a: Wo-Chien|Substitute|p1a: Wo-Chien
|-start|p1a: Wo-Chien|Substitute
|-damage|p1a: Wo-Chien|46/100
|
|-weather|RainDance|[upkeep]
|-heal|p1a: Wo-Chien|52/100|[from] item: Leftovers
|upkeep
|turn|15
|
|t:|1769430241
|move|p1a: Wo-Chien|Protect|p1a: Wo-Chien
|-singleturn|p1a: Wo-Chien|Protect
|move|p2a: One Hit Wonder|Court Change|p2a: One Hit Wonder
|-start|p2a: One Hit Wonder|typechange|Normal|[from] ability: Libero
|-swapsideconditions
|-activate|p2a: One Hit Wonder|move: Court Change
|
|-weather|RainDance|[upkeep]
|-heal|p1a: Wo-Chien|58/100|[from] item: Leftovers
|upkeep
|turn|16
|
|t:|1769430253
|switch|p2a: Babe Ruth|Iron Valiant, shiny|100/100
|move|p1a: Wo-Chien|Leech Seed|p2a: Babe Ruth
|-start|p2a: Babe Ruth|move: Leech Seed
|
|-weather|RainDance|[upkeep]
|-heal|p1a: Wo-Chien|64/100|[from] item: Leftovers
|-damage|p2a: Babe Ruth|88/100|[from] Leech Seed|[of] p1a: Wo-Chien
|-heal|p1a: Wo-Chien|74/100|[silent]
|upkeep
|turn|17
|
|t:|1769430264
|switch|p1a: Glimmora|Glimmora, F, shiny|73/100
|-damage|p1a: Glimmora|61/100|[from] Stealth Rock
|move|p2a: Babe Ruth|Moonblast|p1a: Glimmora
|-resisted|p1a: Glimmora
|-damage|p1a: Glimmora|32/100
|
|-weather|RainDance|[upkeep]
|-damage|p2a: Babe Ruth|76/100|[from] Leech Seed|[of] p1a: Glimmora
|-heal|p1a: Glimmora|42/100|[silent]
|upkeep
|turn|18
|
|t:|1769430278
|move|p2a: Babe Ruth|Moonblast|p1a: Glimmora
|-resisted|p1a: Glimmora
|-damage|p1a: Glimmora|15/100
|move|p1a: Glimmora|Stealth Rock|p2a: Babe Ruth
|-sidestart|p2: Yaoshi|move: Stealth Rock
|
|-weather|none
|-damage|p2a: Babe Ruth|63/100|[from] Leech Seed|[of] p1a: Glimmora
|-heal|p1a: Glimmora|26/100|[silent]
|upkeep
|turn|19
|
|t:|1769430291
|move|p2a: Babe Ruth|Encore|p1a: Glimmora
|-start|p1a: Glimmora|Encore
|move|p1a: Glimmora|Stealth Rock||[still]
|-fail|p1a: Glimmora
|
|-damage|p2a: Babe Ruth|51/100|[from] Leech Seed|[of] p1a: Glimmora
|-heal|p1a: Glimmora|36/100|[silent]
|upkeep
|turn|20
|
|t:|1769430305
|switch|p1a: Scizor|Scizor, F|84/100
|-damage|p1a: Scizor|71/100|[from] Stealth Rock
|move|p2a: Babe Ruth|Moonblast|p1a: Scizor
|-resisted|p1a: Scizor
|-crit|p1a: Scizor
|-damage|p1a: Scizor|28/100
|
|-damage|p2a: Babe Ruth|38/100|[from] Leech Seed|[of] p1a: Scizor
|-heal|p1a: Scizor|38/100|[silent]
|upkeep
|turn|21
|
|t:|1769430318
|-end|p2a: Babe Ruth|Quark Drive|[silent]
|switch|p2a: Skarmory|Skarmory, M|100/100
|-damage|p2a: Skarmory|88/100|[from] Stealth Rock
|move|p1a: Scizor|Bullet Punch|p2a: Skarmory
|-resisted|p2a: Skarmory
|-damage|p2a: Skarmory|71/100
|
|upkeep
|turn|22
|
|t:|1769430333
|switch|p1a: Glimmora|Glimmora, F, shiny|36/100
|-damage|p1a: Glimmora|24/100|[from] Stealth Rock
|move|p2a: Skarmory|Body Press|p1a: Glimmora
|-damage|p1a: Glimmora|0 fnt
|-activate|p1a: Glimmora|ability: Toxic Debris
|-sidestart|p2: Yaoshi|move: Toxic Spikes
|faint|p1a: Glimmora
|
|upkeep
|inactive|aplyw has 120 seconds left.
|
|t:|1769430357
|switch|p1a: Kingdra|Kingdra, M|100/100
|-damage|p1a: Kingdra|88/100|[from] Stealth Rock
|turn|23
|
|t:|1769430372
|switch|p2a: Ayami Sato|Primarina, M, shiny|100/100
|-damage|p2a: Ayami Sato|88/100|[from] Stealth Rock
|-status|p2a: Ayami Sato|psn
|move|p1a: Kingdra|Hydro Pump|p2a: Ayami Sato
|-resisted|p2a: Ayami Sato
|-damage|p2a: Ayami Sato|60/100 psn
|-damage|p1a: Kingdra|78/100|[from] item: Life Orb
|
|-heal|p2a: Ayami Sato|66/100 psn|[from] item: Leftovers
|-damage|p2a: Ayami Sato|54/100 psn|[from] psn
|upkeep
|turn|24
|
|t:|1769430392
|switch|p1a: Ogerpon|Ogerpon-Wellspring, F|100/100
|-damage|p1a: Ogerpon|88/100|[from] Stealth Rock
|move|p2a: Ayami Sato|Psychic|p1a: Ogerpon
|-damage|p1a: Ogerpon|62/100
|
|-heal|p2a: Ayami Sato|60/100 psn|[from] item: Leftovers
|-damage|p2a: Ayami Sato|48/100 psn|[from] psn
|upkeep
|turn|25
|
|t:|1769430406
|switch|p2a: Skarmory|Skarmory, M|71/100
|-damage|p2a: Skarmory|59/100|[from] Stealth Rock
|move|p1a: Ogerpon|Ivy Cudgel|p2a: Skarmory|[anim] Ivy Cudgel Water
|-damage|p2a: Skarmory|24/100
|
|upkeep
|turn|26
|
|t:|1769430417
|-terastallize|p2a: Skarmory|Dragon
|move|p1a: Ogerpon|Ivy Cudgel|p2a: Skarmory|[anim] Ivy Cudgel Water
|-resisted|p2a: Skarmory
|-damage|p2a: Skarmory|8/100
|move|p2a: Skarmory|Roost|p2a: Skarmory
|-heal|p2a: Skarmory|58/100
|
|upkeep
|turn|27
|
|t:|1769430428
|move|p1a: Ogerpon|Encore|p2a: Skarmory
|-start|p2a: Skarmory|Encore
|move|p2a: Skarmory|Roost|p2a: Skarmory
|-heal|p2a: Skarmory|100/100
|
|upkeep
|turn|28
|
|t:|1769430441
|switch|p2a: Babe Ruth|Iron Valiant, shiny|38/100
|-damage|p2a: Babe Ruth|32/100|[from] Stealth Rock
|-status|p2a: Babe Ruth|psn
|move|p1a: Ogerpon|Horn Leech|p2a: Babe Ruth
|-damage|p2a: Babe Ruth|0 fnt
|-heal|p1a: Ogerpon|76/100|[from] drain|[of] p2a: Babe Ruth
|faint|p2a: Babe Ruth
|-end|p2a: Babe Ruth|Quark Drive|[silent]
|
|upkeep
|
|t:|1769430452
|switch|p2a: Ohtani|Dragonite, F|100/100
|-damage|p2a: Ohtani|76/100|[from] Stealth Rock
|turn|29
|
|t:|1769430466
|switch|p1a: Wo-Chien|Wo-Chien|74/100
|-damage|p1a: Wo-Chien|62/100|[from] Stealth Rock
|-ability|p1a: Wo-Chien|Tablets of Ruin
|move|p2a: Ohtani|Extreme Speed|p1a: Wo-Chien
|-damage|p1a: Wo-Chien|36/100
|
|-heal|p1a: Wo-Chien|42/100|[from] item: Leftovers
|upkeep
|turn|30
|inactive|aplyw has 120 seconds left.
|
|t:|1769430496
|move|p2a: Ohtani|Extreme Speed|p1a: Wo-Chien
|-damage|p1a: Wo-Chien|16/100
|move|p1a: Wo-Chien|Leech Seed|p2a: Ohtani
|-start|p2a: Ohtani|move: Leech Seed
|
|-heal|p1a: Wo-Chien|22/100|[from] item: Leftovers
|-damage|p2a: Ohtani|63/100|[from] Leech Seed|[of] p1a: Wo-Chien
|-heal|p1a: Wo-Chien|35/100|[silent]
|upkeep
|turn|31
|inactive|aplyw has 120 seconds left.
|
|t:|1769430511
|switch|p2a: Skarmory|Skarmory, M, tera:Dragon|100/100
|-damage|p2a: Skarmory|88/100|[from] Stealth Rock
|-status|p2a: Skarmory|psn
|move|p1a: Wo-Chien|Knock Off|p2a: Skarmory
|-damage|p2a: Skarmory|76/100 psn
|
|-heal|p1a: Wo-Chien|41/100|[from] item: Leftovers
|-damage|p2a: Skarmory|64/100 psn|[from] psn
|upkeep
|turn|32
|inactive|aplyw has 120 seconds left.
|
|t:|1769430526
|move|p1a: Wo-Chien|Protect|p1a: Wo-Chien
|-singleturn|p1a: Wo-Chien|Protect
|move|p2a: Skarmory|Brave Bird|p1a: Wo-Chien
|-activate|p1a: Wo-Chien|move: Protect
|
|-heal|p1a: Wo-Chien|47/100|[from] item: Leftovers
|-damage|p2a: Skarmory|52/100 psn|[from] psn
|upkeep
|turn|33
|
|t:|1769430550
|-terastallize|p1a: Wo-Chien|Fairy
|move|p2a: Skarmory|Brave Bird|p1a: Wo-Chien
|-damage|p1a: Wo-Chien|29/100
|-damage|p2a: Skarmory|45/100 psn|[from] Recoil
|move|p1a: Wo-Chien|Leech Seed|p2a: Skarmory
|-start|p2a: Skarmory|move: Leech Seed
|
|-heal|p1a: Wo-Chien|35/100|[from] item: Leftovers
|-damage|p2a: Skarmory|33/100 psn|[from] Leech Seed|[of] p1a: Wo-Chien
|-heal|p1a: Wo-Chien|46/100|[silent]
|-damage|p2a: Skarmory|20/100 psn|[from] psn
|upkeep
|turn|34
|
|t:|1769430567
|move|p1a: Wo-Chien|Substitute|p1a: Wo-Chien
|-start|p1a: Wo-Chien|Substitute
|-damage|p1a: Wo-Chien|21/100
|move|p2a: Skarmory|Whirlwind|p1a: Wo-Chien
|drag|p1a: Ogerpon|Ogerpon-Wellspring, F|76/100
|-damage|p1a: Ogerpon|63/100|[from] Stealth Rock
|
|-damage|p2a: Skarmory|8/100 psn|[from] Leech Seed|[of] p1a: Ogerpon
|-heal|p1a: Ogerpon|76/100|[silent]
|-damage|p2a: Skarmory|0 fnt|[from] psn
|faint|p2a: Skarmory
|upkeep
|
|t:|1769430577
|switch|p2a: Ohtani|Dragonite, F|63/100
|-damage|p2a: Ohtani|38/100|[from] Stealth Rock
|turn|35
|inactive|aplyw has 90 seconds left.
|
|t:|1769430622
|move|p2a: Ohtani|Extreme Speed|p1a: Ogerpon
|-damage|p1a: Ogerpon|18/100
|move|p1a: Ogerpon|Ivy Cudgel|p2a: Ohtani|[anim] Ivy Cudgel Water
|-resisted|p2a: Ohtani
|-damage|p2a: Ohtani|13/100
|
|upkeep
|turn|36
|
|t:|1769430636
|switch|p1a: Wo-Chien|Wo-Chien, tera:Fairy|21/100
|-damage|p1a: Wo-Chien|9/100|[from] Stealth Rock
|-ability|p1a: Wo-Chien|Tablets of Ruin
|move|p2a: Ohtani|Extreme Speed|p1a: Wo-Chien
|-damage|p1a: Wo-Chien|0 fnt
|faint|p1a: Wo-Chien
|
|upkeep
|j| Tbccc15
|inactive|aplyw has 60 seconds left.
|inactive|aplyw has 30 seconds left.
|
|t:|1769430680
|switch|p1a: Scizor|Scizor, F|38/100
|-damage|p1a: Scizor|26/100|[from] Stealth Rock
|turn|37
|
|t:|1769430686
|move|p2a: Ohtani|Extreme Speed|p1a: Scizor
|-resisted|p1a: Scizor
|-damage|p1a: Scizor|2/100
|move|p1a: Scizor|Bullet Punch|p2a: Ohtani
|-damage|p2a: Ohtani|0 fnt
|faint|p2a: Ohtani
|
|upkeep
|
|t:|1769430690
|switch|p2a: One Hit Wonder|Cinderace, F|33/100
|-damage|p2a: One Hit Wonder|8/100|[from] Stealth Rock
|-status|p2a: One Hit Wonder|psn
|turn|38
|
|t:|1769430698
|move|p2a: One Hit Wonder|Sucker Punch|p1a: Scizor
|-start|p2a: One Hit Wonder|typechange|Dark|[from] ability: Libero
|-damage|p1a: Scizor|0 fnt
|faint|p1a: Scizor
|
|-damage|p2a: One Hit Wonder|0 fnt|[from] psn
|faint|p2a: One Hit Wonder
|upkeep
|
|t:|1769430710
|switch|p2a: Homerun|Snorlax, M, shiny|51/100
|switch|p1a: Pelipper|Pelipper, M, shiny|85/100
|-damage|p1a: Pelipper|60/100|[from] Stealth Rock
|-weather|RainDance|[from] ability: Drizzle|[of] p1a: Pelipper
|-damage|p2a: Homerun|38/100|[from] Stealth Rock
|-status|p2a: Homerun|psn
|-enditem|p2a: Homerun|Figy Berry|[eat]
|-heal|p2a: Homerun|72/100 psn|[from] item: Figy Berry
|turn|39
|
|t:|1769430724
|move|p1a: Pelipper|Weather Ball|p2a: Homerun
|-damage|p2a: Homerun|39/100 psn
|move|p2a: Homerun|Body Slam|p1a: Pelipper
|-damage|p1a: Pelipper|26/100
|
|-weather|RainDance|[upkeep]
|-damage|p2a: Homerun|27/100 psn|[from] psn
|upkeep
|turn|40
|
|t:|1769430734
|move|p1a: Pelipper|Weather Ball|p2a: Homerun
|-crit|p2a: Homerun
|-damage|p2a: Homerun|0 fnt
|faint|p2a: Homerun
|
|-weather|RainDance|[upkeep]
|upkeep
|
|t:|1769430737
|switch|p2a: Ayami Sato|Primarina, M, shiny|48/100 psn
|-damage|p2a: Ayami Sato|35/100 psn|[from] Stealth Rock
|turn|41
|inactive|aplyw has 60 seconds left.
|
|t:|1769430745
|move|p1a: Pelipper|Hurricane|p2a: Ayami Sato
|-damage|p2a: Ayami Sato|0 fnt
|faint|p2a: Ayami Sato
|
|win|aplyw
|raw|aplyw's rating: 1553 &rarr; <strong>1574</strong><br />(+21 for winning)
|raw|Yaoshi's rating: 1577 &rarr; <strong>1556</strong><br />(-21 for losing)
|l|☆Yaoshi
|player|p2|
