|j|☆Efrain.9
|j|☆topmanbladee
|t:|1769322955
|gametype|singles
|player|p1|Efrain.9|hilbert-wonderlauncher|1689
|player|p2|topmanbladee|169|1767
|gen|9
|tier|[Gen 9] OU
|rated|
|rule|HP Percentage Mod: HP is shown in percentages
|rule|Endless Battle Clause: Forcing endless battles is banned
|rule|Species Clause: Limit one of each Pokémon
|rule|OHKO Clause: OHKO moves are banned
|rule|Evasion Items Clause: Evasion items are banned
|rule|Evasion Moves Clause: Evasion moves are banned
|rule|Evasion Abilities Clause: Evasion abilities are banned
|rule|Sleep Moves Clause: Sleep-inducing moves are banned
|clearpoke
|poke|p1|Pelipper, F|
|poke|p1|Basculegion, M|
|poke|p1|Umbreon, F|
|poke|p1|Scizor, M|
|poke|p1|Raging Bolt|
|poke|p1|Ogerpon-Wellspring, F|
|poke|p2|Kyurem|
|poke|p2|Cinderace, M|
|poke|p2|Tornadus-Therian, M|
|poke|p2|Hatterene, F|
|poke|p2|Great Tusk|
|poke|p2|Kingambit, F|
|teampreview
|inactive|Battle timer is ON: inactive players will automatically lose when time's up. (requested by topmanbladee)
|inactive|Efrain.9 has 120 seconds left.
|
|t:|1769322986
|teamsize|p1|6
|teamsize|p2|6
|start
|switch|p1a: Scizor|Scizor, M|100/100
|switch|p2a: Cinderace|Cinderace, M|100/100
|turn|1
|
|t:|1769322991
|switch|p1a: Pelipper|Pelipper, F|100/100
|-weather|RainDance|[from] ability: Drizzle|[of] p1a: Pelipper
|move|p2a: Cinderace|U-turn|p1a: Pelipper
|-start|p2a: Cinderace|typechange|Bug|[from] ability: Libero
|-resisted|p1a: Pelipper
|-damage|p1a: Pelipper|82/100
|
|t:|1769322993
|switch|p2a: Kyurem|Kyurem|100/100|[from] U-turn
|-ability|p2a: Kyurem|Pressure
|
|-weather|RainDance|[upkeep]
|upkeep
|turn|2
|
|t:|1769323003
|-terastallize|p1a: Pelipper|Steel
|move|p2a: Kyurem|Ice Beam|p1a: Pelipper
|-resisted|p1a: Pelipper
|-damage|p1a: Pelipper|27/100
|-status|p1a: Pelipper|frz
|cant|p1a: Pelipper|frz
|
|-weather|RainDance|[upkeep]
|upkeep
|turn|3
|
|t:|1769323013
|switch|p1a: Scizor|Scizor, M|100/100
|move|p2a: Kyurem|Ice Beam|p1a: Scizor
|-resisted|p1a: Scizor
|-damage|p1a: Scizor|61/100
|
|-weather|RainDance|[upkeep]
|upkeep
|turn|4
|
|t:|1769323020
|switch|p2a: Great Tusk|Great Tusk|100/100
|move|p1a: Scizor|Knock Off|p2a: Great Tusk
|-resisted|p2a: Great Tusk
|-damage|p2a: Great Tusk|89/100
|-damage|p1a: Scizor|45/100|[from] item: Rocky Helmet|[of] p2a: Great Tusk
|-enditem|p2a: Great Tusk|Rocky Helmet|[from] move: Knock Off|[of] p1a: Scizor
|
|-weather|RainDance|[upkeep]
|upkeep
|turn|5
|
|t:|1769323031
|switch|p1a: Basculegion|Basculegion, M|100/100
|move|p2a: Great Tusk|Headlong Rush|p1a: Basculegion
|-damage|p1a: Basculegion|36/100
|-unboost|p2a: Great Tusk|def|1
|-unboost|p2a: Great Tusk|spd|1
|
|-weather|RainDance|[upkeep]
|upkeep
|turn|6
|
|t:|1769323041
|-end|p2a: Great Tusk|Protosynthesis|[silent]
|switch|p2a: Tornadus|Tornadus-Therian, M|100/100
|move|p1a: Basculegion|Flip Turn|p2a: Tornadus
|-damage|p2a: Tornadus|14/100
|
|t:|1769323051
|switch|p1a: Raging Bolt|Raging Bolt|100/100|[from] Flip Turn
|
|-weather|RainDance|[upkeep]
|upkeep
|turn|7
|
|t:|1769323055
|move|p2a: Tornadus|Knock Off|p1a: Raging Bolt
|-damage|p1a: Raging Bolt|82/100
|-enditem|p1a: Raging Bolt|Choice Specs|[from] move: Knock Off|[of] p2a: Tornadus
|move|p1a: Raging Bolt|Weather Ball|p2a: Tornadus
|-damage|p2a: Tornadus|0 fnt
|faint|p2a: Tornadus
|
|-weather|RainDance|[upkeep]
|upkeep
|
|t:|1769323060
|switch|p2a: Great Tusk|Great Tusk|89/100
|turn|8
|
|t:|1769323068
|move|p2a: Great Tusk|Headlong Rush|p1a: Raging Bolt
|-supereffective|p1a: Raging Bolt
|-damage|p1a: Raging Bolt|0 fnt
|-unboost|p2a: Great Tusk|def|1
|-unboost|p2a: Great Tusk|spd|1
|faint|p1a: Raging Bolt
|-end|p1a: Raging Bolt|Protosynthesis|[silent]
|
|-weather|none
|upkeep
|
|t:|1769323076
|switch|p1a: Ogerpon|Ogerpon-Wellspring, F|100/100
|turn|9
|
|t:|1769323081
|-end|p2a: Great Tusk|Protosynthesis|[silent]
|switch|p2a: Kyurem|Kyurem|100/100
|-ability|p2a: Kyurem|Pressure
|move|p1a: Ogerpon|Ivy Cudgel|p2a: Kyurem|[anim] Ivy Cudgel Water
|-resisted|p2a: Kyurem
|-damage|p2a: Kyurem|73/100
|
|upkeep
|turn|10
|
|t:|1769323088
|switch|p1a: Pelipper|Pelipper, F, tera:Steel|27/100 frz
|-weather|RainDance|[from] ability: Drizzle|[of] p1a: Pelipper
|move|p2a: Kyurem|Freeze-Dry|p1a: Pelipper
|-resisted|p1a: Pelipper
|-damage|p1a: Pelipper|0 fnt
|faint|p1a: Pelipper
|
|-weather|RainDance|[upkeep]
|upkeep
|
|t:|1769323100
|switch|p1a: Basculegion|Basculegion, M|36/100
|turn|11
|
|t:|1769323103
|move|p1a: Basculegion|Flip Turn|p2a: Kyurem
|-resisted|p2a: Kyurem
|-damage|p2a: Kyurem|41/100
|
|t:|1769323107
|switch|p1a: Umbreon|Umbreon, F|100/100|[from] Flip Turn
|move|p2a: Kyurem|Freeze-Dry|p1a: Umbreon
|-damage|p1a: Umbreon|64/100
|
|-weather|RainDance|[upkeep]
|-heal|p1a: Umbreon|70/100|[from] item: Leftovers
|upkeep
|turn|12
|
|t:|1769323115
|switch|p2a: Cinderace|Cinderace, M|100/100
|move|p1a: Umbreon|Wish|p1a: Umbreon
|
|-weather|RainDance|[upkeep]
|-heal|p1a: Umbreon|76/100|[from] item: Leftovers
|upkeep
|turn|13
|
|t:|1769323133
|move|p2a: Cinderace|U-turn|p1a: Umbreon
|-start|p2a: Cinderace|typechange|Bug|[from] ability: Libero
|-supereffective|p1a: Umbreon
|-damage|p1a: Umbreon|31/100
|
|t:|1769323138
|switch|p2a: Hatterene|Hatterene, F|100/100|[from] U-turn
|move|p1a: Umbreon|Foul Play|p2a: Hatterene
|-damage|p2a: Hatterene|77/100
|
|-weather|RainDance|[upkeep]
|-heal|p1a: Umbreon|81/100|[from] move: Wish|[wisher] Umbreon
|-heal|p1a: Umbreon|88/100|[from] item: Leftovers
|-heal|p2a: Hatterene|83/100|[from] item: Leftovers
|upkeep
|turn|14
|
|t:|1769323150
|switch|p1a: Ogerpon|Ogerpon-Wellspring, F|100/100
|move|p2a: Hatterene|Nuzzle|p1a: Ogerpon
|-damage|p1a: Ogerpon|95/100
|-status|p1a: Ogerpon|par
|
|-weather|RainDance|[upkeep]
|-heal|p2a: Hatterene|89/100|[from] item: Leftovers
|upkeep
|turn|15
|inactive|topmanbladee has 120 seconds left.
|
|t:|1769323182
|cant|p1a: Ogerpon|par
|move|p2a: Hatterene|Draining Kiss|p1a: Ogerpon
|-damage|p1a: Ogerpon|69/100 par
|-heal|p2a: Hatterene|100/100|[from] drain|[of] p1a: Ogerpon
|
|-weather|RainDance|[upkeep]
|upkeep
|turn|16
|
|t:|1769323189
|move|p1a: Ogerpon|Ivy Cudgel|p2a: Hatterene|[anim] Ivy Cudgel Water
|-damage|p2a: Hatterene|30/100
|move|p2a: Hatterene|Psychic Noise|p1a: Ogerpon
|-damage|p1a: Ogerpon|32/100 par
|-start|p1a: Ogerpon|move: Heal Block
|
|-weather|RainDance|[upkeep]
|-heal|p2a: Hatterene|36/100|[from] item: Leftovers
|upkeep
|turn|17
|
|t:|1769323204
|move|p1a: Ogerpon|Ivy Cudgel|p2a: Hatterene|[anim] Ivy Cudgel Water
|-damage|p2a: Hatterene|0 fnt
|faint|p2a: Hatterene
|
|-weather|none
|-end|p1a: Ogerpon|move: Heal Block
|upkeep
|inactive|topmanbladee has 120 seconds left.
|
|t:|1769323221
|switch|p2a: Kyurem|Kyurem|41/100
|-ability|p2a: Kyurem|Pressure
|turn|18
|
|t:|1769323227
|switch|p1a: Umbreon|Umbreon, F|88/100
|move|p2a: Kyurem|Ice Beam|p1a: Umbreon
|-damage|p1a: Umbreon|43/100
|-status|p1a: Umbreon|frz
|
|-heal|p1a: Umbreon|49/100 frz|[from] item: Leftovers
|upkeep
|turn|19
|
|t:|1769323236
|cant|p1a: Umbreon|frz
|move|p2a: Kyurem|Ice Beam|p1a: Umbreon
|-damage|p1a: Umbreon|7/100 frz
|
|-heal|p1a: Umbreon|13/100 frz|[from] item: Leftovers
|upkeep
|turn|20
|
|t:|1769323242
|cant|p1a: Umbreon|frz
|move|p2a: Kyurem|Ice Beam|p1a: Umbreon
|-damage|p1a: Umbreon|0 fnt
|faint|p1a: Umbreon
|
|upkeep
|
|t:|1769323249
|switch|p1a: Scizor|Scizor, M|45/100
|turn|21
|
|t:|1769323252
|switch|p2a: Cinderace|Cinderace, M|100/100
|move|p1a: Scizor|U-turn|p2a: Cinderace
|-resisted|p2a: Cinderace
|-damage|p2a: Cinderace|73/100
|
|t:|1769323257
|switch|p1a: Basculegion|Basculegion, M|36/100|[from] U-turn
|
|upkeep
|turn|22
|
|t:|1769323261
|move|p2a: Cinderace|Gunk Shot|p1a: Basculegion|[miss]
|-start|p2a: Cinderace|typechange|Poison|[from] ability: Libero
|-miss|p2a: Cinderace|p1a: Basculegion
|move|p1a: Basculegion|Flip Turn|p2a: Cinderace
|-damage|p2a: Cinderace|9/100
|
|t:|1769323281
|switch|p1a: Scizor|Scizor, M|45/100|[from] Flip Turn
|
|upkeep
|turn|23
|
|t:|1769323285
|move|p2a: Cinderace|Pyro Ball|p1a: Scizor
|-supereffective|p1a: Scizor
|-damage|p1a: Scizor|0 fnt
|faint|p1a: Scizor
|
|upkeep
|-message|Efrain.9 forfeited.
|
|win|topmanbladee
|raw|Efrain.9's rating: 1689 &rarr; <strong>1673</strong><br />(-16 for losing)
|raw|topmanbladee's rating: 1767 &rarr; <strong>1783</strong><br />(+16 for winning)
|l|☆Efrain.9
|player|p1|
|l|☆topmanbladee
|player|p2|
