|j|☆like Lokix
|j|☆RicoDaGoat15
|t:|1769400780
|gametype|singles
|player|p1|like Lokix|bugsy|1087
|player|p2|RicoDaGoat15|giovanni|1090
|gen|9
|tier|[Gen 9] OU
|rated|
|rule|HP Percentage Mod: HP is shown in percentages
|rule|Endless Battle Clause: Forcing endless battles is banned
|rule|Species Clause: Limit one of each Pokémon
|rule|OHKO Clause: OHKO moves are banned
|rule|Evasion Items Clause: Evasion items are banned
|rule|Evasion Moves Clause: Evasion moves are banned
|rule|Evasion Abilities Clause: Evasion abilities are banned
|rule|Sleep Moves Clause: Sleep-inducing moves are banned
|clearpoke
|poke|p1|Lokix, M|
|poke|p1|Gholdengo|
|poke|p1|Garganacl, M|
|poke|p1|Primarina, M|
|poke|p1|Scizor, M|
|poke|p1|Ceruledge, M|
|poke|p2|Infernape, F|
|poke|p2|Gliscor, M|
|poke|p2|Meowscarada, F|
|poke|p2|Mimikyu, M|
|poke|p2|Scizor, M|
|poke|p2|Walking Wake|
|teampreview
|
|t:|1769400790
|teamsize|p1|6
|teamsize|p2|6
|start
|switch|p1a: 盐王爷|Garganacl, M|100/100
|switch|p2a: Infernape|Infernape, F|100/100
|turn|1
|
|t:|1769400801
|move|p2a: Infernape|Drain Punch|p1a: 盐王爷
|-supereffective|p1a: 盐王爷
|-damage|p1a: 盐王爷|62/100
|move|p1a: 盐王爷|Salt Cure|p2a: Infernape
|-crit|p2a: Infernape
|-damage|p2a: Infernape|63/100
|-start|p2a: Infernape|Salt Cure
|
|-heal|p2a: Infernape|69/100|[from] item: Leftovers
|-heal|p1a: 盐王爷|68/100|[from] item: Leftovers
|-damage|p2a: Infernape|57/100|[from] Salt Cure
|upkeep
|turn|2
|
|t:|1769400812
|move|p2a: Infernape|Drain Punch|p1a: 盐王爷
|-supereffective|p1a: 盐王爷
|-damage|p1a: 盐王爷|27/100
|-heal|p2a: Infernape|85/100|[from] drain|[of] p1a: 盐王爷
|move|p1a: 盐王爷|Stealth Rock|p2a: Infernape
|-sidestart|p2: RicoDaGoat15|move: Stealth Rock
|
|-heal|p2a: Infernape|91/100|[from] item: Leftovers
|-heal|p1a: 盐王爷|34/100|[from] item: Leftovers
|-damage|p2a: Infernape|79/100|[from] Salt Cure
|upkeep
|turn|3
|
|t:|1769400823
|move|p2a: Infernape|Drain Punch|p1a: 盐王爷
|-supereffective|p1a: 盐王爷
|-damage|p1a: 盐王爷|0 fnt
|-heal|p2a: Infernape|100/100|[from] drain|[of] p1a: 盐王爷
|faint|p1a: 盐王爷
|
|-damage|p2a: Infernape|88/100|[from] Salt Cure
|upkeep
|
|t:|1769400832
|switch|p1a: KAMENRIDER|Lokix, M|100/100
|turn|4
|
|t:|1769400844
|-terastallize|p1a: KAMENRIDER|Bug
|move|p1a: KAMENRIDER|First Impression|p2a: Infernape
|-resisted|p2a: Infernape
|-damage|p2a: Infernape|26/100
|move|p2a: Infernape|Rock Slide|p1a: KAMENRIDER
|-supereffective|p1a: KAMENRIDER
|-damage|p1a: KAMENRIDER|39/100
|
|-heal|p2a: Infernape|32/100|[from] item: Leftovers
|-damage|p2a: Infernape|20/100|[from] Salt Cure
|upkeep
|turn|5
|
|t:|1769400857
|switch|p1a: 壬→壬↑壬↘壬↗|Primarina, M|100/100
|move|p2a: Infernape|Mach Punch|p1a: 壬→壬↑壬↘壬↗
|-resisted|p1a: 壬→壬↑壬↘壬↗
|-damage|p1a: 壬→壬↑壬↘壬↗|86/100
|
|-heal|p2a: Infernape|26/100|[from] item: Leftovers
|-heal|p1a: 壬→壬↑壬↘壬↗|93/100|[from] item: Leftovers
|-damage|p2a: Infernape|14/100|[from] Salt Cure
|upkeep
|turn|6
|
|t:|1769400868
|move|p2a: Infernape|Rock Slide|p1a: 壬→壬↑壬↘壬↗
|-damage|p1a: 壬→壬↑壬↘壬↗|67/100
|move|p1a: 壬→壬↑壬↘壬↗|Moonblast|p2a: Infernape
|-damage|p2a: Infernape|0 fnt
|faint|p2a: Infernape
|
|-heal|p1a: 壬→壬↑壬↘壬↗|73/100|[from] item: Leftovers
|upkeep
|
|t:|1769400876
|switch|p2a: Scizor|Scizor, M|100/100
|-damage|p2a: Scizor|88/100|[from] Stealth Rock
|turn|7
|
|t:|1769400888
|move|p2a: Scizor|Bullet Punch|p1a: 壬→壬↑壬↘壬↗
|-damage|p1a: 壬→壬↑壬↘壬↗|33/100
|move|p1a: 壬→壬↑壬↘壬↗|Sparkling Aria|p2a: Scizor
|-damage|p2a: Scizor|0 fnt
|faint|p2a: Scizor
|
|-heal|p1a: 壬→壬↑壬↘壬↗|39/100|[from] item: Leftovers
|upkeep
|
|t:|1769400896
|switch|p2a: Meowscarada|Meowscarada, F|100/100
|-damage|p2a: Meowscarada|88/100|[from] Stealth Rock
|turn|8
|
|t:|1769400906
|switch|p1a: 赤色流星|Scizor, M|100/100
|move|p2a: Meowscarada|Petal Blizzard|p1a: 赤色流星
|-start|p2a: Meowscarada|typechange|Grass|[from] ability: Protean
|-resisted|p1a: 赤色流星
|-damage|p1a: 赤色流星|91/100
|
|upkeep
|turn|9
|
|t:|1769400917
|move|p2a: Meowscarada|U-turn|p1a: 赤色流星
|-resisted|p1a: 赤色流星
|-damage|p1a: 赤色流星|80/100
|
|t:|1769400930
|switch|p2a: Gliscor|Gliscor, M|100/100|[from] U-turn
|-damage|p2a: Gliscor|88/100|[from] Stealth Rock
|move|p1a: 赤色流星|U-turn|p2a: Gliscor
|-resisted|p2a: Gliscor
|-damage|p2a: Gliscor|69/100
|
|t:|1769400941
|switch|p1a: 奥斯卡小金人|Gholdengo|100/100|[from] U-turn
|-item|p1a: 奥斯卡小金人|Air Balloon
|
|-status|p2a: Gliscor|tox|[from] item: Toxic Orb
|upkeep
|turn|10
|
|t:|1769400951
|move|p2a: Gliscor|Protect|p2a: Gliscor
|-singleturn|p2a: Gliscor|Protect
|move|p1a: 奥斯卡小金人|Hex|p2a: Gliscor
|-activate|p2a: Gliscor|move: Protect
|
|-heal|p2a: Gliscor|82/100 tox|[from] ability: Poison Heal
|upkeep
|turn|11
|
|t:|1769400960
|move|p1a: 奥斯卡小金人|Hex|p2a: Gliscor
|-damage|p2a: Gliscor|0 fnt
|faint|p2a: Gliscor
|
|upkeep
|
|t:|1769400975
|switch|p2a: Meowscarada|Meowscarada, F|88/100
|-damage|p2a: Meowscarada|76/100|[from] Stealth Rock
|turn|12
|
|t:|1769400985
|move|p2a: Meowscarada|Knock Off|p1a: 奥斯卡小金人
|-start|p2a: Meowscarada|typechange|Dark|[from] ability: Protean
|-supereffective|p1a: 奥斯卡小金人
|-crit|p1a: 奥斯卡小金人
|-damage|p1a: 奥斯卡小金人|0 fnt
|-enditem|p1a: 奥斯卡小金人|Air Balloon
|faint|p1a: 奥斯卡小金人
|
|upkeep
|
|t:|1769400994
|switch|p1a: KAMENRIDER|Lokix, M, tera:Bug|39/100
|turn|13
|
|t:|1769401008
|move|p1a: KAMENRIDER|First Impression|p2a: Meowscarada
|-supereffective|p2a: Meowscarada
|-damage|p2a: Meowscarada|0 fnt
|faint|p2a: Meowscarada
|
|upkeep
|
|t:|1769401018
|switch|p2a: Walking Wake|Walking Wake|100/100
|-damage|p2a: Walking Wake|88/100|[from] Stealth Rock
|-enditem|p2a: Walking Wake|Booster Energy
|-activate|p2a: Walking Wake|ability: Protosynthesis|[fromitem]
|-start|p2a: Walking Wake|protosynthesisspa
|turn|14
|
|t:|1769401029
|switch|p1a: 赤色流星|Scizor, M|80/100
|move|p2a: Walking Wake|Surf|p1a: 赤色流星
|-crit|p1a: 赤色流星
|-damage|p1a: 赤色流星|0 fnt
|faint|p1a: 赤色流星
|
|upkeep
|
|t:|1769401037
|switch|p1a: 壬→壬↑壬↘壬↗|Primarina, M|39/100
|turn|15
|
|t:|1769401050
|move|p2a: Walking Wake|Surf|p1a: 壬→壬↑壬↘壬↗
|-resisted|p1a: 壬→壬↑壬↘壬↗
|-damage|p1a: 壬→壬↑壬↘壬↗|11/100
|move|p1a: 壬→壬↑壬↘壬↗|Moonblast|p2a: Walking Wake
|-supereffective|p2a: Walking Wake
|-damage|p2a: Walking Wake|0 fnt
|faint|p2a: Walking Wake
|-end|p2a: Walking Wake|Protosynthesis|[silent]
|
|-heal|p1a: 壬→壬↑壬↘壬↗|17/100|[from] item: Leftovers
|upkeep
|
|t:|1769401058
|switch|p2a: Mimikyu|Mimikyu, M|100/100
|-damage|p2a: Mimikyu|88/100|[from] Stealth Rock
|turn|16
|
|t:|1769401066
|move|p2a: Mimikyu|Swords Dance|p2a: Mimikyu
|-boost|p2a: Mimikyu|atk|2
|move|p1a: 壬→壬↑壬↘壬↗|Shadow Ball|p2a: Mimikyu
|-activate|p2a: Mimikyu|ability: Disguise
|-damage|p2a: Mimikyu|88/100
|-unboost|p2a: Mimikyu|spd|1
|detailschange|p2a: Mimikyu|Mimikyu-Busted, M
|-damage|p2a: Mimikyu|76/100|[from] pokemon: Mimikyu-Busted
|
|-heal|p2a: Mimikyu|82/100|[from] item: Leftovers
|-heal|p1a: 壬→壬↑壬↘壬↗|23/100|[from] item: Leftovers
|upkeep
|turn|17
|
|t:|1769401082
|move|p2a: Mimikyu|Shadow Claw|p1a: 壬→壬↑壬↘壬↗
|-damage|p1a: 壬→壬↑壬↘壬↗|0 fnt
|faint|p1a: 壬→壬↑壬↘壬↗
|
|-heal|p2a: Mimikyu|88/100|[from] item: Leftovers
|upkeep
|
|t:|1769401085
|switch|p1a: KAMENRIDER|Lokix, M, tera:Bug|39/100
|turn|18
|
|t:|1769401090
|move|p1a: KAMENRIDER|First Impression|p2a: Mimikyu
|-resisted|p2a: Mimikyu
|-damage|p2a: Mimikyu|11/100
|move|p2a: Mimikyu|Drain Punch|p1a: KAMENRIDER
|-resisted|p1a: KAMENRIDER
|-damage|p1a: KAMENRIDER|10/100
|-heal|p2a: Mimikyu|30/100|[from] drain|[of] p1a: KAMENRIDER
|
|-heal|p2a: Mimikyu|36/100|[from] item: Leftovers
|upkeep
|turn|19
|
|t:|1769401104
|switch|p1a: 侧脸一般正脸绝了|Ceruledge, M|100/100
|move|p2a: Mimikyu|Drain Punch|p1a: 侧脸一般正脸绝了
|-immune|p1a: 侧脸一般正脸绝了
|
|-heal|p2a: Mimikyu|42/100|[from] item: Leftovers
|upkeep
|turn|20
|
|t:|1769401122
|move|p2a: Mimikyu|Shadow Claw|p1a: 侧脸一般正脸绝了
|-supereffective|p1a: 侧脸一般正脸绝了
|-damage|p1a: 侧脸一般正脸绝了|0 fnt
|faint|p1a: 侧脸一般正脸绝了
|
|-heal|p2a: Mimikyu|48/100|[from] item: Leftovers
|upkeep
|
|t:|1769401130
|switch|p1a: KAMENRIDER|Lokix, M, tera:Bug|10/100
|turn|21
|
|t:|1769401143
|move|p1a: KAMENRIDER|Sucker Punch|p2a: Mimikyu
|-damage|p2a: Mimikyu|0 fnt
|faint|p2a: Mimikyu
|
|win|like Lokix
|raw|like Lokix's rating: 1087 &rarr; <strong>1114</strong><br />(+27 for winning)
|raw|RicoDaGoat15's rating: 1090 &rarr; <strong>1066</strong><br />(-24 for losing)
|l|☆RicoDaGoat15
|player|p2|
