|j|☆Zuja
|j|☆Krautermann
|t:|1769358018
|gametype|singles
|player|p1|Zuja|linebacker|1179
|player|p2|Krautermann|101|1212
|gen|9
|tier|[Gen 9] OU
|rated|
|rule|HP Percentage Mod: HP is shown in percentages
|rule|Endless Battle Clause: Forcing endless battles is banned
|rule|Species Clause: Limit one of each Pokémon
|rule|OHKO Clause: OHKO moves are banned
|rule|Evasion Items Clause: Evasion items are banned
|rule|Evasion Moves Clause: Evasion moves are banned
|rule|Evasion Abilities Clause: Evasion abilities are banned
|rule|Sleep Moves Clause: Sleep-inducing moves are banned
|clearpoke
|poke|p1|Poliwrath, F|
|poke|p1|Pelipper, M|
|poke|p1|Zapdos|
|poke|p1|Keldeo-Resolute|
|poke|p1|Landorus-Therian, M|
|poke|p1|Kyurem|
|poke|p2|Darkrai|
|poke|p2|Great Tusk|
|poke|p2|Gholdengo|
|poke|p2|Kingambit, M|
|poke|p2|Glimmora, M|
|poke|p2|Dragonite, M|
|teampreview
|
|t:|1769358030
|teamsize|p1|6
|teamsize|p2|6
|start
|switch|p1a: Horse|Kyurem|100/100
|switch|p2a: Glimmora|Glimmora, M, shiny|100/100
|-ability|p1a: Horse|Pressure
|turn|1
|
|t:|1769358056
|-terastallize|p2a: Glimmora|Fairy
|move|p1a: Horse|Flash Cannon|p2a: Glimmora
|-supereffective|p2a: Glimmora
|-damage|p2a: Glimmora|33/100
|move|p2a: Glimmora|Meteor Beam||[still]
|-prepare|p2a: Glimmora|Meteor Beam
|-boost|p2a: Glimmora|spa|1
|-enditem|p2a: Glimmora|Power Herb
|-anim|p2a: Glimmora|Meteor Beam|p1a: Horse
|-supereffective|p1a: Horse
|-damage|p1a: Horse|0 fnt
|faint|p1a: Horse
|
|upkeep
|
|t:|1769358082
|switch|p1a: Big Bird|Zapdos|100/100
|turn|2
|
|t:|1769358105
|move|p1a: Big Bird|Hurricane|p2a: Glimmora
|-crit|p2a: Glimmora
|-damage|p2a: Glimmora|0 fnt
|faint|p2a: Glimmora
|
|upkeep
|
|t:|1769358110
|switch|p2a: Great Tusk|Great Tusk|100/100
|-enditem|p2a: Great Tusk|Booster Energy
|-activate|p2a: Great Tusk|ability: Protosynthesis|[fromitem]
|-start|p2a: Great Tusk|protosynthesisspe
|turn|3
|
|t:|1769358115
|move|p2a: Great Tusk|Head Smash|p1a: Big Bird
|-supereffective|p1a: Big Bird
|-damage|p1a: Big Bird|2/100
|-damage|p2a: Great Tusk|64/100|[from] Recoil
|move|p1a: Big Bird|Hurricane|p2a: Great Tusk
|-supereffective|p2a: Great Tusk
|-damage|p2a: Great Tusk|0 fnt
|faint|p2a: Great Tusk
|-end|p2a: Great Tusk|Protosynthesis|[silent]
|
|upkeep
|
|t:|1769358121
|switch|p2a: Darkrai|Darkrai|100/100
|turn|4
|
|t:|1769358125
|move|p2a: Darkrai|Dark Pulse|p1a: Big Bird
|-damage|p1a: Big Bird|0 fnt
|faint|p1a: Big Bird
|
|upkeep
|
|t:|1769358130
|switch|p1a: Dustin Hoffman|Pelipper, M|100/100
|-weather|RainDance|[from] ability: Drizzle|[of] p1a: Dustin Hoffman
|turn|5
|
|t:|1769358137
|move|p2a: Darkrai|Dark Pulse|p1a: Dustin Hoffman
|-damage|p1a: Dustin Hoffman|34/100
|cant|p1a: Dustin Hoffman|flinch
|
|-weather|RainDance|[upkeep]
|upkeep
|turn|6
|
|t:|1769358143
|move|p2a: Darkrai|Dark Pulse|p1a: Dustin Hoffman
|-damage|p1a: Dustin Hoffman|0 fnt
|faint|p1a: Dustin Hoffman
|
|-weather|RainDance|[upkeep]
|upkeep
|
|t:|1769358149
|switch|p1a: ZA WHIRLDO|Poliwrath, F|100/100
|turn|7
|
|t:|1769358158
|switch|p2a: Kingambit|Kingambit, M|100/100
|-activate|p2a: Kingambit|ability: Supreme Overlord
|-start|p2a: Kingambit|fallen2|[silent]
|move|p1a: ZA WHIRLDO|Belly Drum|p1a: ZA WHIRLDO
|-damage|p1a: ZA WHIRLDO|50/100
|-setboost|p1a: ZA WHIRLDO|atk|6|[from] move: Belly Drum
|-enditem|p1a: ZA WHIRLDO|Sitrus Berry|[eat]
|-heal|p1a: ZA WHIRLDO|75/100|[from] item: Sitrus Berry
|
|-weather|RainDance|[upkeep]
|upkeep
|turn|8
|
|t:|1769358173
|move|p2a: Kingambit|Sucker Punch|p1a: ZA WHIRLDO
|-resisted|p1a: ZA WHIRLDO
|-damage|p1a: ZA WHIRLDO|46/100
|move|p1a: ZA WHIRLDO|Drain Punch|p2a: Kingambit
|-supereffective|p2a: Kingambit
|-damage|p2a: Kingambit|0 fnt
|-heal|p1a: ZA WHIRLDO|100/100|[from] drain|[of] p2a: Kingambit
|faint|p2a: Kingambit
|-end|p2a: Kingambit|fallen2|[silent]
|
|-weather|RainDance|[upkeep]
|upkeep
|
|t:|1769358178
|switch|p2a: Gholdengo|Gholdengo|100/100
|-item|p2a: Gholdengo|Air Balloon
|turn|9
|
|t:|1769358185
|move|p1a: ZA WHIRLDO|Liquidation|p2a: Gholdengo
|-damage|p2a: Gholdengo|0 fnt
|-enditem|p2a: Gholdengo|Air Balloon
|faint|p2a: Gholdengo
|
|-weather|RainDance|[upkeep]
|upkeep
|
|t:|1769358188
|switch|p2a: Dragonite|Dragonite, M|100/100
|turn|10
|
|t:|1769358193
|move|p1a: ZA WHIRLDO|Liquidation|p2a: Dragonite
|-resisted|p2a: Dragonite
|-damage|p2a: Dragonite|47/100
|move|p2a: Dragonite|Roost|p2a: Dragonite
|-heal|p2a: Dragonite|97/100
|-singleturn|p2a: Dragonite|move: Roost
|
|-weather|RainDance|[upkeep]
|upkeep
|turn|11
|-message|Krautermann forfeited.
|
|win|Zuja
|raw|Zuja's rating: 1179 &rarr; <strong>1206</strong><br />(+27 for winning)
|raw|Krautermann's rating: 1212 &rarr; <strong>1185</strong><br />(-27 for losing)
|l|☆Krautermann
|player|p2|
