|j|☆ajjosh92
|j|☆Cheesecutter72
|t:|1769433513
|gametype|singles
|player|p1|ajjosh92|266|1215
|player|p2|Cheesecutter72|2|1252
|gen|9
|tier|[Gen 9] OU
|rated|
|rule|HP Percentage Mod: HP is shown in percentages
|rule|Endless Battle Clause: Forcing endless battles is banned
|rule|Species Clause: Limit one of each Pokémon
|rule|OHKO Clause: OHKO moves are banned
|rule|Evasion Items Clause: Evasion items are banned
|rule|Evasion Moves Clause: Evasion moves are banned
|rule|Evasion Abilities Clause: Evasion abilities are banned
|rule|Sleep Moves Clause: Sleep-inducing moves are banned
|clearpoke
|poke|p1|Ceruledge, M|
|poke|p1|Darkrai|
|poke|p1|Dragonite, M|
|poke|p1|Dragapult, M|
|poke|p1|Kingambit, M|
|poke|p1|Zamazenta-*|
|poke|p2|Iron Valiant|
|poke|p2|Tyranitar, F|
|poke|p2|Landorus-Therian, M|
|poke|p2|Moltres|
|poke|p2|Walking Wake|
|poke|p2|Iron Treads|
|teampreview
|
|t:|1769433528
|teamsize|p1|6
|teamsize|p2|6
|start
|switch|p1a: Dave|Darkrai|100/100
|switch|p2a: Slyranitar|Tyranitar, F|100/100
|-weather|Sandstorm|[from] ability: Sand Stream|[of] p2a: Slyranitar
|turn|1
|
|t:|1769433548
|switch|p1a: Jimmy|Zamazenta|100/100
|-ability|p1a: Jimmy|Dauntless Shield|boost
|-boost|p1a: Jimmy|def|1
|move|p2a: Slyranitar|Power Gem|p1a: Jimmy
|-resisted|p1a: Jimmy
|-damage|p1a: Jimmy|76/100
|
|-weather|Sandstorm|[upkeep]
|-damage|p1a: Jimmy|70/100|[from] Sandstorm
|-heal|p1a: Jimmy|76/100|[from] item: Leftovers
|upkeep
|turn|2
|
|t:|1769433560
|switch|p2a: HotWings|Moltres|100/100
|move|p1a: Jimmy|Body Press|p2a: HotWings
|-resisted|p2a: HotWings
|-damage|p2a: HotWings|72/100
|-status|p1a: Jimmy|brn|[from] ability: Flame Body|[of] p2a: HotWings
|
|-weather|Sandstorm|[upkeep]
|-damage|p1a: Jimmy|70/100 brn|[from] Sandstorm
|-damage|p2a: HotWings|66/100|[from] Sandstorm
|-heal|p1a: Jimmy|76/100 brn|[from] item: Leftovers
|-damage|p1a: Jimmy|70/100 brn|[from] brn
|upkeep
|turn|3
|
|t:|1769433577
|move|p1a: Jimmy|Crunch|p2a: HotWings
|-damage|p2a: HotWings|56/100
|move|p2a: HotWings|U-turn|p1a: Jimmy
|-resisted|p1a: Jimmy
|-damage|p1a: Jimmy|67/100 brn
|
|t:|1769433591
|switch|p2a: Sandals|Landorus-Therian, M|100/100|[from] U-turn
|-ability|p2a: Sandals|Intimidate|boost
|-unboost|p1a: Jimmy|atk|1
|
|-weather|Sandstorm|[upkeep]
|-damage|p1a: Jimmy|60/100 brn|[from] Sandstorm
|-heal|p1a: Jimmy|67/100 brn|[from] item: Leftovers
|-damage|p1a: Jimmy|60/100 brn|[from] brn
|upkeep
|turn|4
|
|t:|1769433601
|move|p1a: Jimmy|Ice Fang|p2a: Sandals
|-supereffective|p2a: Sandals
|-damage|p2a: Sandals|72/100
|-damage|p1a: Jimmy|44/100 brn|[from] item: Rocky Helmet|[of] p2a: Sandals
|move|p2a: Sandals|Stealth Rock|p1a: Jimmy
|-sidestart|p1: ajjosh92|move: Stealth Rock
|
|-weather|Sandstorm|[upkeep]
|-damage|p1a: Jimmy|38/100 brn|[from] Sandstorm
|-heal|p1a: Jimmy|44/100 brn|[from] item: Leftovers
|-damage|p1a: Jimmy|38/100 brn|[from] brn
|upkeep
|turn|5
|
|t:|1769433620
|switch|p1a: Dave|Darkrai|100/100
|-damage|p1a: Dave|88/100|[from] Stealth Rock
|switch|p2a: HotWings|Moltres|56/100
|
|-weather|none
|upkeep
|turn|6
|
|t:|1769433634
|move|p1a: Dave|Dark Pulse|p2a: HotWings
|-damage|p2a: HotWings|11/100
|move|p2a: HotWings|Roost|p2a: HotWings
|-heal|p2a: HotWings|62/100
|-singleturn|p2a: HotWings|move: Roost
|
|upkeep
|turn|7
|
|t:|1769433642
|move|p1a: Dave|Dark Pulse|p2a: HotWings
|-damage|p2a: HotWings|20/100
|move|p2a: HotWings|U-turn|p1a: Dave
|-supereffective|p1a: Dave
|-damage|p1a: Dave|52/100
|
|t:|1769433650
|switch|p2a: Slyranitar|Tyranitar, F|100/100|[from] U-turn
|-weather|Sandstorm|[from] ability: Sand Stream|[of] p2a: Slyranitar
|
|-weather|Sandstorm|[upkeep]
|-damage|p1a: Dave|46/100|[from] Sandstorm
|upkeep
|turn|8
|
|t:|1769433661
|switch|p1a: Jimmy|Zamazenta|38/100 brn
|-damage|p1a: Jimmy|32/100 brn|[from] Stealth Rock
|move|p2a: Slyranitar|Ice Beam|p1a: Jimmy
|-damage|p1a: Jimmy|0 fnt
|faint|p1a: Jimmy
|
|-weather|Sandstorm|[upkeep]
|upkeep
|
|t:|1769433676
|switch|p1a: Bobby|Dragonite, M|100/100
|-damage|p1a: Bobby|76/100|[from] Stealth Rock
|turn|9
|
|t:|1769433685
|move|p1a: Bobby|Dragon Dance|p1a: Bobby
|-boost|p1a: Bobby|atk|1
|-boost|p1a: Bobby|spe|1
|move|p2a: Slyranitar|Ice Beam|p1a: Bobby
|-supereffective|p1a: Bobby
|-damage|p1a: Bobby|0 fnt
|faint|p1a: Bobby
|
|-weather|Sandstorm|[upkeep]
|upkeep
|
|t:|1769433698
|switch|p1a: Freddy|Kingambit, M|100/100
|-damage|p1a: Freddy|94/100|[from] Stealth Rock
|-activate|p1a: Freddy|ability: Supreme Overlord
|-start|p1a: Freddy|fallen2|[silent]
|-item|p1a: Freddy|Air Balloon
|turn|10
|
|t:|1769433710
|switch|p2a: Sandals|Landorus-Therian, M|72/100
|-ability|p2a: Sandals|Intimidate|boost
|-unboost|p1a: Freddy|atk|1
|move|p1a: Freddy|Low Kick|p2a: Sandals
|-resisted|p2a: Sandals
|-damage|p2a: Sandals|58/100
|-damage|p1a: Freddy|78/100|[from] item: Rocky Helmet|[of] p2a: Sandals
|
|-weather|Sandstorm|[upkeep]
|upkeep
|turn|11
|
|t:|1769433725
|move|p2a: Sandals|Taunt|p1a: Freddy
|-start|p1a: Freddy|move: Taunt
|cant|p1a: Freddy|move: Taunt|Swords Dance
|
|-weather|none
|upkeep
|turn|12
|
|t:|1769433732
|move|p2a: Sandals|U-turn|p1a: Freddy
|-damage|p1a: Freddy|57/100
|-enditem|p1a: Freddy|Air Balloon
|
|t:|1769433737
|switch|p2a: HotWings|Moltres|20/100|[from] U-turn
|move|p1a: Freddy|Iron Head|p2a: HotWings
|-resisted|p2a: HotWings
|-damage|p2a: HotWings|1/100
|
|upkeep
|turn|13
|-message|ajjosh92 forfeited.
|
|win|Cheesecutter72
|raw|ajjosh92's rating: 1215 &rarr; <strong>1193</strong><br />(-22 for losing)
|raw|Cheesecutter72's rating: 1252 &rarr; <strong>1274</strong><br />(+22 for winning)
|l|☆ajjosh92
|player|p1|
