|j|☆151htyrneh
|j|☆youngchimp
|t:|1769413355
|gametype|singles
|player|p1|151htyrneh|wallace|1684
|player|p2|youngchimp|supernerd|1672
|gen|9
|tier|[Gen 9] OU
|rated|
|rule|HP Percentage Mod: HP is shown in percentages
|rule|Endless Battle Clause: Forcing endless battles is banned
|rule|Species Clause: Limit one of each Pokémon
|rule|OHKO Clause: OHKO moves are banned
|rule|Evasion Items Clause: Evasion items are banned
|rule|Evasion Moves Clause: Evasion moves are banned
|rule|Evasion Abilities Clause: Evasion abilities are banned
|rule|Sleep Moves Clause: Sleep-inducing moves are banned
|clearpoke
|poke|p1|Glimmora, F|
|poke|p1|Landorus-Therian, M|
|poke|p1|Kyurem|
|poke|p1|Kingambit, F|
|poke|p1|Iron Valiant|
|poke|p1|Hatterene, F|
|poke|p2|Glimmora, F|
|poke|p2|Rillaboom, F|
|poke|p2|Dragapult, F|
|poke|p2|Great Tusk|
|poke|p2|Kingambit, F|
|poke|p2|Moltres|
|teampreview
|inactive|Battle timer is ON: inactive players will automatically lose when time's up. (requested by youngchimp)
|j| Venom15
|j| Fifo drummer
|inactive|youngchimp has 120 seconds left.
|
|t:|1769413396
|teamsize|p1|6
|teamsize|p2|6
|start
|switch|p1a: Glimmora|Glimmora, F|100/100
|switch|p2a: Usain Pult|Dragapult, F|100/100
|turn|1
|inactive|151htyrneh has 120 seconds left.
|
|t:|1769413429
|move|p1a: Glimmora|Dazzling Gleam|p2a: Usain Pult
|-supereffective|p2a: Usain Pult
|-damage|p2a: Usain Pult|25/100
|move|p2a: Usain Pult|Draco Meteor|p1a: Glimmora
|-damage|p1a: Glimmora|19/100
|-unboost|p2a: Usain Pult|spa|2
|
|upkeep
|turn|2
|inactive|151htyrneh has 120 seconds left.
|
|t:|1769413440
|switch|p1a: Landorus|Landorus-Therian, M|100/100
|-ability|p1a: Landorus|Intimidate|boost
|-unboost|p2a: Usain Pult|atk|1
|switch|p2a: Kingambit|Kingambit, F|100/100
|
|upkeep
|turn|3
|
|t:|1769413447
|-end|p2a: Kingambit|fallenundefined|[silent]
|switch|p2a: Swoletres|Moltres|100/100
|move|p1a: Landorus|Stealth Rock|p2a: Swoletres
|-sidestart|p2: youngchimp|move: Stealth Rock
|
|upkeep
|turn|4
|
|t:|1769413450
|switch|p1a: Glimmora|Glimmora, F|19/100
|move|p2a: Swoletres|Flamethrower|p1a: Glimmora
|-resisted|p1a: Glimmora
|-damage|p1a: Glimmora|0 fnt
|faint|p1a: Glimmora
|
|upkeep
|
|t:|1769413452
|switch|p1a: Kyurem|Kyurem|100/100
|-ability|p1a: Kyurem|Pressure
|turn|5
|
|t:|1769413456
|move|p1a: Kyurem|Ice Beam|p2a: Swoletres
|-damage|p2a: Swoletres|51/100
|move|p2a: Swoletres|U-turn|p1a: Kyurem
|-damage|p1a: Kyurem|88/100
|
|t:|1769413460
|switch|p2a: Kingambit|Kingambit, F|100/100|[from] U-turn
|-damage|p2a: Kingambit|94/100|[from] Stealth Rock
|
|-heal|p2a: Kingambit|100/100|[from] item: Leftovers
|upkeep
|turn|6
|
|t:|1769413465
|move|p1a: Kyurem|Focus Blast|p2a: Kingambit|[miss]
|-miss|p1a: Kyurem|p2a: Kingambit
|move|p2a: Kingambit|Swords Dance|p2a: Kingambit
|-boost|p2a: Kingambit|atk|2
|
|upkeep
|turn|7
|
|t:|1769413482
|-terastallize|p2a: Kingambit|Fire
|move|p1a: Kyurem|Focus Blast|p2a: Kingambit
|-damage|p2a: Kingambit|58/100
|move|p2a: Kingambit|Iron Head|p1a: Kyurem
|-supereffective|p1a: Kyurem
|-damage|p1a: Kyurem|0 fnt
|faint|p1a: Kyurem
|
|-heal|p2a: Kingambit|65/100|[from] item: Leftovers
|upkeep
|
|t:|1769413488
|switch|p1a: Landorus|Landorus-Therian, M|100/100
|-ability|p1a: Landorus|Intimidate|boost
|-unboost|p2a: Kingambit|atk|1
|turn|8
|
|t:|1769413491
|move|p2a: Kingambit|Sucker Punch|p1a: Landorus
|-damage|p1a: Landorus|43/100
|-damage|p2a: Kingambit|48/100|[from] item: Rocky Helmet|[of] p1a: Landorus
|move|p1a: Landorus|Earth Power|p2a: Kingambit
|-supereffective|p2a: Kingambit
|-damage|p2a: Kingambit|0 fnt
|faint|p2a: Kingambit
|-end|p2a: Kingambit|fallenundefined|[silent]
|
|upkeep
|
|t:|1769413494
|switch|p2a: Top Don|Great Tusk|100/100
|turn|9
|
|t:|1769413498
|-terastallize|p1a: Landorus|Ghost
|move|p1a: Landorus|Earth Power|p2a: Top Don
|-damage|p2a: Top Don|48/100
|move|p2a: Top Don|Ice Spinner|p1a: Landorus
|-damage|p1a: Landorus|17/100
|-damage|p2a: Top Don|31/100|[from] item: Rocky Helmet|[of] p1a: Landorus
|
|upkeep
|turn|10
|
|t:|1769413504
|-end|p2a: Top Don|Protosynthesis|[silent]
|switch|p2a: Swoletres|Moltres|51/100
|move|p1a: Landorus|Earth Power|p2a: Swoletres
|-immune|p2a: Swoletres
|
|upkeep
|turn|11
|
|t:|1769413506
|move|p1a: Landorus|Taunt|p2a: Swoletres
|-start|p2a: Swoletres|move: Taunt
|move|p2a: Swoletres|Flamethrower|p1a: Landorus
|-damage|p1a: Landorus|0 fnt
|faint|p1a: Landorus
|
|upkeep
|
|t:|1769413508
|switch|p1a: Iron Valiant|Iron Valiant|100/100
|-enditem|p1a: Iron Valiant|Booster Energy
|-activate|p1a: Iron Valiant|ability: Quark Drive|[fromitem]
|-start|p1a: Iron Valiant|quarkdrivespe
|turn|12
|
|t:|1769413516
|switch|p2a: Usain Pult|Dragapult, F|25/100
|move|p1a: Iron Valiant|Knock Off|p2a: Usain Pult
|-supereffective|p2a: Usain Pult
|-damage|p2a: Usain Pult|0 fnt
|-enditem|p2a: Usain Pult|Heavy-Duty Boots|[from] move: Knock Off|[of] p1a: Iron Valiant
|faint|p2a: Usain Pult
|
|upkeep
|
|t:|1769413523
|switch|p2a: Swoletres|Moltres|51/100
|turn|13
|
|t:|1769413525
|move|p1a: Iron Valiant|Taunt|p2a: Swoletres
|-start|p2a: Swoletres|move: Taunt
|cant|p2a: Swoletres|move: Taunt|Roost
|
|upkeep
|turn|14
|
|t:|1769413527
|move|p1a: Iron Valiant|Knock Off|p2a: Swoletres
|-damage|p2a: Swoletres|32/100
|-enditem|p2a: Swoletres|Heavy-Duty Boots|[from] move: Knock Off|[of] p1a: Iron Valiant
|move|p2a: Swoletres|Flamethrower|p1a: Iron Valiant
|-damage|p1a: Iron Valiant|24/100
|
|upkeep
|turn|15
|
|t:|1769413529
|move|p1a: Iron Valiant|Moonblast|p2a: Swoletres
|-resisted|p2a: Swoletres
|-damage|p2a: Swoletres|6/100
|move|p2a: Swoletres|Flamethrower|p1a: Iron Valiant
|-damage|p1a: Iron Valiant|0 fnt
|faint|p1a: Iron Valiant
|-end|p1a: Iron Valiant|Quark Drive|[silent]
|
|-end|p2a: Swoletres|move: Taunt
|upkeep
|
|t:|1769413534
|switch|p1a: Hatterene|Hatterene, F|100/100
|turn|16
|
|t:|1769413536
|move|p2a: Swoletres|Flamethrower|p1a: Hatterene
|-damage|p1a: Hatterene|59/100
|-status|p1a: Hatterene|brn
|move|p1a: Hatterene|Nuzzle|p2a: Swoletres
|-supereffective|p2a: Swoletres
|-damage|p2a: Swoletres|3/100
|-status|p2a: Swoletres|par
|
|-damage|p1a: Hatterene|53/100 brn|[from] brn
|upkeep
|turn|17
|
|t:|1769413541
|move|p2a: Swoletres|Flamethrower|p1a: Hatterene
|-damage|p1a: Hatterene|14/100 brn
|move|p1a: Hatterene|Draining Kiss|p2a: Swoletres
|-resisted|p2a: Swoletres
|-damage|p2a: Swoletres|0 fnt
|-heal|p1a: Hatterene|16/100 brn|[from] drain|[of] p2a: Swoletres
|faint|p2a: Swoletres
|
|-damage|p1a: Hatterene|10/100 brn|[from] brn
|upkeep
|
|t:|1769413550
|switch|p2a: Glimmora|Glimmora, F|100/100
|-damage|p2a: Glimmora|88/100|[from] Stealth Rock
|turn|18
|
|t:|1769413551
|move|p2a: Glimmora|Meteor Beam||[still]
|-prepare|p2a: Glimmora|Meteor Beam
|-boost|p2a: Glimmora|spa|1
|-enditem|p2a: Glimmora|Power Herb
|-anim|p2a: Glimmora|Meteor Beam|p1a: Hatterene
|-damage|p1a: Hatterene|0 fnt
|faint|p1a: Hatterene
|
|upkeep
|
|t:|1769413553
|switch|p1a: Kingambit|Kingambit, F|100/100
|-activate|p1a: Kingambit|ability: Supreme Overlord
|-start|p1a: Kingambit|fallen5|[silent]
|turn|19
|
|t:|1769413555
|move|p1a: Kingambit|Sucker Punch|p2a: Glimmora
|-damage|p2a: Glimmora|0 fnt
|-activate|p2a: Glimmora|ability: Toxic Debris
|-sidestart|p1: 151htyrneh|move: Toxic Spikes
|faint|p2a: Glimmora
|
|upkeep
|
|t:|1769413558
|switch|p2a: Top Don|Great Tusk|31/100
|turn|20
|j| tejgr8forev29
|
|t:|1769413565
|move|p1a: Kingambit|Sucker Punch|p2a: Top Don
|-resisted|p2a: Top Don
|-damage|p2a: Top Don|7/100
|move|p2a: Top Don|Headlong Rush|p1a: Kingambit
|-supereffective|p1a: Kingambit
|-damage|p1a: Kingambit|0 fnt
|-unboost|p2a: Top Don|def|1
|-unboost|p2a: Top Don|spd|1
|faint|p1a: Kingambit
|-end|p1a: Kingambit|fallen5|[silent]
|
|win|youngchimp
|raw|151htyrneh's rating: 1684 &rarr; <strong>1663</strong><br />(-21 for losing)
|raw|youngchimp's rating: 1672 &rarr; <strong>1693</strong><br />(+21 for winning)
|c|☆youngchimp|gg
|l|☆youngchimp
|player|p2|
|l| Fifo drummer
|l| Venom15
