|j|☆itsybisyspe
|j|☆DcBaker
|t:|1769378486
|gametype|singles
|player|p1|itsybisyspe|jasmine|1168
|player|p2|DcBaker|pokemonrangerf|1233
|gen|9
|tier|[Gen 9] OU
|rated|
|rule|HP Percentage Mod: HP is shown in percentages
|rule|Endless Battle Clause: Forcing endless battles is banned
|rule|Species Clause: Limit one of each Pokémon
|rule|OHKO Clause: OHKO moves are banned
|rule|Evasion Items Clause: Evasion items are banned
|rule|Evasion Moves Clause: Evasion moves are banned
|rule|Evasion Abilities Clause: Evasion abilities are banned
|rule|Sleep Moves Clause: Sleep-inducing moves are banned
|clearpoke
|poke|p1|Garchomp, M|
|poke|p1|Iron Crown|
|poke|p1|Primarina, F|
|poke|p1|Pecharunt|
|poke|p1|Tyranitar, M|
|poke|p1|Cinderace, M|
|poke|p2|Deoxys-Speed|
|poke|p2|Ceruledge, F|
|poke|p2|Zamazenta-*|
|poke|p2|Ogerpon-Wellspring, F|
|poke|p2|Glimmora, M|
|poke|p2|Moltres-Galar|
|teampreview
|inactive|Battle timer is ON: inactive players will automatically lose when time's up. (requested by DcBaker)
|
|t:|1769378496
|teamsize|p1|6
|teamsize|p2|6
|start
|switch|p1a: Iron Crown|Iron Crown|100/100
|switch|p2a: gimmie|Glimmora, M|100/100
|turn|1
|
|t:|1769378513
|switch|p2a: Sara|Ceruledge, F|100/100
|move|p1a: Iron Crown|Tachyon Cutter|p2a: Sara
|-resisted|p2a: Sara
|-damage|p2a: Sara|87/100
|-resisted|p2a: Sara
|-damage|p2a: Sara|73/100
|-hitcount|p2a: Sara|2
|
|upkeep
|turn|2
|
|t:|1769378525
|move|p1a: Iron Crown|Volt Switch|p2a: Sara
|-damage|p2a: Sara|47/100
|
|t:|1769378531
|-end|p1a: Iron Crown|Quark Drive|[silent]
|switch|p1a: Garchomp|Garchomp, M|100/100|[from] Volt Switch
|move|p2a: Sara|Bitter Blade|p1a: Garchomp
|-resisted|p1a: Garchomp
|-damage|p1a: Garchomp|82/100
|-heal|p2a: Sara|59/100|[from] drain|[of] p1a: Garchomp
|-damage|p2a: Sara|47/100|[from] ability: Rough Skin|[of] p1a: Garchomp
|-damage|p2a: Sara|30/100|[from] item: Rocky Helmet|[of] p1a: Garchomp
|-damage|p2a: Sara|20/100|[from] item: Life Orb
|
|upkeep
|turn|3
|
|t:|1769378550
|move|p2a: Sara|Poltergeist|p1a: Garchomp
|-activate|p1a: Garchomp|move: Poltergeist|Rocky Helmet
|-damage|p1a: Garchomp|37/100
|-damage|p2a: Sara|11/100|[from] item: Life Orb
|move|p1a: Garchomp|Stealth Rock|p2a: Sara
|-sidestart|p2: DcBaker|move: Stealth Rock
|
|upkeep
|turn|4
|
|t:|1769378561
|move|p2a: Sara|Poltergeist|p1a: Garchomp
|-activate|p1a: Garchomp|move: Poltergeist|Rocky Helmet
|-damage|p1a: Garchomp|0 fnt
|faint|p1a: Garchomp
|-damage|p2a: Sara|1/100|[from] item: Life Orb
|
|upkeep
|
|t:|1769378568
|switch|p1a: Cinderace|Cinderace, M|100/100
|turn|5
|
|t:|1769378581
|move|p1a: Cinderace|U-turn|p2a: Sara
|-start|p1a: Cinderace|typechange|Bug|[from] ability: Libero
|-resisted|p2a: Sara
|-damage|p2a: Sara|0 fnt
|faint|p2a: Sara
|
|t:|1769378587
|switch|p1a: Iron Crown|Iron Crown|100/100|[from] U-turn
|
|upkeep
|inactive|DcBaker has 120 seconds left.
|
|t:|1769378623
|switch|p2a: ZAHM|Zamazenta|100/100
|-damage|p2a: ZAHM|94/100|[from] Stealth Rock
|-ability|p2a: ZAHM|Dauntless Shield|boost
|-boost|p2a: ZAHM|def|1
|turn|6
|inactive|DcBaker has 120 seconds left.
|
|t:|1769378630
|-end|p1a: Iron Crown|Quark Drive|[silent]
|switch|p1a: Pecharunt|Pecharunt|100/100
|move|p2a: ZAHM|Body Press|p1a: Pecharunt
|-immune|p1a: Pecharunt
|
|-heal|p2a: ZAHM|100/100|[from] item: Leftovers
|upkeep
|turn|7
|inactive|DcBaker has 120 seconds left.
|
|t:|1769378642
|move|p1a: Pecharunt|Shadow Ball|p2a: ZAHM
|-damage|p2a: ZAHM|65/100
|move|p2a: ZAHM|Roar|p1a: Pecharunt
|drag|p1a: Cinderace|Cinderace, M|100/100
|
|-heal|p2a: ZAHM|72/100|[from] item: Leftovers
|upkeep
|turn|8
|
|t:|1769378649
|move|p2a: ZAHM|Body Press|p1a: Cinderace
|-damage|p1a: Cinderace|20/100
|move|p1a: Cinderace|U-turn|p2a: ZAHM
|-start|p1a: Cinderace|typechange|Bug|[from] ability: Libero
|-resisted|p2a: ZAHM
|-damage|p2a: ZAHM|63/100
|
|t:|1769378657
|switch|p1a: Primarina|Primarina, F|100/100|[from] U-turn
|
|-heal|p2a: ZAHM|69/100|[from] item: Leftovers
|upkeep
|turn|9
|
|t:|1769378666
|move|p2a: ZAHM|Body Press|p1a: Primarina
|-resisted|p1a: Primarina
|-damage|p1a: Primarina|67/100
|move|p1a: Primarina|Moonblast|p2a: ZAHM
|-supereffective|p2a: ZAHM
|-damage|p2a: ZAHM|0 fnt
|faint|p2a: ZAHM
|
|upkeep
|
|t:|1769378682
|switch|p2a: DEO|Deoxys-Speed|100/100
|-damage|p2a: DEO|88/100|[from] Stealth Rock
|-ability|p2a: DEO|Pressure
|turn|10
|
|t:|1769378693
|switch|p1a: Iron Crown|Iron Crown|100/100
|move|p2a: DEO|Reflect|p2a: DEO
|-sidestart|p2: DcBaker|Reflect
|
|upkeep
|turn|11
|
|t:|1769378701
|move|p2a: DEO|Light Screen|p2a: DEO
|-sidestart|p2: DcBaker|move: Light Screen
|move|p1a: Iron Crown|Tachyon Cutter|p2a: DEO
|-crit|p2a: DEO
|-damage|p2a: DEO|42/100
|-damage|p2a: DEO|27/100
|-hitcount|p2a: DEO|2
|
|upkeep
|turn|12
|
|t:|1769378709
|move|p2a: DEO|Taunt|p1a: Iron Crown
|-start|p1a: Iron Crown|move: Taunt
|move|p1a: Iron Crown|Volt Switch|p2a: DEO
|-damage|p2a: DEO|13/100
|
|t:|1769378721
|-end|p1a: Iron Crown|Quark Drive|[silent]
|switch|p1a: Primarina|Primarina, F|67/100|[from] Volt Switch
|
|upkeep
|turn|13
|
|t:|1769378728
|switch|p1a: Iron Crown|Iron Crown|100/100
|move|p2a: DEO|Psycho Boost|p1a: Iron Crown
|-resisted|p1a: Iron Crown
|-damage|p1a: Iron Crown|93/100
|-unboost|p2a: DEO|spa|2
|
|upkeep
|turn|14
|
|t:|1769378737
|move|p2a: DEO|Taunt|p1a: Iron Crown
|-start|p1a: Iron Crown|move: Taunt
|move|p1a: Iron Crown|Future Sight|p2a: DEO
|-start|p1a: Iron Crown|move: Future Sight
|
|upkeep
|turn|15
|
|t:|1769378744
|move|p2a: DEO|Psycho Boost|p1a: Iron Crown
|-resisted|p1a: Iron Crown
|-damage|p1a: Iron Crown|89/100
|-unboost|p2a: DEO|spa|2
|move|p1a: Iron Crown|Volt Switch|p2a: DEO
|-damage|p2a: DEO|0 fnt
|faint|p2a: DEO
|
|t:|1769378753
|-end|p1a: Iron Crown|Quark Drive|[silent]
|switch|p1a: Primarina|Primarina, F|67/100|[from] Volt Switch
|
|upkeep
|
|t:|1769378759
|switch|p2a: 1/151|Ogerpon-Wellspring, F|100/100
|-damage|p2a: 1/151|88/100|[from] Stealth Rock
|turn|16
|
|t:|1769378763
|move|p2a: 1/151|Horn Leech|p1a: Primarina
|-supereffective|p1a: Primarina
|-damage|p1a: Primarina|0 fnt
|-heal|p2a: 1/151|100/100|[from] drain|[of] p1a: Primarina
|faint|p1a: Primarina
|
|-end|p2a: 1/151|move: Future Sight
|-damage|p2a: 1/151|66/100
|upkeep
|
|t:|1769378772
|switch|p1a: Pecharunt|Pecharunt|100/100
|turn|17
|
|t:|1769378777
|move|p2a: 1/151|Swords Dance|p2a: 1/151
|-boost|p2a: 1/151|atk|2
|move|p1a: Pecharunt|Malignant Chain|p2a: 1/151
|-supereffective|p2a: 1/151
|-damage|p2a: 1/151|14/100
|
|-sideend|p2: DcBaker|Reflect
|upkeep
|turn|18
|
|t:|1769378804
|switch|p1a: Iron Crown|Iron Crown|89/100
|move|p2a: 1/151|Horn Leech|p1a: Iron Crown
|-resisted|p1a: Iron Crown
|-damage|p1a: Iron Crown|34/100
|-heal|p2a: 1/151|44/100|[from] drain|[of] p1a: Iron Crown
|
|-sideend|p2: DcBaker|move: Light Screen
|upkeep
|turn|19
|
|t:|1769378815
|move|p1a: Iron Crown|Future Sight|p2a: 1/151
|-start|p1a: Iron Crown|move: Future Sight
|move|p2a: 1/151|Horn Leech|p1a: Iron Crown
|-resisted|p1a: Iron Crown
|-damage|p1a: Iron Crown|0 fnt
|-heal|p2a: 1/151|62/100|[from] drain|[of] p1a: Iron Crown
|faint|p1a: Iron Crown
|-end|p1a: Iron Crown|Quark Drive|[silent]
|
|upkeep
|
|t:|1769378823
|switch|p1a: Cinderace|Cinderace, M|20/100
|turn|20
|
|t:|1769378829
|move|p1a: Cinderace|Pyro Ball|p2a: 1/151
|-damage|p2a: 1/151|0 fnt
|faint|p2a: 1/151
|
|upkeep
|
|t:|1769378836
|switch|p2a: gimmie|Glimmora, M|100/100
|-damage|p2a: gimmie|88/100|[from] Stealth Rock
|turn|21
|
|t:|1769378844
|move|p1a: Cinderace|Pyro Ball|p2a: gimmie
|-resisted|p2a: gimmie
|-damage|p2a: gimmie|55/100
|-activate|p2a: gimmie|ability: Toxic Debris
|-sidestart|p1: itsybisyspe|move: Toxic Spikes
|move|p2a: gimmie|Mortal Spin|p1a: Cinderace
|-damage|p1a: Cinderace|11/100
|-status|p1a: Cinderace|psn
|-sideend|p2: DcBaker|Stealth Rock|[from] move: Mortal Spin|[of] p2a: gimmie
|
|-end|p2a: gimmie|move: Future Sight
|-supereffective|p2a: gimmie
|-damage|p2a: gimmie|0 fnt
|faint|p2a: gimmie
|-damage|p1a: Cinderace|0 fnt|[from] psn
|faint|p1a: Cinderace
|upkeep
|
|t:|1769378858
|switch|p1a: Tyranitar|Tyranitar, M|100/100
|switch|p2a: mo|Moltres-Galar|100/100
|-status|p1a: Tyranitar|psn
|-weather|Sandstorm|[from] ability: Sand Stream|[of] p1a: Tyranitar
|turn|22
|
|t:|1769378867
|-terastallize|p2a: mo|Fairy
|move|p2a: mo|Nasty Plot|p2a: mo
|-boost|p2a: mo|spa|2
|move|p1a: Tyranitar|Stone Edge|p2a: mo
|-crit|p2a: mo
|-damage|p2a: mo|0 fnt
|faint|p2a: mo
|
|win|itsybisyspe
|raw|itsybisyspe's rating: 1168 &rarr; <strong>1198</strong><br />(+30 for winning)
|raw|DcBaker's rating: 1233 &rarr; <strong>1203</strong><br />(-30 for losing)
