|j|☆Grand Chu
|j|‽swaqfeq
|t:|1769411385
|gametype|singles
|player|p1|Grand Chu|170|1541
|player|p2|swaqfeq|266|1560
|gen|9
|tier|[Gen 9] OU
|rated|
|rule|HP Percentage Mod: HP is shown in percentages
|rule|Endless Battle Clause: Forcing endless battles is banned
|rule|Species Clause: Limit one of each Pokémon
|rule|OHKO Clause: OHKO moves are banned
|rule|Evasion Items Clause: Evasion items are banned
|rule|Evasion Moves Clause: Evasion moves are banned
|rule|Evasion Abilities Clause: Evasion abilities are banned
|rule|Sleep Moves Clause: Sleep-inducing moves are banned
|clearpoke
|poke|p1|Enamorus, F|
|poke|p1|Dragapult, F|
|poke|p1|Iron Valiant|
|poke|p1|Gholdengo|
|poke|p1|Iron Treads|
|poke|p1|Dragonite, M|
|poke|p2|Jolteon, M|
|poke|p2|Slowking-Galar, M|
|poke|p2|Great Tusk|
|poke|p2|Moltres|
|poke|p2|Kingambit, F|
|poke|p2|Hydrapple, M|
|teampreview
|
|t:|1769411402
|teamsize|p1|6
|teamsize|p2|6
|start
|switch|p1a: Iron Treads|Iron Treads|100/100
|switch|p2a: Moltres|Moltres|100/100
|-enditem|p1a: Iron Treads|Booster Energy
|-activate|p1a: Iron Treads|ability: Quark Drive|[fromitem]
|-start|p1a: Iron Treads|quarkdrivespe
|turn|1
|inactive|Battle timer is ON: inactive players will automatically lose when time's up. (requested by swaqfeq)
|
|t:|1769411412
|move|p1a: Iron Treads|Knock Off|p2a: Moltres
|-crit|p2a: Moltres
|-damage|p2a: Moltres|68/100
|-enditem|p2a: Moltres|Heavy-Duty Boots|[from] move: Knock Off|[of] p1a: Iron Treads
|move|p2a: Moltres|Flamethrower|p1a: Iron Treads
|-supereffective|p1a: Iron Treads
|-damage|p1a: Iron Treads|15/100
|
|upkeep
|turn|2
|
|t:|1769411419
|move|p1a: Iron Treads|Stealth Rock|p2a: Moltres
|-sidestart|p2: swaqfeq|move: Stealth Rock
|move|p2a: Moltres|Flamethrower|p1a: Iron Treads
|-supereffective|p1a: Iron Treads
|-damage|p1a: Iron Treads|0 fnt
|faint|p1a: Iron Treads
|-end|p1a: Iron Treads|Quark Drive|[silent]
|
|upkeep
|
|t:|1769411431
|switch|p1a: Dragapult|Dragapult, F|100/100
|turn|3
|j| nana baba
|
|t:|1769411450
|move|p1a: Dragapult|Dragon Dance|p1a: Dragapult
|-boost|p1a: Dragapult|atk|1
|-boost|p1a: Dragapult|spe|1
|move|p2a: Moltres|Will-O-Wisp|p1a: Dragapult|[miss]
|-miss|p2a: Moltres|p1a: Dragapult
|
|upkeep
|turn|4
|
|t:|1769411459
|-terastallize|p1a: Dragapult|Fire
|-terastallize|p2a: Moltres|Fairy
|move|p1a: Dragapult|Dragon Dance|p1a: Dragapult
|-boost|p1a: Dragapult|atk|1
|-boost|p1a: Dragapult|spe|1
|move|p2a: Moltres|Will-O-Wisp|p1a: Dragapult
|-immune|p1a: Dragapult
|
|upkeep
|turn|5
|
|t:|1769411467
|move|p1a: Dragapult|Tera Blast|p2a: Moltres|[anim] Tera Blast Fire
|-damage|p2a: Moltres|0 fnt
|faint|p2a: Moltres
|
|upkeep
|
|t:|1769411476
|switch|p2a: Great Tusk|Great Tusk|100/100
|-damage|p2a: Great Tusk|98/100|[from] Stealth Rock
|turn|6
|
|t:|1769411481
|move|p1a: Dragapult|Dragon Darts|p2a: Great Tusk
|-damage|p2a: Great Tusk|74/100
|-anim|p1a: Dragapult|Dragon Darts|p2a: Great Tusk
|-damage|p2a: Great Tusk|50/100
|move|p2a: Great Tusk|Rapid Spin|p1a: Dragapult
|-damage|p1a: Dragapult|80/100
|-boost|p2a: Great Tusk|spe|1
|-sideend|p2: swaqfeq|Stealth Rock|[from] move: Rapid Spin|[of] p2a: Great Tusk
|
|upkeep
|turn|7
|
|t:|1769411490
|move|p1a: Dragapult|Dragon Darts|p2a: Great Tusk
|-damage|p2a: Great Tusk|27/100
|-anim|p1a: Dragapult|Dragon Darts|p2a: Great Tusk
|-damage|p2a: Great Tusk|2/100
|move|p2a: Great Tusk|Body Press|p1a: Dragapult
|-damage|p1a: Dragapult|12/100
|
|upkeep
|turn|8
|
|t:|1769411497
|move|p1a: Dragapult|Dragon Darts|p2a: Great Tusk
|-damage|p2a: Great Tusk|0 fnt
|faint|p2a: Great Tusk
|-end|p2a: Great Tusk|Protosynthesis|[silent]
|
|upkeep
|
|t:|1769411501
|switch|p2a: Kingambit|Kingambit, F|100/100
|-activate|p2a: Kingambit|ability: Supreme Overlord
|-start|p2a: Kingambit|fallen2|[silent]
|turn|9
|
|t:|1769411509
|move|p2a: Kingambit|Sucker Punch||[still]
|-fail|p2a: Kingambit
|move|p1a: Dragapult|Dragon Dance|p1a: Dragapult
|-boost|p1a: Dragapult|atk|1
|-boost|p1a: Dragapult|spe|1
|
|upkeep
|turn|10
|
|t:|1769411513
|move|p2a: Kingambit|Sucker Punch|p1a: Dragapult
|-damage|p1a: Dragapult|0 fnt
|faint|p1a: Dragapult
|
|upkeep
|
|t:|1769411524
|switch|p1a: Dragonite|Dragonite, M|100/100
|turn|11
|
|t:|1769411531
|move|p1a: Dragonite|Earthquake|p2a: Kingambit
|-supereffective|p2a: Kingambit
|-damage|p2a: Kingambit|38/100
|move|p2a: Kingambit|Swords Dance|p2a: Kingambit
|-boost|p2a: Kingambit|atk|2
|
|-heal|p2a: Kingambit|44/100|[from] item: Leftovers
|upkeep
|turn|12
|
|t:|1769411538
|move|p2a: Kingambit|Sucker Punch|p1a: Dragonite
|-damage|p1a: Dragonite|45/100
|move|p1a: Dragonite|Earthquake|p2a: Kingambit
|-supereffective|p2a: Kingambit
|-damage|p2a: Kingambit|0 fnt
|faint|p2a: Kingambit
|-end|p2a: Kingambit|fallen2|[silent]
|
|upkeep
|
|t:|1769411541
|switch|p2a: Hydrapple|Hydrapple, M|100/100
|turn|13
|
|t:|1769411545
|move|p1a: Dragonite|Ice Spinner|p2a: Hydrapple
|-supereffective|p2a: Hydrapple
|-damage|p2a: Hydrapple|27/100
|move|p2a: Hydrapple|Fickle Beam|p1a: Dragonite
|-supereffective|p1a: Dragonite
|-damage|p1a: Dragonite|0 fnt
|faint|p1a: Dragonite
|
|upkeep
|
|t:|1769411553
|switch|p1a: Enamorus|Enamorus, F|100/100
|turn|14
|
|t:|1769411556
|switch|p2a: Slowking|Slowking-Galar, M|100/100
|move|p1a: Enamorus|Moonblast|p2a: Slowking
|-resisted|p2a: Slowking
|-damage|p2a: Slowking|88/100
|
|upkeep
|turn|15
|
|t:|1769411563
|move|p1a: Enamorus|Substitute|p1a: Enamorus
|-start|p1a: Enamorus|Substitute
|-damage|p1a: Enamorus|76/100
|move|p2a: Slowking|Flamethrower|p1a: Enamorus
|-end|p1a: Enamorus|Substitute
|
|-heal|p1a: Enamorus|82/100|[from] item: Leftovers
|upkeep
|turn|16
|
|t:|1769411570
|move|p1a: Enamorus|Earth Power|p2a: Slowking
|-supereffective|p2a: Slowking
|-damage|p2a: Slowking|60/100
|move|p2a: Slowking|Flamethrower|p1a: Enamorus
|-damage|p1a: Enamorus|46/100
|
|-heal|p1a: Enamorus|52/100|[from] item: Leftovers
|upkeep
|turn|17
|
|t:|1769411577
|move|p1a: Enamorus|Earth Power|p2a: Slowking
|-supereffective|p2a: Slowking
|-damage|p2a: Slowking|27/100
|move|p2a: Slowking|Sludge Bomb|p1a: Enamorus
|-supereffective|p1a: Enamorus
|-damage|p1a: Enamorus|0 fnt
|faint|p1a: Enamorus
|
|upkeep
|
|t:|1769411584
|switch|p1a: Gholdengo|Gholdengo|100/100
|-item|p1a: Gholdengo|Air Balloon
|turn|18
|
|t:|1769411589
|switch|p2a: Hydrapple|Hydrapple, M|61/100
|move|p1a: Gholdengo|Shadow Ball|p2a: Hydrapple
|-damage|p2a: Hydrapple|16/100
|
|upkeep
|turn|19
|
|t:|1769411595
|move|p1a: Gholdengo|Shadow Ball|p2a: Hydrapple
|-damage|p2a: Hydrapple|0 fnt
|faint|p2a: Hydrapple
|
|upkeep
|
|t:|1769411602
|switch|p2a: Jolteon|Jolteon, M|100/100
|turn|20
|
|t:|1769411612
|move|p2a: Jolteon|Calm Mind|p2a: Jolteon
|-boost|p2a: Jolteon|spa|1
|-boost|p2a: Jolteon|spd|1
|move|p1a: Gholdengo|Shadow Ball|p2a: Jolteon
|-damage|p2a: Jolteon|62/100
|
|upkeep
|turn|21
|
|t:|1769411619
|move|p2a: Jolteon|Calm Mind|p2a: Jolteon
|-boost|p2a: Jolteon|spa|1
|-boost|p2a: Jolteon|spd|1
|move|p1a: Gholdengo|Psyshock|p2a: Jolteon
|-damage|p2a: Jolteon|10/100
|
|upkeep
|turn|22
|
|t:|1769411628
|move|p2a: Jolteon|Thunderbolt|p1a: Gholdengo
|-damage|p1a: Gholdengo|8/100
|-enditem|p1a: Gholdengo|Air Balloon
|move|p1a: Gholdengo|Shadow Ball|p2a: Jolteon
|-damage|p2a: Jolteon|0 fnt
|faint|p2a: Jolteon
|
|upkeep
|-message|swaqfeq forfeited.
|
|win|Grand Chu
|raw|Grand Chu's rating: 1541 &rarr; <strong>1562</strong><br />(+21 for winning)
|raw|swaqfeq's rating: 1560 &rarr; <strong>1539</strong><br />(-21 for losing)
|l|‽swaqfeq
|player|p2|
|l|☆Grand Chu
|player|p1|
