|j|‽artaraujo
|j|☆Kanto's Finest
|t:|1769369518
|gametype|singles
|player|p1|artaraujo|dragontamer|1308
|player|p2|Kanto's Finest|acetrainer-gen1rb|1261
|gen|9
|tier|[Gen 9] OU
|rated|
|rule|HP Percentage Mod: HP is shown in percentages
|rule|Endless Battle Clause: Forcing endless battles is banned
|rule|Species Clause: Limit one of each Pokémon
|rule|OHKO Clause: OHKO moves are banned
|rule|Evasion Items Clause: Evasion items are banned
|rule|Evasion Moves Clause: Evasion moves are banned
|rule|Evasion Abilities Clause: Evasion abilities are banned
|rule|Sleep Moves Clause: Sleep-inducing moves are banned
|clearpoke
|poke|p1|Indeedee, M|
|poke|p1|Iron Valiant|
|poke|p1|Armarouge, F|
|poke|p1|Hatterene, F|
|poke|p1|Polteageist|
|poke|p1|Kyurem|
|poke|p2|Lapras, F|
|poke|p2|Pikachu, M|
|poke|p2|Hitmonlee, M|
|poke|p2|Exeggutor, F|
|poke|p2|Rhydon, F|
|poke|p2|Gengar, M|
|teampreview
|
|t:|1769369537
|teamsize|p1|6
|teamsize|p2|6
|start
|switch|p1a: Indeedee|Indeedee, M|100/100
|switch|p2a: Gengar|Gengar, M|100/100
|-fieldstart|move: Psychic Terrain|[from] ability: Psychic Surge|[of] p1a: Indeedee
|turn|1
|
|t:|1769369546
|move|p2a: Gengar|Taunt|p1a: Indeedee
|-start|p1a: Indeedee|move: Taunt
|move|p1a: Indeedee|Expanding Force|p2a: Gengar
|-supereffective|p2a: Gengar
|-enditem|p2a: Gengar|Focus Sash
|-damage|p2a: Gengar|1/100
|
|upkeep
|turn|2
|
|t:|1769369555
|-terastallize|p2a: Gengar|Dark
|move|p2a: Gengar|Toxic Spikes|p1a: Indeedee
|-sidestart|p1: artaraujo|move: Toxic Spikes
|move|p1a: Indeedee|Expanding Force|p2a: Gengar
|-immune|p2a: Gengar
|
|upkeep
|turn|3
|
|t:|1769369563
|move|p2a: Gengar|Toxic Spikes|p1a: Indeedee
|-sidestart|p1: artaraujo|move: Toxic Spikes
|move|p1a: Indeedee|Dazzling Gleam|p2a: Gengar
|-supereffective|p2a: Gengar
|-damage|p2a: Gengar|0 fnt
|faint|p2a: Gengar
|
|-end|p1a: Indeedee|move: Taunt
|upkeep
|
|t:|1769369578
|switch|p2a: Pikachu|Pikachu, M|100/100
|turn|4
|
|t:|1769369583
|move|p1a: Indeedee|Expanding Force|p2a: Pikachu
|-damage|p2a: Pikachu|0 fnt
|faint|p2a: Pikachu
|
|upkeep
|
|t:|1769369592
|switch|p2a: Exeggutor|Exeggutor, F|100/100
|turn|5
|
|t:|1769369600
|move|p1a: Indeedee|Expanding Force|p2a: Exeggutor
|-resisted|p2a: Exeggutor
|-damage|p2a: Exeggutor|65/100
|move|p2a: Exeggutor|Calm Mind|p2a: Exeggutor
|-boost|p2a: Exeggutor|spa|1
|-boost|p2a: Exeggutor|spd|1
|
|upkeep
|turn|6
|
|t:|1769369604
|move|p1a: Indeedee|Encore|p2a: Exeggutor
|-start|p2a: Exeggutor|Encore
|move|p2a: Exeggutor|Calm Mind|p2a: Exeggutor
|-boost|p2a: Exeggutor|spa|1
|-boost|p2a: Exeggutor|spd|1
|
|upkeep
|turn|7
|
|t:|1769369607
|move|p1a: Indeedee|Expanding Force|p2a: Exeggutor
|-resisted|p2a: Exeggutor
|-damage|p2a: Exeggutor|48/100
|-enditem|p2a: Exeggutor|Sitrus Berry|[eat]
|-heal|p2a: Exeggutor|73/100|[from] item: Sitrus Berry
|move|p2a: Exeggutor|Calm Mind|p2a: Exeggutor
|-boost|p2a: Exeggutor|spa|1
|-boost|p2a: Exeggutor|spd|1
|
|upkeep
|turn|8
|
|t:|1769369611
|switch|p1a: Polteageist|Polteageist|100/100
|-status|p1a: Polteageist|tox
|move|p2a: Exeggutor|Calm Mind|p2a: Exeggutor
|-boost|p2a: Exeggutor|spa|1
|-boost|p2a: Exeggutor|spd|1
|
|-damage|p1a: Polteageist|94/100 tox|[from] psn
|-end|p2a: Exeggutor|Encore
|-fieldend|move: Psychic Terrain
|-item|p2a: Exeggutor|Sitrus Berry|[from] ability: Harvest
|upkeep
|turn|9
|
|t:|1769369614
|move|p1a: Polteageist|Shell Smash|p1a: Polteageist
|-unboost|p1a: Polteageist|def|1
|-unboost|p1a: Polteageist|spd|1
|-boost|p1a: Polteageist|atk|2
|-boost|p1a: Polteageist|spa|2
|-boost|p1a: Polteageist|spe|2
|move|p2a: Exeggutor|Giga Drain|p1a: Polteageist
|-crit|p1a: Polteageist
|-damage|p1a: Polteageist|0 fnt
|-heal|p2a: Exeggutor|100/100|[from] drain|[of] p1a: Polteageist
|faint|p1a: Polteageist
|
|upkeep
|
|t:|1769369628
|switch|p1a: Armarouge|Armarouge, F|100/100
|-status|p1a: Armarouge|tox
|turn|10
|
|t:|1769369634
|move|p1a: Armarouge|Endure|p1a: Armarouge
|-singleturn|p1a: Armarouge|move: Endure
|move|p2a: Exeggutor|Giga Drain|p1a: Armarouge
|-resisted|p1a: Armarouge
|-damage|p1a: Armarouge|41/100 tox
|
|-damage|p1a: Armarouge|35/100 tox|[from] psn
|upkeep
|turn|11
|
|t:|1769369640
|move|p1a: Armarouge|Destiny Bond|p1a: Armarouge
|-singlemove|p1a: Armarouge|Destiny Bond
|move|p2a: Exeggutor|Giga Drain|p1a: Armarouge
|-resisted|p1a: Armarouge
|-damage|p1a: Armarouge|0 fnt
|faint|p1a: Armarouge
|-activate|p1a: Armarouge|move: Destiny Bond
|faint|p2a: Exeggutor
|
|upkeep
|inactive|Battle timer is ON: inactive players will automatically lose when time's up. (requested by Kanto's Finest)
|
|t:|1769369648
|switch|p1a: Indeedee|Indeedee, M|100/100
|switch|p2a: Rhydon|Rhydon, F, shiny|100/100
|-status|p1a: Indeedee|tox
|-fieldstart|move: Psychic Terrain|[from] ability: Psychic Surge|[of] p1a: Indeedee
|turn|12
|
|t:|1769369653
|move|p1a: Indeedee|Expanding Force|p2a: Rhydon
|-damage|p2a: Rhydon|30/100
|move|p2a: Rhydon|Stealth Rock|p1a: Indeedee
|-sidestart|p1: artaraujo|move: Stealth Rock
|
|-damage|p1a: Indeedee|94/100 tox|[from] psn
|upkeep
|turn|13
|
|t:|1769369658
|move|p1a: Indeedee|Expanding Force|p2a: Rhydon
|-damage|p2a: Rhydon|0 fnt
|faint|p2a: Rhydon
|
|-damage|p1a: Indeedee|82/100 tox|[from] psn
|upkeep
|
|t:|1769369663
|switch|p2a: Hitmonlee|Hitmonlee, M|100/100
|turn|14
|
|t:|1769369666
|move|p2a: Hitmonlee|Fake Out|p1a: Indeedee
|-activate|p1a: Indeedee|move: Psychic Terrain
|move|p1a: Indeedee|Expanding Force|p2a: Hitmonlee
|-supereffective|p2a: Hitmonlee
|-damage|p2a: Hitmonlee|0 fnt
|faint|p2a: Hitmonlee
|
|-damage|p1a: Indeedee|64/100 tox|[from] psn
|upkeep
|
|t:|1769369675
|switch|p2a: Lapras|Lapras, F, shiny|100/100
|turn|15
|
|t:|1769369679
|move|p1a: Indeedee|Expanding Force|p2a: Lapras
|-damage|p2a: Lapras|59/100
|move|p2a: Lapras|Confuse Ray|p1a: Indeedee
|-start|p1a: Indeedee|confusion
|
|-damage|p1a: Indeedee|39/100 tox|[from] psn
|upkeep
|turn|16
|
|t:|1769369688
|-activate|p1a: Indeedee|confusion
|move|p1a: Indeedee|Encore|p2a: Lapras
|-start|p2a: Lapras|Encore
|move|p2a: Lapras|Confuse Ray||[still]
|-fail|p2a: Lapras
|
|-damage|p1a: Indeedee|9/100 tox|[from] psn
|upkeep
|turn|17
|
|t:|1769369692
|-activate|p1a: Indeedee|confusion
|move|p1a: Indeedee|Expanding Force|p2a: Lapras
|-damage|p2a: Lapras|16/100
|move|p2a: Lapras|Confuse Ray||[still]
|-fail|p2a: Lapras
|
|-damage|p1a: Indeedee|0 fnt|[from] psn
|faint|p1a: Indeedee
|upkeep
|
|t:|1769369697
|switch|p1a: Iron Valiant|Iron Valiant, shiny|100/100
|-status|p1a: Iron Valiant|tox
|-damage|p1a: Iron Valiant|94/100 tox|[from] Stealth Rock
|-enditem|p1a: Iron Valiant|Booster Energy
|-activate|p1a: Iron Valiant|ability: Quark Drive|[fromitem]
|-start|p1a: Iron Valiant|quarkdrivespe
|turn|18
|
|t:|1769369700
|move|p1a: Iron Valiant|Close Combat|p2a: Lapras
|-supereffective|p2a: Lapras
|-damage|p2a: Lapras|0 fnt
|-unboost|p1a: Iron Valiant|def|1
|-unboost|p1a: Iron Valiant|spd|1
|faint|p2a: Lapras
|
|win|artaraujo
|raw|artaraujo's rating: 1308 &rarr; <strong>1325</strong><br />(+17 for winning)
|raw|Kanto&apos;s Finest's rating: 1261 &rarr; <strong>1239</strong><br />(-22 for losing)
|l|☆Kanto's Finest
|player|p2|
|l|‽artaraujo
|player|p1|
