|j|☆Uncomps
|j|☆pinkwalll
|t:|1769411061
|gametype|singles
|player|p1|Uncomps|gambler|1488
|player|p2|pinkwalll|battlegirl|1452
|gen|9
|tier|[Gen 9] OU
|rated|
|rule|HP Percentage Mod: HP is shown in percentages
|rule|Endless Battle Clause: Forcing endless battles is banned
|rule|Species Clause: Limit one of each Pokémon
|rule|OHKO Clause: OHKO moves are banned
|rule|Evasion Items Clause: Evasion items are banned
|rule|Evasion Moves Clause: Evasion moves are banned
|rule|Evasion Abilities Clause: Evasion abilities are banned
|rule|Sleep Moves Clause: Sleep-inducing moves are banned
|clearpoke
|poke|p1|Landorus-Therian, M|
|poke|p1|Iron Boulder|
|poke|p1|Gholdengo|
|poke|p1|Great Tusk|
|poke|p1|Raging Bolt|
|poke|p1|Araquanid, F|
|poke|p2|Torkoal, F|
|poke|p2|Scovillain, M|
|poke|p2|Walking Wake|
|poke|p2|Hatterene, F|
|poke|p2|Great Tusk|
|poke|p2|Ceruledge, M|
|teampreview
|inactive|Battle timer is ON: inactive players will automatically lose when time's up. (requested by pinkwalll)
|
|t:|1769411064
|teamsize|p1|6
|teamsize|p2|6
|start
|switch|p1a: Araquanid|Araquanid, F|100/100
|switch|p2a: Torkoal|Torkoal, F|100/100
|-weather|SunnyDay|[from] ability: Drought|[of] p2a: Torkoal
|turn|1
|
|t:|1769411068
|move|p1a: Araquanid|Lunge|p2a: Torkoal
|-resisted|p2a: Torkoal
|-damage|p2a: Torkoal|89/100
|-unboost|p2a: Torkoal|atk|1
|move|p2a: Torkoal|Stealth Rock|p1a: Araquanid
|-sidestart|p1: Uncomps|move: Stealth Rock
|
|-weather|SunnyDay|[upkeep]
|upkeep
|turn|2
|
|t:|1769411073
|switch|p2a: Hatterene|Hatterene, F, shiny|100/100
|move|p1a: Araquanid|Hydro Pump|p2a: Hatterene
|-damage|p2a: Hatterene|78/100
|-enditem|p2a: Hatterene|Eject Button
|
|t:|1769411077
|switch|p2a: Walking Wake|Walking Wake|100/100
|-activate|p2a: Walking Wake|ability: Protosynthesis
|-start|p2a: Walking Wake|protosynthesisspa
|
|-weather|SunnyDay|[upkeep]
|upkeep
|turn|3
|
|t:|1769411085
|move|p2a: Walking Wake|Hydro Steam|p1a: Araquanid
|-resisted|p1a: Araquanid
|-damage|p1a: Araquanid|50/100
|move|p1a: Araquanid|Sticky Web|p2a: Walking Wake
|-sidestart|p2: pinkwalll|move: Sticky Web
|
|-weather|SunnyDay|[upkeep]
|upkeep
|turn|4
|
|t:|1769411090
|move|p2a: Walking Wake|Hydro Steam|p1a: Araquanid
|-resisted|p1a: Araquanid
|-damage|p1a: Araquanid|0 fnt
|faint|p1a: Araquanid
|
|-weather|SunnyDay|[upkeep]
|upkeep
|
|t:|1769411097
|switch|p1a: angry neck|Raging Bolt|100/100
|-damage|p1a: angry neck|88/100|[from] Stealth Rock
|-activate|p1a: angry neck|ability: Protosynthesis
|-start|p1a: angry neck|protosynthesisspa
|turn|5
|
|t:|1769411102
|-terastallize|p2a: Walking Wake|Water
|move|p2a: Walking Wake|Hydro Steam|p1a: angry neck
|-resisted|p1a: angry neck
|-damage|p1a: angry neck|2/100
|move|p1a: angry neck|Calm Mind|p1a: angry neck
|-boost|p1a: angry neck|spa|1
|-boost|p1a: angry neck|spd|1
|
|-weather|SunnyDay|[upkeep]
|upkeep
|turn|6
|
|t:|1769411110
|-end|p2a: Walking Wake|Protosynthesis|[silent]
|switch|p2a: Don|Great Tusk, shiny|100/100
|-activate|p2a: Don|move: Sticky Web
|-unboost|p2a: Don|spe|1
|-activate|p2a: Don|ability: Protosynthesis
|-start|p2a: Don|protosynthesisatk
|move|p1a: angry neck|Thunderclap||[still]
|-fail|p1a: angry neck
|
|-weather|SunnyDay|[upkeep]
|upkeep
|turn|7
|
|t:|1769411113
|move|p1a: angry neck|Dragon Pulse|p2a: Don
|-crit|p2a: Don
|-damage|p2a: Don|0 fnt
|faint|p2a: Don
|-end|p2a: Don|Protosynthesis|[silent]
|
|-weather|SunnyDay|[upkeep]
|upkeep
|
|t:|1769411119
|switch|p2a: Ceruledge|Ceruledge, M|100/100
|-activate|p2a: Ceruledge|move: Sticky Web
|-unboost|p2a: Ceruledge|spe|1
|turn|8
|
|t:|1769411128
|move|p1a: angry neck|Thunderclap|p2a: Ceruledge
|-damage|p2a: Ceruledge|20/100
|move|p2a: Ceruledge|Shadow Sneak|p1a: angry neck
|-damage|p1a: angry neck|0 fnt
|faint|p1a: angry neck
|-end|p1a: angry neck|Protosynthesis|[silent]
|
|-weather|none
|upkeep
|
|t:|1769411133
|switch|p1a: Great Tusk|Great Tusk|100/100
|-damage|p1a: Great Tusk|98/100|[from] Stealth Rock
|turn|9
|
|t:|1769411138
|move|p1a: Great Tusk|Bulk Up|p1a: Great Tusk
|-boost|p1a: Great Tusk|atk|1
|-boost|p1a: Great Tusk|def|1
|move|p2a: Ceruledge|Bitter Blade|p1a: Great Tusk
|-crit|p1a: Great Tusk
|-damage|p1a: Great Tusk|54/100
|-heal|p2a: Ceruledge|48/100|[from] drain|[of] p1a: Great Tusk
|
|-heal|p1a: Great Tusk|60/100|[from] item: Leftovers
|upkeep
|turn|10
|
|t:|1769411143
|move|p2a: Ceruledge|Shadow Sneak|p1a: Great Tusk
|-damage|p1a: Great Tusk|50/100
|move|p1a: Great Tusk|Earthquake|p2a: Ceruledge
|-supereffective|p2a: Ceruledge
|-damage|p2a: Ceruledge|0 fnt
|faint|p2a: Ceruledge
|
|-heal|p1a: Great Tusk|56/100|[from] item: Leftovers
|upkeep
|
|t:|1769411150
|switch|p2a: Torkoal|Torkoal, F|89/100
|-activate|p2a: Torkoal|move: Sticky Web
|-unboost|p2a: Torkoal|spe|1
|-weather|SunnyDay|[from] ability: Drought|[of] p2a: Torkoal
|-activate|p1a: Great Tusk|ability: Protosynthesis
|-start|p1a: Great Tusk|protosynthesisatk
|turn|11
|
|t:|1769411154
|switch|p2a: Hatterene|Hatterene, F, shiny|78/100
|-activate|p2a: Hatterene|move: Sticky Web
|-unboost|p2a: Hatterene|spe|1
|move|p1a: Great Tusk|Rapid Spin|p2a: Hatterene
|-damage|p2a: Hatterene|46/100
|-boost|p1a: Great Tusk|spe|1
|-sideend|p1: Uncomps|Stealth Rock|[from] move: Rapid Spin|[of] p1a: Great Tusk
|
|-weather|SunnyDay|[upkeep]
|-heal|p1a: Great Tusk|62/100|[from] item: Leftovers
|upkeep
|turn|12
|
|t:|1769411162
|move|p1a: Great Tusk|Earthquake|p2a: Hatterene
|-damage|p2a: Hatterene|0 fnt
|faint|p2a: Hatterene
|
|-weather|SunnyDay|[upkeep]
|-heal|p1a: Great Tusk|69/100|[from] item: Leftovers
|upkeep
|
|t:|1769411168
|switch|p2a: Scovillain|Scovillain, M|100/100
|-activate|p2a: Scovillain|move: Sticky Web
|-unboost|p2a: Scovillain|spe|1
|turn|13
|
|t:|1769411172
|move|p2a: Scovillain|Giga Drain|p1a: Great Tusk
|-supereffective|p1a: Great Tusk
|-damage|p1a: Great Tusk|0 fnt
|faint|p1a: Great Tusk
|-end|p1a: Great Tusk|Protosynthesis|[silent]
|-damage|p2a: Scovillain|91/100|[from] item: Life Orb
|
|-weather|SunnyDay|[upkeep]
|upkeep
|
|t:|1769411181
|switch|p1a: Gholdengo|Gholdengo|100/100
|-item|p1a: Gholdengo|Air Balloon
|turn|14
|
|t:|1769411186
|-terastallize|p1a: Gholdengo|Ghost
|move|p2a: Scovillain|Flamethrower|p1a: Gholdengo
|-damage|p1a: Gholdengo|10/100
|-enditem|p1a: Gholdengo|Air Balloon
|-damage|p2a: Scovillain|81/100|[from] item: Life Orb
|move|p1a: Gholdengo|Shadow Ball|p2a: Scovillain
|-damage|p2a: Scovillain|0 fnt
|faint|p2a: Scovillain
|
|-weather|SunnyDay|[upkeep]
|upkeep
|
|t:|1769411193
|switch|p2a: Torkoal|Torkoal, F|89/100
|-activate|p2a: Torkoal|move: Sticky Web
|-unboost|p2a: Torkoal|spe|1
|turn|15
|
|t:|1769411199
|move|p1a: Gholdengo|Shadow Ball|p2a: Torkoal
|-damage|p2a: Torkoal|24/100
|-unboost|p2a: Torkoal|spd|1
|move|p2a: Torkoal|Stealth Rock|p1a: Gholdengo
|-sidestart|p1: Uncomps|move: Stealth Rock
|
|-weather|SunnyDay|[upkeep]
|upkeep
|turn|16
|
|t:|1769411203
|move|p1a: Gholdengo|Shadow Ball|p2a: Torkoal
|-crit|p2a: Torkoal
|-damage|p2a: Torkoal|0 fnt
|faint|p2a: Torkoal
|
|-weather|SunnyDay|[upkeep]
|upkeep
|
|t:|1769411205
|switch|p2a: Walking Wake|Walking Wake, tera:Water|100/100
|-activate|p2a: Walking Wake|move: Sticky Web
|-unboost|p2a: Walking Wake|spe|1
|-activate|p2a: Walking Wake|ability: Protosynthesis
|-start|p2a: Walking Wake|protosynthesisspa
|turn|17
|
|t:|1769411209
|move|p1a: Gholdengo|Shadow Ball|p2a: Walking Wake
|-damage|p2a: Walking Wake|35/100
|move|p2a: Walking Wake|Hydro Steam|p1a: Gholdengo
|-damage|p1a: Gholdengo|0 fnt
|faint|p1a: Gholdengo
|
|-weather|SunnyDay|[upkeep]
|upkeep
|
|t:|1769411214
|switch|p1a: Landorus|Landorus-Therian, M|100/100
|-damage|p1a: Landorus|88/100|[from] Stealth Rock
|-ability|p1a: Landorus|Intimidate|boost
|-unboost|p2a: Walking Wake|atk|1
|turn|18
|
|t:|1769411218
|move|p1a: Landorus|Earth Power|p2a: Walking Wake
|-damage|p2a: Walking Wake|0 fnt
|faint|p2a: Walking Wake
|-end|p2a: Walking Wake|Protosynthesis|[silent]
|
|win|Uncomps
|raw|Uncomps's rating: 1488 &rarr; <strong>1506</strong><br />(+18 for winning)
|raw|pinkwalll's rating: 1452 &rarr; <strong>1434</strong><br />(-18 for losing)
|l|☆pinkwalll
|player|p2|
|l|☆Uncomps
|player|p1|
