|j|☆geckoflaquee
|j|☆zabarudo25
|t:|1769343183
|gametype|singles
|player|p1|geckoflaquee|iris|1260
|player|p2|zabarudo25|hoopster|1277
|gen|9
|tier|[Gen 9] OU
|rated|
|rule|HP Percentage Mod: HP is shown in percentages
|rule|Endless Battle Clause: Forcing endless battles is banned
|rule|Species Clause: Limit one of each Pokémon
|rule|OHKO Clause: OHKO moves are banned
|rule|Evasion Items Clause: Evasion items are banned
|rule|Evasion Moves Clause: Evasion moves are banned
|rule|Evasion Abilities Clause: Evasion abilities are banned
|rule|Sleep Moves Clause: Sleep-inducing moves are banned
|clearpoke
|poke|p1|Hoopa-Unbound|
|poke|p1|Hatterene, F|
|poke|p1|Ursaluna, F|
|poke|p1|Indeedee-F, F|
|poke|p1|Iron Hands|
|poke|p1|Mimikyu, F|
|poke|p2|Venomoth, F|
|poke|p2|Rillaboom, F|
|poke|p2|Blaziken, M|
|poke|p2|Dondozo, M|
|poke|p2|Serperior, M|
|poke|p2|Iron Treads|
|teampreview
|inactive|Battle timer is ON: inactive players will automatically lose when time's up. (requested by zabarudo25)
|
|t:|1769343211
|teamsize|p1|6
|teamsize|p2|6
|start
|switch|p1a: Facts|Indeedee-F, F, shiny|100/100
|switch|p2a: Iron Treads|Iron Treads|100/100
|-fieldstart|move: Psychic Terrain|[from] ability: Psychic Surge|[of] p1a: Facts
|-enditem|p2a: Iron Treads|Booster Energy
|-activate|p2a: Iron Treads|ability: Quark Drive|[fromitem]
|-start|p2a: Iron Treads|quarkdrivespe
|turn|1
|
|t:|1769343234
|move|p2a: Iron Treads|Earth Power|p1a: Facts
|-damage|p1a: Facts|78/100
|move|p1a: Facts|Trick Room|p1a: Facts
|-fieldstart|move: Trick Room|[of] p1a: Facts
|
|upkeep
|turn|2
|
|t:|1769343240
|switch|p1a: Ursaluna|Ursaluna, F, shiny|100/100
|move|p2a: Iron Treads|Stealth Rock|p1a: Ursaluna
|-sidestart|p1: geckoflaquee|move: Stealth Rock
|
|-status|p1a: Ursaluna|brn|[from] item: Flame Orb
|upkeep
|turn|3
|
|t:|1769343244
|move|p1a: Ursaluna|Earthquake|p2a: Iron Treads
|-supereffective|p2a: Iron Treads
|-damage|p2a: Iron Treads|0 fnt
|faint|p2a: Iron Treads
|-end|p2a: Iron Treads|Quark Drive|[silent]
|
|-damage|p1a: Ursaluna|94/100 brn|[from] brn
|upkeep
|
|t:|1769343247
|switch|p2a: Rillaboom|Rillaboom, F|100/100
|-fieldstart|move: Grassy Terrain|[from] ability: Grassy Surge|[of] p2a: Rillaboom
|turn|4
|
|t:|1769343264
|switch|p2a: Dondozo|Dondozo, M|100/100
|-terastallize|p1a: Ursaluna|Ghost
|move|p1a: Ursaluna|Facade|p2a: Dondozo
|-damage|p2a: Dondozo|28/100
|
|-heal|p1a: Ursaluna|100/100 brn|[from] Grassy Terrain
|-heal|p2a: Dondozo|34/100|[from] Grassy Terrain
|-heal|p2a: Dondozo|40/100|[from] item: Leftovers
|-damage|p1a: Ursaluna|94/100 brn|[from] brn
|upkeep
|turn|5
|
|t:|1769343271
|move|p2a: Dondozo|Protect|p2a: Dondozo
|-singleturn|p2a: Dondozo|Protect
|move|p1a: Ursaluna|Facade|p2a: Dondozo
|-activate|p2a: Dondozo|move: Protect
|
|-heal|p1a: Ursaluna|100/100 brn|[from] Grassy Terrain
|-heal|p2a: Dondozo|46/100|[from] Grassy Terrain
|-heal|p2a: Dondozo|52/100|[from] item: Leftovers
|-damage|p1a: Ursaluna|94/100 brn|[from] brn
|-fieldend|move: Trick Room
|upkeep
|turn|6
|
|t:|1769343278
|move|p1a: Ursaluna|Facade|p2a: Dondozo
|-damage|p2a: Dondozo|0 fnt
|faint|p2a: Dondozo
|
|-heal|p1a: Ursaluna|100/100 brn|[from] Grassy Terrain
|-damage|p1a: Ursaluna|94/100 brn|[from] brn
|upkeep
|
|t:|1769343284
|switch|p2a: Serperior|Serperior, M|100/100
|turn|7
|
|t:|1769343289
|move|p2a: Serperior|Leaf Storm|p1a: Ursaluna
|-damage|p1a: Ursaluna|31/100 brn
|-boost|p2a: Serperior|spa|2
|move|p1a: Ursaluna|Facade|p2a: Serperior
|-damage|p2a: Serperior|0 fnt
|faint|p2a: Serperior
|
|-heal|p1a: Ursaluna|37/100 brn|[from] Grassy Terrain
|-damage|p1a: Ursaluna|31/100 brn|[from] brn
|upkeep
|-message|zabarudo25 forfeited.
|
|win|geckoflaquee
|raw|geckoflaquee's rating: 1260 &rarr; <strong>1286</strong><br />(+26 for winning)
|raw|zabarudo25's rating: 1277 &rarr; <strong>1251</strong><br />(-26 for losing)
|l|☆zabarudo25
|player|p2|
|l|☆geckoflaquee
|player|p1|
