|j|☆cor.pkmn
|j|☆dragonyuk
|t:|1769293920
|gametype|singles
|player|p1|cor.pkmn|byron|1248
|player|p2|dragonyuk|169|1237
|gen|9
|tier|[Gen 9] OU
|rated|
|rule|HP Percentage Mod: HP is shown in percentages
|rule|Endless Battle Clause: Forcing endless battles is banned
|rule|Species Clause: Limit one of each Pokémon
|rule|OHKO Clause: OHKO moves are banned
|rule|Evasion Items Clause: Evasion items are banned
|rule|Evasion Moves Clause: Evasion moves are banned
|rule|Evasion Abilities Clause: Evasion abilities are banned
|rule|Sleep Moves Clause: Sleep-inducing moves are banned
|clearpoke
|poke|p1|Cresselia, F|
|poke|p1|Slowking-Galar, M|
|poke|p1|Ursaluna, M|
|poke|p1|Raging Bolt|
|poke|p1|Dondozo, F|
|poke|p1|Mimikyu, F|
|poke|p2|Magneton|
|poke|p2|Psyduck, F|
|poke|p2|Toxapex, F|
|poke|p2|Zoroark-Hisui, M|
|poke|p2|Maushold|
|poke|p2|Hitmontop, M|
|teampreview
|inactive|Battle timer is ON: inactive players will automatically lose when time's up. (requested by cor.pkmn)
|inactive|dragonyuk also wants the timer to be on.
|
|t:|1769293933
|teamsize|p1|6
|teamsize|p2|6
|start
|switch|p1a: Dondozo|Dondozo, F|100/100
|switch|p2a: DA WALL|Toxapex, F|100/100
|turn|1
|
|t:|1769293936
|move|p2a: DA WALL|Trick|p1a: Dondozo
|-activate|p2a: DA WALL|move: Trick|[of] p1a: Dondozo
|-item|p1a: Dondozo|Choice Specs|[from] move: Trick
|-item|p2a: DA WALL|Choice Band|[from] move: Trick
|move|p1a: Dondozo|Earthquake|p2a: DA WALL
|-damage|p2a: DA WALL|31/100
|replace|p2a: Bark bark|Zoroark-Hisui, M
|-end|p2a: Bark bark|Illusion
|
|upkeep
|turn|2
|
|t:|1769293948
|switch|p2a: Beyblade|Hitmontop, M|100/100
|move|p1a: Dondozo|Earthquake|p2a: Beyblade
|-crit|p2a: Beyblade
|-damage|p2a: Beyblade|39/100
|
|-heal|p2a: Beyblade|45/100|[from] item: Leftovers
|upkeep
|turn|3
|
|t:|1769293956
|move|p2a: Beyblade|Bulk Up|p2a: Beyblade
|-boost|p2a: Beyblade|atk|1
|-boost|p2a: Beyblade|def|1
|move|p1a: Dondozo|Earthquake|p2a: Beyblade
|-damage|p2a: Beyblade|8/100
|
|-heal|p2a: Beyblade|14/100|[from] item: Leftovers
|upkeep
|turn|4
|
|t:|1769293962
|move|p2a: Beyblade|Mach Punch|p1a: Dondozo
|-damage|p1a: Dondozo|83/100
|move|p1a: Dondozo|Earthquake|p2a: Beyblade
|-damage|p2a: Beyblade|0 fnt
|faint|p2a: Beyblade
|
|upkeep
|
|t:|1769293965
|switch|p2a: DA GOAT|Magneton, shiny|100/100
|turn|5
|
|t:|1769293967
|move|p2a: DA GOAT|Thunderbolt|p1a: Dondozo
|-supereffective|p1a: Dondozo
|-damage|p1a: Dondozo|0 fnt
|faint|p1a: Dondozo
|
|upkeep
|
|t:|1769293972
|switch|p1a: Slowking|Slowking-Galar, M|100/100
|turn|6
|
|t:|1769293977
|switch|p2a: DA WALL|Toxapex, F|100/100
|move|p1a: Slowking|Trick Room|p1a: Slowking
|-fieldstart|move: Trick Room|[of] p1a: Slowking
|
|upkeep
|turn|7
|
|t:|1769293984
|move|p1a: Slowking|Psychic Noise|p2a: DA WALL
|-supereffective|p2a: DA WALL
|-damage|p2a: DA WALL|56/100
|-start|p2a: DA WALL|move: Heal Block
|move|p2a: DA WALL|Liquidation|p1a: Slowking
|-damage|p1a: Slowking|62/100
|
|upkeep
|turn|8
|
|t:|1769293991
|move|p1a: Slowking|Psychic Noise|p2a: DA WALL
|-supereffective|p2a: DA WALL
|-damage|p2a: DA WALL|13/100
|move|p2a: DA WALL|Liquidation|p1a: Slowking
|-damage|p1a: Slowking|24/100
|
|-end|p2a: DA WALL|move: Heal Block
|upkeep
|turn|9
|
|t:|1769293998
|move|p1a: Slowking|Psychic Noise|p2a: DA WALL
|-supereffective|p2a: DA WALL
|-damage|p2a: DA WALL|0 fnt
|faint|p2a: DA WALL
|
|upkeep
|
|t:|1769294008
|switch|p2a: FEAR ME|Psyduck, F|100/100
|-ability|p2a: FEAR ME|Cloud Nine
|turn|10
|
|t:|1769294012
|move|p1a: Slowking|Sludge Bomb|p2a: FEAR ME
|-damage|p2a: FEAR ME|40/100
|move|p2a: FEAR ME|Knock Off|p1a: Slowking
|-supereffective|p1a: Slowking
|-damage|p1a: Slowking|1/100
|-enditem|p1a: Slowking|Heavy-Duty Boots|[from] move: Knock Off|[of] p2a: FEAR ME
|
|-fieldend|move: Trick Room
|upkeep
|turn|11
|
|t:|1769294017
|move|p2a: FEAR ME|Vacuum Wave|p1a: Slowking
|-resisted|p1a: Slowking
|-damage|p1a: Slowking|0 fnt
|faint|p1a: Slowking
|
|upkeep
|
|t:|1769294023
|switch|p1a: Cresselia|Cresselia, F|100/100
|turn|12
|
|t:|1769294026
|move|p2a: FEAR ME|Endeavor|p1a: Cresselia
|-damage|p1a: Cresselia|28/100
|-damage|p2a: FEAR ME|24/100|[from] item: Rocky Helmet|[of] p1a: Cresselia
|move|p1a: Cresselia|Trick Room|p1a: Cresselia
|-fieldstart|move: Trick Room|[of] p1a: Cresselia
|
|upkeep
|turn|13
|
|t:|1769294032
|move|p2a: FEAR ME|Knock Off|p1a: Cresselia
|-supereffective|p1a: Cresselia
|-damage|p1a: Cresselia|13/100
|-damage|p2a: FEAR ME|7/100|[from] item: Rocky Helmet|[of] p1a: Cresselia
|-enditem|p1a: Cresselia|Rocky Helmet|[from] move: Knock Off|[of] p2a: FEAR ME
|move|p1a: Cresselia|Moonblast|p2a: FEAR ME
|-damage|p2a: FEAR ME|0 fnt
|faint|p2a: FEAR ME
|
|upkeep
|
|t:|1769294043
|switch|p2a: DA GOAT|Magneton, shiny|100/100
|turn|14
|
|t:|1769294049
|switch|p1a: Ursaluna|Ursaluna, M, shiny|100/100
|move|p2a: DA GOAT|Volt Switch|p1a: Ursaluna
|-immune|p1a: Ursaluna
|
|-status|p1a: Ursaluna|brn|[from] item: Flame Orb
|upkeep
|turn|15
|
|t:|1769294061
|switch|p2a: DA GOAT|Magneton, shiny|31/100
|move|p1a: Ursaluna|Headlong Rush|p2a: DA GOAT
|-damage|p2a: DA GOAT|0 fnt
|-unboost|p1a: Ursaluna|def|1
|-unboost|p1a: Ursaluna|spd|1
|replace|p2a: Bark bark|Zoroark-Hisui, M
|-end|p2a: Bark bark|Illusion
|faint|p2a: Bark bark
|
|-damage|p1a: Ursaluna|94/100 brn|[from] brn
|upkeep
|
|t:|1769294064
|switch|p2a: DA GOAT|Magneton, shiny|100/100
|turn|16
|
|t:|1769294066
|-terastallize|p2a: DA GOAT|Ice
|move|p1a: Ursaluna|Headlong Rush|p2a: DA GOAT
|-ability|p2a: DA GOAT|Sturdy
|-damage|p2a: DA GOAT|1/100
|-unboost|p1a: Ursaluna|def|1
|-unboost|p1a: Ursaluna|spd|1
|move|p2a: DA GOAT|Tera Blast|p1a: Ursaluna|[anim] Tera Blast Ice
|-supereffective|p1a: Ursaluna
|-damage|p1a: Ursaluna|0 fnt
|faint|p1a: Ursaluna
|
|-fieldend|move: Trick Room
|upkeep
|
|t:|1769294078
|switch|p1a: Raging Bolt|Raging Bolt|100/100
|turn|17
|
|t:|1769294082
|switch|p2a: Family|Maushold|100/100
|move|p1a: Raging Bolt|Volt Switch|p2a: Family
|-damage|p2a: Family|34/100
|
|t:|1769294087
|-end|p1a: Raging Bolt|Protosynthesis|[silent]
|switch|p1a: Mimikyu|Mimikyu, F, shiny|100/100|[from] Volt Switch
|
|upkeep
|turn|18
|
|t:|1769294090
|move|p2a: Family|Bite|p1a: Mimikyu
|-activate|p1a: Mimikyu|ability: Disguise
|-damage|p1a: Mimikyu|100/100
|detailschange|p1a: Mimikyu|Mimikyu-Busted, F, shiny
|-damage|p1a: Mimikyu|88/100|[from] pokemon: Mimikyu-Busted
|-enditem|p1a: Mimikyu|Red Card|[of] p2a: Family
|drag|p2a: DA GOAT|Magneton, shiny, tera:Ice|1/100
|move|p1a: Mimikyu|Trick Room|p1a: Mimikyu
|-fieldstart|move: Trick Room|[of] p1a: Mimikyu
|
|upkeep
|turn|19
|
|t:|1769294099
|move|p1a: Mimikyu|Thief|p2a: DA GOAT
|-damage|p2a: DA GOAT|0 fnt
|-enditem|p2a: DA GOAT|Choice Scarf|[silent]|[from] move: Thief|[of] p1a: Mimikyu
|-item|p1a: Mimikyu|Choice Scarf|[from] move: Thief|[of] p2a: DA GOAT
|faint|p2a: DA GOAT
|
|upkeep
|
|t:|1769294101
|switch|p2a: Family|Maushold|34/100
|turn|20
|
|t:|1769294104
|move|p1a: Mimikyu|Curse|p2a: Family
|-start|p2a: Family|Curse|[of] p1a: Mimikyu
|-damage|p1a: Mimikyu|38/100
|move|p2a: Family|Bite|p1a: Mimikyu
|-damage|p1a: Mimikyu|3/100
|
|-damage|p2a: Family|9/100|[from] Curse
|upkeep
|turn|21
|
|t:|1769294110
|move|p1a: Mimikyu|Curse||[still]
|-fail|p1a: Mimikyu
|move|p2a: Family|Bite|p1a: Mimikyu
|-damage|p1a: Mimikyu|0 fnt
|faint|p1a: Mimikyu
|
|-damage|p2a: Family|0 fnt|[from] Curse
|faint|p2a: Family
|
|win|cor.pkmn
|raw|cor.pkmn's rating: 1248 &rarr; <strong>1272</strong><br />(+24 for winning)
|raw|dragonyuk's rating: 1237 &rarr; <strong>1213</strong><br />(-24 for losing)
|c|☆dragonyuk|ggwp
|l|☆dragonyuk
|player|p2|
|l|☆cor.pkmn
|player|p1|
