|j|☆Swagboi21_W
|j|☆Hyaikho
|t:|1769363648
|gametype|singles
|player|p1|Swagboi21_W|juan|1351
|player|p2|Hyaikho|guzma|1386
|gen|9
|tier|[Gen 9] OU
|rated|
|rule|HP Percentage Mod: HP is shown in percentages
|rule|Endless Battle Clause: Forcing endless battles is banned
|rule|Species Clause: Limit one of each Pokémon
|rule|OHKO Clause: OHKO moves are banned
|rule|Evasion Items Clause: Evasion items are banned
|rule|Evasion Moves Clause: Evasion moves are banned
|rule|Evasion Abilities Clause: Evasion abilities are banned
|rule|Sleep Moves Clause: Sleep-inducing moves are banned
|clearpoke
|poke|p1|Ting-Lu|
|poke|p1|Zoroark-Hisui, M|
|poke|p1|Dragonite, M|
|poke|p1|Ogerpon-Wellspring, F|
|poke|p1|Weavile, M|
|poke|p1|Iron Treads|
|poke|p2|Salazzle, F|
|poke|p2|Hoopa-Unbound|
|poke|p2|Tsareena, F|
|poke|p2|Flamigo, F|
|poke|p2|Weavile, M|
|poke|p2|Kommo-o, F|
|teampreview
|c|☆Swagboi21_W|glhf
|inactive|Battle timer is ON: inactive players will automatically lose when time's up. (requested by Hyaikho)
|
|t:|1769363661
|teamsize|p1|6
|teamsize|p2|6
|start
|switch|p1a: Ting-Lu|Ting-Lu|100/100
|switch|p2a: Flamigo|Flamigo, F|100/100
|-ability|p1a: Ting-Lu|Vessel of Ruin
|turn|1
|
|t:|1769363671
|move|p2a: Flamigo|Close Combat|p1a: Ting-Lu
|-supereffective|p1a: Ting-Lu
|-damage|p1a: Ting-Lu|54/100
|-unboost|p2a: Flamigo|def|1
|-unboost|p2a: Flamigo|spd|1
|move|p1a: Ting-Lu|Stealth Rock|p2a: Flamigo
|-sidestart|p2: Hyaikho|move: Stealth Rock
|
|-heal|p1a: Ting-Lu|60/100|[from] item: Leftovers
|upkeep
|turn|2
|
|t:|1769363679
|move|p2a: Flamigo|Close Combat|p1a: Ting-Lu
|-supereffective|p1a: Ting-Lu
|-damage|p1a: Ting-Lu|13/100
|-unboost|p2a: Flamigo|def|1
|-unboost|p2a: Flamigo|spd|1
|move|p1a: Ting-Lu|Spikes|p2a: Flamigo
|-sidestart|p2: Hyaikho|Spikes
|
|-heal|p1a: Ting-Lu|20/100|[from] item: Leftovers
|upkeep
|turn|3
|
|t:|1769363690
|switch|p1a: Weavile|Weavile, M|100/100
|move|p2a: Flamigo|Close Combat|p1a: Weavile
|-supereffective|p1a: Weavile
|-enditem|p1a: Weavile|Focus Sash
|-damage|p1a: Weavile|1/100
|-unboost|p2a: Flamigo|def|1
|-unboost|p2a: Flamigo|spd|1
|replace|p1a: Zoroark|Zoroark-Hisui, M
|-end|p1a: Zoroark|Illusion
|
|upkeep
|turn|4
|c|☆Swagboi21_W|oh yeah, scrappy
|
|t:|1769363707
|move|p2a: Flamigo|Close Combat|p1a: Zoroark
|-supereffective|p1a: Zoroark
|-damage|p1a: Zoroark|0 fnt
|-unboost|p2a: Flamigo|def|1
|-unboost|p2a: Flamigo|spd|1
|faint|p1a: Zoroark
|
|upkeep
|
|t:|1769363716
|switch|p1a: Dragonite|Dragonite, M|100/100
|turn|5
|
|t:|1769363721
|switch|p2a: Kommo-o|Kommo-o, F|100/100
|-damage|p2a: Kommo-o|95/100|[from] Stealth Rock
|-damage|p2a: Kommo-o|82/100|[from] Spikes
|move|p1a: Dragonite|Dragon Dance|p1a: Dragonite
|-boost|p1a: Dragonite|atk|1
|-boost|p1a: Dragonite|spe|1
|
|upkeep
|turn|6
|
|t:|1769363747
|move|p1a: Dragonite|Dragon Dance|p1a: Dragonite
|-boost|p1a: Dragonite|atk|1
|-boost|p1a: Dragonite|spe|1
|move|p2a: Kommo-o|Clanging Scales|p1a: Dragonite
|-supereffective|p1a: Dragonite
|-damage|p1a: Dragonite|53/100
|-unboost|p2a: Kommo-o|def|1
|
|-heal|p1a: Dragonite|59/100|[from] item: Leftovers
|upkeep
|turn|7
|
|t:|1769363755
|move|p1a: Dragonite|Ice Spinner|p2a: Kommo-o
|-supereffective|p2a: Kommo-o
|-damage|p2a: Kommo-o|0 fnt
|-damage|p1a: Dragonite|43/100|[from] item: Rocky Helmet|[of] p2a: Kommo-o
|faint|p2a: Kommo-o
|
|-heal|p1a: Dragonite|49/100|[from] item: Leftovers
|upkeep
|
|t:|1769363765
|switch|p2a: Tsareena|Tsareena, F|100/100
|-damage|p2a: Tsareena|88/100|[from] Stealth Rock
|-damage|p2a: Tsareena|76/100|[from] Spikes
|turn|8
|
|t:|1769363774
|-terastallize|p2a: Tsareena|Steel
|move|p1a: Dragonite|Ice Spinner|p2a: Tsareena
|-resisted|p2a: Tsareena
|-damage|p2a: Tsareena|49/100
|move|p2a: Tsareena|Triple Axel|p1a: Dragonite
|-supereffective|p1a: Dragonite
|-damage|p1a: Dragonite|23/100
|-supereffective|p1a: Dragonite
|-damage|p1a: Dragonite|0 fnt
|faint|p1a: Dragonite
|-hitcount|p1: Dragonite|2
|
|upkeep
|
|t:|1769363792
|switch|p1a: Iron Treads|Iron Treads|100/100
|turn|9
|
|t:|1769363797
|switch|p2a: Flamigo|Flamigo, F|100/100
|-damage|p2a: Flamigo|88/100|[from] Stealth Rock
|move|p1a: Iron Treads|Earthquake|p2a: Flamigo
|-immune|p2a: Flamigo
|
|upkeep
|turn|10
|
|t:|1769363806
|-end|p1a: Iron Treads|Quark Drive|[silent]
|switch|p1a: Ting-Lu|Ting-Lu|20/100
|-ability|p1a: Ting-Lu|Vessel of Ruin
|move|p2a: Flamigo|Close Combat|p1a: Ting-Lu
|-supereffective|p1a: Ting-Lu
|-damage|p1a: Ting-Lu|0 fnt
|-unboost|p2a: Flamigo|def|1
|-unboost|p2a: Flamigo|spd|1
|faint|p1a: Ting-Lu
|
|upkeep
|
|t:|1769363825
|switch|p1a: Weavile|Weavile, M|100/100
|turn|11
|
|t:|1769363832
|switch|p2a: Tsareena|Tsareena, F, tera:Steel|49/100
|-damage|p2a: Tsareena|43/100|[from] Stealth Rock
|-damage|p2a: Tsareena|31/100|[from] Spikes
|move|p1a: Weavile|Ice Shard||[still]
|cant|p2a: Tsareena|ability: Queenly Majesty|Ice Shard|[of] p1a: Weavile
|
|upkeep
|turn|12
|
|t:|1769363841
|move|p1a: Weavile|Knock Off|p2a: Tsareena
|-damage|p2a: Tsareena|0 fnt
|-enditem|p2a: Tsareena|Assault Vest|[from] move: Knock Off|[of] p1a: Weavile
|faint|p2a: Tsareena
|
|upkeep
|
|t:|1769363857
|switch|p2a: Weavile|Weavile, M|100/100
|-damage|p2a: Weavile|76/100|[from] Stealth Rock
|-damage|p2a: Weavile|63/100|[from] Spikes
|-ability|p2a: Weavile|Pressure
|turn|13
|
|t:|1769363864
|switch|p1a: Iron Treads|Iron Treads|100/100
|move|p2a: Weavile|Low Kick|p1a: Iron Treads
|-supereffective|p1a: Iron Treads
|-damage|p1a: Iron Treads|6/100
|-damage|p2a: Weavile|53/100|[from] item: Life Orb
|
|upkeep
|turn|14
|
|t:|1769363872
|move|p2a: Weavile|Ice Shard|p1a: Iron Treads
|-damage|p1a: Iron Treads|0 fnt
|faint|p1a: Iron Treads
|-end|p1a: Iron Treads|Quark Drive|[silent]
|-damage|p2a: Weavile|43/100|[from] item: Life Orb
|
|upkeep
|
|t:|1769363877
|switch|p1a: Ogerpon|Ogerpon-Wellspring, F|100/100
|turn|15
|
|t:|1769363882
|move|p2a: Weavile|Knock Off|p1a: Ogerpon
|-crit|p1a: Ogerpon
|-damage|p1a: Ogerpon|14/100
|-damage|p2a: Weavile|33/100|[from] item: Life Orb
|move|p1a: Ogerpon|Ivy Cudgel|p2a: Weavile|[anim] Ivy Cudgel Water
|-damage|p2a: Weavile|0 fnt
|faint|p2a: Weavile
|
|upkeep
|
|t:|1769363888
|switch|p2a: Salazzle|Salazzle, F, shiny|100/100
|turn|16
|
|t:|1769363894
|move|p2a: Salazzle|Sludge Wave|p1a: Ogerpon
|-supereffective|p1a: Ogerpon
|-damage|p1a: Ogerpon|0 fnt
|faint|p1a: Ogerpon
|
|upkeep
|
|t:|1769363898
|switch|p1a: Weavile|Weavile, M|100/100
|turn|17
|
|t:|1769363903
|-terastallize|p1a: Weavile|Dark
|move|p1a: Weavile|Knock Off|p2a: Salazzle
|-damage|p2a: Salazzle|0 fnt
|-enditem|p2a: Salazzle|Heavy-Duty Boots|[from] move: Knock Off|[of] p1a: Weavile
|faint|p2a: Salazzle
|
|upkeep
|
|t:|1769363906
|switch|p2a: Hoopa|Hoopa-Unbound|100/100
|-damage|p2a: Hoopa|88/100|[from] Stealth Rock
|-damage|p2a: Hoopa|76/100|[from] Spikes
|turn|18
|
|t:|1769363929
|move|p2a: Hoopa|Focus Blast|p1a: Weavile|[miss]
|-miss|p2a: Hoopa|p1a: Weavile
|move|p1a: Weavile|Knock Off|p2a: Hoopa
|-damage|p2a: Hoopa|0 fnt
|-enditem|p2a: Hoopa|Choice Scarf|[from] move: Knock Off|[of] p1a: Weavile
|faint|p2a: Hoopa
|
|upkeep
|
|t:|1769363931
|switch|p2a: Flamigo|Flamigo, F|88/100
|-damage|p2a: Flamigo|76/100|[from] Stealth Rock
|turn|19
|
|t:|1769363940
|move|p1a: Weavile|Ice Shard|p2a: Flamigo
|-supereffective|p2a: Flamigo
|-damage|p2a: Flamigo|21/100
|move|p2a: Flamigo|Close Combat|p1a: Weavile
|-supereffective|p1a: Weavile
|-damage|p1a: Weavile|0 fnt
|-unboost|p2a: Flamigo|def|1
|-unboost|p2a: Flamigo|spd|1
|faint|p1a: Weavile
|
|win|Hyaikho
|raw|Swagboi21_W's rating: 1351 &rarr; <strong>1333</strong><br />(-18 for losing)
|raw|Hyaikho's rating: 1386 &rarr; <strong>1404</strong><br />(+18 for winning)
|c|☆Swagboi21_W|gg
|l|☆Swagboi21_W
|player|p1|
|l|☆Hyaikho
|player|p2|
