|j|☆INTZ2902
|j|☆romariok3
|t:|1769438297
|gametype|singles
|player|p1|INTZ2902|youngster-gen4dp|1108
|player|p2|romariok3|unknown|1086
|gen|9
|tier|[Gen 9] OU
|rated|
|rule|HP Percentage Mod: HP is shown in percentages
|rule|Endless Battle Clause: Forcing endless battles is banned
|rule|Species Clause: Limit one of each Pokémon
|rule|OHKO Clause: OHKO moves are banned
|rule|Evasion Items Clause: Evasion items are banned
|rule|Evasion Moves Clause: Evasion moves are banned
|rule|Evasion Abilities Clause: Evasion abilities are banned
|rule|Sleep Moves Clause: Sleep-inducing moves are banned
|clearpoke
|poke|p1|Raging Bolt|
|poke|p1|Garchomp, F|
|poke|p1|Umbreon, F|
|poke|p1|Grimmsnarl, M|
|poke|p1|Cinderace, F|
|poke|p1|Garganacl, F|
|poke|p2|Toxapex, F|
|poke|p2|Clodsire, M|
|poke|p2|Salazzle, F|
|poke|p2|Blissey, F|
|poke|p2|Corviknight, F|
|poke|p2|Skeledirge, M|
|teampreview
|inactive|Battle timer is ON: inactive players will automatically lose when time's up. (requested by romariok3)
|
|t:|1769438309
|teamsize|p1|6
|teamsize|p2|6
|start
|switch|p1a: Umbreon|Umbreon, F|100/100
|switch|p2a: Toxapex|Toxapex, F|100/100
|turn|1
|
|t:|1769438318
|move|p1a: Umbreon|Thunder Wave|p2a: Toxapex
|-status|p2a: Toxapex|par
|move|p2a: Toxapex|Toxic Spikes|p1a: Umbreon
|-sidestart|p1: INTZ2902|move: Toxic Spikes
|
|upkeep
|turn|2
|
|t:|1769438330
|-terastallize|p1a: Umbreon|Poison
|move|p1a: Umbreon|Wish|p1a: Umbreon
|move|p2a: Toxapex|Toxic Spikes|p1a: Umbreon
|-sidestart|p1: INTZ2902|move: Toxic Spikes
|
|upkeep
|turn|3
|
|t:|1769438339
|switch|p1a: Cinderace|Cinderace, F|100/100
|switch|p2a: Clodsire|Clodsire, M|100/100
|
|upkeep
|turn|4
|
|t:|1769438350
|switch|p1a: Umbreon|Umbreon, F, tera:Poison|100/100
|-sideend|p1: INTZ2902|move: Toxic Spikes|[of] p1a: Umbreon
|move|p2a: Clodsire|Toxic|p1a: Umbreon
|-immune|p1a: Umbreon
|
|upkeep
|turn|5
|
|t:|1769438356
|switch|p1a: Grimmsnarl|Grimmsnarl, M|100/100
|switch|p2a: Salazzle|Salazzle, F|100/100
|
|upkeep
|turn|6
|
|t:|1769438375
|switch|p1a: Raging Bolt|Raging Bolt|100/100
|-enditem|p1a: Raging Bolt|Booster Energy
|-activate|p1a: Raging Bolt|ability: Protosynthesis|[fromitem]
|-start|p1a: Raging Bolt|protosynthesisspa
|move|p2a: Salazzle|Toxic|p1a: Raging Bolt
|-status|p1a: Raging Bolt|tox
|
|-damage|p1a: Raging Bolt|94/100 tox|[from] psn
|upkeep
|turn|7
|
|t:|1769438394
|move|p2a: Salazzle|Substitute|p2a: Salazzle
|-start|p2a: Salazzle|Substitute
|-damage|p2a: Salazzle|75/100
|move|p1a: Raging Bolt|Draco Meteor|p2a: Salazzle
|-end|p2a: Salazzle|Substitute
|-unboost|p1a: Raging Bolt|spa|2
|
|-damage|p1a: Raging Bolt|82/100 tox|[from] psn
|upkeep
|turn|8
|
|t:|1769438408
|switch|p2a: Clodsire|Clodsire, M|100/100
|move|p1a: Raging Bolt|Thunderbolt|p2a: Clodsire
|-immune|p2a: Clodsire
|
|-damage|p1a: Raging Bolt|63/100 tox|[from] psn
|upkeep
|turn|9
|
|t:|1769438421
|move|p1a: Raging Bolt|Draco Meteor|p2a: Clodsire
|-damage|p2a: Clodsire|50/100
|-unboost|p1a: Raging Bolt|spa|2
|move|p2a: Clodsire|Earthquake|p1a: Raging Bolt
|-supereffective|p1a: Raging Bolt
|-damage|p1a: Raging Bolt|19/100 tox
|
|-heal|p2a: Clodsire|56/100|[from] item: Leftovers
|-damage|p1a: Raging Bolt|0 fnt|[from] psn
|faint|p1a: Raging Bolt
|-end|p1a: Raging Bolt|Protosynthesis|[silent]
|upkeep
|
|t:|1769438435
|switch|p1a: Grimmsnarl|Grimmsnarl, M|100/100
|turn|10
|l|☆romariok3
|inactive|romariok3 disconnected and has a minute to reconnect!
|player|p2|
|j|☆romariok3
|inactive|romariok3 reconnected and has 105 seconds left.
|player|p2|romariok3|unknown|
|
|t:|1769438489
|move|p1a: Grimmsnarl|Trick|p2a: Clodsire
|-activate|p1a: Grimmsnarl|move: Trick|[of] p2a: Clodsire
|-item|p2a: Clodsire|Choice Scarf|[from] move: Trick
|-item|p1a: Grimmsnarl|Leftovers|[from] move: Trick
|move|p2a: Clodsire|Toxic|p1a: Grimmsnarl
|-status|p1a: Grimmsnarl|tox
|
|-damage|p1a: Grimmsnarl|94/100 tox|[from] psn
|upkeep
|turn|11
|inactive|INTZ2902 has 120 seconds left.
|inactive|INTZ2902 has 90 seconds left.
|inactive|INTZ2902 has 60 seconds left.
|
|t:|1769438579
|switch|p2a: Blissey|Blissey, F|100/100
|move|p1a: Grimmsnarl|Parting Shot|p2a: Blissey
|-unboost|p2a: Blissey|atk|1
|-unboost|p2a: Blissey|spa|1
|inactive|INTZ2902 has 60 seconds left.
|
|t:|1769438591
|switch|p1a: Garchomp|Garchomp, F|100/100|[from] Parting Shot
|
|upkeep
|turn|12
|inactive|INTZ2902 has 60 seconds left.
|
|t:|1769438602
|switch|p2a: Clodsire|Clodsire, M|56/100
|move|p1a: Garchomp|Stealth Rock|p2a: Clodsire
|-sidestart|p2: romariok3|move: Stealth Rock
|
|upkeep
|turn|13
|
|t:|1769438610
|switch|p1a: Umbreon|Umbreon, F, tera:Poison|100/100
|move|p2a: Clodsire|Toxic|p1a: Umbreon
|-immune|p1a: Umbreon
|
|upkeep
|turn|14
|inactive|romariok3 has 120 seconds left.
|
|t:|1769438620
|switch|p2a: Salazzle|Salazzle, F|75/100
|move|p1a: Umbreon|Foul Play|p2a: Salazzle
|-damage|p2a: Salazzle|46/100
|
|upkeep
|turn|15
|
|t:|1769438630
|move|p2a: Salazzle|Toxic|p1a: Umbreon
|-status|p1a: Umbreon|tox
|-activate|p1a: Umbreon|ability: Synchronize
|-immune|p2a: Salazzle
|move|p1a: Umbreon|Foul Play|p2a: Salazzle
|-damage|p2a: Salazzle|14/100
|
|-damage|p1a: Umbreon|94/100 tox|[from] psn
|upkeep
|turn|16
|
|t:|1769438642
|switch|p2a: Toxapex|Toxapex, F|100/100 par
|-damage|p2a: Toxapex|88/100 par|[from] Stealth Rock
|move|p1a: Umbreon|Foul Play|p2a: Toxapex
|-damage|p2a: Toxapex|76/100 par
|
|-heal|p1a: Umbreon|100/100 tox|[from] item: Leftovers
|-heal|p2a: Toxapex|82/100 par|[from] item: Black Sludge
|-damage|p1a: Umbreon|88/100 tox|[from] psn
|upkeep
|turn|17
|
|t:|1769438658
|switch|p1a: Garganacl|Garganacl, F|100/100
|move|p2a: Toxapex|Toxic Spikes|p1a: Garganacl
|-sidestart|p1: INTZ2902|move: Toxic Spikes
|
|-heal|p2a: Toxapex|88/100 par|[from] item: Black Sludge
|upkeep
|turn|18
|
|t:|1769438666
|move|p1a: Garganacl|Salt Cure|p2a: Toxapex
|-damage|p2a: Toxapex|79/100 par
|-start|p2a: Toxapex|Salt Cure
|move|p2a: Toxapex|Toxic Spikes|p1a: Garganacl
|-sidestart|p1: INTZ2902|move: Toxic Spikes
|
|-heal|p2a: Toxapex|85/100 par|[from] item: Black Sludge
|-damage|p2a: Toxapex|60/100 par|[from] Salt Cure
|upkeep
|turn|19
|
|t:|1769438677
|switch|p2a: Corviknight|Corviknight, F|100/100
|-damage|p2a: Corviknight|88/100|[from] Stealth Rock
|-ability|p2a: Corviknight|Pressure
|move|p1a: Garganacl|Salt Cure|p2a: Corviknight
|-damage|p2a: Corviknight|78/100
|-start|p2a: Corviknight|Salt Cure
|
|-damage|p2a: Corviknight|53/100|[from] Salt Cure
|upkeep
|turn|20
|
|t:|1769438692
|switch|p1a: Umbreon|Umbreon, F, tera:Poison|88/100 tox
|-sideend|p1: INTZ2902|move: Toxic Spikes|[of] p1a: Umbreon
|move|p2a: Corviknight|Body Press|p1a: Umbreon
|-resisted|p1a: Umbreon
|-damage|p1a: Umbreon|81/100 tox
|
|-heal|p1a: Umbreon|87/100 tox|[from] item: Leftovers
|-damage|p1a: Umbreon|81/100 tox|[from] psn
|-damage|p2a: Corviknight|28/100|[from] Salt Cure
|upkeep
|turn|21
|
|t:|1769438707
|switch|p1a: Garchomp|Garchomp, F|100/100
|move|p2a: Corviknight|Roost|p2a: Corviknight
|-heal|p2a: Corviknight|78/100
|-singleturn|p2a: Corviknight|move: Roost
|
|-damage|p2a: Corviknight|53/100|[from] Salt Cure
|upkeep
|turn|22
|
|t:|1769438717
|switch|p2a: Clodsire|Clodsire, M|56/100
|-damage|p2a: Clodsire|50/100|[from] Stealth Rock
|move|p1a: Garchomp|Earthquake|p2a: Clodsire
|-supereffective|p2a: Clodsire
|-damage|p2a: Clodsire|0 fnt
|faint|p2a: Clodsire
|
|upkeep
|
|t:|1769438725
|switch|p2a: Salazzle|Salazzle, F|14/100
|turn|23
|
|t:|1769438732
|switch|p1a: Garganacl|Garganacl, F|100/100
|move|p2a: Salazzle|Toxic|p1a: Garganacl
|-immune|p1a: Garganacl|[from] ability: Purifying Salt
|
|upkeep
|turn|24
|inactive|INTZ2902 has 90 seconds left.
|
|t:|1769438743
|switch|p2a: Skeledirge|Skeledirge, M|100/100
|move|p1a: Garganacl|Salt Cure|p2a: Skeledirge
|-supereffective|p2a: Skeledirge
|-damage|p2a: Skeledirge|84/100
|-start|p2a: Skeledirge|Salt Cure
|
|-damage|p2a: Skeledirge|72/100|[from] Salt Cure
|upkeep
|turn|25
|
|t:|1769438751
|switch|p1a: Garchomp|Garchomp, F|100/100
|move|p2a: Skeledirge|Torch Song|p1a: Garchomp
|-resisted|p1a: Garchomp
|-damage|p1a: Garchomp|86/100
|-boost|p2a: Skeledirge|spa|1
|
|-damage|p2a: Skeledirge|59/100|[from] Salt Cure
|upkeep
|turn|26
|
|t:|1769438773
|switch|p2a: Corviknight|Corviknight, F|53/100
|-damage|p2a: Corviknight|41/100|[from] Stealth Rock
|-ability|p2a: Corviknight|Pressure
|move|p1a: Garchomp|Earthquake|p2a: Corviknight
|-immune|p2a: Corviknight
|
|upkeep
|turn|27
|
|t:|1769438784
|switch|p1a: Garganacl|Garganacl, F|100/100
|move|p2a: Corviknight|Roost|p2a: Corviknight
|-heal|p2a: Corviknight|91/100
|-singleturn|p2a: Corviknight|move: Roost
|
|upkeep
|turn|28
|
|t:|1769438791
|move|p2a: Corviknight|Defog|p1a: Garganacl
|-unboost|p1a: Garganacl|evasion|1
|-sideend|p2: romariok3|Stealth Rock|[from] move: Defog|[of] p2a: Corviknight
|move|p1a: Garganacl|Salt Cure|p2a: Corviknight
|-damage|p2a: Corviknight|82/100
|-start|p2a: Corviknight|Salt Cure
|
|-damage|p2a: Corviknight|57/100|[from] Salt Cure
|upkeep
|turn|29
|
|t:|1769438799
|switch|p1a: Garchomp|Garchomp, F|86/100
|move|p2a: Corviknight|Body Press|p1a: Garchomp
|-damage|p1a: Garchomp|69/100
|-damage|p2a: Corviknight|44/100|[from] ability: Rough Skin|[of] p1a: Garchomp
|-damage|p2a: Corviknight|28/100|[from] item: Rocky Helmet|[of] p1a: Garchomp
|
|-damage|p2a: Corviknight|3/100|[from] Salt Cure
|upkeep
|turn|30
|
|t:|1769438815
|switch|p2a: Blissey|Blissey, F|100/100
|move|p1a: Garchomp|Stealth Rock|p2a: Blissey
|-sidestart|p2: romariok3|move: Stealth Rock
|
|upkeep
|turn|31
|
|t:|1769438827
|switch|p1a: Umbreon|Umbreon, F, tera:Poison|81/100 tox
|move|p2a: Blissey|Seismic Toss|p1a: Umbreon
|-damage|p1a: Umbreon|56/100 tox
|
|-heal|p1a: Umbreon|62/100 tox|[from] item: Leftovers
|-damage|p1a: Umbreon|56/100 tox|[from] psn
|upkeep
|turn|32
|
|t:|1769438837
|move|p1a: Umbreon|Wish|p1a: Umbreon
|move|p2a: Blissey|Seismic Toss|p1a: Umbreon
|-damage|p1a: Umbreon|30/100 tox
|
|-heal|p1a: Umbreon|37/100 tox|[from] item: Leftovers
|-damage|p1a: Umbreon|24/100 tox|[from] psn
|upkeep
|turn|33
|inactive|INTZ2902 has 120 seconds left.
|
|t:|1769438844
|switch|p1a: Garganacl|Garganacl, F|100/100
|move|p2a: Blissey|Seismic Toss|p1a: Garganacl
|-damage|p1a: Garganacl|76/100
|
|-heal|p1a: Garganacl|100/100|[from] move: Wish|[wisher] Umbreon
|upkeep
|turn|34
|
|t:|1769438855
|move|p2a: Blissey|Seismic Toss|p1a: Garganacl
|-damage|p1a: Garganacl|76/100
|move|p1a: Garganacl|Salt Cure|p2a: Blissey
|-damage|p2a: Blissey|85/100
|-start|p2a: Blissey|Salt Cure
|
|-heal|p1a: Garganacl|82/100|[from] item: Leftovers
|-damage|p2a: Blissey|72/100|[from] Salt Cure
|upkeep
|turn|35
|
|t:|1769438863
|move|p2a: Blissey|Seismic Toss|p1a: Garganacl
|-damage|p1a: Garganacl|57/100
|move|p1a: Garganacl|Salt Cure|p2a: Blissey
|-damage|p2a: Blissey|59/100
|
|-heal|p1a: Garganacl|63/100|[from] item: Leftovers
|-damage|p2a: Blissey|47/100|[from] Salt Cure
|upkeep
|turn|36
|
|t:|1769438874
|switch|p2a: Skeledirge|Skeledirge, M|59/100
|move|p1a: Garganacl|Iron Defense|p1a: Garganacl
|-boost|p1a: Garganacl|def|2
|
|-heal|p1a: Garganacl|70/100|[from] item: Leftovers
|upkeep
|turn|37
|
|t:|1769438880
|move|p2a: Skeledirge|Torch Song|p1a: Garganacl
|-resisted|p1a: Garganacl
|-damage|p1a: Garganacl|59/100
|-boost|p2a: Skeledirge|spa|1
|move|p1a: Garganacl|Salt Cure|p2a: Skeledirge
|-supereffective|p2a: Skeledirge
|-damage|p2a: Skeledirge|42/100
|-start|p2a: Skeledirge|Salt Cure
|
|-heal|p1a: Garganacl|65/100|[from] item: Leftovers
|-damage|p2a: Skeledirge|29/100|[from] Salt Cure
|upkeep
|turn|38
|-message|romariok3 forfeited.
|
|win|INTZ2902
|raw|INTZ2902's rating: 1108 &rarr; <strong>1131</strong><br />(+23 for winning)
|raw|romariok3's rating: 1086 &rarr; <strong>1065</strong><br />(-21 for losing)
|l|☆romariok3
|player|p2|
