|j|☆himynameistanner
|j|☆Phillip Blevin
|t:|1769409487
|gametype|singles
|player|p1|himynameistanner|1|1435
|player|p2|Phillip Blevin|265|1410
|gen|9
|tier|[Gen 9] OU
|rated|
|rule|HP Percentage Mod: HP is shown in percentages
|rule|Endless Battle Clause: Forcing endless battles is banned
|rule|Species Clause: Limit one of each Pokémon
|rule|OHKO Clause: OHKO moves are banned
|rule|Evasion Items Clause: Evasion items are banned
|rule|Evasion Moves Clause: Evasion moves are banned
|rule|Evasion Abilities Clause: Evasion abilities are banned
|rule|Sleep Moves Clause: Sleep-inducing moves are banned
|clearpoke
|poke|p1|Ogerpon-Wellspring, F|
|poke|p1|Slither Wing|
|poke|p1|Iron Moth|
|poke|p1|Glimmora, F|
|poke|p1|Iron Hands|
|poke|p1|Slowking, M|
|poke|p2|Iron Hands|
|poke|p2|Mandibuzz, F|
|poke|p2|Garganacl, M|
|poke|p2|Rillaboom, M|
|poke|p2|Alomomola, M|
|poke|p2|Tornadus-Therian, M|
|teampreview
|inactive|Battle timer is ON: inactive players will automatically lose when time's up. (requested by Phillip Blevin)
|
|t:|1769409496
|teamsize|p1|6
|teamsize|p2|6
|start
|switch|p1a: Ogerpon|Ogerpon-Wellspring, F|100/100
|switch|p2a: Tornadus|Tornadus-Therian, M|100/100
|turn|1
|
|t:|1769409500
|move|p2a: Tornadus|Bleakwind Storm|p1a: Ogerpon
|-supereffective|p1a: Ogerpon
|-damage|p1a: Ogerpon|9/100
|move|p1a: Ogerpon|Trailblaze|p2a: Tornadus
|-resisted|p2a: Tornadus
|-damage|p2a: Tornadus|83/100
|-boost|p1a: Ogerpon|spe|1
|
|upkeep
|turn|2
|
|t:|1769409507
|move|p1a: Ogerpon|Ivy Cudgel|p2a: Tornadus|[anim] Ivy Cudgel Water
|-damage|p2a: Tornadus|15/100
|move|p2a: Tornadus|U-turn|p1a: Ogerpon
|-supereffective|p1a: Ogerpon
|-damage|p1a: Ogerpon|0 fnt
|faint|p1a: Ogerpon
|
|t:|1769409517
|switch|p2a: Iron Hands|Iron Hands|100/100|[from] U-turn
|
|upkeep
|
|t:|1769409524
|switch|p1a: Glimmora|Glimmora, F|100/100
|turn|3
|
|t:|1769409529
|move|p1a: Glimmora|Earth Power|p2a: Iron Hands
|-supereffective|p2a: Iron Hands
|-damage|p2a: Iron Hands|63/100
|move|p2a: Iron Hands|Earthquake|p1a: Glimmora
|-supereffective|p1a: Glimmora
|-damage|p1a: Glimmora|0 fnt
|-activate|p1a: Glimmora|ability: Toxic Debris
|-sidestart|p2: Phillip Blevin|move: Toxic Spikes
|faint|p1a: Glimmora
|
|upkeep
|
|t:|1769409535
|switch|p1a: Iron Moth|Iron Moth|100/100
|-enditem|p1a: Iron Moth|Booster Energy
|-activate|p1a: Iron Moth|ability: Quark Drive|[fromitem]
|-start|p1a: Iron Moth|quarkdrivespe
|turn|4
|
|t:|1769409542
|-end|p2a: Iron Hands|Quark Drive|[silent]
|switch|p2a: Garganacl|Garganacl, M|100/100
|-terastallize|p1a: Iron Moth|Ground
|move|p1a: Iron Moth|Substitute|p1a: Iron Moth
|-start|p1a: Iron Moth|Substitute
|-damage|p1a: Iron Moth|75/100
|
|upkeep
|turn|5
|
|t:|1769409547
|move|p1a: Iron Moth|Fiery Dance|p2a: Garganacl
|-resisted|p2a: Garganacl
|-damage|p2a: Garganacl|87/100
|-boost|p1a: Iron Moth|spa|1
|move|p2a: Garganacl|Salt Cure|p1a: Iron Moth
|-resisted|p1a: Iron Moth
|-activate|p1a: Iron Moth|move: Substitute|[damage]
|
|-heal|p2a: Garganacl|93/100|[from] item: Leftovers
|upkeep
|turn|6
|
|t:|1769409554
|switch|p2a: Alomomola|Alomomola, M|100/100
|move|p1a: Iron Moth|Tera Blast|p2a: Alomomola|[anim] Tera Blast Ground
|-damage|p2a: Alomomola|31/100
|
|upkeep
|turn|7
|
|t:|1769409567
|move|p1a: Iron Moth|Discharge|p2a: Alomomola
|-supereffective|p2a: Alomomola
|-damage|p2a: Alomomola|0 fnt
|faint|p2a: Alomomola
|
|upkeep
|
|t:|1769409573
|switch|p2a: Iron Hands|Iron Hands|63/100
|-status|p2a: Iron Hands|psn
|turn|8
|
|t:|1769409588
|move|p1a: Iron Moth|Tera Blast|p2a: Iron Hands|[anim] Tera Blast Ground
|-supereffective|p2a: Iron Hands
|-damage|p2a: Iron Hands|0 fnt
|faint|p2a: Iron Hands
|-end|p2a: Iron Hands|Quark Drive|[silent]
|
|upkeep
|-message|Phillip Blevin forfeited.
|
|win|himynameistanner
|raw|himynameistanner's rating: 1435 &rarr; <strong>1454</strong><br />(+19 for winning)
|raw|Phillip Blevin's rating: 1410 &rarr; <strong>1391</strong><br />(-19 for losing)
