|j|☆Luleser
|j|☆xiaokayiha
|t:|1769398866
|gametype|singles
|player|p1|Luleser|1|1189
|player|p2|xiaokayiha|hilda-wonderlauncher|1153
|gen|9
|tier|[Gen 9] OU
|rated|
|rule|HP Percentage Mod: HP is shown in percentages
|rule|Endless Battle Clause: Forcing endless battles is banned
|rule|Species Clause: Limit one of each Pokémon
|rule|OHKO Clause: OHKO moves are banned
|rule|Evasion Items Clause: Evasion items are banned
|rule|Evasion Moves Clause: Evasion moves are banned
|rule|Evasion Abilities Clause: Evasion abilities are banned
|rule|Sleep Moves Clause: Sleep-inducing moves are banned
|clearpoke
|poke|p1|Weavile, M|
|poke|p1|Ogerpon-Wellspring, F|
|poke|p1|Azumarill, M|
|poke|p1|Great Tusk|
|poke|p1|Salamence, F|
|poke|p1|Glimmora, F|
|poke|p2|Ceruledge, M|
|poke|p2|Ninetales, F|
|poke|p2|Walking Wake|
|poke|p2|Great Tusk|
|poke|p2|Raging Bolt|
|poke|p2|Cinderace, M|
|teampreview
|
|t:|1769398874
|teamsize|p1|6
|teamsize|p2|6
|start
|switch|p1a: Glimmora|Glimmora, F|100/100
|switch|p2a: 开天手|Ninetales, F|100/100
|-weather|SunnyDay|[from] ability: Drought|[of] p2a: 开天手
|turn|1
|inactive|Battle timer is ON: inactive players will automatically lose when time's up. (requested by Luleser)
|
|t:|1769398897
|switch|p2a: 迅雷|Raging Bolt|100/100
|-activate|p2a: 迅雷|ability: Protosynthesis
|-start|p2a: 迅雷|protosynthesisspa
|move|p1a: Glimmora|Sludge Wave|p2a: 迅雷
|-damage|p2a: 迅雷|38/100
|
|-weather|SunnyDay|[upkeep]
|upkeep
|turn|2
|
|t:|1769398905
|move|p1a: Glimmora|Sludge Wave|p2a: 迅雷
|-damage|p2a: 迅雷|0 fnt
|faint|p2a: 迅雷
|-end|p2a: 迅雷|Protosynthesis|[silent]
|
|-weather|SunnyDay|[upkeep]
|upkeep
|
|t:|1769398909
|switch|p2a: 古代水君|Walking Wake|100/100
|-activate|p2a: 古代水君|ability: Protosynthesis
|-start|p2a: 古代水君|protosynthesisspa
|turn|3
|inactive|Luleser has 120 seconds left.
|
|t:|1769398940
|switch|p1a: Weavile|Weavile, M|100/100
|-ability|p1a: Weavile|Pressure
|move|p2a: 古代水君|Agility|p2a: 古代水君
|-boost|p2a: 古代水君|spe|2
|
|-weather|SunnyDay|[upkeep]
|upkeep
|turn|4
|inactive|Luleser has 120 seconds left.
|
|t:|1769398954
|move|p2a: 古代水君|Weather Ball|p1a: Weavile
|-supereffective|p1a: Weavile
|-enditem|p1a: Weavile|Focus Sash
|-damage|p1a: Weavile|1/100
|-damage|p2a: 古代水君|91/100|[from] item: Life Orb
|move|p1a: Weavile|Knock Off|p2a: 古代水君
|-damage|p2a: 古代水君|47/100
|-enditem|p2a: 古代水君|Life Orb|[from] move: Knock Off|[of] p1a: Weavile
|
|-weather|SunnyDay|[upkeep]
|upkeep
|turn|5
|inactive|Luleser has 120 seconds left.
|
|t:|1769398969
|move|p1a: Weavile|Ice Shard|p2a: 古代水君
|-damage|p2a: 古代水君|30/100
|move|p2a: 古代水君|Hydro Steam|p1a: Weavile
|-damage|p1a: Weavile|0 fnt
|faint|p1a: Weavile
|
|-weather|SunnyDay|[upkeep]
|upkeep
|
|t:|1769398980
|switch|p1a: Salamence|Salamence, F|100/100
|turn|6
|
|t:|1769398997
|-terastallize|p1a: Salamence|Fairy
|move|p2a: 古代水君|Draco Meteor|p1a: Salamence
|-immune|p1a: Salamence
|move|p1a: Salamence|Outrage|p2a: 古代水君
|-supereffective|p2a: 古代水君
|-damage|p2a: 古代水君|0 fnt
|faint|p2a: 古代水君
|-end|p2a: 古代水君|Protosynthesis|[silent]
|-ability|p1a: Salamence|Moxie|boost
|-boost|p1a: Salamence|atk|1
|
|-weather|SunnyDay|[upkeep]
|upkeep
|inactive|xiaokayiha has 120 seconds left.
|
|t:|1769399025
|switch|p2a: 好垃圾的格斗|Great Tusk|100/100
|-activate|p2a: 好垃圾的格斗|ability: Protosynthesis
|-start|p2a: 好垃圾的格斗|protosynthesisatk
|turn|7
|inactive|xiaokayiha has 120 seconds left.
|inactive|Luleser has 120 seconds left.
|
|t:|1769399042
|move|p1a: Salamence|Outrage|p2a: 好垃圾的格斗|[from] lockedmove
|-damage|p2a: 好垃圾的格斗|26/100
|-enditem|p2a: 好垃圾的格斗|Sitrus Berry|[eat]
|-heal|p2a: 好垃圾的格斗|51/100|[from] item: Sitrus Berry
|move|p2a: 好垃圾的格斗|Headlong Rush|p1a: Salamence
|-damage|p1a: Salamence|0 fnt
|-unboost|p2a: 好垃圾的格斗|def|1
|-unboost|p2a: 好垃圾的格斗|spd|1
|faint|p1a: Salamence
|
|-weather|SunnyDay|[upkeep]
|upkeep
|
|t:|1769399071
|switch|p1a: Glimmora|Glimmora, F|100/100
|turn|8
|inactive|xiaokayiha has 120 seconds left.
|
|t:|1769399092
|move|p1a: Glimmora|Earth Power|p2a: 好垃圾的格斗
|-crit|p2a: 好垃圾的格斗
|-damage|p2a: 好垃圾的格斗|0 fnt
|faint|p2a: 好垃圾的格斗
|-end|p2a: 好垃圾的格斗|Protosynthesis|[silent]
|
|-weather|none
|upkeep
|
|t:|1769399096
|switch|p2a: 开天手|Ninetales, F|100/100
|-weather|SunnyDay|[from] ability: Drought|[of] p2a: 开天手
|turn|9
|
|t:|1769399102
|switch|p2a: 男足|Cinderace, M, shiny|100/100
|move|p1a: Glimmora|Earth Power|p2a: 男足
|-supereffective|p2a: 男足
|-damage|p2a: 男足|0 fnt
|faint|p2a: 男足
|
|-weather|SunnyDay|[upkeep]
|upkeep
|
|t:|1769399110
|switch|p2a: 开天手|Ninetales, F|100/100
|turn|10
|
|t:|1769399113
|move|p2a: 开天手|Weather Ball|p1a: Glimmora
|-resisted|p1a: Glimmora
|-damage|p1a: Glimmora|62/100
|move|p1a: Glimmora|Earth Power|p2a: 开天手
|-supereffective|p2a: 开天手
|-damage|p2a: 开天手|0 fnt
|faint|p2a: 开天手
|
|-weather|SunnyDay|[upkeep]
|upkeep
|inactive|xiaokayiha has 120 seconds left.
|
|t:|1769399140
|switch|p2a: 开什么玩笑啊！|Ceruledge, M|100/100
|turn|11
|
|t:|1769399146
|move|p1a: Glimmora|Earth Power|p2a: 开什么玩笑啊！
|-supereffective|p2a: 开什么玩笑啊！
|-enditem|p2a: 开什么玩笑啊！|Focus Sash
|-damage|p2a: 开什么玩笑啊！|1/100
|move|p2a: 开什么玩笑啊！|Swords Dance|p2a: 开什么玩笑啊！
|-boost|p2a: 开什么玩笑啊！|atk|2
|
|-weather|SunnyDay|[upkeep]
|upkeep
|turn|12
|
|t:|1769399158
|move|p1a: Glimmora|Earth Power|p2a: 开什么玩笑啊！
|-supereffective|p2a: 开什么玩笑啊！
|-damage|p2a: 开什么玩笑啊！|0 fnt
|faint|p2a: 开什么玩笑啊！
|
|win|Luleser
|raw|Luleser's rating: 1189 &rarr; <strong>1211</strong><br />(+22 for winning)
|raw|xiaokayiha's rating: 1153 &rarr; <strong>1131</strong><br />(-22 for losing)
