|j|☆monoev
|j|☆ch33ky20
|t:|1769295082
|gametype|singles
|player|p1|monoev|youngcouple-gen4dp|1381
|player|p2|ch33ky20|266|1434
|gen|9
|tier|[Gen 9] OU
|rated|
|rule|HP Percentage Mod: HP is shown in percentages
|rule|Endless Battle Clause: Forcing endless battles is banned
|rule|Species Clause: Limit one of each Pokémon
|rule|OHKO Clause: OHKO moves are banned
|rule|Evasion Items Clause: Evasion items are banned
|rule|Evasion Moves Clause: Evasion moves are banned
|rule|Evasion Abilities Clause: Evasion abilities are banned
|rule|Sleep Moves Clause: Sleep-inducing moves are banned
|clearpoke
|poke|p1|Ceruledge, F|
|poke|p1|Corviknight, M|
|poke|p1|Chansey, F|
|poke|p1|Greninja-*, M|
|poke|p1|Rhyperior, M|
|poke|p1|Dragapult, M|
|poke|p2|Iron Valiant|
|poke|p2|Excadrill, M|
|poke|p2|Tyranitar, M|
|poke|p2|Tornadus-Therian, M|
|poke|p2|Ogerpon-Cornerstone, F|
|poke|p2|Toxapex, M|
|teampreview
|inactive|Battle timer is ON: inactive players will automatically lose when time's up. (requested by monoev)
|
|t:|1769295103
|teamsize|p1|6
|teamsize|p2|6
|start
|switch|p1a: Dragapult|Dragapult, M|100/100
|switch|p2a: THE GOAT|Tyranitar, M, shiny|100/100
|-weather|Sandstorm|[from] ability: Sand Stream|[of] p2a: THE GOAT
|turn|1
|
|t:|1769295111
|move|p1a: Dragapult|U-turn|p2a: THE GOAT
|-supereffective|p2a: THE GOAT
|-damage|p2a: THE GOAT|69/100
|
|t:|1769295119
|switch|p1a: Rhyperior|Rhyperior, M|100/100|[from] U-turn
|move|p2a: THE GOAT|Knock Off|p1a: Rhyperior
|-damage|p1a: Rhyperior|62/100
|-enditem|p1a: Rhyperior|Assault Vest|[from] move: Knock Off|[of] p2a: THE GOAT
|
|-weather|Sandstorm|[upkeep]
|upkeep
|turn|2
|
|t:|1769295131
|switch|p2a: Fug|Tornadus-Therian, M, shiny|100/100
|move|p1a: Rhyperior|Stone Edge|p2a: Fug
|-supereffective|p2a: Fug
|-damage|p2a: Fug|0 fnt
|faint|p2a: Fug
|
|-weather|Sandstorm|[upkeep]
|upkeep
|c|☆ch33ky20|o
|c|☆ch33ky20|im ass
|
|t:|1769295140
|switch|p2a: Simon|Excadrill, M|100/100
|turn|3
|c|☆monoev|in your defense a lot of ppl do it
|
|t:|1769295151
|move|p2a: Simon|Earthquake|p1a: Rhyperior
|-supereffective|p1a: Rhyperior
|-damage|p1a: Rhyperior|2/100
|move|p1a: Rhyperior|Earthquake|p2a: Simon
|-supereffective|p2a: Simon
|-crit|p2a: Simon
|-damage|p2a: Simon|0 fnt
|faint|p2a: Simon
|
|-weather|Sandstorm|[upkeep]
|upkeep
|c|☆ch33ky20|im ass again
|c|☆monoev|ryp is a beast
|
|t:|1769295169
|switch|p2a: Uga Chaka|Ogerpon-Cornerstone, F|100/100
|turn|4
|c|☆ch33ky20|lmao agreed
|c|☆ch33ky20|nobody uses it
|c|☆monoev|im an unc
|
|t:|1769295184
|move|p2a: Uga Chaka|Knock Off|p1a: Rhyperior
|-damage|p1a: Rhyperior|0 fnt
|faint|p1a: Rhyperior
|
|-weather|Sandstorm|[upkeep]
|upkeep
|c|☆ch33ky20|i see
|c|☆monoev|getting ledge on this team was a stretch
|
|t:|1769295193
|switch|p1a: Greninja|Greninja, M|100/100
|turn|5
|c|☆ch33ky20|the evio chansey
|c|☆monoev|glhf
|
|t:|1769295203
|switch|p1a: Corviknight|Corviknight, M|100/100
|move|p2a: Uga Chaka|Power Whip|p1a: Corviknight
|-resisted|p1a: Corviknight
|-damage|p1a: Corviknight|91/100
|-damage|p2a: Uga Chaka|84/100|[from] item: Rocky Helmet|[of] p1a: Corviknight
|
|-weather|Sandstorm|[upkeep]
|upkeep
|turn|6
|
|t:|1769295212
|switch|p2a: chud|Toxapex, M, shiny|100/100
|move|p1a: Corviknight|U-turn|p2a: chud
|-resisted|p2a: chud
|-damage|p2a: chud|95/100
|-enditem|p2a: chud|Eject Button
|
|t:|1769295217
|switch|p2a: would|Iron Valiant, shiny|100/100
|
|-weather|Sandstorm|[upkeep]
|-damage|p2a: would|94/100|[from] Sandstorm
|upkeep
|turn|7
|
|t:|1769295220
|move|p2a: would|Thunderbolt|p1a: Corviknight
|-supereffective|p1a: Corviknight
|-damage|p1a: Corviknight|5/100
|move|p1a: Corviknight|Brave Bird|p2a: would
|-supereffective|p2a: would
|-damage|p2a: would|0 fnt
|faint|p2a: would
|-end|p2a: would|Quark Drive|[silent]
|-damage|p1a: Corviknight|0 fnt|[from] Recoil
|faint|p1a: Corviknight
|
|-weather|Sandstorm|[upkeep]
|upkeep
|c|☆ch33ky20|wow
|c|☆monoev|sorry brother
|c|☆ch33ky20|my pokemon are bums that cant get a KO
|
|t:|1769295244
|switch|p2a: chud|Toxapex, M, shiny|100/100
|switch|p1a: Dragapult|Dragapult, M|100/100
|turn|8
|c|☆monoev|rhy was definitely ivs, that one I think was a lucky low roll
|
|t:|1769295264
|move|p1a: Dragapult|Shadow Ball|p2a: chud
|-damage|p2a: chud|61/100
|move|p2a: chud|Toxic Spikes|p1a: Dragapult
|-sidestart|p1: monoev|move: Toxic Spikes
|
|-weather|none
|upkeep
|turn|9
|c|☆ch33ky20|either way it is what it is haha
|
|t:|1769295277
|move|p1a: Dragapult|Shadow Ball|p2a: chud
|-damage|p2a: chud|25/100
|move|p2a: chud|Toxic Spikes|p1a: Dragapult
|-sidestart|p1: monoev|move: Toxic Spikes
|
|upkeep
|turn|10
|
|t:|1769295280
|switch|p2a: THE GOAT|Tyranitar, M, shiny|69/100
|-weather|Sandstorm|[from] ability: Sand Stream|[of] p2a: THE GOAT
|move|p1a: Dragapult|Shadow Ball|p2a: THE GOAT
|-resisted|p2a: THE GOAT
|-damage|p2a: THE GOAT|53/100
|-unboost|p2a: THE GOAT|spd|1
|
|-weather|Sandstorm|[upkeep]
|-damage|p1a: Dragapult|95/100|[from] Sandstorm
|upkeep
|turn|11
|
|t:|1769295291
|switch|p1a: Chansey|Chansey, F|100/100
|-status|p1a: Chansey|tox
|move|p2a: THE GOAT|Knock Off|p1a: Chansey
|-crit|p1a: Chansey
|-damage|p1a: Chansey|48/100 tox
|-enditem|p1a: Chansey|Eviolite|[from] move: Knock Off|[of] p2a: THE GOAT
|
|-weather|Sandstorm|[upkeep]
|-damage|p1a: Chansey|42/100 tox|[from] Sandstorm
|-damage|p1a: Chansey|36/100 tox|[from] psn
|upkeep
|turn|12
|
|t:|1769295293
|move|p2a: THE GOAT|Stealth Rock|p1a: Chansey
|-sidestart|p1: monoev|move: Stealth Rock
|move|p1a: Chansey|Thunder Wave|p2a: THE GOAT
|-status|p2a: THE GOAT|par
|
|-weather|Sandstorm|[upkeep]
|-damage|p1a: Chansey|30/100 tox|[from] Sandstorm
|-damage|p1a: Chansey|18/100 tox|[from] psn
|upkeep
|turn|13
|
|t:|1769295303
|move|p1a: Chansey|Seismic Toss|p2a: THE GOAT
|-damage|p2a: THE GOAT|23/100 par
|cant|p2a: THE GOAT|par
|
|-weather|Sandstorm|[upkeep]
|-damage|p1a: Chansey|12/100 tox|[from] Sandstorm
|-damage|p1a: Chansey|0 fnt|[from] psn
|faint|p1a: Chansey
|upkeep
|
|t:|1769295314
|switch|p1a: Greninja|Greninja, M|100/100
|-status|p1a: Greninja|tox
|-damage|p1a: Greninja|88/100 tox|[from] Stealth Rock
|turn|14
|
|t:|1769295322
|switch|p2a: chud|Toxapex, M, shiny|59/100
|move|p1a: Greninja|Water Shuriken|p2a: chud
|-resisted|p2a: chud
|-damage|p2a: chud|56/100
|-resisted|p2a: chud
|-damage|p2a: chud|53/100
|-resisted|p2a: chud
|-damage|p2a: chud|50/100
|-resisted|p2a: chud
|-damage|p2a: chud|47/100
|-resisted|p2a: chud
|-damage|p2a: chud|44/100
|-hitcount|p2a: chud|5
|
|-weather|Sandstorm|[upkeep]
|-damage|p1a: Greninja|82/100 tox|[from] Sandstorm
|-damage|p2a: chud|38/100|[from] Sandstorm
|-damage|p1a: Greninja|76/100 tox|[from] psn
|upkeep
|turn|15
|
|t:|1769295326
|move|p1a: Greninja|Dark Pulse|p2a: chud
|-damage|p2a: chud|10/100
|move|p2a: chud|Recover|p2a: chud
|-heal|p2a: chud|61/100
|
|-weather|Sandstorm|[upkeep]
|-damage|p1a: Greninja|70/100 tox|[from] Sandstorm
|-damage|p2a: chud|55/100|[from] Sandstorm
|-damage|p1a: Greninja|58/100 tox|[from] psn
|upkeep
|turn|16
|
|t:|1769295338
|switch|p1a: Ceruledge|Ceruledge, F, shiny|100/100
|-status|p1a: Ceruledge|tox
|-damage|p1a: Ceruledge|76/100 tox|[from] Stealth Rock
|move|p2a: chud|Recover|p2a: chud
|-heal|p2a: chud|100/100
|
|-weather|Sandstorm|[upkeep]
|-damage|p1a: Ceruledge|70/100 tox|[from] Sandstorm
|-damage|p2a: chud|95/100|[from] Sandstorm
|-heal|p1a: Ceruledge|76/100 tox|[from] item: Leftovers
|-damage|p1a: Ceruledge|70/100 tox|[from] psn
|upkeep
|turn|17
|
|t:|1769295341
|move|p1a: Ceruledge|Bulk Up|p1a: Ceruledge
|-boost|p1a: Ceruledge|atk|1
|-boost|p1a: Ceruledge|def|1
|move|p2a: chud|Haze|p2a: chud
|-clearallboost
|
|-weather|none
|-heal|p1a: Ceruledge|76/100 tox|[from] item: Leftovers
|-damage|p1a: Ceruledge|63/100 tox|[from] psn
|upkeep
|turn|18
|c|☆ch33ky20|goat pex
|
|t:|1769295351
|move|p1a: Ceruledge|Poltergeist||[still]
|-fail|p1a: Ceruledge
|move|p2a: chud|Haze|p2a: chud
|-clearallboost
|
|-heal|p1a: Ceruledge|70/100 tox|[from] item: Leftovers
|-damage|p1a: Ceruledge|51/100 tox|[from] psn
|upkeep
|turn|19
|c|☆monoev|idt i got pex
|c|☆monoev|that's a good build
|c|☆ch33ky20|PTSD from Sun Moon
|
|t:|1769295376
|switch|p1a: Dragapult|Dragapult, M|95/100
|-status|p1a: Dragapult|tox
|-damage|p1a: Dragapult|82/100 tox|[from] Stealth Rock
|move|p2a: chud|Haze|p2a: chud
|-clearallboost
|
|-damage|p1a: Dragapult|76/100 tox|[from] psn
|upkeep
|turn|20
|c|☆monoev|yea him and ting lu my least fav moderns
|
|t:|1769295382
|move|p1a: Dragapult|Draco Meteor|p2a: chud
|-damage|p2a: chud|40/100
|-unboost|p1a: Dragapult|spa|2
|move|p2a: chud|Recover|p2a: chud
|-heal|p2a: chud|90/100
|
|-damage|p1a: Dragapult|64/100 tox|[from] psn
|upkeep
|turn|21
|c|☆ch33ky20|u forget about garg
|c|☆ch33ky20|thats my least fave
|c|☆monoev|(i consider anything past gen 5 irrelevant)
|c|☆monoev|yea Rhy handles that dude
|c|☆monoev|recommend
|c|☆monoev|ggs man
|c|☆ch33ky20|ggs bro fun team
|c|☆ch33ky20|loved the rhy
|-message|monoev forfeited.
|
|win|ch33ky20
|raw|monoev's rating: 1381 &rarr; <strong>1364</strong><br />(-17 for losing)
|raw|ch33ky20's rating: 1434 &rarr; <strong>1451</strong><br />(+17 for winning)
|l|☆monoev
|player|p1|
|l|☆ch33ky20
|player|p2|
