|j|☆Yaoshi
|j|☆bvbjonas98
|t:|1769444155
|gametype|singles
|player|p1|Yaoshi|silver-masters|1622
|player|p2|bvbjonas98|wattson|1607
|gen|9
|tier|[Gen 9] OU
|rated|
|rule|HP Percentage Mod: HP is shown in percentages
|rule|Endless Battle Clause: Forcing endless battles is banned
|rule|Species Clause: Limit one of each Pokémon
|rule|OHKO Clause: OHKO moves are banned
|rule|Evasion Items Clause: Evasion items are banned
|rule|Evasion Moves Clause: Evasion moves are banned
|rule|Evasion Abilities Clause: Evasion abilities are banned
|rule|Sleep Moves Clause: Sleep-inducing moves are banned
|clearpoke
|poke|p1|Cinderace, F|
|poke|p1|Dragonite, M|
|poke|p1|Iron Valiant|
|poke|p1|Snorlax, F|
|poke|p1|Primarina, F|
|poke|p1|Skarmory, M|
|poke|p2|Ceruledge, F|
|poke|p2|Clefable, M|
|poke|p2|Corviknight, F|
|poke|p2|Rotom-Wash|
|poke|p2|Clodsire, F|
|poke|p2|Meowscarada, M|
|teampreview
|inactive|Battle timer is ON: inactive players will automatically lose when time's up. (requested by Yaoshi)
|
|t:|1769444184
|teamsize|p1|6
|teamsize|p2|6
|start
|switch|p1a: One Hit Wonder|Cinderace, F|100/100
|switch|p2a: Rotom|Rotom-Wash|100/100
|turn|1
|j| ZeeRequiem
|
|t:|1769444193
|switch|p1a: Homerun|Snorlax, F, shiny|100/100
|move|p2a: Rotom|Volt Switch|p1a: Homerun
|-damage|p1a: Homerun|86/100
|
|t:|1769444200
|switch|p2a: Meowscarada|Meowscarada, M|100/100|[from] Volt Switch
|
|upkeep
|turn|2
|
|t:|1769444206
|switch|p1a: Skarmory|Skarmory, M|100/100
|move|p2a: Meowscarada|Knock Off|p1a: Skarmory
|-start|p2a: Meowscarada|typechange|Dark|[from] ability: Protean
|-damage|p1a: Skarmory|73/100
|-damage|p2a: Meowscarada|84/100|[from] item: Rocky Helmet|[of] p1a: Skarmory
|-enditem|p1a: Skarmory|Rocky Helmet|[from] move: Knock Off|[of] p2a: Meowscarada
|
|upkeep
|turn|3
|c| ZeeRequiem|I remember this team
|c| ZeeRequiem|Just not the skarmory
|
|t:|1769444228
|switch|p1a: Babe Ruth|Iron Valiant, shiny|100/100
|-enditem|p1a: Babe Ruth|Booster Energy
|-activate|p1a: Babe Ruth|ability: Quark Drive|[fromitem]
|-start|p1a: Babe Ruth|quarkdrivespe
|move|p2a: Meowscarada|U-turn|p1a: Babe Ruth
|-resisted|p1a: Babe Ruth
|-damage|p1a: Babe Ruth|94/100
|inactive|bvbjonas98 has 120 seconds left.
|c|☆Yaoshi|used to be rai rather than val
|
|t:|1769444247
|switch|p2a: Clodsire|Clodsire, F|100/100|[from] U-turn
|
|upkeep
|turn|4
|
|t:|1769444252
|-end|p1a: Babe Ruth|Quark Drive|[silent]
|switch|p1a: Skarmory|Skarmory, M|73/100
|move|p2a: Clodsire|Toxic|p1a: Skarmory
|-immune|p1a: Skarmory
|
|upkeep
|turn|5
|
|t:|1769444257
|switch|p1a: Babe Ruth|Iron Valiant, shiny|94/100
|move|p2a: Clodsire|Stealth Rock|p1a: Babe Ruth
|-sidestart|p1: Yaoshi|move: Stealth Rock
|
|upkeep
|turn|6
|
|t:|1769444263
|switch|p2a: Clefable|Clefable, M|100/100
|move|p1a: Babe Ruth|Encore||[still]
|-fail|p1a: Babe Ruth
|
|upkeep
|turn|7
|
|t:|1769444271
|move|p1a: Babe Ruth|Destiny Bond|p1a: Babe Ruth
|-singlemove|p1a: Babe Ruth|Destiny Bond
|move|p2a: Clefable|Moonblast|p1a: Babe Ruth
|-supereffective|p1a: Babe Ruth
|-crit|p1a: Babe Ruth
|-damage|p1a: Babe Ruth|0 fnt
|faint|p1a: Babe Ruth
|-activate|p1a: Babe Ruth|move: Destiny Bond
|-end|p1a: Babe Ruth|Quark Drive|[silent]
|faint|p2a: Clefable
|
|upkeep
|
|t:|1769444280
|switch|p1a: One Hit Wonder|Cinderace, F|100/100
|switch|p2a: Rotom|Rotom-Wash|100/100
|turn|8
|
|t:|1769444286
|switch|p1a: Homerun|Snorlax, F, shiny|86/100
|-damage|p1a: Homerun|74/100|[from] Stealth Rock
|move|p2a: Rotom|Hydro Pump|p1a: Homerun
|-damage|p1a: Homerun|49/100
|-enditem|p1a: Homerun|Figy Berry|[eat]
|-heal|p1a: Homerun|82/100|[from] item: Figy Berry
|
|upkeep
|turn|9
|
|t:|1769444296
|switch|p2a: Corviknight|Corviknight, F|100/100
|switch|p1a: Ayami Sato|Primarina, F, shiny|100/100
|-damage|p1a: Ayami Sato|88/100|[from] Stealth Rock
|
|-heal|p1a: Ayami Sato|94/100|[from] item: Leftovers
|upkeep
|turn|10
|
|t:|1769444304
|move|p2a: Corviknight|U-turn|p1a: Ayami Sato
|-resisted|p1a: Ayami Sato
|-crit|p1a: Ayami Sato
|-damage|p1a: Ayami Sato|86/100
|
|t:|1769444309
|switch|p2a: Clodsire|Clodsire, F|100/100|[from] U-turn
|move|p1a: Ayami Sato|Calm Mind|p1a: Ayami Sato
|-boost|p1a: Ayami Sato|spa|1
|-boost|p1a: Ayami Sato|spd|1
|
|-heal|p1a: Ayami Sato|92/100|[from] item: Leftovers
|upkeep
|turn|11
|l| ZeeRequiem
|
|t:|1769444317
|-terastallize|p1a: Ayami Sato|Poison
|move|p1a: Ayami Sato|Calm Mind|p1a: Ayami Sato
|-boost|p1a: Ayami Sato|spa|1
|-boost|p1a: Ayami Sato|spd|1
|move|p2a: Clodsire|Toxic|p1a: Ayami Sato
|-immune|p1a: Ayami Sato
|
|-heal|p1a: Ayami Sato|98/100|[from] item: Leftovers
|upkeep
|turn|12
|
|t:|1769444325
|move|p1a: Ayami Sato|Psychic|p2a: Clodsire
|-supereffective|p2a: Clodsire
|-damage|p2a: Clodsire|47/100
|-unboost|p2a: Clodsire|spd|1
|move|p2a: Clodsire|Earthquake|p1a: Ayami Sato
|-supereffective|p1a: Ayami Sato
|-damage|p1a: Ayami Sato|55/100
|
|-heal|p1a: Ayami Sato|61/100|[from] item: Leftovers
|-heal|p2a: Clodsire|53/100|[from] item: Black Sludge
|upkeep
|turn|13
|
|t:|1769444343
|-terastallize|p2a: Clodsire|Dark
|move|p1a: Ayami Sato|Psychic|p2a: Clodsire
|-immune|p2a: Clodsire
|move|p2a: Clodsire|Earthquake|p1a: Ayami Sato
|-supereffective|p1a: Ayami Sato
|-damage|p1a: Ayami Sato|16/100
|
|-heal|p1a: Ayami Sato|22/100|[from] item: Leftovers
|-damage|p2a: Clodsire|41/100|[from] item: Black Sludge
|upkeep
|turn|14
|
|t:|1769444354
|switch|p2a: Corviknight|Corviknight, F|100/100
|move|p1a: Ayami Sato|Draining Kiss|p2a: Corviknight
|-resisted|p2a: Corviknight
|-damage|p2a: Corviknight|80/100
|-heal|p1a: Ayami Sato|39/100|[from] drain|[of] p2a: Corviknight
|-damage|p1a: Ayami Sato|23/100|[from] item: Rocky Helmet|[of] p2a: Corviknight
|
|-heal|p1a: Ayami Sato|29/100|[from] item: Leftovers
|upkeep
|turn|15
|
|t:|1769444364
|move|p2a: Corviknight|U-turn|p1a: Ayami Sato
|-resisted|p1a: Ayami Sato
|-damage|p1a: Ayami Sato|22/100
|
|t:|1769444370
|switch|p2a: Clodsire|Clodsire, F, tera:Dark|41/100|[from] U-turn
|move|p1a: Ayami Sato|Psychic Noise|p2a: Clodsire
|-heal|p2a: Clodsire|66/100|[from] ability: Water Absorb|[of] p1a: Ayami Sato
|
|-heal|p1a: Ayami Sato|29/100|[from] item: Leftovers
|-damage|p2a: Clodsire|53/100|[from] item: Black Sludge
|upkeep
|turn|16
|
|t:|1769444379
|move|p1a: Ayami Sato|Draining Kiss|p2a: Clodsire
|-supereffective|p2a: Clodsire
|-damage|p2a: Clodsire|6/100
|-heal|p1a: Ayami Sato|74/100|[from] drain|[of] p2a: Clodsire
|move|p2a: Clodsire|Earthquake|p1a: Ayami Sato
|-supereffective|p1a: Ayami Sato
|-damage|p1a: Ayami Sato|27/100
|
|-heal|p1a: Ayami Sato|33/100|[from] item: Leftovers
|-damage|p2a: Clodsire|0 fnt|[from] item: Black Sludge
|faint|p2a: Clodsire
|upkeep
|c|☆Yaoshi|id go with leftovers
|
|t:|1769444392
|switch|p2a: Meowscarada|Meowscarada, M|84/100
|turn|17
|c|☆Yaoshi|since uh
|c|☆Yaoshi|ye
|
|t:|1769444408
|move|p2a: Meowscarada|Knock Off|p1a: Ayami Sato
|-start|p2a: Meowscarada|typechange|Dark|[from] ability: Protean
|-damage|p1a: Ayami Sato|0 fnt
|-enditem|p1a: Ayami Sato|Leftovers|[from] move: Knock Off|[of] p2a: Meowscarada
|faint|p1a: Ayami Sato
|
|upkeep
|
|t:|1769444411
|switch|p1a: One Hit Wonder|Cinderace, F|100/100
|turn|18
|c|☆bvbjonas98|its just for trick gholdengo
|
|t:|1769444418
|switch|p2a: Ceruledge|Ceruledge, F, shiny|100/100
|move|p1a: One Hit Wonder|Court Change|p1a: One Hit Wonder
|-start|p1a: One Hit Wonder|typechange|Normal|[from] ability: Libero
|-swapsideconditions
|-activate|p1a: One Hit Wonder|move: Court Change
|
|upkeep
|turn|19
|
|t:|1769444427
|switch|p1a: Ohtani|Dragonite, M|100/100
|move|p2a: Ceruledge|Taunt|p1a: Ohtani
|-start|p1a: Ohtani|move: Taunt
|
|upkeep
|turn|20
|
|t:|1769444434
|switch|p2a: Corviknight|Corviknight, F|80/100
|-damage|p2a: Corviknight|67/100|[from] Stealth Rock
|move|p1a: Ohtani|Outrage|p2a: Corviknight
|-resisted|p2a: Corviknight
|-damage|p2a: Corviknight|36/100
|-damage|p1a: Ohtani|84/100|[from] item: Rocky Helmet|[of] p2a: Corviknight
|
|upkeep
|turn|21
|
|t:|1769444442
|move|p1a: Ohtani|Outrage|p2a: Corviknight|[from] lockedmove
|-resisted|p2a: Corviknight
|-damage|p2a: Corviknight|7/100
|-damage|p1a: Ohtani|67/100|[from] item: Rocky Helmet|[of] p2a: Corviknight
|move|p2a: Corviknight|Roost|p2a: Corviknight
|-heal|p2a: Corviknight|57/100
|-singleturn|p2a: Corviknight|move: Roost
|
|-end|p1a: Ohtani|move: Taunt
|upkeep
|turn|22
|
|t:|1769444452
|move|p1a: Ohtani|Outrage|p2a: Corviknight|[from] lockedmove
|-resisted|p2a: Corviknight
|-damage|p2a: Corviknight|27/100
|-damage|p1a: Ohtani|51/100|[from] item: Rocky Helmet|[of] p2a: Corviknight
|-start|p1a: Ohtani|confusion|[fatigue]
|move|p2a: Corviknight|Roost|p2a: Corviknight
|-heal|p2a: Corviknight|77/100
|-singleturn|p2a: Corviknight|move: Roost
|
|upkeep
|turn|23
|
|t:|1769444462
|switch|p1a: One Hit Wonder|Cinderace, F|100/100
|move|p2a: Corviknight|Defog|p1a: One Hit Wonder
|-unboost|p1a: One Hit Wonder|evasion|1
|-sideend|p2: bvbjonas98|Stealth Rock|[from] move: Defog|[of] p2a: Corviknight
|
|upkeep
|turn|24
|
|t:|1769444469
|switch|p2a: Ceruledge|Ceruledge, F, shiny|100/100
|move|p1a: One Hit Wonder|Pyro Ball|p2a: Ceruledge
|-start|p2a: Ceruledge|ability: Flash Fire
|
|upkeep
|turn|25
|
|t:|1769444476
|move|p1a: One Hit Wonder|Zen Headbutt|p2a: Ceruledge
|-start|p1a: One Hit Wonder|typechange|Psychic|[from] ability: Libero
|-damage|p2a: Ceruledge|54/100
|move|p2a: Ceruledge|Bulk Up|p2a: Ceruledge
|-boost|p2a: Ceruledge|atk|1
|-boost|p2a: Ceruledge|def|1
|
|-heal|p2a: Ceruledge|60/100|[from] item: Leftovers
|upkeep
|turn|26
|
|t:|1769444485
|move|p1a: One Hit Wonder|Zen Headbutt|p2a: Ceruledge
|-damage|p2a: Ceruledge|29/100
|move|p2a: Ceruledge|Bitter Blade|p1a: One Hit Wonder
|-damage|p1a: One Hit Wonder|0 fnt
|-heal|p2a: Ceruledge|72/100|[from] drain|[of] p1a: One Hit Wonder
|faint|p1a: One Hit Wonder
|
|-heal|p2a: Ceruledge|79/100|[from] item: Leftovers
|upkeep
|
|t:|1769444490
|switch|p1a: Ohtani|Dragonite, M|51/100
|turn|27
|
|t:|1769444498
|-end|p2a: Ceruledge|ability: Flash Fire|[silent]
|switch|p2a: Corviknight|Corviknight, F|77/100
|switch|p1a: Skarmory|Skarmory, M|73/100
|
|upkeep
|turn|28
|
|t:|1769444505
|move|p1a: Skarmory|Roost|p1a: Skarmory
|-heal|p1a: Skarmory|100/100
|-singleturn|p1a: Skarmory|move: Roost
|move|p2a: Corviknight|U-turn|p1a: Skarmory
|-resisted|p1a: Skarmory
|-damage|p1a: Skarmory|96/100
|
|t:|1769444514
|switch|p2a: Rotom|Rotom-Wash|100/100|[from] U-turn
|
|upkeep
|turn|29
|
|t:|1769444518
|switch|p1a: Homerun|Snorlax, F, shiny|82/100
|move|p2a: Rotom|Volt Switch|p1a: Homerun
|-damage|p1a: Homerun|68/100
|
|t:|1769444525
|switch|p2a: Meowscarada|Meowscarada, M|84/100|[from] Volt Switch
|
|upkeep
|turn|30
|
|t:|1769444529
|move|p2a: Meowscarada|U-turn|p1a: Homerun
|-start|p2a: Meowscarada|typechange|Bug|[from] ability: Protean
|-damage|p1a: Homerun|38/100
|
|t:|1769444534
|switch|p2a: Corviknight|Corviknight, F|77/100|[from] U-turn
|move|p1a: Homerun|Body Slam|p2a: Corviknight
|-resisted|p2a: Corviknight
|-damage|p2a: Corviknight|66/100
|-damage|p1a: Homerun|21/100|[from] item: Rocky Helmet|[of] p2a: Corviknight
|
|upkeep
|turn|31
|
|t:|1769444543
|move|p2a: Corviknight|Body Press|p1a: Homerun
|-supereffective|p1a: Homerun
|-damage|p1a: Homerun|0 fnt
|faint|p1a: Homerun
|
|upkeep
|
|t:|1769444546
|switch|p1a: Ohtani|Dragonite, M|51/100
|turn|32
|
|t:|1769444549
|move|p1a: Ohtani|Fire Punch|p2a: Corviknight
|-supereffective|p2a: Corviknight
|-damage|p2a: Corviknight|13/100
|-damage|p1a: Ohtani|34/100|[from] item: Rocky Helmet|[of] p2a: Corviknight
|move|p2a: Corviknight|U-turn|p1a: Ohtani
|-resisted|p1a: Ohtani
|-damage|p1a: Ohtani|28/100
|
|t:|1769444557
|switch|p2a: Ceruledge|Ceruledge, F, shiny|79/100|[from] U-turn
|
|-heal|p2a: Ceruledge|85/100|[from] item: Leftovers
|upkeep
|turn|33
|
|t:|1769444562
|switch|p1a: Skarmory|Skarmory, M|96/100
|move|p2a: Ceruledge|Bitter Blade|p1a: Skarmory
|-supereffective|p1a: Skarmory
|-damage|p1a: Skarmory|51/100
|-heal|p2a: Ceruledge|100/100|[from] drain|[of] p1a: Skarmory
|
|upkeep
|turn|34
|
|t:|1769444569
|move|p2a: Ceruledge|Bitter Blade|p1a: Skarmory
|-supereffective|p1a: Skarmory
|-damage|p1a: Skarmory|1/100
|move|p1a: Skarmory|Brave Bird|p2a: Ceruledge
|-damage|p2a: Ceruledge|61/100
|-damage|p1a: Skarmory|0 fnt|[from] Recoil
|faint|p1a: Skarmory
|
|-heal|p2a: Ceruledge|68/100|[from] item: Leftovers
|upkeep
|
|t:|1769444575
|switch|p1a: Ohtani|Dragonite, M|28/100
|turn|35
|
|t:|1769444582
|move|p2a: Ceruledge|Shadow Sneak|p1a: Ohtani
|-damage|p1a: Ohtani|13/100
|move|p1a: Ohtani|Outrage|p2a: Ceruledge
|-damage|p2a: Ceruledge|0 fnt
|faint|p2a: Ceruledge
|
|upkeep
|
|t:|1769444589
|switch|p2a: Rotom|Rotom-Wash|100/100
|turn|36
|
|t:|1769444592
|move|p2a: Rotom|Volt Switch|p1a: Ohtani
|-damage|p1a: Ohtani|0 fnt
|faint|p1a: Ohtani
|
|win|bvbjonas98
|raw|Yaoshi's rating: 1622 &rarr; <strong>1601</strong><br />(-21 for losing)
|raw|bvbjonas98's rating: 1607 &rarr; <strong>1628</strong><br />(+21 for winning)
|l|☆Yaoshi
|player|p1|
|c|☆bvbjonas98|gg
|l|☆bvbjonas98
|player|p2|
