|j|☆BlRD BOY
|j|☆Iznamakin
|t:|1769405150
|gametype|singles
|player|p1|BlRD BOY|brycen|1750
|player|p2|Iznamakin|chase|1794
|gen|9
|tier|[Gen 9] OU
|rated|
|rule|HP Percentage Mod: HP is shown in percentages
|rule|Endless Battle Clause: Forcing endless battles is banned
|rule|Species Clause: Limit one of each Pokémon
|rule|OHKO Clause: OHKO moves are banned
|rule|Evasion Items Clause: Evasion items are banned
|rule|Evasion Moves Clause: Evasion moves are banned
|rule|Evasion Abilities Clause: Evasion abilities are banned
|rule|Sleep Moves Clause: Sleep-inducing moves are banned
|clearpoke
|poke|p1|Kyurem|
|poke|p1|Rillaboom, F|
|poke|p1|Kingambit, F|
|poke|p1|Slowking-Galar, M|
|poke|p1|Enamorus, F|
|poke|p1|Great Tusk|
|poke|p2|Darkrai|
|poke|p2|Deoxys-Speed|
|poke|p2|Raging Bolt|
|poke|p2|Kingambit, M|
|poke|p2|Iron Valiant|
|poke|p2|Great Tusk|
|teampreview
|j| Frawg Master
|inactive|Battle timer is ON: inactive players will automatically lose when time's up. (requested by Iznamakin)
|j| Asrzzz
|
|t:|1769405185
|teamsize|p1|6
|teamsize|p2|6
|start
|switch|p1a: Slowking|Slowking-Galar, M, shiny|100/100
|switch|p2a: Speedy Gonzales|Deoxys-Speed, shiny|100/100
|-ability|p2a: Speedy Gonzales|Pressure
|turn|1
|c|☆Iznamakin|Hf BIRD BOY
|
|t:|1769405198
|move|p2a: Speedy Gonzales|Stealth Rock|p1a: Slowking
|-sidestart|p1: BlRD BOY|move: Stealth Rock
|move|p1a: Slowking|Sludge Bomb|p2a: Speedy Gonzales
|-damage|p2a: Speedy Gonzales|49/100
|
|upkeep
|turn|2
|
|t:|1769405205
|move|p2a: Speedy Gonzales|Psycho Boost|p1a: Slowking
|-damage|p1a: Slowking|51/100
|-unboost|p2a: Speedy Gonzales|spa|2
|-damage|p2a: Speedy Gonzales|39/100|[from] item: Life Orb
|move|p1a: Slowking|Future Sight|p2a: Speedy Gonzales
|-start|p1a: Slowking|move: Future Sight
|
|upkeep
|turn|3
|
|t:|1769405214
|move|p2a: Speedy Gonzales|Taunt|p1a: Slowking
|-start|p1a: Slowking|move: Taunt
|-prepare|p1a: Slowking|Chilly Reception|[premajor]
|cant|p1a: Slowking|move: Taunt|Chilly Reception
|
|upkeep
|turn|4
|
|t:|1769405219
|move|p2a: Speedy Gonzales|Psycho Boost|p1a: Slowking
|-damage|p1a: Slowking|28/100
|-unboost|p2a: Speedy Gonzales|spa|2
|-damage|p2a: Speedy Gonzales|29/100|[from] item: Life Orb
|move|p1a: Slowking|Flamethrower|p2a: Speedy Gonzales
|-damage|p2a: Speedy Gonzales|0 fnt
|faint|p2a: Speedy Gonzales
|
|-hint|Future Sight did not hit because the target is fainted.
|upkeep
|
|t:|1769405229
|switch|p2a: IMU|Darkrai|100/100
|turn|5
|
|t:|1769405239
|switch|p1a: Enamorus|Enamorus, F|100/100
|-damage|p1a: Enamorus|76/100|[from] Stealth Rock
|move|p2a: IMU|Nasty Plot|p2a: IMU
|-boost|p2a: IMU|spa|2
|
|upkeep
|turn|6
|
|t:|1769405244
|move|p1a: Enamorus|Moonblast|p2a: IMU
|-supereffective|p2a: IMU
|-enditem|p2a: IMU|Focus Sash
|-damage|p2a: IMU|1/100
|-unboost|p2a: IMU|spa|1
|move|p2a: IMU|Ice Beam|p1a: Enamorus
|-supereffective|p1a: Enamorus
|-crit|p1a: Enamorus
|-damage|p1a: Enamorus|0 fnt
|faint|p1a: Enamorus
|
|upkeep
|
|t:|1769405252
|switch|p1a: Great Tusk|Great Tusk|100/100
|-damage|p1a: Great Tusk|98/100|[from] Stealth Rock
|-enditem|p1a: Great Tusk|Booster Energy
|-activate|p1a: Great Tusk|ability: Protosynthesis|[fromitem]
|-start|p1a: Great Tusk|protosynthesisspe
|turn|7
|
|t:|1769405258
|move|p1a: Great Tusk|Rapid Spin|p2a: IMU
|-damage|p2a: IMU|0 fnt
|-boost|p1a: Great Tusk|spe|1
|-sideend|p1: BlRD BOY|Stealth Rock|[from] move: Rapid Spin|[of] p1a: Great Tusk
|faint|p2a: IMU
|
|upkeep
|
|t:|1769405260
|switch|p2a: 🎭|Iron Valiant, shiny|100/100
|-enditem|p2a: 🎭|Booster Energy
|-activate|p2a: 🎭|ability: Quark Drive|[fromitem]
|-start|p2a: 🎭|quarkdrivespe
|turn|8
|inactive|BlRD BOY has 120 seconds left.
|
|t:|1769405296
|-end|p1a: Great Tusk|Protosynthesis|[silent]
|switch|p1a: Slowking|Slowking-Galar, M, shiny|61/100
|move|p2a: 🎭|Calm Mind|p2a: 🎭
|-boost|p2a: 🎭|spa|1
|-boost|p2a: 🎭|spd|1
|
|upkeep
|turn|9
|
|t:|1769405303
|move|p2a: 🎭|Calm Mind|p2a: 🎭
|-boost|p2a: 🎭|spa|1
|-boost|p2a: 🎭|spd|1
|move|p1a: Slowking|Sludge Bomb|p2a: 🎭
|-supereffective|p2a: 🎭
|-damage|p2a: 🎭|40/100
|
|upkeep
|turn|10
|inactive|BlRD BOY has 120 seconds left.
|
|t:|1769405325
|move|p2a: 🎭|Shadow Ball|p1a: Slowking
|-supereffective|p1a: Slowking
|-damage|p1a: Slowking|0 fnt
|faint|p1a: Slowking
|
|upkeep
|
|t:|1769405331
|switch|p1a: Rillaboom|Rillaboom, F|100/100
|-fieldstart|move: Grassy Terrain|[from] ability: Grassy Surge|[of] p1a: Rillaboom
|turn|11
|
|t:|1769405335
|move|p2a: 🎭|Vacuum Wave|p1a: Rillaboom
|-damage|p1a: Rillaboom|49/100
|move|p1a: Rillaboom|Grassy Glide|p2a: 🎭
|-damage|p2a: 🎭|0 fnt
|faint|p2a: 🎭
|-end|p2a: 🎭|Quark Drive|[silent]
|
|-heal|p1a: Rillaboom|55/100|[from] Grassy Terrain
|upkeep
|
|t:|1769405341
|switch|p2a: BROTD|Great Tusk, shiny|100/100
|-enditem|p2a: BROTD|Booster Energy
|-activate|p2a: BROTD|ability: Protosynthesis|[fromitem]
|-start|p2a: BROTD|protosynthesisspe
|turn|12
|
|t:|1769405346
|-terastallize|p2a: BROTD|Poison
|move|p1a: Rillaboom|Grassy Glide|p2a: BROTD
|-resisted|p2a: BROTD
|-damage|p2a: BROTD|82/100
|move|p2a: BROTD|Bulk Up|p2a: BROTD
|-boost|p2a: BROTD|atk|1
|-boost|p2a: BROTD|def|1
|
|-heal|p2a: BROTD|88/100|[from] Grassy Terrain
|-heal|p1a: Rillaboom|62/100|[from] Grassy Terrain
|upkeep
|turn|13
|
|t:|1769405351
|switch|p1a: Great Tusk|Great Tusk|98/100
|move|p2a: BROTD|Bulk Up|p2a: BROTD
|-boost|p2a: BROTD|atk|1
|-boost|p2a: BROTD|def|1
|
|-heal|p2a: BROTD|94/100|[from] Grassy Terrain
|-heal|p1a: Great Tusk|100/100|[from] Grassy Terrain
|upkeep
|turn|14
|
|t:|1769405355
|move|p2a: BROTD|Bulk Up|p2a: BROTD
|-boost|p2a: BROTD|atk|1
|-boost|p2a: BROTD|def|1
|move|p1a: Great Tusk|Bulk Up|p1a: Great Tusk
|-boost|p1a: Great Tusk|atk|1
|-boost|p1a: Great Tusk|def|1
|
|-heal|p2a: BROTD|99/100|[from] Grassy Terrain
|upkeep
|turn|15
|
|t:|1769405360
|move|p2a: BROTD|Taunt|p1a: Great Tusk
|-start|p1a: Great Tusk|move: Taunt
|cant|p1a: Great Tusk|move: Taunt|Bulk Up
|
|-heal|p2a: BROTD|100/100|[from] Grassy Terrain
|-fieldend|move: Grassy Terrain
|upkeep
|turn|16
|
|t:|1769405362
|move|p2a: BROTD|Bulk Up|p2a: BROTD
|-boost|p2a: BROTD|atk|1
|-boost|p2a: BROTD|def|1
|move|p1a: Great Tusk|Rapid Spin|p2a: BROTD
|-damage|p2a: BROTD|96/100
|-boost|p1a: Great Tusk|spe|1
|
|upkeep
|turn|17
|
|t:|1769405367
|move|p1a: Great Tusk|Rapid Spin|p2a: BROTD
|-damage|p2a: BROTD|91/100
|-boost|p1a: Great Tusk|spe|1
|move|p2a: BROTD|Bulk Up|p2a: BROTD
|-boost|p2a: BROTD|atk|1
|-boost|p2a: BROTD|def|1
|
|-end|p1a: Great Tusk|move: Taunt
|upkeep
|turn|18
|
|t:|1769405370
|move|p1a: Great Tusk|Bulk Up|p1a: Great Tusk
|-boost|p1a: Great Tusk|atk|1
|-boost|p1a: Great Tusk|def|1
|move|p2a: BROTD|Headlong Rush|p1a: Great Tusk
|-damage|p1a: Great Tusk|48/100
|-unboost|p2a: BROTD|def|1
|-unboost|p2a: BROTD|spd|1
|
|upkeep
|turn|19
|
|t:|1769405376
|move|p1a: Great Tusk|Bulk Up|p1a: Great Tusk
|-boost|p1a: Great Tusk|atk|1
|-boost|p1a: Great Tusk|def|1
|move|p2a: BROTD|Bulk Up|p2a: BROTD
|-boost|p2a: BROTD|atk|1
|-boost|p2a: BROTD|def|1
|
|upkeep
|turn|20
|
|t:|1769405384
|move|p1a: Great Tusk|Bulk Up|p1a: Great Tusk
|-boost|p1a: Great Tusk|atk|1
|-boost|p1a: Great Tusk|def|1
|move|p2a: BROTD|Headlong Rush|p1a: Great Tusk
|-damage|p1a: Great Tusk|7/100
|-unboost|p2a: BROTD|def|1
|-unboost|p2a: BROTD|spd|1
|
|upkeep
|turn|21
|
|t:|1769405388
|move|p1a: Great Tusk|Headlong Rush|p2a: BROTD
|-supereffective|p2a: BROTD
|-damage|p2a: BROTD|25/100
|-unboost|p1a: Great Tusk|def|1
|-unboost|p1a: Great Tusk|spd|1
|move|p2a: BROTD|Headlong Rush|p1a: Great Tusk
|-damage|p1a: Great Tusk|0 fnt
|-unboost|p2a: BROTD|def|1
|-unboost|p2a: BROTD|spd|1
|faint|p1a: Great Tusk
|-end|p1a: Great Tusk|Protosynthesis|[silent]
|
|upkeep
|
|t:|1769405394
|switch|p1a: Kingambit|Kingambit, F, shiny|100/100
|-activate|p1a: Kingambit|ability: Supreme Overlord
|-start|p1a: Kingambit|fallen3|[silent]
|turn|22
|
|t:|1769405403
|move|p2a: BROTD|Bulk Up|p2a: BROTD
|-boost|p2a: BROTD|atk|0
|-boost|p2a: BROTD|def|1
|move|p1a: Kingambit|Kowtow Cleave|p2a: BROTD
|-damage|p2a: BROTD|8/100
|
|upkeep
|turn|23
|
|t:|1769405410
|move|p1a: Kingambit|Sucker Punch||[still]
|-fail|p1a: Kingambit
|move|p2a: BROTD|Bulk Up|p2a: BROTD
|-boost|p2a: BROTD|atk|0
|-boost|p2a: BROTD|def|1
|
|upkeep
|turn|24
|
|t:|1769405416
|move|p1a: Kingambit|Sucker Punch|p2a: BROTD
|-damage|p2a: BROTD|0 fnt
|faint|p2a: BROTD
|-end|p2a: BROTD|Protosynthesis|[silent]
|
|upkeep
|
|t:|1769405419
|switch|p2a: Hito no mi Model⚡️|Raging Bolt|100/100
|-enditem|p2a: Hito no mi Model⚡️|Booster Energy
|-activate|p2a: Hito no mi Model⚡️|ability: Protosynthesis|[fromitem]
|-start|p2a: Hito no mi Model⚡️|protosynthesisspa
|turn|25
|
|t:|1769405425
|-end|p1a: Kingambit|fallen3|[silent]
|switch|p1a: Kyurem|Kyurem|100/100
|-ability|p1a: Kyurem|Pressure
|move|p2a: Hito no mi Model⚡️|Thunderbolt|p1a: Kyurem
|-resisted|p1a: Kyurem
|-damage|p1a: Kyurem|64/100
|
|upkeep
|turn|26
|
|t:|1769405433
|move|p1a: Kyurem|Icicle Spear|p2a: Hito no mi Model⚡️
|-supereffective|p2a: Hito no mi Model⚡️
|-damage|p2a: Hito no mi Model⚡️|75/100
|-supereffective|p2a: Hito no mi Model⚡️
|-damage|p2a: Hito no mi Model⚡️|51/100
|-supereffective|p2a: Hito no mi Model⚡️
|-damage|p2a: Hito no mi Model⚡️|27/100
|-supereffective|p2a: Hito no mi Model⚡️
|-damage|p2a: Hito no mi Model⚡️|2/100
|-supereffective|p2a: Hito no mi Model⚡️
|-damage|p2a: Hito no mi Model⚡️|0 fnt
|faint|p2a: Hito no mi Model⚡️
|-end|p2a: Hito no mi Model⚡️|Protosynthesis|[silent]
|-hitcount|p2: Hito no mi Model⚡️|5
|
|upkeep
|
|t:|1769405435
|switch|p2a: Mihawk|Kingambit, M|100/100
|-activate|p2a: Mihawk|ability: Supreme Overlord
|-start|p2a: Mihawk|fallen5|[silent]
|turn|27
|
|t:|1769405439
|move|p1a: Kyurem|Icicle Spear|p2a: Mihawk
|-resisted|p2a: Mihawk
|-damage|p2a: Mihawk|95/100
|-resisted|p2a: Mihawk
|-damage|p2a: Mihawk|90/100
|-resisted|p2a: Mihawk
|-damage|p2a: Mihawk|84/100
|-resisted|p2a: Mihawk
|-damage|p2a: Mihawk|79/100
|-resisted|p2a: Mihawk
|-damage|p2a: Mihawk|74/100
|-hitcount|p2a: Mihawk|5
|move|p2a: Mihawk|Swords Dance|p2a: Mihawk
|-boost|p2a: Mihawk|atk|2
|
|upkeep
|turn|28
|
|t:|1769405445
|switch|p1a: Rillaboom|Rillaboom, F|62/100
|-fieldstart|move: Grassy Terrain|[from] ability: Grassy Surge|[of] p1a: Rillaboom
|move|p2a: Mihawk|Swords Dance|p2a: Mihawk
|-boost|p2a: Mihawk|atk|2
|
|-heal|p1a: Rillaboom|68/100|[from] Grassy Terrain
|-heal|p2a: Mihawk|80/100|[from] Grassy Terrain
|upkeep
|turn|29
|
|t:|1769405450
|-terastallize|p1a: Rillaboom|Grass
|move|p2a: Mihawk|Sucker Punch|p1a: Rillaboom
|-damage|p1a: Rillaboom|0 fnt
|faint|p1a: Rillaboom
|
|-heal|p2a: Mihawk|86/100|[from] Grassy Terrain
|upkeep
|
|t:|1769405454
|switch|p1a: Kingambit|Kingambit, F, shiny|100/100
|-activate|p1a: Kingambit|ability: Supreme Overlord
|-start|p1a: Kingambit|fallen4|[silent]
|turn|30
|
|t:|1769405456
|move|p2a: Mihawk|Kowtow Cleave|p1a: Kingambit
|-resisted|p1a: Kingambit
|-damage|p1a: Kingambit|0 fnt
|faint|p1a: Kingambit
|-end|p1a: Kingambit|fallen4|[silent]
|
|-heal|p2a: Mihawk|92/100|[from] Grassy Terrain
|upkeep
|-message|BlRD BOY forfeited.
|
|win|Iznamakin
|raw|BlRD BOY's rating: 1750 &rarr; <strong>1733</strong><br />(-17 for losing)
|raw|Iznamakin's rating: 1794 &rarr; <strong>1811</strong><br />(+17 for winning)
|l| Asrzzz
|l| Frawg Master
