|j|☆shehjs
|j|☆lewislegoonsta
|t:|1769303544
|gametype|singles
|player|p1|shehjs|ethan|1008
|player|p2|lewislegoonsta|102|1060
|gen|9
|tier|[Gen 9] OU
|rated|
|rule|HP Percentage Mod: HP is shown in percentages
|rule|Endless Battle Clause: Forcing endless battles is banned
|rule|Species Clause: Limit one of each Pokémon
|rule|OHKO Clause: OHKO moves are banned
|rule|Evasion Items Clause: Evasion items are banned
|rule|Evasion Moves Clause: Evasion moves are banned
|rule|Evasion Abilities Clause: Evasion abilities are banned
|rule|Sleep Moves Clause: Sleep-inducing moves are banned
|clearpoke
|poke|p1|Zoroark-Hisui, F|
|poke|p1|Tinkaton, F|
|poke|p1|Dragonite, M|
|poke|p1|Volcanion|
|poke|p1|Ditto|
|poke|p1|Tyranitar, M|
|poke|p2|Garganacl, F|
|poke|p2|Alomomola, F|
|poke|p2|Ogerpon-Wellspring, F|
|poke|p2|Zapdos|
|poke|p2|Weezing-Galar, M|
|poke|p2|Heatran, F|
|teampreview
|
|t:|1769303558
|teamsize|p1|6
|teamsize|p2|6
|start
|switch|p1a: Tyranitar|Tyranitar, M|100/100
|switch|p2a: DingFriesAreDone|Zapdos, shiny|100/100
|-weather|Sandstorm|[from] ability: Sand Stream|[of] p1a: Tyranitar
|turn|1
|inactive|Battle timer is ON: inactive players will automatically lose when time's up. (requested by lewislegoonsta)
|
|t:|1769303570
|move|p2a: DingFriesAreDone|Volt Switch|p1a: Tyranitar
|-damage|p1a: Tyranitar|82/100
|
|t:|1769303573
|switch|p2a: Dingfriesaredone|Garganacl, F, shiny|100/100|[from] Volt Switch
|move|p1a: Tyranitar|Payback|p2a: Dingfriesaredone
|-damage|p2a: Dingfriesaredone|85/100
|-damage|p1a: Tyranitar|65/100|[from] item: Rocky Helmet|[of] p2a: Dingfriesaredone
|
|-weather|Sandstorm|[upkeep]
|upkeep
|turn|2
|
|t:|1769303585
|move|p1a: Tyranitar|Curse|p1a: Tyranitar
|-unboost|p1a: Tyranitar|spe|1
|-boost|p1a: Tyranitar|atk|1
|-boost|p1a: Tyranitar|def|1
|move|p2a: Dingfriesaredone|Stealth Rock|p1a: Tyranitar
|-sidestart|p1: shehjs|move: Stealth Rock
|
|-weather|Sandstorm|[upkeep]
|upkeep
|turn|3
|
|t:|1769303597
|move|p2a: Dingfriesaredone|Body Press|p1a: Tyranitar
|-supereffective|p1a: Tyranitar
|-damage|p1a: Tyranitar|23/100
|move|p1a: Tyranitar|Payback|p2a: Dingfriesaredone
|-damage|p2a: Dingfriesaredone|35/100
|-damage|p1a: Tyranitar|6/100|[from] item: Rocky Helmet|[of] p2a: Dingfriesaredone
|
|-weather|Sandstorm|[upkeep]
|upkeep
|turn|4
|
|t:|1769303618
|switch|p2a: DiNgfriesaredone|Alomomola, F, shiny|100/100
|switch|p1a: Tyranitar|Tyranitar, M|100/100
|-damage|p1a: Tyranitar|88/100|[from] Stealth Rock
|
|-weather|Sandstorm|[upkeep]
|-damage|p1a: Tyranitar|82/100|[from] Sandstorm
|-damage|p2a: DiNgfriesaredone|94/100|[from] Sandstorm
|-heal|p2a: DiNgfriesaredone|100/100|[from] item: Leftovers
|upkeep
|turn|5
|
|t:|1769303643
|move|p1a: Tyranitar|Calm Mind|p1a: Tyranitar
|-boost|p1a: Tyranitar|spa|1
|-boost|p1a: Tyranitar|spd|1
|move|p2a: DiNgfriesaredone|Scald|p1a: Tyranitar
|-damage|p1a: Tyranitar|68/100
|-status|p1a: Tyranitar|brn
|replace|p1a: Zoroark|Zoroark-Hisui, F
|-end|p1a: Zoroark|Illusion
|
|-weather|none
|-damage|p1a: Zoroark|62/100 brn|[from] brn
|upkeep
|turn|6
|inactive|shehjs has 120 seconds left.
|-message|shehjs forfeited.
|
|win|lewislegoonsta
|raw|shehjs's rating: 1008 &rarr; <strong>1000</strong><br />(-8 for losing)
|raw|lewislegoonsta's rating: 1060 &rarr; <strong>1086</strong><br />(+26 for winning)
|l|☆shehjs
|player|p1|
