|j|☆CaraDaGeometria
|j|☆lynebron123
|t:|1769404117
|gametype|singles
|player|p1|CaraDaGeometria|170|1110
|player|p2|lynebron123|1|1151
|gen|9
|tier|[Gen 9] OU
|rated|
|rule|HP Percentage Mod: HP is shown in percentages
|rule|Endless Battle Clause: Forcing endless battles is banned
|rule|Species Clause: Limit one of each Pokémon
|rule|OHKO Clause: OHKO moves are banned
|rule|Evasion Items Clause: Evasion items are banned
|rule|Evasion Moves Clause: Evasion moves are banned
|rule|Evasion Abilities Clause: Evasion abilities are banned
|rule|Sleep Moves Clause: Sleep-inducing moves are banned
|clearpoke
|poke|p1|Great Tusk|
|poke|p1|Iron Valiant|
|poke|p1|Samurott-Hisui, M|
|poke|p1|Pecharunt|
|poke|p1|Hydrapple, F|
|poke|p1|Lokix, F|
|poke|p2|Grimmsnarl, M|
|poke|p2|Malamar, M|
|poke|p2|Glastrier|
|poke|p2|Corviknight, M|
|poke|p2|Volcanion|
|poke|p2|Gliscor, F|
|teampreview
|
|t:|1769404130
|teamsize|p1|6
|teamsize|p2|6
|start
|switch|p1a: Great Tusk|Great Tusk|100/100
|switch|p2a: Grimmsnarl|Grimmsnarl, M|100/100
|turn|1
|inactive|Battle timer is ON: inactive players will automatically lose when time's up. (requested by lynebron123)
|
|t:|1769404152
|move|p2a: Grimmsnarl|Reflect|p2a: Grimmsnarl
|-sidestart|p2: lynebron123|Reflect
|move|p1a: Great Tusk|Stealth Rock|p2a: Grimmsnarl
|-sidestart|p2: lynebron123|move: Stealth Rock
|
|upkeep
|turn|2
|
|t:|1769404162
|move|p2a: Grimmsnarl|Parting Shot|p1a: Great Tusk
|-unboost|p1a: Great Tusk|atk|1
|-unboost|p1a: Great Tusk|spa|1
|
|t:|1769404167
|switch|p2a: Corviknight|Corviknight, M|100/100|[from] Parting Shot
|-damage|p2a: Corviknight|88/100|[from] Stealth Rock
|move|p1a: Great Tusk|Rapid Spin|p2a: Corviknight
|-resisted|p2a: Corviknight
|-damage|p2a: Corviknight|86/100
|-boost|p1a: Great Tusk|spe|1
|
|-heal|p2a: Corviknight|92/100|[from] item: Leftovers
|upkeep
|turn|3
|
|t:|1769404189
|-end|p1a: Great Tusk|Protosynthesis|[silent]
|switch|p1a: Hydrapple|Hydrapple, F|100/100
|move|p2a: Corviknight|Bulk Up|p2a: Corviknight
|-boost|p2a: Corviknight|atk|1
|-boost|p2a: Corviknight|def|1
|
|-heal|p2a: Corviknight|98/100|[from] item: Leftovers
|upkeep
|turn|4
|
|t:|1769404201
|move|p2a: Corviknight|Brave Bird|p1a: Hydrapple
|-supereffective|p1a: Hydrapple
|-damage|p1a: Hydrapple|10/100
|-damage|p2a: Corviknight|61/100|[from] Recoil
|move|p1a: Hydrapple|Nasty Plot|p1a: Hydrapple
|-boost|p1a: Hydrapple|spa|2
|
|-heal|p2a: Corviknight|67/100|[from] item: Leftovers
|upkeep
|turn|5
|
|t:|1769404213
|switch|p1a: Samurott|Samurott-Hisui, M|100/100
|move|p2a: Corviknight|Body Press|p1a: Samurott
|-supereffective|p1a: Samurott
|-damage|p1a: Samurott|4/100
|
|-heal|p2a: Corviknight|73/100|[from] item: Leftovers
|upkeep
|turn|6
|
|t:|1769404225
|move|p1a: Samurott|Knock Off|p2a: Corviknight
|-damage|p2a: Corviknight|58/100
|-enditem|p2a: Corviknight|Leftovers|[from] move: Knock Off|[of] p1a: Samurott
|move|p2a: Corviknight|Body Press|p1a: Samurott
|-supereffective|p1a: Samurott
|-damage|p1a: Samurott|0 fnt
|faint|p1a: Samurott
|
|upkeep
|
|t:|1769404235
|switch|p1a: Hydrapple|Hydrapple, F|43/100
|turn|7
|
|t:|1769404240
|move|p2a: Corviknight|Brave Bird|p1a: Hydrapple
|-supereffective|p1a: Hydrapple
|-damage|p1a: Hydrapple|0 fnt
|faint|p1a: Hydrapple
|-damage|p2a: Corviknight|41/100|[from] Recoil
|
|upkeep
|
|t:|1769404246
|switch|p1a: Iron Valiant|Iron Valiant|100/100
|turn|8
|
|t:|1769404251
|move|p1a: Iron Valiant|Thunderbolt|p2a: Corviknight
|-supereffective|p2a: Corviknight
|-damage|p2a: Corviknight|0 fnt
|faint|p2a: Corviknight
|
|-sideend|p2: lynebron123|Reflect
|upkeep
|
|t:|1769404258
|switch|p2a: Gliscor|Gliscor, F, shiny|100/100
|-damage|p2a: Gliscor|88/100|[from] Stealth Rock
|turn|9
|
|t:|1769404267
|-end|p1a: Iron Valiant|Quark Drive|[silent]
|switch|p1a: Pecharunt|Pecharunt|100/100
|move|p2a: Gliscor|Toxic|p1a: Pecharunt
|-immune|p1a: Pecharunt
|
|-status|p2a: Gliscor|tox|[from] item: Toxic Orb
|upkeep
|turn|10
|
|t:|1769404279
|move|p2a: Gliscor|Earthquake|p1a: Pecharunt
|-supereffective|p1a: Pecharunt
|-damage|p1a: Pecharunt|69/100
|move|p1a: Pecharunt|Shadow Ball|p2a: Gliscor
|-damage|p2a: Gliscor|66/100 tox
|
|-heal|p2a: Gliscor|78/100 tox|[from] ability: Poison Heal
|upkeep
|turn|11
|
|t:|1769404292
|switch|p1a: Great Tusk|Great Tusk|100/100
|move|p2a: Gliscor|Tailwind|p2a: Gliscor
|-sidestart|p2: lynebron123|move: Tailwind
|
|-heal|p2a: Gliscor|91/100 tox|[from] ability: Poison Heal
|upkeep
|turn|12
|
|t:|1769404308
|-terastallize|p2a: Gliscor|Steel
|move|p2a: Gliscor|Toxic|p1a: Great Tusk
|-status|p1a: Great Tusk|tox
|move|p1a: Great Tusk|Rapid Spin|p2a: Gliscor
|-resisted|p2a: Gliscor
|-damage|p2a: Gliscor|84/100 tox
|-boost|p1a: Great Tusk|spe|1
|
|-heal|p2a: Gliscor|97/100 tox|[from] ability: Poison Heal
|-damage|p1a: Great Tusk|94/100 tox|[from] psn
|upkeep
|turn|13
|
|t:|1769404323
|move|p2a: Gliscor|Earthquake|p1a: Great Tusk
|-damage|p1a: Great Tusk|70/100 tox
|move|p1a: Great Tusk|Headlong Rush|p2a: Gliscor
|-supereffective|p2a: Gliscor
|-crit|p2a: Gliscor
|-damage|p2a: Gliscor|0 fnt
|-unboost|p1a: Great Tusk|def|1
|-unboost|p1a: Great Tusk|spd|1
|faint|p2a: Gliscor
|
|-damage|p1a: Great Tusk|58/100 tox|[from] psn
|upkeep
|
|t:|1769404337
|switch|p2a: Volcanion|Volcanion|100/100
|-damage|p2a: Volcanion|76/100|[from] Stealth Rock
|turn|14
|
|t:|1769404347
|move|p1a: Great Tusk|Headlong Rush|p2a: Volcanion
|-supereffective|p2a: Volcanion
|-damage|p2a: Volcanion|0 fnt
|-unboost|p1a: Great Tusk|def|1
|-unboost|p1a: Great Tusk|spd|1
|faint|p2a: Volcanion
|
|-damage|p1a: Great Tusk|39/100 tox|[from] psn
|-sideend|p2: lynebron123|move: Tailwind
|upkeep
|
|t:|1769404357
|switch|p2a: Grimmsnarl|Grimmsnarl, M|100/100
|-damage|p2a: Grimmsnarl|88/100|[from] Stealth Rock
|turn|15
|
|t:|1769404363
|move|p2a: Grimmsnarl|Reflect|p2a: Grimmsnarl
|-sidestart|p2: lynebron123|Reflect
|move|p1a: Great Tusk|Headlong Rush|p2a: Grimmsnarl
|-damage|p2a: Grimmsnarl|56/100
|-unboost|p1a: Great Tusk|def|1
|-unboost|p1a: Great Tusk|spd|1
|
|-damage|p1a: Great Tusk|14/100 tox|[from] psn
|upkeep
|turn|16
|
|t:|1769404375
|move|p2a: Grimmsnarl|Light Screen|p2a: Grimmsnarl
|-sidestart|p2: lynebron123|move: Light Screen
|move|p1a: Great Tusk|Headlong Rush|p2a: Grimmsnarl
|-damage|p2a: Grimmsnarl|26/100
|-unboost|p1a: Great Tusk|def|1
|-unboost|p1a: Great Tusk|spd|1
|
|-damage|p1a: Great Tusk|0 fnt|[from] psn
|faint|p1a: Great Tusk
|-end|p1a: Great Tusk|Protosynthesis|[silent]
|upkeep
|
|t:|1769404379
|switch|p1a: Pecharunt|Pecharunt|69/100
|turn|17
|
|t:|1769404392
|move|p2a: Grimmsnarl|Thunder Wave|p1a: Pecharunt
|-status|p1a: Pecharunt|par
|cant|p1a: Pecharunt|par
|
|upkeep
|turn|18
|
|t:|1769404400
|move|p2a: Grimmsnarl|Parting Shot|p1a: Pecharunt
|-unboost|p1a: Pecharunt|atk|1
|-unboost|p1a: Pecharunt|spa|1
|
|t:|1769404404
|switch|p2a: Malamar|Malamar, M|100/100|[from] Parting Shot
|-damage|p2a: Malamar|88/100|[from] Stealth Rock
|move|p1a: Pecharunt|Malignant Chain|p2a: Malamar
|-damage|p2a: Malamar|81/100
|-status|p2a: Malamar|tox
|-start|p2a: Malamar|confusion|[from] ability: Poison Puppeteer|[of] p1a: Pecharunt
|
|-damage|p2a: Malamar|75/100 tox|[from] psn
|upkeep
|turn|19
|
|t:|1769404421
|-activate|p2a: Malamar|confusion
|-damage|p2a: Malamar|68/100 tox|[from] confusion
|move|p1a: Pecharunt|Recover|p1a: Pecharunt
|-heal|p1a: Pecharunt|100/100 par
|
|-damage|p2a: Malamar|56/100 tox|[from] psn
|upkeep
|turn|20
|
|t:|1769404432
|switch|p1a: Lokix|Lokix, F|100/100
|-activate|p2a: Malamar|confusion
|move|p2a: Malamar|Knock Off|p1a: Lokix
|-resisted|p1a: Lokix
|-damage|p1a: Lokix|78/100
|-enditem|p1a: Lokix|Choice Band|[from] move: Knock Off|[of] p2a: Malamar
|
|-damage|p2a: Malamar|37/100 tox|[from] psn
|upkeep
|turn|21
|
|t:|1769404445
|move|p1a: Lokix|First Impression|p2a: Malamar
|-supereffective|p2a: Malamar
|-damage|p2a: Malamar|0 fnt
|faint|p2a: Malamar
|
|upkeep
|
|t:|1769404453
|switch|p2a: Glastrier|Glastrier|100/100
|-damage|p2a: Glastrier|76/100|[from] Stealth Rock
|turn|22
|
|t:|1769404462
|move|p1a: Lokix|U-turn|p2a: Glastrier
|-damage|p2a: Glastrier|67/100
|
|t:|1769404464
|switch|p1a: Pecharunt|Pecharunt|100/100 par|[from] U-turn
|move|p2a: Glastrier|Icicle Crash|p1a: Pecharunt
|-damage|p1a: Pecharunt|82/100 par
|
|-sideend|p2: lynebron123|Reflect
|upkeep
|turn|23
|inactive|lynebron123 has 120 seconds left.
|inactive|lynebron123 has 90 seconds left.
|inactive|lynebron123 has 60 seconds left.
|inactive|lynebron123 has 30 seconds left.
|inactive|lynebron123 has 20 seconds left.
|inactive|lynebron123 has 15 seconds left.
|inactive|lynebron123 has 10 seconds left.
|inactive|lynebron123 has 5 seconds left.
|-message|lynebron123 lost due to inactivity.
|
|win|CaraDaGeometria
|raw|CaraDaGeometria's rating: 1110 &rarr; <strong>1138</strong><br />(+28 for winning)
|raw|lynebron123's rating: 1151 &rarr; <strong>1123</strong><br />(-28 for losing)
|l|☆CaraDaGeometria
|player|p1|
