|j|☆Trainer #39
|j|‽machopped unc
|t:|1769347502
|gametype|singles
|player|p1|Trainer #39|bugsy|1793
|player|p2|machopped unc|clown|1790
|gen|9
|tier|[Gen 9] OU
|rated|
|rule|HP Percentage Mod: HP is shown in percentages
|rule|Endless Battle Clause: Forcing endless battles is banned
|rule|Species Clause: Limit one of each Pokémon
|rule|OHKO Clause: OHKO moves are banned
|rule|Evasion Items Clause: Evasion items are banned
|rule|Evasion Moves Clause: Evasion moves are banned
|rule|Evasion Abilities Clause: Evasion abilities are banned
|rule|Sleep Moves Clause: Sleep-inducing moves are banned
|clearpoke
|poke|p1|Blissey, F|
|poke|p1|Corviknight, M|
|poke|p1|Dondozo, M|
|poke|p1|Gliscor, M|
|poke|p1|Clefable, M|
|poke|p1|Slowking-Galar, M|
|poke|p2|Glimmora, M|
|poke|p2|Araquanid, M|
|poke|p2|Darkrai|
|poke|p2|Dragonite, M|
|poke|p2|Gholdengo|
|poke|p2|Great Tusk|
|teampreview
|
|t:|1769347511
|teamsize|p1|6
|teamsize|p2|6
|start
|switch|p1a: Free Palestine|Gliscor, M|100/100
|switch|p2a: Darkrai|Darkrai|100/100
|turn|1
|
|t:|1769347517
|move|p1a: Free Palestine|Protect|p1a: Free Palestine
|-singleturn|p1a: Free Palestine|Protect
|move|p2a: Darkrai|Ice Beam|p1a: Free Palestine
|-activate|p1a: Free Palestine|move: Protect
|
|-status|p1a: Free Palestine|tox|[from] item: Toxic Orb
|upkeep
|turn|2
|
|t:|1769347520
|switch|p1a: brat|Blissey, F|100/100
|move|p2a: Darkrai|Ice Beam|p1a: brat
|-damage|p1a: brat|90/100
|
|upkeep
|turn|3
|
|t:|1769347524
|move|p2a: Darkrai|Knock Off|p1a: brat
|-damage|p1a: brat|46/100
|-enditem|p1a: brat|Heavy-Duty Boots|[from] move: Knock Off|[of] p2a: Darkrai
|move|p1a: brat|Stealth Rock|p2a: Darkrai
|-sidestart|p2: machopped unc|move: Stealth Rock
|
|upkeep
|turn|4
|
|t:|1769347535
|switch|p2a: Glimmora|Glimmora, M|100/100
|-damage|p2a: Glimmora|88/100|[from] Stealth Rock
|move|p1a: brat|Soft-Boiled|p1a: brat
|-heal|p1a: brat|96/100
|
|upkeep
|turn|5
|
|t:|1769347545
|switch|p1a: Trump is low IQ|Corviknight, M|100/100
|-ability|p1a: Trump is low IQ|Pressure
|move|p2a: Glimmora|Stealth Rock|p1a: Trump is low IQ
|-sidestart|p1: Trainer #39|move: Stealth Rock
|
|upkeep
|turn|6
|
|t:|1769347554
|switch|p1a: brat|Blissey, F|96/100
|-damage|p1a: brat|84/100|[from] Stealth Rock
|move|p2a: Glimmora|Meteor Beam||[still]
|-prepare|p2a: Glimmora|Meteor Beam
|-boost|p2a: Glimmora|spa|1
|-enditem|p2a: Glimmora|Power Herb
|-anim|p2a: Glimmora|Meteor Beam|p1a: brat
|-damage|p1a: brat|52/100
|
|upkeep
|turn|7
|
|t:|1769347558
|switch|p1a: Free Palestine|Gliscor, M|100/100 tox
|-damage|p1a: Free Palestine|88/100 tox|[from] Stealth Rock
|move|p2a: Glimmora|Mortal Spin|p1a: Free Palestine
|-resisted|p1a: Free Palestine
|-damage|p1a: Free Palestine|86/100 tox
|-sideend|p2: machopped unc|Stealth Rock|[from] move: Mortal Spin|[of] p2a: Glimmora
|
|-heal|p1a: Free Palestine|99/100 tox|[from] ability: Poison Heal
|upkeep
|turn|8
|
|t:|1769347564
|switch|p2a: Gholdengo|Gholdengo|100/100
|-item|p2a: Gholdengo|Air Balloon
|move|p1a: Free Palestine|Earthquake|p2a: Gholdengo
|-immune|p2a: Gholdengo
|
|-heal|p1a: Free Palestine|100/100 tox|[from] ability: Poison Heal
|upkeep
|turn|9
|
|t:|1769347567
|switch|p1a: brat|Blissey, F|52/100
|-damage|p1a: brat|39/100|[from] Stealth Rock
|move|p2a: Gholdengo|Nasty Plot|p2a: Gholdengo
|-boost|p2a: Gholdengo|spa|2
|
|upkeep
|turn|10
|
|t:|1769347572
|move|p2a: Gholdengo|Focus Blast|p1a: brat
|-supereffective|p1a: brat
|-damage|p1a: brat|0 fnt
|faint|p1a: brat
|
|upkeep
|
|t:|1769347576
|switch|p1a: Charli xcx|Clefable, M|100/100
|turn|11
|
|t:|1769347581
|move|p1a: Charli xcx|Protect|p1a: Charli xcx
|-singleturn|p1a: Charli xcx|Protect
|move|p2a: Gholdengo|Make It Rain|p1a: Charli xcx
|-activate|p1a: Charli xcx|move: Protect
|
|upkeep
|turn|12
|
|t:|1769347591
|-terastallize|p1a: Charli xcx|Dark
|move|p2a: Gholdengo|Shadow Ball|p1a: Charli xcx
|-resisted|p1a: Charli xcx
|-damage|p1a: Charli xcx|86/100
|move|p1a: Charli xcx|Wish|p1a: Charli xcx
|
|upkeep
|turn|13
|
|t:|1769347603
|switch|p2a: Glimmora|Glimmora, M|88/100
|move|p1a: Charli xcx|Knock Off|p2a: Glimmora
|-damage|p2a: Glimmora|69/100
|-activate|p2a: Glimmora|ability: Toxic Debris
|-sidestart|p1: Trainer #39|move: Toxic Spikes
|
|-heal|p1a: Charli xcx|100/100|[from] move: Wish|[wisher] Charli xcx
|upkeep
|turn|14
|
|t:|1769347614
|switch|p2a: Gholdengo|Gholdengo|100/100
|-item|p2a: Gholdengo|Air Balloon
|switch|p1a: Free Palestine|Gliscor, M|100/100 tox
|-damage|p1a: Free Palestine|88/100 tox|[from] Stealth Rock
|
|-heal|p1a: Free Palestine|100/100 tox|[from] ability: Poison Heal
|upkeep
|turn|15
|
|t:|1769347618
|switch|p1a: Charli xcx|Clefable, M, tera:Dark|100/100
|move|p2a: Gholdengo|Nasty Plot|p2a: Gholdengo
|-boost|p2a: Gholdengo|spa|2
|
|upkeep
|turn|16
|
|t:|1769347625
|move|p1a: Charli xcx|Protect|p1a: Charli xcx
|-singleturn|p1a: Charli xcx|Protect
|move|p2a: Gholdengo|Focus Blast|p1a: Charli xcx
|-activate|p1a: Charli xcx|move: Protect
|
|upkeep
|turn|17
|
|t:|1769347644
|switch|p2a: Araquanid|Araquanid, M|100/100
|move|p1a: Charli xcx|Wish|p1a: Charli xcx
|
|upkeep
|turn|18
|
|t:|1769347649
|switch|p1a: Trump is low IQ|Corviknight, M|100/100
|-damage|p1a: Trump is low IQ|88/100|[from] Stealth Rock
|-ability|p1a: Trump is low IQ|Pressure
|move|p2a: Araquanid|Surf|p1a: Trump is low IQ
|-damage|p1a: Trump is low IQ|34/100
|
|-heal|p1a: Trump is low IQ|83/100|[from] move: Wish|[wisher] Charli xcx
|upkeep
|turn|19
|
|t:|1769347657
|switch|p2a: Gholdengo|Gholdengo|100/100
|-item|p2a: Gholdengo|Air Balloon
|move|p1a: Trump is low IQ|U-turn|p2a: Gholdengo
|-resisted|p2a: Gholdengo
|-damage|p2a: Gholdengo|96/100
|-enditem|p2a: Gholdengo|Air Balloon
|
|t:|1769347662
|switch|p1a: Charli xcx|Clefable, M, tera:Dark|100/100|[from] U-turn
|
|upkeep
|turn|20
|
|t:|1769347668
|switch|p2a: Darkrai|Darkrai|100/100
|move|p1a: Charli xcx|Wish|p1a: Charli xcx
|
|upkeep
|turn|21
|
|t:|1769347673
|move|p2a: Darkrai|Knock Off|p1a: Charli xcx
|-resisted|p1a: Charli xcx
|-damage|p1a: Charli xcx|76/100
|-enditem|p1a: Charli xcx|Heavy-Duty Boots|[from] move: Knock Off|[of] p2a: Darkrai
|move|p1a: Charli xcx|Moonblast|p2a: Darkrai
|-supereffective|p2a: Darkrai
|-damage|p2a: Darkrai|13/100
|-unboost|p2a: Darkrai|spa|1
|
|-heal|p1a: Charli xcx|100/100|[from] move: Wish|[wisher] Charli xcx
|upkeep
|turn|22
|
|t:|1769347686
|switch|p2a: Araquanid|Araquanid, M|100/100
|move|p1a: Charli xcx|Moonblast|p2a: Araquanid
|-damage|p2a: Araquanid|75/100
|
|upkeep
|turn|23
|
|t:|1769347692
|move|p1a: Charli xcx|Protect|p1a: Charli xcx
|-singleturn|p1a: Charli xcx|Protect
|move|p2a: Araquanid|Surf|p1a: Charli xcx
|-activate|p1a: Charli xcx|move: Protect
|
|upkeep
|turn|24
|
|t:|1769347695
|move|p1a: Charli xcx|Knock Off|p2a: Araquanid
|-damage|p2a: Araquanid|50/100
|-enditem|p2a: Araquanid|Custap Berry|[from] move: Knock Off|[of] p1a: Charli xcx
|move|p2a: Araquanid|Surf|p1a: Charli xcx
|-damage|p1a: Charli xcx|66/100
|
|upkeep
|turn|25
|
|t:|1769347715
|move|p1a: Charli xcx|Wish|p1a: Charli xcx
|move|p2a: Araquanid|Surf|p1a: Charli xcx
|-crit|p1a: Charli xcx
|-damage|p1a: Charli xcx|15/100
|
|upkeep
|turn|26
|
|t:|1769347720
|switch|p2a: Great Tusk|Great Tusk|100/100
|-enditem|p2a: Great Tusk|Booster Energy
|-activate|p2a: Great Tusk|ability: Protosynthesis|[fromitem]
|-start|p2a: Great Tusk|protosynthesisatk
|move|p1a: Charli xcx|Protect||[still]
|-fail|p1a: Charli xcx
|
|-heal|p1a: Charli xcx|65/100|[from] move: Wish|[wisher] Charli xcx
|upkeep
|turn|27
|
|t:|1769347726
|move|p1a: Charli xcx|Protect|p1a: Charli xcx
|-singleturn|p1a: Charli xcx|Protect
|move|p2a: Great Tusk|Close Combat|p1a: Charli xcx
|-activate|p1a: Charli xcx|move: Protect
|
|upkeep
|turn|28
|j| mega dondozo ex
|
|t:|1769347733
|switch|p1a: Free Palestine|Gliscor, M|100/100 tox
|-damage|p1a: Free Palestine|88/100 tox|[from] Stealth Rock
|move|p2a: Great Tusk|Close Combat|p1a: Free Palestine
|-resisted|p1a: Free Palestine
|-damage|p1a: Free Palestine|59/100 tox
|-unboost|p2a: Great Tusk|def|1
|-unboost|p2a: Great Tusk|spd|1
|
|-heal|p1a: Free Palestine|71/100 tox|[from] ability: Poison Heal
|upkeep
|turn|29
|
|t:|1769347737
|move|p1a: Free Palestine|Protect|p1a: Free Palestine
|-singleturn|p1a: Free Palestine|Protect
|move|p2a: Great Tusk|Ice Spinner|p1a: Free Palestine
|-activate|p1a: Free Palestine|move: Protect
|
|-heal|p1a: Free Palestine|84/100 tox|[from] ability: Poison Heal
|upkeep
|turn|30
|
|t:|1769347742
|switch|p1a: 808 and curses|Dondozo, M|100/100
|-damage|p1a: 808 and curses|88/100|[from] Stealth Rock
|-status|p1a: 808 and curses|psn
|move|p2a: Great Tusk|Ice Spinner|p1a: 808 and curses
|-resisted|p1a: 808 and curses
|-damage|p1a: 808 and curses|80/100 psn
|
|-heal|p1a: 808 and curses|86/100 psn|[from] item: Leftovers
|-damage|p1a: 808 and curses|73/100 psn|[from] psn
|upkeep
|turn|31
|
|t:|1769347747
|move|p2a: Great Tusk|Headlong Rush|p1a: 808 and curses
|-damage|p1a: 808 and curses|31/100 psn
|-unboost|p2a: Great Tusk|def|1
|-unboost|p2a: Great Tusk|spd|1
|move|p1a: 808 and curses|Curse|p1a: 808 and curses
|-unboost|p1a: 808 and curses|spe|1
|-boost|p1a: 808 and curses|atk|1
|-boost|p1a: 808 and curses|def|1
|
|-heal|p1a: 808 and curses|38/100 psn|[from] item: Leftovers
|-damage|p1a: 808 and curses|25/100 psn|[from] psn
|upkeep
|turn|32
|
|t:|1769347753
|move|p2a: Great Tusk|Headlong Rush|p1a: 808 and curses
|-damage|p1a: 808 and curses|0 fnt
|-unboost|p2a: Great Tusk|def|1
|-unboost|p2a: Great Tusk|spd|1
|faint|p1a: 808 and curses
|
|upkeep
|j| hbgzd
|
|t:|1769347759
|switch|p1a: Trump is low IQ|Corviknight, M|83/100
|-damage|p1a: Trump is low IQ|71/100|[from] Stealth Rock
|-ability|p1a: Trump is low IQ|Pressure
|turn|33
|
|t:|1769347766
|-end|p2a: Great Tusk|Protosynthesis|[silent]
|switch|p2a: Gholdengo|Gholdengo|96/100
|move|p1a: Trump is low IQ|Roost|p1a: Trump is low IQ
|-heal|p1a: Trump is low IQ|100/100
|-singleturn|p1a: Trump is low IQ|move: Roost
|
|upkeep
|turn|34
|
|t:|1769347770
|move|p2a: Gholdengo|Nasty Plot|p2a: Gholdengo
|-boost|p2a: Gholdengo|spa|2
|move|p1a: Trump is low IQ|U-turn|p2a: Gholdengo
|-resisted|p2a: Gholdengo
|-damage|p2a: Gholdengo|93/100
|
|t:|1769347772
|switch|p1a: Save Sudan|Slowking-Galar, M|100/100|[from] U-turn
|-damage|p1a: Save Sudan|88/100|[from] Stealth Rock
|-sideend|p1: Trainer #39|move: Toxic Spikes|[of] p1a: Save Sudan
|
|upkeep
|turn|35
|
|t:|1769347777
|switch|p1a: Charli xcx|Clefable, M, tera:Dark|65/100
|-damage|p1a: Charli xcx|53/100|[from] Stealth Rock
|move|p2a: Gholdengo|Shadow Ball|p1a: Charli xcx
|-resisted|p1a: Charli xcx
|-damage|p1a: Charli xcx|39/100
|-unboost|p1a: Charli xcx|spd|1
|
|upkeep
|turn|36
|
|t:|1769347784
|switch|p1a: Trump is low IQ|Corviknight, M|100/100
|-damage|p1a: Trump is low IQ|88/100|[from] Stealth Rock
|-ability|p1a: Trump is low IQ|Pressure
|move|p2a: Gholdengo|Make It Rain|p1a: Trump is low IQ
|-resisted|p1a: Trump is low IQ
|-damage|p1a: Trump is low IQ|26/100
|-unboost|p2a: Gholdengo|spa|1
|
|upkeep
|turn|37
|j| FirstLightSoulja
|-message|Trainer #39 forfeited.
|
|win|machopped unc
|raw|Trainer #39's rating: 1793 &rarr; <strong>1773</strong><br />(-20 for losing)
|raw|machopped unc's rating: 1790 &rarr; <strong>1810</strong><br />(+20 for winning)
|l|☆Trainer #39
|player|p1|
|l| hbgzd
|c| mega dondozo ex|stall defeated, lets goo
|l| mega dondozo ex
