|j|☆4G3NC Teo
|j|☆2001 waves
|t:|1769406464
|gametype|singles
|player|p1|4G3NC Teo|iris-gen5bw2|1469
|player|p2|2001 waves|2|1471
|gen|9
|tier|[Gen 9] OU
|rated|
|rule|HP Percentage Mod: HP is shown in percentages
|rule|Endless Battle Clause: Forcing endless battles is banned
|rule|Species Clause: Limit one of each Pokémon
|rule|OHKO Clause: OHKO moves are banned
|rule|Evasion Items Clause: Evasion items are banned
|rule|Evasion Moves Clause: Evasion moves are banned
|rule|Evasion Abilities Clause: Evasion abilities are banned
|rule|Sleep Moves Clause: Sleep-inducing moves are banned
|clearpoke
|poke|p1|Quaquaval, F|
|poke|p1|Dragapult, F|
|poke|p1|Ursaluna, F|
|poke|p1|Sinistcha-Masterpiece|
|poke|p1|Tinkaton, F|
|poke|p1|Iron Treads|
|poke|p2|Samurott-Hisui, M|
|poke|p2|Darkrai|
|poke|p2|Gholdengo|
|poke|p2|Great Tusk|
|poke|p2|Zoroark-Hisui, M|
|poke|p2|Clefable, M|
|teampreview
|inactive|Battle timer is ON: inactive players will automatically lose when time's up. (requested by 4G3NC Teo)
|
|t:|1769406486
|teamsize|p1|6
|teamsize|p2|6
|start
|switch|p1a: Another Stone|Tinkaton, F|100/100
|switch|p2a: Gholdengo|Gholdengo|100/100
|turn|1
|
|t:|1769406491
|switch|p1a: Billie Toppy|Ursaluna, F|100/100
|move|p2a: Gholdengo|Shadow Ball|p1a: Billie Toppy
|-immune|p1a: Billie Toppy
|
|upkeep
|turn|2
|
|t:|1769406498
|switch|p2a: Gholdengo|Gholdengo|100/100
|-item|p2a: Gholdengo|Air Balloon
|move|p1a: Billie Toppy|Headlong Rush|p2a: Gholdengo
|-immune|p2a: Gholdengo
|
|upkeep
|turn|3
|
|t:|1769406502
|switch|p2a: Great Tusk|Great Tusk|100/100
|move|p1a: Billie Toppy|Supercell Slam|p2a: Great Tusk
|-immune|p2a: Great Tusk
|-damage|p1a: Billie Toppy|51/100|[from] supercellslam
|
|upkeep
|turn|4
|
|t:|1769406507
|switch|p1a: Husk|Sinistcha-Masterpiece|100/100
|move|p2a: Great Tusk|Stealth Rock|p1a: Husk
|-sidestart|p1: 4G3NC Teo|move: Stealth Rock
|
|upkeep
|turn|5
|
|t:|1769406511
|-end|p2a: Great Tusk|Protosynthesis|[silent]
|switch|p2a: Clefable|Clefable, M|100/100
|move|p1a: Husk|Matcha Gotcha|p2a: Clefable|[miss]
|-miss|p1a: Husk|p2a: Clefable
|
|upkeep
|turn|6
|
|t:|1769406515
|move|p1a: Husk|Calm Mind|p1a: Husk
|-boost|p1a: Husk|spa|1
|-boost|p1a: Husk|spd|1
|move|p2a: Clefable|Knock Off|p1a: Husk
|-supereffective|p1a: Husk
|-damage|p1a: Husk|76/100
|-enditem|p1a: Husk|Heavy-Duty Boots|[from] move: Knock Off|[of] p2a: Clefable
|
|upkeep
|turn|7
|
|t:|1769406517
|move|p1a: Husk|Matcha Gotcha|p2a: Clefable|[miss]
|-miss|p1a: Husk|p2a: Clefable
|move|p2a: Clefable|Calm Mind|p2a: Clefable
|-boost|p2a: Clefable|spa|1
|-boost|p2a: Clefable|spd|1
|
|upkeep
|turn|8
|
|t:|1769406522
|switch|p1a: Another Stone|Tinkaton, F|100/100
|-damage|p1a: Another Stone|94/100|[from] Stealth Rock
|move|p2a: Clefable|Moonblast|p1a: Another Stone
|-resisted|p1a: Another Stone
|-damage|p1a: Another Stone|74/100
|-unboost|p1a: Another Stone|spa|1
|
|-heal|p1a: Another Stone|80/100|[from] item: Leftovers
|upkeep
|turn|9
|
|t:|1769406530
|switch|p2a: Samurott|Samurott-Hisui, M|100/100
|move|p1a: Another Stone|Stealth Rock|p2a: Samurott
|-sidestart|p2: 2001 waves|move: Stealth Rock
|
|-heal|p1a: Another Stone|87/100|[from] item: Leftovers
|upkeep
|turn|10
|
|t:|1769406534
|move|p1a: Another Stone|Thunder Wave|p2a: Samurott
|-status|p2a: Samurott|par
|cant|p2a: Samurott|par
|
|-heal|p1a: Another Stone|93/100|[from] item: Leftovers
|upkeep
|turn|11
|
|t:|1769406537
|move|p1a: Another Stone|Knock Off|p2a: Samurott
|-resisted|p2a: Samurott
|-damage|p2a: Samurott|92/100 par
|-enditem|p2a: Samurott|Assault Vest|[from] move: Knock Off|[of] p1a: Another Stone
|move|p2a: Samurott|Ceaseless Edge|p1a: Another Stone
|-resisted|p1a: Another Stone
|-damage|p1a: Another Stone|69/100
|-sidestart|p1: 4G3NC Teo|Spikes
|
|-heal|p1a: Another Stone|76/100|[from] item: Leftovers
|upkeep
|turn|12
|
|t:|1769406544
|switch|p1a: Porcelain|Iron Treads|100/100
|-damage|p1a: Porcelain|98/100|[from] Stealth Rock
|-damage|p1a: Porcelain|85/100|[from] Spikes
|-enditem|p1a: Porcelain|Booster Energy
|-activate|p1a: Porcelain|ability: Quark Drive|[fromitem]
|-start|p1a: Porcelain|quarkdrivespe
|cant|p2a: Samurott|par
|
|upkeep
|turn|13
|
|t:|1769406552
|move|p1a: Porcelain|Rapid Spin|p2a: Samurott
|-damage|p2a: Samurott|76/100 par
|-boost|p1a: Porcelain|spe|1
|-sideend|p1: 4G3NC Teo|Spikes|[from] move: Rapid Spin|[of] p1a: Porcelain
|-sideend|p1: 4G3NC Teo|Stealth Rock|[from] move: Rapid Spin|[of] p1a: Porcelain
|cant|p2a: Samurott|par
|
|upkeep
|turn|14
|
|t:|1769406562
|move|p1a: Porcelain|Earthquake|p2a: Samurott
|-damage|p2a: Samurott|28/100 par
|move|p2a: Samurott|Razor Shell|p1a: Porcelain
|-supereffective|p1a: Porcelain
|-damage|p1a: Porcelain|2/100
|
|upkeep
|turn|15
|
|t:|1769406565
|move|p2a: Samurott|Sucker Punch|p1a: Porcelain
|-damage|p1a: Porcelain|0 fnt
|faint|p1a: Porcelain
|-end|p1a: Porcelain|Quark Drive|[silent]
|
|upkeep
|
|t:|1769406570
|switch|p1a: Seranade of Water|Quaquaval, F|100/100
|turn|16
|
|t:|1769406574
|switch|p2a: Clefable|Clefable, M|100/100
|move|p1a: Seranade of Water|Close Combat|p2a: Clefable
|-resisted|p2a: Clefable
|-damage|p2a: Clefable|79/100
|-unboost|p1a: Seranade of Water|def|1
|-unboost|p1a: Seranade of Water|spd|1
|
|upkeep
|turn|17
|
|t:|1769406581
|switch|p1a: Another Stone|Tinkaton, F|76/100
|move|p2a: Clefable|Knock Off|p1a: Another Stone
|-resisted|p1a: Another Stone
|-damage|p1a: Another Stone|67/100
|-enditem|p1a: Another Stone|Leftovers|[from] move: Knock Off|[of] p2a: Clefable
|-enditem|p2a: Clefable|Heavy-Duty Boots|[silent]|[from] ability: Pickpocket|[of] p2a: Clefable
|-item|p1a: Another Stone|Heavy-Duty Boots|[from] ability: Pickpocket|[of] p2a: Clefable
|
|upkeep
|turn|18
|
|t:|1769406602
|switch|p2a: Gholdengo|Gholdengo|100/100
|-damage|p2a: Gholdengo|94/100|[from] Stealth Rock
|-item|p2a: Gholdengo|Air Balloon
|move|p1a: Another Stone|Knock Off|p2a: Gholdengo
|-supereffective|p2a: Gholdengo
|-damage|p2a: Gholdengo|70/100
|-enditem|p2a: Gholdengo|Air Balloon
|
|upkeep
|turn|19
|
|t:|1769406611
|switch|p1a: Billie Toppy|Ursaluna, F|51/100
|move|p2a: Gholdengo|Make It Rain|p1a: Billie Toppy
|-damage|p1a: Billie Toppy|22/100
|-unboost|p2a: Gholdengo|spa|1
|
|upkeep
|turn|20
|
|t:|1769406637
|switch|p2a: Great Tusk|Great Tusk|100/100
|move|p1a: Billie Toppy|Headlong Rush|p2a: Great Tusk
|-damage|p2a: Great Tusk|51/100
|-unboost|p1a: Billie Toppy|def|1
|-unboost|p1a: Billie Toppy|spd|1
|
|upkeep
|turn|21
|
|t:|1769406641
|switch|p1a: Husk|Sinistcha-Masterpiece|76/100
|move|p2a: Great Tusk|Ice Spinner|p1a: Husk
|-supereffective|p1a: Husk
|-damage|p1a: Husk|31/100
|
|upkeep
|turn|22
|
|t:|1769406647
|-terastallize|p1a: Husk|Steel
|move|p2a: Great Tusk|Ice Spinner|p1a: Husk
|-resisted|p1a: Husk
|-damage|p1a: Husk|19/100
|move|p1a: Husk|Strength Sap|p2a: Great Tusk
|-unboost|p2a: Great Tusk|atk|1
|-heal|p1a: Husk|100/100
|
|upkeep
|turn|23
|
|t:|1769406654
|-end|p2a: Great Tusk|Protosynthesis|[silent]
|switch|p2a: Clefable|Clefable, M|79/100
|-damage|p2a: Clefable|67/100|[from] Stealth Rock
|switch|p1a: Billie Toppy|Ursaluna, F|22/100
|
|upkeep
|turn|24
|
|t:|1769406659
|switch|p2a: Great Tusk|Great Tusk|51/100
|move|p1a: Billie Toppy|Headlong Rush|p2a: Great Tusk
|-crit|p2a: Great Tusk
|-damage|p2a: Great Tusk|0 fnt
|-unboost|p1a: Billie Toppy|def|1
|-unboost|p1a: Billie Toppy|spd|1
|faint|p2a: Great Tusk
|-end|p2a: Great Tusk|Protosynthesis|[silent]
|
|upkeep
|
|t:|1769406680
|switch|p2a: Darkrai|Darkrai|100/100
|turn|25
|
|t:|1769406683
|move|p2a: Darkrai|Dark Pulse|p1a: Billie Toppy
|-damage|p1a: Billie Toppy|0 fnt
|faint|p1a: Billie Toppy
|
|upkeep
|
|t:|1769406685
|switch|p1a: Another Stone|Tinkaton, F|67/100
|turn|26
|
|t:|1769406688
|switch|p2a: Gholdengo|Gholdengo|70/100
|-damage|p2a: Gholdengo|64/100|[from] Stealth Rock
|move|p1a: Another Stone|Thunder Wave|p2a: Gholdengo
|-immune|p2a: Gholdengo|[from] ability: Good as Gold
|
|upkeep
|turn|27
|
|t:|1769406694
|move|p1a: Another Stone|Knock Off|p2a: Gholdengo
|-supereffective|p2a: Gholdengo
|-damage|p2a: Gholdengo|47/100
|move|p2a: Gholdengo|Recover|p2a: Gholdengo
|-heal|p2a: Gholdengo|97/100
|
|upkeep
|turn|28
|
|t:|1769406697
|move|p1a: Another Stone|Knock Off|p2a: Gholdengo
|-supereffective|p2a: Gholdengo
|-crit|p2a: Gholdengo
|-damage|p2a: Gholdengo|72/100
|move|p2a: Gholdengo|Thunder Wave|p1a: Another Stone
|-status|p1a: Another Stone|par
|
|upkeep
|turn|29
|
|t:|1769406700
|move|p2a: Gholdengo|Hex|p1a: Another Stone
|-damage|p1a: Another Stone|17/100 par
|move|p1a: Another Stone|Knock Off|p2a: Gholdengo
|-supereffective|p2a: Gholdengo
|-damage|p2a: Gholdengo|55/100
|
|upkeep
|turn|30
|
|t:|1769406704
|switch|p1a: Numb|Dragapult, F|100/100
|move|p2a: Gholdengo|Recover|p2a: Gholdengo
|-heal|p2a: Gholdengo|100/100
|
|upkeep
|turn|31
|
|t:|1769406710
|-terastallize|p2a: Gholdengo|Fairy
|move|p1a: Numb|Shadow Ball|p2a: Gholdengo
|-damage|p2a: Gholdengo|47/100
|move|p2a: Gholdengo|Thunder Wave|p1a: Numb
|-status|p1a: Numb|par
|
|upkeep
|turn|32
|
|t:|1769406716
|move|p2a: Gholdengo|Hex|p1a: Numb
|-supereffective|p1a: Numb
|-damage|p1a: Numb|0 fnt
|faint|p1a: Numb
|
|upkeep
|
|t:|1769406718
|switch|p1a: Seranade of Water|Quaquaval, F|100/100
|turn|33
|
|t:|1769406723
|move|p1a: Seranade of Water|Aqua Step|p2a: Gholdengo
|-damage|p2a: Gholdengo|18/100
|-boost|p1a: Seranade of Water|spe|1
|move|p2a: Gholdengo|Thunder Wave|p1a: Seranade of Water
|-status|p1a: Seranade of Water|par
|
|upkeep
|turn|34
|
|t:|1769406726
|move|p1a: Seranade of Water|Aqua Step|p2a: Gholdengo
|-damage|p2a: Gholdengo|0 fnt
|-boost|p1a: Seranade of Water|spe|1
|faint|p2a: Gholdengo
|-ability|p1a: Seranade of Water|Moxie|boost
|-boost|p1a: Seranade of Water|atk|1
|
|upkeep
|
|t:|1769406729
|switch|p2a: Clefable|Clefable, M|67/100
|-damage|p2a: Clefable|54/100|[from] Stealth Rock
|turn|35
|
|t:|1769406734
|move|p1a: Seranade of Water|Aqua Step|p2a: Clefable
|-damage|p2a: Clefable|21/100
|-boost|p1a: Seranade of Water|spe|1
|move|p2a: Clefable|Moonblast|p1a: Seranade of Water
|-supereffective|p1a: Seranade of Water
|-damage|p1a: Seranade of Water|11/100 par
|-unboost|p1a: Seranade of Water|spa|1
|
|upkeep
|turn|36
|
|t:|1769406755
|move|p1a: Seranade of Water|Aqua Step|p2a: Clefable
|-damage|p2a: Clefable|0 fnt
|-boost|p1a: Seranade of Water|spe|1
|faint|p2a: Clefable
|-ability|p1a: Seranade of Water|Moxie|boost
|-boost|p1a: Seranade of Water|atk|1
|
|upkeep
|
|t:|1769406758
|switch|p2a: Samurott|Samurott-Hisui, M|28/100 par
|-damage|p2a: Samurott|15/100 par|[from] Stealth Rock
|turn|37
|
|t:|1769406762
|move|p2a: Samurott|Sucker Punch||[still]
|-fail|p2a: Samurott
|move|p1a: Seranade of Water|Swords Dance|p1a: Seranade of Water
|-boost|p1a: Seranade of Water|atk|2
|
|upkeep
|turn|38
|
|t:|1769406764
|move|p2a: Samurott|Sucker Punch||[still]
|-fail|p2a: Samurott
|move|p1a: Seranade of Water|Swords Dance|p1a: Seranade of Water
|-boost|p1a: Seranade of Water|atk|2
|
|upkeep
|turn|39
|
|t:|1769406767
|move|p2a: Samurott|Sucker Punch||[still]
|-fail|p2a: Samurott
|move|p1a: Seranade of Water|Swords Dance|p1a: Seranade of Water
|-boost|p1a: Seranade of Water|atk|0
|
|upkeep
|turn|40
|
|t:|1769406770
|move|p1a: Seranade of Water|Aqua Step|p2a: Samurott
|-resisted|p2a: Samurott
|-damage|p2a: Samurott|0 fnt
|-boost|p1a: Seranade of Water|spe|1
|faint|p2a: Samurott
|
|upkeep
|
|t:|1769406775
|switch|p2a: Darkrai|Darkrai|100/100
|turn|41
|
|t:|1769406779
|move|p1a: Seranade of Water|Close Combat|p2a: Darkrai
|-supereffective|p2a: Darkrai
|-damage|p2a: Darkrai|0 fnt
|-unboost|p1a: Seranade of Water|def|1
|-unboost|p1a: Seranade of Water|spd|1
|faint|p2a: Darkrai
|
|upkeep
|
|t:|1769406781
|switch|p2a: Zoroark|Zoroark-Hisui, M|100/100
|-damage|p2a: Zoroark|88/100|[from] Stealth Rock
|turn|42
|
|t:|1769406783
|move|p1a: Seranade of Water|Aqua Step|p2a: Zoroark
|-damage|p2a: Zoroark|0 fnt
|-boost|p1a: Seranade of Water|spe|1
|faint|p2a: Zoroark
|
|win|4G3NC Teo
|raw|4G3NC Teo's rating: 1469 &rarr; <strong>1489</strong><br />(+20 for winning)
|raw|2001 waves's rating: 1471 &rarr; <strong>1451</strong><br />(-20 for losing)
|l|☆2001 waves
|player|p2|
|l|☆4G3NC Teo
|player|p1|
