|j|☆redistr
|j|☆Hecty96
|t:|1769305832
|gametype|singles
|player|p1|redistr|red|1340
|player|p2|Hecty96|drayden|1356
|gen|9
|tier|[Gen 9] OU
|rated|
|rule|HP Percentage Mod: HP is shown in percentages
|rule|Endless Battle Clause: Forcing endless battles is banned
|rule|Species Clause: Limit one of each Pokémon
|rule|OHKO Clause: OHKO moves are banned
|rule|Evasion Items Clause: Evasion items are banned
|rule|Evasion Moves Clause: Evasion moves are banned
|rule|Evasion Abilities Clause: Evasion abilities are banned
|rule|Sleep Moves Clause: Sleep-inducing moves are banned
|clearpoke
|poke|p1|Garchomp, F|
|poke|p1|Darkrai|
|poke|p1|Gholdengo|
|poke|p1|Ogerpon-Wellspring, F|
|poke|p1|Iron Valiant|
|poke|p1|Iron Treads|
|poke|p2|Braviary-Hisui, M|
|poke|p2|Ninetales-Alola, M|
|poke|p2|Terrakion|
|poke|p2|Reuniclus, M|
|poke|p2|Swampert, M|
|poke|p2|Goodra-Hisui, M|
|teampreview
|inactive|Battle timer is ON: inactive players will automatically lose when time's up. (requested by redistr)
|
|t:|1769305851
|teamsize|p1|6
|teamsize|p2|6
|start
|switch|p1a: Gholdengo|Gholdengo|100/100
|switch|p2a: Braviary|Braviary-Hisui, M, shiny|100/100
|-item|p1a: Gholdengo|Air Balloon
|turn|1
|
|t:|1769305868
|switch|p2a: Goodra|Goodra-Hisui, M|100/100
|move|p1a: Gholdengo|Thunder Wave|p2a: Goodra
|-status|p2a: Goodra|par
|
|upkeep
|turn|2
|
|t:|1769305883
|move|p1a: Gholdengo|Hex|p2a: Goodra
|-damage|p2a: Goodra|70/100 par
|move|p2a: Goodra|Thunderbolt|p1a: Gholdengo
|-damage|p1a: Gholdengo|71/100
|-enditem|p1a: Gholdengo|Air Balloon
|
|upkeep
|turn|3
|
|t:|1769305893
|switch|p1a: Garchomp|Garchomp, F|100/100
|move|p2a: Goodra|Surf|p1a: Garchomp
|-damage|p1a: Garchomp|73/100
|
|upkeep
|turn|4
|
|t:|1769305899
|switch|p2a: Ninetales|Ninetales-Alola, M, shiny|100/100
|-weather|Snowscape|[from] ability: Snow Warning|[of] p2a: Ninetales
|move|p1a: Garchomp|Stealth Rock|p2a: Ninetales
|-sidestart|p2: Hecty96|move: Stealth Rock
|
|-weather|Snowscape|[upkeep]
|upkeep
|turn|5
|
|t:|1769305910
|switch|p1a: Gholdengo|Gholdengo|71/100
|move|p2a: Ninetales|Aurora Veil|p2a: Ninetales
|-sidestart|p2: Hecty96|move: Aurora Veil
|
|-weather|Snowscape|[upkeep]
|upkeep
|turn|6
|
|t:|1769305919
|switch|p2a: Braviary|Braviary-Hisui, M, shiny|100/100
|-damage|p2a: Braviary|76/100|[from] Stealth Rock
|move|p1a: Gholdengo|Thunder Wave|p2a: Braviary
|-status|p2a: Braviary|par
|
|-weather|Snowscape|[upkeep]
|upkeep
|turn|7
|
|t:|1769305938
|-terastallize|p2a: Braviary|Fighting
|move|p1a: Gholdengo|Hex|p2a: Braviary
|-damage|p2a: Braviary|46/100 par
|move|p2a: Braviary|Heat Wave|p1a: Gholdengo
|-supereffective|p1a: Gholdengo
|-damage|p1a: Gholdengo|0 fnt
|faint|p1a: Gholdengo
|
|-weather|Snowscape|[upkeep]
|upkeep
|inactive|redistr has 120 seconds left.
|
|t:|1769305972
|switch|p1a: Iron Valiant|Iron Valiant|100/100
|-enditem|p1a: Iron Valiant|Booster Energy
|-activate|p1a: Iron Valiant|ability: Quark Drive|[fromitem]
|-start|p1a: Iron Valiant|quarkdrivespe
|turn|8
|
|t:|1769305985
|switch|p2a: Ninetales|Ninetales-Alola, M, shiny|100/100
|-damage|p2a: Ninetales|76/100|[from] Stealth Rock
|move|p1a: Iron Valiant|Moonblast|p2a: Ninetales
|-damage|p2a: Ninetales|48/100
|
|-weather|none
|upkeep
|turn|9
|inactive|redistr has 120 seconds left.
|
|t:|1769306001
|-end|p1a: Iron Valiant|Quark Drive|[silent]
|switch|p1a: Iron Treads|Iron Treads|100/100
|move|p2a: Ninetales|Draining Kiss|p1a: Iron Treads
|-resisted|p1a: Iron Treads
|-crit|p1a: Iron Treads
|-damage|p1a: Iron Treads|89/100
|-heal|p2a: Ninetales|58/100|[from] drain|[of] p1a: Iron Treads
|
|-heal|p1a: Iron Treads|95/100|[from] item: Leftovers
|upkeep
|turn|10
|
|t:|1769306016
|move|p2a: Ninetales|Chilling Water|p1a: Iron Treads
|-supereffective|p1a: Iron Treads
|-damage|p1a: Iron Treads|72/100
|-unboost|p1a: Iron Treads|atk|1
|move|p1a: Iron Treads|Knock Off|p2a: Ninetales
|-resisted|p2a: Ninetales
|-damage|p2a: Ninetales|52/100
|-enditem|p2a: Ninetales|Light Clay|[from] move: Knock Off|[of] p1a: Iron Treads
|
|-heal|p1a: Iron Treads|78/100|[from] item: Leftovers
|upkeep
|turn|11
|
|t:|1769306036
|switch|p2a: Goodra|Goodra-Hisui, M|70/100 par
|-damage|p2a: Goodra|64/100 par|[from] Stealth Rock
|move|p1a: Iron Treads|Earthquake|p2a: Goodra
|-supereffective|p2a: Goodra
|-damage|p2a: Goodra|39/100 par
|
|-heal|p1a: Iron Treads|84/100|[from] item: Leftovers
|upkeep
|turn|12
|
|t:|1769306053
|move|p1a: Iron Treads|Earthquake|p2a: Goodra
|-supereffective|p2a: Goodra
|-damage|p2a: Goodra|16/100 par
|move|p2a: Goodra|Surf|p1a: Iron Treads
|-supereffective|p1a: Iron Treads
|-damage|p1a: Iron Treads|23/100
|
|-heal|p1a: Iron Treads|29/100|[from] item: Leftovers
|-sideend|p2: Hecty96|move: Aurora Veil
|upkeep
|turn|13
|
|t:|1769306066
|switch|p2a: Braviary|Braviary-Hisui, M, shiny, tera:Fighting|46/100 par
|-damage|p2a: Braviary|40/100 par|[from] Stealth Rock
|move|p1a: Iron Treads|Earthquake|p2a: Braviary
|-damage|p2a: Braviary|11/100 par
|
|-heal|p1a: Iron Treads|35/100|[from] item: Leftovers
|upkeep
|turn|14
|
|t:|1769306079
|move|p2a: Braviary|Vacuum Wave|p1a: Iron Treads
|-supereffective|p1a: Iron Treads
|-damage|p1a: Iron Treads|0 fnt
|faint|p1a: Iron Treads
|-end|p1a: Iron Treads|Quark Drive|[silent]
|-damage|p2a: Braviary|1/100 par|[from] item: Life Orb
|
|upkeep
|
|t:|1769306089
|switch|p1a: Iron Valiant|Iron Valiant|100/100
|turn|15
|
|t:|1769306097
|move|p1a: Iron Valiant|Moonblast|p2a: Braviary
|-supereffective|p2a: Braviary
|-damage|p2a: Braviary|0 fnt
|faint|p2a: Braviary
|
|upkeep
|
|t:|1769306121
|switch|p2a: Ninetales|Ninetales-Alola, M, shiny|52/100
|-damage|p2a: Ninetales|27/100|[from] Stealth Rock
|-weather|Snowscape|[from] ability: Snow Warning|[of] p2a: Ninetales
|turn|16
|
|t:|1769306127
|move|p1a: Iron Valiant|Moonblast|p2a: Ninetales
|-damage|p2a: Ninetales|0 fnt
|faint|p2a: Ninetales
|
|-weather|Snowscape|[upkeep]
|upkeep
|
|t:|1769306145
|switch|p2a: Reuniclus|Reuniclus, M|100/100
|turn|17
|
|t:|1769306159
|-end|p1a: Iron Valiant|Quark Drive|[silent]
|switch|p1a: Darkrai|Darkrai|100/100
|move|p2a: Reuniclus|Trick Room|p2a: Reuniclus
|-fieldstart|move: Trick Room|[of] p2a: Reuniclus
|
|-weather|Snowscape|[upkeep]
|upkeep
|turn|18
|
|t:|1769306167
|switch|p2a: Goodra|Goodra-Hisui, M|16/100 par
|-damage|p2a: Goodra|10/100 par|[from] Stealth Rock
|move|p1a: Darkrai|Knock Off|p2a: Goodra
|-damage|p2a: Goodra|0 fnt
|-ability|p2a: Goodra|Gooey
|-unboost|p1a: Darkrai|spe|1
|-enditem|p2a: Goodra|Assault Vest|[from] move: Knock Off|[of] p1a: Darkrai
|faint|p2a: Goodra
|
|-weather|Snowscape|[upkeep]
|upkeep
|
|t:|1769306182
|switch|p2a: Swampert|Swampert, M|100/100
|-damage|p2a: Swampert|94/100|[from] Stealth Rock
|turn|19
|
|t:|1769306192
|move|p2a: Swampert|Earthquake|p1a: Darkrai
|-damage|p1a: Darkrai|35/100
|move|p1a: Darkrai|Knock Off|p2a: Swampert
|-damage|p2a: Swampert|68/100
|-enditem|p2a: Swampert|Leftovers|[from] move: Knock Off|[of] p1a: Darkrai
|
|-weather|Snowscape|[upkeep]
|upkeep
|turn|20
|
|t:|1769306201
|switch|p1a: Ogerpon|Ogerpon-Wellspring, F|100/100
|move|p2a: Swampert|Earthquake|p1a: Ogerpon
|-resisted|p1a: Ogerpon
|-damage|p1a: Ogerpon|71/100
|
|-weather|none
|upkeep
|turn|21
|
|t:|1769306216
|move|p2a: Swampert|Poison Jab|p1a: Ogerpon
|-supereffective|p1a: Ogerpon
|-damage|p1a: Ogerpon|11/100
|move|p1a: Ogerpon|Synthesis|p1a: Ogerpon
|-heal|p1a: Ogerpon|61/100
|
|-fieldend|move: Trick Room
|upkeep
|turn|22
|
|t:|1769306231
|move|p1a: Ogerpon|Trailblaze|p2a: Swampert
|-supereffective|p2a: Swampert
|-damage|p2a: Swampert|0 fnt
|-boost|p1a: Ogerpon|spe|1
|faint|p2a: Swampert
|
|upkeep
|inactive|Hecty96 has 120 seconds left.
|
|t:|1769306267
|switch|p2a: Reuniclus|Reuniclus, M|100/100
|turn|23
|
|t:|1769306275
|-terastallize|p1a: Ogerpon|Water
|detailschange|p1a: Ogerpon|Ogerpon-Wellspring-Tera, F, tera:Water
|-ability|p1a: Ogerpon|Embody Aspect (Wellspring)|boost
|-boost|p1a: Ogerpon|spd|1
|move|p1a: Ogerpon|Ivy Cudgel|p2a: Reuniclus|[anim] Ivy Cudgel Water
|-crit|p2a: Reuniclus
|-enditem|p2a: Reuniclus|Focus Sash
|-damage|p2a: Reuniclus|1/100
|move|p2a: Reuniclus|Trick Room|p2a: Reuniclus
|-fieldstart|move: Trick Room|[of] p2a: Reuniclus
|
|upkeep
|turn|24
|inactive|Hecty96 has 120 seconds left.
|
|t:|1769306301
|move|p2a: Reuniclus|Psychic Noise|p1a: Ogerpon
|-damage|p1a: Ogerpon|31/100
|-start|p1a: Ogerpon|move: Heal Block
|cant|p1a: Ogerpon|move: Heal Block|Synthesis
|
|upkeep
|turn|25
|
|t:|1769306310
|switch|p1a: Darkrai|Darkrai|35/100
|move|p2a: Reuniclus|Psychic Noise|p1a: Darkrai
|-immune|p1a: Darkrai
|
|upkeep
|turn|26
|inactive|Hecty96 has 120 seconds left.
|
|t:|1769306330
|move|p2a: Reuniclus|Focus Blast|p1a: Darkrai
|-supereffective|p1a: Darkrai
|-damage|p1a: Darkrai|0 fnt
|faint|p1a: Darkrai
|
|upkeep
|
|t:|1769306337
|switch|p1a: Garchomp|Garchomp, F|73/100
|turn|27
|
|t:|1769306343
|move|p2a: Reuniclus|Psychic Noise|p1a: Garchomp
|-damage|p1a: Garchomp|32/100
|-start|p1a: Garchomp|move: Heal Block
|move|p1a: Garchomp|Earthquake|p2a: Reuniclus
|-damage|p2a: Reuniclus|0 fnt
|faint|p2a: Reuniclus
|
|-fieldend|move: Trick Room
|upkeep
|
|t:|1769306354
|switch|p2a: Terrakion|Terrakion|100/100
|-damage|p2a: Terrakion|94/100|[from] Stealth Rock
|turn|28
|
|t:|1769306365
|move|p2a: Terrakion|Sacred Sword|p1a: Garchomp
|-damage|p1a: Garchomp|0 fnt
|-damage|p2a: Terrakion|82/100|[from] ability: Rough Skin|[of] p1a: Garchomp
|-damage|p2a: Terrakion|66/100|[from] item: Rocky Helmet|[of] p1a: Garchomp
|faint|p1a: Garchomp
|
|upkeep
|
|t:|1769306370
|switch|p1a: Ogerpon|Ogerpon-Wellspring-Tera, F, tera:Water|31/100
|-ability|p1a: Ogerpon|Embody Aspect (Wellspring)|boost
|-boost|p1a: Ogerpon|spd|1
|turn|29
|
|t:|1769306375
|move|p2a: Terrakion|Sacred Sword|p1a: Ogerpon
|-damage|p1a: Ogerpon|0 fnt
|faint|p1a: Ogerpon
|detailschange|p1: Ogerpon|Ogerpon-Wellspring, F|[silent]
|
|upkeep
|
|t:|1769306378
|switch|p1a: Iron Valiant|Iron Valiant|100/100
|turn|30
|
|t:|1769306383
|move|p2a: Terrakion|Sacred Sword|p1a: Iron Valiant
|-resisted|p1a: Iron Valiant
|-damage|p1a: Iron Valiant|68/100
|move|p1a: Iron Valiant|Moonblast|p2a: Terrakion
|-supereffective|p2a: Terrakion
|-damage|p2a: Terrakion|0 fnt
|faint|p2a: Terrakion
|
|win|redistr
|raw|redistr's rating: 1340 &rarr; <strong>1361</strong><br />(+21 for winning)
|raw|Hecty96's rating: 1356 &rarr; <strong>1335</strong><br />(-21 for losing)
|l|☆redistr
|player|p1|
|l|☆Hecty96
|player|p2|
