|j|☆its called
|j|☆2QWIL
|t:|1769297365
|gametype|singles
|player|p1|its called|blue|1211
|player|p2|2QWIL|brycen|1243
|gen|9
|tier|[Gen 9] OU
|rated|
|rule|HP Percentage Mod: HP is shown in percentages
|rule|Endless Battle Clause: Forcing endless battles is banned
|rule|Species Clause: Limit one of each Pokémon
|rule|OHKO Clause: OHKO moves are banned
|rule|Evasion Items Clause: Evasion items are banned
|rule|Evasion Moves Clause: Evasion moves are banned
|rule|Evasion Abilities Clause: Evasion abilities are banned
|rule|Sleep Moves Clause: Sleep-inducing moves are banned
|clearpoke
|poke|p1|Alomomola, M|
|poke|p1|Blissey, F|
|poke|p1|Clodsire, F|
|poke|p1|Gliscor, F|
|poke|p1|Dondozo, F|
|poke|p1|Muk, F|
|poke|p2|Klefki, F|
|poke|p2|Qwilfish, F|
|poke|p2|Uxie|
|poke|p2|Kingdra, M|
|poke|p2|Kilowattrel, M|
|poke|p2|Overqwil, M|
|teampreview
|inactive|Battle timer is ON: inactive players will automatically lose when time's up. (requested by 2QWIL)
|
|t:|1769297388
|teamsize|p1|6
|teamsize|p2|6
|start
|switch|p1a: Gliscor|Gliscor, F|100/100
|switch|p2a: Uxie|Uxie|100/100
|turn|1
|
|t:|1769297395
|move|p2a: Uxie|Stealth Rock|p1a: Gliscor
|-sidestart|p1: its called|move: Stealth Rock
|move|p1a: Gliscor|Knock Off|p2a: Uxie
|-supereffective|p2a: Uxie
|-damage|p2a: Uxie|69/100
|-enditem|p2a: Uxie|Damp Rock|[from] move: Knock Off|[of] p1a: Gliscor
|
|-status|p1a: Gliscor|tox|[from] item: Toxic Orb
|upkeep
|turn|2
|
|t:|1769297424
|move|p2a: Uxie|Rain Dance|p2a: Uxie
|-weather|RainDance
|move|p1a: Gliscor|Spikes|p2a: Uxie
|-sidestart|p2: 2QWIL|Spikes
|
|-weather|RainDance|[upkeep]
|upkeep
|turn|3
|inactive|2QWIL has 120 seconds left.
|inactive|its called has 120 seconds left.
|
|t:|1769297461
|move|p2a: Uxie|Encore|p1a: Gliscor
|-start|p1a: Gliscor|Encore
|move|p1a: Gliscor|Spikes|p2a: Uxie
|-sidestart|p2: 2QWIL|Spikes
|
|-weather|RainDance|[upkeep]
|upkeep
|turn|4
|
|t:|1769297466
|switch|p2a: Overqwil|Overqwil, M, shiny|100/100
|-damage|p2a: Overqwil|84/100|[from] Spikes
|move|p1a: Gliscor|Spikes|p2a: Overqwil
|-sidestart|p2: 2QWIL|Spikes
|
|-weather|RainDance|[upkeep]
|upkeep
|turn|5
|
|t:|1769297475
|switch|p1a: Dondozo|Dondozo, F|100/100
|move|p2a: Overqwil|Swords Dance|p2a: Overqwil
|-boost|p2a: Overqwil|atk|2
|
|-weather|RainDance|[upkeep]
|upkeep
|turn|6
|
|t:|1769297484
|move|p2a: Overqwil|Gunk Shot|p1a: Dondozo|[miss]
|-miss|p2a: Overqwil|p1a: Dondozo
|move|p1a: Dondozo|Curse|p1a: Dondozo
|-unboost|p1a: Dondozo|spe|1
|-boost|p1a: Dondozo|atk|1
|-boost|p1a: Dondozo|def|1
|
|-weather|none
|upkeep
|turn|7
|
|t:|1769297488
|move|p2a: Overqwil|Gunk Shot|p1a: Dondozo
|-damage|p1a: Dondozo|82/100
|-status|p1a: Dondozo|psn
|move|p1a: Dondozo|Body Press|p2a: Overqwil
|-damage|p2a: Overqwil|32/100
|
|-damage|p1a: Dondozo|69/100 psn|[from] psn
|upkeep
|turn|8
|
|t:|1769297496
|switch|p2a: Uxie|Uxie|69/100
|move|p1a: Dondozo|Body Press|p2a: Uxie
|-resisted|p2a: Uxie
|-crit|p2a: Uxie
|-damage|p2a: Uxie|47/100
|
|-damage|p1a: Dondozo|57/100 psn|[from] psn
|upkeep
|turn|9
|
|t:|1769297515
|switch|p1a: Gliscor|Gliscor, F|100/100 tox
|-damage|p1a: Gliscor|88/100 tox|[from] Stealth Rock
|move|p2a: Uxie|Knock Off|p1a: Gliscor
|-damage|p1a: Gliscor|78/100 tox
|-enditem|p1a: Gliscor|Toxic Orb|[from] move: Knock Off|[of] p2a: Uxie
|
|-heal|p1a: Gliscor|90/100 tox|[from] ability: Poison Heal
|upkeep
|turn|10
|
|t:|1769297521
|move|p2a: Uxie|Rain Dance|p2a: Uxie
|-weather|RainDance
|move|p1a: Gliscor|Poison Jab|p2a: Uxie
|-damage|p2a: Uxie|35/100
|-status|p2a: Uxie|psn
|
|-weather|RainDance|[upkeep]
|-damage|p2a: Uxie|23/100 psn|[from] psn
|-heal|p1a: Gliscor|100/100 tox|[from] ability: Poison Heal
|upkeep
|turn|11
|
|t:|1769297529
|switch|p2a: Kilowattrel|Kilowattrel, M|100/100
|move|p1a: Gliscor|Knock Off|p2a: Kilowattrel
|-damage|p2a: Kilowattrel|64/100
|-enditem|p2a: Kilowattrel|Heavy-Duty Boots|[from] move: Knock Off|[of] p1a: Gliscor
|
|-weather|RainDance|[upkeep]
|upkeep
|turn|12
|
|t:|1769297541
|switch|p1a: Blissey|Blissey, F|100/100
|-terastallize|p2a: Kilowattrel|Water
|move|p2a: Kilowattrel|Weather Ball|p1a: Blissey
|-damage|p1a: Blissey|81/100
|
|-weather|RainDance|[upkeep]
|upkeep
|turn|13
|
|t:|1769297546
|move|p2a: Kilowattrel|Volt Switch|p1a: Blissey
|-damage|p1a: Blissey|72/100
|
|t:|1769297551
|switch|p2a: Qwilfish|Qwilfish, F, shiny|100/100|[from] Volt Switch
|-damage|p2a: Qwilfish|76/100|[from] Spikes
|move|p1a: Blissey|Stealth Rock|p2a: Qwilfish
|-sidestart|p2: 2QWIL|move: Stealth Rock
|
|-weather|RainDance|[upkeep]
|upkeep
|turn|14
|
|t:|1769297558
|switch|p1a: Dondozo|Dondozo, F|57/100 psn
|move|p2a: Qwilfish|Toxic||[still]
|-fail|p2a: Qwilfish
|
|-weather|none
|-damage|p1a: Dondozo|44/100 psn|[from] psn
|upkeep
|turn|15
|
|t:|1769297563
|move|p2a: Qwilfish|Spikes|p1a: Dondozo
|-sidestart|p1: its called|Spikes
|move|p1a: Dondozo|Rest|p1a: Dondozo
|-status|p1a: Dondozo|slp|[from] move: Rest
|-heal|p1a: Dondozo|100/100 slp|[silent]
|
|upkeep
|turn|16
|
|t:|1769297567
|move|p2a: Qwilfish|Spikes|p1a: Dondozo
|-sidestart|p1: its called|Spikes
|cant|p1a: Dondozo|slp
|move|p1a: Dondozo|Sleep Talk|p1a: Dondozo
|move|p1a: Dondozo|Body Press|p2a: Qwilfish|[from] move: Sleep Talk
|-resisted|p2a: Qwilfish
|-damage|p2a: Qwilfish|64/100
|-damage|p1a: Dondozo|84/100 slp|[from] item: Rocky Helmet|[of] p2a: Qwilfish
|
|upkeep
|turn|17
|
|t:|1769297571
|move|p2a: Qwilfish|Spikes|p1a: Dondozo
|-sidestart|p1: its called|Spikes
|cant|p1a: Dondozo|slp
|move|p1a: Dondozo|Sleep Talk|p1a: Dondozo
|move|p1a: Dondozo|Rest||[from] move: Sleep Talk|[still]
|-fail|p1a: Dondozo
|
|upkeep
|turn|18
|
|t:|1769297577
|move|p2a: Qwilfish|Flip Turn|p1a: Dondozo
|-resisted|p1a: Dondozo
|-damage|p1a: Dondozo|79/100 slp
|
|t:|1769297586
|switch|p2a: Klefki|Klefki, F|100/100|[from] Flip Turn
|-damage|p2a: Klefki|76/100|[from] Spikes
|-damage|p2a: Klefki|70/100|[from] Stealth Rock
|-curestatus|p1a: Dondozo|slp|[msg]
|move|p1a: Dondozo|Curse|p1a: Dondozo
|-unboost|p1a: Dondozo|spe|1
|-boost|p1a: Dondozo|atk|1
|-boost|p1a: Dondozo|def|1
|
|upkeep
|turn|19
|
|t:|1769297596
|switch|p1a: Gliscor|Gliscor, F|100/100 tox
|-damage|p1a: Gliscor|88/100 tox|[from] Stealth Rock
|move|p2a: Klefki|Thunder Wave|p1a: Gliscor
|-immune|p1a: Gliscor
|
|-heal|p1a: Gliscor|100/100 tox|[from] ability: Poison Heal
|upkeep
|turn|20
|
|t:|1769297600
|move|p2a: Klefki|Rain Dance|p2a: Klefki
|-weather|RainDance
|move|p1a: Gliscor|Knock Off|p2a: Klefki
|-resisted|p2a: Klefki
|-damage|p2a: Klefki|58/100
|-enditem|p2a: Klefki|Damp Rock|[from] move: Knock Off|[of] p1a: Gliscor
|
|-weather|RainDance|[upkeep]
|upkeep
|turn|21
|
|t:|1769297616
|switch|p1a: Blissey|Blissey, F|72/100
|move|p2a: Klefki|Foul Play|p1a: Blissey
|-damage|p1a: Blissey|69/100
|
|-weather|RainDance|[upkeep]
|upkeep
|turn|22
|
|t:|1769297628
|switch|p2a: Qwilfish|Qwilfish, F, shiny|64/100
|-damage|p2a: Qwilfish|40/100|[from] Spikes
|-damage|p2a: Qwilfish|27/100|[from] Stealth Rock
|move|p1a: Blissey|Seismic Toss|p2a: Qwilfish
|-damage|p2a: Qwilfish|0 fnt
|-damage|p1a: Blissey|53/100|[from] item: Rocky Helmet|[of] p2a: Qwilfish
|faint|p2a: Qwilfish
|
|-weather|RainDance|[upkeep]
|upkeep
|
|t:|1769297633
|switch|p2a: Kilowattrel|Kilowattrel, M, tera:Water|64/100
|-damage|p2a: Kilowattrel|39/100|[from] Spikes
|-damage|p2a: Kilowattrel|27/100|[from] Stealth Rock
|turn|23
|-message|2QWIL forfeited.
|
|win|its called
|raw|its called's rating: 1211 &rarr; <strong>1238</strong><br />(+27 for winning)
|raw|2QWIL's rating: 1243 &rarr; <strong>1216</strong><br />(-27 for losing)
|l|☆2QWIL
|player|p2|
|l|☆its called
|player|p1|
