|j|☆NO1Griefer
|j|☆swedrf
|t:|1769407776
|gametype|singles
|player|p1|NO1Griefer|cameraman|1195
|player|p2|swedrf|worker|1219
|gen|9
|tier|[Gen 9] OU
|rated|
|rule|HP Percentage Mod: HP is shown in percentages
|rule|Endless Battle Clause: Forcing endless battles is banned
|rule|Species Clause: Limit one of each Pokémon
|rule|OHKO Clause: OHKO moves are banned
|rule|Evasion Items Clause: Evasion items are banned
|rule|Evasion Moves Clause: Evasion moves are banned
|rule|Evasion Abilities Clause: Evasion abilities are banned
|rule|Sleep Moves Clause: Sleep-inducing moves are banned
|clearpoke
|poke|p1|Scovillain, F|
|poke|p1|Torkoal, M|
|poke|p1|Lilligant, F|
|poke|p1|Venusaur, M|
|poke|p1|Leafeon, M|
|poke|p1|Ceruledge, M|
|poke|p2|Scizor, M|
|poke|p2|Gholdengo|
|poke|p2|Garchomp, F|
|poke|p2|Primarina, F|
|poke|p2|Clodsire, M|
|poke|p2|Rotom-Heat|
|teampreview
|inactive|Battle timer is ON: inactive players will automatically lose when time's up. (requested by swedrf)
|
|t:|1769407787
|teamsize|p1|6
|teamsize|p2|6
|start
|switch|p1a: Torkoal|Torkoal, M, shiny|100/100
|switch|p2a: Clodsire|Clodsire, M|100/100
|-weather|SunnyDay|[from] ability: Drought|[of] p1a: Torkoal
|turn|1
|
|t:|1769407804
|switch|p1a: Venusaur|Venusaur, M, shiny|100/100
|move|p2a: Clodsire|Earthquake|p1a: Venusaur
|-damage|p1a: Venusaur|63/100
|
|-weather|SunnyDay|[upkeep]
|upkeep
|turn|2
|
|t:|1769407812
|move|p1a: Venusaur|Solar Beam||[still]
|-prepare|p1a: Venusaur|Solar Beam
|-anim|p1a: Venusaur|Solar Beam|p2a: Clodsire
|-damage|p2a: Clodsire|64/100
|-damage|p1a: Venusaur|53/100|[from] item: Life Orb
|move|p2a: Clodsire|Stealth Rock|p1a: Venusaur
|-sidestart|p1: NO1Griefer|move: Stealth Rock
|
|-weather|SunnyDay|[upkeep]
|-heal|p2a: Clodsire|70/100|[from] item: Leftovers
|upkeep
|turn|3
|
|t:|1769407826
|switch|p1a: Leafeon|Leafeon, M|100/100
|-damage|p1a: Leafeon|88/100|[from] Stealth Rock
|move|p2a: Clodsire|Toxic Spikes|p1a: Leafeon
|-sidestart|p1: NO1Griefer|move: Toxic Spikes
|
|-weather|SunnyDay|[upkeep]
|-heal|p1a: Leafeon|94/100|[from] item: Leftovers
|-heal|p2a: Clodsire|77/100|[from] item: Leftovers
|upkeep
|turn|4
|
|t:|1769407835
|move|p1a: Leafeon|Leaf Blade|p2a: Clodsire
|-damage|p2a: Clodsire|25/100
|move|p2a: Clodsire|Toxic Spikes|p1a: Leafeon
|-sidestart|p1: NO1Griefer|move: Toxic Spikes
|
|-weather|SunnyDay|[upkeep]
|-heal|p1a: Leafeon|99/100|[from] item: Leftovers
|-heal|p2a: Clodsire|32/100|[from] item: Leftovers
|upkeep
|turn|5
|
|t:|1769407845
|switch|p2a: Rotom|Rotom-Heat|100/100
|move|p1a: Leafeon|Leaf Blade|p2a: Rotom
|-resisted|p2a: Rotom
|-damage|p2a: Rotom|71/100
|
|-weather|SunnyDay|[upkeep]
|-heal|p1a: Leafeon|100/100|[from] item: Leftovers
|upkeep
|turn|6
|
|t:|1769407863
|switch|p1a: Venusaur|Venusaur, M, shiny|53/100
|-damage|p1a: Venusaur|41/100|[from] Stealth Rock
|-sideend|p1: NO1Griefer|move: Toxic Spikes|[of] p1a: Venusaur
|move|p2a: Rotom|Will-O-Wisp|p1a: Venusaur
|-status|p1a: Venusaur|brn
|
|-weather|SunnyDay|[upkeep]
|-damage|p1a: Venusaur|35/100 brn|[from] brn
|upkeep
|turn|7
|
|t:|1769407874
|move|p1a: Venusaur|Sludge Bomb|p2a: Rotom
|-damage|p2a: Rotom|0 fnt
|faint|p2a: Rotom
|-damage|p1a: Venusaur|25/100 brn|[from] item: Life Orb
|
|-weather|SunnyDay|[upkeep]
|-damage|p1a: Venusaur|19/100 brn|[from] brn
|upkeep
|
|t:|1769407880
|switch|p2a: Scizor|Scizor, M|100/100
|turn|8
|
|t:|1769407887
|move|p2a: Scizor|Bullet Punch|p1a: Venusaur
|-damage|p1a: Venusaur|0 fnt
|faint|p1a: Venusaur
|
|-weather|none
|upkeep
|
|t:|1769407890
|switch|p1a: Torkoal|Torkoal, M, shiny|100/100
|-damage|p1a: Torkoal|76/100|[from] Stealth Rock
|-weather|SunnyDay|[from] ability: Drought|[of] p1a: Torkoal
|turn|9
|
|t:|1769407904
|switch|p2a: Garchomp|Garchomp, F|100/100
|move|p1a: Torkoal|Will-O-Wisp|p2a: Garchomp
|-status|p2a: Garchomp|brn
|
|-weather|SunnyDay|[upkeep]
|-damage|p2a: Garchomp|94/100 brn|[from] brn
|upkeep
|turn|10
|
|t:|1769407920
|switch|p1a: Scovillain|Scovillain, F|100/100
|-damage|p1a: Scovillain|76/100|[from] Stealth Rock
|move|p2a: Garchomp|Spikes|p1a: Scovillain
|-sidestart|p1: NO1Griefer|Spikes
|
|-weather|SunnyDay|[upkeep]
|-heal|p2a: Garchomp|100/100 brn|[from] item: Leftovers
|-damage|p2a: Garchomp|94/100 brn|[from] brn
|upkeep
|turn|11
|
|t:|1769407929
|move|p1a: Scovillain|Solar Beam||[still]
|-prepare|p1a: Scovillain|Solar Beam
|-anim|p1a: Scovillain|Solar Beam|p2a: Garchomp
|-damage|p2a: Garchomp|22/100 brn
|-damage|p1a: Scovillain|66/100|[from] item: Life Orb
|move|p2a: Garchomp|Dragon Tail|p1a: Scovillain
|-damage|p1a: Scovillain|39/100
|drag|p1a: Leafeon|Leafeon, M|100/100
|-damage|p1a: Leafeon|88/100|[from] Stealth Rock
|-damage|p1a: Leafeon|76/100|[from] Spikes
|
|-weather|SunnyDay|[upkeep]
|-heal|p1a: Leafeon|82/100|[from] item: Leftovers
|-heal|p2a: Garchomp|28/100 brn|[from] item: Leftovers
|-damage|p2a: Garchomp|22/100 brn|[from] brn
|upkeep
|turn|12
|
|t:|1769407949
|move|p1a: Leafeon|Leaf Blade|p2a: Garchomp
|-damage|p2a: Garchomp|0 fnt
|-damage|p1a: Leafeon|69/100|[from] ability: Rough Skin|[of] p2a: Garchomp
|faint|p2a: Garchomp
|
|-weather|SunnyDay|[upkeep]
|-heal|p1a: Leafeon|75/100|[from] item: Leftovers
|upkeep
|
|t:|1769407953
|switch|p2a: Scizor|Scizor, M|100/100
|turn|13
|
|t:|1769407973
|switch|p1a: Scovillain|Scovillain, F|39/100
|-damage|p1a: Scovillain|15/100|[from] Stealth Rock
|-damage|p1a: Scovillain|2/100|[from] Spikes
|move|p2a: Scizor|Bug Bite|p1a: Scovillain
|-damage|p1a: Scovillain|0 fnt
|faint|p1a: Scovillain
|
|-weather|SunnyDay|[upkeep]
|upkeep
|
|t:|1769407987
|switch|p1a: Ceruledge|Ceruledge, M, shiny|100/100
|-damage|p1a: Ceruledge|76/100|[from] Stealth Rock
|-damage|p1a: Ceruledge|63/100|[from] Spikes
|turn|14
|
|t:|1769407993
|switch|p1a: Lilligant|Lilligant, F, shiny|100/100
|-damage|p1a: Lilligant|88/100|[from] Stealth Rock
|-damage|p1a: Lilligant|76/100|[from] Spikes
|switch|p2a: Primarina|Primarina, F|100/100
|
|-weather|SunnyDay|[upkeep]
|upkeep
|turn|15
|
|t:|1769408003
|switch|p2a: Gholdengo|Gholdengo|100/100
|move|p1a: Lilligant|Quiver Dance|p1a: Lilligant
|-boost|p1a: Lilligant|spa|1
|-boost|p1a: Lilligant|spd|1
|-boost|p1a: Lilligant|spe|1
|
|-weather|SunnyDay|[upkeep]
|upkeep
|turn|16
|
|t:|1769408008
|move|p1a: Lilligant|Weather Ball|p2a: Gholdengo
|-supereffective|p2a: Gholdengo
|-damage|p2a: Gholdengo|0 fnt
|faint|p2a: Gholdengo
|
|-weather|none
|upkeep
|
|t:|1769408015
|switch|p2a: Scizor|Scizor, M|100/100
|turn|17
|
|t:|1769408035
|switch|p1a: Torkoal|Torkoal, M, shiny|76/100
|-damage|p1a: Torkoal|51/100|[from] Stealth Rock
|-damage|p1a: Torkoal|39/100|[from] Spikes
|-weather|SunnyDay|[from] ability: Drought|[of] p1a: Torkoal
|move|p2a: Scizor|Bug Bite|p1a: Torkoal
|-resisted|p1a: Torkoal
|-damage|p1a: Torkoal|10/100
|
|-weather|SunnyDay|[upkeep]
|upkeep
|turn|18
|
|t:|1769408047
|move|p2a: Scizor|Bug Bite|p1a: Torkoal
|-resisted|p1a: Torkoal
|-damage|p1a: Torkoal|0 fnt
|faint|p1a: Torkoal
|
|-weather|SunnyDay|[upkeep]
|upkeep
|
|t:|1769408056
|switch|p1a: Ceruledge|Ceruledge, M, shiny|63/100
|-damage|p1a: Ceruledge|39/100|[from] Stealth Rock
|-damage|p1a: Ceruledge|26/100|[from] Spikes
|turn|19
|
|t:|1769408065
|switch|p2a: Clodsire|Clodsire, M|32/100
|move|p1a: Ceruledge|Bitter Blade|p2a: Clodsire
|-damage|p2a: Clodsire|0 fnt
|-heal|p1a: Ceruledge|51/100|[from] drain|[of] p2a: Clodsire
|faint|p2a: Clodsire
|
|-weather|SunnyDay|[upkeep]
|upkeep
|
|t:|1769408069
|switch|p2a: Scizor|Scizor, M|100/100
|turn|20
|
|t:|1769408071
|-terastallize|p2a: Scizor|Fire
|move|p1a: Ceruledge|Bitter Blade|p2a: Scizor
|-resisted|p2a: Scizor
|-damage|p2a: Scizor|69/100
|-heal|p1a: Ceruledge|70/100|[from] drain|[of] p2a: Scizor
|move|p2a: Scizor|Knock Off|p1a: Ceruledge
|-supereffective|p1a: Ceruledge
|-damage|p1a: Ceruledge|0 fnt
|-enditem|p1a: Ceruledge|Focus Sash|[from] move: Knock Off|[of] p2a: Scizor
|faint|p1a: Ceruledge
|
|-weather|SunnyDay|[upkeep]
|upkeep
|
|t:|1769408093
|switch|p1a: Leafeon|Leafeon, M|75/100
|-damage|p1a: Leafeon|63/100|[from] Stealth Rock
|-damage|p1a: Leafeon|51/100|[from] Spikes
|turn|21
|
|t:|1769408100
|switch|p2a: Primarina|Primarina, F|100/100
|move|p1a: Leafeon|Knock Off|p2a: Primarina
|-resisted|p2a: Primarina
|-damage|p2a: Primarina|82/100
|-enditem|p2a: Primarina|Heavy-Duty Boots|[from] move: Knock Off|[of] p1a: Leafeon
|
|-weather|SunnyDay|[upkeep]
|-heal|p1a: Leafeon|57/100|[from] item: Leftovers
|upkeep
|turn|22
|
|t:|1769408105
|move|p1a: Leafeon|Leaf Blade|p2a: Primarina
|-supereffective|p2a: Primarina
|-crit|p2a: Primarina
|-damage|p2a: Primarina|0 fnt
|faint|p2a: Primarina
|
|-weather|SunnyDay|[upkeep]
|-heal|p1a: Leafeon|63/100|[from] item: Leftovers
|upkeep
|
|t:|1769408108
|switch|p2a: Scizor|Scizor, M, tera:Fire|69/100
|turn|23
|
|t:|1769408113
|-terastallize|p1a: Leafeon|Ground
|move|p2a: Scizor|Bullet Punch|p1a: Leafeon
|-damage|p1a: Leafeon|13/100
|move|p1a: Leafeon|Tera Blast|p2a: Scizor|[anim] Tera Blast Ground
|-supereffective|p2a: Scizor
|-damage|p2a: Scizor|0 fnt
|faint|p2a: Scizor
|
|win|NO1Griefer
|raw|NO1Griefer's rating: 1195 &rarr; <strong>1222</strong><br />(+27 for winning)
|raw|swedrf's rating: 1219 &rarr; <strong>1192</strong><br />(-27 for losing)
|l|☆NO1Griefer
|player|p1|
