|j|☆capt.once
|j|‽Pingunos117
|t:|1769442084
|gametype|singles
|player|p1|capt.once|clerkf|1436
|player|p2|Pingunos117|rosa|1472
|gen|9
|tier|[Gen 9] OU
|rated|
|rule|HP Percentage Mod: HP is shown in percentages
|rule|Endless Battle Clause: Forcing endless battles is banned
|rule|Species Clause: Limit one of each Pokémon
|rule|OHKO Clause: OHKO moves are banned
|rule|Evasion Items Clause: Evasion items are banned
|rule|Evasion Moves Clause: Evasion moves are banned
|rule|Evasion Abilities Clause: Evasion abilities are banned
|rule|Sleep Moves Clause: Sleep-inducing moves are banned
|clearpoke
|poke|p1|Samurott-Hisui, F|
|poke|p1|Salamence, M|
|poke|p1|Abomasnow, F|
|poke|p1|Glimmora, M|
|poke|p1|Iron Valiant|
|poke|p1|Iron Hands|
|poke|p2|Moltres-Galar|
|poke|p2|Ceruledge, F|
|poke|p2|Latias, F|
|poke|p2|Great Tusk|
|poke|p2|Dragapult, M|
|poke|p2|Gholdengo|
|teampreview
|inactive|Battle timer is ON: inactive players will automatically lose when time's up. (requested by capt.once)
|
|t:|1769442092
|teamsize|p1|6
|teamsize|p2|6
|start
|switch|p1a: Samurott|Samurott-Hisui, F|100/100
|switch|p2a: Dragapult|Dragapult, M|100/100
|turn|1
|
|t:|1769442099
|move|p2a: Dragapult|Reflect|p2a: Dragapult
|-sidestart|p2: Pingunos117|Reflect
|move|p1a: Samurott|Ceaseless Edge|p2a: Dragapult
|-supereffective|p2a: Dragapult
|-damage|p2a: Dragapult|36/100
|-sidestart|p2: Pingunos117|Spikes
|
|upkeep
|turn|2
|
|t:|1769442110
|move|p2a: Dragapult|U-turn|p1a: Samurott
|-supereffective|p1a: Samurott
|-damage|p1a: Samurott|58/100
|
|t:|1769442116
|switch|p2a: Great Tusk|Great Tusk, shiny|100/100|[from] U-turn
|-damage|p2a: Great Tusk|88/100|[from] Spikes
|-enditem|p2a: Great Tusk|Booster Energy
|-activate|p2a: Great Tusk|ability: Protosynthesis|[fromitem]
|-start|p2a: Great Tusk|protosynthesisatk
|move|p1a: Samurott|Ceaseless Edge|p2a: Great Tusk
|-resisted|p2a: Great Tusk
|-damage|p2a: Great Tusk|80/100
|-sidestart|p2: Pingunos117|Spikes
|
|upkeep
|turn|3
|
|t:|1769442141
|switch|p1a: Salamence|Salamence, M|100/100
|move|p2a: Great Tusk|Rapid Spin|p1a: Salamence
|-damage|p1a: Salamence|70/100
|-boost|p2a: Great Tusk|spe|1
|-sideend|p2: Pingunos117|Spikes|[from] move: Rapid Spin|[of] p2a: Great Tusk
|
|upkeep
|turn|4
|inactive|capt.once has 120 seconds left.
|
|t:|1769442166
|move|p2a: Great Tusk|Ice Spinner|p1a: Salamence
|-supereffective|p1a: Salamence
|-crit|p1a: Salamence
|-damage|p1a: Salamence|0 fnt
|faint|p1a: Salamence
|
|upkeep
|
|t:|1769442174
|switch|p1a: Iron Valiant|Iron Valiant|100/100
|-enditem|p1a: Iron Valiant|Booster Energy
|-activate|p1a: Iron Valiant|ability: Quark Drive|[fromitem]
|-start|p1a: Iron Valiant|quarkdrivespe
|turn|5
|
|t:|1769442180
|move|p1a: Iron Valiant|Moonblast|p2a: Great Tusk
|-supereffective|p2a: Great Tusk
|-damage|p2a: Great Tusk|0 fnt
|faint|p2a: Great Tusk
|-end|p2a: Great Tusk|Protosynthesis|[silent]
|
|upkeep
|
|t:|1769442187
|switch|p2a: Gholdengo|Gholdengo|100/100
|-item|p2a: Gholdengo|Air Balloon
|turn|6
|inactive|capt.once has 120 seconds left.
|
|t:|1769442201
|-end|p1a: Iron Valiant|Quark Drive|[silent]
|switch|p1a: Iron Hands|Iron Hands|100/100
|-enditem|p1a: Iron Hands|Booster Energy
|-activate|p1a: Iron Hands|ability: Quark Drive|[fromitem]
|-start|p1a: Iron Hands|quarkdriveatk
|move|p2a: Gholdengo|Make It Rain|p1a: Iron Hands
|-resisted|p1a: Iron Hands
|-damage|p1a: Iron Hands|72/100
|-unboost|p2a: Gholdengo|spa|1
|
|upkeep
|turn|7
|inactive|capt.once has 120 seconds left.
|
|t:|1769442213
|switch|p2a: Latias|Latias, F, shiny|100/100
|move|p1a: Iron Hands|Wild Charge|p2a: Latias
|-resisted|p2a: Latias
|-damage|p2a: Latias|81/100
|-damage|p1a: Iron Hands|69/100|[from] Recoil
|
|upkeep
|turn|8
|inactive|capt.once has 120 seconds left.
|
|t:|1769442223
|-end|p1a: Iron Hands|Quark Drive|[silent]
|switch|p1a: Iron Valiant|Iron Valiant|100/100
|move|p2a: Latias|Calm Mind|p2a: Latias
|-boost|p2a: Latias|spa|1
|-boost|p2a: Latias|spd|1
|
|-sideend|p2: Pingunos117|Reflect
|upkeep
|turn|9
|
|t:|1769442231
|move|p1a: Iron Valiant|Encore|p2a: Latias
|-start|p2a: Latias|Encore
|move|p2a: Latias|Calm Mind|p2a: Latias
|-boost|p2a: Latias|spa|1
|-boost|p2a: Latias|spd|1
|
|upkeep
|turn|10
|
|t:|1769442239
|switch|p2a: Gholdengo|Gholdengo|100/100
|-item|p2a: Gholdengo|Air Balloon
|move|p1a: Iron Valiant|Moonblast|p2a: Gholdengo
|-resisted|p2a: Gholdengo
|-damage|p2a: Gholdengo|78/100
|-unboost|p2a: Gholdengo|spa|1
|-enditem|p2a: Gholdengo|Air Balloon
|
|upkeep
|turn|11
|
|t:|1769442250
|-end|p1a: Iron Valiant|Quark Drive|[silent]
|switch|p1a: Iron Hands|Iron Hands|69/100
|move|p2a: Gholdengo|Nasty Plot|p2a: Gholdengo
|-boost|p2a: Gholdengo|spa|2
|
|upkeep
|turn|12
|
|t:|1769442257
|move|p2a: Gholdengo|Shadow Ball|p1a: Iron Hands
|-damage|p1a: Iron Hands|13/100
|move|p1a: Iron Hands|Earthquake|p2a: Gholdengo
|-supereffective|p2a: Gholdengo
|-damage|p2a: Gholdengo|19/100
|
|upkeep
|turn|13
|
|t:|1769442265
|move|p2a: Gholdengo|Shadow Ball|p1a: Iron Hands
|-damage|p1a: Iron Hands|0 fnt
|faint|p1a: Iron Hands
|-end|p1a: Iron Hands|Quark Drive|[silent]
|
|upkeep
|
|t:|1769442280
|switch|p1a: Samurott|Samurott-Hisui, F|58/100
|turn|14
|
|t:|1769442283
|move|p1a: Samurott|Ceaseless Edge|p2a: Gholdengo
|-supereffective|p2a: Gholdengo
|-damage|p2a: Gholdengo|0 fnt
|-sidestart|p2: Pingunos117|Spikes
|faint|p2a: Gholdengo
|
|upkeep
|
|t:|1769442288
|switch|p2a: Dragapult|Dragapult, M|36/100
|-damage|p2a: Dragapult|24/100|[from] Spikes
|turn|15
|
|t:|1769442293
|move|p2a: Dragapult|Reflect|p2a: Dragapult
|-sidestart|p2: Pingunos117|Reflect
|move|p1a: Samurott|Ceaseless Edge|p2a: Dragapult
|-supereffective|p2a: Dragapult
|-damage|p2a: Dragapult|0 fnt
|-sidestart|p2: Pingunos117|Spikes
|faint|p2a: Dragapult
|
|upkeep
|
|t:|1769442296
|switch|p2a: Moltres|Moltres-Galar, shiny|100/100
|turn|16
|
|t:|1769442307
|switch|p1a: Glimmora|Glimmora, M|100/100
|move|p2a: Moltres|Agility|p2a: Moltres
|-boost|p2a: Moltres|spe|2
|
|upkeep
|turn|17
|
|t:|1769442331
|-terastallize|p2a: Moltres|Fairy
|move|p2a: Moltres|Nasty Plot|p2a: Moltres
|-boost|p2a: Moltres|spa|2
|move|p1a: Glimmora|Power Gem|p2a: Moltres
|-damage|p2a: Moltres|67/100
|
|upkeep
|turn|18
|
|t:|1769442339
|move|p2a: Moltres|Fiery Wrath|p1a: Glimmora
|-damage|p1a: Glimmora|0 fnt
|faint|p1a: Glimmora
|
|upkeep
|
|t:|1769442356
|switch|p1a: Iron Valiant|Iron Valiant|100/100
|turn|19
|
|t:|1769442363
|move|p2a: Moltres|Tera Blast|p1a: Iron Valiant|[anim] Tera Blast Fairy
|-supereffective|p1a: Iron Valiant
|-damage|p1a: Iron Valiant|0 fnt
|faint|p1a: Iron Valiant
|-end|p1a: Iron Valiant|Quark Drive|[silent]
|
|upkeep
|
|t:|1769442375
|switch|p1a: Abomasnow|Abomasnow, F|100/100
|-weather|Snowscape|[from] ability: Snow Warning|[of] p1a: Abomasnow
|turn|20
|
|t:|1769442381
|move|p2a: Moltres|Fiery Wrath|p1a: Abomasnow
|-damage|p1a: Abomasnow|18/100
|move|p1a: Abomasnow|Blizzard|p2a: Moltres
|-damage|p2a: Moltres|25/100
|-ability|p2a: Moltres|Berserk|boost
|-boost|p2a: Moltres|spa|1
|-enditem|p2a: Moltres|Sitrus Berry|[eat]
|-heal|p2a: Moltres|50/100|[from] item: Sitrus Berry
|
|-weather|Snowscape|[upkeep]
|upkeep
|turn|21
|
|t:|1769442392
|move|p2a: Moltres|Fiery Wrath|p1a: Abomasnow
|-damage|p1a: Abomasnow|0 fnt
|faint|p1a: Abomasnow
|
|-weather|Snowscape|[upkeep]
|upkeep
|-message|capt.once forfeited.
|
|win|Pingunos117
|raw|capt.once's rating: 1436 &rarr; <strong>1418</strong><br />(-18 for losing)
|raw|Pingunos117's rating: 1472 &rarr; <strong>1490</strong><br />(+18 for winning)
|l|☆capt.once
|player|p1|
|l|‽Pingunos117
|player|p2|
