|j|☆only_one_shot_33
|j|☆Arsen Rupin
|t:|1769382025
|gametype|singles
|player|p1|only_one_shot_33|barry|1449
|player|p2|Arsen Rupin|cynthia-masters4|1515
|gen|9
|tier|[Gen 9] OU
|rated|
|rule|HP Percentage Mod: HP is shown in percentages
|rule|Endless Battle Clause: Forcing endless battles is banned
|rule|Species Clause: Limit one of each Pokémon
|rule|OHKO Clause: OHKO moves are banned
|rule|Evasion Items Clause: Evasion items are banned
|rule|Evasion Moves Clause: Evasion moves are banned
|rule|Evasion Abilities Clause: Evasion abilities are banned
|rule|Sleep Moves Clause: Sleep-inducing moves are banned
|clearpoke
|poke|p1|Alomomola, F|
|poke|p1|Weezing-Galar, M|
|poke|p1|Armarouge, M|
|poke|p1|Tyranitar, F|
|poke|p1|Rillaboom, M|
|poke|p1|Regidrago|
|poke|p2|Ogerpon, F|
|poke|p2|Rillaboom, F|
|poke|p2|Heatran, F|
|poke|p2|Ting-Lu|
|poke|p2|Okidogi, M|
|poke|p2|Iron Valiant|
|teampreview
|inactive|Battle timer is ON: inactive players will automatically lose when time's up. (requested by only_one_shot_33)
|
|t:|1769382037
|teamsize|p1|6
|teamsize|p2|6
|start
|switch|p1a: Weezing|Weezing-Galar, M|100/100
|switch|p2a: Heatran|Heatran, F|100/100
|-ability|p1a: Weezing|Neutralizing Gas
|-item|p2a: Heatran|Air Balloon
|turn|1
|
|t:|1769382049
|-end|p1a: Weezing|ability: Neutralizing Gas
|switch|p1a: Alomomola|Alomomola, F|100/100
|move|p2a: Heatran|Flash Cannon|p1a: Alomomola
|-resisted|p1a: Alomomola
|-damage|p1a: Alomomola|80/100
|
|upkeep
|turn|2
|
|t:|1769382061
|move|p2a: Heatran|Stealth Rock|p1a: Alomomola
|-sidestart|p1: only_one_shot_33|move: Stealth Rock
|move|p1a: Alomomola|Flip Turn|p2a: Heatran
|-supereffective|p2a: Heatran
|-damage|p2a: Heatran|66/100
|-enditem|p2a: Heatran|Air Balloon
|
|t:|1769382066
|switch|p1a: Rillaboom|Rillaboom, M|100/100|[from] Flip Turn
|-damage|p1a: Rillaboom|88/100|[from] Stealth Rock
|-fieldstart|move: Grassy Terrain|[from] ability: Grassy Surge|[of] p1a: Rillaboom
|
|-heal|p1a: Rillaboom|94/100|[from] Grassy Terrain
|-heal|p2a: Heatran|73/100|[from] Grassy Terrain
|upkeep
|turn|3
|
|t:|1769382077
|move|p1a: Rillaboom|U-turn|p2a: Heatran
|-resisted|p2a: Heatran
|-damage|p2a: Heatran|64/100
|
|t:|1769382079
|switch|p1a: Alomomola|Alomomola, F|100/100|[from] U-turn
|move|p2a: Heatran|Magma Storm|p1a: Alomomola|[miss]
|-miss|p2a: Heatran|p1a: Alomomola
|
|-heal|p2a: Heatran|70/100|[from] Grassy Terrain
|upkeep
|turn|4
|
|t:|1769382098
|move|p2a: Heatran|Earth Power|p1a: Alomomola
|-damage|p1a: Alomomola|73/100
|move|p1a: Alomomola|Flip Turn|p2a: Heatran
|-supereffective|p2a: Heatran
|-damage|p2a: Heatran|36/100
|
|t:|1769382101
|switch|p1a: Rillaboom|Rillaboom, M|94/100|[from] Flip Turn
|-damage|p1a: Rillaboom|82/100|[from] Stealth Rock
|
|-heal|p1a: Rillaboom|88/100|[from] Grassy Terrain
|-heal|p2a: Heatran|42/100|[from] Grassy Terrain
|upkeep
|turn|5
|
|t:|1769382107
|switch|p2a: Rillaboom|Rillaboom, F|100/100
|move|p1a: Rillaboom|Stomping Tantrum|p2a: Rillaboom
|-resisted|p2a: Rillaboom
|-damage|p2a: Rillaboom|83/100
|
|-heal|p1a: Rillaboom|94/100|[from] Grassy Terrain
|-heal|p2a: Rillaboom|89/100|[from] Grassy Terrain
|upkeep
|turn|6
|
|t:|1769382113
|switch|p1a: Weezing|Weezing-Galar, M|100/100
|-ability|p1a: Weezing|Neutralizing Gas
|move|p2a: Rillaboom|U-turn|p1a: Weezing
|-resisted|p1a: Weezing
|-damage|p1a: Weezing|96/100
|
|t:|1769382121
|switch|p2a: Heatran|Heatran, F|42/100|[from] U-turn
|
|-heal|p2a: Heatran|48/100|[from] Grassy Terrain
|-heal|p1a: Weezing|100/100|[from] Grassy Terrain
|-fieldend|move: Grassy Terrain
|upkeep
|turn|7
|
|t:|1769382126
|-end|p1a: Weezing|ability: Neutralizing Gas
|switch|p1a: Alomomola|Alomomola, F|100/100
|move|p2a: Heatran|Earth Power|p1a: Alomomola
|-damage|p1a: Alomomola|72/100
|
|upkeep
|turn|8
|
|t:|1769382139
|move|p2a: Heatran|Earth Power|p1a: Alomomola
|-damage|p1a: Alomomola|45/100
|move|p1a: Alomomola|Flip Turn|p2a: Heatran
|-supereffective|p2a: Heatran
|-damage|p2a: Heatran|16/100
|
|t:|1769382143
|switch|p1a: Rillaboom|Rillaboom, M|94/100|[from] Flip Turn
|-damage|p1a: Rillaboom|82/100|[from] Stealth Rock
|-fieldstart|move: Grassy Terrain|[from] ability: Grassy Surge|[of] p1a: Rillaboom
|
|-heal|p1a: Rillaboom|88/100|[from] Grassy Terrain
|-heal|p2a: Heatran|22/100|[from] Grassy Terrain
|upkeep
|turn|9
|
|t:|1769382149
|move|p1a: Rillaboom|U-turn|p2a: Heatran
|-resisted|p2a: Heatran
|-damage|p2a: Heatran|13/100
|
|t:|1769382151
|switch|p1a: Alomomola|Alomomola, F|78/100|[from] U-turn
|move|p2a: Heatran|Magma Storm|p1a: Alomomola|[miss]
|-miss|p2a: Heatran|p1a: Alomomola
|
|-heal|p2a: Heatran|19/100|[from] Grassy Terrain
|-heal|p1a: Alomomola|84/100|[from] Grassy Terrain
|upkeep
|turn|10
|
|t:|1769382163
|switch|p2a: Okidogi|Okidogi, M|100/100
|move|p1a: Alomomola|Flip Turn|p2a: Okidogi
|-damage|p2a: Okidogi|86/100
|
|t:|1769382167
|switch|p1a: Weezing|Weezing-Galar, M|100/100|[from] Flip Turn
|-ability|p1a: Weezing|Neutralizing Gas
|
|-heal|p2a: Okidogi|92/100|[from] Grassy Terrain
|upkeep
|turn|11
|
|t:|1769382172
|switch|p2a: Heatran|Heatran, F|19/100
|move|p1a: Weezing|Defog|p2a: Heatran
|-unboost|p2a: Heatran|evasion|1
|-sideend|p1: only_one_shot_33|Stealth Rock|[from] move: Defog|[of] p1a: Weezing
|-fieldend|move: Grassy Terrain
|
|upkeep
|turn|12
|
|t:|1769382179
|-end|p1a: Weezing|ability: Neutralizing Gas
|switch|p1a: Alomomola|Alomomola, F|100/100
|move|p2a: Heatran|Stealth Rock|p1a: Alomomola
|-sidestart|p1: only_one_shot_33|move: Stealth Rock
|
|upkeep
|turn|13
|
|t:|1769382186
|switch|p2a: Okidogi|Okidogi, M|92/100
|move|p1a: Alomomola|Flip Turn|p2a: Okidogi
|-crit|p2a: Okidogi
|-damage|p2a: Okidogi|73/100
|
|t:|1769382188
|switch|p1a: Weezing|Weezing-Galar, M|100/100|[from] Flip Turn
|-ability|p1a: Weezing|Neutralizing Gas
|
|upkeep
|turn|14
|
|t:|1769382204
|switch|p2a: Heatran|Heatran, F|19/100
|move|p1a: Weezing|Defog|p2a: Heatran
|-unboost|p2a: Heatran|evasion|1
|-sideend|p1: only_one_shot_33|Stealth Rock|[from] move: Defog|[of] p1a: Weezing
|
|upkeep
|turn|15
|
|t:|1769382217
|switch|p2a: Rillaboom|Rillaboom, F|89/100
|-end|p1a: Weezing|ability: Neutralizing Gas
|-fieldstart|move: Grassy Terrain|[from] ability: Grassy Surge|[of] p2a: Rillaboom
|switch|p1a: Alomomola|Alomomola, F|100/100
|
|-heal|p2a: Rillaboom|95/100|[from] Grassy Terrain
|upkeep
|turn|16
|
|t:|1769382225
|switch|p1a: Weezing|Weezing-Galar, M|100/100
|-ability|p1a: Weezing|Neutralizing Gas
|move|p2a: Rillaboom|Knock Off|p1a: Weezing
|-resisted|p1a: Weezing
|-damage|p1a: Weezing|89/100
|-enditem|p1a: Weezing|Heavy-Duty Boots|[from] move: Knock Off|[of] p2a: Rillaboom
|
|-heal|p2a: Rillaboom|100/100|[from] Grassy Terrain
|-heal|p1a: Weezing|95/100|[from] Grassy Terrain
|upkeep
|turn|17
|
|t:|1769382235
|switch|p2a: Heatran|Heatran, F|19/100
|move|p1a: Weezing|Strange Steam|p2a: Heatran
|-resisted|p2a: Heatran
|-damage|p2a: Heatran|13/100
|
|-heal|p2a: Heatran|19/100|[from] Grassy Terrain
|-heal|p1a: Weezing|100/100|[from] Grassy Terrain
|upkeep
|turn|18
|
|t:|1769382240
|-end|p1a: Weezing|ability: Neutralizing Gas
|switch|p1a: Alomomola|Alomomola, F|100/100
|move|p2a: Heatran|Stealth Rock|p1a: Alomomola
|-sidestart|p1: only_one_shot_33|move: Stealth Rock
|
|-heal|p2a: Heatran|25/100|[from] Grassy Terrain
|upkeep
|turn|19
|
|t:|1769382246
|switch|p2a: Rillaboom|Rillaboom, F|100/100
|move|p1a: Alomomola|Scald|p2a: Rillaboom
|-resisted|p2a: Rillaboom
|-damage|p2a: Rillaboom|92/100
|-status|p2a: Rillaboom|brn
|
|-heal|p2a: Rillaboom|98/100 brn|[from] Grassy Terrain
|-damage|p2a: Rillaboom|92/100 brn|[from] brn
|upkeep
|turn|20
|
|t:|1769382252
|move|p1a: Alomomola|Protect|p1a: Alomomola
|-singleturn|p1a: Alomomola|Protect
|move|p2a: Rillaboom|Knock Off|p1a: Alomomola
|-activate|p1a: Alomomola|move: Protect
|
|-heal|p2a: Rillaboom|98/100 brn|[from] Grassy Terrain
|-damage|p2a: Rillaboom|92/100 brn|[from] brn
|upkeep
|turn|21
|
|t:|1769382257
|switch|p1a: Weezing|Weezing-Galar, M|100/100
|-ability|p1a: Weezing|Neutralizing Gas
|-damage|p1a: Weezing|88/100|[from] Stealth Rock
|move|p2a: Rillaboom|U-turn|p1a: Weezing
|-resisted|p1a: Weezing
|-damage|p1a: Weezing|86/100
|
|t:|1769382266
|switch|p2a: Heatran|Heatran, F|25/100|[from] U-turn
|
|-heal|p2a: Heatran|31/100|[from] Grassy Terrain
|-heal|p1a: Weezing|92/100|[from] Grassy Terrain
|upkeep
|turn|22
|
|t:|1769382271
|-end|p1a: Weezing|ability: Neutralizing Gas
|switch|p1a: Alomomola|Alomomola, F|100/100
|move|p2a: Heatran|Earth Power|p1a: Alomomola
|-damage|p1a: Alomomola|71/100
|-unboost|p1a: Alomomola|spd|1
|
|-heal|p2a: Heatran|38/100|[from] Grassy Terrain
|-heal|p1a: Alomomola|77/100|[from] Grassy Terrain
|-fieldend|move: Grassy Terrain
|upkeep
|turn|23
|
|t:|1769382280
|move|p2a: Heatran|Earth Power|p1a: Alomomola
|-damage|p1a: Alomomola|36/100
|move|p1a: Alomomola|Flip Turn|p2a: Heatran
|-supereffective|p2a: Heatran
|-damage|p2a: Heatran|2/100
|
|t:|1769382299
|switch|p1a: Rillaboom|Rillaboom, M|88/100|[from] Flip Turn
|-damage|p1a: Rillaboom|76/100|[from] Stealth Rock
|-fieldstart|move: Grassy Terrain|[from] ability: Grassy Surge|[of] p1a: Rillaboom
|
|-heal|p1a: Rillaboom|82/100|[from] Grassy Terrain
|-heal|p2a: Heatran|9/100|[from] Grassy Terrain
|upkeep
|turn|24
|
|t:|1769382320
|switch|p2a: Ting-Lu|Ting-Lu|100/100
|-ability|p2a: Ting-Lu|Vessel of Ruin
|move|p1a: Rillaboom|U-turn|p2a: Ting-Lu
|-supereffective|p2a: Ting-Lu
|-crit|p2a: Ting-Lu
|-damage|p2a: Ting-Lu|41/100
|-enditem|p2a: Ting-Lu|Red Card|[of] p1a: Rillaboom
|drag|p1a: Alomomola|Alomomola, F|69/100
|
|-heal|p2a: Ting-Lu|47/100|[from] Grassy Terrain
|-heal|p1a: Alomomola|75/100|[from] Grassy Terrain
|upkeep
|turn|25
|
|t:|1769382333
|move|p2a: Ting-Lu|Spikes|p1a: Alomomola
|-sidestart|p1: only_one_shot_33|Spikes
|move|p1a: Alomomola|Flip Turn|p2a: Ting-Lu
|-supereffective|p2a: Ting-Lu
|-damage|p2a: Ting-Lu|30/100
|
|t:|1769382336
|switch|p1a: Weezing|Weezing-Galar, M|92/100|[from] Flip Turn
|-ability|p1a: Weezing|Neutralizing Gas
|-damage|p1a: Weezing|80/100|[from] Stealth Rock
|-damage|p1a: Weezing|68/100|[from] Spikes
|
|-heal|p1a: Weezing|74/100|[from] Grassy Terrain
|-heal|p2a: Ting-Lu|37/100|[from] Grassy Terrain
|upkeep
|turn|26
|
|t:|1769382348
|move|p1a: Weezing|Defog|p2a: Ting-Lu
|-unboost|p2a: Ting-Lu|evasion|1
|-sideend|p1: only_one_shot_33|Spikes|[from] move: Defog|[of] p1a: Weezing
|-sideend|p1: only_one_shot_33|Stealth Rock|[from] move: Defog|[of] p1a: Weezing
|-fieldend|move: Grassy Terrain
|move|p2a: Ting-Lu|Stomping Tantrum|p1a: Weezing
|-supereffective|p1a: Weezing
|-damage|p1a: Weezing|37/100
|
|upkeep
|turn|27
|
|t:|1769382360
|switch|p2a: Heatran|Heatran, F|9/100
|move|p1a: Weezing|Will-O-Wisp|p2a: Heatran
|-immune|p2a: Heatran
|
|upkeep
|turn|28
|
|t:|1769382370
|-end|p1a: Weezing|ability: Neutralizing Gas
|switch|p1a: Alomomola|Alomomola, F|100/100
|move|p2a: Heatran|Stealth Rock|p1a: Alomomola
|-sidestart|p1: only_one_shot_33|move: Stealth Rock
|
|upkeep
|turn|29
|
|t:|1769382389
|switch|p2a: Rillaboom|Rillaboom, F|92/100 brn
|-fieldstart|move: Grassy Terrain|[from] ability: Grassy Surge|[of] p2a: Rillaboom
|move|p1a: Alomomola|Wish|p1a: Alomomola
|
|-heal|p2a: Rillaboom|98/100 brn|[from] Grassy Terrain
|-damage|p2a: Rillaboom|92/100 brn|[from] brn
|upkeep
|turn|30
|
|t:|1769382401
|switch|p1a: Weezing|Weezing-Galar, M|37/100
|-ability|p1a: Weezing|Neutralizing Gas
|-damage|p1a: Weezing|25/100|[from] Stealth Rock
|move|p2a: Rillaboom|Knock Off|p1a: Weezing
|-resisted|p1a: Weezing
|-damage|p1a: Weezing|21/100
|
|-heal|p1a: Weezing|92/100|[from] move: Wish|[wisher] Alomomola
|-heal|p2a: Rillaboom|98/100 brn|[from] Grassy Terrain
|-heal|p1a: Weezing|98/100|[from] Grassy Terrain
|-damage|p2a: Rillaboom|92/100 brn|[from] brn
|upkeep
|turn|31
|
|t:|1769382408
|switch|p2a: Heatran|Heatran, F|9/100
|move|p1a: Weezing|Defog|p2a: Heatran
|-unboost|p2a: Heatran|evasion|1
|-sideend|p1: only_one_shot_33|Stealth Rock|[from] move: Defog|[of] p1a: Weezing
|-fieldend|move: Grassy Terrain
|
|upkeep
|turn|32
|
|t:|1769382415
|-end|p1a: Weezing|ability: Neutralizing Gas
|switch|p1a: Alomomola|Alomomola, F|100/100
|move|p2a: Heatran|Earth Power|p1a: Alomomola
|-damage|p1a: Alomomola|72/100
|
|upkeep
|turn|33
|
|t:|1769382423
|switch|p2a: Rillaboom|Rillaboom, F|92/100 brn
|-fieldstart|move: Grassy Terrain|[from] ability: Grassy Surge|[of] p2a: Rillaboom
|move|p1a: Alomomola|Flip Turn|p2a: Rillaboom
|-resisted|p2a: Rillaboom
|-damage|p2a: Rillaboom|85/100 brn
|
|t:|1769382444
|switch|p1a: Rillaboom|Rillaboom, M|82/100|[from] Flip Turn
|
|-heal|p1a: Rillaboom|88/100|[from] Grassy Terrain
|-heal|p2a: Rillaboom|91/100 brn|[from] Grassy Terrain
|-damage|p2a: Rillaboom|85/100 brn|[from] brn
|upkeep
|turn|34
|
|t:|1769382460
|move|p1a: Rillaboom|U-turn|p2a: Rillaboom
|-supereffective|p2a: Rillaboom
|-damage|p2a: Rillaboom|21/100 brn
|
|t:|1769382466
|switch|p1a: Weezing|Weezing-Galar, M|98/100|[from] U-turn
|-ability|p1a: Weezing|Neutralizing Gas
|move|p2a: Rillaboom|Knock Off|p1a: Weezing
|-resisted|p1a: Weezing
|-damage|p1a: Weezing|94/100
|
|-heal|p2a: Rillaboom|27/100 brn|[from] Grassy Terrain
|-heal|p1a: Weezing|99/100|[from] Grassy Terrain
|-damage|p2a: Rillaboom|21/100 brn|[from] brn
|upkeep
|turn|35
|
|t:|1769382481
|move|p2a: Rillaboom|U-turn|p1a: Weezing
|-resisted|p1a: Weezing
|-damage|p1a: Weezing|98/100
|
|t:|1769382484
|switch|p2a: Heatran|Heatran, F|9/100|[from] U-turn
|move|p1a: Weezing|Strange Steam|p2a: Heatran
|-resisted|p2a: Heatran
|-damage|p2a: Heatran|2/100
|-start|p2a: Heatran|confusion
|
|-heal|p2a: Heatran|9/100|[from] Grassy Terrain
|-heal|p1a: Weezing|100/100|[from] Grassy Terrain
|upkeep
|turn|36
|
|t:|1769382496
|-end|p1a: Weezing|ability: Neutralizing Gas
|switch|p1a: Alomomola|Alomomola, F|100/100
|-activate|p2a: Heatran|confusion
|move|p2a: Heatran|Earth Power|p1a: Alomomola
|-damage|p1a: Alomomola|70/100
|
|-heal|p2a: Heatran|15/100|[from] Grassy Terrain
|-heal|p1a: Alomomola|76/100|[from] Grassy Terrain
|upkeep
|turn|37
|
|t:|1769382514
|switch|p2a: Okidogi|Okidogi, M|73/100
|move|p1a: Alomomola|Flip Turn|p2a: Okidogi
|-damage|p2a: Okidogi|59/100
|
|t:|1769382532
|switch|p1a: Weezing|Weezing-Galar, M|100/100|[from] Flip Turn
|-ability|p1a: Weezing|Neutralizing Gas
|
|-heal|p2a: Okidogi|65/100|[from] Grassy Terrain
|upkeep
|turn|38
|
|t:|1769382540
|switch|p2a: Heatran|Heatran, F|15/100
|move|p1a: Weezing|Strange Steam|p2a: Heatran
|-resisted|p2a: Heatran
|-damage|p2a: Heatran|8/100
|
|-heal|p2a: Heatran|14/100|[from] Grassy Terrain
|upkeep
|turn|39
|
|t:|1769382549
|-end|p1a: Weezing|ability: Neutralizing Gas
|switch|p1a: Alomomola|Alomomola, F|100/100
|move|p2a: Heatran|Stealth Rock|p1a: Alomomola
|-sidestart|p1: only_one_shot_33|move: Stealth Rock
|
|-heal|p2a: Heatran|20/100|[from] Grassy Terrain
|upkeep
|turn|40
|
|t:|1769382558
|switch|p2a: Okidogi|Okidogi, M|65/100
|move|p1a: Alomomola|Flip Turn|p2a: Okidogi
|-damage|p2a: Okidogi|51/100
|
|t:|1769382562
|switch|p1a: Weezing|Weezing-Galar, M|100/100|[from] Flip Turn
|-ability|p1a: Weezing|Neutralizing Gas
|-damage|p1a: Weezing|88/100|[from] Stealth Rock
|
|-heal|p2a: Okidogi|57/100|[from] Grassy Terrain
|-heal|p1a: Weezing|94/100|[from] Grassy Terrain
|-fieldend|move: Grassy Terrain
|upkeep
|turn|41
|
|t:|1769382567
|move|p2a: Okidogi|Gunk Shot|p1a: Weezing
|-damage|p1a: Weezing|50/100
|move|p1a: Weezing|Defog|p2a: Okidogi
|-unboost|p2a: Okidogi|evasion|1
|-sideend|p1: only_one_shot_33|Stealth Rock|[from] move: Defog|[of] p1a: Weezing
|
|upkeep
|turn|42
|
|t:|1769382575
|switch|p2a: Rillaboom|Rillaboom, F|21/100 brn
|-end|p1a: Weezing|ability: Neutralizing Gas
|-fieldstart|move: Grassy Terrain|[from] ability: Grassy Surge|[of] p2a: Rillaboom
|switch|p1a: Alomomola|Alomomola, F|100/100
|
|-heal|p2a: Rillaboom|27/100 brn|[from] Grassy Terrain
|-damage|p2a: Rillaboom|21/100 brn|[from] brn
|upkeep
|turn|43
|
|t:|1769382587
|move|p2a: Rillaboom|U-turn|p1a: Alomomola
|-damage|p1a: Alomomola|92/100
|
|t:|1769382590
|switch|p2a: Okidogi|Okidogi, M|57/100|[from] U-turn
|move|p1a: Alomomola|Wish|p1a: Alomomola
|
|-heal|p2a: Okidogi|63/100|[from] Grassy Terrain
|-heal|p1a: Alomomola|98/100|[from] Grassy Terrain
|upkeep
|turn|44
|
|t:|1769382599
|switch|p1a: Weezing|Weezing-Galar, M|50/100
|-ability|p1a: Weezing|Neutralizing Gas
|move|p2a: Okidogi|Gunk Shot|p1a: Weezing|[miss]
|-miss|p2a: Okidogi|p1a: Weezing
|
|-heal|p1a: Weezing|100/100|[from] move: Wish|[wisher] Alomomola
|-heal|p2a: Okidogi|69/100|[from] Grassy Terrain
|upkeep
|turn|45
|
|t:|1769382608
|switch|p2a: Heatran|Heatran, F|20/100
|-end|p1a: Weezing|ability: Neutralizing Gas
|switch|p1a: Alomomola|Alomomola, F|100/100
|
|-heal|p2a: Heatran|27/100|[from] Grassy Terrain
|upkeep
|turn|46
|
|t:|1769382618
|switch|p2a: Okidogi|Okidogi, M|69/100
|move|p1a: Alomomola|Flip Turn|p2a: Okidogi
|-damage|p2a: Okidogi|56/100
|
|t:|1769382626
|switch|p1a: Armarouge|Armarouge, M|100/100|[from] Flip Turn
|
|-heal|p2a: Okidogi|62/100|[from] Grassy Terrain
|upkeep
|turn|47
|inactive|Arsen Rupin has 120 seconds left.
|
|t:|1769382657
|switch|p1a: Alomomola|Alomomola, F|100/100
|switch|p2a: Heatran|Heatran, F|27/100
|
|-heal|p2a: Heatran|33/100|[from] Grassy Terrain
|upkeep
|turn|48
|inactive|Arsen Rupin has 120 seconds left.
|
|t:|1769382669
|switch|p2a: Okidogi|Okidogi, M|62/100
|move|p1a: Alomomola|Flip Turn|p2a: Okidogi
|-damage|p2a: Okidogi|48/100
|
|t:|1769382676
|switch|p1a: Tyranitar|Tyranitar, F|100/100|[from] Flip Turn
|-weather|Sandstorm|[from] ability: Sand Stream|[of] p1a: Tyranitar
|
|-weather|Sandstorm|[upkeep]
|-damage|p2a: Okidogi|42/100|[from] Sandstorm
|-heal|p2a: Okidogi|48/100|[from] Grassy Terrain
|upkeep
|turn|49
|
|t:|1769382684
|switch|p1a: Alomomola|Alomomola, F|100/100
|move|p2a: Okidogi|Drain Punch|p1a: Alomomola
|-damage|p1a: Alomomola|73/100
|-heal|p2a: Okidogi|65/100|[from] drain|[of] p1a: Alomomola
|
|-weather|Sandstorm|[upkeep]
|-damage|p2a: Okidogi|59/100|[from] Sandstorm
|-damage|p1a: Alomomola|67/100|[from] Sandstorm
|-heal|p2a: Okidogi|65/100|[from] Grassy Terrain
|-heal|p1a: Alomomola|73/100|[from] Grassy Terrain
|-fieldend|move: Grassy Terrain
|upkeep
|turn|50
|
|t:|1769382694
|move|p2a: Okidogi|Knock Off|p1a: Alomomola
|-crit|p1a: Alomomola
|-damage|p1a: Alomomola|41/100
|-enditem|p1a: Alomomola|Heavy-Duty Boots|[from] move: Knock Off|[of] p2a: Okidogi
|move|p1a: Alomomola|Flip Turn|p2a: Okidogi
|-damage|p2a: Okidogi|53/100
|
|t:|1769382701
|switch|p1a: Regidrago|Regidrago|100/100|[from] Flip Turn
|
|-weather|Sandstorm|[upkeep]
|-damage|p1a: Regidrago|94/100|[from] Sandstorm
|-damage|p2a: Okidogi|47/100|[from] Sandstorm
|upkeep
|turn|51
|
|t:|1769382718
|switch|p2a: Iron Valiant|Iron Valiant|100/100
|-enditem|p2a: Iron Valiant|Booster Energy
|-activate|p2a: Iron Valiant|ability: Quark Drive|[fromitem]
|-start|p2a: Iron Valiant|quarkdrivespe
|move|p1a: Regidrago|Earth Power|p2a: Iron Valiant
|-damage|p2a: Iron Valiant|51/100
|
|-weather|Sandstorm|[upkeep]
|-damage|p2a: Iron Valiant|45/100|[from] Sandstorm
|-damage|p1a: Regidrago|88/100|[from] Sandstorm
|upkeep
|turn|52
|
|t:|1769382730
|switch|p1a: Weezing|Weezing-Galar, M|100/100
|-ability|p1a: Weezing|Neutralizing Gas
|move|p2a: Iron Valiant|Calm Mind|p2a: Iron Valiant
|-boost|p2a: Iron Valiant|spa|1
|-boost|p2a: Iron Valiant|spd|1
|
|-weather|none
|upkeep
|turn|53
|
|t:|1769382766
|move|p2a: Iron Valiant|Thunderbolt|p1a: Weezing
|-damage|p1a: Weezing|41/100
|move|p1a: Weezing|Toxic|p2a: Iron Valiant
|-status|p2a: Iron Valiant|tox
|
|-damage|p2a: Iron Valiant|39/100 tox|[from] psn
|upkeep
|turn|54
|
|t:|1769382777
|-end|p1a: Weezing|ability: Neutralizing Gas
|switch|p1a: Tyranitar|Tyranitar, F|100/100
|-weather|Sandstorm|[from] ability: Sand Stream|[of] p1a: Tyranitar
|move|p2a: Iron Valiant|Moonblast|p1a: Tyranitar
|-supereffective|p1a: Tyranitar
|-damage|p1a: Tyranitar|44/100
|
|-weather|Sandstorm|[upkeep]
|-damage|p2a: Iron Valiant|33/100 tox|[from] Sandstorm
|-heal|p1a: Tyranitar|50/100|[from] item: Leftovers
|-damage|p2a: Iron Valiant|20/100 tox|[from] psn
|upkeep
|turn|55
|
|t:|1769382795
|move|p2a: Iron Valiant|Moonblast|p1a: Tyranitar
|-supereffective|p1a: Tyranitar
|-damage|p1a: Tyranitar|0 fnt
|faint|p1a: Tyranitar
|
|-weather|Sandstorm|[upkeep]
|-damage|p2a: Iron Valiant|14/100 tox|[from] Sandstorm
|-damage|p2a: Iron Valiant|0 fnt|[from] psn
|faint|p2a: Iron Valiant
|-end|p2a: Iron Valiant|Quark Drive|[silent]
|upkeep
|inactive|Arsen Rupin has 120 seconds left.
|
|t:|1769382824
|switch|p2a: Ogerpon|Ogerpon, F|100/100
|switch|p1a: Rillaboom|Rillaboom, M|88/100
|-fieldstart|move: Grassy Terrain|[from] ability: Grassy Surge|[of] p1a: Rillaboom
|turn|56
|inactive|Arsen Rupin has 120 seconds left.
|
|t:|1769382840
|switch|p2a: Ting-Lu|Ting-Lu|37/100
|-ability|p2a: Ting-Lu|Vessel of Ruin
|move|p1a: Rillaboom|U-turn|p2a: Ting-Lu
|-supereffective|p2a: Ting-Lu
|-damage|p2a: Ting-Lu|0 fnt
|faint|p2a: Ting-Lu
|inactive|only_one_shot_33 has 120 seconds left.
|
|t:|1769382862
|switch|p1a: Regidrago|Regidrago|88/100|[from] U-turn
|
|-weather|Sandstorm|[upkeep]
|-damage|p1a: Regidrago|82/100|[from] Sandstorm
|-heal|p1a: Regidrago|88/100|[from] Grassy Terrain
|upkeep
|inactive|Arsen Rupin has 90 seconds left.
|
|t:|1769382898
|switch|p2a: Okidogi|Okidogi, M|47/100
|turn|57
|inactive|Arsen Rupin has 90 seconds left.
|
|t:|1769382913
|move|p1a: Regidrago|Dragon Energy|p2a: Okidogi
|-damage|p2a: Okidogi|0 fnt
|faint|p2a: Okidogi
|
|-weather|Sandstorm|[upkeep]
|-damage|p1a: Regidrago|82/100|[from] Sandstorm
|-heal|p1a: Regidrago|88/100|[from] Grassy Terrain
|upkeep
|
|t:|1769382917
|switch|p2a: Ogerpon|Ogerpon, F|100/100
|turn|58
|inactive|Arsen Rupin has 90 seconds left.
|
|t:|1769382927
|-terastallize|p2a: Ogerpon|Grass
|detailschange|p2a: Ogerpon|Ogerpon-Teal-Tera, F, tera:Grass
|-ability|p2a: Ogerpon|Embody Aspect (Teal)|boost
|-boost|p2a: Ogerpon|spe|1
|move|p2a: Ogerpon|Ivy Cudgel|p1a: Regidrago
|-resisted|p1a: Regidrago
|-damage|p1a: Regidrago|22/100
|move|p1a: Regidrago|Dragon Energy|p2a: Ogerpon
|-damage|p2a: Ogerpon|77/100
|
|-weather|none
|-heal|p2a: Ogerpon|83/100|[from] Grassy Terrain
|-heal|p1a: Regidrago|29/100|[from] Grassy Terrain
|upkeep
|turn|59
|
|t:|1769382944
|move|p2a: Ogerpon|Swords Dance|p2a: Ogerpon
|-boost|p2a: Ogerpon|atk|2
|move|p1a: Regidrago|Dragon Energy|p2a: Ogerpon
|-damage|p2a: Ogerpon|50/100
|
|-heal|p2a: Ogerpon|56/100|[from] Grassy Terrain
|-heal|p1a: Regidrago|35/100|[from] Grassy Terrain
|upkeep
|turn|60
|
|t:|1769382951
|move|p2a: Ogerpon|Ivy Cudgel|p1a: Regidrago
|-resisted|p1a: Regidrago
|-damage|p1a: Regidrago|0 fnt
|faint|p1a: Regidrago
|
|-heal|p2a: Ogerpon|62/100|[from] Grassy Terrain
|-fieldend|move: Grassy Terrain
|upkeep
|
|t:|1769382954
|switch|p1a: Armarouge|Armarouge, M|100/100
|turn|61
|
|t:|1769382976
|-terastallize|p1a: Armarouge|Grass
|move|p2a: Ogerpon|Ivy Cudgel|p1a: Armarouge
|-resisted|p1a: Armarouge
|-damage|p1a: Armarouge|13/100
|-ability|p1a: Armarouge|Weak Armor|boost
|-unboost|p1a: Armarouge|def|1
|-boost|p1a: Armarouge|spe|2
|move|p1a: Armarouge|Armor Cannon|p2a: Ogerpon
|-supereffective|p2a: Ogerpon
|-damage|p2a: Ogerpon|0 fnt
|-unboost|p1a: Armarouge|def|1
|-unboost|p1a: Armarouge|spd|1
|faint|p2a: Ogerpon
|detailschange|p2: Ogerpon|Ogerpon, F|[silent]
|
|-heal|p1a: Armarouge|19/100|[from] item: Leftovers
|upkeep
|
|t:|1769382983
|switch|p2a: Rillaboom|Rillaboom, F|21/100 brn
|-fieldstart|move: Grassy Terrain|[from] ability: Grassy Surge|[of] p2a: Rillaboom
|turn|62
|
|t:|1769383015
|switch|p2a: Heatran|Heatran, F|33/100
|move|p1a: Armarouge|Armor Cannon|p2a: Heatran
|-start|p2a: Heatran|ability: Flash Fire
|
|-heal|p1a: Armarouge|25/100|[from] Grassy Terrain
|-heal|p1a: Armarouge|32/100|[from] item: Leftovers
|-heal|p2a: Heatran|39/100|[from] Grassy Terrain
|upkeep
|turn|63
|inactive|Arsen Rupin has 90 seconds left.
|
|t:|1769383034
|move|p1a: Armarouge|Stored Power|p2a: Heatran
|-resisted|p2a: Heatran
|-damage|p2a: Heatran|23/100
|move|p2a: Heatran|Flash Cannon|p1a: Armarouge
|-damage|p1a: Armarouge|0 fnt
|faint|p1a: Armarouge
|
|-heal|p2a: Heatran|29/100|[from] Grassy Terrain
|upkeep
|
|t:|1769383039
|switch|p1a: Alomomola|Alomomola, F|75/100
|turn|64
|
|t:|1769383052
|move|p2a: Heatran|Magma Storm|p1a: Alomomola
|-resisted|p1a: Alomomola
|-damage|p1a: Alomomola|38/100
|-activate|p1a: Alomomola|move: Magma Storm|[of] p2a: Heatran
|move|p1a: Alomomola|Flip Turn|p2a: Heatran
|-supereffective|p2a: Heatran
|-damage|p2a: Heatran|0 fnt
|faint|p2a: Heatran
|
|t:|1769383060
|switch|p1a: Rillaboom|Rillaboom, M|88/100|[from] Flip Turn
|
|-heal|p1a: Rillaboom|94/100|[from] Grassy Terrain
|upkeep
|-message|Arsen Rupin forfeited.
|
|win|only_one_shot_33
|raw|only_one_shot_33's rating: 1449 &rarr; <strong>1473</strong><br />(+24 for winning)
|raw|Arsen Rupin's rating: 1515 &rarr; <strong>1491</strong><br />(-24 for losing)
|l|☆Arsen Rupin
|player|p2|
