|j|☆Hammez40
|j|☆Diego 210452
|t:|1769410582
|gametype|singles
|player|p1|Hammez40|harlequin|1163
|player|p2|Diego 210452|hilda|1162
|gen|9
|tier|[Gen 9] OU
|rated|
|rule|HP Percentage Mod: HP is shown in percentages
|rule|Endless Battle Clause: Forcing endless battles is banned
|rule|Species Clause: Limit one of each Pokémon
|rule|OHKO Clause: OHKO moves are banned
|rule|Evasion Items Clause: Evasion items are banned
|rule|Evasion Moves Clause: Evasion moves are banned
|rule|Evasion Abilities Clause: Evasion abilities are banned
|rule|Sleep Moves Clause: Sleep-inducing moves are banned
|clearpoke
|poke|p1|Darkrai|
|poke|p1|Iron Crown|
|poke|p1|Quaquaval, M|
|poke|p1|Gliscor, F|
|poke|p1|Florges, F|
|poke|p1|Pecharunt|
|poke|p2|Incineroar, M|
|poke|p2|Vileplume, M|
|poke|p2|Tinkaton, F|
|poke|p2|Volcanion|
|poke|p2|Great Tusk|
|poke|p2|Latios, M|
|teampreview
|
|t:|1769410591
|teamsize|p1|6
|teamsize|p2|6
|start
|switch|p1a: dayman wayans|Pecharunt|100/100
|switch|p2a: Great Tusk|Great Tusk|100/100
|turn|1
|
|t:|1769410601
|move|p1a: dayman wayans|Parting Shot|p2a: Great Tusk
|-unboost|p2a: Great Tusk|atk|1
|-unboost|p2a: Great Tusk|spa|1
|
|t:|1769410618
|switch|p1a: elton|Quaquaval, M, shiny|100/100|[from] Parting Shot
|move|p2a: Great Tusk|Stealth Rock|p1a: elton
|-sidestart|p1: Hammez40|move: Stealth Rock
|
|upkeep
|turn|2
|
|t:|1769410634
|-end|p2a: Great Tusk|Protosynthesis|[silent]
|switch|p2a: Volcanion|Volcanion|100/100
|move|p1a: elton|Aqua Step|p2a: Volcanion
|-immune|p2a: Volcanion|[from] ability: Water Absorb
|
|upkeep
|turn|3
|
|t:|1769410651
|move|p1a: elton|Close Combat|p2a: Volcanion
|-damage|p2a: Volcanion|62/100
|-unboost|p1a: elton|def|1
|-unboost|p1a: elton|spd|1
|move|p2a: Volcanion|Steam Eruption|p1a: elton
|-resisted|p1a: elton
|-damage|p1a: elton|36/100
|
|-heal|p1a: elton|43/100|[from] item: Leftovers
|upkeep
|turn|4
|
|t:|1769410666
|switch|p1a: rosatia|Florges, F, shiny|100/100
|-damage|p1a: rosatia|88/100|[from] Stealth Rock
|move|p2a: Volcanion|Earth Power|p1a: rosatia
|-damage|p1a: rosatia|72/100
|
|-heal|p1a: rosatia|78/100|[from] item: Leftovers
|upkeep
|turn|5
|
|t:|1769410679
|move|p1a: rosatia|Wish|p1a: rosatia
|move|p2a: Volcanion|Flash Cannon|p1a: rosatia
|-supereffective|p1a: rosatia
|-crit|p1a: rosatia
|-damage|p1a: rosatia|34/100
|
|-heal|p1a: rosatia|40/100|[from] item: Leftovers
|upkeep
|turn|6
|
|t:|1769410694
|switch|p2a: Tinkaton|Tinkaton, F|100/100
|move|p1a: rosatia|Psychic Noise|p2a: Tinkaton
|-resisted|p2a: Tinkaton
|-damage|p2a: Tinkaton|92/100
|-start|p2a: Tinkaton|move: Heal Block
|
|-heal|p1a: rosatia|90/100|[from] move: Wish|[wisher] rosatia
|-heal|p1a: rosatia|96/100|[from] item: Leftovers
|upkeep
|turn|7
|
|t:|1769410711
|switch|p1a: bat|Gliscor, F|100/100
|-damage|p1a: bat|88/100|[from] Stealth Rock
|move|p2a: Tinkaton|Swords Dance|p2a: Tinkaton
|-boost|p2a: Tinkaton|atk|2
|
|-end|p2a: Tinkaton|move: Heal Block
|-status|p1a: bat|tox|[from] item: Toxic Orb
|upkeep
|turn|8
|
|t:|1769410738
|move|p2a: Tinkaton|Gigaton Hammer|p1a: bat
|-damage|p1a: bat|16/100 tox
|move|p1a: bat|Earthquake|p2a: Tinkaton
|-supereffective|p2a: Tinkaton
|-damage|p2a: Tinkaton|6/100
|-enditem|p2a: Tinkaton|Sitrus Berry|[eat]
|-heal|p2a: Tinkaton|31/100|[from] item: Sitrus Berry
|
|-heal|p1a: bat|29/100 tox|[from] ability: Poison Heal
|upkeep
|turn|9
|
|t:|1769410764
|move|p1a: bat|Protect|p1a: bat
|-singleturn|p1a: bat|Protect
|move|p2a: Tinkaton|Knock Off|p1a: bat
|-activate|p1a: bat|move: Protect
|
|-heal|p1a: bat|41/100 tox|[from] ability: Poison Heal
|upkeep
|turn|10
|
|t:|1769410788
|move|p2a: Tinkaton|Gigaton Hammer|p1a: bat
|-damage|p1a: bat|0 fnt
|faint|p1a: bat
|
|upkeep
|
|t:|1769410792
|switch|p1a: Darius|Darkrai, shiny|100/100
|-damage|p1a: Darius|88/100|[from] Stealth Rock
|turn|11
|
|t:|1769410801
|-terastallize|p1a: Darius|Dark
|move|p1a: Darius|Dark Pulse|p2a: Tinkaton
|-resisted|p2a: Tinkaton
|-damage|p2a: Tinkaton|0 fnt
|faint|p2a: Tinkaton
|
|upkeep
|
|t:|1769410827
|switch|p2a: Great Tusk|Great Tusk|100/100
|turn|12
|
|t:|1769410843
|switch|p1a: dayman wayans|Pecharunt|100/100
|move|p2a: Great Tusk|Earthquake|p1a: dayman wayans
|-supereffective|p1a: dayman wayans
|-damage|p1a: dayman wayans|51/100
|
|upkeep
|turn|13
|
|t:|1769410854
|move|p1a: dayman wayans|Recover|p1a: dayman wayans
|-heal|p1a: dayman wayans|100/100
|move|p2a: Great Tusk|Earthquake|p1a: dayman wayans
|-supereffective|p1a: dayman wayans
|-damage|p1a: dayman wayans|45/100
|
|upkeep
|turn|14
|
|t:|1769410882
|move|p1a: dayman wayans|Recover|p1a: dayman wayans
|-heal|p1a: dayman wayans|95/100
|move|p2a: Great Tusk|Rapid Spin|p1a: dayman wayans
|-immune|p1a: dayman wayans
|
|upkeep
|turn|15
|
|t:|1769410892
|move|p1a: dayman wayans|Malignant Chain|p2a: Great Tusk
|-resisted|p2a: Great Tusk
|-damage|p2a: Great Tusk|84/100
|-status|p2a: Great Tusk|tox
|-start|p2a: Great Tusk|confusion|[from] ability: Poison Puppeteer|[of] p1a: dayman wayans
|-activate|p2a: Great Tusk|confusion
|move|p2a: Great Tusk|Earthquake|p1a: dayman wayans
|-supereffective|p1a: dayman wayans
|-damage|p1a: dayman wayans|38/100
|
|-heal|p2a: Great Tusk|90/100 tox|[from] item: Leftovers
|-damage|p2a: Great Tusk|84/100 tox|[from] psn
|upkeep
|turn|16
|
|t:|1769410921
|switch|p1a: rosatia|Florges, F, shiny|96/100
|-damage|p1a: rosatia|83/100|[from] Stealth Rock
|-end|p2a: Great Tusk|Protosynthesis|[silent]
|switch|p2a: Latios|Latios, M|100/100
|
|-heal|p1a: rosatia|89/100|[from] item: Leftovers
|upkeep
|turn|17
|
|t:|1769410938
|move|p2a: Latios|Calm Mind|p2a: Latios
|-boost|p2a: Latios|spa|1
|-boost|p2a: Latios|spd|1
|move|p1a: rosatia|Wish|p1a: rosatia
|
|-heal|p1a: rosatia|95/100|[from] item: Leftovers
|upkeep
|turn|18
|
|t:|1769410956
|switch|p1a: Darius|Darkrai, shiny, tera:Dark|88/100
|-damage|p1a: Darius|76/100|[from] Stealth Rock
|move|p2a: Latios|Calm Mind|p2a: Latios
|-boost|p2a: Latios|spa|1
|-boost|p2a: Latios|spd|1
|
|-heal|p1a: Darius|100/100|[from] move: Wish|[wisher] rosatia
|upkeep
|turn|19
|
|t:|1769410971
|-terastallize|p2a: Latios|Fairy
|move|p1a: Darius|Dark Pulse|p2a: Latios
|-resisted|p2a: Latios
|-damage|p2a: Latios|76/100
|move|p2a: Latios|Aura Sphere|p1a: Darius
|-supereffective|p1a: Darius
|-damage|p1a: Darius|0 fnt
|faint|p1a: Darius
|-damage|p2a: Latios|66/100|[from] item: Life Orb
|
|upkeep
|
|t:|1769410983
|switch|p1a: bambs|Iron Crown|100/100
|-damage|p1a: bambs|94/100|[from] Stealth Rock
|-enditem|p1a: bambs|Booster Energy
|-activate|p1a: bambs|ability: Quark Drive|[fromitem]
|-start|p1a: bambs|quarkdrivespe
|turn|20
|
|t:|1769411005
|move|p1a: bambs|Calm Mind|p1a: bambs
|-boost|p1a: bambs|spa|1
|-boost|p1a: bambs|spd|1
|move|p2a: Latios|Draco Meteor|p1a: bambs
|-resisted|p1a: bambs
|-damage|p1a: bambs|43/100
|-unboost|p2a: Latios|spa|2
|-damage|p2a: Latios|56/100|[from] item: Life Orb
|
|upkeep
|turn|21
|
|t:|1769411016
|move|p1a: bambs|Calm Mind|p1a: bambs
|-boost|p1a: bambs|spa|1
|-boost|p1a: bambs|spd|1
|move|p2a: Latios|Aura Sphere|p1a: bambs
|-damage|p1a: bambs|24/100
|-damage|p2a: Latios|46/100|[from] item: Life Orb
|
|upkeep
|turn|22
|
|t:|1769411029
|move|p1a: bambs|Tachyon Cutter|p2a: Latios
|-supereffective|p2a: Latios
|-damage|p2a: Latios|0 fnt
|faint|p2a: Latios
|-hitcount|p2: Latios|1
|
|upkeep
|
|t:|1769411045
|switch|p2a: Volcanion|Volcanion|62/100
|turn|23
|
|t:|1769411053
|move|p1a: bambs|Stored Power|p2a: Volcanion
|-damage|p2a: Volcanion|0 fnt
|faint|p2a: Volcanion
|
|upkeep
|
|t:|1769411058
|switch|p2a: Incineroar|Incineroar, M|100/100
|-ability|p2a: Incineroar|Intimidate|boost
|-unboost|p1a: bambs|atk|1
|turn|24
|
|t:|1769411080
|move|p1a: bambs|Volt Switch|p2a: Incineroar
|-damage|p2a: Incineroar|63/100
|
|t:|1769411084
|-end|p1a: bambs|Quark Drive|[silent]
|switch|p1a: rosatia|Florges, F, shiny|95/100|[from] Volt Switch
|-damage|p1a: rosatia|83/100|[from] Stealth Rock
|move|p2a: Incineroar|Knock Off|p1a: rosatia
|-resisted|p1a: rosatia
|-damage|p1a: rosatia|51/100
|-enditem|p1a: rosatia|Leftovers|[from] move: Knock Off|[of] p2a: Incineroar
|
|upkeep
|turn|25
|
|t:|1769411101
|move|p2a: Incineroar|Parting Shot|p1a: rosatia
|-unboost|p1a: rosatia|atk|1
|-unboost|p1a: rosatia|spa|1
|
|t:|1769411104
|switch|p2a: Great Tusk|Great Tusk|84/100 tox|[from] Parting Shot
|move|p1a: rosatia|Wish|p1a: rosatia
|
|-heal|p2a: Great Tusk|90/100 tox|[from] item: Leftovers
|-damage|p2a: Great Tusk|84/100 tox|[from] psn
|upkeep
|turn|26
|
|t:|1769411133
|move|p2a: Great Tusk|Earthquake|p1a: rosatia
|-damage|p1a: rosatia|0 fnt
|faint|p1a: rosatia
|
|-heal|p2a: Great Tusk|90/100 tox|[from] item: Leftovers
|-damage|p2a: Great Tusk|77/100 tox|[from] psn
|upkeep
|
|t:|1769411146
|switch|p1a: dayman wayans|Pecharunt|38/100
|turn|27
|
|t:|1769411151
|move|p1a: dayman wayans|Recover|p1a: dayman wayans
|-heal|p1a: dayman wayans|88/100
|move|p2a: Great Tusk|Earthquake|p1a: dayman wayans
|-supereffective|p1a: dayman wayans
|-damage|p1a: dayman wayans|37/100
|
|-heal|p2a: Great Tusk|84/100 tox|[from] item: Leftovers
|-damage|p2a: Great Tusk|65/100 tox|[from] psn
|upkeep
|turn|28
|
|t:|1769411168
|-end|p2a: Great Tusk|Protosynthesis|[silent]
|switch|p2a: Vileplume|Vileplume, M|100/100
|move|p1a: dayman wayans|Recover|p1a: dayman wayans
|-heal|p1a: dayman wayans|87/100
|
|upkeep
|turn|29
|
|t:|1769411177
|move|p1a: dayman wayans|Malignant Chain|p2a: Vileplume
|-damage|p2a: Vileplume|70/100
|move|p2a: Vileplume|Leech Seed|p1a: dayman wayans|[miss]
|-miss|p2a: Vileplume|p1a: dayman wayans
|
|upkeep
|turn|30
|
|t:|1769411188
|switch|p1a: bambs|Iron Crown|24/100
|-damage|p1a: bambs|18/100|[from] Stealth Rock
|move|p2a: Vileplume|Leech Seed|p1a: bambs
|-start|p1a: bambs|move: Leech Seed
|
|-damage|p1a: bambs|6/100|[from] Leech Seed|[of] p2a: Vileplume
|-heal|p2a: Vileplume|82/100|[silent]
|upkeep
|turn|31
|
|t:|1769411204
|switch|p2a: Incineroar|Incineroar, M|63/100
|-ability|p2a: Incineroar|Intimidate|boost
|-unboost|p1a: bambs|atk|1
|move|p1a: bambs|Tachyon Cutter|p2a: Incineroar
|-resisted|p2a: Incineroar
|-damage|p2a: Incineroar|52/100
|-resisted|p2a: Incineroar
|-damage|p2a: Incineroar|41/100
|-hitcount|p2a: Incineroar|2
|
|-damage|p1a: bambs|0 fnt|[from] Leech Seed|[of] p2a: Incineroar
|-heal|p2a: Incineroar|46/100|[silent]
|faint|p1a: bambs
|-end|p1a: bambs|Quark Drive|[silent]
|upkeep
|
|t:|1769411219
|switch|p1a: elton|Quaquaval, M, shiny|43/100
|-damage|p1a: elton|36/100|[from] Stealth Rock
|turn|32
|
|t:|1769411231
|switch|p2a: Vileplume|Vileplume, M|82/100
|move|p1a: elton|Close Combat|p2a: Vileplume
|-resisted|p2a: Vileplume
|-damage|p2a: Vileplume|62/100
|-unboost|p1a: elton|def|1
|-unboost|p1a: elton|spd|1
|-damage|p1a: elton|20/100|[from] item: Rocky Helmet|[of] p2a: Vileplume
|-status|p1a: elton|slp|[from] ability: Effect Spore|[of] p2a: Vileplume
|
|-heal|p1a: elton|26/100 slp|[from] item: Leftovers
|upkeep
|turn|33
|
|t:|1769411245
|cant|p1a: elton|slp
|move|p2a: Vileplume|Leech Seed|p1a: elton
|-start|p1a: elton|move: Leech Seed
|
|-heal|p1a: elton|32/100 slp|[from] item: Leftovers
|-damage|p1a: elton|20/100 slp|[from] Leech Seed|[of] p2a: Vileplume
|-heal|p2a: Vileplume|73/100|[silent]
|upkeep
|turn|34
|-message|Hammez40 forfeited.
|
|win|Diego 210452
|raw|Hammez40's rating: 1163 &rarr; <strong>1138</strong><br />(-25 for losing)
|raw|Diego 210452's rating: 1162 &rarr; <strong>1187</strong><br />(+25 for winning)
|l|☆Hammez40
|player|p1|
|l|☆Diego 210452
|player|p2|
