|j|☆aakashjojofan
|j|☆saIsa23467
|t:|1769345874
|gametype|singles
|player|p1|aakashjojofan|hugh|1048
|player|p2|saIsa23467|bugcatcher-gen4dp|1008
|gen|9
|tier|[Gen 9] OU
|rated|
|rule|HP Percentage Mod: HP is shown in percentages
|rule|Endless Battle Clause: Forcing endless battles is banned
|rule|Species Clause: Limit one of each Pokémon
|rule|OHKO Clause: OHKO moves are banned
|rule|Evasion Items Clause: Evasion items are banned
|rule|Evasion Moves Clause: Evasion moves are banned
|rule|Evasion Abilities Clause: Evasion abilities are banned
|rule|Sleep Moves Clause: Sleep-inducing moves are banned
|clearpoke
|poke|p1|Malamar, M|
|poke|p1|Galvantula, M|
|poke|p1|Cinderace, F|
|poke|p1|Talonflame, F|
|poke|p1|Sceptile, M|
|poke|p1|Hawlucha, M|
|poke|p2|Darkrai, L90|
|poke|p2|Haxorus, F|
|poke|p2|Azurill, L95, F|
|poke|p2|Munchlax, F|
|poke|p2|Banette, L80, F|
|poke|p2|Electrode-Hisui, L99|
|teampreview
|
|t:|1769345880
|teamsize|p1|6
|teamsize|p2|6
|start
|switch|p1a: Galvantula|Galvantula, M|100/100
|switch|p2a: Banette|Banette, L80, F, shiny|100/100
|-ability|p1a: Galvantula|Unnerve
|-item|p1a: Galvantula|Focus Sash|[from] ability: Frisk|[of] p2a: Banette
|turn|1
|
|t:|1769345883
|move|p1a: Galvantula|Sticky Web|p2a: Banette
|-sidestart|p2: saIsa23467|move: Sticky Web
|move|p2a: Banette|Trick Room|p2a: Banette
|-fieldstart|move: Trick Room|[of] p2a: Banette
|
|upkeep
|turn|2
|
|t:|1769345890
|move|p2a: Banette|Dazzling Gleam|p1a: Galvantula
|-damage|p1a: Galvantula|80/100
|move|p1a: Galvantula|Discharge|p2a: Banette
|-damage|p2a: Banette|32/100
|
|upkeep
|turn|3
|
|t:|1769345895
|move|p2a: Banette|Dazzling Gleam|p1a: Galvantula
|-damage|p1a: Galvantula|56/100
|move|p1a: Galvantula|Discharge|p2a: Banette
|-damage|p2a: Banette|0 fnt
|faint|p2a: Banette
|
|upkeep
|
|t:|1769345900
|switch|p2a: Azurill|Azurill, L95, F, shiny|100/100
|-activate|p2a: Azurill|move: Sticky Web
|-unboost|p2a: Azurill|spe|1
|turn|4
|
|t:|1769345904
|move|p2a: Azurill|Body Slam|p1a: Galvantula
|-damage|p1a: Galvantula|0 fnt
|faint|p1a: Galvantula
|
|upkeep
|
|t:|1769345913
|switch|p1a: Cinderace|Cinderace, F, shiny|100/100
|turn|5
|
|t:|1769345916
|move|p1a: Cinderace|Protect|p1a: Cinderace
|-start|p1a: Cinderace|typechange|Normal|[from] ability: Libero
|-singleturn|p1a: Cinderace|Protect
|move|p2a: Azurill|Body Slam|p1a: Cinderace
|-activate|p1a: Cinderace|move: Protect
|
|-fieldend|move: Trick Room
|upkeep
|turn|6
|
|t:|1769345922
|move|p1a: Cinderace|Court Change|p1a: Cinderace
|-swapsideconditions
|-activate|p1a: Cinderace|move: Court Change
|move|p2a: Azurill|Body Slam|p1a: Cinderace
|-crit|p1a: Cinderace
|-damage|p1a: Cinderace|0 fnt
|faint|p1a: Cinderace
|
|upkeep
|
|t:|1769345930
|switch|p1a: Sceptile|Sceptile, M, shiny|100/100
|-activate|p1a: Sceptile|move: Sticky Web
|-unboost|p1a: Sceptile|spe|1
|-enditem|p1a: Sceptile|White Herb
|-clearnegativeboost|p1a: Sceptile|[silent]
|turn|7
|
|t:|1769345934
|move|p1a: Sceptile|Leaf Blade|p2a: Azurill
|-damage|p2a: Azurill|0 fnt
|faint|p2a: Azurill
|
|upkeep
|
|t:|1769345942
|switch|p2a: Munchlax|Munchlax, F, shiny|100/100
|turn|8
|
|t:|1769345945
|move|p1a: Sceptile|Acrobatics|p2a: Munchlax
|-damage|p2a: Munchlax|78/100
|move|p2a: Munchlax|Metronome|p2a: Munchlax
|move|p2a: Munchlax|Frenzy Plant|p1a: Sceptile|[from] move: Metronome|[miss]
|-miss|p2a: Munchlax|p1a: Sceptile
|
|upkeep
|turn|9
|
|t:|1769345952
|move|p1a: Sceptile|Swords Dance|p1a: Sceptile
|-boost|p1a: Sceptile|atk|2
|move|p2a: Munchlax|Metronome|p2a: Munchlax
|move|p2a: Munchlax|Attract|p1a: Sceptile|[from] move: Metronome
|-start|p1a: Sceptile|Attract
|
|upkeep
|turn|10
|
|t:|1769345960
|-activate|p1a: Sceptile|move: Attract|[of] p2a: Munchlax
|cant|p1a: Sceptile|Attract
|move|p2a: Munchlax|Zen Headbutt|p1a: Sceptile
|-damage|p1a: Sceptile|72/100
|
|upkeep
|turn|11
|
|t:|1769345966
|-activate|p1a: Sceptile|move: Attract|[of] p2a: Munchlax
|cant|p1a: Sceptile|Attract
|move|p2a: Munchlax|Zen Headbutt|p1a: Sceptile
|-damage|p1a: Sceptile|42/100
|
|upkeep
|turn|12
|
|t:|1769345972
|-activate|p1a: Sceptile|move: Attract|[of] p2a: Munchlax
|move|p1a: Sceptile|Leaf Blade|p2a: Munchlax
|-damage|p2a: Munchlax|25/100
|move|p2a: Munchlax|Zen Headbutt|p1a: Sceptile
|-damage|p1a: Sceptile|9/100
|
|upkeep
|turn|13
|
|t:|1769345978
|-activate|p1a: Sceptile|move: Attract|[of] p2a: Munchlax
|cant|p1a: Sceptile|Attract
|move|p2a: Munchlax|Lick|p1a: Sceptile
|-damage|p1a: Sceptile|0 fnt
|faint|p1a: Sceptile
|
|upkeep
|
|t:|1769345983
|switch|p1a: Hawlucha|Hawlucha, M, shiny|100/100
|turn|14
|
|t:|1769345991
|move|p1a: Hawlucha|Close Combat|p2a: Munchlax
|-supereffective|p2a: Munchlax
|-damage|p2a: Munchlax|0 fnt
|-unboost|p1a: Hawlucha|def|1
|-unboost|p1a: Hawlucha|spd|1
|faint|p2a: Munchlax
|
|upkeep
|
|t:|1769346014
|switch|p2a: Electrode|Electrode-Hisui, L99, shiny|100/100
|turn|15
|
|t:|1769346020
|move|p2a: Electrode|Electro Ball|p1a: Hawlucha
|-supereffective|p1a: Hawlucha
|-damage|p1a: Hawlucha|4/100
|move|p1a: Hawlucha|Poison Jab|p2a: Electrode
|-supereffective|p2a: Electrode
|-damage|p2a: Electrode|31/100
|
|upkeep
|turn|16
|
|t:|1769346028
|move|p2a: Electrode|Electro Ball|p1a: Hawlucha
|-supereffective|p1a: Hawlucha
|-damage|p1a: Hawlucha|0 fnt
|faint|p1a: Hawlucha
|
|upkeep
|
|t:|1769346034
|switch|p1a: Talonflame|Talonflame, F|100/100
|turn|17
|
|t:|1769346043
|-terastallize|p1a: Talonflame|Fire
|move|p2a: Electrode|Stun Spore|p1a: Talonflame|[miss]
|-miss|p2a: Electrode|p1a: Talonflame
|move|p1a: Talonflame|Flamethrower|p2a: Electrode
|-supereffective|p2a: Electrode
|-damage|p2a: Electrode|0 fnt
|faint|p2a: Electrode
|
|upkeep
|
|t:|1769346072
|switch|p2a: Haxorus|Haxorus, F, shiny|100/100
|-ability|p2a: Haxorus|Mold Breaker
|turn|18
|
|t:|1769346091
|move|p1a: Talonflame|Will-O-Wisp|p2a: Haxorus
|-status|p2a: Haxorus|brn
|-enditem|p2a: Haxorus|Lum Berry|[eat]
|-curestatus|p2a: Haxorus|brn|[msg]
|move|p2a: Haxorus|Dragon Dance|p2a: Haxorus
|-boost|p2a: Haxorus|atk|1
|-boost|p2a: Haxorus|spe|1
|
|upkeep
|turn|19
|
|t:|1769346097
|move|p2a: Haxorus|Earthquake|p1a: Talonflame
|-supereffective|p1a: Talonflame
|-damage|p1a: Talonflame|0 fnt
|faint|p1a: Talonflame
|
|upkeep
|
|t:|1769346100
|switch|p1a: Malamar|Malamar, M, shiny|100/100
|-activate|p1a: Malamar|move: Sticky Web
|-boost|p1a: Malamar|spe|1
|turn|20
|
|t:|1769346102
|move|p2a: Haxorus|Outrage|p1a: Malamar
|-damage|p1a: Malamar|0 fnt
|faint|p1a: Malamar
|
|win|saIsa23467
|raw|aakashjojofan's rating: 1082 &rarr; <strong>1055</strong><br />(-27 for losing)
|raw|saIsa23467's rating: 1008 &rarr; <strong>1055</strong><br />(+47 for winning)
