|j|☆ElPrincipeMilito
|j|☆Mr. Reese
|inactive|Battle timer is ON: inactive players will automatically lose when time's up.
|t:|1769367853
|gametype|singles
|player|p1|ElPrincipeMilito|n|
|player|p2|Mr. Reese|roxie|
|gen|9
|tier|[Gen 9] OU
|rated|Tournament battle
|rule|HP Percentage Mod: HP is shown in percentages
|rule|Endless Battle Clause: Forcing endless battles is banned
|rule|Species Clause: Limit one of each Pokémon
|rule|OHKO Clause: OHKO moves are banned
|rule|Evasion Items Clause: Evasion items are banned
|rule|Evasion Moves Clause: Evasion moves are banned
|rule|Evasion Abilities Clause: Evasion abilities are banned
|rule|Sleep Moves Clause: Sleep-inducing moves are banned
|clearpoke
|poke|p1|Samurott-Hisui, M|
|poke|p1|Raging Bolt|
|poke|p1|Great Tusk|
|poke|p1|Ogerpon-Wellspring, F|
|poke|p1|Heatran, M|
|poke|p1|Gholdengo|
|poke|p2|Dragonite, F|
|poke|p2|Zamazenta-*|
|poke|p2|Landorus-Therian, M|
|poke|p2|Gholdengo|
|poke|p2|Darkrai|
|poke|p2|Hatterene, F|
|teampreview
|j| BB-8-NU
|j|*Lady Monita ☃️
|c|☆Mr. Reese|glhf
|j| sam bjiku kaiju
|j| GSF266
|j| thebugkid
|inactive|Mr. Reese has 120 seconds left.
|
|t:|1769367894
|teamsize|p1|6
|teamsize|p2|6
|start
|switch|p1a: The Last Ronin|Samurott-Hisui, M|100/100
|switch|p2a: Zamazenta|Zamazenta|100/100
|-ability|p2a: Zamazenta|Dauntless Shield|boost
|-boost|p2a: Zamazenta|def|1
|turn|1
|
|t:|1769367907
|switch|p1a: THE FIRE GOAT|Heatran, M|100/100
|-item|p1a: THE FIRE GOAT|Air Balloon
|move|p2a: Zamazenta|Body Press|p1a: THE FIRE GOAT
|-supereffective|p1a: THE FIRE GOAT
|-damage|p1a: THE FIRE GOAT|17/100
|-status|p2a: Zamazenta|brn|[from] ability: Flame Body|[of] p1a: THE FIRE GOAT
|-enditem|p1a: THE FIRE GOAT|Air Balloon
|
|-damage|p2a: Zamazenta|94/100 brn|[from] brn
|upkeep
|turn|2
|
|t:|1769367927
|move|p2a: Zamazenta|Body Press|p1a: THE FIRE GOAT
|-supereffective|p1a: THE FIRE GOAT
|-damage|p1a: THE FIRE GOAT|0 fnt
|faint|p1a: THE FIRE GOAT
|
|-heal|p2a: Zamazenta|100/100 brn|[from] item: Leftovers
|-damage|p2a: Zamazenta|94/100 brn|[from] brn
|upkeep
|
|t:|1769367940
|switch|p1a: THE THUNDERBOLT|Raging Bolt|100/100
|turn|3
|
|t:|1769367944
|move|p1a: THE THUNDERBOLT|Draco Meteor|p2a: Zamazenta|[miss]
|-miss|p1a: THE THUNDERBOLT|p2a: Zamazenta
|move|p2a: Zamazenta|Roar|p1a: THE THUNDERBOLT
|-end|p1a: THE THUNDERBOLT|Protosynthesis|[silent]
|drag|p1a: Tusk Buster|Ogerpon-Wellspring, F|100/100
|
|-heal|p2a: Zamazenta|100/100 brn|[from] item: Leftovers
|-damage|p2a: Zamazenta|94/100 brn|[from] brn
|upkeep
|turn|4
|
|t:|1769367953
|move|p2a: Zamazenta|Iron Defense|p2a: Zamazenta
|-boost|p2a: Zamazenta|def|2
|move|p1a: Tusk Buster|Ivy Cudgel|p2a: Zamazenta|[anim] Ivy Cudgel Water
|-crit|p2a: Zamazenta
|-damage|p2a: Zamazenta|16/100 brn
|
|-heal|p2a: Zamazenta|22/100 brn|[from] item: Leftovers
|-damage|p2a: Zamazenta|16/100 brn|[from] brn
|upkeep
|turn|5
|
|t:|1769367980
|move|p2a: Zamazenta|Body Press|p1a: Tusk Buster
|-damage|p1a: Tusk Buster|42/100
|move|p1a: Tusk Buster|Trailblaze|p2a: Zamazenta
|-damage|p2a: Zamazenta|7/100 brn
|-boost|p1a: Tusk Buster|spe|1
|
|-heal|p2a: Zamazenta|13/100 brn|[from] item: Leftovers
|-damage|p2a: Zamazenta|7/100 brn|[from] brn
|upkeep
|turn|6
|
|t:|1769367988
|move|p1a: Tusk Buster|Trailblaze|p2a: Zamazenta
|-damage|p2a: Zamazenta|0 fnt
|-boost|p1a: Tusk Buster|spe|1
|faint|p2a: Zamazenta
|
|upkeep
|inactive|Mr. Reese has 120 seconds left.
|
|t:|1769368027
|switch|p2a: Dragonite|Dragonite, F|100/100
|turn|7
|
|t:|1769368032
|move|p1a: Tusk Buster|Play Rough|p2a: Dragonite
|-supereffective|p2a: Dragonite
|-damage|p2a: Dragonite|58/100
|move|p2a: Dragonite|Dragon Dance|p2a: Dragonite
|-boost|p2a: Dragonite|atk|1
|-boost|p2a: Dragonite|spe|1
|
|upkeep
|turn|8
|
|t:|1769368036
|switch|p1a: Heart of Gold|Gholdengo|100/100
|move|p2a: Dragonite|Extreme Speed|p1a: Heart of Gold
|-immune|p1a: Heart of Gold
|
|upkeep
|turn|9
|
|t:|1769368040
|move|p1a: Heart of Gold|Make It Rain|p2a: Dragonite
|-damage|p2a: Dragonite|0 fnt
|-unboost|p1a: Heart of Gold|spa|1
|faint|p2a: Dragonite
|
|upkeep
|
|t:|1769368060
|switch|p2a: Gholdengo|Gholdengo|100/100
|turn|10
|
|t:|1769368065
|switch|p1a: The Last Ronin|Samurott-Hisui, M|100/100
|move|p2a: Gholdengo|Nasty Plot|p2a: Gholdengo
|-boost|p2a: Gholdengo|spa|2
|
|upkeep
|turn|11
|
|t:|1769368083
|-terastallize|p2a: Gholdengo|Steel
|move|p2a: Gholdengo|Thunderbolt|p1a: The Last Ronin
|-supereffective|p1a: The Last Ronin
|-damage|p1a: The Last Ronin|0 fnt
|faint|p1a: The Last Ronin
|
|upkeep
|
|t:|1769368087
|switch|p1a: Objective:Spin|Great Tusk|100/100
|-enditem|p1a: Objective:Spin|Booster Energy
|-activate|p1a: Objective:Spin|ability: Protosynthesis|[fromitem]
|-start|p1a: Objective:Spin|protosynthesisatk
|turn|12
|
|t:|1769368100
|switch|p2a: Landorus|Landorus-Therian, M|100/100
|-ability|p2a: Landorus|Intimidate|boost
|-unboost|p1a: Objective:Spin|atk|1
|move|p1a: Objective:Spin|Headlong Rush|p2a: Landorus
|-immune|p2a: Landorus
|
|upkeep
|turn|13
|
|t:|1769368113
|move|p1a: Objective:Spin|Ice Spinner|p2a: Landorus
|-supereffective|p2a: Landorus
|-damage|p2a: Landorus|12/100
|-damage|p1a: Objective:Spin|84/100|[from] item: Rocky Helmet|[of] p2a: Landorus
|move|p2a: Landorus|Stealth Rock|p1a: Objective:Spin
|-sidestart|p1: ElPrincipeMilito|move: Stealth Rock
|
|upkeep
|turn|14
|
|t:|1769368120
|switch|p2a: Hatterene|Hatterene, F|100/100
|move|p1a: Objective:Spin|Rapid Spin|p2a: Hatterene
|-damage|p2a: Hatterene|84/100
|-boost|p1a: Objective:Spin|spe|1
|-sideend|p1: ElPrincipeMilito|Stealth Rock|[from] move: Rapid Spin|[of] p1a: Objective:Spin
|
|upkeep
|turn|15
|
|t:|1769368124
|-end|p1a: Objective:Spin|Protosynthesis|[silent]
|switch|p1a: Heart of Gold|Gholdengo|100/100
|move|p2a: Hatterene|Psychic Noise|p1a: Heart of Gold
|-resisted|p1a: Heart of Gold
|-damage|p1a: Heart of Gold|76/100
|-start|p1a: Heart of Gold|move: Heal Block
|
|upkeep
|turn|16
|inactive|Mr. Reese has 120 seconds left.
|
|t:|1769368171
|switch|p2a: Landorus|Landorus-Therian, M|12/100
|-ability|p2a: Landorus|Intimidate|boost
|-unboost|p1a: Heart of Gold|atk|1
|move|p1a: Heart of Gold|Shadow Ball|p2a: Landorus
|-damage|p2a: Landorus|0 fnt
|faint|p2a: Landorus
|
|-end|p1a: Heart of Gold|move: Heal Block
|upkeep
|
|t:|1769368174
|switch|p2a: Darkrai|Darkrai|100/100
|turn|17
|
|t:|1769368189
|switch|p1a: Tusk Buster|Ogerpon-Wellspring, F|42/100
|move|p2a: Darkrai|Ice Beam|p1a: Tusk Buster
|-damage|p1a: Tusk Buster|5/100
|
|upkeep
|turn|18
|
|t:|1769368195
|move|p2a: Darkrai|Ice Beam|p1a: Tusk Buster
|-damage|p1a: Tusk Buster|0 fnt
|faint|p1a: Tusk Buster
|
|upkeep
|
|t:|1769368197
|switch|p1a: THE THUNDERBOLT|Raging Bolt|100/100
|turn|19
|inactive|Mr. Reese has 120 seconds left.
|
|t:|1769368208
|switch|p2a: Hatterene|Hatterene, F|84/100
|move|p1a: THE THUNDERBOLT|Volt Switch|p2a: Hatterene
|-damage|p2a: Hatterene|60/100
|
|t:|1769368210
|-end|p1a: THE THUNDERBOLT|Protosynthesis|[silent]
|switch|p1a: Heart of Gold|Gholdengo|76/100|[from] Volt Switch
|
|upkeep
|turn|20
|
|t:|1769368221
|switch|p2a: Gholdengo|Gholdengo, tera:Steel|100/100
|move|p1a: Heart of Gold|Shadow Ball|p2a: Gholdengo
|-damage|p2a: Gholdengo|57/100
|
|upkeep
|turn|21
|
|t:|1769368232
|-terastallize|p1a: Heart of Gold|Ghost
|move|p1a: Heart of Gold|Shadow Ball|p2a: Gholdengo
|-damage|p2a: Gholdengo|0 fnt
|faint|p2a: Gholdengo
|
|upkeep
|
|t:|1769368237
|switch|p2a: Darkrai|Darkrai|100/100
|turn|22
|
|t:|1769368243
|switch|p1a: THE THUNDERBOLT|Raging Bolt|100/100
|move|p2a: Darkrai|Dark Pulse|p1a: THE THUNDERBOLT
|-damage|p1a: THE THUNDERBOLT|62/100
|
|upkeep
|turn|23
|
|t:|1769368251
|switch|p2a: Hatterene|Hatterene, F|60/100
|move|p1a: THE THUNDERBOLT|Thunderclap||[still]
|-fail|p1a: THE THUNDERBOLT
|
|upkeep
|turn|24
|
|t:|1769368258
|move|p1a: THE THUNDERBOLT|Volt Switch|p2a: Hatterene
|-damage|p2a: Hatterene|33/100
|
|t:|1769368261
|-end|p1a: THE THUNDERBOLT|Protosynthesis|[silent]
|switch|p1a: Heart of Gold|Gholdengo, tera:Ghost|76/100|[from] Volt Switch
|move|p2a: Hatterene|Draining Kiss|p1a: Heart of Gold
|-damage|p1a: Heart of Gold|45/100
|-heal|p2a: Hatterene|56/100|[from] drain|[of] p1a: Heart of Gold
|
|upkeep
|turn|25
|
|t:|1769368274
|move|p1a: Heart of Gold|Make It Rain|p2a: Hatterene
|-supereffective|p2a: Hatterene
|-damage|p2a: Hatterene|0 fnt
|-unboost|p1a: Heart of Gold|spa|1
|faint|p2a: Hatterene
|
|upkeep
|
|t:|1769368277
|switch|p2a: Darkrai|Darkrai|100/100
|turn|26
|
|t:|1769368284
|move|p1a: Heart of Gold|Make It Rain|p2a: Darkrai
|-damage|p2a: Darkrai|47/100
|-unboost|p1a: Heart of Gold|spa|1
|move|p2a: Darkrai|Dark Pulse|p1a: Heart of Gold
|-supereffective|p1a: Heart of Gold
|-damage|p1a: Heart of Gold|0 fnt
|faint|p1a: Heart of Gold
|
|upkeep
|
|t:|1769368286
|switch|p1a: THE THUNDERBOLT|Raging Bolt|62/100
|turn|27
|
|t:|1769368290
|move|p1a: THE THUNDERBOLT|Thunderclap||[still]
|-fail|p1a: THE THUNDERBOLT
|move|p2a: Darkrai|Taunt|p1a: THE THUNDERBOLT
|-start|p1a: THE THUNDERBOLT|move: Taunt
|
|upkeep
|turn|28
|
|t:|1769368295
|move|p1a: THE THUNDERBOLT|Thunderclap||[still]
|-fail|p1a: THE THUNDERBOLT
|move|p2a: Darkrai|Will-O-Wisp|p1a: THE THUNDERBOLT
|-status|p1a: THE THUNDERBOLT|brn
|
|-damage|p1a: THE THUNDERBOLT|56/100 brn|[from] brn
|upkeep
|turn|29
|
|t:|1769368300
|move|p1a: THE THUNDERBOLT|Thunderclap||[still]
|-fail|p1a: THE THUNDERBOLT
|move|p2a: Darkrai|Taunt||[still]
|-fail|p2a: Darkrai
|
|-damage|p1a: THE THUNDERBOLT|50/100 brn|[from] brn
|upkeep
|turn|30
|
|t:|1769368307
|move|p1a: THE THUNDERBOLT|Thunderclap||[still]
|-fail|p1a: THE THUNDERBOLT
|move|p2a: Darkrai|Will-O-Wisp|p1a: THE THUNDERBOLT
|-fail|p1a: THE THUNDERBOLT|brn
|
|-damage|p1a: THE THUNDERBOLT|43/100 brn|[from] brn
|-end|p1a: THE THUNDERBOLT|move: Taunt
|upkeep
|turn|31
|
|t:|1769368313
|move|p1a: THE THUNDERBOLT|Thunderclap||[still]
|-fail|p1a: THE THUNDERBOLT
|move|p2a: Darkrai|Taunt|p1a: THE THUNDERBOLT
|-start|p1a: THE THUNDERBOLT|move: Taunt
|
|-damage|p1a: THE THUNDERBOLT|37/100 brn|[from] brn
|upkeep
|turn|32
|
|t:|1769368322
|move|p1a: THE THUNDERBOLT|Thunderclap|p2a: Darkrai
|-damage|p2a: Darkrai|1/100
|move|p2a: Darkrai|Ice Beam|p1a: THE THUNDERBOLT
|-supereffective|p1a: THE THUNDERBOLT
|-damage|p1a: THE THUNDERBOLT|0 fnt
|faint|p1a: THE THUNDERBOLT
|-end|p1a: THE THUNDERBOLT|Protosynthesis|[silent]
|
|upkeep
|
|t:|1769368328
|switch|p1a: Objective:Spin|Great Tusk|84/100
|turn|33
|
|t:|1769368335
|move|p2a: Darkrai|Ice Beam|p1a: Objective:Spin
|-supereffective|p1a: Objective:Spin
|-damage|p1a: Objective:Spin|0 fnt
|faint|p1a: Objective:Spin
|-end|p1a: Objective:Spin|Protosynthesis|[silent]
|
|win|Mr. Reese
|n|☆ElPrincipeMilito|elprincipemilito
|n|☆Mr. Reese|mrreese
|n| BB-8-NU|bb8nu
|n|*Lady Monita ☃️|ladymonita
|n| sam bjiku kaiju|sambjikukaiju
|n| GSF266|gsf266
|n| thebugkid|thebugkid
