|j|☆Goolaan16
|j|☆wenchaojiayang
|t:|1769413650
|gametype|singles
|player|p1|Goolaan16|2|1284
|player|p2|wenchaojiayang|2|1262
|gen|9
|tier|[Gen 9] OU
|rated|
|rule|HP Percentage Mod: HP is shown in percentages
|rule|Endless Battle Clause: Forcing endless battles is banned
|rule|Species Clause: Limit one of each Pokémon
|rule|OHKO Clause: OHKO moves are banned
|rule|Evasion Items Clause: Evasion items are banned
|rule|Evasion Moves Clause: Evasion moves are banned
|rule|Evasion Abilities Clause: Evasion abilities are banned
|rule|Sleep Moves Clause: Sleep-inducing moves are banned
|clearpoke
|poke|p1|Ludicolo, M|
|poke|p1|Pelipper, F|
|poke|p1|Barraskewda, F|
|poke|p1|Iron Crown|
|poke|p1|Great Tusk|
|poke|p1|Moltres|
|poke|p2|Clefable, M|
|poke|p2|Okidogi, M|
|poke|p2|Mew|
|poke|p2|Corviknight, F|
|poke|p2|Heatran, F|
|poke|p2|Indeedee-F, F|
|teampreview
|
|t:|1769413686
|teamsize|p1|6
|teamsize|p2|6
|start
|switch|p1a: Frida Khalo|Pelipper, F|100/100
|switch|p2a: Indeedee|Indeedee-F, F|100/100
|-fieldstart|move: Psychic Terrain|[from] ability: Psychic Surge|[of] p2a: Indeedee
|-weather|RainDance|[from] ability: Drizzle|[of] p1a: Frida Khalo
|turn|1
|
|t:|1769413699
|move|p2a: Indeedee|Trick|p1a: Frida Khalo
|-activate|p2a: Indeedee|move: Trick|[of] p1a: Frida Khalo
|-item|p1a: Frida Khalo|Choice Scarf|[from] move: Trick
|-item|p2a: Indeedee|Damp Rock|[from] move: Trick
|move|p1a: Frida Khalo|U-turn|p2a: Indeedee
|-supereffective|p2a: Indeedee
|-damage|p2a: Indeedee|73/100
|
|t:|1769413706
|switch|p1a: Speedy Gonzales|Barraskewda, F|100/100|[from] U-turn
|
|-weather|RainDance|[upkeep]
|upkeep
|turn|2
|
|t:|1769413718
|move|p1a: Speedy Gonzales|Liquidation|p2a: Indeedee
|-damage|p2a: Indeedee|0 fnt
|faint|p2a: Indeedee
|
|-weather|RainDance|[upkeep]
|upkeep
|
|t:|1769413735
|switch|p2a: Clefable|Clefable, M|100/100
|turn|3
|
|t:|1769413742
|switch|p1a: Sergio Perez|Iron Crown|100/100
|move|p2a: Clefable|Cosmic Power|p2a: Clefable
|-boost|p2a: Clefable|def|1
|-boost|p2a: Clefable|spd|1
|
|-weather|RainDance|[upkeep]
|upkeep
|turn|4
|
|t:|1769413757
|-terastallize|p2a: Clefable|Steel
|move|p1a: Sergio Perez|Tachyon Cutter|p2a: Clefable
|-resisted|p2a: Clefable
|-damage|p2a: Clefable|93/100
|-resisted|p2a: Clefable
|-damage|p2a: Clefable|85/100
|-hitcount|p2a: Clefable|2
|move|p2a: Clefable|Cosmic Power|p2a: Clefable
|-boost|p2a: Clefable|def|1
|-boost|p2a: Clefable|spd|1
|
|-weather|RainDance|[upkeep]
|-heal|p2a: Clefable|91/100|[from] item: Leftovers
|upkeep
|turn|5
|
|t:|1769413772
|move|p1a: Sergio Perez|Volt Switch|p2a: Clefable
|-damage|p2a: Clefable|79/100
|
|t:|1769413776
|-end|p1a: Sergio Perez|Quark Drive|[silent]
|switch|p1a: Speedy Gonzales|Barraskewda, F|100/100|[from] Volt Switch
|move|p2a: Clefable|Calm Mind|p2a: Clefable
|-boost|p2a: Clefable|spa|1
|-boost|p2a: Clefable|spd|1
|
|-weather|RainDance|[upkeep]
|-heal|p2a: Clefable|85/100|[from] item: Leftovers
|-fieldend|move: Psychic Terrain
|upkeep
|turn|6
|
|t:|1769413787
|move|p1a: Speedy Gonzales|Close Combat|p2a: Clefable
|-supereffective|p2a: Clefable
|-damage|p2a: Clefable|34/100
|-unboost|p1a: Speedy Gonzales|def|1
|-unboost|p1a: Speedy Gonzales|spd|1
|move|p2a: Clefable|Stored Power|p1a: Speedy Gonzales
|-damage|p1a: Speedy Gonzales|2/100
|
|-weather|RainDance|[upkeep]
|-heal|p2a: Clefable|40/100|[from] item: Leftovers
|upkeep
|turn|7
|
|t:|1769413805
|move|p1a: Speedy Gonzales|Close Combat|p2a: Clefable
|-supereffective|p2a: Clefable
|-damage|p2a: Clefable|0 fnt
|-unboost|p1a: Speedy Gonzales|def|1
|-unboost|p1a: Speedy Gonzales|spd|1
|faint|p2a: Clefable
|
|-weather|RainDance|[upkeep]
|upkeep
|
|t:|1769413819
|switch|p2a: Mew|Mew|100/100
|turn|8
|
|t:|1769413832
|switch|p1a: MkLeo|Moltres|100/100
|move|p2a: Mew|Agility|p2a: Mew
|-boost|p2a: Mew|spe|2
|
|-weather|none
|upkeep
|turn|9
|
|t:|1769413841
|move|p2a: Mew|Nasty Plot|p2a: Mew
|-boost|p2a: Mew|spa|2
|move|p1a: MkLeo|Will-O-Wisp|p2a: Mew
|-status|p2a: Mew|brn
|-activate|p2a: Mew|ability: Synchronize
|-immune|p1a: MkLeo
|
|-damage|p2a: Mew|94/100 brn|[from] brn
|upkeep
|turn|10
|
|t:|1769413854
|move|p2a: Mew|Stored Power|p1a: MkLeo
|-damage|p1a: MkLeo|0 fnt
|faint|p1a: MkLeo
|
|-damage|p2a: Mew|88/100 brn|[from] brn
|upkeep
|
|t:|1769413861
|switch|p1a: Frida Khalo|Pelipper, F|100/100
|-weather|RainDance|[from] ability: Drizzle|[of] p1a: Frida Khalo
|turn|11
|
|t:|1769413866
|move|p2a: Mew|Agility|p2a: Mew
|-boost|p2a: Mew|spe|2
|move|p1a: Frida Khalo|Hurricane|p2a: Mew
|-damage|p2a: Mew|53/100 brn
|
|-weather|RainDance|[upkeep]
|-damage|p2a: Mew|47/100 brn|[from] brn
|upkeep
|turn|12
|
|t:|1769413884
|move|p2a: Mew|Stored Power|p1a: Frida Khalo
|-damage|p1a: Frida Khalo|0 fnt
|faint|p1a: Frida Khalo
|
|-weather|RainDance|[upkeep]
|-damage|p2a: Mew|41/100 brn|[from] brn
|upkeep
|
|t:|1769413891
|switch|p1a: Speedy Gonzales|Barraskewda, F|2/100
|turn|13
|
|t:|1769413914
|switch|p2a: Okidogi|Okidogi, M|100/100
|move|p1a: Speedy Gonzales|Aqua Jet|p2a: Okidogi
|-damage|p2a: Okidogi|61/100
|
|-weather|RainDance|[upkeep]
|-heal|p2a: Okidogi|67/100|[from] item: Leftovers
|upkeep
|turn|14
|
|t:|1769413927
|switch|p1a: Sergio Perez|Iron Crown|100/100
|move|p2a: Okidogi|Toxic|p1a: Sergio Perez
|-immune|p1a: Sergio Perez
|
|-weather|RainDance|[upkeep]
|-heal|p2a: Okidogi|73/100|[from] item: Leftovers
|upkeep
|turn|15
|
|t:|1769413942
|switch|p2a: Heatran|Heatran, F|100/100
|move|p1a: Sergio Perez|Future Sight|p2a: Heatran
|-start|p1a: Sergio Perez|move: Future Sight
|
|-weather|none
|upkeep
|turn|16
|
|t:|1769413964
|move|p1a: Sergio Perez|Volt Switch|p2a: Heatran
|-damage|p2a: Heatran|85/100
|
|t:|1769413969
|-end|p1a: Sergio Perez|Quark Drive|[silent]
|switch|p1a: Del Toro|Great Tusk|100/100|[from] Volt Switch
|-enditem|p1a: Del Toro|Booster Energy
|-activate|p1a: Del Toro|ability: Protosynthesis|[fromitem]
|-start|p1a: Del Toro|protosynthesisatk
|move|p2a: Heatran|Lava Plume|p1a: Del Toro
|-damage|p1a: Del Toro|50/100
|-status|p1a: Del Toro|brn
|
|-heal|p2a: Heatran|91/100|[from] item: Leftovers
|-damage|p1a: Del Toro|44/100 brn|[from] brn
|upkeep
|turn|17
|
|t:|1769413994
|move|p1a: Del Toro|Stealth Rock|p2a: Heatran
|-sidestart|p2: wenchaojiayang|move: Stealth Rock
|move|p2a: Heatran|Lava Plume|p1a: Del Toro
|-damage|p1a: Del Toro|0 fnt
|faint|p1a: Del Toro
|-end|p1a: Del Toro|Protosynthesis|[silent]
|
|-end|p2a: Heatran|move: Future Sight
|-resisted|p2a: Heatran
|-damage|p2a: Heatran|74/100
|-heal|p2a: Heatran|80/100|[from] item: Leftovers
|upkeep
|
|t:|1769414005
|switch|p1a: Speedy Gonzales|Barraskewda, F|2/100
|turn|18
|
|t:|1769414013
|move|p1a: Speedy Gonzales|Liquidation|p2a: Heatran
|-supereffective|p2a: Heatran
|-damage|p2a: Heatran|0 fnt
|faint|p2a: Heatran
|
|upkeep
|
|t:|1769414023
|switch|p2a: Mew|Mew|41/100 brn
|-damage|p2a: Mew|28/100 brn|[from] Stealth Rock
|turn|19
|
|t:|1769414033
|move|p1a: Speedy Gonzales|Liquidation|p2a: Mew
|-damage|p2a: Mew|0 fnt
|faint|p2a: Mew
|
|upkeep
|
|t:|1769414045
|switch|p2a: Corviknight|Corviknight, F|100/100
|-damage|p2a: Corviknight|88/100|[from] Stealth Rock
|-ability|p2a: Corviknight|Pressure
|turn|20
|
|t:|1769414056
|switch|p1a: Sergio Perez|Iron Crown|100/100
|move|p2a: Corviknight|Bulk Up|p2a: Corviknight
|-boost|p2a: Corviknight|atk|1
|-boost|p2a: Corviknight|def|1
|
|-heal|p2a: Corviknight|94/100|[from] item: Leftovers
|upkeep
|turn|21
|
|t:|1769414070
|move|p1a: Sergio Perez|Future Sight|p2a: Corviknight
|-start|p1a: Sergio Perez|move: Future Sight
|move|p2a: Corviknight|Bulk Up|p2a: Corviknight
|-boost|p2a: Corviknight|atk|1
|-boost|p2a: Corviknight|def|1
|
|-heal|p2a: Corviknight|100/100|[from] item: Leftovers
|upkeep
|turn|22
|
|t:|1769414087
|-terastallize|p1a: Sergio Perez|Fighting
|move|p1a: Sergio Perez|Focus Blast|p2a: Corviknight
|-damage|p2a: Corviknight|58/100
|move|p2a: Corviknight|Agility|p2a: Corviknight
|-boost|p2a: Corviknight|spe|2
|
|-heal|p2a: Corviknight|64/100|[from] item: Leftovers
|upkeep
|turn|23
|
|t:|1769414103
|move|p2a: Corviknight|Agility|p2a: Corviknight
|-boost|p2a: Corviknight|spe|2
|move|p1a: Sergio Perez|Focus Blast|p2a: Corviknight|[miss]
|-miss|p1a: Sergio Perez|p2a: Corviknight
|
|-end|p2a: Corviknight|move: Future Sight
|-resisted|p2a: Corviknight
|-damage|p2a: Corviknight|42/100
|-heal|p2a: Corviknight|48/100|[from] item: Leftovers
|upkeep
|turn|24
|
|t:|1769414117
|move|p2a: Corviknight|Roost|p2a: Corviknight
|-heal|p2a: Corviknight|98/100
|-singleturn|p2a: Corviknight|move: Roost
|move|p1a: Sergio Perez|Volt Switch|p2a: Corviknight
|-damage|p2a: Corviknight|83/100
|
|t:|1769414124
|-end|p1a: Sergio Perez|Quark Drive|[silent]
|switch|p1a: Speedy Gonzales|Barraskewda, F|2/100|[from] Volt Switch
|
|-heal|p2a: Corviknight|89/100|[from] item: Leftovers
|upkeep
|turn|25
|-message|Goolaan16 forfeited.
|
|win|wenchaojiayang
|raw|Goolaan16's rating: 1284 &rarr; <strong>1257</strong><br />(-27 for losing)
|raw|wenchaojiayang's rating: 1262 &rarr; <strong>1289</strong><br />(+27 for winning)
|l|☆Goolaan16
|player|p1|
|l|☆wenchaojiayang
|player|p2|
