|j|☆LaportaPotty
|j|☆Jaycobi1017
|t:|1769415873
|gametype|singles
|player|p1|LaportaPotty|170|1377
|player|p2|Jaycobi1017|brycenman|1380
|gen|9
|tier|[Gen 9] OU
|rated|
|rule|HP Percentage Mod: HP is shown in percentages
|rule|Endless Battle Clause: Forcing endless battles is banned
|rule|Species Clause: Limit one of each Pokémon
|rule|OHKO Clause: OHKO moves are banned
|rule|Evasion Items Clause: Evasion items are banned
|rule|Evasion Moves Clause: Evasion moves are banned
|rule|Evasion Abilities Clause: Evasion abilities are banned
|rule|Sleep Moves Clause: Sleep-inducing moves are banned
|clearpoke
|poke|p1|Dragapult, F|
|poke|p1|Grimmsnarl, M|
|poke|p1|Kingambit, M|
|poke|p1|Moltres|
|poke|p1|Ting-Lu|
|poke|p1|Quaquaval, M|
|poke|p2|Politoed, F|
|poke|p2|Crawdaunt, M|
|poke|p2|Ogerpon-Wellspring, F|
|poke|p2|Basculegion-F, F|
|poke|p2|Zapdos|
|poke|p2|Rillaboom, M|
|teampreview
|
|t:|1769415893
|teamsize|p1|6
|teamsize|p2|6
|start
|switch|p1a: Ting-Lu|Ting-Lu|100/100
|switch|p2a: Crawdaunt|Crawdaunt, M|100/100
|-ability|p1a: Ting-Lu|Vessel of Ruin
|turn|1
|inactive|Battle timer is ON: inactive players will automatically lose when time's up. (requested by LaportaPotty)
|
|t:|1769415900
|move|p2a: Crawdaunt|Crabhammer|p1a: Ting-Lu
|-supereffective|p1a: Ting-Lu
|-damage|p1a: Ting-Lu|22/100
|move|p1a: Ting-Lu|Spikes|p2a: Crawdaunt
|-sidestart|p2: Jaycobi1017|Spikes
|
|-heal|p1a: Ting-Lu|28/100|[from] item: Leftovers
|upkeep
|turn|2
|
|t:|1769415905
|switch|p1a: Kingambit|Kingambit, M|100/100
|-item|p1a: Kingambit|Air Balloon
|move|p2a: Crawdaunt|Crabhammer|p1a: Kingambit
|-damage|p1a: Kingambit|28/100
|-enditem|p1a: Kingambit|Air Balloon
|
|upkeep
|turn|3
|
|t:|1769415910
|move|p1a: Kingambit|Sucker Punch|p2a: Crawdaunt
|-resisted|p2a: Crawdaunt
|-damage|p2a: Crawdaunt|76/100
|move|p2a: Crawdaunt|Crabhammer|p1a: Kingambit|[miss]
|-miss|p2a: Crawdaunt|p1a: Kingambit
|
|upkeep
|turn|4
|
|t:|1769415918
|-end|p1a: Kingambit|fallenundefined|[silent]
|switch|p1a: Ting-Lu|Ting-Lu|28/100
|-ability|p1a: Ting-Lu|Vessel of Ruin
|move|p2a: Crawdaunt|Crabhammer|p1a: Ting-Lu|[miss]
|-miss|p2a: Crawdaunt|p1a: Ting-Lu
|
|-heal|p1a: Ting-Lu|34/100|[from] item: Leftovers
|upkeep
|turn|5
|
|t:|1769415924
|move|p2a: Crawdaunt|Crabhammer|p1a: Ting-Lu
|-supereffective|p1a: Ting-Lu
|-damage|p1a: Ting-Lu|0 fnt
|faint|p1a: Ting-Lu
|
|upkeep
|
|t:|1769415929
|switch|p1a: Grimmsnarl|Grimmsnarl, M|100/100
|turn|6
|
|t:|1769415931
|move|p1a: Grimmsnarl|Thunder Wave|p2a: Crawdaunt
|-hint|Since gen 7, Dark is immune to Prankster moves.
|-immune|p2a: Crawdaunt
|move|p2a: Crawdaunt|Crabhammer|p1a: Grimmsnarl|[miss]
|-miss|p2a: Crawdaunt|p1a: Grimmsnarl
|
|upkeep
|turn|7
|
|t:|1769415935
|move|p1a: Grimmsnarl|Low Kick|p2a: Crawdaunt
|-supereffective|p2a: Crawdaunt
|-damage|p2a: Crawdaunt|15/100
|move|p2a: Crawdaunt|Crabhammer|p1a: Grimmsnarl
|-damage|p1a: Grimmsnarl|0 fnt
|faint|p1a: Grimmsnarl
|
|upkeep
|
|t:|1769415939
|switch|p1a: Dragapult|Dragapult, F|100/100
|turn|8
|
|t:|1769415946
|switch|p2a: Politoed|Politoed, F|100/100
|-damage|p2a: Politoed|88/100|[from] Spikes
|-weather|RainDance|[from] ability: Drizzle|[of] p2a: Politoed
|move|p1a: Dragapult|U-turn|p2a: Politoed
|-damage|p2a: Politoed|66/100
|
|t:|1769415950
|switch|p1a: Quaquaval|Quaquaval, M|100/100|[from] U-turn
|
|-weather|RainDance|[upkeep]
|upkeep
|turn|9
|
|t:|1769415954
|move|p1a: Quaquaval|Rapid Spin|p2a: Politoed
|-damage|p2a: Politoed|48/100
|-boost|p1a: Quaquaval|spe|1
|move|p2a: Politoed|Encore|p1a: Quaquaval
|-start|p1a: Quaquaval|Encore
|
|-weather|RainDance|[upkeep]
|upkeep
|turn|10
|
|t:|1769415960
|switch|p2a: Basculegion|Basculegion-F, F|100/100
|-damage|p2a: Basculegion|88/100|[from] Spikes
|move|p1a: Quaquaval|Rapid Spin|p2a: Basculegion
|-immune|p2a: Basculegion
|
|-weather|RainDance|[upkeep]
|upkeep
|turn|11
|
|t:|1769415967
|-terastallize|p2a: Basculegion|Ghost
|move|p2a: Basculegion|Shadow Ball|p1a: Quaquaval
|-damage|p1a: Quaquaval|0 fnt
|faint|p1a: Quaquaval
|
|-weather|RainDance|[upkeep]
|upkeep
|
|t:|1769415969
|switch|p1a: Kingambit|Kingambit, M|28/100
|-activate|p1a: Kingambit|ability: Supreme Overlord
|-start|p1a: Kingambit|fallen3|[silent]
|turn|12
|
|t:|1769415972
|move|p2a: Basculegion|Shadow Ball|p1a: Kingambit
|-resisted|p1a: Kingambit
|-crit|p1a: Kingambit
|-damage|p1a: Kingambit|0 fnt
|faint|p1a: Kingambit
|-end|p1a: Kingambit|fallen3|[silent]
|
|-weather|RainDance|[upkeep]
|upkeep
|-message|LaportaPotty forfeited.
|
|win|Jaycobi1017
|raw|LaportaPotty's rating: 1377 &rarr; <strong>1357</strong><br />(-20 for losing)
|raw|Jaycobi1017's rating: 1380 &rarr; <strong>1400</strong><br />(+20 for winning)
|l|☆LaportaPotty
|player|p1|
|c|☆Jaycobi1017|📞
|l|☆Jaycobi1017
|player|p2|
