|j|☆BIGBODY55
|j|☆SacredScythee
|t:|1769322933
|gametype|singles
|player|p1|BIGBODY55|thorton|1318
|player|p2|SacredScythee|265|1363
|gen|9
|tier|[Gen 9] OU
|rated|
|rule|HP Percentage Mod: HP is shown in percentages
|rule|Endless Battle Clause: Forcing endless battles is banned
|rule|Species Clause: Limit one of each Pokémon
|rule|OHKO Clause: OHKO moves are banned
|rule|Evasion Items Clause: Evasion items are banned
|rule|Evasion Moves Clause: Evasion moves are banned
|rule|Evasion Abilities Clause: Evasion abilities are banned
|rule|Sleep Moves Clause: Sleep-inducing moves are banned
|clearpoke
|poke|p1|Gogoat, M|
|poke|p1|Zarude|
|poke|p1|Rillaboom, F|
|poke|p1|Kingambit, M|
|poke|p1|Hawlucha, F|
|poke|p1|Iron Moth|
|poke|p2|Garchomp, F|
|poke|p2|Chandelure, F|
|poke|p2|Hatterene, F|
|poke|p2|Ogerpon, F|
|poke|p2|Iron Crown|
|poke|p2|Mandibuzz, F|
|teampreview
|inactive|Battle timer is ON: inactive players will automatically lose when time's up. (requested by BIGBODY55)
|
|t:|1769322943
|teamsize|p1|6
|teamsize|p2|6
|start
|switch|p1a: Rillaboom|Rillaboom, F|100/100
|switch|p2a: Chandelure|Chandelure, F|100/100
|-fieldstart|move: Grassy Terrain|[from] ability: Grassy Surge|[of] p1a: Rillaboom
|turn|1
|
|t:|1769322960
|-terastallize|p1a: Rillaboom|Ground
|move|p2a: Chandelure|Overheat|p1a: Rillaboom|[miss]
|-miss|p2a: Chandelure|p1a: Rillaboom
|move|p1a: Rillaboom|Knock Off|p2a: Chandelure
|-supereffective|p2a: Chandelure
|-damage|p2a: Chandelure|0 fnt
|-enditem|p2a: Chandelure|Choice Scarf|[from] move: Knock Off|[of] p1a: Rillaboom
|faint|p2a: Chandelure
|
|upkeep
|
|t:|1769322971
|switch|p2a: Ogerpon|Ogerpon, F|100/100
|turn|2
|
|t:|1769322978
|switch|p1a: Gogoat|Gogoat, M|100/100
|move|p2a: Ogerpon|Knock Off|p1a: Gogoat
|-damage|p1a: Gogoat|67/100
|-enditem|p1a: Gogoat|Assault Vest|[from] move: Knock Off|[of] p2a: Ogerpon
|
|-heal|p1a: Gogoat|74/100|[from] Grassy Terrain
|upkeep
|turn|3
|
|t:|1769322987
|switch|p1a: Hawlucha|Hawlucha, F|100/100
|-enditem|p1a: Hawlucha|Grassy Seed
|-boost|p1a: Hawlucha|def|1|[from] item: Grassy Seed
|move|p2a: Ogerpon|U-turn|p1a: Hawlucha
|-resisted|p1a: Hawlucha
|-damage|p1a: Hawlucha|95/100
|
|t:|1769322994
|switch|p2a: Hatterene|Hatterene, F|100/100|[from] U-turn
|
|upkeep
|turn|4
|
|t:|1769323012
|move|p1a: Hawlucha|Swords Dance|p1a: Hawlucha
|-boost|p1a: Hawlucha|atk|2
|move|p2a: Hatterene|Psychic Noise|p1a: Hawlucha
|-supereffective|p1a: Hawlucha
|-damage|p1a: Hawlucha|6/100
|-start|p1a: Hawlucha|move: Heal Block
|
|upkeep
|turn|5
|
|t:|1769323024
|move|p1a: Hawlucha|Acrobatics|p2a: Hatterene
|-damage|p2a: Hatterene|12/100
|move|p2a: Hatterene|Psychic Noise|p1a: Hawlucha
|-supereffective|p1a: Hawlucha
|-damage|p1a: Hawlucha|0 fnt
|faint|p1a: Hawlucha
|
|-heal|p2a: Hatterene|17/100|[from] Grassy Terrain
|-heal|p2a: Hatterene|23/100|[from] item: Leftovers
|upkeep
|
|t:|1769323034
|switch|p1a: Rillaboom|Rillaboom, F, tera:Ground|100/100
|turn|6
|
|t:|1769323042
|switch|p2a: Mandibuzz|Mandibuzz, F|100/100
|move|p1a: Rillaboom|Knock Off|p2a: Mandibuzz
|-resisted|p2a: Mandibuzz
|-damage|p2a: Mandibuzz|91/100
|-enditem|p2a: Mandibuzz|Heavy-Duty Boots|[from] move: Knock Off|[of] p1a: Rillaboom
|
|upkeep
|turn|7
|inactive|SacredScythee has 120 seconds left.
|
|t:|1769323075
|switch|p1a: Gogoat|Gogoat, M|74/100
|switch|p2a: Garchomp|Garchomp, F|100/100
|
|-heal|p1a: Gogoat|80/100|[from] Grassy Terrain
|upkeep
|turn|8
|
|t:|1769323083
|move|p2a: Garchomp|Stealth Rock|p1a: Gogoat
|-sidestart|p1: BIGBODY55|move: Stealth Rock
|move|p1a: Gogoat|Play Rough|p2a: Garchomp
|-supereffective|p2a: Garchomp
|-damage|p2a: Garchomp|68/100
|-damage|p1a: Gogoat|67/100|[from] ability: Rough Skin|[of] p2a: Garchomp
|-damage|p1a: Gogoat|51/100|[from] item: Rocky Helmet|[of] p2a: Garchomp
|
|-heal|p2a: Garchomp|74/100|[from] Grassy Terrain
|-heal|p1a: Gogoat|57/100|[from] Grassy Terrain
|-fieldend|move: Grassy Terrain
|upkeep
|turn|9
|inactive|SacredScythee has 120 seconds left.
|
|t:|1769323101
|move|p2a: Garchomp|Spikes|p1a: Gogoat
|-sidestart|p1: BIGBODY55|Spikes
|move|p1a: Gogoat|Play Rough|p2a: Garchomp
|-supereffective|p2a: Garchomp
|-damage|p2a: Garchomp|36/100
|-unboost|p2a: Garchomp|atk|1
|-damage|p1a: Gogoat|44/100|[from] ability: Rough Skin|[of] p2a: Garchomp
|-damage|p1a: Gogoat|28/100|[from] item: Rocky Helmet|[of] p2a: Garchomp
|
|upkeep
|turn|10
|
|t:|1769323111
|switch|p2a: Iron Crown|Iron Crown|100/100
|move|p1a: Gogoat|Play Rough|p2a: Iron Crown
|-resisted|p2a: Iron Crown
|-damage|p2a: Iron Crown|86/100
|
|upkeep
|turn|11
|
|t:|1769323124
|switch|p1a: Rillaboom|Rillaboom, F, tera:Ground|100/100
|-damage|p1a: Rillaboom|94/100|[from] Stealth Rock
|-damage|p1a: Rillaboom|82/100|[from] Spikes
|-fieldstart|move: Grassy Terrain|[from] ability: Grassy Surge|[of] p1a: Rillaboom
|move|p2a: Iron Crown|Psychic Noise|p1a: Rillaboom
|-damage|p1a: Rillaboom|39/100
|-start|p1a: Rillaboom|move: Heal Block
|
|-heal|p2a: Iron Crown|92/100|[from] Grassy Terrain
|upkeep
|turn|12
|
|t:|1769323143
|switch|p1a: Zarude|Zarude|100/100
|-damage|p1a: Zarude|88/100|[from] Stealth Rock
|-damage|p1a: Zarude|75/100|[from] Spikes
|move|p2a: Iron Crown|Psychic Noise|p1a: Zarude
|-immune|p1a: Zarude
|
|-heal|p1a: Zarude|82/100|[from] Grassy Terrain
|-heal|p1a: Zarude|88/100|[from] item: Leftovers
|-heal|p2a: Iron Crown|99/100|[from] Grassy Terrain
|upkeep
|turn|13
|inactive|SacredScythee has 120 seconds left.
|
|t:|1769323165
|-end|p2a: Iron Crown|Quark Drive|[silent]
|switch|p2a: Mandibuzz|Mandibuzz, F|91/100
|move|p1a: Zarude|Knock Off|p2a: Mandibuzz
|-resisted|p2a: Mandibuzz
|-damage|p2a: Mandibuzz|82/100
|
|-heal|p1a: Zarude|94/100|[from] Grassy Terrain
|-heal|p1a: Zarude|100/100|[from] item: Leftovers
|upkeep
|turn|14
|inactive|SacredScythee has 120 seconds left.
|
|t:|1769323198
|switch|p1a: Gogoat|Gogoat, M|28/100
|-damage|p1a: Gogoat|15/100|[from] Stealth Rock
|-damage|p1a: Gogoat|3/100|[from] Spikes
|switch|p2a: Hatterene|Hatterene, F|23/100
|
|-heal|p1a: Gogoat|9/100|[from] Grassy Terrain
|-heal|p2a: Hatterene|29/100|[from] Grassy Terrain
|-heal|p2a: Hatterene|35/100|[from] item: Leftovers
|upkeep
|turn|15
|
|t:|1769323211
|move|p1a: Gogoat|Horn Leech|p2a: Hatterene
|-damage|p2a: Hatterene|0 fnt
|-heal|p1a: Gogoat|22/100|[from] drain|[of] p2a: Hatterene
|faint|p2a: Hatterene
|
|-heal|p1a: Gogoat|28/100|[from] Grassy Terrain
|upkeep
|
|t:|1769323220
|switch|p2a: Ogerpon|Ogerpon, F|100/100
|turn|16
|
|t:|1769323236
|move|p2a: Ogerpon|U-turn|p1a: Gogoat
|-supereffective|p1a: Gogoat
|-damage|p1a: Gogoat|0 fnt
|faint|p1a: Gogoat
|
|t:|1769323247
|switch|p2a: Mandibuzz|Mandibuzz, F|82/100|[from] U-turn
|
|upkeep
|
|t:|1769323253
|switch|p1a: Dorito|Iron Moth, shiny|100/100
|-damage|p1a: Dorito|76/100|[from] Stealth Rock
|-damage|p1a: Dorito|63/100|[from] Spikes
|-enditem|p1a: Dorito|Booster Energy
|-activate|p1a: Dorito|ability: Quark Drive|[fromitem]
|-start|p1a: Dorito|quarkdrivespe
|turn|17
|
|t:|1769323268
|switch|p2a: Garchomp|Garchomp, F|36/100
|move|p1a: Dorito|Fiery Dance|p2a: Garchomp
|-resisted|p2a: Garchomp
|-damage|p2a: Garchomp|18/100
|-boost|p1a: Dorito|spa|1
|
|-heal|p1a: Dorito|69/100|[from] Grassy Terrain
|-heal|p2a: Garchomp|24/100|[from] Grassy Terrain
|upkeep
|turn|18
|
|t:|1769323285
|move|p1a: Dorito|Dazzling Gleam|p2a: Garchomp
|-supereffective|p2a: Garchomp
|-damage|p2a: Garchomp|0 fnt
|faint|p2a: Garchomp
|
|-heal|p1a: Dorito|75/100|[from] Grassy Terrain
|-fieldend|move: Grassy Terrain
|upkeep
|
|t:|1769323292
|switch|p2a: Iron Crown|Iron Crown|99/100
|turn|19
|
|t:|1769323311
|-terastallize|p2a: Iron Crown|Fighting
|move|p1a: Dorito|Substitute|p1a: Dorito
|-start|p1a: Dorito|Substitute
|-damage|p1a: Dorito|50/100
|move|p2a: Iron Crown|Psychic Noise|p1a: Dorito
|-supereffective|p1a: Dorito
|-damage|p1a: Dorito|0 fnt
|faint|p1a: Dorito
|-end|p1a: Dorito|Quark Drive|[silent]
|
|upkeep
|
|t:|1769323323
|switch|p1a: Rillaboom|Rillaboom, F, tera:Ground|39/100
|-damage|p1a: Rillaboom|33/100|[from] Stealth Rock
|-damage|p1a: Rillaboom|21/100|[from] Spikes
|-fieldstart|move: Grassy Terrain|[from] ability: Grassy Surge|[of] p1a: Rillaboom
|turn|20
|
|t:|1769323346
|switch|p1a: Zarude|Zarude|100/100
|-damage|p1a: Zarude|88/100|[from] Stealth Rock
|-damage|p1a: Zarude|75/100|[from] Spikes
|move|p2a: Iron Crown|Tachyon Cutter|p1a: Zarude
|-damage|p1a: Zarude|49/100
|-damage|p1a: Zarude|24/100
|-hitcount|p1a: Zarude|2
|
|-heal|p1a: Zarude|30/100|[from] Grassy Terrain
|-heal|p1a: Zarude|36/100|[from] item: Leftovers
|-heal|p2a: Iron Crown|100/100|[from] Grassy Terrain
|upkeep
|turn|21
|
|t:|1769323358
|move|p1a: Zarude|Synthesis|p1a: Zarude
|-heal|p1a: Zarude|86/100
|move|p2a: Iron Crown|Tachyon Cutter|p1a: Zarude
|-damage|p1a: Zarude|60/100
|-damage|p1a: Zarude|35/100
|-hitcount|p1a: Zarude|2
|
|-heal|p1a: Zarude|41/100|[from] Grassy Terrain
|-heal|p1a: Zarude|47/100|[from] item: Leftovers
|upkeep
|turn|22
|
|t:|1769323368
|move|p1a: Zarude|Synthesis|p1a: Zarude
|-heal|p1a: Zarude|97/100
|move|p2a: Iron Crown|Tachyon Cutter|p1a: Zarude
|-damage|p1a: Zarude|71/100
|-damage|p1a: Zarude|47/100
|-hitcount|p1a: Zarude|2
|
|-heal|p1a: Zarude|54/100|[from] Grassy Terrain
|-heal|p1a: Zarude|60/100|[from] item: Leftovers
|upkeep
|turn|23
|
|t:|1769323377
|move|p1a: Zarude|Power Whip|p2a: Iron Crown
|-damage|p2a: Iron Crown|23/100
|move|p2a: Iron Crown|Focus Blast|p1a: Zarude
|-supereffective|p1a: Zarude
|-damage|p1a: Zarude|0 fnt
|faint|p1a: Zarude
|
|-heal|p2a: Iron Crown|29/100|[from] Grassy Terrain
|upkeep
|
|t:|1769323394
|switch|p1a: Kingambit|Kingambit, M, shiny|100/100
|-damage|p1a: Kingambit|94/100|[from] Stealth Rock
|-damage|p1a: Kingambit|82/100|[from] Spikes
|-activate|p1a: Kingambit|ability: Supreme Overlord
|-start|p1a: Kingambit|fallen4|[silent]
|turn|24
|
|t:|1769323403
|move|p1a: Kingambit|Sucker Punch|p2a: Iron Crown
|-resisted|p2a: Iron Crown
|-damage|p2a: Iron Crown|0 fnt
|faint|p2a: Iron Crown
|-end|p2a: Iron Crown|Quark Drive|[silent]
|
|-heal|p1a: Kingambit|88/100|[from] Grassy Terrain
|upkeep
|
|t:|1769323409
|switch|p2a: Ogerpon|Ogerpon, F|100/100
|turn|25
|inactive|SacredScythee has 120 seconds left.
|
|t:|1769323414
|move|p1a: Kingambit|Sucker Punch||[still]
|-fail|p1a: Kingambit
|move|p2a: Ogerpon|Encore|p1a: Kingambit
|-start|p1a: Kingambit|Encore
|
|-heal|p1a: Kingambit|94/100|[from] Grassy Terrain
|upkeep
|turn|26
|inactive|SacredScythee has 120 seconds left.
|
|t:|1769323441
|switch|p2a: Mandibuzz|Mandibuzz, F|82/100
|move|p1a: Kingambit|Sucker Punch||[still]
|-fail|p1a: Kingambit
|
|-heal|p1a: Kingambit|100/100|[from] Grassy Terrain
|upkeep
|turn|27
|
|t:|1769323451
|move|p1a: Kingambit|Sucker Punch||[still]
|-fail|p1a: Kingambit
|move|p2a: Mandibuzz|Iron Defense|p2a: Mandibuzz
|-boost|p2a: Mandibuzz|def|2
|
|-fieldend|move: Grassy Terrain
|upkeep
|turn|28
|
|t:|1769323457
|-end|p1a: Kingambit|fallen4|[silent]
|switch|p1a: Rillaboom|Rillaboom, F, tera:Ground|21/100
|-damage|p1a: Rillaboom|15/100|[from] Stealth Rock
|-damage|p1a: Rillaboom|2/100|[from] Spikes
|-fieldstart|move: Grassy Terrain|[from] ability: Grassy Surge|[of] p1a: Rillaboom
|move|p2a: Mandibuzz|Iron Defense|p2a: Mandibuzz
|-boost|p2a: Mandibuzz|def|2
|
|-heal|p1a: Rillaboom|8/100|[from] Grassy Terrain
|upkeep
|turn|29
|inactive|SacredScythee has 120 seconds left.
|
|t:|1769323468
|switch|p1a: Kingambit|Kingambit, M, shiny|100/100
|-damage|p1a: Kingambit|94/100|[from] Stealth Rock
|-damage|p1a: Kingambit|82/100|[from] Spikes
|-activate|p1a: Kingambit|ability: Supreme Overlord
|-start|p1a: Kingambit|fallen4|[silent]
|move|p2a: Mandibuzz|Iron Defense|p2a: Mandibuzz
|-boost|p2a: Mandibuzz|def|2
|
|-heal|p1a: Kingambit|88/100|[from] Grassy Terrain
|upkeep
|turn|30
|inactive|SacredScythee has 120 seconds left.
|
|t:|1769323491
|move|p2a: Mandibuzz|Foul Play|p1a: Kingambit
|-resisted|p1a: Kingambit
|-damage|p1a: Kingambit|66/100
|move|p1a: Kingambit|Swords Dance|p1a: Kingambit
|-boost|p1a: Kingambit|atk|2
|
|-heal|p1a: Kingambit|72/100|[from] Grassy Terrain
|upkeep
|turn|31
|
|t:|1769323508
|move|p2a: Mandibuzz|Foul Play|p1a: Kingambit
|-resisted|p1a: Kingambit
|-damage|p1a: Kingambit|31/100
|move|p1a: Kingambit|Iron Head|p2a: Mandibuzz
|-damage|p2a: Mandibuzz|62/100
|
|-heal|p1a: Kingambit|38/100|[from] Grassy Terrain
|upkeep
|turn|32
|
|t:|1769323515
|move|p1a: Kingambit|Sucker Punch|p2a: Mandibuzz
|-resisted|p2a: Mandibuzz
|-damage|p2a: Mandibuzz|52/100
|move|p2a: Mandibuzz|Foul Play|p1a: Kingambit
|-resisted|p1a: Kingambit
|-crit|p1a: Kingambit
|-damage|p1a: Kingambit|0 fnt
|faint|p1a: Kingambit
|-end|p1a: Kingambit|fallen4|[silent]
|
|upkeep
|
|t:|1769323517
|switch|p1a: Rillaboom|Rillaboom, F, tera:Ground|8/100
|-damage|p1a: Rillaboom|2/100|[from] Stealth Rock
|-damage|p1a: Rillaboom|0 fnt|[from] Spikes
|faint|p1a: Rillaboom
|
|win|SacredScythee
|raw|BIGBODY55's rating: 1318 &rarr; <strong>1301</strong><br />(-17 for losing)
|raw|SacredScythee's rating: 1363 &rarr; <strong>1380</strong><br />(+17 for winning)
|c|☆BIGBODY55|Gg
|l|☆BIGBODY55
|player|p1|
|l|☆SacredScythee
|player|p2|
