|j|☆dillnchill
|j|‽a3720
|t:|1769418876
|gametype|singles
|player|p1|dillnchill|2|1603
|player|p2|a3720|1|1627
|gen|9
|tier|[Gen 9] OU
|rated|
|rule|HP Percentage Mod: HP is shown in percentages
|rule|Endless Battle Clause: Forcing endless battles is banned
|rule|Species Clause: Limit one of each Pokémon
|rule|OHKO Clause: OHKO moves are banned
|rule|Evasion Items Clause: Evasion items are banned
|rule|Evasion Moves Clause: Evasion moves are banned
|rule|Evasion Abilities Clause: Evasion abilities are banned
|rule|Sleep Moves Clause: Sleep-inducing moves are banned
|clearpoke
|poke|p1|Tyranitar, F|
|poke|p1|Excadrill, M|
|poke|p1|Iron Valiant|
|poke|p1|Zapdos|
|poke|p1|Ogerpon, F|
|poke|p1|Toxapex, M|
|poke|p2|Zoroark-Hisui, F|
|poke|p2|Dragapult, M|
|poke|p2|Tinkaton, F|
|poke|p2|Gliscor, M|
|poke|p2|Keldeo-Resolute|
|poke|p2|Amoonguss, F|
|teampreview
|inactive|Battle timer is ON: inactive players will automatically lose when time's up. (requested by dillnchill)
|inactive|a3720 has 120 seconds left.
|
|t:|1769418927
|teamsize|p1|6
|teamsize|p2|6
|start
|switch|p1a: Tyranitar|Tyranitar, F|100/100
|switch|p2a: Tinkaton|Tinkaton, F|100/100
|-item|p2a: Tinkaton|Air Balloon
|-weather|Sandstorm|[from] ability: Sand Stream|[of] p1a: Tyranitar
|turn|1
|
|t:|1769418935
|switch|p1a: Zapdos|Zapdos|100/100
|move|p2a: Tinkaton|Gigaton Hammer|p1a: Zapdos
|-resisted|p1a: Zapdos
|-damage|p1a: Zapdos|78/100
|
|-weather|Sandstorm|[upkeep]
|-damage|p1a: Zapdos|72/100|[from] Sandstorm
|upkeep
|turn|2
|
|t:|1769418952
|switch|p2a: Gliscor|Gliscor, M|100/100
|move|p1a: Zapdos|Hurricane|p2a: Gliscor
|-damage|p2a: Gliscor|51/100
|
|-weather|Sandstorm|[upkeep]
|-damage|p1a: Zapdos|66/100|[from] Sandstorm
|-status|p2a: Gliscor|tox|[from] item: Toxic Orb
|upkeep
|turn|3
|
|t:|1769418962
|move|p1a: Zapdos|Hurricane|p2a: Gliscor
|-damage|p2a: Gliscor|6/100 tox
|move|p2a: Gliscor|Toxic|p1a: Zapdos
|-status|p1a: Zapdos|tox
|
|-weather|Sandstorm|[upkeep]
|-damage|p1a: Zapdos|60/100 tox|[from] Sandstorm
|-damage|p1a: Zapdos|53/100 tox|[from] psn
|-heal|p2a: Gliscor|18/100 tox|[from] ability: Poison Heal
|upkeep
|turn|4
|
|t:|1769418981
|switch|p1a: Ogerpon|Ogerpon, F|100/100
|move|p2a: Gliscor|Protect||[still]
|-fail|p2a: Gliscor
|
|-weather|Sandstorm|[upkeep]
|-damage|p1a: Ogerpon|95/100|[from] Sandstorm
|-heal|p2a: Gliscor|31/100 tox|[from] ability: Poison Heal
|upkeep
|turn|5
|
|t:|1769418985
|move|p2a: Gliscor|Protect|p2a: Gliscor
|-singleturn|p2a: Gliscor|Protect
|move|p1a: Ogerpon|Ivy Cudgel|p2a: Gliscor
|-activate|p2a: Gliscor|move: Protect
|
|-weather|Sandstorm|[upkeep]
|-damage|p1a: Ogerpon|89/100|[from] Sandstorm
|-heal|p2a: Gliscor|43/100 tox|[from] ability: Poison Heal
|upkeep
|turn|6
|
|t:|1769418994
|switch|p2a: Amoonguss|Amoonguss, F|100/100
|move|p1a: Ogerpon|Ivy Cudgel|p2a: Amoonguss
|-resisted|p2a: Amoonguss
|-damage|p2a: Amoonguss|87/100
|
|-weather|Sandstorm|[upkeep]
|-damage|p1a: Ogerpon|83/100|[from] Sandstorm
|-damage|p2a: Amoonguss|81/100|[from] Sandstorm
|upkeep
|turn|7
|
|t:|1769419011
|switch|p1a: Tyranitar|Tyranitar, F|100/100
|switch|p2a: Gliscor|Gliscor, M|43/100 tox
|
|-weather|Sandstorm|[upkeep]
|-heal|p2a: Gliscor|56/100 tox|[from] ability: Poison Heal
|upkeep
|turn|8
|
|t:|1769419031
|move|p2a: Gliscor|Protect|p2a: Gliscor
|-singleturn|p2a: Gliscor|Protect
|move|p1a: Tyranitar|Stealth Rock|p2a: Gliscor
|-sidestart|p2: a3720|move: Stealth Rock
|
|-weather|none
|-heal|p2a: Gliscor|68/100 tox|[from] ability: Poison Heal
|upkeep
|turn|9
|
|t:|1769419040
|switch|p2a: Tinkaton|Tinkaton, F|100/100
|-damage|p2a: Tinkaton|94/100|[from] Stealth Rock
|-item|p2a: Tinkaton|Air Balloon
|move|p1a: Tyranitar|Ice Punch|p2a: Tinkaton
|-resisted|p2a: Tinkaton
|-damage|p2a: Tinkaton|76/100
|-enditem|p2a: Tinkaton|Air Balloon
|-enditem|p1a: Tyranitar|Smooth Rock|[silent]|[from] ability: Pickpocket|[of] p1a: Tyranitar
|-item|p2a: Tinkaton|Smooth Rock|[from] ability: Pickpocket|[of] p1a: Tyranitar
|
|upkeep
|turn|10
|
|t:|1769419046
|switch|p1a: Excadrill|Excadrill, M|100/100
|move|p2a: Tinkaton|Stealth Rock|p1a: Excadrill
|-sidestart|p1: dillnchill|move: Stealth Rock
|
|upkeep
|turn|11
|
|t:|1769419067
|switch|p2a: Amoonguss|Amoonguss, F|100/100
|-damage|p2a: Amoonguss|88/100|[from] Stealth Rock
|move|p1a: Excadrill|Earthquake|p2a: Amoonguss
|-damage|p2a: Amoonguss|38/100
|
|upkeep
|turn|12
|inactive|a3720 has 120 seconds left.
|
|t:|1769419091
|switch|p1a: Iron Valiant|Iron Valiant|100/100
|-damage|p1a: Iron Valiant|94/100|[from] Stealth Rock
|switch|p2a: Gliscor|Gliscor, M|68/100 tox
|-damage|p2a: Gliscor|56/100 tox|[from] Stealth Rock
|
|-heal|p2a: Gliscor|68/100 tox|[from] ability: Poison Heal
|upkeep
|turn|13
|
|t:|1769419096
|move|p2a: Gliscor|Protect|p2a: Gliscor
|-singleturn|p2a: Gliscor|Protect
|move|p1a: Iron Valiant|Moonblast|p2a: Gliscor
|-activate|p2a: Gliscor|move: Protect
|
|-heal|p2a: Gliscor|81/100 tox|[from] ability: Poison Heal
|upkeep
|turn|14
|
|t:|1769419106
|move|p1a: Iron Valiant|Moonblast|p2a: Gliscor
|-damage|p2a: Gliscor|22/100 tox
|-unboost|p2a: Gliscor|spa|1
|move|p2a: Gliscor|Toxic|p1a: Iron Valiant
|-status|p1a: Iron Valiant|tox
|
|-damage|p1a: Iron Valiant|88/100 tox|[from] psn
|-heal|p2a: Gliscor|35/100 tox|[from] ability: Poison Heal
|upkeep
|turn|15
|
|t:|1769419115
|-end|p1a: Iron Valiant|Quark Drive|[silent]
|switch|p1a: Ogerpon|Ogerpon, F|83/100
|-damage|p1a: Ogerpon|70/100|[from] Stealth Rock
|move|p2a: Gliscor|Protect||[still]
|-fail|p2a: Gliscor
|
|-heal|p2a: Gliscor|47/100 tox|[from] ability: Poison Heal
|upkeep
|turn|16
|
|t:|1769419122
|move|p2a: Gliscor|Protect|p2a: Gliscor
|-singleturn|p2a: Gliscor|Protect
|move|p1a: Ogerpon|Ivy Cudgel|p2a: Gliscor
|-activate|p2a: Gliscor|move: Protect
|
|-heal|p2a: Gliscor|60/100 tox|[from] ability: Poison Heal
|upkeep
|turn|17
|
|t:|1769419133
|switch|p1a: Tyranitar|Tyranitar, F|100/100
|-damage|p1a: Tyranitar|88/100|[from] Stealth Rock
|-weather|Sandstorm|[from] ability: Sand Stream|[of] p1a: Tyranitar
|switch|p2a: Amoonguss|Amoonguss, F|72/100
|-damage|p2a: Amoonguss|59/100|[from] Stealth Rock
|
|-weather|Sandstorm|[upkeep]
|-damage|p2a: Amoonguss|53/100|[from] Sandstorm
|upkeep
|turn|18
|
|t:|1769419150
|move|p1a: Tyranitar|Ice Punch|p2a: Amoonguss
|-supereffective|p2a: Amoonguss
|-damage|p2a: Amoonguss|4/100
|-damage|p1a: Tyranitar|72/100|[from] item: Rocky Helmet|[of] p2a: Amoonguss
|move|p2a: Amoonguss|Giga Drain|p1a: Tyranitar
|-supereffective|p1a: Tyranitar
|-damage|p1a: Tyranitar|43/100
|-heal|p2a: Amoonguss|16/100|[from] drain|[of] p1a: Tyranitar
|
|-weather|Sandstorm|[upkeep]
|-damage|p2a: Amoonguss|10/100|[from] Sandstorm
|upkeep
|turn|19
|
|t:|1769419163
|switch|p2a: Tinkaton|Tinkaton, F|76/100
|-damage|p2a: Tinkaton|70/100|[from] Stealth Rock
|move|p1a: Tyranitar|Knock Off|p2a: Tinkaton
|-resisted|p2a: Tinkaton
|-damage|p2a: Tinkaton|36/100
|-enditem|p2a: Tinkaton|Smooth Rock|[from] move: Knock Off|[of] p1a: Tyranitar
|
|-weather|Sandstorm|[upkeep]
|upkeep
|turn|20
|
|t:|1769419187
|switch|p1a: Toxapex|Toxapex, M, shiny|100/100
|-damage|p1a: Toxapex|88/100|[from] Stealth Rock
|move|p2a: Tinkaton|Gigaton Hammer|p1a: Toxapex
|-resisted|p1a: Toxapex
|-damage|p1a: Toxapex|74/100
|-enditem|p1a: Toxapex|Eject Button
|
|t:|1769419207
|switch|p1a: Ogerpon|Ogerpon, F|70/100
|-damage|p1a: Ogerpon|58/100|[from] Stealth Rock
|
|-weather|Sandstorm|[upkeep]
|-damage|p1a: Ogerpon|52/100|[from] Sandstorm
|upkeep
|turn|21
|
|t:|1769419221
|-terastallize|p1a: Ogerpon|Grass
|detailschange|p1a: Ogerpon|Ogerpon-Teal-Tera, F, tera:Grass
|-ability|p1a: Ogerpon|Embody Aspect (Teal)|boost
|-boost|p1a: Ogerpon|spe|1
|move|p1a: Ogerpon|Ivy Cudgel|p2a: Tinkaton
|-resisted|p2a: Tinkaton
|-damage|p2a: Tinkaton|0 fnt
|faint|p2a: Tinkaton
|
|-weather|none
|upkeep
|inactive|a3720 has 120 seconds left.
|
|t:|1769419243
|switch|p2a: Dragapult|Dragapult, M|100/100
|turn|22
|inactive|a3720 has 120 seconds left.
|
|t:|1769419275
|switch|p1a: Toxapex|Toxapex, M, shiny|100/100
|-damage|p1a: Toxapex|88/100|[from] Stealth Rock
|move|p2a: Dragapult|Dragon Darts|p1a: Toxapex
|-damage|p1a: Toxapex|72/100
|-anim|p2a: Dragapult|Dragon Darts|p1a: Toxapex
|-damage|p1a: Toxapex|56/100
|
|upkeep
|turn|23
|inactive|a3720 has 120 seconds left.
|
|t:|1769419286
|switch|p2a: Amoonguss|Amoonguss, F|44/100
|-damage|p2a: Amoonguss|31/100|[from] Stealth Rock
|move|p1a: Toxapex|Toxic|p2a: Amoonguss
|-immune|p2a: Amoonguss
|
|upkeep
|turn|24
|inactive|a3720 has 120 seconds left.
|j| Tbccc15
|
|t:|1769419306
|switch|p1a: Tyranitar|Tyranitar, F|43/100
|-damage|p1a: Tyranitar|31/100|[from] Stealth Rock
|-weather|Sandstorm|[from] ability: Sand Stream|[of] p1a: Tyranitar
|switch|p2a: Gliscor|Gliscor, M|60/100 tox
|-damage|p2a: Gliscor|47/100 tox|[from] Stealth Rock
|
|-weather|Sandstorm|[upkeep]
|-heal|p2a: Gliscor|60/100 tox|[from] ability: Poison Heal
|upkeep
|turn|25
|
|t:|1769419318
|move|p2a: Gliscor|Earthquake|p1a: Tyranitar
|-supereffective|p1a: Tyranitar
|-damage|p1a: Tyranitar|0 fnt
|faint|p1a: Tyranitar
|
|-weather|Sandstorm|[upkeep]
|-heal|p2a: Gliscor|72/100 tox|[from] ability: Poison Heal
|upkeep
|
|t:|1769419324
|switch|p1a: Ogerpon|Ogerpon-Teal-Tera, F, tera:Grass|52/100
|-damage|p1a: Ogerpon|40/100|[from] Stealth Rock
|-ability|p1a: Ogerpon|Embody Aspect (Teal)|boost
|-boost|p1a: Ogerpon|spe|1
|turn|26
|
|t:|1769419331
|move|p2a: Gliscor|Protect|p2a: Gliscor
|-singleturn|p2a: Gliscor|Protect
|move|p1a: Ogerpon|Ivy Cudgel|p2a: Gliscor
|-activate|p2a: Gliscor|move: Protect
|
|-weather|Sandstorm|[upkeep]
|-damage|p1a: Ogerpon|34/100|[from] Sandstorm
|-heal|p2a: Gliscor|85/100 tox|[from] ability: Poison Heal
|upkeep
|turn|27
|inactive|a3720 has 120 seconds left.
|
|t:|1769419359
|switch|p2a: Amoonguss|Amoonguss, F|64/100
|-damage|p2a: Amoonguss|52/100|[from] Stealth Rock
|move|p1a: Ogerpon|Ivy Cudgel|p2a: Amoonguss
|-resisted|p2a: Amoonguss
|-damage|p2a: Amoonguss|33/100
|
|-weather|Sandstorm|[upkeep]
|-damage|p1a: Ogerpon|28/100|[from] Sandstorm
|-damage|p2a: Amoonguss|27/100|[from] Sandstorm
|upkeep
|turn|28
|inactive|a3720 has 120 seconds left.
|
|t:|1769419395
|switch|p1a: Iron Valiant|Iron Valiant|88/100 tox
|-damage|p1a: Iron Valiant|82/100 tox|[from] Stealth Rock
|move|p2a: Amoonguss|Sludge Bomb|p1a: Iron Valiant
|-supereffective|p1a: Iron Valiant
|-damage|p1a: Iron Valiant|0 fnt
|faint|p1a: Iron Valiant
|-end|p1a: Iron Valiant|Quark Drive|[silent]
|
|-weather|none
|upkeep
|
|t:|1769419406
|switch|p1a: Excadrill|Excadrill, M|100/100
|-damage|p1a: Excadrill|97/100|[from] Stealth Rock
|turn|29
|inactive|a3720 has 90 seconds left.
|
|t:|1769419450
|switch|p2a: Keldeo|Keldeo-Resolute|100/100
|-damage|p2a: Keldeo|88/100|[from] Stealth Rock
|move|p1a: Excadrill|Rapid Spin|p2a: Keldeo
|-immune|p2a: Keldeo
|
|-heal|p1a: Excadrill|100/100|[from] item: Leftovers
|upkeep
|turn|30
|
|t:|1769419464
|switch|p1a: Toxapex|Toxapex, M, shiny|90/100
|-damage|p1a: Toxapex|77/100|[from] Stealth Rock
|move|p2a: Keldeo|Trick|p1a: Toxapex
|-activate|p2a: Keldeo|move: Trick|[of] p1a: Toxapex
|-item|p1a: Toxapex|Choice Band|[from] move: Trick
|-enditem|p2a: Keldeo|Choice Band|[silent]|[from] move: Trick
|
|upkeep
|turn|31
|inactive|dillnchill has 120 seconds left.
|
|t:|1769419487
|switch|p1a: Zapdos|Zapdos|53/100 tox
|move|p2a: Keldeo|Poltergeist|p1a: Zapdos|[miss]
|-miss|p2a: Keldeo|p1a: Zapdos
|
|-damage|p1a: Zapdos|47/100 tox|[from] psn
|upkeep
|turn|32
|
|t:|1769419497
|move|p2a: Keldeo|Poltergeist|p1a: Zapdos
|-activate|p1a: Zapdos|move: Poltergeist|Heavy-Duty Boots
|-damage|p1a: Zapdos|0 fnt
|faint|p1a: Zapdos
|
|upkeep
|
|t:|1769419502
|switch|p1a: Ogerpon|Ogerpon-Teal-Tera, F, tera:Grass|28/100
|-damage|p1a: Ogerpon|15/100|[from] Stealth Rock
|-ability|p1a: Ogerpon|Embody Aspect (Teal)|boost
|-boost|p1a: Ogerpon|spe|1
|turn|33
|
|t:|1769419506
|move|p2a: Keldeo|Shadow Sneak|p1a: Ogerpon
|-damage|p1a: Ogerpon|0 fnt
|faint|p1a: Ogerpon
|detailschange|p1: Ogerpon|Ogerpon, F|[silent]
|
|upkeep
|-message|dillnchill forfeited.
|
|win|a3720
|raw|dillnchill's rating: 1603 &rarr; <strong>1584</strong><br />(-19 for losing)
|raw|a3720's rating: 1627 &rarr; <strong>1646</strong><br />(+19 for winning)
|l|☆dillnchill
|player|p1|
|l|‽a3720
|player|p2|
