|j|☆ghighas
|j|☆kianchimchar
|t:|1769319145
|gametype|singles
|player|p1|ghighas|ghetsis|1354
|player|p2|kianchimchar|unknown|1440
|gen|9
|tier|[Gen 9] OU
|rated|
|rule|HP Percentage Mod: HP is shown in percentages
|rule|Endless Battle Clause: Forcing endless battles is banned
|rule|Species Clause: Limit one of each Pokémon
|rule|OHKO Clause: OHKO moves are banned
|rule|Evasion Items Clause: Evasion items are banned
|rule|Evasion Moves Clause: Evasion moves are banned
|rule|Evasion Abilities Clause: Evasion abilities are banned
|rule|Sleep Moves Clause: Sleep-inducing moves are banned
|clearpoke
|poke|p1|Barraskewda, M|
|poke|p1|Pelipper, M|
|poke|p1|Dondozo, F|
|poke|p1|Ogerpon-Wellspring, F|
|poke|p1|Goodra-Hisui, F|
|poke|p1|Great Tusk|
|poke|p2|Dragonite, M|
|poke|p2|Smeargle, F|
|poke|p2|Zoroark-Hisui, M|
|poke|p2|Scizor, M|
|poke|p2|Kyurem|
|poke|p2|Ditto|
|teampreview
|
|t:|1769319153
|teamsize|p1|6
|teamsize|p2|6
|start
|switch|p1a: Pelipper|Pelipper, M|100/100
|switch|p2a: Kyurem|Kyurem|100/100
|-weather|RainDance|[from] ability: Drizzle|[of] p1a: Pelipper
|turn|1
|inactive|Battle timer is ON: inactive players will automatically lose when time's up. (requested by kianchimchar)
|
|t:|1769319157
|switch|p1a: Goodra|Goodra-Hisui, F|100/100
|move|p2a: Kyurem|Trick|p1a: Goodra
|-activate|p2a: Kyurem|move: Trick|[of] p1a: Goodra
|-item|p1a: Goodra|Choice Scarf|[from] move: Trick
|-item|p2a: Kyurem|Heavy-Duty Boots|[from] move: Trick
|
|-weather|RainDance|[upkeep]
|upkeep
|turn|2
|
|t:|1769319161
|move|p2a: Kyurem|Shadow Ball|p1a: Goodra
|-damage|p1a: Goodra|78/100
|-unboost|p1a: Goodra|spd|1
|move|p1a: Goodra|Dragon Tail|p2a: Kyurem
|-crit|p2a: Kyurem
|-damage|p2a: Kyurem|29/100
|replace|p2a: Zoroark|Zoroark-Hisui, M
|-end|p2a: Zoroark|Illusion
|drag|p2a: one man army|Dragonite, M, shiny|100/100
|
|-weather|RainDance|[upkeep]
|upkeep
|turn|3
|
|t:|1769319165
|switch|p2a: Kyurem|Kyurem|29/100
|switch|p1a: Dondozo|Dondozo, F|100/100
|
|-weather|RainDance|[upkeep]
|upkeep
|turn|4
|
|t:|1769319170
|switch|p1a: Goodra|Goodra-Hisui, F|78/100
|move|p2a: Kyurem|Shadow Ball|p1a: Goodra
|-damage|p1a: Goodra|54/100
|
|-weather|RainDance|[upkeep]
|upkeep
|turn|5
|
|t:|1769319173
|move|p2a: Kyurem|Shadow Ball|p1a: Goodra
|-damage|p1a: Goodra|29/100
|move|p1a: Goodra|Flash Cannon|p2a: Kyurem
|-damage|p2a: Kyurem|0 fnt
|replace|p2a: Zoroark|Zoroark-Hisui, M
|-end|p2a: Zoroark|Illusion
|faint|p2a: Zoroark
|
|-weather|RainDance|[upkeep]
|upkeep
|
|t:|1769319183
|switch|p2a: Smeargle|Smeargle, F|100/100
|turn|6
|
|t:|1769319195
|move|p2a: Smeargle|Glare|p1a: Goodra
|-status|p1a: Goodra|par
|move|p1a: Goodra|Flash Cannon|p2a: Smeargle
|-damage|p2a: Smeargle|10/100
|-unboost|p2a: Smeargle|spd|1
|
|-weather|RainDance|[upkeep]
|upkeep
|turn|7
|
|t:|1769319198
|move|p2a: Smeargle|Ceaseless Edge|p1a: Goodra|[miss]
|-miss|p2a: Smeargle|p1a: Goodra
|move|p1a: Goodra|Flash Cannon|p2a: Smeargle
|-damage|p2a: Smeargle|0 fnt
|faint|p2a: Smeargle
|
|-weather|RainDance|[upkeep]
|upkeep
|
|t:|1769319203
|switch|p2a: Kyurem|Kyurem|100/100
|-ability|p2a: Kyurem|Pressure
|turn|8
|
|t:|1769319206
|move|p2a: Kyurem|Earth Power|p1a: Goodra
|-supereffective|p1a: Goodra
|-damage|p1a: Goodra|0 fnt
|faint|p1a: Goodra
|
|-weather|none
|upkeep
|
|t:|1769319211
|switch|p1a: Great Tusk|Great Tusk|100/100
|turn|9
|
|t:|1769319214
|move|p2a: Kyurem|Freeze-Dry|p1a: Great Tusk
|-supereffective|p1a: Great Tusk
|-damage|p1a: Great Tusk|20/100
|move|p1a: Great Tusk|Knock Off|p2a: Kyurem
|-crit|p2a: Kyurem
|-damage|p2a: Kyurem|61/100
|-enditem|p2a: Kyurem|Focus Sash|[from] move: Knock Off|[of] p1a: Great Tusk
|
|upkeep
|turn|10
|
|t:|1769319224
|move|p2a: Kyurem|Freeze-Dry|p1a: Great Tusk
|-supereffective|p1a: Great Tusk
|-damage|p1a: Great Tusk|0 fnt
|faint|p1a: Great Tusk
|-end|p1a: Great Tusk|Protosynthesis|[silent]
|
|upkeep
|
|t:|1769319227
|switch|p1a: Barraskewda|Barraskewda, M, shiny|100/100
|turn|11
|
|t:|1769319230
|move|p1a: Barraskewda|Close Combat|p2a: Kyurem
|-supereffective|p2a: Kyurem
|-damage|p2a: Kyurem|0 fnt
|-unboost|p1a: Barraskewda|def|1
|-unboost|p1a: Barraskewda|spd|1
|faint|p2a: Kyurem
|
|upkeep
|
|t:|1769319234
|switch|p2a: one man army|Dragonite, M, shiny|100/100
|turn|12
|
|t:|1769319241
|switch|p1a: Dondozo|Dondozo, F|100/100
|move|p2a: one man army|Dragon Dance|p2a: one man army
|-boost|p2a: one man army|atk|1
|-boost|p2a: one man army|spe|1
|
|upkeep
|turn|13
|
|t:|1769319244
|move|p2a: one man army|Low Kick|p1a: Dondozo
|-damage|p1a: Dondozo|80/100
|move|p1a: Dondozo|Wave Crash|p2a: one man army
|-resisted|p2a: one man army
|-crit|p2a: one man army
|-damage|p2a: one man army|83/100
|-damage|p1a: Dondozo|76/100|[from] Recoil
|
|-heal|p2a: one man army|89/100|[from] item: Leftovers
|-heal|p1a: Dondozo|82/100|[from] item: Leftovers
|upkeep
|turn|14
|
|t:|1769319247
|move|p2a: one man army|Low Kick|p1a: Dondozo
|-crit|p1a: Dondozo
|-damage|p1a: Dondozo|50/100
|move|p1a: Dondozo|Curse|p1a: Dondozo
|-unboost|p1a: Dondozo|spe|1
|-boost|p1a: Dondozo|atk|1
|-boost|p1a: Dondozo|def|1
|
|-heal|p2a: one man army|95/100|[from] item: Leftovers
|-heal|p1a: Dondozo|56/100|[from] item: Leftovers
|upkeep
|turn|15
|
|t:|1769319249
|move|p2a: one man army|Encore|p1a: Dondozo
|-start|p1a: Dondozo|Encore
|move|p1a: Dondozo|Curse|p1a: Dondozo
|-unboost|p1a: Dondozo|spe|1
|-boost|p1a: Dondozo|atk|1
|-boost|p1a: Dondozo|def|1
|
|-heal|p2a: one man army|100/100|[from] item: Leftovers
|-heal|p1a: Dondozo|63/100|[from] item: Leftovers
|upkeep
|turn|16
|
|t:|1769319253
|switch|p1a: Pelipper|Pelipper, M|100/100
|-weather|RainDance|[from] ability: Drizzle|[of] p1a: Pelipper
|move|p2a: one man army|Dragon Dance|p2a: one man army
|-boost|p2a: one man army|atk|1
|-boost|p2a: one man army|spe|1
|
|-weather|RainDance|[upkeep]
|upkeep
|turn|17
|
|t:|1769319257
|switch|p1a: Dondozo|Dondozo, F|63/100
|move|p2a: one man army|Dragon Dance|p2a: one man army
|-boost|p2a: one man army|atk|1
|-boost|p2a: one man army|spe|1
|
|-weather|RainDance|[upkeep]
|-heal|p1a: Dondozo|69/100|[from] item: Leftovers
|upkeep
|turn|18
|
|t:|1769319260
|move|p2a: one man army|Low Kick|p1a: Dondozo
|-damage|p1a: Dondozo|48/100
|move|p1a: Dondozo|Wave Crash|p2a: one man army
|-resisted|p2a: one man army
|-damage|p2a: one man army|83/100
|-damage|p1a: Dondozo|44/100|[from] Recoil
|
|-weather|RainDance|[upkeep]
|-heal|p2a: one man army|89/100|[from] item: Leftovers
|-heal|p1a: Dondozo|50/100|[from] item: Leftovers
|upkeep
|turn|19
|
|t:|1769319265
|move|p2a: one man army|Low Kick|p1a: Dondozo
|-damage|p1a: Dondozo|29/100
|move|p1a: Dondozo|Wave Crash|p2a: one man army
|-resisted|p2a: one man army
|-damage|p2a: one man army|52/100
|-damage|p1a: Dondozo|21/100|[from] Recoil
|
|-weather|RainDance|[upkeep]
|-heal|p2a: one man army|58/100|[from] item: Leftovers
|-heal|p1a: Dondozo|27/100|[from] item: Leftovers
|upkeep
|turn|20
|
|t:|1769319269
|move|p2a: one man army|Low Kick|p1a: Dondozo
|-damage|p1a: Dondozo|6/100
|move|p1a: Dondozo|Rest|p1a: Dondozo
|-status|p1a: Dondozo|slp|[from] move: Rest
|-heal|p1a: Dondozo|100/100 slp|[silent]
|
|-weather|RainDance|[upkeep]
|-heal|p2a: one man army|64/100|[from] item: Leftovers
|upkeep
|turn|21
|
|t:|1769319271
|move|p2a: one man army|Dragon Dance|p2a: one man army
|-boost|p2a: one man army|atk|1
|-boost|p2a: one man army|spe|1
|cant|p1a: Dondozo|slp
|
|-weather|RainDance|[upkeep]
|-heal|p2a: one man army|70/100|[from] item: Leftovers
|upkeep
|turn|22
|
|t:|1769319274
|move|p2a: one man army|Dragon Dance|p2a: one man army
|-boost|p2a: one man army|atk|1
|-boost|p2a: one man army|spe|1
|cant|p1a: Dondozo|slp
|
|-weather|RainDance|[upkeep]
|-heal|p2a: one man army|76/100|[from] item: Leftovers
|upkeep
|turn|23
|
|t:|1769319279
|move|p2a: one man army|Low Kick|p1a: Dondozo
|-damage|p1a: Dondozo|79/100 slp
|-curestatus|p1a: Dondozo|slp|[msg]
|move|p1a: Dondozo|Wave Crash|p2a: one man army
|-resisted|p2a: one man army
|-damage|p2a: one man army|44/100
|-damage|p1a: Dondozo|72/100|[from] Recoil
|
|-weather|none
|-heal|p2a: one man army|50/100|[from] item: Leftovers
|-heal|p1a: Dondozo|78/100|[from] item: Leftovers
|upkeep
|turn|24
|
|t:|1769319293
|move|p2a: one man army|Low Kick|p1a: Dondozo
|-damage|p1a: Dondozo|57/100
|move|p1a: Dondozo|Curse|p1a: Dondozo
|-unboost|p1a: Dondozo|spe|1
|-boost|p1a: Dondozo|atk|1
|-boost|p1a: Dondozo|def|1
|
|-heal|p2a: one man army|56/100|[from] item: Leftovers
|-heal|p1a: Dondozo|63/100|[from] item: Leftovers
|upkeep
|turn|25
|
|t:|1769319295
|move|p2a: one man army|Encore|p1a: Dondozo
|-start|p1a: Dondozo|Encore
|move|p1a: Dondozo|Curse|p1a: Dondozo
|-unboost|p1a: Dondozo|spe|1
|-boost|p1a: Dondozo|atk|1
|-boost|p1a: Dondozo|def|1
|
|-heal|p2a: one man army|62/100|[from] item: Leftovers
|-heal|p1a: Dondozo|69/100|[from] item: Leftovers
|upkeep
|turn|26
|
|t:|1769319298
|move|p2a: one man army|Dragon Dance|p2a: one man army
|-boost|p2a: one man army|atk|1
|-boost|p2a: one man army|spe|1
|move|p1a: Dondozo|Curse|p1a: Dondozo
|-unboost|p1a: Dondozo|spe|1
|-boost|p1a: Dondozo|atk|1
|-boost|p1a: Dondozo|def|1
|
|-heal|p2a: one man army|68/100|[from] item: Leftovers
|-heal|p1a: Dondozo|75/100|[from] item: Leftovers
|upkeep
|turn|27
|
|t:|1769319300
|move|p2a: one man army|Low Kick|p1a: Dondozo
|-damage|p1a: Dondozo|67/100
|move|p1a: Dondozo|Curse|p1a: Dondozo
|-unboost|p1a: Dondozo|spe|1
|-boost|p1a: Dondozo|atk|1
|-boost|p1a: Dondozo|def|1
|
|-heal|p2a: one man army|74/100|[from] item: Leftovers
|-heal|p1a: Dondozo|73/100|[from] item: Leftovers
|-end|p1a: Dondozo|Encore
|upkeep
|turn|28
|
|t:|1769319302
|move|p2a: one man army|Encore|p1a: Dondozo
|-start|p1a: Dondozo|Encore
|move|p1a: Dondozo|Curse|p1a: Dondozo
|-unboost|p1a: Dondozo|spe|1
|-boost|p1a: Dondozo|atk|1
|-boost|p1a: Dondozo|def|1
|
|-heal|p2a: one man army|81/100|[from] item: Leftovers
|-heal|p1a: Dondozo|79/100|[from] item: Leftovers
|upkeep
|turn|29
|
|t:|1769319304
|move|p2a: one man army|Low Kick|p1a: Dondozo
|-damage|p1a: Dondozo|74/100
|move|p1a: Dondozo|Curse|p1a: Dondozo
|-unboost|p1a: Dondozo|spe|1
|-boost|p1a: Dondozo|atk|1
|-boost|p1a: Dondozo|def|1
|
|-heal|p2a: one man army|87/100|[from] item: Leftovers
|-heal|p1a: Dondozo|80/100|[from] item: Leftovers
|upkeep
|turn|30
|
|t:|1769319307
|move|p2a: one man army|Low Kick|p1a: Dondozo
|-damage|p1a: Dondozo|75/100
|move|p1a: Dondozo|Curse|p1a: Dondozo
|
|-heal|p2a: one man army|93/100|[from] item: Leftovers
|-heal|p1a: Dondozo|81/100|[from] item: Leftovers
|-end|p1a: Dondozo|Encore
|upkeep
|turn|31
|
|t:|1769319319
|move|p2a: one man army|Encore|p1a: Dondozo
|-start|p1a: Dondozo|Encore
|move|p1a: Dondozo|Curse|p1a: Dondozo
|
|-heal|p2a: one man army|99/100|[from] item: Leftovers
|-heal|p1a: Dondozo|87/100|[from] item: Leftovers
|upkeep
|turn|32
|
|t:|1769319321
|move|p2a: one man army|Low Kick|p1a: Dondozo
|-damage|p1a: Dondozo|82/100
|move|p1a: Dondozo|Curse|p1a: Dondozo
|
|-heal|p2a: one man army|100/100|[from] item: Leftovers
|-heal|p1a: Dondozo|88/100|[from] item: Leftovers
|upkeep
|turn|33
|
|t:|1769319326
|move|p2a: one man army|Low Kick|p1a: Dondozo
|-damage|p1a: Dondozo|83/100
|move|p1a: Dondozo|Curse|p1a: Dondozo
|
|-heal|p1a: Dondozo|89/100|[from] item: Leftovers
|-end|p1a: Dondozo|Encore
|upkeep
|turn|34
|
|t:|1769319328
|move|p2a: one man army|Encore|p1a: Dondozo
|-start|p1a: Dondozo|Encore
|move|p1a: Dondozo|Curse|p1a: Dondozo
|
|-heal|p1a: Dondozo|95/100|[from] item: Leftovers
|upkeep
|turn|35
|
|t:|1769319330
|move|p2a: one man army|Low Kick|p1a: Dondozo
|-damage|p1a: Dondozo|90/100
|move|p1a: Dondozo|Curse|p1a: Dondozo
|
|-heal|p1a: Dondozo|96/100|[from] item: Leftovers
|upkeep
|turn|36
|
|t:|1769319332
|move|p2a: one man army|Low Kick|p1a: Dondozo
|-damage|p1a: Dondozo|91/100
|move|p1a: Dondozo|Curse|p1a: Dondozo
|
|-heal|p1a: Dondozo|97/100|[from] item: Leftovers
|-end|p1a: Dondozo|Encore
|upkeep
|turn|37
|
|t:|1769319334
|move|p2a: one man army|Encore|p1a: Dondozo
|-start|p1a: Dondozo|Encore
|move|p1a: Dondozo|Curse|p1a: Dondozo
|
|-heal|p1a: Dondozo|100/100|[from] item: Leftovers
|-end|p1a: Dondozo|Encore
|upkeep
|turn|38
|
|t:|1769319336
|move|p2a: one man army|Low Kick|p1a: Dondozo
|-damage|p1a: Dondozo|95/100
|move|p1a: Dondozo|Wave Crash|p2a: one man army
|-resisted|p2a: one man army
|-damage|p2a: one man army|58/100
|-damage|p1a: Dondozo|86/100|[from] Recoil
|
|-heal|p2a: one man army|64/100|[from] item: Leftovers
|-heal|p1a: Dondozo|92/100|[from] item: Leftovers
|upkeep
|turn|39
|
|t:|1769319342
|switch|p2a: Ditto|Ditto|100/100
|-transform|p2a: Ditto|p1a: Dondozo|[from] ability: Imposter
|move|p1a: Dondozo|Wave Crash|p2a: Ditto
|-resisted|p2a: Ditto
|-damage|p2a: Ditto|83/100
|-damage|p1a: Dondozo|89/100|[from] Recoil
|
|-heal|p1a: Dondozo|95/100|[from] item: Leftovers
|upkeep
|turn|40
|
|t:|1769319362
|move|p2a: Ditto|Body Press|p1a: Dondozo
|-damage|p1a: Dondozo|79/100
|-damage|p2a: Ditto|73/100|[from] item: Life Orb
|move|p1a: Dondozo|Body Press|p2a: Ditto
|-damage|p2a: Ditto|52/100
|
|-heal|p1a: Dondozo|85/100|[from] item: Leftovers
|upkeep
|turn|41
|
|t:|1769319372
|move|p2a: Ditto|Body Press|p1a: Dondozo
|-damage|p1a: Dondozo|68/100
|-damage|p2a: Ditto|42/100|[from] item: Life Orb
|move|p1a: Dondozo|Body Press|p2a: Ditto
|-damage|p2a: Ditto|19/100
|
|-heal|p1a: Dondozo|74/100|[from] item: Leftovers
|upkeep
|turn|42
|
|t:|1769319379
|move|p2a: Ditto|Rest|p2a: Ditto
|-status|p2a: Ditto|slp|[from] move: Rest
|-heal|p2a: Ditto|100/100 slp|[silent]
|move|p1a: Dondozo|Body Press|p2a: Ditto
|-damage|p2a: Ditto|78/100 slp
|
|-heal|p1a: Dondozo|80/100|[from] item: Leftovers
|upkeep
|turn|43
|
|t:|1769319382
|switch|p2a: Scizor|Scizor, M, shiny|100/100
|move|p1a: Dondozo|Body Press|p2a: Scizor
|-damage|p2a: Scizor|0 fnt
|-damage|p1a: Dondozo|64/100|[from] item: Rocky Helmet|[of] p2a: Scizor
|faint|p2a: Scizor
|
|-heal|p1a: Dondozo|70/100|[from] item: Leftovers
|upkeep
|
|t:|1769319384
|switch|p2a: Ditto|Ditto|78/100 slp
|-transform|p2a: Ditto|p1a: Dondozo|[from] ability: Imposter
|turn|44
|
|t:|1769319387
|cant|p2a: Ditto|slp
|move|p1a: Dondozo|Body Press|p2a: Ditto
|-damage|p2a: Ditto|54/100 slp
|
|-heal|p1a: Dondozo|76/100|[from] item: Leftovers
|upkeep
|turn|45
|
|t:|1769319389
|cant|p2a: Ditto|slp
|move|p1a: Dondozo|Body Press|p2a: Ditto
|-damage|p2a: Ditto|32/100 slp
|
|-heal|p1a: Dondozo|82/100|[from] item: Leftovers
|upkeep
|turn|46
|
|t:|1769319393
|-curestatus|p2a: Ditto|slp|[msg]
|move|p2a: Ditto|Body Press|p1a: Dondozo
|-damage|p1a: Dondozo|65/100
|-damage|p2a: Ditto|22/100|[from] item: Life Orb
|move|p1a: Dondozo|Body Press|p2a: Ditto
|-damage|p2a: Ditto|0 fnt
|faint|p2a: Ditto
|
|-heal|p1a: Dondozo|72/100|[from] item: Leftovers
|upkeep
|
|t:|1769319395
|switch|p2a: one man army|Dragonite, M, shiny|64/100
|turn|47
|
|t:|1769319400
|move|p2a: one man army|Encore|p1a: Dondozo
|-start|p1a: Dondozo|Encore
|move|p1a: Dondozo|Body Press|p2a: one man army
|-resisted|p2a: one man army
|-damage|p2a: one man army|4/100
|
|-heal|p2a: one man army|10/100|[from] item: Leftovers
|-heal|p1a: Dondozo|78/100|[from] item: Leftovers
|upkeep
|turn|48
|
|t:|1769319407
|-terastallize|p2a: one man army|Ghost
|move|p2a: one man army|Dragon Dance|p2a: one man army
|-boost|p2a: one man army|atk|1
|-boost|p2a: one man army|spe|1
|move|p1a: Dondozo|Body Press|p2a: one man army
|-immune|p2a: one man army
|
|-heal|p2a: one man army|17/100|[from] item: Leftovers
|-heal|p1a: Dondozo|84/100|[from] item: Leftovers
|upkeep
|turn|49
|
|t:|1769319410
|move|p2a: one man army|Dragon Dance|p2a: one man army
|-boost|p2a: one man army|atk|1
|-boost|p2a: one man army|spe|1
|move|p1a: Dondozo|Body Press|p2a: one man army
|-immune|p2a: one man army
|
|-heal|p2a: one man army|23/100|[from] item: Leftovers
|-heal|p1a: Dondozo|90/100|[from] item: Leftovers
|-end|p1a: Dondozo|Encore
|upkeep
|turn|50
|c|☆ghighas|give it up bro
|c|☆ghighas|gg
|
|t:|1769319419
|move|p2a: one man army|Encore|p1a: Dondozo
|-start|p1a: Dondozo|Encore
|move|p1a: Dondozo|Body Press|p2a: one man army
|-immune|p2a: one man army
|
|-heal|p2a: one man army|29/100|[from] item: Leftovers
|-heal|p1a: Dondozo|96/100|[from] item: Leftovers
|upkeep
|turn|51
|
|t:|1769319421
|move|p2a: one man army|Tera Blast|p1a: Dondozo|[anim] Tera Blast Ghost
|-damage|p1a: Dondozo|91/100
|move|p1a: Dondozo|Body Press|p2a: one man army
|-immune|p2a: one man army
|
|-heal|p2a: one man army|35/100|[from] item: Leftovers
|-heal|p1a: Dondozo|97/100|[from] item: Leftovers
|upkeep
|turn|52
|
|t:|1769319425
|move|p2a: one man army|Tera Blast|p1a: Dondozo|[anim] Tera Blast Ghost
|-damage|p1a: Dondozo|91/100
|move|p1a: Dondozo|Body Press|p2a: one man army
|-immune|p2a: one man army
|
|-heal|p2a: one man army|41/100|[from] item: Leftovers
|-heal|p1a: Dondozo|98/100|[from] item: Leftovers
|-end|p1a: Dondozo|Encore
|upkeep
|turn|53
|inactive|kianchimchar has 120 seconds left.
|inactive|kianchimchar has 90 seconds left.
|c|☆ghighas|youre actually a loser stalling
|inactive|kianchimchar has 60 seconds left.
|inactive|kianchimchar has 30 seconds left.
|inactive|kianchimchar has 20 seconds left.
|inactive|kianchimchar has 15 seconds left.
|inactive|kianchimchar has 10 seconds left.
|inactive|kianchimchar has 5 seconds left.
|-message|kianchimchar lost due to inactivity.
|
|win|ghighas
|raw|ghighas's rating: 1354 &rarr; <strong>1379</strong><br />(+25 for winning)
|raw|kianchimchar's rating: 1440 &rarr; <strong>1415</strong><br />(-25 for losing)
|l|☆ghighas
|player|p1|
|l|☆kianchimchar
|player|p2|
