|j|☆NicheLadder
|j|☆magikarp soup
|t:|1769302949
|gametype|singles
|player|p1|NicheLadder|170|1660
|player|p2|magikarp soup|medium|1620
|gen|9
|tier|[Gen 9] OU
|rated|
|rule|HP Percentage Mod: HP is shown in percentages
|rule|Endless Battle Clause: Forcing endless battles is banned
|rule|Species Clause: Limit one of each Pokémon
|rule|OHKO Clause: OHKO moves are banned
|rule|Evasion Items Clause: Evasion items are banned
|rule|Evasion Moves Clause: Evasion moves are banned
|rule|Evasion Abilities Clause: Evasion abilities are banned
|rule|Sleep Moves Clause: Sleep-inducing moves are banned
|clearpoke
|poke|p1|Kingambit, M|
|poke|p1|Corviknight, F|
|poke|p1|Cinderace, F|
|poke|p1|Sylveon, F|
|poke|p1|Darkrai|
|poke|p1|Alomomola, F|
|poke|p2|Dondozo, M|
|poke|p2|Clodsire, F|
|poke|p2|Blissey, F|
|poke|p2|Alomomola, F|
|poke|p2|Weezing-Galar, M|
|poke|p2|Bronzong|
|teampreview
|inactive|Battle timer is ON: inactive players will automatically lose when time's up. (requested by NicheLadder)
|j| Noname0028
|j| Ctannn
|
|t:|1769302977
|teamsize|p1|6
|teamsize|p2|6
|start
|switch|p1a: Darkrai|Darkrai|100/100
|switch|p2a: Blissey|Blissey, F|100/100
|turn|1
|
|t:|1769302983
|move|p1a: Darkrai|Trick|p2a: Blissey
|-activate|p1a: Darkrai|move: Trick|[of] p2a: Blissey
|-item|p2a: Blissey|Choice Scarf|[from] move: Trick
|-item|p1a: Darkrai|Heavy-Duty Boots|[from] move: Trick
|move|p2a: Blissey|Seismic Toss|p1a: Darkrai
|-damage|p1a: Darkrai|65/100
|
|upkeep
|turn|2
|
|t:|1769302996
|switch|p1a: Corviknight|Corviknight, F|100/100
|-ability|p1a: Corviknight|Pressure
|move|p2a: Blissey|Seismic Toss|p1a: Corviknight
|-damage|p1a: Corviknight|75/100
|-damage|p2a: Blissey|84/100|[from] item: Rocky Helmet|[of] p1a: Corviknight
|
|upkeep
|turn|3
|
|t:|1769303005
|switch|p2a: Alomomola|Alomomola, F|100/100
|move|p1a: Corviknight|U-turn|p2a: Alomomola
|-damage|p2a: Alomomola|91/100
|
|t:|1769303007
|switch|p1a: Sylveon|Sylveon, F|100/100|[from] U-turn
|
|upkeep
|turn|4
|
|t:|1769303016
|switch|p2a: Blissey|Blissey, F|84/100
|move|p1a: Sylveon|Hyper Voice|p2a: Blissey
|-damage|p2a: Blissey|58/100
|
|upkeep
|turn|5
|
|t:|1769303022
|switch|p1a: Corviknight|Corviknight, F|75/100
|-ability|p1a: Corviknight|Pressure
|move|p2a: Blissey|Trick|p1a: Corviknight
|-activate|p2a: Blissey|move: Trick|[of] p1a: Corviknight
|-item|p1a: Corviknight|Choice Scarf|[from] move: Trick
|-item|p2a: Blissey|Rocky Helmet|[from] move: Trick
|
|upkeep
|turn|6
|
|t:|1769303035
|move|p1a: Corviknight|Body Press|p2a: Blissey
|-supereffective|p2a: Blissey
|-damage|p2a: Blissey|9/100
|-damage|p1a: Corviknight|59/100|[from] item: Rocky Helmet|[of] p2a: Blissey
|move|p2a: Blissey|Soft-Boiled|p2a: Blissey
|-heal|p2a: Blissey|59/100
|
|upkeep
|turn|7
|
|t:|1769303048
|switch|p1a: Alomomola|Alomomola, F|100/100
|move|p2a: Blissey|Soft-Boiled|p2a: Blissey
|-heal|p2a: Blissey|100/100
|
|upkeep
|turn|8
|
|t:|1769303060
|switch|p2a: Bronzong|Bronzong|100/100
|move|p1a: Alomomola|Flip Turn|p2a: Bronzong
|-damage|p2a: Bronzong|90/100
|
|t:|1769303068
|switch|p1a: Kingambit|Kingambit, M|100/100|[from] Flip Turn
|
|-heal|p2a: Bronzong|96/100|[from] item: Leftovers
|upkeep
|turn|9
|
|t:|1769303086
|-end|p1a: Kingambit|fallenundefined|[silent]
|switch|p1a: Sylveon|Sylveon, F|100/100
|-terastallize|p2a: Bronzong|Fire
|move|p2a: Bronzong|Tera Blast|p1a: Sylveon|[anim] Tera Blast Fire
|-damage|p1a: Sylveon|82/100
|
|-heal|p2a: Bronzong|100/100|[from] item: Leftovers
|upkeep
|turn|10
|
|t:|1769303102
|switch|p1a: Alomomola|Alomomola, F|100/100
|move|p2a: Bronzong|Gyro Ball|p1a: Alomomola
|-resisted|p1a: Alomomola
|-damage|p1a: Alomomola|95/100
|
|upkeep
|turn|11
|
|t:|1769303106
|move|p1a: Alomomola|Flip Turn|p2a: Bronzong
|-supereffective|p2a: Bronzong
|-damage|p2a: Bronzong|79/100
|
|t:|1769303110
|switch|p1a: Cinderace|Cinderace, F|100/100|[from] Flip Turn
|move|p2a: Bronzong|Psychic Noise|p1a: Cinderace
|-damage|p1a: Cinderace|67/100
|-start|p1a: Cinderace|move: Heal Block
|
|-heal|p2a: Bronzong|85/100|[from] item: Leftovers
|upkeep
|turn|12
|
|t:|1769303118
|move|p1a: Cinderace|U-turn|p2a: Bronzong
|-start|p1a: Cinderace|typechange|Bug|[from] ability: Libero
|-resisted|p2a: Bronzong
|-damage|p2a: Bronzong|72/100
|
|t:|1769303120
|switch|p1a: Alomomola|Alomomola, F|100/100|[from] U-turn
|move|p2a: Bronzong|Gyro Ball|p1a: Alomomola
|-resisted|p1a: Alomomola
|-damage|p1a: Alomomola|96/100
|
|-heal|p2a: Bronzong|79/100|[from] item: Leftovers
|upkeep
|turn|13
|
|t:|1769303124
|move|p1a: Alomomola|Scald|p2a: Bronzong
|-supereffective|p2a: Bronzong
|-damage|p2a: Bronzong|56/100
|move|p2a: Bronzong|Psychic Noise|p1a: Alomomola
|-damage|p1a: Alomomola|83/100
|-start|p1a: Alomomola|move: Heal Block
|
|-heal|p2a: Bronzong|62/100|[from] item: Leftovers
|upkeep
|turn|14
|
|t:|1769303128
|move|p1a: Alomomola|Scald|p2a: Bronzong
|-supereffective|p2a: Bronzong
|-damage|p2a: Bronzong|37/100
|move|p2a: Bronzong|Stealth Rock|p1a: Alomomola
|-sidestart|p1: NicheLadder|move: Stealth Rock
|
|-heal|p2a: Bronzong|43/100|[from] item: Leftovers
|-end|p1a: Alomomola|move: Heal Block
|upkeep
|turn|15
|
|t:|1769303132
|switch|p2a: Blissey|Blissey, F|100/100
|move|p1a: Alomomola|Scald|p2a: Blissey
|-damage|p2a: Blissey|96/100
|
|upkeep
|turn|16
|
|t:|1769303137
|move|p2a: Blissey|Seismic Toss|p1a: Alomomola
|-damage|p1a: Alomomola|62/100
|move|p1a: Alomomola|Body Slam|p2a: Blissey
|-damage|p2a: Blissey|81/100
|-damage|p1a: Alomomola|46/100|[from] item: Rocky Helmet|[of] p2a: Blissey
|
|upkeep
|turn|17
|
|t:|1769303143
|move|p2a: Blissey|Seismic Toss|p1a: Alomomola
|-damage|p1a: Alomomola|25/100
|move|p1a: Alomomola|Flip Turn|p2a: Blissey
|-damage|p2a: Blissey|65/100
|-damage|p1a: Alomomola|8/100|[from] item: Rocky Helmet|[of] p2a: Blissey
|
|t:|1769303146
|switch|p1a: Cinderace|Cinderace, F|67/100|[from] Flip Turn
|
|upkeep
|turn|18
|
|t:|1769303157
|switch|p2a: Weezing|Weezing-Galar, M|100/100
|-ability|p2a: Weezing|Neutralizing Gas
|move|p1a: Cinderace|U-turn|p2a: Weezing
|-resisted|p2a: Weezing
|-damage|p2a: Weezing|97/100
|
|t:|1769303163
|switch|p1a: Darkrai|Darkrai|65/100|[from] U-turn
|
|-heal|p2a: Weezing|100/100|[from] item: Leftovers
|upkeep
|turn|19
|j| Nikator98
|l| Nikator98
|inactive|NicheLadder has 120 seconds left.
|inactive|NicheLadder has 90 seconds left.
|
|t:|1769303232
|switch|p1a: Corviknight|Corviknight, F|59/100
|-damage|p1a: Corviknight|47/100|[from] Stealth Rock
|-end|p2a: Weezing|ability: Neutralizing Gas
|-ability|p1a: Corviknight|Pressure
|switch|p2a: Blissey|Blissey, F|65/100
|
|upkeep
|turn|20
|inactive|NicheLadder has 90 seconds left.
|
|t:|1769303243
|move|p1a: Corviknight|Roost|p1a: Corviknight
|-heal|p1a: Corviknight|97/100
|-singleturn|p1a: Corviknight|move: Roost
|move|p2a: Blissey|Seismic Toss|p1a: Corviknight
|-damage|p1a: Corviknight|72/100
|
|upkeep
|turn|21
|inactive|NicheLadder has 90 seconds left.
|
|t:|1769303254
|switch|p1a: Kingambit|Kingambit, M|100/100
|-damage|p1a: Kingambit|94/100|[from] Stealth Rock
|move|p2a: Blissey|Seismic Toss|p1a: Kingambit
|-damage|p1a: Kingambit|65/100
|
|-heal|p1a: Kingambit|71/100|[from] item: Leftovers
|upkeep
|turn|22
|inactive|NicheLadder has 90 seconds left.
|
|t:|1769303265
|switch|p2a: Dondozo|Dondozo, M|100/100
|move|p1a: Kingambit|Kowtow Cleave|p2a: Dondozo
|-damage|p2a: Dondozo|78/100
|
|-heal|p1a: Kingambit|77/100|[from] item: Leftovers
|-heal|p2a: Dondozo|84/100|[from] item: Leftovers
|upkeep
|turn|23
|inactive|NicheLadder has 90 seconds left.
|
|t:|1769303287
|-end|p1a: Kingambit|fallenundefined|[silent]
|switch|p1a: Alomomola|Alomomola, F|41/100
|-damage|p1a: Alomomola|29/100|[from] Stealth Rock
|move|p2a: Dondozo|Curse|p2a: Dondozo
|-unboost|p2a: Dondozo|spe|1
|-boost|p2a: Dondozo|atk|1
|-boost|p2a: Dondozo|def|1
|
|-heal|p2a: Dondozo|90/100|[from] item: Leftovers
|upkeep
|turn|24
|
|t:|1769303295
|switch|p1a: Corviknight|Corviknight, F|72/100
|-damage|p1a: Corviknight|59/100|[from] Stealth Rock
|-ability|p1a: Corviknight|Pressure
|move|p2a: Dondozo|Body Press|p1a: Corviknight
|-damage|p1a: Corviknight|34/100
|
|-heal|p2a: Dondozo|96/100|[from] item: Leftovers
|upkeep
|turn|25
|inactive|NicheLadder has 90 seconds left.
|
|t:|1769303301
|move|p1a: Corviknight|Roost|p1a: Corviknight
|-heal|p1a: Corviknight|84/100
|-singleturn|p1a: Corviknight|move: Roost
|move|p2a: Dondozo|Curse|p2a: Dondozo
|-unboost|p2a: Dondozo|spe|1
|-boost|p2a: Dondozo|atk|1
|-boost|p2a: Dondozo|def|1
|
|-heal|p2a: Dondozo|100/100|[from] item: Leftovers
|upkeep
|turn|26
|
|t:|1769303310
|switch|p1a: Sylveon|Sylveon, F|82/100
|-damage|p1a: Sylveon|70/100|[from] Stealth Rock
|move|p2a: Dondozo|Body Press|p1a: Sylveon
|-resisted|p1a: Sylveon
|-damage|p1a: Sylveon|31/100
|
|upkeep
|turn|27
|
|t:|1769303318
|switch|p2a: Clodsire|Clodsire, F|100/100
|move|p1a: Sylveon|Hyper Beam|p2a: Clodsire
|-resisted|p2a: Clodsire
|-damage|p2a: Clodsire|64/100
|-mustrecharge|p1a: Sylveon
|
|-heal|p2a: Clodsire|70/100|[from] item: Leftovers
|upkeep
|turn|28
|-message|NicheLadder forfeited.
|
|win|magikarp soup
|raw|NicheLadder's rating: 1660 &rarr; <strong>1638</strong><br />(-22 for losing)
|raw|magikarp soup's rating: 1620 &rarr; <strong>1642</strong><br />(+22 for winning)
|l|☆NicheLadder
|player|p1|
|l|☆magikarp soup
|player|p2|
|l| Noname0028
