|j|☆oxoxooo
|j|☆KungFuCutman1
|t:|1769303998
|gametype|singles
|player|p1|oxoxooo|101|1371
|player|p2|KungFuCutman1|ethan|1314
|gen|9
|tier|[Gen 9] OU
|rated|
|rule|HP Percentage Mod: HP is shown in percentages
|rule|Endless Battle Clause: Forcing endless battles is banned
|rule|Species Clause: Limit one of each Pokémon
|rule|OHKO Clause: OHKO moves are banned
|rule|Evasion Items Clause: Evasion items are banned
|rule|Evasion Moves Clause: Evasion moves are banned
|rule|Evasion Abilities Clause: Evasion abilities are banned
|rule|Sleep Moves Clause: Sleep-inducing moves are banned
|clearpoke
|poke|p1|Raging Bolt|
|poke|p1|Scyther, F|
|poke|p1|Kingambit, M|
|poke|p1|Deoxys-Speed|
|poke|p1|Kyurem|
|poke|p1|Garchomp, M|
|poke|p2|Dragonite, M|
|poke|p2|Samurott-Hisui, M|
|poke|p2|Clefable, F|
|poke|p2|Gliscor, F|
|poke|p2|Gholdengo|
|poke|p2|Zamazenta-*|
|teampreview
|
|t:|1769304006
|teamsize|p1|6
|teamsize|p2|6
|start
|switch|p1a: Deoxys|Deoxys-Speed|100/100
|switch|p2a: Samurott|Samurott-Hisui, M|100/100
|-ability|p1a: Deoxys|Pressure
|turn|1
|
|t:|1769304010
|move|p1a: Deoxys|Thunderbolt|p2a: Samurott
|-supereffective|p2a: Samurott
|-damage|p2a: Samurott|56/100
|move|p2a: Samurott|Ceaseless Edge|p1a: Deoxys
|-supereffective|p1a: Deoxys
|-crit|p1a: Deoxys
|-damage|p1a: Deoxys|0 fnt
|-sidestart|p1: oxoxooo|Spikes
|faint|p1a: Deoxys
|
|upkeep
|
|t:|1769304018
|switch|p1a: Scyther|Scyther, F, shiny|100/100
|turn|2
|
|t:|1769304022
|switch|p2a: Gliscor|Gliscor, F|100/100
|move|p1a: Scyther|Bug Bite|p2a: Gliscor
|-resisted|p2a: Gliscor
|-damage|p2a: Gliscor|84/100
|
|-status|p2a: Gliscor|tox|[from] item: Toxic Orb
|upkeep
|turn|3
|
|t:|1769304030
|move|p1a: Scyther|Swords Dance|p1a: Scyther
|-boost|p1a: Scyther|atk|2
|move|p2a: Gliscor|Swords Dance|p2a: Gliscor
|-boost|p2a: Gliscor|atk|2
|
|-heal|p2a: Gliscor|96/100 tox|[from] ability: Poison Heal
|upkeep
|turn|4
|
|t:|1769304033
|move|p1a: Scyther|Swords Dance|p1a: Scyther
|-boost|p1a: Scyther|atk|2
|move|p2a: Gliscor|Knock Off|p1a: Scyther
|-damage|p1a: Scyther|60/100
|-enditem|p1a: Scyther|Eviolite|[from] move: Knock Off|[of] p2a: Gliscor
|
|-heal|p2a: Gliscor|100/100 tox|[from] ability: Poison Heal
|upkeep
|turn|5
|
|t:|1769304036
|move|p1a: Scyther|Dual Wingbeat|p2a: Gliscor
|-damage|p2a: Gliscor|36/100 tox
|-damage|p2a: Gliscor|0 fnt
|faint|p2a: Gliscor
|-hitcount|p2: Gliscor|2
|
|upkeep
|
|t:|1769304042
|switch|p2a: Clefable|Clefable, F|100/100
|turn|6
|
|t:|1769304045
|move|p1a: Scyther|Bug Bite|p2a: Clefable
|-resisted|p2a: Clefable
|-damage|p2a: Clefable|54/100
|-damage|p1a: Scyther|43/100|[from] item: Rocky Helmet|[of] p2a: Clefable
|move|p2a: Clefable|Moonblast|p1a: Scyther
|-damage|p1a: Scyther|0 fnt
|faint|p1a: Scyther
|
|upkeep
|
|t:|1769304061
|switch|p1a: Garchomp|Garchomp, M, shiny|100/100
|-damage|p1a: Garchomp|88/100|[from] Spikes
|turn|7
|
|t:|1769304067
|move|p1a: Garchomp|Earthquake|p2a: Clefable
|-damage|p2a: Clefable|4/100
|-damage|p1a: Garchomp|78/100|[from] item: Life Orb
|move|p2a: Clefable|Moonlight|p2a: Clefable
|-heal|p2a: Clefable|54/100
|
|upkeep
|turn|8
|
|t:|1769304074
|move|p1a: Garchomp|Earthquake|p2a: Clefable
|-damage|p2a: Clefable|0 fnt
|faint|p2a: Clefable
|-damage|p1a: Garchomp|69/100|[from] item: Life Orb
|
|upkeep
|
|t:|1769304085
|switch|p2a: Zamazenta|Zamazenta|100/100
|-ability|p2a: Zamazenta|Dauntless Shield|boost
|-boost|p2a: Zamazenta|def|1
|turn|9
|
|t:|1769304089
|move|p2a: Zamazenta|Iron Defense|p2a: Zamazenta
|-boost|p2a: Zamazenta|def|2
|move|p1a: Garchomp|Outrage|p2a: Zamazenta
|-damage|p2a: Zamazenta|72/100
|-damage|p1a: Garchomp|59/100|[from] item: Life Orb
|
|-heal|p2a: Zamazenta|79/100|[from] item: Leftovers
|upkeep
|turn|10
|
|t:|1769304095
|move|p2a: Zamazenta|Iron Defense|p2a: Zamazenta
|-boost|p2a: Zamazenta|def|2
|move|p1a: Garchomp|Outrage|p2a: Zamazenta|[from] lockedmove
|-damage|p2a: Zamazenta|58/100
|-damage|p1a: Garchomp|49/100|[from] item: Life Orb
|-start|p1a: Garchomp|confusion|[fatigue]
|
|-heal|p2a: Zamazenta|64/100|[from] item: Leftovers
|upkeep
|turn|11
|
|t:|1769304101
|move|p2a: Zamazenta|Body Press|p1a: Garchomp
|-damage|p1a: Garchomp|0 fnt
|-damage|p2a: Zamazenta|52/100|[from] ability: Rough Skin|[of] p1a: Garchomp
|faint|p1a: Garchomp
|
|-heal|p2a: Zamazenta|58/100|[from] item: Leftovers
|upkeep
|
|t:|1769304111
|switch|p1a: Raging Bolt|Raging Bolt|100/100
|-damage|p1a: Raging Bolt|88/100|[from] Spikes
|-enditem|p1a: Raging Bolt|Booster Energy
|-activate|p1a: Raging Bolt|ability: Protosynthesis|[fromitem]
|-start|p1a: Raging Bolt|protosynthesisspa
|turn|12
|
|t:|1769304116
|-terastallize|p1a: Raging Bolt|Fairy
|move|p1a: Raging Bolt|Calm Mind|p1a: Raging Bolt
|-boost|p1a: Raging Bolt|spa|1
|-boost|p1a: Raging Bolt|spd|1
|move|p2a: Zamazenta|Roar|p1a: Raging Bolt
|-end|p1a: Raging Bolt|Protosynthesis|[silent]
|drag|p1a: Kyurem|Kyurem, shiny|100/100
|-damage|p1a: Kyurem|88/100|[from] Spikes
|-ability|p1a: Kyurem|Pressure
|
|-heal|p2a: Zamazenta|64/100|[from] item: Leftovers
|upkeep
|turn|13
|
|t:|1769304123
|move|p2a: Zamazenta|Body Press|p1a: Kyurem
|-supereffective|p1a: Kyurem
|-damage|p1a: Kyurem|0 fnt
|faint|p1a: Kyurem
|
|-heal|p2a: Zamazenta|70/100|[from] item: Leftovers
|upkeep
|
|t:|1769304127
|switch|p1a: Raging Bolt|Raging Bolt, tera:Fairy|88/100
|-damage|p1a: Raging Bolt|76/100|[from] Spikes
|turn|14
|
|t:|1769304130
|move|p2a: Zamazenta|Body Press|p1a: Raging Bolt
|-resisted|p1a: Raging Bolt
|-damage|p1a: Raging Bolt|23/100
|move|p1a: Raging Bolt|Dragon Pulse|p2a: Zamazenta
|-damage|p2a: Zamazenta|21/100
|
|-heal|p2a: Zamazenta|27/100|[from] item: Leftovers
|upkeep
|turn|15
|
|t:|1769304137
|move|p1a: Raging Bolt|Thunderclap||[still]
|-fail|p1a: Raging Bolt
|move|p2a: Zamazenta|Roar|p1a: Raging Bolt
|-end|p1a: Raging Bolt|Protosynthesis|[silent]
|drag|p1a: Kingambit|Kingambit, M, shiny|100/100
|-damage|p1a: Kingambit|88/100|[from] Spikes
|-activate|p1a: Kingambit|ability: Supreme Overlord
|-start|p1a: Kingambit|fallen4|[silent]
|
|-heal|p2a: Zamazenta|33/100|[from] item: Leftovers
|upkeep
|turn|16
|
|t:|1769304139
|move|p1a: Kingambit|Sucker Punch|p2a: Zamazenta
|-resisted|p2a: Zamazenta
|-damage|p2a: Zamazenta|25/100
|-damage|p1a: Kingambit|78/100|[from] item: Life Orb
|move|p2a: Zamazenta|Body Press|p1a: Kingambit
|-supereffective|p1a: Kingambit
|-damage|p1a: Kingambit|0 fnt
|faint|p1a: Kingambit
|-end|p1a: Kingambit|fallen4|[silent]
|
|-heal|p2a: Zamazenta|31/100|[from] item: Leftovers
|upkeep
|
|t:|1769304141
|switch|p1a: Raging Bolt|Raging Bolt, tera:Fairy|23/100
|-damage|p1a: Raging Bolt|11/100|[from] Spikes
|turn|17
|
|t:|1769304152
|move|p1a: Raging Bolt|Thunderclap||[still]
|-fail|p1a: Raging Bolt
|move|p2a: Zamazenta|Roar||[still]
|-fail|p2a: Zamazenta
|
|-heal|p2a: Zamazenta|37/100|[from] item: Leftovers
|upkeep
|turn|18
|
|t:|1769304156
|move|p2a: Zamazenta|Body Press|p1a: Raging Bolt
|-resisted|p1a: Raging Bolt
|-damage|p1a: Raging Bolt|0 fnt
|faint|p1a: Raging Bolt
|-end|p1a: Raging Bolt|Protosynthesis|[silent]
|
|win|KungFuCutman1
|raw|oxoxooo's rating: 1371 &rarr; <strong>1348</strong><br />(-23 for losing)
|raw|KungFuCutman1's rating: 1314 &rarr; <strong>1337</strong><br />(+23 for winning)
|l|☆oxoxooo
|player|p1|
|l|☆KungFuCutman1
|player|p2|
