|j|☆dazhigg
|j|☆Titanosaurus
|t:|1769338492
|gametype|singles
|player|p1|dazhigg|schoolkid-gen4|1415
|player|p2|Titanosaurus|byron|1397
|gen|9
|tier|[Gen 9] OU
|rated|
|rule|HP Percentage Mod: HP is shown in percentages
|rule|Endless Battle Clause: Forcing endless battles is banned
|rule|Species Clause: Limit one of each Pokémon
|rule|OHKO Clause: OHKO moves are banned
|rule|Evasion Items Clause: Evasion items are banned
|rule|Evasion Moves Clause: Evasion moves are banned
|rule|Evasion Abilities Clause: Evasion abilities are banned
|rule|Sleep Moves Clause: Sleep-inducing moves are banned
|clearpoke
|poke|p1|Walking Wake|
|poke|p1|Ninetales, F|
|poke|p1|Whimsicott, M|
|poke|p1|Great Tusk|
|poke|p1|Iron Moth|
|poke|p1|Dragonite, F|
|poke|p2|Torkoal, M|
|poke|p2|Lilligant, F|
|poke|p2|Cinderace, F|
|poke|p2|Sandy Shocks|
|poke|p2|Skeledirge, M|
|poke|p2|Brute Bonnet|
|teampreview
|inactive|Battle timer is ON: inactive players will automatically lose when time's up. (requested by Titanosaurus)
|
|t:|1769338520
|teamsize|p1|6
|teamsize|p2|6
|start
|switch|p1a: Dragonite|Dragonite, F|100/100
|switch|p2a: Sandy Shocks|Sandy Shocks|100/100
|turn|1
|
|t:|1769338533
|move|p2a: Sandy Shocks|Volt Switch|p1a: Dragonite
|-damage|p1a: Dragonite|79/100
|
|t:|1769338537
|-end|p2a: Sandy Shocks|Protosynthesis|[silent]
|switch|p2a: Skeledirge|Skeledirge, M|100/100|[from] Volt Switch
|move|p1a: Dragonite|Dragon Dance|p1a: Dragonite
|-boost|p1a: Dragonite|atk|1
|-boost|p1a: Dragonite|spe|1
|
|upkeep
|turn|2
|
|t:|1769338545
|move|p1a: Dragonite|Earthquake|p2a: Skeledirge
|-supereffective|p2a: Skeledirge
|-damage|p2a: Skeledirge|51/100
|move|p2a: Skeledirge|Will-O-Wisp|p1a: Dragonite
|-status|p1a: Dragonite|brn
|
|-heal|p2a: Skeledirge|58/100|[from] item: Leftovers
|-damage|p1a: Dragonite|73/100 brn|[from] brn
|upkeep
|turn|3
|
|t:|1769338558
|move|p1a: Dragonite|Earthquake|p2a: Skeledirge
|-supereffective|p2a: Skeledirge
|-damage|p2a: Skeledirge|35/100
|move|p2a: Skeledirge|Slack Off|p2a: Skeledirge
|-heal|p2a: Skeledirge|85/100
|
|-heal|p2a: Skeledirge|91/100|[from] item: Leftovers
|-damage|p1a: Dragonite|67/100 brn|[from] brn
|upkeep
|turn|4
|
|t:|1769338568
|switch|p1a: Ninetales|Ninetales, F|100/100
|-weather|SunnyDay|[from] ability: Drought|[of] p1a: Ninetales
|move|p2a: Skeledirge|Hex|p1a: Ninetales
|-damage|p1a: Ninetales|74/100
|
|-weather|SunnyDay|[upkeep]
|-heal|p2a: Skeledirge|97/100|[from] item: Leftovers
|upkeep
|turn|5
|
|t:|1769338581
|switch|p1a: Walking Wake|Walking Wake|100/100
|-activate|p1a: Walking Wake|ability: Protosynthesis
|-start|p1a: Walking Wake|protosynthesisspe
|move|p2a: Skeledirge|Torch Song|p1a: Walking Wake
|-resisted|p1a: Walking Wake
|-damage|p1a: Walking Wake|88/100
|-boost|p2a: Skeledirge|spa|1
|
|-weather|SunnyDay|[upkeep]
|-heal|p2a: Skeledirge|100/100|[from] item: Leftovers
|upkeep
|turn|6
|
|t:|1769338596
|switch|p2a: Brute Bonnet|Brute Bonnet|100/100
|-activate|p2a: Brute Bonnet|ability: Protosynthesis
|-start|p2a: Brute Bonnet|protosynthesisatk
|move|p1a: Walking Wake|Weather Ball|p2a: Brute Bonnet
|-supereffective|p2a: Brute Bonnet
|-damage|p2a: Brute Bonnet|22/100
|
|-weather|SunnyDay|[upkeep]
|upkeep
|turn|7
|
|t:|1769338607
|move|p2a: Brute Bonnet|Sucker Punch|p1a: Walking Wake
|-damage|p1a: Walking Wake|46/100
|move|p1a: Walking Wake|Weather Ball|p2a: Brute Bonnet
|-supereffective|p2a: Brute Bonnet
|-damage|p2a: Brute Bonnet|0 fnt
|faint|p2a: Brute Bonnet
|-end|p2a: Brute Bonnet|Protosynthesis|[silent]
|
|-weather|SunnyDay|[upkeep]
|upkeep
|
|t:|1769338612
|switch|p2a: Lilligant|Lilligant, F|100/100
|turn|8
|
|t:|1769338624
|move|p2a: Lilligant|Alluring Voice|p1a: Walking Wake
|-supereffective|p1a: Walking Wake
|-damage|p1a: Walking Wake|0 fnt
|faint|p1a: Walking Wake
|-end|p1a: Walking Wake|Protosynthesis|[silent]
|-damage|p2a: Lilligant|91/100|[from] item: Life Orb
|
|-weather|SunnyDay|[upkeep]
|upkeep
|
|t:|1769338634
|switch|p1a: Whimsicott|Whimsicott, M|100/100
|turn|9
|
|t:|1769338638
|move|p2a: Lilligant|Weather Ball|p1a: Whimsicott
|-supereffective|p1a: Whimsicott
|-damage|p1a: Whimsicott|0 fnt
|faint|p1a: Whimsicott
|-damage|p2a: Lilligant|81/100|[from] item: Life Orb
|
|-weather|SunnyDay|[upkeep]
|upkeep
|
|t:|1769338646
|switch|p1a: Iron Moth|Iron Moth|100/100
|-enditem|p1a: Iron Moth|Booster Energy
|-activate|p1a: Iron Moth|ability: Quark Drive|[fromitem]
|-start|p1a: Iron Moth|quarkdrivespe
|turn|10
|
|t:|1769338652
|switch|p2a: Skeledirge|Skeledirge, M|100/100
|move|p1a: Iron Moth|Fiery Dance|p2a: Skeledirge
|-resisted|p2a: Skeledirge
|-damage|p2a: Skeledirge|68/100
|
|-weather|SunnyDay|[upkeep]
|-heal|p2a: Skeledirge|74/100|[from] item: Leftovers
|upkeep
|turn|11
|
|t:|1769338665
|move|p1a: Iron Moth|Sludge Wave|p2a: Skeledirge
|-resisted|p2a: Skeledirge
|-damage|p2a: Skeledirge|50/100
|move|p2a: Skeledirge|Torch Song|p1a: Iron Moth
|-resisted|p1a: Iron Moth
|-damage|p1a: Iron Moth|77/100
|-boost|p2a: Skeledirge|spa|1
|
|-weather|none
|-heal|p2a: Skeledirge|56/100|[from] item: Leftovers
|upkeep
|turn|12
|
|t:|1769338673
|move|p1a: Iron Moth|Fiery Dance|p2a: Skeledirge
|-resisted|p2a: Skeledirge
|-damage|p2a: Skeledirge|33/100
|-boost|p1a: Iron Moth|spa|1
|move|p2a: Skeledirge|Slack Off|p2a: Skeledirge
|-heal|p2a: Skeledirge|83/100
|
|-heal|p2a: Skeledirge|89/100|[from] item: Leftovers
|upkeep
|turn|13
|
|t:|1769338684
|move|p1a: Iron Moth|Fiery Dance|p2a: Skeledirge
|-resisted|p2a: Skeledirge
|-damage|p2a: Skeledirge|69/100
|move|p2a: Skeledirge|Hex|p1a: Iron Moth
|-damage|p1a: Iron Moth|41/100
|
|-heal|p2a: Skeledirge|75/100|[from] item: Leftovers
|upkeep
|turn|14
|
|t:|1769338693
|move|p1a: Iron Moth|Fiery Dance|p2a: Skeledirge
|-resisted|p2a: Skeledirge
|-damage|p2a: Skeledirge|54/100
|-boost|p1a: Iron Moth|spa|1
|move|p2a: Skeledirge|Hex|p1a: Iron Moth
|-damage|p1a: Iron Moth|3/100
|
|-heal|p2a: Skeledirge|60/100|[from] item: Leftovers
|upkeep
|turn|15
|inactive|dazhigg has 120 seconds left.
|
|t:|1769338748
|-end|p1a: Iron Moth|Quark Drive|[silent]
|switch|p1a: Ninetales|Ninetales, F|74/100
|-weather|SunnyDay|[from] ability: Drought|[of] p1a: Ninetales
|move|p2a: Skeledirge|Torch Song|p1a: Ninetales
|-resisted|p1a: Ninetales
|-damage|p1a: Ninetales|40/100
|-boost|p2a: Skeledirge|spa|1
|
|-weather|SunnyDay|[upkeep]
|-heal|p2a: Skeledirge|67/100|[from] item: Leftovers
|upkeep
|turn|16
|inactive|dazhigg has 90 seconds left.
|inactive|dazhigg has 60 seconds left.
|
|t:|1769338806
|move|p1a: Ninetales|Healing Wish|p1a: Ninetales
|faint|p1a: Ninetales
|move|p2a: Skeledirge|Hex|p1: Ninetales|[notarget]
|-fail|p2a: Skeledirge
|
|-weather|SunnyDay|[upkeep]
|-heal|p2a: Skeledirge|73/100|[from] item: Leftovers
|upkeep
|
|t:|1769338822
|switch|p1a: Great Tusk|Great Tusk|100/100
|-activate|p1a: Great Tusk|ability: Protosynthesis
|-start|p1a: Great Tusk|protosynthesisspe
|turn|17
|
|t:|1769338841
|-terastallize|p2a: Skeledirge|Water
|move|p1a: Great Tusk|Headlong Rush|p2a: Skeledirge
|-damage|p2a: Skeledirge|42/100
|-unboost|p1a: Great Tusk|def|1
|-unboost|p1a: Great Tusk|spd|1
|move|p2a: Skeledirge|Torch Song|p1a: Great Tusk
|-damage|p1a: Great Tusk|3/100
|-boost|p2a: Skeledirge|spa|1
|
|-weather|SunnyDay|[upkeep]
|-heal|p1a: Great Tusk|9/100|[from] item: Leftovers
|-heal|p2a: Skeledirge|48/100|[from] item: Leftovers
|upkeep
|turn|18
|inactive|dazhigg has 30 seconds left.
|
|t:|1769338862
|move|p1a: Great Tusk|Headlong Rush|p2a: Skeledirge
|-damage|p2a: Skeledirge|17/100
|-unboost|p1a: Great Tusk|def|1
|-unboost|p1a: Great Tusk|spd|1
|move|p2a: Skeledirge|Slack Off|p2a: Skeledirge
|-heal|p2a: Skeledirge|67/100
|
|-weather|SunnyDay|[upkeep]
|-heal|p1a: Great Tusk|15/100|[from] item: Leftovers
|-heal|p2a: Skeledirge|73/100|[from] item: Leftovers
|upkeep
|turn|19
|inactive|dazhigg has 30 seconds left.
|
|t:|1769338875
|move|p1a: Great Tusk|Bulk Up|p1a: Great Tusk
|-boost|p1a: Great Tusk|atk|1
|-boost|p1a: Great Tusk|def|1
|move|p2a: Skeledirge|Torch Song|p1a: Great Tusk
|-damage|p1a: Great Tusk|0 fnt
|-boost|p2a: Skeledirge|spa|1
|faint|p1a: Great Tusk
|-end|p1a: Great Tusk|Protosynthesis|[silent]
|
|-weather|SunnyDay|[upkeep]
|-heal|p2a: Skeledirge|79/100|[from] item: Leftovers
|upkeep
|inactive|dazhigg has 30 seconds left.
|inactive|dazhigg has 20 seconds left.
|
|t:|1769338891
|switch|p1a: Iron Moth|Iron Moth|3/100
|-heal|p1a: Iron Moth|100/100|[from] move: Healing Wish
|turn|20
|inactive|dazhigg has 30 seconds left this turn.
|inactive|dazhigg has 20 seconds left.
|inactive|dazhigg has 15 seconds left.
|
|t:|1769338911
|-terastallize|p1a: Iron Moth|Grass
|move|p1a: Iron Moth|Energy Ball|p2a: Skeledirge
|-supereffective|p2a: Skeledirge
|-damage|p2a: Skeledirge|0 fnt
|faint|p2a: Skeledirge
|
|-weather|SunnyDay|[upkeep]
|upkeep
|
|t:|1769338918
|switch|p2a: Cinderace|Cinderace, F|100/100
|turn|21
|inactive|dazhigg has 30 seconds left this turn.
|
|t:|1769338925
|-end|p1a: Iron Moth|Quark Drive|[silent]
|switch|p1a: Dragonite|Dragonite, F|67/100 brn
|move|p2a: Cinderace|Pyro Ball|p1a: Dragonite|[miss]
|-miss|p2a: Cinderace|p1a: Dragonite
|
|-weather|SunnyDay|[upkeep]
|-damage|p1a: Dragonite|60/100 brn|[from] brn
|upkeep
|turn|22
|inactive|dazhigg has 30 seconds left.
|
|t:|1769338935
|switch|p2a: Sandy Shocks|Sandy Shocks|100/100
|-activate|p2a: Sandy Shocks|ability: Protosynthesis
|-start|p2a: Sandy Shocks|protosynthesisspa
|move|p1a: Dragonite|Dragon Dance|p1a: Dragonite
|-boost|p1a: Dragonite|atk|1
|-boost|p1a: Dragonite|spe|1
|
|-weather|none
|-end|p2a: Sandy Shocks|Protosynthesis
|-damage|p1a: Dragonite|54/100 brn|[from] brn
|upkeep
|turn|23
|inactive|dazhigg has 30 seconds left.
|inactive|dazhigg has 20 seconds left.
|inactive|dazhigg has 15 seconds left.
|inactive|dazhigg has 10 seconds left.
|
|t:|1769338969
|move|p2a: Sandy Shocks|Volt Switch|p1a: Dragonite
|-crit|p1a: Dragonite
|-damage|p1a: Dragonite|0 fnt
|faint|p1a: Dragonite
|
|t:|1769338974
|-end|p2a: Sandy Shocks|Protosynthesis|[silent]
|switch|p2a: Cinderace|Cinderace, F|100/100|[from] Volt Switch
|
|upkeep
|inactive|dazhigg has 20 seconds left this turn.
|inactive|dazhigg has 15 seconds left.
|
|t:|1769338980
|switch|p1a: Iron Moth|Iron Moth, tera:Grass|100/100
|turn|24
|inactive|dazhigg has 25 seconds left this turn.
|inactive|dazhigg has 20 seconds left.
|
|t:|1769338987
|move|p2a: Cinderace|U-turn|p1a: Iron Moth
|-start|p2a: Cinderace|typechange|Bug|[from] ability: Libero
|-supereffective|p1a: Iron Moth
|-damage|p1a: Iron Moth|14/100
|
|t:|1769338993
|switch|p2a: Torkoal|Torkoal, M|100/100|[from] U-turn
|-weather|SunnyDay|[from] ability: Drought|[of] p2a: Torkoal
|move|p1a: Iron Moth|Sludge Wave|p2a: Torkoal
|-damage|p2a: Torkoal|39/100
|
|-weather|SunnyDay|[upkeep]
|upkeep
|turn|25
|inactive|dazhigg has 30 seconds left.
|
|t:|1769339003
|move|p1a: Iron Moth|Sludge Wave|p2a: Torkoal
|-damage|p2a: Torkoal|0 fnt
|faint|p2a: Torkoal
|
|-weather|SunnyDay|[upkeep]
|upkeep
|
|t:|1769339016
|switch|p2a: Lilligant|Lilligant, F|81/100
|turn|26
|
|t:|1769339024
|move|p2a: Lilligant|Tera Blast|p1a: Iron Moth
|-damage|p1a: Iron Moth|0 fnt
|faint|p1a: Iron Moth
|-end|p1a: Iron Moth|Quark Drive|[silent]
|-damage|p2a: Lilligant|71/100|[from] item: Life Orb
|
|win|Titanosaurus
|raw|dazhigg's rating: 1415 &rarr; <strong>1394</strong><br />(-21 for losing)
|raw|Titanosaurus's rating: 1397 &rarr; <strong>1418</strong><br />(+21 for winning)
|c|☆Titanosaurus|GG
|c|☆Titanosaurus|Well player
|l|☆dazhigg
|player|p1|
|l|☆Titanosaurus
|player|p2|
