|j|☆ghighas
|j|☆PieGuyRules
|t:|1769404790
|gametype|singles
|player|p1|ghighas|ghetsis|1393
|player|p2|PieGuyRules|ltsurge|1432
|gen|9
|tier|[Gen 9] OU
|rated|
|rule|HP Percentage Mod: HP is shown in percentages
|rule|Endless Battle Clause: Forcing endless battles is banned
|rule|Species Clause: Limit one of each Pokémon
|rule|OHKO Clause: OHKO moves are banned
|rule|Evasion Items Clause: Evasion items are banned
|rule|Evasion Moves Clause: Evasion moves are banned
|rule|Evasion Abilities Clause: Evasion abilities are banned
|rule|Sleep Moves Clause: Sleep-inducing moves are banned
|clearpoke
|poke|p1|Barraskewda, F|
|poke|p1|Pelipper, F|
|poke|p1|Dondozo, F|
|poke|p1|Goodra-Hisui, F|
|poke|p1|Ogerpon-Wellspring, F|
|poke|p1|Great Tusk|
|poke|p2|Deoxys-Speed|
|poke|p2|Dragonite, F|
|poke|p2|Darkrai|
|poke|p2|Iron Moth|
|poke|p2|Scizor, M|
|poke|p2|Great Tusk|
|teampreview
|
|t:|1769404801
|teamsize|p1|6
|teamsize|p2|6
|start
|switch|p1a: Pelipper|Pelipper, F|100/100
|switch|p2a: Darkrai|Darkrai|100/100
|-weather|RainDance|[from] ability: Drizzle|[of] p1a: Pelipper
|turn|1
|
|t:|1769404807
|move|p2a: Darkrai|Dark Pulse|p1a: Pelipper
|-damage|p1a: Pelipper|38/100
|-damage|p2a: Darkrai|91/100|[from] item: Life Orb
|move|p1a: Pelipper|U-turn|p2a: Darkrai
|-supereffective|p2a: Darkrai
|-damage|p2a: Darkrai|65/100
|
|t:|1769404808
|switch|p1a: Barraskewda|Barraskewda, F, shiny|100/100|[from] U-turn
|
|-weather|RainDance|[upkeep]
|upkeep
|turn|2
|
|t:|1769404819
|-terastallize|p1a: Barraskewda|Water
|move|p2a: Darkrai|Sucker Punch|p1a: Barraskewda
|-crit|p1a: Barraskewda
|-damage|p1a: Barraskewda|22/100
|-damage|p2a: Darkrai|55/100|[from] item: Life Orb
|move|p1a: Barraskewda|Liquidation|p2a: Darkrai
|-damage|p2a: Darkrai|0 fnt
|faint|p2a: Darkrai
|
|-weather|RainDance|[upkeep]
|upkeep
|
|t:|1769404824
|switch|p2a: Scizor|Scizor, M|100/100
|turn|3
|
|t:|1769404835
|switch|p1a: Dondozo|Dondozo, F|100/100
|move|p2a: Scizor|Bullet Punch|p1a: Dondozo
|-resisted|p1a: Dondozo
|-damage|p1a: Dondozo|88/100
|
|-weather|RainDance|[upkeep]
|-heal|p1a: Dondozo|94/100|[from] item: Leftovers
|upkeep
|turn|4
|
|t:|1769404846
|switch|p2a: Deoxys|Deoxys-Speed|100/100
|-ability|p2a: Deoxys|Pressure
|move|p1a: Dondozo|Wave Crash|p2a: Deoxys
|-damage|p2a: Deoxys|17/100
|-damage|p1a: Dondozo|78/100|[from] item: Rocky Helmet|[of] p2a: Deoxys
|-damage|p1a: Dondozo|61/100|[from] Recoil
|
|-weather|RainDance|[upkeep]
|-heal|p1a: Dondozo|67/100|[from] item: Leftovers
|upkeep
|turn|5
|
|t:|1769404863
|switch|p1a: Goodra|Goodra-Hisui, F|100/100
|move|p2a: Deoxys|Stealth Rock|p1a: Goodra
|-sidestart|p1: ghighas|move: Stealth Rock
|
|-weather|RainDance|[upkeep]
|upkeep
|turn|6
|inactive|Battle timer is ON: inactive players will automatically lose when time's up. (requested by PieGuyRules)
|
|t:|1769404869
|move|p2a: Deoxys|Taunt|p1a: Goodra
|-start|p1a: Goodra|move: Taunt
|move|p1a: Goodra|Flash Cannon|p2a: Deoxys
|-damage|p2a: Deoxys|0 fnt
|faint|p2a: Deoxys
|
|-weather|RainDance|[upkeep]
|upkeep
|
|t:|1769404877
|switch|p2a: Dragonite|Dragonite, F|100/100
|turn|7
|
|t:|1769404884
|switch|p1a: Great Tusk|Great Tusk|100/100
|move|p2a: Dragonite|Dragon Dance|p2a: Dragonite
|-boost|p2a: Dragonite|atk|1
|-boost|p2a: Dragonite|spe|1
|
|-weather|RainDance|[upkeep]
|upkeep
|turn|8
|
|t:|1769404895
|-terastallize|p2a: Dragonite|Ghost
|move|p2a: Dragonite|Dragon Dance|p2a: Dragonite
|-boost|p2a: Dragonite|atk|1
|-boost|p2a: Dragonite|spe|1
|move|p1a: Great Tusk|Rapid Spin|p2a: Dragonite
|-immune|p2a: Dragonite
|
|-weather|none
|upkeep
|turn|9
|
|t:|1769404913
|move|p2a: Dragonite|Tera Blast|p1a: Great Tusk|[anim] Tera Blast Ghost
|-damage|p1a: Great Tusk|42/100
|move|p1a: Great Tusk|Knock Off|p2a: Dragonite
|-supereffective|p2a: Dragonite
|-damage|p2a: Dragonite|68/100
|-enditem|p2a: Dragonite|Spell Tag|[from] move: Knock Off|[of] p1a: Great Tusk
|
|upkeep
|turn|10
|
|t:|1769404920
|-end|p1a: Great Tusk|Protosynthesis|[silent]
|switch|p1a: Pelipper|Pelipper, F|38/100
|-damage|p1a: Pelipper|13/100|[from] Stealth Rock
|-weather|RainDance|[from] ability: Drizzle|[of] p1a: Pelipper
|move|p2a: Dragonite|Tera Blast|p1a: Pelipper|[anim] Tera Blast Ghost
|-damage|p1a: Pelipper|0 fnt
|faint|p1a: Pelipper
|
|-weather|RainDance|[upkeep]
|upkeep
|
|t:|1769404925
|switch|p1a: Dondozo|Dondozo, F|67/100
|-damage|p1a: Dondozo|55/100|[from] Stealth Rock
|turn|11
|
|t:|1769404935
|move|p2a: Dragonite|Tera Blast|p1a: Dondozo|[anim] Tera Blast Ghost
|-damage|p1a: Dondozo|35/100
|move|p1a: Dondozo|Curse|p1a: Dondozo
|-unboost|p1a: Dondozo|spe|1
|-boost|p1a: Dondozo|atk|1
|-boost|p1a: Dondozo|def|1
|
|-weather|RainDance|[upkeep]
|-heal|p1a: Dondozo|41/100|[from] item: Leftovers
|upkeep
|turn|12
|
|t:|1769404941
|move|p2a: Dragonite|Encore|p1a: Dondozo
|-start|p1a: Dondozo|Encore
|move|p1a: Dondozo|Curse|p1a: Dondozo
|-unboost|p1a: Dondozo|spe|1
|-boost|p1a: Dondozo|atk|1
|-boost|p1a: Dondozo|def|1
|
|-weather|RainDance|[upkeep]
|-heal|p1a: Dondozo|47/100|[from] item: Leftovers
|upkeep
|turn|13
|
|t:|1769404959
|switch|p2a: Iron Moth|Iron Moth|100/100
|-enditem|p2a: Iron Moth|Booster Energy
|-activate|p2a: Iron Moth|ability: Quark Drive|[fromitem]
|-start|p2a: Iron Moth|quarkdrivespe
|move|p1a: Dondozo|Curse|p1a: Dondozo
|-unboost|p1a: Dondozo|spe|1
|-boost|p1a: Dondozo|atk|1
|-boost|p1a: Dondozo|def|1
|
|-weather|RainDance|[upkeep]
|-heal|p1a: Dondozo|53/100|[from] item: Leftovers
|upkeep
|turn|14
|
|t:|1769404974
|switch|p1a: Goodra|Goodra-Hisui, F|100/100
|move|p2a: Iron Moth|Sludge Wave|p1a: Goodra
|-immune|p1a: Goodra
|
|-weather|RainDance|[upkeep]
|upkeep
|turn|15
|
|t:|1769404991
|move|p2a: Iron Moth|Fiery Dance|p1a: Goodra
|-damage|p1a: Goodra|91/100
|move|p1a: Goodra|Flash Cannon|p2a: Iron Moth
|-resisted|p2a: Iron Moth
|-damage|p2a: Iron Moth|85/100
|
|-weather|RainDance|[upkeep]
|upkeep
|turn|16
|
|t:|1769404999
|move|p2a: Iron Moth|Fiery Dance|p1a: Goodra
|-damage|p1a: Goodra|80/100
|move|p1a: Goodra|Curse|p1a: Goodra
|-unboost|p1a: Goodra|spe|1
|-boost|p1a: Goodra|atk|1
|-boost|p1a: Goodra|def|1
|
|-weather|RainDance|[upkeep]
|upkeep
|turn|17
|
|t:|1769405003
|move|p2a: Iron Moth|Fiery Dance|p1a: Goodra
|-damage|p1a: Goodra|70/100
|-boost|p2a: Iron Moth|spa|1
|move|p1a: Goodra|Curse|p1a: Goodra
|-unboost|p1a: Goodra|spe|1
|-boost|p1a: Goodra|atk|1
|-boost|p1a: Goodra|def|1
|
|-weather|none
|upkeep
|turn|18
|
|t:|1769405016
|move|p2a: Iron Moth|Fiery Dance|p1a: Goodra
|-damage|p1a: Goodra|35/100
|-boost|p2a: Iron Moth|spa|1
|move|p1a: Goodra|Dragon Tail|p2a: Iron Moth
|-damage|p2a: Iron Moth|26/100
|-end|p2a: Iron Moth|Quark Drive|[silent]
|drag|p2a: Great Tusk|Great Tusk|100/100
|-enditem|p2a: Great Tusk|Booster Energy
|-activate|p2a: Great Tusk|ability: Protosynthesis|[fromitem]
|-start|p2a: Great Tusk|protosynthesisspe
|
|upkeep
|turn|19
|inactive|ghighas has 120 seconds left.
|
|t:|1769405069
|switch|p1a: Ogerpon|Ogerpon-Wellspring, F|100/100
|-damage|p1a: Ogerpon|88/100|[from] Stealth Rock
|move|p2a: Great Tusk|Bulk Up|p2a: Great Tusk
|-boost|p2a: Great Tusk|atk|1
|-boost|p2a: Great Tusk|def|1
|
|upkeep
|turn|20
|
|t:|1769405080
|move|p2a: Great Tusk|Ice Spinner|p1a: Ogerpon
|-damage|p1a: Ogerpon|39/100
|move|p1a: Ogerpon|Ivy Cudgel|p2a: Great Tusk|[anim] Ivy Cudgel Water
|-supereffective|p2a: Great Tusk
|-damage|p2a: Great Tusk|53/100
|
|upkeep
|turn|21
|
|t:|1769405110
|move|p2a: Great Tusk|Ice Spinner|p1a: Ogerpon
|-damage|p1a: Ogerpon|0 fnt
|faint|p1a: Ogerpon
|
|upkeep
|
|t:|1769405111
|switch|p1a: Dondozo|Dondozo, F|53/100
|-damage|p1a: Dondozo|41/100|[from] Stealth Rock
|turn|22
|
|t:|1769405124
|move|p2a: Great Tusk|Headlong Rush|p1a: Dondozo
|-damage|p1a: Dondozo|15/100
|-unboost|p2a: Great Tusk|def|1
|-unboost|p2a: Great Tusk|spd|1
|move|p1a: Dondozo|Rest|p1a: Dondozo
|-status|p1a: Dondozo|slp|[from] move: Rest
|-heal|p1a: Dondozo|100/100 slp|[silent]
|
|upkeep
|turn|23
|
|t:|1769405131
|move|p2a: Great Tusk|Headlong Rush|p1a: Dondozo
|-damage|p1a: Dondozo|75/100 slp
|-unboost|p2a: Great Tusk|def|1
|-unboost|p2a: Great Tusk|spd|1
|cant|p1a: Dondozo|slp
|
|-heal|p1a: Dondozo|81/100 slp|[from] item: Leftovers
|upkeep
|turn|24
|
|t:|1769405134
|move|p2a: Great Tusk|Headlong Rush|p1a: Dondozo
|-damage|p1a: Dondozo|55/100 slp
|-unboost|p2a: Great Tusk|def|1
|-unboost|p2a: Great Tusk|spd|1
|cant|p1a: Dondozo|slp
|
|-heal|p1a: Dondozo|61/100 slp|[from] item: Leftovers
|upkeep
|turn|25
|
|t:|1769405138
|move|p2a: Great Tusk|Headlong Rush|p1a: Dondozo
|-damage|p1a: Dondozo|38/100 slp
|-unboost|p2a: Great Tusk|def|1
|-unboost|p2a: Great Tusk|spd|1
|-curestatus|p1a: Dondozo|slp|[msg]
|move|p1a: Dondozo|Curse|p1a: Dondozo
|-unboost|p1a: Dondozo|spe|1
|-boost|p1a: Dondozo|atk|1
|-boost|p1a: Dondozo|def|1
|
|-heal|p1a: Dondozo|44/100|[from] item: Leftovers
|upkeep
|turn|26
|
|t:|1769405142
|move|p2a: Great Tusk|Headlong Rush|p1a: Dondozo
|-damage|p1a: Dondozo|27/100
|-unboost|p2a: Great Tusk|def|1
|-unboost|p2a: Great Tusk|spd|1
|move|p1a: Dondozo|Wave Crash|p2a: Great Tusk
|-supereffective|p2a: Great Tusk
|-damage|p2a: Great Tusk|0 fnt
|faint|p2a: Great Tusk
|-end|p2a: Great Tusk|Protosynthesis|[silent]
|-damage|p1a: Dondozo|12/100|[from] Recoil
|
|-heal|p1a: Dondozo|18/100|[from] item: Leftovers
|upkeep
|
|t:|1769405146
|switch|p2a: Iron Moth|Iron Moth|26/100
|turn|27
|
|t:|1769405157
|switch|p1a: Goodra|Goodra-Hisui, F|35/100
|move|p2a: Iron Moth|Fiery Dance|p1a: Goodra
|-damage|p1a: Goodra|15/100
|
|upkeep
|turn|28
|
|t:|1769405164
|move|p2a: Iron Moth|Fiery Dance|p1a: Goodra
|-damage|p1a: Goodra|0 fnt
|-boost|p2a: Iron Moth|spa|1
|faint|p1a: Goodra
|
|upkeep
|
|t:|1769405166
|switch|p1a: Barraskewda|Barraskewda, F, shiny, tera:Water|22/100
|-damage|p1a: Barraskewda|10/100|[from] Stealth Rock
|turn|29
|
|t:|1769405182
|move|p1a: Barraskewda|Aqua Jet|p2a: Iron Moth
|-supereffective|p2a: Iron Moth
|-damage|p2a: Iron Moth|0 fnt
|faint|p2a: Iron Moth
|-end|p2a: Iron Moth|Quark Drive|[silent]
|
|upkeep
|
|t:|1769405184
|switch|p2a: Scizor|Scizor, M|100/100
|turn|30
|
|t:|1769405194
|move|p1a: Barraskewda|Aqua Jet|p2a: Scizor
|-damage|p2a: Scizor|53/100
|move|p2a: Scizor|Knock Off|p1a: Barraskewda
|-damage|p1a: Barraskewda|0 fnt
|-enditem|p1a: Barraskewda|Choice Band|[from] move: Knock Off|[of] p2a: Scizor
|faint|p1a: Barraskewda
|
|upkeep
|
|t:|1769405197
|switch|p1a: Great Tusk|Great Tusk|42/100
|turn|31
|
|t:|1769405205
|switch|p2a: Dragonite|Dragonite, F, tera:Ghost|68/100
|move|p1a: Great Tusk|Rapid Spin|p2a: Dragonite
|-immune|p2a: Dragonite
|
|upkeep
|turn|32
|
|t:|1769405220
|move|p2a: Dragonite|Dragon Dance|p2a: Dragonite
|-boost|p2a: Dragonite|atk|1
|-boost|p2a: Dragonite|spe|1
|move|p1a: Great Tusk|Earthquake|p2a: Dragonite
|-damage|p2a: Dragonite|18/100
|
|upkeep
|turn|33
|
|t:|1769405233
|move|p2a: Dragonite|Tera Blast|p1a: Great Tusk|[anim] Tera Blast Ghost
|-damage|p1a: Great Tusk|5/100
|move|p1a: Great Tusk|Earthquake|p2a: Dragonite
|-damage|p2a: Dragonite|0 fnt
|faint|p2a: Dragonite
|
|upkeep
|
|t:|1769405236
|switch|p2a: Scizor|Scizor, M|53/100
|turn|34
|
|t:|1769405244
|move|p2a: Scizor|Close Combat|p1a: Great Tusk
|-damage|p1a: Great Tusk|0 fnt
|-unboost|p2a: Scizor|def|1
|-unboost|p2a: Scizor|spd|1
|faint|p1a: Great Tusk
|-end|p1a: Great Tusk|Protosynthesis|[silent]
|
|upkeep
|
|t:|1769405250
|switch|p1a: Dondozo|Dondozo, F|18/100
|-damage|p1a: Dondozo|6/100|[from] Stealth Rock
|turn|35
|
|t:|1769405253
|move|p2a: Scizor|Close Combat|p1a: Dondozo
|-damage|p1a: Dondozo|0 fnt
|-unboost|p2a: Scizor|def|1
|-unboost|p2a: Scizor|spd|1
|faint|p1a: Dondozo
|
|win|PieGuyRules
|raw|ghighas's rating: 1369 &rarr; <strong>1353</strong><br />(-16 for losing)
|raw|PieGuyRules's rating: 1432 &rarr; <strong>1448</strong><br />(+16 for winning)
|l|☆ghighas
|player|p1|
|l|☆PieGuyRules
|player|p2|
