|j|☆Jaycobi1017
|j|☆hina235
|t:|1769415445
|gametype|singles
|player|p1|Jaycobi1017|brycenman|1336
|player|p2|hina235|lady-gen4|1360
|gen|9
|tier|[Gen 9] OU
|rated|
|rule|HP Percentage Mod: HP is shown in percentages
|rule|Endless Battle Clause: Forcing endless battles is banned
|rule|Species Clause: Limit one of each Pokémon
|rule|OHKO Clause: OHKO moves are banned
|rule|Evasion Items Clause: Evasion items are banned
|rule|Evasion Moves Clause: Evasion moves are banned
|rule|Evasion Abilities Clause: Evasion abilities are banned
|rule|Sleep Moves Clause: Sleep-inducing moves are banned
|clearpoke
|poke|p1|Politoed, F|
|poke|p1|Crawdaunt, F|
|poke|p1|Ogerpon-Wellspring, F|
|poke|p1|Basculegion-F, F|
|poke|p1|Zapdos|
|poke|p1|Rillaboom, F|
|poke|p2|Sandy Shocks|
|poke|p2|Scizor, F|
|poke|p2|Manaphy|
|poke|p2|Latios, M|
|poke|p2|Ogerpon, F|
|poke|p2|Iron Jugulis|
|teampreview
|inactive|Battle timer is ON: inactive players will automatically lose when time's up. (requested by hina235)
|
|t:|1769415465
|teamsize|p1|6
|teamsize|p2|6
|start
|switch|p1a: Rillaboom|Rillaboom, F|100/100
|switch|p2a: Sandy Shocks|Sandy Shocks|100/100
|-fieldstart|move: Grassy Terrain|[from] ability: Grassy Surge|[of] p1a: Rillaboom
|-enditem|p2a: Sandy Shocks|Booster Energy
|-activate|p2a: Sandy Shocks|ability: Protosynthesis|[fromitem]
|-start|p2a: Sandy Shocks|protosynthesisspe
|turn|1
|
|t:|1769415477
|move|p2a: Sandy Shocks|Stealth Rock|p1a: Rillaboom
|-sidestart|p1: Jaycobi1017|move: Stealth Rock
|move|p1a: Rillaboom|Wood Hammer|p2a: Sandy Shocks
|-supereffective|p2a: Sandy Shocks
|-damage|p2a: Sandy Shocks|0 fnt
|faint|p2a: Sandy Shocks
|-end|p2a: Sandy Shocks|Protosynthesis|[silent]
|-damage|p1a: Rillaboom|74/100|[from] Recoil
|
|-heal|p1a: Rillaboom|80/100|[from] Grassy Terrain
|upkeep
|
|t:|1769415487
|switch|p2a: Latios|Latios, M|100/100
|turn|2
|
|t:|1769415489
|move|p2a: Latios|Agility|p2a: Latios
|-boost|p2a: Latios|spe|2
|move|p1a: Rillaboom|U-turn|p2a: Latios
|-supereffective|p2a: Latios
|-damage|p2a: Latios|54/100
|-enditem|p2a: Latios|Weakness Policy
|-boost|p2a: Latios|atk|2|[from] item: Weakness Policy
|-boost|p2a: Latios|spa|2|[from] item: Weakness Policy
|
|t:|1769415497
|switch|p1a: Politoed|Politoed, F|100/100|[from] U-turn
|-damage|p1a: Politoed|88/100|[from] Stealth Rock
|-weather|RainDance|[from] ability: Drizzle|[of] p1a: Politoed
|
|-weather|RainDance|[upkeep]
|-heal|p1a: Politoed|94/100|[from] Grassy Terrain
|upkeep
|turn|3
|
|t:|1769415503
|move|p2a: Latios|Stored Power|p1a: Politoed
|-damage|p1a: Politoed|0 fnt
|faint|p1a: Politoed
|
|-weather|RainDance|[upkeep]
|upkeep
|
|t:|1769415508
|switch|p1a: Crawdaunt|Crawdaunt, F|100/100
|-damage|p1a: Crawdaunt|88/100|[from] Stealth Rock
|turn|4
|
|t:|1769415515
|-terastallize|p2a: Latios|Fighting
|-terastallize|p1a: Crawdaunt|Water
|move|p1a: Crawdaunt|Aqua Jet|p2a: Latios
|-damage|p2a: Latios|0 fnt
|faint|p2a: Latios
|
|-weather|RainDance|[upkeep]
|-heal|p1a: Crawdaunt|94/100|[from] Grassy Terrain
|upkeep
|
|t:|1769415522
|switch|p2a: Ogerpon|Ogerpon, F|100/100
|turn|5
|
|t:|1769415527
|switch|p1a: Zapdos|Zapdos|100/100
|move|p2a: Ogerpon|Ivy Cudgel|p1a: Zapdos
|-resisted|p1a: Zapdos
|-damage|p1a: Zapdos|77/100
|
|-weather|RainDance|[upkeep]
|-fieldend|move: Grassy Terrain
|upkeep
|turn|6
|
|t:|1769415536
|switch|p2a: Iron Jugulis|Iron Jugulis|100/100
|-enditem|p2a: Iron Jugulis|Booster Energy
|-activate|p2a: Iron Jugulis|ability: Quark Drive|[fromitem]
|-start|p2a: Iron Jugulis|quarkdrivespe
|move|p1a: Zapdos|Hurricane|p2a: Iron Jugulis
|-damage|p2a: Iron Jugulis|48/100
|
|-weather|RainDance|[upkeep]
|upkeep
|turn|7
|
|t:|1769415543
|move|p2a: Iron Jugulis|Hurricane|p1a: Zapdos
|-resisted|p1a: Zapdos
|-crit|p1a: Zapdos
|-damage|p1a: Zapdos|39/100
|-start|p1a: Zapdos|confusion
|-activate|p1a: Zapdos|confusion
|move|p1a: Zapdos|Thunder|p2a: Iron Jugulis
|-supereffective|p2a: Iron Jugulis
|-damage|p2a: Iron Jugulis|0 fnt
|faint|p2a: Iron Jugulis
|-end|p2a: Iron Jugulis|Quark Drive|[silent]
|
|-weather|RainDance|[upkeep]
|upkeep
|
|t:|1769415553
|switch|p2a: Ogerpon|Ogerpon, F|100/100
|turn|8
|
|t:|1769415555
|move|p2a: Ogerpon|Rock Tomb|p1a: Zapdos
|-supereffective|p1a: Zapdos
|-damage|p1a: Zapdos|12/100
|-unboost|p1a: Zapdos|spe|1
|-activate|p1a: Zapdos|confusion
|move|p1a: Zapdos|Hurricane|p2a: Ogerpon
|-supereffective|p2a: Ogerpon
|-damage|p2a: Ogerpon|0 fnt
|faint|p2a: Ogerpon
|
|-weather|RainDance|[upkeep]
|upkeep
|
|t:|1769415560
|switch|p2a: Manaphy|Manaphy|100/100
|turn|9
|
|t:|1769415564
|move|p2a: Manaphy|Tail Glow|p2a: Manaphy
|-boost|p2a: Manaphy|spa|3
|-end|p1a: Zapdos|confusion
|move|p1a: Zapdos|Thunder|p2a: Manaphy
|-supereffective|p2a: Manaphy
|-damage|p2a: Manaphy|7/100
|-enditem|p2a: Manaphy|Sitrus Berry|[eat]
|-heal|p2a: Manaphy|32/100|[from] item: Sitrus Berry
|
|-weather|none
|upkeep
|turn|10
|
|t:|1769415571
|move|p2a: Manaphy|Surf|p1a: Zapdos
|-damage|p1a: Zapdos|0 fnt
|faint|p1a: Zapdos
|
|upkeep
|
|t:|1769415578
|switch|p1a: Ogerpon|Ogerpon-Wellspring, F|100/100
|-damage|p1a: Ogerpon|88/100|[from] Stealth Rock
|turn|11
|
|t:|1769415583
|move|p1a: Ogerpon|Wood Hammer|p2a: Manaphy
|-supereffective|p2a: Manaphy
|-damage|p2a: Manaphy|0 fnt
|faint|p2a: Manaphy
|-damage|p1a: Ogerpon|77/100|[from] Recoil
|
|upkeep
|-message|hina235 forfeited.
|
|win|Jaycobi1017
|raw|Jaycobi1017's rating: 1336 &rarr; <strong>1357</strong><br />(+21 for winning)
|raw|hina235's rating: 1360 &rarr; <strong>1339</strong><br />(-21 for losing)
|l|☆hina235
|player|p2|
|l|☆Jaycobi1017
|player|p1|
