|j|☆684987656549849f
|j|☆Poklin7670
|t:|1769385233
|gametype|singles
|player|p1|684987656549849f|2|1139
|player|p2|Poklin7670|2|1078
|gen|9
|tier|[Gen 9] OU
|rated|
|rule|HP Percentage Mod: HP is shown in percentages
|rule|Endless Battle Clause: Forcing endless battles is banned
|rule|Species Clause: Limit one of each Pokémon
|rule|OHKO Clause: OHKO moves are banned
|rule|Evasion Items Clause: Evasion items are banned
|rule|Evasion Moves Clause: Evasion moves are banned
|rule|Evasion Abilities Clause: Evasion abilities are banned
|rule|Sleep Moves Clause: Sleep-inducing moves are banned
|clearpoke
|poke|p1|Pelipper, F|
|poke|p1|Ogerpon-Wellspring, F|
|poke|p1|Raging Bolt|
|poke|p1|Primarina, F|
|poke|p1|Iron Treads|
|poke|p1|Skeledirge, M|
|poke|p2|Ariados, M|
|poke|p2|Salazzle, F|
|poke|p2|Breloom, M|
|poke|p2|Gliscor, M|
|poke|p2|Pecharunt|
|poke|p2|Azumarill, M|
|teampreview
|inactive|Battle timer is ON: inactive players will automatically lose when time's up. (requested by 684987656549849f)
|inactive|Poklin7670 has 120 seconds left.
|
|t:|1769385277
|teamsize|p1|6
|teamsize|p2|6
|start
|switch|p1a: Iron Treads|Iron Treads|100/100
|switch|p2a: Azumarill|Azumarill, M|100/100
|turn|1
|
|t:|1769385288
|move|p1a: Iron Treads|Volt Switch|p2a: Azumarill
|-supereffective|p2a: Azumarill
|-damage|p2a: Azumarill|77/100
|
|t:|1769385290
|-end|p1a: Iron Treads|Quark Drive|[silent]
|switch|p1a: Sherk|Ogerpon-Wellspring, F|100/100|[from] Volt Switch
|move|p2a: Azumarill|Whirlpool|p1a: Sherk
|-immune|p1a: Sherk|[from] ability: Water Absorb
|
|-heal|p2a: Azumarill|83/100|[from] item: Leftovers
|upkeep
|turn|2
|
|t:|1769385310
|switch|p2a: Fester|Ariados, M, shiny|100/100
|move|p1a: Sherk|Play Rough|p2a: Fester|[miss]
|-miss|p1a: Sherk|p2a: Fester
|
|upkeep
|turn|3
|
|t:|1769385320
|move|p1a: Sherk|Ivy Cudgel|p2a: Fester|[anim] Ivy Cudgel Water
|-damage|p2a: Fester|47/100
|move|p2a: Fester|Toxic Thread|p1a: Sherk
|-unboost|p1a: Sherk|spe|1
|-status|p1a: Sherk|psn
|
|-heal|p2a: Fester|53/100|[from] item: Leftovers
|-damage|p1a: Sherk|88/100 psn|[from] psn
|upkeep
|turn|4
|
|t:|1769385332
|switch|p2a: Parasan|Breloom, M|100/100
|move|p1a: Sherk|U-turn|p2a: Parasan
|-damage|p2a: Parasan|68/100
|
|t:|1769385349
|switch|p1a: Felipe|Pelipper, F, shiny|100/100|[from] U-turn
|-weather|RainDance|[from] ability: Drizzle|[of] p1a: Felipe
|
|-weather|RainDance|[upkeep]
|-status|p2a: Parasan|tox|[from] item: Toxic Orb
|upkeep
|turn|5
|
|t:|1769385362
|move|p2a: Parasan|Protect|p2a: Parasan
|-singleturn|p2a: Parasan|Protect
|move|p1a: Felipe|U-turn|p2a: Parasan
|-activate|p2a: Parasan|move: Protect
|
|-weather|RainDance|[upkeep]
|-heal|p2a: Parasan|81/100 tox|[from] ability: Poison Heal
|upkeep
|turn|6
|
|t:|1769385371
|move|p2a: Parasan|Leech Seed|p1a: Felipe|[miss]
|-miss|p2a: Parasan|p1a: Felipe
|move|p1a: Felipe|U-turn|p2a: Parasan
|-damage|p2a: Parasan|71/100 tox
|
|t:|1769385378
|switch|p1a: Sherk|Ogerpon-Wellspring, F|88/100 psn|[from] U-turn
|
|-weather|RainDance|[upkeep]
|-damage|p1a: Sherk|76/100 psn|[from] psn
|-heal|p2a: Parasan|83/100 tox|[from] ability: Poison Heal
|upkeep
|turn|7
|
|t:|1769385387
|move|p1a: Sherk|Play Rough|p2a: Parasan|[miss]
|-miss|p1a: Sherk|p2a: Parasan
|move|p2a: Parasan|Drain Punch|p1a: Sherk
|-damage|p1a: Sherk|17/100 psn
|-heal|p2a: Parasan|100/100 tox|[from] drain|[of] p1a: Sherk
|
|-weather|RainDance|[upkeep]
|-damage|p1a: Sherk|4/100 psn|[from] psn
|upkeep
|turn|8
|-message|684987656549849f forfeited.
|
|win|Poklin7670
|raw|684987656549849f's rating: 1139 &rarr; <strong>1110</strong><br />(-29 for losing)
|raw|Poklin7670's rating: 1078 &rarr; <strong>1111</strong><br />(+33 for winning)
|l|☆684987656549849f
|player|p1|
|l|☆Poklin7670
|player|p2|
