|j|☆rockdrigox666
|j|☆xavierance
|t:|1769424147
|gametype|singles
|player|p1|rockdrigox666|266|1267
|player|p2|xavierance|2|1240
|gen|9
|tier|[Gen 9] OU
|rated|
|rule|HP Percentage Mod: HP is shown in percentages
|rule|Endless Battle Clause: Forcing endless battles is banned
|rule|Species Clause: Limit one of each Pokémon
|rule|OHKO Clause: OHKO moves are banned
|rule|Evasion Items Clause: Evasion items are banned
|rule|Evasion Moves Clause: Evasion moves are banned
|rule|Evasion Abilities Clause: Evasion abilities are banned
|rule|Sleep Moves Clause: Sleep-inducing moves are banned
|clearpoke
|poke|p1|Excadrill, M|
|poke|p1|Ambipom, F|
|poke|p1|Azumarill, F|
|poke|p1|Hippowdon, F|
|poke|p1|Gengar, M|
|poke|p1|Greninja-*, M|
|poke|p2|Enamorus, F|
|poke|p2|Dragapult, M|
|poke|p2|Great Tusk|
|poke|p2|Heatran, M|
|poke|p2|Slowking-Galar, M|
|poke|p2|Dragonite, M|
|teampreview
|inactive|Battle timer is ON: inactive players will automatically lose when time's up. (requested by rockdrigox666)
|inactive|xavierance has 120 seconds left.
|
|t:|1769424188
|teamsize|p1|6
|teamsize|p2|6
|start
|switch|p1a: Greninja|Greninja, M|100/100
|switch|p2a: Great Tusk|Great Tusk|100/100
|-enditem|p2a: Great Tusk|Booster Energy
|-activate|p2a: Great Tusk|ability: Protosynthesis|[fromitem]
|-start|p2a: Great Tusk|protosynthesisatk
|turn|1
|
|t:|1769424195
|-end|p2a: Great Tusk|Protosynthesis|[silent]
|switch|p2a: Slowking|Slowking-Galar, M|100/100
|move|p1a: Greninja|Ice Beam|p2a: Slowking
|-damage|p2a: Slowking|80/100
|-damage|p1a: Greninja|91/100|[from] item: Life Orb
|
|-heal|p2a: Slowking|86/100|[from] item: Leftovers
|upkeep
|turn|2
|
|t:|1769424206
|move|p1a: Greninja|Dark Pulse|p2a: Slowking
|-supereffective|p2a: Slowking
|-damage|p2a: Slowking|36/100
|-damage|p1a: Greninja|81/100|[from] item: Life Orb
|-prepare|p2a: Slowking|Chilly Reception|[premajor]
|move|p2a: Slowking|Chilly Reception|p2a: Slowking
|-weather|Snowscape
|
|t:|1769424209
|switch|p2a: Enamorus|Enamorus, F|100/100|[from] Chilly Reception
|
|-weather|Snowscape|[upkeep]
|upkeep
|turn|3
|
|t:|1769424212
|move|p2a: Enamorus|Moonblast|p1a: Greninja
|-supereffective|p1a: Greninja
|-damage|p1a: Greninja|0 fnt
|faint|p1a: Greninja
|
|-weather|Snowscape|[upkeep]
|upkeep
|
|t:|1769424217
|switch|p1a: Gengar|Gengar, M|100/100
|turn|4
|
|t:|1769424225
|switch|p2a: Slowking|Slowking-Galar, M|69/100
|move|p1a: Gengar|Clear Smog|p2a: Slowking
|-resisted|p2a: Slowking
|-damage|p2a: Slowking|58/100
|-clearboost|p2a: Slowking
|-damage|p1a: Gengar|91/100|[from] item: Life Orb
|
|-weather|Snowscape|[upkeep]
|-heal|p2a: Slowking|64/100|[from] item: Leftovers
|upkeep
|turn|5
|
|t:|1769424230
|move|p1a: Gengar|Shadow Ball|p2a: Slowking
|-supereffective|p2a: Slowking
|-damage|p2a: Slowking|0 fnt
|faint|p2a: Slowking
|-damage|p1a: Gengar|81/100|[from] item: Life Orb
|
|-weather|Snowscape|[upkeep]
|upkeep
|
|t:|1769424233
|switch|p2a: Dragapult|Dragapult, M|100/100
|turn|6
|
|t:|1769424240
|switch|p1a: Ambipom|Ambipom, F|100/100
|move|p2a: Dragapult|Draco Meteor|p1a: Ambipom
|-damage|p1a: Ambipom|0 fnt
|-unboost|p2a: Dragapult|spa|2
|faint|p1a: Ambipom
|
|-weather|none
|upkeep
|
|t:|1769424246
|switch|p1a: Azumarill|Azumarill, F|100/100
|turn|7
|
|t:|1769424250
|switch|p2a: Heatran|Heatran, M|100/100
|move|p1a: Azumarill|Play Rough|p2a: Heatran
|-resisted|p2a: Heatran
|-damage|p2a: Heatran|97/100
|-unboost|p2a: Heatran|atk|1
|
|-heal|p2a: Heatran|100/100|[from] item: Leftovers
|upkeep
|turn|8
|
|t:|1769424258
|switch|p1a: Hippowdon|Hippowdon, F|100/100
|-weather|Sandstorm|[from] ability: Sand Stream|[of] p1a: Hippowdon
|-terastallize|p2a: Heatran|Flying
|move|p2a: Heatran|Lava Plume|p1a: Hippowdon
|-damage|p1a: Hippowdon|66/100
|
|-weather|Sandstorm|[upkeep]
|-damage|p2a: Heatran|94/100|[from] Sandstorm
|-heal|p2a: Heatran|100/100|[from] item: Leftovers
|upkeep
|turn|9
|
|t:|1769424261
|move|p2a: Heatran|Stealth Rock|p1a: Hippowdon
|-sidestart|p1: rockdrigox666|move: Stealth Rock
|move|p1a: Hippowdon|Stealth Rock|p2a: Heatran
|-sidestart|p2: xavierance|move: Stealth Rock
|
|-weather|Sandstorm|[upkeep]
|-damage|p2a: Heatran|94/100|[from] Sandstorm
|-heal|p2a: Heatran|100/100|[from] item: Leftovers
|upkeep
|turn|10
|
|t:|1769424264
|move|p2a: Heatran|Lava Plume|p1a: Hippowdon
|-damage|p1a: Hippowdon|29/100
|move|p1a: Hippowdon|Stockpile|p1a: Hippowdon
|-start|p1a: Hippowdon|stockpile1
|-boost|p1a: Hippowdon|def|1
|-boost|p1a: Hippowdon|spd|1
|
|-weather|Sandstorm|[upkeep]
|-damage|p2a: Heatran|94/100|[from] Sandstorm
|-heal|p2a: Heatran|100/100|[from] item: Leftovers
|upkeep
|turn|11
|
|t:|1769424267
|move|p2a: Heatran|Lava Plume|p1a: Hippowdon
|-damage|p1a: Hippowdon|3/100
|-status|p1a: Hippowdon|brn
|move|p1a: Hippowdon|Slack Off|p1a: Hippowdon
|-heal|p1a: Hippowdon|53/100 brn
|
|-weather|Sandstorm|[upkeep]
|-damage|p2a: Heatran|94/100|[from] Sandstorm
|-heal|p2a: Heatran|100/100|[from] item: Leftovers
|-damage|p1a: Hippowdon|46/100 brn|[from] brn
|upkeep
|turn|12
|
|t:|1769424269
|move|p2a: Heatran|Lava Plume|p1a: Hippowdon
|-damage|p1a: Hippowdon|22/100 brn
|move|p1a: Hippowdon|Slack Off|p1a: Hippowdon
|-heal|p1a: Hippowdon|72/100 brn
|
|-weather|none
|-damage|p1a: Hippowdon|66/100 brn|[from] brn
|upkeep
|turn|13
|
|t:|1769424273
|move|p2a: Heatran|Lava Plume|p1a: Hippowdon
|-damage|p1a: Hippowdon|43/100 brn
|move|p1a: Hippowdon|Slack Off|p1a: Hippowdon
|-heal|p1a: Hippowdon|93/100 brn
|
|-damage|p1a: Hippowdon|87/100 brn|[from] brn
|upkeep
|turn|14
|
|t:|1769424296
|switch|p2a: Dragapult|Dragapult, M|100/100
|-damage|p2a: Dragapult|88/100|[from] Stealth Rock
|move|p1a: Hippowdon|Stockpile|p1a: Hippowdon
|-start|p1a: Hippowdon|stockpile2
|-boost|p1a: Hippowdon|def|1
|-boost|p1a: Hippowdon|spd|1
|
|-damage|p1a: Hippowdon|81/100 brn|[from] brn
|upkeep
|turn|15
|
|t:|1769424303
|switch|p1a: Azumarill|Azumarill, F|100/100
|-damage|p1a: Azumarill|88/100|[from] Stealth Rock
|move|p2a: Dragapult|Draco Meteor|p1a: Azumarill
|-immune|p1a: Azumarill
|
|upkeep
|turn|16
|
|t:|1769424310
|switch|p2a: Heatran|Heatran, M, tera:Flying|100/100
|-damage|p2a: Heatran|76/100|[from] Stealth Rock
|move|p1a: Azumarill|Trailblaze|p2a: Heatran
|-resisted|p2a: Heatran
|-damage|p2a: Heatran|73/100
|-boost|p1a: Azumarill|spe|1
|-status|p1a: Azumarill|brn|[from] ability: Flame Body|[of] p2a: Heatran
|
|-heal|p2a: Heatran|79/100|[from] item: Leftovers
|-damage|p1a: Azumarill|82/100 brn|[from] brn
|upkeep
|turn|17
|
|t:|1769424315
|move|p1a: Azumarill|Aqua Jet|p2a: Heatran
|-damage|p2a: Heatran|75/100
|move|p2a: Heatran|Flash Cannon|p1a: Azumarill
|-damage|p1a: Azumarill|47/100 brn
|-enditem|p1a: Azumarill|Sitrus Berry|[eat]
|-heal|p1a: Azumarill|72/100 brn|[from] item: Sitrus Berry
|
|-heal|p2a: Heatran|81/100|[from] item: Leftovers
|-damage|p1a: Azumarill|66/100 brn|[from] brn
|upkeep
|turn|18
|
|t:|1769424318
|move|p1a: Azumarill|Ice Spinner|p2a: Heatran
|-supereffective|p2a: Heatran
|-damage|p2a: Heatran|70/100
|move|p2a: Heatran|Flash Cannon|p1a: Azumarill
|-damage|p1a: Azumarill|27/100 brn
|
|-heal|p2a: Heatran|76/100|[from] item: Leftovers
|-damage|p1a: Azumarill|21/100 brn|[from] brn
|upkeep
|turn|19
|
|t:|1769424323
|switch|p2a: Great Tusk|Great Tusk|100/100
|-damage|p2a: Great Tusk|98/100|[from] Stealth Rock
|move|p1a: Azumarill|Ice Spinner|p2a: Great Tusk
|-supereffective|p2a: Great Tusk
|-damage|p2a: Great Tusk|86/100
|
|-damage|p1a: Azumarill|15/100 brn|[from] brn
|upkeep
|turn|20
|
|t:|1769424327
|move|p2a: Great Tusk|Rapid Spin|p1a: Azumarill
|-crit|p1a: Azumarill
|-damage|p1a: Azumarill|0 fnt
|-boost|p2a: Great Tusk|spe|1
|-sideend|p2: xavierance|Stealth Rock|[from] move: Rapid Spin|[of] p2a: Great Tusk
|faint|p1a: Azumarill
|
|upkeep
|
|t:|1769424330
|switch|p1a: Gengar|Gengar, M|81/100
|-damage|p1a: Gengar|68/100|[from] Stealth Rock
|turn|21
|
|t:|1769424332
|move|p2a: Great Tusk|Earthquake|p1a: Gengar
|-supereffective|p1a: Gengar
|-damage|p1a: Gengar|0 fnt
|faint|p1a: Gengar
|
|upkeep
|
|t:|1769424334
|switch|p1a: Excadrill|Excadrill, M|100/100
|-damage|p1a: Excadrill|97/100|[from] Stealth Rock
|turn|22
|-message|rockdrigox666 forfeited.
|
|win|xavierance
|raw|rockdrigox666's rating: 1267 &rarr; <strong>1240</strong><br />(-27 for losing)
|raw|xavierance's rating: 1240 &rarr; <strong>1267</strong><br />(+27 for winning)
|l|☆rockdrigox666
|player|p1|
|l|☆xavierance
|player|p2|
