|j|☆JohnDM
|j|☆kimodo_lux
|t:|1769318187
|gametype|singles
|player|p1|JohnDM|265|1086
|player|p2|kimodo_lux|depotagent|1097
|gen|9
|tier|[Gen 9] OU
|rated|
|rule|HP Percentage Mod: HP is shown in percentages
|rule|Endless Battle Clause: Forcing endless battles is banned
|rule|Species Clause: Limit one of each Pokémon
|rule|OHKO Clause: OHKO moves are banned
|rule|Evasion Items Clause: Evasion items are banned
|rule|Evasion Moves Clause: Evasion moves are banned
|rule|Evasion Abilities Clause: Evasion abilities are banned
|rule|Sleep Moves Clause: Sleep-inducing moves are banned
|clearpoke
|poke|p1|Clefable, M|
|poke|p1|Haxorus, M|
|poke|p1|Tyranitar, F|
|poke|p1|Chansey, F|
|poke|p1|Gengar, F|
|poke|p1|Umbreon, M|
|poke|p2|Torkoal, M|
|poke|p2|Hatterene, F|
|poke|p2|Raging Bolt|
|poke|p2|Slither Wing|
|poke|p2|Venusaur, M|
|poke|p2|Walking Wake|
|teampreview
|
|t:|1769318196
|teamsize|p1|6
|teamsize|p2|6
|start
|switch|p1a: Haxorus|Haxorus, M|100/100
|switch|p2a: Torkoal|Torkoal, M|100/100
|-ability|p1a: Haxorus|Mold Breaker
|-weather|SunnyDay|[from] ability: Drought|[of] p2a: Torkoal
|turn|1
|
|t:|1769318210
|switch|p2a: Walking Wake|Walking Wake|100/100
|-activate|p2a: Walking Wake|ability: Protosynthesis
|-start|p2a: Walking Wake|protosynthesisspe
|move|p1a: Haxorus|Dragon Dance|p1a: Haxorus
|-boost|p1a: Haxorus|atk|1
|-boost|p1a: Haxorus|spe|1
|
|-weather|SunnyDay|[upkeep]
|upkeep
|turn|2
|
|t:|1769318221
|-terastallize|p2a: Walking Wake|Fairy
|move|p2a: Walking Wake|Draco Meteor|p1a: Haxorus
|-supereffective|p1a: Haxorus
|-damage|p1a: Haxorus|0 fnt
|-unboost|p2a: Walking Wake|spa|2
|faint|p1a: Haxorus
|
|-weather|SunnyDay|[upkeep]
|upkeep
|
|t:|1769318238
|switch|p1a: Chansey|Chansey, F|100/100
|turn|3
|
|t:|1769318247
|move|p2a: Walking Wake|Flip Turn|p1a: Chansey
|-damage|p1a: Chansey|88/100
|
|t:|1769318249
|-end|p2a: Walking Wake|Protosynthesis|[silent]
|switch|p2a: Slither Wing|Slither Wing|100/100|[from] Flip Turn
|-activate|p2a: Slither Wing|ability: Protosynthesis
|-start|p2a: Slither Wing|protosynthesisatk
|move|p1a: Chansey|Thunder Wave|p2a: Slither Wing
|-status|p2a: Slither Wing|par
|
|-weather|SunnyDay|[upkeep]
|upkeep
|turn|4
|
|t:|1769318262
|move|p1a: Chansey|Seismic Toss|p2a: Slither Wing
|-damage|p2a: Slither Wing|69/100 par
|cant|p2a: Slither Wing|par
|
|-weather|SunnyDay|[upkeep]
|upkeep
|turn|5
|
|t:|1769318272
|switch|p1a: Tyranitar|Tyranitar, F|100/100
|-weather|Sandstorm|[from] ability: Sand Stream|[of] p1a: Tyranitar
|-end|p2a: Slither Wing|Protosynthesis
|move|p2a: Slither Wing|U-turn|p1a: Tyranitar
|-supereffective|p1a: Tyranitar
|-damage|p1a: Tyranitar|20/100
|
|t:|1769318278
|-end|p2a: Slither Wing|Protosynthesis|[silent]
|switch|p2a: Torkoal|Torkoal, M|100/100|[from] U-turn
|-weather|SunnyDay|[from] ability: Drought|[of] p2a: Torkoal
|
|-weather|SunnyDay|[upkeep]
|upkeep
|turn|6
|
|t:|1769318286
|move|p1a: Tyranitar|Earthquake|p2a: Torkoal
|-supereffective|p2a: Torkoal
|-damage|p2a: Torkoal|39/100
|move|p2a: Torkoal|Earthquake|p1a: Tyranitar
|-supereffective|p1a: Tyranitar
|-damage|p1a: Tyranitar|0 fnt
|faint|p1a: Tyranitar
|
|-weather|SunnyDay|[upkeep]
|upkeep
|
|t:|1769318298
|switch|p1a: Gengar|Gengar, F|100/100
|turn|7
|
|t:|1769318323
|switch|p2a: Raging Bolt|Raging Bolt|100/100
|-activate|p2a: Raging Bolt|ability: Protosynthesis
|-start|p2a: Raging Bolt|protosynthesisspa
|move|p1a: Gengar|Sludge Bomb|p2a: Raging Bolt
|-damage|p2a: Raging Bolt|42/100
|-damage|p1a: Gengar|91/100|[from] item: Life Orb
|
|-weather|SunnyDay|[upkeep]
|upkeep
|turn|8
|l|☆JohnDM
|player|p1|
|inactive|Battle timer is ON: inactive players will automatically lose when time's up. (requested by kimodo_lux)
|inactive|JohnDM has 30 seconds to reconnect!
|inactive|JohnDM has 20 seconds to reconnect!
|inactive|JohnDM has 15 seconds to reconnect!
|inactive|JohnDM has 10 seconds to reconnect!
|inactive|JohnDM has 5 seconds to reconnect!
|-message|JohnDM lost due to inactivity.
|
|win|kimodo_lux
|raw|JohnDM's rating: 1086 &rarr; <strong>1065</strong><br />(-21 for losing)
|raw|kimodo_lux's rating: 1120 &rarr; <strong>1143</strong><br />(+23 for winning)
|l|☆kimodo_lux
|player|p2|
