|j|☆ji4st9r
|j|☆mei12
|t:|1769336960
|gametype|singles
|player|p1|ji4st9r|preschooler|1059
|player|p2|mei12|skyla|1078
|gen|9
|tier|[Gen 9] OU
|rated|
|rule|HP Percentage Mod: HP is shown in percentages
|rule|Endless Battle Clause: Forcing endless battles is banned
|rule|Species Clause: Limit one of each Pokémon
|rule|OHKO Clause: OHKO moves are banned
|rule|Evasion Items Clause: Evasion items are banned
|rule|Evasion Moves Clause: Evasion moves are banned
|rule|Evasion Abilities Clause: Evasion abilities are banned
|rule|Sleep Moves Clause: Sleep-inducing moves are banned
|clearpoke
|poke|p1|Polteageist|
|poke|p1|Mimikyu, M|
|poke|p1|Venonat, F|
|poke|p1|Alcremie, F|
|poke|p1|Shaymin|
|poke|p1|Minior|
|poke|p2|Indeedee, M|
|poke|p2|Polteageist|
|poke|p2|Armarouge, F|
|poke|p2|Hatterene, F|
|poke|p2|Hawlucha, F|
|poke|p2|Gardevoir, F|
|teampreview
|
|t:|1769336968
|teamsize|p1|6
|teamsize|p2|6
|start
|switch|p1a: Minior|Minior|100/100
|switch|p2a: Indeedee|Indeedee, M, shiny|100/100
|-fieldstart|move: Psychic Terrain|[from] ability: Psychic Surge|[of] p2a: Indeedee
|-formechange|p1a: Minior|Minior-Meteor||[from] ability: Shields Down
|turn|1
|
|t:|1769336996
|move|p2a: Indeedee|Expanding Force|p1a: Minior
|-damage|p1a: Minior|13/100
|move|p1a: Minior|Shell Smash|p1a: Minior
|-unboost|p1a: Minior|def|1
|-unboost|p1a: Minior|spd|1
|-boost|p1a: Minior|atk|2
|-boost|p1a: Minior|spa|2
|-boost|p1a: Minior|spe|2
|-enditem|p1a: Minior|White Herb
|-clearnegativeboost|p1a: Minior|[silent]
|
|-formechange|p1a: Minior|Minior||[from] ability: Shields Down
|upkeep
|turn|2
|
|t:|1769337010
|move|p1a: Minior|Acrobatics|p2a: Indeedee
|-damage|p2a: Indeedee|0 fnt
|faint|p2a: Indeedee
|
|upkeep
|
|t:|1769337013
|switch|p2a: Polteageist|Polteageist|100/100
|turn|3
|
|t:|1769337019
|move|p1a: Minior|Acrobatics|p2a: Polteageist
|-enditem|p2a: Polteageist|Focus Sash
|-damage|p2a: Polteageist|1/100
|-ability|p2a: Polteageist|Weak Armor|boost
|-unboost|p2a: Polteageist|def|1
|-boost|p2a: Polteageist|spe|2
|move|p2a: Polteageist|Shell Smash|p2a: Polteageist
|-unboost|p2a: Polteageist|def|1
|-unboost|p2a: Polteageist|spd|1
|-boost|p2a: Polteageist|atk|2
|-boost|p2a: Polteageist|spa|2
|-boost|p2a: Polteageist|spe|2
|
|upkeep
|turn|4
|
|t:|1769337033
|move|p2a: Polteageist|Stored Power|p1a: Minior
|-damage|p1a: Minior|0 fnt
|faint|p1a: Minior
|
|upkeep
|
|t:|1769337039
|switch|p1a: Venonat|Venonat, F, shiny|100/100
|turn|5
|
|t:|1769337045
|move|p2a: Polteageist|Shadow Ball|p1a: Venonat
|-damage|p1a: Venonat|43/100
|move|p1a: Venonat|Toxic Spikes|p2a: Polteageist
|-sidestart|p2: mei12|move: Toxic Spikes
|
|upkeep
|turn|6
|
|t:|1769337053
|move|p2a: Polteageist|Shadow Ball|p1a: Venonat
|-damage|p1a: Venonat|0 fnt
|faint|p1a: Venonat
|
|upkeep
|
|t:|1769337058
|switch|p1a: Mimikyu|Mimikyu, M, shiny|100/100
|turn|7
|
|t:|1769337062
|move|p1a: Mimikyu|Shadow Sneak|p2a: Polteageist
|-activate|p2a: Polteageist|move: Psychic Terrain
|move|p2a: Polteageist|Shadow Ball|p1a: Mimikyu
|-activate|p1a: Mimikyu|ability: Disguise
|-damage|p1a: Mimikyu|100/100
|detailschange|p1a: Mimikyu|Mimikyu-Busted, M, shiny
|-damage|p1a: Mimikyu|88/100|[from] pokemon: Mimikyu-Busted
|-enditem|p1a: Mimikyu|Red Card|[of] p2a: Polteageist
|drag|p2a: Armarouge|Armarouge, F, shiny|100/100
|-status|p2a: Armarouge|psn
|
|-damage|p2a: Armarouge|88/100 psn|[from] psn
|upkeep
|turn|8
|
|t:|1769337082
|move|p1a: Mimikyu|Swords Dance|p1a: Mimikyu
|-boost|p1a: Mimikyu|atk|2
|move|p2a: Armarouge|Destiny Bond|p2a: Armarouge
|-singlemove|p2a: Armarouge|Destiny Bond
|
|-damage|p2a: Armarouge|76/100 psn|[from] psn
|-fieldend|move: Psychic Terrain
|upkeep
|turn|9
|
|t:|1769337092
|move|p1a: Mimikyu|Shadow Sneak|p2a: Armarouge
|-supereffective|p2a: Armarouge
|-damage|p2a: Armarouge|2/100 psn
|-ability|p2a: Armarouge|Weak Armor|boost
|-unboost|p2a: Armarouge|def|1
|-boost|p2a: Armarouge|spe|2
|move|p2a: Armarouge|Armor Cannon|p1a: Mimikyu
|-damage|p1a: Mimikyu|3/100
|-unboost|p2a: Armarouge|def|1
|-unboost|p2a: Armarouge|spd|1
|
|-damage|p2a: Armarouge|0 fnt|[from] psn
|faint|p2a: Armarouge
|upkeep
|
|t:|1769337100
|switch|p2a: Hawlucha|Hawlucha, F|100/100
|turn|10
|
|t:|1769337107
|move|p1a: Mimikyu|Play Rough|p2a: Hawlucha
|-supereffective|p2a: Hawlucha
|-damage|p2a: Hawlucha|0 fnt
|faint|p2a: Hawlucha
|
|upkeep
|
|t:|1769337112
|switch|p2a: Hatterene|Hatterene, F, shiny|100/100
|-status|p2a: Hatterene|psn
|turn|11
|
|t:|1769337117
|move|p1a: Mimikyu|Shadow Sneak|p2a: Hatterene
|-supereffective|p2a: Hatterene
|-damage|p2a: Hatterene|47/100 psn
|move|p2a: Hatterene|Healing Wish|p2a: Hatterene
|faint|p2a: Hatterene
|
|upkeep
|
|t:|1769337123
|switch|p2a: Polteageist|Polteageist|1/100
|-heal|p2a: Polteageist|100/100|[from] move: Healing Wish
|-status|p2a: Polteageist|psn
|turn|12
|
|t:|1769337129
|move|p1a: Mimikyu|Shadow Sneak|p2a: Polteageist
|-supereffective|p2a: Polteageist
|-damage|p2a: Polteageist|0 fnt
|faint|p2a: Polteageist
|
|upkeep
|-message|mei12 forfeited.
|
|win|ji4st9r
|raw|ji4st9r's rating: 1059 &rarr; <strong>1092</strong><br />(+33 for winning)
|raw|mei12's rating: 1078 &rarr; <strong>1055</strong><br />(-23 for losing)
|c|☆ji4st9r|Hehe
|l|☆mei12
|player|p2|
|l|☆ji4st9r
|player|p1|
