|badge|p1|silver|gen9uu|30-8
|uhtml|medal-msg|<div class="broadcast-blue">Curious what those medals under the avatar are? PS now has Ladder Seasons! For more information, check out the <a href="https://www.smogon.com/forums/threads/3740067/">thread on Smogon.</a></div>
|j|☆CDCS5 Qin
|j|☆sutetchi
|t:|1769314220
|gametype|singles
|player|p1|CDCS5 Qin|winona|1038
|player|p2|sutetchi|red|1064
|gen|9
|tier|[Gen 9] OU
|rated|
|rule|HP Percentage Mod: HP is shown in percentages
|rule|Endless Battle Clause: Forcing endless battles is banned
|rule|Species Clause: Limit one of each Pokémon
|rule|OHKO Clause: OHKO moves are banned
|rule|Evasion Items Clause: Evasion items are banned
|rule|Evasion Moves Clause: Evasion moves are banned
|rule|Evasion Abilities Clause: Evasion abilities are banned
|rule|Sleep Moves Clause: Sleep-inducing moves are banned
|clearpoke
|poke|p1|Ogerpon, F|
|poke|p1|Darkrai|
|poke|p1|Great Tusk|
|poke|p1|Blaziken, F|
|poke|p1|Pecharunt|
|poke|p1|Gliscor, F|
|poke|p2|Dondozo, M|
|poke|p2|Ogerpon-Wellspring, F|
|poke|p2|Corviknight, M|
|poke|p2|Eiscue, F|
|poke|p2|Gliscor, M|
|poke|p2|Toxapex, F|
|teampreview
|inactive|Battle timer is ON: inactive players will automatically lose when time's up. (requested by CDCS5 Qin)
|
|t:|1769314239
|teamsize|p1|6
|teamsize|p2|6
|start
|switch|p1a: Darkrai|Darkrai|100/100
|switch|p2a: Eiscue|Eiscue, F|100/100
|turn|1
|
|t:|1769314247
|move|p1a: Darkrai|Will-O-Wisp|p2a: Eiscue
|-status|p2a: Eiscue|brn
|move|p2a: Eiscue|Belly Drum|p2a: Eiscue
|-damage|p2a: Eiscue|51/100 brn
|-setboost|p2a: Eiscue|atk|6|[from] move: Belly Drum
|
|-damage|p2a: Eiscue|44/100 brn|[from] brn
|upkeep
|turn|2
|
|t:|1769314261
|move|p1a: Darkrai|Dark Pulse|p2a: Eiscue
|-damage|p2a: Eiscue|0 fnt
|faint|p2a: Eiscue
|
|upkeep
|
|t:|1769314268
|switch|p2a: Corviknight|Corviknight, M|100/100
|-ability|p2a: Corviknight|Pressure
|turn|3
|
|t:|1769314273
|move|p1a: Darkrai|Will-O-Wisp|p2a: Corviknight
|-status|p2a: Corviknight|brn
|move|p2a: Corviknight|Body Press|p1a: Darkrai
|-supereffective|p1a: Darkrai
|-damage|p1a: Darkrai|64/100
|
|-damage|p2a: Corviknight|94/100 brn|[from] brn
|upkeep
|turn|4
|
|t:|1769314283
|switch|p1a: Blaziken|Blaziken, F|100/100
|move|p2a: Corviknight|Iron Defense|p2a: Corviknight
|-boost|p2a: Corviknight|def|2
|
|-heal|p2a: Corviknight|100/100 brn|[from] item: Leftovers
|-damage|p2a: Corviknight|94/100 brn|[from] brn
|upkeep
|turn|5
|
|t:|1769314292
|switch|p2a: Dondozo|Dondozo, M|100/100
|move|p1a: Blaziken|Focus Energy|p1a: Blaziken
|-start|p1a: Blaziken|move: Focus Energy
|
|-ability|p1a: Blaziken|Speed Boost|boost
|-boost|p1a: Blaziken|spe|1
|upkeep
|turn|6
|
|t:|1769314303
|move|p1a: Blaziken|Focus Blast|p2a: Dondozo|[miss]
|-miss|p1a: Blaziken|p2a: Dondozo
|move|p2a: Dondozo|Body Press|p1a: Blaziken
|-damage|p1a: Blaziken|60/100
|
|-ability|p1a: Blaziken|Speed Boost|boost
|-boost|p1a: Blaziken|spe|1
|upkeep
|turn|7
|
|t:|1769314312
|move|p1a: Blaziken|Focus Blast|p2a: Dondozo
|-crit|p2a: Dondozo
|-damage|p2a: Dondozo|13/100
|move|p2a: Dondozo|Body Press|p1a: Blaziken
|-damage|p1a: Blaziken|15/100
|
|-heal|p2a: Dondozo|20/100|[from] item: Leftovers
|-ability|p1a: Blaziken|Speed Boost|boost
|-boost|p1a: Blaziken|spe|1
|upkeep
|turn|8
|
|t:|1769314325
|move|p1a: Blaziken|Overheat|p2a: Dondozo
|-resisted|p2a: Dondozo
|-crit|p2a: Dondozo
|-damage|p2a: Dondozo|0 fnt
|-unboost|p1a: Blaziken|spa|2
|faint|p2a: Dondozo
|
|-ability|p1a: Blaziken|Speed Boost|boost
|-boost|p1a: Blaziken|spe|1
|upkeep
|
|t:|1769314333
|switch|p2a: Ogerpon|Ogerpon-Wellspring, F|100/100
|turn|9
|
|t:|1769314340
|move|p1a: Blaziken|Overheat|p2a: Ogerpon
|-crit|p2a: Ogerpon
|-damage|p2a: Ogerpon|0 fnt
|-unboost|p1a: Blaziken|spa|2
|faint|p2a: Ogerpon
|
|-ability|p1a: Blaziken|Speed Boost|boost
|-boost|p1a: Blaziken|spe|1
|upkeep
|-message|sutetchi forfeited.
|
|win|CDCS5 Qin
|raw|CDCS5 Qin's rating: 1038 &rarr; <strong>1075</strong><br />(+37 for winning)
|raw|sutetchi's rating: 1064 &rarr; <strong>1043</strong><br />(-21 for losing)
