|j|☆Fox_PKMN
|j|☆timmytohns
|t:|1769419434
|gametype|singles
|player|p1|Fox_PKMN|burgh|1256
|player|p2|timmytohns|101|1303
|gen|9
|tier|[Gen 9] OU
|rated|
|rule|HP Percentage Mod: HP is shown in percentages
|rule|Endless Battle Clause: Forcing endless battles is banned
|rule|Species Clause: Limit one of each Pokémon
|rule|OHKO Clause: OHKO moves are banned
|rule|Evasion Items Clause: Evasion items are banned
|rule|Evasion Moves Clause: Evasion moves are banned
|rule|Evasion Abilities Clause: Evasion abilities are banned
|rule|Sleep Moves Clause: Sleep-inducing moves are banned
|clearpoke
|poke|p1|Dragapult, F|
|poke|p1|Porygon-Z|
|poke|p1|Cinderace, M|
|poke|p1|Iron Treads|
|poke|p1|Iron Valiant|
|poke|p1|Lokix, F|
|poke|p2|Ogerpon-Wellspring, F|
|poke|p2|Dragonite, M|
|poke|p2|Glimmora, F|
|poke|p2|Gholdengo|
|poke|p2|Samurott-Hisui, M|
|poke|p2|Zamazenta-*|
|teampreview
|
|t:|1769419440
|teamsize|p1|6
|teamsize|p2|6
|start
|switch|p1a: Iron Treads|Iron Treads|100/100
|switch|p2a: Glimmora|Glimmora, F|100/100
|-enditem|p1a: Iron Treads|Booster Energy
|-activate|p1a: Iron Treads|ability: Quark Drive|[fromitem]
|-start|p1a: Iron Treads|quarkdrivespe
|turn|1
|
|t:|1769419451
|move|p1a: Iron Treads|Earthquake|p2a: Glimmora
|-supereffective|p2a: Glimmora
|-enditem|p2a: Glimmora|Focus Sash
|-damage|p2a: Glimmora|1/100
|-activate|p2a: Glimmora|ability: Toxic Debris
|-sidestart|p1: Fox_PKMN|move: Toxic Spikes
|move|p2a: Glimmora|Stealth Rock|p1a: Iron Treads
|-sidestart|p1: Fox_PKMN|move: Stealth Rock
|
|upkeep
|turn|2
|
|t:|1769419457
|move|p1a: Iron Treads|Rapid Spin|p2a: Glimmora
|-resisted|p2a: Glimmora
|-damage|p2a: Glimmora|0 fnt
|-boost|p1a: Iron Treads|spe|1
|-activate|p2a: Glimmora|ability: Toxic Debris
|-sidestart|p1: Fox_PKMN|move: Toxic Spikes
|-sideend|p1: Fox_PKMN|Toxic Spikes|[from] move: Rapid Spin|[of] p1a: Iron Treads
|-sideend|p1: Fox_PKMN|Stealth Rock|[from] move: Rapid Spin|[of] p1a: Iron Treads
|faint|p2a: Glimmora
|
|upkeep
|
|t:|1769419466
|switch|p2a: Samurott|Samurott-Hisui, M|100/100
|turn|3
|
|t:|1769419470
|move|p1a: Iron Treads|Stealth Rock|p2a: Samurott
|-sidestart|p2: timmytohns|move: Stealth Rock
|move|p2a: Samurott|Aqua Cutter|p1a: Iron Treads
|-supereffective|p1a: Iron Treads
|-damage|p1a: Iron Treads|20/100
|
|upkeep
|turn|4
|
|t:|1769419475
|move|p1a: Iron Treads|Volt Switch|p2a: Samurott
|-supereffective|p2a: Samurott
|-damage|p2a: Samurott|66/100
|
|t:|1769419483
|-end|p1a: Iron Treads|Quark Drive|[silent]
|switch|p1a: Stealth bomber|Dragapult, F|100/100|[from] Volt Switch
|move|p2a: Samurott|Ceaseless Edge|p1a: Stealth bomber
|-supereffective|p1a: Stealth bomber
|-damage|p1a: Stealth bomber|0 fnt
|-sidestart|p1: Fox_PKMN|Spikes
|faint|p1a: Stealth bomber
|
|upkeep
|
|t:|1769419489
|switch|p1a: Lokix|Lokix, F|100/100
|-damage|p1a: Lokix|88/100|[from] Spikes
|turn|5
|
|t:|1769419493
|move|p2a: Samurott|Ceaseless Edge|p1a: Lokix
|-resisted|p1a: Lokix
|-damage|p1a: Lokix|56/100
|-sidestart|p1: Fox_PKMN|Spikes
|move|p1a: Lokix|U-turn|p2a: Samurott
|-supereffective|p2a: Samurott
|-damage|p2a: Samurott|0 fnt
|faint|p2a: Samurott
|
|t:|1769419504
|switch|p1a: Zinedine Zidane|Cinderace, M|100/100|[from] U-turn
|
|upkeep
|
|t:|1769419544
|switch|p2a: Zamazenta|Zamazenta|100/100
|-damage|p2a: Zamazenta|94/100|[from] Stealth Rock
|-ability|p2a: Zamazenta|Dauntless Shield|boost
|-boost|p2a: Zamazenta|def|1
|turn|6
|
|t:|1769419584
|move|p2a: Zamazenta|Iron Defense|p2a: Zamazenta
|-boost|p2a: Zamazenta|def|2
|move|p1a: Zinedine Zidane|Pyro Ball|p2a: Zamazenta
|-damage|p2a: Zamazenta|77/100
|
|-heal|p2a: Zamazenta|83/100|[from] item: Leftovers
|upkeep
|turn|7
|
|t:|1769419600
|move|p2a: Zamazenta|Body Press|p1a: Zinedine Zidane
|-damage|p1a: Zinedine Zidane|0 fnt
|faint|p1a: Zinedine Zidane
|
|-heal|p2a: Zamazenta|90/100|[from] item: Leftovers
|upkeep
|
|t:|1769419603
|switch|p1a: The flash|Iron Valiant|100/100
|-damage|p1a: The flash|84/100|[from] Spikes
|-enditem|p1a: The flash|Booster Energy
|-activate|p1a: The flash|ability: Quark Drive|[fromitem]
|-start|p1a: The flash|quarkdrivespe
|turn|8
|
|t:|1769419610
|move|p1a: The flash|Moonblast|p2a: Zamazenta
|-supereffective|p2a: Zamazenta
|-damage|p2a: Zamazenta|22/100
|move|p2a: Zamazenta|Roar|p1a: The flash
|-end|p1a: The flash|Quark Drive|[silent]
|drag|p1a: Lokix|Lokix, F|56/100
|-damage|p1a: Lokix|39/100|[from] Spikes
|
|-heal|p2a: Zamazenta|28/100|[from] item: Leftovers
|upkeep
|turn|9
|
|t:|1769419619
|move|p1a: Lokix|First Impression|p2a: Zamazenta
|-resisted|p2a: Zamazenta
|-crit|p2a: Zamazenta
|-damage|p2a: Zamazenta|0 fnt
|faint|p2a: Zamazenta
|
|upkeep
|
|t:|1769419640
|switch|p2a: Dragonite|Dragonite, M|100/100
|turn|10
|
|t:|1769419650
|switch|p1a: The flash|Iron Valiant|84/100
|-damage|p1a: The flash|67/100|[from] Spikes
|move|p2a: Dragonite|Dragon Dance|p2a: Dragonite
|-boost|p2a: Dragonite|atk|1
|-boost|p2a: Dragonite|spe|1
|
|upkeep
|turn|11
|
|t:|1769419657
|-terastallize|p2a: Dragonite|Flying
|move|p2a: Dragonite|Tera Blast|p1a: The flash|[anim] Tera Blast Flying
|-supereffective|p1a: The flash
|-damage|p1a: The flash|0 fnt
|faint|p1a: The flash
|-end|p1a: The flash|Quark Drive|[silent]
|
|upkeep
|
|t:|1769419665
|switch|p1a: Porygon-Z|Porygon-Z|100/100
|-damage|p1a: Porygon-Z|84/100|[from] Spikes
|-ability|p1a: Porygon-Z|Download|boost
|-boost|p1a: Porygon-Z|atk|1
|turn|12
|
|t:|1769419670
|move|p2a: Dragonite|Tera Blast|p1a: Porygon-Z|[anim] Tera Blast Flying
|-damage|p1a: Porygon-Z|0 fnt
|faint|p1a: Porygon-Z
|
|upkeep
|-message|Fox_PKMN forfeited.
|
|win|timmytohns
|raw|Fox_PKMN's rating: 1256 &rarr; <strong>1234</strong><br />(-22 for losing)
|raw|timmytohns's rating: 1303 &rarr; <strong>1320</strong><br />(+17 for winning)
|l|☆Fox_PKMN
|player|p1|
|c|☆timmytohns|gg
|l|☆timmytohns
|player|p2|
