|j|☆ign27
|j|‽OehtWasHere
|t:|1769366836
|gametype|singles
|player|p1|ign27|palmer|1731
|player|p2|OehtWasHere|ryuki|1702
|gen|9
|tier|[Gen 9] OU
|rated|
|rule|HP Percentage Mod: HP is shown in percentages
|rule|Endless Battle Clause: Forcing endless battles is banned
|rule|Species Clause: Limit one of each Pokémon
|rule|OHKO Clause: OHKO moves are banned
|rule|Evasion Items Clause: Evasion items are banned
|rule|Evasion Moves Clause: Evasion moves are banned
|rule|Evasion Abilities Clause: Evasion abilities are banned
|rule|Sleep Moves Clause: Sleep-inducing moves are banned
|clearpoke
|poke|p1|Dragonite, F|
|poke|p1|Heatran, M|
|poke|p1|Pecharunt|
|poke|p1|Ting-Lu|
|poke|p1|Zamazenta-*|
|poke|p1|Ogerpon-Wellspring, F|
|poke|p2|Dragonite, M|
|poke|p2|Ninetales-Alola, F|
|poke|p2|Ceruledge, M|
|poke|p2|Hatterene, F|
|poke|p2|Darkrai|
|poke|p2|Kingambit, F|
|teampreview
|inactive|Battle timer is ON: inactive players will automatically lose when time's up. (requested by OehtWasHere)
|inactive|ign27 also wants the timer to be on.
|
|t:|1769366866
|teamsize|p1|6
|teamsize|p2|6
|start
|switch|p1a: Zamazenta|Zamazenta|100/100
|switch|p2a: Ninetales|Ninetales-Alola, F|100/100
|-ability|p1a: Zamazenta|Dauntless Shield|boost
|-boost|p1a: Zamazenta|def|1
|-weather|Snowscape|[from] ability: Snow Warning|[of] p2a: Ninetales
|turn|1
|
|t:|1769366876
|switch|p2a: Dragonite|Dragonite, M|100/100
|move|p1a: Zamazenta|Heavy Slam|p2a: Dragonite
|-damage|p2a: Dragonite|93/100
|
|-weather|Snowscape|[upkeep]
|-heal|p2a: Dragonite|99/100|[from] item: Leftovers
|upkeep
|turn|2
|
|t:|1769366884
|switch|p1a: Pecharunt|Pecharunt|100/100
|switch|p2a: Ninetales|Ninetales-Alola, F|100/100
|
|-weather|Snowscape|[upkeep]
|upkeep
|turn|3
|
|t:|1769366890
|move|p2a: Ninetales|Aurora Veil|p2a: Ninetales
|-sidestart|p2: OehtWasHere|move: Aurora Veil
|move|p1a: Pecharunt|Malignant Chain|p2a: Ninetales
|-supereffective|p2a: Ninetales
|-damage|p2a: Ninetales|69/100
|
|-weather|Snowscape|[upkeep]
|upkeep
|turn|4
|
|t:|1769366899
|switch|p2a: Kingambit|Kingambit, F|100/100
|switch|p1a: Heatran|Heatran, M, shiny|100/100
|
|-weather|Snowscape|[upkeep]
|upkeep
|turn|5
|
|t:|1769366904
|-end|p2a: Kingambit|fallenundefined|[silent]
|switch|p2a: Ceruledge|Ceruledge, M|100/100
|move|p1a: Heatran|Magma Storm|p2a: Ceruledge
|-resisted|p2a: Ceruledge
|-damage|p2a: Ceruledge|88/100
|-activate|p2a: Ceruledge|move: Magma Storm|[of] p1a: Heatran
|
|-weather|none
|-damage|p2a: Ceruledge|75/100|[from] move: Magma Storm|[partiallytrapped]
|upkeep
|turn|6
|
|t:|1769366911
|move|p2a: Ceruledge|Swords Dance|p2a: Ceruledge
|-boost|p2a: Ceruledge|atk|2
|move|p1a: Heatran|Stealth Rock|p2a: Ceruledge
|-sidestart|p2: OehtWasHere|move: Stealth Rock
|
|-damage|p2a: Ceruledge|63/100|[from] move: Magma Storm|[partiallytrapped]
|upkeep
|turn|7
|j| Monkey bidniss
|
|t:|1769366919
|move|p2a: Ceruledge|Poltergeist|p1a: Heatran
|-activate|p1a: Heatran|move: Poltergeist|Leftovers
|-damage|p1a: Heatran|0 fnt
|faint|p1a: Heatran
|-damage|p2a: Ceruledge|53/100|[from] item: Life Orb
|
|-end|p2a: Ceruledge|Magma Storm|[partiallytrapped]|[silent]
|upkeep
|
|t:|1769366927
|switch|p1a: Zamazenta|Zamazenta|100/100
|turn|8
|
|t:|1769366929
|move|p1a: Zamazenta|Stone Edge|p2a: Ceruledge
|-supereffective|p2a: Ceruledge
|-damage|p2a: Ceruledge|6/100
|-ability|p2a: Ceruledge|Weak Armor|boost
|-unboost|p2a: Ceruledge|def|1
|-boost|p2a: Ceruledge|spe|2
|move|p2a: Ceruledge|Bitter Blade|p1a: Zamazenta
|-damage|p1a: Zamazenta|2/100
|-heal|p2a: Ceruledge|64/100|[from] drain|[of] p1a: Zamazenta
|-damage|p2a: Ceruledge|54/100|[from] item: Life Orb
|
|upkeep
|turn|9
|
|t:|1769366941
|move|p2a: Ceruledge|Bitter Blade|p1a: Zamazenta
|-damage|p1a: Zamazenta|0 fnt
|-heal|p2a: Ceruledge|55/100|[from] drain|[of] p1a: Zamazenta
|faint|p1a: Zamazenta
|-damage|p2a: Ceruledge|45/100|[from] item: Life Orb
|
|upkeep
|
|t:|1769366947
|switch|p1a: Ting-Lu|Ting-Lu|100/100
|-ability|p1a: Ting-Lu|Vessel of Ruin
|turn|10
|
|t:|1769366964
|-terastallize|p2a: Ceruledge|Ghost
|move|p2a: Ceruledge|Bitter Blade|p1a: Ting-Lu
|-damage|p1a: Ting-Lu|32/100
|-heal|p2a: Ceruledge|100/100|[from] drain|[of] p1a: Ting-Lu
|-damage|p2a: Ceruledge|91/100|[from] item: Life Orb
|move|p1a: Ting-Lu|Whirlwind|p2a: Ceruledge
|drag|p2a: Darkrai|Darkrai|100/100
|-damage|p2a: Darkrai|88/100|[from] Stealth Rock
|
|-heal|p1a: Ting-Lu|38/100|[from] item: Leftovers
|-sideend|p2: OehtWasHere|move: Aurora Veil
|upkeep
|turn|11
|
|t:|1769366976
|move|p2a: Darkrai|Taunt|p1a: Ting-Lu
|-start|p1a: Ting-Lu|move: Taunt
|move|p1a: Ting-Lu|Earthquake|p2a: Darkrai
|-damage|p2a: Darkrai|38/100
|
|-heal|p1a: Ting-Lu|44/100|[from] item: Leftovers
|upkeep
|turn|12
|
|t:|1769366985
|switch|p2a: Hatterene|Hatterene, F|100/100
|-damage|p2a: Hatterene|88/100|[from] Stealth Rock
|move|p1a: Ting-Lu|Earthquake|p2a: Hatterene
|-damage|p2a: Hatterene|58/100
|
|-heal|p1a: Ting-Lu|51/100|[from] item: Leftovers
|-heal|p2a: Hatterene|64/100|[from] item: Leftovers
|upkeep
|turn|13
|
|t:|1769366994
|move|p1a: Ting-Lu|Ruination|p2a: Hatterene
|-damage|p2a: Hatterene|32/100
|move|p2a: Hatterene|Calm Mind|p2a: Hatterene
|-boost|p2a: Hatterene|spa|1
|-boost|p2a: Hatterene|spd|1
|
|-heal|p1a: Ting-Lu|57/100|[from] item: Leftovers
|-heal|p2a: Hatterene|38/100|[from] item: Leftovers
|-end|p1a: Ting-Lu|move: Taunt
|upkeep
|turn|14
|
|t:|1769367004
|switch|p1a: Pecharunt|Pecharunt|100/100
|move|p2a: Hatterene|Draining Kiss|p1a: Pecharunt
|-resisted|p1a: Pecharunt
|-damage|p1a: Pecharunt|84/100
|-heal|p2a: Hatterene|53/100|[from] drain|[of] p1a: Pecharunt
|
|-heal|p2a: Hatterene|59/100|[from] item: Leftovers
|upkeep
|turn|15
|
|t:|1769367012
|move|p1a: Pecharunt|Malignant Chain|p2a: Hatterene
|-supereffective|p2a: Hatterene
|-damage|p2a: Hatterene|16/100
|-status|p2a: Hatterene|tox
|-start|p2a: Hatterene|confusion|[from] ability: Poison Puppeteer|[of] p1a: Pecharunt
|-activate|p2a: Hatterene|confusion
|move|p2a: Hatterene|Psychic Noise|p1a: Pecharunt
|-supereffective|p1a: Pecharunt
|-damage|p1a: Pecharunt|0 fnt
|faint|p1a: Pecharunt
|
|-heal|p2a: Hatterene|22/100 tox|[from] item: Leftovers
|-damage|p2a: Hatterene|16/100 tox|[from] psn
|upkeep
|
|t:|1769367025
|switch|p1a: Dragonite|Dragonite, F|100/100
|turn|16
|
|t:|1769367031
|-terastallize|p1a: Dragonite|Flying
|move|p1a: Dragonite|Dragon Dance|p1a: Dragonite
|-boost|p1a: Dragonite|atk|1
|-boost|p1a: Dragonite|spe|1
|-activate|p2a: Hatterene|confusion
|move|p2a: Hatterene|Draining Kiss|p1a: Dragonite
|-damage|p1a: Dragonite|82/100
|-heal|p2a: Hatterene|30/100 tox|[from] drain|[of] p1a: Dragonite
|
|-heal|p2a: Hatterene|36/100 tox|[from] item: Leftovers
|-damage|p2a: Hatterene|24/100 tox|[from] psn
|upkeep
|turn|17
|
|t:|1769367045
|move|p1a: Dragonite|Tera Blast|p2a: Hatterene|[anim] Tera Blast Flying
|-damage|p2a: Hatterene|0 fnt
|faint|p2a: Hatterene
|
|upkeep
|
|t:|1769367048
|switch|p2a: Kingambit|Kingambit, F|100/100
|-damage|p2a: Kingambit|94/100|[from] Stealth Rock
|-activate|p2a: Kingambit|ability: Supreme Overlord
|-start|p2a: Kingambit|fallen1|[silent]
|turn|18
|j| shedtailhater
|
|t:|1769367053
|move|p1a: Dragonite|Earthquake|p2a: Kingambit
|-supereffective|p2a: Kingambit
|-damage|p2a: Kingambit|0 fnt
|faint|p2a: Kingambit
|-end|p2a: Kingambit|fallen1|[silent]
|
|upkeep
|
|t:|1769367061
|switch|p2a: Ceruledge|Ceruledge, M, tera:Ghost|91/100
|-damage|p2a: Ceruledge|78/100|[from] Stealth Rock
|turn|19
|
|t:|1769367065
|move|p2a: Ceruledge|Shadow Sneak|p1a: Dragonite
|-damage|p1a: Dragonite|46/100
|-damage|p2a: Ceruledge|68/100|[from] item: Life Orb
|move|p1a: Dragonite|Tera Blast|p2a: Ceruledge|[anim] Tera Blast Flying
|-damage|p2a: Ceruledge|0 fnt
|faint|p2a: Ceruledge
|
|upkeep
|
|t:|1769367068
|switch|p2a: Dragonite|Dragonite, M|99/100
|-damage|p2a: Dragonite|74/100|[from] Stealth Rock
|turn|20
|
|t:|1769367074
|move|p2a: Dragonite|Extreme Speed|p1a: Dragonite
|-damage|p1a: Dragonite|8/100
|move|p1a: Dragonite|Tera Blast|p2a: Dragonite|[anim] Tera Blast Flying
|-damage|p2a: Dragonite|0 fnt
|faint|p2a: Dragonite
|
|upkeep
|-message|OehtWasHere forfeited.
|
|win|ign27
|raw|ign27's rating: 1731 &rarr; <strong>1749</strong><br />(+18 for winning)
|raw|OehtWasHere's rating: 1702 &rarr; <strong>1684</strong><br />(-18 for losing)
|l|‽OehtWasHere
|player|p2|
|l| shedtailhater
|l|☆ign27
|player|p1|
|l| Monkey bidniss
