|j|☆danelectro
|j|☆garganaclfan1738
|t:|1769323831
|gametype|singles
|player|p1|danelectro|pokemaniac|1468
|player|p2|garganaclfan1738|roxie|1400
|gen|9
|tier|[Gen 9] OU
|rated|
|rule|HP Percentage Mod: HP is shown in percentages
|rule|Endless Battle Clause: Forcing endless battles is banned
|rule|Species Clause: Limit one of each Pokémon
|rule|OHKO Clause: OHKO moves are banned
|rule|Evasion Items Clause: Evasion items are banned
|rule|Evasion Moves Clause: Evasion moves are banned
|rule|Evasion Abilities Clause: Evasion abilities are banned
|rule|Sleep Moves Clause: Sleep-inducing moves are banned
|clearpoke
|poke|p1|Sandslash, M|
|poke|p1|Abomasnow, F|
|poke|p1|Mesprit|
|poke|p1|Dachsbun, F|
|poke|p1|Snorlax, F|
|poke|p1|Glaceon, M|
|poke|p2|Sinistcha|
|poke|p2|Tyranitar, F|
|poke|p2|Excadrill, F|
|poke|p2|Tinkaton, F|
|poke|p2|Skarmory, M|
|poke|p2|Keldeo-Resolute|
|teampreview
|
|t:|1769323840
|teamsize|p1|6
|teamsize|p2|6
|start
|switch|p1a: Mesprit|Mesprit|100/100
|switch|p2a: Keldeo|Keldeo-Resolute|100/100
|turn|1
|
|t:|1769323857
|move|p2a: Keldeo|Flip Turn|p1a: Mesprit
|-damage|p1a: Mesprit|90/100
|-damage|p2a: Keldeo|84/100|[from] item: Rocky Helmet|[of] p1a: Mesprit
|
|t:|1769323865
|switch|p2a: Tinkaton|Tinkaton, F|100/100|[from] Flip Turn
|-item|p2a: Tinkaton|Air Balloon
|move|p1a: Mesprit|Thunder Wave|p2a: Tinkaton|[miss]
|-miss|p1a: Mesprit|p2a: Tinkaton
|
|upkeep
|turn|2
|
|t:|1769323869
|move|p2a: Tinkaton|Stealth Rock|p1a: Mesprit
|-sidestart|p1: danelectro|move: Stealth Rock
|move|p1a: Mesprit|Thunder Wave|p2a: Tinkaton
|-status|p2a: Tinkaton|par
|
|upkeep
|turn|3
|
|t:|1769323875
|move|p1a: Mesprit|Psychic Noise|p2a: Tinkaton
|-resisted|p2a: Tinkaton
|-damage|p2a: Tinkaton|89/100 par
|-start|p2a: Tinkaton|move: Heal Block
|-enditem|p2a: Tinkaton|Air Balloon
|move|p2a: Tinkaton|Encore|p1a: Mesprit
|-start|p1a: Mesprit|Encore
|
|upkeep
|turn|4
|inactive|Battle timer is ON: inactive players will automatically lose when time's up. (requested by danelectro)
|
|t:|1769323888
|switch|p1a: Sandslash|Sandslash, M|100/100
|switch|p2a: Tyranitar|Tyranitar, F|100/100
|-weather|Sandstorm|[from] ability: Sand Stream|[of] p2a: Tyranitar
|
|-weather|Sandstorm|[upkeep]
|upkeep
|turn|5
|
|t:|1769323898
|switch|p2a: Sinistcha|Sinistcha|100/100
|move|p1a: Sandslash|Spikes|p2a: Sinistcha
|-sidestart|p2: garganaclfan1738|Spikes
|
|-weather|Sandstorm|[upkeep]
|-damage|p2a: Sinistcha|94/100|[from] Sandstorm
|upkeep
|turn|6
|
|t:|1769323904
|switch|p1a: Abomasnow|Abomasnow, F|100/100
|-weather|Snowscape|[from] ability: Snow Warning|[of] p1a: Abomasnow
|move|p2a: Sinistcha|Matcha Gotcha|p1a: Abomasnow
|-resisted|p1a: Abomasnow
|-damage|p1a: Abomasnow|89/100
|-heal|p2a: Sinistcha|100/100|[from] drain|[of] p1a: Abomasnow
|-status|p1a: Abomasnow|brn
|
|-weather|Snowscape|[upkeep]
|-damage|p1a: Abomasnow|83/100 brn|[from] brn
|upkeep
|turn|7
|
|t:|1769323909
|switch|p2a: Tyranitar|Tyranitar, F|100/100
|-damage|p2a: Tyranitar|88/100|[from] Spikes
|-weather|Sandstorm|[from] ability: Sand Stream|[of] p2a: Tyranitar
|move|p1a: Abomasnow|Leech Seed|p2a: Tyranitar
|-start|p2a: Tyranitar|move: Leech Seed
|
|-weather|Sandstorm|[upkeep]
|-damage|p1a: Abomasnow|77/100 brn|[from] Sandstorm
|-damage|p2a: Tyranitar|76/100|[from] Leech Seed|[of] p1a: Abomasnow
|-heal|p1a: Abomasnow|88/100 brn|[silent]
|-damage|p1a: Abomasnow|81/100 brn|[from] brn
|upkeep
|turn|8
|
|t:|1769323917
|switch|p1a: Dachsbun|Dachsbun, F|100/100
|-damage|p1a: Dachsbun|88/100|[from] Stealth Rock
|move|p2a: Tyranitar|Stone Edge|p1a: Dachsbun
|-damage|p1a: Dachsbun|21/100
|
|-weather|Sandstorm|[upkeep]
|-damage|p1a: Dachsbun|15/100|[from] Sandstorm
|-damage|p2a: Tyranitar|64/100|[from] Leech Seed|[of] p1a: Dachsbun
|-heal|p1a: Dachsbun|28/100|[silent]
|upkeep
|turn|9
|
|t:|1769323928
|switch|p2a: Skarmory|Skarmory, M|100/100
|move|p1a: Dachsbun|Protect||[still]
|-fail|p1a: Dachsbun
|
|-weather|Sandstorm|[upkeep]
|-damage|p1a: Dachsbun|23/100|[from] Sandstorm
|upkeep
|turn|10
|
|t:|1769323932
|move|p1a: Dachsbun|Wish|p1a: Dachsbun
|move|p2a: Skarmory|Spikes|p1a: Dachsbun
|-sidestart|p1: danelectro|Spikes
|
|-weather|Sandstorm|[upkeep]
|-damage|p1a: Dachsbun|17/100|[from] Sandstorm
|upkeep
|turn|11
|
|t:|1769323937
|move|p1a: Dachsbun|Protect|p1a: Dachsbun
|-singleturn|p1a: Dachsbun|Protect
|move|p2a: Skarmory|Whirlwind|p1a: Dachsbun
|drag|p1a: Snorlax|Snorlax, F|100/100
|-damage|p1a: Snorlax|88/100|[from] Stealth Rock
|-damage|p1a: Snorlax|76/100|[from] Spikes
|
|-weather|none
|-heal|p1a: Snorlax|100/100|[from] move: Wish|[wisher] Dachsbun
|upkeep
|turn|12
|
|t:|1769323945
|move|p2a: Skarmory|Spikes|p1a: Snorlax
|-sidestart|p1: danelectro|Spikes
|move|p1a: Snorlax|Curse|p1a: Snorlax
|-unboost|p1a: Snorlax|spe|1
|-boost|p1a: Snorlax|atk|1
|-boost|p1a: Snorlax|def|1
|
|upkeep
|turn|13
|
|t:|1769323949
|move|p2a: Skarmory|Spikes|p1a: Snorlax
|-sidestart|p1: danelectro|Spikes
|move|p1a: Snorlax|Body Slam|p2a: Skarmory
|-resisted|p2a: Skarmory
|-damage|p2a: Skarmory|86/100
|-damage|p1a: Snorlax|84/100|[from] item: Rocky Helmet|[of] p2a: Skarmory
|
|-heal|p1a: Snorlax|90/100|[from] item: Leftovers
|upkeep
|turn|14
|
|t:|1769323955
|move|p1a: Snorlax|Crunch|p2a: Skarmory
|-damage|p2a: Skarmory|68/100
|-damage|p1a: Snorlax|73/100|[from] item: Rocky Helmet|[of] p2a: Skarmory
|move|p2a: Skarmory|Whirlwind|p1a: Snorlax
|drag|p1a: Glaceon|Glaceon, M|100/100
|-damage|p1a: Glaceon|76/100|[from] Stealth Rock
|-damage|p1a: Glaceon|51/100|[from] Spikes
|
|upkeep
|turn|15
|
|t:|1769323965
|move|p1a: Glaceon|Blizzard|p2a: Skarmory
|-damage|p2a: Skarmory|0 fnt
|faint|p2a: Skarmory
|
|upkeep
|
|t:|1769323975
|switch|p2a: Excadrill|Excadrill, F|100/100
|-item|p2a: Excadrill|Air Balloon
|turn|16
|
|t:|1769323979
|move|p1a: Glaceon|Blizzard|p2a: Excadrill
|-damage|p2a: Excadrill|12/100
|-enditem|p2a: Excadrill|Air Balloon
|move|p2a: Excadrill|Iron Head|p1a: Glaceon
|-supereffective|p1a: Glaceon
|-damage|p1a: Glaceon|0 fnt
|faint|p1a: Glaceon
|
|upkeep
|
|t:|1769323983
|switch|p1a: Sandslash|Sandslash, M|100/100
|turn|17
|
|t:|1769323991
|switch|p2a: Sinistcha|Sinistcha|100/100
|move|p1a: Sandslash|Knock Off|p2a: Sinistcha
|-supereffective|p2a: Sinistcha
|-damage|p2a: Sinistcha|68/100
|-enditem|p2a: Sinistcha|Heavy-Duty Boots|[from] move: Knock Off|[of] p1a: Sandslash
|
|upkeep
|turn|18
|
|t:|1769323996
|switch|p1a: Abomasnow|Abomasnow, F|81/100 brn
|-weather|Snowscape|[from] ability: Snow Warning|[of] p1a: Abomasnow
|move|p2a: Sinistcha|Matcha Gotcha|p1a: Abomasnow
|-resisted|p1a: Abomasnow
|-damage|p1a: Abomasnow|68/100 brn
|-heal|p2a: Sinistcha|76/100|[from] drain|[of] p1a: Abomasnow
|
|-weather|Snowscape|[upkeep]
|-damage|p1a: Abomasnow|62/100 brn|[from] brn
|upkeep
|turn|19
|
|t:|1769324010
|switch|p2a: Tyranitar|Tyranitar, F|64/100
|-damage|p2a: Tyranitar|51/100|[from] Spikes
|-weather|Sandstorm|[from] ability: Sand Stream|[of] p2a: Tyranitar
|move|p1a: Abomasnow|Blizzard|p2a: Tyranitar
|-damage|p2a: Tyranitar|29/100
|
|-weather|Sandstorm|[upkeep]
|-damage|p1a: Abomasnow|56/100 brn|[from] Sandstorm
|-damage|p1a: Abomasnow|49/100 brn|[from] brn
|upkeep
|turn|20
|
|t:|1769324019
|switch|p1a: Sandslash|Sandslash, M|100/100
|move|p2a: Tyranitar|Knock Off|p1a: Sandslash
|-damage|p1a: Sandslash|45/100
|-enditem|p1a: Sandslash|Heavy-Duty Boots|[from] move: Knock Off|[of] p2a: Tyranitar
|
|-weather|Sandstorm|[upkeep]
|upkeep
|turn|21
|
|t:|1769324026
|switch|p2a: Sinistcha|Sinistcha|76/100
|-damage|p2a: Sinistcha|63/100|[from] Spikes
|move|p1a: Sandslash|Knock Off|p2a: Sinistcha
|-supereffective|p2a: Sinistcha
|-damage|p2a: Sinistcha|43/100
|
|-weather|Sandstorm|[upkeep]
|-damage|p2a: Sinistcha|37/100|[from] Sandstorm
|upkeep
|turn|22
|
|t:|1769324031
|move|p1a: Sandslash|Stealth Rock|p2a: Sinistcha
|-sidestart|p2: garganaclfan1738|move: Stealth Rock
|move|p2a: Sinistcha|Strength Sap|p1a: Sandslash
|-unboost|p1a: Sandslash|atk|1
|-heal|p2a: Sinistcha|100/100
|
|-weather|Sandstorm|[upkeep]
|-damage|p2a: Sinistcha|94/100|[from] Sandstorm
|upkeep
|turn|23
|
|t:|1769324036
|switch|p1a: Mesprit|Mesprit|90/100
|-damage|p1a: Mesprit|77/100|[from] Stealth Rock
|move|p2a: Sinistcha|Matcha Gotcha|p1a: Mesprit
|-damage|p1a: Mesprit|47/100
|-heal|p2a: Sinistcha|100/100|[from] drain|[of] p1a: Mesprit
|
|-weather|none
|upkeep
|turn|24
|
|t:|1769324049
|move|p1a: Mesprit|Thunder Wave|p2a: Sinistcha
|-status|p2a: Sinistcha|par
|move|p2a: Sinistcha|Shadow Ball|p1a: Mesprit
|-supereffective|p1a: Mesprit
|-damage|p1a: Mesprit|0 fnt
|faint|p1a: Mesprit
|
|upkeep
|
|t:|1769324062
|switch|p1a: Abomasnow|Abomasnow, F|49/100 brn
|-weather|Snowscape|[from] ability: Snow Warning|[of] p1a: Abomasnow
|turn|25
|
|t:|1769324069
|switch|p2a: Tyranitar|Tyranitar, F|29/100
|-damage|p2a: Tyranitar|17/100|[from] Spikes
|-damage|p2a: Tyranitar|4/100|[from] Stealth Rock
|-weather|Sandstorm|[from] ability: Sand Stream|[of] p2a: Tyranitar
|move|p1a: Abomasnow|Blizzard|p2a: Tyranitar
|-damage|p2a: Tyranitar|0 fnt
|faint|p2a: Tyranitar
|
|-weather|Sandstorm|[upkeep]
|-damage|p1a: Abomasnow|43/100 brn|[from] Sandstorm
|-damage|p1a: Abomasnow|37/100 brn|[from] brn
|upkeep
|
|t:|1769324083
|switch|p2a: Excadrill|Excadrill, F|12/100
|-damage|p2a: Excadrill|0 fnt|[from] Spikes
|faint|p2a: Excadrill
|
|t:|1769324092
|switch|p2a: Keldeo|Keldeo-Resolute|84/100
|-damage|p2a: Keldeo|72/100|[from] Spikes
|-damage|p2a: Keldeo|66/100|[from] Stealth Rock
|turn|26
|
|t:|1769324099
|move|p2a: Keldeo|Secret Sword|p1a: Abomasnow
|-supereffective|p1a: Abomasnow
|-damage|p1a: Abomasnow|0 fnt
|faint|p1a: Abomasnow
|
|-weather|Sandstorm|[upkeep]
|-damage|p2a: Keldeo|59/100|[from] Sandstorm
|upkeep
|
|t:|1769324103
|switch|p1a: Snorlax|Snorlax, F|73/100
|-damage|p1a: Snorlax|61/100|[from] Stealth Rock
|-damage|p1a: Snorlax|36/100|[from] Spikes
|turn|27
|
|t:|1769324116
|-terastallize|p1a: Snorlax|Fairy
|move|p2a: Keldeo|Secret Sword|p1a: Snorlax
|-resisted|p1a: Snorlax
|-damage|p1a: Snorlax|4/100
|move|p1a: Snorlax|Body Slam|p2a: Keldeo
|-damage|p2a: Keldeo|22/100
|-status|p2a: Keldeo|par
|
|-weather|Sandstorm|[upkeep]
|-damage|p2a: Keldeo|16/100 par|[from] Sandstorm
|-damage|p1a: Snorlax|0 fnt|[from] Sandstorm
|faint|p1a: Snorlax
|upkeep
|
|t:|1769324122
|switch|p1a: Sandslash|Sandslash, M|45/100
|-damage|p1a: Sandslash|38/100|[from] Stealth Rock
|-damage|p1a: Sandslash|13/100|[from] Spikes
|turn|28
|
|t:|1769324125
|move|p1a: Sandslash|Rapid Spin|p2a: Keldeo
|-damage|p2a: Keldeo|2/100 par
|-boost|p1a: Sandslash|spe|1
|-sideend|p1: danelectro|Spikes|[from] move: Rapid Spin|[of] p1a: Sandslash
|-sideend|p1: danelectro|Stealth Rock|[from] move: Rapid Spin|[of] p1a: Sandslash
|move|p2a: Keldeo|Secret Sword|p1a: Sandslash
|-damage|p1a: Sandslash|0 fnt
|faint|p1a: Sandslash
|
|-weather|Sandstorm|[upkeep]
|-damage|p2a: Keldeo|0 fnt|[from] Sandstorm
|faint|p2a: Keldeo
|upkeep
|
|t:|1769324130
|switch|p2a: Tinkaton|Tinkaton, F|89/100 par
|switch|p1a: Dachsbun|Dachsbun, F|17/100
|-damage|p2a: Tinkaton|76/100 par|[from] Spikes
|-damage|p2a: Tinkaton|70/100 par|[from] Stealth Rock
|turn|29
|
|t:|1769324133
|move|p1a: Dachsbun|Protect|p1a: Dachsbun
|-singleturn|p1a: Dachsbun|Protect
|move|p2a: Tinkaton|Gigaton Hammer|p1a: Dachsbun
|-activate|p1a: Dachsbun|move: Protect
|
|-weather|none
|upkeep
|turn|30
|
|t:|1769324138
|move|p1a: Dachsbun|Wish|p1a: Dachsbun
|move|p2a: Tinkaton|Thunder Wave|p1a: Dachsbun
|-status|p1a: Dachsbun|par
|
|upkeep
|turn|31
|
|t:|1769324142
|move|p1a: Dachsbun|Protect|p1a: Dachsbun
|-singleturn|p1a: Dachsbun|Protect
|move|p2a: Tinkaton|Encore|p1a: Dachsbun
|-activate|p1a: Dachsbun|move: Protect
|
|-heal|p1a: Dachsbun|67/100 par|[from] move: Wish|[wisher] Dachsbun
|upkeep
|turn|32
|
|t:|1769324147
|move|p2a: Tinkaton|Encore|p1a: Dachsbun
|-start|p1a: Dachsbun|Encore
|move|p1a: Dachsbun|Protect||[still]
|-fail|p1a: Dachsbun
|
|upkeep
|turn|33
|
|t:|1769324149
|cant|p1a: Dachsbun|par
|move|p2a: Tinkaton|Gigaton Hammer|p1a: Dachsbun
|-supereffective|p1a: Dachsbun
|-damage|p1a: Dachsbun|0 fnt
|faint|p1a: Dachsbun
|
|win|garganaclfan1738
|raw|danelectro's rating: 1468 &rarr; <strong>1444</strong><br />(-24 for losing)
|raw|garganaclfan1738's rating: 1400 &rarr; <strong>1424</strong><br />(+24 for winning)
|l|☆danelectro
|player|p1|
|l|☆garganaclfan1738
|player|p2|
