|j|☆dragonfandan
|j|☆Hazinho
|t:|1769328755
|gametype|singles
|player|p1|dragonfandan|lance|1286
|player|p2|Hazinho|riley|1328
|gen|9
|tier|[Gen 9] OU
|rated|
|rule|HP Percentage Mod: HP is shown in percentages
|rule|Endless Battle Clause: Forcing endless battles is banned
|rule|Species Clause: Limit one of each Pokémon
|rule|OHKO Clause: OHKO moves are banned
|rule|Evasion Items Clause: Evasion items are banned
|rule|Evasion Moves Clause: Evasion moves are banned
|rule|Evasion Abilities Clause: Evasion abilities are banned
|rule|Sleep Moves Clause: Sleep-inducing moves are banned
|clearpoke
|poke|p1|Haxorus, F|
|poke|p1|Heatran, F|
|poke|p1|Sinistcha|
|poke|p1|Kingambit, F|
|poke|p1|Tornadus-Therian, M|
|poke|p1|Slowking, M|
|poke|p2|Deoxys-Speed|
|poke|p2|Kingambit, M|
|poke|p2|Sylveon, F|
|poke|p2|Ogerpon-Wellspring, F|
|poke|p2|Weezing-Galar, M|
|poke|p2|Landorus-Therian, M|
|teampreview
|inactive|Battle timer is ON: inactive players will automatically lose when time's up. (requested by dragonfandan)
|
|t:|1769328771
|teamsize|p1|6
|teamsize|p2|6
|start
|switch|p1a: Grand Tactician|Slowking, M, shiny|100/100
|switch|p2a: Landorus|Landorus-Therian, M|100/100
|-ability|p2a: Landorus|Intimidate|boost
|-unboost|p1a: Grand Tactician|atk|1
|turn|1
|
|t:|1769328784
|move|p2a: Landorus|U-turn|p1a: Grand Tactician
|-supereffective|p1a: Grand Tactician
|-damage|p1a: Grand Tactician|50/100
|
|t:|1769328789
|switch|p2a: Kingambit|Kingambit, M|100/100|[from] U-turn
|move|p1a: Grand Tactician|Ice Beam|p2a: Kingambit
|-resisted|p2a: Kingambit
|-damage|p2a: Kingambit|90/100
|-status|p2a: Kingambit|frz
|
|upkeep
|turn|2
|
|t:|1769328802
|switch|p1a: Caldera|Heatran, F, shiny|100/100
|cant|p2a: Kingambit|frz
|
|upkeep
|turn|3
|
|t:|1769328811
|move|p1a: Caldera|Stealth Rock|p2a: Kingambit
|-sidestart|p2: Hazinho|move: Stealth Rock
|cant|p2a: Kingambit|frz
|
|upkeep
|turn|4
|
|t:|1769328818
|cant|p2a: Kingambit|frz
|move|p1a: Caldera|Magma Storm|p2a: Kingambit
|-supereffective|p2a: Kingambit
|-crit|p2a: Kingambit
|-damage|p2a: Kingambit|0 fnt
|faint|p2a: Kingambit
|-end|p2a: Kingambit|fallenundefined|[silent]
|
|upkeep
|
|t:|1769328823
|switch|p2a: Landorus|Landorus-Therian, M|100/100
|-damage|p2a: Landorus|88/100|[from] Stealth Rock
|-ability|p2a: Landorus|Intimidate|boost
|-unboost|p1a: Caldera|atk|1
|turn|5
|
|t:|1769328832
|move|p2a: Landorus|Stone Edge|p1a: Caldera
|-damage|p1a: Caldera|75/100
|move|p1a: Caldera|Will-O-Wisp|p2a: Landorus|[miss]
|-miss|p1a: Caldera|p2a: Landorus
|
|-heal|p1a: Caldera|82/100|[from] item: Leftovers
|upkeep
|turn|6
|
|t:|1769328840
|switch|p2a: Weezing|Weezing-Galar, M|100/100
|-ability|p2a: Weezing|Neutralizing Gas
|move|p1a: Caldera|Protect||[still]
|-fail|p1a: Caldera
|
|-heal|p1a: Caldera|88/100|[from] item: Leftovers
|upkeep
|turn|7
|
|t:|1769328850
|-end|p2a: Weezing|ability: Neutralizing Gas
|switch|p2a: Landorus|Landorus-Therian, M|88/100
|-damage|p2a: Landorus|76/100|[from] Stealth Rock
|-ability|p2a: Landorus|Intimidate|boost
|-unboost|p1a: Caldera|atk|1
|move|p1a: Caldera|Magma Storm|p2a: Landorus
|-damage|p2a: Landorus|25/100
|-activate|p2a: Landorus|move: Magma Storm|[of] p1a: Caldera
|
|-heal|p1a: Caldera|94/100|[from] item: Leftovers
|-damage|p2a: Landorus|13/100|[from] move: Magma Storm|[partiallytrapped]
|upkeep
|turn|8
|
|t:|1769328863
|move|p1a: Caldera|Protect|p1a: Caldera
|-singleturn|p1a: Caldera|Protect
|move|p2a: Landorus|Earthquake|p1a: Caldera
|-activate|p1a: Caldera|move: Protect
|
|-heal|p1a: Caldera|99/100|[from] item: Leftovers
|-damage|p2a: Landorus|1/100|[from] move: Magma Storm|[partiallytrapped]
|upkeep
|turn|9
|
|t:|1769328873
|move|p1a: Caldera|Protect||[still]
|-fail|p1a: Caldera
|move|p2a: Landorus|Earthquake|p1a: Caldera
|-supereffective|p1a: Caldera
|-damage|p1a: Caldera|0 fnt
|faint|p1a: Caldera
|
|-end|p2a: Landorus|Magma Storm|[partiallytrapped]|[silent]
|upkeep
|
|t:|1769328880
|switch|p1a: Nightshade|Sinistcha|100/100
|turn|10
|
|t:|1769328888
|move|p2a: Landorus|Earthquake|p1a: Nightshade
|-resisted|p1a: Nightshade
|-damage|p1a: Nightshade|80/100
|move|p1a: Nightshade|Calm Mind|p1a: Nightshade
|-boost|p1a: Nightshade|spa|1
|-boost|p1a: Nightshade|spd|1
|
|-heal|p1a: Nightshade|86/100|[from] item: Leftovers
|upkeep
|turn|11
|
|t:|1769328898
|switch|p2a: Sylveon|Sylveon, F|100/100
|-damage|p2a: Sylveon|88/100|[from] Stealth Rock
|move|p1a: Nightshade|Matcha Gotcha|p2a: Sylveon
|-damage|p2a: Sylveon|54/100
|-heal|p1a: Nightshade|100/100|[from] drain|[of] p2a: Sylveon
|
|-heal|p2a: Sylveon|60/100|[from] item: Leftovers
|upkeep
|turn|12
|
|t:|1769328913
|move|p1a: Nightshade|Shadow Ball|p2a: Sylveon
|-damage|p2a: Sylveon|26/100
|move|p2a: Sylveon|Wish|p2a: Sylveon
|
|-heal|p2a: Sylveon|32/100|[from] item: Leftovers
|upkeep
|turn|13
|
|t:|1769328921
|move|p1a: Nightshade|Calm Mind|p1a: Nightshade
|-boost|p1a: Nightshade|spa|1
|-boost|p1a: Nightshade|spd|1
|move|p2a: Sylveon|Calm Mind|p2a: Sylveon
|-boost|p2a: Sylveon|spa|1
|-boost|p2a: Sylveon|spd|1
|
|-heal|p2a: Sylveon|82/100|[from] move: Wish|[wisher] Sylveon
|-heal|p2a: Sylveon|89/100|[from] item: Leftovers
|upkeep
|turn|14
|
|t:|1769328932
|move|p1a: Nightshade|Shadow Ball|p2a: Sylveon
|-damage|p2a: Sylveon|59/100
|move|p2a: Sylveon|Calm Mind|p2a: Sylveon
|-boost|p2a: Sylveon|spa|1
|-boost|p2a: Sylveon|spd|1
|
|-heal|p2a: Sylveon|65/100|[from] item: Leftovers
|upkeep
|turn|15
|
|t:|1769328943
|-terastallize|p1a: Nightshade|Poison
|move|p1a: Nightshade|Shadow Ball|p2a: Sylveon
|-damage|p2a: Sylveon|44/100
|move|p2a: Sylveon|Wish|p2a: Sylveon
|
|-heal|p2a: Sylveon|50/100|[from] item: Leftovers
|upkeep
|turn|16
|
|t:|1769328955
|move|p1a: Nightshade|Shadow Ball|p2a: Sylveon
|-damage|p2a: Sylveon|26/100
|move|p2a: Sylveon|Hyper Voice|p1a: Nightshade
|-resisted|p1a: Nightshade
|-crit|p1a: Nightshade
|-damage|p1a: Nightshade|35/100
|
|-heal|p2a: Sylveon|76/100|[from] move: Wish|[wisher] Sylveon
|-heal|p1a: Nightshade|41/100|[from] item: Leftovers
|-heal|p2a: Sylveon|82/100|[from] item: Leftovers
|upkeep
|turn|17
|
|t:|1769328967
|move|p1a: Nightshade|Matcha Gotcha|p2a: Sylveon
|-damage|p2a: Sylveon|59/100
|-heal|p1a: Nightshade|54/100|[from] drain|[of] p2a: Sylveon
|-status|p2a: Sylveon|brn
|move|p2a: Sylveon|Calm Mind|p2a: Sylveon
|-boost|p2a: Sylveon|spa|1
|-boost|p2a: Sylveon|spd|1
|
|-heal|p1a: Nightshade|60/100|[from] item: Leftovers
|-heal|p2a: Sylveon|65/100 brn|[from] item: Leftovers
|-damage|p2a: Sylveon|59/100 brn|[from] brn
|upkeep
|turn|18
|
|t:|1769328979
|move|p1a: Nightshade|Calm Mind|p1a: Nightshade
|-boost|p1a: Nightshade|spa|1
|-boost|p1a: Nightshade|spd|1
|move|p2a: Sylveon|Hyper Voice|p1a: Nightshade
|-resisted|p1a: Nightshade
|-damage|p1a: Nightshade|35/100
|
|-heal|p1a: Nightshade|42/100|[from] item: Leftovers
|-heal|p2a: Sylveon|65/100 brn|[from] item: Leftovers
|-damage|p2a: Sylveon|59/100 brn|[from] brn
|upkeep
|turn|19
|
|t:|1769328990
|switch|p1a: Iron Guillotine|Haxorus, F, shiny|100/100
|-ability|p1a: Iron Guillotine|Mold Breaker
|move|p2a: Sylveon|Calm Mind|p2a: Sylveon
|-boost|p2a: Sylveon|spa|1
|-boost|p2a: Sylveon|spd|1
|
|-heal|p2a: Sylveon|65/100 brn|[from] item: Leftovers
|-damage|p2a: Sylveon|59/100 brn|[from] brn
|upkeep
|turn|20
|
|t:|1769329002
|-terastallize|p2a: Sylveon|Steel
|move|p1a: Iron Guillotine|Iron Head|p2a: Sylveon
|-resisted|p2a: Sylveon
|-damage|p2a: Sylveon|46/100 brn
|move|p2a: Sylveon|Hyper Voice|p1a: Iron Guillotine
|-supereffective|p1a: Iron Guillotine
|-damage|p1a: Iron Guillotine|0 fnt
|faint|p1a: Iron Guillotine
|
|-heal|p2a: Sylveon|52/100 brn|[from] item: Leftovers
|-damage|p2a: Sylveon|46/100 brn|[from] brn
|upkeep
|
|t:|1769329015
|switch|p1a: Gale Thief|Tornadus-Therian, M|100/100
|turn|21
|
|t:|1769329019
|move|p1a: Gale Thief|Brick Break|p2a: Sylveon
|-supereffective|p2a: Sylveon
|-damage|p2a: Sylveon|10/100 brn
|move|p2a: Sylveon|Hyper Voice|p1a: Gale Thief
|-damage|p1a: Gale Thief|0 fnt
|faint|p1a: Gale Thief
|
|-heal|p2a: Sylveon|16/100 brn|[from] item: Leftovers
|-damage|p2a: Sylveon|10/100 brn|[from] brn
|upkeep
|
|t:|1769329030
|switch|p1a: Last Decree|Kingambit, F, shiny|100/100
|-activate|p1a: Last Decree|ability: Supreme Overlord
|-start|p1a: Last Decree|fallen3|[silent]
|-item|p1a: Last Decree|Air Balloon
|turn|22
|
|t:|1769329035
|move|p1a: Last Decree|Kowtow Cleave|p2a: Sylveon
|-damage|p2a: Sylveon|0 fnt
|faint|p2a: Sylveon
|
|upkeep
|
|t:|1769329040
|switch|p2a: Weezing|Weezing-Galar, M|100/100
|-ability|p2a: Weezing|Neutralizing Gas
|turn|23
|
|t:|1769329046
|-end|p1a: Last Decree|fallen3|[silent]
|switch|p1a: Grand Tactician|Slowking, M, shiny|83/100
|move|p2a: Weezing|Defog|p1a: Grand Tactician
|-unboost|p1a: Grand Tactician|evasion|1
|-sideend|p2: Hazinho|Stealth Rock|[from] move: Defog|[of] p2a: Weezing
|
|upkeep
|turn|24
|
|t:|1769329054
|-end|p2a: Weezing|ability: Neutralizing Gas
|switch|p2a: Ogerpon|Ogerpon-Wellspring, F|100/100
|move|p1a: Grand Tactician|Thunder Wave|p2a: Ogerpon
|-status|p2a: Ogerpon|par
|
|upkeep
|turn|25
|
|t:|1769329062
|move|p2a: Ogerpon|Horn Leech|p1a: Grand Tactician
|-supereffective|p1a: Grand Tactician
|-damage|p1a: Grand Tactician|0 fnt
|faint|p1a: Grand Tactician
|
|upkeep
|
|t:|1769329068
|switch|p1a: Nightshade|Sinistcha, tera:Poison|42/100
|turn|26
|
|t:|1769329075
|move|p1a: Nightshade|Strength Sap|p2a: Ogerpon
|-unboost|p2a: Ogerpon|atk|1
|-heal|p1a: Nightshade|100/100
|move|p2a: Ogerpon|Ivy Cudgel|p1a: Nightshade|[anim] Ivy Cudgel Water
|-damage|p1a: Nightshade|72/100
|
|-heal|p1a: Nightshade|78/100|[from] item: Leftovers
|upkeep
|turn|27
|inactive|Hazinho has 120 seconds left.
|
|t:|1769329134
|move|p1a: Nightshade|Strength Sap|p2a: Ogerpon
|-unboost|p2a: Ogerpon|atk|1
|-heal|p1a: Nightshade|100/100
|move|p2a: Ogerpon|Ivy Cudgel|p1a: Nightshade|[anim] Ivy Cudgel Water
|-damage|p1a: Nightshade|80/100
|
|-heal|p1a: Nightshade|86/100|[from] item: Leftovers
|upkeep
|turn|28
|
|t:|1769329145
|switch|p2a: Deoxys|Deoxys-Speed, shiny|100/100
|-ability|p2a: Deoxys|Pressure
|move|p1a: Nightshade|Strength Sap|p2a: Deoxys
|-unboost|p2a: Deoxys|atk|1
|-heal|p1a: Nightshade|100/100
|
|upkeep
|turn|29
|
|t:|1769329154
|move|p2a: Deoxys|Psycho Boost|p1a: Nightshade
|-supereffective|p1a: Nightshade
|-damage|p1a: Nightshade|0 fnt
|-unboost|p2a: Deoxys|spa|2
|faint|p1a: Nightshade
|
|upkeep
|
|t:|1769329161
|switch|p1a: Last Decree|Kingambit, F, shiny|100/100
|-activate|p1a: Last Decree|ability: Supreme Overlord
|-start|p1a: Last Decree|fallen5|[silent]
|-item|p1a: Last Decree|Air Balloon
|turn|30
|
|t:|1769329176
|move|p2a: Deoxys|Meteor Beam||[still]
|-prepare|p2a: Deoxys|Meteor Beam
|-boost|p2a: Deoxys|spa|1
|-enditem|p2a: Deoxys|Power Herb
|-anim|p2a: Deoxys|Meteor Beam|p1a: Last Decree
|-resisted|p1a: Last Decree
|-damage|p1a: Last Decree|86/100
|-enditem|p1a: Last Decree|Air Balloon
|move|p1a: Last Decree|Swords Dance|p1a: Last Decree
|-boost|p1a: Last Decree|atk|2
|
|upkeep
|turn|31
|
|t:|1769329190
|switch|p2a: Weezing|Weezing-Galar, M|100/100
|-ability|p2a: Weezing|Neutralizing Gas
|move|p1a: Last Decree|Swords Dance|p1a: Last Decree
|-boost|p1a: Last Decree|atk|2
|
|upkeep
|turn|32
|
|t:|1769329198
|move|p1a: Last Decree|Kowtow Cleave|p2a: Weezing
|-resisted|p2a: Weezing
|-damage|p2a: Weezing|59/100
|move|p2a: Weezing|Will-O-Wisp|p1a: Last Decree
|-status|p1a: Last Decree|brn
|
|-damage|p1a: Last Decree|79/100 brn|[from] brn
|upkeep
|turn|33
|-message|dragonfandan forfeited.
|
|win|Hazinho
|raw|dragonfandan's rating: 1286 &rarr; <strong>1264</strong><br />(-22 for losing)
|raw|Hazinho's rating: 1328 &rarr; <strong>1346</strong><br />(+18 for winning)
|l|☆dragonfandan
|player|p1|
|l|☆Hazinho
|player|p2|
