|j|☆Antimaverick1080
|j|☆Kurowlyz
|t:|1769353087
|gametype|singles
|player|p1|Antimaverick1080|eusine|1286
|player|p2|Kurowlyz|shadowtriad|1300
|gen|9
|tier|[Gen 9] OU
|rated|
|rule|HP Percentage Mod: HP is shown in percentages
|rule|Endless Battle Clause: Forcing endless battles is banned
|rule|Species Clause: Limit one of each Pokémon
|rule|OHKO Clause: OHKO moves are banned
|rule|Evasion Items Clause: Evasion items are banned
|rule|Evasion Moves Clause: Evasion moves are banned
|rule|Evasion Abilities Clause: Evasion abilities are banned
|rule|Sleep Moves Clause: Sleep-inducing moves are banned
|clearpoke
|poke|p1|Iron Moth|
|poke|p1|Torkoal, M|
|poke|p1|Ceruledge, M|
|poke|p1|Walking Wake|
|poke|p1|Lilligant-Hisui, F|
|poke|p1|Great Tusk|
|poke|p2|Raging Bolt|
|poke|p2|Gholdengo|
|poke|p2|Corviknight, M|
|poke|p2|Iron Moth|
|poke|p2|Iron Valiant|
|poke|p2|Landorus-Therian, M|
|teampreview
|inactive|Battle timer is ON: inactive players will automatically lose when time's up. (requested by Kurowlyz)
|c|☆Antimaverick1080|glhf
|
|t:|1769353102
|teamsize|p1|6
|teamsize|p2|6
|start
|switch|p1a: Steam|Torkoal, M|100/100
|switch|p2a: Landorus|Landorus-Therian, M|100/100
|-ability|p2a: Landorus|Intimidate|boost
|-unboost|p1a: Steam|atk|1
|-weather|SunnyDay|[from] ability: Drought|[of] p1a: Steam
|turn|1
|
|t:|1769353116
|switch|p1a: Brunnya|Walking Wake|100/100
|-activate|p1a: Brunnya|ability: Protosynthesis
|-start|p1a: Brunnya|protosynthesisspe
|move|p2a: Landorus|Earthquake|p1a: Brunnya
|-damage|p1a: Brunnya|34/100
|
|-weather|SunnyDay|[upkeep]
|upkeep
|turn|2
|inactive|Kurowlyz has 120 seconds left.
|
|t:|1769353148
|switch|p2a: Gholdengo|Gholdengo|100/100
|-item|p2a: Gholdengo|Air Balloon
|move|p1a: Brunnya|Hydro Steam|p2a: Gholdengo
|-damage|p2a: Gholdengo|0 fnt
|-enditem|p2a: Gholdengo|Air Balloon
|faint|p2a: Gholdengo
|
|-weather|SunnyDay|[upkeep]
|upkeep
|inactive|Kurowlyz has 120 seconds left.
|
|t:|1769353155
|switch|p2a: Raging Bolt|Raging Bolt|100/100
|-activate|p2a: Raging Bolt|ability: Protosynthesis
|-start|p2a: Raging Bolt|protosynthesisspa
|turn|3
|
|t:|1769353158
|-end|p1a: Brunnya|Protosynthesis|[silent]
|switch|p1a: Wii|Great Tusk|100/100
|-activate|p1a: Wii|ability: Protosynthesis
|-start|p1a: Wii|protosynthesisatk
|-terastallize|p2a: Raging Bolt|Fairy
|move|p2a: Raging Bolt|Tera Blast|p1a: Wii|[anim] Tera Blast Fairy
|-supereffective|p1a: Wii
|-damage|p1a: Wii|0 fnt
|faint|p1a: Wii
|-end|p1a: Wii|Protosynthesis|[silent]
|
|-weather|SunnyDay|[upkeep]
|upkeep
|
|t:|1769353167
|switch|p1a: Photovolt|Iron Moth|100/100
|turn|4
|inactive|Antimaverick1080 has 120 seconds left.
|
|t:|1769353206
|move|p1a: Photovolt|Fiery Dance|p2a: Raging Bolt
|-damage|p2a: Raging Bolt|21/100
|move|p2a: Raging Bolt|Dragon Pulse|p1a: Photovolt
|-damage|p1a: Photovolt|33/100
|
|-weather|SunnyDay|[upkeep]
|-heal|p2a: Raging Bolt|27/100|[from] item: Leftovers
|upkeep
|turn|5
|
|t:|1769353213
|move|p2a: Raging Bolt|Thunderclap|p1a: Photovolt
|-damage|p1a: Photovolt|0 fnt
|faint|p1a: Photovolt
|-end|p1a: Photovolt|Quark Drive|[silent]
|
|-weather|SunnyDay|[upkeep]
|-heal|p2a: Raging Bolt|33/100|[from] item: Leftovers
|upkeep
|inactive|Antimaverick1080 has 120 seconds left.
|
|t:|1769353224
|switch|p1a: Saber|Ceruledge, M, shiny|100/100
|turn|6
|
|t:|1769353230
|move|p1a: Saber|Bitter Blade|p2a: Raging Bolt
|-damage|p2a: Raging Bolt|0 fnt
|faint|p2a: Raging Bolt
|-end|p2a: Raging Bolt|Protosynthesis|[silent]
|
|-weather|SunnyDay|[upkeep]
|upkeep
|
|t:|1769353234
|switch|p2a: Landorus|Landorus-Therian, M|100/100
|-ability|p2a: Landorus|Intimidate|boost
|-unboost|p1a: Saber|atk|1
|turn|7
|
|t:|1769353248
|move|p1a: Saber|Bitter Blade|p2a: Landorus
|-damage|p2a: Landorus|50/100
|move|p2a: Landorus|Earthquake|p1a: Saber
|-supereffective|p1a: Saber
|-damage|p1a: Saber|0 fnt
|faint|p1a: Saber
|
|-weather|SunnyDay|[upkeep]
|upkeep
|
|t:|1769353251
|switch|p1a: Brunnya|Walking Wake|34/100
|-activate|p1a: Brunnya|ability: Protosynthesis
|-start|p1a: Brunnya|protosynthesisspe
|turn|8
|
|t:|1769353256
|switch|p2a: Corviknight|Corviknight, M|100/100
|-ability|p2a: Corviknight|Pressure
|move|p1a: Brunnya|Hydro Steam|p2a: Corviknight
|-damage|p2a: Corviknight|18/100
|
|-weather|none
|-end|p1a: Brunnya|Protosynthesis
|upkeep
|turn|9
|
|t:|1769353258
|move|p1a: Brunnya|Hydro Steam|p2a: Corviknight
|-crit|p2a: Corviknight
|-damage|p2a: Corviknight|0 fnt
|faint|p2a: Corviknight
|
|upkeep
|
|t:|1769353260
|switch|p2a: Landorus|Landorus-Therian, M|50/100
|-ability|p2a: Landorus|Intimidate|boost
|-unboost|p1a: Brunnya|atk|1
|turn|10
|
|t:|1769353265
|-end|p1a: Brunnya|Protosynthesis|[silent]
|switch|p1a: Steam|Torkoal, M|100/100
|-weather|SunnyDay|[from] ability: Drought|[of] p1a: Steam
|move|p2a: Landorus|Earthquake|p1a: Steam
|-supereffective|p1a: Steam
|-damage|p1a: Steam|31/100
|
|-weather|SunnyDay|[upkeep]
|upkeep
|turn|11
|
|t:|1769353275
|switch|p2a: Iron Moth|Iron Moth|100/100
|-enditem|p2a: Iron Moth|Booster Energy
|-activate|p2a: Iron Moth|ability: Quark Drive|[fromitem]
|-start|p2a: Iron Moth|quarkdrivespe
|move|p1a: Steam|Stealth Rock|p2a: Iron Moth
|-sidestart|p2: Kurowlyz|move: Stealth Rock
|
|-weather|SunnyDay|[upkeep]
|upkeep
|turn|12
|
|t:|1769353287
|move|p2a: Iron Moth|Fiery Dance|p1a: Steam
|-resisted|p1a: Steam
|-damage|p1a: Steam|0 fnt
|-boost|p2a: Iron Moth|spa|1
|faint|p1a: Steam
|
|-weather|SunnyDay|[upkeep]
|upkeep
|
|t:|1769353298
|switch|p1a: Brunnya|Walking Wake|34/100
|-activate|p1a: Brunnya|ability: Protosynthesis
|-start|p1a: Brunnya|protosynthesisspe
|turn|13
|
|t:|1769353315
|move|p2a: Iron Moth|Sludge Wave|p1a: Brunnya
|-damage|p1a: Brunnya|0 fnt
|faint|p1a: Brunnya
|-end|p1a: Brunnya|Protosynthesis|[silent]
|
|-weather|SunnyDay|[upkeep]
|upkeep
|
|t:|1769353321
|switch|p1a: Azura|Lilligant-Hisui, F, shiny|100/100
|turn|14
|
|t:|1769353325
|move|p1a: Azura|Victory Dance|p1a: Azura
|-boost|p1a: Azura|atk|1
|-boost|p1a: Azura|def|1
|-boost|p1a: Azura|spe|1
|move|p2a: Iron Moth|Fiery Dance|p1a: Azura
|-supereffective|p1a: Azura
|-enditem|p1a: Azura|Focus Sash
|-damage|p1a: Azura|1/100
|
|-weather|SunnyDay|[upkeep]
|upkeep
|turn|15
|inactive|Antimaverick1080 has 120 seconds left.
|
|t:|1769353371
|-end|p2a: Iron Moth|Quark Drive|[silent]
|switch|p2a: Landorus|Landorus-Therian, M|50/100
|-damage|p2a: Landorus|38/100|[from] Stealth Rock
|-ability|p2a: Landorus|Intimidate|boost
|-unboost|p1a: Azura|atk|1
|move|p1a: Azura|Acrobatics|p2a: Landorus
|-damage|p2a: Landorus|0 fnt
|faint|p2a: Landorus
|
|-weather|SunnyDay|[upkeep]
|upkeep
|
|t:|1769353386
|switch|p2a: Iron Moth|Iron Moth|100/100
|-damage|p2a: Iron Moth|75/100|[from] Stealth Rock
|turn|16
|
|t:|1769353389
|move|p1a: Azura|Acrobatics|p2a: Iron Moth
|-damage|p2a: Iron Moth|20/100
|move|p2a: Iron Moth|Fiery Dance|p1a: Azura
|-supereffective|p1a: Azura
|-damage|p1a: Azura|0 fnt
|faint|p1a: Azura
|
|win|Kurowlyz
|raw|Antimaverick1080's rating: 1286 &rarr; <strong>1262</strong><br />(-24 for losing)
|raw|Kurowlyz's rating: 1300 &rarr; <strong>1324</strong><br />(+24 for winning)
|l|☆Kurowlyz
|player|p2|
|c|☆Antimaverick1080|ggwp!
