|j|☆ur cutiefly
|j|‽machopped unc
|t:|1769339638
|gametype|singles
|player|p1|ur cutiefly|aromalady|1622
|player|p2|machopped unc|clown|1829
|gen|9
|tier|[Gen 9] OU
|rated|
|rule|HP Percentage Mod: HP is shown in percentages
|rule|Endless Battle Clause: Forcing endless battles is banned
|rule|Species Clause: Limit one of each Pokémon
|rule|OHKO Clause: OHKO moves are banned
|rule|Evasion Items Clause: Evasion items are banned
|rule|Evasion Moves Clause: Evasion moves are banned
|rule|Evasion Abilities Clause: Evasion abilities are banned
|rule|Sleep Moves Clause: Sleep-inducing moves are banned
|clearpoke
|poke|p1|Gholdengo|
|poke|p1|Dragonite, M|
|poke|p1|Raging Bolt|
|poke|p1|Great Tusk|
|poke|p1|Iron Valiant|
|poke|p1|Ting-Lu|
|poke|p2|Gholdengo|
|poke|p2|Iron Valiant|
|poke|p2|Ribombee, M|
|poke|p2|Dragonite, F|
|poke|p2|Glimmora, F|
|poke|p2|Kingambit, M|
|teampreview
|inactive|Battle timer is ON: inactive players will automatically lose when time's up. (requested by ur cutiefly)
|
|t:|1769339654
|teamsize|p1|6
|teamsize|p2|6
|start
|switch|p1a: Great Neck|Raging Bolt|100/100
|switch|p2a: Ribombee|Ribombee, M|100/100
|turn|1
|
|t:|1769339660
|move|p2a: Ribombee|Sticky Web|p1a: Great Neck
|-sidestart|p1: ur cutiefly|move: Sticky Web
|move|p1a: Great Neck|Volt Switch|p2a: Ribombee
|-enditem|p2a: Ribombee|Focus Sash
|-damage|p2a: Ribombee|1/100
|j| Samurajen
|
|t:|1769339675
|-end|p1a: Great Neck|Protosynthesis|[silent]
|switch|p1a: Great Tusk|Great Tusk|100/100|[from] Volt Switch
|-activate|p1a: Great Tusk|move: Sticky Web
|-unboost|p1a: Great Tusk|spe|1
|
|upkeep
|turn|2
|
|t:|1769339681
|switch|p2a: Gholdengo|Gholdengo|100/100
|-item|p2a: Gholdengo|Air Balloon
|move|p1a: Great Tusk|Ice Spinner|p2a: Gholdengo
|-resisted|p2a: Gholdengo
|-damage|p2a: Gholdengo|82/100
|-enditem|p2a: Gholdengo|Air Balloon
|
|upkeep
|turn|3
|
|t:|1769339689
|move|p2a: Gholdengo|Dazzling Gleam|p1a: Great Tusk
|-supereffective|p1a: Great Tusk
|-damage|p1a: Great Tusk|47/100
|move|p1a: Great Tusk|Headlong Rush|p2a: Gholdengo
|-supereffective|p2a: Gholdengo
|-damage|p2a: Gholdengo|0 fnt
|-unboost|p1a: Great Tusk|def|1
|-unboost|p1a: Great Tusk|spd|1
|faint|p2a: Gholdengo
|
|upkeep
|
|t:|1769339706
|switch|p2a: Ribombee|Ribombee, M|1/100
|turn|4
|
|t:|1769339719
|-end|p1a: Great Tusk|Protosynthesis|[silent]
|switch|p1a: Gholdengo|Gholdengo|100/100
|-activate|p1a: Gholdengo|move: Sticky Web
|-unboost|p1a: Gholdengo|spe|1
|move|p2a: Ribombee|Moonblast|p1a: Gholdengo
|-resisted|p1a: Gholdengo
|-damage|p1a: Gholdengo|79/100
|
|upkeep
|turn|5
|
|t:|1769339730
|move|p2a: Ribombee|Moonblast|p1a: Gholdengo
|-resisted|p1a: Gholdengo
|-damage|p1a: Gholdengo|56/100
|move|p1a: Gholdengo|Thunderbolt|p2a: Ribombee
|-damage|p2a: Ribombee|0 fnt
|faint|p2a: Ribombee
|
|upkeep
|
|t:|1769339743
|switch|p2a: Kingambit|Kingambit, M|100/100
|-activate|p2a: Kingambit|ability: Supreme Overlord
|-start|p2a: Kingambit|fallen2|[silent]
|turn|6
|
|t:|1769339749
|move|p2a: Kingambit|Swords Dance|p2a: Kingambit
|-boost|p2a: Kingambit|atk|2
|move|p1a: Gholdengo|Thunderbolt|p2a: Kingambit
|-damage|p2a: Kingambit|37/100
|
|-heal|p2a: Kingambit|43/100|[from] item: Leftovers
|upkeep
|turn|7
|inactive|ur cutiefly has 120 seconds left.
|inactive|ur cutiefly has 90 seconds left.
|inactive|ur cutiefly has 60 seconds left.
|
|t:|1769339860
|move|p2a: Kingambit|Kowtow Cleave|p1a: Gholdengo
|-supereffective|p1a: Gholdengo
|-damage|p1a: Gholdengo|0 fnt
|faint|p1a: Gholdengo
|
|-heal|p2a: Kingambit|49/100|[from] item: Leftovers
|upkeep
|
|t:|1769339863
|switch|p1a: Iron Valiant|Iron Valiant|100/100
|-activate|p1a: Iron Valiant|move: Sticky Web
|-unboost|p1a: Iron Valiant|spe|1
|-enditem|p1a: Iron Valiant|Booster Energy
|-activate|p1a: Iron Valiant|ability: Quark Drive|[fromitem]
|-start|p1a: Iron Valiant|quarkdrivespa
|turn|8
|
|t:|1769339872
|-end|p2a: Kingambit|fallen2|[silent]
|switch|p2a: Glimmora|Glimmora, F|100/100
|move|p1a: Iron Valiant|Encore||[still]
|-fail|p1a: Iron Valiant
|
|upkeep
|turn|9
|inactive|ur cutiefly has 60 seconds left.
|
|t:|1769339903
|-end|p1a: Iron Valiant|Quark Drive|[silent]
|switch|p1a: Ting-Lu|Ting-Lu|100/100
|-activate|p1a: Ting-Lu|move: Sticky Web
|-unboost|p1a: Ting-Lu|spe|1
|-ability|p1a: Ting-Lu|Vessel of Ruin
|move|p2a: Glimmora|Stealth Rock|p1a: Ting-Lu
|-sidestart|p1: ur cutiefly|move: Stealth Rock
|
|upkeep
|turn|10
|
|t:|1769339911
|move|p2a: Glimmora|Mortal Spin|p1a: Ting-Lu
|-resisted|p1a: Ting-Lu
|-damage|p1a: Ting-Lu|99/100
|-status|p1a: Ting-Lu|psn
|move|p1a: Ting-Lu|Earthquake|p2a: Glimmora
|-supereffective|p2a: Glimmora
|-damage|p2a: Glimmora|0 fnt
|-activate|p2a: Glimmora|ability: Toxic Debris
|-sidestart|p1: ur cutiefly|move: Toxic Spikes
|faint|p2a: Glimmora
|
|-heal|p1a: Ting-Lu|100/100 psn|[from] item: Leftovers
|-damage|p1a: Ting-Lu|88/100 psn|[from] psn
|upkeep
|
|t:|1769339917
|switch|p2a: Dragonite|Dragonite, F|100/100
|turn|11
|j| Narwhale37
|
|t:|1769339927
|move|p2a: Dragonite|Encore|p1a: Ting-Lu
|-start|p1a: Ting-Lu|Encore
|move|p1a: Ting-Lu|Earthquake|p2a: Dragonite
|-immune|p2a: Dragonite
|
|-heal|p1a: Ting-Lu|94/100 psn|[from] item: Leftovers
|-damage|p1a: Ting-Lu|82/100 psn|[from] psn
|upkeep
|turn|12
|
|t:|1769339934
|switch|p1a: Great Neck|Raging Bolt|100/100
|-activate|p1a: Great Neck|move: Sticky Web
|-unboost|p1a: Great Neck|spe|1
|-damage|p1a: Great Neck|88/100|[from] Stealth Rock
|-status|p1a: Great Neck|psn
|move|p2a: Dragonite|Dragon Dance|p2a: Dragonite
|-boost|p2a: Dragonite|atk|1
|-boost|p2a: Dragonite|spe|1
|
|-damage|p1a: Great Neck|76/100 psn|[from] psn
|upkeep
|turn|13
|
|t:|1769339949
|-terastallize|p1a: Great Neck|Fairy
|move|p2a: Dragonite|Scale Shot|p1a: Great Neck
|-immune|p1a: Great Neck
|move|p1a: Great Neck|Volt Switch|p2a: Dragonite
|-damage|p2a: Dragonite|65/100
|
|t:|1769339958
|-end|p1a: Great Neck|Protosynthesis|[silent]
|switch|p1a: Iron Valiant|Iron Valiant|100/100|[from] Volt Switch
|-activate|p1a: Iron Valiant|move: Sticky Web
|-unboost|p1a: Iron Valiant|spe|1
|-damage|p1a: Iron Valiant|94/100|[from] Stealth Rock
|-status|p1a: Iron Valiant|psn
|
|-damage|p1a: Iron Valiant|82/100 psn|[from] psn
|upkeep
|turn|14
|
|t:|1769339987
|-terastallize|p2a: Dragonite|Fire
|move|p2a: Dragonite|Fire Punch|p1a: Iron Valiant
|-damage|p1a: Iron Valiant|3/100 psn
|move|p1a: Iron Valiant|Moonblast|p2a: Dragonite
|-resisted|p2a: Dragonite
|-damage|p2a: Dragonite|41/100
|
|-damage|p1a: Iron Valiant|0 fnt|[from] psn
|faint|p1a: Iron Valiant
|-end|p1a: Iron Valiant|Quark Drive|[silent]
|upkeep
|inactive|ur cutiefly has 30 seconds left.
|inactive|ur cutiefly has 20 seconds left.
|inactive|ur cutiefly has 15 seconds left.
|
|t:|1769340034
|switch|p1a: Great Tusk|Great Tusk|47/100
|-activate|p1a: Great Tusk|move: Sticky Web
|-unboost|p1a: Great Tusk|spe|1
|-damage|p1a: Great Tusk|44/100|[from] Stealth Rock
|-status|p1a: Great Tusk|psn
|turn|15
|inactive|ur cutiefly has 25 seconds left this turn.
|
|t:|1769340042
|move|p2a: Dragonite|Scale Shot|p1a: Great Tusk
|-damage|p1a: Great Tusk|32/100 psn
|-damage|p1a: Great Tusk|17/100 psn
|-damage|p1a: Great Tusk|3/100 psn
|-damage|p1a: Great Tusk|0 fnt
|faint|p1a: Great Tusk
|-end|p1a: Great Tusk|Protosynthesis|[silent]
|-hitcount|p1: Great Tusk|4
|-unboost|p2a: Dragonite|def|1
|-boost|p2a: Dragonite|spe|1
|
|upkeep
|inactive|ur cutiefly has 30 seconds left this turn.
|
|t:|1769340048
|switch|p1a: Dragonite|Dragonite, M|100/100
|turn|16
|inactive|ur cutiefly has 30 seconds left.
|
|t:|1769340054
|move|p1a: Dragonite|Extreme Speed|p2a: Dragonite
|-damage|p2a: Dragonite|0 fnt
|faint|p2a: Dragonite
|
|upkeep
|
|t:|1769340058
|switch|p2a: Iron Valiant|Iron Valiant|100/100
|-enditem|p2a: Iron Valiant|Booster Energy
|-activate|p2a: Iron Valiant|ability: Quark Drive|[fromitem]
|-start|p2a: Iron Valiant|quarkdrivespa
|turn|17
|inactive|ur cutiefly has 30 seconds left.
|inactive|ur cutiefly has 20 seconds left.
|inactive|ur cutiefly has 15 seconds left.
|
|t:|1769340090
|switch|p1a: Ting-Lu|Ting-Lu|82/100 psn
|-activate|p1a: Ting-Lu|move: Sticky Web
|-unboost|p1a: Ting-Lu|spe|1
|-damage|p1a: Ting-Lu|76/100 psn|[from] Stealth Rock
|-ability|p1a: Ting-Lu|Vessel of Ruin
|move|p2a: Iron Valiant|Moonblast|p1a: Ting-Lu
|-supereffective|p1a: Ting-Lu
|-damage|p1a: Ting-Lu|11/100 psn
|-unboost|p1a: Ting-Lu|spa|1
|
|-heal|p1a: Ting-Lu|18/100 psn|[from] item: Leftovers
|-damage|p1a: Ting-Lu|5/100 psn|[from] psn
|upkeep
|turn|18
|inactive|ur cutiefly has 25 seconds left this turn.
|
|t:|1769340103
|move|p2a: Iron Valiant|Moonblast|p1a: Ting-Lu
|-supereffective|p1a: Ting-Lu
|-damage|p1a: Ting-Lu|0 fnt
|faint|p1a: Ting-Lu
|
|upkeep
|inactive|ur cutiefly has 30 seconds left this turn.
|
|t:|1769340105
|switch|p1a: Great Neck|Raging Bolt, tera:Fairy|76/100 psn
|-activate|p1a: Great Neck|move: Sticky Web
|-unboost|p1a: Great Neck|spe|1
|-damage|p1a: Great Neck|63/100 psn|[from] Stealth Rock
|turn|19
|
|t:|1769340111
|move|p2a: Iron Valiant|Calm Mind|p2a: Iron Valiant
|-boost|p2a: Iron Valiant|spa|1
|-boost|p2a: Iron Valiant|spd|1
|move|p1a: Great Neck|Volt Switch|p2a: Iron Valiant
|-damage|p2a: Iron Valiant|23/100
|
|t:|1769340113
|-end|p1a: Great Neck|Protosynthesis|[silent]
|switch|p1a: Dragonite|Dragonite, M|100/100|[from] Volt Switch
|
|upkeep
|turn|20
|
|t:|1769340115
|move|p1a: Dragonite|Extreme Speed|p2a: Iron Valiant
|-damage|p2a: Iron Valiant|0 fnt
|faint|p2a: Iron Valiant
|-end|p2a: Iron Valiant|Quark Drive|[silent]
|
|upkeep
|-message|machopped unc forfeited.
|
|win|ur cutiefly
|raw|ur cutiefly's rating: 1622 &rarr; <strong>1653</strong><br />(+31 for winning)
|raw|machopped unc's rating: 1829 &rarr; <strong>1798</strong><br />(-31 for losing)
|l|‽machopped unc
|player|p2|
|l|☆ur cutiefly
|player|p1|
