|j|☆litle_noob
|j|☆Sloowbroo
|t:|1769365639
|gametype|singles
|player|p1|litle_noob|red|1302
|player|p2|Sloowbroo|teamrocket|1318
|gen|9
|tier|[Gen 9] OU
|rated|
|rule|HP Percentage Mod: HP is shown in percentages
|rule|Endless Battle Clause: Forcing endless battles is banned
|rule|Species Clause: Limit one of each Pokémon
|rule|OHKO Clause: OHKO moves are banned
|rule|Evasion Items Clause: Evasion items are banned
|rule|Evasion Moves Clause: Evasion moves are banned
|rule|Evasion Abilities Clause: Evasion abilities are banned
|rule|Sleep Moves Clause: Sleep-inducing moves are banned
|clearpoke
|poke|p1|Forretress, F|
|poke|p1|Toedscruel, F|
|poke|p1|Quaquaval, F|
|poke|p1|Gholdengo|
|poke|p1|Mandibuzz, F|
|poke|p1|Houndstone, M|
|poke|p2|Slowking-Galar, F|
|poke|p2|Tornadus-Therian, M|
|poke|p2|Cinderace, M|
|poke|p2|Lokix, F|
|poke|p2|Hydrapple, F|
|poke|p2|Great Tusk|
|teampreview
|inactive|Battle timer is ON: inactive players will automatically lose when time's up. (requested by litle_noob)
|
|t:|1769365664
|teamsize|p1|6
|teamsize|p2|6
|start
|switch|p1a: Forretress|Forretress, F|100/100
|switch|p2a: Tornadus|Tornadus-Therian, M|100/100
|turn|1
|
|t:|1769365674
|switch|p1a: Gholdengo|Gholdengo|100/100
|move|p2a: Tornadus|Heat Wave|p1a: Gholdengo
|-supereffective|p1a: Gholdengo
|-damage|p1a: Gholdengo|65/100
|
|-heal|p1a: Gholdengo|71/100|[from] item: Leftovers
|upkeep
|turn|2
|
|t:|1769365687
|move|p2a: Tornadus|Knock Off|p1a: Gholdengo
|-supereffective|p1a: Gholdengo
|-damage|p1a: Gholdengo|35/100
|-enditem|p1a: Gholdengo|Leftovers|[from] move: Knock Off|[of] p2a: Tornadus
|move|p1a: Gholdengo|Make It Rain|p2a: Tornadus
|-damage|p2a: Tornadus|74/100
|-unboost|p1a: Gholdengo|spa|1
|
|upkeep
|turn|3
|
|t:|1769365697
|switch|p1a: Mandibuzz|Mandibuzz, F|100/100
|move|p2a: Tornadus|Heat Wave|p1a: Mandibuzz
|-damage|p1a: Mandibuzz|85/100
|
|upkeep
|turn|4
|
|t:|1769365719
|move|p2a: Tornadus|U-turn|p1a: Mandibuzz
|-damage|p1a: Mandibuzz|75/100
|
|t:|1769365727
|switch|p2a: Slowking|Slowking-Galar, F|100/100|[from] U-turn
|move|p1a: Mandibuzz|Knock Off|p2a: Slowking
|-supereffective|p2a: Slowking
|-enditem|p2a: Slowking|Colbur Berry|[eat]
|-enditem|p2a: Slowking|Colbur Berry|[weaken]
|-damage|p2a: Slowking|82/100
|
|upkeep
|turn|5
|
|t:|1769365748
|move|p2a: Slowking|Toxic|p1a: Mandibuzz
|-status|p1a: Mandibuzz|tox
|move|p1a: Mandibuzz|Whirlwind|p2a: Slowking
|drag|p2a: Lokix|Lokix, F|100/100
|
|-damage|p1a: Mandibuzz|68/100 tox|[from] psn
|upkeep
|turn|6
|
|t:|1769365756
|move|p2a: Lokix|U-turn|p1a: Mandibuzz
|-damage|p1a: Mandibuzz|32/100 tox
|
|t:|1769365761
|switch|p2a: Great Tusk|Great Tusk|100/100|[from] U-turn
|move|p1a: Mandibuzz|Knock Off|p2a: Great Tusk
|-resisted|p2a: Great Tusk
|-damage|p2a: Great Tusk|92/100
|-damage|p1a: Mandibuzz|16/100 tox|[from] item: Rocky Helmet|[of] p2a: Great Tusk
|-enditem|p2a: Great Tusk|Rocky Helmet|[from] move: Knock Off|[of] p1a: Mandibuzz
|
|-damage|p1a: Mandibuzz|3/100 tox|[from] psn
|upkeep
|turn|7
|
|t:|1769365772
|switch|p1a: Forretress|Forretress, F|100/100
|move|p2a: Great Tusk|Rapid Spin|p1a: Forretress
|-resisted|p1a: Forretress
|-damage|p1a: Forretress|97/100
|-boost|p2a: Great Tusk|spe|1
|
|-heal|p1a: Forretress|100/100|[from] item: Leftovers
|upkeep
|turn|8
|
|t:|1769365778
|move|p2a: Great Tusk|Stealth Rock|p1a: Forretress
|-sidestart|p1: litle_noob|move: Stealth Rock
|move|p1a: Forretress|Stealth Rock|p2a: Great Tusk
|-sidestart|p2: Sloowbroo|move: Stealth Rock
|
|upkeep
|turn|9
|
|t:|1769365782
|move|p2a: Great Tusk|Rapid Spin|p1a: Forretress
|-resisted|p1a: Forretress
|-damage|p1a: Forretress|96/100
|-boost|p2a: Great Tusk|spe|1
|-sideend|p2: Sloowbroo|Stealth Rock|[from] move: Rapid Spin|[of] p2a: Great Tusk
|move|p1a: Forretress|Rapid Spin|p2a: Great Tusk
|-damage|p2a: Great Tusk|85/100
|-boost|p1a: Forretress|spe|1
|-sideend|p1: litle_noob|Stealth Rock|[from] move: Rapid Spin|[of] p1a: Forretress
|
|-heal|p1a: Forretress|100/100|[from] item: Leftovers
|upkeep
|turn|10
|
|t:|1769365792
|-end|p2a: Great Tusk|Protosynthesis|[silent]
|switch|p2a: Cinderace|Cinderace, M|100/100
|move|p1a: Forretress|Stealth Rock|p2a: Cinderace
|-sidestart|p2: Sloowbroo|move: Stealth Rock
|
|upkeep
|turn|11
|
|t:|1769365808
|switch|p1a: Quaquaval|Quaquaval, F|100/100
|move|p2a: Cinderace|Court Change|p2a: Cinderace
|-swapsideconditions
|-activate|p2a: Cinderace|move: Court Change
|
|upkeep
|turn|12
|
|t:|1769365825
|switch|p2a: Slowking|Slowking-Galar, F|100/100
|move|p1a: Quaquaval|Aqua Jet|p2a: Slowking
|-damage|p2a: Slowking|88/100
|
|upkeep
|turn|13
|
|t:|1769365834
|move|p1a: Quaquaval|Rapid Spin|p2a: Slowking
|-damage|p2a: Slowking|79/100
|-boost|p1a: Quaquaval|spe|1
|-sideend|p1: litle_noob|Stealth Rock|[from] move: Rapid Spin|[of] p1a: Quaquaval
|move|p2a: Slowking|Psychic Noise|p1a: Quaquaval
|-supereffective|p1a: Quaquaval
|-damage|p1a: Quaquaval|56/100
|-start|p1a: Quaquaval|move: Heal Block
|
|upkeep
|turn|14
|
|t:|1769365842
|switch|p1a: Gholdengo|Gholdengo|35/100
|move|p2a: Slowking|Psychic Noise|p1a: Gholdengo
|-resisted|p1a: Gholdengo
|-damage|p1a: Gholdengo|26/100
|-start|p1a: Gholdengo|move: Heal Block
|
|upkeep
|turn|15
|
|t:|1769365852
|move|p1a: Gholdengo|Shadow Ball|p2a: Slowking
|-supereffective|p2a: Slowking
|-damage|p2a: Slowking|27/100
|-prepare|p2a: Slowking|Chilly Reception|[premajor]
|move|p2a: Slowking|Chilly Reception|p2a: Slowking
|-weather|Snowscape
|
|t:|1769365871
|switch|p2a: Tornadus|Tornadus-Therian, M|100/100|[from] Chilly Reception
|
|-weather|Snowscape|[upkeep]
|-end|p1a: Gholdengo|move: Heal Block
|upkeep
|turn|16
|
|t:|1769365882
|move|p2a: Tornadus|Heat Wave|p1a: Gholdengo
|-supereffective|p1a: Gholdengo
|-damage|p1a: Gholdengo|0 fnt
|faint|p1a: Gholdengo
|
|-weather|Snowscape|[upkeep]
|upkeep
|
|t:|1769365885
|switch|p1a: Toedscruel|Toedscruel, F|100/100
|turn|17
|
|t:|1769365895
|move|p2a: Tornadus|Bleakwind Storm|p1a: Toedscruel|[miss]
|-miss|p2a: Tornadus|p1a: Toedscruel
|move|p1a: Toedscruel|Toxic|p2a: Tornadus
|-status|p2a: Tornadus|tox
|
|-weather|Snowscape|[upkeep]
|-damage|p2a: Tornadus|94/100 tox|[from] psn
|upkeep
|turn|18
|
|t:|1769365902
|move|p2a: Tornadus|Bleakwind Storm|p1a: Toedscruel
|-supereffective|p1a: Toedscruel
|-damage|p1a: Toedscruel|52/100
|move|p1a: Toedscruel|Leech Seed|p2a: Tornadus
|-start|p2a: Tornadus|move: Leech Seed
|
|-weather|Snowscape|[upkeep]
|-heal|p1a: Toedscruel|58/100|[from] item: Leftovers
|-damage|p2a: Tornadus|82/100 tox|[from] Leech Seed|[of] p1a: Toedscruel
|-heal|p1a: Toedscruel|71/100|[silent]
|-damage|p2a: Tornadus|70/100 tox|[from] psn
|upkeep
|turn|19
|
|t:|1769365910
|move|p2a: Tornadus|U-turn|p1a: Toedscruel
|-supereffective|p1a: Toedscruel
|-damage|p1a: Toedscruel|30/100
|
|t:|1769365914
|switch|p2a: Hydrapple|Hydrapple, F|100/100|[from] U-turn
|move|p1a: Toedscruel|Giga Drain|p2a: Hydrapple
|-resisted|p2a: Hydrapple
|-crit|p2a: Hydrapple
|-damage|p2a: Hydrapple|92/100
|-heal|p1a: Toedscruel|35/100|[from] drain|[of] p2a: Hydrapple
|
|-weather|none
|-heal|p1a: Toedscruel|41/100|[from] item: Leftovers
|upkeep
|turn|20
|
|t:|1769365922
|move|p2a: Hydrapple|Nasty Plot|p2a: Hydrapple
|-boost|p2a: Hydrapple|spa|2
|move|p1a: Toedscruel|Toxic|p2a: Hydrapple
|-status|p2a: Hydrapple|tox
|
|-heal|p1a: Toedscruel|47/100|[from] item: Leftovers
|-damage|p2a: Hydrapple|85/100 tox|[from] psn
|upkeep
|turn|21
|
|t:|1769365936
|move|p1a: Toedscruel|Earth Power|p2a: Hydrapple
|-resisted|p2a: Hydrapple
|-damage|p2a: Hydrapple|70/100 tox
|move|p2a: Hydrapple|Fickle Beam|p1a: Toedscruel|[anim] Fickle Beam All Out
|-activate|p2a: Hydrapple|move: Fickle Beam
|-crit|p1a: Toedscruel
|-damage|p1a: Toedscruel|0 fnt
|faint|p1a: Toedscruel
|-damage|p2a: Hydrapple|61/100 tox|[from] item: Life Orb
|
|-damage|p2a: Hydrapple|49/100 tox|[from] psn
|upkeep
|
|t:|1769365943
|switch|p1a: Mandibuzz|Mandibuzz, F|3/100 tox
|turn|22
|
|t:|1769365952
|switch|p2a: Great Tusk|Great Tusk|85/100
|move|p1a: Mandibuzz|Knock Off|p2a: Great Tusk
|-resisted|p2a: Great Tusk
|-damage|p2a: Great Tusk|81/100
|
|-damage|p1a: Mandibuzz|0 fnt|[from] psn
|faint|p1a: Mandibuzz
|upkeep
|
|t:|1769365962
|switch|p1a: Quaquaval|Quaquaval, F|56/100
|turn|23
|
|t:|1769365969
|-terastallize|p1a: Quaquaval|Water
|move|p2a: Great Tusk|Earthquake|p1a: Quaquaval
|-damage|p1a: Quaquaval|23/100
|move|p1a: Quaquaval|Aqua Step|p2a: Great Tusk
|-supereffective|p2a: Great Tusk
|-damage|p2a: Great Tusk|31/100
|-boost|p1a: Quaquaval|spe|1
|
|upkeep
|turn|24
|
|t:|1769365978
|move|p1a: Quaquaval|Aqua Step|p2a: Great Tusk
|-supereffective|p2a: Great Tusk
|-damage|p2a: Great Tusk|0 fnt
|-boost|p1a: Quaquaval|spe|1
|faint|p2a: Great Tusk
|-end|p2a: Great Tusk|Protosynthesis|[silent]
|-ability|p1a: Quaquaval|Moxie|boost
|-boost|p1a: Quaquaval|atk|1
|
|upkeep
|
|t:|1769365981
|switch|p2a: Lokix|Lokix, F|100/100
|turn|25
|
|t:|1769365984
|move|p2a: Lokix|First Impression|p1a: Quaquaval
|-damage|p1a: Quaquaval|0 fnt
|faint|p1a: Quaquaval
|
|upkeep
|
|t:|1769365989
|switch|p1a: Houndstone|Houndstone, M|100/100
|turn|26
|
|t:|1769365997
|switch|p2a: Slowking|Slowking-Galar, F|60/100
|move|p1a: Houndstone|Will-O-Wisp|p2a: Slowking|[miss]
|-miss|p1a: Houndstone|p2a: Slowking
|
|upkeep
|turn|27
|
|t:|1769366001
|move|p1a: Houndstone|Poltergeist||[still]
|-fail|p1a: Houndstone
|move|p2a: Slowking|Toxic|p1a: Houndstone
|-status|p1a: Houndstone|tox
|
|-damage|p1a: Houndstone|94/100 tox|[from] psn
|upkeep
|turn|28
|inactive|litle_noob has 120 seconds left.
|inactive|litle_noob has 90 seconds left.
|inactive|litle_noob has 60 seconds left.
|inactive|litle_noob has 30 seconds left.
|inactive|litle_noob has 20 seconds left.
|inactive|litle_noob has 15 seconds left.
|inactive|litle_noob has 10 seconds left.
|inactive|litle_noob has 5 seconds left.
|-message|litle_noob lost due to inactivity.
|
|win|Sloowbroo
|raw|litle_noob's rating: 1302 &rarr; <strong>1283</strong><br />(-19 for losing)
|raw|Sloowbroo's rating: 1318 &rarr; <strong>1337</strong><br />(+19 for winning)
|l|☆Sloowbroo
|player|p2|
