|j|☆ACATM
|j|☆CambridgeFoulPlay
|t:|1769357393
|gametype|singles
|player|p1|ACATM|lillie|1710
|player|p2|CambridgeFoulPlay|266|1804
|gen|9
|tier|[Gen 9] OU
|rated|
|rule|HP Percentage Mod: HP is shown in percentages
|rule|Endless Battle Clause: Forcing endless battles is banned
|rule|Species Clause: Limit one of each Pokémon
|rule|OHKO Clause: OHKO moves are banned
|rule|Evasion Items Clause: Evasion items are banned
|rule|Evasion Moves Clause: Evasion moves are banned
|rule|Evasion Abilities Clause: Evasion abilities are banned
|rule|Sleep Moves Clause: Sleep-inducing moves are banned
|clearpoke
|poke|p1|Great Tusk|
|poke|p1|Slowking-Galar, M|
|poke|p1|Corviknight, F|
|poke|p1|Clefable, F|
|poke|p1|Samurott-Hisui, M|
|poke|p1|Dragapult, F|
|poke|p2|Hydrapple, M|
|poke|p2|Tyranitar, F|
|poke|p2|Moltres|
|poke|p2|Zamazenta-*|
|poke|p2|Slowking-Galar, F|
|poke|p2|Excadrill, F|
|teampreview
|c|☆CambridgeFoulPlay|hf
|inactive|Battle timer is ON: inactive players will automatically lose when time's up. (requested by CambridgeFoulPlay)
|c|☆ACATM|glhf
|
|t:|1769357424
|teamsize|p1|6
|teamsize|p2|6
|start
|switch|p1a: Great Tusk|Great Tusk|100/100
|switch|p2a: Tyranitar|Tyranitar, F|100/100
|-weather|Sandstorm|[from] ability: Sand Stream|[of] p2a: Tyranitar
|turn|1
|
|t:|1769357434
|-end|p1a: Great Tusk|Protosynthesis|[silent]
|switch|p1a: Slowking|Slowking-Galar, M|100/100
|move|p2a: Tyranitar|Ice Beam|p1a: Slowking
|-damage|p1a: Slowking|91/100
|-status|p1a: Slowking|frz
|
|-weather|Sandstorm|[upkeep]
|-damage|p1a: Slowking|85/100 frz|[from] Sandstorm
|upkeep
|turn|2
|
|t:|1769357441
|switch|p1a: Clefable|Clefable, F|100/100
|move|p2a: Tyranitar|Stealth Rock|p1a: Clefable
|-sidestart|p1: ACATM|move: Stealth Rock
|
|-weather|Sandstorm|[upkeep]
|upkeep
|turn|3
|
|t:|1769357446
|switch|p2a: Excadrill|Excadrill, F|100/100
|-item|p2a: Excadrill|Air Balloon
|move|p1a: Clefable|Stealth Rock|p2a: Excadrill
|-sidestart|p2: CambridgeFoulPlay|move: Stealth Rock
|
|-weather|Sandstorm|[upkeep]
|upkeep
|turn|4
|
|t:|1769357452
|switch|p1a: Great Tusk|Great Tusk|100/100
|-damage|p1a: Great Tusk|98/100|[from] Stealth Rock
|move|p2a: Excadrill|Swords Dance|p2a: Excadrill
|-boost|p2a: Excadrill|atk|2
|
|-weather|Sandstorm|[upkeep]
|-heal|p1a: Great Tusk|100/100|[from] item: Leftovers
|upkeep
|turn|5
|
|t:|1769357456
|move|p2a: Excadrill|Rapid Spin|p1a: Great Tusk
|-damage|p1a: Great Tusk|76/100
|-boost|p2a: Excadrill|spe|1
|-sideend|p2: CambridgeFoulPlay|Stealth Rock|[from] move: Rapid Spin|[of] p2a: Excadrill
|move|p1a: Great Tusk|Close Combat|p2a: Excadrill
|-supereffective|p2a: Excadrill
|-crit|p2a: Excadrill
|-damage|p2a: Excadrill|0 fnt
|-unboost|p1a: Great Tusk|def|1
|-unboost|p1a: Great Tusk|spd|1
|-enditem|p2a: Excadrill|Air Balloon
|faint|p2a: Excadrill
|
|-weather|Sandstorm|[upkeep]
|-heal|p1a: Great Tusk|82/100|[from] item: Leftovers
|upkeep
|
|t:|1769357460
|switch|p2a: Hydrapple|Hydrapple, M|100/100
|turn|6
|
|t:|1769357481
|-end|p1a: Great Tusk|Protosynthesis|[silent]
|switch|p1a: Slowking|Slowking-Galar, M|100/100 frz
|-damage|p1a: Slowking|88/100 frz|[from] Stealth Rock
|move|p2a: Hydrapple|Nasty Plot|p2a: Hydrapple
|-boost|p2a: Hydrapple|spa|2
|
|-weather|Sandstorm|[upkeep]
|-damage|p2a: Hydrapple|94/100|[from] Sandstorm
|-damage|p1a: Slowking|82/100 frz|[from] Sandstorm
|upkeep
|turn|7
|
|t:|1769357484
|move|p2a: Hydrapple|Earth Power|p1a: Slowking
|-supereffective|p1a: Slowking
|-crit|p1a: Slowking
|-damage|p1a: Slowking|10/100 frz
|-unboost|p1a: Slowking|spd|1
|cant|p1a: Slowking|frz
|
|-weather|Sandstorm|[upkeep]
|-damage|p2a: Hydrapple|88/100|[from] Sandstorm
|-damage|p1a: Slowking|4/100 frz|[from] Sandstorm
|upkeep
|turn|8
|
|t:|1769357494
|move|p2a: Hydrapple|Giga Drain|p1a: Slowking
|-resisted|p1a: Slowking
|-damage|p1a: Slowking|0 fnt
|-heal|p2a: Hydrapple|90/100|[from] drain|[of] p1a: Slowking
|faint|p1a: Slowking
|
|-weather|none
|upkeep
|
|t:|1769357507
|switch|p1a: Dragapult|Dragapult, F|100/100
|-damage|p1a: Dragapult|88/100|[from] Stealth Rock
|turn|9
|
|t:|1769357513
|-terastallize|p2a: Hydrapple|Poison
|move|p1a: Dragapult|U-turn|p2a: Hydrapple
|-resisted|p2a: Hydrapple
|-damage|p2a: Hydrapple|85/100
|
|t:|1769357524
|switch|p1a: Great Tusk|Great Tusk|82/100|[from] U-turn
|-damage|p1a: Great Tusk|79/100|[from] Stealth Rock
|move|p2a: Hydrapple|Fickle Beam|p1a: Great Tusk
|-damage|p1a: Great Tusk|0 fnt
|faint|p1a: Great Tusk
|-end|p1a: Great Tusk|Protosynthesis|[silent]
|
|upkeep
|
|t:|1769357542
|switch|p1a: Samurott|Samurott-Hisui, M|100/100
|turn|10
|
|t:|1769357544
|-terastallize|p1a: Samurott|Fire
|move|p1a: Samurott|Razor Shell|p2a: Hydrapple
|-damage|p2a: Hydrapple|54/100
|-unboost|p2a: Hydrapple|def|1
|move|p2a: Hydrapple|Giga Drain|p1a: Samurott
|-resisted|p1a: Samurott
|-damage|p1a: Samurott|54/100
|-heal|p2a: Hydrapple|75/100|[from] drain|[of] p1a: Samurott
|
|upkeep
|turn|11
|
|t:|1769357558
|move|p1a: Samurott|Razor Shell|p2a: Hydrapple
|-damage|p2a: Hydrapple|31/100
|-unboost|p2a: Hydrapple|def|1
|move|p2a: Hydrapple|Earth Power|p1a: Samurott
|-supereffective|p1a: Samurott
|-damage|p1a: Samurott|0 fnt
|faint|p1a: Samurott
|
|upkeep
|
|t:|1769357564
|switch|p1a: Dragapult|Dragapult, F|88/100
|-damage|p1a: Dragapult|76/100|[from] Stealth Rock
|turn|12
|
|t:|1769357570
|switch|p2a: Zamazenta|Zamazenta|100/100
|-ability|p2a: Zamazenta|Dauntless Shield|boost
|-boost|p2a: Zamazenta|def|1
|move|p1a: Dragapult|Shadow Ball|p2a: Zamazenta
|-damage|p2a: Zamazenta|55/100
|-unboost|p2a: Zamazenta|spd|1
|
|-heal|p2a: Zamazenta|61/100|[from] item: Leftovers
|upkeep
|turn|13
|
|t:|1769357573
|switch|p2a: Tyranitar|Tyranitar, F|100/100
|-weather|Sandstorm|[from] ability: Sand Stream|[of] p2a: Tyranitar
|move|p1a: Dragapult|Shadow Ball|p2a: Tyranitar
|-resisted|p2a: Tyranitar
|-damage|p2a: Tyranitar|89/100
|
|-weather|Sandstorm|[upkeep]
|-damage|p1a: Dragapult|70/100|[from] Sandstorm
|upkeep
|turn|14
|
|t:|1769357580
|switch|p1a: Corviknight|Corviknight, F|100/100
|-damage|p1a: Corviknight|88/100|[from] Stealth Rock
|-ability|p1a: Corviknight|Pressure
|move|p2a: Tyranitar|Thunder Wave|p1a: Corviknight
|-status|p1a: Corviknight|par
|
|-weather|Sandstorm|[upkeep]
|upkeep
|turn|15
|
|t:|1769357584
|switch|p2a: Hydrapple|Hydrapple, M, tera:Poison|64/100
|move|p1a: Corviknight|U-turn|p2a: Hydrapple
|-resisted|p2a: Hydrapple
|-damage|p2a: Hydrapple|60/100
|
|t:|1769357586
|switch|p1a: Dragapult|Dragapult, F|70/100|[from] U-turn
|-damage|p1a: Dragapult|58/100|[from] Stealth Rock
|
|-weather|Sandstorm|[upkeep]
|-damage|p1a: Dragapult|52/100|[from] Sandstorm
|-damage|p2a: Hydrapple|54/100|[from] Sandstorm
|upkeep
|turn|16
|
|t:|1769357590
|switch|p2a: Tyranitar|Tyranitar, F|89/100
|move|p1a: Dragapult|Draco Meteor|p2a: Tyranitar
|-damage|p2a: Tyranitar|53/100
|-unboost|p1a: Dragapult|spa|2
|
|-weather|Sandstorm|[upkeep]
|-damage|p1a: Dragapult|46/100|[from] Sandstorm
|upkeep
|turn|17
|
|t:|1769357593
|switch|p1a: Corviknight|Corviknight, F|88/100 par
|-damage|p1a: Corviknight|76/100 par|[from] Stealth Rock
|-ability|p1a: Corviknight|Pressure
|move|p2a: Tyranitar|Knock Off|p1a: Corviknight
|-damage|p1a: Corviknight|50/100 par
|-damage|p2a: Tyranitar|36/100|[from] item: Rocky Helmet|[of] p1a: Corviknight
|-enditem|p1a: Corviknight|Rocky Helmet|[from] move: Knock Off|[of] p2a: Tyranitar
|
|-weather|Sandstorm|[upkeep]
|upkeep
|turn|18
|
|t:|1769357597
|switch|p2a: Hydrapple|Hydrapple, M, tera:Poison|87/100
|move|p1a: Corviknight|Roost|p1a: Corviknight
|-heal|p1a: Corviknight|99/100 par
|-singleturn|p1a: Corviknight|move: Roost
|
|-weather|Sandstorm|[upkeep]
|-damage|p2a: Hydrapple|81/100|[from] Sandstorm
|upkeep
|turn|19
|
|t:|1769357601
|switch|p2a: Slowking|Slowking-Galar, F|100/100
|cant|p1a: Corviknight|par
|
|-weather|Sandstorm|[upkeep]
|-damage|p2a: Slowking|94/100|[from] Sandstorm
|upkeep
|turn|20
|
|t:|1769357605
|switch|p1a: Dragapult|Dragapult, F|46/100
|-damage|p1a: Dragapult|33/100|[from] Stealth Rock
|move|p2a: Slowking|Flamethrower|p1a: Dragapult
|-resisted|p1a: Dragapult
|-damage|p1a: Dragapult|17/100
|
|-weather|none
|upkeep
|turn|21
|
|t:|1769357607
|move|p1a: Dragapult|Shadow Ball|p2a: Slowking
|-supereffective|p2a: Slowking
|-damage|p2a: Slowking|38/100
|move|p2a: Slowking|Sludge Bomb|p1a: Dragapult
|-resisted|p1a: Dragapult
|-damage|p1a: Dragapult|0 fnt
|faint|p1a: Dragapult
|
|upkeep
|-message|ACATM forfeited.
|
|win|CambridgeFoulPlay
|raw|ACATM's rating: 1710 &rarr; <strong>1695</strong><br />(-15 for losing)
|raw|CambridgeFoulPlay's rating: 1804 &rarr; <strong>1819</strong><br />(+15 for winning)
|c|☆CambridgeFoulPlay|gg
|l|☆ACATM
|player|p1|
