|j|☆llamarada
|j|☆DcBaker
|t:|1769377990
|gametype|singles
|player|p1|llamarada|101|1176
|player|p2|DcBaker|pokemonrangerf|1211
|gen|9
|tier|[Gen 9] OU
|rated|
|rule|HP Percentage Mod: HP is shown in percentages
|rule|Endless Battle Clause: Forcing endless battles is banned
|rule|Species Clause: Limit one of each Pokémon
|rule|OHKO Clause: OHKO moves are banned
|rule|Evasion Items Clause: Evasion items are banned
|rule|Evasion Moves Clause: Evasion moves are banned
|rule|Evasion Abilities Clause: Evasion abilities are banned
|rule|Sleep Moves Clause: Sleep-inducing moves are banned
|clearpoke
|poke|p1|Great Tusk|
|poke|p1|Gholdengo|
|poke|p1|Kingambit, F|
|poke|p1|Raging Bolt|
|poke|p1|Dragapult, F|
|poke|p1|Ting-Lu|
|poke|p2|Deoxys-Speed|
|poke|p2|Ceruledge, M|
|poke|p2|Zamazenta-*|
|poke|p2|Ogerpon-Wellspring, F|
|poke|p2|Glimmora, M|
|poke|p2|Moltres-Galar|
|teampreview
|inactive|Battle timer is ON: inactive players will automatically lose when time's up. (requested by DcBaker)
|
|t:|1769378001
|teamsize|p1|6
|teamsize|p2|6
|start
|switch|p1a: Dragapult|Dragapult, F|100/100
|switch|p2a: 1/151|Ogerpon-Wellspring, F|100/100
|turn|1
|
|t:|1769378010
|move|p1a: Dragapult|Will-O-Wisp|p2a: 1/151
|-status|p2a: 1/151|brn
|move|p2a: 1/151|Swords Dance|p2a: 1/151
|-boost|p2a: 1/151|atk|2
|
|-damage|p2a: 1/151|95/100 brn|[from] brn
|upkeep
|turn|2
|
|t:|1769378016
|move|p1a: Dragapult|U-turn|p2a: 1/151
|-supereffective|p2a: 1/151
|-damage|p2a: 1/151|51/100 brn
|
|t:|1769378036
|switch|p1a: Great Tusk|Great Tusk|100/100|[from] U-turn
|move|p2a: 1/151|Play Rough|p1a: Great Tusk
|-supereffective|p1a: Great Tusk
|-damage|p1a: Great Tusk|66/100
|-unboost|p1a: Great Tusk|atk|1
|
|-heal|p1a: Great Tusk|72/100|[from] item: Leftovers
|-damage|p2a: 1/151|45/100 brn|[from] brn
|upkeep
|turn|3
|
|t:|1769378050
|-terastallize|p1a: Great Tusk|Water
|move|p2a: 1/151|Horn Leech|p1a: Great Tusk
|-supereffective|p1a: Great Tusk
|-crit|p1a: Great Tusk
|-damage|p1a: Great Tusk|8/100
|-heal|p2a: 1/151|91/100 brn|[from] drain|[of] p1a: Great Tusk
|move|p1a: Great Tusk|Rapid Spin|p2a: 1/151
|-damage|p2a: 1/151|79/100 brn
|-boost|p1a: Great Tusk|spe|1
|
|-heal|p1a: Great Tusk|14/100|[from] item: Leftovers
|-damage|p2a: 1/151|73/100 brn|[from] brn
|upkeep
|turn|4
|
|t:|1769378063
|move|p2a: 1/151|Horn Leech|p1a: Great Tusk
|-supereffective|p1a: Great Tusk
|-damage|p1a: Great Tusk|0 fnt
|-heal|p2a: 1/151|83/100 brn|[from] drain|[of] p1a: Great Tusk
|faint|p1a: Great Tusk
|-end|p1a: Great Tusk|Protosynthesis|[silent]
|
|-damage|p2a: 1/151|77/100 brn|[from] brn
|upkeep
|
|t:|1769378078
|switch|p1a: Dragapult|Dragapult, F|100/100
|turn|5
|
|t:|1769378084
|move|p1a: Dragapult|Draco Meteor|p2a: 1/151
|-damage|p2a: 1/151|10/100 brn
|-unboost|p1a: Dragapult|spa|2
|move|p2a: 1/151|Play Rough|p1a: Dragapult
|-supereffective|p1a: Dragapult
|-damage|p1a: Dragapult|0 fnt
|faint|p1a: Dragapult
|
|-damage|p2a: 1/151|4/100 brn|[from] brn
|upkeep
|
|t:|1769378092
|switch|p1a: Kingambit|Kingambit, F|100/100
|-activate|p1a: Kingambit|ability: Supreme Overlord
|-start|p1a: Kingambit|fallen2|[silent]
|turn|6
|
|t:|1769378100
|move|p1a: Kingambit|Sucker Punch||[still]
|-fail|p1a: Kingambit
|move|p2a: 1/151|Swords Dance|p2a: 1/151
|-boost|p2a: 1/151|atk|2
|
|-damage|p2a: 1/151|0 fnt|[from] brn
|faint|p2a: 1/151
|upkeep
|
|t:|1769378120
|switch|p2a: ZAHM|Zamazenta|100/100
|-ability|p2a: ZAHM|Dauntless Shield|boost
|-boost|p2a: ZAHM|def|1
|turn|7
|
|t:|1769378128
|-end|p1a: Kingambit|fallen2|[silent]
|switch|p1a: Gholdengo|Gholdengo|100/100
|move|p2a: ZAHM|Iron Defense|p2a: ZAHM
|-boost|p2a: ZAHM|def|2
|
|upkeep
|turn|8
|
|t:|1769378133
|move|p1a: Gholdengo|Trick|p2a: ZAHM
|-activate|p1a: Gholdengo|move: Trick|[of] p2a: ZAHM
|-item|p2a: ZAHM|Choice Scarf|[from] move: Trick
|-item|p1a: Gholdengo|Leftovers|[from] move: Trick
|move|p2a: ZAHM|Roar|p1a: Gholdengo
|-immune|p1a: Gholdengo|[from] ability: Good as Gold
|
|upkeep
|turn|9
|
|t:|1769378145
|switch|p2a: Sara|Ceruledge, M|100/100
|move|p1a: Gholdengo|Shadow Ball|p2a: Sara
|-supereffective|p2a: Sara
|-damage|p2a: Sara|6/100
|
|upkeep
|turn|10
|
|t:|1769378173
|switch|p1a: Raging Bolt|Raging Bolt|100/100
|-enditem|p1a: Raging Bolt|Booster Energy
|-activate|p1a: Raging Bolt|ability: Protosynthesis|[fromitem]
|-start|p1a: Raging Bolt|protosynthesisspa
|move|p2a: Sara|Shadow Sneak|p1a: Raging Bolt
|-damage|p1a: Raging Bolt|79/100
|-damage|p2a: Sara|0 fnt|[from] item: Life Orb
|faint|p2a: Sara
|
|upkeep
|inactive|DcBaker has 120 seconds left.
|
|t:|1769378189
|switch|p2a: gimmie|Glimmora, M|100/100
|turn|11
|
|t:|1769378201
|move|p2a: gimmie|Meteor Beam||[still]
|-prepare|p2a: gimmie|Meteor Beam
|-boost|p2a: gimmie|spa|1
|-enditem|p2a: gimmie|Power Herb
|-anim|p2a: gimmie|Meteor Beam|p1a: Raging Bolt
|-damage|p1a: Raging Bolt|6/100
|move|p1a: Raging Bolt|Calm Mind|p1a: Raging Bolt
|-boost|p1a: Raging Bolt|spa|1
|-boost|p1a: Raging Bolt|spd|1
|
|upkeep
|turn|12
|
|t:|1769378211
|-end|p1a: Raging Bolt|Protosynthesis|[silent]
|switch|p1a: Ting-Lu|Ting-Lu|100/100
|-ability|p1a: Ting-Lu|Vessel of Ruin
|move|p2a: gimmie|Mortal Spin|p1a: Ting-Lu
|-resisted|p1a: Ting-Lu
|-damage|p1a: Ting-Lu|99/100
|-status|p1a: Ting-Lu|psn
|
|-heal|p1a: Ting-Lu|100/100 psn|[from] item: Leftovers
|-damage|p1a: Ting-Lu|88/100 psn|[from] psn
|upkeep
|turn|13
|
|t:|1769378226
|move|p2a: gimmie|Stealth Rock|p1a: Ting-Lu
|-sidestart|p1: llamarada|move: Stealth Rock
|move|p1a: Ting-Lu|Ruination|p2a: gimmie
|-damage|p2a: gimmie|51/100
|
|-heal|p1a: Ting-Lu|94/100 psn|[from] item: Leftovers
|-damage|p1a: Ting-Lu|82/100 psn|[from] psn
|upkeep
|turn|14
|
|t:|1769378237
|move|p2a: gimmie|Earth Power|p1a: Ting-Lu
|-damage|p1a: Ting-Lu|62/100 psn
|move|p1a: Ting-Lu|Spikes|p2a: gimmie
|-sidestart|p2: DcBaker|Spikes
|
|-heal|p1a: Ting-Lu|68/100 psn|[from] item: Leftovers
|-damage|p1a: Ting-Lu|56/100 psn|[from] psn
|upkeep
|turn|15
|
|t:|1769378257
|move|p2a: gimmie|Mortal Spin|p1a: Ting-Lu
|-resisted|p1a: Ting-Lu
|-damage|p1a: Ting-Lu|54/100 psn
|-sideend|p2: DcBaker|Spikes|[from] move: Mortal Spin|[of] p2a: gimmie
|move|p1a: Ting-Lu|Whirlwind|p2a: gimmie
|drag|p2a: mo|Moltres-Galar|100/100
|
|-heal|p1a: Ting-Lu|60/100 psn|[from] item: Leftovers
|-damage|p1a: Ting-Lu|48/100 psn|[from] psn
|upkeep
|turn|16
|
|t:|1769378270
|move|p2a: mo|Agility|p2a: mo
|-boost|p2a: mo|spe|2
|move|p1a: Ting-Lu|Spikes|p2a: mo
|-sidestart|p2: DcBaker|Spikes
|
|-heal|p1a: Ting-Lu|54/100 psn|[from] item: Leftovers
|-damage|p1a: Ting-Lu|42/100 psn|[from] psn
|upkeep
|turn|17
|
|t:|1769378275
|move|p2a: mo|Nasty Plot|p2a: mo
|-boost|p2a: mo|spa|2
|move|p1a: Ting-Lu|Whirlwind|p2a: mo
|drag|p2a: DEO|Deoxys-Speed|100/100
|-damage|p2a: DEO|88/100|[from] Spikes
|-ability|p2a: DEO|Pressure
|
|-heal|p1a: Ting-Lu|48/100 psn|[from] item: Leftovers
|-damage|p1a: Ting-Lu|36/100 psn|[from] psn
|upkeep
|turn|18
|
|t:|1769378281
|move|p2a: DEO|Taunt|p1a: Ting-Lu
|-start|p1a: Ting-Lu|move: Taunt
|cant|p1a: Ting-Lu|move: Taunt|Spikes
|
|-heal|p1a: Ting-Lu|42/100 psn|[from] item: Leftovers
|-damage|p1a: Ting-Lu|29/100 psn|[from] psn
|upkeep
|turn|19
|
|t:|1769378285
|move|p2a: DEO|Light Screen|p2a: DEO
|-sidestart|p2: DcBaker|move: Light Screen
|move|p1a: Ting-Lu|Ruination|p2a: DEO
|-damage|p2a: DEO|44/100
|
|-heal|p1a: Ting-Lu|36/100 psn|[from] item: Leftovers
|-damage|p1a: Ting-Lu|23/100 psn|[from] psn
|upkeep
|turn|20
|
|t:|1769378290
|move|p2a: DEO|Reflect|p2a: DEO
|-sidestart|p2: DcBaker|Reflect
|move|p1a: Ting-Lu|Earthquake|p2a: DEO
|-damage|p2a: DEO|21/100
|
|-heal|p1a: Ting-Lu|29/100 psn|[from] item: Leftovers
|-damage|p1a: Ting-Lu|17/100 psn|[from] psn
|-end|p1a: Ting-Lu|move: Taunt
|upkeep
|turn|21
|
|t:|1769378295
|move|p2a: DEO|Taunt|p1a: Ting-Lu
|-start|p1a: Ting-Lu|move: Taunt
|cant|p1a: Ting-Lu|move: Taunt|Spikes
|
|-heal|p1a: Ting-Lu|23/100 psn|[from] item: Leftovers
|-damage|p1a: Ting-Lu|11/100 psn|[from] psn
|upkeep
|turn|22
|
|t:|1769378299
|move|p2a: DEO|Light Screen||[still]
|-fail|p2a: DEO
|move|p1a: Ting-Lu|Earthquake|p2a: DEO
|-damage|p2a: DEO|0 fnt
|faint|p2a: DEO
|
|-heal|p1a: Ting-Lu|17/100 psn|[from] item: Leftovers
|-damage|p1a: Ting-Lu|4/100 psn|[from] psn
|upkeep
|
|t:|1769378303
|switch|p2a: gimmie|Glimmora, M|51/100
|-damage|p2a: gimmie|38/100|[from] Spikes
|turn|23
|
|t:|1769378307
|switch|p1a: Gholdengo|Gholdengo|100/100
|-damage|p1a: Gholdengo|94/100|[from] Stealth Rock
|move|p2a: gimmie|Mortal Spin|p1a: Gholdengo
|-immune|p1a: Gholdengo
|
|-heal|p1a: Gholdengo|100/100|[from] item: Leftovers
|upkeep
|turn|24
|
|t:|1769378318
|move|p2a: gimmie|Earth Power|p1a: Gholdengo
|-supereffective|p1a: Gholdengo
|-damage|p1a: Gholdengo|32/100
|move|p1a: Gholdengo|Focus Blast|p2a: gimmie|[miss]
|-miss|p1a: Gholdengo|p2a: gimmie
|
|-heal|p1a: Gholdengo|38/100|[from] item: Leftovers
|upkeep
|turn|25
|
|t:|1769378328
|switch|p1a: Ting-Lu|Ting-Lu|4/100 psn
|-damage|p1a: Ting-Lu|0 fnt|[from] Stealth Rock
|faint|p1a: Ting-Lu
|move|p2a: gimmie|Earth Power|p1: Ting-Lu|[notarget]
|-fail|p2a: gimmie
|
|upkeep
|
|t:|1769378336
|switch|p1a: Raging Bolt|Raging Bolt|6/100
|-damage|p1a: Raging Bolt|0 fnt|[from] Stealth Rock
|faint|p1a: Raging Bolt
|-end|p1a: Raging Bolt|Protosynthesis|[silent]
|
|t:|1769378342
|switch|p1a: Kingambit|Kingambit, F|100/100
|-damage|p1a: Kingambit|94/100|[from] Stealth Rock
|-activate|p1a: Kingambit|ability: Supreme Overlord
|-start|p1a: Kingambit|fallen4|[silent]
|turn|26
|
|t:|1769378348
|-end|p1a: Kingambit|fallen4|[silent]
|switch|p1a: Gholdengo|Gholdengo|38/100
|-damage|p1a: Gholdengo|32/100|[from] Stealth Rock
|move|p2a: gimmie|Earth Power|p1a: Gholdengo
|-supereffective|p1a: Gholdengo
|-damage|p1a: Gholdengo|0 fnt
|faint|p1a: Gholdengo
|
|-sideend|p2: DcBaker|move: Light Screen
|upkeep
|
|t:|1769378352
|switch|p1a: Kingambit|Kingambit, F|94/100
|-damage|p1a: Kingambit|88/100|[from] Stealth Rock
|-activate|p1a: Kingambit|ability: Supreme Overlord
|-start|p1a: Kingambit|fallen5|[silent]
|turn|27
|
|t:|1769378361
|move|p1a: Kingambit|Sucker Punch|p2a: gimmie
|-damage|p2a: gimmie|0 fnt
|-activate|p2a: gimmie|ability: Toxic Debris
|-sidestart|p1: llamarada|move: Toxic Spikes
|faint|p2a: gimmie
|
|-sideend|p2: DcBaker|Reflect
|upkeep
|
|t:|1769378365
|switch|p2a: mo|Moltres-Galar|100/100
|turn|28
|
|t:|1769378394
|move|p2a: mo|Nasty Plot|p2a: mo
|-boost|p2a: mo|spa|2
|move|p1a: Kingambit|Kowtow Cleave|p2a: mo
|-resisted|p2a: mo
|-damage|p2a: mo|53/100
|
|upkeep
|turn|29
|
|t:|1769378406
|-terastallize|p2a: mo|Fairy
|move|p2a: mo|Tera Blast|p1a: Kingambit|[anim] Tera Blast Fairy
|-damage|p1a: Kingambit|19/100
|move|p1a: Kingambit|Iron Head|p2a: mo
|-supereffective|p2a: mo
|-damage|p2a: mo|0 fnt
|faint|p2a: mo
|
|upkeep
|
|t:|1769378410
|switch|p2a: ZAHM|Zamazenta|100/100
|-damage|p2a: ZAHM|88/100|[from] Spikes
|turn|30
|
|t:|1769378424
|move|p2a: ZAHM|Body Press|p1a: Kingambit
|-supereffective|p1a: Kingambit
|-damage|p1a: Kingambit|0 fnt
|faint|p1a: Kingambit
|-end|p1a: Kingambit|fallen5|[silent]
|
|win|DcBaker
|raw|llamarada's rating: 1176 &rarr; <strong>1154</strong><br />(-22 for losing)
|raw|DcBaker's rating: 1211 &rarr; <strong>1233</strong><br />(+22 for winning)
