|j|☆Air Glider
|j|☆ShrekForever69
|t:|1769318537
|gametype|singles
|player|p1|Air Glider|170|1491
|player|p2|ShrekForever69|alder|1427
|gen|9
|tier|[Gen 9] OU
|rated|
|rule|HP Percentage Mod: HP is shown in percentages
|rule|Endless Battle Clause: Forcing endless battles is banned
|rule|Species Clause: Limit one of each Pokémon
|rule|OHKO Clause: OHKO moves are banned
|rule|Evasion Items Clause: Evasion items are banned
|rule|Evasion Moves Clause: Evasion moves are banned
|rule|Evasion Abilities Clause: Evasion abilities are banned
|rule|Sleep Moves Clause: Sleep-inducing moves are banned
|clearpoke
|poke|p1|Pelipper, F|
|poke|p1|Iron Treads|
|poke|p1|Samurott-Hisui, M|
|poke|p1|Basculegion, M|
|poke|p1|Toxicroak, F|
|poke|p1|Gyarados, F|
|poke|p2|Weezing-Galar, F|
|poke|p2|Kingambit, M|
|poke|p2|Iron Crown|
|poke|p2|Zamazenta-*|
|poke|p2|Gliscor, M|
|poke|p2|Dragapult, F|
|teampreview
|inactive|Battle timer is ON: inactive players will automatically lose when time's up. (requested by ShrekForever69)
|
|t:|1769318552
|teamsize|p1|6
|teamsize|p2|6
|start
|switch|p1a: Pelipper|Pelipper, F|100/100
|switch|p2a: Geezer|Weezing-Galar, F|100/100
|-ability|p2a: Geezer|Neutralizing Gas
|turn|1
|c|☆ShrekForever69|lol
|
|t:|1769318563
|switch|p1a: Toxicroak|Toxicroak, F|100/100
|move|p2a: Geezer|Will-O-Wisp|p1a: Toxicroak
|-status|p1a: Toxicroak|brn
|
|-damage|p1a: Toxicroak|94/100 brn|[from] brn
|upkeep
|turn|2
|
|t:|1769318568
|-end|p2a: Geezer|ability: Neutralizing Gas
|switch|p2a: Gliscor|Gliscor, M|100/100
|move|p1a: Toxicroak|Knock Off|p2a: Gliscor
|-damage|p2a: Gliscor|89/100
|-enditem|p2a: Gliscor|Toxic Orb|[from] move: Knock Off|[of] p1a: Toxicroak
|
|-damage|p1a: Toxicroak|88/100 brn|[from] brn
|upkeep
|turn|3
|c|☆Air Glider|Lol
|
|t:|1769318577
|switch|p1a: Pelipper|Pelipper, F|100/100
|-weather|RainDance|[from] ability: Drizzle|[of] p1a: Pelipper
|move|p2a: Gliscor|Stealth Rock|p1a: Pelipper
|-sidestart|p1: Air Glider|move: Stealth Rock
|
|-weather|RainDance|[upkeep]
|upkeep
|turn|4
|
|t:|1769318592
|move|p2a: Gliscor|Knock Off|p1a: Pelipper
|-damage|p1a: Pelipper|69/100
|-enditem|p1a: Pelipper|Damp Rock|[from] move: Knock Off|[of] p2a: Gliscor
|move|p1a: Pelipper|U-turn|p2a: Gliscor
|-resisted|p2a: Gliscor
|-damage|p2a: Gliscor|85/100
|
|t:|1769318601
|switch|p1a: Gyarados|Gyarados, F|100/100|[from] U-turn
|-damage|p1a: Gyarados|76/100|[from] Stealth Rock
|-ability|p1a: Gyarados|Intimidate|boost
|-unboost|p2a: Gliscor|atk|1
|
|-weather|RainDance|[upkeep]
|-heal|p1a: Gyarados|82/100|[from] item: Leftovers
|upkeep
|turn|5
|
|t:|1769318608
|move|p2a: Gliscor|Taunt|p1a: Gyarados
|-start|p1a: Gyarados|move: Taunt
|cant|p1a: Gyarados|move: Taunt|Taunt
|
|-weather|RainDance|[upkeep]
|-heal|p1a: Gyarados|88/100|[from] item: Leftovers
|upkeep
|turn|6
|
|t:|1769318615
|switch|p2a: Geezer|Weezing-Galar, F|100/100
|-ability|p2a: Geezer|Neutralizing Gas
|switch|p1a: Basculegion|Basculegion, M|100/100
|-damage|p1a: Basculegion|88/100|[from] Stealth Rock
|
|-weather|RainDance|[upkeep]
|upkeep
|turn|7
|c|☆ShrekForever69|its weird because i know its smarter to just focus on killing pelipper
|
|t:|1769318625
|-terastallize|p1a: Basculegion|Water
|move|p1a: Basculegion|Wave Crash|p2a: Geezer
|-damage|p2a: Geezer|0 fnt
|faint|p2a: Geezer
|-end|p2a: Geezer|ability: Neutralizing Gas
|-damage|p1a: Basculegion|59/100|[from] Recoil
|
|-weather|RainDance|[upkeep]
|upkeep
|
|t:|1769318633
|switch|p2a: Dragapult|Dragapult, F|100/100
|turn|8
|
|t:|1769318637
|move|p1a: Basculegion|Wave Crash|p2a: Dragapult
|-resisted|p2a: Dragapult
|-damage|p2a: Dragapult|0 fnt
|faint|p2a: Dragapult
|-damage|p1a: Basculegion|32/100|[from] Recoil
|
|-weather|RainDance|[upkeep]
|upkeep
|
|t:|1769318640
|switch|p2a: Zamazenta|Zamazenta|100/100
|-ability|p2a: Zamazenta|Dauntless Shield|boost
|-boost|p2a: Zamazenta|def|1
|turn|9
|
|t:|1769318647
|move|p1a: Basculegion|Wave Crash|p2a: Zamazenta
|-damage|p2a: Zamazenta|22/100
|-damage|p1a: Basculegion|5/100|[from] Recoil
|move|p2a: Zamazenta|Body Press|p1a: Basculegion
|-damage|p1a: Basculegion|0 fnt
|faint|p1a: Basculegion
|
|-weather|RainDance|[upkeep]
|-heal|p2a: Zamazenta|28/100|[from] item: Leftovers
|upkeep
|
|t:|1769318658
|switch|p1a: Gyarados|Gyarados, F|88/100
|-damage|p1a: Gyarados|63/100|[from] Stealth Rock
|-ability|p1a: Gyarados|Intimidate|boost
|-unboost|p2a: Zamazenta|atk|1
|turn|10
|c|☆ShrekForever69|but getting a knock off on it feels wish too
|
|t:|1769318665
|move|p1a: Gyarados|Waterfall|p2a: Zamazenta
|-damage|p2a: Zamazenta|0 fnt
|faint|p2a: Zamazenta
|
|-weather|none
|-heal|p1a: Gyarados|69/100|[from] item: Leftovers
|upkeep
|
|t:|1769318670
|switch|p2a: Iron Crown|Iron Crown|100/100
|-enditem|p2a: Iron Crown|Booster Energy
|-activate|p2a: Iron Crown|ability: Quark Drive|[fromitem]
|-start|p2a: Iron Crown|quarkdrivespe
|turn|11
|c|☆Air Glider|Agreed
|
|t:|1769318677
|switch|p1a: Iron Treads|Iron Treads|100/100
|-damage|p1a: Iron Treads|97/100|[from] Stealth Rock
|-enditem|p1a: Iron Treads|Booster Energy
|-activate|p1a: Iron Treads|ability: Quark Drive|[fromitem]
|-start|p1a: Iron Treads|quarkdriveatk
|move|p2a: Iron Crown|Calm Mind|p2a: Iron Crown
|-boost|p2a: Iron Crown|spa|1
|-boost|p2a: Iron Crown|spd|1
|
|upkeep
|turn|12
|c|☆ShrekForever69|feels wise
|c|☆Air Glider|I understood
|
|t:|1769318685
|move|p2a: Iron Crown|Focus Blast|p1a: Iron Treads
|-supereffective|p1a: Iron Treads
|-damage|p1a: Iron Treads|0 fnt
|faint|p1a: Iron Treads
|-end|p1a: Iron Treads|Quark Drive|[silent]
|
|upkeep
|
|t:|1769318689
|switch|p1a: Pelipper|Pelipper, F|69/100
|-damage|p1a: Pelipper|44/100|[from] Stealth Rock
|-weather|RainDance|[from] ability: Drizzle|[of] p1a: Pelipper
|turn|13
|
|t:|1769318691
|move|p2a: Iron Crown|Psychic|p1a: Pelipper
|-damage|p1a: Pelipper|0 fnt
|faint|p1a: Pelipper
|
|-weather|RainDance|[upkeep]
|upkeep
|
|t:|1769318693
|switch|p1a: Gyarados|Gyarados, F|69/100
|-damage|p1a: Gyarados|44/100|[from] Stealth Rock
|-ability|p1a: Gyarados|Intimidate|boost
|-unboost|p2a: Iron Crown|atk|1
|turn|14
|
|t:|1769318696
|move|p2a: Iron Crown|Psychic|p1a: Gyarados
|-damage|p1a: Gyarados|0 fnt
|faint|p1a: Gyarados
|
|-weather|RainDance|[upkeep]
|upkeep
|c|☆ShrekForever69|gg
|-message|Air Glider forfeited.
|
|win|ShrekForever69
|raw|Air Glider's rating: 1491 &rarr; <strong>1467</strong><br />(-24 for losing)
|raw|ShrekForever69's rating: 1427 &rarr; <strong>1451</strong><br />(+24 for winning)
|c|☆Air Glider|Gg
|l|☆ShrekForever69
|player|p2|
