|j|☆ramoncombats95
|j|☆ayanamiiiiii
|t:|1769342383
|gametype|singles
|player|p1|ramoncombats95|benga|1251
|player|p2|ayanamiiiiii|veteranf|1251
|gen|9
|tier|[Gen 9] OU
|rated|
|rule|HP Percentage Mod: HP is shown in percentages
|rule|Endless Battle Clause: Forcing endless battles is banned
|rule|Species Clause: Limit one of each Pokémon
|rule|OHKO Clause: OHKO moves are banned
|rule|Evasion Items Clause: Evasion items are banned
|rule|Evasion Moves Clause: Evasion moves are banned
|rule|Evasion Abilities Clause: Evasion abilities are banned
|rule|Sleep Moves Clause: Sleep-inducing moves are banned
|clearpoke
|poke|p1|Milotic, M|
|poke|p1|Lokix, M|
|poke|p1|Gliscor, F|
|poke|p1|Corviknight, F|
|poke|p1|Eelektross, F|
|poke|p1|Mienshao, M|
|poke|p2|Landorus-Therian, M|
|poke|p2|Barraskewda, M|
|poke|p2|Thundurus-Therian, M|
|poke|p2|Abomasnow, F|
|poke|p2|Pelipper, M|
|poke|p2|Tentacruel, F|
|teampreview
|
|t:|1769342412
|teamsize|p1|6
|teamsize|p2|6
|start
|switch|p1a: Eelektross|Eelektross, F, shiny|100/100
|switch|p2a: Pelipper|Pelipper, M|100/100
|-weather|RainDance|[from] ability: Drizzle|[of] p2a: Pelipper
|turn|1
|
|t:|1769342420
|move|p2a: Pelipper|U-turn|p1a: Eelektross
|-damage|p1a: Eelektross|91/100
|
|t:|1769342428
|switch|p2a: Landorus|Landorus-Therian, M|100/100|[from] U-turn
|-ability|p2a: Landorus|Intimidate|boost
|-unboost|p1a: Eelektross|atk|1
|move|p1a: Eelektross|Grass Knot|p2a: Landorus
|-damage|p2a: Landorus|59/100
|-damage|p1a: Eelektross|75/100|[from] item: Rocky Helmet|[of] p2a: Landorus
|
|-weather|RainDance|[upkeep]
|upkeep
|turn|2
|
|t:|1769342447
|switch|p1a: Corviknight|Corviknight, F, shiny|100/100
|-ability|p1a: Corviknight|Pressure
|move|p2a: Landorus|Stealth Rock|p1a: Corviknight
|-sidestart|p1: ramoncombats95|move: Stealth Rock
|
|-weather|RainDance|[upkeep]
|upkeep
|turn|3
|
|t:|1769342455
|move|p2a: Landorus|Stone Edge|p1a: Corviknight
|-damage|p1a: Corviknight|82/100
|move|p1a: Corviknight|Defog|p2a: Landorus
|-unboost|p2a: Landorus|evasion|1
|-sideend|p1: ramoncombats95|Stealth Rock|[from] move: Defog|[of] p1a: Corviknight
|
|-weather|RainDance|[upkeep]
|upkeep
|turn|4
|
|t:|1769342463
|move|p2a: Landorus|U-turn|p1a: Corviknight
|-resisted|p1a: Corviknight
|-damage|p1a: Corviknight|79/100
|-damage|p2a: Landorus|43/100|[from] item: Rocky Helmet|[of] p1a: Corviknight
|
|t:|1769342467
|switch|p2a: Barraskewda|Barraskewda, M, shiny|100/100|[from] U-turn
|move|p1a: Corviknight|Iron Head|p2a: Barraskewda
|-resisted|p2a: Barraskewda
|-damage|p2a: Barraskewda|75/100
|
|-weather|RainDance|[upkeep]
|upkeep
|turn|5
|
|t:|1769342490
|move|p2a: Barraskewda|Liquidation|p1a: Corviknight
|-damage|p1a: Corviknight|17/100
|-damage|p2a: Barraskewda|58/100|[from] item: Rocky Helmet|[of] p1a: Corviknight
|move|p1a: Corviknight|Bulk Up|p1a: Corviknight
|-boost|p1a: Corviknight|atk|1
|-boost|p1a: Corviknight|def|1
|
|-weather|none
|upkeep
|turn|6
|
|t:|1769342508
|move|p2a: Barraskewda|Liquidation|p1a: Corviknight
|-damage|p1a: Corviknight|0 fnt
|-damage|p2a: Barraskewda|42/100|[from] item: Rocky Helmet|[of] p1a: Corviknight
|faint|p1a: Corviknight
|
|upkeep
|
|t:|1769342510
|switch|p1a: Lokix|Lokix, M, shiny|100/100
|turn|7
|
|t:|1769342528
|switch|p2a: Pelipper|Pelipper, M|100/100
|-weather|RainDance|[from] ability: Drizzle|[of] p2a: Pelipper
|move|p1a: Lokix|First Impression|p2a: Pelipper
|-resisted|p2a: Pelipper
|-damage|p2a: Pelipper|35/100
|-damage|p1a: Lokix|91/100|[from] item: Life Orb
|
|-weather|RainDance|[upkeep]
|upkeep
|turn|8
|
|t:|1769342549
|move|p2a: Pelipper|Hurricane|p1a: Lokix
|-supereffective|p1a: Lokix
|-damage|p1a: Lokix|0 fnt
|faint|p1a: Lokix
|
|-weather|RainDance|[upkeep]
|upkeep
|
|t:|1769342552
|switch|p1a: Mienshao|Mienshao, M, shiny|100/100
|turn|9
|
|t:|1769342560
|move|p1a: Mienshao|Knock Off|p2a: Pelipper
|-damage|p2a: Pelipper|0 fnt
|-enditem|p2a: Pelipper|Choice Scarf|[from] move: Knock Off|[of] p1a: Mienshao
|faint|p2a: Pelipper
|
|-weather|RainDance|[upkeep]
|upkeep
|
|t:|1769342564
|switch|p2a: Abomasnow|Abomasnow, F|100/100
|-weather|Snowscape|[from] ability: Snow Warning|[of] p2a: Abomasnow
|turn|10
|
|t:|1769342610
|switch|p1a: Milotic|Milotic, M, shiny|100/100
|move|p2a: Abomasnow|Aurora Veil|p2a: Abomasnow
|-sidestart|p2: ayanamiiiiii|move: Aurora Veil
|
|-weather|Snowscape|[upkeep]
|upkeep
|turn|11
|
|t:|1769342620
|move|p2a: Abomasnow|Leech Seed|p1a: Milotic
|-start|p1a: Milotic|move: Leech Seed
|move|p1a: Milotic|Ice Beam|p2a: Abomasnow
|-damage|p2a: Abomasnow|86/100
|
|-weather|Snowscape|[upkeep]
|-heal|p2a: Abomasnow|93/100|[from] item: Leftovers
|-damage|p1a: Milotic|88/100|[from] Leech Seed|[of] p2a: Abomasnow
|-heal|p2a: Abomasnow|100/100|[silent]
|upkeep
|turn|12
|
|t:|1769342628
|switch|p1a: Gliscor|Gliscor, F, shiny|100/100
|move|p2a: Abomasnow|Blizzard|p1a: Gliscor
|-supereffective|p1a: Gliscor
|-damage|p1a: Gliscor|0 fnt
|faint|p1a: Gliscor
|
|-weather|Snowscape|[upkeep]
|upkeep
|
|t:|1769342630
|switch|p1a: Mienshao|Mienshao, M, shiny|100/100
|turn|13
|
|t:|1769342643
|move|p1a: Mienshao|Knock Off|p2a: Abomasnow
|-damage|p2a: Abomasnow|89/100
|-enditem|p2a: Abomasnow|Leftovers|[from] move: Knock Off|[of] p1a: Mienshao
|move|p2a: Abomasnow|Leech Seed|p1a: Mienshao
|-start|p1a: Mienshao|move: Leech Seed
|
|-weather|Snowscape|[upkeep]
|-damage|p1a: Mienshao|88/100|[from] Leech Seed|[of] p2a: Abomasnow
|-heal|p2a: Abomasnow|98/100|[silent]
|upkeep
|turn|14
|
|t:|1769342653
|switch|p1a: Eelektross|Eelektross, F, shiny|75/100
|move|p2a: Abomasnow|Blizzard|p1a: Eelektross
|-damage|p1a: Eelektross|34/100
|
|-weather|none
|-sideend|p2: ayanamiiiiii|move: Aurora Veil
|upkeep
|turn|15
|
|t:|1769342668
|move|p2a: Abomasnow|Blizzard|p1a: Eelektross|[miss]
|-miss|p2a: Abomasnow|p1a: Eelektross
|move|p1a: Eelektross|Flamethrower|p2a: Abomasnow
|-supereffective|p2a: Abomasnow
|-damage|p2a: Abomasnow|0 fnt
|faint|p2a: Abomasnow
|
|upkeep
|
|t:|1769342680
|switch|p2a: Barraskewda|Barraskewda, M, shiny|42/100
|turn|16
|
|t:|1769342688
|move|p2a: Barraskewda|Flip Turn|p1a: Eelektross
|-damage|p1a: Eelektross|0 fnt
|faint|p1a: Eelektross
|
|t:|1769342696
|switch|p2a: Thundurus|Thundurus-Therian, M|100/100|[from] Flip Turn
|
|upkeep
|
|t:|1769342701
|switch|p1a: Mienshao|Mienshao, M, shiny|88/100
|turn|17
|
|t:|1769342708
|-terastallize|p2a: Thundurus|Fairy
|move|p1a: Mienshao|Triple Axel|p2a: Thundurus
|-damage|p2a: Thundurus|89/100
|-damage|p2a: Thundurus|68/100
|-damage|p2a: Thundurus|33/100
|-hitcount|p2a: Thundurus|3
|move|p2a: Thundurus|Tera Blast|p1a: Mienshao|[anim] Tera Blast Fairy
|-supereffective|p1a: Mienshao
|-damage|p1a: Mienshao|0 fnt
|faint|p1a: Mienshao
|
|upkeep
|
|t:|1769342711
|switch|p1a: Milotic|Milotic, M, shiny|88/100
|turn|18
|
|t:|1769342721
|switch|p2a: Tentacruel|Tentacruel, F|100/100
|move|p1a: Milotic|Scald|p2a: Tentacruel
|-resisted|p2a: Tentacruel
|-damage|p2a: Tentacruel|93/100
|
|-heal|p1a: Milotic|94/100|[from] item: Leftovers
|upkeep
|turn|19
|
|t:|1769342729
|move|p2a: Tentacruel|Sludge Bomb|p1a: Milotic
|-damage|p1a: Milotic|75/100
|-status|p1a: Milotic|psn
|move|p1a: Milotic|Scald|p2a: Tentacruel
|-resisted|p2a: Tentacruel
|-damage|p2a: Tentacruel|84/100
|
|-heal|p1a: Milotic|81/100 psn|[from] item: Leftovers
|-damage|p1a: Milotic|69/100 psn|[from] psn
|upkeep
|turn|20
|-message|ramoncombats95 forfeited.
|
|win|ayanamiiiiii
|raw|ramoncombats95's rating: 1229 &rarr; <strong>1206</strong><br />(-23 for losing)
|raw|ayanamiiiiii's rating: 1251 &rarr; <strong>1274</strong><br />(+23 for winning)
|l|☆ramoncombats95
|player|p1|
|l|☆ayanamiiiiii
|player|p2|
