|j|☆Ketro
|j|☆Bug Trainer Barry
|t:|1769377182
|gametype|singles
|player|p1|Ketro|gambler|1287
|player|p2|Bug Trainer Barry|bugcatcher-gen4dp|1326
|gen|9
|tier|[Gen 9] OU
|rated|
|rule|HP Percentage Mod: HP is shown in percentages
|rule|Endless Battle Clause: Forcing endless battles is banned
|rule|Species Clause: Limit one of each Pokémon
|rule|OHKO Clause: OHKO moves are banned
|rule|Evasion Items Clause: Evasion items are banned
|rule|Evasion Moves Clause: Evasion moves are banned
|rule|Evasion Abilities Clause: Evasion abilities are banned
|rule|Sleep Moves Clause: Sleep-inducing moves are banned
|clearpoke
|poke|p1|Samurott-Hisui, F|
|poke|p1|Gholdengo|
|poke|p1|Sandy Shocks|
|poke|p1|Primarina, F|
|poke|p1|Fezandipiti, M|
|poke|p1|Mandibuzz, F|
|poke|p2|Illumise, F|
|poke|p2|Lokix, F|
|poke|p2|Forretress, F|
|poke|p2|Yanmega, F|
|poke|p2|Araquanid, F|
|poke|p2|Slither Wing|
|teampreview
|
|t:|1769377194
|teamsize|p1|6
|teamsize|p2|6
|start
|switch|p1a: Fezandipiti|Fezandipiti, M|100/100
|switch|p2a: Lokix|Lokix, F|100/100
|turn|1
|
|t:|1769377202
|move|p1a: Fezandipiti|Swords Dance|p1a: Fezandipiti
|-boost|p1a: Fezandipiti|atk|2
|move|p2a: Lokix|U-turn|p1a: Fezandipiti
|-resisted|p1a: Fezandipiti
|-damage|p1a: Fezandipiti|64/100
|
|t:|1769377207
|switch|p2a: Forretress|Forretress, F|100/100|[from] U-turn
|
|upkeep
|turn|2
|
|t:|1769377211
|move|p1a: Fezandipiti|Brave Bird|p2a: Forretress
|-damage|p2a: Forretress|54/100
|-damage|p1a: Fezandipiti|48/100|[from] item: Rocky Helmet|[of] p2a: Forretress
|-damage|p1a: Fezandipiti|30/100|[from] Recoil
|-damage|p1a: Fezandipiti|21/100|[from] item: Life Orb
|move|p2a: Forretress|Gyro Ball|p1a: Fezandipiti
|-supereffective|p1a: Fezandipiti
|-damage|p1a: Fezandipiti|0 fnt
|faint|p1a: Fezandipiti
|
|upkeep
|
|t:|1769377217
|switch|p1a: Gholdengo|Gholdengo|100/100
|turn|3
|
|t:|1769377220
|move|p1a: Gholdengo|Shadow Ball|p2a: Forretress
|-damage|p2a: Forretress|0 fnt
|faint|p2a: Forretress
|
|upkeep
|
|t:|1769377224
|switch|p2a: Lokix|Lokix, F|100/100
|turn|4
|
|t:|1769377227
|switch|p1a: Mandibuzz|Mandibuzz, F|100/100
|move|p2a: Lokix|Knock Off|p1a: Mandibuzz
|-resisted|p1a: Mandibuzz
|-damage|p1a: Mandibuzz|60/100
|-enditem|p1a: Mandibuzz|Heavy-Duty Boots|[from] move: Knock Off|[of] p2a: Lokix
|
|upkeep
|turn|5
|
|t:|1769377234
|switch|p2a: Araquanid|Araquanid, F|100/100
|move|p1a: Mandibuzz|U-turn|p2a: Araquanid
|-damage|p2a: Araquanid|89/100
|
|t:|1769377241
|switch|p1a: Primarina|Primarina, F|100/100|[from] U-turn
|
|upkeep
|turn|6
|
|t:|1769377246
|switch|p2a: Illumise|Illumise, F|100/100
|move|p1a: Primarina|Moonblast|p2a: Illumise
|-damage|p2a: Illumise|48/100
|
|upkeep
|turn|7
|
|t:|1769377251
|switch|p1a: Samurott|Samurott-Hisui, F|100/100
|move|p2a: Illumise|Thunder Wave|p1a: Samurott
|-hint|Since gen 7, Dark is immune to Prankster moves.
|-immune|p1a: Samurott
|
|upkeep
|turn|8
|
|t:|1769377255
|move|p1a: Samurott|Ceaseless Edge|p2a: Illumise
|-damage|p2a: Illumise|0 fnt
|-sidestart|p2: Bug Trainer Barry|Spikes
|faint|p2a: Illumise
|
|upkeep
|
|t:|1769377260
|switch|p2a: Yanmega|Yanmega, F|100/100
|turn|9
|
|t:|1769377267
|switch|p1a: Gholdengo|Gholdengo|100/100
|move|p2a: Yanmega|Air Slash|p1a: Gholdengo
|-resisted|p1a: Gholdengo
|-damage|p1a: Gholdengo|30/100
|
|upkeep
|turn|10
|
|t:|1769377275
|switch|p1a: Mandibuzz|Mandibuzz, F|60/100
|move|p2a: Yanmega|Air Slash|p1a: Mandibuzz
|-damage|p1a: Mandibuzz|7/100
|
|upkeep
|turn|11
|
|t:|1769377279
|move|p2a: Yanmega|Air Slash|p1a: Mandibuzz
|-damage|p1a: Mandibuzz|0 fnt
|faint|p1a: Mandibuzz
|
|upkeep
|
|t:|1769377284
|switch|p1a: Primarina|Primarina, F|100/100
|turn|12
|
|t:|1769377288
|move|p1a: Primarina|Moonblast|p2a: Yanmega
|-damage|p2a: Yanmega|9/100
|move|p2a: Yanmega|Air Slash|p1a: Primarina
|-damage|p1a: Primarina|40/100
|
|upkeep
|turn|13
|
|t:|1769377294
|switch|p2a: Araquanid|Araquanid, F|89/100
|-damage|p2a: Araquanid|76/100|[from] Spikes
|move|p1a: Primarina|Moonblast|p2a: Araquanid
|-damage|p2a: Araquanid|41/100
|
|upkeep
|turn|14
|
|t:|1769377305
|switch|p1a: Gholdengo|Gholdengo|30/100
|move|p2a: Araquanid|Sticky Web|p1a: Gholdengo
|-sidestart|p1: Ketro|move: Sticky Web
|
|upkeep
|turn|15
|
|t:|1769377310
|move|p1a: Gholdengo|Thunderbolt|p2a: Araquanid
|-supereffective|p2a: Araquanid
|-damage|p2a: Araquanid|0 fnt
|faint|p2a: Araquanid
|
|upkeep
|
|t:|1769377317
|switch|p2a: Lokix|Lokix, F|100/100
|-damage|p2a: Lokix|88/100|[from] Spikes
|turn|16
|
|t:|1769377322
|move|p1a: Gholdengo|Make It Rain|p2a: Lokix
|-damage|p2a: Lokix|0 fnt
|-unboost|p1a: Gholdengo|spa|1
|faint|p2a: Lokix
|
|upkeep
|
|t:|1769377327
|switch|p2a: Slither Wing|Slither Wing|100/100
|-damage|p2a: Slither Wing|88/100|[from] Spikes
|-enditem|p2a: Slither Wing|Booster Energy
|-activate|p2a: Slither Wing|ability: Protosynthesis|[fromitem]
|-start|p2a: Slither Wing|protosynthesisatk
|turn|17
|
|t:|1769377335
|move|p1a: Gholdengo|Make It Rain|p2a: Slither Wing
|-damage|p2a: Slither Wing|42/100
|-unboost|p1a: Gholdengo|spa|1
|move|p2a: Slither Wing|Bulk Up|p2a: Slither Wing
|-boost|p2a: Slither Wing|atk|1
|-boost|p2a: Slither Wing|def|1
|
|upkeep
|turn|18
|
|t:|1769377341
|move|p1a: Gholdengo|Nasty Plot|p1a: Gholdengo
|-boost|p1a: Gholdengo|spa|2
|move|p2a: Slither Wing|Wild Charge|p1a: Gholdengo
|-damage|p1a: Gholdengo|0 fnt
|faint|p1a: Gholdengo
|-damage|p2a: Slither Wing|35/100|[from] Recoil
|
|upkeep
|
|t:|1769377344
|switch|p1a: Primarina|Primarina, F|40/100
|-activate|p1a: Primarina|move: Sticky Web
|-unboost|p1a: Primarina|spe|1
|turn|19
|
|t:|1769377355
|move|p2a: Slither Wing|Close Combat|p1a: Primarina
|-resisted|p1a: Primarina
|-damage|p1a: Primarina|0 fnt
|-unboost|p2a: Slither Wing|def|1
|-unboost|p2a: Slither Wing|spd|1
|faint|p1a: Primarina
|
|upkeep
|
|t:|1769377362
|switch|p1a: Sandy Shocks|Sandy Shocks|100/100
|-activate|p1a: Sandy Shocks|move: Sticky Web
|-unboost|p1a: Sandy Shocks|spe|1
|-enditem|p1a: Sandy Shocks|Booster Energy
|-activate|p1a: Sandy Shocks|ability: Protosynthesis|[fromitem]
|-start|p1a: Sandy Shocks|protosynthesisspa
|turn|20
|
|t:|1769377370
|move|p2a: Slither Wing|Close Combat|p1a: Sandy Shocks
|-damage|p1a: Sandy Shocks|0 fnt
|-unboost|p2a: Slither Wing|def|1
|-unboost|p2a: Slither Wing|spd|1
|faint|p1a: Sandy Shocks
|-end|p1a: Sandy Shocks|Protosynthesis|[silent]
|
|upkeep
|
|t:|1769377373
|switch|p1a: Samurott|Samurott-Hisui, F|100/100
|-activate|p1a: Samurott|move: Sticky Web
|-unboost|p1a: Samurott|spe|1
|turn|21
|
|t:|1769377377
|-terastallize|p1a: Samurott|Water
|move|p2a: Slither Wing|Leech Life|p1a: Samurott
|-damage|p1a: Samurott|4/100
|-heal|p2a: Slither Wing|77/100|[from] drain|[of] p1a: Samurott
|move|p1a: Samurott|Aqua Cutter|p2a: Slither Wing
|-damage|p2a: Slither Wing|0 fnt
|faint|p2a: Slither Wing
|-end|p2a: Slither Wing|Protosynthesis|[silent]
|
|upkeep
|
|t:|1769377384
|switch|p2a: Yanmega|Yanmega, F|9/100
|turn|22
|
|t:|1769377387
|move|p2a: Yanmega|Bug Buzz|p1a: Samurott
|-damage|p1a: Samurott|0 fnt
|faint|p1a: Samurott
|
|win|Bug Trainer Barry
|raw|Ketro's rating: 1287 &rarr; <strong>1265</strong><br />(-22 for losing)
|raw|Bug Trainer Barry's rating: 1326 &rarr; <strong>1344</strong><br />(+18 for winning)
|l|☆Ketro
|player|p1|
