|j|☆smpark22
|j|☆mckilly
|t:|1769345958
|gametype|singles
|player|p1|smpark22|1|1394
|player|p2|mckilly|wally|1472
|gen|9
|tier|[Gen 9] OU
|rated|
|rule|HP Percentage Mod: HP is shown in percentages
|rule|Endless Battle Clause: Forcing endless battles is banned
|rule|Species Clause: Limit one of each Pokémon
|rule|OHKO Clause: OHKO moves are banned
|rule|Evasion Items Clause: Evasion items are banned
|rule|Evasion Moves Clause: Evasion moves are banned
|rule|Evasion Abilities Clause: Evasion abilities are banned
|rule|Sleep Moves Clause: Sleep-inducing moves are banned
|clearpoke
|poke|p1|Falinks|
|poke|p1|Grimmsnarl, M|
|poke|p1|Latias, F|
|poke|p1|Ursaluna, M|
|poke|p1|Iron Valiant|
|poke|p1|Raging Bolt|
|poke|p2|Heatran, M|
|poke|p2|Pecharunt|
|poke|p2|Iron Valiant|
|poke|p2|Great Tusk|
|poke|p2|Zapdos|
|poke|p2|Weavile, M|
|teampreview
|inactive|Battle timer is ON: inactive players will automatically lose when time's up. (requested by mckilly)
|c|☆smpark22|glhf
|
|t:|1769345974
|teamsize|p1|6
|teamsize|p2|6
|start
|switch|p1a: Iron Valiant|Iron Valiant|100/100
|switch|p2a: Weavile|Weavile, M|100/100
|-ability|p2a: Weavile|Pressure
|turn|1
|
|t:|1769345987
|move|p2a: Weavile|Fake Out|p1a: Iron Valiant
|-damage|p1a: Iron Valiant|83/100
|cant|p1a: Iron Valiant|flinch
|
|upkeep
|turn|2
|
|t:|1769345996
|-terastallize|p2a: Weavile|Dark
|move|p2a: Weavile|Knock Off|p1a: Iron Valiant
|-resisted|p1a: Iron Valiant
|-damage|p1a: Iron Valiant|63/100
|-enditem|p1a: Iron Valiant|Choice Band|[from] move: Knock Off|[of] p2a: Weavile
|move|p1a: Iron Valiant|Spirit Break|p2a: Weavile
|-supereffective|p2a: Weavile
|-enditem|p2a: Weavile|Focus Sash
|-damage|p2a: Weavile|1/100
|-unboost|p2a: Weavile|spa|1
|
|upkeep
|turn|3
|
|t:|1769346009
|move|p1a: Iron Valiant|Shadow Sneak|p2a: Weavile
|-resisted|p2a: Weavile
|-damage|p2a: Weavile|0 fnt
|faint|p2a: Weavile
|
|upkeep
|
|t:|1769346016
|switch|p2a: Iron Valiant|Iron Valiant|100/100
|-enditem|p2a: Iron Valiant|Booster Energy
|-activate|p2a: Iron Valiant|ability: Quark Drive|[fromitem]
|-start|p2a: Iron Valiant|quarkdrivespe
|turn|4
|inactive|smpark22 has 120 seconds left.
|
|t:|1769346051
|-end|p1a: Iron Valiant|Quark Drive|[silent]
|switch|p1a: Grimmsnarl|Grimmsnarl, M|100/100
|move|p2a: Iron Valiant|Calm Mind|p2a: Iron Valiant
|-boost|p2a: Iron Valiant|spa|1
|-boost|p2a: Iron Valiant|spd|1
|
|upkeep
|turn|5
|
|t:|1769346059
|move|p1a: Grimmsnarl|Light Screen|p1a: Grimmsnarl
|-sidestart|p1: smpark22|move: Light Screen
|move|p2a: Iron Valiant|Moonblast|p1a: Grimmsnarl
|-supereffective|p1a: Grimmsnarl
|-damage|p1a: Grimmsnarl|27/100
|
|upkeep
|turn|6
|
|t:|1769346067
|move|p1a: Grimmsnarl|Reflect|p1a: Grimmsnarl
|-sidestart|p1: smpark22|Reflect
|move|p2a: Iron Valiant|Moonblast|p1a: Grimmsnarl
|-supereffective|p1a: Grimmsnarl
|-damage|p1a: Grimmsnarl|0 fnt
|faint|p1a: Grimmsnarl
|
|upkeep
|
|t:|1769346073
|switch|p1a: Ursaluna|Ursaluna, M|100/100
|turn|7
|inactive|mckilly has 120 seconds left.
|
|t:|1769346104
|-end|p2a: Iron Valiant|Quark Drive|[silent]
|switch|p2a: Zapdos|Zapdos|100/100
|move|p1a: Ursaluna|Earthquake|p2a: Zapdos
|-immune|p2a: Zapdos
|
|-status|p1a: Ursaluna|brn|[from] item: Flame Orb
|upkeep
|turn|8
|inactive|mckilly has 120 seconds left.
|
|t:|1769346116
|switch|p2a: Pecharunt|Pecharunt|100/100
|move|p1a: Ursaluna|Facade|p2a: Pecharunt
|-immune|p2a: Pecharunt
|
|-damage|p1a: Ursaluna|94/100 brn|[from] brn
|upkeep
|turn|9
|
|t:|1769346124
|move|p2a: Pecharunt|Parting Shot|p1a: Ursaluna
|-unboost|p1a: Ursaluna|atk|1
|-unboost|p1a: Ursaluna|spa|1
|inactive|mckilly has 120 seconds left.
|
|t:|1769346138
|switch|p2a: Heatran|Heatran, M|100/100|[from] Parting Shot
|-item|p2a: Heatran|Air Balloon
|move|p1a: Ursaluna|Earthquake|p2a: Heatran
|-immune|p2a: Heatran
|
|-damage|p1a: Ursaluna|88/100 brn|[from] brn
|upkeep
|turn|10
|inactive|mckilly has 120 seconds left.
|
|t:|1769346152
|switch|p2a: Pecharunt|Pecharunt|100/100
|move|p1a: Ursaluna|Close Combat|p2a: Pecharunt
|-immune|p2a: Pecharunt
|
|-damage|p1a: Ursaluna|82/100 brn|[from] brn
|upkeep
|turn|11
|
|t:|1769346161
|move|p2a: Pecharunt|Parting Shot|p1a: Ursaluna
|-unboost|p1a: Ursaluna|atk|1
|-unboost|p1a: Ursaluna|spa|1
|
|t:|1769346165
|switch|p2a: Zapdos|Zapdos|100/100|[from] Parting Shot
|move|p1a: Ursaluna|Facade|p2a: Zapdos
|-damage|p2a: Zapdos|29/100
|
|-damage|p1a: Ursaluna|75/100 brn|[from] brn
|upkeep
|turn|12
|
|t:|1769346177
|move|p2a: Zapdos|Air Cutter|p1a: Ursaluna
|-damage|p1a: Ursaluna|63/100 brn
|move|p1a: Ursaluna|Earthquake|p2a: Zapdos
|-immune|p2a: Zapdos
|
|-damage|p1a: Ursaluna|56/100 brn|[from] brn
|-sideend|p1: smpark22|move: Light Screen
|upkeep
|turn|13
|
|t:|1769346190
|switch|p2a: Pecharunt|Pecharunt|100/100
|switch|p1a: Raging Bolt|Raging Bolt|100/100
|
|-sideend|p1: smpark22|Reflect
|upkeep
|turn|14
|
|t:|1769346203
|move|p2a: Pecharunt|Parting Shot|p1a: Raging Bolt
|-unboost|p1a: Raging Bolt|atk|1
|-unboost|p1a: Raging Bolt|spa|1
|
|t:|1769346210
|switch|p2a: Iron Valiant|Iron Valiant|100/100|[from] Parting Shot
|move|p1a: Raging Bolt|Draco Meteor|p2a: Iron Valiant
|-immune|p2a: Iron Valiant
|
|upkeep
|turn|15
|
|t:|1769346225
|move|p2a: Iron Valiant|Calm Mind|p2a: Iron Valiant
|-boost|p2a: Iron Valiant|spa|1
|-boost|p2a: Iron Valiant|spd|1
|move|p1a: Raging Bolt|Thunder Wave|p2a: Iron Valiant
|-status|p2a: Iron Valiant|par
|
|upkeep
|turn|16
|
|t:|1769346239
|move|p1a: Raging Bolt|Volt Switch|p2a: Iron Valiant
|-damage|p2a: Iron Valiant|69/100 par
|
|t:|1769346253
|-end|p1a: Raging Bolt|Protosynthesis|[silent]
|switch|p1a: Ursaluna|Ursaluna, M|56/100 brn|[from] Volt Switch
|cant|p2a: Iron Valiant|par
|
|-damage|p1a: Ursaluna|50/100 brn|[from] brn
|upkeep
|turn|17
|
|t:|1769346264
|move|p2a: Iron Valiant|Aura Sphere|p1a: Ursaluna
|-supereffective|p1a: Ursaluna
|-damage|p1a: Ursaluna|0 fnt
|faint|p1a: Ursaluna
|
|upkeep
|
|t:|1769346272
|switch|p1a: Iron Valiant|Iron Valiant|63/100
|turn|18
|
|t:|1769346277
|move|p1a: Iron Valiant|Spirit Break|p2a: Iron Valiant
|-supereffective|p2a: Iron Valiant
|-damage|p2a: Iron Valiant|0 fnt
|faint|p2a: Iron Valiant
|-end|p2a: Iron Valiant|Quark Drive|[silent]
|
|upkeep
|
|t:|1769346290
|switch|p2a: Pecharunt|Pecharunt|100/100
|turn|19
|
|t:|1769346301
|-end|p1a: Iron Valiant|Quark Drive|[silent]
|switch|p1a: Raging Bolt|Raging Bolt|100/100
|move|p2a: Pecharunt|Malignant Chain|p1a: Raging Bolt
|-damage|p1a: Raging Bolt|67/100
|-status|p1a: Raging Bolt|tox
|-start|p1a: Raging Bolt|confusion|[from] ability: Poison Puppeteer|[of] p2a: Pecharunt
|
|-damage|p1a: Raging Bolt|61/100 tox|[from] psn
|upkeep
|turn|20
|
|t:|1769346315
|move|p2a: Pecharunt|Hex|p1a: Raging Bolt
|-damage|p1a: Raging Bolt|11/100 tox
|-activate|p1a: Raging Bolt|confusion
|-damage|p1a: Raging Bolt|6/100 tox|[from] confusion
|
|-damage|p1a: Raging Bolt|0 fnt|[from] psn
|faint|p1a: Raging Bolt
|-end|p1a: Raging Bolt|Protosynthesis|[silent]
|upkeep
|
|t:|1769346323
|switch|p1a: Latias|Latias, F|100/100
|turn|21
|
|t:|1769346331
|move|p1a: Latias|Substitute|p1a: Latias
|-start|p1a: Latias|Substitute
|-damage|p1a: Latias|75/100
|move|p2a: Pecharunt|Malignant Chain|p1a: Latias
|-end|p1a: Latias|Substitute
|
|-heal|p1a: Latias|82/100|[from] item: Leftovers
|upkeep
|turn|22
|
|t:|1769346354
|move|p1a: Latias|Calm Mind|p1a: Latias
|-boost|p1a: Latias|spa|1
|-boost|p1a: Latias|spd|1
|move|p2a: Pecharunt|Malignant Chain|p1a: Latias
|-damage|p1a: Latias|58/100
|
|-heal|p1a: Latias|65/100|[from] item: Leftovers
|upkeep
|turn|23
|
|t:|1769346365
|move|p1a: Latias|Substitute|p1a: Latias
|-start|p1a: Latias|Substitute
|-damage|p1a: Latias|40/100
|move|p2a: Pecharunt|Hex|p1a: Latias
|-supereffective|p1a: Latias
|-end|p1a: Latias|Substitute
|
|-heal|p1a: Latias|46/100|[from] item: Leftovers
|upkeep
|turn|24
|
|t:|1769346374
|move|p1a: Latias|Stored Power|p2a: Pecharunt
|-supereffective|p2a: Pecharunt
|-damage|p2a: Pecharunt|37/100
|move|p2a: Pecharunt|Hex|p1a: Latias
|-supereffective|p1a: Latias
|-damage|p1a: Latias|19/100
|
|-heal|p1a: Latias|25/100|[from] item: Leftovers
|-heal|p2a: Pecharunt|43/100|[from] item: Leftovers
|upkeep
|turn|25
|
|t:|1769346387
|move|p1a: Latias|Stored Power|p2a: Pecharunt
|-supereffective|p2a: Pecharunt
|-damage|p2a: Pecharunt|0 fnt
|faint|p2a: Pecharunt
|
|-heal|p1a: Latias|31/100|[from] item: Leftovers
|upkeep
|
|t:|1769346394
|switch|p2a: Heatran|Heatran, M|100/100
|-item|p2a: Heatran|Air Balloon
|turn|26
|
|t:|1769346399
|move|p1a: Latias|Aura Sphere|p2a: Heatran
|-supereffective|p2a: Heatran
|-damage|p2a: Heatran|53/100
|-enditem|p2a: Heatran|Air Balloon
|move|p2a: Heatran|Lava Plume|p1a: Latias
|-resisted|p1a: Latias
|-damage|p1a: Latias|19/100
|
|-heal|p1a: Latias|25/100|[from] item: Leftovers
|upkeep
|turn|27
|
|t:|1769346411
|move|p1a: Latias|Calm Mind|p1a: Latias
|-boost|p1a: Latias|spa|1
|-boost|p1a: Latias|spd|1
|move|p2a: Heatran|Lava Plume|p1a: Latias
|-resisted|p1a: Latias
|-damage|p1a: Latias|17/100
|
|-heal|p1a: Latias|23/100|[from] item: Leftovers
|upkeep
|turn|28
|
|t:|1769346420
|move|p1a: Latias|Aura Sphere|p2a: Heatran
|-supereffective|p2a: Heatran
|-damage|p2a: Heatran|0 fnt
|faint|p2a: Heatran
|
|-heal|p1a: Latias|29/100|[from] item: Leftovers
|upkeep
|
|t:|1769346427
|switch|p2a: Great Tusk|Great Tusk|100/100
|turn|29
|
|t:|1769346434
|move|p1a: Latias|Stored Power|p2a: Great Tusk
|-supereffective|p2a: Great Tusk
|-damage|p2a: Great Tusk|0 fnt
|faint|p2a: Great Tusk
|-end|p2a: Great Tusk|Protosynthesis|[silent]
|
|-heal|p1a: Latias|35/100|[from] item: Leftovers
|upkeep
|
|t:|1769346441
|switch|p2a: Zapdos|Zapdos|29/100
|turn|30
|
|t:|1769346445
|move|p1a: Latias|Stored Power|p2a: Zapdos
|-damage|p2a: Zapdos|0 fnt
|faint|p2a: Zapdos
|
|win|smpark22
|raw|smpark22's rating: 1394 &rarr; <strong>1418</strong><br />(+24 for winning)
|raw|mckilly's rating: 1472 &rarr; <strong>1448</strong><br />(-24 for losing)
|c|☆smpark22|gg
|l|☆mckilly
|player|p2|
|l|☆smpark22
|player|p1|
