|j|☆Esjoyner
|j|☆tonka-14_11x8
|t:|1769293699
|gametype|singles
|player|p1|Esjoyner|volkner|1186
|player|p2|tonka-14_11x8|roughneck|1196
|gen|9
|tier|[Gen 9] OU
|rated|
|rule|HP Percentage Mod: HP is shown in percentages
|rule|Endless Battle Clause: Forcing endless battles is banned
|rule|Species Clause: Limit one of each Pokémon
|rule|OHKO Clause: OHKO moves are banned
|rule|Evasion Items Clause: Evasion items are banned
|rule|Evasion Moves Clause: Evasion moves are banned
|rule|Evasion Abilities Clause: Evasion abilities are banned
|rule|Sleep Moves Clause: Sleep-inducing moves are banned
|clearpoke
|poke|p1|Pelipper, F|
|poke|p1|Overqwil, F|
|poke|p1|Zapdos|
|poke|p1|Beartic, M|
|poke|p1|Basculegion-F, F|
|poke|p1|Barraskewda, F|
|poke|p2|Farigiraf, F|
|poke|p2|Braviary, M|
|poke|p2|Beartic, M|
|poke|p2|Masquerain, M|
|poke|p2|Sableye, M|
|poke|p2|Lanturn, F|
|teampreview
|inactive|Battle timer is ON: inactive players will automatically lose when time's up. (requested by tonka-14_11x8)
|
|t:|1769293718
|teamsize|p1|6
|teamsize|p2|6
|start
|switch|p1a: Sweep?|Pelipper, F, shiny|100/100
|switch|p2a: Lanturn|Lanturn, F|100/100
|-weather|RainDance|[from] ability: Drizzle|[of] p1a: Sweep?
|turn|1
|
|t:|1769293727
|move|p2a: Lanturn|Curse|p2a: Lanturn
|-unboost|p2a: Lanturn|spe|1
|-boost|p2a: Lanturn|atk|1
|-boost|p2a: Lanturn|def|1
|move|p1a: Sweep?|Tailwind|p1a: Sweep?
|-sidestart|p1: Esjoyner|move: Tailwind
|
|-weather|RainDance|[upkeep]
|upkeep
|turn|2
|
|t:|1769293737
|move|p1a: Sweep?|Hurricane|p2a: Lanturn
|-resisted|p2a: Lanturn
|-damage|p2a: Lanturn|83/100
|move|p2a: Lanturn|Curse|p2a: Lanturn
|-unboost|p2a: Lanturn|spe|1
|-boost|p2a: Lanturn|atk|1
|-boost|p2a: Lanturn|def|1
|
|-weather|RainDance|[upkeep]
|upkeep
|turn|3
|
|t:|1769293747
|move|p1a: Sweep?|U-turn|p2a: Lanturn
|-damage|p2a: Lanturn|78/100
|
|t:|1769293760
|switch|p1a: Last respects|Basculegion-F, F, shiny|100/100|[from] U-turn
|move|p2a: Lanturn|Curse|p2a: Lanturn
|-unboost|p2a: Lanturn|spe|1
|-boost|p2a: Lanturn|atk|1
|-boost|p2a: Lanturn|def|1
|
|-weather|RainDance|[upkeep]
|upkeep
|turn|4
|
|t:|1769293771
|move|p1a: Last respects|Shadow Ball|p2a: Lanturn
|-damage|p2a: Lanturn|38/100
|move|p2a: Lanturn|Spark|p1a: Last respects
|-supereffective|p1a: Last respects
|-damage|p1a: Last respects|1/100
|
|-weather|RainDance|[upkeep]
|-sideend|p1: Esjoyner|move: Tailwind
|upkeep
|turn|5
|
|t:|1769293780
|move|p1a: Last respects|Shadow Ball|p2a: Lanturn
|-damage|p2a: Lanturn|3/100
|move|p2a: Lanturn|Rest|p2a: Lanturn
|-status|p2a: Lanturn|slp|[from] move: Rest
|-heal|p2a: Lanturn|100/100 slp|[silent]
|
|-weather|RainDance|[upkeep]
|upkeep
|turn|6
|
|t:|1769293789
|switch|p2a: Braviary|Braviary, M|100/100
|move|p1a: Last respects|Shadow Ball|p2a: Braviary
|-immune|p2a: Braviary
|
|-weather|RainDance|[upkeep]
|upkeep
|turn|7
|
|t:|1769293797
|switch|p1a: Birdman|Zapdos|100/100
|move|p2a: Braviary|U-turn|p1a: Birdman
|-resisted|p1a: Birdman
|-damage|p1a: Birdman|88/100
|-status|p2a: Braviary|par|[from] ability: Static|[of] p1a: Birdman
|
|t:|1769293822
|switch|p2a: Farigiraf|Farigiraf, F, shiny|100/100|[from] U-turn
|
|-weather|RainDance|[upkeep]
|upkeep
|turn|8
|
|t:|1769293840
|-terastallize|p1a: Birdman|Electric
|move|p1a: Birdman|Thunder|p2a: Farigiraf
|-damage|p2a: Farigiraf|15/100
|move|p2a: Farigiraf|Trick|p1a: Birdman
|-activate|p2a: Farigiraf|move: Trick|[of] p1a: Birdman
|-item|p1a: Birdman|Choice Scarf|[from] move: Trick
|-item|p2a: Farigiraf|Choice Scarf|[from] move: Trick
|
|-weather|none
|upkeep
|turn|9
|
|t:|1769293851
|move|p1a: Birdman|Thunder|p2a: Farigiraf|[miss]
|-miss|p1a: Birdman|p2a: Farigiraf
|move|p2a: Farigiraf|Twin Beam|p1a: Birdman
|-damage|p1a: Birdman|64/100
|-damage|p1a: Birdman|42/100
|-hitcount|p1a: Birdman|2
|
|upkeep
|turn|10
|
|t:|1769293861
|switch|p1a: Sweep?|Pelipper, F, shiny|100/100
|-weather|RainDance|[from] ability: Drizzle|[of] p1a: Sweep?
|move|p2a: Farigiraf|Twin Beam|p1a: Sweep?
|-damage|p1a: Sweep?|72/100
|-damage|p1a: Sweep?|42/100
|-hitcount|p1a: Sweep?|2
|
|-weather|RainDance|[upkeep]
|upkeep
|turn|11
|
|t:|1769293885
|switch|p1a: No out speeding|Barraskewda, F, shiny|100/100
|move|p2a: Farigiraf|Twin Beam|p1a: No out speeding
|-damage|p1a: No out speeding|54/100
|-crit|p1a: No out speeding
|-damage|p1a: No out speeding|0 fnt
|faint|p1a: No out speeding
|-hitcount|p1: No out speeding|2
|
|-weather|RainDance|[upkeep]
|upkeep
|
|t:|1769293896
|switch|p1a: Bear|Beartic, M, shiny|100/100
|turn|12
|
|t:|1769293903
|switch|p2a: Sableye|Sableye, M, shiny|100/100
|move|p1a: Bear|Swords Dance|p1a: Bear
|-boost|p1a: Bear|atk|2
|
|-weather|RainDance|[upkeep]
|upkeep
|turn|13
|
|t:|1769293918
|move|p2a: Sableye|Encore|p1a: Bear
|-start|p1a: Bear|Encore
|move|p1a: Bear|Swords Dance|p1a: Bear
|-boost|p1a: Bear|atk|2
|
|-weather|RainDance|[upkeep]
|upkeep
|turn|14
|
|t:|1769293931
|switch|p1a: Last respects|Basculegion-F, F, shiny|1/100
|move|p2a: Sableye|Knock Off|p1a: Last respects
|-supereffective|p1a: Last respects
|-damage|p1a: Last respects|0 fnt
|-enditem|p1a: Last respects|Choice Specs|[from] move: Knock Off|[of] p2a: Sableye
|faint|p1a: Last respects
|
|-weather|RainDance|[upkeep]
|upkeep
|
|t:|1769293941
|switch|p1a: Birdman|Zapdos, tera:Electric|42/100
|turn|15
|
|t:|1769293966
|switch|p2a: Farigiraf|Farigiraf, F, shiny|15/100
|move|p1a: Birdman|Thunder|p2a: Farigiraf
|-damage|p2a: Farigiraf|0 fnt
|faint|p2a: Farigiraf
|
|-weather|RainDance|[upkeep]
|upkeep
|inactive|tonka-14_11x8 has 120 seconds left.
|
|t:|1769293987
|switch|p2a: Beartic|Beartic, M|100/100
|turn|16
|inactive|tonka-14_11x8 has 120 seconds left.
|
|t:|1769293997
|move|p1a: Birdman|Thunder|p2a: Beartic
|-damage|p2a: Beartic|9/100
|move|p2a: Beartic|Icicle Crash|p1a: Birdman
|-damage|p1a: Birdman|0 fnt
|faint|p1a: Birdman
|
|-weather|RainDance|[upkeep]
|upkeep
|
|t:|1769294011
|switch|p1a: Bear|Beartic, M, shiny|100/100
|turn|17
|
|t:|1769294018
|move|p1a: Bear|Close Combat|p2a: Beartic
|-supereffective|p2a: Beartic
|-damage|p2a: Beartic|0 fnt
|-unboost|p1a: Bear|def|1
|-unboost|p1a: Bear|spd|1
|faint|p2a: Beartic
|
|-weather|none
|upkeep
|
|t:|1769294032
|switch|p2a: Sableye|Sableye, M, shiny|100/100
|turn|18
|
|t:|1769294036
|switch|p1a: Sweep?|Pelipper, F, shiny|42/100
|-weather|RainDance|[from] ability: Drizzle|[of] p1a: Sweep?
|move|p2a: Sableye|Knock Off|p1a: Sweep?
|-damage|p1a: Sweep?|15/100
|-enditem|p1a: Sweep?|Damp Rock|[from] move: Knock Off|[of] p2a: Sableye
|
|-weather|RainDance|[upkeep]
|upkeep
|turn|19
|inactive|tonka-14_11x8 has 120 seconds left.
|
|t:|1769294062
|switch|p2a: Lanturn|Lanturn, F|100/100 slp
|move|p1a: Sweep?|U-turn|p2a: Lanturn
|-damage|p2a: Lanturn|89/100 slp
|
|t:|1769294069
|switch|p1a: Bear|Beartic, M, shiny|100/100|[from] U-turn
|
|-weather|RainDance|[upkeep]
|upkeep
|turn|20
|
|t:|1769294081
|switch|p2a: Sableye|Sableye, M, shiny|100/100
|move|p1a: Bear|Swords Dance|p1a: Bear
|-boost|p1a: Bear|atk|2
|
|-weather|RainDance|[upkeep]
|upkeep
|turn|21
|
|t:|1769294093
|move|p1a: Bear|Aqua Jet|p2a: Sableye
|-damage|p2a: Sableye|59/100
|move|p2a: Sableye|Encore|p1a: Bear
|-start|p1a: Bear|Encore
|
|-weather|RainDance|[upkeep]
|upkeep
|turn|22
|
|t:|1769294109
|switch|p1a: Sweep?|Pelipper, F, shiny|15/100
|move|p2a: Sableye|Will-O-Wisp|p1a: Sweep?|[miss]
|-miss|p2a: Sableye|p1a: Sweep?
|
|-weather|RainDance|[upkeep]
|upkeep
|turn|23
|
|t:|1769294121
|switch|p2a: Lanturn|Lanturn, F|89/100 slp
|move|p1a: Sweep?|Tailwind|p1a: Sweep?
|-sidestart|p1: Esjoyner|move: Tailwind
|
|-weather|RainDance|[upkeep]
|upkeep
|turn|24
|
|t:|1769294134
|move|p1a: Sweep?|Weather Ball|p2a: Lanturn
|-heal|p2a: Lanturn|100/100 slp|[from] ability: Water Absorb|[of] p1a: Sweep?
|cant|p2a: Lanturn|slp
|
|-weather|RainDance|[upkeep]
|upkeep
|turn|25
|
|t:|1769294142
|switch|p1a: Bear|Beartic, M, shiny|100/100
|cant|p2a: Lanturn|slp
|
|-weather|none
|upkeep
|turn|26
|
|t:|1769294161
|move|p1a: Bear|Icicle Spear|p2a: Lanturn
|-resisted|p2a: Lanturn
|-crit|p2a: Lanturn
|-damage|p2a: Lanturn|87/100 slp
|-resisted|p2a: Lanturn
|-damage|p2a: Lanturn|79/100 slp
|-resisted|p2a: Lanturn
|-damage|p2a: Lanturn|71/100 slp
|-resisted|p2a: Lanturn
|-damage|p2a: Lanturn|62/100 slp
|-hitcount|p2a: Lanturn|4
|-curestatus|p2a: Lanturn|slp|[msg]
|move|p2a: Lanturn|Spark|p1a: Bear
|-damage|p1a: Bear|81/100
|-status|p1a: Bear|par
|
|-sideend|p1: Esjoyner|move: Tailwind
|upkeep
|turn|27
|
|t:|1769294178
|move|p2a: Lanturn|Curse|p2a: Lanturn
|-unboost|p2a: Lanturn|spe|1
|-boost|p2a: Lanturn|atk|1
|-boost|p2a: Lanturn|def|1
|move|p1a: Bear|Swords Dance|p1a: Bear
|-boost|p1a: Bear|atk|2
|
|upkeep
|turn|28
|
|t:|1769294194
|move|p2a: Lanturn|Liquidation|p1a: Bear
|-damage|p1a: Bear|45/100 par
|move|p1a: Bear|Close Combat|p2a: Lanturn
|-damage|p2a: Lanturn|0 fnt
|-unboost|p1a: Bear|def|1
|-unboost|p1a: Bear|spd|1
|faint|p2a: Lanturn
|
|upkeep
|
|t:|1769294203
|switch|p2a: Sableye|Sableye, M, shiny|59/100
|turn|29
|
|t:|1769294210
|move|p1a: Bear|Aqua Jet|p2a: Sableye
|-damage|p2a: Sableye|29/100
|move|p2a: Sableye|Knock Off|p1a: Bear
|-damage|p1a: Bear|0 fnt
|-enditem|p1a: Bear|Loaded Dice|[from] move: Knock Off|[of] p2a: Sableye
|faint|p1a: Bear
|
|upkeep
|
|t:|1769294218
|switch|p1a: Sweep?|Pelipper, F, shiny|15/100
|-weather|RainDance|[from] ability: Drizzle|[of] p1a: Sweep?
|turn|30
|inactive|tonka-14_11x8 has 120 seconds left.
|
|t:|1769294254
|move|p2a: Sableye|Will-O-Wisp|p1a: Sweep?
|-status|p1a: Sweep?|brn
|move|p1a: Sweep?|Weather Ball|p2a: Sableye
|-damage|p2a: Sableye|0 fnt
|faint|p2a: Sableye
|
|-weather|RainDance|[upkeep]
|-damage|p1a: Sweep?|9/100 brn|[from] brn
|upkeep
|
|t:|1769294264
|switch|p2a: Braviary|Braviary, M|100/100 par
|turn|31
|
|t:|1769294268
|move|p1a: Sweep?|Weather Ball|p2a: Braviary
|-damage|p2a: Braviary|24/100 par
|move|p2a: Braviary|U-turn|p1a: Sweep?
|-resisted|p1a: Sweep?
|-damage|p1a: Sweep?|0 fnt
|faint|p1a: Sweep?
|inactive|tonka-14_11x8 has 120 seconds left.
|
|t:|1769294286
|switch|p2a: Masquerain|Masquerain, M, shiny|100/100|[from] U-turn
|
|-weather|RainDance|[upkeep]
|upkeep
|
|t:|1769294291
|switch|p1a: Pokey|Overqwil, F, shiny|100/100
|turn|32
|inactive|tonka-14_11x8 has 120 seconds left.
|
|t:|1769294298
|-terastallize|p2a: Masquerain|Water
|move|p1a: Pokey|Gunk Shot|p2a: Masquerain
|-damage|p2a: Masquerain|22/100
|-damage|p1a: Pokey|91/100|[from] item: Life Orb
|move|p2a: Masquerain|Quiver Dance|p2a: Masquerain
|-boost|p2a: Masquerain|spa|1
|-boost|p2a: Masquerain|spd|1
|-boost|p2a: Masquerain|spe|1
|
|-weather|RainDance|[upkeep]
|upkeep
|turn|33
|inactive|tonka-14_11x8 has 120 seconds left.
|
|t:|1769294323
|move|p1a: Pokey|Crunch|p2a: Masquerain
|-damage|p2a: Masquerain|0 fnt
|faint|p2a: Masquerain
|-damage|p1a: Pokey|81/100|[from] item: Life Orb
|
|-weather|RainDance|[upkeep]
|upkeep
|-message|tonka-14_11x8 forfeited.
|
|win|Esjoyner
|raw|Esjoyner's rating: 1186 &rarr; <strong>1212</strong><br />(+26 for winning)
|raw|tonka-14_11x8's rating: 1196 &rarr; <strong>1170</strong><br />(-26 for losing)
|l|☆tonka-14_11x8
|player|p2|
|l|☆Esjoyner
|player|p1|
