|j|☆beaverrrrrrr
|j|☆STAR-iin
|t:|1769404278
|gametype|singles
|player|p1|beaverrrrrrr|n|1078
|player|p2|STAR-iin|misty-lgpe|1104
|gen|9
|tier|[Gen 9] OU
|rated|
|rule|HP Percentage Mod: HP is shown in percentages
|rule|Endless Battle Clause: Forcing endless battles is banned
|rule|Species Clause: Limit one of each Pokémon
|rule|OHKO Clause: OHKO moves are banned
|rule|Evasion Items Clause: Evasion items are banned
|rule|Evasion Moves Clause: Evasion moves are banned
|rule|Evasion Abilities Clause: Evasion abilities are banned
|rule|Sleep Moves Clause: Sleep-inducing moves are banned
|clearpoke
|poke|p1|Alomomola, M|
|poke|p1|Corviknight, M|
|poke|p1|Garganacl, M|
|poke|p1|Pecharunt|
|poke|p1|Rillaboom, F|
|poke|p1|Kingambit, M|
|poke|p2|Pelipper, F|
|poke|p2|Sliggoo, F|
|poke|p2|Floatzel, M|
|poke|p2|Raging Bolt|
|poke|p2|Kingambit, M|
|poke|p2|Kleavor, F|
|teampreview
|
|t:|1769404290
|teamsize|p1|6
|teamsize|p2|6
|start
|switch|p1a: Pecharunt|Pecharunt|100/100
|switch|p2a: Pelipper|Pelipper, F|100/100
|-weather|RainDance|[from] ability: Drizzle|[of] p2a: Pelipper
|turn|1
|
|t:|1769404299
|move|p1a: Pecharunt|Malignant Chain|p2a: Pelipper
|-damage|p2a: Pelipper|56/100
|-status|p2a: Pelipper|tox
|-start|p2a: Pelipper|confusion|[from] ability: Poison Puppeteer|[of] p1a: Pecharunt
|-activate|p2a: Pelipper|confusion
|-damage|p2a: Pelipper|50/100 tox|[from] confusion
|
|-weather|RainDance|[upkeep]
|-damage|p2a: Pelipper|44/100 tox|[from] psn
|upkeep
|turn|2
|
|t:|1769404318
|switch|p1a: Rillaboom|Rillaboom, F|100/100
|-fieldstart|move: Grassy Terrain|[from] ability: Grassy Surge|[of] p1a: Rillaboom
|switch|p2a: Sliggoo|Sliggoo, F|100/100
|
|-weather|RainDance|[upkeep]
|upkeep
|turn|3
|
|t:|1769404342
|move|p1a: Rillaboom|Knock Off|p2a: Sliggoo
|-crit|p2a: Sliggoo
|-damage|p2a: Sliggoo|56/100
|-enditem|p2a: Sliggoo|Eviolite|[from] move: Knock Off|[of] p1a: Rillaboom
|move|p2a: Sliggoo|Toxic|p1a: Rillaboom|[miss]
|-miss|p2a: Sliggoo|p1a: Rillaboom
|
|-weather|RainDance|[upkeep]
|-heal|p2a: Sliggoo|62/100|[from] Grassy Terrain
|upkeep
|turn|4
|
|t:|1769404356
|move|p1a: Rillaboom|U-turn|p2a: Sliggoo
|-damage|p2a: Sliggoo|30/100
|
|t:|1769404362
|switch|p1a: Pecharunt|Pecharunt|100/100|[from] U-turn
|move|p2a: Sliggoo|Muddy Water|p1a: Pecharunt
|-damage|p1a: Pecharunt|82/100
|
|-weather|RainDance|[upkeep]
|-heal|p1a: Pecharunt|88/100|[from] Grassy Terrain
|-heal|p2a: Sliggoo|37/100|[from] Grassy Terrain
|upkeep
|turn|5
|
|t:|1769404373
|move|p1a: Pecharunt|Malignant Chain|p2a: Sliggoo
|-damage|p2a: Sliggoo|15/100
|move|p2a: Sliggoo|Rest|p2a: Sliggoo
|-status|p2a: Sliggoo|slp|[from] move: Rest
|-heal|p2a: Sliggoo|100/100 slp|[silent]
|
|-weather|RainDance|[upkeep]
|-heal|p1a: Pecharunt|94/100|[from] Grassy Terrain
|-activate|p2a: Sliggoo|ability: Hydration
|-curestatus|p2a: Sliggoo|slp|[msg]
|upkeep
|turn|6
|
|t:|1769404398
|switch|p1a: Garganacl|Garganacl, M, shiny|100/100
|move|p2a: Sliggoo|Muddy Water|p1a: Garganacl|[miss]
|-miss|p2a: Sliggoo|p1a: Garganacl
|
|-weather|RainDance|[upkeep]
|-fieldend|move: Grassy Terrain
|upkeep
|turn|7
|
|t:|1769404406
|-terastallize|p1a: Garganacl|Normal
|move|p2a: Sliggoo|Muddy Water|p1a: Garganacl
|-crit|p1a: Garganacl
|-damage|p1a: Garganacl|75/100
|move|p1a: Garganacl|Curse|p1a: Garganacl
|-unboost|p1a: Garganacl|spe|1
|-boost|p1a: Garganacl|atk|1
|-boost|p1a: Garganacl|def|1
|
|-weather|RainDance|[upkeep]
|-heal|p1a: Garganacl|82/100|[from] item: Leftovers
|upkeep
|turn|8
|
|t:|1769404417
|move|p2a: Sliggoo|Muddy Water|p1a: Garganacl
|-damage|p1a: Garganacl|64/100
|move|p1a: Garganacl|Curse|p1a: Garganacl
|-unboost|p1a: Garganacl|spe|1
|-boost|p1a: Garganacl|atk|1
|-boost|p1a: Garganacl|def|1
|
|-weather|none
|-heal|p1a: Garganacl|71/100|[from] item: Leftovers
|upkeep
|turn|9
|
|t:|1769404432
|switch|p2a: Pelipper|Pelipper, F|44/100 tox
|-weather|RainDance|[from] ability: Drizzle|[of] p2a: Pelipper
|move|p1a: Garganacl|Recover|p1a: Garganacl
|-heal|p1a: Garganacl|100/100
|
|-weather|RainDance|[upkeep]
|-damage|p2a: Pelipper|37/100 tox|[from] psn
|upkeep
|turn|10
|
|t:|1769404443
|move|p2a: Pelipper|Weather Ball|p1a: Garganacl
|-damage|p1a: Garganacl|58/100
|move|p1a: Garganacl|Curse|p1a: Garganacl
|-unboost|p1a: Garganacl|spe|1
|-boost|p1a: Garganacl|atk|1
|-boost|p1a: Garganacl|def|1
|
|-weather|RainDance|[upkeep]
|-heal|p1a: Garganacl|64/100|[from] item: Leftovers
|-damage|p2a: Pelipper|25/100 tox|[from] psn
|upkeep
|turn|11
|
|t:|1769404456
|move|p2a: Pelipper|Weather Ball|p1a: Garganacl
|-damage|p1a: Garganacl|18/100
|move|p1a: Garganacl|Recover|p1a: Garganacl
|-heal|p1a: Garganacl|68/100
|
|-weather|RainDance|[upkeep]
|-heal|p1a: Garganacl|74/100|[from] item: Leftovers
|-damage|p2a: Pelipper|6/100 tox|[from] psn
|upkeep
|turn|12
|
|t:|1769404472
|move|p2a: Pelipper|Weather Ball|p1a: Garganacl
|-damage|p1a: Garganacl|28/100
|move|p1a: Garganacl|Recover|p1a: Garganacl
|-heal|p1a: Garganacl|78/100
|
|-weather|RainDance|[upkeep]
|-heal|p1a: Garganacl|84/100|[from] item: Leftovers
|-damage|p2a: Pelipper|0 fnt|[from] psn
|faint|p2a: Pelipper
|upkeep
|
|t:|1769404484
|switch|p2a: Raging Bolt|Raging Bolt|100/100
|-enditem|p2a: Raging Bolt|Booster Energy
|-activate|p2a: Raging Bolt|ability: Protosynthesis|[fromitem]
|-start|p2a: Raging Bolt|protosynthesisspa
|turn|13
|
|t:|1769404492
|move|p2a: Raging Bolt|Thunder|p1a: Garganacl
|-damage|p1a: Garganacl|27/100
|move|p1a: Garganacl|Earthquake|p2a: Raging Bolt
|-supereffective|p2a: Raging Bolt
|-damage|p2a: Raging Bolt|4/100
|
|-weather|RainDance|[upkeep]
|-heal|p1a: Garganacl|33/100|[from] item: Leftovers
|upkeep
|turn|14
|
|t:|1769404503
|switch|p1a: Rillaboom|Rillaboom, F|100/100
|-fieldstart|move: Grassy Terrain|[from] ability: Grassy Surge|[of] p1a: Rillaboom
|move|p2a: Raging Bolt|Thunder|p1a: Rillaboom
|-resisted|p1a: Rillaboom
|-damage|p1a: Rillaboom|78/100
|-status|p1a: Rillaboom|par
|
|-weather|RainDance|[upkeep]
|-heal|p2a: Raging Bolt|10/100|[from] Grassy Terrain
|-heal|p1a: Rillaboom|84/100 par|[from] Grassy Terrain
|upkeep
|turn|15
|
|t:|1769404515
|move|p1a: Rillaboom|Grassy Glide|p2a: Raging Bolt
|-resisted|p2a: Raging Bolt
|-damage|p2a: Raging Bolt|0 fnt
|faint|p2a: Raging Bolt
|-end|p2a: Raging Bolt|Protosynthesis|[silent]
|
|-weather|RainDance|[upkeep]
|-heal|p1a: Rillaboom|91/100 par|[from] Grassy Terrain
|upkeep
|
|t:|1769404519
|switch|p2a: Kleavor|Kleavor, F|100/100
|turn|16
|
|t:|1769404537
|switch|p1a: Alomomola|Alomomola, M, shiny|100/100
|move|p2a: Kleavor|U-turn|p1a: Alomomola
|-damage|p1a: Alomomola|82/100
|
|t:|1769404542
|switch|p2a: Sliggoo|Sliggoo, F|100/100|[from] U-turn
|
|-weather|none
|-heal|p1a: Alomomola|88/100|[from] Grassy Terrain
|-heal|p1a: Alomomola|94/100|[from] item: Leftovers
|upkeep
|turn|17
|
|t:|1769404559
|move|p1a: Alomomola|Wish|p1a: Alomomola
|move|p2a: Sliggoo|Toxic|p1a: Alomomola
|-status|p1a: Alomomola|tox
|
|-heal|p1a: Alomomola|100/100 tox|[from] Grassy Terrain
|-damage|p1a: Alomomola|94/100 tox|[from] psn
|upkeep
|turn|18
|
|t:|1769404568
|switch|p2a: Kingambit|Kingambit, M|100/100
|-activate|p2a: Kingambit|ability: Supreme Overlord
|-start|p2a: Kingambit|fallen2|[silent]
|move|p1a: Alomomola|Flip Turn|p2a: Kingambit
|-damage|p2a: Kingambit|88/100
|
|t:|1769404579
|switch|p1a: Garganacl|Garganacl, M, shiny, tera:Normal|33/100|[from] Flip Turn
|
|-heal|p1a: Garganacl|99/100|[from] move: Wish|[wisher] Alomomola
|-heal|p2a: Kingambit|94/100|[from] Grassy Terrain
|-heal|p1a: Garganacl|100/100|[from] Grassy Terrain
|-fieldend|move: Grassy Terrain
|upkeep
|turn|19
|
|t:|1769404600
|move|p2a: Kingambit|Swords Dance|p2a: Kingambit
|-boost|p2a: Kingambit|atk|2
|move|p1a: Garganacl|Earthquake|p2a: Kingambit
|-supereffective|p2a: Kingambit
|-damage|p2a: Kingambit|59/100
|
|upkeep
|turn|20
|
|t:|1769404611
|move|p2a: Kingambit|Kowtow Cleave|p1a: Garganacl
|-damage|p1a: Garganacl|19/100
|move|p1a: Garganacl|Earthquake|p2a: Kingambit
|-supereffective|p2a: Kingambit
|-damage|p2a: Kingambit|24/100
|
|-heal|p1a: Garganacl|25/100|[from] item: Leftovers
|upkeep
|turn|21
|
|t:|1769404637
|switch|p1a: Rillaboom|Rillaboom, F|91/100 par
|-fieldstart|move: Grassy Terrain|[from] ability: Grassy Surge|[of] p1a: Rillaboom
|move|p2a: Kingambit|Kowtow Cleave|p1a: Rillaboom
|-damage|p1a: Rillaboom|0 fnt
|faint|p1a: Rillaboom
|
|-heal|p2a: Kingambit|30/100|[from] Grassy Terrain
|upkeep
|
|t:|1769404650
|switch|p1a: Kingambit|Kingambit, M|100/100
|-activate|p1a: Kingambit|ability: Supreme Overlord
|-start|p1a: Kingambit|fallen1|[silent]
|turn|22
|
|t:|1769404666
|-end|p2a: Kingambit|fallen2|[silent]
|switch|p2a: Floatzel|Floatzel, M|100/100
|move|p1a: Kingambit|Low Kick|p2a: Floatzel
|-damage|p2a: Floatzel|44/100
|-damage|p1a: Kingambit|91/100|[from] item: Life Orb
|
|-heal|p2a: Floatzel|50/100|[from] Grassy Terrain
|-heal|p1a: Kingambit|97/100|[from] Grassy Terrain
|upkeep
|turn|23
|
|t:|1769404682
|-end|p1a: Kingambit|fallen1|[silent]
|switch|p1a: Alomomola|Alomomola, M, shiny|100/100 tox
|move|p2a: Floatzel|Brick Break|p1a: Alomomola
|-damage|p1a: Alomomola|81/100 tox
|
|-heal|p2a: Floatzel|56/100|[from] Grassy Terrain
|-heal|p1a: Alomomola|88/100 tox|[from] Grassy Terrain
|-heal|p1a: Alomomola|94/100 tox|[from] item: Leftovers
|-damage|p1a: Alomomola|88/100 tox|[from] psn
|upkeep
|turn|24
|
|t:|1769404692
|switch|p2a: Kleavor|Kleavor, F|100/100
|move|p1a: Alomomola|Wish|p1a: Alomomola
|
|-heal|p1a: Alomomola|94/100 tox|[from] Grassy Terrain
|-heal|p1a: Alomomola|99/100 tox|[from] item: Leftovers
|-damage|p1a: Alomomola|88/100 tox|[from] psn
|upkeep
|turn|25
|
|t:|1769404701
|move|p2a: Kleavor|Stone Axe|p1a: Alomomola
|-damage|p1a: Alomomola|60/100 tox
|-sidestart|p1: beaverrrrrrr|move: Stealth Rock
|move|p1a: Alomomola|Flip Turn|p2a: Kleavor
|-supereffective|p2a: Kleavor
|-damage|p2a: Kleavor|56/100
|
|t:|1769404707
|switch|p1a: Garganacl|Garganacl, M, shiny, tera:Normal|25/100|[from] Flip Turn
|-damage|p1a: Garganacl|13/100|[from] Stealth Rock
|
|-heal|p1a: Garganacl|79/100|[from] move: Wish|[wisher] Alomomola
|-heal|p2a: Kleavor|62/100|[from] Grassy Terrain
|-heal|p1a: Garganacl|85/100|[from] Grassy Terrain
|-heal|p1a: Garganacl|91/100|[from] item: Leftovers
|-fieldend|move: Grassy Terrain
|upkeep
|turn|26
|
|t:|1769404717
|move|p2a: Kleavor|Stone Axe|p1a: Garganacl
|-damage|p1a: Garganacl|57/100
|move|p1a: Garganacl|Curse|p1a: Garganacl
|-unboost|p1a: Garganacl|spe|1
|-boost|p1a: Garganacl|atk|1
|-boost|p1a: Garganacl|def|1
|
|-heal|p1a: Garganacl|63/100|[from] item: Leftovers
|upkeep
|turn|27
|
|t:|1769404728
|switch|p2a: Floatzel|Floatzel, M|56/100
|move|p1a: Garganacl|Curse|p1a: Garganacl
|-unboost|p1a: Garganacl|spe|1
|-boost|p1a: Garganacl|atk|1
|-boost|p1a: Garganacl|def|1
|
|-heal|p1a: Garganacl|69/100|[from] item: Leftovers
|upkeep
|turn|28
|
|t:|1769404736
|move|p2a: Floatzel|Wave Crash|p1a: Garganacl
|-damage|p1a: Garganacl|42/100
|-damage|p2a: Floatzel|44/100|[from] Recoil
|move|p1a: Garganacl|Recover|p1a: Garganacl
|-heal|p1a: Garganacl|92/100
|
|-heal|p1a: Garganacl|98/100|[from] item: Leftovers
|upkeep
|turn|29
|-message|STAR-iin forfeited.
|
|win|beaverrrrrrr
|raw|beaverrrrrrr's rating: 1078 &rarr; <strong>1108</strong><br />(+30 for winning)
|raw|STAR-iin's rating: 1104 &rarr; <strong>1077</strong><br />(-27 for losing)
|l|☆STAR-iin
|player|p2|
|l|☆beaverrrrrrr
|player|p1|
