|j|☆Motisma Z
|j|☆yungbeeflanadelrey
|t:|1769429241
|gametype|singles
|player|p1|Motisma Z|guitarist|1453
|player|p2|yungbeeflanadelrey|youngster-gen4dp|1452
|gen|9
|tier|[Gen 9] OU
|rated|
|rule|HP Percentage Mod: HP is shown in percentages
|rule|Endless Battle Clause: Forcing endless battles is banned
|rule|Species Clause: Limit one of each Pokémon
|rule|OHKO Clause: OHKO moves are banned
|rule|Evasion Items Clause: Evasion items are banned
|rule|Evasion Moves Clause: Evasion moves are banned
|rule|Evasion Abilities Clause: Evasion abilities are banned
|rule|Sleep Moves Clause: Sleep-inducing moves are banned
|clearpoke
|poke|p1|Darkrai|
|poke|p1|Samurott-Hisui, F|
|poke|p1|Kingambit, M|
|poke|p1|Gholdengo|
|poke|p1|Moltres|
|poke|p1|Dragapult, F|
|poke|p2|Latios, M|
|poke|p2|Rotom-Wash|
|poke|p2|Gholdengo|
|poke|p2|Ting-Lu|
|poke|p2|Iron Valiant|
|poke|p2|Hydreigon, F|
|teampreview
|inactive|Battle timer is ON: inactive players will automatically lose when time's up. (requested by yungbeeflanadelrey)
|inactive|yungbeeflanadelrey has 120 seconds left.
|
|t:|1769429274
|teamsize|p1|6
|teamsize|p2|6
|start
|switch|p1a: Samurott|Samurott-Hisui, F|100/100
|switch|p2a: Rotom|Rotom-Wash, shiny|100/100
|turn|1
|
|t:|1769429285
|move|p1a: Samurott|Ceaseless Edge|p2a: Rotom
|-damage|p2a: Rotom|68/100
|-sidestart|p2: yungbeeflanadelrey|Spikes
|move|p2a: Rotom|Volt Switch|p1a: Samurott
|-supereffective|p1a: Samurott
|-damage|p1a: Samurott|21/100
|
|t:|1769429302
|switch|p2a: Iron Valiant|Iron Valiant|100/100|[from] Volt Switch
|
|upkeep
|turn|2
|
|t:|1769429317
|switch|p1a: Moltres|Moltres|100/100
|move|p2a: Iron Valiant|Thunderbolt|p1a: Moltres
|-supereffective|p1a: Moltres
|-damage|p1a: Moltres|35/100
|
|upkeep
|turn|3
|
|t:|1769429325
|switch|p1a: Gholdengo|Gholdengo|100/100
|-item|p1a: Gholdengo|Air Balloon
|move|p2a: Iron Valiant|Thunderbolt|p1a: Gholdengo
|-damage|p1a: Gholdengo|72/100
|-enditem|p1a: Gholdengo|Air Balloon
|
|upkeep
|turn|4
|
|t:|1769429337
|-end|p2a: Iron Valiant|Quark Drive|[silent]
|switch|p2a: Ting-Lu|Ting-Lu|100/100
|-damage|p2a: Ting-Lu|88/100|[from] Spikes
|-ability|p2a: Ting-Lu|Vessel of Ruin
|switch|p1a: Moltres|Moltres|35/100
|
|-heal|p2a: Ting-Lu|94/100|[from] item: Leftovers
|upkeep
|turn|5
|
|t:|1769429343
|move|p1a: Moltres|Roost|p1a: Moltres
|-heal|p1a: Moltres|85/100
|-singleturn|p1a: Moltres|move: Roost
|move|p2a: Ting-Lu|Stealth Rock|p1a: Moltres
|-sidestart|p1: Motisma Z|move: Stealth Rock
|
|-heal|p2a: Ting-Lu|100/100|[from] item: Leftovers
|upkeep
|turn|6
|
|t:|1769429356
|move|p1a: Moltres|U-turn|p2a: Ting-Lu
|-supereffective|p2a: Ting-Lu
|-damage|p2a: Ting-Lu|83/100
|
|t:|1769429360
|switch|p1a: Samurott|Samurott-Hisui, F|21/100|[from] U-turn
|-damage|p1a: Samurott|9/100|[from] Stealth Rock
|move|p2a: Ting-Lu|Ruination|p1a: Samurott
|-damage|p1a: Samurott|5/100
|
|-heal|p2a: Ting-Lu|89/100|[from] item: Leftovers
|upkeep
|turn|7
|
|t:|1769429370
|switch|p2a: Rotom|Rotom-Wash, shiny|68/100
|move|p1a: Samurott|Knock Off|p2a: Rotom
|-damage|p2a: Rotom|33/100
|-enditem|p2a: Rotom|Leftovers|[from] move: Knock Off|[of] p1a: Samurott
|
|upkeep
|turn|8
|
|t:|1769429382
|move|p1a: Samurott|Ceaseless Edge|p2a: Rotom
|-damage|p2a: Rotom|0 fnt
|-sidestart|p2: yungbeeflanadelrey|Spikes
|faint|p2a: Rotom
|
|upkeep
|
|t:|1769429387
|switch|p2a: Iron Valiant|Iron Valiant|100/100
|turn|9
|
|t:|1769429396
|move|p2a: Iron Valiant|Thunderbolt|p1a: Samurott
|-supereffective|p1a: Samurott
|-damage|p1a: Samurott|0 fnt
|faint|p1a: Samurott
|
|upkeep
|
|t:|1769429397
|switch|p1a: Gholdengo|Gholdengo|72/100
|-damage|p1a: Gholdengo|66/100|[from] Stealth Rock
|turn|10
|
|t:|1769429404
|move|p2a: Iron Valiant|Knock Off|p1a: Gholdengo
|-supereffective|p1a: Gholdengo
|-damage|p1a: Gholdengo|37/100
|move|p1a: Gholdengo|Make It Rain|p2a: Iron Valiant
|-supereffective|p2a: Iron Valiant
|-damage|p2a: Iron Valiant|0 fnt
|-unboost|p1a: Gholdengo|spa|1
|faint|p2a: Iron Valiant
|-end|p2a: Iron Valiant|Quark Drive|[silent]
|
|upkeep
|
|t:|1769429416
|switch|p2a: Hydreigon|Hydreigon, F|100/100
|turn|11
|
|t:|1769429426
|move|p2a: Hydreigon|U-turn|p1a: Gholdengo
|-resisted|p1a: Gholdengo
|-damage|p1a: Gholdengo|35/100
|
|t:|1769429431
|switch|p2a: Gholdengo|Gholdengo|100/100|[from] U-turn
|-item|p2a: Gholdengo|Air Balloon
|move|p1a: Gholdengo|Recover|p1a: Gholdengo
|-heal|p1a: Gholdengo|85/100
|
|upkeep
|turn|12
|
|t:|1769429454
|switch|p2a: Ting-Lu|Ting-Lu|89/100
|-damage|p2a: Ting-Lu|73/100|[from] Spikes
|-ability|p2a: Ting-Lu|Vessel of Ruin
|switch|p1a: Kingambit|Kingambit, M|100/100
|-damage|p1a: Kingambit|94/100|[from] Stealth Rock
|-activate|p1a: Kingambit|ability: Supreme Overlord
|-start|p1a: Kingambit|fallen1|[silent]
|
|-heal|p1a: Kingambit|100/100|[from] item: Leftovers
|-heal|p2a: Ting-Lu|79/100|[from] item: Leftovers
|upkeep
|turn|13
|
|t:|1769429474
|-end|p1a: Kingambit|fallen1|[silent]
|switch|p1a: Dragapult|Dragapult, F|100/100
|move|p2a: Ting-Lu|Earthquake|p1a: Dragapult
|-damage|p1a: Dragapult|50/100
|
|-heal|p2a: Ting-Lu|85/100|[from] item: Leftovers
|upkeep
|turn|14
|
|t:|1769429488
|move|p1a: Dragapult|Will-O-Wisp|p2a: Ting-Lu
|-status|p2a: Ting-Lu|brn
|move|p2a: Ting-Lu|Whirlwind|p1a: Dragapult
|drag|p1a: Moltres|Moltres|85/100
|
|-heal|p2a: Ting-Lu|91/100 brn|[from] item: Leftovers
|-damage|p2a: Ting-Lu|85/100 brn|[from] brn
|upkeep
|turn|15
|
|t:|1769429498
|move|p1a: Moltres|U-turn|p2a: Ting-Lu
|-supereffective|p2a: Ting-Lu
|-damage|p2a: Ting-Lu|70/100 brn
|
|t:|1769429500
|switch|p1a: Gholdengo|Gholdengo|85/100|[from] U-turn
|-damage|p1a: Gholdengo|79/100|[from] Stealth Rock
|move|p2a: Ting-Lu|Ruination|p1a: Gholdengo
|-damage|p1a: Gholdengo|40/100
|
|-heal|p2a: Ting-Lu|77/100 brn|[from] item: Leftovers
|-damage|p2a: Ting-Lu|70/100 brn|[from] brn
|upkeep
|turn|16
|
|t:|1769429508
|switch|p2a: Gholdengo|Gholdengo|100/100
|-item|p2a: Gholdengo|Air Balloon
|move|p1a: Gholdengo|Recover|p1a: Gholdengo
|-heal|p1a: Gholdengo|90/100
|
|upkeep
|turn|17
|
|t:|1769429518
|switch|p1a: Kingambit|Kingambit, M|100/100
|-damage|p1a: Kingambit|94/100|[from] Stealth Rock
|-activate|p1a: Kingambit|ability: Supreme Overlord
|-start|p1a: Kingambit|fallen1|[silent]
|move|p2a: Gholdengo|Hex|p1a: Kingambit
|-resisted|p1a: Kingambit
|-damage|p1a: Kingambit|79/100
|
|-heal|p1a: Kingambit|85/100|[from] item: Leftovers
|upkeep
|turn|18
|
|t:|1769429527
|move|p2a: Gholdengo|Thunder Wave|p1a: Kingambit
|-status|p1a: Kingambit|par
|move|p1a: Kingambit|Kowtow Cleave|p2a: Gholdengo
|-supereffective|p2a: Gholdengo
|-damage|p2a: Gholdengo|23/100
|-enditem|p2a: Gholdengo|Air Balloon
|
|-heal|p1a: Kingambit|91/100 par|[from] item: Leftovers
|upkeep
|turn|19
|
|t:|1769429538
|switch|p2a: Ting-Lu|Ting-Lu|70/100 brn
|-damage|p2a: Ting-Lu|54/100 brn|[from] Spikes
|-ability|p2a: Ting-Lu|Vessel of Ruin
|move|p1a: Kingambit|Iron Head|p2a: Ting-Lu
|-damage|p2a: Ting-Lu|24/100 brn
|
|-heal|p2a: Ting-Lu|31/100 brn|[from] item: Leftovers
|-heal|p1a: Kingambit|97/100 par|[from] item: Leftovers
|-damage|p2a: Ting-Lu|24/100 brn|[from] brn
|upkeep
|turn|20
|
|t:|1769429561
|-end|p1a: Kingambit|fallen1|[silent]
|switch|p1a: Moltres|Moltres|85/100
|move|p2a: Ting-Lu|Earthquake|p1a: Moltres
|-immune|p1a: Moltres
|
|-heal|p2a: Ting-Lu|31/100 brn|[from] item: Leftovers
|-damage|p2a: Ting-Lu|24/100 brn|[from] brn
|upkeep
|turn|21
|
|t:|1769429567
|move|p1a: Moltres|Flamethrower|p2a: Ting-Lu
|-damage|p2a: Ting-Lu|8/100 brn
|move|p2a: Ting-Lu|Earthquake|p1a: Moltres
|-immune|p1a: Moltres
|
|-heal|p2a: Ting-Lu|14/100 brn|[from] item: Leftovers
|-damage|p2a: Ting-Lu|8/100 brn|[from] brn
|upkeep
|turn|22
|-message|yungbeeflanadelrey forfeited.
|
|win|Motisma Z
|raw|Motisma Z's rating: 1453 &rarr; <strong>1473</strong><br />(+20 for winning)
|raw|yungbeeflanadelrey's rating: 1452 &rarr; <strong>1432</strong><br />(-20 for losing)
|l|☆yungbeeflanadelrey
|player|p2|
|l|☆Motisma Z
|player|p1|
