|j|☆AteefIsThug
|j|☆Hhoottddoogg
|t:|1769321250
|gametype|singles
|player|p1|AteefIsThug|ingo|1077
|player|p2|Hhoottddoogg|169|1145
|gen|9
|tier|[Gen 9] OU
|rated|
|rule|HP Percentage Mod: HP is shown in percentages
|rule|Endless Battle Clause: Forcing endless battles is banned
|rule|Species Clause: Limit one of each Pokémon
|rule|OHKO Clause: OHKO moves are banned
|rule|Evasion Items Clause: Evasion items are banned
|rule|Evasion Moves Clause: Evasion moves are banned
|rule|Evasion Abilities Clause: Evasion abilities are banned
|rule|Sleep Moves Clause: Sleep-inducing moves are banned
|clearpoke
|poke|p1|Cloyster, F|
|poke|p1|Garganacl, F|
|poke|p1|Dondozo, M|
|poke|p1|Dragonite, M|
|poke|p1|Pecharunt|
|poke|p1|Iron Moth|
|poke|p2|Serperior, M|
|poke|p2|Kingambit, M|
|poke|p2|Vikavolt, M|
|poke|p2|Empoleon, F|
|poke|p2|Slowbro-Galar, F|
|poke|p2|Moltres-Galar|
|teampreview
|inactive|Battle timer is ON: inactive players will automatically lose when time's up. (requested by AteefIsThug)
|
|t:|1769321271
|teamsize|p1|6
|teamsize|p2|6
|start
|switch|p1a: Garganacl|Garganacl, F|100/100
|switch|p2a: Vikavolt|Vikavolt, M|100/100
|turn|1
|
|t:|1769321284
|move|p2a: Vikavolt|Energy Ball|p1a: Garganacl
|-supereffective|p1a: Garganacl
|-damage|p1a: Garganacl|53/100
|move|p1a: Garganacl|Salt Cure|p2a: Vikavolt
|-supereffective|p2a: Vikavolt
|-damage|p2a: Vikavolt|72/100
|-start|p2a: Vikavolt|Salt Cure
|
|-heal|p1a: Garganacl|60/100|[from] item: Leftovers
|-damage|p2a: Vikavolt|60/100|[from] Salt Cure
|upkeep
|turn|2
|
|t:|1769321291
|switch|p2a: Serperior|Serperior, M|100/100
|move|p1a: Garganacl|Stealth Rock|p2a: Serperior
|-sidestart|p2: Hhoottddoogg|move: Stealth Rock
|
|-heal|p1a: Garganacl|66/100|[from] item: Leftovers
|upkeep
|turn|3
|
|t:|1769321296
|move|p2a: Serperior|Leaf Storm|p1a: Garganacl
|-supereffective|p1a: Garganacl
|-damage|p1a: Garganacl|9/100
|-boost|p2a: Serperior|spa|2
|move|p1a: Garganacl|Salt Cure|p2a: Serperior
|-damage|p2a: Serperior|85/100
|-start|p2a: Serperior|Salt Cure
|
|-heal|p1a: Garganacl|16/100|[from] item: Leftovers
|-damage|p2a: Serperior|72/100|[from] Salt Cure
|upkeep
|turn|4
|
|t:|1769321303
|move|p2a: Serperior|Leaf Storm|p1a: Garganacl
|-supereffective|p1a: Garganacl
|-damage|p1a: Garganacl|0 fnt
|-boost|p2a: Serperior|spa|2
|faint|p1a: Garganacl
|
|-damage|p2a: Serperior|60/100|[from] Salt Cure
|upkeep
|
|t:|1769321307
|switch|p1a: Iron Moth|Iron Moth, shiny|100/100
|-enditem|p1a: Iron Moth|Booster Energy
|-activate|p1a: Iron Moth|ability: Quark Drive|[fromitem]
|-start|p1a: Iron Moth|quarkdrivespa
|turn|5
|
|t:|1769321315
|-terastallize|p2a: Serperior|Fire
|move|p2a: Serperior|Dragon Pulse|p1a: Iron Moth
|-damage|p1a: Iron Moth|31/100
|move|p1a: Iron Moth|Fiery Dance|p2a: Serperior
|-resisted|p2a: Serperior
|-damage|p2a: Serperior|24/100
|
|-damage|p2a: Serperior|11/100|[from] Salt Cure
|upkeep
|turn|6
|
|t:|1769321320
|move|p2a: Serperior|Leaf Storm|p1a: Iron Moth
|-resisted|p1a: Iron Moth
|-damage|p1a: Iron Moth|0 fnt
|-boost|p2a: Serperior|spa|2
|faint|p1a: Iron Moth
|-end|p1a: Iron Moth|Quark Drive|[silent]
|
|-damage|p2a: Serperior|0 fnt|[from] Salt Cure
|faint|p2a: Serperior
|upkeep
|
|t:|1769321331
|switch|p2a: Vikavolt|Vikavolt, M|60/100
|switch|p1a: Dragonite|Dragonite, M|100/100
|-damage|p2a: Vikavolt|35/100|[from] Stealth Rock
|turn|7
|
|t:|1769321344
|move|p1a: Dragonite|Dragon Dance|p1a: Dragonite
|-boost|p1a: Dragonite|atk|1
|-boost|p1a: Dragonite|spe|1
|move|p2a: Vikavolt|Discharge|p1a: Dragonite
|-damage|p1a: Dragonite|74/100
|-status|p1a: Dragonite|par
|
|upkeep
|turn|8
|
|t:|1769321355
|move|p1a: Dragonite|Extreme Speed|p2a: Vikavolt
|-damage|p2a: Vikavolt|0 fnt
|faint|p2a: Vikavolt
|-damage|p1a: Dragonite|64/100 par|[from] item: Life Orb
|
|upkeep
|
|t:|1769321358
|switch|p2a: Kingambit|Kingambit, M|100/100
|-damage|p2a: Kingambit|94/100|[from] Stealth Rock
|turn|9
|
|t:|1769321361
|move|p1a: Dragonite|Earthquake|p2a: Kingambit
|-supereffective|p2a: Kingambit
|-damage|p2a: Kingambit|0 fnt
|faint|p2a: Kingambit
|-damage|p1a: Dragonite|54/100 par|[from] item: Life Orb
|
|upkeep
|
|t:|1769321365
|switch|p2a: Empoleon|Empoleon, F|100/100
|-damage|p2a: Empoleon|94/100|[from] Stealth Rock
|turn|10
|
|t:|1769321367
|move|p1a: Dragonite|Earthquake|p2a: Empoleon
|-supereffective|p2a: Empoleon
|-damage|p2a: Empoleon|0 fnt
|faint|p2a: Empoleon
|-damage|p1a: Dragonite|44/100 par|[from] item: Life Orb
|
|upkeep
|
|t:|1769321370
|switch|p2a: Slowbro|Slowbro-Galar, F|100/100
|-damage|p2a: Slowbro|88/100|[from] Stealth Rock
|turn|11
|
|t:|1769321373
|move|p1a: Dragonite|Earthquake|p2a: Slowbro
|-supereffective|p2a: Slowbro
|-damage|p2a: Slowbro|0 fnt
|faint|p2a: Slowbro
|-damage|p1a: Dragonite|34/100 par|[from] item: Life Orb
|
|upkeep
|
|t:|1769321374
|switch|p2a: Moltres|Moltres-Galar|100/100
|-damage|p2a: Moltres|76/100|[from] Stealth Rock
|turn|12
|
|t:|1769321378
|move|p2a: Moltres|Fiery Wrath|p1a: Dragonite
|-damage|p1a: Dragonite|0 fnt
|faint|p1a: Dragonite
|
|upkeep
|
|t:|1769321383
|switch|p1a: Cloyster|Cloyster, F|100/100
|turn|13
|
|t:|1769321386
|move|p2a: Moltres|Fiery Wrath|p1a: Cloyster
|-damage|p1a: Cloyster|0 fnt
|faint|p1a: Cloyster
|
|upkeep
|
|t:|1769321389
|switch|p1a: Pecharunt|Pecharunt|100/100
|turn|14
|
|t:|1769321392
|-terastallize|p1a: Pecharunt|Dark
|move|p2a: Moltres|Fiery Wrath|p1a: Pecharunt
|-resisted|p1a: Pecharunt
|-damage|p1a: Pecharunt|79/100
|cant|p1a: Pecharunt|flinch
|
|upkeep
|turn|15
|
|t:|1769321397
|move|p2a: Moltres|Air Slash|p1a: Pecharunt
|-damage|p1a: Pecharunt|46/100
|move|p1a: Pecharunt|Malignant Chain|p2a: Moltres
|-damage|p2a: Moltres|34/100
|-ability|p2a: Moltres|Berserk|boost
|-boost|p2a: Moltres|spa|1
|
|upkeep
|turn|16
|
|t:|1769321406
|move|p2a: Moltres|Rest|p2a: Moltres
|-status|p2a: Moltres|slp|[from] move: Rest
|-heal|p2a: Moltres|100/100 slp|[silent]
|-enditem|p2a: Moltres|Chesto Berry|[eat]
|-curestatus|p2a: Moltres|slp|[msg]
|move|p1a: Pecharunt|Malignant Chain|p2a: Moltres
|-damage|p2a: Moltres|60/100
|-status|p2a: Moltres|tox
|-start|p2a: Moltres|confusion|[from] ability: Poison Puppeteer|[of] p1a: Pecharunt
|
|-damage|p2a: Moltres|54/100 tox|[from] psn
|upkeep
|turn|17
|
|t:|1769321415
|-activate|p2a: Moltres|confusion
|-damage|p2a: Moltres|47/100 tox|[from] confusion
|move|p1a: Pecharunt|Malignant Chain|p2a: Moltres
|-damage|p2a: Moltres|10/100 tox
|
|-damage|p2a: Moltres|0 fnt|[from] psn
|faint|p2a: Moltres
|
|win|AteefIsThug
|raw|AteefIsThug's rating: 1077 &rarr; <strong>1111</strong><br />(+34 for winning)
|raw|Hhoottddoogg's rating: 1145 &rarr; <strong>1115</strong><br />(-30 for losing)
|l|☆AteefIsThug
|player|p1|
|l|☆Hhoottddoogg
|player|p2|
