|j|☆The LK 4
|j|☆TrentMercer
|t:|1769336411
|gametype|singles
|player|p1|The LK 4|lucian|1540
|player|p2|TrentMercer|cynthia|1575
|gen|9
|tier|[Gen 9] OU
|rated|
|rule|HP Percentage Mod: HP is shown in percentages
|rule|Endless Battle Clause: Forcing endless battles is banned
|rule|Species Clause: Limit one of each Pokémon
|rule|OHKO Clause: OHKO moves are banned
|rule|Evasion Items Clause: Evasion items are banned
|rule|Evasion Moves Clause: Evasion moves are banned
|rule|Evasion Abilities Clause: Evasion abilities are banned
|rule|Sleep Moves Clause: Sleep-inducing moves are banned
|clearpoke
|poke|p1|Primarina, M|
|poke|p1|Great Tusk|
|poke|p1|Enamorus, F|
|poke|p1|Slowking-Galar, M|
|poke|p1|Ogerpon, F|
|poke|p1|Kingambit, M|
|poke|p2|Samurott-Hisui, F|
|poke|p2|Corviknight, M|
|poke|p2|Slowking-Galar, M|
|poke|p2|Crawdaunt, F|
|poke|p2|Dragapult, F|
|poke|p2|Iron Valiant|
|teampreview
|inactive|Battle timer is ON: inactive players will automatically lose when time's up. (requested by The LK 4)
|
|t:|1769336423
|teamsize|p1|6
|teamsize|p2|6
|start
|switch|p1a: Ogerpon|Ogerpon, F|100/100
|switch|p2a: Slowking|Slowking-Galar, M|100/100
|turn|1
|
|t:|1769336432
|switch|p2a: Corviknight|Corviknight, M, shiny|100/100
|-ability|p2a: Corviknight|Pressure
|move|p1a: Ogerpon|U-turn|p2a: Corviknight
|-resisted|p2a: Corviknight
|-damage|p2a: Corviknight|96/100
|-damage|p1a: Ogerpon|84/100|[from] item: Rocky Helmet|[of] p2a: Corviknight
|
|t:|1769336440
|switch|p1a: Primarina|Primarina, M, shiny|100/100|[from] U-turn
|
|upkeep
|turn|2
|
|t:|1769336446
|move|p1a: Primarina|Substitute|p1a: Primarina
|-start|p1a: Primarina|Substitute
|-damage|p1a: Primarina|76/100
|move|p2a: Corviknight|U-turn|p1a: Primarina
|-resisted|p1a: Primarina
|-activate|p1a: Primarina|move: Substitute|[damage]
|
|t:|1769336449
|switch|p2a: Slowking|Slowking-Galar, M|100/100|[from] U-turn
|
|-heal|p1a: Primarina|82/100|[from] item: Leftovers
|upkeep
|turn|3
|
|t:|1769336454
|move|p1a: Primarina|Whirlpool|p2a: Slowking
|-damage|p2a: Slowking|90/100
|-activate|p2a: Slowking|move: Whirlpool|[of] p1a: Primarina
|move|p2a: Slowking|Sludge Bomb|p1a: Primarina
|-supereffective|p1a: Primarina
|-crit|p1a: Primarina
|-end|p1a: Primarina|Substitute
|
|-heal|p1a: Primarina|88/100|[from] item: Leftovers
|-damage|p2a: Slowking|77/100|[from] move: Whirlpool|[partiallytrapped]
|upkeep
|turn|4
|
|t:|1769336467
|move|p1a: Primarina|Substitute|p1a: Primarina
|-start|p1a: Primarina|Substitute
|-damage|p1a: Primarina|63/100
|move|p2a: Slowking|Sludge Bomb|p1a: Primarina
|-supereffective|p1a: Primarina
|-end|p1a: Primarina|Substitute
|
|-heal|p1a: Primarina|69/100|[from] item: Leftovers
|-damage|p2a: Slowking|65/100|[from] move: Whirlpool|[partiallytrapped]
|upkeep
|turn|5
|
|t:|1769336472
|switch|p1a: Kingambit|Kingambit, M, shiny|100/100
|move|p2a: Slowking|Flamethrower|p1a: Kingambit
|-supereffective|p1a: Kingambit
|-damage|p1a: Kingambit|43/100
|
|-heal|p1a: Kingambit|49/100|[from] item: Leftovers
|-end|p2a: Slowking|Whirlpool|[partiallytrapped]|[silent]
|upkeep
|turn|6
|
|t:|1769336481
|-end|p1a: Kingambit|fallenundefined|[silent]
|switch|p1a: Slowking|Slowking-Galar, M, shiny|100/100
|switch|p2a: Corviknight|Corviknight, M, shiny|96/100
|-ability|p2a: Corviknight|Pressure
|
|upkeep
|turn|7
|
|t:|1769336496
|move|p2a: Corviknight|U-turn|p1a: Slowking
|-damage|p1a: Slowking|90/100
|
|t:|1769336500
|switch|p2a: Stall Lover|Crawdaunt, F|100/100|[from] U-turn
|move|p1a: Slowking|Flamethrower|p2a: Stall Lover
|-resisted|p2a: Stall Lover
|-damage|p2a: Stall Lover|76/100
|
|upkeep
|turn|8
|
|t:|1769336508
|switch|p1a: Primarina|Primarina, M, shiny|69/100
|move|p2a: Stall Lover|Crabhammer|p1a: Primarina
|-resisted|p1a: Primarina
|-crit|p1a: Primarina
|-damage|p1a: Primarina|0 fnt
|faint|p1a: Primarina
|
|upkeep
|
|t:|1769336523
|switch|p1a: Ogerpon|Ogerpon, F|84/100
|turn|9
|
|t:|1769336529
|switch|p2a: Corviknight|Corviknight, M, shiny|96/100
|-ability|p2a: Corviknight|Pressure
|move|p1a: Ogerpon|Knock Off|p2a: Corviknight
|-damage|p2a: Corviknight|66/100
|-damage|p1a: Ogerpon|67/100|[from] item: Rocky Helmet|[of] p2a: Corviknight
|-enditem|p2a: Corviknight|Rocky Helmet|[from] move: Knock Off|[of] p1a: Ogerpon
|
|upkeep
|turn|10
|
|t:|1769336537
|switch|p1a: Slowking|Slowking-Galar, M, shiny|100/100
|move|p2a: Corviknight|U-turn|p1a: Slowking
|-damage|p1a: Slowking|89/100
|
|t:|1769336540
|switch|p2a: Stall Lover|Crawdaunt, F|76/100|[from] U-turn
|
|upkeep
|turn|11
|
|t:|1769336545
|switch|p1a: Kingambit|Kingambit, M, shiny|49/100
|-activate|p1a: Kingambit|ability: Supreme Overlord
|-start|p1a: Kingambit|fallen1|[silent]
|move|p2a: Stall Lover|Crabhammer|p1a: Kingambit
|-crit|p1a: Kingambit
|-damage|p1a: Kingambit|0 fnt
|faint|p1a: Kingambit
|-end|p1a: Kingambit|fallen1|[silent]
|
|upkeep
|
|t:|1769336552
|switch|p1a: Enamorus|Enamorus, F, shiny|100/100
|turn|12
|
|t:|1769336555
|switch|p2a: Slowking|Slowking-Galar, M|98/100
|move|p1a: Enamorus|Moonblast|p2a: Slowking
|-resisted|p2a: Slowking
|-damage|p2a: Slowking|85/100
|-unboost|p2a: Slowking|spa|1
|
|upkeep
|turn|13
|
|t:|1769336558
|switch|p1a: Slowking|Slowking-Galar, M, shiny|100/100
|move|p2a: Slowking|Sludge Bomb|p1a: Slowking
|-resisted|p1a: Slowking
|-damage|p1a: Slowking|93/100
|
|upkeep
|turn|14
|
|t:|1769336563
|switch|p1a: Ogerpon|Ogerpon, F|67/100
|move|p2a: Slowking|Psyshock|p1a: Ogerpon
|-damage|p1a: Ogerpon|37/100
|
|upkeep
|turn|15
|
|t:|1769336571
|switch|p2a: Corviknight|Corviknight, M, shiny|66/100
|-ability|p2a: Corviknight|Pressure
|move|p1a: Ogerpon|Knock Off|p2a: Corviknight
|-damage|p2a: Corviknight|47/100
|
|upkeep
|turn|16
|
|t:|1769336577
|switch|p1a: Slowking|Slowking-Galar, M, shiny|100/100
|move|p2a: Corviknight|U-turn|p1a: Slowking
|-damage|p1a: Slowking|90/100
|
|t:|1769336579
|switch|p2a: Stall Lover|Crawdaunt, F|76/100|[from] U-turn
|
|upkeep
|turn|17
|-message|The LK 4 forfeited.
|
|win|TrentMercer
|raw|The LK 4's rating: 1540 &rarr; <strong>1522</strong><br />(-18 for losing)
|raw|TrentMercer's rating: 1575 &rarr; <strong>1593</strong><br />(+18 for winning)
|l|☆The LK 4
|player|p1|
|l|☆TrentMercer
|player|p2|
