|j|☆Koibitio
|j|☆spongenoodles
|t:|1769327428
|gametype|singles
|player|p1|Koibitio|backpacker|1219
|player|p2|spongenoodles|red|1237
|gen|9
|tier|[Gen 9] OU
|rated|
|rule|HP Percentage Mod: HP is shown in percentages
|rule|Endless Battle Clause: Forcing endless battles is banned
|rule|Species Clause: Limit one of each Pokémon
|rule|OHKO Clause: OHKO moves are banned
|rule|Evasion Items Clause: Evasion items are banned
|rule|Evasion Moves Clause: Evasion moves are banned
|rule|Evasion Abilities Clause: Evasion abilities are banned
|rule|Sleep Moves Clause: Sleep-inducing moves are banned
|clearpoke
|poke|p1|Raging Bolt|
|poke|p1|Zamazenta-*|
|poke|p1|Landorus-Therian, M|
|poke|p1|Grafaiai, M|
|poke|p1|Dragapult, M|
|poke|p1|Smeargle, F|
|poke|p2|Pelipper, F|
|poke|p2|Hatterene, F|
|poke|p2|Blastoise, F|
|poke|p2|Great Tusk|
|poke|p2|Dragapult, M|
|poke|p2|Basculegion-F, F|
|teampreview
|
|t:|1769327439
|teamsize|p1|6
|teamsize|p2|6
|start
|switch|p1a: Toge 🗣️|Grafaiai, M, shiny|100/100
|switch|p2a: Pelipper|Pelipper, F|100/100
|-weather|RainDance|[from] ability: Drizzle|[of] p2a: Pelipper
|turn|1
|
|t:|1769327447
|move|p1a: Toge 🗣️|Knock Off|p2a: Pelipper
|-damage|p2a: Pelipper|83/100
|-enditem|p2a: Pelipper|Damp Rock|[from] move: Knock Off|[of] p1a: Toge 🗣️
|move|p2a: Pelipper|U-turn|p1a: Toge 🗣️
|-resisted|p1a: Toge 🗣️
|-damage|p1a: Toge 🗣️|94/100
|
|t:|1769327454
|switch|p2a: Great Tusk|Great Tusk|100/100|[from] U-turn
|
|-weather|RainDance|[upkeep]
|-heal|p1a: Toge 🗣️|99/100|[from] item: Black Sludge
|upkeep
|turn|2
|
|t:|1769327461
|move|p1a: Toge 🗣️|Parting Shot|p2a: Great Tusk
|-unboost|p2a: Great Tusk|atk|1
|-unboost|p2a: Great Tusk|spa|1
|
|t:|1769327464
|switch|p1a: 🤨|Landorus-Therian, M|100/100|[from] Parting Shot
|-ability|p1a: 🤨|Intimidate|boost
|-unboost|p2a: Great Tusk|atk|1
|move|p2a: Great Tusk|Rapid Spin|p1a: 🤨
|-damage|p1a: 🤨|90/100
|-boost|p2a: Great Tusk|spe|1
|-damage|p2a: Great Tusk|84/100|[from] item: Rocky Helmet|[of] p1a: 🤨
|
|-weather|RainDance|[upkeep]
|upkeep
|turn|3
|
|t:|1769327476
|-end|p2a: Great Tusk|Protosynthesis|[silent]
|switch|p2a: Blastoise|Blastoise, F|100/100
|move|p1a: 🤨|Grass Knot|p2a: Blastoise
|-supereffective|p2a: Blastoise
|-damage|p2a: Blastoise|54/100
|
|-weather|RainDance|[upkeep]
|-heal|p2a: Blastoise|60/100|[from] ability: Rain Dish
|upkeep
|turn|4
|
|t:|1769327488
|move|p1a: 🤨|U-turn|p2a: Blastoise
|-damage|p2a: Blastoise|30/100
|
|t:|1769327494
|switch|p1a: Toge 🗣️|Grafaiai, M, shiny|99/100|[from] U-turn
|move|p2a: Blastoise|Shell Smash|p2a: Blastoise
|-unboost|p2a: Blastoise|def|1
|-unboost|p2a: Blastoise|spd|1
|-boost|p2a: Blastoise|atk|2
|-boost|p2a: Blastoise|spa|2
|-boost|p2a: Blastoise|spe|2
|-enditem|p2a: Blastoise|White Herb
|-clearnegativeboost|p2a: Blastoise|[silent]
|
|-weather|RainDance|[upkeep]
|-heal|p2a: Blastoise|36/100|[from] ability: Rain Dish
|-heal|p1a: Toge 🗣️|100/100|[from] item: Black Sludge
|upkeep
|turn|5
|
|t:|1769327508
|move|p1a: Toge 🗣️|Encore|p2a: Blastoise
|-start|p2a: Blastoise|Encore
|move|p2a: Blastoise|Shell Smash|p2a: Blastoise
|-unboost|p2a: Blastoise|def|1
|-unboost|p2a: Blastoise|spd|1
|-boost|p2a: Blastoise|atk|2
|-boost|p2a: Blastoise|spa|2
|-boost|p2a: Blastoise|spe|2
|
|-weather|RainDance|[upkeep]
|-heal|p2a: Blastoise|42/100|[from] ability: Rain Dish
|upkeep
|turn|6
|
|t:|1769327518
|move|p1a: Toge 🗣️|Copycat|p1a: Toge 🗣️
|move|p1a: Toge 🗣️|Shell Smash|p1a: Toge 🗣️|[from] move: Copycat
|-unboost|p1a: Toge 🗣️|def|1
|-unboost|p1a: Toge 🗣️|spd|1
|-boost|p1a: Toge 🗣️|atk|2
|-boost|p1a: Toge 🗣️|spa|2
|-boost|p1a: Toge 🗣️|spe|2
|move|p2a: Blastoise|Shell Smash|p2a: Blastoise
|-unboost|p2a: Blastoise|def|1
|-unboost|p2a: Blastoise|spd|1
|-boost|p2a: Blastoise|atk|2
|-boost|p2a: Blastoise|spa|2
|-boost|p2a: Blastoise|spe|2
|
|-weather|RainDance|[upkeep]
|-heal|p2a: Blastoise|48/100|[from] ability: Rain Dish
|upkeep
|turn|7
|
|t:|1769327536
|switch|p2a: Hatterene|Hatterene, F|100/100
|move|p1a: Toge 🗣️|Copycat|p1a: Toge 🗣️
|move|p1a: Toge 🗣️|Shell Smash|p1a: Toge 🗣️|[from] move: Copycat
|-unboost|p1a: Toge 🗣️|def|1
|-unboost|p1a: Toge 🗣️|spd|1
|-boost|p1a: Toge 🗣️|atk|2
|-boost|p1a: Toge 🗣️|spa|2
|-boost|p1a: Toge 🗣️|spe|2
|
|-weather|RainDance|[upkeep]
|upkeep
|turn|8
|
|t:|1769327547
|-terastallize|p1a: Toge 🗣️|Dark
|move|p1a: Toge 🗣️|Knock Off|p2a: Hatterene
|-damage|p2a: Hatterene|0 fnt
|-enditem|p2a: Hatterene|Assault Vest|[from] move: Knock Off|[of] p1a: Toge 🗣️
|faint|p2a: Hatterene
|
|-weather|none
|-damage|p1a: Toge 🗣️|88/100|[from] item: Black Sludge
|upkeep
|
|t:|1769327561
|switch|p2a: Basculegion|Basculegion-F, F|100/100
|turn|9
|
|t:|1769327565
|move|p1a: Toge 🗣️|Copycat|p1a: Toge 🗣️
|move|p1a: Toge 🗣️|Knock Off|p2a: Basculegion|[from] move: Copycat
|-supereffective|p2a: Basculegion
|-damage|p2a: Basculegion|0 fnt
|-enditem|p2a: Basculegion|Choice Specs|[from] move: Knock Off|[of] p1a: Toge 🗣️
|faint|p2a: Basculegion
|
|-damage|p1a: Toge 🗣️|75/100|[from] item: Black Sludge
|upkeep
|
|t:|1769327576
|switch|p2a: Pelipper|Pelipper, F|83/100
|-weather|RainDance|[from] ability: Drizzle|[of] p2a: Pelipper
|turn|10
|
|t:|1769327581
|move|p1a: Toge 🗣️|Copycat|p1a: Toge 🗣️
|move|p1a: Toge 🗣️|Knock Off|p2a: Pelipper|[from] move: Copycat
|-crit|p2a: Pelipper
|-damage|p2a: Pelipper|0 fnt
|faint|p2a: Pelipper
|
|-weather|RainDance|[upkeep]
|-damage|p1a: Toge 🗣️|63/100|[from] item: Black Sludge
|upkeep
|
|t:|1769327591
|switch|p2a: Blastoise|Blastoise, F|48/100
|turn|11
|
|t:|1769327595
|move|p1a: Toge 🗣️|Copycat|p1a: Toge 🗣️
|move|p1a: Toge 🗣️|Knock Off|p2a: Blastoise|[from] move: Copycat
|-damage|p2a: Blastoise|0 fnt
|faint|p2a: Blastoise
|
|-weather|RainDance|[upkeep]
|-damage|p1a: Toge 🗣️|50/100|[from] item: Black Sludge
|upkeep
|-message|spongenoodles forfeited.
|
|win|Koibitio
|raw|Koibitio's rating: 1219 &rarr; <strong>1245</strong><br />(+26 for winning)
|raw|spongenoodles's rating: 1237 &rarr; <strong>1211</strong><br />(-26 for losing)
|l|☆spongenoodles
|player|p2|
|l|☆Koibitio
|player|p1|
