|j|☆Mayoriguana
|j|☆habracadabrah
|t:|1769337340
|gametype|singles
|player|p1|Mayoriguana|gentleman-gen4|1164
|player|p2|habracadabrah|hugh|1195
|gen|9
|tier|[Gen 9] OU
|rated|
|rule|HP Percentage Mod: HP is shown in percentages
|rule|Endless Battle Clause: Forcing endless battles is banned
|rule|Species Clause: Limit one of each Pokémon
|rule|OHKO Clause: OHKO moves are banned
|rule|Evasion Items Clause: Evasion items are banned
|rule|Evasion Moves Clause: Evasion moves are banned
|rule|Evasion Abilities Clause: Evasion abilities are banned
|rule|Sleep Moves Clause: Sleep-inducing moves are banned
|clearpoke
|poke|p1|Garganacl, M|
|poke|p1|Hippowdon, M|
|poke|p1|Hydrapple, M|
|poke|p1|Slowking-Galar, M|
|poke|p1|Samurott-Hisui, M|
|poke|p1|Excadrill, M|
|poke|p2|Cacturne, F|
|poke|p2|Tyranitar, M|
|poke|p2|Umbreon, F|
|poke|p2|Weavile, M|
|poke|p2|Ninetales-Alola, M|
|poke|p2|Excadrill, F|
|teampreview
|
|t:|1769337364
|teamsize|p1|6
|teamsize|p2|6
|start
|switch|p1a: Garganacl|Garganacl, M, shiny|100/100
|switch|p2a: Ninetales|Ninetales-Alola, M|100/100
|-weather|Snowscape|[from] ability: Snow Warning|[of] p2a: Ninetales
|turn|1
|
|t:|1769337374
|move|p2a: Ninetales|Aurora Veil|p2a: Ninetales
|-sidestart|p2: habracadabrah|move: Aurora Veil
|move|p1a: Garganacl|Salt Cure|p2a: Ninetales
|-supereffective|p2a: Ninetales
|-damage|p2a: Ninetales|88/100
|-start|p2a: Ninetales|Salt Cure
|
|-weather|Snowscape|[upkeep]
|-damage|p2a: Ninetales|75/100|[from] Salt Cure
|upkeep
|turn|2
|
|t:|1769337385
|switch|p2a: Cacturne|Cacturne, F|100/100
|move|p1a: Garganacl|Protect||[still]
|-fail|p1a: Garganacl
|
|-weather|Snowscape|[upkeep]
|upkeep
|turn|3
|
|t:|1769337396
|move|p2a: Cacturne|Dark Pulse|p1a: Garganacl
|-damage|p1a: Garganacl|53/100
|move|p1a: Garganacl|Salt Cure|p2a: Cacturne
|-damage|p2a: Cacturne|89/100
|-start|p2a: Cacturne|Salt Cure
|
|-weather|Snowscape|[upkeep]
|-heal|p1a: Garganacl|59/100|[from] item: Leftovers
|-damage|p2a: Cacturne|77/100|[from] Salt Cure
|upkeep
|turn|4
|
|t:|1769337415
|switch|p2a: Umbreon|Umbreon, F|100/100
|move|p1a: Garganacl|Protect||[still]
|-fail|p1a: Garganacl
|
|-weather|Snowscape|[upkeep]
|-heal|p1a: Garganacl|65/100|[from] item: Leftovers
|upkeep
|turn|5
|
|t:|1769337423
|switch|p1a: Slowking|Slowking-Galar, M, shiny|100/100
|move|p2a: Umbreon|Wish|p2a: Umbreon
|
|-weather|none
|upkeep
|turn|6
|
|t:|1769337436
|switch|p2a: Ninetales|Ninetales-Alola, M|75/100
|-weather|Snowscape|[from] ability: Snow Warning|[of] p2a: Ninetales
|move|p1a: Slowking|Sludge Bomb|p2a: Ninetales
|-supereffective|p2a: Ninetales
|-damage|p2a: Ninetales|38/100
|
|-weather|Snowscape|[upkeep]
|-heal|p2a: Ninetales|100/100|[from] move: Wish|[wisher] Umbreon
|upkeep
|turn|7
|
|t:|1769337447
|switch|p2a: Weavile|Weavile, M|100/100
|move|p1a: Slowking|Whirlpool|p2a: Weavile
|-damage|p2a: Weavile|94/100
|-activate|p2a: Weavile|move: Whirlpool|[of] p1a: Slowking
|
|-weather|Snowscape|[upkeep]
|-damage|p2a: Weavile|82/100|[from] move: Whirlpool|[partiallytrapped]
|upkeep
|turn|8
|
|t:|1769337462
|switch|p1a: Hippowdon|Hippowdon, M, shiny|100/100
|-weather|Sandstorm|[from] ability: Sand Stream|[of] p1a: Hippowdon
|move|p2a: Weavile|Swords Dance|p2a: Weavile
|-boost|p2a: Weavile|atk|2
|
|-weather|Sandstorm|[upkeep]
|-damage|p2a: Weavile|76/100|[from] Sandstorm
|-end|p2a: Weavile|Whirlpool|[partiallytrapped]|[silent]
|-sideend|p2: habracadabrah|move: Aurora Veil
|upkeep
|turn|9
|
|t:|1769337470
|move|p2a: Weavile|Icicle Crash|p1a: Hippowdon
|-supereffective|p1a: Hippowdon
|-damage|p1a: Hippowdon|11/100
|cant|p1a: Hippowdon|flinch
|
|-weather|Sandstorm|[upkeep]
|-damage|p2a: Weavile|70/100|[from] Sandstorm
|upkeep
|turn|10
|
|t:|1769337480
|switch|p1a: Garganacl|Garganacl, M, shiny|65/100
|move|p2a: Weavile|Knock Off|p1a: Garganacl
|-damage|p1a: Garganacl|12/100
|-enditem|p1a: Garganacl|Leftovers|[from] move: Knock Off|[of] p2a: Weavile
|
|-weather|Sandstorm|[upkeep]
|-damage|p2a: Weavile|64/100|[from] Sandstorm
|upkeep
|turn|11
|
|t:|1769337487
|move|p2a: Weavile|Knock Off|p1a: Garganacl
|-damage|p1a: Garganacl|0 fnt
|faint|p1a: Garganacl
|
|-weather|Sandstorm|[upkeep]
|-damage|p2a: Weavile|58/100|[from] Sandstorm
|upkeep
|
|t:|1769337489
|switch|p1a: Excadrill|Excadrill, M, shiny|100/100
|turn|12
|
|t:|1769337496
|-terastallize|p2a: Weavile|Fighting
|move|p1a: Excadrill|Iron Head|p2a: Weavile
|-damage|p2a: Weavile|0 fnt
|faint|p2a: Weavile
|
|-weather|none
|upkeep
|
|t:|1769337520
|switch|p2a: Excadrill|Excadrill, F|100/100
|-ability|p2a: Excadrill|Mold Breaker
|-item|p2a: Excadrill|Air Balloon
|turn|13
|
|t:|1769337539
|switch|p1a: Hydrapple|Hydrapple, M, shiny|100/100
|move|p2a: Excadrill|Swords Dance|p2a: Excadrill
|-boost|p2a: Excadrill|atk|2
|
|upkeep
|turn|14
|
|t:|1769337546
|move|p2a: Excadrill|Iron Head|p1a: Hydrapple
|-damage|p1a: Hydrapple|34/100
|cant|p1a: Hydrapple|flinch
|
|upkeep
|turn|15
|
|t:|1769337553
|move|p2a: Excadrill|Iron Head|p1a: Hydrapple
|-damage|p1a: Hydrapple|0 fnt
|faint|p1a: Hydrapple
|
|upkeep
|
|t:|1769337555
|switch|p1a: Samurott|Samurott-Hisui, M, shiny|100/100
|turn|16
|
|t:|1769337563
|move|p2a: Excadrill|Earthquake|p1a: Samurott
|-damage|p1a: Samurott|0 fnt
|faint|p1a: Samurott
|
|upkeep
|
|t:|1769337585
|switch|p1a: Hippowdon|Hippowdon, M, shiny|11/100
|-weather|Sandstorm|[from] ability: Sand Stream|[of] p1a: Hippowdon
|turn|17
|
|t:|1769337602
|move|p2a: Excadrill|Rapid Spin|p1a: Hippowdon
|-damage|p1a: Hippowdon|0 fnt
|-boost|p2a: Excadrill|spe|1
|-damage|p2a: Excadrill|84/100|[from] item: Rocky Helmet|[of] p1a: Hippowdon
|faint|p1a: Hippowdon
|
|-weather|Sandstorm|[upkeep]
|upkeep
|
|t:|1769337606
|switch|p1a: Slowking|Slowking-Galar, M, shiny|100/100
|turn|18
|
|t:|1769337613
|-terastallize|p1a: Slowking|Water
|move|p2a: Excadrill|Earthquake|p1a: Slowking
|-damage|p1a: Slowking|10/100
|move|p1a: Slowking|Flamethrower|p2a: Excadrill
|-supereffective|p2a: Excadrill
|-damage|p2a: Excadrill|28/100
|-enditem|p2a: Excadrill|Air Balloon
|
|-weather|Sandstorm|[upkeep]
|-damage|p1a: Slowking|4/100|[from] Sandstorm
|upkeep
|turn|19
|
|t:|1769337623
|move|p2a: Excadrill|Rapid Spin|p1a: Slowking
|-damage|p1a: Slowking|0 fnt
|-boost|p2a: Excadrill|spe|1
|faint|p1a: Slowking
|
|-weather|Sandstorm|[upkeep]
|upkeep
|
|t:|1769337624
|switch|p1a: Excadrill|Excadrill, M, shiny|100/100
|turn|20
|
|t:|1769337627
|move|p1a: Excadrill|Earthquake|p2a: Excadrill
|-supereffective|p2a: Excadrill
|-damage|p2a: Excadrill|0 fnt
|faint|p2a: Excadrill
|
|-weather|Sandstorm|[upkeep]
|upkeep
|
|t:|1769337632
|switch|p2a: Ninetales|Ninetales-Alola, M|100/100
|-weather|Snowscape|[from] ability: Snow Warning|[of] p2a: Ninetales
|turn|21
|
|t:|1769337638
|move|p2a: Ninetales|Encore|p1a: Excadrill
|-start|p1a: Excadrill|Encore
|move|p1a: Excadrill|Earthquake|p2a: Ninetales
|-damage|p2a: Ninetales|44/100
|
|-weather|Snowscape|[upkeep]
|upkeep
|turn|22
|
|t:|1769337643
|move|p2a: Ninetales|Aurora Veil|p2a: Ninetales
|-sidestart|p2: habracadabrah|move: Aurora Veil
|move|p1a: Excadrill|Earthquake|p2a: Ninetales
|-damage|p2a: Ninetales|15/100
|
|-weather|Snowscape|[upkeep]
|upkeep
|turn|23
|
|t:|1769337648
|move|p2a: Ninetales|Blizzard|p1a: Excadrill
|-damage|p1a: Excadrill|42/100
|move|p1a: Excadrill|Earthquake|p2a: Ninetales
|-damage|p2a: Ninetales|0 fnt
|faint|p2a: Ninetales
|
|-weather|Snowscape|[upkeep]
|-end|p1a: Excadrill|Encore
|upkeep
|
|t:|1769337652
|switch|p2a: Cacturne|Cacturne, F|77/100
|turn|24
|
|t:|1769337660
|move|p1a: Excadrill|Iron Head|p2a: Cacturne
|-damage|p2a: Cacturne|41/100
|cant|p2a: Cacturne|flinch
|
|-weather|Snowscape|[upkeep]
|upkeep
|turn|25
|
|t:|1769337665
|move|p1a: Excadrill|Iron Head|p2a: Cacturne
|-damage|p2a: Cacturne|4/100
|move|p2a: Cacturne|Leaf Storm|p1a: Excadrill
|-damage|p1a: Excadrill|0 fnt
|-unboost|p2a: Cacturne|spa|2
|faint|p1a: Excadrill
|
|win|habracadabrah
|raw|Mayoriguana's rating: 1164 &rarr; <strong>1141</strong><br />(-23 for losing)
|raw|habracadabrah's rating: 1195 &rarr; <strong>1218</strong><br />(+23 for winning)
|l|☆Mayoriguana
|player|p1|
|l|☆habracadabrah
|player|p2|
