|j|☆biggestdachsbunfan
|j|☆Virgulito
|t:|1769364029
|gametype|singles
|player|p1|biggestdachsbunfan|falkner|1417
|player|p2|Virgulito|2|1465
|gen|9
|tier|[Gen 9] OU
|rated|
|rule|HP Percentage Mod: HP is shown in percentages
|rule|Endless Battle Clause: Forcing endless battles is banned
|rule|Species Clause: Limit one of each Pokémon
|rule|OHKO Clause: OHKO moves are banned
|rule|Evasion Items Clause: Evasion items are banned
|rule|Evasion Moves Clause: Evasion moves are banned
|rule|Evasion Abilities Clause: Evasion abilities are banned
|rule|Sleep Moves Clause: Sleep-inducing moves are banned
|clearpoke
|poke|p1|Dachsbun, M|
|poke|p1|Meowscarada, F|
|poke|p1|Cinderace, M|
|poke|p1|Glimmora, M|
|poke|p1|Primarina, F|
|poke|p1|Zapdos|
|poke|p2|Great Tusk|
|poke|p2|Dragapult, M|
|poke|p2|Kingambit, F|
|poke|p2|Corviknight, M|
|poke|p2|Rillaboom, F|
|poke|p2|Keldeo-Resolute|
|teampreview
|inactive|Battle timer is ON: inactive players will automatically lose when time's up. (requested by biggestdachsbunfan)
|inactive|Virgulito has 120 seconds left.
|inactive|Virgulito has 90 seconds left.
|
|t:|1769364114
|teamsize|p1|6
|teamsize|p2|6
|start
|switch|p1a: Fontaine|Primarina, F|100/100
|switch|p2a: Great Tusk|Great Tusk|100/100
|turn|1
|inactive|Virgulito has 120 seconds left.
|
|t:|1769364150
|-end|p2a: Great Tusk|Protosynthesis|[silent]
|switch|p2a: Keldeo|Keldeo-Resolute|100/100
|move|p1a: Fontaine|Moonblast|p2a: Keldeo
|-supereffective|p2a: Keldeo
|-damage|p2a: Keldeo|35/100
|
|upkeep
|turn|2
|
|t:|1769364161
|move|p2a: Keldeo|Flip Turn|p1a: Fontaine
|-resisted|p1a: Fontaine
|-damage|p1a: Fontaine|91/100
|
|t:|1769364168
|switch|p2a: Corviknight|Corviknight, M|100/100|[from] Flip Turn
|-ability|p2a: Corviknight|Pressure
|move|p1a: Fontaine|Moonblast|p2a: Corviknight
|-resisted|p2a: Corviknight
|-damage|p2a: Corviknight|75/100
|
|-heal|p2a: Corviknight|81/100|[from] item: Leftovers
|upkeep
|turn|3
|
|t:|1769364189
|switch|p1a: Sprinkles|Zapdos|100/100
|move|p2a: Corviknight|Brave Bird|p1a: Sprinkles
|-resisted|p1a: Sprinkles
|-damage|p1a: Sprinkles|89/100
|-damage|p2a: Corviknight|77/100|[from] Recoil
|
|-heal|p1a: Sprinkles|95/100|[from] item: Leftovers
|-heal|p2a: Corviknight|83/100|[from] item: Leftovers
|upkeep
|turn|4
|
|t:|1769364203
|switch|p2a: Great Tusk|Great Tusk|100/100
|move|p1a: Sprinkles|Heat Wave|p2a: Great Tusk
|-damage|p2a: Great Tusk|66/100
|
|-heal|p1a: Sprinkles|100/100|[from] item: Leftovers
|upkeep
|turn|5
|
|t:|1769364210
|move|p2a: Great Tusk|Stealth Rock|p1a: Sprinkles
|-sidestart|p1: biggestdachsbunfan|move: Stealth Rock
|move|p1a: Sprinkles|U-turn|p2a: Great Tusk
|-resisted|p2a: Great Tusk
|-damage|p2a: Great Tusk|62/100
|-damage|p1a: Sprinkles|84/100|[from] item: Rocky Helmet|[of] p2a: Great Tusk
|
|t:|1769364220
|switch|p1a: Laura|Meowscarada, F|100/100|[from] U-turn
|-damage|p1a: Laura|88/100|[from] Stealth Rock
|
|upkeep
|turn|6
|
|t:|1769364233
|-end|p2a: Great Tusk|Protosynthesis|[silent]
|switch|p2a: Corviknight|Corviknight, M|83/100
|-ability|p2a: Corviknight|Pressure
|move|p1a: Laura|Flower Trick|p2a: Corviknight
|-start|p1a: Laura|typechange|Grass|[from] ability: Protean
|-resisted|p2a: Corviknight
|-crit|p2a: Corviknight
|-damage|p2a: Corviknight|72/100
|
|-heal|p2a: Corviknight|78/100|[from] item: Leftovers
|upkeep
|turn|7
|
|t:|1769364249
|switch|p1a: Mbappé|Cinderace, M|100/100
|move|p2a: Corviknight|Iron Defense|p2a: Corviknight
|-boost|p2a: Corviknight|def|2
|
|-heal|p2a: Corviknight|84/100|[from] item: Leftovers
|upkeep
|turn|8
|
|t:|1769364253
|move|p1a: Mbappé|Will-O-Wisp|p2a: Corviknight
|-status|p2a: Corviknight|brn
|move|p2a: Corviknight|Body Press|p1a: Mbappé
|-damage|p1a: Mbappé|70/100
|
|-heal|p2a: Corviknight|90/100 brn|[from] item: Leftovers
|-damage|p2a: Corviknight|84/100 brn|[from] brn
|upkeep
|turn|9
|
|t:|1769364266
|-terastallize|p1a: Mbappé|Ghost
|move|p1a: Mbappé|Court Change|p1a: Mbappé
|-swapsideconditions
|-activate|p1a: Mbappé|move: Court Change
|move|p2a: Corviknight|Roost|p2a: Corviknight
|-heal|p2a: Corviknight|100/100 brn
|-singleturn|p2a: Corviknight|move: Roost
|
|-damage|p2a: Corviknight|94/100 brn|[from] brn
|upkeep
|turn|10
|inactive|Virgulito has 120 seconds left.
|
|t:|1769364292
|switch|p1a: Sprinkles|Zapdos|84/100
|switch|p2a: Great Tusk|Great Tusk|62/100
|-damage|p2a: Great Tusk|59/100|[from] Stealth Rock
|
|-heal|p1a: Sprinkles|90/100|[from] item: Leftovers
|upkeep
|turn|11
|
|t:|1769364302
|switch|p1a: Mbappé|Cinderace, M, tera:Ghost|70/100
|move|p2a: Great Tusk|Rapid Spin|p1a: Mbappé
|-immune|p1a: Mbappé
|
|upkeep
|turn|12
|
|t:|1769364308
|move|p1a: Mbappé|Will-O-Wisp|p2a: Great Tusk
|-status|p2a: Great Tusk|brn
|move|p2a: Great Tusk|Stealth Rock|p1a: Mbappé
|-sidestart|p1: biggestdachsbunfan|move: Stealth Rock
|
|-damage|p2a: Great Tusk|53/100 brn|[from] brn
|upkeep
|turn|13
|
|t:|1769364315
|switch|p1a: Jalebi|Dachsbun, M|100/100
|-damage|p1a: Jalebi|88/100|[from] Stealth Rock
|move|p2a: Great Tusk|Headlong Rush|p1a: Jalebi
|-damage|p1a: Jalebi|70/100
|-unboost|p2a: Great Tusk|def|1
|-unboost|p2a: Great Tusk|spd|1
|-damage|p2a: Great Tusk|36/100 brn|[from] item: Rocky Helmet|[of] p1a: Jalebi
|
|-damage|p2a: Great Tusk|30/100 brn|[from] brn
|upkeep
|turn|14
|
|t:|1769364332
|move|p2a: Great Tusk|Rapid Spin|p1a: Jalebi
|-damage|p1a: Jalebi|65/100
|-boost|p2a: Great Tusk|spe|1
|-damage|p2a: Great Tusk|14/100 brn|[from] item: Rocky Helmet|[of] p1a: Jalebi
|-sideend|p2: Virgulito|Stealth Rock|[from] move: Rapid Spin|[of] p2a: Great Tusk
|move|p1a: Jalebi|Body Press|p2a: Great Tusk
|-damage|p2a: Great Tusk|0 fnt
|-damage|p1a: Jalebi|48/100|[from] item: Rocky Helmet|[of] p2a: Great Tusk
|faint|p2a: Great Tusk
|-end|p2a: Great Tusk|Protosynthesis|[silent]
|
|upkeep
|
|t:|1769364338
|switch|p2a: Rillaboom|Rillaboom, F|100/100
|-fieldstart|move: Grassy Terrain|[from] ability: Grassy Surge|[of] p2a: Rillaboom
|turn|15
|
|t:|1769364354
|switch|p2a: Dragapult|Dragapult, M|100/100
|move|p1a: Jalebi|Protect||[still]
|-fail|p1a: Jalebi
|
|-heal|p1a: Jalebi|54/100|[from] Grassy Terrain
|upkeep
|turn|16
|
|t:|1769364361
|move|p2a: Dragapult|Shadow Ball|p1a: Jalebi
|-damage|p1a: Jalebi|0 fnt
|faint|p1a: Jalebi
|-damage|p2a: Dragapult|91/100|[from] item: Life Orb
|
|-heal|p2a: Dragapult|97/100|[from] Grassy Terrain
|upkeep
|
|t:|1769364371
|switch|p1a: Fontaine|Primarina, F|91/100
|-damage|p1a: Fontaine|79/100|[from] Stealth Rock
|turn|17
|
|t:|1769364376
|switch|p2a: Corviknight|Corviknight, M|94/100 brn
|-ability|p2a: Corviknight|Pressure
|move|p1a: Fontaine|Moonblast|p2a: Corviknight
|-resisted|p2a: Corviknight
|-damage|p2a: Corviknight|68/100 brn
|
|-heal|p1a: Fontaine|85/100|[from] Grassy Terrain
|-heal|p2a: Corviknight|74/100 brn|[from] item: Leftovers
|-damage|p2a: Corviknight|68/100 brn|[from] brn
|upkeep
|turn|18
|
|t:|1769364382
|move|p2a: Corviknight|Brave Bird|p1a: Fontaine
|-damage|p1a: Fontaine|61/100
|-damage|p2a: Corviknight|62/100 brn|[from] Recoil
|move|p1a: Fontaine|Psychic Noise|p2a: Corviknight
|-resisted|p2a: Corviknight
|-damage|p2a: Corviknight|47/100 brn
|-start|p2a: Corviknight|move: Heal Block
|
|-heal|p1a: Fontaine|67/100|[from] Grassy Terrain
|-damage|p2a: Corviknight|41/100 brn|[from] brn
|upkeep
|turn|19
|
|t:|1769364393
|move|p1a: Fontaine|Surf|p2a: Corviknight
|-damage|p2a: Corviknight|0 fnt
|faint|p2a: Corviknight
|
|-heal|p1a: Fontaine|74/100|[from] Grassy Terrain
|-fieldend|move: Grassy Terrain
|upkeep
|
|t:|1769364397
|switch|p2a: Rillaboom|Rillaboom, F|100/100
|-fieldstart|move: Grassy Terrain|[from] ability: Grassy Surge|[of] p2a: Rillaboom
|turn|20
|
|t:|1769364409
|switch|p2a: Dragapult|Dragapult, M|97/100
|switch|p1a: Laura|Meowscarada, F|88/100
|-damage|p1a: Laura|76/100|[from] Stealth Rock
|
|-heal|p2a: Dragapult|100/100|[from] Grassy Terrain
|-heal|p1a: Laura|82/100|[from] Grassy Terrain
|upkeep
|turn|21
|
|t:|1769364419
|-terastallize|p2a: Dragapult|Dragon
|move|p2a: Dragapult|Draco Meteor|p1a: Laura|[miss]
|-miss|p2a: Dragapult|p1a: Laura
|move|p1a: Laura|Knock Off|p2a: Dragapult
|-start|p1a: Laura|typechange|Dark|[from] ability: Protean
|-damage|p2a: Dragapult|14/100
|-enditem|p2a: Dragapult|Life Orb|[from] move: Knock Off|[of] p1a: Laura
|
|-heal|p2a: Dragapult|20/100|[from] Grassy Terrain
|-heal|p1a: Laura|88/100|[from] Grassy Terrain
|upkeep
|turn|22
|
|t:|1769364430
|move|p2a: Dragapult|Dragon Darts|p1a: Laura
|-damage|p1a: Laura|46/100
|-anim|p2a: Dragapult|Dragon Darts|p1a: Laura
|-damage|p1a: Laura|6/100
|move|p1a: Laura|Knock Off|p2a: Dragapult
|-damage|p2a: Dragapult|0 fnt
|faint|p2a: Dragapult
|
|-heal|p1a: Laura|12/100|[from] Grassy Terrain
|upkeep
|
|t:|1769364436
|switch|p2a: Rillaboom|Rillaboom, F|100/100
|turn|23
|
|t:|1769364440
|move|p2a: Rillaboom|Grassy Glide|p1a: Laura
|-damage|p1a: Laura|0 fnt
|faint|p1a: Laura
|
|upkeep
|
|t:|1769364454
|switch|p1a: Sprinkles|Zapdos|90/100
|-damage|p1a: Sprinkles|65/100|[from] Stealth Rock
|turn|24
|
|t:|1769364463
|switch|p2a: Keldeo|Keldeo-Resolute|35/100
|move|p1a: Sprinkles|Heat Wave|p2a: Keldeo
|-resisted|p2a: Keldeo
|-damage|p2a: Keldeo|28/100
|
|-heal|p2a: Keldeo|34/100|[from] Grassy Terrain
|-heal|p1a: Sprinkles|71/100|[from] item: Leftovers
|-fieldend|move: Grassy Terrain
|upkeep
|turn|25
|
|t:|1769364470
|move|p2a: Keldeo|Flip Turn|p1a: Sprinkles
|-damage|p1a: Sprinkles|61/100
|-status|p2a: Keldeo|par|[from] ability: Static|[of] p1a: Sprinkles
|
|t:|1769364475
|switch|p2a: Rillaboom|Rillaboom, F|100/100|[from] Flip Turn
|-fieldstart|move: Grassy Terrain|[from] ability: Grassy Surge|[of] p2a: Rillaboom
|move|p1a: Sprinkles|Thunderbolt|p2a: Rillaboom
|-resisted|p2a: Rillaboom
|-damage|p2a: Rillaboom|77/100
|
|-heal|p2a: Rillaboom|83/100|[from] Grassy Terrain
|-heal|p1a: Sprinkles|67/100|[from] item: Leftovers
|upkeep
|turn|26
|
|t:|1769364486
|switch|p2a: Keldeo|Keldeo-Resolute|34/100 par
|move|p1a: Sprinkles|Heat Wave|p2a: Keldeo
|-resisted|p2a: Keldeo
|-damage|p2a: Keldeo|26/100 par
|
|-heal|p1a: Sprinkles|73/100|[from] item: Leftovers
|-heal|p2a: Keldeo|32/100 par|[from] Grassy Terrain
|upkeep
|turn|27
|
|t:|1769364494
|move|p1a: Sprinkles|Thunderbolt|p2a: Keldeo
|-supereffective|p2a: Keldeo
|-damage|p2a: Keldeo|0 fnt
|faint|p2a: Keldeo
|
|-heal|p1a: Sprinkles|79/100|[from] item: Leftovers
|upkeep
|
|t:|1769364497
|switch|p2a: Kingambit|Kingambit, F|100/100
|-activate|p2a: Kingambit|ability: Supreme Overlord
|-start|p2a: Kingambit|fallen4|[silent]
|turn|28
|
|t:|1769364505
|move|p1a: Sprinkles|Heat Wave|p2a: Kingambit
|-supereffective|p2a: Kingambit
|-damage|p2a: Kingambit|35/100
|move|p2a: Kingambit|Swords Dance|p2a: Kingambit
|-boost|p2a: Kingambit|atk|2
|
|-heal|p1a: Sprinkles|85/100|[from] item: Leftovers
|-heal|p2a: Kingambit|42/100|[from] Grassy Terrain
|-heal|p2a: Kingambit|48/100|[from] item: Leftovers
|upkeep
|turn|29
|
|t:|1769364517
|move|p2a: Kingambit|Sucker Punch|p1a: Sprinkles
|-damage|p1a: Sprinkles|5/100
|move|p1a: Sprinkles|Heat Wave|p2a: Kingambit
|-supereffective|p2a: Kingambit
|-damage|p2a: Kingambit|0 fnt
|faint|p2a: Kingambit
|-end|p2a: Kingambit|fallen4|[silent]
|
|-heal|p1a: Sprinkles|11/100|[from] item: Leftovers
|-fieldend|move: Grassy Terrain
|upkeep
|
|t:|1769364528
|switch|p2a: Rillaboom|Rillaboom, F|83/100
|-fieldstart|move: Grassy Terrain|[from] ability: Grassy Surge|[of] p2a: Rillaboom
|turn|30
|
|t:|1769364532
|move|p2a: Rillaboom|Grassy Glide|p1a: Sprinkles
|-resisted|p1a: Sprinkles
|-damage|p1a: Sprinkles|0 fnt
|faint|p1a: Sprinkles
|
|-heal|p2a: Rillaboom|89/100|[from] Grassy Terrain
|upkeep
|
|t:|1769364536
|switch|p1a: Mbappé|Cinderace, M, tera:Ghost|70/100
|turn|31
|
|t:|1769364539
|move|p2a: Rillaboom|Grassy Glide|p1a: Mbappé
|-damage|p1a: Mbappé|0 fnt
|faint|p1a: Mbappé
|
|-heal|p2a: Rillaboom|96/100|[from] Grassy Terrain
|upkeep
|
|t:|1769364554
|switch|p1a: Florian|Glimmora, M|100/100
|-damage|p1a: Florian|88/100|[from] Stealth Rock
|turn|32
|
|t:|1769364568
|move|p2a: Rillaboom|Grassy Glide|p1a: Florian
|-damage|p1a: Florian|13/100
|-activate|p1a: Florian|ability: Toxic Debris
|-sidestart|p2: Virgulito|move: Toxic Spikes
|move|p1a: Florian|Sludge Wave|p2a: Rillaboom
|-supereffective|p2a: Rillaboom
|-damage|p2a: Rillaboom|0 fnt
|faint|p2a: Rillaboom
|
|win|biggestdachsbunfan
|raw|biggestdachsbunfan's rating: 1417 &rarr; <strong>1440</strong><br />(+23 for winning)
|raw|Virgulito's rating: 1465 &rarr; <strong>1442</strong><br />(-23 for losing)
|l|☆Virgulito
|player|p2|
|c|☆biggestdachsbunfan|gg
|l|☆biggestdachsbunfan
|player|p1|
