|j|☆Ausar48
|j|☆Gengarissocute
|t:|1769321869
|gametype|singles
|player|p1|Ausar48|ghetsis|1245
|player|p2|Gengarissocute|2|1281
|gen|9
|tier|[Gen 9] OU
|rated|
|rule|HP Percentage Mod: HP is shown in percentages
|rule|Endless Battle Clause: Forcing endless battles is banned
|rule|Species Clause: Limit one of each Pokémon
|rule|OHKO Clause: OHKO moves are banned
|rule|Evasion Items Clause: Evasion items are banned
|rule|Evasion Moves Clause: Evasion moves are banned
|rule|Evasion Abilities Clause: Evasion abilities are banned
|rule|Sleep Moves Clause: Sleep-inducing moves are banned
|clearpoke
|poke|p1|Zoroark-Hisui, M|
|poke|p1|Garganacl, M|
|poke|p1|Alomomola, M|
|poke|p1|Ogerpon-Wellspring, F|
|poke|p1|Great Tusk|
|poke|p1|Pecharunt|
|poke|p2|Maushold|
|poke|p2|Kingambit, M|
|poke|p2|Ogerpon-Wellspring, F|
|poke|p2|Regidrago|
|poke|p2|Iron Valiant|
|poke|p2|Gliscor, M|
|teampreview
|inactive|Battle timer is ON: inactive players will automatically lose when time's up. (requested by Gengarissocute)
|inactive|Ausar48 has 120 seconds left.
|
|t:|1769321915
|teamsize|p1|6
|teamsize|p2|6
|start
|switch|p1a: Garganacl|Garganacl, M|100/100
|switch|p2a: Weird dragon|Regidrago, shiny|100/100
|turn|1
|
|t:|1769321928
|move|p2a: Weird dragon|Dragon Energy|p1a: Garganacl
|-damage|p1a: Garganacl|28/100
|move|p1a: Garganacl|Stealth Rock|p2a: Weird dragon
|-sidestart|p2: Gengarissocute|move: Stealth Rock
|
|-heal|p1a: Garganacl|35/100|[from] item: Leftovers
|upkeep
|turn|2
|
|t:|1769321936
|switch|p1a: Alomomola|Alomomola, M|100/100
|move|p2a: Weird dragon|Dragon Energy|p1a: Alomomola
|-damage|p1a: Alomomola|49/100
|
|upkeep
|turn|3
|
|t:|1769321945
|-terastallize|p1a: Alomomola|Fairy
|move|p2a: Weird dragon|Dragon Energy|p1a: Alomomola
|-immune|p1a: Alomomola
|move|p1a: Alomomola|Flip Turn|p2a: Weird dragon
|-resisted|p2a: Weird dragon
|-damage|p2a: Weird dragon|91/100
|
|t:|1769321958
|switch|p1a: Garganacl|Garganacl, M|35/100|[from] Flip Turn
|
|-heal|p1a: Garganacl|41/100|[from] item: Leftovers
|upkeep
|turn|4
|
|t:|1769321963
|move|p1a: Garganacl|Protect|p1a: Garganacl
|-singleturn|p1a: Garganacl|Protect
|move|p2a: Weird dragon|Dragon Energy|p1a: Garganacl
|-activate|p1a: Garganacl|move: Protect
|
|-heal|p1a: Garganacl|47/100|[from] item: Leftovers
|upkeep
|turn|5
|
|t:|1769321969
|switch|p1a: Alomomola|Alomomola, M, tera:Fairy|82/100
|move|p2a: Weird dragon|Dragon Energy|p1a: Alomomola
|-immune|p1a: Alomomola
|
|upkeep
|turn|6
|
|t:|1769321973
|switch|p2a: Little guys|Maushold, shiny|100/100
|-damage|p2a: Little guys|88/100|[from] Stealth Rock
|move|p1a: Alomomola|Body Slam|p2a: Little guys
|-damage|p2a: Little guys|64/100
|
|upkeep
|turn|7
|
|t:|1769321978
|switch|p1a: Pecharunt|Pecharunt|100/100
|move|p2a: Little guys|Tidy Up|p2a: Little guys
|-sideend|p2: Gengarissocute|Stealth Rock
|-activate|p2a: Little guys|move: Tidy Up
|-boost|p2a: Little guys|atk|1
|-boost|p2a: Little guys|spe|1
|
|upkeep
|turn|8
|
|t:|1769321984
|move|p2a: Little guys|Bite|p1a: Pecharunt
|-supereffective|p1a: Pecharunt
|-damage|p1a: Pecharunt|69/100
|move|p1a: Pecharunt|Parting Shot|p2a: Little guys
|-unboost|p2a: Little guys|atk|1
|-unboost|p2a: Little guys|spa|1
|
|t:|1769321990
|switch|p1a: Ogerpon|Ogerpon-Wellspring, F|100/100|[from] Parting Shot
|
|upkeep
|turn|9
|
|t:|1769321998
|move|p2a: Little guys|Population Bomb|p1a: Ogerpon
|-immune|p1a: Ogerpon
|move|p1a: Ogerpon|U-turn|p2a: Little guys
|-damage|p2a: Little guys|40/100
|
|t:|1769322015
|switch|p1a: Alomomola|Alomomola, M, tera:Fairy|100/100|[from] U-turn
|
|upkeep
|turn|10
|
|t:|1769322020
|move|p2a: Little guys|Population Bomb|p1a: Alomomola
|-damage|p1a: Alomomola|93/100
|-damage|p1a: Alomomola|86/100
|-damage|p1a: Alomomola|78/100
|-crit|p1a: Alomomola
|-damage|p1a: Alomomola|67/100
|-damage|p1a: Alomomola|59/100
|-damage|p1a: Alomomola|52/100
|-damage|p1a: Alomomola|45/100
|-damage|p1a: Alomomola|38/100
|-damage|p1a: Alomomola|30/100
|-damage|p1a: Alomomola|22/100
|-hitcount|p1a: Alomomola|10
|move|p1a: Alomomola|Scald|p2a: Little guys
|-damage|p2a: Little guys|20/100
|-status|p2a: Little guys|brn
|
|-damage|p2a: Little guys|14/100 brn|[from] brn
|upkeep
|turn|11
|
|t:|1769322032
|switch|p1a: Pecharunt|Pecharunt|69/100
|move|p2a: Little guys|Population Bomb|p1a: Pecharunt
|-immune|p1a: Pecharunt
|
|-damage|p2a: Little guys|7/100 brn|[from] brn
|upkeep
|turn|12
|
|t:|1769322039
|move|p2a: Little guys|Bite|p1a: Pecharunt
|-supereffective|p1a: Pecharunt
|-crit|p1a: Pecharunt
|-damage|p1a: Pecharunt|55/100
|move|p1a: Pecharunt|Recover|p1a: Pecharunt
|-heal|p1a: Pecharunt|100/100
|
|-damage|p2a: Little guys|1/100 brn|[from] brn
|upkeep
|turn|13
|
|t:|1769322045
|move|p2a: Little guys|Bite|p1a: Pecharunt
|-supereffective|p1a: Pecharunt
|-damage|p1a: Pecharunt|90/100
|move|p1a: Pecharunt|Parting Shot|p2a: Little guys
|-unboost|p2a: Little guys|atk|1
|-unboost|p2a: Little guys|spa|1
|
|t:|1769322049
|switch|p1a: Garganacl|Garganacl, M|47/100|[from] Parting Shot
|
|-heal|p1a: Garganacl|53/100|[from] item: Leftovers
|-damage|p2a: Little guys|0 fnt|[from] brn
|faint|p2a: Little guys
|upkeep
|
|t:|1769322056
|switch|p2a: Fake Gallade|Iron Valiant, shiny|100/100
|-enditem|p2a: Fake Gallade|Booster Energy
|-activate|p2a: Fake Gallade|ability: Quark Drive|[fromitem]
|-start|p2a: Fake Gallade|quarkdrivespe
|turn|14
|
|t:|1769322065
|move|p1a: Garganacl|Protect|p1a: Garganacl
|-singleturn|p1a: Garganacl|Protect
|move|p2a: Fake Gallade|Focus Blast|p1a: Garganacl
|-activate|p1a: Garganacl|move: Protect
|
|-heal|p1a: Garganacl|59/100|[from] item: Leftovers
|upkeep
|turn|15
|
|t:|1769322070
|switch|p1a: Pecharunt|Pecharunt|90/100
|move|p2a: Fake Gallade|Focus Blast|p1a: Pecharunt
|-immune|p1a: Pecharunt
|
|upkeep
|turn|16
|
|t:|1769322076
|move|p2a: Fake Gallade|Psychic|p1a: Pecharunt
|-supereffective|p1a: Pecharunt
|-damage|p1a: Pecharunt|28/100
|move|p1a: Pecharunt|Parting Shot|p2a: Fake Gallade
|-unboost|p2a: Fake Gallade|atk|1
|-unboost|p2a: Fake Gallade|spa|1
|
|t:|1769322081
|switch|p1a: Ogerpon|Ogerpon-Wellspring, F|100/100|[from] Parting Shot
|
|upkeep
|turn|17
|
|t:|1769322089
|move|p2a: Fake Gallade|Destiny Bond|p2a: Fake Gallade
|-singlemove|p2a: Fake Gallade|Destiny Bond
|move|p1a: Ogerpon|Shadow Ball|p2a: Fake Gallade
|-damage|p2a: Fake Gallade|0 fnt
|faint|p2a: Fake Gallade
|-activate|p2a: Fake Gallade|move: Destiny Bond
|-end|p2a: Fake Gallade|Quark Drive|[silent]
|faint|p1a: Ogerpon
|
|upkeep
|
|t:|1769322104
|switch|p2a: Masky girl|Ogerpon-Wellspring, F|100/100
|switch|p1a: Ogerpon|Ogerpon-Wellspring, F|100/100
|turn|18
|
|t:|1769322110
|move|p1a: Ogerpon|Swords Dance|p1a: Ogerpon
|-boost|p1a: Ogerpon|atk|2
|move|p2a: Masky girl|Horn Leech|p1a: Ogerpon
|-damage|p1a: Ogerpon|41/100
|
|upkeep
|turn|19
|
|t:|1769322113
|move|p2a: Masky girl|Horn Leech|p1a: Ogerpon
|-damage|p1a: Ogerpon|0 fnt
|faint|p1a: Ogerpon
|
|upkeep
|l|☆Ausar48
|inactive|Ausar48 disconnected and has a minute to reconnect!
|player|p1|
|j|☆Ausar48
|inactive|Ausar48 reconnected and has 135 seconds left.
|player|p1|Ausar48|ghetsis|
|-message|Ausar48 forfeited.
|
|win|Gengarissocute
|raw|Ausar48's rating: 1245 &rarr; <strong>1223</strong><br />(-22 for losing)
|raw|Gengarissocute's rating: 1281 &rarr; <strong>1303</strong><br />(+22 for winning)
|l|☆Ausar48
|player|p1|
|j|☆Ausar48
|player|p1|Ausar48|ghetsis|
|l|☆Ausar48
|player|p1|
|l|☆Gengarissocute
|player|p2|
