|j|☆Whiteflame20
|j|☆Moongirlll
|inactive|Battle timer is ON: inactive players will automatically lose when time's up.
|t:|1769357938
|gametype|singles
|player|p1|Whiteflame20|hilda-masters3|
|player|p2|Moongirlll|iono-masters2|
|gen|9
|tier|[Gen 9] OU
|rated|Tournament battle
|rule|HP Percentage Mod: HP is shown in percentages
|rule|Endless Battle Clause: Forcing endless battles is banned
|rule|Species Clause: Limit one of each Pokémon
|rule|OHKO Clause: OHKO moves are banned
|rule|Evasion Items Clause: Evasion items are banned
|rule|Evasion Moves Clause: Evasion moves are banned
|rule|Evasion Abilities Clause: Evasion abilities are banned
|rule|Sleep Moves Clause: Sleep-inducing moves are banned
|raw|<div class="infobox"><details class="readmore" open><summary><strong>2 custom rules:</strong></summary> maxteamsize=8, pickedteamsize=6</details></div>
|clearpoke
|poke|p1|Slowking-Galar, M|
|poke|p1|Ting-Lu|
|poke|p1|Corviknight, M|
|poke|p1|Rotom-Wash|
|poke|p1|Cinderace, M|
|poke|p1|Iron Valiant|
|poke|p1|Zamazenta-*|
|poke|p1|Kingambit, F|
|poke|p2|Dragonite, F|
|poke|p2|Ting-Lu|
|poke|p2|Weezing-Galar, F|
|poke|p2|Iron Crown|
|poke|p2|Zapdos|
|poke|p2|Hydrapple, M|
|poke|p2|Primarina, M|
|poke|p2|Kingambit, M|
|teampreview|6
|j|*Lady Monita ☃️
|inactive|Whiteflame20 has 120 seconds left.
|inactive|Moongirlll has 120 seconds left.
|inactive|Whiteflame20 has 90 seconds left.
|
|t:|1769358019
|teamsize|p1|6
|teamsize|p2|6
|start
|switch|p1a: Rotom|Rotom-Wash|100/100
|switch|p2a: Zapdos|Zapdos|100/100
|turn|1
|
|t:|1769358046
|move|p2a: Zapdos|Volt Switch|p1a: Rotom
|-damage|p1a: Rotom|62/100
|
|t:|1769358049
|switch|p2a: Hydrapple|Hydrapple, M|100/100|[from] Volt Switch
|move|p1a: Rotom|Volt Switch|p2a: Hydrapple
|-resisted|p2a: Hydrapple
|-damage|p2a: Hydrapple|94/100
|
|t:|1769358053
|switch|p1a: Iron Valiant|Iron Valiant|100/100|[from] Volt Switch
|
|upkeep
|turn|2
|
|t:|1769358073
|switch|p2a: Iron Crown|Iron Crown|100/100
|move|p1a: Iron Valiant|Shadow Ball|p2a: Iron Crown
|-supereffective|p2a: Iron Crown
|-damage|p2a: Iron Crown|15/100
|-unboost|p2a: Iron Crown|spd|1
|
|upkeep
|turn|3
|
|t:|1769358089
|-end|p2a: Iron Crown|Quark Drive|[silent]
|switch|p2a: Weezing|Weezing-Galar, F|100/100
|move|p1a: Iron Valiant|Shadow Ball|p2a: Weezing
|-damage|p2a: Weezing|43/100
|
|upkeep
|turn|4
|
|t:|1769358098
|move|p1a: Iron Valiant|Shadow Ball|p2a: Weezing
|-damage|p2a: Weezing|0 fnt
|faint|p2a: Weezing
|
|upkeep
|
|t:|1769358100
|switch|p2a: Dragonite|Dragonite, F|100/100
|turn|5
|
|t:|1769358109
|-end|p1a: Iron Valiant|Quark Drive|[silent]
|switch|p1a: Ting-Lu|Ting-Lu|100/100
|-ability|p1a: Ting-Lu|Vessel of Ruin
|move|p2a: Dragonite|Dragon Dance|p2a: Dragonite
|-boost|p2a: Dragonite|atk|1
|-boost|p2a: Dragonite|spe|1
|
|upkeep
|turn|6
|
|t:|1769358116
|move|p2a: Dragonite|Dragon Dance|p2a: Dragonite
|-boost|p2a: Dragonite|atk|1
|-boost|p2a: Dragonite|spe|1
|move|p1a: Ting-Lu|Whirlwind|p2a: Dragonite
|drag|p2a: Iron Crown|Iron Crown|15/100
|
|upkeep
|turn|7
|
|t:|1769358137
|move|p2a: Iron Crown|Focus Blast|p1a: Ting-Lu|[miss]
|-miss|p2a: Iron Crown|p1a: Ting-Lu
|move|p1a: Ting-Lu|Earthquake|p2a: Iron Crown
|-supereffective|p2a: Iron Crown
|-damage|p2a: Iron Crown|0 fnt
|faint|p2a: Iron Crown
|-end|p2a: Iron Crown|Quark Drive|[silent]
|
|upkeep
|
|t:|1769358141
|switch|p2a: Primarina|Primarina, M|100/100
|turn|8
|c|☆Whiteflame20|Mb
|
|t:|1769358148
|switch|p1a: Slowking|Slowking-Galar, M|100/100
|move|p2a: Primarina|Psychic Noise|p1a: Slowking
|-damage|p1a: Slowking|78/100
|-start|p1a: Slowking|move: Heal Block
|
|upkeep
|turn|9
|
|t:|1769358168
|switch|p2a: Zapdos|Zapdos|100/100
|move|p1a: Slowking|Sludge Bomb|p2a: Zapdos
|-damage|p2a: Zapdos|62/100
|
|-end|p1a: Slowking|move: Heal Block
|upkeep
|turn|10
|
|t:|1769358183
|move|p2a: Zapdos|Hurricane|p1a: Slowking
|-damage|p1a: Slowking|41/100
|-start|p1a: Slowking|confusion
|-activate|p1a: Slowking|confusion
|move|p1a: Slowking|Future Sight|p2a: Zapdos
|-start|p1a: Slowking|move: Future Sight
|
|upkeep
|turn|11
|
|t:|1769358191
|switch|p1a: Ting-Lu|Ting-Lu|100/100
|-ability|p1a: Ting-Lu|Vessel of Ruin
|move|p2a: Zapdos|Roost|p2a: Zapdos
|-heal|p2a: Zapdos|100/100
|-singleturn|p2a: Zapdos|move: Roost
|
|upkeep
|turn|12
|
|t:|1769358199
|move|p2a: Zapdos|Volt Switch|p1a: Ting-Lu
|-immune|p1a: Ting-Lu
|move|p1a: Ting-Lu|Stealth Rock|p2a: Zapdos
|-sidestart|p2: Moongirlll|move: Stealth Rock
|
|-end|p2a: Zapdos|move: Future Sight
|-damage|p2a: Zapdos|60/100
|upkeep
|turn|13
|
|t:|1769358207
|move|p2a: Zapdos|Roost|p2a: Zapdos
|-heal|p2a: Zapdos|100/100
|-singleturn|p2a: Zapdos|move: Roost
|move|p1a: Ting-Lu|Ruination|p2a: Zapdos
|-damage|p2a: Zapdos|51/100
|
|upkeep
|turn|14
|
|t:|1769358214
|move|p2a: Zapdos|Hurricane|p1a: Ting-Lu
|-damage|p1a: Ting-Lu|78/100
|move|p1a: Ting-Lu|Ruination|p2a: Zapdos
|-damage|p2a: Zapdos|26/100
|
|-heal|p1a: Ting-Lu|84/100|[from] item: Leftovers
|upkeep
|turn|15
|inactive|Whiteflame20 has 120 seconds left.
|
|t:|1769358245
|switch|p2a: Hydrapple|Hydrapple, M|100/100
|-damage|p2a: Hydrapple|88/100|[from] Stealth Rock
|move|p1a: Ting-Lu|Ruination|p2a: Hydrapple
|-damage|p2a: Hydrapple|44/100
|
|-heal|p1a: Ting-Lu|90/100|[from] item: Leftovers
|upkeep
|turn|16
|inactive|Whiteflame20 has 120 seconds left.
|
|t:|1769358258
|switch|p1a: Slowking|Slowking-Galar, M|74/100
|move|p2a: Hydrapple|Giga Drain|p1a: Slowking
|-resisted|p1a: Slowking
|-damage|p1a: Slowking|56/100
|-heal|p2a: Hydrapple|53/100|[from] drain|[of] p1a: Slowking
|
|upkeep
|turn|17
|
|t:|1769358263
|switch|p2a: Zapdos|Zapdos|26/100
|move|p1a: Slowking|Sludge Bomb|p2a: Zapdos
|-damage|p2a: Zapdos|0 fnt
|faint|p2a: Zapdos
|
|upkeep
|
|t:|1769358269
|switch|p2a: Dragonite|Dragonite, F|100/100
|-damage|p2a: Dragonite|76/100|[from] Stealth Rock
|turn|18
|
|t:|1769358273
|move|p2a: Dragonite|Dragon Dance|p2a: Dragonite
|-boost|p2a: Dragonite|atk|1
|-boost|p2a: Dragonite|spe|1
|move|p1a: Slowking|Future Sight|p2a: Dragonite
|-start|p1a: Slowking|move: Future Sight
|
|upkeep
|turn|19
|inactive|Whiteflame20 has 120 seconds left.
|
|t:|1769358306
|switch|p1a: Rotom|Rotom-Wash|62/100
|-terastallize|p2a: Dragonite|Normal
|move|p2a: Dragonite|Extreme Speed|p1a: Rotom
|-damage|p1a: Rotom|0 fnt
|faint|p1a: Rotom
|-damage|p2a: Dragonite|66/100|[from] item: Life Orb
|
|upkeep
|inactive|Whiteflame20 has 120 seconds left.
|
|t:|1769358315
|switch|p1a: Ting-Lu|Ting-Lu|90/100
|-ability|p1a: Ting-Lu|Vessel of Ruin
|turn|20
|
|t:|1769358318
|move|p2a: Dragonite|Roost|p2a: Dragonite
|-heal|p2a: Dragonite|100/100
|move|p1a: Ting-Lu|Earthquake|p2a: Dragonite
|-damage|p2a: Dragonite|82/100
|
|-end|p2a: Dragonite|move: Future Sight
|-damage|p2a: Dragonite|51/100
|-heal|p1a: Ting-Lu|96/100|[from] item: Leftovers
|upkeep
|turn|21
|j| VortexInvisible
|
|t:|1769358324
|move|p2a: Dragonite|Extreme Speed|p1a: Ting-Lu
|-damage|p1a: Ting-Lu|51/100
|-damage|p2a: Dragonite|41/100|[from] item: Life Orb
|move|p1a: Ting-Lu|Ruination|p2a: Dragonite
|-damage|p2a: Dragonite|21/100
|
|-heal|p1a: Ting-Lu|57/100|[from] item: Leftovers
|upkeep
|turn|22
|c| VortexInvisible|Go go whiteflame
|
|t:|1769358342
|move|p2a: Dragonite|Roost|p2a: Dragonite
|-heal|p2a: Dragonite|71/100
|move|p1a: Ting-Lu|Earthquake|p2a: Dragonite
|-damage|p2a: Dragonite|31/100
|
|-heal|p1a: Ting-Lu|63/100|[from] item: Leftovers
|upkeep
|turn|23
|
|t:|1769358350
|move|p2a: Dragonite|Roost|p2a: Dragonite
|-heal|p2a: Dragonite|82/100
|move|p1a: Ting-Lu|Earthquake|p2a: Dragonite
|-damage|p2a: Dragonite|43/100
|
|-heal|p1a: Ting-Lu|69/100|[from] item: Leftovers
|upkeep
|turn|24
|j| PixeLight
|
|t:|1769358359
|switch|p2a: Hydrapple|Hydrapple, M|86/100
|-damage|p2a: Hydrapple|74/100|[from] Stealth Rock
|move|p1a: Ting-Lu|Earthquake|p2a: Hydrapple
|-resisted|p2a: Hydrapple
|-damage|p2a: Hydrapple|64/100
|
|-heal|p1a: Ting-Lu|76/100|[from] item: Leftovers
|upkeep
|turn|25
|
|t:|1769358369
|switch|p1a: Cinderace|Cinderace, M|100/100
|move|p2a: Hydrapple|Giga Drain|p1a: Cinderace
|-resisted|p1a: Cinderace
|-damage|p1a: Cinderace|71/100
|-heal|p2a: Hydrapple|76/100|[from] drain|[of] p1a: Cinderace
|
|upkeep
|turn|26
|
|t:|1769358373
|switch|p2a: Primarina|Primarina, M|100/100
|-damage|p2a: Primarina|88/100|[from] Stealth Rock
|move|p1a: Cinderace|U-turn|p2a: Primarina
|-resisted|p2a: Primarina
|-damage|p2a: Primarina|79/100
|
|t:|1769358376
|switch|p1a: Slowking|Slowking-Galar, M|90/100|[from] U-turn
|
|-heal|p2a: Primarina|85/100|[from] item: Leftovers
|upkeep
|turn|27
|
|t:|1769358389
|move|p2a: Primarina|Psychic Noise|p1a: Slowking
|-damage|p1a: Slowking|66/100
|-start|p1a: Slowking|move: Heal Block
|move|p1a: Slowking|Sludge Bomb|p2a: Primarina
|-supereffective|p2a: Primarina
|-damage|p2a: Primarina|24/100
|
|-heal|p2a: Primarina|30/100|[from] item: Leftovers
|upkeep
|turn|28
|
|t:|1769358398
|move|p2a: Primarina|Psychic Noise|p1a: Slowking
|-damage|p1a: Slowking|44/100
|move|p1a: Slowking|Sludge Bomb|p2a: Primarina
|-supereffective|p2a: Primarina
|-damage|p2a: Primarina|0 fnt
|faint|p2a: Primarina
|
|-end|p1a: Slowking|move: Heal Block
|upkeep
|
|t:|1769358404
|switch|p2a: Hydrapple|Hydrapple, M|100/100
|-damage|p2a: Hydrapple|88/100|[from] Stealth Rock
|turn|29
|
|t:|1769358425
|switch|p1a: Iron Valiant|Iron Valiant|100/100
|move|p2a: Hydrapple|Earth Power|p1a: Iron Valiant
|-crit|p1a: Iron Valiant
|-damage|p1a: Iron Valiant|0 fnt
|faint|p1a: Iron Valiant
|-end|p1a: Iron Valiant|Quark Drive|[silent]
|
|upkeep
|c|☆Moongirlll|mb
|inactive|Whiteflame20 has 120 seconds left.
|j| ntrainerdanilo
|
|t:|1769358441
|switch|p1a: Slowking|Slowking-Galar, M|77/100
|turn|30
|
|t:|1769358444
|move|p2a: Hydrapple|Earth Power|p1a: Slowking
|-supereffective|p1a: Slowking
|-damage|p1a: Slowking|20/100
|move|p1a: Slowking|Sludge Bomb|p2a: Hydrapple
|-supereffective|p2a: Hydrapple
|-crit|p2a: Hydrapple
|-damage|p2a: Hydrapple|0 fnt
|faint|p2a: Hydrapple
|
|upkeep
|
|t:|1769358449
|switch|p2a: Dragonite|Dragonite, F, tera:Normal|43/100
|-damage|p2a: Dragonite|31/100|[from] Stealth Rock
|turn|31
|c|☆Whiteflame20|We’re balanced
|
|t:|1769358467
|switch|p1a: Zamazenta|Zamazenta|100/100
|-ability|p1a: Zamazenta|Dauntless Shield|boost
|-boost|p1a: Zamazenta|def|1
|move|p2a: Dragonite|Roost|p2a: Dragonite
|-heal|p2a: Dragonite|81/100
|
|upkeep
|turn|32
|
|t:|1769358487
|move|p1a: Zamazenta|Close Combat|p2a: Dragonite
|-supereffective|p2a: Dragonite
|-damage|p2a: Dragonite|0 fnt
|-unboost|p1a: Zamazenta|def|1
|-unboost|p1a: Zamazenta|spd|1
|faint|p2a: Dragonite
|
|win|Whiteflame20
|n|☆Whiteflame20|whiteflame20
|n|☆Moongirlll|moongirlll
|n|*Lady Monita ☃️|ladymonita
|n| VortexInvisible|vortexinvisible
|n| PixeLight|pixelight
|n| ntrainerdanilo|ntrainerdanilo
