|j|☆elpets
|j|☆blckd out
|t:|1769378919
|gametype|singles
|player|p1|elpets|infielder|1607
|player|p2|blckd out|lucas-gen4pt|1632
|gen|9
|tier|[Gen 9] OU
|rated|
|rule|HP Percentage Mod: HP is shown in percentages
|rule|Endless Battle Clause: Forcing endless battles is banned
|rule|Species Clause: Limit one of each Pokémon
|rule|OHKO Clause: OHKO moves are banned
|rule|Evasion Items Clause: Evasion items are banned
|rule|Evasion Moves Clause: Evasion moves are banned
|rule|Evasion Abilities Clause: Evasion abilities are banned
|rule|Sleep Moves Clause: Sleep-inducing moves are banned
|clearpoke
|poke|p1|Hatterene, F|
|poke|p1|Dragonite, F|
|poke|p1|Breloom, M|
|poke|p1|Azumarill, F|
|poke|p1|Great Tusk|
|poke|p1|Skeledirge, F|
|poke|p2|Gholdengo|
|poke|p2|Raging Bolt|
|poke|p2|Ceruledge, F|
|poke|p2|Ribombee, M|
|poke|p2|Ogerpon-Wellspring, F|
|poke|p2|Great Tusk|
|teampreview
|
|t:|1769378923
|teamsize|p1|6
|teamsize|p2|6
|start
|switch|p1a: Azumarill|Azumarill, F|100/100
|switch|p2a: Ceruledge|Ceruledge, F|100/100
|turn|1
|
|t:|1769378929
|move|p2a: Ceruledge|Poltergeist|p1a: Azumarill
|-activate|p1a: Azumarill|move: Poltergeist|Assault Vest
|-damage|p1a: Azumarill|41/100
|move|p1a: Azumarill|Knock Off|p2a: Ceruledge
|-supereffective|p2a: Ceruledge
|-enditem|p2a: Ceruledge|Focus Sash
|-damage|p2a: Ceruledge|1/100
|-ability|p2a: Ceruledge|Weak Armor|boost
|-unboost|p2a: Ceruledge|def|1
|-boost|p2a: Ceruledge|spe|2
|
|upkeep
|turn|2
|inactive|Battle timer is ON: inactive players will automatically lose when time's up. (requested by elpets)
|
|t:|1769378946
|switch|p2a: Ogerpon|Ogerpon-Wellspring, F|100/100
|move|p1a: Azumarill|Play Rough|p2a: Ogerpon
|-damage|p2a: Ogerpon|28/100
|
|upkeep
|turn|3
|
|t:|1769378952
|move|p2a: Ogerpon|Horn Leech|p1a: Azumarill
|-supereffective|p1a: Azumarill
|-damage|p1a: Azumarill|0 fnt
|-heal|p2a: Ogerpon|55/100|[from] drain|[of] p1a: Azumarill
|faint|p1a: Azumarill
|
|upkeep
|
|t:|1769378955
|switch|p1a: Dragonite|Dragonite, F|100/100
|turn|4
|
|t:|1769378957
|move|p2a: Ogerpon|Play Rough|p1a: Dragonite
|-supereffective|p1a: Dragonite
|-damage|p1a: Dragonite|64/100
|move|p1a: Dragonite|Dragon Dance|p1a: Dragonite
|-boost|p1a: Dragonite|atk|1
|-boost|p1a: Dragonite|spe|1
|
|upkeep
|turn|5
|
|t:|1769378963
|move|p1a: Dragonite|Extreme Speed|p2a: Ogerpon
|-damage|p2a: Ogerpon|0 fnt
|faint|p2a: Ogerpon
|
|upkeep
|
|t:|1769378968
|switch|p2a: Ribombee|Ribombee, M|100/100
|turn|6
|
|t:|1769378970
|move|p1a: Dragonite|Fire Punch|p2a: Ribombee
|-supereffective|p2a: Ribombee
|-enditem|p2a: Ribombee|Focus Sash
|-damage|p2a: Ribombee|1/100
|move|p2a: Ribombee|Moonblast|p1a: Dragonite
|-supereffective|p1a: Dragonite
|-damage|p1a: Dragonite|0 fnt
|faint|p1a: Dragonite
|
|upkeep
|
|t:|1769378975
|switch|p1a: Hatterene|Hatterene, F|100/100
|turn|7
|j| dendar
|
|t:|1769378996
|move|p2a: Ribombee|Moonblast|p1a: Hatterene
|-damage|p1a: Hatterene|58/100
|-unboost|p1a: Hatterene|spa|1
|move|p1a: Hatterene|Trick Room|p1a: Hatterene
|-fieldstart|move: Trick Room|[of] p1a: Hatterene
|
|-heal|p1a: Hatterene|64/100|[from] item: Leftovers
|upkeep
|turn|8
|
|t:|1769379000
|move|p1a: Hatterene|Draining Kiss|p2a: Ribombee
|-damage|p2a: Ribombee|0 fnt
|-heal|p1a: Hatterene|64/100|[from] drain|[of] p2a: Ribombee
|faint|p2a: Ribombee
|
|-heal|p1a: Hatterene|70/100|[from] item: Leftovers
|upkeep
|
|t:|1769379005
|switch|p2a: Gholdengo|Gholdengo|100/100
|-item|p2a: Gholdengo|Air Balloon
|turn|9
|
|t:|1769379007
|switch|p2a: Ceruledge|Ceruledge, F|1/100
|move|p1a: Hatterene|Mystical Fire|p2a: Ceruledge
|-resisted|p2a: Ceruledge
|-damage|p2a: Ceruledge|0 fnt
|faint|p2a: Ceruledge
|
|-heal|p1a: Hatterene|76/100|[from] item: Leftovers
|upkeep
|
|t:|1769379023
|switch|p2a: Raging Bolt|Raging Bolt|100/100
|-enditem|p2a: Raging Bolt|Booster Energy
|-activate|p2a: Raging Bolt|ability: Protosynthesis|[fromitem]
|-start|p2a: Raging Bolt|protosynthesisspa
|turn|10
|
|t:|1769379027
|move|p1a: Hatterene|Draining Kiss|p2a: Raging Bolt
|-supereffective|p2a: Raging Bolt
|-damage|p2a: Raging Bolt|66/100
|-heal|p1a: Hatterene|100/100|[from] drain|[of] p2a: Raging Bolt
|move|p2a: Raging Bolt|Discharge|p1a: Hatterene
|-damage|p1a: Hatterene|34/100
|
|-heal|p1a: Hatterene|40/100|[from] item: Leftovers
|upkeep
|turn|11
|
|t:|1769379036
|move|p2a: Raging Bolt|Thunderclap|p1a: Hatterene
|-damage|p1a: Hatterene|0 fnt
|faint|p1a: Hatterene
|
|-fieldend|move: Trick Room
|upkeep
|
|t:|1769379038
|switch|p1a: Great Tusk|Great Tusk|100/100
|-enditem|p1a: Great Tusk|Booster Energy
|-activate|p1a: Great Tusk|ability: Protosynthesis|[fromitem]
|-start|p1a: Great Tusk|protosynthesisatk
|turn|12
|
|t:|1769379063
|move|p1a: Great Tusk|Headlong Rush|p2a: Raging Bolt
|-supereffective|p2a: Raging Bolt
|-damage|p2a: Raging Bolt|0 fnt
|-unboost|p1a: Great Tusk|def|1
|-unboost|p1a: Great Tusk|spd|1
|faint|p2a: Raging Bolt
|-end|p2a: Raging Bolt|Protosynthesis|[silent]
|
|upkeep
|
|t:|1769379068
|switch|p2a: Great Tusk|Great Tusk|100/100
|-enditem|p2a: Great Tusk|Booster Energy
|-activate|p2a: Great Tusk|ability: Protosynthesis|[fromitem]
|-start|p2a: Great Tusk|protosynthesisatk
|turn|13
|
|t:|1769379073
|-end|p1a: Great Tusk|Protosynthesis|[silent]
|switch|p1a: Ippo|Breloom, M|100/100
|move|p2a: Great Tusk|Ice Spinner|p1a: Ippo
|-supereffective|p1a: Ippo
|-enditem|p1a: Ippo|Focus Sash
|-damage|p1a: Ippo|1/100
|
|upkeep
|turn|14
|
|t:|1769379078
|move|p1a: Ippo|Mach Punch|p2a: Great Tusk
|-damage|p2a: Great Tusk|75/100
|move|p2a: Great Tusk|Rapid Spin|p1a: Ippo
|-damage|p1a: Ippo|0 fnt
|-boost|p2a: Great Tusk|spe|1
|faint|p1a: Ippo
|
|upkeep
|l| dendar
|j| FirstLightSoulja
|
|t:|1769379081
|switch|p1a: Skeledirge|Skeledirge, F|100/100
|turn|15
|
|t:|1769379083
|-terastallize|p1a: Skeledirge|Water
|move|p2a: Great Tusk|Headlong Rush|p1a: Skeledirge
|-damage|p1a: Skeledirge|51/100
|-unboost|p2a: Great Tusk|def|1
|-unboost|p2a: Great Tusk|spd|1
|move|p1a: Skeledirge|Tera Blast|p2a: Great Tusk|[anim] Tera Blast Water
|-supereffective|p2a: Great Tusk
|-damage|p2a: Great Tusk|0 fnt
|faint|p2a: Great Tusk
|-end|p2a: Great Tusk|Protosynthesis|[silent]
|
|upkeep
|
|t:|1769379092
|switch|p2a: Gholdengo|Gholdengo|100/100
|-item|p2a: Gholdengo|Air Balloon
|turn|16
|
|t:|1769379098
|move|p2a: Gholdengo|Shadow Ball|p1a: Skeledirge
|-damage|p1a: Skeledirge|5/100
|move|p1a: Skeledirge|Torch Song|p2a: Gholdengo
|-supereffective|p2a: Gholdengo
|-damage|p2a: Gholdengo|29/100
|-boost|p1a: Skeledirge|spa|1
|-enditem|p2a: Gholdengo|Air Balloon
|
|upkeep
|turn|17
|
|t:|1769379104
|move|p2a: Gholdengo|Shadow Ball|p1a: Skeledirge
|-damage|p1a: Skeledirge|0 fnt
|faint|p1a: Skeledirge
|
|upkeep
|
|t:|1769379105
|switch|p1a: Great Tusk|Great Tusk|100/100
|turn|18
|l|☆blckd out
|inactive|blckd out disconnected and has a minute to reconnect!
|player|p2|
|j|☆blckd out
|inactive|blckd out reconnected and has 130 seconds left.
|player|p2|blckd out|lucas-gen4pt|
|l|☆blckd out
|inactive|blckd out disconnected and has a minute to reconnect!
|player|p2|
|l| FirstLightSoulja
|inactive|blckd out has 30 seconds to reconnect!
|inactive|blckd out has 20 seconds to reconnect!
|inactive|blckd out has 15 seconds to reconnect!
|inactive|blckd out has 10 seconds to reconnect!
|inactive|blckd out has 5 seconds to reconnect!
|-message|blckd out lost due to inactivity.
|
|win|elpets
|raw|elpets's rating: 1607 &rarr; <strong>1627</strong><br />(+20 for winning)
|raw|blckd out's rating: 1609 &rarr; <strong>1589</strong><br />(-20 for losing)
|l|☆elpets
|player|p1|
