|j|☆Jonpollonmorcillon
|j|☆Jaycobi1017
|t:|1769414853
|gametype|singles
|player|p1|Jonpollonmorcillon|harlequin|1230
|player|p2|Jaycobi1017|brycenman|1297
|gen|9
|tier|[Gen 9] OU
|rated|
|rule|HP Percentage Mod: HP is shown in percentages
|rule|Endless Battle Clause: Forcing endless battles is banned
|rule|Species Clause: Limit one of each Pokémon
|rule|OHKO Clause: OHKO moves are banned
|rule|Evasion Items Clause: Evasion items are banned
|rule|Evasion Moves Clause: Evasion moves are banned
|rule|Evasion Abilities Clause: Evasion abilities are banned
|rule|Sleep Moves Clause: Sleep-inducing moves are banned
|clearpoke
|poke|p1|Bronzong|
|poke|p1|Ursaluna, F|
|poke|p1|Volcanion|
|poke|p1|Hatterene, F|
|poke|p1|Porygon2|
|poke|p1|Breloom, M|
|poke|p2|Politoed, F|
|poke|p2|Crawdaunt, M|
|poke|p2|Ogerpon-Wellspring, F|
|poke|p2|Basculegion-F, F|
|poke|p2|Zapdos|
|poke|p2|Rillaboom, F|
|teampreview
|
|t:|1769414883
|teamsize|p1|6
|teamsize|p2|6
|start
|switch|p1a: Hatterene|Hatterene, F|100/100
|switch|p2a: Ogerpon|Ogerpon-Wellspring, F|100/100
|turn|1
|
|t:|1769414901
|switch|p2a: Zapdos|Zapdos|100/100
|move|p1a: Hatterene|Trick Room|p1a: Hatterene
|-fieldstart|move: Trick Room|[of] p1a: Hatterene
|
|upkeep
|turn|2
|
|t:|1769414922
|move|p1a: Hatterene|Calm Mind|p1a: Hatterene
|-boost|p1a: Hatterene|spa|1
|-boost|p1a: Hatterene|spd|1
|move|p2a: Zapdos|U-turn|p1a: Hatterene
|-damage|p1a: Hatterene|90/100
|
|t:|1769414924
|switch|p2a: Rillaboom|Rillaboom, F|100/100|[from] U-turn
|-fieldstart|move: Grassy Terrain|[from] ability: Grassy Surge|[of] p2a: Rillaboom
|
|-heal|p1a: Hatterene|96/100|[from] Grassy Terrain
|-heal|p1a: Hatterene|100/100|[from] item: Leftovers
|upkeep
|turn|3
|
|t:|1769414950
|move|p1a: Hatterene|Draining Kiss|p2a: Rillaboom
|-damage|p2a: Rillaboom|79/100
|move|p2a: Rillaboom|Wood Hammer|p1a: Hatterene
|-damage|p1a: Hatterene|39/100
|-damage|p2a: Rillaboom|63/100|[from] Recoil
|
|-heal|p1a: Hatterene|45/100|[from] Grassy Terrain
|-heal|p1a: Hatterene|51/100|[from] item: Leftovers
|-heal|p2a: Rillaboom|69/100|[from] Grassy Terrain
|upkeep
|turn|4
|
|t:|1769414964
|switch|p2a: Zapdos|Zapdos|100/100
|move|p1a: Hatterene|Draining Kiss|p2a: Zapdos
|-damage|p2a: Zapdos|65/100
|-heal|p1a: Hatterene|83/100|[from] drain|[of] p2a: Zapdos
|-status|p1a: Hatterene|par|[from] ability: Static|[of] p2a: Zapdos
|
|-heal|p1a: Hatterene|89/100 par|[from] Grassy Terrain
|-heal|p1a: Hatterene|95/100 par|[from] item: Leftovers
|upkeep
|turn|5
|
|t:|1769414976
|move|p1a: Hatterene|Psychic|p2a: Zapdos
|-damage|p2a: Zapdos|3/100
|move|p2a: Zapdos|U-turn|p1a: Hatterene
|-damage|p1a: Hatterene|85/100 par
|
|t:|1769414983
|switch|p2a: Crawdaunt|Crawdaunt, M|100/100|[from] U-turn
|
|-heal|p1a: Hatterene|91/100 par|[from] Grassy Terrain
|-heal|p1a: Hatterene|97/100 par|[from] item: Leftovers
|-fieldend|move: Trick Room
|upkeep
|turn|6
|
|t:|1769414995
|move|p2a: Crawdaunt|Crabhammer|p1a: Hatterene
|-damage|p1a: Hatterene|24/100 par
|move|p1a: Hatterene|Trick Room|p1a: Hatterene
|-fieldstart|move: Trick Room|[of] p1a: Hatterene
|
|-heal|p1a: Hatterene|30/100 par|[from] Grassy Terrain
|-heal|p1a: Hatterene|36/100 par|[from] item: Leftovers
|-fieldend|move: Grassy Terrain
|upkeep
|turn|7
|
|t:|1769415012
|switch|p2a: Zapdos|Zapdos|3/100
|move|p1a: Hatterene|Draining Kiss|p2a: Zapdos
|-damage|p2a: Zapdos|0 fnt
|-heal|p1a: Hatterene|39/100 par|[from] drain|[of] p2a: Zapdos
|faint|p2a: Zapdos
|
|-heal|p1a: Hatterene|45/100 par|[from] item: Leftovers
|upkeep
|
|t:|1769415017
|switch|p2a: Rillaboom|Rillaboom, F|69/100
|-fieldstart|move: Grassy Terrain|[from] ability: Grassy Surge|[of] p2a: Rillaboom
|turn|8
|
|t:|1769415046
|switch|p1a: Bronzong|Bronzong|100/100
|move|p2a: Rillaboom|Wood Hammer|p1a: Bronzong
|-resisted|p1a: Bronzong
|-damage|p1a: Bronzong|62/100
|-damage|p2a: Rillaboom|58/100|[from] Recoil
|
|-heal|p1a: Bronzong|69/100|[from] item: Leftovers
|-heal|p2a: Rillaboom|65/100|[from] Grassy Terrain
|upkeep
|turn|9
|
|t:|1769415058
|move|p1a: Bronzong|Stealth Rock|p2a: Rillaboom
|-sidestart|p2: Jaycobi1017|move: Stealth Rock
|move|p2a: Rillaboom|U-turn|p1a: Bronzong
|-damage|p1a: Bronzong|49/100
|
|t:|1769415064
|switch|p2a: Politoed|Politoed, F|100/100|[from] U-turn
|-damage|p2a: Politoed|88/100|[from] Stealth Rock
|-weather|RainDance|[from] ability: Drizzle|[of] p2a: Politoed
|
|-weather|RainDance|[upkeep]
|-heal|p1a: Bronzong|55/100|[from] item: Leftovers
|-heal|p2a: Politoed|94/100|[from] Grassy Terrain
|upkeep
|turn|10
|
|t:|1769415076
|move|p1a: Bronzong|Psychic Noise|p2a: Politoed
|-damage|p2a: Politoed|76/100
|-start|p2a: Politoed|move: Heal Block
|move|p2a: Politoed|Encore|p1a: Bronzong
|-start|p1a: Bronzong|Encore
|
|-weather|RainDance|[upkeep]
|-heal|p1a: Bronzong|61/100|[from] item: Leftovers
|-fieldend|move: Trick Room
|upkeep
|turn|11
|
|t:|1769415089
|switch|p2a: Crawdaunt|Crawdaunt, M|100/100
|-damage|p2a: Crawdaunt|88/100|[from] Stealth Rock
|switch|p1a: Volcanion|Volcanion|100/100
|
|-weather|RainDance|[upkeep]
|-heal|p2a: Crawdaunt|94/100|[from] Grassy Terrain
|upkeep
|turn|12
|
|t:|1769415105
|move|p2a: Crawdaunt|Switcheroo|p1a: Volcanion
|-activate|p2a: Crawdaunt|move: Trick|[of] p1a: Volcanion
|-item|p1a: Volcanion|Choice Band|[from] move: Switcheroo
|-item|p2a: Crawdaunt|Assault Vest|[from] move: Switcheroo
|move|p1a: Volcanion|Sludge Wave|p2a: Crawdaunt
|-damage|p2a: Crawdaunt|46/100
|
|-weather|RainDance|[upkeep]
|-heal|p2a: Crawdaunt|52/100|[from] Grassy Terrain
|-fieldend|move: Grassy Terrain
|upkeep
|turn|13
|
|t:|1769415136
|move|p2a: Crawdaunt|Knock Off|p1a: Volcanion
|-damage|p1a: Volcanion|45/100
|-enditem|p1a: Volcanion|Choice Band|[from] move: Knock Off|[of] p2a: Crawdaunt
|move|p1a: Volcanion|Sludge Wave|p2a: Crawdaunt
|-damage|p2a: Crawdaunt|5/100
|
|-weather|RainDance|[upkeep]
|upkeep
|turn|14
|
|t:|1769415156
|move|p2a: Crawdaunt|Knock Off|p1a: Volcanion
|-damage|p1a: Volcanion|9/100
|move|p1a: Volcanion|Sludge Wave|p2a: Crawdaunt
|-damage|p2a: Crawdaunt|0 fnt
|faint|p2a: Crawdaunt
|
|-weather|RainDance|[upkeep]
|upkeep
|
|t:|1769415165
|switch|p2a: Rillaboom|Rillaboom, F|65/100
|-damage|p2a: Rillaboom|52/100|[from] Stealth Rock
|-fieldstart|move: Grassy Terrain|[from] ability: Grassy Surge|[of] p2a: Rillaboom
|turn|15
|
|t:|1769415173
|switch|p1a: Bronzong|Bronzong|61/100
|move|p2a: Rillaboom|U-turn|p1a: Bronzong
|-damage|p1a: Bronzong|40/100
|
|t:|1769415177
|switch|p2a: Ogerpon|Ogerpon-Wellspring, F|100/100|[from] U-turn
|-damage|p2a: Ogerpon|88/100|[from] Stealth Rock
|
|-weather|RainDance|[upkeep]
|-heal|p2a: Ogerpon|94/100|[from] Grassy Terrain
|-heal|p1a: Bronzong|46/100|[from] item: Leftovers
|upkeep
|turn|16
|
|t:|1769415186
|move|p2a: Ogerpon|Taunt|p1a: Bronzong
|-start|p1a: Bronzong|move: Taunt
|cant|p1a: Bronzong|move: Taunt|Trick Room
|
|-weather|none
|-heal|p2a: Ogerpon|99/100|[from] Grassy Terrain
|-heal|p1a: Bronzong|52/100|[from] item: Leftovers
|upkeep
|turn|17
|
|t:|1769415196
|switch|p1a: Porygon2|Porygon2|100/100
|-ability|p1a: Porygon2|Download|boost
|-boost|p1a: Porygon2|atk|1
|move|p2a: Ogerpon|Swords Dance|p2a: Ogerpon
|-boost|p2a: Ogerpon|atk|2
|
|-heal|p2a: Ogerpon|100/100|[from] Grassy Terrain
|upkeep
|turn|18
|
|t:|1769415210
|move|p2a: Ogerpon|Taunt|p1a: Porygon2
|-start|p1a: Porygon2|move: Taunt
|cant|p1a: Porygon2|move: Taunt|Trick Room
|
|upkeep
|turn|19
|
|t:|1769415217
|move|p2a: Ogerpon|Swords Dance|p2a: Ogerpon
|-boost|p2a: Ogerpon|atk|2
|move|p1a: Porygon2|Tri Attack|p2a: Ogerpon
|-damage|p2a: Ogerpon|51/100
|
|-heal|p2a: Ogerpon|57/100|[from] Grassy Terrain
|-fieldend|move: Grassy Terrain
|upkeep
|turn|20
|
|t:|1769415227
|-terastallize|p2a: Ogerpon|Water
|detailschange|p2a: Ogerpon|Ogerpon-Wellspring-Tera, F, tera:Water
|-ability|p2a: Ogerpon|Embody Aspect (Wellspring)|boost
|-boost|p2a: Ogerpon|spd|1
|move|p2a: Ogerpon|Ivy Cudgel|p1a: Porygon2|[anim] Ivy Cudgel Water
|-damage|p1a: Porygon2|0 fnt
|faint|p1a: Porygon2
|
|upkeep
|
|t:|1769415250
|switch|p1a: Ursaluna|Ursaluna, F|100/100
|turn|21
|
|t:|1769415256
|-terastallize|p1a: Ursaluna|Normal
|move|p2a: Ogerpon|Ivy Cudgel|p1a: Ursaluna|[anim] Ivy Cudgel Water
|-damage|p1a: Ursaluna|0 fnt
|faint|p1a: Ursaluna
|
|upkeep
|
|t:|1769415263
|switch|p1a: Breloom|Breloom, M|100/100
|turn|22
|
|t:|1769415267
|move|p1a: Breloom|Mach Punch|p2a: Ogerpon
|-damage|p2a: Ogerpon|27/100
|move|p2a: Ogerpon|Ivy Cudgel|p1a: Breloom|[anim] Ivy Cudgel Water
|-resisted|p1a: Breloom
|-damage|p1a: Breloom|0 fnt
|faint|p1a: Breloom
|
|upkeep
|-message|Jonpollonmorcillon forfeited.
|
|win|Jaycobi1017
|raw|Jonpollonmorcillon's rating: 1230 &rarr; <strong>1210</strong><br />(-20 for losing)
|raw|Jaycobi1017's rating: 1297 &rarr; <strong>1317</strong><br />(+20 for winning)
|l|☆Jonpollonmorcillon
|player|p1|
|l|☆Jaycobi1017
|player|p2|
