|j|☆Leaboteabo
|j|☆starrynight2255
|t:|1769394241
|gametype|singles
|player|p1|Leaboteabo|101|1268
|player|p2|starrynight2255|169|1245
|gen|9
|tier|[Gen 9] OU
|rated|
|rule|HP Percentage Mod: HP is shown in percentages
|rule|Endless Battle Clause: Forcing endless battles is banned
|rule|Species Clause: Limit one of each Pokémon
|rule|OHKO Clause: OHKO moves are banned
|rule|Evasion Items Clause: Evasion items are banned
|rule|Evasion Moves Clause: Evasion moves are banned
|rule|Evasion Abilities Clause: Evasion abilities are banned
|rule|Sleep Moves Clause: Sleep-inducing moves are banned
|clearpoke
|poke|p1|Zamazenta-*|
|poke|p1|Serperior, F|
|poke|p1|Gastrodon, F|
|poke|p1|Leavanny, M|
|poke|p1|Hatterene, F|
|poke|p1|Glastrier|
|poke|p2|Ceruledge, M|
|poke|p2|Landorus-Therian, M|
|poke|p2|Corviknight, F|
|poke|p2|Hoopa-Unbound|
|poke|p2|Slowking-Galar, M|
|poke|p2|Ogerpon-Wellspring, F|
|teampreview
|inactive|Battle timer is ON: inactive players will automatically lose when time's up. (requested by Leaboteabo)
|inactive|starrynight2255 has 120 seconds left.
|
|t:|1769394320
|teamsize|p1|6
|teamsize|p2|6
|start
|switch|p1a: Gastrodon|Gastrodon, F|100/100
|switch|p2a: Landorus|Landorus-Therian, M|100/100
|-ability|p2a: Landorus|Intimidate|boost
|-unboost|p1a: Gastrodon|atk|1
|turn|1
|
|t:|1769394328
|switch|p1a: Hatterene|Hatterene, F|100/100
|move|p2a: Landorus|U-turn|p1a: Hatterene
|-damage|p1a: Hatterene|82/100
|
|t:|1769394336
|switch|p2a: Ceruledge|Ceruledge, M|100/100|[from] U-turn
|
|upkeep
|turn|2
|
|t:|1769394348
|switch|p1a: Gastrodon|Gastrodon, F|100/100
|move|p2a: Ceruledge|Poltergeist|p1a: Gastrodon
|-activate|p1a: Gastrodon|move: Poltergeist|Sitrus Berry
|-damage|p1a: Gastrodon|28/100
|-enditem|p1a: Gastrodon|Sitrus Berry|[eat]
|-heal|p1a: Gastrodon|53/100|[from] item: Sitrus Berry
|-damage|p2a: Ceruledge|91/100|[from] item: Life Orb
|
|upkeep
|turn|3
|
|t:|1769394367
|move|p2a: Ceruledge|Poltergeist||[still]
|-fail|p2a: Ceruledge
|move|p1a: Gastrodon|Recover|p1a: Gastrodon
|-heal|p1a: Gastrodon|100/100
|
|upkeep
|turn|4
|
|t:|1769394375
|switch|p2a: Ogerpon|Ogerpon-Wellspring, F|100/100
|move|p1a: Gastrodon|Spikes|p2a: Ogerpon
|-sidestart|p2: starrynight2255|Spikes
|
|upkeep
|turn|5
|inactive|starrynight2255 has 120 seconds left.
|
|t:|1769394415
|switch|p1a: Leavanny|Leavanny, M|100/100
|move|p2a: Ogerpon|Spikes|p1a: Leavanny
|-sidestart|p1: Leaboteabo|Spikes
|
|upkeep
|turn|6
|
|t:|1769394422
|move|p1a: Leavanny|Lunge|p2a: Ogerpon
|-supereffective|p2a: Ogerpon
|-damage|p2a: Ogerpon|0 fnt
|faint|p2a: Ogerpon
|
|upkeep
|
|t:|1769394427
|switch|p2a: Ceruledge|Ceruledge, M|91/100
|-damage|p2a: Ceruledge|78/100|[from] Spikes
|turn|7
|
|t:|1769394434
|switch|p1a: Gastrodon|Gastrodon, F|100/100
|-damage|p1a: Gastrodon|88/100|[from] Spikes
|move|p2a: Ceruledge|Swords Dance|p2a: Ceruledge
|-boost|p2a: Ceruledge|atk|2
|
|upkeep
|turn|8
|
|t:|1769394443
|-terastallize|p2a: Ceruledge|Fire
|move|p2a: Ceruledge|Bitter Blade|p1a: Gastrodon
|-resisted|p1a: Gastrodon
|-crit|p1a: Gastrodon
|-damage|p1a: Gastrodon|0 fnt
|-heal|p2a: Ceruledge|100/100|[from] drain|[of] p1a: Gastrodon
|faint|p1a: Gastrodon
|-damage|p2a: Ceruledge|91/100|[from] item: Life Orb
|
|upkeep
|
|t:|1769394452
|switch|p1a: Zamazenta|Zamazenta|100/100
|-damage|p1a: Zamazenta|88/100|[from] Spikes
|-ability|p1a: Zamazenta|Dauntless Shield|boost
|-boost|p1a: Zamazenta|def|1
|turn|9
|
|t:|1769394465
|move|p1a: Zamazenta|Crunch|p2a: Ceruledge
|-damage|p2a: Ceruledge|60/100
|-unboost|p2a: Ceruledge|def|1
|-ability|p2a: Ceruledge|Weak Armor|boost
|-unboost|p2a: Ceruledge|def|1
|-boost|p2a: Ceruledge|spe|2
|move|p2a: Ceruledge|Bitter Blade|p1a: Zamazenta
|-crit|p1a: Zamazenta
|-damage|p1a: Zamazenta|0 fnt
|-heal|p2a: Ceruledge|100/100|[from] drain|[of] p1a: Zamazenta
|faint|p1a: Zamazenta
|-damage|p2a: Ceruledge|91/100|[from] item: Life Orb
|
|upkeep
|c|☆Leaboteabo|Both of those crits mattered
|-message|Leaboteabo forfeited.
|
|win|starrynight2255
|raw|Leaboteabo's rating: 1268 &rarr; <strong>1241</strong><br />(-27 for losing)
|raw|starrynight2255's rating: 1245 &rarr; <strong>1272</strong><br />(+27 for winning)
|l|☆Leaboteabo
|player|p1|
