|j|☆Diplithe
|j|☆abhii.g
|t:|1769399835
|gametype|singles
|player|p1|Diplithe|102|1482
|player|p2|abhii.g|bruno|1545
|gen|9
|tier|[Gen 9] OU
|rated|
|rule|HP Percentage Mod: HP is shown in percentages
|rule|Endless Battle Clause: Forcing endless battles is banned
|rule|Species Clause: Limit one of each Pokémon
|rule|OHKO Clause: OHKO moves are banned
|rule|Evasion Items Clause: Evasion items are banned
|rule|Evasion Moves Clause: Evasion moves are banned
|rule|Evasion Abilities Clause: Evasion abilities are banned
|rule|Sleep Moves Clause: Sleep-inducing moves are banned
|clearpoke
|poke|p1|Fezandipiti, M|
|poke|p1|Dragapult, M|
|poke|p1|Ogerpon, F|
|poke|p1|Great Tusk|
|poke|p1|Alomomola, M|
|poke|p1|Skarmory, M|
|poke|p2|Alomomola, F|
|poke|p2|Slowking-Galar, F|
|poke|p2|Great Tusk|
|poke|p2|Cinderace, F|
|poke|p2|Thundurus-Therian, M|
|poke|p2|Scizor, F|
|teampreview
|inactive|Battle timer is ON: inactive players will automatically lose when time's up. (requested by abhii.g)
|
|t:|1769399843
|teamsize|p1|6
|teamsize|p2|6
|start
|switch|p1a: Ogerpon|Ogerpon, F|100/100
|switch|p2a: Thundurus|Thundurus-Therian, M|100/100
|turn|1
|inactive|Diplithe has 120 seconds left.
|
|t:|1769399878
|-terastallize|p2a: Thundurus|Flying
|move|p2a: Thundurus|Tera Blast|p1a: Ogerpon|[anim] Tera Blast Flying
|-supereffective|p1a: Ogerpon
|-damage|p1a: Ogerpon|0 fnt
|faint|p1a: Ogerpon
|
|upkeep
|c|☆Diplithe|choice scarf :(
|c|☆Diplithe|daing
|c|☆Diplithe|thats lowkey smart
|inactive|Diplithe has 90 seconds left.
|
|t:|1769399908
|switch|p1a: Alomomola|Alomomola, M|100/100
|turn|2
|
|t:|1769399915
|switch|p2a: Slowking|Slowking-Galar, F|100/100
|move|p1a: Alomomola|Mirror Coat||[still]
|-fail|p1a: Alomomola
|
|upkeep
|turn|3
|
|t:|1769399921
|move|p1a: Alomomola|Flip Turn|p2a: Slowking
|-damage|p2a: Slowking|83/100
|c|☆abhii.g|:)
|
|t:|1769399938
|switch|p1a: Great Tusk|Great Tusk|100/100|[from] Flip Turn
|move|p2a: Slowking|Future Sight|p1a: Great Tusk
|-start|p2a: Slowking|move: Future Sight
|
|upkeep
|turn|4
|
|t:|1769399944
|switch|p2a: Alomomola|Alomomola, F|100/100
|move|p1a: Great Tusk|Ice Spinner|p2a: Alomomola
|-resisted|p2a: Alomomola
|-damage|p2a: Alomomola|92/100
|-enditem|p2a: Alomomola|Red Card|[of] p1a: Great Tusk
|-end|p1a: Great Tusk|Protosynthesis|[silent]
|drag|p1a: Skarmory|Skarmory, M|100/100
|
|upkeep
|turn|5
|
|t:|1769399951
|switch|p1a: Alomomola|Alomomola, M|100/100
|move|p2a: Alomomola|Flip Turn|p1a: Alomomola
|-resisted|p1a: Alomomola
|-damage|p1a: Alomomola|94/100
|
|t:|1769399957
|switch|p2a: Scizor|Scizor, F|100/100|[from] Flip Turn
|
|-end|p1a: Alomomola|move: Future Sight
|-damage|p1a: Alomomola|74/100
|upkeep
|turn|6
|inactive|Diplithe has 120 seconds left.
|
|t:|1769399964
|move|p2a: Scizor|Knock Off|p1a: Alomomola
|-damage|p1a: Alomomola|45/100
|-enditem|p1a: Alomomola|Assault Vest|[from] move: Knock Off|[of] p2a: Scizor
|move|p1a: Alomomola|Flip Turn|p2a: Scizor
|-damage|p2a: Scizor|82/100
|inactive|Diplithe has 120 seconds left.
|
|t:|1769399994
|switch|p1a: Skarmory|Skarmory, M|100/100|[from] Flip Turn
|
|upkeep
|turn|7
|
|t:|1769399999
|move|p2a: Scizor|Knock Off|p1a: Skarmory
|-damage|p1a: Skarmory|78/100
|-damage|p2a: Scizor|65/100|[from] item: Rocky Helmet|[of] p1a: Skarmory
|-enditem|p1a: Skarmory|Rocky Helmet|[from] move: Knock Off|[of] p2a: Scizor
|move|p1a: Skarmory|Body Press|p2a: Scizor
|-damage|p2a: Scizor|32/100
|
|upkeep
|turn|8
|j| HIAFH
|
|t:|1769400007
|move|p2a: Scizor|U-turn|p1a: Skarmory
|-resisted|p1a: Skarmory
|-damage|p1a: Skarmory|72/100
|
|t:|1769400012
|switch|p2a: Cinderace|Cinderace, F|100/100|[from] U-turn
|move|p1a: Skarmory|Body Press|p2a: Cinderace
|-damage|p2a: Cinderace|56/100
|
|upkeep
|turn|9
|inactive|Diplithe has 120 seconds left.
|
|t:|1769400018
|switch|p1a: Great Tusk|Great Tusk|100/100
|move|p2a: Cinderace|Will-O-Wisp|p1a: Great Tusk
|-status|p1a: Great Tusk|brn
|
|-damage|p1a: Great Tusk|94/100 brn|[from] brn
|upkeep
|turn|10
|
|t:|1769400024
|switch|p2a: Alomomola|Alomomola, F|100/100
|move|p1a: Great Tusk|Headlong Rush|p2a: Alomomola
|-damage|p2a: Alomomola|82/100
|-unboost|p1a: Great Tusk|def|1
|-unboost|p1a: Great Tusk|spd|1
|
|-damage|p1a: Great Tusk|88/100 brn|[from] brn
|upkeep
|turn|11
|
|t:|1769400031
|-end|p1a: Great Tusk|Protosynthesis|[silent]
|switch|p1a: Dragapult|Dragapult, M|100/100
|move|p2a: Alomomola|Wish|p2a: Alomomola
|
|upkeep
|turn|12
|
|t:|1769400062
|move|p2a: Alomomola|Protect|p2a: Alomomola
|-singleturn|p2a: Alomomola|Protect
|move|p1a: Dragapult|Shadow Ball|p2a: Alomomola
|-activate|p2a: Alomomola|move: Protect
|
|-heal|p2a: Alomomola|100/100|[from] move: Wish|[wisher] Alomomola
|upkeep
|turn|13
|
|t:|1769400067
|move|p1a: Dragapult|Shadow Ball|p2a: Alomomola
|-damage|p2a: Alomomola|49/100
|move|p2a: Alomomola|Flip Turn|p1a: Dragapult
|-resisted|p1a: Dragapult
|-damage|p1a: Dragapult|89/100
|
|t:|1769400070
|switch|p2a: Thundurus|Thundurus-Therian, M, tera:Flying|100/100|[from] Flip Turn
|
|upkeep
|turn|14
|
|t:|1769400077
|switch|p1a: Alomomola|Alomomola, M|78/100
|move|p2a: Thundurus|Volt Switch|p1a: Alomomola
|-supereffective|p1a: Alomomola
|-damage|p1a: Alomomola|11/100
|-message|Diplithe forfeited.
|
|win|abhii.g
|raw|Diplithe's rating: 1482 &rarr; <strong>1466</strong><br />(-16 for losing)
|raw|abhii.g's rating: 1545 &rarr; <strong>1561</strong><br />(+16 for winning)
|l|☆Diplithe
|player|p1|
|c|☆abhii.g|gg
