|j|☆piando
|j|☆1colour
|t:|1769379249
|gametype|singles
|player|p1|piando|hugh|1582
|player|p2|1colour|parasollady|1612
|gen|9
|tier|[Gen 9] OU
|rated|
|rule|HP Percentage Mod: HP is shown in percentages
|rule|Endless Battle Clause: Forcing endless battles is banned
|rule|Species Clause: Limit one of each Pokémon
|rule|OHKO Clause: OHKO moves are banned
|rule|Evasion Items Clause: Evasion items are banned
|rule|Evasion Moves Clause: Evasion moves are banned
|rule|Evasion Abilities Clause: Evasion abilities are banned
|rule|Sleep Moves Clause: Sleep-inducing moves are banned
|clearpoke
|poke|p1|Tyranitar, M|
|poke|p1|Pelipper, M|
|poke|p1|Excadrill, F|
|poke|p1|Walking Wake|
|poke|p1|Torkoal, M|
|poke|p1|Ogerpon-Wellspring, F|
|poke|p2|Vikavolt, M|
|poke|p2|Corviknight, M|
|poke|p2|Haxorus, M|
|poke|p2|Mimikyu, M|
|poke|p2|Sinistcha-Masterpiece|
|poke|p2|Darkrai|
|teampreview
|inactive|Battle timer is ON: inactive players will automatically lose when time's up. (requested by piando)
|
|t:|1769379259
|teamsize|p1|6
|teamsize|p2|6
|start
|switch|p1a: Pelipper|Pelipper, M|100/100
|switch|p2a: Darkrai|Darkrai|100/100
|-weather|RainDance|[from] ability: Drizzle|[of] p1a: Pelipper
|turn|1
|
|t:|1769379267
|switch|p1a: Tyranitar|Tyranitar, M|100/100
|-weather|Sandstorm|[from] ability: Sand Stream|[of] p1a: Tyranitar
|move|p2a: Darkrai|Dark Pulse|p1a: Tyranitar
|-resisted|p1a: Tyranitar
|-damage|p1a: Tyranitar|87/100
|
|-weather|Sandstorm|[upkeep]
|-damage|p2a: Darkrai|94/100|[from] Sandstorm
|upkeep
|turn|2
|
|t:|1769379277
|switch|p2a: Corviknight|Corviknight, M|100/100
|-ability|p2a: Corviknight|Pressure
|switch|p1a: Pelipper|Pelipper, M|100/100
|-weather|RainDance|[from] ability: Drizzle|[of] p1a: Pelipper
|
|-weather|RainDance|[upkeep]
|upkeep
|turn|3
|
|t:|1769379283
|switch|p2a: PULH 🗣️|Vikavolt, M|100/100
|move|p1a: Pelipper|Weather Ball|p2a: PULH 🗣️
|-damage|p2a: PULH 🗣️|23/100
|
|-weather|RainDance|[upkeep]
|upkeep
|turn|4
|-enditem|p2a: PULH 🗣️|Custap Berry|[eat]
|-activate|p2a: PULH 🗣️|item: Custap Berry|[consumed]
|
|t:|1769379313
|move|p2a: PULH 🗣️|Sticky Web|p1a: Pelipper
|-sidestart|p1: piando|move: Sticky Web
|move|p1a: Pelipper|Weather Ball|p2a: PULH 🗣️
|-damage|p2a: PULH 🗣️|0 fnt
|faint|p2a: PULH 🗣️
|
|-weather|RainDance|[upkeep]
|upkeep
|
|t:|1769379326
|switch|p2a: Darkrai|Darkrai|94/100
|turn|5
|
|t:|1769379329
|move|p2a: Darkrai|Dark Pulse|p1a: Pelipper
|-damage|p1a: Pelipper|0 fnt
|faint|p1a: Pelipper
|
|-weather|RainDance|[upkeep]
|upkeep
|
|t:|1769379341
|switch|p1a: Walking Wake|Walking Wake|100/100
|-activate|p1a: Walking Wake|move: Sticky Web
|-unboost|p1a: Walking Wake|spe|1
|turn|6
|c|☆1colour|blasted
|
|t:|1769379363
|switch|p2a: Corviknight|Corviknight, M|100/100
|-ability|p2a: Corviknight|Pressure
|-end|p1a: Walking Wake|Protosynthesis|[silent]
|switch|p1a: Tyranitar|Tyranitar, M|87/100
|-weather|Sandstorm|[from] ability: Sand Stream|[of] p1a: Tyranitar
|
|-weather|Sandstorm|[upkeep]
|upkeep
|turn|7
|
|t:|1769379370
|switch|p1a: Torkoal|Torkoal, M|100/100
|-activate|p1a: Torkoal|move: Sticky Web
|-unboost|p1a: Torkoal|spe|1
|-weather|SunnyDay|[from] ability: Drought|[of] p1a: Torkoal
|move|p2a: Corviknight|Bulk Up|p2a: Corviknight
|-boost|p2a: Corviknight|atk|1
|-boost|p2a: Corviknight|def|1
|
|-weather|SunnyDay|[upkeep]
|upkeep
|turn|8
|c|☆1colour|?
|
|t:|1769379381
|switch|p2a: Sinistcha|Sinistcha-Masterpiece|100/100
|move|p1a: Torkoal|Lava Plume|p2a: Sinistcha
|-supereffective|p2a: Sinistcha
|-damage|p2a: Sinistcha|54/100
|
|-weather|SunnyDay|[upkeep]
|upkeep
|turn|9
|
|t:|1769379389
|move|p2a: Sinistcha|Strength Sap|p1a: Torkoal
|-unboost|p1a: Torkoal|atk|1
|-heal|p2a: Sinistcha|100/100
|move|p1a: Torkoal|Lava Plume|p2a: Sinistcha
|-supereffective|p2a: Sinistcha
|-damage|p2a: Sinistcha|59/100
|
|-weather|SunnyDay|[upkeep]
|upkeep
|turn|10
|
|t:|1769379393
|move|p2a: Sinistcha|Calm Mind|p2a: Sinistcha
|-boost|p2a: Sinistcha|spa|1
|-boost|p2a: Sinistcha|spd|1
|move|p1a: Torkoal|Will-O-Wisp|p2a: Sinistcha|[miss]
|-miss|p1a: Torkoal|p2a: Sinistcha
|
|-weather|SunnyDay|[upkeep]
|upkeep
|turn|11
|
|t:|1769379398
|move|p2a: Sinistcha|Shadow Ball|p1a: Torkoal
|-damage|p1a: Torkoal|35/100
|move|p1a: Torkoal|Will-O-Wisp|p2a: Sinistcha|[miss]
|-miss|p1a: Torkoal|p2a: Sinistcha
|
|-weather|SunnyDay|[upkeep]
|upkeep
|turn|12
|c|☆1colour|hahah
|
|t:|1769379407
|switch|p1a: Tyranitar|Tyranitar, M|87/100
|-weather|Sandstorm|[from] ability: Sand Stream|[of] p1a: Tyranitar
|move|p2a: Sinistcha|Shadow Ball|p1a: Tyranitar
|-resisted|p1a: Tyranitar
|-damage|p1a: Tyranitar|76/100
|-unboost|p1a: Tyranitar|spd|1
|
|-weather|Sandstorm|[upkeep]
|-damage|p2a: Sinistcha|53/100|[from] Sandstorm
|upkeep
|turn|13
|
|t:|1769379412
|move|p2a: Sinistcha|Strength Sap|p1a: Tyranitar
|-unboost|p1a: Tyranitar|atk|1
|-heal|p2a: Sinistcha|100/100
|move|p1a: Tyranitar|Thunder Wave|p2a: Sinistcha
|-status|p2a: Sinistcha|par
|
|-weather|Sandstorm|[upkeep]
|-damage|p2a: Sinistcha|94/100 par|[from] Sandstorm
|upkeep
|turn|14
|
|t:|1769379420
|switch|p1a: Excadrill|Excadrill, F|100/100
|-activate|p1a: Excadrill|move: Sticky Web
|-unboost|p1a: Excadrill|spe|1
|cant|p2a: Sinistcha|par
|
|-weather|Sandstorm|[upkeep]
|-damage|p2a: Sinistcha|88/100 par|[from] Sandstorm
|upkeep
|turn|15
|
|t:|1769379426
|move|p1a: Excadrill|Iron Head|p2a: Sinistcha
|-damage|p2a: Sinistcha|32/100 par
|move|p2a: Sinistcha|Matcha Gotcha|p1a: Excadrill
|-damage|p1a: Excadrill|30/100
|-heal|p2a: Sinistcha|71/100 par|[from] drain|[of] p1a: Excadrill
|
|-weather|Sandstorm|[upkeep]
|-damage|p2a: Sinistcha|65/100 par|[from] Sandstorm
|upkeep
|turn|16
|
|t:|1769379440
|switch|p1a: Torkoal|Torkoal, M|35/100
|-activate|p1a: Torkoal|move: Sticky Web
|-unboost|p1a: Torkoal|spe|1
|-weather|SunnyDay|[from] ability: Drought|[of] p1a: Torkoal
|move|p2a: Sinistcha|Strength Sap|p1a: Torkoal
|-unboost|p1a: Torkoal|atk|1
|-heal|p2a: Sinistcha|100/100 par
|
|-weather|SunnyDay|[upkeep]
|upkeep
|turn|17
|
|t:|1769379449
|move|p2a: Sinistcha|Shadow Ball|p1a: Torkoal
|-crit|p1a: Torkoal
|-damage|p1a: Torkoal|0 fnt
|faint|p1a: Torkoal
|
|-weather|SunnyDay|[upkeep]
|upkeep
|c|☆1colour|what now?
|
|t:|1769379451
|switch|p1a: Walking Wake|Walking Wake|100/100
|-activate|p1a: Walking Wake|move: Sticky Web
|-unboost|p1a: Walking Wake|spe|1
|-activate|p1a: Walking Wake|ability: Protosynthesis
|-start|p1a: Walking Wake|protosynthesisspa
|turn|18
|
|t:|1769379456
|move|p1a: Walking Wake|Flamethrower|p2a: Sinistcha
|-supereffective|p2a: Sinistcha
|-damage|p2a: Sinistcha|24/100 par
|cant|p2a: Sinistcha|par
|
|-weather|SunnyDay|[upkeep]
|upkeep
|turn|19
|
|t:|1769379462
|move|p1a: Walking Wake|Flamethrower|p2a: Sinistcha
|-supereffective|p2a: Sinistcha
|-damage|p2a: Sinistcha|0 fnt
|faint|p2a: Sinistcha
|
|-weather|SunnyDay|[upkeep]
|upkeep
|
|t:|1769379479
|switch|p2a: Mimikyu|Mimikyu, M, shiny|100/100
|turn|20
|
|t:|1769379483
|move|p2a: Mimikyu|Swords Dance|p2a: Mimikyu
|-boost|p2a: Mimikyu|atk|2
|move|p1a: Walking Wake|Flamethrower|p2a: Mimikyu
|-activate|p2a: Mimikyu|ability: Disguise
|-damage|p2a: Mimikyu|100/100
|detailschange|p2a: Mimikyu|Mimikyu-Busted, M, shiny
|-damage|p2a: Mimikyu|88/100|[from] pokemon: Mimikyu-Busted
|
|-weather|SunnyDay|[upkeep]
|upkeep
|turn|21
|
|t:|1769379487
|-terastallize|p1a: Walking Wake|Fairy
|move|p2a: Mimikyu|Shadow Claw|p1a: Walking Wake
|-damage|p1a: Walking Wake|27/100
|move|p1a: Walking Wake|Flamethrower|p2a: Mimikyu
|-damage|p2a: Mimikyu|0 fnt
|faint|p2a: Mimikyu
|
|-weather|SunnyDay|[upkeep]
|upkeep
|c|☆1colour|u wasted it
|
|t:|1769379506
|switch|p2a: Haxorus|Haxorus, M, shiny|100/100
|-ability|p2a: Haxorus|Mold Breaker
|turn|22
|
|t:|1769379510
|-end|p1a: Walking Wake|Protosynthesis|[silent]
|switch|p1a: Tyranitar|Tyranitar, M|76/100
|-weather|Sandstorm|[from] ability: Sand Stream|[of] p1a: Tyranitar
|move|p2a: Haxorus|Earthquake|p1a: Tyranitar
|-supereffective|p1a: Tyranitar
|-damage|p1a: Tyranitar|15/100
|
|-weather|Sandstorm|[upkeep]
|-damage|p2a: Haxorus|95/100|[from] Sandstorm
|upkeep
|turn|23
|
|t:|1769379519
|move|p2a: Haxorus|Scale Shot|p1a: Tyranitar
|-damage|p1a: Tyranitar|2/100
|-damage|p1a: Tyranitar|0 fnt
|faint|p1a: Tyranitar
|-hitcount|p1: Tyranitar|2
|-unboost|p2a: Haxorus|def|1
|-boost|p2a: Haxorus|spe|1
|
|-weather|Sandstorm|[upkeep]
|-damage|p2a: Haxorus|89/100|[from] Sandstorm
|upkeep
|
|t:|1769379523
|switch|p1a: Excadrill|Excadrill, F|30/100
|-activate|p1a: Excadrill|move: Sticky Web
|-unboost|p1a: Excadrill|spe|1
|turn|24
|
|t:|1769379534
|move|p1a: Excadrill|Iron Head|p2a: Haxorus
|-damage|p2a: Haxorus|0 fnt
|faint|p2a: Haxorus
|
|-weather|Sandstorm|[upkeep]
|upkeep
|
|t:|1769379537
|switch|p2a: Corviknight|Corviknight, M|100/100
|-ability|p2a: Corviknight|Pressure
|turn|25
|
|t:|1769379544
|switch|p1a: Walking Wake|Walking Wake, tera:Fairy|27/100
|-activate|p1a: Walking Wake|move: Sticky Web
|-unboost|p1a: Walking Wake|spe|1
|move|p2a: Corviknight|Bulk Up|p2a: Corviknight
|-boost|p2a: Corviknight|atk|1
|-boost|p2a: Corviknight|def|1
|
|-weather|Sandstorm|[upkeep]
|-damage|p1a: Walking Wake|21/100|[from] Sandstorm
|upkeep
|turn|26
|
|t:|1769379555
|-terastallize|p2a: Corviknight|Dragon
|move|p1a: Walking Wake|Flamethrower|p2a: Corviknight
|-resisted|p2a: Corviknight
|-damage|p2a: Corviknight|84/100
|move|p2a: Corviknight|Bulk Up|p2a: Corviknight
|-boost|p2a: Corviknight|atk|1
|-boost|p2a: Corviknight|def|1
|
|-weather|none
|-heal|p2a: Corviknight|90/100|[from] item: Leftovers
|upkeep
|turn|27
|
|t:|1769379565
|-end|p1a: Walking Wake|Protosynthesis|[silent]
|switch|p1a: Excadrill|Excadrill, F|30/100
|-activate|p1a: Excadrill|move: Sticky Web
|-unboost|p1a: Excadrill|spe|1
|move|p2a: Corviknight|Brave Bird|p1a: Excadrill
|-resisted|p1a: Excadrill
|-damage|p1a: Excadrill|0 fnt
|faint|p1a: Excadrill
|-damage|p2a: Corviknight|81/100|[from] Recoil
|
|-heal|p2a: Corviknight|88/100|[from] item: Leftovers
|upkeep
|
|t:|1769379567
|switch|p1a: Walking Wake|Walking Wake, tera:Fairy|21/100
|-activate|p1a: Walking Wake|move: Sticky Web
|-unboost|p1a: Walking Wake|spe|1
|turn|28
|
|t:|1769379573
|move|p1a: Walking Wake|Draco Meteor|p2a: Corviknight
|-supereffective|p2a: Corviknight
|-damage|p2a: Corviknight|0 fnt
|-unboost|p1a: Walking Wake|spa|2
|faint|p2a: Corviknight
|
|upkeep
|
|t:|1769379575
|switch|p2a: Darkrai|Darkrai|94/100
|turn|29
|
|t:|1769379582
|move|p2a: Darkrai|Sludge Bomb|p1a: Walking Wake
|-supereffective|p1a: Walking Wake
|-damage|p1a: Walking Wake|0 fnt
|faint|p1a: Walking Wake
|-end|p1a: Walking Wake|Protosynthesis|[silent]
|
|upkeep
|
|t:|1769379585
|switch|p1a: Ogerpon|Ogerpon-Wellspring, F|100/100
|-activate|p1a: Ogerpon|move: Sticky Web
|-unboost|p1a: Ogerpon|spe|1
|turn|30
|
|t:|1769379587
|move|p2a: Darkrai|Sludge Bomb|p1a: Ogerpon
|-supereffective|p1a: Ogerpon
|-damage|p1a: Ogerpon|0 fnt
|faint|p1a: Ogerpon
|
|win|1colour
|raw|piando's rating: 1582 &rarr; <strong>1564</strong><br />(-18 for losing)
|raw|1colour's rating: 1612 &rarr; <strong>1630</strong><br />(+18 for winning)
|l|☆1colour
|player|p2|
