|j|☆aplyw
|j|☆Mortifi
|t:|1769348578
|gametype|singles
|player|p1|aplyw|steven|1472
|player|p2|Mortifi|pokemaniac|1550
|gen|9
|tier|[Gen 9] OU
|rated|
|rule|HP Percentage Mod: HP is shown in percentages
|rule|Endless Battle Clause: Forcing endless battles is banned
|rule|Species Clause: Limit one of each Pokémon
|rule|OHKO Clause: OHKO moves are banned
|rule|Evasion Items Clause: Evasion items are banned
|rule|Evasion Moves Clause: Evasion moves are banned
|rule|Evasion Abilities Clause: Evasion abilities are banned
|rule|Sleep Moves Clause: Sleep-inducing moves are banned
|clearpoke
|poke|p1|Ogerpon-Wellspring, F|
|poke|p1|Scizor, F|
|poke|p1|Pelipper, F|
|poke|p1|Kingdra, M|
|poke|p1|Glimmora, M|
|poke|p1|Wo-Chien|
|poke|p2|Ogerpon-Cornerstone, F|
|poke|p2|Slowking-Galar, M|
|poke|p2|Ting-Lu|
|poke|p2|Raging Bolt|
|poke|p2|Cyclizar, M|
|poke|p2|Corviknight, M|
|teampreview
|
|t:|1769348595
|teamsize|p1|6
|teamsize|p2|6
|start
|switch|p1a: Scizor|Scizor, F|100/100
|switch|p2a: Raging Bolt|Raging Bolt|100/100
|turn|1
|
|t:|1769348607
|-end|p2a: Raging Bolt|Protosynthesis|[silent]
|switch|p2a: Corviknight|Corviknight, M|100/100
|-ability|p2a: Corviknight|Pressure
|move|p1a: Scizor|U-turn|p2a: Corviknight
|-resisted|p2a: Corviknight
|-damage|p2a: Corviknight|92/100
|-damage|p1a: Scizor|84/100|[from] item: Rocky Helmet|[of] p2a: Corviknight
|
|t:|1769348617
|switch|p1a: Pelipper|Pelipper, F, shiny|100/100|[from] U-turn
|-weather|RainDance|[from] ability: Drizzle|[of] p1a: Pelipper
|
|-weather|RainDance|[upkeep]
|upkeep
|turn|2
|
|t:|1769348629
|switch|p2a: Slowking|Slowking-Galar, M|100/100
|move|p1a: Pelipper|Weather Ball|p2a: Slowking
|-damage|p2a: Slowking|60/100
|
|-weather|RainDance|[upkeep]
|upkeep
|turn|3
|
|t:|1769348640
|move|p1a: Pelipper|U-turn|p2a: Slowking
|-damage|p2a: Slowking|51/100
|
|t:|1769348667
|switch|p1a: Scizor|Scizor, F|84/100|[from] U-turn
|-prepare|p2a: Slowking|Chilly Reception|[premajor]
|move|p2a: Slowking|Chilly Reception|p2a: Slowking
|-weather|Snowscape
|
|t:|1769348678
|switch|p2a: Corviknight|Corviknight, M|92/100|[from] Chilly Reception
|-ability|p2a: Corviknight|Pressure
|
|-weather|Snowscape|[upkeep]
|upkeep
|turn|4
|
|t:|1769348685
|switch|p1a: Pelipper|Pelipper, F, shiny|100/100
|-weather|RainDance|[from] ability: Drizzle|[of] p1a: Pelipper
|move|p2a: Corviknight|Brave Bird|p1a: Pelipper
|-damage|p1a: Pelipper|62/100
|-damage|p2a: Corviknight|81/100|[from] Recoil
|
|-weather|RainDance|[upkeep]
|upkeep
|turn|5
|
|t:|1769348694
|switch|p2a: Slowking|Slowking-Galar, M|84/100
|move|p1a: Pelipper|Weather Ball|p2a: Slowking
|-damage|p2a: Slowking|42/100
|
|-weather|RainDance|[upkeep]
|upkeep
|turn|6
|
|t:|1769348704
|switch|p2a: Cyclizar|Cyclizar, M|100/100
|move|p1a: Pelipper|U-turn|p2a: Cyclizar
|-damage|p2a: Cyclizar|89/100
|
|t:|1769348709
|switch|p1a: Kingdra|Kingdra, M|100/100|[from] U-turn
|
|-weather|RainDance|[upkeep]
|upkeep
|turn|7
|
|t:|1769348717
|switch|p2a: Slowking|Slowking-Galar, M|75/100
|move|p1a: Kingdra|Ice Beam|p2a: Slowking
|-damage|p2a: Slowking|54/100
|-damage|p1a: Kingdra|91/100|[from] item: Life Orb
|
|-weather|RainDance|[upkeep]
|upkeep
|turn|8
|
|t:|1769348734
|-terastallize|p2a: Slowking|Water
|move|p1a: Kingdra|Hydro Pump|p2a: Slowking
|-resisted|p2a: Slowking
|-damage|p2a: Slowking|27/100
|-damage|p1a: Kingdra|81/100|[from] item: Life Orb
|-prepare|p2a: Slowking|Chilly Reception|[premajor]
|move|p2a: Slowking|Chilly Reception|p2a: Slowking
|-weather|Snowscape
|
|t:|1769348745
|switch|p2a: Cyclizar|Cyclizar, M|100/100|[from] Chilly Reception
|
|-weather|Snowscape|[upkeep]
|upkeep
|turn|9
|
|t:|1769348770
|move|p2a: Cyclizar|Draco Meteor|p1a: Kingdra
|-supereffective|p1a: Kingdra
|-damage|p1a: Kingdra|0 fnt
|-unboost|p2a: Cyclizar|spa|2
|faint|p1a: Kingdra
|
|-weather|Snowscape|[upkeep]
|upkeep
|
|t:|1769348802
|switch|p1a: Ogerpon|Ogerpon-Wellspring, F|100/100
|turn|10
|
|t:|1769348807
|move|p2a: Cyclizar|U-turn|p1a: Ogerpon
|-supereffective|p1a: Ogerpon
|-damage|p1a: Ogerpon|71/100
|
|t:|1769348811
|switch|p2a: Corviknight|Corviknight, M|81/100|[from] U-turn
|-ability|p2a: Corviknight|Pressure
|move|p1a: Ogerpon|Swords Dance|p1a: Ogerpon
|-boost|p1a: Ogerpon|atk|2
|
|-weather|Snowscape|[upkeep]
|upkeep
|turn|11
|
|t:|1769348829
|-terastallize|p1a: Ogerpon|Water
|detailschange|p1a: Ogerpon|Ogerpon-Wellspring-Tera, F, tera:Water
|-ability|p1a: Ogerpon|Embody Aspect (Wellspring)|boost
|-boost|p1a: Ogerpon|spd|1
|move|p1a: Ogerpon|Ivy Cudgel|p2a: Corviknight|[anim] Ivy Cudgel Water
|-damage|p2a: Corviknight|3/100
|move|p2a: Corviknight|Brave Bird|p1a: Ogerpon
|-damage|p1a: Ogerpon|28/100
|-damage|p2a: Corviknight|0 fnt|[from] Recoil
|faint|p2a: Corviknight
|
|-weather|Snowscape|[upkeep]
|upkeep
|
|t:|1769348843
|switch|p2a: Cyclizar|Cyclizar, M|100/100
|turn|12
|
|t:|1769348857
|switch|p1a: Scizor|Scizor, F|84/100
|move|p2a: Cyclizar|Draco Meteor|p1a: Scizor
|-resisted|p1a: Scizor
|-damage|p1a: Scizor|61/100
|-unboost|p2a: Cyclizar|spa|2
|
|-weather|none
|upkeep
|turn|13
|
|t:|1769348876
|move|p2a: Cyclizar|Knock Off|p1a: Scizor
|-damage|p1a: Scizor|41/100
|-enditem|p1a: Scizor|Choice Band|[from] move: Knock Off|[of] p2a: Cyclizar
|move|p1a: Scizor|U-turn|p2a: Cyclizar
|-damage|p2a: Cyclizar|41/100
|
|t:|1769348885
|switch|p1a: Glimmora|Glimmora, M, shiny|100/100|[from] U-turn
|-item|p1a: Glimmora|Air Balloon
|
|upkeep
|turn|14
|
|t:|1769348908
|switch|p2a: Ting-Lu|Ting-Lu|100/100
|-ability|p2a: Ting-Lu|Vessel of Ruin
|move|p1a: Glimmora|Stealth Rock|p2a: Ting-Lu
|-sidestart|p2: Mortifi|move: Stealth Rock
|
|upkeep
|turn|15
|
|t:|1769348915
|move|p1a: Glimmora|Sludge Bomb|p2a: Ting-Lu
|-resisted|p2a: Ting-Lu
|-crit|p2a: Ting-Lu
|-damage|p2a: Ting-Lu|79/100
|move|p2a: Ting-Lu|Stealth Rock|p1a: Glimmora
|-sidestart|p1: aplyw|move: Stealth Rock
|
|-heal|p2a: Ting-Lu|85/100|[from] item: Leftovers
|upkeep
|turn|16
|
|t:|1769348932
|move|p1a: Glimmora|Mortal Spin|p2a: Ting-Lu
|-resisted|p2a: Ting-Lu
|-damage|p2a: Ting-Lu|84/100
|-status|p2a: Ting-Lu|psn
|-sideend|p1: aplyw|Stealth Rock|[from] move: Mortal Spin|[of] p1a: Glimmora
|move|p2a: Ting-Lu|Payback|p1a: Glimmora
|-damage|p1a: Glimmora|59/100
|-activate|p1a: Glimmora|ability: Toxic Debris
|-sidestart|p2: Mortifi|move: Toxic Spikes
|-enditem|p1a: Glimmora|Air Balloon
|
|-heal|p2a: Ting-Lu|90/100 psn|[from] item: Leftovers
|-damage|p2a: Ting-Lu|78/100 psn|[from] psn
|upkeep
|turn|17
|
|t:|1769348948
|switch|p1a: Pelipper|Pelipper, F, shiny|62/100
|-weather|RainDance|[from] ability: Drizzle|[of] p1a: Pelipper
|move|p2a: Ting-Lu|Earthquake|p1a: Pelipper
|-immune|p1a: Pelipper
|
|-weather|RainDance|[upkeep]
|-heal|p2a: Ting-Lu|84/100 psn|[from] item: Leftovers
|-damage|p2a: Ting-Lu|71/100 psn|[from] psn
|upkeep
|turn|18
|
|t:|1769348963
|move|p1a: Pelipper|Weather Ball|p2a: Ting-Lu
|-supereffective|p2a: Ting-Lu
|-damage|p2a: Ting-Lu|0 fnt
|faint|p2a: Ting-Lu
|
|-weather|RainDance|[upkeep]
|upkeep
|
|t:|1769348968
|switch|p2a: Cyclizar|Cyclizar, M|74/100
|turn|19
|
|t:|1769348975
|switch|p1a: Scizor|Scizor, F|41/100
|move|p2a: Cyclizar|Rapid Spin|p1a: Scizor
|-resisted|p1a: Scizor
|-damage|p1a: Scizor|34/100
|-boost|p2a: Cyclizar|spe|1
|-sideend|p2: Mortifi|Toxic Spikes|[from] move: Rapid Spin|[of] p2a: Cyclizar
|-sideend|p2: Mortifi|Stealth Rock|[from] move: Rapid Spin|[of] p2a: Cyclizar
|
|-weather|RainDance|[upkeep]
|upkeep
|turn|20
|
|t:|1769348988
|move|p1a: Scizor|Bullet Punch|p2a: Cyclizar
|-damage|p2a: Cyclizar|27/100
|move|p2a: Cyclizar|U-turn|p1a: Scizor
|-resisted|p1a: Scizor
|-damage|p1a: Scizor|27/100
|
|t:|1769349003
|switch|p2a: Slowking|Slowking-Galar, M, tera:Water|61/100|[from] U-turn
|
|-weather|RainDance|[upkeep]
|upkeep
|turn|21
|
|t:|1769349023
|switch|p1a: Ogerpon|Ogerpon-Wellspring-Tera, F, tera:Water|28/100
|-ability|p1a: Ogerpon|Embody Aspect (Wellspring)|boost
|-boost|p1a: Ogerpon|spd|1
|-prepare|p2a: Slowking|Chilly Reception|[premajor]
|move|p2a: Slowking|Chilly Reception|p2a: Slowking
|-weather|Snowscape
|
|t:|1769349030
|switch|p2a: Cyclizar|Cyclizar, M|60/100|[from] Chilly Reception
|
|-weather|Snowscape|[upkeep]
|upkeep
|turn|22
|
|t:|1769349040
|switch|p1a: Scizor|Scizor, F|27/100
|move|p2a: Cyclizar|Draco Meteor|p1a: Scizor|[miss]
|-miss|p2a: Cyclizar|p1a: Scizor
|
|-weather|Snowscape|[upkeep]
|upkeep
|turn|23
|
|t:|1769349049
|move|p2a: Cyclizar|Draco Meteor|p1a: Scizor
|-resisted|p1a: Scizor
|-damage|p1a: Scizor|0 fnt
|-unboost|p2a: Cyclizar|spa|2
|faint|p1a: Scizor
|
|-weather|Snowscape|[upkeep]
|upkeep
|
|t:|1769349092
|switch|p1a: Pelipper|Pelipper, F, shiny|62/100
|-weather|RainDance|[from] ability: Drizzle|[of] p1a: Pelipper
|turn|24
|
|t:|1769349111
|move|p2a: Cyclizar|U-turn|p1a: Pelipper
|-resisted|p1a: Pelipper
|-damage|p1a: Pelipper|55/100
|
|t:|1769349114
|switch|p2a: Slowking|Slowking-Galar, M, tera:Water|94/100|[from] U-turn
|move|p1a: Pelipper|Hurricane|p2a: Slowking
|-damage|p2a: Slowking|64/100
|-start|p2a: Slowking|confusion
|
|-weather|RainDance|[upkeep]
|upkeep
|turn|25
|
|t:|1769349125
|move|p1a: Pelipper|U-turn|p2a: Slowking
|-damage|p2a: Slowking|55/100
|
|t:|1769349139
|switch|p1a: Wo-Chien|Wo-Chien|100/100|[from] U-turn
|-ability|p1a: Wo-Chien|Tablets of Ruin
|-prepare|p2a: Slowking|Chilly Reception|[premajor]
|-activate|p2a: Slowking|confusion
|move|p2a: Slowking|Chilly Reception|p2a: Slowking
|-weather|Snowscape
|
|t:|1769349160
|switch|p2a: Cyclizar|Cyclizar, M|94/100|[from] Chilly Reception
|
|-weather|Snowscape|[upkeep]
|upkeep
|turn|26
|
|t:|1769349172
|move|p2a: Cyclizar|U-turn|p1a: Wo-Chien
|-supereffective|p1a: Wo-Chien
|-damage|p1a: Wo-Chien|66/100
|
|t:|1769349175
|switch|p2a: Slowking|Slowking-Galar, M, tera:Water|88/100|[from] U-turn
|move|p1a: Wo-Chien|Knock Off|p2a: Slowking
|-damage|p2a: Slowking|55/100
|-enditem|p2a: Slowking|Heavy-Duty Boots|[from] move: Knock Off|[of] p1a: Wo-Chien
|
|-weather|Snowscape|[upkeep]
|-heal|p1a: Wo-Chien|72/100|[from] item: Leftovers
|upkeep
|turn|27
|
|t:|1769349189
|move|p1a: Wo-Chien|Substitute|p1a: Wo-Chien
|-start|p1a: Wo-Chien|Substitute
|-damage|p1a: Wo-Chien|48/100
|move|p2a: Slowking|Toxic||[still]
|-fail|p2a: Slowking
|
|-weather|Snowscape|[upkeep]
|-heal|p1a: Wo-Chien|54/100|[from] item: Leftovers
|upkeep
|turn|28
|
|t:|1769349202
|move|p1a: Wo-Chien|Leech Seed|p2a: Slowking
|-start|p2a: Slowking|move: Leech Seed
|-prepare|p2a: Slowking|Chilly Reception|[premajor]
|move|p2a: Slowking|Chilly Reception|p2a: Slowking
|
|t:|1769349207
|switch|p2a: Cyclizar|Cyclizar, M|100/100|[from] Chilly Reception
|
|-weather|Snowscape|[upkeep]
|-heal|p1a: Wo-Chien|60/100|[from] item: Leftovers
|upkeep
|turn|29
|
|t:|1769349214
|move|p1a: Wo-Chien|Protect|p1a: Wo-Chien
|-singleturn|p1a: Wo-Chien|Protect
|move|p2a: Cyclizar|U-turn|p1a: Wo-Chien
|-activate|p1a: Wo-Chien|move: Protect
|
|-weather|none
|-heal|p1a: Wo-Chien|66/100|[from] item: Leftovers
|upkeep
|turn|30
|
|t:|1769349224
|switch|p1a: Glimmora|Glimmora, M, shiny|59/100
|move|p2a: Cyclizar|U-turn|p1a: Glimmora
|-resisted|p1a: Glimmora
|-damage|p1a: Glimmora|52/100
|-activate|p1a: Glimmora|ability: Toxic Debris
|-sidestart|p2: Mortifi|move: Toxic Spikes
|
|t:|1769349234
|switch|p2a: Raging Bolt|Raging Bolt|100/100|[from] U-turn
|-status|p2a: Raging Bolt|psn
|
|-damage|p2a: Raging Bolt|88/100 psn|[from] psn
|upkeep
|turn|31
|
|t:|1769349257
|move|p1a: Glimmora|Earth Power|p2a: Raging Bolt
|-supereffective|p2a: Raging Bolt
|-damage|p2a: Raging Bolt|41/100 psn
|move|p2a: Raging Bolt|Draco Meteor|p1a: Glimmora
|-damage|p1a: Glimmora|0 fnt
|-unboost|p2a: Raging Bolt|spa|2
|faint|p1a: Glimmora
|
|-damage|p2a: Raging Bolt|29/100 psn|[from] psn
|upkeep
|
|t:|1769349269
|switch|p1a: Wo-Chien|Wo-Chien|66/100
|-ability|p1a: Wo-Chien|Tablets of Ruin
|turn|32
|
|t:|1769349294
|-end|p2a: Raging Bolt|Protosynthesis|[silent]
|switch|p2a: Cyclizar|Cyclizar, M|100/100
|move|p1a: Wo-Chien|Leech Seed|p2a: Cyclizar
|-start|p2a: Cyclizar|move: Leech Seed
|
|-heal|p1a: Wo-Chien|72/100|[from] item: Leftovers
|-damage|p2a: Cyclizar|88/100|[from] Leech Seed|[of] p1a: Wo-Chien
|-heal|p1a: Wo-Chien|83/100|[silent]
|upkeep
|turn|33
|
|t:|1769349304
|move|p1a: Wo-Chien|Protect|p1a: Wo-Chien
|-singleturn|p1a: Wo-Chien|Protect
|move|p2a: Cyclizar|Rapid Spin|p1a: Wo-Chien
|-activate|p1a: Wo-Chien|move: Protect
|
|-heal|p1a: Wo-Chien|89/100|[from] item: Leftovers
|-damage|p2a: Cyclizar|76/100|[from] Leech Seed|[of] p1a: Wo-Chien
|-heal|p1a: Wo-Chien|99/100|[silent]
|upkeep
|turn|34
|
|t:|1769349321
|move|p2a: Cyclizar|Rapid Spin|p1a: Wo-Chien
|-damage|p1a: Wo-Chien|91/100
|-boost|p2a: Cyclizar|spe|1
|-end|p2a: Cyclizar|Leech Seed|[from] move: Rapid Spin|[of] p2a: Cyclizar
|-sideend|p2: Mortifi|Toxic Spikes|[from] move: Rapid Spin|[of] p2a: Cyclizar
|move|p1a: Wo-Chien|Knock Off|p2a: Cyclizar
|-damage|p2a: Cyclizar|34/100
|-enditem|p2a: Cyclizar|Heavy-Duty Boots|[from] move: Knock Off|[of] p1a: Wo-Chien
|
|-heal|p1a: Wo-Chien|98/100|[from] item: Leftovers
|upkeep
|turn|35
|
|t:|1769349344
|move|p1a: Wo-Chien|Protect|p1a: Wo-Chien
|-singleturn|p1a: Wo-Chien|Protect
|move|p2a: Cyclizar|U-turn|p1a: Wo-Chien
|-activate|p1a: Wo-Chien|move: Protect
|
|-heal|p1a: Wo-Chien|100/100|[from] item: Leftovers
|upkeep
|turn|36
|inactive|Battle timer is ON: inactive players will automatically lose when time's up. (requested by Mortifi)
|
|t:|1769349368
|move|p2a: Cyclizar|U-turn|p1a: Wo-Chien
|-supereffective|p1a: Wo-Chien
|-damage|p1a: Wo-Chien|64/100
|
|t:|1769349383
|switch|p2a: Slowking|Slowking-Galar, M, tera:Water|89/100|[from] U-turn
|move|p1a: Wo-Chien|Substitute|p1a: Wo-Chien
|-start|p1a: Wo-Chien|Substitute
|-damage|p1a: Wo-Chien|39/100
|
|-heal|p1a: Wo-Chien|45/100|[from] item: Leftovers
|upkeep
|turn|37
|
|t:|1769349396
|move|p1a: Wo-Chien|Protect|p1a: Wo-Chien
|-singleturn|p1a: Wo-Chien|Protect
|-prepare|p2a: Slowking|Chilly Reception|[premajor]
|move|p2a: Slowking|Chilly Reception|p2a: Slowking
|-weather|Snowscape
|
|t:|1769349402
|switch|p2a: Cyclizar|Cyclizar, M|68/100|[from] Chilly Reception
|
|-weather|Snowscape|[upkeep]
|-heal|p1a: Wo-Chien|52/100|[from] item: Leftovers
|upkeep
|turn|38
|
|t:|1769349420
|move|p2a: Cyclizar|U-turn|p1a: Wo-Chien
|-supereffective|p1a: Wo-Chien
|-end|p1a: Wo-Chien|Substitute
|
|t:|1769349423
|switch|p2a: Slowking|Slowking-Galar, M, tera:Water|100/100|[from] U-turn
|move|p1a: Wo-Chien|Leech Seed|p2a: Slowking|[miss]
|-miss|p1a: Wo-Chien|p2a: Slowking
|
|-weather|Snowscape|[upkeep]
|-heal|p1a: Wo-Chien|58/100|[from] item: Leftovers
|upkeep
|turn|39
|
|t:|1769349443
|move|p1a: Wo-Chien|Leech Seed|p2a: Slowking
|-start|p2a: Slowking|move: Leech Seed
|-prepare|p2a: Slowking|Chilly Reception|[premajor]
|move|p2a: Slowking|Chilly Reception|p2a: Slowking
|
|t:|1769349448
|switch|p2a: Cyclizar|Cyclizar, M|100/100|[from] Chilly Reception
|
|-weather|Snowscape|[upkeep]
|-heal|p1a: Wo-Chien|64/100|[from] item: Leftovers
|upkeep
|turn|40
|
|t:|1769349462
|move|p1a: Wo-Chien|Protect|p1a: Wo-Chien
|-singleturn|p1a: Wo-Chien|Protect
|move|p2a: Cyclizar|Knock Off|p1a: Wo-Chien
|-activate|p1a: Wo-Chien|move: Protect
|
|-weather|Snowscape|[upkeep]
|-heal|p1a: Wo-Chien|70/100|[from] item: Leftovers
|upkeep
|turn|41
|inactive|aplyw has 120 seconds left.
|
|t:|1769349499
|move|p2a: Cyclizar|Knock Off|p1a: Wo-Chien
|-resisted|p1a: Wo-Chien
|-damage|p1a: Wo-Chien|64/100
|-enditem|p1a: Wo-Chien|Leftovers|[from] move: Knock Off|[of] p2a: Cyclizar
|move|p1a: Wo-Chien|Leech Seed|p2a: Cyclizar
|-start|p2a: Cyclizar|move: Leech Seed
|
|-weather|none
|-damage|p2a: Cyclizar|88/100|[from] Leech Seed|[of] p1a: Wo-Chien
|-heal|p1a: Wo-Chien|75/100|[silent]
|upkeep
|turn|42
|inactive|aplyw has 120 seconds left.
|
|t:|1769349516
|switch|p2a: Slowking|Slowking-Galar, M, tera:Water|100/100
|switch|p1a: Ogerpon|Ogerpon-Wellspring-Tera, F, tera:Water|28/100
|-ability|p1a: Ogerpon|Embody Aspect (Wellspring)|boost
|-boost|p1a: Ogerpon|spd|1
|
|upkeep
|turn|43
|
|t:|1769349534
|switch|p2a: Cyclizar|Cyclizar, M|100/100
|move|p1a: Ogerpon|Ivy Cudgel|p2a: Cyclizar|[anim] Ivy Cudgel Water
|-resisted|p2a: Cyclizar
|-damage|p2a: Cyclizar|47/100
|
|upkeep
|turn|44
|
|t:|1769349544
|move|p2a: Cyclizar|Draco Meteor|p1a: Ogerpon|[miss]
|-miss|p2a: Cyclizar|p1a: Ogerpon
|move|p1a: Ogerpon|Ivy Cudgel|p2a: Cyclizar|[anim] Ivy Cudgel Water
|-resisted|p2a: Cyclizar
|-damage|p2a: Cyclizar|0 fnt
|faint|p2a: Cyclizar
|
|upkeep
|
|t:|1769349555
|switch|p2a: Ogerpon|Ogerpon-Cornerstone, F|100/100
|turn|45
|
|t:|1769349577
|move|p2a: Ogerpon|Horn Leech|p1a: Ogerpon
|-supereffective|p1a: Ogerpon
|-damage|p1a: Ogerpon|0 fnt
|faint|p1a: Ogerpon
|detailschange|p1: Ogerpon|Ogerpon-Wellspring, F|[silent]
|
|upkeep
|
|t:|1769349582
|switch|p1a: Wo-Chien|Wo-Chien|75/100
|-ability|p1a: Wo-Chien|Tablets of Ruin
|turn|46
|
|t:|1769349588
|move|p2a: Ogerpon|Ivy Cudgel|p1a: Wo-Chien|[anim] Ivy Cudgel Rock
|-damage|p1a: Wo-Chien|38/100
|move|p1a: Wo-Chien|Knock Off|p2a: Ogerpon
|-damage|p2a: Ogerpon|75/100
|
|upkeep
|turn|47
|-message|aplyw forfeited.
|
|win|Mortifi
|raw|aplyw's rating: 1472 &rarr; <strong>1456</strong><br />(-16 for losing)
|raw|Mortifi's rating: 1550 &rarr; <strong>1566</strong><br />(+16 for winning)
|l|☆aplyw
|player|p1|
|l|☆Mortifi
|player|p2|
