|j|☆Flameorbjolt
|j|☆Xv innnnn
|t:|1769328257
|gametype|singles
|player|p1|Flameorbjolt|twins-gen4|1338
|player|p2|Xv innnnn|hilbert|1383
|gen|9
|tier|[Gen 9] OU
|rated|
|rule|HP Percentage Mod: HP is shown in percentages
|rule|Endless Battle Clause: Forcing endless battles is banned
|rule|Species Clause: Limit one of each Pokémon
|rule|OHKO Clause: OHKO moves are banned
|rule|Evasion Items Clause: Evasion items are banned
|rule|Evasion Moves Clause: Evasion moves are banned
|rule|Evasion Abilities Clause: Evasion abilities are banned
|rule|Sleep Moves Clause: Sleep-inducing moves are banned
|clearpoke
|poke|p1|Medicham, F|
|poke|p1|Corviknight, F|
|poke|p1|Iron Treads|
|poke|p1|Darkrai|
|poke|p1|Pecharunt|
|poke|p1|Ogerpon-Wellspring, F|
|poke|p2|Pelipper, M|
|poke|p2|Barraskewda, F|
|poke|p2|Hoopa-Unbound|
|poke|p2|Samurott-Hisui, M|
|poke|p2|Zapdos|
|poke|p2|Pecharunt|
|teampreview
|
|t:|1769328266
|teamsize|p1|6
|teamsize|p2|6
|start
|switch|p1a: Iron Treads|Iron Treads|100/100
|switch|p2a: Pecharunt|Pecharunt|100/100
|turn|1
|inactive|Battle timer is ON: inactive players will automatically lose when time's up. (requested by Xv innnnn)
|
|t:|1769328273
|switch|p2a: Pelipper|Pelipper, M|100/100
|-weather|RainDance|[from] ability: Drizzle|[of] p2a: Pelipper
|move|p1a: Iron Treads|Earth Power|p2a: Pelipper
|-immune|p2a: Pelipper
|
|-weather|RainDance|[upkeep]
|upkeep
|turn|2
|
|t:|1769328284
|move|p1a: Iron Treads|Volt Switch|p2a: Pelipper
|-supereffective|p2a: Pelipper
|-damage|p2a: Pelipper|42/100
|
|t:|1769328291
|-end|p1a: Iron Treads|Quark Drive|[silent]
|switch|p1a: Corviknight|Corviknight, F|100/100|[from] Volt Switch
|-ability|p1a: Corviknight|Pressure
|move|p2a: Pelipper|U-turn|p1a: Corviknight
|-resisted|p1a: Corviknight
|-damage|p1a: Corviknight|99/100
|-enditem|p1a: Corviknight|Eject Button
|
|t:|1769328296
|switch|p1a: Darkrai|Darkrai|100/100
|
|-weather|RainDance|[upkeep]
|upkeep
|turn|3
|
|t:|1769328310
|switch|p2a: Samurott|Samurott-Hisui, M|100/100
|move|p1a: Darkrai|Dark Pulse|p2a: Samurott
|-resisted|p2a: Samurott
|-damage|p2a: Samurott|53/100
|
|-weather|RainDance|[upkeep]
|upkeep
|turn|4
|
|t:|1769328338
|switch|p1a: Corviknight|Corviknight, F|99/100
|-ability|p1a: Corviknight|Pressure
|move|p2a: Samurott|Sacred Sword|p1a: Corviknight
|-damage|p1a: Corviknight|74/100
|
|-weather|RainDance|[upkeep]
|upkeep
|turn|5
|
|t:|1769328349
|switch|p2a: Zapdos|Zapdos|100/100
|move|p1a: Corviknight|U-turn|p2a: Zapdos
|-resisted|p2a: Zapdos
|-damage|p2a: Zapdos|92/100
|
|t:|1769328356
|switch|p1a: Darkrai|Darkrai|100/100|[from] U-turn
|
|-weather|RainDance|[upkeep]
|upkeep
|turn|6
|
|t:|1769328371
|switch|p2a: Barraskewda|Barraskewda, F|100/100
|move|p1a: Darkrai|Ice Beam|p2a: Barraskewda
|-resisted|p2a: Barraskewda
|-damage|p2a: Barraskewda|49/100
|
|-weather|RainDance|[upkeep]
|upkeep
|turn|7
|
|t:|1769328380
|switch|p1a: Pecharunt|Pecharunt|100/100
|move|p2a: Barraskewda|Close Combat|p1a: Pecharunt
|-immune|p1a: Pecharunt
|
|-weather|RainDance|[upkeep]
|upkeep
|turn|8
|
|t:|1769328390
|switch|p2a: Hoopa|Hoopa-Unbound|100/100
|move|p1a: Pecharunt|Parting Shot|p2a: Hoopa
|-unboost|p2a: Hoopa|atk|1
|-unboost|p2a: Hoopa|spa|1
|
|t:|1769328412
|switch|p1a: Medicham|Medicham, F|100/100|[from] Parting Shot
|
|-weather|none
|upkeep
|turn|9
|
|t:|1769328428
|switch|p2a: Pecharunt|Pecharunt|100/100
|move|p1a: Medicham|Zen Headbutt|p2a: Pecharunt
|-supereffective|p2a: Pecharunt
|-damage|p2a: Pecharunt|1/100
|
|-heal|p2a: Pecharunt|7/100|[from] item: Leftovers
|upkeep
|turn|10
|
|t:|1769328439
|switch|p1a: Corviknight|Corviknight, F|74/100
|-ability|p1a: Corviknight|Pressure
|switch|p2a: Samurott|Samurott-Hisui, M|53/100
|
|upkeep
|turn|11
|
|t:|1769328451
|move|p2a: Samurott|Ceaseless Edge|p1a: Corviknight
|-damage|p1a: Corviknight|46/100
|-sidestart|p1: Flameorbjolt|Spikes
|move|p1a: Corviknight|U-turn|p2a: Samurott
|-supereffective|p2a: Samurott
|-damage|p2a: Samurott|19/100
|
|t:|1769328465
|switch|p1a: Iron Treads|Iron Treads|100/100|[from] U-turn
|-damage|p1a: Iron Treads|88/100|[from] Spikes
|
|upkeep
|turn|12
|
|t:|1769328472
|switch|p2a: Pelipper|Pelipper, M|42/100
|-weather|RainDance|[from] ability: Drizzle|[of] p2a: Pelipper
|move|p1a: Iron Treads|Rapid Spin|p2a: Pelipper
|-damage|p2a: Pelipper|31/100
|-boost|p1a: Iron Treads|spe|1
|-sideend|p1: Flameorbjolt|Spikes|[from] move: Rapid Spin|[of] p1a: Iron Treads
|
|-weather|RainDance|[upkeep]
|upkeep
|turn|13
|
|t:|1769328485
|switch|p2a: Zapdos|Zapdos|92/100
|move|p1a: Iron Treads|Volt Switch|p2a: Zapdos
|-damage|p2a: Zapdos|80/100
|
|t:|1769328494
|-end|p1a: Iron Treads|Quark Drive|[silent]
|switch|p1a: Darkrai|Darkrai|100/100|[from] Volt Switch
|
|-weather|RainDance|[upkeep]
|upkeep
|turn|14
|
|t:|1769328502
|move|p1a: Darkrai|Ice Beam|p2a: Zapdos
|-supereffective|p2a: Zapdos
|-damage|p2a: Zapdos|0 fnt
|faint|p2a: Zapdos
|
|-weather|RainDance|[upkeep]
|upkeep
|
|t:|1769328512
|switch|p2a: Samurott|Samurott-Hisui, M|19/100
|turn|15
|
|t:|1769328516
|move|p2a: Samurott|Razor Shell|p1a: Darkrai
|-crit|p1a: Darkrai
|-damage|p1a: Darkrai|0 fnt
|faint|p1a: Darkrai
|
|-weather|RainDance|[upkeep]
|upkeep
|
|t:|1769328521
|switch|p1a: Ogerpon|Ogerpon-Wellspring, F|100/100
|turn|16
|
|t:|1769328531
|switch|p2a: Pecharunt|Pecharunt|7/100
|move|p1a: Ogerpon|Knock Off|p2a: Pecharunt
|-supereffective|p2a: Pecharunt
|-damage|p2a: Pecharunt|0 fnt
|-enditem|p2a: Pecharunt|Leftovers|[from] move: Knock Off|[of] p1a: Ogerpon
|faint|p2a: Pecharunt
|
|-weather|RainDance|[upkeep]
|upkeep
|
|t:|1769328542
|switch|p2a: Samurott|Samurott-Hisui, M|19/100
|turn|17
|
|t:|1769328548
|switch|p1a: Medicham|Medicham, F|100/100
|move|p2a: Samurott|Ceaseless Edge|p1a: Medicham
|-damage|p1a: Medicham|28/100
|-sidestart|p1: Flameorbjolt|Spikes
|
|-weather|RainDance|[upkeep]
|upkeep
|turn|18
|
|t:|1769328558
|move|p1a: Medicham|Bullet Punch|p2a: Samurott
|-resisted|p2a: Samurott
|-damage|p2a: Samurott|3/100
|move|p2a: Samurott|Ceaseless Edge|p1a: Medicham
|-damage|p1a: Medicham|0 fnt
|-sidestart|p1: Flameorbjolt|Spikes
|faint|p1a: Medicham
|
|-weather|RainDance|[upkeep]
|upkeep
|
|t:|1769328562
|switch|p1a: Corviknight|Corviknight, F|46/100
|-ability|p1a: Corviknight|Pressure
|turn|19
|
|t:|1769328572
|move|p2a: Samurott|Ceaseless Edge|p1a: Corviknight
|-damage|p1a: Corviknight|19/100
|-sidestart|p1: Flameorbjolt|Spikes
|move|p1a: Corviknight|Roost|p1a: Corviknight
|-heal|p1a: Corviknight|69/100
|-singleturn|p1a: Corviknight|move: Roost
|
|-weather|none
|upkeep
|turn|20
|
|t:|1769328583
|switch|p2a: Pelipper|Pelipper, M|31/100
|-weather|RainDance|[from] ability: Drizzle|[of] p2a: Pelipper
|move|p1a: Corviknight|Defog|p2a: Pelipper
|-unboost|p2a: Pelipper|evasion|1
|-sideend|p1: Flameorbjolt|Spikes|[from] move: Defog|[of] p1a: Corviknight
|
|-weather|RainDance|[upkeep]
|upkeep
|turn|21
|
|t:|1769328593
|move|p1a: Corviknight|U-turn|p2a: Pelipper
|-resisted|p2a: Pelipper
|-damage|p2a: Pelipper|24/100
|
|t:|1769328603
|switch|p1a: Pecharunt|Pecharunt|100/100|[from] U-turn
|move|p2a: Pelipper|U-turn|p1a: Pecharunt
|-resisted|p1a: Pecharunt
|-damage|p1a: Pecharunt|99/100
|
|t:|1769328610
|switch|p2a: Hoopa|Hoopa-Unbound|100/100|[from] U-turn
|
|-weather|RainDance|[upkeep]
|upkeep
|turn|22
|
|t:|1769328621
|move|p2a: Hoopa|Hyperspace Fury|p1a: Pecharunt
|-supereffective|p1a: Pecharunt
|-damage|p1a: Pecharunt|13/100
|-unboost|p2a: Hoopa|def|1
|move|p1a: Pecharunt|Parting Shot|p2a: Hoopa
|-unboost|p2a: Hoopa|atk|1
|-unboost|p2a: Hoopa|spa|1
|
|t:|1769328626
|switch|p1a: Corviknight|Corviknight, F|69/100|[from] Parting Shot
|-ability|p1a: Corviknight|Pressure
|
|-weather|RainDance|[upkeep]
|upkeep
|turn|23
|
|t:|1769328637
|-terastallize|p2a: Hoopa|Dark
|move|p2a: Hoopa|Hyperspace Fury|p1a: Corviknight
|-damage|p1a: Corviknight|20/100
|-unboost|p2a: Hoopa|def|1
|move|p1a: Corviknight|U-turn|p2a: Hoopa
|-supereffective|p2a: Hoopa
|-damage|p2a: Hoopa|9/100
|
|t:|1769328650
|switch|p1a: Iron Treads|Iron Treads|88/100|[from] U-turn
|
|-weather|RainDance|[upkeep]
|upkeep
|turn|24
|
|t:|1769328664
|move|p1a: Iron Treads|Volt Switch|p2a: Hoopa
|-damage|p2a: Hoopa|0 fnt
|faint|p2a: Hoopa
|
|t:|1769328677
|-end|p1a: Iron Treads|Quark Drive|[silent]
|switch|p1a: Ogerpon|Ogerpon-Wellspring, F|100/100|[from] Volt Switch
|
|-weather|RainDance|[upkeep]
|upkeep
|
|t:|1769328685
|switch|p2a: Samurott|Samurott-Hisui, M|3/100
|turn|25
|
|t:|1769328689
|switch|p1a: Pecharunt|Pecharunt|13/100
|move|p2a: Samurott|Ceaseless Edge|p1a: Pecharunt
|-supereffective|p1a: Pecharunt
|-damage|p1a: Pecharunt|0 fnt
|-sidestart|p1: Flameorbjolt|Spikes
|faint|p1a: Pecharunt
|
|-weather|RainDance|[upkeep]
|upkeep
|
|t:|1769328693
|switch|p1a: Iron Treads|Iron Treads|88/100
|-damage|p1a: Iron Treads|76/100|[from] Spikes
|turn|26
|
|t:|1769328704
|move|p2a: Samurott|Ceaseless Edge|p1a: Iron Treads
|-damage|p1a: Iron Treads|37/100
|-sidestart|p1: Flameorbjolt|Spikes
|-enditem|p1a: Iron Treads|Eject Button
|
|t:|1769328710
|-end|p1a: Iron Treads|Quark Drive|[silent]
|switch|p1a: Ogerpon|Ogerpon-Wellspring, F|100/100
|-damage|p1a: Ogerpon|84/100|[from] Spikes
|
|-weather|RainDance|[upkeep]
|upkeep
|turn|27
|
|t:|1769328721
|move|p2a: Samurott|Ceaseless Edge|p1a: Ogerpon
|-damage|p1a: Ogerpon|22/100
|-sidestart|p1: Flameorbjolt|Spikes
|move|p1a: Ogerpon|U-turn|p2a: Samurott
|-supereffective|p2a: Samurott
|-damage|p2a: Samurott|0 fnt
|faint|p2a: Samurott
|
|t:|1769328731
|switch|p1a: Iron Treads|Iron Treads|37/100|[from] U-turn
|-damage|p1a: Iron Treads|12/100|[from] Spikes
|
|-weather|none
|upkeep
|
|t:|1769328738
|switch|p2a: Pelipper|Pelipper, M|24/100
|-weather|RainDance|[from] ability: Drizzle|[of] p2a: Pelipper
|turn|28
|
|t:|1769328745
|move|p1a: Iron Treads|Rapid Spin|p2a: Pelipper
|-damage|p2a: Pelipper|11/100
|-boost|p1a: Iron Treads|spe|1
|-sideend|p1: Flameorbjolt|Spikes|[from] move: Rapid Spin|[of] p1a: Iron Treads
|move|p2a: Pelipper|Weather Ball|p1a: Iron Treads
|-supereffective|p1a: Iron Treads
|-damage|p1a: Iron Treads|0 fnt
|faint|p1a: Iron Treads
|-end|p1a: Iron Treads|Quark Drive|[silent]
|
|-weather|RainDance|[upkeep]
|upkeep
|
|t:|1769328750
|switch|p1a: Corviknight|Corviknight, F|20/100
|-ability|p1a: Corviknight|Pressure
|turn|29
|
|t:|1769328760
|-terastallize|p1a: Corviknight|Dragon
|move|p1a: Corviknight|Roost|p1a: Corviknight
|-heal|p1a: Corviknight|70/100
|move|p2a: Pelipper|Hurricane|p1a: Corviknight
|-damage|p1a: Corviknight|36/100
|
|-weather|RainDance|[upkeep]
|upkeep
|turn|30
|
|t:|1769328771
|move|p1a: Corviknight|Roost|p1a: Corviknight
|-heal|p1a: Corviknight|86/100
|move|p2a: Pelipper|Hurricane|p1a: Corviknight
|-damage|p1a: Corviknight|53/100
|-start|p1a: Corviknight|confusion
|
|-weather|RainDance|[upkeep]
|upkeep
|turn|31
|
|t:|1769328782
|switch|p2a: Barraskewda|Barraskewda, F|49/100
|-activate|p1a: Corviknight|confusion
|-damage|p1a: Corviknight|49/100|[from] confusion
|
|-weather|RainDance|[upkeep]
|upkeep
|turn|32
|
|t:|1769328793
|move|p2a: Barraskewda|Close Combat|p1a: Corviknight
|-damage|p1a: Corviknight|6/100
|-unboost|p2a: Barraskewda|def|1
|-unboost|p2a: Barraskewda|spd|1
|-end|p1a: Corviknight|confusion
|move|p1a: Corviknight|Brave Bird|p2a: Barraskewda
|-damage|p2a: Barraskewda|0 fnt
|faint|p2a: Barraskewda
|-damage|p1a: Corviknight|0 fnt|[from] Recoil
|faint|p1a: Corviknight
|
|-weather|RainDance|[upkeep]
|upkeep
|c|☆Flameorbjolt|gg
|-message|Xv innnnn forfeited.
|
|win|Flameorbjolt
|raw|Flameorbjolt's rating: 1338 &rarr; <strong>1361</strong><br />(+23 for winning)
|raw|Xv innnnn's rating: 1383 &rarr; <strong>1360</strong><br />(-23 for losing)
|l|☆Xv innnnn
|player|p2|
