|j|☆Zz111111
|j|☆LbozoratioL
|t:|1769333104
|gametype|singles
|player|p1|Zz111111|170|1277
|player|p2|LbozoratioL|265|1321
|gen|9
|tier|[Gen 9] OU
|rated|
|rule|HP Percentage Mod: HP is shown in percentages
|rule|Endless Battle Clause: Forcing endless battles is banned
|rule|Species Clause: Limit one of each Pokémon
|rule|OHKO Clause: OHKO moves are banned
|rule|Evasion Items Clause: Evasion items are banned
|rule|Evasion Moves Clause: Evasion moves are banned
|rule|Evasion Abilities Clause: Evasion abilities are banned
|rule|Sleep Moves Clause: Sleep-inducing moves are banned
|clearpoke
|poke|p1|Alomomola, M|
|poke|p1|Slowking-Galar, M|
|poke|p1|Incineroar, M|
|poke|p1|Great Tusk|
|poke|p1|Kyurem|
|poke|p1|Gliscor, F|
|poke|p2|Meowscarada, M|
|poke|p2|Corviknight, M|
|poke|p2|Primarina, M|
|poke|p2|Maushold-Four|
|poke|p2|Dondozo, M|
|poke|p2|Kingambit, F|
|teampreview
|inactive|Battle timer is ON: inactive players will automatically lose when time's up. (requested by LbozoratioL)
|
|t:|1769333123
|teamsize|p1|6
|teamsize|p2|6
|start
|switch|p1a: Gliscor|Gliscor, F|100/100
|switch|p2a: Maushold|Maushold-Four|100/100
|turn|1
|
|t:|1769333139
|move|p2a: Maushold|Population Bomb|p1a: Gliscor
|-damage|p1a: Gliscor|91/100
|-damage|p1a: Gliscor|83/100
|-damage|p1a: Gliscor|74/100
|-hitcount|p1a: Gliscor|3
|move|p1a: Gliscor|Earthquake|p2a: Maushold
|-crit|p2a: Maushold
|-damage|p2a: Maushold|0 fnt
|faint|p2a: Maushold
|
|-status|p1a: Gliscor|tox|[from] item: Toxic Orb
|upkeep
|
|t:|1769333149
|switch|p2a: Meowscarada|Meowscarada, M|100/100
|turn|2
|inactive|Zz111111 has 120 seconds left.
|
|t:|1769333190
|switch|p1a: Alomomola|Alomomola, M|100/100
|move|p2a: Meowscarada|Triple Axel|p1a: Alomomola
|-start|p2a: Meowscarada|typechange|Ice|[from] ability: Protean
|-resisted|p1a: Alomomola
|-damage|p1a: Alomomola|96/100
|-resisted|p1a: Alomomola
|-damage|p1a: Alomomola|88/100
|-resisted|p1a: Alomomola
|-damage|p1a: Alomomola|75/100
|-hitcount|p1a: Alomomola|3
|
|upkeep
|turn|3
|
|t:|1769333205
|switch|p2a: Dondozo|Dondozo, M|100/100
|move|p1a: Alomomola|Flip Turn|p2a: Dondozo
|-resisted|p2a: Dondozo
|-damage|p2a: Dondozo|97/100
|
|t:|1769333216
|switch|p1a: Slowking|Slowking-Galar, M|100/100|[from] Flip Turn
|
|-heal|p2a: Dondozo|100/100|[from] item: Leftovers
|upkeep
|turn|4
|
|t:|1769333232
|move|p2a: Dondozo|Curse|p2a: Dondozo
|-unboost|p2a: Dondozo|spe|1
|-boost|p2a: Dondozo|atk|1
|-boost|p2a: Dondozo|def|1
|move|p1a: Slowking|Future Sight|p2a: Dondozo
|-start|p1a: Slowking|move: Future Sight
|
|upkeep
|turn|5
|
|t:|1769333240
|move|p2a: Dondozo|Curse|p2a: Dondozo
|-unboost|p2a: Dondozo|spe|1
|-boost|p2a: Dondozo|atk|1
|-boost|p2a: Dondozo|def|1
|move|p1a: Slowking|Toxic|p2a: Dondozo
|-status|p2a: Dondozo|tox
|
|-damage|p2a: Dondozo|94/100 tox|[from] psn
|upkeep
|turn|6
|
|t:|1769333251
|move|p1a: Slowking|Sludge Bomb|p2a: Dondozo
|-damage|p2a: Dondozo|61/100 tox
|move|p2a: Dondozo|Wave Crash|p1a: Slowking
|-damage|p1a: Slowking|12/100
|-damage|p2a: Dondozo|38/100 tox|[from] Recoil
|
|-end|p2a: Dondozo|move: Future Sight
|-damage|p2a: Dondozo|0 fnt
|faint|p2a: Dondozo
|-heal|p1a: Slowking|18/100|[from] item: Leftovers
|upkeep
|
|t:|1769333258
|switch|p2a: Meowscarada|Meowscarada, M|100/100
|turn|7
|inactive|Zz111111 has 120 seconds left.
|
|t:|1769333269
|switch|p1a: Gliscor|Gliscor, F|74/100 tox
|move|p2a: Meowscarada|U-turn|p1a: Gliscor
|-start|p2a: Meowscarada|typechange|Bug|[from] ability: Protean
|-resisted|p1a: Gliscor
|-damage|p1a: Gliscor|54/100 tox
|
|t:|1769333275
|switch|p2a: Primarina|Primarina, M|100/100|[from] U-turn
|
|-heal|p1a: Gliscor|66/100 tox|[from] ability: Poison Heal
|upkeep
|turn|8
|inactive|Zz111111 has 120 seconds left.
|inactive|Zz111111 has 90 seconds left.
|
|t:|1769333324
|switch|p1a: Alomomola|Alomomola, M|100/100
|move|p2a: Primarina|Psychic Noise|p1a: Alomomola
|-resisted|p1a: Alomomola
|-damage|p1a: Alomomola|82/100
|-start|p1a: Alomomola|move: Heal Block
|
|upkeep
|turn|9
|inactive|Zz111111 has 90 seconds left.
|
|t:|1769333339
|move|p2a: Primarina|Substitute|p2a: Primarina
|-start|p2a: Primarina|Substitute
|-damage|p2a: Primarina|76/100
|move|p1a: Alomomola|Flip Turn|p2a: Primarina
|-resisted|p2a: Primarina
|-activate|p2a: Primarina|move: Substitute|[damage]
|
|t:|1769333361
|switch|p1a: Slowking|Slowking-Galar, M|52/100|[from] Flip Turn
|
|-heal|p2a: Primarina|82/100|[from] item: Leftovers
|-heal|p1a: Slowking|58/100|[from] item: Leftovers
|upkeep
|turn|10
|
|t:|1769333375
|move|p2a: Primarina|Psychic Noise|p1a: Slowking
|-damage|p1a: Slowking|33/100
|-start|p1a: Slowking|move: Heal Block
|move|p1a: Slowking|Sludge Bomb|p2a: Primarina
|-supereffective|p2a: Primarina
|-end|p2a: Primarina|Substitute
|
|-heal|p2a: Primarina|88/100|[from] item: Leftovers
|upkeep
|turn|11
|
|t:|1769333384
|switch|p2a: Corviknight|Corviknight, M|100/100
|-ability|p2a: Corviknight|Pressure
|move|p1a: Slowking|Sludge Bomb|p2a: Corviknight
|-immune|p2a: Corviknight
|
|-end|p1a: Slowking|move: Heal Block
|upkeep
|turn|12
|inactive|Zz111111 has 90 seconds left.
|inactive|LbozoratioL has 120 seconds left.
|
|t:|1769333418
|switch|p1a: Incineroar|Incineroar, M|100/100
|-ability|p1a: Incineroar|Intimidate|boost
|-unboost|p2a: Corviknight|atk|1
|move|p2a: Corviknight|Body Press|p1a: Incineroar
|-supereffective|p1a: Incineroar
|-damage|p1a: Incineroar|48/100
|
|upkeep
|turn|13
|
|t:|1769333431
|switch|p1a: Alomomola|Alomomola, M|100/100
|move|p2a: Corviknight|Body Press|p1a: Alomomola
|-damage|p1a: Alomomola|85/100
|
|upkeep
|turn|14
|
|t:|1769333435
|switch|p2a: Meowscarada|Meowscarada, M|100/100
|move|p1a: Alomomola|Wish|p1a: Alomomola
|
|upkeep
|turn|15
|
|t:|1769333443
|move|p2a: Meowscarada|Flower Trick|p1a: Alomomola
|-start|p2a: Meowscarada|typechange|Grass|[from] ability: Protean
|-supereffective|p1a: Alomomola
|-crit|p1a: Alomomola
|-damage|p1a: Alomomola|0 fnt
|faint|p1a: Alomomola
|
|upkeep
|inactive|Zz111111 has 90 seconds left.
|
|t:|1769333465
|switch|p1a: Kyurem|Kyurem|100/100
|-ability|p1a: Kyurem|Pressure
|turn|16
|
|t:|1769333480
|switch|p2a: Kingambit|Kingambit, F|100/100
|-activate|p2a: Kingambit|ability: Supreme Overlord
|-start|p2a: Kingambit|fallen2|[silent]
|move|p1a: Kyurem|Ice Beam|p2a: Kingambit
|-resisted|p2a: Kingambit
|-damage|p2a: Kingambit|77/100
|
|upkeep
|turn|17
|inactive|Zz111111 has 90 seconds left.
|
|t:|1769333499
|switch|p1a: Great Tusk|Great Tusk|100/100
|move|p2a: Kingambit|Iron Head|p1a: Great Tusk
|-damage|p1a: Great Tusk|61/100
|
|upkeep
|turn|18
|inactive|Zz111111 has 90 seconds left.
|
|t:|1769333509
|-end|p2a: Kingambit|fallen2|[silent]
|switch|p2a: Corviknight|Corviknight, M|100/100
|-ability|p2a: Corviknight|Pressure
|move|p1a: Great Tusk|Close Combat|p2a: Corviknight
|-damage|p2a: Corviknight|44/100
|-unboost|p1a: Great Tusk|def|1
|-unboost|p1a: Great Tusk|spd|1
|
|-heal|p2a: Corviknight|50/100|[from] item: Leftovers
|upkeep
|turn|19
|inactive|Zz111111 has 90 seconds left.
|
|t:|1769333518
|move|p1a: Great Tusk|Close Combat|p2a: Corviknight
|-damage|p2a: Corviknight|0 fnt
|-unboost|p1a: Great Tusk|def|1
|-unboost|p1a: Great Tusk|spd|1
|faint|p2a: Corviknight
|
|upkeep
|
|t:|1769333523
|switch|p2a: Meowscarada|Meowscarada, M|100/100
|turn|20
|inactive|Zz111111 has 90 seconds left.
|
|t:|1769333558
|-end|p1a: Great Tusk|Protosynthesis|[silent]
|switch|p1a: Gliscor|Gliscor, F|66/100 tox
|move|p2a: Meowscarada|Flower Trick|p1a: Gliscor
|-start|p2a: Meowscarada|typechange|Grass|[from] ability: Protean
|-crit|p1a: Gliscor
|-damage|p1a: Gliscor|5/100 tox
|
|-heal|p1a: Gliscor|17/100 tox|[from] ability: Poison Heal
|upkeep
|turn|21
|
|t:|1769333565
|move|p2a: Meowscarada|Flower Trick|p1a: Gliscor
|-crit|p1a: Gliscor
|-damage|p1a: Gliscor|0 fnt
|faint|p1a: Gliscor
|
|upkeep
|
|t:|1769333570
|switch|p1a: Kyurem|Kyurem|100/100
|-ability|p1a: Kyurem|Pressure
|turn|22
|
|t:|1769333586
|switch|p2a: Primarina|Primarina, M|88/100
|move|p1a: Kyurem|Freeze-Dry|p2a: Primarina
|-supereffective|p2a: Primarina
|-damage|p2a: Primarina|25/100
|
|-heal|p2a: Primarina|31/100|[from] item: Leftovers
|upkeep
|turn|23
|
|t:|1769333596
|move|p1a: Kyurem|Freeze-Dry|p2a: Primarina
|-supereffective|p2a: Primarina
|-damage|p2a: Primarina|0 fnt
|faint|p2a: Primarina
|
|upkeep
|
|t:|1769333598
|switch|p2a: Kingambit|Kingambit, F|77/100
|-activate|p2a: Kingambit|ability: Supreme Overlord
|-start|p2a: Kingambit|fallen4|[silent]
|turn|24
|inactive|Zz111111 has 90 seconds left.
|
|t:|1769333611
|switch|p1a: Incineroar|Incineroar, M|48/100
|-ability|p1a: Incineroar|Intimidate|boost
|-unboost|p2a: Kingambit|atk|1
|move|p2a: Kingambit|Iron Head|p1a: Incineroar
|-resisted|p1a: Incineroar
|-crit|p1a: Incineroar
|-damage|p1a: Incineroar|0 fnt
|faint|p1a: Incineroar
|
|upkeep
|
|t:|1769333621
|switch|p1a: Great Tusk|Great Tusk|61/100
|turn|25
|
|t:|1769333637
|-terastallize|p2a: Kingambit|Flying
|move|p1a: Great Tusk|Close Combat|p2a: Kingambit
|-resisted|p2a: Kingambit
|-damage|p2a: Kingambit|42/100
|-unboost|p1a: Great Tusk|def|1
|-unboost|p1a: Great Tusk|spd|1
|move|p2a: Kingambit|Iron Head|p1a: Great Tusk
|-damage|p1a: Great Tusk|11/100
|
|upkeep
|turn|26
|
|t:|1769333647
|move|p2a: Kingambit|Sucker Punch|p1a: Great Tusk
|-resisted|p1a: Great Tusk
|-damage|p1a: Great Tusk|0 fnt
|faint|p1a: Great Tusk
|-end|p1a: Great Tusk|Protosynthesis|[silent]
|
|upkeep
|
|t:|1769333653
|switch|p1a: Kyurem|Kyurem|100/100
|-ability|p1a: Kyurem|Pressure
|turn|27
|
|t:|1769333657
|move|p2a: Kingambit|Sucker Punch|p1a: Kyurem
|-damage|p1a: Kyurem|65/100
|move|p1a: Kyurem|Ice Beam|p2a: Kingambit
|-supereffective|p2a: Kingambit
|-damage|p2a: Kingambit|0 fnt
|faint|p2a: Kingambit
|-end|p2a: Kingambit|fallen4|[silent]
|
|upkeep
|
|t:|1769333660
|switch|p2a: Meowscarada|Meowscarada, M|100/100
|turn|28
|
|t:|1769333664
|move|p1a: Kyurem|Ice Beam|p2a: Meowscarada
|-supereffective|p2a: Meowscarada
|-damage|p2a: Meowscarada|0 fnt
|faint|p2a: Meowscarada
|
|win|Zz111111
|raw|Zz111111's rating: 1277 &rarr; <strong>1305</strong><br />(+28 for winning)
|raw|LbozoratioL's rating: 1321 &rarr; <strong>1298</strong><br />(-23 for losing)
|l|☆LbozoratioL
|player|p2|
|l|☆Zz111111
|player|p1|
