|j|☆C. Eclipse
|j|☆apexacer
|t:|1769447840
|gametype|singles
|player|p1|C. Eclipse|koga|1627
|player|p2|apexacer|2|1709
|gen|9
|tier|[Gen 9] OU
|rated|
|rule|HP Percentage Mod: HP is shown in percentages
|rule|Endless Battle Clause: Forcing endless battles is banned
|rule|Species Clause: Limit one of each Pokémon
|rule|OHKO Clause: OHKO moves are banned
|rule|Evasion Items Clause: Evasion items are banned
|rule|Evasion Moves Clause: Evasion moves are banned
|rule|Evasion Abilities Clause: Evasion abilities are banned
|rule|Sleep Moves Clause: Sleep-inducing moves are banned
|clearpoke
|poke|p1|Dragonite, F|
|poke|p1|Gholdengo|
|poke|p1|Great Tusk|
|poke|p1|Tornadus-Therian, M|
|poke|p1|Glimmora, F|
|poke|p1|Kingambit, M|
|poke|p2|Indeedee, M|
|poke|p2|Kingambit, M|
|poke|p2|Polteageist|
|poke|p2|Grimmsnarl, M|
|poke|p2|Great Tusk|
|poke|p2|Kyurem|
|teampreview
|inactive|Battle timer is ON: inactive players will automatically lose when time's up. (requested by C. Eclipse)
|
|t:|1769447852
|teamsize|p1|6
|teamsize|p2|6
|start
|switch|p1a: Tornadus|Tornadus-Therian, M|100/100
|switch|p2a: Great Tusk|Great Tusk|100/100
|turn|1
|
|t:|1769447857
|-end|p2a: Great Tusk|Protosynthesis|[silent]
|switch|p2a: Kyurem|Kyurem|100/100
|-ability|p2a: Kyurem|Pressure
|move|p1a: Tornadus|Hurricane|p2a: Kyurem
|-damage|p2a: Kyurem|51/100
|
|upkeep
|turn|2
|
|t:|1769447864
|move|p2a: Kyurem|Freeze-Dry|p1a: Tornadus
|-supereffective|p1a: Tornadus
|-damage|p1a: Tornadus|40/100
|move|p1a: Tornadus|Knock Off|p2a: Kyurem
|-crit|p2a: Kyurem
|-damage|p2a: Kyurem|24/100
|-enditem|p2a: Kyurem|Choice Scarf|[from] move: Knock Off|[of] p1a: Tornadus
|
|upkeep
|turn|3
|
|t:|1769447878
|move|p1a: Tornadus|Hurricane|p2a: Kyurem
|-crit|p2a: Kyurem
|-damage|p2a: Kyurem|0 fnt
|faint|p2a: Kyurem
|
|upkeep
|
|t:|1769447887
|switch|p2a: Grimmsnarl|Grimmsnarl, M|100/100
|turn|4
|
|t:|1769447892
|move|p1a: Tornadus|Knock Off|p2a: Grimmsnarl
|-resisted|p2a: Grimmsnarl
|-crit|p2a: Grimmsnarl
|-damage|p2a: Grimmsnarl|92/100
|-enditem|p2a: Grimmsnarl|Light Clay|[from] move: Knock Off|[of] p1a: Tornadus
|move|p2a: Grimmsnarl|Spirit Break|p1a: Tornadus
|-damage|p1a: Tornadus|0 fnt
|faint|p1a: Tornadus
|
|upkeep
|
|t:|1769447895
|switch|p1a: Glimmora|Glimmora, F|100/100
|turn|5
|
|t:|1769447903
|move|p2a: Grimmsnarl|Light Screen|p2a: Grimmsnarl
|-sidestart|p2: apexacer|move: Light Screen
|move|p1a: Glimmora|Mortal Spin|p2a: Grimmsnarl
|-supereffective|p2a: Grimmsnarl
|-damage|p2a: Grimmsnarl|76/100
|-status|p2a: Grimmsnarl|psn
|
|-damage|p2a: Grimmsnarl|64/100 psn|[from] psn
|upkeep
|turn|6
|
|t:|1769447907
|move|p2a: Grimmsnarl|Thunder Wave|p1a: Glimmora
|-status|p1a: Glimmora|par
|move|p1a: Glimmora|Stealth Rock|p2a: Grimmsnarl
|-sidestart|p2: apexacer|move: Stealth Rock
|
|-damage|p2a: Grimmsnarl|51/100 psn|[from] psn
|upkeep
|turn|7
|
|t:|1769447912
|switch|p2a: Great Tusk|Great Tusk|100/100
|-damage|p2a: Great Tusk|98/100|[from] Stealth Rock
|move|p1a: Glimmora|Mortal Spin|p2a: Great Tusk
|-resisted|p2a: Great Tusk
|-damage|p2a: Great Tusk|95/100
|-status|p2a: Great Tusk|psn
|-damage|p1a: Glimmora|84/100 par|[from] item: Rocky Helmet|[of] p2a: Great Tusk
|
|-damage|p2a: Great Tusk|83/100 psn|[from] psn
|upkeep
|turn|8
|
|t:|1769447920
|switch|p1a: Gholdengo|Gholdengo|100/100
|move|p2a: Great Tusk|Stealth Rock|p1a: Gholdengo
|-sidestart|p1: C. Eclipse|move: Stealth Rock
|
|-damage|p2a: Great Tusk|71/100 psn|[from] psn
|upkeep
|turn|9
|
|t:|1769447927
|switch|p1a: Glimmora|Glimmora, F|84/100 par
|-damage|p1a: Glimmora|72/100 par|[from] Stealth Rock
|move|p2a: Great Tusk|Headlong Rush|p1a: Glimmora
|-supereffective|p1a: Glimmora
|-damage|p1a: Glimmora|0 fnt
|-unboost|p2a: Great Tusk|def|1
|-unboost|p2a: Great Tusk|spd|1
|-activate|p1a: Glimmora|ability: Toxic Debris
|-sidestart|p2: apexacer|move: Toxic Spikes
|faint|p1a: Glimmora
|
|-damage|p2a: Great Tusk|58/100 psn|[from] psn
|-sideend|p2: apexacer|move: Light Screen
|upkeep
|
|t:|1769447934
|switch|p1a: Gholdengo|Gholdengo|100/100
|-damage|p1a: Gholdengo|94/100|[from] Stealth Rock
|turn|10
|
|t:|1769447946
|-end|p2a: Great Tusk|Protosynthesis|[silent]
|switch|p2a: Grimmsnarl|Grimmsnarl, M|51/100 psn
|-damage|p2a: Grimmsnarl|39/100 psn|[from] Stealth Rock
|move|p1a: Gholdengo|Make It Rain|p2a: Grimmsnarl
|-supereffective|p2a: Grimmsnarl
|-damage|p2a: Grimmsnarl|0 fnt
|-unboost|p1a: Gholdengo|spa|1
|faint|p2a: Grimmsnarl
|
|upkeep
|
|t:|1769447959
|switch|p2a: Polteageist|Polteageist|100/100
|-damage|p2a: Polteageist|88/100|[from] Stealth Rock
|-status|p2a: Polteageist|psn
|turn|11
|
|t:|1769447966
|-terastallize|p2a: Polteageist|Fighting
|move|p1a: Gholdengo|Make It Rain|p2a: Polteageist
|-damage|p2a: Polteageist|37/100 psn
|-unboost|p1a: Gholdengo|spa|1
|-start|p1a: Gholdengo|Disable|Make It Rain|[from] ability: Cursed Body|[of] p2a: Polteageist
|move|p2a: Polteageist|Shell Smash|p2a: Polteageist
|-unboost|p2a: Polteageist|def|1
|-unboost|p2a: Polteageist|spd|1
|-boost|p2a: Polteageist|atk|2
|-boost|p2a: Polteageist|spa|2
|-boost|p2a: Polteageist|spe|2
|-enditem|p2a: Polteageist|White Herb
|-clearnegativeboost|p2a: Polteageist|[silent]
|
|-damage|p2a: Polteageist|25/100 psn|[from] psn
|upkeep
|turn|12
|
|t:|1769447974
|switch|p1a: Kingambit|Kingambit, M|100/100
|-damage|p1a: Kingambit|94/100|[from] Stealth Rock
|-activate|p1a: Kingambit|ability: Supreme Overlord
|-start|p1a: Kingambit|fallen2|[silent]
|move|p2a: Polteageist|Shadow Ball|p1a: Kingambit
|-resisted|p1a: Kingambit
|-damage|p1a: Kingambit|47/100
|-unboost|p1a: Kingambit|spd|1
|
|-heal|p1a: Kingambit|53/100|[from] item: Leftovers
|-damage|p2a: Polteageist|13/100 psn|[from] psn
|upkeep
|turn|13
|j| difashi 666
|l| difashi 666
|
|t:|1769447988
|move|p1a: Kingambit|Sucker Punch|p2a: Polteageist
|-resisted|p2a: Polteageist
|-damage|p2a: Polteageist|0 fnt
|faint|p2a: Polteageist
|
|-heal|p1a: Kingambit|59/100|[from] item: Leftovers
|upkeep
|j| snom_loved
|
|t:|1769447993
|switch|p2a: Great Tusk|Great Tusk|58/100 psn
|-damage|p2a: Great Tusk|55/100 psn|[from] Stealth Rock
|turn|14
|
|t:|1769447999
|-terastallize|p1a: Kingambit|Fairy
|move|p2a: Great Tusk|Headlong Rush|p1a: Kingambit
|-damage|p1a: Kingambit|9/100
|-unboost|p2a: Great Tusk|def|1
|-unboost|p2a: Great Tusk|spd|1
|move|p1a: Kingambit|Tera Blast|p2a: Great Tusk|[anim] Tera Blast Fairy
|-supereffective|p2a: Great Tusk
|-damage|p2a: Great Tusk|0 fnt
|faint|p2a: Great Tusk
|-end|p2a: Great Tusk|Protosynthesis|[silent]
|
|-heal|p1a: Kingambit|15/100|[from] item: Leftovers
|upkeep
|j| Invincii
|
|t:|1769448013
|switch|p2a: Indeedee|Indeedee, M|100/100
|-damage|p2a: Indeedee|88/100|[from] Stealth Rock
|-status|p2a: Indeedee|psn
|-fieldstart|move: Psychic Terrain|[from] ability: Psychic Surge|[of] p2a: Indeedee
|turn|15
|
|t:|1769448017
|-end|p1a: Kingambit|fallen2|[silent]
|switch|p1a: Gholdengo|Gholdengo|94/100
|-damage|p1a: Gholdengo|88/100|[from] Stealth Rock
|move|p2a: Indeedee|Expanding Force|p1a: Gholdengo
|-resisted|p1a: Gholdengo
|-damage|p1a: Gholdengo|50/100
|
|-damage|p2a: Indeedee|76/100 psn|[from] psn
|upkeep
|turn|16
|
|t:|1769448024
|move|p2a: Indeedee|Expanding Force|p1a: Gholdengo
|-resisted|p1a: Gholdengo
|-damage|p1a: Gholdengo|13/100
|move|p1a: Gholdengo|Recover|p1a: Gholdengo
|-heal|p1a: Gholdengo|63/100
|
|-damage|p2a: Indeedee|64/100 psn|[from] psn
|upkeep
|turn|17
|
|t:|1769448030
|move|p2a: Indeedee|Expanding Force|p1a: Gholdengo
|-resisted|p1a: Gholdengo
|-damage|p1a: Gholdengo|21/100
|move|p1a: Gholdengo|Recover|p1a: Gholdengo
|-heal|p1a: Gholdengo|71/100
|
|-damage|p2a: Indeedee|51/100 psn|[from] psn
|upkeep
|turn|18
|
|t:|1769448036
|switch|p2a: Kingambit|Kingambit, M|100/100
|-damage|p2a: Kingambit|94/100|[from] Stealth Rock
|-activate|p2a: Kingambit|ability: Supreme Overlord
|-start|p2a: Kingambit|fallen4|[silent]
|move|p1a: Gholdengo|Recover|p1a: Gholdengo
|-heal|p1a: Gholdengo|100/100
|
|upkeep
|turn|19
|
|t:|1769448043
|switch|p1a: Kingambit|Kingambit, M, tera:Fairy|15/100
|-damage|p1a: Kingambit|3/100|[from] Stealth Rock
|-activate|p1a: Kingambit|ability: Supreme Overlord
|-start|p1a: Kingambit|fallen2|[silent]
|move|p2a: Kingambit|Kowtow Cleave|p1a: Kingambit
|-resisted|p1a: Kingambit
|-damage|p1a: Kingambit|0 fnt
|faint|p1a: Kingambit
|-end|p1a: Kingambit|fallen2|[silent]
|
|-fieldend|move: Psychic Terrain
|upkeep
|
|t:|1769448046
|switch|p1a: Great Tusk|Great Tusk|100/100
|turn|20
|
|t:|1769448053
|move|p1a: Great Tusk|Bulk Up|p1a: Great Tusk
|-boost|p1a: Great Tusk|atk|1
|-boost|p1a: Great Tusk|def|1
|move|p2a: Kingambit|Iron Head|p1a: Great Tusk
|-damage|p1a: Great Tusk|72/100
|
|upkeep
|turn|21
|
|t:|1769448060
|-end|p2a: Kingambit|fallen4|[silent]
|switch|p2a: Indeedee|Indeedee, M|51/100 psn
|-damage|p2a: Indeedee|39/100 psn|[from] Stealth Rock
|-fieldstart|move: Psychic Terrain|[from] ability: Psychic Surge|[of] p2a: Indeedee
|move|p1a: Great Tusk|Rapid Spin|p2a: Indeedee
|-damage|p2a: Indeedee|0 fnt
|-boost|p1a: Great Tusk|spe|1
|-sideend|p1: C. Eclipse|Stealth Rock|[from] move: Rapid Spin|[of] p1a: Great Tusk
|faint|p2a: Indeedee
|
|upkeep
|
|t:|1769448068
|switch|p2a: Kingambit|Kingambit, M|94/100
|-damage|p2a: Kingambit|88/100|[from] Stealth Rock
|-activate|p2a: Kingambit|ability: Supreme Overlord
|-start|p2a: Kingambit|fallen5|[silent]
|turn|22
|
|t:|1769448072
|move|p1a: Great Tusk|Headlong Rush|p2a: Kingambit
|-supereffective|p2a: Kingambit
|-damage|p2a: Kingambit|0 fnt
|-unboost|p1a: Great Tusk|def|1
|-unboost|p1a: Great Tusk|spd|1
|faint|p2a: Kingambit
|-end|p2a: Kingambit|fallen5|[silent]
|
|win|C. Eclipse
|raw|C. Eclipse's rating: 1627 &rarr; <strong>1652</strong><br />(+25 for winning)
|raw|apexacer's rating: 1709 &rarr; <strong>1684</strong><br />(-25 for losing)
|l| snom_loved
|l|☆apexacer
|player|p2|
|j| snom_loved
