|j|☆CL IRL
|j|☆XianTwa
|t:|1769408985
|gametype|singles
|player|p1|CL IRL|richboy-gen4|1442
|player|p2|XianTwa|dawn|1412
|gen|9
|tier|[Gen 9] OU
|rated|
|rule|HP Percentage Mod: HP is shown in percentages
|rule|Endless Battle Clause: Forcing endless battles is banned
|rule|Species Clause: Limit one of each Pokémon
|rule|OHKO Clause: OHKO moves are banned
|rule|Evasion Items Clause: Evasion items are banned
|rule|Evasion Moves Clause: Evasion moves are banned
|rule|Evasion Abilities Clause: Evasion abilities are banned
|rule|Sleep Moves Clause: Sleep-inducing moves are banned
|clearpoke
|poke|p1|Corviknight, M|
|poke|p1|Alomomola, M|
|poke|p1|Slowking-Galar, F|
|poke|p1|Dragonite, F|
|poke|p1|Iron Valiant|
|poke|p1|Gliscor, M|
|poke|p2|Toucannon, F|
|poke|p2|Dragonite, M|
|poke|p2|Zamazenta-*|
|poke|p2|Iron Treads|
|poke|p2|Zapdos|
|poke|p2|Primarina, M|
|teampreview
|inactive|Battle timer is ON: inactive players will automatically lose when time's up. (requested by XianTwa)
|inactive|CL IRL also wants the timer to be on.
|
|t:|1769409010
|teamsize|p1|6
|teamsize|p2|6
|start
|switch|p1a: Alomomola|Alomomola, M|100/100
|switch|p2a: Primarina|Primarina, M|100/100
|turn|1
|
|t:|1769409015
|move|p2a: Primarina|Flip Turn|p1a: Alomomola
|-resisted|p1a: Alomomola
|-damage|p1a: Alomomola|97/100
|-damage|p2a: Primarina|84/100|[from] item: Rocky Helmet|[of] p1a: Alomomola
|
|t:|1769409020
|switch|p2a: Zapdos|Zapdos|100/100|[from] Flip Turn
|move|p1a: Alomomola|Flip Turn|p2a: Zapdos
|-damage|p2a: Zapdos|82/100
|
|t:|1769409025
|switch|p1a: Slowking|Slowking-Galar, F|100/100|[from] Flip Turn
|
|upkeep
|turn|2
|
|t:|1769409028
|move|p2a: Zapdos|Volt Switch|p1a: Slowking
|-damage|p1a: Slowking|72/100
|
|t:|1769409032
|switch|p2a: Iron Treads|Iron Treads|100/100|[from] Volt Switch
|-item|p2a: Iron Treads|Air Balloon
|-prepare|p1a: Slowking|Chilly Reception|[premajor]
|move|p1a: Slowking|Chilly Reception|p1a: Slowking
|-weather|Snowscape
|
|t:|1769409040
|switch|p1a: Iron Valiant|Iron Valiant|100/100|[from] Chilly Reception
|
|-weather|Snowscape|[upkeep]
|upkeep
|turn|3
|
|t:|1769409058
|-end|p1a: Iron Valiant|Quark Drive|[silent]
|switch|p1a: Alomomola|Alomomola, M|100/100
|-end|p2a: Iron Treads|Quark Drive|[silent]
|switch|p2a: Dragonite|Dragonite, M|100/100
|
|-weather|Snowscape|[upkeep]
|upkeep
|turn|4
|
|t:|1769409063
|switch|p2a: Zapdos|Zapdos|82/100
|move|p1a: Alomomola|Tickle|p2a: Zapdos
|-unboost|p2a: Zapdos|atk|1
|-unboost|p2a: Zapdos|def|1
|
|-weather|Snowscape|[upkeep]
|upkeep
|turn|5
|
|t:|1769409070
|move|p1a: Alomomola|Protect|p1a: Alomomola
|-singleturn|p1a: Alomomola|Protect
|move|p2a: Zapdos|Hurricane|p1a: Alomomola
|-activate|p1a: Alomomola|move: Protect
|
|-weather|Snowscape|[upkeep]
|upkeep
|turn|6
|
|t:|1769409075
|switch|p1a: Slowking|Slowking-Galar, F|100/100
|move|p2a: Zapdos|Hurricane|p1a: Slowking
|-damage|p1a: Slowking|53/100
|
|-weather|none
|upkeep
|turn|7
|
|t:|1769409084
|move|p2a: Zapdos|Hurricane|p1a: Slowking
|-damage|p1a: Slowking|4/100
|-start|p1a: Slowking|confusion
|-activate|p1a: Slowking|confusion
|move|p1a: Slowking|Sludge Bomb|p2a: Zapdos
|-damage|p2a: Zapdos|45/100
|
|upkeep
|turn|8
|
|t:|1769409092
|switch|p1a: Corviknight|Corviknight, M|100/100
|-ability|p1a: Corviknight|Pressure
|move|p2a: Zapdos|Hurricane|p1a: Corviknight|[miss]
|-miss|p2a: Zapdos|p1a: Corviknight
|
|upkeep
|turn|9
|
|t:|1769409104
|switch|p2a: Toucannon|Toucannon, F|100/100
|move|p1a: Corviknight|U-turn|p2a: Toucannon
|-resisted|p2a: Toucannon
|-damage|p2a: Toucannon|92/100
|
|t:|1769409108
|switch|p1a: Gliscor|Gliscor, M|100/100|[from] U-turn
|
|-status|p1a: Gliscor|tox|[from] item: Toxic Orb
|upkeep
|turn|10
|
|t:|1769409116
|-singleturn|p2a: Toucannon|move: Beak Blast
|move|p1a: Gliscor|Knock Off|p2a: Toucannon
|-damage|p2a: Toucannon|66/100
|-enditem|p2a: Toucannon|Assault Vest|[from] move: Knock Off|[of] p1a: Gliscor
|move|p2a: Toucannon|Beak Blast|p1a: Gliscor
|-damage|p1a: Gliscor|67/100 tox
|
|-heal|p1a: Gliscor|79/100 tox|[from] ability: Poison Heal
|upkeep
|turn|11
|
|t:|1769409126
|switch|p2a: Primarina|Primarina, M|84/100
|move|p1a: Gliscor|Toxic|p2a: Primarina
|-status|p2a: Primarina|tox
|
|-heal|p1a: Gliscor|91/100 tox|[from] ability: Poison Heal
|-damage|p2a: Primarina|78/100 tox|[from] psn
|upkeep
|turn|12
|
|t:|1769409134
|switch|p1a: Slowking|Slowking-Galar, F|38/100
|move|p2a: Primarina|Psychic Noise|p1a: Slowking
|-damage|p1a: Slowking|12/100
|-start|p1a: Slowking|move: Heal Block
|
|-damage|p2a: Primarina|66/100 tox|[from] psn
|upkeep
|turn|13
|
|t:|1769409139
|switch|p1a: Corviknight|Corviknight, M|100/100
|-ability|p1a: Corviknight|Pressure
|move|p2a: Primarina|Shadow Ball|p1a: Corviknight
|-damage|p1a: Corviknight|78/100
|
|-heal|p1a: Corviknight|85/100|[from] item: Leftovers
|-damage|p2a: Primarina|48/100 tox|[from] psn
|upkeep
|turn|14
|
|t:|1769409143
|switch|p1a: Slowking|Slowking-Galar, F|45/100
|move|p2a: Primarina|Flip Turn|p1a: Slowking
|-damage|p1a: Slowking|31/100
|
|t:|1769409149
|switch|p2a: Iron Treads|Iron Treads|100/100|[from] Flip Turn
|-item|p2a: Iron Treads|Air Balloon
|
|upkeep
|turn|15
|
|t:|1769409154
|switch|p1a: Alomomola|Alomomola, M|100/100
|move|p2a: Iron Treads|Knock Off|p1a: Alomomola
|-damage|p1a: Alomomola|86/100
|-damage|p2a: Iron Treads|84/100|[from] item: Rocky Helmet|[of] p1a: Alomomola
|-enditem|p1a: Alomomola|Rocky Helmet|[from] move: Knock Off|[of] p2a: Iron Treads
|
|upkeep
|turn|16
|
|t:|1769409162
|-end|p2a: Iron Treads|Quark Drive|[silent]
|switch|p2a: Zapdos|Zapdos|45/100
|move|p1a: Alomomola|Flip Turn|p2a: Zapdos
|-damage|p2a: Zapdos|26/100
|-status|p1a: Alomomola|par|[from] ability: Static|[of] p2a: Zapdos
|
|t:|1769409166
|switch|p1a: Iron Valiant|Iron Valiant|100/100|[from] Flip Turn
|
|upkeep
|turn|17
|
|t:|1769409172
|switch|p2a: Toucannon|Toucannon, F|66/100
|move|p1a: Iron Valiant|Moonblast|p2a: Toucannon
|-damage|p2a: Toucannon|0 fnt
|faint|p2a: Toucannon
|
|upkeep
|
|t:|1769409181
|switch|p2a: Iron Treads|Iron Treads|84/100
|-item|p2a: Iron Treads|Air Balloon
|turn|18
|
|t:|1769409188
|-end|p1a: Iron Valiant|Quark Drive|[silent]
|switch|p1a: Alomomola|Alomomola, M|100/100 par
|move|p2a: Iron Treads|Earthquake|p1a: Alomomola
|-damage|p1a: Alomomola|76/100 par
|
|upkeep
|turn|19
|
|t:|1769409194
|-end|p2a: Iron Treads|Quark Drive|[silent]
|switch|p2a: Primarina|Primarina, M|48/100 tox
|move|p1a: Alomomola|Flip Turn|p2a: Primarina
|-resisted|p2a: Primarina
|-damage|p2a: Primarina|38/100 tox
|
|t:|1769409199
|switch|p1a: Slowking|Slowking-Galar, F|64/100|[from] Flip Turn
|
|-damage|p2a: Primarina|32/100 tox|[from] psn
|upkeep
|turn|20
|
|t:|1769409203
|switch|p1a: Corviknight|Corviknight, M|85/100
|-ability|p1a: Corviknight|Pressure
|move|p2a: Primarina|Psychic Noise|p1a: Corviknight
|-damage|p1a: Corviknight|54/100
|-start|p1a: Corviknight|move: Heal Block
|
|-damage|p2a: Primarina|20/100 tox|[from] psn
|upkeep
|turn|21
|
|t:|1769409211
|switch|p1a: Slowking|Slowking-Galar, F|97/100
|move|p2a: Primarina|Psychic Noise|p1a: Slowking
|-damage|p1a: Slowking|71/100
|-start|p1a: Slowking|move: Heal Block
|
|-damage|p2a: Primarina|2/100 tox|[from] psn
|upkeep
|turn|22
|
|t:|1769409214
|move|p2a: Primarina|Shadow Ball|p1a: Slowking
|-supereffective|p1a: Slowking
|-damage|p1a: Slowking|33/100
|-unboost|p1a: Slowking|spd|1
|-prepare|p1a: Slowking|Chilly Reception|[premajor]
|move|p1a: Slowking|Chilly Reception|p1a: Slowking
|-weather|Snowscape
|
|t:|1769409219
|switch|p1a: Gliscor|Gliscor, M|91/100 tox|[from] Chilly Reception
|
|-weather|Snowscape|[upkeep]
|-heal|p1a: Gliscor|100/100 tox|[from] ability: Poison Heal
|-damage|p2a: Primarina|0 fnt|[from] psn
|faint|p2a: Primarina
|upkeep
|
|t:|1769409225
|switch|p2a: Iron Treads|Iron Treads|84/100
|-item|p2a: Iron Treads|Air Balloon
|turn|23
|
|t:|1769409229
|switch|p1a: Alomomola|Alomomola, M|100/100 par
|move|p2a: Iron Treads|Ice Spinner|p1a: Alomomola
|-resisted|p1a: Alomomola
|-damage|p1a: Alomomola|94/100 par
|
|-weather|Snowscape|[upkeep]
|upkeep
|turn|24
|
|t:|1769409249
|move|p2a: Iron Treads|Earthquake|p1a: Alomomola
|-crit|p1a: Alomomola
|-damage|p1a: Alomomola|56/100 par
|cant|p1a: Alomomola|par
|
|-weather|Snowscape|[upkeep]
|upkeep
|turn|25
|
|t:|1769409254
|move|p2a: Iron Treads|Earthquake|p1a: Alomomola
|-damage|p1a: Alomomola|33/100 par
|move|p1a: Alomomola|Flip Turn|p2a: Iron Treads
|-supereffective|p2a: Iron Treads
|-crit|p2a: Iron Treads
|-damage|p2a: Iron Treads|45/100
|-enditem|p2a: Iron Treads|Air Balloon
|
|t:|1769409259
|switch|p1a: Iron Valiant|Iron Valiant|100/100|[from] Flip Turn
|
|-weather|Snowscape|[upkeep]
|upkeep
|turn|26
|
|t:|1769409266
|-end|p2a: Iron Treads|Quark Drive|[silent]
|switch|p2a: Zamazenta|Zamazenta|100/100
|-ability|p2a: Zamazenta|Dauntless Shield|boost
|-boost|p2a: Zamazenta|def|1
|move|p1a: Iron Valiant|Aura Sphere|p2a: Zamazenta
|-damage|p2a: Zamazenta|42/100
|
|-weather|none
|upkeep
|turn|27
|
|t:|1769409276
|move|p2a: Zamazenta|Close Combat|p1a: Iron Valiant
|-resisted|p1a: Iron Valiant
|-damage|p1a: Iron Valiant|41/100
|-unboost|p2a: Zamazenta|def|1
|-unboost|p2a: Zamazenta|spd|1
|move|p1a: Iron Valiant|Aura Sphere|p2a: Zamazenta
|-damage|p2a: Zamazenta|0 fnt
|faint|p2a: Zamazenta
|
|upkeep
|
|t:|1769409280
|switch|p2a: Dragonite|Dragonite, M|100/100
|turn|28
|
|t:|1769409285
|-end|p1a: Iron Valiant|Quark Drive|[silent]
|switch|p1a: Gliscor|Gliscor, M|100/100 tox
|move|p2a: Dragonite|Dragon Dance|p2a: Dragonite
|-boost|p2a: Dragonite|atk|1
|-boost|p2a: Dragonite|spe|1
|
|upkeep
|turn|29
|
|t:|1769409293
|move|p2a: Dragonite|Scale Shot|p1a: Gliscor
|-damage|p1a: Gliscor|86/100 tox
|-damage|p1a: Gliscor|71/100 tox
|-damage|p1a: Gliscor|57/100 tox
|-damage|p1a: Gliscor|44/100 tox
|-hitcount|p1a: Gliscor|4
|-unboost|p2a: Dragonite|def|1
|-boost|p2a: Dragonite|spe|1
|move|p1a: Gliscor|Toxic|p2a: Dragonite
|-status|p2a: Dragonite|tox
|
|-damage|p2a: Dragonite|94/100 tox|[from] psn
|-heal|p1a: Gliscor|56/100 tox|[from] ability: Poison Heal
|upkeep
|turn|30
|
|t:|1769409304
|move|p1a: Gliscor|Protect|p1a: Gliscor
|-singleturn|p1a: Gliscor|Protect
|move|p2a: Dragonite|Dragon Dance|p2a: Dragonite
|-boost|p2a: Dragonite|atk|1
|-boost|p2a: Dragonite|spe|1
|
|-damage|p2a: Dragonite|82/100 tox|[from] psn
|-heal|p1a: Gliscor|69/100 tox|[from] ability: Poison Heal
|upkeep
|turn|31
|
|t:|1769409313
|switch|p1a: Alomomola|Alomomola, M|67/100 par
|move|p2a: Dragonite|Scale Shot|p1a: Alomomola
|-damage|p1a: Alomomola|52/100 par
|-damage|p1a: Alomomola|36/100 par
|-damage|p1a: Alomomola|19/100 par
|-damage|p1a: Alomomola|3/100 par
|-hitcount|p1a: Alomomola|4
|-unboost|p2a: Dragonite|def|1
|-boost|p2a: Dragonite|spe|1
|
|-damage|p2a: Dragonite|63/100 tox|[from] psn
|upkeep
|turn|32
|
|t:|1769409323
|move|p1a: Alomomola|Protect|p1a: Alomomola
|-singleturn|p1a: Alomomola|Protect
|move|p2a: Dragonite|Fire Punch|p1a: Alomomola
|-activate|p1a: Alomomola|move: Protect
|
|-damage|p2a: Dragonite|39/100 tox|[from] psn
|upkeep
|turn|33
|
|t:|1769409331
|move|p2a: Dragonite|Fire Punch|p1a: Alomomola
|-resisted|p1a: Alomomola
|-damage|p1a: Alomomola|0 fnt
|faint|p1a: Alomomola
|
|-damage|p2a: Dragonite|8/100 tox|[from] psn
|upkeep
|
|t:|1769409337
|switch|p1a: Gliscor|Gliscor, M|69/100 tox
|turn|34
|
|t:|1769409340
|switch|p2a: Iron Treads|Iron Treads|45/100
|move|p1a: Gliscor|Protect||[still]
|-fail|p1a: Gliscor
|
|-heal|p1a: Gliscor|81/100 tox|[from] ability: Poison Heal
|upkeep
|turn|35
|
|t:|1769409349
|switch|p1a: Corviknight|Corviknight, M|54/100
|-ability|p1a: Corviknight|Pressure
|move|p2a: Iron Treads|Ice Spinner|p1a: Corviknight
|-damage|p1a: Corviknight|34/100
|
|-heal|p1a: Corviknight|40/100|[from] item: Leftovers
|upkeep
|turn|36
|
|t:|1769409352
|-end|p2a: Iron Treads|Quark Drive|[silent]
|switch|p2a: Zapdos|Zapdos|26/100
|move|p1a: Corviknight|Roost|p1a: Corviknight
|-heal|p1a: Corviknight|90/100
|-singleturn|p1a: Corviknight|move: Roost
|
|-heal|p1a: Corviknight|97/100|[from] item: Leftovers
|upkeep
|turn|37
|
|t:|1769409356
|switch|p1a: Slowking|Slowking-Galar, F|66/100
|move|p2a: Zapdos|Hurricane|p1a: Slowking|[miss]
|-miss|p2a: Zapdos|p1a: Slowking
|
|upkeep
|turn|38
|
|t:|1769409371
|move|p2a: Zapdos|Hurricane|p1a: Slowking
|-damage|p1a: Slowking|18/100
|-prepare|p1a: Slowking|Chilly Reception|[premajor]
|move|p1a: Slowking|Chilly Reception|p1a: Slowking
|-weather|Snowscape
|
|t:|1769409394
|switch|p1a: Iron Valiant|Iron Valiant|41/100|[from] Chilly Reception
|
|-weather|Snowscape|[upkeep]
|upkeep
|turn|39
|
|t:|1769409400
|switch|p2a: Iron Treads|Iron Treads|45/100
|move|p1a: Iron Valiant|Moonblast|p2a: Iron Treads
|-resisted|p2a: Iron Treads
|-damage|p2a: Iron Treads|2/100
|
|-weather|Snowscape|[upkeep]
|upkeep
|turn|40
|
|t:|1769409406
|move|p1a: Iron Valiant|Moonblast|p2a: Iron Treads
|-resisted|p2a: Iron Treads
|-damage|p2a: Iron Treads|0 fnt
|faint|p2a: Iron Treads
|-end|p2a: Iron Treads|Quark Drive|[silent]
|
|-weather|Snowscape|[upkeep]
|upkeep
|
|t:|1769409411
|switch|p2a: Dragonite|Dragonite, M|8/100 tox
|turn|41
|-message|XianTwa forfeited.
|
|win|CL IRL
|raw|CL IRL's rating: 1442 &rarr; <strong>1460</strong><br />(+18 for winning)
|raw|XianTwa's rating: 1412 &rarr; <strong>1394</strong><br />(-18 for losing)
|l|☆XianTwa
|player|p2|
|l|☆CL IRL
|player|p1|
