|j|☆Crystraco
|j|☆sebeck
|t:|1769343487
|gametype|singles
|player|p1|Crystraco|265|1517
|player|p2|sebeck|170|1492
|gen|9
|tier|[Gen 9] OU
|rated|
|rule|HP Percentage Mod: HP is shown in percentages
|rule|Endless Battle Clause: Forcing endless battles is banned
|rule|Species Clause: Limit one of each Pokémon
|rule|OHKO Clause: OHKO moves are banned
|rule|Evasion Items Clause: Evasion items are banned
|rule|Evasion Moves Clause: Evasion moves are banned
|rule|Evasion Abilities Clause: Evasion abilities are banned
|rule|Sleep Moves Clause: Sleep-inducing moves are banned
|clearpoke
|poke|p1|Samurott-Hisui, F|
|poke|p1|Pelipper, M|
|poke|p1|Moltres|
|poke|p1|Ogerpon-Wellspring, F|
|poke|p1|Iron Treads|
|poke|p1|Quaquaval, M|
|poke|p2|Iron Boulder|
|poke|p2|Dragapult, F|
|poke|p2|Zapdos|
|poke|p2|Iron Crown|
|poke|p2|Great Tusk|
|poke|p2|Samurott-Hisui, F|
|teampreview
|inactive|Battle timer is ON: inactive players will automatically lose when time's up. (requested by sebeck)
|inactive|sebeck has 120 seconds left.
|
|t:|1769343536
|teamsize|p1|6
|teamsize|p2|6
|start
|switch|p1a: Samurott|Samurott-Hisui, F|100/100
|switch|p2a: Zapdos|Zapdos|100/100
|turn|1
|
|t:|1769343544
|switch|p1a: Iron Treads|Iron Treads|100/100
|move|p2a: Zapdos|U-turn|p1a: Iron Treads
|-resisted|p1a: Iron Treads
|-damage|p1a: Iron Treads|95/100
|
|t:|1769343555
|switch|p2a: Samurott|Samurott-Hisui, F, shiny|100/100|[from] U-turn
|
|upkeep
|turn|2
|
|t:|1769343561
|-end|p1a: Iron Treads|Quark Drive|[silent]
|switch|p1a: Pelipper|Pelipper, M|100/100
|-weather|RainDance|[from] ability: Drizzle|[of] p1a: Pelipper
|move|p2a: Samurott|Flip Turn|p1a: Pelipper
|-resisted|p1a: Pelipper
|-damage|p1a: Pelipper|85/100
|
|t:|1769343580
|switch|p2a: Iron Crown|Iron Crown|100/100|[from] Flip Turn
|
|-weather|RainDance|[upkeep]
|upkeep
|turn|3
|
|t:|1769343586
|switch|p1a: Samurott|Samurott-Hisui, F|100/100
|move|p2a: Iron Crown|Volt Switch|p1a: Samurott
|-supereffective|p1a: Samurott
|-damage|p1a: Samurott|0 fnt
|faint|p1a: Samurott
|
|t:|1769343590
|-end|p2a: Iron Crown|Quark Drive|[silent]
|switch|p2a: Samurott|Samurott-Hisui, F, shiny|100/100|[from] Volt Switch
|
|-weather|RainDance|[upkeep]
|upkeep
|
|t:|1769343592
|switch|p1a: Ogerpon|Ogerpon-Wellspring, F|100/100
|turn|4
|
|t:|1769343609
|move|p2a: Samurott|Ceaseless Edge|p1a: Ogerpon
|-damage|p1a: Ogerpon|39/100
|-sidestart|p1: Crystraco|Spikes
|move|p1a: Ogerpon|Trailblaze|p2a: Samurott
|-supereffective|p2a: Samurott
|-damage|p2a: Samurott|27/100
|-boost|p1a: Ogerpon|spe|1
|
|-weather|RainDance|[upkeep]
|upkeep
|turn|5
|
|t:|1769343614
|switch|p2a: Zapdos|Zapdos|100/100
|move|p1a: Ogerpon|Ivy Cudgel|p2a: Zapdos|[anim] Ivy Cudgel Water
|-crit|p2a: Zapdos
|-damage|p2a: Zapdos|3/100
|
|-weather|RainDance|[upkeep]
|upkeep
|turn|6
|
|t:|1769343620
|move|p1a: Ogerpon|Ivy Cudgel|p2a: Zapdos|[anim] Ivy Cudgel Water
|-damage|p2a: Zapdos|0 fnt
|faint|p2a: Zapdos
|
|-weather|RainDance|[upkeep]
|upkeep
|
|t:|1769343628
|switch|p2a: Iron Boulder|Iron Boulder|100/100
|-enditem|p2a: Iron Boulder|Booster Energy
|-activate|p2a: Iron Boulder|ability: Quark Drive|[fromitem]
|-start|p2a: Iron Boulder|quarkdrivespe
|turn|7
|
|t:|1769343638
|switch|p1a: Iron Treads|Iron Treads|95/100
|move|p2a: Iron Boulder|Mighty Cleave|p1a: Iron Treads
|-resisted|p1a: Iron Treads
|-damage|p1a: Iron Treads|85/100
|
|-weather|RainDance|[upkeep]
|upkeep
|turn|8
|
|t:|1769343655
|-end|p1a: Iron Treads|Quark Drive|[silent]
|switch|p1a: Moltres|Moltres|100/100
|-terastallize|p2a: Iron Boulder|Fighting
|move|p2a: Iron Boulder|Swords Dance|p2a: Iron Boulder
|-boost|p2a: Iron Boulder|atk|2
|
|-weather|RainDance|[upkeep]
|upkeep
|turn|9
|
|t:|1769343662
|-terastallize|p1a: Moltres|Fairy
|move|p2a: Iron Boulder|Mighty Cleave|p1a: Moltres
|-damage|p1a: Moltres|34/100
|move|p1a: Moltres|Will-O-Wisp|p2a: Iron Boulder
|-status|p2a: Iron Boulder|brn
|
|-weather|none
|-damage|p2a: Iron Boulder|94/100 brn|[from] brn
|upkeep
|turn|10
|
|t:|1769343680
|move|p2a: Iron Boulder|Mighty Cleave|p1a: Moltres
|-damage|p1a: Moltres|1/100
|move|p1a: Moltres|Hurricane|p2a: Iron Boulder
|-supereffective|p2a: Iron Boulder
|-damage|p2a: Iron Boulder|1/100 brn
|
|-damage|p2a: Iron Boulder|0 fnt|[from] brn
|faint|p2a: Iron Boulder
|-end|p2a: Iron Boulder|Quark Drive|[silent]
|upkeep
|
|t:|1769343690
|switch|p2a: Samurott|Samurott-Hisui, F, shiny|27/100
|turn|11
|
|t:|1769343699
|move|p2a: Samurott|Ceaseless Edge|p1a: Moltres
|-resisted|p1a: Moltres
|-damage|p1a: Moltres|0 fnt
|-sidestart|p1: Crystraco|Spikes
|faint|p1a: Moltres
|
|upkeep
|
|t:|1769343708
|switch|p1a: Quaquaval|Quaquaval, M|100/100
|-damage|p1a: Quaquaval|84/100|[from] Spikes
|turn|12
|
|t:|1769343714
|switch|p2a: Dragapult|Dragapult, F|100/100
|move|p1a: Quaquaval|Aqua Step|p2a: Dragapult
|-resisted|p2a: Dragapult
|-damage|p2a: Dragapult|74/100
|-boost|p1a: Quaquaval|spe|1
|
|-heal|p1a: Quaquaval|90/100|[from] item: Leftovers
|upkeep
|turn|13
|
|t:|1769343716
|move|p1a: Quaquaval|Ice Spinner|p2a: Dragapult
|-supereffective|p2a: Dragapult
|-damage|p2a: Dragapult|0 fnt
|faint|p2a: Dragapult
|-ability|p1a: Quaquaval|Moxie|boost
|-boost|p1a: Quaquaval|atk|1
|
|-heal|p1a: Quaquaval|96/100|[from] item: Leftovers
|upkeep
|
|t:|1769343719
|switch|p2a: Iron Crown|Iron Crown|100/100
|turn|14
|
|t:|1769343729
|move|p1a: Quaquaval|Close Combat|p2a: Iron Crown
|-damage|p2a: Iron Crown|14/100
|-unboost|p1a: Quaquaval|def|1
|-unboost|p1a: Quaquaval|spd|1
|move|p2a: Iron Crown|Psyshock|p1a: Quaquaval
|-supereffective|p1a: Quaquaval
|-damage|p1a: Quaquaval|0 fnt
|faint|p1a: Quaquaval
|
|upkeep
|
|t:|1769343733
|switch|p1a: Iron Treads|Iron Treads|85/100
|turn|15
|
|t:|1769343739
|-end|p2a: Iron Crown|Quark Drive|[silent]
|switch|p2a: Great Tusk|Great Tusk|100/100
|move|p1a: Iron Treads|Rapid Spin|p2a: Great Tusk
|-damage|p2a: Great Tusk|92/100
|-boost|p1a: Iron Treads|spe|1
|-sideend|p1: Crystraco|Spikes|[from] move: Rapid Spin|[of] p1a: Iron Treads
|
|upkeep
|turn|16
|
|t:|1769343750
|-end|p1a: Iron Treads|Quark Drive|[silent]
|switch|p1a: Pelipper|Pelipper, M|85/100
|-weather|RainDance|[from] ability: Drizzle|[of] p1a: Pelipper
|move|p2a: Great Tusk|Stealth Rock|p1a: Pelipper
|-sidestart|p1: Crystraco|move: Stealth Rock
|
|-weather|RainDance|[upkeep]
|upkeep
|turn|17
|
|t:|1769343757
|move|p2a: Great Tusk|Rapid Spin|p1a: Pelipper
|-damage|p1a: Pelipper|71/100
|-boost|p2a: Great Tusk|spe|1
|move|p1a: Pelipper|Hurricane|p2a: Great Tusk
|-supereffective|p2a: Great Tusk
|-damage|p2a: Great Tusk|0 fnt
|faint|p2a: Great Tusk
|-end|p2a: Great Tusk|Protosynthesis|[silent]
|
|-weather|RainDance|[upkeep]
|upkeep
|
|t:|1769343761
|switch|p2a: Iron Crown|Iron Crown|14/100
|turn|18
|
|t:|1769343774
|switch|p1a: Iron Treads|Iron Treads|85/100
|move|p2a: Iron Crown|Volt Switch|p1a: Iron Treads
|-immune|p1a: Iron Treads
|
|-weather|RainDance|[upkeep]
|upkeep
|turn|19
|
|t:|1769343791
|-end|p2a: Iron Crown|Quark Drive|[silent]
|switch|p2a: Samurott|Samurott-Hisui, F, shiny|27/100
|move|p1a: Iron Treads|Rapid Spin|p2a: Samurott
|-damage|p2a: Samurott|11/100
|-boost|p1a: Iron Treads|spe|1
|-sideend|p1: Crystraco|Stealth Rock|[from] move: Rapid Spin|[of] p1a: Iron Treads
|
|-weather|RainDance|[upkeep]
|upkeep
|turn|20
|
|t:|1769343798
|move|p1a: Iron Treads|Knock Off|p2a: Samurott
|-resisted|p2a: Samurott
|-damage|p2a: Samurott|0 fnt
|-enditem|p2a: Samurott|Choice Scarf|[from] move: Knock Off|[of] p1a: Iron Treads
|faint|p2a: Samurott
|
|-weather|RainDance|[upkeep]
|upkeep
|
|t:|1769343800
|switch|p2a: Iron Crown|Iron Crown|14/100
|turn|21
|
|t:|1769343802
|move|p1a: Iron Treads|Knock Off|p2a: Iron Crown
|-supereffective|p2a: Iron Crown
|-damage|p2a: Iron Crown|0 fnt
|-enditem|p2a: Iron Crown|Choice Specs|[from] move: Knock Off|[of] p1a: Iron Treads
|faint|p2a: Iron Crown
|-end|p2a: Iron Crown|Quark Drive|[silent]
|
|win|Crystraco
|raw|Crystraco's rating: 1517 &rarr; <strong>1536</strong><br />(+19 for winning)
|raw|sebeck's rating: 1492 &rarr; <strong>1473</strong><br />(-19 for losing)
|l|☆sebeck
|player|p2|
