|badge|p2|bronze|gen9ou|100-8
|uhtml|medal-msg|<div class="broadcast-blue">Curious what those medals under the avatar are? PS now has Ladder Seasons! For more information, check out the <a href="https://www.smogon.com/forums/threads/3740067/">thread on Smogon.</a></div>
|j|‽machopped unc
|j|☆yesterdaymister
|t:|1769393543
|gametype|singles
|player|p1|machopped unc|clown|1695
|player|p2|yesterdaymister|266|1848
|gen|9
|tier|[Gen 9] OU
|rated|
|rule|HP Percentage Mod: HP is shown in percentages
|rule|Endless Battle Clause: Forcing endless battles is banned
|rule|Species Clause: Limit one of each Pokémon
|rule|OHKO Clause: OHKO moves are banned
|rule|Evasion Items Clause: Evasion items are banned
|rule|Evasion Moves Clause: Evasion moves are banned
|rule|Evasion Abilities Clause: Evasion abilities are banned
|rule|Sleep Moves Clause: Sleep-inducing moves are banned
|clearpoke
|poke|p1|Rillaboom, F|
|poke|p1|Grimmsnarl, M|
|poke|p1|Raging Bolt|
|poke|p1|Glimmora, F|
|poke|p1|Great Tusk|
|poke|p1|Deoxys-Speed|
|poke|p2|Ninetales, M|
|poke|p2|Ceruledge, F|
|poke|p2|Venusaur, F|
|poke|p2|Hatterene, F|
|poke|p2|Great Tusk|
|poke|p2|Walking Wake|
|teampreview
|inactive|Battle timer is ON: inactive players will automatically lose when time's up. (requested by yesterdaymister)
|
|t:|1769393550
|teamsize|p1|6
|teamsize|p2|6
|start
|switch|p1a: Grimmsnarl|Grimmsnarl, M|100/100
|switch|p2a: arda guler|Ninetales, M|100/100
|-weather|SunnyDay|[from] ability: Drought|[of] p2a: arda guler
|turn|1
|
|t:|1769393560
|move|p1a: Grimmsnarl|Light Screen|p1a: Grimmsnarl
|-sidestart|p1: machopped unc|move: Light Screen
|move|p2a: arda guler|Encore|p1a: Grimmsnarl
|-start|p1a: Grimmsnarl|Encore
|
|-weather|SunnyDay|[upkeep]
|upkeep
|turn|2
|
|t:|1769393564
|switch|p2a: lebron|Ceruledge, F|100/100
|switch|p1a: Glimmora|Glimmora, F|100/100
|
|-weather|SunnyDay|[upkeep]
|upkeep
|turn|3
|
|t:|1769393569
|switch|p2a: mignolet|Great Tusk|100/100
|-activate|p2a: mignolet|ability: Protosynthesis
|-start|p2a: mignolet|protosynthesisspe
|move|p1a: Glimmora|Meteor Beam||[still]
|-prepare|p1a: Glimmora|Meteor Beam
|-boost|p1a: Glimmora|spa|1
|-enditem|p1a: Glimmora|Power Herb
|-anim|p1a: Glimmora|Meteor Beam|p2a: mignolet
|-resisted|p2a: mignolet
|-damage|p2a: mignolet|68/100
|
|-weather|SunnyDay|[upkeep]
|upkeep
|turn|4
|
|t:|1769393580
|switch|p1a: Rillaboom|Rillaboom, F|100/100
|-fieldstart|move: Grassy Terrain|[from] ability: Grassy Surge|[of] p1a: Rillaboom
|move|p2a: mignolet|Headlong Rush|p1a: Rillaboom
|-resisted|p1a: Rillaboom
|-damage|p1a: Rillaboom|71/100
|-unboost|p2a: mignolet|def|1
|-unboost|p2a: mignolet|spd|1
|
|-weather|SunnyDay|[upkeep]
|-heal|p2a: mignolet|75/100|[from] Grassy Terrain
|-heal|p1a: Rillaboom|78/100|[from] Grassy Terrain
|upkeep
|turn|5
|
|t:|1769393594
|-end|p2a: mignolet|Protosynthesis|[silent]
|switch|p2a: maccabi|Hatterene, F|100/100
|move|p1a: Rillaboom|Grassy Glide|p2a: maccabi
|-damage|p2a: maccabi|53/100
|-enditem|p2a: maccabi|Eject Button
|-damage|p1a: Rillaboom|68/100|[from] item: Life Orb
|
|t:|1769393601
|switch|p2a: hans vanaken|Venusaur, F|100/100
|
|-weather|SunnyDay|[upkeep]
|-heal|p1a: Rillaboom|74/100|[from] Grassy Terrain
|upkeep
|turn|6
|
|t:|1769393618
|switch|p1a: Glimmora|Glimmora, F|100/100
|move|p2a: hans vanaken|Growth|p2a: hans vanaken
|-boost|p2a: hans vanaken|atk|2
|-boost|p2a: hans vanaken|spa|2
|
|-weather|SunnyDay|[upkeep]
|upkeep
|turn|7
|
|t:|1769393622
|move|p2a: hans vanaken|Giga Drain|p1a: Glimmora
|-damage|p1a: Glimmora|27/100
|-damage|p2a: hans vanaken|91/100|[from] item: Life Orb
|move|p1a: Glimmora|Stealth Rock|p2a: hans vanaken
|-sidestart|p2: yesterdaymister|move: Stealth Rock
|
|-weather|SunnyDay|[upkeep]
|-heal|p2a: hans vanaken|97/100|[from] Grassy Terrain
|-heal|p1a: Glimmora|33/100|[from] Grassy Terrain
|upkeep
|turn|8
|
|t:|1769393627
|move|p2a: hans vanaken|Giga Drain|p1a: Glimmora
|-damage|p1a: Glimmora|0 fnt
|-heal|p2a: hans vanaken|100/100|[from] drain|[of] p1a: Glimmora
|faint|p1a: Glimmora
|-damage|p2a: hans vanaken|91/100|[from] item: Life Orb
|
|-weather|none
|-heal|p2a: hans vanaken|97/100|[from] Grassy Terrain
|-sideend|p1: machopped unc|move: Light Screen
|-fieldend|move: Grassy Terrain
|upkeep
|
|t:|1769393631
|switch|p1a: Deoxys|Deoxys-Speed|100/100
|-ability|p1a: Deoxys|Pressure
|turn|9
|
|t:|1769393639
|switch|p2a: maccabi|Hatterene, F|53/100
|-damage|p2a: maccabi|40/100|[from] Stealth Rock
|move|p1a: Deoxys|Psycho Boost|p2a: maccabi
|-resisted|p2a: maccabi
|-damage|p2a: maccabi|0 fnt
|-unboost|p1a: Deoxys|spa|2
|faint|p2a: maccabi
|-damage|p1a: Deoxys|91/100|[from] item: Life Orb
|
|upkeep
|
|t:|1769393647
|switch|p2a: arda guler|Ninetales, M|100/100
|-damage|p2a: arda guler|76/100|[from] Stealth Rock
|-weather|SunnyDay|[from] ability: Drought|[of] p2a: arda guler
|turn|10
|
|t:|1769393665
|switch|p2a: mignolet|Great Tusk|75/100
|-damage|p2a: mignolet|72/100|[from] Stealth Rock
|-activate|p2a: mignolet|ability: Protosynthesis
|-start|p2a: mignolet|protosynthesisspe
|move|p1a: Deoxys|Nasty Plot|p1a: Deoxys
|-boost|p1a: Deoxys|spa|2
|
|-weather|SunnyDay|[upkeep]
|upkeep
|turn|11
|inactive|yesterdaymister has 120 seconds left.
|
|t:|1769393708
|move|p1a: Deoxys|Psycho Boost|p2a: mignolet
|-supereffective|p2a: mignolet
|-damage|p2a: mignolet|0 fnt
|-unboost|p1a: Deoxys|spa|2
|faint|p2a: mignolet
|-end|p2a: mignolet|Protosynthesis|[silent]
|-damage|p1a: Deoxys|81/100|[from] item: Life Orb
|
|-weather|SunnyDay|[upkeep]
|upkeep
|
|t:|1769393712
|switch|p2a: hans vanaken|Venusaur, F|97/100
|-damage|p2a: hans vanaken|84/100|[from] Stealth Rock
|turn|12
|
|t:|1769393725
|move|p2a: hans vanaken|Weather Ball|p1a: Deoxys
|-damage|p1a: Deoxys|0 fnt
|faint|p1a: Deoxys
|-damage|p2a: hans vanaken|74/100|[from] item: Life Orb
|
|-weather|SunnyDay|[upkeep]
|upkeep
|
|t:|1769393748
|switch|p1a: Raging Bolt|Raging Bolt|100/100
|-activate|p1a: Raging Bolt|ability: Protosynthesis
|-start|p1a: Raging Bolt|protosynthesisspa
|turn|13
|inactive|yesterdaymister has 120 seconds left.
|
|t:|1769393760
|switch|p2a: lebron|Ceruledge, F|100/100
|-damage|p2a: lebron|76/100|[from] Stealth Rock
|move|p1a: Raging Bolt|Dragon Pulse|p2a: lebron
|-damage|p2a: lebron|0 fnt
|faint|p2a: lebron
|
|-weather|SunnyDay|[upkeep]
|upkeep
|inactive|yesterdaymister has 120 seconds left.
|
|t:|1769393766
|switch|p2a: chama|Walking Wake|100/100
|-damage|p2a: chama|88/100|[from] Stealth Rock
|-activate|p2a: chama|ability: Protosynthesis
|-start|p2a: chama|protosynthesisspa
|turn|14
|
|t:|1769393773
|-end|p1a: Raging Bolt|Protosynthesis|[silent]
|switch|p1a: Rillaboom|Rillaboom, F|74/100
|-fieldstart|move: Grassy Terrain|[from] ability: Grassy Surge|[of] p1a: Rillaboom
|move|p2a: chama|Hydro Steam|p1a: Rillaboom
|-resisted|p1a: Rillaboom
|-damage|p1a: Rillaboom|0 fnt
|faint|p1a: Rillaboom
|
|-weather|SunnyDay|[upkeep]
|-heal|p2a: chama|94/100|[from] Grassy Terrain
|upkeep
|
|t:|1769393779
|switch|p1a: Grimmsnarl|Grimmsnarl, M|100/100
|turn|15
|
|t:|1769393799
|move|p1a: Grimmsnarl|Light Screen|p1a: Grimmsnarl
|-sidestart|p1: machopped unc|move: Light Screen
|move|p2a: chama|Hydro Steam|p1a: Grimmsnarl
|-damage|p1a: Grimmsnarl|16/100
|
|-weather|SunnyDay|[upkeep]
|-heal|p2a: chama|100/100|[from] Grassy Terrain
|-heal|p1a: Grimmsnarl|22/100|[from] Grassy Terrain
|upkeep
|turn|16
|
|t:|1769393813
|move|p2a: chama|Hydro Steam|p1a: Grimmsnarl
|-damage|p1a: Grimmsnarl|0 fnt
|faint|p1a: Grimmsnarl
|
|-weather|SunnyDay|[upkeep]
|upkeep
|
|t:|1769393815
|switch|p1a: Raging Bolt|Raging Bolt|100/100
|-activate|p1a: Raging Bolt|ability: Protosynthesis
|-start|p1a: Raging Bolt|protosynthesisspa
|turn|17
|
|t:|1769393827
|-end|p2a: chama|Protosynthesis|[silent]
|switch|p2a: hans vanaken|Venusaur, F|74/100
|-damage|p2a: hans vanaken|62/100|[from] Stealth Rock
|move|p1a: Raging Bolt|Dragon Pulse|p2a: hans vanaken
|-damage|p2a: hans vanaken|0 fnt
|faint|p2a: hans vanaken
|
|-weather|none
|-end|p1a: Raging Bolt|Protosynthesis
|upkeep
|-enditem|p1a: Raging Bolt|Booster Energy
|-activate|p1a: Raging Bolt|ability: Protosynthesis|[fromitem]
|-start|p1a: Raging Bolt|protosynthesisspa
|
|t:|1769393830
|switch|p2a: arda guler|Ninetales, M|76/100
|-damage|p2a: arda guler|51/100|[from] Stealth Rock
|-weather|SunnyDay|[from] ability: Drought|[of] p2a: arda guler
|turn|18
|
|t:|1769393840
|move|p2a: arda guler|Encore|p1a: Raging Bolt
|-start|p1a: Raging Bolt|Encore
|move|p1a: Raging Bolt|Dragon Pulse|p2a: arda guler
|-damage|p2a: arda guler|0 fnt
|faint|p2a: arda guler
|
|-weather|SunnyDay|[upkeep]
|-fieldend|move: Grassy Terrain
|upkeep
|
|t:|1769393844
|switch|p2a: chama|Walking Wake|100/100
|-damage|p2a: chama|88/100|[from] Stealth Rock
|-activate|p2a: chama|ability: Protosynthesis
|-start|p2a: chama|protosynthesisspa
|turn|19
|
|t:|1769393856
|-terastallize|p2a: chama|Water
|-terastallize|p1a: Raging Bolt|Bug
|move|p2a: chama|Hydro Steam|p1a: Raging Bolt
|-damage|p1a: Raging Bolt|16/100
|move|p1a: Raging Bolt|Dragon Pulse|p2a: chama
|-damage|p2a: chama|16/100
|
|-weather|SunnyDay|[upkeep]
|upkeep
|turn|20
|
|t:|1769393866
|move|p2a: chama|Hydro Steam|p1a: Raging Bolt
|-damage|p1a: Raging Bolt|0 fnt
|faint|p1a: Raging Bolt
|-end|p1a: Raging Bolt|Protosynthesis|[silent]
|
|-weather|SunnyDay|[upkeep]
|upkeep
|
|t:|1769393868
|switch|p1a: Great Tusk|Great Tusk|100/100
|-activate|p1a: Great Tusk|ability: Protosynthesis
|-start|p1a: Great Tusk|protosynthesisspe
|turn|21
|
|t:|1769393871
|move|p1a: Great Tusk|Headlong Rush|p2a: chama
|-damage|p2a: chama|0 fnt
|-unboost|p1a: Great Tusk|def|1
|-unboost|p1a: Great Tusk|spd|1
|faint|p2a: chama
|-end|p2a: chama|Protosynthesis|[silent]
|
|win|machopped unc
|raw|machopped unc's rating: 1695 &rarr; <strong>1723</strong><br />(+28 for winning)
|raw|yesterdaymister's rating: 1848 &rarr; <strong>1820</strong><br />(-28 for losing)
|l|☆yesterdaymister
|player|p2|
|l|‽machopped unc
|player|p1|
