|j|☆GnsKarma
|j|☆Ice Master Steph
|t:|1769443382
|gametype|singles
|player|p1|GnsKarma|170|1178
|player|p2|Ice Master Steph|policeman-gen4|1231
|gen|9
|tier|[Gen 9] OU
|rated|
|rule|HP Percentage Mod: HP is shown in percentages
|rule|Endless Battle Clause: Forcing endless battles is banned
|rule|Species Clause: Limit one of each Pokémon
|rule|OHKO Clause: OHKO moves are banned
|rule|Evasion Items Clause: Evasion items are banned
|rule|Evasion Moves Clause: Evasion moves are banned
|rule|Evasion Abilities Clause: Evasion abilities are banned
|rule|Sleep Moves Clause: Sleep-inducing moves are banned
|clearpoke
|poke|p1|Decidueye, M|
|poke|p1|Pecharunt|
|poke|p1|Vaporeon, F|
|poke|p1|Walking Wake|
|poke|p1|Garchomp, M|
|poke|p1|Raging Bolt|
|poke|p2|Dragapult, F|
|poke|p2|Walking Wake|
|poke|p2|Torkoal, M|
|poke|p2|Glimmora, M|
|poke|p2|Lilligant-Hisui, F|
|poke|p2|Slither Wing|
|teampreview
|inactive|Battle timer is ON: inactive players will automatically lose when time's up. (requested by Ice Master Steph)
|inactive|GnsKarma also wants the timer to be on.
|
|t:|1769443409
|teamsize|p1|6
|teamsize|p2|6
|start
|switch|p1a: Ostia Uff|Walking Wake|100/100
|switch|p2a: Fire Dino|Torkoal, M|100/100
|-weather|SunnyDay|[from] ability: Drought|[of] p2a: Fire Dino
|-activate|p1a: Ostia Uff|ability: Protosynthesis
|-start|p1a: Ostia Uff|protosynthesisspa
|turn|1
|
|t:|1769443419
|switch|p2a: Water Dino|Walking Wake|100/100
|-activate|p2a: Water Dino|ability: Protosynthesis
|-start|p2a: Water Dino|protosynthesisspe
|move|p1a: Ostia Uff|Surf|p2a: Water Dino
|-resisted|p2a: Water Dino
|-damage|p2a: Water Dino|92/100
|
|-weather|SunnyDay|[upkeep]
|upkeep
|turn|2
|
|t:|1769443430
|-end|p1a: Ostia Uff|Protosynthesis|[silent]
|switch|p1a: No-No-No|Vaporeon, F, shiny|100/100
|move|p2a: Water Dino|Draco Meteor|p1a: No-No-No
|-damage|p1a: No-No-No|52/100
|-unboost|p2a: Water Dino|spa|2
|
|-weather|SunnyDay|[upkeep]
|-heal|p1a: No-No-No|59/100|[from] item: Leftovers
|upkeep
|turn|3
|
|t:|1769443442
|-end|p2a: Water Dino|Protosynthesis|[silent]
|switch|p2a: Guess my set|Dragapult, F|100/100
|move|p1a: No-No-No|Wish|p1a: No-No-No
|
|-weather|SunnyDay|[upkeep]
|-heal|p1a: No-No-No|65/100|[from] item: Leftovers
|upkeep
|turn|4
|
|t:|1769443451
|move|p2a: Guess my set|Solar Beam||[still]
|-prepare|p2a: Guess my set|Solar Beam
|-anim|p2a: Guess my set|Solar Beam|p1a: No-No-No
|-supereffective|p1a: No-No-No
|-damage|p1a: No-No-No|4/100
|move|p1a: No-No-No|Scald|p2a: Guess my set
|-resisted|p2a: Guess my set
|-damage|p2a: Guess my set|90/100
|
|-weather|SunnyDay|[upkeep]
|-heal|p1a: No-No-No|54/100|[from] move: Wish|[wisher] No-No-No
|-heal|p1a: No-No-No|60/100|[from] item: Leftovers
|upkeep
|turn|5
|
|t:|1769443470
|switch|p1a: Ostia Uff|Walking Wake|100/100
|-activate|p1a: Ostia Uff|ability: Protosynthesis
|-start|p1a: Ostia Uff|protosynthesisspa
|move|p2a: Guess my set|Solar Beam||[still]
|-prepare|p2a: Guess my set|Solar Beam
|-anim|p2a: Guess my set|Solar Beam|p1a: Ostia Uff
|-damage|p1a: Ostia Uff|37/100
|
|-weather|SunnyDay|[upkeep]
|upkeep
|turn|6
|
|t:|1769443480
|move|p1a: Ostia Uff|Draco Meteor|p2a: Guess my set
|-supereffective|p2a: Guess my set
|-damage|p2a: Guess my set|0 fnt
|-unboost|p1a: Ostia Uff|spa|2
|faint|p2a: Guess my set
|
|-weather|SunnyDay|[upkeep]
|upkeep
|
|t:|1769443491
|switch|p2a: Stall breaker|Slither Wing|100/100
|-activate|p2a: Stall breaker|ability: Protosynthesis
|-start|p2a: Stall breaker|protosynthesisatk
|turn|7
|
|t:|1769443496
|-end|p1a: Ostia Uff|Protosynthesis|[silent]
|switch|p1a: Uff|Pecharunt|100/100
|move|p2a: Stall breaker|First Impression|p1a: Uff
|-resisted|p1a: Uff
|-damage|p1a: Uff|93/100
|
|-weather|SunnyDay|[upkeep]
|-heal|p1a: Uff|99/100|[from] item: Leftovers
|upkeep
|turn|8
|
|t:|1769443511
|-terastallize|p2a: Stall breaker|Fire
|move|p2a: Stall breaker|Flare Blitz|p1a: Uff
|-damage|p1a: Uff|39/100
|-damage|p2a: Stall breaker|78/100|[from] Recoil
|move|p1a: Uff|Malignant Chain|p2a: Stall breaker
|-damage|p2a: Stall breaker|57/100
|
|-weather|none
|-end|p2a: Stall breaker|Protosynthesis
|-heal|p1a: Uff|45/100|[from] item: Leftovers
|upkeep
|turn|9
|
|t:|1769443524
|-end|p2a: Stall breaker|Protosynthesis|[silent]
|switch|p2a: Fire Dino|Torkoal, M|100/100
|-weather|SunnyDay|[from] ability: Drought|[of] p2a: Fire Dino
|move|p1a: Uff|Recover|p1a: Uff
|-heal|p1a: Uff|95/100
|
|-weather|SunnyDay|[upkeep]
|-heal|p1a: Uff|100/100|[from] item: Leftovers
|upkeep
|turn|10
|
|t:|1769443535
|move|p1a: Uff|Malignant Chain|p2a: Fire Dino
|-damage|p2a: Fire Dino|66/100
|move|p2a: Fire Dino|Scorching Sands|p1a: Uff
|-supereffective|p1a: Uff
|-damage|p1a: Uff|65/100
|
|-weather|SunnyDay|[upkeep]
|-heal|p1a: Uff|71/100|[from] item: Leftovers
|upkeep
|turn|11
|
|t:|1769443550
|move|p1a: Uff|Malignant Chain|p2a: Fire Dino
|-damage|p2a: Fire Dino|32/100
|move|p2a: Fire Dino|Stealth Rock|p1a: Uff
|-sidestart|p1: GnsKarma|move: Stealth Rock
|
|-weather|SunnyDay|[upkeep]
|-heal|p1a: Uff|77/100|[from] item: Leftovers
|upkeep
|turn|12
|
|t:|1769443561
|switch|p2a: Water Dino|Walking Wake|92/100
|-activate|p2a: Water Dino|ability: Protosynthesis
|-start|p2a: Water Dino|protosynthesisspe
|move|p1a: Uff|Recover|p1a: Uff
|-heal|p1a: Uff|100/100
|
|-weather|SunnyDay|[upkeep]
|upkeep
|turn|13
|
|t:|1769443586
|move|p2a: Water Dino|Draco Meteor|p1a: Uff
|-crit|p1a: Uff
|-damage|p1a: Uff|0 fnt
|-unboost|p2a: Water Dino|spa|2
|faint|p1a: Uff
|
|-weather|SunnyDay|[upkeep]
|upkeep
|
|t:|1769443598
|switch|p1a: Ostia Uff|Walking Wake|37/100
|-damage|p1a: Ostia Uff|25/100|[from] Stealth Rock
|-activate|p1a: Ostia Uff|ability: Protosynthesis
|-start|p1a: Ostia Uff|protosynthesisspa
|turn|14
|
|t:|1769443604
|move|p1a: Ostia Uff|Draco Meteor|p2a: Water Dino
|-supereffective|p2a: Water Dino
|-damage|p2a: Water Dino|0 fnt
|-unboost|p1a: Ostia Uff|spa|2
|faint|p2a: Water Dino
|-end|p2a: Water Dino|Protosynthesis|[silent]
|
|-weather|SunnyDay|[upkeep]
|upkeep
|
|t:|1769443614
|switch|p2a: Stall breaker|Slither Wing, tera:Fire|57/100
|-activate|p2a: Stall breaker|ability: Protosynthesis
|-start|p2a: Stall breaker|protosynthesisatk
|turn|15
|
|t:|1769443633
|-end|p1a: Ostia Uff|Protosynthesis|[silent]
|switch|p1a: M-Garchimp|Garchomp, M|100/100
|-damage|p1a: M-Garchimp|94/100|[from] Stealth Rock
|move|p2a: Stall breaker|Flare Blitz|p1a: M-Garchimp
|-resisted|p1a: M-Garchimp
|-damage|p1a: M-Garchimp|28/100
|-damage|p2a: Stall breaker|45/100|[from] ability: Rough Skin|[of] p1a: M-Garchimp
|-damage|p2a: Stall breaker|22/100|[from] Recoil
|
|-weather|SunnyDay|[upkeep]
|upkeep
|turn|16
|
|t:|1769443650
|-end|p2a: Stall breaker|Protosynthesis|[silent]
|switch|p2a: VEGITO|Lilligant-Hisui, F, shiny|100/100
|move|p1a: M-Garchimp|Earthquake|p2a: VEGITO
|-resisted|p2a: VEGITO
|-damage|p2a: VEGITO|59/100
|
|-weather|none
|upkeep
|turn|17
|
|t:|1769443663
|switch|p1a: RoBin|Decidueye, M, shiny|100/100
|-damage|p1a: RoBin|88/100|[from] Stealth Rock
|move|p2a: VEGITO|Victory Dance|p2a: VEGITO
|-boost|p2a: VEGITO|atk|1
|-boost|p2a: VEGITO|def|1
|-boost|p2a: VEGITO|spe|1
|
|upkeep
|turn|18
|
|t:|1769443672
|move|p2a: VEGITO|Victory Dance|p2a: VEGITO
|-boost|p2a: VEGITO|atk|1
|-boost|p2a: VEGITO|def|1
|-boost|p2a: VEGITO|spe|1
|move|p1a: RoBin|Defog|p2a: VEGITO
|-unboost|p2a: VEGITO|evasion|1
|-sideend|p1: GnsKarma|Stealth Rock|[from] move: Defog|[of] p1a: RoBin
|
|upkeep
|turn|19
|
|t:|1769443686
|move|p2a: VEGITO|Victory Dance|p2a: VEGITO
|-boost|p2a: VEGITO|atk|1
|-boost|p2a: VEGITO|def|1
|-boost|p2a: VEGITO|spe|1
|move|p1a: RoBin|U-turn|p2a: VEGITO
|-damage|p2a: VEGITO|49/100
|
|t:|1769443700
|switch|p1a: Raging Bolt|Raging Bolt|100/100|[from] U-turn
|
|upkeep
|turn|20
|
|t:|1769443710
|move|p1a: Raging Bolt|Thunderclap|p2a: VEGITO
|-resisted|p2a: VEGITO
|-damage|p2a: VEGITO|19/100
|move|p2a: VEGITO|Close Combat|p1a: Raging Bolt
|-damage|p1a: Raging Bolt|0 fnt
|-unboost|p2a: VEGITO|def|1
|-unboost|p2a: VEGITO|spd|1
|faint|p1a: Raging Bolt
|-end|p1a: Raging Bolt|Protosynthesis|[silent]
|-damage|p2a: VEGITO|10/100|[from] item: Life Orb
|
|upkeep
|
|t:|1769443719
|switch|p1a: RoBin|Decidueye, M, shiny|88/100
|turn|21
|
|t:|1769443728
|move|p2a: VEGITO|Solar Blade||[still]
|-prepare|p2a: VEGITO|Solar Blade
|move|p1a: RoBin|U-turn|p2a: VEGITO
|-damage|p2a: VEGITO|0 fnt
|faint|p2a: VEGITO
|
|t:|1769443743
|switch|p1a: Ostia Uff|Walking Wake|25/100|[from] U-turn
|
|upkeep
|
|t:|1769443748
|switch|p2a: Fire Dino|Torkoal, M|32/100
|-weather|SunnyDay|[from] ability: Drought|[of] p2a: Fire Dino
|-activate|p1a: Ostia Uff|ability: Protosynthesis
|-start|p1a: Ostia Uff|protosynthesisspa
|turn|22
|
|t:|1769443755
|move|p1a: Ostia Uff|Draco Meteor|p2a: Fire Dino
|-damage|p2a: Fire Dino|0 fnt
|-unboost|p1a: Ostia Uff|spa|2
|faint|p2a: Fire Dino
|
|-weather|SunnyDay|[upkeep]
|upkeep
|
|t:|1769443762
|switch|p2a: Stall breaker|Slither Wing, tera:Fire|22/100
|-activate|p2a: Stall breaker|ability: Protosynthesis
|-start|p2a: Stall breaker|protosynthesisatk
|turn|23
|
|t:|1769443767
|-end|p1a: Ostia Uff|Protosynthesis|[silent]
|switch|p1a: M-Garchimp|Garchomp, M|28/100
|move|p2a: Stall breaker|Flame Charge|p1a: M-Garchimp
|-resisted|p1a: M-Garchimp
|-damage|p1a: M-Garchimp|0 fnt
|-boost|p2a: Stall breaker|spe|1
|-damage|p2a: Stall breaker|9/100|[from] ability: Rough Skin|[of] p1a: M-Garchimp
|faint|p1a: M-Garchimp
|
|-weather|SunnyDay|[upkeep]
|upkeep
|
|t:|1769443781
|switch|p1a: Ostia Uff|Walking Wake|25/100
|-activate|p1a: Ostia Uff|ability: Protosynthesis
|-start|p1a: Ostia Uff|protosynthesisspa
|turn|24
|
|t:|1769443787
|-end|p2a: Stall breaker|Protosynthesis|[silent]
|switch|p2a: Glimmora|Glimmora, M|100/100
|move|p1a: Ostia Uff|Flamethrower|p2a: Glimmora
|-resisted|p2a: Glimmora
|-damage|p2a: Glimmora|69/100
|
|-weather|SunnyDay|[upkeep]
|-heal|p2a: Glimmora|75/100|[from] item: Black Sludge
|upkeep
|turn|25
|
|t:|1769443796
|-end|p1a: Ostia Uff|Protosynthesis|[silent]
|switch|p1a: No-No-No|Vaporeon, F, shiny|60/100
|move|p2a: Glimmora|Mortal Spin|p1a: No-No-No
|-damage|p1a: No-No-No|53/100
|-status|p1a: No-No-No|psn
|
|-weather|SunnyDay|[upkeep]
|-heal|p2a: Glimmora|81/100|[from] item: Black Sludge
|-heal|p1a: No-No-No|60/100 psn|[from] item: Leftovers
|-damage|p1a: No-No-No|47/100 psn|[from] psn
|upkeep
|turn|26
|
|t:|1769443808
|move|p2a: Glimmora|Solar Beam||[still]
|-prepare|p2a: Glimmora|Solar Beam
|-anim|p2a: Glimmora|Solar Beam|p1a: No-No-No
|-supereffective|p1a: No-No-No
|-damage|p1a: No-No-No|0 fnt
|faint|p1a: No-No-No
|
|-weather|SunnyDay|[upkeep]
|-heal|p2a: Glimmora|87/100|[from] item: Black Sludge
|upkeep
|
|t:|1769443813
|switch|p1a: Ostia Uff|Walking Wake|25/100
|-activate|p1a: Ostia Uff|ability: Protosynthesis
|-start|p1a: Ostia Uff|protosynthesisspa
|turn|27
|
|t:|1769443829
|move|p1a: Ostia Uff|Draco Meteor|p2a: Glimmora
|-damage|p2a: Glimmora|0 fnt
|-unboost|p1a: Ostia Uff|spa|2
|faint|p2a: Glimmora
|
|-weather|SunnyDay|[upkeep]
|upkeep
|
|t:|1769443837
|switch|p2a: Stall breaker|Slither Wing, tera:Fire|9/100
|-activate|p2a: Stall breaker|ability: Protosynthesis
|-start|p2a: Stall breaker|protosynthesisatk
|turn|28
|
|t:|1769443841
|-end|p1a: Ostia Uff|Protosynthesis|[silent]
|switch|p1a: RoBin|Decidueye, M, shiny|88/100
|move|p2a: Stall breaker|First Impression|p1a: RoBin
|-damage|p1a: RoBin|19/100
|
|-weather|SunnyDay|[upkeep]
|upkeep
|turn|29
|
|t:|1769443853
|move|p2a: Stall breaker|Flame Charge|p1a: RoBin
|-supereffective|p1a: RoBin
|-damage|p1a: RoBin|0 fnt
|-boost|p2a: Stall breaker|spe|1
|faint|p1a: RoBin
|
|-weather|none
|-end|p2a: Stall breaker|Protosynthesis
|upkeep
|
|t:|1769443857
|switch|p1a: Ostia Uff|Walking Wake|25/100
|turn|30
|
|t:|1769443864
|-terastallize|p1a: Ostia Uff|Steel
|move|p1a: Ostia Uff|Surf|p2a: Stall breaker
|-supereffective|p2a: Stall breaker
|-damage|p2a: Stall breaker|0 fnt
|faint|p2a: Stall breaker
|-end|p2a: Stall breaker|Protosynthesis|[silent]
|
|win|GnsKarma
|raw|GnsKarma's rating: 1178 &rarr; <strong>1207</strong><br />(+29 for winning)
|raw|Ice Master Steph's rating: 1231 &rarr; <strong>1202</strong><br />(-29 for losing)
|l|☆Ice Master Steph
|player|p2|
