|j|☆Kanade Cult Leader
|j|☆Grimsley961116
|t:|1769311363
|gametype|singles
|player|p1|Kanade Cult Leader|102|1423
|player|p2|Grimsley961116|grimsley|1451
|gen|9
|tier|[Gen 9] OU
|rated|
|rule|HP Percentage Mod: HP is shown in percentages
|rule|Endless Battle Clause: Forcing endless battles is banned
|rule|Species Clause: Limit one of each Pokémon
|rule|OHKO Clause: OHKO moves are banned
|rule|Evasion Items Clause: Evasion items are banned
|rule|Evasion Moves Clause: Evasion moves are banned
|rule|Evasion Abilities Clause: Evasion abilities are banned
|rule|Sleep Moves Clause: Sleep-inducing moves are banned
|clearpoke
|poke|p1|Ribombee, M|
|poke|p1|Gholdengo|
|poke|p1|Serperior, M|
|poke|p1|Kingambit, F|
|poke|p1|Ogerpon-Wellspring, F|
|poke|p1|Glimmora, F|
|poke|p2|Rotom-Wash|
|poke|p2|Torkoal, M|
|poke|p2|Garganacl, M|
|poke|p2|Arboliva, F|
|poke|p2|Ceruledge, F|
|poke|p2|Dragonite, F|
|teampreview
|inactive|Battle timer is ON: inactive players will automatically lose when time's up. (requested by Kanade Cult Leader)
|
|t:|1769311371
|teamsize|p1|6
|teamsize|p2|6
|start
|switch|p1a: Ribombee|Ribombee, M|100/100
|switch|p2a: Rotom|Rotom-Wash|100/100
|turn|1
|
|t:|1769311380
|move|p2a: Rotom|Trick|p1a: Ribombee
|-activate|p2a: Rotom|move: Trick|[of] p1a: Ribombee
|-item|p1a: Ribombee|Choice Scarf|[from] move: Trick
|-item|p2a: Rotom|Focus Sash|[from] move: Trick
|move|p1a: Ribombee|Sticky Web|p2a: Rotom
|-sidestart|p2: Grimsley961116|move: Sticky Web
|
|upkeep
|turn|2
|
|t:|1769311396
|switch|p1a: Serperior|Serperior, M|100/100
|move|p2a: Rotom|Volt Switch|p1a: Serperior
|-resisted|p1a: Serperior
|-crit|p1a: Serperior
|-damage|p1a: Serperior|66/100
|
|t:|1769311400
|switch|p2a: Torkoal|Torkoal, M|100/100|[from] Volt Switch
|
|-heal|p1a: Serperior|73/100|[from] item: Leftovers
|upkeep
|turn|3
|
|t:|1769311420
|switch|p1a: Glimmora|Glimmora, F|100/100
|move|p2a: Torkoal|Fire Blast|p1a: Glimmora|[miss]
|-miss|p2a: Torkoal|p1a: Glimmora
|
|upkeep
|turn|4
|
|t:|1769311427
|switch|p2a: Rotom|Rotom-Wash|100/100
|move|p1a: Glimmora|Meteor Beam||[still]
|-prepare|p1a: Glimmora|Meteor Beam
|-boost|p1a: Glimmora|spa|1
|-enditem|p1a: Glimmora|Power Herb
|-anim|p1a: Glimmora|Meteor Beam|p2a: Rotom
|-enditem|p2a: Rotom|Focus Sash
|-damage|p2a: Rotom|1/100
|
|upkeep
|turn|5
|
|t:|1769311448
|move|p1a: Glimmora|Sludge Wave|p2a: Rotom
|-damage|p2a: Rotom|0 fnt
|faint|p2a: Rotom
|
|upkeep
|
|t:|1769311451
|switch|p2a: Arboliva|Arboliva, F|100/100
|-activate|p2a: Arboliva|move: Sticky Web
|-unboost|p2a: Arboliva|spe|1
|turn|6
|
|t:|1769311457
|move|p1a: Glimmora|Sludge Wave|p2a: Arboliva
|-supereffective|p2a: Arboliva
|-damage|p2a: Arboliva|17/100
|-fieldstart|move: Grassy Terrain|[from] ability: Seed Sower|[of] p2a: Arboliva
|move|p2a: Arboliva|Mirror Coat|p1a: Glimmora
|-damage|p1a: Glimmora|0 fnt
|faint|p1a: Glimmora
|
|-heal|p2a: Arboliva|23/100|[from] Grassy Terrain
|upkeep
|
|t:|1769311475
|switch|p1a: Serperior|Serperior, M|73/100
|turn|7
|
|t:|1769311479
|move|p1a: Serperior|Leaf Storm|p2a: Arboliva
|-resisted|p2a: Arboliva
|-damage|p2a: Arboliva|7/100
|-boost|p1a: Serperior|spa|2
|move|p2a: Arboliva|Tera Blast|p1a: Serperior
|-damage|p1a: Serperior|25/100
|
|-heal|p1a: Serperior|31/100|[from] Grassy Terrain
|-heal|p1a: Serperior|37/100|[from] item: Leftovers
|-heal|p2a: Arboliva|14/100|[from] Grassy Terrain
|upkeep
|turn|8
|
|t:|1769311491
|move|p1a: Serperior|Leaf Storm|p2a: Arboliva
|-resisted|p2a: Arboliva
|-damage|p2a: Arboliva|0 fnt
|-boost|p1a: Serperior|spa|2
|faint|p2a: Arboliva
|
|-heal|p1a: Serperior|43/100|[from] Grassy Terrain
|-heal|p1a: Serperior|50/100|[from] item: Leftovers
|upkeep
|
|t:|1769311492
|switch|p2a: Dragonite|Dragonite, F, shiny|100/100
|turn|9
|
|t:|1769311504
|-terastallize|p2a: Dragonite|Normal
|move|p2a: Dragonite|Extreme Speed|p1a: Serperior
|-damage|p1a: Serperior|0 fnt
|faint|p1a: Serperior
|
|upkeep
|
|t:|1769311514
|switch|p1a: Kingambit|Kingambit, F|100/100
|-activate|p1a: Kingambit|ability: Supreme Overlord
|-start|p1a: Kingambit|fallen2|[silent]
|turn|10
|
|t:|1769311520
|switch|p2a: Ceruledge|Ceruledge, F|100/100
|-activate|p2a: Ceruledge|move: Sticky Web
|-unboost|p2a: Ceruledge|spe|1
|move|p1a: Kingambit|Low Kick|p2a: Ceruledge
|-immune|p2a: Ceruledge
|
|-fieldend|move: Grassy Terrain
|upkeep
|turn|11
|
|t:|1769311530
|move|p1a: Kingambit|Kowtow Cleave|p2a: Ceruledge
|-supereffective|p2a: Ceruledge
|-enditem|p2a: Ceruledge|Focus Sash
|-damage|p2a: Ceruledge|1/100
|-ability|p2a: Ceruledge|Weak Armor|boost
|-unboost|p2a: Ceruledge|def|1
|-boost|p2a: Ceruledge|spe|2
|move|p2a: Ceruledge|Bitter Blade|p1a: Kingambit
|-supereffective|p1a: Kingambit
|-damage|p1a: Kingambit|19/100
|-heal|p2a: Ceruledge|48/100|[from] drain|[of] p1a: Kingambit
|
|upkeep
|turn|12
|
|t:|1769311543
|move|p1a: Kingambit|Sucker Punch||[still]
|-fail|p1a: Kingambit
|move|p2a: Ceruledge|Destiny Bond|p2a: Ceruledge
|-singlemove|p2a: Ceruledge|Destiny Bond
|
|upkeep
|turn|13
|
|t:|1769311549
|move|p1a: Kingambit|Sucker Punch|p2a: Ceruledge
|-supereffective|p2a: Ceruledge
|-damage|p2a: Ceruledge|0 fnt
|faint|p2a: Ceruledge
|-activate|p2a: Ceruledge|move: Destiny Bond
|faint|p1a: Kingambit
|-end|p1a: Kingambit|fallen2|[silent]
|
|upkeep
|
|t:|1769311562
|switch|p2a: Dragonite|Dragonite, F, shiny, tera:Normal|100/100
|switch|p1a: Ogerpon|Ogerpon-Wellspring, F|100/100
|-activate|p2a: Dragonite|move: Sticky Web
|-unboost|p2a: Dragonite|spe|1
|turn|14
|
|t:|1769311571
|move|p1a: Ogerpon|Ivy Cudgel|p2a: Dragonite|[anim] Ivy Cudgel Water
|-damage|p2a: Dragonite|70/100
|move|p2a: Dragonite|Dragon Claw|p1a: Ogerpon
|-damage|p1a: Ogerpon|37/100
|
|upkeep
|turn|15
|
|t:|1769311578
|move|p2a: Dragonite|Extreme Speed|p1a: Ogerpon
|-damage|p1a: Ogerpon|0 fnt
|faint|p1a: Ogerpon
|
|upkeep
|
|t:|1769311593
|switch|p1a: Ribombee|Ribombee, M|100/100
|turn|16
|
|t:|1769311603
|-terastallize|p1a: Ribombee|Ghost
|move|p1a: Ribombee|Moonblast|p2a: Dragonite
|-damage|p2a: Dragonite|24/100
|-unboost|p2a: Dragonite|spa|1
|move|p2a: Dragonite|Dragon Dance|p2a: Dragonite
|-boost|p2a: Dragonite|atk|1
|-boost|p2a: Dragonite|spe|1
|
|upkeep
|turn|17
|
|t:|1769311613
|move|p1a: Ribombee|Moonblast|p2a: Dragonite
|-damage|p2a: Dragonite|0 fnt
|faint|p2a: Dragonite
|
|upkeep
|
|t:|1769311615
|switch|p2a: Garganacl|Garganacl, M|100/100
|-activate|p2a: Garganacl|move: Sticky Web
|-unboost|p2a: Garganacl|spe|1
|turn|18
|
|t:|1769311623
|move|p1a: Ribombee|Moonblast|p2a: Garganacl
|-damage|p2a: Garganacl|71/100
|move|p2a: Garganacl|Salt Cure|p1a: Ribombee
|-damage|p1a: Ribombee|73/100
|
|-heal|p2a: Garganacl|77/100|[from] item: Leftovers
|upkeep
|turn|19
|
|t:|1769311632
|move|p1a: Ribombee|Moonblast|p2a: Garganacl
|-damage|p2a: Garganacl|47/100
|move|p2a: Garganacl|Salt Cure|p1a: Ribombee
|-damage|p1a: Ribombee|47/100
|
|-heal|p2a: Garganacl|53/100|[from] item: Leftovers
|upkeep
|turn|20
|
|t:|1769311641
|move|p1a: Ribombee|Moonblast|p2a: Garganacl
|-damage|p2a: Garganacl|25/100
|move|p2a: Garganacl|Recover|p2a: Garganacl
|-heal|p2a: Garganacl|75/100
|
|-heal|p2a: Garganacl|81/100|[from] item: Leftovers
|upkeep
|turn|21
|
|t:|1769311649
|move|p2a: Garganacl|Protect|p2a: Garganacl
|-singleturn|p2a: Garganacl|Protect
|move|p1a: Ribombee|Moonblast|p2a: Garganacl
|-activate|p2a: Garganacl|move: Protect
|
|-heal|p2a: Garganacl|87/100|[from] item: Leftovers
|upkeep
|turn|22
|
|t:|1769311657
|move|p1a: Ribombee|Moonblast|p2a: Garganacl
|-damage|p2a: Garganacl|59/100
|-unboost|p2a: Garganacl|spa|1
|move|p2a: Garganacl|Substitute|p2a: Garganacl
|-start|p2a: Garganacl|Substitute
|-damage|p2a: Garganacl|34/100
|
|-heal|p2a: Garganacl|41/100|[from] item: Leftovers
|upkeep
|turn|23
|
|t:|1769311667
|move|p2a: Garganacl|Protect|p2a: Garganacl
|-singleturn|p2a: Garganacl|Protect
|move|p1a: Ribombee|Moonblast|p2a: Garganacl
|-activate|p2a: Garganacl|move: Protect
|
|-heal|p2a: Garganacl|47/100|[from] item: Leftovers
|upkeep
|turn|24
|
|t:|1769311675
|move|p1a: Ribombee|Moonblast|p2a: Garganacl
|-end|p2a: Garganacl|Substitute
|move|p2a: Garganacl|Substitute|p2a: Garganacl
|-start|p2a: Garganacl|Substitute
|-damage|p2a: Garganacl|22/100
|
|-heal|p2a: Garganacl|28/100|[from] item: Leftovers
|upkeep
|turn|25
|
|t:|1769311693
|switch|p1a: Gholdengo|Gholdengo|100/100
|-item|p1a: Gholdengo|Air Balloon
|move|p2a: Garganacl|Protect||[still]
|-fail|p2a: Garganacl
|
|-heal|p2a: Garganacl|34/100|[from] item: Leftovers
|upkeep
|turn|26
|
|t:|1769311702
|move|p1a: Gholdengo|Nasty Plot|p1a: Gholdengo
|-boost|p1a: Gholdengo|spa|2
|move|p2a: Garganacl|Salt Cure|p1a: Gholdengo
|-resisted|p1a: Gholdengo
|-crit|p1a: Gholdengo
|-damage|p1a: Gholdengo|88/100
|-start|p1a: Gholdengo|Salt Cure
|-enditem|p1a: Gholdengo|Air Balloon
|
|-heal|p2a: Garganacl|40/100|[from] item: Leftovers
|-damage|p1a: Gholdengo|64/100|[from] Salt Cure
|upkeep
|turn|27
|
|t:|1769311715
|move|p2a: Garganacl|Protect|p2a: Garganacl
|-singleturn|p2a: Garganacl|Protect
|move|p1a: Gholdengo|Dazzling Gleam|p2a: Garganacl
|-activate|p2a: Garganacl|move: Protect
|
|-heal|p2a: Garganacl|47/100|[from] item: Leftovers
|-damage|p1a: Gholdengo|39/100|[from] Salt Cure
|upkeep
|turn|28
|
|t:|1769311727
|move|p1a: Gholdengo|Dazzling Gleam|p2a: Garganacl
|-end|p2a: Garganacl|Substitute
|move|p2a: Garganacl|Substitute|p2a: Garganacl
|-start|p2a: Garganacl|Substitute
|-damage|p2a: Garganacl|22/100
|
|-heal|p2a: Garganacl|28/100|[from] item: Leftovers
|-damage|p1a: Gholdengo|14/100|[from] Salt Cure
|upkeep
|turn|29
|-message|Kanade Cult Leader forfeited.
|
|win|Grimsley961116
|raw|Kanade Cult Leader's rating: 1423 &rarr; <strong>1405</strong><br />(-18 for losing)
|raw|Grimsley961116's rating: 1451 &rarr; <strong>1469</strong><br />(+18 for winning)
|l|☆Kanade Cult Leader
|player|p1|
|l|☆Grimsley961116
|player|p2|
