|j|☆do bronx aarone
|j|☆AAD520
|t:|1769444936
|gametype|singles
|player|p1|do bronx aarone|169|1377
|player|p2|AAD520|2|1355
|gen|9
|tier|[Gen 9] OU
|rated|
|rule|HP Percentage Mod: HP is shown in percentages
|rule|Endless Battle Clause: Forcing endless battles is banned
|rule|Species Clause: Limit one of each Pokémon
|rule|OHKO Clause: OHKO moves are banned
|rule|Evasion Items Clause: Evasion items are banned
|rule|Evasion Moves Clause: Evasion moves are banned
|rule|Evasion Abilities Clause: Evasion abilities are banned
|rule|Sleep Moves Clause: Sleep-inducing moves are banned
|clearpoke
|poke|p1|Grimmsnarl, M|
|poke|p1|Ursaluna, M|
|poke|p1|Latias, F|
|poke|p1|Primarina, M|
|poke|p1|Maushold-Four|
|poke|p1|Hoopa-Unbound|
|poke|p2|Diancie|
|poke|p2|Eelektross, F|
|poke|p2|Kleavor, F|
|poke|p2|Samurott-Hisui, M|
|poke|p2|Mudsdale, M|
|poke|p2|Milotic, M|
|teampreview
|
|t:|1769444941
|teamsize|p1|6
|teamsize|p2|6
|start
|switch|p1a: Grimmsnarl|Grimmsnarl, M|100/100
|switch|p2a: Kleavor|Kleavor, F|100/100
|turn|1
|
|t:|1769444950
|move|p1a: Grimmsnarl|Reflect|p1a: Grimmsnarl
|-sidestart|p1: do bronx aarone|Reflect
|move|p2a: Kleavor|Stone Axe|p1a: Grimmsnarl
|-damage|p1a: Grimmsnarl|65/100
|-sidestart|p1: do bronx aarone|move: Stealth Rock
|
|upkeep
|turn|2
|
|t:|1769444958
|switch|p2a: Mudsdale|Mudsdale, M|100/100
|move|p1a: Grimmsnarl|Light Screen|p1a: Grimmsnarl
|-sidestart|p1: do bronx aarone|move: Light Screen
|
|upkeep
|turn|3
|
|t:|1769444964
|switch|p2a: Diancie|Diancie|100/100
|move|p1a: Grimmsnarl|Parting Shot|p2a: Diancie
|-fail|p2a: Diancie|unboost|[from] ability: Clear Body|[of] p2a: Diancie
|
|upkeep
|turn|4
|
|t:|1769444972
|switch|p1a: Ursaluna|Ursaluna, M|100/100
|-damage|p1a: Ursaluna|94/100|[from] Stealth Rock
|move|p2a: Diancie|Diamond Storm|p1a: Ursaluna
|-resisted|p1a: Ursaluna
|-damage|p1a: Ursaluna|88/100
|-boost|p2a: Diancie|def|2
|
|-status|p1a: Ursaluna|brn|[from] item: Flame Orb
|upkeep
|turn|5
|
|t:|1769444983
|move|p1a: Ursaluna|Swords Dance|p1a: Ursaluna
|-boost|p1a: Ursaluna|atk|2
|move|p2a: Diancie|Body Press|p1a: Ursaluna
|-supereffective|p1a: Ursaluna
|-damage|p1a: Ursaluna|47/100 brn
|
|-damage|p1a: Ursaluna|41/100 brn|[from] brn
|upkeep
|turn|6
|
|t:|1769444995
|switch|p2a: Mudsdale|Mudsdale, M|100/100
|move|p1a: Ursaluna|Earthquake|p2a: Mudsdale
|-damage|p2a: Mudsdale|0 fnt
|faint|p2a: Mudsdale
|
|-damage|p1a: Ursaluna|35/100 brn|[from] brn
|upkeep
|
|t:|1769445004
|switch|p2a: Samurott|Samurott-Hisui, M|100/100
|turn|7
|
|t:|1769445010
|move|p2a: Samurott|Flip Turn|p1a: Ursaluna
|-supereffective|p1a: Ursaluna
|-damage|p1a: Ursaluna|3/100 brn
|
|t:|1769445013
|switch|p2a: Eelektross|Eelektross, F|100/100|[from] Flip Turn
|move|p1a: Ursaluna|Facade|p2a: Eelektross
|-damage|p2a: Eelektross|0 fnt
|faint|p2a: Eelektross
|
|-damage|p1a: Ursaluna|0 fnt|[from] brn
|faint|p1a: Ursaluna
|upkeep
|
|t:|1769445028
|switch|p1a: Maushold|Maushold-Four|100/100
|switch|p2a: Samurott|Samurott-Hisui, M|100/100
|-damage|p1a: Maushold|88/100|[from] Stealth Rock
|turn|8
|
|t:|1769445045
|move|p2a: Samurott|Aqua Jet|p1a: Maushold
|-damage|p1a: Maushold|66/100
|move|p1a: Maushold|Tidy Up|p1a: Maushold
|-sideend|p1: do bronx aarone|Stealth Rock
|-activate|p1a: Maushold|move: Tidy Up
|-boost|p1a: Maushold|atk|1
|-boost|p1a: Maushold|spe|1
|
|-sideend|p1: do bronx aarone|Reflect
|upkeep
|turn|9
|
|t:|1769445054
|move|p2a: Samurott|Aqua Jet|p1a: Maushold
|-damage|p1a: Maushold|16/100
|move|p1a: Maushold|Population Bomb|p2a: Samurott
|-damage|p2a: Samurott|78/100
|-damage|p2a: Samurott|56/100
|-damage|p2a: Samurott|37/100
|-damage|p2a: Samurott|15/100
|-damage|p2a: Samurott|0 fnt
|faint|p2a: Samurott
|-hitcount|p2: Samurott|5
|
|-sideend|p1: do bronx aarone|move: Light Screen
|upkeep
|
|t:|1769445061
|switch|p2a: Diancie|Diancie|100/100
|turn|10
|
|t:|1769445071
|move|p1a: Maushold|Population Bomb|p2a: Diancie|[miss]
|-miss|p1a: Maushold|p2a: Diancie
|move|p2a: Diancie|Draining Kiss|p1a: Maushold
|-crit|p1a: Maushold
|-damage|p1a: Maushold|0 fnt
|faint|p1a: Maushold
|
|upkeep
|
|t:|1769445082
|switch|p1a: Grimmsnarl|Grimmsnarl, M|65/100
|turn|11
|
|t:|1769445094
|move|p1a: Grimmsnarl|Light Screen|p1a: Grimmsnarl
|-sidestart|p1: do bronx aarone|move: Light Screen
|move|p2a: Diancie|Diamond Storm|p1a: Grimmsnarl
|-damage|p1a: Grimmsnarl|21/100
|-boost|p2a: Diancie|def|2
|
|upkeep
|turn|12
|
|t:|1769445112
|switch|p1a: Primarina|Primarina, M|100/100
|move|p2a: Diancie|Calm Mind|p2a: Diancie
|-boost|p2a: Diancie|spa|1
|-boost|p2a: Diancie|spd|1
|
|upkeep
|turn|13
|
|t:|1769445137
|move|p1a: Primarina|Calm Mind|p1a: Primarina
|-boost|p1a: Primarina|spa|1
|-boost|p1a: Primarina|spd|1
|move|p2a: Diancie|Diamond Storm|p1a: Primarina
|-damage|p1a: Primarina|73/100
|
|upkeep
|turn|14
|
|t:|1769445144
|move|p1a: Primarina|Calm Mind|p1a: Primarina
|-boost|p1a: Primarina|spa|1
|-boost|p1a: Primarina|spd|1
|move|p2a: Diancie|Body Press|p1a: Primarina
|-resisted|p1a: Primarina
|-damage|p1a: Primarina|50/100
|-enditem|p1a: Primarina|Sitrus Berry|[eat]
|-heal|p1a: Primarina|75/100|[from] item: Sitrus Berry
|
|upkeep
|turn|15
|
|t:|1769445157
|move|p1a: Primarina|Psychic Noise|p2a: Diancie
|-supereffective|p2a: Diancie
|-damage|p2a: Diancie|47/100
|-start|p2a: Diancie|move: Heal Block
|move|p2a: Diancie|Diamond Storm|p1a: Primarina
|-damage|p1a: Primarina|46/100
|-boost|p2a: Diancie|def|2
|
|upkeep
|turn|16
|
|t:|1769445167
|move|p1a: Primarina|Psychic Noise|p2a: Diancie
|-supereffective|p2a: Diancie
|-damage|p2a: Diancie|0 fnt
|faint|p2a: Diancie
|
|upkeep
|
|t:|1769445172
|switch|p2a: Kleavor|Kleavor, F|100/100
|turn|17
|
|t:|1769445179
|move|p2a: Kleavor|Stone Axe|p1a: Primarina
|-damage|p1a: Primarina|0 fnt
|-sidestart|p1: do bronx aarone|move: Stealth Rock
|faint|p1a: Primarina
|
|upkeep
|
|t:|1769445185
|switch|p1a: Grimmsnarl|Grimmsnarl, M|21/100
|-damage|p1a: Grimmsnarl|8/100|[from] Stealth Rock
|turn|18
|
|t:|1769445193
|switch|p2a: Milotic|Milotic, M|100/100
|move|p1a: Grimmsnarl|Reflect|p1a: Grimmsnarl
|-sidestart|p1: do bronx aarone|Reflect
|
|-sideend|p1: do bronx aarone|move: Light Screen
|upkeep
|turn|19
|l|☆AAD520
|player|p2|
|j|☆AAD520
|player|p2|AAD520|2|
|
|t:|1769445207
|switch|p2a: Kleavor|Kleavor, F|100/100
|move|p1a: Grimmsnarl|Light Screen|p1a: Grimmsnarl
|-sidestart|p1: do bronx aarone|move: Light Screen
|
|upkeep
|turn|20
|
|t:|1769445227
|move|p1a: Grimmsnarl|Parting Shot|p2a: Kleavor
|-unboost|p2a: Kleavor|atk|1
|-unboost|p2a: Kleavor|spa|1
|
|t:|1769445231
|switch|p1a: Hoopa|Hoopa-Unbound|100/100|[from] Parting Shot
|-damage|p1a: Hoopa|88/100|[from] Stealth Rock
|move|p2a: Kleavor|U-turn|p1a: Hoopa
|-supereffective|p1a: Hoopa
|-damage|p1a: Hoopa|22/100
|
|t:|1769445235
|switch|p2a: Milotic|Milotic, M|100/100|[from] U-turn
|
|upkeep
|turn|21
|
|t:|1769445247
|move|p2a: Milotic|Whirlpool|p1a: Hoopa
|-damage|p1a: Hoopa|19/100
|-activate|p1a: Hoopa|move: Whirlpool|[of] p2a: Milotic
|move|p1a: Hoopa|Psychic Noise|p2a: Milotic
|-damage|p2a: Milotic|77/100
|-start|p2a: Milotic|move: Heal Block
|
|-damage|p1a: Hoopa|7/100|[from] move: Whirlpool|[partiallytrapped]
|upkeep
|turn|22
|
|t:|1769445258
|move|p2a: Milotic|Scald|p1a: Hoopa
|-damage|p1a: Hoopa|0 fnt
|faint|p1a: Hoopa
|
|-end|p2a: Milotic|move: Heal Block
|upkeep
|
|t:|1769445267
|switch|p1a: Grimmsnarl|Grimmsnarl, M|8/100
|-damage|p1a: Grimmsnarl|0 fnt|[from] Stealth Rock
|faint|p1a: Grimmsnarl
|
|t:|1769445271
|switch|p1a: Latias|Latias, F|100/100
|-damage|p1a: Latias|88/100|[from] Stealth Rock
|turn|23
|
|t:|1769445278
|-terastallize|p1a: Latias|Steel
|move|p1a: Latias|Calm Mind|p1a: Latias
|-boost|p1a: Latias|spa|1
|-boost|p1a: Latias|spd|1
|move|p2a: Milotic|Whirlpool|p1a: Latias|[miss]
|-miss|p2a: Milotic|p1a: Latias
|
|-heal|p1a: Latias|94/100|[from] item: Leftovers
|-heal|p2a: Milotic|83/100|[from] item: Leftovers
|upkeep
|turn|24
|
|t:|1769445289
|move|p1a: Latias|Calm Mind|p1a: Latias
|-boost|p1a: Latias|spa|1
|-boost|p1a: Latias|spd|1
|move|p2a: Milotic|Whirlpool|p1a: Latias
|-damage|p1a: Latias|92/100
|-activate|p1a: Latias|move: Whirlpool|[of] p2a: Milotic
|
|-heal|p1a: Latias|98/100|[from] item: Leftovers
|-heal|p2a: Milotic|89/100|[from] item: Leftovers
|-damage|p1a: Latias|86/100|[from] move: Whirlpool|[partiallytrapped]
|upkeep
|turn|25
|
|t:|1769445303
|move|p1a: Latias|Agility|p1a: Latias
|-boost|p1a: Latias|spe|2
|move|p2a: Milotic|Scald|p1a: Latias
|-damage|p1a: Latias|81/100
|
|-heal|p1a: Latias|87/100|[from] item: Leftovers
|-heal|p2a: Milotic|95/100|[from] item: Leftovers
|-damage|p1a: Latias|74/100|[from] move: Whirlpool|[partiallytrapped]
|-sideend|p1: do bronx aarone|Reflect
|upkeep
|turn|26
|
|t:|1769445314
|move|p1a: Latias|Calm Mind|p1a: Latias
|-boost|p1a: Latias|spa|1
|-boost|p1a: Latias|spd|1
|move|p2a: Milotic|Scald|p1a: Latias
|-damage|p1a: Latias|70/100
|
|-heal|p1a: Latias|76/100|[from] item: Leftovers
|-heal|p2a: Milotic|100/100|[from] item: Leftovers
|-damage|p1a: Latias|64/100|[from] move: Whirlpool|[partiallytrapped]
|-sideend|p1: do bronx aarone|move: Light Screen
|upkeep
|turn|27
|
|t:|1769445327
|-terastallize|p2a: Milotic|Stellar
|move|p1a: Latias|Draining Kiss|p2a: Milotic
|-damage|p2a: Milotic|84/100
|-heal|p1a: Latias|76/100|[from] drain|[of] p2a: Milotic
|move|p2a: Milotic|Scald|p1a: Latias
|-damage|p1a: Latias|65/100
|
|-heal|p1a: Latias|71/100|[from] item: Leftovers
|-heal|p2a: Milotic|90/100|[from] item: Leftovers
|-damage|p1a: Latias|58/100|[from] move: Whirlpool|[partiallytrapped]
|upkeep
|turn|28
|
|t:|1769445340
|move|p1a: Latias|Stored Power|p2a: Milotic
|-damage|p2a: Milotic|0 fnt
|faint|p2a: Milotic
|
|-heal|p1a: Latias|65/100|[from] item: Leftovers
|-end|p1a: Latias|Whirlpool|[partiallytrapped]|[silent]
|upkeep
|-message|AAD520 forfeited.
|
|win|do bronx aarone
|raw|do bronx aarone's rating: 1377 &rarr; <strong>1396</strong><br />(+19 for winning)
|raw|AAD520's rating: 1355 &rarr; <strong>1336</strong><br />(-19 for losing)
|l|☆AAD520
|player|p2|
|l|☆do bronx aarone
|player|p1|
|j|☆do bronx aarone
|player|p1|do bronx aarone|169|
