|j|☆Trainer #39
|j|☆hutoew
|t:|1769424680
|gametype|singles
|player|p1|Trainer #39|bugsy|1651
|player|p2|hutoew|hilda|1633
|gen|9
|tier|[Gen 9] OU
|rated|
|rule|HP Percentage Mod: HP is shown in percentages
|rule|Endless Battle Clause: Forcing endless battles is banned
|rule|Species Clause: Limit one of each Pokémon
|rule|OHKO Clause: OHKO moves are banned
|rule|Evasion Items Clause: Evasion items are banned
|rule|Evasion Moves Clause: Evasion moves are banned
|rule|Evasion Abilities Clause: Evasion abilities are banned
|rule|Sleep Moves Clause: Sleep-inducing moves are banned
|clearpoke
|poke|p1|Blissey, F|
|poke|p1|Corviknight, M|
|poke|p1|Dondozo, M|
|poke|p1|Gliscor, M|
|poke|p1|Clefable, M|
|poke|p1|Slowking-Galar, M|
|poke|p2|Ting-Lu|
|poke|p2|Corviknight, M|
|poke|p2|Zamazenta-*|
|poke|p2|Ceruledge, F|
|poke|p2|Kingambit, M|
|poke|p2|Clodsire, F|
|teampreview
|
|t:|1769424731
|teamsize|p1|6
|teamsize|p2|6
|start
|switch|p1a: Free Palestine|Gliscor, M|100/100
|switch|p2a: Ceruledge|Ceruledge, F|100/100
|turn|1
|
|t:|1769424735
|move|p2a: Ceruledge|Poltergeist|p1a: Free Palestine
|-activate|p1a: Free Palestine|move: Poltergeist|Toxic Orb
|-damage|p1a: Free Palestine|44/100
|move|p1a: Free Palestine|Toxic|p2a: Ceruledge
|-status|p2a: Ceruledge|tox
|
|-damage|p2a: Ceruledge|94/100 tox|[from] psn
|-status|p1a: Free Palestine|tox|[from] item: Toxic Orb
|upkeep
|turn|2
|
|t:|1769424743
|move|p1a: Free Palestine|Protect|p1a: Free Palestine
|-singleturn|p1a: Free Palestine|Protect
|move|p2a: Ceruledge|Poltergeist|p1a: Free Palestine
|-activate|p1a: Free Palestine|move: Protect
|
|-damage|p2a: Ceruledge|82/100 tox|[from] psn
|-heal|p1a: Free Palestine|56/100 tox|[from] ability: Poison Heal
|upkeep
|turn|3
|
|t:|1769424749
|switch|p1a: 808 and curses|Dondozo, M|100/100
|move|p2a: Ceruledge|Poltergeist|p1a: 808 and curses
|-activate|p1a: 808 and curses|move: Poltergeist|Leftovers
|-damage|p1a: 808 and curses|65/100
|
|-heal|p1a: 808 and curses|71/100|[from] item: Leftovers
|-damage|p2a: Ceruledge|63/100 tox|[from] psn
|upkeep
|turn|4
|
|t:|1769424752
|-terastallize|p2a: Ceruledge|Ghost
|move|p2a: Ceruledge|Poltergeist|p1a: 808 and curses
|-activate|p1a: 808 and curses|move: Poltergeist|Leftovers
|-damage|p1a: 808 and curses|19/100
|move|p1a: 808 and curses|Curse|p1a: 808 and curses
|-unboost|p1a: 808 and curses|spe|1
|-boost|p1a: 808 and curses|atk|1
|-boost|p1a: 808 and curses|def|1
|
|-heal|p1a: 808 and curses|25/100|[from] item: Leftovers
|-damage|p2a: Ceruledge|39/100 tox|[from] psn
|upkeep
|turn|5
|
|t:|1769424757
|switch|p2a: Kingambit|Kingambit, M|100/100
|switch|p1a: brat|Blissey, F|100/100
|
|upkeep
|turn|6
|
|t:|1769424760
|switch|p1a: Trump is low IQ|Corviknight, M|100/100
|-ability|p1a: Trump is low IQ|Pressure
|move|p2a: Kingambit|Kowtow Cleave|p1a: Trump is low IQ
|-damage|p1a: Trump is low IQ|58/100
|-damage|p2a: Kingambit|84/100|[from] item: Rocky Helmet|[of] p1a: Trump is low IQ
|
|upkeep
|turn|7
|
|t:|1769424764
|move|p1a: Trump is low IQ|Roost|p1a: Trump is low IQ
|-heal|p1a: Trump is low IQ|100/100
|-singleturn|p1a: Trump is low IQ|move: Roost
|move|p2a: Kingambit|Kowtow Cleave|p1a: Trump is low IQ
|-crit|p1a: Trump is low IQ
|-damage|p1a: Trump is low IQ|34/100
|-damage|p2a: Kingambit|67/100|[from] item: Rocky Helmet|[of] p1a: Trump is low IQ
|
|upkeep
|turn|8
|
|t:|1769424767
|move|p1a: Trump is low IQ|Roost|p1a: Trump is low IQ
|-heal|p1a: Trump is low IQ|84/100
|-singleturn|p1a: Trump is low IQ|move: Roost
|move|p2a: Kingambit|Kowtow Cleave|p1a: Trump is low IQ
|-damage|p1a: Trump is low IQ|38/100
|-damage|p2a: Kingambit|51/100|[from] item: Rocky Helmet|[of] p1a: Trump is low IQ
|
|upkeep
|turn|9
|
|t:|1769424769
|move|p1a: Trump is low IQ|Roost|p1a: Trump is low IQ
|-heal|p1a: Trump is low IQ|88/100
|-singleturn|p1a: Trump is low IQ|move: Roost
|move|p2a: Kingambit|Kowtow Cleave|p1a: Trump is low IQ
|-damage|p1a: Trump is low IQ|41/100
|-damage|p2a: Kingambit|34/100|[from] item: Rocky Helmet|[of] p1a: Trump is low IQ
|
|upkeep
|turn|10
|
|t:|1769424772
|move|p1a: Trump is low IQ|Roost|p1a: Trump is low IQ
|-heal|p1a: Trump is low IQ|91/100
|-singleturn|p1a: Trump is low IQ|move: Roost
|move|p2a: Kingambit|Kowtow Cleave|p1a: Trump is low IQ
|-damage|p1a: Trump is low IQ|50/100
|-damage|p2a: Kingambit|18/100|[from] item: Rocky Helmet|[of] p1a: Trump is low IQ
|
|upkeep
|turn|11
|
|t:|1769424774
|move|p1a: Trump is low IQ|Roost|p1a: Trump is low IQ
|-heal|p1a: Trump is low IQ|99/100
|-singleturn|p1a: Trump is low IQ|move: Roost
|move|p2a: Kingambit|Kowtow Cleave|p1a: Trump is low IQ
|-damage|p1a: Trump is low IQ|59/100
|-damage|p2a: Kingambit|1/100|[from] item: Rocky Helmet|[of] p1a: Trump is low IQ
|
|upkeep
|turn|12
|
|t:|1769424776
|move|p1a: Trump is low IQ|Roost|p1a: Trump is low IQ
|-heal|p1a: Trump is low IQ|100/100
|-singleturn|p1a: Trump is low IQ|move: Roost
|move|p2a: Kingambit|Kowtow Cleave|p1a: Trump is low IQ
|-damage|p1a: Trump is low IQ|55/100
|-damage|p2a: Kingambit|0 fnt|[from] item: Rocky Helmet|[of] p1a: Trump is low IQ
|faint|p2a: Kingambit
|-end|p2a: Kingambit|fallenundefined|[silent]
|
|upkeep
|
|t:|1769424786
|switch|p2a: Ceruledge|Ceruledge, F, tera:Ghost|39/100 tox
|turn|13
|
|t:|1769424797
|switch|p1a: 808 and curses|Dondozo, M|25/100
|move|p2a: Ceruledge|Poltergeist|p1a: 808 and curses
|-activate|p1a: 808 and curses|move: Poltergeist|Leftovers
|-damage|p1a: 808 and curses|0 fnt
|faint|p1a: 808 and curses
|
|-damage|p2a: Ceruledge|32/100 tox|[from] psn
|upkeep
|
|t:|1769424800
|switch|p1a: Free Palestine|Gliscor, M|56/100 tox
|turn|14
|
|t:|1769424803
|switch|p2a: Corviknight|Corviknight, M|100/100
|move|p1a: Free Palestine|Protect||[still]
|-fail|p1a: Free Palestine
|
|-heal|p1a: Free Palestine|69/100 tox|[from] ability: Poison Heal
|upkeep
|turn|15
|
|t:|1769424805
|switch|p1a: Trump is low IQ|Corviknight, M|55/100
|-ability|p1a: Trump is low IQ|Pressure
|move|p2a: Corviknight|Brave Bird|p1a: Trump is low IQ
|-resisted|p1a: Trump is low IQ
|-damage|p1a: Trump is low IQ|30/100
|-damage|p2a: Corviknight|84/100|[from] item: Rocky Helmet|[of] p1a: Trump is low IQ
|-damage|p2a: Corviknight|76/100|[from] Recoil
|
|upkeep
|turn|16
|
|t:|1769424808
|switch|p2a: Ceruledge|Ceruledge, F, tera:Ghost|32/100 tox
|move|p1a: Trump is low IQ|Roost|p1a: Trump is low IQ
|-heal|p1a: Trump is low IQ|80/100
|-singleturn|p1a: Trump is low IQ|move: Roost
|
|-damage|p2a: Ceruledge|26/100 tox|[from] psn
|upkeep
|turn|17
|
|t:|1769424816
|switch|p1a: Charli xcx|Clefable, M|100/100
|move|p2a: Ceruledge|Bitter Blade|p1a: Charli xcx
|-damage|p1a: Charli xcx|21/100
|-heal|p2a: Ceruledge|81/100 tox|[from] drain|[of] p1a: Charli xcx
|
|-damage|p2a: Ceruledge|68/100 tox|[from] psn
|upkeep
|turn|18
|
|t:|1769424818
|move|p1a: Charli xcx|Protect|p1a: Charli xcx
|-singleturn|p1a: Charli xcx|Protect
|move|p2a: Ceruledge|Bitter Blade|p1a: Charli xcx
|-activate|p1a: Charli xcx|move: Protect
|
|-damage|p2a: Ceruledge|50/100 tox|[from] psn
|upkeep
|turn|19
|
|t:|1769424822
|move|p1a: Charli xcx|Protect|p1a: Charli xcx
|-singleturn|p1a: Charli xcx|Protect
|move|p2a: Ceruledge|Bitter Blade|p1a: Charli xcx
|-activate|p1a: Charli xcx|move: Protect
|
|-damage|p2a: Ceruledge|25/100 tox|[from] psn
|upkeep
|turn|20
|
|t:|1769424826
|switch|p2a: Corviknight|Corviknight, M|76/100
|move|p1a: Charli xcx|Wish|p1a: Charli xcx
|
|upkeep
|turn|21
|
|t:|1769424828
|move|p1a: Charli xcx|Protect|p1a: Charli xcx
|-singleturn|p1a: Charli xcx|Protect
|move|p2a: Corviknight|U-turn|p1a: Charli xcx
|-activate|p1a: Charli xcx|move: Protect
|
|-heal|p1a: Charli xcx|71/100|[from] move: Wish|[wisher] Charli xcx
|upkeep
|turn|22
|
|t:|1769424833
|move|p2a: Corviknight|U-turn|p1a: Charli xcx
|-resisted|p1a: Charli xcx
|-damage|p1a: Charli xcx|55/100
|
|t:|1769424835
|switch|p2a: Ting-Lu|Ting-Lu|100/100|[from] U-turn
|-ability|p2a: Ting-Lu|Vessel of Ruin
|move|p1a: Charli xcx|Wish|p1a: Charli xcx
|
|upkeep
|turn|23
|
|t:|1769424839
|move|p1a: Charli xcx|Knock Off|p2a: Ting-Lu
|-resisted|p2a: Ting-Lu
|-damage|p2a: Ting-Lu|96/100
|-enditem|p2a: Ting-Lu|Choice Band|[from] move: Knock Off|[of] p1a: Charli xcx
|move|p2a: Ting-Lu|Payback|p1a: Charli xcx
|-resisted|p1a: Charli xcx
|-damage|p1a: Charli xcx|27/100
|
|-heal|p1a: Charli xcx|77/100|[from] move: Wish|[wisher] Charli xcx
|upkeep
|turn|24
|
|t:|1769424842
|switch|p1a: Free Palestine|Gliscor, M|69/100 tox
|move|p2a: Ting-Lu|Heavy Slam|p1a: Free Palestine
|-damage|p1a: Free Palestine|42/100 tox
|
|-heal|p1a: Free Palestine|54/100 tox|[from] ability: Poison Heal
|upkeep
|turn|25
|
|t:|1769424844
|move|p1a: Free Palestine|Toxic|p2a: Ting-Lu
|-status|p2a: Ting-Lu|tox
|move|p2a: Ting-Lu|Payback|p1a: Free Palestine
|-damage|p1a: Free Palestine|23/100 tox
|
|-heal|p1a: Free Palestine|35/100 tox|[from] ability: Poison Heal
|-damage|p2a: Ting-Lu|90/100 tox|[from] psn
|upkeep
|turn|26
|
|t:|1769424850
|switch|p2a: Corviknight|Corviknight, M|76/100
|move|p1a: Free Palestine|Protect||[still]
|-fail|p1a: Free Palestine
|
|-heal|p1a: Free Palestine|47/100 tox|[from] ability: Poison Heal
|upkeep
|turn|27
|
|t:|1769424853
|move|p1a: Free Palestine|Substitute|p1a: Free Palestine
|-start|p1a: Free Palestine|Substitute
|-damage|p1a: Free Palestine|23/100 tox
|move|p2a: Corviknight|Brave Bird|p1a: Free Palestine
|-end|p1a: Free Palestine|Substitute
|-damage|p2a: Corviknight|68/100|[from] Recoil|[of] p1a: Free Palestine
|
|-heal|p1a: Free Palestine|35/100 tox|[from] ability: Poison Heal
|upkeep
|turn|28
|
|t:|1769424856
|move|p1a: Free Palestine|Protect|p1a: Free Palestine
|-singleturn|p1a: Free Palestine|Protect
|move|p2a: Corviknight|Brave Bird|p1a: Free Palestine
|-activate|p1a: Free Palestine|move: Protect
|
|-heal|p1a: Free Palestine|47/100 tox|[from] ability: Poison Heal
|upkeep
|turn|29
|
|t:|1769424858
|switch|p1a: Trump is low IQ|Corviknight, M|80/100
|-ability|p1a: Trump is low IQ|Pressure
|move|p2a: Corviknight|Brave Bird|p1a: Trump is low IQ
|-resisted|p1a: Trump is low IQ
|-damage|p1a: Trump is low IQ|58/100
|-damage|p2a: Corviknight|52/100|[from] item: Rocky Helmet|[of] p1a: Trump is low IQ
|-damage|p2a: Corviknight|45/100|[from] Recoil
|
|upkeep
|turn|30
|
|t:|1769424863
|switch|p2a: Ceruledge|Ceruledge, F, tera:Ghost|25/100 tox
|move|p1a: Trump is low IQ|U-turn|p2a: Ceruledge
|-resisted|p2a: Ceruledge
|-damage|p2a: Ceruledge|15/100 tox
|
|t:|1769424865
|switch|p1a: Free Palestine|Gliscor, M|47/100 tox|[from] U-turn
|
|-damage|p2a: Ceruledge|9/100 tox|[from] psn
|-heal|p1a: Free Palestine|60/100 tox|[from] ability: Poison Heal
|upkeep
|turn|31
|
|t:|1769424868
|switch|p2a: Corviknight|Corviknight, M|45/100
|move|p1a: Free Palestine|Protect||[still]
|-fail|p1a: Free Palestine
|
|-heal|p1a: Free Palestine|72/100 tox|[from] ability: Poison Heal
|upkeep
|turn|32
|
|t:|1769424871
|switch|p1a: Trump is low IQ|Corviknight, M|58/100
|-ability|p1a: Trump is low IQ|Pressure
|move|p2a: Corviknight|Brave Bird|p1a: Trump is low IQ
|-resisted|p1a: Trump is low IQ
|-damage|p1a: Trump is low IQ|35/100
|-damage|p2a: Corviknight|28/100|[from] item: Rocky Helmet|[of] p1a: Trump is low IQ
|-damage|p2a: Corviknight|20/100|[from] Recoil
|
|upkeep
|turn|33
|
|t:|1769424872
|move|p2a: Corviknight|Brave Bird|p1a: Trump is low IQ
|-resisted|p1a: Trump is low IQ
|-damage|p1a: Trump is low IQ|10/100
|-damage|p2a: Corviknight|4/100|[from] item: Rocky Helmet|[of] p1a: Trump is low IQ
|-damage|p2a: Corviknight|0 fnt|[from] Recoil
|faint|p2a: Corviknight
|move|p1a: Trump is low IQ|Roost|p1a: Trump is low IQ
|-heal|p1a: Trump is low IQ|60/100
|-singleturn|p1a: Trump is low IQ|move: Roost
|
|upkeep
|
|t:|1769424875
|switch|p2a: Ceruledge|Ceruledge, F, tera:Ghost|9/100 tox
|turn|34
|
|t:|1769424881
|move|p2a: Ceruledge|Bitter Blade|p1a: Trump is low IQ
|-supereffective|p1a: Trump is low IQ
|-damage|p1a: Trump is low IQ|0 fnt
|-heal|p2a: Ceruledge|49/100 tox|[from] drain|[of] p1a: Trump is low IQ
|-damage|p2a: Ceruledge|33/100 tox|[from] item: Rocky Helmet|[of] p1a: Trump is low IQ
|faint|p1a: Trump is low IQ
|
|-damage|p2a: Ceruledge|27/100 tox|[from] psn
|upkeep
|
|t:|1769424886
|switch|p1a: Charli xcx|Clefable, M|77/100
|turn|35
|
|t:|1769424890
|switch|p2a: Ting-Lu|Ting-Lu|90/100 tox
|-ability|p2a: Ting-Lu|Vessel of Ruin
|move|p1a: Charli xcx|Protect||[still]
|-fail|p1a: Charli xcx
|
|-damage|p2a: Ting-Lu|84/100 tox|[from] psn
|upkeep
|turn|36
|
|t:|1769424902
|switch|p1a: Free Palestine|Gliscor, M|72/100 tox
|move|p2a: Ting-Lu|Heavy Slam|p1a: Free Palestine
|-damage|p1a: Free Palestine|48/100 tox
|
|-heal|p1a: Free Palestine|60/100 tox|[from] ability: Poison Heal
|-damage|p2a: Ting-Lu|71/100 tox|[from] psn
|upkeep
|turn|37
|
|t:|1769424908
|move|p1a: Free Palestine|Earthquake|p2a: Ting-Lu
|-damage|p2a: Ting-Lu|54/100 tox
|move|p2a: Ting-Lu|Payback|p1a: Free Palestine
|-damage|p1a: Free Palestine|28/100 tox
|
|-heal|p1a: Free Palestine|40/100 tox|[from] ability: Poison Heal
|-damage|p2a: Ting-Lu|36/100 tox|[from] psn
|upkeep
|turn|38
|
|t:|1769424911
|move|p1a: Free Palestine|Earthquake|p2a: Ting-Lu
|-damage|p2a: Ting-Lu|19/100 tox
|move|p2a: Ting-Lu|Payback|p1a: Free Palestine
|-damage|p1a: Free Palestine|7/100 tox
|
|-heal|p1a: Free Palestine|20/100 tox|[from] ability: Poison Heal
|-damage|p2a: Ting-Lu|0 fnt|[from] psn
|faint|p2a: Ting-Lu
|upkeep
|
|t:|1769424914
|switch|p2a: Ceruledge|Ceruledge, F, tera:Ghost|27/100 tox
|turn|39
|
|t:|1769424916
|move|p1a: Free Palestine|Protect|p1a: Free Palestine
|-singleturn|p1a: Free Palestine|Protect
|move|p2a: Ceruledge|Bitter Blade|p1a: Free Palestine
|-activate|p1a: Free Palestine|move: Protect
|
|-damage|p2a: Ceruledge|20/100 tox|[from] psn
|-heal|p1a: Free Palestine|32/100 tox|[from] ability: Poison Heal
|upkeep
|turn|40
|
|t:|1769424921
|switch|p1a: Charli xcx|Clefable, M|77/100
|move|p2a: Ceruledge|Bitter Blade|p1a: Charli xcx
|-damage|p1a: Charli xcx|1/100
|-heal|p2a: Ceruledge|72/100 tox|[from] drain|[of] p1a: Charli xcx
|
|-damage|p2a: Ceruledge|60/100 tox|[from] psn
|upkeep
|turn|41
|
|t:|1769424925
|switch|p2a: Zamazenta|Zamazenta|100/100
|-ability|p2a: Zamazenta|Dauntless Shield|boost
|-boost|p2a: Zamazenta|def|1
|move|p1a: Charli xcx|Protect||[still]
|-fail|p1a: Charli xcx
|
|upkeep
|turn|42
|
|t:|1769424933
|switch|p1a: Save Sudan|Slowking-Galar, M|100/100
|move|p2a: Zamazenta|Crunch|p1a: Save Sudan
|-supereffective|p1a: Save Sudan
|-damage|p1a: Save Sudan|4/100
|
|upkeep
|turn|43
|
|t:|1769424938
|switch|p1a: Charli xcx|Clefable, M|1/100
|move|p2a: Zamazenta|Crunch|p1a: Charli xcx
|-resisted|p1a: Charli xcx
|-damage|p1a: Charli xcx|0 fnt
|faint|p1a: Charli xcx
|
|upkeep
|
|t:|1769424939
|switch|p1a: Free Palestine|Gliscor, M|32/100 tox
|turn|44
|
|t:|1769424945
|switch|p2a: Ceruledge|Ceruledge, F, tera:Ghost|60/100 tox
|move|p1a: Free Palestine|Protect||[still]
|-fail|p1a: Free Palestine
|
|-damage|p2a: Ceruledge|54/100 tox|[from] psn
|-heal|p1a: Free Palestine|45/100 tox|[from] ability: Poison Heal
|upkeep
|turn|45
|
|t:|1769424948
|move|p1a: Free Palestine|Protect|p1a: Free Palestine
|-singleturn|p1a: Free Palestine|Protect
|move|p2a: Ceruledge|Bitter Blade|p1a: Free Palestine
|-activate|p1a: Free Palestine|move: Protect
|
|-damage|p2a: Ceruledge|41/100 tox|[from] psn
|-heal|p1a: Free Palestine|57/100 tox|[from] ability: Poison Heal
|upkeep
|turn|46
|
|t:|1769424956
|switch|p1a: Save Sudan|Slowking-Galar, M|37/100
|move|p2a: Ceruledge|Bitter Blade|p1a: Save Sudan
|-damage|p1a: Save Sudan|0 fnt
|-heal|p2a: Ceruledge|63/100 tox|[from] drain|[of] p1a: Save Sudan
|faint|p1a: Save Sudan
|
|-damage|p2a: Ceruledge|45/100 tox|[from] psn
|upkeep
|
|t:|1769424957
|switch|p1a: Free Palestine|Gliscor, M|57/100 tox
|turn|47
|
|t:|1769424962
|switch|p2a: Clodsire|Clodsire, F|100/100
|move|p1a: Free Palestine|Protect||[still]
|-fail|p1a: Free Palestine
|
|-heal|p1a: Free Palestine|69/100 tox|[from] ability: Poison Heal
|upkeep
|turn|48
|
|t:|1769424966
|move|p1a: Free Palestine|Substitute|p1a: Free Palestine
|-start|p1a: Free Palestine|Substitute
|-damage|p1a: Free Palestine|45/100 tox
|move|p2a: Clodsire|Gunk Shot|p1a: Free Palestine
|-resisted|p1a: Free Palestine
|-activate|p1a: Free Palestine|move: Substitute|[damage]
|
|-heal|p1a: Free Palestine|57/100 tox|[from] ability: Poison Heal
|upkeep
|turn|49
|
|t:|1769424968
|move|p1a: Free Palestine|Earthquake|p2a: Clodsire
|-supereffective|p2a: Clodsire
|-damage|p2a: Clodsire|31/100
|move|p2a: Clodsire|Gunk Shot|p1a: Free Palestine
|-resisted|p1a: Free Palestine
|-end|p1a: Free Palestine|Substitute
|
|-heal|p1a: Free Palestine|69/100 tox|[from] ability: Poison Heal
|upkeep
|turn|50
|
|t:|1769424971
|move|p1a: Free Palestine|Substitute|p1a: Free Palestine
|-start|p1a: Free Palestine|Substitute
|-damage|p1a: Free Palestine|45/100 tox
|move|p2a: Clodsire|Gunk Shot|p1a: Free Palestine
|-resisted|p1a: Free Palestine
|-activate|p1a: Free Palestine|move: Substitute|[damage]
|
|-heal|p1a: Free Palestine|57/100 tox|[from] ability: Poison Heal
|upkeep
|turn|51
|
|t:|1769424973
|move|p1a: Free Palestine|Earthquake|p2a: Clodsire
|-supereffective|p2a: Clodsire
|-damage|p2a: Clodsire|0 fnt
|faint|p2a: Clodsire
|
|-heal|p1a: Free Palestine|69/100 tox|[from] ability: Poison Heal
|upkeep
|
|t:|1769424976
|switch|p2a: Zamazenta|Zamazenta|100/100
|turn|52
|
|t:|1769424980
|move|p2a: Zamazenta|Iron Head|p1a: Free Palestine
|-end|p1a: Free Palestine|Substitute
|move|p1a: Free Palestine|Toxic|p2a: Zamazenta
|-status|p2a: Zamazenta|tox
|
|-damage|p2a: Zamazenta|94/100 tox|[from] psn
|-heal|p1a: Free Palestine|82/100 tox|[from] ability: Poison Heal
|upkeep
|turn|53
|
|t:|1769424982
|move|p1a: Free Palestine|Protect|p1a: Free Palestine
|-singleturn|p1a: Free Palestine|Protect
|move|p2a: Zamazenta|Iron Head|p1a: Free Palestine
|-activate|p1a: Free Palestine|move: Protect
|
|-damage|p2a: Zamazenta|82/100 tox|[from] psn
|-heal|p1a: Free Palestine|94/100 tox|[from] ability: Poison Heal
|upkeep
|turn|54
|
|t:|1769424986
|-terastallize|p1a: Free Palestine|Water
|move|p2a: Zamazenta|Iron Head|p1a: Free Palestine
|-resisted|p1a: Free Palestine
|-damage|p1a: Free Palestine|83/100 tox
|cant|p1a: Free Palestine|flinch
|
|-damage|p2a: Zamazenta|64/100 tox|[from] psn
|-heal|p1a: Free Palestine|95/100 tox|[from] ability: Poison Heal
|upkeep
|turn|55
|-message|hutoew forfeited.
|
|win|Trainer #39
|raw|Trainer #39's rating: 1651 &rarr; <strong>1670</strong><br />(+19 for winning)
|raw|hutoew's rating: 1633 &rarr; <strong>1614</strong><br />(-19 for losing)
|l|☆hutoew
|player|p2|
|l|☆Trainer #39
|player|p1|
