|j|☆valentinokingreact
|j|☆niall639
|t:|1769443448
|gametype|singles
|player|p1|valentinokingreact|marlon|1342
|player|p2|niall639|102|1318
|gen|9
|tier|[Gen 9] OU
|rated|
|rule|HP Percentage Mod: HP is shown in percentages
|rule|Endless Battle Clause: Forcing endless battles is banned
|rule|Species Clause: Limit one of each Pokémon
|rule|OHKO Clause: OHKO moves are banned
|rule|Evasion Items Clause: Evasion items are banned
|rule|Evasion Moves Clause: Evasion moves are banned
|rule|Evasion Abilities Clause: Evasion abilities are banned
|rule|Sleep Moves Clause: Sleep-inducing moves are banned
|clearpoke
|poke|p1|Ninetales-Alola, F|
|poke|p1|Cetitan, M|
|poke|p1|Kyurem|
|poke|p1|Heatran, M|
|poke|p1|Dondozo, F|
|poke|p1|Mandibuzz, F|
|poke|p2|Iron Valiant|
|poke|p2|Excadrill, M|
|poke|p2|Tyranitar, M|
|poke|p2|Tornadus-Therian, M|
|poke|p2|Ogerpon-Cornerstone, F|
|poke|p2|Toxapex, M|
|teampreview
|
|t:|1769443456
|teamsize|p1|6
|teamsize|p2|6
|start
|switch|p1a: Ninetales|Ninetales-Alola, F|100/100
|switch|p2a: Tyranitar|Tyranitar, M, shiny|100/100
|-weather|Snowscape|[from] ability: Snow Warning|[of] p1a: Ninetales
|-weather|Sandstorm|[from] ability: Sand Stream|[of] p2a: Tyranitar
|turn|1
|
|t:|1769443464
|switch|p1a: Dondozo|Dondozo, F, shiny|100/100
|move|p2a: Tyranitar|Stealth Rock|p1a: Dondozo
|-sidestart|p1: valentinokingreact|move: Stealth Rock
|
|-weather|Sandstorm|[upkeep]
|-damage|p1a: Dondozo|94/100|[from] Sandstorm
|-heal|p1a: Dondozo|100/100|[from] item: Leftovers
|upkeep
|turn|2
|
|t:|1769443467
|switch|p2a: Toxapex|Toxapex, M, shiny|100/100
|move|p1a: Dondozo|Liquidation|p2a: Toxapex
|-resisted|p2a: Toxapex
|-damage|p2a: Toxapex|87/100
|-enditem|p2a: Toxapex|Eject Button
|
|t:|1769443475
|switch|p2a: Tornadus|Tornadus-Therian, M, shiny|100/100
|
|-weather|Sandstorm|[upkeep]
|-damage|p2a: Tornadus|94/100|[from] Sandstorm
|-damage|p1a: Dondozo|94/100|[from] Sandstorm
|-heal|p1a: Dondozo|100/100|[from] item: Leftovers
|upkeep
|turn|3
|
|t:|1769443483
|switch|p1a: Mandibuzz|Mandibuzz, F|100/100
|move|p2a: Tornadus|Grass Knot|p1a: Mandibuzz
|-resisted|p1a: Mandibuzz
|-damage|p1a: Mandibuzz|92/100
|
|-weather|Sandstorm|[upkeep]
|-damage|p2a: Tornadus|88/100|[from] Sandstorm
|-damage|p1a: Mandibuzz|85/100|[from] Sandstorm
|upkeep
|turn|4
|
|t:|1769443487
|switch|p2a: Toxapex|Toxapex, M, shiny|100/100
|move|p1a: Mandibuzz|Defog|p2a: Toxapex
|-unboost|p2a: Toxapex|evasion|1
|-sideend|p1: valentinokingreact|Stealth Rock|[from] move: Defog|[of] p1a: Mandibuzz
|
|-weather|Sandstorm|[upkeep]
|-damage|p1a: Mandibuzz|79/100|[from] Sandstorm
|-damage|p2a: Toxapex|95/100|[from] Sandstorm
|upkeep
|turn|5
|
|t:|1769443491
|move|p1a: Mandibuzz|U-turn|p2a: Toxapex
|-resisted|p2a: Toxapex
|-damage|p2a: Toxapex|91/100
|
|t:|1769443494
|switch|p1a: Heatran|Heatran, M, shiny|100/100|[from] U-turn
|-item|p1a: Heatran|Air Balloon
|move|p2a: Toxapex|Toxic|p1a: Heatran
|-immune|p1a: Heatran
|
|-weather|Sandstorm|[upkeep]
|-damage|p2a: Toxapex|85/100|[from] Sandstorm
|upkeep
|turn|6
|
|t:|1769443509
|switch|p2a: Tornadus|Tornadus-Therian, M, shiny|100/100
|move|p1a: Heatran|Magma Storm|p2a: Tornadus
|-damage|p2a: Tornadus|23/100
|-activate|p2a: Tornadus|move: Magma Storm|[of] p1a: Heatran
|
|-weather|Sandstorm|[upkeep]
|-damage|p2a: Tornadus|17/100|[from] Sandstorm
|-damage|p2a: Tornadus|5/100|[from] move: Magma Storm|[partiallytrapped]
|upkeep
|turn|7
|
|t:|1769443524
|move|p2a: Tornadus|Weather Ball|p1a: Heatran
|-damage|p1a: Heatran|63/100
|-enditem|p1a: Heatran|Air Balloon
|move|p1a: Heatran|Earth Power|p2a: Tornadus
|-immune|p2a: Tornadus
|
|-weather|Sandstorm|[upkeep]
|-damage|p2a: Tornadus|0 fnt|[from] Sandstorm
|faint|p2a: Tornadus
|upkeep
|
|t:|1769443535
|switch|p2a: Tyranitar|Tyranitar, M, shiny|100/100
|turn|8
|
|t:|1769443553
|move|p2a: Tyranitar|Low Kick|p1a: Heatran
|-supereffective|p1a: Heatran
|-damage|p1a: Heatran|0 fnt
|faint|p1a: Heatran
|
|-weather|none
|upkeep
|
|t:|1769443562
|switch|p1a: Ninetales|Ninetales-Alola, F|100/100
|-weather|Snowscape|[from] ability: Snow Warning|[of] p1a: Ninetales
|turn|9
|
|t:|1769443566
|switch|p2a: Toxapex|Toxapex, M, shiny|100/100
|move|p1a: Ninetales|Aurora Veil|p1a: Ninetales
|-sidestart|p1: valentinokingreact|move: Aurora Veil
|
|-weather|Snowscape|[upkeep]
|upkeep
|turn|10
|
|t:|1769443571
|switch|p1a: Mandibuzz|Mandibuzz, F|79/100
|move|p2a: Toxapex|Toxic|p1a: Mandibuzz
|-status|p1a: Mandibuzz|tox
|
|-weather|Snowscape|[upkeep]
|-damage|p1a: Mandibuzz|73/100 tox|[from] psn
|upkeep
|turn|11
|
|t:|1769443577
|move|p1a: Mandibuzz|U-turn|p2a: Toxapex
|-resisted|p2a: Toxapex
|-damage|p2a: Toxapex|97/100
|
|t:|1769443594
|switch|p1a: Ninetales|Ninetales-Alola, F|100/100|[from] U-turn
|move|p2a: Toxapex|Haze|p2a: Toxapex
|-clearallboost
|
|-weather|Snowscape|[upkeep]
|upkeep
|turn|12
|
|t:|1769443597
|move|p1a: Ninetales|Encore|p2a: Toxapex
|-start|p2a: Toxapex|Encore
|move|p2a: Toxapex|Haze|p2a: Toxapex
|-clearallboost
|
|-weather|Snowscape|[upkeep]
|upkeep
|turn|13
|
|t:|1769443608
|switch|p1a: Kyurem|Kyurem|100/100
|-ability|p1a: Kyurem|Pressure
|switch|p2a: Tyranitar|Tyranitar, M, shiny|100/100
|-weather|Sandstorm|[from] ability: Sand Stream|[of] p2a: Tyranitar
|
|-weather|Sandstorm|[upkeep]
|-damage|p1a: Kyurem|94/100|[from] Sandstorm
|upkeep
|turn|14
|
|t:|1769443613
|move|p1a: Kyurem|Dragon Dance|p1a: Kyurem
|-boost|p1a: Kyurem|atk|1
|-boost|p1a: Kyurem|spe|1
|move|p2a: Tyranitar|Low Kick|p1a: Kyurem
|-supereffective|p1a: Kyurem
|-damage|p1a: Kyurem|49/100
|
|-weather|Sandstorm|[upkeep]
|-damage|p1a: Kyurem|42/100|[from] Sandstorm
|upkeep
|turn|15
|
|t:|1769443624
|move|p1a: Kyurem|Icicle Spear|p2a: Tyranitar
|-damage|p2a: Tyranitar|80/100
|-damage|p2a: Tyranitar|59/100
|-damage|p2a: Tyranitar|37/100
|-damage|p2a: Tyranitar|17/100
|-hitcount|p2a: Tyranitar|4
|move|p2a: Tyranitar|Low Kick|p1a: Kyurem
|-supereffective|p1a: Kyurem
|-damage|p1a: Kyurem|0 fnt
|faint|p1a: Kyurem
|
|-weather|Sandstorm|[upkeep]
|upkeep
|
|t:|1769443634
|switch|p1a: Ninetales|Ninetales-Alola, F|100/100
|-weather|Snowscape|[from] ability: Snow Warning|[of] p1a: Ninetales
|turn|16
|
|t:|1769443640
|switch|p1a: Cetitan|Cetitan, M|100/100
|switch|p2a: Toxapex|Toxapex, M, shiny|100/100
|
|-weather|Snowscape|[upkeep]
|-sideend|p1: valentinokingreact|move: Aurora Veil
|upkeep
|turn|17
|
|t:|1769443648
|switch|p1a: Ninetales|Ninetales-Alola, F|100/100
|move|p2a: Toxapex|Toxic|p1a: Ninetales
|-status|p1a: Ninetales|tox
|
|-weather|Snowscape|[upkeep]
|-damage|p1a: Ninetales|95/100 tox|[from] psn
|upkeep
|turn|18
|
|t:|1769443656
|switch|p1a: Mandibuzz|Mandibuzz, F|73/100 tox
|switch|p2a: Tyranitar|Tyranitar, M, shiny|17/100
|-weather|Sandstorm|[from] ability: Sand Stream|[of] p2a: Tyranitar
|
|-weather|Sandstorm|[upkeep]
|-damage|p1a: Mandibuzz|67/100 tox|[from] Sandstorm
|-damage|p1a: Mandibuzz|61/100 tox|[from] psn
|upkeep
|turn|19
|
|t:|1769443664
|move|p2a: Tyranitar|Ice Punch|p1a: Mandibuzz
|-supereffective|p1a: Mandibuzz
|-damage|p1a: Mandibuzz|18/100 tox
|move|p1a: Mandibuzz|U-turn|p2a: Tyranitar
|-supereffective|p2a: Tyranitar
|-damage|p2a: Tyranitar|0 fnt
|faint|p2a: Tyranitar
|
|t:|1769443680
|switch|p1a: Ninetales|Ninetales-Alola, F|95/100 tox|[from] U-turn
|-weather|Snowscape|[from] ability: Snow Warning|[of] p1a: Ninetales
|
|-weather|Snowscape|[upkeep]
|-damage|p1a: Ninetales|89/100 tox|[from] psn
|upkeep
|
|t:|1769443684
|switch|p2a: Ogerpon|Ogerpon-Cornerstone, F|100/100
|turn|20
|
|t:|1769443714
|switch|p1a: Mandibuzz|Mandibuzz, F|18/100 tox
|-terastallize|p2a: Ogerpon|Rock
|detailschange|p2a: Ogerpon|Ogerpon-Cornerstone-Tera, F, tera:Rock
|-ability|p2a: Ogerpon|Embody Aspect (Cornerstone)|boost
|-boost|p2a: Ogerpon|def|1
|move|p2a: Ogerpon|Ivy Cudgel|p1a: Mandibuzz|[anim] Ivy Cudgel Rock
|-supereffective|p1a: Mandibuzz
|-damage|p1a: Mandibuzz|0 fnt
|faint|p1a: Mandibuzz
|
|-weather|Snowscape|[upkeep]
|upkeep
|
|t:|1769443717
|switch|p1a: Dondozo|Dondozo, F, shiny|100/100
|turn|21
|
|t:|1769443723
|-terastallize|p1a: Dondozo|Grass
|move|p2a: Ogerpon|Power Whip|p1a: Dondozo
|-resisted|p1a: Dondozo
|-damage|p1a: Dondozo|78/100
|move|p1a: Dondozo|Liquidation|p2a: Ogerpon
|-supereffective|p2a: Ogerpon
|-damage|p2a: Ogerpon|0 fnt
|faint|p2a: Ogerpon
|detailschange|p2: Ogerpon|Ogerpon-Cornerstone, F|[silent]
|
|-weather|Snowscape|[upkeep]
|-heal|p1a: Dondozo|84/100|[from] item: Leftovers
|upkeep
|
|t:|1769443726
|switch|p2a: Toxapex|Toxapex, M, shiny|100/100
|turn|22
|
|t:|1769443730
|switch|p1a: Ninetales|Ninetales-Alola, F|89/100 tox
|move|p2a: Toxapex|Toxic Spikes|p1a: Ninetales
|-sidestart|p1: valentinokingreact|move: Toxic Spikes
|
|-weather|Snowscape|[upkeep]
|-damage|p1a: Ninetales|83/100 tox|[from] psn
|upkeep
|turn|23
|
|t:|1769443739
|move|p1a: Ninetales|Encore|p2a: Toxapex
|-start|p2a: Toxapex|Encore
|move|p2a: Toxapex|Toxic Spikes|p1a: Ninetales
|-sidestart|p1: valentinokingreact|move: Toxic Spikes
|
|-weather|none
|-damage|p1a: Ninetales|71/100 tox|[from] psn
|upkeep
|turn|24
|
|t:|1769443743
|switch|p2a: Iron Valiant|Iron Valiant, shiny|100/100
|move|p1a: Ninetales|Aurora Veil||[still]
|-fail|p1a: Ninetales
|
|-damage|p1a: Ninetales|53/100 tox|[from] psn
|upkeep
|turn|25
|
|t:|1769443753
|move|p2a: Iron Valiant|Moonblast|p1a: Ninetales
|-damage|p1a: Ninetales|0 fnt
|faint|p1a: Ninetales
|
|upkeep
|
|t:|1769443758
|switch|p1a: Cetitan|Cetitan, M|100/100
|-status|p1a: Cetitan|tox
|turn|26
|
|t:|1769443760
|move|p2a: Iron Valiant|Moonblast|p1a: Cetitan
|-damage|p1a: Cetitan|14/100 tox
|-unboost|p1a: Cetitan|spa|1
|-enditem|p1a: Cetitan|Sitrus Berry|[eat]
|-heal|p1a: Cetitan|39/100 tox|[from] item: Sitrus Berry
|move|p1a: Cetitan|Belly Drum||[still]
|-fail|p1a: Cetitan
|
|-damage|p1a: Cetitan|32/100 tox|[from] psn
|upkeep
|turn|27
|
|t:|1769443771
|move|p1a: Cetitan|Ice Shard|p2a: Iron Valiant
|-damage|p2a: Iron Valiant|72/100
|move|p2a: Iron Valiant|Moonblast|p1a: Cetitan
|-damage|p1a: Cetitan|0 fnt
|faint|p1a: Cetitan
|
|upkeep
|
|t:|1769443774
|switch|p1a: Dondozo|Dondozo, F, shiny, tera:Grass|84/100
|-status|p1a: Dondozo|tox
|turn|28
|
|t:|1769443777
|move|p2a: Iron Valiant|Moonblast|p1a: Dondozo
|-damage|p1a: Dondozo|15/100 tox
|move|p1a: Dondozo|Rest|p1a: Dondozo
|-status|p1a: Dondozo|slp|[from] move: Rest
|-heal|p1a: Dondozo|100/100 slp|[silent]
|
|upkeep
|turn|29
|
|t:|1769443780
|move|p2a: Iron Valiant|Moonblast|p1a: Dondozo
|-damage|p1a: Dondozo|33/100 slp
|cant|p1a: Dondozo|slp
|move|p1a: Dondozo|Sleep Talk|p1a: Dondozo
|move|p1a: Dondozo|Rest||[from] move: Sleep Talk|[still]
|-fail|p1a: Dondozo
|
|-heal|p1a: Dondozo|39/100 slp|[from] item: Leftovers
|upkeep
|turn|30
|-message|valentinokingreact forfeited.
|
|win|niall639
|raw|valentinokingreact's rating: 1342 &rarr; <strong>1321</strong><br />(-21 for losing)
|raw|niall639's rating: 1318 &rarr; <strong>1339</strong><br />(+21 for winning)
|l|☆valentinokingreact
|player|p1|
|l|☆niall639
|player|p2|
