|j|☆Arcsouth
|j|☆Echoes4
|t:|1769310784
|gametype|singles
|player|p1|Arcsouth|gentleman-gen4dp|
|player|p2|Echoes4|brock|
|gen|9
|tier|[Gen 9] OU
|rule|HP Percentage Mod: HP is shown in percentages
|rule|Endless Battle Clause: Forcing endless battles is banned
|rule|Species Clause: Limit one of each Pokémon
|rule|OHKO Clause: OHKO moves are banned
|rule|Evasion Items Clause: Evasion items are banned
|rule|Evasion Moves Clause: Evasion moves are banned
|rule|Evasion Abilities Clause: Evasion abilities are banned
|rule|Sleep Moves Clause: Sleep-inducing moves are banned
|clearpoke
|poke|p1|Toxapex, M|
|poke|p1|Greninja-*, M|
|poke|p1|Ceruledge, M|
|poke|p1|Jolteon, M|
|poke|p1|Keldeo-Resolute|
|poke|p1|Ninetales-Alola, M|
|poke|p2|Meowscarada, M|
|poke|p2|Primarina, F|
|poke|p2|Zapdos-Galar|
|poke|p2|Slowbro, F|
|poke|p2|Sylveon, M|
|poke|p2|Delphox, M|
|teampreview
|
|t:|1769310797
|teamsize|p1|6
|teamsize|p2|6
|start
|switch|p1a: Ninetales|Ninetales-Alola, M|100/100
|switch|p2a: Meowscarada|Meowscarada, M|100/100
|-weather|Snowscape|[from] ability: Snow Warning|[of] p1a: Ninetales
|turn|1
|
|t:|1769310809
|switch|p1a: Keldeo|Keldeo-Resolute|100/100
|-terastallize|p2a: Meowscarada|Steel
|move|p2a: Meowscarada|Tera Blast|p1a: Keldeo|[anim] Tera Blast Steel
|-resisted|p1a: Keldeo
|-damage|p1a: Keldeo|78/100
|
|-weather|Snowscape|[upkeep]
|upkeep
|turn|2
|
|t:|1769310826
|move|p1a: Keldeo|Secret Sword|p2a: Meowscarada
|-supereffective|p2a: Meowscarada
|-enditem|p2a: Meowscarada|Focus Sash
|-damage|p2a: Meowscarada|1/100
|move|p2a: Meowscarada|Flower Trick|p1a: Keldeo
|-supereffective|p1a: Keldeo
|-crit|p1a: Keldeo
|-damage|p1a: Keldeo|0 fnt
|faint|p1a: Keldeo
|
|-weather|Snowscape|[upkeep]
|upkeep
|
|t:|1769310843
|switch|p1a: Jolteon|Jolteon, M|100/100
|turn|3
|
|t:|1769310855
|switch|p2a: Sylveon|Sylveon, M|100/100
|move|p1a: Jolteon|Volt Switch|p2a: Sylveon
|-damage|p2a: Sylveon|70/100
|
|t:|1769310861
|switch|p1a: Ninetales|Ninetales-Alola, M|100/100|[from] Volt Switch
|
|-weather|Snowscape|[upkeep]
|-heal|p2a: Sylveon|76/100|[from] item: Leftovers
|upkeep
|turn|4
|
|t:|1769310871
|move|p1a: Ninetales|Aurora Veil|p1a: Ninetales
|-sidestart|p1: Arcsouth|move: Aurora Veil
|move|p2a: Sylveon|Hyper Voice|p1a: Ninetales
|-damage|p1a: Ninetales|79/100
|
|-weather|Snowscape|[upkeep]
|-heal|p2a: Sylveon|82/100|[from] item: Leftovers
|upkeep
|turn|5
|
|t:|1769310877
|switch|p1a: Toxapex|Toxapex, M|100/100
|move|p2a: Sylveon|Hyper Voice|p1a: Toxapex
|-resisted|p1a: Toxapex
|-damage|p1a: Toxapex|91/100
|
|-weather|none
|-heal|p2a: Sylveon|88/100|[from] item: Leftovers
|-heal|p1a: Toxapex|97/100|[from] item: Black Sludge
|upkeep
|turn|6
|
|t:|1769310886
|move|p2a: Sylveon|Psychic|p1a: Toxapex
|-supereffective|p1a: Toxapex
|-damage|p1a: Toxapex|75/100
|-unboost|p1a: Toxapex|spd|1
|move|p1a: Toxapex|Toxic|p2a: Sylveon
|-status|p2a: Sylveon|tox
|
|-heal|p2a: Sylveon|94/100 tox|[from] item: Leftovers
|-heal|p1a: Toxapex|81/100|[from] item: Black Sludge
|-damage|p2a: Sylveon|88/100 tox|[from] psn
|upkeep
|turn|7
|
|t:|1769310896
|switch|p1a: Greninja|Greninja, M|100/100
|move|p2a: Sylveon|Psychic|p1a: Greninja
|-immune|p1a: Greninja
|
|-heal|p2a: Sylveon|94/100 tox|[from] item: Leftovers
|-damage|p2a: Sylveon|82/100 tox|[from] psn
|upkeep
|turn|8
|
|t:|1769310906
|move|p1a: Greninja|U-turn|p2a: Sylveon
|-start|p1a: Greninja|typechange|Bug|[from] ability: Protean
|-resisted|p2a: Sylveon
|-damage|p2a: Sylveon|70/100 tox
|
|t:|1769310913
|switch|p1a: Toxapex|Toxapex, M|100/100|[from] U-turn
|move|p2a: Sylveon|Psychic|p1a: Toxapex
|-supereffective|p1a: Toxapex
|-damage|p1a: Toxapex|77/100
|-unboost|p1a: Toxapex|spd|1
|
|-heal|p2a: Sylveon|76/100 tox|[from] item: Leftovers
|-heal|p1a: Toxapex|84/100|[from] item: Black Sludge
|-damage|p2a: Sylveon|58/100 tox|[from] psn
|upkeep
|turn|9
|
|t:|1769310927
|move|p2a: Sylveon|Psychic|p1a: Toxapex
|-supereffective|p1a: Toxapex
|-damage|p1a: Toxapex|49/100
|move|p1a: Toxapex|Liquidation|p2a: Sylveon
|-damage|p2a: Sylveon|35/100 tox
|
|-heal|p2a: Sylveon|41/100 tox|[from] item: Leftovers
|-heal|p1a: Toxapex|55/100|[from] item: Black Sludge
|-damage|p2a: Sylveon|17/100 tox|[from] psn
|upkeep
|turn|10
|
|t:|1769310936
|switch|p1a: Greninja|Greninja, M|100/100
|move|p2a: Sylveon|Psychic|p1a: Greninja
|-immune|p1a: Greninja
|
|-heal|p2a: Sylveon|23/100 tox|[from] item: Leftovers
|-damage|p2a: Sylveon|0 fnt|[from] psn
|faint|p2a: Sylveon
|upkeep
|
|t:|1769310955
|switch|p2a: Primarina|Primarina, F|100/100
|turn|11
|
|t:|1769310963
|move|p1a: Greninja|U-turn|p2a: Primarina
|-start|p1a: Greninja|typechange|Bug|[from] ability: Protean
|-resisted|p2a: Primarina
|-damage|p2a: Primarina|88/100
|
|t:|1769310976
|switch|p1a: Jolteon|Jolteon, M|100/100|[from] U-turn
|move|p2a: Primarina|Moonblast|p1a: Jolteon
|-damage|p1a: Jolteon|64/100
|
|-heal|p2a: Primarina|94/100|[from] item: Leftovers
|-sideend|p1: Arcsouth|move: Aurora Veil
|upkeep
|turn|12
|
|t:|1769310992
|move|p1a: Jolteon|Thunderbolt|p2a: Primarina
|-supereffective|p2a: Primarina
|-damage|p2a: Primarina|0 fnt
|faint|p2a: Primarina
|
|upkeep
|
|t:|1769311006
|switch|p2a: Delphox|Delphox, M|100/100
|turn|13
|
|t:|1769311010
|switch|p1a: Ceruledge|Ceruledge, M|100/100
|move|p2a: Delphox|Trick|p1a: Ceruledge
|-activate|p2a: Delphox|move: Trick|[of] p1a: Ceruledge
|-item|p1a: Ceruledge|Choice Scarf|[from] move: Trick
|-item|p2a: Delphox|Heavy-Duty Boots|[from] move: Trick
|
|upkeep
|turn|14
|
|t:|1769311028
|switch|p1a: Toxapex|Toxapex, M|89/100
|move|p2a: Delphox|Shadow Ball|p1a: Toxapex
|-damage|p1a: Toxapex|66/100
|-unboost|p1a: Toxapex|spd|1
|
|-heal|p1a: Toxapex|72/100|[from] item: Black Sludge
|upkeep
|turn|15
|
|t:|1769311040
|move|p2a: Delphox|Psychic Noise|p1a: Toxapex
|-supereffective|p1a: Toxapex
|-damage|p1a: Toxapex|0 fnt
|faint|p1a: Toxapex
|
|upkeep
|
|t:|1769311055
|switch|p1a: Greninja|Greninja, M|100/100
|turn|16
|
|t:|1769311087
|move|p1a: Greninja|U-turn|p2a: Delphox
|-start|p1a: Greninja|typechange|Bug|[from] ability: Protean
|-damage|p2a: Delphox|70/100
|
|t:|1769311095
|switch|p1a: Ceruledge|Ceruledge, M|100/100|[from] U-turn
|move|p2a: Delphox|Flamethrower|p1a: Ceruledge
|-start|p1a: Ceruledge|ability: Flash Fire
|
|upkeep
|turn|17
|
|t:|1769311119
|move|p1a: Ceruledge|Shadow Sneak|p2a: Delphox
|-supereffective|p2a: Delphox
|-damage|p2a: Delphox|13/100
|move|p2a: Delphox|Shadow Ball|p1a: Ceruledge
|-supereffective|p1a: Ceruledge
|-damage|p1a: Ceruledge|39/100
|
|upkeep
|turn|18
|
|t:|1769311125
|move|p1a: Ceruledge|Shadow Sneak|p2a: Delphox
|-supereffective|p2a: Delphox
|-damage|p2a: Delphox|0 fnt
|faint|p2a: Delphox
|
|upkeep
|
|t:|1769311142
|switch|p2a: Meowscarada|Meowscarada, M, tera:Steel|1/100
|turn|19
|
|t:|1769311149
|move|p1a: Ceruledge|Shadow Sneak|p2a: Meowscarada
|-damage|p2a: Meowscarada|0 fnt
|faint|p2a: Meowscarada
|
|upkeep
|
|t:|1769311153
|switch|p2a: Slowbro|Slowbro, F|100/100
|turn|20
|
|t:|1769311162
|-end|p1a: Ceruledge|ability: Flash Fire|[silent]
|switch|p1a: Greninja|Greninja, M|100/100
|move|p2a: Slowbro|Scald|p1a: Greninja
|-resisted|p1a: Greninja
|-damage|p1a: Greninja|80/100
|
|upkeep
|turn|21
|
|t:|1769311172
|move|p1a: Greninja|U-turn|p2a: Slowbro
|-start|p1a: Greninja|typechange|Bug|[from] ability: Protean
|-supereffective|p2a: Slowbro
|-damage|p2a: Slowbro|76/100
|-damage|p1a: Greninja|64/100|[from] item: Rocky Helmet|[of] p2a: Slowbro
|
|t:|1769311177
|switch|p1a: Ninetales|Ninetales-Alola, M|79/100|[from] U-turn
|-weather|Snowscape|[from] ability: Snow Warning|[of] p1a: Ninetales
|move|p2a: Slowbro|Scald|p1a: Ninetales
|-damage|p1a: Ninetales|52/100
|
|-weather|Snowscape|[upkeep]
|upkeep
|turn|22
|
|t:|1769311187
|move|p1a: Ninetales|Aurora Veil|p1a: Ninetales
|-sidestart|p1: Arcsouth|move: Aurora Veil
|move|p2a: Slowbro|Scald|p1a: Ninetales
|-damage|p1a: Ninetales|39/100
|
|-weather|Snowscape|[upkeep]
|upkeep
|turn|23
|
|t:|1769311195
|move|p1a: Ninetales|Freeze-Dry|p2a: Slowbro
|-supereffective|p2a: Slowbro
|-damage|p2a: Slowbro|36/100
|move|p2a: Slowbro|Scald|p1a: Ninetales
|-damage|p1a: Ninetales|26/100
|
|-weather|Snowscape|[upkeep]
|upkeep
|turn|24
|
|t:|1769311203
|move|p1a: Ninetales|Freeze-Dry|p2a: Slowbro
|-supereffective|p2a: Slowbro
|-damage|p2a: Slowbro|0 fnt
|faint|p2a: Slowbro
|
|-weather|Snowscape|[upkeep]
|upkeep
|
|t:|1769311208
|switch|p2a: Zapdos|Zapdos-Galar|100/100
|turn|25
|
|t:|1769311215
|move|p1a: Ninetales|Moonblast|p2a: Zapdos
|-supereffective|p2a: Zapdos
|-damage|p2a: Zapdos|55/100
|move|p2a: Zapdos|Close Combat|p1a: Ninetales
|-damage|p1a: Ninetales|2/100
|-unboost|p2a: Zapdos|def|1
|-unboost|p2a: Zapdos|spd|1
|
|-weather|none
|upkeep
|turn|26
|
|t:|1769311224
|move|p1a: Ninetales|Moonblast|p2a: Zapdos
|-supereffective|p2a: Zapdos
|-damage|p2a: Zapdos|0 fnt
|faint|p2a: Zapdos
|
|win|Arcsouth
