|j|☆Hhoottddoogg
|j|☆oas15
|t:|1769362816
|gametype|singles
|player|p1|Hhoottddoogg|102|1108
|player|p2|oas15|veteran-gen4|1131
|gen|9
|tier|[Gen 9] OU
|rated|
|rule|HP Percentage Mod: HP is shown in percentages
|rule|Endless Battle Clause: Forcing endless battles is banned
|rule|Species Clause: Limit one of each Pokémon
|rule|OHKO Clause: OHKO moves are banned
|rule|Evasion Items Clause: Evasion items are banned
|rule|Evasion Moves Clause: Evasion moves are banned
|rule|Evasion Abilities Clause: Evasion abilities are banned
|rule|Sleep Moves Clause: Sleep-inducing moves are banned
|clearpoke
|poke|p1|Serperior, F|
|poke|p1|Kingambit, F|
|poke|p1|Vikavolt, M|
|poke|p1|Empoleon, M|
|poke|p1|Slowbro-Galar, M|
|poke|p1|Moltres-Galar|
|poke|p2|Ceruledge, M|
|poke|p2|Weezing-Galar, M|
|poke|p2|Ting-Lu|
|poke|p2|Ogerpon-Wellspring, F|
|poke|p2|Goodra-Hisui, M|
|poke|p2|Thundurus-Therian, M|
|teampreview
|l|☆Hhoottddoogg
|player|p1|
|j|☆Hhoottddoogg
|player|p1|Hhoottddoogg|102|
|c|☆oas15|You hate intimidate
|c|☆oas15|And sticky web
|
|t:|1769362860
|teamsize|p1|6
|teamsize|p2|6
|start
|switch|p1a: Vikavolt|Vikavolt, M|100/100
|switch|p2a: Thundurus|Thundurus-Therian, M|100/100
|turn|1
|
|t:|1769362875
|move|p2a: Thundurus|Volt Switch|p1a: Vikavolt
|-resisted|p1a: Vikavolt
|-damage|p1a: Vikavolt|78/100
|
|t:|1769362878
|switch|p2a: Ting-Lu|Ting-Lu|100/100|[from] Volt Switch
|-ability|p2a: Ting-Lu|Vessel of Ruin
|move|p1a: Vikavolt|Sticky Web|p2a: Ting-Lu
|-sidestart|p2: oas15|move: Sticky Web
|
|upkeep
|turn|2
|
|t:|1769362888
|move|p2a: Ting-Lu|Ruination|p1a: Vikavolt
|-damage|p1a: Vikavolt|40/100
|move|p1a: Vikavolt|Bug Buzz|p2a: Ting-Lu
|-supereffective|p2a: Ting-Lu
|-damage|p2a: Ting-Lu|54/100
|
|-heal|p2a: Ting-Lu|60/100|[from] item: Leftovers
|upkeep
|turn|3
|
|t:|1769362898
|switch|p2a: Weezing|Weezing-Galar, M|100/100
|move|p1a: Vikavolt|Bug Buzz|p2a: Weezing
|-resisted|p2a: Weezing
|-damage|p2a: Weezing|82/100
|
|-heal|p2a: Weezing|88/100|[from] item: Leftovers
|upkeep
|turn|4
|
|t:|1769362912
|switch|p1a: Kingambit|Kingambit, F|100/100
|move|p2a: Weezing|Acid Spray|p1a: Kingambit
|-immune|p1a: Kingambit
|
|-heal|p2a: Weezing|94/100|[from] item: Leftovers
|upkeep
|turn|5
|
|t:|1769362921
|switch|p2a: Thundurus|Thundurus-Therian, M|100/100
|move|p1a: Kingambit|Iron Head|p2a: Thundurus
|-resisted|p2a: Thundurus
|-damage|p2a: Thundurus|65/100
|
|upkeep
|turn|6
|
|t:|1769362928
|move|p2a: Thundurus|Thunderbolt|p1a: Kingambit
|-damage|p1a: Kingambit|52/100
|-status|p1a: Kingambit|par
|move|p1a: Kingambit|Kowtow Cleave|p2a: Thundurus
|-damage|p2a: Thundurus|0 fnt
|faint|p2a: Thundurus
|
|upkeep
|
|t:|1769362944
|switch|p2a: Weezing|Weezing-Galar, M|94/100
|turn|7
|
|t:|1769362946
|move|p2a: Weezing|Flamethrower|p1a: Kingambit
|-supereffective|p1a: Kingambit
|-damage|p1a: Kingambit|1/100 par
|cant|p1a: Kingambit|par
|
|-heal|p2a: Weezing|99/100|[from] item: Leftovers
|upkeep
|turn|8
|
|t:|1769362953
|move|p1a: Kingambit|Sucker Punch|p2a: Weezing
|-resisted|p2a: Weezing
|-damage|p2a: Weezing|79/100
|move|p2a: Weezing|Flamethrower|p1a: Kingambit
|-supereffective|p1a: Kingambit
|-damage|p1a: Kingambit|0 fnt
|faint|p1a: Kingambit
|
|-heal|p2a: Weezing|85/100|[from] item: Leftovers
|upkeep
|
|t:|1769362967
|switch|p1a: Empoleon|Empoleon, M|100/100
|turn|9
|c|☆oas15|No ghost type to stop rapid spin?
|
|t:|1769362999
|switch|p2a: Ogerpon|Ogerpon-Wellspring, F|100/100
|-activate|p2a: Ogerpon|move: Sticky Web
|-unboost|p2a: Ogerpon|spe|1
|move|p1a: Empoleon|Flash Cannon|p2a: Ogerpon
|-resisted|p2a: Ogerpon
|-crit|p2a: Ogerpon
|-damage|p2a: Ogerpon|63/100
|
|upkeep
|turn|10
|
|t:|1769363025
|move|p2a: Ogerpon|Power Whip|p1a: Empoleon
|-damage|p1a: Empoleon|7/100
|move|p1a: Empoleon|Ice Beam|p2a: Ogerpon
|-damage|p2a: Ogerpon|29/100
|
|upkeep
|turn|11
|
|t:|1769363034
|move|p2a: Ogerpon|Ivy Cudgel|p1a: Empoleon|[anim] Ivy Cudgel Water
|-resisted|p1a: Empoleon
|-damage|p1a: Empoleon|0 fnt
|faint|p1a: Empoleon
|
|upkeep
|
|t:|1769363041
|switch|p1a: Slowbro|Slowbro-Galar, M|100/100
|turn|12
|
|t:|1769363045
|move|p2a: Ogerpon|Ivy Cudgel|p1a: Slowbro|[anim] Ivy Cudgel Water
|-damage|p1a: Slowbro|51/100
|move|p1a: Slowbro|Shell Side Arm|p2a: Ogerpon|[anim] Shell Side Arm Special
|-supereffective|p2a: Ogerpon
|-damage|p2a: Ogerpon|0 fnt
|-hint|Special Shell Side Arm
|faint|p2a: Ogerpon
|
|upkeep
|
|t:|1769363057
|switch|p2a: Weezing|Weezing-Galar, M|85/100
|turn|13
|
|t:|1769363095
|-terastallize|p2a: Weezing|Poison
|move|p2a: Weezing|Defog|p1a: Slowbro
|-unboost|p1a: Slowbro|evasion|1
|-sideend|p2: oas15|Sticky Web|[from] move: Defog|[of] p2a: Weezing
|move|p1a: Slowbro|Psychic|p2a: Weezing
|-supereffective|p2a: Weezing
|-damage|p2a: Weezing|0 fnt
|faint|p2a: Weezing
|
|upkeep
|
|t:|1769363103
|switch|p2a: Ting-Lu|Ting-Lu|60/100
|-ability|p2a: Ting-Lu|Vessel of Ruin
|turn|14
|
|t:|1769363114
|switch|p1a: Vikavolt|Vikavolt, M|40/100
|move|p2a: Ting-Lu|Earthquake|p1a: Vikavolt
|-immune|p1a: Vikavolt|[from] ability: Levitate
|
|-heal|p2a: Ting-Lu|66/100|[from] item: Leftovers
|upkeep
|turn|15
|
|t:|1769363123
|switch|p2a: Ceruledge|Ceruledge, M|100/100
|move|p1a: Vikavolt|Bug Buzz|p2a: Ceruledge
|-resisted|p2a: Ceruledge
|-damage|p2a: Ceruledge|85/100
|
|upkeep
|turn|16
|
|t:|1769363125
|move|p2a: Ceruledge|Bitter Blade|p1a: Vikavolt
|-supereffective|p1a: Vikavolt
|-damage|p1a: Vikavolt|0 fnt
|-heal|p2a: Ceruledge|100/100|[from] drain|[of] p1a: Vikavolt
|faint|p1a: Vikavolt
|-damage|p2a: Ceruledge|91/100|[from] item: Life Orb
|
|upkeep
|
|t:|1769363130
|switch|p1a: Moltres|Moltres-Galar|100/100
|turn|17
|
|t:|1769363133
|switch|p2a: Ting-Lu|Ting-Lu|66/100
|-ability|p2a: Ting-Lu|Vessel of Ruin
|move|p1a: Moltres|Fiery Wrath|p2a: Ting-Lu
|-resisted|p2a: Ting-Lu
|-damage|p2a: Ting-Lu|57/100
|
|-heal|p2a: Ting-Lu|63/100|[from] item: Leftovers
|upkeep
|turn|18
|
|t:|1769363152
|switch|p1a: Slowbro|Slowbro-Galar, M|51/100
|move|p2a: Ting-Lu|Spikes|p1a: Slowbro
|-sidestart|p1: Hhoottddoogg|Spikes
|
|-heal|p2a: Ting-Lu|69/100|[from] item: Leftovers
|upkeep
|turn|19
|-activate|p1a: Slowbro|ability: Quick Draw
|
|t:|1769363156
|move|p1a: Slowbro|Body Press|p2a: Ting-Lu
|-supereffective|p2a: Ting-Lu
|-damage|p2a: Ting-Lu|50/100
|move|p2a: Ting-Lu|Earthquake|p1a: Slowbro
|-supereffective|p1a: Slowbro
|-damage|p1a: Slowbro|0 fnt
|faint|p1a: Slowbro
|
|-heal|p2a: Ting-Lu|56/100|[from] item: Leftovers
|upkeep
|
|t:|1769363163
|switch|p1a: Serperior|Serperior, F|100/100
|-damage|p1a: Serperior|88/100|[from] Spikes
|turn|20
|
|t:|1769363168
|move|p1a: Serperior|Leaf Storm|p2a: Ting-Lu
|-supereffective|p2a: Ting-Lu
|-damage|p2a: Ting-Lu|16/100
|-boost|p1a: Serperior|spa|2
|move|p2a: Ting-Lu|Whirlwind|p1a: Serperior
|drag|p1a: Moltres|Moltres-Galar|100/100
|
|-heal|p2a: Ting-Lu|22/100|[from] item: Leftovers
|upkeep
|turn|21
|
|t:|1769363175
|move|p1a: Moltres|Air Slash|p2a: Ting-Lu
|-damage|p2a: Ting-Lu|8/100
|move|p2a: Ting-Lu|Spikes|p1a: Moltres
|-sidestart|p1: Hhoottddoogg|Spikes
|
|-heal|p2a: Ting-Lu|15/100|[from] item: Leftovers
|upkeep
|turn|22
|
|t:|1769363179
|move|p1a: Moltres|Air Slash|p2a: Ting-Lu
|-crit|p2a: Ting-Lu
|-damage|p2a: Ting-Lu|0 fnt
|faint|p2a: Ting-Lu
|
|upkeep
|
|t:|1769363186
|switch|p2a: Goodra|Goodra-Hisui, M|100/100
|turn|23
|
|t:|1769363192
|move|p1a: Moltres|Fiery Wrath|p2a: Goodra
|-damage|p2a: Goodra|83/100
|move|p2a: Goodra|Dragon Tail|p1a: Moltres
|-damage|p1a: Moltres|78/100
|drag|p1a: Serperior|Serperior, F|88/100
|-damage|p1a: Serperior|72/100|[from] Spikes
|
|upkeep
|turn|24
|
|t:|1769363200
|move|p1a: Serperior|Glare|p2a: Goodra
|-status|p2a: Goodra|par
|cant|p2a: Goodra|par
|
|upkeep
|turn|25
|
|t:|1769363205
|move|p1a: Serperior|Dragon Pulse|p2a: Goodra
|-damage|p2a: Goodra|74/100 par
|move|p2a: Goodra|Dragon Tail|p1a: Serperior
|-damage|p1a: Serperior|47/100
|drag|p1a: Moltres|Moltres-Galar|78/100
|
|upkeep
|turn|26
|
|t:|1769363213
|switch|p1a: Serperior|Serperior, F|47/100
|-damage|p1a: Serperior|30/100|[from] Spikes
|move|p2a: Goodra|Ice Beam|p1a: Serperior
|-supereffective|p1a: Serperior
|-damage|p1a: Serperior|0 fnt
|faint|p1a: Serperior
|
|upkeep
|
|t:|1769363219
|switch|p1a: Moltres|Moltres-Galar|78/100
|turn|27
|
|t:|1769363226
|-terastallize|p1a: Moltres|Dark
|move|p1a: Moltres|Fiery Wrath|p2a: Goodra
|-damage|p2a: Goodra|47/100 par
|move|p2a: Goodra|Ice Beam|p1a: Moltres
|-damage|p1a: Moltres|53/100
|-status|p1a: Moltres|frz
|
|upkeep
|turn|28
|
|t:|1769363236
|-curestatus|p1a: Moltres|frz|[msg]
|move|p1a: Moltres|Fiery Wrath|p2a: Goodra
|-crit|p2a: Goodra
|-damage|p2a: Goodra|12/100 par
|cant|p2a: Goodra|flinch
|
|upkeep
|turn|29
|
|t:|1769363245
|move|p1a: Moltres|Agility|p1a: Moltres
|-boost|p1a: Moltres|spe|2
|cant|p2a: Goodra|par
|
|upkeep
|turn|30
|
|t:|1769363252
|move|p1a: Moltres|Agility|p1a: Moltres
|-boost|p1a: Moltres|spe|2
|move|p2a: Goodra|Flash Cannon|p1a: Moltres
|-damage|p1a: Moltres|15/100
|-ability|p1a: Moltres|Berserk|boost
|-boost|p1a: Moltres|spa|1
|
|upkeep
|turn|31
|
|t:|1769363260
|move|p1a: Moltres|Rest|p1a: Moltres
|-status|p1a: Moltres|slp|[from] move: Rest
|-heal|p1a: Moltres|100/100 slp|[silent]
|-enditem|p1a: Moltres|Chesto Berry|[eat]
|-curestatus|p1a: Moltres|slp|[msg]
|cant|p2a: Goodra|par
|
|upkeep
|turn|32
|inactive|Battle timer is ON: inactive players will automatically lose when time's up. (requested by Hhoottddoogg)
|
|t:|1769363269
|move|p1a: Moltres|Fiery Wrath|p2a: Goodra
|-damage|p2a: Goodra|0 fnt
|faint|p2a: Goodra
|
|upkeep
|
|t:|1769363271
|switch|p2a: Ceruledge|Ceruledge, M|91/100
|turn|33
|
|t:|1769363276
|move|p1a: Moltres|Fiery Wrath|p2a: Ceruledge
|-supereffective|p2a: Ceruledge
|-damage|p2a: Ceruledge|0 fnt
|faint|p2a: Ceruledge
|
|win|Hhoottddoogg
|raw|Hhoottddoogg's rating: 1108 &rarr; <strong>1135</strong><br />(+27 for winning)
|raw|oas15's rating: 1131 &rarr; <strong>1104</strong><br />(-27 for losing)
|l|☆oas15
|player|p2|
|c|☆Hhoottddoogg|Gg
|l|☆Hhoottddoogg
|player|p1|
