|j|☆chiyixiao
|j|☆yzyang
|t:|1769347893
|gametype|singles
|player|p1|chiyixiao|acetrainer-gen6|1271
|player|p2|yzyang|101|1273
|gen|9
|tier|[Gen 9] OU
|rated|
|rule|HP Percentage Mod: HP is shown in percentages
|rule|Endless Battle Clause: Forcing endless battles is banned
|rule|Species Clause: Limit one of each Pokémon
|rule|OHKO Clause: OHKO moves are banned
|rule|Evasion Items Clause: Evasion items are banned
|rule|Evasion Moves Clause: Evasion moves are banned
|rule|Evasion Abilities Clause: Evasion abilities are banned
|rule|Sleep Moves Clause: Sleep-inducing moves are banned
|clearpoke
|poke|p1|Dragonite, M|
|poke|p1|Dragapult, F|
|poke|p1|Quaquaval, M|
|poke|p1|Pawmot, M|
|poke|p1|Iron Valiant|
|poke|p1|Ogerpon-Cornerstone, F|
|poke|p2|Alomomola, M|
|poke|p2|Sudowoodo, L1, F|
|poke|p2|Corviknight, F|
|poke|p2|Ambipom, M|
|poke|p2|Dragapult, F|
|poke|p2|Blaziken, M|
|teampreview
|
|t:|1769347898
|teamsize|p1|6
|teamsize|p2|6
|start
|switch|p1a: Quaquaval|Quaquaval, M|100/100
|switch|p2a: Sudowoodo|Sudowoodo, L1, F|100/100
|turn|1
|
|t:|1769347905
|move|p2a: Sudowoodo|Protect|p2a: Sudowoodo
|-singleturn|p2a: Sudowoodo|Protect
|move|p1a: Quaquaval|Aqua Step|p2a: Sudowoodo
|-activate|p2a: Sudowoodo|move: Protect
|
|upkeep
|turn|2
|
|t:|1769347913
|move|p1a: Quaquaval|Aqua Step|p2a: Sudowoodo
|-supereffective|p2a: Sudowoodo
|-ability|p2a: Sudowoodo|Sturdy
|-damage|p2a: Sudowoodo|9/100
|-boost|p1a: Quaquaval|spe|1
|move|p2a: Sudowoodo|Endeavor|p1a: Quaquaval
|-damage|p1a: Quaquaval|1/100
|-heal|p2a: Sudowoodo|100/100|[from] item: Shell Bell|[of] p1a: Quaquaval
|
|upkeep
|turn|3
|
|t:|1769347932
|move|p2a: Sudowoodo|Sucker Punch|p1a: Quaquaval
|-resisted|p1a: Quaquaval
|-damage|p1a: Quaquaval|0 fnt
|faint|p1a: Quaquaval
|
|upkeep
|inactive|Battle timer is ON: inactive players will automatically lose when time's up. (requested by yzyang)
|
|t:|1769347937
|switch|p1a: Dragonite|Dragonite, M|100/100
|turn|4
|
|t:|1769347942
|move|p1a: Dragonite|Extreme Speed|p2a: Sudowoodo
|-resisted|p2a: Sudowoodo
|-ability|p2a: Sudowoodo|Sturdy
|-damage|p2a: Sudowoodo|9/100
|move|p2a: Sudowoodo|Endeavor|p1a: Dragonite
|-damage|p1a: Dragonite|1/100
|-heal|p2a: Sudowoodo|100/100|[from] item: Shell Bell|[of] p1a: Dragonite
|
|upkeep
|turn|5
|
|t:|1769347953
|switch|p2a: Alomomola|Alomomola, M|100/100
|move|p1a: Dragonite|Extreme Speed|p2a: Alomomola
|-damage|p2a: Alomomola|84/100
|
|upkeep
|turn|6
|
|t:|1769347961
|move|p1a: Dragonite|Extreme Speed|p2a: Alomomola
|-damage|p2a: Alomomola|65/100
|move|p2a: Alomomola|Aqua Jet|p1a: Dragonite
|-resisted|p1a: Dragonite
|-damage|p1a: Dragonite|0 fnt
|faint|p1a: Dragonite
|
|upkeep
|
|t:|1769347966
|switch|p1a: Pawmot|Pawmot, M, shiny|100/100
|turn|7
|
|t:|1769347981
|move|p1a: Pawmot|Knock Off|p2a: Alomomola
|-damage|p2a: Alomomola|46/100
|-enditem|p2a: Alomomola|Assault Vest|[from] move: Knock Off|[of] p1a: Pawmot
|move|p2a: Alomomola|Flip Turn|p1a: Pawmot
|-damage|p1a: Pawmot|72/100
|
|t:|1769347998
|switch|p2a: Ambipom|Ambipom, M|100/100|[from] Flip Turn
|
|upkeep
|turn|8
|
|t:|1769348003
|switch|p1a: Dragapult|Dragapult, F|100/100
|move|p2a: Ambipom|Fake Out|p1a: Dragapult
|-immune|p1a: Dragapult
|
|upkeep
|turn|9
|
|t:|1769348012
|switch|p2a: Corviknight|Corviknight, F|100/100
|-ability|p2a: Corviknight|Pressure
|move|p1a: Dragapult|U-turn|p2a: Corviknight
|-resisted|p2a: Corviknight
|-damage|p2a: Corviknight|97/100
|-damage|p1a: Dragapult|91/100|[from] item: Life Orb
|
|t:|1769348013
|switch|p1a: Pawmot|Pawmot, M, shiny|72/100|[from] U-turn
|
|upkeep
|turn|10
|
|t:|1769348023
|move|p1a: Pawmot|Nuzzle|p2a: Corviknight
|-supereffective|p2a: Corviknight
|-damage|p2a: Corviknight|82/100
|-status|p2a: Corviknight|par
|move|p2a: Corviknight|U-turn|p1a: Pawmot
|-resisted|p1a: Pawmot
|-damage|p1a: Pawmot|62/100
|
|t:|1769348034
|switch|p2a: Ambipom|Ambipom, M|100/100|[from] U-turn
|
|upkeep
|turn|11
|
|t:|1769348039
|move|p2a: Ambipom|Knock Off|p1a: Pawmot
|-resisted|p1a: Pawmot
|-damage|p1a: Pawmot|26/100
|-enditem|p1a: Pawmot|Focus Sash|[from] move: Knock Off|[of] p2a: Ambipom
|move|p1a: Pawmot|Nuzzle|p2a: Ambipom
|-damage|p2a: Ambipom|84/100
|-status|p2a: Ambipom|par
|
|upkeep
|turn|12
|
|t:|1769348048
|move|p1a: Pawmot|Revival Blessing|p1a: Pawmot
|
|t:|1769348050
|-heal|p1: Dragonite|50/100|[from] move: Revival Blessing
|move|p2a: Ambipom|Knock Off|p1a: Pawmot
|-resisted|p1a: Pawmot
|-crit|p1a: Pawmot
|-damage|p1a: Pawmot|0 fnt
|faint|p1a: Pawmot
|
|upkeep
|
|t:|1769348055
|switch|p1a: Ogerpon|Ogerpon-Cornerstone, F|100/100
|turn|13
|
|t:|1769348071
|switch|p2a: Alomomola|Alomomola, M|79/100
|move|p1a: Ogerpon|Trailblaze|p2a: Alomomola
|-supereffective|p2a: Alomomola
|-damage|p2a: Alomomola|44/100
|-boost|p1a: Ogerpon|spe|1
|
|upkeep
|turn|14
|
|t:|1769348080
|move|p1a: Ogerpon|Swords Dance|p1a: Ogerpon
|-boost|p1a: Ogerpon|atk|2
|move|p2a: Alomomola|Flip Turn|p1a: Ogerpon
|-damage|p1a: Ogerpon|81/100
|
|t:|1769348087
|switch|p2a: Sudowoodo|Sudowoodo, L1, F|100/100|[from] Flip Turn
|
|upkeep
|turn|15
|
|t:|1769348095
|move|p1a: Ogerpon|Swords Dance|p1a: Ogerpon
|-boost|p1a: Ogerpon|atk|2
|move|p2a: Sudowoodo|Endeavor|p1a: Ogerpon
|-damage|p1a: Ogerpon|4/100
|
|upkeep
|turn|16
|
|t:|1769348107
|switch|p2a: Alomomola|Alomomola, M|77/100
|move|p1a: Ogerpon|Horn Leech|p2a: Alomomola
|-supereffective|p2a: Alomomola
|-damage|p2a: Alomomola|0 fnt
|-heal|p1a: Ogerpon|73/100|[from] drain|[of] p2a: Alomomola
|faint|p2a: Alomomola
|
|upkeep
|
|t:|1769348116
|switch|p2a: Sudowoodo|Sudowoodo, L1, F|100/100
|turn|17
|
|t:|1769348127
|switch|p1a: Dragapult|Dragapult, F|91/100
|move|p2a: Sudowoodo|Endeavor|p1a: Dragapult
|-immune|p1a: Dragapult
|
|upkeep
|turn|18
|
|t:|1769348137
|switch|p2a: Corviknight|Corviknight, F|82/100 par
|-ability|p2a: Corviknight|Pressure
|move|p1a: Dragapult|Will-O-Wisp||[still]
|-fail|p1a: Dragapult
|
|upkeep
|turn|19
|
|t:|1769348149
|move|p1a: Dragapult|U-turn|p2a: Corviknight
|-resisted|p2a: Corviknight
|-damage|p2a: Corviknight|78/100 par
|-damage|p1a: Dragapult|81/100|[from] item: Life Orb
|
|t:|1769348153
|switch|p1a: Dragonite|Dragonite, M|50/100|[from] U-turn
|cant|p2a: Corviknight|par
|
|upkeep
|turn|20
|
|t:|1769348159
|move|p2a: Corviknight|U-turn|p1a: Dragonite
|-resisted|p1a: Dragonite
|-damage|p1a: Dragonite|43/100
|
|t:|1769348167
|switch|p2a: Dragapult|Dragapult, F|100/100|[from] U-turn
|move|p1a: Dragonite|Dragon Tail|p2a: Dragapult
|-supereffective|p2a: Dragapult
|-damage|p2a: Dragapult|13/100
|drag|p2a: Blaziken|Blaziken, M|100/100
|
|upkeep
|turn|21
|
|t:|1769348186
|move|p2a: Blaziken|Flamethrower|p1a: Dragonite
|-resisted|p1a: Dragonite
|-damage|p1a: Dragonite|21/100
|move|p1a: Dragonite|Fly||[still]
|-prepare|p1a: Dragonite|Fly
|
|-ability|p2a: Blaziken|Speed Boost|boost
|-boost|p2a: Blaziken|spe|1
|upkeep
|turn|22
|
|t:|1769348195
|move|p2a: Blaziken|Protect|p2a: Blaziken
|-singleturn|p2a: Blaziken|Protect
|move|p1a: Dragonite|Fly|p2a: Blaziken|[from] lockedmove
|-activate|p2a: Blaziken|move: Protect
|
|-ability|p2a: Blaziken|Speed Boost|boost
|-boost|p2a: Blaziken|spe|1
|upkeep
|turn|23
|
|t:|1769348203
|move|p1a: Dragonite|Extreme Speed|p2a: Blaziken
|-damage|p2a: Blaziken|59/100
|move|p2a: Blaziken|Flamethrower|p1a: Dragonite
|-resisted|p1a: Dragonite
|-damage|p1a: Dragonite|0 fnt
|faint|p1a: Dragonite
|
|-ability|p2a: Blaziken|Speed Boost|boost
|-boost|p2a: Blaziken|spe|1
|upkeep
|
|t:|1769348208
|switch|p1a: Iron Valiant|Iron Valiant, shiny|100/100
|-enditem|p1a: Iron Valiant|Booster Energy
|-activate|p1a: Iron Valiant|ability: Quark Drive|[fromitem]
|-start|p1a: Iron Valiant|quarkdrivespe
|turn|24
|
|t:|1769348218
|move|p2a: Blaziken|Flamethrower|p1a: Iron Valiant
|-damage|p1a: Iron Valiant|36/100
|move|p1a: Iron Valiant|Psyshock|p2a: Blaziken
|-supereffective|p2a: Blaziken
|-damage|p2a: Blaziken|0 fnt
|faint|p2a: Blaziken
|
|upkeep
|
|t:|1769348231
|switch|p2a: Ambipom|Ambipom, M|84/100 par
|turn|25
|
|t:|1769348244
|move|p1a: Iron Valiant|Moonblast|p2a: Ambipom
|-damage|p2a: Ambipom|9/100 par
|move|p2a: Ambipom|Knock Off|p1a: Iron Valiant
|-resisted|p1a: Iron Valiant
|-damage|p1a: Iron Valiant|27/100
|
|upkeep
|turn|26
|
|t:|1769348251
|switch|p2a: Corviknight|Corviknight, F|78/100 par
|-ability|p2a: Corviknight|Pressure
|move|p1a: Iron Valiant|Moonblast|p2a: Corviknight
|-resisted|p2a: Corviknight
|-damage|p2a: Corviknight|59/100 par
|
|upkeep
|turn|27
|
|t:|1769348260
|move|p1a: Iron Valiant|Thunderbolt|p2a: Corviknight
|-supereffective|p2a: Corviknight
|-damage|p2a: Corviknight|12/100 par
|move|p2a: Corviknight|U-turn|p1a: Iron Valiant
|-resisted|p1a: Iron Valiant
|-damage|p1a: Iron Valiant|23/100
|
|t:|1769348266
|switch|p2a: Ambipom|Ambipom, M|9/100 par|[from] U-turn
|
|upkeep
|turn|28
|
|t:|1769348271
|move|p2a: Ambipom|Fake Out|p1a: Iron Valiant
|-damage|p1a: Iron Valiant|0 fnt
|faint|p1a: Iron Valiant
|-end|p1a: Iron Valiant|Quark Drive|[silent]
|
|upkeep
|
|t:|1769348274
|switch|p1a: Dragapult|Dragapult, F|81/100
|turn|29
|
|t:|1769348282
|switch|p2a: Sudowoodo|Sudowoodo, L1, F|100/100
|move|p1a: Dragapult|U-turn|p2a: Sudowoodo
|-ability|p2a: Sudowoodo|Sturdy
|-damage|p2a: Sudowoodo|9/100
|-damage|p1a: Dragapult|71/100|[from] item: Life Orb
|
|t:|1769348284
|switch|p1a: Ogerpon|Ogerpon-Cornerstone, F|73/100|[from] U-turn
|
|upkeep
|turn|30
|
|t:|1769348296
|move|p1a: Ogerpon|Trailblaze|p2a: Sudowoodo
|-supereffective|p2a: Sudowoodo
|-damage|p2a: Sudowoodo|0 fnt
|-boost|p1a: Ogerpon|spe|1
|faint|p2a: Sudowoodo
|
|upkeep
|
|t:|1769348302
|switch|p2a: Dragapult|Dragapult, F|13/100
|turn|31
|
|t:|1769348308
|move|p1a: Ogerpon|Trailblaze|p2a: Dragapult
|-resisted|p2a: Dragapult
|-damage|p2a: Dragapult|0 fnt
|-boost|p1a: Ogerpon|spe|1
|faint|p2a: Dragapult
|
|upkeep
|-message|yzyang forfeited.
|
|win|chiyixiao
|raw|chiyixiao's rating: 1271 &rarr; <strong>1296</strong><br />(+25 for winning)
|raw|yzyang's rating: 1273 &rarr; <strong>1248</strong><br />(-25 for losing)
|l|☆yzyang
|player|p2|
|l|☆chiyixiao
|player|p1|
