|j|☆enderpop
|j|☆vanoscity
|t:|1769363443
|gametype|singles
|player|p1|enderpop|ethan|1176
|player|p2|vanoscity|unknown|1162
|gen|9
|tier|[Gen 9] OU
|rated|
|rule|HP Percentage Mod: HP is shown in percentages
|rule|Endless Battle Clause: Forcing endless battles is banned
|rule|Species Clause: Limit one of each Pokémon
|rule|OHKO Clause: OHKO moves are banned
|rule|Evasion Items Clause: Evasion items are banned
|rule|Evasion Moves Clause: Evasion moves are banned
|rule|Evasion Abilities Clause: Evasion abilities are banned
|rule|Sleep Moves Clause: Sleep-inducing moves are banned
|clearpoke
|poke|p1|Chandelure, M|
|poke|p1|Metagross|
|poke|p1|Iron Valiant|
|poke|p1|Weavile, M|
|poke|p1|Raichu-Alola, M|
|poke|p1|Garchomp, M|
|poke|p2|Infernape, M|
|poke|p2|Gliscor, M|
|poke|p2|Serperior, F|
|poke|p2|Iron Valiant|
|poke|p2|Dragapult, F|
|poke|p2|Greninja-*, M|
|teampreview
|inactive|Battle timer is ON: inactive players will automatically lose when time's up. (requested by vanoscity)
|inactive|enderpop also wants the timer to be on.
|
|t:|1769363455
|teamsize|p1|6
|teamsize|p2|6
|start
|switch|p1a: Metagross|Metagross|100/100
|switch|p2a: Infernape|Infernape, M|100/100
|turn|1
|
|t:|1769363461
|switch|p1a: Garchomp|Garchomp, M|100/100
|move|p2a: Infernape|Flare Blitz|p1a: Garchomp
|-resisted|p1a: Garchomp
|-damage|p1a: Garchomp|70/100
|-damage|p2a: Infernape|88/100|[from] ability: Rough Skin|[of] p1a: Garchomp
|-damage|p2a: Infernape|76/100|[from] Recoil
|
|upkeep
|turn|2
|
|t:|1769363476
|switch|p2a: Gliscor|Gliscor, M|100/100
|move|p1a: Garchomp|Swords Dance|p1a: Garchomp
|-boost|p1a: Garchomp|atk|2
|
|-status|p2a: Gliscor|tox|[from] item: Toxic Orb
|upkeep
|turn|3
|
|t:|1769363480
|move|p1a: Garchomp|Outrage|p2a: Gliscor
|-damage|p2a: Gliscor|0 fnt
|faint|p2a: Gliscor
|-damage|p1a: Garchomp|60/100|[from] item: Life Orb
|
|upkeep
|
|t:|1769363482
|switch|p2a: Iron Valiant|Iron Valiant|100/100
|-enditem|p2a: Iron Valiant|Booster Energy
|-activate|p2a: Iron Valiant|ability: Quark Drive|[fromitem]
|-start|p2a: Iron Valiant|quarkdrivespe
|turn|4
|
|t:|1769363486
|move|p2a: Iron Valiant|Moonblast|p1a: Garchomp
|-supereffective|p1a: Garchomp
|-damage|p1a: Garchomp|0 fnt
|faint|p1a: Garchomp
|
|upkeep
|
|t:|1769363490
|switch|p1a: Metagross|Metagross|100/100
|turn|5
|
|t:|1769363500
|-end|p2a: Iron Valiant|Quark Drive|[silent]
|switch|p2a: Greninja|Greninja, M|100/100
|switch|p1a: Chandelure|Chandelure, M|100/100
|
|upkeep
|turn|6
|
|t:|1769363503
|-terastallize|p1a: Chandelure|Grass
|move|p2a: Greninja|Dark Pulse|p1a: Chandelure
|-damage|p1a: Chandelure|46/100
|move|p1a: Chandelure|Energy Ball|p2a: Greninja
|-supereffective|p2a: Greninja
|-crit|p2a: Greninja
|-damage|p2a: Greninja|0 fnt
|faint|p2a: Greninja
|
|upkeep
|
|t:|1769363516
|switch|p2a: Iron Valiant|Iron Valiant|100/100
|turn|7
|
|t:|1769363518
|move|p2a: Iron Valiant|Poison Jab|p1a: Chandelure
|-supereffective|p1a: Chandelure
|-damage|p1a: Chandelure|0 fnt
|faint|p1a: Chandelure
|
|upkeep
|
|t:|1769363525
|switch|p1a: Raichu|Raichu-Alola, M|100/100
|turn|8
|
|t:|1769363529
|move|p2a: Iron Valiant|Poison Jab|p1a: Raichu
|-damage|p1a: Raichu|37/100
|move|p1a: Raichu|Psychic|p2a: Iron Valiant
|-supereffective|p2a: Iron Valiant
|-damage|p2a: Iron Valiant|0 fnt
|faint|p2a: Iron Valiant
|-end|p2a: Iron Valiant|Quark Drive|[silent]
|-damage|p1a: Raichu|27/100|[from] item: Life Orb
|
|upkeep
|
|t:|1769363535
|switch|p2a: Dragapult|Dragapult, F|100/100
|turn|9
|
|t:|1769363541
|-terastallize|p2a: Dragapult|Fairy
|move|p2a: Dragapult|Dragon Dance|p2a: Dragapult
|-boost|p2a: Dragapult|atk|1
|-boost|p2a: Dragapult|spe|1
|move|p1a: Raichu|Psychic|p2a: Dragapult
|-damage|p2a: Dragapult|34/100
|-damage|p1a: Raichu|17/100|[from] item: Life Orb
|
|-heal|p2a: Dragapult|40/100|[from] item: Leftovers
|upkeep
|turn|10
|
|t:|1769363550
|move|p2a: Dragapult|Dragon Darts|p1a: Raichu
|-damage|p1a: Raichu|0 fnt
|faint|p1a: Raichu
|
|-heal|p2a: Dragapult|46/100|[from] item: Leftovers
|upkeep
|
|t:|1769363553
|switch|p1a: Iron Valiant|Iron Valiant|100/100
|-enditem|p1a: Iron Valiant|Booster Energy
|-activate|p1a: Iron Valiant|ability: Quark Drive|[fromitem]
|-start|p1a: Iron Valiant|quarkdrivespe
|turn|11
|
|t:|1769363573
|move|p2a: Dragapult|Phantom Force||[still]
|-prepare|p2a: Dragapult|Phantom Force
|move|p1a: Iron Valiant|Thunderbolt|p2a: Dragapult|[miss]
|-miss|p1a: Iron Valiant|p2a: Dragapult
|
|-heal|p2a: Dragapult|52/100|[from] item: Leftovers
|upkeep
|turn|12
|
|t:|1769363579
|-end|p1a: Iron Valiant|Quark Drive|[silent]
|switch|p1a: Weavile|Weavile, M|100/100
|-ability|p1a: Weavile|Pressure
|move|p2a: Dragapult|Phantom Force|p1a: Weavile|[from] lockedmove
|-resisted|p1a: Weavile
|-damage|p1a: Weavile|40/100
|
|-heal|p2a: Dragapult|58/100|[from] item: Leftovers
|upkeep
|turn|13
|
|t:|1769363588
|move|p1a: Weavile|Ice Shard|p2a: Dragapult
|-damage|p2a: Dragapult|29/100
|move|p2a: Dragapult|Dragon Darts|p1a: Weavile
|-damage|p1a: Weavile|0 fnt
|faint|p1a: Weavile
|
|-heal|p2a: Dragapult|35/100|[from] item: Leftovers
|upkeep
|
|t:|1769363591
|switch|p1a: Iron Valiant|Iron Valiant|100/100
|turn|14
|
|t:|1769363609
|move|p2a: Dragapult|Phantom Force||[still]
|-prepare|p2a: Dragapult|Phantom Force
|move|p1a: Iron Valiant|Calm Mind|p1a: Iron Valiant
|-boost|p1a: Iron Valiant|spa|1
|-boost|p1a: Iron Valiant|spd|1
|
|-heal|p2a: Dragapult|41/100|[from] item: Leftovers
|upkeep
|turn|15
|
|t:|1769363616
|move|p2a: Dragapult|Phantom Force|p1a: Iron Valiant|[from] lockedmove
|-damage|p1a: Iron Valiant|11/100
|move|p1a: Iron Valiant|Thunderbolt|p2a: Dragapult
|-damage|p2a: Dragapult|0 fnt
|faint|p2a: Dragapult
|
|upkeep
|
|t:|1769363625
|switch|p2a: Infernape|Infernape, M|76/100
|turn|16
|
|t:|1769363628
|move|p2a: Infernape|Mach Punch|p1a: Iron Valiant
|-resisted|p1a: Iron Valiant
|-damage|p1a: Iron Valiant|1/100
|move|p1a: Iron Valiant|Moonblast|p2a: Infernape
|-damage|p2a: Infernape|0 fnt
|faint|p2a: Infernape
|
|upkeep
|
|t:|1769363638
|switch|p2a: Serperior|Serperior, F|100/100
|turn|17
|
|t:|1769363650
|move|p1a: Iron Valiant|Moonblast|p2a: Serperior
|-damage|p2a: Serperior|13/100
|move|p2a: Serperior|Leaf Storm|p1a: Iron Valiant
|-damage|p1a: Iron Valiant|0 fnt
|-boost|p2a: Serperior|spa|2
|faint|p1a: Iron Valiant
|-end|p1a: Iron Valiant|Quark Drive|[silent]
|
|upkeep
|
|t:|1769363655
|switch|p1a: Metagross|Metagross|100/100
|turn|18
|
|t:|1769363660
|move|p2a: Serperior|Leaf Storm|p1a: Metagross
|-resisted|p1a: Metagross
|-damage|p1a: Metagross|51/100
|-boost|p2a: Serperior|spa|2
|move|p1a: Metagross|Psychic Fangs|p2a: Serperior
|-damage|p2a: Serperior|0 fnt
|faint|p2a: Serperior
|
|win|enderpop
|raw|enderpop's rating: 1176 &rarr; <strong>1200</strong><br />(+24 for winning)
|raw|vanoscity's rating: 1162 &rarr; <strong>1138</strong><br />(-24 for losing)
|c|☆vanoscity|Gg
|l|☆enderpop
|player|p1|
|l|☆vanoscity
|player|p2|
