|badge|p1|bronze|gen9ou|100-8
|uhtml|medal-msg|<div class="broadcast-blue">Curious what those medals under the avatar are? PS now has Ladder Seasons! For more information, check out the <a href="https://www.smogon.com/forums/threads/3740067/">thread on Smogon.</a></div>
|j|☆Acastillo631
|j|☆tuanquewang
|t:|1769361430
|gametype|singles
|player|p1|Acastillo631|silver|1893
|player|p2|tuanquewang|backersf|1800
|gen|9
|tier|[Gen 9] OU
|rated|
|rule|HP Percentage Mod: HP is shown in percentages
|rule|Endless Battle Clause: Forcing endless battles is banned
|rule|Species Clause: Limit one of each Pokémon
|rule|OHKO Clause: OHKO moves are banned
|rule|Evasion Items Clause: Evasion items are banned
|rule|Evasion Moves Clause: Evasion moves are banned
|rule|Evasion Abilities Clause: Evasion abilities are banned
|rule|Sleep Moves Clause: Sleep-inducing moves are banned
|clearpoke
|poke|p1|Iron Valiant|
|poke|p1|Sinistcha|
|poke|p1|Tyranitar, M|
|poke|p1|Keldeo-Resolute|
|poke|p1|Iron Treads|
|poke|p1|Klefki, F|
|poke|p2|Cinderace, M|
|poke|p2|Slowking-Galar, M|
|poke|p2|Alomomola, F|
|poke|p2|Scizor, M|
|poke|p2|Hydrapple, F|
|poke|p2|Sandy Shocks|
|teampreview
|inactive|Battle timer is ON: inactive players will automatically lose when time's up. (requested by tuanquewang)
|
|t:|1769361444
|teamsize|p1|6
|teamsize|p2|6
|start
|switch|p1a: Redips|Klefki, F|100/100
|switch|p2a: Cinderace|Cinderace, M|100/100
|turn|1
|
|t:|1769361449
|move|p1a: Redips|Thunder Wave|p2a: Cinderace|[miss]
|-miss|p1a: Redips|p2a: Cinderace
|move|p2a: Cinderace|Pyro Ball|p1a: Redips
|-supereffective|p1a: Redips
|-damage|p1a: Redips|7/100
|
|upkeep
|turn|2
|
|t:|1769361454
|switch|p2a: Sandy Shocks|Sandy Shocks, shiny|100/100
|move|p1a: Redips|Thunder Wave|p2a: Sandy Shocks
|-immune|p2a: Sandy Shocks
|
|upkeep
|turn|3
|
|t:|1769361463
|switch|p1a: Armored Armadillo|Iron Treads|100/100
|-item|p1a: Armored Armadillo|Air Balloon
|move|p2a: Sandy Shocks|Volt Switch|p1a: Armored Armadillo
|-immune|p1a: Armored Armadillo
|
|upkeep
|turn|4
|
|t:|1769361467
|-end|p2a: Sandy Shocks|Protosynthesis|[silent]
|switch|p2a: Alomomola|Alomomola, F|100/100
|move|p1a: Armored Armadillo|Knock Off|p2a: Alomomola
|-damage|p2a: Alomomola|85/100
|-enditem|p2a: Alomomola|Leftovers|[from] move: Knock Off|[of] p1a: Armored Armadillo
|
|upkeep
|turn|5
|
|t:|1769361472
|-end|p1a: Armored Armadillo|Quark Drive|[silent]
|switch|p1a: Wire Sponge|Sinistcha|100/100
|move|p2a: Alomomola|Flip Turn|p1a: Wire Sponge
|-resisted|p1a: Wire Sponge
|-damage|p1a: Wire Sponge|94/100
|j| lonelyblueheart
|
|t:|1769361482
|switch|p2a: Scizor|Scizor, M|100/100|[from] Flip Turn
|
|upkeep
|turn|6
|
|t:|1769361486
|move|p1a: Wire Sponge|Strength Sap|p2a: Scizor
|-unboost|p2a: Scizor|atk|1
|-heal|p1a: Wire Sponge|100/100
|move|p2a: Scizor|Dual Wingbeat|p1a: Wire Sponge
|-supereffective|p1a: Wire Sponge
|-damage|p1a: Wire Sponge|68/100
|-supereffective|p1a: Wire Sponge
|-damage|p1a: Wire Sponge|34/100
|-hitcount|p1a: Wire Sponge|2
|
|upkeep
|turn|7
|
|t:|1769361499
|switch|p2a: Slowking|Slowking-Galar, M|100/100
|move|p1a: Wire Sponge|Strength Sap|p2a: Slowking
|-unboost|p2a: Slowking|atk|1
|-heal|p1a: Wire Sponge|73/100
|
|upkeep
|turn|8
|
|t:|1769361504
|move|p1a: Wire Sponge|Nasty Plot|p1a: Wire Sponge
|-boost|p1a: Wire Sponge|spa|2
|move|p2a: Slowking|Trick|p1a: Wire Sponge
|-activate|p2a: Slowking|move: Trick|[of] p1a: Wire Sponge
|-item|p1a: Wire Sponge|Black Sludge|[from] move: Trick
|-item|p2a: Slowking|Heavy-Duty Boots|[from] move: Trick
|
|-damage|p1a: Wire Sponge|61/100|[from] item: Black Sludge
|upkeep
|turn|9
|
|t:|1769361516
|move|p1a: Wire Sponge|Shadow Ball|p2a: Slowking
|-supereffective|p2a: Slowking
|-damage|p2a: Slowking|25/100
|-prepare|p2a: Slowking|Chilly Reception|[premajor]
|move|p2a: Slowking|Chilly Reception|p2a: Slowking
|-weather|Snowscape
|
|t:|1769361527
|switch|p2a: Scizor|Scizor, M|100/100|[from] Chilly Reception
|
|-weather|Snowscape|[upkeep]
|-damage|p1a: Wire Sponge|48/100|[from] item: Black Sludge
|upkeep
|turn|10
|
|t:|1769361538
|move|p1a: Wire Sponge|Strength Sap|p2a: Scizor
|-unboost|p2a: Scizor|atk|1
|-heal|p1a: Wire Sponge|100/100
|move|p2a: Scizor|U-turn|p1a: Wire Sponge
|-damage|p1a: Wire Sponge|69/100
|
|t:|1769361551
|switch|p2a: Cinderace|Cinderace, M|100/100|[from] U-turn
|
|-weather|Snowscape|[upkeep]
|-damage|p1a: Wire Sponge|57/100|[from] item: Black Sludge
|upkeep
|turn|11
|j| lambdaequation
|
|t:|1769361569
|-terastallize|p1a: Wire Sponge|Poison
|move|p2a: Cinderace|Pyro Ball|p1a: Wire Sponge|[miss]
|-miss|p2a: Cinderace|p1a: Wire Sponge
|move|p1a: Wire Sponge|Strength Sap|p2a: Cinderace
|-unboost|p2a: Cinderace|atk|1
|-heal|p1a: Wire Sponge|100/100
|
|-weather|Snowscape|[upkeep]
|upkeep
|turn|12
|
|t:|1769361578
|move|p2a: Cinderace|U-turn|p1a: Wire Sponge
|-start|p2a: Cinderace|typechange|Bug|[from] ability: Libero
|-resisted|p1a: Wire Sponge
|-damage|p1a: Wire Sponge|92/100
|
|t:|1769361582
|switch|p2a: Scizor|Scizor, M|100/100|[from] U-turn
|move|p1a: Wire Sponge|Shadow Ball|p2a: Scizor
|-damage|p2a: Scizor|22/100
|-unboost|p2a: Scizor|spd|1
|
|-weather|Snowscape|[upkeep]
|-heal|p1a: Wire Sponge|98/100|[from] item: Black Sludge
|upkeep
|turn|13
|
|t:|1769361590
|move|p1a: Wire Sponge|Shadow Ball|p2a: Scizor
|-damage|p2a: Scizor|0 fnt
|faint|p2a: Scizor
|
|-weather|none
|-heal|p1a: Wire Sponge|100/100|[from] item: Black Sludge
|upkeep
|
|t:|1769361591
|switch|p2a: Slowking|Slowking-Galar, M|59/100
|turn|14
|
|t:|1769361596
|-terastallize|p2a: Slowking|Dark
|move|p1a: Wire Sponge|Shadow Ball|p2a: Slowking
|-resisted|p2a: Slowking
|-damage|p2a: Slowking|39/100
|move|p2a: Slowking|Psychic Noise|p1a: Wire Sponge
|-supereffective|p1a: Wire Sponge
|-damage|p1a: Wire Sponge|29/100
|-start|p1a: Wire Sponge|move: Heal Block
|
|upkeep
|turn|15
|
|t:|1769361610
|switch|p1a: Spiral Pegasus|Keldeo-Resolute|100/100
|move|p2a: Slowking|Psychic Noise|p1a: Spiral Pegasus
|-supereffective|p1a: Spiral Pegasus
|-damage|p1a: Spiral Pegasus|30/100
|-start|p1a: Spiral Pegasus|move: Heal Block
|
|upkeep
|turn|16
|
|t:|1769361613
|switch|p2a: Hydrapple|Hydrapple, F, shiny|100/100
|move|p1a: Spiral Pegasus|Flip Turn|p2a: Hydrapple
|-resisted|p2a: Hydrapple
|-damage|p2a: Hydrapple|98/100
|
|t:|1769361619
|switch|p1a: Eregion|Tyranitar, M|100/100|[from] Flip Turn
|-weather|Sandstorm|[from] ability: Sand Stream|[of] p1a: Eregion
|
|-weather|Sandstorm|[upkeep]
|-damage|p2a: Hydrapple|92/100|[from] Sandstorm
|upkeep
|turn|17
|
|t:|1769361630
|switch|p2a: Alomomola|Alomomola, F|100/100
|move|p1a: Eregion|Knock Off|p2a: Alomomola
|-damage|p2a: Alomomola|86/100
|
|-weather|Sandstorm|[upkeep]
|-damage|p2a: Alomomola|80/100|[from] Sandstorm
|upkeep
|turn|18
|
|t:|1769361635
|move|p1a: Eregion|Stealth Rock|p2a: Alomomola
|-sidestart|p2: tuanquewang|move: Stealth Rock
|move|p2a: Alomomola|Flip Turn|p1a: Eregion
|-supereffective|p1a: Eregion
|-damage|p1a: Eregion|77/100
|
|t:|1769361639
|switch|p2a: Cinderace|Cinderace, M|100/100|[from] Flip Turn
|
|-weather|Sandstorm|[upkeep]
|-damage|p2a: Cinderace|95/100|[from] Sandstorm
|-heal|p1a: Eregion|83/100|[from] item: Leftovers
|upkeep
|turn|19
|
|t:|1769361645
|move|p2a: Cinderace|U-turn|p1a: Eregion
|-start|p2a: Cinderace|typechange|Bug|[from] ability: Libero
|-supereffective|p1a: Eregion
|-damage|p1a: Eregion|31/100
|
|t:|1769361648
|switch|p2a: Alomomola|Alomomola, F|100/100|[from] U-turn
|-damage|p2a: Alomomola|88/100|[from] Stealth Rock
|move|p1a: Eregion|Knock Off|p2a: Alomomola
|-damage|p2a: Alomomola|72/100
|
|-weather|Sandstorm|[upkeep]
|-damage|p2a: Alomomola|65/100|[from] Sandstorm
|-heal|p1a: Eregion|37/100|[from] item: Leftovers
|upkeep
|turn|20
|
|t:|1769361656
|switch|p1a: Redips|Klefki, F|7/100
|move|p2a: Alomomola|Flip Turn|p1a: Redips
|-damage|p1a: Redips|0 fnt
|-damage|p2a: Alomomola|49/100|[from] item: Rocky Helmet|[of] p1a: Redips
|faint|p1a: Redips
|
|t:|1769361664
|switch|p2a: Sandy Shocks|Sandy Shocks, shiny|100/100|[from] Flip Turn
|-damage|p2a: Sandy Shocks|94/100|[from] Stealth Rock
|
|-weather|none
|upkeep
|
|t:|1769361670
|switch|p1a: Armored Armadillo|Iron Treads|100/100
|-item|p1a: Armored Armadillo|Air Balloon
|turn|21
|j| faronaan
|
|t:|1769361674
|-end|p2a: Sandy Shocks|Protosynthesis|[silent]
|switch|p2a: Alomomola|Alomomola, F|82/100
|-damage|p2a: Alomomola|70/100|[from] Stealth Rock
|move|p1a: Armored Armadillo|Earthquake|p2a: Alomomola
|-damage|p2a: Alomomola|46/100
|
|upkeep
|turn|22
|
|t:|1769361685
|move|p1a: Armored Armadillo|Earthquake|p2a: Alomomola
|-damage|p2a: Alomomola|21/100
|move|p2a: Alomomola|Flip Turn|p1a: Armored Armadillo
|-supereffective|p1a: Armored Armadillo
|-damage|p1a: Armored Armadillo|69/100
|-enditem|p1a: Armored Armadillo|Air Balloon
|
|t:|1769361690
|switch|p2a: Cinderace|Cinderace, M|95/100|[from] Flip Turn
|
|upkeep
|turn|23
|
|t:|1769361696
|-end|p1a: Armored Armadillo|Quark Drive|[silent]
|switch|p1a: Sage Harpuia|Iron Valiant|100/100
|-enditem|p1a: Sage Harpuia|Booster Energy
|-activate|p1a: Sage Harpuia|ability: Quark Drive|[fromitem]
|-start|p1a: Sage Harpuia|quarkdrivespe
|move|p2a: Cinderace|Pyro Ball|p1a: Sage Harpuia
|-damage|p1a: Sage Harpuia|29/100
|
|upkeep
|turn|24
|
|t:|1769361710
|-end|p1a: Sage Harpuia|Quark Drive|[silent]
|switch|p1a: Eregion|Tyranitar, M|37/100
|-weather|Sandstorm|[from] ability: Sand Stream|[of] p1a: Eregion
|move|p2a: Cinderace|Pyro Ball|p1a: Eregion
|-resisted|p1a: Eregion
|-damage|p1a: Eregion|15/100
|
|-weather|Sandstorm|[upkeep]
|-damage|p2a: Cinderace|89/100|[from] Sandstorm
|-heal|p1a: Eregion|21/100|[from] item: Leftovers
|upkeep
|turn|25
|
|t:|1769361720
|move|p2a: Cinderace|Court Change|p2a: Cinderace
|-start|p2a: Cinderace|typechange|Normal|[from] ability: Libero
|-swapsideconditions
|-activate|p2a: Cinderace|move: Court Change
|move|p1a: Eregion|Knock Off|p2a: Cinderace
|-damage|p2a: Cinderace|25/100
|-enditem|p2a: Cinderace|Heavy-Duty Boots|[from] move: Knock Off|[of] p1a: Eregion
|
|-weather|Sandstorm|[upkeep]
|-damage|p2a: Cinderace|19/100|[from] Sandstorm
|-heal|p1a: Eregion|27/100|[from] item: Leftovers
|upkeep
|turn|26
|
|t:|1769361741
|move|p2a: Cinderace|U-turn|p1a: Eregion
|-supereffective|p1a: Eregion
|-damage|p1a: Eregion|0 fnt
|faint|p1a: Eregion
|
|t:|1769361745
|switch|p2a: Sandy Shocks|Sandy Shocks, shiny|94/100|[from] U-turn
|
|-weather|Sandstorm|[upkeep]
|upkeep
|
|t:|1769361750
|switch|p1a: Armored Armadillo|Iron Treads|69/100
|-damage|p1a: Armored Armadillo|66/100|[from] Stealth Rock
|turn|27
|
|t:|1769361752
|move|p2a: Sandy Shocks|Earth Power|p1a: Armored Armadillo
|-supereffective|p1a: Armored Armadillo
|-damage|p1a: Armored Armadillo|0 fnt
|faint|p1a: Armored Armadillo
|-end|p1a: Armored Armadillo|Quark Drive|[silent]
|
|-weather|Sandstorm|[upkeep]
|upkeep
|-message|Acastillo631 forfeited.
|
|win|tuanquewang
|raw|Acastillo631's rating: 1893 &rarr; <strong>1868</strong><br />(-25 for losing)
|raw|tuanquewang's rating: 1800 &rarr; <strong>1825</strong><br />(+25 for winning)
|l|☆Acastillo631
|player|p1|
|l| lonelyblueheart
|l| lambdaequation
|l| faronaan
