|j|☆Igoodnamename
|j|☆OP Sand
|t:|1769329747
|gametype|singles
|player|p1|Igoodnamename|265|1674
|player|p2|OP Sand|giovanni-masters|1704
|gen|9
|tier|[Gen 9] OU
|rated|
|rule|HP Percentage Mod: HP is shown in percentages
|rule|Endless Battle Clause: Forcing endless battles is banned
|rule|Species Clause: Limit one of each Pokémon
|rule|OHKO Clause: OHKO moves are banned
|rule|Evasion Items Clause: Evasion items are banned
|rule|Evasion Moves Clause: Evasion moves are banned
|rule|Evasion Abilities Clause: Evasion abilities are banned
|rule|Sleep Moves Clause: Sleep-inducing moves are banned
|clearpoke
|poke|p1|Tinkaton, F|
|poke|p1|Ogerpon, F|
|poke|p1|Great Tusk|
|poke|p1|Pecharunt|
|poke|p1|Alomomola, M|
|poke|p1|Hydreigon, M|
|poke|p2|Excadrill, M|
|poke|p2|Tyranitar, F|
|poke|p2|Kyurem|
|poke|p2|Hawlucha, F|
|poke|p2|Pawmot, M|
|poke|p2|Leavanny, F|
|teampreview
|inactive|Battle timer is ON: inactive players will automatically lose when time's up. (requested by OP Sand)
|
|t:|1769329766
|teamsize|p1|6
|teamsize|p2|6
|start
|switch|p1a: Anonymous|Ogerpon, F|100/100
|switch|p2a: Itachi|Hawlucha, F, shiny|100/100
|-ability|p2a: Itachi|Mold Breaker
|turn|1
|
|t:|1769329774
|switch|p1a: Smile.exe|Tinkaton, F, shiny|100/100
|-item|p1a: Smile.exe|Air Balloon
|move|p2a: Itachi|Brave Bird|p1a: Smile.exe
|-resisted|p1a: Smile.exe
|-damage|p1a: Smile.exe|69/100
|-enditem|p1a: Smile.exe|Air Balloon
|-damage|p2a: Itachi|89/100|[from] Recoil
|-enditem|p2a: Itachi|Red Card|[silent]|[from] ability: Pickpocket|[of] p2a: Itachi
|-item|p1a: Smile.exe|Red Card|[from] ability: Pickpocket|[of] p2a: Itachi
|
|upkeep
|turn|2
|
|t:|1769329782
|move|p2a: Itachi|Close Combat|p1a: Smile.exe
|-damage|p1a: Smile.exe|5/100
|-unboost|p2a: Itachi|def|1
|-unboost|p2a: Itachi|spd|1
|-enditem|p1a: Smile.exe|Red Card|[of] p2a: Itachi
|drag|p2a: Leavanny|Leavanny, F|100/100
|move|p1a: Smile.exe|Stealth Rock|p2a: Leavanny
|-sidestart|p2: OP Sand|move: Stealth Rock
|
|upkeep
|turn|3
|
|t:|1769329792
|move|p2a: Leavanny|Knock Off|p1a: Smile.exe
|-resisted|p1a: Smile.exe
|-damage|p1a: Smile.exe|0 fnt
|faint|p1a: Smile.exe
|
|upkeep
|
|t:|1769329803
|switch|p1a: Hybrid|Hydreigon, M, shiny|100/100
|turn|4
|
|t:|1769329812
|switch|p2a: The sandstorm|Tyranitar, F, shiny|100/100
|-damage|p2a: The sandstorm|88/100|[from] Stealth Rock
|-weather|Sandstorm|[from] ability: Sand Stream|[of] p2a: The sandstorm
|move|p1a: Hybrid|Flash Cannon|p2a: The sandstorm
|-supereffective|p2a: The sandstorm
|-damage|p2a: The sandstorm|35/100
|
|-weather|Sandstorm|[upkeep]
|-damage|p1a: Hybrid|94/100|[from] Sandstorm
|upkeep
|turn|5
|
|t:|1769329817
|switch|p2a: OP|Excadrill, M|100/100
|-damage|p2a: OP|97/100|[from] Stealth Rock
|move|p1a: Hybrid|Flash Cannon|p2a: OP
|-resisted|p2a: OP
|-damage|p2a: OP|69/100
|
|-weather|Sandstorm|[upkeep]
|-damage|p1a: Hybrid|88/100|[from] Sandstorm
|upkeep
|turn|6
|
|t:|1769329824
|switch|p1a: Overseer|Pecharunt|100/100
|move|p2a: OP|Earthquake|p1a: Overseer
|-supereffective|p1a: Overseer
|-damage|p1a: Overseer|18/100
|
|-weather|Sandstorm|[upkeep]
|-damage|p1a: Overseer|12/100|[from] Sandstorm
|upkeep
|turn|7
|
|t:|1769329831
|move|p2a: OP|Earthquake|p1a: Overseer
|-supereffective|p1a: Overseer
|-crit|p1a: Overseer
|-damage|p1a: Overseer|0 fnt
|faint|p1a: Overseer
|
|-weather|Sandstorm|[upkeep]
|upkeep
|j| QD KING
|
|t:|1769329835
|switch|p1a: Behemoth|Great Tusk, shiny|100/100
|turn|8
|
|t:|1769329857
|move|p2a: OP|Earthquake|p1a: Behemoth
|-damage|p1a: Behemoth|37/100
|move|p1a: Behemoth|Close Combat|p2a: OP
|-supereffective|p2a: OP
|-crit|p2a: OP
|-damage|p2a: OP|0 fnt
|-unboost|p1a: Behemoth|def|1
|-unboost|p1a: Behemoth|spd|1
|faint|p2a: OP
|
|-weather|Sandstorm|[upkeep]
|upkeep
|
|t:|1769329864
|switch|p2a: Itachi|Hawlucha, F, shiny|89/100
|-damage|p2a: Itachi|77/100|[from] Stealth Rock
|-ability|p2a: Itachi|Mold Breaker
|turn|9
|
|t:|1769329872
|-end|p1a: Behemoth|Protosynthesis|[silent]
|switch|p1a: Pisces|Alomomola, M, shiny|100/100
|move|p2a: Itachi|Brave Bird|p1a: Pisces
|-damage|p1a: Pisces|65/100
|-damage|p2a: Itachi|56/100|[from] Recoil
|
|-weather|Sandstorm|[upkeep]
|-damage|p2a: Itachi|50/100|[from] Sandstorm
|-damage|p1a: Pisces|59/100|[from] Sandstorm
|upkeep
|turn|10
|
|t:|1769329880
|move|p2a: Itachi|Defog|p1a: Pisces
|-unboost|p1a: Pisces|evasion|1
|-sideend|p2: OP Sand|Stealth Rock|[from] move: Defog|[of] p2a: Itachi
|move|p1a: Pisces|Play Rough|p2a: Itachi
|-supereffective|p2a: Itachi
|-damage|p2a: Itachi|0 fnt
|faint|p2a: Itachi
|
|-weather|Sandstorm|[upkeep]
|-damage|p1a: Pisces|52/100|[from] Sandstorm
|upkeep
|
|t:|1769329903
|switch|p2a: Porunga|Pawmot, M|100/100
|turn|11
|
|t:|1769329906
|move|p2a: Porunga|Revival Blessing|p2a: Porunga
|-enditem|p2a: Porunga|Leppa Berry|[eat]
|-activate|p2a: Porunga|item: Leppa Berry|Revival Blessing|[consumed]
|j| sabergio15
|
|t:|1769329909
|-heal|p2: OP|50/100|[from] move: Revival Blessing
|move|p1a: Pisces|Flip Turn|p2a: Porunga
|-damage|p2a: Porunga|77/100
|
|t:|1769329923
|switch|p1a: Anonymous|Ogerpon, F|100/100|[from] Flip Turn
|
|-weather|none
|upkeep
|turn|12
|
|t:|1769329932
|switch|p2a: Leavanny|Leavanny, F|100/100
|move|p1a: Anonymous|Ivy Cudgel|p2a: Leavanny
|-resisted|p2a: Leavanny
|-damage|p2a: Leavanny|76/100
|
|upkeep
|turn|13
|
|t:|1769329935
|switch|p1a: Hybrid|Hydreigon, M, shiny|88/100
|move|p2a: Leavanny|Lunge|p1a: Hybrid
|-supereffective|p1a: Hybrid
|-damage|p1a: Hybrid|0 fnt
|faint|p1a: Hybrid
|
|upkeep
|
|t:|1769329942
|switch|p1a: Anonymous|Ogerpon, F|100/100
|turn|14
|
|t:|1769329951
|move|p2a: Leavanny|Lunge|p1a: Anonymous
|-supereffective|p1a: Anonymous
|-damage|p1a: Anonymous|0 fnt
|faint|p1a: Anonymous
|
|upkeep
|c|☆Igoodnamename|ggs
|c|☆OP Sand|..
|c|☆OP Sand|Gg
|-message|Igoodnamename forfeited.
|
|win|OP Sand
|raw|Igoodnamename's rating: 1674 &rarr; <strong>1656</strong><br />(-18 for losing)
|raw|OP Sand's rating: 1704 &rarr; <strong>1722</strong><br />(+18 for winning)
|l| QD KING
|l|☆Igoodnamename
|player|p1|
|l|☆OP Sand
|player|p2|
|l| sabergio15
