|j|☆jsxlllll
|j|☆Yaoshi
|t:|1769419250
|gametype|singles
|player|p1|jsxlllll|170|1522
|player|p2|Yaoshi|silver-masters|1549
|gen|9
|tier|[Gen 9] OU
|rated|
|rule|HP Percentage Mod: HP is shown in percentages
|rule|Endless Battle Clause: Forcing endless battles is banned
|rule|Species Clause: Limit one of each Pokémon
|rule|OHKO Clause: OHKO moves are banned
|rule|Evasion Items Clause: Evasion items are banned
|rule|Evasion Moves Clause: Evasion moves are banned
|rule|Evasion Abilities Clause: Evasion abilities are banned
|rule|Sleep Moves Clause: Sleep-inducing moves are banned
|clearpoke
|poke|p1|Sandy Shocks|
|poke|p1|Scizor, M|
|poke|p1|Manaphy|
|poke|p1|Latios, M|
|poke|p1|Ogerpon, F|
|poke|p1|Iron Jugulis|
|poke|p2|Cinderace, F|
|poke|p2|Dragonite, F|
|poke|p2|Iron Valiant|
|poke|p2|Snorlax, F|
|poke|p2|Primarina, M|
|poke|p2|Skarmory, F|
|teampreview
|inactive|Battle timer is ON: inactive players will automatically lose when time's up. (requested by Yaoshi)
|
|t:|1769419264
|teamsize|p1|6
|teamsize|p2|6
|start
|switch|p1a: Sandy Shocks|Sandy Shocks|100/100
|switch|p2a: Ohtani|Dragonite, F|100/100
|-enditem|p1a: Sandy Shocks|Booster Energy
|-activate|p1a: Sandy Shocks|ability: Protosynthesis|[fromitem]
|-start|p1a: Sandy Shocks|protosynthesisspe
|turn|1
|
|t:|1769419269
|move|p1a: Sandy Shocks|Discharge|p2a: Ohtani
|-damage|p2a: Ohtani|84/100
|-status|p2a: Ohtani|par
|move|p2a: Ohtani|Ice Spinner|p1a: Sandy Shocks
|-supereffective|p1a: Sandy Shocks
|-damage|p1a: Sandy Shocks|0 fnt
|faint|p1a: Sandy Shocks
|-end|p1a: Sandy Shocks|Protosynthesis|[silent]
|
|upkeep
|
|t:|1769419274
|switch|p1a: Scizor|Scizor, M|100/100
|turn|2
|
|t:|1769419293
|switch|p2a: Skarmory|Skarmory, F|100/100
|move|p1a: Scizor|Swords Dance|p1a: Scizor
|-boost|p1a: Scizor|atk|2
|
|upkeep
|turn|3
|
|t:|1769419298
|move|p1a: Scizor|Swords Dance|p1a: Scizor
|-boost|p1a: Scizor|atk|2
|move|p2a: Skarmory|Whirlwind|p1a: Scizor
|drag|p1a: Latios|Latios, M|100/100
|
|upkeep
|turn|4
|j| Tbccc15
|
|t:|1769419305
|switch|p2a: Ayami Sato|Primarina, M, shiny|100/100
|move|p1a: Latios|Agility|p1a: Latios
|-boost|p1a: Latios|spe|2
|
|upkeep
|turn|5
|
|t:|1769419314
|move|p1a: Latios|Calm Mind|p1a: Latios
|-boost|p1a: Latios|spa|1
|-boost|p1a: Latios|spd|1
|move|p2a: Ayami Sato|Calm Mind|p2a: Ayami Sato
|-boost|p2a: Ayami Sato|spa|1
|-boost|p2a: Ayami Sato|spd|1
|
|upkeep
|turn|6
|
|t:|1769419323
|move|p1a: Latios|Calm Mind|p1a: Latios
|-boost|p1a: Latios|spa|1
|-boost|p1a: Latios|spd|1
|move|p2a: Ayami Sato|Draining Kiss|p1a: Latios
|-supereffective|p1a: Latios
|-damage|p1a: Latios|74/100
|-enditem|p1a: Latios|Weakness Policy
|-boost|p1a: Latios|atk|2|[from] item: Weakness Policy
|-boost|p1a: Latios|spa|2|[from] item: Weakness Policy
|
|upkeep
|turn|7
|
|t:|1769419329
|move|p1a: Latios|Stored Power|p2a: Ayami Sato
|-damage|p2a: Ayami Sato|0 fnt
|faint|p2a: Ayami Sato
|
|upkeep
|
|t:|1769419336
|switch|p2a: Homerun|Snorlax, F, shiny|100/100
|turn|8
|
|t:|1769419340
|move|p1a: Latios|Stored Power|p2a: Homerun
|-damage|p2a: Homerun|0 fnt
|faint|p2a: Homerun
|
|upkeep
|
|t:|1769419343
|switch|p2a: One Hit Wonder|Cinderace, F|100/100
|turn|9
|
|t:|1769419347
|-terastallize|p1a: Latios|Fighting
|move|p2a: One Hit Wonder|Sucker Punch|p1a: Latios
|-start|p2a: One Hit Wonder|typechange|Dark|[from] ability: Libero
|-resisted|p1a: Latios
|-damage|p1a: Latios|57/100
|move|p1a: Latios|Aura Sphere|p2a: One Hit Wonder
|-supereffective|p2a: One Hit Wonder
|-damage|p2a: One Hit Wonder|0 fnt
|faint|p2a: One Hit Wonder
|
|upkeep
|
|t:|1769419352
|switch|p2a: Ohtani|Dragonite, F|84/100 par
|turn|10
|
|t:|1769419355
|-terastallize|p2a: Ohtani|Normal
|move|p2a: Ohtani|Extreme Speed|p1a: Latios
|-damage|p1a: Latios|0 fnt
|faint|p1a: Latios
|
|upkeep
|
|t:|1769419359
|switch|p1a: Scizor|Scizor, M|100/100
|turn|11
|
|t:|1769419363
|switch|p2a: Skarmory|Skarmory, F|100/100
|move|p1a: Scizor|Swords Dance|p1a: Scizor
|-boost|p1a: Scizor|atk|2
|
|upkeep
|turn|12
|
|t:|1769419366
|move|p2a: Skarmory|Body Press|p1a: Scizor
|-damage|p1a: Scizor|72/100
|move|p1a: Scizor|Knock Off|p2a: Skarmory
|-damage|p2a: Skarmory|56/100
|-damage|p1a: Scizor|55/100|[from] item: Rocky Helmet|[of] p2a: Skarmory
|-enditem|p2a: Skarmory|Rocky Helmet|[from] move: Knock Off|[of] p1a: Scizor
|
|upkeep
|turn|13
|
|t:|1769419369
|move|p2a: Skarmory|Body Press|p1a: Scizor
|-damage|p1a: Scizor|22/100
|-enditem|p1a: Scizor|Sitrus Berry|[eat]
|-heal|p1a: Scizor|47/100|[from] item: Sitrus Berry
|move|p1a: Scizor|Swords Dance|p1a: Scizor
|-boost|p1a: Scizor|atk|2
|
|upkeep
|turn|14
|
|t:|1769419373
|move|p2a: Skarmory|Body Press|p1a: Scizor
|-damage|p1a: Scizor|18/100
|move|p1a: Scizor|Close Combat|p2a: Skarmory
|-damage|p2a: Skarmory|0 fnt
|-unboost|p1a: Scizor|def|1
|-unboost|p1a: Scizor|spd|1
|faint|p2a: Skarmory
|
|upkeep
|
|t:|1769419377
|switch|p2a: Ohtani|Dragonite, F, tera:Normal|84/100 par
|turn|15
|
|t:|1769419379
|move|p2a: Ohtani|Extreme Speed|p1a: Scizor
|-resisted|p1a: Scizor
|-damage|p1a: Scizor|0 fnt
|faint|p1a: Scizor
|
|upkeep
|
|t:|1769419384
|switch|p1a: Ogerpon|Ogerpon, F|100/100
|turn|16
|
|t:|1769419389
|move|p2a: Ohtani|Extreme Speed|p1a: Ogerpon
|-damage|p1a: Ogerpon|2/100
|move|p1a: Ogerpon|Ivy Cudgel|p2a: Ohtani
|-damage|p2a: Ohtani|35/100 par
|
|upkeep
|turn|17
|
|t:|1769419394
|move|p2a: Ohtani|Extreme Speed|p1a: Ogerpon
|-damage|p1a: Ogerpon|0 fnt
|faint|p1a: Ogerpon
|
|upkeep
|
|t:|1769419399
|switch|p1a: Manaphy|Manaphy|100/100
|turn|18
|
|t:|1769419402
|switch|p2a: Babe Ruth|Iron Valiant, shiny|100/100
|-enditem|p2a: Babe Ruth|Booster Energy
|-activate|p2a: Babe Ruth|ability: Quark Drive|[fromitem]
|-start|p2a: Babe Ruth|quarkdrivespe
|move|p1a: Manaphy|Surf|p2a: Babe Ruth
|-damage|p2a: Babe Ruth|23/100
|
|upkeep
|turn|19
|
|t:|1769419408
|move|p2a: Babe Ruth|Destiny Bond|p2a: Babe Ruth
|-singlemove|p2a: Babe Ruth|Destiny Bond
|move|p1a: Manaphy|Surf|p2a: Babe Ruth
|-damage|p2a: Babe Ruth|0 fnt
|faint|p2a: Babe Ruth
|-activate|p2a: Babe Ruth|move: Destiny Bond
|-end|p2a: Babe Ruth|Quark Drive|[silent]
|faint|p1a: Manaphy
|
|upkeep
|
|t:|1769419410
|switch|p2a: Ohtani|Dragonite, F, tera:Normal|35/100 par
|switch|p1a: Iron Jugulis|Iron Jugulis|100/100
|-enditem|p1a: Iron Jugulis|Booster Energy
|-activate|p1a: Iron Jugulis|ability: Quark Drive|[fromitem]
|-start|p1a: Iron Jugulis|quarkdrivespe
|turn|20
|
|t:|1769419417
|move|p1a: Iron Jugulis|Dark Pulse|p2a: Ohtani
|-damage|p2a: Ohtani|2/100 par
|cant|p2a: Ohtani|flinch
|
|upkeep
|turn|21
|
|t:|1769419421
|move|p1a: Iron Jugulis|Dark Pulse|p2a: Ohtani
|-damage|p2a: Ohtani|0 fnt
|faint|p2a: Ohtani
|
|win|jsxlllll
|raw|jsxlllll's rating: 1522 &rarr; <strong>1544</strong><br />(+22 for winning)
|raw|Yaoshi's rating: 1549 &rarr; <strong>1527</strong><br />(-22 for losing)
|l|☆jsxlllll
|player|p1|
|l|☆Yaoshi
|player|p2|
