|j|☆2001 waves
|j|☆snorlaxpog
|t:|1769403750
|gametype|singles
|player|p1|2001 waves|2|1472
|player|p2|snorlaxpog|1|1479
|gen|9
|tier|[Gen 9] OU
|rated|
|rule|HP Percentage Mod: HP is shown in percentages
|rule|Endless Battle Clause: Forcing endless battles is banned
|rule|Species Clause: Limit one of each Pokémon
|rule|OHKO Clause: OHKO moves are banned
|rule|Evasion Items Clause: Evasion items are banned
|rule|Evasion Moves Clause: Evasion moves are banned
|rule|Evasion Abilities Clause: Evasion abilities are banned
|rule|Sleep Moves Clause: Sleep-inducing moves are banned
|clearpoke
|poke|p1|Samurott-Hisui, M|
|poke|p1|Darkrai|
|poke|p1|Gholdengo|
|poke|p1|Great Tusk|
|poke|p1|Zoroark-Hisui, M|
|poke|p1|Clefable, F|
|poke|p2|Dragonite, F|
|poke|p2|Samurott-Hisui, M|
|poke|p2|Clefable, F|
|poke|p2|Gliscor, M|
|poke|p2|Gholdengo|
|poke|p2|Zamazenta-*|
|teampreview
|inactive|Battle timer is ON: inactive players will automatically lose when time's up. (requested by snorlaxpog)
|
|t:|1769403767
|teamsize|p1|6
|teamsize|p2|6
|start
|switch|p1a: Samurott|Samurott-Hisui, M|100/100
|switch|p2a: Clefable|Clefable, F|100/100
|turn|1
|j| qianxiao7274
|inactive|snorlaxpog has 120 seconds left.
|
|t:|1769403810
|switch|p1a: Clefable|Clefable, F|100/100
|move|p2a: Clefable|Moonblast|p1a: Clefable
|-damage|p1a: Clefable|78/100
|
|upkeep
|turn|2
|
|t:|1769403816
|move|p2a: Clefable|Stealth Rock|p1a: Clefable
|-sidestart|p1: 2001 waves|move: Stealth Rock
|move|p1a: Clefable|Knock Off|p2a: Clefable
|-resisted|p2a: Clefable
|-damage|p2a: Clefable|94/100
|-damage|p1a: Clefable|62/100|[from] item: Rocky Helmet|[of] p2a: Clefable
|-enditem|p2a: Clefable|Rocky Helmet|[from] move: Knock Off|[of] p1a: Clefable
|
|upkeep
|turn|3
|inactive|snorlaxpog has 120 seconds left.
|
|t:|1769403822
|move|p1a: Clefable|Calm Mind|p1a: Clefable
|-boost|p1a: Clefable|spa|1
|-boost|p1a: Clefable|spd|1
|move|p2a: Clefable|Knock Off|p1a: Clefable
|-resisted|p1a: Clefable
|-damage|p1a: Clefable|53/100
|-enditem|p1a: Clefable|Heavy-Duty Boots|[from] move: Knock Off|[of] p2a: Clefable
|
|upkeep
|turn|4
|
|t:|1769403830
|switch|p2a: Gholdengo|Gholdengo|100/100
|move|p1a: Clefable|Moonlight|p1a: Clefable
|-heal|p1a: Clefable|100/100
|
|upkeep
|turn|5
|
|t:|1769403836
|switch|p1a: Samurott|Samurott-Hisui, M|100/100
|-damage|p1a: Samurott|88/100|[from] Stealth Rock
|move|p2a: Gholdengo|Trick|p1a: Samurott
|-activate|p2a: Gholdengo|move: Trick|[of] p1a: Samurott
|-item|p1a: Samurott|Choice Scarf|[from] move: Trick
|-item|p2a: Gholdengo|Assault Vest|[from] move: Trick
|
|upkeep
|turn|6
|l| qianxiao7274
|
|t:|1769403848
|switch|p2a: Clefable|Clefable, F|94/100
|move|p1a: Samurott|Ceaseless Edge|p2a: Clefable
|-resisted|p2a: Clefable
|-damage|p2a: Clefable|79/100
|-sidestart|p2: snorlaxpog|Spikes
|
|upkeep
|turn|7
|
|t:|1769403859
|switch|p1a: Clefable|Clefable, F|100/100
|-damage|p1a: Clefable|88/100|[from] Stealth Rock
|move|p2a: Clefable|Knock Off|p1a: Clefable
|-resisted|p1a: Clefable
|-damage|p1a: Clefable|82/100
|
|upkeep
|turn|8
|
|t:|1769403865
|switch|p2a: Gholdengo|Gholdengo|100/100
|-damage|p2a: Gholdengo|88/100|[from] Spikes
|move|p1a: Clefable|Calm Mind|p1a: Clefable
|-boost|p1a: Clefable|spa|1
|-boost|p1a: Clefable|spd|1
|
|upkeep
|turn|9
|j| qianxiao7274
|
|t:|1769403872
|move|p2a: Gholdengo|Make It Rain|p1a: Clefable
|-supereffective|p1a: Clefable
|-damage|p1a: Clefable|28/100
|-unboost|p2a: Gholdengo|spa|1
|move|p1a: Clefable|Moonlight|p1a: Clefable
|-heal|p1a: Clefable|78/100
|
|upkeep
|turn|10
|l|☆snorlaxpog
|inactive|snorlaxpog disconnected and has a minute to reconnect!
|player|p2|
|j|☆snorlaxpog
|inactive|snorlaxpog reconnected and has 130 seconds left.
|player|p2|snorlaxpog|1|
|inactive|snorlaxpog has 120 seconds left.
|
|t:|1769403903
|switch|p2a: Gliscor|Gliscor, M|100/100
|move|p1a: Clefable|Calm Mind|p1a: Clefable
|-boost|p1a: Clefable|spa|1
|-boost|p1a: Clefable|spd|1
|
|-status|p2a: Gliscor|tox|[from] item: Toxic Orb
|upkeep
|turn|11
|inactive|snorlaxpog has 120 seconds left.
|
|t:|1769403914
|switch|p1a: Gholdengo|Gholdengo|100/100
|-damage|p1a: Gholdengo|94/100|[from] Stealth Rock
|-item|p1a: Gholdengo|Air Balloon
|move|p2a: Gliscor|Facade|p1a: Gholdengo
|-immune|p1a: Gholdengo
|
|upkeep
|turn|12
|
|t:|1769403919
|move|p2a: Gliscor|Protect|p2a: Gliscor
|-singleturn|p2a: Gliscor|Protect
|move|p1a: Gholdengo|Hex|p2a: Gliscor
|-activate|p2a: Gliscor|move: Protect
|
|upkeep
|turn|13
|
|t:|1769403927
|switch|p2a: Samurott|Samurott-Hisui, M|100/100
|-damage|p2a: Samurott|88/100|[from] Spikes
|move|p1a: Gholdengo|Hex|p2a: Samurott
|-resisted|p2a: Samurott
|-damage|p2a: Samurott|76/100
|
|upkeep
|turn|14
|
|t:|1769403935
|switch|p1a: Darkrai|Darkrai|100/100
|move|p2a: Samurott|Ceaseless Edge|p1a: Darkrai
|-resisted|p1a: Darkrai
|-crit|p1a: Darkrai
|-damage|p1a: Darkrai|54/100
|-sidestart|p1: 2001 waves|Spikes
|
|upkeep
|turn|15
|
|t:|1769403946
|switch|p2a: Gholdengo|Gholdengo|88/100
|-damage|p2a: Gholdengo|76/100|[from] Spikes
|move|p1a: Darkrai|Will-O-Wisp|p2a: Gholdengo
|-immune|p2a: Gholdengo|[from] ability: Good as Gold
|
|upkeep
|turn|16
|
|t:|1769403953
|switch|p1a: Samurott|Samurott-Hisui, M|88/100
|-damage|p1a: Samurott|76/100|[from] Stealth Rock
|-damage|p1a: Samurott|64/100|[from] Spikes
|move|p2a: Gholdengo|Make It Rain|p1a: Samurott
|-resisted|p1a: Samurott
|-damage|p1a: Samurott|28/100
|-unboost|p2a: Gholdengo|spa|1
|
|upkeep
|turn|17
|
|t:|1769403963
|switch|p2a: Clefable|Clefable, F|79/100
|move|p1a: Samurott|Razor Shell|p2a: Clefable
|-damage|p2a: Clefable|40/100
|
|upkeep
|turn|18
|
|t:|1769403970
|move|p1a: Samurott|Razor Shell|p2a: Clefable
|-damage|p2a: Clefable|3/100
|move|p2a: Clefable|Moonblast|p1a: Samurott
|-supereffective|p1a: Samurott
|-damage|p1a: Samurott|0 fnt
|faint|p1a: Samurott
|
|upkeep
|
|t:|1769403985
|switch|p1a: Great Tusk|Great Tusk|100/100
|turn|19
|l| qianxiao7274
|inactive|snorlaxpog has 120 seconds left.
|
|t:|1769404040
|move|p1a: Great Tusk|Rapid Spin|p2a: Clefable
|-damage|p2a: Clefable|0 fnt
|-boost|p1a: Great Tusk|spe|1
|-sideend|p1: 2001 waves|Spikes|[from] move: Rapid Spin|[of] p1a: Great Tusk
|-sideend|p1: 2001 waves|Stealth Rock|[from] move: Rapid Spin|[of] p1a: Great Tusk
|faint|p2a: Clefable
|
|upkeep
|
|t:|1769404046
|switch|p2a: Gliscor|Gliscor, M|100/100 tox
|turn|20
|
|t:|1769404057
|move|p1a: Great Tusk|Stealth Rock|p2a: Gliscor
|-sidestart|p2: snorlaxpog|move: Stealth Rock
|move|p2a: Gliscor|Swords Dance|p2a: Gliscor
|-boost|p2a: Gliscor|atk|2
|
|upkeep
|turn|21
|
|t:|1769404062
|-end|p1a: Great Tusk|Protosynthesis|[silent]
|switch|p1a: Gholdengo|Gholdengo|94/100
|-item|p1a: Gholdengo|Air Balloon
|move|p2a: Gliscor|Swords Dance|p2a: Gliscor
|-boost|p2a: Gliscor|atk|2
|
|upkeep
|turn|22
|inactive|snorlaxpog has 120 seconds left.
|
|t:|1769404074
|-terastallize|p2a: Gliscor|Normal
|move|p2a: Gliscor|Knock Off|p1a: Gholdengo
|-supereffective|p1a: Gholdengo
|-damage|p1a: Gholdengo|0 fnt
|-enditem|p1a: Gholdengo|Air Balloon
|faint|p1a: Gholdengo
|
|upkeep
|
|t:|1769404088
|switch|p1a: Darkrai|Darkrai|100/100
|turn|23
|
|t:|1769404093
|move|p2a: Gliscor|Protect|p2a: Gliscor
|-singleturn|p2a: Gliscor|Protect
|move|p1a: Darkrai|Focus Blast|p2a: Gliscor
|-activate|p2a: Gliscor|move: Protect
|
|upkeep
|turn|24
|
|t:|1769404100
|move|p1a: Darkrai|Focus Blast|p2a: Gliscor
|-supereffective|p2a: Gliscor
|-damage|p2a: Gliscor|0 fnt
|faint|p2a: Gliscor
|
|upkeep
|
|t:|1769404107
|switch|p2a: Dragonite|Dragonite, F|100/100
|turn|25
|
|t:|1769404113
|switch|p1a: Clefable|Clefable, F|78/100
|move|p2a: Dragonite|Dragon Dance|p2a: Dragonite
|-boost|p2a: Dragonite|atk|1
|-boost|p2a: Dragonite|spe|1
|
|upkeep
|turn|26
|
|t:|1769404122
|switch|p2a: Gholdengo|Gholdengo|76/100
|-damage|p2a: Gholdengo|63/100|[from] Spikes
|-damage|p2a: Gholdengo|57/100|[from] Stealth Rock
|move|p1a: Clefable|Moonlight|p1a: Clefable
|-heal|p1a: Clefable|100/100
|
|upkeep
|turn|27
|
|t:|1769404130
|switch|p1a: Darkrai|Darkrai|54/100
|move|p2a: Gholdengo|Make It Rain|p1a: Darkrai
|-damage|p1a: Darkrai|0 fnt
|-unboost|p2a: Gholdengo|spa|1
|faint|p1a: Darkrai
|
|upkeep
|
|t:|1769404133
|switch|p1a: Clefable|Clefable, F|100/100
|turn|28
|
|t:|1769404141
|move|p1a: Clefable|Shadow Ball|p2a: Gholdengo
|-supereffective|p2a: Gholdengo
|-damage|p2a: Gholdengo|0 fnt
|faint|p2a: Gholdengo
|
|upkeep
|
|t:|1769404150
|switch|p2a: Samurott|Samurott-Hisui, M|76/100
|-damage|p2a: Samurott|64/100|[from] Spikes
|-damage|p2a: Samurott|52/100|[from] Stealth Rock
|turn|29
|
|t:|1769404153
|switch|p1a: Great Tusk|Great Tusk|100/100
|move|p2a: Samurott|Razor Shell|p1a: Great Tusk
|-supereffective|p1a: Great Tusk
|-damage|p1a: Great Tusk|24/100
|-unboost|p1a: Great Tusk|def|1
|
|upkeep
|turn|30
|
|t:|1769404161
|move|p1a: Great Tusk|Knock Off|p2a: Samurott
|-resisted|p2a: Samurott
|-crit|p2a: Samurott
|-damage|p2a: Samurott|24/100
|-enditem|p2a: Samurott|Assault Vest|[from] move: Knock Off|[of] p1a: Great Tusk
|move|p2a: Samurott|Razor Shell|p1a: Great Tusk
|-supereffective|p1a: Great Tusk
|-damage|p1a: Great Tusk|0 fnt
|faint|p1a: Great Tusk
|-end|p1a: Great Tusk|Protosynthesis|[silent]
|
|upkeep
|
|t:|1769404167
|switch|p1a: Clefable|Clefable, F|100/100
|turn|31
|
|t:|1769404171
|move|p2a: Samurott|Sucker Punch|p1a: Clefable
|-supereffective|p1a: Clefable
|-damage|p1a: Clefable|0 fnt
|replace|p1a: Zoroark|Zoroark-Hisui, M
|-end|p1a: Zoroark|Illusion
|faint|p1a: Zoroark
|
|upkeep
|-message|2001 waves forfeited.
|
|win|snorlaxpog
|raw|2001 waves's rating: 1472 &rarr; <strong>1452</strong><br />(-20 for losing)
|raw|snorlaxpog's rating: 1479 &rarr; <strong>1499</strong><br />(+20 for winning)
|l|☆2001 waves
|player|p1|
|l|☆snorlaxpog
|player|p2|
