|j|☆Princessjosie1001!
|j|☆cospway
|t:|1769365029
|gametype|singles
|player|p1|Princessjosie1001!|nurse|1362
|player|p2|cospway|iris-gen5bw2|1412
|gen|9
|tier|[Gen 9] OU
|rated|
|rule|HP Percentage Mod: HP is shown in percentages
|rule|Endless Battle Clause: Forcing endless battles is banned
|rule|Species Clause: Limit one of each Pokémon
|rule|OHKO Clause: OHKO moves are banned
|rule|Evasion Items Clause: Evasion items are banned
|rule|Evasion Moves Clause: Evasion moves are banned
|rule|Evasion Abilities Clause: Evasion abilities are banned
|rule|Sleep Moves Clause: Sleep-inducing moves are banned
|clearpoke
|poke|p1|Yanmega, F|
|poke|p1|Cloyster, F|
|poke|p1|Salazzle, F|
|poke|p1|Espeon, M|
|poke|p1|Jirachi|
|poke|p1|Maushold-Four|
|poke|p2|Cresselia, F|
|poke|p2|Mew|
|poke|p2|Kingambit, M|
|poke|p2|Gholdengo|
|poke|p2|Azumarill, M|
|poke|p2|Hoopa-Unbound|
|teampreview
|
|t:|1769365036
|teamsize|p1|6
|teamsize|p2|6
|start
|switch|p1a: Yanmega|Yanmega, F|100/100
|switch|p2a: Mew|Mew|100/100
|turn|1
|
|t:|1769365044
|switch|p1a: No hazard allowed|Espeon, M|100/100
|move|p2a: Mew|Trick Room|p2a: Mew
|-fieldstart|move: Trick Room|[of] p2a: Mew
|
|upkeep
|turn|2
|
|t:|1769365049
|move|p2a: Mew|Knock Off|p1a: No hazard allowed
|-supereffective|p1a: No hazard allowed
|-damage|p1a: No hazard allowed|19/100
|-enditem|p1a: No hazard allowed|Choice Scarf|[from] move: Knock Off|[of] p2a: Mew
|move|p1a: No hazard allowed|Trick|p2a: Mew
|-activate|p1a: No hazard allowed|move: Trick|[of] p2a: Mew
|-enditem|p2a: Mew|Colbur Berry|[silent]|[from] move: Trick
|-item|p1a: No hazard allowed|Colbur Berry|[from] move: Trick
|
|upkeep
|turn|3
|
|t:|1769365057
|move|p2a: Mew|Knock Off|p1a: No hazard allowed
|-supereffective|p1a: No hazard allowed
|-enditem|p1a: No hazard allowed|Colbur Berry|[eat]
|-enditem|p1a: No hazard allowed|Colbur Berry|[weaken]
|-damage|p1a: No hazard allowed|0 fnt
|faint|p1a: No hazard allowed
|
|upkeep
|
|t:|1769365067
|switch|p1a: Yanmega|Yanmega, F|100/100
|turn|4
|
|t:|1769365073
|move|p1a: Yanmega|Protect|p1a: Yanmega
|-singleturn|p1a: Yanmega|Protect
|move|p2a: Mew|Stealth Rock|p1a: Yanmega
|-sidestart|p1: Princessjosie1001!|move: Stealth Rock
|
|-ability|p1a: Yanmega|Speed Boost|boost
|-boost|p1a: Yanmega|spe|1
|upkeep
|turn|5
|
|t:|1769365083
|move|p1a: Yanmega|Protect||[still]
|-fail|p1a: Yanmega
|move|p2a: Mew|Knock Off|p1a: Yanmega
|-damage|p1a: Yanmega|72/100
|-enditem|p1a: Yanmega|Life Orb|[from] move: Knock Off|[of] p2a: Mew
|
|-fieldend|move: Trick Room
|-ability|p1a: Yanmega|Speed Boost|boost
|-boost|p1a: Yanmega|spe|1
|upkeep
|turn|6
|
|t:|1769365091
|move|p1a: Yanmega|Bug Buzz|p2a: Mew
|-supereffective|p2a: Mew
|-damage|p2a: Mew|38/100
|move|p2a: Mew|Trick Room|p2a: Mew
|-fieldstart|move: Trick Room|[of] p2a: Mew
|
|-ability|p1a: Yanmega|Speed Boost|boost
|-boost|p1a: Yanmega|spe|1
|upkeep
|turn|7
|
|t:|1769365101
|move|p1a: Yanmega|Protect|p1a: Yanmega
|-singleturn|p1a: Yanmega|Protect
|move|p2a: Mew|Taunt|p1a: Yanmega
|-activate|p1a: Yanmega|move: Protect
|
|-ability|p1a: Yanmega|Speed Boost|boost
|-boost|p1a: Yanmega|spe|1
|upkeep
|turn|8
|
|t:|1769365109
|move|p2a: Mew|Taunt|p1a: Yanmega
|-start|p1a: Yanmega|move: Taunt
|move|p1a: Yanmega|Air Slash|p2a: Mew
|-crit|p2a: Mew
|-damage|p2a: Mew|0 fnt
|faint|p2a: Mew
|
|-ability|p1a: Yanmega|Speed Boost|boost
|-boost|p1a: Yanmega|spe|1
|upkeep
|
|t:|1769365117
|switch|p2a: Hoopa|Hoopa-Unbound|100/100
|-enditem|p2a: Hoopa|Room Service
|-unboost|p2a: Hoopa|spe|1|[from] item: Room Service
|turn|9
|
|t:|1769365121
|move|p2a: Hoopa|Hyperspace Fury|p1a: Yanmega
|-damage|p1a: Yanmega|0 fnt
|-unboost|p2a: Hoopa|def|1
|faint|p1a: Yanmega
|
|upkeep
|
|t:|1769365128
|switch|p1a: Maushold|Maushold-Four|100/100
|-damage|p1a: Maushold|88/100|[from] Stealth Rock
|turn|10
|
|t:|1769365135
|switch|p1a: Salazzle|Salazzle, F|100/100
|-damage|p1a: Salazzle|76/100|[from] Stealth Rock
|move|p2a: Hoopa|Drain Punch|p1a: Salazzle
|-resisted|p1a: Salazzle
|-damage|p1a: Salazzle|41/100
|-item|p2a: Hoopa|Focus Sash|[from] ability: Magician|[of] p1a: Salazzle
|
|-fieldend|move: Trick Room
|upkeep
|turn|11
|
|t:|1769365145
|move|p1a: Salazzle|Toxic|p2a: Hoopa
|-status|p2a: Hoopa|tox
|move|p2a: Hoopa|Trick Room|p2a: Hoopa
|-fieldstart|move: Trick Room|[of] p2a: Hoopa
|
|-damage|p2a: Hoopa|94/100 tox|[from] psn
|upkeep
|turn|12
|
|t:|1769365155
|move|p2a: Hoopa|Hyperspace Fury|p1a: Salazzle
|-damage|p1a: Salazzle|0 fnt
|-unboost|p2a: Hoopa|def|1
|faint|p1a: Salazzle
|
|-damage|p2a: Hoopa|82/100 tox|[from] psn
|upkeep
|
|t:|1769365165
|switch|p1a: Maushold|Maushold-Four|88/100
|-damage|p1a: Maushold|76/100|[from] Stealth Rock
|turn|13
|
|t:|1769365169
|-terastallize|p1a: Maushold|Ghost
|move|p2a: Hoopa|Drain Punch|p1a: Maushold
|-immune|p1a: Maushold
|move|p1a: Maushold|Tidy Up|p1a: Maushold
|-sideend|p1: Princessjosie1001!|Stealth Rock
|-activate|p1a: Maushold|move: Tidy Up
|-boost|p1a: Maushold|atk|1
|-boost|p1a: Maushold|spe|1
|
|-damage|p2a: Hoopa|64/100 tox|[from] psn
|upkeep
|turn|14
|
|t:|1769365180
|move|p2a: Hoopa|Hyperspace Fury|p1a: Maushold
|-supereffective|p1a: Maushold
|-damage|p1a: Maushold|0 fnt
|-unboost|p2a: Hoopa|def|1
|faint|p1a: Maushold
|
|-damage|p2a: Hoopa|40/100 tox|[from] psn
|upkeep
|
|t:|1769365187
|switch|p1a: Jirachi|Jirachi|100/100
|turn|15
|inactive|Battle timer is ON: inactive players will automatically lose when time's up. (requested by cospway)
|
|t:|1769365194
|move|p2a: Hoopa|Hyperspace Fury|p1a: Jirachi
|-supereffective|p1a: Jirachi
|-damage|p1a: Jirachi|0 fnt
|-unboost|p2a: Hoopa|def|1
|faint|p1a: Jirachi
|
|-damage|p2a: Hoopa|10/100 tox|[from] psn
|-fieldend|move: Trick Room
|upkeep
|
|t:|1769365201
|switch|p1a: Cloyster|Cloyster, F|100/100
|turn|16
|
|t:|1769365209
|move|p1a: Cloyster|Icicle Spear|p2a: Hoopa
|-damage|p2a: Hoopa|0 fnt
|faint|p2a: Hoopa
|-hitcount|p2: Hoopa|1
|
|upkeep
|
|t:|1769365218
|switch|p2a: Gholdengo|Gholdengo|100/100
|turn|17
|
|t:|1769365223
|move|p1a: Cloyster|Shell Smash|p1a: Cloyster
|-unboost|p1a: Cloyster|def|1
|-unboost|p1a: Cloyster|spd|1
|-boost|p1a: Cloyster|atk|2
|-boost|p1a: Cloyster|spa|2
|-boost|p1a: Cloyster|spe|2
|move|p2a: Gholdengo|Thunderbolt|p1a: Cloyster
|-supereffective|p1a: Cloyster
|-enditem|p1a: Cloyster|Focus Sash
|-damage|p1a: Cloyster|1/100
|
|upkeep
|turn|18
|
|t:|1769365232
|move|p1a: Cloyster|Icicle Spear|p2a: Gholdengo
|-resisted|p2a: Gholdengo
|-damage|p2a: Gholdengo|89/100
|-resisted|p2a: Gholdengo
|-damage|p2a: Gholdengo|79/100
|-resisted|p2a: Gholdengo
|-damage|p2a: Gholdengo|68/100
|-resisted|p2a: Gholdengo
|-damage|p2a: Gholdengo|57/100
|-resisted|p2a: Gholdengo
|-damage|p2a: Gholdengo|47/100
|-hitcount|p2a: Gholdengo|5
|move|p2a: Gholdengo|Thunderbolt|p1a: Cloyster
|-supereffective|p1a: Cloyster
|-damage|p1a: Cloyster|0 fnt
|faint|p1a: Cloyster
|
|win|cospway
|raw|Princessjosie1001!'s rating: 1362 &rarr; <strong>1345</strong><br />(-17 for losing)
|raw|cospway's rating: 1412 &rarr; <strong>1429</strong><br />(+17 for winning)
|l|☆Princessjosie1001!
|player|p1|
|l|☆cospway
|player|p2|
