|j|☆Redlinkgaming
|j|☆Grorgegamer
|t:|1769442965
|gametype|singles
|player|p1|Redlinkgaming|iris-gen5bw2|1293
|player|p2|Grorgegamer|veteran|1235
|gen|9
|tier|[Gen 9] OU
|rated|
|rule|HP Percentage Mod: HP is shown in percentages
|rule|Endless Battle Clause: Forcing endless battles is banned
|rule|Species Clause: Limit one of each Pokémon
|rule|OHKO Clause: OHKO moves are banned
|rule|Evasion Items Clause: Evasion items are banned
|rule|Evasion Moves Clause: Evasion moves are banned
|rule|Evasion Abilities Clause: Evasion abilities are banned
|rule|Sleep Moves Clause: Sleep-inducing moves are banned
|clearpoke
|poke|p1|Iron Valiant|
|poke|p1|Great Tusk|
|poke|p1|Dragonite, F|
|poke|p1|Deoxys-Speed|
|poke|p1|Glimmora, F|
|poke|p1|Kingambit, F|
|poke|p2|Electrode|
|poke|p2|Avalugg, F|
|poke|p2|Ninetales-Alola, F|
|poke|p2|Tinkaton, F|
|poke|p2|Iron Treads|
|poke|p2|Medicham, M|
|teampreview
|inactive|Battle timer is ON: inactive players will automatically lose when time's up. (requested by Redlinkgaming)
|inactive|Grorgegamer also wants the timer to be on.
|
|t:|1769442972
|teamsize|p1|6
|teamsize|p2|6
|start
|switch|p1a: Deoxys|Deoxys-Speed|100/100
|switch|p2a: Ninetales|Ninetales-Alola, F|100/100
|-ability|p1a: Deoxys|Pressure
|-weather|Snowscape|[from] ability: Snow Warning|[of] p2a: Ninetales
|turn|1
|
|t:|1769442983
|move|p1a: Deoxys|Taunt|p2a: Ninetales
|-start|p2a: Ninetales|move: Taunt
|cant|p2a: Ninetales|move: Taunt|Aurora Veil
|
|-weather|Snowscape|[upkeep]
|upkeep
|turn|2
|
|t:|1769442991
|move|p1a: Deoxys|Light Screen|p1a: Deoxys
|-sidestart|p1: Redlinkgaming|move: Light Screen
|move|p2a: Ninetales|Blizzard|p1a: Deoxys
|-damage|p1a: Deoxys|81/100
|
|-weather|Snowscape|[upkeep]
|upkeep
|turn|3
|
|t:|1769442998
|switch|p2a: Avalugg|Avalugg, F|100/100
|move|p1a: Deoxys|Reflect|p1a: Deoxys
|-sidestart|p1: Redlinkgaming|Reflect
|
|-weather|Snowscape|[upkeep]
|upkeep
|turn|4
|
|t:|1769443006
|move|p1a: Deoxys|Taunt|p2a: Avalugg
|-start|p2a: Avalugg|move: Taunt
|move|p2a: Avalugg|Gyro Ball|p1a: Deoxys
|-damage|p1a: Deoxys|47/100
|
|-weather|Snowscape|[upkeep]
|upkeep
|turn|5
|
|t:|1769443015
|switch|p1a: Glimmora|Glimmora, F|100/100
|move|p2a: Avalugg|Gyro Ball|p1a: Glimmora
|-supereffective|p1a: Glimmora
|-damage|p1a: Glimmora|48/100
|-activate|p1a: Glimmora|ability: Toxic Debris
|-sidestart|p2: Grorgegamer|move: Toxic Spikes
|
|-weather|Snowscape|[upkeep]
|upkeep
|turn|6
|
|t:|1769443027
|move|p1a: Glimmora|Meteor Beam||[still]
|-prepare|p1a: Glimmora|Meteor Beam
|-boost|p1a: Glimmora|spa|1
|-enditem|p1a: Glimmora|Power Herb
|-anim|p1a: Glimmora|Meteor Beam|p2a: Avalugg
|-supereffective|p2a: Avalugg
|-ability|p2a: Avalugg|Sturdy
|-damage|p2a: Avalugg|1/100
|move|p2a: Avalugg|Body Press|p1a: Glimmora
|-damage|p1a: Glimmora|28/100
|-activate|p1a: Glimmora|ability: Toxic Debris
|-sidestart|p2: Grorgegamer|move: Toxic Spikes
|
|-weather|Snowscape|[upkeep]
|-end|p2a: Avalugg|move: Taunt
|upkeep
|turn|7
|-enditem|p2a: Avalugg|Custap Berry|[eat]
|-activate|p2a: Avalugg|item: Custap Berry|[consumed]
|
|t:|1769443045
|move|p2a: Avalugg|Gyro Ball|p1a: Glimmora
|-supereffective|p1a: Glimmora
|-damage|p1a: Glimmora|0 fnt
|faint|p1a: Glimmora
|
|-weather|Snowscape|[upkeep]
|upkeep
|
|t:|1769443064
|switch|p1a: Dragonite|Dragonite, F|100/100
|turn|8
|
|t:|1769443069
|move|p1a: Dragonite|Substitute|p1a: Dragonite
|-start|p1a: Dragonite|Substitute
|-damage|p1a: Dragonite|76/100
|move|p2a: Avalugg|Gyro Ball|p1a: Dragonite
|-end|p1a: Dragonite|Substitute
|
|-weather|none
|-heal|p1a: Dragonite|82/100|[from] item: Leftovers
|upkeep
|turn|9
|
|t:|1769443079
|move|p1a: Dragonite|Tera Blast|p2a: Avalugg
|-damage|p2a: Avalugg|0 fnt
|faint|p2a: Avalugg
|
|-heal|p1a: Dragonite|88/100|[from] item: Leftovers
|-sideend|p1: Redlinkgaming|move: Light Screen
|upkeep
|
|t:|1769443088
|switch|p2a: Iron Treads|Iron Treads|100/100
|turn|10
|
|t:|1769443105
|move|p2a: Iron Treads|Rapid Spin|p1a: Dragonite
|-damage|p1a: Dragonite|80/100
|-boost|p2a: Iron Treads|spe|1
|-sideend|p2: Grorgegamer|Toxic Spikes|[from] move: Rapid Spin|[of] p2a: Iron Treads
|move|p1a: Dragonite|Dragon Dance|p1a: Dragonite
|-boost|p1a: Dragonite|atk|1
|-boost|p1a: Dragonite|spe|1
|
|-heal|p1a: Dragonite|86/100|[from] item: Leftovers
|-sideend|p1: Redlinkgaming|Reflect
|upkeep
|turn|11
|
|t:|1769443120
|move|p2a: Iron Treads|Heavy Slam|p1a: Dragonite
|-damage|p1a: Dragonite|65/100
|move|p1a: Dragonite|Earthquake|p2a: Iron Treads
|-supereffective|p2a: Iron Treads
|-damage|p2a: Iron Treads|0 fnt
|faint|p2a: Iron Treads
|-end|p2a: Iron Treads|Quark Drive|[silent]
|
|-heal|p1a: Dragonite|71/100|[from] item: Leftovers
|upkeep
|
|t:|1769443131
|switch|p2a: Medicham|Medicham, M|100/100
|turn|12
|
|t:|1769443155
|move|p1a: Dragonite|Substitute|p1a: Dragonite
|-start|p1a: Dragonite|Substitute
|-damage|p1a: Dragonite|46/100
|move|p2a: Medicham|Ice Punch|p1a: Dragonite
|-supereffective|p1a: Dragonite
|-end|p1a: Dragonite|Substitute
|
|-heal|p1a: Dragonite|53/100|[from] item: Leftovers
|upkeep
|turn|13
|
|t:|1769443172
|-terastallize|p1a: Dragonite|Flying
|move|p1a: Dragonite|Tera Blast|p2a: Medicham|[anim] Tera Blast Flying
|-supereffective|p2a: Medicham
|-damage|p2a: Medicham|0 fnt
|faint|p2a: Medicham
|
|-heal|p1a: Dragonite|59/100|[from] item: Leftovers
|upkeep
|
|t:|1769443182
|switch|p2a: Electrode|Electrode|100/100
|turn|14
|
|t:|1769443188
|move|p2a: Electrode|Volt Switch|p1a: Dragonite
|-supereffective|p1a: Dragonite
|-crit|p1a: Dragonite
|-damage|p1a: Dragonite|0 fnt
|faint|p1a: Dragonite
|
|t:|1769443193
|switch|p2a: Ninetales|Ninetales-Alola, F|100/100|[from] Volt Switch
|-weather|Snowscape|[from] ability: Snow Warning|[of] p2a: Ninetales
|
|-weather|Snowscape|[upkeep]
|upkeep
|
|t:|1769443199
|switch|p1a: Deoxys|Deoxys-Speed|47/100
|-ability|p1a: Deoxys|Pressure
|turn|15
|
|t:|1769443205
|move|p1a: Deoxys|Taunt|p2a: Ninetales
|-start|p2a: Ninetales|move: Taunt
|move|p2a: Ninetales|Blizzard|p1a: Deoxys
|-damage|p1a: Deoxys|10/100
|
|-weather|Snowscape|[upkeep]
|upkeep
|turn|16
|
|t:|1769443213
|move|p1a: Deoxys|Light Screen|p1a: Deoxys
|-sidestart|p1: Redlinkgaming|move: Light Screen
|move|p2a: Ninetales|Blizzard|p1a: Deoxys
|-damage|p1a: Deoxys|0 fnt
|faint|p1a: Deoxys
|
|-weather|Snowscape|[upkeep]
|upkeep
|
|t:|1769443232
|switch|p1a: Kingambit|Kingambit, F|100/100
|-activate|p1a: Kingambit|ability: Supreme Overlord
|-start|p1a: Kingambit|fallen3|[silent]
|turn|17
|
|t:|1769443242
|switch|p2a: Tinkaton|Tinkaton, F|100/100
|-ability|p2a: Tinkaton|Mold Breaker
|move|p1a: Kingambit|Iron Head|p2a: Tinkaton
|-damage|p2a: Tinkaton|29/100
|
|-weather|Snowscape|[upkeep]
|-heal|p2a: Tinkaton|35/100|[from] item: Leftovers
|upkeep
|turn|18
|
|t:|1769443257
|move|p2a: Tinkaton|Knock Off|p1a: Kingambit
|-resisted|p1a: Kingambit
|-damage|p1a: Kingambit|92/100
|-enditem|p1a: Kingambit|Leftovers|[from] move: Knock Off|[of] p2a: Tinkaton
|move|p1a: Kingambit|Iron Head|p2a: Tinkaton
|-damage|p2a: Tinkaton|0 fnt
|faint|p2a: Tinkaton
|
|-weather|Snowscape|[upkeep]
|upkeep
|
|t:|1769443268
|switch|p2a: Electrode|Electrode|100/100
|turn|19
|
|t:|1769443276
|move|p2a: Electrode|Foul Play|p1a: Kingambit
|-resisted|p1a: Kingambit
|-damage|p1a: Kingambit|76/100
|move|p1a: Kingambit|Swords Dance|p1a: Kingambit
|-boost|p1a: Kingambit|atk|2
|
|-weather|Snowscape|[upkeep]
|upkeep
|turn|20
|
|t:|1769443284
|move|p1a: Kingambit|Sucker Punch|p2a: Electrode
|-damage|p2a: Electrode|0 fnt
|-damage|p1a: Kingambit|51/100|[from] ability: Aftermath|[of] p2a: Electrode
|faint|p2a: Electrode
|
|-weather|Snowscape|[upkeep]
|upkeep
|
|t:|1769443294
|switch|p2a: Ninetales|Ninetales-Alola, F|100/100
|turn|21
|
|t:|1769443299
|move|p2a: Ninetales|Moonblast|p1a: Kingambit
|-damage|p1a: Kingambit|35/100
|move|p1a: Kingambit|Iron Head|p2a: Ninetales
|-supereffective|p2a: Ninetales
|-damage|p2a: Ninetales|0 fnt
|faint|p2a: Ninetales
|
|win|Redlinkgaming
|raw|Redlinkgaming's rating: 1293 &rarr; <strong>1314</strong><br />(+21 for winning)
|raw|Grorgegamer's rating: 1235 &rarr; <strong>1214</strong><br />(-21 for losing)
|l|☆Grorgegamer
|player|p2|
|l|☆Redlinkgaming
|player|p1|
