|j|☆aboda
|j|☆Charmilleon
|t:|1769438035
|gametype|singles
|player|p1|aboda|pokemonranger-gen4|1302
|player|p2|Charmilleon|169|1303
|gen|9
|tier|[Gen 9] OU
|rated|
|rule|HP Percentage Mod: HP is shown in percentages
|rule|Endless Battle Clause: Forcing endless battles is banned
|rule|Species Clause: Limit one of each Pokémon
|rule|OHKO Clause: OHKO moves are banned
|rule|Evasion Items Clause: Evasion items are banned
|rule|Evasion Moves Clause: Evasion moves are banned
|rule|Evasion Abilities Clause: Evasion abilities are banned
|rule|Sleep Moves Clause: Sleep-inducing moves are banned
|clearpoke
|poke|p1|Dragonite, F|
|poke|p1|Torkoal, M|
|poke|p1|Venusaur, M|
|poke|p1|Corviknight, F|
|poke|p1|Chansey, F|
|poke|p1|Great Tusk|
|poke|p2|Clefable, F|
|poke|p2|Darkrai|
|poke|p2|Gliscor, M|
|poke|p2|Maushold-Four|
|poke|p2|Quaquaval, F|
|poke|p2|Rotom-Mow|
|teampreview
|inactive|Battle timer is ON: inactive players will automatically lose when time's up. (requested by aboda)
|
|t:|1769438049
|teamsize|p1|6
|teamsize|p2|6
|start
|switch|p1a: Great Tusk|Great Tusk|100/100
|switch|p2a: Rotom|Rotom-Mow|100/100
|turn|1
|
|t:|1769438055
|-end|p1a: Great Tusk|Protosynthesis|[silent]
|switch|p1a: Chansey|Chansey, F|100/100
|move|p2a: Rotom|Will-O-Wisp|p1a: Chansey
|-status|p1a: Chansey|brn
|
|-damage|p1a: Chansey|94/100 brn|[from] brn
|upkeep
|turn|2
|
|t:|1769438067
|switch|p2a: Gliscor|Gliscor, M|100/100
|move|p1a: Chansey|Seismic Toss|p2a: Gliscor
|-damage|p2a: Gliscor|67/100
|
|-damage|p1a: Chansey|88/100 brn|[from] brn
|-status|p2a: Gliscor|tox|[from] item: Toxic Orb
|upkeep
|turn|3
|
|t:|1769438076
|-curestatus|p1a: Chansey|brn|[from] ability: Natural Cure
|switch|p1a: Corviknight|Corviknight, F|100/100
|move|p2a: Gliscor|Agility|p2a: Gliscor
|-boost|p2a: Gliscor|spe|2
|
|-heal|p2a: Gliscor|79/100 tox|[from] ability: Poison Heal
|upkeep
|turn|4
|
|t:|1769438088
|move|p2a: Gliscor|Swords Dance|p2a: Gliscor
|-boost|p2a: Gliscor|atk|2
|move|p1a: Corviknight|Iron Head|p2a: Gliscor
|-damage|p2a: Gliscor|57/100 tox
|
|-heal|p2a: Gliscor|69/100 tox|[from] ability: Poison Heal
|upkeep
|turn|5
|
|t:|1769438097
|switch|p1a: Torkoal|Torkoal, M|100/100
|-weather|SunnyDay|[from] ability: Drought|[of] p1a: Torkoal
|move|p2a: Gliscor|Swords Dance|p2a: Gliscor
|-boost|p2a: Gliscor|atk|2
|
|-weather|SunnyDay|[upkeep]
|-heal|p2a: Gliscor|82/100 tox|[from] ability: Poison Heal
|upkeep
|turn|6
|
|t:|1769438107
|move|p2a: Gliscor|Earthquake|p1a: Torkoal
|-supereffective|p1a: Torkoal
|-damage|p1a: Torkoal|0 fnt
|faint|p1a: Torkoal
|
|-weather|SunnyDay|[upkeep]
|-heal|p2a: Gliscor|94/100 tox|[from] ability: Poison Heal
|upkeep
|
|t:|1769438111
|switch|p1a: Great Tusk|Great Tusk|100/100
|-activate|p1a: Great Tusk|ability: Protosynthesis
|-start|p1a: Great Tusk|protosynthesisatk
|turn|7
|
|t:|1769438123
|move|p2a: Gliscor|Earthquake|p1a: Great Tusk
|-damage|p1a: Great Tusk|20/100
|move|p1a: Great Tusk|Ice Spinner|p2a: Gliscor
|-supereffective|p2a: Gliscor
|-damage|p2a: Gliscor|0 fnt
|faint|p2a: Gliscor
|
|-weather|SunnyDay|[upkeep]
|-heal|p1a: Great Tusk|26/100|[from] item: Leftovers
|upkeep
|
|t:|1769438134
|switch|p2a: Quaquaval|Quaquaval, F|100/100
|turn|8
|
|t:|1769438143
|-end|p1a: Great Tusk|Protosynthesis|[silent]
|switch|p1a: Corviknight|Corviknight, F|100/100
|move|p2a: Quaquaval|Aqua Step|p1a: Corviknight
|-damage|p1a: Corviknight|88/100
|-boost|p2a: Quaquaval|spe|1
|-damage|p2a: Quaquaval|84/100|[from] item: Rocky Helmet|[of] p1a: Corviknight
|
|-weather|SunnyDay|[upkeep]
|upkeep
|turn|9
|
|t:|1769438156
|-terastallize|p2a: Quaquaval|Fire
|move|p2a: Quaquaval|Swords Dance|p2a: Quaquaval
|-boost|p2a: Quaquaval|atk|2
|move|p1a: Corviknight|Dual Wingbeat|p2a: Quaquaval
|-damage|p2a: Quaquaval|69/100
|-damage|p2a: Quaquaval|51/100
|-hitcount|p2a: Quaquaval|2
|
|-weather|none
|upkeep
|turn|10
|inactive|aboda has 120 seconds left.
|
|t:|1769438188
|move|p2a: Quaquaval|Tera Blast|p1a: Corviknight|[anim] Tera Blast Fire
|-supereffective|p1a: Corviknight
|-damage|p1a: Corviknight|0 fnt
|faint|p1a: Corviknight
|-ability|p2a: Quaquaval|Moxie|boost
|-boost|p2a: Quaquaval|atk|1
|
|upkeep
|
|t:|1769438191
|switch|p1a: Dragonite|Dragonite, F|100/100
|turn|11
|
|t:|1769438202
|-terastallize|p1a: Dragonite|Normal
|move|p1a: Dragonite|Extreme Speed|p2a: Quaquaval
|-damage|p2a: Quaquaval|0 fnt
|faint|p2a: Quaquaval
|
|upkeep
|
|t:|1769438209
|switch|p2a: Rotom|Rotom-Mow|100/100
|turn|12
|
|t:|1769438221
|switch|p1a: Chansey|Chansey, F|88/100
|move|p2a: Rotom|Will-O-Wisp|p1a: Chansey
|-status|p1a: Chansey|brn
|
|-damage|p1a: Chansey|82/100 brn|[from] brn
|upkeep
|turn|13
|
|t:|1769438230
|switch|p2a: Maushold|Maushold-Four|100/100
|move|p1a: Chansey|Thunder Wave|p2a: Maushold
|-status|p2a: Maushold|par
|
|-damage|p1a: Chansey|75/100 brn|[from] brn
|upkeep
|turn|14
|
|t:|1769438241
|-curestatus|p1a: Chansey|brn|[from] ability: Natural Cure
|switch|p1a: Great Tusk|Great Tusk|26/100
|move|p2a: Maushold|Tidy Up|p2a: Maushold
|-boost|p2a: Maushold|atk|1
|-boost|p2a: Maushold|spe|1
|
|-heal|p1a: Great Tusk|32/100|[from] item: Leftovers
|upkeep
|turn|15
|
|t:|1769438250
|move|p2a: Maushold|Tidy Up|p2a: Maushold
|-boost|p2a: Maushold|atk|1
|-boost|p2a: Maushold|spe|1
|move|p1a: Great Tusk|Close Combat|p2a: Maushold
|-supereffective|p2a: Maushold
|-crit|p2a: Maushold
|-damage|p2a: Maushold|0 fnt
|-unboost|p1a: Great Tusk|def|1
|-unboost|p1a: Great Tusk|spd|1
|faint|p2a: Maushold
|
|-heal|p1a: Great Tusk|38/100|[from] item: Leftovers
|upkeep
|-message|Charmilleon forfeited.
|
|win|aboda
|raw|aboda's rating: 1302 &rarr; <strong>1322</strong><br />(+20 for winning)
|raw|Charmilleon's rating: 1303 &rarr; <strong>1283</strong><br />(-20 for losing)
|l|☆Charmilleon
|player|p2|
|l|☆aboda
|player|p1|
