|j|☆LIWU.5216
|j|☆Flliberish
|t:|1769316835
|gametype|singles
|player|p1|LIWU.5216|miku-water|1309
|player|p2|Flliberish|winona|1331
|gen|9
|tier|[Gen 9] OU
|rated|
|rule|HP Percentage Mod: HP is shown in percentages
|rule|Endless Battle Clause: Forcing endless battles is banned
|rule|Species Clause: Limit one of each Pokémon
|rule|OHKO Clause: OHKO moves are banned
|rule|Evasion Items Clause: Evasion items are banned
|rule|Evasion Moves Clause: Evasion moves are banned
|rule|Evasion Abilities Clause: Evasion abilities are banned
|rule|Sleep Moves Clause: Sleep-inducing moves are banned
|clearpoke
|poke|p1|Pelipper, M|
|poke|p1|Barraskewda, M|
|poke|p1|Zapdos|
|poke|p1|Corviknight, F|
|poke|p1|Clodsire, M|
|poke|p1|Incineroar, F|
|poke|p2|Moltres|
|poke|p2|Primarina, M|
|poke|p2|Rillaboom, M|
|poke|p2|Hawlucha, M|
|poke|p2|Iron Treads|
|poke|p2|Raging Bolt|
|teampreview
|inactive|Battle timer is ON: inactive players will automatically lose when time's up. (requested by Flliberish)
|
|t:|1769316855
|teamsize|p1|6
|teamsize|p2|6
|start
|switch|p1a: Zapdos|Zapdos, shiny|100/100
|switch|p2a: Primarina|Primarina, M|100/100
|turn|1
|
|t:|1769316870
|switch|p2a: Iron Treads|Iron Treads|100/100
|move|p1a: Zapdos|Volt Switch|p2a: Iron Treads
|-immune|p2a: Iron Treads
|
|upkeep
|turn|2
|
|t:|1769316887
|switch|p1a: Corviknight|Corviknight, F, shiny|100/100
|-ability|p1a: Corviknight|Pressure
|move|p2a: Iron Treads|Knock Off|p1a: Corviknight
|-damage|p1a: Corviknight|82/100
|-damage|p2a: Iron Treads|84/100|[from] item: Rocky Helmet|[of] p1a: Corviknight
|-enditem|p1a: Corviknight|Rocky Helmet|[from] move: Knock Off|[of] p2a: Iron Treads
|
|upkeep
|turn|3
|
|t:|1769316896
|-end|p2a: Iron Treads|Quark Drive|[silent]
|switch|p2a: Moltres|Moltres|100/100
|move|p1a: Corviknight|Body Press|p2a: Moltres
|-resisted|p2a: Moltres
|-damage|p2a: Moltres|87/100
|
|upkeep
|turn|4
|
|t:|1769316913
|switch|p1a: Pelipper|Pelipper, M|100/100
|-weather|RainDance|[from] ability: Drizzle|[of] p1a: Pelipper
|move|p2a: Moltres|Flamethrower|p1a: Pelipper
|-resisted|p1a: Pelipper
|-damage|p1a: Pelipper|84/100
|
|-weather|RainDance|[upkeep]
|upkeep
|turn|5
|
|t:|1769316925
|switch|p2a: Raging Bolt|Raging Bolt|100/100
|move|p1a: Pelipper|Hurricane|p2a: Raging Bolt
|-resisted|p2a: Raging Bolt
|-damage|p2a: Raging Bolt|91/100
|-start|p2a: Raging Bolt|confusion
|
|-weather|RainDance|[upkeep]
|upkeep
|turn|6
|
|t:|1769316936
|switch|p1a: Clodsire|Clodsire, M|100/100
|-activate|p2a: Raging Bolt|confusion
|move|p2a: Raging Bolt|Draco Meteor|p1a: Clodsire
|-damage|p1a: Clodsire|59/100
|-unboost|p2a: Raging Bolt|spa|2
|
|-weather|RainDance|[upkeep]
|-heal|p1a: Clodsire|65/100|[from] item: Leftovers
|upkeep
|turn|7
|
|t:|1769316958
|-end|p2a: Raging Bolt|Protosynthesis|[silent]
|switch|p2a: Moltres|Moltres|87/100
|move|p1a: Clodsire|Toxic|p2a: Moltres
|-status|p2a: Moltres|tox
|
|-weather|RainDance|[upkeep]
|-heal|p1a: Clodsire|71/100|[from] item: Leftovers
|-damage|p2a: Moltres|81/100 tox|[from] psn
|upkeep
|turn|8
|
|t:|1769316968
|move|p2a: Moltres|Hurricane|p1a: Clodsire
|-damage|p1a: Clodsire|40/100
|-start|p1a: Clodsire|confusion
|-activate|p1a: Clodsire|confusion
|-damage|p1a: Clodsire|32/100|[from] confusion
|
|-weather|RainDance|[upkeep]
|-heal|p1a: Clodsire|38/100|[from] item: Leftovers
|-damage|p2a: Moltres|69/100 tox|[from] psn
|upkeep
|turn|9
|
|t:|1769316981
|switch|p2a: Iron Treads|Iron Treads|84/100
|-activate|p1a: Clodsire|confusion
|move|p1a: Clodsire|Recover|p1a: Clodsire
|-heal|p1a: Clodsire|88/100
|
|-weather|RainDance|[upkeep]
|-heal|p1a: Clodsire|94/100|[from] item: Leftovers
|upkeep
|turn|10
|
|t:|1769316992
|switch|p1a: Corviknight|Corviknight, F, shiny|82/100
|-ability|p1a: Corviknight|Pressure
|move|p2a: Iron Treads|Stealth Rock|p1a: Corviknight
|-sidestart|p1: LIWU.5216|move: Stealth Rock
|
|-weather|RainDance|[upkeep]
|upkeep
|turn|11
|
|t:|1769317006
|-end|p2a: Iron Treads|Quark Drive|[silent]
|switch|p2a: Raging Bolt|Raging Bolt|91/100
|move|p1a: Corviknight|Defog|p2a: Raging Bolt
|-unboost|p2a: Raging Bolt|evasion|1
|-sideend|p1: LIWU.5216|Stealth Rock|[from] move: Defog|[of] p1a: Corviknight
|
|-weather|none
|upkeep
|turn|12
|
|t:|1769317016
|switch|p1a: Clodsire|Clodsire, M|94/100
|move|p2a: Raging Bolt|Volt Switch|p1a: Clodsire
|-immune|p1a: Clodsire
|
|-heal|p1a: Clodsire|100/100|[from] item: Leftovers
|upkeep
|turn|13
|
|t:|1769317027
|-end|p2a: Raging Bolt|Protosynthesis|[silent]
|switch|p2a: Moltres|Moltres|69/100 tox
|move|p1a: Clodsire|Stealth Rock|p2a: Moltres
|-sidestart|p2: Flliberish|move: Stealth Rock
|
|-damage|p2a: Moltres|63/100 tox|[from] psn
|upkeep
|turn|14
|
|t:|1769317051
|move|p2a: Moltres|Roost|p2a: Moltres
|-heal|p2a: Moltres|100/100 tox
|-singleturn|p2a: Moltres|move: Roost
|move|p1a: Clodsire|Earthquake|p2a: Moltres
|-supereffective|p2a: Moltres
|-damage|p2a: Moltres|50/100 tox
|
|-damage|p2a: Moltres|38/100 tox|[from] psn
|upkeep
|turn|15
|
|t:|1769317058
|switch|p2a: Rillaboom|Rillaboom, M|100/100
|-damage|p2a: Rillaboom|88/100|[from] Stealth Rock
|-fieldstart|move: Grassy Terrain|[from] ability: Grassy Surge|[of] p2a: Rillaboom
|move|p1a: Clodsire|Earthquake|p2a: Rillaboom
|-resisted|p2a: Rillaboom
|-damage|p2a: Rillaboom|82/100
|
|-heal|p2a: Rillaboom|88/100|[from] Grassy Terrain
|upkeep
|turn|16
|
|t:|1769317087
|switch|p1a: Incineroar|Incineroar, F, shiny|100/100
|-ability|p1a: Incineroar|Intimidate|boost
|-unboost|p2a: Rillaboom|atk|1
|move|p2a: Rillaboom|U-turn|p1a: Incineroar
|-damage|p1a: Incineroar|88/100
|inactive|Flliberish has 120 seconds left.
|
|t:|1769317098
|switch|p2a: Primarina|Primarina, M|100/100|[from] U-turn
|
|-heal|p1a: Incineroar|94/100|[from] Grassy Terrain
|upkeep
|turn|17
|
|t:|1769317113
|switch|p1a: Clodsire|Clodsire, M|100/100
|move|p2a: Primarina|Psychic Noise|p1a: Clodsire
|-immune|p1a: Clodsire|[from] ability: Water Absorb
|
|upkeep
|turn|18
|inactive|LIWU.5216 has 120 seconds left.
|
|t:|1769317139
|switch|p2a: Moltres|Moltres|38/100 tox
|switch|p1a: Pelipper|Pelipper, M|84/100
|-weather|RainDance|[from] ability: Drizzle|[of] p1a: Pelipper
|
|-weather|RainDance|[upkeep]
|-damage|p2a: Moltres|32/100 tox|[from] psn
|upkeep
|turn|19
|inactive|LIWU.5216 has 120 seconds left.
|
|t:|1769317150
|switch|p2a: Raging Bolt|Raging Bolt|91/100
|-damage|p2a: Raging Bolt|79/100|[from] Stealth Rock
|move|p1a: Pelipper|Hurricane|p2a: Raging Bolt
|-resisted|p2a: Raging Bolt
|-damage|p2a: Raging Bolt|69/100
|
|-weather|RainDance|[upkeep]
|-heal|p2a: Raging Bolt|75/100|[from] Grassy Terrain
|-fieldend|move: Grassy Terrain
|upkeep
|turn|20
|inactive|LIWU.5216 has 120 seconds left.
|
|t:|1769317162
|switch|p1a: Clodsire|Clodsire, M|100/100
|move|p2a: Raging Bolt|Dragon Pulse|p1a: Clodsire
|-damage|p1a: Clodsire|74/100
|
|-weather|RainDance|[upkeep]
|-heal|p1a: Clodsire|80/100|[from] item: Leftovers
|upkeep
|turn|21
|inactive|LIWU.5216 has 120 seconds left.
|
|t:|1769317178
|-end|p2a: Raging Bolt|Protosynthesis|[silent]
|switch|p2a: Iron Treads|Iron Treads|84/100
|-damage|p2a: Iron Treads|81/100|[from] Stealth Rock
|move|p1a: Clodsire|Recover|p1a: Clodsire
|-heal|p1a: Clodsire|100/100
|
|-weather|RainDance|[upkeep]
|upkeep
|turn|22
|inactive|LIWU.5216 has 120 seconds left.
|
|t:|1769317195
|-end|p2a: Iron Treads|Quark Drive|[silent]
|switch|p2a: Rillaboom|Rillaboom, M|88/100
|-damage|p2a: Rillaboom|75/100|[from] Stealth Rock
|-fieldstart|move: Grassy Terrain|[from] ability: Grassy Surge|[of] p2a: Rillaboom
|switch|p1a: Corviknight|Corviknight, F, shiny|82/100
|-ability|p1a: Corviknight|Pressure
|
|-weather|RainDance|[upkeep]
|-heal|p2a: Rillaboom|82/100|[from] Grassy Terrain
|upkeep
|turn|23
|inactive|LIWU.5216 has 120 seconds left.
|
|t:|1769317217
|switch|p2a: Raging Bolt|Raging Bolt|75/100
|-damage|p2a: Raging Bolt|63/100|[from] Stealth Rock
|move|p1a: Corviknight|U-turn|p2a: Raging Bolt
|-damage|p2a: Raging Bolt|51/100
|
|t:|1769317227
|switch|p1a: Clodsire|Clodsire, M|100/100|[from] U-turn
|
|-weather|RainDance|[upkeep]
|-heal|p2a: Raging Bolt|58/100|[from] Grassy Terrain
|upkeep
|turn|24
|
|t:|1769317233
|-end|p2a: Raging Bolt|Protosynthesis|[silent]
|switch|p2a: Moltres|Moltres|32/100 tox
|move|p1a: Clodsire|Earthquake|p2a: Moltres
|-immune|p2a: Moltres
|
|-weather|RainDance|[upkeep]
|-damage|p2a: Moltres|26/100 tox|[from] psn
|upkeep
|turn|25
|inactive|LIWU.5216 has 120 seconds left.
|
|t:|1769317241
|move|p2a: Moltres|Roost|p2a: Moltres
|-heal|p2a: Moltres|76/100 tox
|-singleturn|p2a: Moltres|move: Roost
|move|p1a: Clodsire|Earthquake|p2a: Moltres
|-supereffective|p2a: Moltres
|-damage|p2a: Moltres|48/100 tox
|
|-weather|none
|-heal|p2a: Moltres|54/100 tox|[from] Grassy Terrain
|-damage|p2a: Moltres|42/100 tox|[from] psn
|upkeep
|turn|26
|inactive|LIWU.5216 has 120 seconds left.
|
|t:|1769317254
|switch|p2a: Hawlucha|Hawlucha, M|100/100
|-damage|p2a: Hawlucha|88/100|[from] Stealth Rock
|-enditem|p2a: Hawlucha|Grassy Seed
|-boost|p2a: Hawlucha|def|1|[from] item: Grassy Seed
|move|p1a: Clodsire|Earthquake|p2a: Hawlucha
|-immune|p2a: Hawlucha
|
|-fieldend|move: Grassy Terrain
|upkeep
|turn|27
|inactive|LIWU.5216 has 120 seconds left.
|
|t:|1769317266
|switch|p1a: Incineroar|Incineroar, F, shiny|94/100
|-ability|p1a: Incineroar|Intimidate|boost
|-unboost|p2a: Hawlucha|atk|1
|move|p2a: Hawlucha|Encore||[still]
|-fail|p2a: Hawlucha
|
|upkeep
|turn|28
|
|t:|1769317275
|move|p2a: Hawlucha|Swords Dance|p2a: Hawlucha
|-boost|p2a: Hawlucha|atk|2
|move|p1a: Incineroar|Will-O-Wisp|p2a: Hawlucha|[miss]
|-miss|p1a: Incineroar|p2a: Hawlucha
|
|upkeep
|turn|29
|
|t:|1769317282
|move|p2a: Hawlucha|Close Combat|p1a: Incineroar
|-supereffective|p1a: Incineroar
|-damage|p1a: Incineroar|0 fnt
|-unboost|p2a: Hawlucha|def|1
|-unboost|p2a: Hawlucha|spd|1
|faint|p1a: Incineroar
|
|upkeep
|
|t:|1769317288
|switch|p1a: Pelipper|Pelipper, M|84/100
|-weather|RainDance|[from] ability: Drizzle|[of] p1a: Pelipper
|turn|30
|
|t:|1769317296
|switch|p1a: Corviknight|Corviknight, F, shiny|82/100
|-ability|p1a: Corviknight|Pressure
|move|p2a: Hawlucha|Acrobatics|p1a: Corviknight
|-resisted|p1a: Corviknight
|-crit|p1a: Corviknight
|-damage|p1a: Corviknight|49/100
|
|-weather|RainDance|[upkeep]
|upkeep
|turn|31
|
|t:|1769317300
|move|p2a: Hawlucha|Close Combat|p1a: Corviknight
|-damage|p1a: Corviknight|0 fnt
|-unboost|p2a: Hawlucha|def|1
|-unboost|p2a: Hawlucha|spd|1
|faint|p1a: Corviknight
|
|-weather|RainDance|[upkeep]
|upkeep
|
|t:|1769317304
|switch|p1a: Barraskewda|Barraskewda, M|100/100
|turn|32
|
|t:|1769317308
|switch|p2a: Rillaboom|Rillaboom, M|82/100
|-damage|p2a: Rillaboom|69/100|[from] Stealth Rock
|-fieldstart|move: Grassy Terrain|[from] ability: Grassy Surge|[of] p2a: Rillaboom
|-terastallize|p1a: Barraskewda|Water
|move|p1a: Barraskewda|Liquidation|p2a: Rillaboom
|-resisted|p2a: Rillaboom
|-damage|p2a: Rillaboom|6/100
|
|-weather|RainDance|[upkeep]
|-heal|p2a: Rillaboom|13/100|[from] Grassy Terrain
|upkeep
|turn|33
|
|t:|1769317324
|switch|p1a: Zapdos|Zapdos, shiny|100/100
|move|p2a: Rillaboom|Grassy Glide|p1a: Zapdos
|-resisted|p1a: Zapdos
|-damage|p1a: Zapdos|78/100
|
|-weather|RainDance|[upkeep]
|-heal|p2a: Rillaboom|19/100|[from] Grassy Terrain
|upkeep
|turn|34
|
|t:|1769317343
|switch|p2a: Iron Treads|Iron Treads|81/100
|-damage|p2a: Iron Treads|78/100|[from] Stealth Rock
|move|p1a: Zapdos|Hurricane|p2a: Iron Treads
|-resisted|p2a: Iron Treads
|-damage|p2a: Iron Treads|41/100
|-start|p2a: Iron Treads|confusion
|
|-weather|RainDance|[upkeep]
|-heal|p2a: Iron Treads|48/100|[from] Grassy Terrain
|upkeep
|turn|35
|
|t:|1769317356
|-activate|p2a: Iron Treads|confusion
|-damage|p2a: Iron Treads|36/100|[from] confusion
|move|p1a: Zapdos|Weather Ball|p2a: Iron Treads
|-supereffective|p2a: Iron Treads
|-damage|p2a: Iron Treads|0 fnt
|faint|p2a: Iron Treads
|-end|p2a: Iron Treads|Quark Drive|[silent]
|
|-weather|RainDance|[upkeep]
|upkeep
|inactive|Flliberish has 120 seconds left.
|
|t:|1769317391
|switch|p2a: Raging Bolt|Raging Bolt|58/100
|-damage|p2a: Raging Bolt|45/100|[from] Stealth Rock
|turn|36
|
|t:|1769317406
|move|p1a: Zapdos|Volt Switch|p2a: Raging Bolt
|-resisted|p2a: Raging Bolt
|-damage|p2a: Raging Bolt|41/100
|
|t:|1769317411
|switch|p1a: Clodsire|Clodsire, M|100/100|[from] Volt Switch
|move|p2a: Raging Bolt|Draco Meteor|p1a: Clodsire
|-damage|p1a: Clodsire|59/100
|-unboost|p2a: Raging Bolt|spa|2
|
|-weather|RainDance|[upkeep]
|-heal|p2a: Raging Bolt|47/100|[from] Grassy Terrain
|-heal|p1a: Clodsire|65/100|[from] Grassy Terrain
|-heal|p1a: Clodsire|71/100|[from] item: Leftovers
|-fieldend|move: Grassy Terrain
|upkeep
|turn|37
|inactive|Flliberish has 120 seconds left.
|inactive|Flliberish has 90 seconds left.
|
|t:|1769317461
|-end|p2a: Raging Bolt|Protosynthesis|[silent]
|switch|p2a: Primarina|Primarina, M|100/100
|move|p1a: Clodsire|Toxic|p2a: Primarina
|-status|p2a: Primarina|tox
|
|-weather|none
|-heal|p1a: Clodsire|78/100|[from] item: Leftovers
|-damage|p2a: Primarina|94/100 tox|[from] psn
|upkeep
|turn|38
|inactive|Flliberish has 90 seconds left.
|
|t:|1769317480
|switch|p2a: Moltres|Moltres|42/100 tox
|move|p1a: Clodsire|Earthquake|p2a: Moltres
|-immune|p2a: Moltres
|
|-heal|p1a: Clodsire|84/100|[from] item: Leftovers
|-damage|p2a: Moltres|36/100 tox|[from] psn
|upkeep
|turn|39
|
|t:|1769317490
|move|p2a: Moltres|Roost|p2a: Moltres
|-heal|p2a: Moltres|86/100 tox
|-singleturn|p2a: Moltres|move: Roost
|move|p1a: Clodsire|Earthquake|p2a: Moltres
|-supereffective|p2a: Moltres
|-damage|p2a: Moltres|31/100 tox
|
|-heal|p1a: Clodsire|90/100|[from] item: Leftovers
|-damage|p2a: Moltres|19/100 tox|[from] psn
|upkeep
|turn|40
|inactive|Flliberish has 90 seconds left.
|
|t:|1769317508
|switch|p2a: Hawlucha|Hawlucha, M|88/100
|-damage|p2a: Hawlucha|76/100|[from] Stealth Rock
|move|p1a: Clodsire|Toxic|p2a: Hawlucha
|-status|p2a: Hawlucha|tox
|
|-heal|p1a: Clodsire|96/100|[from] item: Leftovers
|-damage|p2a: Hawlucha|70/100 tox|[from] psn
|upkeep
|turn|41
|inactive|LIWU.5216 has 120 seconds left.
|
|t:|1769317532
|switch|p1a: Pelipper|Pelipper, M|84/100
|-weather|RainDance|[from] ability: Drizzle|[of] p1a: Pelipper
|move|p2a: Hawlucha|Swords Dance|p2a: Hawlucha
|-boost|p2a: Hawlucha|atk|2
|
|-weather|RainDance|[upkeep]
|-damage|p2a: Hawlucha|57/100 tox|[from] psn
|upkeep
|turn|42
|inactive|LIWU.5216 has 120 seconds left.
|
|t:|1769317543
|move|p2a: Hawlucha|Acrobatics|p1a: Pelipper
|-damage|p1a: Pelipper|5/100
|move|p1a: Pelipper|Hurricane|p2a: Hawlucha
|-supereffective|p2a: Hawlucha
|-damage|p2a: Hawlucha|0 fnt
|faint|p2a: Hawlucha
|
|-weather|RainDance|[upkeep]
|upkeep
|inactive|Flliberish has 90 seconds left.
|
|t:|1769317571
|switch|p2a: Rillaboom|Rillaboom, M|19/100
|-damage|p2a: Rillaboom|6/100|[from] Stealth Rock
|-fieldstart|move: Grassy Terrain|[from] ability: Grassy Surge|[of] p2a: Rillaboom
|turn|43
|
|t:|1769317583
|switch|p1a: Zapdos|Zapdos, shiny|78/100
|move|p2a: Rillaboom|Grassy Glide|p1a: Zapdos
|-resisted|p1a: Zapdos
|-damage|p1a: Zapdos|54/100
|-status|p2a: Rillaboom|par|[from] ability: Static|[of] p1a: Zapdos
|
|-weather|RainDance|[upkeep]
|-heal|p2a: Rillaboom|13/100 par|[from] Grassy Terrain
|upkeep
|turn|44
|inactive|Flliberish has 60 seconds left.
|
|t:|1769317629
|switch|p2a: Primarina|Primarina, M|94/100 tox
|move|p1a: Zapdos|Hurricane|p2a: Primarina
|-damage|p2a: Primarina|45/100 tox
|
|-weather|RainDance|[upkeep]
|-heal|p2a: Primarina|51/100 tox|[from] Grassy Terrain
|-damage|p2a: Primarina|45/100 tox|[from] psn
|upkeep
|turn|45
|
|t:|1769317645
|-terastallize|p2a: Primarina|Ground
|move|p1a: Zapdos|Thunder|p2a: Primarina
|-immune|p2a: Primarina
|move|p2a: Primarina|Moonblast|p1a: Zapdos
|-damage|p1a: Zapdos|0 fnt
|faint|p1a: Zapdos
|
|-weather|RainDance|[upkeep]
|-heal|p2a: Primarina|51/100 tox|[from] Grassy Terrain
|-damage|p2a: Primarina|39/100 tox|[from] psn
|upkeep
|
|t:|1769317650
|switch|p1a: Clodsire|Clodsire, M|96/100
|turn|46
|inactive|Flliberish has 60 seconds left.
|
|t:|1769317668
|switch|p2a: Moltres|Moltres|19/100 tox
|move|p1a: Clodsire|Earthquake|p2a: Moltres
|-immune|p2a: Moltres
|
|-weather|RainDance|[upkeep]
|-heal|p1a: Clodsire|100/100|[from] Grassy Terrain
|-damage|p2a: Moltres|13/100 tox|[from] psn
|upkeep
|turn|47
|
|t:|1769317678
|move|p2a: Moltres|Roost|p2a: Moltres
|-heal|p2a: Moltres|63/100 tox
|-singleturn|p2a: Moltres|move: Roost
|move|p1a: Clodsire|Earthquake|p2a: Moltres
|-supereffective|p2a: Moltres
|-damage|p2a: Moltres|37/100 tox
|
|-weather|RainDance|[upkeep]
|-heal|p2a: Moltres|43/100 tox|[from] Grassy Terrain
|-damage|p2a: Moltres|31/100 tox|[from] psn
|-fieldend|move: Grassy Terrain
|upkeep
|turn|48
|inactive|Flliberish has 60 seconds left.
|
|t:|1769317699
|move|p2a: Moltres|Hurricane|p1a: Clodsire
|-damage|p1a: Clodsire|65/100
|-start|p1a: Clodsire|confusion
|-activate|p1a: Clodsire|confusion
|-damage|p1a: Clodsire|57/100|[from] confusion
|
|-weather|none
|-heal|p1a: Clodsire|63/100|[from] item: Leftovers
|-damage|p2a: Moltres|13/100 tox|[from] psn
|upkeep
|turn|49
|
|t:|1769317715
|move|p2a: Moltres|U-turn|p1a: Clodsire
|-resisted|p1a: Clodsire
|-damage|p1a: Clodsire|55/100
|
|t:|1769317725
|switch|p2a: Rillaboom|Rillaboom, M|13/100 par|[from] U-turn
|-damage|p2a: Rillaboom|0 fnt|[from] Stealth Rock
|faint|p2a: Rillaboom
|-activate|p1a: Clodsire|confusion
|-damage|p1a: Clodsire|46/100|[from] confusion
|
|-heal|p1a: Clodsire|52/100|[from] item: Leftovers
|upkeep
|
|t:|1769317732
|switch|p2a: Raging Bolt|Raging Bolt|47/100
|-damage|p2a: Raging Bolt|34/100|[from] Stealth Rock
|turn|50
|
|t:|1769317737
|move|p2a: Raging Bolt|Draco Meteor|p1a: Clodsire
|-damage|p1a: Clodsire|11/100
|-unboost|p2a: Raging Bolt|spa|2
|-activate|p1a: Clodsire|confusion
|move|p1a: Clodsire|Recover|p1a: Clodsire
|-heal|p1a: Clodsire|61/100
|
|-heal|p1a: Clodsire|67/100|[from] item: Leftovers
|upkeep
|turn|51
|-message|Flliberish forfeited.
|
|win|LIWU.5216
|raw|LIWU.5216's rating: 1309 &rarr; <strong>1330</strong><br />(+21 for winning)
|raw|Flliberish's rating: 1331 &rarr; <strong>1310</strong><br />(-21 for losing)
|l|☆Flliberish
|player|p2|
|l|☆LIWU.5216
|player|p1|
