|j|☆borill
|j|☆isoldyoufent
|t:|1769325451
|gametype|singles
|player|p1|borill|170|1094
|player|p2|isoldyoufent|hugh|1073
|gen|9
|tier|[Gen 9] OU
|rated|
|rule|HP Percentage Mod: HP is shown in percentages
|rule|Endless Battle Clause: Forcing endless battles is banned
|rule|Species Clause: Limit one of each Pokémon
|rule|OHKO Clause: OHKO moves are banned
|rule|Evasion Items Clause: Evasion items are banned
|rule|Evasion Moves Clause: Evasion moves are banned
|rule|Evasion Abilities Clause: Evasion abilities are banned
|rule|Sleep Moves Clause: Sleep-inducing moves are banned
|clearpoke
|poke|p1|Polteageist|
|poke|p1|Talonflame, M|
|poke|p1|Tinkaton, F|
|poke|p1|Glimmora, F|
|poke|p1|Araquanid, F|
|poke|p1|Electrode-Hisui|
|poke|p2|Deoxys-Speed|
|poke|p2|Ceruledge, M|
|poke|p2|Zamazenta-*|
|poke|p2|Ogerpon-Wellspring, F|
|poke|p2|Indeedee-F, F|
|poke|p2|Moltres-Galar|
|teampreview
|inactive|Battle timer is ON: inactive players will automatically lose when time's up. (requested by isoldyoufent)
|
|t:|1769325458
|teamsize|p1|6
|teamsize|p2|6
|start
|switch|p1a: Glimmora|Glimmora, F|100/100
|switch|p2a: Indeedee|Indeedee-F, F|100/100
|-item|p1a: Glimmora|Air Balloon
|-fieldstart|move: Psychic Terrain|[from] ability: Psychic Surge|[of] p2a: Indeedee
|turn|1
|
|t:|1769325469
|move|p1a: Glimmora|Toxic|p2a: Indeedee
|-status|p2a: Indeedee|tox
|move|p2a: Indeedee|Light Screen|p2a: Indeedee
|-sidestart|p2: isoldyoufent|move: Light Screen
|
|-damage|p2a: Indeedee|94/100 tox|[from] psn
|upkeep
|turn|2
|
|t:|1769325477
|move|p1a: Glimmora|Spikes|p2a: Indeedee
|-sidestart|p2: isoldyoufent|Spikes
|move|p2a: Indeedee|Draining Kiss|p1a: Glimmora
|-resisted|p1a: Glimmora
|-damage|p1a: Glimmora|95/100
|-heal|p2a: Indeedee|99/100 tox|[from] drain|[of] p1a: Glimmora
|-enditem|p1a: Glimmora|Air Balloon
|
|-heal|p2a: Indeedee|100/100 tox|[from] item: Leftovers
|-damage|p2a: Indeedee|88/100 tox|[from] psn
|upkeep
|turn|3
|
|t:|1769325488
|switch|p2a: Deoxys|Deoxys-Speed|100/100
|-damage|p2a: Deoxys|88/100|[from] Spikes
|-ability|p2a: Deoxys|Pressure
|move|p1a: Glimmora|Spikes|p2a: Deoxys
|-sidestart|p2: isoldyoufent|Spikes
|
|upkeep
|turn|4
|
|t:|1769325497
|move|p2a: Deoxys|Psycho Boost|p1a: Glimmora
|-supereffective|p1a: Glimmora
|-damage|p1a: Glimmora|0 fnt
|-unboost|p2a: Deoxys|spa|2
|faint|p1a: Glimmora
|
|upkeep
|
|t:|1769325510
|switch|p1a: Araquanid|Araquanid, F|100/100
|turn|5
|
|t:|1769325516
|move|p2a: Deoxys|Psycho Boost|p1a: Araquanid
|-damage|p1a: Araquanid|53/100
|-unboost|p2a: Deoxys|spa|2
|move|p1a: Araquanid|Stockpile|p1a: Araquanid
|-start|p1a: Araquanid|stockpile1
|-boost|p1a: Araquanid|def|1
|-boost|p1a: Araquanid|spd|1
|
|-heal|p1a: Araquanid|59/100|[from] item: Leftovers
|-sideend|p2: isoldyoufent|move: Light Screen
|-fieldend|move: Psychic Terrain
|upkeep
|turn|6
|
|t:|1769325527
|switch|p2a: Ceruledge|Ceruledge, M|100/100
|-damage|p2a: Ceruledge|84/100|[from] Spikes
|move|p1a: Araquanid|Aqua Ring|p1a: Araquanid
|-start|p1a: Araquanid|Aqua Ring
|
|-heal|p1a: Araquanid|65/100|[from] item: Leftovers
|-heal|p1a: Araquanid|71/100|[from] Aqua Ring
|upkeep
|turn|7
|
|t:|1769325537
|move|p2a: Ceruledge|Bitter Blade|p1a: Araquanid
|-damage|p1a: Araquanid|52/100
|-heal|p2a: Ceruledge|94/100|[from] drain|[of] p1a: Araquanid
|move|p1a: Araquanid|Stockpile|p1a: Araquanid
|-start|p1a: Araquanid|stockpile2
|-boost|p1a: Araquanid|def|1
|-boost|p1a: Araquanid|spd|1
|
|-heal|p1a: Araquanid|58/100|[from] item: Leftovers
|-heal|p1a: Araquanid|64/100|[from] Aqua Ring
|upkeep
|turn|8
|
|t:|1769325548
|-terastallize|p2a: Ceruledge|Ghost
|move|p2a: Ceruledge|Swords Dance|p2a: Ceruledge
|-boost|p2a: Ceruledge|atk|2
|move|p1a: Araquanid|Stockpile|p1a: Araquanid
|-start|p1a: Araquanid|stockpile3
|-boost|p1a: Araquanid|def|1
|-boost|p1a: Araquanid|spd|1
|
|-heal|p1a: Araquanid|70/100|[from] item: Leftovers
|-heal|p1a: Araquanid|76/100|[from] Aqua Ring
|upkeep
|turn|9
|
|t:|1769325559
|move|p2a: Ceruledge|Poltergeist|p1a: Araquanid|[miss]
|-miss|p2a: Ceruledge|p1a: Araquanid
|move|p1a: Araquanid|Liquidation|p2a: Ceruledge
|-damage|p2a: Ceruledge|7/100
|-ability|p2a: Ceruledge|Weak Armor|boost
|-unboost|p2a: Ceruledge|def|1
|-boost|p2a: Ceruledge|spe|2
|
|-heal|p1a: Araquanid|83/100|[from] item: Leftovers
|-heal|p1a: Araquanid|89/100|[from] Aqua Ring
|upkeep
|turn|10
|
|t:|1769325571
|move|p2a: Ceruledge|Poltergeist|p1a: Araquanid
|-activate|p1a: Araquanid|move: Poltergeist|Leftovers
|-damage|p1a: Araquanid|19/100
|move|p1a: Araquanid|Liquidation|p2a: Ceruledge
|-damage|p2a: Ceruledge|0 fnt
|faint|p2a: Ceruledge
|
|-heal|p1a: Araquanid|25/100|[from] item: Leftovers
|-heal|p1a: Araquanid|31/100|[from] Aqua Ring
|upkeep
|
|t:|1769325585
|switch|p2a: Moltres|Moltres-Galar|100/100
|turn|11
|
|t:|1769325609
|move|p2a: Moltres|Nasty Plot|p2a: Moltres
|-boost|p2a: Moltres|spa|2
|move|p1a: Araquanid|Leech Life|p2a: Moltres
|-damage|p2a: Moltres|65/100
|-heal|p1a: Araquanid|48/100|[from] drain|[of] p2a: Moltres
|
|-heal|p1a: Araquanid|54/100|[from] item: Leftovers
|-heal|p1a: Araquanid|60/100|[from] Aqua Ring
|upkeep
|turn|12
|
|t:|1769325620
|move|p2a: Moltres|Fiery Wrath|p1a: Araquanid
|-damage|p1a: Araquanid|32/100
|move|p1a: Araquanid|Leech Life|p2a: Moltres
|-damage|p2a: Moltres|28/100
|-heal|p1a: Araquanid|50/100|[from] drain|[of] p2a: Moltres
|-ability|p2a: Moltres|Berserk|boost
|-boost|p2a: Moltres|spa|1
|-enditem|p2a: Moltres|Sitrus Berry|[eat]
|-heal|p2a: Moltres|53/100|[from] item: Sitrus Berry
|
|-heal|p1a: Araquanid|56/100|[from] item: Leftovers
|-heal|p1a: Araquanid|62/100|[from] Aqua Ring
|upkeep
|turn|13
|
|t:|1769325632
|move|p2a: Moltres|Fiery Wrath|p1a: Araquanid
|-damage|p1a: Araquanid|28/100
|move|p1a: Araquanid|Leech Life|p2a: Moltres
|-damage|p2a: Moltres|17/100
|-heal|p1a: Araquanid|45/100|[from] drain|[of] p2a: Moltres
|-ability|p2a: Moltres|Berserk|boost
|-boost|p2a: Moltres|spa|1
|
|-heal|p1a: Araquanid|51/100|[from] item: Leftovers
|-heal|p1a: Araquanid|57/100|[from] Aqua Ring
|upkeep
|turn|14
|
|t:|1769325643
|move|p2a: Moltres|Fiery Wrath|p1a: Araquanid
|-damage|p1a: Araquanid|18/100
|move|p1a: Araquanid|Leech Life|p2a: Moltres
|-damage|p2a: Moltres|0 fnt
|-heal|p1a: Araquanid|26/100|[from] drain|[of] p2a: Moltres
|faint|p2a: Moltres
|
|-heal|p1a: Araquanid|32/100|[from] item: Leftovers
|-heal|p1a: Araquanid|38/100|[from] Aqua Ring
|upkeep
|
|t:|1769325656
|switch|p2a: Zamazenta|Zamazenta|100/100
|-damage|p2a: Zamazenta|84/100|[from] Spikes
|-ability|p2a: Zamazenta|Dauntless Shield|boost
|-boost|p2a: Zamazenta|def|1
|turn|15
|
|t:|1769325671
|move|p1a: Araquanid|Liquidation|p2a: Zamazenta
|-damage|p2a: Zamazenta|51/100
|move|p2a: Zamazenta|Roar|p1a: Araquanid
|drag|p1a: Tinkaton|Tinkaton, F|100/100
|-ability|p1a: Tinkaton|Mold Breaker
|
|-heal|p2a: Zamazenta|57/100|[from] item: Leftovers
|upkeep
|turn|16
|
|t:|1769325681
|move|p2a: Zamazenta|Body Press|p1a: Tinkaton
|-damage|p1a: Tinkaton|57/100
|move|p1a: Tinkaton|Play Rough|p2a: Zamazenta
|-supereffective|p2a: Zamazenta
|-damage|p2a: Zamazenta|29/100
|
|-heal|p2a: Zamazenta|35/100|[from] item: Leftovers
|upkeep
|turn|17
|
|t:|1769325692
|move|p2a: Zamazenta|Body Press|p1a: Tinkaton
|-damage|p1a: Tinkaton|11/100
|move|p1a: Tinkaton|Play Rough|p2a: Zamazenta
|-supereffective|p2a: Zamazenta
|-damage|p2a: Zamazenta|8/100
|
|-heal|p2a: Zamazenta|14/100|[from] item: Leftovers
|upkeep
|turn|18
|
|t:|1769325704
|switch|p1a: Electrode|Electrode-Hisui|100/100
|move|p2a: Zamazenta|Body Press|p1a: Electrode
|-damage|p1a: Electrode|32/100
|-status|p2a: Zamazenta|par|[from] ability: Static|[of] p1a: Electrode
|
|-heal|p2a: Zamazenta|20/100 par|[from] item: Leftovers
|upkeep
|turn|19
|
|t:|1769325716
|move|p1a: Electrode|Energy Ball|p2a: Zamazenta
|-damage|p2a: Zamazenta|0 fnt
|faint|p2a: Zamazenta
|
|upkeep
|
|t:|1769325721
|switch|p2a: Indeedee|Indeedee-F, F|88/100 tox
|-damage|p2a: Indeedee|72/100 tox|[from] Spikes
|-fieldstart|move: Psychic Terrain|[from] ability: Psychic Surge|[of] p2a: Indeedee
|turn|20
|
|t:|1769325727
|move|p1a: Electrode|Grassy Terrain|p1a: Electrode
|-fieldstart|move: Grassy Terrain
|move|p2a: Indeedee|Light Screen|p2a: Indeedee
|-sidestart|p2: isoldyoufent|move: Light Screen
|
|-heal|p1a: Electrode|38/100|[from] Grassy Terrain
|-heal|p2a: Indeedee|78/100 tox|[from] Grassy Terrain
|-heal|p2a: Indeedee|84/100 tox|[from] item: Leftovers
|-damage|p2a: Indeedee|78/100 tox|[from] psn
|upkeep
|turn|21
|
|t:|1769325735
|move|p1a: Electrode|Reflect|p1a: Electrode
|-sidestart|p1: borill|Reflect
|move|p2a: Indeedee|Draining Kiss|p1a: Electrode
|-damage|p1a: Electrode|25/100
|-heal|p2a: Indeedee|87/100 tox|[from] drain|[of] p1a: Electrode
|
|-heal|p1a: Electrode|31/100|[from] Grassy Terrain
|-heal|p2a: Indeedee|93/100 tox|[from] Grassy Terrain
|-heal|p2a: Indeedee|99/100 tox|[from] item: Leftovers
|-damage|p2a: Indeedee|87/100 tox|[from] psn
|upkeep
|turn|22
|
|t:|1769325746
|switch|p2a: Deoxys|Deoxys-Speed|88/100
|-damage|p2a: Deoxys|71/100|[from] Spikes
|-ability|p2a: Deoxys|Pressure
|move|p1a: Electrode|Volt Switch|p2a: Deoxys
|-damage|p2a: Deoxys|55/100
|
|t:|1769325761
|switch|p1a: Talonflame|Talonflame, M|100/100|[from] Volt Switch
|
|-heal|p2a: Deoxys|61/100|[from] Grassy Terrain
|upkeep
|turn|23
|
|t:|1769325774
|move|p2a: Deoxys|Psycho Boost|p1a: Talonflame
|-damage|p1a: Talonflame|0 fnt
|-unboost|p2a: Deoxys|spa|2
|faint|p1a: Talonflame
|
|-heal|p2a: Deoxys|68/100|[from] Grassy Terrain
|upkeep
|
|t:|1769325782
|switch|p1a: Polteageist|Polteageist|100/100
|turn|24
|
|t:|1769325789
|switch|p2a: Indeedee|Indeedee-F, F|87/100 tox
|-damage|p2a: Indeedee|70/100 tox|[from] Spikes
|-fieldstart|move: Psychic Terrain|[from] ability: Psychic Surge|[of] p2a: Indeedee
|move|p1a: Polteageist|Shell Smash|p1a: Polteageist
|-unboost|p1a: Polteageist|def|1
|-unboost|p1a: Polteageist|spd|1
|-boost|p1a: Polteageist|atk|2
|-boost|p1a: Polteageist|spa|2
|-boost|p1a: Polteageist|spe|2
|-enditem|p1a: Polteageist|White Herb
|-clearnegativeboost|p1a: Polteageist|[silent]
|
|-heal|p2a: Indeedee|76/100 tox|[from] item: Leftovers
|-damage|p2a: Indeedee|70/100 tox|[from] psn
|-sideend|p2: isoldyoufent|move: Light Screen
|upkeep
|turn|25
|inactive|borill has 120 seconds left.
|
|t:|1769325826
|move|p1a: Polteageist|Poltergeist|p2a: Indeedee
|-immune|p2a: Indeedee
|move|p2a: Indeedee|Light Screen|p2a: Indeedee
|-sidestart|p2: isoldyoufent|move: Light Screen
|
|-heal|p2a: Indeedee|76/100 tox|[from] item: Leftovers
|-damage|p2a: Indeedee|64/100 tox|[from] psn
|-sideend|p1: borill|Reflect
|upkeep
|turn|26
|
|t:|1769325834
|move|p1a: Polteageist|Shell Smash|p1a: Polteageist
|-unboost|p1a: Polteageist|def|1
|-unboost|p1a: Polteageist|spd|1
|-boost|p1a: Polteageist|atk|2
|-boost|p1a: Polteageist|spa|2
|-boost|p1a: Polteageist|spe|2
|move|p2a: Indeedee|Draining Kiss|p1a: Polteageist
|-damage|p1a: Polteageist|83/100
|-heal|p2a: Indeedee|74/100 tox|[from] drain|[of] p1a: Polteageist
|
|-heal|p2a: Indeedee|80/100 tox|[from] item: Leftovers
|-damage|p2a: Indeedee|62/100 tox|[from] psn
|upkeep
|turn|27
|inactive|borill has 120 seconds left.
|
|t:|1769325846
|move|p1a: Polteageist|Stored Power|p2a: Indeedee
|-resisted|p2a: Indeedee
|-damage|p2a: Indeedee|0 fnt
|faint|p2a: Indeedee
|
|upkeep
|
|t:|1769325849
|switch|p2a: Deoxys|Deoxys-Speed|68/100
|-damage|p2a: Deoxys|51/100|[from] Spikes
|-ability|p2a: Deoxys|Pressure
|turn|28
|
|t:|1769325854
|move|p1a: Polteageist|Stored Power|p2a: Deoxys
|-resisted|p2a: Deoxys
|-damage|p2a: Deoxys|0 fnt
|faint|p2a: Deoxys
|
|-fieldend|move: Psychic Terrain
|upkeep
|
|t:|1769325856
|switch|p2a: Ogerpon|Ogerpon-Wellspring, F|100/100
|-damage|p2a: Ogerpon|84/100|[from] Spikes
|turn|29
|
|t:|1769325868
|move|p1a: Polteageist|Stored Power|p2a: Ogerpon
|-damage|p2a: Ogerpon|0 fnt
|faint|p2a: Ogerpon
|
|win|borill
|raw|borill's rating: 1094 &rarr; <strong>1118</strong><br />(+24 for winning)
|raw|isoldyoufent's rating: 1073 &rarr; <strong>1053</strong><br />(-20 for losing)
|l|☆isoldyoufent
|player|p2|
|l|☆borill
|player|p1|
