|j|☆woahwindow
|j|☆ghighas
|t:|1769404274
|gametype|singles
|player|p1|woahwindow|265|1338
|player|p2|ghighas|ghetsis|1331
|gen|9
|tier|[Gen 9] OU
|rated|
|rule|HP Percentage Mod: HP is shown in percentages
|rule|Endless Battle Clause: Forcing endless battles is banned
|rule|Species Clause: Limit one of each Pokémon
|rule|OHKO Clause: OHKO moves are banned
|rule|Evasion Items Clause: Evasion items are banned
|rule|Evasion Moves Clause: Evasion moves are banned
|rule|Evasion Abilities Clause: Evasion abilities are banned
|rule|Sleep Moves Clause: Sleep-inducing moves are banned
|clearpoke
|poke|p1|Garganacl, M|
|poke|p1|Darkrai|
|poke|p1|Great Tusk|
|poke|p1|Hatterene, F|
|poke|p1|Tornadus-Therian, M|
|poke|p1|Dragonite, M|
|poke|p2|Barraskewda, F|
|poke|p2|Pelipper, F|
|poke|p2|Dondozo, M|
|poke|p2|Goodra-Hisui, F|
|poke|p2|Ogerpon-Wellspring, F|
|poke|p2|Great Tusk|
|teampreview
|
|t:|1769404278
|teamsize|p1|6
|teamsize|p2|6
|start
|switch|p1a: Garganacl|Garganacl, M|100/100
|switch|p2a: Pelipper|Pelipper, F|100/100
|-weather|RainDance|[from] ability: Drizzle|[of] p2a: Pelipper
|turn|1
|
|t:|1769404280
|move|p2a: Pelipper|U-turn|p1a: Garganacl
|-damage|p1a: Garganacl|94/100
|
|t:|1769404281
|switch|p2a: Great Tusk|Great Tusk|100/100|[from] U-turn
|move|p1a: Garganacl|Salt Cure|p2a: Great Tusk
|-resisted|p2a: Great Tusk
|-damage|p2a: Great Tusk|98/100
|-start|p2a: Great Tusk|Salt Cure
|
|-weather|RainDance|[upkeep]
|-heal|p1a: Garganacl|99/100|[from] item: Leftovers
|-damage|p2a: Great Tusk|86/100|[from] Salt Cure
|upkeep
|turn|2
|
|t:|1769404287
|switch|p1a: Hatterene|Hatterene, F|100/100
|move|p2a: Great Tusk|Earthquake|p1a: Hatterene
|-damage|p1a: Hatterene|60/100
|
|-weather|RainDance|[upkeep]
|-damage|p2a: Great Tusk|73/100|[from] Salt Cure
|upkeep
|turn|3
|
|t:|1769404300
|-end|p2a: Great Tusk|Protosynthesis|[silent]
|switch|p2a: Goodra|Goodra-Hisui, F|100/100
|move|p1a: Hatterene|Future Sight|p2a: Goodra
|-start|p1a: Hatterene|move: Future Sight
|
|-weather|RainDance|[upkeep]
|upkeep
|turn|4
|
|t:|1769404307
|switch|p1a: Great Tusk|Great Tusk|100/100
|-enditem|p1a: Great Tusk|Booster Energy
|-activate|p1a: Great Tusk|ability: Protosynthesis|[fromitem]
|-start|p1a: Great Tusk|protosynthesisatk
|move|p2a: Goodra|Dragon Tail|p1a: Great Tusk
|-damage|p1a: Great Tusk|84/100
|-end|p1a: Great Tusk|Protosynthesis|[silent]
|drag|p1a: Hatterene|Hatterene, F|60/100
|
|-weather|RainDance|[upkeep]
|upkeep
|turn|5
|
|t:|1769404311
|move|p2a: Goodra|Flash Cannon|p1a: Hatterene
|-supereffective|p1a: Hatterene
|-damage|p1a: Hatterene|0 fnt
|faint|p1a: Hatterene
|
|-weather|RainDance|[upkeep]
|-end|p2a: Goodra|move: Future Sight
|-resisted|p2a: Goodra
|-damage|p2a: Goodra|86/100
|upkeep
|
|t:|1769404313
|switch|p1a: Great Tusk|Great Tusk|84/100
|turn|6
|j| ThatBrownBoy
|
|t:|1769404315
|switch|p2a: Pelipper|Pelipper, F|100/100
|move|p1a: Great Tusk|Headlong Rush|p2a: Pelipper
|-immune|p2a: Pelipper
|
|-weather|RainDance|[upkeep]
|upkeep
|turn|7
|
|t:|1769404323
|move|p1a: Great Tusk|Ice Spinner|p2a: Pelipper
|-damage|p2a: Pelipper|74/100
|move|p2a: Pelipper|U-turn|p1a: Great Tusk
|-resisted|p1a: Great Tusk
|-damage|p1a: Great Tusk|81/100
|
|t:|1769404325
|switch|p2a: Barraskewda|Barraskewda, F, shiny|100/100|[from] U-turn
|
|-weather|RainDance|[upkeep]
|upkeep
|turn|8
|
|t:|1769404329
|move|p2a: Barraskewda|Liquidation|p1a: Great Tusk
|-supereffective|p1a: Great Tusk
|-damage|p1a: Great Tusk|0 fnt
|faint|p1a: Great Tusk
|-end|p1a: Great Tusk|Protosynthesis|[silent]
|
|-weather|none
|upkeep
|
|t:|1769404332
|switch|p1a: Garganacl|Garganacl, M|99/100
|turn|9
|
|t:|1769404335
|-terastallize|p1a: Garganacl|Water
|move|p2a: Barraskewda|Liquidation|p1a: Garganacl
|-resisted|p1a: Garganacl
|-damage|p1a: Garganacl|78/100
|move|p1a: Garganacl|Salt Cure|p2a: Barraskewda
|-damage|p2a: Barraskewda|73/100
|-start|p2a: Barraskewda|Salt Cure
|
|-heal|p1a: Garganacl|84/100|[from] item: Leftovers
|-damage|p2a: Barraskewda|48/100|[from] Salt Cure
|upkeep
|turn|10
|
|t:|1769404341
|switch|p2a: Great Tusk|Great Tusk|73/100
|move|p1a: Garganacl|Stealth Rock|p2a: Great Tusk
|-sidestart|p2: ghighas|move: Stealth Rock
|
|-heal|p1a: Garganacl|91/100|[from] item: Leftovers
|upkeep
|turn|11
|inactive|Battle timer is ON: inactive players will automatically lose when time's up. (requested by woahwindow)
|
|t:|1769404345
|move|p2a: Great Tusk|Stealth Rock|p1a: Garganacl
|-sidestart|p1: woahwindow|move: Stealth Rock
|move|p1a: Garganacl|Salt Cure|p2a: Great Tusk
|-resisted|p2a: Great Tusk
|-damage|p2a: Great Tusk|71/100
|-start|p2a: Great Tusk|Salt Cure
|
|-heal|p1a: Garganacl|97/100|[from] item: Leftovers
|-damage|p2a: Great Tusk|59/100|[from] Salt Cure
|upkeep
|turn|12
|
|t:|1769404353
|move|p2a: Great Tusk|Rapid Spin|p1a: Garganacl
|-damage|p1a: Garganacl|87/100
|-boost|p2a: Great Tusk|spe|1
|-sideend|p2: ghighas|Stealth Rock|[from] move: Rapid Spin|[of] p2a: Great Tusk
|move|p1a: Garganacl|Salt Cure|p2a: Great Tusk
|-resisted|p2a: Great Tusk
|-damage|p2a: Great Tusk|57/100
|
|-heal|p1a: Garganacl|93/100|[from] item: Leftovers
|-damage|p2a: Great Tusk|44/100|[from] Salt Cure
|upkeep
|turn|13
|
|t:|1769404361
|-end|p2a: Great Tusk|Protosynthesis|[silent]
|switch|p2a: Ogerpon|Ogerpon-Wellspring, F|100/100
|move|p1a: Garganacl|Stealth Rock|p2a: Ogerpon
|-sidestart|p2: ghighas|move: Stealth Rock
|
|-heal|p1a: Garganacl|99/100|[from] item: Leftovers
|upkeep
|turn|14
|
|t:|1769404368
|move|p2a: Ogerpon|Swords Dance|p2a: Ogerpon
|-boost|p2a: Ogerpon|atk|2
|move|p1a: Garganacl|Salt Cure|p2a: Ogerpon
|-damage|p2a: Ogerpon|83/100
|-start|p2a: Ogerpon|Salt Cure
|
|-heal|p1a: Garganacl|100/100|[from] item: Leftovers
|-damage|p2a: Ogerpon|58/100|[from] Salt Cure
|upkeep
|turn|15
|
|t:|1769404371
|switch|p1a: Dragonite|Dragonite, M|100/100
|-damage|p1a: Dragonite|76/100|[from] Stealth Rock
|move|p2a: Ogerpon|Horn Leech|p1a: Dragonite
|-resisted|p1a: Dragonite
|-damage|p1a: Dragonite|55/100
|-heal|p2a: Ogerpon|70/100|[from] drain|[of] p1a: Dragonite
|
|-damage|p2a: Ogerpon|45/100|[from] Salt Cure
|upkeep
|turn|16
|
|t:|1769404375
|switch|p2a: Dondozo|Dondozo, M|100/100
|-damage|p2a: Dondozo|88/100|[from] Stealth Rock
|move|p1a: Dragonite|Extreme Speed|p2a: Dondozo
|-damage|p2a: Dondozo|70/100
|
|-heal|p2a: Dondozo|76/100|[from] item: Leftovers
|upkeep
|turn|17
|
|t:|1769404380
|move|p1a: Dragonite|Roost|p1a: Dragonite
|-heal|p1a: Dragonite|100/100
|-singleturn|p1a: Dragonite|move: Roost
|move|p2a: Dondozo|Body Press|p1a: Dragonite
|-damage|p1a: Dragonite|88/100
|
|-heal|p2a: Dondozo|83/100|[from] item: Leftovers
|upkeep
|turn|18
|
|t:|1769404385
|switch|p1a: Tornadus|Tornadus-Therian, M, shiny|100/100
|-damage|p1a: Tornadus|76/100|[from] Stealth Rock
|-terastallize|p2a: Dondozo|Fighting
|move|p2a: Dondozo|Wave Crash|p1a: Tornadus
|-damage|p1a: Tornadus|29/100
|-damage|p2a: Dondozo|72/100|[from] Recoil
|
|-heal|p2a: Dondozo|78/100|[from] item: Leftovers
|upkeep
|turn|19
|
|t:|1769404389
|switch|p2a: Pelipper|Pelipper, F|74/100
|-damage|p2a: Pelipper|49/100|[from] Stealth Rock
|-weather|RainDance|[from] ability: Drizzle|[of] p2a: Pelipper
|move|p1a: Tornadus|Bleakwind Storm|p2a: Pelipper
|-damage|p2a: Pelipper|8/100
|-unboost|p2a: Pelipper|spe|1
|
|-weather|RainDance|[upkeep]
|upkeep
|turn|20
|
|t:|1769404392
|move|p1a: Tornadus|U-turn|p2a: Pelipper
|-resisted|p2a: Pelipper
|-damage|p2a: Pelipper|1/100
|
|t:|1769404394
|switch|p1a: Dragonite|Dragonite, M|88/100|[from] U-turn
|-damage|p1a: Dragonite|63/100|[from] Stealth Rock
|move|p2a: Pelipper|U-turn|p1a: Dragonite
|-resisted|p1a: Dragonite
|-damage|p1a: Dragonite|59/100
|
|t:|1769404396
|switch|p2a: Dondozo|Dondozo, M, tera:Fighting|78/100|[from] U-turn
|-damage|p2a: Dondozo|72/100|[from] Stealth Rock
|
|-weather|RainDance|[upkeep]
|-heal|p2a: Dondozo|78/100|[from] item: Leftovers
|upkeep
|turn|21
|
|t:|1769404400
|move|p1a: Dragonite|Roost|p1a: Dragonite
|-heal|p1a: Dragonite|100/100
|-singleturn|p1a: Dragonite|move: Roost
|move|p2a: Dondozo|Wave Crash|p1a: Dragonite
|-resisted|p1a: Dragonite
|-damage|p1a: Dragonite|84/100
|-damage|p2a: Dondozo|74/100|[from] Recoil
|
|-weather|RainDance|[upkeep]
|-heal|p2a: Dondozo|80/100|[from] item: Leftovers
|upkeep
|turn|22
|
|t:|1769404412
|move|p1a: Dragonite|Dragon Dance|p1a: Dragonite
|-boost|p1a: Dragonite|atk|1
|-boost|p1a: Dragonite|spe|1
|move|p2a: Dondozo|Wave Crash|p1a: Dragonite
|-resisted|p1a: Dragonite
|-crit|p1a: Dragonite
|-damage|p1a: Dragonite|42/100
|-damage|p2a: Dondozo|70/100|[from] Recoil
|
|-weather|RainDance|[upkeep]
|-heal|p2a: Dondozo|76/100|[from] item: Leftovers
|upkeep
|turn|23
|
|t:|1769404414
|move|p1a: Dragonite|Roost|p1a: Dragonite
|-heal|p1a: Dragonite|92/100
|-singleturn|p1a: Dragonite|move: Roost
|move|p2a: Dondozo|Curse|p2a: Dondozo
|-unboost|p2a: Dondozo|spe|1
|-boost|p2a: Dondozo|atk|1
|-boost|p2a: Dondozo|def|1
|
|-weather|RainDance|[upkeep]
|-heal|p2a: Dondozo|82/100|[from] item: Leftovers
|upkeep
|turn|24
|
|t:|1769404417
|switch|p1a: Tornadus|Tornadus-Therian, M, shiny|63/100
|-damage|p1a: Tornadus|38/100|[from] Stealth Rock
|move|p2a: Dondozo|Wave Crash|p1a: Tornadus
|-damage|p1a: Tornadus|0 fnt
|faint|p1a: Tornadus
|-damage|p2a: Dondozo|74/100|[from] Recoil
|
|-weather|RainDance|[upkeep]
|-heal|p2a: Dondozo|80/100|[from] item: Leftovers
|upkeep
|
|t:|1769404419
|switch|p1a: Darkrai|Darkrai|100/100
|-damage|p1a: Darkrai|88/100|[from] Stealth Rock
|turn|25
|
|t:|1769404423
|switch|p2a: Pelipper|Pelipper, F|1/100
|-damage|p2a: Pelipper|0 fnt|[from] Stealth Rock
|faint|p2a: Pelipper
|move|p1a: Darkrai|Psychic|p2: Pelipper|[notarget]
|-fail|p1a: Darkrai
|
|-weather|RainDance|[upkeep]
|upkeep
|
|t:|1769404424
|switch|p2a: Barraskewda|Barraskewda, F, shiny|48/100
|-damage|p2a: Barraskewda|36/100|[from] Stealth Rock
|turn|26
|
|t:|1769404428
|switch|p1a: Garganacl|Garganacl, M, tera:Water|100/100
|-damage|p1a: Garganacl|88/100|[from] Stealth Rock
|move|p2a: Barraskewda|Liquidation|p1a: Garganacl
|-resisted|p1a: Garganacl
|-damage|p1a: Garganacl|51/100
|
|-weather|none
|-heal|p1a: Garganacl|58/100|[from] item: Leftovers
|upkeep
|turn|27
|
|t:|1769404431
|move|p2a: Barraskewda|Liquidation|p1a: Garganacl
|-resisted|p1a: Garganacl
|-damage|p1a: Garganacl|36/100
|move|p1a: Garganacl|Salt Cure|p2a: Barraskewda
|-damage|p2a: Barraskewda|8/100
|-start|p2a: Barraskewda|Salt Cure
|
|-heal|p1a: Garganacl|42/100|[from] item: Leftovers
|-damage|p2a: Barraskewda|0 fnt|[from] Salt Cure
|faint|p2a: Barraskewda
|upkeep
|
|t:|1769404432
|switch|p2a: Ogerpon|Ogerpon-Wellspring, F|45/100
|-damage|p2a: Ogerpon|33/100|[from] Stealth Rock
|turn|28
|
|t:|1769404436
|move|p2a: Ogerpon|Knock Off|p1a: Garganacl
|-damage|p1a: Garganacl|18/100
|-enditem|p1a: Garganacl|Leftovers|[from] move: Knock Off|[of] p2a: Ogerpon
|move|p1a: Garganacl|Recover|p1a: Garganacl
|-heal|p1a: Garganacl|68/100
|
|upkeep
|turn|29
|
|t:|1769404440
|switch|p1a: Dragonite|Dragonite, M|92/100
|-damage|p1a: Dragonite|67/100|[from] Stealth Rock
|move|p2a: Ogerpon|Horn Leech|p1a: Dragonite
|-resisted|p1a: Dragonite
|-damage|p1a: Dragonite|56/100
|-heal|p2a: Ogerpon|40/100|[from] drain|[of] p1a: Dragonite
|
|upkeep
|turn|30
|
|t:|1769404455
|move|p2a: Ogerpon|Knock Off|p1a: Dragonite
|-damage|p1a: Dragonite|15/100
|-enditem|p1a: Dragonite|Silk Scarf|[from] move: Knock Off|[of] p2a: Ogerpon
|move|p1a: Dragonite|Roost|p1a: Dragonite
|-heal|p1a: Dragonite|66/100
|-singleturn|p1a: Dragonite|move: Roost
|
|upkeep
|turn|31
|
|t:|1769404461
|switch|p2a: Dondozo|Dondozo, M, tera:Fighting|80/100
|-damage|p2a: Dondozo|74/100|[from] Stealth Rock
|move|p1a: Dragonite|Roost|p1a: Dragonite
|-heal|p1a: Dragonite|100/100
|-singleturn|p1a: Dragonite|move: Roost
|
|-heal|p2a: Dondozo|80/100|[from] item: Leftovers
|upkeep
|turn|32
|
|t:|1769404467
|switch|p1a: Garganacl|Garganacl, M, tera:Water|68/100
|-damage|p1a: Garganacl|55/100|[from] Stealth Rock
|move|p2a: Dondozo|Body Press|p1a: Garganacl
|-damage|p1a: Garganacl|26/100
|
|-heal|p2a: Dondozo|86/100|[from] item: Leftovers
|upkeep
|turn|33
|
|t:|1769404470
|move|p1a: Garganacl|Protect|p1a: Garganacl
|-singleturn|p1a: Garganacl|Protect
|move|p2a: Dondozo|Body Press|p1a: Garganacl
|-activate|p1a: Garganacl|move: Protect
|
|-heal|p2a: Dondozo|92/100|[from] item: Leftovers
|upkeep
|turn|34
|
|t:|1769404473
|move|p1a: Garganacl|Recover|p1a: Garganacl
|-heal|p1a: Garganacl|76/100
|move|p2a: Dondozo|Body Press|p1a: Garganacl
|-damage|p1a: Garganacl|48/100
|
|-heal|p2a: Dondozo|98/100|[from] item: Leftovers
|upkeep
|turn|35
|
|t:|1769404476
|move|p1a: Garganacl|Recover|p1a: Garganacl
|-heal|p1a: Garganacl|98/100
|move|p2a: Dondozo|Curse|p2a: Dondozo
|-unboost|p2a: Dondozo|spe|1
|-boost|p2a: Dondozo|atk|1
|-boost|p2a: Dondozo|def|1
|
|-heal|p2a: Dondozo|100/100|[from] item: Leftovers
|upkeep
|turn|36
|
|t:|1769404479
|move|p1a: Garganacl|Salt Cure|p2a: Dondozo
|-resisted|p2a: Dondozo
|-damage|p2a: Dondozo|98/100
|-start|p2a: Dondozo|Salt Cure
|move|p2a: Dondozo|Body Press|p1a: Garganacl
|-damage|p1a: Garganacl|55/100
|
|-heal|p2a: Dondozo|100/100|[from] item: Leftovers
|-damage|p2a: Dondozo|88/100|[from] Salt Cure
|upkeep
|turn|37
|
|t:|1769404482
|switch|p1a: Darkrai|Darkrai|88/100
|-damage|p1a: Darkrai|76/100|[from] Stealth Rock
|move|p2a: Dondozo|Body Press|p1a: Darkrai
|-supereffective|p1a: Darkrai
|-damage|p1a: Darkrai|0 fnt
|faint|p1a: Darkrai
|
|-heal|p2a: Dondozo|94/100|[from] item: Leftovers
|-damage|p2a: Dondozo|82/100|[from] Salt Cure
|upkeep
|
|t:|1769404485
|switch|p1a: Dragonite|Dragonite, M|100/100
|-damage|p1a: Dragonite|76/100|[from] Stealth Rock
|turn|38
|-message|woahwindow forfeited.
|
|win|ghighas
|raw|woahwindow's rating: 1338 &rarr; <strong>1318</strong><br />(-20 for losing)
|raw|ghighas's rating: 1331 &rarr; <strong>1351</strong><br />(+20 for winning)
|l|☆woahwindow
|player|p1|
|l|☆ghighas
|player|p2|
