|j|☆shadow09
|j|☆uotab
|t:|1769383848
|gametype|singles
|player|p1|shadow09|riley|1221
|player|p2|uotab|lucas|1229
|gen|9
|tier|[Gen 9] OU
|rated|
|rule|HP Percentage Mod: HP is shown in percentages
|rule|Endless Battle Clause: Forcing endless battles is banned
|rule|Species Clause: Limit one of each Pokémon
|rule|OHKO Clause: OHKO moves are banned
|rule|Evasion Items Clause: Evasion items are banned
|rule|Evasion Moves Clause: Evasion moves are banned
|rule|Evasion Abilities Clause: Evasion abilities are banned
|rule|Sleep Moves Clause: Sleep-inducing moves are banned
|clearpoke
|poke|p1|Lucario, M|
|poke|p1|Espeon, F|
|poke|p1|Corviknight, M|
|poke|p1|Garchomp, M|
|poke|p1|Gardevoir, F|
|poke|p1|Milotic, F|
|poke|p2|Iron Valiant|
|poke|p2|Dragapult, M|
|poke|p2|Great Tusk|
|poke|p2|Dragonite, F|
|poke|p2|Cinderace, M|
|poke|p2|Ogerpon-Wellspring, F|
|teampreview
|
|t:|1769383856
|teamsize|p1|6
|teamsize|p2|6
|start
|switch|p1a: Gardevoir|Gardevoir, F, shiny|100/100
|switch|p2a: Great Tusk|Great Tusk|100/100
|turn|1
|l|☆uotab
|player|p2|
|j|☆uotab
|player|p2|uotab|lucas|
|
|t:|1769383898
|-end|p2a: Great Tusk|Protosynthesis|[silent]
|switch|p2a: Cinderace|Cinderace, M|100/100
|-ability|p1a: Gardevoir|Libero|Trace|[from] ability: Trace|[of] p2a: Cinderace
|move|p1a: Gardevoir|Moonblast|p2a: Cinderace
|-start|p1a: Gardevoir|typechange|Fairy|[from] ability: Libero
|-resisted|p2a: Cinderace
|-damage|p2a: Cinderace|65/100
|
|upkeep
|turn|2
|
|t:|1769383934
|move|p1a: Gardevoir|Moonblast|p2a: Cinderace
|-resisted|p2a: Cinderace
|-damage|p2a: Cinderace|30/100
|move|p2a: Cinderace|Pyro Ball|p1a: Gardevoir
|-damage|p1a: Gardevoir|5/100
|-status|p1a: Gardevoir|brn
|
|-damage|p1a: Gardevoir|0 fnt|[from] brn
|faint|p1a: Gardevoir
|upkeep
|
|t:|1769383941
|switch|p1a: Lucario|Lucario, M|100/100
|turn|3
|
|t:|1769383954
|move|p2a: Cinderace|Pyro Ball|p1a: Lucario
|-supereffective|p1a: Lucario
|-enditem|p1a: Lucario|Focus Sash
|-damage|p1a: Lucario|1/100
|move|p1a: Lucario|Swords Dance|p1a: Lucario
|-boost|p1a: Lucario|atk|2
|
|upkeep
|turn|4
|
|t:|1769383961
|move|p1a: Lucario|Extreme Speed|p2a: Cinderace
|-damage|p2a: Cinderace|0 fnt
|faint|p2a: Cinderace
|
|upkeep
|
|t:|1769383984
|switch|p2a: Great Tusk|Great Tusk|100/100
|turn|5
|
|t:|1769383988
|move|p1a: Lucario|Close Combat|p2a: Great Tusk
|-damage|p2a: Great Tusk|29/100
|-unboost|p1a: Lucario|def|1
|-unboost|p1a: Lucario|spd|1
|-damage|p1a: Lucario|0 fnt|[from] item: Rocky Helmet|[of] p2a: Great Tusk
|faint|p1a: Lucario
|move|p2a: Great Tusk|Rapid Spin|p1: Lucario|[notarget]
|-fail|p2a: Great Tusk
|
|upkeep
|
|t:|1769383997
|switch|p1a: Espeon|Espeon, F|100/100
|turn|6
|
|t:|1769384010
|-terastallize|p1a: Espeon|Ghost
|move|p1a: Espeon|Reflect|p1a: Espeon
|-sidestart|p1: shadow09|Reflect
|move|p2a: Great Tusk|Headlong Rush|p1a: Espeon
|-crit|p1a: Espeon
|-damage|p1a: Espeon|0 fnt
|-unboost|p2a: Great Tusk|def|1
|-unboost|p2a: Great Tusk|spd|1
|faint|p1a: Espeon
|
|upkeep
|
|t:|1769384017
|switch|p1a: Corviknight|Corviknight, M, shiny|100/100
|turn|7
|
|t:|1769384024
|move|p2a: Great Tusk|Stealth Rock|p1a: Corviknight
|-sidestart|p1: shadow09|move: Stealth Rock
|move|p1a: Corviknight|Agility|p1a: Corviknight
|-boost|p1a: Corviknight|spe|2
|
|upkeep
|turn|8
|
|t:|1769384063
|move|p1a: Corviknight|Agility|p1a: Corviknight
|-boost|p1a: Corviknight|spe|2
|move|p2a: Great Tusk|Ice Spinner|p1a: Corviknight
|-damage|p1a: Corviknight|92/100
|
|-heal|p1a: Corviknight|98/100|[from] item: Leftovers
|upkeep
|turn|9
|
|t:|1769384075
|move|p1a: Corviknight|Bulk Up|p1a: Corviknight
|-boost|p1a: Corviknight|atk|1
|-boost|p1a: Corviknight|def|1
|move|p2a: Great Tusk|Headlong Rush|p1a: Corviknight
|-immune|p1a: Corviknight
|
|-heal|p1a: Corviknight|100/100|[from] item: Leftovers
|upkeep
|turn|10
|
|t:|1769384085
|move|p1a: Corviknight|Bulk Up|p1a: Corviknight
|-boost|p1a: Corviknight|atk|1
|-boost|p1a: Corviknight|def|1
|move|p2a: Great Tusk|Ice Spinner|p1a: Corviknight
|-damage|p1a: Corviknight|96/100
|
|-heal|p1a: Corviknight|100/100|[from] item: Leftovers
|upkeep
|turn|11
|c|☆shadow09|GG
|
|t:|1769384106
|move|p1a: Corviknight|Bulk Up|p1a: Corviknight
|-boost|p1a: Corviknight|atk|1
|-boost|p1a: Corviknight|def|1
|move|p2a: Great Tusk|Ice Spinner|p1a: Corviknight
|-damage|p1a: Corviknight|97/100
|
|-heal|p1a: Corviknight|100/100|[from] item: Leftovers
|upkeep
|turn|12
|
|t:|1769384114
|-end|p2a: Great Tusk|Protosynthesis|[silent]
|switch|p2a: Dragapult|Dragapult, M|100/100
|move|p1a: Corviknight|Agility|p1a: Corviknight
|-boost|p1a: Corviknight|spe|2
|
|upkeep
|turn|13
|
|t:|1769384124
|-terastallize|p2a: Dragapult|Ghost
|move|p1a: Corviknight|Power Trip|p2a: Dragapult
|-supereffective|p2a: Dragapult
|-damage|p2a: Dragapult|0 fnt
|faint|p2a: Dragapult
|
|-sideend|p1: shadow09|Reflect
|upkeep
|
|t:|1769384139
|switch|p2a: Dragonite|Dragonite, F|100/100
|turn|14
|
|t:|1769384146
|move|p2a: Dragonite|Extreme Speed|p1a: Corviknight
|-resisted|p1a: Corviknight
|-damage|p1a: Corviknight|96/100
|move|p1a: Corviknight|Power Trip|p2a: Dragonite
|-damage|p2a: Dragonite|31/100
|
|-heal|p1a: Corviknight|100/100|[from] item: Leftovers
|upkeep
|turn|15
|
|t:|1769384157
|move|p1a: Corviknight|Power Trip|p2a: Dragonite
|-damage|p2a: Dragonite|0 fnt
|faint|p2a: Dragonite
|
|upkeep
|
|t:|1769384163
|switch|p2a: Iron Valiant|Iron Valiant|100/100
|-enditem|p2a: Iron Valiant|Booster Energy
|-activate|p2a: Iron Valiant|ability: Quark Drive|[fromitem]
|-start|p2a: Iron Valiant|quarkdrivespe
|turn|16
|
|t:|1769384170
|move|p1a: Corviknight|Iron Head|p2a: Iron Valiant
|-supereffective|p2a: Iron Valiant
|-damage|p2a: Iron Valiant|0 fnt
|faint|p2a: Iron Valiant
|-end|p2a: Iron Valiant|Quark Drive|[silent]
|
|upkeep
|-message|uotab forfeited.
|
|win|shadow09
|raw|shadow09's rating: 1221 &rarr; <strong>1247</strong><br />(+26 for winning)
|raw|uotab's rating: 1229 &rarr; <strong>1203</strong><br />(-26 for losing)
|l|☆uotab
|player|p2|
|l|☆shadow09
|player|p1|
