|j|☆BIG NlGER RAPlST
|j|☆Marroco94
|t:|1769339564
|gametype|singles
|player|p1|BIG NlGER RAPlST|101|1160
|player|p2|Marroco94|brock-gen2|1150
|gen|9
|tier|[Gen 9] OU
|rated|
|rule|HP Percentage Mod: HP is shown in percentages
|rule|Endless Battle Clause: Forcing endless battles is banned
|rule|Species Clause: Limit one of each Pokémon
|rule|OHKO Clause: OHKO moves are banned
|rule|Evasion Items Clause: Evasion items are banned
|rule|Evasion Moves Clause: Evasion moves are banned
|rule|Evasion Abilities Clause: Evasion abilities are banned
|rule|Sleep Moves Clause: Sleep-inducing moves are banned
|clearpoke
|poke|p1|Barraskewda, F|
|poke|p1|Iron Treads|
|poke|p1|Hatterene, F|
|poke|p1|Zapdos|
|poke|p1|Pelipper, F|
|poke|p1|Toxicroak, F|
|poke|p2|Reuniclus, M|
|poke|p2|Gliscor, M|
|poke|p2|Ursaluna, M|
|poke|p2|Overqwil, M|
|poke|p2|Mimikyu, M|
|poke|p2|Slowbro, M|
|teampreview
|
|t:|1769339574
|teamsize|p1|6
|teamsize|p2|6
|start
|switch|p1a: Barraskewda|Barraskewda, F, shiny|100/100
|switch|p2a: Gliscor|Gliscor, M|100/100
|turn|1
|
|t:|1769339584
|switch|p2a: Slowbro|Slowbro, M|100/100
|move|p1a: Barraskewda|Flip Turn|p2a: Slowbro
|-resisted|p2a: Slowbro
|-damage|p2a: Slowbro|85/100
|
|t:|1769339589
|switch|p1a: Pelipper|Pelipper, F, shiny|100/100|[from] Flip Turn
|-weather|RainDance|[from] ability: Drizzle|[of] p1a: Pelipper
|
|-weather|RainDance|[upkeep]
|-heal|p2a: Slowbro|91/100|[from] item: Leftovers
|upkeep
|turn|2
|
|t:|1769339599
|-terastallize|p2a: Slowbro|Water
|move|p1a: Pelipper|Knock Off|p2a: Slowbro
|-damage|p2a: Slowbro|84/100
|-enditem|p2a: Slowbro|Leftovers|[from] move: Knock Off|[of] p1a: Pelipper
|move|p2a: Slowbro|Scald|p1a: Pelipper
|-resisted|p1a: Pelipper
|-crit|p1a: Pelipper
|-damage|p1a: Pelipper|61/100
|
|-weather|RainDance|[upkeep]
|upkeep
|turn|3
|
|t:|1769339609
|move|p1a: Pelipper|Roost|p1a: Pelipper
|-heal|p1a: Pelipper|100/100
|-singleturn|p1a: Pelipper|move: Roost
|move|p2a: Slowbro|Scald|p1a: Pelipper
|-resisted|p1a: Pelipper
|-damage|p1a: Pelipper|73/100
|
|-weather|RainDance|[upkeep]
|upkeep
|turn|4
|
|t:|1769339617
|move|p1a: Pelipper|U-turn|p2a: Slowbro
|-damage|p2a: Slowbro|78/100
|
|t:|1769339622
|switch|p1a: Toxicroak|Toxicroak, F, shiny|100/100|[from] U-turn
|move|p2a: Slowbro|Scald|p1a: Toxicroak
|-immune|p1a: Toxicroak|[from] ability: Dry Skin
|
|-weather|RainDance|[upkeep]
|upkeep
|turn|5
|
|t:|1769339639
|switch|p2a: Gliscor|Gliscor, M|100/100
|move|p1a: Toxicroak|Knock Off|p2a: Gliscor
|-damage|p2a: Gliscor|76/100
|-enditem|p2a: Gliscor|Toxic Orb|[from] move: Knock Off|[of] p1a: Toxicroak
|
|-weather|RainDance|[upkeep]
|upkeep
|turn|6
|-message|Marroco94 forfeited.
|
|win|BIG NlGER RAPlST
|raw|BIG NlGER RAPlST's rating: 1160 &rarr; <strong>1184</strong><br />(+24 for winning)
|raw|Marroco94's rating: 1150 &rarr; <strong>1126</strong><br />(-24 for losing)
|l|☆Marroco94
|player|p2|
