|j|☆Quarantinoo
|j|☆Belike
|t:|1769296067
|gametype|singles
|player|p1|Quarantinoo|265|1455
|player|p2|Belike|falkner|1451
|gen|9
|tier|[Gen 9] OU
|rated|
|rule|HP Percentage Mod: HP is shown in percentages
|rule|Endless Battle Clause: Forcing endless battles is banned
|rule|Species Clause: Limit one of each Pokémon
|rule|OHKO Clause: OHKO moves are banned
|rule|Evasion Items Clause: Evasion items are banned
|rule|Evasion Moves Clause: Evasion moves are banned
|rule|Evasion Abilities Clause: Evasion abilities are banned
|rule|Sleep Moves Clause: Sleep-inducing moves are banned
|clearpoke
|poke|p1|Bronzong|
|poke|p1|Clodsire, F|
|poke|p1|Gholdengo|
|poke|p1|Pecharunt|
|poke|p1|Chesnaught, F|
|poke|p1|Weavile, M|
|poke|p2|Scizor, M|
|poke|p2|Ceruledge, M|
|poke|p2|Slowking, M|
|poke|p2|Gholdengo|
|poke|p2|Iron Valiant|
|poke|p2|Great Tusk|
|teampreview
|inactive|Battle timer is ON: inactive players will automatically lose when time's up. (requested by Belike)
|inactive|Quarantinoo has 120 seconds left.
|
|t:|1769296110
|teamsize|p1|6
|teamsize|p2|6
|start
|switch|p1a: Bronzong|Bronzong|100/100
|switch|p2a: Scizor|Scizor, M|100/100
|turn|1
|
|t:|1769296116
|switch|p1a: Chesnaught|Chesnaught, F|100/100
|move|p2a: Scizor|Knock Off|p1a: Chesnaught
|-resisted|p1a: Chesnaught
|-damage|p1a: Chesnaught|86/100
|-damage|p2a: Scizor|84/100|[from] item: Rocky Helmet|[of] p1a: Chesnaught
|-enditem|p1a: Chesnaught|Rocky Helmet|[from] move: Knock Off|[of] p2a: Scizor
|
|upkeep
|turn|2
|
|t:|1769296125
|switch|p2a: Slowking|Slowking, M|100/100
|move|p1a: Chesnaught|Knock Off|p2a: Slowking
|-supereffective|p2a: Slowking
|-damage|p2a: Slowking|48/100
|-enditem|p2a: Slowking|Leftovers|[from] move: Knock Off|[of] p1a: Chesnaught
|
|upkeep
|turn|3
|
|t:|1769296136
|switch|p1a: Bronzong|Bronzong|100/100
|switch|p2a: Great Tusk|Great Tusk|100/100
|
|upkeep
|turn|4
|
|t:|1769296143
|-end|p2a: Great Tusk|Protosynthesis|[silent]
|switch|p2a: Scizor|Scizor, M|84/100
|move|p1a: Bronzong|Psychic Noise|p2a: Scizor
|-resisted|p2a: Scizor
|-damage|p2a: Scizor|70/100
|-start|p2a: Scizor|move: Heal Block
|
|upkeep
|turn|5
|
|t:|1769296149
|move|p2a: Scizor|U-turn|p1a: Bronzong
|-damage|p1a: Bronzong|50/100
|
|t:|1769296153
|switch|p2a: Gholdengo|Gholdengo|100/100|[from] U-turn
|-item|p2a: Gholdengo|Air Balloon
|move|p1a: Bronzong|Stealth Rock|p2a: Gholdengo
|-sidestart|p2: Belike|move: Stealth Rock
|
|-heal|p1a: Bronzong|56/100|[from] item: Leftovers
|upkeep
|turn|6
|
|t:|1769296159
|switch|p1a: Weavile|Weavile, M|100/100
|-ability|p1a: Weavile|Pressure
|move|p2a: Gholdengo|Make It Rain|p1a: Weavile
|-supereffective|p1a: Weavile
|-damage|p1a: Weavile|0 fnt
|-unboost|p2a: Gholdengo|spa|1
|faint|p1a: Weavile
|
|upkeep
|c|☆Belike|what a read
|
|t:|1769296174
|switch|p1a: Gholdengo|Gholdengo|100/100
|-item|p1a: Gholdengo|Air Balloon
|turn|7
|
|t:|1769296188
|switch|p2a: Slowking|Slowking, M|81/100
|-damage|p2a: Slowking|69/100|[from] Stealth Rock
|move|p1a: Gholdengo|Shadow Ball|p2a: Slowking
|-supereffective|p2a: Slowking
|-damage|p2a: Slowking|18/100
|
|upkeep
|turn|8
|
|t:|1769296198
|switch|p2a: Great Tusk|Great Tusk|100/100
|move|p1a: Gholdengo|Shadow Ball|p2a: Great Tusk
|-damage|p2a: Great Tusk|33/100
|
|upkeep
|turn|9
|
|t:|1769296202
|move|p2a: Great Tusk|Ice Spinner|p1a: Gholdengo
|-resisted|p1a: Gholdengo
|-damage|p1a: Gholdengo|86/100
|-enditem|p1a: Gholdengo|Air Balloon
|move|p1a: Gholdengo|Shadow Ball|p2a: Great Tusk
|-damage|p2a: Great Tusk|0 fnt
|faint|p2a: Great Tusk
|-end|p2a: Great Tusk|Protosynthesis|[silent]
|
|upkeep
|
|t:|1769296206
|switch|p2a: Ceruledge|Ceruledge, M|100/100
|-damage|p2a: Ceruledge|76/100|[from] Stealth Rock
|turn|10
|
|t:|1769296212
|-terastallize|p1a: Gholdengo|Steel
|move|p2a: Ceruledge|Substitute|p2a: Ceruledge
|-start|p2a: Ceruledge|Substitute
|-damage|p2a: Ceruledge|51/100
|move|p1a: Gholdengo|Shadow Ball|p2a: Ceruledge
|-supereffective|p2a: Ceruledge
|-end|p2a: Ceruledge|Substitute
|
|upkeep
|turn|11
|inactive|Quarantinoo has 120 seconds left.
|
|t:|1769296243
|switch|p1a: Pecharunt|Pecharunt|100/100
|move|p2a: Ceruledge|Bitter Blade|p1a: Pecharunt
|-damage|p1a: Pecharunt|70/100
|-heal|p2a: Ceruledge|71/100|[from] drain|[of] p1a: Pecharunt
|-damage|p2a: Ceruledge|61/100|[from] item: Life Orb
|
|upkeep
|turn|12
|inactive|Quarantinoo has 120 seconds left.
|
|t:|1769296257
|move|p2a: Ceruledge|Substitute|p2a: Ceruledge
|-start|p2a: Ceruledge|Substitute
|-damage|p2a: Ceruledge|36/100
|move|p1a: Pecharunt|Foul Play|p2a: Ceruledge
|-supereffective|p2a: Ceruledge
|-end|p2a: Ceruledge|Substitute
|
|upkeep
|turn|13
|
|t:|1769296266
|switch|p2a: Slowking|Slowking, M|52/100
|-damage|p2a: Slowking|39/100|[from] Stealth Rock
|move|p1a: Pecharunt|Foul Play|p2a: Slowking
|-supereffective|p2a: Slowking
|-damage|p2a: Slowking|9/100
|
|upkeep
|turn|14
|
|t:|1769296272
|move|p1a: Pecharunt|Foul Play|p2a: Slowking
|-supereffective|p2a: Slowking
|-damage|p2a: Slowking|0 fnt
|faint|p2a: Slowking
|
|upkeep
|
|t:|1769296278
|switch|p2a: Scizor|Scizor, M|70/100
|-damage|p2a: Scizor|58/100|[from] Stealth Rock
|turn|15
|
|t:|1769296294
|switch|p1a: Chesnaught|Chesnaught, F|86/100
|move|p2a: Scizor|U-turn|p1a: Chesnaught
|-damage|p1a: Chesnaught|53/100
|
|t:|1769296300
|switch|p2a: Ceruledge|Ceruledge, M|36/100|[from] U-turn
|-damage|p2a: Ceruledge|11/100|[from] Stealth Rock
|
|upkeep
|turn|16
|
|t:|1769296308
|move|p2a: Ceruledge|Shadow Sneak|p1a: Chesnaught
|-damage|p1a: Chesnaught|36/100
|-damage|p2a: Ceruledge|1/100|[from] item: Life Orb
|move|p1a: Chesnaught|Knock Off|p2a: Ceruledge
|-supereffective|p2a: Ceruledge
|-damage|p2a: Ceruledge|0 fnt
|-enditem|p2a: Ceruledge|Life Orb|[from] move: Knock Off|[of] p1a: Chesnaught
|faint|p2a: Ceruledge
|
|upkeep
|
|t:|1769296312
|switch|p2a: Iron Valiant|Iron Valiant|100/100
|-damage|p2a: Iron Valiant|94/100|[from] Stealth Rock
|-enditem|p2a: Iron Valiant|Booster Energy
|-activate|p2a: Iron Valiant|ability: Quark Drive|[fromitem]
|-start|p2a: Iron Valiant|quarkdrivespe
|turn|17
|
|t:|1769296319
|switch|p1a: Clodsire|Clodsire, F|100/100
|move|p2a: Iron Valiant|Moonblast|p1a: Clodsire
|-resisted|p1a: Clodsire
|-damage|p1a: Clodsire|88/100
|
|-heal|p1a: Clodsire|94/100|[from] item: Leftovers
|upkeep
|turn|18
|
|t:|1769296339
|switch|p1a: Gholdengo|Gholdengo, tera:Steel|86/100
|move|p2a: Iron Valiant|Taunt|p1a: Gholdengo
|-immune|p1a: Gholdengo|[from] ability: Good as Gold
|
|upkeep
|turn|19
|
|t:|1769296348
|switch|p1a: Clodsire|Clodsire, F|94/100
|-terastallize|p2a: Iron Valiant|Electric
|move|p2a: Iron Valiant|Calm Mind|p2a: Iron Valiant
|-boost|p2a: Iron Valiant|spa|1
|-boost|p2a: Iron Valiant|spd|1
|
|-heal|p1a: Clodsire|99/100|[from] item: Leftovers
|upkeep
|turn|20
|-message|Belike forfeited.
|
|win|Quarantinoo
|raw|Quarantinoo's rating: 1455 &rarr; <strong>1475</strong><br />(+20 for winning)
|raw|Belike's rating: 1451 &rarr; <strong>1431</strong><br />(-20 for losing)
|l|☆Belike
|player|p2|
|l|☆Quarantinoo
|player|p1|
