|j|☆HydraGoring
|j|☆timmytohns
|t:|1769412532
|gametype|singles
|player|p1|HydraGoring|ghetsis-gen5bw|1252
|player|p2|timmytohns|101|1256
|gen|9
|tier|[Gen 9] OU
|rated|
|rule|HP Percentage Mod: HP is shown in percentages
|rule|Endless Battle Clause: Forcing endless battles is banned
|rule|Species Clause: Limit one of each Pokémon
|rule|OHKO Clause: OHKO moves are banned
|rule|Evasion Items Clause: Evasion items are banned
|rule|Evasion Moves Clause: Evasion moves are banned
|rule|Evasion Abilities Clause: Evasion abilities are banned
|rule|Sleep Moves Clause: Sleep-inducing moves are banned
|clearpoke
|poke|p1|Ursaluna, M|
|poke|p1|Serperior, F|
|poke|p1|Heatran, F|
|poke|p1|Moltres-Galar|
|poke|p1|Garganacl, M|
|poke|p1|Kingambit, F|
|poke|p2|Ogerpon-Wellspring, F|
|poke|p2|Dragonite, M|
|poke|p2|Deoxys-Speed|
|poke|p2|Gholdengo|
|poke|p2|Samurott-Hisui, F|
|poke|p2|Zamazenta-*|
|teampreview
|inactive|Battle timer is ON: inactive players will automatically lose when time's up. (requested by timmytohns)
|
|t:|1769412537
|teamsize|p1|6
|teamsize|p2|6
|start
|switch|p1a: Your highness|Serperior, F, shiny|100/100
|switch|p2a: Deoxys|Deoxys-Speed|100/100
|-ability|p2a: Deoxys|Pressure
|turn|1
|
|t:|1769412547
|switch|p1a: Fire fighter|Heatran, F|100/100
|-item|p1a: Fire fighter|Air Balloon
|move|p2a: Deoxys|Taunt|p1a: Fire fighter
|-start|p1a: Fire fighter|move: Taunt
|
|upkeep
|turn|2
|
|t:|1769412556
|move|p2a: Deoxys|Stealth Rock|p1a: Fire fighter
|-sidestart|p1: HydraGoring|move: Stealth Rock
|move|p1a: Fire fighter|Magma Storm|p2a: Deoxys
|-damage|p2a: Deoxys|35/100
|-activate|p2a: Deoxys|move: Magma Storm|[of] p1a: Fire fighter
|
|-damage|p2a: Deoxys|23/100|[from] move: Magma Storm|[partiallytrapped]
|upkeep
|turn|3
|
|t:|1769412568
|move|p2a: Deoxys|Knock Off|p1a: Fire fighter
|-damage|p1a: Fire fighter|83/100
|-enditem|p1a: Fire fighter|Air Balloon
|move|p1a: Fire fighter|Flash Cannon|p2a: Deoxys
|-damage|p2a: Deoxys|0 fnt
|faint|p2a: Deoxys
|
|-end|p1a: Fire fighter|move: Taunt
|upkeep
|
|t:|1769412574
|switch|p2a: Samurott|Samurott-Hisui, F|100/100
|turn|4
|
|t:|1769412584
|switch|p1a: Your highness|Serperior, F, shiny|100/100
|-damage|p1a: Your highness|88/100|[from] Stealth Rock
|move|p2a: Samurott|Ceaseless Edge|p1a: Your highness
|-damage|p1a: Your highness|33/100
|-sidestart|p1: HydraGoring|Spikes
|
|-heal|p1a: Your highness|40/100|[from] item: Leftovers
|upkeep
|turn|5
|
|t:|1769412596
|move|p1a: Your highness|Giga Drain|p2a: Samurott
|-supereffective|p2a: Samurott
|-damage|p2a: Samurott|22/100
|-heal|p1a: Your highness|83/100|[from] drain|[of] p2a: Samurott
|move|p2a: Samurott|Ceaseless Edge|p1a: Your highness
|-damage|p1a: Your highness|30/100
|-sidestart|p1: HydraGoring|Spikes
|
|-heal|p1a: Your highness|37/100|[from] item: Leftovers
|upkeep
|turn|6
|
|t:|1769412606
|move|p2a: Samurott|Aqua Jet|p1a: Your highness
|-resisted|p1a: Your highness
|-crit|p1a: Your highness
|-damage|p1a: Your highness|21/100
|move|p1a: Your highness|Leaf Storm|p2a: Samurott
|-supereffective|p2a: Samurott
|-damage|p2a: Samurott|0 fnt
|-boost|p1a: Your highness|spa|2
|faint|p2a: Samurott
|
|-heal|p1a: Your highness|27/100|[from] item: Leftovers
|upkeep
|
|t:|1769412616
|switch|p2a: Zamazenta|Zamazenta|100/100
|-ability|p2a: Zamazenta|Dauntless Shield|boost
|-boost|p2a: Zamazenta|def|1
|turn|7
|
|t:|1769412627
|move|p2a: Zamazenta|Body Press|p1a: Your highness
|-damage|p1a: Your highness|0 fnt
|faint|p1a: Your highness
|
|upkeep
|
|t:|1769412633
|switch|p1a: Bird of doom|Moltres-Galar|100/100
|-damage|p1a: Bird of doom|76/100|[from] Stealth Rock
|turn|8
|inactive|timmytohns has 120 seconds left.
|
|t:|1769412664
|move|p1a: Bird of doom|Protect|p1a: Bird of doom
|-singleturn|p1a: Bird of doom|Protect
|move|p2a: Zamazenta|Body Press|p1a: Bird of doom
|-activate|p1a: Bird of doom|move: Protect
|
|-heal|p1a: Bird of doom|82/100|[from] item: Leftovers
|upkeep
|turn|9
|
|t:|1769412677
|move|p2a: Zamazenta|Body Press|p1a: Bird of doom
|-damage|p1a: Bird of doom|21/100
|-ability|p1a: Bird of doom|Berserk|boost
|-boost|p1a: Bird of doom|spa|1
|move|p1a: Bird of doom|Hurricane|p2a: Zamazenta
|-supereffective|p2a: Zamazenta
|-damage|p2a: Zamazenta|0 fnt
|faint|p2a: Zamazenta
|
|-heal|p1a: Bird of doom|27/100|[from] item: Leftovers
|upkeep
|
|t:|1769412685
|switch|p2a: Ogerpon|Ogerpon-Wellspring, F|100/100
|turn|10
|
|t:|1769412693
|move|p1a: Bird of doom|Protect|p1a: Bird of doom
|-singleturn|p1a: Bird of doom|Protect
|move|p2a: Ogerpon|Ivy Cudgel|p1a: Bird of doom|[anim] Ivy Cudgel Water
|-activate|p1a: Bird of doom|move: Protect
|
|-heal|p1a: Bird of doom|34/100|[from] item: Leftovers
|upkeep
|turn|11
|
|t:|1769412708
|move|p2a: Ogerpon|Ivy Cudgel|p1a: Bird of doom|[anim] Ivy Cudgel Water
|-damage|p1a: Bird of doom|0 fnt
|faint|p1a: Bird of doom
|
|upkeep
|
|t:|1769412714
|switch|p1a: S A L T Y|Garganacl, M, shiny|100/100
|-damage|p1a: S A L T Y|88/100|[from] Stealth Rock
|-damage|p1a: S A L T Y|72/100|[from] Spikes
|turn|12
|
|t:|1769412720
|move|p1a: S A L T Y|Protect|p1a: S A L T Y
|-singleturn|p1a: S A L T Y|Protect
|move|p2a: Ogerpon|Ivy Cudgel|p1a: S A L T Y|[anim] Ivy Cudgel Water
|-activate|p1a: S A L T Y|move: Protect
|
|-heal|p1a: S A L T Y|78/100|[from] item: Leftovers
|upkeep
|turn|13
|
|t:|1769412732
|-terastallize|p1a: S A L T Y|Ghost
|move|p2a: Ogerpon|Ivy Cudgel|p1a: S A L T Y|[anim] Ivy Cudgel Water
|-damage|p1a: S A L T Y|46/100
|move|p1a: S A L T Y|Salt Cure|p2a: Ogerpon
|-damage|p2a: Ogerpon|83/100
|-start|p2a: Ogerpon|Salt Cure
|
|-heal|p1a: S A L T Y|52/100|[from] item: Leftovers
|-damage|p2a: Ogerpon|58/100|[from] Salt Cure
|upkeep
|turn|14
|
|t:|1769412744
|move|p2a: Ogerpon|Swords Dance|p2a: Ogerpon
|-boost|p2a: Ogerpon|atk|2
|move|p1a: S A L T Y|Recover|p1a: S A L T Y
|-heal|p1a: S A L T Y|100/100
|
|-damage|p2a: Ogerpon|33/100|[from] Salt Cure
|upkeep
|turn|15
|
|t:|1769412754
|move|p1a: S A L T Y|Protect|p1a: S A L T Y
|-singleturn|p1a: S A L T Y|Protect
|move|p2a: Ogerpon|Knock Off|p1a: S A L T Y
|-activate|p1a: S A L T Y|move: Protect
|
|-damage|p2a: Ogerpon|8/100|[from] Salt Cure
|upkeep
|turn|16
|
|t:|1769412764
|switch|p1a: Fire fighter|Heatran, F|83/100
|-damage|p1a: Fire fighter|70/100|[from] Stealth Rock
|-damage|p1a: Fire fighter|54/100|[from] Spikes
|move|p2a: Ogerpon|Knock Off|p1a: Fire fighter
|-damage|p1a: Fire fighter|11/100
|
|-damage|p2a: Ogerpon|0 fnt|[from] Salt Cure
|faint|p2a: Ogerpon
|upkeep
|
|t:|1769412774
|switch|p2a: Dragonite|Dragonite, M|100/100
|turn|17
|
|t:|1769412791
|move|p2a: Dragonite|Dragon Dance|p2a: Dragonite
|-boost|p2a: Dragonite|atk|1
|-boost|p2a: Dragonite|spe|1
|move|p1a: Fire fighter|Magma Storm|p2a: Dragonite|[miss]
|-miss|p1a: Fire fighter|p2a: Dragonite
|
|upkeep
|turn|18
|
|t:|1769412799
|switch|p1a: Guts|Ursaluna, M, shiny|100/100
|-damage|p1a: Guts|94/100|[from] Stealth Rock
|-damage|p1a: Guts|78/100|[from] Spikes
|-terastallize|p2a: Dragonite|Flying
|move|p2a: Dragonite|Earthquake|p1a: Guts
|-crit|p1a: Guts
|-damage|p1a: Guts|22/100
|
|-status|p1a: Guts|brn|[from] item: Flame Orb
|upkeep
|turn|19
|
|t:|1769412815
|move|p2a: Dragonite|Tera Blast|p1a: Guts|[anim] Tera Blast Flying
|-damage|p1a: Guts|0 fnt
|faint|p1a: Guts
|
|upkeep
|
|t:|1769412821
|switch|p1a: S A L T Y|Garganacl, M, shiny, tera:Ghost|100/100
|-damage|p1a: S A L T Y|88/100|[from] Stealth Rock
|-damage|p1a: S A L T Y|72/100|[from] Spikes
|turn|20
|
|t:|1769412828
|move|p1a: S A L T Y|Protect|p1a: S A L T Y
|-singleturn|p1a: S A L T Y|Protect
|move|p2a: Dragonite|Tera Blast|p1a: S A L T Y|[anim] Tera Blast Flying
|-activate|p1a: S A L T Y|move: Protect
|
|-heal|p1a: S A L T Y|78/100|[from] item: Leftovers
|upkeep
|turn|21
|
|t:|1769412838
|move|p2a: Dragonite|Tera Blast|p1a: S A L T Y|[anim] Tera Blast Flying
|-damage|p1a: S A L T Y|36/100
|move|p1a: S A L T Y|Salt Cure|p2a: Dragonite
|-supereffective|p2a: Dragonite
|-damage|p2a: Dragonite|85/100
|-start|p2a: Dragonite|Salt Cure
|
|-heal|p1a: S A L T Y|42/100|[from] item: Leftovers
|-damage|p2a: Dragonite|73/100|[from] Salt Cure
|upkeep
|turn|22
|
|t:|1769412850
|move|p1a: S A L T Y|Protect|p1a: S A L T Y
|-singleturn|p1a: S A L T Y|Protect
|move|p2a: Dragonite|Dragon Dance|p2a: Dragonite
|-boost|p2a: Dragonite|atk|1
|-boost|p2a: Dragonite|spe|1
|
|-heal|p1a: S A L T Y|49/100|[from] item: Leftovers
|-damage|p2a: Dragonite|61/100|[from] Salt Cure
|upkeep
|turn|23
|
|t:|1769412862
|move|p2a: Dragonite|Tera Blast|p1a: S A L T Y|[anim] Tera Blast Flying
|-damage|p1a: S A L T Y|0 fnt
|faint|p1a: S A L T Y
|
|-damage|p2a: Dragonite|48/100|[from] Salt Cure
|upkeep
|
|t:|1769412869
|switch|p1a: Fire fighter|Heatran, F|11/100
|-damage|p1a: Fire fighter|0 fnt|[from] Stealth Rock
|faint|p1a: Fire fighter
|
|t:|1769412875
|switch|p1a: Menace|Kingambit, F, shiny|100/100
|-damage|p1a: Menace|94/100|[from] Stealth Rock
|-damage|p1a: Menace|78/100|[from] Spikes
|-activate|p1a: Menace|ability: Supreme Overlord
|-start|p1a: Menace|fallen5|[silent]
|turn|24
|
|t:|1769412895
|move|p1a: Menace|Sucker Punch||[still]
|-fail|p1a: Menace
|move|p2a: Dragonite|Roost|p2a: Dragonite
|-heal|p2a: Dragonite|98/100
|-hint|If a Terastallized Pokemon uses Roost, it remains Flying-type.
|
|-damage|p2a: Dragonite|86/100|[from] Salt Cure
|upkeep
|turn|25
|c|☆timmytohns|gg
|
|t:|1769412902
|move|p2a: Dragonite|Earthquake|p1a: Menace
|-supereffective|p1a: Menace
|-damage|p1a: Menace|0 fnt
|faint|p1a: Menace
|-end|p1a: Menace|fallen5|[silent]
|
|win|timmytohns
|raw|HydraGoring's rating: 1252 &rarr; <strong>1227</strong><br />(-25 for losing)
|raw|timmytohns's rating: 1256 &rarr; <strong>1281</strong><br />(+25 for winning)
