|j|☆pipipipichu
|j|☆YumeKasumi76
|t:|1769400910
|gametype|singles
|player|p1|pipipipichu|red|1361
|player|p2|YumeKasumi76|266|1265
|gen|9
|tier|[Gen 9] OU
|rated|
|rule|HP Percentage Mod: HP is shown in percentages
|rule|Endless Battle Clause: Forcing endless battles is banned
|rule|Species Clause: Limit one of each Pokémon
|rule|OHKO Clause: OHKO moves are banned
|rule|Evasion Items Clause: Evasion items are banned
|rule|Evasion Moves Clause: Evasion moves are banned
|rule|Evasion Abilities Clause: Evasion abilities are banned
|rule|Sleep Moves Clause: Sleep-inducing moves are banned
|clearpoke
|poke|p1|Gholdengo|
|poke|p1|Darkrai|
|poke|p1|Clefable, F|
|poke|p1|Ting-Lu|
|poke|p1|Dragonite, F|
|poke|p1|Pecharunt|
|poke|p2|Dragapult, M|
|poke|p2|Bisharp, F|
|poke|p2|Glimmora, F|
|poke|p2|Entei|
|poke|p2|Veluza, F|
|poke|p2|Braviary-Hisui, M|
|teampreview
|inactive|Battle timer is ON: inactive players will automatically lose when time's up. (requested by YumeKasumi76)
|inactive|pipipipichu has 120 seconds left.
|inactive|pipipipichu has 90 seconds left.
|
|t:|1769400986
|teamsize|p1|6
|teamsize|p2|6
|start
|switch|p1a: Gholdengo|Gholdengo|100/100
|switch|p2a: Sovereign|Entei|100/100
|turn|1
|inactive|pipipipichu has 120 seconds left.
|
|t:|1769401017
|switch|p1a: Pecharunt|Pecharunt|100/100
|move|p2a: Sovereign|Sacred Fire|p1a: Pecharunt|[miss]
|-miss|p2a: Sovereign|p1a: Pecharunt
|
|upkeep
|turn|2
|inactive|pipipipichu has 120 seconds left.
|
|t:|1769401035
|switch|p1a: Ting-Lu|Ting-Lu|100/100
|-ability|p1a: Ting-Lu|Vessel of Ruin
|switch|p2a: Bellator|Bisharp, F, shiny|100/100
|
|upkeep
|turn|3
|inactive|pipipipichu has 120 seconds left.
|
|t:|1769401040
|move|p2a: Bellator|Swords Dance|p2a: Bellator
|-boost|p2a: Bellator|atk|2
|move|p1a: Ting-Lu|Stealth Rock|p2a: Bellator
|-sidestart|p2: YumeKasumi76|move: Stealth Rock
|
|upkeep
|turn|4
|
|t:|1769401043
|move|p2a: Bellator|Iron Head|p1a: Ting-Lu
|-damage|p1a: Ting-Lu|60/100
|-enditem|p1a: Ting-Lu|Red Card|[of] p2a: Bellator
|drag|p2a: Hikari|Glimmora, F|100/100
|-damage|p2a: Hikari|88/100|[from] Stealth Rock
|move|p1a: Ting-Lu|Whirlwind|p2a: Hikari
|drag|p2a: Mentalist|Braviary-Hisui, M|100/100
|-damage|p2a: Mentalist|76/100|[from] Stealth Rock
|
|upkeep
|turn|5
|
|t:|1769401051
|move|p2a: Mentalist|Roost|p2a: Mentalist
|-heal|p2a: Mentalist|100/100
|-singleturn|p2a: Mentalist|move: Roost
|move|p1a: Ting-Lu|Spikes|p2a: Mentalist
|-sidestart|p2: YumeKasumi76|Spikes
|
|upkeep
|turn|6
|
|t:|1769401056
|move|p2a: Mentalist|Hurricane|p1a: Ting-Lu|[miss]
|-miss|p2a: Mentalist|p1a: Ting-Lu
|move|p1a: Ting-Lu|Spikes|p2a: Mentalist
|-sidestart|p2: YumeKasumi76|Spikes
|
|upkeep
|turn|7
|
|t:|1769401061
|move|p2a: Mentalist|Hurricane|p1a: Ting-Lu|[miss]
|-miss|p2a: Mentalist|p1a: Ting-Lu
|move|p1a: Ting-Lu|Spikes|p2a: Mentalist
|-sidestart|p2: YumeKasumi76|Spikes
|
|upkeep
|turn|8
|
|t:|1769401064
|move|p2a: Mentalist|Hurricane|p1a: Ting-Lu
|-damage|p1a: Ting-Lu|36/100
|move|p1a: Ting-Lu|Whirlwind|p2a: Mentalist
|drag|p2a: Riamare|Veluza, F, shiny|100/100
|-damage|p2a: Riamare|88/100|[from] Stealth Rock
|-damage|p2a: Riamare|63/100|[from] Spikes
|
|upkeep
|turn|9
|
|t:|1769401076
|move|p2a: Riamare|Aqua Cutter|p1a: Ting-Lu
|-supereffective|p1a: Ting-Lu
|-damage|p1a: Ting-Lu|0 fnt
|faint|p1a: Ting-Lu
|
|upkeep
|
|t:|1769401080
|switch|p1a: Gholdengo|Gholdengo|100/100
|turn|10
|
|t:|1769401084
|-terastallize|p2a: Riamare|Dark
|move|p1a: Gholdengo|Shadow Ball|p2a: Riamare
|-resisted|p2a: Riamare
|-damage|p2a: Riamare|30/100
|-enditem|p2a: Riamare|Sitrus Berry|[eat]
|-heal|p2a: Riamare|55/100|[from] item: Sitrus Berry
|move|p2a: Riamare|Night Slash|p1a: Gholdengo
|-supereffective|p1a: Gholdengo
|-crit|p1a: Gholdengo
|-damage|p1a: Gholdengo|0 fnt
|faint|p1a: Gholdengo
|
|upkeep
|
|t:|1769401098
|switch|p1a: Dragonite|Dragonite, F|100/100
|turn|11
|
|t:|1769401104
|move|p1a: Dragonite|Dragon Dance|p1a: Dragonite
|-boost|p1a: Dragonite|atk|1
|-boost|p1a: Dragonite|spe|1
|move|p2a: Riamare|Night Slash|p1a: Dragonite
|-damage|p1a: Dragonite|70/100
|
|upkeep
|turn|12
|
|t:|1769401107
|move|p1a: Dragonite|Extreme Speed|p2a: Riamare
|-damage|p2a: Riamare|0 fnt
|faint|p2a: Riamare
|
|upkeep
|
|t:|1769401109
|switch|p2a: Railgun|Dragapult, M|100/100
|-damage|p2a: Railgun|88/100|[from] Stealth Rock
|-damage|p2a: Railgun|63/100|[from] Spikes
|turn|13
|
|t:|1769401120
|-terastallize|p1a: Dragonite|Normal
|move|p2a: Railgun|Reflect|p2a: Railgun
|-sidestart|p2: YumeKasumi76|Reflect
|move|p1a: Dragonite|Roost|p1a: Dragonite
|-heal|p1a: Dragonite|100/100
|
|upkeep
|turn|14
|
|t:|1769401128
|switch|p2a: Sovereign|Entei|100/100
|-damage|p2a: Sovereign|76/100|[from] Stealth Rock
|-damage|p2a: Sovereign|51/100|[from] Spikes
|move|p1a: Dragonite|Dragon Dance|p1a: Dragonite
|-boost|p1a: Dragonite|atk|1
|-boost|p1a: Dragonite|spe|1
|-enditem|p2a: Sovereign|Mirror Herb
|-boost|p2a: Sovereign|atk|1|[from] item: Mirror Herb
|-boost|p2a: Sovereign|spe|1|[from] item: Mirror Herb
|
|upkeep
|turn|15
|
|t:|1769401134
|move|p1a: Dragonite|Earthquake|p2a: Sovereign
|-supereffective|p2a: Sovereign
|-damage|p2a: Sovereign|0 fnt
|faint|p2a: Sovereign
|
|upkeep
|
|t:|1769401137
|switch|p2a: Hikari|Glimmora, F|88/100
|-damage|p2a: Hikari|76/100|[from] Stealth Rock
|-damage|p2a: Hikari|51/100|[from] Spikes
|turn|16
|-message|YumeKasumi76 forfeited.
|
|win|pipipipichu
|raw|pipipipichu's rating: 1378 &rarr; <strong>1392</strong><br />(+14 for winning)
|raw|YumeKasumi76's rating: 1265 &rarr; <strong>1248</strong><br />(-17 for losing)
|l|☆YumeKasumi76
|player|p2|
