|j|☆AlexanderLC20
|j|☆ashyboyalola
|t:|1769411612
|gametype|singles
|player|p1|AlexanderLC20|gambler|1275
|player|p2|ashyboyalola|1|1208
|gen|9
|tier|[Gen 9] OU
|rated|
|rule|HP Percentage Mod: HP is shown in percentages
|rule|Endless Battle Clause: Forcing endless battles is banned
|rule|Species Clause: Limit one of each Pokémon
|rule|OHKO Clause: OHKO moves are banned
|rule|Evasion Items Clause: Evasion items are banned
|rule|Evasion Moves Clause: Evasion moves are banned
|rule|Evasion Abilities Clause: Evasion abilities are banned
|rule|Sleep Moves Clause: Sleep-inducing moves are banned
|clearpoke
|poke|p1|Lycanroc, M|
|poke|p1|Corviknight, M|
|poke|p1|Ogerpon-Wellspring, F|
|poke|p1|Dragapult, F|
|poke|p1|Rillaboom, F|
|poke|p1|Tyranitar, F|
|poke|p2|Enamorus, F|
|poke|p2|Dragonite, M|
|poke|p2|Latios, M|
|poke|p2|Rotom-Wash|
|poke|p2|Toedscool, M|
|poke|p2|Arcanine-Hisui, F|
|teampreview
|
|t:|1769411635
|teamsize|p1|6
|teamsize|p2|6
|start
|switch|p1a: Ogerpon|Ogerpon-Wellspring, F|100/100
|switch|p2a: My Pet Boy|Arcanine-Hisui, F|100/100
|turn|1
|
|t:|1769411654
|switch|p2a: Toedscool|Toedscool, M|100/100
|move|p1a: Ogerpon|Spikes|p2a: Toedscool
|-sidestart|p2: ashyboyalola|Spikes
|
|upkeep
|turn|2
|
|t:|1769411662
|move|p1a: Ogerpon|U-turn|p2a: Toedscool
|-supereffective|p2a: Toedscool
|-damage|p2a: Toedscool|5/100
|
|t:|1769411668
|switch|p1a: Corviknight|Corviknight, M|100/100|[from] U-turn
|-ability|p1a: Corviknight|Pressure
|move|p2a: Toedscool|Sludge Bomb|p1a: Corviknight
|-immune|p1a: Corviknight
|
|upkeep
|turn|3
|
|t:|1769411676
|move|p2a: Toedscool|Rapid Spin|p1a: Corviknight
|-resisted|p1a: Corviknight
|-damage|p1a: Corviknight|99/100
|-boost|p2a: Toedscool|spe|1
|-damage|p2a: Toedscool|0 fnt|[from] item: Rocky Helmet|[of] p1a: Corviknight
|faint|p2a: Toedscool
|move|p1a: Corviknight|U-turn|p2: Toedscool|[notarget]
|-fail|p1a: Corviknight
|
|upkeep
|c|☆ashyboyalola|why spikes not gone
|
|t:|1769411713
|switch|p2a: My Pet Boy|Arcanine-Hisui, F|100/100
|-damage|p2a: My Pet Boy|88/100|[from] Spikes
|turn|4
|
|t:|1769411722
|switch|p1a: Tyranitar|Tyranitar, F|100/100
|-weather|Sandstorm|[from] ability: Sand Stream|[of] p1a: Tyranitar
|move|p2a: My Pet Boy|Flare Blitz|p1a: Tyranitar
|-resisted|p1a: Tyranitar
|-damage|p1a: Tyranitar|74/100
|
|-weather|Sandstorm|[upkeep]
|-heal|p1a: Tyranitar|80/100|[from] item: Leftovers
|upkeep
|turn|5
|
|t:|1769411739
|switch|p1a: Ogerpon|Ogerpon-Wellspring, F|100/100
|move|p2a: My Pet Boy|Close Combat|p1a: Ogerpon
|-damage|p1a: Ogerpon|49/100
|-unboost|p2a: My Pet Boy|def|1
|-unboost|p2a: My Pet Boy|spd|1
|
|-weather|Sandstorm|[upkeep]
|-damage|p1a: Ogerpon|43/100|[from] Sandstorm
|upkeep
|turn|6
|
|t:|1769411749
|move|p1a: Ogerpon|Spikes|p2a: My Pet Boy
|-sidestart|p2: ashyboyalola|Spikes
|move|p2a: My Pet Boy|Close Combat|p1a: Ogerpon
|-damage|p1a: Ogerpon|0 fnt
|-unboost|p2a: My Pet Boy|def|1
|-unboost|p2a: My Pet Boy|spd|1
|faint|p1a: Ogerpon
|
|-weather|Sandstorm|[upkeep]
|upkeep
|
|t:|1769411766
|switch|p1a: Lycanroc|Lycanroc, M|100/100
|turn|7
|
|t:|1769411777
|move|p2a: My Pet Boy|Extreme Speed|p1a: Lycanroc
|-resisted|p1a: Lycanroc
|-damage|p1a: Lycanroc|78/100
|move|p1a: Lycanroc|Accelerock|p2a: My Pet Boy
|-supereffective|p2a: My Pet Boy
|-crit|p2a: My Pet Boy
|-damage|p2a: My Pet Boy|0 fnt
|faint|p2a: My Pet Boy
|
|-weather|Sandstorm|[upkeep]
|upkeep
|
|t:|1769411799
|switch|p2a: blue rocket|Latios, M|100/100
|turn|8
|
|t:|1769411810
|switch|p1a: Rillaboom|Rillaboom, F|100/100
|-fieldstart|move: Grassy Terrain|[from] ability: Grassy Surge|[of] p1a: Rillaboom
|move|p2a: blue rocket|Luster Purge|p1a: Rillaboom
|-damage|p1a: Rillaboom|39/100
|
|-weather|none
|-heal|p1a: Rillaboom|46/100|[from] Grassy Terrain
|upkeep
|turn|9
|
|t:|1769411824
|switch|p1a: Tyranitar|Tyranitar, F|80/100
|-weather|Sandstorm|[from] ability: Sand Stream|[of] p1a: Tyranitar
|move|p2a: blue rocket|Draco Meteor|p1a: Tyranitar
|-damage|p1a: Tyranitar|45/100
|-unboost|p2a: blue rocket|spa|2
|
|-weather|Sandstorm|[upkeep]
|-damage|p2a: blue rocket|95/100|[from] Sandstorm
|-heal|p1a: Tyranitar|51/100|[from] Grassy Terrain
|-heal|p1a: Tyranitar|57/100|[from] item: Leftovers
|upkeep
|turn|10
|
|t:|1769411839
|switch|p2a: mean cloud|Enamorus, F|100/100
|move|p1a: Tyranitar|Dragon Dance|p1a: Tyranitar
|-boost|p1a: Tyranitar|atk|1
|-boost|p1a: Tyranitar|spe|1
|
|-weather|Sandstorm|[upkeep]
|-damage|p2a: mean cloud|94/100|[from] Sandstorm
|-heal|p2a: mean cloud|100/100|[from] item: Leftovers
|-heal|p1a: Tyranitar|63/100|[from] Grassy Terrain
|-heal|p1a: Tyranitar|70/100|[from] item: Leftovers
|upkeep
|turn|11
|
|t:|1769411856
|-terastallize|p2a: mean cloud|Steel
|move|p2a: mean cloud|Superpower|p1a: Tyranitar
|-supereffective|p1a: Tyranitar
|-damage|p1a: Tyranitar|0 fnt
|-boost|p2a: mean cloud|atk|1
|-boost|p2a: mean cloud|def|1
|faint|p1a: Tyranitar
|
|-weather|Sandstorm|[upkeep]
|upkeep
|
|t:|1769411866
|switch|p1a: Dragapult|Dragapult, F|100/100
|turn|12
|
|t:|1769411877
|move|p1a: Dragapult|Flamethrower|p2a: mean cloud
|-supereffective|p2a: mean cloud
|-damage|p2a: mean cloud|0 fnt
|faint|p2a: mean cloud
|
|-weather|Sandstorm|[upkeep]
|-damage|p1a: Dragapult|95/100|[from] Sandstorm
|-heal|p1a: Dragapult|100/100|[from] Grassy Terrain
|-fieldend|move: Grassy Terrain
|upkeep
|
|t:|1769411890
|switch|p2a: washing machine|Rotom-Wash|100/100
|turn|13
|
|t:|1769411894
|switch|p1a: Rillaboom|Rillaboom, F|46/100
|-fieldstart|move: Grassy Terrain|[from] ability: Grassy Surge|[of] p1a: Rillaboom
|move|p2a: washing machine|Shadow Ball|p1a: Rillaboom
|-damage|p1a: Rillaboom|22/100
|
|-weather|none
|-heal|p1a: Rillaboom|28/100|[from] Grassy Terrain
|upkeep
|turn|14
|
|t:|1769411903
|move|p1a: Rillaboom|Grassy Glide|p2a: washing machine
|-supereffective|p2a: washing machine
|-damage|p2a: washing machine|0 fnt
|faint|p2a: washing machine
|
|-heal|p1a: Rillaboom|34/100|[from] Grassy Terrain
|upkeep
|
|t:|1769411912
|switch|p2a: thick dragoon|Dragonite, M|100/100
|turn|15
|
|t:|1769411918
|move|p1a: Rillaboom|Grassy Glide|p2a: thick dragoon
|-resisted|p2a: thick dragoon
|-damage|p2a: thick dragoon|93/100
|move|p2a: thick dragoon|Ice Spinner|p1a: Rillaboom
|-supereffective|p1a: Rillaboom
|-damage|p1a: Rillaboom|0 fnt
|-fieldend|move: Grassy Terrain
|faint|p1a: Rillaboom
|
|upkeep
|
|t:|1769411921
|switch|p1a: Lycanroc|Lycanroc, M|78/100
|turn|16
|
|t:|1769411932
|move|p1a: Lycanroc|Swords Dance|p1a: Lycanroc
|-boost|p1a: Lycanroc|atk|2
|-enditem|p2a: thick dragoon|Mirror Herb
|-boost|p2a: thick dragoon|atk|2|[from] item: Mirror Herb
|move|p2a: thick dragoon|Dragon Dance|p2a: thick dragoon
|-boost|p2a: thick dragoon|atk|1
|-boost|p2a: thick dragoon|spe|1
|
|upkeep
|turn|17
|
|t:|1769411945
|move|p1a: Lycanroc|Accelerock|p2a: thick dragoon
|-supereffective|p2a: thick dragoon
|-damage|p2a: thick dragoon|0 fnt
|faint|p2a: thick dragoon
|
|upkeep
|-message|ashyboyalola forfeited.
|
|win|AlexanderLC20
|raw|AlexanderLC20's rating: 1275 &rarr; <strong>1295</strong><br />(+20 for winning)
|raw|ashyboyalola's rating: 1208 &rarr; <strong>1188</strong><br />(-20 for losing)
|l|☆ashyboyalola
|player|p2|
|l|☆AlexanderLC20
|player|p1|
