|j|☆mrhalfsaid
|j|☆jabutikaio
|t:|1769366260
|gametype|singles
|player|p1|mrhalfsaid|iris|1244
|player|p2|jabutikaio|lass|1248
|gen|9
|tier|[Gen 9] OU
|rated|
|rule|HP Percentage Mod: HP is shown in percentages
|rule|Endless Battle Clause: Forcing endless battles is banned
|rule|Species Clause: Limit one of each Pokémon
|rule|OHKO Clause: OHKO moves are banned
|rule|Evasion Items Clause: Evasion items are banned
|rule|Evasion Moves Clause: Evasion moves are banned
|rule|Evasion Abilities Clause: Evasion abilities are banned
|rule|Sleep Moves Clause: Sleep-inducing moves are banned
|clearpoke
|poke|p1|Raging Bolt|
|poke|p1|Great Tusk|
|poke|p1|Samurott-Hisui, F|
|poke|p1|Gholdengo|
|poke|p1|Slowking-Galar, M|
|poke|p1|Tornadus-Therian, M|
|poke|p2|Pecharunt|
|poke|p2|Kingambit, F|
|poke|p2|Volcanion|
|poke|p2|Iron Valiant|
|poke|p2|Landorus-Therian, M|
|poke|p2|Deoxys-Speed|
|teampreview
|inactive|Battle timer is ON: inactive players will automatically lose when time's up. (requested by mrhalfsaid)
|
|t:|1769366264
|teamsize|p1|6
|teamsize|p2|6
|start
|switch|p1a: Basic bitch|Gholdengo|100/100
|switch|p2a: Landorus|Landorus-Therian, M|100/100
|-ability|p2a: Landorus|Intimidate|boost
|-unboost|p1a: Basic bitch|atk|1
|turn|1
|
|t:|1769366272
|move|p1a: Basic bitch|Shadow Ball|p2a: Landorus
|-damage|p2a: Landorus|55/100
|move|p2a: Landorus|Earthquake|p1a: Basic bitch
|-supereffective|p1a: Basic bitch
|-damage|p1a: Basic bitch|0 fnt
|faint|p1a: Basic bitch
|
|upkeep
|
|t:|1769366279
|switch|p1a: Nerd|Samurott-Hisui, F|100/100
|turn|2
|
|t:|1769366290
|move|p2a: Landorus|Stealth Rock|p1a: Nerd
|-sidestart|p1: mrhalfsaid|move: Stealth Rock
|move|p1a: Nerd|Aqua Cutter|p2a: Landorus
|-supereffective|p2a: Landorus
|-damage|p2a: Landorus|0 fnt
|faint|p2a: Landorus
|
|upkeep
|
|t:|1769366296
|switch|p2a: Iron Valiant|Iron Valiant|100/100
|-enditem|p2a: Iron Valiant|Booster Energy
|-activate|p2a: Iron Valiant|ability: Quark Drive|[fromitem]
|-start|p2a: Iron Valiant|quarkdrivespe
|turn|3
|
|t:|1769366301
|move|p2a: Iron Valiant|Close Combat|p1a: Nerd
|-supereffective|p1a: Nerd
|-enditem|p1a: Nerd|Focus Sash
|-damage|p1a: Nerd|1/100
|-unboost|p2a: Iron Valiant|def|1
|-unboost|p2a: Iron Valiant|spd|1
|move|p1a: Nerd|Flip Turn|p2a: Iron Valiant
|-damage|p2a: Iron Valiant|51/100
|
|t:|1769366310
|switch|p1a: rubber duck|Tornadus-Therian, M, shiny|100/100|[from] Flip Turn
|
|upkeep
|turn|4
|
|t:|1769366318
|move|p2a: Iron Valiant|Knock Off|p1a: rubber duck
|-damage|p1a: rubber duck|63/100
|-enditem|p1a: rubber duck|Heavy-Duty Boots|[from] move: Knock Off|[of] p2a: Iron Valiant
|move|p1a: rubber duck|Bleakwind Storm|p2a: Iron Valiant
|-supereffective|p2a: Iron Valiant
|-damage|p2a: Iron Valiant|0 fnt
|faint|p2a: Iron Valiant
|-end|p2a: Iron Valiant|Quark Drive|[silent]
|
|upkeep
|
|t:|1769366331
|switch|p2a: Volcanion|Volcanion|100/100
|turn|5
|c|☆mrhalfsaid|the amount of fear banking on not having tbolt holy
|
|t:|1769366354
|move|p1a: rubber duck|Knock Off|p2a: Volcanion
|-damage|p2a: Volcanion|84/100
|-enditem|p2a: Volcanion|Leftovers|[from] move: Knock Off|[of] p1a: rubber duck
|move|p2a: Volcanion|Steam Eruption|p1a: rubber duck
|-damage|p1a: rubber duck|9/100
|-status|p1a: rubber duck|brn
|
|-damage|p1a: rubber duck|3/100 brn|[from] brn
|upkeep
|turn|6
|
|t:|1769366363
|move|p1a: rubber duck|U-turn|p2a: Volcanion
|-resisted|p2a: Volcanion
|-damage|p2a: Volcanion|82/100
|
|t:|1769366366
|switch|p1a: 1st form Freiza|Slowking-Galar, M, shiny|100/100|[from] U-turn
|move|p2a: Volcanion|Flamethrower|p1a: 1st form Freiza
|-damage|p1a: 1st form Freiza|76/100
|
|upkeep
|turn|7
|
|t:|1769366372
|move|p2a: Volcanion|Will-O-Wisp|p1a: 1st form Freiza
|-status|p1a: 1st form Freiza|brn
|move|p1a: 1st form Freiza|Future Sight|p2a: Volcanion
|-start|p1a: 1st form Freiza|move: Future Sight
|
|-damage|p1a: 1st form Freiza|70/100 brn|[from] brn
|upkeep
|turn|8
|
|t:|1769366379
|move|p2a: Volcanion|Taunt|p1a: 1st form Freiza
|-start|p1a: 1st form Freiza|move: Taunt
|move|p1a: 1st form Freiza|Sludge Bomb|p2a: Volcanion
|-damage|p2a: Volcanion|48/100
|-status|p2a: Volcanion|psn
|
|-damage|p2a: Volcanion|35/100 psn|[from] psn
|-damage|p1a: 1st form Freiza|64/100 brn|[from] brn
|upkeep
|turn|9
|
|t:|1769366384
|switch|p2a: Kingambit|Kingambit, F|100/100
|-activate|p2a: Kingambit|ability: Supreme Overlord
|-start|p2a: Kingambit|fallen2|[silent]
|move|p1a: 1st form Freiza|Sludge Bomb|p2a: Kingambit
|-immune|p2a: Kingambit
|
|-end|p2a: Kingambit|move: Future Sight
|-immune|p2a: Kingambit
|-damage|p1a: 1st form Freiza|58/100 brn|[from] brn
|upkeep
|turn|10
|
|t:|1769366391
|switch|p1a: Let it rip|Great Tusk|100/100
|move|p2a: Kingambit|Swords Dance|p2a: Kingambit
|-boost|p2a: Kingambit|atk|2
|
|upkeep
|turn|11
|
|t:|1769366404
|-end|p2a: Kingambit|fallen2|[silent]
|switch|p2a: Volcanion|Volcanion|35/100 psn
|move|p1a: Let it rip|Earthquake|p2a: Volcanion
|-supereffective|p2a: Volcanion
|-damage|p2a: Volcanion|0 fnt
|faint|p2a: Volcanion
|
|upkeep
|
|t:|1769366410
|switch|p2a: Deoxys|Deoxys-Speed|100/100
|-ability|p2a: Deoxys|Pressure
|turn|12
|
|t:|1769366419
|-end|p1a: Let it rip|Protosynthesis|[silent]
|switch|p1a: Nerd|Samurott-Hisui, F|1/100
|-damage|p1a: Nerd|0 fnt|[from] Stealth Rock
|faint|p1a: Nerd
|move|p2a: Deoxys|Psycho Boost|p1: Nerd|[notarget]
|-fail|p2a: Deoxys
|
|upkeep
|
|t:|1769366425
|switch|p1a: 6 ' 0|Raging Bolt|100/100
|-damage|p1a: 6 ' 0|88/100|[from] Stealth Rock
|turn|13
|
|t:|1769366433
|move|p2a: Deoxys|Psycho Boost|p1a: 6 ' 0
|-damage|p1a: 6 ' 0|40/100
|-unboost|p2a: Deoxys|spa|2
|-enditem|p2a: Deoxys|Eject Pack
|
|t:|1769366441
|switch|p2a: Kingambit|Kingambit, F|100/100
|-activate|p2a: Kingambit|ability: Supreme Overlord
|-start|p2a: Kingambit|fallen3|[silent]
|move|p1a: 6 ' 0|Thunderbolt|p2a: Kingambit
|-damage|p2a: Kingambit|13/100
|
|-heal|p2a: Kingambit|20/100|[from] item: Leftovers
|upkeep
|turn|14
|
|t:|1769366449
|-end|p1a: 6 ' 0|Protosynthesis|[silent]
|switch|p1a: Let it rip|Great Tusk|100/100
|move|p2a: Kingambit|Sucker Punch||[still]
|-fail|p2a: Kingambit
|
|-heal|p2a: Kingambit|26/100|[from] item: Leftovers
|upkeep
|turn|15
|
|t:|1769366455
|-end|p2a: Kingambit|fallen3|[silent]
|switch|p2a: Pecharunt|Pecharunt|100/100
|move|p1a: Let it rip|Earthquake|p2a: Pecharunt
|-supereffective|p2a: Pecharunt
|-crit|p2a: Pecharunt
|-damage|p2a: Pecharunt|18/100
|
|upkeep
|turn|16
|
|t:|1769366461
|move|p2a: Pecharunt|Shadow Ball|p1a: Let it rip
|-damage|p1a: Let it rip|59/100
|move|p1a: Let it rip|Earthquake|p2a: Pecharunt
|-supereffective|p2a: Pecharunt
|-damage|p2a: Pecharunt|0 fnt
|faint|p2a: Pecharunt
|
|upkeep
|
|t:|1769366468
|switch|p2a: Deoxys|Deoxys-Speed|100/100
|-ability|p2a: Deoxys|Pressure
|turn|17
|
|t:|1769366473
|-end|p1a: Let it rip|Protosynthesis|[silent]
|switch|p1a: 1st form Freiza|Slowking-Galar, M, shiny|91/100 brn
|move|p2a: Deoxys|Psycho Boost|p1a: 1st form Freiza
|-damage|p1a: 1st form Freiza|58/100 brn
|-unboost|p2a: Deoxys|spa|2
|
|-damage|p1a: 1st form Freiza|52/100 brn|[from] brn
|upkeep
|turn|18
|
|t:|1769366479
|move|p2a: Deoxys|Knock Off|p1a: 1st form Freiza
|-supereffective|p1a: 1st form Freiza
|-damage|p1a: 1st form Freiza|0 fnt
|-enditem|p1a: 1st form Freiza|Heavy-Duty Boots|[from] move: Knock Off|[of] p2a: Deoxys
|faint|p1a: 1st form Freiza
|
|upkeep
|
|t:|1769366486
|switch|p1a: 6 ' 0|Raging Bolt|40/100
|-damage|p1a: 6 ' 0|27/100|[from] Stealth Rock
|turn|19
|
|t:|1769366490
|move|p1a: 6 ' 0|Thunderclap|p2a: Deoxys
|-damage|p2a: Deoxys|0 fnt
|faint|p2a: Deoxys
|
|upkeep
|
|t:|1769366495
|switch|p2a: Kingambit|Kingambit, F|26/100
|-activate|p2a: Kingambit|ability: Supreme Overlord
|-start|p2a: Kingambit|fallen5|[silent]
|turn|20
|
|t:|1769366499
|-end|p1a: 6 ' 0|Protosynthesis|[silent]
|switch|p1a: rubber duck|Tornadus-Therian, M, shiny|36/100 brn
|-damage|p1a: rubber duck|12/100 brn|[from] Stealth Rock
|move|p2a: Kingambit|Sucker Punch||[still]
|-fail|p2a: Kingambit
|
|-heal|p2a: Kingambit|32/100|[from] item: Leftovers
|-damage|p1a: rubber duck|5/100 brn|[from] brn
|upkeep
|turn|21
|
|t:|1769366507
|move|p2a: Kingambit|Sucker Punch|p1a: rubber duck
|-damage|p1a: rubber duck|0 fnt
|faint|p1a: rubber duck
|
|-heal|p2a: Kingambit|38/100|[from] item: Leftovers
|upkeep
|
|t:|1769366513
|switch|p1a: Let it rip|Great Tusk|59/100
|turn|22
|
|t:|1769366521
|-terastallize|p2a: Kingambit|Fighting
|move|p1a: Let it rip|Earthquake|p2a: Kingambit
|-damage|p2a: Kingambit|2/100
|move|p2a: Kingambit|Low Kick|p1a: Let it rip
|-damage|p1a: Let it rip|3/100
|
|-heal|p2a: Kingambit|8/100|[from] item: Leftovers
|upkeep
|turn|23
|
|t:|1769366528
|move|p2a: Kingambit|Sucker Punch|p1a: Let it rip
|-resisted|p1a: Let it rip
|-damage|p1a: Let it rip|0 fnt
|faint|p1a: Let it rip
|-end|p1a: Let it rip|Protosynthesis|[silent]
|
|-heal|p2a: Kingambit|14/100|[from] item: Leftovers
|upkeep
|
|t:|1769366530
|switch|p1a: 6 ' 0|Raging Bolt|27/100
|-damage|p1a: 6 ' 0|15/100|[from] Stealth Rock
|turn|24
|
|t:|1769366534
|move|p2a: Kingambit|Sucker Punch|p1a: 6 ' 0
|-damage|p1a: 6 ' 0|0 fnt
|faint|p1a: 6 ' 0
|-end|p1a: 6 ' 0|Protosynthesis|[silent]
|
|win|jabutikaio
|raw|mrhalfsaid's rating: 1244 &rarr; <strong>1219</strong><br />(-25 for losing)
|raw|jabutikaio's rating: 1248 &rarr; <strong>1273</strong><br />(+25 for winning)
|c|☆mrhalfsaid|gg
|c|☆jabutikaio|gg
|l|☆mrhalfsaid
|player|p1|
