|j|☆ikun ngm
|j|☆constartus
|t:|1769340878
|gametype|singles
|player|p1|ikun ngm|swimmer-gen4|1247
|player|p2|constartus|az|1295
|gen|9
|tier|[Gen 9] OU
|rated|
|rule|HP Percentage Mod: HP is shown in percentages
|rule|Endless Battle Clause: Forcing endless battles is banned
|rule|Species Clause: Limit one of each Pokémon
|rule|OHKO Clause: OHKO moves are banned
|rule|Evasion Items Clause: Evasion items are banned
|rule|Evasion Moves Clause: Evasion moves are banned
|rule|Evasion Abilities Clause: Evasion abilities are banned
|rule|Sleep Moves Clause: Sleep-inducing moves are banned
|clearpoke
|poke|p1|Staraptor, F|
|poke|p1|Araquanid, M|
|poke|p1|Gholdengo|
|poke|p1|Zapdos-Galar|
|poke|p1|Articuno-Galar|
|poke|p1|Gliscor, F|
|poke|p2|Ribombee, F|
|poke|p2|Empoleon, F|
|poke|p2|Ogerpon, F|
|poke|p2|Kingambit, F|
|poke|p2|Gothitelle, F|
|poke|p2|Smeargle, M|
|teampreview
|inactive|Battle timer is ON: inactive players will automatically lose when time's up. (requested by constartus)
|
|t:|1769340900
|teamsize|p1|6
|teamsize|p2|6
|start
|switch|p1a: Articuno|Articuno-Galar|100/100
|switch|p2a: Ribombee|Ribombee, F, shiny|100/100
|turn|1
|
|t:|1769340905
|move|p2a: Ribombee|Sticky Web|p1a: Articuno
|-sidestart|p1: ikun ngm|move: Sticky Web
|move|p1a: Articuno|Agility|p1a: Articuno
|-boost|p1a: Articuno|spe|2
|
|upkeep
|turn|2
|
|t:|1769340907
|move|p1a: Articuno|Calm Mind|p1a: Articuno
|-boost|p1a: Articuno|spa|1
|-boost|p1a: Articuno|spd|1
|move|p2a: Ribombee|Stun Spore|p1a: Articuno|[miss]
|-miss|p2a: Ribombee|p1a: Articuno
|
|upkeep
|turn|3
|
|t:|1769340914
|move|p1a: Articuno|Tera Blast|p2a: Ribombee
|-damage|p2a: Ribombee|50/100
|move|p2a: Ribombee|Stun Spore|p1a: Articuno|[miss]
|-miss|p2a: Ribombee|p1a: Articuno
|
|upkeep
|turn|4
|
|t:|1769340921
|move|p1a: Articuno|Tera Blast|p2a: Ribombee
|-damage|p2a: Ribombee|0 fnt
|faint|p2a: Ribombee
|
|upkeep
|
|t:|1769340924
|switch|p2a: Smeargle|Smeargle, M|100/100
|turn|5
|
|t:|1769340927
|move|p1a: Articuno|Tera Blast|p2a: Smeargle
|-damage|p2a: Smeargle|18/100
|move|p2a: Smeargle|Toxic Thread|p1a: Articuno
|-unboost|p1a: Articuno|spe|1
|-ability|p1a: Articuno|Competitive|boost
|-boost|p1a: Articuno|spa|2
|-status|p1a: Articuno|psn
|
|-damage|p1a: Articuno|88/100 psn|[from] psn
|upkeep
|turn|6
|
|t:|1769340932
|move|p2a: Smeargle|Silk Trap|p2a: Smeargle
|-singleturn|p2a: Smeargle|Protect
|move|p1a: Articuno|Tera Blast|p2a: Smeargle
|-activate|p2a: Smeargle|move: Protect
|
|-damage|p1a: Articuno|76/100 psn|[from] psn
|upkeep
|turn|7
|
|t:|1769340937
|switch|p2a: TC Nick 4|Empoleon, F|100/100
|move|p1a: Articuno|Tera Blast|p2a: TC Nick 4
|-resisted|p2a: TC Nick 4
|-damage|p2a: TC Nick 4|69/100
|
|-damage|p1a: Articuno|63/100 psn|[from] psn
|upkeep
|turn|8
|
|t:|1769340940
|move|p1a: Articuno|Stored Power|p2a: TC Nick 4
|-resisted|p2a: TC Nick 4
|-damage|p2a: TC Nick 4|0 fnt
|faint|p2a: TC Nick 4
|
|-damage|p1a: Articuno|51/100 psn|[from] psn
|upkeep
|
|t:|1769340949
|switch|p2a: Kingambit|Kingambit, F|100/100
|turn|9
|
|t:|1769340951
|-terastallize|p1a: Articuno|Fighting
|move|p2a: Kingambit|Sucker Punch|p1a: Articuno
|-resisted|p1a: Articuno
|-damage|p1a: Articuno|23/100 psn
|move|p1a: Articuno|Tera Blast|p2a: Kingambit|[anim] Tera Blast Fighting
|-supereffective|p2a: Kingambit
|-damage|p2a: Kingambit|0 fnt
|faint|p2a: Kingambit
|
|-damage|p1a: Articuno|11/100 psn|[from] psn
|upkeep
|
|t:|1769340956
|switch|p2a: Smeargle|Smeargle, M|18/100
|turn|10
|
|t:|1769340961
|move|p2a: Smeargle|Silk Trap|p2a: Smeargle
|-singleturn|p2a: Smeargle|Protect
|move|p1a: Articuno|Stored Power|p2a: Smeargle
|-activate|p2a: Smeargle|move: Protect
|
|-damage|p1a: Articuno|0 fnt|[from] psn
|faint|p1a: Articuno
|upkeep
|
|t:|1769340967
|switch|p1a: Gliscor|Gliscor, F|100/100
|turn|11
|
|t:|1769340970
|move|p1a: Gliscor|Agility|p1a: Gliscor
|-boost|p1a: Gliscor|spe|2
|move|p2a: Smeargle|Court Change|p2a: Smeargle
|-swapsideconditions
|-activate|p2a: Smeargle|move: Court Change
|
|-status|p1a: Gliscor|tox|[from] item: Toxic Orb
|upkeep
|turn|12
|
|t:|1769340979
|move|p1a: Gliscor|Swords Dance|p1a: Gliscor
|-boost|p1a: Gliscor|atk|2
|move|p2a: Smeargle|Toxic Thread||[still]
|-unboost|p1a: Gliscor|spe|1
|-fail|p2a: Smeargle
|
|upkeep
|turn|13
|
|t:|1769340985
|move|p1a: Gliscor|Agility|p1a: Gliscor
|-boost|p1a: Gliscor|spe|2
|move|p2a: Smeargle|Toxic Thread||[still]
|-unboost|p1a: Gliscor|spe|1
|-fail|p2a: Smeargle
|
|upkeep
|turn|14
|
|t:|1769340990
|move|p2a: Smeargle|Silk Trap|p2a: Smeargle
|-singleturn|p2a: Smeargle|Protect
|move|p1a: Gliscor|Agility|p1a: Gliscor
|-boost|p1a: Gliscor|spe|2
|
|upkeep
|turn|15
|
|t:|1769340993
|move|p1a: Gliscor|Facade|p2a: Smeargle
|-damage|p2a: Smeargle|0 fnt
|faint|p2a: Smeargle
|
|upkeep
|
|t:|1769340997
|switch|p2a: Gothitelle|Gothitelle, F|100/100
|-activate|p2a: Gothitelle|move: Sticky Web
|-unboost|p2a: Gothitelle|spe|1
|-ability|p2a: Gothitelle|Competitive|boost
|-boost|p2a: Gothitelle|spa|2
|turn|16
|
|t:|1769341000
|move|p1a: Gliscor|Earthquake|p2a: Gothitelle
|-damage|p2a: Gothitelle|2/100
|-enditem|p2a: Gothitelle|Sitrus Berry|[eat]
|-heal|p2a: Gothitelle|27/100|[from] item: Sitrus Berry
|move|p2a: Gothitelle|Trick Room|p2a: Gothitelle
|-fieldstart|move: Trick Room|[of] p2a: Gothitelle
|
|upkeep
|turn|17
|
|t:|1769341008
|move|p2a: Gothitelle|Dark Pulse|p1a: Gliscor
|-damage|p1a: Gliscor|27/100 tox
|move|p1a: Gliscor|Earthquake|p2a: Gothitelle
|-damage|p2a: Gothitelle|0 fnt
|faint|p2a: Gothitelle
|
|-heal|p1a: Gliscor|39/100 tox|[from] ability: Poison Heal
|upkeep
|
|t:|1769341013
|switch|p2a: Ogerpon|Ogerpon, F|100/100
|-activate|p2a: Ogerpon|move: Sticky Web
|-unboost|p2a: Ogerpon|spe|1
|-ability|p2a: Ogerpon|Defiant|boost
|-boost|p2a: Ogerpon|atk|2
|-enditem|p2a: Ogerpon|White Herb
|-clearnegativeboost|p2a: Ogerpon|[silent]
|turn|18
|
|t:|1769341017
|move|p2a: Ogerpon|Ivy Cudgel|p1a: Gliscor
|-damage|p1a: Gliscor|0 fnt
|faint|p1a: Gliscor
|
|upkeep
|
|t:|1769341019
|switch|p1a: Araquanid|Araquanid, M|100/100
|turn|19
|
|t:|1769341023
|-terastallize|p2a: Ogerpon|Grass
|detailschange|p2a: Ogerpon|Ogerpon-Teal-Tera, F, tera:Grass
|-ability|p2a: Ogerpon|Embody Aspect (Teal)|boost
|-boost|p2a: Ogerpon|spe|1
|move|p1a: Araquanid|Endure|p1a: Araquanid
|-singleturn|p1a: Araquanid|move: Endure
|move|p2a: Ogerpon|Ivy Cudgel|p1a: Araquanid
|-activate|p1a: Araquanid|move: Endure
|-damage|p1a: Araquanid|1/100
|
|upkeep
|turn|20
|-enditem|p1a: Araquanid|Custap Berry|[eat]
|-activate|p1a: Araquanid|item: Custap Berry|[consumed]
|
|t:|1769341033
|move|p1a: Araquanid|Endeavor|p2a: Ogerpon
|-damage|p2a: Ogerpon|1/100
|move|p2a: Ogerpon|Ivy Cudgel|p1a: Araquanid
|-damage|p1a: Araquanid|0 fnt
|faint|p1a: Araquanid
|
|-fieldend|move: Trick Room
|upkeep
|
|t:|1769341037
|switch|p1a: Staraptor|Staraptor, F|100/100
|turn|21
|
|t:|1769341041
|move|p1a: Staraptor|Quick Attack|p2a: Ogerpon
|-damage|p2a: Ogerpon|0 fnt
|faint|p2a: Ogerpon
|detailschange|p2: Ogerpon|Ogerpon, F|[silent]
|
|win|ikun ngm
|raw|ikun ngm's rating: 1247 &rarr; <strong>1275</strong><br />(+28 for winning)
|raw|constartus's rating: 1295 &rarr; <strong>1267</strong><br />(-28 for losing)
|l|☆constartus
|player|p2|
|l|☆ikun ngm
|player|p1|
