|j|☆HollowMcrowav
|j|☆SigmaGamer123321
|t:|1769418672
|gametype|singles
|player|p1|HollowMcrowav|miku-ghost|1206
|player|p2|SigmaGamer123321|n|1233
|gen|9
|tier|[Gen 9] OU
|rated|
|rule|HP Percentage Mod: HP is shown in percentages
|rule|Endless Battle Clause: Forcing endless battles is banned
|rule|Species Clause: Limit one of each Pokémon
|rule|OHKO Clause: OHKO moves are banned
|rule|Evasion Items Clause: Evasion items are banned
|rule|Evasion Moves Clause: Evasion moves are banned
|rule|Evasion Abilities Clause: Evasion abilities are banned
|rule|Sleep Moves Clause: Sleep-inducing moves are banned
|clearpoke
|poke|p1|Tyranitar, M|
|poke|p1|Excadrill, M|
|poke|p1|Iron Valiant|
|poke|p1|Ogerpon, F|
|poke|p1|Zapdos|
|poke|p1|Toxapex, F|
|poke|p2|Ribombee, F|
|poke|p2|Glimmora, F|
|poke|p2|Ting-Lu|
|poke|p2|Veluza, F|
|poke|p2|Azelf|
|poke|p2|Kingambit, F|
|teampreview
|inactive|Battle timer is ON: inactive players will automatically lose when time's up. (requested by SigmaGamer123321)
|
|t:|1769418699
|teamsize|p1|6
|teamsize|p2|6
|start
|switch|p1a: Zapdos|Zapdos|100/100
|switch|p2a: Veluza|Veluza, F|100/100
|turn|1
|
|t:|1769418708
|move|p2a: Veluza|Final Gambit|p1a: Zapdos
|-damage|p1a: Zapdos|0 fnt
|faint|p2a: Veluza
|faint|p1a: Zapdos
|
|upkeep
|c|☆HollowMcrowav|why
|c|☆SigmaGamer123321|because
|c|☆SigmaGamer123321|this is an HO team
|inactive|HollowMcrowav has 120 seconds left.
|c|☆HollowMcrowav|i loved zapdos like my father
|
|t:|1769418757
|switch|p1a: Toxapex|Toxapex, F|100/100
|switch|p2a: Ting-Lu|Ting-Lu|100/100
|-ability|p2a: Ting-Lu|Vessel of Ruin
|turn|2
|
|t:|1769418763
|move|p2a: Ting-Lu|Spikes|p1a: Toxapex
|-sidestart|p1: HollowMcrowav|Spikes
|move|p1a: Toxapex|Toxic|p2a: Ting-Lu
|-status|p2a: Ting-Lu|tox
|
|-damage|p2a: Ting-Lu|94/100 tox|[from] psn
|upkeep
|turn|3
|
|t:|1769418771
|move|p2a: Ting-Lu|Earthquake|p1a: Toxapex
|-supereffective|p1a: Toxapex
|-damage|p1a: Toxapex|45/100
|-enditem|p1a: Toxapex|Eject Button
|inactive|HollowMcrowav has 90 seconds left.
|
|t:|1769418804
|switch|p1a: Ogerpon|Ogerpon, F|100/100
|-damage|p1a: Ogerpon|88/100|[from] Spikes
|
|-damage|p2a: Ting-Lu|82/100 tox|[from] psn
|upkeep
|turn|4
|inactive|HollowMcrowav has 90 seconds left.
|
|t:|1769418816
|move|p1a: Ogerpon|U-turn|p2a: Ting-Lu
|-supereffective|p2a: Ting-Lu
|-damage|p2a: Ting-Lu|54/100 tox
|inactive|HollowMcrowav has 90 seconds left.
|
|t:|1769418833
|switch|p1a: Tyranitar|Tyranitar, M, shiny|100/100|[from] U-turn
|-damage|p1a: Tyranitar|88/100|[from] Spikes
|-weather|Sandstorm|[from] ability: Sand Stream|[of] p1a: Tyranitar
|move|p2a: Ting-Lu|Whirlwind|p1a: Tyranitar
|drag|p1a: Excadrill|Excadrill, M, shiny|100/100
|-damage|p1a: Excadrill|88/100|[from] Spikes
|
|-weather|Sandstorm|[upkeep]
|-heal|p1a: Excadrill|94/100|[from] item: Leftovers
|-damage|p2a: Ting-Lu|36/100 tox|[from] psn
|upkeep
|-enditem|p2a: Ting-Lu|Sitrus Berry|[eat]
|-heal|p2a: Ting-Lu|60/100 tox|[from] item: Sitrus Berry
|turn|5
|
|t:|1769418862
|switch|p1a: Toxapex|Toxapex, F|78/100
|-damage|p1a: Toxapex|66/100|[from] Spikes
|move|p2a: Ting-Lu|Earthquake|p1a: Toxapex
|-supereffective|p1a: Toxapex
|-damage|p1a: Toxapex|17/100
|
|-weather|Sandstorm|[upkeep]
|-damage|p1a: Toxapex|11/100|[from] Sandstorm
|-damage|p2a: Ting-Lu|36/100 tox|[from] psn
|upkeep
|turn|6
|inactive|HollowMcrowav has 60 seconds left.
|
|t:|1769418888
|switch|p1a: Ogerpon|Ogerpon, F|88/100
|-damage|p1a: Ogerpon|76/100|[from] Spikes
|move|p2a: Ting-Lu|Spikes|p1a: Ogerpon
|-sidestart|p1: HollowMcrowav|Spikes
|
|-weather|Sandstorm|[upkeep]
|-damage|p1a: Ogerpon|70/100|[from] Sandstorm
|-damage|p2a: Ting-Lu|4/100 tox|[from] psn
|upkeep
|turn|7
|
|t:|1769418902
|switch|p1a: Excadrill|Excadrill, M, shiny|94/100
|-damage|p1a: Excadrill|78/100|[from] Spikes
|move|p2a: Ting-Lu|Memento|p1a: Excadrill
|-unboost|p1a: Excadrill|atk|2
|-unboost|p1a: Excadrill|spa|2
|faint|p2a: Ting-Lu
|
|-weather|Sandstorm|[upkeep]
|-heal|p1a: Excadrill|84/100|[from] item: Leftovers
|upkeep
|
|t:|1769418910
|switch|p2a: Ribombee|Ribombee, F|100/100
|turn|8
|
|t:|1769418914
|move|p1a: Excadrill|Rapid Spin|p2a: Ribombee
|-damage|p2a: Ribombee|80/100
|-boost|p1a: Excadrill|spe|1
|-sideend|p1: HollowMcrowav|Spikes|[from] move: Rapid Spin|[of] p1a: Excadrill
|move|p2a: Ribombee|Stun Spore|p1a: Excadrill
|-status|p1a: Excadrill|par
|
|-weather|Sandstorm|[upkeep]
|-damage|p2a: Ribombee|74/100|[from] Sandstorm
|-heal|p1a: Excadrill|90/100 par|[from] item: Leftovers
|upkeep
|turn|9
|
|t:|1769418925
|move|p1a: Excadrill|Iron Head|p2a: Ribombee
|-supereffective|p2a: Ribombee
|-damage|p2a: Ribombee|0 fnt
|faint|p2a: Ribombee
|
|-weather|Sandstorm|[upkeep]
|-heal|p1a: Excadrill|96/100 par|[from] item: Leftovers
|upkeep
|
|t:|1769418928
|switch|p2a: Glimmora|Glimmora, F|100/100
|turn|10
|
|t:|1769418934
|move|p1a: Excadrill|Earthquake|p2a: Glimmora
|-supereffective|p2a: Glimmora
|-enditem|p2a: Glimmora|Focus Sash
|-damage|p2a: Glimmora|1/100
|-activate|p2a: Glimmora|ability: Toxic Debris
|-sidestart|p1: HollowMcrowav|move: Toxic Spikes
|move|p2a: Glimmora|Stealth Rock|p1a: Excadrill
|-sidestart|p1: HollowMcrowav|move: Stealth Rock
|
|-weather|Sandstorm|[upkeep]
|-heal|p1a: Excadrill|100/100 par|[from] item: Leftovers
|upkeep
|turn|11
|
|t:|1769418944
|move|p1a: Excadrill|Rock Slide|p2a: Glimmora
|-damage|p2a: Glimmora|0 fnt
|-activate|p2a: Glimmora|ability: Toxic Debris
|-sidestart|p1: HollowMcrowav|move: Toxic Spikes
|faint|p2a: Glimmora
|
|-weather|none
|upkeep
|
|t:|1769418947
|switch|p2a: Azelf|Azelf|100/100
|turn|12
|inactive|HollowMcrowav has 90 seconds left.
|
|t:|1769418953
|move|p2a: Azelf|Reflect|p2a: Azelf
|-sidestart|p2: SigmaGamer123321|Reflect
|cant|p1a: Excadrill|par
|
|upkeep
|turn|13
|
|t:|1769418957
|move|p2a: Azelf|Light Screen|p2a: Azelf
|-sidestart|p2: SigmaGamer123321|move: Light Screen
|move|p1a: Excadrill|Rapid Spin|p2a: Azelf
|-damage|p2a: Azelf|93/100
|-boost|p1a: Excadrill|spe|1
|-sideend|p1: HollowMcrowav|Toxic Spikes|[from] move: Rapid Spin|[of] p1a: Excadrill
|-sideend|p1: HollowMcrowav|Stealth Rock|[from] move: Rapid Spin|[of] p1a: Excadrill
|
|upkeep
|turn|14
|
|t:|1769418967
|move|p2a: Azelf|Explosion|p1a: Excadrill
|-resisted|p1a: Excadrill
|-damage|p1a: Excadrill|37/100 par
|faint|p2a: Azelf
|move|p1a: Excadrill|Iron Head|p2: Azelf|[notarget]
|-fail|p1a: Excadrill
|
|-heal|p1a: Excadrill|43/100 par|[from] item: Leftovers
|upkeep
|
|t:|1769418977
|switch|p2a: Kingambit|Kingambit, F|100/100
|-activate|p2a: Kingambit|ability: Supreme Overlord
|-start|p2a: Kingambit|fallen5|[silent]
|turn|15
|
|t:|1769418984
|-terastallize|p2a: Kingambit|Dark
|cant|p1a: Excadrill|par
|move|p2a: Kingambit|Swords Dance|p2a: Kingambit
|-boost|p2a: Kingambit|atk|2
|
|-heal|p1a: Excadrill|49/100 par|[from] item: Leftovers
|upkeep
|turn|16
|
|t:|1769418991
|move|p2a: Kingambit|Sucker Punch|p1a: Excadrill
|-damage|p1a: Excadrill|0 fnt
|faint|p1a: Excadrill
|
|upkeep
|inactive|HollowMcrowav has 120 seconds left.
|
|t:|1769419010
|switch|p1a: Tyranitar|Tyranitar, M, shiny|88/100
|-weather|Sandstorm|[from] ability: Sand Stream|[of] p1a: Tyranitar
|turn|17
|inactive|HollowMcrowav has 120 seconds left.
|
|t:|1769419016
|move|p1a: Tyranitar|Low Kick|p2a: Kingambit
|-supereffective|p2a: Kingambit
|-damage|p2a: Kingambit|65/100
|move|p2a: Kingambit|Swords Dance|p2a: Kingambit
|-boost|p2a: Kingambit|atk|2
|
|-weather|Sandstorm|[upkeep]
|-damage|p2a: Kingambit|59/100|[from] Sandstorm
|upkeep
|turn|18
|
|t:|1769419024
|move|p1a: Tyranitar|Low Kick|p2a: Kingambit
|-supereffective|p2a: Kingambit
|-damage|p2a: Kingambit|27/100
|move|p2a: Kingambit|Kowtow Cleave|p1a: Tyranitar
|-resisted|p1a: Tyranitar
|-damage|p1a: Tyranitar|0 fnt
|faint|p1a: Tyranitar
|
|-weather|Sandstorm|[upkeep]
|-damage|p2a: Kingambit|21/100|[from] Sandstorm
|upkeep
|
|t:|1769419034
|switch|p1a: Iron Valiant|Iron Valiant|100/100
|turn|19
|
|t:|1769419042
|move|p1a: Iron Valiant|Vacuum Wave|p2a: Kingambit
|-supereffective|p2a: Kingambit
|-damage|p2a: Kingambit|0 fnt
|faint|p2a: Kingambit
|-end|p2a: Kingambit|fallen5|[silent]
|
|win|HollowMcrowav
|raw|HollowMcrowav's rating: 1206 &rarr; <strong>1233</strong><br />(+27 for winning)
|raw|SigmaGamer123321's rating: 1233 &rarr; <strong>1206</strong><br />(-27 for losing)
|c|☆HollowMcrowav|according to plan
|c|☆HollowMcrowav|ggs
|c|☆SigmaGamer123321|mmm
|c|☆SigmaGamer123321|ggs
|l|☆SigmaGamer123321
|player|p2|
