|j|☆Free6lackpanther
|j|☆SussyMeatballer
|t:|1769323862
|gametype|singles
|player|p1|Free6lackpanther|2|1332
|player|p2|SussyMeatballer|pokefan-gen4|1352
|gen|9
|tier|[Gen 9] OU
|rated|
|rule|HP Percentage Mod: HP is shown in percentages
|rule|Endless Battle Clause: Forcing endless battles is banned
|rule|Species Clause: Limit one of each Pokémon
|rule|OHKO Clause: OHKO moves are banned
|rule|Evasion Items Clause: Evasion items are banned
|rule|Evasion Moves Clause: Evasion moves are banned
|rule|Evasion Abilities Clause: Evasion abilities are banned
|rule|Sleep Moves Clause: Sleep-inducing moves are banned
|clearpoke
|poke|p1|Ogerpon-Wellspring, F|
|poke|p1|Zapdos|
|poke|p1|Tyranitar, M|
|poke|p1|Slowking-Galar, F|
|poke|p1|Moltres|
|poke|p1|Scizor, F|
|poke|p2|Dragonite, M|
|poke|p2|Clefable, F|
|poke|p2|Blastoise, M|
|poke|p2|Pikachu, F|
|poke|p2|Gengar, M|
|poke|p2|Arcanine, M|
|teampreview
|inactive|Battle timer is ON: inactive players will automatically lose when time's up. (requested by Free6lackpanther)
|inactive|SussyMeatballer also wants the timer to be on.
|
|t:|1769323875
|teamsize|p1|6
|teamsize|p2|6
|start
|switch|p1a: Zapdos|Zapdos|100/100
|switch|p2a: Gotta Have It|Pikachu, F|100/100
|turn|1
|
|t:|1769323883
|move|p2a: Gotta Have It|Volt Switch|p1a: Zapdos
|-damage|p1a: Zapdos|72/100
|
|t:|1769323888
|switch|p2a: Star Baby|Clefable, F|100/100|[from] Volt Switch
|move|p1a: Zapdos|Volt Switch|p2a: Star Baby
|-damage|p2a: Star Baby|81/100
|
|t:|1769323898
|switch|p1a: Tyranitar|Tyranitar, M|100/100|[from] Volt Switch
|-weather|Sandstorm|[from] ability: Sand Stream|[of] p1a: Tyranitar
|
|-weather|Sandstorm|[upkeep]
|-damage|p2a: Star Baby|75/100|[from] Sandstorm
|upkeep
|turn|2
|
|t:|1769323907
|move|p2a: Star Baby|Stealth Rock|p1a: Tyranitar
|-sidestart|p1: Free6lackpanther|move: Stealth Rock
|move|p1a: Tyranitar|Knock Off|p2a: Star Baby
|-resisted|p2a: Star Baby
|-damage|p2a: Star Baby|43/100
|-damage|p1a: Tyranitar|84/100|[from] item: Rocky Helmet|[of] p2a: Star Baby
|-enditem|p2a: Star Baby|Rocky Helmet|[from] move: Knock Off|[of] p1a: Tyranitar
|
|-weather|Sandstorm|[upkeep]
|-damage|p2a: Star Baby|37/100|[from] Sandstorm
|upkeep
|turn|3
|
|t:|1769323919
|move|p2a: Star Baby|Thunder Wave|p1a: Tyranitar
|-status|p1a: Tyranitar|par
|move|p1a: Tyranitar|Heavy Slam|p2a: Star Baby
|-supereffective|p2a: Star Baby
|-damage|p2a: Star Baby|0 fnt
|faint|p2a: Star Baby
|
|-weather|Sandstorm|[upkeep]
|upkeep
|
|t:|1769323928
|switch|p2a: Turtle|Blastoise, M|100/100
|turn|4
|l|☆Free6lackpanther
|inactive|Free6lackpanther disconnected and has a minute to reconnect!
|player|p1|
|j|☆Free6lackpanther
|inactive|Free6lackpanther reconnected and has 140 seconds left.
|player|p1|Free6lackpanther|2|
|
|t:|1769323944
|switch|p1a: Ogerpon|Ogerpon-Wellspring, F|100/100
|-damage|p1a: Ogerpon|88/100|[from] Stealth Rock
|move|p2a: Turtle|Shell Smash|p2a: Turtle
|-unboost|p2a: Turtle|def|1
|-unboost|p2a: Turtle|spd|1
|-boost|p2a: Turtle|atk|2
|-boost|p2a: Turtle|spa|2
|-boost|p2a: Turtle|spe|2
|-enditem|p2a: Turtle|White Herb
|-clearnegativeboost|p2a: Turtle|[silent]
|
|-weather|Sandstorm|[upkeep]
|-damage|p2a: Turtle|94/100|[from] Sandstorm
|-damage|p1a: Ogerpon|82/100|[from] Sandstorm
|upkeep
|turn|5
|
|t:|1769323969
|switch|p1a: Slowking|Slowking-Galar, F|100/100
|-damage|p1a: Slowking|88/100|[from] Stealth Rock
|-terastallize|p2a: Turtle|Grass
|move|p2a: Turtle|Shell Smash|p2a: Turtle
|-unboost|p2a: Turtle|def|1
|-unboost|p2a: Turtle|spd|1
|-boost|p2a: Turtle|atk|2
|-boost|p2a: Turtle|spa|2
|-boost|p2a: Turtle|spe|2
|
|-weather|none
|-heal|p1a: Slowking|94/100|[from] item: Leftovers
|upkeep
|turn|6
|
|t:|1769323984
|move|p2a: Turtle|Liquidation|p1a: Slowking
|-damage|p1a: Slowking|0 fnt
|faint|p1a: Slowking
|
|upkeep
|inactive|Free6lackpanther has 120 seconds left.
|
|t:|1769323997
|switch|p1a: Zapdos|Zapdos|72/100
|-damage|p1a: Zapdos|47/100|[from] Stealth Rock
|turn|7
|
|t:|1769324002
|move|p2a: Turtle|Liquidation|p1a: Zapdos
|-damage|p1a: Zapdos|0 fnt
|-status|p2a: Turtle|par|[from] ability: Static|[of] p1a: Zapdos
|faint|p1a: Zapdos
|
|upkeep
|
|t:|1769324011
|switch|p1a: Scizor|Scizor, F|100/100
|-damage|p1a: Scizor|88/100|[from] Stealth Rock
|turn|8
|
|t:|1769324016
|move|p2a: Turtle|Liquidation|p1a: Scizor
|-crit|p1a: Scizor
|-damage|p1a: Scizor|0 fnt
|faint|p1a: Scizor
|
|upkeep
|
|t:|1769324021
|switch|p1a: Moltres|Moltres|100/100
|-damage|p1a: Moltres|50/100|[from] Stealth Rock
|turn|9
|
|t:|1769324026
|move|p2a: Turtle|Liquidation|p1a: Moltres
|-supereffective|p1a: Moltres
|-damage|p1a: Moltres|0 fnt
|faint|p1a: Moltres
|
|upkeep
|-message|Free6lackpanther forfeited.
|
|win|SussyMeatballer
|raw|Free6lackpanther's rating: 1332 &rarr; <strong>1313</strong><br />(-19 for losing)
|raw|SussyMeatballer's rating: 1352 &rarr; <strong>1371</strong><br />(+19 for winning)
|l|☆Free6lackpanther
|player|p1|
|l|☆SussyMeatballer
|player|p2|
