|badge|p1|silver|gen9ou|30-8
|uhtml|medal-msg|<div class="broadcast-blue">Curious what those medals under the avatar are? PS now has Ladder Seasons! For more information, check out the <a href="https://www.smogon.com/forums/threads/3740067/">thread on Smogon.</a></div>
|badge|p2|silver|gen9ou|30-8
|uhtml|medal-msg|<div class="broadcast-blue">Curious what those medals under the avatar are? PS now has Ladder Seasons! For more information, check out the <a href="https://www.smogon.com/forums/threads/3740067/">thread on Smogon.</a></div>
|j|‽ClRCUS MAXIMUS
|j|☆HO Only Bitch
|t:|1769311716
|gametype|singles
|player|p1|ClRCUS MAXIMUS|rood|1901
|player|p2|HO Only Bitch|pokekid|1985
|gen|9
|tier|[Gen 9] OU
|rated|
|rule|HP Percentage Mod: HP is shown in percentages
|rule|Endless Battle Clause: Forcing endless battles is banned
|rule|Species Clause: Limit one of each Pokémon
|rule|OHKO Clause: OHKO moves are banned
|rule|Evasion Items Clause: Evasion items are banned
|rule|Evasion Moves Clause: Evasion moves are banned
|rule|Evasion Abilities Clause: Evasion abilities are banned
|rule|Sleep Moves Clause: Sleep-inducing moves are banned
|clearpoke
|poke|p1|Ribombee, F|
|poke|p1|Gholdengo|
|poke|p1|Great Tusk|
|poke|p1|Raging Bolt|
|poke|p1|Ogerpon-Cornerstone, F|
|poke|p1|Ceruledge, F|
|poke|p2|Clodsire, M|
|poke|p2|Toxapex, M|
|poke|p2|Corviknight, F|
|poke|p2|Dondozo, M|
|poke|p2|Clefable, F|
|poke|p2|Gliscor, F|
|teampreview
|inactive|Battle timer is ON: inactive players will automatically lose when time's up. (requested by ClRCUS MAXIMUS)
|
|t:|1769311723
|teamsize|p1|6
|teamsize|p2|6
|start
|switch|p1a: Gholdengo|Gholdengo, shiny|100/100
|switch|p2a: interesting choice|Gliscor, F|100/100
|-item|p1a: Gholdengo|Air Balloon
|turn|1
|
|t:|1769311731
|switch|p1a: Ribombee|Ribombee, F, shiny|100/100
|move|p2a: interesting choice|Knock Off|p1a: Ribombee
|-resisted|p1a: Ribombee
|-damage|p1a: Ribombee|78/100
|-enditem|p1a: Ribombee|Focus Sash|[from] move: Knock Off|[of] p2a: interesting choice
|
|-status|p2a: interesting choice|tox|[from] item: Toxic Orb
|upkeep
|turn|2
|
|t:|1769311740
|move|p1a: Ribombee|Moonblast|p2a: interesting choice
|-damage|p2a: interesting choice|67/100 tox
|move|p2a: interesting choice|Toxic|p1a: Ribombee
|-status|p1a: Ribombee|tox
|
|-damage|p1a: Ribombee|72/100 tox|[from] psn
|-heal|p2a: interesting choice|80/100 tox|[from] ability: Poison Heal
|upkeep
|turn|3
|
|t:|1769311760
|switch|p2a: that’s rough|Clefable, F|100/100
|move|p1a: Ribombee|Moonblast|p2a: that’s rough
|-damage|p2a: that’s rough|62/100
|-unboost|p2a: that’s rough|spa|1
|
|-heal|p2a: that’s rough|68/100|[from] item: Leftovers
|-damage|p1a: Ribombee|60/100 tox|[from] psn
|upkeep
|turn|4
|l|‽ClRCUS MAXIMUS
|inactive|ClRCUS MAXIMUS disconnected and has a minute to reconnect!
|player|p1|
|inactive|ClRCUS MAXIMUS has 30 seconds to reconnect!
|j|‽ClRCUS MAXIMUS
|inactive|ClRCUS MAXIMUS reconnected and has 120 seconds left.
|player|p1|ClRCUS MAXIMUS|rood|
|n|‽ClRCUS MAXIMUS|clrcusmaximus
|n|‽ClRCUS MAXIMUS|clrcusmaximus
|
|t:|1769311796
|move|p1a: Ribombee|Psychic Noise|p2a: that’s rough
|-damage|p2a: that’s rough|49/100
|-start|p2a: that’s rough|move: Heal Block
|cant|p2a: that’s rough|move: Heal Block|Moonlight
|
|-damage|p1a: Ribombee|41/100 tox|[from] psn
|upkeep
|turn|5
|
|t:|1769311807
|move|p1a: Ribombee|Moonblast|p2a: that’s rough
|-damage|p2a: that’s rough|11/100
|move|p2a: that’s rough|Moonblast|p1a: Ribombee
|-damage|p1a: Ribombee|3/100 tox
|
|-damage|p1a: Ribombee|0 fnt|[from] psn
|faint|p1a: Ribombee
|-end|p2a: that’s rough|move: Heal Block
|upkeep
|
|t:|1769311815
|switch|p1a: Gholdengo|Gholdengo, shiny|100/100
|-item|p1a: Gholdengo|Air Balloon
|turn|6
|
|t:|1769311823
|move|p1a: Gholdengo|Nasty Plot|p1a: Gholdengo
|-boost|p1a: Gholdengo|spa|2
|move|p2a: that’s rough|Knock Off|p1a: Gholdengo
|-supereffective|p1a: Gholdengo
|-damage|p1a: Gholdengo|67/100
|-enditem|p1a: Gholdengo|Air Balloon
|
|-heal|p2a: that’s rough|17/100|[from] item: Leftovers
|upkeep
|turn|7
|
|t:|1769311849
|move|p1a: Gholdengo|Shadow Ball|p2a: that’s rough
|-damage|p2a: that’s rough|0 fnt
|faint|p2a: that’s rough
|
|upkeep
|
|t:|1769311855
|switch|p2a: ok|Clodsire, M|100/100
|turn|8
|
|t:|1769311868
|move|p1a: Gholdengo|Psyshock|p2a: ok
|-supereffective|p2a: ok
|-damage|p2a: ok|33/100
|move|p2a: ok|Recover|p2a: ok
|-heal|p2a: ok|83/100
|
|upkeep
|turn|9
|inactive|HO Only Bitch has 120 seconds left.
|
|t:|1769311892
|move|p1a: Gholdengo|Focus Blast|p2a: ok
|-resisted|p2a: ok
|-damage|p2a: ok|71/100
|-unboost|p2a: ok|spd|1
|move|p2a: ok|Recover|p2a: ok
|-heal|p2a: ok|100/100
|
|upkeep
|turn|10
|inactive|HO Only Bitch has 120 seconds left.
|
|t:|1769311911
|switch|p2a: sure|Dondozo, M|100/100
|move|p1a: Gholdengo|Shadow Ball|p2a: sure
|-damage|p2a: sure|53/100
|
|-heal|p2a: sure|60/100|[from] item: Leftovers
|upkeep
|turn|11
|
|t:|1769311930
|move|p1a: Gholdengo|Nasty Plot|p1a: Gholdengo
|-boost|p1a: Gholdengo|spa|2
|move|p2a: sure|Rest|p2a: sure
|-status|p2a: sure|slp|[from] move: Rest
|-heal|p2a: sure|100/100 slp|[silent]
|
|upkeep
|turn|12
|
|t:|1769311950
|switch|p2a: ok|Clodsire, M|100/100
|move|p1a: Gholdengo|Shadow Ball|p2a: ok
|-damage|p2a: ok|75/100
|
|upkeep
|turn|13
|
|t:|1769311958
|-terastallize|p2a: ok|Dark
|move|p1a: Gholdengo|Psyshock|p2a: ok
|-immune|p2a: ok
|move|p2a: ok|Bulldoze|p1a: Gholdengo
|-supereffective|p1a: Gholdengo
|-damage|p1a: Gholdengo|30/100
|-unboost|p1a: Gholdengo|spe|1
|
|upkeep
|turn|14
|
|t:|1769311970
|move|p1a: Gholdengo|Focus Blast|p2a: ok
|-supereffective|p2a: ok
|-damage|p2a: ok|27/100
|move|p2a: ok|Recover|p2a: ok
|-heal|p2a: ok|77/100
|
|upkeep
|turn|15
|
|t:|1769311978
|switch|p1a: Great Tusk|Great Tusk, shiny|100/100
|-enditem|p1a: Great Tusk|Booster Energy
|-activate|p1a: Great Tusk|ability: Protosynthesis|[fromitem]
|-start|p1a: Great Tusk|protosynthesisatk
|move|p2a: ok|Recover|p2a: ok
|-heal|p2a: ok|100/100
|
|upkeep
|turn|16
|inactive|HO Only Bitch has 120 seconds left.
|
|t:|1769311990
|switch|p2a: sure|Dondozo, M|100/100 slp
|move|p1a: Great Tusk|Close Combat|p2a: sure
|-damage|p2a: sure|62/100 slp
|-unboost|p1a: Great Tusk|def|1
|-unboost|p1a: Great Tusk|spd|1
|
|-heal|p2a: sure|68/100 slp|[from] item: Leftovers
|upkeep
|turn|17
|inactive|HO Only Bitch has 120 seconds left.
|
|t:|1769312000
|move|p1a: Great Tusk|Close Combat|p2a: sure
|-damage|p2a: sure|32/100 slp
|-unboost|p1a: Great Tusk|def|1
|-unboost|p1a: Great Tusk|spd|1
|cant|p2a: sure|slp
|move|p2a: sure|Sleep Talk|p2a: sure
|move|p2a: sure|Crunch|p1a: Great Tusk|[from] move: Sleep Talk
|-resisted|p1a: Great Tusk
|-damage|p1a: Great Tusk|94/100
|
|-heal|p2a: sure|38/100 slp|[from] item: Leftovers
|upkeep
|turn|18
|inactive|HO Only Bitch has 120 seconds left.
|
|t:|1769312015
|switch|p2a: fine|Toxapex, M|100/100
|move|p1a: Great Tusk|Close Combat|p2a: fine
|-resisted|p2a: fine
|-damage|p2a: fine|78/100
|-unboost|p1a: Great Tusk|def|1
|-unboost|p1a: Great Tusk|spd|1
|
|-heal|p2a: fine|84/100|[from] item: Leftovers
|upkeep
|turn|19
|
|t:|1769312026
|move|p2a: fine|Baneful Bunker|p2a: fine
|-singleturn|p2a: fine|move: Protect
|move|p1a: Great Tusk|Headlong Rush|p2a: fine
|-activate|p2a: fine|move: Protect
|-status|p1a: Great Tusk|psn
|
|-heal|p2a: fine|90/100|[from] item: Leftovers
|-damage|p1a: Great Tusk|82/100 psn|[from] psn
|upkeep
|turn|20
|
|t:|1769312038
|switch|p2a: interesting choice|Gliscor, F|80/100 tox
|move|p1a: Great Tusk|Headlong Rush|p2a: interesting choice
|-immune|p2a: interesting choice
|
|-damage|p1a: Great Tusk|69/100 psn|[from] psn
|-heal|p2a: interesting choice|92/100 tox|[from] ability: Poison Heal
|upkeep
|turn|21
|
|t:|1769312059
|-end|p1a: Great Tusk|Protosynthesis|[silent]
|switch|p1a: Gholdengo|Gholdengo, shiny|30/100
|move|p2a: interesting choice|Protect||[still]
|-fail|p2a: interesting choice
|
|-heal|p2a: interesting choice|100/100 tox|[from] ability: Poison Heal
|upkeep
|turn|22
|inactive|HO Only Bitch has 120 seconds left.
|
|t:|1769312067
|move|p1a: Gholdengo|Shadow Ball|p2a: interesting choice
|-damage|p2a: interesting choice|60/100 tox
|move|p2a: interesting choice|Knock Off|p1a: Gholdengo
|-supereffective|p1a: Gholdengo
|-damage|p1a: Gholdengo|0 fnt
|faint|p1a: Gholdengo
|
|-heal|p2a: interesting choice|72/100 tox|[from] ability: Poison Heal
|upkeep
|
|t:|1769312088
|switch|p1a: Ogerpon|Ogerpon-Cornerstone, F|100/100
|turn|23
|
|t:|1769312096
|move|p1a: Ogerpon|Ivy Cudgel|p2a: interesting choice|[anim] Ivy Cudgel Rock
|-damage|p2a: interesting choice|17/100 tox
|move|p2a: interesting choice|Toxic|p1a: Ogerpon
|-status|p1a: Ogerpon|tox
|
|-damage|p1a: Ogerpon|95/100 tox|[from] psn
|-heal|p2a: interesting choice|30/100 tox|[from] ability: Poison Heal
|upkeep
|turn|24
|
|t:|1769312115
|move|p2a: interesting choice|Protect|p2a: interesting choice
|-singleturn|p2a: interesting choice|Protect
|move|p1a: Ogerpon|Ivy Cudgel|p2a: interesting choice|[anim] Ivy Cudgel Rock
|-activate|p2a: interesting choice|move: Protect
|
|-damage|p1a: Ogerpon|83/100 tox|[from] psn
|-heal|p2a: interesting choice|42/100 tox|[from] ability: Poison Heal
|upkeep
|turn|25
|
|t:|1769312125
|switch|p2a: fine|Toxapex, M|100/100
|move|p1a: Ogerpon|Ivy Cudgel|p2a: fine|[anim] Ivy Cudgel Rock
|-damage|p2a: fine|60/100
|
|-heal|p2a: fine|66/100|[from] item: Leftovers
|-damage|p1a: Ogerpon|65/100 tox|[from] psn
|upkeep
|turn|26
|
|t:|1769312142
|switch|p1a: Raging Bolt|Raging Bolt|100/100
|-enditem|p1a: Raging Bolt|Booster Energy
|-activate|p1a: Raging Bolt|ability: Protosynthesis|[fromitem]
|-start|p1a: Raging Bolt|protosynthesisspa
|move|p2a: fine|Recover|p2a: fine
|-heal|p2a: fine|100/100
|
|upkeep
|turn|27
|inactive|ClRCUS MAXIMUS has 120 seconds left.
|
|t:|1769312186
|switch|p2a: ok|Clodsire, M, tera:Dark|100/100
|move|p1a: Raging Bolt|Thunderbolt|p2a: ok
|-damage|p2a: ok|65/100
|
|upkeep
|turn|28
|inactive|ClRCUS MAXIMUS has 120 seconds left.
|
|t:|1769312199
|-end|p1a: Raging Bolt|Protosynthesis|[silent]
|switch|p1a: Great Tusk|Great Tusk, shiny|69/100 psn
|move|p2a: ok|Recover|p2a: ok
|-heal|p2a: ok|100/100
|
|-damage|p1a: Great Tusk|57/100 psn|[from] psn
|upkeep
|turn|29
|inactive|ClRCUS MAXIMUS has 120 seconds left.
|j| guanidoo
|
|t:|1769312213
|switch|p2a: fine|Toxapex, M|100/100
|move|p1a: Great Tusk|Ice Spinner|p2a: fine
|-resisted|p2a: fine
|-damage|p2a: fine|93/100
|
|-heal|p2a: fine|99/100|[from] item: Leftovers
|-damage|p1a: Great Tusk|44/100 psn|[from] psn
|upkeep
|turn|30
|j| randobandoditotito
|inactive|ClRCUS MAXIMUS has 120 seconds left.
|
|t:|1769312223
|move|p1a: Great Tusk|Ice Spinner|p2a: fine
|-resisted|p2a: fine
|-damage|p2a: fine|90/100
|move|p2a: fine|Infestation|p1a: Great Tusk
|-resisted|p1a: Great Tusk
|-damage|p1a: Great Tusk|43/100 psn
|-activate|p1a: Great Tusk|move: Infestation|[of] p2a: fine
|
|-heal|p2a: fine|96/100|[from] item: Leftovers
|-damage|p1a: Great Tusk|30/100 psn|[from] psn
|-damage|p1a: Great Tusk|18/100 psn|[from] move: Infestation|[partiallytrapped]
|upkeep
|turn|31
|
|t:|1769312234
|move|p2a: fine|Baneful Bunker|p2a: fine
|-singleturn|p2a: fine|move: Protect
|move|p1a: Great Tusk|Ice Spinner|p2a: fine
|-activate|p2a: fine|move: Protect
|
|-heal|p2a: fine|100/100|[from] item: Leftovers
|-damage|p1a: Great Tusk|5/100 psn|[from] psn
|-damage|p1a: Great Tusk|0 fnt|[from] move: Infestation|[partiallytrapped]
|faint|p1a: Great Tusk
|-end|p1a: Great Tusk|Protosynthesis|[silent]
|upkeep
|
|t:|1769312240
|switch|p1a: Raging Bolt|Raging Bolt|100/100
|turn|32
|inactive|ClRCUS MAXIMUS has 120 seconds left.
|
|t:|1769312262
|switch|p2a: ok|Clodsire, M, tera:Dark|100/100
|move|p1a: Raging Bolt|Thunderbolt|p2a: ok
|-damage|p2a: ok|70/100
|
|upkeep
|turn|33
|inactive|ClRCUS MAXIMUS has 120 seconds left.
|
|t:|1769312282
|-end|p1a: Raging Bolt|Protosynthesis|[silent]
|switch|p1a: Ceruledge|Ceruledge, F, shiny|100/100
|move|p2a: ok|Stealth Rock|p1a: Ceruledge
|-sidestart|p1: ClRCUS MAXIMUS|move: Stealth Rock
|
|upkeep
|turn|34
|j| SupaGmoney
|inactive|HO Only Bitch has 120 seconds left.
|
|t:|1769312329
|switch|p2a: fine|Toxapex, M|100/100
|move|p1a: Ceruledge|Swords Dance|p1a: Ceruledge
|-boost|p1a: Ceruledge|atk|2
|
|upkeep
|turn|35
|
|t:|1769312337
|move|p1a: Ceruledge|Poltergeist|p2a: fine
|-activate|p2a: fine|move: Poltergeist|Leftovers
|-damage|p2a: fine|21/100
|move|p2a: fine|Poison Jab|p1a: Ceruledge
|-resisted|p1a: Ceruledge
|-damage|p1a: Ceruledge|86/100
|-ability|p1a: Ceruledge|Weak Armor|boost
|-unboost|p1a: Ceruledge|def|1
|-boost|p1a: Ceruledge|spe|2
|
|-heal|p2a: fine|27/100|[from] item: Leftovers
|upkeep
|turn|36
|inactive|HO Only Bitch has 120 seconds left.
|
|t:|1769312354
|move|p2a: fine|Baneful Bunker|p2a: fine
|-singleturn|p2a: fine|move: Protect
|move|p1a: Ceruledge|Poltergeist|p2a: fine
|-activate|p2a: fine|move: Protect
|
|-heal|p2a: fine|33/100|[from] item: Leftovers
|upkeep
|turn|37
|inactive|HO Only Bitch has 120 seconds left.
|
|t:|1769312371
|switch|p2a: not yet|Corviknight, F|100/100
|-ability|p2a: not yet|Pressure
|move|p1a: Ceruledge|Poltergeist|p2a: not yet
|-activate|p2a: not yet|move: Poltergeist|Leftovers
|-damage|p2a: not yet|1/100
|
|-heal|p2a: not yet|8/100|[from] item: Leftovers
|upkeep
|turn|38
|inactive|HO Only Bitch has 120 seconds left.
|
|t:|1769312382
|switch|p2a: fine|Toxapex, M|66/100
|move|p1a: Ceruledge|Shadow Sneak|p2a: fine
|-damage|p2a: fine|37/100
|
|-heal|p2a: fine|43/100|[from] item: Leftovers
|upkeep
|turn|39
|
|t:|1769312397
|move|p1a: Ceruledge|Swords Dance|p1a: Ceruledge
|-boost|p1a: Ceruledge|atk|2
|move|p2a: fine|Poison Jab|p1a: Ceruledge
|-resisted|p1a: Ceruledge
|-damage|p1a: Ceruledge|65/100
|-status|p1a: Ceruledge|psn
|-ability|p1a: Ceruledge|Weak Armor|boost
|-unboost|p1a: Ceruledge|def|1
|-boost|p1a: Ceruledge|spe|2
|
|-heal|p2a: fine|49/100|[from] item: Leftovers
|-damage|p1a: Ceruledge|52/100 psn|[from] psn
|upkeep
|turn|40
|
|t:|1769312410
|move|p2a: fine|Baneful Bunker|p2a: fine
|-singleturn|p2a: fine|move: Protect
|move|p1a: Ceruledge|Swords Dance|p1a: Ceruledge
|-boost|p1a: Ceruledge|atk|2
|
|-heal|p2a: fine|55/100|[from] item: Leftovers
|-damage|p1a: Ceruledge|40/100 psn|[from] psn
|upkeep
|turn|41
|
|t:|1769312420
|switch|p2a: not yet|Corviknight, F|8/100
|-ability|p2a: not yet|Pressure
|move|p1a: Ceruledge|Shadow Sneak|p2a: not yet
|-damage|p2a: not yet|0 fnt
|faint|p2a: not yet
|
|-damage|p1a: Ceruledge|28/100 psn|[from] psn
|upkeep
|
|t:|1769312430
|switch|p2a: sure|Dondozo, M|38/100 slp
|turn|42
|j| FaronAan
|
|t:|1769312450
|move|p1a: Ceruledge|Poltergeist|p2a: sure
|-activate|p2a: sure|move: Poltergeist|Leftovers
|-damage|p2a: sure|11/100 slp
|cant|p2a: sure|slp
|move|p2a: sure|Sleep Talk|p2a: sure
|move|p2a: sure|Crunch|p1a: Ceruledge|[from] move: Sleep Talk
|-supereffective|p1a: Ceruledge
|-damage|p1a: Ceruledge|0 fnt
|faint|p1a: Ceruledge
|
|-heal|p2a: sure|17/100 slp|[from] item: Leftovers
|upkeep
|
|t:|1769312455
|switch|p1a: Ogerpon|Ogerpon-Cornerstone, F|65/100 tox
|-damage|p1a: Ogerpon|52/100 tox|[from] Stealth Rock
|turn|43
|
|t:|1769312467
|move|p1a: Ogerpon|Ivy Cudgel|p2a: sure|[anim] Ivy Cudgel Rock
|-damage|p2a: sure|0 fnt
|faint|p2a: sure
|
|-damage|p1a: Ogerpon|46/100 tox|[from] psn
|upkeep
|
|t:|1769312474
|switch|p2a: interesting choice|Gliscor, F|42/100 tox
|turn|44
|
|t:|1769312478
|switch|p1a: Raging Bolt|Raging Bolt|100/100
|-damage|p1a: Raging Bolt|88/100|[from] Stealth Rock
|move|p2a: interesting choice|Protect||[still]
|-fail|p2a: interesting choice
|
|-heal|p2a: interesting choice|55/100 tox|[from] ability: Poison Heal
|upkeep
|turn|45
|
|t:|1769312487
|move|p1a: Raging Bolt|Dragon Pulse|p2a: interesting choice
|-damage|p2a: interesting choice|12/100 tox
|move|p2a: interesting choice|Toxic|p1a: Raging Bolt
|-status|p1a: Raging Bolt|tox
|
|-damage|p1a: Raging Bolt|82/100 tox|[from] psn
|-heal|p2a: interesting choice|24/100 tox|[from] ability: Poison Heal
|upkeep
|turn|46
|
|t:|1769312497
|move|p2a: interesting choice|Protect|p2a: interesting choice
|-singleturn|p2a: interesting choice|Protect
|move|p1a: Raging Bolt|Dragon Pulse|p2a: interesting choice
|-activate|p2a: interesting choice|move: Protect
|
|-damage|p1a: Raging Bolt|70/100 tox|[from] psn
|-heal|p2a: interesting choice|37/100 tox|[from] ability: Poison Heal
|upkeep
|turn|47
|
|t:|1769312509
|-end|p1a: Raging Bolt|Protosynthesis|[silent]
|switch|p1a: Ogerpon|Ogerpon-Cornerstone, F|46/100 tox
|-damage|p1a: Ogerpon|34/100 tox|[from] Stealth Rock
|switch|p2a: ok|Clodsire, M, tera:Dark|70/100
|
|-damage|p1a: Ogerpon|28/100 tox|[from] psn
|upkeep
|turn|48
|
|t:|1769312517
|switch|p2a: fine|Toxapex, M|89/100
|-terastallize|p1a: Ogerpon|Rock
|detailschange|p1a: Ogerpon|Ogerpon-Cornerstone-Tera, F, tera:Rock
|-ability|p1a: Ogerpon|Embody Aspect (Cornerstone)|boost
|-boost|p1a: Ogerpon|def|1
|move|p1a: Ogerpon|Ivy Cudgel|p2a: fine|[anim] Ivy Cudgel Rock
|-damage|p2a: fine|33/100
|
|-heal|p2a: fine|39/100|[from] item: Leftovers
|-damage|p1a: Ogerpon|16/100 tox|[from] psn
|upkeep
|turn|49
|l| guanidoo
|-message|ClRCUS MAXIMUS forfeited.
|
|win|HO Only Bitch
|raw|ClRCUS MAXIMUS's rating: 1901 &rarr; <strong>1886</strong><br />(-15 for losing)
|raw|HO Only Bitch's rating: 1985 &rarr; <strong>2000</strong><br />(+15 for winning)
|l|‽ClRCUS MAXIMUS
|player|p1|
|l| FaronAan
|l|☆HO Only Bitch
|player|p2|
