|j|☆zigachad
|j|☆pospo
|t:|1769410736
|gametype|singles
|player|p1|zigachad|unknown|1370
|player|p2|pospo|blaine|1412
|gen|9
|tier|[Gen 9] OU
|rated|
|rule|HP Percentage Mod: HP is shown in percentages
|rule|Endless Battle Clause: Forcing endless battles is banned
|rule|Species Clause: Limit one of each Pokémon
|rule|OHKO Clause: OHKO moves are banned
|rule|Evasion Items Clause: Evasion items are banned
|rule|Evasion Moves Clause: Evasion moves are banned
|rule|Evasion Abilities Clause: Evasion abilities are banned
|rule|Sleep Moves Clause: Sleep-inducing moves are banned
|clearpoke
|poke|p1|Metagross|
|poke|p1|Zapdos|
|poke|p1|Arcanine-Hisui, F|
|poke|p1|Greninja-*, M|
|poke|p1|Ogerpon, F|
|poke|p1|Great Tusk|
|poke|p2|Hoopa-Unbound|
|poke|p2|Slowking-Galar, F|
|poke|p2|Alomomola, F|
|poke|p2|Zamazenta-*|
|poke|p2|Great Tusk|
|poke|p2|Kingambit, F|
|teampreview
|inactive|Battle timer is ON: inactive players will automatically lose when time's up. (requested by zigachad)
|inactive|pospo has 120 seconds left.
|inactive|pospo has 90 seconds left.
|
|t:|1769410808
|teamsize|p1|6
|teamsize|p2|6
|start
|switch|p1a: Great Tusk|Great Tusk|100/100
|switch|p2a: Great Tusk|Great Tusk|100/100
|turn|1
|
|t:|1769410836
|move|p2a: Great Tusk|Ice Spinner|p1a: Great Tusk
|-supereffective|p1a: Great Tusk
|-crit|p1a: Great Tusk
|-damage|p1a: Great Tusk|50/100
|move|p1a: Great Tusk|Stealth Rock|p2a: Great Tusk
|-sidestart|p2: pospo|move: Stealth Rock
|
|-heal|p1a: Great Tusk|56/100|[from] item: Leftovers
|upkeep
|turn|2
|
|t:|1769410851
|-end|p1a: Great Tusk|Protosynthesis|[silent]
|switch|p1a: Greninja|Greninja, M|100/100
|move|p2a: Great Tusk|Rapid Spin|p1a: Greninja
|-damage|p1a: Greninja|73/100
|-boost|p2a: Great Tusk|spe|1
|-sideend|p2: pospo|Stealth Rock|[from] move: Rapid Spin|[of] p2a: Great Tusk
|
|upkeep
|turn|3
|
|t:|1769410861
|move|p2a: Great Tusk|Headlong Rush|p1a: Greninja
|-damage|p1a: Greninja|0 fnt
|-unboost|p2a: Great Tusk|def|1
|-unboost|p2a: Great Tusk|spd|1
|faint|p1a: Greninja
|
|upkeep
|
|t:|1769410867
|switch|p1a: Ogerpon|Ogerpon, F|100/100
|turn|4
|inactive|pospo has 120 seconds left.
|
|t:|1769410899
|-end|p2a: Great Tusk|Protosynthesis|[silent]
|switch|p2a: Zamazenta|Zamazenta|100/100
|-ability|p2a: Zamazenta|Dauntless Shield|boost
|-boost|p2a: Zamazenta|def|1
|move|p1a: Ogerpon|Swords Dance|p1a: Ogerpon
|-boost|p1a: Ogerpon|atk|2
|
|upkeep
|turn|5
|
|t:|1769410907
|-terastallize|p1a: Ogerpon|Grass
|detailschange|p1a: Ogerpon|Ogerpon-Teal-Tera, F, tera:Grass
|-ability|p1a: Ogerpon|Embody Aspect (Teal)|boost
|-boost|p1a: Ogerpon|spe|1
|move|p1a: Ogerpon|Ivy Cudgel|p2a: Zamazenta
|-damage|p2a: Zamazenta|13/100
|-damage|p1a: Ogerpon|91/100|[from] item: Life Orb
|move|p2a: Zamazenta|Iron Defense|p2a: Zamazenta
|-boost|p2a: Zamazenta|def|2
|
|-heal|p2a: Zamazenta|19/100|[from] item: Leftovers
|upkeep
|turn|6
|inactive|pospo has 120 seconds left.
|
|t:|1769410936
|move|p1a: Ogerpon|Ivy Cudgel|p2a: Zamazenta
|-damage|p2a: Zamazenta|0 fnt
|faint|p2a: Zamazenta
|-damage|p1a: Ogerpon|81/100|[from] item: Life Orb
|
|upkeep
|
|t:|1769410944
|switch|p2a: Great Tusk|Great Tusk|100/100
|turn|7
|
|t:|1769410947
|-terastallize|p2a: Great Tusk|Steel
|move|p1a: Ogerpon|Ivy Cudgel|p2a: Great Tusk
|-resisted|p2a: Great Tusk
|-crit|p2a: Great Tusk
|-damage|p2a: Great Tusk|8/100
|-damage|p1a: Ogerpon|71/100|[from] item: Life Orb
|move|p2a: Great Tusk|Ice Spinner|p1a: Ogerpon
|-supereffective|p1a: Ogerpon
|-damage|p1a: Ogerpon|0 fnt
|faint|p1a: Ogerpon
|detailschange|p1: Ogerpon|Ogerpon, F|[silent]
|
|upkeep
|
|t:|1769410961
|switch|p1a: Metagross|Metagross|100/100
|turn|8
|
|t:|1769410969
|-end|p2a: Great Tusk|Protosynthesis|[silent]
|switch|p2a: Alomomola|Alomomola, F|100/100
|move|p1a: Metagross|Bullet Punch|p2a: Alomomola
|-resisted|p2a: Alomomola
|-damage|p2a: Alomomola|94/100
|
|upkeep
|turn|9
|
|t:|1769410976
|move|p1a: Metagross|Knock Off|p2a: Alomomola
|-damage|p2a: Alomomola|73/100
|-enditem|p2a: Alomomola|Heavy-Duty Boots|[from] move: Knock Off|[of] p1a: Metagross
|move|p2a: Alomomola|Wish|p2a: Alomomola
|
|upkeep
|turn|10
|
|t:|1769410982
|move|p1a: Metagross|Psychic Fangs|p2a: Alomomola
|-damage|p2a: Alomomola|46/100
|move|p2a: Alomomola|Flip Turn|p1a: Metagross
|-damage|p1a: Metagross|88/100
|
|t:|1769410987
|switch|p2a: Great Tusk|Great Tusk, tera:Steel|8/100|[from] Flip Turn
|
|-heal|p2a: Great Tusk|71/100|[from] move: Wish|[wisher] Alomomola
|upkeep
|turn|11
|
|t:|1769410996
|move|p2a: Great Tusk|Stealth Rock|p1a: Metagross
|-sidestart|p1: zigachad|move: Stealth Rock
|move|p1a: Metagross|Knock Off|p2a: Great Tusk
|-damage|p2a: Great Tusk|44/100
|-enditem|p2a: Great Tusk|Heavy-Duty Boots|[from] move: Knock Off|[of] p1a: Metagross
|
|upkeep
|turn|12
|
|t:|1769411005
|move|p2a: Great Tusk|Headlong Rush|p1a: Metagross
|-supereffective|p1a: Metagross
|-damage|p1a: Metagross|0 fnt
|-unboost|p2a: Great Tusk|def|1
|-unboost|p2a: Great Tusk|spd|1
|faint|p1a: Metagross
|
|upkeep
|-message|zigachad forfeited.
|
|win|pospo
|raw|zigachad's rating: 1370 &rarr; <strong>1352</strong><br />(-18 for losing)
|raw|pospo's rating: 1412 &rarr; <strong>1430</strong><br />(+18 for winning)
|l|☆zigachad
|player|p1|
|l|☆pospo
|player|p2|
