|j|☆blackbeltdrew
|j|☆TangelaMerkel7
|t:|1769308947
|gametype|singles
|player|p1|blackbeltdrew|blackbelt-gen4dp|1019
|player|p2|TangelaMerkel7|n|1078
|gen|9
|tier|[Gen 9] OU
|rated|
|rule|HP Percentage Mod: HP is shown in percentages
|rule|Endless Battle Clause: Forcing endless battles is banned
|rule|Species Clause: Limit one of each Pokémon
|rule|OHKO Clause: OHKO moves are banned
|rule|Evasion Items Clause: Evasion items are banned
|rule|Evasion Moves Clause: Evasion moves are banned
|rule|Evasion Abilities Clause: Evasion abilities are banned
|rule|Sleep Moves Clause: Sleep-inducing moves are banned
|clearpoke
|poke|p1|Gyarados, M|
|poke|p1|Electivire, M|
|poke|p1|Tatsugiri, M|
|poke|p1|Goodra-Hisui, M|
|poke|p1|Arcanine-Hisui, M|
|poke|p1|Decidueye-Hisui, F|
|poke|p2|Cinderace, M|
|poke|p2|Heracross, M|
|poke|p2|Gengar, M|
|poke|p2|Gholdengo|
|poke|p2|Zangoose, M|
|poke|p2|Luxray, M|
|teampreview
|inactive|Battle timer is ON: inactive players will automatically lose when time's up. (requested by TangelaMerkel7)
|
|t:|1769308952
|teamsize|p1|6
|teamsize|p2|6
|start
|switch|p1a: Gyarados|Gyarados, M, shiny|100/100
|switch|p2a: Gorgonzola|Gengar, M|100/100
|turn|1
|
|t:|1769308961
|move|p2a: Gorgonzola|Toxic Spikes|p1a: Gyarados
|-sidestart|p1: blackbeltdrew|move: Toxic Spikes
|move|p1a: Gyarados|Dragon Dance|p1a: Gyarados
|-boost|p1a: Gyarados|atk|1
|-boost|p1a: Gyarados|spe|1
|
|upkeep
|turn|2
|
|t:|1769308971
|move|p1a: Gyarados|Earthquake|p2a: Gorgonzola
|-supereffective|p2a: Gorgonzola
|-enditem|p2a: Gorgonzola|Focus Sash
|-damage|p2a: Gorgonzola|1/100
|move|p2a: Gorgonzola|Shadow Ball|p1a: Gyarados
|-damage|p1a: Gyarados|54/100
|
|upkeep
|turn|3
|inactive|TangelaMerkel7 has 120 seconds left.
|
|t:|1769309005
|move|p1a: Gyarados|Waterfall|p2a: Gorgonzola
|-damage|p2a: Gorgonzola|0 fnt
|faint|p2a: Gorgonzola
|-ability|p1a: Gyarados|Moxie|boost
|-boost|p1a: Gyarados|atk|1
|
|upkeep
|inactive|TangelaMerkel7 has 120 seconds left.
|
|t:|1769309020
|switch|p2a: Zangouda|Zangoose, M|100/100
|turn|4
|inactive|TangelaMerkel7 has 120 seconds left.
|
|t:|1769309035
|-terastallize|p2a: Zangouda|Normal
|move|p2a: Zangouda|Facade|p1a: Gyarados
|-damage|p1a: Gyarados|0 fnt
|faint|p1a: Gyarados
|
|upkeep
|
|t:|1769309042
|switch|p1a: Electivire|Electivire, M, shiny|100/100
|-status|p1a: Electivire|psn
|turn|5
|inactive|TangelaMerkel7 has 120 seconds left.
|
|t:|1769309054
|switch|p2a: Cracker|Gholdengo|100/100
|-item|p2a: Cracker|Air Balloon
|move|p1a: Electivire|Cross Chop|p2a: Cracker
|-immune|p2a: Cracker
|
|-damage|p1a: Electivire|88/100 psn|[from] psn
|upkeep
|turn|6
|inactive|TangelaMerkel7 has 120 seconds left.
|
|t:|1769309072
|move|p1a: Electivire|Fire Punch|p2a: Cracker
|-supereffective|p2a: Cracker
|-damage|p2a: Cracker|30/100
|-enditem|p2a: Cracker|Air Balloon
|move|p2a: Cracker|Shadow Ball|p1a: Electivire
|-damage|p1a: Electivire|35/100 psn
|-unboost|p1a: Electivire|spd|1
|
|-damage|p1a: Electivire|22/100 psn|[from] psn
|upkeep
|turn|7
|inactive|TangelaMerkel7 has 120 seconds left.
|
|t:|1769309086
|move|p1a: Electivire|Fire Punch|p2a: Cracker
|-supereffective|p2a: Cracker
|-damage|p2a: Cracker|0 fnt
|faint|p2a: Cracker
|
|-damage|p1a: Electivire|10/100 psn|[from] psn
|upkeep
|
|t:|1769309093
|switch|p2a: Roquefort|Cinderace, M|100/100
|turn|8
|
|t:|1769309099
|move|p2a: Roquefort|Court Change|p2a: Roquefort
|-swapsideconditions
|-activate|p2a: Roquefort|move: Court Change
|move|p1a: Electivire|Supercell Slam|p2a: Roquefort
|-damage|p2a: Roquefort|29/100
|
|-damage|p1a: Electivire|0 fnt|[from] psn
|faint|p1a: Electivire
|upkeep
|
|t:|1769309109
|switch|p1a: Arcanine|Arcanine-Hisui, M|100/100
|turn|9
|
|t:|1769309120
|move|p1a: Arcanine|Extreme Speed|p2a: Roquefort
|-damage|p2a: Roquefort|0 fnt
|faint|p2a: Roquefort
|
|upkeep
|
|t:|1769309133
|switch|p2a: Haloumi|Heracross, M|100/100
|-status|p2a: Haloumi|psn
|turn|10
|
|t:|1769309138
|move|p2a: Haloumi|Earthquake|p1a: Arcanine
|-supereffective|p1a: Arcanine
|-damage|p1a: Arcanine|0 fnt
|faint|p1a: Arcanine
|
|-damage|p2a: Haloumi|88/100 psn|[from] psn
|upkeep
|
|t:|1769309145
|switch|p1a: Tatsugiri|Tatsugiri, M|100/100
|turn|11
|
|t:|1769309149
|move|p2a: Haloumi|Earthquake|p1a: Tatsugiri
|-enditem|p1a: Tatsugiri|Focus Sash
|-damage|p1a: Tatsugiri|1/100
|move|p1a: Tatsugiri|Hydro Pump|p2a: Haloumi
|-damage|p2a: Haloumi|21/100 psn
|
|-damage|p2a: Haloumi|9/100 psn|[from] psn
|upkeep
|turn|12
|
|t:|1769309160
|move|p2a: Haloumi|Earthquake|p1a: Tatsugiri
|-damage|p1a: Tatsugiri|0 fnt
|faint|p1a: Tatsugiri
|
|-damage|p2a: Haloumi|0 fnt|[from] psn
|faint|p2a: Haloumi
|upkeep
|
|t:|1769309172
|switch|p2a: Lünberg|Luxray, M|100/100
|switch|p1a: Decidueye|Decidueye-Hisui, F, shiny|100/100
|-status|p2a: Lünberg|psn
|turn|13
|
|t:|1769309187
|move|p2a: Lünberg|Play Rough|p1a: Decidueye
|-supereffective|p1a: Decidueye
|-damage|p1a: Decidueye|0 fnt
|faint|p1a: Decidueye
|
|-damage|p2a: Lünberg|88/100 psn|[from] psn
|upkeep
|
|t:|1769309194
|switch|p1a: Goodra|Goodra-Hisui, M|100/100
|turn|14
|
|t:|1769309199
|move|p2a: Lünberg|Play Rough|p1a: Goodra
|-damage|p1a: Goodra|57/100
|-unboost|p1a: Goodra|atk|1
|move|p1a: Goodra|Dragon Pulse|p2a: Lünberg
|-damage|p2a: Lünberg|25/100 psn
|
|-damage|p2a: Lünberg|13/100 psn|[from] psn
|upkeep
|turn|15
|
|t:|1769309210
|move|p2a: Lünberg|Play Rough|p1a: Goodra
|-damage|p1a: Goodra|19/100
|move|p1a: Goodra|Dragon Pulse|p2a: Lünberg
|-damage|p2a: Lünberg|0 fnt
|faint|p2a: Lünberg
|
|upkeep
|
|t:|1769309217
|switch|p2a: Zangouda|Zangoose, M, tera:Normal|100/100
|-status|p2a: Zangouda|psn
|turn|16
|
|t:|1769309223
|move|p2a: Zangouda|Close Combat|p1a: Goodra
|-supereffective|p1a: Goodra
|-damage|p1a: Goodra|0 fnt
|-unboost|p2a: Zangouda|def|1
|-unboost|p2a: Zangouda|spd|1
|faint|p1a: Goodra
|
|win|TangelaMerkel7
|raw|blackbeltdrew's rating: 1019 &rarr; <strong>1008</strong><br />(-11 for losing)
|raw|TangelaMerkel7's rating: 1078 &rarr; <strong>1102</strong><br />(+24 for winning)
|l|☆blackbeltdrew
|player|p1|
