|j|☆Heroinmaster187
|j|☆icebrrg
|t:|1769363232
|gametype|singles
|player|p1|Heroinmaster187|sabrina|1405
|player|p2|icebrrg|clerk|1439
|gen|9
|tier|[Gen 9] OU
|rated|
|rule|HP Percentage Mod: HP is shown in percentages
|rule|Endless Battle Clause: Forcing endless battles is banned
|rule|Species Clause: Limit one of each Pokémon
|rule|OHKO Clause: OHKO moves are banned
|rule|Evasion Items Clause: Evasion items are banned
|rule|Evasion Moves Clause: Evasion moves are banned
|rule|Evasion Abilities Clause: Evasion abilities are banned
|rule|Sleep Moves Clause: Sleep-inducing moves are banned
|clearpoke
|poke|p1|Gholdengo|
|poke|p1|Ogerpon, F|
|poke|p1|Rillaboom, M|
|poke|p1|Samurott-Hisui, M|
|poke|p1|Glimmora, M|
|poke|p1|Raging Bolt|
|poke|p2|Hatterene, F|
|poke|p2|Ursaluna, M|
|poke|p2|Porygon2|
|poke|p2|Cresselia, F|
|poke|p2|Iron Hands|
|poke|p2|Volcanion|
|teampreview
|inactive|Battle timer is ON: inactive players will automatically lose when time's up. (requested by icebrrg)
|
|t:|1769363261
|teamsize|p1|6
|teamsize|p2|6
|start
|switch|p1a: Samurott|Samurott-Hisui, M, shiny|100/100
|switch|p2a: Porygon2|Porygon2|100/100
|-ability|p2a: Porygon2|Download|boost
|-boost|p2a: Porygon2|spa|1
|turn|1
|
|t:|1769363271
|move|p1a: Samurott|Knock Off|p2a: Porygon2
|-damage|p2a: Porygon2|62/100
|-enditem|p2a: Porygon2|Eviolite|[from] move: Knock Off|[of] p1a: Samurott
|move|p2a: Porygon2|Tera Blast|p1a: Samurott
|-damage|p1a: Samurott|16/100
|
|upkeep
|turn|2
|
|t:|1769363279
|move|p1a: Samurott|Ceaseless Edge|p2a: Porygon2
|-damage|p2a: Porygon2|5/100
|-sidestart|p2: icebrrg|Spikes
|move|p2a: Porygon2|Trick Room|p2a: Porygon2
|-fieldstart|move: Trick Room|[of] p2a: Porygon2
|
|upkeep
|turn|3
|
|t:|1769363285
|switch|p1a: Gholdengo|Gholdengo, shiny|100/100
|move|p2a: Porygon2|Ice Beam|p1a: Gholdengo
|-resisted|p1a: Gholdengo
|-damage|p1a: Gholdengo|79/100
|
|upkeep
|turn|4
|
|t:|1769363291
|switch|p2a: Ursaluna|Ursaluna, M|100/100
|-damage|p2a: Ursaluna|88/100|[from] Spikes
|move|p1a: Gholdengo|Dazzling Gleam|p2a: Ursaluna
|-damage|p2a: Ursaluna|68/100
|
|-status|p2a: Ursaluna|brn|[from] item: Flame Orb
|upkeep
|turn|5
|
|t:|1769363300
|switch|p1a: Rillaboom|Rillaboom, M, shiny|100/100
|-fieldstart|move: Grassy Terrain|[from] ability: Grassy Surge|[of] p1a: Rillaboom
|move|p2a: Ursaluna|Fire Punch|p1a: Rillaboom
|-supereffective|p1a: Rillaboom
|-damage|p1a: Rillaboom|8/100
|
|-heal|p2a: Ursaluna|74/100 brn|[from] Grassy Terrain
|-heal|p1a: Rillaboom|15/100|[from] Grassy Terrain
|-damage|p2a: Ursaluna|68/100 brn|[from] brn
|upkeep
|turn|6
|
|t:|1769363308
|move|p1a: Rillaboom|Grassy Glide|p2a: Ursaluna
|-supereffective|p2a: Ursaluna
|-crit|p2a: Ursaluna
|-damage|p2a: Ursaluna|0 fnt
|faint|p2a: Ursaluna
|-damage|p1a: Rillaboom|5/100|[from] item: Life Orb
|
|-heal|p1a: Rillaboom|11/100|[from] Grassy Terrain
|-fieldend|move: Trick Room
|upkeep
|
|t:|1769363316
|switch|p2a: Cresselia|Cresselia, F|100/100
|turn|7
|
|t:|1769363323
|switch|p1a: Samurott|Samurott-Hisui, M, shiny|16/100
|move|p2a: Cresselia|Trick Room|p2a: Cresselia
|-fieldstart|move: Trick Room|[of] p2a: Cresselia
|
|-heal|p1a: Samurott|23/100|[from] Grassy Terrain
|upkeep
|turn|8
|
|t:|1769363329
|move|p1a: Samurott|Sucker Punch|p2a: Cresselia
|-supereffective|p2a: Cresselia
|-damage|p2a: Cresselia|58/100
|move|p2a: Cresselia|Moonblast|p1a: Samurott
|-supereffective|p1a: Samurott
|-damage|p1a: Samurott|0 fnt
|faint|p1a: Samurott
|
|upkeep
|
|t:|1769363350
|switch|p1a: Gholdengo|Gholdengo, shiny|79/100
|-enditem|p1a: Gholdengo|Grassy Seed
|-boost|p1a: Gholdengo|def|1|[from] item: Grassy Seed
|turn|9
|
|t:|1769363353
|switch|p2a: Porygon2|Porygon2|5/100
|-damage|p2a: Porygon2|0 fnt|[from] Spikes
|faint|p2a: Porygon2
|move|p1a: Gholdengo|Shadow Ball|p2: Porygon2|[notarget]
|-fail|p1a: Gholdengo
|
|-heal|p1a: Gholdengo|85/100|[from] Grassy Terrain
|-fieldend|move: Grassy Terrain
|upkeep
|
|t:|1769363356
|switch|p2a: Volcanion|Volcanion|100/100
|-damage|p2a: Volcanion|88/100|[from] Spikes
|turn|10
|
|t:|1769363361
|switch|p1a: Glimmora|Glimmora, M, shiny|100/100
|move|p2a: Volcanion|Flamethrower|p1a: Glimmora
|-resisted|p1a: Glimmora
|-damage|p1a: Glimmora|64/100
|-enditem|p1a: Glimmora|Red Card|[of] p2a: Volcanion
|drag|p2a: Cresselia|Cresselia, F|58/100
|
|upkeep
|turn|11
|
|t:|1769363366
|move|p2a: Cresselia|Psychic|p1a: Glimmora
|-supereffective|p1a: Glimmora
|-damage|p1a: Glimmora|22/100
|move|p1a: Glimmora|Stealth Rock|p2a: Cresselia
|-sidestart|p2: icebrrg|move: Stealth Rock
|
|-fieldend|move: Trick Room
|upkeep
|turn|12
|
|t:|1769363376
|move|p1a: Glimmora|Mortal Spin|p2a: Cresselia
|-crit|p2a: Cresselia
|-damage|p2a: Cresselia|54/100
|-status|p2a: Cresselia|psn
|move|p2a: Cresselia|Trick Room|p2a: Cresselia
|-fieldstart|move: Trick Room|[of] p2a: Cresselia
|
|-damage|p2a: Cresselia|41/100 psn|[from] psn
|upkeep
|turn|13
|
|t:|1769363389
|switch|p1a: Gholdengo|Gholdengo, shiny|85/100
|move|p2a: Cresselia|Psychic|p1a: Gholdengo
|-resisted|p1a: Gholdengo
|-damage|p1a: Gholdengo|74/100
|
|-damage|p2a: Cresselia|29/100 psn|[from] psn
|upkeep
|turn|14
|
|t:|1769363394
|move|p2a: Cresselia|Lunar Dance|p2a: Cresselia
|faint|p2a: Cresselia
|move|p1a: Gholdengo|Nasty Plot|p1a: Gholdengo
|-boost|p1a: Gholdengo|spa|2
|
|upkeep
|
|t:|1769363396
|switch|p2a: Volcanion|Volcanion|88/100
|-heal|p2a: Volcanion|100/100|[from] move: Lunar Dance
|-damage|p2a: Volcanion|88/100|[from] Spikes
|-damage|p2a: Volcanion|63/100|[from] Stealth Rock
|turn|15
|
|t:|1769363411
|-terastallize|p1a: Gholdengo|Fairy
|move|p2a: Volcanion|Earth Power|p1a: Gholdengo
|-damage|p1a: Gholdengo|26/100
|move|p1a: Gholdengo|Shadow Ball|p2a: Volcanion
|-damage|p2a: Volcanion|0 fnt
|faint|p2a: Volcanion
|
|upkeep
|
|t:|1769363416
|switch|p2a: Iron Hands|Iron Hands|100/100
|-damage|p2a: Iron Hands|88/100|[from] Spikes
|-damage|p2a: Iron Hands|82/100|[from] Stealth Rock
|-enditem|p2a: Iron Hands|Booster Energy
|-activate|p2a: Iron Hands|ability: Quark Drive|[fromitem]
|-start|p2a: Iron Hands|quarkdriveatk
|turn|16
|
|t:|1769363426
|switch|p1a: Glimmora|Glimmora, M, shiny|22/100
|move|p2a: Iron Hands|Drain Punch|p1a: Glimmora
|-damage|p1a: Glimmora|0 fnt
|-heal|p2a: Iron Hands|90/100|[from] drain|[of] p1a: Glimmora
|-activate|p1a: Glimmora|ability: Toxic Debris
|-sidestart|p2: icebrrg|move: Toxic Spikes
|faint|p1a: Glimmora
|
|-fieldend|move: Trick Room
|upkeep
|
|t:|1769363439
|switch|p1a: Rillaboom|Rillaboom, M, shiny|11/100
|-fieldstart|move: Grassy Terrain|[from] ability: Grassy Surge|[of] p1a: Rillaboom
|turn|17
|
|t:|1769363450
|-terastallize|p2a: Iron Hands|Flying
|move|p1a: Rillaboom|High Horsepower|p2a: Iron Hands
|-immune|p2a: Iron Hands
|move|p2a: Iron Hands|Drain Punch|p1a: Rillaboom
|-damage|p1a: Rillaboom|0 fnt
|-heal|p2a: Iron Hands|93/100|[from] drain|[of] p1a: Rillaboom
|faint|p1a: Rillaboom
|
|upkeep
|
|t:|1769363460
|switch|p1a: Raging Bolt|Raging Bolt|100/100
|-enditem|p1a: Raging Bolt|Booster Energy
|-activate|p1a: Raging Bolt|ability: Protosynthesis|[fromitem]
|-start|p1a: Raging Bolt|protosynthesisspa
|turn|18
|
|t:|1769363463
|-end|p2a: Iron Hands|Quark Drive|[silent]
|switch|p2a: Hatterene|Hatterene, F|100/100
|-damage|p2a: Hatterene|88/100|[from] Spikes
|-damage|p2a: Hatterene|76/100|[from] Stealth Rock
|-status|p2a: Hatterene|psn
|move|p1a: Raging Bolt|Thunderbolt|p2a: Hatterene
|-damage|p2a: Hatterene|0 fnt
|faint|p2a: Hatterene
|
|upkeep
|
|t:|1769363465
|switch|p2a: Iron Hands|Iron Hands, tera:Flying|93/100
|-damage|p2a: Iron Hands|68/100|[from] Stealth Rock
|turn|19
|-message|icebrrg forfeited.
|
|win|Heroinmaster187
|raw|Heroinmaster187's rating: 1405 &rarr; <strong>1427</strong><br />(+22 for winning)
|raw|icebrrg's rating: 1439 &rarr; <strong>1417</strong><br />(-22 for losing)
|l|☆icebrrg
|player|p2|
|l|☆Heroinmaster187
|player|p1|
