|j|☆cvbnc
|j|☆PrimeXStriker
|t:|1769347670
|gametype|singles
|player|p1|cvbnc|170|1432
|player|p2|PrimeXStriker|bruno|1466
|gen|9
|tier|[Gen 9] OU
|rated|
|rule|HP Percentage Mod: HP is shown in percentages
|rule|Endless Battle Clause: Forcing endless battles is banned
|rule|Species Clause: Limit one of each Pokémon
|rule|OHKO Clause: OHKO moves are banned
|rule|Evasion Items Clause: Evasion items are banned
|rule|Evasion Moves Clause: Evasion moves are banned
|rule|Evasion Abilities Clause: Evasion abilities are banned
|rule|Sleep Moves Clause: Sleep-inducing moves are banned
|clearpoke
|poke|p1|Alomomola, M|
|poke|p1|Araquanid, M|
|poke|p1|Gholdengo|
|poke|p1|Gliscor, F|
|poke|p1|Clodsire, M|
|poke|p1|Corviknight, F|
|poke|p2|Froslass, F|
|poke|p2|Veluza, F|
|poke|p2|Hatterene, F|
|poke|p2|Maushold|
|poke|p2|Staraptor, F|
|poke|p2|Gyarados, M|
|teampreview
|
|t:|1769347686
|teamsize|p1|6
|teamsize|p2|6
|start
|switch|p1a: Gholdengo|Gholdengo|100/100
|switch|p2a: Veluza|Veluza, F|100/100
|turn|1
|inactive|Battle timer is ON: inactive players will automatically lose when time's up. (requested by PrimeXStriker)
|
|t:|1769347700
|switch|p2a: Staraptor|Staraptor, F|100/100
|move|p1a: Gholdengo|Shadow Ball|p2a: Staraptor
|-immune|p2a: Staraptor
|
|upkeep
|turn|2
|
|t:|1769347713
|switch|p1a: Corviknight|Corviknight, F|100/100
|-ability|p1a: Corviknight|Pressure
|move|p2a: Staraptor|Brave Bird|p1a: Corviknight
|-resisted|p1a: Corviknight
|-damage|p1a: Corviknight|79/100
|-damage|p2a: Staraptor|84/100|[from] item: Rocky Helmet|[of] p1a: Corviknight
|-damage|p2a: Staraptor|75/100|[from] Recoil
|
|upkeep
|turn|3
|
|t:|1769347724
|switch|p2a: Gyarados|Gyarados, M, shiny|100/100
|-ability|p2a: Gyarados|Intimidate|boost
|-unboost|p1a: Corviknight|atk|1
|switch|p1a: Gholdengo|Gholdengo|100/100
|
|upkeep
|turn|4
|
|t:|1769347752
|move|p1a: Gholdengo|Shadow Ball|p2a: Gyarados
|-damage|p2a: Gyarados|58/100
|move|p2a: Gyarados|Dragon Dance|p2a: Gyarados
|-boost|p2a: Gyarados|atk|1
|-boost|p2a: Gyarados|spe|1
|
|upkeep
|turn|5
|
|t:|1769347761
|switch|p1a: Alomomola|Alomomola, M|100/100
|move|p2a: Gyarados|Earthquake|p1a: Alomomola
|-damage|p1a: Alomomola|61/100
|
|upkeep
|turn|6
|
|t:|1769347776
|move|p2a: Gyarados|Dragon Dance|p2a: Gyarados
|-boost|p2a: Gyarados|atk|1
|-boost|p2a: Gyarados|spe|1
|move|p1a: Alomomola|Flip Turn|p2a: Gyarados
|-resisted|p2a: Gyarados
|-damage|p2a: Gyarados|36/100
|
|t:|1769347782
|switch|p1a: Clodsire|Clodsire, M|100/100|[from] Flip Turn
|
|upkeep
|turn|7
|
|t:|1769347789
|-terastallize|p1a: Clodsire|Water
|move|p2a: Gyarados|Earthquake|p1a: Clodsire
|-damage|p1a: Clodsire|60/100
|move|p1a: Clodsire|Toxic|p2a: Gyarados
|-status|p2a: Gyarados|tox
|
|-heal|p1a: Clodsire|66/100|[from] item: Leftovers
|-damage|p2a: Gyarados|30/100 tox|[from] psn
|upkeep
|turn|8
|
|t:|1769347808
|switch|p2a: Hatterene|Hatterene, F|100/100
|move|p1a: Clodsire|Recover|p1a: Clodsire
|-heal|p1a: Clodsire|100/100
|
|upkeep
|turn|9
|
|t:|1769347821
|switch|p1a: Gliscor|Gliscor, F|100/100
|move|p2a: Hatterene|Nuzzle|p1a: Gliscor
|-immune|p1a: Gliscor
|
|-status|p1a: Gliscor|tox|[from] item: Toxic Orb
|upkeep
|turn|10
|
|t:|1769347830
|switch|p2a: Froslass|Froslass, F|100/100
|move|p1a: Gliscor|Knock Off|p2a: Froslass
|-supereffective|p2a: Froslass
|-damage|p2a: Froslass|28/100
|-enditem|p2a: Froslass|Focus Sash|[from] move: Knock Off|[of] p1a: Gliscor
|
|upkeep
|turn|11
|
|t:|1769347852
|switch|p1a: Alomomola|Alomomola, M|95/100
|move|p2a: Froslass|Icy Wind|p1a: Alomomola
|-resisted|p1a: Alomomola
|-crit|p1a: Alomomola
|-damage|p1a: Alomomola|75/100
|-unboost|p1a: Alomomola|spe|1
|
|upkeep
|turn|12
|
|t:|1769347860
|move|p2a: Froslass|Destiny Bond|p2a: Froslass
|-singlemove|p2a: Froslass|Destiny Bond
|move|p1a: Alomomola|Flip Turn|p2a: Froslass
|-damage|p2a: Froslass|0 fnt
|-start|p1a: Alomomola|Disable|Flip Turn|[from] ability: Cursed Body|[of] p2a: Froslass
|faint|p2a: Froslass
|-activate|p2a: Froslass|move: Destiny Bond
|faint|p1a: Alomomola
|
|upkeep
|inactive|cvbnc has 120 seconds left.
|
|t:|1769347887
|switch|p2a: Veluza|Veluza, F|100/100
|switch|p1a: Araquanid|Araquanid, M|100/100
|turn|13
|inactive|cvbnc has 120 seconds left.
|
|t:|1769347894
|move|p2a: Veluza|Final Gambit|p1a: Araquanid
|-damage|p1a: Araquanid|0 fnt
|faint|p2a: Veluza
|faint|p1a: Araquanid
|
|upkeep
|inactive|cvbnc has 120 seconds left.
|
|t:|1769347911
|switch|p2a: Gyarados|Gyarados, M, shiny|30/100 tox
|switch|p1a: Gholdengo|Gholdengo|100/100
|-ability|p2a: Gyarados|Intimidate|boost
|-unboost|p1a: Gholdengo|atk|1
|turn|14
|
|t:|1769347920
|move|p1a: Gholdengo|Shadow Ball|p2a: Gyarados
|-damage|p2a: Gyarados|0 fnt
|faint|p2a: Gyarados
|
|upkeep
|
|t:|1769347934
|switch|p2a: Staraptor|Staraptor, F|75/100
|turn|15
|inactive|cvbnc has 120 seconds left.
|
|t:|1769347946
|switch|p1a: Gliscor|Gliscor, F|100/100 tox
|move|p2a: Staraptor|Brave Bird|p1a: Gliscor
|-damage|p1a: Gliscor|52/100 tox
|-damage|p2a: Staraptor|57/100|[from] Recoil
|
|-heal|p1a: Gliscor|65/100 tox|[from] ability: Poison Heal
|upkeep
|turn|16
|inactive|cvbnc has 120 seconds left.
|
|t:|1769347957
|move|p1a: Gliscor|Protect|p1a: Gliscor
|-singleturn|p1a: Gliscor|Protect
|move|p2a: Staraptor|Brave Bird|p1a: Gliscor
|-activate|p1a: Gliscor|move: Protect
|
|-heal|p1a: Gliscor|77/100 tox|[from] ability: Poison Heal
|upkeep
|turn|17
|inactive|cvbnc has 120 seconds left.
|
|t:|1769347969
|move|p2a: Staraptor|Brave Bird|p1a: Gliscor
|-damage|p1a: Gliscor|35/100 tox
|-damage|p2a: Staraptor|41/100|[from] Recoil
|move|p1a: Gliscor|Toxic|p2a: Staraptor
|-status|p2a: Staraptor|tox
|
|-damage|p2a: Staraptor|35/100 tox|[from] psn
|-heal|p1a: Gliscor|48/100 tox|[from] ability: Poison Heal
|upkeep
|turn|18
|inactive|cvbnc has 120 seconds left.
|
|t:|1769347980
|move|p1a: Gliscor|Protect|p1a: Gliscor
|-singleturn|p1a: Gliscor|Protect
|move|p2a: Staraptor|Brave Bird|p1a: Gliscor
|-activate|p1a: Gliscor|move: Protect
|
|-damage|p2a: Staraptor|23/100 tox|[from] psn
|-heal|p1a: Gliscor|60/100 tox|[from] ability: Poison Heal
|upkeep
|turn|19
|
|t:|1769347989
|switch|p1a: Corviknight|Corviknight, F|79/100
|-ability|p1a: Corviknight|Pressure
|move|p2a: Staraptor|Brave Bird|p1a: Corviknight
|-resisted|p1a: Corviknight
|-damage|p1a: Corviknight|60/100
|-damage|p2a: Staraptor|7/100 tox|[from] item: Rocky Helmet|[of] p1a: Corviknight
|-damage|p2a: Staraptor|0 fnt|[from] Recoil
|faint|p2a: Staraptor
|
|upkeep
|
|t:|1769347993
|switch|p2a: Hatterene|Hatterene, F|100/100
|turn|20
|inactive|cvbnc has 120 seconds left.
|
|t:|1769348013
|switch|p1a: Gliscor|Gliscor, F|60/100 tox
|move|p2a: Hatterene|Calm Mind|p2a: Hatterene
|-boost|p2a: Hatterene|spa|1
|-boost|p2a: Hatterene|spd|1
|
|-heal|p1a: Gliscor|73/100 tox|[from] ability: Poison Heal
|upkeep
|turn|21
|inactive|cvbnc has 120 seconds left.
|
|t:|1769348024
|move|p1a: Gliscor|Knock Off|p2a: Hatterene
|-damage|p2a: Hatterene|82/100
|-enditem|p2a: Hatterene|Leftovers|[from] move: Knock Off|[of] p1a: Gliscor
|move|p2a: Hatterene|Calm Mind|p2a: Hatterene
|-boost|p2a: Hatterene|spa|1
|-boost|p2a: Hatterene|spd|1
|
|-heal|p1a: Gliscor|85/100 tox|[from] ability: Poison Heal
|upkeep
|turn|22
|
|t:|1769348033
|move|p1a: Gliscor|Earthquake|p2a: Hatterene
|-damage|p2a: Hatterene|55/100
|move|p2a: Hatterene|Calm Mind|p2a: Hatterene
|-boost|p2a: Hatterene|spa|1
|-boost|p2a: Hatterene|spd|1
|
|-heal|p1a: Gliscor|97/100 tox|[from] ability: Poison Heal
|upkeep
|turn|23
|
|t:|1769348047
|switch|p1a: Gholdengo|Gholdengo|100/100
|move|p2a: Hatterene|Draining Kiss|p1a: Gholdengo
|-resisted|p1a: Gholdengo
|-damage|p1a: Gholdengo|69/100
|-heal|p2a: Hatterene|79/100|[from] drain|[of] p1a: Gholdengo
|
|-heal|p1a: Gholdengo|75/100|[from] item: Leftovers
|upkeep
|turn|24
|
|t:|1769348058
|-terastallize|p2a: Hatterene|Water
|move|p1a: Gholdengo|Make It Rain|p2a: Hatterene
|-resisted|p2a: Hatterene
|-damage|p2a: Hatterene|64/100
|-unboost|p1a: Gholdengo|spa|1
|move|p2a: Hatterene|Psychic Noise|p1a: Gholdengo
|-resisted|p1a: Gholdengo
|-damage|p1a: Gholdengo|23/100
|-start|p1a: Gholdengo|move: Heal Block
|
|upkeep
|turn|25
|
|t:|1769348073
|move|p1a: Gholdengo|Shadow Ball|p2a: Hatterene
|-damage|p2a: Hatterene|53/100
|-unboost|p2a: Hatterene|spd|1
|move|p2a: Hatterene|Draining Kiss|p1a: Gholdengo
|-resisted|p1a: Gholdengo
|-damage|p1a: Gholdengo|0 fnt
|-heal|p2a: Hatterene|70/100|[from] drain|[of] p1a: Gholdengo
|faint|p1a: Gholdengo
|
|upkeep
|inactive|cvbnc has 120 seconds left.
|
|t:|1769348085
|switch|p1a: Corviknight|Corviknight, F|60/100
|-ability|p1a: Corviknight|Pressure
|turn|26
|inactive|cvbnc has 120 seconds left.
|
|t:|1769348096
|move|p1a: Corviknight|Roost|p1a: Corviknight
|-heal|p1a: Corviknight|100/100
|-singleturn|p1a: Corviknight|move: Roost
|move|p2a: Hatterene|Psychic Noise|p1a: Corviknight
|-resisted|p1a: Corviknight
|-damage|p1a: Corviknight|56/100
|-start|p1a: Corviknight|move: Heal Block
|
|upkeep
|turn|27
|inactive|cvbnc has 120 seconds left.
|
|t:|1769348108
|move|p1a: Corviknight|Brave Bird|p2a: Hatterene
|-damage|p2a: Hatterene|37/100
|-damage|p1a: Corviknight|47/100|[from] Recoil
|move|p2a: Hatterene|Psychic Noise|p1a: Corviknight
|-resisted|p1a: Corviknight
|-damage|p1a: Corviknight|10/100
|
|-end|p1a: Corviknight|move: Heal Block
|upkeep
|turn|28
|inactive|cvbnc has 120 seconds left.
|
|t:|1769348120
|move|p1a: Corviknight|Brave Bird|p2a: Hatterene
|-damage|p2a: Hatterene|4/100
|-damage|p1a: Corviknight|1/100|[from] Recoil
|move|p2a: Hatterene|Psychic Noise|p1a: Corviknight
|-resisted|p1a: Corviknight
|-damage|p1a: Corviknight|0 fnt
|faint|p1a: Corviknight
|
|upkeep
|inactive|cvbnc has 120 seconds left.
|
|t:|1769348136
|switch|p1a: Gliscor|Gliscor, F|97/100 tox
|turn|29
|
|t:|1769348146
|move|p1a: Gliscor|Knock Off|p2a: Hatterene
|-damage|p2a: Hatterene|0 fnt
|faint|p2a: Hatterene
|
|-heal|p1a: Gliscor|100/100 tox|[from] ability: Poison Heal
|upkeep
|
|t:|1769348148
|switch|p2a: Maushold|Maushold|100/100
|turn|30
|inactive|cvbnc has 120 seconds left.
|
|t:|1769348160
|move|p2a: Maushold|Tidy Up|p2a: Maushold
|-boost|p2a: Maushold|atk|1
|-boost|p2a: Maushold|spe|1
|move|p1a: Gliscor|Toxic|p2a: Maushold
|-status|p2a: Maushold|tox
|
|-damage|p2a: Maushold|94/100 tox|[from] psn
|upkeep
|turn|31
|
|t:|1769348169
|move|p2a: Maushold|Tidy Up|p2a: Maushold
|-boost|p2a: Maushold|atk|1
|-boost|p2a: Maushold|spe|1
|move|p1a: Gliscor|Earthquake|p2a: Maushold
|-damage|p2a: Maushold|45/100 tox
|
|-damage|p2a: Maushold|33/100 tox|[from] psn
|upkeep
|turn|32
|
|t:|1769348178
|move|p1a: Gliscor|Protect|p1a: Gliscor
|-singleturn|p1a: Gliscor|Protect
|move|p2a: Maushold|Tidy Up|p2a: Maushold
|-boost|p2a: Maushold|atk|1
|-boost|p2a: Maushold|spe|1
|
|-damage|p2a: Maushold|14/100 tox|[from] psn
|upkeep
|turn|33
|
|t:|1769348187
|switch|p1a: Clodsire|Clodsire, M, tera:Water|100/100
|move|p2a: Maushold|Population Bomb|p1a: Clodsire
|-damage|p1a: Clodsire|89/100
|-damage|p1a: Clodsire|76/100
|-damage|p1a: Clodsire|63/100
|-damage|p1a: Clodsire|50/100
|-damage|p1a: Clodsire|36/100
|-damage|p1a: Clodsire|24/100
|-damage|p1a: Clodsire|12/100
|-damage|p1a: Clodsire|0 fnt
|faint|p1a: Clodsire
|-hitcount|p1: Clodsire|8
|
|-damage|p2a: Maushold|0 fnt|[from] psn
|faint|p2a: Maushold
|
|win|cvbnc
|raw|cvbnc's rating: 1432 &rarr; <strong>1454</strong><br />(+22 for winning)
|raw|PrimeXStriker's rating: 1466 &rarr; <strong>1444</strong><br />(-22 for losing)
|l|☆PrimeXStriker
|player|p2|
|l|☆cvbnc
|player|p1|
