|j|☆yuxia999
|j|☆4G3NC Teo
|t:|1769404975
|gametype|singles
|player|p1|yuxia999|dawn|1404
|player|p2|4G3NC Teo|iris-gen5bw2|1467
|gen|9
|tier|[Gen 9] OU
|rated|
|rule|HP Percentage Mod: HP is shown in percentages
|rule|Endless Battle Clause: Forcing endless battles is banned
|rule|Species Clause: Limit one of each Pokémon
|rule|OHKO Clause: OHKO moves are banned
|rule|Evasion Items Clause: Evasion items are banned
|rule|Evasion Moves Clause: Evasion moves are banned
|rule|Evasion Abilities Clause: Evasion abilities are banned
|rule|Sleep Moves Clause: Sleep-inducing moves are banned
|clearpoke
|poke|p1|Alomomola, F|
|poke|p1|Slowking-Galar, M|
|poke|p1|Kingambit, M|
|poke|p1|Great Tusk|
|poke|p1|Dragapult, M|
|poke|p1|Thundurus-Therian, M|
|poke|p2|Quaquaval, F|
|poke|p2|Dragapult, M|
|poke|p2|Ursaluna, F|
|poke|p2|Sinistcha-Masterpiece|
|poke|p2|Tinkaton, F|
|poke|p2|Iron Treads|
|teampreview
|inactive|Battle timer is ON: inactive players will automatically lose when time's up. (requested by yuxia999)
|
|t:|1769404997
|teamsize|p1|6
|teamsize|p2|6
|start
|switch|p1a: Thundurus|Thundurus-Therian, M|100/100
|switch|p2a: Another Stone|Tinkaton, F|100/100
|turn|1
|
|t:|1769405010
|switch|p2a: Billie Toppy|Ursaluna, F|100/100
|move|p1a: Thundurus|Nasty Plot|p1a: Thundurus
|-boost|p1a: Thundurus|spa|2
|
|upkeep
|turn|2
|
|t:|1769405014
|move|p1a: Thundurus|Grass Knot|p2a: Billie Toppy
|-supereffective|p2a: Billie Toppy
|-damage|p2a: Billie Toppy|0 fnt
|faint|p2a: Billie Toppy
|
|upkeep
|
|t:|1769405023
|switch|p2a: Numb|Dragapult, M|100/100
|turn|3
|
|t:|1769405027
|-terastallize|p1a: Thundurus|Ice
|move|p2a: Numb|Draco Meteor|p1a: Thundurus
|-damage|p1a: Thundurus|0 fnt
|-unboost|p2a: Numb|spa|2
|faint|p1a: Thundurus
|
|upkeep
|
|t:|1769405038
|switch|p1a: Dragapult|Dragapult, M|100/100
|turn|4
|
|t:|1769405042
|move|p2a: Numb|Draco Meteor|p1a: Dragapult
|-supereffective|p1a: Dragapult
|-damage|p1a: Dragapult|0 fnt
|-unboost|p2a: Numb|spa|2
|faint|p1a: Dragapult
|
|upkeep
|
|t:|1769405046
|switch|p1a: Kingambit|Kingambit, M|100/100
|-activate|p1a: Kingambit|ability: Supreme Overlord
|-start|p1a: Kingambit|fallen2|[silent]
|turn|5
|
|t:|1769405051
|switch|p2a: Another Stone|Tinkaton, F|100/100
|move|p1a: Kingambit|Kowtow Cleave|p2a: Another Stone
|-resisted|p2a: Another Stone
|-damage|p2a: Another Stone|67/100
|
|-heal|p2a: Another Stone|73/100|[from] item: Leftovers
|upkeep
|turn|6
|
|t:|1769405055
|move|p2a: Another Stone|Thunder Wave|p1a: Kingambit
|-status|p1a: Kingambit|par
|move|p1a: Kingambit|Iron Head|p2a: Another Stone
|-damage|p2a: Another Stone|6/100
|
|-heal|p2a: Another Stone|12/100|[from] item: Leftovers
|upkeep
|turn|7
|
|t:|1769405058
|move|p2a: Another Stone|Stealth Rock|p1a: Kingambit
|-sidestart|p1: yuxia999|move: Stealth Rock
|move|p1a: Kingambit|Iron Head|p2a: Another Stone
|-damage|p2a: Another Stone|0 fnt
|faint|p2a: Another Stone
|
|upkeep
|
|t:|1769405061
|switch|p2a: Seranade of Water|Quaquaval, F|100/100
|turn|8
|
|t:|1769405064
|-end|p1a: Kingambit|fallen2|[silent]
|switch|p1a: Alomomola|Alomomola, F|100/100
|-damage|p1a: Alomomola|88/100|[from] Stealth Rock
|move|p2a: Seranade of Water|Close Combat|p1a: Alomomola
|-damage|p1a: Alomomola|55/100
|-unboost|p2a: Seranade of Water|def|1
|-unboost|p2a: Seranade of Water|spd|1
|-damage|p2a: Seranade of Water|84/100|[from] item: Rocky Helmet|[of] p1a: Alomomola
|
|upkeep
|turn|9
|
|t:|1769405072
|switch|p2a: Husk|Sinistcha-Masterpiece|100/100
|move|p1a: Alomomola|Flip Turn|p2a: Husk
|-resisted|p2a: Husk
|-damage|p2a: Husk|94/100
|
|t:|1769405074
|switch|p1a: Slowking|Slowking-Galar, M|100/100|[from] Flip Turn
|
|upkeep
|turn|10
|
|t:|1769405078
|move|p2a: Husk|Shadow Ball|p1a: Slowking
|-supereffective|p1a: Slowking
|-damage|p1a: Slowking|56/100
|move|p1a: Slowking|Toxic|p2a: Husk
|-status|p2a: Husk|tox
|
|-damage|p2a: Husk|88/100 tox|[from] psn
|upkeep
|turn|11
|
|t:|1769405083
|move|p2a: Husk|Shadow Ball|p1a: Slowking
|-supereffective|p1a: Slowking
|-damage|p1a: Slowking|13/100
|move|p1a: Slowking|Future Sight|p2a: Husk
|-start|p1a: Slowking|move: Future Sight
|
|-damage|p2a: Husk|76/100 tox|[from] psn
|upkeep
|turn|12
|
|t:|1769405087
|switch|p1a: Kingambit|Kingambit, M|100/100 par
|-damage|p1a: Kingambit|94/100 par|[from] Stealth Rock
|-activate|p1a: Kingambit|ability: Supreme Overlord
|-start|p1a: Kingambit|fallen2|[silent]
|move|p2a: Husk|Strength Sap|p1a: Kingambit
|-unboost|p1a: Kingambit|atk|1
|-heal|p2a: Husk|100/100 tox
|
|-heal|p1a: Kingambit|100/100 par|[from] item: Leftovers
|-damage|p2a: Husk|82/100 tox|[from] psn
|upkeep
|turn|13
|
|t:|1769405092
|switch|p2a: Porcelain|Iron Treads|100/100
|-enditem|p2a: Porcelain|Booster Energy
|-activate|p2a: Porcelain|ability: Quark Drive|[fromitem]
|-start|p2a: Porcelain|quarkdrivespe
|move|p1a: Kingambit|Swords Dance|p1a: Kingambit
|-boost|p1a: Kingambit|atk|2
|
|-end|p2a: Porcelain|move: Future Sight
|-resisted|p2a: Porcelain
|-damage|p2a: Porcelain|73/100
|upkeep
|turn|14
|
|t:|1769405096
|move|p1a: Kingambit|Sucker Punch|p2a: Porcelain
|-damage|p2a: Porcelain|11/100
|move|p2a: Porcelain|Earthquake|p1a: Kingambit
|-supereffective|p1a: Kingambit
|-damage|p1a: Kingambit|30/100 par
|
|-heal|p1a: Kingambit|36/100 par|[from] item: Leftovers
|upkeep
|turn|15
|
|t:|1769405101
|-end|p2a: Porcelain|Quark Drive|[silent]
|switch|p2a: Seranade of Water|Quaquaval, F|84/100
|cant|p1a: Kingambit|par
|
|-heal|p1a: Kingambit|43/100 par|[from] item: Leftovers
|upkeep
|turn|16
|
|t:|1769405105
|-end|p1a: Kingambit|fallen2|[silent]
|switch|p1a: Alomomola|Alomomola, F|88/100
|-damage|p1a: Alomomola|76/100|[from] Stealth Rock
|move|p2a: Seranade of Water|Swords Dance|p2a: Seranade of Water
|-boost|p2a: Seranade of Water|atk|2
|
|upkeep
|turn|17
|
|t:|1769405109
|move|p2a: Seranade of Water|Close Combat|p1a: Alomomola
|-damage|p1a: Alomomola|10/100
|-unboost|p2a: Seranade of Water|def|1
|-unboost|p2a: Seranade of Water|spd|1
|-damage|p2a: Seranade of Water|67/100|[from] item: Rocky Helmet|[of] p1a: Alomomola
|move|p1a: Alomomola|Wish|p1a: Alomomola
|
|upkeep
|turn|18
|
|t:|1769405124
|move|p1a: Alomomola|Protect|p1a: Alomomola
|-singleturn|p1a: Alomomola|Protect
|move|p2a: Seranade of Water|Aqua Step|p1a: Alomomola
|-activate|p1a: Alomomola|move: Protect
|
|-heal|p1a: Alomomola|60/100|[from] move: Wish|[wisher] Alomomola
|upkeep
|turn|19
|
|t:|1769405128
|move|p2a: Seranade of Water|Close Combat|p1a: Alomomola
|-damage|p1a: Alomomola|0 fnt
|-unboost|p2a: Seranade of Water|def|1
|-unboost|p2a: Seranade of Water|spd|1
|-damage|p2a: Seranade of Water|50/100|[from] item: Rocky Helmet|[of] p1a: Alomomola
|faint|p1a: Alomomola
|-ability|p2a: Seranade of Water|Moxie|boost
|-boost|p2a: Seranade of Water|atk|1
|
|upkeep
|
|t:|1769405133
|switch|p1a: Great Tusk|Great Tusk|100/100
|turn|20
|
|t:|1769405138
|switch|p2a: Porcelain|Iron Treads|11/100
|move|p1a: Great Tusk|Headlong Rush|p2a: Porcelain
|-supereffective|p2a: Porcelain
|-damage|p2a: Porcelain|0 fnt
|-unboost|p1a: Great Tusk|def|1
|-unboost|p1a: Great Tusk|spd|1
|faint|p2a: Porcelain
|-end|p2a: Porcelain|Quark Drive|[silent]
|
|upkeep
|
|t:|1769405139
|switch|p2a: Husk|Sinistcha-Masterpiece|82/100 tox
|turn|21
|
|t:|1769405142
|-end|p1a: Great Tusk|Protosynthesis|[silent]
|switch|p1a: Slowking|Slowking-Galar, M|46/100
|move|p2a: Husk|Matcha Gotcha|p1a: Slowking
|-resisted|p1a: Slowking
|-damage|p1a: Slowking|35/100
|-heal|p2a: Husk|89/100 tox|[from] drain|[of] p1a: Slowking
|
|-damage|p2a: Husk|83/100 tox|[from] psn
|upkeep
|turn|22
|
|t:|1769405146
|move|p2a: Husk|Shadow Ball|p1a: Slowking
|-supereffective|p1a: Slowking
|-damage|p1a: Slowking|0 fnt
|faint|p1a: Slowking
|
|-damage|p2a: Husk|70/100 tox|[from] psn
|upkeep
|
|t:|1769405149
|switch|p1a: Kingambit|Kingambit, M|43/100 par
|-damage|p1a: Kingambit|36/100 par|[from] Stealth Rock
|-activate|p1a: Kingambit|ability: Supreme Overlord
|-start|p1a: Kingambit|fallen4|[silent]
|turn|23
|
|t:|1769405154
|move|p2a: Husk|Matcha Gotcha|p1a: Kingambit|[miss]
|-miss|p2a: Husk|p1a: Kingambit
|move|p1a: Kingambit|Iron Head|p2a: Husk
|-damage|p2a: Husk|20/100 tox
|
|-heal|p1a: Kingambit|43/100 par|[from] item: Leftovers
|-damage|p2a: Husk|2/100 tox|[from] psn
|upkeep
|turn|24
|
|t:|1769405158
|move|p1a: Kingambit|Sucker Punch||[still]
|-fail|p1a: Kingambit
|move|p2a: Husk|Strength Sap|p1a: Kingambit
|-unboost|p1a: Kingambit|atk|1
|-heal|p2a: Husk|100/100 tox
|
|-heal|p1a: Kingambit|49/100 par|[from] item: Leftovers
|-damage|p2a: Husk|76/100 tox|[from] psn
|upkeep
|turn|25
|
|t:|1769405162
|switch|p2a: Seranade of Water|Quaquaval, F|50/100
|move|p1a: Kingambit|Swords Dance|p1a: Kingambit
|-boost|p1a: Kingambit|atk|2
|
|-heal|p1a: Kingambit|55/100 par|[from] item: Leftovers
|upkeep
|turn|26
|
|t:|1769405169
|move|p2a: Seranade of Water|Swords Dance|p2a: Seranade of Water
|-boost|p2a: Seranade of Water|atk|2
|move|p1a: Kingambit|Kowtow Cleave|p2a: Seranade of Water
|-resisted|p2a: Seranade of Water
|-damage|p2a: Seranade of Water|0 fnt
|faint|p2a: Seranade of Water
|
|-heal|p1a: Kingambit|61/100 par|[from] item: Leftovers
|upkeep
|
|t:|1769405171
|switch|p2a: Husk|Sinistcha-Masterpiece|76/100 tox
|turn|27
|
|t:|1769405173
|move|p2a: Husk|Strength Sap|p1a: Kingambit
|-unboost|p1a: Kingambit|atk|1
|-heal|p2a: Husk|100/100 tox
|cant|p1a: Kingambit|par
|
|-heal|p1a: Kingambit|67/100 par|[from] item: Leftovers
|-damage|p2a: Husk|94/100 tox|[from] psn
|upkeep
|turn|28
|
|t:|1769405176
|move|p2a: Husk|Matcha Gotcha|p1a: Kingambit
|-resisted|p1a: Kingambit
|-damage|p1a: Kingambit|50/100 par
|-heal|p2a: Husk|100/100 tox|[from] drain|[of] p1a: Kingambit
|move|p1a: Kingambit|Swords Dance|p1a: Kingambit
|-boost|p1a: Kingambit|atk|2
|
|-heal|p1a: Kingambit|56/100 par|[from] item: Leftovers
|-damage|p2a: Husk|88/100 tox|[from] psn
|upkeep
|turn|29
|
|t:|1769405182
|move|p2a: Husk|Matcha Gotcha|p1a: Kingambit
|-resisted|p1a: Kingambit
|-crit|p1a: Kingambit
|-damage|p1a: Kingambit|27/100 par
|-heal|p2a: Husk|100/100 tox|[from] drain|[of] p1a: Kingambit
|cant|p1a: Kingambit|par
|
|-heal|p1a: Kingambit|33/100 par|[from] item: Leftovers
|-damage|p2a: Husk|82/100 tox|[from] psn
|upkeep
|turn|30
|
|t:|1769405185
|move|p1a: Kingambit|Sucker Punch|p2a: Husk
|-supereffective|p2a: Husk
|-damage|p2a: Husk|0 fnt
|faint|p2a: Husk
|
|-heal|p1a: Kingambit|39/100 par|[from] item: Leftovers
|upkeep
|
|t:|1769405187
|switch|p2a: Numb|Dragapult, M|100/100
|turn|31
|
|t:|1769405190
|move|p1a: Kingambit|Sucker Punch|p2a: Numb
|-supereffective|p2a: Numb
|-damage|p2a: Numb|0 fnt
|faint|p2a: Numb
|
|win|yuxia999
|raw|yuxia999's rating: 1404 &rarr; <strong>1428</strong><br />(+24 for winning)
|raw|4G3NC Teo's rating: 1467 &rarr; <strong>1443</strong><br />(-24 for losing)
|l|☆4G3NC Teo
|player|p2|
|l|☆yuxia999
|player|p1|
