|j|☆Tl81
|j|☆firered27
|t:|1769423156
|gametype|singles
|player|p1|Tl81|gambler|1235
|player|p2|firered27|169|1298
|gen|9
|tier|[Gen 9] OU
|rated|
|rule|HP Percentage Mod: HP is shown in percentages
|rule|Endless Battle Clause: Forcing endless battles is banned
|rule|Species Clause: Limit one of each Pokémon
|rule|OHKO Clause: OHKO moves are banned
|rule|Evasion Items Clause: Evasion items are banned
|rule|Evasion Moves Clause: Evasion moves are banned
|rule|Evasion Abilities Clause: Evasion abilities are banned
|rule|Sleep Moves Clause: Sleep-inducing moves are banned
|clearpoke
|poke|p1|Ceruledge, F|
|poke|p1|Dragapult, M|
|poke|p1|Gholdengo|
|poke|p1|Polteageist-Antique|
|poke|p1|Pecharunt|
|poke|p1|Mimikyu, F|
|poke|p2|Krookodile, M|
|poke|p2|Hatterene, F|
|poke|p2|Porygon2|
|poke|p2|Rotom-Wash|
|poke|p2|Conkeldurr, F|
|poke|p2|Scizor, M|
|teampreview
|inactive|Battle timer is ON: inactive players will automatically lose when time's up. (requested by firered27)
|
|t:|1769423167
|teamsize|p1|6
|teamsize|p2|6
|start
|switch|p1a: Pecharunt|Pecharunt|100/100
|switch|p2a: Krookodile|Krookodile, M|100/100
|-ability|p2a: Krookodile|Intimidate|boost
|-unboost|p1a: Pecharunt|atk|1
|turn|1
|
|t:|1769423183
|move|p2a: Krookodile|Sand Tomb|p1a: Pecharunt|[miss]
|-miss|p2a: Krookodile|p1a: Pecharunt
|move|p1a: Pecharunt|Parting Shot|p2a: Krookodile
|-unboost|p2a: Krookodile|atk|1
|-unboost|p2a: Krookodile|spa|1
|
|t:|1769423194
|switch|p1a: Ceruledge|Ceruledge, F|100/100|[from] Parting Shot
|
|upkeep
|turn|2
|
|t:|1769423214
|switch|p1a: Pecharunt|Pecharunt|100/100
|move|p2a: Krookodile|Dragon Tail|p1a: Pecharunt
|-damage|p1a: Pecharunt|96/100
|drag|p1a: Polteageist|Polteageist-Antique|100/100
|
|upkeep
|turn|3
|
|t:|1769423224
|switch|p1a: Pecharunt|Pecharunt|96/100
|move|p2a: Krookodile|Dragon Tail|p1a: Pecharunt
|-damage|p1a: Pecharunt|92/100
|drag|p1a: Ceruledge|Ceruledge, F|100/100
|
|upkeep
|turn|4
|
|t:|1769423243
|move|p1a: Ceruledge|Swords Dance|p1a: Ceruledge
|-boost|p1a: Ceruledge|atk|2
|move|p2a: Krookodile|Stealth Rock|p1a: Ceruledge
|-sidestart|p1: Tl81|move: Stealth Rock
|
|upkeep
|turn|5
|
|t:|1769423251
|move|p1a: Ceruledge|Bitter Blade|p2a: Krookodile
|-damage|p2a: Krookodile|29/100
|move|p2a: Krookodile|Dragon Tail|p1a: Ceruledge
|-damage|p1a: Ceruledge|86/100
|-ability|p1a: Ceruledge|Weak Armor|boost
|-unboost|p1a: Ceruledge|def|1
|-boost|p1a: Ceruledge|spe|2
|drag|p1a: Pecharunt|Pecharunt|92/100
|
|upkeep
|turn|6
|
|t:|1769423263
|move|p2a: Krookodile|Sand Tomb|p1a: Pecharunt
|-supereffective|p1a: Pecharunt
|-crit|p1a: Pecharunt
|-damage|p1a: Pecharunt|74/100
|-activate|p1a: Pecharunt|move: Sand Tomb|[of] p2a: Krookodile
|move|p1a: Pecharunt|Foul Play|p2a: Krookodile
|-resisted|p2a: Krookodile
|-damage|p2a: Krookodile|24/100
|
|-damage|p1a: Pecharunt|62/100|[from] move: Sand Tomb|[partiallytrapped]
|upkeep
|turn|7
|
|t:|1769423272
|move|p2a: Krookodile|Sand Tomb|p1a: Pecharunt
|-supereffective|p1a: Pecharunt
|-damage|p1a: Pecharunt|54/100
|move|p1a: Pecharunt|Recover|p1a: Pecharunt
|-heal|p1a: Pecharunt|100/100
|
|-damage|p1a: Pecharunt|88/100|[from] move: Sand Tomb|[partiallytrapped]
|upkeep
|turn|8
|
|t:|1769423280
|move|p2a: Krookodile|Sand Tomb|p1a: Pecharunt|[miss]
|-miss|p2a: Krookodile|p1a: Pecharunt
|move|p1a: Pecharunt|Parting Shot|p2a: Krookodile
|-unboost|p2a: Krookodile|atk|1
|-unboost|p2a: Krookodile|spa|1
|
|t:|1769423286
|switch|p1a: Ceruledge|Ceruledge, F|86/100|[from] Parting Shot
|
|upkeep
|turn|9
|
|t:|1769423309
|switch|p2a: Porygon2|Porygon2, shiny|100/100
|-ability|p2a: Porygon2|Download|boost
|-boost|p2a: Porygon2|atk|1
|move|p1a: Ceruledge|Bitter Blade|p2a: Porygon2
|-damage|p2a: Porygon2|51/100
|-heal|p1a: Ceruledge|100/100|[from] drain|[of] p2a: Porygon2
|
|-heal|p2a: Porygon2|57/100|[from] item: Leftovers
|upkeep
|turn|10
|
|t:|1769423322
|move|p1a: Ceruledge|Swords Dance|p1a: Ceruledge
|-boost|p1a: Ceruledge|atk|2
|move|p2a: Porygon2|Trick Room|p2a: Porygon2
|-fieldstart|move: Trick Room|[of] p2a: Porygon2
|
|-heal|p2a: Porygon2|64/100|[from] item: Leftovers
|upkeep
|turn|11
|
|t:|1769423338
|move|p2a: Porygon2|Discharge|p1a: Ceruledge
|-damage|p1a: Ceruledge|72/100
|-status|p1a: Ceruledge|par
|cant|p1a: Ceruledge|par
|
|-heal|p2a: Porygon2|70/100|[from] item: Leftovers
|upkeep
|turn|12
|inactive|firered27 has 120 seconds left.
|
|t:|1769423354
|cant|p1a: Ceruledge|par
|move|p2a: Porygon2|Discharge|p1a: Ceruledge
|-damage|p1a: Ceruledge|40/100 par
|
|-heal|p2a: Porygon2|76/100|[from] item: Leftovers
|upkeep
|turn|13
|
|t:|1769423360
|move|p1a: Ceruledge|Bitter Blade|p2a: Porygon2
|-damage|p2a: Porygon2|0 fnt
|-heal|p1a: Ceruledge|88/100 par|[from] drain|[of] p2a: Porygon2
|faint|p2a: Porygon2
|
|upkeep
|
|t:|1769423366
|switch|p2a: Conkeldurr|Conkeldurr, F|100/100
|turn|14
|
|t:|1769423375
|move|p2a: Conkeldurr|Knock Off|p1a: Ceruledge
|-supereffective|p1a: Ceruledge
|-damage|p1a: Ceruledge|0 fnt
|-enditem|p1a: Ceruledge|Heavy-Duty Boots|[from] move: Knock Off|[of] p2a: Conkeldurr
|faint|p1a: Ceruledge
|
|-fieldend|move: Trick Room
|-status|p2a: Conkeldurr|brn|[from] item: Flame Orb
|upkeep
|
|t:|1769423379
|switch|p1a: Pecharunt|Pecharunt|88/100
|turn|15
|
|t:|1769423391
|move|p1a: Pecharunt|Parting Shot|p2a: Conkeldurr
|-unboost|p2a: Conkeldurr|atk|1
|-unboost|p2a: Conkeldurr|spa|1
|
|t:|1769423397
|switch|p1a: Dragapult|Dragapult, M|100/100|[from] Parting Shot
|-damage|p1a: Dragapult|88/100|[from] Stealth Rock
|move|p2a: Conkeldurr|Knock Off|p1a: Dragapult
|-supereffective|p1a: Dragapult
|-damage|p1a: Dragapult|0 fnt
|-enditem|p1a: Dragapult|Salac Berry|[from] move: Knock Off|[of] p2a: Conkeldurr
|faint|p1a: Dragapult
|
|-damage|p2a: Conkeldurr|94/100 brn|[from] brn
|upkeep
|
|t:|1769423401
|switch|p1a: Gholdengo|Gholdengo|100/100
|-damage|p1a: Gholdengo|94/100|[from] Stealth Rock
|-item|p1a: Gholdengo|Air Balloon
|turn|16
|
|t:|1769423417
|switch|p2a: Krookodile|Krookodile, M|24/100
|-ability|p2a: Krookodile|Intimidate|boost
|-unboost|p1a: Gholdengo|atk|1
|move|p1a: Gholdengo|Hex|p2a: Krookodile
|-resisted|p2a: Krookodile
|-damage|p2a: Krookodile|8/100
|
|upkeep
|turn|17
|
|t:|1769423425
|switch|p1a: Pecharunt|Pecharunt|88/100
|move|p2a: Krookodile|Sand Tomb|p1a: Pecharunt
|-supereffective|p1a: Pecharunt
|-damage|p1a: Pecharunt|77/100
|-activate|p1a: Pecharunt|move: Sand Tomb|[of] p2a: Krookodile
|
|-damage|p1a: Pecharunt|65/100|[from] move: Sand Tomb|[partiallytrapped]
|upkeep
|turn|18
|
|t:|1769423434
|move|p1a: Pecharunt|Foul Play|p2a: Krookodile
|-resisted|p2a: Krookodile
|-damage|p2a: Krookodile|0 fnt
|faint|p2a: Krookodile
|
|-end|p1a: Pecharunt|Sand Tomb|[partiallytrapped]|[silent]
|upkeep
|
|t:|1769423444
|switch|p2a: Hatterene|Hatterene, F|100/100
|turn|19
|
|t:|1769423449
|move|p1a: Pecharunt|Malignant Chain|p2a: Hatterene
|-supereffective|p2a: Hatterene
|-damage|p2a: Hatterene|38/100
|-status|p2a: Hatterene|tox
|-start|p2a: Hatterene|confusion|[from] ability: Poison Puppeteer|[of] p1a: Pecharunt
|-activate|p2a: Hatterene|confusion
|move|p2a: Hatterene|Trick Room|p2a: Hatterene
|-fieldstart|move: Trick Room|[of] p2a: Hatterene
|
|-damage|p2a: Hatterene|32/100 tox|[from] psn
|upkeep
|turn|20
|
|t:|1769423459
|-activate|p2a: Hatterene|confusion
|move|p2a: Hatterene|Psychic Noise|p1a: Pecharunt
|-supereffective|p1a: Pecharunt
|-damage|p1a: Pecharunt|0 fnt
|faint|p1a: Pecharunt
|-enditem|p2a: Hatterene|Throat Spray
|-boost|p2a: Hatterene|spa|1|[from] item: Throat Spray
|
|-damage|p2a: Hatterene|20/100 tox|[from] psn
|upkeep
|
|t:|1769423465
|switch|p1a: Mimikyu|Mimikyu, F|100/100
|-damage|p1a: Mimikyu|88/100|[from] Stealth Rock
|turn|21
|
|t:|1769423473
|move|p1a: Mimikyu|Shadow Sneak|p2a: Hatterene
|-supereffective|p2a: Hatterene
|-damage|p2a: Hatterene|0 fnt
|faint|p2a: Hatterene
|
|upkeep
|
|t:|1769423482
|switch|p2a: Scizor|Scizor, M, shiny|100/100
|turn|22
|
|t:|1769423510
|move|p2a: Scizor|Swords Dance|p2a: Scizor
|-boost|p2a: Scizor|atk|2
|move|p1a: Mimikyu|Bulk Up|p1a: Mimikyu
|-boost|p1a: Mimikyu|atk|1
|-boost|p1a: Mimikyu|def|1
|
|upkeep
|turn|23
|
|t:|1769423515
|move|p2a: Scizor|Bullet Punch|p1a: Mimikyu
|-activate|p1a: Mimikyu|ability: Disguise
|-damage|p1a: Mimikyu|88/100
|detailschange|p1a: Mimikyu|Mimikyu-Busted, F
|-damage|p1a: Mimikyu|76/100|[from] pokemon: Mimikyu-Busted
|-enditem|p1a: Mimikyu|Red Card|[of] p2a: Scizor
|drag|p2a: Rotom|Rotom-Wash|100/100
|move|p1a: Mimikyu|Drain Punch|p2a: Rotom
|-damage|p2a: Rotom|61/100
|-heal|p1a: Mimikyu|95/100|[from] drain|[of] p2a: Rotom
|
|-fieldend|move: Trick Room
|upkeep
|turn|24
|
|t:|1769423538
|-terastallize|p2a: Rotom|Electric
|move|p2a: Rotom|Electro Ball|p1a: Mimikyu
|-damage|p1a: Mimikyu|46/100
|move|p1a: Mimikyu|Play Rough|p2a: Rotom
|-damage|p2a: Rotom|0 fnt
|faint|p2a: Rotom
|
|upkeep
|
|t:|1769423552
|switch|p2a: Scizor|Scizor, M, shiny|100/100
|turn|25
|
|t:|1769423556
|move|p1a: Mimikyu|Shadow Sneak|p2a: Scizor
|-damage|p2a: Scizor|78/100
|move|p2a: Scizor|Bullet Punch|p1a: Mimikyu
|-supereffective|p1a: Mimikyu
|-damage|p1a: Mimikyu|0 fnt
|faint|p1a: Mimikyu
|
|-heal|p2a: Scizor|84/100|[from] item: Leftovers
|upkeep
|
|t:|1769423564
|switch|p1a: Gholdengo|Gholdengo|94/100
|-damage|p1a: Gholdengo|88/100|[from] Stealth Rock
|-item|p1a: Gholdengo|Air Balloon
|turn|26
|
|t:|1769423571
|move|p1a: Gholdengo|Thunder Wave|p2a: Scizor
|-status|p2a: Scizor|par
|move|p2a: Scizor|Knock Off|p1a: Gholdengo
|-supereffective|p1a: Gholdengo
|-damage|p1a: Gholdengo|32/100
|-enditem|p1a: Gholdengo|Air Balloon
|
|-heal|p2a: Scizor|91/100 par|[from] item: Leftovers
|upkeep
|turn|27
|
|t:|1769423588
|move|p1a: Gholdengo|Recover|p1a: Gholdengo
|-heal|p1a: Gholdengo|82/100
|cant|p2a: Scizor|par
|
|-heal|p2a: Scizor|97/100 par|[from] item: Leftovers
|upkeep
|turn|28
|
|t:|1769423593
|move|p1a: Gholdengo|Hex|p2a: Scizor
|-damage|p2a: Scizor|33/100 par
|cant|p2a: Scizor|par
|
|-heal|p2a: Scizor|39/100 par|[from] item: Leftovers
|upkeep
|turn|29
|
|t:|1769423599
|move|p2a: Scizor|Bullet Punch|p1a: Gholdengo
|-resisted|p1a: Gholdengo
|-damage|p1a: Gholdengo|69/100
|move|p1a: Gholdengo|Hex|p2a: Scizor
|-damage|p2a: Scizor|0 fnt
|faint|p2a: Scizor
|
|upkeep
|
|t:|1769423604
|switch|p2a: Conkeldurr|Conkeldurr, F|94/100 brn
|turn|30
|
|t:|1769423612
|-terastallize|p1a: Gholdengo|Fairy
|move|p1a: Gholdengo|Hex|p2a: Conkeldurr
|-damage|p2a: Conkeldurr|32/100 brn
|move|p2a: Conkeldurr|Knock Off|p1a: Gholdengo
|-resisted|p1a: Gholdengo
|-damage|p1a: Gholdengo|55/100
|
|-damage|p2a: Conkeldurr|26/100 brn|[from] brn
|upkeep
|turn|31
|
|t:|1769423620
|move|p1a: Gholdengo|Hex|p2a: Conkeldurr
|-damage|p2a: Conkeldurr|0 fnt
|faint|p2a: Conkeldurr
|
|win|Tl81
|raw|Tl81's rating: 1235 &rarr; <strong>1264</strong><br />(+29 for winning)
|raw|firered27's rating: 1298 &rarr; <strong>1269</strong><br />(-29 for losing)
|l|☆Tl81
|player|p1|
|l|☆firered27
|player|p2|
