|badge|p2|bronze|gen9doublesou|100-8
|uhtml|medal-msg|<div class="broadcast-blue">Curious what those medals under the avatar are? PS now has Ladder Seasons! For more information, check out the <a href="https://www.smogon.com/forums/threads/3740067/">thread on Smogon.</a></div>
|j|☆cringooo
|j|☆ismelllikesocksbro
|t:|1769404876
|gametype|singles
|player|p1|cringooo|elesa-masters|1213
|player|p2|ismelllikesocksbro|dancer|1153
|gen|9
|tier|[Gen 9] OU
|rated|
|rule|HP Percentage Mod: HP is shown in percentages
|rule|Endless Battle Clause: Forcing endless battles is banned
|rule|Species Clause: Limit one of each Pokémon
|rule|OHKO Clause: OHKO moves are banned
|rule|Evasion Items Clause: Evasion items are banned
|rule|Evasion Moves Clause: Evasion moves are banned
|rule|Evasion Abilities Clause: Evasion abilities are banned
|rule|Sleep Moves Clause: Sleep-inducing moves are banned
|clearpoke
|poke|p1|Torkoal, M|
|poke|p1|Trevenant, M|
|poke|p1|Chandelure, M|
|poke|p1|Walking Wake|
|poke|p1|Hatterene, F|
|poke|p1|Metagross|
|poke|p2|Pecharunt|
|poke|p2|Kingambit, F|
|poke|p2|Volcanion|
|poke|p2|Iron Valiant|
|poke|p2|Landorus-Therian, M|
|poke|p2|Deoxys-Speed|
|teampreview
|inactive|Battle timer is ON: inactive players will automatically lose when time's up. (requested by ismelllikesocksbro)
|
|t:|1769404884
|teamsize|p1|6
|teamsize|p2|6
|start
|switch|p1a: Trevenant|Trevenant, M|100/100
|switch|p2a: Deoxys|Deoxys-Speed|100/100
|-ability|p2a: Deoxys|Pressure
|turn|1
|
|t:|1769404888
|move|p2a: Deoxys|Knock Off|p1a: Trevenant
|-supereffective|p1a: Trevenant
|-damage|p1a: Trevenant|43/100
|-enditem|p1a: Trevenant|Sitrus Berry|[from] move: Knock Off|[of] p2a: Deoxys
|move|p1a: Trevenant|Knock Off|p2a: Deoxys
|-supereffective|p2a: Deoxys
|-damage|p2a: Deoxys|21/100
|-enditem|p2a: Deoxys|Eject Pack|[from] move: Knock Off|[of] p1a: Trevenant
|
|upkeep
|turn|2
|
|t:|1769404912
|move|p2a: Deoxys|Spikes|p1a: Trevenant
|-sidestart|p1: cringooo|Spikes
|move|p1a: Trevenant|Knock Off|p2a: Deoxys
|-supereffective|p2a: Deoxys
|-damage|p2a: Deoxys|0 fnt
|faint|p2a: Deoxys
|
|upkeep
|
|t:|1769404918
|switch|p2a: Landorus|Landorus-Therian, M|100/100
|-ability|p2a: Landorus|Intimidate|boost
|-unboost|p1a: Trevenant|atk|1
|turn|3
|
|t:|1769404922
|move|p2a: Landorus|Stealth Rock|p1a: Trevenant
|-sidestart|p1: cringooo|move: Stealth Rock
|move|p1a: Trevenant|Will-O-Wisp|p2a: Landorus
|-status|p2a: Landorus|brn
|
|-damage|p2a: Landorus|94/100 brn|[from] brn
|upkeep
|turn|4
|
|t:|1769404928
|move|p2a: Landorus|U-turn|p1a: Trevenant
|-damage|p1a: Trevenant|32/100
|
|t:|1769404931
|switch|p2a: Iron Valiant|Iron Valiant|100/100|[from] U-turn
|-enditem|p2a: Iron Valiant|Booster Energy
|-activate|p2a: Iron Valiant|ability: Quark Drive|[fromitem]
|-start|p2a: Iron Valiant|quarkdrivespe
|move|p1a: Trevenant|Horn Leech|p2a: Iron Valiant
|-damage|p2a: Iron Valiant|77/100
|-heal|p1a: Trevenant|42/100|[from] drain|[of] p2a: Iron Valiant
|
|upkeep
|turn|5
|
|t:|1769404950
|move|p2a: Iron Valiant|Moonblast|p1a: Trevenant
|-damage|p1a: Trevenant|13/100
|move|p1a: Trevenant|Knock Off|p2a: Iron Valiant
|-resisted|p2a: Iron Valiant
|-crit|p2a: Iron Valiant
|-damage|p2a: Iron Valiant|69/100
|
|upkeep
|turn|6
|
|t:|1769404965
|move|p2a: Iron Valiant|Moonblast|p1a: Trevenant
|-damage|p1a: Trevenant|0 fnt
|faint|p1a: Trevenant
|
|upkeep
|
|t:|1769404969
|switch|p1a: Torkoal|Torkoal, M|100/100
|-damage|p1a: Torkoal|88/100|[from] Spikes
|-damage|p1a: Torkoal|63/100|[from] Stealth Rock
|-weather|SunnyDay|[from] ability: Drought|[of] p1a: Torkoal
|turn|7
|
|t:|1769404989
|-end|p2a: Iron Valiant|Quark Drive|[silent]
|switch|p2a: Landorus|Landorus-Therian, M|94/100 brn
|-ability|p2a: Landorus|Intimidate|boost
|-unboost|p1a: Torkoal|atk|1
|move|p1a: Torkoal|Stealth Rock|p2a: Landorus
|-sidestart|p2: ismelllikesocksbro|move: Stealth Rock
|
|-weather|SunnyDay|[upkeep]
|-damage|p2a: Landorus|88/100 brn|[from] brn
|upkeep
|turn|8
|
|t:|1769404995
|move|p2a: Landorus|Taunt|p1a: Torkoal
|-start|p1a: Torkoal|move: Taunt
|move|p1a: Torkoal|Rapid Spin|p2a: Landorus
|-damage|p2a: Landorus|82/100 brn
|-boost|p1a: Torkoal|spe|1
|-damage|p1a: Torkoal|47/100|[from] item: Rocky Helmet|[of] p2a: Landorus
|-sideend|p1: cringooo|Spikes|[from] move: Rapid Spin|[of] p1a: Torkoal
|-sideend|p1: cringooo|Stealth Rock|[from] move: Rapid Spin|[of] p1a: Torkoal
|
|-weather|SunnyDay|[upkeep]
|-damage|p2a: Landorus|76/100 brn|[from] brn
|upkeep
|turn|9
|
|t:|1769405001
|move|p2a: Landorus|Earthquake|p1a: Torkoal
|-supereffective|p1a: Torkoal
|-damage|p1a: Torkoal|20/100
|move|p1a: Torkoal|Rapid Spin|p2a: Landorus
|-crit|p2a: Landorus
|-damage|p2a: Landorus|63/100 brn
|-boost|p1a: Torkoal|spe|1
|-damage|p1a: Torkoal|3/100|[from] item: Rocky Helmet|[of] p2a: Landorus
|
|-weather|SunnyDay|[upkeep]
|-damage|p2a: Landorus|57/100 brn|[from] brn
|upkeep
|turn|10
|
|t:|1769405007
|move|p2a: Landorus|Stealth Rock|p1a: Torkoal
|-sidestart|p1: cringooo|move: Stealth Rock
|move|p1a: Torkoal|Body Press|p2a: Landorus
|-resisted|p2a: Landorus
|-damage|p2a: Landorus|42/100 brn
|-damage|p1a: Torkoal|0 fnt|[from] item: Rocky Helmet|[of] p2a: Landorus
|faint|p1a: Torkoal
|
|-weather|SunnyDay|[upkeep]
|-damage|p2a: Landorus|36/100 brn|[from] brn
|upkeep
|
|t:|1769405018
|switch|p1a: Walking Wake|Walking Wake|100/100
|-damage|p1a: Walking Wake|88/100|[from] Stealth Rock
|-activate|p1a: Walking Wake|ability: Protosynthesis
|-start|p1a: Walking Wake|protosynthesisspa
|turn|11
|
|t:|1769405021
|move|p1a: Walking Wake|Hydro Steam|p2a: Landorus
|-supereffective|p2a: Landorus
|-damage|p2a: Landorus|0 fnt
|faint|p2a: Landorus
|
|-weather|SunnyDay|[upkeep]
|upkeep
|
|t:|1769405023
|switch|p2a: Iron Valiant|Iron Valiant|69/100
|-damage|p2a: Iron Valiant|63/100|[from] Stealth Rock
|turn|12
|
|t:|1769405037
|-terastallize|p1a: Walking Wake|Water
|move|p2a: Iron Valiant|Moonblast|p1a: Walking Wake
|-damage|p1a: Walking Wake|42/100
|move|p1a: Walking Wake|Hydro Steam|p2a: Iron Valiant
|-damage|p2a: Iron Valiant|0 fnt
|faint|p2a: Iron Valiant
|-end|p2a: Iron Valiant|Quark Drive|[silent]
|
|-weather|SunnyDay|[upkeep]
|upkeep
|
|t:|1769405049
|switch|p2a: Kingambit|Kingambit, F|100/100
|-damage|p2a: Kingambit|94/100|[from] Stealth Rock
|-activate|p2a: Kingambit|ability: Supreme Overlord
|-start|p2a: Kingambit|fallen3|[silent]
|turn|13
|
|t:|1769405055
|-end|p1a: Walking Wake|Protosynthesis|[silent]
|switch|p1a: Hatterene|Hatterene, F|100/100
|-damage|p1a: Hatterene|88/100|[from] Stealth Rock
|move|p2a: Kingambit|Swords Dance|p2a: Kingambit
|-boost|p2a: Kingambit|atk|2
|
|-weather|SunnyDay|[upkeep]
|-heal|p2a: Kingambit|100/100|[from] item: Leftovers
|upkeep
|turn|14
|
|t:|1769405061
|move|p2a: Kingambit|Iron Head|p1a: Hatterene
|-supereffective|p1a: Hatterene
|-damage|p1a: Hatterene|0 fnt
|faint|p1a: Hatterene
|
|-weather|none
|upkeep
|
|t:|1769405070
|switch|p1a: Chandelure|Chandelure, M|100/100
|-damage|p1a: Chandelure|76/100|[from] Stealth Rock
|turn|15
|
|t:|1769405075
|move|p2a: Kingambit|Sucker Punch|p1a: Chandelure
|-supereffective|p1a: Chandelure
|-damage|p1a: Chandelure|0 fnt
|faint|p1a: Chandelure
|
|upkeep
|
|t:|1769405077
|switch|p1a: Metagross|Metagross|100/100
|-damage|p1a: Metagross|95/100|[from] Stealth Rock
|turn|16
|
|t:|1769405081
|move|p1a: Metagross|Earthquake|p2a: Kingambit
|-supereffective|p2a: Kingambit
|-damage|p2a: Kingambit|2/100
|move|p2a: Kingambit|Low Kick|p1a: Metagross
|-damage|p1a: Metagross|0 fnt
|faint|p1a: Metagross
|
|-heal|p2a: Kingambit|8/100|[from] item: Leftovers
|upkeep
|
|t:|1769405084
|switch|p1a: Walking Wake|Walking Wake, tera:Water|42/100
|-damage|p1a: Walking Wake|30/100|[from] Stealth Rock
|turn|17
|
|t:|1769405096
|move|p2a: Kingambit|Sucker Punch|p1a: Walking Wake
|-damage|p1a: Walking Wake|0 fnt
|faint|p1a: Walking Wake
|-end|p1a: Walking Wake|Protosynthesis|[silent]
|
|win|ismelllikesocksbro
|raw|cringooo's rating: 1213 &rarr; <strong>1184</strong><br />(-29 for losing)
|raw|ismelllikesocksbro's rating: 1153 &rarr; <strong>1182</strong><br />(+29 for winning)
|l|☆cringooo
|player|p1|
|l|☆ismelllikesocksbro
|player|p2|
