|j|☆airi pearl
|j|☆Slaw Goodman
|t:|1769299089
|gametype|singles
|player|p1|airi pearl|#wcop2023latinamerica2|
|player|p2|Slaw Goodman|170|
|gen|9
|tier|[Gen 9] OU
|rule|HP Percentage Mod: HP is shown in percentages
|rule|Endless Battle Clause: Forcing endless battles is banned
|rule|Species Clause: Limit one of each Pokémon
|rule|OHKO Clause: OHKO moves are banned
|rule|Evasion Items Clause: Evasion items are banned
|rule|Evasion Moves Clause: Evasion moves are banned
|rule|Evasion Abilities Clause: Evasion abilities are banned
|rule|Sleep Moves Clause: Sleep-inducing moves are banned
|clearpoke
|poke|p1|Lokix, F|
|poke|p1|Garganacl, M|
|poke|p1|Alomomola, M|
|poke|p1|Iron Treads|
|poke|p1|Weezing-Galar, F|
|poke|p1|Tornadus-Therian, M|
|poke|p2|Garganacl, M|
|poke|p2|Weezing-Galar, F|
|poke|p2|Corviknight, M|
|poke|p2|Dragapult, M|
|poke|p2|Slowking-Galar, F|
|poke|p2|Samurott-Hisui, F|
|teampreview
|c|☆Slaw Goodman|Glhf
|inactive|Battle timer is ON: inactive players will automatically lose when time's up. (requested by Slaw Goodman)
|c|☆airi pearl|u2
|
|t:|1769299138
|teamsize|p1|6
|teamsize|p2|6
|start
|switch|p1a: Lokix|Lokix, F|100/100
|switch|p2a: B-52 Bomber|Dragapult, M|100/100
|turn|1
|
|t:|1769299148
|switch|p2a: Baping|Weezing-Galar, F|100/100
|-ability|p2a: Baping|Neutralizing Gas
|move|p1a: Lokix|Knock Off|p2a: Baping
|-resisted|p2a: Baping
|-damage|p2a: Baping|77/100
|-enditem|p2a: Baping|Black Sludge|[from] move: Knock Off|[of] p1a: Lokix
|
|upkeep
|turn|2
|
|t:|1769299157
|switch|p1a: Alomomola|Alomomola, M|100/100
|move|p2a: Baping|Will-O-Wisp|p1a: Alomomola
|-status|p1a: Alomomola|brn
|
|-damage|p1a: Alomomola|94/100 brn|[from] brn
|upkeep
|turn|3
|
|t:|1769299168
|-end|p2a: Baping|ability: Neutralizing Gas
|switch|p2a: Dr. Gargory House|Garganacl, M|100/100
|move|p1a: Alomomola|Flip Turn|p2a: Dr. Gargory House
|-supereffective|p2a: Dr. Gargory House
|-damage|p2a: Dr. Gargory House|91/100
|
|t:|1769299175
|switch|p1a: Iron Treads|Iron Treads|100/100|[from] Flip Turn
|
|-heal|p2a: Dr. Gargory House|97/100|[from] item: Leftovers
|upkeep
|turn|4
|
|t:|1769299187
|move|p1a: Iron Treads|Stealth Rock|p2a: Dr. Gargory House
|-sidestart|p2: Slaw Goodman|move: Stealth Rock
|move|p2a: Dr. Gargory House|Salt Cure|p1a: Iron Treads
|-resisted|p1a: Iron Treads
|-damage|p1a: Iron Treads|98/100
|-start|p1a: Iron Treads|Salt Cure
|
|-heal|p2a: Dr. Gargory House|100/100|[from] item: Leftovers
|-damage|p1a: Iron Treads|73/100|[from] Salt Cure
|upkeep
|turn|5
|
|t:|1769299196
|move|p1a: Iron Treads|Earthquake|p2a: Dr. Gargory House
|-supereffective|p2a: Dr. Gargory House
|-damage|p2a: Dr. Gargory House|54/100
|move|p2a: Dr. Gargory House|Stealth Rock|p1a: Iron Treads
|-sidestart|p1: airi pearl|move: Stealth Rock
|
|-heal|p2a: Dr. Gargory House|60/100|[from] item: Leftovers
|-damage|p1a: Iron Treads|48/100|[from] Salt Cure
|upkeep
|turn|6
|
|t:|1769299217
|move|p2a: Dr. Gargory House|Protect|p2a: Dr. Gargory House
|-singleturn|p2a: Dr. Gargory House|Protect
|move|p1a: Iron Treads|Earthquake|p2a: Dr. Gargory House
|-activate|p2a: Dr. Gargory House|move: Protect
|
|-heal|p2a: Dr. Gargory House|66/100|[from] item: Leftovers
|-damage|p1a: Iron Treads|23/100|[from] Salt Cure
|upkeep
|turn|7
|
|t:|1769299222
|switch|p2a: Stupid bird I hate|Corviknight, M|100/100
|-damage|p2a: Stupid bird I hate|88/100|[from] Stealth Rock
|-ability|p2a: Stupid bird I hate|Pressure
|move|p1a: Iron Treads|Rapid Spin|p2a: Stupid bird I hate
|-resisted|p2a: Stupid bird I hate
|-damage|p2a: Stupid bird I hate|84/100
|-boost|p1a: Iron Treads|spe|1
|-damage|p1a: Iron Treads|7/100|[from] item: Rocky Helmet|[of] p2a: Stupid bird I hate
|-sideend|p1: airi pearl|Stealth Rock|[from] move: Rapid Spin|[of] p1a: Iron Treads
|
|-damage|p1a: Iron Treads|0 fnt|[from] Salt Cure
|faint|p1a: Iron Treads
|-end|p1a: Iron Treads|Quark Drive|[silent]
|upkeep
|
|t:|1769299226
|switch|p1a: Tornadus|Tornadus-Therian, M|100/100
|turn|8
|
|t:|1769299255
|switch|p2a: Dr. Gargory House|Garganacl, M|66/100
|-damage|p2a: Dr. Gargory House|54/100|[from] Stealth Rock
|move|p1a: Tornadus|Nasty Plot|p1a: Tornadus
|-boost|p1a: Tornadus|spa|2
|
|-heal|p2a: Dr. Gargory House|60/100|[from] item: Leftovers
|upkeep
|turn|9
|
|t:|1769299264
|move|p1a: Tornadus|Grass Knot|p2a: Dr. Gargory House
|-supereffective|p2a: Dr. Gargory House
|-damage|p2a: Dr. Gargory House|0 fnt
|faint|p2a: Dr. Gargory House
|-damage|p1a: Tornadus|91/100|[from] item: Life Orb
|
|upkeep
|
|t:|1769299267
|switch|p2a: Justin Trudeau|Slowking-Galar, F|100/100
|-damage|p2a: Justin Trudeau|88/100|[from] Stealth Rock
|turn|10
|
|t:|1769299275
|switch|p1a: Alomomola|Alomomola, M|100/100 brn
|move|p2a: Justin Trudeau|Sludge Bomb|p1a: Alomomola
|-damage|p1a: Alomomola|67/100 brn
|
|-damage|p1a: Alomomola|61/100 brn|[from] brn
|upkeep
|turn|11
|
|t:|1769299284
|move|p1a: Alomomola|Flip Turn|p2a: Justin Trudeau
|-damage|p2a: Justin Trudeau|79/100
|
|t:|1769299288
|switch|p1a: Garganacl|Garganacl, M|100/100|[from] Flip Turn
|move|p2a: Justin Trudeau|Future Sight|p1a: Garganacl
|-start|p2a: Justin Trudeau|move: Future Sight
|
|upkeep
|turn|12
|
|t:|1769299300
|switch|p2a: Baping|Weezing-Galar, F|77/100
|-ability|p2a: Baping|Neutralizing Gas
|-damage|p2a: Baping|65/100|[from] Stealth Rock
|move|p1a: Garganacl|Salt Cure|p2a: Baping
|-damage|p2a: Baping|56/100
|-start|p2a: Baping|Salt Cure
|
|-damage|p2a: Baping|43/100|[from] Salt Cure
|upkeep
|turn|13
|
|t:|1769299313
|switch|p1a: Alomomola|Alomomola, M|94/100 brn
|move|p2a: Baping|Will-O-Wisp|p1a: Alomomola
|-fail|p1a: Alomomola|brn
|
|-end|p1a: Alomomola|move: Future Sight
|-damage|p1a: Alomomola|50/100 brn
|-damage|p1a: Alomomola|44/100 brn|[from] brn
|-damage|p2a: Baping|31/100|[from] Salt Cure
|upkeep
|turn|14
|
|t:|1769299322
|move|p2a: Baping|Pain Split|p1a: Alomomola
|-sethp|p1a: Alomomola|33/100 brn|[from] move: Pain Split|[silent]
|-sethp|p2a: Baping|47/100|[from] move: Pain Split
|move|p1a: Alomomola|Flip Turn|p2a: Baping
|-damage|p2a: Baping|42/100
|
|t:|1769299329
|switch|p1a: Tornadus|Tornadus-Therian, M|100/100|[from] Flip Turn
|
|-damage|p2a: Baping|30/100|[from] Salt Cure
|upkeep
|turn|15
|
|t:|1769299344
|move|p1a: Tornadus|Bleakwind Storm|p2a: Baping
|-damage|p2a: Baping|0 fnt
|faint|p2a: Baping
|-end|p2a: Baping|ability: Neutralizing Gas
|-damage|p1a: Tornadus|91/100|[from] item: Life Orb
|
|upkeep
|
|t:|1769299349
|switch|p2a: B-52 Bomber|Dragapult, M|100/100
|turn|16
|
|t:|1769299352
|move|p2a: B-52 Bomber|Dragon Darts|p1a: Tornadus
|-damage|p1a: Tornadus|57/100
|-anim|p2a: B-52 Bomber|Dragon Darts|p1a: Tornadus
|-damage|p1a: Tornadus|26/100
|move|p1a: Tornadus|Bleakwind Storm|p2a: B-52 Bomber
|-damage|p2a: B-52 Bomber|8/100
|-unboost|p2a: B-52 Bomber|spe|1
|-damage|p1a: Tornadus|16/100|[from] item: Life Orb
|
|upkeep
|turn|17
|
|t:|1769299370
|switch|p1a: Alomomola|Alomomola, M|33/100 brn
|switch|p2a: Justin Trudeau|Slowking-Galar, F|100/100
|-damage|p2a: Justin Trudeau|88/100|[from] Stealth Rock
|
|-damage|p1a: Alomomola|26/100 brn|[from] brn
|upkeep
|turn|18
|inactive|Slaw Goodman has 270 seconds left.
|
|t:|1769299397
|switch|p1a: Garganacl|Garganacl, M|100/100
|move|p2a: Justin Trudeau|Future Sight|p1a: Garganacl
|-start|p2a: Justin Trudeau|move: Future Sight
|
|upkeep
|turn|19
|
|t:|1769299403
|move|p1a: Garganacl|Salt Cure|p2a: Justin Trudeau
|-damage|p2a: Justin Trudeau|75/100
|-start|p2a: Justin Trudeau|Salt Cure
|move|p2a: Justin Trudeau|Psychic Noise|p1a: Garganacl
|-damage|p1a: Garganacl|77/100
|-start|p1a: Garganacl|move: Heal Block
|
|-damage|p2a: Justin Trudeau|62/100|[from] Salt Cure
|upkeep
|turn|20
|
|t:|1769299423
|switch|p2a: Stupid bird I hate|Corviknight, M|84/100
|-damage|p2a: Stupid bird I hate|72/100|[from] Stealth Rock
|-ability|p2a: Stupid bird I hate|Pressure
|move|p1a: Garganacl|Iron Defense|p1a: Garganacl
|-boost|p1a: Garganacl|def|2
|
|-end|p1a: Garganacl|move: Future Sight
|-damage|p1a: Garganacl|43/100
|-end|p1a: Garganacl|move: Heal Block
|upkeep
|turn|21
|
|t:|1769299437
|move|p2a: Stupid bird I hate|Iron Defense|p2a: Stupid bird I hate
|-boost|p2a: Stupid bird I hate|def|2
|move|p1a: Garganacl|Salt Cure|p2a: Stupid bird I hate
|-damage|p2a: Stupid bird I hate|67/100
|-start|p2a: Stupid bird I hate|Salt Cure
|
|-heal|p1a: Garganacl|49/100|[from] item: Leftovers
|-damage|p2a: Stupid bird I hate|42/100|[from] Salt Cure
|upkeep
|turn|22
|
|t:|1769299452
|move|p2a: Stupid bird I hate|Body Press|p1a: Garganacl
|-supereffective|p1a: Garganacl
|-damage|p1a: Garganacl|15/100
|move|p1a: Garganacl|Recover|p1a: Garganacl
|-heal|p1a: Garganacl|65/100
|
|-heal|p1a: Garganacl|71/100|[from] item: Leftovers
|-damage|p2a: Stupid bird I hate|17/100|[from] Salt Cure
|upkeep
|turn|23
|
|t:|1769299460
|move|p2a: Stupid bird I hate|Roost|p2a: Stupid bird I hate
|-heal|p2a: Stupid bird I hate|67/100
|-singleturn|p2a: Stupid bird I hate|move: Roost
|move|p1a: Garganacl|Recover|p1a: Garganacl
|-heal|p1a: Garganacl|100/100
|
|-damage|p2a: Stupid bird I hate|42/100|[from] Salt Cure
|upkeep
|turn|24
|
|t:|1769299463
|switch|p2a: Justin Trudeau|Slowking-Galar, F|96/100
|-damage|p2a: Justin Trudeau|83/100|[from] Stealth Rock
|move|p1a: Garganacl|Iron Defense|p1a: Garganacl
|-boost|p1a: Garganacl|def|2
|
|upkeep
|turn|25
|
|t:|1769299467
|move|p1a: Garganacl|Salt Cure|p2a: Justin Trudeau
|-damage|p2a: Justin Trudeau|68/100
|-start|p2a: Justin Trudeau|Salt Cure
|move|p2a: Justin Trudeau|Future Sight|p1a: Garganacl
|-start|p2a: Justin Trudeau|move: Future Sight
|
|-damage|p2a: Justin Trudeau|55/100|[from] Salt Cure
|upkeep
|turn|26
|
|t:|1769299477
|switch|p2a: Stupid bird I hate|Corviknight, M|42/100
|-damage|p2a: Stupid bird I hate|30/100|[from] Stealth Rock
|-ability|p2a: Stupid bird I hate|Pressure
|move|p1a: Garganacl|Body Press|p2a: Stupid bird I hate
|-damage|p2a: Stupid bird I hate|0 fnt
|-damage|p1a: Garganacl|84/100|[from] item: Rocky Helmet|[of] p2a: Stupid bird I hate
|faint|p2a: Stupid bird I hate
|
|-heal|p1a: Garganacl|90/100|[from] item: Leftovers
|upkeep
|
|t:|1769299480
|switch|p2a: Justin Trudeau|Slowking-Galar, F|89/100
|-damage|p2a: Justin Trudeau|76/100|[from] Stealth Rock
|turn|27
|
|t:|1769299483
|move|p1a: Garganacl|Salt Cure|p2a: Justin Trudeau
|-damage|p2a: Justin Trudeau|62/100
|-start|p2a: Justin Trudeau|Salt Cure
|move|p2a: Justin Trudeau|Psychic Noise|p1a: Garganacl
|-damage|p1a: Garganacl|68/100
|-start|p1a: Garganacl|move: Heal Block
|
|-end|p1a: Garganacl|move: Future Sight
|-damage|p1a: Garganacl|35/100
|-damage|p2a: Justin Trudeau|49/100|[from] Salt Cure
|upkeep
|turn|28
|inactive|Slaw Goodman has 270 seconds left.
|
|t:|1769299516
|move|p1a: Garganacl|Body Press|p2a: Justin Trudeau
|-resisted|p2a: Justin Trudeau
|-damage|p2a: Justin Trudeau|28/100
|move|p2a: Justin Trudeau|Future Sight|p1a: Garganacl
|-start|p2a: Justin Trudeau|move: Future Sight
|
|-damage|p2a: Justin Trudeau|16/100|[from] Salt Cure
|-end|p1a: Garganacl|move: Heal Block
|upkeep
|turn|29
|
|t:|1769299525
|switch|p2a: B-52 Bomber|Dragapult, M|8/100
|move|p1a: Garganacl|Recover|p1a: Garganacl
|-heal|p1a: Garganacl|86/100
|
|-heal|p1a: Garganacl|92/100|[from] item: Leftovers
|upkeep
|turn|30
|
|t:|1769299534
|move|p2a: B-52 Bomber|U-turn|p1a: Garganacl
|-damage|p1a: Garganacl|87/100
|
|t:|1769299536
|switch|p2a: Justin Trudeau|Slowking-Galar, F|49/100|[from] U-turn
|-damage|p2a: Justin Trudeau|36/100|[from] Stealth Rock
|move|p1a: Garganacl|Salt Cure|p2a: Justin Trudeau
|-damage|p2a: Justin Trudeau|22/100
|-start|p2a: Justin Trudeau|Salt Cure
|
|-end|p1a: Garganacl|move: Future Sight
|-damage|p1a: Garganacl|50/100
|-heal|p1a: Garganacl|56/100|[from] item: Leftovers
|-damage|p2a: Justin Trudeau|9/100|[from] Salt Cure
|upkeep
|turn|31
|
|t:|1769299545
|move|p1a: Garganacl|Recover|p1a: Garganacl
|-heal|p1a: Garganacl|100/100
|move|p2a: Justin Trudeau|Psychic Noise|p1a: Garganacl
|-damage|p1a: Garganacl|78/100
|-start|p1a: Garganacl|move: Heal Block
|
|-damage|p2a: Justin Trudeau|0 fnt|[from] Salt Cure
|faint|p2a: Justin Trudeau
|upkeep
|
|t:|1769299555
|switch|p2a: B-52 Bomber|Dragapult, M|8/100
|turn|32
|
|t:|1769299567
|move|p2a: B-52 Bomber|U-turn|p1a: Garganacl
|-damage|p1a: Garganacl|73/100
|
|t:|1769299569
|switch|p2a: Kenshi Takahashi|Samurott-Hisui, F|100/100|[from] U-turn
|-damage|p2a: Kenshi Takahashi|88/100|[from] Stealth Rock
|move|p1a: Garganacl|Salt Cure|p2a: Kenshi Takahashi
|-damage|p2a: Kenshi Takahashi|72/100
|-start|p2a: Kenshi Takahashi|Salt Cure
|
|-damage|p2a: Kenshi Takahashi|47/100|[from] Salt Cure
|-end|p1a: Garganacl|move: Heal Block
|upkeep
|turn|33
|
|t:|1769299574
|move|p2a: Kenshi Takahashi|Razor Shell|p1a: Garganacl
|-supereffective|p1a: Garganacl
|-damage|p1a: Garganacl|52/100
|-unboost|p1a: Garganacl|def|1
|move|p1a: Garganacl|Body Press|p2a: Kenshi Takahashi
|-supereffective|p2a: Kenshi Takahashi
|-damage|p2a: Kenshi Takahashi|0 fnt
|faint|p2a: Kenshi Takahashi
|
|-heal|p1a: Garganacl|58/100|[from] item: Leftovers
|upkeep
|c|☆airi pearl|gg
|
|t:|1769299583
|switch|p2a: B-52 Bomber|Dragapult, M|8/100
|turn|34
|
|t:|1769299585
|move|p2a: B-52 Bomber|Dragon Darts|p1a: Garganacl
|-damage|p1a: Garganacl|52/100
|-anim|p2a: B-52 Bomber|Dragon Darts|p1a: Garganacl
|-damage|p1a: Garganacl|45/100
|move|p1a: Garganacl|Salt Cure|p2a: B-52 Bomber
|-damage|p2a: B-52 Bomber|0 fnt
|faint|p2a: B-52 Bomber
|
|win|airi pearl
|l|☆Slaw Goodman
|player|p2|
