|j|☆spunder_policy
|j|☆rblt ryo
|t:|1769385666
|gametype|singles
|player|p1|spunder_policy|101|1811
|player|p2|rblt ryo|dawn|1833
|gen|9
|tier|[Gen 9] OU
|rated|
|rule|HP Percentage Mod: HP is shown in percentages
|rule|Endless Battle Clause: Forcing endless battles is banned
|rule|Species Clause: Limit one of each Pokémon
|rule|OHKO Clause: OHKO moves are banned
|rule|Evasion Items Clause: Evasion items are banned
|rule|Evasion Moves Clause: Evasion moves are banned
|rule|Evasion Abilities Clause: Evasion abilities are banned
|rule|Sleep Moves Clause: Sleep-inducing moves are banned
|clearpoke
|poke|p1|Zoroark-Hisui, F|
|poke|p1|Mesprit|
|poke|p1|Alomomola, F|
|poke|p1|Goodra-Hisui, F|
|poke|p1|Thundurus, M|
|poke|p1|Blaziken, F|
|poke|p2|Volcanion|
|poke|p2|Slowking-Galar, M|
|poke|p2|Zamazenta-*|
|poke|p2|Corviknight, M|
|poke|p2|Hatterene, F|
|poke|p2|Ting-Lu|
|teampreview
|inactive|Battle timer is ON: inactive players will automatically lose when time's up. (requested by spunder_policy)
|
|t:|1769385689
|teamsize|p1|6
|teamsize|p2|6
|start
|switch|p1a: Goodra|Goodra-Hisui, F|100/100
|switch|p2a: Zamazenta|Zamazenta|100/100
|-ability|p2a: Zamazenta|Dauntless Shield|boost
|-boost|p2a: Zamazenta|def|1
|turn|1
|
|t:|1769385696
|switch|p1a: Alomomola|Alomomola, F|100/100
|-terastallize|p2a: Zamazenta|Dark
|move|p2a: Zamazenta|Crunch|p1a: Alomomola
|-damage|p1a: Alomomola|47/100
|
|upkeep
|turn|2
|
|t:|1769385709
|move|p1a: Alomomola|Protect|p1a: Alomomola
|-singleturn|p1a: Alomomola|Protect
|move|p2a: Zamazenta|Crunch|p1a: Alomomola
|-activate|p1a: Alomomola|move: Protect
|
|upkeep
|turn|3
|
|t:|1769385713
|switch|p1a: Blaziken|Blaziken, F|100/100
|move|p2a: Zamazenta|Crunch|p1a: Blaziken
|-resisted|p1a: Blaziken
|-damage|p1a: Blaziken|48/100
|-unboost|p1a: Blaziken|def|1
|
|upkeep
|turn|4
|
|t:|1769385723
|switch|p2a: Slowking|Slowking-Galar, M, shiny|100/100
|move|p1a: Blaziken|Protect||[still]
|-fail|p1a: Blaziken
|
|-ability|p1a: Blaziken|Speed Boost|boost
|-boost|p1a: Blaziken|spe|1
|upkeep
|turn|5
|
|t:|1769385730
|switch|p1a: Mesprit|Mesprit|100/100
|move|p2a: Slowking|Sludge Bomb|p1a: Mesprit
|-damage|p1a: Mesprit|69/100
|
|upkeep
|turn|6
|
|t:|1769385741
|switch|p2a: Hatterene|Hatterene, F|100/100
|move|p1a: Mesprit|Stealth Rock|p2a: Hatterene
|move|p2a: Hatterene|Stealth Rock|p1a: Mesprit|[from] ability: Magic Bounce
|-sidestart|p1: spunder_policy|move: Stealth Rock
|
|upkeep
|turn|7
|
|t:|1769385754
|switch|p1a: Goodra|Goodra-Hisui, F|100/100
|move|p2a: Hatterene|Nuzzle|p1a: Goodra
|-resisted|p1a: Goodra
|-damage|p1a: Goodra|99/100
|-status|p1a: Goodra|par
|
|upkeep
|turn|8
|
|t:|1769385769
|switch|p2a: Ting-Lu|Ting-Lu|100/100
|-ability|p2a: Ting-Lu|Vessel of Ruin
|move|p1a: Goodra|Sludge Bomb|p2a: Ting-Lu
|-resisted|p2a: Ting-Lu
|-damage|p2a: Ting-Lu|95/100
|
|-heal|p2a: Ting-Lu|100/100|[from] item: Leftovers
|upkeep
|turn|9
|
|t:|1769385783
|switch|p1a: Mesprit|Mesprit|69/100
|move|p2a: Ting-Lu|Earthquake|p1a: Mesprit
|-immune|p1a: Mesprit|[from] ability: Levitate
|
|upkeep
|turn|10
|
|t:|1769385787
|switch|p2a: Hatterene|Hatterene, F|100/100
|move|p1a: Mesprit|U-turn|p2a: Hatterene
|-damage|p2a: Hatterene|89/100
|-damage|p1a: Mesprit|52/100|[from] item: Rocky Helmet|[of] p2a: Hatterene
|j| shedtailhater
|
|t:|1769385789
|switch|p1a: Goodra|Goodra-Hisui, F|99/100 par|[from] U-turn
|
|upkeep
|turn|11
|
|t:|1769385794
|switch|p2a: Ting-Lu|Ting-Lu|100/100
|-ability|p2a: Ting-Lu|Vessel of Ruin
|move|p1a: Goodra|Knock Off|p2a: Ting-Lu
|-resisted|p2a: Ting-Lu
|-damage|p2a: Ting-Lu|95/100
|-enditem|p2a: Ting-Lu|Leftovers|[from] move: Knock Off|[of] p1a: Goodra
|
|upkeep
|turn|12
|
|t:|1769385799
|switch|p2a: Zamazenta|Zamazenta, tera:Dark|100/100
|switch|p1a: Alomomola|Alomomola, F|80/100
|
|upkeep
|turn|13
|
|t:|1769385807
|move|p1a: Alomomola|Protect|p1a: Alomomola
|-singleturn|p1a: Alomomola|Protect
|move|p2a: Zamazenta|Close Combat|p1a: Alomomola
|-activate|p1a: Alomomola|move: Protect
|
|upkeep
|turn|14
|inactive|spunder_policy has 120 seconds left.
|
|t:|1769385848
|switch|p2a: Slowking|Slowking-Galar, M, shiny|100/100
|move|p1a: Alomomola|Scald|p2a: Slowking
|-damage|p2a: Slowking|91/100
|
|-heal|p2a: Slowking|97/100|[from] item: Black Sludge
|upkeep
|turn|15
|
|t:|1769385858
|move|p1a: Alomomola|Protect|p1a: Alomomola
|-singleturn|p1a: Alomomola|Protect
|move|p2a: Slowking|Trick|p1a: Alomomola
|-activate|p1a: Alomomola|move: Protect
|
|-heal|p2a: Slowking|100/100|[from] item: Black Sludge
|upkeep
|turn|16
|
|t:|1769385864
|switch|p1a: Goodra|Goodra-Hisui, F|99/100 par
|move|p2a: Slowking|Trick|p1a: Goodra
|-activate|p2a: Slowking|move: Trick|[of] p1a: Goodra
|-item|p1a: Goodra|Black Sludge|[from] move: Trick
|-item|p2a: Slowking|Heavy-Duty Boots|[from] move: Trick
|
|-damage|p1a: Goodra|87/100 par|[from] item: Black Sludge
|upkeep
|turn|17
|inactive|spunder_policy has 120 seconds left.
|
|t:|1769385877
|switch|p2a: Ting-Lu|Ting-Lu|95/100
|-ability|p2a: Ting-Lu|Vessel of Ruin
|-terastallize|p1a: Goodra|Poison
|move|p1a: Goodra|Knock Off|p2a: Ting-Lu
|-resisted|p2a: Ting-Lu
|-damage|p2a: Ting-Lu|90/100
|
|-heal|p1a: Goodra|93/100 par|[from] item: Black Sludge
|upkeep
|turn|18
|inactive|spunder_policy has 120 seconds left.
|j| Ctannn
|inactive|rblt ryo has 120 seconds left.
|
|t:|1769385908
|switch|p1a: Thundurus|Thundurus, M|100/100
|move|p2a: Ting-Lu|Earthquake|p1a: Thundurus
|-immune|p1a: Thundurus
|
|upkeep
|turn|19
|
|t:|1769385912
|move|p1a: Thundurus|U-turn|p2a: Ting-Lu
|-supereffective|p2a: Ting-Lu
|-damage|p2a: Ting-Lu|73/100
|
|t:|1769385915
|switch|p1a: Alomomola|Alomomola, F|100/100|[from] U-turn
|move|p2a: Ting-Lu|Payback|p1a: Alomomola
|-damage|p1a: Alomomola|86/100
|
|upkeep
|turn|20
|
|t:|1769385920
|switch|p2a: Volcanion|Volcanion|100/100
|move|p1a: Alomomola|Wish|p1a: Alomomola
|
|upkeep
|turn|21
|
|t:|1769385929
|switch|p1a: Goodra|Goodra-Hisui, F, tera:Poison|93/100 par
|-damage|p1a: Goodra|80/100 par|[from] Stealth Rock
|move|p2a: Volcanion|Steam Eruption|p1a: Goodra
|-damage|p1a: Goodra|19/100 par
|
|-heal|p1a: Goodra|92/100 par|[from] move: Wish|[wisher] Alomomola
|-heal|p1a: Goodra|98/100 par|[from] item: Black Sludge
|upkeep
|turn|22
|
|t:|1769385940
|move|p2a: Volcanion|Steam Eruption|p1a: Goodra
|-crit|p1a: Goodra
|-damage|p1a: Goodra|11/100 par
|move|p1a: Goodra|Knock Off|p2a: Volcanion
|-damage|p2a: Volcanion|78/100
|-enditem|p2a: Volcanion|Choice Specs|[from] move: Knock Off|[of] p1a: Goodra
|
|-heal|p1a: Goodra|17/100 par|[from] item: Black Sludge
|upkeep
|turn|23
|
|t:|1769385952
|switch|p1a: Alomomola|Alomomola, F|100/100
|move|p2a: Volcanion|Earth Power|p1a: Alomomola
|-damage|p1a: Alomomola|75/100
|
|upkeep
|turn|24
|
|t:|1769385965
|move|p2a: Volcanion|Sludge Bomb|p1a: Alomomola
|-damage|p1a: Alomomola|50/100
|move|p1a: Alomomola|Wish|p1a: Alomomola
|
|upkeep
|turn|25
|
|t:|1769385975
|switch|p1a: Mesprit|Mesprit|52/100
|move|p2a: Volcanion|Earth Power|p1a: Mesprit
|-immune|p1a: Mesprit|[from] ability: Levitate
|
|-heal|p1a: Mesprit|100/100|[from] move: Wish|[wisher] Alomomola
|upkeep
|turn|26
|
|t:|1769385986
|move|p2a: Volcanion|Sludge Bomb|p1a: Mesprit
|-damage|p1a: Mesprit|67/100
|-status|p1a: Mesprit|psn
|move|p1a: Mesprit|Stealth Rock|p2a: Volcanion
|-sidestart|p2: rblt ryo|move: Stealth Rock
|
|-damage|p1a: Mesprit|54/100 psn|[from] psn
|upkeep
|turn|27
|
|t:|1769385996
|move|p2a: Volcanion|Steam Eruption|p1a: Mesprit|[miss]
|-miss|p2a: Volcanion|p1a: Mesprit
|move|p1a: Mesprit|U-turn|p2a: Volcanion
|-resisted|p2a: Volcanion
|-damage|p2a: Volcanion|70/100
|
|t:|1769385998
|switch|p1a: Thundurus|Thundurus, M|100/100|[from] U-turn
|
|upkeep
|turn|28
|
|t:|1769386014
|switch|p2a: Zamazenta|Zamazenta, tera:Dark|100/100
|-damage|p2a: Zamazenta|88/100|[from] Stealth Rock
|move|p1a: Thundurus|U-turn|p2a: Zamazenta
|-supereffective|p2a: Zamazenta
|-damage|p2a: Zamazenta|57/100
|
|t:|1769386022
|switch|p1a: Alomomola|Alomomola, F|84/100|[from] U-turn
|
|upkeep
|turn|29
|
|t:|1769386029
|move|p2a: Zamazenta|Crunch|p1a: Alomomola
|-crit|p1a: Alomomola
|-damage|p1a: Alomomola|3/100
|move|p1a: Alomomola|Wish|p1a: Alomomola
|
|upkeep
|turn|30
|
|t:|1769386035
|move|p1a: Alomomola|Protect|p1a: Alomomola
|-singleturn|p1a: Alomomola|Protect
|move|p2a: Zamazenta|Crunch|p1a: Alomomola
|-activate|p1a: Alomomola|move: Protect
|
|-heal|p1a: Alomomola|53/100|[from] move: Wish|[wisher] Alomomola
|upkeep
|turn|31
|
|t:|1769386039
|move|p2a: Zamazenta|Crunch|p1a: Alomomola
|-damage|p1a: Alomomola|2/100
|move|p1a: Alomomola|Wish|p1a: Alomomola
|
|upkeep
|turn|32
|
|t:|1769386044
|move|p1a: Alomomola|Protect|p1a: Alomomola
|-singleturn|p1a: Alomomola|Protect
|move|p2a: Zamazenta|Crunch|p1a: Alomomola
|-activate|p1a: Alomomola|move: Protect
|
|-heal|p1a: Alomomola|52/100|[from] move: Wish|[wisher] Alomomola
|upkeep
|turn|33
|
|t:|1769386047
|move|p2a: Zamazenta|Crunch|p1a: Alomomola
|-damage|p1a: Alomomola|5/100
|-unboost|p1a: Alomomola|def|1
|move|p1a: Alomomola|Wish|p1a: Alomomola
|
|upkeep
|turn|34
|
|t:|1769386055
|move|p1a: Alomomola|Protect|p1a: Alomomola
|-singleturn|p1a: Alomomola|Protect
|move|p2a: Zamazenta|Crunch|p1a: Alomomola
|-activate|p1a: Alomomola|move: Protect
|
|-heal|p1a: Alomomola|55/100|[from] move: Wish|[wisher] Alomomola
|upkeep
|turn|35
|
|t:|1769386058
|switch|p1a: Mesprit|Mesprit|54/100 psn
|move|p2a: Zamazenta|Crunch|p1a: Mesprit
|-supereffective|p1a: Mesprit
|-damage|p1a: Mesprit|0 fnt
|faint|p1a: Mesprit
|
|upkeep
|
|t:|1769386060
|switch|p1a: Alomomola|Alomomola, F|89/100
|turn|36
|
|t:|1769386066
|switch|p2a: Corviknight|Corviknight, M, shiny|100/100
|-damage|p2a: Corviknight|88/100|[from] Stealth Rock
|-ability|p2a: Corviknight|Pressure
|move|p1a: Alomomola|Scald|p2a: Corviknight
|-damage|p2a: Corviknight|75/100
|-status|p2a: Corviknight|brn
|
|-damage|p2a: Corviknight|69/100 brn|[from] brn
|upkeep
|turn|37
|
|t:|1769386073
|move|p2a: Corviknight|Defog|p1a: Alomomola
|-unboost|p1a: Alomomola|evasion|1
|-sideend|p1: spunder_policy|Stealth Rock|[from] move: Defog|[of] p2a: Corviknight
|-sideend|p2: rblt ryo|Stealth Rock|[from] move: Defog|[of] p2a: Corviknight
|move|p1a: Alomomola|Wish|p1a: Alomomola
|
|-damage|p2a: Corviknight|63/100 brn|[from] brn
|upkeep
|turn|38
|
|t:|1769386095
|switch|p2a: Volcanion|Volcanion|70/100
|switch|p1a: Goodra|Goodra-Hisui, F, tera:Poison|17/100 par
|
|-heal|p1a: Goodra|91/100 par|[from] move: Wish|[wisher] Alomomola
|-heal|p1a: Goodra|97/100 par|[from] item: Black Sludge
|upkeep
|turn|39
|
|t:|1769386106
|switch|p2a: Ting-Lu|Ting-Lu|73/100
|-ability|p2a: Ting-Lu|Vessel of Ruin
|move|p1a: Goodra|Sludge Bomb|p2a: Ting-Lu
|-resisted|p2a: Ting-Lu
|-damage|p2a: Ting-Lu|64/100
|
|-heal|p1a: Goodra|100/100 par|[from] item: Black Sludge
|upkeep
|turn|40
|
|t:|1769386119
|switch|p2a: Volcanion|Volcanion|70/100
|switch|p1a: Alomomola|Alomomola, F|100/100
|
|upkeep
|turn|41
|
|t:|1769386127
|switch|p1a: Goodra|Goodra-Hisui, F, tera:Poison|100/100 par
|move|p2a: Volcanion|Sludge Bomb|p1a: Goodra
|-resisted|p1a: Goodra
|-damage|p1a: Goodra|89/100 par
|
|-heal|p1a: Goodra|95/100 par|[from] item: Black Sludge
|upkeep
|turn|42
|
|t:|1769386135
|switch|p2a: Ting-Lu|Ting-Lu|64/100
|-ability|p2a: Ting-Lu|Vessel of Ruin
|move|p1a: Goodra|Sludge Bomb|p2a: Ting-Lu
|-resisted|p2a: Ting-Lu
|-damage|p2a: Ting-Lu|57/100
|-status|p2a: Ting-Lu|psn
|
|-heal|p1a: Goodra|100/100 par|[from] item: Black Sludge
|-damage|p2a: Ting-Lu|44/100 psn|[from] psn
|upkeep
|turn|43
|
|t:|1769386144
|switch|p1a: Alomomola|Alomomola, F|100/100
|move|p2a: Ting-Lu|Rest|p2a: Ting-Lu
|-status|p2a: Ting-Lu|slp|[from] move: Rest
|-heal|p2a: Ting-Lu|100/100 slp|[silent]
|
|upkeep
|turn|44
|
|t:|1769386147
|move|p1a: Alomomola|Focus Blast|p2a: Ting-Lu
|-supereffective|p2a: Ting-Lu
|-damage|p2a: Ting-Lu|70/100 slp
|cant|p2a: Ting-Lu|slp
|move|p2a: Ting-Lu|Sleep Talk|p2a: Ting-Lu
|move|p2a: Ting-Lu|Rest||[from] move: Sleep Talk|[still]
|-fail|p2a: Ting-Lu
|
|upkeep
|turn|45
|
|t:|1769386152
|move|p1a: Alomomola|Focus Blast|p2a: Ting-Lu|[miss]
|-miss|p1a: Alomomola|p2a: Ting-Lu
|cant|p2a: Ting-Lu|slp
|move|p2a: Ting-Lu|Sleep Talk|p2a: Ting-Lu
|move|p2a: Ting-Lu|Payback|p1a: Alomomola|[from] move: Sleep Talk
|-supereffective|p1a: Alomomola
|-damage|p1a: Alomomola|0 fnt
|replace|p1a: Zoroark|Zoroark-Hisui, F
|-end|p1a: Zoroark|Illusion
|faint|p1a: Zoroark
|
|upkeep
|-message|spunder_policy forfeited.
|
|win|rblt ryo
|raw|spunder_policy's rating: 1811 &rarr; <strong>1792</strong><br />(-19 for losing)
|raw|rblt ryo's rating: 1833 &rarr; <strong>1852</strong><br />(+19 for winning)
|l|☆spunder_policy
|player|p1|
|l| Ctannn
|l| shedtailhater
