|j|☆Derper2000
|j|☆SussyMeatballer
|t:|1769305361
|gametype|singles
|player|p1|Derper2000|102|1329
|player|p2|SussyMeatballer|pokefan-gen4|1310
|gen|9
|tier|[Gen 9] OU
|rated|
|rule|HP Percentage Mod: HP is shown in percentages
|rule|Endless Battle Clause: Forcing endless battles is banned
|rule|Species Clause: Limit one of each Pokémon
|rule|OHKO Clause: OHKO moves are banned
|rule|Evasion Items Clause: Evasion items are banned
|rule|Evasion Moves Clause: Evasion moves are banned
|rule|Evasion Abilities Clause: Evasion abilities are banned
|rule|Sleep Moves Clause: Sleep-inducing moves are banned
|clearpoke
|poke|p1|Hydrapple, M|
|poke|p1|Tyranitar, F|
|poke|p1|Moltres|
|poke|p1|Zamazenta-*|
|poke|p1|Slowking-Galar, M|
|poke|p1|Excadrill, F|
|poke|p2|Dragonite, F|
|poke|p2|Clefable, F|
|poke|p2|Blastoise, F|
|poke|p2|Pikachu, F|
|poke|p2|Gengar, M|
|poke|p2|Arcanine, F|
|teampreview
|inactive|Battle timer is ON: inactive players will automatically lose when time's up. (requested by SussyMeatballer)
|
|t:|1769305390
|teamsize|p1|6
|teamsize|p2|6
|start
|switch|p1a: Tyranitar|Tyranitar, F|100/100
|switch|p2a: Gotta Have It|Pikachu, F|100/100
|-weather|Sandstorm|[from] ability: Sand Stream|[of] p1a: Tyranitar
|turn|1
|
|t:|1769305400
|move|p2a: Gotta Have It|Surf|p1a: Tyranitar
|-supereffective|p1a: Tyranitar
|-damage|p1a: Tyranitar|81/100
|move|p1a: Tyranitar|Knock Off|p2a: Gotta Have It
|-damage|p2a: Gotta Have It|0 fnt
|-enditem|p2a: Gotta Have It|Light Ball|[from] move: Knock Off|[of] p1a: Tyranitar
|faint|p2a: Gotta Have It
|
|-weather|Sandstorm|[upkeep]
|upkeep
|
|t:|1769305411
|switch|p2a: Hero Arc|Arcanine, F|100/100
|turn|2
|
|t:|1769305415
|move|p2a: Hero Arc|Close Combat|p1a: Tyranitar
|-supereffective|p1a: Tyranitar
|-damage|p1a: Tyranitar|0 fnt
|-unboost|p2a: Hero Arc|def|1
|-unboost|p2a: Hero Arc|spd|1
|faint|p1a: Tyranitar
|-damage|p2a: Hero Arc|91/100|[from] item: Life Orb
|
|-weather|Sandstorm|[upkeep]
|-damage|p2a: Hero Arc|84/100|[from] Sandstorm
|upkeep
|
|t:|1769305420
|switch|p1a: Excadrill|Excadrill, F|100/100
|-item|p1a: Excadrill|Air Balloon
|turn|3
|
|t:|1769305431
|switch|p2a: Dragoon|Dragonite, F|100/100
|move|p1a: Excadrill|Earthquake|p2a: Dragoon
|-immune|p2a: Dragoon
|
|-weather|Sandstorm|[upkeep]
|-damage|p2a: Dragoon|94/100|[from] Sandstorm
|upkeep
|turn|4
|
|t:|1769305445
|switch|p1a: Hydrapple|Hydrapple, M|100/100
|move|p2a: Dragoon|Outrage|p1a: Hydrapple
|-supereffective|p1a: Hydrapple
|-damage|p1a: Hydrapple|0 fnt
|faint|p1a: Hydrapple
|
|-weather|Sandstorm|[upkeep]
|-damage|p2a: Dragoon|88/100|[from] Sandstorm
|upkeep
|
|t:|1769305469
|switch|p1a: Moltres|Moltres|100/100
|turn|5
|
|t:|1769305473
|move|p2a: Dragoon|Outrage|p1a: Moltres|[from] lockedmove
|-damage|p1a: Moltres|33/100
|move|p1a: Moltres|Flamethrower|p2a: Dragoon
|-resisted|p2a: Dragoon
|-damage|p2a: Dragoon|68/100
|
|-weather|Sandstorm|[upkeep]
|-damage|p2a: Dragoon|62/100|[from] Sandstorm
|-damage|p1a: Moltres|27/100|[from] Sandstorm
|upkeep
|turn|6
|
|t:|1769305482
|move|p2a: Dragoon|Outrage|p1a: Moltres|[from] lockedmove
|-damage|p1a: Moltres|0 fnt
|faint|p1a: Moltres
|-start|p2a: Dragoon|confusion|[fatigue]
|
|-weather|Sandstorm|[upkeep]
|-damage|p2a: Dragoon|56/100|[from] Sandstorm
|upkeep
|-message|Derper2000 forfeited.
|
|win|SussyMeatballer
|raw|Derper2000's rating: 1329 &rarr; <strong>1308</strong><br />(-21 for losing)
|raw|SussyMeatballer's rating: 1310 &rarr; <strong>1331</strong><br />(+21 for winning)
|l|☆Derper2000
|player|p1|
|l|☆SussyMeatballer
|player|p2|
