|j|☆girafadex
|j|☆gjiom
|t:|1769353834
|gametype|singles
|player|p1|girafadex|gentleman-gen4|
|player|p2|gjiom|265|
|gen|9
|tier|[Gen 9] OU
|rule|HP Percentage Mod: HP is shown in percentages
|rule|Endless Battle Clause: Forcing endless battles is banned
|rule|Species Clause: Limit one of each Pokémon
|rule|OHKO Clause: OHKO moves are banned
|rule|Evasion Items Clause: Evasion items are banned
|rule|Evasion Moves Clause: Evasion moves are banned
|rule|Evasion Abilities Clause: Evasion abilities are banned
|rule|Sleep Moves Clause: Sleep-inducing moves are banned
|clearpoke
|poke|p1|Raging Bolt|
|poke|p1|Skarmory, M|
|poke|p1|Kingambit, F|
|poke|p1|Manaphy|
|poke|p1|Great Tusk|
|poke|p1|Gholdengo|
|poke|p2|Glimmora, M|
|poke|p2|Pelipper, M|
|poke|p2|Polteageist|
|poke|p2|Ogerpon-Cornerstone, F|
|poke|p2|Sandy Shocks|
|poke|p2|Volcanion|
|teampreview
|j| Zapatillazo34
|c| Zapatillazo34|gl a los doss
|j| shinystorm_xd
|
|t:|1769353925
|teamsize|p1|6
|teamsize|p2|6
|start
|switch|p1a: Avioneta|Skarmory, M|100/100
|switch|p2a: Sandy Shocks|Sandy Shocks, shiny|100/100
|turn|1
|c| shinystorm_xd|Hola wenas x2
|
|t:|1769353939
|switch|p1a: Drácula|Great Tusk|100/100
|-enditem|p1a: Drácula|Booster Energy
|-activate|p1a: Drácula|ability: Protosynthesis|[fromitem]
|-start|p1a: Drácula|protosynthesisatk
|move|p2a: Sandy Shocks|Thunderbolt|p1a: Drácula
|-immune|p1a: Drácula
|
|upkeep
|turn|2
|
|t:|1769353948
|-end|p2a: Sandy Shocks|Protosynthesis|[silent]
|switch|p2a: Pelipper|Pelipper, M, shiny|100/100
|move|p1a: Drácula|Rapid Spin|p2a: Pelipper
|-damage|p2a: Pelipper|75/100
|-boost|p1a: Drácula|spe|1
|
|upkeep
|turn|3
|j| aex27
|
|t:|1769354018
|-end|p1a: Drácula|Protosynthesis|[silent]
|switch|p1a: Yolanda|Manaphy|100/100
|move|p2a: Pelipper|Ice Beam|p1a: Yolanda
|-resisted|p1a: Yolanda
|-damage|p1a: Yolanda|79/100
|
|upkeep
|turn|4
|
|t:|1769354028
|switch|p2a: Volcanion|Volcanion|100/100
|move|p1a: Yolanda|Tail Glow|p1a: Yolanda
|-boost|p1a: Yolanda|spa|3
|
|upkeep
|turn|5
|
|t:|1769354055
|move|p1a: Yolanda|Psychic|p2a: Volcanion
|-damage|p2a: Volcanion|55/100
|move|p2a: Volcanion|Sludge Bomb|p1a: Yolanda
|-damage|p1a: Yolanda|43/100
|
|upkeep
|turn|6
|
|t:|1769354064
|move|p1a: Yolanda|Psychic|p2a: Volcanion
|-damage|p2a: Volcanion|12/100
|move|p2a: Volcanion|Sludge Bomb|p1a: Yolanda
|-damage|p1a: Yolanda|6/100
|
|upkeep
|turn|7
|
|t:|1769354073
|move|p1a: Yolanda|Psychic|p2a: Volcanion
|-damage|p2a: Volcanion|0 fnt
|faint|p2a: Volcanion
|
|upkeep
|j| Rosconkikista
|
|t:|1769354081
|switch|p2a: Sandy Shocks|Sandy Shocks, shiny|100/100
|turn|8
|
|t:|1769354125
|move|p2a: Sandy Shocks|Earth Power|p1a: Yolanda
|-damage|p1a: Yolanda|0 fnt
|faint|p1a: Yolanda
|
|upkeep
|
|t:|1769354150
|switch|p1a: Drácula|Great Tusk|100/100
|turn|9
|
|t:|1769354167
|-end|p2a: Sandy Shocks|Protosynthesis|[silent]
|switch|p2a: Polteageist|Polteageist|100/100
|-end|p1a: Drácula|Protosynthesis|[silent]
|switch|p1a: GirafaDex|Raging Bolt|100/100
|-enditem|p1a: GirafaDex|Booster Energy
|-activate|p1a: GirafaDex|ability: Protosynthesis|[fromitem]
|-start|p1a: GirafaDex|protosynthesisspa
|
|upkeep
|turn|10
|
|t:|1769354183
|move|p1a: GirafaDex|Dragon Pulse|p2a: Polteageist
|-damage|p2a: Polteageist|22/100
|move|p2a: Polteageist|Shadow Ball|p1a: GirafaDex
|-damage|p1a: GirafaDex|52/100
|
|upkeep
|turn|11
|
|t:|1769354191
|move|p1a: GirafaDex|Dragon Pulse|p2a: Polteageist
|-damage|p2a: Polteageist|0 fnt
|faint|p2a: Polteageist
|
|upkeep
|
|t:|1769354216
|switch|p2a: Pelipper|Pelipper, M, shiny|75/100
|turn|12
|
|t:|1769354225
|-terastallize|p2a: Pelipper|Electric
|move|p1a: GirafaDex|Dragon Pulse|p2a: Pelipper
|-damage|p2a: Pelipper|0 fnt
|faint|p2a: Pelipper
|
|upkeep
|c|☆gjiom|Que mal me salió
|
|t:|1769354261
|switch|p2a: Sandy Shocks|Sandy Shocks, shiny|100/100
|turn|13
|
|t:|1769354276
|-end|p1a: GirafaDex|Protosynthesis|[silent]
|switch|p1a: Avioneta|Skarmory, M|100/100
|move|p2a: Sandy Shocks|Earth Power|p1a: Avioneta
|-immune|p1a: Avioneta
|
|upkeep
|turn|14
|
|t:|1769354286
|-end|p2a: Sandy Shocks|Protosynthesis|[silent]
|switch|p2a: Glimmora|Glimmora, M|100/100
|switch|p1a: Drácula|Great Tusk|100/100
|
|upkeep
|turn|15
|
|t:|1769354299
|move|p1a: Drácula|Headlong Rush|p2a: Glimmora
|-supereffective|p2a: Glimmora
|-enditem|p2a: Glimmora|Focus Sash
|-damage|p2a: Glimmora|1/100
|-unboost|p1a: Drácula|def|1
|-unboost|p1a: Drácula|spd|1
|-activate|p2a: Glimmora|ability: Toxic Debris
|-sidestart|p1: girafadex|move: Toxic Spikes
|move|p2a: Glimmora|Earth Power|p1a: Drácula
|-damage|p1a: Drácula|27/100
|
|upkeep
|turn|16
|
|t:|1769354311
|move|p1a: Drácula|Rapid Spin|p2a: Glimmora
|-resisted|p2a: Glimmora
|-damage|p2a: Glimmora|0 fnt
|-boost|p1a: Drácula|spe|1
|-activate|p2a: Glimmora|ability: Toxic Debris
|-sidestart|p1: girafadex|move: Toxic Spikes
|-sideend|p1: girafadex|Toxic Spikes|[from] move: Rapid Spin|[of] p1a: Drácula
|faint|p2a: Glimmora
|
|upkeep
|
|t:|1769354313
|switch|p2a: Ogerpon|Ogerpon-Cornerstone, F|100/100
|turn|17
|
|t:|1769354322
|move|p1a: Drácula|Headlong Rush|p2a: Ogerpon
|-damage|p2a: Ogerpon|14/100
|-unboost|p1a: Drácula|def|1
|-unboost|p1a: Drácula|spd|1
|move|p2a: Ogerpon|Horn Leech|p1a: Drácula
|-supereffective|p1a: Drácula
|-damage|p1a: Drácula|0 fnt
|-heal|p2a: Ogerpon|30/100|[from] drain|[of] p1a: Drácula
|faint|p1a: Drácula
|-end|p1a: Drácula|Protosynthesis|[silent]
|
|upkeep
|
|t:|1769354329
|switch|p1a: Revenge|Gholdengo|100/100
|turn|18
|
|t:|1769354341
|move|p1a: Revenge|Shadow Ball|p2a: Ogerpon
|-damage|p2a: Ogerpon|0 fnt
|faint|p2a: Ogerpon
|
|upkeep
|
|t:|1769354345
|switch|p2a: Sandy Shocks|Sandy Shocks, shiny|100/100
|turn|19
|
|t:|1769354370
|move|p2a: Sandy Shocks|Thunderbolt|p1a: Revenge
|-damage|p1a: Revenge|53/100
|move|p1a: Revenge|Shadow Ball|p2a: Sandy Shocks
|-damage|p2a: Sandy Shocks|50/100
|
|upkeep
|turn|20
|
|t:|1769354384
|move|p2a: Sandy Shocks|Thunderbolt|p1a: Revenge
|-damage|p1a: Revenge|2/100
|move|p1a: Revenge|Shadow Ball|p2a: Sandy Shocks
|-damage|p2a: Sandy Shocks|0 fnt
|faint|p2a: Sandy Shocks
|-end|p2a: Sandy Shocks|Protosynthesis|[silent]
|
|win|girafadex
|c| shinystorm_xd|Gg
|c|☆girafadex|Gg
|c|☆girafadex|Hay que jugar otra?
|c|☆gjiom|Gg
|c|☆gjiom|Si
|c|☆girafadex|Te invito
|l|☆girafadex
|player|p1|
|l|☆gjiom
|player|p2|
|l| Rosconkikista
|c| Zapatillazo34|gg
