|j|☆Jbisckits
|j|☆brun0_x3
|t:|1769377806
|gametype|singles
|player|p1|Jbisckits|erika|1163
|player|p2|brun0_x3|2|1147
|gen|9
|tier|[Gen 9] OU
|rated|
|rule|HP Percentage Mod: HP is shown in percentages
|rule|Endless Battle Clause: Forcing endless battles is banned
|rule|Species Clause: Limit one of each Pokémon
|rule|OHKO Clause: OHKO moves are banned
|rule|Evasion Items Clause: Evasion items are banned
|rule|Evasion Moves Clause: Evasion moves are banned
|rule|Evasion Abilities Clause: Evasion abilities are banned
|rule|Sleep Moves Clause: Sleep-inducing moves are banned
|clearpoke
|poke|p1|Iron Valiant|
|poke|p1|Toxapex, F|
|poke|p1|Ditto|
|poke|p1|Dragonite, F|
|poke|p1|Gliscor, M|
|poke|p1|Samurott-Hisui, M|
|poke|p2|Greninja-*, M|
|poke|p2|Rillaboom, F|
|poke|p2|Garchomp, M|
|poke|p2|Sneasel, F|
|poke|p2|Corviknight, M|
|poke|p2|Zapdos|
|teampreview
|
|t:|1769377822
|teamsize|p1|6
|teamsize|p2|6
|start
|switch|p1a: Gliscor|Gliscor, M, shiny|100/100
|switch|p2a: Sneasel|Sneasel, F|100/100
|turn|1
|
|t:|1769377832
|move|p1a: Gliscor|Protect|p1a: Gliscor
|-singleturn|p1a: Gliscor|Protect
|move|p2a: Sneasel|Icicle Crash|p1a: Gliscor
|-activate|p1a: Gliscor|move: Protect
|
|-status|p1a: Gliscor|tox|[from] item: Toxic Orb
|upkeep
|turn|2
|
|t:|1769377840
|switch|p1a: Toxapex|Toxapex, F, shiny|100/100
|move|p2a: Sneasel|Icicle Crash|p1a: Toxapex
|-resisted|p1a: Toxapex
|-damage|p1a: Toxapex|86/100
|-damage|p2a: Sneasel|91/100|[from] item: Life Orb
|
|-heal|p1a: Toxapex|92/100|[from] item: Leftovers
|upkeep
|turn|3
|
|t:|1769377850
|move|p2a: Sneasel|Knock Off|p1a: Toxapex
|-damage|p1a: Toxapex|61/100
|-enditem|p1a: Toxapex|Leftovers|[from] move: Knock Off|[of] p2a: Sneasel
|-damage|p2a: Sneasel|81/100|[from] item: Life Orb
|move|p1a: Toxapex|Toxic Spikes|p2a: Sneasel
|-sidestart|p2: brun0_x3|move: Toxic Spikes
|
|upkeep
|turn|4
|
|t:|1769377860
|switch|p2a: Rillaboom|Rillaboom, F|100/100
|-status|p2a: Rillaboom|psn
|-fieldstart|move: Grassy Terrain|[from] ability: Grassy Surge|[of] p2a: Rillaboom
|move|p1a: Toxapex|Toxic||[still]
|-fail|p1a: Toxapex
|
|-heal|p1a: Toxapex|67/100|[from] Grassy Terrain
|-damage|p2a: Rillaboom|88/100 psn|[from] psn
|upkeep
|turn|5
|
|t:|1769377876
|switch|p1a: Gliscor|Gliscor, M, shiny|100/100 tox
|move|p2a: Rillaboom|Swords Dance|p2a: Rillaboom
|-boost|p2a: Rillaboom|atk|2
|
|-heal|p2a: Rillaboom|94/100 psn|[from] Grassy Terrain
|-damage|p2a: Rillaboom|82/100 psn|[from] psn
|upkeep
|turn|6
|
|t:|1769377885
|move|p1a: Gliscor|Stealth Rock|p2a: Rillaboom
|-sidestart|p2: brun0_x3|move: Stealth Rock
|move|p2a: Rillaboom|Swords Dance|p2a: Rillaboom
|-boost|p2a: Rillaboom|atk|2
|
|-heal|p2a: Rillaboom|88/100 psn|[from] Grassy Terrain
|-damage|p2a: Rillaboom|76/100 psn|[from] psn
|upkeep
|turn|7
|
|t:|1769377894
|move|p1a: Gliscor|Earthquake|p2a: Rillaboom
|-resisted|p2a: Rillaboom
|-damage|p2a: Rillaboom|68/100 psn
|move|p2a: Rillaboom|Drain Punch|p1a: Gliscor
|-resisted|p1a: Gliscor
|-damage|p1a: Gliscor|58/100 tox
|-heal|p2a: Rillaboom|90/100 psn|[from] drain|[of] p1a: Gliscor
|-damage|p2a: Rillaboom|80/100 psn|[from] item: Life Orb
|
|-heal|p2a: Rillaboom|86/100 psn|[from] Grassy Terrain
|-heal|p1a: Gliscor|71/100 tox|[from] ability: Poison Heal
|-damage|p2a: Rillaboom|74/100 psn|[from] psn
|upkeep
|turn|8
|
|t:|1769377908
|move|p1a: Gliscor|Protect|p1a: Gliscor
|-singleturn|p1a: Gliscor|Protect
|move|p2a: Rillaboom|Grassy Glide|p1a: Gliscor
|-activate|p1a: Gliscor|move: Protect
|
|-heal|p2a: Rillaboom|80/100 psn|[from] Grassy Terrain
|-heal|p1a: Gliscor|83/100 tox|[from] ability: Poison Heal
|-damage|p2a: Rillaboom|68/100 psn|[from] psn
|-fieldend|move: Grassy Terrain
|upkeep
|turn|9
|
|t:|1769377920
|move|p1a: Gliscor|Knock Off|p2a: Rillaboom
|-damage|p2a: Rillaboom|48/100 psn
|-enditem|p2a: Rillaboom|Life Orb|[from] move: Knock Off|[of] p1a: Gliscor
|move|p2a: Rillaboom|Grassy Glide|p1a: Gliscor
|-damage|p1a: Gliscor|10/100 tox
|
|-heal|p1a: Gliscor|23/100 tox|[from] ability: Poison Heal
|-damage|p2a: Rillaboom|36/100 psn|[from] psn
|upkeep
|turn|10
|
|t:|1769377931
|move|p1a: Gliscor|Protect|p1a: Gliscor
|-singleturn|p1a: Gliscor|Protect
|move|p2a: Rillaboom|Knock Off|p1a: Gliscor
|-activate|p1a: Gliscor|move: Protect
|
|-heal|p1a: Gliscor|35/100 tox|[from] ability: Poison Heal
|-damage|p2a: Rillaboom|24/100 psn|[from] psn
|upkeep
|turn|11
|
|t:|1769377942
|move|p1a: Gliscor|Earthquake|p2a: Rillaboom
|-resisted|p2a: Rillaboom
|-damage|p2a: Rillaboom|9/100 psn
|move|p2a: Rillaboom|Knock Off|p1a: Gliscor
|-damage|p1a: Gliscor|0 fnt
|-enditem|p1a: Gliscor|Toxic Orb|[from] move: Knock Off|[of] p2a: Rillaboom
|faint|p1a: Gliscor
|
|-damage|p2a: Rillaboom|0 fnt|[from] psn
|faint|p2a: Rillaboom
|upkeep
|
|t:|1769377966
|switch|p1a: Samurott|Samurott-Hisui, M, shiny|100/100
|switch|p2a: Sneasel|Sneasel, F|81/100
|-status|p2a: Sneasel|psn
|-damage|p2a: Sneasel|56/100 psn|[from] Stealth Rock
|turn|12
|
|t:|1769377975
|move|p2a: Sneasel|Knock Off|p1a: Samurott
|-resisted|p1a: Samurott
|-damage|p1a: Samurott|72/100
|-enditem|p1a: Samurott|Assault Vest|[from] move: Knock Off|[of] p2a: Sneasel
|-damage|p2a: Sneasel|46/100 psn|[from] item: Life Orb
|move|p1a: Samurott|Ceaseless Edge|p2a: Sneasel
|-resisted|p2a: Sneasel
|-damage|p2a: Sneasel|0 fnt
|-sidestart|p2: brun0_x3|Spikes
|faint|p2a: Sneasel
|
|upkeep
|
|t:|1769377990
|switch|p2a: Zapdos|Zapdos|100/100
|turn|13
|
|t:|1769377996
|move|p2a: Zapdos|Volt Switch|p1a: Samurott
|-supereffective|p1a: Samurott
|-damage|p1a: Samurott|7/100
|
|t:|1769378000
|switch|p2a: Greninja|Greninja, M|100/100|[from] Volt Switch
|-status|p2a: Greninja|psn
|-damage|p2a: Greninja|88/100 psn|[from] Stealth Rock
|-damage|p2a: Greninja|76/100 psn|[from] Spikes
|move|p1a: Samurott|Knock Off|p2a: Greninja
|-resisted|p2a: Greninja
|-damage|p2a: Greninja|43/100 psn
|-enditem|p2a: Greninja|Choice Specs|[from] move: Knock Off|[of] p1a: Samurott
|
|-damage|p2a: Greninja|31/100 psn|[from] psn
|upkeep
|turn|14
|
|t:|1769378019
|move|p1a: Samurott|Sucker Punch|p2a: Greninja
|-resisted|p2a: Greninja
|-damage|p2a: Greninja|5/100 psn
|move|p2a: Greninja|Dark Pulse|p1a: Samurott
|-resisted|p1a: Samurott
|-crit|p1a: Samurott
|-damage|p1a: Samurott|0 fnt
|faint|p1a: Samurott
|-ability|p2a: Greninja|Battle Bond|boost
|-boost|p2a: Greninja|atk|1
|-boost|p2a: Greninja|spa|1
|-boost|p2a: Greninja|spe|1
|-activate|p2a: Greninja|ability: Battle Bond
|
|-damage|p2a: Greninja|0 fnt|[from] psn
|faint|p2a: Greninja
|upkeep
|
|t:|1769378037
|switch|p2a: Zapdos|Zapdos|100/100
|switch|p1a: Iron Valiant|Iron Valiant, shiny|100/100
|turn|15
|
|t:|1769378053
|move|p1a: Iron Valiant|Moonblast|p2a: Zapdos
|-damage|p2a: Zapdos|35/100
|move|p2a: Zapdos|Hurricane|p1a: Iron Valiant
|-supereffective|p1a: Iron Valiant
|-damage|p1a: Iron Valiant|0 fnt
|faint|p1a: Iron Valiant
|-end|p1a: Iron Valiant|Quark Drive|[silent]
|
|upkeep
|
|t:|1769378065
|switch|p1a: Dragonite|Dragonite, F, shiny|100/100
|turn|16
|
|t:|1769378070
|move|p1a: Dragonite|Dragon Dance|p1a: Dragonite
|-boost|p1a: Dragonite|atk|1
|-boost|p1a: Dragonite|spe|1
|move|p2a: Zapdos|Wild Charge|p1a: Dragonite
|-damage|p1a: Dragonite|86/100
|-damage|p2a: Zapdos|32/100|[from] Recoil
|
|upkeep
|turn|17
|
|t:|1769378079
|move|p1a: Dragonite|Dragon Dance|p1a: Dragonite
|-boost|p1a: Dragonite|atk|1
|-boost|p1a: Dragonite|spe|1
|move|p2a: Zapdos|Hurricane|p1a: Dragonite|[miss]
|-miss|p2a: Zapdos|p1a: Dragonite
|
|upkeep
|turn|18
|
|t:|1769378086
|move|p1a: Dragonite|Dragon Dance|p1a: Dragonite
|-boost|p1a: Dragonite|atk|1
|-boost|p1a: Dragonite|spe|1
|move|p2a: Zapdos|Hurricane|p1a: Dragonite|[miss]
|-miss|p2a: Zapdos|p1a: Dragonite
|
|upkeep
|turn|19
|
|t:|1769378094
|move|p1a: Dragonite|Ice Spinner|p2a: Zapdos
|-supereffective|p2a: Zapdos
|-damage|p2a: Zapdos|0 fnt
|faint|p2a: Zapdos
|
|upkeep
|
|t:|1769378100
|switch|p2a: Corviknight|Corviknight, M|100/100
|-damage|p2a: Corviknight|88/100|[from] Stealth Rock
|-ability|p2a: Corviknight|Pressure
|turn|20
|c|☆Jbisckits|ggez
|
|t:|1769378109
|move|p1a: Dragonite|Ice Spinner|p2a: Corviknight
|-crit|p2a: Corviknight
|-damage|p2a: Corviknight|5/100
|-damage|p1a: Dragonite|70/100|[from] item: Rocky Helmet|[of] p2a: Corviknight
|move|p2a: Corviknight|Iron Defense|p2a: Corviknight
|-boost|p2a: Corviknight|def|2
|
|upkeep
|turn|21
|inactive|Battle timer is ON: inactive players will automatically lose when time's up. (requested by Jbisckits)
|
|t:|1769378119
|move|p1a: Dragonite|Extreme Speed|p2a: Corviknight
|-resisted|p2a: Corviknight
|-damage|p2a: Corviknight|0 fnt
|-damage|p1a: Dragonite|53/100|[from] item: Rocky Helmet|[of] p2a: Corviknight
|faint|p2a: Corviknight
|
|upkeep
|
|t:|1769378131
|switch|p2a: Garchomp|Garchomp, M|100/100
|-status|p2a: Garchomp|psn
|-damage|p2a: Garchomp|94/100 psn|[from] Stealth Rock
|-damage|p2a: Garchomp|82/100 psn|[from] Spikes
|turn|22
|c|☆Jbisckits|yawn
|
|t:|1769378138
|move|p1a: Dragonite|Ice Spinner|p2a: Garchomp
|-supereffective|p2a: Garchomp
|-damage|p2a: Garchomp|0 fnt
|-damage|p1a: Dragonite|41/100|[from] ability: Rough Skin|[of] p2a: Garchomp
|faint|p2a: Garchomp
|
|win|Jbisckits
|raw|Jbisckits's rating: 1163 &rarr; <strong>1187</strong><br />(+24 for winning)
|raw|brun0_x3's rating: 1147 &rarr; <strong>1123</strong><br />(-24 for losing)
|c|☆Jbisckits|ez
|l|☆brun0_x3
|player|p2|
|l|☆Jbisckits
|player|p1|
