|j|☆The Hamm
|j|☆drtrouser
|t:|1769372986
|gametype|singles
|player|p1|The Hamm|artist-gen4|1158
|player|p2|drtrouser|colress|1136
|gen|9
|tier|[Gen 9] OU
|rated|
|rule|HP Percentage Mod: HP is shown in percentages
|rule|Endless Battle Clause: Forcing endless battles is banned
|rule|Species Clause: Limit one of each Pokémon
|rule|OHKO Clause: OHKO moves are banned
|rule|Evasion Items Clause: Evasion items are banned
|rule|Evasion Moves Clause: Evasion moves are banned
|rule|Evasion Abilities Clause: Evasion abilities are banned
|rule|Sleep Moves Clause: Sleep-inducing moves are banned
|clearpoke
|poke|p1|Slowbro, M|
|poke|p1|Houndoom, M|
|poke|p1|Vileplume, F|
|poke|p1|Scizor, F|
|poke|p1|Porygon-Z|
|poke|p1|Flygon, F|
|poke|p2|Bellibolt, F|
|poke|p2|Feraligatr, F|
|poke|p2|Dragonite, M|
|poke|p2|Iron Treads|
|poke|p2|Barraskewda, F|
|poke|p2|Pelipper, F|
|teampreview
|inactive|Battle timer is ON: inactive players will automatically lose when time's up. (requested by The Hamm)
|
|t:|1769372991
|teamsize|p1|6
|teamsize|p2|6
|start
|switch|p1a: Porygon-Z|Porygon-Z|100/100
|switch|p2a: Plugim|Pelipper, F|100/100
|-weather|RainDance|[from] ability: Drizzle|[of] p2a: Plugim
|turn|1
|
|t:|1769372998
|move|p1a: Porygon-Z|Thunderbolt|p2a: Plugim
|-supereffective|p2a: Plugim
|-damage|p2a: Plugim|0 fnt
|faint|p2a: Plugim
|
|-weather|RainDance|[upkeep]
|upkeep
|
|t:|1769373002
|switch|p2a: Headshot|Barraskewda, F, shiny|100/100
|turn|2
|
|t:|1769373007
|switch|p1a: Vileplume|Vileplume, F|100/100
|-terastallize|p2a: Headshot|Water
|move|p2a: Headshot|Liquidation|p1a: Vileplume
|-resisted|p1a: Vileplume
|-damage|p1a: Vileplume|48/100
|-damage|p2a: Headshot|84/100|[from] item: Rocky Helmet|[of] p1a: Vileplume
|
|-weather|RainDance|[upkeep]
|upkeep
|turn|3
|
|t:|1769373015
|move|p2a: Headshot|Liquidation|p1a: Vileplume
|-resisted|p1a: Vileplume
|-damage|p1a: Vileplume|0 fnt
|-damage|p2a: Headshot|68/100|[from] item: Rocky Helmet|[of] p1a: Vileplume
|faint|p1a: Vileplume
|
|-weather|RainDance|[upkeep]
|upkeep
|
|t:|1769373020
|switch|p1a: Slowbro|Slowbro, M|100/100
|turn|4
|
|t:|1769373023
|move|p2a: Headshot|Liquidation|p1a: Slowbro
|-resisted|p1a: Slowbro
|-damage|p1a: Slowbro|62/100
|move|p1a: Slowbro|Body Press|p2a: Headshot
|-damage|p2a: Headshot|12/100
|
|-weather|RainDance|[upkeep]
|upkeep
|turn|5
|
|t:|1769373032
|switch|p2a: Bellibolt|Bellibolt, F|100/100
|move|p1a: Slowbro|Body Press|p2a: Bellibolt
|-damage|p2a: Bellibolt|76/100
|-start|p2a: Bellibolt|Charge|Body Press|[from] ability: Electromorphosis
|
|-weather|RainDance|[upkeep]
|upkeep
|turn|6
|
|t:|1769373043
|switch|p1a: Houndoom|Houndoom, M|100/100
|move|p2a: Bellibolt|Weather Ball|p1a: Houndoom
|-supereffective|p1a: Houndoom
|-damage|p1a: Houndoom|26/100
|
|-weather|RainDance|[upkeep]
|-heal|p1a: Houndoom|33/100|[from] item: Leftovers
|upkeep
|turn|7
|
|t:|1769373055
|switch|p1a: Scizor|Scizor, F|100/100
|move|p2a: Bellibolt|Thunder|p1a: Scizor
|-damage|p1a: Scizor|14/100
|-end|p2a: Bellibolt|Charge|[silent]
|
|-weather|RainDance|[upkeep]
|upkeep
|turn|8
|
|t:|1769373062
|move|p1a: Scizor|Light Screen|p1a: Scizor
|-sidestart|p1: The Hamm|move: Light Screen
|move|p2a: Bellibolt|Weather Ball|p1a: Scizor
|-damage|p1a: Scizor|0 fnt
|faint|p1a: Scizor
|
|-weather|none
|upkeep
|
|t:|1769373067
|switch|p1a: Flygon|Flygon, F|100/100
|turn|9
|
|t:|1769373089
|switch|p2a: Dragonite|Dragonite, M|100/100
|move|p1a: Flygon|Dragon Dance|p1a: Flygon
|-boost|p1a: Flygon|atk|1
|-boost|p1a: Flygon|spe|1
|
|upkeep
|turn|10
|
|t:|1769373095
|-terastallize|p1a: Flygon|Rock
|move|p1a: Flygon|Stone Edge|p2a: Dragonite
|-supereffective|p2a: Dragonite
|-damage|p2a: Dragonite|25/100
|move|p2a: Dragonite|Draco Meteor|p1a: Flygon
|-damage|p1a: Flygon|60/100
|-unboost|p2a: Dragonite|spa|2
|-enditem|p2a: Dragonite|Eject Pack
|
|t:|1769373104
|switch|p2a: Headshot|Barraskewda, F, shiny, tera:Water|12/100
|
|upkeep
|turn|11
|
|t:|1769373115
|move|p2a: Headshot|Aqua Jet|p1a: Flygon
|-supereffective|p1a: Flygon
|-damage|p1a: Flygon|0 fnt
|faint|p1a: Flygon
|
|upkeep
|
|t:|1769373119
|switch|p1a: Porygon-Z|Porygon-Z|100/100
|turn|12
|
|t:|1769373130
|switch|p2a: Coseta|Iron Treads|100/100
|-enditem|p2a: Coseta|Booster Energy
|-activate|p2a: Coseta|ability: Quark Drive|[fromitem]
|-start|p2a: Coseta|quarkdrivespe
|move|p1a: Porygon-Z|Tera Blast|p2a: Coseta
|-resisted|p2a: Coseta
|-damage|p2a: Coseta|66/100
|
|-sideend|p1: The Hamm|move: Light Screen
|upkeep
|turn|13
|
|t:|1769373143
|switch|p1a: Slowbro|Slowbro, M|96/100
|move|p2a: Coseta|Earthquake|p1a: Slowbro
|-damage|p1a: Slowbro|77/100
|
|upkeep
|turn|14
|
|t:|1769373160
|move|p2a: Coseta|Stealth Rock|p1a: Slowbro
|-sidestart|p1: The Hamm|move: Stealth Rock
|move|p1a: Slowbro|Future Sight|p2a: Coseta
|-start|p1a: Slowbro|move: Future Sight
|
|upkeep
|turn|15
|
|t:|1769373179
|move|p2a: Coseta|Steel Beam|p1a: Slowbro
|-resisted|p1a: Slowbro
|-damage|p1a: Slowbro|58/100
|-damage|p2a: Coseta|16/100|[from] steelbeam
|move|p1a: Slowbro|Body Press|p2a: Coseta
|-supereffective|p2a: Coseta
|-crit|p2a: Coseta
|-damage|p2a: Coseta|0 fnt
|faint|p2a: Coseta
|-end|p2a: Coseta|Quark Drive|[silent]
|
|upkeep
|
|t:|1769373187
|switch|p2a: Bellibolt|Bellibolt, F|76/100
|turn|16
|
|t:|1769373194
|switch|p1a: Porygon-Z|Porygon-Z|100/100
|-damage|p1a: Porygon-Z|88/100|[from] Stealth Rock
|move|p2a: Bellibolt|Thunder|p1a: Porygon-Z
|-damage|p1a: Porygon-Z|9/100
|
|-end|p2a: Bellibolt|move: Future Sight
|-damage|p2a: Bellibolt|50/100
|-start|p2a: Bellibolt|Charge|Future Sight|[from] ability: Electromorphosis
|upkeep
|turn|17
|
|t:|1769373211
|move|p1a: Porygon-Z|Tera Blast|p2a: Bellibolt
|-damage|p2a: Bellibolt|7/100
|-start|p2a: Bellibolt|Charge|Tera Blast|[from] ability: Electromorphosis
|move|p2a: Bellibolt|Volt Switch|p1a: Porygon-Z
|-damage|p1a: Porygon-Z|0 fnt
|faint|p1a: Porygon-Z
|-end|p2a: Bellibolt|Charge|[silent]
|
|t:|1769373219
|switch|p2a: Feraligator|Feraligatr, F, shiny|100/100|[from] Volt Switch
|
|upkeep
|
|t:|1769373223
|switch|p1a: Slowbro|Slowbro, M|91/100
|-damage|p1a: Slowbro|79/100|[from] Stealth Rock
|turn|18
|
|t:|1769373230
|move|p2a: Feraligator|Dragon Dance|p2a: Feraligator
|-boost|p2a: Feraligator|atk|1
|-boost|p2a: Feraligator|spe|1
|move|p1a: Slowbro|Thunder Wave|p2a: Feraligator
|-status|p2a: Feraligator|par
|
|upkeep
|turn|19
|
|t:|1769373236
|move|p2a: Feraligator|Dragon Dance|p2a: Feraligator
|-boost|p2a: Feraligator|atk|1
|-boost|p2a: Feraligator|spe|1
|move|p1a: Slowbro|Body Press|p2a: Feraligator
|-damage|p2a: Feraligator|73/100 par
|
|upkeep
|turn|20
|
|t:|1769373245
|move|p2a: Feraligator|Scale Shot|p1a: Slowbro
|-damage|p1a: Slowbro|69/100
|-damage|p1a: Slowbro|60/100
|-damage|p1a: Slowbro|51/100
|-damage|p1a: Slowbro|41/100
|-hitcount|p1a: Slowbro|4
|-unboost|p2a: Feraligator|def|1
|-boost|p2a: Feraligator|spe|1
|move|p1a: Slowbro|Future Sight|p2a: Feraligator
|-start|p1a: Slowbro|move: Future Sight
|
|upkeep
|turn|21
|
|t:|1769373255
|move|p2a: Feraligator|Scale Shot|p1a: Slowbro|[miss]
|-miss|p2a: Feraligator|p1a: Slowbro
|move|p1a: Slowbro|Body Press|p2a: Feraligator
|-damage|p2a: Feraligator|29/100 par
|
|upkeep
|turn|22
|
|t:|1769373261
|switch|p1a: Houndoom|Houndoom, M|33/100
|-damage|p1a: Houndoom|8/100|[from] Stealth Rock
|cant|p2a: Feraligator|par
|
|-end|p2a: Feraligator|move: Future Sight
|-damage|p2a: Feraligator|0 fnt
|faint|p2a: Feraligator
|-heal|p1a: Houndoom|14/100|[from] item: Leftovers
|upkeep
|
|t:|1769373271
|switch|p2a: Headshot|Barraskewda, F, shiny, tera:Water|12/100
|turn|23
|
|t:|1769373276
|move|p2a: Headshot|Aqua Jet|p1a: Houndoom
|-supereffective|p1a: Houndoom
|-damage|p1a: Houndoom|0 fnt
|faint|p1a: Houndoom
|
|upkeep
|
|t:|1769373279
|switch|p1a: Slowbro|Slowbro, M|75/100
|-damage|p1a: Slowbro|62/100|[from] Stealth Rock
|turn|24
|
|t:|1769373286
|switch|p2a: Dragonite|Dragonite, M|25/100
|move|p1a: Slowbro|Body Press|p2a: Dragonite
|-resisted|p2a: Dragonite
|-damage|p2a: Dragonite|9/100
|
|upkeep
|turn|25
|
|t:|1769373299
|move|p2a: Dragonite|Roost|p2a: Dragonite
|-heal|p2a: Dragonite|59/100
|-singleturn|p2a: Dragonite|move: Roost
|move|p1a: Slowbro|Ice Beam|p2a: Dragonite
|-supereffective|p2a: Dragonite
|-damage|p2a: Dragonite|14/100
|
|upkeep
|turn|26
|
|t:|1769373317
|move|p2a: Dragonite|Draco Meteor|p1a: Slowbro
|-damage|p1a: Slowbro|3/100
|-unboost|p2a: Dragonite|spa|2
|move|p1a: Slowbro|Ice Beam|p2a: Dragonite
|-supereffective|p2a: Dragonite
|-damage|p2a: Dragonite|0 fnt
|faint|p2a: Dragonite
|
|upkeep
|-message|The Hamm forfeited.
|
|win|drtrouser
|raw|The Hamm's rating: 1158 &rarr; <strong>1131</strong><br />(-27 for losing)
|raw|drtrouser's rating: 1136 &rarr; <strong>1163</strong><br />(+27 for winning)
|l|☆The Hamm
|player|p1|
