|j|☆AmygdalanResponse
|j|☆shadowofroserade04
|t:|1769353020
|gametype|singles
|player|p1|AmygdalanResponse|marshal|1409
|player|p2|shadowofroserade04|266|1478
|gen|9
|tier|[Gen 9] OU
|rated|
|rule|HP Percentage Mod: HP is shown in percentages
|rule|Endless Battle Clause: Forcing endless battles is banned
|rule|Species Clause: Limit one of each Pokémon
|rule|OHKO Clause: OHKO moves are banned
|rule|Evasion Items Clause: Evasion items are banned
|rule|Evasion Moves Clause: Evasion moves are banned
|rule|Evasion Abilities Clause: Evasion abilities are banned
|rule|Sleep Moves Clause: Sleep-inducing moves are banned
|clearpoke
|poke|p1|Kyurem|
|poke|p1|Dragonite, F|
|poke|p1|Gholdengo|
|poke|p1|Darkrai|
|poke|p1|Glimmora, F|
|poke|p1|Ogerpon-Wellspring, F|
|poke|p2|Pecharunt|
|poke|p2|Mabosstiff, M|
|poke|p2|Volcanion|
|poke|p2|Iron Valiant|
|poke|p2|Landorus-Therian, M|
|poke|p2|Deoxys-Speed|
|teampreview
|c|☆AmygdalanResponse|gl hf
|inactive|Battle timer is ON: inactive players will automatically lose when time's up. (requested by AmygdalanResponse)
|
|t:|1769353156
|teamsize|p1|6
|teamsize|p2|6
|start
|switch|p1a: Ogerpon|Ogerpon-Wellspring, F|100/100
|switch|p2a: Deoxys|Deoxys-Speed|100/100
|-ability|p2a: Deoxys|Pressure
|turn|1
|c|☆shadowofroserade04|glhf
|inactive|AmygdalanResponse has 120 seconds left.
|
|t:|1769353211
|switch|p2a: Volcanion|Volcanion|100/100
|move|p1a: Ogerpon|Knock Off|p2a: Volcanion
|-damage|p2a: Volcanion|72/100
|-enditem|p2a: Volcanion|Leftovers|[from] move: Knock Off|[of] p1a: Ogerpon
|
|upkeep
|turn|2
|
|t:|1769353219
|move|p1a: Ogerpon|Swords Dance|p1a: Ogerpon
|-boost|p1a: Ogerpon|atk|2
|move|p2a: Volcanion|Will-O-Wisp|p1a: Ogerpon
|-status|p1a: Ogerpon|brn
|
|-damage|p1a: Ogerpon|95/100 brn|[from] brn
|upkeep
|turn|3
|
|t:|1769353225
|move|p1a: Ogerpon|Swords Dance|p1a: Ogerpon
|-boost|p1a: Ogerpon|atk|2
|move|p2a: Volcanion|Flamethrower|p1a: Ogerpon
|-damage|p1a: Ogerpon|40/100 brn
|
|-damage|p1a: Ogerpon|34/100 brn|[from] brn
|upkeep
|turn|4
|
|t:|1769353240
|switch|p2a: Pecharunt|Pecharunt|100/100
|move|p1a: Ogerpon|Power Whip|p2a: Pecharunt
|-resisted|p2a: Pecharunt
|-damage|p2a: Pecharunt|62/100
|
|-damage|p1a: Ogerpon|28/100 brn|[from] brn
|upkeep
|turn|5
|
|t:|1769353249
|switch|p2a: Volcanion|Volcanion|72/100
|move|p1a: Ogerpon|Knock Off|p2a: Volcanion
|-damage|p2a: Volcanion|44/100
|
|-damage|p1a: Ogerpon|22/100 brn|[from] brn
|upkeep
|turn|6
|
|t:|1769353261
|move|p1a: Ogerpon|Power Whip|p2a: Volcanion
|-damage|p2a: Volcanion|0 fnt
|faint|p2a: Volcanion
|
|-damage|p1a: Ogerpon|16/100 brn|[from] brn
|upkeep
|
|t:|1769353264
|switch|p2a: Deoxys|Deoxys-Speed|100/100
|-ability|p2a: Deoxys|Pressure
|turn|7
|
|t:|1769353271
|switch|p1a: Gholdengo|Gholdengo|100/100
|move|p2a: Deoxys|Knock Off|p1a: Gholdengo
|-supereffective|p1a: Gholdengo
|-damage|p1a: Gholdengo|46/100
|-enditem|p1a: Gholdengo|Choice Scarf|[from] move: Knock Off|[of] p2a: Deoxys
|
|upkeep
|turn|8
|
|t:|1769353294
|switch|p2a: Mabosstiff|Mabosstiff, M, shiny|100/100
|-ability|p2a: Mabosstiff|Intimidate|boost
|-unboost|p1a: Gholdengo|atk|1
|move|p1a: Gholdengo|Shadow Ball|p2a: Mabosstiff
|-resisted|p2a: Mabosstiff
|-damage|p2a: Mabosstiff|73/100
|
|upkeep
|turn|9
|
|t:|1769353305
|move|p1a: Gholdengo|Recover|p1a: Gholdengo
|-heal|p1a: Gholdengo|96/100
|move|p2a: Mabosstiff|Jaw Lock|p1a: Gholdengo
|-supereffective|p1a: Gholdengo
|-damage|p1a: Gholdengo|5/100
|-activate|p2a: Mabosstiff|trapped
|
|upkeep
|turn|10
|
|t:|1769353326
|move|p1a: Gholdengo|Make It Rain|p2a: Mabosstiff
|-damage|p2a: Mabosstiff|0 fnt
|-unboost|p1a: Gholdengo|spa|1
|faint|p2a: Mabosstiff
|
|upkeep
|
|t:|1769353332
|switch|p2a: Deoxys|Deoxys-Speed|100/100
|-ability|p2a: Deoxys|Pressure
|turn|11
|inactive|AmygdalanResponse has 120 seconds left.
|
|t:|1769353366
|move|p2a: Deoxys|Knock Off|p1a: Gholdengo
|-supereffective|p1a: Gholdengo
|-damage|p1a: Gholdengo|0 fnt
|faint|p1a: Gholdengo
|
|upkeep
|
|t:|1769353375
|switch|p1a: Darkrai|Darkrai|100/100
|turn|12
|
|t:|1769353377
|move|p2a: Deoxys|Superpower|p1a: Darkrai
|-supereffective|p1a: Darkrai
|-damage|p1a: Darkrai|11/100
|-unboost|p2a: Deoxys|atk|1
|-unboost|p2a: Deoxys|def|1
|-enditem|p2a: Deoxys|Eject Pack
|
|t:|1769353393
|switch|p2a: Iron Valiant|Iron Valiant|100/100
|-enditem|p2a: Iron Valiant|Booster Energy
|-activate|p2a: Iron Valiant|ability: Quark Drive|[fromitem]
|-start|p2a: Iron Valiant|quarkdrivespe
|move|p1a: Darkrai|Dark Pulse|p2a: Iron Valiant
|-resisted|p2a: Iron Valiant
|-damage|p2a: Iron Valiant|80/100
|
|-heal|p1a: Darkrai|17/100|[from] item: Leftovers
|upkeep
|turn|13
|inactive|AmygdalanResponse has 120 seconds left.
|
|t:|1769353426
|switch|p1a: Ogerpon|Ogerpon-Wellspring, F|16/100 brn
|move|p2a: Iron Valiant|Moonblast|p1a: Ogerpon
|-damage|p1a: Ogerpon|0 fnt
|faint|p1a: Ogerpon
|
|upkeep
|
|t:|1769353427
|switch|p1a: Glimmora|Glimmora, F|100/100
|turn|14
|
|t:|1769353441
|-end|p2a: Iron Valiant|Quark Drive|[silent]
|switch|p2a: Pecharunt|Pecharunt|62/100
|move|p1a: Glimmora|Sludge Wave|p2a: Pecharunt
|-resisted|p2a: Pecharunt
|-damage|p2a: Pecharunt|49/100
|
|upkeep
|turn|15
|inactive|AmygdalanResponse has 120 seconds left.
|
|t:|1769353458
|move|p2a: Pecharunt|Recover|p2a: Pecharunt
|-heal|p2a: Pecharunt|99/100
|move|p1a: Glimmora|Earth Power|p2a: Pecharunt
|-supereffective|p2a: Pecharunt
|-damage|p2a: Pecharunt|21/100
|
|upkeep
|turn|16
|inactive|AmygdalanResponse has 120 seconds left.
|
|t:|1769353472
|move|p2a: Pecharunt|Recover|p2a: Pecharunt
|-heal|p2a: Pecharunt|71/100
|move|p1a: Glimmora|Power Gem|p2a: Pecharunt
|-damage|p2a: Pecharunt|22/100
|
|upkeep
|turn|17
|
|t:|1769353486
|move|p2a: Pecharunt|Shadow Ball|p1a: Glimmora
|-damage|p1a: Glimmora|59/100
|move|p1a: Glimmora|Earth Power|p2a: Pecharunt
|-supereffective|p2a: Pecharunt
|-damage|p2a: Pecharunt|0 fnt
|faint|p2a: Pecharunt
|
|upkeep
|inactive|shadowofroserade04 has 120 seconds left.
|
|t:|1769353514
|switch|p2a: Deoxys|Deoxys-Speed|100/100
|-ability|p2a: Deoxys|Pressure
|turn|18
|inactive|AmygdalanResponse has 120 seconds left.
|
|t:|1769353538
|move|p2a: Deoxys|Psycho Boost|p1a: Glimmora
|-supereffective|p1a: Glimmora
|-damage|p1a: Glimmora|0 fnt
|-unboost|p2a: Deoxys|spa|2
|faint|p1a: Glimmora
|
|upkeep
|inactive|AmygdalanResponse has 120 seconds left.
|
|t:|1769353546
|switch|p1a: Dragonite|Dragonite, F|100/100
|turn|19
|
|t:|1769353558
|switch|p2a: Landorus|Landorus-Therian, M|100/100
|-ability|p2a: Landorus|Intimidate|boost
|-unboost|p1a: Dragonite|atk|1
|move|p1a: Dragonite|Dragon Dance|p1a: Dragonite
|-boost|p1a: Dragonite|atk|1
|-boost|p1a: Dragonite|spe|1
|
|upkeep
|turn|20
|
|t:|1769353571
|-terastallize|p1a: Dragonite|Normal
|move|p1a: Dragonite|Dragon Dance|p1a: Dragonite
|-boost|p1a: Dragonite|atk|1
|-boost|p1a: Dragonite|spe|1
|move|p2a: Landorus|Taunt|p1a: Dragonite
|-start|p1a: Dragonite|move: Taunt
|
|upkeep
|turn|21
|
|t:|1769353576
|move|p1a: Dragonite|Ice Spinner|p2a: Landorus
|-supereffective|p2a: Landorus
|-damage|p2a: Landorus|0 fnt
|-damage|p1a: Dragonite|84/100|[from] item: Rocky Helmet|[of] p2a: Landorus
|faint|p2a: Landorus
|
|upkeep
|
|t:|1769353588
|switch|p2a: Deoxys|Deoxys-Speed|100/100
|-ability|p2a: Deoxys|Pressure
|turn|22
|
|t:|1769353594
|-terastallize|p2a: Deoxys|Fighting
|move|p1a: Dragonite|Extreme Speed|p2a: Deoxys
|-damage|p2a: Deoxys|0 fnt
|faint|p2a: Deoxys
|
|upkeep
|
|t:|1769353599
|switch|p2a: Iron Valiant|Iron Valiant|80/100
|turn|23
|
|t:|1769353602
|move|p1a: Dragonite|Extreme Speed|p2a: Iron Valiant
|-damage|p2a: Iron Valiant|0 fnt
|faint|p2a: Iron Valiant
|-end|p2a: Iron Valiant|Quark Drive|[silent]
|
|win|AmygdalanResponse
|raw|AmygdalanResponse's rating: 1409 &rarr; <strong>1433</strong><br />(+24 for winning)
|raw|shadowofroserade04's rating: 1478 &rarr; <strong>1454</strong><br />(-24 for losing)
|c|☆AmygdalanResponse|gg
