|j|☆NeoNight81
|j|☆Schrosch
|t:|1769310539
|gametype|singles
|player|p1|NeoNight81|102|1103
|player|p2|Schrosch|169|1151
|gen|9
|tier|[Gen 9] OU
|rated|
|rule|HP Percentage Mod: HP is shown in percentages
|rule|Endless Battle Clause: Forcing endless battles is banned
|rule|Species Clause: Limit one of each Pokémon
|rule|OHKO Clause: OHKO moves are banned
|rule|Evasion Items Clause: Evasion items are banned
|rule|Evasion Moves Clause: Evasion moves are banned
|rule|Evasion Abilities Clause: Evasion abilities are banned
|rule|Sleep Moves Clause: Sleep-inducing moves are banned
|clearpoke
|poke|p1|Zapdos|
|poke|p1|Flareon, M|
|poke|p1|Ribombee, M|
|poke|p1|Flygon, M|
|poke|p1|Crawdaunt, M|
|poke|p1|Bastiodon, M|
|poke|p2|Porygon-Z|
|poke|p2|Gardevoir, F|
|poke|p2|Probopass, F|
|poke|p2|Great Tusk|
|poke|p2|Corviknight, M|
|poke|p2|Serperior, F|
|teampreview
|inactive|Battle timer is ON: inactive players will automatically lose when time's up. (requested by NeoNight81)
|
|t:|1769310551
|teamsize|p1|6
|teamsize|p2|6
|start
|switch|p1a: Ribombee|Ribombee, M|100/100
|switch|p2a: Porygon-Z|Porygon-Z|100/100
|turn|1
|
|t:|1769310564
|move|p1a: Ribombee|Quiver Dance|p1a: Ribombee
|-boost|p1a: Ribombee|spa|1
|-boost|p1a: Ribombee|spd|1
|-boost|p1a: Ribombee|spe|1
|move|p2a: Porygon-Z|Tera Blast|p1a: Ribombee
|-damage|p1a: Ribombee|38/100
|
|upkeep
|turn|2
|
|t:|1769310581
|switch|p2a: Corviknight|Corviknight, M|100/100
|-ability|p2a: Corviknight|Pressure
|move|p1a: Ribombee|Bug Buzz|p2a: Corviknight
|-resisted|p2a: Corviknight
|-damage|p2a: Corviknight|86/100
|
|upkeep
|turn|3
|inactive|Schrosch has 120 seconds left.
|
|t:|1769310624
|switch|p1a: Zapdos|Zapdos|100/100
|-terastallize|p2a: Corviknight|Water
|move|p2a: Corviknight|Brave Bird|p1a: Zapdos
|-resisted|p1a: Zapdos
|-damage|p1a: Zapdos|78/100
|-status|p2a: Corviknight|par|[from] ability: Static|[of] p1a: Zapdos
|-damage|p2a: Corviknight|79/100 par|[from] Recoil
|
|upkeep
|turn|4
|
|t:|1769310636
|switch|p2a: Probopass|Probopass, F|100/100
|move|p1a: Zapdos|Discharge|p2a: Probopass
|-damage|p2a: Probopass|74/100
|
|upkeep
|turn|5
|
|t:|1769310644
|move|p1a: Zapdos|U-turn|p2a: Probopass
|-resisted|p2a: Probopass
|-damage|p2a: Probopass|70/100
|
|t:|1769310647
|switch|p1a: Flygon|Flygon, M|100/100|[from] U-turn
|move|p2a: Probopass|Iron Defense|p2a: Probopass
|-boost|p2a: Probopass|def|2
|
|upkeep
|turn|6
|
|t:|1769310655
|move|p1a: Flygon|Earthquake|p2a: Probopass
|-supereffective|p2a: Probopass
|-damage|p2a: Probopass|14/100
|move|p2a: Probopass|Body Press|p1a: Flygon
|-damage|p1a: Flygon|20/100
|-damage|p2a: Probopass|0 fnt|[from] item: Rocky Helmet|[of] p1a: Flygon
|faint|p2a: Probopass
|
|upkeep
|inactive|Schrosch has 120 seconds left.
|
|t:|1769310673
|switch|p2a: Serperior|Serperior, F|100/100
|turn|7
|
|t:|1769310680
|move|p2a: Serperior|Leaf Storm|p1a: Flygon
|-damage|p1a: Flygon|0 fnt
|-boost|p2a: Serperior|spa|2
|faint|p1a: Flygon
|
|upkeep
|
|t:|1769310688
|switch|p1a: Ribombee|Ribombee, M|38/100
|turn|8
|
|t:|1769310697
|switch|p2a: Corviknight|Corviknight, M, tera:Water|79/100 par
|-ability|p2a: Corviknight|Pressure
|move|p1a: Ribombee|Bug Buzz|p2a: Corviknight
|-damage|p2a: Corviknight|36/100 par
|
|upkeep
|turn|9
|
|t:|1769310706
|move|p1a: Ribombee|Energy Ball|p2a: Corviknight
|-supereffective|p2a: Corviknight
|-crit|p2a: Corviknight
|-damage|p2a: Corviknight|0 fnt
|faint|p2a: Corviknight
|
|upkeep
|
|t:|1769310724
|switch|p2a: Porygon-Z|Porygon-Z|100/100
|turn|10
|
|t:|1769310739
|move|p1a: Ribombee|Psychic|p2a: Porygon-Z
|-damage|p2a: Porygon-Z|65/100
|move|p2a: Porygon-Z|Tera Blast|p1a: Ribombee
|-damage|p1a: Ribombee|0 fnt
|faint|p1a: Ribombee
|
|upkeep
|
|t:|1769310744
|switch|p1a: Zapdos|Zapdos|78/100
|turn|11
|c|☆Schrosch|no moonblast?
|c|☆Schrosch|also fully expected tera fire after seeing quiver
|inactive|Schrosch has 120 seconds left.
|c|☆Schrosch|thats why i went tera water corv
|
|t:|1769310780
|move|p1a: Zapdos|Discharge|p2a: Porygon-Z
|-damage|p2a: Porygon-Z|16/100
|move|p2a: Porygon-Z|Ice Beam|p1a: Zapdos
|-supereffective|p1a: Zapdos
|-damage|p1a: Zapdos|14/100
|-enditem|p1a: Zapdos|Sitrus Berry|[eat]
|-heal|p1a: Zapdos|39/100|[from] item: Sitrus Berry
|
|upkeep
|turn|12
|inactive|Schrosch has 120 seconds left.
|
|t:|1769310788
|move|p1a: Zapdos|Acrobatics|p2a: Porygon-Z
|-damage|p2a: Porygon-Z|0 fnt
|faint|p2a: Porygon-Z
|
|upkeep
|inactive|Schrosch has 120 seconds left.
|l|☆NeoNight81
|inactive|NeoNight81 disconnected and has a minute to reconnect!
|player|p1|
|
|t:|1769310801
|switch|p2a: Great Tusk|Great Tusk|100/100
|turn|13
|inactive|Schrosch has 120 seconds left.
|inactive|NeoNight81 has 30 seconds to reconnect!
|inactive|NeoNight81 has 20 seconds to reconnect!
|inactive|Schrosch has 90 seconds left.
|inactive|NeoNight81 has 15 seconds to reconnect!
|j|☆NeoNight81
|inactive|NeoNight81 reconnected and has 105 seconds left.
|player|p1|NeoNight81|102|
|
|t:|1769310852
|move|p1a: Zapdos|Acrobatics|p2a: Great Tusk
|-supereffective|p2a: Great Tusk
|-damage|p2a: Great Tusk|50/100
|move|p2a: Great Tusk|Stealth Rock|p1a: Zapdos
|-sidestart|p1: NeoNight81|move: Stealth Rock
|
|-heal|p2a: Great Tusk|56/100|[from] item: Leftovers
|upkeep
|turn|14
|inactive|Schrosch has 90 seconds left.
|
|t:|1769310868
|-end|p2a: Great Tusk|Protosynthesis|[silent]
|switch|p2a: Gardevoir|Gardevoir, F|100/100
|-ability|p2a: Gardevoir|Static|Trace|[from] ability: Trace|[of] p1a: Zapdos
|move|p1a: Zapdos|Roost|p1a: Zapdos
|-heal|p1a: Zapdos|89/100
|-singleturn|p1a: Zapdos|move: Roost
|
|upkeep
|turn|15
|inactive|Schrosch has 90 seconds left.
|
|t:|1769310878
|move|p1a: Zapdos|U-turn|p2a: Gardevoir
|-damage|p2a: Gardevoir|79/100
|
|t:|1769310881
|switch|p1a: Crawdaunt|Crawdaunt, M|100/100|[from] U-turn
|-damage|p1a: Crawdaunt|88/100|[from] Stealth Rock
|move|p2a: Gardevoir|Moonblast|p1a: Crawdaunt
|-supereffective|p1a: Crawdaunt
|-damage|p1a: Crawdaunt|0 fnt
|faint|p1a: Crawdaunt
|
|upkeep
|
|t:|1769310884
|switch|p1a: Bastiodon|Bastiodon, M|100/100
|-damage|p1a: Bastiodon|94/100|[from] Stealth Rock
|turn|16
|
|t:|1769310895
|move|p2a: Gardevoir|Will-O-Wisp|p1a: Bastiodon
|-status|p1a: Bastiodon|brn
|move|p1a: Bastiodon|Hard Press|p2a: Gardevoir
|-supereffective|p2a: Gardevoir
|-damage|p2a: Gardevoir|57/100
|
|-damage|p1a: Bastiodon|88/100 brn|[from] brn
|upkeep
|turn|17
|
|t:|1769310909
|switch|p2a: Great Tusk|Great Tusk|56/100
|move|p1a: Bastiodon|Iron Head|p2a: Great Tusk
|-crit|p2a: Great Tusk
|-damage|p2a: Great Tusk|47/100
|
|-heal|p2a: Great Tusk|54/100|[from] item: Leftovers
|-damage|p1a: Bastiodon|82/100 brn|[from] brn
|upkeep
|turn|18
|
|t:|1769310920
|switch|p1a: Zapdos|Zapdos|89/100
|-damage|p1a: Zapdos|64/100|[from] Stealth Rock
|move|p2a: Great Tusk|Earthquake|p1a: Zapdos
|-immune|p1a: Zapdos
|
|-heal|p2a: Great Tusk|60/100|[from] item: Leftovers
|upkeep
|turn|19
|
|t:|1769310932
|-end|p2a: Great Tusk|Protosynthesis|[silent]
|switch|p2a: Serperior|Serperior, F|100/100
|move|p1a: Zapdos|Acrobatics|p2a: Serperior
|-supereffective|p2a: Serperior
|-damage|p2a: Serperior|16/100
|
|upkeep
|turn|20
|
|t:|1769310945
|move|p2a: Serperior|Dragon Pulse|p1a: Zapdos
|-damage|p1a: Zapdos|43/100
|move|p1a: Zapdos|Acrobatics|p2a: Serperior
|-supereffective|p2a: Serperior
|-damage|p2a: Serperior|0 fnt
|faint|p2a: Serperior
|
|upkeep
|
|t:|1769310952
|switch|p2a: Gardevoir|Gardevoir, F|57/100
|-ability|p2a: Gardevoir|Static|Trace|[from] ability: Trace|[of] p1a: Zapdos
|turn|21
|
|t:|1769310956
|move|p1a: Zapdos|Roost|p1a: Zapdos
|-heal|p1a: Zapdos|93/100
|-singleturn|p1a: Zapdos|move: Roost
|move|p2a: Gardevoir|Moonblast|p1a: Zapdos
|-damage|p1a: Zapdos|45/100
|-unboost|p1a: Zapdos|spa|1
|
|upkeep
|turn|22
|
|t:|1769310963
|switch|p1a: Flareon|Flareon, M|100/100
|-damage|p1a: Flareon|76/100|[from] Stealth Rock
|move|p2a: Gardevoir|Moonblast|p1a: Flareon
|-resisted|p1a: Flareon
|-damage|p1a: Flareon|62/100
|
|upkeep
|turn|23
|
|t:|1769310972
|switch|p2a: Great Tusk|Great Tusk|60/100
|move|p1a: Flareon|Flamethrower|p2a: Great Tusk
|-damage|p2a: Great Tusk|16/100
|
|-heal|p2a: Great Tusk|22/100|[from] item: Leftovers
|upkeep
|turn|24
|inactive|Schrosch has 120 seconds left.
|
|t:|1769310982
|move|p2a: Great Tusk|Earthquake|p1a: Flareon
|-supereffective|p1a: Flareon
|-damage|p1a: Flareon|0 fnt
|faint|p1a: Flareon
|
|-heal|p2a: Great Tusk|28/100|[from] item: Leftovers
|upkeep
|
|t:|1769310984
|switch|p1a: Zapdos|Zapdos|45/100
|-damage|p1a: Zapdos|20/100|[from] Stealth Rock
|turn|25
|
|t:|1769310993
|move|p1a: Zapdos|Acrobatics|p2a: Great Tusk
|-supereffective|p2a: Great Tusk
|-damage|p2a: Great Tusk|0 fnt
|faint|p2a: Great Tusk
|-end|p2a: Great Tusk|Protosynthesis|[silent]
|
|upkeep
|
|t:|1769310996
|switch|p2a: Gardevoir|Gardevoir, F|57/100
|-ability|p2a: Gardevoir|Static|Trace|[from] ability: Trace|[of] p1a: Zapdos
|turn|26
|
|t:|1769310999
|move|p1a: Zapdos|Roost|p1a: Zapdos
|-heal|p1a: Zapdos|70/100
|-singleturn|p1a: Zapdos|move: Roost
|move|p2a: Gardevoir|Moonblast|p1a: Zapdos
|-damage|p1a: Zapdos|25/100
|-unboost|p1a: Zapdos|spa|1
|
|upkeep
|turn|27
|
|t:|1769311004
|move|p1a: Zapdos|Roost|p1a: Zapdos
|-heal|p1a: Zapdos|75/100
|-singleturn|p1a: Zapdos|move: Roost
|move|p2a: Gardevoir|Moonblast|p1a: Zapdos
|-crit|p1a: Zapdos
|-damage|p1a: Zapdos|12/100
|-unboost|p1a: Zapdos|spa|1
|
|upkeep
|turn|28
|
|t:|1769311024
|move|p1a: Zapdos|Acrobatics|p2a: Gardevoir
|-damage|p2a: Gardevoir|11/100
|move|p2a: Gardevoir|Substitute|p2a: Gardevoir
|-fail|p2a: Gardevoir|move: Substitute|[weak]
|
|upkeep
|turn|29
|-message|Schrosch forfeited.
|
|win|NeoNight81
|raw|NeoNight81's rating: 1103 &rarr; <strong>1131</strong><br />(+28 for winning)
|raw|Schrosch's rating: 1151 &rarr; <strong>1123</strong><br />(-28 for losing)
|l|☆Schrosch
|player|p2|
|l|☆NeoNight81
|player|p1|
