|j|☆beefcake88
|j|☆dazhigg
|t:|1769343509
|gametype|singles
|player|p1|beefcake88|ghetsis-gen5bw|1413
|player|p2|dazhigg|schoolkid-gen4|1394
|gen|9
|tier|[Gen 9] OU
|rated|
|rule|HP Percentage Mod: HP is shown in percentages
|rule|Endless Battle Clause: Forcing endless battles is banned
|rule|Species Clause: Limit one of each Pokémon
|rule|OHKO Clause: OHKO moves are banned
|rule|Evasion Items Clause: Evasion items are banned
|rule|Evasion Moves Clause: Evasion moves are banned
|rule|Evasion Abilities Clause: Evasion abilities are banned
|rule|Sleep Moves Clause: Sleep-inducing moves are banned
|clearpoke
|poke|p1|Zapdos|
|poke|p1|Slowking-Galar, M|
|poke|p1|Rillaboom, F|
|poke|p1|Kyurem|
|poke|p1|Great Tusk|
|poke|p1|Meowscarada, M|
|poke|p2|Walking Wake|
|poke|p2|Ninetales, M|
|poke|p2|Whimsicott, M|
|poke|p2|Great Tusk|
|poke|p2|Iron Moth|
|poke|p2|Dragonite, F|
|teampreview
|
|t:|1769343522
|teamsize|p1|6
|teamsize|p2|6
|start
|switch|p1a: Slowking|Slowking-Galar, M|100/100
|switch|p2a: Ninetales|Ninetales, M|100/100
|-weather|SunnyDay|[from] ability: Drought|[of] p2a: Ninetales
|turn|1
|
|t:|1769343531
|move|p2a: Ninetales|Will-O-Wisp|p1a: Slowking
|-status|p1a: Slowking|brn
|-prepare|p1a: Slowking|Chilly Reception|[premajor]
|move|p1a: Slowking|Chilly Reception|p1a: Slowking
|-weather|Snowscape
|
|t:|1769343556
|switch|p1a: Kyurem|Kyurem|100/100|[from] Chilly Reception
|-ability|p1a: Kyurem|Pressure
|
|-weather|Snowscape|[upkeep]
|upkeep
|turn|2
|
|t:|1769343566
|-terastallize|p1a: Kyurem|Fire
|move|p2a: Ninetales|Will-O-Wisp|p1a: Kyurem
|-immune|p1a: Kyurem
|move|p1a: Kyurem|Dragon Dance|p1a: Kyurem
|-boost|p1a: Kyurem|atk|1
|-boost|p1a: Kyurem|spe|1
|
|-weather|Snowscape|[upkeep]
|upkeep
|turn|3
|
|t:|1769343592
|switch|p2a: Dragonite|Dragonite, F|100/100
|move|p1a: Kyurem|Dragon Dance|p1a: Kyurem
|-boost|p1a: Kyurem|atk|1
|-boost|p1a: Kyurem|spe|1
|
|-weather|Snowscape|[upkeep]
|upkeep
|turn|4
|
|t:|1769343602
|-terastallize|p2a: Dragonite|Normal
|move|p1a: Kyurem|Icicle Spear|p2a: Dragonite
|-damage|p2a: Dragonite|84/100
|-damage|p2a: Dragonite|53/100
|-damage|p2a: Dragonite|22/100
|-damage|p2a: Dragonite|0 fnt
|faint|p2a: Dragonite
|-hitcount|p2: Dragonite|4
|
|-weather|Snowscape|[upkeep]
|upkeep
|
|t:|1769343618
|switch|p2a: Ninetales|Ninetales, M|100/100
|-weather|SunnyDay|[from] ability: Drought|[of] p2a: Ninetales
|turn|5
|inactive|Battle timer is ON: inactive players will automatically lose when time's up. (requested by beefcake88)
|
|t:|1769343642
|switch|p2a: Whimsicott|Whimsicott, M|100/100
|move|p1a: Kyurem|Scale Shot|p2a: Whimsicott
|-immune|p2a: Whimsicott
|
|-weather|SunnyDay|[upkeep]
|upkeep
|turn|6
|inactive|dazhigg has 120 seconds left.
|
|t:|1769343673
|move|p1a: Kyurem|Icicle Spear|p2a: Whimsicott
|-supereffective|p2a: Whimsicott
|-damage|p2a: Whimsicott|29/100
|-supereffective|p2a: Whimsicott
|-damage|p2a: Whimsicott|0 fnt
|faint|p2a: Whimsicott
|-hitcount|p2: Whimsicott|2
|
|-weather|SunnyDay|[upkeep]
|upkeep
|inactive|dazhigg has 120 seconds left.
|c|☆beefcake88|unless it's like, scarf speed booster wake?
|inactive|dazhigg has 90 seconds left.
|inactive|dazhigg has 60 seconds left.
|
|t:|1769343761
|switch|p2a: Great Tusk|Great Tusk|100/100
|-activate|p2a: Great Tusk|ability: Protosynthesis
|-start|p2a: Great Tusk|protosynthesisspe
|turn|7
|
|t:|1769343771
|move|p1a: Kyurem|Icicle Spear|p2a: Great Tusk
|-supereffective|p2a: Great Tusk
|-damage|p2a: Great Tusk|60/100
|-supereffective|p2a: Great Tusk
|-damage|p2a: Great Tusk|19/100
|-supereffective|p2a: Great Tusk
|-damage|p2a: Great Tusk|0 fnt
|faint|p2a: Great Tusk
|-end|p2a: Great Tusk|Protosynthesis|[silent]
|-hitcount|p2: Great Tusk|3
|
|-weather|SunnyDay|[upkeep]
|upkeep
|c|☆beefcake88|it is loaded dice btw this isn't just insane hax
|
|t:|1769343782
|switch|p2a: Iron Moth|Iron Moth|100/100
|-enditem|p2a: Iron Moth|Booster Energy
|-activate|p2a: Iron Moth|ability: Quark Drive|[fromitem]
|-start|p2a: Iron Moth|quarkdrivespe
|turn|8
|
|t:|1769343789
|move|p1a: Kyurem|Scale Shot|p2a: Iron Moth
|-damage|p2a: Iron Moth|60/100
|-damage|p2a: Iron Moth|22/100
|-damage|p2a: Iron Moth|0 fnt
|faint|p2a: Iron Moth
|-end|p2a: Iron Moth|Quark Drive|[silent]
|-hitcount|p2: Iron Moth|3
|-unboost|p1a: Kyurem|def|1
|-boost|p1a: Kyurem|spe|1
|
|-weather|SunnyDay|[upkeep]
|upkeep
|
|t:|1769343806
|switch|p2a: Walking Wake|Walking Wake|100/100
|-activate|p2a: Walking Wake|ability: Protosynthesis
|-start|p2a: Walking Wake|protosynthesisspe
|turn|9
|
|t:|1769343816
|move|p1a: Kyurem|Icicle Spear|p2a: Walking Wake
|-damage|p2a: Walking Wake|70/100
|-damage|p2a: Walking Wake|37/100
|-damage|p2a: Walking Wake|7/100
|-damage|p2a: Walking Wake|0 fnt
|faint|p2a: Walking Wake
|-end|p2a: Walking Wake|Protosynthesis|[silent]
|-hitcount|p2: Walking Wake|4
|
|-weather|SunnyDay|[upkeep]
|upkeep
|
|t:|1769343826
|switch|p2a: Ninetales|Ninetales, M|100/100
|turn|10
|
|t:|1769343832
|move|p1a: Kyurem|Scale Shot|p2a: Ninetales
|-damage|p2a: Ninetales|63/100
|-damage|p2a: Ninetales|30/100
|-damage|p2a: Ninetales|0 fnt
|faint|p2a: Ninetales
|-hitcount|p2: Ninetales|3
|
|win|beefcake88
|raw|beefcake88's rating: 1413 &rarr; <strong>1432</strong><br />(+19 for winning)
|raw|dazhigg's rating: 1394 &rarr; <strong>1375</strong><br />(-19 for losing)
|c|☆beefcake88|ggs
|l|☆beefcake88
|player|p1|
