|j|☆DirkDiggler420
|j|☆suprya
|t:|1769306109
|gametype|singles
|player|p1|DirkDiggler420|linebacker|1654
|player|p2|suprya|wattson|1605
|gen|9
|tier|[Gen 9] OU
|rated|
|rule|HP Percentage Mod: HP is shown in percentages
|rule|Endless Battle Clause: Forcing endless battles is banned
|rule|Species Clause: Limit one of each Pokémon
|rule|OHKO Clause: OHKO moves are banned
|rule|Evasion Items Clause: Evasion items are banned
|rule|Evasion Moves Clause: Evasion moves are banned
|rule|Evasion Abilities Clause: Evasion abilities are banned
|rule|Sleep Moves Clause: Sleep-inducing moves are banned
|clearpoke
|poke|p1|Dragapult, M|
|poke|p1|Darkrai|
|poke|p1|Iron Valiant|
|poke|p1|Great Tusk|
|poke|p1|Rotom-Wash|
|poke|p1|Ceruledge, M|
|poke|p2|Amoonguss, M|
|poke|p2|Garganacl, F|
|poke|p2|Moltres|
|poke|p2|Great Tusk|
|poke|p2|Iron Crown|
|poke|p2|Darkrai|
|teampreview
|inactive|Battle timer is ON: inactive players will automatically lose when time's up. (requested by suprya)
|
|t:|1769306129
|teamsize|p1|6
|teamsize|p2|6
|start
|switch|p1a: Darkrai|Darkrai|100/100
|switch|p2a: Garganacl|Garganacl, F|100/100
|turn|1
|j| Reixo‽♪
|
|t:|1769306138
|move|p1a: Darkrai|Dark Pulse|p2a: Garganacl
|-damage|p2a: Garganacl|67/100
|cant|p2a: Garganacl|flinch
|
|-heal|p2a: Garganacl|73/100|[from] item: Leftovers
|upkeep
|turn|2
|l| Reixo‽♪
|
|t:|1769306144
|move|p1a: Darkrai|Knock Off|p2a: Garganacl
|-damage|p2a: Garganacl|50/100
|-enditem|p2a: Garganacl|Leftovers|[from] move: Knock Off|[of] p1a: Darkrai
|move|p2a: Garganacl|Salt Cure|p1a: Darkrai
|-damage|p1a: Darkrai|81/100
|-start|p1a: Darkrai|Salt Cure
|
|-damage|p1a: Darkrai|68/100|[from] Salt Cure
|upkeep
|turn|3
|
|t:|1769306154
|-terastallize|p1a: Darkrai|Dark
|move|p1a: Darkrai|Dark Pulse|p2a: Garganacl
|-damage|p2a: Garganacl|0 fnt
|faint|p2a: Garganacl
|
|-damage|p1a: Darkrai|56/100|[from] Salt Cure
|upkeep
|
|t:|1769306167
|switch|p2a: Moltres|Moltres|100/100
|turn|4
|
|t:|1769306173
|switch|p1a: Rotom|Rotom-Wash|100/100
|move|p2a: Moltres|Flamethrower|p1a: Rotom
|-resisted|p1a: Rotom
|-damage|p1a: Rotom|87/100
|
|-heal|p1a: Rotom|93/100|[from] item: Leftovers
|upkeep
|turn|5
|
|t:|1769306180
|switch|p2a: Amoonguss|Amoonguss, M|100/100
|move|p1a: Rotom|Volt Switch|p2a: Amoonguss
|-resisted|p2a: Amoonguss
|-damage|p2a: Amoonguss|89/100
|
|t:|1769306188
|switch|p1a: Ceruledge|Ceruledge, M|100/100|[from] Volt Switch
|
|upkeep
|turn|6
|
|t:|1769306212
|switch|p2a: Darkrai|Darkrai|100/100
|move|p1a: Ceruledge|Swords Dance|p1a: Ceruledge
|-boost|p1a: Ceruledge|atk|2
|
|upkeep
|turn|7
|
|t:|1769306218
|move|p2a: Darkrai|Dark Pulse|p1a: Ceruledge
|-supereffective|p1a: Ceruledge
|-enditem|p1a: Ceruledge|Focus Sash
|-damage|p1a: Ceruledge|1/100
|move|p1a: Ceruledge|Bitter Blade|p2a: Darkrai
|-damage|p2a: Darkrai|0 fnt
|-heal|p1a: Ceruledge|49/100|[from] drain|[of] p2a: Darkrai
|faint|p2a: Darkrai
|
|upkeep
|
|t:|1769306224
|switch|p2a: Great Tusk|Great Tusk|100/100
|turn|8
|
|t:|1769306231
|switch|p1a: Rotom|Rotom-Wash|93/100
|move|p2a: Great Tusk|Knock Off|p1a: Rotom
|-damage|p1a: Rotom|61/100
|-enditem|p1a: Rotom|Leftovers|[from] move: Knock Off|[of] p2a: Great Tusk
|
|upkeep
|turn|9
|
|t:|1769306243
|-end|p2a: Great Tusk|Protosynthesis|[silent]
|switch|p2a: Amoonguss|Amoonguss, M|100/100
|move|p1a: Rotom|Pain Split|p2a: Amoonguss
|-sethp|p2a: Amoonguss|72/100|[from] move: Pain Split|[silent]
|-sethp|p1a: Rotom|100/100|[from] move: Pain Split
|
|upkeep
|turn|10
|
|t:|1769306248
|move|p1a: Rotom|Volt Switch|p2a: Amoonguss
|-resisted|p2a: Amoonguss
|-damage|p2a: Amoonguss|60/100
|
|t:|1769306259
|switch|p1a: Great Tusk|Great Tusk|100/100|[from] Volt Switch
|move|p2a: Amoonguss|Sludge Bomb|p1a: Great Tusk
|-resisted|p1a: Great Tusk
|-damage|p1a: Great Tusk|80/100
|
|upkeep
|turn|11
|
|t:|1769306268
|move|p1a: Great Tusk|Headlong Rush|p2a: Amoonguss
|-damage|p2a: Amoonguss|16/100
|-unboost|p1a: Great Tusk|def|1
|-unboost|p1a: Great Tusk|spd|1
|-damage|p1a: Great Tusk|64/100|[from] item: Rocky Helmet|[of] p2a: Amoonguss
|move|p2a: Amoonguss|Giga Drain|p1a: Great Tusk
|-supereffective|p1a: Great Tusk
|-damage|p1a: Great Tusk|0 fnt
|-heal|p2a: Amoonguss|43/100|[from] drain|[of] p1a: Great Tusk
|faint|p1a: Great Tusk
|-end|p1a: Great Tusk|Protosynthesis|[silent]
|
|upkeep
|
|t:|1769306278
|switch|p1a: Darkrai|Darkrai, tera:Dark|56/100
|turn|12
|
|t:|1769306304
|switch|p2a: Moltres|Moltres|100/100
|move|p1a: Darkrai|Dark Pulse|p2a: Moltres
|-damage|p2a: Moltres|48/100
|
|upkeep
|turn|13
|
|t:|1769306309
|move|p1a: Darkrai|Dark Pulse|p2a: Moltres
|-damage|p2a: Moltres|0 fnt
|faint|p2a: Moltres
|
|upkeep
|
|t:|1769306311
|switch|p2a: Iron Crown|Iron Crown|100/100
|turn|14
|
|t:|1769306315
|switch|p1a: Rotom|Rotom-Wash|100/100
|-terastallize|p2a: Iron Crown|Water
|move|p2a: Iron Crown|Tachyon Cutter|p1a: Rotom
|-resisted|p1a: Rotom
|-damage|p1a: Rotom|96/100
|-resisted|p1a: Rotom
|-damage|p1a: Rotom|91/100
|-hitcount|p1a: Rotom|2
|
|upkeep
|turn|15
|
|t:|1769306321
|move|p2a: Iron Crown|Volt Switch|p1a: Rotom
|-damage|p1a: Rotom|73/100
|
|t:|1769306324
|-end|p2a: Iron Crown|Quark Drive|[silent]
|switch|p2a: Great Tusk|Great Tusk|100/100|[from] Volt Switch
|move|p1a: Rotom|Volt Switch|p2a: Great Tusk
|-immune|p2a: Great Tusk
|
|upkeep
|turn|16
|
|t:|1769306328
|-end|p2a: Great Tusk|Protosynthesis|[silent]
|switch|p2a: Amoonguss|Amoonguss, M|76/100
|move|p1a: Rotom|Will-O-Wisp|p2a: Amoonguss
|-status|p2a: Amoonguss|brn
|
|-damage|p2a: Amoonguss|70/100 brn|[from] brn
|upkeep
|turn|17
|
|t:|1769306334
|move|p1a: Rotom|Volt Switch|p2a: Amoonguss
|-resisted|p2a: Amoonguss
|-damage|p2a: Amoonguss|59/100 brn
|
|t:|1769306336
|switch|p1a: Ceruledge|Ceruledge, M|49/100|[from] Volt Switch
|move|p2a: Amoonguss|Sludge Bomb|p1a: Ceruledge
|-resisted|p1a: Ceruledge
|-damage|p1a: Ceruledge|33/100
|
|-damage|p2a: Amoonguss|53/100 brn|[from] brn
|upkeep
|turn|18
|
|t:|1769306340
|switch|p2a: Great Tusk|Great Tusk|100/100
|move|p1a: Ceruledge|Bitter Blade|p2a: Great Tusk
|-damage|p2a: Great Tusk|73/100
|-heal|p1a: Ceruledge|53/100|[from] drain|[of] p2a: Great Tusk
|
|-heal|p2a: Great Tusk|79/100|[from] item: Leftovers
|upkeep
|turn|19
|
|t:|1769306348
|switch|p1a: Rotom|Rotom-Wash|73/100
|move|p2a: Great Tusk|Close Combat|p1a: Rotom
|-damage|p1a: Rotom|17/100
|-unboost|p2a: Great Tusk|def|1
|-unboost|p2a: Great Tusk|spd|1
|
|-heal|p2a: Great Tusk|85/100|[from] item: Leftovers
|upkeep
|turn|20
|
|t:|1769306355
|move|p2a: Great Tusk|Close Combat|p1a: Rotom
|-damage|p1a: Rotom|0 fnt
|-unboost|p2a: Great Tusk|def|1
|-unboost|p2a: Great Tusk|spd|1
|faint|p1a: Rotom
|
|-heal|p2a: Great Tusk|91/100|[from] item: Leftovers
|upkeep
|
|t:|1769306373
|switch|p1a: Dragapult|Dragapult, M|100/100
|turn|21
|
|t:|1769306384
|-end|p2a: Great Tusk|Protosynthesis|[silent]
|switch|p2a: Iron Crown|Iron Crown, tera:Water|100/100
|move|p1a: Dragapult|Shadow Ball|p2a: Iron Crown
|-damage|p2a: Iron Crown|63/100
|-unboost|p2a: Iron Crown|spd|1
|
|upkeep
|turn|22
|
|t:|1769306392
|move|p1a: Dragapult|Shadow Ball|p2a: Iron Crown
|-damage|p2a: Iron Crown|10/100
|move|p2a: Iron Crown|Tachyon Cutter|p1a: Dragapult
|-damage|p1a: Dragapult|69/100
|-damage|p1a: Dragapult|36/100
|-hitcount|p1a: Dragapult|2
|
|upkeep
|turn|23
|
|t:|1769306401
|move|p1a: Dragapult|Shadow Ball|p2a: Iron Crown
|-damage|p2a: Iron Crown|0 fnt
|faint|p2a: Iron Crown
|-end|p2a: Iron Crown|Quark Drive|[silent]
|
|upkeep
|
|t:|1769306404
|switch|p2a: Great Tusk|Great Tusk|91/100
|turn|24
|
|t:|1769306407
|move|p1a: Dragapult|Shadow Ball|p2a: Great Tusk
|-damage|p2a: Great Tusk|17/100
|move|p2a: Great Tusk|Knock Off|p1a: Dragapult
|-supereffective|p1a: Dragapult
|-damage|p1a: Dragapult|0 fnt
|-enditem|p1a: Dragapult|Choice Specs|[from] move: Knock Off|[of] p2a: Great Tusk
|faint|p1a: Dragapult
|
|-heal|p2a: Great Tusk|24/100|[from] item: Leftovers
|upkeep
|
|t:|1769306411
|switch|p1a: Darkrai|Darkrai, tera:Dark|56/100
|turn|25
|-message|suprya forfeited.
|
|win|DirkDiggler420
|raw|DirkDiggler420's rating: 1654 &rarr; <strong>1671</strong><br />(+17 for winning)
|raw|suprya's rating: 1605 &rarr; <strong>1588</strong><br />(-17 for losing)
|l|☆suprya
|player|p2|
|l|☆DirkDiggler420
|player|p1|
|j| Reixo‽♪
|l| Reixo‽♪
