|j|☆Rotex12345
|j|☆seijj
|t:|1769350766
|gametype|singles
|player|p1|Rotex12345|265|1074
|player|p2|seijj|baker|1075
|gen|9
|tier|[Gen 9] OU
|rated|
|rule|HP Percentage Mod: HP is shown in percentages
|rule|Endless Battle Clause: Forcing endless battles is banned
|rule|Species Clause: Limit one of each Pokémon
|rule|OHKO Clause: OHKO moves are banned
|rule|Evasion Items Clause: Evasion items are banned
|rule|Evasion Moves Clause: Evasion moves are banned
|rule|Evasion Abilities Clause: Evasion abilities are banned
|rule|Sleep Moves Clause: Sleep-inducing moves are banned
|clearpoke
|poke|p1|Ambipom, F|
|poke|p1|Galvantula, F|
|poke|p1|Skeledirge, F|
|poke|p1|Rampardos, M|
|poke|p1|Gloom, M|
|poke|p1|Araquanid, M|
|poke|p2|Enamorus, F|
|poke|p2|Dragonite, M|
|poke|p2|Kingambit, M|
|poke|p2|Slowking-Galar, M|
|poke|p2|Zamazenta-*|
|poke|p2|Great Tusk|
|teampreview
|
|t:|1769350774
|teamsize|p1|6
|teamsize|p2|6
|start
|switch|p1a: Ambipom|Ambipom, F|100/100
|switch|p2a: Enamorus|Enamorus, F|100/100
|turn|1
|
|t:|1769350792
|move|p1a: Ambipom|Fake Out|p2a: Enamorus
|-damage|p2a: Enamorus|45/100
|-damage|p1a: Ambipom|91/100|[from] item: Life Orb
|cant|p2a: Enamorus|flinch
|
|upkeep
|turn|2
|
|t:|1769350800
|switch|p2a: Zamazenta|Zamazenta|100/100
|-ability|p2a: Zamazenta|Dauntless Shield|boost
|-boost|p2a: Zamazenta|def|1
|move|p1a: Ambipom|Knock Off|p2a: Zamazenta
|-resisted|p2a: Zamazenta
|-crit|p2a: Zamazenta
|-damage|p2a: Zamazenta|80/100
|-enditem|p2a: Zamazenta|Leftovers|[from] move: Knock Off|[of] p1a: Ambipom
|-damage|p1a: Ambipom|81/100|[from] item: Life Orb
|
|upkeep
|turn|3
|
|t:|1769350815
|move|p2a: Zamazenta|Iron Defense|p2a: Zamazenta
|-boost|p2a: Zamazenta|def|2
|move|p1a: Ambipom|Thunder Wave|p2a: Zamazenta
|-status|p2a: Zamazenta|par
|
|upkeep
|turn|4
|
|t:|1769350823
|move|p1a: Ambipom|U-turn|p2a: Zamazenta
|-resisted|p2a: Zamazenta
|-damage|p2a: Zamazenta|76/100 par
|-damage|p1a: Ambipom|71/100|[from] item: Life Orb
|
|t:|1769350840
|switch|p1a: Gloom|Gloom, M|100/100|[from] U-turn
|move|p2a: Zamazenta|Body Press|p1a: Gloom
|-resisted|p1a: Gloom
|-damage|p1a: Gloom|72/100
|
|upkeep
|turn|5
|
|t:|1769350856
|move|p2a: Zamazenta|Crunch|p1a: Gloom
|-crit|p1a: Gloom
|-damage|p1a: Gloom|52/100
|move|p1a: Gloom|Strength Sap|p2a: Zamazenta
|-unboost|p2a: Zamazenta|atk|1
|-heal|p1a: Gloom|100/100
|
|upkeep
|turn|6
|
|t:|1769350870
|switch|p2a: Great Tusk|Great Tusk, shiny|100/100
|switch|p1a: Skeledirge|Skeledirge, F|100/100
|
|upkeep
|turn|7
|
|t:|1769350889
|-terastallize|p1a: Skeledirge|Grass
|move|p1a: Skeledirge|Tera Blast|p2a: Great Tusk|[anim] Tera Blast Grass
|-supereffective|p2a: Great Tusk
|-damage|p2a: Great Tusk|0 fnt
|faint|p2a: Great Tusk
|-end|p2a: Great Tusk|Protosynthesis|[silent]
|
|upkeep
|-message|seijj forfeited.
|
|win|Rotex12345
|raw|Rotex12345's rating: 1074 &rarr; <strong>1103</strong><br />(+29 for winning)
|raw|seijj's rating: 1075 &rarr; <strong>1054</strong><br />(-21 for losing)
|l|☆seijj
|player|p2|
|l|☆Rotex12345
|player|p1|
