|j|☆ROTOM HammyHour
|j|☆bai9527
|t:|1769406678
|gametype|singles
|player|p1|ROTOM HammyHour|1|1142
|player|p2|bai9527|169|1126
|gen|9
|tier|[Gen 9] OU
|rated|
|rule|HP Percentage Mod: HP is shown in percentages
|rule|Endless Battle Clause: Forcing endless battles is banned
|rule|Species Clause: Limit one of each Pokémon
|rule|OHKO Clause: OHKO moves are banned
|rule|Evasion Items Clause: Evasion items are banned
|rule|Evasion Moves Clause: Evasion moves are banned
|rule|Evasion Abilities Clause: Evasion abilities are banned
|rule|Sleep Moves Clause: Sleep-inducing moves are banned
|clearpoke
|poke|p1|Alomomola, F|
|poke|p1|Weavile, M|
|poke|p1|Gliscor, M|
|poke|p1|Porygon-Z|
|poke|p1|Weezing-Galar, M|
|poke|p1|Masquerain, M|
|poke|p2|Greninja-*, M|
|poke|p2|Gholdengo|
|poke|p2|Slowking-Galar, M|
|poke|p2|Ribombee, F|
|poke|p2|Hitmontop, M|
|poke|p2|Gliscor, F|
|teampreview
|
|t:|1769406688
|teamsize|p1|6
|teamsize|p2|6
|start
|switch|p1a: Kiwi|Masquerain, M, shiny|100/100
|switch|p2a: Greninja|Greninja, M|100/100
|-ability|p1a: Kiwi|Intimidate|boost
|-unboost|p2a: Greninja|atk|1
|turn|1
|
|t:|1769406692
|move|p2a: Greninja|Ice Beam|p1a: Kiwi
|-start|p2a: Greninja|typechange|Ice|[from] ability: Protean
|-supereffective|p1a: Kiwi
|-enditem|p1a: Kiwi|Focus Sash
|-damage|p1a: Kiwi|1/100
|-damage|p2a: Greninja|91/100|[from] item: Life Orb
|move|p1a: Kiwi|Sticky Web|p2a: Greninja
|-sidestart|p2: bai9527|move: Sticky Web
|
|upkeep
|turn|2
|
|t:|1769406702
|switch|p1a: Flop|Alomomola, F|100/100
|move|p2a: Greninja|U-turn|p1a: Flop
|-damage|p1a: Flop|90/100
|-damage|p2a: Greninja|81/100|[from] item: Life Orb
|
|t:|1769406705
|switch|p2a: Hitmontop|Hitmontop, M|100/100|[from] U-turn
|-activate|p2a: Hitmontop|move: Sticky Web
|-unboost|p2a: Hitmontop|spe|1
|
|-heal|p1a: Flop|96/100|[from] item: Leftovers
|upkeep
|turn|3
|
|t:|1769406715
|switch|p1a: Reginald III|Weezing-Galar, M|100/100
|move|p2a: Hitmontop|Rapid Spin|p1a: Reginald III
|-damage|p1a: Reginald III|90/100
|-boost|p2a: Hitmontop|spe|1
|-damage|p2a: Hitmontop|84/100|[from] item: Rocky Helmet|[of] p1a: Reginald III
|-sideend|p2: bai9527|Sticky Web|[from] move: Rapid Spin|[of] p2a: Hitmontop
|
|-heal|p2a: Hitmontop|90/100|[from] item: Leftovers
|upkeep
|turn|4
|
|t:|1769406724
|switch|p2a: Slowking|Slowking-Galar, M|100/100
|move|p1a: Reginald III|Toxic|p2a: Slowking
|-immune|p2a: Slowking
|
|upkeep
|turn|5
|
|t:|1769406729
|switch|p1a: Rock Lobster|Gliscor, M|100/100
|move|p2a: Slowking|Future Sight|p1a: Rock Lobster
|-start|p2a: Slowking|move: Future Sight
|
|-status|p1a: Rock Lobster|tox|[from] item: Toxic Orb
|upkeep
|turn|6
|
|t:|1769406736
|switch|p2a: Hitmontop|Hitmontop, M|90/100
|move|p1a: Rock Lobster|Swords Dance|p1a: Rock Lobster
|-boost|p1a: Rock Lobster|atk|2
|
|-heal|p2a: Hitmontop|97/100|[from] item: Leftovers
|upkeep
|turn|7
|
|t:|1769406741
|move|p1a: Rock Lobster|Protect|p1a: Rock Lobster
|-singleturn|p1a: Rock Lobster|Protect
|move|p2a: Hitmontop|Triple Axel|p1a: Rock Lobster
|-activate|p1a: Rock Lobster|move: Protect
|
|-end|p1a: Rock Lobster|move: Future Sight
|-damage|p1a: Rock Lobster|36/100 tox
|-heal|p2a: Hitmontop|100/100|[from] item: Leftovers
|-heal|p1a: Rock Lobster|48/100 tox|[from] ability: Poison Heal
|upkeep
|turn|8
|
|t:|1769406746
|move|p1a: Rock Lobster|Facade|p2a: Hitmontop
|-damage|p2a: Hitmontop|34/100
|move|p2a: Hitmontop|Triple Axel|p1a: Rock Lobster|[miss]
|-miss|p2a: Hitmontop|p1a: Rock Lobster
|
|-heal|p2a: Hitmontop|40/100|[from] item: Leftovers
|-heal|p1a: Rock Lobster|60/100 tox|[from] ability: Poison Heal
|upkeep
|turn|9
|
|t:|1769406760
|move|p1a: Rock Lobster|Earthquake|p2a: Hitmontop
|-damage|p2a: Hitmontop|0 fnt
|faint|p2a: Hitmontop
|
|-heal|p1a: Rock Lobster|73/100 tox|[from] ability: Poison Heal
|upkeep
|
|t:|1769406763
|switch|p2a: Greninja|Greninja, M|81/100
|turn|10
|
|t:|1769406774
|move|p1a: Rock Lobster|Protect|p1a: Rock Lobster
|-singleturn|p1a: Rock Lobster|Protect
|move|p2a: Greninja|Ice Beam|p1a: Rock Lobster
|-start|p2a: Greninja|typechange|Ice|[from] ability: Protean
|-activate|p1a: Rock Lobster|move: Protect
|
|-heal|p1a: Rock Lobster|85/100 tox|[from] ability: Poison Heal
|upkeep
|turn|11
|
|t:|1769406780
|switch|p2a: Gholdengo|Gholdengo|100/100
|-item|p2a: Gholdengo|Air Balloon
|switch|p1a: Flop|Alomomola, F|100/100
|
|upkeep
|turn|12
|
|t:|1769406789
|move|p2a: Gholdengo|Nasty Plot|p2a: Gholdengo
|-boost|p2a: Gholdengo|spa|2
|move|p1a: Flop|Mirror Coat||[still]
|-fail|p1a: Flop
|
|upkeep
|turn|13
|
|t:|1769406795
|move|p2a: Gholdengo|Thunderbolt|p1a: Flop
|-supereffective|p1a: Flop
|-damage|p1a: Flop|4/100
|move|p1a: Flop|Flip Turn|p2a: Gholdengo
|-damage|p2a: Gholdengo|82/100
|-enditem|p2a: Gholdengo|Air Balloon
|
|t:|1769406818
|switch|p1a: Guy|Porygon-Z|100/100|[from] Flip Turn
|
|upkeep
|turn|14
|
|t:|1769406831
|-terastallize|p1a: Guy|Ground
|move|p1a: Guy|Tera Blast|p2a: Gholdengo|[anim] Tera Blast Ground
|-supereffective|p2a: Gholdengo
|-damage|p2a: Gholdengo|0 fnt
|faint|p2a: Gholdengo
|
|upkeep
|
|t:|1769406840
|switch|p2a: Ribombee|Ribombee, F|100/100
|turn|15
|
|t:|1769406848
|switch|p1a: Rock Lobster|Gliscor, M|85/100 tox
|move|p2a: Ribombee|Quiver Dance|p2a: Ribombee
|-boost|p2a: Ribombee|spa|1
|-boost|p2a: Ribombee|spd|1
|-boost|p2a: Ribombee|spe|1
|
|-heal|p1a: Rock Lobster|97/100 tox|[from] ability: Poison Heal
|upkeep
|turn|16
|
|t:|1769406853
|move|p2a: Ribombee|Quiver Dance|p2a: Ribombee
|-boost|p2a: Ribombee|spa|1
|-boost|p2a: Ribombee|spd|1
|-boost|p2a: Ribombee|spe|1
|move|p1a: Rock Lobster|Facade|p2a: Ribombee
|-damage|p2a: Ribombee|18/100
|
|-heal|p1a: Rock Lobster|100/100 tox|[from] ability: Poison Heal
|upkeep
|turn|17
|
|t:|1769406862
|move|p2a: Ribombee|Stored Power|p1a: Rock Lobster
|-damage|p1a: Rock Lobster|0 fnt
|faint|p1a: Rock Lobster
|
|upkeep
|
|t:|1769406865
|switch|p1a: Kevin|Weavile, M|100/100
|-ability|p1a: Kevin|Pressure
|turn|18
|
|t:|1769406874
|move|p1a: Kevin|Ice Shard|p2a: Ribombee
|-damage|p2a: Ribombee|0 fnt
|faint|p2a: Ribombee
|
|upkeep
|
|t:|1769406878
|switch|p2a: Greninja|Greninja, M|81/100
|turn|19
|
|t:|1769406882
|switch|p1a: Flop|Alomomola, F|37/100
|move|p2a: Greninja|Surf|p1a: Flop
|-start|p2a: Greninja|typechange|Water|[from] ability: Protean
|-resisted|p1a: Flop
|-damage|p1a: Flop|20/100
|-damage|p2a: Greninja|71/100|[from] item: Life Orb
|
|-heal|p1a: Flop|26/100|[from] item: Leftovers
|upkeep
|turn|20
|
|t:|1769406887
|move|p2a: Greninja|Dark Pulse|p1a: Flop
|-damage|p1a: Flop|5/100
|-damage|p2a: Greninja|61/100|[from] item: Life Orb
|cant|p1a: Flop|flinch
|
|-heal|p1a: Flop|11/100|[from] item: Leftovers
|upkeep
|turn|21
|
|t:|1769406897
|switch|p1a: Guy|Porygon-Z, tera:Ground|100/100
|move|p2a: Greninja|U-turn|p1a: Guy
|-damage|p1a: Guy|73/100
|-damage|p2a: Greninja|52/100|[from] item: Life Orb
|
|t:|1769406901
|switch|p2a: Gliscor|Gliscor, F|100/100|[from] U-turn
|
|-status|p2a: Gliscor|tox|[from] item: Toxic Orb
|upkeep
|turn|22
|
|t:|1769406908
|switch|p1a: Kevin|Weavile, M|100/100
|-ability|p1a: Kevin|Pressure
|move|p2a: Gliscor|Swords Dance|p2a: Gliscor
|-boost|p2a: Gliscor|atk|2
|
|upkeep
|turn|23
|
|t:|1769406921
|-terastallize|p2a: Gliscor|Ghost
|move|p1a: Kevin|Icicle Crash|p2a: Gliscor
|-damage|p2a: Gliscor|62/100 tox
|move|p2a: Gliscor|Earthquake|p1a: Kevin
|-damage|p1a: Kevin|0 fnt
|faint|p1a: Kevin
|
|-heal|p2a: Gliscor|74/100 tox|[from] ability: Poison Heal
|upkeep
|
|t:|1769406929
|switch|p1a: Kiwi|Masquerain, M, shiny|1/100
|-ability|p1a: Kiwi|Intimidate|boost
|-unboost|p2a: Gliscor|atk|1
|turn|24
|
|t:|1769406939
|move|p1a: Kiwi|Haze|p1a: Kiwi
|-clearallboost
|move|p2a: Gliscor|Earthquake|p1a: Kiwi
|-immune|p1a: Kiwi
|
|-heal|p2a: Gliscor|86/100 tox|[from] ability: Poison Heal
|upkeep
|turn|25
|
|t:|1769406950
|move|p1a: Kiwi|Icy Wind|p2a: Gliscor
|-damage|p2a: Gliscor|64/100 tox
|-unboost|p2a: Gliscor|spe|1
|move|p2a: Gliscor|Swords Dance|p2a: Gliscor
|-boost|p2a: Gliscor|atk|2
|
|-heal|p2a: Gliscor|77/100 tox|[from] ability: Poison Heal
|upkeep
|turn|26
|
|t:|1769406967
|move|p1a: Kiwi|Icy Wind|p2a: Gliscor
|-damage|p2a: Gliscor|55/100 tox
|-unboost|p2a: Gliscor|spe|1
|move|p2a: Gliscor|Knock Off|p1a: Kiwi
|-damage|p1a: Kiwi|0 fnt
|faint|p1a: Kiwi
|
|-heal|p2a: Gliscor|67/100 tox|[from] ability: Poison Heal
|upkeep
|
|t:|1769406973
|switch|p1a: Guy|Porygon-Z, tera:Ground|73/100
|turn|27
|
|t:|1769406979
|move|p1a: Guy|Tera Blast|p2a: Gliscor|[anim] Tera Blast Ground
|-damage|p2a: Gliscor|0 fnt
|faint|p2a: Gliscor
|
|upkeep
|
|t:|1769406982
|switch|p2a: Greninja|Greninja, M|52/100
|turn|28
|
|t:|1769406990
|switch|p1a: Flop|Alomomola, F|44/100
|move|p2a: Greninja|Dark Pulse|p1a: Flop
|-start|p2a: Greninja|typechange|Dark|[from] ability: Protean
|-damage|p1a: Flop|9/100
|-damage|p2a: Greninja|42/100|[from] item: Life Orb
|
|-heal|p1a: Flop|15/100|[from] item: Leftovers
|upkeep
|turn|29
|
|t:|1769407003
|switch|p2a: Slowking|Slowking-Galar, M|100/100
|switch|p1a: Reginald III|Weezing-Galar, M|90/100
|
|upkeep
|turn|30
|
|t:|1769407010
|switch|p1a: Guy|Porygon-Z, tera:Ground|73/100
|move|p2a: Slowking|Future Sight|p1a: Guy
|-start|p2a: Slowking|move: Future Sight
|
|upkeep
|turn|31
|
|t:|1769407018
|move|p1a: Guy|Tera Blast|p2a: Slowking|[anim] Tera Blast Ground
|-supereffective|p2a: Slowking
|-damage|p2a: Slowking|27/100
|-prepare|p2a: Slowking|Chilly Reception|[premajor]
|move|p2a: Slowking|Chilly Reception|p2a: Slowking
|-weather|Snowscape
|
|t:|1769407021
|switch|p2a: Greninja|Greninja, M|42/100|[from] Chilly Reception
|
|-weather|Snowscape|[upkeep]
|upkeep
|turn|32
|
|t:|1769407027
|switch|p2a: Slowking|Slowking-Galar, M|60/100
|move|p1a: Guy|Tera Blast|p2a: Slowking|[anim] Tera Blast Ground
|-supereffective|p2a: Slowking
|-damage|p2a: Slowking|0 fnt
|faint|p2a: Slowking
|
|-weather|Snowscape|[upkeep]
|-end|p1a: Guy|move: Future Sight
|-damage|p1a: Guy|7/100
|upkeep
|
|t:|1769407033
|switch|p2a: Greninja|Greninja, M|42/100
|turn|33
|-message|bai9527 forfeited.
|
|win|ROTOM HammyHour
|raw|ROTOM HammyHour's rating: 1142 &rarr; <strong>1166</strong><br />(+24 for winning)
|raw|bai9527's rating: 1126 &rarr; <strong>1102</strong><br />(-24 for losing)
|l|☆bai9527
|player|p2|
|l|☆ROTOM HammyHour
|player|p1|
