|j|☆zabarudo25
|j|☆solrack117
|t:|1769341952
|gametype|singles
|player|p1|zabarudo25|hoopster|1282
|player|p2|solrack117|medium|1332
|gen|9
|tier|[Gen 9] OU
|rated|
|rule|HP Percentage Mod: HP is shown in percentages
|rule|Endless Battle Clause: Forcing endless battles is banned
|rule|Species Clause: Limit one of each Pokémon
|rule|OHKO Clause: OHKO moves are banned
|rule|Evasion Items Clause: Evasion items are banned
|rule|Evasion Moves Clause: Evasion moves are banned
|rule|Evasion Abilities Clause: Evasion abilities are banned
|rule|Sleep Moves Clause: Sleep-inducing moves are banned
|clearpoke
|poke|p1|Regidrago|
|poke|p1|Kyurem|
|poke|p1|Grimmsnarl, M|
|poke|p1|Dragonite, F|
|poke|p1|Great Tusk|
|poke|p1|Pecharunt|
|poke|p2|Garchomp, F|
|poke|p2|Umbreon, F|
|poke|p2|Mimikyu, F|
|poke|p2|Lycanroc-Dusk, M|
|poke|p2|Zoroark-Hisui, F|
|poke|p2|Corviknight, M|
|teampreview
|inactive|Battle timer is ON: inactive players will automatically lose when time's up. (requested by zabarudo25)
|
|t:|1769341967
|teamsize|p1|6
|teamsize|p2|6
|start
|switch|p1a: Grimmsnarl|Grimmsnarl, M|100/100
|switch|p2a: Lycanroc|Lycanroc-Dusk, M|100/100
|turn|1
|
|t:|1769341984
|move|p1a: Grimmsnarl|Reflect|p1a: Grimmsnarl
|-sidestart|p1: zabarudo25|Reflect
|move|p2a: Lycanroc|Taunt|p1a: Grimmsnarl
|-start|p1a: Grimmsnarl|move: Taunt
|
|upkeep
|turn|2
|
|t:|1769341998
|switch|p1a: Great Tusk|Great Tusk|100/100
|-enditem|p1a: Great Tusk|Booster Energy
|-activate|p1a: Great Tusk|ability: Protosynthesis|[fromitem]
|-start|p1a: Great Tusk|protosynthesisspe
|move|p2a: Lycanroc|Counter||[still]
|-fail|p2a: Lycanroc
|
|upkeep
|turn|3
|
|t:|1769342006
|move|p1a: Great Tusk|Stealth Rock|p2a: Lycanroc
|-sidestart|p2: solrack117|move: Stealth Rock
|move|p2a: Lycanroc|Counter||[still]
|-fail|p2a: Lycanroc
|
|upkeep
|turn|4
|
|t:|1769342011
|switch|p2a: Corviknight|Corviknight, M, shiny|100/100
|-damage|p2a: Corviknight|88/100|[from] Stealth Rock
|-ability|p2a: Corviknight|Pressure
|move|p1a: Great Tusk|Rapid Spin|p2a: Corviknight
|-resisted|p2a: Corviknight
|-damage|p2a: Corviknight|83/100
|-boost|p1a: Great Tusk|spe|1
|-damage|p1a: Great Tusk|84/100|[from] item: Rocky Helmet|[of] p2a: Corviknight
|
|upkeep
|turn|5
|
|t:|1769342025
|-end|p1a: Great Tusk|Protosynthesis|[silent]
|switch|p1a: Pecharunt|Pecharunt|100/100
|move|p2a: Corviknight|Defog|p1a: Pecharunt
|-unboost|p1a: Pecharunt|evasion|1
|-sideend|p1: zabarudo25|Reflect
|-sideend|p2: solrack117|Stealth Rock|[from] move: Defog|[of] p2a: Corviknight
|
|upkeep
|turn|6
|
|t:|1769342054
|move|p1a: Pecharunt|Nasty Plot|p1a: Pecharunt
|-boost|p1a: Pecharunt|spa|2
|move|p2a: Corviknight|Brave Bird|p1a: Pecharunt
|-damage|p1a: Pecharunt|76/100
|-damage|p2a: Corviknight|76/100|[from] Recoil
|
|-heal|p1a: Pecharunt|83/100|[from] item: Leftovers
|upkeep
|turn|7
|
|t:|1769342065
|move|p1a: Pecharunt|Shadow Ball|p2a: Corviknight
|-crit|p2a: Corviknight
|-damage|p2a: Corviknight|4/100
|-unboost|p2a: Corviknight|spd|1
|move|p2a: Corviknight|U-turn|p1a: Pecharunt
|-resisted|p1a: Pecharunt
|-damage|p1a: Pecharunt|80/100
|
|t:|1769342080
|switch|p2a: Garchomp|Garchomp, F, shiny|100/100|[from] U-turn
|
|-heal|p1a: Pecharunt|87/100|[from] item: Leftovers
|upkeep
|turn|8
|
|t:|1769342109
|switch|p1a: Great Tusk|Great Tusk|84/100
|move|p2a: Garchomp|Outrage|p1a: Great Tusk
|-damage|p1a: Great Tusk|37/100
|-damage|p2a: Garchomp|91/100|[from] item: Life Orb
|
|upkeep
|turn|9
|
|t:|1769342118
|-end|p1a: Great Tusk|Protosynthesis|[silent]
|switch|p1a: Grimmsnarl|Grimmsnarl, M|100/100
|move|p2a: Garchomp|Outrage|p1a: Grimmsnarl|[from] lockedmove
|-immune|p1a: Grimmsnarl
|-start|p2a: Garchomp|confusion|[fatigue]
|
|upkeep
|turn|10
|
|t:|1769342137
|switch|p2a: Corviknight|Corviknight, M, shiny|4/100
|-ability|p2a: Corviknight|Pressure
|move|p1a: Grimmsnarl|Reflect|p1a: Grimmsnarl
|-sidestart|p1: zabarudo25|Reflect
|
|upkeep
|turn|11
|
|t:|1769342143
|move|p2a: Corviknight|Roost|p2a: Corviknight
|-heal|p2a: Corviknight|54/100
|-singleturn|p2a: Corviknight|move: Roost
|move|p1a: Grimmsnarl|Spirit Break|p2a: Corviknight
|-resisted|p2a: Corviknight
|-crit|p2a: Corviknight
|-damage|p2a: Corviknight|40/100
|-unboost|p2a: Corviknight|spa|1
|-damage|p1a: Grimmsnarl|84/100|[from] item: Rocky Helmet|[of] p2a: Corviknight
|
|upkeep
|turn|12
|
|t:|1769342152
|move|p1a: Grimmsnarl|Parting Shot|p2a: Corviknight
|-unboost|p2a: Corviknight|atk|1
|-unboost|p2a: Corviknight|spa|1
|
|t:|1769342159
|switch|p1a: Pecharunt|Pecharunt|87/100|[from] Parting Shot
|move|p2a: Corviknight|Roost|p2a: Corviknight
|-heal|p2a: Corviknight|90/100
|-singleturn|p2a: Corviknight|move: Roost
|
|-heal|p1a: Pecharunt|93/100|[from] item: Leftovers
|upkeep
|turn|13
|
|t:|1769342168
|move|p1a: Pecharunt|Nasty Plot|p1a: Pecharunt
|-boost|p1a: Pecharunt|spa|2
|move|p2a: Corviknight|U-turn|p1a: Pecharunt
|-resisted|p1a: Pecharunt
|-damage|p1a: Pecharunt|92/100
|
|t:|1769342174
|switch|p2a: Garchomp|Garchomp, F, shiny|91/100|[from] U-turn
|
|-heal|p1a: Pecharunt|98/100|[from] item: Leftovers
|upkeep
|turn|14
|
|t:|1769342179
|move|p2a: Garchomp|Earthquake|p1a: Pecharunt
|-supereffective|p1a: Pecharunt
|-damage|p1a: Pecharunt|57/100
|-damage|p2a: Garchomp|81/100|[from] item: Life Orb
|move|p1a: Pecharunt|Shadow Ball|p2a: Garchomp
|-damage|p2a: Garchomp|27/100
|
|-heal|p1a: Pecharunt|64/100|[from] item: Leftovers
|upkeep
|turn|15
|
|t:|1769342190
|move|p2a: Garchomp|Earthquake|p1a: Pecharunt
|-supereffective|p1a: Pecharunt
|-damage|p1a: Pecharunt|20/100
|-damage|p2a: Garchomp|18/100|[from] item: Life Orb
|move|p1a: Pecharunt|Recover|p1a: Pecharunt
|-heal|p1a: Pecharunt|70/100
|
|-heal|p1a: Pecharunt|76/100|[from] item: Leftovers
|upkeep
|turn|16
|
|t:|1769342198
|move|p2a: Garchomp|Earthquake|p1a: Pecharunt
|-supereffective|p1a: Pecharunt
|-damage|p1a: Pecharunt|36/100
|-damage|p2a: Garchomp|8/100|[from] item: Life Orb
|move|p1a: Pecharunt|Recover|p1a: Pecharunt
|-heal|p1a: Pecharunt|87/100
|
|-heal|p1a: Pecharunt|93/100|[from] item: Leftovers
|upkeep
|turn|17
|
|t:|1769342214
|move|p2a: Garchomp|Earthquake|p1a: Pecharunt
|-supereffective|p1a: Pecharunt
|-damage|p1a: Pecharunt|50/100
|-damage|p2a: Garchomp|0 fnt|[from] item: Life Orb
|faint|p2a: Garchomp
|move|p1a: Pecharunt|Recover|p1a: Pecharunt
|-heal|p1a: Pecharunt|99/100
|
|-heal|p1a: Pecharunt|100/100|[from] item: Leftovers
|-sideend|p1: zabarudo25|Reflect
|upkeep
|
|t:|1769342231
|switch|p2a: Umbreon|Umbreon, F, shiny|100/100
|turn|18
|
|t:|1769342235
|move|p2a: Umbreon|Shadow Ball|p1a: Pecharunt
|-supereffective|p1a: Pecharunt
|-damage|p1a: Pecharunt|0 fnt
|faint|p1a: Pecharunt
|
|upkeep
|
|t:|1769342239
|switch|p1a: Grimmsnarl|Grimmsnarl, M|84/100
|turn|19
|
|t:|1769342245
|switch|p2a: Umbreon|Umbreon, F, shiny|100/100
|move|p1a: Grimmsnarl|Light Screen|p1a: Grimmsnarl
|-sidestart|p1: zabarudo25|move: Light Screen
|
|upkeep
|turn|20
|
|t:|1769342250
|move|p1a: Grimmsnarl|Reflect|p1a: Grimmsnarl
|-sidestart|p1: zabarudo25|Reflect
|move|p2a: Umbreon|Toxic|p1a: Grimmsnarl
|-status|p1a: Grimmsnarl|tox
|
|-damage|p1a: Grimmsnarl|78/100 tox|[from] psn
|upkeep
|turn|21
|
|t:|1769342258
|switch|p1a: Kyurem|Kyurem|100/100
|-ability|p1a: Kyurem|Pressure
|move|p2a: Umbreon|Wish|p2a: Umbreon
|
|upkeep
|turn|22
|
|t:|1769342264
|move|p1a: Kyurem|Dragon Dance|p1a: Kyurem
|-boost|p1a: Kyurem|atk|1
|-boost|p1a: Kyurem|spe|1
|move|p2a: Umbreon|Toxic|p1a: Kyurem
|-status|p1a: Kyurem|tox
|
|-damage|p1a: Kyurem|94/100 tox|[from] psn
|upkeep
|turn|23
|
|t:|1769342274
|move|p1a: Kyurem|Dragon Dance|p1a: Kyurem
|-boost|p1a: Kyurem|atk|1
|-boost|p1a: Kyurem|spe|1
|move|p2a: Umbreon|Wish|p2a: Umbreon
|
|-damage|p1a: Kyurem|82/100 tox|[from] psn
|upkeep
|turn|24
|
|t:|1769342280
|move|p1a: Kyurem|Dragon Dance|p1a: Kyurem
|-boost|p1a: Kyurem|atk|1
|-boost|p1a: Kyurem|spe|1
|move|p2a: Umbreon|Foul Play|p1a: Kyurem
|-damage|p1a: Kyurem|21/100 tox
|
|-damage|p1a: Kyurem|3/100 tox|[from] psn
|upkeep
|turn|25
|
|t:|1769342288
|move|p2a: Umbreon|Protect|p2a: Umbreon
|-singleturn|p2a: Umbreon|Protect
|move|p1a: Kyurem|Icicle Spear|p2a: Umbreon
|-activate|p2a: Umbreon|move: Protect
|
|-damage|p1a: Kyurem|0 fnt|[from] psn
|faint|p1a: Kyurem
|upkeep
|
|t:|1769342292
|switch|p1a: Regidrago|Regidrago|100/100
|turn|26
|
|t:|1769342303
|move|p1a: Regidrago|Dragon Dance|p1a: Regidrago
|-boost|p1a: Regidrago|atk|1
|-boost|p1a: Regidrago|spe|1
|move|p2a: Umbreon|Toxic|p1a: Regidrago
|-status|p1a: Regidrago|tox
|
|-damage|p1a: Regidrago|94/100 tox|[from] psn
|-sideend|p1: zabarudo25|move: Light Screen
|upkeep
|turn|27
|
|t:|1769342310
|move|p1a: Regidrago|Outrage|p2a: Umbreon
|-damage|p2a: Umbreon|0 fnt
|faint|p2a: Umbreon
|-damage|p1a: Regidrago|84/100 tox|[from] item: Life Orb
|
|-damage|p1a: Regidrago|72/100 tox|[from] psn
|-sideend|p1: zabarudo25|Reflect
|upkeep
|-message|zabarudo25 forfeited.
|
|win|solrack117
|raw|zabarudo25's rating: 1282 &rarr; <strong>1261</strong><br />(-21 for losing)
|raw|solrack117's rating: 1332 &rarr; <strong>1349</strong><br />(+17 for winning)
|l|☆zabarudo25
|player|p1|
|l|☆solrack117
|player|p2|
