|j|☆goofy baa
|j|☆19inchesofgarchomp
|t:|1769405086
|gametype|singles
|player|p1|goofy baa|furisodegirl-black|1352
|player|p2|19inchesofgarchomp|clerkf|1313
|gen|9
|tier|[Gen 9] OU
|rated|
|rule|HP Percentage Mod: HP is shown in percentages
|rule|Endless Battle Clause: Forcing endless battles is banned
|rule|Species Clause: Limit one of each Pokémon
|rule|OHKO Clause: OHKO moves are banned
|rule|Evasion Items Clause: Evasion items are banned
|rule|Evasion Moves Clause: Evasion moves are banned
|rule|Evasion Abilities Clause: Evasion abilities are banned
|rule|Sleep Moves Clause: Sleep-inducing moves are banned
|clearpoke
|poke|p1|Ninetales-Alola, M|
|poke|p1|Raging Bolt|
|poke|p1|Slowking-Galar, M|
|poke|p1|Beartic, M|
|poke|p1|Kyurem|
|poke|p1|Iron Treads|
|poke|p2|Great Tusk|
|poke|p2|Ogerpon-Wellspring, F|
|poke|p2|Corviknight, F|
|poke|p2|Iron Moth|
|poke|p2|Raging Bolt|
|poke|p2|Garganacl, M|
|teampreview
|inactive|Battle timer is ON: inactive players will automatically lose when time's up. (requested by goofy baa)
|inactive|19inchesofgarchomp has 120 seconds left.
|
|t:|1769405118
|teamsize|p1|6
|teamsize|p2|6
|start
|switch|p1a: Ninetales|Ninetales-Alola, M|100/100
|switch|p2a: Steven|Garganacl, M|100/100
|-weather|Snowscape|[from] ability: Snow Warning|[of] p1a: Ninetales
|turn|1
|
|t:|1769405125
|move|p1a: Ninetales|Aurora Veil|p1a: Ninetales
|-sidestart|p1: goofy baa|move: Aurora Veil
|move|p2a: Steven|Salt Cure|p1a: Ninetales
|-supereffective|p1a: Ninetales
|-damage|p1a: Ninetales|88/100
|-start|p1a: Ninetales|Salt Cure
|
|-weather|Snowscape|[upkeep]
|-damage|p1a: Ninetales|75/100|[from] Salt Cure
|upkeep
|turn|2
|
|t:|1769405136
|switch|p1a: Kyurem|Kyurem|100/100
|-ability|p1a: Kyurem|Pressure
|move|p2a: Steven|Curse|p2a: Steven
|-unboost|p2a: Steven|spe|1
|-boost|p2a: Steven|atk|1
|-boost|p2a: Steven|def|1
|
|-weather|Snowscape|[upkeep]
|upkeep
|turn|3
|
|t:|1769405156
|move|p1a: Kyurem|Blizzard|p2a: Steven
|-damage|p2a: Steven|19/100
|move|p2a: Steven|Salt Cure|p1a: Kyurem
|-supereffective|p1a: Kyurem
|-damage|p1a: Kyurem|88/100
|-start|p1a: Kyurem|Salt Cure
|
|-weather|Snowscape|[upkeep]
|-heal|p2a: Steven|25/100|[from] item: Leftovers
|-damage|p1a: Kyurem|76/100|[from] Salt Cure
|upkeep
|turn|4
|
|t:|1769405182
|switch|p2a: Terrence|Corviknight, F|100/100
|move|p1a: Kyurem|Blizzard|p2a: Terrence
|-damage|p2a: Terrence|21/100
|
|-weather|Snowscape|[upkeep]
|-damage|p1a: Kyurem|64/100|[from] Salt Cure
|upkeep
|turn|5
|
|t:|1769405188
|move|p1a: Kyurem|Blizzard|p2a: Terrence
|-damage|p2a: Terrence|0 fnt
|faint|p2a: Terrence
|
|-weather|none
|-damage|p1a: Kyurem|51/100|[from] Salt Cure
|upkeep
|
|t:|1769405195
|switch|p2a: Iron Maw|Iron Moth|100/100
|-enditem|p2a: Iron Maw|Booster Energy
|-activate|p2a: Iron Maw|ability: Quark Drive|[fromitem]
|-start|p2a: Iron Maw|quarkdrivespe
|turn|6
|
|t:|1769405200
|switch|p1a: Iron Treads|Iron Treads|100/100
|move|p2a: Iron Maw|Substitute|p2a: Iron Maw
|-start|p2a: Iron Maw|Substitute
|-damage|p2a: Iron Maw|76/100
|
|upkeep
|turn|7
|
|t:|1769405210
|-end|p1a: Iron Treads|Quark Drive|[silent]
|switch|p1a: Slowking|Slowking-Galar, M|100/100
|move|p2a: Iron Maw|Fiery Dance|p1a: Slowking
|-damage|p1a: Slowking|88/100
|
|upkeep
|turn|8
|
|t:|1769405215
|move|p2a: Iron Maw|Fiery Dance|p1a: Slowking
|-damage|p1a: Slowking|76/100
|-boost|p2a: Iron Maw|spa|1
|move|p1a: Slowking|Future Sight|p2a: Iron Maw
|-start|p1a: Slowking|move: Future Sight
|
|-sideend|p1: goofy baa|move: Aurora Veil
|upkeep
|turn|9
|
|t:|1769405223
|move|p2a: Iron Maw|Fiery Dance|p1a: Slowking
|-damage|p1a: Slowking|44/100
|-boost|p2a: Iron Maw|spa|1
|-prepare|p1a: Slowking|Chilly Reception|[premajor]
|move|p1a: Slowking|Chilly Reception|p1a: Slowking
|-weather|Snowscape
|
|t:|1769405233
|switch|p1a: Raging Bolt|Raging Bolt|100/100|[from] Chilly Reception
|-enditem|p1a: Raging Bolt|Booster Energy
|-activate|p1a: Raging Bolt|ability: Protosynthesis|[fromitem]
|-start|p1a: Raging Bolt|protosynthesisspa
|
|-weather|Snowscape|[upkeep]
|upkeep
|turn|10
|
|t:|1769405256
|move|p1a: Raging Bolt|Thunderclap|p2a: Iron Maw
|-end|p2a: Iron Maw|Substitute
|move|p2a: Iron Maw|Sludge Wave|p1a: Raging Bolt
|-damage|p1a: Raging Bolt|22/100
|
|-weather|Snowscape|[upkeep]
|-end|p2a: Iron Maw|move: Future Sight
|-supereffective|p2a: Iron Maw
|-damage|p2a: Iron Maw|0 fnt
|faint|p2a: Iron Maw
|-end|p2a: Iron Maw|Quark Drive|[silent]
|upkeep
|inactive|19inchesofgarchomp has 120 seconds left.
|
|t:|1769405274
|switch|p2a: Princess|Great Tusk|100/100
|turn|11
|
|t:|1769405279
|move|p2a: Princess|Knock Off|p1a: Raging Bolt
|-damage|p1a: Raging Bolt|4/100
|move|p1a: Raging Bolt|Weather Ball|p2a: Princess
|-supereffective|p2a: Princess
|-crit|p2a: Princess
|-damage|p2a: Princess|0 fnt
|faint|p2a: Princess
|-end|p2a: Princess|Protosynthesis|[silent]
|
|-weather|Snowscape|[upkeep]
|upkeep
|-message|19inchesofgarchomp forfeited.
|
|win|goofy baa
|raw|goofy baa's rating: 1352 &rarr; <strong>1370</strong><br />(+18 for winning)
|raw|19inchesofgarchomp's rating: 1313 &rarr; <strong>1295</strong><br />(-18 for losing)
|l|☆19inchesofgarchomp
|player|p2|
|l|☆goofy baa
|player|p1|
