|j|☆thefunbegins
|j|☆TransGirlHexManiac
|t:|1769354484
|gametype|singles
|player|p1|thefunbegins|veteran|1024
|player|p2|TransGirlHexManiac|wicke|1000
|gen|9
|tier|[Gen 9] OU
|rated|
|rule|HP Percentage Mod: HP is shown in percentages
|rule|Endless Battle Clause: Forcing endless battles is banned
|rule|Species Clause: Limit one of each Pokémon
|rule|OHKO Clause: OHKO moves are banned
|rule|Evasion Items Clause: Evasion items are banned
|rule|Evasion Moves Clause: Evasion moves are banned
|rule|Evasion Abilities Clause: Evasion abilities are banned
|rule|Sleep Moves Clause: Sleep-inducing moves are banned
|clearpoke
|poke|p1|Weezing, F|
|poke|p1|Iron Boulder|
|poke|p1|Empoleon, F|
|poke|p1|Cryogonal|
|poke|p1|Shiftry, M|
|poke|p1|Arbok, M|
|poke|p2|Mudsdale, M|
|poke|p2|Salazzle, F|
|poke|p2|Dragonite, F|
|poke|p2|Cinderace, F|
|poke|p2|Tsareena, F|
|poke|p2|Blaziken, F|
|teampreview
|
|t:|1769354493
|teamsize|p1|6
|teamsize|p2|6
|start
|switch|p1a: Shiftry|Shiftry, M|100/100
|switch|p2a: Im hex's Misstress|Tsareena, F|100/100
|turn|1
|
|t:|1769354497
|move|p2a: Im hex's Misstress|Triple Axel|p1a: Shiftry
|-supereffective|p1a: Shiftry
|-damage|p1a: Shiftry|79/100
|-supereffective|p1a: Shiftry
|-damage|p1a: Shiftry|33/100
|-supereffective|p1a: Shiftry
|-damage|p1a: Shiftry|0 fnt
|faint|p1a: Shiftry
|-hitcount|p1: Shiftry|3
|
|upkeep
|
|t:|1769354509
|switch|p1a: Arbok|Arbok, M|100/100
|turn|2
|
|t:|1769354512
|move|p2a: Im hex's Misstress|Knock Off|p1a: Arbok
|-damage|p1a: Arbok|55/100
|-enditem|p1a: Arbok|Loaded Dice|[from] move: Knock Off|[of] p2a: Im hex's Misstress
|move|p1a: Arbok|Coil|p1a: Arbok
|-boost|p1a: Arbok|atk|1
|-boost|p1a: Arbok|def|1
|-boost|p1a: Arbok|accuracy|1
|
|upkeep
|turn|3
|
|t:|1769354526
|move|p2a: Im hex's Misstress|Triple Axel|p1a: Arbok
|-damage|p1a: Arbok|49/100
|-damage|p1a: Arbok|37/100
|-hitcount|p1a: Arbok|2
|move|p1a: Arbok|Rest|p1a: Arbok
|-status|p1a: Arbok|slp|[from] move: Rest
|-heal|p1a: Arbok|100/100 slp|[silent]
|
|-activate|p1a: Arbok|ability: Shed Skin
|-curestatus|p1a: Arbok|slp|[msg]
|upkeep
|turn|4
|
|t:|1769354535
|switch|p2a: I own my trainer|Mudsdale, M|100/100
|move|p1a: Arbok|Coil|p1a: Arbok
|-boost|p1a: Arbok|atk|1
|-boost|p1a: Arbok|def|1
|-boost|p1a: Arbok|accuracy|1
|
|upkeep
|turn|5
|
|t:|1769354546
|-terastallize|p1a: Arbok|Dark
|move|p1a: Arbok|Coil|p1a: Arbok
|-boost|p1a: Arbok|atk|1
|-boost|p1a: Arbok|def|1
|-boost|p1a: Arbok|accuracy|1
|move|p2a: I own my trainer|Earthquake|p1a: Arbok
|-damage|p1a: Arbok|71/100
|
|upkeep
|turn|6
|
|t:|1769354556
|switch|p2a: Frida|Blaziken, F|100/100
|move|p1a: Arbok|Gunk Shot|p2a: Frida
|-damage|p2a: Frida|0 fnt
|faint|p2a: Frida
|
|upkeep
|
|t:|1769354560
|switch|p2a: Xyan|Dragonite, F|100/100
|turn|7
|
|t:|1769354563
|move|p2a: Xyan|Earthquake|p1a: Arbok
|-damage|p1a: Arbok|41/100
|move|p1a: Arbok|Scale Shot|p2a: Xyan
|-supereffective|p2a: Xyan
|-crit|p2a: Xyan
|-damage|p2a: Xyan|70/100
|-supereffective|p2a: Xyan
|-crit|p2a: Xyan
|-damage|p2a: Xyan|10/100
|-supereffective|p2a: Xyan
|-damage|p2a: Xyan|0 fnt
|faint|p2a: Xyan
|-hitcount|p2: Xyan|3
|-unboost|p1a: Arbok|def|1
|-boost|p1a: Arbok|spe|1
|
|upkeep
|
|t:|1769354568
|switch|p2a: Like what u see?|Salazzle, F|100/100
|turn|8
|
|t:|1769354577
|move|p2a: Like what u see?|Toxic|p1a: Arbok
|-status|p1a: Arbok|tox
|move|p1a: Arbok|Scale Shot|p2a: Like what u see?
|-damage|p2a: Like what u see?|67/100
|-damage|p2a: Like what u see?|37/100
|-damage|p2a: Like what u see?|3/100
|-hitcount|p2a: Like what u see?|3
|-unboost|p1a: Arbok|def|1
|-boost|p1a: Arbok|spe|1
|
|-activate|p1a: Arbok|ability: Shed Skin
|-curestatus|p1a: Arbok|tox|[msg]
|upkeep
|turn|9
|
|t:|1769354587
|move|p2a: Like what u see?|Toxic|p1a: Arbok
|-status|p1a: Arbok|tox
|move|p1a: Arbok|Gunk Shot|p2a: Like what u see?
|-resisted|p2a: Like what u see?
|-damage|p2a: Like what u see?|0 fnt
|faint|p2a: Like what u see?
|
|-activate|p1a: Arbok|ability: Shed Skin
|-curestatus|p1a: Arbok|tox|[msg]
|upkeep
|
|t:|1769354590
|switch|p2a: Cheese Feet|Cinderace, F|100/100
|turn|10
|
|t:|1769354593
|move|p2a: Cheese Feet|U-turn|p1a: Arbok
|-start|p2a: Cheese Feet|typechange|Bug|[from] ability: Libero
|-supereffective|p1a: Arbok
|-damage|p1a: Arbok|0 fnt
|faint|p1a: Arbok
|
|t:|1769354597
|switch|p2a: Im hex's Misstress|Tsareena, F|100/100|[from] U-turn
|
|upkeep
|
|t:|1769354605
|switch|p1a: Weezing|Weezing, F|100/100
|-ability|p1a: Weezing|Neutralizing Gas
|turn|11
|
|t:|1769354609
|move|p2a: Im hex's Misstress|Knock Off|p1a: Weezing
|-damage|p1a: Weezing|79/100
|-enditem|p1a: Weezing|Leftovers|[from] move: Knock Off|[of] p2a: Im hex's Misstress
|move|p1a: Weezing|Will-O-Wisp|p2a: Im hex's Misstress
|-status|p2a: Im hex's Misstress|brn
|
|-damage|p2a: Im hex's Misstress|95/100 brn|[from] brn
|upkeep
|turn|12
|
|t:|1769354617
|move|p2a: Im hex's Misstress|Triple Axel|p1a: Weezing
|-damage|p1a: Weezing|77/100
|-damage|p1a: Weezing|72/100
|-damage|p1a: Weezing|65/100
|-hitcount|p1a: Weezing|3
|move|p1a: Weezing|Sludge Bomb|p2a: Im hex's Misstress
|-supereffective|p2a: Im hex's Misstress
|-damage|p2a: Im hex's Misstress|24/100 brn
|
|-damage|p2a: Im hex's Misstress|18/100 brn|[from] brn
|upkeep
|turn|13
|
|t:|1769354633
|move|p2a: Im hex's Misstress|Power Whip|p1a: Weezing|[miss]
|-miss|p2a: Im hex's Misstress|p1a: Weezing
|move|p1a: Weezing|Sludge Bomb|p2a: Im hex's Misstress
|-supereffective|p2a: Im hex's Misstress
|-damage|p2a: Im hex's Misstress|0 fnt
|faint|p2a: Im hex's Misstress
|
|upkeep
|
|t:|1769354636
|switch|p2a: Cheese Feet|Cinderace, F|100/100
|turn|14
|
|t:|1769354641
|move|p2a: Cheese Feet|Pyro Ball|p1a: Weezing
|-damage|p1a: Weezing|30/100
|move|p1a: Weezing|Sludge Bomb|p2a: Cheese Feet
|-damage|p2a: Cheese Feet|64/100
|-status|p2a: Cheese Feet|psn
|
|-damage|p2a: Cheese Feet|52/100 psn|[from] psn
|upkeep
|turn|15
|
|t:|1769354646
|move|p2a: Cheese Feet|Pyro Ball|p1a: Weezing
|-damage|p1a: Weezing|0 fnt
|faint|p1a: Weezing
|-end|p1a: Weezing|ability: Neutralizing Gas
|
|-damage|p2a: Cheese Feet|40/100 psn|[from] psn
|upkeep
|
|t:|1769354650
|switch|p1a: Empoleon|Empoleon, F|100/100
|turn|16
|
|t:|1769354656
|move|p2a: Cheese Feet|U-turn|p1a: Empoleon
|-start|p2a: Cheese Feet|typechange|Bug|[from] ability: Libero
|-resisted|p1a: Empoleon
|-damage|p1a: Empoleon|84/100
|
|t:|1769354660
|switch|p2a: I own my trainer|Mudsdale, M|100/100|[from] U-turn
|move|p1a: Empoleon|Flip Turn|p2a: I own my trainer
|-supereffective|p2a: I own my trainer
|-damage|p2a: I own my trainer|71/100
|-ability|p2a: I own my trainer|Stamina|boost
|-boost|p2a: I own my trainer|def|1
|
|t:|1769354665
|switch|p1a: Cryogonal|Cryogonal|100/100|[from] Flip Turn
|
|-heal|p2a: I own my trainer|77/100|[from] item: Leftovers
|upkeep
|turn|17
|
|t:|1769354671
|-terastallize|p2a: I own my trainer|Water
|move|p1a: Cryogonal|Freeze-Dry|p2a: I own my trainer
|-supereffective|p2a: I own my trainer
|-damage|p2a: I own my trainer|25/100
|-ability|p2a: I own my trainer|Stamina|boost
|-boost|p2a: I own my trainer|def|1
|move|p2a: I own my trainer|Body Press|p1a: Cryogonal
|-supereffective|p1a: Cryogonal
|-damage|p1a: Cryogonal|0 fnt
|faint|p1a: Cryogonal
|
|-heal|p2a: I own my trainer|31/100|[from] item: Leftovers
|upkeep
|
|t:|1769354685
|switch|p1a: Iron Boulder|Iron Boulder|100/100
|turn|18
|
|t:|1769354692
|move|p1a: Iron Boulder|Mighty Cleave|p2a: I own my trainer
|-damage|p2a: I own my trainer|3/100
|-ability|p2a: I own my trainer|Stamina|boost
|-boost|p2a: I own my trainer|def|1
|move|p2a: I own my trainer|Body Press|p1a: Iron Boulder
|-damage|p1a: Iron Boulder|47/100
|
|-heal|p2a: I own my trainer|9/100|[from] item: Leftovers
|upkeep
|turn|19
|
|t:|1769354700
|move|p1a: Iron Boulder|Mighty Cleave|p2a: I own my trainer
|-damage|p2a: I own my trainer|0 fnt
|faint|p2a: I own my trainer
|
|upkeep
|
|t:|1769354703
|switch|p2a: Cheese Feet|Cinderace, F|40/100 psn
|turn|20
|
|t:|1769354708
|move|p2a: Cheese Feet|Sucker Punch|p1a: Iron Boulder
|-start|p2a: Cheese Feet|typechange|Dark|[from] ability: Libero
|-supereffective|p1a: Iron Boulder
|-damage|p1a: Iron Boulder|0 fnt
|faint|p1a: Iron Boulder
|-end|p1a: Iron Boulder|Quark Drive|[silent]
|
|-damage|p2a: Cheese Feet|27/100 psn|[from] psn
|upkeep
|
|t:|1769354711
|switch|p1a: Empoleon|Empoleon, F|84/100
|turn|21
|
|t:|1769354715
|move|p2a: Cheese Feet|U-turn|p1a: Empoleon
|-resisted|p1a: Empoleon
|-damage|p1a: Empoleon|73/100
|move|p1a: Empoleon|Surf|p2a: Cheese Feet
|-damage|p2a: Cheese Feet|0 fnt
|faint|p2a: Cheese Feet
|
|win|thefunbegins
|raw|thefunbegins's rating: 1024 &rarr; <strong>1058</strong><br />(+34 for winning)
|raw|TransGirlHexManiac's rating: 1000 &rarr; <strong>1000</strong><br />(+0 for losing)
|c|☆TransGirlHexManiac|Gg
|c|☆thefunbegins|Gg
|l|☆TransGirlHexManiac
|player|p2|
|l|☆thefunbegins
|player|p1|
|j|☆thefunbegins
|player|p1|thefunbegins|veteran|
