|j|☆Phillip Blevin
|j|☆pospo
|t:|1769409837
|gametype|singles
|player|p1|Phillip Blevin|265|1416
|player|p2|pospo|blaine|1383
|gen|9
|tier|[Gen 9] OU
|rated|
|rule|HP Percentage Mod: HP is shown in percentages
|rule|Endless Battle Clause: Forcing endless battles is banned
|rule|Species Clause: Limit one of each Pokémon
|rule|OHKO Clause: OHKO moves are banned
|rule|Evasion Items Clause: Evasion items are banned
|rule|Evasion Moves Clause: Evasion moves are banned
|rule|Evasion Abilities Clause: Evasion abilities are banned
|rule|Sleep Moves Clause: Sleep-inducing moves are banned
|clearpoke
|poke|p1|Iron Hands|
|poke|p1|Mandibuzz, F|
|poke|p1|Garganacl, F|
|poke|p1|Rillaboom, M|
|poke|p1|Alomomola, F|
|poke|p1|Tornadus-Therian, M|
|poke|p2|Hoopa-Unbound|
|poke|p2|Slowking-Galar, F|
|poke|p2|Alomomola, F|
|poke|p2|Zamazenta-*|
|poke|p2|Great Tusk|
|poke|p2|Kingambit, F|
|teampreview
|inactive|Battle timer is ON: inactive players will automatically lose when time's up. (requested by Phillip Blevin)
|
|t:|1769409843
|teamsize|p1|6
|teamsize|p2|6
|start
|switch|p1a: Tornadus|Tornadus-Therian, M|100/100
|switch|p2a: Slowking|Slowking-Galar, F|100/100
|turn|1
|
|t:|1769409848
|move|p1a: Tornadus|Knock Off|p2a: Slowking
|-supereffective|p2a: Slowking
|-damage|p2a: Slowking|57/100
|-enditem|p2a: Slowking|Heavy-Duty Boots|[from] move: Knock Off|[of] p1a: Tornadus
|move|p2a: Slowking|Future Sight|p1a: Tornadus
|-start|p2a: Slowking|move: Future Sight
|
|upkeep
|turn|2
|
|t:|1769409850
|move|p1a: Tornadus|U-turn|p2a: Slowking
|-damage|p2a: Slowking|43/100
|
|t:|1769409853
|switch|p1a: Alomomola|Alomomola, F|100/100|[from] U-turn
|-prepare|p2a: Slowking|Chilly Reception|[premajor]
|move|p2a: Slowking|Chilly Reception|p2a: Slowking
|-weather|Snowscape
|
|t:|1769409856
|switch|p2a: Hoopa|Hoopa-Unbound|100/100|[from] Chilly Reception
|
|-weather|Snowscape|[upkeep]
|upkeep
|turn|3
|
|t:|1769409866
|move|p2a: Hoopa|Knock Off|p1a: Alomomola
|-damage|p1a: Alomomola|49/100
|-enditem|p1a: Alomomola|Heavy-Duty Boots|[from] move: Knock Off|[of] p2a: Hoopa
|move|p1a: Alomomola|Flip Turn|p2a: Hoopa
|-damage|p2a: Hoopa|70/100
|
|t:|1769409875
|switch|p1a: Mandibuzz|Mandibuzz, F|100/100|[from] Flip Turn
|
|-weather|Snowscape|[upkeep]
|-end|p1a: Mandibuzz|move: Future Sight
|-immune|p1a: Mandibuzz
|upkeep
|turn|4
|
|t:|1769409882
|switch|p2a: Alomomola|Alomomola, F|100/100
|switch|p1a: Alomomola|Alomomola, F|83/100
|
|-weather|Snowscape|[upkeep]
|upkeep
|turn|5
|
|t:|1769409887
|move|p1a: Alomomola|Wish|p1a: Alomomola
|move|p2a: Alomomola|Wish|p2a: Alomomola
|
|-weather|Snowscape|[upkeep]
|upkeep
|turn|6
|
|t:|1769409889
|move|p2a: Alomomola|Flip Turn|p1a: Alomomola
|-resisted|p1a: Alomomola
|-damage|p1a: Alomomola|78/100
|
|t:|1769409892
|switch|p2a: Hoopa|Hoopa-Unbound|70/100|[from] Flip Turn
|move|p1a: Alomomola|Flip Turn|p2a: Hoopa
|-damage|p2a: Hoopa|41/100
|
|t:|1769409898
|switch|p1a: Tornadus|Tornadus-Therian, M|100/100|[from] Flip Turn
|
|-weather|none
|-heal|p2a: Hoopa|100/100|[from] move: Wish|[wisher] Alomomola
|upkeep
|turn|7
|
|t:|1769409905
|switch|p2a: Slowking|Slowking-Galar, F|76/100
|move|p1a: Tornadus|U-turn|p2a: Slowking
|-damage|p2a: Slowking|61/100
|
|t:|1769409908
|switch|p1a: Garganacl|Garganacl, F|100/100|[from] U-turn
|
|upkeep
|turn|8
|
|t:|1769409911
|move|p1a: Garganacl|Stealth Rock|p2a: Slowking
|-sidestart|p2: pospo|move: Stealth Rock
|move|p2a: Slowking|Future Sight|p1a: Garganacl
|-start|p2a: Slowking|move: Future Sight
|
|upkeep
|turn|9
|
|t:|1769409915
|switch|p1a: Tornadus|Tornadus-Therian, M|100/100
|-prepare|p2a: Slowking|Chilly Reception|[premajor]
|move|p2a: Slowking|Chilly Reception|p2a: Slowking
|-weather|Snowscape
|
|t:|1769409925
|switch|p2a: Great Tusk|Great Tusk|100/100|[from] Chilly Reception
|
|-weather|Snowscape|[upkeep]
|upkeep
|turn|10
|
|t:|1769409928
|move|p1a: Tornadus|U-turn|p2a: Great Tusk
|-resisted|p2a: Great Tusk
|-damage|p2a: Great Tusk|95/100
|
|t:|1769409930
|switch|p1a: Mandibuzz|Mandibuzz, F|100/100|[from] U-turn
|move|p2a: Great Tusk|Rapid Spin|p1a: Mandibuzz
|-damage|p1a: Mandibuzz|91/100
|-boost|p2a: Great Tusk|spe|1
|-sideend|p2: pospo|Stealth Rock|[from] move: Rapid Spin|[of] p2a: Great Tusk
|
|-weather|Snowscape|[upkeep]
|-end|p1a: Mandibuzz|move: Future Sight
|-immune|p1a: Mandibuzz
|upkeep
|turn|11
|
|t:|1769409939
|switch|p1a: Alomomola|Alomomola, F|100/100
|move|p2a: Great Tusk|Stealth Rock|p1a: Alomomola
|-sidestart|p1: Phillip Blevin|move: Stealth Rock
|
|-weather|Snowscape|[upkeep]
|upkeep
|turn|12
|
|t:|1769409946
|-end|p2a: Great Tusk|Protosynthesis|[silent]
|switch|p2a: Slowking|Slowking-Galar, F|94/100
|move|p1a: Alomomola|Scald|p2a: Slowking
|-damage|p2a: Slowking|86/100
|-status|p2a: Slowking|brn
|
|-weather|Snowscape|[upkeep]
|-damage|p2a: Slowking|80/100 brn|[from] brn
|upkeep
|turn|13
|
|t:|1769409950
|move|p1a: Alomomola|Flip Turn|p2a: Slowking
|-damage|p2a: Slowking|62/100 brn
|
|t:|1769409953
|switch|p1a: Iron Hands|Iron Hands|100/100|[from] Flip Turn
|-damage|p1a: Iron Hands|94/100|[from] Stealth Rock
|move|p2a: Slowking|Future Sight|p1a: Iron Hands
|-start|p2a: Slowking|move: Future Sight
|
|-weather|none
|-damage|p2a: Slowking|55/100 brn|[from] brn
|upkeep
|turn|14
|
|t:|1769409958
|move|p1a: Iron Hands|Earthquake|p2a: Slowking
|-supereffective|p2a: Slowking
|-damage|p2a: Slowking|0 fnt
|faint|p2a: Slowking
|
|upkeep
|
|t:|1769409970
|switch|p2a: Hoopa|Hoopa-Unbound|100/100
|turn|15
|
|t:|1769409980
|move|p2a: Hoopa|Hyperspace Fury|p1a: Iron Hands
|-resisted|p1a: Iron Hands
|-damage|p1a: Iron Hands|59/100
|-unboost|p2a: Hoopa|def|1
|move|p1a: Iron Hands|Supercell Slam|p2a: Hoopa
|-damage|p2a: Hoopa|0 fnt
|faint|p2a: Hoopa
|
|-end|p1a: Iron Hands|move: Future Sight
|-supereffective|p1a: Iron Hands
|-damage|p1a: Iron Hands|8/100
|upkeep
|
|t:|1769409989
|switch|p2a: Great Tusk|Great Tusk|95/100
|turn|16
|
|t:|1769409993
|-end|p1a: Iron Hands|Quark Drive|[silent]
|switch|p1a: Alomomola|Alomomola, F|100/100
|-damage|p1a: Alomomola|88/100|[from] Stealth Rock
|move|p2a: Great Tusk|Rapid Spin|p1a: Alomomola
|-damage|p1a: Alomomola|79/100
|-boost|p2a: Great Tusk|spe|1
|
|upkeep
|turn|17
|
|t:|1769410001
|move|p2a: Great Tusk|Headlong Rush|p1a: Alomomola
|-damage|p1a: Alomomola|45/100
|-unboost|p2a: Great Tusk|def|1
|-unboost|p2a: Great Tusk|spd|1
|move|p1a: Alomomola|Scald|p2a: Great Tusk
|-supereffective|p2a: Great Tusk
|-damage|p2a: Great Tusk|32/100
|
|upkeep
|turn|18
|
|t:|1769410011
|-end|p2a: Great Tusk|Protosynthesis|[silent]
|switch|p2a: Alomomola|Alomomola, F|100/100
|move|p1a: Alomomola|Wish|p1a: Alomomola
|
|upkeep
|turn|19
|
|t:|1769410014
|move|p1a: Alomomola|Flip Turn|p2a: Alomomola
|-resisted|p2a: Alomomola
|-damage|p2a: Alomomola|95/100
|
|t:|1769410016
|switch|p1a: Iron Hands|Iron Hands|8/100|[from] Flip Turn
|-damage|p1a: Iron Hands|2/100|[from] Stealth Rock
|move|p2a: Alomomola|Wish|p2a: Alomomola
|
|-heal|p1a: Iron Hands|62/100|[from] move: Wish|[wisher] Alomomola
|upkeep
|turn|20
|
|t:|1769410035
|move|p1a: Iron Hands|Drain Punch|p2a: Alomomola
|-damage|p2a: Alomomola|70/100
|-heal|p1a: Iron Hands|75/100|[from] drain|[of] p2a: Alomomola
|move|p2a: Alomomola|Flip Turn|p1a: Iron Hands
|-damage|p1a: Iron Hands|63/100
|
|t:|1769410038
|switch|p2a: Great Tusk|Great Tusk|32/100|[from] Flip Turn
|
|-heal|p2a: Great Tusk|95/100|[from] move: Wish|[wisher] Alomomola
|upkeep
|turn|21
|
|t:|1769410042
|-end|p1a: Iron Hands|Quark Drive|[silent]
|switch|p1a: Alomomola|Alomomola, F|79/100
|-damage|p1a: Alomomola|66/100|[from] Stealth Rock
|move|p2a: Great Tusk|Headlong Rush|p1a: Alomomola
|-damage|p1a: Alomomola|31/100
|-unboost|p2a: Great Tusk|def|1
|-unboost|p2a: Great Tusk|spd|1
|
|upkeep
|turn|22
|
|t:|1769410045
|move|p1a: Alomomola|Protect|p1a: Alomomola
|-singleturn|p1a: Alomomola|Protect
|move|p2a: Great Tusk|Headlong Rush|p1a: Alomomola
|-activate|p1a: Alomomola|move: Protect
|
|upkeep
|turn|23
|
|t:|1769410047
|switch|p1a: Tornadus|Tornadus-Therian, M|100/100
|move|p2a: Great Tusk|Headlong Rush|p1a: Tornadus
|-immune|p1a: Tornadus
|
|upkeep
|turn|24
|
|t:|1769410052
|-end|p2a: Great Tusk|Protosynthesis|[silent]
|switch|p2a: Alomomola|Alomomola, F|100/100
|move|p1a: Tornadus|Knock Off|p2a: Alomomola
|-damage|p2a: Alomomola|88/100
|-enditem|p2a: Alomomola|Heavy-Duty Boots|[from] move: Knock Off|[of] p1a: Tornadus
|
|upkeep
|turn|25
|
|t:|1769410055
|move|p1a: Tornadus|U-turn|p2a: Alomomola
|-damage|p2a: Alomomola|79/100
|
|t:|1769410056
|switch|p1a: Alomomola|Alomomola, F|64/100|[from] U-turn
|-damage|p1a: Alomomola|52/100|[from] Stealth Rock
|move|p2a: Alomomola|Flip Turn|p1a: Alomomola
|-resisted|p1a: Alomomola
|-damage|p1a: Alomomola|48/100
|
|t:|1769410062
|switch|p2a: Great Tusk|Great Tusk|95/100|[from] Flip Turn
|
|upkeep
|turn|26
|
|t:|1769410065
|move|p1a: Alomomola|Protect|p1a: Alomomola
|-singleturn|p1a: Alomomola|Protect
|move|p2a: Great Tusk|Headlong Rush|p1a: Alomomola
|-activate|p1a: Alomomola|move: Protect
|
|upkeep
|turn|27
|
|t:|1769410068
|move|p2a: Great Tusk|Rapid Spin|p1a: Alomomola
|-damage|p1a: Alomomola|39/100
|-boost|p2a: Great Tusk|spe|1
|move|p1a: Alomomola|Wish|p1a: Alomomola
|
|upkeep
|turn|28
|
|t:|1769410078
|move|p2a: Great Tusk|Headlong Rush|p1a: Alomomola
|-crit|p1a: Alomomola
|-damage|p1a: Alomomola|0 fnt
|-unboost|p2a: Great Tusk|def|1
|-unboost|p2a: Great Tusk|spd|1
|faint|p1a: Alomomola
|
|upkeep
|
|t:|1769410082
|switch|p1a: Rillaboom|Rillaboom, M|100/100
|-damage|p1a: Rillaboom|88/100|[from] Stealth Rock
|-fieldstart|move: Grassy Terrain|[from] ability: Grassy Surge|[of] p1a: Rillaboom
|turn|29
|
|t:|1769410088
|-end|p2a: Great Tusk|Protosynthesis|[silent]
|switch|p2a: Zamazenta|Zamazenta|100/100
|-ability|p2a: Zamazenta|Dauntless Shield|boost
|-boost|p2a: Zamazenta|def|1
|move|p1a: Rillaboom|U-turn|p2a: Zamazenta
|-resisted|p2a: Zamazenta
|-crit|p2a: Zamazenta
|-damage|p2a: Zamazenta|87/100
|
|t:|1769410093
|switch|p1a: Tornadus|Tornadus-Therian, M|100/100|[from] U-turn
|
|-heal|p2a: Zamazenta|93/100|[from] Grassy Terrain
|-heal|p2a: Zamazenta|99/100|[from] item: Leftovers
|upkeep
|turn|30
|
|t:|1769410103
|-terastallize|p2a: Zamazenta|Steel
|move|p2a: Zamazenta|Iron Defense|p2a: Zamazenta
|-boost|p2a: Zamazenta|def|2
|move|p1a: Tornadus|Bleakwind Storm|p2a: Zamazenta
|-resisted|p2a: Zamazenta
|-damage|p2a: Zamazenta|84/100
|-unboost|p2a: Zamazenta|spe|1
|
|-heal|p2a: Zamazenta|90/100|[from] Grassy Terrain
|-heal|p2a: Zamazenta|96/100|[from] item: Leftovers
|upkeep
|turn|31
|
|t:|1769410113
|move|p1a: Tornadus|Heat Wave|p2a: Zamazenta
|-supereffective|p2a: Zamazenta
|-damage|p2a: Zamazenta|52/100
|move|p2a: Zamazenta|Body Press|p1a: Tornadus
|-resisted|p1a: Tornadus
|-damage|p1a: Tornadus|50/100
|
|-heal|p2a: Zamazenta|58/100|[from] Grassy Terrain
|-heal|p2a: Zamazenta|64/100|[from] item: Leftovers
|upkeep
|turn|32
|
|t:|1769410117
|move|p1a: Tornadus|U-turn|p2a: Zamazenta
|-resisted|p2a: Zamazenta
|-damage|p2a: Zamazenta|62/100
|
|t:|1769410119
|switch|p1a: Iron Hands|Iron Hands|63/100|[from] U-turn
|-damage|p1a: Iron Hands|57/100|[from] Stealth Rock
|move|p2a: Zamazenta|Body Press|p1a: Iron Hands
|-crit|p1a: Iron Hands
|-damage|p1a: Iron Hands|0 fnt
|faint|p1a: Iron Hands
|-end|p1a: Iron Hands|Quark Drive|[silent]
|
|-heal|p2a: Zamazenta|68/100|[from] Grassy Terrain
|-heal|p2a: Zamazenta|74/100|[from] item: Leftovers
|upkeep
|
|t:|1769410122
|switch|p1a: Garganacl|Garganacl, F|100/100
|-damage|p1a: Garganacl|88/100|[from] Stealth Rock
|turn|33
|
|t:|1769410125
|-terastallize|p1a: Garganacl|Water
|move|p2a: Zamazenta|Body Press|p1a: Garganacl
|-damage|p1a: Garganacl|23/100
|move|p1a: Garganacl|Iron Defense|p1a: Garganacl
|-boost|p1a: Garganacl|def|2
|
|-heal|p2a: Zamazenta|80/100|[from] Grassy Terrain
|-heal|p2a: Zamazenta|86/100|[from] item: Leftovers
|-heal|p1a: Garganacl|29/100|[from] Grassy Terrain
|-heal|p1a: Garganacl|35/100|[from] item: Leftovers
|upkeep
|turn|34
|
|t:|1769410127
|move|p1a: Garganacl|Recover|p1a: Garganacl
|-heal|p1a: Garganacl|85/100
|move|p2a: Zamazenta|Roar|p1a: Garganacl
|drag|p1a: Rillaboom|Rillaboom, M|88/100
|-damage|p1a: Rillaboom|75/100|[from] Stealth Rock
|
|-heal|p2a: Zamazenta|92/100|[from] Grassy Terrain
|-heal|p2a: Zamazenta|98/100|[from] item: Leftovers
|-heal|p1a: Rillaboom|82/100|[from] Grassy Terrain
|upkeep
|turn|35
|
|t:|1769410130
|move|p2a: Zamazenta|Body Press|p1a: Rillaboom
|-crit|p1a: Rillaboom
|-damage|p1a: Rillaboom|0 fnt
|faint|p1a: Rillaboom
|
|-heal|p2a: Zamazenta|100/100|[from] Grassy Terrain
|upkeep
|
|t:|1769410133
|switch|p1a: Garganacl|Garganacl, F, tera:Water|85/100
|-damage|p1a: Garganacl|73/100|[from] Stealth Rock
|turn|36
|
|t:|1769410135
|move|p2a: Zamazenta|Body Press|p1a: Garganacl
|-damage|p1a: Garganacl|5/100
|move|p1a: Garganacl|Salt Cure|p2a: Zamazenta
|-resisted|p2a: Zamazenta
|-damage|p2a: Zamazenta|98/100
|-start|p2a: Zamazenta|Salt Cure
|
|-heal|p2a: Zamazenta|100/100|[from] Grassy Terrain
|-heal|p1a: Garganacl|11/100|[from] Grassy Terrain
|-heal|p1a: Garganacl|17/100|[from] item: Leftovers
|-damage|p2a: Zamazenta|76/100|[from] Salt Cure
|-fieldend|move: Grassy Terrain
|upkeep
|turn|37
|
|t:|1769410138
|move|p2a: Zamazenta|Body Press|p1a: Garganacl
|-damage|p1a: Garganacl|0 fnt
|faint|p1a: Garganacl
|
|-heal|p2a: Zamazenta|82/100|[from] item: Leftovers
|-damage|p2a: Zamazenta|57/100|[from] Salt Cure
|upkeep
|-message|Phillip Blevin forfeited.
|
|win|pospo
|raw|Phillip Blevin's rating: 1416 &rarr; <strong>1394</strong><br />(-22 for losing)
|raw|pospo's rating: 1383 &rarr; <strong>1405</strong><br />(+22 for winning)
