|j|☆DerDonPorrello
|j|☆BIG NlGER RAPlST
|t:|1769339858
|gametype|singles
|player|p1|DerDonPorrello|hiker-gen4|1200
|player|p2|BIG NlGER RAPlST|101|1205
|gen|9
|tier|[Gen 9] OU
|rated|
|rule|HP Percentage Mod: HP is shown in percentages
|rule|Endless Battle Clause: Forcing endless battles is banned
|rule|Species Clause: Limit one of each Pokémon
|rule|OHKO Clause: OHKO moves are banned
|rule|Evasion Items Clause: Evasion items are banned
|rule|Evasion Moves Clause: Evasion moves are banned
|rule|Evasion Abilities Clause: Evasion abilities are banned
|rule|Sleep Moves Clause: Sleep-inducing moves are banned
|clearpoke
|poke|p1|Zamazenta-*|
|poke|p1|Empoleon, M|
|poke|p1|Hydrapple, M|
|poke|p1|Ninetales, F|
|poke|p1|Hitmontop, M|
|poke|p1|Lilligant-Hisui, F|
|poke|p2|Barraskewda, M|
|poke|p2|Iron Treads|
|poke|p2|Hatterene, F|
|poke|p2|Zapdos|
|poke|p2|Pelipper, F|
|poke|p2|Toxicroak, M|
|teampreview
|
|t:|1769339864
|teamsize|p1|6
|teamsize|p2|6
|start
|switch|p1a: Empoleon|Empoleon, M|100/100
|switch|p2a: Pelipper|Pelipper, F, shiny|100/100
|-weather|RainDance|[from] ability: Drizzle|[of] p2a: Pelipper
|turn|1
|
|t:|1769339873
|move|p1a: Empoleon|Surf|p2a: Pelipper
|-resisted|p2a: Pelipper
|-damage|p2a: Pelipper|70/100
|move|p2a: Pelipper|U-turn|p1a: Empoleon
|-resisted|p1a: Empoleon
|-damage|p1a: Empoleon|96/100
|
|t:|1769339877
|switch|p2a: Zapdos|Zapdos, shiny|100/100|[from] U-turn
|
|-weather|RainDance|[upkeep]
|-heal|p1a: Empoleon|100/100|[from] item: Leftovers
|upkeep
|turn|2
|
|t:|1769339888
|switch|p1a: Ninetales|Ninetales, F|100/100
|-weather|SunnyDay|[from] ability: Drought|[of] p1a: Ninetales
|move|p2a: Zapdos|Volt Switch|p1a: Ninetales
|-damage|p1a: Ninetales|52/100
|
|t:|1769339895
|switch|p2a: Pelipper|Pelipper, F, shiny|70/100|[from] Volt Switch
|-weather|RainDance|[from] ability: Drizzle|[of] p2a: Pelipper
|
|-weather|RainDance|[upkeep]
|upkeep
|turn|3
|
|t:|1769339903
|switch|p1a: Empoleon|Empoleon, M|100/100
|move|p2a: Pelipper|U-turn|p1a: Empoleon
|-resisted|p1a: Empoleon
|-damage|p1a: Empoleon|96/100
|
|t:|1769339906
|switch|p2a: Zapdos|Zapdos, shiny|100/100|[from] U-turn
|
|-weather|RainDance|[upkeep]
|-heal|p1a: Empoleon|100/100|[from] item: Leftovers
|upkeep
|turn|4
|
|t:|1769339913
|move|p2a: Zapdos|Volt Switch|p1a: Empoleon
|-supereffective|p1a: Empoleon
|-damage|p1a: Empoleon|0 fnt
|faint|p1a: Empoleon
|
|t:|1769339917
|switch|p2a: Barraskewda|Barraskewda, M, shiny|100/100|[from] Volt Switch
|
|-weather|RainDance|[upkeep]
|upkeep
|
|t:|1769339924
|switch|p1a: Zamazenta|Zamazenta|100/100
|-ability|p1a: Zamazenta|Dauntless Shield|boost
|-boost|p1a: Zamazenta|def|1
|turn|5
|
|t:|1769339928
|move|p2a: Barraskewda|Flip Turn|p1a: Zamazenta
|-damage|p1a: Zamazenta|54/100
|
|t:|1769339931
|switch|p2a: Toxicroak|Toxicroak, M, shiny|100/100|[from] Flip Turn
|move|p1a: Zamazenta|Close Combat|p2a: Toxicroak
|-resisted|p2a: Toxicroak
|-damage|p2a: Toxicroak|63/100
|-unboost|p1a: Zamazenta|def|1
|-unboost|p1a: Zamazenta|spd|1
|-damage|p1a: Zamazenta|38/100|[from] item: Rocky Helmet|[of] p2a: Toxicroak
|
|-weather|RainDance|[upkeep]
|-heal|p2a: Toxicroak|76/100|[from] ability: Dry Skin
|upkeep
|turn|6
|
|t:|1769339943
|switch|p1a: Hitmontop|Hitmontop, M|100/100
|-ability|p1a: Hitmontop|Intimidate|boost
|-unboost|p2a: Toxicroak|atk|1
|move|p2a: Toxicroak|Toxic|p1a: Hitmontop
|-status|p1a: Hitmontop|tox
|
|-weather|RainDance|[upkeep]
|-heal|p2a: Toxicroak|88/100|[from] ability: Dry Skin
|-damage|p1a: Hitmontop|94/100 tox|[from] psn
|upkeep
|turn|7
|
|t:|1769339957
|switch|p2a: Hatterene|Hatterene, F, shiny|100/100
|switch|p1a: Ninetales|Ninetales, F|52/100
|-weather|SunnyDay|[from] ability: Drought|[of] p1a: Ninetales
|
|-weather|SunnyDay|[upkeep]
|upkeep
|turn|8
|
|t:|1769339965
|switch|p2a: Pelipper|Pelipper, F, shiny|70/100
|-weather|RainDance|[from] ability: Drizzle|[of] p2a: Pelipper
|move|p1a: Ninetales|Weather Ball|p2a: Pelipper
|-resisted|p2a: Pelipper
|-damage|p2a: Pelipper|55/100
|
|-weather|RainDance|[upkeep]
|upkeep
|turn|9
|-message|DerDonPorrello forfeited.
|
|win|BIG NlGER RAPlST
|raw|DerDonPorrello's rating: 1200 &rarr; <strong>1175</strong><br />(-25 for losing)
|raw|BIG NlGER RAPlST's rating: 1205 &rarr; <strong>1230</strong><br />(+25 for winning)
|l|☆DerDonPorrello
|player|p1|
