|j|☆Shidoka14
|j|☆schtarwors
|t:|1769336667
|gametype|singles
|player|p1|Shidoka14|palmer|1292
|player|p2|schtarwors|265|1426
|gen|9
|tier|[Gen 9] OU
|rated|
|rule|HP Percentage Mod: HP is shown in percentages
|rule|Endless Battle Clause: Forcing endless battles is banned
|rule|Species Clause: Limit one of each Pokémon
|rule|OHKO Clause: OHKO moves are banned
|rule|Evasion Items Clause: Evasion items are banned
|rule|Evasion Moves Clause: Evasion moves are banned
|rule|Evasion Abilities Clause: Evasion abilities are banned
|rule|Sleep Moves Clause: Sleep-inducing moves are banned
|clearpoke
|poke|p1|Cinderace, M|
|poke|p1|Gengar, M|
|poke|p1|Kingambit, M|
|poke|p1|Clodsire, F|
|poke|p1|Corviknight, F|
|poke|p1|Latias, F|
|poke|p2|Walking Wake|
|poke|p2|Hatterene, F|
|poke|p2|Ninetales, M|
|poke|p2|Great Tusk|
|poke|p2|Ceruledge, F|
|poke|p2|Comfey, M|
|teampreview
|inactive|Battle timer is ON: inactive players will automatically lose when time's up. (requested by schtarwors)
|
|t:|1769336673
|teamsize|p1|6
|teamsize|p2|6
|start
|switch|p1a: Paul McCartney|Gengar, M, shiny|100/100
|switch|p2a: Ninetales|Ninetales, M, shiny|100/100
|-weather|SunnyDay|[from] ability: Drought|[of] p2a: Ninetales
|turn|1
|
|t:|1769336696
|switch|p2a: Hatterene|Hatterene, F, shiny|100/100
|move|p1a: Paul McCartney|Shadow Ball|p2a: Hatterene
|-supereffective|p2a: Hatterene
|-damage|p2a: Hatterene|11/100
|-enditem|p2a: Hatterene|Eject Button
|inactive|schtarwors has 120 seconds left.
|
|t:|1769336734
|switch|p2a: Comfey|Comfey, M|100/100
|
|-weather|SunnyDay|[upkeep]
|upkeep
|turn|2
|
|t:|1769336742
|-terastallize|p2a: Comfey|Water
|move|p1a: Paul McCartney|Sludge Wave|p2a: Comfey
|-damage|p2a: Comfey|54/100
|move|p2a: Comfey|Growth|p2a: Comfey
|-boost|p2a: Comfey|atk|2
|-boost|p2a: Comfey|spa|2
|
|-weather|SunnyDay|[upkeep]
|upkeep
|turn|3
|
|t:|1769336753
|move|p1a: Paul McCartney|Shadow Ball|p2a: Comfey
|-damage|p2a: Comfey|9/100
|-unboost|p2a: Comfey|spd|1
|move|p2a: Comfey|Growth|p2a: Comfey
|-boost|p2a: Comfey|atk|2
|-boost|p2a: Comfey|spa|2
|
|-weather|SunnyDay|[upkeep]
|upkeep
|turn|4
|
|t:|1769336763
|move|p2a: Comfey|Draining Kiss|p1a: Paul McCartney
|-resisted|p1a: Paul McCartney
|-damage|p1a: Paul McCartney|34/100
|-heal|p2a: Comfey|52/100|[from] drain|[of] p1a: Paul McCartney
|-damage|p2a: Comfey|42/100|[from] item: Life Orb
|move|p1a: Paul McCartney|Shadow Ball|p2a: Comfey
|-damage|p2a: Comfey|0 fnt
|faint|p2a: Comfey
|
|-weather|SunnyDay|[upkeep]
|upkeep
|
|t:|1769336770
|switch|p2a: Walking Wake|Walking Wake|100/100
|-activate|p2a: Walking Wake|ability: Protosynthesis
|-start|p2a: Walking Wake|protosynthesisspe
|turn|5
|
|t:|1769336785
|switch|p1a: Gooby|Clodsire, F, shiny|100/100
|move|p2a: Walking Wake|Hydro Steam|p1a: Gooby
|-immune|p1a: Gooby|[from] ability: Water Absorb
|
|-weather|SunnyDay|[upkeep]
|upkeep
|turn|6
|
|t:|1769336798
|-end|p2a: Walking Wake|Protosynthesis|[silent]
|switch|p2a: Great Tusk|Great Tusk|100/100
|-activate|p2a: Great Tusk|ability: Protosynthesis
|-start|p2a: Great Tusk|protosynthesisatk
|move|p1a: Gooby|Stealth Rock|p2a: Great Tusk
|-sidestart|p2: schtarwors|move: Stealth Rock
|
|-weather|SunnyDay|[upkeep]
|upkeep
|turn|7
|
|t:|1769336811
|switch|p1a: Metal Bird|Corviknight, F, shiny|100/100
|-ability|p1a: Metal Bird|Pressure
|move|p2a: Great Tusk|Ice Spinner|p1a: Metal Bird
|-damage|p1a: Metal Bird|74/100
|-damage|p2a: Great Tusk|84/100|[from] item: Rocky Helmet|[of] p1a: Metal Bird
|-damage|p2a: Great Tusk|74/100|[from] item: Life Orb
|
|-weather|SunnyDay|[upkeep]
|upkeep
|turn|8
|
|t:|1769336823
|-end|p2a: Great Tusk|Protosynthesis|[silent]
|switch|p2a: Walking Wake|Walking Wake|100/100
|-damage|p2a: Walking Wake|88/100|[from] Stealth Rock
|-activate|p2a: Walking Wake|ability: Protosynthesis
|-start|p2a: Walking Wake|protosynthesisspe
|move|p1a: Metal Bird|Iron Defense|p1a: Metal Bird
|-boost|p1a: Metal Bird|def|2
|
|-weather|none
|-end|p2a: Walking Wake|Protosynthesis
|upkeep
|turn|9
|
|t:|1769336832
|switch|p1a: Gooby|Clodsire, F, shiny|100/100
|move|p2a: Walking Wake|Flamethrower|p1a: Gooby
|-damage|p1a: Gooby|73/100
|
|-heal|p1a: Gooby|79/100|[from] item: Leftovers
|upkeep
|turn|10
|
|t:|1769336842
|-end|p2a: Walking Wake|Protosynthesis|[silent]
|switch|p2a: Ninetales|Ninetales, M, shiny|100/100
|-damage|p2a: Ninetales|76/100|[from] Stealth Rock
|-weather|SunnyDay|[from] ability: Drought|[of] p2a: Ninetales
|switch|p1a: Paul McCartney|Gengar, M, shiny|34/100
|
|-weather|SunnyDay|[upkeep]
|upkeep
|turn|11
|
|t:|1769336853
|move|p1a: Paul McCartney|Destiny Bond|p1a: Paul McCartney
|-singlemove|p1a: Paul McCartney|Destiny Bond
|move|p2a: Ninetales|Weather Ball|p1a: Paul McCartney
|-damage|p1a: Paul McCartney|0 fnt
|faint|p1a: Paul McCartney
|-activate|p1a: Paul McCartney|move: Destiny Bond
|faint|p2a: Ninetales
|
|-weather|SunnyDay|[upkeep]
|upkeep
|
|t:|1769336869
|switch|p1a: Katerine|Latias, F, shiny|100/100
|switch|p2a: Ceruledge|Ceruledge, F, shiny|100/100
|-damage|p2a: Ceruledge|76/100|[from] Stealth Rock
|turn|12
|
|t:|1769336888
|-terastallize|p1a: Katerine|Fairy
|move|p1a: Katerine|Ice Beam|p2a: Ceruledge
|-resisted|p2a: Ceruledge
|-damage|p2a: Ceruledge|62/100
|move|p2a: Ceruledge|Swords Dance|p2a: Ceruledge
|-boost|p2a: Ceruledge|atk|2
|
|-weather|SunnyDay|[upkeep]
|upkeep
|turn|13
|
|t:|1769336898
|move|p1a: Katerine|Draco Meteor|p2a: Ceruledge
|-damage|p2a: Ceruledge|5/100
|-unboost|p1a: Katerine|spa|2
|move|p2a: Ceruledge|Bitter Blade|p1a: Katerine
|-damage|p1a: Katerine|0 fnt
|-heal|p2a: Ceruledge|68/100|[from] drain|[of] p1a: Katerine
|faint|p1a: Katerine
|
|-weather|SunnyDay|[upkeep]
|upkeep
|inactive|Shidoka14 has 120 seconds left.
|
|t:|1769336916
|switch|p1a: Gooby|Clodsire, F, shiny|79/100
|turn|14
|
|t:|1769336921
|move|p2a: Ceruledge|Bitter Blade|p1a: Gooby
|-damage|p1a: Gooby|0 fnt
|-heal|p2a: Ceruledge|100/100|[from] drain|[of] p1a: Gooby
|faint|p1a: Gooby
|
|-weather|SunnyDay|[upkeep]
|upkeep
|
|t:|1769336929
|switch|p1a: Undyne|Kingambit, M, shiny|100/100
|-activate|p1a: Undyne|ability: Supreme Overlord
|-start|p1a: Undyne|fallen3|[silent]
|turn|15
|
|t:|1769336934
|move|p2a: Ceruledge|Bitter Blade|p1a: Undyne
|-supereffective|p1a: Undyne
|-damage|p1a: Undyne|0 fnt
|faint|p1a: Undyne
|-end|p1a: Undyne|fallen3|[silent]
|
|-weather|SunnyDay|[upkeep]
|upkeep
|
|t:|1769336942
|switch|p1a: Griezman|Cinderace, M, shiny|100/100
|turn|16
|
|t:|1769336947
|move|p1a: Griezman|U-turn|p2a: Ceruledge
|-start|p1a: Griezman|typechange|Bug|[from] ability: Libero
|-resisted|p2a: Ceruledge
|-damage|p2a: Ceruledge|88/100
|-ability|p2a: Ceruledge|Weak Armor|boost
|-unboost|p2a: Ceruledge|def|1
|-boost|p2a: Ceruledge|spe|2
|
|t:|1769336954
|switch|p1a: Metal Bird|Corviknight, F, shiny|74/100|[from] U-turn
|-ability|p1a: Metal Bird|Pressure
|move|p2a: Ceruledge|Bitter Blade|p1a: Metal Bird
|-supereffective|p1a: Metal Bird
|-damage|p1a: Metal Bird|0 fnt
|-heal|p2a: Ceruledge|100/100|[from] drain|[of] p1a: Metal Bird
|-damage|p2a: Ceruledge|84/100|[from] item: Rocky Helmet|[of] p1a: Metal Bird
|faint|p1a: Metal Bird
|
|-weather|SunnyDay|[upkeep]
|upkeep
|c|☆schtarwors|gg
|-message|Shidoka14 forfeited.
|
|win|schtarwors
|raw|Shidoka14's rating: 1292 &rarr; <strong>1276</strong><br />(-16 for losing)
|raw|schtarwors's rating: 1426 &rarr; <strong>1439</strong><br />(+13 for winning)
|l|☆Shidoka14
|player|p1|
|l|☆schtarwors
|player|p2|
