|j|☆vanzman74
|j|☆waterbroxox
|t:|1769444883
|gametype|singles
|player|p1|vanzman74|2|1229
|player|p2|waterbroxox|red|1181
|gen|9
|tier|[Gen 9] OU
|rated|
|rule|HP Percentage Mod: HP is shown in percentages
|rule|Endless Battle Clause: Forcing endless battles is banned
|rule|Species Clause: Limit one of each Pokémon
|rule|OHKO Clause: OHKO moves are banned
|rule|Evasion Items Clause: Evasion items are banned
|rule|Evasion Moves Clause: Evasion moves are banned
|rule|Evasion Abilities Clause: Evasion abilities are banned
|rule|Sleep Moves Clause: Sleep-inducing moves are banned
|clearpoke
|poke|p1|Primarina, M|
|poke|p1|Great Tusk|
|poke|p1|Gholdengo|
|poke|p1|Tyranitar, M|
|poke|p1|Weezing-Galar, F|
|poke|p1|Ceruledge, F|
|poke|p2|Hattrem, F|
|poke|p2|Koffing, M|
|poke|p2|Pikachu-Partner, M|
|poke|p2|Sneasel-Hisui, M|
|poke|p2|Thwackey, M|
|poke|p2|Basculin-White-Striped, M|
|teampreview
|inactive|Battle timer is ON: inactive players will automatically lose when time's up. (requested by vanzman74)
|
|t:|1769444895
|teamsize|p1|6
|teamsize|p2|6
|start
|switch|p1a: Tyranitar|Tyranitar, M|100/100
|switch|p2a: Koffing|Koffing, M|100/100
|-weather|Sandstorm|[from] ability: Sand Stream|[of] p1a: Tyranitar
|turn|1
|
|t:|1769444904
|move|p1a: Tyranitar|Stealth Rock|p2a: Koffing
|-sidestart|p2: waterbroxox|move: Stealth Rock
|move|p2a: Koffing|Toxic Spikes|p1a: Tyranitar
|-sidestart|p1: vanzman74|move: Toxic Spikes
|
|-weather|Sandstorm|[upkeep]
|-damage|p2a: Koffing|95/100|[from] Sandstorm
|upkeep
|turn|2
|inactive|waterbroxox has 120 seconds left.
|
|t:|1769444940
|move|p2a: Koffing|Sludge Bomb|p1a: Tyranitar
|-resisted|p1a: Tyranitar
|-damage|p1a: Tyranitar|95/100
|move|p1a: Tyranitar|Dragon Tail|p2a: Koffing
|-damage|p2a: Koffing|81/100
|drag|p2a: Thwackey|Thwackey, M|100/100
|-damage|p2a: Thwackey|88/100|[from] Stealth Rock
|-fieldstart|move: Grassy Terrain|[from] ability: Grassy Surge|[of] p2a: Thwackey
|
|-weather|Sandstorm|[upkeep]
|-damage|p2a: Thwackey|82/100|[from] Sandstorm
|-heal|p2a: Thwackey|88/100|[from] Grassy Terrain
|-heal|p1a: Tyranitar|100/100|[from] Grassy Terrain
|upkeep
|turn|3
|inactive|waterbroxox has 120 seconds left.
|
|t:|1769444957
|move|p2a: Thwackey|Wood Hammer|p1a: Tyranitar
|-supereffective|p1a: Tyranitar
|-damage|p1a: Tyranitar|0 fnt
|faint|p1a: Tyranitar
|-damage|p2a: Thwackey|49/100|[from] Recoil
|-damage|p2a: Thwackey|39/100|[from] item: Life Orb
|
|-weather|Sandstorm|[upkeep]
|-damage|p2a: Thwackey|33/100|[from] Sandstorm
|-heal|p2a: Thwackey|39/100|[from] Grassy Terrain
|upkeep
|
|t:|1769444961
|switch|p1a: Weezing|Weezing-Galar, F|100/100
|-ability|p1a: Weezing|Neutralizing Gas
|-sideend|p1: vanzman74|move: Toxic Spikes|[of] p1a: Weezing
|turn|4
|inactive|waterbroxox has 120 seconds left.
|
|t:|1769444975
|move|p2a: Thwackey|U-turn|p1a: Weezing
|-resisted|p1a: Weezing
|-damage|p1a: Weezing|94/100
|-damage|p2a: Thwackey|30/100|[from] item: Life Orb
|
|t:|1769444981
|switch|p2a: Hattrem|Hattrem, F|100/100|[from] U-turn
|-damage|p2a: Hattrem|88/100|[from] Stealth Rock
|move|p1a: Weezing|Strange Steam|p2a: Hattrem
|-damage|p2a: Hattrem|62/100
|
|-weather|Sandstorm|[upkeep]
|-damage|p1a: Weezing|88/100|[from] Sandstorm
|-damage|p2a: Hattrem|56/100|[from] Sandstorm
|-heal|p1a: Weezing|94/100|[from] Grassy Terrain
|-heal|p1a: Weezing|99/100|[from] item: Leftovers
|-heal|p2a: Hattrem|62/100|[from] Grassy Terrain
|upkeep
|turn|5
|inactive|waterbroxox has 120 seconds left.
|inactive|vanzman74 has 120 seconds left.
|
|t:|1769445012
|-end|p1a: Weezing|ability: Neutralizing Gas
|switch|p1a: Primarina|Primarina, M|100/100
|move|p2a: Hattrem|Nuzzle|p1a: Primarina
|-supereffective|p1a: Primarina
|-damage|p1a: Primarina|95/100
|-status|p1a: Primarina|par
|
|-weather|none
|-heal|p2a: Hattrem|67/100|[from] Grassy Terrain
|-heal|p1a: Primarina|100/100 par|[from] Grassy Terrain
|upkeep
|turn|6
|inactive|waterbroxox has 120 seconds left.
|
|t:|1769445030
|move|p2a: Hattrem|Healing Wish|p2a: Hattrem
|faint|p2a: Hattrem
|cant|p1a: Primarina|par
|
|-fieldend|move: Grassy Terrain
|upkeep
|
|t:|1769445036
|switch|p2a: Thwackey|Thwackey, M|30/100
|-heal|p2a: Thwackey|100/100|[from] move: Healing Wish
|-damage|p2a: Thwackey|88/100|[from] Stealth Rock
|-fieldstart|move: Grassy Terrain|[from] ability: Grassy Surge|[of] p2a: Thwackey
|turn|7
|inactive|vanzman74 has 120 seconds left.
|
|t:|1769445072
|switch|p1a: Weezing|Weezing-Galar, F|99/100
|-ability|p1a: Weezing|Neutralizing Gas
|move|p2a: Thwackey|U-turn|p1a: Weezing
|-resisted|p1a: Weezing
|-damage|p1a: Weezing|94/100
|-damage|p2a: Thwackey|78/100|[from] item: Life Orb
|
|t:|1769445096
|switch|p2a: Sneasel|Sneasel-Hisui, M|100/100|[from] U-turn
|-damage|p2a: Sneasel|95/100|[from] Stealth Rock
|
|-heal|p2a: Sneasel|100/100|[from] Grassy Terrain
|-heal|p1a: Weezing|99/100|[from] Grassy Terrain
|-heal|p1a: Weezing|100/100|[from] item: Leftovers
|upkeep
|turn|8
|
|t:|1769445106
|move|p2a: Sneasel|Poison Jab|p1a: Weezing
|-damage|p1a: Weezing|60/100
|-damage|p2a: Sneasel|91/100|[from] item: Life Orb
|move|p1a: Weezing|Will-O-Wisp|p2a: Sneasel
|-status|p2a: Sneasel|brn
|
|-heal|p2a: Sneasel|97/100 brn|[from] Grassy Terrain
|-heal|p1a: Weezing|66/100|[from] Grassy Terrain
|-heal|p1a: Weezing|72/100|[from] item: Leftovers
|-damage|p2a: Sneasel|91/100 brn|[from] brn
|upkeep
|turn|9
|inactive|vanzman74 has 120 seconds left.
|inactive|waterbroxox has 90 seconds left.
|inactive|waterbroxox has 60 seconds left.
|inactive|waterbroxox has 30 seconds left.
|inactive|waterbroxox has 20 seconds left.
|inactive|waterbroxox has 15 seconds left.
|inactive|waterbroxox has 10 seconds left.
|inactive|waterbroxox has 5 seconds left.
|-message|waterbroxox lost due to inactivity.
|
|win|vanzman74
|raw|vanzman74's rating: 1229 &rarr; <strong>1251</strong><br />(+22 for winning)
|raw|waterbroxox's rating: 1181 &rarr; <strong>1159</strong><br />(-22 for losing)
|l|☆vanzman74
|player|p1|
