|j|☆Anyaaasenapicard
|j|☆Multitox
|t:|1769338880
|gametype|singles
|player|p1|Anyaaasenapicard|acetrainersnow|1145
|player|p2|Multitox|ghetsis-gen5bw|1106
|gen|9
|tier|[Gen 9] OU
|rated|
|rule|HP Percentage Mod: HP is shown in percentages
|rule|Endless Battle Clause: Forcing endless battles is banned
|rule|Species Clause: Limit one of each Pokémon
|rule|OHKO Clause: OHKO moves are banned
|rule|Evasion Items Clause: Evasion items are banned
|rule|Evasion Moves Clause: Evasion moves are banned
|rule|Evasion Abilities Clause: Evasion abilities are banned
|rule|Sleep Moves Clause: Sleep-inducing moves are banned
|clearpoke
|poke|p1|Landorus-Therian, M|
|poke|p1|Samurott-Hisui, M|
|poke|p1|Gholdengo|
|poke|p1|Thundurus-Therian, M|
|poke|p1|Scizor, F|
|poke|p1|Zamazenta-*|
|poke|p2|Dragonite, F|
|poke|p2|Rillaboom, M|
|poke|p2|Landorus-Therian, M|
|poke|p2|Sceptile, F|
|poke|p2|Corviknight, F|
|poke|p2|Glimmora, F|
|teampreview
|inactive|Battle timer is ON: inactive players will automatically lose when time's up. (requested by Multitox)
|
|t:|1769338883
|teamsize|p1|6
|teamsize|p2|6
|start
|switch|p1a: Zamazenta|Zamazenta|100/100
|switch|p2a: Glimmora|Glimmora, F|100/100
|-ability|p1a: Zamazenta|Dauntless Shield|boost
|-boost|p1a: Zamazenta|def|1
|turn|1
|
|t:|1769338887
|move|p1a: Zamazenta|Iron Defense|p1a: Zamazenta
|-boost|p1a: Zamazenta|def|2
|move|p2a: Glimmora|Mortal Spin|p1a: Zamazenta
|-damage|p1a: Zamazenta|98/100
|-status|p1a: Zamazenta|psn
|
|-heal|p1a: Zamazenta|100/100 psn|[from] item: Leftovers
|-damage|p1a: Zamazenta|88/100 psn|[from] psn
|upkeep
|turn|2
|
|t:|1769338893
|move|p1a: Zamazenta|Body Press|p2a: Glimmora
|-enditem|p2a: Glimmora|Focus Sash
|-damage|p2a: Glimmora|1/100
|-activate|p2a: Glimmora|ability: Toxic Debris
|-sidestart|p1: Anyaaasenapicard|move: Toxic Spikes
|move|p2a: Glimmora|Stealth Rock|p1a: Zamazenta
|-sidestart|p1: Anyaaasenapicard|move: Stealth Rock
|
|-heal|p1a: Zamazenta|94/100 psn|[from] item: Leftovers
|-damage|p1a: Zamazenta|82/100 psn|[from] psn
|upkeep
|turn|3
|
|t:|1769338907
|move|p1a: Zamazenta|Body Press|p2a: Glimmora
|-damage|p2a: Glimmora|0 fnt
|-activate|p2a: Glimmora|ability: Toxic Debris
|-sidestart|p1: Anyaaasenapicard|move: Toxic Spikes
|faint|p2a: Glimmora
|
|-heal|p1a: Zamazenta|88/100 psn|[from] item: Leftovers
|-damage|p1a: Zamazenta|75/100 psn|[from] psn
|upkeep
|
|t:|1769338913
|switch|p2a: Corviknight|Corviknight, F, shiny|100/100
|-ability|p2a: Corviknight|Pressure
|turn|4
|
|t:|1769338917
|move|p1a: Zamazenta|Body Press|p2a: Corviknight
|-damage|p2a: Corviknight|43/100
|move|p2a: Corviknight|Brave Bird|p1a: Zamazenta
|-supereffective|p1a: Zamazenta
|-damage|p1a: Zamazenta|53/100 psn
|-damage|p2a: Corviknight|36/100|[from] Recoil
|
|-heal|p1a: Zamazenta|59/100 psn|[from] item: Leftovers
|-damage|p1a: Zamazenta|46/100 psn|[from] psn
|upkeep
|turn|5
|
|t:|1769338924
|move|p1a: Zamazenta|Body Press|p2a: Corviknight
|-damage|p2a: Corviknight|0 fnt
|faint|p2a: Corviknight
|
|-heal|p1a: Zamazenta|52/100 psn|[from] item: Leftovers
|-damage|p1a: Zamazenta|40/100 psn|[from] psn
|upkeep
|
|t:|1769338928
|switch|p2a: Sceptile|Sceptile, F, shiny|100/100
|turn|6
|
|t:|1769338940
|move|p1a: Zamazenta|Body Press|p2a: Sceptile
|-damage|p2a: Sceptile|0 fnt
|faint|p2a: Sceptile
|
|-heal|p1a: Zamazenta|46/100 psn|[from] item: Leftovers
|-damage|p1a: Zamazenta|33/100 psn|[from] psn
|upkeep
|-message|Multitox forfeited.
|
|win|Anyaaasenapicard
|raw|Anyaaasenapicard's rating: 1145 &rarr; <strong>1167</strong><br />(+22 for winning)
|raw|Multitox's rating: 1106 &rarr; <strong>1084</strong><br />(-22 for losing)
|l|☆Multitox
|player|p2|
|c|☆Anyaaasenapicard|gg
|l|☆Anyaaasenapicard
|player|p1|
