|j|☆thebambi1234
|j|☆zonix14
|t:|1769323531
|gametype|singles
|player|p1|thebambi1234|265|1135
|player|p2|zonix14|1|1144
|gen|9
|tier|[Gen 9] OU
|rated|
|rule|HP Percentage Mod: HP is shown in percentages
|rule|Endless Battle Clause: Forcing endless battles is banned
|rule|Species Clause: Limit one of each Pokémon
|rule|OHKO Clause: OHKO moves are banned
|rule|Evasion Items Clause: Evasion items are banned
|rule|Evasion Moves Clause: Evasion moves are banned
|rule|Evasion Abilities Clause: Evasion abilities are banned
|rule|Sleep Moves Clause: Sleep-inducing moves are banned
|clearpoke
|poke|p1|Ribombee, M|
|poke|p1|Hoopa-Unbound|
|poke|p1|Dragapult, M|
|poke|p1|Landorus-Therian, M|
|poke|p1|Gholdengo|
|poke|p1|Cinderace, M|
|poke|p2|Empoleon, F|
|poke|p2|Masquerain, F|
|poke|p2|Cinderace, M|
|poke|p2|Carbink|
|poke|p2|Serperior, M|
|poke|p2|Indeedee-F, F|
|teampreview
|inactive|Battle timer is ON: inactive players will automatically lose when time's up. (requested by thebambi1234)
|inactive|zonix14 also wants the timer to be on.
|
|t:|1769323535
|teamsize|p1|6
|teamsize|p2|6
|start
|switch|p1a: Ribombee|Ribombee, M|100/100
|switch|p2a: Masquerain|Masquerain, F|100/100
|-ability|p2a: Masquerain|Intimidate|boost
|-unboost|p1a: Ribombee|atk|1
|turn|1
|
|t:|1769323540
|move|p1a: Ribombee|Stun Spore|p2a: Masquerain
|-status|p2a: Masquerain|par
|cant|p2a: Masquerain|par
|
|upkeep
|turn|2
|
|t:|1769323544
|move|p1a: Ribombee|Sticky Web|p2a: Masquerain
|-sidestart|p2: zonix14|move: Sticky Web
|move|p2a: Masquerain|Sticky Web|p1a: Ribombee
|-sidestart|p1: thebambi1234|move: Sticky Web
|
|upkeep
|turn|3
|
|t:|1769323555
|move|p1a: Ribombee|Moonblast|p2a: Masquerain
|-damage|p2a: Masquerain|38/100 par
|-unboost|p2a: Masquerain|spa|1
|move|p2a: Masquerain|Bug Buzz|p1a: Ribombee
|-resisted|p1a: Ribombee
|-damage|p1a: Ribombee|80/100
|
|upkeep
|turn|4
|
|t:|1769323557
|move|p1a: Ribombee|Moonblast|p2a: Masquerain
|-damage|p2a: Masquerain|0 fnt
|faint|p2a: Masquerain
|
|upkeep
|
|t:|1769323559
|switch|p2a: Carbink|Carbink|100/100
|turn|5
|
|t:|1769323564
|move|p1a: Ribombee|Stun Spore|p2a: Carbink|[miss]
|-miss|p1a: Ribombee|p2a: Carbink
|move|p2a: Carbink|Stealth Rock|p1a: Ribombee
|-sidestart|p1: thebambi1234|move: Stealth Rock
|
|upkeep
|turn|6
|
|t:|1769323569
|switch|p2a: Serperior|Serperior, M|100/100
|-activate|p2a: Serperior|move: Sticky Web
|-boost|p2a: Serperior|spe|1
|move|p1a: Ribombee|U-turn|p2a: Serperior
|-supereffective|p2a: Serperior
|-damage|p2a: Serperior|78/100
|
|t:|1769323583
|switch|p1a: Cinderace|Cinderace, M|100/100|[from] U-turn
|
|upkeep
|turn|7
|
|t:|1769323591
|move|p2a: Serperior|Leaf Storm|p1a: Cinderace
|-resisted|p1a: Cinderace
|-damage|p1a: Cinderace|66/100
|-boost|p2a: Serperior|spa|2
|move|p1a: Cinderace|High Jump Kick|p2a: Serperior
|-start|p1a: Cinderace|typechange|Fighting|[from] ability: Libero
|-damage|p2a: Serperior|5/100
|
|upkeep
|turn|8
|
|t:|1769323594
|move|p2a: Serperior|Leaf Storm|p1a: Cinderace
|-damage|p1a: Cinderace|0 fnt
|-boost|p2a: Serperior|spa|2
|faint|p1a: Cinderace
|
|upkeep
|-message|thebambi1234 forfeited.
|
|win|zonix14
|raw|thebambi1234's rating: 1135 &rarr; <strong>1111</strong><br />(-24 for losing)
|raw|zonix14's rating: 1144 &rarr; <strong>1168</strong><br />(+24 for winning)
|l|☆thebambi1234
|player|p1|
|l|☆zonix14
|player|p2|
