|j|☆JD2Sleepy
|j|☆sancorv1
|t:|1769381862
|gametype|singles
|player|p1|JD2Sleepy|blackbelt-gen4dp|1503
|player|p2|sancorv1|doctor|1476
|gen|9
|tier|[Gen 9] OU
|rated|
|rule|HP Percentage Mod: HP is shown in percentages
|rule|Endless Battle Clause: Forcing endless battles is banned
|rule|Species Clause: Limit one of each Pokémon
|rule|OHKO Clause: OHKO moves are banned
|rule|Evasion Items Clause: Evasion items are banned
|rule|Evasion Moves Clause: Evasion moves are banned
|rule|Evasion Abilities Clause: Evasion abilities are banned
|rule|Sleep Moves Clause: Sleep-inducing moves are banned
|clearpoke
|poke|p1|Pelipper, M|
|poke|p1|Ogerpon-Wellspring, F|
|poke|p1|Iron Treads|
|poke|p1|Raging Bolt|
|poke|p1|Gholdengo|
|poke|p1|Kingambit, M|
|poke|p2|Iron Crown|
|poke|p2|Zamazenta-*|
|poke|p2|Ting-Lu|
|poke|p2|Primarina, M|
|poke|p2|Corviknight, M|
|poke|p2|Walking Wake|
|teampreview
|
|t:|1769381872
|teamsize|p1|6
|teamsize|p2|6
|start
|switch|p1a: Komi|Ogerpon-Wellspring, F|100/100
|switch|p2a: Primarina|Primarina, M, shiny|100/100
|turn|1
|j| FlyiingHaduken
|
|t:|1769381876
|switch|p2a: Corviknight|Corviknight, M|100/100
|-ability|p2a: Corviknight|Pressure
|move|p1a: Komi|Swords Dance|p1a: Komi
|-boost|p1a: Komi|atk|2
|
|upkeep
|turn|2
|
|t:|1769381878
|move|p1a: Komi|Ivy Cudgel|p2a: Corviknight|[anim] Ivy Cudgel Water
|-damage|p2a: Corviknight|30/100
|move|p2a: Corviknight|Brave Bird|p1a: Komi
|-supereffective|p1a: Komi
|-damage|p1a: Komi|12/100
|-damage|p2a: Corviknight|8/100|[from] Recoil
|
|upkeep
|turn|3
|
|t:|1769381881
|move|p1a: Komi|Ivy Cudgel|p2a: Corviknight|[anim] Ivy Cudgel Water
|-damage|p2a: Corviknight|0 fnt
|faint|p2a: Corviknight
|
|upkeep
|
|t:|1769381882
|switch|p2a: Zamazenta|Zamazenta|100/100
|-ability|p2a: Zamazenta|Dauntless Shield|boost
|-boost|p2a: Zamazenta|def|1
|turn|4
|
|t:|1769381891
|move|p2a: Zamazenta|Stone Edge|p1a: Komi
|-crit|p1a: Komi
|-damage|p1a: Komi|0 fnt
|faint|p1a: Komi
|
|upkeep
|
|t:|1769381893
|switch|p1a: Treàdy Wày|Iron Treads|100/100
|-enditem|p1a: Treàdy Wày|Booster Energy
|-activate|p1a: Treàdy Wày|ability: Quark Drive|[fromitem]
|-start|p1a: Treàdy Wày|quarkdrivespe
|turn|5
|
|t:|1769381896
|move|p1a: Treàdy Wày|Stealth Rock|p2a: Zamazenta
|-sidestart|p2: sancorv1|move: Stealth Rock
|move|p2a: Zamazenta|Body Press|p1a: Treàdy Wày
|-supereffective|p1a: Treàdy Wày
|-damage|p1a: Treàdy Wày|11/100
|
|upkeep
|turn|6
|
|t:|1769381906
|move|p1a: Treàdy Wày|Steel Beam|p2a: Zamazenta
|-damage|p2a: Zamazenta|64/100
|-damage|p1a: Treàdy Wày|0 fnt|[from] steelbeam
|faint|p1a: Treàdy Wày
|-end|p1a: Treàdy Wày|Quark Drive|[silent]
|move|p2a: Zamazenta|Crunch|p1: Treàdy Wày|[notarget]
|-fail|p2a: Zamazenta
|
|-heal|p2a: Zamazenta|70/100|[from] item: Leftovers
|upkeep
|l| FlyiingHaduken
|
|t:|1769381909
|switch|p1a: Drizzy|Pelipper, M|100/100
|-weather|RainDance|[from] ability: Drizzle|[of] p1a: Drizzy
|turn|7
|
|t:|1769381917
|switch|p2a: Walking Wake|Walking Wake|100/100
|move|p1a: Drizzy|Surf|p2a: Walking Wake
|-resisted|p2a: Walking Wake
|-damage|p2a: Walking Wake|76/100
|
|-weather|RainDance|[upkeep]
|upkeep
|turn|8
|
|t:|1769381921
|move|p2a: Walking Wake|Draco Meteor|p1a: Drizzy|[miss]
|-miss|p2a: Walking Wake|p1a: Drizzy
|move|p1a: Drizzy|Surf|p2a: Walking Wake
|-resisted|p2a: Walking Wake
|-damage|p2a: Walking Wake|48/100
|
|-weather|RainDance|[upkeep]
|upkeep
|turn|9
|
|t:|1769381925
|switch|p1a: 平和|Kingambit, M|100/100
|-activate|p1a: 平和|ability: Supreme Overlord
|-start|p1a: 平和|fallen2|[silent]
|move|p2a: Walking Wake|Knock Off|p1a: 平和
|-resisted|p1a: 平和
|-damage|p1a: 平和|93/100
|-enditem|p1a: 平和|Lum Berry|[from] move: Knock Off|[of] p2a: Walking Wake
|
|-weather|RainDance|[upkeep]
|upkeep
|turn|10
|
|t:|1769381930
|-end|p1a: 平和|fallen2|[silent]
|switch|p1a: Drizzy|Pelipper, M|100/100
|move|p2a: Walking Wake|Flip Turn|p1a: Drizzy
|-resisted|p1a: Drizzy
|-damage|p1a: Drizzy|86/100
|
|t:|1769381932
|-end|p2a: Walking Wake|Protosynthesis|[silent]
|switch|p2a: Iron Crown|Iron Crown|100/100|[from] Flip Turn
|-damage|p2a: Iron Crown|94/100|[from] Stealth Rock
|
|-weather|RainDance|[upkeep]
|upkeep
|turn|11
|
|t:|1769381935
|switch|p1a: All Dae|Raging Bolt|100/100
|-enditem|p1a: All Dae|Booster Energy
|-activate|p1a: All Dae|ability: Protosynthesis|[fromitem]
|-start|p1a: All Dae|protosynthesisspa
|move|p2a: Iron Crown|Volt Switch|p1a: All Dae
|-resisted|p1a: All Dae
|-damage|p1a: All Dae|93/100
|
|t:|1769381937
|-end|p2a: Iron Crown|Quark Drive|[silent]
|switch|p2a: Ting-Lu|Ting-Lu|100/100|[from] Volt Switch
|-damage|p2a: Ting-Lu|94/100|[from] Stealth Rock
|-ability|p2a: Ting-Lu|Vessel of Ruin
|
|-weather|none
|-heal|p2a: Ting-Lu|100/100|[from] item: Leftovers
|upkeep
|turn|12
|
|t:|1769381941
|-end|p1a: All Dae|Protosynthesis|[silent]
|switch|p1a: Drizzy|Pelipper, M|86/100
|-weather|RainDance|[from] ability: Drizzle|[of] p1a: Drizzy
|move|p2a: Ting-Lu|Stealth Rock|p1a: Drizzy
|-sidestart|p1: JD2Sleepy|move: Stealth Rock
|
|-weather|RainDance|[upkeep]
|upkeep
|turn|13
|
|t:|1769381944
|move|p1a: Drizzy|Surf|p2a: Ting-Lu
|-supereffective|p2a: Ting-Lu
|-damage|p2a: Ting-Lu|28/100
|move|p2a: Ting-Lu|Ruination|p1a: Drizzy
|-damage|p1a: Drizzy|43/100
|
|-weather|RainDance|[upkeep]
|-heal|p2a: Ting-Lu|34/100|[from] item: Leftovers
|upkeep
|turn|14
|
|t:|1769381946
|move|p1a: Drizzy|Surf|p2a: Ting-Lu
|-supereffective|p2a: Ting-Lu
|-damage|p2a: Ting-Lu|0 fnt
|faint|p2a: Ting-Lu
|
|-weather|RainDance|[upkeep]
|upkeep
|
|t:|1769381951
|switch|p2a: Primarina|Primarina, M, shiny|100/100
|-damage|p2a: Primarina|88/100|[from] Stealth Rock
|turn|15
|
|t:|1769381954
|move|p1a: Drizzy|Surf|p2a: Primarina
|-resisted|p2a: Primarina
|-damage|p2a: Primarina|40/100
|move|p2a: Primarina|Substitute|p2a: Primarina
|-start|p2a: Primarina|Substitute
|-damage|p2a: Primarina|15/100
|
|-weather|RainDance|[upkeep]
|-heal|p2a: Primarina|21/100|[from] item: Leftovers
|upkeep
|turn|16
|
|t:|1769381957
|move|p1a: Drizzy|Surf|p2a: Primarina
|-resisted|p2a: Primarina
|-end|p2a: Primarina|Substitute
|move|p2a: Primarina|Moonblast|p1a: Drizzy
|-damage|p1a: Drizzy|0 fnt
|faint|p1a: Drizzy
|
|-weather|none
|-heal|p2a: Primarina|27/100|[from] item: Leftovers
|upkeep
|
|t:|1769381959
|switch|p1a: All Dae|Raging Bolt|93/100
|-damage|p1a: All Dae|80/100|[from] Stealth Rock
|turn|17
|
|t:|1769381962
|move|p1a: All Dae|Thunderbolt|p2a: Primarina
|-supereffective|p2a: Primarina
|-damage|p2a: Primarina|0 fnt
|faint|p2a: Primarina
|
|upkeep
|
|t:|1769381969
|switch|p2a: Iron Crown|Iron Crown|94/100
|-damage|p2a: Iron Crown|88/100|[from] Stealth Rock
|turn|18
|
|t:|1769381971
|move|p2a: Iron Crown|Tachyon Cutter|p1a: All Dae
|-resisted|p1a: All Dae
|-damage|p1a: All Dae|63/100
|-resisted|p1a: All Dae
|-damage|p1a: All Dae|45/100
|-hitcount|p1a: All Dae|2
|move|p1a: All Dae|Thunderbolt|p2a: Iron Crown
|-damage|p2a: Iron Crown|34/100
|
|upkeep
|turn|19
|
|t:|1769381974
|move|p1a: All Dae|Thunderclap|p2a: Iron Crown
|-damage|p2a: Iron Crown|0 fnt
|faint|p2a: Iron Crown
|-end|p2a: Iron Crown|Quark Drive|[silent]
|
|upkeep
|
|t:|1769381977
|switch|p2a: Walking Wake|Walking Wake|48/100
|turn|20
|
|t:|1769381982
|move|p1a: All Dae|Thunderclap|p2a: Walking Wake
|-crit|p2a: Walking Wake
|-damage|p2a: Walking Wake|0 fnt
|faint|p2a: Walking Wake
|-end|p2a: Walking Wake|Protosynthesis|[silent]
|
|upkeep
|
|t:|1769381983
|switch|p2a: Zamazenta|Zamazenta|70/100
|-damage|p2a: Zamazenta|64/100|[from] Stealth Rock
|turn|21
|
|t:|1769381985
|move|p2a: Zamazenta|Iron Defense|p2a: Zamazenta
|-boost|p2a: Zamazenta|def|2
|move|p1a: All Dae|Thunderbolt|p2a: Zamazenta
|-damage|p2a: Zamazenta|20/100
|
|-heal|p2a: Zamazenta|26/100|[from] item: Leftovers
|upkeep
|turn|22
|
|t:|1769381987
|-terastallize|p1a: All Dae|Flying
|move|p2a: Zamazenta|Body Press|p1a: All Dae
|-resisted|p1a: All Dae
|-damage|p1a: All Dae|11/100
|move|p1a: All Dae|Thunderbolt|p2a: Zamazenta
|-damage|p2a: Zamazenta|0 fnt
|faint|p2a: Zamazenta
|
|win|JD2Sleepy
|raw|JD2Sleepy's rating: 1503 &rarr; <strong>1521</strong><br />(+18 for winning)
|raw|sancorv1's rating: 1476 &rarr; <strong>1458</strong><br />(-18 for losing)
