|j|☆Terttudjdje
|j|☆lordweirdo17
|t:|1769332350
|gametype|singles
|player|p1|Terttudjdje|266|1190
|player|p2|lordweirdo17|fisherman-gen4|1142
|gen|9
|tier|[Gen 9] OU
|rated|
|rule|HP Percentage Mod: HP is shown in percentages
|rule|Endless Battle Clause: Forcing endless battles is banned
|rule|Species Clause: Limit one of each Pokémon
|rule|OHKO Clause: OHKO moves are banned
|rule|Evasion Items Clause: Evasion items are banned
|rule|Evasion Moves Clause: Evasion moves are banned
|rule|Evasion Abilities Clause: Evasion abilities are banned
|rule|Sleep Moves Clause: Sleep-inducing moves are banned
|clearpoke
|poke|p1|Toxapex, F|
|poke|p1|Gliscor, F|
|poke|p1|Slaking, M|
|poke|p1|Heatran, M|
|poke|p1|Great Tusk|
|poke|p1|Alomomola, M|
|poke|p2|Iron Valiant|
|poke|p2|Great Tusk|
|poke|p2|Kingambit, F|
|poke|p2|Alomomola, M|
|poke|p2|Moltres|
|poke|p2|Hoopa-Unbound|
|teampreview
|inactive|Battle timer is ON: inactive players will automatically lose when time's up. (requested by lordweirdo17)
|c|☆lordweirdo17|slaking the goat
|
|t:|1769332376
|teamsize|p1|6
|teamsize|p2|6
|start
|switch|p1a: Gliscor|Gliscor, F|100/100
|switch|p2a: Alomomola|Alomomola, M|100/100
|turn|1
|
|t:|1769332386
|move|p1a: Gliscor|Knock Off|p2a: Alomomola
|-damage|p2a: Alomomola|90/100
|-enditem|p2a: Alomomola|Heavy-Duty Boots|[from] move: Knock Off|[of] p1a: Gliscor
|move|p2a: Alomomola|Scald|p1a: Gliscor
|-supereffective|p1a: Gliscor
|-damage|p1a: Gliscor|78/100
|-status|p1a: Gliscor|brn
|
|-damage|p1a: Gliscor|72/100 brn|[from] brn
|upkeep
|turn|2
|
|t:|1769332401
|move|p1a: Gliscor|Spikes|p2a: Alomomola
|-sidestart|p2: lordweirdo17|Spikes
|move|p2a: Alomomola|Flip Turn|p1a: Gliscor
|-supereffective|p1a: Gliscor
|-damage|p1a: Gliscor|45/100 brn
|
|t:|1769332406
|switch|p2a: Great Tusk|Great Tusk|100/100|[from] Flip Turn
|-damage|p2a: Great Tusk|88/100|[from] Spikes
|-enditem|p2a: Great Tusk|Booster Energy
|-activate|p2a: Great Tusk|ability: Protosynthesis|[fromitem]
|-start|p2a: Great Tusk|protosynthesisspe
|
|-damage|p1a: Gliscor|38/100 brn|[from] brn
|upkeep
|turn|3
|
|t:|1769332418
|switch|p1a: Alomomola|Alomomola, M|100/100
|move|p2a: Great Tusk|Stealth Rock|p1a: Alomomola
|-sidestart|p1: Terttudjdje|move: Stealth Rock
|
|upkeep
|turn|4
|
|t:|1769332426
|-end|p2a: Great Tusk|Protosynthesis|[silent]
|switch|p2a: Alomomola|Alomomola, M|100/100
|-damage|p2a: Alomomola|88/100|[from] Spikes
|move|p1a: Alomomola|Wish|p1a: Alomomola
|
|upkeep
|turn|5
|
|t:|1769332434
|switch|p1a: Gliscor|Gliscor, F|38/100 brn
|-damage|p1a: Gliscor|26/100 brn|[from] Stealth Rock
|move|p2a: Alomomola|Flip Turn|p1a: Gliscor
|-supereffective|p1a: Gliscor
|-damage|p1a: Gliscor|0 fnt
|faint|p1a: Gliscor
|
|t:|1769332443
|switch|p2a: Great Tusk|Great Tusk|88/100|[from] Flip Turn
|-damage|p2a: Great Tusk|76/100|[from] Spikes
|
|upkeep
|
|t:|1769332452
|switch|p1a: Slaking|Slaking, M|100/100
|-damage|p1a: Slaking|88/100|[from] Stealth Rock
|turn|6
|
|t:|1769332464
|-end|p2a: Great Tusk|Protosynthesis|[silent]
|switch|p2a: Moltres|Moltres|100/100
|move|p1a: Slaking|Giga Impact|p2a: Moltres|[miss]
|-miss|p1a: Slaking|p2a: Moltres
|
|upkeep
|turn|7
|
|t:|1769332474
|switch|p1a: Heatran|Heatran, M|100/100
|-damage|p1a: Heatran|88/100|[from] Stealth Rock
|move|p2a: Moltres|Roar|p1a: Heatran
|drag|p1a: Slaking|Slaking, M|88/100
|-damage|p1a: Slaking|76/100|[from] Stealth Rock
|
|upkeep
|turn|8
|
|t:|1769332486
|move|p1a: Slaking|Giga Impact|p2a: Moltres
|-damage|p2a: Moltres|10/100
|-mustrecharge|p1a: Slaking
|move|p2a: Moltres|U-turn|p1a: Slaking
|-damage|p1a: Slaking|65/100
|-message|Terttudjdje forfeited.
|
|win|lordweirdo17
|raw|Terttudjdje's rating: 1190 &rarr; <strong>1162</strong><br />(-28 for losing)
|raw|lordweirdo17's rating: 1142 &rarr; <strong>1170</strong><br />(+28 for winning)
|l|☆Terttudjdje
|player|p1|
|l|☆lordweirdo17
|player|p2|
