|j|☆Neolicity
|j|☆d00d guy
|t:|1769307387
|gametype|singles
|player|p1|Neolicity|hugh|1335
|player|p2|d00d guy|emmet|1398
|gen|9
|tier|[Gen 9] OU
|rated|
|rule|HP Percentage Mod: HP is shown in percentages
|rule|Endless Battle Clause: Forcing endless battles is banned
|rule|Species Clause: Limit one of each Pokémon
|rule|OHKO Clause: OHKO moves are banned
|rule|Evasion Items Clause: Evasion items are banned
|rule|Evasion Moves Clause: Evasion moves are banned
|rule|Evasion Abilities Clause: Evasion abilities are banned
|rule|Sleep Moves Clause: Sleep-inducing moves are banned
|clearpoke
|poke|p1|Deoxys-Speed|
|poke|p1|Ceruledge, F|
|poke|p1|Zamazenta-*|
|poke|p1|Ogerpon-Wellspring, F|
|poke|p1|Glimmora, M|
|poke|p1|Moltres-Galar|
|poke|p2|Tyranitar, M|
|poke|p2|Excadrill, M|
|poke|p2|Iron Valiant|
|poke|p2|Zapdos|
|poke|p2|Ogerpon, F|
|poke|p2|Toxapex, M|
|teampreview
|inactive|Battle timer is ON: inactive players will automatically lose when time's up. (requested by d00d guy)
|
|t:|1769307418
|teamsize|p1|6
|teamsize|p2|6
|start
|switch|p1a: Glimmora|Glimmora, M|100/100
|switch|p2a: Excadrill|Excadrill, M, shiny|100/100
|turn|1
|
|t:|1769307426
|switch|p1a: Ogerpon|Ogerpon-Wellspring, F|100/100
|move|p2a: Excadrill|Substitute|p2a: Excadrill
|-start|p2a: Excadrill|Substitute
|-damage|p2a: Excadrill|76/100
|
|-heal|p2a: Excadrill|82/100|[from] item: Leftovers
|upkeep
|turn|2
|
|t:|1769307434
|move|p1a: Ogerpon|Horn Leech|p2a: Excadrill
|-end|p2a: Excadrill|Substitute
|move|p2a: Excadrill|Rock Slide|p1a: Ogerpon
|-damage|p1a: Ogerpon|63/100
|
|-heal|p2a: Excadrill|88/100|[from] item: Leftovers
|upkeep
|turn|3
|
|t:|1769307442
|switch|p2a: Toxapex|Toxapex, M, shiny|100/100
|move|p1a: Ogerpon|Ivy Cudgel|p2a: Toxapex|[anim] Ivy Cudgel Water
|-resisted|p2a: Toxapex
|-damage|p2a: Toxapex|79/100
|-enditem|p2a: Toxapex|Eject Button
|
|t:|1769307450
|switch|p2a: Ogerpon|Ogerpon, F|100/100
|
|upkeep
|turn|4
|
|t:|1769307458
|switch|p1a: Glimmora|Glimmora, M|100/100
|move|p2a: Ogerpon|U-turn|p1a: Glimmora
|-resisted|p1a: Glimmora
|-damage|p1a: Glimmora|79/100
|-activate|p1a: Glimmora|ability: Toxic Debris
|-sidestart|p2: d00d guy|move: Toxic Spikes
|
|t:|1769307467
|switch|p2a: Toxapex|Toxapex, M, shiny|100/100|[from] U-turn
|-sideend|p2: d00d guy|move: Toxic Spikes|[of] p2a: Toxapex
|
|upkeep
|turn|5
|
|t:|1769307474
|move|p1a: Glimmora|Meteor Beam||[still]
|-prepare|p1a: Glimmora|Meteor Beam
|-boost|p1a: Glimmora|spa|1
|-enditem|p1a: Glimmora|Power Herb
|-anim|p1a: Glimmora|Meteor Beam|p2a: Toxapex
|-damage|p2a: Toxapex|41/100
|move|p2a: Toxapex|Toxic Spikes|p1a: Glimmora
|-sidestart|p1: Neolicity|move: Toxic Spikes
|
|upkeep
|turn|6
|
|t:|1769307489
|switch|p2a: Excadrill|Excadrill, M, shiny|88/100
|move|p1a: Glimmora|Mortal Spin|p2a: Excadrill
|-immune|p2a: Excadrill
|
|-heal|p2a: Excadrill|94/100|[from] item: Leftovers
|upkeep
|turn|7
|
|t:|1769307497
|-terastallize|p1a: Glimmora|Ghost
|move|p1a: Glimmora|Earth Power|p2a: Excadrill
|-supereffective|p2a: Excadrill
|-damage|p2a: Excadrill|0 fnt
|faint|p2a: Excadrill
|
|upkeep
|
|t:|1769307503
|switch|p2a: Tyranitar|Tyranitar, M, shiny|100/100
|-weather|Sandstorm|[from] ability: Sand Stream|[of] p2a: Tyranitar
|turn|8
|
|t:|1769307510
|move|p1a: Glimmora|Mortal Spin|p2a: Tyranitar
|-resisted|p2a: Tyranitar
|-damage|p2a: Tyranitar|98/100
|-status|p2a: Tyranitar|psn
|-sideend|p1: Neolicity|Toxic Spikes|[from] move: Mortal Spin|[of] p1a: Glimmora
|move|p2a: Tyranitar|Knock Off|p1a: Glimmora
|-supereffective|p1a: Glimmora
|-damage|p1a: Glimmora|0 fnt
|-activate|p1a: Glimmora|ability: Toxic Debris
|-sidestart|p2: d00d guy|move: Toxic Spikes
|faint|p1a: Glimmora
|
|-weather|Sandstorm|[upkeep]
|-damage|p2a: Tyranitar|86/100 psn|[from] psn
|upkeep
|
|t:|1769307533
|switch|p1a: Ogerpon|Ogerpon-Wellspring, F|63/100
|turn|9
|
|t:|1769307539
|switch|p2a: Toxapex|Toxapex, M, shiny|74/100
|-sideend|p2: d00d guy|move: Toxic Spikes|[of] p2a: Toxapex
|move|p1a: Ogerpon|Ivy Cudgel|p2a: Toxapex|[anim] Ivy Cudgel Water
|-resisted|p2a: Toxapex
|-damage|p2a: Toxapex|52/100
|
|-weather|Sandstorm|[upkeep]
|-damage|p1a: Ogerpon|57/100|[from] Sandstorm
|-damage|p2a: Toxapex|46/100|[from] Sandstorm
|upkeep
|turn|10
|
|t:|1769307547
|move|p1a: Ogerpon|Swords Dance|p1a: Ogerpon
|-boost|p1a: Ogerpon|atk|2
|move|p2a: Toxapex|Recover|p2a: Toxapex
|-heal|p2a: Toxapex|96/100
|
|-weather|Sandstorm|[upkeep]
|-damage|p1a: Ogerpon|51/100|[from] Sandstorm
|-damage|p2a: Toxapex|90/100|[from] Sandstorm
|upkeep
|turn|11
|
|t:|1769307555
|move|p1a: Ogerpon|Horn Leech|p2a: Toxapex
|-damage|p2a: Toxapex|28/100
|-heal|p1a: Ogerpon|83/100|[from] drain|[of] p2a: Toxapex
|move|p2a: Toxapex|Haze|p2a: Toxapex
|-clearallboost
|
|-weather|Sandstorm|[upkeep]
|-damage|p1a: Ogerpon|77/100|[from] Sandstorm
|-damage|p2a: Toxapex|22/100|[from] Sandstorm
|upkeep
|turn|12
|
|t:|1769307574
|switch|p2a: Ogerpon|Ogerpon, F|100/100
|move|p1a: Ogerpon|Horn Leech|p2a: Ogerpon
|-resisted|p2a: Ogerpon
|-damage|p2a: Ogerpon|69/100
|-heal|p1a: Ogerpon|93/100|[from] drain|[of] p2a: Ogerpon
|
|-weather|Sandstorm|[upkeep]
|-damage|p2a: Ogerpon|63/100|[from] Sandstorm
|-damage|p1a: Ogerpon|87/100|[from] Sandstorm
|upkeep
|turn|13
|
|t:|1769307587
|switch|p1a: Ceruledge|Ceruledge, F|100/100
|move|p2a: Ogerpon|U-turn|p1a: Ceruledge
|-resisted|p1a: Ceruledge
|-damage|p1a: Ceruledge|90/100
|-ability|p1a: Ceruledge|Weak Armor|boost
|-unboost|p1a: Ceruledge|def|1
|-boost|p1a: Ceruledge|spe|2
|
|t:|1769307602
|switch|p2a: Tyranitar|Tyranitar, M, shiny|86/100 psn|[from] U-turn
|
|-weather|Sandstorm|[upkeep]
|-damage|p1a: Ceruledge|84/100|[from] Sandstorm
|-damage|p2a: Tyranitar|74/100 psn|[from] psn
|upkeep
|turn|14
|inactive|Neolicity has 120 seconds left.
|
|t:|1769307637
|switch|p1a: Zamazenta|Zamazenta|100/100
|-ability|p1a: Zamazenta|Dauntless Shield|boost
|-boost|p1a: Zamazenta|def|1
|move|p2a: Tyranitar|Knock Off|p1a: Zamazenta
|-resisted|p1a: Zamazenta
|-damage|p1a: Zamazenta|87/100
|-enditem|p1a: Zamazenta|Leftovers|[from] move: Knock Off|[of] p2a: Tyranitar
|
|-weather|Sandstorm|[upkeep]
|-damage|p1a: Zamazenta|80/100|[from] Sandstorm
|-damage|p2a: Tyranitar|61/100 psn|[from] psn
|upkeep
|turn|15
|inactive|Neolicity has 120 seconds left.
|inactive|d00d guy has 120 seconds left.
|
|t:|1769307668
|switch|p1a: Ceruledge|Ceruledge, F|84/100
|switch|p2a: Zapdos|Zapdos, shiny|100/100
|
|-weather|none
|upkeep
|turn|16
|
|t:|1769307676
|move|p2a: Zapdos|Volt Switch|p1a: Ceruledge
|-damage|p1a: Ceruledge|44/100
|
|t:|1769307679
|switch|p2a: Toxapex|Toxapex, M, shiny|55/100|[from] Volt Switch
|move|p1a: Ceruledge|Swords Dance|p1a: Ceruledge
|-boost|p1a: Ceruledge|atk|2
|
|upkeep
|turn|17
|
|t:|1769307685
|move|p1a: Ceruledge|Poltergeist||[still]
|-fail|p1a: Ceruledge
|move|p2a: Toxapex|Haze|p2a: Toxapex
|-clearallboost
|
|upkeep
|turn|18
|
|t:|1769307692
|move|p1a: Ceruledge|Swords Dance|p1a: Ceruledge
|-boost|p1a: Ceruledge|atk|2
|move|p2a: Toxapex|Recover|p2a: Toxapex
|-heal|p2a: Toxapex|100/100
|
|upkeep
|turn|19
|
|t:|1769307697
|move|p1a: Ceruledge|Bitter Blade|p2a: Toxapex
|-resisted|p2a: Toxapex
|-damage|p2a: Toxapex|53/100
|-heal|p1a: Ceruledge|67/100|[from] drain|[of] p2a: Toxapex
|-damage|p1a: Ceruledge|57/100|[from] item: Life Orb
|move|p2a: Toxapex|Toxic|p1a: Ceruledge
|-status|p1a: Ceruledge|tox
|
|-damage|p1a: Ceruledge|51/100 tox|[from] psn
|upkeep
|turn|20
|
|t:|1769307709
|move|p1a: Ceruledge|Bitter Blade|p2a: Toxapex
|-resisted|p2a: Toxapex
|-damage|p2a: Toxapex|8/100
|-heal|p1a: Ceruledge|73/100 tox|[from] drain|[of] p2a: Toxapex
|-damage|p1a: Ceruledge|63/100 tox|[from] item: Life Orb
|move|p2a: Toxapex|Recover|p2a: Toxapex
|-heal|p2a: Toxapex|58/100
|
|-damage|p1a: Ceruledge|51/100 tox|[from] psn
|upkeep
|turn|21
|
|t:|1769307720
|move|p1a: Ceruledge|Shadow Sneak|p2a: Toxapex
|-damage|p2a: Toxapex|14/100
|-damage|p1a: Ceruledge|41/100 tox|[from] item: Life Orb
|move|p2a: Toxapex|Recover|p2a: Toxapex
|-heal|p2a: Toxapex|65/100
|
|-damage|p1a: Ceruledge|23/100 tox|[from] psn
|upkeep
|turn|22
|
|t:|1769307729
|switch|p1a: Deoxys|Deoxys-Speed|100/100
|-ability|p1a: Deoxys|Pressure
|move|p2a: Toxapex|Recover|p2a: Toxapex
|-heal|p2a: Toxapex|100/100
|
|upkeep
|turn|23
|
|t:|1769307736
|switch|p2a: Tyranitar|Tyranitar, M, shiny|61/100 psn
|-weather|Sandstorm|[from] ability: Sand Stream|[of] p2a: Tyranitar
|move|p1a: Deoxys|Reflect|p1a: Deoxys
|-sidestart|p1: Neolicity|Reflect
|
|-weather|Sandstorm|[upkeep]
|-damage|p1a: Deoxys|95/100|[from] Sandstorm
|-damage|p2a: Tyranitar|49/100 psn|[from] psn
|upkeep
|turn|24
|
|t:|1769307747
|switch|p1a: Ceruledge|Ceruledge, F|23/100 tox
|move|p2a: Tyranitar|Knock Off|p1a: Ceruledge
|-supereffective|p1a: Ceruledge
|-damage|p1a: Ceruledge|0 fnt
|-enditem|p1a: Ceruledge|Life Orb|[from] move: Knock Off|[of] p2a: Tyranitar
|faint|p1a: Ceruledge
|
|-weather|Sandstorm|[upkeep]
|-damage|p2a: Tyranitar|37/100 psn|[from] psn
|upkeep
|
|t:|1769307756
|switch|p1a: Ogerpon|Ogerpon-Wellspring, F|87/100
|turn|25
|
|t:|1769307765
|move|p1a: Ogerpon|Swords Dance|p1a: Ogerpon
|-boost|p1a: Ogerpon|atk|2
|move|p2a: Tyranitar|Stealth Rock|p1a: Ogerpon
|-sidestart|p1: Neolicity|move: Stealth Rock
|
|-weather|Sandstorm|[upkeep]
|-damage|p1a: Ogerpon|81/100|[from] Sandstorm
|-damage|p2a: Tyranitar|24/100 psn|[from] psn
|upkeep
|turn|26
|
|t:|1769307774
|move|p1a: Ogerpon|Horn Leech|p2a: Tyranitar
|-supereffective|p2a: Tyranitar
|-damage|p2a: Tyranitar|0 fnt
|-heal|p1a: Ogerpon|94/100|[from] drain|[of] p2a: Tyranitar
|faint|p2a: Tyranitar
|
|-weather|Sandstorm|[upkeep]
|-damage|p1a: Ogerpon|88/100|[from] Sandstorm
|upkeep
|
|t:|1769307782
|switch|p2a: Iron Valiant|Iron Valiant, shiny|100/100
|turn|27
|
|t:|1769307787
|move|p2a: Iron Valiant|Moonblast|p1a: Ogerpon
|-damage|p1a: Ogerpon|10/100
|move|p1a: Ogerpon|Ivy Cudgel|p2a: Iron Valiant|[anim] Ivy Cudgel Water
|-damage|p2a: Iron Valiant|0 fnt
|faint|p2a: Iron Valiant
|-end|p2a: Iron Valiant|Quark Drive|[silent]
|
|-weather|Sandstorm|[upkeep]
|-damage|p1a: Ogerpon|4/100|[from] Sandstorm
|upkeep
|
|t:|1769307795
|switch|p2a: Ogerpon|Ogerpon, F|63/100
|turn|28
|
|t:|1769307800
|move|p2a: Ogerpon|U-turn|p1a: Ogerpon
|-supereffective|p1a: Ogerpon
|-crit|p1a: Ogerpon
|-damage|p1a: Ogerpon|0 fnt
|faint|p1a: Ogerpon
|
|t:|1769307803
|switch|p2a: Zapdos|Zapdos, shiny|100/100|[from] U-turn
|
|-weather|Sandstorm|[upkeep]
|-damage|p2a: Zapdos|94/100|[from] Sandstorm
|upkeep
|
|t:|1769307809
|switch|p1a: Deoxys|Deoxys-Speed|95/100
|-damage|p1a: Deoxys|82/100|[from] Stealth Rock
|-ability|p1a: Deoxys|Pressure
|turn|29
|
|t:|1769307816
|move|p1a: Deoxys|Light Screen|p1a: Deoxys
|-sidestart|p1: Neolicity|move: Light Screen
|move|p2a: Zapdos|Volt Switch|p1a: Deoxys
|-damage|p1a: Deoxys|62/100
|
|t:|1769307822
|switch|p2a: Ogerpon|Ogerpon, F|63/100|[from] Volt Switch
|
|-weather|Sandstorm|[upkeep]
|-damage|p1a: Deoxys|56/100|[from] Sandstorm
|-damage|p2a: Ogerpon|57/100|[from] Sandstorm
|upkeep
|turn|30
|
|t:|1769307827
|move|p1a: Deoxys|Psycho Boost|p2a: Ogerpon
|-damage|p2a: Ogerpon|4/100
|-unboost|p1a: Deoxys|spa|2
|move|p2a: Ogerpon|U-turn|p1a: Deoxys
|-supereffective|p1a: Deoxys
|-damage|p1a: Deoxys|15/100
|
|t:|1769307831
|switch|p2a: Zapdos|Zapdos, shiny|94/100|[from] U-turn
|
|-weather|none
|-sideend|p1: Neolicity|Reflect
|upkeep
|turn|31
|
|t:|1769307837
|move|p1a: Deoxys|Taunt|p2a: Zapdos
|-start|p2a: Zapdos|move: Taunt
|move|p2a: Zapdos|Volt Switch|p1a: Deoxys
|-damage|p1a: Deoxys|0 fnt
|faint|p1a: Deoxys
|
|t:|1769307840
|switch|p2a: Toxapex|Toxapex, M, shiny|100/100|[from] Volt Switch
|
|upkeep
|
|t:|1769307861
|switch|p1a: Moltres|Moltres-Galar|100/100
|-damage|p1a: Moltres|75/100|[from] Stealth Rock
|turn|32
|
|t:|1769307867
|move|p1a: Moltres|Nasty Plot|p1a: Moltres
|-boost|p1a: Moltres|spa|2
|move|p2a: Toxapex|Toxic|p1a: Moltres
|-status|p1a: Moltres|tox
|
|-damage|p1a: Moltres|69/100 tox|[from] psn
|upkeep
|turn|33
|
|t:|1769307874
|move|p1a: Moltres|Nasty Plot|p1a: Moltres
|-boost|p1a: Moltres|spa|2
|move|p2a: Toxapex|Haze|p2a: Toxapex
|-clearallboost
|
|-damage|p1a: Moltres|57/100 tox|[from] psn
|upkeep
|turn|34
|-message|Neolicity forfeited.
|
|win|d00d guy
|raw|Neolicity's rating: 1335 &rarr; <strong>1319</strong><br />(-16 for losing)
|raw|d00d guy's rating: 1398 &rarr; <strong>1414</strong><br />(+16 for winning)
