|j|☆Rheinharut35
|j|☆YeoNAssoc
|t:|1769423496
|gametype|singles
|player|p1|Rheinharut35|marley|1492
|player|p2|YeoNAssoc|102|1533
|gen|9
|tier|[Gen 9] OU
|rated|
|rule|HP Percentage Mod: HP is shown in percentages
|rule|Endless Battle Clause: Forcing endless battles is banned
|rule|Species Clause: Limit one of each Pokémon
|rule|OHKO Clause: OHKO moves are banned
|rule|Evasion Items Clause: Evasion items are banned
|rule|Evasion Moves Clause: Evasion moves are banned
|rule|Evasion Abilities Clause: Evasion abilities are banned
|rule|Sleep Moves Clause: Sleep-inducing moves are banned
|clearpoke
|poke|p1|Torkoal, M|
|poke|p1|Ninetales, F|
|poke|p1|Walking Wake|
|poke|p1|Lilligant-Hisui, F|
|poke|p1|Great Tusk|
|poke|p1|Skeledirge, F|
|poke|p2|Cinderace, M|
|poke|p2|Zapdos|
|poke|p2|Iron Valiant|
|poke|p2|Darkrai|
|poke|p2|Zamazenta-*|
|poke|p2|Dragonite, M|
|teampreview
|inactive|Battle timer is ON: inactive players will automatically lose when time's up. (requested by Rheinharut35)
|
|t:|1769423516
|teamsize|p1|6
|teamsize|p2|6
|start
|switch|p1a: Torkoal|Torkoal, M|100/100
|switch|p2a: Cinderace|Cinderace, M, shiny|100/100
|-weather|SunnyDay|[from] ability: Drought|[of] p1a: Torkoal
|turn|1
|
|t:|1769423530
|move|p2a: Cinderace|High Jump Kick|p1a: Torkoal
|-start|p2a: Cinderace|typechange|Fighting|[from] ability: Libero
|-damage|p1a: Torkoal|53/100
|-damage|p2a: Cinderace|91/100|[from] item: Life Orb
|move|p1a: Torkoal|Stealth Rock|p2a: Cinderace
|-sidestart|p2: YeoNAssoc|move: Stealth Rock
|
|-weather|SunnyDay|[upkeep]
|upkeep
|turn|2
|
|t:|1769423543
|switch|p1a: Skeledirge|Skeledirge, F, shiny|100/100
|move|p2a: Cinderace|Court Change|p2a: Cinderace
|-swapsideconditions
|-activate|p2a: Cinderace|move: Court Change
|
|-weather|SunnyDay|[upkeep]
|upkeep
|turn|3
|
|t:|1769423554
|switch|p2a: Zapdos|Zapdos, shiny|100/100
|move|p1a: Skeledirge|Torch Song|p2a: Zapdos
|-damage|p2a: Zapdos|34/100
|-boost|p1a: Skeledirge|spa|1
|
|-weather|SunnyDay|[upkeep]
|upkeep
|turn|4
|
|t:|1769423565
|move|p1a: Skeledirge|Torch Song|p2a: Zapdos
|-damage|p2a: Zapdos|0 fnt
|-boost|p1a: Skeledirge|spa|1
|faint|p2a: Zapdos
|
|-weather|SunnyDay|[upkeep]
|upkeep
|inactive|YeoNAssoc has 120 seconds left.
|
|t:|1769423597
|switch|p2a: Dragonite|Dragonite, M, shiny|100/100
|turn|5
|inactive|YeoNAssoc has 120 seconds left.
|
|t:|1769423607
|switch|p1a: Lilligant|Lilligant-Hisui, F|100/100
|-damage|p1a: Lilligant|94/100|[from] Stealth Rock
|move|p2a: Dragonite|Dragon Dance|p2a: Dragonite
|-boost|p2a: Dragonite|atk|1
|-boost|p2a: Dragonite|spe|1
|
|-weather|SunnyDay|[upkeep]
|upkeep
|turn|6
|inactive|YeoNAssoc has 120 seconds left.
|
|t:|1769423622
|-terastallize|p2a: Dragonite|Normal
|move|p2a: Dragonite|Extreme Speed|p1a: Lilligant
|-damage|p1a: Lilligant|0 fnt
|faint|p1a: Lilligant
|-damage|p2a: Dragonite|91/100|[from] item: Life Orb
|
|-weather|SunnyDay|[upkeep]
|upkeep
|
|t:|1769423643
|switch|p1a: Great Tusk|Great Tusk, shiny|100/100
|-damage|p1a: Great Tusk|98/100|[from] Stealth Rock
|-activate|p1a: Great Tusk|ability: Protosynthesis
|-start|p1a: Great Tusk|protosynthesisatk
|turn|7
|
|t:|1769423652
|move|p2a: Dragonite|Outrage|p1a: Great Tusk
|-damage|p1a: Great Tusk|0 fnt
|faint|p1a: Great Tusk
|-end|p1a: Great Tusk|Protosynthesis|[silent]
|-damage|p2a: Dragonite|81/100|[from] item: Life Orb
|
|-weather|SunnyDay|[upkeep]
|upkeep
|
|t:|1769423670
|switch|p1a: Walking Wake|Walking Wake|100/100
|-damage|p1a: Walking Wake|88/100|[from] Stealth Rock
|-activate|p1a: Walking Wake|ability: Protosynthesis
|-start|p1a: Walking Wake|protosynthesisspa
|turn|8
|
|t:|1769423679
|-terastallize|p1a: Walking Wake|Fairy
|move|p2a: Dragonite|Outrage|p1a: Walking Wake|[from] lockedmove
|-immune|p1a: Walking Wake
|-start|p2a: Dragonite|confusion|[fatigue]
|move|p1a: Walking Wake|Hydro Steam|p2a: Dragonite
|-damage|p2a: Dragonite|0 fnt
|faint|p2a: Dragonite
|
|-weather|none
|-end|p1a: Walking Wake|Protosynthesis
|upkeep
|
|t:|1769423697
|switch|p2a: Darkrai|Darkrai, shiny|100/100
|turn|9
|
|t:|1769423703
|-end|p1a: Walking Wake|Protosynthesis|[silent]
|switch|p1a: Ninetales|Ninetales, F, shiny|100/100
|-damage|p1a: Ninetales|76/100|[from] Stealth Rock
|-weather|SunnyDay|[from] ability: Drought|[of] p1a: Ninetales
|move|p2a: Darkrai|Sludge Bomb|p1a: Ninetales
|-damage|p1a: Ninetales|35/100
|-status|p1a: Ninetales|psn
|-damage|p2a: Darkrai|91/100|[from] item: Life Orb
|
|-weather|SunnyDay|[upkeep]
|-damage|p1a: Ninetales|23/100 psn|[from] psn
|upkeep
|turn|10
|
|t:|1769423725
|move|p2a: Darkrai|Sludge Bomb|p1a: Ninetales
|-damage|p1a: Ninetales|0 fnt
|faint|p1a: Ninetales
|-damage|p2a: Darkrai|81/100|[from] item: Life Orb
|
|-weather|SunnyDay|[upkeep]
|upkeep
|
|t:|1769423737
|switch|p1a: Walking Wake|Walking Wake, tera:Fairy|88/100
|-damage|p1a: Walking Wake|76/100|[from] Stealth Rock
|-activate|p1a: Walking Wake|ability: Protosynthesis
|-start|p1a: Walking Wake|protosynthesisspa
|turn|11
|
|t:|1769423748
|move|p2a: Darkrai|Sludge Bomb|p1a: Walking Wake
|-supereffective|p1a: Walking Wake
|-crit|p1a: Walking Wake
|-damage|p1a: Walking Wake|0 fnt
|faint|p1a: Walking Wake
|-end|p1a: Walking Wake|Protosynthesis|[silent]
|-damage|p2a: Darkrai|71/100|[from] item: Life Orb
|
|-weather|SunnyDay|[upkeep]
|upkeep
|-message|Rheinharut35 forfeited.
|
|win|YeoNAssoc
|raw|Rheinharut35's rating: 1492 &rarr; <strong>1474</strong><br />(-18 for losing)
|raw|YeoNAssoc's rating: 1533 &rarr; <strong>1551</strong><br />(+18 for winning)
|l|☆Rheinharut35
|player|p1|
|l|☆YeoNAssoc
|player|p2|
