|j|☆Not A Fallacy
|j|☆MegaBaxShots
|t:|1769300933
|gametype|singles
|player|p1|Not A Fallacy|gardenia-masters|1437
|player|p2|MegaBaxShots|1|1401
|gen|9
|tier|[Gen 9] OU
|rated|
|rule|HP Percentage Mod: HP is shown in percentages
|rule|Endless Battle Clause: Forcing endless battles is banned
|rule|Species Clause: Limit one of each Pokémon
|rule|OHKO Clause: OHKO moves are banned
|rule|Evasion Items Clause: Evasion items are banned
|rule|Evasion Moves Clause: Evasion moves are banned
|rule|Evasion Abilities Clause: Evasion abilities are banned
|rule|Sleep Moves Clause: Sleep-inducing moves are banned
|clearpoke
|poke|p1|Tyranitar, F|
|poke|p1|Moltres|
|poke|p1|Zamazenta-*|
|poke|p1|Slowking-Galar, F|
|poke|p1|Excadrill, F|
|poke|p1|Hydrapple, M|
|poke|p2|Ogerpon, F|
|poke|p2|Primarina, F|
|poke|p2|Pecharunt|
|poke|p2|Great Tusk|
|poke|p2|Iron Crown|
|poke|p2|Zapdos-Galar|
|teampreview
|
|t:|1769300945
|teamsize|p1|6
|teamsize|p2|6
|start
|switch|p1a: Moltres|Moltres|100/100
|switch|p2a: Primarina|Primarina, F|100/100
|turn|1
|
|t:|1769300955
|switch|p1a: Slowking|Slowking-Galar, F|100/100
|move|p2a: Primarina|Psychic Noise|p1a: Slowking
|-damage|p1a: Slowking|79/100
|-start|p1a: Slowking|move: Heal Block
|
|upkeep
|turn|2
|
|t:|1769300964
|switch|p2a: Iron Crown|Iron Crown|100/100
|move|p1a: Slowking|Sludge Bomb|p2a: Iron Crown
|-immune|p2a: Iron Crown
|
|-end|p1a: Slowking|move: Heal Block
|upkeep
|turn|3
|
|t:|1769300973
|switch|p1a: Tyranitar|Tyranitar, F|100/100
|-weather|Sandstorm|[from] ability: Sand Stream|[of] p1a: Tyranitar
|move|p2a: Iron Crown|Volt Switch|p1a: Tyranitar
|-damage|p1a: Tyranitar|87/100
|
|t:|1769300983
|-end|p2a: Iron Crown|Quark Drive|[silent]
|switch|p2a: Ogerpon|Ogerpon, F|100/100|[from] Volt Switch
|
|-weather|Sandstorm|[upkeep]
|-damage|p2a: Ogerpon|95/100|[from] Sandstorm
|upkeep
|turn|4
|
|t:|1769300992
|move|p2a: Ogerpon|Rock Tomb|p1a: Tyranitar
|-damage|p1a: Tyranitar|64/100
|-unboost|p1a: Tyranitar|spe|1
|move|p1a: Tyranitar|Ice Beam|p2a: Ogerpon
|-supereffective|p2a: Ogerpon
|-damage|p2a: Ogerpon|49/100
|
|-weather|Sandstorm|[upkeep]
|-damage|p2a: Ogerpon|43/100|[from] Sandstorm
|upkeep
|turn|5
|
|t:|1769301002
|switch|p2a: Iron Crown|Iron Crown|100/100
|move|p1a: Tyranitar|Stealth Rock|p2a: Iron Crown
|-sidestart|p2: MegaBaxShots|move: Stealth Rock
|
|-weather|Sandstorm|[upkeep]
|upkeep
|turn|6
|
|t:|1769301012
|switch|p1a: Excadrill|Excadrill, F|100/100
|-item|p1a: Excadrill|Air Balloon
|move|p2a: Iron Crown|Tachyon Cutter|p1a: Excadrill
|-resisted|p1a: Excadrill
|-damage|p1a: Excadrill|76/100
|-enditem|p1a: Excadrill|Air Balloon
|-resisted|p1a: Excadrill
|-damage|p1a: Excadrill|51/100
|-hitcount|p1a: Excadrill|2
|
|-weather|Sandstorm|[upkeep]
|upkeep
|turn|7
|
|t:|1769301024
|-end|p2a: Iron Crown|Quark Drive|[silent]
|switch|p2a: Zapdos|Zapdos-Galar|100/100
|-damage|p2a: Zapdos|88/100|[from] Stealth Rock
|move|p1a: Excadrill|Iron Head|p2a: Zapdos
|-damage|p2a: Zapdos|37/100
|
|-weather|Sandstorm|[upkeep]
|-damage|p2a: Zapdos|31/100|[from] Sandstorm
|upkeep
|turn|8
|
|t:|1769301034
|move|p1a: Excadrill|Iron Head|p2a: Zapdos
|-damage|p2a: Zapdos|0 fnt
|faint|p2a: Zapdos
|
|-weather|Sandstorm|[upkeep]
|upkeep
|
|t:|1769301039
|switch|p2a: Great Tusk|Great Tusk|100/100
|-damage|p2a: Great Tusk|98/100|[from] Stealth Rock
|turn|9
|
|t:|1769301044
|switch|p1a: Moltres|Moltres|100/100
|move|p2a: Great Tusk|Rapid Spin|p1a: Moltres
|-damage|p1a: Moltres|89/100
|-boost|p2a: Great Tusk|spe|1
|-status|p2a: Great Tusk|brn|[from] ability: Flame Body|[of] p1a: Moltres
|-sideend|p2: MegaBaxShots|Stealth Rock|[from] move: Rapid Spin|[of] p2a: Great Tusk
|
|-weather|Sandstorm|[upkeep]
|-damage|p1a: Moltres|83/100|[from] Sandstorm
|-heal|p2a: Great Tusk|100/100 brn|[from] item: Leftovers
|-damage|p2a: Great Tusk|94/100 brn|[from] brn
|upkeep
|turn|10
|
|t:|1769301056
|move|p2a: Great Tusk|Stealth Rock|p1a: Moltres
|-sidestart|p1: Not A Fallacy|move: Stealth Rock
|move|p1a: Moltres|Flamethrower|p2a: Great Tusk
|-damage|p2a: Great Tusk|39/100 brn
|
|-weather|none
|-heal|p2a: Great Tusk|45/100 brn|[from] item: Leftovers
|-damage|p2a: Great Tusk|39/100 brn|[from] brn
|upkeep
|turn|11
|
|t:|1769301066
|-end|p2a: Great Tusk|Protosynthesis|[silent]
|switch|p2a: Primarina|Primarina, F|100/100
|move|p1a: Moltres|Flamethrower|p2a: Primarina
|-resisted|p2a: Primarina
|-damage|p2a: Primarina|91/100
|-status|p2a: Primarina|brn
|
|-damage|p2a: Primarina|85/100 brn|[from] brn
|upkeep
|turn|12
|
|t:|1769301077
|switch|p1a: Slowking|Slowking-Galar, F|100/100
|-damage|p1a: Slowking|88/100|[from] Stealth Rock
|move|p2a: Primarina|Moonblast|p1a: Slowking
|-resisted|p1a: Slowking
|-damage|p1a: Slowking|73/100
|-unboost|p1a: Slowking|spa|1
|
|-damage|p2a: Primarina|79/100 brn|[from] brn
|upkeep
|turn|13
|
|t:|1769301088
|switch|p2a: Iron Crown|Iron Crown|100/100
|move|p1a: Slowking|Flamethrower|p2a: Iron Crown
|-supereffective|p2a: Iron Crown
|-damage|p2a: Iron Crown|71/100
|-status|p2a: Iron Crown|brn
|
|-damage|p2a: Iron Crown|64/100 brn|[from] brn
|upkeep
|turn|14
|
|t:|1769301099
|move|p2a: Iron Crown|Tachyon Cutter|p1a: Slowking
|-damage|p1a: Slowking|53/100
|-damage|p1a: Slowking|31/100
|-hitcount|p1a: Slowking|2
|move|p1a: Slowking|Flamethrower|p2a: Iron Crown
|-supereffective|p2a: Iron Crown
|-damage|p2a: Iron Crown|31/100 brn
|
|-damage|p2a: Iron Crown|25/100 brn|[from] brn
|upkeep
|turn|15
|
|t:|1769301111
|switch|p1a: Moltres|Moltres|83/100
|move|p2a: Iron Crown|Tachyon Cutter|p1a: Moltres
|-resisted|p1a: Moltres
|-damage|p1a: Moltres|64/100
|-resisted|p1a: Moltres
|-damage|p1a: Moltres|46/100
|-hitcount|p1a: Moltres|2
|
|-damage|p2a: Iron Crown|19/100 brn|[from] brn
|upkeep
|turn|16
|
|t:|1769301123
|-end|p2a: Iron Crown|Quark Drive|[silent]
|switch|p2a: Primarina|Primarina, F|79/100 brn
|switch|p1a: Slowking|Slowking-Galar, F|64/100
|-damage|p1a: Slowking|52/100|[from] Stealth Rock
|
|-damage|p2a: Primarina|72/100 brn|[from] brn
|upkeep
|turn|17
|
|t:|1769301131
|move|p2a: Primarina|Whirlpool|p1a: Slowking
|-damage|p1a: Slowking|41/100
|-activate|p1a: Slowking|move: Whirlpool|[of] p2a: Primarina
|move|p1a: Slowking|Sludge Bomb|p2a: Primarina
|-supereffective|p2a: Primarina
|-damage|p2a: Primarina|34/100 brn
|
|-damage|p2a: Primarina|28/100 brn|[from] brn
|-damage|p1a: Slowking|28/100|[from] move: Whirlpool|[partiallytrapped]
|upkeep
|turn|18
|
|t:|1769301140
|move|p2a: Primarina|Psychic Noise|p1a: Slowking
|-damage|p1a: Slowking|6/100
|-start|p1a: Slowking|move: Heal Block
|move|p1a: Slowking|Sludge Bomb|p2a: Primarina
|-supereffective|p2a: Primarina
|-damage|p2a: Primarina|0 fnt
|faint|p2a: Primarina
|
|-end|p1a: Slowking|Whirlpool|[partiallytrapped]|[silent]
|upkeep
|
|t:|1769301152
|switch|p2a: Iron Crown|Iron Crown|19/100 brn
|turn|19
|
|t:|1769301169
|switch|p1a: Zamazenta|Zamazenta|100/100
|-damage|p1a: Zamazenta|94/100|[from] Stealth Rock
|-ability|p1a: Zamazenta|Dauntless Shield|boost
|-boost|p1a: Zamazenta|def|1
|move|p2a: Iron Crown|Volt Switch|p1a: Zamazenta
|-damage|p1a: Zamazenta|61/100
|
|t:|1769301177
|-end|p2a: Iron Crown|Quark Drive|[silent]
|switch|p2a: Pecharunt|Pecharunt|100/100|[from] Volt Switch
|
|-heal|p1a: Zamazenta|67/100|[from] item: Leftovers
|upkeep
|turn|20
|
|t:|1769301182
|move|p1a: Zamazenta|Crunch|p2a: Pecharunt
|-supereffective|p2a: Pecharunt
|-damage|p2a: Pecharunt|82/100
|move|p2a: Pecharunt|Malignant Chain|p1a: Zamazenta
|-damage|p1a: Zamazenta|40/100
|
|-heal|p1a: Zamazenta|46/100|[from] item: Leftovers
|upkeep
|turn|21
|
|t:|1769301192
|switch|p1a: Tyranitar|Tyranitar, F|64/100
|-damage|p1a: Tyranitar|52/100|[from] Stealth Rock
|-weather|Sandstorm|[from] ability: Sand Stream|[of] p1a: Tyranitar
|move|p2a: Pecharunt|Malignant Chain|p1a: Tyranitar
|-resisted|p1a: Tyranitar
|-damage|p1a: Tyranitar|45/100
|-status|p1a: Tyranitar|tox
|-start|p1a: Tyranitar|confusion|[from] ability: Poison Puppeteer|[of] p2a: Pecharunt
|
|-weather|Sandstorm|[upkeep]
|-damage|p2a: Pecharunt|75/100|[from] Sandstorm
|-damage|p1a: Tyranitar|39/100 tox|[from] psn
|upkeep
|turn|22
|
|t:|1769301206
|move|p2a: Pecharunt|Parting Shot|p1a: Tyranitar
|-unboost|p1a: Tyranitar|atk|1
|-unboost|p1a: Tyranitar|spa|1
|
|t:|1769301210
|switch|p2a: Iron Crown|Iron Crown|19/100 brn|[from] Parting Shot
|-activate|p1a: Tyranitar|confusion
|move|p1a: Tyranitar|Knock Off|p2a: Iron Crown
|-supereffective|p2a: Iron Crown
|-crit|p2a: Iron Crown
|-damage|p2a: Iron Crown|0 fnt
|-enditem|p2a: Iron Crown|Choice Specs|[from] move: Knock Off|[of] p1a: Tyranitar
|faint|p2a: Iron Crown
|-end|p2a: Iron Crown|Quark Drive|[silent]
|
|-weather|Sandstorm|[upkeep]
|-damage|p1a: Tyranitar|27/100 tox|[from] psn
|upkeep
|
|t:|1769301220
|switch|p2a: Ogerpon|Ogerpon, F|43/100
|turn|23
|
|t:|1769301231
|switch|p1a: Hydrapple|Hydrapple, M, shiny|100/100
|-damage|p1a: Hydrapple|88/100|[from] Stealth Rock
|-terastallize|p2a: Ogerpon|Grass
|detailschange|p2a: Ogerpon|Ogerpon-Teal-Tera, F, tera:Grass
|-ability|p2a: Ogerpon|Embody Aspect (Teal)|boost
|-boost|p2a: Ogerpon|spe|1
|move|p2a: Ogerpon|Ivy Cudgel|p1a: Hydrapple
|-resisted|p1a: Hydrapple
|-damage|p1a: Hydrapple|69/100
|
|-weather|Sandstorm|[upkeep]
|-damage|p2a: Ogerpon|37/100|[from] Sandstorm
|-damage|p1a: Hydrapple|63/100|[from] Sandstorm
|upkeep
|turn|24
|
|t:|1769301245
|switch|p2a: Great Tusk|Great Tusk|39/100 brn
|move|p1a: Hydrapple|Draco Meteor|p2a: Great Tusk
|-damage|p2a: Great Tusk|0 fnt
|-unboost|p1a: Hydrapple|spa|2
|faint|p2a: Great Tusk
|-end|p2a: Great Tusk|Protosynthesis|[silent]
|-damage|p1a: Hydrapple|54/100|[from] item: Life Orb
|
|-weather|Sandstorm|[upkeep]
|-damage|p1a: Hydrapple|47/100|[from] Sandstorm
|upkeep
|
|t:|1769301255
|switch|p2a: Pecharunt|Pecharunt|75/100
|turn|25
|
|t:|1769301260
|switch|p1a: Excadrill|Excadrill, F|51/100
|-damage|p1a: Excadrill|48/100|[from] Stealth Rock
|move|p2a: Pecharunt|Recover|p2a: Pecharunt
|-heal|p2a: Pecharunt|100/100
|
|-weather|Sandstorm|[upkeep]
|-damage|p2a: Pecharunt|94/100|[from] Sandstorm
|upkeep
|turn|26
|
|t:|1769301269
|move|p1a: Excadrill|Earthquake|p2a: Pecharunt
|-supereffective|p2a: Pecharunt
|-damage|p2a: Pecharunt|44/100
|move|p2a: Pecharunt|Shadow Ball|p1a: Excadrill
|-damage|p1a: Excadrill|14/100
|
|-weather|Sandstorm|[upkeep]
|-damage|p2a: Pecharunt|38/100|[from] Sandstorm
|upkeep
|turn|27
|-message|MegaBaxShots forfeited.
|
|win|Not A Fallacy
|raw|Not A Fallacy's rating: 1437 &rarr; <strong>1455</strong><br />(+18 for winning)
|raw|MegaBaxShots's rating: 1401 &rarr; <strong>1383</strong><br />(-18 for losing)
|l|☆MegaBaxShots
|player|p2|
