|j|☆big bod3
|j|☆sendal
|t:|1769303553
|gametype|singles
|player|p1|big bod3|marshal|1023
|player|p2|sendal|proton|1044
|gen|9
|tier|[Gen 9] OU
|rated|
|rule|HP Percentage Mod: HP is shown in percentages
|rule|Endless Battle Clause: Forcing endless battles is banned
|rule|Species Clause: Limit one of each Pokémon
|rule|OHKO Clause: OHKO moves are banned
|rule|Evasion Items Clause: Evasion items are banned
|rule|Evasion Moves Clause: Evasion moves are banned
|rule|Evasion Abilities Clause: Evasion abilities are banned
|rule|Sleep Moves Clause: Sleep-inducing moves are banned
|clearpoke
|poke|p1|Drifblim, F|
|poke|p1|Tyranitar, M|
|poke|p1|Dondozo, M|
|poke|p1|Great Tusk|
|poke|p1|Dragonite, F|
|poke|p1|Iron Valiant|
|poke|p2|Serperior, M|
|poke|p2|Kingambit, M|
|poke|p2|Iron Moth|
|poke|p2|Corviknight, M|
|poke|p2|Pelipper, M|
|poke|p2|Lanturn, M|
|teampreview
|
|t:|1769303567
|teamsize|p1|6
|teamsize|p2|6
|start
|switch|p1a: ᛚDon|Dondozo, M|100/100
|switch|p2a: Serperior|Serperior, M, shiny|100/100
|turn|1
|
|t:|1769303574
|-terastallize|p1a: ᛚDon|Steel
|move|p2a: Serperior|Leaf Storm|p1a: ᛚDon
|-resisted|p1a: ᛚDon
|-damage|p1a: ᛚDon|78/100
|-boost|p2a: Serperior|spa|2
|move|p1a: ᛚDon|Avalanche|p2a: Serperior
|-supereffective|p2a: Serperior
|-damage|p2a: Serperior|6/100
|
|-heal|p2a: Serperior|13/100|[from] item: Leftovers
|-heal|p1a: ᛚDon|84/100|[from] item: Leftovers
|upkeep
|turn|2
|
|t:|1769303603
|switch|p2a: Iron Moth|Iron Moth, shiny|100/100
|-enditem|p2a: Iron Moth|Booster Energy
|-activate|p2a: Iron Moth|ability: Quark Drive|[fromitem]
|-start|p2a: Iron Moth|quarkdrivespa
|move|p1a: ᛚDon|Liquidation|p2a: Iron Moth
|-supereffective|p2a: Iron Moth
|-damage|p2a: Iron Moth|18/100
|
|-heal|p1a: ᛚDon|91/100|[from] item: Leftovers
|upkeep
|turn|3
|
|t:|1769303621
|switch|p1a: ᛃᛚgrunderRoots|Great Tusk|100/100
|-item|p1a: ᛃᛚgrunderRoots|Air Balloon
|move|p2a: Iron Moth|Lunge|p1a: ᛃᛚgrunderRoots
|-resisted|p1a: ᛃᛚgrunderRoots
|-damage|p1a: ᛃᛚgrunderRoots|97/100
|-unboost|p1a: ᛃᛚgrunderRoots|atk|1
|-enditem|p1a: ᛃᛚgrunderRoots|Air Balloon
|
|upkeep
|turn|4
|
|t:|1769303633
|move|p2a: Iron Moth|Hurricane|p1a: ᛃᛚgrunderRoots
|-supereffective|p1a: ᛃᛚgrunderRoots
|-damage|p1a: ᛃᛚgrunderRoots|0 fnt
|faint|p1a: ᛃᛚgrunderRoots
|-end|p1a: ᛃᛚgrunderRoots|Protosynthesis|[silent]
|
|upkeep
|
|t:|1769303637
|switch|p1a: ᛏCrown|Dragonite, F, shiny|100/100
|turn|5
|
|t:|1769303641
|move|p1a: ᛏCrown|Extreme Speed|p2a: Iron Moth
|-damage|p2a: Iron Moth|0 fnt
|faint|p2a: Iron Moth
|-end|p2a: Iron Moth|Quark Drive|[silent]
|
|upkeep
|
|t:|1769303647
|switch|p2a: Lanturn|Lanturn, M, shiny|100/100
|turn|6
|c|☆big bod3|Did je jave have to go
|
|t:|1769303682
|switch|p1a: ᛚDon|Dondozo, M, tera:Steel|91/100
|move|p2a: Lanturn|Hydro Pump|p1a: ᛚDon
|-damage|p1a: ᛚDon|48/100
|
|-heal|p1a: ᛚDon|54/100|[from] item: Leftovers
|upkeep
|turn|7
|
|t:|1769303694
|move|p2a: Lanturn|Electroweb|p1a: ᛚDon
|-damage|p1a: ᛚDon|32/100
|-unboost|p1a: ᛚDon|spe|1
|move|p1a: ᛚDon|Liquidation|p2a: Lanturn
|-resisted|p2a: Lanturn
|-damage|p2a: Lanturn|79/100
|
|-heal|p1a: ᛚDon|38/100|[from] item: Leftovers
|upkeep
|turn|8
|
|t:|1769303712
|move|p2a: Lanturn|Hydro Pump|p1a: ᛚDon
|-damage|p1a: ᛚDon|0 fnt
|faint|p1a: ᛚDon
|
|upkeep
|
|t:|1769303722
|switch|p1a: ᚹᛋWarlight|Iron Valiant|100/100
|turn|9
|
|t:|1769303735
|move|p1a: ᚹᛋWarlight|Focus Blast|p2a: Lanturn
|-damage|p2a: Lanturn|21/100
|move|p2a: Lanturn|Hydro Pump|p1a: ᚹᛋWarlight
|-damage|p1a: ᚹᛋWarlight|45/100
|
|upkeep
|turn|10
|
|t:|1769303747
|move|p2a: Lanturn|Sucker Punch|p1a: ᚹᛋWarlight
|-resisted|p1a: ᚹᛋWarlight
|-damage|p1a: ᚹᛋWarlight|42/100
|move|p1a: ᚹᛋWarlight|Hyper Voice|p2a: Lanturn
|-damage|p2a: Lanturn|0 fnt
|faint|p2a: Lanturn
|
|upkeep
|
|t:|1769303754
|switch|p2a: Corviknight|Corviknight, M, shiny|100/100
|turn|11
|c|☆big bod3|For don
|
|t:|1769303767
|-end|p1a: ᚹᛋWarlight|Quark Drive|[silent]
|switch|p1a: ᛖᛏᛇAydrift|Drifblim, F|100/100
|move|p2a: Corviknight|Brave Bird|p1a: ᛖᛏᛇAydrift
|-damage|p1a: ᛖᛏᛇAydrift|55/100
|-damage|p2a: Corviknight|80/100|[from] Recoil
|
|-heal|p1a: ᛖᛏᛇAydrift|61/100|[from] item: Leftovers
|upkeep
|turn|12
|
|t:|1769303779
|move|p1a: ᛖᛏᛇAydrift|Knock Off|p2a: Corviknight
|-damage|p2a: Corviknight|68/100
|-enditem|p2a: Corviknight|Covert Cloak|[from] move: Knock Off|[of] p1a: ᛖᛏᛇAydrift
|move|p2a: Corviknight|Iron Defense|p2a: Corviknight
|-boost|p2a: Corviknight|def|2
|
|-heal|p1a: ᛖᛏᛇAydrift|67/100|[from] item: Leftovers
|upkeep
|turn|13
|c|☆big bod3|Some delivery
|
|t:|1769303799
|move|p1a: ᛖᛏᛇAydrift|Clear Smog|p2a: Corviknight
|-immune|p2a: Corviknight
|move|p2a: Corviknight|Brave Bird|p1a: ᛖᛏᛇAydrift
|-damage|p1a: ᛖᛏᛇAydrift|19/100
|-damage|p2a: Corviknight|46/100|[from] Recoil
|
|-heal|p1a: ᛖᛏᛇAydrift|26/100|[from] item: Leftovers
|upkeep
|turn|14
|
|t:|1769303807
|move|p1a: ᛖᛏᛇAydrift|Destiny Bond|p1a: ᛖᛏᛇAydrift
|-singlemove|p1a: ᛖᛏᛇAydrift|Destiny Bond
|move|p2a: Corviknight|Brave Bird|p1a: ᛖᛏᛇAydrift
|-damage|p1a: ᛖᛏᛇAydrift|0 fnt
|-damage|p2a: Corviknight|21/100|[from] ability: Aftermath|[of] p1a: ᛖᛏᛇAydrift
|faint|p1a: ᛖᛏᛇAydrift
|-activate|p1a: ᛖᛏᛇAydrift|move: Destiny Bond
|faint|p2a: Corviknight
|
|upkeep
|
|t:|1769303819
|switch|p1a: ᛏCrown|Dragonite, F, shiny|100/100
|switch|p2a: Pelipper|Pelipper, M|100/100
|-weather|RainDance|[from] ability: Drizzle|[of] p2a: Pelipper
|turn|15
|
|t:|1769303829
|move|p2a: Pelipper|Chilling Water|p1a: ᛏCrown
|-resisted|p1a: ᛏCrown
|-damage|p1a: ᛏCrown|93/100
|-unboost|p1a: ᛏCrown|atk|1
|move|p1a: ᛏCrown|Dragon Dance|p1a: ᛏCrown
|-boost|p1a: ᛏCrown|atk|1
|-boost|p1a: ᛏCrown|spe|1
|
|-weather|RainDance|[upkeep]
|-heal|p1a: ᛏCrown|99/100|[from] item: Leftovers
|upkeep
|turn|16
|
|t:|1769303841
|move|p1a: ᛏCrown|Dragon Claw|p2a: Pelipper
|-damage|p2a: Pelipper|37/100
|move|p2a: Pelipper|Hurricane|p1a: ᛏCrown
|-crit|p1a: ᛏCrown
|-damage|p1a: ᛏCrown|22/100
|
|-weather|RainDance|[upkeep]
|-heal|p1a: ᛏCrown|28/100|[from] item: Leftovers
|upkeep
|turn|17
|
|t:|1769303851
|move|p1a: ᛏCrown|Dragon Claw|p2a: Pelipper
|-damage|p2a: Pelipper|0 fnt
|faint|p2a: Pelipper
|
|-weather|RainDance|[upkeep]
|-heal|p1a: ᛏCrown|34/100|[from] item: Leftovers
|upkeep
|
|t:|1769303874
|switch|p2a: Kingambit|Kingambit, M, shiny|100/100
|-activate|p2a: Kingambit|ability: Supreme Overlord
|-start|p2a: Kingambit|fallen4|[silent]
|turn|18
|
|t:|1769303883
|move|p1a: ᛏCrown|Encore||[still]
|-fail|p1a: ᛏCrown
|move|p2a: Kingambit|Poison Jab|p1a: ᛏCrown
|-damage|p1a: ᛏCrown|0 fnt
|faint|p1a: ᛏCrown
|-damage|p2a: Kingambit|90/100|[from] item: Life Orb
|
|-weather|RainDance|[upkeep]
|upkeep
|
|t:|1769303906
|switch|p1a: ᛃTtar|Tyranitar, M|100/100
|-weather|Sandstorm|[from] ability: Sand Stream|[of] p1a: ᛃTtar
|turn|19
|
|t:|1769303921
|-terastallize|p2a: Kingambit|Fairy
|move|p1a: ᛃTtar|Body Press|p2a: Kingambit
|-resisted|p2a: Kingambit
|-damage|p2a: Kingambit|83/100
|move|p2a: Kingambit|Swords Dance|p2a: Kingambit
|-boost|p2a: Kingambit|atk|2
|
|-weather|Sandstorm|[upkeep]
|-damage|p2a: Kingambit|77/100|[from] Sandstorm
|upkeep
|turn|20
|
|t:|1769303935
|move|p2a: Kingambit|Sucker Punch|p1a: ᛃTtar
|-resisted|p1a: ᛃTtar
|-damage|p1a: ᛃTtar|39/100
|-damage|p2a: Kingambit|67/100|[from] item: Life Orb
|move|p1a: ᛃTtar|Earthquake|p2a: Kingambit
|-damage|p2a: Kingambit|39/100
|
|-weather|Sandstorm|[upkeep]
|-damage|p2a: Kingambit|33/100|[from] Sandstorm
|-heal|p1a: ᛃTtar|46/100|[from] item: Leftovers
|upkeep
|turn|21
|
|t:|1769303955
|move|p2a: Kingambit|Sucker Punch|p1a: ᛃTtar
|-resisted|p1a: ᛃTtar
|-damage|p1a: ᛃTtar|0 fnt
|faint|p1a: ᛃTtar
|-damage|p2a: Kingambit|23/100|[from] item: Life Orb
|
|-weather|Sandstorm|[upkeep]
|-damage|p2a: Kingambit|17/100|[from] Sandstorm
|upkeep
|
|t:|1769303959
|switch|p1a: ᚹᛋWarlight|Iron Valiant|42/100
|turn|22
|
|t:|1769303965
|move|p2a: Kingambit|Sucker Punch|p1a: ᚹᛋWarlight
|-resisted|p1a: ᚹᛋWarlight
|-damage|p1a: ᚹᛋWarlight|0 fnt
|faint|p1a: ᚹᛋWarlight
|-end|p1a: ᚹᛋWarlight|Quark Drive|[silent]
|-damage|p2a: Kingambit|7/100|[from] item: Life Orb
|
|win|sendal
|raw|big bod3's rating: 1023 &rarr; <strong>1010</strong><br />(-13 for losing)
|raw|sendal's rating: 1044 &rarr; <strong>1075</strong><br />(+31 for winning)
|l|☆sendal
|player|p2|
|c|☆big bod3|Can the runes heal them cause their beatin
