|j|☆jshahsbshsbsbsb
|j|☆wcpwcplejlej
|t:|1769326797
|gametype|singles
|player|p1|jshahsbshsbsbsb|hilbert|1025
|player|p2|wcpwcplejlej|170|1000
|gen|9
|tier|[Gen 9] OU
|rated|
|rule|HP Percentage Mod: HP is shown in percentages
|rule|Endless Battle Clause: Forcing endless battles is banned
|rule|Species Clause: Limit one of each Pokémon
|rule|OHKO Clause: OHKO moves are banned
|rule|Evasion Items Clause: Evasion items are banned
|rule|Evasion Moves Clause: Evasion moves are banned
|rule|Evasion Abilities Clause: Evasion abilities are banned
|rule|Sleep Moves Clause: Sleep-inducing moves are banned
|clearpoke
|poke|p1|Greninja-*, M|
|poke|p1|Scizor, F|
|poke|p1|Donphan, M|
|poke|p1|Electivire, F|
|poke|p1|Tinkaton, F|
|poke|p1|Armarouge, M|
|poke|p2|Tyranitar, F|
|poke|p2|Excadrill, F|
|poke|p2|Keldeo-Resolute|
|poke|p2|Tornadus-Therian, M|
|poke|p2|Heatran, M|
|poke|p2|Hydrapple, F|
|teampreview
|
|t:|1769326802
|teamsize|p1|6
|teamsize|p2|6
|start
|switch|p1a: Donphan|Donphan, M|100/100
|switch|p2a: Tyranitar|Tyranitar, F|100/100
|-weather|Sandstorm|[from] ability: Sand Stream|[of] p2a: Tyranitar
|turn|1
|
|t:|1769326866
|move|p2a: Tyranitar|Stone Edge|p1a: Donphan
|-resisted|p1a: Donphan
|-crit|p1a: Donphan
|-damage|p1a: Donphan|62/100
|move|p1a: Donphan|Stealth Rock|p2a: Tyranitar
|-sidestart|p2: wcpwcplejlej|move: Stealth Rock
|
|-weather|Sandstorm|[upkeep]
|-heal|p1a: Donphan|68/100|[from] item: Leftovers
|upkeep
|turn|2
|
|t:|1769326880
|switch|p2a: Excadrill|Excadrill, F|100/100
|-damage|p2a: Excadrill|97/100|[from] Stealth Rock
|-item|p2a: Excadrill|Air Balloon
|move|p1a: Donphan|Earthquake|p2a: Excadrill
|-immune|p2a: Excadrill
|
|-weather|Sandstorm|[upkeep]
|-heal|p1a: Donphan|74/100|[from] item: Leftovers
|upkeep
|turn|3
|
|t:|1769326895
|move|p1a: Donphan|Ice Shard|p2a: Excadrill
|-crit|p2a: Excadrill
|-damage|p2a: Excadrill|75/100
|-enditem|p2a: Excadrill|Air Balloon
|move|p2a: Excadrill|Swords Dance|p2a: Excadrill
|-boost|p2a: Excadrill|atk|2
|
|-weather|Sandstorm|[upkeep]
|-heal|p1a: Donphan|81/100|[from] item: Leftovers
|upkeep
|turn|4
|
|t:|1769326934
|move|p2a: Excadrill|Earthquake|p1a: Donphan
|-damage|p1a: Donphan|19/100
|move|p1a: Donphan|Earthquake|p2a: Excadrill
|-supereffective|p2a: Excadrill
|-damage|p2a: Excadrill|0 fnt
|faint|p2a: Excadrill
|
|-weather|Sandstorm|[upkeep]
|-heal|p1a: Donphan|25/100|[from] item: Leftovers
|upkeep
|
|t:|1769326945
|switch|p2a: Tyranitar|Tyranitar, F|100/100
|-damage|p2a: Tyranitar|88/100|[from] Stealth Rock
|turn|5
|
|t:|1769326953
|move|p2a: Tyranitar|Low Kick|p1a: Donphan
|-damage|p1a: Donphan|0 fnt
|faint|p1a: Donphan
|
|-weather|none
|upkeep
|
|t:|1769326960
|switch|p1a: Greninja|Greninja, M|100/100
|turn|6
|
|t:|1769326979
|move|p1a: Greninja|Hydro Pump|p2a: Tyranitar
|-supereffective|p2a: Tyranitar
|-damage|p2a: Tyranitar|0 fnt
|faint|p2a: Tyranitar
|-ability|p1a: Greninja|Battle Bond|boost
|-boost|p1a: Greninja|atk|1
|-boost|p1a: Greninja|spa|1
|-boost|p1a: Greninja|spe|1
|-activate|p1a: Greninja|ability: Battle Bond
|
|upkeep
|
|t:|1769326998
|switch|p2a: Keldeo|Keldeo-Resolute|100/100
|-damage|p2a: Keldeo|94/100|[from] Stealth Rock
|turn|7
|
|t:|1769327012
|move|p1a: Greninja|Sludge Wave|p2a: Keldeo
|-damage|p2a: Keldeo|49/100
|move|p2a: Keldeo|Secret Sword|p1a: Greninja
|-supereffective|p1a: Greninja
|-damage|p1a: Greninja|0 fnt
|faint|p1a: Greninja
|
|upkeep
|
|t:|1769327022
|switch|p1a: Tinkaton|Tinkaton, F|100/100
|-ability|p1a: Tinkaton|Mold Breaker
|turn|8
|
|t:|1769327027
|move|p2a: Keldeo|Secret Sword|p1a: Tinkaton
|-damage|p1a: Tinkaton|19/100
|move|p1a: Tinkaton|Play Rough|p2a: Keldeo
|-supereffective|p2a: Keldeo
|-damage|p2a: Keldeo|0 fnt
|faint|p2a: Keldeo
|
|upkeep
|
|t:|1769327038
|switch|p2a: Tornadus|Tornadus-Therian, M|100/100
|turn|9
|
|t:|1769327044
|move|p2a: Tornadus|Heat Wave|p1a: Tinkaton
|-supereffective|p1a: Tinkaton
|-damage|p1a: Tinkaton|0 fnt
|faint|p1a: Tinkaton
|
|upkeep
|
|t:|1769327050
|switch|p1a: Electivire|Electivire, F, shiny|100/100
|turn|10
|
|t:|1769327069
|move|p2a: Tornadus|Bleakwind Storm|p1a: Electivire
|-resisted|p1a: Electivire
|-crit|p1a: Electivire
|-damage|p1a: Electivire|64/100
|move|p1a: Electivire|Thunder Punch|p2a: Tornadus
|-supereffective|p2a: Tornadus
|-damage|p2a: Tornadus|0 fnt
|faint|p2a: Tornadus
|-damage|p1a: Electivire|54/100|[from] item: Life Orb
|
|upkeep
|
|t:|1769327080
|switch|p2a: Hydrapple|Hydrapple, F|100/100
|-damage|p2a: Hydrapple|88/100|[from] Stealth Rock
|turn|11
|
|t:|1769327090
|move|p1a: Electivire|Ice Punch|p2a: Hydrapple
|-supereffective|p2a: Hydrapple
|-damage|p2a: Hydrapple|13/100
|-damage|p1a: Electivire|37/100|[from] item: Rocky Helmet|[of] p2a: Hydrapple
|-damage|p1a: Electivire|28/100|[from] item: Life Orb
|move|p2a: Hydrapple|Earth Power|p1a: Electivire
|-supereffective|p1a: Electivire
|-damage|p1a: Electivire|0 fnt
|faint|p1a: Electivire
|
|upkeep
|
|t:|1769327100
|switch|p1a: Scizor|Scizor, F|100/100
|turn|12
|
|t:|1769327107
|switch|p2a: Heatran|Heatran, M|100/100
|-damage|p2a: Heatran|88/100|[from] Stealth Rock
|move|p1a: Scizor|Bullet Punch|p2a: Heatran
|-resisted|p2a: Heatran
|-damage|p2a: Heatran|79/100
|-damage|p1a: Scizor|91/100|[from] item: Life Orb
|
|-heal|p2a: Heatran|85/100|[from] item: Leftovers
|upkeep
|turn|13
|
|t:|1769327120
|-terastallize|p1a: Scizor|Fighting
|move|p2a: Heatran|Magma Storm|p1a: Scizor
|-damage|p1a: Scizor|33/100
|-activate|p1a: Scizor|move: Magma Storm|[of] p2a: Heatran
|move|p1a: Scizor|Swords Dance|p1a: Scizor
|-boost|p1a: Scizor|atk|2
|
|-heal|p2a: Heatran|91/100|[from] item: Leftovers
|-damage|p1a: Scizor|21/100|[from] move: Magma Storm|[partiallytrapped]
|upkeep
|turn|14
|
|t:|1769327142
|move|p1a: Scizor|Bullet Punch|p2a: Heatran
|-resisted|p2a: Heatran
|-damage|p2a: Heatran|74/100
|-status|p1a: Scizor|brn|[from] ability: Flame Body|[of] p2a: Heatran
|-damage|p1a: Scizor|11/100 brn|[from] item: Life Orb
|move|p2a: Heatran|Stealth Rock|p1a: Scizor
|-sidestart|p1: jshahsbshsbsbsb|move: Stealth Rock
|
|-heal|p2a: Heatran|80/100|[from] item: Leftovers
|-damage|p1a: Scizor|5/100 brn|[from] brn
|-damage|p1a: Scizor|0 fnt|[from] move: Magma Storm|[partiallytrapped]
|faint|p1a: Scizor
|upkeep
|
|t:|1769327153
|switch|p1a: Armarouge|Armarouge, M, shiny|100/100
|-damage|p1a: Armarouge|76/100|[from] Stealth Rock
|turn|15
|
|t:|1769327175
|move|p2a: Heatran|Earth Power|p1a: Armarouge
|-supereffective|p1a: Armarouge
|-damage|p1a: Armarouge|34/100
|move|p1a: Armarouge|Acid Spray|p2a: Heatran
|-immune|p2a: Heatran
|
|-heal|p2a: Heatran|86/100|[from] item: Leftovers
|upkeep
|turn|16
|
|t:|1769327184
|move|p2a: Heatran|Earth Power|p1a: Armarouge
|-supereffective|p1a: Armarouge
|-damage|p1a: Armarouge|0 fnt
|faint|p1a: Armarouge
|
|win|wcpwcplejlej
|raw|jshahsbshsbsbsb's rating: 1025 &rarr; <strong>1010</strong><br />(-15 for losing)
|raw|wcpwcplejlej's rating: 1000 &rarr; <strong>1043</strong><br />(+43 for winning)
|l|☆jshahsbshsbsbsb
|player|p1|
