|j|‽machopped unc
|j|☆getreyal
|t:|1769326170
|gametype|singles
|player|p1|machopped unc|clown|1732
|player|p2|getreyal|pokemonbreeder-gen4|1734
|gen|9
|tier|[Gen 9] OU
|rated|
|rule|HP Percentage Mod: HP is shown in percentages
|rule|Endless Battle Clause: Forcing endless battles is banned
|rule|Species Clause: Limit one of each Pokémon
|rule|OHKO Clause: OHKO moves are banned
|rule|Evasion Items Clause: Evasion items are banned
|rule|Evasion Moves Clause: Evasion moves are banned
|rule|Evasion Abilities Clause: Evasion abilities are banned
|rule|Sleep Moves Clause: Sleep-inducing moves are banned
|clearpoke
|poke|p1|Gholdengo|
|poke|p1|Iron Valiant|
|poke|p1|Ribombee, M|
|poke|p1|Dragonite, M|
|poke|p1|Glimmora, F|
|poke|p1|Kingambit, F|
|poke|p2|Landorus-Therian, M|
|poke|p2|Zamazenta-*|
|poke|p2|Raging Bolt|
|poke|p2|Cinderace, F|
|poke|p2|Samurott-Hisui, M|
|poke|p2|Hatterene, F|
|teampreview
|
|t:|1769326187
|teamsize|p1|6
|teamsize|p2|6
|start
|switch|p1a: Glimmora|Glimmora, F|100/100
|switch|p2a: Hatterene|Hatterene, F|100/100
|turn|1
|
|t:|1769326191
|move|p1a: Glimmora|Meteor Beam||[still]
|-prepare|p1a: Glimmora|Meteor Beam
|-boost|p1a: Glimmora|spa|1
|-enditem|p1a: Glimmora|Power Herb
|-anim|p1a: Glimmora|Meteor Beam|p2a: Hatterene
|-damage|p2a: Hatterene|39/100
|move|p2a: Hatterene|Psychic Noise|p1a: Glimmora
|-supereffective|p1a: Glimmora
|-damage|p1a: Glimmora|2/100
|-start|p1a: Glimmora|move: Heal Block
|
|upkeep
|turn|2
|
|t:|1769326197
|switch|p2a: Landorus|Landorus-Therian, M|100/100
|-ability|p2a: Landorus|Intimidate|boost
|-unboost|p1a: Glimmora|atk|1
|move|p1a: Glimmora|Earth Power|p2a: Landorus
|-immune|p2a: Landorus
|
|-end|p1a: Glimmora|move: Heal Block
|upkeep
|turn|3
|
|t:|1769326202
|move|p2a: Landorus|Earth Power|p1a: Glimmora
|-supereffective|p1a: Glimmora
|-damage|p1a: Glimmora|0 fnt
|faint|p1a: Glimmora
|
|upkeep
|
|t:|1769326211
|switch|p1a: Iron Valiant|Iron Valiant|100/100
|-enditem|p1a: Iron Valiant|Booster Energy
|-activate|p1a: Iron Valiant|ability: Quark Drive|[fromitem]
|-start|p1a: Iron Valiant|quarkdrivespa
|turn|4
|
|t:|1769326215
|move|p1a: Iron Valiant|Moonblast|p2a: Landorus
|-damage|p2a: Landorus|26/100
|move|p2a: Landorus|Earth Power|p1a: Iron Valiant
|-damage|p1a: Iron Valiant|47/100
|
|upkeep
|turn|5
|
|t:|1769326219
|switch|p2a: Cinderace|Cinderace, F|100/100
|move|p1a: Iron Valiant|Moonblast|p2a: Cinderace
|-resisted|p2a: Cinderace
|-damage|p2a: Cinderace|50/100
|
|upkeep
|turn|6
|
|t:|1769326224
|move|p1a: Iron Valiant|Vacuum Wave|p2a: Cinderace
|-damage|p2a: Cinderace|9/100
|move|p2a: Cinderace|Pyro Ball|p1a: Iron Valiant
|-damage|p1a: Iron Valiant|0 fnt
|faint|p1a: Iron Valiant
|-end|p1a: Iron Valiant|Quark Drive|[silent]
|
|upkeep
|
|t:|1769326227
|switch|p1a: Ribombee|Ribombee, M|100/100
|turn|7
|
|t:|1769326234
|move|p1a: Ribombee|Moonblast|p2a: Cinderace
|-resisted|p2a: Cinderace
|-damage|p2a: Cinderace|0 fnt
|faint|p2a: Cinderace
|
|upkeep
|
|t:|1769326235
|switch|p2a: Hatterene|Hatterene, F|39/100
|turn|8
|
|t:|1769326237
|move|p1a: Ribombee|Skill Swap|p2a: Hatterene
|-activate|p1a: Ribombee|move: Skill Swap|Magic Bounce|Honey Gather|[of] p2a: Hatterene
|move|p2a: Hatterene|Nuzzle|p1a: Ribombee
|-damage|p1a: Ribombee|92/100
|-status|p1a: Ribombee|par
|
|upkeep
|turn|9
|j| AmberArm
|
|t:|1769326248
|switch|p2a: Landorus|Landorus-Therian, M|26/100
|-ability|p2a: Landorus|Intimidate|boost
|-unboost|p1a: Ribombee|atk|1
|cant|p1a: Ribombee|par
|
|upkeep
|turn|10
|
|t:|1769326251
|move|p2a: Landorus|Taunt|p1a: Ribombee
|move|p1a: Ribombee|Taunt|p2a: Landorus|[from] ability: Magic Bounce
|-start|p2a: Landorus|move: Taunt
|move|p1a: Ribombee|Sticky Web|p2a: Landorus
|-sidestart|p2: getreyal|move: Sticky Web
|
|upkeep
|turn|11
|
|t:|1769326256
|move|p2a: Landorus|U-turn|p1a: Ribombee
|-resisted|p1a: Ribombee
|-damage|p1a: Ribombee|71/100 par
|
|t:|1769326260
|switch|p2a: Hatterene|Hatterene, F|39/100|[from] U-turn
|-activate|p2a: Hatterene|move: Sticky Web
|-unboost|p2a: Hatterene|spe|1
|move|p1a: Ribombee|Moonblast|p2a: Hatterene
|-damage|p2a: Hatterene|16/100
|
|upkeep
|turn|12
|
|t:|1769326262
|cant|p1a: Ribombee|par
|move|p2a: Hatterene|Draining Kiss|p1a: Ribombee
|-damage|p1a: Ribombee|23/100 par
|-heal|p2a: Hatterene|45/100|[from] drain|[of] p1a: Ribombee
|
|upkeep
|turn|13
|
|t:|1769326264
|move|p1a: Ribombee|Moonblast|p2a: Hatterene
|-damage|p2a: Hatterene|20/100
|move|p2a: Hatterene|Draining Kiss|p1a: Ribombee
|-damage|p1a: Ribombee|0 fnt
|-heal|p2a: Hatterene|34/100|[from] drain|[of] p1a: Ribombee
|faint|p1a: Ribombee
|
|upkeep
|
|t:|1769326273
|switch|p1a: Kingambit|Kingambit, F|100/100
|-activate|p1a: Kingambit|ability: Supreme Overlord
|-start|p1a: Kingambit|fallen3|[silent]
|turn|14
|
|t:|1769326278
|move|p1a: Kingambit|Kowtow Cleave|p2a: Hatterene
|-damage|p2a: Hatterene|0 fnt
|faint|p2a: Hatterene
|
|upkeep
|
|t:|1769326280
|switch|p2a: Landorus|Landorus-Therian, M|26/100
|-ability|p2a: Landorus|Intimidate|boost
|-unboost|p1a: Kingambit|atk|1
|turn|15
|
|t:|1769326286
|-end|p1a: Kingambit|fallen3|[silent]
|switch|p1a: Dragonite|Dragonite, M|100/100
|move|p2a: Landorus|Stealth Rock|p1a: Dragonite
|-sidestart|p1: machopped unc|move: Stealth Rock
|
|upkeep
|turn|16
|
|t:|1769326288
|move|p2a: Landorus|Taunt|p1a: Dragonite
|-start|p1a: Dragonite|move: Taunt
|move|p1a: Dragonite|Scale Shot|p2a: Landorus
|-damage|p2a: Landorus|11/100
|-damage|p2a: Landorus|0 fnt
|faint|p2a: Landorus
|-hitcount|p2: Landorus|2
|-unboost|p1a: Dragonite|def|1
|-boost|p1a: Dragonite|spe|1
|
|upkeep
|
|t:|1769326294
|switch|p2a: Raging Bolt|Raging Bolt|100/100
|-activate|p2a: Raging Bolt|move: Sticky Web
|-unboost|p2a: Raging Bolt|spe|1
|turn|17
|
|t:|1769326297
|-terastallize|p2a: Raging Bolt|Fairy
|move|p1a: Dragonite|Scale Shot|p2a: Raging Bolt
|-immune|p2a: Raging Bolt
|move|p2a: Raging Bolt|Volt Switch|p1a: Dragonite
|-damage|p1a: Dragonite|65/100
|
|t:|1769326301
|-end|p2a: Raging Bolt|Protosynthesis|[silent]
|switch|p2a: Samurott|Samurott-Hisui, M|100/100|[from] Volt Switch
|-activate|p2a: Samurott|move: Sticky Web
|-unboost|p2a: Samurott|spe|1
|
|upkeep
|turn|18
|
|t:|1769326304
|move|p1a: Dragonite|Scale Shot|p2a: Samurott
|-damage|p2a: Samurott|81/100
|-damage|p2a: Samurott|62/100
|-damage|p2a: Samurott|42/100
|-damage|p2a: Samurott|21/100
|-damage|p2a: Samurott|3/100
|-hitcount|p2a: Samurott|5
|-unboost|p1a: Dragonite|def|1
|-boost|p1a: Dragonite|spe|1
|move|p2a: Samurott|Ceaseless Edge|p1a: Dragonite
|-damage|p1a: Dragonite|0 fnt
|-sidestart|p1: machopped unc|Spikes
|faint|p1a: Dragonite
|
|upkeep
|j| darfsgsfgsefse
|
|t:|1769326338
|switch|p1a: Kingambit|Kingambit, F|100/100
|-damage|p1a: Kingambit|94/100|[from] Stealth Rock
|-damage|p1a: Kingambit|82/100|[from] Spikes
|-activate|p1a: Kingambit|ability: Supreme Overlord
|-start|p1a: Kingambit|fallen4|[silent]
|turn|19
|
|t:|1769326344
|move|p1a: Kingambit|Swords Dance|p1a: Kingambit
|-boost|p1a: Kingambit|atk|2
|move|p2a: Samurott|Razor Shell|p1a: Kingambit
|-damage|p1a: Kingambit|38/100
|
|-heal|p1a: Kingambit|44/100|[from] item: Leftovers
|upkeep
|turn|20
|
|t:|1769326349
|move|p1a: Kingambit|Sucker Punch|p2a: Samurott
|-resisted|p2a: Samurott
|-damage|p2a: Samurott|0 fnt
|faint|p2a: Samurott
|
|-heal|p1a: Kingambit|50/100|[from] item: Leftovers
|upkeep
|
|t:|1769326350
|switch|p2a: Zamazenta|Zamazenta|100/100
|-activate|p2a: Zamazenta|move: Sticky Web
|-unboost|p2a: Zamazenta|spe|1
|-ability|p2a: Zamazenta|Dauntless Shield|boost
|-boost|p2a: Zamazenta|def|1
|turn|21
|
|t:|1769326358
|-terastallize|p1a: Kingambit|Fairy
|move|p1a: Kingambit|Tera Blast|p2a: Zamazenta|[anim] Tera Blast Fairy
|-supereffective|p2a: Zamazenta
|-damage|p2a: Zamazenta|0 fnt
|faint|p2a: Zamazenta
|
|-heal|p1a: Kingambit|56/100|[from] item: Leftovers
|upkeep
|
|t:|1769326362
|switch|p2a: Raging Bolt|Raging Bolt, tera:Fairy|100/100
|-activate|p2a: Raging Bolt|move: Sticky Web
|-unboost|p2a: Raging Bolt|spe|1
|turn|22
|l| AmberArm
|
|t:|1769326367
|move|p1a: Kingambit|Tera Blast|p2a: Raging Bolt|[anim] Tera Blast Fairy
|-damage|p2a: Raging Bolt|0 fnt
|faint|p2a: Raging Bolt
|-end|p2a: Raging Bolt|Protosynthesis|[silent]
|
|win|machopped unc
|raw|machopped unc's rating: 1732 &rarr; <strong>1752</strong><br />(+20 for winning)
|raw|getreyal's rating: 1734 &rarr; <strong>1714</strong><br />(-20 for losing)
|l|☆getreyal
|player|p2|
|l|‽machopped unc
|player|p1|
|l| darfsgsfgsefse
