|j|☆dunescorpion
|j|☆Drez420
|t:|1769318816
|gametype|singles
|player|p1|dunescorpion|aetherfoundation2|1220
|player|p2|Drez420|unknown|1196
|gen|9
|tier|[Gen 9] OU
|rated|
|rule|HP Percentage Mod: HP is shown in percentages
|rule|Endless Battle Clause: Forcing endless battles is banned
|rule|Species Clause: Limit one of each Pokémon
|rule|OHKO Clause: OHKO moves are banned
|rule|Evasion Items Clause: Evasion items are banned
|rule|Evasion Moves Clause: Evasion moves are banned
|rule|Evasion Abilities Clause: Evasion abilities are banned
|rule|Sleep Moves Clause: Sleep-inducing moves are banned
|clearpoke
|poke|p1|Araquanid, M|
|poke|p1|Raging Bolt|
|poke|p1|Iron Moth|
|poke|p1|Great Tusk|
|poke|p1|Gholdengo|
|poke|p1|Kingambit, M|
|poke|p2|Cinderace, M|
|poke|p2|Gliscor, M|
|poke|p2|Grimmsnarl, M|
|poke|p2|Goodra-Hisui, M|
|poke|p2|Vaporeon, M|
|poke|p2|Meowscarada, M|
|teampreview
|inactive|Battle timer is ON: inactive players will automatically lose when time's up. (requested by Drez420)
|
|t:|1769318821
|teamsize|p1|6
|teamsize|p2|6
|start
|switch|p1a: WHERE HE IS|Araquanid, M|100/100
|switch|p2a: Grimmsnarl|Grimmsnarl, M|100/100
|turn|1
|
|t:|1769318828
|move|p2a: Grimmsnarl|Reflect|p2a: Grimmsnarl
|-sidestart|p2: Drez420|Reflect
|move|p1a: WHERE HE IS|Liquidation|p2a: Grimmsnarl
|-damage|p2a: Grimmsnarl|76/100
|
|upkeep
|turn|2
|
|t:|1769318834
|move|p2a: Grimmsnarl|Parting Shot|p1a: WHERE HE IS
|-unboost|p1a: WHERE HE IS|atk|1
|-unboost|p1a: WHERE HE IS|spa|1
|
|t:|1769318838
|switch|p2a: Goodra|Goodra-Hisui, M, shiny|100/100|[from] Parting Shot
|move|p1a: WHERE HE IS|Liquidation|p2a: Goodra
|-resisted|p2a: Goodra
|-damage|p2a: Goodra|94/100
|
|upkeep
|turn|3
|
|t:|1769318846
|move|p2a: Goodra|Thunderbolt|p1a: WHERE HE IS
|-supereffective|p1a: WHERE HE IS
|-crit|p1a: WHERE HE IS
|-damage|p1a: WHERE HE IS|49/100
|move|p1a: WHERE HE IS|Sticky Web|p2a: Goodra
|-sidestart|p2: Drez420|move: Sticky Web
|
|upkeep
|turn|4
|
|t:|1769318854
|move|p2a: Goodra|Thunderbolt|p1a: WHERE HE IS
|-supereffective|p1a: WHERE HE IS
|-damage|p1a: WHERE HE IS|11/100
|move|p1a: WHERE HE IS|Liquidation|p2a: Goodra
|-resisted|p2a: Goodra
|-damage|p2a: Goodra|87/100
|
|upkeep
|turn|5
|-enditem|p1a: WHERE HE IS|Custap Berry|[eat]
|-activate|p1a: WHERE HE IS|item: Custap Berry|[consumed]
|
|t:|1769318862
|move|p1a: WHERE HE IS|Lunge|p2a: Goodra
|-resisted|p2a: Goodra
|-damage|p2a: Goodra|84/100
|-unboost|p2a: Goodra|atk|1
|move|p2a: Goodra|Thunderbolt|p1a: WHERE HE IS
|-supereffective|p1a: WHERE HE IS
|-damage|p1a: WHERE HE IS|0 fnt
|faint|p1a: WHERE HE IS
|
|upkeep
|
|t:|1769318867
|switch|p1a: STRIVED TO BE|Great Tusk|100/100
|-enditem|p1a: STRIVED TO BE|Booster Energy
|-activate|p1a: STRIVED TO BE|ability: Protosynthesis|[fromitem]
|-start|p1a: STRIVED TO BE|protosynthesisatk
|turn|6
|inactive|Drez420 has 120 seconds left.
|
|t:|1769318904
|switch|p2a: Vaporeon|Vaporeon, M|100/100
|-activate|p2a: Vaporeon|move: Sticky Web
|-unboost|p2a: Vaporeon|spe|1
|move|p1a: STRIVED TO BE|Rapid Spin|p2a: Vaporeon
|-damage|p2a: Vaporeon|88/100
|-boost|p1a: STRIVED TO BE|spe|1
|
|-heal|p2a: Vaporeon|94/100|[from] item: Leftovers
|upkeep
|turn|7
|inactive|Drez420 has 120 seconds left.
|
|t:|1769318916
|move|p1a: STRIVED TO BE|Headlong Rush|p2a: Vaporeon
|-damage|p2a: Vaporeon|51/100
|-unboost|p1a: STRIVED TO BE|def|1
|-unboost|p1a: STRIVED TO BE|spd|1
|move|p2a: Vaporeon|Scald|p1a: STRIVED TO BE
|-supereffective|p1a: STRIVED TO BE
|-damage|p1a: STRIVED TO BE|0 fnt
|faint|p1a: STRIVED TO BE
|-end|p1a: STRIVED TO BE|Protosynthesis|[silent]
|
|-heal|p2a: Vaporeon|57/100|[from] item: Leftovers
|upkeep
|
|t:|1769318924
|switch|p1a: LIKE WHAT?|Raging Bolt|100/100
|-enditem|p1a: LIKE WHAT?|Booster Energy
|-activate|p1a: LIKE WHAT?|ability: Protosynthesis|[fromitem]
|-start|p1a: LIKE WHAT?|protosynthesisspa
|turn|8
|inactive|Drez420 has 120 seconds left.
|
|t:|1769318937
|switch|p2a: Gliscor|Gliscor, M|100/100
|move|p1a: LIKE WHAT?|Calm Mind|p1a: LIKE WHAT?
|-boost|p1a: LIKE WHAT?|spa|1
|-boost|p1a: LIKE WHAT?|spd|1
|
|-sideend|p2: Drez420|Reflect
|-status|p2a: Gliscor|tox|[from] item: Toxic Orb
|upkeep
|turn|9
|inactive|Drez420 has 120 seconds left.
|
|t:|1769318950
|-terastallize|p1a: LIKE WHAT?|Bug
|move|p1a: LIKE WHAT?|Dragon Pulse|p2a: Gliscor
|-damage|p2a: Gliscor|0 fnt
|faint|p2a: Gliscor
|
|upkeep
|inactive|Drez420 has 120 seconds left.
|inactive|Drez420 has 90 seconds left.
|
|t:|1769318989
|switch|p2a: Cinderace|Cinderace, M|100/100
|turn|10
|
|t:|1769319003
|-end|p1a: LIKE WHAT?|Protosynthesis|[silent]
|switch|p1a: IT ALL WORKED OUT|Iron Moth|100/100
|-enditem|p1a: IT ALL WORKED OUT|Booster Energy
|-activate|p1a: IT ALL WORKED OUT|ability: Quark Drive|[fromitem]
|-start|p1a: IT ALL WORKED OUT|quarkdrivespa
|move|p2a: Cinderace|Pyro Ball|p1a: IT ALL WORKED OUT
|-resisted|p1a: IT ALL WORKED OUT
|-damage|p1a: IT ALL WORKED OUT|57/100
|
|upkeep
|turn|11
|inactive|Drez420 has 90 seconds left.
|
|t:|1769319027
|move|p1a: IT ALL WORKED OUT|Sludge Wave|p2a: Cinderace
|-damage|p2a: Cinderace|17/100
|-status|p2a: Cinderace|psn
|move|p2a: Cinderace|Pyro Ball|p1a: IT ALL WORKED OUT
|-resisted|p1a: IT ALL WORKED OUT
|-damage|p1a: IT ALL WORKED OUT|9/100
|
|-damage|p2a: Cinderace|5/100 psn|[from] psn
|upkeep
|turn|12
|inactive|Drez420 has 90 seconds left.
|inactive|dunescorpion has 120 seconds left.
|
|t:|1769319070
|switch|p2a: Goodra|Goodra-Hisui, M, shiny|84/100
|-activate|p2a: Goodra|move: Sticky Web
|-unboost|p2a: Goodra|spe|1
|move|p1a: IT ALL WORKED OUT|Fiery Dance|p2a: Goodra
|-damage|p2a: Goodra|57/100
|-boost|p1a: IT ALL WORKED OUT|spa|1
|
|upkeep
|turn|13
|inactive|Drez420 has 90 seconds left.
|
|t:|1769319081
|move|p1a: IT ALL WORKED OUT|Fiery Dance|p2a: Goodra
|-damage|p2a: Goodra|20/100
|-boost|p1a: IT ALL WORKED OUT|spa|1
|move|p2a: Goodra|Thunderbolt|p1a: IT ALL WORKED OUT
|-damage|p1a: IT ALL WORKED OUT|0 fnt
|faint|p1a: IT ALL WORKED OUT
|-end|p1a: IT ALL WORKED OUT|Quark Drive|[silent]
|
|upkeep
|
|t:|1769319106
|switch|p1a: LIKE WHAT?|Raging Bolt, tera:Bug|100/100
|turn|14
|
|t:|1769319112
|move|p1a: LIKE WHAT?|Dragon Pulse|p2a: Goodra
|-damage|p2a: Goodra|0 fnt
|faint|p2a: Goodra
|
|upkeep
|
|t:|1769319121
|switch|p2a: Cinderace|Cinderace, M|5/100 psn
|turn|15
|
|t:|1769319129
|move|p1a: LIKE WHAT?|Thunderclap|p2a: Cinderace
|-damage|p2a: Cinderace|0 fnt
|faint|p2a: Cinderace
|
|upkeep
|
|t:|1769319148
|switch|p2a: Grimmsnarl|Grimmsnarl, M|76/100
|-activate|p2a: Grimmsnarl|move: Sticky Web
|-unboost|p2a: Grimmsnarl|spe|1
|turn|16
|inactive|dunescorpion has 120 seconds left.
|
|t:|1769319165
|move|p2a: Grimmsnarl|Light Screen|p2a: Grimmsnarl
|-sidestart|p2: Drez420|move: Light Screen
|move|p1a: LIKE WHAT?|Thunderbolt|p2a: Grimmsnarl
|-damage|p2a: Grimmsnarl|47/100
|
|upkeep
|turn|17
|inactive|Drez420 has 120 seconds left.
|
|t:|1769319175
|move|p1a: LIKE WHAT?|Thunderbolt|p2a: Grimmsnarl
|-damage|p2a: Grimmsnarl|19/100
|move|p2a: Grimmsnarl|Spirit Break|p1a: LIKE WHAT?
|-damage|p1a: LIKE WHAT?|62/100
|-unboost|p1a: LIKE WHAT?|spa|1
|
|upkeep
|turn|18
|inactive|dunescorpion has 120 seconds left.
|inactive|Drez420 has 120 seconds left.
|
|t:|1769319186
|move|p2a: Grimmsnarl|Parting Shot|p1a: LIKE WHAT?
|-unboost|p1a: LIKE WHAT?|atk|1
|-unboost|p1a: LIKE WHAT?|spa|1
|inactive|Drez420 has 120 seconds left.
|
|t:|1769319203
|switch|p2a: Meowscarada|Meowscarada, M|100/100|[from] Parting Shot
|move|p1a: LIKE WHAT?|Thunderbolt|p2a: Meowscarada
|-resisted|p2a: Meowscarada
|-damage|p2a: Meowscarada|92/100
|-status|p2a: Meowscarada|par
|
|upkeep
|turn|19
|
|t:|1769319214
|-end|p1a: LIKE WHAT?|Protosynthesis|[silent]
|switch|p1a: CHASING A GHOST|Gholdengo|100/100
|-item|p1a: CHASING A GHOST|Air Balloon
|cant|p2a: Meowscarada|par
|
|upkeep
|turn|20
|-message|Drez420 forfeited.
|
|win|dunescorpion
|raw|dunescorpion's rating: 1220 &rarr; <strong>1243</strong><br />(+23 for winning)
|raw|Drez420's rating: 1196 &rarr; <strong>1173</strong><br />(-23 for losing)
|l|☆Drez420
|player|p2|
|l|☆dunescorpion
|player|p1|
