|j|☆Fhantazy
|j|☆yorkito
|t:|1769349510
|gametype|singles
|player|p1|Fhantazy|1|1337
|player|p2|yorkito|102|1283
|gen|9
|tier|[Gen 9] OU
|rated|
|rule|HP Percentage Mod: HP is shown in percentages
|rule|Endless Battle Clause: Forcing endless battles is banned
|rule|Species Clause: Limit one of each Pokémon
|rule|OHKO Clause: OHKO moves are banned
|rule|Evasion Items Clause: Evasion items are banned
|rule|Evasion Moves Clause: Evasion moves are banned
|rule|Evasion Abilities Clause: Evasion abilities are banned
|rule|Sleep Moves Clause: Sleep-inducing moves are banned
|clearpoke
|poke|p1|Ting-Lu|
|poke|p1|Zamazenta-*|
|poke|p1|Kyurem|
|poke|p1|Cinderace, M|
|poke|p1|Delibird, M|
|poke|p1|Darkrai|
|poke|p2|Sableye, M|
|poke|p2|Muk-Alola, M|
|poke|p2|Swampert, M|
|poke|p2|Forretress, F|
|poke|p2|Zoroark-Hisui, F|
|poke|p2|Scizor, F|
|teampreview
|
|t:|1769349547
|teamsize|p1|6
|teamsize|p2|6
|start
|switch|p1a: Kyurem|Kyurem|100/100
|switch|p2a: Swampert|Swampert, M|100/100
|-ability|p1a: Kyurem|Pressure
|turn|1
|
|t:|1769349559
|move|p1a: Kyurem|Freeze-Dry|p2a: Swampert
|-supereffective|p2a: Swampert
|-damage|p2a: Swampert|0 fnt
|faint|p2a: Swampert
|
|upkeep
|
|t:|1769349565
|switch|p2a: Muk|Muk-Alola, M|100/100
|turn|2
|
|t:|1769349578
|switch|p1a: Zamazenta|Zamazenta|100/100
|-ability|p1a: Zamazenta|Dauntless Shield|boost
|-boost|p1a: Zamazenta|def|1
|move|p2a: Muk|Knock Off|p1a: Zamazenta
|-resisted|p1a: Zamazenta
|-damage|p1a: Zamazenta|85/100
|-enditem|p1a: Zamazenta|Assault Vest|[from] move: Knock Off|[of] p2a: Muk
|
|upkeep
|turn|3
|
|t:|1769349591
|move|p1a: Zamazenta|Close Combat|p2a: Muk
|-damage|p2a: Muk|38/100
|-unboost|p1a: Zamazenta|def|1
|-unboost|p1a: Zamazenta|spd|1
|move|p2a: Muk|Poison Jab|p1a: Zamazenta
|-damage|p1a: Zamazenta|50/100
|
|upkeep
|turn|4
|
|t:|1769349603
|switch|p2a: Forretress|Forretress, F|100/100
|move|p1a: Zamazenta|Crunch|p2a: Forretress
|-damage|p2a: Forretress|87/100
|-damage|p1a: Zamazenta|34/100|[from] item: Rocky Helmet|[of] p2a: Forretress
|
|upkeep
|turn|5
|
|t:|1769349617
|move|p1a: Zamazenta|Close Combat|p2a: Forretress
|-damage|p2a: Forretress|54/100
|-unboost|p1a: Zamazenta|def|1
|-unboost|p1a: Zamazenta|spd|1
|-damage|p1a: Zamazenta|17/100|[from] item: Rocky Helmet|[of] p2a: Forretress
|move|p2a: Forretress|Stealth Rock|p1a: Zamazenta
|-sidestart|p1: Fhantazy|move: Stealth Rock
|
|upkeep
|turn|6
|
|t:|1769349627
|move|p1a: Zamazenta|Close Combat|p2a: Forretress
|-damage|p2a: Forretress|24/100
|-unboost|p1a: Zamazenta|def|1
|-unboost|p1a: Zamazenta|spd|1
|-damage|p1a: Zamazenta|0 fnt|[from] item: Rocky Helmet|[of] p2a: Forretress
|faint|p1a: Zamazenta
|move|p2a: Forretress|Volt Switch|p1: Zamazenta|[notarget]
|-fail|p2a: Forretress
|
|upkeep
|
|t:|1769349631
|switch|p1a: Cinderace|Cinderace, M|100/100
|turn|7
|
|t:|1769349640
|move|p1a: Cinderace|Court Change|p1a: Cinderace
|-start|p1a: Cinderace|typechange|Normal|[from] ability: Libero
|-swapsideconditions
|-activate|p1a: Cinderace|move: Court Change
|move|p2a: Forretress|Rapid Spin|p1a: Cinderace
|-damage|p1a: Cinderace|86/100
|-boost|p2a: Forretress|spe|1
|-sideend|p2: yorkito|Stealth Rock|[from] move: Rapid Spin|[of] p2a: Forretress
|
|upkeep
|turn|8
|
|t:|1769349657
|switch|p2a: Muk|Muk-Alola, M|38/100
|move|p1a: Cinderace|Pyro Ball|p2a: Muk
|-damage|p2a: Muk|0 fnt
|faint|p2a: Muk
|
|upkeep
|
|t:|1769349677
|switch|p2a: Sableye|Sableye, M|100/100
|turn|9
|
|t:|1769349680
|switch|p1a: Ting-Lu|Ting-Lu|100/100
|-ability|p1a: Ting-Lu|Vessel of Ruin
|move|p2a: Sableye|Will-O-Wisp|p1a: Ting-Lu
|-hint|Since gen 7, Dark is immune to Prankster moves.
|-immune|p1a: Ting-Lu
|
|upkeep
|turn|10
|
|t:|1769349691
|switch|p2a: Forretress|Forretress, F|24/100
|move|p1a: Ting-Lu|Spikes|p2a: Forretress
|-sidestart|p2: yorkito|Spikes
|
|upkeep
|turn|11
|
|t:|1769349699
|move|p1a: Ting-Lu|Earthquake|p2a: Forretress
|-crit|p2a: Forretress
|-damage|p2a: Forretress|0 fnt
|faint|p2a: Forretress
|
|upkeep
|
|t:|1769349704
|switch|p2a: Scizor|Scizor, F|100/100
|-damage|p2a: Scizor|88/100|[from] Spikes
|turn|12
|
|t:|1769349709
|move|p2a: Scizor|Swords Dance|p2a: Scizor
|-boost|p2a: Scizor|atk|2
|move|p1a: Ting-Lu|Stealth Rock|p2a: Scizor
|-sidestart|p2: yorkito|move: Stealth Rock
|
|-heal|p2a: Scizor|94/100|[from] item: Leftovers
|upkeep
|turn|13
|
|t:|1769349719
|move|p2a: Scizor|Close Combat|p1a: Ting-Lu
|-supereffective|p1a: Ting-Lu
|-damage|p1a: Ting-Lu|5/100
|-unboost|p2a: Scizor|def|1
|-unboost|p2a: Scizor|spd|1
|-enditem|p1a: Ting-Lu|Red Card|[of] p2a: Scizor
|drag|p2a: Sableye|Sableye, M|100/100
|-damage|p2a: Sableye|88/100|[from] Spikes
|-damage|p2a: Sableye|76/100|[from] Stealth Rock
|move|p1a: Ting-Lu|Ruination|p2a: Sableye
|-damage|p2a: Sableye|38/100
|replace|p2a: Zoroark|Zoroark-Hisui, F
|-end|p2a: Zoroark|Illusion
|
|upkeep
|turn|14
|
|t:|1769349736
|move|p2a: Zoroark|Shadow Ball|p1a: Ting-Lu
|-resisted|p1a: Ting-Lu
|-damage|p1a: Ting-Lu|0 fnt
|faint|p1a: Ting-Lu
|
|upkeep
|
|t:|1769349740
|switch|p1a: Darkrai|Darkrai|100/100
|turn|15
|
|t:|1769349744
|move|p2a: Zoroark|Shadow Ball|p1a: Darkrai
|-resisted|p1a: Darkrai
|-damage|p1a: Darkrai|72/100
|move|p1a: Darkrai|Dark Pulse|p2a: Zoroark
|-supereffective|p2a: Zoroark
|-damage|p2a: Zoroark|0 fnt
|faint|p2a: Zoroark
|
|upkeep
|
|t:|1769349748
|switch|p2a: Scizor|Scizor, F|94/100
|-damage|p2a: Scizor|82/100|[from] Spikes
|-damage|p2a: Scizor|70/100|[from] Stealth Rock
|turn|16
|
|t:|1769349754
|move|p2a: Scizor|Bullet Punch|p1a: Darkrai
|-damage|p1a: Darkrai|28/100
|move|p1a: Darkrai|Dark Pulse|p2a: Scizor
|-damage|p2a: Scizor|15/100
|
|-heal|p2a: Scizor|21/100|[from] item: Leftovers
|upkeep
|turn|17
|
|t:|1769349761
|move|p2a: Scizor|Bullet Punch|p1a: Darkrai
|-damage|p1a: Darkrai|0 fnt
|faint|p1a: Darkrai
|
|-heal|p2a: Scizor|27/100|[from] item: Leftovers
|upkeep
|
|t:|1769349763
|switch|p1a: Cinderace|Cinderace, M|86/100
|turn|18
|
|t:|1769349774
|move|p2a: Scizor|Bullet Punch|p1a: Cinderace
|-resisted|p1a: Cinderace
|-damage|p1a: Cinderace|60/100
|move|p1a: Cinderace|Pyro Ball|p2a: Scizor
|-supereffective|p2a: Scizor
|-damage|p2a: Scizor|0 fnt
|faint|p2a: Scizor
|
|upkeep
|
|t:|1769349779
|switch|p2a: Sableye|Sableye, M|100/100
|-damage|p2a: Sableye|88/100|[from] Spikes
|-damage|p2a: Sableye|75/100|[from] Stealth Rock
|turn|19
|
|t:|1769349784
|-terastallize|p1a: Cinderace|Fire
|move|p1a: Cinderace|Pyro Ball|p2a: Sableye
|-crit|p2a: Sableye
|-damage|p2a: Sableye|0 fnt
|faint|p2a: Sableye
|
|win|Fhantazy
|raw|Fhantazy's rating: 1337 &rarr; <strong>1354</strong><br />(+17 for winning)
|raw|yorkito's rating: 1283 &rarr; <strong>1262</strong><br />(-21 for losing)
|l|☆yorkito
|player|p2|
|l|☆Fhantazy
|player|p1|
