|j|☆BayHarborClauncher
|j|☆lousiv
|t:|1769392480
|gametype|singles
|player|p1|BayHarborClauncher|gambler|1381
|player|p2|lousiv|volkner|1357
|gen|9
|tier|[Gen 9] OU
|rated|
|rule|HP Percentage Mod: HP is shown in percentages
|rule|Endless Battle Clause: Forcing endless battles is banned
|rule|Species Clause: Limit one of each Pokémon
|rule|OHKO Clause: OHKO moves are banned
|rule|Evasion Items Clause: Evasion items are banned
|rule|Evasion Moves Clause: Evasion moves are banned
|rule|Evasion Abilities Clause: Evasion abilities are banned
|rule|Sleep Moves Clause: Sleep-inducing moves are banned
|clearpoke
|poke|p1|Ribombee, F|
|poke|p1|Gholdengo|
|poke|p1|Pecharunt|
|poke|p1|Samurott-Hisui, M|
|poke|p1|Raging Bolt|
|poke|p1|Braviary, M|
|poke|p2|Skarmory, M|
|poke|p2|Muk-Alola, M|
|poke|p2|Pecharunt|
|poke|p2|Great Tusk|
|poke|p2|Kyurem|
|poke|p2|Rotom-Wash|
|teampreview
|inactive|Battle timer is ON: inactive players will automatically lose when time's up. (requested by lousiv)
|
|t:|1769392492
|teamsize|p1|6
|teamsize|p2|6
|start
|switch|p1a: Raging Bolt|Raging Bolt|100/100
|switch|p2a: Muk|Muk-Alola, M|100/100
|turn|1
|
|t:|1769392500
|move|p1a: Raging Bolt|Volt Switch|p2a: Muk
|-damage|p2a: Muk|71/100
|
|t:|1769392508
|-end|p1a: Raging Bolt|Protosynthesis|[silent]
|switch|p1a: Gholdengo|Gholdengo|100/100|[from] Volt Switch
|move|p2a: Muk|Knock Off|p1a: Gholdengo
|-supereffective|p1a: Gholdengo
|-damage|p1a: Gholdengo|1/100
|-enditem|p1a: Gholdengo|Choice Scarf|[from] move: Knock Off|[of] p2a: Muk
|
|upkeep
|turn|2
|
|t:|1769392516
|move|p2a: Muk|Shadow Sneak|p1a: Gholdengo
|-supereffective|p1a: Gholdengo
|-damage|p1a: Gholdengo|0 fnt
|faint|p1a: Gholdengo
|
|upkeep
|
|t:|1769392519
|switch|p1a: Samurott|Samurott-Hisui, M|100/100
|turn|3
|
|t:|1769392527
|switch|p2a: Skarmory|Skarmory, M|100/100
|move|p1a: Samurott|Razor Shell|p2a: Skarmory
|-damage|p2a: Skarmory|46/100
|-damage|p1a: Samurott|84/100|[from] item: Rocky Helmet|[of] p2a: Skarmory
|
|upkeep
|turn|4
|
|t:|1769392537
|switch|p2a: Rotom|Rotom-Wash|100/100
|move|p1a: Samurott|Razor Shell|p2a: Rotom
|-resisted|p2a: Rotom
|-damage|p2a: Rotom|66/100
|
|-heal|p2a: Rotom|72/100|[from] item: Leftovers
|upkeep
|turn|5
|
|t:|1769392547
|switch|p1a: Ribombee|Ribombee, F|100/100
|move|p2a: Rotom|Will-O-Wisp|p1a: Ribombee
|-status|p1a: Ribombee|brn
|
|-heal|p2a: Rotom|78/100|[from] item: Leftovers
|-damage|p1a: Ribombee|94/100 brn|[from] brn
|upkeep
|turn|6
|
|t:|1769392553
|move|p1a: Ribombee|Sticky Web|p2a: Rotom
|-sidestart|p2: lousiv|move: Sticky Web
|move|p2a: Rotom|Volt Switch|p1a: Ribombee
|-damage|p1a: Ribombee|47/100 brn
|
|t:|1769392556
|switch|p2a: Skarmory|Skarmory, M|46/100|[from] Volt Switch
|
|-damage|p1a: Ribombee|41/100 brn|[from] brn
|upkeep
|turn|7
|
|t:|1769392560
|move|p1a: Ribombee|Stun Spore|p2a: Skarmory|[miss]
|-miss|p1a: Ribombee|p2a: Skarmory
|move|p2a: Skarmory|Roost|p2a: Skarmory
|-heal|p2a: Skarmory|96/100
|-singleturn|p2a: Skarmory|move: Roost
|
|-damage|p1a: Ribombee|35/100 brn|[from] brn
|upkeep
|turn|8
|
|t:|1769392564
|move|p1a: Ribombee|Stun Spore|p2a: Skarmory
|-status|p2a: Skarmory|par
|cant|p2a: Skarmory|par
|
|-damage|p1a: Ribombee|29/100 brn|[from] brn
|upkeep
|turn|9
|
|t:|1769392571
|switch|p1a: Raging Bolt|Raging Bolt|100/100
|move|p2a: Skarmory|Spikes|p1a: Raging Bolt
|-sidestart|p1: BayHarborClauncher|Spikes
|
|upkeep
|turn|10
|
|t:|1769392576
|switch|p2a: Great Tusk|Great Tusk|100/100
|move|p1a: Raging Bolt|Calm Mind|p1a: Raging Bolt
|-boost|p1a: Raging Bolt|spa|1
|-boost|p1a: Raging Bolt|spd|1
|
|upkeep
|turn|11
|
|t:|1769392586
|-terastallize|p1a: Raging Bolt|Ice
|move|p2a: Great Tusk|Headlong Rush|p1a: Raging Bolt
|-damage|p1a: Raging Bolt|49/100
|-unboost|p2a: Great Tusk|def|1
|-unboost|p2a: Great Tusk|spd|1
|move|p1a: Raging Bolt|Tera Blast|p2a: Great Tusk|[anim] Tera Blast Ice
|-supereffective|p2a: Great Tusk
|-damage|p2a: Great Tusk|0 fnt
|faint|p2a: Great Tusk
|-end|p2a: Great Tusk|Protosynthesis|[silent]
|
|upkeep
|
|t:|1769392593
|switch|p2a: Muk|Muk-Alola, M|71/100
|-activate|p2a: Muk|move: Sticky Web
|-unboost|p2a: Muk|spe|1
|turn|12
|
|t:|1769392597
|move|p1a: Raging Bolt|Thunderbolt|p2a: Muk
|-damage|p2a: Muk|19/100
|move|p2a: Muk|Drain Punch|p1a: Raging Bolt
|-supereffective|p1a: Raging Bolt
|-damage|p1a: Raging Bolt|2/100
|-heal|p2a: Muk|41/100|[from] drain|[of] p1a: Raging Bolt
|
|upkeep
|turn|13
|
|t:|1769392604
|-end|p1a: Raging Bolt|Protosynthesis|[silent]
|switch|p1a: Braviary|Braviary, M|100/100
|move|p2a: Muk|Shadow Sneak|p1a: Braviary
|-immune|p1a: Braviary
|
|upkeep
|turn|14
|
|t:|1769392609
|move|p1a: Braviary|Bulk Up|p1a: Braviary
|-boost|p1a: Braviary|atk|1
|-boost|p1a: Braviary|def|1
|move|p2a: Muk|Knock Off|p1a: Braviary
|-damage|p1a: Braviary|62/100
|-status|p1a: Braviary|psn|[from] ability: Poison Touch|[of] p2a: Muk
|-enditem|p1a: Braviary|Heavy-Duty Boots|[from] move: Knock Off|[of] p2a: Muk
|
|-damage|p1a: Braviary|49/100 psn|[from] psn
|upkeep
|turn|15
|
|t:|1769392616
|switch|p2a: Skarmory|Skarmory, M|96/100 par
|move|p1a: Braviary|Dual Wingbeat|p2a: Skarmory
|-resisted|p2a: Skarmory
|-damage|p2a: Skarmory|87/100 par
|-damage|p1a: Braviary|33/100 psn|[from] item: Rocky Helmet|[of] p2a: Skarmory
|-resisted|p2a: Skarmory
|-damage|p2a: Skarmory|78/100 par
|-damage|p1a: Braviary|17/100 psn|[from] item: Rocky Helmet|[of] p2a: Skarmory
|-hitcount|p2a: Skarmory|2
|
|-damage|p1a: Braviary|4/100 psn|[from] psn
|upkeep
|turn|16
|
|t:|1769392619
|move|p1a: Braviary|Close Combat|p2a: Skarmory
|-damage|p2a: Skarmory|39/100 par
|-unboost|p1a: Braviary|def|1
|-unboost|p1a: Braviary|spd|1
|-damage|p1a: Braviary|0 fnt|[from] item: Rocky Helmet|[of] p2a: Skarmory
|faint|p1a: Braviary
|cant|p2a: Skarmory|par
|
|upkeep
|
|t:|1769392624
|switch|p1a: Samurott|Samurott-Hisui, M|84/100
|-damage|p1a: Samurott|72/100|[from] Spikes
|turn|17
|
|t:|1769392644
|move|p1a: Samurott|Ceaseless Edge|p2a: Skarmory
|-damage|p2a: Skarmory|0 fnt
|-damage|p1a: Samurott|55/100|[from] item: Rocky Helmet|[of] p2a: Skarmory
|-sidestart|p2: lousiv|Spikes
|faint|p2a: Skarmory
|
|upkeep
|
|t:|1769392648
|switch|p2a: Rotom|Rotom-Wash|78/100
|turn|18
|
|t:|1769392656
|switch|p1a: Raging Bolt|Raging Bolt, tera:Ice|2/100
|-damage|p1a: Raging Bolt|0 fnt|[from] Spikes
|faint|p1a: Raging Bolt
|-end|p1a: Raging Bolt|Protosynthesis|[silent]
|move|p2a: Rotom|Will-O-Wisp|p1: Raging Bolt|[notarget]
|-fail|p2a: Rotom
|
|-heal|p2a: Rotom|85/100|[from] item: Leftovers
|upkeep
|
|t:|1769392661
|switch|p1a: Pecharunt|Pecharunt|100/100
|-item|p1a: Pecharunt|Air Balloon
|turn|19
|
|t:|1769392667
|move|p2a: Rotom|Volt Switch|p1a: Pecharunt
|-crit|p1a: Pecharunt
|-damage|p1a: Pecharunt|65/100
|-enditem|p1a: Pecharunt|Air Balloon
|
|t:|1769392670
|switch|p2a: Muk|Muk-Alola, M|41/100|[from] Volt Switch
|-activate|p2a: Muk|move: Sticky Web
|-unboost|p2a: Muk|spe|1
|-damage|p2a: Muk|29/100|[from] Spikes
|move|p1a: Pecharunt|Nasty Plot|p1a: Pecharunt
|-boost|p1a: Pecharunt|spa|2
|
|upkeep
|turn|20
|
|t:|1769392677
|move|p1a: Pecharunt|Malignant Chain|p2a: Muk
|-resisted|p2a: Muk
|-damage|p2a: Muk|7/100
|move|p2a: Muk|Knock Off|p1a: Pecharunt
|-supereffective|p1a: Pecharunt
|-damage|p1a: Pecharunt|29/100
|
|upkeep
|turn|21
|
|t:|1769392686
|move|p2a: Muk|Shadow Sneak|p1a: Pecharunt
|-supereffective|p1a: Pecharunt
|-damage|p1a: Pecharunt|13/100
|move|p1a: Pecharunt|Shadow Ball|p2a: Muk
|-resisted|p2a: Muk
|-crit|p2a: Muk
|-damage|p2a: Muk|0 fnt
|faint|p2a: Muk
|
|upkeep
|
|t:|1769392691
|switch|p2a: Pecharunt|Pecharunt|100/100
|turn|22
|
|t:|1769392696
|move|p2a: Pecharunt|Foul Play|p1a: Pecharunt
|-supereffective|p1a: Pecharunt
|-damage|p1a: Pecharunt|0 fnt
|faint|p1a: Pecharunt
|
|upkeep
|
|t:|1769392699
|switch|p1a: Samurott|Samurott-Hisui, M|55/100
|-damage|p1a: Samurott|43/100|[from] Spikes
|turn|23
|
|t:|1769392706
|move|p1a: Samurott|Ceaseless Edge|p2a: Pecharunt
|-supereffective|p2a: Pecharunt
|-damage|p2a: Pecharunt|27/100
|-sidestart|p2: lousiv|Spikes
|move|p2a: Pecharunt|Malignant Chain|p1a: Samurott
|-crit|p1a: Samurott
|-damage|p1a: Samurott|0 fnt
|faint|p1a: Samurott
|
|upkeep
|-message|BayHarborClauncher forfeited.
|
|win|lousiv
|raw|BayHarborClauncher's rating: 1381 &rarr; <strong>1360</strong><br />(-21 for losing)
|raw|lousiv's rating: 1357 &rarr; <strong>1378</strong><br />(+21 for winning)
|l|☆BayHarborClauncher
|player|p1|
|l|☆lousiv
|player|p2|
