|j|☆RENAISSANCE BLAZE
|j|☆Estuardo19
|t:|1769306830
|gametype|singles
|player|p1|RENAISSANCE BLAZE|silver|
|player|p2|Estuardo19|waitress-gen4|
|gen|9
|tier|[Gen 9] OU
|rule|HP Percentage Mod: HP is shown in percentages
|rule|Endless Battle Clause: Forcing endless battles is banned
|rule|Species Clause: Limit one of each Pokémon
|rule|OHKO Clause: OHKO moves are banned
|rule|Evasion Items Clause: Evasion items are banned
|rule|Evasion Moves Clause: Evasion moves are banned
|rule|Evasion Abilities Clause: Evasion abilities are banned
|rule|Sleep Moves Clause: Sleep-inducing moves are banned
|clearpoke
|poke|p1|Pecharunt|
|poke|p1|Kingambit, F|
|poke|p1|Volcanion|
|poke|p1|Iron Valiant|
|poke|p1|Landorus-Therian, M|
|poke|p1|Deoxys-Speed|
|poke|p2|Kyurem|
|poke|p2|Great Tusk|
|poke|p2|Slowking-Galar, M|
|poke|p2|Zamazenta-*|
|poke|p2|Iron Treads|
|poke|p2|Tornadus-Therian, M|
|teampreview
|inactive|Battle timer is ON: inactive players will automatically lose when time's up. (requested by Estuardo19)
|inactive|RENAISSANCE BLAZE also wants the timer to be on.
|c|☆Estuardo19|sorry for the wait
|c|☆Estuardo19|gl
|inactive|RENAISSANCE BLAZE has 270 seconds left.
|inactive|Estuardo19 has 270 seconds left.
|c|☆RENAISSANCE BLAZE|U2.
|inactive|Estuardo19 has 240 seconds left.
|
|t:|1769306895
|teamsize|p1|6
|teamsize|p2|6
|start
|switch|p1a: Landorus|Landorus-Therian, M|100/100
|switch|p2a: Iron Treads|Iron Treads|100/100
|-ability|p1a: Landorus|Intimidate|boost
|-unboost|p2a: Iron Treads|atk|1
|turn|1
|
|t:|1769306906
|-end|p2a: Iron Treads|Quark Drive|[silent]
|switch|p2a: Kyurem|Kyurem|100/100
|-ability|p2a: Kyurem|Pressure
|move|p1a: Landorus|Stealth Rock|p2a: Kyurem
|-sidestart|p2: Estuardo19|move: Stealth Rock
|
|upkeep
|turn|2
|
|t:|1769306922
|switch|p1a: Volcanion|Volcanion|100/100
|move|p2a: Kyurem|Freeze-Dry|p1a: Volcanion
|-damage|p1a: Volcanion|46/100
|
|-heal|p1a: Volcanion|52/100|[from] item: Leftovers
|upkeep
|turn|3
|inactive|RENAISSANCE BLAZE has 270 seconds left.
|inactive|RENAISSANCE BLAZE has 240 seconds left.
|
|t:|1769306979
|move|p2a: Kyurem|Freeze-Dry|p1a: Volcanion
|-damage|p1a: Volcanion|0 fnt
|faint|p1a: Volcanion
|
|upkeep
|
|t:|1769306982
|switch|p1a: Kingambit|Kingambit, F|100/100
|-activate|p1a: Kingambit|ability: Supreme Overlord
|-start|p1a: Kingambit|fallen1|[silent]
|turn|4
|
|t:|1769306991
|switch|p2a: Iron Treads|Iron Treads|100/100
|-damage|p2a: Iron Treads|98/100|[from] Stealth Rock
|move|p1a: Kingambit|Swords Dance|p1a: Kingambit
|-boost|p1a: Kingambit|atk|2
|
|-heal|p2a: Iron Treads|100/100|[from] item: Leftovers
|upkeep
|turn|5
|
|t:|1769307005
|-terastallize|p1a: Kingambit|Fighting
|move|p2a: Iron Treads|Rapid Spin|p1a: Kingambit
|-damage|p1a: Kingambit|88/100
|-boost|p2a: Iron Treads|spe|1
|-sideend|p2: Estuardo19|Stealth Rock|[from] move: Rapid Spin|[of] p2a: Iron Treads
|move|p1a: Kingambit|Low Kick|p2a: Iron Treads
|-supereffective|p2a: Iron Treads
|-damage|p2a: Iron Treads|0 fnt
|faint|p2a: Iron Treads
|-end|p2a: Iron Treads|Quark Drive|[silent]
|
|-heal|p1a: Kingambit|94/100|[from] item: Leftovers
|upkeep
|
|t:|1769307022
|switch|p2a: Zamazenta|Zamazenta|100/100
|-ability|p2a: Zamazenta|Dauntless Shield|boost
|-boost|p2a: Zamazenta|def|1
|turn|6
|
|t:|1769307033
|move|p1a: Kingambit|Low Kick|p2a: Zamazenta
|-damage|p2a: Zamazenta|29/100
|move|p2a: Zamazenta|Roar|p1a: Kingambit
|-end|p1a: Kingambit|fallen1|[silent]
|drag|p1a: Landorus|Landorus-Therian, M|100/100
|-ability|p1a: Landorus|Intimidate|boost
|-unboost|p2a: Zamazenta|atk|1
|
|-heal|p2a: Zamazenta|35/100|[from] item: Leftovers
|upkeep
|turn|7
|
|t:|1769307048
|switch|p2a: Great Tusk|Great Tusk|100/100
|move|p1a: Landorus|Earthquake|p2a: Great Tusk
|-damage|p2a: Great Tusk|68/100
|
|upkeep
|turn|8
|
|t:|1769307054
|move|p1a: Landorus|Stealth Rock|p2a: Great Tusk
|-sidestart|p2: Estuardo19|move: Stealth Rock
|move|p2a: Great Tusk|Ice Spinner|p1a: Landorus
|-supereffective|p1a: Landorus
|-damage|p1a: Landorus|0 fnt
|-damage|p2a: Great Tusk|52/100|[from] item: Rocky Helmet|[of] p1a: Landorus
|faint|p1a: Landorus
|
|upkeep
|
|t:|1769307078
|switch|p1a: Iron Valiant|Iron Valiant|100/100
|-enditem|p1a: Iron Valiant|Booster Energy
|-activate|p1a: Iron Valiant|ability: Quark Drive|[fromitem]
|-start|p1a: Iron Valiant|quarkdrivespe
|turn|9
|
|t:|1769307087
|-end|p2a: Great Tusk|Protosynthesis|[silent]
|switch|p2a: Slowking|Slowking-Galar, M|100/100
|-damage|p2a: Slowking|88/100|[from] Stealth Rock
|move|p1a: Iron Valiant|Moonblast|p2a: Slowking
|-resisted|p2a: Slowking
|-damage|p2a: Slowking|76/100
|
|upkeep
|turn|10
|inactive|RENAISSANCE BLAZE has 240 seconds left.
|
|t:|1769307109
|-end|p1a: Iron Valiant|Quark Drive|[silent]
|switch|p1a: Kingambit|Kingambit, F, tera:Fighting|94/100
|-activate|p1a: Kingambit|ability: Supreme Overlord
|-start|p1a: Kingambit|fallen2|[silent]
|move|p2a: Slowking|Future Sight|p1a: Kingambit
|-start|p2a: Slowking|move: Future Sight
|
|-heal|p1a: Kingambit|99/100|[from] item: Leftovers
|upkeep
|turn|11
|inactive|RENAISSANCE BLAZE has 240 seconds left.
|
|t:|1769307121
|move|p1a: Kingambit|Iron Head|p2a: Slowking
|-damage|p2a: Slowking|26/100
|-prepare|p2a: Slowking|Chilly Reception|[premajor]
|cant|p2a: Slowking|flinch
|
|-heal|p1a: Kingambit|100/100|[from] item: Leftovers
|upkeep
|turn|12
|inactive|RENAISSANCE BLAZE has 240 seconds left.
|
|t:|1769307132
|move|p1a: Kingambit|Iron Head|p2a: Slowking
|-damage|p2a: Slowking|0 fnt
|faint|p2a: Slowking
|
|-end|p1a: Kingambit|move: Future Sight
|-supereffective|p1a: Kingambit
|-damage|p1a: Kingambit|4/100
|-heal|p1a: Kingambit|10/100|[from] item: Leftovers
|upkeep
|
|t:|1769307135
|switch|p2a: Great Tusk|Great Tusk|52/100
|turn|13
|
|t:|1769307149
|move|p2a: Great Tusk|Rapid Spin|p1a: Kingambit
|-damage|p1a: Kingambit|0 fnt
|-boost|p2a: Great Tusk|spe|1
|-sideend|p2: Estuardo19|Stealth Rock|[from] move: Rapid Spin|[of] p2a: Great Tusk
|faint|p1a: Kingambit
|-end|p1a: Kingambit|fallen2|[silent]
|
|upkeep
|
|t:|1769307157
|switch|p1a: Deoxys|Deoxys-Speed|100/100
|-ability|p1a: Deoxys|Pressure
|turn|14
|
|t:|1769307165
|-end|p2a: Great Tusk|Protosynthesis|[silent]
|switch|p2a: Tornadus|Tornadus-Therian, M|100/100
|move|p1a: Deoxys|Psycho Boost|p2a: Tornadus
|-damage|p2a: Tornadus|61/100
|-unboost|p1a: Deoxys|spa|2
|-enditem|p1a: Deoxys|Eject Pack
|inactive|RENAISSANCE BLAZE has 240 seconds left.
|c|☆RENAISSANCE BLAZE|I didn't expect 2 spinners, you must really hate hazards lol
|inactive|RENAISSANCE BLAZE has 210 seconds left.
|
|t:|1769307216
|switch|p1a: Pecharunt|Pecharunt|100/100
|
|upkeep
|turn|15
|c|☆Estuardo19|with this kind of team
|c|☆Estuardo19|ye
|inactive|RENAISSANCE BLAZE has 210 seconds left.
|
|t:|1769307232
|move|p2a: Tornadus|U-turn|p1a: Pecharunt
|-resisted|p1a: Pecharunt
|-damage|p1a: Pecharunt|98/100
|
|t:|1769307239
|switch|p2a: Zamazenta|Zamazenta|35/100|[from] U-turn
|move|p1a: Pecharunt|Malignant Chain|p2a: Zamazenta
|-crit|p2a: Zamazenta
|-damage|p2a: Zamazenta|0 fnt
|faint|p2a: Zamazenta
|
|upkeep
|
|t:|1769307244
|switch|p2a: Kyurem|Kyurem|100/100
|-ability|p2a: Kyurem|Pressure
|turn|16
|
|t:|1769307249
|move|p2a: Kyurem|Earth Power|p1a: Pecharunt
|-supereffective|p1a: Pecharunt
|-damage|p1a: Pecharunt|0 fnt
|faint|p1a: Pecharunt
|
|upkeep
|inactive|RENAISSANCE BLAZE has 210 seconds left.
|
|t:|1769307266
|switch|p1a: Iron Valiant|Iron Valiant|100/100
|turn|17
|inactive|RENAISSANCE BLAZE has 210 seconds left.
|
|t:|1769307275
|switch|p2a: Great Tusk|Great Tusk|52/100
|move|p1a: Iron Valiant|Close Combat|p2a: Great Tusk
|-damage|p2a: Great Tusk|8/100
|-unboost|p1a: Iron Valiant|def|1
|-unboost|p1a: Iron Valiant|spd|1
|
|upkeep
|turn|18
|
|t:|1769307284
|move|p1a: Iron Valiant|Moonblast|p2a: Great Tusk
|-supereffective|p2a: Great Tusk
|-damage|p2a: Great Tusk|0 fnt
|faint|p2a: Great Tusk
|-end|p2a: Great Tusk|Protosynthesis|[silent]
|
|upkeep
|
|t:|1769307286
|switch|p2a: Tornadus|Tornadus-Therian, M|94/100
|turn|19
|
|t:|1769307289
|-end|p1a: Iron Valiant|Quark Drive|[silent]
|switch|p1a: Deoxys|Deoxys-Speed|100/100
|-ability|p1a: Deoxys|Pressure
|move|p2a: Tornadus|Bleakwind Storm|p1a: Deoxys
|-damage|p1a: Deoxys|38/100
|-unboost|p1a: Deoxys|spe|1
|
|upkeep
|turn|20
|
|t:|1769307301
|move|p2a: Tornadus|Knock Off|p1a: Deoxys
|-supereffective|p1a: Deoxys
|-damage|p1a: Deoxys|0 fnt
|faint|p1a: Deoxys
|
|upkeep
|
|t:|1769307325
|switch|p1a: Iron Valiant|Iron Valiant|100/100
|turn|21
|
|t:|1769307329
|move|p2a: Tornadus|Bleakwind Storm|p1a: Iron Valiant
|-supereffective|p1a: Iron Valiant
|-damage|p1a: Iron Valiant|0 fnt
|faint|p1a: Iron Valiant
|-end|p1a: Iron Valiant|Quark Drive|[silent]
|
|win|Estuardo19
|c|☆Estuardo19|gg
|c|☆RENAISSANCE BLAZE|gg
|l|☆Estuardo19
|player|p2|
|l|☆RENAISSANCE BLAZE
|player|p1|
|j|☆Estuardo19
|player|p2|Estuardo19|waitress-gen4|
