|j|☆scrappyflamigo
|j|☆jonarena
|t:|1769293142
|gametype|singles
|player|p1|scrappyflamigo|diantha|1443
|player|p2|jonarena|265|1437
|gen|9
|tier|[Gen 9] OU
|rated|
|rule|HP Percentage Mod: HP is shown in percentages
|rule|Endless Battle Clause: Forcing endless battles is banned
|rule|Species Clause: Limit one of each Pokémon
|rule|OHKO Clause: OHKO moves are banned
|rule|Evasion Items Clause: Evasion items are banned
|rule|Evasion Moves Clause: Evasion moves are banned
|rule|Evasion Abilities Clause: Evasion abilities are banned
|rule|Sleep Moves Clause: Sleep-inducing moves are banned
|clearpoke
|poke|p1|Great Tusk|
|poke|p1|Pecharunt|
|poke|p1|Iron Valiant|
|poke|p1|Iron Crown|
|poke|p1|Samurott-Hisui, M|
|poke|p1|Dragonite, M|
|poke|p2|Volcanion|
|poke|p2|Hatterene, F|
|poke|p2|Slowking-Galar, F|
|poke|p2|Cinderace, M|
|poke|p2|Glastrier|
|poke|p2|Gliscor, M|
|teampreview
|inactive|Battle timer is ON: inactive players will automatically lose when time's up. (requested by jonarena)
|
|t:|1769293170
|teamsize|p1|6
|teamsize|p2|6
|start
|switch|p1a: Iron Crown|Iron Crown|100/100
|switch|p2a: Hatterene|Hatterene, F|100/100
|turn|1
|
|t:|1769293178
|-terastallize|p2a: Hatterene|Fire
|move|p1a: Iron Crown|Tachyon Cutter|p2a: Hatterene
|-resisted|p2a: Hatterene
|-damage|p2a: Hatterene|87/100
|-resisted|p2a: Hatterene
|-damage|p2a: Hatterene|74/100
|-hitcount|p2a: Hatterene|2
|move|p2a: Hatterene|Mystical Fire|p1a: Iron Crown
|-supereffective|p1a: Iron Crown
|-damage|p1a: Iron Crown|42/100
|-unboost|p1a: Iron Crown|spa|1
|
|upkeep
|turn|2
|
|t:|1769293200
|move|p1a: Iron Crown|Volt Switch|p2a: Hatterene
|-crit|p2a: Hatterene
|-damage|p2a: Hatterene|36/100
|inactive|scrappyflamigo has 120 seconds left.
|inactive|scrappyflamigo has 90 seconds left.
|
|t:|1769293252
|-end|p1a: Iron Crown|Quark Drive|[silent]
|switch|p1a: Pecharunt|Pecharunt|100/100|[from] Volt Switch
|move|p2a: Hatterene|Trick Room|p2a: Hatterene
|-fieldstart|move: Trick Room|[of] p2a: Hatterene
|
|upkeep
|turn|3
|inactive|scrappyflamigo has 90 seconds left.
|
|t:|1769293266
|switch|p1a: Samurott|Samurott-Hisui, M, shiny|100/100
|move|p2a: Hatterene|Psychic|p1a: Samurott
|-immune|p1a: Samurott
|
|upkeep
|turn|4
|inactive|scrappyflamigo has 90 seconds left.
|
|t:|1769293273
|move|p1a: Samurott|Sucker Punch|p2a: Hatterene
|-damage|p2a: Hatterene|0 fnt
|faint|p2a: Hatterene
|
|upkeep
|
|t:|1769293287
|switch|p2a: Glastrier|Glastrier|100/100
|turn|5
|
|t:|1769293301
|switch|p1a: Pecharunt|Pecharunt|100/100
|move|p2a: Glastrier|Close Combat|p1a: Pecharunt
|-immune|p1a: Pecharunt
|
|upkeep
|turn|6
|
|t:|1769293312
|move|p2a: Glastrier|High Horsepower|p1a: Pecharunt
|-supereffective|p1a: Pecharunt
|-damage|p1a: Pecharunt|67/100
|-damage|p2a: Glastrier|84/100|[from] item: Rocky Helmet|[of] p1a: Pecharunt
|move|p1a: Pecharunt|Malignant Chain|p2a: Glastrier
|-damage|p2a: Glastrier|62/100
|-status|p2a: Glastrier|tox
|-start|p2a: Glastrier|confusion|[from] ability: Poison Puppeteer|[of] p1a: Pecharunt
|
|-damage|p2a: Glastrier|55/100 tox|[from] psn
|-fieldend|move: Trick Room
|upkeep
|turn|7
|
|t:|1769293327
|switch|p2a: Gliscor|Gliscor, M|100/100
|move|p1a: Pecharunt|Recover|p1a: Pecharunt
|-heal|p1a: Pecharunt|100/100
|
|-status|p2a: Gliscor|tox|[from] item: Toxic Orb
|upkeep
|turn|8
|
|t:|1769293335
|move|p2a: Gliscor|Swords Dance|p2a: Gliscor
|-boost|p2a: Gliscor|atk|2
|move|p1a: Pecharunt|Parting Shot|p2a: Gliscor
|-unboost|p2a: Gliscor|atk|1
|-unboost|p2a: Gliscor|spa|1
|
|t:|1769293345
|switch|p1a: Great Tusk|Great Tusk|100/100|[from] Parting Shot
|
|upkeep
|turn|9
|
|t:|1769293361
|move|p1a: Great Tusk|Stealth Rock|p2a: Gliscor
|-sidestart|p2: jonarena|move: Stealth Rock
|move|p2a: Gliscor|Swords Dance|p2a: Gliscor
|-boost|p2a: Gliscor|atk|2
|
|upkeep
|turn|10
|
|t:|1769293366
|move|p1a: Great Tusk|Ice Spinner|p2a: Gliscor
|-supereffective|p2a: Gliscor
|-damage|p2a: Gliscor|24/100 tox
|move|p2a: Gliscor|Facade|p1a: Great Tusk
|-damage|p1a: Great Tusk|34/100
|
|-heal|p2a: Gliscor|37/100 tox|[from] ability: Poison Heal
|upkeep
|turn|11
|
|t:|1769293376
|move|p2a: Gliscor|Protect|p2a: Gliscor
|-singleturn|p2a: Gliscor|Protect
|move|p1a: Great Tusk|Ice Spinner|p2a: Gliscor
|-activate|p2a: Gliscor|move: Protect
|
|-heal|p2a: Gliscor|49/100 tox|[from] ability: Poison Heal
|upkeep
|turn|12
|
|t:|1769293384
|switch|p2a: Cinderace|Cinderace, M|100/100
|move|p1a: Great Tusk|Headlong Rush|p2a: Cinderace
|-supereffective|p2a: Cinderace
|-crit|p2a: Cinderace
|-damage|p2a: Cinderace|0 fnt
|-unboost|p1a: Great Tusk|def|1
|-unboost|p1a: Great Tusk|spd|1
|faint|p2a: Cinderace
|
|upkeep
|inactive|jonarena has 120 seconds left.
|
|t:|1769293420
|switch|p2a: Glastrier|Glastrier|55/100 tox
|turn|13
|inactive|jonarena has 120 seconds left.
|
|t:|1769293429
|-end|p1a: Great Tusk|Protosynthesis|[silent]
|switch|p1a: Pecharunt|Pecharunt|100/100
|move|p2a: Glastrier|Icicle Crash|p1a: Pecharunt
|-damage|p1a: Pecharunt|78/100
|
|-damage|p2a: Glastrier|49/100 tox|[from] psn
|upkeep
|turn|14
|inactive|jonarena has 120 seconds left.
|
|t:|1769293444
|switch|p2a: Slowking|Slowking-Galar, F|100/100
|-damage|p2a: Slowking|88/100|[from] Stealth Rock
|move|p1a: Pecharunt|Parting Shot|p2a: Slowking
|-unboost|p2a: Slowking|atk|1
|-unboost|p2a: Slowking|spa|1
|
|t:|1769293451
|switch|p1a: Samurott|Samurott-Hisui, M, shiny|100/100|[from] Parting Shot
|
|upkeep
|turn|15
|
|t:|1769293457
|move|p1a: Samurott|Ceaseless Edge|p2a: Slowking
|-supereffective|p2a: Slowking
|-damage|p2a: Slowking|0 fnt
|-sidestart|p2: jonarena|Spikes
|faint|p2a: Slowking
|
|upkeep
|-message|jonarena forfeited.
|
|win|scrappyflamigo
|raw|scrappyflamigo's rating: 1443 &rarr; <strong>1463</strong><br />(+20 for winning)
|raw|jonarena's rating: 1437 &rarr; <strong>1417</strong><br />(-20 for losing)
|l|☆jonarena
|player|p2|
|j|☆jonarena
|player|p2|jonarena|265|
|l|☆jonarena
|player|p2|
