|j|☆HokageNarudo
|j|☆yuriquars
|t:|1769356993
|gametype|singles
|player|p1|HokageNarudo|miku-fairy|1476
|player|p2|yuriquars|170|1420
|gen|9
|tier|[Gen 9] OU
|rated|
|rule|HP Percentage Mod: HP is shown in percentages
|rule|Endless Battle Clause: Forcing endless battles is banned
|rule|Species Clause: Limit one of each Pokémon
|rule|OHKO Clause: OHKO moves are banned
|rule|Evasion Items Clause: Evasion items are banned
|rule|Evasion Moves Clause: Evasion moves are banned
|rule|Evasion Abilities Clause: Evasion abilities are banned
|rule|Sleep Moves Clause: Sleep-inducing moves are banned
|clearpoke
|poke|p1|Iron Valiant|
|poke|p1|Great Tusk|
|poke|p1|Dragonite, F|
|poke|p1|Deoxys-Speed|
|poke|p1|Glimmora, F|
|poke|p1|Kingambit, F|
|poke|p2|Dragapult, F|
|poke|p2|Garganacl, F|
|poke|p2|Great Tusk|
|poke|p2|Corviknight, F|
|poke|p2|Slowking-Galar, M|
|poke|p2|Ogerpon-Wellspring, F|
|teampreview
|inactive|Battle timer is ON: inactive players will automatically lose when time's up. (requested by yuriquars)
|
|t:|1769357043
|teamsize|p1|6
|teamsize|p2|6
|start
|switch|p1a: Deoxys|Deoxys-Speed|100/100
|switch|p2a: Great Tusk|Great Tusk|100/100
|-ability|p1a: Deoxys|Pressure
|turn|1
|
|t:|1769357050
|-end|p2a: Great Tusk|Protosynthesis|[silent]
|switch|p2a: Corviknight|Corviknight, F|100/100
|-ability|p2a: Corviknight|Pressure
|move|p1a: Deoxys|Psycho Boost|p2a: Corviknight|[miss]
|-miss|p1a: Deoxys|p2a: Corviknight
|
|upkeep
|turn|2
|
|t:|1769357057
|move|p1a: Deoxys|Reflect|p1a: Deoxys
|-sidestart|p1: HokageNarudo|Reflect
|move|p2a: Corviknight|U-turn|p1a: Deoxys
|-supereffective|p1a: Deoxys
|-damage|p1a: Deoxys|83/100
|
|t:|1769357064
|switch|p2a: Slowking|Slowking-Galar, M|100/100|[from] U-turn
|
|upkeep
|turn|3
|
|t:|1769357068
|move|p1a: Deoxys|Taunt|p2a: Slowking
|-start|p2a: Slowking|move: Taunt
|cant|p2a: Slowking|move: Taunt|Toxic
|
|upkeep
|turn|4
|
|t:|1769357072
|switch|p2a: Corviknight|Corviknight, F|100/100
|-ability|p2a: Corviknight|Pressure
|move|p1a: Deoxys|Light Screen|p1a: Deoxys
|-sidestart|p1: HokageNarudo|move: Light Screen
|
|upkeep
|turn|5
|
|t:|1769357077
|move|p1a: Deoxys|Taunt|p2a: Corviknight
|-start|p2a: Corviknight|move: Taunt
|cant|p2a: Corviknight|move: Taunt|Defog
|
|upkeep
|turn|6
|
|t:|1769357084
|switch|p1a: Dragonite|Dragonite, F|100/100
|move|p2a: Corviknight|U-turn|p1a: Dragonite
|-resisted|p1a: Dragonite
|-damage|p1a: Dragonite|98/100
|
|t:|1769357090
|switch|p2a: Slowking|Slowking-Galar, M|100/100|[from] U-turn
|
|-heal|p1a: Dragonite|100/100|[from] item: Leftovers
|upkeep
|turn|7
|
|t:|1769357093
|move|p1a: Dragonite|Substitute|p1a: Dragonite
|-start|p1a: Dragonite|Substitute
|-damage|p1a: Dragonite|76/100
|move|p2a: Slowking|Toxic||[still]
|-fail|p2a: Slowking
|
|-heal|p1a: Dragonite|82/100|[from] item: Leftovers
|upkeep
|turn|8
|
|t:|1769357100
|move|p1a: Dragonite|Dragon Dance|p1a: Dragonite
|-boost|p1a: Dragonite|atk|1
|-boost|p1a: Dragonite|spe|1
|-prepare|p2a: Slowking|Chilly Reception|[premajor]
|move|p2a: Slowking|Chilly Reception|p2a: Slowking
|-weather|Snowscape
|
|t:|1769357110
|switch|p2a: Dragapult|Dragapult, F|100/100|[from] Chilly Reception
|
|-weather|Snowscape|[upkeep]
|-heal|p1a: Dragonite|88/100|[from] item: Leftovers
|upkeep
|turn|9
|
|t:|1769357119
|move|p1a: Dragonite|Dragon Dance|p1a: Dragonite
|-boost|p1a: Dragonite|atk|1
|-boost|p1a: Dragonite|spe|1
|move|p2a: Dragapult|Dragon Darts|p1a: Dragonite
|-supereffective|p1a: Dragonite
|-damage|p1a: Dragonite|42/100
|-anim|p2a: Dragapult|Dragon Darts|p1a: Dragonite
|-supereffective|p1a: Dragonite
|-damage|p1a: Dragonite|0 fnt
|faint|p1a: Dragonite
|
|-weather|Snowscape|[upkeep]
|-sideend|p1: HokageNarudo|Reflect
|upkeep
|
|t:|1769357137
|switch|p1a: Iron Valiant|Iron Valiant|100/100
|-enditem|p1a: Iron Valiant|Booster Energy
|-activate|p1a: Iron Valiant|ability: Quark Drive|[fromitem]
|-start|p1a: Iron Valiant|quarkdrivespe
|turn|10
|
|t:|1769357143
|switch|p2a: Corviknight|Corviknight, F|100/100
|-ability|p2a: Corviknight|Pressure
|move|p1a: Iron Valiant|Knock Off|p2a: Corviknight
|-damage|p2a: Corviknight|81/100
|-damage|p1a: Iron Valiant|84/100|[from] item: Rocky Helmet|[of] p2a: Corviknight
|-enditem|p2a: Corviknight|Rocky Helmet|[from] move: Knock Off|[of] p1a: Iron Valiant
|
|-weather|Snowscape|[upkeep]
|upkeep
|turn|11
|
|t:|1769357153
|-end|p1a: Iron Valiant|Quark Drive|[silent]
|switch|p1a: Glimmora|Glimmora, F|100/100
|move|p2a: Corviknight|U-turn|p1a: Glimmora
|-resisted|p1a: Glimmora
|-damage|p1a: Glimmora|91/100
|-activate|p1a: Glimmora|ability: Toxic Debris
|-sidestart|p2: yuriquars|move: Toxic Spikes
|
|t:|1769357156
|switch|p2a: Great Tusk|Great Tusk|100/100|[from] U-turn
|
|-weather|Snowscape|[upkeep]
|-sideend|p1: HokageNarudo|move: Light Screen
|upkeep
|turn|12
|inactive|HokageNarudo has 120 seconds left.
|
|t:|1769357211
|move|p2a: Great Tusk|Headlong Rush|p1a: Glimmora
|-supereffective|p1a: Glimmora
|-damage|p1a: Glimmora|0 fnt
|-unboost|p2a: Great Tusk|def|1
|-unboost|p2a: Great Tusk|spd|1
|-activate|p1a: Glimmora|ability: Toxic Debris
|-sidestart|p2: yuriquars|move: Toxic Spikes
|faint|p1a: Glimmora
|
|-weather|none
|upkeep
|
|t:|1769357215
|switch|p1a: Deoxys|Deoxys-Speed|83/100
|-ability|p1a: Deoxys|Pressure
|turn|13
|
|t:|1769357222
|-end|p2a: Great Tusk|Protosynthesis|[silent]
|switch|p2a: Slowking|Slowking-Galar, M|100/100
|-sideend|p2: yuriquars|move: Toxic Spikes|[of] p2a: Slowking
|move|p1a: Deoxys|Reflect|p1a: Deoxys
|-sidestart|p1: HokageNarudo|Reflect
|
|upkeep
|turn|14
|
|t:|1769357227
|move|p1a: Deoxys|Taunt|p2a: Slowking
|-start|p2a: Slowking|move: Taunt
|move|p2a: Slowking|Sludge Bomb|p1a: Deoxys
|-damage|p1a: Deoxys|38/100
|-status|p1a: Deoxys|psn
|
|-damage|p1a: Deoxys|26/100 psn|[from] psn
|upkeep
|turn|15
|
|t:|1769357233
|switch|p1a: Kingambit|Kingambit, F|100/100
|-activate|p1a: Kingambit|ability: Supreme Overlord
|-start|p1a: Kingambit|fallen2|[silent]
|switch|p2a: Corviknight|Corviknight, F|81/100
|-ability|p2a: Corviknight|Pressure
|
|upkeep
|turn|16
|
|t:|1769357236
|move|p1a: Kingambit|Swords Dance|p1a: Kingambit
|-boost|p1a: Kingambit|atk|2
|move|p2a: Corviknight|Body Press|p1a: Kingambit
|-supereffective|p1a: Kingambit
|-damage|p1a: Kingambit|55/100
|
|upkeep
|turn|17
|
|t:|1769357253
|-terastallize|p1a: Kingambit|Fighting
|move|p1a: Kingambit|Swords Dance|p1a: Kingambit
|-boost|p1a: Kingambit|atk|2
|move|p2a: Corviknight|Body Press|p1a: Kingambit
|-damage|p1a: Kingambit|44/100
|
|upkeep
|turn|18
|
|t:|1769357260
|move|p1a: Kingambit|Sucker Punch|p2a: Corviknight
|-damage|p2a: Corviknight|0 fnt
|faint|p2a: Corviknight
|
|upkeep
|
|t:|1769357265
|switch|p2a: Dragapult|Dragapult, F|100/100
|turn|19
|inactive|HokageNarudo has 120 seconds left.
|
|t:|1769357307
|move|p2a: Dragapult|Will-O-Wisp|p1a: Kingambit
|-status|p1a: Kingambit|brn
|-enditem|p1a: Kingambit|Lum Berry|[eat]
|-curestatus|p1a: Kingambit|brn|[msg]
|move|p1a: Kingambit|Iron Head|p2a: Dragapult
|-damage|p2a: Dragapult|0 fnt
|faint|p2a: Dragapult
|
|upkeep
|
|t:|1769357329
|switch|p2a: Ogerpon|Ogerpon-Wellspring, F|100/100
|turn|20
|inactive|HokageNarudo has 120 seconds left.
|
|t:|1769357354
|move|p1a: Kingambit|Sucker Punch|p2a: Ogerpon
|-damage|p2a: Ogerpon|0 fnt
|faint|p2a: Ogerpon
|
|-sideend|p1: HokageNarudo|Reflect
|upkeep
|
|t:|1769357357
|switch|p2a: Great Tusk|Great Tusk|100/100
|turn|21
|
|t:|1769357365
|move|p1a: Kingambit|Sucker Punch|p2a: Great Tusk
|-resisted|p2a: Great Tusk
|-damage|p2a: Great Tusk|58/100
|move|p2a: Great Tusk|Headlong Rush|p1a: Kingambit
|-damage|p1a: Kingambit|0 fnt
|-unboost|p2a: Great Tusk|def|1
|-unboost|p2a: Great Tusk|spd|1
|faint|p1a: Kingambit
|-end|p1a: Kingambit|fallen2|[silent]
|
|upkeep
|
|t:|1769357368
|switch|p1a: Great Tusk|Great Tusk|100/100
|-enditem|p1a: Great Tusk|Booster Energy
|-activate|p1a: Great Tusk|ability: Protosynthesis|[fromitem]
|-start|p1a: Great Tusk|protosynthesisspe
|turn|22
|
|t:|1769357383
|-end|p2a: Great Tusk|Protosynthesis|[silent]
|switch|p2a: Garganacl|Garganacl, F|100/100
|move|p1a: Great Tusk|Bulk Up|p1a: Great Tusk
|-boost|p1a: Great Tusk|atk|1
|-boost|p1a: Great Tusk|def|1
|
|upkeep
|turn|23
|
|t:|1769357406
|-terastallize|p2a: Garganacl|Ghost
|move|p1a: Great Tusk|Taunt|p2a: Garganacl
|-start|p2a: Garganacl|move: Taunt
|move|p2a: Garganacl|Salt Cure|p1a: Great Tusk
|-resisted|p1a: Great Tusk
|-damage|p1a: Great Tusk|99/100
|-start|p1a: Great Tusk|Salt Cure
|
|-damage|p1a: Great Tusk|87/100|[from] Salt Cure
|upkeep
|turn|24
|
|t:|1769357412
|switch|p2a: Slowking|Slowking-Galar, M|100/100
|move|p1a: Great Tusk|Bulk Up|p1a: Great Tusk
|-boost|p1a: Great Tusk|atk|1
|-boost|p1a: Great Tusk|def|1
|
|-damage|p1a: Great Tusk|74/100|[from] Salt Cure
|upkeep
|turn|25
|
|t:|1769357418
|switch|p2a: Garganacl|Garganacl, F, tera:Ghost|100/100
|move|p1a: Great Tusk|Headlong Rush|p2a: Garganacl
|-damage|p2a: Garganacl|39/100
|-unboost|p1a: Great Tusk|def|1
|-unboost|p1a: Great Tusk|spd|1
|
|-heal|p2a: Garganacl|46/100|[from] item: Leftovers
|-damage|p1a: Great Tusk|62/100|[from] Salt Cure
|upkeep
|turn|26
|
|t:|1769357423
|move|p2a: Garganacl|Protect|p2a: Garganacl
|-singleturn|p2a: Garganacl|Protect
|move|p1a: Great Tusk|Headlong Rush|p2a: Garganacl
|-activate|p2a: Garganacl|move: Protect
|
|-heal|p2a: Garganacl|52/100|[from] item: Leftovers
|-damage|p1a: Great Tusk|49/100|[from] Salt Cure
|upkeep
|turn|27
|
|t:|1769357427
|switch|p2a: Slowking|Slowking-Galar, M|100/100
|move|p1a: Great Tusk|Headlong Rush|p2a: Slowking
|-supereffective|p2a: Slowking
|-damage|p2a: Slowking|0 fnt
|-unboost|p1a: Great Tusk|def|1
|-unboost|p1a: Great Tusk|spd|1
|faint|p2a: Slowking
|
|-damage|p1a: Great Tusk|37/100|[from] Salt Cure
|upkeep
|
|t:|1769357428
|switch|p2a: Garganacl|Garganacl, F, tera:Ghost|52/100
|turn|28
|
|t:|1769357433
|move|p2a: Garganacl|Protect|p2a: Garganacl
|-singleturn|p2a: Garganacl|Protect
|move|p1a: Great Tusk|Bulk Up|p1a: Great Tusk
|-boost|p1a: Great Tusk|atk|1
|-boost|p1a: Great Tusk|def|1
|
|-heal|p2a: Garganacl|58/100|[from] item: Leftovers
|-damage|p1a: Great Tusk|24/100|[from] Salt Cure
|upkeep
|turn|29
|
|t:|1769357440
|move|p1a: Great Tusk|Headlong Rush|p2a: Garganacl
|-damage|p2a: Garganacl|0 fnt
|-unboost|p1a: Great Tusk|def|1
|-unboost|p1a: Great Tusk|spd|1
|faint|p2a: Garganacl
|
|-damage|p1a: Great Tusk|12/100|[from] Salt Cure
|upkeep
|
|t:|1769357448
|switch|p2a: Great Tusk|Great Tusk|58/100
|turn|30
|
|t:|1769357450
|move|p1a: Great Tusk|Headlong Rush|p2a: Great Tusk
|-damage|p2a: Great Tusk|0 fnt
|-unboost|p1a: Great Tusk|def|1
|-unboost|p1a: Great Tusk|spd|1
|faint|p2a: Great Tusk
|-end|p2a: Great Tusk|Protosynthesis|[silent]
|
|win|HokageNarudo
|raw|HokageNarudo's rating: 1476 &rarr; <strong>1493</strong><br />(+17 for winning)
|raw|yuriquars's rating: 1420 &rarr; <strong>1403</strong><br />(-17 for losing)
