|j|☆rickybobby394211
|j|☆shnorkalface
|t:|1769414915
|gametype|singles
|player|p1|rickybobby394211|benga|1173
|player|p2|shnorkalface|101|1172
|gen|9
|tier|[Gen 9] OU
|rated|
|rule|HP Percentage Mod: HP is shown in percentages
|rule|Endless Battle Clause: Forcing endless battles is banned
|rule|Species Clause: Limit one of each Pokémon
|rule|OHKO Clause: OHKO moves are banned
|rule|Evasion Items Clause: Evasion items are banned
|rule|Evasion Moves Clause: Evasion moves are banned
|rule|Evasion Abilities Clause: Evasion abilities are banned
|rule|Sleep Moves Clause: Sleep-inducing moves are banned
|clearpoke
|poke|p1|Hoopa-Unbound|
|poke|p1|Cinderace, M|
|poke|p1|Dragapult, M|
|poke|p1|Moltres|
|poke|p1|Primarina, M|
|poke|p1|Gliscor, F|
|poke|p2|Great Tusk|
|poke|p2|Greninja-*, M|
|poke|p2|Kingambit, M|
|poke|p2|Electrode-Hisui|
|poke|p2|Abomasnow, F|
|poke|p2|Azumarill, M|
|teampreview
|
|t:|1769414936
|teamsize|p1|6
|teamsize|p2|6
|start
|switch|p1a: Dragapult|Dragapult, M, shiny|100/100
|switch|p2a: Abomasnow|Abomasnow, F|100/100
|-weather|Snowscape|[from] ability: Snow Warning|[of] p2a: Abomasnow
|turn|1
|inactive|Battle timer is ON: inactive players will automatically lose when time's up. (requested by rickybobby394211)
|
|t:|1769414953
|move|p1a: Dragapult|Flamethrower|p2a: Abomasnow
|-supereffective|p2a: Abomasnow
|-damage|p2a: Abomasnow|0 fnt
|faint|p2a: Abomasnow
|
|-weather|Snowscape|[upkeep]
|upkeep
|
|t:|1769414960
|switch|p2a: Azumarill|Azumarill, M|100/100
|turn|2
|
|t:|1769414965
|switch|p1a: Primarina|Primarina, M|100/100
|move|p2a: Azumarill|Play Rough|p1a: Primarina
|-damage|p1a: Primarina|43/100
|
|-weather|Snowscape|[upkeep]
|upkeep
|turn|3
|
|t:|1769414976
|move|p1a: Primarina|Moonblast|p2a: Azumarill
|-damage|p2a: Azumarill|73/100
|-unboost|p2a: Azumarill|spa|1
|move|p2a: Azumarill|Play Rough|p1a: Primarina
|-damage|p1a: Primarina|0 fnt
|faint|p1a: Primarina
|
|-weather|Snowscape|[upkeep]
|upkeep
|inactive|rickybobby394211 has 120 seconds left.
|
|t:|1769415007
|switch|p1a: Gliscor|Gliscor, F, shiny|100/100
|turn|4
|
|t:|1769415013
|move|p1a: Gliscor|Protect|p1a: Gliscor
|-singleturn|p1a: Gliscor|Protect
|move|p2a: Azumarill|Liquidation|p1a: Gliscor
|-activate|p1a: Gliscor|move: Protect
|
|-weather|Snowscape|[upkeep]
|-status|p1a: Gliscor|tox|[from] item: Toxic Orb
|upkeep
|turn|5
|
|t:|1769415022
|-terastallize|p1a: Gliscor|Water
|move|p1a: Gliscor|Knock Off|p2a: Azumarill
|-resisted|p2a: Azumarill
|-damage|p2a: Azumarill|63/100
|-enditem|p2a: Azumarill|Assault Vest|[from] move: Knock Off|[of] p1a: Gliscor
|move|p2a: Azumarill|Liquidation|p1a: Gliscor
|-resisted|p1a: Gliscor
|-crit|p1a: Gliscor
|-damage|p1a: Gliscor|78/100 tox
|
|-weather|none
|-heal|p1a: Gliscor|91/100 tox|[from] ability: Poison Heal
|upkeep
|turn|6
|
|t:|1769415035
|switch|p2a: Electrode|Electrode-Hisui|100/100
|move|p1a: Gliscor|Earthquake|p2a: Electrode
|-damage|p2a: Electrode|41/100
|
|-heal|p1a: Gliscor|100/100 tox|[from] ability: Poison Heal
|upkeep
|turn|7
|
|t:|1769415043
|switch|p1a: Moltres|Moltres, shiny|100/100
|move|p2a: Electrode|Leaf Storm|p1a: Moltres
|-resisted|p1a: Moltres
|-crit|p1a: Moltres
|-damage|p1a: Moltres|81/100
|-unboost|p2a: Electrode|spa|2
|
|upkeep
|turn|8
|
|t:|1769415062
|switch|p2a: Azumarill|Azumarill, M|63/100
|move|p1a: Moltres|Flamethrower|p2a: Azumarill
|-resisted|p2a: Azumarill
|-damage|p2a: Azumarill|47/100
|
|upkeep
|turn|9
|
|t:|1769415069
|switch|p1a: Gliscor|Gliscor, F, shiny, tera:Water|100/100 tox
|move|p2a: Azumarill|Knock Off|p1a: Gliscor
|-damage|p1a: Gliscor|77/100 tox
|-enditem|p1a: Gliscor|Toxic Orb|[from] move: Knock Off|[of] p2a: Azumarill
|
|-heal|p1a: Gliscor|90/100 tox|[from] ability: Poison Heal
|upkeep
|turn|10
|
|t:|1769415079
|move|p1a: Gliscor|Earthquake|p2a: Azumarill
|-damage|p2a: Azumarill|11/100
|move|p2a: Azumarill|Play Rough|p1a: Gliscor
|-damage|p1a: Gliscor|59/100 tox
|
|-heal|p1a: Gliscor|72/100 tox|[from] ability: Poison Heal
|upkeep
|turn|11
|
|t:|1769415089
|switch|p2a: Great Tusk|Great Tusk|100/100
|-enditem|p2a: Great Tusk|Booster Energy
|-activate|p2a: Great Tusk|ability: Protosynthesis|[fromitem]
|-start|p2a: Great Tusk|protosynthesisspe
|move|p1a: Gliscor|Stealth Rock|p2a: Great Tusk
|-sidestart|p2: shnorkalface|move: Stealth Rock
|
|-heal|p1a: Gliscor|84/100 tox|[from] ability: Poison Heal
|upkeep
|turn|12
|
|t:|1769415105
|move|p2a: Great Tusk|Rapid Spin|p1a: Gliscor
|-damage|p1a: Gliscor|72/100 tox
|-boost|p2a: Great Tusk|spe|1
|-sideend|p2: shnorkalface|Stealth Rock|[from] move: Rapid Spin|[of] p2a: Great Tusk
|move|p1a: Gliscor|Knock Off|p2a: Great Tusk
|-resisted|p2a: Great Tusk
|-damage|p2a: Great Tusk|96/100
|
|-heal|p1a: Gliscor|84/100 tox|[from] ability: Poison Heal
|upkeep
|turn|13
|
|t:|1769415115
|switch|p1a: Moltres|Moltres, shiny|81/100
|move|p2a: Great Tusk|Headlong Rush|p1a: Moltres
|-immune|p1a: Moltres
|
|upkeep
|turn|14
|
|t:|1769415122
|move|p2a: Great Tusk|Ice Spinner|p1a: Moltres
|-damage|p1a: Moltres|64/100
|move|p1a: Moltres|Flamethrower|p2a: Great Tusk
|-damage|p2a: Great Tusk|48/100
|
|upkeep
|turn|15
|
|t:|1769415128
|move|p2a: Great Tusk|Stealth Rock|p1a: Moltres
|-sidestart|p1: rickybobby394211|move: Stealth Rock
|move|p1a: Moltres|Roost|p1a: Moltres
|-heal|p1a: Moltres|100/100
|-singleturn|p1a: Moltres|move: Roost
|
|upkeep
|turn|16
|
|t:|1769415137
|-end|p2a: Great Tusk|Protosynthesis|[silent]
|switch|p2a: Greninja|Greninja, M|100/100
|move|p1a: Moltres|Flamethrower|p2a: Greninja
|-resisted|p2a: Greninja
|-damage|p2a: Greninja|69/100
|
|upkeep
|turn|17
|
|t:|1769415146
|move|p2a: Greninja|Dark Pulse|p1a: Moltres
|-damage|p1a: Moltres|55/100
|-damage|p2a: Greninja|59/100|[from] item: Life Orb
|move|p1a: Moltres|U-turn|p2a: Greninja
|-supereffective|p2a: Greninja
|-damage|p2a: Greninja|13/100
|
|t:|1769415153
|switch|p1a: Cinderace|Cinderace, M|100/100|[from] U-turn
|
|upkeep
|turn|18
|
|t:|1769415161
|move|p2a: Greninja|Water Shuriken|p1a: Cinderace
|-supereffective|p1a: Cinderace
|-damage|p1a: Cinderace|75/100
|-supereffective|p1a: Cinderace
|-damage|p1a: Cinderace|48/100
|-supereffective|p1a: Cinderace
|-damage|p1a: Cinderace|19/100
|-supereffective|p1a: Cinderace
|-damage|p1a: Cinderace|0 fnt
|faint|p1a: Cinderace
|-ability|p2a: Greninja|Battle Bond|boost
|-boost|p2a: Greninja|atk|1
|-boost|p2a: Greninja|spa|1
|-boost|p2a: Greninja|spe|1
|-activate|p2a: Greninja|ability: Battle Bond
|-hitcount|p1: Cinderace|4
|-damage|p2a: Greninja|3/100|[from] item: Life Orb
|
|upkeep
|
|t:|1769415180
|switch|p1a: Gliscor|Gliscor, F, shiny, tera:Water|84/100 tox
|-damage|p1a: Gliscor|72/100 tox|[from] Stealth Rock
|turn|19
|
|t:|1769415201
|move|p1a: Gliscor|Protect|p1a: Gliscor
|-singleturn|p1a: Gliscor|Protect
|move|p2a: Greninja|Dark Pulse|p1a: Gliscor
|-activate|p1a: Gliscor|move: Protect
|
|-heal|p1a: Gliscor|84/100 tox|[from] ability: Poison Heal
|upkeep
|turn|20
|
|t:|1769415213
|move|p2a: Greninja|Dark Pulse|p1a: Gliscor
|-crit|p1a: Gliscor
|-damage|p1a: Gliscor|2/100 tox
|-damage|p2a: Greninja|0 fnt|[from] item: Life Orb
|faint|p2a: Greninja
|cant|p1a: Gliscor|flinch
|
|-heal|p1a: Gliscor|15/100 tox|[from] ability: Poison Heal
|upkeep
|
|t:|1769415231
|switch|p2a: Electrode|Electrode-Hisui|41/100
|turn|21
|
|t:|1769415236
|move|p1a: Gliscor|Protect|p1a: Gliscor
|-singleturn|p1a: Gliscor|Protect
|move|p2a: Electrode|Leech Seed|p1a: Gliscor
|-activate|p1a: Gliscor|move: Protect
|
|-heal|p1a: Gliscor|27/100 tox|[from] ability: Poison Heal
|upkeep
|turn|22
|
|t:|1769415244
|switch|p1a: Moltres|Moltres, shiny|55/100
|move|p2a: Electrode|Leech Seed|p1a: Moltres|[miss]
|-miss|p2a: Electrode|p1a: Moltres
|
|upkeep
|turn|23
|
|t:|1769415250
|move|p2a: Electrode|Volt Switch|p1a: Moltres
|-supereffective|p1a: Moltres
|-crit|p1a: Moltres
|-damage|p1a: Moltres|0 fnt
|faint|p1a: Moltres
|
|t:|1769415255
|switch|p2a: Azumarill|Azumarill, M|11/100|[from] Volt Switch
|
|upkeep
|
|t:|1769415262
|switch|p1a: Dragapult|Dragapult, M, shiny|100/100
|-damage|p1a: Dragapult|88/100|[from] Stealth Rock
|turn|24
|
|t:|1769415273
|move|p2a: Azumarill|Aqua Jet|p1a: Dragapult
|-resisted|p1a: Dragapult
|-damage|p1a: Dragapult|75/100
|move|p1a: Dragapult|U-turn|p2a: Azumarill
|-resisted|p2a: Azumarill
|-damage|p2a: Azumarill|2/100
|
|t:|1769415280
|switch|p1a: Gliscor|Gliscor, F, shiny, tera:Water|27/100 tox|[from] U-turn
|-damage|p1a: Gliscor|15/100 tox|[from] Stealth Rock
|
|-heal|p1a: Gliscor|27/100 tox|[from] ability: Poison Heal
|upkeep
|turn|25
|
|t:|1769415291
|switch|p2a: Kingambit|Kingambit, M|100/100
|-activate|p2a: Kingambit|ability: Supreme Overlord
|-start|p2a: Kingambit|fallen2|[silent]
|move|p1a: Gliscor|Protect||[still]
|-fail|p1a: Gliscor
|
|-heal|p1a: Gliscor|40/100 tox|[from] ability: Poison Heal
|upkeep
|turn|26
|
|t:|1769415302
|move|p1a: Gliscor|Protect|p1a: Gliscor
|-singleturn|p1a: Gliscor|Protect
|move|p2a: Kingambit|Sucker Punch||[still]
|-fail|p2a: Kingambit
|
|-heal|p1a: Gliscor|52/100 tox|[from] ability: Poison Heal
|upkeep
|turn|27
|
|t:|1769415313
|-end|p2a: Kingambit|fallen2|[silent]
|switch|p2a: Azumarill|Azumarill, M|2/100
|move|p1a: Gliscor|Stealth Rock|p2a: Azumarill
|-sidestart|p2: shnorkalface|move: Stealth Rock
|
|-heal|p1a: Gliscor|65/100 tox|[from] ability: Poison Heal
|upkeep
|turn|28
|
|t:|1769415321
|move|p1a: Gliscor|Protect|p1a: Gliscor
|-singleturn|p1a: Gliscor|Protect
|move|p2a: Azumarill|Play Rough|p1a: Gliscor
|-activate|p1a: Gliscor|move: Protect
|
|-heal|p1a: Gliscor|77/100 tox|[from] ability: Poison Heal
|upkeep
|turn|29
|
|t:|1769415330
|move|p1a: Gliscor|Earthquake|p2a: Azumarill
|-damage|p2a: Azumarill|0 fnt
|faint|p2a: Azumarill
|
|-heal|p1a: Gliscor|90/100 tox|[from] ability: Poison Heal
|upkeep
|
|t:|1769415336
|switch|p2a: Electrode|Electrode-Hisui|41/100
|turn|30
|
|t:|1769415344
|move|p1a: Gliscor|Protect|p1a: Gliscor
|-singleturn|p1a: Gliscor|Protect
|move|p2a: Electrode|Leaf Storm|p1a: Gliscor
|-activate|p1a: Gliscor|move: Protect
|
|-heal|p1a: Gliscor|100/100 tox|[from] ability: Poison Heal
|upkeep
|turn|31
|
|t:|1769415354
|switch|p1a: Hoopa|Hoopa-Unbound|100/100
|-damage|p1a: Hoopa|88/100|[from] Stealth Rock
|move|p2a: Electrode|Leaf Storm|p1a: Hoopa
|-damage|p1a: Hoopa|43/100
|-unboost|p2a: Electrode|spa|2
|
|upkeep
|turn|32
|
|t:|1769415371
|switch|p2a: Kingambit|Kingambit, M|100/100
|-damage|p2a: Kingambit|94/100|[from] Stealth Rock
|-activate|p2a: Kingambit|ability: Supreme Overlord
|-start|p2a: Kingambit|fallen3|[silent]
|move|p1a: Hoopa|Drain Punch|p2a: Kingambit
|-supereffective|p2a: Kingambit
|-damage|p2a: Kingambit|0 fnt
|-heal|p1a: Hoopa|97/100|[from] drain|[of] p2a: Kingambit
|faint|p2a: Kingambit
|-end|p2a: Kingambit|fallen3|[silent]
|
|upkeep
|
|t:|1769415381
|switch|p2a: Great Tusk|Great Tusk|48/100
|-damage|p2a: Great Tusk|45/100|[from] Stealth Rock
|turn|33
|
|t:|1769415389
|switch|p1a: Gliscor|Gliscor, F, shiny, tera:Water|100/100 tox
|-damage|p1a: Gliscor|88/100 tox|[from] Stealth Rock
|move|p2a: Great Tusk|Headlong Rush|p1a: Gliscor
|-damage|p1a: Gliscor|47/100 tox
|-unboost|p2a: Great Tusk|def|1
|-unboost|p2a: Great Tusk|spd|1
|
|-heal|p1a: Gliscor|59/100 tox|[from] ability: Poison Heal
|upkeep
|turn|34
|
|t:|1769415403
|-end|p2a: Great Tusk|Protosynthesis|[silent]
|switch|p2a: Electrode|Electrode-Hisui|41/100
|move|p1a: Gliscor|Earthquake|p2a: Electrode
|-damage|p2a: Electrode|0 fnt
|faint|p2a: Electrode
|
|-heal|p1a: Gliscor|72/100 tox|[from] ability: Poison Heal
|upkeep
|
|t:|1769415410
|switch|p2a: Great Tusk|Great Tusk|45/100
|-damage|p2a: Great Tusk|42/100|[from] Stealth Rock
|turn|35
|c|☆shnorkalface|gg great predicts
|
|t:|1769415422
|move|p2a: Great Tusk|Ice Spinner|p1a: Gliscor
|-resisted|p1a: Gliscor
|-damage|p1a: Gliscor|63/100 tox
|move|p1a: Gliscor|Earthquake|p2a: Great Tusk
|-damage|p2a: Great Tusk|21/100
|
|-heal|p1a: Gliscor|75/100 tox|[from] ability: Poison Heal
|upkeep
|turn|36
|c|☆rickybobby394211|gg thanks
|
|t:|1769415437
|move|p2a: Great Tusk|Headlong Rush|p1a: Gliscor
|-damage|p1a: Gliscor|33/100 tox
|-unboost|p2a: Great Tusk|def|1
|-unboost|p2a: Great Tusk|spd|1
|move|p1a: Gliscor|Earthquake|p2a: Great Tusk
|-damage|p2a: Great Tusk|0 fnt
|faint|p2a: Great Tusk
|-end|p2a: Great Tusk|Protosynthesis|[silent]
|
|win|rickybobby394211
|raw|rickybobby394211's rating: 1173 &rarr; <strong>1200</strong><br />(+27 for winning)
|raw|shnorkalface's rating: 1194 &rarr; <strong>1167</strong><br />(-27 for losing)
