|j|☆DigDisIck
|j|☆help!7777
|t:|1769354373
|gametype|singles
|player|p1|DigDisIck|265|1337
|player|p2|help!7777|dawn|1287
|gen|9
|tier|[Gen 9] OU
|rated|
|rule|HP Percentage Mod: HP is shown in percentages
|rule|Endless Battle Clause: Forcing endless battles is banned
|rule|Species Clause: Limit one of each Pokémon
|rule|OHKO Clause: OHKO moves are banned
|rule|Evasion Items Clause: Evasion items are banned
|rule|Evasion Moves Clause: Evasion moves are banned
|rule|Evasion Abilities Clause: Evasion abilities are banned
|rule|Sleep Moves Clause: Sleep-inducing moves are banned
|clearpoke
|poke|p1|Gliscor, F|
|poke|p1|Garganacl, F|
|poke|p1|Serperior, F|
|poke|p1|Iron Moth|
|poke|p1|Dragapult, F|
|poke|p1|Iron Valiant|
|poke|p2|Garganacl, M|
|poke|p2|Corviknight, F|
|poke|p2|Quagsire, F|
|poke|p2|Gholdengo|
|poke|p2|Toxapex, M|
|poke|p2|Rillaboom, F|
|teampreview
|
|t:|1769354388
|teamsize|p1|6
|teamsize|p2|6
|start
|switch|p1a: Garganacl|Garganacl, F, shiny|100/100
|switch|p2a: Rillaboom|Rillaboom, F, shiny|100/100
|-fieldstart|move: Grassy Terrain|[from] ability: Grassy Surge|[of] p2a: Rillaboom
|turn|1
|
|t:|1769354404
|-terastallize|p1a: Garganacl|Flying
|move|p2a: Rillaboom|Leech Seed|p1a: Garganacl
|-start|p1a: Garganacl|move: Leech Seed
|move|p1a: Garganacl|Salt Cure|p2a: Rillaboom
|-damage|p2a: Rillaboom|88/100
|-start|p2a: Rillaboom|Salt Cure
|
|-heal|p2a: Rillaboom|94/100|[from] Grassy Terrain
|-heal|p2a: Rillaboom|99/100|[from] item: Leftovers
|-damage|p1a: Garganacl|88/100|[from] Leech Seed|[of] p2a: Rillaboom
|-heal|p2a: Rillaboom|100/100|[silent]
|-damage|p2a: Rillaboom|88/100|[from] Salt Cure
|upkeep
|turn|2
|
|t:|1769354417
|switch|p1a: Iron Moth|Iron Moth, shiny|100/100
|-enditem|p1a: Iron Moth|Booster Energy
|-activate|p1a: Iron Moth|ability: Quark Drive|[fromitem]
|-start|p1a: Iron Moth|quarkdrivespa
|move|p2a: Rillaboom|Knock Off|p1a: Iron Moth
|-damage|p1a: Iron Moth|62/100
|
|-heal|p1a: Iron Moth|68/100|[from] Grassy Terrain
|-heal|p2a: Rillaboom|94/100|[from] Grassy Terrain
|-heal|p2a: Rillaboom|100/100|[from] item: Leftovers
|-damage|p2a: Rillaboom|88/100|[from] Salt Cure
|upkeep
|turn|3
|
|t:|1769354432
|switch|p2a: Toxapex|Toxapex, M, shiny|100/100
|move|p1a: Iron Moth|Flamethrower|p2a: Toxapex
|-resisted|p2a: Toxapex
|-damage|p2a: Toxapex|74/100
|
|-heal|p1a: Iron Moth|74/100|[from] Grassy Terrain
|-heal|p2a: Toxapex|80/100|[from] Grassy Terrain
|-heal|p2a: Toxapex|86/100|[from] item: Leftovers
|upkeep
|turn|4
|
|t:|1769354440
|move|p1a: Iron Moth|Discharge|p2a: Toxapex
|-supereffective|p2a: Toxapex
|-damage|p2a: Toxapex|24/100
|move|p2a: Toxapex|Infestation|p1a: Iron Moth
|-resisted|p1a: Iron Moth
|-damage|p1a: Iron Moth|73/100
|-activate|p1a: Iron Moth|move: Infestation|[of] p2a: Toxapex
|
|-heal|p1a: Iron Moth|79/100|[from] Grassy Terrain
|-heal|p2a: Toxapex|30/100|[from] Grassy Terrain
|-heal|p2a: Toxapex|37/100|[from] item: Leftovers
|-damage|p1a: Iron Moth|67/100|[from] move: Infestation|[partiallytrapped]
|upkeep
|turn|5
|
|t:|1769354452
|move|p2a: Toxapex|Baneful Bunker|p2a: Toxapex
|-singleturn|p2a: Toxapex|move: Protect
|move|p1a: Iron Moth|Discharge|p2a: Toxapex
|-activate|p2a: Toxapex|move: Protect
|
|-heal|p1a: Iron Moth|73/100|[from] Grassy Terrain
|-heal|p2a: Toxapex|43/100|[from] Grassy Terrain
|-heal|p2a: Toxapex|49/100|[from] item: Leftovers
|-damage|p1a: Iron Moth|61/100|[from] move: Infestation|[partiallytrapped]
|-fieldend|move: Grassy Terrain
|upkeep
|turn|6
|
|t:|1769354462
|switch|p2a: Quagsire|Quagsire, F, shiny|100/100
|move|p1a: Iron Moth|Discharge|p2a: Quagsire
|-immune|p2a: Quagsire
|
|-end|p1a: Iron Moth|Infestation|[partiallytrapped]|[silent]
|upkeep
|turn|7
|
|t:|1769354477
|move|p1a: Iron Moth|Energy Ball|p2a: Quagsire
|-supereffective|p2a: Quagsire
|-damage|p2a: Quagsire|0 fnt
|faint|p2a: Quagsire
|
|upkeep
|
|t:|1769354483
|switch|p2a: Garganacl|Garganacl, M, shiny|100/100
|turn|8
|
|t:|1769354485
|move|p1a: Iron Moth|Energy Ball|p2a: Garganacl
|-supereffective|p2a: Garganacl
|-damage|p2a: Garganacl|24/100
|move|p2a: Garganacl|Salt Cure|p1a: Iron Moth
|-supereffective|p1a: Iron Moth
|-crit|p1a: Iron Moth
|-damage|p1a: Iron Moth|0 fnt
|faint|p1a: Iron Moth
|-end|p1a: Iron Moth|Quark Drive|[silent]
|
|-heal|p2a: Garganacl|30/100|[from] item: Leftovers
|upkeep
|
|t:|1769354497
|switch|p1a: Dragapult|Dragapult, F|100/100
|turn|9
|
|t:|1769354502
|move|p1a: Dragapult|Dragon Darts|p2a: Garganacl
|-damage|p2a: Garganacl|13/100
|-anim|p1a: Dragapult|Dragon Darts|p2a: Garganacl
|-damage|p2a: Garganacl|0 fnt
|faint|p2a: Garganacl
|
|upkeep
|
|t:|1769354509
|switch|p2a: Rillaboom|Rillaboom, F, shiny|88/100
|-fieldstart|move: Grassy Terrain|[from] ability: Grassy Surge|[of] p2a: Rillaboom
|turn|10
|
|t:|1769354513
|move|p1a: Dragapult|Dragon Darts|p2a: Rillaboom
|-damage|p2a: Rillaboom|55/100
|-anim|p1a: Dragapult|Dragon Darts|p2a: Rillaboom
|-damage|p2a: Rillaboom|19/100
|move|p2a: Rillaboom|Leech Seed|p1a: Dragapult
|-start|p1a: Dragapult|move: Leech Seed
|
|-heal|p2a: Rillaboom|25/100|[from] Grassy Terrain
|-heal|p2a: Rillaboom|32/100|[from] item: Leftovers
|-damage|p1a: Dragapult|88/100|[from] Leech Seed|[of] p2a: Rillaboom
|-heal|p2a: Rillaboom|41/100|[silent]
|upkeep
|turn|11
|
|t:|1769354523
|move|p2a: Rillaboom|Protect|p2a: Rillaboom
|-singleturn|p2a: Rillaboom|Protect
|move|p1a: Dragapult|Dragon Darts|p2a: Rillaboom
|-activate|p2a: Rillaboom|move: Protect
|
|-heal|p1a: Dragapult|94/100|[from] Grassy Terrain
|-heal|p2a: Rillaboom|48/100|[from] Grassy Terrain
|-heal|p2a: Rillaboom|54/100|[from] item: Leftovers
|-damage|p1a: Dragapult|82/100|[from] Leech Seed|[of] p2a: Rillaboom
|-heal|p2a: Rillaboom|63/100|[silent]
|upkeep
|turn|12
|
|t:|1769354535
|move|p1a: Dragapult|Dragon Darts|p2a: Rillaboom
|-damage|p2a: Rillaboom|28/100
|-anim|p1a: Dragapult|Dragon Darts|p2a: Rillaboom
|-damage|p2a: Rillaboom|0 fnt
|faint|p2a: Rillaboom
|
|-heal|p1a: Dragapult|88/100|[from] Grassy Terrain
|upkeep
|
|t:|1769354541
|switch|p2a: Gholdengo|Gholdengo, shiny|100/100
|turn|13
|
|t:|1769354547
|switch|p1a: Garganacl|Garganacl, F, shiny, tera:Flying|88/100
|switch|p2a: Corviknight|Corviknight, F, shiny|100/100
|-ability|p2a: Corviknight|Pressure
|
|upkeep
|turn|14
|-message|help!7777 forfeited.
|
|win|DigDisIck
|raw|DigDisIck's rating: 1337 &rarr; <strong>1354</strong><br />(+17 for winning)
|raw|help!7777's rating: 1287 &rarr; <strong>1266</strong><br />(-21 for losing)
|l|☆help!7777
|player|p2|
|l|☆DigDisIck
|player|p1|
