|j|☆AjaxTheMighty
|j|☆saibayman
|t:|1769327091
|gametype|singles
|player|p1|AjaxTheMighty|101|1448
|player|p2|saibayman|169|1443
|gen|9
|tier|[Gen 9] OU
|rated|
|rule|HP Percentage Mod: HP is shown in percentages
|rule|Endless Battle Clause: Forcing endless battles is banned
|rule|Species Clause: Limit one of each Pokémon
|rule|OHKO Clause: OHKO moves are banned
|rule|Evasion Items Clause: Evasion items are banned
|rule|Evasion Moves Clause: Evasion moves are banned
|rule|Evasion Abilities Clause: Evasion abilities are banned
|rule|Sleep Moves Clause: Sleep-inducing moves are banned
|clearpoke
|poke|p1|Dondozo, M|
|poke|p1|Blissey, F|
|poke|p1|Corviknight, M|
|poke|p1|Weezing-Galar, F|
|poke|p1|Gliscor, F|
|poke|p1|Toxapex, M|
|poke|p2|Tyranitar, M|
|poke|p2|Great Tusk|
|poke|p2|Slowking-Galar, F|
|poke|p2|Gholdengo|
|poke|p2|Meowscarada, M|
|poke|p2|Moltres|
|teampreview
|inactive|Battle timer is ON: inactive players will automatically lose when time's up. (requested by saibayman)
|
|t:|1769327098
|teamsize|p1|6
|teamsize|p2|6
|start
|switch|p1a: Gliscor|Gliscor, F|100/100
|switch|p2a: Slowking|Slowking-Galar, F|100/100
|turn|1
|
|t:|1769327104
|move|p1a: Gliscor|Protect|p1a: Gliscor
|-singleturn|p1a: Gliscor|Protect
|move|p2a: Slowking|Ice Beam|p1a: Gliscor
|-activate|p1a: Gliscor|move: Protect
|
|-status|p1a: Gliscor|tox|[from] item: Toxic Orb
|upkeep
|turn|2
|
|t:|1769327111
|switch|p1a: Blissey|Blissey, F|100/100
|move|p2a: Slowking|Psyshock|p1a: Blissey
|-damage|p1a: Blissey|62/100
|
|-heal|p1a: Blissey|68/100|[from] item: Leftovers
|upkeep
|turn|3
|
|t:|1769327119
|move|p1a: Blissey|Stealth Rock|p2a: Slowking
|-sidestart|p2: saibayman|move: Stealth Rock
|move|p2a: Slowking|Psyshock|p1a: Blissey
|-damage|p1a: Blissey|27/100
|
|-heal|p1a: Blissey|33/100|[from] item: Leftovers
|upkeep
|turn|4
|
|t:|1769327126
|move|p1a: Blissey|Soft-Boiled|p1a: Blissey
|-heal|p1a: Blissey|83/100
|move|p2a: Slowking|Psyshock|p1a: Blissey
|-damage|p1a: Blissey|43/100
|
|-heal|p1a: Blissey|49/100|[from] item: Leftovers
|upkeep
|turn|5
|
|t:|1769327135
|switch|p2a: Great Tusk|Great Tusk|100/100
|-damage|p2a: Great Tusk|97/100|[from] Stealth Rock
|move|p1a: Blissey|Soft-Boiled|p1a: Blissey
|-heal|p1a: Blissey|99/100
|
|-heal|p2a: Great Tusk|100/100|[from] item: Leftovers
|-heal|p1a: Blissey|100/100|[from] item: Leftovers
|upkeep
|turn|6
|
|t:|1769327144
|move|p2a: Great Tusk|Rapid Spin|p1a: Blissey
|-damage|p1a: Blissey|86/100
|-boost|p2a: Great Tusk|spe|1
|-sideend|p2: saibayman|Stealth Rock|[from] move: Rapid Spin|[of] p2a: Great Tusk
|move|p1a: Blissey|Seismic Toss|p2a: Great Tusk
|-damage|p2a: Great Tusk|77/100
|
|-heal|p2a: Great Tusk|84/100|[from] item: Leftovers
|-heal|p1a: Blissey|92/100|[from] item: Leftovers
|upkeep
|turn|7
|
|t:|1769327153
|switch|p1a: Dondozo|Dondozo, M|100/100
|move|p2a: Great Tusk|Bulk Up|p2a: Great Tusk
|-boost|p2a: Great Tusk|atk|1
|-boost|p2a: Great Tusk|def|1
|
|-heal|p2a: Great Tusk|90/100|[from] item: Leftovers
|upkeep
|turn|8
|
|t:|1769327165
|-end|p2a: Great Tusk|Protosynthesis|[silent]
|switch|p2a: Slowking|Slowking-Galar, F|100/100
|move|p1a: Dondozo|Avalanche|p2a: Slowking
|-damage|p2a: Slowking|87/100
|
|upkeep
|turn|9
|
|t:|1769327176
|switch|p1a: Corviknight|Corviknight, M|100/100
|-ability|p1a: Corviknight|Pressure
|move|p2a: Slowking|Grass Knot|p1a: Corviknight
|-resisted|p1a: Corviknight
|-damage|p1a: Corviknight|94/100
|
|-heal|p1a: Corviknight|99/100|[from] item: Leftovers
|upkeep
|turn|10
|
|t:|1769327185
|switch|p2a: Moltres|Moltres|100/100
|move|p1a: Corviknight|Iron Defense|p1a: Corviknight
|-boost|p1a: Corviknight|def|2
|
|-heal|p1a: Corviknight|100/100|[from] item: Leftovers
|upkeep
|turn|11
|
|t:|1769327195
|switch|p2a: Meowscarada|Meowscarada, M|100/100
|switch|p1a: Toxapex|Toxapex, M|100/100
|
|upkeep
|turn|12
|
|t:|1769327206
|move|p2a: Meowscarada|Knock Off|p1a: Toxapex
|-start|p2a: Meowscarada|typechange|Dark|[from] ability: Protean
|-damage|p1a: Toxapex|48/100
|-enditem|p1a: Toxapex|Leftovers|[from] move: Knock Off|[of] p2a: Meowscarada
|move|p1a: Toxapex|Toxic|p2a: Meowscarada
|-status|p2a: Meowscarada|tox
|
|-damage|p2a: Meowscarada|94/100 tox|[from] psn
|upkeep
|turn|13
|
|t:|1769327220
|switch|p2a: Slowking|Slowking-Galar, F|100/100
|move|p1a: Toxapex|Toxic|p2a: Slowking
|-immune|p2a: Slowking
|
|upkeep
|turn|14
|
|t:|1769327228
|switch|p1a: Gliscor|Gliscor, F|100/100 tox
|move|p2a: Slowking|Ice Beam|p1a: Gliscor
|-supereffective|p1a: Gliscor
|-damage|p1a: Gliscor|0 fnt
|faint|p1a: Gliscor
|
|upkeep
|
|t:|1769327239
|switch|p1a: Weezing|Weezing-Galar, F|100/100
|-ability|p1a: Weezing|Neutralizing Gas
|turn|15
|
|t:|1769327243
|switch|p2a: Moltres|Moltres|100/100
|move|p1a: Weezing|Will-O-Wisp|p2a: Moltres
|-immune|p2a: Moltres
|
|upkeep
|turn|16
|
|t:|1769327250
|move|p2a: Moltres|Will-O-Wisp|p1a: Weezing
|-status|p1a: Weezing|brn
|move|p1a: Weezing|Toxic Spikes|p2a: Moltres
|-sidestart|p2: saibayman|move: Toxic Spikes
|
|-damage|p1a: Weezing|95/100 brn|[from] brn
|upkeep
|turn|17
|
|t:|1769327258
|move|p2a: Moltres|Overheat|p1a: Weezing|[miss]
|-miss|p2a: Moltres|p1a: Weezing
|move|p1a: Weezing|Will-O-Wisp|p2a: Moltres|[miss]
|-miss|p1a: Weezing|p2a: Moltres
|
|-damage|p1a: Weezing|89/100 brn|[from] brn
|upkeep
|turn|18
|
|t:|1769327266
|-end|p1a: Weezing|ability: Neutralizing Gas
|switch|p1a: Toxapex|Toxapex, M|81/100
|move|p2a: Moltres|Will-O-Wisp|p1a: Toxapex
|-status|p1a: Toxapex|brn
|
|-damage|p1a: Toxapex|75/100 brn|[from] brn
|upkeep
|turn|19
|
|t:|1769327276
|switch|p2a: Slowking|Slowking-Galar, F|100/100
|-sideend|p2: saibayman|move: Toxic Spikes|[of] p2a: Slowking
|switch|p1a: Blissey|Blissey, F|92/100
|
|-heal|p1a: Blissey|98/100|[from] item: Leftovers
|upkeep
|turn|20
|
|t:|1769327284
|switch|p2a: Great Tusk|Great Tusk|90/100
|move|p1a: Blissey|Seismic Toss|p2a: Great Tusk
|-damage|p2a: Great Tusk|67/100
|
|-heal|p2a: Great Tusk|73/100|[from] item: Leftovers
|-heal|p1a: Blissey|100/100|[from] item: Leftovers
|upkeep
|turn|21
|
|t:|1769327293
|switch|p1a: Corviknight|Corviknight, M|100/100
|-ability|p1a: Corviknight|Pressure
|move|p2a: Great Tusk|Body Press|p1a: Corviknight
|-damage|p1a: Corviknight|72/100
|
|-heal|p2a: Great Tusk|79/100|[from] item: Leftovers
|-heal|p1a: Corviknight|78/100|[from] item: Leftovers
|upkeep
|turn|22
|
|t:|1769327303
|-end|p2a: Great Tusk|Protosynthesis|[silent]
|switch|p2a: Tyranitar|Tyranitar, M|100/100
|-weather|Sandstorm|[from] ability: Sand Stream|[of] p2a: Tyranitar
|switch|p1a: Toxapex|Toxapex, M|100/100 brn
|
|-weather|Sandstorm|[upkeep]
|-damage|p1a: Toxapex|94/100 brn|[from] Sandstorm
|-damage|p1a: Toxapex|88/100 brn|[from] brn
|upkeep
|turn|23
|
|t:|1769327314
|switch|p2a: Slowking|Slowking-Galar, F|100/100
|move|p1a: Toxapex|Toxic|p2a: Slowking
|-immune|p2a: Slowking
|
|-weather|Sandstorm|[upkeep]
|-damage|p1a: Toxapex|82/100 brn|[from] Sandstorm
|-damage|p2a: Slowking|94/100|[from] Sandstorm
|-damage|p1a: Toxapex|75/100 brn|[from] brn
|upkeep
|turn|24
|
|t:|1769327324
|switch|p1a: Corviknight|Corviknight, M|78/100
|-ability|p1a: Corviknight|Pressure
|move|p2a: Slowking|Ice Beam|p1a: Corviknight
|-damage|p1a: Corviknight|50/100
|
|-weather|Sandstorm|[upkeep]
|-damage|p2a: Slowking|88/100|[from] Sandstorm
|-heal|p1a: Corviknight|56/100|[from] item: Leftovers
|upkeep
|turn|25
|
|t:|1769327335
|switch|p2a: Moltres|Moltres|100/100
|move|p1a: Corviknight|Roost|p1a: Corviknight
|-heal|p1a: Corviknight|100/100
|-singleturn|p1a: Corviknight|move: Roost
|
|-weather|Sandstorm|[upkeep]
|-damage|p2a: Moltres|94/100|[from] Sandstorm
|upkeep
|turn|26
|
|t:|1769327344
|switch|p1a: Toxapex|Toxapex, M|100/100 brn
|move|p2a: Moltres|Overheat|p1a: Toxapex
|-resisted|p1a: Toxapex
|-damage|p1a: Toxapex|84/100 brn
|-unboost|p2a: Moltres|spa|2
|
|-weather|none
|-damage|p1a: Toxapex|77/100 brn|[from] brn
|upkeep
|turn|27
|
|t:|1769327354
|switch|p2a: Meowscarada|Meowscarada, M|94/100 tox
|switch|p1a: Blissey|Blissey, F|100/100
|
|-damage|p2a: Meowscarada|88/100 tox|[from] psn
|upkeep
|turn|28
|
|t:|1769327365
|switch|p1a: Weezing|Weezing-Galar, F|89/100 brn
|-ability|p1a: Weezing|Neutralizing Gas
|move|p2a: Meowscarada|U-turn|p1a: Weezing
|-resisted|p1a: Weezing
|-damage|p1a: Weezing|83/100 brn
|
|t:|1769327385
|switch|p2a: Gholdengo|Gholdengo|100/100|[from] U-turn
|
|-damage|p1a: Weezing|77/100 brn|[from] brn
|upkeep
|turn|29
|
|t:|1769327394
|-end|p1a: Weezing|ability: Neutralizing Gas
|switch|p1a: Toxapex|Toxapex, M|100/100 brn
|move|p2a: Gholdengo|Make It Rain|p1a: Toxapex
|-resisted|p1a: Toxapex
|-crit|p1a: Toxapex
|-damage|p1a: Toxapex|69/100 brn
|-unboost|p2a: Gholdengo|spa|1
|
|-damage|p1a: Toxapex|62/100 brn|[from] brn
|upkeep
|turn|30
|
|t:|1769327407
|switch|p2a: Slowking|Slowking-Galar, F|100/100
|move|p1a: Toxapex|Toxic|p2a: Slowking
|-immune|p2a: Slowking
|
|-damage|p1a: Toxapex|56/100 brn|[from] brn
|upkeep
|turn|31
|
|t:|1769327415
|switch|p1a: Corviknight|Corviknight, M|100/100
|-ability|p1a: Corviknight|Pressure
|move|p2a: Slowking|Ice Beam|p1a: Corviknight
|-damage|p1a: Corviknight|73/100
|
|-heal|p1a: Corviknight|79/100|[from] item: Leftovers
|upkeep
|turn|32
|
|t:|1769327426
|switch|p1a: Toxapex|Toxapex, M|89/100 brn
|move|p2a: Slowking|Ice Beam|p1a: Toxapex
|-resisted|p1a: Toxapex
|-damage|p1a: Toxapex|79/100 brn
|
|-damage|p1a: Toxapex|73/100 brn|[from] brn
|upkeep
|turn|33
|
|t:|1769327434
|switch|p1a: Corviknight|Corviknight, M|79/100
|-ability|p1a: Corviknight|Pressure
|move|p2a: Slowking|Psyshock|p1a: Corviknight
|-resisted|p1a: Corviknight
|-damage|p1a: Corviknight|67/100
|
|-heal|p1a: Corviknight|73/100|[from] item: Leftovers
|upkeep
|turn|34
|
|t:|1769327443
|move|p1a: Corviknight|Iron Defense|p1a: Corviknight
|-boost|p1a: Corviknight|def|2
|move|p2a: Slowking|Ice Beam|p1a: Corviknight
|-damage|p1a: Corviknight|41/100
|
|-heal|p1a: Corviknight|47/100|[from] item: Leftovers
|upkeep
|turn|35
|
|t:|1769327452
|move|p1a: Corviknight|Roost|p1a: Corviknight
|-heal|p1a: Corviknight|97/100
|-singleturn|p1a: Corviknight|move: Roost
|move|p2a: Slowking|Ice Beam|p1a: Corviknight
|-resisted|p1a: Corviknight
|-damage|p1a: Corviknight|83/100
|
|-heal|p1a: Corviknight|89/100|[from] item: Leftovers
|upkeep
|turn|36
|
|t:|1769327462
|switch|p2a: Meowscarada|Meowscarada, M|88/100 tox
|move|p1a: Corviknight|Body Press|p2a: Meowscarada
|-supereffective|p2a: Meowscarada
|-damage|p2a: Meowscarada|0 fnt
|faint|p2a: Meowscarada
|
|-heal|p1a: Corviknight|96/100|[from] item: Leftovers
|upkeep
|
|t:|1769327472
|switch|p2a: Moltres|Moltres|94/100
|turn|37
|
|t:|1769327479
|switch|p2a: Tyranitar|Tyranitar, M|100/100
|-weather|Sandstorm|[from] ability: Sand Stream|[of] p2a: Tyranitar
|switch|p1a: Toxapex|Toxapex, M|100/100 brn
|
|-weather|Sandstorm|[upkeep]
|-damage|p1a: Toxapex|94/100 brn|[from] Sandstorm
|-damage|p1a: Toxapex|88/100 brn|[from] brn
|upkeep
|turn|38
|
|t:|1769327490
|move|p2a: Tyranitar|Stealth Rock|p1a: Toxapex
|-sidestart|p1: AjaxTheMighty|move: Stealth Rock
|move|p1a: Toxapex|Toxic|p2a: Tyranitar
|-status|p2a: Tyranitar|tox
|
|-weather|Sandstorm|[upkeep]
|-damage|p1a: Toxapex|82/100 brn|[from] Sandstorm
|-damage|p2a: Tyranitar|94/100 tox|[from] psn
|-damage|p1a: Toxapex|75/100 brn|[from] brn
|upkeep
|turn|39
|
|t:|1769327500
|move|p2a: Tyranitar|Knock Off|p1a: Toxapex
|-damage|p1a: Toxapex|54/100 brn
|move|p1a: Toxapex|Haze|p1a: Toxapex
|-clearallboost
|
|-weather|Sandstorm|[upkeep]
|-damage|p1a: Toxapex|48/100 brn|[from] Sandstorm
|-damage|p2a: Tyranitar|82/100 tox|[from] psn
|-damage|p1a: Toxapex|42/100 brn|[from] brn
|upkeep
|turn|40
|
|t:|1769327510
|move|p2a: Tyranitar|Knock Off|p1a: Toxapex
|-damage|p1a: Toxapex|21/100 brn
|move|p1a: Toxapex|Recover|p1a: Toxapex
|-heal|p1a: Toxapex|71/100 brn
|
|-weather|Sandstorm|[upkeep]
|-damage|p1a: Toxapex|65/100 brn|[from] Sandstorm
|-damage|p2a: Tyranitar|63/100 tox|[from] psn
|-damage|p1a: Toxapex|59/100 brn|[from] brn
|upkeep
|turn|41
|
|t:|1769327521
|switch|p2a: Slowking|Slowking-Galar, F|100/100
|move|p1a: Toxapex|Recover|p1a: Toxapex
|-heal|p1a: Toxapex|100/100 brn
|
|-weather|none
|-damage|p1a: Toxapex|94/100 brn|[from] brn
|upkeep
|turn|42
|
|t:|1769327529
|switch|p1a: Corviknight|Corviknight, M|96/100
|-damage|p1a: Corviknight|83/100|[from] Stealth Rock
|-ability|p1a: Corviknight|Pressure
|move|p2a: Slowking|Ice Beam|p1a: Corviknight
|-damage|p1a: Corviknight|52/100
|
|-heal|p1a: Corviknight|58/100|[from] item: Leftovers
|upkeep
|turn|43
|
|t:|1769327542
|switch|p2a: Great Tusk|Great Tusk|79/100
|move|p1a: Corviknight|Defog|p2a: Great Tusk
|-unboost|p2a: Great Tusk|evasion|1
|-sideend|p1: AjaxTheMighty|Stealth Rock|[from] move: Defog|[of] p1a: Corviknight
|
|-heal|p2a: Great Tusk|85/100|[from] item: Leftovers
|-heal|p1a: Corviknight|64/100|[from] item: Leftovers
|upkeep
|turn|44
|
|t:|1769327551
|switch|p1a: Dondozo|Dondozo, M|100/100
|move|p2a: Great Tusk|Body Press|p1a: Dondozo
|-damage|p1a: Dondozo|80/100
|
|-heal|p2a: Great Tusk|92/100|[from] item: Leftovers
|-heal|p1a: Dondozo|86/100|[from] item: Leftovers
|upkeep
|turn|45
|c|☆saibayman|man you suck
|
|t:|1769327561
|-end|p2a: Great Tusk|Protosynthesis|[silent]
|switch|p2a: Slowking|Slowking-Galar, F|100/100
|move|p1a: Dondozo|Avalanche|p2a: Slowking
|-damage|p2a: Slowking|85/100
|
|-heal|p1a: Dondozo|92/100|[from] item: Leftovers
|upkeep
|turn|46
|
|t:|1769327571
|switch|p1a: Corviknight|Corviknight, M|64/100
|-ability|p1a: Corviknight|Pressure
|switch|p2a: Gholdengo|Gholdengo|100/100
|
|-heal|p1a: Corviknight|70/100|[from] item: Leftovers
|upkeep
|turn|47
|c|☆AjaxTheMighty|thats not very nice
|
|t:|1769327580
|switch|p1a: Blissey|Blissey, F|100/100
|move|p2a: Gholdengo|Trick|p1a: Blissey
|-activate|p2a: Gholdengo|move: Trick|[of] p1a: Blissey
|-item|p1a: Blissey|Choice Scarf|[from] move: Trick
|-item|p2a: Gholdengo|Leftovers|[from] move: Trick
|
|upkeep
|turn|48
|
|t:|1769327591
|switch|p2a: Great Tusk|Great Tusk|92/100
|move|p1a: Blissey|Stealth Rock|p2a: Great Tusk
|-sidestart|p2: saibayman|move: Stealth Rock
|
|-heal|p2a: Great Tusk|98/100|[from] item: Leftovers
|upkeep
|turn|49
|
|t:|1769327598
|switch|p1a: Dondozo|Dondozo, M|92/100
|move|p2a: Great Tusk|Rapid Spin|p1a: Dondozo
|-crit|p1a: Dondozo
|-damage|p1a: Dondozo|82/100
|-boost|p2a: Great Tusk|spe|1
|-sideend|p2: saibayman|Stealth Rock|[from] move: Rapid Spin|[of] p2a: Great Tusk
|
|-heal|p2a: Great Tusk|100/100|[from] item: Leftovers
|-heal|p1a: Dondozo|88/100|[from] item: Leftovers
|upkeep
|turn|50
|
|t:|1769327608
|switch|p1a: Corviknight|Corviknight, M|70/100
|-ability|p1a: Corviknight|Pressure
|move|p2a: Great Tusk|Body Press|p1a: Corviknight
|-damage|p1a: Corviknight|42/100
|
|-heal|p1a: Corviknight|49/100|[from] item: Leftovers
|upkeep
|turn|51
|
|t:|1769327617
|move|p2a: Great Tusk|Body Press|p1a: Corviknight
|-damage|p1a: Corviknight|22/100
|move|p1a: Corviknight|Roost|p1a: Corviknight
|-heal|p1a: Corviknight|72/100
|-singleturn|p1a: Corviknight|move: Roost
|
|-heal|p1a: Corviknight|78/100|[from] item: Leftovers
|upkeep
|turn|52
|
|t:|1769327627
|-end|p2a: Great Tusk|Protosynthesis|[silent]
|switch|p2a: Moltres|Moltres|94/100
|switch|p1a: Dondozo|Dondozo, M|88/100
|
|-heal|p1a: Dondozo|94/100|[from] item: Leftovers
|upkeep
|turn|53
|
|t:|1769327635
|switch|p1a: Toxapex|Toxapex, M|100/100 brn
|move|p2a: Moltres|Will-O-Wisp|p1a: Toxapex
|-fail|p1a: Toxapex|brn
|
|-damage|p1a: Toxapex|94/100 brn|[from] brn
|upkeep
|turn|54
|
|t:|1769327644
|switch|p2a: Tyranitar|Tyranitar, M|63/100 tox
|-weather|Sandstorm|[from] ability: Sand Stream|[of] p2a: Tyranitar
|move|p1a: Toxapex|Poison Jab|p2a: Tyranitar
|-resisted|p2a: Tyranitar
|-damage|p2a: Tyranitar|61/100 tox
|-damage|p1a: Toxapex|78/100 brn|[from] item: Rocky Helmet|[of] p2a: Tyranitar
|
|-weather|Sandstorm|[upkeep]
|-damage|p1a: Toxapex|72/100 brn|[from] Sandstorm
|-damage|p2a: Tyranitar|55/100 tox|[from] psn
|-damage|p1a: Toxapex|65/100 brn|[from] brn
|upkeep
|turn|55
|
|t:|1769327657
|move|p2a: Tyranitar|Stealth Rock|p1a: Toxapex
|-sidestart|p1: AjaxTheMighty|move: Stealth Rock
|move|p1a: Toxapex|Recover|p1a: Toxapex
|-heal|p1a: Toxapex|100/100 brn
|
|-weather|Sandstorm|[upkeep]
|-damage|p1a: Toxapex|94/100 brn|[from] Sandstorm
|-damage|p2a: Tyranitar|43/100 tox|[from] psn
|-damage|p1a: Toxapex|88/100 brn|[from] brn
|upkeep
|turn|56
|
|t:|1769327667
|switch|p2a: Slowking|Slowking-Galar, F|100/100
|move|p1a: Toxapex|Toxic|p2a: Slowking
|-immune|p2a: Slowking
|
|-weather|Sandstorm|[upkeep]
|-damage|p1a: Toxapex|82/100 brn|[from] Sandstorm
|-damage|p2a: Slowking|94/100|[from] Sandstorm
|-damage|p1a: Toxapex|75/100 brn|[from] brn
|upkeep
|turn|57
|
|t:|1769327677
|switch|p1a: Corviknight|Corviknight, M|78/100
|-damage|p1a: Corviknight|65/100|[from] Stealth Rock
|-ability|p1a: Corviknight|Pressure
|switch|p2a: Tyranitar|Tyranitar, M|43/100 tox
|
|-weather|Sandstorm|[upkeep]
|-heal|p1a: Corviknight|72/100|[from] item: Leftovers
|-damage|p2a: Tyranitar|36/100 tox|[from] psn
|upkeep
|turn|58
|
|t:|1769327688
|switch|p1a: Toxapex|Toxapex, M|100/100 brn
|-damage|p1a: Toxapex|88/100 brn|[from] Stealth Rock
|move|p2a: Tyranitar|Knock Off|p1a: Toxapex
|-damage|p1a: Toxapex|65/100 brn
|
|-weather|none
|-damage|p2a: Tyranitar|24/100 tox|[from] psn
|-damage|p1a: Toxapex|59/100 brn|[from] brn
|upkeep
|turn|59
|
|t:|1769327699
|switch|p2a: Slowking|Slowking-Galar, F|100/100
|move|p1a: Toxapex|Poison Jab|p2a: Slowking
|-resisted|p2a: Slowking
|-damage|p2a: Slowking|96/100
|
|-damage|p1a: Toxapex|52/100 brn|[from] brn
|upkeep
|turn|60
|
|t:|1769327707
|switch|p1a: Corviknight|Corviknight, M|72/100
|-damage|p1a: Corviknight|59/100|[from] Stealth Rock
|-ability|p1a: Corviknight|Pressure
|switch|p2a: Tyranitar|Tyranitar, M|24/100 tox
|-weather|Sandstorm|[from] ability: Sand Stream|[of] p2a: Tyranitar
|
|-weather|Sandstorm|[upkeep]
|-heal|p1a: Corviknight|65/100|[from] item: Leftovers
|-damage|p2a: Tyranitar|18/100 tox|[from] psn
|upkeep
|turn|61
|
|t:|1769327721
|switch|p1a: Toxapex|Toxapex, M|86/100 brn
|-damage|p1a: Toxapex|73/100 brn|[from] Stealth Rock
|switch|p2a: Slowking|Slowking-Galar, F|100/100
|
|-weather|Sandstorm|[upkeep]
|-damage|p1a: Toxapex|67/100 brn|[from] Sandstorm
|-damage|p2a: Slowking|94/100|[from] Sandstorm
|-damage|p1a: Toxapex|61/100 brn|[from] brn
|upkeep
|turn|62
|
|t:|1769327732
|switch|p1a: Corviknight|Corviknight, M|65/100
|-damage|p1a: Corviknight|53/100|[from] Stealth Rock
|-ability|p1a: Corviknight|Pressure
|move|p2a: Slowking|Psyshock|p1a: Corviknight
|-resisted|p1a: Corviknight
|-damage|p1a: Corviknight|40/100
|
|-weather|Sandstorm|[upkeep]
|-damage|p2a: Slowking|88/100|[from] Sandstorm
|-heal|p1a: Corviknight|47/100|[from] item: Leftovers
|upkeep
|turn|63
|
|t:|1769327744
|move|p1a: Corviknight|Roost|p1a: Corviknight
|-heal|p1a: Corviknight|97/100
|-singleturn|p1a: Corviknight|move: Roost
|move|p2a: Slowking|Ice Beam|p1a: Corviknight
|-resisted|p1a: Corviknight
|-damage|p1a: Corviknight|81/100
|
|-weather|Sandstorm|[upkeep]
|-damage|p2a: Slowking|82/100|[from] Sandstorm
|-heal|p1a: Corviknight|88/100|[from] item: Leftovers
|upkeep
|turn|64
|
|t:|1769327755
|switch|p2a: Gholdengo|Gholdengo|100/100
|move|p1a: Corviknight|Defog|p2a: Gholdengo
|-immune|p2a: Gholdengo|[from] ability: Good as Gold
|
|-weather|none
|-heal|p1a: Corviknight|94/100|[from] item: Leftovers
|upkeep
|turn|65
|
|t:|1769327764
|switch|p1a: Blissey|Blissey, F|100/100
|-damage|p1a: Blissey|88/100|[from] Stealth Rock
|move|p2a: Gholdengo|Shadow Ball|p1a: Blissey
|-immune|p1a: Blissey
|
|upkeep
|turn|66
|
|t:|1769327773
|move|p2a: Gholdengo|Trick|p1a: Blissey
|-activate|p2a: Gholdengo|move: Trick|[of] p1a: Blissey
|-item|p1a: Blissey|Leftovers|[from] move: Trick
|-item|p2a: Gholdengo|Choice Scarf|[from] move: Trick
|move|p1a: Blissey|Stealth Rock|p2a: Gholdengo
|-sidestart|p2: saibayman|move: Stealth Rock
|
|-heal|p1a: Blissey|94/100|[from] item: Leftovers
|upkeep
|turn|67
|
|t:|1769327781
|switch|p2a: Great Tusk|Great Tusk|100/100
|-damage|p2a: Great Tusk|97/100|[from] Stealth Rock
|switch|p1a: Toxapex|Toxapex, M|94/100 brn
|-damage|p1a: Toxapex|81/100 brn|[from] Stealth Rock
|
|-heal|p2a: Great Tusk|100/100|[from] item: Leftovers
|-damage|p1a: Toxapex|75/100 brn|[from] brn
|upkeep
|turn|68
|
|t:|1769327792
|switch|p1a: Dondozo|Dondozo, M|94/100
|-damage|p1a: Dondozo|82/100|[from] Stealth Rock
|-terastallize|p2a: Great Tusk|Steel
|move|p2a: Great Tusk|Earthquake|p1a: Dondozo
|-damage|p1a: Dondozo|61/100
|
|-heal|p1a: Dondozo|67/100|[from] item: Leftovers
|upkeep
|turn|69
|
|t:|1769327802
|move|p2a: Great Tusk|Rapid Spin|p1a: Dondozo
|-damage|p1a: Dondozo|61/100
|-boost|p2a: Great Tusk|spe|1
|-sideend|p2: saibayman|Stealth Rock|[from] move: Rapid Spin|[of] p2a: Great Tusk
|move|p1a: Dondozo|Body Press|p2a: Great Tusk
|-supereffective|p2a: Great Tusk
|-damage|p2a: Great Tusk|75/100
|
|-heal|p2a: Great Tusk|81/100|[from] item: Leftovers
|-heal|p1a: Dondozo|67/100|[from] item: Leftovers
|upkeep
|turn|70
|
|t:|1769327813
|-end|p2a: Great Tusk|Protosynthesis|[silent]
|switch|p2a: Slowking|Slowking-Galar, F|100/100
|move|p1a: Dondozo|Body Press|p2a: Slowking
|-resisted|p2a: Slowking
|-damage|p2a: Slowking|93/100
|
|-heal|p1a: Dondozo|73/100|[from] item: Leftovers
|upkeep
|turn|71
|
|t:|1769327822
|switch|p1a: Corviknight|Corviknight, M|94/100
|-damage|p1a: Corviknight|81/100|[from] Stealth Rock
|-ability|p1a: Corviknight|Pressure
|switch|p2a: Gholdengo|Gholdengo|100/100
|
|-heal|p1a: Corviknight|88/100|[from] item: Leftovers
|upkeep
|turn|72
|
|t:|1769327832
|switch|p1a: Toxapex|Toxapex, M|100/100 brn
|-damage|p1a: Toxapex|88/100 brn|[from] Stealth Rock
|move|p2a: Gholdengo|Trick|p1a: Toxapex
|-activate|p2a: Gholdengo|move: Trick|[of] p1a: Toxapex
|-item|p1a: Toxapex|Choice Scarf|[from] move: Trick
|-enditem|p2a: Gholdengo|Choice Scarf|[silent]|[from] move: Trick
|
|-damage|p1a: Toxapex|82/100 brn|[from] brn
|upkeep
|turn|73
|
|t:|1769327848
|switch|p1a: Blissey|Blissey, F|94/100
|-damage|p1a: Blissey|82/100|[from] Stealth Rock
|move|p2a: Gholdengo|Trick|p1a: Blissey
|-activate|p2a: Gholdengo|move: Trick|[of] p1a: Blissey
|-enditem|p1a: Blissey|Leftovers|[silent]|[from] move: Trick
|-item|p2a: Gholdengo|Leftovers|[from] move: Trick
|
|upkeep
|turn|74
|
|t:|1769327857
|switch|p2a: Great Tusk|Great Tusk, tera:Steel|81/100
|move|p1a: Blissey|Stealth Rock|p2a: Great Tusk
|-sidestart|p2: saibayman|move: Stealth Rock
|
|-heal|p2a: Great Tusk|87/100|[from] item: Leftovers
|upkeep
|turn|75
|
|t:|1769327864
|switch|p1a: Dondozo|Dondozo, M|73/100
|-damage|p1a: Dondozo|61/100|[from] Stealth Rock
|move|p2a: Great Tusk|Rapid Spin|p1a: Dondozo
|-damage|p1a: Dondozo|54/100
|-boost|p2a: Great Tusk|spe|1
|-sideend|p2: saibayman|Stealth Rock|[from] move: Rapid Spin|[of] p2a: Great Tusk
|
|-heal|p2a: Great Tusk|93/100|[from] item: Leftovers
|-heal|p1a: Dondozo|60/100|[from] item: Leftovers
|upkeep
|turn|76
|
|t:|1769327875
|-end|p2a: Great Tusk|Protosynthesis|[silent]
|switch|p2a: Moltres|Moltres|94/100
|move|p1a: Dondozo|Body Press|p2a: Moltres
|-resisted|p2a: Moltres
|-damage|p2a: Moltres|80/100
|-status|p1a: Dondozo|brn|[from] ability: Flame Body|[of] p2a: Moltres
|
|-heal|p1a: Dondozo|66/100 brn|[from] item: Leftovers
|-damage|p1a: Dondozo|60/100 brn|[from] brn
|upkeep
|turn|77
|
|t:|1769327890
|switch|p2a: Slowking|Slowking-Galar, F|100/100
|move|p1a: Dondozo|Rest|p1a: Dondozo
|-status|p1a: Dondozo|slp|[from] move: Rest
|-heal|p1a: Dondozo|100/100 slp|[silent]
|
|upkeep
|turn|78
|
|t:|1769327900
|switch|p1a: Corviknight|Corviknight, M|88/100
|-damage|p1a: Corviknight|75/100|[from] Stealth Rock
|-ability|p1a: Corviknight|Pressure
|move|p2a: Slowking|Ice Beam|p1a: Corviknight
|-damage|p1a: Corviknight|43/100
|
|-heal|p1a: Corviknight|50/100|[from] item: Leftovers
|upkeep
|turn|79
|
|t:|1769327913
|switch|p2a: Gholdengo|Gholdengo|100/100
|move|p1a: Corviknight|Defog|p2a: Gholdengo
|-immune|p2a: Gholdengo|[from] ability: Good as Gold
|
|-heal|p1a: Corviknight|56/100|[from] item: Leftovers
|upkeep
|turn|80
|
|t:|1769327924
|switch|p1a: Blissey|Blissey, F|82/100
|-damage|p1a: Blissey|69/100|[from] Stealth Rock
|move|p2a: Gholdengo|Make It Rain|p1a: Blissey
|-damage|p1a: Blissey|49/100
|-unboost|p2a: Gholdengo|spa|1
|
|upkeep
|turn|81
|
|t:|1769327936
|switch|p2a: Great Tusk|Great Tusk, tera:Steel|93/100
|move|p1a: Blissey|Soft-Boiled|p1a: Blissey
|-heal|p1a: Blissey|99/100
|
|-heal|p2a: Great Tusk|99/100|[from] item: Leftovers
|upkeep
|turn|82
|
|t:|1769327949
|-end|p2a: Great Tusk|Protosynthesis|[silent]
|switch|p2a: Gholdengo|Gholdengo|100/100
|switch|p1a: Dondozo|Dondozo, M|100/100 slp
|-damage|p1a: Dondozo|88/100 slp|[from] Stealth Rock
|
|-heal|p1a: Dondozo|94/100 slp|[from] item: Leftovers
|upkeep
|turn|83
|
|t:|1769327958
|switch|p1a: Blissey|Blissey, F|99/100
|-damage|p1a: Blissey|86/100|[from] Stealth Rock
|move|p2a: Gholdengo|Make It Rain|p1a: Blissey
|-damage|p1a: Blissey|66/100
|-unboost|p2a: Gholdengo|spa|1
|
|upkeep
|turn|84
|
|t:|1769327969
|switch|p2a: Great Tusk|Great Tusk, tera:Steel|99/100
|move|p1a: Blissey|Stealth Rock|p2a: Great Tusk
|-sidestart|p2: saibayman|move: Stealth Rock
|
|-heal|p2a: Great Tusk|100/100|[from] item: Leftovers
|upkeep
|turn|85
|
|t:|1769327976
|switch|p1a: Dondozo|Dondozo, M|94/100 slp
|-damage|p1a: Dondozo|82/100 slp|[from] Stealth Rock
|move|p2a: Great Tusk|Rapid Spin|p1a: Dondozo
|-damage|p1a: Dondozo|75/100 slp
|-boost|p2a: Great Tusk|spe|1
|-sideend|p2: saibayman|Stealth Rock|[from] move: Rapid Spin|[of] p2a: Great Tusk
|
|-heal|p1a: Dondozo|81/100 slp|[from] item: Leftovers
|upkeep
|turn|86
|
|t:|1769327987
|move|p2a: Great Tusk|Earthquake|p1a: Dondozo
|-damage|p1a: Dondozo|62/100 slp
|cant|p1a: Dondozo|slp
|
|-heal|p1a: Dondozo|68/100 slp|[from] item: Leftovers
|upkeep
|turn|87
|
|t:|1769327995
|-end|p2a: Great Tusk|Protosynthesis|[silent]
|switch|p2a: Slowking|Slowking-Galar, F|100/100
|cant|p1a: Dondozo|slp
|move|p1a: Dondozo|Sleep Talk|p1a: Dondozo
|move|p1a: Dondozo|Body Press|p2a: Slowking|[from] move: Sleep Talk
|-resisted|p2a: Slowking
|-damage|p2a: Slowking|94/100
|
|-heal|p1a: Dondozo|74/100 slp|[from] item: Leftovers
|upkeep
|turn|88
|
|t:|1769328007
|switch|p1a: Corviknight|Corviknight, M|56/100
|-damage|p1a: Corviknight|43/100|[from] Stealth Rock
|-ability|p1a: Corviknight|Pressure
|switch|p2a: Gholdengo|Gholdengo|100/100
|
|-heal|p1a: Corviknight|50/100|[from] item: Leftovers
|upkeep
|turn|89
|
|t:|1769328016
|switch|p1a: Blissey|Blissey, F|66/100
|-damage|p1a: Blissey|53/100|[from] Stealth Rock
|move|p2a: Gholdengo|Shadow Ball|p1a: Blissey
|-immune|p1a: Blissey
|
|upkeep
|turn|90
|
|t:|1769328024
|switch|p2a: Great Tusk|Great Tusk, tera:Steel|100/100
|move|p1a: Blissey|Soft-Boiled|p1a: Blissey
|-heal|p1a: Blissey|100/100
|
|upkeep
|turn|91
|
|t:|1769328032
|-end|p2a: Great Tusk|Protosynthesis|[silent]
|switch|p2a: Slowking|Slowking-Galar, F|100/100
|switch|p1a: Dondozo|Dondozo, M|74/100 slp
|-damage|p1a: Dondozo|62/100 slp|[from] Stealth Rock
|
|-heal|p1a: Dondozo|68/100 slp|[from] item: Leftovers
|upkeep
|turn|92
|
|t:|1769328042
|switch|p1a: Corviknight|Corviknight, M|50/100
|-damage|p1a: Corviknight|37/100|[from] Stealth Rock
|-ability|p1a: Corviknight|Pressure
|switch|p2a: Gholdengo|Gholdengo|100/100
|
|-heal|p1a: Corviknight|43/100|[from] item: Leftovers
|upkeep
|turn|93
|
|t:|1769328057
|switch|p1a: Blissey|Blissey, F|100/100
|-damage|p1a: Blissey|88/100|[from] Stealth Rock
|move|p2a: Gholdengo|Dazzling Gleam|p1a: Blissey
|-damage|p1a: Blissey|79/100
|
|upkeep
|turn|94
|
|t:|1769328063
|switch|p2a: Great Tusk|Great Tusk, tera:Steel|100/100
|move|p1a: Blissey|Stealth Rock|p2a: Great Tusk
|-sidestart|p2: saibayman|move: Stealth Rock
|
|upkeep
|turn|95
|
|t:|1769328069
|switch|p1a: Dondozo|Dondozo, M|68/100 slp
|-damage|p1a: Dondozo|55/100 slp|[from] Stealth Rock
|move|p2a: Great Tusk|Rapid Spin|p1a: Dondozo
|-damage|p1a: Dondozo|49/100 slp
|-boost|p2a: Great Tusk|spe|1
|-sideend|p2: saibayman|Stealth Rock|[from] move: Rapid Spin|[of] p2a: Great Tusk
|
|-heal|p1a: Dondozo|55/100 slp|[from] item: Leftovers
|upkeep
|turn|96
|
|t:|1769328080
|-end|p2a: Great Tusk|Protosynthesis|[silent]
|switch|p2a: Slowking|Slowking-Galar, F|100/100
|-curestatus|p1a: Dondozo|slp|[msg]
|move|p1a: Dondozo|Rest|p1a: Dondozo
|-status|p1a: Dondozo|slp|[from] move: Rest
|-heal|p1a: Dondozo|100/100 slp|[silent]
|
|upkeep
|turn|97
|
|t:|1769328089
|switch|p1a: Corviknight|Corviknight, M|43/100
|-damage|p1a: Corviknight|31/100|[from] Stealth Rock
|-ability|p1a: Corviknight|Pressure
|move|p2a: Slowking|Grass Knot|p1a: Corviknight
|-resisted|p1a: Corviknight
|-damage|p1a: Corviknight|25/100
|
|-heal|p1a: Corviknight|31/100|[from] item: Leftovers
|upkeep
|turn|98
|
|t:|1769328100
|switch|p2a: Gholdengo|Gholdengo|100/100
|move|p1a: Corviknight|Roost|p1a: Corviknight
|-heal|p1a: Corviknight|81/100
|-singleturn|p1a: Corviknight|move: Roost
|
|-heal|p1a: Corviknight|87/100|[from] item: Leftovers
|upkeep
|turn|99
|
|t:|1769328110
|switch|p1a: Blissey|Blissey, F|79/100
|-damage|p1a: Blissey|66/100|[from] Stealth Rock
|move|p2a: Gholdengo|Shadow Ball|p1a: Blissey
|-immune|p1a: Blissey
|
|upkeep
|turn|100
|
|t:|1769328118
|switch|p2a: Great Tusk|Great Tusk, tera:Steel|100/100
|move|p1a: Blissey|Stealth Rock|p2a: Great Tusk
|-sidestart|p2: saibayman|move: Stealth Rock
|
|upkeep
|turn|101
|
|t:|1769328124
|switch|p1a: Dondozo|Dondozo, M|100/100 slp
|-damage|p1a: Dondozo|88/100 slp|[from] Stealth Rock
|move|p2a: Great Tusk|Rapid Spin|p1a: Dondozo
|-damage|p1a: Dondozo|82/100 slp
|-boost|p2a: Great Tusk|spe|1
|-sideend|p2: saibayman|Stealth Rock|[from] move: Rapid Spin|[of] p2a: Great Tusk
|
|-heal|p1a: Dondozo|88/100 slp|[from] item: Leftovers
|upkeep
|turn|102
|
|t:|1769328134
|-end|p2a: Great Tusk|Protosynthesis|[silent]
|switch|p2a: Slowking|Slowking-Galar, F|100/100
|cant|p1a: Dondozo|slp
|move|p1a: Dondozo|Sleep Talk|p1a: Dondozo
|move|p1a: Dondozo|Rest||[from] move: Sleep Talk|[still]
|-fail|p1a: Dondozo
|
|-heal|p1a: Dondozo|94/100 slp|[from] item: Leftovers
|upkeep
|turn|103
|
|t:|1769328144
|switch|p1a: Corviknight|Corviknight, M|87/100
|-damage|p1a: Corviknight|75/100|[from] Stealth Rock
|-ability|p1a: Corviknight|Pressure
|move|p2a: Slowking|Grass Knot|p1a: Corviknight
|-resisted|p1a: Corviknight
|-damage|p1a: Corviknight|68/100
|
|-heal|p1a: Corviknight|74/100|[from] item: Leftovers
|upkeep
|turn|104
|
|t:|1769328155
|switch|p2a: Gholdengo|Gholdengo|100/100
|move|p1a: Corviknight|Defog|p2a: Gholdengo
|-immune|p2a: Gholdengo|[from] ability: Good as Gold
|
|-heal|p1a: Corviknight|81/100|[from] item: Leftovers
|upkeep
|turn|105
|
|t:|1769328167
|switch|p1a: Blissey|Blissey, F|66/100
|-damage|p1a: Blissey|54/100|[from] Stealth Rock
|move|p2a: Gholdengo|Make It Rain|p1a: Blissey
|-damage|p1a: Blissey|33/100
|-unboost|p2a: Gholdengo|spa|1
|
|upkeep
|turn|106
|
|t:|1769328176
|switch|p2a: Great Tusk|Great Tusk, tera:Steel|100/100
|move|p1a: Blissey|Soft-Boiled|p1a: Blissey
|-heal|p1a: Blissey|83/100
|
|upkeep
|turn|107
|
|t:|1769328183
|switch|p1a: Dondozo|Dondozo, M|94/100 slp
|-damage|p1a: Dondozo|82/100 slp|[from] Stealth Rock
|move|p2a: Great Tusk|Earthquake|p1a: Dondozo
|-damage|p1a: Dondozo|61/100 slp
|
|-heal|p1a: Dondozo|67/100 slp|[from] item: Leftovers
|upkeep
|turn|108
|inactive|saibayman has 120 seconds left.
|
|t:|1769328193
|-end|p2a: Great Tusk|Protosynthesis|[silent]
|switch|p2a: Slowking|Slowking-Galar, F|100/100
|cant|p1a: Dondozo|slp
|move|p1a: Dondozo|Sleep Talk|p1a: Dondozo
|move|p1a: Dondozo|Body Press|p2a: Slowking|[from] move: Sleep Talk
|-resisted|p2a: Slowking
|-damage|p2a: Slowking|93/100
|
|-heal|p1a: Dondozo|73/100 slp|[from] item: Leftovers
|upkeep
|turn|109
|inactive|saibayman has 120 seconds left.
|
|t:|1769328204
|switch|p1a: Corviknight|Corviknight, M|81/100
|-damage|p1a: Corviknight|68/100|[from] Stealth Rock
|-ability|p1a: Corviknight|Pressure
|move|p2a: Slowking|Grass Knot|p1a: Corviknight
|-resisted|p1a: Corviknight
|-damage|p1a: Corviknight|62/100
|
|-heal|p1a: Corviknight|68/100|[from] item: Leftovers
|upkeep
|turn|110
|
|t:|1769328215
|switch|p2a: Gholdengo|Gholdengo|100/100
|move|p1a: Corviknight|Defog|p2a: Gholdengo
|-immune|p2a: Gholdengo|[from] ability: Good as Gold
|
|-heal|p1a: Corviknight|75/100|[from] item: Leftovers
|upkeep
|turn|111
|
|t:|1769328228
|switch|p2a: Great Tusk|Great Tusk, tera:Steel|100/100
|switch|p1a: Blissey|Blissey, F|83/100
|-damage|p1a: Blissey|70/100|[from] Stealth Rock
|
|upkeep
|turn|112
|
|t:|1769328236
|switch|p1a: Dondozo|Dondozo, M|73/100 slp
|-damage|p1a: Dondozo|61/100 slp|[from] Stealth Rock
|move|p2a: Great Tusk|Rapid Spin|p1a: Dondozo
|-damage|p1a: Dondozo|54/100 slp
|-boost|p2a: Great Tusk|spe|1
|
|-heal|p1a: Dondozo|60/100 slp|[from] item: Leftovers
|upkeep
|turn|113
|
|t:|1769328247
|-end|p2a: Great Tusk|Protosynthesis|[silent]
|switch|p2a: Moltres|Moltres|80/100
|-curestatus|p1a: Dondozo|slp|[msg]
|move|p1a: Dondozo|Rest|p1a: Dondozo
|-status|p1a: Dondozo|slp|[from] move: Rest
|-heal|p1a: Dondozo|100/100 slp|[silent]
|
|upkeep
|turn|114
|
|t:|1769328255
|switch|p1a: Toxapex|Toxapex, M|100/100 brn
|-damage|p1a: Toxapex|88/100 brn|[from] Stealth Rock
|move|p2a: Moltres|Will-O-Wisp|p1a: Toxapex
|-fail|p1a: Toxapex|brn
|
|-damage|p1a: Toxapex|82/100 brn|[from] brn
|upkeep
|turn|115
|
|t:|1769328265
|switch|p2a: Slowking|Slowking-Galar, F|100/100
|move|p1a: Toxapex|Toxic|p2a: Slowking
|-immune|p2a: Slowking
|
|-damage|p1a: Toxapex|75/100 brn|[from] brn
|upkeep
|turn|116
|
|t:|1769328272
|switch|p1a: Corviknight|Corviknight, M|75/100
|-damage|p1a: Corviknight|62/100|[from] Stealth Rock
|-ability|p1a: Corviknight|Pressure
|move|p2a: Slowking|Psyshock|p1a: Corviknight
|-resisted|p1a: Corviknight
|-damage|p1a: Corviknight|50/100
|
|-heal|p1a: Corviknight|56/100|[from] item: Leftovers
|upkeep
|turn|117
|
|t:|1769328283
|switch|p2a: Gholdengo|Gholdengo|100/100
|move|p1a: Corviknight|Defog|p2a: Gholdengo
|-immune|p2a: Gholdengo|[from] ability: Good as Gold
|
|-heal|p1a: Corviknight|62/100|[from] item: Leftovers
|upkeep
|turn|118
|
|t:|1769328292
|switch|p1a: Blissey|Blissey, F|70/100
|-damage|p1a: Blissey|58/100|[from] Stealth Rock
|move|p2a: Gholdengo|Dazzling Gleam|p1a: Blissey
|-damage|p1a: Blissey|48/100
|
|upkeep
|turn|119
|
|t:|1769328300
|switch|p2a: Great Tusk|Great Tusk, tera:Steel|100/100
|move|p1a: Blissey|Soft-Boiled|p1a: Blissey
|-heal|p1a: Blissey|98/100
|
|upkeep
|turn|120
|
|t:|1769328308
|switch|p1a: Dondozo|Dondozo, M|100/100 slp
|-damage|p1a: Dondozo|88/100 slp|[from] Stealth Rock
|move|p2a: Great Tusk|Earthquake|p1a: Dondozo
|-damage|p1a: Dondozo|68/100 slp
|
|-heal|p1a: Dondozo|74/100 slp|[from] item: Leftovers
|upkeep
|turn|121
|
|t:|1769328317
|-end|p2a: Great Tusk|Protosynthesis|[silent]
|switch|p2a: Slowking|Slowking-Galar, F|100/100
|cant|p1a: Dondozo|slp
|move|p1a: Dondozo|Sleep Talk|p1a: Dondozo
|move|p1a: Dondozo|Body Press|p2a: Slowking|[from] move: Sleep Talk
|-resisted|p2a: Slowking
|-damage|p2a: Slowking|93/100
|
|-heal|p1a: Dondozo|80/100 slp|[from] item: Leftovers
|upkeep
|turn|122
|inactive|saibayman has 90 seconds left.
|
|t:|1769328330
|switch|p1a: Corviknight|Corviknight, M|62/100
|-damage|p1a: Corviknight|50/100|[from] Stealth Rock
|-ability|p1a: Corviknight|Pressure
|move|p2a: Slowking|Grass Knot|p1a: Corviknight
|-resisted|p1a: Corviknight
|-damage|p1a: Corviknight|44/100
|
|-heal|p1a: Corviknight|50/100|[from] item: Leftovers
|upkeep
|turn|123
|inactive|saibayman has 90 seconds left.
|
|t:|1769328341
|switch|p2a: Gholdengo|Gholdengo|100/100
|move|p1a: Corviknight|Iron Defense|p1a: Corviknight
|-boost|p1a: Corviknight|def|2
|
|-heal|p1a: Corviknight|56/100|[from] item: Leftovers
|upkeep
|turn|124
|
|t:|1769328348
|switch|p1a: Blissey|Blissey, F|98/100
|-damage|p1a: Blissey|86/100|[from] Stealth Rock
|move|p2a: Gholdengo|Shadow Ball|p1a: Blissey
|-immune|p1a: Blissey
|
|upkeep
|turn|125
|
|t:|1769328356
|switch|p2a: Great Tusk|Great Tusk, tera:Steel|100/100
|move|p1a: Blissey|Stealth Rock|p2a: Great Tusk
|-sidestart|p2: saibayman|move: Stealth Rock
|
|upkeep
|turn|126
|
|t:|1769328362
|switch|p1a: Dondozo|Dondozo, M|80/100 slp
|-damage|p1a: Dondozo|68/100 slp|[from] Stealth Rock
|move|p2a: Great Tusk|Rapid Spin|p1a: Dondozo
|-damage|p1a: Dondozo|62/100 slp
|-boost|p2a: Great Tusk|spe|1
|-sideend|p2: saibayman|Stealth Rock|[from] move: Rapid Spin|[of] p2a: Great Tusk
|
|-heal|p1a: Dondozo|68/100 slp|[from] item: Leftovers
|upkeep
|turn|127
|
|t:|1769328373
|-end|p2a: Great Tusk|Protosynthesis|[silent]
|switch|p2a: Slowking|Slowking-Galar, F|100/100
|cant|p1a: Dondozo|slp
|move|p1a: Dondozo|Sleep Talk|p1a: Dondozo
|move|p1a: Dondozo|Body Press|p2a: Slowking|[from] move: Sleep Talk
|-resisted|p2a: Slowking
|-damage|p2a: Slowking|93/100
|
|-heal|p1a: Dondozo|74/100 slp|[from] item: Leftovers
|upkeep
|turn|128
|
|t:|1769328386
|switch|p1a: Corviknight|Corviknight, M|56/100
|-damage|p1a: Corviknight|44/100|[from] Stealth Rock
|-ability|p1a: Corviknight|Pressure
|switch|p2a: Gholdengo|Gholdengo|100/100
|
|-heal|p1a: Corviknight|50/100|[from] item: Leftovers
|upkeep
|turn|129
|
|t:|1769328398
|switch|p1a: Blissey|Blissey, F|86/100
|-damage|p1a: Blissey|73/100|[from] Stealth Rock
|move|p2a: Gholdengo|Make It Rain|p1a: Blissey
|-damage|p1a: Blissey|55/100
|-unboost|p2a: Gholdengo|spa|1
|
|upkeep
|turn|130
|
|t:|1769328408
|switch|p2a: Great Tusk|Great Tusk, tera:Steel|100/100
|move|p1a: Blissey|Stealth Rock|p2a: Great Tusk
|-sidestart|p2: saibayman|move: Stealth Rock
|
|upkeep
|turn|131
|
|t:|1769328413
|switch|p1a: Dondozo|Dondozo, M|74/100 slp
|-damage|p1a: Dondozo|62/100 slp|[from] Stealth Rock
|move|p2a: Great Tusk|Rapid Spin|p1a: Dondozo
|-damage|p1a: Dondozo|55/100 slp
|-boost|p2a: Great Tusk|spe|1
|-sideend|p2: saibayman|Stealth Rock|[from] move: Rapid Spin|[of] p2a: Great Tusk
|
|-heal|p1a: Dondozo|61/100 slp|[from] item: Leftovers
|upkeep
|turn|132
|
|t:|1769328424
|-end|p2a: Great Tusk|Protosynthesis|[silent]
|switch|p2a: Slowking|Slowking-Galar, F|100/100
|-curestatus|p1a: Dondozo|slp|[msg]
|move|p1a: Dondozo|Body Press|p2a: Slowking
|-resisted|p2a: Slowking
|-damage|p2a: Slowking|93/100
|
|-heal|p1a: Dondozo|67/100|[from] item: Leftovers
|upkeep
|turn|133
|
|t:|1769328433
|switch|p1a: Corviknight|Corviknight, M|50/100
|-damage|p1a: Corviknight|37/100|[from] Stealth Rock
|-ability|p1a: Corviknight|Pressure
|move|p2a: Slowking|Grass Knot|p1a: Corviknight
|-resisted|p1a: Corviknight
|-damage|p1a: Corviknight|31/100
|
|-heal|p1a: Corviknight|37/100|[from] item: Leftovers
|upkeep
|turn|134
|inactive|saibayman has 60 seconds left.
|
|t:|1769328445
|switch|p2a: Moltres|Moltres|80/100
|move|p1a: Corviknight|Roost|p1a: Corviknight
|-heal|p1a: Corviknight|87/100
|-singleturn|p1a: Corviknight|move: Roost
|
|-heal|p1a: Corviknight|93/100|[from] item: Leftovers
|upkeep
|turn|135
|inactive|saibayman has 60 seconds left.
|
|t:|1769328454
|switch|p1a: Toxapex|Toxapex, M|100/100 brn
|-damage|p1a: Toxapex|88/100 brn|[from] Stealth Rock
|move|p2a: Moltres|Overheat|p1a: Toxapex
|-resisted|p1a: Toxapex
|-damage|p1a: Toxapex|72/100 brn
|-unboost|p2a: Moltres|spa|2
|
|-damage|p1a: Toxapex|66/100 brn|[from] brn
|upkeep
|turn|136
|inactive|saibayman has 60 seconds left.
|
|t:|1769328467
|switch|p2a: Slowking|Slowking-Galar, F|100/100
|switch|p1a: Weezing|Weezing-Galar, F|77/100 brn
|-ability|p1a: Weezing|Neutralizing Gas
|
|-damage|p1a: Weezing|71/100 brn|[from] brn
|upkeep
|turn|137
|
|t:|1769328476
|move|p1a: Weezing|Defog|p2a: Slowking
|-unboost|p2a: Slowking|evasion|1
|-sideend|p1: AjaxTheMighty|Stealth Rock|[from] move: Defog|[of] p1a: Weezing
|move|p2a: Slowking|Psyshock|p1a: Weezing
|-supereffective|p1a: Weezing
|-damage|p1a: Weezing|18/100 brn
|
|-damage|p1a: Weezing|12/100 brn|[from] brn
|upkeep
|turn|138
|
|t:|1769328487
|-end|p1a: Weezing|ability: Neutralizing Gas
|switch|p1a: Corviknight|Corviknight, M|93/100
|-ability|p1a: Corviknight|Pressure
|move|p2a: Slowking|Grass Knot|p1a: Corviknight
|-resisted|p1a: Corviknight
|-damage|p1a: Corviknight|87/100
|
|-heal|p1a: Corviknight|93/100|[from] item: Leftovers
|upkeep
|turn|139
|
|t:|1769328498
|switch|p2a: Great Tusk|Great Tusk, tera:Steel|100/100
|move|p1a: Corviknight|Body Press|p2a: Great Tusk
|-supereffective|p2a: Great Tusk
|-damage|p2a: Great Tusk|75/100
|
|-heal|p2a: Great Tusk|81/100|[from] item: Leftovers
|-heal|p1a: Corviknight|99/100|[from] item: Leftovers
|upkeep
|turn|140
|
|t:|1769328508
|-end|p2a: Great Tusk|Protosynthesis|[silent]
|switch|p2a: Gholdengo|Gholdengo|100/100
|move|p1a: Corviknight|Iron Defense|p1a: Corviknight
|-boost|p1a: Corviknight|def|2
|
|-heal|p1a: Corviknight|100/100|[from] item: Leftovers
|upkeep
|turn|141
|
|t:|1769328519
|move|p2a: Gholdengo|Shadow Ball|p1a: Corviknight
|-damage|p1a: Corviknight|60/100
|move|p1a: Corviknight|Body Press|p2a: Gholdengo
|-immune|p2a: Gholdengo
|
|-heal|p1a: Corviknight|66/100|[from] item: Leftovers
|upkeep
|turn|142
|
|t:|1769328528
|switch|p1a: Blissey|Blissey, F|55/100
|move|p2a: Gholdengo|Shadow Ball|p1a: Blissey
|-immune|p1a: Blissey
|
|upkeep
|turn|143
|
|t:|1769328535
|switch|p2a: Tyranitar|Tyranitar, M|18/100 tox
|-weather|Sandstorm|[from] ability: Sand Stream|[of] p2a: Tyranitar
|move|p1a: Blissey|Stealth Rock|p2a: Tyranitar
|-sidestart|p2: saibayman|move: Stealth Rock
|
|-weather|Sandstorm|[upkeep]
|-damage|p1a: Blissey|49/100|[from] Sandstorm
|-damage|p2a: Tyranitar|12/100 tox|[from] psn
|upkeep
|turn|144
|
|t:|1769328546
|move|p2a: Tyranitar|Stealth Rock|p1a: Blissey
|-sidestart|p1: AjaxTheMighty|move: Stealth Rock
|move|p1a: Blissey|Seismic Toss|p2a: Tyranitar
|-damage|p2a: Tyranitar|0 fnt
|-damage|p1a: Blissey|32/100|[from] item: Rocky Helmet|[of] p2a: Tyranitar
|faint|p2a: Tyranitar
|
|-weather|Sandstorm|[upkeep]
|-damage|p1a: Blissey|26/100|[from] Sandstorm
|upkeep
|inactive|saibayman has 30 seconds left.
|
|t:|1769328556
|switch|p2a: Great Tusk|Great Tusk, tera:Steel|81/100
|-damage|p2a: Great Tusk|75/100|[from] Stealth Rock
|turn|145
|
|t:|1769328560
|switch|p1a: Dondozo|Dondozo, M|67/100
|-damage|p1a: Dondozo|55/100|[from] Stealth Rock
|move|p2a: Great Tusk|Rapid Spin|p1a: Dondozo
|-damage|p1a: Dondozo|48/100
|-boost|p2a: Great Tusk|spe|1
|-sideend|p2: saibayman|Stealth Rock|[from] move: Rapid Spin|[of] p2a: Great Tusk
|
|-weather|Sandstorm|[upkeep]
|-damage|p1a: Dondozo|42/100|[from] Sandstorm
|-heal|p2a: Great Tusk|81/100|[from] item: Leftovers
|-heal|p1a: Dondozo|48/100|[from] item: Leftovers
|upkeep
|turn|146
|inactive|saibayman has 30 seconds left.
|
|t:|1769328572
|move|p2a: Great Tusk|Body Press|p1a: Dondozo
|-damage|p1a: Dondozo|26/100
|move|p1a: Dondozo|Rest|p1a: Dondozo
|-status|p1a: Dondozo|slp|[from] move: Rest
|-heal|p1a: Dondozo|100/100 slp|[silent]
|
|-weather|Sandstorm|[upkeep]
|-damage|p1a: Dondozo|94/100 slp|[from] Sandstorm
|-heal|p2a: Great Tusk|88/100|[from] item: Leftovers
|-heal|p1a: Dondozo|100/100 slp|[from] item: Leftovers
|upkeep
|turn|147
|inactive|saibayman has 30 seconds left.
|
|t:|1769328583
|-end|p2a: Great Tusk|Protosynthesis|[silent]
|switch|p2a: Slowking|Slowking-Galar, F|100/100
|cant|p1a: Dondozo|slp
|move|p1a: Dondozo|Sleep Talk|p1a: Dondozo
|move|p1a: Dondozo|Body Press|p2a: Slowking|[from] move: Sleep Talk
|-resisted|p2a: Slowking
|-damage|p2a: Slowking|93/100
|
|-weather|none
|upkeep
|turn|148
|inactive|saibayman has 30 seconds left this turn.
|inactive|saibayman has 20 seconds left.
|
|t:|1769328594
|switch|p1a: Corviknight|Corviknight, M|66/100
|-damage|p1a: Corviknight|54/100|[from] Stealth Rock
|-ability|p1a: Corviknight|Pressure
|move|p2a: Slowking|Grass Knot|p1a: Corviknight
|-resisted|p1a: Corviknight
|-damage|p1a: Corviknight|47/100
|
|-heal|p1a: Corviknight|54/100|[from] item: Leftovers
|upkeep
|turn|149
|inactive|saibayman has 25 seconds left this turn.
|inactive|saibayman has 20 seconds left.
|inactive|saibayman has 15 seconds left.
|
|t:|1769328605
|switch|p2a: Gholdengo|Gholdengo|100/100
|move|p1a: Corviknight|Roost|p1a: Corviknight
|-heal|p1a: Corviknight|100/100
|-singleturn|p1a: Corviknight|move: Roost
|
|upkeep
|turn|150
|inactive|saibayman has 20 seconds left this turn.
|inactive|saibayman has 15 seconds left.
|
|t:|1769328612
|switch|p1a: Toxapex|Toxapex, M|99/100 brn
|-damage|p1a: Toxapex|87/100 brn|[from] Stealth Rock
|move|p2a: Gholdengo|Make It Rain|p1a: Toxapex
|-resisted|p1a: Toxapex
|-damage|p1a: Toxapex|66/100 brn
|-unboost|p2a: Gholdengo|spa|1
|
|-damage|p1a: Toxapex|59/100 brn|[from] brn
|upkeep
|turn|151
|inactive|saibayman has 20 seconds left this turn.
|inactive|saibayman has 15 seconds left.
|inactive|saibayman has 10 seconds left.
|
|t:|1769328624
|switch|p2a: Slowking|Slowking-Galar, F|100/100
|switch|p1a: Weezing|Weezing-Galar, F|12/100 brn
|-ability|p1a: Weezing|Neutralizing Gas
|
|-damage|p1a: Weezing|6/100 brn|[from] brn
|upkeep
|turn|152
|inactive|saibayman has 15 seconds left this turn.
|inactive|saibayman has 10 seconds left.
|inactive|saibayman has 5 seconds left.
|c|☆AjaxTheMighty|do i still suck?
|-message|saibayman lost due to inactivity.
|
|win|AjaxTheMighty
|raw|AjaxTheMighty's rating: 1448 &rarr; <strong>1468</strong><br />(+20 for winning)
|raw|saibayman's rating: 1443 &rarr; <strong>1423</strong><br />(-20 for losing)
|l|☆saibayman
|player|p2|
