|j|☆jkjbkbnhnkkjm
|j|☆EddielEMOn
|t:|1769310655
|gametype|singles
|player|p1|jkjbkbnhnkkjm|1|1089
|player|p2|EddielEMOn|n|1088
|gen|9
|tier|[Gen 9] OU
|rated|
|rule|HP Percentage Mod: HP is shown in percentages
|rule|Endless Battle Clause: Forcing endless battles is banned
|rule|Species Clause: Limit one of each Pokémon
|rule|OHKO Clause: OHKO moves are banned
|rule|Evasion Items Clause: Evasion items are banned
|rule|Evasion Moves Clause: Evasion moves are banned
|rule|Evasion Abilities Clause: Evasion abilities are banned
|rule|Sleep Moves Clause: Sleep-inducing moves are banned
|clearpoke
|poke|p1|Ceruledge, F|
|poke|p1|Morpeko, M|
|poke|p1|Sceptile, M|
|poke|p1|Meowstic, M|
|poke|p1|Zamazenta-*|
|poke|p1|Darkrai|
|poke|p2|Hatterene, F|
|poke|p2|Porygon2|
|poke|p2|Cresselia, F|
|poke|p2|Ursaluna, F|
|poke|p2|Volcanion|
|poke|p2|Iron Hands|
|teampreview
|
|t:|1769310728
|teamsize|p1|6
|teamsize|p2|6
|start
|switch|p1a: Ceruledge|Ceruledge, F|100/100
|switch|p2a: Vegetariano|Porygon2, shiny|100/100
|-ability|p2a: Vegetariano|Download|boost
|-boost|p2a: Vegetariano|atk|1
|turn|1
|
|t:|1769310738
|move|p1a: Ceruledge|Swords Dance|p1a: Ceruledge
|-boost|p1a: Ceruledge|atk|2
|move|p2a: Vegetariano|Trick Room|p2a: Vegetariano
|-fieldstart|move: Trick Room|[of] p2a: Vegetariano
|
|upkeep
|turn|2
|
|t:|1769310744
|-terastallize|p2a: Vegetariano|Ground
|move|p2a: Vegetariano|Tera Blast|p1a: Ceruledge|[anim] Tera Blast Ground
|-supereffective|p1a: Ceruledge
|-damage|p1a: Ceruledge|10/100
|move|p1a: Ceruledge|Bitter Blade|p2a: Vegetariano
|-damage|p2a: Vegetariano|27/100
|-heal|p1a: Ceruledge|57/100|[from] drain|[of] p2a: Vegetariano
|-damage|p1a: Ceruledge|47/100|[from] item: Life Orb
|
|upkeep
|turn|3
|
|t:|1769310770
|switch|p1a: Sceptile|Sceptile, M|100/100
|move|p2a: Vegetariano|Tera Blast|p1a: Sceptile|[anim] Tera Blast Ground
|-resisted|p1a: Sceptile
|-damage|p1a: Sceptile|73/100
|
|upkeep
|turn|4
|
|t:|1769310821
|move|p2a: Vegetariano|Ice Beam|p1a: Sceptile
|-supereffective|p1a: Sceptile
|-damage|p1a: Sceptile|0 fnt
|faint|p1a: Sceptile
|
|upkeep
|
|t:|1769310834
|switch|p1a: Zamazenta|Zamazenta|100/100
|-ability|p1a: Zamazenta|Dauntless Shield|boost
|-boost|p1a: Zamazenta|def|1
|turn|5
|
|t:|1769310852
|move|p2a: Vegetariano|Hyper Beam|p1a: Zamazenta
|-damage|p1a: Zamazenta|28/100
|-mustrecharge|p2a: Vegetariano
|move|p1a: Zamazenta|Close Combat|p2a: Vegetariano
|-damage|p2a: Vegetariano|0 fnt
|-unboost|p1a: Zamazenta|def|1
|-unboost|p1a: Zamazenta|spd|1
|faint|p2a: Vegetariano
|
|-fieldend|move: Trick Room
|upkeep
|
|t:|1769310858
|switch|p2a: Astro|Cresselia, F, shiny|100/100
|turn|6
|
|t:|1769310904
|move|p1a: Zamazenta|Close Combat|p2a: Astro
|-resisted|p2a: Astro
|-damage|p2a: Astro|78/100
|-unboost|p1a: Zamazenta|def|1
|-unboost|p1a: Zamazenta|spd|1
|move|p2a: Astro|Trick Room|p2a: Astro
|-fieldstart|move: Trick Room|[of] p2a: Astro
|
|upkeep
|turn|7
|
|t:|1769310918
|switch|p1a: Darkrai|Darkrai|100/100
|move|p2a: Astro|Psychic|p1a: Darkrai
|-immune|p1a: Darkrai
|
|upkeep
|turn|8
|
|t:|1769310928
|move|p2a: Astro|Moonblast|p1a: Darkrai
|-supereffective|p1a: Darkrai
|-damage|p1a: Darkrai|56/100
|-unboost|p1a: Darkrai|spa|1
|move|p1a: Darkrai|Nasty Plot|p1a: Darkrai
|-boost|p1a: Darkrai|spa|2
|
|upkeep
|turn|9
|
|t:|1769310938
|move|p2a: Astro|Moonblast|p1a: Darkrai
|-supereffective|p1a: Darkrai
|-damage|p1a: Darkrai|10/100
|move|p1a: Darkrai|Thunder|p2a: Astro|[miss]
|-miss|p1a: Darkrai|p2a: Astro
|
|upkeep
|turn|10
|
|t:|1769310972
|move|p2a: Astro|Moonblast|p1a: Darkrai
|-supereffective|p1a: Darkrai
|-damage|p1a: Darkrai|0 fnt
|faint|p1a: Darkrai
|
|-fieldend|move: Trick Room
|upkeep
|
|t:|1769310982
|switch|p1a: Morpeko|Morpeko, M|100/100
|turn|11
|
|t:|1769310988
|move|p1a: Morpeko|Crunch|p2a: Astro
|-supereffective|p2a: Astro
|-damage|p2a: Astro|22/100
|move|p2a: Astro|Trick Room|p2a: Astro
|-fieldstart|move: Trick Room|[of] p2a: Astro
|
|-formechange|p1a: Morpeko|Morpeko-Hangry||[from] ability: Hunger Switch
|upkeep
|turn|12
|
|t:|1769311006
|move|p2a: Astro|Moonblast|p1a: Morpeko
|-supereffective|p1a: Morpeko
|-damage|p1a: Morpeko|35/100
|-unboost|p1a: Morpeko|spa|1
|move|p1a: Morpeko|Crunch|p2a: Astro
|-supereffective|p2a: Astro
|-crit|p2a: Astro
|-damage|p2a: Astro|0 fnt
|faint|p2a: Astro
|
|-formechange|p1a: Morpeko|Morpeko||[from] ability: Hunger Switch
|upkeep
|
|t:|1769311011
|switch|p2a: Willyana|Hatterene, F, shiny|100/100
|turn|13
|
|t:|1769311024
|move|p2a: Willyana|Dazzling Gleam|p1a: Morpeko
|-supereffective|p1a: Morpeko
|-damage|p1a: Morpeko|0 fnt
|faint|p1a: Morpeko
|
|upkeep
|
|t:|1769311029
|switch|p1a: Meowstic|Meowstic, M|100/100
|turn|14
|
|t:|1769311050
|move|p1a: Meowstic|Light Screen|p1a: Meowstic
|-sidestart|p1: jkjbkbnhnkkjm|move: Light Screen
|move|p2a: Willyana|Healing Wish|p2a: Willyana
|faint|p2a: Willyana
|
|upkeep
|
|t:|1769311055
|switch|p2a: Palmitas|Iron Hands, shiny|100/100
|-enditem|p2a: Palmitas|Booster Energy
|-activate|p2a: Palmitas|ability: Quark Drive|[fromitem]
|-start|p2a: Palmitas|quarkdriveatk
|turn|15
|
|t:|1769311062
|move|p1a: Meowstic|Reflect|p1a: Meowstic
|-sidestart|p1: jkjbkbnhnkkjm|Reflect
|move|p2a: Palmitas|Swords Dance|p2a: Palmitas
|-boost|p2a: Palmitas|atk|2
|
|-fieldend|move: Trick Room
|upkeep
|turn|16
|
|t:|1769311071
|move|p1a: Meowstic|Psychic|p2a: Palmitas
|-supereffective|p2a: Palmitas
|-damage|p2a: Palmitas|48/100
|move|p2a: Palmitas|Ice Punch|p1a: Meowstic
|-damage|p1a: Meowstic|63/100
|-status|p1a: Meowstic|frz
|
|upkeep
|turn|17
|
|t:|1769311078
|cant|p1a: Meowstic|frz
|move|p2a: Palmitas|Wild Charge|p1a: Meowstic
|-damage|p1a: Meowstic|0 fnt
|faint|p1a: Meowstic
|-damage|p2a: Palmitas|38/100|[from] Recoil
|
|upkeep
|
|t:|1769311092
|switch|p1a: Zamazenta|Zamazenta|28/100
|turn|18
|
|t:|1769311099
|move|p1a: Zamazenta|Close Combat|p2a: Palmitas
|-damage|p2a: Palmitas|0 fnt
|-unboost|p1a: Zamazenta|def|1
|-unboost|p1a: Zamazenta|spd|1
|faint|p2a: Palmitas
|-end|p2a: Palmitas|Quark Drive|[silent]
|
|upkeep
|
|t:|1769311105
|switch|p2a: Dona|Volcanion|100/100
|turn|19
|
|t:|1769311109
|move|p1a: Zamazenta|Close Combat|p2a: Dona
|-damage|p2a: Dona|30/100
|-unboost|p1a: Zamazenta|def|1
|-unboost|p1a: Zamazenta|spd|1
|move|p2a: Dona|Steam Eruption|p1a: Zamazenta
|-crit|p1a: Zamazenta
|-damage|p1a: Zamazenta|0 fnt
|faint|p1a: Zamazenta
|
|upkeep
|
|t:|1769311119
|switch|p1a: Ceruledge|Ceruledge, F|47/100
|turn|20
|
|t:|1769311127
|move|p1a: Ceruledge|Shadow Sneak|p2a: Dona
|-damage|p2a: Dona|8/100
|-damage|p1a: Ceruledge|37/100|[from] item: Life Orb
|move|p2a: Dona|Steam Eruption|p1a: Ceruledge
|-supereffective|p1a: Ceruledge
|-damage|p1a: Ceruledge|0 fnt
|faint|p1a: Ceruledge
|
|win|EddielEMOn
|raw|jkjbkbnhnkkjm's rating: 1089 &rarr; <strong>1066</strong><br />(-23 for losing)
|raw|EddielEMOn's rating: 1088 &rarr; <strong>1115</strong><br />(+27 for winning)
|l|☆jkjbkbnhnkkjm
|player|p1|
