|j|☆Hammez40
|j|☆Braised Leeks
|t:|1769404214
|gametype|singles
|player|p1|Hammez40|harlequin|1243
|player|p2|Braised Leeks|170|1225
|gen|9
|tier|[Gen 9] OU
|rated|
|rule|HP Percentage Mod: HP is shown in percentages
|rule|Endless Battle Clause: Forcing endless battles is banned
|rule|Species Clause: Limit one of each Pokémon
|rule|OHKO Clause: OHKO moves are banned
|rule|Evasion Items Clause: Evasion items are banned
|rule|Evasion Moves Clause: Evasion moves are banned
|rule|Evasion Abilities Clause: Evasion abilities are banned
|rule|Sleep Moves Clause: Sleep-inducing moves are banned
|clearpoke
|poke|p1|Darkrai|
|poke|p1|Iron Crown|
|poke|p1|Quaquaval, M|
|poke|p1|Gliscor, F|
|poke|p1|Florges, F|
|poke|p1|Pecharunt|
|poke|p2|Ogerpon, F|
|poke|p2|Cinderace, M|
|poke|p2|Landorus-Therian, M|
|poke|p2|Raging Bolt|
|poke|p2|Samurott-Hisui, M|
|poke|p2|Pecharunt|
|teampreview
|inactive|Battle timer is ON: inactive players will automatically lose when time's up. (requested by Braised Leeks)
|
|t:|1769404226
|teamsize|p1|6
|teamsize|p2|6
|start
|switch|p1a: bambs|Iron Crown|100/100
|switch|p2a: Landorus|Landorus-Therian, M|100/100
|-ability|p2a: Landorus|Intimidate|boost
|-unboost|p1a: bambs|atk|1
|-enditem|p1a: bambs|Booster Energy
|-activate|p1a: bambs|ability: Quark Drive|[fromitem]
|-start|p1a: bambs|quarkdrivespe
|turn|1
|
|t:|1769404240
|-end|p1a: bambs|Quark Drive|[silent]
|switch|p1a: bat|Gliscor, F|100/100
|move|p2a: Landorus|Stealth Rock|p1a: bat
|-sidestart|p1: Hammez40|move: Stealth Rock
|
|-status|p1a: bat|tox|[from] item: Toxic Orb
|upkeep
|turn|2
|
|t:|1769404260
|move|p2a: Landorus|Taunt|p1a: bat
|-start|p1a: bat|move: Taunt
|cant|p1a: bat|move: Taunt|Stealth Rock
|
|upkeep
|turn|3
|
|t:|1769404269
|switch|p1a: elton|Quaquaval, M, shiny|100/100
|-damage|p1a: elton|94/100|[from] Stealth Rock
|move|p2a: Landorus|U-turn|p1a: elton
|-resisted|p1a: elton
|-crit|p1a: elton
|-damage|p1a: elton|75/100
|
|t:|1769404278
|switch|p2a: Pecharunt|Pecharunt|100/100|[from] U-turn
|
|-heal|p1a: elton|81/100|[from] item: Leftovers
|upkeep
|turn|4
|
|t:|1769404298
|switch|p1a: rosatia|Florges, F, shiny|100/100
|-damage|p1a: rosatia|88/100|[from] Stealth Rock
|move|p2a: Pecharunt|Malignant Chain|p1a: rosatia
|-supereffective|p1a: rosatia
|-damage|p1a: rosatia|58/100
|
|-heal|p1a: rosatia|64/100|[from] item: Leftovers
|upkeep
|turn|5
|
|t:|1769404312
|move|p2a: Pecharunt|Malignant Chain|p1a: rosatia
|-supereffective|p1a: rosatia
|-damage|p1a: rosatia|30/100
|-status|p1a: rosatia|tox
|-start|p1a: rosatia|confusion|[from] ability: Poison Puppeteer|[of] p2a: Pecharunt
|-activate|p1a: rosatia|confusion
|move|p1a: rosatia|Psychic Noise|p2a: Pecharunt
|-supereffective|p2a: Pecharunt
|-damage|p2a: Pecharunt|60/100
|-start|p2a: Pecharunt|move: Heal Block
|
|-heal|p1a: rosatia|36/100 tox|[from] item: Leftovers
|-damage|p1a: rosatia|30/100 tox|[from] psn
|upkeep
|turn|6
|
|t:|1769404328
|move|p2a: Pecharunt|Malignant Chain|p1a: rosatia
|-supereffective|p1a: rosatia
|-damage|p1a: rosatia|1/100 tox
|-activate|p1a: rosatia|confusion
|move|p1a: rosatia|Alluring Voice|p2a: Pecharunt
|-resisted|p2a: Pecharunt
|-damage|p2a: Pecharunt|45/100
|
|-heal|p1a: rosatia|7/100 tox|[from] item: Leftovers
|-damage|p1a: rosatia|0 fnt|[from] psn
|faint|p1a: rosatia
|-end|p2a: Pecharunt|move: Heal Block
|upkeep
|inactive|Hammez40 has 120 seconds left.
|
|t:|1769404348
|switch|p1a: bambs|Iron Crown|100/100
|-damage|p1a: bambs|94/100|[from] Stealth Rock
|turn|7
|
|t:|1769404363
|switch|p2a: Cinderace|Cinderace, M|100/100
|move|p1a: bambs|Calm Mind|p1a: bambs
|-boost|p1a: bambs|spa|1
|-boost|p1a: bambs|spd|1
|
|upkeep
|turn|8
|
|t:|1769404377
|-terastallize|p1a: bambs|Flying
|move|p2a: Cinderace|Pyro Ball|p1a: bambs
|-damage|p1a: bambs|34/100
|-status|p1a: bambs|brn
|move|p1a: bambs|Tachyon Cutter|p2a: Cinderace
|-resisted|p2a: Cinderace
|-damage|p2a: Cinderace|75/100
|-resisted|p2a: Cinderace
|-damage|p2a: Cinderace|50/100
|-hitcount|p2a: Cinderace|2
|
|-damage|p1a: bambs|28/100 brn|[from] brn
|upkeep
|turn|9
|inactive|Hammez40 has 120 seconds left.
|
|t:|1769404396
|-end|p1a: bambs|Quark Drive|[silent]
|switch|p1a: dayman wayans|Pecharunt|100/100
|move|p2a: Cinderace|Pyro Ball|p1a: dayman wayans
|-damage|p1a: dayman wayans|71/100
|
|upkeep
|turn|10
|inactive|Hammez40 has 120 seconds left.
|
|t:|1769404406
|move|p2a: Cinderace|U-turn|p1a: dayman wayans
|-start|p2a: Cinderace|typechange|Bug|[from] ability: Libero
|-resisted|p1a: dayman wayans
|-damage|p1a: dayman wayans|67/100
|
|t:|1769404412
|switch|p2a: Samurott|Samurott-Hisui, M|100/100|[from] U-turn
|move|p1a: dayman wayans|Foul Play|p2a: Samurott
|-resisted|p2a: Samurott
|-damage|p2a: Samurott|82/100
|
|upkeep
|turn|11
|
|t:|1769404421
|move|p2a: Samurott|Ceaseless Edge|p1a: dayman wayans
|-supereffective|p1a: dayman wayans
|-damage|p1a: dayman wayans|29/100
|-sidestart|p1: Hammez40|Spikes
|move|p1a: dayman wayans|Malignant Chain|p2a: Samurott
|-damage|p2a: Samurott|36/100
|-status|p2a: Samurott|tox
|-start|p2a: Samurott|confusion|[from] ability: Poison Puppeteer|[of] p1a: dayman wayans
|
|-damage|p2a: Samurott|30/100 tox|[from] psn
|upkeep
|turn|12
|
|t:|1769404438
|switch|p2a: Pecharunt|Pecharunt|45/100
|move|p1a: dayman wayans|Recover|p1a: dayman wayans
|-heal|p1a: dayman wayans|79/100
|
|upkeep
|turn|13
|
|t:|1769404447
|move|p2a: Pecharunt|Recover|p2a: Pecharunt
|-heal|p2a: Pecharunt|95/100
|move|p1a: dayman wayans|Parting Shot|p2a: Pecharunt
|-unboost|p2a: Pecharunt|atk|1
|-unboost|p2a: Pecharunt|spa|1
|
|t:|1769404461
|switch|p1a: Darius|Darkrai, shiny|100/100|[from] Parting Shot
|-damage|p1a: Darius|88/100|[from] Stealth Rock
|-damage|p1a: Darius|76/100|[from] Spikes
|
|upkeep
|turn|14
|
|t:|1769404486
|switch|p2a: Ogerpon|Ogerpon, F|100/100
|move|p1a: Darius|Dark Pulse|p2a: Ogerpon
|-damage|p2a: Ogerpon|21/100
|
|upkeep
|turn|15
|inactive|Braised Leeks has 120 seconds left.
|
|t:|1769404504
|-terastallize|p2a: Ogerpon|Grass
|detailschange|p2a: Ogerpon|Ogerpon-Teal-Tera, F, tera:Grass
|-ability|p2a: Ogerpon|Embody Aspect (Teal)|boost
|-boost|p2a: Ogerpon|spe|1
|move|p2a: Ogerpon|Ivy Cudgel|p1a: Darius
|-damage|p1a: Darius|0 fnt
|faint|p1a: Darius
|
|upkeep
|
|t:|1769404519
|switch|p1a: elton|Quaquaval, M, shiny|81/100
|-damage|p1a: elton|75/100|[from] Stealth Rock
|-damage|p1a: elton|62/100|[from] Spikes
|turn|16
|
|t:|1769404525
|move|p1a: elton|Aqua Jet|p2a: Ogerpon
|-resisted|p2a: Ogerpon
|-damage|p2a: Ogerpon|9/100
|move|p2a: Ogerpon|Ivy Cudgel|p1a: elton
|-supereffective|p1a: elton
|-damage|p1a: elton|0 fnt
|faint|p1a: elton
|
|upkeep
|inactive|Hammez40 has 120 seconds left.
|-message|Hammez40 forfeited.
|
|win|Braised Leeks
|raw|Hammez40's rating: 1243 &rarr; <strong>1217</strong><br />(-26 for losing)
|raw|Braised Leeks's rating: 1225 &rarr; <strong>1251</strong><br />(+26 for winning)
|l|☆Hammez40
|player|p1|
|l|☆Braised Leeks
|player|p2|
