|j|☆Princemonkey
|j|☆Noctaiii
|t:|1769361073
|gametype|singles
|player|p1|Princemonkey|101|1278
|player|p2|Noctaiii|wallace|1255
|gen|9
|tier|[Gen 9] OU
|rated|
|rule|HP Percentage Mod: HP is shown in percentages
|rule|Endless Battle Clause: Forcing endless battles is banned
|rule|Species Clause: Limit one of each Pokémon
|rule|OHKO Clause: OHKO moves are banned
|rule|Evasion Items Clause: Evasion items are banned
|rule|Evasion Moves Clause: Evasion moves are banned
|rule|Evasion Abilities Clause: Evasion abilities are banned
|rule|Sleep Moves Clause: Sleep-inducing moves are banned
|clearpoke
|poke|p1|Alomomola, F|
|poke|p1|Tyranitar, F|
|poke|p1|Hydrapple, M|
|poke|p1|Garganacl, M|
|poke|p1|Enamorus, F|
|poke|p1|Excadrill, F|
|poke|p2|Deoxys-Speed|
|poke|p2|Great Tusk|
|poke|p2|Slowking-Galar, M|
|poke|p2|Rotom-Wash|
|poke|p2|Ogerpon-Cornerstone, F|
|poke|p2|Corviknight, M|
|teampreview
|
|t:|1769361085
|teamsize|p1|6
|teamsize|p2|6
|start
|switch|p1a: Tyranitar|Tyranitar, F|100/100
|switch|p2a: Rotom|Rotom-Wash|100/100
|-weather|Sandstorm|[from] ability: Sand Stream|[of] p1a: Tyranitar
|turn|1
|
|t:|1769361094
|move|p2a: Rotom|Hydro Pump|p1a: Tyranitar
|-supereffective|p1a: Tyranitar
|-damage|p1a: Tyranitar|32/100
|move|p1a: Tyranitar|Knock Off|p2a: Rotom
|-damage|p2a: Rotom|0 fnt
|-enditem|p2a: Rotom|Choice Scarf|[from] move: Knock Off|[of] p1a: Tyranitar
|faint|p2a: Rotom
|
|-weather|Sandstorm|[upkeep]
|upkeep
|
|t:|1769361112
|switch|p2a: Deoxys|Deoxys-Speed, shiny|100/100
|-ability|p2a: Deoxys|Pressure
|turn|2
|
|t:|1769361115
|switch|p1a: Alomomola|Alomomola, F|100/100
|move|p2a: Deoxys|Ice Beam|p1a: Alomomola
|-resisted|p1a: Alomomola
|-damage|p1a: Alomomola|94/100
|
|-weather|Sandstorm|[upkeep]
|-damage|p2a: Deoxys|94/100|[from] Sandstorm
|-damage|p1a: Alomomola|88/100|[from] Sandstorm
|upkeep
|turn|3
|inactive|Battle timer is ON: inactive players will automatically lose when time's up. (requested by Noctaiii)
|
|t:|1769361127
|move|p2a: Deoxys|Thunderbolt|p1a: Alomomola
|-supereffective|p1a: Alomomola
|-damage|p1a: Alomomola|60/100
|move|p1a: Alomomola|Scald|p2a: Deoxys
|-damage|p2a: Deoxys|71/100
|
|-weather|Sandstorm|[upkeep]
|-damage|p2a: Deoxys|64/100|[from] Sandstorm
|-damage|p1a: Alomomola|54/100|[from] Sandstorm
|upkeep
|turn|4
|
|t:|1769361132
|move|p2a: Deoxys|Psycho Boost|p1a: Alomomola
|-crit|p1a: Alomomola
|-damage|p1a: Alomomola|3/100
|-unboost|p2a: Deoxys|spa|2
|-enditem|p2a: Deoxys|Eject Pack
|
|t:|1769361137
|switch|p2a: Corviknight|Corviknight, M|100/100
|move|p1a: Alomomola|Flip Turn|p2a: Corviknight
|-damage|p2a: Corviknight|87/100
|
|t:|1769361148
|switch|p1a: Tyranitar|Tyranitar, F|32/100|[from] Flip Turn
|
|-weather|Sandstorm|[upkeep]
|-heal|p2a: Corviknight|93/100|[from] item: Leftovers
|upkeep
|turn|5
|c|☆Noctaiii|Ur so bad
|c|☆Noctaiii|playing semi stall
|c|☆Noctaiii|Get a life
|
|t:|1769361162
|move|p1a: Tyranitar|Knock Off|p2a: Corviknight
|-damage|p2a: Corviknight|22/100
|-enditem|p2a: Corviknight|Leftovers|[from] move: Knock Off|[of] p1a: Tyranitar
|move|p2a: Corviknight|Iron Defense|p2a: Corviknight
|-boost|p2a: Corviknight|def|2
|
|-weather|none
|upkeep
|turn|6
|c|☆Princemonkey|huh? wdym?
|
|t:|1769361173
|switch|p1a: Hydrapple|Hydrapple, M|100/100
|move|p2a: Corviknight|Roost|p2a: Corviknight
|-heal|p2a: Corviknight|72/100
|-singleturn|p2a: Corviknight|move: Roost
|
|upkeep
|turn|7
|
|t:|1769361186
|move|p2a: Corviknight|Body Press|p1a: Hydrapple
|-damage|p1a: Hydrapple|79/100
|-damage|p2a: Corviknight|56/100|[from] item: Rocky Helmet|[of] p1a: Hydrapple
|move|p1a: Hydrapple|Nasty Plot|p1a: Hydrapple
|-boost|p1a: Hydrapple|spa|2
|
|upkeep
|turn|8
|
|t:|1769361195
|move|p2a: Corviknight|U-turn|p1a: Hydrapple
|-supereffective|p1a: Hydrapple
|-crit|p1a: Hydrapple
|-damage|p1a: Hydrapple|57/100
|-damage|p2a: Corviknight|39/100|[from] item: Rocky Helmet|[of] p1a: Hydrapple
|
|t:|1769361203
|switch|p2a: Slowking|Slowking-Galar, M|100/100|[from] U-turn
|move|p1a: Hydrapple|Fickle Beam|p2a: Slowking|[anim] Fickle Beam All Out
|-activate|p1a: Hydrapple|move: Fickle Beam
|-damage|p2a: Slowking|29/100
|
|upkeep
|turn|9
|
|t:|1769361216
|move|p1a: Hydrapple|Fickle Beam|p2a: Slowking
|-damage|p2a: Slowking|0 fnt
|faint|p2a: Slowking
|
|upkeep
|
|t:|1769361218
|switch|p2a: Deoxys|Deoxys-Speed, shiny|64/100
|-ability|p2a: Deoxys|Pressure
|turn|10
|
|t:|1769361232
|switch|p1a: Alomomola|Alomomola, F|36/100
|move|p2a: Deoxys|Ice Beam|p1a: Alomomola
|-resisted|p1a: Alomomola
|-damage|p1a: Alomomola|29/100
|
|upkeep
|turn|11
|c|☆Noctaiii|Wd I mean ? Ur fckg nerd ass team
|c|☆Noctaiii|for 5 years old players
|
|t:|1769361256
|switch|p1a: Garganacl|Garganacl, M|100/100
|move|p2a: Deoxys|Psycho Boost|p1a: Garganacl
|-damage|p1a: Garganacl|59/100
|-unboost|p2a: Deoxys|spa|2
|
|-heal|p1a: Garganacl|65/100|[from] item: Leftovers
|upkeep
|turn|12
|
|t:|1769361260
|move|p2a: Deoxys|Knock Off|p1a: Garganacl
|-damage|p1a: Garganacl|52/100
|-enditem|p1a: Garganacl|Leftovers|[from] move: Knock Off|[of] p2a: Deoxys
|move|p1a: Garganacl|Stealth Rock|p2a: Deoxys
|-sidestart|p2: Noctaiii|move: Stealth Rock
|
|upkeep
|turn|13
|
|t:|1769361271
|switch|p2a: Corviknight|Corviknight, M|39/100
|-damage|p2a: Corviknight|27/100|[from] Stealth Rock
|move|p1a: Garganacl|Recover|p1a: Garganacl
|-heal|p1a: Garganacl|100/100
|
|upkeep
|turn|14
|
|t:|1769361278
|move|p2a: Corviknight|Roost|p2a: Corviknight
|-heal|p2a: Corviknight|77/100
|-singleturn|p2a: Corviknight|move: Roost
|move|p1a: Garganacl|Salt Cure|p2a: Corviknight
|-resisted|p2a: Corviknight
|-damage|p2a: Corviknight|72/100
|-start|p2a: Corviknight|Salt Cure
|
|-damage|p2a: Corviknight|47/100|[from] Salt Cure
|upkeep
|turn|15
|
|t:|1769361288
|move|p2a: Corviknight|Roost|p2a: Corviknight
|-heal|p2a: Corviknight|97/100
|-singleturn|p2a: Corviknight|move: Roost
|move|p1a: Garganacl|Salt Cure|p2a: Corviknight
|-resisted|p2a: Corviknight
|-damage|p2a: Corviknight|91/100
|
|-damage|p2a: Corviknight|66/100|[from] Salt Cure
|upkeep
|turn|16
|
|t:|1769361298
|switch|p1a: Alomomola|Alomomola, F|62/100
|move|p2a: Corviknight|Iron Defense|p2a: Corviknight
|-boost|p2a: Corviknight|def|2
|
|-damage|p2a: Corviknight|41/100|[from] Salt Cure
|upkeep
|turn|17
|
|t:|1769361308
|move|p2a: Corviknight|Roost|p2a: Corviknight
|-heal|p2a: Corviknight|91/100
|-singleturn|p2a: Corviknight|move: Roost
|move|p1a: Alomomola|Flip Turn|p2a: Corviknight
|-damage|p2a: Corviknight|85/100
|
|t:|1769361320
|switch|p1a: Hydrapple|Hydrapple, M|90/100|[from] Flip Turn
|
|-damage|p2a: Corviknight|60/100|[from] Salt Cure
|upkeep
|turn|18
|
|t:|1769361328
|move|p2a: Corviknight|U-turn|p1a: Hydrapple
|-supereffective|p1a: Hydrapple
|-damage|p1a: Hydrapple|74/100
|-damage|p2a: Corviknight|44/100|[from] item: Rocky Helmet|[of] p1a: Hydrapple
|
|t:|1769361336
|switch|p2a: Deoxys|Deoxys-Speed, shiny|64/100|[from] U-turn
|-damage|p2a: Deoxys|52/100|[from] Stealth Rock
|-ability|p2a: Deoxys|Pressure
|move|p1a: Hydrapple|Nasty Plot|p1a: Hydrapple
|-boost|p1a: Hydrapple|spa|2
|
|upkeep
|turn|19
|
|t:|1769361353
|-terastallize|p1a: Hydrapple|Poison
|move|p2a: Deoxys|Thunderbolt|p1a: Hydrapple
|-damage|p1a: Hydrapple|50/100
|-status|p1a: Hydrapple|par
|move|p1a: Hydrapple|Giga Drain|p2a: Deoxys
|-damage|p2a: Deoxys|0 fnt
|-heal|p1a: Hydrapple|65/100 par|[from] drain|[of] p2a: Deoxys
|faint|p2a: Deoxys
|
|upkeep
|
|t:|1769361358
|switch|p2a: Great Tusk|Great Tusk|100/100
|-damage|p2a: Great Tusk|98/100|[from] Stealth Rock
|-enditem|p2a: Great Tusk|Booster Energy
|-activate|p2a: Great Tusk|ability: Protosynthesis|[fromitem]
|-start|p2a: Great Tusk|protosynthesisdef
|turn|20
|
|t:|1769361363
|move|p2a: Great Tusk|Earthquake|p1a: Hydrapple
|-supereffective|p1a: Hydrapple
|-damage|p1a: Hydrapple|13/100 par
|move|p1a: Hydrapple|Giga Drain|p2a: Great Tusk
|-supereffective|p2a: Great Tusk
|-damage|p2a: Great Tusk|0 fnt
|-heal|p1a: Hydrapple|56/100 par|[from] drain|[of] p2a: Great Tusk
|faint|p2a: Great Tusk
|-end|p2a: Great Tusk|Protosynthesis|[silent]
|
|upkeep
|
|t:|1769361367
|switch|p2a: Ogerpon|Ogerpon-Cornerstone, F|100/100
|-damage|p2a: Ogerpon|88/100|[from] Stealth Rock
|turn|21
|
|t:|1769361373
|-terastallize|p2a: Ogerpon|Rock
|detailschange|p2a: Ogerpon|Ogerpon-Cornerstone-Tera, F, tera:Rock
|-ability|p2a: Ogerpon|Embody Aspect (Cornerstone)|boost
|-boost|p2a: Ogerpon|def|1
|move|p2a: Ogerpon|Ivy Cudgel|p1a: Hydrapple|[anim] Ivy Cudgel Rock
|-damage|p1a: Hydrapple|12/100 par
|cant|p1a: Hydrapple|par
|
|upkeep
|turn|22
|
|t:|1769361385
|move|p2a: Ogerpon|Ivy Cudgel|p1a: Hydrapple|[anim] Ivy Cudgel Rock
|-damage|p1a: Hydrapple|0 fnt
|faint|p1a: Hydrapple
|
|upkeep
|
|t:|1769361400
|switch|p1a: Enamorus|Enamorus, F|100/100
|turn|23
|
|t:|1769361404
|move|p1a: Enamorus|Earth Power|p2a: Ogerpon
|-supereffective|p2a: Ogerpon
|-damage|p2a: Ogerpon|4/100
|move|p2a: Ogerpon|Ivy Cudgel|p1a: Enamorus|[anim] Ivy Cudgel Rock
|-supereffective|p1a: Enamorus
|-damage|p1a: Enamorus|0 fnt
|faint|p1a: Enamorus
|
|upkeep
|
|t:|1769361414
|switch|p1a: Alomomola|Alomomola, F|95/100
|turn|24
|
|t:|1769361418
|move|p2a: Ogerpon|Power Whip|p1a: Alomomola
|-supereffective|p1a: Alomomola
|-damage|p1a: Alomomola|2/100
|move|p1a: Alomomola|Flip Turn|p2a: Ogerpon
|-supereffective|p2a: Ogerpon
|-damage|p2a: Ogerpon|0 fnt
|faint|p2a: Ogerpon
|detailschange|p2: Ogerpon|Ogerpon-Cornerstone, F|[silent]
|
|t:|1769361425
|switch|p1a: Tyranitar|Tyranitar, F|32/100|[from] Flip Turn
|-weather|Sandstorm|[from] ability: Sand Stream|[of] p1a: Tyranitar
|
|-weather|Sandstorm|[upkeep]
|upkeep
|
|t:|1769361429
|switch|p2a: Corviknight|Corviknight, M|44/100
|-damage|p2a: Corviknight|31/100|[from] Stealth Rock
|turn|25
|
|t:|1769361436
|move|p1a: Tyranitar|Knock Off|p2a: Corviknight
|-damage|p2a: Corviknight|0 fnt
|faint|p2a: Corviknight
|
|win|Princemonkey
