|j|☆garbagery
|j|☆okbuddychingling
|t:|1769318854
|gametype|singles
|player|p1|garbagery|mela|1531
|player|p2|okbuddychingling|gambler|1495
|gen|9
|tier|[Gen 9] OU
|rated|
|rule|HP Percentage Mod: HP is shown in percentages
|rule|Endless Battle Clause: Forcing endless battles is banned
|rule|Species Clause: Limit one of each Pokémon
|rule|OHKO Clause: OHKO moves are banned
|rule|Evasion Items Clause: Evasion items are banned
|rule|Evasion Moves Clause: Evasion moves are banned
|rule|Evasion Abilities Clause: Evasion abilities are banned
|rule|Sleep Moves Clause: Sleep-inducing moves are banned
|clearpoke
|poke|p1|Empoleon, F|
|poke|p1|Zamazenta-*|
|poke|p1|Moltres|
|poke|p1|Tyranitar, M|
|poke|p1|Excadrill, F|
|poke|p1|Ogerpon-Wellspring, F|
|poke|p2|Iron Crown|
|poke|p2|Zamazenta-*|
|poke|p2|Great Tusk|
|poke|p2|Kingambit, F|
|poke|p2|Enamorus, F|
|poke|p2|Ogerpon-Wellspring, F|
|teampreview
|inactive|Battle timer is ON: inactive players will automatically lose when time's up. (requested by okbuddychingling)
|
|t:|1769318867
|teamsize|p1|6
|teamsize|p2|6
|start
|switch|p1a: Empoleon|Empoleon, F|100/100
|switch|p2a: Lord of the Flies|Zamazenta|100/100
|-ability|p2a: Lord of the Flies|Dauntless Shield|boost
|-boost|p2a: Lord of the Flies|def|1
|turn|1
|
|t:|1769318875
|switch|p1a: Moltres|Moltres|100/100
|move|p2a: Lord of the Flies|Body Press|p1a: Moltres
|-resisted|p1a: Moltres
|-damage|p1a: Moltres|82/100
|
|upkeep
|turn|2
|
|t:|1769318880
|move|p2a: Lord of the Flies|Light Screen|p2a: Lord of the Flies
|-sidestart|p2: okbuddychingling|move: Light Screen
|move|p1a: Moltres|U-turn|p2a: Lord of the Flies
|-resisted|p2a: Lord of the Flies
|-damage|p2a: Lord of the Flies|97/100
|
|t:|1769318889
|switch|p1a: Empoleon|Empoleon, F|100/100|[from] U-turn
|
|upkeep
|turn|3
|
|t:|1769318892
|move|p2a: Lord of the Flies|Reflect|p2a: Lord of the Flies
|-sidestart|p2: okbuddychingling|Reflect
|move|p1a: Empoleon|Stealth Rock|p2a: Lord of the Flies
|-sidestart|p2: okbuddychingling|move: Stealth Rock
|
|upkeep
|turn|4
|
|t:|1769318898
|move|p2a: Lord of the Flies|Body Press|p1a: Empoleon
|-supereffective|p1a: Empoleon
|-damage|p1a: Empoleon|0 fnt
|faint|p1a: Empoleon
|
|upkeep
|
|t:|1769318902
|switch|p1a: Moltres|Moltres|82/100
|turn|5
|
|t:|1769318922
|switch|p2a: Goldwing|Iron Crown|100/100
|-damage|p2a: Goldwing|94/100|[from] Stealth Rock
|-enditem|p2a: Goldwing|Booster Energy
|-activate|p2a: Goldwing|ability: Quark Drive|[fromitem]
|-start|p2a: Goldwing|quarkdrivespa
|move|p1a: Moltres|U-turn|p2a: Goldwing
|-damage|p2a: Goldwing|88/100
|
|t:|1769318947
|switch|p1a: Tyranitar|Tyranitar, M|100/100|[from] U-turn
|-weather|Sandstorm|[from] ability: Sand Stream|[of] p1a: Tyranitar
|
|-weather|Sandstorm|[upkeep]
|upkeep
|turn|6
|
|t:|1769318951
|switch|p1a: Excadrill|Excadrill, F|100/100
|-item|p1a: Excadrill|Air Balloon
|move|p2a: Goldwing|Agility|p2a: Goldwing
|-boost|p2a: Goldwing|spe|2
|
|-weather|Sandstorm|[upkeep]
|upkeep
|turn|7
|
|t:|1769318970
|-terastallize|p2a: Goldwing|Fighting
|move|p1a: Excadrill|Earthquake|p2a: Goldwing
|-damage|p2a: Goldwing|62/100
|move|p2a: Goldwing|Agility|p2a: Goldwing
|-boost|p2a: Goldwing|spe|2
|
|-weather|Sandstorm|[upkeep]
|-damage|p2a: Goldwing|56/100|[from] Sandstorm
|upkeep
|turn|8
|
|t:|1769318977
|move|p2a: Goldwing|Focus Blast|p1a: Excadrill
|-supereffective|p1a: Excadrill
|-damage|p1a: Excadrill|0 fnt
|-enditem|p1a: Excadrill|Air Balloon
|faint|p1a: Excadrill
|
|-weather|Sandstorm|[upkeep]
|-damage|p2a: Goldwing|50/100|[from] Sandstorm
|upkeep
|-message|garbagery forfeited.
|
|win|okbuddychingling
|raw|garbagery's rating: 1531 &rarr; <strong>1509</strong><br />(-22 for losing)
|raw|okbuddychingling's rating: 1495 &rarr; <strong>1517</strong><br />(+22 for winning)
|l|☆garbagery
|player|p1|
|l|☆okbuddychingling
|player|p2|
