|j|☆Auburn Hills
|j|☆legaleyeze
|t:|1769367667
|gametype|singles
|player|p1|Auburn Hills|alder|1703
|player|p2|legaleyeze|102|1694
|gen|9
|tier|[Gen 9] OU
|rated|
|rule|HP Percentage Mod: HP is shown in percentages
|rule|Endless Battle Clause: Forcing endless battles is banned
|rule|Species Clause: Limit one of each Pokémon
|rule|OHKO Clause: OHKO moves are banned
|rule|Evasion Items Clause: Evasion items are banned
|rule|Evasion Moves Clause: Evasion moves are banned
|rule|Evasion Abilities Clause: Evasion abilities are banned
|rule|Sleep Moves Clause: Sleep-inducing moves are banned
|clearpoke
|poke|p1|Iron Moth|
|poke|p1|Umbreon, F|
|poke|p1|Garchomp, M|
|poke|p1|Glimmora, F|
|poke|p1|Gholdengo|
|poke|p1|Dragonite, M|
|poke|p2|Great Tusk|
|poke|p2|Kingambit, F|
|poke|p2|Venusaur, F|
|poke|p2|Walking Wake|
|poke|p2|Corviknight, F|
|poke|p2|Torkoal, F|
|teampreview
|
|t:|1769367674
|teamsize|p1|6
|teamsize|p2|6
|start
|switch|p1a: Julia Jacklin|Glimmora, F|100/100
|switch|p2a: Great Tusk|Great Tusk|100/100
|turn|1
|
|t:|1769367679
|-end|p2a: Great Tusk|Protosynthesis|[silent]
|switch|p2a: Corviknight|Corviknight, F|100/100
|-ability|p2a: Corviknight|Pressure
|move|p1a: Julia Jacklin|Mortal Spin|p2a: Corviknight
|-immune|p2a: Corviknight
|
|upkeep
|turn|2
|inactive|Battle timer is ON: inactive players will automatically lose when time's up. (requested by legaleyeze)
|
|t:|1769367684
|move|p1a: Julia Jacklin|Stealth Rock|p2a: Corviknight
|-sidestart|p2: legaleyeze|move: Stealth Rock
|move|p2a: Corviknight|U-turn|p1a: Julia Jacklin
|-resisted|p1a: Julia Jacklin
|-damage|p1a: Julia Jacklin|92/100
|-activate|p1a: Julia Jacklin|ability: Toxic Debris
|-sidestart|p2: legaleyeze|move: Toxic Spikes
|
|t:|1769367687
|switch|p2a: Venusaur|Venusaur, F|100/100|[from] U-turn
|-damage|p2a: Venusaur|88/100|[from] Stealth Rock
|-sideend|p2: legaleyeze|move: Toxic Spikes|[of] p2a: Venusaur
|
|upkeep
|turn|3
|
|t:|1769367691
|switch|p2a: Great Tusk|Great Tusk|100/100
|-damage|p2a: Great Tusk|98/100|[from] Stealth Rock
|move|p1a: Julia Jacklin|Sludge Wave|p2a: Great Tusk
|-resisted|p2a: Great Tusk
|-damage|p2a: Great Tusk|62/100
|
|upkeep
|turn|4
|
|t:|1769367697
|move|p2a: Great Tusk|Headlong Rush|p1a: Julia Jacklin
|-supereffective|p1a: Julia Jacklin
|-damage|p1a: Julia Jacklin|0 fnt
|-unboost|p2a: Great Tusk|def|1
|-unboost|p2a: Great Tusk|spd|1
|-activate|p1a: Julia Jacklin|ability: Toxic Debris
|-sidestart|p2: legaleyeze|move: Toxic Spikes
|faint|p1a: Julia Jacklin
|
|upkeep
|
|t:|1769367700
|switch|p1a: Carly Rae|Iron Moth|100/100
|-enditem|p1a: Carly Rae|Booster Energy
|-activate|p1a: Carly Rae|ability: Quark Drive|[fromitem]
|-start|p1a: Carly Rae|quarkdrivespe
|turn|5
|
|t:|1769367703
|move|p1a: Carly Rae|Fiery Dance|p2a: Great Tusk
|-damage|p2a: Great Tusk|0 fnt
|-boost|p1a: Carly Rae|spa|1
|faint|p2a: Great Tusk
|-end|p2a: Great Tusk|Protosynthesis|[silent]
|
|upkeep
|
|t:|1769367708
|switch|p2a: Torkoal|Torkoal, F|100/100
|-damage|p2a: Torkoal|76/100|[from] Stealth Rock
|-status|p2a: Torkoal|psn
|-weather|SunnyDay|[from] ability: Drought|[of] p2a: Torkoal
|turn|6
|
|t:|1769367717
|switch|p2a: Corviknight|Corviknight, F|100/100
|-damage|p2a: Corviknight|88/100|[from] Stealth Rock
|-ability|p2a: Corviknight|Pressure
|move|p1a: Carly Rae|Fiery Dance|p2a: Corviknight
|-supereffective|p2a: Corviknight
|-damage|p2a: Corviknight|0 fnt
|-boost|p1a: Carly Rae|spa|1
|faint|p2a: Corviknight
|
|-weather|SunnyDay|[upkeep]
|upkeep
|
|t:|1769367720
|switch|p2a: Venusaur|Venusaur, F|88/100
|-damage|p2a: Venusaur|76/100|[from] Stealth Rock
|-sideend|p2: legaleyeze|move: Toxic Spikes|[of] p2a: Venusaur
|turn|7
|
|t:|1769367725
|-terastallize|p1a: Carly Rae|Fairy
|move|p2a: Venusaur|Earthquake|p1a: Carly Rae
|-damage|p1a: Carly Rae|66/100
|-damage|p2a: Venusaur|66/100|[from] item: Life Orb
|move|p1a: Carly Rae|Discharge|p2a: Venusaur
|-resisted|p2a: Venusaur
|-damage|p2a: Venusaur|35/100
|-status|p2a: Venusaur|par
|
|-weather|SunnyDay|[upkeep]
|upkeep
|turn|8
|
|t:|1769367730
|move|p1a: Carly Rae|Fiery Dance|p2a: Venusaur
|-supereffective|p2a: Venusaur
|-damage|p2a: Venusaur|0 fnt
|faint|p2a: Venusaur
|
|-weather|SunnyDay|[upkeep]
|upkeep
|
|t:|1769367733
|switch|p2a: Walking Wake|Walking Wake|100/100
|-damage|p2a: Walking Wake|88/100|[from] Stealth Rock
|-activate|p2a: Walking Wake|ability: Protosynthesis
|-start|p2a: Walking Wake|protosynthesisspe
|turn|9
|
|t:|1769367735
|-terastallize|p2a: Walking Wake|Fairy
|move|p1a: Carly Rae|Dazzling Gleam|p2a: Walking Wake
|-damage|p2a: Walking Wake|0 fnt
|faint|p2a: Walking Wake
|-end|p2a: Walking Wake|Protosynthesis|[silent]
|
|-weather|SunnyDay|[upkeep]
|upkeep
|-message|legaleyeze forfeited.
|
|win|Auburn Hills
|raw|Auburn Hills's rating: 1703 &rarr; <strong>1722</strong><br />(+19 for winning)
|raw|legaleyeze's rating: 1694 &rarr; <strong>1675</strong><br />(-19 for losing)
|l|☆legaleyeze
|player|p2|
|l|☆Auburn Hills
|player|p1|
