|j|‽LT_Alt1
|j|☆1colour
|t:|1769394345
|gametype|singles
|player|p1|LT_Alt1|169|1639
|player|p2|1colour|parasollady|1610
|gen|9
|tier|[Gen 9] OU
|rated|
|rule|HP Percentage Mod: HP is shown in percentages
|rule|Endless Battle Clause: Forcing endless battles is banned
|rule|Species Clause: Limit one of each Pokémon
|rule|OHKO Clause: OHKO moves are banned
|rule|Evasion Items Clause: Evasion items are banned
|rule|Evasion Moves Clause: Evasion moves are banned
|rule|Evasion Abilities Clause: Evasion abilities are banned
|rule|Sleep Moves Clause: Sleep-inducing moves are banned
|clearpoke
|poke|p1|Darkrai|
|poke|p1|Slowking-Galar, F|
|poke|p1|Gholdengo|
|poke|p1|Iron Treads|
|poke|p1|Raging Bolt|
|poke|p1|Gliscor, F|
|poke|p2|Cinderace, M|
|poke|p2|Ambipom, M|
|poke|p2|Samurott-Hisui, F|
|poke|p2|Slowking-Galar, F|
|poke|p2|Kyurem|
|poke|p2|Iron Treads|
|teampreview
|
|t:|1769394357
|teamsize|p1|6
|teamsize|p2|6
|start
|switch|p1a: Darkrai|Darkrai|100/100
|switch|p2a: Ambipom|Ambipom, M|100/100
|turn|1
|
|t:|1769394365
|move|p2a: Ambipom|Fake Out|p1a: Darkrai
|-damage|p1a: Darkrai|69/100
|cant|p1a: Darkrai|flinch
|
|-heal|p1a: Darkrai|75/100|[from] item: Leftovers
|upkeep
|turn|2
|
|t:|1769394375
|switch|p2a: Samurott|Samurott-Hisui, F|100/100
|move|p1a: Darkrai|Focus Blast|p2a: Samurott
|-supereffective|p2a: Samurott
|-enditem|p2a: Samurott|Focus Sash
|-damage|p2a: Samurott|1/100
|
|-heal|p1a: Darkrai|81/100|[from] item: Leftovers
|upkeep
|turn|3
|
|t:|1769394383
|move|p1a: Darkrai|Dark Pulse|p2a: Samurott
|-resisted|p2a: Samurott
|-damage|p2a: Samurott|0 fnt
|faint|p2a: Samurott
|
|-heal|p1a: Darkrai|87/100|[from] item: Leftovers
|upkeep
|
|t:|1769394388
|switch|p2a: Ambipom|Ambipom, M|100/100
|turn|4
|
|t:|1769394391
|-terastallize|p1a: Darkrai|Ghost
|move|p2a: Ambipom|Fake Out|p1a: Darkrai
|-immune|p1a: Darkrai
|move|p1a: Darkrai|Nasty Plot|p1a: Darkrai
|-boost|p1a: Darkrai|spa|2
|
|-heal|p1a: Darkrai|93/100|[from] item: Leftovers
|upkeep
|turn|5
|j| XChaosblazer
|
|t:|1769394398
|move|p1a: Darkrai|Dark Pulse|p2a: Ambipom
|-damage|p2a: Ambipom|5/100
|move|p2a: Ambipom|Knock Off|p1a: Darkrai
|-supereffective|p1a: Darkrai
|-damage|p1a: Darkrai|25/100
|-enditem|p1a: Darkrai|Leftovers|[from] move: Knock Off|[of] p2a: Ambipom
|
|upkeep
|turn|6
|
|t:|1769394416
|move|p1a: Darkrai|Dark Pulse|p2a: Ambipom
|-crit|p2a: Ambipom
|-damage|p2a: Ambipom|0 fnt
|faint|p2a: Ambipom
|
|upkeep
|
|t:|1769394419
|switch|p2a: Iron Treads|Iron Treads|100/100
|-enditem|p2a: Iron Treads|Booster Energy
|-activate|p2a: Iron Treads|ability: Quark Drive|[fromitem]
|-start|p2a: Iron Treads|quarkdrivespe
|turn|7
|
|t:|1769394436
|move|p2a: Iron Treads|Ice Spinner|p1a: Darkrai
|-damage|p1a: Darkrai|0 fnt
|faint|p1a: Darkrai
|
|upkeep
|
|t:|1769394439
|switch|p1a: Iron Treads|Iron Treads|100/100
|turn|8
|
|t:|1769394447
|-terastallize|p2a: Iron Treads|Ground
|move|p2a: Iron Treads|Earthquake|p1a: Iron Treads
|-supereffective|p1a: Iron Treads
|-damage|p1a: Iron Treads|25/100
|move|p1a: Iron Treads|Earthquake|p2a: Iron Treads
|-damage|p2a: Iron Treads|71/100
|
|upkeep
|turn|9
|
|t:|1769394455
|move|p2a: Iron Treads|Earthquake|p1a: Iron Treads
|-supereffective|p1a: Iron Treads
|-damage|p1a: Iron Treads|0 fnt
|faint|p1a: Iron Treads
|-end|p1a: Iron Treads|Quark Drive|[silent]
|
|upkeep
|
|t:|1769394461
|switch|p1a: Gliscor|Gliscor, F|100/100
|turn|10
|
|t:|1769394465
|move|p1a: Gliscor|Protect|p1a: Gliscor
|-singleturn|p1a: Gliscor|Protect
|move|p2a: Iron Treads|Stealth Rock|p1a: Gliscor
|-sidestart|p1: LT_Alt1|move: Stealth Rock
|
|-status|p1a: Gliscor|tox|[from] item: Toxic Orb
|upkeep
|turn|11
|
|t:|1769394468
|move|p2a: Iron Treads|Ice Spinner|p1a: Gliscor
|-supereffective|p1a: Gliscor
|-damage|p1a: Gliscor|42/100 tox
|move|p1a: Gliscor|Toxic|p2a: Iron Treads
|-status|p2a: Iron Treads|tox
|
|-damage|p2a: Iron Treads|64/100 tox|[from] psn
|-heal|p1a: Gliscor|54/100 tox|[from] ability: Poison Heal
|upkeep
|turn|12
|
|t:|1769394472
|move|p2a: Iron Treads|Ice Spinner|p1a: Gliscor
|-supereffective|p1a: Gliscor
|-damage|p1a: Gliscor|0 fnt
|faint|p1a: Gliscor
|
|-damage|p2a: Iron Treads|52/100 tox|[from] psn
|upkeep
|-message|LT_Alt1 forfeited.
|
|win|1colour
|raw|LT_Alt1's rating: 1639 &rarr; <strong>1617</strong><br />(-22 for losing)
|raw|1colour's rating: 1610 &rarr; <strong>1632</strong><br />(+22 for winning)
|l|‽LT_Alt1
|player|p1|
|l|☆1colour
|player|p2|
|l| XChaosblazer
