|j|☆RevientaCloyster
|j|☆Ravaris
|t:|1769316634
|gametype|singles
|player|p1|RevientaCloyster|riley|1298
|player|p2|Ravaris|hilda-wonderlauncher|1258
|gen|9
|tier|[Gen 9] OU
|rated|
|rule|HP Percentage Mod: HP is shown in percentages
|rule|Endless Battle Clause: Forcing endless battles is banned
|rule|Species Clause: Limit one of each Pokémon
|rule|OHKO Clause: OHKO moves are banned
|rule|Evasion Items Clause: Evasion items are banned
|rule|Evasion Moves Clause: Evasion moves are banned
|rule|Evasion Abilities Clause: Evasion abilities are banned
|rule|Sleep Moves Clause: Sleep-inducing moves are banned
|clearpoke
|poke|p1|Dondozo, F|
|poke|p1|Meowscarada, M|
|poke|p1|Landorus-Therian, M|
|poke|p1|Gholdengo|
|poke|p1|Great Tusk|
|poke|p1|Goodra-Hisui, M|
|poke|p2|Hydrapple, M|
|poke|p2|Tyranitar, F|
|poke|p2|Moltres|
|poke|p2|Zamazenta-*|
|poke|p2|Slowking-Galar, F|
|poke|p2|Excadrill, F|
|teampreview
|inactive|Battle timer is ON: inactive players will automatically lose when time's up. (requested by RevientaCloyster)
|
|t:|1769316642
|teamsize|p1|6
|teamsize|p2|6
|start
|switch|p1a: Great Tusk|Great Tusk|100/100
|switch|p2a: Tyranitar|Tyranitar, F|100/100
|-weather|Sandstorm|[from] ability: Sand Stream|[of] p2a: Tyranitar
|turn|1
|inactive|RevientaCloyster has 120 seconds left.
|
|t:|1769316678
|-end|p1a: Great Tusk|Protosynthesis|[silent]
|switch|p1a: Landorus|Landorus-Therian, M|100/100
|-ability|p1a: Landorus|Intimidate|boost
|-unboost|p2a: Tyranitar|atk|1
|move|p2a: Tyranitar|Ice Beam|p1a: Landorus
|-supereffective|p1a: Landorus
|-damage|p1a: Landorus|0 fnt
|faint|p1a: Landorus
|
|-weather|Sandstorm|[upkeep]
|upkeep
|
|t:|1769316684
|switch|p1a: Great Tusk|Great Tusk|100/100
|turn|2
|
|t:|1769316691
|-terastallize|p2a: Tyranitar|Flying
|move|p1a: Great Tusk|Close Combat|p2a: Tyranitar
|-resisted|p2a: Tyranitar
|-damage|p2a: Tyranitar|78/100
|-unboost|p1a: Great Tusk|def|1
|-unboost|p1a: Great Tusk|spd|1
|move|p2a: Tyranitar|Ice Beam|p1a: Great Tusk
|-supereffective|p1a: Great Tusk
|-damage|p1a: Great Tusk|36/100
|
|-weather|Sandstorm|[upkeep]
|-damage|p2a: Tyranitar|72/100|[from] Sandstorm
|upkeep
|turn|3
|
|t:|1769316705
|-end|p1a: Great Tusk|Protosynthesis|[silent]
|switch|p1a: Dondozo|Dondozo, F|100/100
|move|p2a: Tyranitar|Ice Beam|p1a: Dondozo
|-resisted|p1a: Dondozo
|-damage|p1a: Dondozo|91/100
|
|-weather|Sandstorm|[upkeep]
|-damage|p2a: Tyranitar|66/100|[from] Sandstorm
|-damage|p1a: Dondozo|85/100|[from] Sandstorm
|-heal|p1a: Dondozo|91/100|[from] item: Leftovers
|upkeep
|turn|4
|inactive|RevientaCloyster has 120 seconds left.
|
|t:|1769316734
|move|p2a: Tyranitar|Stealth Rock|p1a: Dondozo
|-sidestart|p1: RevientaCloyster|move: Stealth Rock
|move|p1a: Dondozo|Curse|p1a: Dondozo
|-unboost|p1a: Dondozo|spe|1
|-boost|p1a: Dondozo|atk|1
|-boost|p1a: Dondozo|def|1
|
|-weather|Sandstorm|[upkeep]
|-damage|p2a: Tyranitar|60/100|[from] Sandstorm
|-damage|p1a: Dondozo|85/100|[from] Sandstorm
|-heal|p1a: Dondozo|91/100|[from] item: Leftovers
|upkeep
|turn|5
|inactive|RevientaCloyster has 120 seconds left.
|
|t:|1769316744
|switch|p2a: Hydrapple|Hydrapple, M|100/100
|move|p1a: Dondozo|Liquidation|p2a: Hydrapple
|-resisted|p2a: Hydrapple
|-damage|p2a: Hydrapple|94/100
|
|-weather|Sandstorm|[upkeep]
|-damage|p2a: Hydrapple|88/100|[from] Sandstorm
|-damage|p1a: Dondozo|85/100|[from] Sandstorm
|-heal|p1a: Dondozo|91/100|[from] item: Leftovers
|upkeep
|turn|6
|inactive|RevientaCloyster has 120 seconds left.
|
|t:|1769316759
|switch|p1a: Goodra|Goodra-Hisui, M|100/100
|-damage|p1a: Goodra|94/100|[from] Stealth Rock
|move|p2a: Hydrapple|Nasty Plot|p2a: Hydrapple
|-boost|p2a: Hydrapple|spa|2
|
|-weather|Sandstorm|[upkeep]
|-damage|p2a: Hydrapple|81/100|[from] Sandstorm
|-heal|p1a: Goodra|100/100|[from] item: Leftovers
|upkeep
|turn|7
|
|t:|1769316783
|switch|p2a: Zamazenta|Zamazenta|100/100
|-ability|p2a: Zamazenta|Dauntless Shield|boost
|-boost|p2a: Zamazenta|def|1
|move|p1a: Goodra|Draco Meteor|p2a: Zamazenta
|-damage|p2a: Zamazenta|42/100
|-unboost|p1a: Goodra|spa|2
|
|-weather|Sandstorm|[upkeep]
|-damage|p2a: Zamazenta|36/100|[from] Sandstorm
|-heal|p2a: Zamazenta|42/100|[from] item: Leftovers
|upkeep
|turn|8
|inactive|RevientaCloyster has 120 seconds left.
|
|t:|1769316798
|switch|p1a: Dondozo|Dondozo, F|91/100
|-damage|p1a: Dondozo|78/100|[from] Stealth Rock
|move|p2a: Zamazenta|Body Press|p1a: Dondozo
|-damage|p1a: Dondozo|60/100
|
|-weather|none
|-heal|p2a: Zamazenta|48/100|[from] item: Leftovers
|-heal|p1a: Dondozo|67/100|[from] item: Leftovers
|upkeep
|turn|9
|inactive|RevientaCloyster has 120 seconds left.
|
|t:|1769316818
|move|p2a: Zamazenta|Iron Defense|p2a: Zamazenta
|-boost|p2a: Zamazenta|def|2
|move|p1a: Dondozo|Liquidation|p2a: Zamazenta
|-damage|p2a: Zamazenta|24/100
|-unboost|p2a: Zamazenta|def|1
|
|-heal|p2a: Zamazenta|30/100|[from] item: Leftovers
|-heal|p1a: Dondozo|73/100|[from] item: Leftovers
|upkeep
|turn|10
|
|t:|1769316831
|move|p1a: Dondozo|Liquidation|p2a: Zamazenta
|-damage|p2a: Zamazenta|8/100
|move|p2a: Zamazenta|Roar|p1a: Dondozo
|drag|p1a: Great Tusk|Great Tusk|36/100
|-damage|p1a: Great Tusk|33/100|[from] Stealth Rock
|
|-heal|p2a: Zamazenta|14/100|[from] item: Leftovers
|upkeep
|turn|11
|
|t:|1769316844
|-end|p1a: Great Tusk|Protosynthesis|[silent]
|switch|p1a: Dondozo|Dondozo, F|73/100
|-damage|p1a: Dondozo|60/100|[from] Stealth Rock
|move|p2a: Zamazenta|Body Press|p1a: Dondozo
|-damage|p1a: Dondozo|41/100
|
|-heal|p2a: Zamazenta|20/100|[from] item: Leftovers
|-heal|p1a: Dondozo|47/100|[from] item: Leftovers
|upkeep
|turn|12
|inactive|Ravaris has 120 seconds left.
|
|t:|1769316860
|switch|p2a: Hydrapple|Hydrapple, M|100/100
|move|p1a: Dondozo|Liquidation|p2a: Hydrapple
|-resisted|p2a: Hydrapple
|-damage|p2a: Hydrapple|96/100
|
|-heal|p1a: Dondozo|53/100|[from] item: Leftovers
|upkeep
|turn|13
|inactive|Ravaris has 120 seconds left.
|
|t:|1769316900
|switch|p1a: Goodra|Goodra-Hisui, M|100/100
|-damage|p1a: Goodra|94/100|[from] Stealth Rock
|move|p2a: Hydrapple|Earth Power|p1a: Goodra
|-supereffective|p1a: Goodra
|-damage|p1a: Goodra|60/100
|
|-heal|p1a: Goodra|66/100|[from] item: Leftovers
|upkeep
|turn|14
|inactive|Ravaris has 90 seconds left.
|
|t:|1769316917
|switch|p2a: Tyranitar|Tyranitar, F, tera:Flying|60/100
|-weather|Sandstorm|[from] ability: Sand Stream|[of] p2a: Tyranitar
|move|p1a: Goodra|Draco Meteor|p2a: Tyranitar|[miss]
|-miss|p1a: Goodra|p2a: Tyranitar
|
|-weather|Sandstorm|[upkeep]
|-damage|p2a: Tyranitar|54/100|[from] Sandstorm
|-heal|p1a: Goodra|72/100|[from] item: Leftovers
|upkeep
|turn|15
|inactive|Ravaris has 90 seconds left.
|
|t:|1769316935
|switch|p2a: Excadrill|Excadrill, F|100/100
|-item|p2a: Excadrill|Air Balloon
|switch|p1a: Dondozo|Dondozo, F|53/100
|-damage|p1a: Dondozo|41/100|[from] Stealth Rock
|
|-weather|Sandstorm|[upkeep]
|-damage|p1a: Dondozo|35/100|[from] Sandstorm
|-heal|p1a: Dondozo|41/100|[from] item: Leftovers
|upkeep
|turn|16
|inactive|Ravaris has 90 seconds left.
|
|t:|1769316950
|move|p2a: Excadrill|Earthquake|p1a: Dondozo
|-damage|p1a: Dondozo|17/100
|move|p1a: Dondozo|Curse|p1a: Dondozo
|-unboost|p1a: Dondozo|spe|1
|-boost|p1a: Dondozo|atk|1
|-boost|p1a: Dondozo|def|1
|
|-weather|Sandstorm|[upkeep]
|-damage|p1a: Dondozo|10/100|[from] Sandstorm
|-heal|p1a: Dondozo|17/100|[from] item: Leftovers
|upkeep
|turn|17
|
|t:|1769316977
|switch|p2a: Slowking|Slowking-Galar, F|100/100
|move|p1a: Dondozo|Rest|p1a: Dondozo
|-status|p1a: Dondozo|slp|[from] move: Rest
|-heal|p1a: Dondozo|100/100 slp|[silent]
|
|-weather|Sandstorm|[upkeep]
|-damage|p2a: Slowking|94/100|[from] Sandstorm
|-damage|p1a: Dondozo|94/100 slp|[from] Sandstorm
|-heal|p1a: Dondozo|100/100 slp|[from] item: Leftovers
|upkeep
|turn|18
|
|t:|1769316991
|move|p2a: Slowking|Sludge Bomb|p1a: Dondozo
|-damage|p1a: Dondozo|68/100 slp
|cant|p1a: Dondozo|slp
|move|p1a: Dondozo|Sleep Talk|p1a: Dondozo
|move|p1a: Dondozo|Rest||[from] move: Sleep Talk|[still]
|-fail|p1a: Dondozo
|
|-weather|Sandstorm|[upkeep]
|-damage|p2a: Slowking|88/100|[from] Sandstorm
|-damage|p1a: Dondozo|62/100 slp|[from] Sandstorm
|-heal|p1a: Dondozo|68/100 slp|[from] item: Leftovers
|upkeep
|turn|19
|
|t:|1769317001
|switch|p1a: Goodra|Goodra-Hisui, M|72/100
|-damage|p1a: Goodra|66/100|[from] Stealth Rock
|move|p2a: Slowking|Sludge Bomb|p1a: Goodra
|-immune|p1a: Goodra
|
|-weather|Sandstorm|[upkeep]
|-damage|p2a: Slowking|82/100|[from] Sandstorm
|-heal|p1a: Goodra|72/100|[from] item: Leftovers
|upkeep
|turn|20
|
|t:|1769317021
|switch|p2a: Excadrill|Excadrill, F|100/100
|-item|p2a: Excadrill|Air Balloon
|move|p1a: Goodra|Draco Meteor|p2a: Excadrill
|-resisted|p2a: Excadrill
|-damage|p2a: Excadrill|59/100
|-unboost|p1a: Goodra|spa|2
|-enditem|p2a: Excadrill|Air Balloon
|
|-weather|Sandstorm|[upkeep]
|-heal|p1a: Goodra|79/100|[from] item: Leftovers
|upkeep
|turn|21
|inactive|Ravaris has 60 seconds left.
|
|t:|1769317061
|switch|p1a: Dondozo|Dondozo, F|68/100 slp
|-damage|p1a: Dondozo|55/100 slp|[from] Stealth Rock
|move|p2a: Excadrill|Swords Dance|p2a: Excadrill
|-boost|p2a: Excadrill|atk|2
|
|-weather|none
|-heal|p1a: Dondozo|61/100 slp|[from] item: Leftovers
|upkeep
|turn|22
|inactive|Ravaris has 30 seconds left.
|
|t:|1769317089
|switch|p2a: Hydrapple|Hydrapple, M|100/100
|cant|p1a: Dondozo|slp
|
|-heal|p1a: Dondozo|68/100 slp|[from] item: Leftovers
|upkeep
|turn|23
|
|t:|1769317098
|switch|p1a: Goodra|Goodra-Hisui, M|79/100
|-damage|p1a: Goodra|72/100|[from] Stealth Rock
|move|p2a: Hydrapple|Nasty Plot|p2a: Hydrapple
|-boost|p2a: Hydrapple|spa|2
|
|-heal|p1a: Goodra|79/100|[from] item: Leftovers
|upkeep
|turn|24
|inactive|Ravaris has 30 seconds left.
|inactive|Ravaris has 20 seconds left.
|
|t:|1769317124
|switch|p2a: Tyranitar|Tyranitar, F, tera:Flying|54/100
|-weather|Sandstorm|[from] ability: Sand Stream|[of] p2a: Tyranitar
|move|p1a: Goodra|Hydro Pump|p2a: Tyranitar
|-damage|p2a: Tyranitar|32/100
|
|-weather|Sandstorm|[upkeep]
|-damage|p2a: Tyranitar|25/100|[from] Sandstorm
|-heal|p1a: Goodra|85/100|[from] item: Leftovers
|upkeep
|turn|25
|inactive|Ravaris has 30 seconds left this turn.
|inactive|Ravaris has 20 seconds left.
|inactive|RevientaCloyster has 120 seconds left.
|
|t:|1769317152
|move|p2a: Tyranitar|Thunder Wave|p1a: Goodra
|-status|p1a: Goodra|par
|move|p1a: Goodra|Draco Meteor|p2a: Tyranitar
|-damage|p2a: Tyranitar|0 fnt
|-unboost|p1a: Goodra|spa|2
|faint|p2a: Tyranitar
|
|-weather|Sandstorm|[upkeep]
|-heal|p1a: Goodra|91/100 par|[from] item: Leftovers
|upkeep
|inactive|Ravaris has 25 seconds left this turn.
|inactive|Ravaris has 20 seconds left.
|inactive|Ravaris has 15 seconds left.
|
|t:|1769317162
|switch|p2a: Excadrill|Excadrill, F|59/100
|turn|26
|inactive|Ravaris has 25 seconds left this turn.
|
|t:|1769317165
|switch|p2a: Hydrapple|Hydrapple, M|100/100
|switch|p1a: Dondozo|Dondozo, F|68/100 slp
|-damage|p1a: Dondozo|55/100 slp|[from] Stealth Rock
|
|-weather|Sandstorm|[upkeep]
|-damage|p2a: Hydrapple|94/100|[from] Sandstorm
|-damage|p1a: Dondozo|49/100 slp|[from] Sandstorm
|-heal|p1a: Dondozo|55/100 slp|[from] item: Leftovers
|upkeep
|turn|27
|inactive|Ravaris has 30 seconds left.
|
|t:|1769317177
|switch|p1a: Goodra|Goodra-Hisui, M|91/100 par
|-damage|p1a: Goodra|85/100 par|[from] Stealth Rock
|move|p2a: Hydrapple|Earth Power|p1a: Goodra
|-supereffective|p1a: Goodra
|-damage|p1a: Goodra|51/100 par
|
|-weather|Sandstorm|[upkeep]
|-damage|p2a: Hydrapple|88/100|[from] Sandstorm
|-heal|p1a: Goodra|57/100 par|[from] item: Leftovers
|upkeep
|turn|28
|inactive|Ravaris has 30 seconds left.
|inactive|Ravaris has 20 seconds left.
|inactive|Ravaris has 15 seconds left.
|
|t:|1769317199
|switch|p2a: Excadrill|Excadrill, F|59/100
|move|p1a: Goodra|Draco Meteor|p2a: Excadrill
|-resisted|p2a: Excadrill
|-damage|p2a: Excadrill|14/100
|-unboost|p1a: Goodra|spa|2
|
|-weather|Sandstorm|[upkeep]
|-heal|p1a: Goodra|63/100 par|[from] item: Leftovers
|upkeep
|turn|29
|inactive|Ravaris has 25 seconds left this turn.
|inactive|Ravaris has 20 seconds left.
|inactive|Ravaris has 15 seconds left.
|
|t:|1769317213
|switch|p1a: Meowscarada|Meowscarada, M|100/100
|-damage|p1a: Meowscarada|88/100|[from] Stealth Rock
|move|p2a: Excadrill|Swords Dance|p2a: Excadrill
|-boost|p2a: Excadrill|atk|2
|
|-weather|Sandstorm|[upkeep]
|-damage|p1a: Meowscarada|82/100|[from] Sandstorm
|upkeep
|turn|30
|inactive|Ravaris has 25 seconds left this turn.
|inactive|Ravaris has 20 seconds left.
|inactive|Ravaris has 15 seconds left.
|
|t:|1769317228
|move|p2a: Excadrill|Iron Head|p1a: Meowscarada
|-damage|p1a: Meowscarada|0 fnt
|faint|p1a: Meowscarada
|
|-weather|Sandstorm|[upkeep]
|upkeep
|
|t:|1769317232
|switch|p1a: Dondozo|Dondozo, F|55/100 slp
|-damage|p1a: Dondozo|43/100 slp|[from] Stealth Rock
|turn|31
|inactive|Ravaris has 30 seconds left this turn.
|
|t:|1769317241
|move|p2a: Excadrill|Earthquake|p1a: Dondozo
|-damage|p1a: Dondozo|16/100 slp
|-curestatus|p1a: Dondozo|slp|[msg]
|move|p1a: Dondozo|Liquidation|p2a: Excadrill
|-supereffective|p2a: Excadrill
|-damage|p2a: Excadrill|0 fnt
|faint|p2a: Excadrill
|
|-weather|none
|-heal|p1a: Dondozo|23/100|[from] item: Leftovers
|upkeep
|inactive|Ravaris has 30 seconds left this turn.
|inactive|Ravaris has 20 seconds left.
|c|☆RevientaCloyster|zzzz
|inactive|Ravaris has 15 seconds left.
|
|t:|1769317258
|switch|p2a: Hydrapple|Hydrapple, M|100/100
|turn|32
|inactive|Ravaris has 25 seconds left this turn.
|inactive|Ravaris has 20 seconds left.
|
|t:|1769317282
|switch|p1a: Great Tusk|Great Tusk|33/100
|-damage|p1a: Great Tusk|30/100|[from] Stealth Rock
|move|p2a: Hydrapple|Earth Power|p1a: Great Tusk
|-damage|p1a: Great Tusk|3/100
|
|upkeep
|turn|33
|inactive|Ravaris has 30 seconds left this turn.
|inactive|Ravaris has 20 seconds left.
|
|t:|1769317294
|move|p1a: Great Tusk|Ice Spinner|p2a: Hydrapple
|-supereffective|p2a: Hydrapple
|-damage|p2a: Hydrapple|38/100
|move|p2a: Hydrapple|Giga Drain|p1a: Great Tusk
|-supereffective|p1a: Great Tusk
|-damage|p1a: Great Tusk|0 fnt
|-heal|p2a: Hydrapple|39/100|[from] drain|[of] p1a: Great Tusk
|faint|p1a: Great Tusk
|-end|p1a: Great Tusk|Protosynthesis|[silent]
|
|upkeep
|
|t:|1769317299
|switch|p1a: Goodra|Goodra-Hisui, M|63/100 par
|-damage|p1a: Goodra|57/100 par|[from] Stealth Rock
|turn|34
|inactive|Ravaris has 30 seconds left.
|inactive|Ravaris has 20 seconds left.
|
|t:|1769317315
|switch|p2a: Zamazenta|Zamazenta|20/100
|cant|p1a: Goodra|par
|
|-heal|p2a: Zamazenta|26/100|[from] item: Leftovers
|-heal|p1a: Goodra|63/100 par|[from] item: Leftovers
|upkeep
|turn|35
|inactive|Ravaris has 30 seconds left this turn.
|
|t:|1769317322
|-terastallize|p1a: Goodra|Flying
|move|p2a: Zamazenta|Body Press|p1a: Goodra
|-resisted|p1a: Goodra
|-crit|p1a: Goodra
|-damage|p1a: Goodra|38/100 par
|cant|p1a: Goodra|par
|
|-heal|p2a: Zamazenta|32/100|[from] item: Leftovers
|-heal|p1a: Goodra|44/100 par|[from] item: Leftovers
|upkeep
|turn|36
|inactive|Ravaris has 30 seconds left.
|inactive|Ravaris has 20 seconds left.
|
|t:|1769317337
|move|p2a: Zamazenta|Body Press|p1a: Goodra
|-resisted|p1a: Goodra
|-damage|p1a: Goodra|28/100 par
|cant|p1a: Goodra|par
|
|-heal|p2a: Zamazenta|38/100|[from] item: Leftovers
|-heal|p1a: Goodra|34/100 par|[from] item: Leftovers
|upkeep
|turn|37
|inactive|Ravaris has 30 seconds left this turn.
|c|☆RevientaCloyster|JAJAJJAJAJAJAJJAJAJA
|
|t:|1769317347
|move|p2a: Zamazenta|Body Press|p1a: Goodra
|-resisted|p1a: Goodra
|-damage|p1a: Goodra|15/100 par
|move|p1a: Goodra|Life Dew|p1a: Goodra
|-heal|p1a: Goodra|40/100 par
|
|-heal|p2a: Zamazenta|44/100|[from] item: Leftovers
|-heal|p1a: Goodra|46/100 par|[from] item: Leftovers
|upkeep
|turn|38
|inactive|Ravaris has 30 seconds left.
|inactive|Ravaris has 20 seconds left.
|
|t:|1769317364
|switch|p2a: Moltres|Moltres|100/100
|move|p1a: Goodra|Draco Meteor|p2a: Moltres
|-damage|p2a: Moltres|27/100
|-unboost|p1a: Goodra|spa|2
|
|-heal|p1a: Goodra|52/100 par|[from] item: Leftovers
|upkeep
|turn|39
|inactive|Ravaris has 30 seconds left this turn.
|inactive|Ravaris has 20 seconds left.
|inactive|Ravaris has 15 seconds left.
|
|t:|1769317382
|move|p2a: Moltres|U-turn|p1a: Goodra
|-resisted|p1a: Goodra
|-damage|p1a: Goodra|45/100 par
|inactive|Ravaris has 20 seconds left this turn.
|inactive|Ravaris has 15 seconds left.
|
|t:|1769317388
|switch|p2a: Slowking|Slowking-Galar, F|100/100|[from] U-turn
|move|p1a: Goodra|Life Dew|p1a: Goodra
|-heal|p1a: Goodra|70/100 par
|
|-heal|p1a: Goodra|76/100 par|[from] item: Leftovers
|upkeep
|turn|40
|inactive|Ravaris has 25 seconds left this turn.
|inactive|Ravaris has 20 seconds left.
|inactive|Ravaris has 15 seconds left.
|
|t:|1769317400
|move|p2a: Slowking|Ice Beam|p1a: Goodra
|-supereffective|p1a: Goodra
|-damage|p1a: Goodra|48/100 par
|move|p1a: Goodra|Life Dew|p1a: Goodra
|-heal|p1a: Goodra|73/100 par
|
|-heal|p1a: Goodra|79/100 par|[from] item: Leftovers
|upkeep
|turn|41
|inactive|Ravaris has 25 seconds left this turn.
|inactive|Ravaris has 20 seconds left.
|
|t:|1769317409
|switch|p1a: Dondozo|Dondozo, F|23/100
|-damage|p1a: Dondozo|10/100|[from] Stealth Rock
|move|p2a: Slowking|Ice Beam|p1a: Dondozo
|-resisted|p1a: Dondozo
|-damage|p1a: Dondozo|0 fnt
|faint|p1a: Dondozo
|
|upkeep
|
|t:|1769317414
|switch|p1a: Gholdengo|Gholdengo|100/100
|-damage|p1a: Gholdengo|94/100|[from] Stealth Rock
|turn|42
|inactive|Ravaris has 30 seconds left.
|
|t:|1769317422
|move|p1a: Gholdengo|Shadow Ball|p2a: Slowking
|-supereffective|p2a: Slowking
|-damage|p2a: Slowking|59/100
|-unboost|p2a: Slowking|spd|1
|move|p2a: Slowking|Flamethrower|p1a: Gholdengo
|-supereffective|p1a: Gholdengo
|-damage|p1a: Gholdengo|44/100
|
|-heal|p1a: Gholdengo|50/100|[from] item: Leftovers
|upkeep
|turn|43
|inactive|Ravaris has 30 seconds left.
|
|t:|1769317436
|switch|p2a: Moltres|Moltres|27/100
|move|p1a: Gholdengo|Shadow Ball|p2a: Moltres
|-damage|p2a: Moltres|0 fnt
|faint|p2a: Moltres
|
|-heal|p1a: Gholdengo|56/100|[from] item: Leftovers
|upkeep
|inactive|Ravaris has 30 seconds left.
|inactive|Ravaris has 20 seconds left.
|
|t:|1769317453
|switch|p2a: Slowking|Slowking-Galar, F|92/100
|turn|44
|inactive|Ravaris has 30 seconds left this turn.
|
|t:|1769317462
|move|p1a: Gholdengo|Shadow Ball|p2a: Slowking
|-supereffective|p2a: Slowking
|-damage|p2a: Slowking|47/100
|move|p2a: Slowking|Flamethrower|p1a: Gholdengo
|-supereffective|p1a: Gholdengo
|-damage|p1a: Gholdengo|1/100
|
|-heal|p1a: Gholdengo|7/100|[from] item: Leftovers
|upkeep
|turn|45
|inactive|Ravaris has 30 seconds left.
|
|t:|1769317473
|switch|p2a: Hydrapple|Hydrapple, M|73/100
|move|p1a: Gholdengo|Shadow Ball|p2a: Hydrapple
|-damage|p2a: Hydrapple|31/100
|-unboost|p2a: Hydrapple|spd|1
|
|-heal|p1a: Gholdengo|13/100|[from] item: Leftovers
|upkeep
|turn|46
|inactive|Ravaris has 30 seconds left.
|
|t:|1769317484
|switch|p2a: Zamazenta|Zamazenta|44/100
|move|p1a: Gholdengo|Shadow Ball|p2a: Zamazenta
|-damage|p2a: Zamazenta|4/100
|
|-heal|p2a: Zamazenta|11/100|[from] item: Leftovers
|-heal|p1a: Gholdengo|19/100|[from] item: Leftovers
|upkeep
|turn|47
|
|t:|1769317491
|move|p2a: Zamazenta|Crunch|p1a: Gholdengo
|-supereffective|p1a: Gholdengo
|-damage|p1a: Gholdengo|0 fnt
|faint|p1a: Gholdengo
|
|-heal|p2a: Zamazenta|17/100|[from] item: Leftovers
|upkeep
|
|t:|1769317493
|switch|p1a: Goodra|Goodra-Hisui, M, tera:Flying|79/100 par
|-damage|p1a: Goodra|54/100 par|[from] Stealth Rock
|turn|48
|
|t:|1769317505
|move|p2a: Zamazenta|Crunch|p1a: Goodra
|-damage|p1a: Goodra|36/100 par
|-unboost|p1a: Goodra|def|1
|move|p1a: Goodra|Hydro Pump|p2a: Zamazenta
|-damage|p2a: Zamazenta|0 fnt
|faint|p2a: Zamazenta
|
|-heal|p1a: Goodra|42/100 par|[from] item: Leftovers
|upkeep
|-message|RevientaCloyster forfeited.
|
|win|Ravaris
|raw|RevientaCloyster's rating: 1298 &rarr; <strong>1270</strong><br />(-28 for losing)
|raw|Ravaris's rating: 1258 &rarr; <strong>1286</strong><br />(+28 for winning)
|l|☆RevientaCloyster
|player|p1|
|c|☆Ravaris|GG
|l|☆Ravaris
|player|p2|
