|j|‽eliu28
|j|☆nagichi9
|t:|1769440596
|gametype|singles
|player|p1|eliu28|266|1137
|player|p2|nagichi9|1|1076
|gen|9
|tier|[Gen 9] OU
|rated|
|rule|HP Percentage Mod: HP is shown in percentages
|rule|Endless Battle Clause: Forcing endless battles is banned
|rule|Species Clause: Limit one of each Pokémon
|rule|OHKO Clause: OHKO moves are banned
|rule|Evasion Items Clause: Evasion items are banned
|rule|Evasion Moves Clause: Evasion moves are banned
|rule|Evasion Abilities Clause: Evasion abilities are banned
|rule|Sleep Moves Clause: Sleep-inducing moves are banned
|clearpoke
|poke|p1|Rhydon, F|
|poke|p1|Toxicroak, F|
|poke|p1|Pelipper, M|
|poke|p1|Tyranitar, F|
|poke|p1|Gengar, M|
|poke|p1|Garchomp, M|
|poke|p2|Gliscor, M|
|poke|p2|Dragapult, F|
|poke|p2|Meowscarada, M|
|poke|p2|Heatran, M|
|poke|p2|Quaquaval, M|
|poke|p2|Corviknight, M|
|teampreview
|
|t:|1769440633
|teamsize|p1|6
|teamsize|p2|6
|start
|switch|p1a: Rhydon|Rhydon, F, shiny|100/100
|switch|p2a: batman|Gliscor, M|100/100
|turn|1
|
|t:|1769440645
|-terastallize|p1a: Rhydon|Ground
|move|p2a: batman|Spikes|p1a: Rhydon
|-sidestart|p1: eliu28|Spikes
|move|p1a: Rhydon|Avalanche|p2a: batman
|-supereffective|p2a: batman
|-damage|p2a: batman|50/100
|
|-status|p2a: batman|tox|[from] item: Toxic Orb
|upkeep
|turn|2
|
|t:|1769440660
|move|p2a: batman|Protect|p2a: batman
|-singleturn|p2a: batman|Protect
|move|p1a: Rhydon|Stealth Rock|p2a: batman
|-sidestart|p2: nagichi9|move: Stealth Rock
|
|-heal|p2a: batman|62/100 tox|[from] ability: Poison Heal
|upkeep
|turn|3
|inactive|Battle timer is ON: inactive players will automatically lose when time's up. (requested by eliu28)
|inactive|nagichi9 has 120 seconds left.
|
|t:|1769440765
|switch|p2a: Corviknight|Corviknight, M|100/100
|-damage|p2a: Corviknight|88/100|[from] Stealth Rock
|-ability|p2a: Corviknight|Pressure
|move|p1a: Rhydon|Avalanche|p2a: Corviknight
|-damage|p2a: Corviknight|76/100
|-damage|p1a: Rhydon|84/100|[from] item: Rocky Helmet|[of] p2a: Corviknight
|
|upkeep
|turn|4
|inactive|eliu28 has 120 seconds left.
|inactive|nagichi9 has 120 seconds left.
|
|t:|1769440798
|switch|p1a: Gengar|Gengar, M|100/100
|-damage|p1a: Gengar|88/100|[from] Spikes
|move|p2a: Corviknight|U-turn|p1a: Gengar
|-resisted|p1a: Gengar
|-damage|p1a: Gengar|81/100
|-start|p2a: Corviknight|Disable|U-turn|[from] ability: Cursed Body|[of] p1a: Gengar
|inactive|nagichi9 has 120 seconds left.
|
|t:|1769440812
|switch|p2a: Dragapult|Dragapult, F|100/100|[from] U-turn
|-damage|p2a: Dragapult|88/100|[from] Stealth Rock
|
|upkeep
|turn|5
|inactive|nagichi9 has 120 seconds left.
|
|t:|1769440820
|switch|p1a: Tyranitar|Tyranitar, F|100/100
|-damage|p1a: Tyranitar|88/100|[from] Spikes
|-weather|Sandstorm|[from] ability: Sand Stream|[of] p1a: Tyranitar
|move|p2a: Dragapult|Phantom Force||[still]
|-prepare|p2a: Dragapult|Phantom Force
|
|-weather|Sandstorm|[upkeep]
|-damage|p2a: Dragapult|82/100|[from] Sandstorm
|upkeep
|turn|6
|inactive|nagichi9 has 120 seconds left.
|
|t:|1769440833
|move|p2a: Dragapult|Phantom Force|p1a: Tyranitar|[from] lockedmove
|-resisted|p1a: Tyranitar
|-damage|p1a: Tyranitar|59/100
|move|p1a: Tyranitar|Crunch|p2a: Dragapult
|-supereffective|p2a: Dragapult
|-damage|p2a: Dragapult|0 fnt
|faint|p2a: Dragapult
|
|-weather|Sandstorm|[upkeep]
|upkeep
|inactive|nagichi9 has 120 seconds left.
|
|t:|1769440854
|switch|p2a: Quaquaval|Quaquaval, M|100/100
|-damage|p2a: Quaquaval|94/100|[from] Stealth Rock
|turn|7
|
|t:|1769440867
|switch|p1a: Toxicroak|Toxicroak, F, shiny|100/100
|-damage|p1a: Toxicroak|88/100|[from] Spikes
|move|p2a: Quaquaval|Close Combat|p1a: Toxicroak
|-resisted|p1a: Toxicroak
|-damage|p1a: Toxicroak|24/100
|-unboost|p2a: Quaquaval|def|1
|-unboost|p2a: Quaquaval|spd|1
|
|-weather|Sandstorm|[upkeep]
|-damage|p1a: Toxicroak|17/100|[from] Sandstorm
|-damage|p2a: Quaquaval|88/100|[from] Sandstorm
|upkeep
|turn|8
|
|t:|1769440889
|switch|p1a: Gengar|Gengar, M|81/100
|-damage|p1a: Gengar|68/100|[from] Spikes
|move|p2a: Quaquaval|Close Combat|p1a: Gengar
|-immune|p1a: Gengar
|
|-weather|Sandstorm|[upkeep]
|-damage|p1a: Gengar|62/100|[from] Sandstorm
|-damage|p2a: Quaquaval|82/100|[from] Sandstorm
|upkeep
|turn|9
|
|t:|1769440901
|switch|p2a: Meowscarada|Meowscarada, M|100/100
|-damage|p2a: Meowscarada|88/100|[from] Stealth Rock
|move|p1a: Gengar|Substitute|p1a: Gengar
|-start|p1a: Gengar|Substitute
|-damage|p1a: Gengar|38/100
|
|-weather|none
|upkeep
|turn|10
|
|t:|1769440912
|move|p2a: Meowscarada|Knock Off|p1a: Gengar
|-start|p2a: Meowscarada|typechange|Dark|[from] ability: Protean
|-supereffective|p1a: Gengar
|-end|p1a: Gengar|Substitute
|move|p1a: Gengar|Sludge Bomb|p2a: Meowscarada
|-damage|p2a: Meowscarada|18/100
|
|upkeep
|turn|11
|
|t:|1769440937
|switch|p1a: Garchomp|Garchomp, M|100/100
|-damage|p1a: Garchomp|88/100|[from] Spikes
|move|p2a: Meowscarada|Knock Off|p1a: Garchomp
|-damage|p1a: Garchomp|18/100
|-damage|p2a: Meowscarada|6/100|[from] ability: Rough Skin|[of] p1a: Garchomp
|-damage|p2a: Meowscarada|0 fnt|[from] item: Rocky Helmet|[of] p1a: Garchomp
|faint|p2a: Meowscarada
|
|upkeep
|inactive|nagichi9 has 90 seconds left.
|
|t:|1769440973
|switch|p2a: Quaquaval|Quaquaval, M|82/100
|-damage|p2a: Quaquaval|76/100|[from] Stealth Rock
|turn|12
|inactive|eliu28 has 120 seconds left.
|
|t:|1769441022
|switch|p1a: Toxicroak|Toxicroak, F, shiny|17/100
|-damage|p1a: Toxicroak|5/100|[from] Spikes
|move|p2a: Quaquaval|Ice Spinner|p1a: Toxicroak
|-damage|p1a: Toxicroak|0 fnt
|faint|p1a: Toxicroak
|-ability|p2a: Quaquaval|Moxie|boost
|-boost|p2a: Quaquaval|atk|1
|
|upkeep
|inactive|eliu28 has 90 seconds left.
|
|t:|1769441034
|switch|p1a: Gengar|Gengar, M|38/100
|-damage|p1a: Gengar|25/100|[from] Spikes
|turn|13
|inactive|nagichi9 has 90 seconds left.
|
|t:|1769441060
|move|p1a: Gengar|Thunderbolt|p2a: Quaquaval
|-supereffective|p2a: Quaquaval
|-damage|p2a: Quaquaval|0 fnt
|faint|p2a: Quaquaval
|
|upkeep
|
|t:|1769441066
|switch|p2a: batman|Gliscor, M|62/100 tox
|-damage|p2a: batman|50/100 tox|[from] Stealth Rock
|turn|14
|inactive|eliu28 has 90 seconds left.
|
|t:|1769441104
|move|p1a: Gengar|Shadow Ball|p2a: batman
|-damage|p2a: batman|0 fnt
|faint|p2a: batman
|
|upkeep
|
|t:|1769441110
|switch|p2a: Heatran|Heatran, M|100/100
|-damage|p2a: Heatran|88/100|[from] Stealth Rock
|-item|p2a: Heatran|Air Balloon
|turn|15
|
|t:|1769441121
|switch|p1a: Garchomp|Garchomp, M|18/100
|-damage|p1a: Garchomp|6/100|[from] Spikes
|move|p2a: Heatran|Flash Cannon|p1a: Garchomp
|-damage|p1a: Garchomp|0 fnt
|faint|p1a: Garchomp
|
|upkeep
|
|t:|1769441129
|switch|p1a: Tyranitar|Tyranitar, F|59/100
|-damage|p1a: Tyranitar|47/100|[from] Spikes
|-weather|Sandstorm|[from] ability: Sand Stream|[of] p1a: Tyranitar
|turn|16
|inactive|nagichi9 has 90 seconds left.
|inactive|eliu28 has 60 seconds left.
|
|t:|1769441177
|move|p2a: Heatran|Earth Power|p1a: Tyranitar
|-supereffective|p1a: Tyranitar
|-damage|p1a: Tyranitar|30/100
|move|p1a: Tyranitar|Earthquake|p2a: Heatran
|-immune|p2a: Heatran
|
|-weather|Sandstorm|[upkeep]
|upkeep
|turn|17
|
|t:|1769441190
|move|p2a: Heatran|Earth Power|p1a: Tyranitar
|-supereffective|p1a: Tyranitar
|-damage|p1a: Tyranitar|12/100
|move|p1a: Tyranitar|Brick Break|p2a: Heatran
|-supereffective|p2a: Heatran
|-damage|p2a: Heatran|45/100
|-enditem|p2a: Heatran|Air Balloon
|
|-weather|Sandstorm|[upkeep]
|upkeep
|turn|18
|
|t:|1769441199
|move|p2a: Heatran|Earth Power|p1a: Tyranitar
|-supereffective|p1a: Tyranitar
|-damage|p1a: Tyranitar|0 fnt
|faint|p1a: Tyranitar
|
|-weather|Sandstorm|[upkeep]
|upkeep
|
|t:|1769441204
|switch|p1a: Pelipper|Pelipper, M|100/100
|-weather|RainDance|[from] ability: Drizzle|[of] p1a: Pelipper
|turn|19
|
|t:|1769441225
|switch|p2a: Corviknight|Corviknight, M|76/100
|-damage|p2a: Corviknight|64/100|[from] Stealth Rock
|-ability|p2a: Corviknight|Pressure
|move|p1a: Pelipper|Surf|p2a: Corviknight
|-damage|p2a: Corviknight|8/100
|
|-weather|RainDance|[upkeep]
|upkeep
|turn|20
|
|t:|1769441233
|move|p1a: Pelipper|Surf|p2a: Corviknight
|-damage|p2a: Corviknight|0 fnt
|faint|p2a: Corviknight
|
|-weather|RainDance|[upkeep]
|upkeep
|
|t:|1769441238
|switch|p2a: Heatran|Heatran, M|45/100
|-damage|p2a: Heatran|32/100|[from] Stealth Rock
|turn|21
|
|t:|1769441241
|move|p2a: Heatran|Flash Cannon|p1a: Pelipper
|-resisted|p1a: Pelipper
|-damage|p1a: Pelipper|77/100
|move|p1a: Pelipper|Surf|p2a: Heatran
|-supereffective|p2a: Heatran
|-damage|p2a: Heatran|0 fnt
|faint|p2a: Heatran
|
|win|eliu28
|raw|eliu28's rating: 1137 &rarr; <strong>1158</strong><br />(+21 for winning)
|raw|nagichi9's rating: 1076 &rarr; <strong>1058</strong><br />(-18 for losing)
|l|☆nagichi9
|player|p2|
|l|‽eliu28
|player|p1|
