|j|☆JoseWolf22
|j|☆pinguitc
|t:|1769388871
|gametype|singles
|player|p1|JoseWolf22|ghetsis|
|player|p2|pinguitc|twins-gen4|
|gen|9
|tier|[Gen 9] OU
|rule|HP Percentage Mod: HP is shown in percentages
|rule|Endless Battle Clause: Forcing endless battles is banned
|rule|Species Clause: Limit one of each Pokémon
|rule|OHKO Clause: OHKO moves are banned
|rule|Evasion Items Clause: Evasion items are banned
|rule|Evasion Moves Clause: Evasion moves are banned
|rule|Evasion Abilities Clause: Evasion abilities are banned
|rule|Sleep Moves Clause: Sleep-inducing moves are banned
|clearpoke
|poke|p1|Zamazenta-*|
|poke|p1|Ogerpon-Wellspring, F|
|poke|p1|Slowking-Galar, M|
|poke|p1|Great Tusk|
|poke|p1|Kingambit, M|
|poke|p1|Moltres|
|poke|p2|Deoxys-Speed|
|poke|p2|Ceruledge, F|
|poke|p2|Zamazenta-*|
|poke|p2|Ogerpon-Wellspring, F|
|poke|p2|Glimmora, M|
|poke|p2|Moltres-Galar|
|teampreview
|inactive|Battle timer is ON: inactive players will automatically lose when time's up. (requested by JoseWolf22)
|
|t:|1769388913
|teamsize|p1|6
|teamsize|p2|6
|start
|switch|p1a: Kingambit|Kingambit, M|100/100
|switch|p2a: Glimmora|Glimmora, M|100/100
|turn|1
|inactive|pinguitc has 270 seconds left.
|
|t:|1769388952
|switch|p2a: Zamazenta|Zamazenta|100/100
|-ability|p2a: Zamazenta|Dauntless Shield|boost
|-boost|p2a: Zamazenta|def|1
|move|p1a: Kingambit|Iron Head|p2a: Zamazenta
|-damage|p2a: Zamazenta|81/100
|
|-heal|p2a: Zamazenta|87/100|[from] item: Leftovers
|upkeep
|turn|2
|inactive|pinguitc has 270 seconds left.
|
|t:|1769388963
|-end|p1a: Kingambit|fallenundefined|[silent]
|switch|p1a: Slowking|Slowking-Galar, M|100/100
|move|p2a: Zamazenta|Roar|p1a: Slowking
|drag|p1a: Ogerpon|Ogerpon-Wellspring, F|100/100
|
|-heal|p2a: Zamazenta|93/100|[from] item: Leftovers
|upkeep
|turn|3
|inactive|pinguitc has 270 seconds left.
|
|t:|1769388991
|switch|p1a: Moltres|Moltres|100/100
|move|p2a: Zamazenta|Body Press|p1a: Moltres
|-resisted|p1a: Moltres
|-damage|p1a: Moltres|82/100
|-status|p2a: Zamazenta|brn|[from] ability: Flame Body|[of] p1a: Moltres
|
|-heal|p2a: Zamazenta|99/100 brn|[from] item: Leftovers
|-damage|p2a: Zamazenta|93/100 brn|[from] brn
|upkeep
|turn|4
|c|☆pinguitc|haxeando
|inactive|pinguitc has 240 seconds left.
|
|t:|1769389025
|switch|p1a: Slowking|Slowking-Galar, M|100/100
|move|p2a: Zamazenta|Roar|p1a: Slowking
|drag|p1a: Great Tusk|Great Tusk|100/100
|
|-heal|p2a: Zamazenta|99/100 brn|[from] item: Leftovers
|-damage|p2a: Zamazenta|93/100 brn|[from] brn
|upkeep
|turn|5
|
|t:|1769389038
|switch|p2a: Ogerpon|Ogerpon-Wellspring, F|100/100
|-end|p1a: Great Tusk|Protosynthesis|[silent]
|switch|p1a: Slowking|Slowking-Galar, M|100/100
|
|upkeep
|turn|6
|inactive|pinguitc has 210 seconds left.
|
|t:|1769389090
|-terastallize|p2a: Ogerpon|Water
|detailschange|p2a: Ogerpon|Ogerpon-Wellspring-Tera, F, tera:Water
|-ability|p2a: Ogerpon|Embody Aspect (Wellspring)|boost
|-boost|p2a: Ogerpon|spd|1
|move|p2a: Ogerpon|Swords Dance|p2a: Ogerpon
|-boost|p2a: Ogerpon|atk|2
|move|p1a: Slowking|Sludge Bomb|p2a: Ogerpon
|-damage|p2a: Ogerpon|63/100
|-status|p2a: Ogerpon|psn
|
|-damage|p2a: Ogerpon|51/100 psn|[from] psn
|upkeep
|turn|7
|c|☆pinguitc|hax
|
|t:|1769389104
|switch|p1a: Ogerpon|Ogerpon-Wellspring, F|100/100
|move|p2a: Ogerpon|Horn Leech|p1a: Ogerpon
|-damage|p1a: Ogerpon|0 fnt
|-heal|p2a: Ogerpon|100/100 psn|[from] drain|[of] p1a: Ogerpon
|faint|p1a: Ogerpon
|
|-damage|p2a: Ogerpon|88/100 psn|[from] psn
|upkeep
|
|t:|1769389120
|switch|p1a: Zamazenta|Zamazenta|100/100
|-ability|p1a: Zamazenta|Dauntless Shield|boost
|-boost|p1a: Zamazenta|def|1
|turn|8
|
|t:|1769389129
|move|p1a: Zamazenta|Close Combat|p2a: Ogerpon
|-damage|p2a: Ogerpon|6/100 psn
|-unboost|p1a: Zamazenta|def|1
|-unboost|p1a: Zamazenta|spd|1
|move|p2a: Ogerpon|Play Rough|p1a: Zamazenta|[miss]
|-miss|p2a: Ogerpon|p1a: Zamazenta
|
|-damage|p2a: Ogerpon|0 fnt|[from] psn
|faint|p2a: Ogerpon
|detailschange|p2: Ogerpon|Ogerpon-Wellspring, F|[silent]
|upkeep
|c|☆pinguitc|hax
|inactive|pinguitc has 180 seconds left.
|
|t:|1769389181
|switch|p2a: Moltres|Moltres-Galar|100/100
|turn|9
|inactive|pinguitc has 150 seconds left.
|
|t:|1769389200
|switch|p2a: Ceruledge|Ceruledge, F|100/100
|move|p1a: Zamazenta|Close Combat|p2a: Ceruledge
|-immune|p2a: Ceruledge
|
|upkeep
|turn|10
|inactive|pinguitc has 150 seconds left.
|
|t:|1769389217
|move|p1a: Zamazenta|Crunch|p2a: Ceruledge
|-supereffective|p2a: Ceruledge
|-damage|p2a: Ceruledge|31/100
|-ability|p2a: Ceruledge|Weak Armor|boost
|-unboost|p2a: Ceruledge|def|1
|-boost|p2a: Ceruledge|spe|2
|move|p2a: Ceruledge|Swords Dance|p2a: Ceruledge
|-boost|p2a: Ceruledge|atk|2
|
|upkeep
|turn|11
|inactive|pinguitc has 150 seconds left.
|
|t:|1769389239
|switch|p1a: Moltres|Moltres|82/100
|move|p2a: Ceruledge|Bitter Blade|p1a: Moltres
|-resisted|p1a: Moltres
|-damage|p1a: Moltres|46/100
|-heal|p2a: Ceruledge|55/100|[from] drain|[of] p1a: Moltres
|
|upkeep
|turn|12
|
|t:|1769389249
|move|p2a: Ceruledge|Poltergeist|p1a: Moltres
|-activate|p1a: Moltres|move: Poltergeist|Heavy-Duty Boots
|-damage|p1a: Moltres|0 fnt
|faint|p1a: Moltres
|
|upkeep
|
|t:|1769389256
|switch|p1a: Kingambit|Kingambit, M|100/100
|-activate|p1a: Kingambit|ability: Supreme Overlord
|-start|p1a: Kingambit|fallen2|[silent]
|turn|13
|inactive|pinguitc has 150 seconds left.
|
|t:|1769389267
|move|p2a: Ceruledge|Shadow Sneak|p1a: Kingambit
|-resisted|p1a: Kingambit
|-damage|p1a: Kingambit|82/100
|move|p1a: Kingambit|Sucker Punch||[still]
|-fail|p1a: Kingambit
|
|-heal|p1a: Kingambit|88/100|[from] item: Leftovers
|upkeep
|turn|14
|inactive|pinguitc has 150 seconds left.
|
|t:|1769389275
|move|p2a: Ceruledge|Shadow Sneak|p1a: Kingambit
|-resisted|p1a: Kingambit
|-damage|p1a: Kingambit|72/100
|move|p1a: Kingambit|Sucker Punch||[still]
|-fail|p1a: Kingambit
|
|-heal|p1a: Kingambit|79/100|[from] item: Leftovers
|upkeep
|turn|15
|inactive|pinguitc has 150 seconds left.
|
|t:|1769389286
|move|p1a: Kingambit|Sucker Punch|p2a: Ceruledge
|-supereffective|p2a: Ceruledge
|-damage|p2a: Ceruledge|0 fnt
|faint|p2a: Ceruledge
|
|-heal|p1a: Kingambit|85/100|[from] item: Leftovers
|upkeep
|inactive|pinguitc has 150 seconds left.
|
|t:|1769389315
|switch|p2a: Glimmora|Glimmora, M|100/100
|turn|16
|
|t:|1769389324
|move|p2a: Glimmora|Earth Power|p1a: Kingambit
|-supereffective|p1a: Kingambit
|-damage|p1a: Kingambit|19/100
|move|p1a: Kingambit|Iron Head|p2a: Glimmora
|-supereffective|p2a: Glimmora
|-damage|p2a: Glimmora|0 fnt
|-activate|p2a: Glimmora|ability: Toxic Debris
|-sidestart|p1: JoseWolf22|move: Toxic Spikes
|faint|p2a: Glimmora
|
|-heal|p1a: Kingambit|25/100|[from] item: Leftovers
|upkeep
|inactive|pinguitc has 120 seconds left.
|
|t:|1769389377
|switch|p2a: Moltres|Moltres-Galar|100/100
|turn|17
|
|t:|1769389387
|move|p2a: Moltres|Agility|p2a: Moltres
|-boost|p2a: Moltres|spe|2
|move|p1a: Kingambit|Iron Head|p2a: Moltres
|-damage|p2a: Moltres|63/100
|
|-heal|p1a: Kingambit|31/100|[from] item: Leftovers
|upkeep
|turn|18
|
|t:|1769389397
|move|p2a: Moltres|Fiery Wrath|p1a: Kingambit
|-resisted|p1a: Kingambit
|-damage|p1a: Kingambit|16/100
|cant|p1a: Kingambit|flinch
|
|-heal|p1a: Kingambit|22/100|[from] item: Leftovers
|upkeep
|turn|19
|
|t:|1769389407
|move|p2a: Moltres|Hurricane|p1a: Kingambit|[miss]
|-miss|p2a: Moltres|p1a: Kingambit
|move|p1a: Kingambit|Iron Head|p2a: Moltres
|-damage|p2a: Moltres|25/100
|-ability|p2a: Moltres|Berserk|boost
|-boost|p2a: Moltres|spa|1
|
|-heal|p1a: Kingambit|28/100|[from] item: Leftovers
|upkeep
|turn|20
|
|t:|1769389420
|move|p1a: Kingambit|Sucker Punch|p2a: Moltres
|-resisted|p2a: Moltres
|-damage|p2a: Moltres|8/100
|move|p2a: Moltres|Hurricane|p1a: Kingambit
|-resisted|p1a: Kingambit
|-damage|p1a: Kingambit|0 fnt
|faint|p1a: Kingambit
|-end|p1a: Kingambit|fallen2|[silent]
|
|upkeep
|
|t:|1769389429
|switch|p1a: Slowking|Slowking-Galar, M|100/100
|-sideend|p1: JoseWolf22|move: Toxic Spikes|[of] p1a: Slowking
|turn|21
|inactive|pinguitc has 120 seconds left.
|
|t:|1769389452
|-terastallize|p1a: Slowking|Fairy
|move|p2a: Moltres|Hurricane|p1a: Slowking
|-damage|p1a: Slowking|70/100
|move|p1a: Slowking|Sludge Bomb|p2a: Moltres
|-damage|p2a: Moltres|0 fnt
|faint|p2a: Moltres
|
|upkeep
|inactive|pinguitc has 120 seconds left.
|
|t:|1769389468
|switch|p2a: Deoxys|Deoxys-Speed|100/100
|-ability|p2a: Deoxys|Pressure
|turn|22
|
|t:|1769389474
|move|p2a: Deoxys|Light Screen|p2a: Deoxys
|-sidestart|p2: pinguitc|move: Light Screen
|move|p1a: Slowking|Sludge Bomb|p2a: Deoxys
|-damage|p2a: Deoxys|72/100
|
|upkeep
|turn|23
|
|t:|1769389481
|move|p2a: Deoxys|Psycho Boost|p1a: Slowking
|-damage|p1a: Slowking|48/100
|-unboost|p2a: Deoxys|spa|2
|move|p1a: Slowking|Sludge Bomb|p2a: Deoxys
|-damage|p2a: Deoxys|47/100
|-status|p2a: Deoxys|psn
|
|-damage|p2a: Deoxys|34/100 psn|[from] psn
|upkeep
|turn|24
|
|t:|1769389492
|move|p2a: Deoxys|Reflect|p2a: Deoxys
|-sidestart|p2: pinguitc|Reflect
|move|p1a: Slowking|Sludge Bomb|p2a: Deoxys
|-damage|p2a: Deoxys|7/100 psn
|
|-damage|p2a: Deoxys|0 fnt|[from] psn
|faint|p2a: Deoxys
|upkeep
|
|t:|1769389495
|switch|p2a: Zamazenta|Zamazenta|93/100 brn
|turn|25
|
|t:|1769389509
|move|p2a: Zamazenta|Heavy Slam|p1a: Slowking
|-supereffective|p1a: Slowking
|-damage|p1a: Slowking|32/100
|move|p1a: Slowking|Psychic Noise|p2a: Zamazenta
|-supereffective|p2a: Zamazenta
|-damage|p2a: Zamazenta|58/100 brn
|-start|p2a: Zamazenta|move: Heal Block
|
|-damage|p2a: Zamazenta|52/100 brn|[from] brn
|upkeep
|turn|26
|-message|pinguitc forfeited.
|
|win|JoseWolf22
