|j|☆mihatelover
|j|☆tomatoparis
|t:|1769420286
|gametype|singles
|player|p1|mihatelover|serena|1486
|player|p2|tomatoparis|102|1443
|gen|9
|tier|[Gen 9] OU
|rated|
|rule|HP Percentage Mod: HP is shown in percentages
|rule|Endless Battle Clause: Forcing endless battles is banned
|rule|Species Clause: Limit one of each Pokémon
|rule|OHKO Clause: OHKO moves are banned
|rule|Evasion Items Clause: Evasion items are banned
|rule|Evasion Moves Clause: Evasion moves are banned
|rule|Evasion Abilities Clause: Evasion abilities are banned
|rule|Sleep Moves Clause: Sleep-inducing moves are banned
|clearpoke
|poke|p1|Azumarill, M|
|poke|p1|Raging Bolt|
|poke|p1|Kingambit, M|
|poke|p1|Dragonite, M|
|poke|p1|Rillaboom, F|
|poke|p1|Ceruledge, M|
|poke|p2|Pelipper, M|
|poke|p2|Dondozo, M|
|poke|p2|Tyranitar, F|
|poke|p2|Barraskewda, F|
|poke|p2|Kingdra, M|
|poke|p2|Excadrill, M|
|teampreview
|inactive|Battle timer is ON: inactive players will automatically lose when time's up. (requested by mihatelover)
|
|t:|1769420304
|teamsize|p1|6
|teamsize|p2|6
|start
|switch|p1a: Rillaboom|Rillaboom, F|100/100
|switch|p2a: Tyranitar|Tyranitar, F|100/100
|-fieldstart|move: Grassy Terrain|[from] ability: Grassy Surge|[of] p1a: Rillaboom
|-weather|Sandstorm|[from] ability: Sand Stream|[of] p2a: Tyranitar
|turn|1
|
|t:|1769420309
|move|p1a: Rillaboom|Wood Hammer|p2a: Tyranitar
|-supereffective|p2a: Tyranitar
|-damage|p2a: Tyranitar|0 fnt
|faint|p2a: Tyranitar
|-damage|p1a: Rillaboom|61/100|[from] Recoil
|-damage|p1a: Rillaboom|52/100|[from] item: Life Orb
|
|-weather|Sandstorm|[upkeep]
|-damage|p1a: Rillaboom|45/100|[from] Sandstorm
|-heal|p1a: Rillaboom|52/100|[from] Grassy Terrain
|upkeep
|
|t:|1769420314
|switch|p2a: Dondozo|Dondozo, M|100/100
|turn|2
|
|t:|1769420317
|-terastallize|p2a: Dondozo|Dragon
|move|p1a: Rillaboom|Wood Hammer|p2a: Dondozo
|-resisted|p2a: Dondozo
|-damage|p2a: Dondozo|76/100
|-damage|p1a: Rillaboom|35/100|[from] item: Rocky Helmet|[of] p2a: Dondozo
|-damage|p1a: Rillaboom|23/100|[from] Recoil
|-damage|p1a: Rillaboom|13/100|[from] item: Life Orb
|move|p2a: Dondozo|Wave Crash|p1a: Rillaboom
|-resisted|p1a: Rillaboom
|-crit|p1a: Rillaboom
|-damage|p1a: Rillaboom|0 fnt
|faint|p1a: Rillaboom
|-damage|p2a: Dondozo|73/100|[from] Recoil
|
|-weather|Sandstorm|[upkeep]
|-damage|p2a: Dondozo|67/100|[from] Sandstorm
|-heal|p2a: Dondozo|73/100|[from] Grassy Terrain
|upkeep
|
|t:|1769420331
|switch|p1a: Dragonite|Dragonite, M|100/100
|turn|3
|
|t:|1769420335
|move|p1a: Dragonite|Outrage|p2a: Dondozo
|-supereffective|p2a: Dondozo
|-damage|p2a: Dondozo|0 fnt
|-damage|p1a: Dragonite|84/100|[from] item: Rocky Helmet|[of] p2a: Dondozo
|faint|p2a: Dondozo
|
|-weather|Sandstorm|[upkeep]
|-damage|p1a: Dragonite|78/100|[from] Sandstorm
|upkeep
|
|t:|1769420340
|switch|p2a: Excadrill|Excadrill, M|100/100
|turn|4
|
|t:|1769420343
|move|p2a: Excadrill|Iron Head|p1a: Dragonite
|-damage|p1a: Dragonite|5/100
|-damage|p2a: Excadrill|91/100|[from] item: Life Orb
|move|p1a: Dragonite|Outrage|p2a: Excadrill|[from] lockedmove
|-resisted|p2a: Excadrill
|-damage|p2a: Excadrill|9/100
|-start|p1a: Dragonite|confusion|[fatigue]
|
|-weather|Sandstorm|[upkeep]
|-damage|p1a: Dragonite|0 fnt|[from] Sandstorm
|faint|p1a: Dragonite
|-heal|p2a: Excadrill|15/100|[from] Grassy Terrain
|upkeep
|
|t:|1769420357
|switch|p1a: Azumarill|Azumarill, M|100/100
|turn|5
|
|t:|1769420361
|switch|p2a: Pelipper|Pelipper, M|100/100
|-weather|RainDance|[from] ability: Drizzle|[of] p2a: Pelipper
|move|p1a: Azumarill|Aqua Jet|p2a: Pelipper
|-resisted|p2a: Pelipper
|-damage|p2a: Pelipper|86/100
|
|-weather|RainDance|[upkeep]
|-fieldend|move: Grassy Terrain
|upkeep
|turn|6
|
|t:|1769420364
|move|p2a: Pelipper|U-turn|p1a: Azumarill
|-resisted|p1a: Azumarill
|-damage|p1a: Azumarill|96/100
|
|t:|1769420367
|switch|p2a: Kingdra|Kingdra, M|100/100|[from] U-turn
|move|p1a: Azumarill|Belly Drum|p1a: Azumarill
|-damage|p1a: Azumarill|46/100
|-setboost|p1a: Azumarill|atk|6|[from] move: Belly Drum
|-enditem|p1a: Azumarill|Sitrus Berry|[eat]
|-heal|p1a: Azumarill|71/100|[from] item: Sitrus Berry
|
|-weather|RainDance|[upkeep]
|upkeep
|turn|7
|
|t:|1769420380
|move|p2a: Kingdra|Hurricane|p1a: Azumarill
|-damage|p1a: Azumarill|34/100
|-damage|p2a: Kingdra|91/100|[from] item: Life Orb
|move|p1a: Azumarill|Play Rough|p2a: Kingdra
|-supereffective|p2a: Kingdra
|-damage|p2a: Kingdra|0 fnt
|faint|p2a: Kingdra
|
|-weather|RainDance|[upkeep]
|upkeep
|
|t:|1769420383
|switch|p2a: Barraskewda|Barraskewda, F|100/100
|turn|8
|
|t:|1769420388
|move|p1a: Azumarill|Aqua Jet|p2a: Barraskewda
|-resisted|p2a: Barraskewda
|-damage|p2a: Barraskewda|0 fnt
|faint|p2a: Barraskewda
|
|-weather|RainDance|[upkeep]
|upkeep
|-message|tomatoparis forfeited.
|
|win|mihatelover
|raw|mihatelover's rating: 1486 &rarr; <strong>1504</strong><br />(+18 for winning)
|raw|tomatoparis's rating: 1443 &rarr; <strong>1425</strong><br />(-18 for losing)
|l|☆tomatoparis
|player|p2|
|l|☆mihatelover
|player|p1|
