|j|☆Mathiaxsdu31
|j|☆Drake A Oak
|t:|1769430473
|gametype|singles
|player|p1|Mathiaxsdu31|2|1215
|player|p2|Drake A Oak|teamrocket|1243
|gen|9
|tier|[Gen 9] OU
|rated|
|rule|HP Percentage Mod: HP is shown in percentages
|rule|Endless Battle Clause: Forcing endless battles is banned
|rule|Species Clause: Limit one of each Pokémon
|rule|OHKO Clause: OHKO moves are banned
|rule|Evasion Items Clause: Evasion items are banned
|rule|Evasion Moves Clause: Evasion moves are banned
|rule|Evasion Abilities Clause: Evasion abilities are banned
|rule|Sleep Moves Clause: Sleep-inducing moves are banned
|clearpoke
|poke|p1|Meowscarada, F|
|poke|p1|Great Tusk|
|poke|p1|Primarina, F|
|poke|p1|Corviknight, M|
|poke|p1|Kyurem|
|poke|p1|Alomomola, F|
|poke|p2|Iron Valiant|
|poke|p2|Excadrill, M|
|poke|p2|Tyranitar, M|
|poke|p2|Tornadus-Therian, M|
|poke|p2|Ogerpon-Cornerstone, F|
|poke|p2|Toxapex, M|
|teampreview
|inactive|Battle timer is ON: inactive players will automatically lose when time's up. (requested by Drake A Oak)
|
|t:|1769430490
|teamsize|p1|6
|teamsize|p2|6
|start
|switch|p1a: Meowscarada|Meowscarada, F|100/100
|switch|p2a: Tyranitar|Tyranitar, M, shiny|100/100
|-weather|Sandstorm|[from] ability: Sand Stream|[of] p2a: Tyranitar
|turn|1
|
|t:|1769430500
|switch|p2a: Toxapex|Toxapex, M, shiny|100/100
|move|p1a: Meowscarada|U-turn|p2a: Toxapex
|-start|p1a: Meowscarada|typechange|Bug|[from] ability: Protean
|-resisted|p2a: Toxapex
|-damage|p2a: Toxapex|82/100
|-enditem|p2a: Toxapex|Eject Button
|
|t:|1769430509
|switch|p2a: Excadrill|Excadrill, M, shiny|100/100
|
|-weather|Sandstorm|[upkeep]
|-damage|p1a: Meowscarada|94/100|[from] Sandstorm
|upkeep
|turn|2
|
|t:|1769430516
|switch|p1a: Corviknight|Corviknight, M|100/100
|-ability|p1a: Corviknight|Pressure
|move|p2a: Excadrill|Substitute|p2a: Excadrill
|-start|p2a: Excadrill|Substitute
|-damage|p2a: Excadrill|76/100
|
|-weather|Sandstorm|[upkeep]
|-heal|p2a: Excadrill|82/100|[from] item: Leftovers
|upkeep
|turn|3
|
|t:|1769430531
|move|p2a: Excadrill|Rock Slide|p1a: Corviknight
|-damage|p1a: Corviknight|83/100
|cant|p1a: Corviknight|flinch
|
|-weather|Sandstorm|[upkeep]
|-heal|p2a: Excadrill|88/100|[from] item: Leftovers
|upkeep
|turn|4
|
|t:|1769430536
|move|p2a: Excadrill|Rock Slide|p1a: Corviknight
|-damage|p1a: Corviknight|66/100
|move|p1a: Corviknight|Bulk Up|p1a: Corviknight
|-boost|p1a: Corviknight|atk|1
|-boost|p1a: Corviknight|def|1
|
|-weather|Sandstorm|[upkeep]
|-heal|p2a: Excadrill|94/100|[from] item: Leftovers
|upkeep
|turn|5
|
|t:|1769430543
|switch|p2a: Iron Valiant|Iron Valiant, shiny|100/100
|move|p1a: Corviknight|Bulk Up|p1a: Corviknight
|-boost|p1a: Corviknight|atk|1
|-boost|p1a: Corviknight|def|1
|
|-weather|Sandstorm|[upkeep]
|-damage|p2a: Iron Valiant|94/100|[from] Sandstorm
|upkeep
|turn|6
|
|t:|1769430560
|switch|p1a: Great Tusk|Great Tusk|100/100
|move|p2a: Iron Valiant|Thunderbolt|p1a: Great Tusk
|-immune|p1a: Great Tusk
|
|-weather|Sandstorm|[upkeep]
|-damage|p2a: Iron Valiant|88/100|[from] Sandstorm
|upkeep
|turn|7
|
|t:|1769430574
|-end|p2a: Iron Valiant|Quark Drive|[silent]
|switch|p2a: Tornadus|Tornadus-Therian, M, shiny|100/100
|-end|p1a: Great Tusk|Protosynthesis|[silent]
|switch|p1a: Alomomola|Alomomola, F|100/100
|
|-weather|Sandstorm|[upkeep]
|-damage|p2a: Tornadus|94/100|[from] Sandstorm
|-damage|p1a: Alomomola|94/100|[from] Sandstorm
|upkeep
|turn|8
|inactive|Drake A Oak has 120 seconds left.
|
|t:|1769430609
|switch|p2a: Ogerpon|Ogerpon-Cornerstone, F|100/100
|move|p1a: Alomomola|Flip Turn|p2a: Ogerpon
|-damage|p2a: Ogerpon|80/100
|
|t:|1769430623
|switch|p1a: Meowscarada|Meowscarada, F|94/100|[from] Flip Turn
|
|-weather|none
|upkeep
|turn|9
|
|t:|1769430631
|move|p1a: Meowscarada|U-turn|p2a: Ogerpon
|-start|p1a: Meowscarada|typechange|Bug|[from] ability: Protean
|-supereffective|p2a: Ogerpon
|-damage|p2a: Ogerpon|0 fnt
|faint|p2a: Ogerpon
|
|t:|1769430647
|switch|p1a: Great Tusk|Great Tusk|100/100|[from] U-turn
|
|upkeep
|inactive|Drake A Oak has 120 seconds left.
|inactive|Drake A Oak has 90 seconds left.
|
|t:|1769430726
|switch|p2a: Tornadus|Tornadus-Therian, M, shiny|100/100
|turn|10
|
|t:|1769430734
|-end|p1a: Great Tusk|Protosynthesis|[silent]
|switch|p1a: Alomomola|Alomomola, F|100/100
|move|p2a: Tornadus|Bleakwind Storm|p1a: Alomomola
|-damage|p1a: Alomomola|65/100
|-unboost|p1a: Alomomola|spe|1
|
|upkeep
|turn|11
|inactive|Drake A Oak has 60 seconds left.
|
|t:|1769430766
|switch|p2a: Toxapex|Toxapex, M, shiny|100/100
|move|p1a: Alomomola|Flip Turn|p2a: Toxapex
|-resisted|p2a: Toxapex
|-damage|p2a: Toxapex|95/100
|
|t:|1769430778
|switch|p1a: Great Tusk|Great Tusk|100/100|[from] Flip Turn
|
|upkeep
|turn|12
|inactive|Drake A Oak has 60 seconds left.
|
|t:|1769430788
|switch|p2a: Tornadus|Tornadus-Therian, M, shiny|100/100
|move|p1a: Great Tusk|Stealth Rock|p2a: Tornadus
|-sidestart|p2: Drake A Oak|move: Stealth Rock
|
|upkeep
|turn|13
|
|t:|1769430798
|-end|p1a: Great Tusk|Protosynthesis|[silent]
|switch|p1a: Alomomola|Alomomola, F|99/100
|move|p2a: Tornadus|Bleakwind Storm|p1a: Alomomola|[miss]
|-miss|p2a: Tornadus|p1a: Alomomola
|
|upkeep
|turn|14
|
|t:|1769430810
|switch|p2a: Iron Valiant|Iron Valiant, shiny|88/100
|-damage|p2a: Iron Valiant|82/100|[from] Stealth Rock
|move|p1a: Alomomola|Flip Turn|p2a: Iron Valiant
|-crit|p2a: Iron Valiant
|-damage|p2a: Iron Valiant|52/100
|
|t:|1769430820
|switch|p1a: Meowscarada|Meowscarada, F|94/100|[from] Flip Turn
|
|upkeep
|turn|15
|
|t:|1769430827
|move|p1a: Meowscarada|Flower Trick|p2a: Iron Valiant
|-start|p1a: Meowscarada|typechange|Grass|[from] ability: Protean
|-crit|p2a: Iron Valiant
|-damage|p2a: Iron Valiant|0 fnt
|faint|p2a: Iron Valiant
|-end|p2a: Iron Valiant|Quark Drive|[silent]
|
|upkeep
|-message|Drake A Oak forfeited.
|
|win|Mathiaxsdu31
|raw|Mathiaxsdu31's rating: 1215 &rarr; <strong>1242</strong><br />(+27 for winning)
|raw|Drake A Oak's rating: 1243 &rarr; <strong>1216</strong><br />(-27 for losing)
|l|☆Drake A Oak
|player|p2|
