|j|☆2004 Lexus GX470
|j|☆Eel56
|t:|1769372625
|gametype|singles
|player|p1|2004 Lexus GX470|rocketgruntf|1677
|player|p2|Eel56|265|1876
|gen|9
|tier|[Gen 9] OU
|rated|
|rule|HP Percentage Mod: HP is shown in percentages
|rule|Endless Battle Clause: Forcing endless battles is banned
|rule|Species Clause: Limit one of each Pokémon
|rule|OHKO Clause: OHKO moves are banned
|rule|Evasion Items Clause: Evasion items are banned
|rule|Evasion Moves Clause: Evasion moves are banned
|rule|Evasion Abilities Clause: Evasion abilities are banned
|rule|Sleep Moves Clause: Sleep-inducing moves are banned
|clearpoke
|poke|p1|Rabsca, M|
|poke|p1|Kingambit, M|
|poke|p1|Iron Valiant|
|poke|p1|Great Tusk|
|poke|p1|Hatterene, F|
|poke|p1|Dragonite, M|
|poke|p2|Great Tusk|
|poke|p2|Pecharunt|
|poke|p2|Iron Valiant|
|poke|p2|Iron Crown|
|poke|p2|Samurott-Hisui, M|
|poke|p2|Dragonite, M|
|teampreview
|
|t:|1769372643
|teamsize|p1|6
|teamsize|p2|6
|start
|switch|p1a: To The Moon|Dragonite, M|100/100
|switch|p2a: Iron Valiant|Iron Valiant, shiny|100/100
|turn|1
|
|t:|1769372653
|-end|p2a: Iron Valiant|Quark Drive|[silent]
|switch|p2a: Pecharunt|Pecharunt|100/100
|switch|p1a: Bounce On It|Hatterene, F|100/100
|
|upkeep
|turn|2
|
|t:|1769372661
|move|p2a: Pecharunt|Malignant Chain|p1a: Bounce On It
|-supereffective|p1a: Bounce On It
|-damage|p1a: Bounce On It|64/100
|move|p1a: Bounce On It|Nuzzle|p2a: Pecharunt
|-damage|p2a: Pecharunt|98/100
|-status|p2a: Pecharunt|par
|-damage|p1a: Bounce On It|47/100|[from] item: Rocky Helmet|[of] p2a: Pecharunt
|
|upkeep
|turn|3
|
|t:|1769372682
|cant|p2a: Pecharunt|par
|move|p1a: Bounce On It|Future Sight|p2a: Pecharunt
|-start|p1a: Bounce On It|move: Future Sight
|
|upkeep
|turn|4
|
|t:|1769372690
|switch|p1a: To The Moon|Dragonite, M|100/100
|move|p2a: Pecharunt|Parting Shot|p1a: To The Moon
|-unboost|p1a: To The Moon|atk|1
|-unboost|p1a: To The Moon|spa|1
|
|t:|1769372696
|switch|p2a: Samurott|Samurott-Hisui, M, shiny|100/100|[from] Parting Shot
|
|upkeep
|turn|5
|
|t:|1769372704
|move|p2a: Samurott|Ceaseless Edge|p1a: To The Moon
|-damage|p1a: To The Moon|67/100
|-sidestart|p1: 2004 Lexus GX470|Spikes
|move|p1a: To The Moon|Dragon Dance|p1a: To The Moon
|-boost|p1a: To The Moon|atk|1
|-boost|p1a: To The Moon|spe|1
|
|-end|p2a: Samurott|move: Future Sight
|-immune|p2a: Samurott
|upkeep
|turn|6
|
|t:|1769372715
|move|p1a: To The Moon|Roost|p1a: To The Moon
|-heal|p1a: To The Moon|100/100
|-singleturn|p1a: To The Moon|move: Roost
|move|p2a: Samurott|Knock Off|p1a: To The Moon
|-damage|p1a: To The Moon|65/100
|-enditem|p1a: To The Moon|Covert Cloak|[from] move: Knock Off|[of] p2a: Samurott
|
|upkeep
|turn|7
|
|t:|1769372724
|move|p1a: To The Moon|Dragon Dance|p1a: To The Moon
|-boost|p1a: To The Moon|atk|1
|-boost|p1a: To The Moon|spe|1
|move|p2a: Samurott|Flip Turn|p1a: To The Moon
|-resisted|p1a: To The Moon
|-damage|p1a: To The Moon|45/100
|
|t:|1769372756
|switch|p2a: Dragonite|Dragonite, M, shiny|100/100|[from] Flip Turn
|
|upkeep
|turn|8
|
|t:|1769372761
|-terastallize|p2a: Dragonite|Flying
|move|p1a: To The Moon|Roost|p1a: To The Moon
|-heal|p1a: To The Moon|95/100
|-singleturn|p1a: To The Moon|move: Roost
|move|p2a: Dragonite|Tera Blast|p1a: To The Moon|[anim] Tera Blast Flying
|-damage|p1a: To The Moon|24/100
|
|upkeep
|turn|9
|
|t:|1769372788
|move|p1a: To The Moon|Tera Blast|p2a: Dragonite
|-damage|p2a: Dragonite|95/100
|move|p2a: Dragonite|Tera Blast|p1a: To The Moon|[anim] Tera Blast Flying
|-damage|p1a: To The Moon|0 fnt
|faint|p1a: To The Moon
|
|upkeep
|
|t:|1769372803
|switch|p1a: Mandatory|Iron Valiant|100/100
|-damage|p1a: Mandatory|88/100|[from] Spikes
|-enditem|p1a: Mandatory|Booster Energy
|-activate|p1a: Mandatory|ability: Quark Drive|[fromitem]
|-start|p1a: Mandatory|quarkdrivespe
|turn|10
|l|☆Eel56
|player|p2|
|j|☆Eel56
|player|p2|Eel56|265|
|
|t:|1769372816
|-terastallize|p1a: Mandatory|Electric
|move|p1a: Mandatory|Thunderbolt|p2a: Dragonite
|-supereffective|p2a: Dragonite
|-damage|p2a: Dragonite|0 fnt
|faint|p2a: Dragonite
|
|upkeep
|
|t:|1769372833
|switch|p2a: Iron Crown|Iron Crown|100/100
|turn|11
|
|t:|1769372848
|move|p1a: Mandatory|Knock Off|p2a: Iron Crown
|-supereffective|p2a: Iron Crown
|-damage|p2a: Iron Crown|46/100
|-enditem|p2a: Iron Crown|Assault Vest|[from] move: Knock Off|[of] p1a: Mandatory
|move|p2a: Iron Crown|Psychic Noise|p1a: Mandatory
|-damage|p1a: Mandatory|12/100
|-start|p1a: Mandatory|move: Heal Block
|
|upkeep
|turn|12
|
|t:|1769372859
|move|p1a: Mandatory|Thunderbolt|p2a: Iron Crown
|-damage|p2a: Iron Crown|4/100
|move|p2a: Iron Crown|Tachyon Cutter|p1a: Mandatory
|-resisted|p1a: Mandatory
|-damage|p1a: Mandatory|0 fnt
|faint|p1a: Mandatory
|-end|p1a: Mandatory|Quark Drive|[silent]
|-hitcount|p1: Mandatory|1
|
|upkeep
|
|t:|1769372879
|switch|p1a: Statutory|Great Tusk|100/100
|turn|13
|
|t:|1769372887
|-end|p2a: Iron Crown|Quark Drive|[silent]
|switch|p2a: Pecharunt|Pecharunt|98/100 par
|move|p1a: Statutory|Rapid Spin|p2a: Pecharunt
|-immune|p2a: Pecharunt
|
|upkeep
|turn|14
|
|t:|1769372894
|move|p1a: Statutory|Stealth Rock|p2a: Pecharunt
|-sidestart|p2: Eel56|move: Stealth Rock
|move|p2a: Pecharunt|Shadow Ball|p1a: Statutory
|-damage|p1a: Statutory|70/100
|
|upkeep
|turn|15
|
|t:|1769372896
|move|p1a: Statutory|Headlong Rush|p2a: Pecharunt
|-supereffective|p2a: Pecharunt
|-crit|p2a: Pecharunt
|-damage|p2a: Pecharunt|27/100 par
|-unboost|p1a: Statutory|def|1
|-unboost|p1a: Statutory|spd|1
|-damage|p1a: Statutory|53/100|[from] item: Rocky Helmet|[of] p2a: Pecharunt
|cant|p2a: Pecharunt|par
|
|upkeep
|turn|16
|
|t:|1769372905
|move|p1a: Statutory|Headlong Rush|p2a: Pecharunt
|-supereffective|p2a: Pecharunt
|-damage|p2a: Pecharunt|0 fnt
|-unboost|p1a: Statutory|def|1
|-unboost|p1a: Statutory|spd|1
|-damage|p1a: Statutory|37/100|[from] item: Rocky Helmet|[of] p2a: Pecharunt
|faint|p2a: Pecharunt
|
|upkeep
|
|t:|1769372912
|switch|p2a: Iron Valiant|Iron Valiant, shiny|100/100
|-damage|p2a: Iron Valiant|94/100|[from] Stealth Rock
|turn|17
|
|t:|1769372915
|move|p2a: Iron Valiant|Moonblast|p1a: Statutory
|-supereffective|p1a: Statutory
|-damage|p1a: Statutory|0 fnt
|faint|p1a: Statutory
|-end|p1a: Statutory|Protosynthesis|[silent]
|
|upkeep
|
|t:|1769372931
|switch|p1a: better for her|Rabsca, M|100/100
|-damage|p1a: better for her|88/100|[from] Spikes
|turn|18
|
|t:|1769372935
|move|p2a: Iron Valiant|Moonblast|p1a: better for her
|-damage|p1a: better for her|15/100
|-unboost|p1a: better for her|spa|1
|move|p1a: better for her|Trick Room|p1a: better for her
|-fieldstart|move: Trick Room|[of] p1a: better for her
|
|upkeep
|turn|19
|
|t:|1769372945
|-end|p2a: Iron Valiant|Quark Drive|[silent]
|switch|p2a: Samurott|Samurott-Hisui, M, shiny|100/100
|-damage|p2a: Samurott|88/100|[from] Stealth Rock
|move|p1a: better for her|Psychic Noise|p2a: Samurott
|-immune|p2a: Samurott
|
|upkeep
|turn|20
|
|t:|1769372954
|move|p2a: Samurott|Sucker Punch|p1a: better for her
|-supereffective|p1a: better for her
|-damage|p1a: better for her|0 fnt
|faint|p1a: better for her
|
|upkeep
|
|t:|1769372956
|switch|p1a: Wiggie Smalls|Kingambit, M|100/100
|-damage|p1a: Wiggie Smalls|88/100|[from] Spikes
|-activate|p1a: Wiggie Smalls|ability: Supreme Overlord
|-start|p1a: Wiggie Smalls|fallen4|[silent]
|turn|21
|j| 2138721O2318973!
|
|t:|1769372965
|-end|p1a: Wiggie Smalls|fallen4|[silent]
|switch|p1a: Bounce On It|Hatterene, F|47/100
|-damage|p1a: Bounce On It|35/100|[from] Spikes
|move|p2a: Samurott|Flip Turn|p1a: Bounce On It
|-damage|p1a: Bounce On It|0 fnt
|faint|p1a: Bounce On It
|
|t:|1769372971
|switch|p2a: Iron Valiant|Iron Valiant, shiny|94/100|[from] Flip Turn
|-damage|p2a: Iron Valiant|88/100|[from] Stealth Rock
|
|upkeep
|
|t:|1769372974
|switch|p1a: Wiggie Smalls|Kingambit, M|88/100
|-damage|p1a: Wiggie Smalls|76/100|[from] Spikes
|-activate|p1a: Wiggie Smalls|ability: Supreme Overlord
|-start|p1a: Wiggie Smalls|fallen5|[silent]
|turn|22
|
|t:|1769372976
|move|p2a: Iron Valiant|Vacuum Wave|p1a: Wiggie Smalls
|-supereffective|p1a: Wiggie Smalls
|-damage|p1a: Wiggie Smalls|0 fnt
|faint|p1a: Wiggie Smalls
|-end|p1a: Wiggie Smalls|fallen5|[silent]
|
|win|Eel56
|raw|2004 Lexus GX470's rating: 1677 &rarr; <strong>1667</strong><br />(-10 for losing)
|raw|Eel56's rating: 1876 &rarr; <strong>1886</strong><br />(+10 for winning)
|l|☆2004 Lexus GX470
|player|p1|
|l|☆Eel56
|player|p2|
|l| 2138721O2318973!
