|j|☆roddyj
|j|☆Iznamakin
|t:|1769399738
|gametype|singles
|player|p1|roddyj|ethan|1689
|player|p2|Iznamakin|chase|1892
|gen|9
|tier|[Gen 9] OU
|rated|
|rule|HP Percentage Mod: HP is shown in percentages
|rule|Endless Battle Clause: Forcing endless battles is banned
|rule|Species Clause: Limit one of each Pokémon
|rule|OHKO Clause: OHKO moves are banned
|rule|Evasion Items Clause: Evasion items are banned
|rule|Evasion Moves Clause: Evasion moves are banned
|rule|Evasion Abilities Clause: Evasion abilities are banned
|rule|Sleep Moves Clause: Sleep-inducing moves are banned
|clearpoke
|poke|p1|Dragapult, F|
|poke|p1|Iron Moth|
|poke|p1|Ogerpon-Wellspring, F|
|poke|p1|Blaziken, M|
|poke|p1|Corviknight, F|
|poke|p1|Incineroar, M|
|poke|p2|Iron Valiant|
|poke|p2|Greninja-*, M|
|poke|p2|Glimmora, M|
|poke|p2|Kingambit, M|
|poke|p2|Iron Jugulis|
|poke|p2|Iron Moth|
|teampreview
|inactive|Battle timer is ON: inactive players will automatically lose when time's up. (requested by roddyj)
|j| tars0
|inactive|roddyj has 120 seconds left.
|inactive|roddyj has 90 seconds left.
|inactive|roddyj has 60 seconds left.
|
|t:|1769399840
|teamsize|p1|6
|teamsize|p2|6
|start
|switch|p1a: Dragapult|Dragapult, F, shiny|100/100
|switch|p2a: Glimmora|Glimmora, M|100/100
|turn|1
|
|t:|1769399853
|move|p1a: Dragapult|Dragon Darts|p2a: Glimmora
|-damage|p2a: Glimmora|58/100
|-activate|p2a: Glimmora|ability: Toxic Debris
|-sidestart|p1: roddyj|move: Toxic Spikes
|-anim|p1a: Dragapult|Dragon Darts|p2a: Glimmora
|-damage|p2a: Glimmora|10/100
|-activate|p2a: Glimmora|ability: Toxic Debris
|-sidestart|p1: roddyj|move: Toxic Spikes
|move|p2a: Glimmora|Stealth Rock|p1a: Dragapult
|-sidestart|p1: roddyj|move: Stealth Rock
|
|upkeep
|turn|2
|
|t:|1769399858
|move|p1a: Dragapult|Dragon Darts|p2a: Glimmora
|-damage|p2a: Glimmora|0 fnt
|faint|p2a: Glimmora
|
|upkeep
|
|t:|1769399860
|switch|p2a: Iron Jugulis|Iron Jugulis|100/100
|-enditem|p2a: Iron Jugulis|Booster Energy
|-activate|p2a: Iron Jugulis|ability: Quark Drive|[fromitem]
|-start|p2a: Iron Jugulis|quarkdrivespe
|turn|3
|
|t:|1769399865
|switch|p1a: Incineroar|Incineroar, M, shiny|100/100
|-ability|p1a: Incineroar|Intimidate|boost
|-unboost|p2a: Iron Jugulis|atk|1
|move|p2a: Iron Jugulis|Knock Off|p1a: Incineroar
|-resisted|p1a: Incineroar
|-damage|p1a: Incineroar|92/100
|-enditem|p1a: Incineroar|Heavy-Duty Boots|[from] move: Knock Off|[of] p2a: Iron Jugulis
|
|upkeep
|turn|4
|
|t:|1769399868
|move|p2a: Iron Jugulis|Taunt|p1a: Incineroar
|-start|p1a: Incineroar|move: Taunt
|cant|p1a: Incineroar|move: Taunt|Parting Shot
|
|upkeep
|turn|5
|
|t:|1769399873
|move|p2a: Iron Jugulis|Hurricane|p1a: Incineroar
|-damage|p1a: Incineroar|53/100
|move|p1a: Incineroar|Temper Flare|p2a: Iron Jugulis
|-damage|p2a: Iron Jugulis|32/100
|
|upkeep
|turn|6
|
|t:|1769399879
|move|p2a: Iron Jugulis|Hurricane|p1a: Incineroar|[miss]
|-miss|p2a: Iron Jugulis|p1a: Incineroar
|move|p1a: Incineroar|Temper Flare|p2a: Iron Jugulis
|-damage|p2a: Iron Jugulis|0 fnt
|faint|p2a: Iron Jugulis
|-end|p2a: Iron Jugulis|Quark Drive|[silent]
|
|-end|p1a: Incineroar|move: Taunt
|upkeep
|
|t:|1769399881
|switch|p2a: Greninja|Greninja, M|100/100
|turn|7
|
|t:|1769399887
|-terastallize|p1a: Incineroar|Dragon
|move|p2a: Greninja|Dark Pulse|p1a: Incineroar
|-damage|p1a: Incineroar|21/100
|-damage|p2a: Greninja|91/100|[from] item: Life Orb
|move|p1a: Incineroar|Parting Shot|p2a: Greninja
|-unboost|p2a: Greninja|atk|1
|-unboost|p2a: Greninja|spa|1
|
|t:|1769399894
|switch|p1a: Corviknight|Corviknight, F, shiny|100/100|[from] Parting Shot
|-damage|p1a: Corviknight|88/100|[from] Stealth Rock
|-ability|p1a: Corviknight|Pressure
|
|-heal|p1a: Corviknight|94/100|[from] item: Leftovers
|upkeep
|turn|8
|
|t:|1769399901
|switch|p2a: Iron Moth|Iron Moth|100/100
|-enditem|p2a: Iron Moth|Booster Energy
|-activate|p2a: Iron Moth|ability: Quark Drive|[fromitem]
|-start|p2a: Iron Moth|quarkdrivespe
|move|p1a: Corviknight|Defog|p2a: Iron Moth
|-unboost|p2a: Iron Moth|evasion|1
|-sideend|p1: roddyj|Toxic Spikes|[from] move: Defog|[of] p1a: Corviknight
|-sideend|p1: roddyj|Stealth Rock|[from] move: Defog|[of] p1a: Corviknight
|
|-heal|p1a: Corviknight|99/100|[from] item: Leftovers
|upkeep
|turn|9
|
|t:|1769399907
|switch|p1a: Incineroar|Incineroar, M, shiny, tera:Dragon|21/100
|-ability|p1a: Incineroar|Intimidate|boost
|-unboost|p2a: Iron Moth|atk|1
|move|p2a: Iron Moth|Fiery Dance|p1a: Incineroar
|-resisted|p1a: Incineroar
|-damage|p1a: Incineroar|7/100
|
|upkeep
|turn|10
|
|t:|1769399911
|move|p2a: Iron Moth|Fiery Dance|p1a: Incineroar
|-resisted|p1a: Incineroar
|-damage|p1a: Incineroar|0 fnt
|-boost|p2a: Iron Moth|spa|1
|faint|p1a: Incineroar
|
|upkeep
|
|t:|1769399922
|switch|p1a: Dragapult|Dragapult, F, shiny|100/100
|turn|11
|
|t:|1769399925
|move|p2a: Iron Moth|Fiery Dance|p1a: Dragapult
|-resisted|p1a: Dragapult
|-damage|p1a: Dragapult|59/100
|move|p1a: Dragapult|Dragon Darts|p2a: Iron Moth
|-damage|p2a: Iron Moth|39/100
|-anim|p1a: Dragapult|Dragon Darts|p2a: Iron Moth
|-damage|p2a: Iron Moth|0 fnt
|faint|p2a: Iron Moth
|-end|p2a: Iron Moth|Quark Drive|[silent]
|
|upkeep
|
|t:|1769399930
|switch|p2a: Iron Valiant|Iron Valiant|100/100
|-enditem|p2a: Iron Valiant|Booster Energy
|-activate|p2a: Iron Valiant|ability: Quark Drive|[fromitem]
|-start|p2a: Iron Valiant|quarkdrivespe
|turn|12
|
|t:|1769399933
|switch|p1a: Corviknight|Corviknight, F, shiny|99/100
|-ability|p1a: Corviknight|Pressure
|move|p2a: Iron Valiant|Swords Dance|p2a: Iron Valiant
|-boost|p2a: Iron Valiant|atk|2
|
|-heal|p1a: Corviknight|100/100|[from] item: Leftovers
|upkeep
|turn|13
|
|t:|1769399937
|-terastallize|p2a: Iron Valiant|Steel
|move|p2a: Iron Valiant|Swords Dance|p2a: Iron Valiant
|-boost|p2a: Iron Valiant|atk|2
|move|p1a: Corviknight|Brave Bird|p2a: Iron Valiant
|-resisted|p2a: Iron Valiant
|-damage|p2a: Iron Valiant|76/100
|-damage|p1a: Corviknight|94/100|[from] Recoil
|
|-heal|p1a: Corviknight|100/100|[from] item: Leftovers
|upkeep
|turn|14
|j| poop342424
|
|t:|1769399939
|move|p2a: Iron Valiant|Close Combat|p1a: Corviknight
|-damage|p1a: Corviknight|0 fnt
|-unboost|p2a: Iron Valiant|def|1
|-unboost|p2a: Iron Valiant|spd|1
|faint|p1a: Corviknight
|
|upkeep
|
|t:|1769399948
|switch|p1a: Blaziken|Blaziken, M, shiny|100/100
|turn|15
|
|t:|1769399951
|move|p2a: Iron Valiant|Close Combat|p1a: Blaziken
|-enditem|p1a: Blaziken|Focus Sash
|-damage|p1a: Blaziken|1/100
|-unboost|p2a: Iron Valiant|def|1
|-unboost|p2a: Iron Valiant|spd|1
|move|p1a: Blaziken|Reversal|p2a: Iron Valiant
|-supereffective|p2a: Iron Valiant
|-damage|p2a: Iron Valiant|0 fnt
|faint|p2a: Iron Valiant
|-end|p2a: Iron Valiant|Quark Drive|[silent]
|
|-ability|p1a: Blaziken|Speed Boost|boost
|-boost|p1a: Blaziken|spe|1
|upkeep
|
|t:|1769399953
|switch|p2a: Greninja|Greninja, M|91/100
|turn|16
|
|t:|1769399956
|move|p1a: Blaziken|Endure|p1a: Blaziken
|-singleturn|p1a: Blaziken|move: Endure
|move|p2a: Greninja|Dark Pulse|p1a: Blaziken
|-resisted|p1a: Blaziken
|-activate|p1a: Blaziken|move: Endure
|-damage|p1a: Blaziken|1/100
|-damage|p2a: Greninja|81/100|[from] item: Life Orb
|
|-ability|p1a: Blaziken|Speed Boost|boost
|-boost|p1a: Blaziken|spe|1
|upkeep
|turn|17
|
|t:|1769399962
|switch|p1a: Ogerpon|Ogerpon-Wellspring, F|100/100
|move|p2a: Greninja|Water Shuriken|p1a: Ogerpon
|-immune|p1a: Ogerpon|[from] ability: Water Absorb
|
|upkeep
|turn|18
|
|t:|1769399966
|move|p2a: Greninja|Dark Pulse|p1a: Ogerpon
|-damage|p1a: Ogerpon|45/100
|-damage|p2a: Greninja|71/100|[from] item: Life Orb
|move|p1a: Ogerpon|Trailblaze|p2a: Greninja
|-supereffective|p2a: Greninja
|-damage|p2a: Greninja|0 fnt
|-boost|p1a: Ogerpon|spe|1
|faint|p2a: Greninja
|
|upkeep
|
|t:|1769399967
|switch|p2a: Kingambit|Kingambit, M|100/100
|-activate|p2a: Kingambit|ability: Supreme Overlord
|-start|p2a: Kingambit|fallen5|[silent]
|turn|19
|
|t:|1769399974
|switch|p1a: Dragapult|Dragapult, F, shiny|59/100
|move|p2a: Kingambit|Sucker Punch||[still]
|-fail|p2a: Kingambit
|
|upkeep
|turn|20
|
|t:|1769399978
|move|p1a: Dragapult|Outrage|p2a: Kingambit
|-resisted|p2a: Kingambit
|-damage|p2a: Kingambit|62/100
|move|p2a: Kingambit|Swords Dance|p2a: Kingambit
|-boost|p2a: Kingambit|atk|2
|
|-heal|p2a: Kingambit|69/100|[from] item: Leftovers
|upkeep
|turn|21
|
|t:|1769399981
|move|p2a: Kingambit|Sucker Punch|p1a: Dragapult
|-supereffective|p1a: Dragapult
|-damage|p1a: Dragapult|0 fnt
|faint|p1a: Dragapult
|
|-heal|p2a: Kingambit|75/100|[from] item: Leftovers
|upkeep
|
|t:|1769399983
|switch|p1a: Ogerpon|Ogerpon-Wellspring, F|45/100
|turn|22
|
|t:|1769399985
|move|p2a: Kingambit|Sucker Punch||[still]
|-fail|p2a: Kingambit
|move|p1a: Ogerpon|Encore|p2a: Kingambit
|-start|p2a: Kingambit|Encore
|
|-heal|p2a: Kingambit|81/100|[from] item: Leftovers
|upkeep
|turn|23
|
|t:|1769399988
|move|p2a: Kingambit|Sucker Punch||[still]
|-fail|p2a: Kingambit
|move|p1a: Ogerpon|Swords Dance|p1a: Ogerpon
|-boost|p1a: Ogerpon|atk|2
|
|-heal|p2a: Kingambit|87/100|[from] item: Leftovers
|upkeep
|turn|24
|-message|Iznamakin forfeited.
|
|win|roddyj
|raw|roddyj's rating: 1689 &rarr; <strong>1720</strong><br />(+31 for winning)
|raw|Iznamakin's rating: 1892 &rarr; <strong>1861</strong><br />(-31 for losing)
|l|☆Iznamakin
|player|p2|
|l|☆roddyj
|player|p1|
|l| tars0
