|j|☆G-recike
|j|☆mister shiz
|t:|1769295594
|gametype|singles
|player|p1|G-recike|colress|1315
|player|p2|mister shiz|sage|1316
|gen|9
|tier|[Gen 9] OU
|rated|
|rule|HP Percentage Mod: HP is shown in percentages
|rule|Endless Battle Clause: Forcing endless battles is banned
|rule|Species Clause: Limit one of each Pokémon
|rule|OHKO Clause: OHKO moves are banned
|rule|Evasion Items Clause: Evasion items are banned
|rule|Evasion Moves Clause: Evasion moves are banned
|rule|Evasion Abilities Clause: Evasion abilities are banned
|rule|Sleep Moves Clause: Sleep-inducing moves are banned
|clearpoke
|poke|p1|Hatterene, F|
|poke|p1|Kleavor, F|
|poke|p1|Rillaboom, F|
|poke|p1|Torkoal, M|
|poke|p1|Walking Wake|
|poke|p1|Kingambit, M|
|poke|p2|Goodra-Hisui, F|
|poke|p2|Alomomola, F|
|poke|p2|Ting-Lu|
|poke|p2|Sinistcha|
|poke|p2|Zamazenta-*|
|poke|p2|Scizor, F|
|teampreview
|
|t:|1769295606
|teamsize|p1|6
|teamsize|p2|6
|start
|switch|p1a: Kleavor|Kleavor, F|100/100
|switch|p2a: Ting-Lu|Ting-Lu|100/100
|-ability|p2a: Ting-Lu|Vessel of Ruin
|turn|1
|inactive|Battle timer is ON: inactive players will automatically lose when time's up. (requested by mister shiz)
|inactive|mister shiz has 120 seconds left.
|
|t:|1769295658
|switch|p2a: Goodra|Goodra-Hisui, F|100/100
|move|p1a: Kleavor|U-turn|p2a: Goodra
|-resisted|p2a: Goodra
|-crit|p2a: Goodra
|-damage|p2a: Goodra|72/100
|-ability|p2a: Goodra|Gooey
|-unboost|p1a: Kleavor|spe|1
|
|t:|1769295667
|switch|p1a: Hibiki|Rillaboom, F|100/100|[from] U-turn
|-fieldstart|move: Grassy Terrain|[from] ability: Grassy Surge|[of] p1a: Hibiki
|
|-heal|p2a: Goodra|78/100|[from] Grassy Terrain
|upkeep
|turn|2
|
|t:|1769295680
|move|p1a: Hibiki|High Horsepower|p2a: Goodra
|-supereffective|p2a: Goodra
|-damage|p2a: Goodra|17/100
|-ability|p2a: Goodra|Gooey
|-unboost|p1a: Hibiki|spe|1
|move|p2a: Goodra|Ice Beam|p1a: Hibiki
|-supereffective|p1a: Hibiki
|-crit|p1a: Hibiki
|-damage|p1a: Hibiki|3/100
|
|-heal|p1a: Hibiki|9/100|[from] Grassy Terrain
|-heal|p2a: Goodra|23/100|[from] Grassy Terrain
|upkeep
|turn|3
|inactive|mister shiz has 120 seconds left.
|
|t:|1769295726
|switch|p2a: Alomomola|Alomomola, F|100/100
|move|p1a: Hibiki|High Horsepower|p2a: Alomomola
|-damage|p2a: Alomomola|80/100
|
|-heal|p1a: Hibiki|15/100|[from] Grassy Terrain
|-heal|p2a: Alomomola|86/100|[from] Grassy Terrain
|upkeep
|turn|4
|
|t:|1769295740
|switch|p1a: Utopia|Hatterene, F|100/100
|-enditem|p1a: Utopia|Grassy Seed
|-boost|p1a: Utopia|def|1|[from] item: Grassy Seed
|move|p2a: Alomomola|Protect||[still]
|-fail|p2a: Alomomola
|
|-heal|p2a: Alomomola|92/100|[from] Grassy Terrain
|upkeep
|turn|5
|
|t:|1769295751
|switch|p2a: Ting-Lu|Ting-Lu|100/100
|-ability|p2a: Ting-Lu|Vessel of Ruin
|move|p1a: Utopia|Calm Mind|p1a: Utopia
|-boost|p1a: Utopia|spa|1
|-boost|p1a: Utopia|spd|1
|
|upkeep
|turn|6
|
|t:|1769295758
|move|p2a: Ting-Lu|Ruination|p1a: Utopia
|-damage|p1a: Utopia|50/100
|move|p1a: Utopia|Calm Mind|p1a: Utopia
|-boost|p1a: Utopia|spa|1
|-boost|p1a: Utopia|spd|1
|
|-heal|p1a: Utopia|56/100|[from] Grassy Terrain
|upkeep
|turn|7
|
|t:|1769295764
|move|p2a: Ting-Lu|Ruination|p1a: Utopia
|-damage|p1a: Utopia|28/100
|move|p1a: Utopia|Draining Kiss|p2a: Ting-Lu
|-supereffective|p2a: Ting-Lu
|-damage|p2a: Ting-Lu|57/100
|-heal|p1a: Utopia|81/100|[from] drain|[of] p2a: Ting-Lu
|
|-heal|p2a: Ting-Lu|63/100|[from] Grassy Terrain
|-heal|p2a: Ting-Lu|69/100|[from] item: Leftovers
|-heal|p1a: Utopia|87/100|[from] Grassy Terrain
|upkeep
|turn|8
|inactive|mister shiz has 120 seconds left.
|
|t:|1769295780
|switch|p2a: Scizor|Scizor, F|100/100
|move|p1a: Utopia|Draining Kiss|p2a: Scizor
|-resisted|p2a: Scizor
|-damage|p2a: Scizor|68/100
|-heal|p1a: Utopia|100/100|[from] drain|[of] p2a: Scizor
|
|-heal|p2a: Scizor|74/100|[from] Grassy Terrain
|-fieldend|move: Grassy Terrain
|upkeep
|turn|9
|
|t:|1769295790
|-terastallize|p2a: Scizor|Steel
|-terastallize|p1a: Utopia|Water
|move|p2a: Scizor|Bullet Punch|p1a: Utopia
|-resisted|p1a: Utopia
|-damage|p1a: Utopia|76/100
|move|p1a: Utopia|Mystical Fire|p2a: Scizor
|-supereffective|p2a: Scizor
|-damage|p2a: Scizor|0 fnt
|faint|p2a: Scizor
|
|upkeep
|
|t:|1769295794
|switch|p2a: Sinistcha|Sinistcha|100/100
|turn|10
|
|t:|1769295803
|move|p2a: Sinistcha|Matcha Gotcha|p1a: Utopia
|-supereffective|p1a: Utopia
|-damage|p1a: Utopia|44/100
|move|p1a: Utopia|Mystical Fire|p2a: Sinistcha
|-supereffective|p2a: Sinistcha
|-damage|p2a: Sinistcha|42/100
|-unboost|p2a: Sinistcha|spa|1
|
|upkeep
|turn|11
|
|t:|1769295810
|switch|p2a: Alomomola|Alomomola, F|100/100
|move|p1a: Utopia|Mystical Fire|p2a: Alomomola
|-resisted|p2a: Alomomola
|-damage|p2a: Alomomola|75/100
|-unboost|p2a: Alomomola|spa|1
|
|upkeep
|turn|12
|
|t:|1769295814
|move|p2a: Alomomola|Wish|p2a: Alomomola
|move|p1a: Utopia|Draining Kiss|p2a: Alomomola
|-damage|p2a: Alomomola|30/100
|-heal|p1a: Utopia|93/100|[from] drain|[of] p2a: Alomomola
|
|upkeep
|turn|13
|
|t:|1769295816
|move|p2a: Alomomola|Flip Turn|p1a: Utopia
|-resisted|p1a: Utopia
|-damage|p1a: Utopia|88/100
|
|t:|1769295826
|switch|p2a: Goodra|Goodra-Hisui, F|23/100|[from] Flip Turn
|move|p1a: Utopia|Calm Mind|p1a: Utopia
|-boost|p1a: Utopia|spa|1
|-boost|p1a: Utopia|spd|1
|
|-heal|p2a: Goodra|88/100|[from] move: Wish|[wisher] Alomomola
|upkeep
|turn|14
|
|t:|1769295830
|move|p1a: Utopia|Mystical Fire|p2a: Goodra
|-damage|p2a: Goodra|56/100
|-unboost|p2a: Goodra|spa|1
|move|p2a: Goodra|Dragon Tail|p1a: Utopia
|-damage|p1a: Utopia|74/100
|drag|p1a: Kleavor|Kleavor, F|100/100
|
|upkeep
|turn|15
|
|t:|1769295844
|move|p1a: Kleavor|Night Slash|p2a: Goodra
|-damage|p2a: Goodra|19/100
|-ability|p2a: Goodra|Gooey
|-unboost|p1a: Kleavor|spe|1
|move|p2a: Goodra|Knock Off|p1a: Kleavor
|-damage|p1a: Kleavor|74/100
|-enditem|p1a: Kleavor|Choice Scarf|[from] move: Knock Off|[of] p2a: Goodra
|
|upkeep
|turn|16
|
|t:|1769295865
|switch|p2a: Alomomola|Alomomola, F|63/100
|move|p1a: Kleavor|Night Slash|p2a: Alomomola
|-damage|p2a: Alomomola|42/100
|
|upkeep
|turn|17
|
|t:|1769295869
|switch|p1a: Utopia|Hatterene, F, tera:Water|74/100
|move|p2a: Alomomola|Wish|p2a: Alomomola
|
|upkeep
|turn|18
|
|t:|1769295873
|move|p2a: Alomomola|Flip Turn|p1a: Utopia
|-resisted|p1a: Utopia
|-damage|p1a: Utopia|66/100
|
|t:|1769295885
|switch|p2a: Sinistcha|Sinistcha|42/100|[from] Flip Turn
|move|p1a: Utopia|Calm Mind|p1a: Utopia
|-boost|p1a: Utopia|spa|1
|-boost|p1a: Utopia|spd|1
|
|-heal|p2a: Sinistcha|100/100|[from] move: Wish|[wisher] Alomomola
|upkeep
|turn|19
|
|t:|1769295893
|move|p2a: Sinistcha|Calm Mind|p2a: Sinistcha
|-boost|p2a: Sinistcha|spa|1
|-boost|p2a: Sinistcha|spd|1
|move|p1a: Utopia|Mystical Fire|p2a: Sinistcha
|-supereffective|p2a: Sinistcha
|-damage|p2a: Sinistcha|70/100
|-unboost|p2a: Sinistcha|spa|1
|
|upkeep
|turn|20
|
|t:|1769295901
|move|p2a: Sinistcha|Matcha Gotcha|p1a: Utopia
|-supereffective|p1a: Utopia
|-crit|p1a: Utopia
|-damage|p1a: Utopia|0 fnt
|-heal|p2a: Sinistcha|100/100|[from] drain|[of] p1a: Utopia
|faint|p1a: Utopia
|
|upkeep
|
|t:|1769295904
|switch|p1a: Kleavor|Kleavor, F|74/100
|turn|21
|
|t:|1769295923
|move|p1a: Kleavor|Night Slash|p2a: Sinistcha
|-supereffective|p2a: Sinistcha
|-damage|p2a: Sinistcha|46/100
|move|p2a: Sinistcha|Matcha Gotcha|p1a: Kleavor|[miss]
|-miss|p2a: Sinistcha|p1a: Kleavor
|
|upkeep
|turn|22
|
|t:|1769295938
|switch|p2a: Alomomola|Alomomola, F|76/100
|move|p1a: Kleavor|Night Slash|p2a: Alomomola
|-damage|p2a: Alomomola|54/100
|
|upkeep
|turn|23
|
|t:|1769295942
|move|p1a: Kleavor|Stone Axe|p2a: Alomomola
|-damage|p2a: Alomomola|25/100
|-sidestart|p2: mister shiz|move: Stealth Rock
|move|p2a: Alomomola|Wish|p2a: Alomomola
|
|upkeep
|turn|24
|
|t:|1769295946
|move|p2a: Alomomola|Protect|p2a: Alomomola
|-singleturn|p2a: Alomomola|Protect
|move|p1a: Kleavor|X-Scissor|p2a: Alomomola
|-activate|p2a: Alomomola|move: Protect
|
|-heal|p2a: Alomomola|75/100|[from] move: Wish|[wisher] Alomomola
|upkeep
|turn|25
|
|t:|1769295949
|move|p1a: Kleavor|X-Scissor|p2a: Alomomola
|-damage|p2a: Alomomola|35/100
|move|p2a: Alomomola|Wish|p2a: Alomomola
|
|upkeep
|turn|26
|
|t:|1769295955
|switch|p1a: Hibiki|Rillaboom, F|15/100
|-fieldstart|move: Grassy Terrain|[from] ability: Grassy Surge|[of] p1a: Hibiki
|move|p2a: Alomomola|Protect||[still]
|-fail|p2a: Alomomola
|
|-heal|p2a: Alomomola|85/100|[from] move: Wish|[wisher] Alomomola
|-heal|p1a: Hibiki|22/100|[from] Grassy Terrain
|-heal|p2a: Alomomola|91/100|[from] Grassy Terrain
|upkeep
|turn|27
|
|t:|1769295968
|move|p2a: Alomomola|Protect|p2a: Alomomola
|-singleturn|p2a: Alomomola|Protect
|move|p1a: Hibiki|Wood Hammer|p2a: Alomomola
|-activate|p2a: Alomomola|move: Protect
|
|-heal|p1a: Hibiki|28/100|[from] Grassy Terrain
|-heal|p2a: Alomomola|97/100|[from] Grassy Terrain
|upkeep
|turn|28
|
|t:|1769295980
|switch|p2a: Zamazenta|Zamazenta|100/100
|-damage|p2a: Zamazenta|94/100|[from] Stealth Rock
|-ability|p2a: Zamazenta|Dauntless Shield|boost
|-boost|p2a: Zamazenta|def|1
|move|p1a: Hibiki|U-turn|p2a: Zamazenta
|-resisted|p2a: Zamazenta
|-damage|p2a: Zamazenta|88/100
|
|t:|1769295985
|switch|p1a: Fornalha|Torkoal, M|100/100|[from] U-turn
|-weather|SunnyDay|[from] ability: Drought|[of] p1a: Fornalha
|
|-weather|SunnyDay|[upkeep]
|-heal|p2a: Zamazenta|94/100|[from] Grassy Terrain
|upkeep
|turn|29
|
|t:|1769296004
|move|p2a: Zamazenta|Iron Defense|p2a: Zamazenta
|-boost|p2a: Zamazenta|def|2
|move|p1a: Fornalha|Lava Plume|p2a: Zamazenta
|-damage|p2a: Zamazenta|59/100
|
|-weather|SunnyDay|[upkeep]
|-heal|p2a: Zamazenta|65/100|[from] Grassy Terrain
|upkeep
|turn|30
|
|t:|1769296007
|move|p2a: Zamazenta|Iron Defense|p2a: Zamazenta
|-boost|p2a: Zamazenta|def|2
|move|p1a: Fornalha|Will-O-Wisp|p2a: Zamazenta
|-status|p2a: Zamazenta|brn
|
|-weather|SunnyDay|[upkeep]
|-heal|p2a: Zamazenta|71/100 brn|[from] Grassy Terrain
|-damage|p2a: Zamazenta|65/100 brn|[from] brn
|upkeep
|turn|31
|
|t:|1769296014
|move|p2a: Zamazenta|Iron Defense|p2a: Zamazenta
|-boost|p2a: Zamazenta|def|1
|move|p1a: Fornalha|Lava Plume|p2a: Zamazenta
|-damage|p2a: Zamazenta|34/100 brn
|
|-weather|SunnyDay|[upkeep]
|-heal|p2a: Zamazenta|40/100 brn|[from] Grassy Terrain
|-damage|p2a: Zamazenta|34/100 brn|[from] brn
|upkeep
|turn|32
|
|t:|1769296016
|move|p2a: Zamazenta|Rest|p2a: Zamazenta
|-status|p2a: Zamazenta|slp|[from] move: Rest
|-heal|p2a: Zamazenta|100/100 slp|[silent]
|-enditem|p2a: Zamazenta|Chesto Berry|[eat]
|-curestatus|p2a: Zamazenta|slp|[msg]
|move|p1a: Fornalha|Lava Plume|p2a: Zamazenta
|-damage|p2a: Zamazenta|70/100
|
|-weather|SunnyDay|[upkeep]
|-heal|p2a: Zamazenta|76/100|[from] Grassy Terrain
|upkeep
|turn|33
|
|t:|1769296021
|move|p2a: Zamazenta|Body Press|p1a: Fornalha
|-damage|p1a: Fornalha|20/100
|move|p1a: Fornalha|Will-O-Wisp|p2a: Zamazenta
|-status|p2a: Zamazenta|brn
|
|-weather|SunnyDay|[upkeep]
|-heal|p2a: Zamazenta|83/100 brn|[from] Grassy Terrain
|-heal|p1a: Fornalha|26/100|[from] Grassy Terrain
|-damage|p2a: Zamazenta|76/100 brn|[from] brn
|-fieldend|move: Grassy Terrain
|upkeep
|turn|34
|
|t:|1769296027
|move|p2a: Zamazenta|Body Press|p1a: Fornalha
|-damage|p1a: Fornalha|0 fnt
|faint|p1a: Fornalha
|
|-weather|SunnyDay|[upkeep]
|-damage|p2a: Zamazenta|70/100 brn|[from] brn
|upkeep
|
|t:|1769296030
|switch|p1a: Walking Wake|Walking Wake|100/100
|-activate|p1a: Walking Wake|ability: Protosynthesis
|-start|p1a: Walking Wake|protosynthesisspe
|turn|35
|inactive|mister shiz has 120 seconds left.
|
|t:|1769296061
|switch|p2a: Alomomola|Alomomola, F|100/100
|move|p1a: Walking Wake|Draco Meteor|p2a: Alomomola|[miss]
|-miss|p1a: Walking Wake|p2a: Alomomola
|
|-weather|none
|-end|p1a: Walking Wake|Protosynthesis
|upkeep
|turn|36
|
|t:|1769296066
|-end|p1a: Walking Wake|Protosynthesis|[silent]
|switch|p1a: Hibiki|Rillaboom, F|28/100
|-fieldstart|move: Grassy Terrain|[from] ability: Grassy Surge|[of] p1a: Hibiki
|move|p2a: Alomomola|Wish|p2a: Alomomola
|
|-heal|p1a: Hibiki|34/100|[from] Grassy Terrain
|upkeep
|turn|37
|inactive|mister shiz has 120 seconds left.
|
|t:|1769296089
|switch|p2a: Sinistcha|Sinistcha|46/100
|move|p1a: Hibiki|Wood Hammer|p2a: Sinistcha
|-resisted|p2a: Sinistcha
|-damage|p2a: Sinistcha|21/100
|-damage|p1a: Hibiki|26/100|[from] Recoil
|
|-heal|p2a: Sinistcha|89/100|[from] move: Wish|[wisher] Alomomola
|-heal|p1a: Hibiki|32/100|[from] Grassy Terrain
|-heal|p2a: Sinistcha|95/100|[from] Grassy Terrain
|upkeep
|turn|38
|inactive|mister shiz has 120 seconds left.
|
|t:|1769296100
|move|p1a: Hibiki|U-turn|p2a: Sinistcha
|-damage|p2a: Sinistcha|79/100
|
|t:|1769296104
|switch|p1a: Gaimi|Kingambit, M|100/100|[from] U-turn
|-activate|p1a: Gaimi|ability: Supreme Overlord
|-start|p1a: Gaimi|fallen2|[silent]
|move|p2a: Sinistcha|Calm Mind|p2a: Sinistcha
|-boost|p2a: Sinistcha|spa|1
|-boost|p2a: Sinistcha|spd|1
|
|-heal|p2a: Sinistcha|85/100|[from] Grassy Terrain
|upkeep
|turn|39
|inactive|mister shiz has 120 seconds left.
|
|t:|1769296140
|switch|p2a: Zamazenta|Zamazenta|70/100 brn
|-damage|p2a: Zamazenta|64/100 brn|[from] Stealth Rock
|move|p1a: Gaimi|Iron Head|p2a: Zamazenta
|-damage|p2a: Zamazenta|23/100 brn
|
|-heal|p2a: Zamazenta|29/100 brn|[from] Grassy Terrain
|-damage|p2a: Zamazenta|23/100 brn|[from] brn
|upkeep
|turn|40
|
|t:|1769296146
|-end|p1a: Gaimi|fallen2|[silent]
|switch|p1a: Walking Wake|Walking Wake|100/100
|move|p2a: Zamazenta|Rest|p2a: Zamazenta
|-status|p2a: Zamazenta|slp|[from] move: Rest
|-heal|p2a: Zamazenta|100/100 slp|[silent]
|
|upkeep
|turn|41
|
|t:|1769296153
|cant|p2a: Zamazenta|slp
|move|p1a: Walking Wake|Draco Meteor|p2a: Zamazenta
|-damage|p2a: Zamazenta|42/100 slp
|-unboost|p1a: Walking Wake|spa|2
|-enditem|p1a: Walking Wake|Eject Pack
|
|t:|1769296156
|-end|p1a: Walking Wake|Protosynthesis|[silent]
|switch|p1a: Hibiki|Rillaboom, F|32/100
|
|-heal|p2a: Zamazenta|48/100 slp|[from] Grassy Terrain
|-heal|p1a: Hibiki|38/100|[from] Grassy Terrain
|upkeep
|turn|42
|
|t:|1769296163
|switch|p2a: Sinistcha|Sinistcha|85/100
|move|p1a: Hibiki|Wood Hammer|p2a: Sinistcha
|-resisted|p2a: Sinistcha
|-damage|p2a: Sinistcha|60/100
|-damage|p1a: Hibiki|30/100|[from] Recoil
|
|-heal|p1a: Hibiki|36/100|[from] Grassy Terrain
|-heal|p2a: Sinistcha|66/100|[from] Grassy Terrain
|upkeep
|turn|43
|
|t:|1769296167
|move|p1a: Hibiki|U-turn|p2a: Sinistcha
|-damage|p2a: Sinistcha|50/100
|
|t:|1769296170
|switch|p1a: Kleavor|Kleavor, F|74/100|[from] U-turn
|move|p2a: Sinistcha|Strength Sap|p1a: Kleavor
|-unboost|p1a: Kleavor|atk|1
|-heal|p2a: Sinistcha|100/100
|
|-heal|p1a: Kleavor|80/100|[from] Grassy Terrain
|-fieldend|move: Grassy Terrain
|upkeep
|turn|44
|
|t:|1769296181
|move|p1a: Kleavor|Night Slash|p2a: Sinistcha
|-supereffective|p2a: Sinistcha
|-damage|p2a: Sinistcha|64/100
|move|p2a: Sinistcha|Matcha Gotcha|p1a: Kleavor
|-damage|p1a: Kleavor|30/100
|-heal|p2a: Sinistcha|85/100|[from] drain|[of] p1a: Kleavor
|
|upkeep
|turn|45
|
|t:|1769296185
|move|p1a: Kleavor|Night Slash|p2a: Sinistcha
|-supereffective|p2a: Sinistcha
|-damage|p2a: Sinistcha|53/100
|move|p2a: Sinistcha|Matcha Gotcha|p1a: Kleavor
|-damage|p1a: Kleavor|0 fnt
|-heal|p2a: Sinistcha|65/100|[from] drain|[of] p1a: Kleavor
|faint|p1a: Kleavor
|
|upkeep
|
|t:|1769296188
|switch|p1a: Walking Wake|Walking Wake|100/100
|turn|46
|
|t:|1769296200
|switch|p2a: Goodra|Goodra-Hisui, F|19/100
|move|p1a: Walking Wake|Flamethrower|p2a: Goodra
|-damage|p2a: Goodra|3/100
|
|upkeep
|turn|47
|
|t:|1769296211
|move|p1a: Walking Wake|Dragon Pulse|p2a: Goodra
|-damage|p2a: Goodra|0 fnt
|faint|p2a: Goodra
|
|upkeep
|
|t:|1769296223
|switch|p2a: Alomomola|Alomomola, F|100/100
|turn|48
|
|t:|1769296226
|-end|p1a: Walking Wake|Protosynthesis|[silent]
|switch|p1a: Hibiki|Rillaboom, F|36/100
|-fieldstart|move: Grassy Terrain|[from] ability: Grassy Surge|[of] p1a: Hibiki
|move|p2a: Alomomola|Wish|p2a: Alomomola
|
|-heal|p1a: Hibiki|42/100|[from] Grassy Terrain
|upkeep
|turn|49
|
|t:|1769296234
|move|p1a: Hibiki|U-turn|p2a: Alomomola
|-damage|p2a: Alomomola|85/100
|
|t:|1769296237
|switch|p1a: Gaimi|Kingambit, M|100/100|[from] U-turn
|-activate|p1a: Gaimi|ability: Supreme Overlord
|-start|p1a: Gaimi|fallen3|[silent]
|move|p2a: Alomomola|Flip Turn|p1a: Gaimi
|-damage|p1a: Gaimi|87/100
|
|t:|1769296243
|switch|p2a: Zamazenta|Zamazenta|48/100 slp|[from] Flip Turn
|-damage|p2a: Zamazenta|42/100 slp|[from] Stealth Rock
|
|-heal|p2a: Zamazenta|100/100 slp|[from] move: Wish|[wisher] Alomomola
|-heal|p1a: Gaimi|94/100|[from] Grassy Terrain
|upkeep
|turn|50
|
|t:|1769296250
|-end|p1a: Gaimi|fallen3|[silent]
|switch|p1a: Walking Wake|Walking Wake|100/100
|cant|p2a: Zamazenta|slp
|
|upkeep
|turn|51
|
|t:|1769296258
|-curestatus|p2a: Zamazenta|slp|[msg]
|move|p2a: Zamazenta|Body Press|p1a: Walking Wake
|-damage|p1a: Walking Wake|60/100
|move|p1a: Walking Wake|Dragon Pulse|p2a: Zamazenta
|-crit|p2a: Zamazenta
|-damage|p2a: Zamazenta|40/100
|
|-heal|p2a: Zamazenta|46/100|[from] Grassy Terrain
|-heal|p1a: Walking Wake|66/100|[from] Grassy Terrain
|upkeep
|turn|52
|inactive|mister shiz has 120 seconds left.
|
|t:|1769296307
|switch|p2a: Alomomola|Alomomola, F|100/100
|move|p1a: Walking Wake|Draco Meteor|p2a: Alomomola
|-damage|p2a: Alomomola|43/100
|-unboost|p1a: Walking Wake|spa|2
|
|-heal|p1a: Walking Wake|72/100|[from] Grassy Terrain
|-heal|p2a: Alomomola|49/100|[from] Grassy Terrain
|upkeep
|turn|53
|
|t:|1769296313
|-end|p1a: Walking Wake|Protosynthesis|[silent]
|switch|p1a: Hibiki|Rillaboom, F|42/100
|move|p2a: Alomomola|Wish|p2a: Alomomola
|
|-heal|p1a: Hibiki|48/100|[from] Grassy Terrain
|-heal|p2a: Alomomola|55/100|[from] Grassy Terrain
|upkeep
|turn|54
|inactive|mister shiz has 120 seconds left.
|
|t:|1769296319
|move|p2a: Alomomola|Protect|p2a: Alomomola
|-singleturn|p2a: Alomomola|Protect
|move|p1a: Hibiki|Grassy Glide|p2a: Alomomola
|-activate|p2a: Alomomola|move: Protect
|
|-heal|p2a: Alomomola|100/100|[from] move: Wish|[wisher] Alomomola
|-heal|p1a: Hibiki|54/100|[from] Grassy Terrain
|upkeep
|turn|55
|inactive|mister shiz has 120 seconds left.
|
|t:|1769296333
|move|p1a: Hibiki|Wood Hammer|p2a: Alomomola
|-supereffective|p2a: Alomomola
|-damage|p2a: Alomomola|13/100
|-damage|p1a: Hibiki|14/100|[from] Recoil
|move|p2a: Alomomola|Wish|p2a: Alomomola
|
|-heal|p1a: Hibiki|20/100|[from] Grassy Terrain
|-heal|p2a: Alomomola|19/100|[from] Grassy Terrain
|-fieldend|move: Grassy Terrain
|upkeep
|turn|56
|
|t:|1769296342
|move|p1a: Hibiki|U-turn|p2a: Alomomola
|-damage|p2a: Alomomola|6/100
|
|t:|1769296345
|switch|p1a: Gaimi|Kingambit, M|94/100|[from] U-turn
|-activate|p1a: Gaimi|ability: Supreme Overlord
|-start|p1a: Gaimi|fallen3|[silent]
|move|p2a: Alomomola|Tickle|p1a: Gaimi
|-unboost|p1a: Gaimi|atk|1
|-unboost|p1a: Gaimi|def|1
|
|-heal|p2a: Alomomola|55/100|[from] move: Wish|[wisher] Alomomola
|upkeep
|turn|57
|
|t:|1769296355
|-end|p1a: Gaimi|fallen3|[silent]
|switch|p1a: Hibiki|Rillaboom, F|20/100
|-fieldstart|move: Grassy Terrain|[from] ability: Grassy Surge|[of] p1a: Hibiki
|move|p2a: Alomomola|Flip Turn|p1a: Hibiki
|-resisted|p1a: Hibiki
|-damage|p1a: Hibiki|12/100
|
|t:|1769296362
|switch|p2a: Zamazenta|Zamazenta|46/100|[from] Flip Turn
|-damage|p2a: Zamazenta|40/100|[from] Stealth Rock
|
|-heal|p2a: Zamazenta|46/100|[from] Grassy Terrain
|-heal|p1a: Hibiki|18/100|[from] Grassy Terrain
|upkeep
|turn|58
|
|t:|1769296372
|move|p1a: Hibiki|Grassy Glide|p2a: Zamazenta
|-damage|p2a: Zamazenta|18/100
|move|p2a: Zamazenta|Body Press|p1a: Hibiki
|-damage|p1a: Hibiki|0 fnt
|faint|p1a: Hibiki
|
|-heal|p2a: Zamazenta|25/100|[from] Grassy Terrain
|upkeep
|
|t:|1769296378
|switch|p1a: Walking Wake|Walking Wake|72/100
|turn|59
|
|t:|1769296384
|switch|p2a: Alomomola|Alomomola, F|89/100
|move|p1a: Walking Wake|Draco Meteor|p2a: Alomomola
|-damage|p2a: Alomomola|29/100
|-unboost|p1a: Walking Wake|spa|2
|
|-heal|p1a: Walking Wake|78/100|[from] Grassy Terrain
|-heal|p2a: Alomomola|35/100|[from] Grassy Terrain
|upkeep
|turn|60
|
|t:|1769296394
|-end|p1a: Walking Wake|Protosynthesis|[silent]
|switch|p1a: Gaimi|Kingambit, M|94/100
|-activate|p1a: Gaimi|ability: Supreme Overlord
|-start|p1a: Gaimi|fallen4|[silent]
|move|p2a: Alomomola|Protect||[still]
|-fail|p2a: Alomomola
|
|-heal|p1a: Gaimi|99/100|[from] Grassy Terrain
|-heal|p2a: Alomomola|41/100|[from] Grassy Terrain
|upkeep
|turn|61
|
|t:|1769296412
|move|p1a: Gaimi|Swords Dance|p1a: Gaimi
|-boost|p1a: Gaimi|atk|2
|move|p2a: Alomomola|Wish|p2a: Alomomola
|
|-heal|p1a: Gaimi|100/100|[from] Grassy Terrain
|-heal|p2a: Alomomola|47/100|[from] Grassy Terrain
|upkeep
|turn|62
|
|t:|1769296417
|move|p1a: Gaimi|Swords Dance|p1a: Gaimi
|-boost|p1a: Gaimi|atk|2
|move|p2a: Alomomola|Flip Turn|p1a: Gaimi
|-damage|p1a: Gaimi|87/100
|
|t:|1769296423
|switch|p2a: Zamazenta|Zamazenta|25/100|[from] Flip Turn
|-damage|p2a: Zamazenta|18/100|[from] Stealth Rock
|
|-heal|p2a: Zamazenta|88/100|[from] move: Wish|[wisher] Alomomola
|-heal|p2a: Zamazenta|95/100|[from] Grassy Terrain
|-heal|p1a: Gaimi|94/100|[from] Grassy Terrain
|upkeep
|turn|63
|
|t:|1769296438
|move|p1a: Gaimi|Sucker Punch||[still]
|-fail|p1a: Gaimi
|move|p2a: Zamazenta|Iron Defense|p2a: Zamazenta
|-boost|p2a: Zamazenta|def|2
|
|-heal|p2a: Zamazenta|100/100|[from] Grassy Terrain
|-heal|p1a: Gaimi|99/100|[from] Grassy Terrain
|upkeep
|turn|64
|
|t:|1769296443
|move|p2a: Zamazenta|Body Press|p1a: Gaimi
|-supereffective|p1a: Gaimi
|-damage|p1a: Gaimi|0 fnt
|faint|p1a: Gaimi
|-end|p1a: Gaimi|fallen4|[silent]
|
|-fieldend|move: Grassy Terrain
|upkeep
|-message|G-recike forfeited.
|
|win|mister shiz
|raw|G-recike's rating: 1315 &rarr; <strong>1295</strong><br />(-20 for losing)
|raw|mister shiz's rating: 1316 &rarr; <strong>1336</strong><br />(+20 for winning)
|l|☆G-recike
|player|p1|
