|j|☆yiiiih
|j|☆Team BBIO 38
|t:|1769395244
|gametype|singles
|player|p1|yiiiih|bellelba|1378
|player|p2|Team BBIO 38|rocketgrunt|1291
|gen|9
|tier|[Gen 9] OU
|rated|
|rule|HP Percentage Mod: HP is shown in percentages
|rule|Endless Battle Clause: Forcing endless battles is banned
|rule|Species Clause: Limit one of each Pokémon
|rule|OHKO Clause: OHKO moves are banned
|rule|Evasion Items Clause: Evasion items are banned
|rule|Evasion Moves Clause: Evasion moves are banned
|rule|Evasion Abilities Clause: Evasion abilities are banned
|rule|Sleep Moves Clause: Sleep-inducing moves are banned
|clearpoke
|poke|p1|Moltres-Galar|
|poke|p1|Great Tusk|
|poke|p1|Iron Moth|
|poke|p1|Araquanid, F|
|poke|p1|Landorus-Therian, M|
|poke|p1|Weavile, M|
|poke|p2|Dusclops, M|
|poke|p2|Blissey, F|
|poke|p2|Flamigo, M|
|poke|p2|Latias, F|
|poke|p2|Darkrai|
|teampreview
|inactive|Battle timer is ON: inactive players will automatically lose when time's up. (requested by Team BBIO 38)
|inactive|yiiiih also wants the timer to be on.
|
|t:|1769395259
|teamsize|p1|6
|teamsize|p2|5
|start
|switch|p1a: Landorus|Landorus-Therian, M|100/100
|switch|p2a: Darkrai|Darkrai|100/100
|-ability|p1a: Landorus|Intimidate|boost
|-unboost|p2a: Darkrai|atk|1
|turn|1
|
|t:|1769395266
|switch|p1a: Araquanid|Araquanid, F|100/100
|move|p2a: Darkrai|Ice Beam|p1a: Araquanid
|-resisted|p1a: Araquanid
|-crit|p1a: Araquanid
|-damage|p1a: Araquanid|72/100
|
|upkeep
|turn|2
|
|t:|1769395272
|switch|p2a: Blissey|Blissey, F|100/100
|move|p1a: Araquanid|Sticky Web|p2a: Blissey
|-sidestart|p2: Team BBIO 38|move: Sticky Web
|
|upkeep
|turn|3
|
|t:|1769395277
|move|p2a: Blissey|Stealth Rock|p1a: Araquanid
|-sidestart|p1: yiiiih|move: Stealth Rock
|move|p1a: Araquanid|Surf|p2a: Blissey
|-damage|p2a: Blissey|82/100
|
|-heal|p2a: Blissey|88/100|[from] item: Leftovers
|upkeep
|turn|4
|
|t:|1769395283
|switch|p1a: Landorus|Landorus-Therian, M|100/100
|-damage|p1a: Landorus|88/100|[from] Stealth Rock
|-ability|p1a: Landorus|Intimidate|boost
|-unboost|p2a: Blissey|atk|1
|move|p2a: Blissey|Seismic Toss|p1a: Landorus
|-damage|p1a: Landorus|57/100
|
|-heal|p2a: Blissey|94/100|[from] item: Leftovers
|upkeep
|turn|5
|
|t:|1769395293
|move|p1a: Landorus|Stealth Rock|p2a: Blissey
|-sidestart|p2: Team BBIO 38|move: Stealth Rock
|move|p2a: Blissey|Seismic Toss|p1a: Landorus
|-damage|p1a: Landorus|26/100
|
|-heal|p2a: Blissey|99/100|[from] item: Leftovers
|upkeep
|turn|6
|
|t:|1769395299
|move|p1a: Landorus|Earthquake|p2a: Blissey
|-damage|p2a: Blissey|45/100
|move|p2a: Blissey|Seismic Toss|p1a: Landorus
|-damage|p1a: Landorus|0 fnt
|faint|p1a: Landorus
|
|-heal|p2a: Blissey|51/100|[from] item: Leftovers
|upkeep
|
|t:|1769395317
|switch|p1a: Great Tusk|Great Tusk|100/100
|-damage|p1a: Great Tusk|98/100|[from] Stealth Rock
|-enditem|p1a: Great Tusk|Booster Energy
|-activate|p1a: Great Tusk|ability: Protosynthesis|[fromitem]
|-start|p1a: Great Tusk|protosynthesisspe
|turn|7
|
|t:|1769395323
|switch|p2a: Dusclops|Dusclops, M|100/100
|-activate|p2a: Dusclops|move: Sticky Web
|-unboost|p2a: Dusclops|spe|1
|-damage|p2a: Dusclops|88/100|[from] Stealth Rock
|move|p1a: Great Tusk|Bulk Up|p1a: Great Tusk
|-boost|p1a: Great Tusk|atk|1
|-boost|p1a: Great Tusk|def|1
|
|upkeep
|turn|8
|
|t:|1769395335
|move|p1a: Great Tusk|Ice Spinner|p2a: Dusclops
|-damage|p2a: Dusclops|71/100
|move|p2a: Dusclops|Will-O-Wisp|p1a: Great Tusk
|-status|p1a: Great Tusk|brn
|
|-damage|p1a: Great Tusk|91/100 brn|[from] brn
|upkeep
|turn|9
|
|t:|1769395345
|-end|p1a: Great Tusk|Protosynthesis|[silent]
|switch|p1a: Moltres|Moltres-Galar|100/100
|-damage|p1a: Moltres|75/100|[from] Stealth Rock
|move|p2a: Dusclops|Haze|p2a: Dusclops
|-clearallboost
|
|upkeep
|turn|10
|
|t:|1769395353
|switch|p2a: Darkrai|Darkrai|100/100
|-activate|p2a: Darkrai|move: Sticky Web
|-unboost|p2a: Darkrai|spe|1
|-damage|p2a: Darkrai|88/100|[from] Stealth Rock
|move|p1a: Moltres|Fiery Wrath|p2a: Darkrai
|-resisted|p2a: Darkrai
|-damage|p2a: Darkrai|60/100
|
|upkeep
|turn|11
|
|t:|1769395364
|switch|p1a: Araquanid|Araquanid, F|72/100
|-damage|p1a: Araquanid|47/100|[from] Stealth Rock
|move|p2a: Darkrai|Trick|p1a: Araquanid
|-activate|p2a: Darkrai|move: Trick|[of] p1a: Araquanid
|-item|p1a: Araquanid|Choice Specs|[from] move: Trick
|-item|p2a: Darkrai|Custap Berry|[from] move: Trick
|
|upkeep
|turn|12
|
|t:|1769395372
|switch|p2a: Blissey|Blissey, F|51/100
|-activate|p2a: Blissey|move: Sticky Web
|-unboost|p2a: Blissey|spe|1
|-damage|p2a: Blissey|38/100|[from] Stealth Rock
|move|p1a: Araquanid|Surf|p2a: Blissey
|-damage|p2a: Blissey|7/100
|
|-heal|p2a: Blissey|13/100|[from] item: Leftovers
|upkeep
|turn|13
|
|t:|1769395381
|move|p1a: Araquanid|Surf|p2a: Blissey
|-damage|p2a: Blissey|0 fnt
|faint|p2a: Blissey
|
|upkeep
|
|t:|1769395385
|switch|p2a: Flamigo|Flamigo, M|100/100
|-damage|p2a: Flamigo|88/100|[from] Stealth Rock
|turn|14
|
|t:|1769395389
|move|p2a: Flamigo|Brave Bird|p1a: Araquanid
|-supereffective|p1a: Araquanid
|-damage|p1a: Araquanid|0 fnt
|faint|p1a: Araquanid
|-damage|p2a: Flamigo|72/100|[from] Recoil
|
|upkeep
|
|t:|1769395393
|switch|p1a: Weavile|Weavile, M|100/100
|-ability|p1a: Weavile|Pressure
|turn|15
|
|t:|1769395402
|switch|p2a: Darkrai|Darkrai|60/100
|-activate|p2a: Darkrai|move: Sticky Web
|-unboost|p2a: Darkrai|spe|1
|-damage|p2a: Darkrai|48/100|[from] Stealth Rock
|move|p1a: Weavile|Triple Axel|p2a: Darkrai|[miss]
|-miss|p1a: Weavile|p2a: Darkrai
|
|upkeep
|turn|16
|
|t:|1769395417
|move|p1a: Weavile|Triple Axel|p2a: Darkrai
|-damage|p2a: Darkrai|35/100
|-damage|p2a: Darkrai|8/100
|-damage|p2a: Darkrai|0 fnt
|faint|p2a: Darkrai
|-hitcount|p2: Darkrai|3
|
|upkeep
|
|t:|1769395425
|switch|p2a: Flamigo|Flamigo, M|72/100
|-damage|p2a: Flamigo|59/100|[from] Stealth Rock
|turn|17
|
|t:|1769395438
|-terastallize|p1a: Weavile|Ice
|move|p1a: Weavile|Ice Shard|p2a: Flamigo
|-supereffective|p2a: Flamigo
|-damage|p2a: Flamigo|0 fnt
|faint|p2a: Flamigo
|
|upkeep
|
|t:|1769395444
|switch|p2a: Dusclops|Dusclops, M|71/100
|-activate|p2a: Dusclops|move: Sticky Web
|-unboost|p2a: Dusclops|spe|1
|-damage|p2a: Dusclops|58/100|[from] Stealth Rock
|-item|p1a: Weavile|Heavy-Duty Boots|[from] ability: Frisk|[of] p2a: Dusclops
|turn|18
|
|t:|1769395455
|move|p1a: Weavile|Swords Dance|p1a: Weavile
|-boost|p1a: Weavile|atk|2
|move|p2a: Dusclops|Pain Split|p1a: Weavile
|-sethp|p1a: Weavile|80/100|[from] move: Pain Split|[silent]
|-sethp|p2a: Dusclops|79/100|[from] move: Pain Split
|
|upkeep
|turn|19
|
|t:|1769395462
|move|p1a: Weavile|Knock Off|p2a: Dusclops
|-supereffective|p2a: Dusclops
|-damage|p2a: Dusclops|0 fnt
|-enditem|p2a: Dusclops|Eviolite|[from] move: Knock Off|[of] p1a: Weavile
|faint|p2a: Dusclops
|
|upkeep
|
|t:|1769395467
|switch|p2a: Alaric|Latias, F|100/100
|-damage|p2a: Alaric|88/100|[from] Stealth Rock
|turn|20
|
|t:|1769395472
|-terastallize|p2a: Alaric|Steel
|move|p1a: Weavile|Triple Axel|p2a: Alaric|[miss]
|-miss|p1a: Weavile|p2a: Alaric
|move|p2a: Alaric|Calm Mind|p2a: Alaric
|-boost|p2a: Alaric|spa|1
|-boost|p2a: Alaric|spd|1
|
|upkeep
|turn|21
|
|t:|1769395479
|move|p1a: Weavile|Triple Axel|p2a: Alaric
|-resisted|p2a: Alaric
|-damage|p2a: Alaric|75/100
|-resisted|p2a: Alaric
|-damage|p2a: Alaric|49/100
|-hitcount|p2a: Alaric|2
|move|p2a: Alaric|Aura Sphere|p1a: Weavile
|-supereffective|p1a: Weavile
|-damage|p1a: Weavile|0 fnt
|faint|p1a: Weavile
|
|upkeep
|
|t:|1769395489
|switch|p1a: Iron Moth|Iron Moth|100/100
|-damage|p1a: Iron Moth|76/100|[from] Stealth Rock
|-enditem|p1a: Iron Moth|Booster Energy
|-activate|p1a: Iron Moth|ability: Quark Drive|[fromitem]
|-start|p1a: Iron Moth|quarkdrivespe
|turn|22
|
|t:|1769395494
|move|p1a: Iron Moth|Fiery Dance|p2a: Alaric
|-supereffective|p2a: Alaric
|-crit|p2a: Alaric
|-damage|p2a: Alaric|0 fnt
|faint|p2a: Alaric
|
|win|yiiiih
|raw|yiiiih's rating: 1378 &rarr; <strong>1393</strong><br />(+15 for winning)
|raw|Team BBIO 38's rating: 1291 &rarr; <strong>1272</strong><br />(-19 for losing)
