|j|☆s0niyr_elite
|j|☆I will eat another
|t:|1769368900
|gametype|singles
|player|p1|s0niyr_elite|alec-anime|1179
|player|p2|I will eat another|plasmagrunt|1190
|gen|9
|tier|[Gen 9] OU
|rated|
|rule|HP Percentage Mod: HP is shown in percentages
|rule|Endless Battle Clause: Forcing endless battles is banned
|rule|Species Clause: Limit one of each Pokémon
|rule|OHKO Clause: OHKO moves are banned
|rule|Evasion Items Clause: Evasion items are banned
|rule|Evasion Moves Clause: Evasion moves are banned
|rule|Evasion Abilities Clause: Evasion abilities are banned
|rule|Sleep Moves Clause: Sleep-inducing moves are banned
|clearpoke
|poke|p1|Thundurus-Therian, M|
|poke|p1|Samurott-Hisui, M|
|poke|p1|Heatran, M|
|poke|p1|Gholdengo|
|poke|p1|Rillaboom, F|
|poke|p1|Weezing-Galar, F|
|poke|p2|Breloom, M|
|poke|p2|Swinub, M|
|poke|p2|Iron Crown|
|poke|p2|Glimmora, F|
|poke|p2|Talonflame, M|
|poke|p2|Greninja-*, M|
|teampreview
|inactive|Battle timer is ON: inactive players will automatically lose when time's up. (requested by I will eat another)
|inactive|s0niyr_elite has 120 seconds left.
|
|t:|1769368954
|teamsize|p1|6
|teamsize|p2|6
|start
|switch|p1a: Ares|Samurott-Hisui, M|100/100
|switch|p2a: Kapilz|Breloom, M|100/100
|turn|1
|
|t:|1769368961
|switch|p1a: ASMA|Weezing-Galar, F|100/100
|move|p2a: Kapilz|Bullet Seed|p1a: ASMA
|-resisted|p1a: ASMA
|-damage|p1a: ASMA|93/100
|-resisted|p1a: ASMA
|-damage|p1a: ASMA|84/100
|-hitcount|p1a: ASMA|2
|-damage|p2a: Kapilz|91/100|[from] item: Life Orb
|
|upkeep
|turn|2
|
|t:|1769368973
|move|p2a: Kapilz|Zen Headbutt|p1a: ASMA
|-supereffective|p1a: ASMA
|-damage|p1a: ASMA|37/100
|-damage|p2a: Kapilz|81/100|[from] item: Life Orb
|move|p1a: ASMA|Dazzling Gleam|p2a: Kapilz
|-supereffective|p2a: Kapilz
|-damage|p2a: Kapilz|0 fnt
|faint|p2a: Kapilz
|
|upkeep
|
|t:|1769368982
|switch|p2a: Lumiflora|Glimmora, F|100/100
|turn|3
|
|t:|1769368985
|move|p2a: Lumiflora|Meteor Beam||[still]
|-prepare|p2a: Lumiflora|Meteor Beam
|-boost|p2a: Lumiflora|spa|1
|-enditem|p2a: Lumiflora|Power Herb
|-anim|p2a: Lumiflora|Meteor Beam|p1a: ASMA
|-damage|p1a: ASMA|0 fnt
|faint|p1a: ASMA
|
|upkeep
|
|t:|1769369006
|switch|p1a: Zeus|Thundurus-Therian, M|100/100
|turn|4
|
|t:|1769369017
|move|p1a: Zeus|Volt Switch|p2a: Lumiflora
|-damage|p2a: Lumiflora|13/100
|
|t:|1769369024
|switch|p1a: Hades|Heatran, M|100/100|[from] Volt Switch
|move|p2a: Lumiflora|Meteor Beam||[still]
|-prepare|p2a: Lumiflora|Meteor Beam
|-boost|p2a: Lumiflora|spa|1
|
|upkeep
|turn|5
|
|t:|1769369039
|switch|p1a: MONKE|Rillaboom, F|100/100
|-fieldstart|move: Grassy Terrain|[from] ability: Grassy Surge|[of] p1a: MONKE
|move|p2a: Lumiflora|Meteor Beam|p1a: MONKE|[from] lockedmove
|-damage|p1a: MONKE|10/100
|
|-heal|p2a: Lumiflora|19/100|[from] Grassy Terrain
|-heal|p1a: MONKE|16/100|[from] Grassy Terrain
|upkeep
|turn|6
|
|t:|1769369047
|move|p1a: MONKE|Grassy Glide|p2a: Lumiflora
|-damage|p2a: Lumiflora|0 fnt
|-activate|p2a: Lumiflora|ability: Toxic Debris
|-sidestart|p1: s0niyr_elite|move: Toxic Spikes
|faint|p2a: Lumiflora
|
|-heal|p1a: MONKE|22/100|[from] Grassy Terrain
|upkeep
|
|t:|1769369056
|switch|p2a: Fiaro|Talonflame, M|100/100
|turn|7
|
|t:|1769369064
|switch|p1a: Hades|Heatran, M|100/100
|move|p2a: Fiaro|Flamethrower|p1a: Hades
|-start|p1a: Hades|ability: Flash Fire
|
|upkeep
|turn|8
|
|t:|1769369073
|move|p2a: Fiaro|Flamethrower|p1a: Hades
|-immune|p1a: Hades|[from] ability: Flash Fire
|move|p1a: Hades|Stealth Rock|p2a: Fiaro
|-sidestart|p2: I will eat another|move: Stealth Rock
|
|upkeep
|turn|9
|
|t:|1769369082
|switch|p2a: Quajutsu|Greninja, M|100/100
|-damage|p2a: Quajutsu|88/100|[from] Stealth Rock
|move|p1a: Hades|Lava Plume|p2a: Quajutsu
|-resisted|p2a: Quajutsu
|-damage|p2a: Quajutsu|45/100
|-status|p2a: Quajutsu|brn
|
|-heal|p2a: Quajutsu|51/100 brn|[from] Grassy Terrain
|-damage|p2a: Quajutsu|45/100 brn|[from] brn
|-fieldend|move: Grassy Terrain
|upkeep
|turn|10
|inactive|s0niyr_elite has 120 seconds left.
|
|t:|1769369113
|-terastallize|p1a: Hades|Grass
|move|p2a: Quajutsu|Dark Pulse|p1a: Hades
|-start|p2a: Quajutsu|typechange|Dark|[from] ability: Protean
|-crit|p1a: Hades
|-damage|p1a: Hades|53/100
|cant|p1a: Hades|flinch
|
|-heal|p1a: Hades|59/100|[from] item: Leftovers
|-damage|p2a: Quajutsu|39/100 brn|[from] brn
|upkeep
|turn|11
|inactive|s0niyr_elite has 120 seconds left.
|
|t:|1769369126
|move|p2a: Quajutsu|Dark Pulse|p1a: Hades
|-damage|p1a: Hades|25/100
|move|p1a: Hades|Lava Plume|p2a: Quajutsu
|-damage|p2a: Quajutsu|0 fnt
|faint|p2a: Quajutsu
|
|-heal|p1a: Hades|31/100|[from] item: Leftovers
|upkeep
|
|t:|1769369141
|switch|p2a: Eisenkrone|Iron Crown|100/100
|-damage|p2a: Eisenkrone|94/100|[from] Stealth Rock
|-enditem|p2a: Eisenkrone|Booster Energy
|-activate|p2a: Eisenkrone|ability: Quark Drive|[fromitem]
|-start|p2a: Eisenkrone|quarkdrivespe
|turn|12
|
|t:|1769369149
|move|p2a: Eisenkrone|Psyshock|p1a: Hades
|-damage|p1a: Hades|0 fnt
|faint|p1a: Hades
|
|upkeep
|
|t:|1769369160
|switch|p1a: Ares|Samurott-Hisui, M|100/100
|turn|13
|
|t:|1769369168
|-terastallize|p2a: Eisenkrone|Fighting
|move|p1a: Ares|Sucker Punch|p2a: Eisenkrone
|-resisted|p2a: Eisenkrone
|-damage|p2a: Eisenkrone|77/100
|move|p2a: Eisenkrone|Focus Blast|p1a: Ares
|-supereffective|p1a: Ares
|-damage|p1a: Ares|0 fnt
|faint|p1a: Ares
|
|upkeep
|inactive|s0niyr_elite has 120 seconds left.
|
|t:|1769369184
|switch|p1a: il vento d'oro|Gholdengo|100/100
|-item|p1a: il vento d'oro|Air Balloon
|turn|14
|
|t:|1769369191
|move|p2a: Eisenkrone|Psyshock|p1a: il vento d'oro
|-resisted|p1a: il vento d'oro
|-damage|p1a: il vento d'oro|79/100
|-enditem|p1a: il vento d'oro|Air Balloon
|move|p1a: il vento d'oro|Make It Rain|p2a: Eisenkrone
|-damage|p2a: Eisenkrone|20/100
|-unboost|p1a: il vento d'oro|spa|1
|
|upkeep
|turn|15
|
|t:|1769369200
|-end|p2a: Eisenkrone|Quark Drive|[silent]
|switch|p2a: Fiaro|Talonflame, M|100/100
|move|p1a: il vento d'oro|Shadow Ball|p2a: Fiaro
|-damage|p2a: Fiaro|64/100
|
|upkeep
|turn|16
|
|t:|1769369212
|switch|p1a: MONKE|Rillaboom, F|22/100
|-status|p1a: MONKE|psn
|-fieldstart|move: Grassy Terrain|[from] ability: Grassy Surge|[of] p1a: MONKE
|move|p2a: Fiaro|Flamethrower|p1a: MONKE
|-supereffective|p1a: MONKE
|-damage|p1a: MONKE|0 fnt
|faint|p1a: MONKE
|
|upkeep
|
|t:|1769369218
|switch|p1a: il vento d'oro|Gholdengo|79/100
|turn|17
|
|t:|1769369223
|move|p2a: Fiaro|Flamethrower|p1a: il vento d'oro
|-supereffective|p1a: il vento d'oro
|-damage|p1a: il vento d'oro|23/100
|move|p1a: il vento d'oro|Shadow Ball|p2a: Fiaro
|-damage|p2a: Fiaro|8/100
|-unboost|p2a: Fiaro|spd|1
|
|-heal|p1a: il vento d'oro|29/100|[from] Grassy Terrain
|upkeep
|turn|18
|inactive|s0niyr_elite has 120 seconds left.
|
|t:|1769369258
|switch|p1a: Zeus|Thundurus-Therian, M|100/100
|move|p2a: Fiaro|Flamethrower|p1a: Zeus
|-damage|p1a: Zeus|70/100
|-status|p1a: Zeus|brn
|
|-damage|p1a: Zeus|64/100 brn|[from] brn
|upkeep
|turn|19
|
|t:|1769369267
|switch|p2a: Quiekel|Swinub, M|100/100
|-damage|p2a: Quiekel|88/100|[from] Stealth Rock
|move|p1a: Zeus|Grass Knot|p2a: Quiekel
|-supereffective|p2a: Quiekel
|-damage|p2a: Quiekel|11/100
|
|-heal|p2a: Quiekel|17/100|[from] Grassy Terrain
|-damage|p1a: Zeus|58/100 brn|[from] brn
|upkeep
|turn|20
|
|t:|1769369277
|move|p2a: Quiekel|Ice Shard|p1a: Zeus
|-supereffective|p1a: Zeus
|-damage|p1a: Zeus|22/100 brn
|move|p1a: Zeus|Grass Knot|p2a: Quiekel
|-supereffective|p2a: Quiekel
|-damage|p2a: Quiekel|0 fnt
|faint|p2a: Quiekel
|
|-damage|p1a: Zeus|16/100 brn|[from] brn
|-fieldend|move: Grassy Terrain
|upkeep
|
|t:|1769369294
|switch|p2a: Eisenkrone|Iron Crown, tera:Fighting|20/100
|-damage|p2a: Eisenkrone|14/100|[from] Stealth Rock
|turn|21
|
|t:|1769369299
|move|p1a: Zeus|Grass Knot|p2a: Eisenkrone
|-damage|p2a: Eisenkrone|0 fnt
|faint|p2a: Eisenkrone
|-end|p2a: Eisenkrone|Quark Drive|[silent]
|
|-damage|p1a: Zeus|10/100 brn|[from] brn
|upkeep
|
|t:|1769369305
|switch|p2a: Fiaro|Talonflame, M|8/100
|turn|22
|
|t:|1769369310
|move|p1a: Zeus|Grass Knot|p2a: Fiaro
|-resisted|p2a: Fiaro
|-damage|p2a: Fiaro|1/100
|move|p2a: Fiaro|Roost|p2a: Fiaro
|-heal|p2a: Fiaro|51/100
|-singleturn|p2a: Fiaro|move: Roost
|
|-damage|p1a: Zeus|4/100 brn|[from] brn
|upkeep
|turn|23
|
|t:|1769369320
|move|p1a: Zeus|Grass Knot|p2a: Fiaro
|-resisted|p2a: Fiaro
|-damage|p2a: Fiaro|44/100
|move|p2a: Fiaro|Roost|p2a: Fiaro
|-heal|p2a: Fiaro|94/100
|-singleturn|p2a: Fiaro|move: Roost
|
|-damage|p1a: Zeus|0 fnt|[from] brn
|faint|p1a: Zeus
|upkeep
|
|t:|1769369322
|switch|p1a: il vento d'oro|Gholdengo|29/100
|turn|24
|
|t:|1769369330
|move|p2a: Fiaro|Flamethrower|p1a: il vento d'oro
|-supereffective|p1a: il vento d'oro
|-damage|p1a: il vento d'oro|0 fnt
|faint|p1a: il vento d'oro
|
|win|I will eat another
|raw|s0niyr_elite's rating: 1179 &rarr; <strong>1155</strong><br />(-24 for losing)
|raw|I will eat another's rating: 1190 &rarr; <strong>1214</strong><br />(+24 for winning)
|l|☆s0niyr_elite
|player|p1|
|l|☆I will eat another
|player|p2|
