|j|☆Kanha Greninja
|j|☆Mortifi
|t:|1769347093
|gametype|singles
|player|p1|Kanha Greninja|#rbtt7teamgiratinao|1578
|player|p2|Mortifi|pokemaniac|1524
|gen|9
|tier|[Gen 9] OU
|rated|
|rule|HP Percentage Mod: HP is shown in percentages
|rule|Endless Battle Clause: Forcing endless battles is banned
|rule|Species Clause: Limit one of each Pokémon
|rule|OHKO Clause: OHKO moves are banned
|rule|Evasion Items Clause: Evasion items are banned
|rule|Evasion Moves Clause: Evasion moves are banned
|rule|Evasion Abilities Clause: Evasion abilities are banned
|rule|Sleep Moves Clause: Sleep-inducing moves are banned
|clearpoke
|poke|p1|Enamorus, F|
|poke|p1|Araquanid, M|
|poke|p1|Cinderace, F|
|poke|p1|Kingambit, F|
|poke|p1|Serperior, M|
|poke|p1|Ceruledge, F|
|poke|p2|Ogerpon-Cornerstone, F|
|poke|p2|Slowking-Galar, M|
|poke|p2|Ting-Lu|
|poke|p2|Raging Bolt|
|poke|p2|Cyclizar, M|
|poke|p2|Corviknight, M|
|teampreview
|inactive|Battle timer is ON: inactive players will automatically lose when time's up. (requested by Mortifi)
|
|t:|1769347129
|teamsize|p1|6
|teamsize|p2|6
|start
|switch|p1a: Araquanid|Araquanid, M|100/100
|switch|p2a: Raging Bolt|Raging Bolt|100/100
|turn|1
|inactive|Kanha Greninja has 120 seconds left.
|
|t:|1769347172
|switch|p1a: Serperior|Serperior, M|100/100
|move|p2a: Raging Bolt|Volt Switch|p1a: Serperior
|-resisted|p1a: Serperior
|-damage|p1a: Serperior|62/100
|
|t:|1769347190
|-end|p2a: Raging Bolt|Protosynthesis|[silent]
|switch|p2a: Ogerpon|Ogerpon-Cornerstone, F|100/100|[from] Volt Switch
|
|-heal|p1a: Serperior|68/100|[from] item: Leftovers
|upkeep
|turn|2
|inactive|Kanha Greninja has 120 seconds left.
|
|t:|1769347208
|move|p1a: Serperior|Leaf Storm|p2a: Ogerpon
|-damage|p2a: Ogerpon|42/100
|-boost|p1a: Serperior|spa|2
|move|p2a: Ogerpon|Ivy Cudgel|p1a: Serperior|[anim] Ivy Cudgel Rock
|-damage|p1a: Serperior|0 fnt
|faint|p1a: Serperior
|
|upkeep
|inactive|Kanha Greninja has 90 seconds left.
|
|t:|1769347239
|switch|p1a: Ceruledge|Ceruledge, F|100/100
|turn|3
|inactive|Kanha Greninja has 90 seconds left.
|
|t:|1769347255
|move|p2a: Ogerpon|Ivy Cudgel|p1a: Ceruledge|[anim] Ivy Cudgel Rock
|-supereffective|p1a: Ceruledge
|-enditem|p1a: Ceruledge|Focus Sash
|-damage|p1a: Ceruledge|1/100
|-ability|p1a: Ceruledge|Weak Armor|boost
|-unboost|p1a: Ceruledge|def|1
|-boost|p1a: Ceruledge|spe|2
|move|p1a: Ceruledge|Swords Dance|p1a: Ceruledge
|-boost|p1a: Ceruledge|atk|2
|
|upkeep
|turn|4
|
|t:|1769347272
|switch|p2a: Cyclizar|Cyclizar, M|100/100
|move|p1a: Ceruledge|Bitter Blade|p2a: Cyclizar
|-resisted|p2a: Cyclizar
|-damage|p2a: Cyclizar|29/100
|-heal|p1a: Ceruledge|42/100|[from] drain|[of] p2a: Cyclizar
|
|upkeep
|turn|5
|
|t:|1769347285
|move|p1a: Ceruledge|Bitter Blade|p2a: Cyclizar
|-resisted|p2a: Cyclizar
|-damage|p2a: Cyclizar|0 fnt
|-heal|p1a: Ceruledge|58/100|[from] drain|[of] p2a: Cyclizar
|faint|p2a: Cyclizar
|
|upkeep
|
|t:|1769347292
|switch|p2a: Ting-Lu|Ting-Lu|100/100
|-ability|p2a: Ting-Lu|Vessel of Ruin
|turn|6
|
|t:|1769347301
|move|p1a: Ceruledge|Close Combat|p2a: Ting-Lu
|-supereffective|p2a: Ting-Lu
|-damage|p2a: Ting-Lu|29/100
|-unboost|p1a: Ceruledge|def|1
|-unboost|p1a: Ceruledge|spd|1
|move|p2a: Ting-Lu|Payback|p1a: Ceruledge
|-supereffective|p1a: Ceruledge
|-damage|p1a: Ceruledge|0 fnt
|faint|p1a: Ceruledge
|
|-heal|p2a: Ting-Lu|35/100|[from] item: Leftovers
|upkeep
|
|t:|1769347306
|switch|p1a: Araquanid|Araquanid, M|100/100
|turn|7
|
|t:|1769347315
|switch|p2a: Raging Bolt|Raging Bolt|100/100
|move|p1a: Araquanid|Sticky Web|p2a: Raging Bolt
|-sidestart|p2: Mortifi|move: Sticky Web
|
|upkeep
|turn|8
|
|t:|1769347326
|move|p1a: Araquanid|Endure|p1a: Araquanid
|-singleturn|p1a: Araquanid|move: Endure
|move|p2a: Raging Bolt|Volt Switch|p1a: Araquanid
|-supereffective|p1a: Araquanid
|-activate|p1a: Araquanid|move: Endure
|-damage|p1a: Araquanid|1/100
|
|t:|1769347355
|-end|p2a: Raging Bolt|Protosynthesis|[silent]
|switch|p2a: Ting-Lu|Ting-Lu|35/100|[from] Volt Switch
|-activate|p2a: Ting-Lu|move: Sticky Web
|-unboost|p2a: Ting-Lu|spe|1
|-ability|p2a: Ting-Lu|Vessel of Ruin
|
|-heal|p2a: Ting-Lu|41/100|[from] item: Leftovers
|upkeep
|turn|9
|-enditem|p1a: Araquanid|Custap Berry|[eat]
|-activate|p1a: Araquanid|item: Custap Berry|[consumed]
|
|t:|1769347365
|switch|p2a: Raging Bolt|Raging Bolt|100/100
|-activate|p2a: Raging Bolt|move: Sticky Web
|-unboost|p2a: Raging Bolt|spe|1
|move|p1a: Araquanid|Surf|p2a: Raging Bolt
|-resisted|p2a: Raging Bolt
|-damage|p2a: Raging Bolt|77/100
|
|upkeep
|turn|10
|
|t:|1769347376
|move|p1a: Araquanid|Endure|p1a: Araquanid
|-singleturn|p1a: Araquanid|move: Endure
|move|p2a: Raging Bolt|Volt Switch|p1a: Araquanid
|-supereffective|p1a: Araquanid
|-activate|p1a: Araquanid|move: Endure
|-damage|p1a: Araquanid|1/100
|inactive|Mortifi has 120 seconds left.
|
|t:|1769347391
|-end|p2a: Raging Bolt|Protosynthesis|[silent]
|switch|p2a: Corviknight|Corviknight, M|100/100|[from] Volt Switch
|-ability|p2a: Corviknight|Pressure
|
|upkeep
|turn|11
|inactive|Mortifi has 120 seconds left.
|
|t:|1769347420
|switch|p1a: Kingambit|Kingambit, F|100/100
|move|p2a: Corviknight|Brave Bird|p1a: Kingambit
|-resisted|p1a: Kingambit
|-damage|p1a: Kingambit|88/100
|-damage|p2a: Corviknight|96/100|[from] Recoil
|
|-heal|p1a: Kingambit|95/100|[from] item: Leftovers
|upkeep
|turn|12
|inactive|Mortifi has 120 seconds left.
|inactive|Kanha Greninja has 120 seconds left.
|
|t:|1769347464
|move|p2a: Corviknight|Bulk Up|p2a: Corviknight
|-boost|p2a: Corviknight|atk|1
|-boost|p2a: Corviknight|def|1
|move|p1a: Kingambit|Swords Dance|p1a: Kingambit
|-boost|p1a: Kingambit|atk|2
|
|-heal|p1a: Kingambit|100/100|[from] item: Leftovers
|upkeep
|turn|13
|inactive|Mortifi has 120 seconds left.
|
|t:|1769347475
|move|p2a: Corviknight|Bulk Up|p2a: Corviknight
|-boost|p2a: Corviknight|atk|1
|-boost|p2a: Corviknight|def|1
|move|p1a: Kingambit|Swords Dance|p1a: Kingambit
|-boost|p1a: Kingambit|atk|2
|
|upkeep
|turn|14
|inactive|Mortifi has 120 seconds left.
|
|t:|1769347482
|move|p2a: Corviknight|Bulk Up|p2a: Corviknight
|-boost|p2a: Corviknight|atk|1
|-boost|p2a: Corviknight|def|1
|move|p1a: Kingambit|Swords Dance|p1a: Kingambit
|-boost|p1a: Kingambit|atk|2
|
|upkeep
|turn|15
|
|t:|1769347487
|move|p2a: Corviknight|Bulk Up|p2a: Corviknight
|-boost|p2a: Corviknight|atk|1
|-boost|p2a: Corviknight|def|1
|move|p1a: Kingambit|Kowtow Cleave|p2a: Corviknight
|-damage|p2a: Corviknight|58/100
|-damage|p1a: Kingambit|84/100|[from] item: Rocky Helmet|[of] p2a: Corviknight
|
|-heal|p1a: Kingambit|90/100|[from] item: Leftovers
|upkeep
|turn|16
|inactive|Kanha Greninja has 120 seconds left.
|
|t:|1769347496
|move|p2a: Corviknight|Bulk Up|p2a: Corviknight
|-boost|p2a: Corviknight|atk|1
|-boost|p2a: Corviknight|def|1
|move|p1a: Kingambit|Kowtow Cleave|p2a: Corviknight
|-damage|p2a: Corviknight|22/100
|-damage|p1a: Kingambit|74/100|[from] item: Rocky Helmet|[of] p2a: Corviknight
|
|-heal|p1a: Kingambit|80/100|[from] item: Leftovers
|upkeep
|turn|17
|
|t:|1769347505
|move|p2a: Corviknight|Roost|p2a: Corviknight
|-heal|p2a: Corviknight|72/100
|-singleturn|p2a: Corviknight|move: Roost
|move|p1a: Kingambit|Kowtow Cleave|p2a: Corviknight
|-damage|p2a: Corviknight|41/100
|-damage|p1a: Kingambit|63/100|[from] item: Rocky Helmet|[of] p2a: Corviknight
|
|-heal|p1a: Kingambit|69/100|[from] item: Leftovers
|upkeep
|turn|18
|
|t:|1769347514
|move|p2a: Corviknight|Roost|p2a: Corviknight
|-heal|p2a: Corviknight|91/100
|-singleturn|p2a: Corviknight|move: Roost
|move|p1a: Kingambit|Kowtow Cleave|p2a: Corviknight
|-damage|p2a: Corviknight|59/100
|-damage|p1a: Kingambit|53/100|[from] item: Rocky Helmet|[of] p2a: Corviknight
|
|-heal|p1a: Kingambit|59/100|[from] item: Leftovers
|upkeep
|turn|19
|
|t:|1769347528
|move|p2a: Corviknight|Roost|p2a: Corviknight
|-heal|p2a: Corviknight|100/100
|-singleturn|p2a: Corviknight|move: Roost
|move|p1a: Kingambit|Kowtow Cleave|p2a: Corviknight
|-damage|p2a: Corviknight|69/100
|-damage|p1a: Kingambit|42/100|[from] item: Rocky Helmet|[of] p2a: Corviknight
|
|-heal|p1a: Kingambit|49/100|[from] item: Leftovers
|upkeep
|turn|20
|
|t:|1769347538
|move|p2a: Corviknight|Bulk Up|p2a: Corviknight
|-boost|p2a: Corviknight|atk|1
|-boost|p2a: Corviknight|def|1
|move|p1a: Kingambit|Kowtow Cleave|p2a: Corviknight
|-damage|p2a: Corviknight|39/100
|-damage|p1a: Kingambit|32/100|[from] item: Rocky Helmet|[of] p2a: Corviknight
|
|-heal|p1a: Kingambit|38/100|[from] item: Leftovers
|upkeep
|turn|21
|
|t:|1769347550
|move|p2a: Corviknight|Brave Bird|p1a: Kingambit
|-resisted|p1a: Kingambit
|-damage|p1a: Kingambit|0 fnt
|faint|p1a: Kingambit
|-damage|p2a: Corviknight|26/100|[from] Recoil
|
|upkeep
|
|t:|1769347562
|switch|p1a: Enamorus|Enamorus, F|100/100
|turn|22
|
|t:|1769347567
|move|p1a: Enamorus|Moonblast|p2a: Corviknight
|-resisted|p2a: Corviknight
|-damage|p2a: Corviknight|0 fnt
|faint|p2a: Corviknight
|
|upkeep
|
|t:|1769347572
|switch|p2a: Slowking|Slowking-Galar, M|100/100
|turn|23
|
|t:|1769347580
|switch|p1a: Araquanid|Araquanid, M|1/100
|move|p2a: Slowking|Toxic|p1a: Araquanid
|-status|p1a: Araquanid|tox
|
|-damage|p1a: Araquanid|0 fnt|[from] psn
|faint|p1a: Araquanid
|upkeep
|
|t:|1769347587
|switch|p1a: Enamorus|Enamorus, F|100/100
|turn|24
|
|t:|1769347597
|move|p1a: Enamorus|Earth Power|p2a: Slowking
|-supereffective|p2a: Slowking
|-damage|p2a: Slowking|33/100
|move|p2a: Slowking|Toxic|p1a: Enamorus
|-status|p1a: Enamorus|tox
|
|-damage|p1a: Enamorus|94/100 tox|[from] psn
|upkeep
|turn|25
|
|t:|1769347606
|switch|p2a: Ting-Lu|Ting-Lu|41/100
|-activate|p2a: Ting-Lu|move: Sticky Web
|-unboost|p2a: Ting-Lu|spe|1
|-ability|p2a: Ting-Lu|Vessel of Ruin
|move|p1a: Enamorus|Earth Power|p2a: Ting-Lu
|-damage|p2a: Ting-Lu|12/100
|
|-heal|p2a: Ting-Lu|18/100|[from] item: Leftovers
|-damage|p1a: Enamorus|82/100 tox|[from] psn
|upkeep
|turn|26
|
|t:|1769347619
|move|p1a: Enamorus|Earth Power|p2a: Ting-Lu
|-damage|p2a: Ting-Lu|0 fnt
|faint|p2a: Ting-Lu
|
|-damage|p1a: Enamorus|63/100 tox|[from] psn
|upkeep
|
|t:|1769347627
|switch|p2a: Raging Bolt|Raging Bolt|77/100
|-activate|p2a: Raging Bolt|move: Sticky Web
|-unboost|p2a: Raging Bolt|spe|1
|turn|27
|
|t:|1769347641
|switch|p1a: Cinderace|Cinderace, F|100/100
|move|p2a: Raging Bolt|Thunderclap||[still]
|-fail|p2a: Raging Bolt
|
|upkeep
|turn|28
|
|t:|1769347649
|switch|p1a: Enamorus|Enamorus, F|63/100 tox
|-end|p2a: Raging Bolt|Protosynthesis|[silent]
|switch|p2a: Ogerpon|Ogerpon-Cornerstone, F|42/100
|-activate|p2a: Ogerpon|move: Sticky Web
|-unboost|p2a: Ogerpon|spe|1
|
|-damage|p1a: Enamorus|57/100 tox|[from] psn
|upkeep
|turn|29
|
|t:|1769347661
|move|p1a: Enamorus|Earth Power|p2a: Ogerpon
|-damage|p2a: Ogerpon|0 fnt
|faint|p2a: Ogerpon
|
|-damage|p1a: Enamorus|44/100 tox|[from] psn
|upkeep
|
|t:|1769347667
|switch|p2a: Raging Bolt|Raging Bolt|77/100
|-activate|p2a: Raging Bolt|move: Sticky Web
|-unboost|p2a: Raging Bolt|spe|1
|turn|30
|
|t:|1769347683
|switch|p1a: Cinderace|Cinderace, F|100/100
|-terastallize|p2a: Raging Bolt|Fairy
|move|p2a: Raging Bolt|Thunderbolt|p1a: Cinderace
|-enditem|p1a: Cinderace|Focus Sash
|-damage|p1a: Cinderace|1/100
|
|upkeep
|turn|31
|
|t:|1769347693
|-end|p2a: Raging Bolt|Protosynthesis|[silent]
|switch|p2a: Slowking|Slowking-Galar, M|66/100
|move|p1a: Cinderace|Pyro Ball|p2a: Slowking
|-damage|p2a: Slowking|0 fnt
|faint|p2a: Slowking
|
|upkeep
|
|t:|1769347698
|switch|p2a: Raging Bolt|Raging Bolt, tera:Fairy|77/100
|-activate|p2a: Raging Bolt|move: Sticky Web
|-unboost|p2a: Raging Bolt|spe|1
|turn|32
|
|t:|1769347715
|switch|p1a: Enamorus|Enamorus, F|44/100 tox
|move|p2a: Raging Bolt|Thunderclap||[still]
|-fail|p2a: Raging Bolt
|
|-damage|p1a: Enamorus|38/100 tox|[from] psn
|upkeep
|turn|33
|
|t:|1769347721
|switch|p1a: Cinderace|Cinderace, F|1/100
|move|p2a: Raging Bolt|Thunderclap||[still]
|-fail|p2a: Raging Bolt
|
|upkeep
|turn|34
|
|t:|1769347729
|move|p2a: Raging Bolt|Thunderclap||[still]
|-fail|p2a: Raging Bolt
|move|p1a: Cinderace|Court Change|p1a: Cinderace
|-start|p1a: Cinderace|typechange|Normal|[from] ability: Libero
|-swapsideconditions
|-activate|p1a: Cinderace|move: Court Change
|
|upkeep
|turn|35
|
|t:|1769347734
|move|p2a: Raging Bolt|Thunderclap||[still]
|-fail|p2a: Raging Bolt
|move|p1a: Cinderace|Court Change|p1a: Cinderace
|-swapsideconditions
|-activate|p1a: Cinderace|move: Court Change
|
|upkeep
|turn|36
|
|t:|1769347739
|move|p2a: Raging Bolt|Thunderclap||[still]
|-fail|p2a: Raging Bolt
|move|p1a: Cinderace|Court Change|p1a: Cinderace
|-swapsideconditions
|-activate|p1a: Cinderace|move: Court Change
|
|upkeep
|turn|37
|
|t:|1769347752
|move|p2a: Raging Bolt|Thunderclap||[still]
|-fail|p2a: Raging Bolt
|move|p1a: Cinderace|Court Change|p1a: Cinderace
|-swapsideconditions
|-activate|p1a: Cinderace|move: Court Change
|
|upkeep
|turn|38
|
|t:|1769347756
|move|p2a: Raging Bolt|Thunderclap||[still]
|-fail|p2a: Raging Bolt
|move|p1a: Cinderace|Court Change|p1a: Cinderace
|-swapsideconditions
|-activate|p1a: Cinderace|move: Court Change
|
|upkeep
|turn|39
|
|t:|1769347768
|-terastallize|p1a: Cinderace|Fire
|move|p1a: Cinderace|Pyro Ball|p2a: Raging Bolt
|-damage|p2a: Raging Bolt|27/100
|-activate|p2a: Raging Bolt|move: Struggle
|move|p2a: Raging Bolt|Struggle|p1a: Cinderace
|-damage|p1a: Cinderace|0 fnt
|faint|p1a: Cinderace
|-damage|p2a: Raging Bolt|2/100|[from] recoil
|
|upkeep
|
|t:|1769347771
|switch|p1a: Enamorus|Enamorus, F|38/100 tox
|turn|40
|
|t:|1769347777
|move|p1a: Enamorus|Moonblast|p2a: Raging Bolt
|-damage|p2a: Raging Bolt|0 fnt
|faint|p2a: Raging Bolt
|-end|p2a: Raging Bolt|Protosynthesis|[silent]
|
|win|Kanha Greninja
|raw|Kanha Greninja's rating: 1578 &rarr; <strong>1595</strong><br />(+17 for winning)
|raw|Mortifi's rating: 1524 &rarr; <strong>1507</strong><br />(-17 for losing)
|l|☆Mortifi
|player|p2|
|l|☆Kanha Greninja
|player|p1|
