|j|☆awerpc
|j|☆spongenoodles
|t:|1769416393
|gametype|singles
|player|p1|awerpc|skier|1130
|player|p2|spongenoodles|red|1138
|gen|9
|tier|[Gen 9] OU
|rated|
|rule|HP Percentage Mod: HP is shown in percentages
|rule|Endless Battle Clause: Forcing endless battles is banned
|rule|Species Clause: Limit one of each Pokémon
|rule|OHKO Clause: OHKO moves are banned
|rule|Evasion Items Clause: Evasion items are banned
|rule|Evasion Moves Clause: Evasion moves are banned
|rule|Evasion Abilities Clause: Evasion abilities are banned
|rule|Sleep Moves Clause: Sleep-inducing moves are banned
|clearpoke
|poke|p1|Cinderace, F|
|poke|p1|Mandibuzz, F|
|poke|p1|Excadrill, M|
|poke|p1|Primarina, M|
|poke|p1|Dragapult, M|
|poke|p1|Rillaboom, M|
|poke|p2|Pelipper, F|
|poke|p2|Overqwil, F|
|poke|p2|Raging Bolt|
|poke|p2|Scizor, F|
|poke|p2|Barraskewda, F|
|poke|p2|Tsareena, F|
|teampreview
|
|t:|1769416403
|teamsize|p1|6
|teamsize|p2|6
|start
|switch|p1a: Cinderace|Cinderace, F|100/100
|switch|p2a: Pelipper|Pelipper, F|100/100
|-weather|RainDance|[from] ability: Drizzle|[of] p2a: Pelipper
|turn|1
|
|t:|1769416415
|move|p1a: Cinderace|U-turn|p2a: Pelipper
|-start|p1a: Cinderace|typechange|Bug|[from] ability: Libero
|-resisted|p2a: Pelipper
|-damage|p2a: Pelipper|88/100
|
|t:|1769416421
|switch|p1a: Primarina|Primarina, M|100/100|[from] U-turn
|move|p2a: Pelipper|Hurricane|p1a: Primarina
|-damage|p1a: Primarina|82/100
|-start|p1a: Primarina|confusion
|
|-weather|RainDance|[upkeep]
|upkeep
|turn|2
|
|t:|1769416436
|switch|p2a: Overqwil|Overqwil, F|100/100
|-activate|p1a: Primarina|confusion
|-damage|p1a: Primarina|75/100|[from] confusion
|
|-weather|RainDance|[upkeep]
|upkeep
|turn|3
|
|t:|1769416456
|switch|p1a: Excadrill|Excadrill, M|100/100
|-ability|p1a: Excadrill|Mold Breaker
|move|p2a: Overqwil|Swords Dance|p2a: Overqwil
|-boost|p2a: Overqwil|atk|2
|
|-weather|RainDance|[upkeep]
|upkeep
|turn|4
|
|t:|1769416468
|switch|p1a: Mandibuzz|Mandibuzz, F, shiny|100/100
|move|p2a: Overqwil|Liquidation|p1a: Mandibuzz
|-damage|p1a: Mandibuzz|45/100
|-damage|p2a: Overqwil|84/100|[from] item: Rocky Helmet|[of] p1a: Mandibuzz
|
|-weather|RainDance|[upkeep]
|upkeep
|turn|5
|
|t:|1769416485
|switch|p1a: Primarina|Primarina, M|75/100
|move|p2a: Overqwil|Liquidation|p1a: Primarina
|-resisted|p1a: Primarina
|-damage|p1a: Primarina|5/100
|
|-weather|RainDance|[upkeep]
|upkeep
|turn|6
|
|t:|1769416502
|move|p2a: Overqwil|Liquidation|p1a: Primarina
|-resisted|p1a: Primarina
|-damage|p1a: Primarina|0 fnt
|faint|p1a: Primarina
|
|-weather|RainDance|[upkeep]
|upkeep
|
|t:|1769416511
|switch|p1a: Cinderace|Cinderace, F|100/100
|turn|7
|
|t:|1769416516
|move|p2a: Overqwil|Liquidation|p1a: Cinderace
|-supereffective|p1a: Cinderace
|-damage|p1a: Cinderace|0 fnt
|faint|p1a: Cinderace
|
|-weather|RainDance|[upkeep]
|upkeep
|
|t:|1769416523
|switch|p1a: Rillaboom|Rillaboom, M|100/100
|-fieldstart|move: Grassy Terrain|[from] ability: Grassy Surge|[of] p1a: Rillaboom
|turn|8
|
|t:|1769416529
|move|p1a: Rillaboom|Grassy Glide|p2a: Overqwil
|-resisted|p2a: Overqwil
|-crit|p2a: Overqwil
|-damage|p2a: Overqwil|36/100
|move|p2a: Overqwil|Barb Barrage|p1a: Rillaboom
|-supereffective|p1a: Rillaboom
|-damage|p1a: Rillaboom|0 fnt
|faint|p1a: Rillaboom
|
|-weather|none
|-heal|p2a: Overqwil|42/100|[from] Grassy Terrain
|upkeep
|-message|awerpc forfeited.
|
|win|spongenoodles
|raw|awerpc's rating: 1130 &rarr; <strong>1106</strong><br />(-24 for losing)
|raw|spongenoodles's rating: 1138 &rarr; <strong>1162</strong><br />(+24 for winning)
|l|☆awerpc
|player|p1|
|l|☆spongenoodles
|player|p2|
