|j|☆sossaiF
|j|☆LNZK1234
|t:|1769311078
|gametype|singles
|player|p1|sossaiF|101|1057
|player|p2|LNZK1234|gambler|1120
|gen|9
|tier|[Gen 9] OU
|rated|
|rule|HP Percentage Mod: HP is shown in percentages
|rule|Endless Battle Clause: Forcing endless battles is banned
|rule|Species Clause: Limit one of each Pokémon
|rule|OHKO Clause: OHKO moves are banned
|rule|Evasion Items Clause: Evasion items are banned
|rule|Evasion Moves Clause: Evasion moves are banned
|rule|Evasion Abilities Clause: Evasion abilities are banned
|rule|Sleep Moves Clause: Sleep-inducing moves are banned
|clearpoke
|poke|p1|Ribombee, M|
|poke|p1|Gholdengo|
|poke|p1|Great Tusk|
|poke|p1|Alomomola, F|
|poke|p1|Raging Bolt|
|poke|p1|Kingambit, F|
|poke|p2|Gholdengo|
|poke|p2|Dragonite, M|
|poke|p2|Iron Valiant|
|poke|p2|Heatran, M|
|poke|p2|Glimmora, M|
|poke|p2|Samurott-Hisui, F|
|teampreview
|
|t:|1769311085
|teamsize|p1|6
|teamsize|p2|6
|start
|switch|p1a: Ribombee|Ribombee, M|100/100
|switch|p2a: Iron Valiant|Iron Valiant|100/100
|-enditem|p2a: Iron Valiant|Booster Energy
|-activate|p2a: Iron Valiant|ability: Quark Drive|[fromitem]
|-start|p2a: Iron Valiant|quarkdrivespe
|turn|1
|
|t:|1769311097
|move|p2a: Iron Valiant|Calm Mind|p2a: Iron Valiant
|-boost|p2a: Iron Valiant|spa|1
|-boost|p2a: Iron Valiant|spd|1
|move|p1a: Ribombee|Sticky Web|p2a: Iron Valiant
|-sidestart|p2: LNZK1234|move: Sticky Web
|
|upkeep
|turn|2
|
|t:|1769311126
|move|p2a: Iron Valiant|Calm Mind|p2a: Iron Valiant
|-boost|p2a: Iron Valiant|spa|1
|-boost|p2a: Iron Valiant|spd|1
|move|p1a: Ribombee|Stun Spore|p2a: Iron Valiant
|-status|p2a: Iron Valiant|par
|
|upkeep
|turn|3
|
|t:|1769311135
|move|p1a: Ribombee|U-turn|p2a: Iron Valiant
|-resisted|p2a: Iron Valiant
|-damage|p2a: Iron Valiant|96/100 par
|
|t:|1769311149
|switch|p1a: Alomomola|Alomomola, F|100/100|[from] U-turn
|move|p2a: Iron Valiant|Calm Mind|p2a: Iron Valiant
|-boost|p2a: Iron Valiant|spa|1
|-boost|p2a: Iron Valiant|spd|1
|
|upkeep
|turn|4
|
|t:|1769311161
|move|p1a: Alomomola|Protect|p1a: Alomomola
|-singleturn|p1a: Alomomola|Protect
|move|p2a: Iron Valiant|Close Combat|p1a: Alomomola
|-activate|p1a: Alomomola|move: Protect
|
|upkeep
|turn|5
|
|t:|1769311177
|move|p2a: Iron Valiant|Psyshock|p1a: Alomomola
|-damage|p1a: Alomomola|49/100
|move|p1a: Alomomola|Scald|p2a: Iron Valiant
|-damage|p2a: Iron Valiant|86/100 par
|
|upkeep
|turn|6
|
|t:|1769311188
|move|p1a: Alomomola|Protect|p1a: Alomomola
|-singleturn|p1a: Alomomola|Protect
|move|p2a: Iron Valiant|Psyshock|p1a: Alomomola
|-activate|p1a: Alomomola|move: Protect
|
|upkeep
|turn|7
|
|t:|1769311197
|switch|p1a: Kingambit|Kingambit, F|100/100
|move|p2a: Iron Valiant|Moonblast|p1a: Kingambit
|-damage|p1a: Kingambit|0 fnt
|faint|p1a: Kingambit
|-end|p1a: Kingambit|fallenundefined|[silent]
|
|upkeep
|c|☆LNZK1234|Predict
|
|t:|1769311214
|switch|p1a: Great Tusk|Great Tusk|100/100
|turn|8
|
|t:|1769311231
|-terastallize|p1a: Great Tusk|Steel
|move|p1a: Great Tusk|Earthquake|p2a: Iron Valiant
|-damage|p2a: Iron Valiant|14/100 par
|cant|p2a: Iron Valiant|par
|
|upkeep
|turn|9
|
|t:|1769311264
|move|p1a: Great Tusk|Close Combat|p2a: Iron Valiant
|-resisted|p2a: Iron Valiant
|-damage|p2a: Iron Valiant|0 fnt
|-unboost|p1a: Great Tusk|def|1
|-unboost|p1a: Great Tusk|spd|1
|faint|p2a: Iron Valiant
|-end|p2a: Iron Valiant|Quark Drive|[silent]
|
|upkeep
|
|t:|1769311269
|switch|p2a: Heatran|Heatran, M|100/100
|-activate|p2a: Heatran|move: Sticky Web
|-unboost|p2a: Heatran|spe|1
|turn|10
|
|t:|1769311285
|-end|p1a: Great Tusk|Protosynthesis|[silent]
|switch|p1a: Alomomola|Alomomola, F|82/100
|move|p2a: Heatran|Earth Power|p1a: Alomomola
|-damage|p1a: Alomomola|63/100
|
|upkeep
|turn|11
|
|t:|1769311299
|switch|p2a: Glimmora|Glimmora, M|100/100
|-activate|p2a: Glimmora|move: Sticky Web
|-unboost|p2a: Glimmora|spe|1
|move|p1a: Alomomola|Wish|p1a: Alomomola
|
|upkeep
|turn|12
|
|t:|1769311306
|switch|p1a: Gholdengo|Gholdengo|100/100
|-item|p1a: Gholdengo|Air Balloon
|move|p2a: Glimmora|Stealth Rock|p1a: Gholdengo
|-sidestart|p1: sossaiF|move: Stealth Rock
|
|upkeep
|turn|13
|
|t:|1769311319
|move|p1a: Gholdengo|Nasty Plot|p1a: Gholdengo
|-boost|p1a: Gholdengo|spa|2
|move|p2a: Glimmora|Stealth Rock||[still]
|-fail|p2a: Glimmora
|
|upkeep
|turn|14
|
|t:|1769311327
|move|p1a: Gholdengo|Nasty Plot|p1a: Gholdengo
|-boost|p1a: Gholdengo|spa|2
|move|p2a: Glimmora|Earth Power|p1a: Gholdengo
|-immune|p1a: Gholdengo
|
|upkeep
|turn|15
|
|t:|1769311336
|move|p1a: Gholdengo|Make It Rain|p2a: Glimmora
|-supereffective|p2a: Glimmora
|-enditem|p2a: Glimmora|Focus Sash
|-damage|p2a: Glimmora|1/100
|-unboost|p1a: Gholdengo|spa|1
|move|p2a: Glimmora|Power Gem|p1a: Gholdengo
|-resisted|p1a: Gholdengo
|-damage|p1a: Gholdengo|77/100
|-enditem|p1a: Gholdengo|Air Balloon
|
|upkeep
|turn|16
|
|t:|1769311348
|move|p1a: Gholdengo|Shadow Ball|p2a: Glimmora
|-damage|p2a: Glimmora|0 fnt
|faint|p2a: Glimmora
|
|upkeep
|
|t:|1769311355
|switch|p2a: Samurott|Samurott-Hisui, F|100/100
|-activate|p2a: Samurott|move: Sticky Web
|-unboost|p2a: Samurott|spe|1
|turn|17
|
|t:|1769311395
|move|p1a: Gholdengo|Make It Rain|p2a: Samurott
|-resisted|p2a: Samurott
|-enditem|p2a: Samurott|Focus Sash
|-damage|p2a: Samurott|1/100
|-unboost|p1a: Gholdengo|spa|1
|move|p2a: Samurott|Ceaseless Edge|p1a: Gholdengo
|-supereffective|p1a: Gholdengo
|-damage|p1a: Gholdengo|0 fnt
|-sidestart|p1: sossaiF|Spikes
|faint|p1a: Gholdengo
|
|upkeep
|
|t:|1769311411
|switch|p1a: Alomomola|Alomomola, F|97/100
|turn|18
|
|t:|1769311426
|move|p2a: Samurott|Sacred Sword|p1a: Alomomola
|-damage|p1a: Alomomola|62/100
|move|p1a: Alomomola|Flip Turn|p2a: Samurott
|-resisted|p2a: Samurott
|-damage|p2a: Samurott|0 fnt
|faint|p2a: Samurott
|
|t:|1769311442
|switch|p1a: Ribombee|Ribombee, M|100/100|[from] Flip Turn
|-damage|p1a: Ribombee|76/100|[from] Stealth Rock
|-damage|p1a: Ribombee|63/100|[from] Spikes
|
|upkeep
|
|t:|1769311446
|switch|p2a: Heatran|Heatran, M|100/100
|-activate|p2a: Heatran|move: Sticky Web
|-unboost|p2a: Heatran|spe|1
|turn|19
|
|t:|1769311463
|move|p1a: Ribombee|U-turn|p2a: Heatran
|-resisted|p2a: Heatran
|-damage|p2a: Heatran|98/100
|
|t:|1769311467
|switch|p1a: Alomomola|Alomomola, F|96/100|[from] U-turn
|move|p2a: Heatran|Magma Storm|p1a: Alomomola|[miss]
|-miss|p2a: Heatran|p1a: Alomomola
|
|-heal|p2a: Heatran|100/100|[from] item: Leftovers
|upkeep
|turn|20
|
|t:|1769311482
|switch|p2a: Gholdengo|Gholdengo|100/100
|-item|p2a: Gholdengo|Air Balloon
|move|p1a: Alomomola|Scald|p2a: Gholdengo
|-damage|p2a: Gholdengo|84/100
|-enditem|p2a: Gholdengo|Air Balloon
|
|upkeep
|turn|21
|
|t:|1769311496
|move|p2a: Gholdengo|Nasty Plot|p2a: Gholdengo
|-boost|p2a: Gholdengo|spa|2
|move|p1a: Alomomola|Scald|p2a: Gholdengo
|-damage|p2a: Gholdengo|68/100
|
|upkeep
|turn|22
|
|t:|1769311506
|move|p2a: Gholdengo|Make It Rain|p1a: Alomomola
|-resisted|p1a: Alomomola
|-damage|p1a: Alomomola|52/100
|-unboost|p2a: Gholdengo|spa|1
|move|p1a: Alomomola|Scald|p2a: Gholdengo
|-damage|p2a: Gholdengo|51/100
|
|upkeep
|turn|23
|
|t:|1769311516
|move|p2a: Gholdengo|Make It Rain|p1a: Alomomola
|-resisted|p1a: Alomomola
|-damage|p1a: Alomomola|19/100
|-unboost|p2a: Gholdengo|spa|1
|move|p1a: Alomomola|Wish|p1a: Alomomola
|
|upkeep
|turn|24
|
|t:|1769311523
|-terastallize|p2a: Gholdengo|Fairy
|move|p1a: Alomomola|Protect|p1a: Alomomola
|-singleturn|p1a: Alomomola|Protect
|move|p2a: Gholdengo|Make It Rain|p1a: Alomomola
|-activate|p1a: Alomomola|move: Protect
|
|-heal|p1a: Alomomola|69/100|[from] move: Wish|[wisher] Alomomola
|upkeep
|turn|25
|
|t:|1769311540
|move|p2a: Gholdengo|Shadow Ball|p1a: Alomomola
|-damage|p1a: Alomomola|36/100
|move|p1a: Alomomola|Scald|p2a: Gholdengo
|-damage|p2a: Gholdengo|34/100
|
|upkeep
|turn|26
|
|t:|1769311548
|move|p2a: Gholdengo|Shadow Ball|p1a: Alomomola
|-damage|p1a: Alomomola|7/100
|move|p1a: Alomomola|Wish|p1a: Alomomola
|
|upkeep
|turn|27
|
|t:|1769311553
|move|p1a: Alomomola|Protect|p1a: Alomomola
|-singleturn|p1a: Alomomola|Protect
|move|p2a: Gholdengo|Shadow Ball|p1a: Alomomola
|-activate|p1a: Alomomola|move: Protect
|
|-heal|p1a: Alomomola|57/100|[from] move: Wish|[wisher] Alomomola
|upkeep
|turn|28
|
|t:|1769311563
|move|p2a: Gholdengo|Shadow Ball|p1a: Alomomola
|-damage|p1a: Alomomola|26/100
|-unboost|p1a: Alomomola|spd|1
|move|p1a: Alomomola|Wish|p1a: Alomomola
|
|upkeep
|turn|29
|
|t:|1769311569
|move|p1a: Alomomola|Protect|p1a: Alomomola
|-singleturn|p1a: Alomomola|Protect
|move|p2a: Gholdengo|Nasty Plot|p2a: Gholdengo
|-boost|p2a: Gholdengo|spa|2
|
|-heal|p1a: Alomomola|76/100|[from] move: Wish|[wisher] Alomomola
|upkeep
|turn|30
|
|t:|1769311579
|move|p2a: Gholdengo|Shadow Ball|p1a: Alomomola
|-damage|p1a: Alomomola|0 fnt
|faint|p1a: Alomomola
|
|upkeep
|
|t:|1769311586
|switch|p1a: Raging Bolt|Raging Bolt|100/100
|-damage|p1a: Raging Bolt|88/100|[from] Stealth Rock
|-damage|p1a: Raging Bolt|76/100|[from] Spikes
|-enditem|p1a: Raging Bolt|Booster Energy
|-activate|p1a: Raging Bolt|ability: Protosynthesis|[fromitem]
|-start|p1a: Raging Bolt|protosynthesisspa
|turn|31
|
|t:|1769311609
|move|p2a: Gholdengo|Make It Rain|p1a: Raging Bolt
|-resisted|p1a: Raging Bolt
|-damage|p1a: Raging Bolt|22/100
|-unboost|p2a: Gholdengo|spa|1
|move|p1a: Raging Bolt|Calm Mind|p1a: Raging Bolt
|-boost|p1a: Raging Bolt|spa|1
|-boost|p1a: Raging Bolt|spd|1
|
|upkeep
|turn|32
|
|t:|1769311620
|move|p2a: Gholdengo|Make It Rain|p1a: Raging Bolt
|-resisted|p1a: Raging Bolt
|-damage|p1a: Raging Bolt|0 fnt
|-unboost|p2a: Gholdengo|spa|1
|faint|p1a: Raging Bolt
|-end|p1a: Raging Bolt|Protosynthesis|[silent]
|
|upkeep
|
|t:|1769311627
|switch|p1a: Great Tusk|Great Tusk, tera:Steel|100/100
|-damage|p1a: Great Tusk|94/100|[from] Stealth Rock
|-damage|p1a: Great Tusk|82/100|[from] Spikes
|turn|33
|
|t:|1769311641
|move|p1a: Great Tusk|Earthquake|p2a: Gholdengo
|-damage|p2a: Gholdengo|0 fnt
|faint|p2a: Gholdengo
|
|upkeep
|
|t:|1769311644
|switch|p2a: Dragonite|Dragonite, M|100/100
|turn|34
|
|t:|1769311652
|move|p1a: Great Tusk|Rapid Spin|p2a: Dragonite
|-damage|p2a: Dragonite|91/100
|-boost|p1a: Great Tusk|spe|1
|-sideend|p1: sossaiF|Spikes|[from] move: Rapid Spin|[of] p1a: Great Tusk
|-sideend|p1: sossaiF|Stealth Rock|[from] move: Rapid Spin|[of] p1a: Great Tusk
|move|p2a: Dragonite|Dragon Dance|p2a: Dragonite
|-boost|p2a: Dragonite|atk|1
|-boost|p2a: Dragonite|spe|1
|
|upkeep
|turn|35
|
|t:|1769311672
|move|p1a: Great Tusk|Close Combat|p2a: Dragonite
|-resisted|p2a: Dragonite
|-damage|p2a: Dragonite|58/100
|-unboost|p1a: Great Tusk|def|1
|-unboost|p1a: Great Tusk|spd|1
|move|p2a: Dragonite|Dragon Dance|p2a: Dragonite
|-boost|p2a: Dragonite|atk|1
|-boost|p2a: Dragonite|spe|1
|
|upkeep
|turn|36
|
|t:|1769311682
|move|p2a: Dragonite|Earthquake|p1a: Great Tusk
|-supereffective|p1a: Great Tusk
|-damage|p1a: Great Tusk|0 fnt
|faint|p1a: Great Tusk
|-end|p1a: Great Tusk|Protosynthesis|[silent]
|
|upkeep
|-message|sossaiF forfeited.
|
|win|LNZK1234
|raw|sossaiF's rating: 1057 &rarr; <strong>1042</strong><br />(-15 for losing)
|raw|LNZK1234's rating: 1120 &rarr; <strong>1141</strong><br />(+21 for winning)
|l|☆sossaiF
|player|p1|
|c|☆LNZK1234|Gg
