|j|☆wattdog21
|j|☆no_dupes
|t:|1769406738
|gametype|singles
|player|p1|wattdog21|volkner|1498
|player|p2|no_dupes|brock-gen2|1566
|gen|9
|tier|[Gen 9] OU
|rated|
|rule|HP Percentage Mod: HP is shown in percentages
|rule|Endless Battle Clause: Forcing endless battles is banned
|rule|Species Clause: Limit one of each Pokémon
|rule|OHKO Clause: OHKO moves are banned
|rule|Evasion Items Clause: Evasion items are banned
|rule|Evasion Moves Clause: Evasion moves are banned
|rule|Evasion Abilities Clause: Evasion abilities are banned
|rule|Sleep Moves Clause: Sleep-inducing moves are banned
|clearpoke
|poke|p1|Tyranitar, F|
|poke|p1|Corviknight, M|
|poke|p1|Clodsire, M|
|poke|p1|Gliscor, F|
|poke|p1|Scizor, M|
|poke|p1|Heatran, F|
|poke|p2|Great Tusk|
|poke|p2|Hatterene, F|
|poke|p2|Charizard, F|
|poke|p2|Goodra-Hisui, M|
|poke|p2|Walking Wake|
|poke|p2|Ninetales, F|
|teampreview
|inactive|Battle timer is ON: inactive players will automatically lose when time's up. (requested by wattdog21)
|
|t:|1769406761
|teamsize|p1|6
|teamsize|p2|6
|start
|switch|p1a: Scizor|Scizor, M|100/100
|switch|p2a: Ninetales|Ninetales, F|100/100
|-weather|SunnyDay|[from] ability: Drought|[of] p2a: Ninetales
|turn|1
|
|t:|1769406771
|switch|p2a: Great Tusk|Great Tusk|100/100
|-activate|p2a: Great Tusk|ability: Protosynthesis
|-start|p2a: Great Tusk|protosynthesisdef
|switch|p1a: Tyranitar|Tyranitar, F|100/100
|-weather|Sandstorm|[from] ability: Sand Stream|[of] p1a: Tyranitar
|-end|p2a: Great Tusk|Protosynthesis
|
|-weather|Sandstorm|[upkeep]
|upkeep
|turn|2
|
|t:|1769406776
|switch|p1a: Corviknight|Corviknight, M|100/100
|move|p2a: Great Tusk|Stealth Rock|p1a: Corviknight
|-sidestart|p1: wattdog21|move: Stealth Rock
|
|-weather|Sandstorm|[upkeep]
|upkeep
|turn|3
|
|t:|1769406780
|-end|p2a: Great Tusk|Protosynthesis|[silent]
|switch|p2a: Emperor|Charizard, F, shiny|100/100
|move|p1a: Corviknight|Defog|p2a: Emperor
|-unboost|p2a: Emperor|evasion|1
|-sideend|p1: wattdog21|Stealth Rock|[from] move: Defog|[of] p1a: Corviknight
|
|-weather|Sandstorm|[upkeep]
|-damage|p2a: Emperor|94/100|[from] Sandstorm
|upkeep
|turn|4
|
|t:|1769406785
|switch|p1a: Clodsire|Clodsire, M|100/100
|move|p2a: Emperor|Scorching Sands|p1a: Clodsire
|-supereffective|p1a: Clodsire
|-crit|p1a: Clodsire
|-damage|p1a: Clodsire|53/100
|
|-weather|Sandstorm|[upkeep]
|-damage|p2a: Emperor|88/100|[from] Sandstorm
|-heal|p1a: Clodsire|59/100|[from] item: Black Sludge
|upkeep
|turn|5
|
|t:|1769406792
|switch|p2a: Hatterene|Hatterene, F|100/100
|move|p1a: Clodsire|Recover|p1a: Clodsire
|-heal|p1a: Clodsire|100/100
|
|-weather|Sandstorm|[upkeep]
|-damage|p2a: Hatterene|95/100|[from] Sandstorm
|upkeep
|turn|6
|
|t:|1769406810
|switch|p2a: Goodra|Goodra-Hisui, M|100/100
|switch|p1a: Scizor|Scizor, M|100/100
|
|-weather|Sandstorm|[upkeep]
|upkeep
|turn|7
|
|t:|1769406812
|move|p1a: Scizor|Close Combat|p2a: Goodra
|-supereffective|p2a: Goodra
|-damage|p2a: Goodra|0 fnt
|-unboost|p1a: Scizor|def|1
|-unboost|p1a: Scizor|spd|1
|faint|p2a: Goodra
|
|-weather|Sandstorm|[upkeep]
|upkeep
|
|t:|1769406816
|switch|p2a: Ninetales|Ninetales, F|100/100
|-weather|SunnyDay|[from] ability: Drought|[of] p2a: Ninetales
|turn|8
|
|t:|1769406819
|switch|p1a: Tyranitar|Tyranitar, F|100/100
|-weather|Sandstorm|[from] ability: Sand Stream|[of] p1a: Tyranitar
|move|p2a: Ninetales|Scorching Sands|p1a: Tyranitar
|-supereffective|p1a: Tyranitar
|-damage|p1a: Tyranitar|83/100
|
|-weather|Sandstorm|[upkeep]
|-damage|p2a: Ninetales|94/100|[from] Sandstorm
|upkeep
|turn|9
|
|t:|1769406827
|switch|p2a: Great Tusk|Great Tusk|100/100
|move|p1a: Tyranitar|Stone Edge|p2a: Great Tusk
|-resisted|p2a: Great Tusk
|-crit|p2a: Great Tusk
|-damage|p2a: Great Tusk|91/100
|
|-weather|Sandstorm|[upkeep]
|-heal|p2a: Great Tusk|97/100|[from] item: Leftovers
|upkeep
|turn|10
|
|t:|1769406832
|switch|p1a: Corviknight|Corviknight, M|100/100
|move|p2a: Great Tusk|Stealth Rock|p1a: Corviknight
|-sidestart|p1: wattdog21|move: Stealth Rock
|
|-weather|Sandstorm|[upkeep]
|-heal|p2a: Great Tusk|100/100|[from] item: Leftovers
|upkeep
|turn|11
|
|t:|1769406837
|-end|p2a: Great Tusk|Protosynthesis|[silent]
|switch|p2a: Ninetales|Ninetales, F|94/100
|-weather|SunnyDay|[from] ability: Drought|[of] p2a: Ninetales
|move|p1a: Corviknight|Defog|p2a: Ninetales
|-unboost|p2a: Ninetales|evasion|1
|-sideend|p1: wattdog21|Stealth Rock|[from] move: Defog|[of] p1a: Corviknight
|
|-weather|SunnyDay|[upkeep]
|upkeep
|turn|12
|
|t:|1769406841
|switch|p1a: Tyranitar|Tyranitar, F|83/100
|-weather|Sandstorm|[from] ability: Sand Stream|[of] p1a: Tyranitar
|move|p2a: Ninetales|Scorching Sands|p1a: Tyranitar
|-supereffective|p1a: Tyranitar
|-damage|p1a: Tyranitar|64/100
|
|-weather|Sandstorm|[upkeep]
|-damage|p2a: Ninetales|88/100|[from] Sandstorm
|upkeep
|turn|13
|
|t:|1769406844
|move|p2a: Ninetales|Scorching Sands|p1a: Tyranitar
|-supereffective|p1a: Tyranitar
|-damage|p1a: Tyranitar|45/100
|-status|p1a: Tyranitar|brn
|move|p1a: Tyranitar|Knock Off|p2a: Ninetales
|-damage|p2a: Ninetales|52/100
|-enditem|p2a: Ninetales|Heat Rock|[from] move: Knock Off|[of] p1a: Tyranitar
|
|-weather|Sandstorm|[upkeep]
|-damage|p2a: Ninetales|46/100|[from] Sandstorm
|-damage|p1a: Tyranitar|39/100 brn|[from] brn
|upkeep
|turn|14
|
|t:|1769406856
|move|p2a: Ninetales|Scorching Sands|p1a: Tyranitar
|-supereffective|p1a: Tyranitar
|-damage|p1a: Tyranitar|21/100 brn
|move|p1a: Tyranitar|Earthquake|p2a: Ninetales
|-supereffective|p2a: Ninetales
|-damage|p2a: Ninetales|0 fnt
|faint|p2a: Ninetales
|
|-weather|Sandstorm|[upkeep]
|-damage|p1a: Tyranitar|15/100 brn|[from] brn
|upkeep
|
|t:|1769406860
|switch|p2a: Great Tusk|Great Tusk|100/100
|turn|15
|
|t:|1769406864
|switch|p1a: Corviknight|Corviknight, M|100/100
|move|p2a: Great Tusk|Stealth Rock|p1a: Corviknight
|-sidestart|p1: wattdog21|move: Stealth Rock
|
|-weather|Sandstorm|[upkeep]
|upkeep
|turn|16
|
|t:|1769406869
|-end|p2a: Great Tusk|Protosynthesis|[silent]
|switch|p2a: Emperor|Charizard, F, shiny|88/100
|move|p1a: Corviknight|Defog|p2a: Emperor
|-unboost|p2a: Emperor|evasion|1
|-sideend|p1: wattdog21|Stealth Rock|[from] move: Defog|[of] p1a: Corviknight
|
|-weather|Sandstorm|[upkeep]
|-damage|p2a: Emperor|82/100|[from] Sandstorm
|upkeep
|turn|17
|
|t:|1769406873
|switch|p1a: Heatran|Heatran, F|100/100
|-item|p1a: Heatran|Air Balloon
|move|p2a: Emperor|Weather Ball|p1a: Heatran
|-damage|p1a: Heatran|61/100
|-enditem|p1a: Heatran|Air Balloon
|
|-weather|Sandstorm|[upkeep]
|-damage|p2a: Emperor|76/100|[from] Sandstorm
|upkeep
|turn|18
|
|t:|1769406891
|switch|p1a: Clodsire|Clodsire, M|100/100
|move|p2a: Emperor|Weather Ball|p1a: Clodsire
|-resisted|p1a: Clodsire
|-damage|p1a: Clodsire|88/100
|
|-weather|Sandstorm|[upkeep]
|-damage|p2a: Emperor|70/100|[from] Sandstorm
|-heal|p1a: Clodsire|94/100|[from] item: Black Sludge
|upkeep
|turn|19
|
|t:|1769406899
|switch|p2a: Great Tusk|Great Tusk|100/100
|move|p1a: Clodsire|Toxic|p2a: Great Tusk
|-status|p2a: Great Tusk|tox
|
|-weather|none
|-heal|p1a: Clodsire|100/100|[from] item: Black Sludge
|-damage|p2a: Great Tusk|94/100 tox|[from] psn
|upkeep
|turn|20
|
|t:|1769406906
|-end|p2a: Great Tusk|Protosynthesis|[silent]
|switch|p2a: Emperor|Charizard, F, shiny|70/100
|switch|p1a: Corviknight|Corviknight, M|100/100
|
|upkeep
|turn|21
|
|t:|1769406910
|switch|p1a: Heatran|Heatran, F|61/100
|move|p2a: Emperor|Overheat|p1a: Heatran
|-start|p1a: Heatran|ability: Flash Fire
|
|upkeep
|turn|22
|inactive|wattdog21 has 120 seconds left.
|
|t:|1769406946
|switch|p2a: Walking Wake|Walking Wake|100/100
|move|p1a: Heatran|Flash Cannon|p2a: Walking Wake
|-resisted|p2a: Walking Wake
|-damage|p2a: Walking Wake|72/100
|
|upkeep
|turn|23
|inactive|wattdog21 has 120 seconds left.
|
|t:|1769406953
|-end|p1a: Heatran|ability: Flash Fire|[silent]
|switch|p1a: Clodsire|Clodsire, M|100/100
|move|p2a: Walking Wake|Flip Turn|p1a: Clodsire
|-immune|p1a: Clodsire|[from] ability: Water Absorb
|
|upkeep
|turn|24
|
|t:|1769406958
|-end|p2a: Walking Wake|Protosynthesis|[silent]
|switch|p2a: Hatterene|Hatterene, F|95/100
|move|p1a: Clodsire|Toxic|p2a: Hatterene
|move|p2a: Hatterene|Toxic|p1a: Clodsire|[from] ability: Magic Bounce
|-immune|p1a: Clodsire
|
|upkeep
|turn|25
|
|t:|1769406962
|move|p2a: Hatterene|Nuzzle|p1a: Clodsire
|-immune|p1a: Clodsire
|move|p1a: Clodsire|Earthquake|p2a: Hatterene
|-damage|p2a: Hatterene|72/100
|-enditem|p2a: Hatterene|Eject Button
|
|t:|1769406966
|switch|p2a: Great Tusk|Great Tusk|94/100 tox
|
|-heal|p2a: Great Tusk|100/100 tox|[from] item: Leftovers
|-damage|p2a: Great Tusk|94/100 tox|[from] psn
|upkeep
|turn|26
|
|t:|1769406972
|-end|p2a: Great Tusk|Protosynthesis|[silent]
|switch|p2a: Emperor|Charizard, F, shiny|70/100
|switch|p1a: Corviknight|Corviknight, M|100/100
|
|upkeep
|turn|27
|
|t:|1769406998
|switch|p1a: Gliscor|Gliscor, F|100/100
|move|p2a: Emperor|Scorching Sands|p1a: Gliscor
|-immune|p1a: Gliscor
|
|-status|p1a: Gliscor|tox|[from] item: Toxic Orb
|upkeep
|turn|28
|
|t:|1769407008
|switch|p2a: Hatterene|Hatterene, F|72/100
|move|p1a: Gliscor|Facade|p2a: Hatterene
|-damage|p2a: Hatterene|34/100
|
|upkeep
|turn|29
|
|t:|1769407021
|move|p1a: Gliscor|Facade|p2a: Hatterene
|-damage|p2a: Hatterene|0 fnt
|faint|p2a: Hatterene
|
|upkeep
|
|t:|1769407026
|switch|p2a: Emperor|Charizard, F, shiny|70/100
|turn|30
|-message|no_dupes forfeited.
|
|win|wattdog21
|raw|wattdog21's rating: 1498 &rarr; <strong>1522</strong><br />(+24 for winning)
|raw|no_dupes's rating: 1566 &rarr; <strong>1542</strong><br />(-24 for losing)
|l|☆wattdog21
|player|p1|
|j|☆wattdog21
|player|p1|wattdog21|volkner|
|l|☆wattdog21
|player|p1|
