|j|☆mister shiz
|j|☆SmellyFridge235
|t:|1769395063
|gametype|singles
|player|p1|mister shiz|sage|1359
|player|p2|SmellyFridge235|1|1314
|gen|9
|tier|[Gen 9] OU
|rated|
|rule|HP Percentage Mod: HP is shown in percentages
|rule|Endless Battle Clause: Forcing endless battles is banned
|rule|Species Clause: Limit one of each Pokémon
|rule|OHKO Clause: OHKO moves are banned
|rule|Evasion Items Clause: Evasion items are banned
|rule|Evasion Moves Clause: Evasion moves are banned
|rule|Evasion Abilities Clause: Evasion abilities are banned
|rule|Sleep Moves Clause: Sleep-inducing moves are banned
|clearpoke
|poke|p1|Raging Bolt|
|poke|p1|Alomomola, M|
|poke|p1|Hatterene, F|
|poke|p1|Lokix, F|
|poke|p1|Great Tusk|
|poke|p1|Heatran, M|
|poke|p2|Garganacl, F|
|poke|p2|Tyranitar, F|
|poke|p2|Corviknight, F|
|poke|p2|Landorus-Therian, M|
|poke|p2|Zamazenta-*|
|poke|p2|Ogerpon-Wellspring, F|
|teampreview
|inactive|Battle timer is ON: inactive players will automatically lose when time's up. (requested by mister shiz)
|
|t:|1769395092
|teamsize|p1|6
|teamsize|p2|6
|start
|switch|p1a: Great Tusk|Great Tusk|100/100
|switch|p2a: Ogerpon|Ogerpon-Wellspring, F|100/100
|turn|1
|
|t:|1769395102
|-end|p1a: Great Tusk|Protosynthesis|[silent]
|switch|p1a: Alomomola|Alomomola, M|100/100
|move|p2a: Ogerpon|Ivy Cudgel|p1a: Alomomola|[anim] Ivy Cudgel Water
|-resisted|p1a: Alomomola
|-damage|p1a: Alomomola|84/100
|-enditem|p1a: Alomomola|Eject Button
|
|t:|1769395108
|switch|p1a: Lokix|Lokix, F|100/100
|
|upkeep
|turn|2
|
|t:|1769395113
|switch|p2a: Landorus|Landorus-Therian, M|100/100
|-ability|p2a: Landorus|Intimidate|boost
|-unboost|p1a: Lokix|atk|1
|move|p1a: Lokix|U-turn|p2a: Landorus
|-resisted|p2a: Landorus
|-damage|p2a: Landorus|62/100
|-damage|p1a: Lokix|84/100|[from] item: Rocky Helmet|[of] p2a: Landorus
|
|t:|1769395129
|switch|p1a: Great Tusk|Great Tusk|100/100|[from] U-turn
|
|upkeep
|turn|3
|
|t:|1769395139
|move|p2a: Landorus|U-turn|p1a: Great Tusk
|-resisted|p1a: Great Tusk
|-damage|p1a: Great Tusk|90/100
|
|t:|1769395142
|switch|p2a: Ogerpon|Ogerpon-Wellspring, F|100/100|[from] U-turn
|move|p1a: Great Tusk|Ice Spinner|p2a: Ogerpon
|-damage|p2a: Ogerpon|66/100
|
|upkeep
|turn|4
|
|t:|1769395151
|-end|p1a: Great Tusk|Protosynthesis|[silent]
|switch|p1a: Alomomola|Alomomola, M|100/100
|move|p2a: Ogerpon|Ivy Cudgel|p1a: Alomomola|[anim] Ivy Cudgel Water
|-resisted|p1a: Alomomola
|-damage|p1a: Alomomola|82/100
|
|upkeep
|turn|5
|
|t:|1769395156
|move|p2a: Ogerpon|Power Whip|p1a: Alomomola
|-supereffective|p1a: Alomomola
|-damage|p1a: Alomomola|0 fnt
|faint|p1a: Alomomola
|
|upkeep
|
|t:|1769395170
|switch|p1a: Lokix|Lokix, F|84/100
|turn|6
|
|t:|1769395176
|switch|p2a: Corviknight|Corviknight, F, shiny|100/100
|-ability|p2a: Corviknight|Pressure
|move|p1a: Lokix|First Impression|p2a: Corviknight
|-resisted|p2a: Corviknight
|-damage|p2a: Corviknight|80/100
|-damage|p1a: Lokix|68/100|[from] item: Rocky Helmet|[of] p2a: Corviknight
|
|upkeep
|turn|7
|
|t:|1769395197
|switch|p1a: Raging Bolt|Raging Bolt|100/100
|move|p2a: Corviknight|Roost|p2a: Corviknight
|-heal|p2a: Corviknight|100/100
|-singleturn|p2a: Corviknight|move: Roost
|
|upkeep
|turn|8
|
|t:|1769395208
|switch|p2a: Tyranitar|Tyranitar, F|100/100
|-weather|Sandstorm|[from] ability: Sand Stream|[of] p2a: Tyranitar
|move|p1a: Raging Bolt|Draco Meteor|p2a: Tyranitar|[miss]
|-miss|p1a: Raging Bolt|p2a: Tyranitar
|
|-weather|Sandstorm|[upkeep]
|-damage|p1a: Raging Bolt|94/100|[from] Sandstorm
|upkeep
|turn|9
|
|t:|1769395227
|move|p1a: Raging Bolt|Draco Meteor|p2a: Tyranitar
|-damage|p2a: Tyranitar|73/100
|-unboost|p1a: Raging Bolt|spa|2
|move|p2a: Tyranitar|Ice Beam|p1a: Raging Bolt
|-supereffective|p1a: Raging Bolt
|-damage|p1a: Raging Bolt|53/100
|-status|p1a: Raging Bolt|frz
|
|-weather|Sandstorm|[upkeep]
|-damage|p1a: Raging Bolt|47/100 frz|[from] Sandstorm
|-heal|p2a: Tyranitar|79/100|[from] item: Leftovers
|upkeep
|turn|10
|c|☆mister shiz|weow
|
|t:|1769395241
|cant|p1a: Raging Bolt|frz
|move|p2a: Tyranitar|Stealth Rock|p1a: Raging Bolt
|-sidestart|p1: mister shiz|move: Stealth Rock
|
|-weather|Sandstorm|[upkeep]
|-damage|p1a: Raging Bolt|41/100 frz|[from] Sandstorm
|-heal|p2a: Tyranitar|85/100|[from] item: Leftovers
|upkeep
|turn|11
|c|☆SmellyFridge235|unfortunate
|
|t:|1769395246
|-curestatus|p1a: Raging Bolt|frz|[msg]
|move|p1a: Raging Bolt|Draco Meteor|p2a: Tyranitar|[miss]
|-miss|p1a: Raging Bolt|p2a: Tyranitar
|move|p2a: Tyranitar|Knock Off|p1a: Raging Bolt
|-damage|p1a: Raging Bolt|1/100
|-enditem|p1a: Raging Bolt|Choice Scarf|[from] move: Knock Off|[of] p2a: Tyranitar
|
|-weather|Sandstorm|[upkeep]
|-damage|p1a: Raging Bolt|0 fnt|[from] Sandstorm
|faint|p1a: Raging Bolt
|-end|p1a: Raging Bolt|Protosynthesis|[silent]
|-heal|p2a: Tyranitar|91/100|[from] item: Leftovers
|upkeep
|
|t:|1769395268
|switch|p1a: Great Tusk|Great Tusk|90/100
|-damage|p1a: Great Tusk|87/100|[from] Stealth Rock
|turn|12
|
|t:|1769395283
|switch|p2a: Corviknight|Corviknight, F, shiny|100/100
|-ability|p2a: Corviknight|Pressure
|-terastallize|p1a: Great Tusk|Poison
|move|p1a: Great Tusk|Rapid Spin|p2a: Corviknight
|-resisted|p2a: Corviknight
|-damage|p2a: Corviknight|95/100
|-boost|p1a: Great Tusk|spe|1
|-damage|p1a: Great Tusk|71/100|[from] item: Rocky Helmet|[of] p2a: Corviknight
|-sideend|p1: mister shiz|Stealth Rock|[from] move: Rapid Spin|[of] p1a: Great Tusk
|
|-weather|none
|upkeep
|turn|13
|
|t:|1769395296
|-end|p1a: Great Tusk|Protosynthesis|[silent]
|switch|p1a: Heatran|Heatran, M|100/100
|move|p2a: Corviknight|Iron Defense|p2a: Corviknight
|-boost|p2a: Corviknight|def|2
|
|upkeep
|turn|14
|
|t:|1769395313
|switch|p2a: Tyranitar|Tyranitar, F|91/100
|-weather|Sandstorm|[from] ability: Sand Stream|[of] p2a: Tyranitar
|move|p1a: Heatran|Magma Storm|p2a: Tyranitar
|-resisted|p2a: Tyranitar
|-damage|p2a: Tyranitar|82/100
|-activate|p2a: Tyranitar|move: Magma Storm|[of] p1a: Heatran
|
|-weather|Sandstorm|[upkeep]
|-heal|p2a: Tyranitar|88/100|[from] item: Leftovers
|-damage|p2a: Tyranitar|76/100|[from] move: Magma Storm|[partiallytrapped]
|upkeep
|turn|15
|inactive|mister shiz has 120 seconds left.
|inactive|mister shiz has 90 seconds left.
|
|t:|1769395371
|move|p1a: Heatran|Stealth Rock|p2a: Tyranitar
|-sidestart|p2: SmellyFridge235|move: Stealth Rock
|move|p2a: Tyranitar|Knock Off|p1a: Heatran
|-damage|p1a: Heatran|72/100
|-status|p2a: Tyranitar|brn|[from] ability: Flame Body|[of] p1a: Heatran
|-enditem|p1a: Heatran|Leftovers|[from] move: Knock Off|[of] p2a: Tyranitar
|
|-weather|Sandstorm|[upkeep]
|-heal|p2a: Tyranitar|82/100 brn|[from] item: Leftovers
|-damage|p2a: Tyranitar|76/100 brn|[from] brn
|-damage|p2a: Tyranitar|64/100 brn|[from] move: Magma Storm|[partiallytrapped]
|upkeep
|turn|16
|inactive|mister shiz has 90 seconds left.
|
|t:|1769395382
|move|p1a: Heatran|Taunt|p2a: Tyranitar
|-start|p2a: Tyranitar|move: Taunt
|cant|p2a: Tyranitar|move: Taunt|Roar
|
|-weather|Sandstorm|[upkeep]
|-heal|p2a: Tyranitar|70/100 brn|[from] item: Leftovers
|-damage|p2a: Tyranitar|64/100 brn|[from] brn
|-damage|p2a: Tyranitar|51/100 brn|[from] move: Magma Storm|[partiallytrapped]
|upkeep
|turn|17
|inactive|mister shiz has 90 seconds left.
|
|t:|1769395394
|move|p1a: Heatran|Magma Storm|p2a: Tyranitar
|-resisted|p2a: Tyranitar
|-damage|p2a: Tyranitar|43/100 brn
|move|p2a: Tyranitar|Knock Off|p1a: Heatran
|-damage|p1a: Heatran|62/100
|
|-weather|Sandstorm|[upkeep]
|-heal|p2a: Tyranitar|49/100 brn|[from] item: Leftovers
|-damage|p2a: Tyranitar|43/100 brn|[from] brn
|-damage|p2a: Tyranitar|30/100 brn|[from] move: Magma Storm|[partiallytrapped]
|upkeep
|turn|18
|
|t:|1769395403
|move|p1a: Heatran|Earth Power|p2a: Tyranitar
|-supereffective|p2a: Tyranitar
|-damage|p2a: Tyranitar|7/100 brn
|move|p2a: Tyranitar|Ice Beam|p1a: Heatran
|-resisted|p1a: Heatran
|-damage|p1a: Heatran|57/100
|
|-weather|none
|-heal|p2a: Tyranitar|14/100 brn|[from] item: Leftovers
|-damage|p2a: Tyranitar|7/100 brn|[from] brn
|-damage|p2a: Tyranitar|0 fnt|[from] move: Magma Storm|[partiallytrapped]
|faint|p2a: Tyranitar
|upkeep
|
|t:|1769395408
|switch|p2a: Ogerpon|Ogerpon-Wellspring, F|66/100
|-damage|p2a: Ogerpon|54/100|[from] Stealth Rock
|turn|19
|inactive|mister shiz has 90 seconds left.
|
|t:|1769395429
|move|p2a: Ogerpon|Ivy Cudgel|p1a: Heatran|[anim] Ivy Cudgel Water
|-supereffective|p1a: Heatran
|-damage|p1a: Heatran|0 fnt
|faint|p1a: Heatran
|
|upkeep
|
|t:|1769395433
|switch|p1a: Lokix|Lokix, F|68/100
|turn|20
|
|t:|1769395439
|switch|p2a: Corviknight|Corviknight, F, shiny|95/100
|-damage|p2a: Corviknight|83/100|[from] Stealth Rock
|-ability|p2a: Corviknight|Pressure
|move|p1a: Lokix|First Impression|p2a: Corviknight
|-resisted|p2a: Corviknight
|-damage|p2a: Corviknight|64/100
|-damage|p1a: Lokix|51/100|[from] item: Rocky Helmet|[of] p2a: Corviknight
|
|upkeep
|turn|21
|
|t:|1769395444
|switch|p1a: Hatterene|Hatterene, F|100/100
|move|p2a: Corviknight|Defog|p1a: Hatterene
|move|p1a: Hatterene|Defog|p2a: Corviknight|[from] ability: Magic Bounce
|-unboost|p2a: Corviknight|evasion|1
|-sideend|p2: SmellyFridge235|Stealth Rock|[from] move: Defog|[of] p1a: Hatterene
|
|upkeep
|turn|22
|
|t:|1769395457
|switch|p2a: Garganacl|Garganacl, F, shiny|100/100
|move|p1a: Hatterene|Future Sight|p2a: Garganacl
|-start|p1a: Hatterene|move: Future Sight
|
|upkeep
|turn|23
|
|t:|1769395462
|move|p1a: Hatterene|Nuzzle|p2a: Garganacl
|-damage|p2a: Garganacl|98/100
|move|p2a: Garganacl|Salt Cure|p1a: Hatterene
|-damage|p1a: Hatterene|84/100
|-start|p1a: Hatterene|Salt Cure
|
|-heal|p2a: Garganacl|100/100|[from] item: Leftovers
|-damage|p1a: Hatterene|72/100|[from] Salt Cure
|upkeep
|turn|24
|inactive|mister shiz has 120 seconds left.
|
|t:|1769395480
|switch|p1a: Great Tusk|Great Tusk, tera:Poison|71/100
|move|p2a: Garganacl|Curse|p2a: Garganacl
|-unboost|p2a: Garganacl|spe|1
|-boost|p2a: Garganacl|atk|1
|-boost|p2a: Garganacl|def|1
|
|-end|p2a: Garganacl|move: Future Sight
|-damage|p2a: Garganacl|62/100
|-heal|p2a: Garganacl|68/100|[from] item: Leftovers
|upkeep
|turn|25
|
|t:|1769395489
|-terastallize|p2a: Garganacl|Water
|move|p1a: Great Tusk|Close Combat|p2a: Garganacl
|-damage|p2a: Garganacl|40/100
|-unboost|p1a: Great Tusk|def|1
|-unboost|p1a: Great Tusk|spd|1
|move|p2a: Garganacl|Curse|p2a: Garganacl
|-unboost|p2a: Garganacl|spe|1
|-boost|p2a: Garganacl|atk|1
|-boost|p2a: Garganacl|def|1
|
|-heal|p2a: Garganacl|46/100|[from] item: Leftovers
|upkeep
|turn|26
|inactive|mister shiz has 120 seconds left.
|
|t:|1769395514
|move|p1a: Great Tusk|Close Combat|p2a: Garganacl
|-damage|p2a: Garganacl|25/100
|-unboost|p1a: Great Tusk|def|1
|-unboost|p1a: Great Tusk|spd|1
|move|p2a: Garganacl|Recover|p2a: Garganacl
|-heal|p2a: Garganacl|75/100
|
|-heal|p2a: Garganacl|81/100|[from] item: Leftovers
|upkeep
|turn|27
|-message|mister shiz forfeited.
|
|win|SmellyFridge235
|raw|mister shiz's rating: 1359 &rarr; <strong>1336</strong><br />(-23 for losing)
|raw|SmellyFridge235's rating: 1314 &rarr; <strong>1337</strong><br />(+23 for winning)
|l|☆mister shiz
|player|p1|
