|j|☆mpruftkvql
|j|☆Tumbletown
|t:|1769303233
|gametype|singles
|player|p1|mpruftkvql|acetrainer-gen6|1786
|player|p2|Tumbletown|hilda|1703
|gen|9
|tier|[Gen 9] OU
|rated|
|rule|HP Percentage Mod: HP is shown in percentages
|rule|Endless Battle Clause: Forcing endless battles is banned
|rule|Species Clause: Limit one of each Pokémon
|rule|OHKO Clause: OHKO moves are banned
|rule|Evasion Items Clause: Evasion items are banned
|rule|Evasion Moves Clause: Evasion moves are banned
|rule|Evasion Abilities Clause: Evasion abilities are banned
|rule|Sleep Moves Clause: Sleep-inducing moves are banned
|clearpoke
|poke|p1|Samurott-Hisui, M|
|poke|p1|Zamazenta-*|
|poke|p1|Dragonite, M|
|poke|p1|Gholdengo|
|poke|p1|Iron Treads|
|poke|p1|Pecharunt|
|poke|p2|Barraskewda, M|
|poke|p2|Pelipper, M|
|poke|p2|Raging Bolt|
|poke|p2|Iron Treads|
|poke|p2|Zapdos|
|poke|p2|Indeedee, M|
|teampreview
|
|t:|1769303247
|teamsize|p1|6
|teamsize|p2|6
|start
|switch|p1a: Dragonite|Dragonite, M|100/100
|switch|p2a: Raging Bolt|Raging Bolt|100/100
|turn|1
|c|☆mpruftkvql|hf
|inactive|Battle timer is ON: inactive players will automatically lose when time's up. (requested by mpruftkvql)
|c|☆Tumbletown|You too
|
|t:|1769303261
|switch|p1a: Iron Treads|Iron Treads|100/100
|move|p2a: Raging Bolt|Thunderbolt|p1a: Iron Treads
|-immune|p1a: Iron Treads
|
|upkeep
|turn|2
|
|t:|1769303275
|-end|p2a: Raging Bolt|Protosynthesis|[silent]
|switch|p2a: Pelipper|Pelipper, M|100/100
|-weather|RainDance|[from] ability: Drizzle|[of] p2a: Pelipper
|move|p1a: Iron Treads|Stealth Rock|p2a: Pelipper
|-sidestart|p2: Tumbletown|move: Stealth Rock
|
|-weather|RainDance|[upkeep]
|upkeep
|turn|3
|
|t:|1769303289
|-end|p1a: Iron Treads|Quark Drive|[silent]
|switch|p1a: Samurott|Samurott-Hisui, M|100/100
|move|p2a: Pelipper|U-turn|p1a: Samurott
|-supereffective|p1a: Samurott
|-damage|p1a: Samurott|80/100
|
|t:|1769303295
|switch|p2a: Zapdos|Zapdos|100/100|[from] U-turn
|
|-weather|RainDance|[upkeep]
|upkeep
|turn|4
|
|t:|1769303309
|move|p2a: Zapdos|Thunder|p1a: Samurott
|-supereffective|p1a: Samurott
|-damage|p1a: Samurott|0 fnt
|faint|p1a: Samurott
|
|-weather|RainDance|[upkeep]
|upkeep
|
|t:|1769303323
|switch|p1a: Dragonite|Dragonite, M|100/100
|turn|5
|
|t:|1769303337
|move|p2a: Zapdos|Thunder|p1a: Dragonite
|-damage|p1a: Dragonite|75/100
|move|p1a: Dragonite|Dragon Tail|p2a: Zapdos
|-damage|p2a: Zapdos|60/100
|drag|p2a: Pelipper|Pelipper, M|100/100
|-damage|p2a: Pelipper|76/100|[from] Stealth Rock
|
|-weather|RainDance|[upkeep]
|upkeep
|turn|6
|j| St.Peewee
|
|t:|1769303351
|move|p1a: Dragonite|Roost|p1a: Dragonite
|-heal|p1a: Dragonite|100/100
|-singleturn|p1a: Dragonite|move: Roost
|move|p2a: Pelipper|Hurricane|p1a: Dragonite
|-damage|p1a: Dragonite|85/100
|
|-weather|RainDance|[upkeep]
|upkeep
|turn|7
|
|t:|1769303365
|move|p2a: Pelipper|U-turn|p1a: Dragonite
|-resisted|p1a: Dragonite
|-damage|p1a: Dragonite|80/100
|
|t:|1769303376
|switch|p2a: Zapdos|Zapdos|60/100|[from] U-turn
|move|p1a: Dragonite|Dragon Tail|p2a: Zapdos
|-damage|p2a: Zapdos|18/100
|drag|p2a: Raging Bolt|Raging Bolt|100/100
|
|-weather|RainDance|[upkeep]
|upkeep
|turn|8
|
|t:|1769303390
|switch|p1a: Iron Treads|Iron Treads|100/100
|move|p2a: Raging Bolt|Draco Meteor|p1a: Iron Treads
|-resisted|p1a: Iron Treads
|-damage|p1a: Iron Treads|60/100
|-unboost|p2a: Raging Bolt|spa|2
|
|-weather|RainDance|[upkeep]
|-heal|p1a: Iron Treads|66/100|[from] item: Leftovers
|upkeep
|turn|9
|
|t:|1769303404
|-end|p2a: Raging Bolt|Protosynthesis|[silent]
|switch|p2a: Pelipper|Pelipper, M|76/100
|-damage|p2a: Pelipper|51/100|[from] Stealth Rock
|move|p1a: Iron Treads|Knock Off|p2a: Pelipper
|-damage|p2a: Pelipper|32/100
|-enditem|p2a: Pelipper|Damp Rock|[from] move: Knock Off|[of] p1a: Iron Treads
|
|-weather|none
|-heal|p1a: Iron Treads|72/100|[from] item: Leftovers
|upkeep
|turn|10
|
|t:|1769303418
|-end|p1a: Iron Treads|Quark Drive|[silent]
|switch|p1a: Gholdengo|Gholdengo|100/100
|move|p2a: Pelipper|Roost|p2a: Pelipper
|-heal|p2a: Pelipper|82/100
|-singleturn|p2a: Pelipper|move: Roost
|
|upkeep
|turn|11
|j| Cursed16
|
|t:|1769303425
|switch|p2a: Iron Treads|Iron Treads|100/100
|-damage|p2a: Iron Treads|98/100|[from] Stealth Rock
|-item|p2a: Iron Treads|Air Balloon
|move|p1a: Gholdengo|Shadow Ball|p2a: Iron Treads
|-damage|p2a: Iron Treads|61/100
|-enditem|p2a: Iron Treads|Air Balloon
|
|upkeep
|turn|12
|
|t:|1769303439
|switch|p1a: Pecharunt|Pecharunt|100/100
|-item|p1a: Pecharunt|Air Balloon
|move|p2a: Iron Treads|Knock Off|p1a: Pecharunt
|-supereffective|p1a: Pecharunt
|-damage|p1a: Pecharunt|71/100
|-enditem|p1a: Pecharunt|Air Balloon
|
|upkeep
|turn|13
|l| Cursed16
|j| Cursed16
|
|t:|1769303453
|move|p1a: Pecharunt|Parting Shot|p2a: Iron Treads
|-unboost|p2a: Iron Treads|atk|1
|-unboost|p2a: Iron Treads|spa|1
|j| biggruse04
|
|t:|1769303467
|switch|p1a: Gholdengo|Gholdengo|100/100|[from] Parting Shot
|move|p2a: Iron Treads|Stealth Rock|p1a: Gholdengo
|-sidestart|p1: mpruftkvql|move: Stealth Rock
|
|upkeep
|turn|14
|
|t:|1769303491
|-end|p2a: Iron Treads|Quark Drive|[silent]
|switch|p2a: Raging Bolt|Raging Bolt|100/100
|switch|p1a: Pecharunt|Pecharunt|71/100
|-damage|p1a: Pecharunt|59/100|[from] Stealth Rock
|
|upkeep
|turn|15
|
|t:|1769303505
|move|p1a: Pecharunt|Parting Shot|p2a: Raging Bolt
|-unboost|p2a: Raging Bolt|atk|1
|-unboost|p2a: Raging Bolt|spa|1
|
|t:|1769303519
|switch|p1a: Iron Treads|Iron Treads|72/100|[from] Parting Shot
|-damage|p1a: Iron Treads|69/100|[from] Stealth Rock
|move|p2a: Raging Bolt|Draco Meteor|p1a: Iron Treads
|-resisted|p1a: Iron Treads
|-damage|p1a: Iron Treads|42/100
|-unboost|p2a: Raging Bolt|spa|2
|
|-heal|p1a: Iron Treads|49/100|[from] item: Leftovers
|upkeep
|turn|16
|
|t:|1769303533
|-end|p2a: Raging Bolt|Protosynthesis|[silent]
|switch|p2a: Pelipper|Pelipper, M|82/100
|-damage|p2a: Pelipper|57/100|[from] Stealth Rock
|-weather|RainDance|[from] ability: Drizzle|[of] p2a: Pelipper
|move|p1a: Iron Treads|Rapid Spin|p2a: Pelipper
|-damage|p2a: Pelipper|47/100
|-boost|p1a: Iron Treads|spe|1
|-sideend|p1: mpruftkvql|Stealth Rock|[from] move: Rapid Spin|[of] p1a: Iron Treads
|
|-weather|RainDance|[upkeep]
|-heal|p1a: Iron Treads|55/100|[from] item: Leftovers
|upkeep
|turn|17
|
|t:|1769303540
|-end|p1a: Iron Treads|Quark Drive|[silent]
|switch|p1a: Gholdengo|Gholdengo|100/100
|move|p2a: Pelipper|U-turn|p1a: Gholdengo
|-resisted|p1a: Gholdengo
|-damage|p1a: Gholdengo|98/100
|j| averyradiant
|
|t:|1769303543
|switch|p2a: Barraskewda|Barraskewda, M, shiny|100/100|[from] U-turn
|-damage|p2a: Barraskewda|88/100|[from] Stealth Rock
|
|-weather|RainDance|[upkeep]
|upkeep
|turn|18
|l| averyradiant
|
|t:|1769303557
|switch|p1a: Zamazenta|Zamazenta|100/100
|-ability|p1a: Zamazenta|Dauntless Shield|boost
|-boost|p1a: Zamazenta|def|1
|move|p2a: Barraskewda|Liquidation|p1a: Zamazenta
|-damage|p1a: Zamazenta|56/100
|
|-weather|RainDance|[upkeep]
|-heal|p1a: Zamazenta|62/100|[from] item: Leftovers
|upkeep
|turn|19
|j| averyradiant
|l| averyradiant
|l| biggruse04
|inactive|Tumbletown has 120 seconds left.
|
|t:|1769303588
|-terastallize|p2a: Barraskewda|Water
|move|p2a: Barraskewda|Liquidation|p1a: Zamazenta
|-crit|p1a: Zamazenta
|-damage|p1a: Zamazenta|0 fnt
|faint|p1a: Zamazenta
|
|-weather|RainDance|[upkeep]
|upkeep
|
|t:|1769303602
|switch|p1a: Dragonite|Dragonite, M|80/100
|turn|20
|inactive|Tumbletown has 120 seconds left.
|
|t:|1769303617
|switch|p2a: Zapdos|Zapdos|18/100
|move|p1a: Dragonite|Earthquake|p2a: Zapdos
|-immune|p2a: Zapdos
|
|-weather|none
|upkeep
|turn|21
|
|t:|1769303631
|move|p1a: Dragonite|Extreme Speed|p2a: Zapdos
|-damage|p2a: Zapdos|0 fnt
|-status|p1a: Dragonite|par|[from] ability: Static|[of] p2a: Zapdos
|faint|p2a: Zapdos
|
|upkeep
|
|t:|1769303638
|switch|p2a: Indeedee|Indeedee, M|100/100
|-damage|p2a: Indeedee|88/100|[from] Stealth Rock
|-fieldstart|move: Psychic Terrain|[from] ability: Psychic Surge|[of] p2a: Indeedee
|turn|22
|
|t:|1769303652
|switch|p1a: Iron Treads|Iron Treads|55/100
|move|p2a: Indeedee|Expanding Force|p1a: Iron Treads
|-resisted|p1a: Iron Treads
|-damage|p1a: Iron Treads|18/100
|
|-heal|p1a: Iron Treads|24/100|[from] item: Leftovers
|upkeep
|turn|23
|
|t:|1769303666
|-terastallize|p1a: Iron Treads|Dark
|move|p2a: Indeedee|Expanding Force|p1a: Iron Treads
|-immune|p1a: Iron Treads
|move|p1a: Iron Treads|Knock Off|p2a: Indeedee
|-supereffective|p2a: Indeedee
|-damage|p2a: Indeedee|0 fnt
|-enditem|p2a: Indeedee|Choice Scarf|[from] move: Knock Off|[of] p1a: Iron Treads
|faint|p2a: Indeedee
|
|-heal|p1a: Iron Treads|31/100|[from] item: Leftovers
|upkeep
|
|t:|1769303674
|switch|p2a: Barraskewda|Barraskewda, M, shiny, tera:Water|88/100
|-damage|p2a: Barraskewda|76/100|[from] Stealth Rock
|turn|24
|
|t:|1769303688
|move|p2a: Barraskewda|Liquidation|p1a: Iron Treads
|-damage|p1a: Iron Treads|0 fnt
|faint|p1a: Iron Treads
|-end|p1a: Iron Treads|Quark Drive|[silent]
|
|upkeep
|
|t:|1769303702
|switch|p1a: Dragonite|Dragonite, M|80/100 par
|turn|25
|inactive|Tumbletown has 120 seconds left.
|
|t:|1769303744
|move|p2a: Barraskewda|Liquidation|p1a: Dragonite
|-resisted|p1a: Dragonite
|-damage|p1a: Dragonite|38/100 par
|-unboost|p1a: Dragonite|def|1
|move|p1a: Dragonite|Roost|p1a: Dragonite
|-heal|p1a: Dragonite|88/100 par
|-singleturn|p1a: Dragonite|move: Roost
|
|upkeep
|turn|26
|
|t:|1769303758
|move|p2a: Barraskewda|Liquidation|p1a: Dragonite
|-resisted|p1a: Dragonite
|-damage|p1a: Dragonite|20/100 par
|move|p1a: Dragonite|Earthquake|p2a: Barraskewda
|-damage|p2a: Barraskewda|0 fnt
|faint|p2a: Barraskewda
|
|-fieldend|move: Psychic Terrain
|upkeep
|inactive|Tumbletown has 120 seconds left.
|
|t:|1769303767
|switch|p2a: Raging Bolt|Raging Bolt|100/100
|turn|27
|
|t:|1769303781
|cant|p1a: Dragonite|par
|move|p2a: Raging Bolt|Thunderbolt|p1a: Dragonite
|-damage|p1a: Dragonite|0 fnt
|faint|p1a: Dragonite
|
|upkeep
|
|t:|1769303794
|switch|p1a: Pecharunt|Pecharunt|59/100
|turn|28
|
|t:|1769303808
|move|p1a: Pecharunt|Malignant Chain|p2a: Raging Bolt
|-damage|p2a: Raging Bolt|74/100
|move|p2a: Raging Bolt|Thunderbolt|p1a: Pecharunt
|-damage|p1a: Pecharunt|2/100
|
|upkeep
|turn|29
|l| St.Peewee
|
|t:|1769303821
|-end|p2a: Raging Bolt|Protosynthesis|[silent]
|switch|p2a: Iron Treads|Iron Treads|61/100
|-damage|p2a: Iron Treads|58/100|[from] Stealth Rock
|move|p1a: Pecharunt|Parting Shot|p2a: Iron Treads
|-unboost|p2a: Iron Treads|atk|1
|-unboost|p2a: Iron Treads|spa|1
|
|t:|1769303835
|switch|p1a: Gholdengo|Gholdengo|98/100|[from] Parting Shot
|
|upkeep
|turn|30
|
|t:|1769303848
|-end|p2a: Iron Treads|Quark Drive|[silent]
|switch|p2a: Pelipper|Pelipper, M|47/100
|-damage|p2a: Pelipper|22/100|[from] Stealth Rock
|-weather|RainDance|[from] ability: Drizzle|[of] p2a: Pelipper
|move|p1a: Gholdengo|Recover|p1a: Gholdengo
|-heal|p1a: Gholdengo|100/100
|
|-weather|RainDance|[upkeep]
|upkeep
|turn|31
|
|t:|1769303855
|move|p1a: Gholdengo|Nasty Plot|p1a: Gholdengo
|-boost|p1a: Gholdengo|spa|2
|move|p2a: Pelipper|Surf|p1a: Gholdengo
|-damage|p1a: Gholdengo|49/100
|
|-weather|RainDance|[upkeep]
|upkeep
|turn|32
|
|t:|1769303862
|move|p1a: Gholdengo|Recover|p1a: Gholdengo
|-heal|p1a: Gholdengo|99/100
|move|p2a: Pelipper|Surf|p1a: Gholdengo
|-crit|p1a: Gholdengo
|-damage|p1a: Gholdengo|32/100
|
|-weather|RainDance|[upkeep]
|upkeep
|turn|33
|
|t:|1769303869
|move|p1a: Gholdengo|Recover|p1a: Gholdengo
|-heal|p1a: Gholdengo|82/100
|move|p2a: Pelipper|Surf|p1a: Gholdengo
|-damage|p1a: Gholdengo|30/100
|
|-weather|RainDance|[upkeep]
|upkeep
|turn|34
|
|t:|1769303876
|move|p1a: Gholdengo|Recover|p1a: Gholdengo
|-heal|p1a: Gholdengo|80/100
|move|p2a: Pelipper|Surf|p1a: Gholdengo
|-damage|p1a: Gholdengo|32/100
|
|-weather|none
|upkeep
|turn|35
|
|t:|1769303884
|move|p1a: Gholdengo|Recover|p1a: Gholdengo
|-heal|p1a: Gholdengo|82/100
|move|p2a: Pelipper|Surf|p1a: Gholdengo
|-damage|p1a: Gholdengo|52/100
|
|upkeep
|turn|36
|
|t:|1769303895
|move|p1a: Gholdengo|Recover|p1a: Gholdengo
|-heal|p1a: Gholdengo|100/100
|move|p2a: Pelipper|Surf|p1a: Gholdengo
|-damage|p1a: Gholdengo|70/100
|
|upkeep
|turn|37
|
|t:|1769303902
|move|p1a: Gholdengo|Make It Rain|p2a: Pelipper
|-resisted|p2a: Pelipper
|-damage|p2a: Pelipper|0 fnt
|-unboost|p1a: Gholdengo|spa|1
|faint|p2a: Pelipper
|
|upkeep
|
|t:|1769303906
|switch|p2a: Iron Treads|Iron Treads|58/100
|-damage|p2a: Iron Treads|55/100|[from] Stealth Rock
|turn|38
|
|t:|1769303920
|move|p2a: Iron Treads|Earthquake|p1a: Gholdengo
|-supereffective|p1a: Gholdengo
|-damage|p1a: Gholdengo|0 fnt
|faint|p1a: Gholdengo
|
|upkeep
|
|t:|1769303926
|switch|p1a: Pecharunt|Pecharunt|2/100
|turn|39
|
|t:|1769303933
|move|p1a: Pecharunt|Recover|p1a: Pecharunt
|-heal|p1a: Pecharunt|52/100
|move|p2a: Iron Treads|Earthquake|p1a: Pecharunt
|-supereffective|p1a: Pecharunt
|-damage|p1a: Pecharunt|7/100
|
|upkeep
|turn|40
|
|t:|1769303937
|move|p1a: Pecharunt|Recover|p1a: Pecharunt
|-heal|p1a: Pecharunt|57/100
|move|p2a: Iron Treads|Earthquake|p1a: Pecharunt
|-supereffective|p1a: Pecharunt
|-damage|p1a: Pecharunt|15/100
|
|upkeep
|turn|41
|
|t:|1769303942
|move|p1a: Pecharunt|Recover|p1a: Pecharunt
|-heal|p1a: Pecharunt|65/100
|move|p2a: Iron Treads|Earthquake|p1a: Pecharunt
|-supereffective|p1a: Pecharunt
|-damage|p1a: Pecharunt|23/100
|
|upkeep
|turn|42
|
|t:|1769303948
|move|p1a: Pecharunt|Recover|p1a: Pecharunt
|-heal|p1a: Pecharunt|73/100
|move|p2a: Iron Treads|Earthquake|p1a: Pecharunt
|-supereffective|p1a: Pecharunt
|-damage|p1a: Pecharunt|25/100
|
|upkeep
|turn|43
|
|t:|1769303951
|move|p1a: Pecharunt|Recover|p1a: Pecharunt
|-heal|p1a: Pecharunt|75/100
|move|p2a: Iron Treads|Earthquake|p1a: Pecharunt
|-supereffective|p1a: Pecharunt
|-damage|p1a: Pecharunt|26/100
|
|upkeep
|turn|44
|
|t:|1769303954
|move|p1a: Pecharunt|Recover|p1a: Pecharunt
|-heal|p1a: Pecharunt|76/100
|move|p2a: Iron Treads|Earthquake|p1a: Pecharunt
|-supereffective|p1a: Pecharunt
|-damage|p1a: Pecharunt|28/100
|
|upkeep
|turn|45
|
|t:|1769303956
|move|p1a: Pecharunt|Recover|p1a: Pecharunt
|-heal|p1a: Pecharunt|78/100
|move|p2a: Iron Treads|Earthquake|p1a: Pecharunt
|-supereffective|p1a: Pecharunt
|-damage|p1a: Pecharunt|31/100
|
|upkeep
|turn|46
|
|t:|1769303960
|move|p1a: Pecharunt|Recover|p1a: Pecharunt
|-heal|p1a: Pecharunt|81/100
|move|p2a: Iron Treads|Earthquake|p1a: Pecharunt
|-supereffective|p1a: Pecharunt
|-damage|p1a: Pecharunt|38/100
|
|upkeep
|turn|47
|
|t:|1769303962
|move|p1a: Pecharunt|Parting Shot|p2a: Iron Treads
|-unboost|p2a: Iron Treads|atk|1
|-unboost|p2a: Iron Treads|spa|1
|move|p2a: Iron Treads|Earthquake|p1a: Pecharunt
|-supereffective|p1a: Pecharunt
|-damage|p1a: Pecharunt|7/100
|
|upkeep
|turn|48
|
|t:|1769303968
|move|p1a: Pecharunt|Shadow Ball|p2a: Iron Treads
|-damage|p2a: Iron Treads|35/100
|-unboost|p2a: Iron Treads|spd|1
|move|p2a: Iron Treads|Earthquake|p1a: Pecharunt
|-supereffective|p1a: Pecharunt
|-damage|p1a: Pecharunt|0 fnt
|faint|p1a: Pecharunt
|
|win|Tumbletown
|raw|mpruftkvql's rating: 1786 &rarr; <strong>1761</strong><br />(-25 for losing)
|raw|Tumbletown's rating: 1703 &rarr; <strong>1728</strong><br />(+25 for winning)
|c|☆mpruftkvql|gg
|l|☆mpruftkvql
|player|p1|
|c|☆Tumbletown|Gg
|l|☆Tumbletown
|player|p2|
|j|☆Tumbletown
|player|p2|Tumbletown|hilda|
|l|☆Tumbletown
|player|p2|
