|j|☆Rixx Sensei
|j|☆ywx1
|t:|1769346908
|gametype|singles
|player|p1|Rixx Sensei|blue-gen7|1248
|player|p2|ywx1|n|1239
|gen|9
|tier|[Gen 9] OU
|rated|
|rule|HP Percentage Mod: HP is shown in percentages
|rule|Endless Battle Clause: Forcing endless battles is banned
|rule|Species Clause: Limit one of each Pokémon
|rule|OHKO Clause: OHKO moves are banned
|rule|Evasion Items Clause: Evasion items are banned
|rule|Evasion Moves Clause: Evasion moves are banned
|rule|Evasion Abilities Clause: Evasion abilities are banned
|rule|Sleep Moves Clause: Sleep-inducing moves are banned
|clearpoke
|poke|p1|Great Tusk|
|poke|p1|Walking Wake|
|poke|p1|Kingambit, M|
|poke|p1|Venusaur, F|
|poke|p1|Ninetales, F|
|poke|p1|Raging Bolt|
|poke|p2|Gliscor, M|
|poke|p2|Blissey, F|
|poke|p2|Dondozo, M|
|poke|p2|Garganacl, M|
|poke|p2|Corviknight, M|
|poke|p2|Gastrodon, M|
|teampreview
|inactive|Battle timer is ON: inactive players will automatically lose when time's up. (requested by ywx1)
|
|t:|1769346922
|teamsize|p1|6
|teamsize|p2|6
|start
|switch|p1a: Great Tusk|Great Tusk|100/100
|switch|p2a: Gliscor|Gliscor, M, shiny|100/100
|turn|1
|
|t:|1769346933
|move|p2a: Gliscor|Protect|p2a: Gliscor
|-singleturn|p2a: Gliscor|Protect
|move|p1a: Great Tusk|Ice Spinner|p2a: Gliscor
|-activate|p2a: Gliscor|move: Protect
|
|-status|p2a: Gliscor|tox|[from] item: Toxic Orb
|upkeep
|turn|2
|
|t:|1769346946
|switch|p2a: Corviknight|Corviknight, M|100/100
|move|p1a: Great Tusk|Ice Spinner|p2a: Corviknight
|-damage|p2a: Corviknight|82/100
|-damage|p1a: Great Tusk|84/100|[from] item: Rocky Helmet|[of] p2a: Corviknight
|
|upkeep
|turn|3
|
|t:|1769346957
|-end|p1a: Great Tusk|Protosynthesis|[silent]
|switch|p1a: Ninetales|Ninetales, F, shiny|100/100
|-weather|SunnyDay|[from] ability: Drought|[of] p1a: Ninetales
|move|p2a: Corviknight|Roost|p2a: Corviknight
|-heal|p2a: Corviknight|100/100
|-singleturn|p2a: Corviknight|move: Roost
|
|-weather|SunnyDay|[upkeep]
|upkeep
|turn|4
|
|t:|1769346968
|switch|p2a: Blissey|Blissey, F, shiny|100/100
|move|p1a: Ninetales|Will-O-Wisp|p2a: Blissey
|-status|p2a: Blissey|brn
|
|-weather|SunnyDay|[upkeep]
|-damage|p2a: Blissey|94/100 brn|[from] brn
|upkeep
|turn|5
|
|t:|1769346980
|switch|p1a: Great Tusk|Great Tusk|84/100
|-activate|p1a: Great Tusk|ability: Protosynthesis
|-start|p1a: Great Tusk|protosynthesisatk
|move|p2a: Blissey|Seismic Toss|p1a: Great Tusk
|-damage|p1a: Great Tusk|60/100
|
|-weather|SunnyDay|[upkeep]
|-heal|p2a: Blissey|100/100 brn|[from] item: Leftovers
|-damage|p2a: Blissey|94/100 brn|[from] brn
|upkeep
|turn|6
|
|t:|1769346994
|-curestatus|p2a: Blissey|brn|[from] ability: Natural Cure
|switch|p2a: Corviknight|Corviknight, M|100/100
|move|p1a: Great Tusk|Ice Spinner|p2a: Corviknight
|-damage|p2a: Corviknight|77/100
|-damage|p1a: Great Tusk|43/100|[from] item: Rocky Helmet|[of] p2a: Corviknight
|
|-weather|SunnyDay|[upkeep]
|upkeep
|turn|7
|
|t:|1769347013
|move|p1a: Great Tusk|Ice Spinner|p2a: Corviknight
|-damage|p2a: Corviknight|57/100
|-damage|p1a: Great Tusk|27/100|[from] item: Rocky Helmet|[of] p2a: Corviknight
|move|p2a: Corviknight|Body Press|p1a: Great Tusk
|-damage|p1a: Great Tusk|10/100
|
|-weather|SunnyDay|[upkeep]
|upkeep
|turn|8
|
|t:|1769347022
|-end|p1a: Great Tusk|Protosynthesis|[silent]
|switch|p1a: Walking Wake|Walking Wake|100/100
|-activate|p1a: Walking Wake|ability: Protosynthesis
|-start|p1a: Walking Wake|protosynthesisspe
|move|p2a: Corviknight|Roost|p2a: Corviknight
|-heal|p2a: Corviknight|100/100
|-singleturn|p2a: Corviknight|move: Roost
|
|-weather|SunnyDay|[upkeep]
|upkeep
|turn|9
|
|t:|1769347032
|switch|p2a: Gastrodon|Gastrodon, M|100/100
|move|p1a: Walking Wake|Hydro Steam|p2a: Gastrodon
|-ability|p2a: Gastrodon|Storm Drain|boost
|-boost|p2a: Gastrodon|spa|1
|
|-weather|SunnyDay|[upkeep]
|upkeep
|turn|10
|
|t:|1769347041
|move|p1a: Walking Wake|Draco Meteor|p2a: Gastrodon
|-damage|p2a: Gastrodon|56/100
|-unboost|p1a: Walking Wake|spa|2
|move|p2a: Gastrodon|Sludge Bomb|p1a: Walking Wake
|-damage|p1a: Walking Wake|66/100
|-status|p1a: Walking Wake|psn
|
|-weather|none
|-end|p1a: Walking Wake|Protosynthesis
|-heal|p2a: Gastrodon|62/100|[from] item: Leftovers
|-damage|p1a: Walking Wake|54/100 psn|[from] psn
|upkeep
|turn|11
|
|t:|1769347055
|-end|p1a: Walking Wake|Protosynthesis|[silent]
|switch|p1a: Ninetales|Ninetales, F, shiny|100/100
|-weather|SunnyDay|[from] ability: Drought|[of] p1a: Ninetales
|move|p2a: Gastrodon|Recover|p2a: Gastrodon
|-heal|p2a: Gastrodon|100/100
|
|-weather|SunnyDay|[upkeep]
|upkeep
|turn|12
|
|t:|1769347063
|switch|p2a: Blissey|Blissey, F, shiny|94/100
|move|p1a: Ninetales|Encore||[still]
|-fail|p1a: Ninetales
|
|-weather|SunnyDay|[upkeep]
|-heal|p2a: Blissey|100/100|[from] item: Leftovers
|upkeep
|turn|13
|
|t:|1769347072
|switch|p1a: Great Tusk|Great Tusk|10/100
|-activate|p1a: Great Tusk|ability: Protosynthesis
|-start|p1a: Great Tusk|protosynthesisatk
|move|p2a: Blissey|Seismic Toss|p1a: Great Tusk
|-damage|p1a: Great Tusk|0 fnt
|faint|p1a: Great Tusk
|-end|p1a: Great Tusk|Protosynthesis|[silent]
|
|-weather|SunnyDay|[upkeep]
|upkeep
|
|t:|1769347092
|switch|p1a: Kingambit|Kingambit, M|100/100
|-activate|p1a: Kingambit|ability: Supreme Overlord
|-start|p1a: Kingambit|fallen1|[silent]
|-item|p1a: Kingambit|Air Balloon
|turn|14
|inactive|ywx1 has 120 seconds left.
|
|t:|1769347128
|switch|p2a: Gliscor|Gliscor, M, shiny|100/100 tox
|move|p1a: Kingambit|Iron Head|p2a: Gliscor
|-damage|p2a: Gliscor|72/100 tox
|
|-weather|SunnyDay|[upkeep]
|-heal|p2a: Gliscor|84/100 tox|[from] ability: Poison Heal
|upkeep
|turn|15
|inactive|ywx1 has 120 seconds left.
|
|t:|1769347139
|move|p2a: Gliscor|Spikes|p1a: Kingambit
|-sidestart|p1: Rixx Sensei|Spikes
|move|p1a: Kingambit|Swords Dance|p1a: Kingambit
|-boost|p1a: Kingambit|atk|2
|
|-weather|SunnyDay|[upkeep]
|-heal|p2a: Gliscor|97/100 tox|[from] ability: Poison Heal
|upkeep
|turn|16
|inactive|ywx1 has 120 seconds left.
|
|t:|1769347147
|switch|p2a: Dondozo|Dondozo, M, shiny|100/100
|move|p1a: Kingambit|Iron Head|p2a: Dondozo
|-resisted|p2a: Dondozo
|-damage|p2a: Dondozo|90/100
|
|-weather|SunnyDay|[upkeep]
|-heal|p2a: Dondozo|96/100|[from] item: Leftovers
|upkeep
|turn|17
|inactive|ywx1 has 120 seconds left.
|
|t:|1769347170
|-end|p1a: Kingambit|fallen1|[silent]
|switch|p1a: Venusaur|Venusaur, F, shiny|100/100
|-damage|p1a: Venusaur|88/100|[from] Spikes
|move|p2a: Dondozo|Crunch|p1a: Venusaur
|-damage|p1a: Venusaur|66/100
|-unboost|p1a: Venusaur|def|1
|
|-weather|SunnyDay|[upkeep]
|-heal|p2a: Dondozo|100/100|[from] item: Leftovers
|upkeep
|turn|18
|inactive|ywx1 has 120 seconds left.
|
|t:|1769347183
|switch|p2a: Blissey|Blissey, F, shiny|100/100
|move|p1a: Venusaur|Giga Drain|p2a: Blissey
|-damage|p2a: Blissey|88/100
|-heal|p1a: Venusaur|81/100|[from] drain|[of] p2a: Blissey
|-damage|p1a: Venusaur|71/100|[from] item: Life Orb
|
|-weather|none
|-heal|p2a: Blissey|94/100|[from] item: Leftovers
|upkeep
|turn|19
|inactive|ywx1 has 120 seconds left.
|
|t:|1769347194
|switch|p1a: Ninetales|Ninetales, F, shiny|100/100
|-damage|p1a: Ninetales|88/100|[from] Spikes
|-weather|SunnyDay|[from] ability: Drought|[of] p1a: Ninetales
|move|p2a: Blissey|Seismic Toss|p1a: Ninetales
|-damage|p1a: Ninetales|60/100
|
|-weather|SunnyDay|[upkeep]
|-heal|p2a: Blissey|99/100|[from] item: Leftovers
|upkeep
|turn|20
|inactive|ywx1 has 120 seconds left.
|
|t:|1769347208
|switch|p1a: Kingambit|Kingambit, M|100/100
|-activate|p1a: Kingambit|ability: Supreme Overlord
|-start|p1a: Kingambit|fallen1|[silent]
|-item|p1a: Kingambit|Air Balloon
|move|p2a: Blissey|Stealth Rock|p1a: Kingambit
|-sidestart|p1: Rixx Sensei|move: Stealth Rock
|
|-weather|SunnyDay|[upkeep]
|-heal|p2a: Blissey|100/100|[from] item: Leftovers
|upkeep
|turn|21
|inactive|ywx1 has 120 seconds left.
|
|t:|1769347220
|switch|p2a: Corviknight|Corviknight, M|100/100
|move|p1a: Kingambit|Kowtow Cleave|p2a: Corviknight
|-damage|p2a: Corviknight|67/100
|-damage|p1a: Kingambit|84/100|[from] item: Rocky Helmet|[of] p2a: Corviknight
|
|-weather|SunnyDay|[upkeep]
|upkeep
|turn|22
|inactive|ywx1 has 120 seconds left.
|
|t:|1769347241
|-end|p1a: Kingambit|fallen1|[silent]
|switch|p1a: Raging Bolt|Raging Bolt|100/100
|-damage|p1a: Raging Bolt|88/100|[from] Stealth Rock
|-item|p1a: Raging Bolt|Air Balloon
|-activate|p1a: Raging Bolt|ability: Protosynthesis
|-start|p1a: Raging Bolt|protosynthesisspa
|move|p2a: Corviknight|Roost|p2a: Corviknight
|-heal|p2a: Corviknight|100/100
|-singleturn|p2a: Corviknight|move: Roost
|
|-weather|SunnyDay|[upkeep]
|upkeep
|turn|23
|
|t:|1769347259
|switch|p2a: Blissey|Blissey, F, shiny|100/100
|move|p1a: Raging Bolt|Dragon Pulse|p2a: Blissey
|-damage|p2a: Blissey|83/100
|
|-weather|SunnyDay|[upkeep]
|-heal|p2a: Blissey|89/100|[from] item: Leftovers
|upkeep
|turn|24
|
|t:|1769347288
|-end|p1a: Raging Bolt|Protosynthesis|[silent]
|switch|p1a: Kingambit|Kingambit, M|84/100
|-damage|p1a: Kingambit|78/100|[from] Stealth Rock
|-activate|p1a: Kingambit|ability: Supreme Overlord
|-start|p1a: Kingambit|fallen1|[silent]
|-item|p1a: Kingambit|Air Balloon
|move|p2a: Blissey|Seismic Toss|p1a: Kingambit
|-damage|p1a: Kingambit|51/100
|-enditem|p1a: Kingambit|Air Balloon
|
|-weather|SunnyDay|[upkeep]
|-heal|p2a: Blissey|96/100|[from] item: Leftovers
|upkeep
|turn|25
|
|t:|1769347302
|switch|p2a: Gliscor|Gliscor, M, shiny|97/100 tox
|move|p1a: Kingambit|Iron Head|p2a: Gliscor
|-damage|p2a: Gliscor|67/100 tox
|
|-weather|SunnyDay|[upkeep]
|-heal|p2a: Gliscor|79/100 tox|[from] ability: Poison Heal
|upkeep
|turn|26
|
|t:|1769347316
|move|p2a: Gliscor|Spikes|p1a: Kingambit
|-sidestart|p1: Rixx Sensei|Spikes
|move|p1a: Kingambit|Iron Head|p2a: Gliscor
|-damage|p2a: Gliscor|50/100 tox
|
|-weather|none
|-heal|p2a: Gliscor|63/100 tox|[from] ability: Poison Heal
|upkeep
|turn|27
|-message|Rixx Sensei forfeited.
|
|win|ywx1
|raw|Rixx Sensei's rating: 1248 &rarr; <strong>1222</strong><br />(-26 for losing)
|raw|ywx1's rating: 1239 &rarr; <strong>1265</strong><br />(+26 for winning)
|l|☆Rixx Sensei
|player|p1|
|l|☆ywx1
|player|p2|
