|j|☆waha8
|j|☆1colour
|t:|1769380956
|gametype|singles
|player|p1|waha8|1|1552
|player|p2|1colour|parasollady|1587
|gen|9
|tier|[Gen 9] OU
|rated|
|rule|HP Percentage Mod: HP is shown in percentages
|rule|Endless Battle Clause: Forcing endless battles is banned
|rule|Species Clause: Limit one of each Pokémon
|rule|OHKO Clause: OHKO moves are banned
|rule|Evasion Items Clause: Evasion items are banned
|rule|Evasion Moves Clause: Evasion moves are banned
|rule|Evasion Abilities Clause: Evasion abilities are banned
|rule|Sleep Moves Clause: Sleep-inducing moves are banned
|clearpoke
|poke|p1|Torkoal, M|
|poke|p1|Blaziken, F|
|poke|p1|Walking Wake|
|poke|p1|Slowking-Galar, F|
|poke|p1|Cinderace, F|
|poke|p1|Indeedee, M|
|poke|p2|Cinderace, M|
|poke|p2|Rillaboom, M|
|poke|p2|Jirachi|
|poke|p2|Regidrago|
|poke|p2|Glimmora, F|
|poke|p2|Mimikyu, F|
|teampreview
|c|☆1colour|wahlan?
|
|t:|1769380967
|teamsize|p1|6
|teamsize|p2|6
|start
|switch|p1a: ReverseUNO|Cinderace, F|100/100
|switch|p2a: Regidrago|Regidrago|100/100
|turn|1
|
|t:|1769380974
|-terastallize|p2a: Regidrago|Dragon
|move|p2a: Regidrago|Dragon Energy|p1a: ReverseUNO
|-damage|p1a: ReverseUNO|0 fnt
|faint|p1a: ReverseUNO
|
|upkeep
|
|t:|1769380979
|switch|p1a: SunShine|Torkoal, M|100/100
|-weather|SunnyDay|[from] ability: Drought|[of] p1a: SunShine
|turn|2
|
|t:|1769380987
|move|p2a: Regidrago|Dragon Energy|p1a: SunShine
|-damage|p1a: SunShine|0 fnt
|faint|p1a: SunShine
|
|-weather|SunnyDay|[upkeep]
|upkeep
|
|t:|1769380992
|switch|p1a: Alan Walker|Walking Wake|100/100
|-activate|p1a: Alan Walker|ability: Protosynthesis
|-start|p1a: Alan Walker|protosynthesisspe
|turn|3
|
|t:|1769381000
|switch|p2a: Jirachi|Jirachi|100/100
|move|p1a: Alan Walker|Hydro Steam|p2a: Jirachi
|-damage|p2a: Jirachi|46/100
|
|-weather|SunnyDay|[upkeep]
|-heal|p2a: Jirachi|52/100|[from] item: Leftovers
|upkeep
|turn|4
|
|t:|1769381006
|move|p2a: Jirachi|Protect|p2a: Jirachi
|-singleturn|p2a: Jirachi|Protect
|move|p1a: Alan Walker|Hydro Steam|p2a: Jirachi
|-activate|p2a: Jirachi|move: Protect
|
|-weather|SunnyDay|[upkeep]
|-heal|p2a: Jirachi|59/100|[from] item: Leftovers
|upkeep
|turn|5
|
|t:|1769381014
|-terastallize|p1a: Alan Walker|Water
|move|p1a: Alan Walker|Hydro Steam|p2a: Jirachi
|-damage|p2a: Jirachi|0 fnt
|faint|p2a: Jirachi
|
|-weather|SunnyDay|[upkeep]
|upkeep
|
|t:|1769381021
|switch|p2a: Rillaboom|Rillaboom, M|100/100
|-fieldstart|move: Grassy Terrain|[from] ability: Grassy Surge|[of] p2a: Rillaboom
|turn|6
|
|t:|1769381025
|-end|p1a: Alan Walker|Protosynthesis|[silent]
|switch|p1a: SageOfSixPaths|Slowking-Galar, F|100/100
|move|p2a: Rillaboom|Grassy Glide|p1a: SageOfSixPaths
|-resisted|p1a: SageOfSixPaths
|-damage|p1a: SageOfSixPaths|68/100
|
|-weather|SunnyDay|[upkeep]
|-heal|p1a: SageOfSixPaths|74/100|[from] Grassy Terrain
|upkeep
|turn|7
|c|☆1colour|ur no sage
|
|t:|1769381034
|switch|p2a: Cinderace|Cinderace, M|100/100
|move|p1a: SageOfSixPaths|Trick Room|p1a: SageOfSixPaths
|-fieldstart|move: Trick Room|[of] p1a: SageOfSixPaths
|
|-weather|SunnyDay|[upkeep]
|-heal|p1a: SageOfSixPaths|80/100|[from] Grassy Terrain
|upkeep
|turn|8
|
|t:|1769381040
|move|p1a: SageOfSixPaths|Sludge Wave|p2a: Cinderace
|-damage|p2a: Cinderace|14/100
|-damage|p1a: SageOfSixPaths|70/100|[from] item: Life Orb
|move|p2a: Cinderace|Pyro Ball|p1a: SageOfSixPaths
|-damage|p1a: SageOfSixPaths|0 fnt
|faint|p1a: SageOfSixPaths
|
|-weather|SunnyDay|[upkeep]
|-heal|p2a: Cinderace|20/100|[from] Grassy Terrain
|upkeep
|
|t:|1769381048
|switch|p1a: DeeDee|Indeedee, M|100/100
|-fieldstart|move: Psychic Terrain|[from] ability: Psychic Surge|[of] p1a: DeeDee
|turn|9
|
|t:|1769381056
|move|p1a: DeeDee|Expanding Force|p2a: Cinderace
|-damage|p2a: Cinderace|0 fnt
|faint|p2a: Cinderace
|
|-weather|none
|upkeep
|
|t:|1769381064
|switch|p2a: Rillaboom|Rillaboom, M|100/100
|-fieldstart|move: Grassy Terrain|[from] ability: Grassy Surge|[of] p2a: Rillaboom
|turn|10
|c|☆1colour|max power
|
|t:|1769381072
|move|p2a: Rillaboom|Wood Hammer|p1a: DeeDee
|-damage|p1a: DeeDee|0 fnt
|faint|p1a: DeeDee
|-damage|p2a: Rillaboom|77/100|[from] Recoil
|
|-heal|p2a: Rillaboom|83/100|[from] Grassy Terrain
|upkeep
|
|t:|1769381078
|switch|p1a: Ken|Blaziken, F|100/100
|turn|11
|
|t:|1769381082
|move|p2a: Rillaboom|Wood Hammer|p1a: Ken
|-resisted|p1a: Ken
|-damage|p1a: Ken|0 fnt
|faint|p1a: Ken
|-damage|p2a: Rillaboom|57/100|[from] Recoil
|
|-heal|p2a: Rillaboom|63/100|[from] Grassy Terrain
|-fieldend|move: Trick Room
|upkeep
|c|☆waha8|gg
|-message|waha8 forfeited.
|
|win|1colour
|raw|waha8's rating: 1552 &rarr; <strong>1534</strong><br />(-18 for losing)
|raw|1colour's rating: 1587 &rarr; <strong>1605</strong><br />(+18 for winning)
|l|☆waha8
|player|p1|
|c|☆1colour|gg
|l|☆1colour
|player|p2|
