|j|☆Darkmaniman+Minus
|j|☆LegalizeAbsolMegaZ
|t:|1769369525
|gametype|singles
|player|p1|Darkmaniman+Minus|102|1434
|player|p2|LegalizeAbsolMegaZ|unknown|1448
|gen|9
|tier|[Gen 9] OU
|rated|
|rule|HP Percentage Mod: HP is shown in percentages
|rule|Endless Battle Clause: Forcing endless battles is banned
|rule|Species Clause: Limit one of each Pokémon
|rule|OHKO Clause: OHKO moves are banned
|rule|Evasion Items Clause: Evasion items are banned
|rule|Evasion Moves Clause: Evasion moves are banned
|rule|Evasion Abilities Clause: Evasion abilities are banned
|rule|Sleep Moves Clause: Sleep-inducing moves are banned
|clearpoke
|poke|p1|Crawdaunt, M|
|poke|p1|Pelipper, F|
|poke|p1|Basculegion-F, F|
|poke|p1|Zapdos|
|poke|p1|Iron Treads|
|poke|p1|Iron Crown|
|poke|p2|Basculegion, M|
|poke|p2|Pelipper, M|
|poke|p2|Zapdos|
|poke|p2|Toxicroak, M|
|poke|p2|Iron Treads|
|poke|p2|Latios, M|
|teampreview
|inactive|Battle timer is ON: inactive players will automatically lose when time's up. (requested by LegalizeAbsolMegaZ)
|
|t:|1769369549
|teamsize|p1|6
|teamsize|p2|6
|start
|switch|p1a: Pelipper|Pelipper, F|100/100
|switch|p2a: Latios|Latios, M|100/100
|-weather|RainDance|[from] ability: Drizzle|[of] p1a: Pelipper
|turn|1
|
|t:|1769369559
|switch|p1a: Iron Crown|Iron Crown|100/100
|move|p2a: Latios|Draco Meteor|p1a: Iron Crown
|-resisted|p1a: Iron Crown
|-damage|p1a: Iron Crown|77/100
|-unboost|p2a: Latios|spa|2
|
|-weather|RainDance|[upkeep]
|upkeep
|turn|2
|
|t:|1769369567
|switch|p2a: Zapdos|Zapdos|100/100
|move|p1a: Iron Crown|Future Sight|p2a: Zapdos
|-start|p1a: Iron Crown|move: Future Sight
|
|-weather|RainDance|[upkeep]
|upkeep
|turn|3
|
|t:|1769369574
|move|p2a: Zapdos|Hurricane|p1a: Iron Crown
|-resisted|p1a: Iron Crown
|-damage|p1a: Iron Crown|59/100
|-start|p1a: Iron Crown|confusion
|-activate|p1a: Iron Crown|confusion
|move|p1a: Iron Crown|Volt Switch|p2a: Zapdos
|-damage|p2a: Zapdos|72/100
|
|t:|1769369582
|-end|p1a: Iron Crown|Quark Drive|[silent]
|switch|p1a: Basculegion|Basculegion-F, F|100/100|[from] Volt Switch
|
|-weather|RainDance|[upkeep]
|upkeep
|turn|4
|
|t:|1769369609
|switch|p2a: Pelipper|Pelipper, M|100/100
|move|p1a: Basculegion|Surf|p2a: Pelipper
|-resisted|p2a: Pelipper
|-damage|p2a: Pelipper|27/100
|
|-weather|RainDance|[upkeep]
|-end|p2a: Pelipper|move: Future Sight
|-damage|p2a: Pelipper|0 fnt
|faint|p2a: Pelipper
|upkeep
|
|t:|1769369612
|switch|p2a: Toxicroak|Toxicroak, M|100/100
|turn|5
|
|t:|1769369619
|switch|p1a: Iron Treads|Iron Treads|100/100
|-enditem|p1a: Iron Treads|Booster Energy
|-activate|p1a: Iron Treads|ability: Quark Drive|[fromitem]
|-start|p1a: Iron Treads|quarkdrivespe
|move|p2a: Toxicroak|Knock Off|p1a: Iron Treads
|-damage|p1a: Iron Treads|87/100
|
|-weather|RainDance|[upkeep]
|upkeep
|turn|6
|
|t:|1769369628
|switch|p2a: Zapdos|Zapdos|72/100
|move|p1a: Iron Treads|Stealth Rock|p2a: Zapdos
|-sidestart|p2: LegalizeAbsolMegaZ|move: Stealth Rock
|
|-weather|RainDance|[upkeep]
|upkeep
|turn|7
|
|t:|1769369644
|-end|p1a: Iron Treads|Quark Drive|[silent]
|switch|p1a: Basculegion|Basculegion-F, F|100/100
|move|p2a: Zapdos|Weather Ball|p1a: Basculegion
|-resisted|p1a: Basculegion
|-damage|p1a: Basculegion|73/100
|
|-weather|RainDance|[upkeep]
|upkeep
|turn|8
|
|t:|1769369648
|switch|p2a: Toxicroak|Toxicroak, M|100/100
|-damage|p2a: Toxicroak|94/100|[from] Stealth Rock
|move|p1a: Basculegion|Surf|p2a: Toxicroak
|-heal|p2a: Toxicroak|100/100|[from] ability: Dry Skin|[of] p1a: Basculegion
|
|-weather|none
|upkeep
|turn|9
|
|t:|1769369655
|switch|p1a: Pelipper|Pelipper, F|100/100
|-weather|RainDance|[from] ability: Drizzle|[of] p1a: Pelipper
|move|p2a: Toxicroak|Drain Punch|p1a: Pelipper
|-resisted|p1a: Pelipper
|-damage|p1a: Pelipper|90/100
|
|-weather|RainDance|[upkeep]
|upkeep
|turn|10
|
|t:|1769369661
|move|p2a: Toxicroak|Protect|p2a: Toxicroak
|-singleturn|p2a: Toxicroak|Protect
|move|p1a: Pelipper|U-turn|p2a: Toxicroak
|-activate|p2a: Toxicroak|move: Protect
|
|-weather|RainDance|[upkeep]
|upkeep
|turn|11
|
|t:|1769369666
|switch|p2a: Zapdos|Zapdos|72/100
|move|p1a: Pelipper|Hurricane|p2a: Zapdos
|-resisted|p2a: Zapdos
|-damage|p2a: Zapdos|52/100
|
|-weather|RainDance|[upkeep]
|upkeep
|turn|12
|
|t:|1769369682
|switch|p1a: Zapdos|Zapdos|100/100
|move|p2a: Zapdos|Hurricane|p1a: Zapdos
|-resisted|p1a: Zapdos
|-damage|p1a: Zapdos|75/100
|
|-weather|RainDance|[upkeep]
|upkeep
|turn|13
|
|t:|1769369688
|move|p2a: Zapdos|Weather Ball|p1a: Zapdos
|-damage|p1a: Zapdos|27/100
|move|p1a: Zapdos|Thunder|p2a: Zapdos
|-damage|p2a: Zapdos|0 fnt
|faint|p2a: Zapdos
|
|-weather|RainDance|[upkeep]
|upkeep
|
|t:|1769369699
|switch|p2a: Latios|Latios, M|100/100
|-damage|p2a: Latios|88/100|[from] Stealth Rock
|turn|14
|
|t:|1769369718
|switch|p1a: Iron Crown|Iron Crown|59/100
|move|p2a: Latios|Luster Purge|p1a: Iron Crown
|-resisted|p1a: Iron Crown
|-damage|p1a: Iron Crown|52/100
|
|-weather|RainDance|[upkeep]
|upkeep
|turn|15
|
|t:|1769369728
|switch|p2a: Iron Treads|Iron Treads|100/100
|-damage|p2a: Iron Treads|97/100|[from] Stealth Rock
|-enditem|p2a: Iron Treads|Booster Energy
|-activate|p2a: Iron Treads|ability: Quark Drive|[fromitem]
|-start|p2a: Iron Treads|quarkdrivespe
|move|p1a: Iron Crown|Volt Switch|p2a: Iron Treads
|-immune|p2a: Iron Treads
|
|-weather|RainDance|[upkeep]
|upkeep
|turn|16
|
|t:|1769369753
|move|p2a: Iron Treads|Stealth Rock|p1a: Iron Crown
|-sidestart|p1: Darkmaniman+Minus|move: Stealth Rock
|move|p1a: Iron Crown|Focus Blast|p2a: Iron Treads
|-supereffective|p2a: Iron Treads
|-damage|p2a: Iron Treads|0 fnt
|faint|p2a: Iron Treads
|-end|p2a: Iron Treads|Quark Drive|[silent]
|
|-weather|none
|upkeep
|
|t:|1769369762
|switch|p2a: Basculegion|Basculegion, M|100/100
|-damage|p2a: Basculegion|88/100|[from] Stealth Rock
|turn|17
|inactive|LegalizeAbsolMegaZ has 120 seconds left.
|
|t:|1769369787
|move|p1a: Iron Crown|Volt Switch|p2a: Basculegion
|-supereffective|p2a: Basculegion
|-damage|p2a: Basculegion|34/100
|
|t:|1769369790
|-end|p1a: Iron Crown|Quark Drive|[silent]
|switch|p1a: Zapdos|Zapdos|27/100|[from] Volt Switch
|move|p2a: Basculegion|Flip Turn|p1a: Zapdos
|-damage|p1a: Zapdos|0 fnt
|faint|p1a: Zapdos
|inactive|LegalizeAbsolMegaZ has 120 seconds left.
|
|t:|1769369796
|switch|p2a: Latios|Latios, M|88/100|[from] Flip Turn
|-damage|p2a: Latios|76/100|[from] Stealth Rock
|
|upkeep
|
|t:|1769369801
|switch|p1a: Pelipper|Pelipper, F|90/100
|-damage|p1a: Pelipper|65/100|[from] Stealth Rock
|-weather|RainDance|[from] ability: Drizzle|[of] p1a: Pelipper
|turn|18
|
|t:|1769369807
|move|p2a: Latios|Draco Meteor|p1a: Pelipper
|-crit|p1a: Pelipper
|-damage|p1a: Pelipper|0 fnt
|-unboost|p2a: Latios|spa|2
|faint|p1a: Pelipper
|
|-weather|RainDance|[upkeep]
|upkeep
|
|t:|1769369815
|switch|p1a: Basculegion|Basculegion-F, F|73/100
|-damage|p1a: Basculegion|60/100|[from] Stealth Rock
|turn|19
|inactive|LegalizeAbsolMegaZ has 120 seconds left.
|
|t:|1769369847
|move|p2a: Latios|Draco Meteor|p1a: Basculegion
|-damage|p1a: Basculegion|24/100
|-unboost|p2a: Latios|spa|2
|move|p1a: Basculegion|Shadow Ball|p2a: Latios
|-supereffective|p2a: Latios
|-damage|p2a: Latios|0 fnt
|faint|p2a: Latios
|
|-weather|RainDance|[upkeep]
|upkeep
|
|t:|1769369850
|switch|p2a: Basculegion|Basculegion, M|34/100
|-damage|p2a: Basculegion|22/100|[from] Stealth Rock
|turn|20
|
|t:|1769369853
|move|p2a: Basculegion|Aqua Jet|p1a: Basculegion
|-resisted|p1a: Basculegion
|-damage|p1a: Basculegion|0 fnt
|faint|p1a: Basculegion
|
|-weather|RainDance|[upkeep]
|upkeep
|
|t:|1769369859
|switch|p1a: Crawdaunt|Crawdaunt, M|100/100
|-damage|p1a: Crawdaunt|88/100|[from] Stealth Rock
|turn|21
|
|t:|1769369861
|switch|p2a: Toxicroak|Toxicroak, M|100/100
|-damage|p2a: Toxicroak|94/100|[from] Stealth Rock
|move|p1a: Crawdaunt|Dragon Dance|p1a: Crawdaunt
|-boost|p1a: Crawdaunt|atk|1
|-boost|p1a: Crawdaunt|spe|1
|
|-weather|RainDance|[upkeep]
|-heal|p2a: Toxicroak|100/100|[from] ability: Dry Skin
|upkeep
|turn|22
|
|t:|1769369867
|move|p1a: Crawdaunt|Knock Off|p2a: Toxicroak
|-resisted|p2a: Toxicroak
|-damage|p2a: Toxicroak|45/100
|-damage|p1a: Crawdaunt|72/100|[from] item: Rocky Helmet|[of] p2a: Toxicroak
|-enditem|p2a: Toxicroak|Rocky Helmet|[from] move: Knock Off|[of] p1a: Crawdaunt
|-damage|p1a: Crawdaunt|62/100|[from] item: Life Orb
|move|p2a: Toxicroak|Drain Punch|p1a: Crawdaunt
|-supereffective|p1a: Crawdaunt
|-damage|p1a: Crawdaunt|0 fnt
|-heal|p2a: Toxicroak|67/100|[from] drain|[of] p1a: Crawdaunt
|faint|p1a: Crawdaunt
|
|-weather|RainDance|[upkeep]
|-heal|p2a: Toxicroak|79/100|[from] ability: Dry Skin
|upkeep
|
|t:|1769369875
|switch|p1a: Iron Treads|Iron Treads|87/100
|-damage|p1a: Iron Treads|84/100|[from] Stealth Rock
|turn|23
|
|t:|1769369888
|-terastallize|p1a: Iron Treads|Ghost
|move|p1a: Iron Treads|Rapid Spin|p2a: Toxicroak
|-crit|p2a: Toxicroak
|-damage|p2a: Toxicroak|64/100
|-boost|p1a: Iron Treads|spe|1
|-sideend|p1: Darkmaniman+Minus|Stealth Rock|[from] move: Rapid Spin|[of] p1a: Iron Treads
|move|p2a: Toxicroak|Drain Punch|p1a: Iron Treads
|-immune|p1a: Iron Treads
|
|-weather|RainDance|[upkeep]
|-heal|p2a: Toxicroak|76/100|[from] ability: Dry Skin
|upkeep
|turn|24
|
|t:|1769369896
|move|p2a: Toxicroak|Protect|p2a: Toxicroak
|-singleturn|p2a: Toxicroak|Protect
|move|p1a: Iron Treads|Earth Power|p2a: Toxicroak
|-activate|p2a: Toxicroak|move: Protect
|
|-weather|RainDance|[upkeep]
|-heal|p2a: Toxicroak|89/100|[from] ability: Dry Skin
|upkeep
|turn|25
|
|t:|1769369898
|move|p1a: Iron Treads|Earth Power|p2a: Toxicroak
|-supereffective|p2a: Toxicroak
|-damage|p2a: Toxicroak|4/100
|move|p2a: Toxicroak|Knock Off|p1a: Iron Treads
|-supereffective|p1a: Iron Treads
|-damage|p1a: Iron Treads|56/100
|
|-weather|none
|upkeep
|turn|26
|
|t:|1769369905
|move|p1a: Iron Treads|Rapid Spin|p2a: Toxicroak
|-damage|p2a: Toxicroak|0 fnt
|-boost|p1a: Iron Treads|spe|1
|faint|p2a: Toxicroak
|
|upkeep
|
|t:|1769369907
|switch|p2a: Basculegion|Basculegion, M|22/100
|-damage|p2a: Basculegion|9/100|[from] Stealth Rock
|turn|27
|
|t:|1769369910
|move|p2a: Basculegion|Aqua Jet|p1a: Iron Treads
|-damage|p1a: Iron Treads|21/100
|move|p1a: Iron Treads|Steel Beam|p2a: Basculegion
|-resisted|p2a: Basculegion
|-damage|p2a: Basculegion|0 fnt
|-damage|p1a: Iron Treads|0 fnt|[from] steelbeam
|faint|p1a: Iron Treads
|-end|p1a: Iron Treads|Quark Drive|[silent]
|faint|p2a: Basculegion
|
|win|Darkmaniman+Minus
|raw|Darkmaniman+Minus's rating: 1434 &rarr; <strong>1455</strong><br />(+21 for winning)
|raw|LegalizeAbsolMegaZ's rating: 1448 &rarr; <strong>1427</strong><br />(-21 for losing)
|l|☆Darkmaniman+Minus
|player|p1|
|l|☆LegalizeAbsolMegaZ
|player|p2|
