|j|‽asurahd
|j|☆Hhoottddoogg
|t:|1769307761
|gametype|singles
|player|p1|asurahd|miku-ground|1381
|player|p2|Hhoottddoogg|2|1390
|gen|9
|tier|[Gen 9] OU
|rated|
|rule|HP Percentage Mod: HP is shown in percentages
|rule|Endless Battle Clause: Forcing endless battles is banned
|rule|Species Clause: Limit one of each Pokémon
|rule|OHKO Clause: OHKO moves are banned
|rule|Evasion Items Clause: Evasion items are banned
|rule|Evasion Moves Clause: Evasion moves are banned
|rule|Evasion Abilities Clause: Evasion abilities are banned
|rule|Sleep Moves Clause: Sleep-inducing moves are banned
|clearpoke
|poke|p1|Dragonite, F|
|poke|p1|Slowking-Galar, F|
|poke|p1|Zapdos|
|poke|p1|Iron Valiant|
|poke|p1|Zamazenta-*|
|poke|p1|Iron Treads|
|poke|p2|Serperior, M|
|poke|p2|Kingambit, F|
|poke|p2|Vikavolt, M|
|poke|p2|Empoleon, M|
|poke|p2|Slowbro-Galar, F|
|poke|p2|Moltres-Galar|
|teampreview
|
|t:|1769307798
|teamsize|p1|6
|teamsize|p2|6
|start
|switch|p1a: Iron Treads|Iron Treads|100/100
|switch|p2a: Vikavolt|Vikavolt, M|100/100
|turn|1
|
|t:|1769307813
|move|p1a: Iron Treads|Stealth Rock|p2a: Vikavolt
|-sidestart|p2: Hhoottddoogg|move: Stealth Rock
|move|p2a: Vikavolt|Energy Ball|p1a: Iron Treads
|-damage|p1a: Iron Treads|49/100
|
|-heal|p1a: Iron Treads|55/100|[from] item: Leftovers
|upkeep
|turn|2
|
|t:|1769307824
|move|p1a: Iron Treads|Iron Head|p2a: Vikavolt
|-resisted|p2a: Vikavolt
|-damage|p2a: Vikavolt|80/100
|move|p2a: Vikavolt|Energy Ball|p1a: Iron Treads
|-damage|p1a: Iron Treads|3/100
|
|-heal|p1a: Iron Treads|9/100|[from] item: Leftovers
|upkeep
|turn|3
|
|t:|1769307834
|move|p1a: Iron Treads|Iron Head|p2a: Vikavolt
|-resisted|p2a: Vikavolt
|-damage|p2a: Vikavolt|62/100
|move|p2a: Vikavolt|Energy Ball|p1a: Iron Treads
|-damage|p1a: Iron Treads|0 fnt
|faint|p1a: Iron Treads
|-end|p1a: Iron Treads|Quark Drive|[silent]
|
|upkeep
|
|t:|1769307846
|switch|p1a: Slowking|Slowking-Galar, F|100/100
|turn|4
|
|t:|1769307852
|move|p2a: Vikavolt|Sticky Web|p1a: Slowking
|-sidestart|p1: asurahd|move: Sticky Web
|move|p1a: Slowking|Toxic|p2a: Vikavolt
|-status|p2a: Vikavolt|tox
|
|-damage|p2a: Vikavolt|56/100 tox|[from] psn
|upkeep
|turn|5
|
|t:|1769307859
|move|p2a: Vikavolt|Discharge|p1a: Slowking
|-damage|p1a: Slowking|70/100
|move|p1a: Slowking|Future Sight|p2a: Vikavolt
|-start|p1a: Slowking|move: Future Sight
|
|-damage|p2a: Vikavolt|44/100 tox|[from] psn
|upkeep
|turn|6
|
|t:|1769307867
|move|p2a: Vikavolt|Discharge|p1a: Slowking
|-crit|p1a: Slowking
|-damage|p1a: Slowking|24/100
|move|p1a: Slowking|Sludge Bomb|p2a: Vikavolt
|-damage|p2a: Vikavolt|5/100 tox
|
|-damage|p2a: Vikavolt|0 fnt|[from] psn
|faint|p2a: Vikavolt
|upkeep
|
|t:|1769307883
|switch|p2a: Moltres|Moltres-Galar|100/100
|-damage|p2a: Moltres|76/100|[from] Stealth Rock
|turn|7
|
|t:|1769307893
|switch|p1a: Zapdos|Zapdos|100/100
|move|p2a: Moltres|Agility|p2a: Moltres
|-boost|p2a: Moltres|spe|2
|
|-end|p2a: Moltres|move: Future Sight
|-immune|p2a: Moltres
|upkeep
|turn|8
|
|t:|1769307901
|-terastallize|p2a: Moltres|Dark
|move|p2a: Moltres|Fiery Wrath|p1a: Zapdos
|-damage|p1a: Zapdos|48/100
|cant|p1a: Zapdos|flinch
|
|upkeep
|turn|9
|
|t:|1769307914
|move|p2a: Moltres|Fiery Wrath|p1a: Zapdos
|-damage|p1a: Zapdos|0 fnt
|faint|p1a: Zapdos
|
|upkeep
|
|t:|1769307918
|switch|p1a: Zamazenta|Zamazenta|100/100
|-activate|p1a: Zamazenta|move: Sticky Web
|-unboost|p1a: Zamazenta|spe|1
|-ability|p1a: Zamazenta|Dauntless Shield|boost
|-boost|p1a: Zamazenta|def|1
|turn|10
|
|t:|1769307925
|move|p2a: Moltres|Air Slash|p1a: Zamazenta
|-supereffective|p1a: Zamazenta
|-damage|p1a: Zamazenta|34/100
|move|p1a: Zamazenta|Body Press|p2a: Moltres
|-supereffective|p2a: Moltres
|-damage|p2a: Moltres|0 fnt
|faint|p2a: Moltres
|
|-heal|p1a: Zamazenta|40/100|[from] item: Leftovers
|upkeep
|
|t:|1769307933
|switch|p2a: Serperior|Serperior, M|100/100
|-damage|p2a: Serperior|88/100|[from] Stealth Rock
|turn|11
|
|t:|1769307940
|move|p2a: Serperior|Leaf Storm|p1a: Zamazenta
|-damage|p1a: Zamazenta|0 fnt
|-boost|p2a: Serperior|spa|2
|faint|p1a: Zamazenta
|
|upkeep
|
|t:|1769307943
|switch|p1a: Slowking|Slowking-Galar, F|57/100
|turn|12
|
|t:|1769307948
|move|p2a: Serperior|Leaf Storm|p1a: Slowking
|-resisted|p1a: Slowking
|-damage|p1a: Slowking|30/100
|-boost|p2a: Serperior|spa|2
|move|p1a: Slowking|Sludge Bomb|p2a: Serperior
|-supereffective|p2a: Serperior
|-damage|p2a: Serperior|3/100
|
|upkeep
|turn|13
|
|t:|1769307958
|move|p2a: Serperior|Dragon Pulse|p1a: Slowking
|-damage|p1a: Slowking|0 fnt
|faint|p1a: Slowking
|
|upkeep
|
|t:|1769307961
|switch|p1a: Iron Valiant|Iron Valiant|100/100
|-activate|p1a: Iron Valiant|move: Sticky Web
|-unboost|p1a: Iron Valiant|spe|1
|-enditem|p1a: Iron Valiant|Booster Energy
|-activate|p1a: Iron Valiant|ability: Quark Drive|[fromitem]
|-start|p1a: Iron Valiant|quarkdrivespa
|turn|14
|
|t:|1769307969
|move|p2a: Serperior|Leaf Storm|p1a: Iron Valiant
|-damage|p1a: Iron Valiant|0 fnt
|-boost|p2a: Serperior|spa|2
|faint|p1a: Iron Valiant
|-end|p1a: Iron Valiant|Quark Drive|[silent]
|
|upkeep
|
|t:|1769307971
|switch|p1a: Dragonite|Dragonite, F|100/100
|turn|15
|
|t:|1769307974
|move|p2a: Serperior|Glare|p1a: Dragonite
|-status|p1a: Dragonite|par
|move|p1a: Dragonite|Dragon Dance|p1a: Dragonite
|-boost|p1a: Dragonite|atk|1
|-boost|p1a: Dragonite|spe|1
|
|upkeep
|turn|16
|
|t:|1769307984
|move|p2a: Serperior|Tera Blast|p1a: Dragonite
|-damage|p1a: Dragonite|59/100 par
|move|p1a: Dragonite|Dragon Dance|p1a: Dragonite
|-boost|p1a: Dragonite|atk|1
|-boost|p1a: Dragonite|spe|1
|
|upkeep
|turn|17
|
|t:|1769307989
|-terastallize|p1a: Dragonite|Normal
|move|p1a: Dragonite|Extreme Speed|p2a: Serperior
|-damage|p2a: Serperior|0 fnt
|faint|p2a: Serperior
|
|upkeep
|
|t:|1769307995
|switch|p2a: Slowbro|Slowbro-Galar, F|100/100
|-damage|p2a: Slowbro|88/100|[from] Stealth Rock
|turn|18
|-activate|p2a: Slowbro|ability: Quick Draw
|
|t:|1769307998
|move|p1a: Dragonite|Extreme Speed|p2a: Slowbro
|-damage|p2a: Slowbro|2/100
|move|p2a: Slowbro|Shell Side Arm|p1a: Dragonite|[anim] Shell Side Arm Special
|-damage|p1a: Dragonite|12/100 par
|-hint|Special Shell Side Arm
|
|upkeep
|turn|19
|
|t:|1769308006
|move|p1a: Dragonite|Extreme Speed|p2a: Slowbro
|-damage|p2a: Slowbro|0 fnt
|faint|p2a: Slowbro
|
|upkeep
|
|t:|1769308024
|switch|p2a: Empoleon|Empoleon, M|100/100
|-damage|p2a: Empoleon|94/100|[from] Stealth Rock
|turn|20
|
|t:|1769308030
|move|p1a: Dragonite|Earthquake|p2a: Empoleon
|-supereffective|p2a: Empoleon
|-damage|p2a: Empoleon|0 fnt
|faint|p2a: Empoleon
|
|upkeep
|
|t:|1769308038
|switch|p2a: Kingambit|Kingambit, F|100/100
|-damage|p2a: Kingambit|94/100|[from] Stealth Rock
|turn|21
|
|t:|1769308051
|move|p1a: Dragonite|Dragon Dance|p1a: Dragonite
|-boost|p1a: Dragonite|atk|1
|-boost|p1a: Dragonite|spe|1
|move|p2a: Kingambit|Kowtow Cleave|p1a: Dragonite
|-damage|p1a: Dragonite|0 fnt
|faint|p1a: Dragonite
|
|win|Hhoottddoogg
|raw|asurahd's rating: 1381 &rarr; <strong>1362</strong><br />(-19 for losing)
|raw|Hhoottddoogg's rating: 1390 &rarr; <strong>1409</strong><br />(+19 for winning)
|l|‽asurahd
|player|p1|
|c|☆Hhoottddoogg|Gg
|l|☆Hhoottddoogg
|player|p2|
