|j|☆leonel2001
|j|☆slave of society
|t:|1769320532
|gametype|singles
|player|p1|leonel2001|dragontamer|1110
|player|p2|slave of society|shadowtriad|1112
|gen|9
|tier|[Gen 9] OU
|rated|
|rule|HP Percentage Mod: HP is shown in percentages
|rule|Endless Battle Clause: Forcing endless battles is banned
|rule|Species Clause: Limit one of each Pokémon
|rule|OHKO Clause: OHKO moves are banned
|rule|Evasion Items Clause: Evasion items are banned
|rule|Evasion Moves Clause: Evasion moves are banned
|rule|Evasion Abilities Clause: Evasion abilities are banned
|rule|Sleep Moves Clause: Sleep-inducing moves are banned
|clearpoke
|poke|p1|Landorus-Therian, M|
|poke|p1|Heatran, F|
|poke|p1|Alomomola, F|
|poke|p1|Gholdengo|
|poke|p1|Kommo-o, M|
|poke|p1|Hydrapple, M|
|poke|p2|Dragonite, M|
|poke|p2|Ting-Lu|
|poke|p2|Iron Moth|
|poke|p2|Iron Valiant|
|poke|p2|Kyurem|
|poke|p2|Gholdengo|
|teampreview
|
|t:|1769320548
|teamsize|p1|6
|teamsize|p2|6
|start
|switch|p1a: Landorus|Landorus-Therian, M, shiny|100/100
|switch|p2a: Kyurem|Kyurem|100/100
|-ability|p1a: Landorus|Intimidate|boost
|-unboost|p2a: Kyurem|atk|1
|-ability|p2a: Kyurem|Pressure
|turn|1
|inactive|Battle timer is ON: inactive players will automatically lose when time's up. (requested by slave of society)
|
|t:|1769320619
|-terastallize|p1a: Landorus|Water
|move|p1a: Landorus|Earthquake|p2a: Kyurem
|-damage|p2a: Kyurem|45/100
|move|p2a: Kyurem|Icicle Spear|p1a: Landorus
|-resisted|p1a: Landorus
|-damage|p1a: Landorus|95/100
|-resisted|p1a: Landorus
|-damage|p1a: Landorus|89/100
|-resisted|p1a: Landorus
|-damage|p1a: Landorus|83/100
|-resisted|p1a: Landorus
|-damage|p1a: Landorus|77/100
|-resisted|p1a: Landorus
|-damage|p1a: Landorus|71/100
|-hitcount|p1a: Landorus|5
|
|upkeep
|turn|2
|
|t:|1769320633
|switch|p2a: Dragonite|Dragonite, M|100/100
|move|p1a: Landorus|U-turn|p2a: Dragonite
|-resisted|p2a: Dragonite
|-damage|p2a: Dragonite|93/100
|c|☆leonel2001|hehehhe
|
|t:|1769320654
|switch|p1a: Gholdengo|Gholdengo|100/100|[from] U-turn
|
|upkeep
|turn|3
|
|t:|1769320663
|move|p1a: Gholdengo|Trick|p2a: Dragonite
|-activate|p1a: Gholdengo|move: Trick|[of] p2a: Dragonite
|-item|p2a: Dragonite|Choice Scarf|[from] move: Trick
|-item|p1a: Gholdengo|Heavy-Duty Boots|[from] move: Trick
|move|p2a: Dragonite|Earthquake|p1a: Gholdengo
|-supereffective|p1a: Gholdengo
|-damage|p1a: Gholdengo|17/100
|
|upkeep
|turn|4
|
|t:|1769320672
|switch|p1a: Landorus|Landorus-Therian, M, shiny, tera:Water|71/100
|-ability|p1a: Landorus|Intimidate|boost
|-unboost|p2a: Dragonite|atk|1
|move|p2a: Dragonite|Earthquake|p1a: Landorus
|-damage|p1a: Landorus|44/100
|
|upkeep
|turn|5
|
|t:|1769320690
|move|p2a: Dragonite|Earthquake|p1a: Landorus
|-damage|p1a: Landorus|16/100
|move|p1a: Landorus|Crunch|p2a: Dragonite
|-damage|p2a: Dragonite|58/100
|
|upkeep
|turn|6
|
|t:|1769320695
|move|p2a: Dragonite|Earthquake|p1a: Landorus
|-damage|p1a: Landorus|0 fnt
|faint|p1a: Landorus
|
|upkeep
|
|t:|1769320700
|switch|p1a: Kommo-o|Kommo-o, M|100/100
|turn|7
|
|t:|1769320707
|switch|p2a: Iron Valiant|Iron Valiant|100/100
|-enditem|p2a: Iron Valiant|Booster Energy
|-activate|p2a: Iron Valiant|ability: Quark Drive|[fromitem]
|-start|p2a: Iron Valiant|quarkdrivespe
|move|p1a: Kommo-o|Clangorous Soul|p1a: Kommo-o
|-boost|p1a: Kommo-o|atk|1
|-boost|p1a: Kommo-o|def|1
|-boost|p1a: Kommo-o|spa|1
|-boost|p1a: Kommo-o|spd|1
|-boost|p1a: Kommo-o|spe|1
|-damage|p1a: Kommo-o|68/100
|
|-heal|p1a: Kommo-o|74/100|[from] item: Leftovers
|upkeep
|turn|8
|
|t:|1769320720
|move|p1a: Kommo-o|Protect|p1a: Kommo-o
|-singleturn|p1a: Kommo-o|Protect
|move|p2a: Iron Valiant|Moonblast|p1a: Kommo-o
|-activate|p1a: Kommo-o|move: Protect
|
|-heal|p1a: Kommo-o|80/100|[from] item: Leftovers
|upkeep
|turn|9
|
|t:|1769320728
|switch|p1a: Gholdengo|Gholdengo|17/100
|move|p2a: Iron Valiant|Moonblast|p1a: Gholdengo
|-resisted|p1a: Gholdengo
|-damage|p1a: Gholdengo|0 fnt
|faint|p1a: Gholdengo
|
|upkeep
|
|t:|1769320743
|switch|p1a: Alomomola|Alomomola, F|100/100
|turn|10
|
|t:|1769320749
|move|p2a: Iron Valiant|Moonblast|p1a: Alomomola
|-damage|p1a: Alomomola|48/100
|-unboost|p1a: Alomomola|spa|1
|move|p1a: Alomomola|Whirlpool|p2a: Iron Valiant
|-damage|p2a: Iron Valiant|92/100
|-activate|p2a: Iron Valiant|move: Whirlpool|[of] p1a: Alomomola
|
|-damage|p2a: Iron Valiant|79/100|[from] move: Whirlpool|[partiallytrapped]
|upkeep
|turn|11
|
|t:|1769320758
|move|p1a: Alomomola|Protect|p1a: Alomomola
|-singleturn|p1a: Alomomola|Protect
|move|p2a: Iron Valiant|Moonblast|p1a: Alomomola
|-activate|p1a: Alomomola|move: Protect
|
|-damage|p2a: Iron Valiant|67/100|[from] move: Whirlpool|[partiallytrapped]
|upkeep
|turn|12
|
|t:|1769320766
|move|p2a: Iron Valiant|Moonblast|p1a: Alomomola
|-damage|p1a: Alomomola|0 fnt
|faint|p1a: Alomomola
|
|-end|p2a: Iron Valiant|Whirlpool|[partiallytrapped]|[silent]
|upkeep
|-message|leonel2001 forfeited.
|
|win|slave of society
|raw|leonel2001's rating: 1110 &rarr; <strong>1087</strong><br />(-23 for losing)
|raw|slave of society's rating: 1135 &rarr; <strong>1158</strong><br />(+23 for winning)
