|j|☆jsnsddk
|j|☆Noamm
|t:|1769320802
|gametype|singles
|player|p1|jsnsddk|2|1616
|player|p2|Noamm|gambler|1609
|gen|9
|tier|[Gen 9] OU
|rated|
|rule|HP Percentage Mod: HP is shown in percentages
|rule|Endless Battle Clause: Forcing endless battles is banned
|rule|Species Clause: Limit one of each Pokémon
|rule|OHKO Clause: OHKO moves are banned
|rule|Evasion Items Clause: Evasion items are banned
|rule|Evasion Moves Clause: Evasion moves are banned
|rule|Evasion Abilities Clause: Evasion abilities are banned
|rule|Sleep Moves Clause: Sleep-inducing moves are banned
|clearpoke
|poke|p1|Dragonite, F|
|poke|p1|Hatterene, F|
|poke|p1|Kingambit, M|
|poke|p1|Iron Crown|
|poke|p1|Crawdaunt, M|
|poke|p1|Manaphy|
|poke|p2|Lokix, F|
|poke|p2|Dragapult, F|
|poke|p2|Slowking-Galar, M|
|poke|p2|Mandibuzz, F|
|poke|p2|Great Tusk|
|poke|p2|Primarina, F|
|teampreview
|inactive|Battle timer is ON: inactive players will automatically lose when time's up. (requested by jsnsddk)
|
|t:|1769320808
|teamsize|p1|6
|teamsize|p2|6
|start
|switch|p1a: Hatterene|Hatterene, F|100/100
|switch|p2a: Kamen Rider SwarmX|Lokix, F, shiny|100/100
|turn|1
|
|t:|1769320811
|move|p2a: Kamen Rider SwarmX|U-turn|p1a: Hatterene
|-damage|p1a: Hatterene|39/100
|
|t:|1769320815
|switch|p2a: Kamen Rider Burr|Slowking-Galar, M|100/100|[from] U-turn
|move|p1a: Hatterene|Trick Room|p1a: Hatterene
|-fieldstart|move: Trick Room|[of] p1a: Hatterene
|
|upkeep
|turn|2
|
|t:|1769320820
|move|p1a: Hatterene|Healing Wish|p1a: Hatterene
|faint|p1a: Hatterene
|-prepare|p2a: Kamen Rider Burr|Chilly Reception|[premajor]
|move|p2a: Kamen Rider Burr|Chilly Reception|p2a: Kamen Rider Burr
|-weather|Snowscape
|
|t:|1769320822
|switch|p2a: Kamen Rider SwarmX|Lokix, F, shiny|100/100|[from] Chilly Reception
|
|-weather|Snowscape|[upkeep]
|upkeep
|
|t:|1769320837
|switch|p1a: Kingambit|Kingambit, M|100/100
|-activate|p1a: Kingambit|ability: Supreme Overlord
|-start|p1a: Kingambit|fallen1|[silent]
|turn|3
|
|t:|1769320843
|switch|p2a: Kamen Rider Torque|Great Tusk|100/100
|move|p1a: Kingambit|Brick Break|p2a: Kamen Rider Torque
|-damage|p2a: Kamen Rider Torque|78/100
|
|-weather|Snowscape|[upkeep]
|upkeep
|turn|4
|
|t:|1769320848
|-end|p1a: Kingambit|fallen1|[silent]
|switch|p1a: Crawdaunt|Crawdaunt, M|100/100
|move|p2a: Kamen Rider Torque|Stealth Rock|p1a: Crawdaunt
|-sidestart|p1: jsnsddk|move: Stealth Rock
|
|-weather|Snowscape|[upkeep]
|upkeep
|turn|5
|
|t:|1769320853
|-end|p2a: Kamen Rider Torque|Protosynthesis|[silent]
|switch|p2a: Kamen Rider Siren|Primarina, F|100/100
|move|p1a: Crawdaunt|Knock Off|p2a: Kamen Rider Siren
|-resisted|p2a: Kamen Rider Siren
|-damage|p2a: Kamen Rider Siren|42/100
|-enditem|p2a: Kamen Rider Siren|Assault Vest|[from] move: Knock Off|[of] p1a: Crawdaunt
|-damage|p1a: Crawdaunt|90/100|[from] item: Life Orb
|
|-weather|Snowscape|[upkeep]
|-fieldend|move: Trick Room
|upkeep
|turn|6
|
|t:|1769320873
|switch|p1a: Iron Crown|Iron Crown|100/100
|-damage|p1a: Iron Crown|94/100|[from] Stealth Rock
|-enditem|p1a: Iron Crown|Booster Energy
|-activate|p1a: Iron Crown|ability: Quark Drive|[fromitem]
|-start|p1a: Iron Crown|quarkdrivespe
|move|p2a: Kamen Rider Siren|Moonblast|p1a: Iron Crown
|-resisted|p1a: Iron Crown
|-damage|p1a: Iron Crown|68/100
|
|-weather|none
|upkeep
|turn|7
|
|t:|1769320876
|move|p1a: Iron Crown|Calm Mind|p1a: Iron Crown
|-boost|p1a: Iron Crown|spa|1
|-boost|p1a: Iron Crown|spd|1
|move|p2a: Kamen Rider Siren|Flip Turn|p1a: Iron Crown
|-damage|p1a: Iron Crown|53/100
|
|t:|1769320878
|switch|p2a: Kamen Rider SwarmX|Lokix, F, shiny|100/100|[from] Flip Turn
|
|upkeep
|turn|8
|
|t:|1769320886
|-terastallize|p1a: Iron Crown|Fighting
|move|p2a: Kamen Rider SwarmX|First Impression|p1a: Iron Crown
|-resisted|p1a: Iron Crown
|-damage|p1a: Iron Crown|0 fnt
|faint|p1a: Iron Crown
|-end|p1a: Iron Crown|Quark Drive|[silent]
|
|upkeep
|
|t:|1769320893
|switch|p1a: Crawdaunt|Crawdaunt, M|90/100
|-heal|p1a: Crawdaunt|100/100|[from] move: Healing Wish
|-damage|p1a: Crawdaunt|88/100|[from] Stealth Rock
|turn|9
|
|t:|1769320904
|switch|p2a: Kamen Rider Shade|Dragapult, F, shiny|100/100
|move|p1a: Crawdaunt|Aqua Jet|p2a: Kamen Rider Shade
|-resisted|p2a: Kamen Rider Shade
|-damage|p2a: Kamen Rider Shade|76/100
|-damage|p1a: Crawdaunt|78/100|[from] item: Life Orb
|
|upkeep
|turn|10
|
|t:|1769320911
|move|p2a: Kamen Rider Shade|Draco Meteor|p1a: Crawdaunt
|-damage|p1a: Crawdaunt|0 fnt
|-unboost|p2a: Kamen Rider Shade|spa|2
|faint|p1a: Crawdaunt
|
|upkeep
|
|t:|1769320920
|switch|p1a: Manaphy|Manaphy|100/100
|-damage|p1a: Manaphy|88/100|[from] Stealth Rock
|turn|11
|
|t:|1769320924
|switch|p2a: Kamen Rider Burr|Slowking-Galar, M|100/100
|move|p1a: Manaphy|Acid Armor|p1a: Manaphy
|-boost|p1a: Manaphy|def|2
|
|-heal|p1a: Manaphy|94/100|[from] item: Leftovers
|upkeep
|turn|12
|
|t:|1769320938
|move|p1a: Manaphy|Take Heart|p1a: Manaphy
|-boost|p1a: Manaphy|spa|1
|-boost|p1a: Manaphy|spd|1
|-prepare|p2a: Kamen Rider Burr|Chilly Reception|[premajor]
|move|p2a: Kamen Rider Burr|Chilly Reception|p2a: Kamen Rider Burr
|-weather|Snowscape
|
|t:|1769320940
|switch|p2a: Kamen Rider Shade|Dragapult, F, shiny|76/100|[from] Chilly Reception
|
|-weather|Snowscape|[upkeep]
|-heal|p1a: Manaphy|100/100|[from] item: Leftovers
|upkeep
|turn|13
|
|t:|1769320946
|-terastallize|p2a: Kamen Rider Shade|Ghost
|move|p2a: Kamen Rider Shade|Shadow Ball|p1a: Manaphy
|-damage|p1a: Manaphy|60/100
|move|p1a: Manaphy|Take Heart|p1a: Manaphy
|-boost|p1a: Manaphy|spa|1
|-boost|p1a: Manaphy|spd|1
|
|-weather|Snowscape|[upkeep]
|-heal|p1a: Manaphy|66/100|[from] item: Leftovers
|upkeep
|turn|14
|
|t:|1769320954
|move|p2a: Kamen Rider Shade|Shadow Ball|p1a: Manaphy
|-damage|p1a: Manaphy|35/100
|move|p1a: Manaphy|Stored Power|p2a: Kamen Rider Shade
|-damage|p2a: Kamen Rider Shade|0 fnt
|faint|p2a: Kamen Rider Shade
|
|-weather|Snowscape|[upkeep]
|-heal|p1a: Manaphy|41/100|[from] item: Leftovers
|upkeep
|
|t:|1769320965
|switch|p2a: Kamen Rider Burr|Slowking-Galar, M|100/100
|turn|15
|
|t:|1769320969
|move|p1a: Manaphy|Stored Power|p2a: Kamen Rider Burr
|-damage|p2a: Kamen Rider Burr|52/100
|move|p2a: Kamen Rider Burr|Sludge Bomb|p1a: Manaphy
|-damage|p1a: Manaphy|27/100
|
|-weather|Snowscape|[upkeep]
|-heal|p1a: Manaphy|33/100|[from] item: Leftovers
|upkeep
|turn|16
|
|t:|1769320977
|move|p1a: Manaphy|Take Heart|p1a: Manaphy
|-boost|p1a: Manaphy|spa|1
|-boost|p1a: Manaphy|spd|1
|move|p2a: Kamen Rider Burr|Sludge Bomb|p1a: Manaphy
|-damage|p1a: Manaphy|22/100
|
|-weather|none
|-heal|p1a: Manaphy|28/100|[from] item: Leftovers
|upkeep
|turn|17
|
|t:|1769320980
|move|p1a: Manaphy|Stored Power|p2a: Kamen Rider Burr
|-damage|p2a: Kamen Rider Burr|0 fnt
|faint|p2a: Kamen Rider Burr
|
|-heal|p1a: Manaphy|34/100|[from] item: Leftovers
|upkeep
|
|t:|1769320985
|switch|p2a: Kamen Rider SwarmX|Lokix, F, shiny|100/100
|turn|18
|
|t:|1769320989
|move|p2a: Kamen Rider SwarmX|First Impression|p1a: Manaphy
|-damage|p1a: Manaphy|6/100
|move|p1a: Manaphy|Scald|p2a: Kamen Rider SwarmX
|-damage|p2a: Kamen Rider SwarmX|0 fnt
|faint|p2a: Kamen Rider SwarmX
|
|-heal|p1a: Manaphy|13/100|[from] item: Leftovers
|upkeep
|
|t:|1769320995
|switch|p2a: Kamen Rider Torque|Great Tusk|78/100
|turn|19
|
|t:|1769320999
|move|p2a: Kamen Rider Torque|Headlong Rush|p1a: Manaphy
|-damage|p1a: Manaphy|0 fnt
|-unboost|p2a: Kamen Rider Torque|def|1
|-unboost|p2a: Kamen Rider Torque|spd|1
|faint|p1a: Manaphy
|
|upkeep
|
|t:|1769321008
|switch|p1a: Dragonite|Dragonite, F|100/100
|-damage|p1a: Dragonite|76/100|[from] Stealth Rock
|turn|20
|
|t:|1769321016
|move|p2a: Kamen Rider Torque|Ice Spinner|p1a: Dragonite
|-supereffective|p1a: Dragonite
|-damage|p1a: Dragonite|0 fnt
|faint|p1a: Dragonite
|
|upkeep
|
|t:|1769321019
|switch|p1a: Kingambit|Kingambit, M|100/100
|-damage|p1a: Kingambit|94/100|[from] Stealth Rock
|-activate|p1a: Kingambit|ability: Supreme Overlord
|-start|p1a: Kingambit|fallen5|[silent]
|turn|21
|
|t:|1769321026
|move|p1a: Kingambit|Sucker Punch|p2a: Kamen Rider Torque
|-resisted|p2a: Kamen Rider Torque
|-damage|p2a: Kamen Rider Torque|41/100
|move|p2a: Kamen Rider Torque|Headlong Rush|p1a: Kingambit
|-supereffective|p1a: Kingambit
|-damage|p1a: Kingambit|0 fnt
|-unboost|p2a: Kamen Rider Torque|def|1
|-unboost|p2a: Kamen Rider Torque|spd|1
|faint|p1a: Kingambit
|-end|p1a: Kingambit|fallen5|[silent]
|
|win|Noamm
|raw|jsnsddk's rating: 1616 &rarr; <strong>1596</strong><br />(-20 for losing)
|raw|Noamm's rating: 1609 &rarr; <strong>1629</strong><br />(+20 for winning)
|c|☆Noamm|Gg
|l|☆Noamm
|player|p2|
|l|☆jsnsddk
|player|p1|
