|j|☆javalanche
|j|☆Pem779567 phone
|t:|1769405062
|gametype|singles
|player|p1|javalanche|swimmerf|1234
|player|p2|Pem779567 phone|1|1167
|gen|9
|tier|[Gen 9] OU
|rated|
|rule|HP Percentage Mod: HP is shown in percentages
|rule|Endless Battle Clause: Forcing endless battles is banned
|rule|Species Clause: Limit one of each Pokémon
|rule|OHKO Clause: OHKO moves are banned
|rule|Evasion Items Clause: Evasion items are banned
|rule|Evasion Moves Clause: Evasion moves are banned
|rule|Evasion Abilities Clause: Evasion abilities are banned
|rule|Sleep Moves Clause: Sleep-inducing moves are banned
|clearpoke
|poke|p1|Alomomola, M|
|poke|p1|Clefable, F|
|poke|p1|Garganacl, F|
|poke|p1|Gholdengo|
|poke|p1|Tornadus-Therian, M|
|poke|p1|Ting-Lu|
|poke|p2|Samurott-Hisui, M|
|poke|p2|Slowking-Galar, M|
|poke|p2|Entei|
|poke|p2|Rillaboom, M|
|poke|p2|Salamence, F|
|poke|p2|Ninetales-Alola, F|
|teampreview
|inactive|Battle timer is ON: inactive players will automatically lose when time's up. (requested by Pem779567 phone)
|
|t:|1769405080
|teamsize|p1|6
|teamsize|p2|6
|start
|switch|p1a: Garganacl|Garganacl, F|100/100
|switch|p2a: Samurott|Samurott-Hisui, M|100/100
|turn|1
|
|t:|1769405092
|move|p2a: Samurott|Aqua Cutter|p1a: Garganacl
|-supereffective|p1a: Garganacl
|-damage|p1a: Garganacl|43/100
|move|p1a: Garganacl|Stealth Rock|p2a: Samurott
|-sidestart|p2: Pem779567 phone|move: Stealth Rock
|
|-heal|p1a: Garganacl|50/100|[from] item: Leftovers
|upkeep
|turn|2
|
|t:|1769405097
|switch|p1a: Alomomola|Alomomola, M|100/100
|move|p2a: Samurott|Aqua Cutter|p1a: Alomomola
|-resisted|p1a: Alomomola
|-damage|p1a: Alomomola|86/100
|
|-heal|p1a: Alomomola|92/100|[from] item: Leftovers
|upkeep
|turn|3
|
|t:|1769405103
|switch|p2a: Ninetales|Ninetales-Alola, F|100/100
|-damage|p2a: Ninetales|76/100|[from] Stealth Rock
|-weather|Snowscape|[from] ability: Snow Warning|[of] p2a: Ninetales
|move|p1a: Alomomola|Wish|p1a: Alomomola
|
|-weather|Snowscape|[upkeep]
|-heal|p1a: Alomomola|98/100|[from] item: Leftovers
|upkeep
|turn|4
|
|t:|1769405114
|move|p2a: Ninetales|Encore|p1a: Alomomola
|-start|p1a: Alomomola|Encore
|move|p1a: Alomomola|Wish||[still]
|-fail|p1a: Alomomola
|
|-weather|Snowscape|[upkeep]
|-heal|p1a: Alomomola|100/100|[from] move: Wish|[wisher] Alomomola
|upkeep
|turn|5
|
|t:|1769405142
|switch|p1a: Garganacl|Garganacl, F|50/100
|move|p2a: Ninetales|Aurora Veil|p2a: Ninetales
|-sidestart|p2: Pem779567 phone|move: Aurora Veil
|
|-weather|Snowscape|[upkeep]
|-heal|p1a: Garganacl|56/100|[from] item: Leftovers
|upkeep
|turn|6
|
|t:|1769405156
|move|p2a: Ninetales|Freeze-Dry|p1a: Garganacl
|-damage|p1a: Garganacl|35/100
|move|p1a: Garganacl|Salt Cure|p2a: Ninetales
|-supereffective|p2a: Ninetales
|-damage|p2a: Ninetales|60/100
|-start|p2a: Ninetales|Salt Cure
|
|-weather|Snowscape|[upkeep]
|-heal|p1a: Garganacl|41/100|[from] item: Leftovers
|-damage|p2a: Ninetales|48/100|[from] Salt Cure
|upkeep
|turn|7
|
|t:|1769405168
|move|p2a: Ninetales|Freeze-Dry|p1a: Garganacl
|-damage|p1a: Garganacl|18/100
|move|p1a: Garganacl|Recover|p1a: Garganacl
|-heal|p1a: Garganacl|68/100
|
|-weather|none
|-heal|p1a: Garganacl|74/100|[from] item: Leftovers
|-damage|p2a: Ninetales|36/100|[from] Salt Cure
|upkeep
|turn|8
|
|t:|1769405190
|move|p2a: Ninetales|Encore|p1a: Garganacl
|-start|p1a: Garganacl|Encore
|move|p1a: Garganacl|Recover|p1a: Garganacl
|-heal|p1a: Garganacl|100/100
|
|-damage|p2a: Ninetales|23/100|[from] Salt Cure
|upkeep
|turn|9
|
|t:|1769405203
|switch|p2a: Rillaboom|Rillaboom, M|100/100
|-damage|p2a: Rillaboom|88/100|[from] Stealth Rock
|-fieldstart|move: Grassy Terrain|[from] ability: Grassy Surge|[of] p2a: Rillaboom
|switch|p1a: Clefable|Clefable, F|100/100
|
|-heal|p2a: Rillaboom|94/100|[from] Grassy Terrain
|upkeep
|turn|10
|
|t:|1769405216
|move|p2a: Rillaboom|Drum Beating|p1a: Clefable
|-damage|p1a: Clefable|47/100
|-unboost|p1a: Clefable|spe|1
|move|p1a: Clefable|Thunder Wave|p2a: Rillaboom
|-status|p2a: Rillaboom|par
|
|-heal|p2a: Rillaboom|100/100 par|[from] Grassy Terrain
|-heal|p1a: Clefable|53/100|[from] Grassy Terrain
|upkeep
|turn|11
|
|t:|1769405226
|move|p2a: Rillaboom|Drum Beating|p1a: Clefable
|-damage|p1a: Clefable|0 fnt
|faint|p1a: Clefable
|
|upkeep
|
|t:|1769405232
|switch|p1a: Tornadus|Tornadus-Therian, M|100/100
|turn|12
|
|t:|1769405239
|move|p1a: Tornadus|U-turn|p2a: Rillaboom
|-supereffective|p2a: Rillaboom
|-damage|p2a: Rillaboom|84/100 par
|
|t:|1769405255
|switch|p1a: Ting-Lu|Ting-Lu|100/100|[from] U-turn
|-ability|p1a: Ting-Lu|Vessel of Ruin
|cant|p2a: Rillaboom|par
|
|-heal|p2a: Rillaboom|90/100 par|[from] Grassy Terrain
|-sideend|p2: Pem779567 phone|move: Aurora Veil
|upkeep
|turn|13
|
|t:|1769405264
|-terastallize|p1a: Ting-Lu|Poison
|move|p2a: Rillaboom|Drum Beating|p1a: Ting-Lu
|-resisted|p1a: Ting-Lu
|-damage|p1a: Ting-Lu|85/100
|-unboost|p1a: Ting-Lu|spe|1
|move|p1a: Ting-Lu|Spikes|p2a: Rillaboom
|-sidestart|p2: Pem779567 phone|Spikes
|
|-heal|p2a: Rillaboom|96/100 par|[from] Grassy Terrain
|-heal|p1a: Ting-Lu|91/100|[from] Grassy Terrain
|-heal|p1a: Ting-Lu|98/100|[from] item: Leftovers
|-fieldend|move: Grassy Terrain
|upkeep
|turn|14
|
|t:|1769405277
|move|p2a: Rillaboom|Knock Off|p1a: Ting-Lu
|-damage|p1a: Ting-Lu|82/100
|-enditem|p1a: Ting-Lu|Leftovers|[from] move: Knock Off|[of] p2a: Rillaboom
|move|p1a: Ting-Lu|Spikes|p2a: Rillaboom
|-sidestart|p2: Pem779567 phone|Spikes
|
|upkeep
|turn|15
|
|t:|1769405289
|move|p2a: Rillaboom|U-turn|p1a: Ting-Lu
|-resisted|p1a: Ting-Lu
|-damage|p1a: Ting-Lu|76/100
|
|t:|1769405291
|switch|p2a: Slowking|Slowking-Galar, M, shiny|100/100|[from] U-turn
|-damage|p2a: Slowking|88/100|[from] Stealth Rock
|-damage|p2a: Slowking|72/100|[from] Spikes
|move|p1a: Ting-Lu|Spikes|p2a: Slowking
|-sidestart|p2: Pem779567 phone|Spikes
|
|-heal|p2a: Slowking|78/100|[from] item: Leftovers
|upkeep
|turn|16
|
|t:|1769405303
|move|p2a: Slowking|Future Sight|p1a: Ting-Lu
|-start|p2a: Slowking|move: Future Sight
|move|p1a: Ting-Lu|Whirlwind|p2a: Slowking
|drag|p2a: Samurott|Samurott-Hisui, M|100/100
|-damage|p2a: Samurott|88/100|[from] Stealth Rock
|-damage|p2a: Samurott|63/100|[from] Spikes
|
|upkeep
|turn|17
|
|t:|1769405318
|switch|p1a: Alomomola|Alomomola, M|100/100
|move|p2a: Samurott|Ceaseless Edge|p1a: Alomomola
|-damage|p1a: Alomomola|69/100
|-sidestart|p1: javalanche|Spikes
|
|-heal|p1a: Alomomola|75/100|[from] item: Leftovers
|upkeep
|turn|18
|
|t:|1769405329
|move|p2a: Samurott|Ceaseless Edge|p1a: Alomomola
|-damage|p1a: Alomomola|46/100
|-sidestart|p1: javalanche|Spikes
|move|p1a: Alomomola|Wish|p1a: Alomomola
|
|-end|p1a: Alomomola|move: Future Sight
|-crit|p1a: Alomomola
|-damage|p1a: Alomomola|0 fnt
|faint|p1a: Alomomola
|upkeep
|
|t:|1769405343
|switch|p1a: Ting-Lu|Ting-Lu, tera:Poison|76/100
|-damage|p1a: Ting-Lu|60/100|[from] Spikes
|-ability|p1a: Ting-Lu|Vessel of Ruin
|turn|19
|
|t:|1769405347
|move|p2a: Samurott|Ceaseless Edge|p1a: Ting-Lu|[miss]
|-miss|p2a: Samurott|p1a: Ting-Lu
|move|p1a: Ting-Lu|Whirlwind|p2a: Samurott
|drag|p2a: Ninetales|Ninetales-Alola, F|23/100
|-damage|p2a: Ninetales|0 fnt|[from] Stealth Rock
|faint|p2a: Ninetales
|
|-heal|p1a: Ting-Lu|100/100|[from] move: Wish|[wisher] Alomomola
|upkeep
|
|t:|1769405350
|switch|p2a: Slowking|Slowking-Galar, M, shiny|100/100
|-damage|p2a: Slowking|88/100|[from] Stealth Rock
|-damage|p2a: Slowking|63/100|[from] Spikes
|turn|20
|
|t:|1769405362
|move|p1a: Ting-Lu|Ruination|p2a: Slowking
|-damage|p2a: Slowking|32/100
|move|p2a: Slowking|Future Sight|p1a: Ting-Lu
|-start|p2a: Slowking|move: Future Sight
|
|-heal|p2a: Slowking|38/100|[from] item: Leftovers
|upkeep
|turn|21
|
|t:|1769405370
|move|p2a: Slowking|Flamethrower|p1a: Ting-Lu
|-damage|p1a: Ting-Lu|90/100
|move|p1a: Ting-Lu|Whirlwind|p2a: Slowking
|drag|p2a: Rillaboom|Rillaboom, M|96/100 par
|-damage|p2a: Rillaboom|84/100 par|[from] Stealth Rock
|-damage|p2a: Rillaboom|59/100 par|[from] Spikes
|-fieldstart|move: Grassy Terrain|[from] ability: Grassy Surge|[of] p2a: Rillaboom
|
|-heal|p2a: Rillaboom|65/100 par|[from] Grassy Terrain
|-heal|p1a: Ting-Lu|96/100|[from] Grassy Terrain
|upkeep
|turn|22
|
|t:|1769405382
|switch|p1a: Gholdengo|Gholdengo|100/100
|-damage|p1a: Gholdengo|84/100|[from] Spikes
|move|p2a: Rillaboom|Drum Beating|p1a: Gholdengo
|-resisted|p1a: Gholdengo
|-damage|p1a: Gholdengo|49/100
|-unboost|p1a: Gholdengo|spe|1
|
|-end|p1a: Gholdengo|move: Future Sight
|-resisted|p1a: Gholdengo
|-damage|p1a: Gholdengo|24/100
|-heal|p1a: Gholdengo|30/100|[from] Grassy Terrain
|-heal|p2a: Rillaboom|71/100 par|[from] Grassy Terrain
|upkeep
|turn|23
|
|t:|1769405398
|move|p1a: Gholdengo|Make It Rain|p2a: Rillaboom
|-damage|p2a: Rillaboom|0 fnt
|-unboost|p1a: Gholdengo|spa|1
|faint|p2a: Rillaboom
|
|-heal|p1a: Gholdengo|36/100|[from] Grassy Terrain
|upkeep
|
|t:|1769405403
|switch|p2a: Salamence|Salamence, F|100/100
|-damage|p2a: Salamence|76/100|[from] Stealth Rock
|turn|24
|
|t:|1769405411
|switch|p1a: Tornadus|Tornadus-Therian, M|100/100
|-terastallize|p2a: Salamence|Steel
|move|p2a: Salamence|Dragon Dance|p2a: Salamence
|-boost|p2a: Salamence|atk|1
|-boost|p2a: Salamence|spe|1
|
|-heal|p2a: Salamence|82/100|[from] Grassy Terrain
|upkeep
|turn|25
|
|t:|1769405421
|move|p2a: Salamence|Iron Head|p1a: Tornadus
|-damage|p1a: Tornadus|19/100
|move|p1a: Tornadus|Heat Wave|p2a: Salamence
|-supereffective|p2a: Salamence
|-damage|p2a: Salamence|23/100
|
|-heal|p2a: Salamence|29/100|[from] Grassy Terrain
|-fieldend|move: Grassy Terrain
|upkeep
|turn|26
|
|t:|1769405450
|move|p2a: Salamence|Iron Head|p1a: Tornadus
|-damage|p1a: Tornadus|0 fnt
|faint|p1a: Tornadus
|-ability|p2a: Salamence|Moxie|boost
|-boost|p2a: Salamence|atk|1
|
|upkeep
|inactive|javalanche has 120 seconds left.
|
|t:|1769405460
|switch|p1a: Gholdengo|Gholdengo|36/100
|-damage|p1a: Gholdengo|20/100|[from] Spikes
|turn|27
|
|t:|1769405473
|move|p2a: Salamence|Earthquake|p1a: Gholdengo
|-supereffective|p1a: Gholdengo
|-damage|p1a: Gholdengo|0 fnt
|faint|p1a: Gholdengo
|-ability|p2a: Salamence|Moxie|boost
|-boost|p2a: Salamence|atk|1
|
|upkeep
|
|t:|1769405486
|switch|p1a: Garganacl|Garganacl, F|100/100
|-damage|p1a: Garganacl|84/100|[from] Spikes
|turn|28
|
|t:|1769405503
|move|p2a: Salamence|Iron Head|p1a: Garganacl
|-supereffective|p1a: Garganacl
|-damage|p1a: Garganacl|0 fnt
|faint|p1a: Garganacl
|-ability|p2a: Salamence|Moxie|boost
|-boost|p2a: Salamence|atk|1
|
|upkeep
|
|t:|1769405507
|switch|p1a: Ting-Lu|Ting-Lu, tera:Poison|96/100
|-damage|p1a: Ting-Lu|79/100|[from] Spikes
|-ability|p1a: Ting-Lu|Vessel of Ruin
|turn|29
|
|t:|1769405512
|move|p2a: Salamence|Earthquake|p1a: Ting-Lu
|-supereffective|p1a: Ting-Lu
|-damage|p1a: Ting-Lu|0 fnt
|faint|p1a: Ting-Lu
|
|win|Pem779567 phone
|raw|javalanche's rating: 1234 &rarr; <strong>1204</strong><br />(-30 for losing)
|raw|Pem779567 phone's rating: 1167 &rarr; <strong>1197</strong><br />(+30 for winning)
|l|☆Pem779567 phone
|player|p2|
|l|☆javalanche
|player|p1|
