|j|☆Bilalman
|j|☆thri-keen
|t:|1769338682
|gametype|singles
|player|p1|Bilalman|rei|1212
|player|p2|thri-keen|gambler|1208
|gen|9
|tier|[Gen 9] OU
|rated|
|rule|HP Percentage Mod: HP is shown in percentages
|rule|Endless Battle Clause: Forcing endless battles is banned
|rule|Species Clause: Limit one of each Pokémon
|rule|OHKO Clause: OHKO moves are banned
|rule|Evasion Items Clause: Evasion items are banned
|rule|Evasion Moves Clause: Evasion moves are banned
|rule|Evasion Abilities Clause: Evasion abilities are banned
|rule|Sleep Moves Clause: Sleep-inducing moves are banned
|clearpoke
|poke|p1|Iron Moth|
|poke|p1|Hydrapple, F|
|poke|p1|Primarina, M|
|poke|p1|Great Tusk|
|poke|p1|Gholdengo|
|poke|p1|Kingambit, F|
|poke|p2|Sceptile, M|
|poke|p2|Galvantula, M|
|poke|p2|Alcremie-Mint-Cream, F|
|poke|p2|Ceruledge, M|
|poke|p2|Forretress, M|
|poke|p2|Haxorus, M|
|teampreview
|inactive|Battle timer is ON: inactive players will automatically lose when time's up. (requested by Bilalman)
|
|t:|1769338695
|teamsize|p1|6
|teamsize|p2|6
|start
|switch|p1a: Nah I'd spin|Great Tusk|100/100
|switch|p2a: Sceptile|Sceptile, M, shiny|100/100
|turn|1
|
|t:|1769338711
|move|p1a: Nah I'd spin|Stealth Rock|p2a: Sceptile
|-sidestart|p2: thri-keen|move: Stealth Rock
|move|p2a: Sceptile|Roar|p1a: Nah I'd spin
|-enditem|p2a: Sceptile|Throat Spray
|-boost|p2a: Sceptile|spa|1|[from] item: Throat Spray
|-end|p1a: Nah I'd spin|Protosynthesis|[silent]
|drag|p1a: Screw Teammates|Kingambit, F|100/100
|
|upkeep
|turn|2
|
|t:|1769338731
|-terastallize|p2a: Sceptile|Fire
|move|p1a: Screw Teammates|Sucker Punch|p2a: Sceptile
|-damage|p2a: Sceptile|31/100
|move|p2a: Sceptile|Tera Blast|p1a: Screw Teammates|[anim] Tera Blast Fire
|-supereffective|p1a: Screw Teammates
|-damage|p1a: Screw Teammates|0 fnt
|faint|p1a: Screw Teammates
|-end|p1a: Screw Teammates|fallenundefined|[silent]
|
|upkeep
|
|t:|1769338744
|switch|p1a: Going all out|Hydrapple, F|100/100
|turn|3
|
|t:|1769338748
|move|p2a: Sceptile|Dragon Pulse|p1a: Going all out
|-supereffective|p1a: Going all out
|-damage|p1a: Going all out|25/100
|move|p1a: Going all out|Earth Power|p2a: Sceptile
|-supereffective|p2a: Sceptile
|-damage|p2a: Sceptile|0 fnt
|faint|p2a: Sceptile
|
|-heal|p1a: Going all out|31/100|[from] item: Leftovers
|upkeep
|
|t:|1769338769
|switch|p2a: Forretress|Forretress, M|100/100
|-damage|p2a: Forretress|88/100|[from] Stealth Rock
|turn|4
|
|t:|1769338774
|switch|p1a: Pantheon 5|Iron Moth|100/100
|-enditem|p1a: Pantheon 5|Booster Energy
|-activate|p1a: Pantheon 5|ability: Quark Drive|[fromitem]
|-start|p1a: Pantheon 5|quarkdrivespa
|move|p2a: Forretress|Rapid Spin|p1a: Pantheon 5
|-damage|p1a: Pantheon 5|75/100
|-boost|p2a: Forretress|spe|1
|-sideend|p2: thri-keen|Stealth Rock|[from] move: Rapid Spin|[of] p2a: Forretress
|
|upkeep
|turn|5
|
|t:|1769338785
|move|p2a: Forretress|Endure|p2a: Forretress
|-singleturn|p2a: Forretress|move: Endure
|move|p1a: Pantheon 5|Fiery Dance|p2a: Forretress
|-supereffective|p2a: Forretress
|-activate|p2a: Forretress|move: Endure
|-damage|p2a: Forretress|1/100
|-boost|p1a: Pantheon 5|spa|1
|
|upkeep
|turn|6
|-enditem|p2a: Forretress|Custap Berry|[eat]
|-activate|p2a: Forretress|item: Custap Berry|[consumed]
|
|t:|1769338793
|move|p2a: Forretress|Explosion|p1a: Pantheon 5
|-damage|p1a: Pantheon 5|0 fnt
|faint|p2a: Forretress
|faint|p1a: Pantheon 5
|-end|p1a: Pantheon 5|Quark Drive|[silent]
|
|upkeep
|inactive|thri-keen has 120 seconds left.
|
|t:|1769338827
|switch|p1a: Nah I'd spin|Great Tusk|100/100
|switch|p2a: Ceruledge|Ceruledge, M|100/100
|turn|7
|inactive|thri-keen has 120 seconds left.
|
|t:|1769338834
|move|p1a: Nah I'd spin|Stealth Rock|p2a: Ceruledge
|-sidestart|p2: thri-keen|move: Stealth Rock
|move|p2a: Ceruledge|Swords Dance|p2a: Ceruledge
|-boost|p2a: Ceruledge|atk|2
|
|upkeep
|turn|8
|
|t:|1769338840
|move|p2a: Ceruledge|Endure|p2a: Ceruledge
|-singleturn|p2a: Ceruledge|move: Endure
|move|p1a: Nah I'd spin|Headlong Rush|p2a: Ceruledge
|-supereffective|p2a: Ceruledge
|-activate|p2a: Ceruledge|move: Endure
|-damage|p2a: Ceruledge|1/100
|-unboost|p1a: Nah I'd spin|def|1
|-unboost|p1a: Nah I'd spin|spd|1
|-ability|p2a: Ceruledge|Weak Armor|boost
|-unboost|p2a: Ceruledge|def|1
|-boost|p2a: Ceruledge|spe|2
|-enditem|p2a: Ceruledge|Liechi Berry|[eat]
|-boost|p2a: Ceruledge|atk|1|[from] item: Liechi Berry
|
|upkeep
|turn|9
|
|t:|1769338854
|move|p2a: Ceruledge|Bitter Blade|p1a: Nah I'd spin
|-damage|p1a: Nah I'd spin|0 fnt
|-heal|p2a: Ceruledge|75/100|[from] drain|[of] p1a: Nah I'd spin
|faint|p1a: Nah I'd spin
|-end|p1a: Nah I'd spin|Protosynthesis|[silent]
|
|upkeep
|
|t:|1769338857
|switch|p1a: Please Learn Scald|Primarina, M|100/100
|turn|10
|inactive|thri-keen has 120 seconds left.
|c|☆thri-keen|Bro I love these names!
|
|t:|1769338883
|move|p2a: Ceruledge|Shadow Claw|p1a: Please Learn Scald
|-damage|p1a: Please Learn Scald|0 fnt
|faint|p1a: Please Learn Scald
|
|upkeep
|
|t:|1769338888
|switch|p1a: Cheese String Man|Gholdengo|100/100
|turn|11
|inactive|thri-keen has 120 seconds left.
|
|t:|1769338900
|-terastallize|p1a: Cheese String Man|Water
|move|p2a: Ceruledge|Bitter Blade|p1a: Cheese String Man
|-resisted|p1a: Cheese String Man
|-damage|p1a: Cheese String Man|39/100
|-heal|p2a: Ceruledge|100/100|[from] drain|[of] p1a: Cheese String Man
|move|p1a: Cheese String Man|Shadow Ball|p2a: Ceruledge
|-supereffective|p2a: Ceruledge
|-damage|p2a: Ceruledge|2/100
|-unboost|p2a: Ceruledge|spd|1
|
|-heal|p1a: Cheese String Man|45/100|[from] item: Leftovers
|upkeep
|turn|12
|inactive|thri-keen has 120 seconds left.
|
|t:|1769338917
|move|p2a: Ceruledge|Bitter Blade|p1a: Cheese String Man
|-resisted|p1a: Cheese String Man
|-damage|p1a: Cheese String Man|0 fnt
|-heal|p2a: Ceruledge|26/100|[from] drain|[of] p1a: Cheese String Man
|faint|p1a: Cheese String Man
|
|upkeep
|
|t:|1769338924
|switch|p1a: Going all out|Hydrapple, F|64/100
|turn|13
|
|t:|1769338930
|move|p2a: Ceruledge|Bitter Blade|p1a: Going all out
|-damage|p1a: Going all out|0 fnt
|-heal|p2a: Ceruledge|71/100|[from] drain|[of] p1a: Going all out
|faint|p1a: Going all out
|
|win|thri-keen
|raw|Bilalman's rating: 1212 &rarr; <strong>1187</strong><br />(-25 for losing)
|raw|thri-keen's rating: 1208 &rarr; <strong>1233</strong><br />(+25 for winning)
|l|☆Bilalman
|player|p1|
|l|☆thri-keen
|player|p2|
