|j|☆flygonisdragon
|j|☆Truffle buddah
|t:|1769304413
|gametype|singles
|player|p1|flygonisdragon|alder|1584
|player|p2|Truffle buddah|li|1631
|gen|9
|tier|[Gen 9] OU
|rated|
|rule|HP Percentage Mod: HP is shown in percentages
|rule|Endless Battle Clause: Forcing endless battles is banned
|rule|Species Clause: Limit one of each Pokémon
|rule|OHKO Clause: OHKO moves are banned
|rule|Evasion Items Clause: Evasion items are banned
|rule|Evasion Moves Clause: Evasion moves are banned
|rule|Evasion Abilities Clause: Evasion abilities are banned
|rule|Sleep Moves Clause: Sleep-inducing moves are banned
|clearpoke
|poke|p1|Meloetta|
|poke|p1|Volcanion|
|poke|p1|Kyurem|
|poke|p1|Kommo-o, M|
|poke|p1|Hatterene, F|
|poke|p1|Cinderace, M|
|poke|p2|Bronzong|
|poke|p2|Hydrapple, M|
|poke|p2|Excadrill, M|
|poke|p2|Hippowdon, F|
|poke|p2|Iron Moth|
|poke|p2|Mandibuzz, F|
|teampreview
|
|t:|1769304437
|teamsize|p1|6
|teamsize|p2|6
|start
|switch|p1a: Volcanion|Volcanion|100/100
|switch|p2a: Iron Moth|Iron Moth|100/100
|turn|1
|
|t:|1769304478
|switch|p1a: Meloetta|Meloetta|100/100
|move|p2a: Iron Moth|U-turn|p1a: Meloetta
|-supereffective|p1a: Meloetta
|-damage|p1a: Meloetta|74/100
|
|t:|1769304488
|-end|p2a: Iron Moth|Quark Drive|[silent]
|switch|p2a: Mandibuzz|Mandibuzz, F|100/100|[from] U-turn
|
|upkeep
|turn|2
|
|t:|1769304503
|switch|p1a: Volcanion|Volcanion|100/100
|move|p2a: Mandibuzz|U-turn|p1a: Volcanion
|-resisted|p1a: Volcanion
|-damage|p1a: Volcanion|96/100
|
|t:|1769304511
|switch|p2a: Hippowdon|Hippowdon, F|100/100|[from] U-turn
|-weather|Sandstorm|[from] ability: Sand Stream|[of] p2a: Hippowdon
|
|-weather|Sandstorm|[upkeep]
|-damage|p1a: Volcanion|90/100|[from] Sandstorm
|upkeep
|turn|3
|
|t:|1769304513
|switch|p2a: Mandibuzz|Mandibuzz, F|100/100
|move|p1a: Volcanion|Steam Eruption|p2a: Mandibuzz
|-damage|p2a: Mandibuzz|41/100
|
|-weather|Sandstorm|[upkeep]
|-damage|p1a: Volcanion|84/100|[from] Sandstorm
|upkeep
|turn|4
|
|t:|1769304518
|switch|p2a: Hydrapple|Hydrapple, M|100/100
|move|p1a: Volcanion|Steam Eruption|p2a: Hydrapple
|-resisted|p2a: Hydrapple
|-damage|p2a: Hydrapple|79/100
|
|-weather|Sandstorm|[upkeep]
|-damage|p1a: Volcanion|78/100|[from] Sandstorm
|-damage|p2a: Hydrapple|73/100|[from] Sandstorm
|upkeep
|turn|5
|
|t:|1769304524
|switch|p1a: Meloetta|Meloetta|74/100
|move|p2a: Hydrapple|Giga Drain|p1a: Meloetta
|-damage|p1a: Meloetta|51/100
|-heal|p2a: Hydrapple|84/100|[from] drain|[of] p1a: Meloetta
|-damage|p2a: Hydrapple|74/100|[from] item: Life Orb
|
|-weather|Sandstorm|[upkeep]
|-damage|p1a: Meloetta|45/100|[from] Sandstorm
|-damage|p2a: Hydrapple|68/100|[from] Sandstorm
|upkeep
|turn|6
|
|t:|1769304528
|switch|p2a: Mandibuzz|Mandibuzz, F|41/100
|move|p1a: Meloetta|Relic Song|p2a: Mandibuzz
|-damage|p2a: Mandibuzz|21/100
|-formechange|p1a: Meloetta|Meloetta-Pirouette|[msg]
|
|-weather|none
|upkeep
|turn|7
|
|t:|1769304534
|move|p1a: Meloetta|Close Combat|p2a: Mandibuzz
|-damage|p2a: Mandibuzz|0 fnt
|-unboost|p1a: Meloetta|def|1
|-unboost|p1a: Meloetta|spd|1
|faint|p2a: Mandibuzz
|
|upkeep
|
|t:|1769304547
|switch|p2a: Hippowdon|Hippowdon, F|100/100
|-weather|Sandstorm|[from] ability: Sand Stream|[of] p2a: Hippowdon
|turn|8
|
|t:|1769304558
|switch|p1a: Hatterene|Hatterene, F|100/100
|move|p2a: Hippowdon|Earthquake|p1a: Hatterene
|-damage|p1a: Hatterene|57/100
|
|-weather|Sandstorm|[upkeep]
|-damage|p1a: Hatterene|51/100|[from] Sandstorm
|upkeep
|turn|9
|
|t:|1769304579
|switch|p2a: Bronzong|Bronzong|100/100
|move|p1a: Hatterene|Draining Kiss|p2a: Bronzong
|-resisted|p2a: Bronzong
|-damage|p2a: Bronzong|92/100
|-heal|p1a: Hatterene|58/100|[from] drain|[of] p2a: Bronzong
|
|-weather|Sandstorm|[upkeep]
|-damage|p1a: Hatterene|52/100|[from] Sandstorm
|-heal|p2a: Bronzong|98/100|[from] item: Leftovers
|upkeep
|turn|10
|
|t:|1769304585
|switch|p1a: Volcanion|Volcanion|78/100
|move|p2a: Bronzong|Heavy Slam|p1a: Volcanion
|-resisted|p1a: Volcanion
|-damage|p1a: Volcanion|75/100
|
|-weather|Sandstorm|[upkeep]
|-damage|p1a: Volcanion|69/100|[from] Sandstorm
|-heal|p2a: Bronzong|100/100|[from] item: Leftovers
|upkeep
|turn|11
|
|t:|1769304590
|switch|p2a: Iron Moth|Iron Moth|100/100
|move|p1a: Volcanion|Flamethrower|p2a: Iron Moth
|-resisted|p2a: Iron Moth
|-damage|p2a: Iron Moth|63/100
|
|-weather|Sandstorm|[upkeep]
|-damage|p2a: Iron Moth|57/100|[from] Sandstorm
|-damage|p1a: Volcanion|63/100|[from] Sandstorm
|upkeep
|turn|12
|
|t:|1769304605
|move|p2a: Iron Moth|Toxic Spikes|p1a: Volcanion
|-sidestart|p1: flygonisdragon|move: Toxic Spikes
|move|p1a: Volcanion|Flamethrower|p2a: Iron Moth
|-resisted|p2a: Iron Moth
|-damage|p2a: Iron Moth|19/100
|
|-weather|none
|upkeep
|turn|13
|
|t:|1769304613
|move|p2a: Iron Moth|Sludge Wave|p1a: Volcanion
|-damage|p1a: Volcanion|0 fnt
|faint|p1a: Volcanion
|
|upkeep
|
|t:|1769304615
|switch|p1a: Cinderace|Cinderace, M|100/100
|turn|14
|
|t:|1769304619
|move|p1a: Cinderace|Pyro Ball|p2a: Iron Moth|[miss]
|-miss|p1a: Cinderace|p2a: Iron Moth
|move|p2a: Iron Moth|Sludge Wave|p1a: Cinderace
|-damage|p1a: Cinderace|37/100
|
|upkeep
|turn|15
|
|t:|1769304627
|move|p1a: Cinderace|Pyro Ball|p2a: Iron Moth
|-resisted|p2a: Iron Moth
|-damage|p2a: Iron Moth|0 fnt
|faint|p2a: Iron Moth
|-end|p2a: Iron Moth|Quark Drive|[silent]
|
|upkeep
|
|t:|1769304633
|switch|p2a: Hippowdon|Hippowdon, F|100/100
|-weather|Sandstorm|[from] ability: Sand Stream|[of] p2a: Hippowdon
|turn|16
|
|t:|1769304637
|move|p1a: Cinderace|Court Change|p1a: Cinderace
|-swapsideconditions
|-activate|p1a: Cinderace|move: Court Change
|move|p2a: Hippowdon|Earthquake|p1a: Cinderace
|-supereffective|p1a: Cinderace
|-damage|p1a: Cinderace|0 fnt
|faint|p1a: Cinderace
|
|-weather|Sandstorm|[upkeep]
|upkeep
|
|t:|1769304660
|switch|p1a: Kyurem|Kyurem|100/100
|-ability|p1a: Kyurem|Pressure
|turn|17
|
|t:|1769304664
|switch|p2a: Bronzong|Bronzong|100/100
|move|p1a: Kyurem|Substitute|p1a: Kyurem
|-start|p1a: Kyurem|Substitute
|-damage|p1a: Kyurem|75/100
|
|-weather|Sandstorm|[upkeep]
|-damage|p1a: Kyurem|69/100|[from] Sandstorm
|-heal|p1a: Kyurem|75/100|[from] item: Leftovers
|upkeep
|turn|18
|
|t:|1769304670
|move|p1a: Kyurem|Freeze-Dry|p2a: Bronzong
|-resisted|p2a: Bronzong
|-damage|p2a: Bronzong|89/100
|move|p2a: Bronzong|Psychic Noise|p1a: Kyurem
|-damage|p1a: Kyurem|54/100
|-start|p1a: Kyurem|move: Heal Block
|
|-weather|Sandstorm|[upkeep]
|-damage|p1a: Kyurem|48/100|[from] Sandstorm
|-heal|p2a: Bronzong|95/100|[from] item: Leftovers
|upkeep
|turn|19
|
|t:|1769304682
|switch|p1a: Meloetta|Meloetta|45/100
|move|p2a: Bronzong|Heavy Slam|p1a: Meloetta
|-damage|p1a: Meloetta|4/100
|
|-weather|Sandstorm|[upkeep]
|-damage|p1a: Meloetta|0 fnt|[from] Sandstorm
|faint|p1a: Meloetta
|-heal|p2a: Bronzong|100/100|[from] item: Leftovers
|upkeep
|
|t:|1769304706
|switch|p1a: Kommo-o|Kommo-o, M|100/100
|turn|20
|
|t:|1769304712
|-terastallize|p1a: Kommo-o|Normal
|move|p1a: Kommo-o|Clangorous Soul|p1a: Kommo-o
|-boost|p1a: Kommo-o|atk|1
|-boost|p1a: Kommo-o|def|1
|-boost|p1a: Kommo-o|spa|1
|-boost|p1a: Kommo-o|spd|1
|-boost|p1a: Kommo-o|spe|1
|-damage|p1a: Kommo-o|68/100
|-enditem|p1a: Kommo-o|Throat Spray
|-boost|p1a: Kommo-o|spa|1|[from] item: Throat Spray
|move|p2a: Bronzong|Psychic Noise|p1a: Kommo-o
|-damage|p1a: Kommo-o|52/100
|-start|p1a: Kommo-o|move: Heal Block
|
|-weather|none
|upkeep
|turn|21
|
|t:|1769304721
|move|p1a: Kommo-o|Flamethrower|p2a: Bronzong
|-supereffective|p2a: Bronzong
|-damage|p2a: Bronzong|29/100
|move|p2a: Bronzong|Body Press|p1a: Kommo-o
|-supereffective|p1a: Kommo-o
|-damage|p1a: Kommo-o|24/100
|
|-heal|p2a: Bronzong|36/100|[from] item: Leftovers
|-end|p1a: Kommo-o|move: Heal Block
|upkeep
|turn|22
|
|t:|1769304740
|switch|p2a: Hippowdon|Hippowdon, F|100/100
|-status|p2a: Hippowdon|psn
|-weather|Sandstorm|[from] ability: Sand Stream|[of] p2a: Hippowdon
|move|p1a: Kommo-o|Flamethrower|p2a: Hippowdon
|-damage|p2a: Hippowdon|45/100 psn
|
|-weather|Sandstorm|[upkeep]
|-damage|p1a: Kommo-o|17/100|[from] Sandstorm
|-heal|p2a: Hippowdon|51/100 psn|[from] item: Leftovers
|-damage|p2a: Hippowdon|39/100 psn|[from] psn
|upkeep
|turn|23
|
|t:|1769304752
|move|p1a: Kommo-o|Flamethrower|p2a: Hippowdon
|-damage|p2a: Hippowdon|0 fnt
|faint|p2a: Hippowdon
|
|-weather|Sandstorm|[upkeep]
|-damage|p1a: Kommo-o|11/100|[from] Sandstorm
|upkeep
|
|t:|1769304756
|switch|p2a: Excadrill|Excadrill, M|100/100
|turn|24
|
|t:|1769304787
|move|p2a: Excadrill|Earthquake|p1a: Kommo-o
|-damage|p1a: Kommo-o|0 fnt
|faint|p1a: Kommo-o
|
|-weather|Sandstorm|[upkeep]
|upkeep
|
|t:|1769304794
|switch|p1a: Kyurem|Kyurem|48/100
|-ability|p1a: Kyurem|Pressure
|turn|25
|
|t:|1769304797
|-terastallize|p2a: Excadrill|Ground
|move|p1a: Kyurem|Protect|p1a: Kyurem
|-singleturn|p1a: Kyurem|Protect
|move|p2a: Excadrill|Earthquake|p1a: Kyurem
|-activate|p1a: Kyurem|move: Protect
|
|-weather|Sandstorm|[upkeep]
|-damage|p1a: Kyurem|42/100|[from] Sandstorm
|-heal|p1a: Kyurem|48/100|[from] item: Leftovers
|upkeep
|turn|26
|
|t:|1769304806
|switch|p1a: Hatterene|Hatterene, F|52/100
|move|p2a: Excadrill|Earthquake|p1a: Hatterene
|-damage|p1a: Hatterene|0 fnt
|faint|p1a: Hatterene
|
|-weather|none
|upkeep
|
|t:|1769304808
|switch|p1a: Kyurem|Kyurem|48/100
|-ability|p1a: Kyurem|Pressure
|turn|27
|
|t:|1769304813
|move|p1a: Kyurem|Protect|p1a: Kyurem
|-singleturn|p1a: Kyurem|Protect
|move|p2a: Excadrill|Earthquake|p1a: Kyurem
|-activate|p1a: Kyurem|move: Protect
|
|-heal|p1a: Kyurem|54/100|[from] item: Leftovers
|upkeep
|turn|28
|
|t:|1769304822
|move|p1a: Kyurem|Substitute|p1a: Kyurem
|-start|p1a: Kyurem|Substitute
|-damage|p1a: Kyurem|29/100
|move|p2a: Excadrill|Earthquake|p1a: Kyurem
|-end|p1a: Kyurem|Substitute
|
|-heal|p1a: Kyurem|35/100|[from] item: Leftovers
|upkeep
|turn|29
|
|t:|1769304827
|move|p1a: Kyurem|Protect|p1a: Kyurem
|-singleturn|p1a: Kyurem|Protect
|move|p2a: Excadrill|Earthquake|p1a: Kyurem
|-activate|p1a: Kyurem|move: Protect
|
|-heal|p1a: Kyurem|41/100|[from] item: Leftovers
|upkeep
|turn|30
|
|t:|1769304837
|move|p1a: Kyurem|Substitute|p1a: Kyurem
|-start|p1a: Kyurem|Substitute
|-damage|p1a: Kyurem|16/100
|move|p2a: Excadrill|Substitute|p2a: Excadrill
|-start|p2a: Excadrill|Substitute
|-damage|p2a: Excadrill|76/100
|
|-heal|p1a: Kyurem|23/100|[from] item: Leftovers
|-heal|p2a: Excadrill|82/100|[from] item: Leftovers
|upkeep
|turn|31
|
|t:|1769304844
|move|p1a: Kyurem|Freeze-Dry|p2a: Excadrill
|-supereffective|p2a: Excadrill
|-end|p2a: Excadrill|Substitute
|move|p2a: Excadrill|Rapid Spin|p1a: Kyurem
|-activate|p1a: Kyurem|move: Substitute|[damage]
|-sideend|p2: Truffle buddah|Toxic Spikes|[from] move: Rapid Spin|[of] p2a: Excadrill
|-boost|p2a: Excadrill|spe|1
|
|-heal|p2a: Excadrill|88/100|[from] item: Leftovers
|-heal|p1a: Kyurem|29/100|[from] item: Leftovers
|upkeep
|turn|32
|
|t:|1769304853
|move|p2a: Excadrill|Substitute|p2a: Excadrill
|-start|p2a: Excadrill|Substitute
|-damage|p2a: Excadrill|63/100
|move|p1a: Kyurem|Freeze-Dry|p2a: Excadrill
|-supereffective|p2a: Excadrill
|-end|p2a: Excadrill|Substitute
|
|-heal|p2a: Excadrill|69/100|[from] item: Leftovers
|-heal|p1a: Kyurem|35/100|[from] item: Leftovers
|upkeep
|turn|33
|
|t:|1769304856
|move|p2a: Excadrill|Earthquake|p1a: Kyurem
|-end|p1a: Kyurem|Substitute
|move|p1a: Kyurem|Freeze-Dry|p2a: Excadrill
|-supereffective|p2a: Excadrill
|-damage|p2a: Excadrill|0 fnt
|faint|p2a: Excadrill
|
|-heal|p1a: Kyurem|41/100|[from] item: Leftovers
|upkeep
|
|t:|1769304857
|switch|p2a: Bronzong|Bronzong|36/100
|turn|34
|
|t:|1769304867
|move|p1a: Kyurem|Freeze-Dry|p2a: Bronzong
|-resisted|p2a: Bronzong
|-damage|p2a: Bronzong|23/100
|move|p2a: Bronzong|Body Press|p1a: Kyurem
|-supereffective|p1a: Kyurem
|-damage|p1a: Kyurem|2/100
|
|-heal|p1a: Kyurem|8/100|[from] item: Leftovers
|-heal|p2a: Bronzong|29/100|[from] item: Leftovers
|upkeep
|turn|35
|
|t:|1769304876
|move|p1a: Kyurem|Freeze-Dry|p2a: Bronzong
|-resisted|p2a: Bronzong
|-damage|p2a: Bronzong|18/100
|-status|p2a: Bronzong|frz
|cant|p2a: Bronzong|frz
|
|-heal|p1a: Kyurem|14/100|[from] item: Leftovers
|-heal|p2a: Bronzong|24/100 frz|[from] item: Leftovers
|upkeep
|turn|36
|
|t:|1769304880
|move|p1a: Kyurem|Freeze-Dry|p2a: Bronzong
|-resisted|p2a: Bronzong
|-damage|p2a: Bronzong|12/100 frz
|cant|p2a: Bronzong|frz
|
|-heal|p1a: Kyurem|21/100|[from] item: Leftovers
|-heal|p2a: Bronzong|18/100 frz|[from] item: Leftovers
|upkeep
|turn|37
|
|t:|1769304883
|move|p1a: Kyurem|Freeze-Dry|p2a: Bronzong
|-resisted|p2a: Bronzong
|-crit|p2a: Bronzong
|-damage|p2a: Bronzong|2/100 frz
|cant|p2a: Bronzong|frz
|
|-heal|p1a: Kyurem|27/100|[from] item: Leftovers
|-heal|p2a: Bronzong|8/100 frz|[from] item: Leftovers
|upkeep
|turn|38
|c|☆Truffle buddah|Love it
|
|t:|1769304897
|move|p1a: Kyurem|Freeze-Dry|p2a: Bronzong
|-resisted|p2a: Bronzong
|-damage|p2a: Bronzong|0 fnt
|faint|p2a: Bronzong
|
|-heal|p1a: Kyurem|33/100|[from] item: Leftovers
|upkeep
|
|t:|1769304899
|switch|p2a: Hydrapple|Hydrapple, M|100/100
|turn|39
|
|t:|1769304906
|move|p1a: Kyurem|Protect|p1a: Kyurem
|-singleturn|p1a: Kyurem|Protect
|move|p2a: Hydrapple|Draco Meteor|p1a: Kyurem
|-activate|p1a: Kyurem|move: Protect
|
|-heal|p1a: Kyurem|39/100|[from] item: Leftovers
|upkeep
|turn|40
|
|t:|1769304910
|move|p1a: Kyurem|Freeze-Dry|p2a: Hydrapple
|-supereffective|p2a: Hydrapple
|-damage|p2a: Hydrapple|0 fnt
|faint|p2a: Hydrapple
|
|win|flygonisdragon
|raw|flygonisdragon's rating: 1584 &rarr; <strong>1607</strong><br />(+23 for winning)
|raw|Truffle buddah's rating: 1631 &rarr; <strong>1608</strong><br />(-23 for losing)
|l|☆Truffle buddah
|player|p2|
|l|☆flygonisdragon
|player|p1|
