|j|‽infp-cryboy
|j|☆Bug catcher5556
|t:|1769439401
|gametype|singles
|player|p1|infp-cryboy|idol|1101
|player|p2|Bug catcher5556|bugcatcher-gen4dp|1073
|gen|9
|tier|[Gen 9] OU
|rated|
|rule|HP Percentage Mod: HP is shown in percentages
|rule|Endless Battle Clause: Forcing endless battles is banned
|rule|Species Clause: Limit one of each Pokémon
|rule|OHKO Clause: OHKO moves are banned
|rule|Evasion Items Clause: Evasion items are banned
|rule|Evasion Moves Clause: Evasion moves are banned
|rule|Evasion Abilities Clause: Evasion abilities are banned
|rule|Sleep Moves Clause: Sleep-inducing moves are banned
|clearpoke
|poke|p1|Jirachi|
|poke|p1|Espeon, F|
|poke|p1|Whimsicott, M|
|poke|p1|Rhydon, F|
|poke|p1|Reuniclus, M|
|poke|p1|Kingdra, F|
|poke|p2|Lokix, F|
|poke|p2|Scizor, M|
|poke|p2|Slither Wing|
|poke|p2|Araquanid, M|
|poke|p2|Azumarill, F|
|poke|p2|Masquerain, M|
|teampreview
|inactive|Battle timer is ON: inactive players will automatically lose when time's up. (requested by infp-cryboy)
|
|t:|1769439407
|teamsize|p1|6
|teamsize|p2|6
|start
|switch|p1a: Espeon|Espeon, F|100/100
|switch|p2a: Masquerain|Masquerain, M|100/100
|-ability|p2a: Masquerain|Intimidate|boost
|-unboost|p1a: Espeon|atk|1
|turn|1
|
|t:|1769439414
|-terastallize|p2a: Masquerain|Dark
|move|p1a: Espeon|Trick|p2a: Masquerain
|-activate|p1a: Espeon|move: Trick|[of] p2a: Masquerain
|-item|p2a: Masquerain|Choice Scarf|[from] move: Trick
|-item|p1a: Espeon|Focus Sash|[from] move: Trick
|move|p2a: Masquerain|Sticky Web|p1a: Espeon
|move|p1a: Espeon|Sticky Web|p2a: Masquerain|[from] ability: Magic Bounce
|-sidestart|p2: Bug catcher5556|move: Sticky Web
|
|upkeep
|turn|2
|
|t:|1769439426
|switch|p2a: Lokix|Lokix, F|100/100
|-activate|p2a: Lokix|move: Sticky Web
|-unboost|p2a: Lokix|spe|1
|move|p1a: Espeon|Thunder Wave|p2a: Lokix
|-status|p2a: Lokix|par
|
|upkeep
|turn|3
|
|t:|1769439434
|cant|p2a: Lokix|par
|move|p1a: Espeon|Charm|p2a: Lokix
|-unboost|p2a: Lokix|atk|2
|
|upkeep
|turn|4
|
|t:|1769439440
|switch|p2a: Masquerain|Masquerain, M, tera:Dark|100/100
|-activate|p2a: Masquerain|move: Sticky Web
|-unboost|p2a: Masquerain|spe|1
|-ability|p2a: Masquerain|Intimidate|boost
|-unboost|p1a: Espeon|atk|1
|move|p1a: Espeon|Charm|p2a: Masquerain
|-unboost|p2a: Masquerain|atk|2
|
|upkeep
|turn|5
|
|t:|1769439448
|move|p1a: Espeon|Charm|p2a: Masquerain
|-unboost|p2a: Masquerain|atk|2
|move|p2a: Masquerain|Sticky Web|p1a: Espeon
|move|p1a: Espeon|Sticky Web||[from] ability: Magic Bounce|[still]
|-fail|p1a: Espeon
|
|upkeep
|turn|6
|
|t:|1769439455
|move|p1a: Espeon|Charm|p2a: Masquerain
|-unboost|p2a: Masquerain|atk|2
|move|p2a: Masquerain|Sticky Web|p1a: Espeon
|move|p1a: Espeon|Sticky Web||[from] ability: Magic Bounce|[still]
|-fail|p1a: Espeon
|
|upkeep
|turn|7
|
|t:|1769439462
|switch|p2a: Lokix|Lokix, F|100/100 par
|-activate|p2a: Lokix|move: Sticky Web
|-unboost|p2a: Lokix|spe|1
|move|p1a: Espeon|Thunder Wave|p2a: Lokix
|-fail|p2a: Lokix|par
|
|upkeep
|turn|8
|
|t:|1769439471
|move|p2a: Lokix|First Impression|p1a: Espeon
|-supereffective|p1a: Espeon
|-enditem|p1a: Espeon|Focus Sash
|-damage|p1a: Espeon|1/100
|move|p1a: Espeon|Charm|p2a: Lokix
|-unboost|p2a: Lokix|atk|2
|
|upkeep
|turn|9
|
|t:|1769439476
|switch|p2a: Masquerain|Masquerain, M, tera:Dark|100/100
|-activate|p2a: Masquerain|move: Sticky Web
|-unboost|p2a: Masquerain|spe|1
|-ability|p2a: Masquerain|Intimidate|boost
|-unboost|p1a: Espeon|atk|1
|move|p1a: Espeon|Charm|p2a: Masquerain
|-unboost|p2a: Masquerain|atk|2
|
|upkeep
|turn|10
|
|t:|1769439483
|move|p1a: Espeon|Charm|p2a: Masquerain
|-unboost|p2a: Masquerain|atk|2
|move|p2a: Masquerain|Haze|p2a: Masquerain
|-clearallboost
|
|upkeep
|turn|11
|
|t:|1769439490
|switch|p2a: Lokix|Lokix, F|100/100 par
|-activate|p2a: Lokix|move: Sticky Web
|-unboost|p2a: Lokix|spe|1
|move|p1a: Espeon|Thunder Wave|p2a: Lokix
|-fail|p2a: Lokix|par
|
|upkeep
|turn|12
|
|t:|1769439496
|move|p2a: Lokix|First Impression|p1a: Espeon
|-supereffective|p1a: Espeon
|-damage|p1a: Espeon|0 fnt
|faint|p1a: Espeon
|
|upkeep
|
|t:|1769439501
|switch|p1a: Kingdra|Kingdra, F|100/100
|turn|13
|
|t:|1769439505
|switch|p2a: Masquerain|Masquerain, M, tera:Dark|100/100
|-activate|p2a: Masquerain|move: Sticky Web
|-unboost|p2a: Masquerain|spe|1
|-ability|p2a: Masquerain|Intimidate|boost
|-unboost|p1a: Kingdra|atk|1
|move|p1a: Kingdra|Agility|p1a: Kingdra
|-boost|p1a: Kingdra|spe|2
|
|upkeep
|turn|14
|
|t:|1769439516
|move|p1a: Kingdra|Focus Energy|p1a: Kingdra
|-start|p1a: Kingdra|move: Focus Energy
|move|p2a: Masquerain|Haze|p2a: Masquerain
|-clearallboost
|
|upkeep
|turn|15
|
|t:|1769439525
|switch|p2a: Scizor|Scizor, M|100/100
|-activate|p2a: Scizor|move: Sticky Web
|-unboost|p2a: Scizor|spe|1
|move|p1a: Kingdra|Agility|p1a: Kingdra
|-boost|p1a: Kingdra|spe|2
|
|upkeep
|turn|16
|
|t:|1769439529
|move|p1a: Kingdra|Draco Meteor|p2a: Scizor
|-resisted|p2a: Scizor
|-crit|p2a: Scizor
|-damage|p2a: Scizor|5/100
|-unboost|p1a: Kingdra|spa|2
|move|p2a: Scizor|Tailwind|p2a: Scizor
|-sidestart|p2: Bug catcher5556|move: Tailwind
|
|upkeep
|turn|17
|
|t:|1769439538
|move|p1a: Kingdra|Agility|p1a: Kingdra
|-boost|p1a: Kingdra|spe|2
|move|p2a: Scizor|Dual Wingbeat|p1a: Kingdra
|-damage|p1a: Kingdra|77/100
|-damage|p1a: Kingdra|54/100
|-hitcount|p1a: Kingdra|2
|
|upkeep
|turn|18
|
|t:|1769439545
|move|p1a: Kingdra|Draco Meteor|p2a: Scizor
|-resisted|p2a: Scizor
|-crit|p2a: Scizor
|-damage|p2a: Scizor|0 fnt
|-unboost|p1a: Kingdra|spa|2
|faint|p2a: Scizor
|
|upkeep
|
|t:|1769439555
|switch|p2a: Masquerain|Masquerain, M, tera:Dark|100/100
|-activate|p2a: Masquerain|move: Sticky Web
|-unboost|p2a: Masquerain|spe|1
|-ability|p2a: Masquerain|Intimidate|boost
|-unboost|p1a: Kingdra|atk|1
|turn|19
|
|t:|1769439559
|move|p1a: Kingdra|Draco Meteor|p2a: Masquerain
|-crit|p2a: Masquerain
|-damage|p2a: Masquerain|0 fnt
|-unboost|p1a: Kingdra|spa|2
|faint|p2a: Masquerain
|
|-sideend|p2: Bug catcher5556|move: Tailwind
|upkeep
|
|t:|1769439572
|switch|p2a: Slither Wing|Slither Wing|100/100
|-activate|p2a: Slither Wing|move: Sticky Web
|-unboost|p2a: Slither Wing|spe|1
|turn|20
|
|t:|1769439578
|move|p2a: Slither Wing|First Impression|p1a: Kingdra
|-damage|p1a: Kingdra|5/100
|move|p1a: Kingdra|Draco Meteor|p2a: Slither Wing
|-crit|p2a: Slither Wing
|-damage|p2a: Slither Wing|0 fnt
|faint|p2a: Slither Wing
|-end|p2a: Slither Wing|Protosynthesis|[silent]
|
|upkeep
|
|t:|1769439581
|switch|p2a: Lokix|Lokix, F|100/100 par
|-activate|p2a: Lokix|move: Sticky Web
|-unboost|p2a: Lokix|spe|1
|turn|21
|
|t:|1769439588
|move|p2a: Lokix|Sucker Punch|p1a: Kingdra
|-damage|p1a: Kingdra|0 fnt
|faint|p1a: Kingdra
|
|upkeep
|
|t:|1769439596
|switch|p1a: Rhydon|Rhydon, F|100/100
|turn|22
|
|t:|1769439608
|switch|p2a: Azumarill|Azumarill, F|100/100
|-activate|p2a: Azumarill|move: Sticky Web
|-unboost|p2a: Azumarill|spe|1
|-terastallize|p1a: Rhydon|Water
|move|p1a: Rhydon|Rock Polish|p1a: Rhydon
|-boost|p1a: Rhydon|spe|2
|
|upkeep
|turn|23
|
|t:|1769439613
|move|p1a: Rhydon|Swords Dance|p1a: Rhydon
|-boost|p1a: Rhydon|atk|2
|move|p2a: Azumarill|Play Rough|p1a: Rhydon
|-damage|p1a: Rhydon|69/100
|
|upkeep
|turn|24
|
|t:|1769439618
|move|p1a: Rhydon|Swords Dance|p1a: Rhydon
|-boost|p1a: Rhydon|atk|2
|move|p2a: Azumarill|Play Rough|p1a: Rhydon
|-damage|p1a: Rhydon|40/100
|
|upkeep
|turn|25
|
|t:|1769439622
|move|p2a: Azumarill|Aqua Jet|p1a: Rhydon
|-resisted|p1a: Rhydon
|-damage|p1a: Rhydon|33/100
|move|p1a: Rhydon|Earthquake|p2a: Azumarill
|-damage|p2a: Azumarill|0 fnt
|faint|p2a: Azumarill
|
|upkeep
|
|t:|1769439625
|switch|p2a: Lokix|Lokix, F|100/100 par
|-activate|p2a: Lokix|move: Sticky Web
|-unboost|p2a: Lokix|spe|1
|turn|26
|
|t:|1769439633
|cant|p2a: Lokix|par
|move|p1a: Rhydon|Earthquake|p2a: Lokix
|-resisted|p2a: Lokix
|-crit|p2a: Lokix
|-damage|p2a: Lokix|0 fnt
|faint|p2a: Lokix
|
|upkeep
|
|t:|1769439635
|switch|p2a: Araquanid|Araquanid, M|100/100
|-activate|p2a: Araquanid|move: Sticky Web
|-unboost|p2a: Araquanid|spe|1
|turn|27
|
|t:|1769439638
|move|p1a: Rhydon|Earthquake|p2a: Araquanid
|-resisted|p2a: Araquanid
|-damage|p2a: Araquanid|16/100
|move|p2a: Araquanid|Liquidation|p1a: Rhydon
|-resisted|p1a: Rhydon
|-crit|p1a: Rhydon
|-damage|p1a: Rhydon|0 fnt
|faint|p1a: Rhydon
|
|upkeep
|
|t:|1769439646
|switch|p1a: Whimsicott|Whimsicott, M|100/100
|turn|28
|
|t:|1769439648
|move|p1a: Whimsicott|Leech Seed|p2a: Araquanid|[miss]
|-miss|p1a: Whimsicott|p2a: Araquanid
|move|p2a: Araquanid|Liquidation|p1a: Whimsicott
|-resisted|p1a: Whimsicott
|-damage|p1a: Whimsicott|44/100
|
|-heal|p1a: Whimsicott|50/100|[from] item: Leftovers
|upkeep
|turn|29
|
|t:|1769439651
|move|p1a: Whimsicott|Leech Seed|p2a: Araquanid
|-start|p2a: Araquanid|move: Leech Seed
|move|p2a: Araquanid|Liquidation|p1a: Whimsicott
|-resisted|p1a: Whimsicott
|-damage|p1a: Whimsicott|0 fnt
|faint|p1a: Whimsicott
|
|upkeep
|
|t:|1769439658
|switch|p1a: Reuniclus|Reuniclus, M|100/100
|turn|30
|
|t:|1769439661
|move|p2a: Araquanid|Liquidation|p1a: Reuniclus
|-damage|p1a: Reuniclus|20/100
|move|p1a: Reuniclus|Acid Armor|p1a: Reuniclus
|-boost|p1a: Reuniclus|def|2
|
|-damage|p2a: Araquanid|4/100|[from] Leech Seed|[of] p1a: Reuniclus
|-heal|p1a: Reuniclus|29/100|[silent]
|-status|p1a: Reuniclus|tox|[from] item: Toxic Orb
|upkeep
|turn|31
|
|t:|1769439665
|move|p2a: Araquanid|Liquidation|p1a: Reuniclus
|-damage|p1a: Reuniclus|0 fnt
|faint|p1a: Reuniclus
|
|upkeep
|
|t:|1769439667
|switch|p1a: Jirachi|Jirachi|100/100
|turn|32
|
|t:|1769439670
|move|p1a: Jirachi|Substitute|p1a: Jirachi
|-start|p1a: Jirachi|Substitute
|-damage|p1a: Jirachi|76/100
|move|p2a: Araquanid|Liquidation|p1a: Jirachi
|-end|p1a: Jirachi|Substitute
|
|-heal|p1a: Jirachi|82/100|[from] item: Leftovers
|-damage|p2a: Araquanid|0 fnt|[from] Leech Seed|[of] p1a: Jirachi
|-heal|p1a: Jirachi|85/100|[silent]
|faint|p2a: Araquanid
|
|win|infp-cryboy
|raw|infp-cryboy's rating: 1101 &rarr; <strong>1124</strong><br />(+23 for winning)
|raw|Bug catcher5556's rating: 1073 &rarr; <strong>1054</strong><br />(-19 for losing)
|l|☆Bug catcher5556
|player|p2|
|l|‽infp-cryboy
|player|p1|
