|j|☆phap'a
|j|☆cycleevanescent
|t:|1769293910
|gametype|singles
|player|p1|phap'a|gambler|1149
|player|p2|cycleevanescent|102|1092
|gen|9
|tier|[Gen 9] OU
|rated|
|rule|HP Percentage Mod: HP is shown in percentages
|rule|Endless Battle Clause: Forcing endless battles is banned
|rule|Species Clause: Limit one of each Pokémon
|rule|OHKO Clause: OHKO moves are banned
|rule|Evasion Items Clause: Evasion items are banned
|rule|Evasion Moves Clause: Evasion moves are banned
|rule|Evasion Abilities Clause: Evasion abilities are banned
|rule|Sleep Moves Clause: Sleep-inducing moves are banned
|clearpoke
|poke|p1|Dragapult, F|
|poke|p1|Corviknight, M|
|poke|p1|Kommo-o, M|
|poke|p1|Weavile, F|
|poke|p1|Dondozo, F|
|poke|p1|Gliscor, M|
|poke|p2|Great Tusk|
|poke|p2|Kingambit, F|
|poke|p2|Moltres|
|poke|p2|Tinkaton, F|
|poke|p2|Hydrapple, F|
|poke|p2|Samurott-Hisui, M|
|teampreview
|
|t:|1769293929
|teamsize|p1|6
|teamsize|p2|6
|start
|switch|p1a: Dondozo|Dondozo, F|100/100
|switch|p2a: Tinkaton|Tinkaton, F|100/100
|-item|p2a: Tinkaton|Air Balloon
|turn|1
|c|☆cycleevanescent|gl hf
|c|☆phap'a|gl
|
|t:|1769293944
|switch|p1a: Gliscor|Gliscor, M|100/100
|move|p2a: Tinkaton|Stealth Rock|p1a: Gliscor
|-sidestart|p1: phap'a|move: Stealth Rock
|
|upkeep
|turn|2
|
|t:|1769293950
|move|p2a: Tinkaton|Knock Off|p1a: Gliscor
|-damage|p1a: Gliscor|90/100
|move|p1a: Gliscor|Earthquake|p2a: Tinkaton
|-immune|p2a: Tinkaton
|
|upkeep
|turn|3
|c|☆cycleevanescent|no item???'
|c|☆cycleevanescent|acrobatics?
|
|t:|1769293969
|switch|p1a: Dondozo|Dondozo, F|100/100
|move|p2a: Tinkaton|Gigaton Hammer|p1a: Dondozo
|-resisted|p1a: Dondozo
|-damage|p1a: Dondozo|86/100
|
|upkeep
|turn|4
|
|t:|1769293978
|move|p2a: Tinkaton|Thunder Wave|p1a: Dondozo
|-status|p1a: Dondozo|par
|cant|p1a: Dondozo|par
|
|upkeep
|turn|5
|
|t:|1769293983
|move|p2a: Tinkaton|Gigaton Hammer|p1a: Dondozo
|-resisted|p1a: Dondozo
|-damage|p1a: Dondozo|72/100 par
|move|p1a: Dondozo|Avalanche|p2a: Tinkaton
|-resisted|p2a: Tinkaton
|-damage|p2a: Tinkaton|83/100
|-enditem|p2a: Tinkaton|Air Balloon
|-enditem|p1a: Dondozo|Heavy-Duty Boots|[silent]|[from] ability: Pickpocket|[of] p1a: Dondozo
|-item|p2a: Tinkaton|Heavy-Duty Boots|[from] ability: Pickpocket|[of] p1a: Dondozo
|
|upkeep
|turn|6
|
|t:|1769294001
|switch|p2a: Kingambit|Kingambit, F|100/100
|switch|p1a: Gliscor|Gliscor, M|90/100
|-damage|p1a: Gliscor|77/100|[from] Stealth Rock
|
|upkeep
|turn|7
|
|t:|1769294007
|-end|p2a: Kingambit|fallenundefined|[silent]
|switch|p2a: Moltres|Moltres|100/100
|move|p1a: Gliscor|Earthquake|p2a: Moltres
|-immune|p2a: Moltres
|
|upkeep
|turn|8
|
|t:|1769294013
|move|p1a: Gliscor|Toxic Spikes|p2a: Moltres
|-sidestart|p2: cycleevanescent|move: Toxic Spikes
|move|p2a: Moltres|U-turn|p1a: Gliscor
|-resisted|p1a: Gliscor
|-damage|p1a: Gliscor|70/100
|
|t:|1769294019
|switch|p2a: Great Tusk|Great Tusk|100/100|[from] U-turn
|
|upkeep
|turn|9
|
|t:|1769294023
|move|p2a: Great Tusk|Ice Spinner|p1a: Gliscor
|-supereffective|p1a: Gliscor
|-damage|p1a: Gliscor|0 fnt
|faint|p1a: Gliscor
|
|upkeep
|
|t:|1769294027
|switch|p1a: Corviknight|Corviknight, M|100/100
|-damage|p1a: Corviknight|88/100|[from] Stealth Rock
|turn|10
|
|t:|1769294034
|-end|p2a: Great Tusk|Protosynthesis|[silent]
|switch|p2a: Moltres|Moltres|100/100
|move|p1a: Corviknight|Brave Bird|p2a: Moltres
|-damage|p2a: Moltres|67/100
|-damage|p1a: Corviknight|76/100|[from] Recoil
|
|upkeep
|turn|11
|
|t:|1769294047
|switch|p1a: Dondozo|Dondozo, F|72/100 par
|-damage|p1a: Dondozo|59/100 par|[from] Stealth Rock
|move|p2a: Moltres|Roost|p2a: Moltres
|-heal|p2a: Moltres|100/100
|-singleturn|p2a: Moltres|move: Roost
|
|upkeep
|turn|12
|
|t:|1769294056
|move|p2a: Moltres|Scorching Sands|p1a: Dondozo
|-damage|p1a: Dondozo|45/100 par
|move|p1a: Dondozo|Liquidation|p2a: Moltres
|-supereffective|p2a: Moltres
|-damage|p2a: Moltres|55/100
|
|upkeep
|turn|13
|
|t:|1769294066
|move|p2a: Moltres|U-turn|p1a: Dondozo
|-damage|p1a: Dondozo|37/100 par
|
|t:|1769294070
|switch|p2a: Hydrapple|Hydrapple, F|100/100|[from] U-turn
|move|p1a: Dondozo|Rest|p1a: Dondozo
|-status|p1a: Dondozo|slp|[from] move: Rest
|-heal|p1a: Dondozo|100/100 slp|[silent]
|
|upkeep
|turn|14
|
|t:|1769294078
|switch|p1a: Weavile|Weavile, F|100/100
|-damage|p1a: Weavile|76/100|[from] Stealth Rock
|-ability|p1a: Weavile|Pressure
|move|p2a: Hydrapple|Giga Drain|p1a: Weavile
|-damage|p1a: Weavile|10/100
|
|upkeep
|turn|15
|
|t:|1769294087
|switch|p2a: Moltres|Moltres|55/100
|move|p1a: Weavile|Ice Shard|p2a: Moltres
|-damage|p2a: Moltres|41/100
|
|upkeep
|turn|16
|
|t:|1769294093
|move|p1a: Weavile|Knock Off|p2a: Moltres
|-crit|p2a: Moltres
|-damage|p2a: Moltres|0 fnt
|-enditem|p2a: Moltres|Heavy-Duty Boots|[from] move: Knock Off|[of] p1a: Weavile
|faint|p2a: Moltres
|
|upkeep
|
|t:|1769294102
|switch|p2a: Tinkaton|Tinkaton, F|83/100
|turn|17
|
|t:|1769294108
|move|p1a: Weavile|Brick Break|p2a: Tinkaton
|-damage|p2a: Tinkaton|56/100
|move|p2a: Tinkaton|Knock Off|p1a: Weavile
|-resisted|p1a: Weavile
|-damage|p1a: Weavile|0 fnt
|-enditem|p1a: Weavile|Focus Sash|[from] move: Knock Off|[of] p2a: Tinkaton
|faint|p1a: Weavile
|
|upkeep
|
|t:|1769294113
|switch|p1a: Dondozo|Dondozo, F|100/100 slp
|-damage|p1a: Dondozo|88/100 slp|[from] Stealth Rock
|turn|18
|
|t:|1769294120
|switch|p2a: Great Tusk|Great Tusk|100/100
|cant|p1a: Dondozo|slp
|move|p1a: Dondozo|Sleep Talk|p1a: Dondozo
|move|p1a: Dondozo|Liquidation|p2a: Great Tusk|[from] move: Sleep Talk
|-supereffective|p2a: Great Tusk
|-damage|p2a: Great Tusk|51/100
|
|upkeep
|turn|19
|
|t:|1769294130
|move|p2a: Great Tusk|Taunt|p1a: Dondozo
|-start|p1a: Dondozo|move: Taunt
|cant|p1a: Dondozo|slp
|
|upkeep
|turn|20
|
|t:|1769294139
|move|p2a: Great Tusk|Rapid Spin|p1a: Dondozo
|-damage|p1a: Dondozo|76/100 slp
|-boost|p2a: Great Tusk|spe|1
|-sideend|p2: cycleevanescent|Toxic Spikes|[from] move: Rapid Spin|[of] p2a: Great Tusk
|-curestatus|p1a: Dondozo|slp|[msg]
|move|p1a: Dondozo|Liquidation|p2a: Great Tusk
|-supereffective|p2a: Great Tusk
|-damage|p2a: Great Tusk|0 fnt
|faint|p2a: Great Tusk
|-end|p2a: Great Tusk|Protosynthesis|[silent]
|
|upkeep
|
|t:|1769294148
|switch|p2a: Hydrapple|Hydrapple, F|100/100
|turn|21
|
|t:|1769294153
|move|p2a: Hydrapple|Fickle Beam|p1a: Dondozo
|-damage|p1a: Dondozo|44/100
|move|p1a: Dondozo|Avalanche|p2a: Hydrapple
|-supereffective|p2a: Hydrapple
|-damage|p2a: Hydrapple|5/100
|
|-end|p1a: Dondozo|move: Taunt
|upkeep
|turn|22
|
|t:|1769294161
|switch|p1a: Corviknight|Corviknight, M|76/100
|-damage|p1a: Corviknight|63/100|[from] Stealth Rock
|move|p2a: Hydrapple|Giga Drain|p1a: Corviknight
|-resisted|p1a: Corviknight
|-damage|p1a: Corviknight|54/100
|-heal|p2a: Hydrapple|9/100|[from] drain|[of] p1a: Corviknight
|
|upkeep
|turn|23
|
|t:|1769294174
|switch|p2a: Tinkaton|Tinkaton, F|56/100
|move|p1a: Corviknight|Roost|p1a: Corviknight
|-heal|p1a: Corviknight|100/100
|-singleturn|p1a: Corviknight|move: Roost
|
|upkeep
|turn|24
|
|t:|1769294187
|switch|p1a: Dondozo|Dondozo, F|44/100
|-damage|p1a: Dondozo|32/100|[from] Stealth Rock
|move|p2a: Tinkaton|Thunder Wave|p1a: Dondozo
|-status|p1a: Dondozo|par
|
|upkeep
|turn|25
|
|t:|1769294194
|switch|p2a: Hydrapple|Hydrapple, F|42/100
|move|p1a: Dondozo|Rest|p1a: Dondozo
|-status|p1a: Dondozo|slp|[from] move: Rest
|-heal|p1a: Dondozo|100/100 slp|[silent]
|
|upkeep
|turn|26
|
|t:|1769294203
|move|p2a: Hydrapple|Nasty Plot|p2a: Hydrapple
|-boost|p2a: Hydrapple|spa|2
|cant|p1a: Dondozo|slp
|move|p1a: Dondozo|Sleep Talk|p1a: Dondozo
|move|p1a: Dondozo|Avalanche|p2a: Hydrapple|[from] move: Sleep Talk
|-supereffective|p2a: Hydrapple
|-damage|p2a: Hydrapple|0 fnt
|faint|p2a: Hydrapple
|
|upkeep
|-message|cycleevanescent forfeited.
|
|win|phap'a
|raw|phap&apos;a's rating: 1149 &rarr; <strong>1170</strong><br />(+21 for winning)
|raw|cycleevanescent's rating: 1092 &rarr; <strong>1072</strong><br />(-20 for losing)
|l|☆cycleevanescent
|player|p2|
|c|☆phap'a|gg
|c|☆phap'a|muy facil
