|j|☆DeclanMkw
|j|☆InfinityPokeRang3r
|t:|1769446834
|gametype|singles
|player|p1|DeclanMkw|veteran|1440
|player|p2|InfinityPokeRang3r|ingo|1421
|gen|9
|tier|[Gen 9] OU
|rated|
|rule|HP Percentage Mod: HP is shown in percentages
|rule|Endless Battle Clause: Forcing endless battles is banned
|rule|Species Clause: Limit one of each Pokémon
|rule|OHKO Clause: OHKO moves are banned
|rule|Evasion Items Clause: Evasion items are banned
|rule|Evasion Moves Clause: Evasion moves are banned
|rule|Evasion Abilities Clause: Evasion abilities are banned
|rule|Sleep Moves Clause: Sleep-inducing moves are banned
|clearpoke
|poke|p1|Skeledirge, M|
|poke|p1|Rillaboom, M|
|poke|p1|Primarina, M|
|poke|p1|Clodsire, F|
|poke|p1|Corviknight, F|
|poke|p1|Garganacl, M|
|poke|p2|Dragapult, M|
|poke|p2|Araquanid, F|
|poke|p2|Iron Valiant|
|poke|p2|Rotom-Heat|
|poke|p2|Iron Treads|
|poke|p2|Skarmory, F|
|teampreview
|j| nitroLazer120
|
|t:|1769446848
|teamsize|p1|6
|teamsize|p2|6
|start
|switch|p1a: Primarina|Primarina, M|100/100
|switch|p2a: Araquanid|Araquanid, F, shiny|100/100
|turn|1
|-activate|p2a: Araquanid|item: Quick Claw
|
|t:|1769446858
|move|p2a: Araquanid|Liquidation|p1a: Primarina
|-resisted|p1a: Primarina
|-damage|p1a: Primarina|60/100
|-unboost|p1a: Primarina|def|1
|move|p1a: Primarina|Moonblast|p2a: Araquanid
|-damage|p2a: Araquanid|56/100
|
|upkeep
|turn|2
|-activate|p2a: Araquanid|item: Quick Claw
|
|t:|1769446868
|switch|p1a: Corviknight|Corviknight, F|100/100
|-ability|p1a: Corviknight|Pressure
|move|p2a: Araquanid|Liquidation|p1a: Corviknight
|-damage|p1a: Corviknight|65/100
|-damage|p2a: Araquanid|40/100|[from] item: Rocky Helmet|[of] p1a: Corviknight
|
|upkeep
|turn|3
|
|t:|1769446876
|switch|p2a: Rotom|Rotom-Heat|100/100
|move|p1a: Corviknight|U-turn|p2a: Rotom
|-resisted|p2a: Rotom
|-damage|p2a: Rotom|91/100
|
|t:|1769446883
|switch|p1a: Garganacl|Garganacl, M|100/100|[from] U-turn
|
|upkeep
|turn|4
|
|t:|1769446895
|move|p2a: Rotom|Trick|p1a: Garganacl
|-activate|p2a: Rotom|move: Trick|[of] p1a: Garganacl
|-item|p1a: Garganacl|Choice Specs|[from] move: Trick
|-item|p2a: Rotom|Leftovers|[from] move: Trick
|move|p1a: Garganacl|Salt Cure|p2a: Rotom
|-supereffective|p2a: Rotom
|-crit|p2a: Rotom
|-damage|p2a: Rotom|33/100
|-start|p2a: Rotom|Salt Cure
|
|-heal|p2a: Rotom|40/100|[from] item: Leftovers
|-damage|p2a: Rotom|27/100|[from] Salt Cure
|upkeep
|turn|5
|
|t:|1769446906
|switch|p2a: Iron Valiant|Iron Valiant|100/100
|-enditem|p2a: Iron Valiant|Booster Energy
|-activate|p2a: Iron Valiant|ability: Quark Drive|[fromitem]
|-start|p2a: Iron Valiant|quarkdrivespe
|move|p1a: Garganacl|Salt Cure|p2a: Iron Valiant
|-resisted|p2a: Iron Valiant
|-damage|p2a: Iron Valiant|92/100
|-start|p2a: Iron Valiant|Salt Cure
|
|-damage|p2a: Iron Valiant|80/100|[from] Salt Cure
|upkeep
|turn|6
|
|t:|1769446920
|switch|p1a: Clodsire|Clodsire, F|100/100
|move|p2a: Iron Valiant|Close Combat|p1a: Clodsire
|-resisted|p1a: Clodsire
|-damage|p1a: Clodsire|69/100
|-unboost|p2a: Iron Valiant|def|1
|-unboost|p2a: Iron Valiant|spd|1
|
|-damage|p2a: Iron Valiant|67/100|[from] Salt Cure
|upkeep
|turn|7
|
|t:|1769446929
|-end|p2a: Iron Valiant|Quark Drive|[silent]
|switch|p2a: Iron Treads|Iron Treads|100/100
|switch|p1a: Corviknight|Corviknight, F|65/100
|-ability|p1a: Corviknight|Pressure
|
|upkeep
|turn|8
|
|t:|1769446940
|-end|p2a: Iron Treads|Quark Drive|[silent]
|switch|p2a: Rotom|Rotom-Heat|27/100
|move|p1a: Corviknight|Roost|p1a: Corviknight
|-heal|p1a: Corviknight|100/100
|-singleturn|p1a: Corviknight|move: Roost
|
|-heal|p2a: Rotom|33/100|[from] item: Leftovers
|upkeep
|turn|9
|
|t:|1769446946
|switch|p1a: Clodsire|Clodsire, F|69/100
|move|p2a: Rotom|Overheat|p1a: Clodsire
|-damage|p1a: Clodsire|41/100
|-unboost|p2a: Rotom|spa|2
|
|-heal|p2a: Rotom|40/100|[from] item: Leftovers
|upkeep
|turn|10
|
|t:|1769446951
|move|p2a: Rotom|Overheat|p1a: Clodsire
|-damage|p1a: Clodsire|10/100
|-unboost|p2a: Rotom|spa|2
|move|p1a: Clodsire|Recover|p1a: Clodsire
|-heal|p1a: Clodsire|60/100
|
|-heal|p2a: Rotom|46/100|[from] item: Leftovers
|upkeep
|turn|11
|
|t:|1769446957
|move|p2a: Rotom|Overheat|p1a: Clodsire
|-damage|p1a: Clodsire|31/100
|-unboost|p2a: Rotom|spa|2
|move|p1a: Clodsire|Recover|p1a: Clodsire
|-heal|p1a: Clodsire|81/100
|
|-heal|p2a: Rotom|52/100|[from] item: Leftovers
|upkeep
|turn|12
|
|t:|1769446965
|move|p2a: Rotom|Overheat|p1a: Clodsire
|-damage|p1a: Clodsire|50/100
|move|p1a: Clodsire|Toxic|p2a: Rotom
|-status|p2a: Rotom|tox
|
|-heal|p2a: Rotom|58/100 tox|[from] item: Leftovers
|-damage|p2a: Rotom|52/100 tox|[from] psn
|upkeep
|turn|13
|
|t:|1769446976
|switch|p2a: Araquanid|Araquanid, F, shiny|40/100
|switch|p1a: Garganacl|Garganacl, M|100/100
|
|upkeep
|turn|14
|
|t:|1769446980
|move|p2a: Araquanid|Liquidation|p1a: Garganacl
|-supereffective|p1a: Garganacl
|-crit|p1a: Garganacl
|-damage|p1a: Garganacl|0 fnt
|faint|p1a: Garganacl
|
|upkeep
|
|t:|1769446986
|switch|p1a: Corviknight|Corviknight, F|100/100
|-ability|p1a: Corviknight|Pressure
|turn|15
|
|t:|1769446991
|switch|p2a: Skarmory|Skarmory, F|100/100
|move|p1a: Corviknight|U-turn|p2a: Skarmory
|-resisted|p2a: Skarmory
|-damage|p2a: Skarmory|98/100
|-damage|p1a: Corviknight|84/100|[from] item: Rocky Helmet|[of] p2a: Skarmory
|
|t:|1769446993
|switch|p1a: Skeledirge|Skeledirge, M|100/100|[from] U-turn
|
|upkeep
|turn|16
|
|t:|1769447007
|move|p1a: Skeledirge|Torch Song|p2a: Skarmory
|-supereffective|p2a: Skarmory
|-damage|p2a: Skarmory|39/100
|-boost|p1a: Skeledirge|spa|1
|move|p2a: Skarmory|Stealth Rock|p1a: Skeledirge
|-sidestart|p1: DeclanMkw|move: Stealth Rock
|
|upkeep
|turn|17
|
|t:|1769447016
|move|p1a: Skeledirge|Torch Song|p2a: Skarmory
|-supereffective|p2a: Skarmory
|-damage|p2a: Skarmory|0 fnt
|-boost|p1a: Skeledirge|spa|1
|faint|p2a: Skarmory
|
|upkeep
|
|t:|1769447024
|switch|p2a: Iron Treads|Iron Treads|100/100
|turn|18
|
|t:|1769447031
|-terastallize|p1a: Skeledirge|Water
|move|p2a: Iron Treads|Knock Off|p1a: Skeledirge
|-damage|p1a: Skeledirge|81/100
|-enditem|p1a: Skeledirge|Heavy-Duty Boots|[from] move: Knock Off|[of] p2a: Iron Treads
|move|p1a: Skeledirge|Torch Song|p2a: Iron Treads
|-supereffective|p2a: Iron Treads
|-damage|p2a: Iron Treads|0 fnt
|-boost|p1a: Skeledirge|spa|1
|faint|p2a: Iron Treads
|-end|p2a: Iron Treads|Quark Drive|[silent]
|
|upkeep
|
|t:|1769447039
|switch|p2a: Rotom|Rotom-Heat|52/100 tox
|turn|19
|
|t:|1769447044
|move|p2a: Rotom|Discharge|p1a: Skeledirge
|-supereffective|p1a: Skeledirge
|-damage|p1a: Skeledirge|5/100
|-status|p1a: Skeledirge|par
|move|p1a: Skeledirge|Slack Off|p1a: Skeledirge
|-heal|p1a: Skeledirge|55/100 par
|
|-heal|p2a: Rotom|58/100 tox|[from] item: Leftovers
|-damage|p2a: Rotom|52/100 tox|[from] psn
|upkeep
|turn|20
|
|t:|1769447052
|switch|p1a: Clodsire|Clodsire, F|50/100
|move|p2a: Rotom|Discharge|p1a: Clodsire
|-immune|p1a: Clodsire
|
|-heal|p2a: Rotom|58/100 tox|[from] item: Leftovers
|-damage|p2a: Rotom|46/100 tox|[from] psn
|upkeep
|turn|21
|
|t:|1769447056
|switch|p2a: Araquanid|Araquanid, F, shiny|40/100
|move|p1a: Clodsire|Recover|p1a: Clodsire
|-heal|p1a: Clodsire|99/100
|
|upkeep
|turn|22
|
|t:|1769447062
|switch|p1a: Skeledirge|Skeledirge, M, tera:Water|55/100 par
|-damage|p1a: Skeledirge|42/100 par|[from] Stealth Rock
|move|p2a: Araquanid|Liquidation|p1a: Skeledirge
|-resisted|p1a: Skeledirge
|-damage|p1a: Skeledirge|25/100 par
|
|upkeep
|turn|23
|l| nitroLazer120
|
|t:|1769447070
|move|p2a: Araquanid|Leech Life|p1a: Skeledirge
|-damage|p1a: Skeledirge|6/100 par
|-heal|p2a: Araquanid|52/100|[from] drain|[of] p1a: Skeledirge
|move|p1a: Skeledirge|Torch Song|p2a: Araquanid
|-damage|p2a: Araquanid|41/100
|-boost|p1a: Skeledirge|spa|1
|
|upkeep
|turn|24
|
|t:|1769447081
|move|p2a: Araquanid|Leech Life|p1a: Skeledirge
|-damage|p1a: Skeledirge|0 fnt
|-heal|p2a: Araquanid|44/100|[from] drain|[of] p1a: Skeledirge
|faint|p1a: Skeledirge
|
|upkeep
|
|t:|1769447089
|switch|p1a: Corviknight|Corviknight, F|84/100
|-damage|p1a: Corviknight|72/100|[from] Stealth Rock
|-ability|p1a: Corviknight|Pressure
|turn|25
|
|t:|1769447095
|switch|p2a: Rotom|Rotom-Heat|46/100 tox
|move|p1a: Corviknight|U-turn|p2a: Rotom
|-resisted|p2a: Rotom
|-damage|p2a: Rotom|36/100 tox
|
|t:|1769447104
|switch|p1a: Primarina|Primarina, M|60/100|[from] U-turn
|-damage|p1a: Primarina|48/100|[from] Stealth Rock
|
|-heal|p2a: Rotom|42/100 tox|[from] item: Leftovers
|-damage|p2a: Rotom|36/100 tox|[from] psn
|upkeep
|turn|26
|
|t:|1769447111
|move|p2a: Rotom|Discharge|p1a: Primarina
|-supereffective|p1a: Primarina
|-damage|p1a: Primarina|4/100
|move|p1a: Primarina|Surf|p2a: Rotom
|-supereffective|p2a: Rotom
|-damage|p2a: Rotom|0 fnt
|faint|p2a: Rotom
|
|upkeep
|
|t:|1769447124
|switch|p2a: Araquanid|Araquanid, F, shiny|44/100
|turn|27
|
|t:|1769447130
|move|p1a: Primarina|Moonblast|p2a: Araquanid
|-damage|p2a: Araquanid|0 fnt
|faint|p2a: Araquanid
|
|upkeep
|
|t:|1769447140
|switch|p2a: Iron Valiant|Iron Valiant|67/100
|turn|28
|j| js_redstar
|
|t:|1769447146
|move|p2a: Iron Valiant|Shadow Ball|p1a: Primarina
|-damage|p1a: Primarina|0 fnt
|faint|p1a: Primarina
|
|upkeep
|
|t:|1769447148
|switch|p1a: Rillaboom|Rillaboom, M|100/100
|-damage|p1a: Rillaboom|88/100|[from] Stealth Rock
|-fieldstart|move: Grassy Terrain|[from] ability: Grassy Surge|[of] p1a: Rillaboom
|turn|29
|
|t:|1769447154
|move|p1a: Rillaboom|Grassy Glide|p2a: Iron Valiant
|-damage|p2a: Iron Valiant|0 fnt
|faint|p2a: Iron Valiant
|-end|p2a: Iron Valiant|Quark Drive|[silent]
|
|-heal|p1a: Rillaboom|94/100|[from] Grassy Terrain
|upkeep
|
|t:|1769447157
|switch|p2a: Dragapult|Dragapult, M|100/100
|turn|30
|
|t:|1769447168
|-terastallize|p2a: Dragapult|Steel
|move|p1a: Rillaboom|Grassy Glide|p2a: Dragapult
|-resisted|p2a: Dragapult
|-damage|p2a: Dragapult|58/100
|move|p2a: Dragapult|Dragon Dance|p2a: Dragapult
|-boost|p2a: Dragapult|atk|1
|-boost|p2a: Dragapult|spe|1
|
|-heal|p2a: Dragapult|64/100|[from] Grassy Terrain
|-heal|p2a: Dragapult|70/100|[from] item: Leftovers
|-heal|p1a: Rillaboom|100/100|[from] Grassy Terrain
|upkeep
|turn|31
|
|t:|1769447177
|switch|p1a: Clodsire|Clodsire, F|99/100
|move|p2a: Dragapult|Substitute|p2a: Dragapult
|-start|p2a: Dragapult|Substitute
|-damage|p2a: Dragapult|45/100
|
|-heal|p2a: Dragapult|51/100|[from] Grassy Terrain
|-heal|p2a: Dragapult|57/100|[from] item: Leftovers
|-heal|p1a: Clodsire|100/100|[from] Grassy Terrain
|upkeep
|turn|32
|
|t:|1769447183
|move|p2a: Dragapult|Phantom Force||[still]
|-prepare|p2a: Dragapult|Phantom Force
|move|p1a: Clodsire|Earthquake|p2a: Dragapult|[miss]
|-miss|p1a: Clodsire|p2a: Dragapult
|
|-heal|p2a: Dragapult|63/100|[from] item: Leftovers
|upkeep
|turn|33
|
|t:|1769447190
|switch|p1a: Corviknight|Corviknight, F|72/100
|-damage|p1a: Corviknight|59/100|[from] Stealth Rock
|-ability|p1a: Corviknight|Pressure
|move|p2a: Dragapult|Phantom Force|p1a: Corviknight|[from] lockedmove
|-damage|p1a: Corviknight|17/100
|-damage|p2a: Dragapult|46/100|[from] item: Rocky Helmet|[of] p1a: Corviknight
|
|-heal|p2a: Dragapult|52/100|[from] Grassy Terrain
|-heal|p2a: Dragapult|58/100|[from] item: Leftovers
|-fieldend|move: Grassy Terrain
|upkeep
|turn|34
|
|t:|1769447199
|move|p2a: Dragapult|Dragon Darts|p1a: Corviknight
|-resisted|p1a: Corviknight
|-damage|p1a: Corviknight|7/100
|-anim|p2a: Dragapult|Dragon Darts|p1a: Corviknight
|-resisted|p1a: Corviknight
|-damage|p1a: Corviknight|0 fnt
|faint|p1a: Corviknight
|
|-heal|p2a: Dragapult|64/100|[from] item: Leftovers
|upkeep
|-message|DeclanMkw forfeited.
|
|win|InfinityPokeRang3r
|raw|DeclanMkw's rating: 1440 &rarr; <strong>1419</strong><br />(-21 for losing)
|raw|InfinityPokeRang3r's rating: 1421 &rarr; <strong>1442</strong><br />(+21 for winning)
|l|☆DeclanMkw
|player|p1|
|l|☆InfinityPokeRang3r
|player|p2|
|l| js_redstar
