|j|☆borbler
|j|☆downbadjj
|t:|1769438641
|gametype|singles
|player|p1|borbler|cyclistf-gen4|1071
|player|p2|downbadjj|169|1099
|gen|9
|tier|[Gen 9] OU
|rated|
|rule|HP Percentage Mod: HP is shown in percentages
|rule|Endless Battle Clause: Forcing endless battles is banned
|rule|Species Clause: Limit one of each Pokémon
|rule|OHKO Clause: OHKO moves are banned
|rule|Evasion Items Clause: Evasion items are banned
|rule|Evasion Moves Clause: Evasion moves are banned
|rule|Evasion Abilities Clause: Evasion abilities are banned
|rule|Sleep Moves Clause: Sleep-inducing moves are banned
|clearpoke
|poke|p1|Pelipper, F|
|poke|p1|Hatterene, F|
|poke|p1|Iron Treads|
|poke|p1|Toxicroak, F|
|poke|p1|Barraskewda, F|
|poke|p1|Zapdos|
|poke|p2|Blaziken, M|
|poke|p2|Ursaluna, F|
|poke|p2|Thundurus-Therian, M|
|poke|p2|Gholdengo|
|poke|p2|Glastrier|
|poke|p2|Ogerpon-Wellspring, F|
|teampreview
|
|t:|1769438659
|teamsize|p1|6
|teamsize|p2|6
|start
|switch|p1a: Pelipper|Pelipper, F|100/100
|switch|p2a: Thundurus|Thundurus-Therian, M|100/100
|-weather|RainDance|[from] ability: Drizzle|[of] p1a: Pelipper
|turn|1
|inactive|Battle timer is ON: inactive players will automatically lose when time's up. (requested by borbler)
|
|t:|1769438666
|switch|p1a: Iron Treads|Iron Treads|100/100
|move|p2a: Thundurus|Wildbolt Storm|p1a: Iron Treads
|-immune|p1a: Iron Treads
|
|-weather|RainDance|[upkeep]
|upkeep
|turn|2
|
|t:|1769438677
|switch|p2a: Ogerpon|Ogerpon-Wellspring, F|100/100
|move|p1a: Iron Treads|Stealth Rock|p2a: Ogerpon
|-sidestart|p2: downbadjj|move: Stealth Rock
|
|-weather|RainDance|[upkeep]
|upkeep
|turn|3
|
|t:|1769438684
|-end|p1a: Iron Treads|Quark Drive|[silent]
|switch|p1a: Toxicroak|Toxicroak, F|100/100
|move|p2a: Ogerpon|Ivy Cudgel|p1a: Toxicroak|[anim] Ivy Cudgel Water
|-immune|p1a: Toxicroak|[from] ability: Dry Skin
|
|-weather|RainDance|[upkeep]
|upkeep
|turn|4
|
|t:|1769438697
|move|p2a: Ogerpon|Knock Off|p1a: Toxicroak
|-resisted|p1a: Toxicroak
|-damage|p1a: Toxicroak|82/100
|-damage|p2a: Ogerpon|84/100|[from] item: Rocky Helmet|[of] p1a: Toxicroak
|-enditem|p1a: Toxicroak|Rocky Helmet|[from] move: Knock Off|[of] p2a: Ogerpon
|move|p1a: Toxicroak|Toxic|p2a: Ogerpon
|-status|p2a: Ogerpon|tox
|
|-weather|RainDance|[upkeep]
|-heal|p1a: Toxicroak|95/100|[from] ability: Dry Skin
|-damage|p2a: Ogerpon|78/100 tox|[from] psn
|upkeep
|turn|5
|
|t:|1769438717
|switch|p2a: Glastrier|Glastrier|100/100
|-damage|p2a: Glastrier|75/100|[from] Stealth Rock
|move|p1a: Toxicroak|Drain Punch|p2a: Glastrier
|-supereffective|p2a: Glastrier
|-damage|p2a: Glastrier|37/100
|-heal|p1a: Toxicroak|100/100|[from] drain|[of] p2a: Glastrier
|
|-weather|RainDance|[upkeep]
|-heal|p2a: Glastrier|43/100|[from] item: Leftovers
|upkeep
|turn|6
|
|t:|1769438727
|move|p1a: Toxicroak|Drain Punch|p2a: Glastrier
|-supereffective|p2a: Glastrier
|-damage|p2a: Glastrier|5/100
|move|p2a: Glastrier|Icicle Crash|p1a: Toxicroak
|-crit|p1a: Toxicroak
|-damage|p1a: Toxicroak|28/100
|
|-weather|RainDance|[upkeep]
|-heal|p1a: Toxicroak|40/100|[from] ability: Dry Skin
|-heal|p2a: Glastrier|12/100|[from] item: Leftovers
|upkeep
|turn|7
|
|t:|1769438739
|move|p1a: Toxicroak|Knock Off|p2a: Glastrier
|-damage|p2a: Glastrier|0 fnt
|-enditem|p2a: Glastrier|Leftovers|[from] move: Knock Off|[of] p1a: Toxicroak
|faint|p2a: Glastrier
|
|-weather|RainDance|[upkeep]
|-heal|p1a: Toxicroak|53/100|[from] ability: Dry Skin
|upkeep
|
|t:|1769438742
|switch|p2a: Gholdengo|Gholdengo|100/100
|-damage|p2a: Gholdengo|94/100|[from] Stealth Rock
|-item|p2a: Gholdengo|Air Balloon
|turn|8
|
|t:|1769438753
|move|p1a: Toxicroak|Knock Off|p2a: Gholdengo
|-supereffective|p2a: Gholdengo
|-damage|p2a: Gholdengo|50/100
|-enditem|p2a: Gholdengo|Air Balloon
|move|p2a: Gholdengo|Nasty Plot|p2a: Gholdengo
|-boost|p2a: Gholdengo|spa|2
|
|-weather|none
|upkeep
|turn|9
|
|t:|1769438763
|switch|p1a: Pelipper|Pelipper, F|100/100
|-weather|RainDance|[from] ability: Drizzle|[of] p1a: Pelipper
|move|p2a: Gholdengo|Make It Rain|p1a: Pelipper
|-resisted|p1a: Pelipper
|-damage|p1a: Pelipper|35/100
|-unboost|p2a: Gholdengo|spa|1
|
|-weather|RainDance|[upkeep]
|upkeep
|turn|10
|
|t:|1769438772
|move|p2a: Gholdengo|Shadow Ball|p1a: Pelipper
|-damage|p1a: Pelipper|0 fnt
|faint|p1a: Pelipper
|
|-weather|RainDance|[upkeep]
|upkeep
|
|t:|1769438775
|switch|p1a: Barraskewda|Barraskewda, F|100/100
|turn|11
|
|t:|1769438782
|-terastallize|p1a: Barraskewda|Water
|move|p1a: Barraskewda|Liquidation|p2a: Gholdengo
|-damage|p2a: Gholdengo|0 fnt
|faint|p2a: Gholdengo
|
|-weather|RainDance|[upkeep]
|upkeep
|
|t:|1769438789
|switch|p2a: Thundurus|Thundurus-Therian, M|100/100
|-damage|p2a: Thundurus|76/100|[from] Stealth Rock
|turn|12
|
|t:|1769438794
|move|p1a: Barraskewda|Liquidation|p2a: Thundurus
|-damage|p2a: Thundurus|0 fnt
|faint|p2a: Thundurus
|
|-weather|RainDance|[upkeep]
|upkeep
|-message|downbadjj forfeited.
|
|win|borbler
|raw|borbler's rating: 1071 &rarr; <strong>1103</strong><br />(+32 for winning)
|raw|downbadjj's rating: 1099 &rarr; <strong>1072</strong><br />(-27 for losing)
|l|☆downbadjj
|player|p2|
