|j|☆sebeck
|j|☆Jagonite
|t:|1769323419
|gametype|singles
|player|p1|sebeck|101|1445
|player|p2|Jagonite|170|1452
|gen|9
|tier|[Gen 9] OU
|rated|
|rule|HP Percentage Mod: HP is shown in percentages
|rule|Endless Battle Clause: Forcing endless battles is banned
|rule|Species Clause: Limit one of each Pokémon
|rule|OHKO Clause: OHKO moves are banned
|rule|Evasion Items Clause: Evasion items are banned
|rule|Evasion Moves Clause: Evasion moves are banned
|rule|Evasion Abilities Clause: Evasion abilities are banned
|rule|Sleep Moves Clause: Sleep-inducing moves are banned
|clearpoke
|poke|p1|Iron Boulder|
|poke|p1|Dragapult, M|
|poke|p1|Zapdos|
|poke|p1|Iron Crown|
|poke|p1|Great Tusk|
|poke|p1|Samurott-Hisui, F|
|poke|p2|Ting-Lu|
|poke|p2|Iron Crown|
|poke|p2|Pecharunt|
|poke|p2|Zamazenta-*|
|poke|p2|Dragonite, M|
|poke|p2|Mew|
|teampreview
|inactive|Battle timer is ON: inactive players will automatically lose when time's up. (requested by sebeck)
|
|t:|1769323428
|teamsize|p1|6
|teamsize|p2|6
|start
|switch|p1a: Dragapult|Dragapult, M|100/100
|switch|p2a: Iron Crown|Iron Crown|100/100
|turn|1
|
|t:|1769323440
|-terastallize|p1a: Dragapult|Ghost
|move|p1a: Dragapult|Tera Blast|p2a: Iron Crown|[anim] Tera Blast Ghost
|-supereffective|p2a: Iron Crown
|-damage|p2a: Iron Crown|0 fnt
|faint|p2a: Iron Crown
|-end|p2a: Iron Crown|Quark Drive|[silent]
|
|upkeep
|
|t:|1769323449
|switch|p2a: Dragonite|Dragonite, M|100/100
|turn|2
|
|t:|1769323456
|switch|p1a: Great Tusk|Great Tusk|100/100
|move|p2a: Dragonite|Outrage|p1a: Great Tusk
|-damage|p1a: Great Tusk|33/100
|
|upkeep
|turn|3
|
|t:|1769323463
|move|p1a: Great Tusk|Ice Spinner|p2a: Dragonite
|-supereffective|p2a: Dragonite
|-crit|p2a: Dragonite
|-damage|p2a: Dragonite|25/100
|move|p2a: Dragonite|Outrage|p1a: Great Tusk|[from] lockedmove
|-damage|p1a: Great Tusk|0 fnt
|faint|p1a: Great Tusk
|-end|p1a: Great Tusk|Protosynthesis|[silent]
|
|upkeep
|
|t:|1769323476
|switch|p1a: Samurott|Samurott-Hisui, F, shiny|100/100
|turn|4
|
|t:|1769323500
|move|p1a: Samurott|Ceaseless Edge|p2a: Dragonite
|-damage|p2a: Dragonite|0 fnt
|-sidestart|p2: Jagonite|Spikes
|faint|p2a: Dragonite
|
|upkeep
|
|t:|1769323505
|switch|p2a: Zamazenta|Zamazenta|100/100
|-ability|p2a: Zamazenta|Dauntless Shield|boost
|-boost|p2a: Zamazenta|def|1
|turn|5
|
|t:|1769323511
|switch|p1a: Zapdos|Zapdos|100/100
|move|p2a: Zamazenta|Body Press|p1a: Zapdos
|-resisted|p1a: Zapdos
|-crit|p1a: Zapdos
|-damage|p1a: Zapdos|69/100
|
|upkeep
|turn|6
|
|t:|1769323518
|switch|p2a: Ting-Lu|Ting-Lu|100/100
|-damage|p2a: Ting-Lu|88/100|[from] Spikes
|-ability|p2a: Ting-Lu|Vessel of Ruin
|move|p1a: Zapdos|Discharge|p2a: Ting-Lu
|-immune|p2a: Ting-Lu
|
|-heal|p2a: Ting-Lu|94/100|[from] item: Leftovers
|upkeep
|turn|7
|
|t:|1769323521
|move|p1a: Zapdos|U-turn|p2a: Ting-Lu
|-supereffective|p2a: Ting-Lu
|-damage|p2a: Ting-Lu|80/100
|
|t:|1769323524
|switch|p1a: Iron Crown|Iron Crown|100/100|[from] U-turn
|move|p2a: Ting-Lu|Stealth Rock|p1a: Iron Crown
|-sidestart|p1: sebeck|move: Stealth Rock
|
|-heal|p2a: Ting-Lu|86/100|[from] item: Leftovers
|upkeep
|turn|8
|
|t:|1769323532
|move|p1a: Iron Crown|Tachyon Cutter|p2a: Ting-Lu
|-damage|p2a: Ting-Lu|71/100
|-damage|p2a: Ting-Lu|54/100
|-hitcount|p2a: Ting-Lu|2
|move|p2a: Ting-Lu|Earthquake|p1a: Iron Crown
|-supereffective|p1a: Iron Crown
|-damage|p1a: Iron Crown|23/100
|
|-heal|p2a: Ting-Lu|60/100|[from] item: Leftovers
|upkeep
|turn|9
|
|t:|1769323539
|move|p1a: Iron Crown|Tachyon Cutter|p2a: Ting-Lu
|-damage|p2a: Ting-Lu|44/100
|-damage|p2a: Ting-Lu|29/100
|-hitcount|p2a: Ting-Lu|2
|move|p2a: Ting-Lu|Earthquake|p1a: Iron Crown
|-supereffective|p1a: Iron Crown
|-damage|p1a: Iron Crown|0 fnt
|faint|p1a: Iron Crown
|-end|p1a: Iron Crown|Quark Drive|[silent]
|
|-heal|p2a: Ting-Lu|35/100|[from] item: Leftovers
|upkeep
|
|t:|1769323552
|switch|p1a: Samurott|Samurott-Hisui, F, shiny|100/100
|-damage|p1a: Samurott|88/100|[from] Stealth Rock
|turn|10
|
|t:|1769323558
|move|p1a: Samurott|Razor Shell|p2a: Ting-Lu
|-supereffective|p2a: Ting-Lu
|-crit|p2a: Ting-Lu
|-damage|p2a: Ting-Lu|0 fnt
|faint|p2a: Ting-Lu
|
|upkeep
|
|t:|1769323566
|switch|p2a: Mew|Mew|100/100
|-damage|p2a: Mew|88/100|[from] Spikes
|turn|11
|
|t:|1769323572
|move|p1a: Samurott|Razor Shell|p2a: Mew
|-damage|p2a: Mew|33/100
|move|p2a: Mew|Dragon Dance|p2a: Mew
|-boost|p2a: Mew|atk|1
|-boost|p2a: Mew|spe|1
|
|upkeep
|turn|12
|
|t:|1769323580
|move|p2a: Mew|Close Combat|p1a: Samurott
|-supereffective|p1a: Samurott
|-damage|p1a: Samurott|0 fnt
|-unboost|p2a: Mew|def|1
|-unboost|p2a: Mew|spd|1
|faint|p1a: Samurott
|-damage|p2a: Mew|23/100|[from] item: Life Orb
|
|upkeep
|
|t:|1769323593
|switch|p1a: Iron Boulder|Iron Boulder|100/100
|-damage|p1a: Iron Boulder|88/100|[from] Stealth Rock
|-enditem|p1a: Iron Boulder|Booster Energy
|-activate|p1a: Iron Boulder|ability: Quark Drive|[fromitem]
|-start|p1a: Iron Boulder|quarkdrivespe
|turn|13
|
|t:|1769323600
|move|p1a: Iron Boulder|Mighty Cleave|p2a: Mew
|-damage|p2a: Mew|0 fnt
|faint|p2a: Mew
|
|upkeep
|
|t:|1769323606
|switch|p2a: Zamazenta|Zamazenta|100/100
|turn|14
|
|t:|1769323613
|-end|p1a: Iron Boulder|Quark Drive|[silent]
|switch|p1a: Zapdos|Zapdos|69/100
|-terastallize|p2a: Zamazenta|Steel
|move|p2a: Zamazenta|Iron Head|p1a: Zapdos
|-resisted|p1a: Zapdos
|-damage|p1a: Zapdos|58/100
|-status|p2a: Zamazenta|par|[from] ability: Static|[of] p1a: Zapdos
|
|upkeep
|turn|15
|
|t:|1769323621
|move|p1a: Zapdos|Roost|p1a: Zapdos
|-heal|p1a: Zapdos|100/100
|-singleturn|p1a: Zapdos|move: Roost
|move|p2a: Zamazenta|Iron Defense|p2a: Zamazenta
|-boost|p2a: Zamazenta|def|2
|
|upkeep
|turn|16
|
|t:|1769323627
|move|p1a: Zapdos|Discharge|p2a: Zamazenta
|-damage|p2a: Zamazenta|77/100 par
|move|p2a: Zamazenta|Iron Defense|p2a: Zamazenta
|-boost|p2a: Zamazenta|def|2
|
|upkeep
|turn|17
|
|t:|1769323631
|move|p1a: Zapdos|Discharge|p2a: Zamazenta
|-damage|p2a: Zamazenta|55/100 par
|cant|p2a: Zamazenta|par
|
|upkeep
|turn|18
|
|t:|1769323636
|move|p1a: Zapdos|Discharge|p2a: Zamazenta
|-damage|p2a: Zamazenta|30/100 par
|move|p2a: Zamazenta|Body Press|p1a: Zapdos
|-resisted|p1a: Zapdos
|-damage|p1a: Zapdos|57/100
|
|upkeep
|turn|19
|
|t:|1769323641
|move|p1a: Zapdos|Discharge|p2a: Zamazenta
|-damage|p2a: Zamazenta|6/100 par
|move|p2a: Zamazenta|Rest|p2a: Zamazenta
|-status|p2a: Zamazenta|slp|[from] move: Rest
|-heal|p2a: Zamazenta|100/100 slp|[silent]
|
|upkeep
|turn|20
|
|t:|1769323647
|cant|p2a: Zamazenta|slp
|move|p1a: Zapdos|Discharge|p2a: Zamazenta
|-damage|p2a: Zamazenta|76/100 slp
|
|upkeep
|turn|21
|
|t:|1769323653
|cant|p2a: Zamazenta|slp
|move|p1a: Zapdos|Discharge|p2a: Zamazenta
|-damage|p2a: Zamazenta|54/100 slp
|
|upkeep
|turn|22
|
|t:|1769323658
|-curestatus|p2a: Zamazenta|slp|[msg]
|move|p2a: Zamazenta|Body Press|p1a: Zapdos
|-resisted|p1a: Zapdos
|-damage|p1a: Zapdos|16/100
|move|p1a: Zapdos|Roost|p1a: Zapdos
|-heal|p1a: Zapdos|67/100
|-singleturn|p1a: Zapdos|move: Roost
|
|upkeep
|turn|23
|
|t:|1769323664
|move|p2a: Zamazenta|Iron Defense|p2a: Zamazenta
|-boost|p2a: Zamazenta|def|2
|move|p1a: Zapdos|Roost|p1a: Zapdos
|-heal|p1a: Zapdos|100/100
|-singleturn|p1a: Zapdos|move: Roost
|
|upkeep
|turn|24
|
|t:|1769323671
|move|p2a: Zamazenta|Body Press|p1a: Zapdos
|-resisted|p1a: Zapdos
|-damage|p1a: Zapdos|50/100
|move|p1a: Zapdos|Discharge|p2a: Zamazenta
|-damage|p2a: Zamazenta|32/100
|
|upkeep
|turn|25
|
|t:|1769323678
|move|p2a: Zamazenta|Rest|p2a: Zamazenta
|-status|p2a: Zamazenta|slp|[from] move: Rest
|-heal|p2a: Zamazenta|100/100 slp|[silent]
|move|p1a: Zapdos|Discharge|p2a: Zamazenta
|-damage|p2a: Zamazenta|76/100 slp
|
|upkeep
|turn|26
|
|t:|1769323691
|cant|p2a: Zamazenta|slp
|move|p1a: Zapdos|Roost|p1a: Zapdos
|-heal|p1a: Zapdos|99/100
|-singleturn|p1a: Zapdos|move: Roost
|
|upkeep
|turn|27
|
|t:|1769323699
|cant|p2a: Zamazenta|slp
|move|p1a: Zapdos|Hurricane|p2a: Zamazenta
|-resisted|p2a: Zamazenta
|-damage|p2a: Zamazenta|58/100 slp
|-start|p2a: Zamazenta|confusion
|
|upkeep
|turn|28
|
|t:|1769323704
|-curestatus|p2a: Zamazenta|slp|[msg]
|-activate|p2a: Zamazenta|confusion
|-damage|p2a: Zamazenta|57/100|[from] confusion
|move|p1a: Zapdos|Discharge|p2a: Zamazenta
|-damage|p2a: Zamazenta|31/100
|
|upkeep
|turn|29
|
|t:|1769323711
|-activate|p2a: Zamazenta|confusion
|move|p2a: Zamazenta|Rest|p2a: Zamazenta
|-status|p2a: Zamazenta|slp|[from] move: Rest
|-heal|p2a: Zamazenta|100/100 slp|[silent]
|move|p1a: Zapdos|Discharge|p2a: Zamazenta
|-damage|p2a: Zamazenta|77/100 slp
|
|upkeep
|turn|30
|
|t:|1769323722
|cant|p2a: Zamazenta|slp
|move|p1a: Zapdos|Discharge|p2a: Zamazenta
|-damage|p2a: Zamazenta|52/100 slp
|
|upkeep
|turn|31
|
|t:|1769323725
|cant|p2a: Zamazenta|slp
|move|p1a: Zapdos|Discharge|p2a: Zamazenta
|-damage|p2a: Zamazenta|28/100 slp
|
|upkeep
|turn|32
|
|t:|1769323733
|-curestatus|p2a: Zamazenta|slp|[msg]
|-activate|p2a: Zamazenta|confusion
|move|p2a: Zamazenta|Rest|p2a: Zamazenta
|-status|p2a: Zamazenta|slp|[from] move: Rest
|-heal|p2a: Zamazenta|100/100 slp|[silent]
|move|p1a: Zapdos|U-turn|p2a: Zamazenta
|-resisted|p2a: Zamazenta
|-damage|p2a: Zamazenta|99/100 slp
|
|t:|1769323738
|switch|p1a: Iron Boulder|Iron Boulder|88/100|[from] U-turn
|-damage|p1a: Iron Boulder|76/100|[from] Stealth Rock
|
|upkeep
|turn|33
|
|t:|1769323744
|move|p1a: Iron Boulder|Swords Dance|p1a: Iron Boulder
|-boost|p1a: Iron Boulder|atk|2
|cant|p2a: Zamazenta|slp
|
|upkeep
|turn|34
|
|t:|1769323749
|move|p1a: Iron Boulder|Close Combat|p2a: Zamazenta
|-supereffective|p2a: Zamazenta
|-damage|p2a: Zamazenta|73/100 slp
|-unboost|p1a: Iron Boulder|def|1
|-unboost|p1a: Iron Boulder|spd|1
|cant|p2a: Zamazenta|slp
|
|upkeep
|turn|35
|
|t:|1769323757
|move|p1a: Iron Boulder|Close Combat|p2a: Zamazenta
|-supereffective|p2a: Zamazenta
|-damage|p2a: Zamazenta|48/100 slp
|-unboost|p1a: Iron Boulder|def|1
|-unboost|p1a: Iron Boulder|spd|1
|-curestatus|p2a: Zamazenta|slp|[msg]
|-end|p2a: Zamazenta|confusion
|move|p2a: Zamazenta|Body Press|p1a: Iron Boulder
|-damage|p1a: Iron Boulder|0 fnt
|faint|p1a: Iron Boulder
|-end|p1a: Iron Boulder|Quark Drive|[silent]
|
|upkeep
|
|t:|1769323768
|switch|p1a: Zapdos|Zapdos|99/100
|turn|36
|
|t:|1769323771
|move|p2a: Zamazenta|Body Press|p1a: Zapdos
|-resisted|p1a: Zapdos
|-damage|p1a: Zapdos|43/100
|move|p1a: Zapdos|Discharge|p2a: Zamazenta
|-damage|p2a: Zamazenta|24/100
|
|upkeep
|turn|37
|
|t:|1769323783
|move|p2a: Zamazenta|Rest|p2a: Zamazenta
|-status|p2a: Zamazenta|slp|[from] move: Rest
|-heal|p2a: Zamazenta|100/100 slp|[silent]
|move|p1a: Zapdos|Roost|p1a: Zapdos
|-heal|p1a: Zapdos|93/100
|-singleturn|p1a: Zapdos|move: Roost
|
|upkeep
|turn|38
|
|t:|1769323789
|cant|p2a: Zamazenta|slp
|move|p1a: Zapdos|Hurricane|p2a: Zamazenta
|-resisted|p2a: Zamazenta
|-damage|p2a: Zamazenta|85/100 slp
|
|upkeep
|turn|39
|
|t:|1769323795
|cant|p2a: Zamazenta|slp
|move|p1a: Zapdos|Hurricane|p2a: Zamazenta
|-resisted|p2a: Zamazenta
|-damage|p2a: Zamazenta|69/100 slp
|-start|p2a: Zamazenta|confusion
|
|upkeep
|turn|40
|
|t:|1769323798
|-curestatus|p2a: Zamazenta|slp|[msg]
|-activate|p2a: Zamazenta|confusion
|move|p2a: Zamazenta|Body Press|p1a: Zapdos
|-resisted|p1a: Zapdos
|-damage|p1a: Zapdos|40/100
|-status|p2a: Zamazenta|par|[from] ability: Static|[of] p1a: Zapdos
|move|p1a: Zapdos|Discharge|p2a: Zamazenta
|-damage|p2a: Zamazenta|44/100 par
|
|upkeep
|turn|41
|
|t:|1769323804
|move|p1a: Zapdos|Discharge|p2a: Zamazenta
|-damage|p2a: Zamazenta|20/100 par
|-activate|p2a: Zamazenta|confusion
|cant|p2a: Zamazenta|par
|
|upkeep
|turn|42
|
|t:|1769323810
|move|p1a: Zapdos|Discharge|p2a: Zamazenta
|-damage|p2a: Zamazenta|0 fnt
|faint|p2a: Zamazenta
|
|upkeep
|
|t:|1769323813
|switch|p2a: Pecharunt|Pecharunt|100/100
|turn|43
|
|t:|1769323816
|move|p1a: Zapdos|Discharge|p2a: Pecharunt
|-damage|p2a: Pecharunt|67/100
|move|p2a: Pecharunt|Malignant Chain|p1a: Zapdos
|-damage|p1a: Zapdos|9/100
|
|upkeep
|turn|44
|
|t:|1769323823
|move|p1a: Zapdos|Discharge|p2a: Pecharunt
|-damage|p2a: Pecharunt|33/100
|move|p2a: Pecharunt|Recover|p2a: Pecharunt
|-heal|p2a: Pecharunt|83/100
|
|upkeep
|turn|45
|
|t:|1769323827
|move|p1a: Zapdos|Discharge|p2a: Pecharunt
|-damage|p2a: Pecharunt|53/100
|-status|p2a: Pecharunt|par
|move|p2a: Pecharunt|Malignant Chain|p1a: Zapdos
|-damage|p1a: Zapdos|0 fnt
|faint|p1a: Zapdos
|
|upkeep
|
|t:|1769323833
|switch|p1a: Dragapult|Dragapult, M, tera:Ghost|100/100
|-damage|p1a: Dragapult|88/100|[from] Stealth Rock
|turn|46
|
|t:|1769323837
|move|p1a: Dragapult|Tera Blast|p2a: Pecharunt|[anim] Tera Blast Ghost
|-supereffective|p2a: Pecharunt
|-damage|p2a: Pecharunt|0 fnt
|faint|p2a: Pecharunt
|
|win|sebeck
|raw|sebeck's rating: 1445 &rarr; <strong>1465</strong><br />(+20 for winning)
|raw|Jagonite's rating: 1452 &rarr; <strong>1432</strong><br />(-20 for losing)
|l|☆Jagonite
|player|p2|
|l|☆sebeck
|player|p1|
