|badge|p2|silver|gen9ou|30-8
|uhtml|medal-msg|<div class="broadcast-blue">Curious what those medals under the avatar are? PS now has Ladder Seasons! For more information, check out the <a href="https://www.smogon.com/forums/threads/3740067/">thread on Smogon.</a></div>
|j|☆spunder_policy
|j|‽ClRCUS MAXIMUS
|t:|1769319657
|gametype|singles
|player|p1|spunder_policy|169|1804
|player|p2|ClRCUS MAXIMUS|rood|1934
|gen|9
|tier|[Gen 9] OU
|rated|
|rule|HP Percentage Mod: HP is shown in percentages
|rule|Endless Battle Clause: Forcing endless battles is banned
|rule|Species Clause: Limit one of each Pokémon
|rule|OHKO Clause: OHKO moves are banned
|rule|Evasion Items Clause: Evasion items are banned
|rule|Evasion Moves Clause: Evasion moves are banned
|rule|Evasion Abilities Clause: Evasion abilities are banned
|rule|Sleep Moves Clause: Sleep-inducing moves are banned
|clearpoke
|poke|p1|Zoroark-Hisui, M|
|poke|p1|Mesprit|
|poke|p1|Alomomola, F|
|poke|p1|Goodra-Hisui, M|
|poke|p1|Thundurus, M|
|poke|p1|Blaziken, F|
|poke|p2|Ogerpon-Cornerstone, F|
|poke|p2|Pecharunt|
|poke|p2|Great Tusk|
|poke|p2|Alomomola, F|
|poke|p2|Iron Valiant|
|poke|p2|Garganacl, F|
|teampreview
|inactive|Battle timer is ON: inactive players will automatically lose when time's up. (requested by spunder_policy)
|inactive|ClRCUS MAXIMUS has 120 seconds left.
|j| DragonHunter994
|inactive|ClRCUS MAXIMUS has 90 seconds left.
|inactive|ClRCUS MAXIMUS has 60 seconds left.
|l|☆spunder_policy
|inactive|spunder_policy disconnected and has a minute to reconnect!
|player|p1|
|j|☆spunder_policy
|inactive|spunder_policy reconnected.
|player|p1|spunder_policy|169|
|
|t:|1769319777
|teamsize|p1|6
|teamsize|p2|6
|start
|switch|p1a: Mesprit|Mesprit|100/100
|switch|p2a: Garganacl|Garganacl, F, shiny|100/100
|turn|1
|
|t:|1769319781
|move|p1a: Mesprit|Psychic Noise|p2a: Garganacl
|-damage|p2a: Garganacl|80/100
|-start|p2a: Garganacl|move: Heal Block
|move|p2a: Garganacl|Stealth Rock|p1a: Mesprit
|-sidestart|p1: spunder_policy|move: Stealth Rock
|
|upkeep
|turn|2
|
|t:|1769319788
|switch|p2a: Alomomola|Alomomola, F, shiny|100/100
|move|p1a: Mesprit|Stealth Rock|p2a: Alomomola
|-sidestart|p2: ClRCUS MAXIMUS|move: Stealth Rock
|
|upkeep
|turn|3
|
|t:|1769319793
|move|p1a: Mesprit|U-turn|p2a: Alomomola
|-damage|p2a: Alomomola|90/100
|
|t:|1769319794
|switch|p1a: Thundurus|Thundurus, M|100/100|[from] U-turn
|move|p2a: Alomomola|Mirror Coat||[still]
|-fail|p2a: Alomomola
|
|upkeep
|turn|4
|
|t:|1769319799
|move|p1a: Thundurus|U-turn|p2a: Alomomola
|-damage|p2a: Alomomola|80/100
|
|t:|1769319801
|switch|p1a: Mesprit|Mesprit|100/100|[from] U-turn
|move|p2a: Alomomola|Flip Turn|p1a: Mesprit
|-damage|p1a: Mesprit|90/100
|
|t:|1769319809
|switch|p2a: Garganacl|Garganacl, F, shiny|80/100|[from] Flip Turn
|-damage|p2a: Garganacl|68/100|[from] Stealth Rock
|
|-heal|p2a: Garganacl|74/100|[from] item: Leftovers
|upkeep
|turn|5
|
|t:|1769319811
|move|p2a: Garganacl|Protect|p2a: Garganacl
|-singleturn|p2a: Garganacl|Protect
|move|p1a: Mesprit|Psychic Noise|p2a: Garganacl
|-activate|p2a: Garganacl|move: Protect
|
|-heal|p2a: Garganacl|80/100|[from] item: Leftovers
|upkeep
|turn|6
|
|t:|1769319812
|move|p1a: Mesprit|Psychic Noise|p2a: Garganacl
|-damage|p2a: Garganacl|61/100
|-start|p2a: Garganacl|move: Heal Block
|move|p2a: Garganacl|Salt Cure|p1a: Mesprit
|-damage|p1a: Mesprit|81/100
|-start|p1a: Mesprit|Salt Cure
|
|-damage|p1a: Mesprit|69/100|[from] Salt Cure
|upkeep
|turn|7
|
|t:|1769319816
|move|p2a: Garganacl|Protect|p2a: Garganacl
|-singleturn|p2a: Garganacl|Protect
|move|p1a: Mesprit|Psychic Noise|p2a: Garganacl
|-activate|p2a: Garganacl|move: Protect
|
|-damage|p1a: Mesprit|57/100|[from] Salt Cure
|-end|p2a: Garganacl|move: Heal Block
|upkeep
|turn|8
|
|t:|1769319824
|switch|p2a: Alomomola|Alomomola, F, shiny|100/100
|-damage|p2a: Alomomola|88/100|[from] Stealth Rock
|move|p1a: Mesprit|Psychic Noise|p2a: Alomomola
|-damage|p2a: Alomomola|72/100
|-start|p2a: Alomomola|move: Heal Block
|
|-damage|p1a: Mesprit|44/100|[from] Salt Cure
|upkeep
|turn|9
|j| sagdomz2
|
|t:|1769319834
|move|p1a: Mesprit|Psychic Noise|p2a: Alomomola
|-damage|p2a: Alomomola|58/100
|move|p2a: Alomomola|Flip Turn|p1a: Mesprit
|-crit|p1a: Mesprit
|-damage|p1a: Mesprit|28/100
|j| iamfrhaan007
|
|t:|1769319845
|switch|p2a: Great Tusk|Great Tusk, shiny|100/100|[from] Flip Turn
|
|-damage|p1a: Mesprit|15/100|[from] Salt Cure
|upkeep
|turn|10
|
|t:|1769319848
|switch|p1a: Goodra|Goodra-Hisui, M|100/100
|move|p2a: Great Tusk|Rapid Spin|p1a: Goodra
|-immune|p1a: Goodra
|
|upkeep
|turn|11
|
|t:|1769319854
|-end|p2a: Great Tusk|Protosynthesis|[silent]
|switch|p2a: Alomomola|Alomomola, F, shiny|91/100
|-damage|p2a: Alomomola|78/100|[from] Stealth Rock
|move|p1a: Goodra|Will-O-Wisp|p2a: Alomomola
|-status|p2a: Alomomola|brn
|
|-damage|p2a: Alomomola|72/100 brn|[from] brn
|upkeep
|turn|12
|
|t:|1769319859
|move|p1a: Goodra|Hex|p2a: Alomomola
|-damage|p2a: Alomomola|38/100 brn
|move|p2a: Alomomola|Flip Turn|p1a: Goodra
|-damage|p1a: Goodra|85/100
|replace|p1a: Zoroark|Zoroark-Hisui, M
|-end|p1a: Zoroark|Illusion
|l| iamfrhaan007
|
|t:|1769319861
|switch|p2a: Garganacl|Garganacl, F, shiny|61/100|[from] Flip Turn
|-damage|p2a: Garganacl|49/100|[from] Stealth Rock
|
|-heal|p2a: Garganacl|55/100|[from] item: Leftovers
|upkeep
|turn|13
|
|t:|1769319865
|move|p1a: Zoroark|Focus Blast|p2a: Garganacl|[miss]
|-miss|p1a: Zoroark|p2a: Garganacl
|move|p2a: Garganacl|Recover|p2a: Garganacl
|-heal|p2a: Garganacl|100/100
|
|upkeep
|turn|14
|
|t:|1769319869
|-terastallize|p1a: Zoroark|Fighting
|move|p1a: Zoroark|Focus Blast|p2a: Garganacl
|-supereffective|p2a: Garganacl
|-damage|p2a: Garganacl|21/100
|-unboost|p2a: Garganacl|spd|1
|move|p2a: Garganacl|Salt Cure|p1a: Zoroark
|-resisted|p1a: Zoroark
|-damage|p1a: Zoroark|70/100
|-start|p1a: Zoroark|Salt Cure
|
|-heal|p2a: Garganacl|27/100|[from] item: Leftovers
|-damage|p1a: Zoroark|57/100|[from] Salt Cure
|upkeep
|turn|15
|j| we love marioparty
|
|t:|1769319878
|move|p1a: Zoroark|Tera Blast|p2a: Garganacl|[anim] Tera Blast Fighting
|-supereffective|p2a: Garganacl
|-damage|p2a: Garganacl|0 fnt
|faint|p2a: Garganacl
|
|-damage|p1a: Zoroark|45/100|[from] Salt Cure
|upkeep
|
|t:|1769319883
|switch|p2a: Iron Valiant|Iron Valiant, shiny|100/100
|-damage|p2a: Iron Valiant|94/100|[from] Stealth Rock
|turn|16
|
|t:|1769319886
|switch|p1a: Thundurus|Thundurus, M|100/100
|move|p2a: Iron Valiant|Moonblast|p1a: Thundurus
|-crit|p1a: Thundurus
|-damage|p1a: Thundurus|0 fnt
|faint|p1a: Thundurus
|
|upkeep
|
|t:|1769319892
|switch|p1a: Alomomola|Alomomola, F|100/100
|turn|17
|
|t:|1769319895
|-end|p2a: Iron Valiant|Quark Drive|[silent]
|switch|p2a: Alomomola|Alomomola, F, shiny|71/100 brn
|-damage|p2a: Alomomola|59/100 brn|[from] Stealth Rock
|move|p1a: Alomomola|Flip Turn|p2a: Alomomola
|-resisted|p2a: Alomomola
|-damage|p2a: Alomomola|53/100 brn
|
|t:|1769319899
|switch|p1a: Goodra|Goodra-Hisui, M, tera:Fighting|45/100|[from] Flip Turn
|
|-damage|p2a: Alomomola|47/100 brn|[from] brn
|upkeep
|turn|18
|
|t:|1769319908
|move|p1a: Goodra|Hex|p2a: Alomomola
|-damage|p2a: Alomomola|11/100 brn
|move|p2a: Alomomola|Flip Turn|p1a: Goodra
|-damage|p1a: Goodra|28/100
|replace|p1a: Zoroark|Zoroark-Hisui, M
|-end|p1a: Zoroark|Illusion
|
|t:|1769319911
|switch|p2a: Iron Valiant|Iron Valiant, shiny|94/100|[from] Flip Turn
|-damage|p2a: Iron Valiant|88/100|[from] Stealth Rock
|
|upkeep
|turn|19
|
|t:|1769319914
|switch|p1a: Mesprit|Mesprit|15/100
|move|p2a: Iron Valiant|Moonblast|p1a: Mesprit
|-damage|p1a: Mesprit|0 fnt
|faint|p1a: Mesprit
|
|upkeep
|
|t:|1769319916
|switch|p1a: Alomomola|Alomomola, F|100/100
|turn|20
|
|t:|1769319919
|move|p2a: Iron Valiant|Moonblast|p1a: Alomomola
|-damage|p1a: Alomomola|51/100
|-unboost|p1a: Alomomola|spa|1
|move|p1a: Alomomola|Flip Turn|p2a: Iron Valiant
|-damage|p2a: Iron Valiant|67/100
|
|t:|1769319923
|switch|p1a: Goodra|Goodra-Hisui, M|100/100|[from] Flip Turn
|
|upkeep
|turn|21
|
|t:|1769319929
|-end|p2a: Iron Valiant|Quark Drive|[silent]
|switch|p2a: Great Tusk|Great Tusk, shiny|100/100
|move|p1a: Goodra|Sludge Bomb|p2a: Great Tusk
|-resisted|p2a: Great Tusk
|-damage|p2a: Great Tusk|80/100
|
|upkeep
|turn|22
|
|t:|1769319932
|move|p2a: Great Tusk|Rapid Spin|p1a: Goodra
|-resisted|p1a: Goodra
|-damage|p1a: Goodra|93/100
|-boost|p2a: Great Tusk|spe|1
|-sideend|p2: ClRCUS MAXIMUS|Stealth Rock|[from] move: Rapid Spin|[of] p2a: Great Tusk
|move|p1a: Goodra|Surf|p2a: Great Tusk
|-supereffective|p2a: Great Tusk
|-damage|p2a: Great Tusk|2/100
|
|upkeep
|turn|23
|
|t:|1769319935
|switch|p1a: Alomomola|Alomomola, F|84/100
|move|p2a: Great Tusk|Headlong Rush|p1a: Alomomola
|-damage|p1a: Alomomola|37/100
|-unboost|p2a: Great Tusk|def|1
|-unboost|p2a: Great Tusk|spd|1
|
|upkeep
|turn|24
|
|t:|1769319943
|switch|p1a: Goodra|Goodra-Hisui, M|93/100
|move|p2a: Great Tusk|Headlong Rush|p1a: Goodra
|-supereffective|p1a: Goodra
|-damage|p1a: Goodra|0 fnt
|-unboost|p2a: Great Tusk|def|1
|-unboost|p2a: Great Tusk|spd|1
|faint|p1a: Goodra
|
|upkeep
|
|t:|1769319946
|switch|p1a: Alomomola|Alomomola, F|71/100
|turn|25
|
|t:|1769319949
|move|p2a: Great Tusk|Headlong Rush|p1a: Alomomola
|-damage|p1a: Alomomola|24/100
|-unboost|p2a: Great Tusk|def|1
|-unboost|p2a: Great Tusk|spd|1
|move|p1a: Alomomola|Flip Turn|p2a: Great Tusk
|-supereffective|p2a: Great Tusk
|-damage|p2a: Great Tusk|0 fnt
|faint|p2a: Great Tusk
|-end|p2a: Great Tusk|Protosynthesis|[silent]
|
|t:|1769319952
|switch|p1a: Blaziken|Blaziken, F|100/100|[from] Flip Turn
|
|upkeep
|
|t:|1769319958
|switch|p2a: Pecharunt|Pecharunt|100/100
|turn|26
|
|t:|1769319962
|move|p1a: Blaziken|Protect|p1a: Blaziken
|-singleturn|p1a: Blaziken|Protect
|move|p2a: Pecharunt|Malignant Chain|p1a: Blaziken
|-activate|p1a: Blaziken|move: Protect
|
|-ability|p1a: Blaziken|Speed Boost|boost
|-boost|p1a: Blaziken|spe|1
|upkeep
|turn|27
|
|t:|1769319964
|move|p1a: Blaziken|U-turn|p2a: Pecharunt
|-resisted|p2a: Pecharunt
|-damage|p2a: Pecharunt|98/100
|
|t:|1769319965
|switch|p1a: Alomomola|Alomomola, F|57/100|[from] U-turn
|move|p2a: Pecharunt|Malignant Chain|p1a: Alomomola
|-damage|p1a: Alomomola|36/100
|-status|p1a: Alomomola|tox
|-start|p1a: Alomomola|confusion|[from] ability: Poison Puppeteer|[of] p2a: Pecharunt
|
|-damage|p1a: Alomomola|30/100 tox|[from] psn
|upkeep
|turn|28
|
|t:|1769319972
|move|p2a: Pecharunt|Malignant Chain|p1a: Alomomola
|-damage|p1a: Alomomola|7/100 tox
|-activate|p1a: Alomomola|confusion
|move|p1a: Alomomola|Flip Turn|p2a: Pecharunt
|-damage|p2a: Pecharunt|91/100
|
|t:|1769319976
|switch|p1a: Alomomola|Alomomola, F, tera:Fighting|28/100|[from] Flip Turn
|
|upkeep
|turn|29
|
|t:|1769319983
|switch|p2a: Alomomola|Alomomola, F, shiny|45/100 brn
|move|p1a: Alomomola|Hex|p2a: Alomomola
|-damage|p2a: Alomomola|12/100 brn
|
|-damage|p2a: Alomomola|6/100 brn|[from] brn
|upkeep
|turn|30
|
|t:|1769319990
|move|p1a: Alomomola|Hex|p2a: Alomomola
|-damage|p2a: Alomomola|0 fnt
|faint|p2a: Alomomola
|
|upkeep
|
|t:|1769319992
|switch|p2a: Iron Valiant|Iron Valiant, shiny|67/100
|turn|31
|
|t:|1769319997
|switch|p1a: Alomomola|Alomomola, F|40/100 tox
|move|p2a: Iron Valiant|Moonblast|p1a: Alomomola
|-damage|p1a: Alomomola|0 fnt
|faint|p1a: Alomomola
|
|upkeep
|
|t:|1769319998
|switch|p1a: Blaziken|Blaziken, F|100/100
|turn|32
|
|t:|1769320004
|-terastallize|p2a: Iron Valiant|Fairy
|move|p1a: Blaziken|Protect|p1a: Blaziken
|-singleturn|p1a: Blaziken|Protect
|move|p2a: Iron Valiant|Moonblast|p1a: Blaziken
|-activate|p1a: Blaziken|move: Protect
|
|-ability|p1a: Blaziken|Speed Boost|boost
|-boost|p1a: Blaziken|spe|1
|upkeep
|turn|33
|
|t:|1769320011
|-end|p2a: Iron Valiant|Quark Drive|[silent]
|switch|p2a: Pecharunt|Pecharunt|91/100
|move|p1a: Blaziken|Overheat|p2a: Pecharunt
|-damage|p2a: Pecharunt|20/100
|-unboost|p1a: Blaziken|spa|2
|
|-ability|p1a: Blaziken|Speed Boost|boost
|-boost|p1a: Blaziken|spe|1
|upkeep
|turn|34
|
|t:|1769320018
|move|p1a: Blaziken|Earthquake|p2a: Pecharunt
|-supereffective|p2a: Pecharunt
|-damage|p2a: Pecharunt|0 fnt
|faint|p2a: Pecharunt
|
|-ability|p1a: Blaziken|Speed Boost|boost
|-boost|p1a: Blaziken|spe|1
|upkeep
|
|t:|1769320023
|switch|p2a: Ogerpon|Ogerpon-Cornerstone, F|100/100
|turn|35
|
|t:|1769320031
|move|p1a: Blaziken|Earthquake|p2a: Ogerpon
|-damage|p2a: Ogerpon|61/100
|move|p2a: Ogerpon|Ivy Cudgel|p1a: Blaziken|[anim] Ivy Cudgel Rock
|-damage|p1a: Blaziken|7/100
|
|-ability|p1a: Blaziken|Speed Boost|boost
|-boost|p1a: Blaziken|spe|1
|upkeep
|turn|36
|
|t:|1769320036
|move|p1a: Blaziken|U-turn|p2a: Ogerpon
|-supereffective|p2a: Ogerpon
|-damage|p2a: Ogerpon|11/100
|j| AmberArm
|
|t:|1769320038
|switch|p1a: Blaziken|Blaziken, F, tera:Fighting|28/100|[from] U-turn
|move|p2a: Ogerpon|Ivy Cudgel|p1a: Blaziken|[anim] Ivy Cudgel Rock
|-resisted|p1a: Blaziken
|-crit|p1a: Blaziken
|-damage|p1a: Blaziken|0 fnt
|replace|p1a: Zoroark|Zoroark-Hisui, M
|-end|p1a: Zoroark|Illusion
|faint|p1a: Zoroark
|
|upkeep
|
|t:|1769320039
|switch|p1a: Blaziken|Blaziken, F|7/100
|turn|37
|
|t:|1769320048
|move|p1a: Blaziken|Protect|p1a: Blaziken
|-singleturn|p1a: Blaziken|Protect
|move|p2a: Ogerpon|Ivy Cudgel|p1a: Blaziken|[anim] Ivy Cudgel Rock
|-activate|p1a: Blaziken|move: Protect
|
|-ability|p1a: Blaziken|Speed Boost|boost
|-boost|p1a: Blaziken|spe|1
|upkeep
|turn|38
|
|t:|1769320051
|move|p1a: Blaziken|Earthquake|p2a: Ogerpon
|-damage|p2a: Ogerpon|0 fnt
|faint|p2a: Ogerpon
|
|-ability|p1a: Blaziken|Speed Boost|boost
|-boost|p1a: Blaziken|spe|1
|upkeep
|
|t:|1769320052
|switch|p2a: Iron Valiant|Iron Valiant, shiny, tera:Fairy|67/100
|turn|39
|
|t:|1769320056
|move|p1a: Blaziken|Protect|p1a: Blaziken
|-singleturn|p1a: Blaziken|Protect
|move|p2a: Iron Valiant|Vacuum Wave|p1a: Blaziken
|-activate|p1a: Blaziken|move: Protect
|
|-ability|p1a: Blaziken|Speed Boost|boost
|-boost|p1a: Blaziken|spe|1
|upkeep
|turn|40
|
|t:|1769320060
|move|p2a: Iron Valiant|Vacuum Wave|p1a: Blaziken
|-damage|p1a: Blaziken|0 fnt
|faint|p1a: Blaziken
|
|win|ClRCUS MAXIMUS
|raw|spunder_policy's rating: 1804 &rarr; <strong>1791</strong><br />(-13 for losing)
|raw|ClRCUS MAXIMUS's rating: 1934 &rarr; <strong>1947</strong><br />(+13 for winning)
|l|☆spunder_policy
|player|p1|
|l|‽ClRCUS MAXIMUS
|player|p2|
|l| AmberArm
|l| sagdomz2
|l| DragonHunter994
|l| we love marioparty
