|j|☆the_good_news_0
|j|☆AdaptiveGoose
|t:|1769427356
|gametype|singles
|player|p1|the_good_news_0|swimmerf|1328
|player|p2|AdaptiveGoose|roxie|1311
|gen|9
|tier|[Gen 9] OU
|rated|
|rule|HP Percentage Mod: HP is shown in percentages
|rule|Endless Battle Clause: Forcing endless battles is banned
|rule|Species Clause: Limit one of each Pokémon
|rule|OHKO Clause: OHKO moves are banned
|rule|Evasion Items Clause: Evasion items are banned
|rule|Evasion Moves Clause: Evasion moves are banned
|rule|Evasion Abilities Clause: Evasion abilities are banned
|rule|Sleep Moves Clause: Sleep-inducing moves are banned
|clearpoke
|poke|p1|Kyurem|
|poke|p1|Corviknight, M|
|poke|p1|Ting-Lu|
|poke|p1|Dondozo, F|
|poke|p1|Slowking-Galar, F|
|poke|p1|Cinderace, M|
|poke|p2|Hatterene, F|
|poke|p2|Ursaluna, F|
|poke|p2|Glastrier|
|poke|p2|Slowking-Galar, M|
|poke|p2|Porygon-Z|
|poke|p2|Kingambit, M|
|teampreview
|inactive|Battle timer is ON: inactive players will automatically lose when time's up. (requested by the_good_news_0)
|
|t:|1769427376
|teamsize|p1|6
|teamsize|p2|6
|start
|switch|p1a: Corviknight|Corviknight, M|100/100
|switch|p2a: Hatterene|Hatterene, F|100/100
|-ability|p1a: Corviknight|Pressure
|turn|1
|
|t:|1769427383
|move|p1a: Corviknight|U-turn|p2a: Hatterene
|-damage|p2a: Hatterene|83/100
|
|t:|1769427387
|switch|p1a: Slowking|Slowking-Galar, F|100/100|[from] U-turn
|move|p2a: Hatterene|Nuzzle|p1a: Slowking
|-damage|p1a: Slowking|97/100
|-status|p1a: Slowking|par
|
|-heal|p2a: Hatterene|89/100|[from] item: Leftovers
|upkeep
|turn|2
|
|t:|1769427398
|move|p1a: Slowking|Future Sight|p2a: Hatterene
|-start|p1a: Slowking|move: Future Sight
|move|p2a: Hatterene|Trick Room|p2a: Hatterene
|-fieldstart|move: Trick Room|[of] p2a: Hatterene
|
|-heal|p2a: Hatterene|95/100|[from] item: Leftovers
|upkeep
|turn|3
|
|t:|1769427424
|switch|p2a: Ursaluna|Ursaluna, F|100/100
|move|p1a: Slowking|Sludge Bomb|p2a: Ursaluna
|-resisted|p2a: Ursaluna
|-damage|p2a: Ursaluna|85/100
|
|-status|p2a: Ursaluna|brn|[from] item: Flame Orb
|upkeep
|turn|4
|
|t:|1769427447
|switch|p1a: Corviknight|Corviknight, M|100/100
|-ability|p1a: Corviknight|Pressure
|move|p2a: Ursaluna|Swords Dance|p2a: Ursaluna
|-boost|p2a: Ursaluna|atk|2
|
|-end|p2a: Ursaluna|move: Future Sight
|-damage|p2a: Ursaluna|45/100 brn
|-damage|p2a: Ursaluna|39/100 brn|[from] brn
|upkeep
|turn|5
|
|t:|1769427456
|switch|p1a: Dondozo|Dondozo, F|100/100
|move|p2a: Ursaluna|Drain Punch|p1a: Dondozo
|-damage|p1a: Dondozo|73/100
|-heal|p2a: Ursaluna|54/100 brn|[from] drain|[of] p1a: Dondozo
|
|-heal|p1a: Dondozo|79/100|[from] item: Leftovers
|-damage|p2a: Ursaluna|48/100 brn|[from] brn
|upkeep
|turn|6
|
|t:|1769427463
|move|p1a: Dondozo|Body Press|p2a: Ursaluna
|-supereffective|p2a: Ursaluna
|-damage|p2a: Ursaluna|17/100 brn
|move|p2a: Ursaluna|Facade|p1a: Dondozo
|-damage|p1a: Dondozo|8/100
|
|-heal|p1a: Dondozo|14/100|[from] item: Leftovers
|-damage|p2a: Ursaluna|11/100 brn|[from] brn
|-fieldend|move: Trick Room
|upkeep
|turn|7
|
|t:|1769427469
|switch|p1a: Corviknight|Corviknight, M|100/100
|-ability|p1a: Corviknight|Pressure
|move|p2a: Ursaluna|Facade|p1a: Corviknight
|-resisted|p1a: Corviknight
|-damage|p1a: Corviknight|31/100
|-damage|p2a: Ursaluna|0 fnt|[from] item: Rocky Helmet|[of] p1a: Corviknight
|faint|p2a: Ursaluna
|
|upkeep
|
|t:|1769427477
|switch|p2a: Porygon-Z|Porygon-Z|100/100
|-ability|p2a: Porygon-Z|Download|boost
|-boost|p2a: Porygon-Z|spa|1
|turn|8
|
|t:|1769427499
|switch|p1a: Ting-Lu|Ting-Lu|100/100
|-ability|p1a: Ting-Lu|Vessel of Ruin
|move|p2a: Porygon-Z|Ice Beam|p1a: Ting-Lu
|-supereffective|p1a: Ting-Lu
|-damage|p1a: Ting-Lu|32/100
|
|-heal|p1a: Ting-Lu|39/100|[from] item: Leftovers
|upkeep
|turn|9
|
|t:|1769427505
|switch|p1a: Slowking|Slowking-Galar, F|100/100 par
|move|p2a: Porygon-Z|Ice Beam|p1a: Slowking
|-damage|p1a: Slowking|41/100 par
|
|upkeep
|turn|10
|
|t:|1769427513
|switch|p1a: Corviknight|Corviknight, M|31/100
|-ability|p1a: Corviknight|Pressure
|move|p2a: Porygon-Z|Ice Beam|p1a: Corviknight
|-damage|p1a: Corviknight|0 fnt
|faint|p1a: Corviknight
|
|upkeep
|
|t:|1769427515
|switch|p1a: Slowking|Slowking-Galar, F|74/100 par
|turn|11
|
|t:|1769427521
|move|p2a: Porygon-Z|Ice Beam|p1a: Slowking
|-damage|p1a: Slowking|9/100 par
|cant|p1a: Slowking|par
|
|upkeep
|turn|12
|
|t:|1769427525
|switch|p1a: Dondozo|Dondozo, F|14/100
|move|p2a: Porygon-Z|Ice Beam|p1a: Dondozo
|-resisted|p1a: Dondozo
|-crit|p1a: Dondozo
|-damage|p1a: Dondozo|0 fnt
|faint|p1a: Dondozo
|
|upkeep
|
|t:|1769427527
|switch|p1a: Slowking|Slowking-Galar, F|42/100 par
|turn|13
|
|t:|1769427530
|switch|p1a: Ting-Lu|Ting-Lu|39/100
|-ability|p1a: Ting-Lu|Vessel of Ruin
|move|p2a: Porygon-Z|Ice Beam|p1a: Ting-Lu
|-supereffective|p1a: Ting-Lu
|-damage|p1a: Ting-Lu|0 fnt
|faint|p1a: Ting-Lu
|
|upkeep
|
|t:|1769427532
|switch|p1a: Cinderace|Cinderace, M|100/100
|turn|14
|
|t:|1769427537
|switch|p2a: Hatterene|Hatterene, F|95/100
|move|p1a: Cinderace|Pyro Ball|p2a: Hatterene
|-damage|p2a: Hatterene|40/100
|-status|p2a: Hatterene|brn
|
|-heal|p2a: Hatterene|46/100 brn|[from] item: Leftovers
|-damage|p2a: Hatterene|40/100 brn|[from] brn
|upkeep
|turn|15
|
|t:|1769427541
|move|p1a: Cinderace|Pyro Ball|p2a: Hatterene
|-damage|p2a: Hatterene|0 fnt
|faint|p2a: Hatterene
|
|upkeep
|
|t:|1769427549
|switch|p2a: Slowking|Slowking-Galar, M|100/100
|turn|16
|
|t:|1769427552
|move|p1a: Cinderace|U-turn|p2a: Slowking
|-damage|p2a: Slowking|82/100
|
|t:|1769427555
|switch|p1a: Kyurem|Kyurem|100/100|[from] U-turn
|-ability|p1a: Kyurem|Pressure
|move|p2a: Slowking|Trick Room|p2a: Slowking
|-fieldstart|move: Trick Room|[of] p2a: Slowking
|
|upkeep
|turn|17
|
|t:|1769427559
|move|p2a: Slowking|Future Sight|p1a: Kyurem
|-start|p2a: Slowking|move: Future Sight
|move|p1a: Kyurem|Substitute|p1a: Kyurem
|-start|p1a: Kyurem|Substitute
|-damage|p1a: Kyurem|75/100
|
|-heal|p1a: Kyurem|82/100|[from] item: Leftovers
|upkeep
|turn|18
|
|t:|1769427565
|move|p1a: Kyurem|Protect|p1a: Kyurem
|-singleturn|p1a: Kyurem|Protect
|move|p2a: Slowking|Sludge Bomb|p1a: Kyurem
|-activate|p1a: Kyurem|move: Protect
|
|-heal|p1a: Kyurem|88/100|[from] item: Leftovers
|upkeep
|turn|19
|
|t:|1769427572
|move|p2a: Slowking|Sludge Bomb|p1a: Kyurem
|-end|p1a: Kyurem|Substitute
|move|p1a: Kyurem|Substitute|p1a: Kyurem
|-start|p1a: Kyurem|Substitute
|-damage|p1a: Kyurem|63/100
|
|-end|p1a: Kyurem|move: Future Sight
|-end|p1a: Kyurem|Substitute
|-heal|p1a: Kyurem|69/100|[from] item: Leftovers
|upkeep
|turn|20
|
|t:|1769427592
|move|p1a: Kyurem|Protect|p1a: Kyurem
|-singleturn|p1a: Kyurem|Protect
|move|p2a: Slowking|Sludge Bomb|p1a: Kyurem
|-activate|p1a: Kyurem|move: Protect
|
|-heal|p1a: Kyurem|75/100|[from] item: Leftovers
|-fieldend|move: Trick Room
|upkeep
|turn|21
|
|t:|1769427597
|move|p1a: Kyurem|Substitute|p1a: Kyurem
|-start|p1a: Kyurem|Substitute
|-damage|p1a: Kyurem|50/100
|move|p2a: Slowking|Trick Room|p2a: Slowking
|-fieldstart|move: Trick Room|[of] p2a: Slowking
|
|-heal|p1a: Kyurem|56/100|[from] item: Leftovers
|upkeep
|turn|22
|
|t:|1769427601
|move|p1a: Kyurem|Protect|p1a: Kyurem
|-singleturn|p1a: Kyurem|Protect
|move|p2a: Slowking|Sludge Bomb|p1a: Kyurem
|-activate|p1a: Kyurem|move: Protect
|
|-heal|p1a: Kyurem|63/100|[from] item: Leftovers
|upkeep
|turn|23
|
|t:|1769427604
|-terastallize|p1a: Kyurem|Ground
|move|p2a: Slowking|Sludge Bomb|p1a: Kyurem
|-resisted|p1a: Kyurem
|-activate|p1a: Kyurem|move: Substitute|[damage]
|move|p1a: Kyurem|Earth Power|p2a: Slowking
|-supereffective|p2a: Slowking
|-damage|p2a: Slowking|31/100
|
|-heal|p1a: Kyurem|69/100|[from] item: Leftovers
|upkeep
|turn|24
|
|t:|1769427612
|move|p1a: Kyurem|Protect|p1a: Kyurem
|-singleturn|p1a: Kyurem|Protect
|move|p2a: Slowking|Sludge Bomb|p1a: Kyurem
|-activate|p1a: Kyurem|move: Protect
|
|-heal|p1a: Kyurem|75/100|[from] item: Leftovers
|upkeep
|turn|25
|
|t:|1769427625
|-prepare|p2a: Slowking|Chilly Reception|[premajor]
|move|p2a: Slowking|Chilly Reception|p2a: Slowking
|-weather|Snowscape
|
|t:|1769427633
|switch|p2a: Porygon-Z|Porygon-Z|100/100|[from] Chilly Reception
|-ability|p2a: Porygon-Z|Download|boost
|-boost|p2a: Porygon-Z|spa|1
|move|p1a: Kyurem|Earth Power|p2a: Porygon-Z
|-damage|p2a: Porygon-Z|44/100
|-unboost|p2a: Porygon-Z|spd|1
|
|-weather|Snowscape|[upkeep]
|-heal|p1a: Kyurem|81/100|[from] item: Leftovers
|-fieldend|move: Trick Room
|upkeep
|turn|26
|
|t:|1769427638
|move|p1a: Kyurem|Protect|p1a: Kyurem
|-singleturn|p1a: Kyurem|Protect
|move|p2a: Porygon-Z|Tera Blast|p1a: Kyurem
|-activate|p1a: Kyurem|move: Protect
|
|-weather|Snowscape|[upkeep]
|-heal|p1a: Kyurem|87/100|[from] item: Leftovers
|upkeep
|turn|27
|
|t:|1769427645
|move|p1a: Kyurem|Earth Power|p2a: Porygon-Z
|-damage|p2a: Porygon-Z|0 fnt
|faint|p2a: Porygon-Z
|
|-weather|Snowscape|[upkeep]
|-heal|p1a: Kyurem|94/100|[from] item: Leftovers
|upkeep
|
|t:|1769427649
|switch|p2a: Slowking|Slowking-Galar, M|64/100
|turn|28
|
|t:|1769427653
|move|p1a: Kyurem|Earth Power|p2a: Slowking
|-supereffective|p2a: Slowking
|-damage|p2a: Slowking|12/100
|move|p2a: Slowking|Trick Room|p2a: Slowking
|-fieldstart|move: Trick Room|[of] p2a: Slowking
|
|-weather|Snowscape|[upkeep]
|-heal|p1a: Kyurem|99/100|[from] item: Leftovers
|upkeep
|turn|29
|
|t:|1769427658
|switch|p2a: Glastrier|Glastrier|100/100
|move|p1a: Kyurem|Earth Power|p2a: Glastrier
|-damage|p2a: Glastrier|64/100
|
|-weather|none
|-heal|p1a: Kyurem|100/100|[from] item: Leftovers
|upkeep
|turn|30
|
|t:|1769427662
|move|p2a: Glastrier|Icicle Crash|p1a: Kyurem|[miss]
|-miss|p2a: Glastrier|p1a: Kyurem
|move|p1a: Kyurem|Earth Power|p2a: Glastrier
|-damage|p2a: Glastrier|29/100
|
|upkeep
|turn|31
|
|t:|1769427665
|move|p1a: Kyurem|Protect|p1a: Kyurem
|-singleturn|p1a: Kyurem|Protect
|move|p2a: Glastrier|Icicle Crash|p1a: Kyurem
|-activate|p1a: Kyurem|move: Protect
|
|upkeep
|turn|32
|
|t:|1769427667
|move|p2a: Glastrier|Icicle Crash|p1a: Kyurem
|-supereffective|p1a: Kyurem
|-end|p1a: Kyurem|Substitute
|move|p1a: Kyurem|Earth Power|p2a: Glastrier
|-damage|p2a: Glastrier|0 fnt
|faint|p2a: Glastrier
|
|-fieldend|move: Trick Room
|upkeep
|
|t:|1769427672
|switch|p2a: Slowking|Slowking-Galar, M|45/100
|turn|33
|
|t:|1769427675
|move|p1a: Kyurem|Earth Power|p2a: Slowking
|-supereffective|p2a: Slowking
|-damage|p2a: Slowking|0 fnt
|faint|p2a: Slowking
|
|upkeep
|
|t:|1769427678
|switch|p2a: Kingambit|Kingambit, M|100/100
|-activate|p2a: Kingambit|ability: Supreme Overlord
|-start|p2a: Kingambit|fallen5|[silent]
|turn|34
|
|t:|1769427683
|-terastallize|p2a: Kingambit|Fairy
|move|p1a: Kyurem|Protect|p1a: Kyurem
|-singleturn|p1a: Kyurem|Protect
|move|p2a: Kingambit|Substitute|p2a: Kingambit
|-start|p2a: Kingambit|Substitute
|-damage|p2a: Kingambit|76/100
|
|-heal|p2a: Kingambit|82/100|[from] item: Leftovers
|upkeep
|turn|35
|
|t:|1769427689
|move|p1a: Kyurem|Earth Power|p2a: Kingambit
|-end|p2a: Kingambit|Substitute
|move|p2a: Kingambit|Swords Dance|p2a: Kingambit
|-boost|p2a: Kingambit|atk|2
|
|-heal|p2a: Kingambit|88/100|[from] item: Leftovers
|upkeep
|turn|36
|
|t:|1769427693
|move|p2a: Kingambit|Sucker Punch||[still]
|-fail|p2a: Kingambit
|move|p1a: Kyurem|Substitute|p1a: Kyurem
|-start|p1a: Kyurem|Substitute
|-damage|p1a: Kyurem|75/100
|
|-heal|p1a: Kyurem|82/100|[from] item: Leftovers
|-heal|p2a: Kingambit|94/100|[from] item: Leftovers
|upkeep
|turn|37
|
|t:|1769427697
|move|p1a: Kyurem|Earth Power|p2a: Kingambit
|-damage|p2a: Kingambit|48/100
|move|p2a: Kingambit|Substitute|p2a: Kingambit
|-start|p2a: Kingambit|Substitute
|-damage|p2a: Kingambit|23/100
|
|-heal|p1a: Kyurem|88/100|[from] item: Leftovers
|-heal|p2a: Kingambit|30/100|[from] item: Leftovers
|upkeep
|turn|38
|
|t:|1769427701
|move|p1a: Kyurem|Earth Power|p2a: Kingambit
|-end|p2a: Kingambit|Substitute
|move|p2a: Kingambit|Iron Head|p1a: Kyurem
|-end|p1a: Kyurem|Substitute
|
|-heal|p1a: Kyurem|94/100|[from] item: Leftovers
|-heal|p2a: Kingambit|36/100|[from] item: Leftovers
|upkeep
|turn|39
|
|t:|1769427708
|move|p1a: Kyurem|Protect|p1a: Kyurem
|-singleturn|p1a: Kyurem|Protect
|move|p2a: Kingambit|Substitute|p2a: Kingambit
|-start|p2a: Kingambit|Substitute
|-damage|p2a: Kingambit|11/100
|
|-heal|p1a: Kyurem|99/100|[from] item: Leftovers
|-heal|p2a: Kingambit|17/100|[from] item: Leftovers
|upkeep
|turn|40
|
|t:|1769427712
|move|p1a: Kyurem|Earth Power|p2a: Kingambit
|-end|p2a: Kingambit|Substitute
|move|p2a: Kingambit|Iron Head|p1a: Kyurem
|-damage|p1a: Kyurem|0 fnt
|faint|p1a: Kyurem
|
|-heal|p2a: Kingambit|23/100|[from] item: Leftovers
|upkeep
|
|t:|1769427717
|switch|p1a: Slowking|Slowking-Galar, F|76/100 par
|turn|41
|
|t:|1769427726
|move|p2a: Kingambit|Iron Head|p1a: Slowking
|-damage|p1a: Slowking|0 fnt
|faint|p1a: Slowking
|
|-heal|p2a: Kingambit|30/100|[from] item: Leftovers
|upkeep
|
|t:|1769427729
|switch|p1a: Cinderace|Cinderace, M|100/100
|turn|42
|
|t:|1769427732
|move|p2a: Kingambit|Sucker Punch||[still]
|-fail|p2a: Kingambit
|move|p1a: Cinderace|Will-O-Wisp|p2a: Kingambit
|-status|p2a: Kingambit|brn
|
|-heal|p2a: Kingambit|36/100 brn|[from] item: Leftovers
|-damage|p2a: Kingambit|30/100 brn|[from] brn
|upkeep
|turn|43
|
|t:|1769427737
|move|p2a: Kingambit|Sucker Punch||[still]
|-fail|p2a: Kingambit
|move|p1a: Cinderace|Court Change||[still]
|-fail|p1a: Cinderace
|
|-heal|p2a: Kingambit|36/100 brn|[from] item: Leftovers
|-damage|p2a: Kingambit|30/100 brn|[from] brn
|upkeep
|turn|44
|
|t:|1769427741
|move|p1a: Cinderace|Will-O-Wisp|p2a: Kingambit
|-fail|p2a: Kingambit|brn
|move|p2a: Kingambit|Substitute|p2a: Kingambit
|-start|p2a: Kingambit|Substitute
|-damage|p2a: Kingambit|5/100 brn
|
|-heal|p2a: Kingambit|11/100 brn|[from] item: Leftovers
|-damage|p2a: Kingambit|5/100 brn|[from] brn
|upkeep
|turn|45
|
|t:|1769427748
|move|p2a: Kingambit|Sucker Punch||[still]
|-fail|p2a: Kingambit
|move|p1a: Cinderace|Court Change||[still]
|-fail|p1a: Cinderace
|
|-heal|p2a: Kingambit|11/100 brn|[from] item: Leftovers
|-damage|p2a: Kingambit|5/100 brn|[from] brn
|upkeep
|turn|46
|
|t:|1769427752
|move|p1a: Cinderace|Pyro Ball|p2a: Kingambit
|-end|p2a: Kingambit|Substitute
|move|p2a: Kingambit|Swords Dance|p2a: Kingambit
|-boost|p2a: Kingambit|atk|2
|
|-heal|p2a: Kingambit|11/100 brn|[from] item: Leftovers
|-damage|p2a: Kingambit|5/100 brn|[from] brn
|upkeep
|turn|47
|
|t:|1769427755
|move|p2a: Kingambit|Sucker Punch||[still]
|-fail|p2a: Kingambit
|move|p1a: Cinderace|Will-O-Wisp|p2a: Kingambit
|-fail|p2a: Kingambit|brn
|
|-heal|p2a: Kingambit|11/100 brn|[from] item: Leftovers
|-damage|p2a: Kingambit|5/100 brn|[from] brn
|upkeep
|turn|48
|
|t:|1769427760
|move|p2a: Kingambit|Sucker Punch||[still]
|-fail|p2a: Kingambit
|move|p1a: Cinderace|Will-O-Wisp|p2a: Kingambit
|-fail|p2a: Kingambit|brn
|
|-heal|p2a: Kingambit|11/100 brn|[from] item: Leftovers
|-damage|p2a: Kingambit|5/100 brn|[from] brn
|upkeep
|turn|49
|
|t:|1769427762
|move|p1a: Cinderace|Will-O-Wisp|p2a: Kingambit
|-fail|p2a: Kingambit|brn
|move|p2a: Kingambit|Iron Head|p1a: Cinderace
|-resisted|p1a: Cinderace
|-damage|p1a: Cinderace|37/100
|
|-heal|p2a: Kingambit|11/100 brn|[from] item: Leftovers
|-damage|p2a: Kingambit|5/100 brn|[from] brn
|upkeep
|turn|50
|
|t:|1769427767
|move|p2a: Kingambit|Sucker Punch||[still]
|-fail|p2a: Kingambit
|move|p1a: Cinderace|Will-O-Wisp|p2a: Kingambit
|-fail|p2a: Kingambit|brn
|
|-heal|p2a: Kingambit|11/100 brn|[from] item: Leftovers
|-damage|p2a: Kingambit|5/100 brn|[from] brn
|upkeep
|turn|51
|
|t:|1769427770
|move|p1a: Cinderace|Pyro Ball|p2a: Kingambit|[miss]
|-miss|p1a: Cinderace|p2a: Kingambit
|move|p2a: Kingambit|Iron Head|p1a: Cinderace
|-resisted|p1a: Cinderace
|-damage|p1a: Cinderace|0 fnt
|faint|p1a: Cinderace
|
|win|AdaptiveGoose
|raw|the_good_news_0's rating: 1328 &rarr; <strong>1307</strong><br />(-21 for losing)
|raw|AdaptiveGoose's rating: 1311 &rarr; <strong>1332</strong><br />(+21 for winning)
|c|☆AdaptiveGoose|gg
|c|☆AdaptiveGoose|wp
|l|☆the_good_news_0
|player|p1|
