|j|☆The_Powerz
|j|☆AFish14
|t:|1769447308
|gametype|singles
|player|p1|The_Powerz|266|1484
|player|p2|AFish14|169|1521
|gen|9
|tier|[Gen 9] OU
|rated|
|rule|HP Percentage Mod: HP is shown in percentages
|rule|Endless Battle Clause: Forcing endless battles is banned
|rule|Species Clause: Limit one of each Pokémon
|rule|OHKO Clause: OHKO moves are banned
|rule|Evasion Items Clause: Evasion items are banned
|rule|Evasion Moves Clause: Evasion moves are banned
|rule|Evasion Abilities Clause: Evasion abilities are banned
|rule|Sleep Moves Clause: Sleep-inducing moves are banned
|clearpoke
|poke|p1|Tinkaton, F|
|poke|p1|Ogerpon, F|
|poke|p1|Great Tusk|
|poke|p1|Pecharunt|
|poke|p1|Alomomola, M|
|poke|p1|Hydreigon, M|
|poke|p2|Porygon2|
|poke|p2|Dragonite, M|
|poke|p2|Arcanine, M|
|poke|p2|Gengar, F|
|poke|p2|Iron Valiant|
|poke|p2|Metagross|
|teampreview
|inactive|Battle timer is ON: inactive players will automatically lose when time's up. (requested by AFish14)
|
|t:|1769447337
|teamsize|p1|6
|teamsize|p2|6
|start
|switch|p1a: Behemoth|Great Tusk, shiny|100/100
|switch|p2a: Arcanine|Arcanine, M|100/100
|-ability|p2a: Arcanine|Intimidate|boost
|-unboost|p1a: Behemoth|atk|1
|turn|1
|
|t:|1769447342
|-end|p1a: Behemoth|Protosynthesis|[silent]
|switch|p1a: Overseer|Pecharunt|100/100
|move|p2a: Arcanine|Flare Blitz|p1a: Overseer
|-damage|p1a: Overseer|60/100
|-damage|p2a: Arcanine|84/100|[from] item: Rocky Helmet|[of] p1a: Overseer
|-damage|p2a: Arcanine|68/100|[from] Recoil
|
|upkeep
|turn|2
|
|t:|1769447347
|switch|p2a: Porygon2|Porygon2, shiny|100/100
|-ability|p2a: Porygon2|Download|boost
|-boost|p2a: Porygon2|spa|1
|move|p1a: Overseer|Recover|p1a: Overseer
|-heal|p1a: Overseer|100/100
|
|upkeep
|turn|3
|
|t:|1769447355
|move|p1a: Overseer|Malignant Chain|p2a: Porygon2
|-damage|p2a: Porygon2|79/100
|-status|p2a: Porygon2|tox
|-start|p2a: Porygon2|confusion|[from] ability: Poison Puppeteer|[of] p1a: Overseer
|-activate|p2a: Porygon2|confusion
|move|p2a: Porygon2|Shadow Ball|p1a: Overseer
|-supereffective|p1a: Overseer
|-damage|p1a: Overseer|18/100
|
|-damage|p2a: Porygon2|73/100 tox|[from] psn
|upkeep
|turn|4
|inactive|The_Powerz has 120 seconds left.
|
|t:|1769447400
|switch|p1a: Smile.exe|Tinkaton, F, shiny|100/100
|-item|p1a: Smile.exe|Air Balloon
|switch|p2a: Dragonite|Dragonite, M|100/100
|
|upkeep
|turn|5
|
|t:|1769447410
|-terastallize|p2a: Dragonite|Flying
|move|p1a: Smile.exe|Ice Hammer|p2a: Dragonite
|-supereffective|p2a: Dragonite
|-damage|p2a: Dragonite|74/100
|-unboost|p1a: Smile.exe|spe|1
|move|p2a: Dragonite|Tera Blast|p1a: Smile.exe|[anim] Tera Blast Flying
|-resisted|p1a: Smile.exe
|-damage|p1a: Smile.exe|60/100
|-enditem|p1a: Smile.exe|Air Balloon
|
|upkeep
|turn|6
|inactive|The_Powerz has 120 seconds left.
|
|t:|1769447431
|move|p1a: Smile.exe|Stealth Rock|p2a: Dragonite
|-sidestart|p2: AFish14|move: Stealth Rock
|move|p2a: Dragonite|Earthquake|p1a: Smile.exe
|-supereffective|p1a: Smile.exe
|-damage|p1a: Smile.exe|0 fnt
|faint|p1a: Smile.exe
|
|upkeep
|
|t:|1769447435
|switch|p1a: Hybrid|Hydreigon, M, shiny|100/100
|turn|7
|
|t:|1769447439
|move|p1a: Hybrid|Draco Meteor|p2a: Dragonite
|-damage|p2a: Dragonite|17/100
|-unboost|p1a: Hybrid|spa|2
|move|p2a: Dragonite|Dragon Tail|p1a: Hybrid
|-supereffective|p1a: Hybrid
|-damage|p1a: Hybrid|23/100
|drag|p1a: Anonymous|Ogerpon, F|100/100
|
|upkeep
|turn|8
|
|t:|1769447445
|move|p2a: Dragonite|Extreme Speed|p1a: Anonymous
|-damage|p1a: Anonymous|60/100
|move|p1a: Anonymous|Ivy Cudgel|p2a: Dragonite
|-resisted|p2a: Dragonite
|-damage|p2a: Dragonite|0 fnt
|faint|p2a: Dragonite
|
|upkeep
|
|t:|1769447461
|switch|p2a: Gengar|Gengar, F|100/100
|-damage|p2a: Gengar|88/100|[from] Stealth Rock
|turn|9
|
|t:|1769447467
|switch|p1a: Overseer|Pecharunt|18/100
|move|p2a: Gengar|Sludge Wave|p1a: Overseer
|-resisted|p1a: Overseer
|-damage|p1a: Overseer|6/100
|
|upkeep
|turn|10
|
|t:|1769447470
|move|p2a: Gengar|Sludge Wave|p1a: Overseer
|-resisted|p1a: Overseer
|-damage|p1a: Overseer|0 fnt
|faint|p1a: Overseer
|
|upkeep
|
|t:|1769447471
|switch|p1a: Anonymous|Ogerpon, F|60/100
|turn|11
|
|t:|1769447474
|-terastallize|p1a: Anonymous|Grass
|detailschange|p1a: Anonymous|Ogerpon-Teal-Tera, F, tera:Grass
|-ability|p1a: Anonymous|Embody Aspect (Teal)|boost
|-boost|p1a: Anonymous|spe|1
|move|p1a: Anonymous|Knock Off|p2a: Gengar
|-supereffective|p2a: Gengar
|-damage|p2a: Gengar|0 fnt
|-enditem|p2a: Gengar|Choice Scarf|[from] move: Knock Off|[of] p1a: Anonymous
|faint|p2a: Gengar
|
|upkeep
|
|t:|1769447493
|switch|p2a: Arcanine|Arcanine, M|68/100
|-damage|p2a: Arcanine|43/100|[from] Stealth Rock
|-ability|p2a: Arcanine|Intimidate|boost
|-unboost|p1a: Anonymous|atk|1
|turn|12
|
|t:|1769447514
|switch|p1a: Pisces|Alomomola, M, shiny|100/100
|move|p2a: Arcanine|Flare Blitz|p1a: Pisces
|-resisted|p1a: Pisces
|-damage|p1a: Pisces|69/100
|-damage|p2a: Arcanine|26/100|[from] Recoil
|
|upkeep
|turn|13
|
|t:|1769447523
|switch|p2a: Porygon2|Porygon2, shiny|73/100 tox
|-damage|p2a: Porygon2|60/100 tox|[from] Stealth Rock
|-ability|p2a: Porygon2|Download|boost
|-boost|p2a: Porygon2|atk|1
|move|p1a: Pisces|Flip Turn|p2a: Porygon2
|-damage|p2a: Porygon2|49/100 tox
|
|t:|1769447547
|switch|p1a: Behemoth|Great Tusk, shiny|100/100|[from] Flip Turn
|
|-damage|p2a: Porygon2|43/100 tox|[from] psn
|upkeep
|turn|14
|
|t:|1769447551
|move|p1a: Behemoth|Close Combat|p2a: Porygon2
|-supereffective|p2a: Porygon2
|-damage|p2a: Porygon2|0 fnt
|-unboost|p1a: Behemoth|def|1
|-unboost|p1a: Behemoth|spd|1
|faint|p2a: Porygon2
|
|upkeep
|
|t:|1769447558
|switch|p2a: Iron Valiant|Iron Valiant|100/100
|-damage|p2a: Iron Valiant|95/100|[from] Stealth Rock
|-enditem|p2a: Iron Valiant|Booster Energy
|-activate|p2a: Iron Valiant|ability: Quark Drive|[fromitem]
|-start|p2a: Iron Valiant|quarkdrivespe
|turn|15
|
|t:|1769447565
|-end|p1a: Behemoth|Protosynthesis|[silent]
|switch|p1a: Pisces|Alomomola, M, shiny|100/100
|move|p2a: Iron Valiant|Moonblast|p1a: Pisces
|-damage|p1a: Pisces|78/100
|
|upkeep
|turn|16
|
|t:|1769447572
|move|p2a: Iron Valiant|Calm Mind|p2a: Iron Valiant
|-boost|p2a: Iron Valiant|spa|1
|-boost|p2a: Iron Valiant|spd|1
|move|p1a: Pisces|Mirror Coat||[still]
|-fail|p1a: Pisces
|
|upkeep
|turn|17
|
|t:|1769447576
|move|p2a: Iron Valiant|Calm Mind|p2a: Iron Valiant
|-boost|p2a: Iron Valiant|spa|1
|-boost|p2a: Iron Valiant|spd|1
|move|p1a: Pisces|Play Rough|p2a: Iron Valiant
|-supereffective|p2a: Iron Valiant
|-damage|p2a: Iron Valiant|56/100
|
|upkeep
|turn|18
|
|t:|1769447584
|move|p2a: Iron Valiant|Calm Mind|p2a: Iron Valiant
|-boost|p2a: Iron Valiant|spa|1
|-boost|p2a: Iron Valiant|spd|1
|move|p1a: Pisces|Play Rough|p2a: Iron Valiant|[miss]
|-miss|p1a: Pisces|p2a: Iron Valiant
|
|upkeep
|turn|19
|
|t:|1769447594
|move|p2a: Iron Valiant|Calm Mind|p2a: Iron Valiant
|-boost|p2a: Iron Valiant|spa|1
|-boost|p2a: Iron Valiant|spd|1
|move|p1a: Pisces|Play Rough|p2a: Iron Valiant
|-supereffective|p2a: Iron Valiant
|-damage|p2a: Iron Valiant|17/100
|
|upkeep
|turn|20
|
|t:|1769447599
|move|p1a: Pisces|Aqua Jet|p2a: Iron Valiant
|-damage|p2a: Iron Valiant|5/100
|move|p2a: Iron Valiant|Moonblast|p1a: Pisces
|-damage|p1a: Pisces|14/100
|
|upkeep
|turn|21
|
|t:|1769447605
|move|p1a: Pisces|Aqua Jet|p2a: Iron Valiant
|-damage|p2a: Iron Valiant|0 fnt
|faint|p2a: Iron Valiant
|-end|p2a: Iron Valiant|Quark Drive|[silent]
|
|upkeep
|
|t:|1769447612
|switch|p2a: Metagross|Metagross|100/100
|-damage|p2a: Metagross|95/100|[from] Stealth Rock
|turn|22
|
|t:|1769447619
|move|p2a: Metagross|Agility|p2a: Metagross
|-boost|p2a: Metagross|spe|2
|move|p1a: Pisces|Flip Turn|p2a: Metagross
|-damage|p2a: Metagross|81/100
|
|t:|1769447621
|switch|p1a: Behemoth|Great Tusk, shiny|100/100|[from] Flip Turn
|
|upkeep
|turn|23
|
|t:|1769447627
|move|p2a: Metagross|Agility|p2a: Metagross
|-boost|p2a: Metagross|spe|2
|move|p1a: Behemoth|Headlong Rush|p2a: Metagross
|-supereffective|p2a: Metagross
|-damage|p2a: Metagross|0 fnt
|-unboost|p1a: Behemoth|def|1
|-unboost|p1a: Behemoth|spd|1
|faint|p2a: Metagross
|
|upkeep
|
|t:|1769447632
|switch|p2a: Arcanine|Arcanine, M|26/100
|-damage|p2a: Arcanine|1/100|[from] Stealth Rock
|-ability|p2a: Arcanine|Intimidate|boost
|-unboost|p1a: Behemoth|atk|1
|turn|24
|
|t:|1769447634
|move|p2a: Arcanine|Flare Blitz|p1a: Behemoth
|-damage|p1a: Behemoth|2/100
|-damage|p2a: Arcanine|0 fnt|[from] Recoil
|faint|p2a: Arcanine
|
|win|The_Powerz
|raw|The_Powerz's rating: 1484 &rarr; <strong>1506</strong><br />(+22 for winning)
|raw|AFish14's rating: 1521 &rarr; <strong>1499</strong><br />(-22 for losing)
|l|☆AFish14
|player|p2|
|l|☆The_Powerz
|player|p1|
