|j|☆Team10thPlanet
|j|☆Praise The Salt
|t:|1769442560
|gametype|singles
|player|p1|Team10thPlanet|alder|1598
|player|p2|Praise The Salt|102|1577
|gen|9
|tier|[Gen 9] OU
|rated|
|rule|HP Percentage Mod: HP is shown in percentages
|rule|Endless Battle Clause: Forcing endless battles is banned
|rule|Species Clause: Limit one of each Pokémon
|rule|OHKO Clause: OHKO moves are banned
|rule|Evasion Items Clause: Evasion items are banned
|rule|Evasion Moves Clause: Evasion moves are banned
|rule|Evasion Abilities Clause: Evasion abilities are banned
|rule|Sleep Moves Clause: Sleep-inducing moves are banned
|clearpoke
|poke|p1|Dragonite, F|
|poke|p1|Zamazenta-*|
|poke|p1|Araquanid, F|
|poke|p1|Iron Treads|
|poke|p1|Zapdos|
|poke|p1|Thundurus, M|
|poke|p2|Corviknight, F|
|poke|p2|Hoopa-Unbound|
|poke|p2|Kingambit, F|
|poke|p2|Landorus-Therian, M|
|poke|p2|Rotom-Wash|
|poke|p2|Slowking-Galar, F|
|teampreview
|inactive|Battle timer is ON: inactive players will automatically lose when time's up. (requested by Praise The Salt)
|
|t:|1769442588
|teamsize|p1|6
|teamsize|p2|6
|start
|switch|p1a: PlsNoHatt&Ace|Araquanid, F, shiny|100/100
|switch|p2a: Hoopa|Hoopa-Unbound|100/100
|turn|1
|
|t:|1769442594
|move|p2a: Hoopa|Dark Pulse|p1a: PlsNoHatt&Ace
|-damage|p1a: PlsNoHatt&Ace|44/100
|move|p1a: PlsNoHatt&Ace|Surf|p2a: Hoopa
|-damage|p2a: Hoopa|52/100
|
|upkeep
|turn|2
|
|t:|1769442604
|move|p1a: PlsNoHatt&Ace|Endure|p1a: PlsNoHatt&Ace
|-singleturn|p1a: PlsNoHatt&Ace|move: Endure
|move|p2a: Hoopa|Dark Pulse|p1a: PlsNoHatt&Ace
|-activate|p1a: PlsNoHatt&Ace|move: Endure
|-damage|p1a: PlsNoHatt&Ace|1/100
|
|upkeep
|turn|3
|-enditem|p1a: PlsNoHatt&Ace|Custap Berry|[eat]
|-activate|p1a: PlsNoHatt&Ace|item: Custap Berry|[consumed]
|
|t:|1769442619
|switch|p2a: Corviknight|Corviknight, F|100/100
|-ability|p2a: Corviknight|Pressure
|move|p1a: PlsNoHatt&Ace|Endeavor|p2a: Corviknight
|-damage|p2a: Corviknight|1/100
|
|-heal|p2a: Corviknight|7/100|[from] item: Leftovers
|upkeep
|turn|4
|
|t:|1769442630
|move|p2a: Corviknight|U-turn|p1a: PlsNoHatt&Ace
|-damage|p1a: PlsNoHatt&Ace|0 fnt
|faint|p1a: PlsNoHatt&Ace
|
|t:|1769442635
|switch|p2a: Hoopa|Hoopa-Unbound|52/100|[from] U-turn
|
|upkeep
|
|t:|1769442644
|switch|p1a: Iron Treads|Iron Treads|100/100
|-enditem|p1a: Iron Treads|Booster Energy
|-activate|p1a: Iron Treads|ability: Quark Drive|[fromitem]
|-start|p1a: Iron Treads|quarkdrivespe
|turn|5
|
|t:|1769442659
|switch|p2a: Corviknight|Corviknight, F|7/100
|-ability|p2a: Corviknight|Pressure
|move|p1a: Iron Treads|Earthquake|p2a: Corviknight
|-immune|p2a: Corviknight
|
|-heal|p2a: Corviknight|13/100|[from] item: Leftovers
|upkeep
|turn|6
|
|t:|1769442670
|move|p1a: Iron Treads|Ice Spinner|p2a: Corviknight
|-damage|p2a: Corviknight|0 fnt
|faint|p2a: Corviknight
|
|upkeep
|
|t:|1769442673
|switch|p2a: Rotom|Rotom-Wash|100/100
|turn|7
|
|t:|1769442685
|-end|p1a: Iron Treads|Quark Drive|[silent]
|switch|p1a: Zapdos|Zapdos|100/100
|move|p2a: Rotom|Hydro Pump|p1a: Zapdos
|-damage|p1a: Zapdos|63/100
|
|upkeep
|turn|8
|
|t:|1769442702
|switch|p2a: Hoopa|Hoopa-Unbound|52/100
|move|p1a: Zapdos|Thunderbolt|p2a: Hoopa
|-damage|p2a: Hoopa|17/100
|
|upkeep
|turn|9
|
|t:|1769442711
|move|p2a: Hoopa|Dark Pulse|p1a: Zapdos
|-damage|p1a: Zapdos|0 fnt
|faint|p1a: Zapdos
|
|upkeep
|
|t:|1769442720
|switch|p1a: Thundurus|Thundurus, M|100/100
|turn|10
|
|t:|1769442746
|switch|p2a: Landorus|Landorus-Therian, M|100/100
|-ability|p2a: Landorus|Intimidate|boost
|-unboost|p1a: Thundurus|atk|1
|move|p1a: Thundurus|Thunderbolt|p2a: Landorus
|-immune|p2a: Landorus
|
|upkeep
|turn|11
|
|t:|1769442760
|switch|p1a: Iron Treads|Iron Treads|100/100
|move|p2a: Landorus|Stone Edge|p1a: Iron Treads
|-resisted|p1a: Iron Treads
|-damage|p1a: Iron Treads|92/100
|
|upkeep
|turn|12
|inactive|Praise The Salt has 120 seconds left.
|inactive|Praise The Salt has 90 seconds left.
|
|t:|1769442818
|switch|p2a: Hoopa|Hoopa-Unbound|17/100
|move|p1a: Iron Treads|Ice Spinner|p2a: Hoopa
|-damage|p2a: Hoopa|0 fnt
|faint|p2a: Hoopa
|
|upkeep
|
|t:|1769442821
|switch|p2a: Rotom|Rotom-Wash|100/100
|turn|13
|
|t:|1769442835
|-end|p1a: Iron Treads|Quark Drive|[silent]
|switch|p1a: Thundurus|Thundurus, M|100/100
|move|p2a: Rotom|Hydro Pump|p1a: Thundurus|[miss]
|-miss|p2a: Rotom|p1a: Thundurus
|
|upkeep
|turn|14
|
|t:|1769442852
|switch|p2a: Slowking|Slowking-Galar, F|100/100
|move|p1a: Thundurus|Thunderbolt|p2a: Slowking
|-damage|p2a: Slowking|78/100
|-status|p2a: Slowking|par
|
|upkeep
|turn|15
|
|t:|1769442866
|switch|p1a: Dragonite|Dragonite, F|100/100
|move|p2a: Slowking|Future Sight|p1a: Dragonite
|-start|p2a: Slowking|move: Future Sight
|
|upkeep
|turn|16
|
|t:|1769442877
|switch|p2a: Rotom|Rotom-Wash|100/100
|-terastallize|p1a: Dragonite|Normal
|move|p1a: Dragonite|Outrage|p2a: Rotom
|-damage|p2a: Rotom|11/100
|
|-heal|p2a: Rotom|17/100|[from] item: Leftovers
|upkeep
|turn|17
|inactive|Praise The Salt has 120 seconds left.
|
|t:|1769442893
|switch|p2a: Landorus|Landorus-Therian, M|100/100
|-ability|p2a: Landorus|Intimidate|boost
|-unboost|p1a: Dragonite|atk|1
|move|p1a: Dragonite|Outrage|p2a: Landorus|[from] lockedmove
|-damage|p2a: Landorus|21/100
|
|-end|p1a: Dragonite|move: Future Sight
|-damage|p1a: Dragonite|77/100
|upkeep
|turn|18
|
|t:|1769442903
|move|p2a: Landorus|Earthquake|p1a: Dragonite
|-damage|p1a: Dragonite|23/100
|move|p1a: Dragonite|Outrage|p2a: Landorus|[from] lockedmove
|-damage|p2a: Landorus|0 fnt
|faint|p2a: Landorus
|-start|p1a: Dragonite|confusion|[fatigue]
|
|upkeep
|
|t:|1769442907
|switch|p2a: Kingambit|Kingambit, F|100/100
|-activate|p2a: Kingambit|ability: Supreme Overlord
|-start|p2a: Kingambit|fallen3|[silent]
|turn|19
|
|t:|1769442927
|move|p2a: Kingambit|Sucker Punch|p1a: Dragonite
|-crit|p1a: Dragonite
|-damage|p1a: Dragonite|0 fnt
|faint|p1a: Dragonite
|
|upkeep
|
|t:|1769442932
|switch|p1a: Iron Treads|Iron Treads|92/100
|turn|20
|inactive|Praise The Salt has 120 seconds left.
|
|t:|1769442955
|-end|p2a: Kingambit|fallen3|[silent]
|switch|p2a: Rotom|Rotom-Wash|17/100
|move|p1a: Iron Treads|Earthquake|p2a: Rotom
|-immune|p2a: Rotom|[from] ability: Levitate
|
|-heal|p2a: Rotom|23/100|[from] item: Leftovers
|upkeep
|turn|21
|
|t:|1769442972
|move|p1a: Iron Treads|Rapid Spin|p2a: Rotom
|-damage|p2a: Rotom|10/100
|-boost|p1a: Iron Treads|spe|1
|move|p2a: Rotom|Pain Split|p1a: Iron Treads
|-sethp|p1a: Iron Treads|51/100|[from] move: Pain Split|[silent]
|-sethp|p2a: Rotom|54/100|[from] move: Pain Split
|
|-heal|p2a: Rotom|60/100|[from] item: Leftovers
|upkeep
|turn|22
|
|t:|1769442989
|move|p1a: Iron Treads|Endeavor|p2a: Rotom
|-damage|p2a: Rotom|54/100
|move|p2a: Rotom|Hydro Pump|p1a: Iron Treads
|-supereffective|p1a: Iron Treads
|-damage|p1a: Iron Treads|0 fnt
|faint|p1a: Iron Treads
|-end|p1a: Iron Treads|Quark Drive|[silent]
|
|-heal|p2a: Rotom|60/100|[from] item: Leftovers
|upkeep
|
|t:|1769442999
|switch|p1a: Zamazenta|Zamazenta|100/100
|-ability|p1a: Zamazenta|Dauntless Shield|boost
|-boost|p1a: Zamazenta|def|1
|turn|23
|
|t:|1769443005
|move|p1a: Zamazenta|Close Combat|p2a: Rotom
|-damage|p2a: Rotom|12/100
|-unboost|p1a: Zamazenta|def|1
|-unboost|p1a: Zamazenta|spd|1
|move|p2a: Rotom|Will-O-Wisp|p1a: Zamazenta|[miss]
|-miss|p2a: Rotom|p1a: Zamazenta
|
|-heal|p2a: Rotom|18/100|[from] item: Leftovers
|upkeep
|turn|24
|
|t:|1769443017
|move|p1a: Zamazenta|Close Combat|p2a: Rotom
|-damage|p2a: Rotom|0 fnt
|-unboost|p1a: Zamazenta|def|1
|-unboost|p1a: Zamazenta|spd|1
|faint|p2a: Rotom
|
|upkeep
|
|t:|1769443019
|switch|p2a: Slowking|Slowking-Galar, F|100/100 par
|turn|25
|
|t:|1769443028
|switch|p1a: Thundurus|Thundurus, M|100/100
|cant|p2a: Slowking|par
|
|upkeep
|turn|26
|
|t:|1769443037
|move|p1a: Thundurus|Thunderbolt|p2a: Slowking
|-damage|p2a: Slowking|78/100 par
|move|p2a: Slowking|Ice Beam|p1a: Thundurus
|-supereffective|p1a: Thundurus
|-damage|p1a: Thundurus|24/100
|
|upkeep
|turn|27
|
|t:|1769443044
|move|p1a: Thundurus|Thunderbolt|p2a: Slowking
|-damage|p2a: Slowking|54/100 par
|move|p2a: Slowking|Ice Beam|p1a: Thundurus
|-supereffective|p1a: Thundurus
|-damage|p1a: Thundurus|0 fnt
|faint|p1a: Thundurus
|
|upkeep
|
|t:|1769443052
|switch|p1a: Zamazenta|Zamazenta|100/100
|turn|28
|
|t:|1769443071
|move|p1a: Zamazenta|Crunch|p2a: Slowking
|-supereffective|p2a: Slowking
|-damage|p2a: Slowking|1/100 par
|cant|p2a: Slowking|par
|
|upkeep
|turn|29
|c|☆Praise The Salt|ugh
|
|t:|1769443080
|move|p1a: Zamazenta|Heavy Slam|p2a: Slowking
|-damage|p2a: Slowking|0 fnt
|faint|p2a: Slowking
|
|upkeep
|
|t:|1769443083
|switch|p2a: Kingambit|Kingambit, F|100/100
|-activate|p2a: Kingambit|ability: Supreme Overlord
|-start|p2a: Kingambit|fallen5|[silent]
|turn|30
|
|t:|1769443095
|-terastallize|p2a: Kingambit|Ghost
|move|p1a: Zamazenta|Crunch|p2a: Kingambit
|-supereffective|p2a: Kingambit
|-damage|p2a: Kingambit|55/100
|move|p2a: Kingambit|Iron Head|p1a: Zamazenta
|-damage|p1a: Zamazenta|40/100
|
|-heal|p2a: Kingambit|61/100|[from] item: Leftovers
|upkeep
|turn|31
|
|t:|1769443106
|move|p1a: Zamazenta|Crunch|p2a: Kingambit
|-supereffective|p2a: Kingambit
|-damage|p2a: Kingambit|19/100
|move|p2a: Kingambit|Iron Head|p1a: Zamazenta
|-damage|p1a: Zamazenta|0 fnt
|faint|p1a: Zamazenta
|
|win|Praise The Salt
|raw|Team10thPlanet's rating: 1598 &rarr; <strong>1577</strong><br />(-21 for losing)
|raw|Praise The Salt's rating: 1577 &rarr; <strong>1598</strong><br />(+21 for winning)
|l|☆Praise The Salt
|player|p2|
|l|☆Team10thPlanet
|player|p1|
