|j|☆kyuremhardwin
|j|☆xXMoooXx
|t:|1769318501
|gametype|singles
|player|p1|kyuremhardwin|169|1328
|player|p2|xXMoooXx|2|1297
|gen|9
|tier|[Gen 9] OU
|rated|
|rule|HP Percentage Mod: HP is shown in percentages
|rule|Endless Battle Clause: Forcing endless battles is banned
|rule|Species Clause: Limit one of each Pokémon
|rule|OHKO Clause: OHKO moves are banned
|rule|Evasion Items Clause: Evasion items are banned
|rule|Evasion Moves Clause: Evasion moves are banned
|rule|Evasion Abilities Clause: Evasion abilities are banned
|rule|Sleep Moves Clause: Sleep-inducing moves are banned
|clearpoke
|poke|p1|Kyurem|
|poke|p1|Blissey, F|
|poke|p1|Talonflame, F|
|poke|p1|Weezing-Galar, F|
|poke|p1|Dondozo, M|
|poke|p1|Cresselia, F|
|poke|p2|Serperior, F|
|poke|p2|Garganacl, M|
|poke|p2|Kingambit, F|
|poke|p2|Dragapult, F|
|poke|p2|Raging Bolt|
|poke|p2|Cramorant, M|
|teampreview
|
|t:|1769318529
|teamsize|p1|6
|teamsize|p2|6
|start
|switch|p1a: Kyurem|Kyurem|100/100
|switch|p2a: Garganacl|Garganacl, M|100/100
|-ability|p1a: Kyurem|Pressure
|turn|1
|
|t:|1769318535
|-terastallize|p1a: Kyurem|Ground
|move|p2a: Garganacl|Protect|p2a: Garganacl
|-singleturn|p2a: Garganacl|Protect
|move|p1a: Kyurem|Substitute|p1a: Kyurem
|-start|p1a: Kyurem|Substitute
|-damage|p1a: Kyurem|75/100
|
|-heal|p1a: Kyurem|82/100|[from] item: Leftovers
|upkeep
|turn|2
|
|t:|1769318547
|switch|p2a: Dragapult|Dragapult, F|100/100
|move|p1a: Kyurem|Earth Power|p2a: Dragapult
|-damage|p2a: Dragapult|38/100
|
|-heal|p1a: Kyurem|88/100|[from] item: Leftovers
|upkeep
|turn|3
|
|t:|1769318555
|move|p1a: Kyurem|Protect|p1a: Kyurem
|-singleturn|p1a: Kyurem|Protect
|move|p2a: Dragapult|Dragon Darts|p1a: Kyurem
|-activate|p1a: Kyurem|move: Protect
|
|-heal|p1a: Kyurem|94/100|[from] item: Leftovers
|upkeep
|turn|4
|
|t:|1769318562
|move|p2a: Dragapult|Dragon Darts|p1a: Kyurem
|-damage|p1a: Kyurem|72/100
|-anim|p2a: Dragapult|Dragon Darts|p1a: Kyurem
|-damage|p1a: Kyurem|50/100
|move|p1a: Kyurem|Freeze-Dry|p2a: Dragapult
|-supereffective|p2a: Dragapult
|-damage|p2a: Dragapult|0 fnt
|faint|p2a: Dragapult
|
|-heal|p1a: Kyurem|56/100|[from] item: Leftovers
|upkeep
|
|t:|1769318607
|switch|p2a: Serperior|Serperior, F|100/100
|turn|5
|
|t:|1769318617
|-terastallize|p2a: Serperior|Fairy
|move|p1a: Kyurem|Protect|p1a: Kyurem
|-singleturn|p1a: Kyurem|Protect
|move|p2a: Serperior|Leaf Storm|p1a: Kyurem
|-activate|p1a: Kyurem|move: Protect
|
|-heal|p1a: Kyurem|62/100|[from] item: Leftovers
|upkeep
|turn|6
|
|t:|1769318632
|move|p2a: Serperior|Leaf Storm|p1a: Kyurem
|-supereffective|p1a: Kyurem
|-end|p1a: Kyurem|Substitute
|-boost|p2a: Serperior|spa|2
|move|p1a: Kyurem|Substitute|p1a: Kyurem
|-start|p1a: Kyurem|Substitute
|-damage|p1a: Kyurem|37/100
|
|-heal|p1a: Kyurem|44/100|[from] item: Leftovers
|upkeep
|turn|7
|
|t:|1769318639
|move|p1a: Kyurem|Protect|p1a: Kyurem
|-singleturn|p1a: Kyurem|Protect
|move|p2a: Serperior|Substitute|p2a: Serperior
|-start|p2a: Serperior|Substitute
|-damage|p2a: Serperior|76/100
|
|-heal|p2a: Serperior|82/100|[from] item: Leftovers
|-heal|p1a: Kyurem|50/100|[from] item: Leftovers
|upkeep
|turn|8
|
|t:|1769318647
|move|p2a: Serperior|Leaf Storm|p1a: Kyurem
|-supereffective|p1a: Kyurem
|-end|p1a: Kyurem|Substitute
|-boost|p2a: Serperior|spa|2
|move|p1a: Kyurem|Substitute|p1a: Kyurem
|-start|p1a: Kyurem|Substitute
|-damage|p1a: Kyurem|25/100
|
|-heal|p2a: Serperior|88/100|[from] item: Leftovers
|-heal|p1a: Kyurem|31/100|[from] item: Leftovers
|upkeep
|turn|9
|
|t:|1769318664
|switch|p2a: Kingambit|Kingambit, F|100/100
|-activate|p2a: Kingambit|ability: Supreme Overlord
|-start|p2a: Kingambit|fallen1|[silent]
|move|p1a: Kyurem|Protect||[still]
|-fail|p1a: Kyurem
|
|-heal|p1a: Kyurem|37/100|[from] item: Leftovers
|upkeep
|turn|10
|
|t:|1769318674
|move|p1a: Kyurem|Protect|p1a: Kyurem
|-singleturn|p1a: Kyurem|Protect
|move|p2a: Kingambit|Kowtow Cleave|p1a: Kyurem
|-activate|p1a: Kyurem|move: Protect
|
|-heal|p1a: Kyurem|43/100|[from] item: Leftovers
|upkeep
|turn|11
|
|t:|1769318679
|move|p2a: Kingambit|Sucker Punch|p1a: Kyurem
|-end|p1a: Kyurem|Substitute
|move|p1a: Kyurem|Earth Power|p2a: Kingambit
|-supereffective|p2a: Kingambit
|-damage|p2a: Kingambit|3/100
|
|-heal|p1a: Kyurem|50/100|[from] item: Leftovers
|upkeep
|turn|12
|
|t:|1769318686
|move|p1a: Kyurem|Protect|p1a: Kyurem
|-singleturn|p1a: Kyurem|Protect
|move|p2a: Kingambit|Kowtow Cleave|p1a: Kyurem
|-activate|p1a: Kyurem|move: Protect
|
|-heal|p1a: Kyurem|56/100|[from] item: Leftovers
|upkeep
|turn|13
|
|t:|1769318692
|move|p2a: Kingambit|Sucker Punch||[still]
|-fail|p2a: Kingambit
|move|p1a: Kyurem|Substitute|p1a: Kyurem
|-start|p1a: Kyurem|Substitute
|-damage|p1a: Kyurem|31/100
|
|-heal|p1a: Kyurem|37/100|[from] item: Leftovers
|upkeep
|turn|14
|-message|xXMoooXx forfeited.
|
|win|kyuremhardwin
|raw|kyuremhardwin's rating: 1328 &rarr; <strong>1346</strong><br />(+18 for winning)
|raw|xXMoooXx's rating: 1297 &rarr; <strong>1274</strong><br />(-23 for losing)
|l|☆kyuremhardwin
|player|p1|
|l|☆xXMoooXx
|player|p2|
