|j|☆FOENEM STAR
|j|☆zonix14
|t:|1769404342
|gametype|singles
|player|p1|FOENEM STAR|sabrina|1286
|player|p2|zonix14|266|1240
|gen|9
|tier|[Gen 9] OU
|rated|
|rule|HP Percentage Mod: HP is shown in percentages
|rule|Endless Battle Clause: Forcing endless battles is banned
|rule|Species Clause: Limit one of each Pokémon
|rule|OHKO Clause: OHKO moves are banned
|rule|Evasion Items Clause: Evasion items are banned
|rule|Evasion Moves Clause: Evasion moves are banned
|rule|Evasion Abilities Clause: Evasion abilities are banned
|rule|Sleep Moves Clause: Sleep-inducing moves are banned
|clearpoke
|poke|p1|Dragonite, M|
|poke|p1|Gholdengo|
|poke|p1|Ogerpon-Wellspring, F|
|poke|p1|Glimmora, M|
|poke|p1|Great Tusk|
|poke|p1|Lokix, M|
|poke|p2|Empoleon, F|
|poke|p2|Masquerain, M|
|poke|p2|Cinderace, M|
|poke|p2|Carbink|
|poke|p2|Serperior, M|
|poke|p2|Indeedee-F, F|
|teampreview
|inactive|Battle timer is ON: inactive players will automatically lose when time's up. (requested by zonix14)
|l|☆zonix14
|inactive|zonix14 disconnected and has a minute to reconnect!
|player|p2|
|j|☆zonix14
|inactive|zonix14 reconnected and has 140 seconds left.
|player|p2|zonix14|266|
|
|t:|1769404356
|teamsize|p1|6
|teamsize|p2|6
|start
|switch|p1a: Lokix|Lokix, M|100/100
|switch|p2a: Masquerain|Masquerain, M|100/100
|-ability|p2a: Masquerain|Intimidate|boost
|-unboost|p1a: Lokix|atk|1
|turn|1
|
|t:|1769404360
|move|p2a: Masquerain|Sticky Web|p1a: Lokix
|-sidestart|p1: FOENEM STAR|move: Sticky Web
|move|p1a: Lokix|Knock Off|p2a: Masquerain
|-damage|p2a: Masquerain|45/100
|-enditem|p2a: Masquerain|Focus Sash|[from] move: Knock Off|[of] p1a: Lokix
|
|upkeep
|turn|2
|
|t:|1769404364
|move|p2a: Masquerain|Bug Buzz|p1a: Lokix
|-supereffective|p1a: Lokix
|-damage|p1a: Lokix|0 fnt
|faint|p1a: Lokix
|
|upkeep
|
|t:|1769404371
|switch|p1a: Great Tusk|Great Tusk|100/100
|-activate|p1a: Great Tusk|move: Sticky Web
|-unboost|p1a: Great Tusk|spe|1
|turn|3
|
|t:|1769404374
|-terastallize|p2a: Masquerain|Ghost
|move|p2a: Masquerain|Surf|p1a: Great Tusk
|-supereffective|p1a: Great Tusk
|-damage|p1a: Great Tusk|28/100
|move|p1a: Great Tusk|Rapid Spin|p2a: Masquerain
|-immune|p2a: Masquerain
|
|upkeep
|turn|4
|
|t:|1769404379
|move|p2a: Masquerain|Surf|p1a: Great Tusk
|-supereffective|p1a: Great Tusk
|-damage|p1a: Great Tusk|0 fnt
|faint|p1a: Great Tusk
|-end|p1a: Great Tusk|Protosynthesis|[silent]
|
|upkeep
|
|t:|1769404382
|switch|p1a: Gholdengo|Gholdengo, shiny|100/100
|-item|p1a: Gholdengo|Air Balloon
|turn|5
|
|t:|1769404384
|switch|p2a: Cinderace|Cinderace, M|100/100
|move|p1a: Gholdengo|Hex|p2a: Cinderace
|-damage|p2a: Cinderace|56/100
|
|upkeep
|turn|6
|
|t:|1769404399
|-terastallize|p1a: Gholdengo|Fairy
|move|p2a: Cinderace|Court Change|p2a: Cinderace
|-swapsideconditions
|-activate|p2a: Cinderace|move: Court Change
|move|p1a: Gholdengo|Thunder Wave|p2a: Cinderace
|-status|p2a: Cinderace|par
|
|upkeep
|turn|7
|
|t:|1769404405
|move|p1a: Gholdengo|Hex|p2a: Cinderace
|-damage|p2a: Cinderace|0 fnt
|faint|p2a: Cinderace
|
|upkeep
|
|t:|1769404414
|switch|p2a: Serperior|Serperior, M|100/100
|-activate|p2a: Serperior|move: Sticky Web
|-boost|p2a: Serperior|spe|1
|turn|8
|
|t:|1769404417
|move|p2a: Serperior|Substitute|p2a: Serperior
|-start|p2a: Serperior|Substitute
|-damage|p2a: Serperior|75/100
|move|p1a: Gholdengo|Thunder Wave||[still]
|-fail|p1a: Gholdengo
|
|upkeep
|turn|9
|
|t:|1769404427
|move|p2a: Serperior|Leaf Storm|p1a: Gholdengo
|-damage|p1a: Gholdengo|57/100
|-boost|p2a: Serperior|spa|2
|-enditem|p1a: Gholdengo|Air Balloon
|move|p1a: Gholdengo|Hex|p2a: Serperior
|-end|p2a: Serperior|Substitute
|
|upkeep
|turn|10
|
|t:|1769404439
|move|p2a: Serperior|Leaf Storm|p1a: Gholdengo
|-damage|p1a: Gholdengo|0 fnt
|-boost|p2a: Serperior|spa|2
|faint|p1a: Gholdengo
|
|upkeep
|
|t:|1769404441
|switch|p1a: Glimmora|Glimmora, M, shiny|100/100
|turn|11
|
|t:|1769404444
|move|p2a: Serperior|Leaf Storm|p1a: Glimmora
|-enditem|p1a: Glimmora|Focus Sash
|-damage|p1a: Glimmora|1/100
|-boost|p2a: Serperior|spa|2
|move|p1a: Glimmora|Mortal Spin|p2a: Serperior
|-supereffective|p2a: Serperior
|-damage|p2a: Serperior|61/100
|-status|p2a: Serperior|psn
|
|-damage|p2a: Serperior|49/100 psn|[from] psn
|upkeep
|turn|12
|
|t:|1769404460
|move|p2a: Serperior|Leaf Storm|p1a: Glimmora
|-damage|p1a: Glimmora|0 fnt
|faint|p1a: Glimmora
|
|-damage|p2a: Serperior|36/100 psn|[from] psn
|upkeep
|
|t:|1769404461
|switch|p1a: Dragonite|Dragonite, M, shiny|100/100
|turn|13
|
|t:|1769404470
|switch|p2a: Indeedee|Indeedee-F, F|100/100
|-activate|p2a: Indeedee|move: Sticky Web
|-unboost|p2a: Indeedee|spe|1
|-fieldstart|move: Psychic Terrain|[from] ability: Psychic Surge|[of] p2a: Indeedee
|move|p1a: Dragonite|Extreme Speed|p2a: Indeedee
|-activate|p2a: Indeedee|move: Psychic Terrain
|
|upkeep
|turn|14
|
|t:|1769404474
|switch|p1a: Ogerpon|Ogerpon-Wellspring, F|100/100
|move|p2a: Indeedee|Trick Room|p2a: Indeedee
|-fieldstart|move: Trick Room|[of] p2a: Indeedee
|
|upkeep
|turn|15
|
|t:|1769404479
|move|p2a: Indeedee|Healing Wish|p2a: Indeedee
|faint|p2a: Indeedee
|move|p1a: Ogerpon|Knock Off|p2: Indeedee|[notarget]
|-fail|p1a: Ogerpon
|
|upkeep
|
|t:|1769404481
|switch|p2a: Empoleon|Empoleon, F|100/100
|-activate|p2a: Empoleon|move: Sticky Web
|-unboost|p2a: Empoleon|spe|1
|-ability|p2a: Empoleon|Competitive|boost
|-boost|p2a: Empoleon|spa|2
|turn|16
|
|t:|1769404493
|move|p2a: Empoleon|Ice Beam|p1a: Ogerpon
|-damage|p1a: Ogerpon|25/100
|move|p1a: Ogerpon|Power Whip|p2a: Empoleon
|-damage|p2a: Empoleon|30/100
|
|upkeep
|turn|17
|
|t:|1769404497
|move|p2a: Empoleon|Ice Beam|p1a: Ogerpon
|-damage|p1a: Ogerpon|0 fnt
|faint|p1a: Ogerpon
|
|-fieldend|move: Psychic Terrain
|upkeep
|
|t:|1769404498
|switch|p1a: Dragonite|Dragonite, M, shiny|100/100
|turn|18
|
|t:|1769404504
|move|p1a: Dragonite|Extreme Speed|p2a: Empoleon
|-resisted|p2a: Empoleon
|-damage|p2a: Empoleon|4/100
|move|p2a: Empoleon|Ice Beam|p1a: Dragonite
|-supereffective|p1a: Dragonite
|-damage|p1a: Dragonite|0 fnt
|faint|p1a: Dragonite
|
|win|zonix14
|raw|FOENEM STAR's rating: 1286 &rarr; <strong>1258</strong><br />(-28 for losing)
|raw|zonix14's rating: 1240 &rarr; <strong>1268</strong><br />(+28 for winning)
|l|☆zonix14
|player|p2|
