|j|☆poke.bakas
|j|☆UR FUKN RAPlST3828
|t:|1769346669
|gametype|singles
|player|p1|poke.bakas|sailor|1049
|player|p2|UR FUKN RAPlST3828|170|1049
|gen|9
|tier|[Gen 9] OU
|rated|
|rule|HP Percentage Mod: HP is shown in percentages
|rule|Endless Battle Clause: Forcing endless battles is banned
|rule|Species Clause: Limit one of each Pokémon
|rule|OHKO Clause: OHKO moves are banned
|rule|Evasion Items Clause: Evasion items are banned
|rule|Evasion Moves Clause: Evasion moves are banned
|rule|Evasion Abilities Clause: Evasion abilities are banned
|rule|Sleep Moves Clause: Sleep-inducing moves are banned
|clearpoke
|poke|p1|Gliscor, F|
|poke|p1|Crabominable, F|
|poke|p1|Zoroark-Hisui, M|
|poke|p1|Garchomp, F|
|poke|p1|Cloyster, M|
|poke|p1|Garganacl, F|
|poke|p2|Barraskewda, F|
|poke|p2|Iron Treads|
|poke|p2|Hatterene, F|
|poke|p2|Zapdos|
|poke|p2|Pelipper, F|
|poke|p2|Toxicroak, M|
|teampreview
|
|t:|1769346674
|teamsize|p1|6
|teamsize|p2|6
|start
|switch|p1a: Garganacl|Garganacl, F, shiny|100/100
|switch|p2a: Zapdos|Zapdos, shiny|100/100
|turn|1
|
|t:|1769346682
|move|p2a: Zapdos|Volt Switch|p1a: Garganacl
|-damage|p1a: Garganacl|55/100
|
|t:|1769346690
|switch|p2a: Iron Treads|Iron Treads, shiny|100/100|[from] Volt Switch
|move|p1a: Garganacl|Salt Cure|p2a: Iron Treads
|-resisted|p2a: Iron Treads
|-damage|p2a: Iron Treads|98/100
|-start|p2a: Iron Treads|Salt Cure
|
|-heal|p2a: Iron Treads|100/100|[from] item: Leftovers
|-damage|p2a: Iron Treads|75/100|[from] Salt Cure
|upkeep
|turn|2
|
|t:|1769346704
|move|p2a: Iron Treads|Stealth Rock|p1a: Garganacl
|-sidestart|p1: poke.bakas|move: Stealth Rock
|move|p1a: Garganacl|Recover|p1a: Garganacl
|-heal|p1a: Garganacl|100/100
|
|-heal|p2a: Iron Treads|82/100|[from] item: Leftovers
|-damage|p2a: Iron Treads|57/100|[from] Salt Cure
|upkeep
|turn|3
|
|t:|1769346714
|-end|p2a: Iron Treads|Quark Drive|[silent]
|switch|p2a: Pelipper|Pelipper, F, shiny|100/100
|-weather|RainDance|[from] ability: Drizzle|[of] p2a: Pelipper
|move|p1a: Garganacl|Body Press|p2a: Pelipper
|-resisted|p2a: Pelipper
|-damage|p2a: Pelipper|89/100
|
|-weather|RainDance|[upkeep]
|upkeep
|turn|4
|
|t:|1769346725
|move|p2a: Pelipper|U-turn|p1a: Garganacl
|-damage|p1a: Garganacl|94/100
|-damage|p2a: Pelipper|73/100|[from] item: Rocky Helmet|[of] p1a: Garganacl
|
|t:|1769346729
|switch|p2a: Toxicroak|Toxicroak, M, shiny|100/100|[from] U-turn
|move|p1a: Garganacl|Salt Cure|p2a: Toxicroak
|-resisted|p2a: Toxicroak
|-damage|p2a: Toxicroak|93/100
|-start|p2a: Toxicroak|Salt Cure
|
|-weather|RainDance|[upkeep]
|-heal|p2a: Toxicroak|100/100|[from] ability: Dry Skin
|-damage|p2a: Toxicroak|88/100|[from] Salt Cure
|upkeep
|turn|5
|
|t:|1769346742
|move|p2a: Toxicroak|Knock Off|p1a: Garganacl
|-damage|p1a: Garganacl|78/100
|-damage|p2a: Toxicroak|72/100|[from] item: Rocky Helmet|[of] p1a: Garganacl
|-enditem|p1a: Garganacl|Rocky Helmet|[from] move: Knock Off|[of] p2a: Toxicroak
|move|p1a: Garganacl|Zen Headbutt|p2a: Toxicroak
|-supereffective|p2a: Toxicroak
|-damage|p2a: Toxicroak|0 fnt
|-damage|p1a: Garganacl|62/100|[from] item: Rocky Helmet|[of] p2a: Toxicroak
|faint|p2a: Toxicroak
|
|-weather|RainDance|[upkeep]
|upkeep
|
|t:|1769346751
|switch|p2a: Barraskewda|Barraskewda, F, shiny|100/100
|turn|6
|
|t:|1769346762
|move|p2a: Barraskewda|Flip Turn|p1a: Garganacl
|-supereffective|p1a: Garganacl
|-damage|p1a: Garganacl|0 fnt
|faint|p1a: Garganacl
|
|t:|1769346767
|switch|p2a: Zapdos|Zapdos, shiny|100/100|[from] Flip Turn
|
|-weather|RainDance|[upkeep]
|upkeep
|
|t:|1769346777
|switch|p1a: Garchomp|Garchomp, F|100/100
|turn|7
|inactive|Battle timer is ON: inactive players will automatically lose when time's up. (requested by UR FUKN RAPlST3828)
|
|t:|1769346785
|move|p2a: Zapdos|Hurricane|p1a: Garchomp
|-damage|p1a: Garchomp|16/100
|move|p1a: Garchomp|Draco Meteor|p2a: Zapdos
|-damage|p2a: Zapdos|52/100
|-unboost|p1a: Garchomp|spa|2
|
|-weather|RainDance|[upkeep]
|upkeep
|turn|8
|
|t:|1769346797
|move|p2a: Zapdos|Hurricane|p1a: Garchomp
|-damage|p1a: Garchomp|0 fnt
|faint|p1a: Garchomp
|
|-weather|RainDance|[upkeep]
|upkeep
|
|t:|1769346806
|switch|p1a: Gliscor|Gliscor, F|100/100
|-damage|p1a: Gliscor|88/100|[from] Stealth Rock
|turn|9
|
|t:|1769346813
|move|p2a: Zapdos|Hurricane|p1a: Gliscor
|-damage|p1a: Gliscor|0 fnt
|faint|p1a: Gliscor
|
|-weather|RainDance|[upkeep]
|upkeep
|
|t:|1769346824
|switch|p1a: Cloyster|Cloyster, M|100/100
|-damage|p1a: Cloyster|88/100|[from] Stealth Rock
|turn|10
|
|t:|1769346835
|-terastallize|p1a: Cloyster|Normal
|move|p2a: Zapdos|Hurricane|p1a: Cloyster
|-damage|p1a: Cloyster|0 fnt
|replace|p1a: Zoroark|Zoroark-Hisui, M
|-end|p1a: Zoroark|Illusion
|faint|p1a: Zoroark
|
|-weather|none
|upkeep
|
|t:|1769346845
|switch|p1a: Cloyster|Cloyster, M|100/100
|-damage|p1a: Cloyster|76/100|[from] Stealth Rock
|turn|11
|
|t:|1769346852
|move|p2a: Zapdos|Hurricane|p1a: Cloyster
|-damage|p1a: Cloyster|0 fnt
|faint|p1a: Cloyster
|
|upkeep
|
|t:|1769346859
|switch|p1a: Crabominable|Crabominable, F|100/100
|-damage|p1a: Crabominable|88/100|[from] Stealth Rock
|turn|12
|
|t:|1769346863
|move|p2a: Zapdos|Hurricane|p1a: Crabominable
|-supereffective|p1a: Crabominable
|-damage|p1a: Crabominable|0 fnt
|faint|p1a: Crabominable
|
|win|UR FUKN RAPlST3828
|raw|poke.bakas's rating: 1049 &rarr; <strong>1033</strong><br />(-16 for losing)
|raw|UR FUKN RAPlST3828's rating: 1082 &rarr; <strong>1107</strong><br />(+25 for winning)
