|j|☆abraxvs
|j|☆Reforme du Travail
|t:|1769355405
|gametype|singles
|player|p1|abraxvs|170|1113
|player|p2|Reforme du Travail|170|1144
|gen|9
|tier|[Gen 9] OU
|rated|
|rule|HP Percentage Mod: HP is shown in percentages
|rule|Endless Battle Clause: Forcing endless battles is banned
|rule|Species Clause: Limit one of each Pokémon
|rule|OHKO Clause: OHKO moves are banned
|rule|Evasion Items Clause: Evasion items are banned
|rule|Evasion Moves Clause: Evasion moves are banned
|rule|Evasion Abilities Clause: Evasion abilities are banned
|rule|Sleep Moves Clause: Sleep-inducing moves are banned
|clearpoke
|poke|p1|Great Tusk|
|poke|p1|Gholdengo|
|poke|p1|Kingambit, F|
|poke|p1|Ogerpon-Wellspring, F|
|poke|p1|Dragonite, F|
|poke|p1|Slowking-Galar, M|
|poke|p2|Araquanid, F|
|poke|p2|Gholdengo|
|poke|p2|Iron Valiant|
|poke|p2|Ceruledge, M|
|poke|p2|Iron Treads|
|poke|p2|Ting-Lu|
|teampreview
|
|t:|1769355415
|teamsize|p1|6
|teamsize|p2|6
|start
|switch|p1a: Great Tusk|Great Tusk|100/100
|switch|p2a: Araquanid|Araquanid, F|100/100
|turn|1
|
|t:|1769355441
|-end|p1a: Great Tusk|Protosynthesis|[silent]
|switch|p1a: Dragonite|Dragonite, F|100/100
|move|p2a: Araquanid|Sticky Web|p1a: Dragonite
|-sidestart|p1: abraxvs|move: Sticky Web
|
|upkeep
|turn|2
|
|t:|1769355450
|switch|p2a: Ting-Lu|Ting-Lu|100/100
|-ability|p2a: Ting-Lu|Vessel of Ruin
|move|p1a: Dragonite|Dragon Dance|p1a: Dragonite
|-boost|p1a: Dragonite|atk|1
|-boost|p1a: Dragonite|spe|1
|
|upkeep
|turn|3
|
|t:|1769355473
|move|p1a: Dragonite|Earthquake|p2a: Ting-Lu
|-damage|p2a: Ting-Lu|78/100
|move|p2a: Ting-Lu|Whirlwind|p1a: Dragonite
|drag|p1a: Gholdengo|Gholdengo|100/100
|-activate|p1a: Gholdengo|move: Sticky Web
|-unboost|p1a: Gholdengo|spe|1
|
|-heal|p2a: Ting-Lu|84/100|[from] item: Leftovers
|upkeep
|turn|4
|
|t:|1769355502
|switch|p1a: Great Tusk|Great Tusk|100/100
|-activate|p1a: Great Tusk|move: Sticky Web
|-unboost|p1a: Great Tusk|spe|1
|move|p2a: Ting-Lu|Earthquake|p1a: Great Tusk
|-damage|p1a: Great Tusk|72/100
|
|-heal|p1a: Great Tusk|78/100|[from] item: Leftovers
|-heal|p2a: Ting-Lu|90/100|[from] item: Leftovers
|upkeep
|turn|5
|
|t:|1769355516
|move|p1a: Great Tusk|Ice Spinner|p2a: Ting-Lu
|-supereffective|p2a: Ting-Lu
|-damage|p2a: Ting-Lu|68/100
|move|p2a: Ting-Lu|Whirlwind|p1a: Great Tusk
|-end|p1a: Great Tusk|Protosynthesis|[silent]
|drag|p1a: Ogerpon|Ogerpon-Wellspring, F|100/100
|-activate|p1a: Ogerpon|move: Sticky Web
|-unboost|p1a: Ogerpon|spe|1
|
|-heal|p2a: Ting-Lu|74/100|[from] item: Leftovers
|upkeep
|turn|6
|
|t:|1769355525
|switch|p2a: Araquanid|Araquanid, F|100/100
|move|p1a: Ogerpon|Ivy Cudgel|p2a: Araquanid|[anim] Ivy Cudgel Water
|-resisted|p2a: Araquanid
|-damage|p2a: Araquanid|67/100
|
|upkeep
|turn|7
|
|t:|1769355533
|switch|p1a: Dragonite|Dragonite, F|100/100
|move|p2a: Araquanid|Leech Life|p1a: Dragonite
|-resisted|p1a: Dragonite
|-damage|p1a: Dragonite|92/100
|-heal|p2a: Araquanid|71/100|[from] drain|[of] p1a: Dragonite
|
|upkeep
|turn|8
|
|t:|1769355542
|switch|p2a: Ting-Lu|Ting-Lu|74/100
|-ability|p2a: Ting-Lu|Vessel of Ruin
|move|p1a: Dragonite|Dragon Dance|p1a: Dragonite
|-boost|p1a: Dragonite|atk|1
|-boost|p1a: Dragonite|spe|1
|
|-heal|p2a: Ting-Lu|80/100|[from] item: Leftovers
|upkeep
|turn|9
|
|t:|1769355555
|move|p1a: Dragonite|Fire Punch|p2a: Ting-Lu
|-damage|p2a: Ting-Lu|61/100
|-status|p2a: Ting-Lu|brn
|move|p2a: Ting-Lu|Whirlwind|p1a: Dragonite
|drag|p1a: Kingambit|Kingambit, F|100/100
|-activate|p1a: Kingambit|move: Sticky Web
|-unboost|p1a: Kingambit|spe|1
|
|-heal|p2a: Ting-Lu|67/100 brn|[from] item: Leftovers
|-damage|p2a: Ting-Lu|61/100 brn|[from] brn
|upkeep
|turn|10
|
|t:|1769355574
|-end|p1a: Kingambit|fallenundefined|[silent]
|switch|p1a: Ogerpon|Ogerpon-Wellspring, F|100/100
|-activate|p1a: Ogerpon|move: Sticky Web
|-unboost|p1a: Ogerpon|spe|1
|move|p2a: Ting-Lu|Stealth Rock|p1a: Ogerpon
|-sidestart|p1: abraxvs|move: Stealth Rock
|
|-heal|p2a: Ting-Lu|67/100 brn|[from] item: Leftovers
|-damage|p2a: Ting-Lu|61/100 brn|[from] brn
|upkeep
|turn|11
|
|t:|1769355583
|move|p1a: Ogerpon|Power Whip|p2a: Ting-Lu
|-supereffective|p2a: Ting-Lu
|-damage|p2a: Ting-Lu|2/100 brn
|move|p2a: Ting-Lu|Ruination|p1a: Ogerpon
|-damage|p1a: Ogerpon|51/100
|
|-heal|p2a: Ting-Lu|8/100 brn|[from] item: Leftovers
|-damage|p2a: Ting-Lu|2/100 brn|[from] brn
|upkeep
|turn|12
|
|t:|1769355593
|move|p1a: Ogerpon|Knock Off|p2a: Ting-Lu
|-resisted|p2a: Ting-Lu
|-damage|p2a: Ting-Lu|0 fnt
|-enditem|p2a: Ting-Lu|Leftovers|[from] move: Knock Off|[of] p1a: Ogerpon
|faint|p2a: Ting-Lu
|
|upkeep
|
|t:|1769355612
|switch|p2a: Ceruledge|Ceruledge, M|100/100
|turn|13
|inactive|Battle timer is ON: inactive players will automatically lose when time's up. (requested by Reforme du Travail)
|
|t:|1769355642
|switch|p1a: Great Tusk|Great Tusk|78/100
|-activate|p1a: Great Tusk|move: Sticky Web
|-unboost|p1a: Great Tusk|spe|1
|-damage|p1a: Great Tusk|75/100|[from] Stealth Rock
|move|p2a: Ceruledge|Poltergeist|p1a: Great Tusk
|-activate|p1a: Great Tusk|move: Poltergeist|Leftovers
|-damage|p1a: Great Tusk|35/100
|
|-heal|p1a: Great Tusk|41/100|[from] item: Leftovers
|upkeep
|turn|14
|
|t:|1769355661
|-end|p1a: Great Tusk|Protosynthesis|[silent]
|switch|p1a: Dragonite|Dragonite, F|92/100
|move|p2a: Ceruledge|Will-O-Wisp|p1a: Dragonite
|-status|p1a: Dragonite|brn
|
|-damage|p1a: Dragonite|86/100 brn|[from] brn
|upkeep
|turn|15
|
|t:|1769355671
|move|p2a: Ceruledge|Swords Dance|p2a: Ceruledge
|-boost|p2a: Ceruledge|atk|2
|move|p1a: Dragonite|Dragon Dance|p1a: Dragonite
|-boost|p1a: Dragonite|atk|1
|-boost|p1a: Dragonite|spe|1
|
|-damage|p1a: Dragonite|80/100 brn|[from] brn
|upkeep
|turn|16
|
|t:|1769355678
|move|p1a: Dragonite|Extreme Speed|p2a: Ceruledge
|-immune|p2a: Ceruledge
|move|p2a: Ceruledge|Poltergeist|p1a: Dragonite
|-activate|p1a: Dragonite|move: Poltergeist|Heavy-Duty Boots
|-damage|p1a: Dragonite|0 fnt
|faint|p1a: Dragonite
|
|upkeep
|c|☆Reforme du Travail|???
|
|t:|1769355690
|switch|p1a: Slowking|Slowking-Galar, M|100/100
|-activate|p1a: Slowking|move: Sticky Web
|-unboost|p1a: Slowking|spe|1
|-damage|p1a: Slowking|88/100|[from] Stealth Rock
|turn|17
|
|t:|1769355698
|move|p2a: Ceruledge|Poltergeist|p1a: Slowking
|-activate|p1a: Slowking|move: Poltergeist|Assault Vest
|-supereffective|p1a: Slowking
|-damage|p1a: Slowking|0 fnt
|faint|p1a: Slowking
|
|upkeep
|
|t:|1769355710
|switch|p1a: Great Tusk|Great Tusk|41/100
|-activate|p1a: Great Tusk|move: Sticky Web
|-unboost|p1a: Great Tusk|spe|1
|-damage|p1a: Great Tusk|39/100|[from] Stealth Rock
|turn|18
|
|t:|1769355722
|move|p2a: Ceruledge|Bitter Blade|p1a: Great Tusk
|-damage|p1a: Great Tusk|0 fnt
|faint|p1a: Great Tusk
|-end|p1a: Great Tusk|Protosynthesis|[silent]
|
|upkeep
|
|t:|1769355727
|switch|p1a: Kingambit|Kingambit, F|100/100
|-activate|p1a: Kingambit|move: Sticky Web
|-unboost|p1a: Kingambit|spe|1
|-damage|p1a: Kingambit|94/100|[from] Stealth Rock
|-activate|p1a: Kingambit|ability: Supreme Overlord
|-start|p1a: Kingambit|fallen3|[silent]
|turn|19
|
|t:|1769355734
|move|p1a: Kingambit|Sucker Punch||[still]
|-fail|p1a: Kingambit
|move|p2a: Ceruledge|Will-O-Wisp|p1a: Kingambit
|-status|p1a: Kingambit|brn
|
|-damage|p1a: Kingambit|88/100 brn|[from] brn
|upkeep
|turn|20
|
|t:|1769355741
|move|p2a: Ceruledge|Bitter Blade|p1a: Kingambit
|-supereffective|p1a: Kingambit
|-damage|p1a: Kingambit|0 fnt
|faint|p1a: Kingambit
|-end|p1a: Kingambit|fallen3|[silent]
|
|upkeep
|
|t:|1769355748
|switch|p1a: Gholdengo|Gholdengo|100/100
|-activate|p1a: Gholdengo|move: Sticky Web
|-unboost|p1a: Gholdengo|spe|1
|-damage|p1a: Gholdengo|94/100|[from] Stealth Rock
|turn|21
|
|t:|1769355754
|move|p2a: Ceruledge|Bitter Blade|p1a: Gholdengo
|-supereffective|p1a: Gholdengo
|-damage|p1a: Gholdengo|0 fnt
|faint|p1a: Gholdengo
|
|upkeep
|
|t:|1769355759
|switch|p1a: Ogerpon|Ogerpon-Wellspring, F|51/100
|-activate|p1a: Ogerpon|move: Sticky Web
|-unboost|p1a: Ogerpon|spe|1
|-damage|p1a: Ogerpon|38/100|[from] Stealth Rock
|turn|22
|
|t:|1769355764
|move|p2a: Ceruledge|Bitter Blade|p1a: Ogerpon
|-crit|p1a: Ogerpon
|-damage|p1a: Ogerpon|0 fnt
|faint|p1a: Ogerpon
|
|win|Reforme du Travail
|raw|abraxvs's rating: 1113 &rarr; <strong>1090</strong><br />(-23 for losing)
|raw|Reforme du Travail's rating: 1144 &rarr; <strong>1167</strong><br />(+23 for winning)
