|j|☆bababablackmareep
|j|☆damien68
|t:|1769333455
|gametype|singles
|player|p1|bababablackmareep|bruno|1212
|player|p2|damien68|hilbert-wonderlauncher|1223
|gen|9
|tier|[Gen 9] OU
|rated|
|rule|HP Percentage Mod: HP is shown in percentages
|rule|Endless Battle Clause: Forcing endless battles is banned
|rule|Species Clause: Limit one of each Pokémon
|rule|OHKO Clause: OHKO moves are banned
|rule|Evasion Items Clause: Evasion items are banned
|rule|Evasion Moves Clause: Evasion moves are banned
|rule|Evasion Abilities Clause: Evasion abilities are banned
|rule|Sleep Moves Clause: Sleep-inducing moves are banned
|clearpoke
|poke|p1|Kommo-o, M|
|poke|p1|Jirachi|
|poke|p1|Hatterene, F|
|poke|p1|Azumarill, M|
|poke|p1|Dragapult, M|
|poke|p1|Ting-Lu|
|poke|p2|Drifblim, M|
|poke|p2|Landorus-Therian, M|
|poke|p2|Heatran, M|
|poke|p2|Quaquaval, F|
|poke|p2|Lokix, M|
|poke|p2|Enamorus, F|
|teampreview
|
|t:|1769333469
|teamsize|p1|6
|teamsize|p2|6
|start
|switch|p1a: Cosmo Canyon|Ting-Lu|100/100
|switch|p2a: Lokix|Lokix, M|100/100
|-ability|p1a: Cosmo Canyon|Vessel of Ruin
|turn|1
|
|t:|1769333483
|move|p2a: Lokix|U-turn|p1a: Cosmo Canyon
|-supereffective|p1a: Cosmo Canyon
|-damage|p1a: Cosmo Canyon|60/100
|
|t:|1769333490
|switch|p2a: Quaquaval|Quaquaval, F|100/100|[from] U-turn
|move|p1a: Cosmo Canyon|Stealth Rock|p2a: Quaquaval
|-sidestart|p2: damien68|move: Stealth Rock
|
|-heal|p1a: Cosmo Canyon|66/100|[from] item: Leftovers
|upkeep
|turn|2
|
|t:|1769333528
|switch|p1a: The Tower XVI|Hatterene, F, shiny|100/100
|move|p2a: Quaquaval|Rapid Spin|p1a: The Tower XVI
|-damage|p1a: The Tower XVI|88/100
|-boost|p2a: Quaquaval|spe|1
|-damage|p2a: Quaquaval|84/100|[from] item: Rocky Helmet|[of] p1a: The Tower XVI
|-sideend|p2: damien68|Stealth Rock|[from] move: Rapid Spin|[of] p2a: Quaquaval
|
|-heal|p2a: Quaquaval|90/100|[from] item: Leftovers
|upkeep
|turn|3
|
|t:|1769333547
|switch|p2a: Lokix|Lokix, M|100/100
|move|p1a: The Tower XVI|Dazzling Gleam|p2a: Lokix
|-supereffective|p2a: Lokix
|-damage|p2a: Lokix|0 fnt
|faint|p2a: Lokix
|
|upkeep
|
|t:|1769333559
|switch|p2a: Drifblim|Drifblim, M|100/100
|turn|4
|
|t:|1769333567
|move|p2a: Drifblim|Calm Mind|p2a: Drifblim
|-boost|p2a: Drifblim|spa|1
|-boost|p2a: Drifblim|spd|1
|move|p1a: The Tower XVI|Dark Pulse|p2a: Drifblim
|-supereffective|p2a: Drifblim
|-damage|p2a: Drifblim|66/100
|
|-status|p2a: Drifblim|brn|[from] item: Flame Orb
|upkeep
|turn|5
|
|t:|1769333597
|switch|p1a: Cosmo Canyon|Ting-Lu|66/100
|-ability|p1a: Cosmo Canyon|Vessel of Ruin
|move|p2a: Drifblim|Calm Mind|p2a: Drifblim
|-boost|p2a: Drifblim|spa|1
|-boost|p2a: Drifblim|spd|1
|
|-heal|p1a: Cosmo Canyon|72/100|[from] item: Leftovers
|-damage|p2a: Drifblim|60/100 brn|[from] brn
|upkeep
|turn|6
|
|t:|1769333611
|move|p2a: Drifblim|Strength Sap|p1a: Cosmo Canyon
|-unboost|p1a: Cosmo Canyon|atk|1
|-heal|p2a: Drifblim|100/100 brn
|move|p1a: Cosmo Canyon|Ruination|p2a: Drifblim
|-damage|p2a: Drifblim|51/100 brn
|
|-heal|p1a: Cosmo Canyon|78/100|[from] item: Leftovers
|-damage|p2a: Drifblim|44/100 brn|[from] brn
|upkeep
|turn|7
|
|t:|1769333653
|move|p2a: Drifblim|Strength Sap|p1a: Cosmo Canyon
|-unboost|p1a: Cosmo Canyon|atk|1
|-heal|p2a: Drifblim|83/100 brn
|move|p1a: Cosmo Canyon|Stealth Rock|p2a: Drifblim
|-sidestart|p2: damien68|move: Stealth Rock
|
|-heal|p1a: Cosmo Canyon|85/100|[from] item: Leftovers
|-damage|p2a: Drifblim|77/100 brn|[from] brn
|upkeep
|turn|8
|
|t:|1769333665
|move|p2a: Drifblim|Shadow Ball|p1a: Cosmo Canyon
|-resisted|p1a: Cosmo Canyon
|-damage|p1a: Cosmo Canyon|59/100
|move|p1a: Cosmo Canyon|Whirlwind|p2a: Drifblim
|drag|p2a: Enamorus|Enamorus, F|100/100
|-damage|p2a: Enamorus|76/100|[from] Stealth Rock
|
|-heal|p1a: Cosmo Canyon|65/100|[from] item: Leftovers
|upkeep
|turn|9
|
|t:|1769333677
|switch|p1a: The Tower XVI|Hatterene, F, shiny|88/100
|move|p2a: Enamorus|Moonblast|p1a: The Tower XVI
|-damage|p1a: The Tower XVI|34/100
|
|upkeep
|turn|10
|
|t:|1769333684
|move|p2a: Enamorus|Moonblast|p1a: The Tower XVI
|-damage|p1a: The Tower XVI|0 fnt
|faint|p1a: The Tower XVI
|
|upkeep
|
|t:|1769333690
|switch|p1a: Big Dipper|Azumarill, M|100/100
|turn|11
|
|t:|1769333711
|switch|p2a: Quaquaval|Quaquaval, F|90/100
|-damage|p2a: Quaquaval|84/100|[from] Stealth Rock
|move|p1a: Big Dipper|Play Rough|p2a: Quaquaval
|-supereffective|p2a: Quaquaval
|-damage|p2a: Quaquaval|0 fnt
|faint|p2a: Quaquaval
|
|upkeep
|
|t:|1769333722
|switch|p2a: Landorus|Landorus-Therian, M|100/100
|-damage|p2a: Landorus|88/100|[from] Stealth Rock
|-ability|p2a: Landorus|Intimidate|boost
|-unboost|p1a: Big Dipper|atk|1
|turn|12
|
|t:|1769333730
|move|p2a: Landorus|Grass Knot|p1a: Big Dipper
|-supereffective|p1a: Big Dipper
|-damage|p1a: Big Dipper|62/100
|move|p1a: Big Dipper|Knock Off|p2a: Landorus
|-damage|p2a: Landorus|54/100
|-enditem|p2a: Landorus|Leftovers|[from] move: Knock Off|[of] p1a: Big Dipper
|
|upkeep
|turn|13
|
|t:|1769333748
|switch|p1a: Ginger|Kommo-o, M|100/100
|move|p2a: Landorus|U-turn|p1a: Ginger
|-resisted|p1a: Ginger
|-damage|p1a: Ginger|90/100
|
|t:|1769333753
|switch|p2a: Drifblim|Drifblim, M|77/100 brn|[from] U-turn
|-damage|p2a: Drifblim|52/100 brn|[from] Stealth Rock
|
|-damage|p2a: Drifblim|46/100 brn|[from] brn
|upkeep
|turn|14
|
|t:|1769333761
|move|p1a: Ginger|Thunder Punch|p2a: Drifblim
|-supereffective|p2a: Drifblim
|-damage|p2a: Drifblim|0 fnt
|faint|p2a: Drifblim
|-damage|p1a: Ginger|80/100|[from] item: Life Orb
|
|upkeep
|
|t:|1769333781
|switch|p2a: Enamorus|Enamorus, F|76/100
|-damage|p2a: Enamorus|51/100|[from] Stealth Rock
|turn|15
|
|t:|1769333786
|move|p2a: Enamorus|Moonblast|p1a: Ginger
|-supereffective|p1a: Ginger
|-damage|p1a: Ginger|0 fnt
|faint|p1a: Ginger
|
|upkeep
|
|t:|1769333794
|switch|p1a: Big Dipper|Azumarill, M|62/100
|turn|16
|
|t:|1769333804
|switch|p2a: Heatran|Heatran, M|100/100
|-damage|p2a: Heatran|88/100|[from] Stealth Rock
|-item|p2a: Heatran|Air Balloon
|move|p1a: Big Dipper|Play Rough|p2a: Heatran
|-resisted|p2a: Heatran
|-damage|p2a: Heatran|75/100
|-enditem|p2a: Heatran|Air Balloon
|
|upkeep
|turn|17
|
|t:|1769333823
|move|p2a: Heatran|Protect|p2a: Heatran
|-singleturn|p2a: Heatran|Protect
|move|p1a: Big Dipper|Aqua Jet|p2a: Heatran
|-activate|p2a: Heatran|move: Protect
|
|upkeep
|turn|18
|
|t:|1769333831
|-terastallize|p2a: Heatran|Grass
|move|p1a: Big Dipper|Aqua Jet|p2a: Heatran
|-resisted|p2a: Heatran
|-damage|p2a: Heatran|64/100
|move|p2a: Heatran|Flash Cannon|p1a: Big Dipper
|-damage|p1a: Big Dipper|21/100
|-enditem|p1a: Big Dipper|Sitrus Berry|[eat]
|-heal|p1a: Big Dipper|46/100|[from] item: Sitrus Berry
|
|upkeep
|turn|19
|
|t:|1769333845
|switch|p1a: blink|Jirachi, shiny|100/100
|move|p2a: Heatran|Magma Storm|p1a: blink|[miss]
|-miss|p2a: Heatran|p1a: blink
|
|upkeep
|turn|20
|
|t:|1769333856
|move|p1a: blink|U-turn|p2a: Heatran
|-supereffective|p2a: Heatran
|-damage|p2a: Heatran|32/100
|-status|p1a: blink|brn|[from] ability: Flame Body|[of] p2a: Heatran
|
|t:|1769333861
|switch|p1a: Kratos|Dragapult, M|100/100|[from] U-turn
|move|p2a: Heatran|Magma Storm|p1a: Kratos
|-resisted|p1a: Kratos
|-damage|p1a: Kratos|71/100
|-activate|p1a: Kratos|move: Magma Storm|[of] p2a: Heatran
|
|-damage|p1a: Kratos|59/100|[from] move: Magma Storm|[partiallytrapped]
|upkeep
|turn|21
|
|t:|1769333876
|switch|p2a: Enamorus|Enamorus, F|51/100
|-damage|p2a: Enamorus|26/100|[from] Stealth Rock
|move|p1a: Kratos|Flamethrower|p2a: Enamorus
|-damage|p2a: Enamorus|0 fnt
|faint|p2a: Enamorus
|
|-end|p1a: Kratos|Magma Storm|[partiallytrapped]|[silent]
|upkeep
|
|t:|1769333884
|switch|p2a: Landorus|Landorus-Therian, M|54/100
|-damage|p2a: Landorus|42/100|[from] Stealth Rock
|-ability|p2a: Landorus|Intimidate|boost
|-unboost|p1a: Kratos|atk|1
|turn|22
|inactive|Battle timer is ON: inactive players will automatically lose when time's up. (requested by bababablackmareep)
|inactive|damien68 has 120 seconds left.
|inactive|damien68 has 90 seconds left.
|inactive|damien68 has 60 seconds left.
|inactive|damien68 has 30 seconds left.
|inactive|damien68 has 20 seconds left.
|inactive|damien68 has 15 seconds left.
|inactive|damien68 has 10 seconds left.
|inactive|damien68 has 5 seconds left.
|-message|damien68 lost due to inactivity.
|
|win|bababablackmareep
|raw|bababablackmareep's rating: 1212 &rarr; <strong>1238</strong><br />(+26 for winning)
|raw|damien68's rating: 1223 &rarr; <strong>1197</strong><br />(-26 for losing)
|l|☆bababablackmareep
|player|p1|
