|j|☆ape-tickler
|j|☆Ferriswonk
|t:|1769408269
|gametype|singles
|player|p1|ape-tickler|skyla|1127
|player|p2|Ferriswonk|psychicf-gen4|1089
|gen|9
|tier|[Gen 9] OU
|rated|
|rule|HP Percentage Mod: HP is shown in percentages
|rule|Endless Battle Clause: Forcing endless battles is banned
|rule|Species Clause: Limit one of each Pokémon
|rule|OHKO Clause: OHKO moves are banned
|rule|Evasion Items Clause: Evasion items are banned
|rule|Evasion Moves Clause: Evasion moves are banned
|rule|Evasion Abilities Clause: Evasion abilities are banned
|rule|Sleep Moves Clause: Sleep-inducing moves are banned
|clearpoke
|poke|p1|Greninja-*, M|
|poke|p1|Alomomola, F|
|poke|p1|Great Tusk|
|poke|p1|Gholdengo|
|poke|p1|Dragapult, M|
|poke|p1|Kingambit, F|
|poke|p2|Pikachu, F|
|poke|p2|Blaziken, F|
|poke|p2|Moltres|
|poke|p2|Donphan, F|
|poke|p2|Slowbro, F|
|poke|p2|Clefable, F|
|teampreview
|
|t:|1769408277
|teamsize|p1|6
|teamsize|p2|6
|start
|switch|p1a: Greninja|Greninja, M, shiny|100/100
|switch|p2a: Slowbro|Slowbro, F|100/100
|turn|1
|
|t:|1769408287
|-terastallize|p2a: Slowbro|Water
|move|p1a: Greninja|Toxic Spikes|p2a: Slowbro
|-start|p1a: Greninja|typechange|Poison|[from] ability: Protean
|-sidestart|p2: Ferriswonk|move: Toxic Spikes
|move|p2a: Slowbro|Hydro Pump|p1a: Greninja|[miss]
|-miss|p2a: Slowbro|p1a: Greninja
|
|upkeep
|turn|2
|
|t:|1769408317
|switch|p1a: Gholdengo|Gholdengo|100/100
|move|p2a: Slowbro|Psychic|p1a: Gholdengo
|-resisted|p1a: Gholdengo
|-damage|p1a: Gholdengo|74/100
|
|upkeep
|turn|3
|
|t:|1769408327
|switch|p2a: Donphan|Donphan, F|100/100
|move|p1a: Gholdengo|Thunderbolt|p2a: Donphan
|-immune|p2a: Donphan
|
|upkeep
|turn|4
|
|t:|1769408334
|switch|p1a: Alomomola|Alomomola, F|100/100
|move|p2a: Donphan|Earthquake|p1a: Alomomola
|-damage|p1a: Alomomola|68/100
|
|upkeep
|turn|5
|
|t:|1769408343
|move|p1a: Alomomola|Flip Turn|p2a: Donphan
|-supereffective|p2a: Donphan
|-damage|p2a: Donphan|77/100
|
|t:|1769408346
|switch|p1a: Great Tusk|Great Tusk|100/100|[from] Flip Turn
|-enditem|p1a: Great Tusk|Booster Energy
|-activate|p1a: Great Tusk|ability: Protosynthesis|[fromitem]
|-start|p1a: Great Tusk|protosynthesisdef
|move|p2a: Donphan|Rapid Spin|p1a: Great Tusk
|-damage|p1a: Great Tusk|94/100
|-boost|p2a: Donphan|spe|1
|-sideend|p2: Ferriswonk|Toxic Spikes|[from] move: Rapid Spin|[of] p2a: Donphan
|
|upkeep
|turn|6
|
|t:|1769408358
|switch|p2a: Moltres|Moltres|100/100
|move|p1a: Great Tusk|Knock Off|p2a: Moltres
|-damage|p2a: Moltres|69/100
|-damage|p1a: Great Tusk|77/100|[from] item: Rocky Helmet|[of] p2a: Moltres
|-enditem|p2a: Moltres|Rocky Helmet|[from] move: Knock Off|[of] p1a: Great Tusk
|
|upkeep
|turn|7
|
|t:|1769408367
|move|p1a: Great Tusk|Stealth Rock|p2a: Moltres
|-sidestart|p2: Ferriswonk|move: Stealth Rock
|move|p2a: Moltres|Roar|p1a: Great Tusk
|-end|p1a: Great Tusk|Protosynthesis|[silent]
|drag|p1a: Dragapult|Dragapult, M|100/100
|
|upkeep
|turn|8
|
|t:|1769408379
|move|p1a: Dragapult|Night Shade|p2a: Moltres
|-damage|p2a: Moltres|38/100
|move|p2a: Moltres|Hurricane|p1a: Dragapult|[miss]
|-miss|p2a: Moltres|p1a: Dragapult
|
|upkeep
|turn|9
|
|t:|1769408390
|move|p1a: Dragapult|Dragon Darts|p2a: Moltres
|-damage|p2a: Moltres|11/100
|-anim|p1a: Dragapult|Dragon Darts|p2a: Moltres
|-damage|p2a: Moltres|0 fnt
|faint|p2a: Moltres
|
|upkeep
|
|t:|1769408396
|switch|p2a: Slowbro|Slowbro, F, tera:Water|100/100
|-damage|p2a: Slowbro|88/100|[from] Stealth Rock
|turn|10
|
|t:|1769408407
|switch|p1a: Gholdengo|Gholdengo|74/100
|move|p2a: Slowbro|Ice Beam|p1a: Gholdengo
|-resisted|p1a: Gholdengo
|-crit|p1a: Gholdengo
|-damage|p1a: Gholdengo|50/100
|
|upkeep
|turn|11
|
|t:|1769408414
|move|p1a: Gholdengo|Thunderbolt|p2a: Slowbro
|-supereffective|p2a: Slowbro
|-damage|p2a: Slowbro|47/100
|-status|p2a: Slowbro|par
|move|p2a: Slowbro|Flamethrower|p1a: Gholdengo
|-supereffective|p1a: Gholdengo
|-damage|p1a: Gholdengo|0 fnt
|faint|p1a: Gholdengo
|
|upkeep
|
|t:|1769408428
|switch|p1a: Greninja|Greninja, M, shiny|100/100
|turn|12
|
|t:|1769408438
|switch|p2a: Clefable|Clefable, F|100/100
|-damage|p2a: Clefable|88/100|[from] Stealth Rock
|move|p1a: Greninja|Dark Pulse|p2a: Clefable
|-start|p1a: Greninja|typechange|Dark|[from] ability: Protean
|-resisted|p2a: Clefable
|-damage|p2a: Clefable|67/100
|-damage|p1a: Greninja|91/100|[from] item: Life Orb
|
|-heal|p2a: Clefable|73/100|[from] item: Leftovers
|upkeep
|turn|13
|
|t:|1769408463
|switch|p1a: Dragapult|Dragapult, M|100/100
|move|p2a: Clefable|Calm Mind|p2a: Clefable
|-boost|p2a: Clefable|spa|1
|-boost|p2a: Clefable|spd|1
|
|-heal|p2a: Clefable|79/100|[from] item: Leftovers
|upkeep
|turn|14
|
|t:|1769408485
|move|p1a: Dragapult|Psychic Fangs|p2a: Clefable
|-damage|p2a: Clefable|49/100
|move|p2a: Clefable|Moonblast|p1a: Dragapult
|-supereffective|p1a: Dragapult
|-damage|p1a: Dragapult|0 fnt
|faint|p1a: Dragapult
|
|-heal|p2a: Clefable|55/100|[from] item: Leftovers
|upkeep
|
|t:|1769408496
|switch|p1a: Great Tusk|Great Tusk|77/100
|turn|15
|
|t:|1769408505
|move|p1a: Great Tusk|Earthquake|p2a: Clefable
|-damage|p2a: Clefable|4/100
|move|p2a: Clefable|Moonblast|p1a: Great Tusk
|-supereffective|p1a: Great Tusk
|-damage|p1a: Great Tusk|0 fnt
|faint|p1a: Great Tusk
|-end|p1a: Great Tusk|Protosynthesis|[silent]
|
|-heal|p2a: Clefable|10/100|[from] item: Leftovers
|upkeep
|
|t:|1769408515
|switch|p1a: Greninja|Greninja, M, shiny|91/100
|turn|16
|
|t:|1769408522
|move|p1a: Greninja|Hydro Pump|p2a: Clefable
|-start|p1a: Greninja|typechange|Water|[from] ability: Protean
|-damage|p2a: Clefable|0 fnt
|faint|p2a: Clefable
|-damage|p1a: Greninja|81/100|[from] item: Life Orb
|
|upkeep
|
|t:|1769408540
|switch|p2a: Slowbro|Slowbro, F, tera:Water|81/100 par
|-damage|p2a: Slowbro|68/100 par|[from] Stealth Rock
|turn|17
|
|t:|1769408545
|move|p1a: Greninja|Toxic Spikes|p2a: Slowbro
|-sidestart|p2: Ferriswonk|move: Toxic Spikes
|move|p2a: Slowbro|Psychic|p1a: Greninja
|-damage|p1a: Greninja|16/100
|
|upkeep
|turn|18
|
|t:|1769408560
|switch|p1a: Kingambit|Kingambit, F|100/100
|-activate|p1a: Kingambit|ability: Supreme Overlord
|-start|p1a: Kingambit|fallen3|[silent]
|move|p2a: Slowbro|Hydro Pump|p1a: Kingambit
|-crit|p1a: Kingambit
|-damage|p1a: Kingambit|28/100
|
|upkeep
|turn|19
|
|t:|1769408572
|switch|p2a: Donphan|Donphan, F|77/100
|-terastallize|p1a: Kingambit|Dark
|move|p1a: Kingambit|Sucker Punch||[still]
|-fail|p1a: Kingambit
|
|upkeep
|turn|20
|
|t:|1769408581
|move|p1a: Kingambit|Sucker Punch||[still]
|-fail|p1a: Kingambit
|move|p2a: Donphan|Stealth Rock|p1a: Kingambit
|-sidestart|p1: ape-tickler|move: Stealth Rock
|
|upkeep
|turn|21
|
|t:|1769408595
|move|p1a: Kingambit|Sucker Punch|p2a: Donphan
|-damage|p2a: Donphan|19/100
|move|p2a: Donphan|Rapid Spin|p1a: Kingambit
|-damage|p1a: Kingambit|14/100
|-boost|p2a: Donphan|spe|1
|-sideend|p2: Ferriswonk|Toxic Spikes|[from] move: Rapid Spin|[of] p2a: Donphan
|-sideend|p2: Ferriswonk|Stealth Rock|[from] move: Rapid Spin|[of] p2a: Donphan
|
|upkeep
|turn|22
|
|t:|1769408611
|move|p1a: Kingambit|Sucker Punch|p2a: Donphan
|-damage|p2a: Donphan|0 fnt
|faint|p2a: Donphan
|
|upkeep
|
|t:|1769408613
|switch|p2a: Blaziken|Blaziken, F|100/100
|turn|23
|
|t:|1769408621
|move|p2a: Blaziken|Protect|p2a: Blaziken
|-singleturn|p2a: Blaziken|Protect
|move|p1a: Kingambit|Sucker Punch||[still]
|-fail|p1a: Kingambit
|
|-ability|p2a: Blaziken|Speed Boost|boost
|-boost|p2a: Blaziken|spe|1
|upkeep
|turn|24
|
|t:|1769408634
|switch|p2a: Slowbro|Slowbro, F, tera:Water|100/100 par
|move|p1a: Kingambit|Sucker Punch||[still]
|-fail|p1a: Kingambit
|
|upkeep
|turn|25
|
|t:|1769408643
|-end|p1a: Kingambit|fallen3|[silent]
|switch|p1a: Alomomola|Alomomola, F|100/100
|switch|p2a: Blaziken|Blaziken, F|100/100
|
|upkeep
|turn|26
|
|t:|1769408650
|move|p2a: Blaziken|Protect|p2a: Blaziken
|-singleturn|p2a: Blaziken|Protect
|move|p1a: Alomomola|Scald|p2a: Blaziken
|-activate|p2a: Blaziken|move: Protect
|
|-ability|p2a: Blaziken|Speed Boost|boost
|-boost|p2a: Blaziken|spe|1
|upkeep
|turn|27
|
|t:|1769408659
|move|p2a: Blaziken|Close Combat|p1a: Alomomola
|-damage|p1a: Alomomola|59/100
|-unboost|p2a: Blaziken|def|1
|-unboost|p2a: Blaziken|spd|1
|move|p1a: Alomomola|Scald|p2a: Blaziken
|-supereffective|p2a: Blaziken
|-damage|p2a: Blaziken|42/100
|
|-heal|p2a: Blaziken|48/100|[from] item: Leftovers
|-ability|p2a: Blaziken|Speed Boost|boost
|-boost|p2a: Blaziken|spe|1
|upkeep
|turn|28
|
|t:|1769408677
|switch|p2a: Slowbro|Slowbro, F, tera:Water|100/100 par
|move|p1a: Alomomola|Scald|p2a: Slowbro
|-resisted|p2a: Slowbro
|-damage|p2a: Slowbro|95/100 par
|
|upkeep
|turn|29
|
|t:|1769408697
|move|p1a: Alomomola|Flip Turn|p2a: Slowbro
|-resisted|p2a: Slowbro
|-damage|p2a: Slowbro|90/100 par
|
|t:|1769408700
|switch|p1a: Kingambit|Kingambit, F, tera:Dark|14/100|[from] Flip Turn
|-damage|p1a: Kingambit|1/100|[from] Stealth Rock
|-activate|p1a: Kingambit|ability: Supreme Overlord
|-start|p1a: Kingambit|fallen3|[silent]
|move|p2a: Slowbro|Flamethrower|p1a: Kingambit
|-damage|p1a: Kingambit|0 fnt
|faint|p1a: Kingambit
|-end|p1a: Kingambit|fallen3|[silent]
|
|upkeep
|
|t:|1769408702
|switch|p1a: Alomomola|Alomomola, F|93/100
|turn|30
|
|t:|1769408716
|move|p1a: Alomomola|Scald|p2a: Slowbro
|-resisted|p2a: Slowbro
|-damage|p2a: Slowbro|85/100 par
|move|p2a: Slowbro|Psychic|p1a: Alomomola
|-damage|p1a: Alomomola|48/100
|
|upkeep
|turn|31
|
|t:|1769408725
|move|p1a: Alomomola|Protect|p1a: Alomomola
|-singleturn|p1a: Alomomola|Protect
|move|p2a: Slowbro|Psychic|p1a: Alomomola
|-activate|p1a: Alomomola|move: Protect
|
|upkeep
|turn|32
|
|t:|1769408735
|move|p1a: Alomomola|Healing Wish|p1a: Alomomola
|faint|p1a: Alomomola
|move|p2a: Slowbro|Psychic|p1: Alomomola|[notarget]
|-fail|p2a: Slowbro
|
|upkeep
|
|t:|1769408739
|switch|p1a: Greninja|Greninja, M, shiny|16/100
|-heal|p1a: Greninja|100/100|[from] move: Healing Wish
|-damage|p1a: Greninja|88/100|[from] Stealth Rock
|turn|33
|
|t:|1769408749
|move|p1a: Greninja|Dark Pulse|p2a: Slowbro
|-start|p1a: Greninja|typechange|Dark|[from] ability: Protean
|-damage|p2a: Slowbro|51/100 par
|-damage|p1a: Greninja|78/100|[from] item: Life Orb
|move|p2a: Slowbro|Hydro Pump|p1a: Greninja
|-damage|p1a: Greninja|0 fnt
|faint|p1a: Greninja
|
|win|Ferriswonk
|raw|ape-tickler's rating: 1127 &rarr; <strong>1099</strong><br />(-28 for losing)
|raw|Ferriswonk's rating: 1089 &rarr; <strong>1119</strong><br />(+30 for winning)
|l|☆ape-tickler
|player|p1|
|l|☆Ferriswonk
|player|p2|
|j|☆Ferriswonk
|player|p2|Ferriswonk|psychicf-gen4|
|l|☆Ferriswonk
|player|p2|
