|j|☆rblt ryo
|j|☆Truffle buddah
|t:|1769293465
|gametype|singles
|player|p1|rblt ryo|dawn|1563
|player|p2|Truffle buddah|li|1651
|gen|9
|tier|[Gen 9] OU
|rated|
|rule|HP Percentage Mod: HP is shown in percentages
|rule|Endless Battle Clause: Forcing endless battles is banned
|rule|Species Clause: Limit one of each Pokémon
|rule|OHKO Clause: OHKO moves are banned
|rule|Evasion Items Clause: Evasion items are banned
|rule|Evasion Moves Clause: Evasion moves are banned
|rule|Evasion Abilities Clause: Evasion abilities are banned
|rule|Sleep Moves Clause: Sleep-inducing moves are banned
|clearpoke
|poke|p1|Rhyperior, F|
|poke|p1|Articuno|
|poke|p1|Suicune|
|poke|p1|Heatran, M|
|poke|p1|Decidueye-Hisui, M|
|poke|p1|Latios, M|
|poke|p2|Cinderace, M|
|poke|p2|Scizor, M|
|poke|p2|Quaquaval, M|
|poke|p2|Sinistcha|
|poke|p2|Dragonite, F|
|poke|p2|Iron Valiant|
|teampreview
|inactive|Battle timer is ON: inactive players will automatically lose when time's up. (requested by Truffle buddah)
|
|t:|1769293547
|teamsize|p1|6
|teamsize|p2|6
|start
|switch|p1a: Suicune|Suicune, shiny|100/100
|switch|p2a: Scizor|Scizor, M|100/100
|-ability|p1a: Suicune|Pressure
|turn|1
|
|t:|1769293574
|switch|p1a: Heatran|Heatran, M|100/100
|move|p2a: Scizor|U-turn|p1a: Heatran
|-resisted|p1a: Heatran
|-damage|p1a: Heatran|88/100
|
|t:|1769293582
|switch|p2a: Quaquaval|Quaquaval, M|100/100|[from] U-turn
|
|-heal|p1a: Heatran|94/100|[from] item: Leftovers
|upkeep
|turn|2
|
|t:|1769293588
|switch|p1a: Latios|Latios, M, shiny|100/100
|move|p2a: Quaquaval|Close Combat|p1a: Latios
|-resisted|p1a: Latios
|-damage|p1a: Latios|55/100
|-unboost|p2a: Quaquaval|def|1
|-unboost|p2a: Quaquaval|spd|1
|
|upkeep
|turn|3
|inactive|rblt ryo has 120 seconds left.
|inactive|rblt ryo has 90 seconds left.
|
|t:|1769293665
|switch|p2a: Scizor|Scizor, M|100/100
|-terastallize|p1a: Latios|Fighting
|move|p1a: Latios|Aura Sphere|p2a: Scizor
|-damage|p2a: Scizor|43/100
|
|upkeep
|turn|4
|
|t:|1769293678
|switch|p1a: Heatran|Heatran, M|94/100
|switch|p2a: Quaquaval|Quaquaval, M|100/100
|
|-heal|p1a: Heatran|99/100|[from] item: Leftovers
|upkeep
|turn|5
|j| js_redstar
|
|t:|1769293693
|switch|p1a: Decidueye|Decidueye-Hisui, M, shiny|100/100
|move|p2a: Quaquaval|Close Combat|p1a: Decidueye
|-damage|p1a: Decidueye|50/100
|-unboost|p2a: Quaquaval|def|1
|-unboost|p2a: Quaquaval|spd|1
|-damage|p2a: Quaquaval|84/100|[from] item: Rocky Helmet|[of] p1a: Decidueye
|
|upkeep
|turn|6
|inactive|rblt ryo has 60 seconds left.
|inactive|Truffle buddah has 120 seconds left.
|
|t:|1769293752
|move|p2a: Quaquaval|Close Combat|p1a: Decidueye
|-damage|p1a: Decidueye|0 fnt
|-unboost|p2a: Quaquaval|def|1
|-unboost|p2a: Quaquaval|spd|1
|-damage|p2a: Quaquaval|68/100|[from] item: Rocky Helmet|[of] p1a: Decidueye
|faint|p1a: Decidueye
|-ability|p2a: Quaquaval|Moxie|boost
|-boost|p2a: Quaquaval|atk|1
|
|upkeep
|
|t:|1769293776
|switch|p1a: Latios|Latios, M, shiny, tera:Fighting|55/100
|turn|7
|inactive|Truffle buddah has 90 seconds left.
|
|t:|1769293809
|switch|p2a: Scizor|Scizor, M|43/100
|move|p1a: Latios|Luster Purge|p2a: Scizor
|-resisted|p2a: Scizor
|-damage|p2a: Scizor|8/100
|
|upkeep
|turn|8
|
|t:|1769293816
|move|p1a: Latios|Luster Purge|p2a: Scizor
|-resisted|p2a: Scizor
|-damage|p2a: Scizor|0 fnt
|faint|p2a: Scizor
|
|upkeep
|inactive|Truffle buddah has 90 seconds left.
|l| js_redstar
|
|t:|1769293838
|switch|p2a: Cinderace|Cinderace, M|100/100
|turn|9
|inactive|rblt ryo has 60 seconds left.
|
|t:|1769293851
|move|p1a: Latios|Luster Purge|p2a: Cinderace
|-damage|p2a: Cinderace|28/100
|-unboost|p2a: Cinderace|spd|1
|move|p2a: Cinderace|Pyro Ball|p1a: Latios
|-damage|p1a: Latios|0 fnt
|faint|p1a: Latios
|
|upkeep
|inactive|rblt ryo has 60 seconds left.
|
|t:|1769293874
|switch|p1a: Suicune|Suicune, shiny|100/100
|-ability|p1a: Suicune|Pressure
|turn|10
|
|t:|1769293882
|move|p2a: Cinderace|High Jump Kick|p1a: Suicune
|-start|p2a: Cinderace|typechange|Fighting|[from] ability: Libero
|-damage|p1a: Suicune|65/100
|move|p1a: Suicune|Scald|p2a: Cinderace
|-damage|p2a: Cinderace|0 fnt
|faint|p2a: Cinderace
|
|-heal|p1a: Suicune|72/100|[from] item: Leftovers
|upkeep
|inactive|Truffle buddah has 90 seconds left.
|
|t:|1769293894
|switch|p2a: Dragonite|Dragonite, F|100/100
|turn|11
|inactive|rblt ryo has 60 seconds left.
|inactive|rblt ryo has 30 seconds left.
|inactive|rblt ryo has 20 seconds left.
|inactive|rblt ryo has 15 seconds left.
|inactive|rblt ryo has 10 seconds left.
|inactive|rblt ryo has 5 seconds left.
|
|t:|1769293960
|move|p2a: Dragonite|Dragon Dance|p2a: Dragonite
|-boost|p2a: Dragonite|atk|1
|-boost|p2a: Dragonite|spe|1
|move|p1a: Suicune|Ice Beam|p2a: Dragonite
|-supereffective|p2a: Dragonite
|-damage|p2a: Dragonite|57/100
|
|-heal|p1a: Suicune|78/100|[from] item: Leftovers
|upkeep
|turn|12
|inactive|rblt ryo has 15 seconds left this turn.
|inactive|rblt ryo has 10 seconds left.
|
|t:|1769293976
|-terastallize|p2a: Dragonite|Fire
|move|p2a: Dragonite|Encore|p1a: Suicune
|-start|p1a: Suicune|Encore
|move|p1a: Suicune|Ice Beam|p2a: Dragonite
|-resisted|p2a: Dragonite
|-damage|p2a: Dragonite|48/100
|
|-heal|p1a: Suicune|84/100|[from] item: Leftovers
|upkeep
|turn|13
|inactive|rblt ryo has 20 seconds left this turn.
|inactive|rblt ryo has 15 seconds left.
|
|t:|1769293985
|switch|p1a: Heatran|Heatran, M|99/100
|move|p2a: Dragonite|Dragon Dance|p2a: Dragonite
|-boost|p2a: Dragonite|atk|1
|-boost|p2a: Dragonite|spe|1
|
|-heal|p1a: Heatran|100/100|[from] item: Leftovers
|upkeep
|turn|14
|inactive|rblt ryo has 25 seconds left this turn.
|inactive|rblt ryo has 20 seconds left.
|
|t:|1769293994
|move|p2a: Dragonite|Scale Shot|p1a: Heatran
|-resisted|p1a: Heatran
|-damage|p1a: Heatran|89/100
|-resisted|p1a: Heatran
|-damage|p1a: Heatran|76/100
|-resisted|p1a: Heatran
|-damage|p1a: Heatran|64/100
|-resisted|p1a: Heatran
|-damage|p1a: Heatran|52/100
|-hitcount|p1a: Heatran|4
|-unboost|p2a: Dragonite|def|1
|-boost|p2a: Dragonite|spe|1
|move|p1a: Heatran|Earth Power|p2a: Dragonite
|-supereffective|p2a: Dragonite
|-damage|p2a: Dragonite|0 fnt
|faint|p2a: Dragonite
|
|-heal|p1a: Heatran|58/100|[from] item: Leftovers
|upkeep
|
|t:|1769294002
|switch|p2a: Quaquaval|Quaquaval, M|68/100
|turn|15
|inactive|rblt ryo has 30 seconds left.
|inactive|rblt ryo has 20 seconds left.
|inactive|rblt ryo has 15 seconds left.
|
|t:|1769294023
|move|p2a: Quaquaval|Close Combat|p1a: Heatran
|-supereffective|p1a: Heatran
|-crit|p1a: Heatran
|-damage|p1a: Heatran|0 fnt
|-unboost|p2a: Quaquaval|def|1
|-unboost|p2a: Quaquaval|spd|1
|faint|p1a: Heatran
|-ability|p2a: Quaquaval|Moxie|boost
|-boost|p2a: Quaquaval|atk|1
|
|upkeep
|inactive|rblt ryo has 20 seconds left this turn.
|inactive|rblt ryo has 15 seconds left.
|inactive|rblt ryo has 10 seconds left.
|inactive|rblt ryo has 5 seconds left.
|
|t:|1769294039
|switch|p1a: Articuno|Articuno, shiny|100/100
|-ability|p1a: Articuno|Pressure
|turn|16
|inactive|rblt ryo has 15 seconds left this turn.
|
|t:|1769294053
|switch|p2a: Iron Valiant|Iron Valiant|100/100
|-enditem|p2a: Iron Valiant|Booster Energy
|-activate|p2a: Iron Valiant|ability: Quark Drive|[fromitem]
|-start|p2a: Iron Valiant|quarkdrivespe
|move|p1a: Articuno|Freeze-Dry|p2a: Iron Valiant
|-damage|p2a: Iron Valiant|39/100
|
|upkeep
|turn|17
|inactive|rblt ryo has 25 seconds left this turn.
|inactive|rblt ryo has 20 seconds left.
|inactive|rblt ryo has 15 seconds left.
|inactive|rblt ryo has 10 seconds left.
|inactive|rblt ryo has 5 seconds left.
|
|t:|1769294074
|switch|p1a: Rhyperior|Rhyperior, F|100/100
|move|p2a: Iron Valiant|Moonblast|p1a: Rhyperior
|-damage|p1a: Rhyperior|64/100
|-unboost|p1a: Rhyperior|spa|1
|
|upkeep
|turn|18
|inactive|rblt ryo has 15 seconds left this turn.
|inactive|rblt ryo has 10 seconds left.
|inactive|rblt ryo has 5 seconds left.
|
|t:|1769294087
|move|p2a: Iron Valiant|Moonblast|p1a: Rhyperior
|-damage|p1a: Rhyperior|28/100
|move|p1a: Rhyperior|Earthquake|p2a: Iron Valiant
|-damage|p2a: Iron Valiant|0 fnt
|faint|p2a: Iron Valiant
|-end|p2a: Iron Valiant|Quark Drive|[silent]
|
|upkeep
|
|t:|1769294093
|switch|p2a: Quaquaval|Quaquaval, M|68/100
|turn|19
|inactive|rblt ryo has 20 seconds left this turn.
|
|t:|1769294096
|move|p2a: Quaquaval|Aqua Step|p1a: Rhyperior
|-supereffective|p1a: Rhyperior
|-damage|p1a: Rhyperior|0 fnt
|-boost|p2a: Quaquaval|spe|1
|faint|p1a: Rhyperior
|-ability|p2a: Quaquaval|Moxie|boost
|-boost|p2a: Quaquaval|atk|1
|
|upkeep
|inactive|rblt ryo has 25 seconds left this turn.
|inactive|rblt ryo has 20 seconds left.
|
|t:|1769294102
|switch|p1a: Suicune|Suicune, shiny|84/100
|-ability|p1a: Suicune|Pressure
|turn|20
|inactive|rblt ryo has 30 seconds left this turn.
|
|t:|1769294110
|move|p2a: Quaquaval|Knock Off|p1a: Suicune
|-damage|p1a: Suicune|54/100
|-enditem|p1a: Suicune|Leftovers|[from] move: Knock Off|[of] p2a: Quaquaval
|move|p1a: Suicune|Scald|p2a: Quaquaval
|-resisted|p2a: Quaquaval
|-damage|p2a: Quaquaval|56/100
|
|upkeep
|turn|21
|
|t:|1769294115
|move|p2a: Quaquaval|Close Combat|p1a: Suicune
|-damage|p1a: Suicune|3/100
|-unboost|p2a: Quaquaval|def|1
|-unboost|p2a: Quaquaval|spd|1
|move|p1a: Suicune|Scald|p2a: Quaquaval
|-resisted|p2a: Quaquaval
|-damage|p2a: Quaquaval|39/100
|
|upkeep
|turn|22
|
|t:|1769294120
|move|p2a: Quaquaval|Aqua Step|p1a: Suicune
|-resisted|p1a: Suicune
|-damage|p1a: Suicune|0 fnt
|-boost|p2a: Quaquaval|spe|1
|faint|p1a: Suicune
|-ability|p2a: Quaquaval|Moxie|boost
|-boost|p2a: Quaquaval|atk|1
|
|upkeep
|-message|rblt ryo forfeited.
|
|win|Truffle buddah
|raw|rblt ryo's rating: 1563 &rarr; <strong>1547</strong><br />(-16 for losing)
|raw|Truffle buddah's rating: 1631 &rarr; <strong>1647</strong><br />(+16 for winning)
|l|☆Truffle buddah
|player|p2|
