|j|☆Kward17kw
|j|☆NotoriousWRLD
|t:|1769382162
|gametype|singles
|player|p1|Kward17kw|2|1099
|player|p2|NotoriousWRLD|266|1134
|gen|9
|tier|[Gen 9] OU
|rated|
|rule|HP Percentage Mod: HP is shown in percentages
|rule|Endless Battle Clause: Forcing endless battles is banned
|rule|Species Clause: Limit one of each Pokémon
|rule|OHKO Clause: OHKO moves are banned
|rule|Evasion Items Clause: Evasion items are banned
|rule|Evasion Moves Clause: Evasion moves are banned
|rule|Evasion Abilities Clause: Evasion abilities are banned
|rule|Sleep Moves Clause: Sleep-inducing moves are banned
|clearpoke
|poke|p1|Gligar, M|
|poke|p1|Glimmora, M|
|poke|p1|Crawdaunt, F|
|poke|p1|Glaceon, M|
|poke|p1|Abomasnow, M|
|poke|p1|Delibird, M|
|poke|p2|Pelipper, F|
|poke|p2|Toxapex, F|
|poke|p2|Ludicolo, M|
|poke|p2|Crawdaunt, M|
|poke|p2|Barraskewda, M|
|poke|p2|Swampert, M|
|teampreview
|
|t:|1769382179
|teamsize|p1|6
|teamsize|p2|6
|start
|switch|p1a: Gligar|Gligar, M|100/100
|switch|p2a: Pelipper|Pelipper, F, shiny|100/100
|-weather|RainDance|[from] ability: Drizzle|[of] p2a: Pelipper
|turn|1
|inactive|Battle timer is ON: inactive players will automatically lose when time's up. (requested by Kward17kw)
|
|t:|1769382191
|move|p1a: Gligar|Stealth Rock|p2a: Pelipper
|-sidestart|p2: NotoriousWRLD|move: Stealth Rock
|move|p2a: Pelipper|U-turn|p1a: Gligar
|-resisted|p1a: Gligar
|-damage|p1a: Gligar|98/100
|
|t:|1769382196
|switch|p2a: Ludicolo|Ludicolo, M|100/100|[from] U-turn
|-damage|p2a: Ludicolo|88/100|[from] Stealth Rock
|
|-weather|RainDance|[upkeep]
|upkeep
|turn|2
|
|t:|1769382203
|switch|p1a: Abomasnow|Abomasnow, M|100/100
|-weather|Snowscape|[from] ability: Snow Warning|[of] p1a: Abomasnow
|move|p2a: Ludicolo|Ice Beam|p1a: Abomasnow
|-damage|p1a: Abomasnow|80/100
|
|-weather|Snowscape|[upkeep]
|upkeep
|turn|3
|inactive|NotoriousWRLD has 120 seconds left.
|
|t:|1769382245
|switch|p2a: Swampert|Swampert, M|100/100
|-damage|p2a: Swampert|94/100|[from] Stealth Rock
|switch|p1a: Glaceon|Glaceon, M|100/100
|
|-weather|Snowscape|[upkeep]
|-heal|p2a: Swampert|100/100|[from] item: Leftovers
|upkeep
|turn|4
|
|t:|1769382261
|move|p1a: Glaceon|Blizzard|p2a: Swampert
|-damage|p2a: Swampert|40/100
|move|p2a: Swampert|Stealth Rock|p1a: Glaceon
|-sidestart|p1: Kward17kw|move: Stealth Rock
|
|-weather|Snowscape|[upkeep]
|-heal|p2a: Swampert|46/100|[from] item: Leftovers
|upkeep
|turn|5
|
|t:|1769382273
|switch|p2a: Ludicolo|Ludicolo, M|88/100
|-damage|p2a: Ludicolo|76/100|[from] Stealth Rock
|move|p1a: Glaceon|Blizzard|p2a: Ludicolo
|-damage|p2a: Ludicolo|1/100
|
|-weather|Snowscape|[upkeep]
|upkeep
|turn|6
|
|t:|1769382283
|move|p2a: Ludicolo|Giga Drain|p1a: Glaceon
|-damage|p1a: Glaceon|62/100
|-heal|p2a: Ludicolo|22/100|[from] drain|[of] p1a: Glaceon
|move|p1a: Glaceon|Blizzard|p2a: Ludicolo
|-damage|p2a: Ludicolo|0 fnt
|faint|p2a: Ludicolo
|
|-weather|none
|-heal|p1a: Glaceon|68/100|[from] item: Leftovers
|upkeep
|
|t:|1769382292
|switch|p2a: Barraskewda|Barraskewda, M|100/100
|-damage|p2a: Barraskewda|88/100|[from] Stealth Rock
|turn|7
|
|t:|1769382298
|switch|p1a: Abomasnow|Abomasnow, M|80/100
|-damage|p1a: Abomasnow|55/100|[from] Stealth Rock
|-weather|Snowscape|[from] ability: Snow Warning|[of] p1a: Abomasnow
|move|p2a: Barraskewda|Close Combat|p1a: Abomasnow
|-supereffective|p1a: Abomasnow
|-damage|p1a: Abomasnow|0 fnt
|-unboost|p2a: Barraskewda|def|1
|-unboost|p2a: Barraskewda|spd|1
|faint|p1a: Abomasnow
|
|-weather|Snowscape|[upkeep]
|upkeep
|
|t:|1769382311
|switch|p1a: Glimmora|Glimmora, M|100/100
|-damage|p1a: Glimmora|88/100|[from] Stealth Rock
|-item|p1a: Glimmora|Air Balloon
|turn|8
|
|t:|1769382317
|switch|p2a: Pelipper|Pelipper, F, shiny|100/100
|-damage|p2a: Pelipper|76/100|[from] Stealth Rock
|-weather|RainDance|[from] ability: Drizzle|[of] p2a: Pelipper
|move|p1a: Glimmora|Mortal Spin|p2a: Pelipper
|-damage|p2a: Pelipper|71/100
|-status|p2a: Pelipper|psn
|-sideend|p1: Kward17kw|Stealth Rock|[from] move: Mortal Spin|[of] p1a: Glimmora
|
|-weather|RainDance|[upkeep]
|-damage|p2a: Pelipper|58/100 psn|[from] psn
|upkeep
|turn|9
|
|t:|1769382333
|move|p1a: Glimmora|Spiky Shield|p1a: Glimmora
|-singleturn|p1a: Glimmora|move: Protect
|move|p2a: Pelipper|U-turn|p1a: Glimmora
|-activate|p1a: Glimmora|move: Protect
|-damage|p2a: Pelipper|46/100 psn|[from] Spiky Shield|[of] p1a: Glimmora
|
|-weather|RainDance|[upkeep]
|-damage|p2a: Pelipper|34/100 psn|[from] psn
|upkeep
|turn|10
|
|t:|1769382344
|switch|p2a: Swampert|Swampert, M|46/100
|-damage|p2a: Swampert|40/100|[from] Stealth Rock
|move|p1a: Glimmora|Energy Ball|p2a: Swampert
|-supereffective|p2a: Swampert
|-damage|p2a: Swampert|0 fnt
|faint|p2a: Swampert
|
|-weather|RainDance|[upkeep]
|upkeep
|inactive|NotoriousWRLD has 120 seconds left.
|
|t:|1769382354
|switch|p2a: Crawdaunt|Crawdaunt, M|100/100
|-damage|p2a: Crawdaunt|88/100|[from] Stealth Rock
|turn|11
|
|t:|1769382360
|move|p1a: Glimmora|Spiky Shield|p1a: Glimmora
|-singleturn|p1a: Glimmora|move: Protect
|move|p2a: Crawdaunt|Knock Off|p1a: Glimmora
|-activate|p1a: Glimmora|move: Protect
|-damage|p2a: Crawdaunt|76/100|[from] Spiky Shield|[of] p1a: Glimmora
|
|-weather|RainDance|[upkeep]
|upkeep
|turn|12
|
|t:|1769382371
|move|p1a: Glimmora|Mortal Spin|p2a: Crawdaunt
|-damage|p2a: Crawdaunt|67/100
|-status|p2a: Crawdaunt|psn
|move|p2a: Crawdaunt|Swords Dance|p2a: Crawdaunt
|-boost|p2a: Crawdaunt|atk|2
|
|-weather|RainDance|[upkeep]
|-damage|p2a: Crawdaunt|54/100 psn|[from] psn
|upkeep
|turn|13
|
|t:|1769382384
|move|p1a: Glimmora|Spiky Shield|p1a: Glimmora
|-singleturn|p1a: Glimmora|move: Protect
|move|p2a: Crawdaunt|Knock Off|p1a: Glimmora
|-activate|p1a: Glimmora|move: Protect
|-damage|p2a: Crawdaunt|42/100 psn|[from] Spiky Shield|[of] p1a: Glimmora
|
|-weather|RainDance|[upkeep]
|-damage|p2a: Crawdaunt|30/100 psn|[from] psn
|upkeep
|turn|14
|
|t:|1769382393
|move|p1a: Glimmora|Energy Ball|p2a: Crawdaunt
|-supereffective|p2a: Crawdaunt
|-damage|p2a: Crawdaunt|0 fnt
|faint|p2a: Crawdaunt
|
|-weather|RainDance|[upkeep]
|upkeep
|
|t:|1769382402
|switch|p2a: Pelipper|Pelipper, F, shiny|34/100 psn
|-damage|p2a: Pelipper|9/100 psn|[from] Stealth Rock
|turn|15
|
|t:|1769382409
|move|p1a: Glimmora|Spiky Shield|p1a: Glimmora
|-singleturn|p1a: Glimmora|move: Protect
|move|p2a: Pelipper|Roost|p2a: Pelipper
|-heal|p2a: Pelipper|59/100 psn
|-singleturn|p2a: Pelipper|move: Roost
|
|-weather|none
|-damage|p2a: Pelipper|47/100 psn|[from] psn
|upkeep
|turn|16
|
|t:|1769382421
|move|p1a: Glimmora|Energy Ball|p2a: Pelipper
|-damage|p2a: Pelipper|2/100 psn
|move|p2a: Pelipper|Roost|p2a: Pelipper
|-heal|p2a: Pelipper|53/100 psn
|-singleturn|p2a: Pelipper|move: Roost
|
|-damage|p2a: Pelipper|40/100 psn|[from] psn
|upkeep
|turn|17
|
|t:|1769382439
|switch|p2a: Barraskewda|Barraskewda, M|88/100
|-damage|p2a: Barraskewda|76/100|[from] Stealth Rock
|move|p1a: Glimmora|Energy Ball|p2a: Barraskewda
|-supereffective|p2a: Barraskewda
|-damage|p2a: Barraskewda|0 fnt
|faint|p2a: Barraskewda
|
|upkeep
|
|t:|1769382447
|switch|p2a: Toxapex|Toxapex, F|100/100
|-damage|p2a: Toxapex|88/100|[from] Stealth Rock
|turn|18
|
|t:|1769382460
|switch|p1a: Gligar|Gligar, M|98/100
|move|p2a: Toxapex|Surf|p1a: Gligar
|-supereffective|p1a: Gligar
|-damage|p1a: Gligar|62/100
|
|-heal|p2a: Toxapex|94/100|[from] item: Leftovers
|upkeep
|turn|19
|
|t:|1769382469
|move|p1a: Gligar|Spikes|p2a: Toxapex
|-sidestart|p2: NotoriousWRLD|Spikes
|move|p2a: Toxapex|Surf|p1a: Gligar
|-supereffective|p1a: Gligar
|-damage|p1a: Gligar|28/100
|
|-heal|p2a: Toxapex|100/100|[from] item: Leftovers
|upkeep
|turn|20
|
|t:|1769382477
|move|p1a: Gligar|Earthquake|p2a: Toxapex
|-supereffective|p2a: Toxapex
|-damage|p2a: Toxapex|67/100
|move|p2a: Toxapex|Surf|p1a: Gligar
|-supereffective|p1a: Gligar
|-damage|p1a: Gligar|0 fnt
|faint|p1a: Gligar
|
|-heal|p2a: Toxapex|73/100|[from] item: Leftovers
|upkeep
|
|t:|1769382489
|switch|p1a: Delibird|Delibird, M|100/100
|turn|21
|
|t:|1769382498
|move|p1a: Delibird|Rapid Spin|p2a: Toxapex
|-enditem|p1a: Delibird|Normal Gem|[from] gem
|-damage|p2a: Toxapex|67/100
|-boost|p1a: Delibird|spe|1
|move|p2a: Toxapex|Toxic|p1a: Delibird
|-status|p1a: Delibird|tox
|
|-heal|p2a: Toxapex|74/100|[from] item: Leftovers
|-damage|p1a: Delibird|94/100 tox|[from] psn
|upkeep
|turn|22
|
|t:|1769382510
|move|p1a: Delibird|Thief|p2a: Toxapex
|-damage|p2a: Toxapex|68/100
|-enditem|p2a: Toxapex|Leftovers|[silent]|[from] move: Thief|[of] p1a: Delibird
|-item|p1a: Delibird|Leftovers|[from] move: Thief|[of] p2a: Toxapex
|move|p2a: Toxapex|Surf|p1a: Delibird
|-damage|p1a: Delibird|54/100 tox
|
|-heal|p1a: Delibird|60/100 tox|[from] item: Leftovers
|-damage|p1a: Delibird|48/100 tox|[from] psn
|upkeep
|turn|23
|
|t:|1769382522
|move|p1a: Delibird|Endeavor|p2a: Toxapex
|-damage|p2a: Toxapex|46/100
|move|p2a: Toxapex|Surf|p1a: Delibird
|-damage|p1a: Delibird|7/100 tox
|
|-heal|p1a: Delibird|13/100 tox|[from] item: Leftovers
|-damage|p1a: Delibird|0 fnt|[from] psn
|faint|p1a: Delibird
|upkeep
|
|t:|1769382532
|switch|p1a: Glimmora|Glimmora, M|88/100
|-item|p1a: Glimmora|Air Balloon
|turn|24
|
|t:|1769382538
|move|p1a: Glimmora|Energy Ball|p2a: Toxapex
|-damage|p2a: Toxapex|18/100
|move|p2a: Toxapex|Recover|p2a: Toxapex
|-heal|p2a: Toxapex|68/100
|
|upkeep
|turn|25
|
|t:|1769382546
|move|p1a: Glimmora|Earth Power|p2a: Toxapex
|-supereffective|p2a: Toxapex
|-damage|p2a: Toxapex|17/100
|move|p2a: Toxapex|Recover|p2a: Toxapex
|-heal|p2a: Toxapex|67/100
|
|upkeep
|turn|26
|
|t:|1769382557
|move|p1a: Glimmora|Earth Power|p2a: Toxapex
|-supereffective|p2a: Toxapex
|-damage|p2a: Toxapex|17/100
|move|p2a: Toxapex|Surf|p1a: Glimmora
|-supereffective|p1a: Glimmora
|-damage|p1a: Glimmora|35/100
|-enditem|p1a: Glimmora|Air Balloon
|
|upkeep
|turn|27
|
|t:|1769382573
|-terastallize|p2a: Toxapex|Poison
|move|p1a: Glimmora|Earth Power|p2a: Toxapex
|-supereffective|p2a: Toxapex
|-damage|p2a: Toxapex|0 fnt
|faint|p2a: Toxapex
|
|upkeep
|
|t:|1769382579
|switch|p2a: Pelipper|Pelipper, F, shiny|40/100 psn
|-damage|p2a: Pelipper|15/100 psn|[from] Stealth Rock
|-weather|RainDance|[from] ability: Drizzle|[of] p2a: Pelipper
|turn|28
|
|t:|1769382585
|move|p1a: Glimmora|Energy Ball|p2a: Pelipper
|-damage|p2a: Pelipper|0 fnt
|faint|p2a: Pelipper
|
|win|Kward17kw
|raw|Kward17kw's rating: 1099 &rarr; <strong>1127</strong><br />(+28 for winning)
|raw|NotoriousWRLD's rating: 1134 &rarr; <strong>1106</strong><br />(-28 for losing)
|l|☆Kward17kw
|player|p1|
|l|☆NotoriousWRLD
|player|p2|
