|j|☆wintuhh
|j|☆cospway
|t:|1769321226
|gametype|singles
|player|p1|wintuhh|caitlin|1246
|player|p2|cospway|iris-gen5bw2|1232
|gen|9
|tier|[Gen 9] OU
|rated|
|rule|HP Percentage Mod: HP is shown in percentages
|rule|Endless Battle Clause: Forcing endless battles is banned
|rule|Species Clause: Limit one of each Pokémon
|rule|OHKO Clause: OHKO moves are banned
|rule|Evasion Items Clause: Evasion items are banned
|rule|Evasion Moves Clause: Evasion moves are banned
|rule|Evasion Abilities Clause: Evasion abilities are banned
|rule|Sleep Moves Clause: Sleep-inducing moves are banned
|clearpoke
|poke|p1|Ogerpon-Wellspring, F|
|poke|p1|Arcanine-Hisui, M|
|poke|p1|Tornadus-Therian, M|
|poke|p1|Great Tusk|
|poke|p1|Dragapult, M|
|poke|p1|Slowking-Galar, F|
|poke|p2|Cresselia, F|
|poke|p2|Jirachi|
|poke|p2|Gholdengo|
|poke|p2|Kingambit, M|
|poke|p2|Hoopa-Unbound|
|poke|p2|Azumarill, F|
|teampreview
|inactive|Battle timer is ON: inactive players will automatically lose when time's up. (requested by wintuhh)
|
|t:|1769321251
|teamsize|p1|6
|teamsize|p2|6
|start
|switch|p1a: Slowking|Slowking-Galar, F|100/100
|switch|p2a: Jirachi|Jirachi|100/100
|turn|1
|
|t:|1769321255
|move|p2a: Jirachi|Stealth Rock|p1a: Slowking
|-sidestart|p1: wintuhh|move: Stealth Rock
|-prepare|p1a: Slowking|Chilly Reception|[premajor]
|move|p1a: Slowking|Chilly Reception|p1a: Slowking
|-weather|Snowscape
|
|t:|1769321263
|switch|p1a: Arcanine|Arcanine-Hisui, M|100/100|[from] Chilly Reception
|-damage|p1a: Arcanine|76/100|[from] Stealth Rock
|
|-weather|Snowscape|[upkeep]
|upkeep
|turn|2
|
|t:|1769321280
|switch|p2a: Azumarill|Azumarill, F|100/100
|move|p1a: Arcanine|Flare Blitz|p2a: Azumarill
|-resisted|p2a: Azumarill
|-damage|p2a: Azumarill|60/100
|-status|p2a: Azumarill|brn
|
|-weather|Snowscape|[upkeep]
|-damage|p2a: Azumarill|54/100 brn|[from] brn
|upkeep
|turn|3
|
|t:|1769321294
|switch|p1a: Ogerpon|Ogerpon-Wellspring, F|100/100
|-damage|p1a: Ogerpon|88/100|[from] Stealth Rock
|move|p2a: Azumarill|Knock Off|p1a: Ogerpon
|-damage|p1a: Ogerpon|59/100
|
|-weather|Snowscape|[upkeep]
|-damage|p2a: Azumarill|48/100 brn|[from] brn
|upkeep
|turn|4
|
|t:|1769321303
|move|p1a: Ogerpon|U-turn|p2a: Azumarill
|-resisted|p2a: Azumarill
|-damage|p2a: Azumarill|32/100 brn
|
|t:|1769321311
|switch|p1a: Great Tusk|Great Tusk|100/100|[from] U-turn
|move|p2a: Azumarill|Knock Off|p1a: Great Tusk
|-resisted|p1a: Great Tusk
|-damage|p1a: Great Tusk|92/100
|-enditem|p1a: Great Tusk|Heavy-Duty Boots|[from] move: Knock Off|[of] p2a: Azumarill
|
|-weather|Snowscape|[upkeep]
|-damage|p2a: Azumarill|26/100 brn|[from] brn
|upkeep
|turn|5
|
|t:|1769321321
|switch|p2a: Gholdengo|Gholdengo|100/100
|-item|p2a: Gholdengo|Air Balloon
|move|p1a: Great Tusk|Stealth Rock|p2a: Gholdengo
|-sidestart|p2: cospway|move: Stealth Rock
|
|-weather|none
|upkeep
|turn|6
|
|t:|1769321332
|switch|p2a: Cresselia|Cresselia, F|100/100
|-damage|p2a: Cresselia|88/100|[from] Stealth Rock
|move|p1a: Great Tusk|Knock Off|p2a: Cresselia
|-supereffective|p2a: Cresselia
|-damage|p2a: Cresselia|61/100
|-enditem|p2a: Cresselia|Mental Herb|[from] move: Knock Off|[of] p1a: Great Tusk
|
|upkeep
|turn|7
|
|t:|1769321341
|move|p1a: Great Tusk|Rapid Spin|p2a: Cresselia
|-damage|p2a: Cresselia|54/100
|-boost|p1a: Great Tusk|spe|1
|-sideend|p1: wintuhh|Stealth Rock|[from] move: Rapid Spin|[of] p1a: Great Tusk
|move|p2a: Cresselia|Trick Room|p2a: Cresselia
|-fieldstart|move: Trick Room|[of] p2a: Cresselia
|
|upkeep
|turn|8
|
|t:|1769321347
|move|p2a: Cresselia|Lunar Dance|p2a: Cresselia
|faint|p2a: Cresselia
|move|p1a: Great Tusk|Knock Off|p2: Cresselia|[notarget]
|-fail|p1a: Great Tusk
|
|upkeep
|
|t:|1769321353
|switch|p2a: Azumarill|Azumarill, F|26/100 brn
|-heal|p2a: Azumarill|100/100|[from] move: Lunar Dance
|-damage|p2a: Azumarill|88/100|[from] Stealth Rock
|turn|9
|
|t:|1769321377
|-end|p1a: Great Tusk|Protosynthesis|[silent]
|switch|p1a: Ogerpon|Ogerpon-Wellspring, F|59/100
|move|p2a: Azumarill|Play Rough|p1a: Ogerpon
|-damage|p1a: Ogerpon|0 fnt
|faint|p1a: Ogerpon
|
|upkeep
|
|t:|1769321384
|switch|p1a: Slowking|Slowking-Galar, F|100/100
|turn|10
|
|t:|1769321390
|switch|p2a: Jirachi|Jirachi|100/100
|-damage|p2a: Jirachi|94/100|[from] Stealth Rock
|move|p1a: Slowking|Sludge Bomb|p2a: Jirachi
|-immune|p2a: Jirachi
|
|upkeep
|turn|11
|
|t:|1769321401
|-prepare|p1a: Slowking|Chilly Reception|[premajor]
|move|p1a: Slowking|Chilly Reception|p1a: Slowking
|-weather|Snowscape
|
|t:|1769321408
|switch|p1a: Tornadus|Tornadus-Therian, M|100/100|[from] Chilly Reception
|move|p2a: Jirachi|Stealth Rock|p1a: Tornadus
|-sidestart|p1: wintuhh|move: Stealth Rock
|
|-weather|Snowscape|[upkeep]
|-fieldend|move: Trick Room
|upkeep
|turn|12
|
|t:|1769321416
|move|p1a: Tornadus|Knock Off|p2a: Jirachi
|-supereffective|p2a: Jirachi
|-enditem|p2a: Jirachi|Colbur Berry|[eat]
|-enditem|p2a: Jirachi|Colbur Berry|[weaken]
|-damage|p2a: Jirachi|82/100
|move|p2a: Jirachi|Trick Room|p2a: Jirachi
|-fieldstart|move: Trick Room|[of] p2a: Jirachi
|
|-weather|Snowscape|[upkeep]
|upkeep
|turn|13
|
|t:|1769321426
|move|p2a: Jirachi|Iron Head|p1a: Tornadus
|-damage|p1a: Tornadus|64/100
|cant|p1a: Tornadus|flinch
|
|-weather|Snowscape|[upkeep]
|upkeep
|turn|14
|
|t:|1769321434
|switch|p1a: Great Tusk|Great Tusk|92/100
|-damage|p1a: Great Tusk|89/100|[from] Stealth Rock
|move|p2a: Jirachi|Iron Head|p1a: Great Tusk
|-damage|p1a: Great Tusk|71/100
|
|-weather|Snowscape|[upkeep]
|upkeep
|turn|15
|
|t:|1769321447
|move|p2a: Jirachi|U-turn|p1a: Great Tusk
|-resisted|p1a: Great Tusk
|-damage|p1a: Great Tusk|66/100
|
|t:|1769321450
|switch|p2a: Azumarill|Azumarill, F|88/100|[from] U-turn
|-damage|p2a: Azumarill|76/100|[from] Stealth Rock
|move|p1a: Great Tusk|Headlong Rush|p2a: Azumarill
|-damage|p2a: Azumarill|25/100
|-unboost|p1a: Great Tusk|def|1
|-unboost|p1a: Great Tusk|spd|1
|
|-weather|none
|upkeep
|turn|16
|
|t:|1769321471
|-end|p1a: Great Tusk|Protosynthesis|[silent]
|switch|p1a: Tornadus|Tornadus-Therian, M|97/100
|-damage|p1a: Tornadus|73/100|[from] Stealth Rock
|move|p2a: Azumarill|Liquidation|p1a: Tornadus
|-damage|p1a: Tornadus|0 fnt
|faint|p1a: Tornadus
|
|-fieldend|move: Trick Room
|upkeep
|
|t:|1769321481
|switch|p1a: Dragapult|Dragapult, M|100/100
|-damage|p1a: Dragapult|88/100|[from] Stealth Rock
|turn|17
|
|t:|1769321497
|switch|p2a: Hoopa|Hoopa-Unbound|100/100
|-damage|p2a: Hoopa|88/100|[from] Stealth Rock
|move|p1a: Dragapult|Shadow Ball|p2a: Hoopa
|-damage|p2a: Hoopa|46/100
|
|upkeep
|turn|18
|
|t:|1769321508
|switch|p1a: Great Tusk|Great Tusk|66/100
|-damage|p1a: Great Tusk|63/100|[from] Stealth Rock
|move|p2a: Hoopa|Trick Room|p2a: Hoopa
|-fieldstart|move: Trick Room|[of] p2a: Hoopa
|-enditem|p2a: Hoopa|Room Service
|-unboost|p2a: Hoopa|spe|1|[from] item: Room Service
|
|upkeep
|turn|19
|
|t:|1769321529
|move|p2a: Hoopa|Focus Blast|p1a: Great Tusk|[miss]
|-miss|p2a: Hoopa|p1a: Great Tusk
|move|p1a: Great Tusk|Rapid Spin|p2a: Hoopa
|-damage|p2a: Hoopa|26/100
|-boost|p1a: Great Tusk|spe|1
|-sideend|p1: wintuhh|Stealth Rock|[from] move: Rapid Spin|[of] p1a: Great Tusk
|
|upkeep
|turn|20
|
|t:|1769321537
|move|p2a: Hoopa|Focus Blast|p1a: Great Tusk
|-damage|p1a: Great Tusk|5/100
|move|p1a: Great Tusk|Headlong Rush|p2a: Hoopa
|-damage|p2a: Hoopa|0 fnt
|-unboost|p1a: Great Tusk|def|1
|-unboost|p1a: Great Tusk|spd|1
|faint|p2a: Hoopa
|
|upkeep
|
|t:|1769321557
|switch|p2a: Azumarill|Azumarill, F|25/100
|-damage|p2a: Azumarill|13/100|[from] Stealth Rock
|turn|21
|
|t:|1769321561
|move|p2a: Azumarill|Knock Off|p1a: Great Tusk
|-resisted|p1a: Great Tusk
|-damage|p1a: Great Tusk|0 fnt
|faint|p1a: Great Tusk
|-end|p1a: Great Tusk|Protosynthesis|[silent]
|
|upkeep
|
|t:|1769321565
|switch|p1a: Slowking|Slowking-Galar, F|100/100
|turn|22
|
|t:|1769321568
|-prepare|p1a: Slowking|Chilly Reception|[premajor]
|move|p1a: Slowking|Chilly Reception|p1a: Slowking
|-weather|Snowscape
|
|t:|1769321572
|switch|p1a: Arcanine|Arcanine-Hisui, M|76/100|[from] Chilly Reception
|move|p2a: Azumarill|Knock Off|p1a: Arcanine
|-damage|p1a: Arcanine|0 fnt
|-enditem|p1a: Arcanine|Choice Band|[from] move: Knock Off|[of] p2a: Azumarill
|faint|p1a: Arcanine
|
|-weather|Snowscape|[upkeep]
|-fieldend|move: Trick Room
|upkeep
|
|t:|1769321574
|switch|p1a: Dragapult|Dragapult, M|88/100
|turn|23
|
|t:|1769321585
|move|p1a: Dragapult|U-turn|p2a: Azumarill
|-resisted|p2a: Azumarill
|-damage|p2a: Azumarill|3/100
|
|t:|1769321587
|switch|p1a: Slowking|Slowking-Galar, F|100/100|[from] U-turn
|move|p2a: Azumarill|Knock Off|p1a: Slowking
|-supereffective|p1a: Slowking
|-damage|p1a: Slowking|14/100
|-enditem|p1a: Slowking|Heavy-Duty Boots|[from] move: Knock Off|[of] p2a: Azumarill
|
|-weather|Snowscape|[upkeep]
|upkeep
|turn|24
|-message|wintuhh forfeited.
|
|win|cospway
|raw|wintuhh's rating: 1246 &rarr; <strong>1220</strong><br />(-26 for losing)
|raw|cospway's rating: 1232 &rarr; <strong>1258</strong><br />(+26 for winning)
|l|☆wintuhh
|player|p1|
|l|☆cospway
|player|p2|
