|j|☆jarrodbennett
|j|☆Jklqtlq
|t:|1769309173
|gametype|singles
|player|p1|jarrodbennett|102|1492
|player|p2|Jklqtlq|1|1521
|gen|9
|tier|[Gen 9] OU
|rated|
|rule|HP Percentage Mod: HP is shown in percentages
|rule|Endless Battle Clause: Forcing endless battles is banned
|rule|Species Clause: Limit one of each Pokémon
|rule|OHKO Clause: OHKO moves are banned
|rule|Evasion Items Clause: Evasion items are banned
|rule|Evasion Moves Clause: Evasion moves are banned
|rule|Evasion Abilities Clause: Evasion abilities are banned
|rule|Sleep Moves Clause: Sleep-inducing moves are banned
|clearpoke
|poke|p1|Ribombee, M|
|poke|p1|Cinderace, F|
|poke|p1|Serperior, M|
|poke|p1|Hitmonlee, M|
|poke|p1|Empoleon, M|
|poke|p1|Kingambit, F|
|poke|p2|Sableye, M|
|poke|p2|Weezing-Galar, M|
|poke|p2|Lokix, M|
|poke|p2|Maushold|
|poke|p2|Keldeo-Resolute|
|poke|p2|Ditto|
|teampreview
|
|t:|1769309183
|teamsize|p1|6
|teamsize|p2|6
|start
|switch|p1a: Ya Like Jazz?|Ribombee, M|100/100
|switch|p2a: Maushold|Maushold|100/100
|turn|1
|
|t:|1769309190
|move|p1a: Ya Like Jazz?|Moonblast|p2a: Maushold
|-damage|p2a: Maushold|45/100
|move|p2a: Maushold|Population Bomb|p1a: Ya Like Jazz?
|-damage|p1a: Ya Like Jazz?|79/100
|-damage|p1a: Ya Like Jazz?|56/100
|-damage|p1a: Ya Like Jazz?|36/100
|-damage|p1a: Ya Like Jazz?|16/100
|-damage|p1a: Ya Like Jazz?|0 fnt
|faint|p1a: Ya Like Jazz?
|-hitcount|p1: Ya Like Jazz?|5
|
|upkeep
|
|t:|1769309203
|switch|p1a: Big Z|Empoleon, M|100/100
|turn|2
|
|t:|1769309212
|switch|p2a: Sableye|Sableye, M|100/100
|move|p1a: Big Z|Vacuum Wave|p2a: Sableye
|-immune|p2a: Sableye
|
|upkeep
|turn|3
|
|t:|1769309219
|move|p1a: Big Z|Surf|p2a: Sableye
|-damage|p2a: Sableye|27/100
|move|p2a: Sableye|Night Shade|p1a: Big Z
|-damage|p1a: Big Z|74/100
|
|-heal|p2a: Sableye|33/100|[from] item: Leftovers
|upkeep
|turn|4
|
|t:|1769309228
|switch|p2a: Keldeo|Keldeo-Resolute|100/100
|move|p1a: Big Z|Surf|p2a: Keldeo
|-resisted|p2a: Keldeo
|-damage|p2a: Keldeo|75/100
|
|upkeep
|turn|5
|
|t:|1769309236
|move|p2a: Keldeo|Secret Sword|p1a: Big Z
|-supereffective|p1a: Big Z
|-damage|p1a: Big Z|0 fnt
|faint|p1a: Big Z
|
|upkeep
|
|t:|1769309241
|switch|p1a: Slytherin|Serperior, M|100/100
|turn|6
|
|t:|1769309244
|switch|p2a: Weezing|Weezing-Galar, M|100/100
|-ability|p2a: Weezing|Neutralizing Gas
|move|p1a: Slytherin|Leaf Storm|p2a: Weezing
|-resisted|p2a: Weezing
|-damage|p2a: Weezing|79/100
|-unboost|p1a: Slytherin|spa|2
|
|-heal|p2a: Weezing|85/100|[from] item: Leftovers
|upkeep
|turn|7
|
|t:|1769309256
|switch|p1a: What's Up Doc?|Cinderace, F|100/100
|move|p2a: Weezing|Toxic|p1a: What's Up Doc?
|-status|p1a: What's Up Doc?|tox
|
|-heal|p2a: Weezing|91/100|[from] item: Leftovers
|-damage|p1a: What's Up Doc?|95/100 tox|[from] psn
|upkeep
|turn|8
|
|t:|1769309265
|move|p1a: What's Up Doc?|Pyro Ball|p2a: Weezing
|-damage|p2a: Weezing|42/100
|move|p2a: Weezing|Pain Split|p1a: What's Up Doc?
|-sethp|p1a: What's Up Doc?|71/100 tox|[from] move: Pain Split|[silent]
|-sethp|p2a: Weezing|64/100|[from] move: Pain Split
|
|-heal|p2a: Weezing|70/100|[from] item: Leftovers
|-damage|p1a: What's Up Doc?|59/100 tox|[from] psn
|upkeep
|turn|9
|
|t:|1769309276
|-end|p2a: Weezing|ability: Neutralizing Gas
|switch|p2a: Sableye|Sableye, M|33/100
|move|p1a: What's Up Doc?|Pyro Ball|p2a: Sableye|[miss]
|-miss|p1a: What's Up Doc?|p2a: Sableye
|
|-heal|p2a: Sableye|40/100|[from] item: Leftovers
|-damage|p1a: What's Up Doc?|41/100 tox|[from] psn
|upkeep
|turn|10
|
|t:|1769309289
|move|p1a: What's Up Doc?|Pyro Ball|p2a: Sableye
|-damage|p2a: Sableye|0 fnt
|faint|p2a: Sableye
|
|-damage|p1a: What's Up Doc?|17/100 tox|[from] psn
|upkeep
|
|t:|1769309299
|switch|p2a: Ditto|Ditto|100/100
|-transform|p2a: Ditto|p1a: What's Up Doc?|[from] ability: Imposter
|turn|11
|
|t:|1769309305
|move|p2a: Ditto|Pyro Ball|p1a: What's Up Doc?
|-resisted|p1a: What's Up Doc?
|-crit|p1a: What's Up Doc?
|-damage|p1a: What's Up Doc?|0 fnt
|faint|p1a: What's Up Doc?
|
|upkeep
|
|t:|1769309311
|switch|p1a: Come At Me Bro|Kingambit, F|100/100
|turn|12
|
|t:|1769309319
|switch|p2a: Keldeo|Keldeo-Resolute|75/100
|move|p1a: Come At Me Bro|Sucker Punch||[still]
|-fail|p1a: Come At Me Bro
|
|upkeep
|turn|13
|
|t:|1769309326
|switch|p1a: Slytherin|Serperior, M|100/100
|move|p2a: Keldeo|Secret Sword|p1a: Slytherin
|-damage|p1a: Slytherin|16/100
|
|upkeep
|turn|14
|
|t:|1769309332
|switch|p2a: Weezing|Weezing-Galar, M|70/100
|-ability|p2a: Weezing|Neutralizing Gas
|move|p1a: Slytherin|Leaf Storm|p2a: Weezing
|-resisted|p2a: Weezing
|-damage|p2a: Weezing|48/100
|-unboost|p1a: Slytherin|spa|2
|
|-heal|p2a: Weezing|54/100|[from] item: Leftovers
|upkeep
|turn|15
|
|t:|1769309344
|move|p1a: Slytherin|Gastro Acid|p2a: Weezing
|-endability|p2a: Weezing
|-end|p2a: Weezing|ability: Neutralizing Gas
|move|p2a: Weezing|Strange Steam|p1a: Slytherin
|-damage|p1a: Slytherin|0 fnt
|faint|p1a: Slytherin
|
|-heal|p2a: Weezing|60/100|[from] item: Leftovers
|upkeep
|
|t:|1769309352
|switch|p1a: Come At Me Bro|Kingambit, F|100/100
|turn|16
|
|t:|1769309358
|-end|p2a: Weezing|ability: Neutralizing Gas
|switch|p2a: Lokix|Lokix, M|100/100
|move|p1a: Come At Me Bro|Iron Head|p2a: Lokix
|-damage|p2a: Lokix|33/100
|
|upkeep
|turn|17
|
|t:|1769309365
|move|p1a: Come At Me Bro|Sucker Punch|p2a: Lokix
|-resisted|p2a: Lokix
|-damage|p2a: Lokix|4/100
|move|p2a: Lokix|Axe Kick|p1a: Come At Me Bro
|-supereffective|p1a: Come At Me Bro
|-damage|p1a: Come At Me Bro|0 fnt
|faint|p1a: Come At Me Bro
|
|upkeep
|
|t:|1769309375
|switch|p1a: Kickin' Nugget|Hitmonlee, M|100/100
|turn|18
|
|t:|1769309379
|switch|p2a: Weezing|Weezing-Galar, M|60/100
|-ability|p2a: Weezing|Neutralizing Gas
|move|p1a: Kickin' Nugget|Swords Dance|p1a: Kickin' Nugget
|-boost|p1a: Kickin' Nugget|atk|2
|
|-heal|p2a: Weezing|66/100|[from] item: Leftovers
|upkeep
|turn|19
|
|t:|1769309388
|move|p1a: Kickin' Nugget|Swords Dance|p1a: Kickin' Nugget
|-boost|p1a: Kickin' Nugget|atk|2
|move|p2a: Weezing|Strange Steam|p1a: Kickin' Nugget
|-supereffective|p1a: Kickin' Nugget
|-damage|p1a: Kickin' Nugget|33/100
|-start|p1a: Kickin' Nugget|confusion
|
|-heal|p2a: Weezing|72/100|[from] item: Leftovers
|upkeep
|turn|20
|
|t:|1769309398
|-activate|p1a: Kickin' Nugget|confusion
|move|p1a: Kickin' Nugget|Knock Off|p2a: Weezing
|-resisted|p2a: Weezing
|-damage|p2a: Weezing|29/100
|-enditem|p2a: Weezing|Leftovers|[from] move: Knock Off|[of] p1a: Kickin' Nugget
|move|p2a: Weezing|Strange Steam|p1a: Kickin' Nugget
|-supereffective|p1a: Kickin' Nugget
|-crit|p1a: Kickin' Nugget
|-damage|p1a: Kickin' Nugget|0 fnt
|faint|p1a: Kickin' Nugget
|
|win|Jklqtlq
|raw|jarrodbennett's rating: 1492 &rarr; <strong>1474</strong><br />(-18 for losing)
|raw|Jklqtlq's rating: 1521 &rarr; <strong>1539</strong><br />(+18 for winning)
|l|☆jarrodbennett
|player|p1|
|l|☆Jklqtlq
|player|p2|
