|j|☆Loart
|j|☆bvbjonas98
|t:|1769335112
|gametype|singles
|player|p1|Loart|veteran-gen4|1522
|player|p2|bvbjonas98|wattson|1543
|gen|9
|tier|[Gen 9] OU
|rated|
|rule|HP Percentage Mod: HP is shown in percentages
|rule|Endless Battle Clause: Forcing endless battles is banned
|rule|Species Clause: Limit one of each Pokémon
|rule|OHKO Clause: OHKO moves are banned
|rule|Evasion Items Clause: Evasion items are banned
|rule|Evasion Moves Clause: Evasion moves are banned
|rule|Evasion Abilities Clause: Evasion abilities are banned
|rule|Sleep Moves Clause: Sleep-inducing moves are banned
|clearpoke
|poke|p1|Iron Moth|
|poke|p1|Kingambit, M|
|poke|p1|Dragonite, M|
|poke|p1|Ogerpon-Cornerstone, F|
|poke|p1|Dragapult, M|
|poke|p1|Quaquaval, F|
|poke|p2|Ceruledge, M|
|poke|p2|Clefable, F|
|poke|p2|Corviknight, F|
|poke|p2|Rotom-Wash|
|poke|p2|Clodsire, F|
|poke|p2|Meowscarada, F|
|teampreview
|inactive|Battle timer is ON: inactive players will automatically lose when time's up. (requested by bvbjonas98)
|
|t:|1769335134
|teamsize|p1|6
|teamsize|p2|6
|start
|switch|p1a: Stoned|Dragapult, M|100/100
|switch|p2a: Rotom|Rotom-Wash|100/100
|turn|1
|
|t:|1769335140
|switch|p2a: Corviknight|Corviknight, F|100/100
|move|p1a: Stoned|Draco Meteor|p2a: Corviknight
|-resisted|p2a: Corviknight
|-damage|p2a: Corviknight|56/100
|-unboost|p1a: Stoned|spa|2
|
|upkeep
|turn|2
|
|t:|1769335149
|switch|p1a: Tar Baby|Ogerpon-Cornerstone, F|100/100
|move|p2a: Corviknight|Roost|p2a: Corviknight
|-heal|p2a: Corviknight|100/100
|-singleturn|p2a: Corviknight|move: Roost
|
|upkeep
|turn|3
|
|t:|1769335156
|move|p1a: Tar Baby|Knock Off|p2a: Corviknight
|-damage|p2a: Corviknight|78/100
|-damage|p1a: Tar Baby|84/100|[from] item: Rocky Helmet|[of] p2a: Corviknight
|-enditem|p2a: Corviknight|Rocky Helmet|[from] move: Knock Off|[of] p1a: Tar Baby
|move|p2a: Corviknight|Body Press|p1a: Tar Baby
|-supereffective|p1a: Tar Baby
|-crit|p1a: Tar Baby
|-damage|p1a: Tar Baby|0 fnt
|faint|p1a: Tar Baby
|
|upkeep
|
|t:|1769335163
|switch|p1a: Stoned|Dragapult, M|100/100
|turn|4
|
|t:|1769335168
|switch|p2a: Clodsire|Clodsire, F|100/100
|move|p1a: Stoned|Fire Blast|p2a: Clodsire
|-damage|p2a: Clodsire|72/100
|-status|p2a: Clodsire|brn
|
|-heal|p2a: Clodsire|78/100 brn|[from] item: Black Sludge
|-damage|p2a: Clodsire|72/100 brn|[from] brn
|upkeep
|turn|5
|
|t:|1769335177
|switch|p1a: Shibusashirazu|Quaquaval, F|100/100
|move|p2a: Clodsire|Stealth Rock|p1a: Shibusashirazu
|-sidestart|p1: Loart|move: Stealth Rock
|
|-heal|p2a: Clodsire|78/100 brn|[from] item: Black Sludge
|-damage|p2a: Clodsire|72/100 brn|[from] brn
|upkeep
|turn|6
|
|t:|1769335185
|move|p1a: Shibusashirazu|Swords Dance|p1a: Shibusashirazu
|-boost|p1a: Shibusashirazu|atk|2
|move|p2a: Clodsire|Toxic|p1a: Shibusashirazu
|-status|p1a: Shibusashirazu|tox
|
|-heal|p2a: Clodsire|78/100 brn|[from] item: Black Sludge
|-damage|p1a: Shibusashirazu|94/100 tox|[from] psn
|-damage|p2a: Clodsire|72/100 brn|[from] brn
|upkeep
|turn|7
|
|t:|1769335196
|switch|p2a: Clefable|Clefable, F|100/100
|move|p1a: Shibusashirazu|Ice Spinner|p2a: Clefable
|-damage|p2a: Clefable|81/100
|
|-heal|p1a: Shibusashirazu|100/100 tox|[from] item: Leftovers
|-damage|p1a: Shibusashirazu|88/100 tox|[from] psn
|upkeep
|turn|8
|
|t:|1769335205
|switch|p1a: Buggin' Out|Iron Moth|100/100
|-damage|p1a: Buggin' Out|76/100|[from] Stealth Rock
|-enditem|p1a: Buggin' Out|Booster Energy
|-activate|p1a: Buggin' Out|ability: Quark Drive|[fromitem]
|-start|p1a: Buggin' Out|quarkdrivespe
|move|p2a: Clefable|Calm Mind|p2a: Clefable
|-boost|p2a: Clefable|spa|1
|-boost|p2a: Clefable|spd|1
|
|upkeep
|turn|9
|
|t:|1769335232
|switch|p2a: Ceruledge|Ceruledge, M, shiny|100/100
|move|p1a: Buggin' Out|Fiery Dance|p2a: Ceruledge
|-start|p2a: Ceruledge|ability: Flash Fire
|
|upkeep
|turn|10
|
|t:|1769335241
|move|p1a: Buggin' Out|Sludge Wave|p2a: Ceruledge
|-resisted|p2a: Ceruledge
|-damage|p2a: Ceruledge|82/100
|move|p2a: Ceruledge|Bitter Blade|p1a: Buggin' Out
|-resisted|p1a: Buggin' Out
|-damage|p1a: Buggin' Out|38/100
|-heal|p2a: Ceruledge|98/100|[from] drain|[of] p1a: Buggin' Out
|
|-heal|p2a: Ceruledge|100/100|[from] item: Leftovers
|upkeep
|turn|11
|
|t:|1769335251
|move|p1a: Buggin' Out|Sludge Wave|p2a: Ceruledge
|-resisted|p2a: Ceruledge
|-damage|p2a: Ceruledge|81/100
|move|p2a: Ceruledge|Bitter Blade|p1a: Buggin' Out
|-resisted|p1a: Buggin' Out
|-damage|p1a: Buggin' Out|0 fnt
|-heal|p2a: Ceruledge|97/100|[from] drain|[of] p1a: Buggin' Out
|faint|p1a: Buggin' Out
|-end|p1a: Buggin' Out|Quark Drive|[silent]
|
|-heal|p2a: Ceruledge|100/100|[from] item: Leftovers
|upkeep
|
|t:|1769335257
|switch|p1a: Stoned|Dragapult, M|100/100
|-damage|p1a: Stoned|88/100|[from] Stealth Rock
|turn|12
|
|t:|1769335277
|move|p2a: Ceruledge|Shadow Sneak|p1a: Stoned
|-supereffective|p1a: Stoned
|-damage|p1a: Stoned|45/100
|move|p1a: Stoned|Draco Meteor|p2a: Ceruledge
|-damage|p2a: Ceruledge|33/100
|-unboost|p1a: Stoned|spa|2
|
|-heal|p2a: Ceruledge|39/100|[from] item: Leftovers
|upkeep
|turn|13
|-message|Loart forfeited.
|
|win|bvbjonas98
|raw|Loart's rating: 1522 &rarr; <strong>1503</strong><br />(-19 for losing)
|raw|bvbjonas98's rating: 1543 &rarr; <strong>1562</strong><br />(+19 for winning)
|l|☆Loart
|player|p1|
|l|☆bvbjonas98
|player|p2|
