|j|☆Rookie22
|j|☆CambridgeFoulPlay
|t:|1769341980
|gametype|singles
|player|p1|Rookie22|iris-gen5bw2|1741
|player|p2|CambridgeFoulPlay|266|1802
|gen|9
|tier|[Gen 9] OU
|rated|
|rule|HP Percentage Mod: HP is shown in percentages
|rule|Endless Battle Clause: Forcing endless battles is banned
|rule|Species Clause: Limit one of each Pokémon
|rule|OHKO Clause: OHKO moves are banned
|rule|Evasion Items Clause: Evasion items are banned
|rule|Evasion Moves Clause: Evasion moves are banned
|rule|Evasion Abilities Clause: Evasion abilities are banned
|rule|Sleep Moves Clause: Sleep-inducing moves are banned
|clearpoke
|poke|p1|Dragonite, M|
|poke|p1|Keldeo|
|poke|p1|Meowscarada, F|
|poke|p1|Iron Crown|
|poke|p1|Raging Bolt|
|poke|p1|Great Tusk|
|poke|p2|Hydrapple, M|
|poke|p2|Tyranitar, F|
|poke|p2|Moltres|
|poke|p2|Zamazenta-*|
|poke|p2|Slowking-Galar, F|
|poke|p2|Excadrill, F|
|teampreview
|inactive|Battle timer is ON: inactive players will automatically lose when time's up. (requested by Rookie22)
|
|t:|1769341984
|teamsize|p1|6
|teamsize|p2|6
|start
|switch|p1a: Raging Bolt|Raging Bolt|100/100
|switch|p2a: Zamazenta|Zamazenta|100/100
|-ability|p2a: Zamazenta|Dauntless Shield|boost
|-boost|p2a: Zamazenta|def|1
|turn|1
|c|☆CambridgeFoulPlay|hf
|inactive|CambridgeFoulPlay also wants the timer to be on.
|
|t:|1769341988
|move|p2a: Zamazenta|Body Press|p1a: Raging Bolt
|-damage|p1a: Raging Bolt|53/100
|move|p1a: Raging Bolt|Thunderbolt|p2a: Zamazenta
|-damage|p2a: Zamazenta|51/100
|
|-heal|p2a: Zamazenta|57/100|[from] item: Leftovers
|-heal|p1a: Raging Bolt|59/100|[from] item: Leftovers
|upkeep
|turn|2
|
|t:|1769341995
|move|p2a: Zamazenta|Body Press|p1a: Raging Bolt
|-damage|p1a: Raging Bolt|11/100
|move|p1a: Raging Bolt|Thunderbolt|p2a: Zamazenta
|-damage|p2a: Zamazenta|8/100
|
|-heal|p2a: Zamazenta|14/100|[from] item: Leftovers
|-heal|p1a: Raging Bolt|17/100|[from] item: Leftovers
|upkeep
|turn|3
|
|t:|1769342003
|switch|p2a: Slowking|Slowking-Galar, F|100/100
|move|p1a: Raging Bolt|Thunderclap||[still]
|-fail|p1a: Raging Bolt
|
|-heal|p1a: Raging Bolt|23/100|[from] item: Leftovers
|upkeep
|turn|4
|
|t:|1769342006
|-end|p1a: Raging Bolt|Protosynthesis|[silent]
|switch|p1a: Bene Gesserit|Iron Crown|100/100
|move|p2a: Slowking|Ice Beam|p1a: Bene Gesserit
|-resisted|p1a: Bene Gesserit
|-damage|p1a: Bene Gesserit|94/100
|
|upkeep
|turn|5
|
|t:|1769342009
|move|p1a: Bene Gesserit|Psyshock|p2a: Slowking
|-damage|p2a: Slowking|72/100
|move|p2a: Slowking|Flamethrower|p1a: Bene Gesserit
|-supereffective|p1a: Bene Gesserit
|-damage|p1a: Bene Gesserit|65/100
|
|upkeep
|turn|6
|
|t:|1769342012
|move|p1a: Bene Gesserit|Psyshock|p2a: Slowking
|-damage|p2a: Slowking|42/100
|move|p2a: Slowking|Flamethrower|p1a: Bene Gesserit
|-supereffective|p1a: Bene Gesserit
|-damage|p1a: Bene Gesserit|37/100
|
|upkeep
|turn|7
|
|t:|1769342016
|move|p1a: Bene Gesserit|Psyshock|p2a: Slowking
|-damage|p2a: Slowking|12/100
|move|p2a: Slowking|Flamethrower|p1a: Bene Gesserit
|-supereffective|p1a: Bene Gesserit
|-damage|p1a: Bene Gesserit|5/100
|
|upkeep
|turn|8
|
|t:|1769342020
|switch|p2a: Moltres|Moltres|100/100
|move|p1a: Bene Gesserit|Tachyon Cutter|p2a: Moltres
|-resisted|p2a: Moltres
|-damage|p2a: Moltres|87/100
|-resisted|p2a: Moltres
|-damage|p2a: Moltres|75/100
|-hitcount|p2a: Moltres|2
|
|upkeep
|turn|9
|
|t:|1769342023
|switch|p2a: Slowking|Slowking-Galar, F|45/100
|move|p1a: Bene Gesserit|Volt Switch|p2a: Slowking
|-damage|p2a: Slowking|33/100
|
|t:|1769342027
|-end|p1a: Bene Gesserit|Quark Drive|[silent]
|switch|p1a: Meowscarada|Meowscarada, F|100/100|[from] Volt Switch
|
|upkeep
|turn|10
|
|t:|1769342031
|switch|p2a: Moltres|Moltres|75/100
|move|p1a: Meowscarada|Knock Off|p2a: Moltres
|-start|p1a: Meowscarada|typechange|Dark|[from] ability: Protean
|-damage|p2a: Moltres|41/100
|-enditem|p2a: Moltres|Heavy-Duty Boots|[from] move: Knock Off|[of] p1a: Meowscarada
|
|upkeep
|turn|11
|
|t:|1769342035
|move|p1a: Meowscarada|Taunt|p2a: Moltres
|-start|p2a: Moltres|move: Taunt
|cant|p2a: Moltres|move: Taunt|Roost
|
|upkeep
|turn|12
|
|t:|1769342039
|switch|p1a: Raging Bolt|Raging Bolt|23/100
|move|p2a: Moltres|U-turn|p1a: Raging Bolt
|-damage|p1a: Raging Bolt|9/100
|
|t:|1769342042
|switch|p2a: Slowking|Slowking-Galar, F|66/100|[from] U-turn
|
|-heal|p1a: Raging Bolt|15/100|[from] item: Leftovers
|upkeep
|turn|13
|
|t:|1769342051
|switch|p2a: Tyranitar|Tyranitar, F|100/100
|-weather|Sandstorm|[from] ability: Sand Stream|[of] p2a: Tyranitar
|move|p1a: Raging Bolt|Thunderbolt|p2a: Tyranitar
|-damage|p2a: Tyranitar|80/100
|
|-weather|Sandstorm|[upkeep]
|-damage|p1a: Raging Bolt|9/100|[from] Sandstorm
|-heal|p1a: Raging Bolt|15/100|[from] item: Leftovers
|upkeep
|turn|14
|
|t:|1769342054
|-end|p1a: Raging Bolt|Protosynthesis|[silent]
|switch|p1a: Great Tusk|Great Tusk|100/100
|move|p2a: Tyranitar|Stealth Rock|p1a: Great Tusk
|-sidestart|p1: Rookie22|move: Stealth Rock
|
|-weather|Sandstorm|[upkeep]
|upkeep
|turn|15
|
|t:|1769342059
|switch|p2a: Moltres|Moltres|41/100
|move|p1a: Great Tusk|Stealth Rock|p2a: Moltres
|-sidestart|p2: CambridgeFoulPlay|move: Stealth Rock
|
|-weather|Sandstorm|[upkeep]
|-damage|p2a: Moltres|35/100|[from] Sandstorm
|upkeep
|turn|16
|
|t:|1769342063
|-end|p1a: Great Tusk|Protosynthesis|[silent]
|switch|p1a: Lisan Al Gaib|Keldeo|100/100
|-damage|p1a: Lisan Al Gaib|94/100|[from] Stealth Rock
|move|p2a: Moltres|Roost|p2a: Moltres
|-heal|p2a: Moltres|85/100
|-singleturn|p2a: Moltres|move: Roost
|
|-weather|Sandstorm|[upkeep]
|-damage|p1a: Lisan Al Gaib|88/100|[from] Sandstorm
|-damage|p2a: Moltres|79/100|[from] Sandstorm
|upkeep
|turn|17
|
|t:|1769342069
|switch|p1a: Meowscarada|Meowscarada, F|100/100
|switch|p2a: Slowking|Slowking-Galar, F|99/100
|-damage|p2a: Slowking|87/100|[from] Stealth Rock
|
|-weather|Sandstorm|[upkeep]
|-damage|p1a: Meowscarada|94/100|[from] Sandstorm
|-damage|p2a: Slowking|81/100|[from] Sandstorm
|upkeep
|turn|18
|
|t:|1769342078
|move|p1a: Meowscarada|Flower Trick|p2a: Slowking
|-start|p1a: Meowscarada|typechange|Grass|[from] ability: Protean
|-resisted|p2a: Slowking
|-crit|p2a: Slowking
|-damage|p2a: Slowking|61/100
|move|p2a: Slowking|Sludge Bomb|p1a: Meowscarada
|-supereffective|p1a: Meowscarada
|-damage|p1a: Meowscarada|0 fnt
|faint|p1a: Meowscarada
|
|-weather|Sandstorm|[upkeep]
|-damage|p2a: Slowking|55/100|[from] Sandstorm
|upkeep
|
|t:|1769342103
|switch|p1a: Great Tusk|Great Tusk|100/100
|-damage|p1a: Great Tusk|97/100|[from] Stealth Rock
|turn|19
|
|t:|1769342109
|move|p1a: Great Tusk|Rapid Spin|p2a: Slowking
|-damage|p2a: Slowking|40/100
|-boost|p1a: Great Tusk|spe|1
|-sideend|p1: Rookie22|Stealth Rock|[from] move: Rapid Spin|[of] p1a: Great Tusk
|move|p2a: Slowking|Ice Beam|p1a: Great Tusk
|-supereffective|p1a: Great Tusk
|-damage|p1a: Great Tusk|29/100
|
|-weather|Sandstorm|[upkeep]
|-damage|p2a: Slowking|34/100|[from] Sandstorm
|-heal|p1a: Great Tusk|35/100|[from] item: Leftovers
|upkeep
|turn|20
|
|t:|1769342113
|switch|p2a: Hydrapple|Hydrapple, M|100/100
|move|p1a: Great Tusk|Earthquake|p2a: Hydrapple
|-resisted|p2a: Hydrapple
|-damage|p2a: Hydrapple|83/100
|
|-weather|none
|-heal|p1a: Great Tusk|41/100|[from] item: Leftovers
|upkeep
|turn|21
|
|t:|1769342117
|move|p1a: Great Tusk|Ice Spinner|p2a: Hydrapple
|-supereffective|p2a: Hydrapple
|-damage|p2a: Hydrapple|8/100
|move|p2a: Hydrapple|Giga Drain|p1a: Great Tusk
|-supereffective|p1a: Great Tusk
|-damage|p1a: Great Tusk|0 fnt
|-heal|p2a: Hydrapple|28/100|[from] drain|[of] p1a: Great Tusk
|faint|p1a: Great Tusk
|-end|p1a: Great Tusk|Protosynthesis|[silent]
|
|upkeep
|
|t:|1769342133
|switch|p1a: Raging Bolt|Raging Bolt|15/100
|turn|22
|
|t:|1769342136
|switch|p2a: Excadrill|Excadrill, F|100/100
|-damage|p2a: Excadrill|97/100|[from] Stealth Rock
|-item|p2a: Excadrill|Air Balloon
|move|p1a: Raging Bolt|Dragon Pulse|p2a: Excadrill
|-resisted|p2a: Excadrill
|-crit|p2a: Excadrill
|-damage|p2a: Excadrill|47/100
|-enditem|p2a: Excadrill|Air Balloon
|
|-heal|p1a: Raging Bolt|22/100|[from] item: Leftovers
|upkeep
|turn|23
|
|t:|1769342151
|move|p2a: Excadrill|Rapid Spin|p1a: Raging Bolt
|-damage|p1a: Raging Bolt|5/100
|-boost|p2a: Excadrill|spe|1
|-sideend|p2: CambridgeFoulPlay|Stealth Rock|[from] move: Rapid Spin|[of] p2a: Excadrill
|move|p1a: Raging Bolt|Dragon Pulse|p2a: Excadrill
|-resisted|p2a: Excadrill
|-damage|p2a: Excadrill|11/100
|
|-heal|p1a: Raging Bolt|11/100|[from] item: Leftovers
|upkeep
|turn|24
|
|t:|1769342161
|move|p2a: Excadrill|Iron Head|p1a: Raging Bolt
|-resisted|p1a: Raging Bolt
|-damage|p1a: Raging Bolt|0 fnt
|faint|p1a: Raging Bolt
|-end|p1a: Raging Bolt|Protosynthesis|[silent]
|
|upkeep
|
|t:|1769342165
|switch|p1a: Lisan Al Gaib|Keldeo|88/100
|turn|25
|
|t:|1769342172
|switch|p1a: Bene Gesserit|Iron Crown|5/100
|move|p2a: Excadrill|Iron Head|p1a: Bene Gesserit
|-resisted|p1a: Bene Gesserit
|-damage|p1a: Bene Gesserit|0 fnt
|faint|p1a: Bene Gesserit
|-end|p1a: Bene Gesserit|Quark Drive|[silent]
|
|upkeep
|
|t:|1769342177
|switch|p1a: Lisan Al Gaib|Keldeo|88/100
|turn|26
|
|t:|1769342181
|move|p1a: Lisan Al Gaib|Vacuum Wave|p2a: Excadrill
|-supereffective|p2a: Excadrill
|-damage|p2a: Excadrill|0 fnt
|faint|p2a: Excadrill
|
|upkeep
|
|t:|1769342184
|switch|p2a: Slowking|Slowking-Galar, F|67/100
|turn|27
|
|t:|1769342199
|switch|p1a: I'm the original.|Dragonite, M|100/100
|move|p2a: Slowking|Ice Beam|p1a: I'm the original.
|-supereffective|p1a: I'm the original.
|-damage|p1a: I'm the original.|48/100
|
|upkeep
|turn|28
|
|t:|1769342204
|move|p1a: I'm the original.|Earthquake|p2a: Slowking
|-supereffective|p2a: Slowking
|-damage|p2a: Slowking|17/100
|move|p2a: Slowking|Ice Beam|p1a: I'm the original.
|-supereffective|p1a: I'm the original.
|-damage|p1a: I'm the original.|0 fnt
|faint|p1a: I'm the original.
|
|upkeep
|-message|Rookie22 forfeited.
|
|win|CambridgeFoulPlay
|raw|Rookie22's rating: 1741 &rarr; <strong>1724</strong><br />(-17 for losing)
|raw|CambridgeFoulPlay's rating: 1802 &rarr; <strong>1819</strong><br />(+17 for winning)
|c|☆CambridgeFoulPlay|gg
|l|☆Rookie22
|player|p1|
|l|☆CambridgeFoulPlay
|player|p2|
