|j|☆bjhaokjn
|j|☆watchmelosedialga
|t:|1769311385
|gametype|singles
|player|p1|bjhaokjn|cynthia-gen4|1052
|player|p2|watchmelosedialga|266|1099
|gen|9
|tier|[Gen 9] OU
|rated|
|rule|HP Percentage Mod: HP is shown in percentages
|rule|Endless Battle Clause: Forcing endless battles is banned
|rule|Species Clause: Limit one of each Pokémon
|rule|OHKO Clause: OHKO moves are banned
|rule|Evasion Items Clause: Evasion items are banned
|rule|Evasion Moves Clause: Evasion moves are banned
|rule|Evasion Abilities Clause: Evasion abilities are banned
|rule|Sleep Moves Clause: Sleep-inducing moves are banned
|clearpoke
|poke|p1|Zapdos|
|poke|p1|Heatran, M|
|poke|p1|Salamence, F|
|poke|p1|Ting-Lu|
|poke|p1|Porygon-Z|
|poke|p1|Scizor, M|
|poke|p2|Araquanid, M|
|poke|p2|Alomomola, M|
|poke|p2|Slowking-Galar, M|
|poke|p2|Magnezone|
|poke|p2|Regidrago|
|poke|p2|Dondozo, F|
|teampreview
|
|t:|1769311416
|teamsize|p1|6
|teamsize|p2|6
|start
|switch|p1a: Salamence|Salamence, F|100/100
|switch|p2a: Araquanid|Araquanid, M|100/100
|turn|1
|
|t:|1769311455
|move|p1a: Salamence|Dragon Dance|p1a: Salamence
|-boost|p1a: Salamence|atk|1
|-boost|p1a: Salamence|spe|1
|move|p2a: Araquanid|Liquidation|p1a: Salamence
|-resisted|p1a: Salamence
|-damage|p1a: Salamence|44/100
|-unboost|p1a: Salamence|def|1
|
|upkeep
|turn|2
|
|t:|1769311477
|switch|p2a: Alomomola|Alomomola, M|100/100
|move|p1a: Salamence|Dual Wingbeat|p2a: Alomomola
|-damage|p2a: Alomomola|83/100
|-damage|p1a: Salamence|28/100|[from] item: Rocky Helmet|[of] p2a: Alomomola
|-damage|p2a: Alomomola|65/100
|-damage|p1a: Salamence|11/100|[from] item: Rocky Helmet|[of] p2a: Alomomola
|-hitcount|p2a: Alomomola|2
|
|upkeep
|turn|3
|
|t:|1769311499
|move|p1a: Salamence|Outrage|p2a: Alomomola
|-damage|p2a: Alomomola|12/100
|-damage|p1a: Salamence|0 fnt|[from] item: Rocky Helmet|[of] p2a: Alomomola
|faint|p1a: Salamence
|move|p2a: Alomomola|Wish|p2a: Alomomola
|
|upkeep
|
|t:|1769311508
|switch|p1a: Zapdos|Zapdos|100/100
|turn|4
|
|t:|1769311525
|switch|p2a: Regidrago|Regidrago|100/100
|move|p1a: Zapdos|Volt Switch|p2a: Regidrago
|-resisted|p2a: Regidrago
|-damage|p2a: Regidrago|73/100
|-damage|p1a: Zapdos|91/100|[from] item: Life Orb
|
|t:|1769311536
|switch|p1a: Heatran|Heatran, M|100/100|[from] Volt Switch
|
|-heal|p2a: Regidrago|100/100|[from] move: Wish|[wisher] Alomomola
|upkeep
|turn|5
|
|t:|1769311562
|move|p2a: Regidrago|Dragon Energy|p1a: Heatran
|-resisted|p1a: Heatran
|-damage|p1a: Heatran|60/100
|move|p1a: Heatran|Magma Storm|p2a: Regidrago
|-resisted|p2a: Regidrago
|-damage|p2a: Regidrago|74/100
|-activate|p2a: Regidrago|move: Magma Storm|[of] p1a: Heatran
|
|-heal|p1a: Heatran|66/100|[from] item: Leftovers
|-damage|p2a: Regidrago|61/100|[from] move: Magma Storm|[partiallytrapped]
|upkeep
|turn|6
|
|t:|1769311576
|move|p2a: Regidrago|Dragon Energy|p1a: Heatran
|-resisted|p1a: Heatran
|-damage|p1a: Heatran|44/100
|move|p1a: Heatran|Flash Cannon|p2a: Regidrago
|-damage|p2a: Regidrago|15/100
|
|-heal|p1a: Heatran|50/100|[from] item: Leftovers
|-damage|p2a: Regidrago|3/100|[from] move: Magma Storm|[partiallytrapped]
|upkeep
|turn|7
|
|t:|1769311590
|switch|p1a: Zapdos|Zapdos|91/100
|move|p2a: Regidrago|Dragon Energy|p1a: Zapdos
|-damage|p1a: Zapdos|88/100
|
|-end|p2a: Regidrago|Magma Storm|[partiallytrapped]|[silent]
|upkeep
|turn|8
|
|t:|1769311600
|switch|p2a: Slowking|Slowking-Galar, M|100/100
|move|p1a: Zapdos|Volt Switch|p2a: Slowking
|-damage|p2a: Slowking|69/100
|-damage|p1a: Zapdos|78/100|[from] item: Life Orb
|
|t:|1769311615
|switch|p1a: Heatran|Heatran, M|50/100|[from] Volt Switch
|
|-heal|p1a: Heatran|56/100|[from] item: Leftovers
|upkeep
|turn|9
|
|t:|1769311626
|move|p1a: Heatran|Earth Power|p2a: Slowking
|-supereffective|p2a: Slowking
|-crit|p2a: Slowking
|-damage|p2a: Slowking|12/100
|-prepare|p2a: Slowking|Chilly Reception|[premajor]
|move|p2a: Slowking|Chilly Reception|p2a: Slowking
|-weather|Snowscape
|
|t:|1769311647
|switch|p2a: Araquanid|Araquanid, M|100/100|[from] Chilly Reception
|
|-weather|Snowscape|[upkeep]
|-heal|p1a: Heatran|62/100|[from] item: Leftovers
|upkeep
|turn|10
|
|t:|1769311658
|-terastallize|p1a: Heatran|Grass
|move|p1a: Heatran|Magma Storm|p2a: Araquanid|[miss]
|-miss|p1a: Heatran|p2a: Araquanid
|move|p2a: Araquanid|Liquidation|p1a: Heatran
|-resisted|p1a: Heatran
|-damage|p1a: Heatran|26/100
|
|-weather|Snowscape|[upkeep]
|-heal|p1a: Heatran|33/100|[from] item: Leftovers
|upkeep
|turn|11
|
|t:|1769311672
|move|p1a: Heatran|Magma Storm|p2a: Araquanid
|-damage|p2a: Araquanid|79/100
|-activate|p2a: Araquanid|move: Magma Storm|[of] p1a: Heatran
|move|p2a: Araquanid|Liquidation|p1a: Heatran
|-resisted|p1a: Heatran
|-damage|p1a: Heatran|0 fnt
|faint|p1a: Heatran
|
|-weather|Snowscape|[upkeep]
|-end|p2a: Araquanid|Magma Storm|[partiallytrapped]|[silent]
|upkeep
|
|t:|1769311688
|switch|p1a: Zapdos|Zapdos|78/100
|turn|12
|
|t:|1769311704
|move|p1a: Zapdos|Hurricane|p2a: Araquanid
|-supereffective|p2a: Araquanid
|-damage|p2a: Araquanid|0 fnt
|faint|p2a: Araquanid
|-damage|p1a: Zapdos|68/100|[from] item: Life Orb
|
|-weather|Snowscape|[upkeep]
|upkeep
|
|t:|1769311709
|switch|p2a: Regidrago|Regidrago|3/100
|turn|13
|
|t:|1769311715
|move|p2a: Regidrago|Draco Meteor|p1a: Zapdos|[miss]
|-miss|p2a: Regidrago|p1a: Zapdos
|move|p1a: Zapdos|Volt Switch|p2a: Regidrago
|-resisted|p2a: Regidrago
|-damage|p2a: Regidrago|0 fnt
|faint|p2a: Regidrago
|-damage|p1a: Zapdos|59/100|[from] item: Life Orb
|
|t:|1769311727
|switch|p1a: Ting-Lu|Ting-Lu|100/100|[from] Volt Switch
|-ability|p1a: Ting-Lu|Vessel of Ruin
|
|-weather|none
|upkeep
|
|t:|1769311734
|switch|p2a: Alomomola|Alomomola, M|46/100
|turn|14
|
|t:|1769311747
|move|p2a: Alomomola|Wish|p2a: Alomomola
|move|p1a: Ting-Lu|Earthquake|p2a: Alomomola
|-damage|p2a: Alomomola|24/100
|
|upkeep
|turn|15
|
|t:|1769311755
|move|p2a: Alomomola|Scald|p1a: Ting-Lu
|-supereffective|p1a: Ting-Lu
|-damage|p1a: Ting-Lu|88/100
|move|p1a: Ting-Lu|Ruination|p2a: Alomomola|[miss]
|-miss|p1a: Ting-Lu|p2a: Alomomola
|
|-heal|p2a: Alomomola|74/100|[from] move: Wish|[wisher] Alomomola
|upkeep
|turn|16
|
|t:|1769311765
|move|p2a: Alomomola|Wish|p2a: Alomomola
|move|p1a: Ting-Lu|Whirlwind|p2a: Alomomola
|drag|p2a: Dondozo|Dondozo, F|100/100
|
|upkeep
|turn|17
|
|t:|1769311772
|move|p1a: Ting-Lu|Ruination|p2a: Dondozo
|-damage|p2a: Dondozo|50/100
|move|p2a: Dondozo|Liquidation|p1a: Ting-Lu
|-supereffective|p1a: Ting-Lu
|-damage|p1a: Ting-Lu|56/100
|
|-heal|p2a: Dondozo|100/100|[from] move: Wish|[wisher] Alomomola
|upkeep
|turn|18
|
|t:|1769311785
|switch|p2a: Slowking|Slowking-Galar, M|46/100
|move|p1a: Ting-Lu|Ruination|p2a: Slowking
|-damage|p2a: Slowking|23/100
|
|upkeep
|turn|19
|
|t:|1769311797
|move|p1a: Ting-Lu|Earthquake|p2a: Slowking
|-supereffective|p2a: Slowking
|-damage|p2a: Slowking|0 fnt
|faint|p2a: Slowking
|
|upkeep
|
|t:|1769311804
|switch|p2a: Magnezone|Magnezone|100/100
|turn|20
|
|t:|1769311809
|-terastallize|p2a: Magnezone|Flying
|move|p1a: Ting-Lu|Earthquake|p2a: Magnezone
|-immune|p2a: Magnezone
|move|p2a: Magnezone|Flash Cannon|p1a: Ting-Lu
|-damage|p1a: Ting-Lu|12/100
|-enditem|p1a: Ting-Lu|Sitrus Berry|[eat]
|-heal|p1a: Ting-Lu|37/100|[from] item: Sitrus Berry
|
|upkeep
|turn|21
|
|t:|1769311824
|move|p1a: Ting-Lu|Ruination|p2a: Magnezone
|-damage|p2a: Magnezone|51/100
|move|p2a: Magnezone|Flash Cannon|p1a: Ting-Lu
|-damage|p1a: Ting-Lu|0 fnt
|faint|p1a: Ting-Lu
|
|upkeep
|
|t:|1769311833
|switch|p1a: Zapdos|Zapdos|59/100
|turn|22
|
|t:|1769311838
|switch|p2a: Dondozo|Dondozo, F|100/100
|move|p1a: Zapdos|Volt Switch|p2a: Dondozo
|-supereffective|p2a: Dondozo
|-damage|p2a: Dondozo|4/100
|-damage|p1a: Zapdos|49/100|[from] item: Life Orb
|
|t:|1769311846
|switch|p1a: Porygon-Z|Porygon-Z|100/100|[from] Volt Switch
|
|-heal|p2a: Dondozo|11/100|[from] item: Leftovers
|upkeep
|turn|23
|
|t:|1769311853
|move|p1a: Porygon-Z|Thunderbolt|p2a: Dondozo
|-supereffective|p2a: Dondozo
|-damage|p2a: Dondozo|0 fnt
|faint|p2a: Dondozo
|
|upkeep
|
|t:|1769311855
|switch|p2a: Alomomola|Alomomola, M|100/100
|turn|24
|
|t:|1769311860
|move|p1a: Porygon-Z|Thunderbolt|p2a: Alomomola
|-supereffective|p2a: Alomomola
|-damage|p2a: Alomomola|20/100
|move|p2a: Alomomola|Mirror Coat|p1a: Porygon-Z
|-damage|p1a: Porygon-Z|0 fnt
|faint|p1a: Porygon-Z
|
|upkeep
|
|t:|1769311870
|switch|p1a: Zapdos|Zapdos|49/100
|turn|25
|
|t:|1769311874
|move|p1a: Zapdos|Volt Switch|p2a: Alomomola
|-supereffective|p2a: Alomomola
|-damage|p2a: Alomomola|0 fnt
|faint|p2a: Alomomola
|-damage|p1a: Zapdos|39/100|[from] item: Life Orb
|
|t:|1769311880
|switch|p1a: Scizor|Scizor, M|100/100|[from] Volt Switch
|
|upkeep
|
|t:|1769311881
|switch|p2a: Magnezone|Magnezone, tera:Flying|51/100
|turn|26
|
|t:|1769311887
|move|p1a: Scizor|Bullet Punch|p2a: Magnezone
|-damage|p2a: Magnezone|22/100
|move|p2a: Magnezone|Thunderbolt|p1a: Scizor
|-damage|p1a: Scizor|0 fnt
|faint|p1a: Scizor
|
|upkeep
|
|t:|1769311895
|switch|p1a: Zapdos|Zapdos|39/100
|turn|27
|
|t:|1769311898
|move|p1a: Zapdos|Volt Switch|p2a: Magnezone
|-supereffective|p2a: Magnezone
|-damage|p2a: Magnezone|0 fnt
|faint|p2a: Magnezone
|-damage|p1a: Zapdos|29/100|[from] item: Life Orb
|
|win|bjhaokjn
|raw|bjhaokjn's rating: 1052 &rarr; <strong>1089</strong><br />(+37 for winning)
|raw|watchmelosedialga's rating: 1099 &rarr; <strong>1071</strong><br />(-28 for losing)
|l|☆bjhaokjn
|player|p1|
|j|☆bjhaokjn
|player|p1|bjhaokjn|cynthia-gen4|
