|j|☆baakrisht
|j|☆Professor Day2X
|t:|1769363101
|gametype|singles
|player|p1|baakrisht|102|1150
|player|p2|Professor Day2X|backpacker|1131
|gen|9
|tier|[Gen 9] OU
|rated|
|rule|HP Percentage Mod: HP is shown in percentages
|rule|Endless Battle Clause: Forcing endless battles is banned
|rule|Species Clause: Limit one of each Pokémon
|rule|OHKO Clause: OHKO moves are banned
|rule|Evasion Items Clause: Evasion items are banned
|rule|Evasion Moves Clause: Evasion moves are banned
|rule|Evasion Abilities Clause: Evasion abilities are banned
|rule|Sleep Moves Clause: Sleep-inducing moves are banned
|clearpoke
|poke|p1|Blissey, F|
|poke|p1|Espeon, F|
|poke|p1|Goodra, F|
|poke|p1|Weezing-Galar, F|
|poke|p1|Orthworm, F|
|poke|p1|Suicune|
|poke|p2|Pawmot, M|
|poke|p2|Morpeko, M|
|poke|p2|Dedenne, M|
|poke|p2|Raichu-Alola, F|
|poke|p2|Pikachu, M|
|poke|p2|Plusle, M|
|teampreview
|inactive|Battle timer is ON: inactive players will automatically lose when time's up. (requested by Professor Day2X)
|
|t:|1769363124
|teamsize|p1|6
|teamsize|p2|6
|start
|switch|p1a: Espeon|Espeon, F|100/100
|switch|p2a: Morpeko|Morpeko, M, shiny|100/100
|turn|1
|inactive|baakrisht has 120 seconds left.
|
|t:|1769363170
|switch|p1a: Weezing|Weezing-Galar, F|100/100
|move|p2a: Morpeko|Parting Shot|p1a: Weezing
|-unboost|p1a: Weezing|atk|1
|-unboost|p1a: Weezing|spa|1
|
|t:|1769363179
|switch|p2a: Raichu|Raichu-Alola, F, shiny|100/100|[from] Parting Shot
|
|upkeep
|turn|2
|
|t:|1769363191
|switch|p1a: Goodra|Goodra, F|100/100
|move|p2a: Raichu|Psychic Noise|p1a: Goodra
|-damage|p1a: Goodra|80/100
|-start|p1a: Goodra|move: Heal Block
|
|upkeep
|turn|3
|inactive|baakrisht has 120 seconds left.
|
|t:|1769363198
|move|p2a: Raichu|Alluring Voice|p1a: Goodra
|-supereffective|p1a: Goodra
|-damage|p1a: Goodra|48/100
|move|p1a: Goodra|Rain Dance|p1a: Goodra
|-weather|RainDance
|
|-weather|RainDance|[upkeep]
|-end|p1a: Goodra|move: Heal Block
|upkeep
|turn|4
|
|t:|1769363206
|move|p2a: Raichu|Psychic Noise|p1a: Goodra
|-damage|p1a: Goodra|25/100
|-start|p1a: Goodra|move: Heal Block
|move|p1a: Goodra|Sludge Bomb|p2a: Raichu
|-damage|p2a: Raichu|79/100
|
|-weather|RainDance|[upkeep]
|upkeep
|turn|5
|
|t:|1769363215
|switch|p1a: Blissey|Blissey, F|100/100
|move|p2a: Raichu|Alluring Voice|p1a: Blissey
|-damage|p1a: Blissey|93/100
|
|-weather|RainDance|[upkeep]
|-heal|p1a: Blissey|99/100|[from] item: Leftovers
|upkeep
|turn|6
|
|t:|1769363219
|move|p2a: Raichu|Psychic Noise|p1a: Blissey
|-damage|p1a: Blissey|89/100
|-start|p1a: Blissey|move: Heal Block
|move|p1a: Blissey|Seismic Toss|p2a: Raichu
|-damage|p2a: Raichu|41/100
|
|-weather|RainDance|[upkeep]
|upkeep
|turn|7
|
|t:|1769363227
|switch|p2a: Pawmot|Pawmot, M, shiny|100/100
|move|p1a: Blissey|Seismic Toss|p2a: Pawmot
|-damage|p2a: Pawmot|65/100
|
|-weather|RainDance|[upkeep]
|-end|p1a: Blissey|move: Heal Block
|upkeep
|turn|8
|
|t:|1769363232
|switch|p1a: Weezing|Weezing-Galar, F|100/100
|move|p2a: Pawmot|Close Combat|p1a: Weezing
|-resisted|p1a: Weezing
|-damage|p1a: Weezing|89/100
|-unboost|p2a: Pawmot|def|1
|-unboost|p2a: Pawmot|spd|1
|-damage|p2a: Pawmot|49/100|[from] item: Rocky Helmet|[of] p1a: Weezing
|-damage|p2a: Pawmot|39/100|[from] item: Life Orb
|
|-weather|RainDance|[upkeep]
|upkeep
|turn|9
|
|t:|1769363245
|switch|p2a: Plusle|Plusle, M, shiny|100/100
|move|p1a: Weezing|Toxic Spikes|p2a: Plusle
|-sidestart|p2: Professor Day2X|move: Toxic Spikes
|
|-weather|RainDance|[upkeep]
|upkeep
|turn|10
|
|t:|1769363252
|switch|p1a: Goodra|Goodra, F|25/100
|move|p2a: Plusle|Super Fang|p1a: Goodra|[miss]
|-miss|p2a: Plusle|p1a: Goodra
|
|-weather|none
|upkeep
|turn|11
|
|t:|1769363262
|move|p2a: Plusle|Volt Switch|p1a: Goodra
|-resisted|p1a: Goodra
|-damage|p1a: Goodra|18/100
|
|t:|1769363265
|switch|p2a: Morpeko|Morpeko, M, shiny|100/100|[from] Volt Switch
|move|p1a: Goodra|Rest|p1a: Goodra
|-status|p1a: Goodra|slp|[from] move: Rest
|-heal|p1a: Goodra|100/100 slp|[silent]
|
|-formechange|p2a: Morpeko|Morpeko-Hangry||[from] ability: Hunger Switch
|upkeep
|turn|12
|
|t:|1769363271
|switch|p1a: Orthworm|Orthworm, F|100/100
|move|p2a: Morpeko|Rapid Spin|p1a: Orthworm
|-resisted|p1a: Orthworm
|-damage|p1a: Orthworm|97/100
|-boost|p2a: Morpeko|spe|1
|-sideend|p2: Professor Day2X|Toxic Spikes|[from] move: Rapid Spin|[of] p2a: Morpeko
|
|-heal|p1a: Orthworm|100/100|[from] item: Leftovers
|-formechange|p2a: Morpeko|Morpeko||[from] ability: Hunger Switch
|upkeep
|turn|13
|
|t:|1769363277
|move|p2a: Morpeko|Knock Off|p1a: Orthworm
|-crit|p1a: Orthworm
|-damage|p1a: Orthworm|69/100
|-enditem|p1a: Orthworm|Leftovers|[from] move: Knock Off|[of] p2a: Morpeko
|move|p1a: Orthworm|Stealth Rock|p2a: Morpeko
|-sidestart|p2: Professor Day2X|move: Stealth Rock
|
|-formechange|p2a: Morpeko|Morpeko-Hangry||[from] ability: Hunger Switch
|upkeep
|turn|14
|
|t:|1769363282
|move|p2a: Morpeko|Rapid Spin|p1a: Orthworm
|-resisted|p1a: Orthworm
|-damage|p1a: Orthworm|66/100
|-boost|p2a: Morpeko|spe|1
|-sideend|p2: Professor Day2X|Stealth Rock|[from] move: Rapid Spin|[of] p2a: Morpeko
|move|p1a: Orthworm|Body Press|p2a: Morpeko
|-supereffective|p2a: Morpeko
|-damage|p2a: Morpeko|0 fnt
|faint|p2a: Morpeko
|
|upkeep
|
|t:|1769363286
|switch|p2a: Pawmot|Pawmot, M, shiny|39/100
|turn|15
|
|t:|1769363292
|-terastallize|p1a: Orthworm|Fighting
|move|p2a: Pawmot|Close Combat|p1a: Orthworm
|-damage|p1a: Orthworm|26/100
|-unboost|p2a: Pawmot|def|1
|-unboost|p2a: Pawmot|spd|1
|-damage|p2a: Pawmot|29/100|[from] item: Life Orb
|move|p1a: Orthworm|Iron Defense|p1a: Orthworm
|-boost|p1a: Orthworm|def|2
|
|upkeep
|turn|16
|
|t:|1769363298
|move|p2a: Pawmot|Revival Blessing|p2a: Pawmot
|
|t:|1769363300
|-heal|p2: Morpeko|50/100|[from] move: Revival Blessing
|move|p1a: Orthworm|Body Press|p2a: Pawmot
|-damage|p2a: Pawmot|0 fnt
|faint|p2a: Pawmot
|
|upkeep
|
|t:|1769363303
|switch|p2a: Raichu|Raichu-Alola, F, shiny|41/100
|turn|17
|
|t:|1769363316
|switch|p1a: Blissey|Blissey, F|89/100
|move|p2a: Raichu|Psychic Noise|p1a: Blissey
|-damage|p1a: Blissey|78/100
|-start|p1a: Blissey|move: Heal Block
|
|upkeep
|turn|18
|
|t:|1769363323
|switch|p2a: Pikachu|Pikachu, M, shiny|100/100
|move|p1a: Blissey|Heal Bell|p1a: Blissey
|-activate|p1a: Blissey|move: Heal Bell
|-curestatus|p1: Goodra|slp|[msg]
|
|-end|p1a: Blissey|move: Heal Block
|upkeep
|turn|19
|
|t:|1769363330
|move|p2a: Pikachu|Nasty Plot|p2a: Pikachu
|-boost|p2a: Pikachu|spa|2
|move|p1a: Blissey|Seismic Toss|p2a: Pikachu
|-damage|p2a: Pikachu|53/100
|
|-heal|p1a: Blissey|84/100|[from] item: Leftovers
|upkeep
|turn|20
|
|t:|1769363334
|move|p2a: Pikachu|Thunderbolt|p1a: Blissey
|-damage|p1a: Blissey|53/100
|move|p1a: Blissey|Seismic Toss|p2a: Pikachu
|-damage|p2a: Pikachu|6/100
|
|-heal|p1a: Blissey|59/100|[from] item: Leftovers
|upkeep
|turn|21
|
|t:|1769363355
|move|p2a: Pikachu|Thunderbolt|p1a: Blissey
|-damage|p1a: Blissey|29/100
|move|p1a: Blissey|Seismic Toss|p2a: Pikachu
|-damage|p2a: Pikachu|0 fnt
|faint|p2a: Pikachu
|
|-heal|p1a: Blissey|36/100|[from] item: Leftovers
|upkeep
|
|t:|1769363361
|switch|p2a: Morpeko|Morpeko, M, shiny|50/100
|turn|22
|
|t:|1769363371
|switch|p1a: Weezing|Weezing-Galar, F|89/100
|move|p2a: Morpeko|Aura Wheel|p1a: Weezing
|-damage|p1a: Weezing|57/100
|-boost|p2a: Morpeko|spe|1
|
|-formechange|p2a: Morpeko|Morpeko-Hangry||[from] ability: Hunger Switch
|upkeep
|turn|23
|
|t:|1769363382
|move|p2a: Morpeko|Parting Shot|p1a: Weezing
|-unboost|p1a: Weezing|atk|1
|-unboost|p1a: Weezing|spa|1
|
|t:|1769363394
|switch|p2a: Plusle|Plusle, M, shiny|100/100|[from] Parting Shot
|move|p1a: Weezing|Toxic Spikes|p2a: Plusle
|-sidestart|p2: Professor Day2X|move: Toxic Spikes
|
|upkeep
|turn|24
|
|t:|1769363401
|move|p2a: Plusle|Super Fang|p1a: Weezing
|-damage|p1a: Weezing|29/100
|-damage|p2a: Plusle|84/100|[from] item: Rocky Helmet|[of] p1a: Weezing
|move|p1a: Weezing|Flamethrower|p2a: Plusle
|-damage|p2a: Plusle|67/100
|
|upkeep
|turn|25
|
|t:|1769363406
|move|p2a: Plusle|Volt Switch|p1a: Weezing
|-damage|p1a: Weezing|1/100
|
|t:|1769363410
|switch|p2a: Morpeko|Morpeko, M, shiny|50/100|[from] Volt Switch
|move|p1a: Weezing|Flamethrower|p2a: Morpeko
|-damage|p2a: Morpeko|25/100
|
|-formechange|p2a: Morpeko|Morpeko-Hangry||[from] ability: Hunger Switch
|upkeep
|turn|26
|
|t:|1769363429
|switch|p1a: Suicune|Suicune|100/100
|-ability|p1a: Suicune|Pressure
|move|p2a: Morpeko|Rapid Spin|p1a: Suicune
|-damage|p1a: Suicune|93/100
|-boost|p2a: Morpeko|spe|1
|-damage|p2a: Morpeko|9/100|[from] item: Rocky Helmet|[of] p1a: Suicune
|-sideend|p2: Professor Day2X|Toxic Spikes|[from] move: Rapid Spin|[of] p2a: Morpeko
|
|-formechange|p2a: Morpeko|Morpeko||[from] ability: Hunger Switch
|upkeep
|turn|27
|
|t:|1769363437
|switch|p1a: Weezing|Weezing-Galar, F|1/100
|move|p2a: Morpeko|Aura Wheel|p1a: Weezing
|-damage|p1a: Weezing|0 fnt
|-boost|p2a: Morpeko|spe|1
|faint|p1a: Weezing
|
|-formechange|p2a: Morpeko|Morpeko-Hangry||[from] ability: Hunger Switch
|upkeep
|
|t:|1769363444
|switch|p1a: Espeon|Espeon, F|100/100
|turn|28
|
|t:|1769363452
|move|p2a: Morpeko|Knock Off|p1a: Espeon
|-supereffective|p1a: Espeon
|-damage|p1a: Espeon|0 fnt
|-enditem|p1a: Espeon|Choice Scarf|[from] move: Knock Off|[of] p2a: Morpeko
|faint|p1a: Espeon
|
|-formechange|p2a: Morpeko|Morpeko||[from] ability: Hunger Switch
|upkeep
|
|t:|1769363458
|switch|p1a: Orthworm|Orthworm, F, tera:Fighting|26/100
|turn|29
|
|t:|1769363460
|move|p2a: Morpeko|Aura Wheel|p1a: Orthworm
|-damage|p1a: Orthworm|0 fnt
|-boost|p2a: Morpeko|spe|1
|faint|p1a: Orthworm
|
|-formechange|p2a: Morpeko|Morpeko-Hangry||[from] ability: Hunger Switch
|upkeep
|
|t:|1769363465
|switch|p1a: Goodra|Goodra, F|100/100
|turn|30
|
|t:|1769363468
|move|p2a: Morpeko|Knock Off|p1a: Goodra
|-damage|p1a: Goodra|53/100
|-enditem|p1a: Goodra|Damp Rock|[from] move: Knock Off|[of] p2a: Morpeko
|move|p1a: Goodra|Sludge Bomb|p2a: Morpeko
|-damage|p2a: Morpeko|0 fnt
|faint|p2a: Morpeko
|
|upkeep
|
|t:|1769363477
|switch|p2a: Dedenne|Dedenne, M, shiny|100/100
|turn|31
|inactive|baakrisht has 120 seconds left.
|
|t:|1769363508
|switch|p1a: Suicune|Suicune|93/100
|-ability|p1a: Suicune|Pressure
|move|p2a: Dedenne|Dazzling Gleam|p1a: Suicune
|-damage|p1a: Suicune|76/100
|
|upkeep
|turn|32
|
|t:|1769363514
|switch|p1a: Blissey|Blissey, F|36/100
|move|p2a: Dedenne|Discharge|p1a: Blissey
|-damage|p1a: Blissey|29/100
|
|-heal|p1a: Blissey|35/100|[from] item: Leftovers
|upkeep
|turn|33
|
|t:|1769363519
|move|p2a: Dedenne|Nuzzle|p1a: Blissey
|-damage|p1a: Blissey|26/100
|-status|p1a: Blissey|par
|cant|p1a: Blissey|par
|
|-heal|p1a: Blissey|32/100 par|[from] item: Leftovers
|upkeep
|turn|34
|
|t:|1769363527
|-curestatus|p1a: Blissey|par|[from] ability: Natural Cure
|switch|p1a: Goodra|Goodra, F|53/100
|move|p2a: Dedenne|Discharge|p1a: Goodra
|-resisted|p1a: Goodra
|-damage|p1a: Goodra|46/100
|
|upkeep
|turn|35
|
|t:|1769363548
|move|p2a: Dedenne|Dazzling Gleam|p1a: Goodra
|-supereffective|p1a: Goodra
|-damage|p1a: Goodra|15/100
|move|p1a: Goodra|Rain Dance|p1a: Goodra
|-weather|RainDance
|
|-weather|RainDance|[upkeep]
|upkeep
|turn|36
|
|t:|1769363554
|move|p2a: Dedenne|Discharge|p1a: Goodra
|-resisted|p1a: Goodra
|-damage|p1a: Goodra|8/100
|move|p1a: Goodra|Rest|p1a: Goodra
|-status|p1a: Goodra|slp|[from] move: Rest
|-heal|p1a: Goodra|100/100 slp|[silent]
|
|-weather|RainDance|[upkeep]
|-activate|p1a: Goodra|ability: Hydration
|-curestatus|p1a: Goodra|slp|[msg]
|upkeep
|turn|37
|
|t:|1769363557
|move|p2a: Dedenne|Dazzling Gleam|p1a: Goodra
|-supereffective|p1a: Goodra
|-damage|p1a: Goodra|69/100
|move|p1a: Goodra|Sludge Bomb|p2a: Dedenne
|-supereffective|p2a: Dedenne
|-damage|p2a: Dedenne|38/100
|
|-weather|RainDance|[upkeep]
|upkeep
|turn|38
|
|t:|1769363571
|switch|p2a: Raichu|Raichu-Alola, F, shiny|41/100
|move|p1a: Goodra|Sludge Bomb|p2a: Raichu
|-damage|p2a: Raichu|19/100
|-status|p2a: Raichu|psn
|
|-weather|RainDance|[upkeep]
|-damage|p2a: Raichu|6/100 psn|[from] psn
|upkeep
|turn|39
|
|t:|1769363578
|move|p2a: Raichu|Alluring Voice|p1a: Goodra
|-supereffective|p1a: Goodra
|-damage|p1a: Goodra|35/100
|move|p1a: Goodra|Sludge Bomb|p2a: Raichu
|-damage|p2a: Raichu|0 fnt
|faint|p2a: Raichu
|
|-weather|none
|upkeep
|
|t:|1769363581
|switch|p2a: Dedenne|Dedenne, M, shiny|38/100
|turn|40
|
|t:|1769363586
|-terastallize|p2a: Dedenne|Ground
|move|p2a: Dedenne|Dazzling Gleam|p1a: Goodra
|-supereffective|p1a: Goodra
|-crit|p1a: Goodra
|-damage|p1a: Goodra|0 fnt
|faint|p1a: Goodra
|
|upkeep
|
|t:|1769363591
|switch|p1a: Suicune|Suicune|76/100
|-ability|p1a: Suicune|Pressure
|turn|41
|
|t:|1769363595
|move|p2a: Dedenne|Discharge|p1a: Suicune
|-supereffective|p1a: Suicune
|-damage|p1a: Suicune|40/100
|-status|p1a: Suicune|par
|move|p1a: Suicune|Scald|p2a: Dedenne
|-supereffective|p2a: Dedenne
|-damage|p2a: Dedenne|0 fnt
|faint|p2a: Dedenne
|
|upkeep
|
|t:|1769363598
|switch|p2a: Plusle|Plusle, M, shiny|67/100
|turn|42
|inactive|baakrisht has 120 seconds left.
|inactive|Professor Day2X has 120 seconds left.
|
|t:|1769363639
|move|p2a: Plusle|Volt Switch|p1a: Suicune
|-supereffective|p1a: Suicune
|-damage|p1a: Suicune|7/100 par
|cant|p1a: Suicune|par
|
|upkeep
|turn|43
|inactive|baakrisht has 120 seconds left.
|inactive|baakrisht has 90 seconds left.
|
|t:|1769363702
|move|p2a: Plusle|Volt Switch|p1a: Suicune
|-supereffective|p1a: Suicune
|-damage|p1a: Suicune|0 fnt
|faint|p1a: Suicune
|
|upkeep
|
|t:|1769363708
|switch|p1a: Blissey|Blissey, F|32/100
|turn|44
|
|t:|1769363714
|move|p2a: Plusle|Super Fang|p1a: Blissey
|-damage|p1a: Blissey|16/100
|move|p1a: Blissey|Soft-Boiled|p1a: Blissey
|-heal|p1a: Blissey|66/100
|
|-heal|p1a: Blissey|72/100|[from] item: Leftovers
|upkeep
|turn|45
|
|t:|1769363718
|move|p2a: Plusle|Super Fang|p1a: Blissey
|-damage|p1a: Blissey|36/100
|move|p1a: Blissey|Seismic Toss|p2a: Plusle
|-damage|p2a: Plusle|36/100
|
|-heal|p1a: Blissey|43/100|[from] item: Leftovers
|upkeep
|turn|46
|inactive|baakrisht has 90 seconds left.
|
|t:|1769363735
|move|p2a: Plusle|Super Fang|p1a: Blissey
|-damage|p1a: Blissey|22/100
|move|p1a: Blissey|Soft-Boiled|p1a: Blissey
|-heal|p1a: Blissey|72/100
|
|-heal|p1a: Blissey|78/100|[from] item: Leftovers
|upkeep
|turn|47
|
|t:|1769363739
|move|p2a: Plusle|Endeavor|p1a: Blissey
|-damage|p1a: Blissey|17/100
|move|p1a: Blissey|Seismic Toss|p2a: Plusle
|-damage|p2a: Plusle|5/100
|
|-heal|p1a: Blissey|23/100|[from] item: Leftovers
|upkeep
|turn|48
|-enditem|p2a: Plusle|Custap Berry|[eat]
|-activate|p2a: Plusle|item: Custap Berry|[consumed]
|
|t:|1769363743
|move|p2a: Plusle|Volt Switch|p1a: Blissey
|-damage|p1a: Blissey|16/100
|move|p1a: Blissey|Soft-Boiled|p1a: Blissey
|-heal|p1a: Blissey|66/100
|
|-heal|p1a: Blissey|72/100|[from] item: Leftovers
|upkeep
|turn|49
|
|t:|1769363747
|move|p2a: Plusle|Endeavor|p1a: Blissey
|-damage|p1a: Blissey|3/100
|move|p1a: Blissey|Seismic Toss|p2a: Plusle
|-damage|p2a: Plusle|0 fnt
|faint|p2a: Plusle
|
|win|baakrisht
|raw|baakrisht's rating: 1150 &rarr; <strong>1174</strong><br />(+24 for winning)
|raw|Professor Day2X's rating: 1131 &rarr; <strong>1107</strong><br />(-24 for losing)
|l|☆Professor Day2X
|player|p2|
