|j|☆Donquimachette
|j|☆Mortifi
|t:|1769342769
|gametype|singles
|player|p1|Donquimachette|169|1583
|player|p2|Mortifi|pokemaniac|1568
|gen|9
|tier|[Gen 9] OU
|rated|
|rule|HP Percentage Mod: HP is shown in percentages
|rule|Endless Battle Clause: Forcing endless battles is banned
|rule|Species Clause: Limit one of each Pokémon
|rule|OHKO Clause: OHKO moves are banned
|rule|Evasion Items Clause: Evasion items are banned
|rule|Evasion Moves Clause: Evasion moves are banned
|rule|Evasion Abilities Clause: Evasion abilities are banned
|rule|Sleep Moves Clause: Sleep-inducing moves are banned
|clearpoke
|poke|p1|Zamazenta-*|
|poke|p1|Gholdengo|
|poke|p1|Deoxys-Speed|
|poke|p1|Primarina, M|
|poke|p1|Glimmora, F|
|poke|p1|Iron Valiant|
|poke|p2|Fezandipiti, M|
|poke|p2|Corviknight, M|
|poke|p2|Hoopa-Unbound|
|poke|p2|Gliscor, F|
|poke|p2|Kingambit, F|
|poke|p2|Dragapult, F|
|teampreview
|
|t:|1769342786
|teamsize|p1|6
|teamsize|p2|6
|start
|switch|p1a: Glimmora|Glimmora, F|100/100
|switch|p2a: Dragapult|Dragapult, F|100/100
|turn|1
|
|t:|1769342794
|move|p2a: Dragapult|Dragon Darts|p1a: Glimmora
|-damage|p1a: Glimmora|75/100
|-activate|p1a: Glimmora|ability: Toxic Debris
|-sidestart|p2: Mortifi|move: Toxic Spikes
|-anim|p2a: Dragapult|Dragon Darts|p1a: Glimmora
|-damage|p1a: Glimmora|49/100
|-activate|p1a: Glimmora|ability: Toxic Debris
|-sidestart|p2: Mortifi|move: Toxic Spikes
|move|p1a: Glimmora|Stealth Rock|p2a: Dragapult
|-sidestart|p2: Mortifi|move: Stealth Rock
|
|upkeep
|turn|2
|
|t:|1769342808
|switch|p1a: Primarina|Primarina, M|100/100
|move|p2a: Dragapult|Dragon Darts|p1a: Primarina
|-immune|p1a: Primarina
|
|upkeep
|turn|3
|
|t:|1769342814
|move|p2a: Dragapult|U-turn|p1a: Primarina
|-resisted|p1a: Primarina
|-damage|p1a: Primarina|87/100
|
|t:|1769342817
|switch|p2a: Fezandipiti|Fezandipiti, M|100/100|[from] U-turn
|-sideend|p2: Mortifi|move: Toxic Spikes|[of] p2a: Fezandipiti
|move|p1a: Primarina|Flip Turn|p2a: Fezandipiti
|-damage|p2a: Fezandipiti|84/100
|
|t:|1769342832
|switch|p1a: Deoxys|Deoxys-Speed|100/100|[from] Flip Turn
|-ability|p1a: Deoxys|Pressure
|
|upkeep
|turn|4
|
|t:|1769342843
|switch|p2a: Kingambit|Kingambit, F|100/100
|-damage|p2a: Kingambit|94/100|[from] Stealth Rock
|move|p1a: Deoxys|Knock Off|p2a: Kingambit
|-resisted|p2a: Kingambit
|-damage|p2a: Kingambit|82/100
|-enditem|p2a: Kingambit|Leftovers|[from] move: Knock Off|[of] p1a: Deoxys
|-damage|p1a: Deoxys|91/100|[from] item: Life Orb
|
|upkeep
|turn|5
|
|t:|1769342853
|switch|p1a: Glimmora|Glimmora, F|49/100
|-end|p2a: Kingambit|fallenundefined|[silent]
|switch|p2a: Gliscor|Gliscor, F|100/100
|-damage|p2a: Gliscor|88/100|[from] Stealth Rock
|
|-status|p2a: Gliscor|tox|[from] item: Toxic Orb
|upkeep
|turn|6
|
|t:|1769342865
|switch|p1a: Gholdengo|Gholdengo|100/100
|-item|p1a: Gholdengo|Air Balloon
|move|p2a: Gliscor|Earthquake|p1a: Gholdengo
|-immune|p1a: Gholdengo
|
|-heal|p2a: Gliscor|100/100 tox|[from] ability: Poison Heal
|upkeep
|turn|7
|
|t:|1769342875
|move|p2a: Gliscor|Knock Off|p1a: Gholdengo
|-supereffective|p1a: Gholdengo
|-damage|p1a: Gholdengo|69/100
|-enditem|p1a: Gholdengo|Air Balloon
|move|p1a: Gholdengo|Hex|p2a: Gliscor
|-damage|p2a: Gliscor|49/100 tox
|
|-heal|p2a: Gliscor|62/100 tox|[from] ability: Poison Heal
|upkeep
|turn|8
|
|t:|1769342886
|switch|p1a: Glimmora|Glimmora, F|49/100
|move|p2a: Gliscor|Earthquake|p1a: Glimmora
|-supereffective|p1a: Glimmora
|-damage|p1a: Glimmora|0 fnt
|-activate|p1a: Glimmora|ability: Toxic Debris
|-sidestart|p2: Mortifi|move: Toxic Spikes
|faint|p1a: Glimmora
|
|-heal|p2a: Gliscor|74/100 tox|[from] ability: Poison Heal
|upkeep
|
|t:|1769342897
|switch|p1a: Deoxys|Deoxys-Speed|91/100
|-ability|p1a: Deoxys|Pressure
|turn|9
|
|t:|1769342901
|move|p2a: Gliscor|Protect|p2a: Gliscor
|-singleturn|p2a: Gliscor|Protect
|move|p1a: Deoxys|Ice Beam|p2a: Gliscor
|-activate|p2a: Gliscor|move: Protect
|
|-heal|p2a: Gliscor|87/100 tox|[from] ability: Poison Heal
|upkeep
|turn|10
|
|t:|1769342910
|switch|p2a: Kingambit|Kingambit, F|82/100
|-damage|p2a: Kingambit|76/100|[from] Stealth Rock
|move|p1a: Deoxys|Ice Beam|p2a: Kingambit
|-resisted|p2a: Kingambit
|-damage|p2a: Kingambit|61/100
|-damage|p1a: Deoxys|81/100|[from] item: Life Orb
|
|upkeep
|turn|11
|
|t:|1769342920
|move|p1a: Deoxys|Superpower|p2a: Kingambit
|-supereffective|p2a: Kingambit
|-damage|p2a: Kingambit|0 fnt
|-unboost|p1a: Deoxys|atk|1
|-unboost|p1a: Deoxys|def|1
|faint|p2a: Kingambit
|-end|p2a: Kingambit|fallenundefined|[silent]
|-damage|p1a: Deoxys|71/100|[from] item: Life Orb
|
|upkeep
|
|t:|1769342930
|switch|p2a: Fezandipiti|Fezandipiti, M|84/100
|-sideend|p2: Mortifi|move: Toxic Spikes|[of] p2a: Fezandipiti
|turn|12
|
|t:|1769342934
|switch|p2a: Hoopa|Hoopa-Unbound|100/100
|-damage|p2a: Hoopa|88/100|[from] Stealth Rock
|move|p1a: Deoxys|Psycho Boost|p2a: Hoopa
|-immune|p2a: Hoopa
|
|upkeep
|turn|13
|
|t:|1769342943
|switch|p1a: Primarina|Primarina, M|87/100
|move|p2a: Hoopa|Knock Off|p1a: Primarina
|-resisted|p1a: Primarina
|-damage|p1a: Primarina|24/100
|-enditem|p1a: Primarina|Assault Vest|[from] move: Knock Off|[of] p2a: Hoopa
|
|upkeep
|turn|14
|
|t:|1769342952
|switch|p1a: Zamazenta|Zamazenta|100/100
|-ability|p1a: Zamazenta|Dauntless Shield|boost
|-boost|p1a: Zamazenta|def|1
|move|p2a: Hoopa|Knock Off|p1a: Zamazenta
|-resisted|p1a: Zamazenta
|-damage|p1a: Zamazenta|71/100
|-enditem|p1a: Zamazenta|Choice Band|[from] move: Knock Off|[of] p2a: Hoopa
|
|upkeep
|turn|15
|
|t:|1769342964
|switch|p2a: Gliscor|Gliscor, F|87/100 tox
|-damage|p2a: Gliscor|74/100 tox|[from] Stealth Rock
|move|p1a: Zamazenta|Ice Fang|p2a: Gliscor
|-supereffective|p2a: Gliscor
|-damage|p2a: Gliscor|7/100 tox
|
|-heal|p2a: Gliscor|20/100 tox|[from] ability: Poison Heal
|upkeep
|turn|16
|
|t:|1769342973
|move|p2a: Gliscor|Protect|p2a: Gliscor
|-singleturn|p2a: Gliscor|Protect
|move|p1a: Zamazenta|Ice Fang|p2a: Gliscor
|-activate|p2a: Gliscor|move: Protect
|
|-heal|p2a: Gliscor|32/100 tox|[from] ability: Poison Heal
|upkeep
|turn|17
|
|t:|1769342992
|switch|p2a: Corviknight|Corviknight, M|100/100
|-damage|p2a: Corviknight|88/100|[from] Stealth Rock
|-ability|p2a: Corviknight|Pressure
|move|p1a: Zamazenta|Close Combat|p2a: Corviknight
|-damage|p2a: Corviknight|55/100
|-unboost|p1a: Zamazenta|def|1
|-unboost|p1a: Zamazenta|spd|1
|-damage|p1a: Zamazenta|55/100|[from] item: Rocky Helmet|[of] p2a: Corviknight
|
|upkeep
|turn|18
|
|t:|1769343004
|switch|p1a: Gholdengo|Gholdengo|69/100
|move|p2a: Corviknight|Roost|p2a: Corviknight
|-heal|p2a: Corviknight|100/100
|-singleturn|p2a: Corviknight|move: Roost
|
|upkeep
|turn|19
|
|t:|1769343011
|move|p1a: Gholdengo|Thunder Wave|p2a: Corviknight
|-status|p2a: Corviknight|par
|move|p2a: Corviknight|Bulk Up|p2a: Corviknight
|-boost|p2a: Corviknight|atk|1
|-boost|p2a: Corviknight|def|1
|
|upkeep
|turn|20
|
|t:|1769343019
|switch|p2a: Hoopa|Hoopa-Unbound|88/100
|-damage|p2a: Hoopa|76/100|[from] Stealth Rock
|move|p1a: Gholdengo|Hex|p2a: Hoopa
|-damage|p2a: Hoopa|49/100
|
|upkeep
|turn|21
|
|t:|1769343032
|switch|p1a: Primarina|Primarina, M|24/100
|move|p2a: Hoopa|Hyperspace Fury|p1a: Primarina
|-resisted|p1a: Primarina
|-damage|p1a: Primarina|0 fnt
|-unboost|p2a: Hoopa|def|1
|faint|p1a: Primarina
|
|upkeep
|
|t:|1769343042
|switch|p1a: Zamazenta|Zamazenta|55/100
|turn|22
|
|t:|1769343056
|switch|p2a: Corviknight|Corviknight, M|100/100 par
|-damage|p2a: Corviknight|88/100 par|[from] Stealth Rock
|-ability|p2a: Corviknight|Pressure
|move|p1a: Zamazenta|Ice Fang|p2a: Corviknight
|-damage|p2a: Corviknight|74/100 par
|-damage|p1a: Zamazenta|38/100|[from] item: Rocky Helmet|[of] p2a: Corviknight
|
|upkeep
|turn|23
|
|t:|1769343067
|switch|p1a: Gholdengo|Gholdengo|69/100
|move|p2a: Corviknight|Roost|p2a: Corviknight
|-heal|p2a: Corviknight|100/100 par
|-singleturn|p2a: Corviknight|move: Roost
|
|upkeep
|turn|24
|
|t:|1769343074
|switch|p2a: Fezandipiti|Fezandipiti, M|84/100
|move|p1a: Gholdengo|Hex|p2a: Fezandipiti
|-damage|p2a: Fezandipiti|68/100
|
|upkeep
|turn|25
|
|t:|1769343083
|-terastallize|p2a: Fezandipiti|Water
|move|p1a: Gholdengo|Thunder Wave|p2a: Fezandipiti|[miss]
|-miss|p1a: Gholdengo|p2a: Fezandipiti
|move|p2a: Fezandipiti|Roost|p2a: Fezandipiti
|-heal|p2a: Fezandipiti|100/100
|
|upkeep
|turn|26
|
|t:|1769343092
|move|p1a: Gholdengo|Thunder Wave|p2a: Fezandipiti
|-status|p2a: Fezandipiti|par
|move|p2a: Fezandipiti|U-turn|p1a: Gholdengo
|-resisted|p1a: Gholdengo
|-damage|p1a: Gholdengo|67/100
|
|t:|1769343099
|switch|p2a: Hoopa|Hoopa-Unbound|49/100|[from] U-turn
|-damage|p2a: Hoopa|36/100|[from] Stealth Rock
|
|upkeep
|turn|27
|
|t:|1769343110
|move|p2a: Hoopa|Zen Headbutt|p1a: Gholdengo
|-resisted|p1a: Gholdengo
|-damage|p1a: Gholdengo|40/100
|move|p1a: Gholdengo|Make It Rain|p2a: Hoopa
|-damage|p2a: Hoopa|0 fnt
|-unboost|p1a: Gholdengo|spa|1
|faint|p2a: Hoopa
|
|upkeep
|
|t:|1769343118
|switch|p2a: Dragapult|Dragapult, F|100/100
|turn|28
|
|t:|1769343132
|move|p2a: Dragapult|Hex|p1a: Gholdengo
|-supereffective|p1a: Gholdengo
|-damage|p1a: Gholdengo|0 fnt
|faint|p1a: Gholdengo
|
|upkeep
|
|t:|1769343151
|switch|p1a: Deoxys|Deoxys-Speed|71/100
|-ability|p1a: Deoxys|Pressure
|turn|29
|
|t:|1769343162
|switch|p2a: Gliscor|Gliscor, F|32/100 tox
|-damage|p2a: Gliscor|20/100 tox|[from] Stealth Rock
|move|p1a: Deoxys|Knock Off|p2a: Gliscor
|-damage|p2a: Gliscor|0 fnt
|-enditem|p2a: Gliscor|Toxic Orb|[from] move: Knock Off|[of] p1a: Deoxys
|faint|p2a: Gliscor
|-damage|p1a: Deoxys|61/100|[from] item: Life Orb
|
|upkeep
|
|t:|1769343170
|switch|p2a: Fezandipiti|Fezandipiti, M, tera:Water|100/100 par
|turn|30
|
|t:|1769343182
|switch|p1a: Zamazenta|Zamazenta|38/100
|move|p2a: Fezandipiti|Moonblast|p1a: Zamazenta
|-supereffective|p1a: Zamazenta
|-damage|p1a: Zamazenta|0 fnt
|faint|p1a: Zamazenta
|
|upkeep
|
|t:|1769343190
|switch|p1a: Deoxys|Deoxys-Speed|61/100
|-ability|p1a: Deoxys|Pressure
|turn|31
|
|t:|1769343197
|move|p1a: Deoxys|Knock Off|p2a: Fezandipiti
|-damage|p2a: Fezandipiti|67/100 par
|-enditem|p2a: Fezandipiti|Heavy-Duty Boots|[from] move: Knock Off|[of] p1a: Deoxys
|-damage|p1a: Deoxys|51/100|[from] item: Life Orb
|move|p2a: Fezandipiti|Moonblast|p1a: Deoxys
|-damage|p1a: Deoxys|11/100
|-status|p1a: Deoxys|tox|[from] ability: Toxic Chain|[of] p2a: Fezandipiti
|
|-damage|p1a: Deoxys|5/100 tox|[from] psn
|upkeep
|turn|32
|
|t:|1769343210
|move|p1a: Deoxys|Psycho Boost|p2a: Fezandipiti
|-damage|p2a: Fezandipiti|28/100 par
|-unboost|p1a: Deoxys|spa|2
|-damage|p1a: Deoxys|0 fnt|[from] item: Life Orb
|faint|p1a: Deoxys
|cant|p2a: Fezandipiti|par
|
|upkeep
|
|t:|1769343218
|switch|p1a: Iron Valiant|Iron Valiant|100/100
|-enditem|p1a: Iron Valiant|Booster Energy
|-activate|p1a: Iron Valiant|ability: Quark Drive|[fromitem]
|-start|p1a: Iron Valiant|quarkdrivespe
|turn|33
|
|t:|1769343236
|move|p1a: Iron Valiant|Close Combat|p2a: Fezandipiti
|-damage|p2a: Fezandipiti|0 fnt
|-unboost|p1a: Iron Valiant|def|1
|-unboost|p1a: Iron Valiant|spd|1
|faint|p2a: Fezandipiti
|
|upkeep
|
|t:|1769343243
|switch|p2a: Dragapult|Dragapult, F|100/100
|turn|34
|
|t:|1769343249
|-terastallize|p1a: Iron Valiant|Dark
|move|p1a: Iron Valiant|Knock Off|p2a: Dragapult
|-supereffective|p2a: Dragapult
|-damage|p2a: Dragapult|0 fnt
|-enditem|p2a: Dragapult|Heavy-Duty Boots|[from] move: Knock Off|[of] p1a: Iron Valiant
|faint|p2a: Dragapult
|
|upkeep
|
|t:|1769343255
|switch|p2a: Corviknight|Corviknight, M|100/100 par
|-damage|p2a: Corviknight|88/100 par|[from] Stealth Rock
|-ability|p2a: Corviknight|Pressure
|turn|35
|
|t:|1769343262
|move|p1a: Iron Valiant|Swords Dance|p1a: Iron Valiant
|-boost|p1a: Iron Valiant|atk|2
|move|p2a: Corviknight|Brave Bird|p1a: Iron Valiant
|-crit|p1a: Iron Valiant
|-damage|p1a: Iron Valiant|0 fnt
|faint|p1a: Iron Valiant
|-end|p1a: Iron Valiant|Quark Drive|[silent]
|-damage|p2a: Corviknight|64/100 par|[from] Recoil
|
|win|Mortifi
|raw|Donquimachette's rating: 1583 &rarr; <strong>1562</strong><br />(-21 for losing)
|raw|Mortifi's rating: 1568 &rarr; <strong>1589</strong><br />(+21 for winning)
|l|☆Donquimachette
|player|p1|
|l|☆Mortifi
|player|p2|
