|j|☆el rompepotos
|j|☆kopo76
|t:|1769434266
|gametype|singles
|player|p1|el rompepotos|101|1173
|player|p2|kopo76|nate|1148
|gen|9
|tier|[Gen 9] OU
|rated|
|rule|HP Percentage Mod: HP is shown in percentages
|rule|Endless Battle Clause: Forcing endless battles is banned
|rule|Species Clause: Limit one of each Pokémon
|rule|OHKO Clause: OHKO moves are banned
|rule|Evasion Items Clause: Evasion items are banned
|rule|Evasion Moves Clause: Evasion moves are banned
|rule|Evasion Abilities Clause: Evasion abilities are banned
|rule|Sleep Moves Clause: Sleep-inducing moves are banned
|clearpoke
|poke|p1|Slowking-Galar, M|
|poke|p1|Glimmora, M|
|poke|p1|Grafaiai, M|
|poke|p1|Overqwil, F|
|poke|p1|Weezing-Galar, M|
|poke|p1|Salazzle, F|
|poke|p2|Cinderace, F|
|poke|p2|Darkrai|
|poke|p2|Landorus-Therian, M|
|poke|p2|Zamazenta-*|
|poke|p2|Pecharunt|
|poke|p2|Primarina, F|
|teampreview
|inactive|Battle timer is ON: inactive players will automatically lose when time's up. (requested by el rompepotos)
|
|t:|1769434281
|teamsize|p1|6
|teamsize|p2|6
|start
|switch|p1a: Glimmora|Glimmora, M|100/100
|switch|p2a: Landorus|Landorus-Therian, M|100/100
|-ability|p2a: Landorus|Intimidate|boost
|-unboost|p1a: Glimmora|atk|1
|turn|1
|
|t:|1769434290
|move|p2a: Landorus|Earthquake|p1a: Glimmora
|-supereffective|p1a: Glimmora
|-enditem|p1a: Glimmora|Focus Sash
|-damage|p1a: Glimmora|1/100
|-activate|p1a: Glimmora|ability: Toxic Debris
|-sidestart|p2: kopo76|move: Toxic Spikes
|move|p1a: Glimmora|Stealth Rock|p2a: Landorus
|-sidestart|p2: kopo76|move: Stealth Rock
|
|upkeep
|turn|2
|
|t:|1769434299
|move|p2a: Landorus|Earthquake|p1a: Glimmora
|-supereffective|p1a: Glimmora
|-damage|p1a: Glimmora|0 fnt
|-activate|p1a: Glimmora|ability: Toxic Debris
|-sidestart|p2: kopo76|move: Toxic Spikes
|faint|p1a: Glimmora
|
|upkeep
|
|t:|1769434301
|switch|p1a: Grafaiai|Grafaiai, M, shiny|100/100
|turn|3
|
|t:|1769434324
|-terastallize|p1a: Grafaiai|Flying
|move|p2a: Landorus|Earthquake|p1a: Grafaiai
|-immune|p1a: Grafaiai
|move|p1a: Grafaiai|Swagger|p2a: Landorus
|-boost|p2a: Landorus|atk|2
|-start|p2a: Landorus|confusion
|-enditem|p1a: Grafaiai|Mirror Herb
|-boost|p1a: Grafaiai|atk|2|[from] item: Mirror Herb
|
|upkeep
|turn|4
|
|t:|1769434342
|switch|p2a: Darkrai|Darkrai|100/100
|move|p1a: Grafaiai|Acrobatics|p2a: Darkrai
|-damage|p2a: Darkrai|0 fnt
|faint|p2a: Darkrai
|
|upkeep
|inactive|kopo76 has 120 seconds left.
|
|t:|1769434354
|switch|p2a: Landorus|Landorus-Therian, M|100/100
|-damage|p2a: Landorus|88/100|[from] Stealth Rock
|-ability|p2a: Landorus|Intimidate|boost
|-unboost|p1a: Grafaiai|atk|1
|turn|5
|
|t:|1769434360
|move|p1a: Grafaiai|Acrobatics|p2a: Landorus
|-damage|p2a: Landorus|0 fnt
|faint|p2a: Landorus
|
|upkeep
|
|t:|1769434366
|switch|p2a: Cinderace|Cinderace, F|100/100
|turn|6
|
|t:|1769434372
|move|p1a: Grafaiai|Acrobatics|p2a: Cinderace
|-damage|p2a: Cinderace|0 fnt
|faint|p2a: Cinderace
|
|upkeep
|
|t:|1769434377
|switch|p2a: Primarina|Primarina, F|100/100
|turn|7
|
|t:|1769434383
|move|p1a: Grafaiai|Acrobatics|p2a: Primarina
|-damage|p2a: Primarina|4/100
|move|p2a: Primarina|Surf|p1a: Grafaiai
|-damage|p1a: Grafaiai|0 fnt
|faint|p1a: Grafaiai
|
|upkeep
|
|t:|1769434393
|switch|p1a: Salazzle|Salazzle, F|100/100
|turn|8
|
|t:|1769434397
|move|p1a: Salazzle|Flamethrower|p2a: Primarina
|-resisted|p2a: Primarina
|-damage|p2a: Primarina|0 fnt
|faint|p2a: Primarina
|
|upkeep
|
|t:|1769434403
|switch|p2a: Pecharunt|Pecharunt|100/100
|-sideend|p2: kopo76|move: Toxic Spikes|[of] p2a: Pecharunt
|turn|9
|
|t:|1769434413
|move|p1a: Salazzle|Toxic|p2a: Pecharunt
|-status|p2a: Pecharunt|tox
|move|p2a: Pecharunt|Shadow Ball|p1a: Salazzle
|-damage|p1a: Salazzle|58/100
|
|-heal|p1a: Salazzle|64/100|[from] item: Black Sludge
|-damage|p2a: Pecharunt|94/100 tox|[from] psn
|upkeep
|turn|10
|
|t:|1769434423
|move|p1a: Salazzle|Substitute|p1a: Salazzle
|-start|p1a: Salazzle|Substitute
|-damage|p1a: Salazzle|39/100
|move|p2a: Pecharunt|Shadow Ball|p1a: Salazzle
|-end|p1a: Salazzle|Substitute
|
|-heal|p1a: Salazzle|45/100|[from] item: Black Sludge
|-damage|p2a: Pecharunt|82/100 tox|[from] psn
|upkeep
|turn|11
|
|t:|1769434435
|switch|p1a: Overqwil|Overqwil, F|100/100
|-ability|p1a: Overqwil|Intimidate|boost
|-unboost|p2a: Pecharunt|atk|1
|move|p2a: Pecharunt|Shadow Ball|p1a: Overqwil
|-resisted|p1a: Overqwil
|-damage|p1a: Overqwil|82/100
|
|-damage|p2a: Pecharunt|64/100 tox|[from] psn
|upkeep
|turn|12
|
|t:|1769434451
|move|p2a: Pecharunt|Recover|p2a: Pecharunt
|-heal|p2a: Pecharunt|100/100 tox
|move|p1a: Overqwil|Scale Shot|p2a: Pecharunt
|-damage|p2a: Pecharunt|94/100 tox
|-damage|p2a: Pecharunt|86/100 tox
|-hitcount|p2a: Pecharunt|2
|-unboost|p1a: Overqwil|def|1
|-boost|p1a: Overqwil|spe|1
|-damage|p1a: Overqwil|72/100|[from] item: Life Orb
|
|-damage|p2a: Pecharunt|62/100 tox|[from] psn
|upkeep
|turn|13
|
|t:|1769434468
|move|p1a: Overqwil|Scale Shot|p2a: Pecharunt
|-crit|p2a: Pecharunt
|-damage|p2a: Pecharunt|50/100 tox
|-damage|p2a: Pecharunt|42/100 tox
|-crit|p2a: Pecharunt
|-damage|p2a: Pecharunt|31/100 tox
|-hitcount|p2a: Pecharunt|3
|-unboost|p1a: Overqwil|def|1
|-boost|p1a: Overqwil|spe|1
|-damage|p1a: Overqwil|62/100|[from] item: Life Orb
|move|p2a: Pecharunt|Shadow Ball|p1a: Overqwil
|-resisted|p1a: Overqwil
|-damage|p1a: Overqwil|43/100
|
|-damage|p2a: Pecharunt|1/100 tox|[from] psn
|upkeep
|turn|14
|
|t:|1769434484
|move|p1a: Overqwil|Crunch|p2a: Pecharunt
|-supereffective|p2a: Pecharunt
|-damage|p2a: Pecharunt|0 fnt
|faint|p2a: Pecharunt
|-damage|p1a: Overqwil|33/100|[from] item: Life Orb
|
|upkeep
|
|t:|1769434490
|switch|p2a: Zamazenta|Zamazenta|100/100
|-ability|p2a: Zamazenta|Dauntless Shield|boost
|-boost|p2a: Zamazenta|def|1
|turn|15
|
|t:|1769434496
|move|p1a: Overqwil|Destiny Bond|p1a: Overqwil
|-singlemove|p1a: Overqwil|Destiny Bond
|move|p2a: Zamazenta|Crunch|p1a: Overqwil
|-resisted|p1a: Overqwil
|-damage|p1a: Overqwil|2/100
|
|upkeep
|turn|16
|
|t:|1769434505
|move|p1a: Overqwil|Crunch|p2a: Zamazenta
|-resisted|p2a: Zamazenta
|-damage|p2a: Zamazenta|84/100
|-damage|p1a: Overqwil|0 fnt|[from] item: Life Orb
|faint|p1a: Overqwil
|move|p2a: Zamazenta|Crunch|p1: Overqwil|[notarget]
|-fail|p2a: Zamazenta
|
|upkeep
|
|t:|1769434509
|switch|p1a: Slowking|Slowking-Galar, M|100/100
|turn|17
|
|t:|1769434516
|-terastallize|p2a: Zamazenta|Steel
|move|p2a: Zamazenta|Crunch|p1a: Slowking
|-supereffective|p1a: Slowking
|-damage|p1a: Slowking|48/100
|move|p1a: Slowking|Toxic|p2a: Zamazenta
|-immune|p2a: Zamazenta
|
|upkeep
|turn|18
|-message|el rompepotos forfeited.
|
|win|kopo76
|raw|el rompepotos's rating: 1173 &rarr; <strong>1146</strong><br />(-27 for losing)
|raw|kopo76's rating: 1148 &rarr; <strong>1175</strong><br />(+27 for winning)
|l|☆el rompepotos
|player|p1|
|l|☆kopo76
|player|p2|
