|j|☆A4555
|j|‽heavystorming
|t:|1769343012
|gametype|singles
|player|p1|A4555|sisandbro|1282
|player|p2|heavystorming|janine|1236
|gen|9
|tier|[Gen 9] OU
|rated|
|rule|HP Percentage Mod: HP is shown in percentages
|rule|Endless Battle Clause: Forcing endless battles is banned
|rule|Species Clause: Limit one of each Pokémon
|rule|OHKO Clause: OHKO moves are banned
|rule|Evasion Items Clause: Evasion items are banned
|rule|Evasion Moves Clause: Evasion moves are banned
|rule|Evasion Abilities Clause: Evasion abilities are banned
|rule|Sleep Moves Clause: Sleep-inducing moves are banned
|clearpoke
|poke|p1|Gholdengo|
|poke|p1|Zamazenta-*|
|poke|p1|Ting-Lu|
|poke|p1|Ogerpon-Wellspring, F|
|poke|p1|Iron Treads|
|poke|p1|Dragonite, F|
|poke|p2|Araquanid, F|
|poke|p2|Glimmora, M|
|poke|p2|Kingambit, M|
|poke|p2|Hawlucha, F|
|poke|p2|Shiftry, F|
|poke|p2|Torkoal, M|
|teampreview
|inactive|Battle timer is ON: inactive players will automatically lose when time's up. (requested by A4555)
|
|t:|1769343021
|teamsize|p1|6
|teamsize|p2|6
|start
|switch|p1a: Ting-Lu|Ting-Lu|100/100
|switch|p2a: Araquanid|Araquanid, F|100/100
|-ability|p1a: Ting-Lu|Vessel of Ruin
|turn|1
|
|t:|1769343029
|-terastallize|p2a: Araquanid|Water
|move|p2a: Araquanid|Liquidation|p1a: Ting-Lu
|-supereffective|p1a: Ting-Lu
|-damage|p1a: Ting-Lu|45/100
|-enditem|p1a: Ting-Lu|Red Card|[of] p2a: Araquanid
|drag|p2a: Kingambit|Kingambit, M|100/100
|move|p1a: Ting-Lu|Stealth Rock|p2a: Kingambit
|-sidestart|p2: heavystorming|move: Stealth Rock
|
|upkeep
|turn|2
|
|t:|1769343042
|move|p2a: Kingambit|Kowtow Cleave|p1a: Ting-Lu
|-resisted|p1a: Ting-Lu
|-damage|p1a: Ting-Lu|31/100
|move|p1a: Ting-Lu|Ruination|p2a: Kingambit
|-damage|p2a: Kingambit|51/100
|
|upkeep
|turn|3
|
|t:|1769343051
|move|p2a: Kingambit|Swords Dance|p2a: Kingambit
|-boost|p2a: Kingambit|atk|2
|move|p1a: Ting-Lu|Spikes|p2a: Kingambit
|-sidestart|p2: heavystorming|Spikes
|
|upkeep
|turn|4
|
|t:|1769343059
|move|p2a: Kingambit|Kowtow Cleave|p1a: Ting-Lu
|-resisted|p1a: Ting-Lu
|-damage|p1a: Ting-Lu|1/100
|move|p1a: Ting-Lu|Whirlwind|p2a: Kingambit
|-end|p2a: Kingambit|fallenundefined|[silent]
|drag|p2a: Araquanid|Araquanid, F, tera:Water|100/100
|
|upkeep
|turn|5
|
|t:|1769343070
|move|p2a: Araquanid|Leech Life|p1a: Ting-Lu
|-supereffective|p1a: Ting-Lu
|-damage|p1a: Ting-Lu|0 fnt
|faint|p1a: Ting-Lu
|
|upkeep
|
|t:|1769343081
|switch|p1a: Dragonite|Dragonite, F|100/100
|turn|6
|
|t:|1769343088
|switch|p2a: Torkoal|Torkoal, M|100/100
|-damage|p2a: Torkoal|76/100|[from] Stealth Rock
|-damage|p2a: Torkoal|63/100|[from] Spikes
|-weather|SunnyDay|[from] ability: Drought|[of] p2a: Torkoal
|move|p1a: Dragonite|Earthquake|p2a: Torkoal
|-supereffective|p2a: Torkoal
|-damage|p2a: Torkoal|31/100
|
|-weather|SunnyDay|[upkeep]
|upkeep
|turn|7
|
|t:|1769343104
|move|p1a: Dragonite|Earthquake|p2a: Torkoal
|-supereffective|p2a: Torkoal
|-crit|p2a: Torkoal
|-damage|p2a: Torkoal|0 fnt
|faint|p2a: Torkoal
|
|-weather|SunnyDay|[upkeep]
|upkeep
|
|t:|1769343109
|switch|p2a: Shiftry|Shiftry, F|100/100
|-damage|p2a: Shiftry|88/100|[from] Stealth Rock
|-damage|p2a: Shiftry|76/100|[from] Spikes
|turn|8
|
|t:|1769343118
|move|p2a: Shiftry|Knock Off|p1a: Dragonite
|-damage|p1a: Dragonite|83/100
|-enditem|p1a: Dragonite|Heavy-Duty Boots|[from] move: Knock Off|[of] p2a: Shiftry
|move|p1a: Dragonite|Dragon Dance|p1a: Dragonite
|-boost|p1a: Dragonite|atk|1
|-boost|p1a: Dragonite|spe|1
|
|-weather|SunnyDay|[upkeep]
|upkeep
|turn|9
|
|t:|1769343132
|move|p2a: Shiftry|Explosion|p1a: Dragonite
|-enditem|p2a: Shiftry|Normal Gem|[from] gem
|-crit|p1a: Dragonite
|-damage|p1a: Dragonite|0 fnt
|faint|p2a: Shiftry
|faint|p1a: Dragonite
|
|-weather|SunnyDay|[upkeep]
|upkeep
|
|t:|1769343153
|switch|p1a: Gholdengo|Gholdengo|100/100
|switch|p2a: Hawlucha|Hawlucha, F|100/100
|-damage|p2a: Hawlucha|88/100|[from] Stealth Rock
|turn|10
|inactive|A4555 has 120 seconds left.
|
|t:|1769343168
|move|p1a: Gholdengo|Shadow Ball|p2a: Hawlucha
|-damage|p2a: Hawlucha|21/100
|-enditem|p2a: Hawlucha|Lansat Berry|[eat]
|-start|p2a: Hawlucha|move: Focus Energy
|move|p2a: Hawlucha|Substitute|p2a: Hawlucha
|-fail|p2a: Hawlucha|move: Substitute|[weak]
|
|-weather|none
|upkeep
|turn|11
|
|t:|1769343177
|move|p2a: Hawlucha|Acrobatics|p1a: Gholdengo
|-resisted|p1a: Gholdengo
|-damage|p1a: Gholdengo|73/100
|move|p1a: Gholdengo|Shadow Ball|p2a: Hawlucha
|-damage|p2a: Hawlucha|0 fnt
|faint|p2a: Hawlucha
|
|upkeep
|
|t:|1769343181
|switch|p2a: Glimmora|Glimmora, M|100/100
|-damage|p2a: Glimmora|88/100|[from] Stealth Rock
|-damage|p2a: Glimmora|76/100|[from] Spikes
|turn|12
|
|t:|1769343190
|switch|p1a: Iron Treads|Iron Treads|100/100
|-item|p1a: Iron Treads|Air Balloon
|move|p2a: Glimmora|Meteor Beam||[still]
|-prepare|p2a: Glimmora|Meteor Beam
|-boost|p2a: Glimmora|spa|1
|-enditem|p2a: Glimmora|Power Herb
|-anim|p2a: Glimmora|Meteor Beam|p1a: Iron Treads
|-resisted|p1a: Iron Treads
|-damage|p1a: Iron Treads|73/100
|-enditem|p1a: Iron Treads|Air Balloon
|
|upkeep
|turn|13
|
|t:|1769343207
|move|p1a: Iron Treads|Earthquake|p2a: Glimmora
|-supereffective|p2a: Glimmora
|-damage|p2a: Glimmora|0 fnt
|-activate|p2a: Glimmora|ability: Toxic Debris
|-sidestart|p1: A4555|move: Toxic Spikes
|faint|p2a: Glimmora
|
|upkeep
|
|t:|1769343210
|switch|p2a: Araquanid|Araquanid, F, tera:Water|100/100
|turn|14
|
|t:|1769343215
|move|p1a: Iron Treads|Rapid Spin|p2a: Araquanid
|-damage|p2a: Araquanid|85/100
|-boost|p1a: Iron Treads|spe|1
|-sideend|p1: A4555|Toxic Spikes|[from] move: Rapid Spin|[of] p1a: Iron Treads
|move|p2a: Araquanid|Sticky Web|p1a: Iron Treads
|-sidestart|p1: A4555|move: Sticky Web
|
|upkeep
|turn|15
|
|t:|1769343220
|move|p1a: Iron Treads|Rapid Spin|p2a: Araquanid
|-damage|p2a: Araquanid|70/100
|-boost|p1a: Iron Treads|spe|1
|-sideend|p1: A4555|Sticky Web|[from] move: Rapid Spin|[of] p1a: Iron Treads
|move|p2a: Araquanid|Liquidation|p1a: Iron Treads
|-supereffective|p1a: Iron Treads
|-damage|p1a: Iron Treads|0 fnt
|faint|p1a: Iron Treads
|-end|p1a: Iron Treads|Quark Drive|[silent]
|
|upkeep
|
|t:|1769343239
|switch|p1a: Zamazenta|Zamazenta|100/100
|-ability|p1a: Zamazenta|Dauntless Shield|boost
|-boost|p1a: Zamazenta|def|1
|turn|16
|
|t:|1769343243
|move|p1a: Zamazenta|Iron Defense|p1a: Zamazenta
|-boost|p1a: Zamazenta|def|2
|move|p2a: Araquanid|Liquidation|p1a: Zamazenta
|-damage|p1a: Zamazenta|80/100
|
|-heal|p1a: Zamazenta|87/100|[from] item: Leftovers
|upkeep
|turn|17
|
|t:|1769343250
|move|p1a: Zamazenta|Body Press|p2a: Araquanid
|-damage|p2a: Araquanid|0 fnt
|faint|p2a: Araquanid
|
|-heal|p1a: Zamazenta|93/100|[from] item: Leftovers
|upkeep
|
|t:|1769343253
|switch|p2a: Kingambit|Kingambit, M|51/100
|-damage|p2a: Kingambit|44/100|[from] Stealth Rock
|-damage|p2a: Kingambit|32/100|[from] Spikes
|-activate|p2a: Kingambit|ability: Supreme Overlord
|-start|p2a: Kingambit|fallen5|[silent]
|turn|18
|
|t:|1769343266
|move|p1a: Zamazenta|Body Press|p2a: Kingambit
|-supereffective|p2a: Kingambit
|-damage|p2a: Kingambit|0 fnt
|faint|p2a: Kingambit
|-end|p2a: Kingambit|fallen5|[silent]
|
|win|A4555
|raw|A4555's rating: 1282 &rarr; <strong>1304</strong><br />(+22 for winning)
|raw|heavystorming's rating: 1236 &rarr; <strong>1214</strong><br />(-22 for losing)
|l|☆A4555
|player|p1|
|l|‽heavystorming
|player|p2|
