|j|☆ismailkarim
|j|☆pokemayakumo
|t:|1769343905
|gametype|singles
|player|p1|ismailkarim|169|1654
|player|p2|pokemayakumo|caitlin|1690
|gen|9
|tier|[Gen 9] OU
|rated|
|rule|HP Percentage Mod: HP is shown in percentages
|rule|Endless Battle Clause: Forcing endless battles is banned
|rule|Species Clause: Limit one of each Pokémon
|rule|OHKO Clause: OHKO moves are banned
|rule|Evasion Items Clause: Evasion items are banned
|rule|Evasion Moves Clause: Evasion moves are banned
|rule|Evasion Abilities Clause: Evasion abilities are banned
|rule|Sleep Moves Clause: Sleep-inducing moves are banned
|clearpoke
|poke|p1|Grimmsnarl, M|
|poke|p1|Iron Treads|
|poke|p1|Raging Bolt|
|poke|p1|Deoxys-Speed|
|poke|p1|Ogerpon-Wellspring, F|
|poke|p1|Ceruledge, M|
|poke|p2|Ditto|
|poke|p2|Kingambit, F|
|poke|p2|Ninetales-Alola, F|
|poke|p2|Rillaboom, F|
|poke|p2|Manaphy|
|poke|p2|Corviknight, F|
|teampreview
|
|t:|1769343912
|teamsize|p1|6
|teamsize|p2|6
|start
|switch|p1a: Grimmsnarl|Grimmsnarl, M, shiny|100/100
|switch|p2a: Kingambit|Kingambit, F, shiny|100/100
|turn|1
|
|t:|1769343916
|move|p1a: Grimmsnarl|Low Kick|p2a: Kingambit
|-supereffective|p2a: Kingambit
|-damage|p2a: Kingambit|0 fnt
|faint|p2a: Kingambit
|-end|p2a: Kingambit|fallenundefined|[silent]
|
|upkeep
|
|t:|1769343919
|switch|p2a: Ditto|Ditto|100/100
|-transform|p2a: Ditto|p1a: Grimmsnarl|[from] ability: Imposter
|turn|2
|
|t:|1769343929
|move|p2a: Ditto|Reflect|p2a: Ditto
|-sidestart|p2: pokemayakumo|Reflect
|move|p1a: Grimmsnarl|Taunt|p2a: Ditto
|-hint|Since gen 7, Dark is immune to Prankster moves.
|-immune|p2a: Ditto
|
|upkeep
|turn|3
|
|t:|1769343939
|move|p2a: Ditto|Light Screen|p2a: Ditto
|-sidestart|p2: pokemayakumo|move: Light Screen
|move|p1a: Grimmsnarl|Reflect|p1a: Grimmsnarl
|-sidestart|p1: ismailkarim|Reflect
|
|upkeep
|turn|4
|
|t:|1769343943
|switch|p2a: Manaphy|Manaphy|100/100
|move|p1a: Grimmsnarl|Light Screen|p1a: Grimmsnarl
|-sidestart|p1: ismailkarim|move: Light Screen
|
|upkeep
|turn|5
|
|t:|1769343951
|move|p1a: Grimmsnarl|Taunt|p2a: Manaphy
|-start|p2a: Manaphy|move: Taunt
|cant|p2a: Manaphy|move: Taunt|Tail Glow
|
|upkeep
|turn|6
|
|t:|1769343953
|move|p2a: Manaphy|Alluring Voice|p1a: Grimmsnarl
|-supereffective|p1a: Grimmsnarl
|-damage|p1a: Grimmsnarl|72/100
|move|p1a: Grimmsnarl|Low Kick|p2a: Manaphy
|-damage|p2a: Manaphy|96/100
|
|-heal|p2a: Manaphy|100/100|[from] item: Leftovers
|-sideend|p2: pokemayakumo|Reflect
|upkeep
|turn|7
|
|t:|1769343961
|switch|p1a: Ogerpon|Ogerpon-Wellspring, F|100/100
|move|p2a: Manaphy|Alluring Voice|p1a: Ogerpon
|-damage|p1a: Ogerpon|87/100
|
|-end|p2a: Manaphy|move: Taunt
|-sideend|p2: pokemayakumo|move: Light Screen
|upkeep
|turn|8
|
|t:|1769343975
|switch|p2a: Ninetales|Ninetales-Alola, F|100/100
|-weather|Snowscape|[from] ability: Snow Warning|[of] p2a: Ninetales
|move|p1a: Ogerpon|Trailblaze|p2a: Ninetales
|-damage|p2a: Ninetales|73/100
|-boost|p1a: Ogerpon|spe|1
|
|-weather|Snowscape|[upkeep]
|upkeep
|turn|9
|
|t:|1769343990
|move|p1a: Ogerpon|Ivy Cudgel|p2a: Ninetales|[anim] Ivy Cudgel Water
|-damage|p2a: Ninetales|17/100
|move|p2a: Ninetales|Aurora Veil|p2a: Ninetales
|-sidestart|p2: pokemayakumo|move: Aurora Veil
|
|-weather|Snowscape|[upkeep]
|upkeep
|turn|10
|
|t:|1769343998
|move|p1a: Ogerpon|Play Rough|p2a: Ninetales
|-damage|p2a: Ninetales|0 fnt
|faint|p2a: Ninetales
|
|-weather|Snowscape|[upkeep]
|-sideend|p1: ismailkarim|Reflect
|upkeep
|
|t:|1769344001
|switch|p2a: Manaphy|Manaphy|100/100
|turn|11
|
|t:|1769344007
|move|p1a: Ogerpon|Swords Dance|p1a: Ogerpon
|-boost|p1a: Ogerpon|atk|2
|move|p2a: Manaphy|Substitute|p2a: Manaphy
|-start|p2a: Manaphy|Substitute
|-damage|p2a: Manaphy|76/100
|
|-weather|Snowscape|[upkeep]
|-heal|p2a: Manaphy|82/100|[from] item: Leftovers
|-sideend|p1: ismailkarim|move: Light Screen
|upkeep
|turn|12
|
|t:|1769344009
|move|p1a: Ogerpon|Trailblaze|p2a: Manaphy
|-supereffective|p2a: Manaphy
|-end|p2a: Manaphy|Substitute
|-boost|p1a: Ogerpon|spe|1
|move|p2a: Manaphy|Tail Glow|p2a: Manaphy
|-boost|p2a: Manaphy|spa|3
|
|-weather|none
|-heal|p2a: Manaphy|88/100|[from] item: Leftovers
|upkeep
|turn|13
|
|t:|1769344013
|-terastallize|p2a: Manaphy|Fairy
|move|p1a: Ogerpon|Trailblaze|p2a: Manaphy
|-damage|p2a: Manaphy|57/100
|-boost|p1a: Ogerpon|spe|1
|move|p2a: Manaphy|Alluring Voice|p1a: Ogerpon
|-crit|p1a: Ogerpon
|-damage|p1a: Ogerpon|0 fnt
|faint|p1a: Ogerpon
|
|-heal|p2a: Manaphy|63/100|[from] item: Leftovers
|upkeep
|
|t:|1769344017
|switch|p1a: Grimmsnarl|Grimmsnarl, M, shiny|72/100
|turn|14
|
|t:|1769344019
|move|p1a: Grimmsnarl|Light Screen|p1a: Grimmsnarl
|-sidestart|p1: ismailkarim|move: Light Screen
|move|p2a: Manaphy|Alluring Voice|p1a: Grimmsnarl
|-supereffective|p1a: Grimmsnarl
|-damage|p1a: Grimmsnarl|0 fnt
|faint|p1a: Grimmsnarl
|
|-heal|p2a: Manaphy|69/100|[from] item: Leftovers
|upkeep
|inactive|Battle timer is ON: inactive players will automatically lose when time's up. (requested by pokemayakumo)
|
|t:|1769344070
|switch|p1a: Deoxys|Deoxys-Speed, shiny|100/100
|-ability|p1a: Deoxys|Pressure
|turn|15
|
|t:|1769344074
|move|p1a: Deoxys|Psycho Boost|p2a: Manaphy
|-damage|p2a: Manaphy|36/100
|-unboost|p1a: Deoxys|spa|2
|move|p2a: Manaphy|Surf|p1a: Deoxys
|-damage|p1a: Deoxys|21/100
|
|-heal|p1a: Deoxys|27/100|[from] item: Leftovers
|-heal|p2a: Manaphy|42/100|[from] item: Leftovers
|upkeep
|turn|16
|
|t:|1769344081
|move|p1a: Deoxys|Psycho Boost|p2a: Manaphy
|-damage|p2a: Manaphy|25/100
|-unboost|p1a: Deoxys|spa|2
|move|p2a: Manaphy|Substitute|p2a: Manaphy
|-fail|p2a: Manaphy|move: Substitute|[weak]
|
|-heal|p1a: Deoxys|33/100|[from] item: Leftovers
|-heal|p2a: Manaphy|32/100|[from] item: Leftovers
|-sideend|p2: pokemayakumo|move: Aurora Veil
|upkeep
|turn|17
|
|t:|1769344087
|move|p1a: Deoxys|Psycho Boost|p2a: Manaphy
|-damage|p2a: Manaphy|9/100
|-unboost|p1a: Deoxys|spa|2
|move|p2a: Manaphy|Substitute|p2a: Manaphy
|-fail|p2a: Manaphy|move: Substitute|[weak]
|
|-heal|p1a: Deoxys|40/100|[from] item: Leftovers
|-heal|p2a: Manaphy|15/100|[from] item: Leftovers
|upkeep
|turn|18
|
|t:|1769344091
|move|p1a: Deoxys|Psycho Boost|p2a: Manaphy
|-damage|p2a: Manaphy|0 fnt
|faint|p2a: Manaphy
|
|-heal|p1a: Deoxys|46/100|[from] item: Leftovers
|upkeep
|
|t:|1769344097
|switch|p2a: Rillaboom|Rillaboom, F|100/100
|-fieldstart|move: Grassy Terrain|[from] ability: Grassy Surge|[of] p2a: Rillaboom
|turn|19
|
|t:|1769344102
|move|p1a: Deoxys|Nasty Plot|p1a: Deoxys
|-boost|p1a: Deoxys|spa|2
|move|p2a: Rillaboom|Knock Off|p1a: Deoxys
|-supereffective|p1a: Deoxys
|-damage|p1a: Deoxys|0 fnt
|-enditem|p1a: Deoxys|Leftovers|[from] move: Knock Off|[of] p2a: Rillaboom
|faint|p1a: Deoxys
|-damage|p2a: Rillaboom|91/100|[from] item: Life Orb
|
|-heal|p2a: Rillaboom|97/100|[from] Grassy Terrain
|upkeep
|
|t:|1769344112
|switch|p1a: Ceruledge|Ceruledge, M, shiny|100/100
|turn|20
|
|t:|1769344119
|move|p2a: Rillaboom|Grassy Glide|p1a: Ceruledge
|-resisted|p1a: Ceruledge
|-damage|p1a: Ceruledge|67/100
|-ability|p1a: Ceruledge|Weak Armor|boost
|-unboost|p1a: Ceruledge|def|1
|-boost|p1a: Ceruledge|spe|2
|-damage|p2a: Rillaboom|87/100|[from] item: Life Orb
|move|p1a: Ceruledge|Bitter Blade|p2a: Rillaboom
|-supereffective|p2a: Rillaboom
|-damage|p2a: Rillaboom|0 fnt
|-heal|p1a: Ceruledge|100/100|[from] drain|[of] p2a: Rillaboom
|faint|p2a: Rillaboom
|-damage|p1a: Ceruledge|91/100|[from] item: Life Orb
|
|-heal|p1a: Ceruledge|97/100|[from] Grassy Terrain
|upkeep
|
|t:|1769344121
|switch|p2a: Ditto|Ditto|100/100
|-transform|p2a: Ditto|p1a: Ceruledge|[from] ability: Imposter
|turn|21
|
|t:|1769344125
|move|p1a: Ceruledge|Shadow Sneak|p2a: Ditto
|-supereffective|p2a: Ditto
|-enditem|p2a: Ditto|Focus Sash
|-damage|p2a: Ditto|1/100
|-ability|p2a: Ditto|Weak Armor|boost
|-unboost|p2a: Ditto|def|1
|-boost|p2a: Ditto|spe|2
|-damage|p1a: Ceruledge|87/100|[from] item: Life Orb
|move|p2a: Ditto|Poltergeist|p1a: Ceruledge
|-activate|p1a: Ceruledge|move: Poltergeist|Life Orb
|-supereffective|p1a: Ceruledge
|-damage|p1a: Ceruledge|0 fnt
|faint|p1a: Ceruledge
|
|-heal|p2a: Ditto|7/100|[from] Grassy Terrain
|-sideend|p1: ismailkarim|move: Light Screen
|upkeep
|
|t:|1769344128
|switch|p1a: Raging Bolt|Raging Bolt|100/100
|-enditem|p1a: Raging Bolt|Booster Energy
|-activate|p1a: Raging Bolt|ability: Protosynthesis|[fromitem]
|-start|p1a: Raging Bolt|protosynthesisspa
|turn|22
|
|t:|1769344132
|move|p2a: Ditto|Swords Dance|p2a: Ditto
|-boost|p2a: Ditto|atk|2
|move|p1a: Raging Bolt|Thunderbolt|p2a: Ditto
|-damage|p2a: Ditto|0 fnt
|faint|p2a: Ditto
|
|upkeep
|
|t:|1769344136
|switch|p2a: Corviknight|Corviknight, F|100/100
|-ability|p2a: Corviknight|Pressure
|turn|23
|
|t:|1769344139
|move|p1a: Raging Bolt|Thunderbolt|p2a: Corviknight
|-supereffective|p2a: Corviknight
|-damage|p2a: Corviknight|6/100
|move|p2a: Corviknight|Body Press|p1a: Raging Bolt
|-damage|p1a: Raging Bolt|84/100
|
|-heal|p1a: Raging Bolt|90/100|[from] Grassy Terrain
|-fieldend|move: Grassy Terrain
|upkeep
|turn|24
|
|t:|1769344141
|move|p1a: Raging Bolt|Thunderbolt|p2a: Corviknight
|-supereffective|p2a: Corviknight
|-damage|p2a: Corviknight|0 fnt
|faint|p2a: Corviknight
|
|win|ismailkarim
|raw|ismailkarim's rating: 1654 &rarr; <strong>1675</strong><br />(+21 for winning)
|raw|pokemayakumo's rating: 1672 &rarr; <strong>1651</strong><br />(-21 for losing)
|l|☆pokemayakumo
|player|p2|
|l|☆ismailkarim
|player|p1|
