|j|☆razerblake
|j|☆Il Falco
|t:|1769443005
|gametype|singles
|player|p1|razerblake|preschoolerf|1414
|player|p2|Il Falco|cheren-masters|1434
|gen|9
|tier|[Gen 9] OU
|rated|
|rule|HP Percentage Mod: HP is shown in percentages
|rule|Endless Battle Clause: Forcing endless battles is banned
|rule|Species Clause: Limit one of each Pokémon
|rule|OHKO Clause: OHKO moves are banned
|rule|Evasion Items Clause: Evasion items are banned
|rule|Evasion Moves Clause: Evasion moves are banned
|rule|Evasion Abilities Clause: Evasion abilities are banned
|rule|Sleep Moves Clause: Sleep-inducing moves are banned
|clearpoke
|poke|p1|Deoxys-Speed|
|poke|p1|Ceruledge, M|
|poke|p1|Zamazenta-*|
|poke|p1|Ogerpon-Wellspring, F|
|poke|p1|Glimmora, F|
|poke|p1|Moltres-Galar|
|poke|p2|Dragonite, F|
|poke|p2|Samurott-Hisui, M|
|poke|p2|Clefable, F|
|poke|p2|Gliscor, M|
|poke|p2|Gholdengo|
|poke|p2|Infernape, M|
|teampreview
|inactive|Battle timer is ON: inactive players will automatically lose when time's up. (requested by razerblake)
|
|t:|1769443021
|teamsize|p1|6
|teamsize|p2|6
|start
|switch|p1a: Glimmora|Glimmora, F|100/100
|switch|p2a: Samurott|Samurott-Hisui, M|100/100
|turn|1
|inactive|razerblake has 120 seconds left.
|
|t:|1769443080
|move|p1a: Glimmora|Stealth Rock|p2a: Samurott
|-sidestart|p2: Il Falco|move: Stealth Rock
|move|p2a: Samurott|Razor Shell|p1a: Glimmora
|-supereffective|p1a: Glimmora
|-damage|p1a: Glimmora|0 fnt
|-activate|p1a: Glimmora|ability: Toxic Debris
|-sidestart|p2: Il Falco|move: Toxic Spikes
|faint|p1a: Glimmora
|
|upkeep
|
|t:|1769443085
|switch|p1a: Ogerpon|Ogerpon-Wellspring, F|100/100
|turn|2
|
|t:|1769443091
|-terastallize|p2a: Samurott|Poison
|move|p1a: Ogerpon|Swords Dance|p1a: Ogerpon
|-boost|p1a: Ogerpon|atk|2
|move|p2a: Samurott|Ceaseless Edge|p1a: Ogerpon
|-damage|p1a: Ogerpon|40/100
|-sidestart|p1: razerblake|Spikes
|
|upkeep
|turn|3
|
|t:|1769443099
|move|p1a: Ogerpon|Ivy Cudgel|p2a: Samurott|[anim] Ivy Cudgel Water
|-crit|p2a: Samurott
|-damage|p2a: Samurott|0 fnt
|faint|p2a: Samurott
|
|upkeep
|
|t:|1769443104
|switch|p2a: Dragonite|Dragonite, F|100/100
|turn|4
|
|t:|1769443107
|move|p1a: Ogerpon|Play Rough|p2a: Dragonite
|-supereffective|p2a: Dragonite
|-damage|p2a: Dragonite|15/100
|move|p2a: Dragonite|Dragon Dance|p2a: Dragonite
|-boost|p2a: Dragonite|atk|1
|-boost|p2a: Dragonite|spe|1
|
|upkeep
|turn|5
|
|t:|1769443113
|move|p2a: Dragonite|Extreme Speed|p1a: Ogerpon
|-damage|p1a: Ogerpon|0 fnt
|faint|p1a: Ogerpon
|
|upkeep
|
|t:|1769443117
|switch|p1a: Deoxys|Deoxys-Speed|100/100
|-damage|p1a: Deoxys|88/100|[from] Spikes
|-ability|p1a: Deoxys|Pressure
|turn|6
|
|t:|1769443119
|move|p2a: Dragonite|Extreme Speed|p1a: Deoxys
|-damage|p1a: Deoxys|32/100
|move|p1a: Deoxys|Reflect|p1a: Deoxys
|-sidestart|p1: razerblake|Reflect
|
|upkeep
|turn|7
|
|t:|1769443124
|move|p2a: Dragonite|Extreme Speed|p1a: Deoxys
|-damage|p1a: Deoxys|3/100
|move|p1a: Deoxys|Light Screen|p1a: Deoxys
|-sidestart|p1: razerblake|move: Light Screen
|
|upkeep
|turn|8
|
|t:|1769443127
|move|p2a: Dragonite|Extreme Speed|p1a: Deoxys
|-damage|p1a: Deoxys|0 fnt
|faint|p1a: Deoxys
|
|upkeep
|
|t:|1769443130
|switch|p1a: Ceruledge|Ceruledge, M|100/100
|-damage|p1a: Ceruledge|88/100|[from] Spikes
|turn|9
|
|t:|1769443133
|move|p2a: Dragonite|Earthquake|p1a: Ceruledge
|-supereffective|p1a: Ceruledge
|-damage|p1a: Ceruledge|8/100
|-ability|p1a: Ceruledge|Weak Armor|boost
|-unboost|p1a: Ceruledge|def|1
|-boost|p1a: Ceruledge|spe|2
|move|p1a: Ceruledge|Swords Dance|p1a: Ceruledge
|-boost|p1a: Ceruledge|atk|2
|
|upkeep
|turn|10
|
|t:|1769443142
|move|p1a: Ceruledge|Shadow Sneak|p2a: Dragonite
|-damage|p2a: Dragonite|0 fnt
|faint|p2a: Dragonite
|-damage|p1a: Ceruledge|0 fnt|[from] item: Life Orb
|faint|p1a: Ceruledge
|
|upkeep
|
|t:|1769443148
|switch|p1a: Moltres|Moltres-Galar|100/100
|switch|p2a: Gliscor|Gliscor, M|100/100
|-damage|p2a: Gliscor|88/100|[from] Stealth Rock
|turn|11
|
|t:|1769443153
|move|p1a: Moltres|Nasty Plot|p1a: Moltres
|-boost|p1a: Moltres|spa|2
|move|p2a: Gliscor|Knock Off|p1a: Moltres
|-resisted|p1a: Moltres
|-damage|p1a: Moltres|95/100
|-enditem|p1a: Moltres|Sitrus Berry|[from] move: Knock Off|[of] p2a: Gliscor
|
|-status|p2a: Gliscor|tox|[from] item: Toxic Orb
|upkeep
|turn|12
|
|t:|1769443159
|move|p1a: Moltres|Agility|p1a: Moltres
|-boost|p1a: Moltres|spe|2
|move|p2a: Gliscor|Facade|p1a: Moltres
|-damage|p1a: Moltres|78/100
|
|-heal|p2a: Gliscor|100/100 tox|[from] ability: Poison Heal
|upkeep
|turn|13
|
|t:|1769443163
|move|p1a: Moltres|Nasty Plot|p1a: Moltres
|-boost|p1a: Moltres|spa|2
|move|p2a: Gliscor|Facade|p1a: Moltres
|-damage|p1a: Moltres|60/100
|
|-sideend|p1: razerblake|Reflect
|upkeep
|turn|14
|
|t:|1769443169
|move|p1a: Moltres|Fiery Wrath|p2a: Gliscor
|-damage|p2a: Gliscor|0 fnt
|faint|p2a: Gliscor
|
|-sideend|p1: razerblake|move: Light Screen
|upkeep
|
|t:|1769443175
|switch|p2a: Clefable|Clefable, F|100/100
|-damage|p2a: Clefable|88/100|[from] Stealth Rock
|-status|p2a: Clefable|psn
|turn|15
|
|t:|1769443185
|-terastallize|p1a: Moltres|Fairy
|move|p1a: Moltres|Tera Blast|p2a: Clefable|[anim] Tera Blast Fairy
|-damage|p2a: Clefable|50/100 psn
|move|p2a: Clefable|Moonblast|p1a: Moltres
|-damage|p1a: Moltres|32/100
|-ability|p1a: Moltres|Berserk|boost
|-boost|p1a: Moltres|spa|1
|
|-damage|p2a: Clefable|37/100 psn|[from] psn
|upkeep
|turn|16
|
|t:|1769443192
|move|p1a: Moltres|Tera Blast|p2a: Clefable|[anim] Tera Blast Fairy
|-damage|p2a: Clefable|3/100 psn
|move|p2a: Clefable|Moonblast|p1a: Moltres
|-damage|p1a: Moltres|2/100
|-unboost|p1a: Moltres|spa|1
|
|-damage|p2a: Clefable|0 fnt|[from] psn
|faint|p2a: Clefable
|upkeep
|
|t:|1769443196
|switch|p2a: Infernape|Infernape, M|100/100
|-damage|p2a: Infernape|88/100|[from] Stealth Rock
|-status|p2a: Infernape|psn
|turn|17
|
|t:|1769443198
|move|p2a: Infernape|Vacuum Wave|p1a: Moltres
|-resisted|p1a: Moltres
|-damage|p1a: Moltres|0 fnt
|faint|p1a: Moltres
|
|-damage|p2a: Infernape|76/100 psn|[from] psn
|upkeep
|
|t:|1769443200
|switch|p1a: Zamazenta|Zamazenta|100/100
|-damage|p1a: Zamazenta|88/100|[from] Spikes
|-ability|p1a: Zamazenta|Dauntless Shield|boost
|-boost|p1a: Zamazenta|def|1
|turn|18
|-message|razerblake forfeited.
|
|win|Il Falco
|raw|razerblake's rating: 1414 &rarr; <strong>1395</strong><br />(-19 for losing)
|raw|Il Falco's rating: 1434 &rarr; <strong>1453</strong><br />(+19 for winning)
|l|☆razerblake
|player|p1|
|l|☆Il Falco
|player|p2|
