|j|☆beeboobaa
|j|☆Shea6045
|t:|1769428655
|gametype|singles
|player|p1|beeboobaa|2|1525
|player|p2|Shea6045|cynthia-gen4|1480
|gen|9
|tier|[Gen 9] OU
|rated|
|rule|HP Percentage Mod: HP is shown in percentages
|rule|Endless Battle Clause: Forcing endless battles is banned
|rule|Species Clause: Limit one of each Pokémon
|rule|OHKO Clause: OHKO moves are banned
|rule|Evasion Items Clause: Evasion items are banned
|rule|Evasion Moves Clause: Evasion moves are banned
|rule|Evasion Abilities Clause: Evasion abilities are banned
|rule|Sleep Moves Clause: Sleep-inducing moves are banned
|clearpoke
|poke|p1|Clefable, F|
|poke|p1|Gengar, M|
|poke|p1|Chansey, F|
|poke|p1|Ditto|
|poke|p1|Zapdos|
|poke|p1|Dragonite, M|
|poke|p2|Zapdos-Galar|
|poke|p2|Blissey, F|
|poke|p2|Darkrai|
|poke|p2|Gliscor, F|
|poke|p2|Skarmory, M|
|poke|p2|Pecharunt|
|teampreview
|
|t:|1769428664
|teamsize|p1|6
|teamsize|p2|6
|start
|switch|p1a: Clefable|Clefable, F|100/100
|switch|p2a: Darkrai|Darkrai|100/100
|turn|1
|inactive|Battle timer is ON: inactive players will automatically lose when time's up. (requested by Shea6045)
|
|t:|1769428669
|switch|p2a: Gliscor|Gliscor, F|100/100
|move|p1a: Clefable|Thunder Wave|p2a: Gliscor
|-immune|p2a: Gliscor
|
|-status|p2a: Gliscor|tox|[from] item: Toxic Orb
|upkeep
|turn|2
|
|t:|1769428677
|move|p2a: Gliscor|Knock Off|p1a: Clefable
|-resisted|p1a: Clefable
|-damage|p1a: Clefable|93/100
|-damage|p2a: Gliscor|84/100 tox|[from] item: Rocky Helmet|[of] p1a: Clefable
|-enditem|p1a: Clefable|Rocky Helmet|[from] move: Knock Off|[of] p2a: Gliscor
|move|p1a: Clefable|Calm Mind|p1a: Clefable
|-boost|p1a: Clefable|spa|1
|-boost|p1a: Clefable|spd|1
|
|-heal|p2a: Gliscor|97/100 tox|[from] ability: Poison Heal
|upkeep
|turn|3
|
|t:|1769428685
|move|p2a: Gliscor|Swords Dance|p2a: Gliscor
|-boost|p2a: Gliscor|atk|2
|move|p1a: Clefable|Calm Mind|p1a: Clefable
|-boost|p1a: Clefable|spa|1
|-boost|p1a: Clefable|spd|1
|
|-heal|p2a: Gliscor|100/100 tox|[from] ability: Poison Heal
|upkeep
|turn|4
|
|t:|1769428690
|move|p2a: Gliscor|Facade|p1a: Clefable
|-damage|p1a: Clefable|46/100
|move|p1a: Clefable|Moonblast|p2a: Gliscor
|-damage|p2a: Gliscor|46/100 tox
|
|-heal|p2a: Gliscor|58/100 tox|[from] ability: Poison Heal
|upkeep
|turn|5
|
|t:|1769428700
|switch|p1a: Gengar|Gengar, M, shiny|100/100
|move|p2a: Gliscor|Facade|p1a: Gengar
|-immune|p1a: Gengar
|
|-heal|p2a: Gliscor|71/100 tox|[from] ability: Poison Heal
|upkeep
|turn|6
|
|t:|1769428705
|move|p2a: Gliscor|Protect|p2a: Gliscor
|-singleturn|p2a: Gliscor|Protect
|move|p1a: Gengar|Shadow Ball|p2a: Gliscor
|-activate|p2a: Gliscor|move: Protect
|
|-heal|p2a: Gliscor|83/100 tox|[from] ability: Poison Heal
|upkeep
|turn|7
|
|t:|1769428713
|switch|p1a: Clefable|Clefable, F|46/100
|move|p2a: Gliscor|Knock Off|p1a: Clefable
|-resisted|p1a: Clefable
|-damage|p1a: Clefable|36/100
|
|-heal|p2a: Gliscor|96/100 tox|[from] ability: Poison Heal
|upkeep
|turn|8
|
|t:|1769428720
|switch|p1a: Gengar|Gengar, M, shiny|100/100
|move|p2a: Gliscor|Facade|p1a: Gengar
|-immune|p1a: Gengar
|
|-heal|p2a: Gliscor|100/100 tox|[from] ability: Poison Heal
|upkeep
|turn|9
|
|t:|1769428727
|switch|p1a: Zapdos|Zapdos|100/100
|move|p2a: Gliscor|Protect||[still]
|-fail|p2a: Gliscor
|
|upkeep
|turn|10
|
|t:|1769428734
|move|p2a: Gliscor|Knock Off|p1a: Zapdos
|-damage|p1a: Zapdos|62/100
|-enditem|p1a: Zapdos|Heavy-Duty Boots|[from] move: Knock Off|[of] p2a: Gliscor
|move|p1a: Zapdos|Hurricane|p2a: Gliscor
|-damage|p2a: Gliscor|54/100 tox
|
|-heal|p2a: Gliscor|67/100 tox|[from] ability: Poison Heal
|upkeep
|turn|11
|
|t:|1769428743
|switch|p1a: Gengar|Gengar, M, shiny|100/100
|move|p2a: Gliscor|Protect||[still]
|-fail|p2a: Gliscor
|
|-heal|p2a: Gliscor|79/100 tox|[from] ability: Poison Heal
|upkeep
|turn|12
|
|t:|1769428752
|move|p2a: Gliscor|Protect|p2a: Gliscor
|-singleturn|p2a: Gliscor|Protect
|move|p1a: Gengar|Focus Blast|p2a: Gliscor
|-activate|p2a: Gliscor|move: Protect
|
|-heal|p2a: Gliscor|92/100 tox|[from] ability: Poison Heal
|upkeep
|turn|13
|j| natte pannenkoek
|
|t:|1769428757
|switch|p1a: Dragonite|Dragonite, M|100/100
|move|p2a: Gliscor|Knock Off|p1a: Dragonite
|-damage|p1a: Dragonite|80/100
|-enditem|p1a: Dragonite|Heavy-Duty Boots|[from] move: Knock Off|[of] p2a: Gliscor
|
|-heal|p2a: Gliscor|100/100 tox|[from] ability: Poison Heal
|upkeep
|turn|14
|
|t:|1769428767
|move|p2a: Gliscor|Facade|p1a: Dragonite
|-damage|p1a: Dragonite|17/100
|move|p1a: Dragonite|Ice Spinner|p2a: Gliscor
|-supereffective|p2a: Gliscor
|-damage|p2a: Gliscor|11/100 tox
|
|-heal|p2a: Gliscor|23/100 tox|[from] ability: Poison Heal
|upkeep
|turn|15
|
|t:|1769428777
|switch|p1a: Gengar|Gengar, M, shiny|100/100
|move|p2a: Gliscor|Protect||[still]
|-fail|p2a: Gliscor
|
|-heal|p2a: Gliscor|36/100 tox|[from] ability: Poison Heal
|upkeep
|turn|16
|
|t:|1769428785
|move|p2a: Gliscor|Protect|p2a: Gliscor
|-singleturn|p2a: Gliscor|Protect
|move|p1a: Gengar|Shadow Ball|p2a: Gliscor
|-activate|p2a: Gliscor|move: Protect
|
|-heal|p2a: Gliscor|48/100 tox|[from] ability: Poison Heal
|upkeep
|turn|17
|
|t:|1769428794
|switch|p1a: Clefable|Clefable, F|36/100
|switch|p2a: Blissey|Blissey, F|100/100
|
|upkeep
|turn|18
|
|t:|1769428799
|switch|p2a: Gliscor|Gliscor, F|48/100 tox
|move|p1a: Clefable|Moonlight|p1a: Clefable
|-heal|p1a: Clefable|86/100
|
|-heal|p2a: Gliscor|61/100 tox|[from] ability: Poison Heal
|upkeep
|turn|19
|
|t:|1769428816
|switch|p1a: Dragonite|Dragonite, M|17/100
|move|p2a: Gliscor|Swords Dance|p2a: Gliscor
|-boost|p2a: Gliscor|atk|2
|
|-heal|p2a: Gliscor|73/100 tox|[from] ability: Poison Heal
|upkeep
|turn|20
|
|t:|1769428823
|move|p2a: Gliscor|Protect|p2a: Gliscor
|-singleturn|p2a: Gliscor|Protect
|move|p1a: Dragonite|Roost|p1a: Dragonite
|-heal|p1a: Dragonite|67/100
|-singleturn|p1a: Dragonite|move: Roost
|
|-heal|p2a: Gliscor|86/100 tox|[from] ability: Poison Heal
|upkeep
|turn|21
|
|t:|1769428837
|switch|p1a: Gengar|Gengar, M, shiny|100/100
|-terastallize|p2a: Gliscor|Normal
|move|p2a: Gliscor|Facade|p1a: Gengar
|-immune|p1a: Gengar
|
|-heal|p2a: Gliscor|98/100 tox|[from] ability: Poison Heal
|upkeep
|turn|22
|
|t:|1769428865
|switch|p1a: Zapdos|Zapdos|62/100
|move|p2a: Gliscor|Protect||[still]
|-fail|p2a: Gliscor
|
|-heal|p2a: Gliscor|100/100 tox|[from] ability: Poison Heal
|upkeep
|turn|23
|inactive|beeboobaa has 120 seconds left.
|
|t:|1769428883
|-terastallize|p1a: Zapdos|Fighting
|move|p2a: Gliscor|Knock Off|p1a: Zapdos
|-resisted|p1a: Zapdos
|-damage|p1a: Zapdos|50/100
|move|p1a: Zapdos|Tera Blast|p2a: Gliscor|[anim] Tera Blast Fighting
|-supereffective|p2a: Gliscor
|-damage|p2a: Gliscor|32/100 tox
|
|-heal|p2a: Gliscor|45/100 tox|[from] ability: Poison Heal
|upkeep
|turn|24
|
|t:|1769428891
|move|p2a: Gliscor|Facade|p1a: Zapdos
|-damage|p1a: Zapdos|0 fnt
|faint|p1a: Zapdos
|
|-heal|p2a: Gliscor|57/100 tox|[from] ability: Poison Heal
|upkeep
|
|t:|1769428896
|switch|p1a: Ditto|Ditto|100/100
|-transform|p1a: Ditto|p2a: Gliscor|[from] ability: Imposter
|-start|p1a: Ditto|typechange|Ground/Flying|[silent]
|turn|25
|
|t:|1769428903
|move|p2a: Gliscor|Protect|p2a: Gliscor
|-singleturn|p2a: Gliscor|Protect
|move|p1a: Ditto|Facade|p2a: Gliscor
|-activate|p2a: Gliscor|move: Protect
|
|-heal|p2a: Gliscor|70/100 tox|[from] ability: Poison Heal
|upkeep
|turn|26
|
|t:|1769428909
|move|p1a: Ditto|Facade|p2a: Gliscor
|-damage|p2a: Gliscor|44/100 tox
|move|p2a: Gliscor|Facade|p1a: Ditto
|-damage|p1a: Ditto|14/100
|
|-heal|p2a: Gliscor|56/100 tox|[from] ability: Poison Heal
|upkeep
|turn|27
|c|☆beeboobaa|ohh
|c|☆Shea6045|no status
|
|t:|1769428928
|switch|p1a: Gengar|Gengar, M, shiny|100/100
|move|p2a: Gliscor|Knock Off|p1a: Gengar
|-supereffective|p1a: Gengar
|-damage|p1a: Gengar|0 fnt
|-enditem|p1a: Gengar|Choice Scarf|[from] move: Knock Off|[of] p2a: Gliscor
|faint|p1a: Gengar
|
|-heal|p2a: Gliscor|69/100 tox|[from] ability: Poison Heal
|upkeep
|c|☆beeboobaa|yes, and stab
|
|t:|1769428936
|switch|p1a: Clefable|Clefable, F|86/100
|turn|28
|
|t:|1769428949
|move|p2a: Gliscor|Facade|p1a: Clefable
|-damage|p1a: Clefable|18/100
|move|p1a: Clefable|Moonblast|p2a: Gliscor
|-damage|p2a: Gliscor|39/100 tox
|
|-heal|p2a: Gliscor|52/100 tox|[from] ability: Poison Heal
|upkeep
|turn|29
|
|t:|1769428954
|move|p2a: Gliscor|Facade|p1a: Clefable
|-damage|p1a: Clefable|0 fnt
|faint|p1a: Clefable
|
|-heal|p2a: Gliscor|64/100 tox|[from] ability: Poison Heal
|upkeep
|
|t:|1769428970
|switch|p1a: Chansey|Chansey, F|100/100
|turn|30
|
|t:|1769428975
|move|p2a: Gliscor|Knock Off|p1a: Chansey
|-damage|p1a: Chansey|71/100
|-enditem|p1a: Chansey|Eviolite|[from] move: Knock Off|[of] p2a: Gliscor
|move|p1a: Chansey|Seismic Toss|p2a: Gliscor
|-damage|p2a: Gliscor|36/100 tox
|
|-heal|p2a: Gliscor|49/100 tox|[from] ability: Poison Heal
|upkeep
|turn|31
|-message|beeboobaa forfeited.
|
|win|Shea6045
|raw|beeboobaa's rating: 1525 &rarr; <strong>1502</strong><br />(-23 for losing)
|raw|Shea6045's rating: 1480 &rarr; <strong>1503</strong><br />(+23 for winning)
|l|☆beeboobaa
|player|p1|
|l|☆Shea6045
|player|p2|
