|j|☆AirPan
|j|☆levi6969
|t:|1769362665
|gametype|singles
|player|p1|AirPan|pokemonrangerf-gen4|1187
|player|p2|levi6969|1|1141
|gen|9
|tier|[Gen 9] OU
|rated|
|rule|HP Percentage Mod: HP is shown in percentages
|rule|Endless Battle Clause: Forcing endless battles is banned
|rule|Species Clause: Limit one of each Pokémon
|rule|OHKO Clause: OHKO moves are banned
|rule|Evasion Items Clause: Evasion items are banned
|rule|Evasion Moves Clause: Evasion moves are banned
|rule|Evasion Abilities Clause: Evasion abilities are banned
|rule|Sleep Moves Clause: Sleep-inducing moves are banned
|clearpoke
|poke|p1|Tyranitar, M|
|poke|p1|Excadrill, M|
|poke|p1|Gliscor, M|
|poke|p1|Slowking-Galar, F|
|poke|p1|Hydrapple, M|
|poke|p1|Moltres|
|poke|p2|Hitmonchan, M|
|poke|p2|Orthworm, F|
|poke|p2|Porygon2|
|poke|p2|Ursaluna, M|
|poke|p2|Hatterene, F|
|poke|p2|Tentacruel, M|
|teampreview
|inactive|Battle timer is ON: inactive players will automatically lose when time's up. (requested by AirPan)
|
|t:|1769362686
|teamsize|p1|6
|teamsize|p2|6
|start
|switch|p1a: GOAT|Tyranitar, M|100/100
|switch|p2a: Ursaluna|Ursaluna, M, shiny|100/100
|-weather|Sandstorm|[from] ability: Sand Stream|[of] p1a: GOAT
|turn|1
|
|t:|1769362693
|move|p2a: Ursaluna|Protect|p2a: Ursaluna
|-singleturn|p2a: Ursaluna|Protect
|move|p1a: GOAT|Knock Off|p2a: Ursaluna
|-activate|p2a: Ursaluna|move: Protect
|
|-weather|Sandstorm|[upkeep]
|upkeep
|turn|2
|
|t:|1769362701
|switch|p1a: Moltres|Moltres|100/100
|move|p2a: Ursaluna|Earthquake|p1a: Moltres
|-immune|p1a: Moltres
|
|-weather|Sandstorm|[upkeep]
|-damage|p1a: Moltres|94/100|[from] Sandstorm
|upkeep
|turn|3
|
|t:|1769362705
|move|p1a: Moltres|Flamethrower|p2a: Ursaluna
|-damage|p2a: Ursaluna|71/100
|move|p2a: Ursaluna|Bulk Up|p2a: Ursaluna
|-boost|p2a: Ursaluna|atk|1
|-boost|p2a: Ursaluna|def|1
|
|-weather|Sandstorm|[upkeep]
|-damage|p1a: Moltres|88/100|[from] Sandstorm
|-heal|p2a: Ursaluna|77/100|[from] item: Leftovers
|upkeep
|turn|4
|
|t:|1769362709
|move|p2a: Ursaluna|Protect|p2a: Ursaluna
|-singleturn|p2a: Ursaluna|Protect
|move|p1a: Moltres|Roar|p2a: Ursaluna
|drag|p2a: Orthworm|Orthworm, F, shiny|100/100
|
|-weather|Sandstorm|[upkeep]
|-damage|p1a: Moltres|82/100|[from] Sandstorm
|upkeep
|turn|5
|
|t:|1769362715
|switch|p2a: Tentacruel|Tentacruel, M, shiny|100/100
|move|p1a: Moltres|Flamethrower|p2a: Tentacruel
|-resisted|p2a: Tentacruel
|-damage|p2a: Tentacruel|85/100
|
|-weather|Sandstorm|[upkeep]
|-damage|p2a: Tentacruel|79/100|[from] Sandstorm
|-damage|p1a: Moltres|76/100|[from] Sandstorm
|upkeep
|turn|6
|
|t:|1769362723
|switch|p1a: Slowking|Slowking-Galar, F|100/100
|move|p2a: Tentacruel|Surf|p1a: Slowking
|-damage|p1a: Slowking|84/100
|
|-weather|Sandstorm|[upkeep]
|-damage|p2a: Tentacruel|73/100|[from] Sandstorm
|-damage|p1a: Slowking|78/100|[from] Sandstorm
|upkeep
|turn|7
|
|t:|1769362726
|move|p2a: Tentacruel|Toxic Spikes|p1a: Slowking
|-sidestart|p1: AirPan|move: Toxic Spikes
|move|p1a: Slowking|Thunder Wave|p2a: Tentacruel
|-status|p2a: Tentacruel|par
|
|-weather|Sandstorm|[upkeep]
|-damage|p2a: Tentacruel|67/100 par|[from] Sandstorm
|-damage|p1a: Slowking|72/100|[from] Sandstorm
|upkeep
|turn|8
|
|t:|1769362737
|switch|p2a: Hatterene|Hatterene, F, shiny|100/100
|switch|p1a: Gliscor|Gliscor, M|100/100
|
|-weather|none
|-status|p1a: Gliscor|tox|[from] item: Toxic Orb
|upkeep
|turn|9
|
|t:|1769362742
|move|p1a: Gliscor|Protect|p1a: Gliscor
|-singleturn|p1a: Gliscor|Protect
|move|p2a: Hatterene|Calm Mind|p2a: Hatterene
|-boost|p2a: Hatterene|spa|1
|-boost|p2a: Hatterene|spd|1
|
|upkeep
|turn|10
|
|t:|1769362745
|move|p1a: Gliscor|Knock Off|p2a: Hatterene
|-damage|p2a: Hatterene|84/100
|-enditem|p2a: Hatterene|Covert Cloak|[from] move: Knock Off|[of] p1a: Gliscor
|move|p2a: Hatterene|Calm Mind|p2a: Hatterene
|-boost|p2a: Hatterene|spa|1
|-boost|p2a: Hatterene|spd|1
|
|upkeep
|turn|11
|
|t:|1769362749
|switch|p1a: Slowking|Slowking-Galar, F|100/100
|-sideend|p1: AirPan|move: Toxic Spikes|[of] p1a: Slowking
|move|p2a: Hatterene|Calm Mind|p2a: Hatterene
|-boost|p2a: Hatterene|spa|1
|-boost|p2a: Hatterene|spd|1
|
|upkeep
|turn|12
|
|t:|1769362753
|-terastallize|p2a: Hatterene|Water
|move|p2a: Hatterene|Calm Mind|p2a: Hatterene
|-boost|p2a: Hatterene|spa|1
|-boost|p2a: Hatterene|spd|1
|move|p1a: Slowking|Sludge Bomb|p2a: Hatterene
|-damage|p2a: Hatterene|71/100
|
|upkeep
|turn|13
|
|t:|1769362760
|switch|p1a: GOAT|Tyranitar, M|100/100
|-weather|Sandstorm|[from] ability: Sand Stream|[of] p1a: GOAT
|move|p2a: Hatterene|Psyshock|p1a: GOAT
|-immune|p1a: GOAT
|
|-weather|Sandstorm|[upkeep]
|-damage|p2a: Hatterene|65/100|[from] Sandstorm
|upkeep
|turn|14
|
|t:|1769362766
|move|p1a: GOAT|Knock Off|p2a: Hatterene
|-damage|p2a: Hatterene|43/100
|move|p2a: Hatterene|Draining Kiss|p1a: GOAT
|-supereffective|p1a: GOAT
|-damage|p1a: GOAT|45/100
|-heal|p2a: Hatterene|97/100|[from] drain|[of] p1a: GOAT
|
|-weather|Sandstorm|[upkeep]
|-damage|p2a: Hatterene|91/100|[from] Sandstorm
|upkeep
|turn|15
|
|t:|1769362779
|move|p1a: GOAT|Ice Beam|p2a: Hatterene
|-resisted|p2a: Hatterene
|-damage|p2a: Hatterene|87/100
|move|p2a: Hatterene|Draining Kiss|p1a: GOAT
|-supereffective|p1a: GOAT
|-damage|p1a: GOAT|0 fnt
|-heal|p2a: Hatterene|100/100|[from] drain|[of] p1a: GOAT
|faint|p1a: GOAT
|
|-weather|Sandstorm|[upkeep]
|-damage|p2a: Hatterene|94/100|[from] Sandstorm
|upkeep
|
|t:|1769362801
|switch|p1a: WIFE|Excadrill, M|100/100
|-item|p1a: WIFE|Air Balloon
|turn|16
|
|t:|1769362806
|-terastallize|p1a: WIFE|Ghost
|move|p1a: WIFE|Swords Dance|p1a: WIFE
|-boost|p1a: WIFE|atk|2
|move|p2a: Hatterene|Mystical Fire|p1a: WIFE
|-damage|p1a: WIFE|13/100
|-unboost|p1a: WIFE|spa|1
|-enditem|p1a: WIFE|Air Balloon
|
|-weather|Sandstorm|[upkeep]
|-damage|p2a: Hatterene|88/100|[from] Sandstorm
|upkeep
|turn|17
|
|t:|1769362812
|switch|p2a: Tentacruel|Tentacruel, M, shiny|67/100 par
|move|p1a: WIFE|Earthquake|p2a: Tentacruel
|-supereffective|p2a: Tentacruel
|-damage|p2a: Tentacruel|0 fnt
|faint|p2a: Tentacruel
|
|-weather|Sandstorm|[upkeep]
|upkeep
|
|t:|1769362816
|switch|p2a: Hitmonchan|Hitmonchan, M|100/100
|turn|18
|
|t:|1769362822
|switch|p1a: Moltres|Moltres|76/100
|move|p2a: Hitmonchan|Bullet Punch|p1a: Moltres
|-resisted|p1a: Moltres
|-damage|p1a: Moltres|70/100
|
|-weather|Sandstorm|[upkeep]
|-damage|p2a: Hitmonchan|94/100|[from] Sandstorm
|-damage|p1a: Moltres|64/100|[from] Sandstorm
|upkeep
|turn|19
|
|t:|1769362828
|switch|p2a: Hatterene|Hatterene, F, shiny, tera:Water|88/100
|move|p1a: Moltres|Roost|p1a: Moltres
|-heal|p1a: Moltres|100/100
|-singleturn|p1a: Moltres|move: Roost
|
|-weather|Sandstorm|[upkeep]
|-damage|p1a: Moltres|94/100|[from] Sandstorm
|-damage|p2a: Hatterene|82/100|[from] Sandstorm
|upkeep
|turn|20
|
|t:|1769362831
|move|p1a: Moltres|U-turn|p2a: Hatterene
|-damage|p2a: Hatterene|70/100
|
|t:|1769362834
|switch|p1a: Hydrapple|Hydrapple, M|100/100|[from] U-turn
|move|p2a: Hatterene|Calm Mind|p2a: Hatterene
|-boost|p2a: Hatterene|spa|1
|-boost|p2a: Hatterene|spd|1
|
|-weather|none
|upkeep
|turn|21
|
|t:|1769362840
|move|p1a: Hydrapple|Nasty Plot|p1a: Hydrapple
|-boost|p1a: Hydrapple|spa|2
|move|p2a: Hatterene|Draining Kiss|p1a: Hydrapple
|-supereffective|p1a: Hydrapple
|-damage|p1a: Hydrapple|39/100
|-heal|p2a: Hatterene|100/100|[from] drain|[of] p1a: Hydrapple
|
|upkeep
|turn|22
|
|t:|1769362851
|move|p1a: Hydrapple|Giga Drain|p2a: Hatterene
|-supereffective|p2a: Hatterene
|-damage|p2a: Hatterene|21/100
|-heal|p1a: Hydrapple|69/100|[from] drain|[of] p2a: Hatterene
|move|p2a: Hatterene|Draining Kiss|p1a: Hydrapple
|-supereffective|p1a: Hydrapple
|-damage|p1a: Hydrapple|0 fnt
|-heal|p2a: Hatterene|90/100|[from] drain|[of] p1a: Hydrapple
|faint|p1a: Hydrapple
|
|upkeep
|-message|AirPan forfeited.
|
|win|levi6969
|raw|AirPan's rating: 1187 &rarr; <strong>1159</strong><br />(-28 for losing)
|raw|levi6969's rating: 1141 &rarr; <strong>1169</strong><br />(+28 for winning)
|l|☆AirPan
|player|p1|
