|j|☆Jim Leader Adam
|j|☆Diplithe
|t:|1769399457
|gametype|singles
|player|p1|Jim Leader Adam|lenora|1421
|player|p2|Diplithe|102|1464
|gen|9
|tier|[Gen 9] OU
|rated|
|rule|HP Percentage Mod: HP is shown in percentages
|rule|Endless Battle Clause: Forcing endless battles is banned
|rule|Species Clause: Limit one of each Pokémon
|rule|OHKO Clause: OHKO moves are banned
|rule|Evasion Items Clause: Evasion items are banned
|rule|Evasion Moves Clause: Evasion moves are banned
|rule|Evasion Abilities Clause: Evasion abilities are banned
|rule|Sleep Moves Clause: Sleep-inducing moves are banned
|clearpoke
|poke|p1|Zoroark-Hisui, F|
|poke|p1|Farigiraf, M|
|poke|p1|Kingambit, M|
|poke|p1|Corviknight, M|
|poke|p1|Gastrodon, F|
|poke|p1|Meowscarada, F|
|poke|p2|Fezandipiti, M|
|poke|p2|Dragapult, F|
|poke|p2|Ogerpon, F|
|poke|p2|Great Tusk|
|poke|p2|Alomomola, F|
|poke|p2|Skarmory, F|
|teampreview
|inactive|Battle timer is ON: inactive players will automatically lose when time's up. (requested by Diplithe)
|
|t:|1769399496
|teamsize|p1|6
|teamsize|p2|6
|start
|switch|p1a: Performative Male|Kingambit, M, shiny|100/100
|switch|p2a: Ogerpon|Ogerpon, F|100/100
|turn|1
|
|t:|1769399501
|switch|p1a: Kotoamatsukami|Corviknight, M|100/100
|move|p2a: Ogerpon|U-turn|p1a: Kotoamatsukami
|-resisted|p1a: Kotoamatsukami
|-damage|p1a: Kotoamatsukami|96/100
|-damage|p2a: Ogerpon|84/100|[from] item: Rocky Helmet|[of] p1a: Kotoamatsukami
|
|t:|1769399505
|switch|p2a: Dragapult|Dragapult, F|100/100|[from] U-turn
|
|upkeep
|turn|2
|
|t:|1769399516
|move|p2a: Dragapult|Flamethrower|p1a: Kotoamatsukami
|-supereffective|p1a: Kotoamatsukami
|-damage|p1a: Kotoamatsukami|21/100
|move|p1a: Kotoamatsukami|Iron Defense|p1a: Kotoamatsukami
|-boost|p1a: Kotoamatsukami|def|2
|
|upkeep
|turn|3
|
|t:|1769399519
|switch|p1a: Great Topper|Gastrodon, F|100/100
|move|p2a: Dragapult|Flamethrower|p1a: Great Topper
|-resisted|p1a: Great Topper
|-damage|p1a: Great Topper|83/100
|
|-heal|p1a: Great Topper|89/100|[from] item: Leftovers
|upkeep
|turn|4
|
|t:|1769399545
|switch|p2a: Ogerpon|Ogerpon, F|84/100
|move|p1a: Great Topper|Earth Power|p2a: Ogerpon
|-resisted|p2a: Ogerpon
|-damage|p2a: Ogerpon|60/100
|
|-heal|p1a: Great Topper|96/100|[from] item: Leftovers
|upkeep
|turn|5
|
|t:|1769399553
|switch|p1a: Kotoamatsukami|Corviknight, M|21/100
|move|p2a: Ogerpon|U-turn|p1a: Kotoamatsukami
|-resisted|p1a: Kotoamatsukami
|-damage|p1a: Kotoamatsukami|15/100
|-damage|p2a: Ogerpon|43/100|[from] item: Rocky Helmet|[of] p1a: Kotoamatsukami
|
|t:|1769399557
|switch|p2a: Dragapult|Dragapult, F|100/100|[from] U-turn
|
|upkeep
|turn|6
|
|t:|1769399561
|switch|p1a: Great Topper|Gastrodon, F|96/100
|move|p2a: Dragapult|Shadow Ball|p1a: Great Topper
|-damage|p1a: Great Topper|45/100
|
|-heal|p1a: Great Topper|51/100|[from] item: Leftovers
|upkeep
|turn|7
|
|t:|1769399565
|move|p2a: Dragapult|Shadow Ball|p1a: Great Topper
|-crit|p1a: Great Topper
|-damage|p1a: Great Topper|0 fnt
|faint|p1a: Great Topper
|
|upkeep
|
|t:|1769399569
|switch|p1a: Performative Male|Kingambit, M, shiny|100/100
|turn|8
|
|t:|1769399574
|switch|p2a: Skarmory|Skarmory, F|100/100
|move|p1a: Performative Male|Sucker Punch||[still]
|-fail|p1a: Performative Male
|
|upkeep
|turn|9
|
|t:|1769399577
|move|p2a: Skarmory|Body Press|p1a: Performative Male
|-supereffective|p1a: Performative Male
|-damage|p1a: Performative Male|11/100
|move|p1a: Performative Male|Kowtow Cleave|p2a: Skarmory
|-damage|p2a: Skarmory|70/100
|-damage|p1a: Performative Male|0 fnt|[from] item: Rocky Helmet|[of] p2a: Skarmory
|faint|p1a: Performative Male
|
|upkeep
|
|t:|1769399587
|switch|p1a: Morgana|Meowscarada, F, shiny|100/100
|turn|10
|
|t:|1769399590
|move|p1a: Morgana|Shadow Ball|p2a: Skarmory
|-crit|p2a: Skarmory
|-damage|p2a: Skarmory|0 fnt
|faint|p2a: Skarmory
|
|upkeep
|
|t:|1769399613
|switch|p2a: Fezandipiti|Fezandipiti, M|100/100
|turn|11
|
|t:|1769399620
|move|p1a: Morgana|Shadow Ball|p2a: Fezandipiti
|-damage|p2a: Fezandipiti|61/100
|move|p2a: Fezandipiti|Play Rough|p1a: Morgana
|-damage|p1a: Morgana|29/100
|replace|p1a: GET CATFISHED|Zoroark-Hisui, F, shiny
|-end|p1a: GET CATFISHED|Illusion
|-status|p1a: GET CATFISHED|tox|[from] ability: Toxic Chain|[of] p2a: Fezandipiti
|
|-damage|p1a: GET CATFISHED|23/100 tox|[from] psn
|upkeep
|turn|12
|c|☆Diplithe|oh
|c|☆Jim Leader Adam|lucky boy
|c|☆Diplithe|lmao
|c|☆Diplithe|i was like why is the meoscarada running shadow ball
|inactive|Diplithe has 120 seconds left.
|
|t:|1769399652
|switch|p1a: Kotoamatsukami|Corviknight, M|15/100
|move|p2a: Fezandipiti|Roost|p2a: Fezandipiti
|-heal|p2a: Fezandipiti|100/100
|-singleturn|p2a: Fezandipiti|move: Roost
|
|upkeep
|turn|13
|
|t:|1769399655
|move|p2a: Fezandipiti|U-turn|p1a: Kotoamatsukami
|-resisted|p1a: Kotoamatsukami
|-damage|p1a: Kotoamatsukami|13/100
|-damage|p2a: Fezandipiti|84/100|[from] item: Rocky Helmet|[of] p1a: Kotoamatsukami
|
|t:|1769399657
|switch|p2a: Dragapult|Dragapult, F|100/100|[from] U-turn
|move|p1a: Kotoamatsukami|Roost|p1a: Kotoamatsukami
|-heal|p1a: Kotoamatsukami|63/100
|-singleturn|p1a: Kotoamatsukami|move: Roost
|
|upkeep
|turn|14
|
|t:|1769399670
|move|p2a: Dragapult|Flamethrower|p1a: Kotoamatsukami
|-supereffective|p1a: Kotoamatsukami
|-damage|p1a: Kotoamatsukami|0 fnt
|faint|p1a: Kotoamatsukami
|
|upkeep
|
|t:|1769399672
|switch|p1a: Melman|Farigiraf, M, shiny|100/100
|turn|15
|
|t:|1769399689
|switch|p2a: Alomomola|Alomomola, F|100/100
|move|p1a: Melman|Reflect|p1a: Melman
|-sidestart|p1: Jim Leader Adam|Reflect
|
|upkeep
|turn|16
|
|t:|1769399701
|switch|p1a: Morgana|Meowscarada, F, shiny|23/100 tox
|move|p2a: Alomomola|Flip Turn|p1a: Morgana
|-damage|p1a: Morgana|6/100 tox
|replace|p1a: GET CATFISHED|Zoroark-Hisui, F, shiny
|-end|p1a: GET CATFISHED|Illusion
|
|t:|1769399715
|switch|p2a: Fezandipiti|Fezandipiti, M|84/100|[from] Flip Turn
|
|-damage|p1a: GET CATFISHED|0 fnt|[from] psn
|faint|p1a: GET CATFISHED
|upkeep
|
|t:|1769399726
|switch|p1a: Melman|Farigiraf, M, shiny|100/100
|turn|17
|
|t:|1769399731
|move|p2a: Fezandipiti|Beat Up|p1a: Melman
|-supereffective|p1a: Melman
|-damage|p1a: Melman|97/100
|-supereffective|p1a: Melman
|-damage|p1a: Melman|93/100
|-status|p1a: Melman|tox|[from] ability: Toxic Chain|[of] p2a: Fezandipiti
|-supereffective|p1a: Melman
|-damage|p1a: Melman|89/100 tox
|-supereffective|p1a: Melman
|-damage|p1a: Melman|85/100 tox
|-supereffective|p1a: Melman
|-damage|p1a: Melman|82/100 tox
|-hitcount|p1a: Melman|5
|move|p1a: Melman|Hyper Voice|p2a: Fezandipiti
|-crit|p2a: Fezandipiti
|-damage|p2a: Fezandipiti|45/100
|
|-damage|p1a: Melman|76/100 tox|[from] psn
|upkeep
|turn|18
|
|t:|1769399740
|move|p2a: Fezandipiti|U-turn|p1a: Melman
|-supereffective|p1a: Melman
|-damage|p1a: Melman|61/100 tox
|
|t:|1769399743
|switch|p2a: Alomomola|Alomomola, F|100/100|[from] U-turn
|move|p1a: Melman|Trick Room|p1a: Melman
|-fieldstart|move: Trick Room|[of] p1a: Melman
|
|-damage|p1a: Melman|49/100 tox|[from] psn
|upkeep
|turn|19
|
|t:|1769399748
|move|p2a: Alomomola|Flip Turn|p1a: Melman
|-damage|p1a: Melman|41/100 tox
|
|t:|1769399753
|switch|p2a: Fezandipiti|Fezandipiti, M|45/100|[from] Flip Turn
|move|p1a: Melman|Hyper Voice|p2a: Fezandipiti
|-damage|p2a: Fezandipiti|19/100
|
|-damage|p1a: Melman|23/100 tox|[from] psn
|upkeep
|turn|20
|
|t:|1769399757
|move|p1a: Melman|Hyper Voice|p2a: Fezandipiti
|-crit|p2a: Fezandipiti
|-damage|p2a: Fezandipiti|0 fnt
|faint|p2a: Fezandipiti
|
|-damage|p1a: Melman|0 fnt|[from] psn
|faint|p1a: Melman
|upkeep
|
|t:|1769399771
|switch|p1a: Morgana|Meowscarada, F, shiny|100/100
|switch|p2a: Ogerpon|Ogerpon, F|43/100
|turn|21
|
|t:|1769399788
|-terastallize|p1a: Morgana|Fairy
|move|p2a: Ogerpon|U-turn|p1a: Morgana
|-resisted|p1a: Morgana
|-damage|p1a: Morgana|88/100
|
|t:|1769399795
|switch|p2a: Alomomola|Alomomola, F|100/100|[from] U-turn
|move|p1a: Morgana|Knock Off|p2a: Alomomola
|-crit|p2a: Alomomola
|-damage|p2a: Alomomola|49/100
|-enditem|p2a: Alomomola|Assault Vest|[from] move: Knock Off|[of] p1a: Morgana
|
|upkeep
|turn|22
|
|t:|1769399803
|move|p2a: Alomomola|Aqua Jet|p1a: Morgana
|-damage|p1a: Morgana|80/100
|move|p1a: Morgana|Flower Trick|p2a: Alomomola
|-supereffective|p2a: Alomomola
|-crit|p2a: Alomomola
|-damage|p2a: Alomomola|0 fnt
|faint|p2a: Alomomola
|
|-sideend|p1: Jim Leader Adam|Reflect
|-fieldend|move: Trick Room
|upkeep
|
|t:|1769399819
|switch|p2a: Ogerpon|Ogerpon, F|43/100
|turn|23
|
|t:|1769399823
|-terastallize|p2a: Ogerpon|Grass
|detailschange|p2a: Ogerpon|Ogerpon-Teal-Tera, F, tera:Grass
|-ability|p2a: Ogerpon|Embody Aspect (Teal)|boost
|-boost|p2a: Ogerpon|spe|1
|move|p2a: Ogerpon|Ivy Cudgel|p1a: Morgana
|-damage|p1a: Morgana|0 fnt
|faint|p1a: Morgana
|
|win|Diplithe
|raw|Jim Leader Adam's rating: 1421 &rarr; <strong>1403</strong><br />(-18 for losing)
|raw|Diplithe's rating: 1464 &rarr; <strong>1482</strong><br />(+18 for winning)
|l|☆Jim Leader Adam
|player|p1|
|c|☆Diplithe|gg
|l|☆Diplithe
|player|p2|
