|j|☆Magnetobodypillow
|j|☆Long_fusu
|t:|1769410575
|gametype|singles
|player|p1|Magnetobodypillow|eusine|1159
|player|p2|Long_fusu|n|1132
|gen|9
|tier|[Gen 9] OU
|rated|
|rule|HP Percentage Mod: HP is shown in percentages
|rule|Endless Battle Clause: Forcing endless battles is banned
|rule|Species Clause: Limit one of each Pokémon
|rule|OHKO Clause: OHKO moves are banned
|rule|Evasion Items Clause: Evasion items are banned
|rule|Evasion Moves Clause: Evasion moves are banned
|rule|Evasion Abilities Clause: Evasion abilities are banned
|rule|Sleep Moves Clause: Sleep-inducing moves are banned
|clearpoke
|poke|p1|Suicune|
|poke|p1|Zapdos|
|poke|p1|Great Tusk|
|poke|p1|Dragonite, F|
|poke|p1|Glimmora, F|
|poke|p1|Iron Valiant|
|poke|p2|Pelipper, F|
|poke|p2|Barraskewda, F|
|poke|p2|Hatterene, F|
|poke|p2|Raging Bolt|
|poke|p2|Hoopa-Unbound|
|poke|p2|Greninja-*, M|
|teampreview
|
|t:|1769410582
|teamsize|p1|6
|teamsize|p2|6
|start
|switch|p1a: Glimmora|Glimmora, F|100/100
|switch|p2a: Greninja|Greninja, M|100/100
|turn|1
|
|t:|1769410590
|move|p2a: Greninja|Water Shuriken|p1a: Glimmora
|-supereffective|p1a: Glimmora
|-damage|p1a: Glimmora|84/100
|-supereffective|p1a: Glimmora
|-damage|p1a: Glimmora|64/100
|-supereffective|p1a: Glimmora
|-damage|p1a: Glimmora|46/100
|-supereffective|p1a: Glimmora
|-damage|p1a: Glimmora|27/100
|-supereffective|p1a: Glimmora
|-damage|p1a: Glimmora|9/100
|-hitcount|p1a: Glimmora|5
|move|p1a: Glimmora|Stealth Rock|p2a: Greninja
|-sidestart|p2: Long_fusu|move: Stealth Rock
|
|upkeep
|turn|2
|
|t:|1769410606
|move|p2a: Greninja|Water Shuriken|p1a: Glimmora
|-supereffective|p1a: Glimmora
|-damage|p1a: Glimmora|0 fnt
|faint|p1a: Glimmora
|-ability|p2a: Greninja|Battle Bond|boost
|-boost|p2a: Greninja|atk|1
|-boost|p2a: Greninja|spa|1
|-boost|p2a: Greninja|spe|1
|-activate|p2a: Greninja|ability: Battle Bond
|-hitcount|p1: Glimmora|1
|
|upkeep
|
|t:|1769410622
|switch|p1a: Iron Valiant|Iron Valiant, shiny|100/100
|-enditem|p1a: Iron Valiant|Booster Energy
|-activate|p1a: Iron Valiant|ability: Quark Drive|[fromitem]
|-start|p1a: Iron Valiant|quarkdrivespe
|turn|3
|
|t:|1769410630
|move|p2a: Greninja|Water Shuriken|p1a: Iron Valiant
|-damage|p1a: Iron Valiant|79/100
|-damage|p1a: Iron Valiant|58/100
|-damage|p1a: Iron Valiant|37/100
|-damage|p1a: Iron Valiant|17/100
|-crit|p1a: Iron Valiant
|-damage|p1a: Iron Valiant|0 fnt
|faint|p1a: Iron Valiant
|-end|p1a: Iron Valiant|Quark Drive|[silent]
|-hitcount|p1: Iron Valiant|5
|
|upkeep
|
|t:|1769410638
|switch|p1a: Dragonite|Dragonite, F|100/100
|turn|4
|
|t:|1769410641
|move|p1a: Dragonite|Extreme Speed|p2a: Greninja
|-damage|p2a: Greninja|45/100
|move|p2a: Greninja|Ice Beam|p1a: Dragonite
|-supereffective|p1a: Dragonite
|-damage|p1a: Dragonite|0 fnt
|faint|p1a: Dragonite
|
|upkeep
|
|t:|1769410648
|switch|p1a: Zapdos|Zapdos|100/100
|turn|5
|
|t:|1769410661
|move|p2a: Greninja|Ice Beam|p1a: Zapdos
|-supereffective|p1a: Zapdos
|-damage|p1a: Zapdos|19/100
|move|p1a: Zapdos|Volt Switch|p2a: Greninja
|-supereffective|p2a: Greninja
|-damage|p2a: Greninja|0 fnt
|faint|p2a: Greninja
|
|t:|1769410669
|switch|p1a: Great Tusk|Great Tusk|100/100|[from] Volt Switch
|
|upkeep
|
|t:|1769410674
|switch|p2a: Pelipper|Pelipper, F|100/100
|-damage|p2a: Pelipper|76/100|[from] Stealth Rock
|-weather|RainDance|[from] ability: Drizzle|[of] p2a: Pelipper
|turn|6
|
|t:|1769410686
|move|p1a: Great Tusk|Knock Off|p2a: Pelipper
|-damage|p2a: Pelipper|51/100
|-enditem|p2a: Pelipper|Damp Rock|[from] move: Knock Off|[of] p1a: Great Tusk
|move|p2a: Pelipper|Weather Ball|p1a: Great Tusk
|-supereffective|p1a: Great Tusk
|-damage|p1a: Great Tusk|0 fnt
|faint|p1a: Great Tusk
|-end|p1a: Great Tusk|Protosynthesis|[silent]
|
|-weather|RainDance|[upkeep]
|upkeep
|
|t:|1769410693
|switch|p1a: Zapdos|Zapdos|19/100
|turn|7
|
|t:|1769410701
|switch|p2a: Hatterene|Hatterene, F|100/100
|-damage|p2a: Hatterene|88/100|[from] Stealth Rock
|move|p1a: Zapdos|Roost|p1a: Zapdos
|-heal|p1a: Zapdos|69/100
|-singleturn|p1a: Zapdos|move: Roost
|
|-weather|RainDance|[upkeep]
|upkeep
|turn|8
|
|t:|1769410711
|move|p1a: Zapdos|Hurricane|p2a: Hatterene
|-damage|p2a: Hatterene|27/100
|-start|p2a: Hatterene|confusion
|-enditem|p2a: Hatterene|Eject Button
|
|t:|1769410717
|switch|p2a: Hoopa|Hoopa-Unbound|100/100
|-damage|p2a: Hoopa|88/100|[from] Stealth Rock
|
|-weather|RainDance|[upkeep]
|upkeep
|turn|9
|
|t:|1769410724
|-terastallize|p2a: Hoopa|Dark
|move|p1a: Zapdos|Hurricane|p2a: Hoopa
|-damage|p2a: Hoopa|42/100
|move|p2a: Hoopa|Hyperspace Fury|p1a: Zapdos
|-damage|p1a: Zapdos|0 fnt
|-unboost|p2a: Hoopa|def|1
|faint|p1a: Zapdos
|
|-weather|RainDance|[upkeep]
|upkeep
|
|t:|1769410753
|switch|p1a: Suicune|Suicune, shiny|100/100
|-ability|p1a: Suicune|Pressure
|turn|10
|
|t:|1769410755
|move|p2a: Hoopa|Hyperspace Fury|p1a: Suicune
|-damage|p1a: Suicune|29/100
|-unboost|p2a: Hoopa|def|1
|move|p1a: Suicune|Scald|p2a: Hoopa
|-damage|p2a: Hoopa|9/100
|
|-weather|RainDance|[upkeep]
|-heal|p1a: Suicune|35/100|[from] item: Leftovers
|upkeep
|turn|11
|
|t:|1769410766
|move|p2a: Hoopa|Hyperspace Fury|p1a: Suicune
|-damage|p1a: Suicune|0 fnt
|-unboost|p2a: Hoopa|def|1
|faint|p1a: Suicune
|
|win|Long_fusu
|raw|Magnetobodypillow's rating: 1159 &rarr; <strong>1132</strong><br />(-27 for losing)
|raw|Long_fusu's rating: 1132 &rarr; <strong>1159</strong><br />(+27 for winning)
|l|☆Magnetobodypillow
|player|p1|
|l|☆Long_fusu
|player|p2|
