|j|☆UnitedDank
|j|☆Lascarr
|t:|1769304566
|gametype|singles
|player|p1|UnitedDank|youngn|1519
|player|p2|Lascarr|palmer|1465
|gen|9
|tier|[Gen 9] OU
|rated|
|rule|HP Percentage Mod: HP is shown in percentages
|rule|Endless Battle Clause: Forcing endless battles is banned
|rule|Species Clause: Limit one of each Pokémon
|rule|OHKO Clause: OHKO moves are banned
|rule|Evasion Items Clause: Evasion items are banned
|rule|Evasion Moves Clause: Evasion moves are banned
|rule|Evasion Abilities Clause: Evasion abilities are banned
|rule|Sleep Moves Clause: Sleep-inducing moves are banned
|clearpoke
|poke|p1|Ribombee, F|
|poke|p1|Gholdengo|
|poke|p1|Great Tusk|
|poke|p1|Raging Bolt|
|poke|p1|Ogerpon-Cornerstone, F|
|poke|p1|Ceruledge, M|
|poke|p2|Zamazenta-*|
|poke|p2|Darkrai|
|poke|p2|Zapdos|
|poke|p2|Dragapult, F|
|poke|p2|Kingambit, F|
|poke|p2|Great Tusk|
|teampreview
|inactive|Battle timer is ON: inactive players will automatically lose when time's up. (requested by Lascarr)
|
|t:|1769304581
|teamsize|p1|6
|teamsize|p2|6
|start
|switch|p1a: Ribombee|Ribombee, F|100/100
|switch|p2a: Zapdos|Zapdos, shiny|100/100
|turn|1
|
|t:|1769304591
|move|p1a: Ribombee|Sticky Web|p2a: Zapdos
|-sidestart|p2: Lascarr|move: Sticky Web
|move|p2a: Zapdos|Hurricane|p1a: Ribombee|[miss]
|-miss|p2a: Zapdos|p1a: Ribombee
|
|upkeep
|turn|2
|
|t:|1769304595
|move|p1a: Ribombee|Moonblast|p2a: Zapdos
|-damage|p2a: Zapdos|72/100
|move|p2a: Zapdos|Hurricane|p1a: Ribombee
|-supereffective|p1a: Ribombee
|-enditem|p1a: Ribombee|Focus Sash
|-damage|p1a: Ribombee|1/100
|
|upkeep
|turn|3
|
|t:|1769304601
|move|p1a: Ribombee|Moonblast|p2a: Zapdos
|-damage|p2a: Zapdos|46/100
|-unboost|p2a: Zapdos|spa|1
|move|p2a: Zapdos|Volt Switch|p1a: Ribombee
|-damage|p1a: Ribombee|0 fnt
|faint|p1a: Ribombee
|
|t:|1769304604
|switch|p2a: Great Tusk|Great Tusk|100/100|[from] Volt Switch
|-activate|p2a: Great Tusk|move: Sticky Web
|-unboost|p2a: Great Tusk|spe|1
|
|upkeep
|
|t:|1769304614
|switch|p1a: Ogerpon|Ogerpon-Cornerstone, F|100/100
|turn|4
|
|t:|1769304617
|move|p1a: Ogerpon|Power Whip|p2a: Great Tusk|[miss]
|-miss|p1a: Ogerpon|p2a: Great Tusk
|move|p2a: Great Tusk|Rapid Spin|p1a: Ogerpon
|-resisted|p1a: Ogerpon
|-damage|p1a: Ogerpon|91/100
|-boost|p2a: Great Tusk|spe|1
|-sideend|p2: Lascarr|Sticky Web|[from] move: Rapid Spin|[of] p2a: Great Tusk
|
|upkeep
|turn|5
|
|t:|1769304623
|move|p1a: Ogerpon|Power Whip|p2a: Great Tusk
|-supereffective|p2a: Great Tusk
|-damage|p2a: Great Tusk|30/100
|-damage|p1a: Ogerpon|74/100|[from] item: Rocky Helmet|[of] p2a: Great Tusk
|move|p2a: Great Tusk|Stealth Rock|p1a: Ogerpon
|-sidestart|p1: UnitedDank|move: Stealth Rock
|
|upkeep
|turn|6
|
|t:|1769304630
|move|p1a: Ogerpon|Power Whip|p2a: Great Tusk
|-supereffective|p2a: Great Tusk
|-damage|p2a: Great Tusk|0 fnt
|-damage|p1a: Ogerpon|57/100|[from] item: Rocky Helmet|[of] p2a: Great Tusk
|faint|p2a: Great Tusk
|-end|p2a: Great Tusk|Protosynthesis|[silent]
|
|upkeep
|
|t:|1769304640
|switch|p2a: Dragapult|Dragapult, F, shiny|100/100
|turn|7
|
|t:|1769304652
|move|p2a: Dragapult|Shadow Ball|p1a: Ogerpon
|-damage|p1a: Ogerpon|0 fnt
|faint|p1a: Ogerpon
|
|upkeep
|inactive|UnitedDank has 120 seconds left.
|
|t:|1769304685
|switch|p1a: Raging Bolt|Raging Bolt|100/100
|-damage|p1a: Raging Bolt|88/100|[from] Stealth Rock
|-enditem|p1a: Raging Bolt|Booster Energy
|-activate|p1a: Raging Bolt|ability: Protosynthesis|[fromitem]
|-start|p1a: Raging Bolt|protosynthesisspa
|turn|8
|
|t:|1769304695
|switch|p2a: Zapdos|Zapdos, shiny|46/100
|move|p1a: Raging Bolt|Calm Mind|p1a: Raging Bolt
|-boost|p1a: Raging Bolt|spa|1
|-boost|p1a: Raging Bolt|spd|1
|
|upkeep
|turn|9
|
|t:|1769304702
|move|p1a: Raging Bolt|Thunderbolt|p2a: Zapdos
|-damage|p2a: Zapdos|0 fnt
|faint|p2a: Zapdos
|
|upkeep
|
|t:|1769304705
|switch|p2a: Dragapult|Dragapult, F, shiny|100/100
|turn|10
|
|t:|1769304711
|-terastallize|p1a: Raging Bolt|Flying
|move|p2a: Dragapult|Draco Meteor|p1a: Raging Bolt
|-damage|p1a: Raging Bolt|38/100
|-unboost|p2a: Dragapult|spa|2
|move|p1a: Raging Bolt|Dragon Pulse|p2a: Dragapult
|-supereffective|p2a: Dragapult
|-damage|p2a: Dragapult|0 fnt
|faint|p2a: Dragapult
|
|upkeep
|
|t:|1769304721
|switch|p2a: Kingambit|Kingambit, F|100/100
|-activate|p2a: Kingambit|ability: Supreme Overlord
|-start|p2a: Kingambit|fallen3|[silent]
|turn|11
|
|t:|1769304728
|move|p1a: Raging Bolt|Thunderbolt|p2a: Kingambit
|-enditem|p2a: Kingambit|Focus Sash
|-damage|p2a: Kingambit|1/100
|move|p2a: Kingambit|Kowtow Cleave|p1a: Raging Bolt
|-damage|p1a: Raging Bolt|0 fnt
|faint|p1a: Raging Bolt
|-end|p1a: Raging Bolt|Protosynthesis|[silent]
|
|upkeep
|
|t:|1769304731
|switch|p1a: Great Tusk|Great Tusk|100/100
|-damage|p1a: Great Tusk|98/100|[from] Stealth Rock
|-enditem|p1a: Great Tusk|Booster Energy
|-activate|p1a: Great Tusk|ability: Protosynthesis|[fromitem]
|-start|p1a: Great Tusk|protosynthesisatk
|turn|12
|
|t:|1769304738
|move|p1a: Great Tusk|Rapid Spin|p2a: Kingambit
|-resisted|p2a: Kingambit
|-damage|p2a: Kingambit|0 fnt
|-boost|p1a: Great Tusk|spe|1
|-sideend|p1: UnitedDank|Stealth Rock|[from] move: Rapid Spin|[of] p1a: Great Tusk
|faint|p2a: Kingambit
|-end|p2a: Kingambit|fallen3|[silent]
|
|upkeep
|
|t:|1769304741
|switch|p2a: Zamazenta|Zamazenta|100/100
|-ability|p2a: Zamazenta|Dauntless Shield|boost
|-boost|p2a: Zamazenta|def|1
|turn|13
|
|t:|1769304745
|move|p1a: Great Tusk|Headlong Rush|p2a: Zamazenta
|-damage|p2a: Zamazenta|56/100
|-unboost|p1a: Great Tusk|def|1
|-unboost|p1a: Great Tusk|spd|1
|move|p2a: Zamazenta|Iron Defense|p2a: Zamazenta
|-boost|p2a: Zamazenta|def|2
|
|upkeep
|turn|14
|
|t:|1769304753
|-end|p1a: Great Tusk|Protosynthesis|[silent]
|switch|p1a: Gholdengo|Gholdengo|100/100
|-item|p1a: Gholdengo|Air Balloon
|move|p2a: Zamazenta|Iron Defense|p2a: Zamazenta
|-boost|p2a: Zamazenta|def|2
|
|upkeep
|turn|15
|
|t:|1769304759
|move|p2a: Zamazenta|Rest|p2a: Zamazenta
|-status|p2a: Zamazenta|slp|[from] move: Rest
|-heal|p2a: Zamazenta|100/100 slp|[silent]
|-enditem|p2a: Zamazenta|Chesto Berry|[eat]
|-curestatus|p2a: Zamazenta|slp|[msg]
|move|p1a: Gholdengo|Shadow Ball|p2a: Zamazenta
|-damage|p2a: Zamazenta|76/100
|
|upkeep
|turn|16
|
|t:|1769304762
|move|p2a: Zamazenta|Crunch|p1a: Gholdengo
|-supereffective|p1a: Gholdengo
|-damage|p1a: Gholdengo|57/100
|-unboost|p1a: Gholdengo|def|1
|-enditem|p1a: Gholdengo|Air Balloon
|move|p1a: Gholdengo|Nasty Plot|p1a: Gholdengo
|-boost|p1a: Gholdengo|spa|2
|
|upkeep
|turn|17
|
|t:|1769304766
|move|p2a: Zamazenta|Crunch|p1a: Gholdengo
|-supereffective|p1a: Gholdengo
|-damage|p1a: Gholdengo|0 fnt
|faint|p1a: Gholdengo
|
|upkeep
|
|t:|1769304778
|switch|p1a: Ceruledge|Ceruledge, M, shiny|100/100
|turn|18
|
|t:|1769304781
|move|p2a: Zamazenta|Crunch|p1a: Ceruledge
|-supereffective|p1a: Ceruledge
|-damage|p1a: Ceruledge|40/100
|-ability|p1a: Ceruledge|Weak Armor|boost
|-unboost|p1a: Ceruledge|def|1
|-boost|p1a: Ceruledge|spe|2
|move|p1a: Ceruledge|Swords Dance|p1a: Ceruledge
|-boost|p1a: Ceruledge|atk|2
|
|upkeep
|turn|19
|
|t:|1769304787
|move|p1a: Ceruledge|Bitter Blade|p2a: Zamazenta
|-damage|p2a: Zamazenta|52/100
|-heal|p1a: Ceruledge|56/100|[from] drain|[of] p2a: Zamazenta
|move|p2a: Zamazenta|Crunch|p1a: Ceruledge
|-supereffective|p1a: Ceruledge
|-crit|p1a: Ceruledge
|-damage|p1a: Ceruledge|0 fnt
|faint|p1a: Ceruledge
|
|upkeep
|
|t:|1769304790
|switch|p1a: Great Tusk|Great Tusk|98/100
|turn|20
|
|t:|1769304792
|move|p2a: Zamazenta|Body Press|p1a: Great Tusk
|-damage|p1a: Great Tusk|17/100
|move|p1a: Great Tusk|Headlong Rush|p2a: Zamazenta
|-damage|p2a: Zamazenta|37/100
|-unboost|p1a: Great Tusk|def|1
|-unboost|p1a: Great Tusk|spd|1
|
|upkeep
|turn|21
|
|t:|1769304794
|move|p2a: Zamazenta|Body Press|p1a: Great Tusk
|-damage|p1a: Great Tusk|0 fnt
|faint|p1a: Great Tusk
|-end|p1a: Great Tusk|Protosynthesis|[silent]
|
|win|Lascarr
|raw|UnitedDank's rating: 1519 &rarr; <strong>1496</strong><br />(-23 for losing)
|raw|Lascarr's rating: 1465 &rarr; <strong>1488</strong><br />(+23 for winning)
|l|☆UnitedDank
|player|p1|
|j|☆UnitedDank
|player|p1|UnitedDank|youngn|
|l|☆Lascarr
|player|p2|
