|j|☆Auburn Hills
|j|☆CambridgeFoulPlay
|t:|1769380461
|gametype|singles
|player|p1|Auburn Hills|alder|1814
|player|p2|CambridgeFoulPlay|266|1897
|gen|9
|tier|[Gen 9] OU
|rated|
|rule|HP Percentage Mod: HP is shown in percentages
|rule|Endless Battle Clause: Forcing endless battles is banned
|rule|Species Clause: Limit one of each Pokémon
|rule|OHKO Clause: OHKO moves are banned
|rule|Evasion Items Clause: Evasion items are banned
|rule|Evasion Moves Clause: Evasion moves are banned
|rule|Evasion Abilities Clause: Evasion abilities are banned
|rule|Sleep Moves Clause: Sleep-inducing moves are banned
|clearpoke
|poke|p1|Iron Moth|
|poke|p1|Umbreon, F|
|poke|p1|Garchomp, M|
|poke|p1|Glimmora, F|
|poke|p1|Gholdengo|
|poke|p1|Dragonite, M|
|poke|p2|Hydrapple, M|
|poke|p2|Tyranitar, F|
|poke|p2|Moltres|
|poke|p2|Zamazenta-*|
|poke|p2|Slowking-Galar, F|
|poke|p2|Excadrill, F|
|teampreview
|
|t:|1769380464
|teamsize|p1|6
|teamsize|p2|6
|start
|switch|p1a: Rat Tally|Garchomp, M|100/100
|switch|p2a: Tyranitar|Tyranitar, F|100/100
|-weather|Sandstorm|[from] ability: Sand Stream|[of] p2a: Tyranitar
|turn|1
|c|☆CambridgeFoulPlay|hf
|inactive|Battle timer is ON: inactive players will automatically lose when time's up. (requested by CambridgeFoulPlay)
|
|t:|1769380469
|-terastallize|p1a: Rat Tally|Electric
|move|p1a: Rat Tally|Earthquake|p2a: Tyranitar
|-supereffective|p2a: Tyranitar
|-damage|p2a: Tyranitar|22/100
|move|p2a: Tyranitar|Ice Beam|p1a: Rat Tally
|-damage|p1a: Rat Tally|77/100
|
|-weather|Sandstorm|[upkeep]
|-damage|p1a: Rat Tally|71/100|[from] Sandstorm
|upkeep
|turn|2
|
|t:|1769380474
|switch|p2a: Excadrill|Excadrill, F|100/100
|-item|p2a: Excadrill|Air Balloon
|move|p1a: Rat Tally|Scale Shot|p2a: Excadrill
|-resisted|p2a: Excadrill
|-damage|p2a: Excadrill|91/100
|-enditem|p2a: Excadrill|Air Balloon
|-resisted|p2a: Excadrill
|-damage|p2a: Excadrill|83/100
|-resisted|p2a: Excadrill
|-damage|p2a: Excadrill|73/100
|-resisted|p2a: Excadrill
|-damage|p2a: Excadrill|64/100
|-hitcount|p2a: Excadrill|4
|-unboost|p1a: Rat Tally|def|1
|-boost|p1a: Rat Tally|spe|1
|
|-weather|Sandstorm|[upkeep]
|-damage|p1a: Rat Tally|65/100|[from] Sandstorm
|upkeep
|turn|3
|
|t:|1769380476
|switch|p1a: Elucid|Dragonite, M|100/100
|move|p2a: Excadrill|Earthquake|p1a: Elucid
|-immune|p1a: Elucid
|
|-weather|Sandstorm|[upkeep]
|-damage|p1a: Elucid|94/100|[from] Sandstorm
|upkeep
|turn|4
|
|t:|1769380478
|move|p2a: Excadrill|Iron Head|p1a: Elucid
|-damage|p1a: Elucid|46/100
|cant|p1a: Elucid|flinch
|
|-weather|Sandstorm|[upkeep]
|-damage|p1a: Elucid|40/100|[from] Sandstorm
|upkeep
|turn|5
|
|t:|1769380491
|move|p1a: Elucid|Extreme Speed|p2a: Excadrill
|-resisted|p2a: Excadrill
|-damage|p2a: Excadrill|40/100
|move|p2a: Excadrill|Iron Head|p1a: Elucid
|-damage|p1a: Elucid|0 fnt
|faint|p1a: Elucid
|
|-weather|Sandstorm|[upkeep]
|upkeep
|
|t:|1769380497
|switch|p1a: Julia Jacklin|Glimmora, F|100/100
|turn|6
|
|t:|1769380499
|move|p2a: Excadrill|Earthquake|p1a: Julia Jacklin
|-supereffective|p1a: Julia Jacklin
|-enditem|p1a: Julia Jacklin|Focus Sash
|-damage|p1a: Julia Jacklin|1/100
|-activate|p1a: Julia Jacklin|ability: Toxic Debris
|-sidestart|p2: CambridgeFoulPlay|move: Toxic Spikes
|move|p1a: Julia Jacklin|Earth Power|p2a: Excadrill
|-supereffective|p2a: Excadrill
|-damage|p2a: Excadrill|0 fnt
|faint|p2a: Excadrill
|
|-weather|Sandstorm|[upkeep]
|upkeep
|
|t:|1769380503
|switch|p2a: Slowking|Slowking-Galar, F|100/100
|-sideend|p2: CambridgeFoulPlay|move: Toxic Spikes|[of] p2a: Slowking
|turn|7
|
|t:|1769380512
|switch|p1a: Alvvays|Umbreon, F|100/100
|move|p2a: Slowking|Flamethrower|p1a: Alvvays
|-damage|p1a: Alvvays|89/100
|-status|p1a: Alvvays|brn
|
|-weather|Sandstorm|[upkeep]
|-damage|p1a: Alvvays|83/100 brn|[from] Sandstorm
|-damage|p2a: Slowking|94/100|[from] Sandstorm
|-heal|p1a: Alvvays|89/100 brn|[from] item: Leftovers
|-damage|p1a: Alvvays|83/100 brn|[from] brn
|upkeep
|turn|8
|
|t:|1769380516
|switch|p2a: Hydrapple|Hydrapple, M|100/100
|move|p1a: Alvvays|Thunder Wave|p2a: Hydrapple
|-status|p2a: Hydrapple|par
|
|-weather|none
|-heal|p1a: Alvvays|89/100 brn|[from] item: Leftovers
|-damage|p1a: Alvvays|83/100 brn|[from] brn
|upkeep
|turn|9
|
|t:|1769380525
|switch|p1a: Julia Jacklin|Glimmora, F|1/100
|cant|p2a: Hydrapple|par
|
|upkeep
|turn|10
|
|t:|1769380530
|switch|p2a: Zamazenta|Zamazenta|100/100
|-ability|p2a: Zamazenta|Dauntless Shield|boost
|-boost|p2a: Zamazenta|def|1
|move|p1a: Julia Jacklin|Sludge Wave|p2a: Zamazenta
|-damage|p2a: Zamazenta|52/100
|
|-heal|p2a: Zamazenta|59/100|[from] item: Leftovers
|upkeep
|turn|11
|
|t:|1769380533
|switch|p1a: Smino|Gholdengo|100/100
|move|p2a: Zamazenta|Crunch|p1a: Smino
|-supereffective|p1a: Smino
|-damage|p1a: Smino|58/100
|
|-heal|p2a: Zamazenta|65/100|[from] item: Leftovers
|upkeep
|turn|12
|
|t:|1769380537
|move|p1a: Smino|Trick|p2a: Zamazenta
|-activate|p1a: Smino|move: Trick|[of] p2a: Zamazenta
|-item|p2a: Zamazenta|Choice Scarf|[from] move: Trick
|-item|p1a: Smino|Leftovers|[from] move: Trick
|move|p2a: Zamazenta|Crunch|p1a: Smino
|-supereffective|p1a: Smino
|-damage|p1a: Smino|14/100
|-unboost|p1a: Smino|def|1
|
|-heal|p1a: Smino|20/100|[from] item: Leftovers
|upkeep
|turn|13
|
|t:|1769380540
|switch|p1a: Alvvays|Umbreon, F|83/100 brn
|move|p2a: Zamazenta|Crunch|p1a: Alvvays
|-resisted|p1a: Alvvays
|-damage|p1a: Alvvays|75/100 brn
|
|-heal|p1a: Alvvays|81/100 brn|[from] item: Leftovers
|-damage|p1a: Alvvays|75/100 brn|[from] brn
|upkeep
|turn|14
|
|t:|1769380544
|switch|p2a: Hydrapple|Hydrapple, M|100/100 par
|switch|p1a: Julia Jacklin|Glimmora, F|1/100
|
|upkeep
|turn|15
|
|t:|1769380547
|switch|p2a: Slowking|Slowking-Galar, F|100/100
|move|p1a: Julia Jacklin|Stealth Rock|p2a: Slowking
|-sidestart|p2: CambridgeFoulPlay|move: Stealth Rock
|
|upkeep
|turn|16
|
|t:|1769380549
|switch|p1a: Alvvays|Umbreon, F|75/100 brn
|move|p2a: Slowking|Flamethrower|p1a: Alvvays
|-damage|p1a: Alvvays|63/100 brn
|
|-heal|p1a: Alvvays|69/100 brn|[from] item: Leftovers
|-damage|p1a: Alvvays|63/100 brn|[from] brn
|upkeep
|turn|17
|
|t:|1769380551
|switch|p2a: Hydrapple|Hydrapple, M|100/100 par
|move|p1a: Alvvays|Wish|p1a: Alvvays
|
|-heal|p1a: Alvvays|69/100 brn|[from] item: Leftovers
|-damage|p1a: Alvvays|63/100 brn|[from] brn
|upkeep
|turn|18
|
|t:|1769380563
|move|p1a: Alvvays|Wish||[still]
|-fail|p1a: Alvvays
|move|p2a: Hydrapple|Earth Power|p1a: Alvvays
|-damage|p1a: Alvvays|49/100 brn
|
|-heal|p1a: Alvvays|99/100 brn|[from] move: Wish|[wisher] Alvvays
|-heal|p1a: Alvvays|100/100 brn|[from] item: Leftovers
|-damage|p1a: Alvvays|94/100 brn|[from] brn
|upkeep
|turn|19
|
|t:|1769380566
|switch|p1a: Rat Tally|Garchomp, M, tera:Electric|65/100
|move|p2a: Hydrapple|Earth Power|p1a: Rat Tally
|-supereffective|p1a: Rat Tally
|-damage|p1a: Rat Tally|4/100
|
|upkeep
|turn|20
|
|t:|1769380569
|switch|p2a: Tyranitar|Tyranitar, F|22/100
|-damage|p2a: Tyranitar|9/100|[from] Stealth Rock
|-weather|Sandstorm|[from] ability: Sand Stream|[of] p2a: Tyranitar
|move|p1a: Rat Tally|Scale Shot|p2a: Tyranitar
|-damage|p2a: Tyranitar|0 fnt
|faint|p2a: Tyranitar
|-hitcount|p2: Tyranitar|1
|-unboost|p1a: Rat Tally|def|1
|-boost|p1a: Rat Tally|spe|1
|
|-weather|Sandstorm|[upkeep]
|-damage|p1a: Rat Tally|0 fnt|[from] Sandstorm
|faint|p1a: Rat Tally
|upkeep
|
|t:|1769380573
|switch|p1a: Julia Jacklin|Glimmora, F|1/100
|switch|p2a: Zamazenta|Zamazenta|65/100
|-damage|p2a: Zamazenta|59/100|[from] Stealth Rock
|turn|21
|
|t:|1769380577
|switch|p1a: Alvvays|Umbreon, F|94/100 brn
|move|p2a: Zamazenta|Crunch|p1a: Alvvays
|-resisted|p1a: Alvvays
|-damage|p1a: Alvvays|85/100 brn
|-unboost|p1a: Alvvays|def|1
|
|-weather|Sandstorm|[upkeep]
|-damage|p2a: Zamazenta|52/100|[from] Sandstorm
|-damage|p1a: Alvvays|79/100 brn|[from] Sandstorm
|-heal|p1a: Alvvays|85/100 brn|[from] item: Leftovers
|-damage|p1a: Alvvays|79/100 brn|[from] brn
|upkeep
|turn|22
|
|t:|1769380584
|switch|p1a: Julia Jacklin|Glimmora, F|1/100
|move|p2a: Zamazenta|Crunch|p1a: Julia Jacklin
|-damage|p1a: Julia Jacklin|0 fnt
|-activate|p1a: Julia Jacklin|ability: Toxic Debris
|-sidestart|p2: CambridgeFoulPlay|move: Toxic Spikes
|faint|p1a: Julia Jacklin
|
|-weather|Sandstorm|[upkeep]
|-damage|p2a: Zamazenta|46/100|[from] Sandstorm
|upkeep
|
|t:|1769380587
|switch|p1a: Carly Rae|Iron Moth|100/100
|-enditem|p1a: Carly Rae|Booster Energy
|-activate|p1a: Carly Rae|ability: Quark Drive|[fromitem]
|-start|p1a: Carly Rae|quarkdrivespe
|turn|23
|
|t:|1769380590
|switch|p2a: Slowking|Slowking-Galar, F|100/100
|-damage|p2a: Slowking|88/100|[from] Stealth Rock
|-sideend|p2: CambridgeFoulPlay|move: Toxic Spikes|[of] p2a: Slowking
|move|p1a: Carly Rae|Fiery Dance|p2a: Slowking
|-damage|p2a: Slowking|67/100
|
|-weather|Sandstorm|[upkeep]
|-damage|p1a: Carly Rae|95/100|[from] Sandstorm
|-damage|p2a: Slowking|61/100|[from] Sandstorm
|upkeep
|turn|24
|
|t:|1769380593
|-end|p1a: Carly Rae|Quark Drive|[silent]
|switch|p1a: Alvvays|Umbreon, F|79/100 brn
|move|p2a: Slowking|Psyshock|p1a: Alvvays
|-immune|p1a: Alvvays
|
|-weather|Sandstorm|[upkeep]
|-damage|p1a: Alvvays|73/100 brn|[from] Sandstorm
|-damage|p2a: Slowking|54/100|[from] Sandstorm
|-heal|p1a: Alvvays|79/100 brn|[from] item: Leftovers
|-damage|p1a: Alvvays|73/100 brn|[from] brn
|upkeep
|turn|25
|
|t:|1769380597
|switch|p1a: Smino|Gholdengo|20/100
|switch|p2a: Hydrapple|Hydrapple, M|100/100 par
|
|-weather|Sandstorm|[upkeep]
|-damage|p2a: Hydrapple|94/100 par|[from] Sandstorm
|-heal|p1a: Smino|26/100|[from] item: Leftovers
|upkeep
|turn|26
|
|t:|1769380601
|move|p1a: Smino|Make It Rain|p2a: Hydrapple
|-damage|p2a: Hydrapple|24/100 par
|-unboost|p1a: Smino|spa|1
|move|p2a: Hydrapple|Earth Power|p1a: Smino
|-supereffective|p1a: Smino
|-damage|p1a: Smino|0 fnt
|faint|p1a: Smino
|
|-weather|Sandstorm|[upkeep]
|-damage|p2a: Hydrapple|18/100 par|[from] Sandstorm
|upkeep
|
|t:|1769380605
|switch|p1a: Carly Rae|Iron Moth|95/100
|turn|27
|
|t:|1769380608
|switch|p2a: Slowking|Slowking-Galar, F|88/100
|-damage|p2a: Slowking|75/100|[from] Stealth Rock
|move|p1a: Carly Rae|Fiery Dance|p2a: Slowking
|-damage|p2a: Slowking|55/100
|
|-weather|none
|upkeep
|turn|28
|
|t:|1769380611
|move|p1a: Carly Rae|Fiery Dance|p2a: Slowking
|-damage|p2a: Slowking|32/100
|-boost|p1a: Carly Rae|spa|1
|move|p2a: Slowking|Psyshock|p1a: Carly Rae
|-supereffective|p1a: Carly Rae
|-damage|p1a: Carly Rae|9/100
|
|upkeep
|turn|29
|
|t:|1769380622
|move|p1a: Carly Rae|Fiery Dance|p2a: Slowking
|-damage|p2a: Slowking|0 fnt
|faint|p2a: Slowking
|
|upkeep
|
|t:|1769380624
|switch|p2a: Zamazenta|Zamazenta|46/100
|-damage|p2a: Zamazenta|40/100|[from] Stealth Rock
|turn|30
|
|t:|1769380627
|-end|p1a: Carly Rae|Quark Drive|[silent]
|switch|p1a: Alvvays|Umbreon, F|73/100 brn
|move|p2a: Zamazenta|Body Press|p1a: Alvvays
|-supereffective|p1a: Alvvays
|-damage|p1a: Alvvays|12/100 brn
|
|-heal|p1a: Alvvays|18/100 brn|[from] item: Leftovers
|-damage|p1a: Alvvays|12/100 brn|[from] brn
|upkeep
|turn|31
|-message|Auburn Hills forfeited.
|
|win|CambridgeFoulPlay
|raw|Auburn Hills's rating: 1814 &rarr; <strong>1799</strong><br />(-15 for losing)
|raw|CambridgeFoulPlay's rating: 1897 &rarr; <strong>1912</strong><br />(+15 for winning)
|c|☆CambridgeFoulPlay|gg
|l|☆Auburn Hills
|player|p1|
|l|☆CambridgeFoulPlay
|player|p2|
