|j|☆Aggrhy
|j|☆WumboMumboJumbo
|t:|1769363716
|gametype|singles
|player|p1|Aggrhy|red-masters|1444
|player|p2|WumboMumboJumbo|265|1391
|gen|9
|tier|[Gen 9] OU
|rated|
|rule|HP Percentage Mod: HP is shown in percentages
|rule|Endless Battle Clause: Forcing endless battles is banned
|rule|Species Clause: Limit one of each Pokémon
|rule|OHKO Clause: OHKO moves are banned
|rule|Evasion Items Clause: Evasion items are banned
|rule|Evasion Moves Clause: Evasion moves are banned
|rule|Evasion Abilities Clause: Evasion abilities are banned
|rule|Sleep Moves Clause: Sleep-inducing moves are banned
|clearpoke
|poke|p1|Iron Hands|
|poke|p1|Arboliva, F|
|poke|p1|Clefable, F|
|poke|p1|Polteageist-Antique|
|poke|p1|Indeedee, M|
|poke|p1|Corviknight, F|
|poke|p2|Great Tusk|
|poke|p2|Kingambit, M|
|poke|p2|Garganacl, M|
|poke|p2|Iron Valiant|
|poke|p2|Rotom-Wash|
|poke|p2|Gholdengo|
|teampreview
|inactive|Battle timer is ON: inactive players will automatically lose when time's up. (requested by Aggrhy)
|
|t:|1769363730
|teamsize|p1|6
|teamsize|p2|6
|start
|switch|p1a: Arboliva|Arboliva, F|100/100
|switch|p2a: Rotom|Rotom-Wash|100/100
|turn|1
|
|t:|1769363737
|move|p2a: Rotom|Volt Switch|p1a: Arboliva
|-resisted|p1a: Arboliva
|-damage|p1a: Arboliva|93/100
|-fieldstart|move: Grassy Terrain|[from] ability: Seed Sower|[of] p1a: Arboliva
|
|t:|1769363742
|switch|p2a: Gholdengo|Gholdengo|100/100|[from] Volt Switch
|move|p1a: Arboliva|Giga Drain|p2a: Gholdengo
|-resisted|p2a: Gholdengo
|-damage|p2a: Gholdengo|74/100
|-heal|p1a: Arboliva|100/100|[from] drain|[of] p2a: Gholdengo
|
|-heal|p2a: Gholdengo|80/100|[from] Grassy Terrain
|upkeep
|turn|2
|
|t:|1769363753
|move|p2a: Gholdengo|Nasty Plot|p2a: Gholdengo
|-boost|p2a: Gholdengo|spa|2
|move|p1a: Arboliva|Earth Power|p2a: Gholdengo
|-supereffective|p2a: Gholdengo
|-damage|p2a: Gholdengo|9/100
|
|-heal|p2a: Gholdengo|15/100|[from] Grassy Terrain
|upkeep
|turn|3
|
|t:|1769363763
|move|p2a: Gholdengo|Make It Rain|p1a: Arboliva
|-damage|p1a: Arboliva|26/100
|-unboost|p2a: Gholdengo|spa|1
|move|p1a: Arboliva|Earth Power|p2a: Gholdengo
|-supereffective|p2a: Gholdengo
|-damage|p2a: Gholdengo|0 fnt
|faint|p2a: Gholdengo
|
|-heal|p1a: Arboliva|32/100|[from] Grassy Terrain
|upkeep
|
|t:|1769363769
|switch|p2a: Iron Valiant|Iron Valiant|100/100
|turn|4
|
|t:|1769363780
|switch|p1a: Corviknight|Corviknight, F|100/100
|-ability|p1a: Corviknight|Pressure
|move|p2a: Iron Valiant|Moonblast|p1a: Corviknight
|-resisted|p1a: Corviknight
|-damage|p1a: Corviknight|70/100
|
|upkeep
|turn|5
|
|t:|1769363789
|-end|p2a: Iron Valiant|Quark Drive|[silent]
|switch|p2a: Rotom|Rotom-Wash|100/100
|move|p1a: Corviknight|Light Screen|p1a: Corviknight
|-sidestart|p1: Aggrhy|move: Light Screen
|
|-fieldend|move: Grassy Terrain
|upkeep
|turn|6
|
|t:|1769363796
|move|p2a: Rotom|Trick|p1a: Corviknight
|-activate|p2a: Rotom|move: Trick|[of] p1a: Corviknight
|-item|p1a: Corviknight|Choice Scarf|[from] move: Trick
|-item|p2a: Rotom|Light Clay|[from] move: Trick
|move|p1a: Corviknight|Reflect|p1a: Corviknight
|-sidestart|p1: Aggrhy|Reflect
|
|upkeep
|turn|7
|
|t:|1769363805
|switch|p1a: Arboliva|Arboliva, F|32/100
|move|p2a: Rotom|Will-O-Wisp|p1a: Arboliva
|-status|p1a: Arboliva|brn
|
|-damage|p1a: Arboliva|26/100 brn|[from] brn
|upkeep
|turn|8
|
|t:|1769363814
|move|p2a: Rotom|Volt Switch|p1a: Arboliva
|-resisted|p1a: Arboliva
|-damage|p1a: Arboliva|22/100 brn
|-fieldstart|move: Grassy Terrain|[from] ability: Seed Sower|[of] p1a: Arboliva
|
|t:|1769363817
|switch|p2a: Kingambit|Kingambit, M|100/100|[from] Volt Switch
|-activate|p2a: Kingambit|ability: Supreme Overlord
|-start|p2a: Kingambit|fallen1|[silent]
|move|p1a: Arboliva|Giga Drain|p2a: Kingambit
|-resisted|p2a: Kingambit
|-damage|p2a: Kingambit|69/100
|-heal|p1a: Arboliva|40/100 brn|[from] drain|[of] p2a: Kingambit
|
|-heal|p2a: Kingambit|75/100|[from] Grassy Terrain
|-heal|p2a: Kingambit|81/100|[from] item: Leftovers
|-heal|p1a: Arboliva|47/100 brn|[from] Grassy Terrain
|-damage|p1a: Arboliva|40/100 brn|[from] brn
|upkeep
|turn|9
|
|t:|1769363834
|move|p2a: Kingambit|Kowtow Cleave|p1a: Arboliva
|-damage|p1a: Arboliva|6/100 brn
|move|p1a: Arboliva|Earth Power|p2a: Kingambit
|-supereffective|p2a: Kingambit
|-damage|p2a: Kingambit|8/100
|
|-heal|p2a: Kingambit|14/100|[from] Grassy Terrain
|-heal|p2a: Kingambit|20/100|[from] item: Leftovers
|-heal|p1a: Arboliva|12/100 brn|[from] Grassy Terrain
|-damage|p1a: Arboliva|6/100 brn|[from] brn
|upkeep
|turn|10
|
|t:|1769363847
|move|p2a: Kingambit|Kowtow Cleave|p1a: Arboliva
|-damage|p1a: Arboliva|0 fnt
|faint|p1a: Arboliva
|
|-heal|p2a: Kingambit|26/100|[from] Grassy Terrain
|-heal|p2a: Kingambit|32/100|[from] item: Leftovers
|-sideend|p1: Aggrhy|Reflect
|upkeep
|inactive|Aggrhy has 120 seconds left.
|
|t:|1769363869
|switch|p1a: Indeedee|Indeedee, M|100/100
|-fieldstart|move: Psychic Terrain|[from] ability: Psychic Surge|[of] p1a: Indeedee
|turn|11
|
|t:|1769363876
|move|p1a: Indeedee|Healing Wish|p1a: Indeedee
|faint|p1a: Indeedee
|move|p2a: Kingambit|Kowtow Cleave|p1: Indeedee|[notarget]
|-fail|p2a: Kingambit
|
|-heal|p2a: Kingambit|38/100|[from] item: Leftovers
|upkeep
|
|t:|1769363884
|switch|p1a: Polteageist|Polteageist-Antique|100/100
|turn|12
|
|t:|1769363888
|-terastallize|p1a: Polteageist|Fighting
|move|p1a: Polteageist|Tera Blast|p2a: Kingambit|[anim] Tera Blast Fighting
|-supereffective|p2a: Kingambit
|-damage|p2a: Kingambit|0 fnt
|faint|p2a: Kingambit
|-end|p2a: Kingambit|fallen1|[silent]
|
|-sideend|p1: Aggrhy|move: Light Screen
|upkeep
|
|t:|1769363894
|switch|p2a: Iron Valiant|Iron Valiant|100/100
|turn|13
|
|t:|1769363904
|move|p2a: Iron Valiant|Moonblast|p1a: Polteageist
|-supereffective|p1a: Polteageist
|-enditem|p1a: Polteageist|Focus Sash
|-damage|p1a: Polteageist|1/100
|-unboost|p1a: Polteageist|spa|1
|move|p1a: Polteageist|Shadow Ball|p2a: Iron Valiant
|-damage|p2a: Iron Valiant|47/100
|
|upkeep
|turn|14
|
|t:|1769363919
|switch|p1a: Clefable|Clefable, F|100/100
|move|p2a: Iron Valiant|Moonblast|p1a: Clefable
|-damage|p1a: Clefable|37/100
|
|upkeep
|turn|15
|
|t:|1769363927
|move|p2a: Iron Valiant|Moonblast|p1a: Clefable
|-damage|p1a: Clefable|0 fnt
|faint|p1a: Clefable
|
|upkeep
|
|t:|1769363935
|switch|p1a: Polteageist|Polteageist-Antique, tera:Fighting|1/100
|-heal|p1a: Polteageist|100/100|[from] move: Healing Wish
|turn|16
|
|t:|1769363940
|switch|p1a: Corviknight|Corviknight, F|70/100
|-ability|p1a: Corviknight|Pressure
|move|p2a: Iron Valiant|Moonblast|p1a: Corviknight
|-resisted|p1a: Corviknight
|-damage|p1a: Corviknight|40/100
|-unboost|p1a: Corviknight|spa|1
|
|upkeep
|turn|17
|
|t:|1769363951
|-end|p2a: Iron Valiant|Quark Drive|[silent]
|switch|p2a: Rotom|Rotom-Wash|100/100
|move|p1a: Corviknight|Light Screen|p1a: Corviknight
|-sidestart|p1: Aggrhy|move: Light Screen
|
|upkeep
|turn|18
|
|t:|1769363961
|switch|p1a: Polteageist|Polteageist-Antique, tera:Fighting|100/100
|move|p2a: Rotom|Volt Switch|p1a: Polteageist
|-damage|p1a: Polteageist|86/100
|
|t:|1769363966
|switch|p2a: Iron Valiant|Iron Valiant|47/100|[from] Volt Switch
|
|-fieldend|move: Psychic Terrain
|upkeep
|turn|19
|
|t:|1769363972
|move|p2a: Iron Valiant|Moonblast|p1a: Polteageist
|-supereffective|p1a: Polteageist
|-damage|p1a: Polteageist|0 fnt
|faint|p1a: Polteageist
|
|upkeep
|
|t:|1769363978
|switch|p1a: Iron Hands|Iron Hands|100/100
|turn|20
|
|t:|1769363982
|-end|p2a: Iron Valiant|Quark Drive|[silent]
|switch|p2a: Great Tusk|Great Tusk|100/100
|move|p1a: Iron Hands|Supercell Slam|p2a: Great Tusk
|-immune|p2a: Great Tusk
|-damage|p1a: Iron Hands|50/100|[from] supercellslam
|
|upkeep
|turn|21
|-message|Aggrhy forfeited.
|
|win|WumboMumboJumbo
|raw|Aggrhy's rating: 1444 &rarr; <strong>1421</strong><br />(-23 for losing)
|raw|WumboMumboJumbo's rating: 1391 &rarr; <strong>1414</strong><br />(+23 for winning)
|l|☆Aggrhy
|player|p1|
|l|☆WumboMumboJumbo
|player|p2|
