|j|☆planetninex
|j|☆Breezy55
|t:|1769324475
|gametype|singles
|player|p1|planetninex|101|1194
|player|p2|Breezy55|265|1144
|gen|9
|tier|[Gen 9] OU
|rated|
|rule|HP Percentage Mod: HP is shown in percentages
|rule|Endless Battle Clause: Forcing endless battles is banned
|rule|Species Clause: Limit one of each Pokémon
|rule|OHKO Clause: OHKO moves are banned
|rule|Evasion Items Clause: Evasion items are banned
|rule|Evasion Moves Clause: Evasion moves are banned
|rule|Evasion Abilities Clause: Evasion abilities are banned
|rule|Sleep Moves Clause: Sleep-inducing moves are banned
|clearpoke
|poke|p1|Pelipper, F|
|poke|p1|Hatterene, F|
|poke|p1|Iron Treads|
|poke|p1|Toxicroak, F|
|poke|p1|Barraskewda, F|
|poke|p1|Zapdos|
|poke|p2|Hitmonchan, M|
|poke|p2|Mew|
|poke|p2|Deoxys-Speed|
|poke|p2|Raging Bolt|
|poke|p2|Landorus-Therian, M|
|poke|p2|Iron Valiant|
|teampreview
|inactive|Battle timer is ON: inactive players will automatically lose when time's up. (requested by planetninex)
|
|t:|1769324490
|teamsize|p1|6
|teamsize|p2|6
|start
|switch|p1a: Pelipper|Pelipper, F|100/100
|switch|p2a: Mew|Mew|100/100
|-weather|RainDance|[from] ability: Drizzle|[of] p1a: Pelipper
|turn|1
|
|t:|1769324499
|move|p2a: Mew|Psychic Noise|p1a: Pelipper
|-damage|p1a: Pelipper|71/100
|-start|p1a: Pelipper|move: Heal Block
|move|p1a: Pelipper|U-turn|p2a: Mew
|-supereffective|p2a: Mew
|-damage|p2a: Mew|83/100
|
|t:|1769324509
|switch|p1a: Barraskewda|Barraskewda, F|100/100|[from] U-turn
|
|-weather|RainDance|[upkeep]
|-heal|p2a: Mew|90/100|[from] item: Leftovers
|upkeep
|turn|2
|
|t:|1769324517
|-terastallize|p1a: Barraskewda|Water
|move|p1a: Barraskewda|Flip Turn|p2a: Mew
|-damage|p2a: Mew|0 fnt
|faint|p2a: Mew
|
|t:|1769324527
|switch|p1a: Iron Treads|Iron Treads|100/100|[from] Flip Turn
|
|-weather|RainDance|[upkeep]
|upkeep
|
|t:|1769324532
|switch|p2a: Landorus|Landorus-Therian, M|100/100
|-ability|p2a: Landorus|Intimidate|boost
|-unboost|p1a: Iron Treads|atk|1
|turn|3
|
|t:|1769324556
|-end|p1a: Iron Treads|Quark Drive|[silent]
|switch|p1a: Hatterene|Hatterene, F|100/100
|move|p2a: Landorus|Earth Power|p1a: Hatterene
|-damage|p1a: Hatterene|67/100
|-enditem|p1a: Hatterene|Eject Button
|
|t:|1769324560
|switch|p1a: Barraskewda|Barraskewda, F, tera:Water|100/100
|
|-weather|RainDance|[upkeep]
|upkeep
|turn|4
|
|t:|1769324567
|-terastallize|p2a: Landorus|Water
|move|p1a: Barraskewda|Flip Turn|p2a: Landorus
|-resisted|p2a: Landorus
|-damage|p2a: Landorus|55/100
|-damage|p1a: Barraskewda|84/100|[from] item: Rocky Helmet|[of] p2a: Landorus
|
|t:|1769324574
|switch|p1a: Zapdos|Zapdos|100/100|[from] Flip Turn
|move|p2a: Landorus|Earth Power|p1a: Zapdos
|-immune|p1a: Zapdos
|
|-weather|RainDance|[upkeep]
|upkeep
|turn|5
|
|t:|1769324581
|switch|p2a: Raging Bolt|Raging Bolt|100/100
|-enditem|p2a: Raging Bolt|Booster Energy
|-activate|p2a: Raging Bolt|ability: Protosynthesis|[fromitem]
|-start|p2a: Raging Bolt|protosynthesisspa
|move|p1a: Zapdos|Volt Switch|p2a: Raging Bolt
|-resisted|p2a: Raging Bolt
|-damage|p2a: Raging Bolt|87/100
|
|t:|1769324599
|switch|p1a: Iron Treads|Iron Treads|100/100|[from] Volt Switch
|
|-weather|RainDance|[upkeep]
|upkeep
|turn|6
|
|t:|1769324606
|-end|p2a: Raging Bolt|Protosynthesis|[silent]
|switch|p2a: Landorus|Landorus-Therian, M, tera:Water|55/100
|-ability|p2a: Landorus|Intimidate|boost
|-unboost|p1a: Iron Treads|atk|1
|move|p1a: Iron Treads|Earthquake|p2a: Landorus
|-damage|p2a: Landorus|32/100
|
|-weather|RainDance|[upkeep]
|upkeep
|turn|7
|
|t:|1769324617
|-end|p1a: Iron Treads|Quark Drive|[silent]
|switch|p1a: Zapdos|Zapdos|100/100
|move|p2a: Landorus|Earth Power|p1a: Zapdos
|-immune|p1a: Zapdos
|
|-weather|RainDance|[upkeep]
|upkeep
|turn|8
|
|t:|1769324623
|move|p1a: Zapdos|Volt Switch|p2a: Landorus
|-supereffective|p2a: Landorus
|-damage|p2a: Landorus|0 fnt
|faint|p2a: Landorus
|
|t:|1769324631
|switch|p1a: Barraskewda|Barraskewda, F, tera:Water|84/100|[from] Volt Switch
|
|-weather|none
|upkeep
|
|t:|1769324635
|switch|p2a: Raging Bolt|Raging Bolt|87/100
|turn|9
|
|t:|1769324638
|switch|p1a: Iron Treads|Iron Treads|100/100
|move|p2a: Raging Bolt|Dragon Pulse|p1a: Iron Treads
|-resisted|p1a: Iron Treads
|-damage|p1a: Iron Treads|80/100
|
|-heal|p1a: Iron Treads|86/100|[from] item: Leftovers
|upkeep
|turn|10
|
|t:|1769324646
|-end|p2a: Raging Bolt|Protosynthesis|[silent]
|switch|p2a: Hitmonchan|Hitmonchan, M|100/100
|move|p1a: Iron Treads|Earthquake|p2a: Hitmonchan
|-damage|p2a: Hitmonchan|50/100
|
|-heal|p1a: Iron Treads|92/100|[from] item: Leftovers
|upkeep
|turn|11
|
|t:|1769324654
|-end|p1a: Iron Treads|Quark Drive|[silent]
|switch|p1a: Hatterene|Hatterene, F|67/100
|move|p2a: Hitmonchan|Drain Punch|p1a: Hatterene
|-resisted|p1a: Hatterene
|-damage|p1a: Hatterene|57/100
|-heal|p2a: Hitmonchan|56/100|[from] drain|[of] p1a: Hatterene
|
|upkeep
|turn|12
|-message|Breezy55 forfeited.
|
|win|planetninex
|raw|planetninex's rating: 1194 &rarr; <strong>1215</strong><br />(+21 for winning)
|raw|Breezy55's rating: 1144 &rarr; <strong>1123</strong><br />(-21 for losing)
|l|☆Breezy55
|player|p2|
|l|☆planetninex
|player|p1|
