|j|☆fuhfyjddhh
|j|☆MacNchee
|t:|1769371791
|gametype|singles
|player|p1|fuhfyjddhh|policeman-gen4|1483
|player|p2|MacNchee|blackbelt-gen4dp|1447
|gen|9
|tier|[Gen 9] OU
|rated|
|rule|HP Percentage Mod: HP is shown in percentages
|rule|Endless Battle Clause: Forcing endless battles is banned
|rule|Species Clause: Limit one of each Pokémon
|rule|OHKO Clause: OHKO moves are banned
|rule|Evasion Items Clause: Evasion items are banned
|rule|Evasion Moves Clause: Evasion moves are banned
|rule|Evasion Abilities Clause: Evasion abilities are banned
|rule|Sleep Moves Clause: Sleep-inducing moves are banned
|clearpoke
|poke|p1|Cinderace, F|
|poke|p1|Alomomola, M|
|poke|p1|Great Tusk|
|poke|p1|Iron Valiant|
|poke|p1|Pecharunt|
|poke|p1|Ogerpon-Wellspring, F|
|poke|p2|Great Tusk|
|poke|p2|Pecharunt|
|poke|p2|Iron Valiant|
|poke|p2|Iron Crown|
|poke|p2|Samurott-Hisui, M|
|poke|p2|Dragonite, M|
|teampreview
|
|t:|1769371813
|teamsize|p1|6
|teamsize|p2|6
|start
|switch|p1a: Ogerpon|Ogerpon-Wellspring, F|100/100
|switch|p2a: Iron Valiant|Iron Valiant, shiny|100/100
|turn|1
|
|t:|1769371829
|move|p2a: Iron Valiant|Shadow Ball|p1a: Ogerpon
|-damage|p1a: Ogerpon|57/100
|move|p1a: Ogerpon|Ivy Cudgel|p2a: Iron Valiant|[anim] Ivy Cudgel Water
|-damage|p2a: Iron Valiant|26/100
|
|upkeep
|turn|2
|
|t:|1769371837
|-end|p2a: Iron Valiant|Quark Drive|[silent]
|switch|p2a: Pecharunt|Pecharunt|100/100
|move|p1a: Ogerpon|Ivy Cudgel|p2a: Pecharunt|[anim] Ivy Cudgel Water
|-damage|p2a: Pecharunt|75/100
|
|upkeep
|turn|3
|inactive|Battle timer is ON: inactive players will automatically lose when time's up. (requested by MacNchee)
|
|t:|1769371847
|switch|p1a: Pecharunt|Pecharunt|100/100
|move|p2a: Pecharunt|Malignant Chain|p1a: Pecharunt
|-resisted|p1a: Pecharunt
|-damage|p1a: Pecharunt|93/100
|
|upkeep
|turn|4
|
|t:|1769371854
|move|p1a: Pecharunt|Parting Shot|p2a: Pecharunt
|-unboost|p2a: Pecharunt|atk|1
|-unboost|p2a: Pecharunt|spa|1
|
|t:|1769371863
|switch|p1a: Alomomola|Alomomola, M|100/100|[from] Parting Shot
|move|p2a: Pecharunt|Parting Shot|p1a: Alomomola
|-unboost|p1a: Alomomola|atk|1
|-unboost|p1a: Alomomola|spa|1
|
|t:|1769371892
|switch|p2a: Iron Valiant|Iron Valiant, shiny|26/100|[from] Parting Shot
|
|upkeep
|turn|5
|
|t:|1769371913
|move|p2a: Iron Valiant|Thunderbolt|p1a: Alomomola
|-supereffective|p1a: Alomomola
|-damage|p1a: Alomomola|53/100
|move|p1a: Alomomola|Mirror Coat|p2a: Iron Valiant
|-damage|p2a: Iron Valiant|0 fnt
|faint|p2a: Iron Valiant
|-end|p2a: Iron Valiant|Quark Drive|[silent]
|
|upkeep
|
|t:|1769371921
|switch|p2a: Pecharunt|Pecharunt|75/100
|turn|6
|
|t:|1769371925
|move|p2a: Pecharunt|Malignant Chain|p1a: Alomomola
|-damage|p1a: Alomomola|35/100
|-status|p1a: Alomomola|tox
|-start|p1a: Alomomola|confusion|[from] ability: Poison Puppeteer|[of] p2a: Pecharunt
|-activate|p1a: Alomomola|confusion
|-damage|p1a: Alomomola|32/100 tox|[from] confusion
|
|-damage|p1a: Alomomola|26/100 tox|[from] psn
|upkeep
|turn|7
|
|t:|1769371936
|switch|p1a: Pecharunt|Pecharunt|93/100
|move|p2a: Pecharunt|Parting Shot|p1a: Pecharunt
|-unboost|p1a: Pecharunt|atk|1
|-unboost|p1a: Pecharunt|spa|1
|
|t:|1769371940
|switch|p2a: Samurott|Samurott-Hisui, M, shiny|100/100|[from] Parting Shot
|
|upkeep
|turn|8
|
|t:|1769371943
|move|p2a: Samurott|Knock Off|p1a: Pecharunt
|-supereffective|p1a: Pecharunt
|-damage|p1a: Pecharunt|34/100
|-damage|p2a: Samurott|84/100|[from] item: Rocky Helmet|[of] p1a: Pecharunt
|-enditem|p1a: Pecharunt|Rocky Helmet|[from] move: Knock Off|[of] p2a: Samurott
|move|p1a: Pecharunt|Malignant Chain|p2a: Samurott
|-damage|p2a: Samurott|55/100
|
|upkeep
|turn|9
|
|t:|1769371953
|-terastallize|p1a: Pecharunt|Dark
|move|p2a: Samurott|Ceaseless Edge|p1a: Pecharunt
|-resisted|p1a: Pecharunt
|-damage|p1a: Pecharunt|21/100
|-sidestart|p1: fuhfyjddhh|Spikes
|move|p1a: Pecharunt|Recover|p1a: Pecharunt
|-heal|p1a: Pecharunt|71/100
|
|upkeep
|turn|10
|
|t:|1769371959
|move|p2a: Samurott|Flip Turn|p1a: Pecharunt
|-damage|p1a: Pecharunt|56/100
|
|t:|1769371965
|switch|p2a: Great Tusk|Great Tusk, shiny|100/100|[from] Flip Turn
|move|p1a: Pecharunt|Malignant Chain|p2a: Great Tusk
|-resisted|p2a: Great Tusk
|-damage|p2a: Great Tusk|86/100
|-status|p2a: Great Tusk|tox
|-start|p2a: Great Tusk|confusion|[from] ability: Poison Puppeteer|[of] p1a: Pecharunt
|
|-damage|p2a: Great Tusk|80/100 tox|[from] psn
|upkeep
|turn|11
|
|t:|1769371971
|-activate|p2a: Great Tusk|confusion
|move|p2a: Great Tusk|Stealth Rock|p1a: Pecharunt
|-sidestart|p1: fuhfyjddhh|move: Stealth Rock
|move|p1a: Pecharunt|Recover|p1a: Pecharunt
|-heal|p1a: Pecharunt|100/100
|
|-damage|p2a: Great Tusk|67/100 tox|[from] psn
|upkeep
|turn|12
|
|t:|1769371986
|-end|p2a: Great Tusk|Protosynthesis|[silent]
|switch|p2a: Pecharunt|Pecharunt|75/100
|move|p1a: Pecharunt|Foul Play|p2a: Pecharunt
|-supereffective|p2a: Pecharunt
|-damage|p2a: Pecharunt|54/100
|-damage|p1a: Pecharunt|84/100|[from] item: Rocky Helmet|[of] p2a: Pecharunt
|
|upkeep
|turn|13
|
|t:|1769371993
|switch|p1a: Alomomola|Alomomola, M|59/100 tox
|-damage|p1a: Alomomola|47/100 tox|[from] Spikes
|-damage|p1a: Alomomola|34/100 tox|[from] Stealth Rock
|move|p2a: Pecharunt|Recover|p2a: Pecharunt
|-heal|p2a: Pecharunt|100/100
|
|-damage|p1a: Alomomola|28/100 tox|[from] psn
|upkeep
|turn|14
|
|t:|1769371999
|move|p2a: Pecharunt|Malignant Chain|p1a: Alomomola
|-crit|p1a: Alomomola
|-damage|p1a: Alomomola|1/100 tox
|move|p1a: Alomomola|Flip Turn|p2a: Pecharunt
|-damage|p2a: Pecharunt|92/100
|-damage|p1a: Alomomola|0 fnt|[from] item: Rocky Helmet|[of] p2a: Pecharunt
|faint|p1a: Alomomola
|
|upkeep
|
|t:|1769372007
|switch|p1a: Iron Valiant|Iron Valiant|100/100
|-damage|p1a: Iron Valiant|88/100|[from] Spikes
|-damage|p1a: Iron Valiant|82/100|[from] Stealth Rock
|turn|15
|
|t:|1769372017
|move|p1a: Iron Valiant|Shadow Ball|p2a: Pecharunt
|-supereffective|p2a: Pecharunt
|-damage|p2a: Pecharunt|16/100
|move|p2a: Pecharunt|Malignant Chain|p1a: Iron Valiant
|-supereffective|p1a: Iron Valiant
|-damage|p1a: Iron Valiant|0 fnt
|faint|p1a: Iron Valiant
|-end|p1a: Iron Valiant|Quark Drive|[silent]
|
|upkeep
|
|t:|1769372024
|switch|p1a: Great Tusk|Great Tusk|100/100
|-damage|p1a: Great Tusk|88/100|[from] Spikes
|-damage|p1a: Great Tusk|85/100|[from] Stealth Rock
|-enditem|p1a: Great Tusk|Booster Energy
|-activate|p1a: Great Tusk|ability: Protosynthesis|[fromitem]
|-start|p1a: Great Tusk|protosynthesisspe
|turn|16
|
|t:|1769372028
|move|p1a: Great Tusk|Headlong Rush|p2a: Pecharunt
|-supereffective|p2a: Pecharunt
|-damage|p2a: Pecharunt|0 fnt
|-unboost|p1a: Great Tusk|def|1
|-unboost|p1a: Great Tusk|spd|1
|-damage|p1a: Great Tusk|68/100|[from] item: Rocky Helmet|[of] p2a: Pecharunt
|faint|p2a: Pecharunt
|
|upkeep
|
|t:|1769372036
|switch|p2a: Dragonite|Dragonite, M, shiny|100/100
|turn|17
|
|t:|1769372038
|move|p1a: Great Tusk|Rapid Spin|p2a: Dragonite
|-damage|p2a: Dragonite|92/100
|-boost|p1a: Great Tusk|spe|1
|-sideend|p1: fuhfyjddhh|Spikes|[from] move: Rapid Spin|[of] p1a: Great Tusk
|-sideend|p1: fuhfyjddhh|Stealth Rock|[from] move: Rapid Spin|[of] p1a: Great Tusk
|move|p2a: Dragonite|Dragon Dance|p2a: Dragonite
|-boost|p2a: Dragonite|atk|1
|-boost|p2a: Dragonite|spe|1
|
|upkeep
|turn|18
|
|t:|1769372056
|-terastallize|p2a: Dragonite|Flying
|move|p1a: Great Tusk|Stone Edge|p2a: Dragonite
|-supereffective|p2a: Dragonite
|-damage|p2a: Dragonite|22/100
|move|p2a: Dragonite|Tera Blast|p1a: Great Tusk|[anim] Tera Blast Flying
|-supereffective|p1a: Great Tusk
|-damage|p1a: Great Tusk|0 fnt
|faint|p1a: Great Tusk
|-end|p1a: Great Tusk|Protosynthesis|[silent]
|
|upkeep
|
|t:|1769372062
|switch|p1a: Cinderace|Cinderace, F|100/100
|turn|19
|
|t:|1769372066
|move|p1a: Cinderace|Sucker Punch||[still]
|-fail|p1a: Cinderace
|move|p2a: Dragonite|Roost|p2a: Dragonite
|-heal|p2a: Dragonite|72/100
|-hint|If a Terastallized Pokemon uses Roost, it remains Flying-type.
|
|upkeep
|turn|20
|
|t:|1769372070
|switch|p1a: Pecharunt|Pecharunt, tera:Dark|84/100
|move|p2a: Dragonite|Roost|p2a: Dragonite
|-heal|p2a: Dragonite|100/100
|-hint|If a Terastallized Pokemon uses Roost, it remains Flying-type.
|
|upkeep
|turn|21
|
|t:|1769372079
|move|p2a: Dragonite|Dragon Dance|p2a: Dragonite
|-boost|p2a: Dragonite|atk|1
|-boost|p2a: Dragonite|spe|1
|move|p1a: Pecharunt|Malignant Chain|p2a: Dragonite
|-damage|p2a: Dragonite|85/100
|-status|p2a: Dragonite|tox
|-start|p2a: Dragonite|confusion|[from] ability: Poison Puppeteer|[of] p1a: Pecharunt
|
|-damage|p2a: Dragonite|79/100 tox|[from] psn
|upkeep
|turn|22
|
|t:|1769372085
|-activate|p2a: Dragonite|confusion
|move|p2a: Dragonite|Tera Blast|p1a: Pecharunt|[anim] Tera Blast Flying
|-damage|p1a: Pecharunt|30/100
|move|p1a: Pecharunt|Recover|p1a: Pecharunt
|-heal|p1a: Pecharunt|80/100
|
|-damage|p2a: Dragonite|66/100 tox|[from] psn
|upkeep
|turn|23
|
|t:|1769372093
|switch|p2a: Great Tusk|Great Tusk, shiny|67/100 tox
|move|p1a: Pecharunt|Foul Play|p2a: Great Tusk
|-resisted|p2a: Great Tusk
|-damage|p2a: Great Tusk|49/100 tox
|
|-damage|p2a: Great Tusk|43/100 tox|[from] psn
|upkeep
|turn|24
|
|t:|1769372096
|switch|p1a: Ogerpon|Ogerpon-Wellspring, F|57/100
|move|p2a: Great Tusk|Stealth Rock|p1a: Ogerpon
|-sidestart|p1: fuhfyjddhh|move: Stealth Rock
|
|-damage|p2a: Great Tusk|30/100 tox|[from] psn
|upkeep
|turn|25
|
|t:|1769372103
|move|p1a: Ogerpon|Ivy Cudgel|p2a: Great Tusk|[anim] Ivy Cudgel Water
|-supereffective|p2a: Great Tusk
|-damage|p2a: Great Tusk|0 fnt
|faint|p2a: Great Tusk
|-end|p2a: Great Tusk|Protosynthesis|[silent]
|
|upkeep
|
|t:|1769372106
|switch|p2a: Iron Crown|Iron Crown|100/100
|turn|26
|
|t:|1769372116
|move|p1a: Ogerpon|Ivy Cudgel|p2a: Iron Crown|[anim] Ivy Cudgel Water
|-damage|p2a: Iron Crown|43/100
|move|p2a: Iron Crown|Future Sight|p1a: Ogerpon
|-start|p2a: Iron Crown|move: Future Sight
|
|upkeep
|turn|27
|
|t:|1769372120
|move|p1a: Ogerpon|Ivy Cudgel|p2a: Iron Crown|[anim] Ivy Cudgel Water
|-damage|p2a: Iron Crown|0 fnt
|faint|p2a: Iron Crown
|-end|p2a: Iron Crown|Quark Drive|[silent]
|
|upkeep
|
|t:|1769372124
|switch|p2a: Samurott|Samurott-Hisui, M, shiny|55/100
|turn|28
|
|t:|1769372126
|switch|p1a: Pecharunt|Pecharunt, tera:Dark|80/100
|-damage|p1a: Pecharunt|67/100|[from] Stealth Rock
|move|p2a: Samurott|Ceaseless Edge|p1a: Pecharunt
|-resisted|p1a: Pecharunt
|-damage|p1a: Pecharunt|54/100
|-sidestart|p1: fuhfyjddhh|Spikes
|
|-end|p1a: Pecharunt|move: Future Sight
|-immune|p1a: Pecharunt
|upkeep
|turn|29
|
|t:|1769372132
|move|p2a: Samurott|Flip Turn|p1a: Pecharunt
|-damage|p1a: Pecharunt|40/100
|
|t:|1769372135
|switch|p2a: Dragonite|Dragonite, M, shiny, tera:Flying|66/100 tox|[from] Flip Turn
|move|p1a: Pecharunt|Recover|p1a: Pecharunt
|-heal|p1a: Pecharunt|90/100
|
|-damage|p2a: Dragonite|60/100 tox|[from] psn
|upkeep
|turn|30
|
|t:|1769372144
|move|p2a: Dragonite|Dragon Dance|p2a: Dragonite
|-boost|p2a: Dragonite|atk|1
|-boost|p2a: Dragonite|spe|1
|move|p1a: Pecharunt|Foul Play|p2a: Dragonite
|-damage|p2a: Dragonite|0 fnt
|faint|p2a: Dragonite
|
|upkeep
|
|t:|1769372146
|switch|p2a: Samurott|Samurott-Hisui, M, shiny|55/100
|turn|31
|
|t:|1769372150
|move|p2a: Samurott|Flip Turn|p1a: Pecharunt
|-damage|p1a: Pecharunt|75/100
|move|p1a: Pecharunt|Malignant Chain|p2a: Samurott
|-damage|p2a: Samurott|11/100
|
|upkeep
|turn|32
|c|☆fuhfyjddhh|gg
|
|t:|1769372165
|move|p2a: Samurott|Flip Turn|p1a: Pecharunt
|-damage|p1a: Pecharunt|60/100
|move|p1a: Pecharunt|Foul Play|p2a: Samurott
|-resisted|p2a: Samurott
|-damage|p2a: Samurott|0 fnt
|faint|p2a: Samurott
|
|win|fuhfyjddhh
|raw|fuhfyjddhh's rating: 1483 &rarr; <strong>1501</strong><br />(+18 for winning)
|raw|MacNchee's rating: 1447 &rarr; <strong>1429</strong><br />(-18 for losing)
|l|☆MacNchee
|player|p2|
