|j|‽hisohisokurione
|j|☆Mota popu
|t:|1769326179
|gametype|singles
|player|p1|hisohisokurione|backersf|1152
|player|p2|Mota popu|red|1183
|gen|9
|tier|[Gen 9] OU
|rated|
|rule|HP Percentage Mod: HP is shown in percentages
|rule|Endless Battle Clause: Forcing endless battles is banned
|rule|Species Clause: Limit one of each Pokémon
|rule|OHKO Clause: OHKO moves are banned
|rule|Evasion Items Clause: Evasion items are banned
|rule|Evasion Moves Clause: Evasion moves are banned
|rule|Evasion Abilities Clause: Evasion abilities are banned
|rule|Sleep Moves Clause: Sleep-inducing moves are banned
|clearpoke
|poke|p1|Registeel|
|poke|p1|Sunkern, M|
|poke|p1|Dragapult, F|
|poke|p1|Torkoal, M|
|poke|p1|Mew|
|poke|p1|Pecharunt|
|poke|p2|Hydrapple, F|
|poke|p2|Tinkaton, F|
|poke|p2|Moltres|
|poke|p2|Rotom-Wash|
|poke|p2|Great Tusk|
|poke|p2|Darkrai|
|teampreview
|inactive|Battle timer is ON: inactive players will automatically lose when time's up. (requested by Mota popu)
|
|t:|1769326196
|teamsize|p1|6
|teamsize|p2|6
|start
|switch|p1a: Torkoal|Torkoal, M|100/100
|switch|p2a: Hydrapple|Hydrapple, F|100/100
|-weather|SunnyDay|[from] ability: Drought|[of] p1a: Torkoal
|turn|1
|
|t:|1769326220
|-terastallize|p2a: Hydrapple|Fairy
|move|p2a: Hydrapple|Earth Power|p1a: Torkoal
|-supereffective|p1a: Torkoal
|-damage|p1a: Torkoal|31/100
|move|p1a: Torkoal|Stealth Rock|p2a: Hydrapple
|-sidestart|p2: Mota popu|move: Stealth Rock
|
|-weather|SunnyDay|[upkeep]
|upkeep
|turn|2
|
|t:|1769326235
|switch|p1a: Pecharunt|Pecharunt|100/100
|move|p2a: Hydrapple|Earth Power|p1a: Pecharunt
|-supereffective|p1a: Pecharunt
|-damage|p1a: Pecharunt|31/100
|
|-weather|SunnyDay|[upkeep]
|-heal|p1a: Pecharunt|37/100|[from] item: Black Sludge
|upkeep
|turn|3
|inactive|Mota popu has 120 seconds left.
|
|t:|1769326263
|switch|p2a: Great Tusk|Great Tusk|100/100
|-activate|p2a: Great Tusk|ability: Protosynthesis
|-start|p2a: Great Tusk|protosynthesisatk
|move|p1a: Pecharunt|Malignant Chain|p2a: Great Tusk
|-resisted|p2a: Great Tusk
|-damage|p2a: Great Tusk|77/100
|
|-weather|SunnyDay|[upkeep]
|-heal|p1a: Pecharunt|43/100|[from] item: Black Sludge
|upkeep
|turn|4
|inactive|Mota popu has 120 seconds left.
|
|t:|1769326276
|switch|p1a: Registeel|Registeel|100/100
|move|p2a: Great Tusk|Knock Off|p1a: Registeel
|-damage|p1a: Registeel|71/100
|-enditem|p1a: Registeel|Leftovers|[from] move: Knock Off|[of] p2a: Great Tusk
|
|-weather|SunnyDay|[upkeep]
|upkeep
|turn|5
|inactive|Mota popu has 120 seconds left.
|
|t:|1769326287
|move|p2a: Great Tusk|Headlong Rush|p1a: Registeel
|-supereffective|p1a: Registeel
|-crit|p1a: Registeel
|-damage|p1a: Registeel|0 fnt
|-unboost|p2a: Great Tusk|def|1
|-unboost|p2a: Great Tusk|spd|1
|faint|p1a: Registeel
|
|-weather|none
|-end|p2a: Great Tusk|Protosynthesis
|upkeep
|
|t:|1769326295
|switch|p1a: Dragapult|Dragapult, F|100/100
|turn|6
|inactive|Mota popu has 120 seconds left.
|
|t:|1769326315
|move|p2a: Great Tusk|Ice Spinner|p1a: Dragapult
|-supereffective|p1a: Dragapult
|-damage|p1a: Dragapult|29/100
|move|p1a: Dragapult|Dragon Tail|p2a: Great Tusk
|-damage|p2a: Great Tusk|44/100
|-end|p2a: Great Tusk|Protosynthesis|[silent]
|drag|p2a: Tinkaton|Tinkaton, F|100/100
|-damage|p2a: Tinkaton|94/100|[from] Stealth Rock
|-ability|p2a: Tinkaton|Mold Breaker
|
|-heal|p2a: Tinkaton|100/100|[from] item: Leftovers
|upkeep
|turn|7
|inactive|Mota popu has 120 seconds left.
|inactive|Mota popu has 90 seconds left.
|
|t:|1769326368
|switch|p1a: Mew|Mew|100/100
|move|p2a: Tinkaton|Knock Off|p1a: Mew
|-supereffective|p1a: Mew
|-crit|p1a: Mew
|-damage|p1a: Mew|44/100
|-enditem|p1a: Mew|Loaded Dice|[from] move: Knock Off|[of] p2a: Tinkaton
|
|upkeep
|turn|8
|
|t:|1769326385
|switch|p1a: Torkoal|Torkoal, M|31/100
|-weather|SunnyDay|[from] ability: Drought|[of] p1a: Torkoal
|move|p2a: Tinkaton|Knock Off|p1a: Torkoal
|-damage|p1a: Torkoal|20/100
|-enditem|p1a: Torkoal|Eject Pack|[from] move: Knock Off|[of] p2a: Tinkaton
|
|-weather|SunnyDay|[upkeep]
|upkeep
|turn|9
|inactive|Mota popu has 60 seconds left.
|inactive|Mota popu has 30 seconds left.
|inactive|Mota popu has 20 seconds left.
|inactive|Mota popu has 15 seconds left.
|
|t:|1769326453
|move|p2a: Tinkaton|Gigaton Hammer|p1a: Torkoal
|-resisted|p1a: Torkoal
|-damage|p1a: Torkoal|7/100
|move|p1a: Torkoal|Overheat|p2a: Tinkaton|[miss]
|-miss|p1a: Torkoal|p2a: Tinkaton
|
|-weather|SunnyDay|[upkeep]
|upkeep
|turn|10
|inactive|Mota popu has 25 seconds left this turn.
|inactive|Mota popu has 20 seconds left.
|inactive|Mota popu has 15 seconds left.
|
|t:|1769326467
|switch|p1a: Dragapult|Dragapult, F|29/100
|move|p2a: Tinkaton|Knock Off|p1a: Dragapult
|-supereffective|p1a: Dragapult
|-damage|p1a: Dragapult|0 fnt
|-enditem|p1a: Dragapult|Heavy-Duty Boots|[from] move: Knock Off|[of] p2a: Tinkaton
|faint|p1a: Dragapult
|
|-weather|SunnyDay|[upkeep]
|upkeep
|
|t:|1769326476
|switch|p1a: Pecharunt|Pecharunt|43/100
|turn|11
|inactive|Mota popu has 30 seconds left this turn.
|inactive|Mota popu has 20 seconds left.
|
|t:|1769326488
|move|p2a: Tinkaton|Knock Off|p1a: Pecharunt
|-supereffective|p1a: Pecharunt
|-damage|p1a: Pecharunt|17/100
|-enditem|p1a: Pecharunt|Black Sludge|[from] move: Knock Off|[of] p2a: Tinkaton
|move|p1a: Pecharunt|Destiny Bond|p1a: Pecharunt
|-singlemove|p1a: Pecharunt|Destiny Bond
|
|-weather|SunnyDay|[upkeep]
|upkeep
|turn|12
|inactive|Mota popu has 30 seconds left this turn.
|inactive|Mota popu has 20 seconds left.
|inactive|Mota popu has 15 seconds left.
|
|t:|1769326505
|move|p2a: Tinkaton|Stealth Rock|p1a: Pecharunt
|-sidestart|p1: hisohisokurione|move: Stealth Rock
|move|p1a: Pecharunt|Malignant Chain|p2a: Tinkaton
|-immune|p2a: Tinkaton
|
|-weather|none
|upkeep
|turn|13
|inactive|Mota popu has 25 seconds left this turn.
|inactive|Mota popu has 20 seconds left.
|
|t:|1769326516
|move|p2a: Tinkaton|Stealth Rock||[still]
|-fail|p2a: Tinkaton
|move|p1a: Pecharunt|Recover|p1a: Pecharunt
|-heal|p1a: Pecharunt|67/100
|
|upkeep
|turn|14
|inactive|Mota popu has 30 seconds left this turn.
|
|t:|1769326524
|move|p2a: Tinkaton|Gigaton Hammer|p1a: Pecharunt
|-damage|p1a: Pecharunt|39/100
|move|p1a: Pecharunt|Destiny Bond|p1a: Pecharunt
|-singlemove|p1a: Pecharunt|Destiny Bond
|
|upkeep
|turn|15
|inactive|Mota popu has 30 seconds left.
|
|t:|1769326534
|move|p2a: Tinkaton|Knock Off|p1a: Pecharunt
|-supereffective|p1a: Pecharunt
|-damage|p1a: Pecharunt|22/100
|move|p1a: Pecharunt|Foul Play|p2a: Tinkaton
|-resisted|p2a: Tinkaton
|-damage|p2a: Tinkaton|91/100
|
|-heal|p2a: Tinkaton|97/100|[from] item: Leftovers
|upkeep
|turn|16
|
|t:|1769326544
|move|p2a: Tinkaton|Gigaton Hammer|p1a: Pecharunt
|-damage|p1a: Pecharunt|0 fnt
|faint|p1a: Pecharunt
|
|-heal|p2a: Tinkaton|100/100|[from] item: Leftovers
|upkeep
|
|t:|1769326552
|switch|p1a: Mew|Mew|44/100
|-damage|p1a: Mew|32/100|[from] Stealth Rock
|turn|17
|
|t:|1769326566
|move|p2a: Tinkaton|Knock Off|p1a: Mew
|-supereffective|p1a: Mew
|-damage|p1a: Mew|9/100
|move|p1a: Mew|Bullet Seed|p2a: Tinkaton
|-resisted|p2a: Tinkaton
|-damage|p2a: Tinkaton|96/100
|-resisted|p2a: Tinkaton
|-damage|p2a: Tinkaton|91/100
|-hitcount|p2a: Tinkaton|2
|
|-heal|p2a: Tinkaton|98/100|[from] item: Leftovers
|upkeep
|turn|18
|
|t:|1769326582
|move|p2a: Tinkaton|Knock Off|p1a: Mew
|-supereffective|p1a: Mew
|-damage|p1a: Mew|0 fnt
|faint|p1a: Mew
|
|-heal|p2a: Tinkaton|100/100|[from] item: Leftovers
|upkeep
|
|t:|1769326587
|switch|p1a: Torkoal|Torkoal, M|7/100
|-damage|p1a: Torkoal|0 fnt|[from] Stealth Rock
|faint|p1a: Torkoal
|
|t:|1769326591
|switch|p1a: Sunkern|Sunkern, M|100/100
|-damage|p1a: Sunkern|88/100|[from] Stealth Rock
|turn|19
|
|t:|1769326600
|move|p2a: Tinkaton|Gigaton Hammer|p1a: Sunkern
|-damage|p1a: Sunkern|0 fnt
|faint|p1a: Sunkern
|
|win|Mota popu
|raw|hisohisokurione's rating: 1152 &rarr; <strong>1129</strong><br />(-23 for losing)
|raw|Mota popu's rating: 1183 &rarr; <strong>1206</strong><br />(+23 for winning)
|l|‽hisohisokurione
|player|p1|
|l|☆Mota popu
|player|p2|
