|j|☆siroperation
|j|☆Luisao
|t:|1769351476
|gametype|singles
|player|p1|siroperation|102|1482
|player|p2|Luisao|169|1469
|gen|9
|tier|[Gen 9] OU
|rated|
|rule|HP Percentage Mod: HP is shown in percentages
|rule|Endless Battle Clause: Forcing endless battles is banned
|rule|Species Clause: Limit one of each Pokémon
|rule|OHKO Clause: OHKO moves are banned
|rule|Evasion Items Clause: Evasion items are banned
|rule|Evasion Moves Clause: Evasion moves are banned
|rule|Evasion Abilities Clause: Evasion abilities are banned
|rule|Sleep Moves Clause: Sleep-inducing moves are banned
|clearpoke
|poke|p1|Registeel|
|poke|p1|Great Tusk|
|poke|p1|Hatterene, F|
|poke|p1|Tornadus-Therian, M|
|poke|p1|Alomomola, F|
|poke|p1|Dragapult, M|
|poke|p2|Dragonite, M|
|poke|p2|Serperior, F|
|poke|p2|Donphan, M|
|poke|p2|Medicham, M|
|poke|p2|Scizor, M|
|poke|p2|Gengar, M|
|teampreview
|inactive|Battle timer is ON: inactive players will automatically lose when time's up. (requested by Luisao)
|
|t:|1769351486
|teamsize|p1|6
|teamsize|p2|6
|start
|switch|p1a: Registeel|Registeel|100/100
|switch|p2a: Gengar|Gengar, M, shiny|100/100
|turn|1
|
|t:|1769351501
|move|p2a: Gengar|Nasty Plot|p2a: Gengar
|-boost|p2a: Gengar|spa|2
|move|p1a: Registeel|Stealth Rock|p2a: Gengar
|-sidestart|p2: Luisao|move: Stealth Rock
|
|upkeep
|turn|2
|
|t:|1769351519
|move|p2a: Gengar|Shadow Ball|p1a: Registeel
|-damage|p1a: Registeel|58/100
|move|p1a: Registeel|Flash Cannon|p2a: Gengar
|-damage|p2a: Gengar|70/100
|-start|p1a: Registeel|Disable|Flash Cannon|[from] ability: Cursed Body|[of] p2a: Gengar
|
|-heal|p1a: Registeel|64/100|[from] item: Leftovers
|upkeep
|turn|3
|
|t:|1769351532
|switch|p1a: Alomomola|Alomomola, F|100/100
|move|p2a: Gengar|Shadow Ball|p1a: Alomomola
|-damage|p1a: Alomomola|52/100
|
|upkeep
|turn|4
|
|t:|1769351543
|move|p2a: Gengar|Sludge Wave|p1a: Alomomola
|-damage|p1a: Alomomola|0 fnt
|faint|p1a: Alomomola
|
|upkeep
|
|t:|1769351545
|switch|p1a: Dragapult|Dragapult, M|100/100
|turn|5
|
|t:|1769351557
|move|p1a: Dragapult|Shadow Ball|p2a: Gengar
|-supereffective|p2a: Gengar
|-crit|p2a: Gengar
|-damage|p2a: Gengar|0 fnt
|-start|p1a: Dragapult|Disable|Shadow Ball|[from] ability: Cursed Body|[of] p2a: Gengar
|faint|p2a: Gengar
|
|upkeep
|
|t:|1769351564
|switch|p2a: Medicham|Medicham, M, shiny|100/100
|-damage|p2a: Medicham|94/100|[from] Stealth Rock
|turn|6
|
|t:|1769351574
|switch|p1a: Hatterene|Hatterene, F|100/100
|move|p2a: Medicham|Ice Punch|p1a: Hatterene
|-damage|p1a: Hatterene|65/100
|-damage|p2a: Medicham|78/100|[from] item: Rocky Helmet|[of] p1a: Hatterene
|-damage|p2a: Medicham|68/100|[from] item: Life Orb
|
|upkeep
|turn|7
|
|t:|1769351584
|move|p2a: Medicham|Bullet Punch|p1a: Hatterene
|-supereffective|p1a: Hatterene
|-damage|p1a: Hatterene|26/100
|-damage|p2a: Medicham|52/100|[from] item: Rocky Helmet|[of] p1a: Hatterene
|-damage|p2a: Medicham|42/100|[from] item: Life Orb
|move|p1a: Hatterene|Draining Kiss|p2a: Medicham
|-supereffective|p2a: Medicham
|-damage|p2a: Medicham|0 fnt
|-heal|p1a: Hatterene|52/100|[from] drain|[of] p2a: Medicham
|faint|p2a: Medicham
|
|upkeep
|
|t:|1769351596
|switch|p2a: Scizor|Scizor, M|100/100
|-damage|p2a: Scizor|88/100|[from] Stealth Rock
|turn|8
|inactive|siroperation has 120 seconds left.
|
|t:|1769351646
|move|p2a: Scizor|Swords Dance|p2a: Scizor
|-boost|p2a: Scizor|atk|2
|move|p1a: Hatterene|Nuzzle|p2a: Scizor
|-damage|p2a: Scizor|84/100
|-status|p2a: Scizor|par
|
|upkeep
|turn|9
|inactive|siroperation has 90 seconds left.
|
|t:|1769351683
|move|p2a: Scizor|Bullet Punch|p1a: Hatterene
|-supereffective|p1a: Hatterene
|-damage|p1a: Hatterene|0 fnt
|-damage|p2a: Scizor|68/100 par|[from] item: Rocky Helmet|[of] p1a: Hatterene
|faint|p1a: Hatterene
|-damage|p2a: Scizor|58/100 par|[from] item: Life Orb
|
|upkeep
|inactive|siroperation has 60 seconds left.
|
|t:|1769351719
|switch|p1a: Tornadus|Tornadus-Therian, M|100/100
|turn|10
|
|t:|1769351722
|cant|p2a: Scizor|par
|move|p1a: Tornadus|Hurricane|p2a: Scizor
|-damage|p2a: Scizor|0 fnt
|faint|p2a: Scizor
|
|upkeep
|
|t:|1769351729
|switch|p2a: Donphan|Donphan, M|100/100
|-damage|p2a: Donphan|94/100|[from] Stealth Rock
|turn|11
|inactive|siroperation has 60 seconds left.
|
|t:|1769351752
|switch|p1a: Dragapult|Dragapult, M|100/100
|move|p2a: Donphan|Rapid Spin|p1a: Dragapult
|-immune|p1a: Dragapult
|
|-heal|p2a: Donphan|100/100|[from] item: Leftovers
|upkeep
|turn|12
|
|t:|1769351760
|move|p1a: Dragapult|Draco Meteor|p2a: Donphan|[miss]
|-miss|p1a: Dragapult|p2a: Donphan
|move|p2a: Donphan|Earthquake|p1a: Dragapult
|-damage|p1a: Dragapult|28/100
|
|upkeep
|turn|13
|inactive|siroperation has 60 seconds left.
|
|t:|1769351783
|move|p2a: Donphan|Ice Shard|p1a: Dragapult
|-supereffective|p1a: Dragapult
|-damage|p1a: Dragapult|0 fnt
|faint|p1a: Dragapult
|
|upkeep
|
|t:|1769351789
|switch|p1a: Great Tusk|Great Tusk|100/100
|turn|14
|
|t:|1769351793
|move|p1a: Great Tusk|Ice Spinner|p2a: Donphan
|-supereffective|p2a: Donphan
|-damage|p2a: Donphan|37/100
|move|p2a: Donphan|Rapid Spin|p1a: Great Tusk
|-crit|p1a: Great Tusk
|-damage|p1a: Great Tusk|80/100
|-boost|p2a: Donphan|spe|1
|-sideend|p2: Luisao|Stealth Rock|[from] move: Rapid Spin|[of] p2a: Donphan
|
|-heal|p2a: Donphan|43/100|[from] item: Leftovers
|upkeep
|turn|15
|
|t:|1769351804
|move|p1a: Great Tusk|Ice Spinner|p2a: Donphan
|-supereffective|p2a: Donphan
|-damage|p2a: Donphan|0 fnt
|faint|p2a: Donphan
|
|upkeep
|
|t:|1769351827
|switch|p2a: Serperior|Serperior, F, shiny|100/100
|turn|16
|
|t:|1769351838
|-end|p1a: Great Tusk|Protosynthesis|[silent]
|switch|p1a: Registeel|Registeel|64/100
|move|p2a: Serperior|Leaf Storm|p1a: Registeel|[miss]
|-miss|p2a: Serperior|p1a: Registeel
|
|-heal|p1a: Registeel|70/100|[from] item: Leftovers
|upkeep
|turn|17
|
|t:|1769351855
|move|p2a: Serperior|Leaf Storm|p1a: Registeel
|-resisted|p1a: Registeel
|-damage|p1a: Registeel|58/100
|-boost|p2a: Serperior|spa|2
|move|p1a: Registeel|Gravity|p1a: Registeel
|-fieldstart|move: Gravity
|
|-heal|p1a: Registeel|64/100|[from] item: Leftovers
|upkeep
|turn|18
|
|t:|1769351865
|move|p2a: Serperior|Leaf Storm|p1a: Registeel
|-resisted|p1a: Registeel
|-damage|p1a: Registeel|40/100
|-boost|p2a: Serperior|spa|2
|move|p1a: Registeel|Zap Cannon|p2a: Serperior
|-resisted|p2a: Serperior
|-damage|p2a: Serperior|88/100
|-status|p2a: Serperior|par
|
|-heal|p1a: Registeel|46/100|[from] item: Leftovers
|upkeep
|turn|19
|inactive|siroperation has 90 seconds left.
|
|t:|1769351879
|move|p2a: Serperior|Leaf Storm|p1a: Registeel
|-resisted|p1a: Registeel
|-damage|p1a: Registeel|13/100
|-boost|p2a: Serperior|spa|2
|move|p1a: Registeel|Stealth Rock|p2a: Serperior
|-sidestart|p2: Luisao|move: Stealth Rock
|
|-heal|p1a: Registeel|19/100|[from] item: Leftovers
|upkeep
|turn|20
|inactive|siroperation has 90 seconds left.
|
|t:|1769351892
|move|p2a: Serperior|Leaf Storm|p1a: Registeel
|-resisted|p1a: Registeel
|-damage|p1a: Registeel|0 fnt
|faint|p1a: Registeel
|
|upkeep
|
|t:|1769351894
|switch|p1a: Tornadus|Tornadus-Therian, M|100/100
|turn|21
|
|t:|1769351900
|move|p1a: Tornadus|Hurricane|p2a: Serperior
|-supereffective|p2a: Serperior
|-damage|p2a: Serperior|0 fnt
|faint|p2a: Serperior
|
|-fieldend|move: Gravity
|upkeep
|
|t:|1769351907
|switch|p2a: Dragonite|Dragonite, M|100/100
|-damage|p2a: Dragonite|75/100|[from] Stealth Rock
|turn|22
|
|t:|1769351912
|switch|p1a: Great Tusk|Great Tusk|80/100
|-terastallize|p2a: Dragonite|Normal
|move|p2a: Dragonite|Dragon Dance|p2a: Dragonite
|-boost|p2a: Dragonite|atk|1
|-boost|p2a: Dragonite|spe|1
|
|-heal|p2a: Dragonite|82/100|[from] item: Leftovers
|upkeep
|turn|23
|inactive|siroperation has 120 seconds left.
|
|t:|1769351922
|-terastallize|p1a: Great Tusk|Ground
|move|p2a: Dragonite|Outrage|p1a: Great Tusk
|-damage|p1a: Great Tusk|7/100
|move|p1a: Great Tusk|Headlong Rush|p2a: Dragonite
|-damage|p2a: Dragonite|0 fnt
|-unboost|p1a: Great Tusk|def|1
|-unboost|p1a: Great Tusk|spd|1
|faint|p2a: Dragonite
|
|win|siroperation
|raw|siroperation's rating: 1482 &rarr; <strong>1501</strong><br />(+19 for winning)
|raw|Luisao's rating: 1469 &rarr; <strong>1450</strong><br />(-19 for losing)
|l|☆siroperation
|player|p1|
|l|☆Luisao
|player|p2|
