|j|☆AndreBenito
|j|‽Pingunos117
|t:|1769390246
|gametype|singles
|player|p1|AndreBenito|265|1400
|player|p2|Pingunos117|rosa|1433
|gen|9
|tier|[Gen 9] OU
|rated|
|rule|HP Percentage Mod: HP is shown in percentages
|rule|Endless Battle Clause: Forcing endless battles is banned
|rule|Species Clause: Limit one of each Pokémon
|rule|OHKO Clause: OHKO moves are banned
|rule|Evasion Items Clause: Evasion items are banned
|rule|Evasion Moves Clause: Evasion moves are banned
|rule|Evasion Abilities Clause: Evasion abilities are banned
|rule|Sleep Moves Clause: Sleep-inducing moves are banned
|clearpoke
|poke|p1|Blissey, F|
|poke|p1|Hoopa-Unbound|
|poke|p1|Quagsire, F|
|poke|p1|Alomomola, F|
|poke|p1|Corviknight, M|
|poke|p1|Weezing-Galar, M|
|poke|p2|Zamazenta-*|
|poke|p2|Rillaboom, M|
|poke|p2|Glimmora, M|
|poke|p2|Gholdengo|
|poke|p2|Raging Bolt|
|poke|p2|Moltres-Galar|
|teampreview
|
|t:|1769390273
|teamsize|p1|6
|teamsize|p2|6
|start
|switch|p1a: Corv|Corviknight, M|100/100
|switch|p2a: Zamazenta|Zamazenta|100/100
|-ability|p2a: Zamazenta|Dauntless Shield|boost
|-boost|p2a: Zamazenta|def|1
|-ability|p1a: Corv|Pressure
|turn|1
|
|t:|1769390277
|move|p2a: Zamazenta|Reflect|p2a: Zamazenta
|-sidestart|p2: Pingunos117|Reflect
|move|p1a: Corv|Iron Defense|p1a: Corv
|-boost|p1a: Corv|def|2
|
|upkeep
|turn|2
|
|t:|1769390290
|switch|p2a: Raging Bolt|Raging Bolt|100/100
|switch|p1a: NoFeet|Weezing-Galar, M|100/100
|-ability|p1a: NoFeet|Neutralizing Gas
|
|upkeep
|turn|3
|
|t:|1769390301
|-end|p1a: NoFeet|ability: Neutralizing Gas
|switch|p1a: PinkBlob|Blissey, F|100/100
|move|p2a: Raging Bolt|Thunderbolt|p1a: PinkBlob
|-damage|p1a: PinkBlob|83/100
|
|-heal|p1a: PinkBlob|89/100|[from] item: Leftovers
|upkeep
|turn|4
|
|t:|1769390345
|-end|p2a: Raging Bolt|Protosynthesis|[silent]
|switch|p2a: Gholdengo|Gholdengo|100/100
|move|p1a: PinkBlob|Stealth Rock|p2a: Gholdengo
|-sidestart|p2: Pingunos117|move: Stealth Rock
|
|-heal|p1a: PinkBlob|95/100|[from] item: Leftovers
|upkeep
|turn|5
|inactive|Battle timer is ON: inactive players will automatically lose when time's up. (requested by Pingunos117)
|
|t:|1769390383
|switch|p2a: Glimmora|Glimmora, M|100/100
|-damage|p2a: Glimmora|88/100|[from] Stealth Rock
|switch|p1a: Corv|Corviknight, M|100/100
|-ability|p1a: Corv|Pressure
|
|upkeep
|turn|6
|
|t:|1769390393
|move|p2a: Glimmora|Meteor Beam||[still]
|-prepare|p2a: Glimmora|Meteor Beam
|-boost|p2a: Glimmora|spa|1
|-enditem|p2a: Glimmora|Power Herb
|-anim|p2a: Glimmora|Meteor Beam|p1a: Corv
|-damage|p1a: Corv|0 fnt
|faint|p1a: Corv
|
|upkeep
|
|t:|1769390403
|switch|p1a: PinkBlob|Blissey, F|95/100
|turn|7
|
|t:|1769390414
|move|p2a: Glimmora|Stealth Rock|p1a: PinkBlob
|-sidestart|p1: AndreBenito|move: Stealth Rock
|move|p1a: PinkBlob|Shadow Ball|p2a: Glimmora
|-crit|p2a: Glimmora
|-damage|p2a: Glimmora|59/100
|-unboost|p2a: Glimmora|spd|1
|
|-heal|p1a: PinkBlob|100/100|[from] item: Leftovers
|upkeep
|turn|8
|
|t:|1769390418
|move|p2a: Glimmora|Mortal Spin|p1a: PinkBlob
|-damage|p1a: PinkBlob|95/100
|-status|p1a: PinkBlob|psn
|-sideend|p2: Pingunos117|Stealth Rock|[from] move: Mortal Spin|[of] p2a: Glimmora
|move|p1a: PinkBlob|Shadow Ball|p2a: Glimmora
|-damage|p2a: Glimmora|30/100
|
|-heal|p1a: PinkBlob|100/100 psn|[from] item: Leftovers
|-damage|p1a: PinkBlob|88/100 psn|[from] psn
|-sideend|p2: Pingunos117|Reflect
|upkeep
|turn|9
|
|t:|1769390435
|switch|p2a: Zamazenta|Zamazenta|100/100
|-curestatus|p1a: PinkBlob|psn|[from] ability: Natural Cure
|switch|p1a: NoFeet|Weezing-Galar, M|100/100
|-ability|p1a: NoFeet|Neutralizing Gas
|
|upkeep
|turn|10
|
|t:|1769390441
|move|p2a: Zamazenta|Light Screen|p2a: Zamazenta
|-sidestart|p2: Pingunos117|move: Light Screen
|move|p1a: NoFeet|Will-O-Wisp|p2a: Zamazenta
|-status|p2a: Zamazenta|brn
|
|-damage|p2a: Zamazenta|94/100 brn|[from] brn
|upkeep
|turn|11
|
|t:|1769390445
|move|p2a: Zamazenta|Heavy Slam|p1a: NoFeet
|-supereffective|p1a: NoFeet
|-damage|p1a: NoFeet|75/100
|move|p1a: NoFeet|Defog|p2a: Zamazenta
|-unboost|p2a: Zamazenta|evasion|1
|-sideend|p2: Pingunos117|move: Light Screen
|-sideend|p1: AndreBenito|Stealth Rock|[from] move: Defog|[of] p1a: NoFeet
|
|-damage|p2a: Zamazenta|88/100 brn|[from] brn
|upkeep
|turn|12
|
|t:|1769390448
|move|p2a: Zamazenta|Reflect|p2a: Zamazenta
|-sidestart|p2: Pingunos117|Reflect
|move|p1a: NoFeet|Strange Steam|p2a: Zamazenta
|-supereffective|p2a: Zamazenta
|-damage|p2a: Zamazenta|40/100 brn
|
|-damage|p2a: Zamazenta|34/100 brn|[from] brn
|upkeep
|turn|13
|
|t:|1769390459
|switch|p2a: Gholdengo|Gholdengo|100/100
|move|p1a: NoFeet|Defog|p2a: Gholdengo
|-unboost|p2a: Gholdengo|evasion|1
|-sideend|p2: Pingunos117|Reflect
|
|upkeep
|turn|14
|
|t:|1769390467
|-end|p1a: NoFeet|ability: Neutralizing Gas
|switch|p1a: PinkestBlob|Hoopa-Unbound|100/100
|move|p2a: Gholdengo|Nasty Plot|p2a: Gholdengo
|-boost|p2a: Gholdengo|spa|2
|
|upkeep
|turn|15
|
|t:|1769390484
|-terastallize|p2a: Gholdengo|Fairy
|move|p2a: Gholdengo|Make It Rain|p1a: PinkestBlob
|-damage|p1a: PinkestBlob|52/100
|-unboost|p2a: Gholdengo|spa|1
|move|p1a: PinkestBlob|Knock Off|p2a: Gholdengo
|-resisted|p2a: Gholdengo
|-damage|p2a: Gholdengo|83/100
|-enditem|p2a: Gholdengo|Grassy Seed|[from] move: Knock Off|[of] p1a: PinkestBlob
|
|upkeep
|turn|16
|
|t:|1769390510
|move|p2a: Gholdengo|Nasty Plot|p2a: Gholdengo
|-boost|p2a: Gholdengo|spa|2
|move|p1a: PinkestBlob|Psychic Noise|p2a: Gholdengo
|-damage|p2a: Gholdengo|36/100
|-start|p2a: Gholdengo|move: Heal Block
|
|upkeep
|turn|17
|
|t:|1769390521
|switch|p1a: HandsomeKing|Quagsire, F|100/100
|move|p2a: Gholdengo|Make It Rain|p1a: HandsomeKing
|-resisted|p1a: HandsomeKing
|-damage|p1a: HandsomeKing|68/100
|-unboost|p2a: Gholdengo|spa|1
|
|-heal|p1a: HandsomeKing|75/100|[from] item: Leftovers
|-end|p2a: Gholdengo|move: Heal Block
|upkeep
|turn|18
|
|t:|1769390528
|switch|p1a: PinkBlob|Blissey, F|88/100
|move|p2a: Gholdengo|Recover|p2a: Gholdengo
|-heal|p2a: Gholdengo|86/100
|
|-heal|p1a: PinkBlob|94/100|[from] item: Leftovers
|upkeep
|turn|19
|
|t:|1769390537
|-terastallize|p1a: PinkBlob|Dark
|move|p2a: Gholdengo|Make It Rain|p1a: PinkBlob
|-damage|p1a: PinkBlob|64/100
|-unboost|p2a: Gholdengo|spa|1
|move|p1a: PinkBlob|Calm Mind|p1a: PinkBlob
|-boost|p1a: PinkBlob|spa|1
|-boost|p1a: PinkBlob|spd|1
|
|-heal|p1a: PinkBlob|70/100|[from] item: Leftovers
|upkeep
|turn|20
|
|t:|1769390546
|switch|p2a: Rillaboom|Rillaboom, M|100/100
|-fieldstart|move: Grassy Terrain|[from] ability: Grassy Surge|[of] p2a: Rillaboom
|move|p1a: PinkBlob|Stealth Rock|p2a: Rillaboom
|-sidestart|p2: Pingunos117|move: Stealth Rock
|
|-heal|p1a: PinkBlob|77/100|[from] Grassy Terrain
|-heal|p1a: PinkBlob|83/100|[from] item: Leftovers
|upkeep
|turn|21
|
|t:|1769390550
|switch|p1a: NoFeet|Weezing-Galar, M|75/100
|-ability|p1a: NoFeet|Neutralizing Gas
|move|p2a: Rillaboom|Low Kick|p1a: NoFeet
|-resisted|p1a: NoFeet
|-damage|p1a: NoFeet|73/100
|
|-heal|p1a: NoFeet|79/100|[from] Grassy Terrain
|upkeep
|turn|22
|
|t:|1769390557
|move|p2a: Rillaboom|U-turn|p1a: NoFeet
|-resisted|p1a: NoFeet
|-damage|p1a: NoFeet|75/100
|
|t:|1769390565
|switch|p2a: Zamazenta|Zamazenta|34/100 brn|[from] U-turn
|-damage|p2a: Zamazenta|28/100 brn|[from] Stealth Rock
|move|p1a: NoFeet|Strange Steam|p2a: Zamazenta
|-supereffective|p2a: Zamazenta
|-damage|p2a: Zamazenta|0 fnt
|faint|p2a: Zamazenta
|
|-heal|p1a: NoFeet|81/100|[from] Grassy Terrain
|upkeep
|
|t:|1769390573
|switch|p2a: Gholdengo|Gholdengo, tera:Fairy|86/100
|-damage|p2a: Gholdengo|73/100|[from] Stealth Rock
|turn|23
|
|t:|1769390576
|-end|p1a: NoFeet|ability: Neutralizing Gas
|switch|p1a: PinkBlob|Blissey, F, tera:Dark|83/100
|move|p2a: Gholdengo|Make It Rain|p1a: PinkBlob
|-damage|p1a: PinkBlob|67/100
|-unboost|p2a: Gholdengo|spa|1
|
|-heal|p2a: Gholdengo|79/100|[from] Grassy Terrain
|-heal|p1a: PinkBlob|73/100|[from] Grassy Terrain
|-heal|p1a: PinkBlob|79/100|[from] item: Leftovers
|upkeep
|turn|24
|
|t:|1769390581
|move|p2a: Gholdengo|Recover|p2a: Gholdengo
|-heal|p2a: Gholdengo|100/100
|move|p1a: PinkBlob|Shadow Ball|p2a: Gholdengo
|-damage|p2a: Gholdengo|87/100
|
|-heal|p2a: Gholdengo|93/100|[from] Grassy Terrain
|-heal|p1a: PinkBlob|85/100|[from] Grassy Terrain
|-heal|p1a: PinkBlob|91/100|[from] item: Leftovers
|upkeep
|turn|25
|
|t:|1769390587
|move|p2a: Gholdengo|Nasty Plot|p2a: Gholdengo
|-boost|p2a: Gholdengo|spa|2
|move|p1a: PinkBlob|Calm Mind|p1a: PinkBlob
|-boost|p1a: PinkBlob|spa|1
|-boost|p1a: PinkBlob|spd|1
|
|-heal|p2a: Gholdengo|99/100|[from] Grassy Terrain
|-heal|p1a: PinkBlob|97/100|[from] Grassy Terrain
|-heal|p1a: PinkBlob|100/100|[from] item: Leftovers
|upkeep
|turn|26
|
|t:|1769390591
|move|p2a: Gholdengo|Nasty Plot|p2a: Gholdengo
|-boost|p2a: Gholdengo|spa|2
|move|p1a: PinkBlob|Calm Mind|p1a: PinkBlob
|-boost|p1a: PinkBlob|spa|1
|-boost|p1a: PinkBlob|spd|1
|
|-heal|p2a: Gholdengo|100/100|[from] Grassy Terrain
|upkeep
|turn|27
|
|t:|1769390593
|move|p2a: Gholdengo|Nasty Plot|p2a: Gholdengo
|-boost|p2a: Gholdengo|spa|2
|move|p1a: PinkBlob|Calm Mind|p1a: PinkBlob
|-boost|p1a: PinkBlob|spa|1
|-boost|p1a: PinkBlob|spd|1
|
|-fieldend|move: Grassy Terrain
|upkeep
|turn|28
|
|t:|1769390595
|move|p2a: Gholdengo|Nasty Plot|p2a: Gholdengo
|-boost|p2a: Gholdengo|spa|1
|move|p1a: PinkBlob|Calm Mind|p1a: PinkBlob
|-boost|p1a: PinkBlob|spa|1
|-boost|p1a: PinkBlob|spd|1
|
|upkeep
|turn|29
|
|t:|1769390597
|move|p2a: Gholdengo|Make It Rain|p1a: PinkBlob
|-damage|p1a: PinkBlob|77/100
|-unboost|p2a: Gholdengo|spa|1
|move|p1a: PinkBlob|Calm Mind|p1a: PinkBlob
|-boost|p1a: PinkBlob|spa|1
|-boost|p1a: PinkBlob|spd|1
|
|-heal|p1a: PinkBlob|83/100|[from] item: Leftovers
|upkeep
|turn|30
|
|t:|1769390603
|move|p2a: Gholdengo|Make It Rain|p1a: PinkBlob
|-damage|p1a: PinkBlob|66/100
|-unboost|p2a: Gholdengo|spa|1
|move|p1a: PinkBlob|Shadow Ball|p2a: Gholdengo
|-crit|p2a: Gholdengo
|-damage|p2a: Gholdengo|30/100
|
|-heal|p1a: PinkBlob|73/100|[from] item: Leftovers
|upkeep
|turn|31
|
|t:|1769390611
|move|p2a: Gholdengo|Recover|p2a: Gholdengo
|-heal|p2a: Gholdengo|80/100
|move|p1a: PinkBlob|Shadow Ball|p2a: Gholdengo
|-damage|p2a: Gholdengo|31/100
|-unboost|p2a: Gholdengo|spd|1
|
|-heal|p1a: PinkBlob|79/100|[from] item: Leftovers
|upkeep
|turn|32
|
|t:|1769390616
|move|p2a: Gholdengo|Make It Rain|p1a: PinkBlob
|-damage|p1a: PinkBlob|65/100
|-unboost|p2a: Gholdengo|spa|1
|move|p1a: PinkBlob|Shadow Ball|p2a: Gholdengo
|-damage|p2a: Gholdengo|0 fnt
|faint|p2a: Gholdengo
|
|-heal|p1a: PinkBlob|71/100|[from] item: Leftovers
|upkeep
|
|t:|1769390627
|switch|p2a: Rillaboom|Rillaboom, M|100/100
|-damage|p2a: Rillaboom|88/100|[from] Stealth Rock
|-fieldstart|move: Grassy Terrain|[from] ability: Grassy Surge|[of] p2a: Rillaboom
|turn|33
|
|t:|1769390633
|switch|p1a: NoFeet|Weezing-Galar, M|81/100
|-ability|p1a: NoFeet|Neutralizing Gas
|move|p2a: Rillaboom|Low Kick|p1a: NoFeet
|-resisted|p1a: NoFeet
|-damage|p1a: NoFeet|79/100
|
|-heal|p2a: Rillaboom|94/100|[from] Grassy Terrain
|-heal|p1a: NoFeet|85/100|[from] Grassy Terrain
|upkeep
|turn|34
|-message|Pingunos117 forfeited.
|
|win|AndreBenito
|raw|AndreBenito's rating: 1400 &rarr; <strong>1422</strong><br />(+22 for winning)
|raw|Pingunos117's rating: 1433 &rarr; <strong>1411</strong><br />(-22 for losing)
|l|‽Pingunos117
|player|p2|
|l|☆AndreBenito
|player|p1|
