|j|☆NoobishTrainerJoe
|j|☆rblt ryo
|t:|1769298788
|gametype|singles
|player|p1|NoobishTrainerJoe|kurt|1650
|player|p2|rblt ryo|dawn|1581
|gen|9
|tier|[Gen 9] OU
|rated|
|rule|HP Percentage Mod: HP is shown in percentages
|rule|Endless Battle Clause: Forcing endless battles is banned
|rule|Species Clause: Limit one of each Pokémon
|rule|OHKO Clause: OHKO moves are banned
|rule|Evasion Items Clause: Evasion items are banned
|rule|Evasion Moves Clause: Evasion moves are banned
|rule|Evasion Abilities Clause: Evasion abilities are banned
|rule|Sleep Moves Clause: Sleep-inducing moves are banned
|clearpoke
|poke|p1|Hydrapple, M|
|poke|p1|Gliscor, M|
|poke|p1|Slowking-Galar, M|
|poke|p1|Cinderace, M|
|poke|p1|Kingambit, M|
|poke|p1|Iron Valiant|
|poke|p2|Rhyperior, M|
|poke|p2|Articuno|
|poke|p2|Suicune|
|poke|p2|Heatran, F|
|poke|p2|Decidueye-Hisui, F|
|poke|p2|Latios, M|
|teampreview
|
|t:|1769298827
|teamsize|p1|6
|teamsize|p2|6
|start
|switch|p1a: Gliscor|Gliscor, M, shiny|100/100
|switch|p2a: Heatran|Heatran, F|100/100
|turn|1
|
|t:|1769298848
|switch|p2a: Articuno|Articuno, shiny|100/100
|-ability|p2a: Articuno|Pressure
|move|p1a: Gliscor|Swords Dance|p1a: Gliscor
|-boost|p1a: Gliscor|atk|2
|
|-status|p1a: Gliscor|tox|[from] item: Toxic Orb
|upkeep
|turn|2
|
|t:|1769298867
|-terastallize|p1a: Gliscor|Fairy
|move|p1a: Gliscor|Tera Blast|p2a: Articuno|[anim] Tera Blast Fairy
|-damage|p2a: Articuno|27/100
|move|p2a: Articuno|Freeze-Dry|p1a: Gliscor
|-damage|p1a: Gliscor|54/100 tox
|
|-heal|p1a: Gliscor|66/100 tox|[from] ability: Poison Heal
|upkeep
|turn|3
|j| Nikator98
|
|t:|1769298942
|move|p1a: Gliscor|Tera Blast|p2a: Articuno|[anim] Tera Blast Fairy
|-damage|p2a: Articuno|0 fnt
|faint|p2a: Articuno
|
|-heal|p1a: Gliscor|79/100 tox|[from] ability: Poison Heal
|upkeep
|
|t:|1769298948
|switch|p2a: Latios|Latios, M, shiny|100/100
|turn|4
|
|t:|1769298952
|move|p1a: Gliscor|Protect|p1a: Gliscor
|-singleturn|p1a: Gliscor|Protect
|move|p2a: Latios|Trick|p1a: Gliscor
|-activate|p1a: Gliscor|move: Protect
|
|-heal|p1a: Gliscor|91/100 tox|[from] ability: Poison Heal
|upkeep
|turn|5
|
|t:|1769298970
|switch|p1a: Cinderace|Cinderace, M, shiny|100/100
|move|p2a: Latios|Trick|p1a: Cinderace
|-activate|p2a: Latios|move: Trick|[of] p1a: Cinderace
|-item|p1a: Cinderace|Choice Scarf|[from] move: Trick
|-item|p2a: Latios|Heavy-Duty Boots|[from] move: Trick
|
|upkeep
|turn|6
|
|t:|1769298987
|switch|p2a: Rhyperior|Rhyperior, M|100/100
|move|p1a: Cinderace|U-turn|p2a: Rhyperior
|-start|p1a: Cinderace|typechange|Bug|[from] ability: Libero
|-damage|p2a: Rhyperior|77/100
|
|t:|1769299002
|switch|p1a: Hydrapple|Hydrapple, M, shiny|100/100|[from] U-turn
|
|upkeep
|turn|7
|
|t:|1769299013
|switch|p2a: Latios|Latios, M, shiny|100/100
|move|p1a: Hydrapple|Giga Drain|p2a: Latios
|-resisted|p2a: Latios
|-damage|p2a: Latios|75/100
|-damage|p1a: Hydrapple|91/100|[from] item: Life Orb
|
|upkeep
|turn|8
|
|t:|1769299032
|switch|p2a: Suicune|Suicune, shiny|100/100
|-ability|p2a: Suicune|Pressure
|switch|p1a: Slowking|Slowking-Galar, M, shiny|100/100
|
|upkeep
|turn|9
|
|t:|1769299058
|switch|p2a: Rhyperior|Rhyperior, M|77/100
|move|p1a: Slowking|Sludge Bomb|p2a: Rhyperior
|-resisted|p2a: Rhyperior
|-damage|p2a: Rhyperior|71/100
|-status|p2a: Rhyperior|psn
|
|-damage|p2a: Rhyperior|58/100 psn|[from] psn
|upkeep
|turn|10
|
|t:|1769299070
|switch|p1a: Gliscor|Gliscor, M, shiny, tera:Fairy|91/100 tox
|move|p2a: Rhyperior|Ice Punch|p1a: Gliscor
|-damage|p1a: Gliscor|64/100 tox
|
|-heal|p1a: Gliscor|76/100 tox|[from] ability: Poison Heal
|-damage|p2a: Rhyperior|46/100 psn|[from] psn
|upkeep
|turn|11
|
|t:|1769299076
|move|p1a: Gliscor|Protect|p1a: Gliscor
|-singleturn|p1a: Gliscor|Protect
|move|p2a: Rhyperior|Earthquake|p1a: Gliscor
|-activate|p1a: Gliscor|move: Protect
|
|-heal|p1a: Gliscor|88/100 tox|[from] ability: Poison Heal
|-damage|p2a: Rhyperior|34/100 psn|[from] psn
|upkeep
|turn|12
|
|t:|1769299080
|move|p1a: Gliscor|Earthquake|p2a: Rhyperior
|-supereffective|p2a: Rhyperior
|-damage|p2a: Rhyperior|0 fnt
|faint|p2a: Rhyperior
|
|-heal|p1a: Gliscor|100/100 tox|[from] ability: Poison Heal
|upkeep
|
|t:|1769299093
|switch|p2a: Suicune|Suicune, shiny|100/100
|-ability|p2a: Suicune|Pressure
|turn|13
|
|t:|1769299103
|move|p1a: Gliscor|Swords Dance|p1a: Gliscor
|-boost|p1a: Gliscor|atk|2
|move|p2a: Suicune|Agility|p2a: Suicune
|-boost|p2a: Suicune|spe|2
|
|upkeep
|turn|14
|
|t:|1769299108
|move|p2a: Suicune|Calm Mind|p2a: Suicune
|-boost|p2a: Suicune|spa|1
|-boost|p2a: Suicune|spd|1
|move|p1a: Gliscor|Earthquake|p2a: Suicune
|-damage|p2a: Suicune|50/100
|
|-heal|p2a: Suicune|56/100|[from] item: Leftovers
|upkeep
|turn|15
|
|t:|1769299115
|move|p2a: Suicune|Scald|p1a: Gliscor
|-damage|p1a: Gliscor|44/100 tox
|move|p1a: Gliscor|Swords Dance|p1a: Gliscor
|-boost|p1a: Gliscor|atk|2
|
|-heal|p2a: Suicune|62/100|[from] item: Leftovers
|-heal|p1a: Gliscor|57/100 tox|[from] ability: Poison Heal
|upkeep
|turn|16
|
|t:|1769299122
|move|p2a: Suicune|Scald|p1a: Gliscor
|-damage|p1a: Gliscor|0 fnt
|faint|p1a: Gliscor
|
|-heal|p2a: Suicune|69/100|[from] item: Leftovers
|upkeep
|
|t:|1769299131
|switch|p1a: Iron Valiant|Iron Valiant, shiny|100/100
|-enditem|p1a: Iron Valiant|Booster Energy
|-activate|p1a: Iron Valiant|ability: Quark Drive|[fromitem]
|-start|p1a: Iron Valiant|quarkdrivespe
|turn|17
|
|t:|1769299146
|move|p1a: Iron Valiant|Encore|p2a: Suicune
|-start|p2a: Suicune|Encore
|move|p2a: Suicune|Scald|p1a: Iron Valiant
|-damage|p1a: Iron Valiant|27/100
|
|-heal|p2a: Suicune|75/100|[from] item: Leftovers
|upkeep
|turn|18
|
|t:|1769299156
|switch|p2a: Heatran|Heatran, F|100/100
|move|p1a: Iron Valiant|Destiny Bond|p1a: Iron Valiant
|-singlemove|p1a: Iron Valiant|Destiny Bond
|
|upkeep
|turn|19
|
|t:|1769299163
|move|p1a: Iron Valiant|Knock Off|p2a: Heatran
|-damage|p2a: Heatran|78/100
|-enditem|p2a: Heatran|Leftovers|[from] move: Knock Off|[of] p1a: Iron Valiant
|move|p2a: Heatran|Magma Storm|p1a: Iron Valiant
|-damage|p1a: Iron Valiant|0 fnt
|faint|p1a: Iron Valiant
|-end|p1a: Iron Valiant|Quark Drive|[silent]
|
|upkeep
|
|t:|1769299183
|switch|p1a: Hydrapple|Hydrapple, M, shiny|100/100
|turn|20
|
|t:|1769299200
|move|p2a: Heatran|Magma Storm|p1a: Hydrapple
|-damage|p1a: Hydrapple|57/100
|-activate|p1a: Hydrapple|move: Magma Storm|[of] p2a: Heatran
|move|p1a: Hydrapple|Earth Power|p2a: Heatran
|-supereffective|p2a: Heatran
|-damage|p2a: Heatran|0 fnt
|faint|p2a: Heatran
|-damage|p1a: Hydrapple|47/100|[from] item: Life Orb
|
|-end|p1a: Hydrapple|Magma Storm|[partiallytrapped]|[silent]
|upkeep
|
|t:|1769299212
|switch|p2a: Suicune|Suicune, shiny|75/100
|-ability|p2a: Suicune|Pressure
|turn|21
|
|t:|1769299217
|move|p2a: Suicune|Ice Beam|p1a: Hydrapple
|-supereffective|p1a: Hydrapple
|-damage|p1a: Hydrapple|0 fnt
|faint|p1a: Hydrapple
|
|-heal|p2a: Suicune|81/100|[from] item: Leftovers
|upkeep
|
|t:|1769299220
|switch|p1a: Kingambit|Kingambit, M, shiny|100/100
|-activate|p1a: Kingambit|ability: Supreme Overlord
|-start|p1a: Kingambit|fallen3|[silent]
|-item|p1a: Kingambit|Air Balloon
|turn|22
|
|t:|1769299231
|move|p1a: Kingambit|Swords Dance|p1a: Kingambit
|-boost|p1a: Kingambit|atk|2
|move|p2a: Suicune|Scald|p1a: Kingambit
|-crit|p1a: Kingambit
|-damage|p1a: Kingambit|61/100
|-enditem|p1a: Kingambit|Air Balloon
|
|-heal|p2a: Suicune|87/100|[from] item: Leftovers
|upkeep
|turn|23
|
|t:|1769299255
|switch|p2a: Latios|Latios, M, shiny|75/100
|move|p1a: Kingambit|Low Kick|p2a: Latios
|-resisted|p2a: Latios
|-damage|p2a: Latios|25/100
|
|upkeep
|turn|24
|
|t:|1769299261
|move|p1a: Kingambit|Sucker Punch||[still]
|-fail|p1a: Kingambit
|move|p2a: Latios|Trick|p1a: Kingambit
|-activate|p2a: Latios|move: Trick|[of] p1a: Kingambit
|-item|p1a: Kingambit|Heavy-Duty Boots|[from] move: Trick
|-enditem|p2a: Latios|Heavy-Duty Boots|[silent]|[from] move: Trick
|
|upkeep
|turn|25
|
|t:|1769299269
|move|p1a: Kingambit|Sucker Punch|p2a: Latios
|-supereffective|p2a: Latios
|-crit|p2a: Latios
|-damage|p2a: Latios|0 fnt
|faint|p2a: Latios
|
|upkeep
|
|t:|1769299273
|switch|p2a: Suicune|Suicune, shiny|87/100
|-ability|p2a: Suicune|Pressure
|turn|26
|
|t:|1769299279
|move|p1a: Kingambit|Low Kick|p2a: Suicune
|-damage|p2a: Suicune|37/100
|move|p2a: Suicune|Calm Mind|p2a: Suicune
|-boost|p2a: Suicune|spa|1
|-boost|p2a: Suicune|spd|1
|
|-heal|p2a: Suicune|43/100|[from] item: Leftovers
|upkeep
|turn|27
|
|t:|1769299296
|-terastallize|p2a: Suicune|Poison
|move|p1a: Kingambit|Iron Head|p2a: Suicune
|-damage|p2a: Suicune|0 fnt
|faint|p2a: Suicune
|
|upkeep
|
|t:|1769299302
|switch|p2a: Decidueye|Decidueye-Hisui, F, shiny|100/100
|turn|28
|c|☆NoobishTrainerJoe|too obv
|
|t:|1769299309
|move|p1a: Kingambit|Iron Head|p2a: Decidueye
|-damage|p2a: Decidueye|19/100
|-damage|p1a: Kingambit|44/100|[from] item: Rocky Helmet|[of] p2a: Decidueye
|move|p2a: Decidueye|Triple Arrows|p1a: Kingambit
|-supereffective|p1a: Kingambit
|-damage|p1a: Kingambit|0 fnt
|faint|p1a: Kingambit
|-end|p1a: Kingambit|fallen3|[silent]
|
|upkeep
|
|t:|1769299313
|switch|p1a: Slowking|Slowking-Galar, M, shiny|100/100
|turn|29
|
|t:|1769299319
|move|p2a: Decidueye|Triple Arrows|p1a: Slowking
|-resisted|p1a: Slowking
|-damage|p1a: Slowking|94/100
|-unboost|p1a: Slowking|def|1
|move|p1a: Slowking|Psychic Noise|p2a: Decidueye
|-supereffective|p2a: Decidueye
|-damage|p2a: Decidueye|0 fnt
|faint|p2a: Decidueye
|
|win|NoobishTrainerJoe
|raw|NoobishTrainerJoe's rating: 1650 &rarr; <strong>1666</strong><br />(+16 for winning)
|raw|rblt ryo's rating: 1581 &rarr; <strong>1565</strong><br />(-16 for losing)
|l|☆NoobishTrainerJoe
|player|p1|
|l| Nikator98
