|j|☆Cyclepaf
|j|☆ferrydiscs
|t:|1769367418
|gametype|singles
|player|p1|Cyclepaf|cynthia|1542
|player|p2|ferrydiscs|will|1540
|gen|9
|tier|[Gen 9] OU
|rated|
|rule|HP Percentage Mod: HP is shown in percentages
|rule|Endless Battle Clause: Forcing endless battles is banned
|rule|Species Clause: Limit one of each Pokémon
|rule|OHKO Clause: OHKO moves are banned
|rule|Evasion Items Clause: Evasion items are banned
|rule|Evasion Moves Clause: Evasion moves are banned
|rule|Evasion Abilities Clause: Evasion abilities are banned
|rule|Sleep Moves Clause: Sleep-inducing moves are banned
|clearpoke
|poke|p1|Pecharunt|
|poke|p1|Meloetta|
|poke|p1|Hoopa-Unbound|
|poke|p1|Darkrai|
|poke|p1|Great Tusk|
|poke|p1|Ceruledge, F|
|poke|p2|Tyranitar, M|
|poke|p2|Excadrill, M|
|poke|p2|Tornadus-Therian, M|
|poke|p2|Tinkaton, F|
|poke|p2|Sinistcha|
|poke|p2|Toxapex, M|
|teampreview
|
|t:|1769367428
|teamsize|p1|6
|teamsize|p2|6
|start
|switch|p1a: Meloetta|Meloetta|100/100
|switch|p2a: Tyranitar|Tyranitar, M, shiny|100/100
|-weather|Sandstorm|[from] ability: Sand Stream|[of] p2a: Tyranitar
|turn|1
|
|t:|1769367432
|switch|p2a: Tornadus|Tornadus-Therian, M, shiny|100/100
|move|p1a: Meloetta|Focus Blast|p2a: Tornadus|[miss]
|-miss|p1a: Meloetta|p2a: Tornadus
|
|-weather|Sandstorm|[upkeep]
|-damage|p2a: Tornadus|94/100|[from] Sandstorm
|-damage|p1a: Meloetta|94/100|[from] Sandstorm
|upkeep
|turn|2
|
|t:|1769367441
|switch|p2a: Tinkaton|Tinkaton, F, shiny|100/100
|-item|p2a: Tinkaton|Air Balloon
|move|p1a: Meloetta|Thunder|p2a: Tinkaton
|-damage|p2a: Tinkaton|61/100
|-enditem|p2a: Tinkaton|Air Balloon
|
|-weather|Sandstorm|[upkeep]
|-damage|p1a: Meloetta|88/100|[from] Sandstorm
|upkeep
|turn|3
|
|t:|1769367448
|move|p2a: Tinkaton|Stealth Rock|p1a: Meloetta
|-sidestart|p1: Cyclepaf|move: Stealth Rock
|move|p1a: Meloetta|Thunder|p2a: Tinkaton|[miss]
|-miss|p1a: Meloetta|p2a: Tinkaton
|
|-weather|Sandstorm|[upkeep]
|-damage|p1a: Meloetta|82/100|[from] Sandstorm
|upkeep
|turn|4
|
|t:|1769367454
|move|p2a: Tinkaton|Gigaton Hammer|p1a: Meloetta
|-damage|p1a: Meloetta|6/100
|move|p1a: Meloetta|Thunder|p2a: Tinkaton
|-damage|p2a: Tinkaton|21/100
|-status|p2a: Tinkaton|par
|
|-weather|Sandstorm|[upkeep]
|-damage|p1a: Meloetta|0 fnt|[from] Sandstorm
|faint|p1a: Meloetta
|upkeep
|
|t:|1769367459
|switch|p1a: Great Tusk|Great Tusk|100/100
|-damage|p1a: Great Tusk|97/100|[from] Stealth Rock
|-enditem|p1a: Great Tusk|Booster Energy
|-activate|p1a: Great Tusk|ability: Protosynthesis|[fromitem]
|-start|p1a: Great Tusk|protosynthesisdef
|turn|5
|inactive|Battle timer is ON: inactive players will automatically lose when time's up. (requested by Cyclepaf)
|
|t:|1769367470
|switch|p2a: Sinistcha|Sinistcha, shiny|100/100
|move|p1a: Great Tusk|Stealth Rock|p2a: Sinistcha
|-sidestart|p2: ferrydiscs|move: Stealth Rock
|
|-weather|none
|upkeep
|turn|6
|
|t:|1769367481
|-end|p1a: Great Tusk|Protosynthesis|[silent]
|switch|p1a: Darkrai|Darkrai|100/100
|-damage|p1a: Darkrai|88/100|[from] Stealth Rock
|move|p2a: Sinistcha|Shadow Ball|p1a: Darkrai
|-resisted|p1a: Darkrai
|-crit|p1a: Darkrai
|-damage|p1a: Darkrai|55/100
|-unboost|p1a: Darkrai|spd|1
|
|upkeep
|turn|7
|-message|Cyclepaf forfeited.
|
|win|ferrydiscs
|raw|Cyclepaf's rating: 1542 &rarr; <strong>1522</strong><br />(-20 for losing)
|raw|ferrydiscs's rating: 1540 &rarr; <strong>1560</strong><br />(+20 for winning)
|l|☆Cyclepaf
|player|p1|
