|j|☆CambridgeFoulPlay
|j|☆Lunablast
|t:|1769327575
|gametype|singles
|player|p1|CambridgeFoulPlay|266|1634
|player|p2|Lunablast|2|1563
|gen|9
|tier|[Gen 9] OU
|rated|
|rule|HP Percentage Mod: HP is shown in percentages
|rule|Endless Battle Clause: Forcing endless battles is banned
|rule|Species Clause: Limit one of each Pokémon
|rule|OHKO Clause: OHKO moves are banned
|rule|Evasion Items Clause: Evasion items are banned
|rule|Evasion Moves Clause: Evasion moves are banned
|rule|Evasion Abilities Clause: Evasion abilities are banned
|rule|Sleep Moves Clause: Sleep-inducing moves are banned
|clearpoke
|poke|p1|Hydrapple, M|
|poke|p1|Tyranitar, F|
|poke|p1|Moltres|
|poke|p1|Zamazenta-*|
|poke|p1|Slowking-Galar, M|
|poke|p1|Excadrill, F|
|poke|p2|Ribombee, F|
|poke|p2|Gholdengo|
|poke|p2|Glimmora, M|
|poke|p2|Enamorus, F|
|poke|p2|Iron Hands|
|poke|p2|Iron Moth|
|teampreview
|c|☆CambridgeFoulPlay|hf
|inactive|Battle timer is ON: inactive players will automatically lose when time's up. (requested by CambridgeFoulPlay)
|
|t:|1769327583
|teamsize|p1|6
|teamsize|p2|6
|start
|switch|p1a: Zamazenta|Zamazenta|100/100
|switch|p2a: Ribombee|Ribombee, F, shiny|100/100
|-ability|p1a: Zamazenta|Dauntless Shield|boost
|-boost|p1a: Zamazenta|def|1
|turn|1
|
|t:|1769327591
|switch|p1a: Excadrill|Excadrill, F|100/100
|-item|p1a: Excadrill|Air Balloon
|move|p2a: Ribombee|Stun Spore|p1a: Excadrill
|-status|p1a: Excadrill|par
|
|upkeep
|turn|2
|
|t:|1769327608
|move|p2a: Ribombee|Sticky Web|p1a: Excadrill
|-sidestart|p1: CambridgeFoulPlay|move: Sticky Web
|cant|p1a: Excadrill|par
|
|upkeep
|turn|3
|
|t:|1769327611
|switch|p2a: Gholdengo|Gholdengo|100/100
|-item|p2a: Gholdengo|Air Balloon
|cant|p1a: Excadrill|par
|
|upkeep
|turn|4
|
|t:|1769327616
|switch|p1a: Tyranitar|Tyranitar, F|100/100
|-activate|p1a: Tyranitar|move: Sticky Web
|-unboost|p1a: Tyranitar|spe|1
|-weather|Sandstorm|[from] ability: Sand Stream|[of] p1a: Tyranitar
|move|p2a: Gholdengo|Nasty Plot|p2a: Gholdengo
|-boost|p2a: Gholdengo|spa|2
|
|-weather|Sandstorm|[upkeep]
|upkeep
|turn|5
|
|t:|1769327626
|move|p2a: Gholdengo|Focus Blast|p1a: Tyranitar
|-supereffective|p1a: Tyranitar
|-damage|p1a: Tyranitar|0 fnt
|faint|p1a: Tyranitar
|
|-weather|Sandstorm|[upkeep]
|upkeep
|
|t:|1769327629
|switch|p1a: Moltres|Moltres|100/100
|turn|6
|
|t:|1769327637
|move|p1a: Moltres|Flamethrower|p2a: Gholdengo
|-supereffective|p2a: Gholdengo
|-crit|p2a: Gholdengo
|-damage|p2a: Gholdengo|0 fnt
|-enditem|p2a: Gholdengo|Air Balloon
|faint|p2a: Gholdengo
|
|-weather|Sandstorm|[upkeep]
|-damage|p1a: Moltres|94/100|[from] Sandstorm
|upkeep
|
|t:|1769327646
|switch|p2a: Glimmora|Glimmora, M, shiny|100/100
|turn|7
|
|t:|1769327650
|-terastallize|p2a: Glimmora|Ghost
|move|p2a: Glimmora|Meteor Beam||[still]
|-prepare|p2a: Glimmora|Meteor Beam
|-boost|p2a: Glimmora|spa|1
|-enditem|p2a: Glimmora|Power Herb
|-anim|p2a: Glimmora|Meteor Beam|p1a: Moltres
|-supereffective|p1a: Moltres
|-damage|p1a: Moltres|0 fnt
|faint|p1a: Moltres
|
|-weather|Sandstorm|[upkeep]
|-damage|p2a: Glimmora|94/100|[from] Sandstorm
|upkeep
|
|t:|1769327652
|switch|p1a: Excadrill|Excadrill, F|100/100 par
|-item|p1a: Excadrill|Air Balloon
|turn|8
|
|t:|1769327659
|cant|p1a: Excadrill|par
|move|p2a: Glimmora|Dazzling Gleam|p1a: Excadrill
|-resisted|p1a: Excadrill
|-damage|p1a: Excadrill|72/100 par
|-enditem|p1a: Excadrill|Air Balloon
|
|-weather|Sandstorm|[upkeep]
|-damage|p2a: Glimmora|88/100|[from] Sandstorm
|upkeep
|turn|9
|
|t:|1769327662
|move|p1a: Excadrill|Iron Head|p2a: Glimmora
|-damage|p2a: Glimmora|32/100
|-activate|p2a: Glimmora|ability: Toxic Debris
|-sidestart|p1: CambridgeFoulPlay|move: Toxic Spikes
|move|p2a: Glimmora|Earth Power|p1a: Excadrill
|-supereffective|p1a: Excadrill
|-damage|p1a: Excadrill|0 fnt
|faint|p1a: Excadrill
|
|-weather|Sandstorm|[upkeep]
|-damage|p2a: Glimmora|26/100|[from] Sandstorm
|upkeep
|
|t:|1769327664
|switch|p1a: Slowking|Slowking-Galar, M|100/100
|-activate|p1a: Slowking|move: Sticky Web
|-unboost|p1a: Slowking|spe|1
|-sideend|p1: CambridgeFoulPlay|move: Toxic Spikes|[of] p1a: Slowking
|turn|10
|
|t:|1769327666
|move|p2a: Glimmora|Earth Power|p1a: Slowking
|-supereffective|p1a: Slowking
|-damage|p1a: Slowking|53/100
|move|p1a: Slowking|Psyshock|p2a: Glimmora
|-damage|p2a: Glimmora|0 fnt
|faint|p2a: Glimmora
|
|-weather|Sandstorm|[upkeep]
|-damage|p1a: Slowking|47/100|[from] Sandstorm
|upkeep
|
|t:|1769327677
|switch|p2a: Iron Hands|Iron Hands|100/100
|-enditem|p2a: Iron Hands|Booster Energy
|-activate|p2a: Iron Hands|ability: Quark Drive|[fromitem]
|-start|p2a: Iron Hands|quarkdriveatk
|turn|11
|
|t:|1769327680
|switch|p1a: Zamazenta|Zamazenta|100/100
|-activate|p1a: Zamazenta|move: Sticky Web
|-unboost|p1a: Zamazenta|spe|1
|move|p2a: Iron Hands|Supercell Slam|p1a: Zamazenta|[miss]
|-miss|p2a: Iron Hands|p1a: Zamazenta
|-damage|p2a: Iron Hands|51/100|[from] supercellslam
|
|-weather|none
|upkeep
|turn|12
|
|t:|1769327687
|-end|p2a: Iron Hands|Quark Drive|[silent]
|switch|p2a: Ribombee|Ribombee, F, shiny|100/100
|move|p1a: Zamazenta|Iron Defense|p1a: Zamazenta
|-boost|p1a: Zamazenta|def|2
|
|upkeep
|turn|13
|
|t:|1769327690
|switch|p1a: Slowking|Slowking-Galar, M|80/100
|-activate|p1a: Slowking|move: Sticky Web
|-unboost|p1a: Slowking|spe|1
|move|p2a: Ribombee|Stun Spore|p1a: Slowking
|-status|p1a: Slowking|par
|
|upkeep
|turn|14
|
|t:|1769327693
|move|p2a: Ribombee|Moonblast|p1a: Slowking
|-resisted|p1a: Slowking
|-damage|p1a: Slowking|69/100 par
|move|p1a: Slowking|Psyshock|p2a: Ribombee
|-damage|p2a: Ribombee|45/100
|
|upkeep
|turn|15
|
|t:|1769327696
|move|p2a: Ribombee|Moonblast|p1a: Slowking
|-resisted|p1a: Slowking
|-damage|p1a: Slowking|58/100 par
|cant|p1a: Slowking|par
|
|upkeep
|turn|16
|
|t:|1769327699
|move|p2a: Ribombee|Moonblast|p1a: Slowking
|-resisted|p1a: Slowking
|-damage|p1a: Slowking|47/100 par
|move|p1a: Slowking|Sludge Bomb|p2a: Ribombee
|-supereffective|p2a: Ribombee
|-damage|p2a: Ribombee|0 fnt
|faint|p2a: Ribombee
|
|upkeep
|
|t:|1769327701
|switch|p2a: Iron Hands|Iron Hands|51/100
|turn|17
|
|t:|1769327703
|switch|p1a: Zamazenta|Zamazenta|100/100
|-activate|p1a: Zamazenta|move: Sticky Web
|-unboost|p1a: Zamazenta|spe|1
|move|p2a: Iron Hands|Supercell Slam|p1a: Zamazenta
|-damage|p1a: Zamazenta|52/100
|
|-heal|p1a: Zamazenta|59/100|[from] item: Leftovers
|upkeep
|turn|18
|
|t:|1769327710
|-end|p2a: Iron Hands|Quark Drive|[silent]
|switch|p2a: Iron Moth|Iron Moth, shiny|100/100
|-enditem|p2a: Iron Moth|Booster Energy
|-activate|p2a: Iron Moth|ability: Quark Drive|[fromitem]
|-start|p2a: Iron Moth|quarkdrivespa
|move|p1a: Zamazenta|Iron Defense|p1a: Zamazenta
|-boost|p1a: Zamazenta|def|2
|
|-heal|p1a: Zamazenta|65/100|[from] item: Leftovers
|upkeep
|turn|19
|
|t:|1769327713
|switch|p1a: Slowking|Slowking-Galar, M|80/100 par
|-activate|p1a: Slowking|move: Sticky Web
|-unboost|p1a: Slowking|spe|1
|move|p2a: Iron Moth|Dazzling Gleam|p1a: Slowking
|-resisted|p1a: Slowking
|-damage|p1a: Slowking|70/100 par
|
|upkeep
|turn|20
|
|t:|1769327716
|move|p2a: Iron Moth|Fiery Dance|p1a: Slowking
|-damage|p1a: Slowking|37/100 par
|move|p1a: Slowking|Psyshock|p2a: Iron Moth
|-supereffective|p2a: Iron Moth
|-damage|p2a: Iron Moth|0 fnt
|faint|p2a: Iron Moth
|-end|p2a: Iron Moth|Quark Drive|[silent]
|
|upkeep
|
|t:|1769327728
|switch|p2a: Iron Hands|Iron Hands|51/100
|turn|21
|
|t:|1769327731
|switch|p1a: Zamazenta|Zamazenta|65/100
|-activate|p1a: Zamazenta|move: Sticky Web
|-unboost|p1a: Zamazenta|spe|1
|move|p2a: Iron Hands|Supercell Slam|p1a: Zamazenta
|-damage|p1a: Zamazenta|16/100
|
|-heal|p1a: Zamazenta|22/100|[from] item: Leftovers
|upkeep
|turn|22
|
|t:|1769327737
|move|p1a: Zamazenta|Body Press|p2a: Iron Hands
|-damage|p2a: Iron Hands|24/100
|move|p2a: Iron Hands|Drain Punch|p1a: Zamazenta
|-damage|p1a: Zamazenta|0 fnt
|-heal|p2a: Iron Hands|32/100|[from] drain|[of] p1a: Zamazenta
|faint|p1a: Zamazenta
|
|upkeep
|
|t:|1769327740
|switch|p1a: Slowking|Slowking-Galar, M|70/100 par
|-activate|p1a: Slowking|move: Sticky Web
|-unboost|p1a: Slowking|spe|1
|turn|23
|
|t:|1769327742
|move|p2a: Iron Hands|Supercell Slam|p1a: Slowking
|-damage|p1a: Slowking|25/100 par
|cant|p1a: Slowking|par
|
|upkeep
|turn|24
|
|t:|1769327748
|switch|p1a: Hydrapple|Hydrapple, M|100/100
|move|p2a: Iron Hands|Ice Punch|p1a: Hydrapple
|-supereffective|p1a: Hydrapple
|-damage|p1a: Hydrapple|20/100
|
|upkeep
|turn|25
|
|t:|1769327752
|switch|p1a: Slowking|Slowking-Galar, M|59/100 par
|-activate|p1a: Slowking|move: Sticky Web
|-unboost|p1a: Slowking|spe|1
|move|p2a: Iron Hands|Drain Punch|p1a: Slowking
|-resisted|p1a: Slowking
|-damage|p1a: Slowking|50/100 par
|-heal|p2a: Iron Hands|35/100|[from] drain|[of] p1a: Slowking
|
|upkeep
|turn|26
|
|t:|1769327755
|switch|p1a: Hydrapple|Hydrapple, M|54/100
|move|p2a: Iron Hands|Ice Punch|p1a: Hydrapple
|-supereffective|p1a: Hydrapple
|-damage|p1a: Hydrapple|0 fnt
|faint|p1a: Hydrapple
|
|upkeep
|
|t:|1769327756
|switch|p1a: Slowking|Slowking-Galar, M|83/100 par
|-activate|p1a: Slowking|move: Sticky Web
|-unboost|p1a: Slowking|spe|1
|turn|27
|
|t:|1769327758
|move|p2a: Iron Hands|Supercell Slam|p1a: Slowking
|-damage|p1a: Slowking|34/100 par
|move|p1a: Slowking|Psyshock|p2a: Iron Hands
|-supereffective|p2a: Iron Hands
|-damage|p2a: Iron Hands|0 fnt
|faint|p2a: Iron Hands
|-end|p2a: Iron Hands|Quark Drive|[silent]
|
|upkeep
|
|t:|1769327761
|switch|p2a: Enamorus|Enamorus, F|100/100
|turn|28
|
|t:|1769327764
|move|p2a: Enamorus|Earth Power|p1a: Slowking
|-supereffective|p1a: Slowking
|-damage|p1a: Slowking|0 fnt
|faint|p1a: Slowking
|
|win|Lunablast
|raw|CambridgeFoulPlay's rating: 1634 &rarr; <strong>1610</strong><br />(-24 for losing)
|raw|Lunablast's rating: 1563 &rarr; <strong>1587</strong><br />(+24 for winning)
|c|☆CambridgeFoulPlay|gg
