|j|☆Just_A_Metalhead
|j|☆N031
|t:|1769413209
|gametype|singles
|player|p1|Just_A_Metalhead|brawly|1142
|player|p2|N031|nate|1144
|gen|9
|tier|[Gen 9] OU
|rated|
|rule|HP Percentage Mod: HP is shown in percentages
|rule|Endless Battle Clause: Forcing endless battles is banned
|rule|Species Clause: Limit one of each Pokémon
|rule|OHKO Clause: OHKO moves are banned
|rule|Evasion Items Clause: Evasion items are banned
|rule|Evasion Moves Clause: Evasion moves are banned
|rule|Evasion Abilities Clause: Evasion abilities are banned
|rule|Sleep Moves Clause: Sleep-inducing moves are banned
|clearpoke
|poke|p1|Great Tusk|
|poke|p1|Iron Valiant|
|poke|p1|Meowscarada, M|
|poke|p1|Toxapex, F|
|poke|p1|Corviknight, M|
|poke|p1|Raging Bolt|
|poke|p2|Pelipper, F|
|poke|p2|Zapdos|
|poke|p2|Lurantis, F|
|poke|p2|Ogerpon-Wellspring, F|
|poke|p2|Braviary-Hisui, M|
|poke|p2|Dragonite, F|
|teampreview
|inactive|Battle timer is ON: inactive players will automatically lose when time's up. (requested by N031)
|
|t:|1769413234
|teamsize|p1|6
|teamsize|p2|6
|start
|switch|p1a: Raging Bolt|Raging Bolt|100/100
|switch|p2a: Dragonite|Dragonite, F, shiny|100/100
|turn|1
|
|t:|1769413244
|move|p2a: Dragonite|Dragon Dance|p2a: Dragonite
|-boost|p2a: Dragonite|atk|1
|-boost|p2a: Dragonite|spe|1
|move|p1a: Raging Bolt|Dragon Pulse|p2a: Dragonite
|-supereffective|p2a: Dragonite
|-damage|p2a: Dragonite|0 fnt
|faint|p2a: Dragonite
|
|upkeep
|
|t:|1769413255
|switch|p2a: Lurantis|Lurantis, F, shiny|100/100
|turn|2
|
|t:|1769413261
|-end|p1a: Raging Bolt|Protosynthesis|[silent]
|switch|p1a: Toxapex|Toxapex, F|100/100
|move|p2a: Lurantis|Superpower|p1a: Toxapex
|-resisted|p1a: Toxapex
|-damage|p1a: Toxapex|86/100
|-boost|p2a: Lurantis|atk|1
|-boost|p2a: Lurantis|def|1
|
|-heal|p1a: Toxapex|93/100|[from] item: Black Sludge
|upkeep
|turn|3
|
|t:|1769413271
|move|p2a: Lurantis|Leaf Blade|p1a: Toxapex
|-damage|p1a: Toxapex|43/100
|move|p1a: Toxapex|Toxic|p2a: Lurantis
|-status|p2a: Lurantis|tox
|
|-heal|p1a: Toxapex|49/100|[from] item: Black Sludge
|-damage|p2a: Lurantis|94/100 tox|[from] psn
|upkeep
|turn|4
|
|t:|1769413282
|move|p1a: Toxapex|Baneful Bunker|p1a: Toxapex
|-singleturn|p1a: Toxapex|move: Protect
|move|p2a: Lurantis|Superpower|p1a: Toxapex
|-activate|p1a: Toxapex|move: Protect
|
|-heal|p2a: Lurantis|100/100 tox|[from] item: Leftovers
|-heal|p1a: Toxapex|55/100|[from] item: Black Sludge
|-damage|p2a: Lurantis|88/100 tox|[from] psn
|upkeep
|turn|5
|
|t:|1769413295
|switch|p1a: Corviknight|Corviknight, M|100/100
|-ability|p1a: Corviknight|Pressure
|move|p2a: Lurantis|Knock Off|p1a: Corviknight
|-damage|p1a: Corviknight|71/100
|-damage|p2a: Lurantis|72/100 tox|[from] item: Rocky Helmet|[of] p1a: Corviknight
|-enditem|p1a: Corviknight|Rocky Helmet|[from] move: Knock Off|[of] p2a: Lurantis
|
|-heal|p2a: Lurantis|78/100 tox|[from] item: Leftovers
|-damage|p2a: Lurantis|60/100 tox|[from] psn
|upkeep
|turn|6
|
|t:|1769413313
|move|p1a: Corviknight|Body Press|p2a: Lurantis
|-damage|p2a: Lurantis|40/100 tox
|move|p2a: Lurantis|Superpower|p1a: Corviknight
|-damage|p1a: Corviknight|32/100
|-boost|p2a: Lurantis|atk|1
|-boost|p2a: Lurantis|def|1
|
|-heal|p2a: Lurantis|46/100 tox|[from] item: Leftovers
|-damage|p2a: Lurantis|21/100 tox|[from] psn
|upkeep
|turn|7
|
|t:|1769413324
|move|p1a: Corviknight|Sunny Day|p1a: Corviknight
|-weather|SunnyDay
|move|p2a: Lurantis|Superpower|p1a: Corviknight
|-damage|p1a: Corviknight|0 fnt
|-boost|p2a: Lurantis|atk|1
|-boost|p2a: Lurantis|def|1
|faint|p1a: Corviknight
|
|-weather|SunnyDay|[upkeep]
|-heal|p2a: Lurantis|28/100 tox|[from] item: Leftovers
|-damage|p2a: Lurantis|0 fnt|[from] psn
|faint|p2a: Lurantis
|upkeep
|
|t:|1769413346
|switch|p1a: Raging Bolt|Raging Bolt|100/100
|switch|p2a: Pelipper|Pelipper, F, shiny|100/100
|-weather|RainDance|[from] ability: Drizzle|[of] p2a: Pelipper
|turn|8
|
|t:|1769413355
|move|p1a: Raging Bolt|Thunderbolt|p2a: Pelipper
|-supereffective|p2a: Pelipper
|-damage|p2a: Pelipper|0 fnt
|faint|p2a: Pelipper
|
|-weather|RainDance|[upkeep]
|upkeep
|
|t:|1769413365
|switch|p2a: Zapdos|Zapdos, shiny|100/100
|turn|9
|
|t:|1769413375
|-end|p1a: Raging Bolt|Protosynthesis|[silent]
|switch|p1a: Great Tusk|Great Tusk|100/100
|move|p2a: Zapdos|Hurricane|p1a: Great Tusk
|-supereffective|p1a: Great Tusk
|-damage|p1a: Great Tusk|0 fnt
|faint|p1a: Great Tusk
|-end|p1a: Great Tusk|Protosynthesis|[silent]
|-damage|p2a: Zapdos|91/100|[from] item: Life Orb
|
|-weather|RainDance|[upkeep]
|upkeep
|
|t:|1769413385
|switch|p1a: Meowscarada|Meowscarada, M, shiny|100/100
|turn|10
|
|t:|1769413388
|move|p1a: Meowscarada|Triple Axel|p2a: Zapdos
|-start|p1a: Meowscarada|typechange|Ice|[from] ability: Protean
|-supereffective|p2a: Zapdos
|-damage|p2a: Zapdos|57/100
|-supereffective|p2a: Zapdos
|-damage|p2a: Zapdos|0 fnt
|faint|p2a: Zapdos
|-hitcount|p2: Zapdos|2
|
|-weather|RainDance|[upkeep]
|upkeep
|
|t:|1769413405
|switch|p2a: Ogerpon|Ogerpon-Wellspring, F|100/100
|turn|11
|
|t:|1769413409
|switch|p1a: Toxapex|Toxapex, F|89/100
|-terastallize|p2a: Ogerpon|Water
|detailschange|p2a: Ogerpon|Ogerpon-Wellspring-Tera, F, tera:Water
|-ability|p2a: Ogerpon|Embody Aspect (Wellspring)|boost
|-boost|p2a: Ogerpon|spd|1
|move|p2a: Ogerpon|Swords Dance|p2a: Ogerpon
|-boost|p2a: Ogerpon|atk|2
|
|-weather|RainDance|[upkeep]
|-heal|p1a: Toxapex|95/100|[from] item: Black Sludge
|upkeep
|turn|12
|
|t:|1769413422
|move|p2a: Ogerpon|Horn Leech|p1a: Toxapex
|-damage|p1a: Toxapex|28/100
|move|p1a: Toxapex|Toxic|p2a: Ogerpon
|-status|p2a: Ogerpon|tox
|
|-weather|RainDance|[upkeep]
|-heal|p1a: Toxapex|34/100|[from] item: Black Sludge
|-damage|p2a: Ogerpon|95/100 tox|[from] psn
|upkeep
|turn|13
|
|t:|1769413432
|move|p1a: Toxapex|Baneful Bunker|p1a: Toxapex
|-singleturn|p1a: Toxapex|move: Protect
|move|p2a: Ogerpon|Swords Dance|p2a: Ogerpon
|-boost|p2a: Ogerpon|atk|2
|
|-weather|RainDance|[upkeep]
|-heal|p1a: Toxapex|40/100|[from] item: Black Sludge
|-damage|p2a: Ogerpon|83/100 tox|[from] psn
|upkeep
|turn|14
|
|t:|1769413444
|move|p2a: Ogerpon|Horn Leech|p1a: Toxapex
|-damage|p1a: Toxapex|0 fnt
|-heal|p2a: Ogerpon|100/100 tox|[from] drain|[of] p1a: Toxapex
|faint|p1a: Toxapex
|
|-weather|RainDance|[upkeep]
|-damage|p2a: Ogerpon|83/100 tox|[from] psn
|upkeep
|
|t:|1769413448
|switch|p1a: Meowscarada|Meowscarada, M, shiny|100/100
|turn|15
|
|t:|1769413464
|move|p1a: Meowscarada|Flower Trick|p2a: Ogerpon
|-start|p1a: Meowscarada|typechange|Grass|[from] ability: Protean
|-supereffective|p2a: Ogerpon
|-crit|p2a: Ogerpon
|-damage|p2a: Ogerpon|0 fnt
|faint|p2a: Ogerpon
|detailschange|p2: Ogerpon|Ogerpon-Wellspring, F|[silent]
|
|-weather|none
|upkeep
|
|t:|1769413473
|switch|p2a: Braviary|Braviary-Hisui, M|100/100
|turn|16
|
|t:|1769413481
|switch|p1a: Raging Bolt|Raging Bolt|100/100
|move|p2a: Braviary|Esper Wing|p1a: Raging Bolt
|-damage|p1a: Raging Bolt|69/100
|-boost|p2a: Braviary|spe|1
|
|upkeep
|turn|17
|
|t:|1769413489
|-terastallize|p1a: Raging Bolt|Electric
|move|p2a: Braviary|Dazzling Gleam|p1a: Raging Bolt
|-damage|p1a: Raging Bolt|44/100
|move|p1a: Raging Bolt|Thunderbolt|p2a: Braviary
|-supereffective|p2a: Braviary
|-damage|p2a: Braviary|0 fnt
|faint|p2a: Braviary
|-heal|p1a: Raging Bolt|56/100|[from] item: Shell Bell|[of] p2: Braviary
|
|win|Just_A_Metalhead
|raw|Just_A_Metalhead's rating: 1142 &rarr; <strong>1167</strong><br />(+25 for winning)
|raw|N031's rating: 1144 &rarr; <strong>1119</strong><br />(-25 for losing)
|l|☆N031
|player|p2|
|l|☆Just_A_Metalhead
|player|p1|
