|j|☆seita do macachita
|j|☆Ghost_Best_Girl
|t:|1769387756
|gametype|singles
|player|p1|seita do macachita|hilbert|1368
|player|p2|Ghost_Best_Girl|lucian|1378
|gen|9
|tier|[Gen 9] OU
|rated|
|rule|HP Percentage Mod: HP is shown in percentages
|rule|Endless Battle Clause: Forcing endless battles is banned
|rule|Species Clause: Limit one of each Pokémon
|rule|OHKO Clause: OHKO moves are banned
|rule|Evasion Items Clause: Evasion items are banned
|rule|Evasion Moves Clause: Evasion moves are banned
|rule|Evasion Abilities Clause: Evasion abilities are banned
|rule|Sleep Moves Clause: Sleep-inducing moves are banned
|clearpoke
|poke|p1|Kingambit, F|
|poke|p1|Landorus-Therian, M|
|poke|p1|Scizor, F|
|poke|p1|Zapdos|
|poke|p1|Dragapult, M|
|poke|p1|Glimmora, F|
|poke|p2|Darkrai|
|poke|p2|Iron Moth|
|poke|p2|Kyurem|
|poke|p2|Iron Treads|
|poke|p2|Ceruledge, M|
|poke|p2|Meowscarada, F|
|teampreview
|
|t:|1769387784
|teamsize|p1|6
|teamsize|p2|6
|start
|switch|p1a: Glimmora|Glimmora, F|100/100
|switch|p2a: Iron Treads|Iron Treads|100/100
|-enditem|p2a: Iron Treads|Booster Energy
|-activate|p2a: Iron Treads|ability: Quark Drive|[fromitem]
|-start|p2a: Iron Treads|quarkdrivespe
|turn|1
|
|t:|1769387792
|switch|p1a: Landorus|Landorus-Therian, M|100/100
|-ability|p1a: Landorus|Intimidate|boost
|-unboost|p2a: Iron Treads|atk|1
|move|p2a: Iron Treads|Earth Power|p1a: Landorus
|-immune|p1a: Landorus
|
|upkeep
|turn|2
|
|t:|1769387797
|move|p2a: Iron Treads|Stealth Rock|p1a: Landorus
|-sidestart|p1: seita do macachita|move: Stealth Rock
|move|p1a: Landorus|Earth Power|p2a: Iron Treads
|-supereffective|p2a: Iron Treads
|-damage|p2a: Iron Treads|5/100
|
|upkeep
|turn|3
|
|t:|1769387802
|move|p2a: Iron Treads|Steel Beam|p1a: Landorus
|-damage|p1a: Landorus|51/100
|-damage|p2a: Iron Treads|0 fnt|[from] steelbeam
|faint|p2a: Iron Treads
|-end|p2a: Iron Treads|Quark Drive|[silent]
|move|p1a: Landorus|Stealth Rock|p2: Iron Treads
|-sidestart|p2: Ghost_Best_Girl|move: Stealth Rock
|
|upkeep
|inactive|Battle timer is ON: inactive players will automatically lose when time's up. (requested by seita do macachita)
|
|t:|1769387814
|switch|p2a: Kyurem|Kyurem, shiny|100/100
|-damage|p2a: Kyurem|76/100|[from] Stealth Rock
|-ability|p2a: Kyurem|Pressure
|turn|4
|
|t:|1769387831
|switch|p1a: Kingambit|Kingambit, F|100/100
|-damage|p1a: Kingambit|94/100|[from] Stealth Rock
|move|p2a: Kyurem|Freeze-Dry|p1a: Kingambit
|-resisted|p1a: Kingambit
|-damage|p1a: Kingambit|66/100
|
|-heal|p1a: Kingambit|73/100|[from] item: Leftovers
|upkeep
|turn|5
|inactive|Ghost_Best_Girl has 120 seconds left.
|
|t:|1769387861
|switch|p2a: Ceruledge|Ceruledge, M|100/100
|-damage|p2a: Ceruledge|76/100|[from] Stealth Rock
|move|p1a: Kingambit|Kowtow Cleave|p2a: Ceruledge
|-supereffective|p2a: Ceruledge
|-damage|p2a: Ceruledge|0 fnt
|faint|p2a: Ceruledge
|
|-heal|p1a: Kingambit|79/100|[from] item: Leftovers
|upkeep
|inactive|Ghost_Best_Girl has 120 seconds left.
|
|t:|1769387876
|switch|p2a: Iron Moth|Iron Moth, shiny|100/100
|-damage|p2a: Iron Moth|76/100|[from] Stealth Rock
|-enditem|p2a: Iron Moth|Booster Energy
|-activate|p2a: Iron Moth|ability: Quark Drive|[fromitem]
|-start|p2a: Iron Moth|quarkdrivespe
|turn|6
|
|t:|1769387900
|-end|p1a: Kingambit|fallenundefined|[silent]
|switch|p1a: Landorus|Landorus-Therian, M|51/100
|-damage|p1a: Landorus|39/100|[from] Stealth Rock
|-ability|p1a: Landorus|Intimidate|boost
|-unboost|p2a: Iron Moth|atk|1
|move|p2a: Iron Moth|Fiery Dance|p1a: Landorus
|-damage|p1a: Landorus|0 fnt
|-boost|p2a: Iron Moth|spa|1
|faint|p1a: Landorus
|
|upkeep
|
|t:|1769387908
|switch|p1a: Glimmora|Glimmora, F|100/100
|-damage|p1a: Glimmora|88/100|[from] Stealth Rock
|turn|7
|
|t:|1769387913
|move|p2a: Iron Moth|Psychic|p1a: Glimmora
|-supereffective|p1a: Glimmora
|-damage|p1a: Glimmora|0 fnt
|faint|p1a: Glimmora
|
|upkeep
|
|t:|1769387922
|switch|p1a: Zapdos|Zapdos|100/100
|turn|8
|
|t:|1769387934
|move|p2a: Iron Moth|Fiery Dance|p1a: Zapdos
|-damage|p1a: Zapdos|36/100
|-boost|p2a: Iron Moth|spa|1
|move|p1a: Zapdos|Discharge|p2a: Iron Moth
|-damage|p2a: Iron Moth|39/100
|
|upkeep
|turn|9
|
|t:|1769387943
|move|p2a: Iron Moth|Fiery Dance|p1a: Zapdos
|-damage|p1a: Zapdos|0 fnt
|-boost|p2a: Iron Moth|spa|1
|faint|p1a: Zapdos
|
|upkeep
|
|t:|1769387948
|switch|p1a: Scizor|Scizor, F|100/100
|-damage|p1a: Scizor|88/100|[from] Stealth Rock
|turn|10
|
|t:|1769387952
|-terastallize|p1a: Scizor|Steel
|move|p1a: Scizor|Bullet Punch|p2a: Iron Moth
|-resisted|p2a: Iron Moth
|-damage|p2a: Iron Moth|0 fnt
|faint|p2a: Iron Moth
|-end|p2a: Iron Moth|Quark Drive|[silent]
|
|upkeep
|
|t:|1769387963
|switch|p2a: Kyurem|Kyurem, shiny|76/100
|-damage|p2a: Kyurem|51/100|[from] Stealth Rock
|-ability|p2a: Kyurem|Pressure
|turn|11
|
|t:|1769387969
|switch|p1a: Kingambit|Kingambit, F|79/100
|-damage|p1a: Kingambit|73/100|[from] Stealth Rock
|-activate|p1a: Kingambit|ability: Supreme Overlord
|-start|p1a: Kingambit|fallen3|[silent]
|move|p2a: Kyurem|Earth Power|p1a: Kingambit
|-supereffective|p1a: Kingambit
|-damage|p1a: Kingambit|0 fnt
|faint|p1a: Kingambit
|-end|p1a: Kingambit|fallen3|[silent]
|
|upkeep
|
|t:|1769387971
|switch|p1a: Scizor|Scizor, F, tera:Steel|88/100
|-damage|p1a: Scizor|82/100|[from] Stealth Rock
|turn|12
|
|t:|1769387983
|move|p1a: Scizor|Bullet Punch|p2a: Kyurem
|-supereffective|p2a: Kyurem
|-damage|p2a: Kyurem|0 fnt
|faint|p2a: Kyurem
|
|upkeep
|
|t:|1769387996
|switch|p2a: Darkrai|Darkrai|100/100
|-damage|p2a: Darkrai|88/100|[from] Stealth Rock
|turn|13
|
|t:|1769388001
|move|p1a: Scizor|Bullet Punch|p2a: Darkrai
|-damage|p2a: Darkrai|0 fnt
|faint|p2a: Darkrai
|
|upkeep
|
|t:|1769388004
|switch|p2a: Meowscarada|Meowscarada, F, shiny|100/100
|-damage|p2a: Meowscarada|88/100|[from] Stealth Rock
|turn|14
|
|t:|1769388017
|-terastallize|p2a: Meowscarada|Ghost
|move|p1a: Scizor|Bullet Punch|p2a: Meowscarada
|-damage|p2a: Meowscarada|0 fnt
|faint|p2a: Meowscarada
|
|win|seita do macachita
|raw|seita do macachita's rating: 1368 &rarr; <strong>1389</strong><br />(+21 for winning)
|raw|Ghost_Best_Girl's rating: 1378 &rarr; <strong>1357</strong><br />(-21 for losing)
