|j|☆Yep c moi
|j|☆Catannihilator
|t:|1769425546
|gametype|singles
|player|p1|Yep c moi|aaron|1508
|player|p2|Catannihilator|266|1482
|gen|9
|tier|[Gen 9] OU
|rated|
|rule|HP Percentage Mod: HP is shown in percentages
|rule|Endless Battle Clause: Forcing endless battles is banned
|rule|Species Clause: Limit one of each Pokémon
|rule|OHKO Clause: OHKO moves are banned
|rule|Evasion Items Clause: Evasion items are banned
|rule|Evasion Moves Clause: Evasion moves are banned
|rule|Evasion Abilities Clause: Evasion abilities are banned
|rule|Sleep Moves Clause: Sleep-inducing moves are banned
|clearpoke
|poke|p1|Dragalge, F|
|poke|p1|Alomomola, F|
|poke|p1|Weavile, F|
|poke|p1|Great Tusk|
|poke|p1|Iron Crown|
|poke|p1|Dragonite, F|
|poke|p2|Moltres|
|poke|p2|Zamazenta-*|
|poke|p2|Darkrai|
|poke|p2|Hydrapple, M|
|poke|p2|Ting-Lu|
|poke|p2|Tinkaton, F|
|teampreview
|l|☆Yep c moi
|player|p1|
|j|☆Yep c moi
|player|p1|Yep c moi|aaron|
|inactive|Battle timer is ON: inactive players will automatically lose when time's up. (requested by Catannihilator)
|
|t:|1769425630
|teamsize|p1|6
|teamsize|p2|6
|start
|switch|p1a: Dragalge|Dragalge, F|100/100
|switch|p2a: Tinkaton|Tinkaton, F|100/100
|-ability|p2a: Tinkaton|Mold Breaker
|-item|p2a: Tinkaton|Air Balloon
|turn|1
|
|t:|1769425638
|switch|p2a: Ting-Lu|Ting-Lu|100/100
|-ability|p2a: Ting-Lu|Vessel of Ruin
|move|p1a: Dragalge|Scald|p2a: Ting-Lu
|-supereffective|p2a: Ting-Lu
|-damage|p2a: Ting-Lu|84/100
|
|-heal|p2a: Ting-Lu|90/100|[from] item: Leftovers
|upkeep
|turn|2
|
|t:|1769425647
|move|p2a: Ting-Lu|Spikes|p1a: Dragalge
|-sidestart|p1: Yep c moi|Spikes
|move|p1a: Dragalge|Scald|p2a: Ting-Lu
|-supereffective|p2a: Ting-Lu
|-damage|p2a: Ting-Lu|75/100
|-status|p2a: Ting-Lu|brn
|
|-heal|p2a: Ting-Lu|81/100 brn|[from] item: Leftovers
|-damage|p2a: Ting-Lu|75/100 brn|[from] brn
|upkeep
|turn|3
|
|t:|1769425654
|move|p2a: Ting-Lu|Earthquake|p1a: Dragalge
|-supereffective|p1a: Dragalge
|-damage|p1a: Dragalge|73/100
|move|p1a: Dragalge|Toxic Spikes|p2a: Ting-Lu
|-sidestart|p2: Catannihilator|move: Toxic Spikes
|
|-heal|p2a: Ting-Lu|81/100 brn|[from] item: Leftovers
|-damage|p2a: Ting-Lu|75/100 brn|[from] brn
|upkeep
|turn|4
|
|t:|1769425660
|switch|p1a: Alomomola|Alomomola, F|100/100
|move|p2a: Ting-Lu|Whirlwind|p1a: Alomomola
|drag|p1a: Dragalge|Dragalge, F|73/100
|
|-heal|p2a: Ting-Lu|81/100 brn|[from] item: Leftovers
|-damage|p2a: Ting-Lu|75/100 brn|[from] brn
|upkeep
|turn|5
|
|t:|1769425672
|switch|p1a: Alomomola|Alomomola, F|100/100
|move|p2a: Ting-Lu|Whirlwind|p1a: Alomomola
|drag|p1a: Dragonite|Dragonite, F|100/100
|
|-heal|p2a: Ting-Lu|81/100 brn|[from] item: Leftovers
|-damage|p2a: Ting-Lu|75/100 brn|[from] brn
|upkeep
|turn|6
|
|t:|1769425678
|move|p1a: Dragonite|Ice Spinner|p2a: Ting-Lu
|-supereffective|p2a: Ting-Lu
|-damage|p2a: Ting-Lu|42/100 brn
|move|p2a: Ting-Lu|Ruination|p1a: Dragonite
|-damage|p1a: Dragonite|51/100
|
|-heal|p2a: Ting-Lu|49/100 brn|[from] item: Leftovers
|-damage|p2a: Ting-Lu|42/100 brn|[from] brn
|upkeep
|turn|7
|
|t:|1769425689
|switch|p2a: Moltres|Moltres|100/100
|move|p1a: Dragonite|Dragon Dance|p1a: Dragonite
|-boost|p1a: Dragonite|atk|1
|-boost|p1a: Dragonite|spe|1
|
|upkeep
|turn|8
|
|t:|1769425694
|move|p1a: Dragonite|Ice Spinner|p2a: Moltres
|-damage|p2a: Moltres|70/100
|move|p2a: Moltres|Roar|p1a: Dragonite
|drag|p1a: Iron Crown|Iron Crown|100/100
|-damage|p1a: Iron Crown|88/100|[from] Spikes
|
|upkeep
|turn|9
|
|t:|1769425702
|move|p1a: Iron Crown|Psychic Noise|p2a: Moltres
|-damage|p2a: Moltres|34/100
|-start|p2a: Moltres|move: Heal Block
|move|p2a: Moltres|Flamethrower|p1a: Iron Crown
|-supereffective|p1a: Iron Crown
|-damage|p1a: Iron Crown|34/100
|
|upkeep
|turn|10
|
|t:|1769425717
|switch|p2a: Ting-Lu|Ting-Lu|42/100 brn
|-ability|p2a: Ting-Lu|Vessel of Ruin
|move|p1a: Iron Crown|Volt Switch|p2a: Ting-Lu
|-immune|p2a: Ting-Lu
|
|-heal|p2a: Ting-Lu|49/100 brn|[from] item: Leftovers
|-damage|p2a: Ting-Lu|42/100 brn|[from] brn
|upkeep
|turn|11
|
|t:|1769425723
|-end|p1a: Iron Crown|Quark Drive|[silent]
|switch|p1a: Dragonite|Dragonite, F|51/100
|move|p2a: Ting-Lu|Spikes|p1a: Dragonite
|-sidestart|p1: Yep c moi|Spikes
|
|-heal|p2a: Ting-Lu|49/100 brn|[from] item: Leftovers
|-damage|p2a: Ting-Lu|42/100 brn|[from] brn
|upkeep
|turn|12
|
|t:|1769425731
|switch|p2a: Tinkaton|Tinkaton, F|100/100
|-ability|p2a: Tinkaton|Mold Breaker
|-item|p2a: Tinkaton|Air Balloon
|move|p1a: Dragonite|Ice Spinner|p2a: Tinkaton
|-resisted|p2a: Tinkaton
|-damage|p2a: Tinkaton|84/100
|-enditem|p2a: Tinkaton|Air Balloon
|
|upkeep
|turn|13
|
|t:|1769425739
|move|p2a: Tinkaton|Gigaton Hammer|p1a: Dragonite
|-damage|p1a: Dragonite|0 fnt
|faint|p1a: Dragonite
|
|upkeep
|
|t:|1769425743
|switch|p1a: Great Tusk|Great Tusk|100/100
|turn|14
|
|t:|1769425752
|-terastallize|p2a: Tinkaton|Ghost
|move|p2a: Tinkaton|Encore||[still]
|-fail|p2a: Tinkaton
|move|p1a: Great Tusk|Rapid Spin|p2a: Tinkaton
|-immune|p2a: Tinkaton
|
|upkeep
|turn|15
|
|t:|1769425761
|-end|p1a: Great Tusk|Protosynthesis|[silent]
|switch|p1a: Alomomola|Alomomola, F|100/100
|move|p2a: Tinkaton|Stealth Rock|p1a: Alomomola
|-sidestart|p1: Yep c moi|move: Stealth Rock
|
|upkeep
|turn|16
|
|t:|1769425767
|move|p2a: Tinkaton|Thunder Wave|p1a: Alomomola
|-status|p1a: Alomomola|par
|move|p1a: Alomomola|Flip Turn|p2a: Tinkaton
|-damage|p2a: Tinkaton|65/100
|
|t:|1769425780
|switch|p1a: Dragalge|Dragalge, F|73/100|[from] Flip Turn
|
|upkeep
|turn|17
|
|t:|1769425785
|switch|p2a: Ting-Lu|Ting-Lu|42/100 brn
|-ability|p2a: Ting-Lu|Vessel of Ruin
|move|p1a: Dragalge|Scald|p2a: Ting-Lu
|-supereffective|p2a: Ting-Lu
|-crit|p2a: Ting-Lu
|-damage|p2a: Ting-Lu|18/100 brn
|
|-heal|p2a: Ting-Lu|24/100 brn|[from] item: Leftovers
|-damage|p2a: Ting-Lu|18/100 brn|[from] brn
|upkeep
|turn|18
|
|t:|1769425796
|switch|p1a: Great Tusk|Great Tusk|100/100
|move|p2a: Ting-Lu|Earthquake|p1a: Great Tusk
|-damage|p1a: Great Tusk|88/100
|
|-heal|p2a: Ting-Lu|24/100 brn|[from] item: Leftovers
|-damage|p2a: Ting-Lu|18/100 brn|[from] brn
|upkeep
|turn|19
|
|t:|1769425799
|switch|p2a: Tinkaton|Tinkaton, F, tera:Ghost|65/100
|-status|p2a: Tinkaton|psn
|-ability|p2a: Tinkaton|Mold Breaker
|move|p1a: Great Tusk|Headlong Rush|p2a: Tinkaton
|-damage|p2a: Tinkaton|0 fnt
|-unboost|p1a: Great Tusk|def|1
|-unboost|p1a: Great Tusk|spd|1
|faint|p2a: Tinkaton
|
|upkeep
|
|t:|1769425806
|switch|p2a: Darkrai|Darkrai, shiny|100/100
|turn|20
|
|t:|1769425811
|-end|p1a: Great Tusk|Protosynthesis|[silent]
|switch|p1a: Alomomola|Alomomola, F|100/100 par
|move|p2a: Darkrai|Dark Pulse|p1a: Alomomola
|-damage|p1a: Alomomola|67/100 par
|
|upkeep
|turn|21
|
|t:|1769425815
|move|p2a: Darkrai|Dark Pulse|p1a: Alomomola
|-damage|p1a: Alomomola|32/100 par
|move|p1a: Alomomola|Flip Turn|p2a: Darkrai
|-damage|p2a: Darkrai|79/100
|
|t:|1769425823
|switch|p1a: Great Tusk|Great Tusk|88/100|[from] Flip Turn
|
|upkeep
|turn|22
|
|t:|1769425827
|move|p2a: Darkrai|Ice Beam|p1a: Great Tusk
|-supereffective|p1a: Great Tusk
|-damage|p1a: Great Tusk|0 fnt
|faint|p1a: Great Tusk
|-end|p1a: Great Tusk|Protosynthesis|[silent]
|
|upkeep
|
|t:|1769425831
|switch|p1a: Weavile|Weavile, F|100/100
|-damage|p1a: Weavile|84/100|[from] Spikes
|-damage|p1a: Weavile|59/100|[from] Stealth Rock
|-ability|p1a: Weavile|Pressure
|turn|23
|
|t:|1769425837
|switch|p2a: Ting-Lu|Ting-Lu|18/100 brn
|-ability|p2a: Ting-Lu|Vessel of Ruin
|move|p1a: Weavile|Triple Axel|p2a: Ting-Lu|[miss]
|-miss|p1a: Weavile|p2a: Ting-Lu
|
|-heal|p2a: Ting-Lu|24/100 brn|[from] item: Leftovers
|-damage|p2a: Ting-Lu|18/100 brn|[from] brn
|upkeep
|turn|24
|
|t:|1769425842
|move|p1a: Weavile|Triple Axel|p2a: Ting-Lu
|-supereffective|p2a: Ting-Lu
|-damage|p2a: Ting-Lu|3/100 brn
|-supereffective|p2a: Ting-Lu
|-damage|p2a: Ting-Lu|0 fnt
|faint|p2a: Ting-Lu
|-hitcount|p2: Ting-Lu|2
|
|upkeep
|
|t:|1769425847
|switch|p2a: Zamazenta|Zamazenta|100/100
|-ability|p2a: Zamazenta|Dauntless Shield|boost
|-boost|p2a: Zamazenta|def|1
|turn|25
|
|t:|1769425852
|switch|p1a: Dragalge|Dragalge, F|73/100
|move|p2a: Zamazenta|Stone Edge|p1a: Dragalge
|-crit|p1a: Dragalge
|-damage|p1a: Dragalge|31/100
|
|upkeep
|turn|26
|
|t:|1769425862
|switch|p2a: Darkrai|Darkrai, shiny|79/100
|move|p1a: Dragalge|Scald|p2a: Darkrai
|-damage|p2a: Darkrai|56/100
|
|upkeep
|turn|27
|
|t:|1769425865
|move|p2a: Darkrai|Ice Beam|p1a: Dragalge
|-supereffective|p1a: Dragalge
|-damage|p1a: Dragalge|0 fnt
|faint|p1a: Dragalge
|
|upkeep
|
|t:|1769425867
|switch|p1a: Weavile|Weavile, F|59/100
|-damage|p1a: Weavile|43/100|[from] Spikes
|-damage|p1a: Weavile|18/100|[from] Stealth Rock
|-ability|p1a: Weavile|Pressure
|turn|28
|
|t:|1769425876
|switch|p2a: Moltres|Moltres|34/100
|-terastallize|p1a: Weavile|Ice
|move|p1a: Weavile|Ice Shard|p2a: Moltres
|-damage|p2a: Moltres|8/100
|
|upkeep
|turn|29
|
|t:|1769425883
|move|p1a: Weavile|Ice Shard|p2a: Moltres
|-damage|p2a: Moltres|0 fnt
|faint|p2a: Moltres
|
|upkeep
|
|t:|1769425886
|switch|p2a: Zamazenta|Zamazenta|100/100
|turn|30
|-message|Yep c moi forfeited.
|
|win|Catannihilator
|raw|Yep c moi's rating: 1508 &rarr; <strong>1487</strong><br />(-21 for losing)
|raw|Catannihilator's rating: 1482 &rarr; <strong>1503</strong><br />(+21 for winning)
|l|☆Yep c moi
|player|p1|
