|j|☆Vandenta
|j|☆pipipipichu
|t:|1769401539
|gametype|singles
|player|p1|Vandenta|ghetsis-gen5bw|1422
|player|p2|pipipipichu|red|1413
|gen|9
|tier|[Gen 9] OU
|rated|
|rule|HP Percentage Mod: HP is shown in percentages
|rule|Endless Battle Clause: Forcing endless battles is banned
|rule|Species Clause: Limit one of each Pokémon
|rule|OHKO Clause: OHKO moves are banned
|rule|Evasion Items Clause: Evasion items are banned
|rule|Evasion Moves Clause: Evasion moves are banned
|rule|Evasion Abilities Clause: Evasion abilities are banned
|rule|Sleep Moves Clause: Sleep-inducing moves are banned
|clearpoke
|poke|p1|Dragonite, M|
|poke|p1|Beartic, M|
|poke|p1|Slowking, F|
|poke|p1|Salazzle, F|
|poke|p1|Hydreigon, F|
|poke|p1|Corviknight, F|
|poke|p2|Garganacl, F|
|poke|p2|Darkrai|
|poke|p2|Great Tusk|
|poke|p2|Hatterene, F|
|poke|p2|Tornadus-Therian, M|
|poke|p2|Dragonite, M|
|teampreview
|inactive|Battle timer is ON: inactive players will automatically lose when time's up. (requested by Vandenta)
|
|t:|1769401553
|teamsize|p1|6
|teamsize|p2|6
|start
|switch|p1a: Corviknight|Corviknight, F|100/100
|switch|p2a: Garganacl|Garganacl, F|100/100
|-ability|p1a: Corviknight|Pressure
|turn|1
|
|t:|1769401566
|move|p1a: Corviknight|Brave Bird|p2a: Garganacl
|-resisted|p2a: Garganacl
|-damage|p2a: Garganacl|88/100
|-damage|p1a: Corviknight|96/100|[from] Recoil
|move|p2a: Garganacl|Salt Cure|p1a: Corviknight
|-damage|p1a: Corviknight|86/100
|-start|p1a: Corviknight|Salt Cure
|
|-heal|p2a: Garganacl|94/100|[from] item: Leftovers
|-damage|p1a: Corviknight|62/100|[from] Salt Cure
|upkeep
|turn|2
|
|t:|1769401569
|move|p1a: Corviknight|U-turn|p2a: Garganacl
|-damage|p2a: Garganacl|84/100
|
|t:|1769401571
|switch|p1a: Slowking|Slowking, F|100/100|[from] U-turn
|move|p2a: Garganacl|Stealth Rock|p1a: Slowking
|-sidestart|p1: Vandenta|move: Stealth Rock
|
|-heal|p2a: Garganacl|90/100|[from] item: Leftovers
|upkeep
|turn|3
|
|t:|1769401574
|move|p2a: Garganacl|Protect|p2a: Garganacl
|-singleturn|p2a: Garganacl|Protect
|move|p1a: Slowking|Scald|p2a: Garganacl
|-activate|p2a: Garganacl|move: Protect
|
|-heal|p2a: Garganacl|96/100|[from] item: Leftovers
|upkeep
|turn|4
|
|t:|1769401581
|switch|p2a: Tornadus|Tornadus-Therian, M, shiny|100/100
|move|p1a: Slowking|Scald|p2a: Tornadus
|-damage|p2a: Tornadus|83/100
|
|upkeep
|turn|5
|
|t:|1769401584
|move|p2a: Tornadus|Knock Off|p1a: Slowking
|-supereffective|p1a: Slowking
|-damage|p1a: Slowking|73/100
|-enditem|p1a: Slowking|Icy Rock|[from] move: Knock Off|[of] p2a: Tornadus
|move|p1a: Slowking|Thunder Wave|p2a: Tornadus
|-status|p2a: Tornadus|par
|
|upkeep
|turn|6
|
|t:|1769401591
|cant|p2a: Tornadus|par
|-prepare|p1a: Slowking|Chilly Reception|[premajor]
|move|p1a: Slowking|Chilly Reception|p1a: Slowking
|-weather|Snowscape
|
|t:|1769401593
|switch|p1a: Corviknight|Corviknight, F|62/100|[from] Chilly Reception
|-damage|p1a: Corviknight|49/100|[from] Stealth Rock
|-ability|p1a: Corviknight|Pressure
|
|-weather|Snowscape|[upkeep]
|upkeep
|turn|7
|
|t:|1769401597
|cant|p2a: Tornadus|par
|move|p1a: Corviknight|Defog|p2a: Tornadus
|-unboost|p2a: Tornadus|evasion|1
|-sideend|p1: Vandenta|Stealth Rock|[from] move: Defog|[of] p1a: Corviknight
|
|-weather|Snowscape|[upkeep]
|upkeep
|turn|8
|
|t:|1769401599
|move|p2a: Tornadus|Heat Wave|p1a: Corviknight
|-supereffective|p1a: Corviknight
|-damage|p1a: Corviknight|13/100
|move|p1a: Corviknight|U-turn|p2a: Tornadus
|-resisted|p2a: Tornadus
|-damage|p2a: Tornadus|74/100 par
|
|t:|1769401603
|switch|p1a: Beartic|Beartic, M|100/100|[from] U-turn
|
|-weather|Snowscape|[upkeep]
|upkeep
|turn|9
|
|t:|1769401611
|switch|p2a: Garganacl|Garganacl, F|96/100
|move|p1a: Beartic|Swords Dance|p1a: Beartic
|-boost|p1a: Beartic|atk|2
|
|-weather|Snowscape|[upkeep]
|-heal|p2a: Garganacl|100/100|[from] item: Leftovers
|upkeep
|turn|10
|
|t:|1769401614
|move|p2a: Garganacl|Protect|p2a: Garganacl
|-singleturn|p2a: Garganacl|Protect
|move|p1a: Beartic|Earthquake|p2a: Garganacl
|-activate|p2a: Garganacl|move: Protect
|
|-weather|none
|upkeep
|turn|11
|
|t:|1769401622
|switch|p2a: Tornadus|Tornadus-Therian, M, shiny|100/100 par
|move|p1a: Beartic|Earthquake|p2a: Tornadus
|-immune|p2a: Tornadus
|
|upkeep
|turn|12
|
|t:|1769401629
|move|p1a: Beartic|Icicle Spear|p2a: Tornadus
|-supereffective|p2a: Tornadus
|-damage|p2a: Tornadus|40/100 par
|-supereffective|p2a: Tornadus
|-damage|p2a: Tornadus|0 fnt
|faint|p2a: Tornadus
|-hitcount|p2: Tornadus|2
|
|upkeep
|
|t:|1769401638
|switch|p2a: Great Tusk|Great Tusk|100/100
|-enditem|p2a: Great Tusk|Booster Energy
|-activate|p2a: Great Tusk|ability: Protosynthesis|[fromitem]
|-start|p2a: Great Tusk|protosynthesisatk
|turn|13
|
|t:|1769401643
|switch|p1a: Corviknight|Corviknight, F|13/100
|-ability|p1a: Corviknight|Pressure
|move|p2a: Great Tusk|Close Combat|p1a: Corviknight
|-damage|p1a: Corviknight|0 fnt
|-unboost|p2a: Great Tusk|def|1
|-unboost|p2a: Great Tusk|spd|1
|-damage|p2a: Great Tusk|84/100|[from] item: Rocky Helmet|[of] p1a: Corviknight
|faint|p1a: Corviknight
|
|upkeep
|
|t:|1769401649
|switch|p1a: Slowking|Slowking, F|100/100
|turn|14
|
|t:|1769401661
|-end|p2a: Great Tusk|Protosynthesis|[silent]
|switch|p2a: Hatterene|Hatterene, F|100/100
|move|p1a: Slowking|Scald|p2a: Hatterene
|-damage|p2a: Hatterene|70/100
|
|upkeep
|turn|15
|
|t:|1769401667
|-prepare|p1a: Slowking|Chilly Reception|[premajor]
|move|p1a: Slowking|Chilly Reception|p1a: Slowking
|-weather|Snowscape
|
|t:|1769401672
|switch|p1a: Beartic|Beartic, M|100/100|[from] Chilly Reception
|move|p2a: Hatterene|Future Sight|p1a: Beartic
|-start|p2a: Hatterene|move: Future Sight
|
|-weather|Snowscape|[upkeep]
|upkeep
|turn|16
|
|t:|1769401678
|move|p1a: Beartic|Icicle Spear|p2a: Hatterene
|-damage|p2a: Hatterene|60/100
|-damage|p2a: Hatterene|50/100
|-damage|p2a: Hatterene|39/100
|-damage|p2a: Hatterene|27/100
|-hitcount|p2a: Hatterene|4
|move|p2a: Hatterene|Nuzzle|p1a: Beartic
|-damage|p1a: Beartic|97/100
|-status|p1a: Beartic|par
|
|-weather|Snowscape|[upkeep]
|upkeep
|turn|17
|
|t:|1769401686
|move|p1a: Beartic|Icicle Spear|p2a: Hatterene
|-crit|p2a: Hatterene
|-damage|p2a: Hatterene|11/100
|-damage|p2a: Hatterene|1/100
|-damage|p2a: Hatterene|0 fnt
|faint|p2a: Hatterene
|-hitcount|p2: Hatterene|3
|
|-weather|Snowscape|[upkeep]
|-end|p1a: Beartic|move: Future Sight
|-damage|p1a: Beartic|31/100 par
|upkeep
|
|t:|1769401700
|switch|p2a: Dragonite|Dragonite, M|100/100
|turn|18
|
|t:|1769401705
|move|p2a: Dragonite|Extreme Speed|p1a: Beartic
|-crit|p1a: Beartic
|-damage|p1a: Beartic|0 fnt
|faint|p1a: Beartic
|
|-weather|Snowscape|[upkeep]
|upkeep
|
|t:|1769401714
|switch|p1a: Slowking|Slowking, F|100/100
|turn|19
|
|t:|1769401719
|switch|p2a: Darkrai|Darkrai|100/100
|move|p1a: Slowking|Thunder Wave|p2a: Darkrai
|-status|p2a: Darkrai|par
|
|-weather|none
|upkeep
|turn|20
|
|t:|1769401731
|switch|p2a: Garganacl|Garganacl, F|100/100
|-prepare|p1a: Slowking|Chilly Reception|[premajor]
|move|p1a: Slowking|Chilly Reception|p1a: Slowking
|-weather|Snowscape
|
|t:|1769401739
|switch|p1a: Hydreigon|Hydreigon, F, shiny|100/100|[from] Chilly Reception
|
|-weather|Snowscape|[upkeep]
|upkeep
|turn|21
|
|t:|1769401742
|move|p2a: Garganacl|Protect|p2a: Garganacl
|-singleturn|p2a: Garganacl|Protect
|move|p1a: Hydreigon|Flash Cannon|p2a: Garganacl
|-activate|p2a: Garganacl|move: Protect
|
|-weather|Snowscape|[upkeep]
|upkeep
|turn|22
|
|t:|1769401752
|-terastallize|p2a: Garganacl|Water
|move|p1a: Hydreigon|Flash Cannon|p2a: Garganacl
|-resisted|p2a: Garganacl
|-damage|p2a: Garganacl|91/100
|move|p2a: Garganacl|Salt Cure|p1a: Hydreigon
|-damage|p1a: Hydreigon|86/100
|-start|p1a: Hydreigon|Salt Cure
|
|-weather|Snowscape|[upkeep]
|-heal|p2a: Garganacl|97/100|[from] item: Leftovers
|-damage|p1a: Hydreigon|73/100|[from] Salt Cure
|upkeep
|turn|23
|
|t:|1769401757
|switch|p1a: Slowking|Slowking, F|100/100
|move|p2a: Garganacl|Stealth Rock|p1a: Slowking
|-sidestart|p1: Vandenta|move: Stealth Rock
|
|-weather|Snowscape|[upkeep]
|-heal|p2a: Garganacl|100/100|[from] item: Leftovers
|upkeep
|turn|24
|
|t:|1769401761
|move|p2a: Garganacl|Protect|p2a: Garganacl
|-singleturn|p2a: Garganacl|Protect
|move|p1a: Slowking|Psychic Noise|p2a: Garganacl
|-activate|p2a: Garganacl|move: Protect
|
|-weather|none
|upkeep
|turn|25
|
|t:|1769401764
|move|p2a: Garganacl|Salt Cure|p1a: Slowking
|-damage|p1a: Slowking|91/100
|-start|p1a: Slowking|Salt Cure
|move|p1a: Slowking|Psychic Noise|p2a: Garganacl
|-damage|p2a: Garganacl|84/100
|-start|p2a: Garganacl|move: Heal Block
|
|-damage|p1a: Slowking|66/100|[from] Salt Cure
|upkeep
|turn|26
|
|t:|1769401771
|move|p2a: Garganacl|Salt Cure|p1a: Slowking
|-damage|p1a: Slowking|57/100
|-prepare|p1a: Slowking|Chilly Reception|[premajor]
|move|p1a: Slowking|Chilly Reception|p1a: Slowking
|-weather|Snowscape
|
|t:|1769401775
|switch|p1a: Hydreigon|Hydreigon, F, shiny|73/100|[from] Chilly Reception
|-damage|p1a: Hydreigon|61/100|[from] Stealth Rock
|
|-weather|Snowscape|[upkeep]
|-end|p2a: Garganacl|move: Heal Block
|upkeep
|turn|27
|
|t:|1769401777
|move|p2a: Garganacl|Protect|p2a: Garganacl
|-singleturn|p2a: Garganacl|Protect
|move|p1a: Hydreigon|Dark Pulse|p2a: Garganacl
|-activate|p2a: Garganacl|move: Protect
|
|-weather|Snowscape|[upkeep]
|-heal|p2a: Garganacl|90/100|[from] item: Leftovers
|upkeep
|turn|28
|
|t:|1769401780
|switch|p2a: Great Tusk|Great Tusk|84/100
|move|p1a: Hydreigon|Dark Pulse|p2a: Great Tusk
|-resisted|p2a: Great Tusk
|-damage|p2a: Great Tusk|49/100
|
|-weather|Snowscape|[upkeep]
|upkeep
|turn|29
|
|t:|1769401788
|switch|p1a: Slowking|Slowking, F|90/100
|-damage|p1a: Slowking|77/100|[from] Stealth Rock
|move|p2a: Great Tusk|Rapid Spin|p1a: Slowking
|-damage|p1a: Slowking|66/100
|-boost|p2a: Great Tusk|spe|1
|
|-weather|Snowscape|[upkeep]
|upkeep
|turn|30
|
|t:|1769401799
|-end|p2a: Great Tusk|Protosynthesis|[silent]
|switch|p2a: Darkrai|Darkrai|100/100 par
|move|p1a: Slowking|Scald|p2a: Darkrai
|-damage|p2a: Darkrai|63/100 par
|
|-weather|none
|upkeep
|turn|31
|
|t:|1769401808
|move|p2a: Darkrai|Dark Pulse|p1a: Slowking
|-supereffective|p1a: Slowking
|-damage|p1a: Slowking|0 fnt
|faint|p1a: Slowking
|
|upkeep
|
|t:|1769401814
|switch|p1a: Dragonite|Dragonite, M, shiny|100/100
|turn|32
|
|t:|1769401822
|switch|p2a: Garganacl|Garganacl, F, tera:Water|90/100
|-terastallize|p1a: Dragonite|Normal
|move|p1a: Dragonite|Dragon Dance|p1a: Dragonite
|-boost|p1a: Dragonite|atk|1
|-boost|p1a: Dragonite|spe|1
|
|-heal|p2a: Garganacl|96/100|[from] item: Leftovers
|upkeep
|turn|33
|
|t:|1769401826
|move|p1a: Dragonite|Extreme Speed|p2a: Garganacl
|-damage|p2a: Garganacl|52/100
|move|p2a: Garganacl|Salt Cure|p1a: Dragonite
|-damage|p1a: Dragonite|93/100
|-start|p1a: Dragonite|Salt Cure
|
|-heal|p2a: Garganacl|58/100|[from] item: Leftovers
|-damage|p1a: Dragonite|81/100|[from] Salt Cure
|upkeep
|turn|34
|
|t:|1769401830
|move|p1a: Dragonite|Extreme Speed|p2a: Garganacl
|-damage|p2a: Garganacl|14/100
|move|p2a: Garganacl|Recover|p2a: Garganacl
|-heal|p2a: Garganacl|64/100
|
|-heal|p2a: Garganacl|70/100|[from] item: Leftovers
|-damage|p1a: Dragonite|68/100|[from] Salt Cure
|upkeep
|turn|35
|
|t:|1769401835
|move|p1a: Dragonite|Dragon Dance|p1a: Dragonite
|-boost|p1a: Dragonite|atk|1
|-boost|p1a: Dragonite|spe|1
|move|p2a: Garganacl|Recover|p2a: Garganacl
|-heal|p2a: Garganacl|100/100
|
|-damage|p1a: Dragonite|56/100|[from] Salt Cure
|upkeep
|turn|36
|
|t:|1769401840
|move|p1a: Dragonite|Extreme Speed|p2a: Garganacl
|-damage|p2a: Garganacl|34/100
|move|p2a: Garganacl|Salt Cure|p1a: Dragonite
|-damage|p1a: Dragonite|41/100
|
|-heal|p2a: Garganacl|40/100|[from] item: Leftovers
|-damage|p1a: Dragonite|28/100|[from] Salt Cure
|upkeep
|turn|37
|
|t:|1769401843
|move|p2a: Garganacl|Protect|p2a: Garganacl
|-singleturn|p2a: Garganacl|Protect
|move|p1a: Dragonite|Extreme Speed|p2a: Garganacl
|-activate|p2a: Garganacl|move: Protect
|
|-heal|p2a: Garganacl|46/100|[from] item: Leftovers
|-damage|p1a: Dragonite|16/100|[from] Salt Cure
|upkeep
|turn|38
|
|t:|1769401855
|switch|p2a: Darkrai|Darkrai|63/100 par
|move|p1a: Dragonite|Extreme Speed|p2a: Darkrai
|-damage|p2a: Darkrai|0 fnt
|faint|p2a: Darkrai
|
|-damage|p1a: Dragonite|4/100|[from] Salt Cure
|upkeep
|
|t:|1769401857
|switch|p2a: Garganacl|Garganacl, F, tera:Water|46/100
|turn|39
|
|t:|1769401861
|switch|p1a: Hydreigon|Hydreigon, F, shiny|61/100
|-damage|p1a: Hydreigon|49/100|[from] Stealth Rock
|move|p2a: Garganacl|Protect||[still]
|-fail|p2a: Garganacl
|
|-heal|p2a: Garganacl|52/100|[from] item: Leftovers
|upkeep
|turn|40
|
|t:|1769401865
|move|p2a: Garganacl|Protect|p2a: Garganacl
|-singleturn|p2a: Garganacl|Protect
|move|p1a: Hydreigon|Dark Pulse|p2a: Garganacl
|-activate|p2a: Garganacl|move: Protect
|
|-heal|p2a: Garganacl|58/100|[from] item: Leftovers
|upkeep
|turn|41
|
|t:|1769401880
|switch|p2a: Great Tusk|Great Tusk|49/100
|move|p1a: Hydreigon|Dark Pulse|p2a: Great Tusk
|-resisted|p2a: Great Tusk
|-damage|p2a: Great Tusk|13/100
|
|upkeep
|turn|42
|
|t:|1769401883
|move|p1a: Hydreigon|Dark Pulse|p2a: Great Tusk
|-resisted|p2a: Great Tusk
|-damage|p2a: Great Tusk|0 fnt
|faint|p2a: Great Tusk
|-end|p2a: Great Tusk|Protosynthesis|[silent]
|
|upkeep
|
|t:|1769401884
|switch|p2a: Dragonite|Dragonite, M|100/100
|turn|43
|
|t:|1769401888
|switch|p1a: Salazzle|Salazzle, F|100/100
|move|p2a: Dragonite|Dragon Dance|p2a: Dragonite
|-boost|p2a: Dragonite|atk|1
|-boost|p2a: Dragonite|spe|1
|
|upkeep
|turn|44
|
|t:|1769401893
|move|p2a: Dragonite|Extreme Speed|p1a: Salazzle
|-damage|p1a: Salazzle|14/100
|move|p1a: Salazzle|Encore|p2a: Dragonite
|-start|p2a: Dragonite|Encore
|
|upkeep
|turn|45
|
|t:|1769401898
|move|p2a: Dragonite|Extreme Speed|p1a: Salazzle
|-damage|p1a: Salazzle|0 fnt
|faint|p1a: Salazzle
|
|upkeep
|l|☆Vandenta
|inactive|Vandenta disconnected and has a minute to reconnect!
|player|p1|
|inactive|Vandenta has 30 seconds to reconnect!
|inactive|Vandenta has 20 seconds to reconnect!
|inactive|Vandenta has 15 seconds to reconnect!
|inactive|Vandenta has 10 seconds to reconnect!
|inactive|Vandenta has 5 seconds to reconnect!
|-message|Vandenta lost due to inactivity.
|
|win|pipipipichu
|raw|Vandenta's rating: 1422 &rarr; <strong>1401</strong><br />(-21 for losing)
|raw|pipipipichu's rating: 1413 &rarr; <strong>1434</strong><br />(+21 for winning)
