|j|☆SSS101
|j|☆apexacer
|t:|1769444332
|gametype|singles
|player|p1|SSS101|hilbert|1534
|player|p2|apexacer|2|1597
|gen|9
|tier|[Gen 9] OU
|rated|
|rule|HP Percentage Mod: HP is shown in percentages
|rule|Endless Battle Clause: Forcing endless battles is banned
|rule|Species Clause: Limit one of each Pokémon
|rule|OHKO Clause: OHKO moves are banned
|rule|Evasion Items Clause: Evasion items are banned
|rule|Evasion Moves Clause: Evasion moves are banned
|rule|Evasion Abilities Clause: Evasion abilities are banned
|rule|Sleep Moves Clause: Sleep-inducing moves are banned
|clearpoke
|poke|p1|Greninja-*, M|
|poke|p1|Serperior, M|
|poke|p1|Ceruledge, F|
|poke|p1|Glimmora, M|
|poke|p1|Kilowattrel, M|
|poke|p1|Zoroark-Hisui, M|
|poke|p2|Indeedee, M|
|poke|p2|Kingambit, F|
|poke|p2|Polteageist|
|poke|p2|Grimmsnarl, M|
|poke|p2|Great Tusk|
|poke|p2|Kyurem|
|teampreview
|inactive|Battle timer is ON: inactive players will automatically lose when time's up. (requested by SSS101)
|
|t:|1769444341
|teamsize|p1|6
|teamsize|p2|6
|start
|switch|p1a: Serperior|Serperior, M, shiny|100/100
|switch|p2a: Great Tusk|Great Tusk|100/100
|turn|1
|
|t:|1769444349
|move|p1a: Serperior|Leaf Storm|p2a: Great Tusk
|-supereffective|p2a: Great Tusk
|-damage|p2a: Great Tusk|0 fnt
|-boost|p1a: Serperior|spa|2
|faint|p2a: Great Tusk
|-end|p2a: Great Tusk|Protosynthesis|[silent]
|
|upkeep
|
|t:|1769444355
|switch|p2a: Kyurem|Kyurem|100/100
|-ability|p2a: Kyurem|Pressure
|turn|2
|
|t:|1769444366
|move|p2a: Kyurem|Freeze-Dry|p1a: Serperior
|-supereffective|p1a: Serperior
|-damage|p1a: Serperior|0 fnt
|faint|p1a: Serperior
|
|upkeep
|
|t:|1769444382
|switch|p1a: Glimmora|Glimmora, M|100/100
|-item|p1a: Glimmora|Air Balloon
|turn|3
|
|t:|1769444387
|move|p2a: Kyurem|Freeze-Dry|p1a: Glimmora
|-damage|p1a: Glimmora|56/100
|-enditem|p1a: Glimmora|Air Balloon
|move|p1a: Glimmora|Mortal Spin|p2a: Kyurem
|-damage|p2a: Kyurem|94/100
|-status|p2a: Kyurem|psn
|
|-damage|p2a: Kyurem|82/100 psn|[from] psn
|upkeep
|turn|4
|
|t:|1769444399
|move|p2a: Kyurem|Freeze-Dry|p1a: Glimmora
|-damage|p1a: Glimmora|13/100
|move|p1a: Glimmora|Power Gem|p2a: Kyurem
|-supereffective|p2a: Kyurem
|-damage|p2a: Kyurem|0 fnt
|faint|p2a: Kyurem
|
|upkeep
|
|t:|1769444415
|switch|p2a: Indeedee|Indeedee, M|100/100
|-fieldstart|move: Psychic Terrain|[from] ability: Psychic Surge|[of] p2a: Indeedee
|turn|5
|
|t:|1769444421
|switch|p1a: Greninja|Greninja, M|100/100
|move|p2a: Indeedee|Expanding Force|p1a: Greninja
|-immune|p1a: Greninja
|
|upkeep
|turn|6
|
|t:|1769444427
|switch|p2a: Grimmsnarl|Grimmsnarl, M|100/100
|move|p1a: Greninja|Dark Pulse|p2a: Grimmsnarl
|-resisted|p2a: Grimmsnarl
|-damage|p2a: Grimmsnarl|94/100
|
|upkeep
|turn|7
|
|t:|1769444435
|move|p2a: Grimmsnarl|Light Screen|p2a: Grimmsnarl
|-sidestart|p2: apexacer|move: Light Screen
|move|p1a: Greninja|Surf|p2a: Grimmsnarl
|-damage|p2a: Grimmsnarl|75/100
|
|upkeep
|turn|8
|
|t:|1769444443
|move|p1a: Greninja|Surf|p2a: Grimmsnarl
|-damage|p2a: Grimmsnarl|56/100
|move|p2a: Grimmsnarl|Spirit Break|p1a: Greninja
|-supereffective|p1a: Greninja
|-damage|p1a: Greninja|0 fnt
|faint|p1a: Greninja
|
|upkeep
|
|t:|1769444457
|switch|p1a: Glimmora|Glimmora, M|13/100
|turn|9
|
|t:|1769444468
|move|p1a: Glimmora|Mortal Spin|p2a: Grimmsnarl
|-supereffective|p2a: Grimmsnarl
|-damage|p2a: Grimmsnarl|39/100
|-status|p2a: Grimmsnarl|psn
|move|p2a: Grimmsnarl|Spirit Break|p1a: Glimmora
|-resisted|p1a: Glimmora
|-damage|p1a: Glimmora|0 fnt
|-activate|p1a: Glimmora|ability: Toxic Debris
|-sidestart|p2: apexacer|move: Toxic Spikes
|faint|p1a: Glimmora
|
|-damage|p2a: Grimmsnarl|26/100 psn|[from] psn
|-fieldend|move: Psychic Terrain
|upkeep
|
|t:|1769444485
|switch|p1a: Ceruledge|Ceruledge, F, shiny|100/100
|turn|10
|
|t:|1769444492
|move|p2a: Grimmsnarl|Reflect|p2a: Grimmsnarl
|-sidestart|p2: apexacer|Reflect
|move|p1a: Ceruledge|Swords Dance|p1a: Ceruledge
|-boost|p1a: Ceruledge|atk|2
|
|-damage|p2a: Grimmsnarl|14/100 psn|[from] psn
|upkeep
|turn|11
|
|t:|1769444500
|move|p2a: Grimmsnarl|Thunder Wave|p1a: Ceruledge
|-status|p1a: Ceruledge|par
|cant|p1a: Ceruledge|par
|
|-damage|p2a: Grimmsnarl|2/100 psn|[from] psn
|upkeep
|turn|12
|
|t:|1769444511
|move|p2a: Grimmsnarl|Spirit Break|p1a: Ceruledge
|-resisted|p1a: Ceruledge
|-damage|p1a: Ceruledge|81/100 par
|-unboost|p1a: Ceruledge|spa|1
|-ability|p1a: Ceruledge|Weak Armor|boost
|-unboost|p1a: Ceruledge|def|1
|-boost|p1a: Ceruledge|spe|2
|move|p1a: Ceruledge|Swords Dance|p1a: Ceruledge
|-boost|p1a: Ceruledge|atk|2
|
|-damage|p2a: Grimmsnarl|0 fnt|[from] psn
|faint|p2a: Grimmsnarl
|upkeep
|
|t:|1769444525
|switch|p2a: Polteageist|Polteageist|100/100
|-status|p2a: Polteageist|psn
|turn|13
|
|t:|1769444530
|move|p1a: Ceruledge|Shadow Sneak|p2a: Polteageist
|-supereffective|p2a: Polteageist
|-damage|p2a: Polteageist|0 fnt
|-start|p1a: Ceruledge|Disable|Shadow Sneak|[from] ability: Cursed Body|[of] p2a: Polteageist
|faint|p2a: Polteageist
|
|upkeep
|
|t:|1769444541
|switch|p2a: Kingambit|Kingambit, F|100/100
|-activate|p2a: Kingambit|ability: Supreme Overlord
|-start|p2a: Kingambit|fallen4|[silent]
|turn|14
|
|t:|1769444550
|move|p2a: Kingambit|Sucker Punch|p1a: Ceruledge
|-supereffective|p1a: Ceruledge
|-damage|p1a: Ceruledge|0 fnt
|faint|p1a: Ceruledge
|
|-sideend|p2: apexacer|move: Light Screen
|upkeep
|
|t:|1769444556
|switch|p1a: Kilowattrel|Kilowattrel, M|100/100
|turn|15
|
|t:|1769444562
|move|p1a: Kilowattrel|Tailwind|p1a: Kilowattrel
|-sidestart|p1: SSS101|move: Tailwind
|-start|p1a: Kilowattrel|Charge|Tailwind|[from] ability: Wind Power
|move|p2a: Kingambit|Kowtow Cleave|p1a: Kilowattrel
|-damage|p1a: Kilowattrel|0 fnt
|faint|p1a: Kilowattrel
|
|upkeep
|
|t:|1769444570
|switch|p1a: Zoroark|Zoroark-Hisui, M|100/100
|turn|16
|
|t:|1769444574
|move|p1a: Zoroark|Focus Blast|p2a: Kingambit
|-supereffective|p2a: Kingambit
|-damage|p2a: Kingambit|0 fnt
|faint|p2a: Kingambit
|-end|p2a: Kingambit|fallen4|[silent]
|
|upkeep
|
|t:|1769444580
|switch|p2a: Indeedee|Indeedee, M|100/100
|-status|p2a: Indeedee|psn
|-fieldstart|move: Psychic Terrain|[from] ability: Psychic Surge|[of] p2a: Indeedee
|turn|17
|
|t:|1769444585
|-terastallize|p2a: Indeedee|Psychic
|move|p1a: Zoroark|Nasty Plot|p1a: Zoroark
|-boost|p1a: Zoroark|spa|2
|move|p2a: Indeedee|Expanding Force|p1a: Zoroark
|-damage|p1a: Zoroark|0 fnt
|faint|p1a: Zoroark
|
|win|apexacer
|raw|SSS101's rating: 1534 &rarr; <strong>1518</strong><br />(-16 for losing)
|raw|apexacer's rating: 1597 &rarr; <strong>1613</strong><br />(+16 for winning)
|l|☆SSS101
|player|p1|
|l|☆apexacer
|player|p2|
