|j|☆Leriskato
|j|☆hell_is_name
|t:|1769337409
|gametype|singles
|player|p1|Leriskato|hoopster|1225
|player|p2|hell_is_name|lucas|1194
|gen|9
|tier|[Gen 9] OU
|rated|
|rule|HP Percentage Mod: HP is shown in percentages
|rule|Endless Battle Clause: Forcing endless battles is banned
|rule|Species Clause: Limit one of each Pokémon
|rule|OHKO Clause: OHKO moves are banned
|rule|Evasion Items Clause: Evasion items are banned
|rule|Evasion Moves Clause: Evasion moves are banned
|rule|Evasion Abilities Clause: Evasion abilities are banned
|rule|Sleep Moves Clause: Sleep-inducing moves are banned
|clearpoke
|poke|p1|Minior|
|poke|p1|Gholdengo|
|poke|p1|Maushold|
|poke|p1|Ninetales-Alola, F|
|poke|p1|Kyurem|
|poke|p1|Glimmora, M|
|poke|p2|Blaziken, F|
|poke|p2|Walking Wake|
|poke|p2|Ting-Lu|
|poke|p2|Garchomp, M|
|poke|p2|Ninetales, F|
|poke|p2|Great Tusk|
|teampreview
|inactive|Battle timer is ON: inactive players will automatically lose when time's up. (requested by hell_is_name)
|
|t:|1769337428
|teamsize|p1|6
|teamsize|p2|6
|start
|switch|p1a: Ninetales|Ninetales-Alola, F|100/100
|switch|p2a: Ninetales|Ninetales, F|100/100
|-weather|Snowscape|[from] ability: Snow Warning|[of] p1a: Ninetales
|-weather|SunnyDay|[from] ability: Drought|[of] p2a: Ninetales
|turn|1
|
|t:|1769337443
|switch|p1a: Glimmora|Glimmora, M|100/100
|-item|p1a: Glimmora|Air Balloon
|move|p2a: Ninetales|Overheat|p1a: Glimmora
|-resisted|p1a: Glimmora
|-crit|p1a: Glimmora
|-damage|p1a: Glimmora|19/100
|-unboost|p2a: Ninetales|spa|2
|-enditem|p1a: Glimmora|Air Balloon
|
|-weather|SunnyDay|[upkeep]
|upkeep
|turn|2
|
|t:|1769337454
|move|p2a: Ninetales|Overheat|p1a: Glimmora
|-resisted|p1a: Glimmora
|-damage|p1a: Glimmora|0 fnt
|-unboost|p2a: Ninetales|spa|2
|faint|p1a: Glimmora
|
|-weather|SunnyDay|[upkeep]
|upkeep
|
|t:|1769337459
|switch|p1a: Ninetales|Ninetales-Alola, F|100/100
|-weather|Snowscape|[from] ability: Snow Warning|[of] p1a: Ninetales
|turn|3
|
|t:|1769337471
|switch|p2a: Ting-Lu|Ting-Lu|100/100
|-ability|p2a: Ting-Lu|Vessel of Ruin
|move|p1a: Ninetales|Aurora Veil|p1a: Ninetales
|-sidestart|p1: Leriskato|move: Aurora Veil
|
|-weather|Snowscape|[upkeep]
|upkeep
|turn|4
|
|t:|1769337478
|switch|p1a: Kyurem|Kyurem|100/100
|-ability|p1a: Kyurem|Pressure
|switch|p2a: Ninetales|Ninetales, F|100/100
|-weather|SunnyDay|[from] ability: Drought|[of] p2a: Ninetales
|
|-weather|SunnyDay|[upkeep]
|upkeep
|turn|5
|
|t:|1769337488
|move|p2a: Ninetales|Overheat|p1a: Kyurem
|-damage|p1a: Kyurem|66/100
|-unboost|p2a: Ninetales|spa|2
|move|p1a: Kyurem|Dragon Dance|p1a: Kyurem
|-boost|p1a: Kyurem|atk|1
|-boost|p1a: Kyurem|spe|1
|
|-weather|SunnyDay|[upkeep]
|upkeep
|turn|6
|
|t:|1769337500
|switch|p2a: Blaziken|Blaziken, F|100/100
|move|p1a: Kyurem|Dragon Dance|p1a: Kyurem
|-boost|p1a: Kyurem|atk|1
|-boost|p1a: Kyurem|spe|1
|
|-weather|SunnyDay|[upkeep]
|upkeep
|turn|7
|
|t:|1769337507
|move|p1a: Kyurem|Scale Shot|p2a: Blaziken
|-crit|p2a: Blaziken
|-damage|p2a: Blaziken|22/100
|-damage|p2a: Blaziken|0 fnt
|faint|p2a: Blaziken
|-hitcount|p2: Blaziken|2
|-unboost|p1a: Kyurem|def|1
|-boost|p1a: Kyurem|spe|1
|
|-weather|SunnyDay|[upkeep]
|upkeep
|
|t:|1769337517
|switch|p2a: Ting-Lu|Ting-Lu|100/100
|-ability|p2a: Ting-Lu|Vessel of Ruin
|turn|8
|
|t:|1769337523
|-terastallize|p2a: Ting-Lu|Fairy
|move|p1a: Kyurem|Icicle Spear|p2a: Ting-Lu
|-damage|p2a: Ting-Lu|85/100
|-damage|p2a: Ting-Lu|70/100
|-damage|p2a: Ting-Lu|56/100
|-damage|p2a: Ting-Lu|41/100
|-damage|p2a: Ting-Lu|26/100
|-hitcount|p2a: Ting-Lu|5
|move|p2a: Ting-Lu|Whirlwind|p1a: Kyurem
|drag|p1a: Ninetales|Ninetales-Alola, F|100/100
|-weather|Snowscape|[from] ability: Snow Warning|[of] p1a: Ninetales
|
|-weather|Snowscape|[upkeep]
|-heal|p2a: Ting-Lu|33/100|[from] item: Leftovers
|upkeep
|turn|9
|
|t:|1769337539
|switch|p1a: Maushold|Maushold|100/100
|switch|p2a: Ninetales|Ninetales, F|100/100
|-weather|SunnyDay|[from] ability: Drought|[of] p2a: Ninetales
|
|-weather|SunnyDay|[upkeep]
|upkeep
|turn|10
|
|t:|1769337547
|switch|p2a: Garchomp|Garchomp, M|100/100
|move|p1a: Maushold|Tidy Up|p1a: Maushold
|-boost|p1a: Maushold|atk|1
|-boost|p1a: Maushold|spe|1
|
|-weather|SunnyDay|[upkeep]
|-sideend|p1: Leriskato|move: Aurora Veil
|upkeep
|turn|11
|
|t:|1769337562
|move|p1a: Maushold|Population Bomb|p2a: Garchomp
|-damage|p2a: Garchomp|86/100
|-damage|p1a: Maushold|88/100|[from] ability: Rough Skin|[of] p2a: Garchomp
|-damage|p2a: Garchomp|69/100
|-damage|p1a: Maushold|76/100|[from] ability: Rough Skin|[of] p2a: Garchomp
|-damage|p2a: Garchomp|53/100
|-damage|p1a: Maushold|63/100|[from] ability: Rough Skin|[of] p2a: Garchomp
|-damage|p2a: Garchomp|38/100
|-damage|p1a: Maushold|51/100|[from] ability: Rough Skin|[of] p2a: Garchomp
|-damage|p2a: Garchomp|23/100
|-damage|p1a: Maushold|38/100|[from] ability: Rough Skin|[of] p2a: Garchomp
|-hitcount|p2a: Garchomp|5
|move|p2a: Garchomp|Scale Shot|p1a: Maushold
|-damage|p1a: Maushold|18/100
|-damage|p1a: Maushold|0 fnt
|faint|p1a: Maushold
|-hitcount|p1: Maushold|2
|-unboost|p2a: Garchomp|def|1
|-boost|p2a: Garchomp|spe|1
|
|-weather|SunnyDay|[upkeep]
|upkeep
|
|t:|1769337577
|switch|p1a: Minior|Minior|100/100
|-formechange|p1a: Minior|Minior-Meteor||[from] ability: Shields Down
|turn|12
|
|t:|1769337589
|move|p2a: Garchomp|Scale Shot|p1a: Minior
|-damage|p1a: Minior|83/100
|-damage|p1a: Minior|65/100
|-damage|p1a: Minior|49/100
|-crit|p1a: Minior
|-damage|p1a: Minior|25/100
|-hitcount|p1a: Minior|4
|-unboost|p2a: Garchomp|def|1
|-boost|p2a: Garchomp|spe|1
|move|p1a: Minior|Shell Smash|p1a: Minior
|-unboost|p1a: Minior|def|1
|-unboost|p1a: Minior|spd|1
|-boost|p1a: Minior|atk|2
|-boost|p1a: Minior|spa|2
|-boost|p1a: Minior|spe|2
|-enditem|p1a: Minior|White Herb
|-clearnegativeboost|p1a: Minior|[silent]
|
|-weather|SunnyDay|[upkeep]
|-formechange|p1a: Minior|Minior||[from] ability: Shields Down
|upkeep
|turn|13
|
|t:|1769337607
|move|p1a: Minior|Earthquake|p2a: Garchomp
|-damage|p2a: Garchomp|0 fnt
|faint|p2a: Garchomp
|
|-weather|SunnyDay|[upkeep]
|upkeep
|
|t:|1769337620
|switch|p2a: Great Tusk|Great Tusk|100/100
|-activate|p2a: Great Tusk|ability: Protosynthesis
|-start|p2a: Great Tusk|protosynthesisatk
|turn|14
|
|t:|1769337628
|move|p1a: Minior|Acrobatics|p2a: Great Tusk
|-supereffective|p2a: Great Tusk
|-damage|p2a: Great Tusk|0 fnt
|faint|p2a: Great Tusk
|-end|p2a: Great Tusk|Protosynthesis|[silent]
|
|-weather|SunnyDay|[upkeep]
|upkeep
|
|t:|1769337639
|switch|p2a: Walking Wake|Walking Wake|100/100
|-activate|p2a: Walking Wake|ability: Protosynthesis
|-start|p2a: Walking Wake|protosynthesisspa
|turn|15
|
|t:|1769337649
|move|p1a: Minior|Rock Slide|p2a: Walking Wake
|-damage|p2a: Walking Wake|18/100
|cant|p2a: Walking Wake|flinch
|
|-weather|SunnyDay|[upkeep]
|upkeep
|turn|16
|
|t:|1769337657
|move|p1a: Minior|Acrobatics|p2a: Walking Wake
|-damage|p2a: Walking Wake|0 fnt
|faint|p2a: Walking Wake
|-end|p2a: Walking Wake|Protosynthesis|[silent]
|
|-weather|none
|upkeep
|-message|hell_is_name forfeited.
|
|win|Leriskato
|raw|Leriskato's rating: 1225 &rarr; <strong>1248</strong><br />(+23 for winning)
|raw|hell_is_name's rating: 1194 &rarr; <strong>1171</strong><br />(-23 for losing)
|l|☆hell_is_name
|player|p2|
|l|☆Leriskato
|player|p1|
