|j|☆constartus
|j|☆Silent1ine
|t:|1769309012
|gametype|singles
|player|p1|constartus|az|1313
|player|p2|Silent1ine|palmer|1379
|gen|9
|tier|[Gen 9] OU
|rated|
|rule|HP Percentage Mod: HP is shown in percentages
|rule|Endless Battle Clause: Forcing endless battles is banned
|rule|Species Clause: Limit one of each Pokémon
|rule|OHKO Clause: OHKO moves are banned
|rule|Evasion Items Clause: Evasion items are banned
|rule|Evasion Moves Clause: Evasion moves are banned
|rule|Evasion Abilities Clause: Evasion abilities are banned
|rule|Sleep Moves Clause: Sleep-inducing moves are banned
|clearpoke
|poke|p1|Greninja-*, M|
|poke|p1|Iron Valiant|
|poke|p1|Indeedee, M|
|poke|p1|Great Tusk|
|poke|p1|Iron Crown|
|poke|p1|Hawlucha, F|
|poke|p2|Ogerpon, F|
|poke|p2|Tornadus-Therian, M|
|poke|p2|Corviknight, M|
|poke|p2|Great Tusk|
|poke|p2|Raging Bolt|
|poke|p2|Pecharunt|
|teampreview
|inactive|Battle timer is ON: inactive players will automatically lose when time's up. (requested by constartus)
|
|t:|1769309034
|teamsize|p1|6
|teamsize|p2|6
|start
|switch|p1a: Violet|Indeedee, M|100/100
|switch|p2a: Ray Dau|Raging Bolt|100/100
|-fieldstart|move: Psychic Terrain|[from] ability: Psychic Surge|[of] p1a: Violet
|turn|1
|
|t:|1769309061
|move|p1a: Violet|Expanding Force|p2a: Ray Dau
|-damage|p2a: Ray Dau|17/100
|move|p2a: Ray Dau|Thunderbolt|p1a: Violet
|-damage|p1a: Violet|33/100
|
|-heal|p2a: Ray Dau|23/100|[from] item: Leftovers
|upkeep
|turn|2
|
|t:|1769309066
|-end|p2a: Ray Dau|Protosynthesis|[silent]
|switch|p2a: Corviknight|Corviknight, M|100/100
|-ability|p2a: Corviknight|Pressure
|move|p1a: Violet|Expanding Force|p2a: Corviknight
|-resisted|p2a: Corviknight
|-damage|p2a: Corviknight|49/100
|
|upkeep
|turn|3
|inactive|constartus has 120 seconds left.
|
|t:|1769309111
|switch|p2a: Rock Me|Tornadus-Therian, M|100/100
|move|p1a: Violet|Expanding Force|p2a: Rock Me
|-damage|p2a: Rock Me|46/100
|
|upkeep
|turn|4
|
|t:|1769309116
|switch|p2a: Corviknight|Corviknight, M|49/100
|-ability|p2a: Corviknight|Pressure
|move|p1a: Violet|Expanding Force|p2a: Corviknight
|-resisted|p2a: Corviknight
|-damage|p2a: Corviknight|2/100
|
|upkeep
|turn|5
|
|t:|1769309119
|move|p1a: Violet|Expanding Force|p2a: Corviknight
|-resisted|p2a: Corviknight
|-damage|p2a: Corviknight|0 fnt
|faint|p2a: Corviknight
|
|-fieldend|move: Psychic Terrain
|upkeep
|
|t:|1769309123
|switch|p2a: WarCriminal|Ogerpon, F|100/100
|turn|6
|
|t:|1769309128
|switch|p1a: El primo|Hawlucha, F|100/100
|move|p2a: WarCriminal|Ivy Cudgel|p1a: El primo
|-resisted|p1a: El primo
|-damage|p1a: El primo|57/100
|-damage|p2a: WarCriminal|91/100|[from] item: Life Orb
|
|upkeep
|turn|7
|
|t:|1769309137
|switch|p1a: Violet|Indeedee, M|33/100
|-fieldstart|move: Psychic Terrain|[from] ability: Psychic Surge|[of] p1a: Violet
|-terastallize|p2a: WarCriminal|Grass
|detailschange|p2a: WarCriminal|Ogerpon-Teal-Tera, F, tera:Grass
|-ability|p2a: WarCriminal|Embody Aspect (Teal)|boost
|-boost|p2a: WarCriminal|spe|1
|move|p2a: WarCriminal|Ivy Cudgel|p1a: Violet
|-damage|p1a: Violet|0 fnt
|faint|p1a: Violet
|-damage|p2a: WarCriminal|81/100|[from] item: Life Orb
|
|upkeep
|
|t:|1769309142
|switch|p1a: El primo|Hawlucha, F|57/100
|-enditem|p1a: El primo|Psychic Seed
|-boost|p1a: El primo|spd|1|[from] item: Psychic Seed
|turn|8
|
|t:|1769309155
|switch|p2a: Hit Yourself NOW!|Pecharunt|100/100
|move|p1a: El primo|Encore||[still]
|-fail|p1a: El primo
|
|upkeep
|turn|9
|
|t:|1769309159
|move|p1a: El primo|Swords Dance|p1a: El primo
|-boost|p1a: El primo|atk|2
|move|p2a: Hit Yourself NOW!|Malignant Chain|p1a: El primo
|-damage|p1a: El primo|23/100
|-status|p1a: El primo|tox
|-start|p1a: El primo|confusion|[from] ability: Poison Puppeteer|[of] p2a: Hit Yourself NOW!
|
|-damage|p1a: El primo|17/100 tox|[from] psn
|upkeep
|turn|10
|
|t:|1769309165
|-activate|p1a: El primo|confusion
|move|p1a: El primo|Encore|p2a: Hit Yourself NOW!
|-start|p2a: Hit Yourself NOW!|Encore
|move|p2a: Hit Yourself NOW!|Malignant Chain|p1a: El primo
|-damage|p1a: El primo|0 fnt
|faint|p1a: El primo
|
|upkeep
|
|t:|1769309167
|switch|p1a: Iron Throne|Iron Crown|100/100
|-enditem|p1a: Iron Throne|Booster Energy
|-activate|p1a: Iron Throne|ability: Quark Drive|[fromitem]
|-start|p1a: Iron Throne|quarkdrivespe
|turn|11
|
|t:|1769309176
|switch|p2a: WarCriminal|Ogerpon-Teal-Tera, F, tera:Grass|81/100
|-ability|p2a: WarCriminal|Embody Aspect (Teal)|boost
|-boost|p2a: WarCriminal|spe|1
|move|p1a: Iron Throne|Calm Mind|p1a: Iron Throne
|-boost|p1a: Iron Throne|spa|1
|-boost|p1a: Iron Throne|spd|1
|
|-fieldend|move: Psychic Terrain
|upkeep
|turn|12
|
|t:|1769309186
|-terastallize|p1a: Iron Throne|Fire
|move|p2a: WarCriminal|Encore|p1a: Iron Throne
|-start|p1a: Iron Throne|Encore
|move|p1a: Iron Throne|Calm Mind|p1a: Iron Throne
|-boost|p1a: Iron Throne|spa|1
|-boost|p1a: Iron Throne|spd|1
|
|upkeep
|turn|13
|
|t:|1769309192
|move|p2a: WarCriminal|Swords Dance|p2a: WarCriminal
|-boost|p2a: WarCriminal|atk|2
|move|p1a: Iron Throne|Calm Mind|p1a: Iron Throne
|-boost|p1a: Iron Throne|spa|1
|-boost|p1a: Iron Throne|spd|1
|
|upkeep
|turn|14
|
|t:|1769309195
|move|p2a: WarCriminal|Swords Dance|p2a: WarCriminal
|-boost|p2a: WarCriminal|atk|2
|move|p1a: Iron Throne|Calm Mind|p1a: Iron Throne
|-boost|p1a: Iron Throne|spa|1
|-boost|p1a: Iron Throne|spd|1
|
|-end|p1a: Iron Throne|Encore
|upkeep
|turn|15
|
|t:|1769309197
|move|p2a: WarCriminal|Encore|p1a: Iron Throne
|-start|p1a: Iron Throne|Encore
|move|p1a: Iron Throne|Calm Mind|p1a: Iron Throne
|-boost|p1a: Iron Throne|spa|1
|-boost|p1a: Iron Throne|spd|1
|
|upkeep
|turn|16
|
|t:|1769309201
|-end|p1a: Iron Throne|Quark Drive|[silent]
|switch|p1a: Mascot|Greninja, M|100/100
|move|p2a: WarCriminal|Stomping Tantrum|p1a: Mascot
|-damage|p1a: Mascot|0 fnt
|faint|p1a: Mascot
|-damage|p2a: WarCriminal|71/100|[from] item: Life Orb
|
|upkeep
|
|t:|1769309205
|switch|p1a: Iron blade|Iron Valiant|100/100
|-enditem|p1a: Iron blade|Booster Energy
|-activate|p1a: Iron blade|ability: Quark Drive|[fromitem]
|-start|p1a: Iron blade|quarkdrivespe
|turn|17
|
|t:|1769309211
|switch|p2a: Rock Me|Tornadus-Therian, M|79/100
|move|p1a: Iron blade|Psycho Cut|p2a: Rock Me
|-damage|p2a: Rock Me|53/100
|
|upkeep
|turn|18
|
|t:|1769309219
|move|p1a: Iron blade|Spirit Break|p2a: Rock Me
|-damage|p2a: Rock Me|5/100
|-unboost|p2a: Rock Me|spa|1
|move|p2a: Rock Me|U-turn|p1a: Iron blade
|-resisted|p1a: Iron blade
|-damage|p1a: Iron blade|96/100
|
|t:|1769309232
|switch|p2a: Hit Yourself NOW!|Pecharunt|100/100|[from] U-turn
|
|upkeep
|turn|19
|
|t:|1769309239
|move|p1a: Iron blade|Swords Dance|p1a: Iron blade
|-boost|p1a: Iron blade|atk|2
|move|p2a: Hit Yourself NOW!|Malignant Chain|p1a: Iron blade
|-supereffective|p1a: Iron blade
|-damage|p1a: Iron blade|0 fnt
|faint|p1a: Iron blade
|-end|p1a: Iron blade|Quark Drive|[silent]
|
|upkeep
|
|t:|1769309245
|switch|p1a: The great|Great Tusk, shiny|100/100
|-enditem|p1a: The great|Booster Energy
|-activate|p1a: The great|ability: Protosynthesis|[fromitem]
|-start|p1a: The great|protosynthesisspe
|turn|20
|
|t:|1769309250
|move|p1a: The great|Bulk Up|p1a: The great
|-boost|p1a: The great|atk|1
|-boost|p1a: The great|def|1
|move|p2a: Hit Yourself NOW!|Malignant Chain|p1a: The great
|-resisted|p1a: The great
|-damage|p1a: The great|79/100
|
|upkeep
|turn|21
|
|t:|1769309260
|move|p1a: The great|Headlong Rush|p2a: Hit Yourself NOW!
|-supereffective|p2a: Hit Yourself NOW!
|-damage|p2a: Hit Yourself NOW!|1/100
|-unboost|p1a: The great|def|1
|-unboost|p1a: The great|spd|1
|move|p2a: Hit Yourself NOW!|Malignant Chain|p1a: The great
|-resisted|p1a: The great
|-damage|p1a: The great|48/100
|-status|p1a: The great|tox
|-start|p1a: The great|confusion|[from] ability: Poison Puppeteer|[of] p2a: Hit Yourself NOW!
|
|-damage|p1a: The great|42/100 tox|[from] psn
|upkeep
|turn|22
|
|t:|1769309269
|-activate|p1a: The great|confusion
|move|p1a: The great|Headlong Rush|p2a: Hit Yourself NOW!
|-supereffective|p2a: Hit Yourself NOW!
|-damage|p2a: Hit Yourself NOW!|0 fnt
|-unboost|p1a: The great|def|1
|-unboost|p1a: The great|spd|1
|faint|p2a: Hit Yourself NOW!
|
|-damage|p1a: The great|29/100 tox|[from] psn
|upkeep
|
|t:|1769309281
|switch|p2a: Great Tuskothy|Great Tusk|100/100
|turn|23
|
|t:|1769309284
|-activate|p1a: The great|confusion
|-damage|p1a: The great|14/100 tox|[from] confusion
|move|p2a: Great Tuskothy|Rapid Spin|p1a: The great
|-damage|p1a: The great|0 fnt
|-boost|p2a: Great Tuskothy|spe|1
|faint|p1a: The great
|-end|p1a: The great|Protosynthesis|[silent]
|
|upkeep
|
|t:|1769309286
|switch|p1a: Iron Throne|Iron Crown, tera:Fire|100/100
|turn|24
|
|t:|1769309287
|move|p2a: Great Tuskothy|Headlong Rush|p1a: Iron Throne
|-supereffective|p1a: Iron Throne
|-damage|p1a: Iron Throne|0 fnt
|-unboost|p2a: Great Tuskothy|def|1
|-unboost|p2a: Great Tuskothy|spd|1
|faint|p1a: Iron Throne
|-end|p1a: Iron Throne|Quark Drive|[silent]
|
|win|Silent1ine
|raw|constartus's rating: 1313 &rarr; <strong>1297</strong><br />(-16 for losing)
|raw|Silent1ine's rating: 1379 &rarr; <strong>1395</strong><br />(+16 for winning)
|l|☆constartus
|player|p1|
