|j|☆vacineee
|j|☆pinkwalll
|t:|1769404070
|gametype|singles
|player|p1|vacineee|parasollady-gen4|1409
|player|p2|pinkwalll|battlegirl|1399
|gen|9
|tier|[Gen 9] OU
|rated|
|rule|HP Percentage Mod: HP is shown in percentages
|rule|Endless Battle Clause: Forcing endless battles is banned
|rule|Species Clause: Limit one of each Pokémon
|rule|OHKO Clause: OHKO moves are banned
|rule|Evasion Items Clause: Evasion items are banned
|rule|Evasion Moves Clause: Evasion moves are banned
|rule|Evasion Abilities Clause: Evasion abilities are banned
|rule|Sleep Moves Clause: Sleep-inducing moves are banned
|clearpoke
|poke|p1|Hoopa-Unbound|
|poke|p1|Rillaboom, F|
|poke|p1|Iron Hands|
|poke|p1|Slowking-Galar, F|
|poke|p1|Dragapult, M|
|poke|p1|Heatran, F|
|poke|p2|Torkoal, F|
|poke|p2|Scovillain, M|
|poke|p2|Walking Wake|
|poke|p2|Hatterene, F|
|poke|p2|Great Tusk|
|poke|p2|Ceruledge, F|
|teampreview
|inactive|Battle timer is ON: inactive players will automatically lose when time's up. (requested by pinkwalll)
|
|t:|1769404091
|teamsize|p1|6
|teamsize|p2|6
|start
|switch|p1a: Dragapult|Dragapult, M|100/100
|switch|p2a: Torkoal|Torkoal, F|100/100
|-weather|SunnyDay|[from] ability: Drought|[of] p2a: Torkoal
|turn|1
|
|t:|1769404100
|switch|p1a: Slowking|Slowking-Galar, F|100/100
|switch|p2a: Hatterene|Hatterene, F, shiny|100/100
|
|-weather|SunnyDay|[upkeep]
|upkeep
|turn|2
|
|t:|1769404109
|switch|p2a: Ceruledge|Ceruledge, F|100/100
|-prepare|p1a: Slowking|Chilly Reception|[premajor]
|move|p1a: Slowking|Chilly Reception|p1a: Slowking
|-weather|Snowscape
|
|t:|1769404127
|switch|p1a: Hoopa|Hoopa-Unbound|100/100|[from] Chilly Reception
|
|-weather|Snowscape|[upkeep]
|upkeep
|turn|3
|
|t:|1769404131
|switch|p2a: Torkoal|Torkoal, F|100/100
|-weather|SunnyDay|[from] ability: Drought|[of] p2a: Torkoal
|move|p1a: Hoopa|Psychic Noise|p2a: Torkoal
|-crit|p2a: Torkoal
|-damage|p2a: Torkoal|0 fnt
|faint|p2a: Torkoal
|
|-weather|SunnyDay|[upkeep]
|upkeep
|
|t:|1769404153
|switch|p2a: Walking Wake|Walking Wake|100/100
|-activate|p2a: Walking Wake|ability: Protosynthesis
|-start|p2a: Walking Wake|protosynthesisspa
|turn|4
|
|t:|1769404171
|move|p2a: Walking Wake|Hydro Steam|p1a: Hoopa
|-damage|p1a: Hoopa|0 fnt
|faint|p1a: Hoopa
|
|-weather|SunnyDay|[upkeep]
|upkeep
|
|t:|1769404174
|switch|p1a: Slowking|Slowking-Galar, F|100/100
|turn|5
|
|t:|1769404178
|-terastallize|p2a: Walking Wake|Water
|move|p2a: Walking Wake|Hydro Steam|p1a: Slowking
|-damage|p1a: Slowking|0 fnt
|faint|p1a: Slowking
|
|-weather|SunnyDay|[upkeep]
|upkeep
|
|t:|1769404184
|switch|p1a: Rillaboom|Rillaboom, F|100/100
|-fieldstart|move: Grassy Terrain|[from] ability: Grassy Surge|[of] p1a: Rillaboom
|turn|6
|
|t:|1769404190
|-end|p2a: Walking Wake|Protosynthesis|[silent]
|switch|p2a: Scovillain|Scovillain, M|100/100
|move|p1a: Rillaboom|Grassy Glide|p2a: Scovillain
|-resisted|p2a: Scovillain
|-crit|p2a: Scovillain
|-damage|p2a: Scovillain|74/100
|
|-weather|SunnyDay|[upkeep]
|-heal|p2a: Scovillain|80/100|[from] Grassy Terrain
|upkeep
|turn|7
|
|t:|1769404200
|switch|p1a: Heatran|Heatran, F|100/100
|-item|p1a: Heatran|Air Balloon
|move|p2a: Scovillain|Growth|p2a: Scovillain
|-boost|p2a: Scovillain|atk|2
|-boost|p2a: Scovillain|spa|2
|
|-weather|SunnyDay|[upkeep]
|-heal|p2a: Scovillain|86/100|[from] Grassy Terrain
|upkeep
|turn|8
|
|t:|1769404208
|move|p2a: Scovillain|Giga Drain|p1a: Heatran
|-resisted|p1a: Heatran
|-damage|p1a: Heatran|82/100
|-heal|p2a: Scovillain|99/100|[from] drain|[of] p1a: Heatran
|-enditem|p1a: Heatran|Air Balloon
|-damage|p2a: Scovillain|89/100|[from] item: Life Orb
|move|p1a: Heatran|Magma Storm|p2a: Scovillain
|-damage|p2a: Scovillain|0 fnt
|faint|p2a: Scovillain
|
|-weather|SunnyDay|[upkeep]
|-heal|p1a: Heatran|89/100|[from] Grassy Terrain
|upkeep
|
|t:|1769404213
|switch|p2a: Walking Wake|Walking Wake, tera:Water|100/100
|-activate|p2a: Walking Wake|ability: Protosynthesis
|-start|p2a: Walking Wake|protosynthesisspa
|turn|9
|
|t:|1769404240
|switch|p1a: Dragapult|Dragapult, M|100/100
|move|p2a: Walking Wake|Hydro Steam|p1a: Dragapult
|-resisted|p1a: Dragapult
|-damage|p1a: Dragapult|0 fnt
|faint|p1a: Dragapult
|
|-weather|SunnyDay|[upkeep]
|upkeep
|
|t:|1769404242
|switch|p1a: Rillaboom|Rillaboom, F|100/100
|turn|10
|
|t:|1769404248
|move|p1a: Rillaboom|Grassy Glide|p2a: Walking Wake
|-supereffective|p2a: Walking Wake
|-damage|p2a: Walking Wake|10/100
|move|p2a: Walking Wake|Hydro Steam|p1a: Rillaboom
|-resisted|p1a: Rillaboom
|-damage|p1a: Rillaboom|0 fnt
|faint|p1a: Rillaboom
|
|-weather|none
|-end|p2a: Walking Wake|Protosynthesis
|-heal|p2a: Walking Wake|16/100|[from] Grassy Terrain
|upkeep
|
|t:|1769404255
|switch|p1a: Iron Hands|Iron Hands, shiny|100/100
|turn|11
|
|t:|1769404260
|move|p2a: Walking Wake|Hydro Steam|p1a: Iron Hands
|-damage|p1a: Iron Hands|27/100
|move|p1a: Iron Hands|Drain Punch|p2a: Walking Wake
|-crit|p2a: Walking Wake
|-damage|p2a: Walking Wake|0 fnt
|-heal|p1a: Iron Hands|32/100|[from] drain|[of] p2a: Walking Wake
|faint|p2a: Walking Wake
|-end|p2a: Walking Wake|Protosynthesis|[silent]
|
|-heal|p1a: Iron Hands|39/100|[from] Grassy Terrain
|upkeep
|
|t:|1769404272
|switch|p2a: Ceruledge|Ceruledge, F|100/100
|turn|12
|
|t:|1769404278
|move|p2a: Ceruledge|Swords Dance|p2a: Ceruledge
|-boost|p2a: Ceruledge|atk|2
|move|p1a: Iron Hands|Wild Charge|p2a: Ceruledge
|-damage|p2a: Ceruledge|32/100
|-ability|p2a: Ceruledge|Weak Armor|boost
|-unboost|p2a: Ceruledge|def|1
|-boost|p2a: Ceruledge|spe|2
|-damage|p1a: Iron Hands|27/100|[from] Recoil
|
|-heal|p2a: Ceruledge|39/100|[from] Grassy Terrain
|-heal|p1a: Iron Hands|34/100|[from] Grassy Terrain
|upkeep
|turn|13
|
|t:|1769404283
|move|p2a: Ceruledge|Bitter Blade|p1a: Iron Hands
|-crit|p1a: Iron Hands
|-damage|p1a: Iron Hands|0 fnt
|-heal|p2a: Ceruledge|64/100|[from] drain|[of] p1a: Iron Hands
|faint|p1a: Iron Hands
|-end|p1a: Iron Hands|Quark Drive|[silent]
|
|-heal|p2a: Ceruledge|71/100|[from] Grassy Terrain
|-fieldend|move: Grassy Terrain
|upkeep
|
|t:|1769404286
|switch|p1a: Heatran|Heatran, F|89/100
|turn|14
|
|t:|1769404292
|move|p2a: Ceruledge|Shadow Sneak|p1a: Heatran
|-damage|p1a: Heatran|49/100
|move|p1a: Heatran|Earth Power|p2a: Ceruledge
|-supereffective|p2a: Ceruledge
|-damage|p2a: Ceruledge|9/100
|
|upkeep
|turn|15
|
|t:|1769404301
|move|p2a: Ceruledge|Shadow Sneak|p1a: Heatran
|-damage|p1a: Heatran|10/100
|move|p1a: Heatran|Earth Power|p2a: Ceruledge
|-supereffective|p2a: Ceruledge
|-damage|p2a: Ceruledge|0 fnt
|faint|p2a: Ceruledge
|
|upkeep
|
|t:|1769404305
|switch|p2a: Don|Great Tusk, shiny|100/100
|turn|16
|
|t:|1769404308
|-terastallize|p1a: Heatran|Flying
|move|p2a: Don|Headlong Rush|p1a: Heatran
|-immune|p1a: Heatran
|move|p1a: Heatran|Magma Storm|p2a: Don
|-damage|p2a: Don|36/100
|-activate|p2a: Don|move: Magma Storm|[of] p1a: Heatran
|
|-damage|p2a: Don|23/100|[from] move: Magma Storm|[partiallytrapped]
|upkeep
|turn|17
|
|t:|1769404313
|move|p2a: Don|Ice Spinner|p1a: Heatran
|-supereffective|p1a: Heatran
|-damage|p1a: Heatran|0 fnt
|faint|p1a: Heatran
|
|win|pinkwalll
|raw|vacineee's rating: 1429 &rarr; <strong>1407</strong><br />(-22 for losing)
|raw|pinkwalll's rating: 1399 &rarr; <strong>1421</strong><br />(+22 for winning)
|l|☆vacineee
|player|p1|
|l|☆pinkwalll
|player|p2|
