|j|☆than0304
|j|☆saibayman
|t:|1769406653
|gametype|singles
|player|p1|than0304|n-masters3|1664
|player|p2|saibayman|266|1561
|gen|9
|tier|[Gen 9] OU
|rated|
|rule|HP Percentage Mod: HP is shown in percentages
|rule|Endless Battle Clause: Forcing endless battles is banned
|rule|Species Clause: Limit one of each Pokémon
|rule|OHKO Clause: OHKO moves are banned
|rule|Evasion Items Clause: Evasion items are banned
|rule|Evasion Moves Clause: Evasion moves are banned
|rule|Evasion Abilities Clause: Evasion abilities are banned
|rule|Sleep Moves Clause: Sleep-inducing moves are banned
|clearpoke
|poke|p1|Landorus-Therian, M|
|poke|p1|Hoopa-Unbound|
|poke|p1|Slowking-Galar, M|
|poke|p1|Zamazenta-*|
|poke|p1|Kyurem|
|poke|p1|Cinderace, F|
|poke|p2|Tyranitar, M|
|poke|p2|Great Tusk|
|poke|p2|Slowking-Galar, F|
|poke|p2|Gholdengo|
|poke|p2|Meowscarada, M|
|poke|p2|Moltres|
|teampreview
|inactive|Battle timer is ON: inactive players will automatically lose when time's up. (requested by saibayman)
|inactive|than0304 also wants the timer to be on.
|
|t:|1769406669
|teamsize|p1|6
|teamsize|p2|6
|start
|switch|p1a: Calrissian|Landorus-Therian, M, shiny|100/100
|switch|p2a: Slowking|Slowking-Galar, F|100/100
|-ability|p1a: Calrissian|Intimidate|boost
|-unboost|p2a: Slowking|atk|1
|turn|1
|
|t:|1769406688
|move|p1a: Calrissian|U-turn|p2a: Slowking
|-damage|p2a: Slowking|76/100
|
|t:|1769406695
|switch|p1a: Poopa-Unbound|Hoopa-Unbound|100/100|[from] U-turn
|move|p2a: Slowking|Ice Beam|p1a: Poopa-Unbound
|-damage|p1a: Poopa-Unbound|85/100
|
|upkeep
|turn|2
|
|t:|1769406705
|switch|p2a: Moltres|Moltres|100/100
|move|p1a: Poopa-Unbound|Knock Off|p2a: Moltres
|-damage|p2a: Moltres|50/100
|-status|p1a: Poopa-Unbound|brn|[from] ability: Flame Body|[of] p2a: Moltres
|-enditem|p2a: Moltres|Heavy-Duty Boots|[from] move: Knock Off|[of] p1a: Poopa-Unbound
|
|-damage|p1a: Poopa-Unbound|79/100 brn|[from] brn
|upkeep
|turn|3
|
|t:|1769406715
|switch|p1a: Calrissian|Landorus-Therian, M, shiny|100/100
|-ability|p1a: Calrissian|Intimidate|boost
|-unboost|p2a: Moltres|atk|1
|move|p2a: Moltres|Roost|p2a: Moltres
|-heal|p2a: Moltres|99/100
|-singleturn|p2a: Moltres|move: Roost
|
|upkeep
|turn|4
|
|t:|1769406723
|move|p1a: Calrissian|Taunt|p2a: Moltres
|-start|p2a: Moltres|move: Taunt
|cant|p2a: Moltres|move: Taunt|Will-O-Wisp
|
|upkeep
|turn|5
|
|t:|1769406728
|move|p1a: Calrissian|Stone Edge|p2a: Moltres
|-supereffective|p2a: Moltres
|-damage|p2a: Moltres|0 fnt
|faint|p2a: Moltres
|
|upkeep
|
|t:|1769406741
|switch|p2a: Great Tusk|Great Tusk|100/100
|turn|6
|
|t:|1769406744
|move|p1a: Calrissian|U-turn|p2a: Great Tusk
|-resisted|p2a: Great Tusk
|-damage|p2a: Great Tusk|95/100
|
|t:|1769406746
|switch|p1a: Dr. K|Kyurem, shiny|100/100|[from] U-turn
|-ability|p1a: Dr. K|Pressure
|move|p2a: Great Tusk|Rapid Spin|p1a: Dr. K
|-damage|p1a: Dr. K|87/100
|-boost|p2a: Great Tusk|spe|1
|
|-heal|p2a: Great Tusk|100/100|[from] item: Leftovers
|upkeep
|turn|7
|
|t:|1769406757
|move|p1a: Dr. K|Ice Beam|p2a: Great Tusk
|-supereffective|p2a: Great Tusk
|-damage|p2a: Great Tusk|0 fnt
|faint|p2a: Great Tusk
|-end|p2a: Great Tusk|Protosynthesis|[silent]
|
|upkeep
|
|t:|1769406765
|switch|p2a: Gholdengo|Gholdengo|100/100
|turn|8
|
|t:|1769406775
|switch|p1a: Poopa-Unbound|Hoopa-Unbound|79/100 brn
|move|p2a: Gholdengo|Shadow Ball|p1a: Poopa-Unbound
|-damage|p1a: Poopa-Unbound|57/100 brn
|
|-damage|p1a: Poopa-Unbound|51/100 brn|[from] brn
|upkeep
|turn|9
|
|t:|1769406783
|switch|p2a: Tyranitar|Tyranitar, M|100/100
|-weather|Sandstorm|[from] ability: Sand Stream|[of] p2a: Tyranitar
|move|p1a: Poopa-Unbound|Knock Off|p2a: Tyranitar
|-resisted|p2a: Tyranitar
|-damage|p2a: Tyranitar|93/100
|-damage|p1a: Poopa-Unbound|34/100 brn|[from] item: Rocky Helmet|[of] p2a: Tyranitar
|-enditem|p2a: Tyranitar|Rocky Helmet|[from] move: Knock Off|[of] p1a: Poopa-Unbound
|
|-weather|Sandstorm|[upkeep]
|-damage|p1a: Poopa-Unbound|28/100 brn|[from] Sandstorm
|-damage|p1a: Poopa-Unbound|22/100 brn|[from] brn
|upkeep
|turn|10
|
|t:|1769406799
|move|p1a: Poopa-Unbound|Drain Punch|p2a: Tyranitar
|-supereffective|p2a: Tyranitar
|-damage|p2a: Tyranitar|64/100
|-heal|p1a: Poopa-Unbound|39/100 brn|[from] drain|[of] p2a: Tyranitar
|move|p2a: Tyranitar|Stealth Rock|p1a: Poopa-Unbound
|-sidestart|p1: than0304|move: Stealth Rock
|
|-weather|Sandstorm|[upkeep]
|-damage|p1a: Poopa-Unbound|33/100 brn|[from] Sandstorm
|-damage|p1a: Poopa-Unbound|27/100 brn|[from] brn
|upkeep
|turn|11
|
|t:|1769406809
|move|p1a: Poopa-Unbound|Drain Punch|p2a: Tyranitar
|-supereffective|p2a: Tyranitar
|-damage|p2a: Tyranitar|31/100
|-heal|p1a: Poopa-Unbound|44/100 brn|[from] drain|[of] p2a: Tyranitar
|move|p2a: Tyranitar|Knock Off|p1a: Poopa-Unbound
|-damage|p1a: Poopa-Unbound|0 fnt
|-enditem|p1a: Poopa-Unbound|Assault Vest|[from] move: Knock Off|[of] p2a: Tyranitar
|faint|p1a: Poopa-Unbound
|
|-weather|Sandstorm|[upkeep]
|upkeep
|
|t:|1769406811
|switch|p1a: Pulisic|Cinderace, F, shiny|100/100
|turn|12
|
|t:|1769406822
|move|p1a: Pulisic|U-turn|p2a: Tyranitar
|-start|p1a: Pulisic|typechange|Bug|[from] ability: Libero
|-supereffective|p2a: Tyranitar
|-damage|p2a: Tyranitar|0 fnt
|faint|p2a: Tyranitar
|
|t:|1769406827
|switch|p1a: Calrissian|Landorus-Therian, M, shiny|100/100|[from] U-turn
|-damage|p1a: Calrissian|88/100|[from] Stealth Rock
|
|-weather|Sandstorm|[upkeep]
|upkeep
|
|t:|1769406837
|switch|p2a: Meowscarada|Meowscarada, M|100/100
|turn|13
|
|t:|1769406842
|switch|p1a: Pulisic|Cinderace, F, shiny|100/100
|move|p2a: Meowscarada|Flower Trick|p1a: Pulisic
|-start|p2a: Meowscarada|typechange|Grass|[from] ability: Protean
|-resisted|p1a: Pulisic
|-crit|p1a: Pulisic
|-damage|p1a: Pulisic|44/100
|
|-weather|none
|upkeep
|turn|14
|
|t:|1769406853
|switch|p1a: The King|Slowking-Galar, M, shiny|100/100
|move|p2a: Meowscarada|Flower Trick|p1a: The King
|-resisted|p1a: The King
|-crit|p1a: The King
|-damage|p1a: The King|61/100
|
|upkeep
|turn|15
|
|t:|1769406863
|move|p2a: Meowscarada|Flower Trick|p1a: The King
|-resisted|p1a: The King
|-crit|p1a: The King
|-damage|p1a: The King|20/100
|-prepare|p1a: The King|Chilly Reception|[premajor]
|move|p1a: The King|Chilly Reception|p1a: The King
|-weather|Snowscape
|
|t:|1769406866
|switch|p1a: Calrissian|Landorus-Therian, M, shiny|88/100|[from] Chilly Reception
|-damage|p1a: Calrissian|76/100|[from] Stealth Rock
|-ability|p1a: Calrissian|Intimidate|boost
|-unboost|p2a: Meowscarada|atk|1
|
|-weather|Snowscape|[upkeep]
|upkeep
|turn|16
|
|t:|1769406876
|move|p2a: Meowscarada|Flower Trick|p1a: Calrissian
|-crit|p1a: Calrissian
|-damage|p1a: Calrissian|22/100
|move|p1a: Calrissian|U-turn|p2a: Meowscarada
|-supereffective|p2a: Meowscarada
|-crit|p2a: Meowscarada
|-damage|p2a: Meowscarada|0 fnt
|faint|p2a: Meowscarada
|
|t:|1769406887
|switch|p1a: Pulisic|Cinderace, F, shiny|44/100|[from] U-turn
|
|-weather|Snowscape|[upkeep]
|upkeep
|
|t:|1769406892
|switch|p2a: Gholdengo|Gholdengo|100/100
|turn|17
|
|t:|1769406898
|move|p2a: Gholdengo|Shadow Ball|p1a: Pulisic
|-damage|p1a: Pulisic|0 fnt
|faint|p1a: Pulisic
|
|-weather|Snowscape|[upkeep]
|upkeep
|
|t:|1769406902
|switch|p1a: danger dog|Zamazenta, shiny|100/100
|-damage|p1a: danger dog|94/100|[from] Stealth Rock
|-ability|p1a: danger dog|Dauntless Shield|boost
|-boost|p1a: danger dog|def|1
|turn|18
|
|t:|1769406912
|-terastallize|p2a: Gholdengo|Fairy
|move|p2a: Gholdengo|Shadow Ball|p1a: danger dog
|-damage|p1a: danger dog|60/100
|move|p1a: danger dog|Crunch|p2a: Gholdengo
|-resisted|p2a: Gholdengo
|-damage|p2a: Gholdengo|88/100
|
|-weather|Snowscape|[upkeep]
|-heal|p1a: danger dog|66/100|[from] item: Leftovers
|upkeep
|turn|19
|
|t:|1769406923
|switch|p1a: Calrissian|Landorus-Therian, M, shiny|22/100
|-damage|p1a: Calrissian|10/100|[from] Stealth Rock
|-ability|p1a: Calrissian|Intimidate|boost
|-unboost|p2a: Gholdengo|atk|1
|move|p2a: Gholdengo|Shadow Ball|p1a: Calrissian
|-crit|p1a: Calrissian
|-damage|p1a: Calrissian|0 fnt
|faint|p1a: Calrissian
|
|-weather|none
|upkeep
|
|t:|1769406928
|switch|p1a: The King|Slowking-Galar, M, shiny|54/100
|turn|20
|
|t:|1769406939
|switch|p2a: Slowking|Slowking-Galar, F|100/100
|move|p1a: The King|Sludge Bomb|p2a: Slowking
|-resisted|p2a: Slowking
|-damage|p2a: Slowking|92/100
|
|upkeep
|turn|21
|
|t:|1769406946
|move|p2a: Slowking|Psyshock|p1a: The King
|-damage|p1a: The King|9/100
|move|p1a: The King|Future Sight|p2a: Slowking
|-start|p1a: The King|move: Future Sight
|
|upkeep
|turn|22
|
|t:|1769406955
|switch|p1a: Dr. K|Kyurem, shiny|87/100
|-damage|p1a: Dr. K|62/100|[from] Stealth Rock
|-ability|p1a: Dr. K|Pressure
|move|p2a: Slowking|Psyshock|p1a: Dr. K
|-damage|p1a: Dr. K|24/100
|
|upkeep
|turn|23
|
|t:|1769406964
|move|p1a: Dr. K|Earth Power|p2a: Slowking
|-supereffective|p2a: Slowking
|-damage|p2a: Slowking|59/100
|move|p2a: Slowking|Psyshock|p1a: Dr. K
|-damage|p1a: Dr. K|0 fnt
|faint|p1a: Dr. K
|
|-end|p2a: Slowking|move: Future Sight
|-damage|p2a: Slowking|35/100
|upkeep
|
|t:|1769406972
|switch|p1a: danger dog|Zamazenta, shiny|66/100
|-damage|p1a: danger dog|60/100|[from] Stealth Rock
|turn|24
|
|t:|1769406978
|switch|p2a: Gholdengo|Gholdengo, tera:Fairy|88/100
|-terastallize|p1a: danger dog|Steel
|move|p1a: danger dog|Crunch|p2a: Gholdengo
|-resisted|p2a: Gholdengo
|-damage|p2a: Gholdengo|75/100
|
|-heal|p1a: danger dog|66/100|[from] item: Leftovers
|upkeep
|turn|25
|
|t:|1769406992
|move|p2a: Gholdengo|Trick|p1a: danger dog
|-activate|p2a: Gholdengo|move: Trick|[of] p1a: danger dog
|-item|p1a: danger dog|Choice Scarf|[from] move: Trick
|-item|p2a: Gholdengo|Leftovers|[from] move: Trick
|move|p1a: danger dog|Heavy Slam|p2a: Gholdengo
|-supereffective|p2a: Gholdengo
|-damage|p2a: Gholdengo|0 fnt
|faint|p2a: Gholdengo
|
|upkeep
|-message|saibayman forfeited.
|
|win|than0304
|raw|than0304's rating: 1664 &rarr; <strong>1678</strong><br />(+14 for winning)
|raw|saibayman's rating: 1561 &rarr; <strong>1547</strong><br />(-14 for losing)
|l|☆saibayman
|player|p2|
|l|☆than0304
|player|p1|
