|inactive|Battle timer is ON: inactive players will automatically lose when time's up.
|t:|1769378415
|gametype|singles
|player|p1|Eternal Spirit|#splxviraiders2|
|player|p2|hellom|#splxviisharks|
|gen|9
|tier|[Gen 9] OU
|rule|HP Percentage Mod: HP is shown in percentages
|rule|Endless Battle Clause: Forcing endless battles is banned
|rule|Species Clause: Limit one of each Pokémon
|rule|OHKO Clause: OHKO moves are banned
|rule|Evasion Items Clause: Evasion items are banned
|rule|Evasion Moves Clause: Evasion moves are banned
|rule|Evasion Abilities Clause: Evasion abilities are banned
|rule|Sleep Moves Clause: Sleep-inducing moves are banned
|clearpoke
|poke|p1|Dragonite, F|
|poke|p1|Gholdengo|
|poke|p1|Gliscor, M|
|poke|p1|Great Tusk|
|poke|p1|Kingambit, F|
|poke|p1|Pecharunt|
|poke|p2|Iron Moth|
|poke|p2|Gholdengo|
|poke|p2|Ribombee, F|
|poke|p2|Enamorus, F|
|poke|p2|Kingambit, F|
|poke|p2|Zamazenta-*|
|teampreview
|c|☆hellom|hf
|rated|Smogon Premier League
|inactive|Eternal Spirit has 270 seconds left.
|inactive|hellom has 270 seconds left.
|c|☆Eternal Spirit|Hf 
|inactive|Eternal Spirit has 240 seconds left.
|inactive|hellom has 240 seconds left.
|
|t:|1769378504
|teamsize|p1|6
|teamsize|p2|6
|start
|switch|p1a: NIGHT WING|Gliscor, M|100/100
|switch|p2a: Ribombee|Ribombee, F|100/100
|turn|1
|
|t:|1769378511
|move|p1a: NIGHT WING|Protect|p1a: NIGHT WING
|-singleturn|p1a: NIGHT WING|Protect
|move|p2a: Ribombee|Sticky Web|p1a: NIGHT WING
|-sidestart|p1: Eternal Spirit|move: Sticky Web
|
|-status|p1a: NIGHT WING|tox|[from] item: Toxic Orb
|upkeep
|turn|2
|
|t:|1769378513
|switch|p2a: Gholdengo|Gholdengo|100/100
|-item|p2a: Gholdengo|Air Balloon
|move|p1a: NIGHT WING|Stealth Rock|p2a: Gholdengo
|-sidestart|p2: hellom|move: Stealth Rock
|
|upkeep
|turn|3
|
|t:|1769378527
|switch|p1a: SPARTACUS|Kingambit, F|100/100
|-item|p1a: SPARTACUS|Air Balloon
|move|p2a: Gholdengo|Nasty Plot|p2a: Gholdengo
|-boost|p2a: Gholdengo|spa|2
|
|upkeep
|turn|4
|
|t:|1769378551
|move|p1a: SPARTACUS|Sucker Punch|p2a: Gholdengo
|-supereffective|p2a: Gholdengo
|-damage|p2a: Gholdengo|7/100
|-enditem|p2a: Gholdengo|Air Balloon
|move|p2a: Gholdengo|Thunderbolt|p1a: SPARTACUS
|-damage|p1a: SPARTACUS|26/100
|-enditem|p1a: SPARTACUS|Air Balloon
|
|upkeep
|turn|5
|
|t:|1769378560
|switch|p2a: Ribombee|Ribombee, F|100/100
|-damage|p2a: Ribombee|76/100|[from] Stealth Rock
|move|p1a: SPARTACUS|Sucker Punch||[still]
|-fail|p1a: SPARTACUS
|
|upkeep
|turn|6
|
|t:|1769378584
|-end|p1a: SPARTACUS|fallenundefined|[silent]
|switch|p1a: NIGHT WING|Gliscor, M|100/100 tox
|move|p2a: Ribombee|Moonblast|p1a: NIGHT WING
|-damage|p1a: NIGHT WING|65/100 tox
|
|-heal|p1a: NIGHT WING|78/100 tox|[from] ability: Poison Heal
|upkeep
|turn|7
|
|t:|1769378595
|move|p1a: NIGHT WING|Protect|p1a: NIGHT WING
|-singleturn|p1a: NIGHT WING|Protect
|move|p2a: Ribombee|Moonblast|p1a: NIGHT WING
|-activate|p1a: NIGHT WING|move: Protect
|
|-heal|p1a: NIGHT WING|90/100 tox|[from] ability: Poison Heal
|upkeep
|turn|8
|
|t:|1769378599
|move|p2a: Ribombee|Moonblast|p1a: NIGHT WING
|-damage|p1a: NIGHT WING|54/100 tox
|move|p1a: NIGHT WING|Toxic|p2a: Ribombee
|-status|p2a: Ribombee|tox
|
|-damage|p2a: Ribombee|69/100 tox|[from] psn
|-heal|p1a: NIGHT WING|66/100 tox|[from] ability: Poison Heal
|upkeep
|turn|9
|
|t:|1769378607
|move|p2a: Ribombee|Moonblast|p1a: NIGHT WING
|-damage|p1a: NIGHT WING|29/100 tox
|move|p1a: NIGHT WING|Toxic|p2a: Ribombee
|-fail|p2a: Ribombee|tox
|
|-damage|p2a: Ribombee|57/100 tox|[from] psn
|-heal|p1a: NIGHT WING|42/100 tox|[from] ability: Poison Heal
|upkeep
|turn|10
|
|t:|1769378610
|switch|p2a: Gholdengo|Gholdengo|7/100
|-damage|p2a: Gholdengo|1/100|[from] Stealth Rock
|move|p1a: NIGHT WING|Protect||[still]
|-fail|p1a: NIGHT WING
|
|-heal|p1a: NIGHT WING|54/100 tox|[from] ability: Poison Heal
|upkeep
|turn|11
|
|t:|1769378619
|move|p1a: NIGHT WING|Protect|p1a: NIGHT WING
|-singleturn|p1a: NIGHT WING|Protect
|move|p2a: Gholdengo|Make It Rain|p1a: NIGHT WING
|-activate|p1a: NIGHT WING|move: Protect
|
|-heal|p1a: NIGHT WING|67/100 tox|[from] ability: Poison Heal
|upkeep
|turn|12
|inactive|Eternal Spirit has 270 seconds left.
|
|t:|1769378660
|move|p2a: Gholdengo|Make It Rain|p1a: NIGHT WING
|-damage|p1a: NIGHT WING|7/100 tox
|-unboost|p2a: Gholdengo|spa|1
|move|p1a: NIGHT WING|Earthquake|p2a: Gholdengo
|-supereffective|p2a: Gholdengo
|-damage|p2a: Gholdengo|0 fnt
|faint|p2a: Gholdengo
|
|-heal|p1a: NIGHT WING|20/100 tox|[from] ability: Poison Heal
|upkeep
|inactive|hellom has 270 seconds left.
|
|t:|1769378718
|switch|p2a: Enamorus|Enamorus, F|100/100
|-damage|p2a: Enamorus|76/100|[from] Stealth Rock
|turn|13
|inactive|Eternal Spirit has 270 seconds left.
|inactive|Eternal Spirit has 240 seconds left.
|inactive|Eternal Spirit has 210 seconds left.
|
|t:|1769378810
|switch|p1a: MENINO DE OURO|Gholdengo|100/100
|-activate|p1a: MENINO DE OURO|move: Sticky Web
|-unboost|p1a: MENINO DE OURO|spe|1
|move|p2a: Enamorus|Substitute|p2a: Enamorus
|-start|p2a: Enamorus|Substitute
|-damage|p2a: Enamorus|51/100
|
|upkeep
|turn|14
|
|t:|1769378819
|move|p2a: Enamorus|Earth Power|p1a: MENINO DE OURO
|-supereffective|p1a: MENINO DE OURO
|-damage|p1a: MENINO DE OURO|0 fnt
|faint|p1a: MENINO DE OURO
|-damage|p2a: Enamorus|41/100|[from] item: Life Orb
|
|upkeep
|inactive|Eternal Spirit has 180 seconds left.
|inactive|Eternal Spirit has 150 seconds left.
|inactive|Eternal Spirit has 120 seconds left.
|inactive|Eternal Spirit has 90 seconds left.
|inactive|Eternal Spirit has 60 seconds left.
|
|t:|1769378966
|switch|p1a: SPARTACUS|Kingambit, F|26/100
|-activate|p1a: SPARTACUS|move: Sticky Web
|-unboost|p1a: SPARTACUS|spe|1
|-activate|p1a: SPARTACUS|ability: Supreme Overlord
|-start|p1a: SPARTACUS|fallen1|[silent]
|turn|15
|
|t:|1769378972
|move|p1a: SPARTACUS|Sucker Punch|p2a: Enamorus
|-resisted|p2a: Enamorus
|-end|p2a: Enamorus|Substitute
|move|p2a: Enamorus|Draining Kiss|p1a: SPARTACUS
|-damage|p1a: SPARTACUS|0 fnt
|-heal|p2a: Enamorus|66/100|[from] drain|[of] p1a: SPARTACUS
|faint|p1a: SPARTACUS
|-end|p1a: SPARTACUS|fallen1|[silent]
|-damage|p2a: Enamorus|56/100|[from] item: Life Orb
|
|upkeep
|
|t:|1769378978
|switch|p1a: SHION|Dragonite, F|100/100
|turn|16
|inactive|Eternal Spirit has 60 seconds left.
|inactive|hellom has 270 seconds left.
|inactive|Eternal Spirit has 30 seconds left.
|
|t:|1769379026
|switch|p2a: Zamazenta|Zamazenta|100/100
|-damage|p2a: Zamazenta|94/100|[from] Stealth Rock
|-ability|p2a: Zamazenta|Dauntless Shield|boost
|-boost|p2a: Zamazenta|def|1
|move|p1a: SHION|Dragon Dance|p1a: SHION
|-boost|p1a: SHION|atk|1
|-boost|p1a: SHION|spe|1
|
|-heal|p2a: Zamazenta|100/100|[from] item: Leftovers
|upkeep
|turn|17
|inactive|Eternal Spirit has 30 seconds left.
|
|t:|1769379037
|switch|p1a: TOXICALLY|Pecharunt|100/100
|move|p2a: Zamazenta|Iron Defense|p2a: Zamazenta
|-boost|p2a: Zamazenta|def|2
|
|upkeep
|turn|18
|
|t:|1769379043
|switch|p2a: Kingambit|Kingambit, F|100/100
|-damage|p2a: Kingambit|94/100|[from] Stealth Rock
|-activate|p2a: Kingambit|ability: Supreme Overlord
|-start|p2a: Kingambit|fallen1|[silent]
|-item|p2a: Kingambit|Air Balloon
|move|p1a: TOXICALLY|Toxic|p2a: Kingambit
|-immune|p2a: Kingambit
|
|upkeep
|turn|19
|
|t:|1769379047
|move|p1a: TOXICALLY|Parting Shot|p2a: Kingambit
|-unboost|p2a: Kingambit|atk|1
|-unboost|p2a: Kingambit|spa|1
|
|t:|1769379051
|switch|p1a: MONTANHA|Great Tusk|100/100|[from] Parting Shot
|move|p2a: Kingambit|Swords Dance|p2a: Kingambit
|-boost|p2a: Kingambit|atk|2
|
|upkeep
|turn|20
|inactive|Eternal Spirit has 60 seconds left.
|inactive|hellom has 270 seconds left.
|
|t:|1769379085
|-end|p2a: Kingambit|fallen1|[silent]
|switch|p2a: Ribombee|Ribombee, F|57/100 tox
|-damage|p2a: Ribombee|32/100 tox|[from] Stealth Rock
|move|p1a: MONTANHA|Close Combat|p2a: Ribombee
|-resisted|p2a: Ribombee
|-damage|p2a: Ribombee|2/100 tox
|-unboost|p1a: MONTANHA|def|1
|-unboost|p1a: MONTANHA|spd|1
|
|-damage|p2a: Ribombee|0 fnt|[from] psn
|faint|p2a: Ribombee
|upkeep
|
|t:|1769379088
|switch|p2a: Enamorus|Enamorus, F|56/100
|-damage|p2a: Enamorus|31/100|[from] Stealth Rock
|turn|21
|inactive|hellom has 270 seconds left.
|inactive|Eternal Spirit has 30 seconds left.
|
|t:|1769379123
|-end|p1a: MONTANHA|Protosynthesis|[silent]
|switch|p1a: NIGHT WING|Gliscor, M|20/100 tox
|move|p2a: Enamorus|Draining Kiss|p1a: NIGHT WING
|-damage|p1a: NIGHT WING|0 fnt
|-heal|p2a: Enamorus|49/100|[from] drain|[of] p1a: NIGHT WING
|faint|p1a: NIGHT WING
|-damage|p2a: Enamorus|39/100|[from] item: Life Orb
|
|upkeep
|inactive|Eternal Spirit has 30 seconds left.
|inactive|Eternal Spirit has 20 seconds left.
|inactive|Eternal Spirit has 15 seconds left.
|inactive|Eternal Spirit has 10 seconds left.
|
|t:|1769379153
|switch|p1a: SHION|Dragonite, F|100/100
|turn|22
|inactive|Eternal Spirit has 20 seconds left this turn.
|inactive|Eternal Spirit has 15 seconds left.
|inactive|Eternal Spirit has 10 seconds left.
|inactive|hellom has 240 seconds left.
|
|t:|1769379185
|move|p2a: Enamorus|Moonblast|p1a: SHION
|-supereffective|p1a: SHION
|-damage|p1a: SHION|30/100
|-damage|p2a: Enamorus|29/100|[from] item: Life Orb
|move|p1a: SHION|Dragon Dance|p1a: SHION
|-boost|p1a: SHION|atk|1
|-boost|p1a: SHION|spe|1
|
|upkeep
|turn|23
|inactive|Eternal Spirit has 20 seconds left this turn.
|
|t:|1769379189
|move|p1a: SHION|Ice Spinner|p2a: Enamorus
|-supereffective|p2a: Enamorus
|-damage|p2a: Enamorus|0 fnt
|faint|p2a: Enamorus
|
|upkeep
|
|t:|1769379192
|switch|p2a: Kingambit|Kingambit, F|94/100
|-damage|p2a: Kingambit|88/100|[from] Stealth Rock
|-activate|p2a: Kingambit|ability: Supreme Overlord
|-start|p2a: Kingambit|fallen3|[silent]
|-item|p2a: Kingambit|Air Balloon
|turn|24
|inactive|Eternal Spirit has 30 seconds left.
|inactive|Eternal Spirit has 20 seconds left.
|inactive|Eternal Spirit has 15 seconds left.
|inactive|Eternal Spirit has 10 seconds left.
|inactive|hellom has 240 seconds left.
|
|t:|1769379220
|move|p1a: SHION|Ice Spinner|p2a: Kingambit
|-resisted|p2a: Kingambit
|-damage|p2a: Kingambit|69/100
|-enditem|p2a: Kingambit|Air Balloon
|move|p2a: Kingambit|Swords Dance|p2a: Kingambit
|-boost|p2a: Kingambit|atk|2
|
|upkeep
|turn|25
|inactive|Eternal Spirit has 20 seconds left this turn.
|inactive|Eternal Spirit has 15 seconds left.
|
|t:|1769379229
|switch|p1a: MONTANHA|Great Tusk|100/100
|move|p2a: Kingambit|Sucker Punch||[still]
|-fail|p2a: Kingambit
|
|upkeep
|turn|26
|inactive|Eternal Spirit has 25 seconds left this turn.
|inactive|Eternal Spirit has 20 seconds left.
|inactive|Eternal Spirit has 15 seconds left.
|inactive|Eternal Spirit has 10 seconds left.
|
|t:|1769379247
|-terastallize|p2a: Kingambit|Fairy
|move|p1a: MONTANHA|Headlong Rush|p2a: Kingambit
|-damage|p2a: Kingambit|12/100
|-unboost|p1a: MONTANHA|def|1
|-unboost|p1a: MONTANHA|spd|1
|move|p2a: Kingambit|Tera Blast|p1a: MONTANHA|[anim] Tera Blast Fairy
|-supereffective|p1a: MONTANHA
|-damage|p1a: MONTANHA|0 fnt
|faint|p1a: MONTANHA
|-end|p1a: MONTANHA|Protosynthesis|[silent]
|
|upkeep
|inactive|Eternal Spirit has 15 seconds left this turn.
|inactive|Eternal Spirit has 10 seconds left.
|
|t:|1769379255
|switch|p1a: TOXICALLY|Pecharunt|100/100
|turn|27
|inactive|Eternal Spirit has 20 seconds left this turn.
|inactive|Eternal Spirit has 15 seconds left.
|inactive|Eternal Spirit has 10 seconds left.
|inactive|Eternal Spirit has 5 seconds left.
|
|t:|1769379274
|move|p2a: Kingambit|Sucker Punch||[still]
|-fail|p2a: Kingambit
|move|p1a: TOXICALLY|Toxic|p2a: Kingambit
|-status|p2a: Kingambit|tox
|-start|p2a: Kingambit|confusion|[from] ability: Poison Puppeteer|[of] p1a: TOXICALLY
|
|-damage|p2a: Kingambit|5/100 tox|[from] psn
|upkeep
|turn|28
|inactive|Eternal Spirit has 15 seconds left this turn.
|inactive|Eternal Spirit has 10 seconds left.
|inactive|Eternal Spirit has 5 seconds left.
|
|t:|1769379284
|-activate|p2a: Kingambit|confusion
|-damage|p2a: Kingambit|0 fnt|[from] confusion
|faint|p2a: Kingambit
|-end|p2a: Kingambit|fallen3|[silent]
|move|p1a: TOXICALLY|Parting Shot|p2: Kingambit|[notarget]
|-fail|p1a: TOXICALLY
|
|upkeep
|
|t:|1769379286
|switch|p2a: Iron Moth|Iron Moth|100/100
|-damage|p2a: Iron Moth|76/100|[from] Stealth Rock
|-enditem|p2a: Iron Moth|Booster Energy
|-activate|p2a: Iron Moth|ability: Quark Drive|[fromitem]
|-start|p2a: Iron Moth|quarkdrivespa
|turn|29
|inactive|Eternal Spirit has 20 seconds left this turn.
|inactive|Eternal Spirit has 15 seconds left.
|
|t:|1769379296
|move|p2a: Iron Moth|Psychic|p1a: TOXICALLY
|-supereffective|p1a: TOXICALLY
|-crit|p1a: TOXICALLY
|-damage|p1a: TOXICALLY|0 fnt
|faint|p1a: TOXICALLY
|
|upkeep
|inactive|Eternal Spirit has 20 seconds left this turn.
|inactive|Eternal Spirit has 15 seconds left.
|
|t:|1769379301
|switch|p1a: SHION|Dragonite, F|30/100
|turn|30
|inactive|Eternal Spirit has 25 seconds left this turn.
|
|t:|1769379308
|-terastallize|p1a: SHION|Ground
|move|p2a: Iron Moth|Psychic|p1a: SHION
|-crit|p1a: SHION
|-damage|p1a: SHION|0 fnt
|faint|p1a: SHION
|
|win|hellom
|c|☆hellom|gg
|c|☆Eternal Spirit|gg 
|player|p1|
