|j|☆MeGunnaandWheezy
|j|☆Gyo99
|t:|1769354907
|gametype|singles
|player|p1|MeGunnaandWheezy|camper-gen2|1506
|player|p2|Gyo99|rocketgrunt|1563
|gen|9
|tier|[Gen 9] OU
|rated|
|rule|HP Percentage Mod: HP is shown in percentages
|rule|Endless Battle Clause: Forcing endless battles is banned
|rule|Species Clause: Limit one of each Pokémon
|rule|OHKO Clause: OHKO moves are banned
|rule|Evasion Items Clause: Evasion items are banned
|rule|Evasion Moves Clause: Evasion moves are banned
|rule|Evasion Abilities Clause: Evasion abilities are banned
|rule|Sleep Moves Clause: Sleep-inducing moves are banned
|clearpoke
|poke|p1|Walking Wake|
|poke|p1|Cresselia, F|
|poke|p1|Great Tusk|
|poke|p1|Victreebel, M|
|poke|p1|Hatterene, F|
|poke|p1|Torkoal, M|
|poke|p2|Garchomp, M|
|poke|p2|Corviknight, M|
|poke|p2|Clefable, M|
|poke|p2|Swampert, F|
|poke|p2|Cinderace, M|
|poke|p2|Darkrai|
|teampreview
|inactive|Battle timer is ON: inactive players will automatically lose when time's up. (requested by MeGunnaandWheezy)
|
|t:|1769354927
|teamsize|p1|6
|teamsize|p2|6
|start
|switch|p1a: Torkoal|Torkoal, M|100/100
|switch|p2a: Garchomp|Garchomp, M, shiny|100/100
|-weather|SunnyDay|[from] ability: Drought|[of] p1a: Torkoal
|turn|1
|
|t:|1769354937
|switch|p1a: Hatterene|Hatterene, F|100/100
|move|p2a: Garchomp|Swords Dance|p2a: Garchomp
|-boost|p2a: Garchomp|atk|2
|
|-weather|SunnyDay|[upkeep]
|upkeep
|turn|2
|
|t:|1769354949
|move|p2a: Garchomp|Earthquake|p1a: Hatterene
|-crit|p1a: Hatterene
|-damage|p1a: Hatterene|0 fnt
|faint|p1a: Hatterene
|
|-weather|SunnyDay|[upkeep]
|upkeep
|
|t:|1769354959
|switch|p1a: Walking Wake|Walking Wake|100/100
|-activate|p1a: Walking Wake|ability: Protosynthesis
|-start|p1a: Walking Wake|protosynthesisspe
|turn|3
|
|t:|1769354974
|switch|p2a: Swampert|Swampert, F|100/100
|-terastallize|p1a: Walking Wake|Water
|move|p1a: Walking Wake|Hydro Steam|p2a: Swampert
|-damage|p2a: Swampert|24/100
|
|-weather|SunnyDay|[upkeep]
|-heal|p2a: Swampert|30/100|[from] item: Leftovers
|upkeep
|turn|4
|
|t:|1769354985
|move|p1a: Walking Wake|Hydro Steam|p2a: Swampert
|-damage|p2a: Swampert|0 fnt
|faint|p2a: Swampert
|
|-weather|SunnyDay|[upkeep]
|upkeep
|
|t:|1769354991
|switch|p2a: Clefable|Clefable, M, shiny|100/100
|turn|5
|
|t:|1769354994
|move|p1a: Walking Wake|Hydro Steam|p2a: Clefable
|-damage|p2a: Clefable|18/100
|move|p2a: Clefable|Thunder Wave|p1a: Walking Wake
|-status|p1a: Walking Wake|par
|
|-weather|SunnyDay|[upkeep]
|-heal|p2a: Clefable|24/100|[from] item: Leftovers
|upkeep
|turn|6
|
|t:|1769355009
|move|p1a: Walking Wake|Hydro Steam|p2a: Clefable
|-damage|p2a: Clefable|0 fnt
|faint|p2a: Clefable
|
|-weather|SunnyDay|[upkeep]
|upkeep
|
|t:|1769355023
|switch|p2a: Cinderace|Cinderace, M, shiny|100/100
|turn|7
|
|t:|1769355027
|move|p2a: Cinderace|High Jump Kick|p1a: Walking Wake
|-start|p2a: Cinderace|typechange|Fighting|[from] ability: Libero
|-damage|p1a: Walking Wake|0 fnt
|faint|p1a: Walking Wake
|-end|p1a: Walking Wake|Protosynthesis|[silent]
|
|-weather|SunnyDay|[upkeep]
|upkeep
|
|t:|1769355035
|switch|p1a: Cresselia|Cresselia, F, shiny|100/100
|turn|8
|
|t:|1769355040
|switch|p2a: Darkrai|Darkrai, shiny|100/100
|move|p1a: Cresselia|Trick Room|p1a: Cresselia
|-fieldstart|move: Trick Room|[of] p1a: Cresselia
|
|-weather|none
|upkeep
|turn|9
|
|t:|1769355047
|switch|p2a: Corviknight|Corviknight, M, shiny|100/100
|move|p1a: Cresselia|Lunar Dance|p1a: Cresselia
|faint|p1a: Cresselia
|
|upkeep
|
|t:|1769355049
|switch|p1a: Torkoal|Torkoal, M|100/100
|-weather|SunnyDay|[from] ability: Drought|[of] p1a: Torkoal
|turn|10
|
|t:|1769355061
|move|p1a: Torkoal|Eruption|p2a: Corviknight
|-supereffective|p2a: Corviknight
|-damage|p2a: Corviknight|0 fnt
|faint|p2a: Corviknight
|
|-weather|SunnyDay|[upkeep]
|upkeep
|
|t:|1769355068
|switch|p2a: Cinderace|Cinderace, M, shiny|100/100
|turn|11
|
|t:|1769355073
|move|p1a: Torkoal|Eruption|p2a: Cinderace
|-resisted|p2a: Cinderace
|-damage|p2a: Cinderace|36/100
|move|p2a: Cinderace|High Jump Kick|p1a: Torkoal
|-start|p2a: Cinderace|typechange|Fighting|[from] ability: Libero
|-damage|p1a: Torkoal|32/100
|
|-weather|SunnyDay|[upkeep]
|upkeep
|turn|12
|
|t:|1769355083
|move|p1a: Torkoal|Eruption|p2a: Cinderace
|-damage|p2a: Cinderace|0 fnt
|faint|p2a: Cinderace
|
|-weather|SunnyDay|[upkeep]
|-fieldend|move: Trick Room
|upkeep
|
|t:|1769355091
|switch|p2a: Garchomp|Garchomp, M, shiny|100/100
|turn|13
|
|t:|1769355096
|move|p2a: Garchomp|Swords Dance|p2a: Garchomp
|-boost|p2a: Garchomp|atk|2
|move|p1a: Torkoal|Overheat|p2a: Garchomp
|-resisted|p2a: Garchomp
|-damage|p2a: Garchomp|54/100
|-unboost|p1a: Torkoal|spa|2
|
|-weather|SunnyDay|[upkeep]
|upkeep
|turn|14
|
|t:|1769355107
|switch|p1a: Great Tusk|Great Tusk|100/100
|-activate|p1a: Great Tusk|ability: Protosynthesis
|-start|p1a: Great Tusk|protosynthesisspe
|move|p2a: Garchomp|Scale Shot|p1a: Great Tusk
|-damage|p1a: Great Tusk|85/100
|-damage|p1a: Great Tusk|67/100
|-damage|p1a: Great Tusk|50/100
|-damage|p1a: Great Tusk|33/100
|-damage|p1a: Great Tusk|15/100
|-hitcount|p1a: Great Tusk|5
|-unboost|p2a: Garchomp|def|1
|-boost|p2a: Garchomp|spe|1
|
|-weather|SunnyDay|[upkeep]
|-heal|p1a: Great Tusk|21/100|[from] item: Leftovers
|upkeep
|turn|15
|
|t:|1769355124
|move|p2a: Garchomp|Scale Shot|p1a: Great Tusk
|-damage|p1a: Great Tusk|6/100
|-damage|p1a: Great Tusk|0 fnt
|faint|p1a: Great Tusk
|-end|p1a: Great Tusk|Protosynthesis|[silent]
|-hitcount|p1: Great Tusk|2
|-unboost|p2a: Garchomp|def|1
|-boost|p2a: Garchomp|spe|1
|
|-weather|SunnyDay|[upkeep]
|upkeep
|
|t:|1769355128
|switch|p1a: Victreebel|Victreebel, M, shiny|100/100
|turn|16
|
|t:|1769355136
|move|p2a: Garchomp|Scale Shot|p1a: Victreebel
|-damage|p1a: Victreebel|61/100
|-damage|p1a: Victreebel|22/100
|-damage|p1a: Victreebel|0 fnt
|faint|p1a: Victreebel
|-hitcount|p1: Victreebel|3
|-unboost|p2a: Garchomp|def|1
|-boost|p2a: Garchomp|spe|1
|
|-weather|SunnyDay|[upkeep]
|upkeep
|-message|MeGunnaandWheezy forfeited.
|
|win|Gyo99
|raw|MeGunnaandWheezy's rating: 1506 &rarr; <strong>1489</strong><br />(-17 for losing)
|raw|Gyo99's rating: 1563 &rarr; <strong>1580</strong><br />(+17 for winning)
|l|☆MeGunnaandWheezy
|player|p1|
|l|☆Gyo99
|player|p2|
