|j|☆slave of society
|j|☆Dionisio1456
|t:|1769320788
|gametype|singles
|player|p1|slave of society|shadowtriad|1158
|player|p2|Dionisio1456|170|1172
|gen|9
|tier|[Gen 9] OU
|rated|
|rule|HP Percentage Mod: HP is shown in percentages
|rule|Endless Battle Clause: Forcing endless battles is banned
|rule|Species Clause: Limit one of each Pokémon
|rule|OHKO Clause: OHKO moves are banned
|rule|Evasion Items Clause: Evasion items are banned
|rule|Evasion Moves Clause: Evasion moves are banned
|rule|Evasion Abilities Clause: Evasion abilities are banned
|rule|Sleep Moves Clause: Sleep-inducing moves are banned
|clearpoke
|poke|p1|Dragonite, M|
|poke|p1|Ting-Lu|
|poke|p1|Iron Moth|
|poke|p1|Iron Valiant|
|poke|p1|Kyurem|
|poke|p1|Gholdengo|
|poke|p2|Dusclops, F|
|poke|p2|Corviknight, M|
|poke|p2|Dragapult, F|
|poke|p2|Rotom-Wash|
|poke|p2|Ting-Lu|
|poke|p2|Glimmora, F|
|teampreview
|inactive|Battle timer is ON: inactive players will automatically lose when time's up. (requested by slave of society)
|inactive|Dionisio1456 has 120 seconds left.
|
|t:|1769320878
|teamsize|p1|6
|teamsize|p2|6
|start
|switch|p1a: Ting-Lu|Ting-Lu|100/100
|switch|p2a: Corviknight|Corviknight, M|100/100
|-ability|p1a: Ting-Lu|Vessel of Ruin
|-ability|p2a: Corviknight|Pressure
|turn|1
|
|t:|1769320898
|move|p1a: Ting-Lu|Taunt|p2a: Corviknight
|-start|p2a: Corviknight|move: Taunt
|move|p2a: Corviknight|U-turn|p1a: Ting-Lu
|-supereffective|p1a: Ting-Lu
|-damage|p1a: Ting-Lu|84/100
|-damage|p2a: Corviknight|84/100|[from] item: Rocky Helmet|[of] p1a: Ting-Lu
|
|t:|1769320905
|switch|p2a: Rotom|Rotom-Wash|100/100|[from] U-turn
|
|upkeep
|turn|2
|
|t:|1769320915
|move|p2a: Rotom|Will-O-Wisp|p1a: Ting-Lu
|-status|p1a: Ting-Lu|brn
|move|p1a: Ting-Lu|Stealth Rock|p2a: Rotom
|-sidestart|p2: Dionisio1456|move: Stealth Rock
|
|-damage|p1a: Ting-Lu|77/100 brn|[from] brn
|upkeep
|turn|3
|
|t:|1769320921
|move|p2a: Rotom|Hydro Pump|p1a: Ting-Lu
|-supereffective|p1a: Ting-Lu
|-damage|p1a: Ting-Lu|15/100 brn
|move|p1a: Ting-Lu|Ruination|p2a: Rotom
|-damage|p2a: Rotom|50/100
|
|-heal|p2a: Rotom|57/100|[from] item: Leftovers
|-damage|p1a: Ting-Lu|9/100 brn|[from] brn
|upkeep
|turn|4
|
|t:|1769320933
|move|p2a: Rotom|Hydro Pump|p1a: Ting-Lu
|-supereffective|p1a: Ting-Lu
|-damage|p1a: Ting-Lu|0 fnt
|faint|p1a: Ting-Lu
|
|-heal|p2a: Rotom|63/100|[from] item: Leftovers
|upkeep
|
|t:|1769320960
|switch|p1a: Gholdengo|Gholdengo|100/100
|turn|5
|
|t:|1769320980
|move|p1a: Gholdengo|Dazzling Gleam|p2a: Rotom
|-damage|p2a: Rotom|35/100
|move|p2a: Rotom|Hydro Pump|p1a: Gholdengo|[miss]
|-miss|p2a: Rotom|p1a: Gholdengo
|
|-heal|p2a: Rotom|42/100|[from] item: Leftovers
|upkeep
|turn|6
|
|t:|1769320992
|move|p1a: Gholdengo|Dazzling Gleam|p2a: Rotom
|-damage|p2a: Rotom|12/100
|move|p2a: Rotom|Hydro Pump|p1a: Gholdengo|[miss]
|-miss|p2a: Rotom|p1a: Gholdengo
|
|-heal|p2a: Rotom|19/100|[from] item: Leftovers
|upkeep
|turn|7
|inactive|Dionisio1456 has 120 seconds left.
|
|t:|1769321028
|move|p1a: Gholdengo|Dazzling Gleam|p2a: Rotom
|-damage|p2a: Rotom|0 fnt
|faint|p2a: Rotom
|
|upkeep
|
|t:|1769321037
|switch|p2a: Glimmora|Glimmora, F|100/100
|-damage|p2a: Glimmora|88/100|[from] Stealth Rock
|turn|8
|
|t:|1769321052
|switch|p1a: Dragonite|Dragonite, M|100/100
|move|p2a: Glimmora|Toxic Spikes|p1a: Dragonite
|-sidestart|p1: slave of society|move: Toxic Spikes
|
|upkeep
|turn|9
|
|t:|1769321057
|move|p2a: Glimmora|Rock Slide|p1a: Dragonite
|-supereffective|p1a: Dragonite
|-damage|p1a: Dragonite|81/100
|cant|p1a: Dragonite|flinch
|
|upkeep
|turn|10
|inactive|Dionisio1456 has 120 seconds left.
|
|t:|1769321064
|move|p2a: Glimmora|Spikes|p1a: Dragonite
|-sidestart|p1: slave of society|Spikes
|move|p1a: Dragonite|Dragon Dance|p1a: Dragonite
|-boost|p1a: Dragonite|atk|1
|-boost|p1a: Dragonite|spe|1
|
|upkeep
|turn|11
|
|t:|1769321072
|move|p1a: Dragonite|Earthquake|p2a: Glimmora
|-supereffective|p2a: Glimmora
|-damage|p2a: Glimmora|0 fnt
|-activate|p2a: Glimmora|ability: Toxic Debris
|-sidestart|p1: slave of society|move: Toxic Spikes
|faint|p2a: Glimmora
|
|upkeep
|
|t:|1769321080
|switch|p2a: Dusclops|Dusclops, F|100/100
|-damage|p2a: Dusclops|88/100|[from] Stealth Rock
|-ability|p2a: Dusclops|Pressure
|turn|12
|
|t:|1769321086
|move|p1a: Dragonite|Earthquake|p2a: Dusclops
|-damage|p2a: Dusclops|51/100
|move|p2a: Dusclops|Haze|p2a: Dusclops
|-clearallboost
|
|upkeep
|turn|13
|
|t:|1769321091
|move|p1a: Dragonite|Dragon Dance|p1a: Dragonite
|-boost|p1a: Dragonite|atk|1
|-boost|p1a: Dragonite|spe|1
|move|p2a: Dusclops|Will-O-Wisp|p1a: Dragonite
|-status|p1a: Dragonite|brn
|
|-damage|p1a: Dragonite|75/100 brn|[from] brn
|upkeep
|turn|14
|
|t:|1769321104
|switch|p1a: Gholdengo|Gholdengo|100/100
|-damage|p1a: Gholdengo|88/100|[from] Spikes
|move|p2a: Dusclops|Haze|p2a: Dusclops
|-clearallboost
|
|upkeep
|turn|15
|
|t:|1769321111
|move|p1a: Gholdengo|Shadow Ball|p2a: Dusclops
|-supereffective|p2a: Dusclops
|-damage|p2a: Dusclops|6/100
|move|p2a: Dusclops|Will-O-Wisp|p1a: Gholdengo
|-immune|p1a: Gholdengo|[from] ability: Good as Gold
|
|upkeep
|turn|16
|
|t:|1769321124
|move|p1a: Gholdengo|Shadow Ball|p2a: Dusclops
|-supereffective|p2a: Dusclops
|-damage|p2a: Dusclops|0 fnt
|faint|p2a: Dusclops
|
|upkeep
|
|t:|1769321130
|switch|p2a: Dragapult|Dragapult, F|100/100
|-damage|p2a: Dragapult|88/100|[from] Stealth Rock
|turn|17
|
|t:|1769321159
|move|p1a: Gholdengo|Shadow Ball|p2a: Dragapult
|-supereffective|p2a: Dragapult
|-damage|p2a: Dragapult|0 fnt
|faint|p2a: Dragapult
|
|upkeep
|
|t:|1769321170
|switch|p2a: Ting-Lu|Ting-Lu|100/100
|-damage|p2a: Ting-Lu|94/100|[from] Stealth Rock
|-ability|p2a: Ting-Lu|Vessel of Ruin
|turn|18
|
|t:|1769321177
|move|p1a: Gholdengo|Shadow Ball|p2a: Ting-Lu
|-resisted|p2a: Ting-Lu
|-damage|p2a: Ting-Lu|83/100
|move|p2a: Ting-Lu|Ruination|p1a: Gholdengo
|-damage|p1a: Gholdengo|44/100
|
|-heal|p2a: Ting-Lu|89/100|[from] item: Leftovers
|upkeep
|turn|19
|
|t:|1769321184
|move|p1a: Gholdengo|Shadow Ball|p2a: Ting-Lu
|-resisted|p2a: Ting-Lu
|-damage|p2a: Ting-Lu|77/100
|move|p2a: Ting-Lu|Throat Chop|p1a: Gholdengo
|-supereffective|p1a: Gholdengo
|-crit|p1a: Gholdengo
|-damage|p1a: Gholdengo|0 fnt
|faint|p1a: Gholdengo
|
|-heal|p2a: Ting-Lu|84/100|[from] item: Leftovers
|upkeep
|inactive|slave of society has 120 seconds left.
|
|t:|1769321223
|switch|p1a: Kyurem|Kyurem|100/100
|-status|p1a: Kyurem|tox
|-damage|p1a: Kyurem|88/100 tox|[from] Spikes
|-ability|p1a: Kyurem|Pressure
|turn|20
|
|t:|1769321251
|move|p2a: Ting-Lu|Protect|p2a: Ting-Lu
|-singleturn|p2a: Ting-Lu|Protect
|move|p1a: Kyurem|Icicle Spear|p2a: Ting-Lu
|-activate|p2a: Ting-Lu|move: Protect
|
|-heal|p2a: Ting-Lu|90/100|[from] item: Leftovers
|-damage|p1a: Kyurem|82/100 tox|[from] psn
|upkeep
|turn|21
|inactive|slave of society has 120 seconds left.
|
|t:|1769321267
|switch|p2a: Corviknight|Corviknight, M|84/100
|-damage|p2a: Corviknight|71/100|[from] Stealth Rock
|-ability|p2a: Corviknight|Pressure
|move|p1a: Kyurem|Icicle Spear|p2a: Corviknight
|-damage|p2a: Corviknight|63/100
|-damage|p2a: Corviknight|54/100
|-damage|p2a: Corviknight|45/100
|-damage|p2a: Corviknight|36/100
|-damage|p2a: Corviknight|27/100
|-hitcount|p2a: Corviknight|5
|
|-damage|p1a: Kyurem|70/100 tox|[from] psn
|upkeep
|turn|22
|inactive|Dionisio1456 has 120 seconds left.
|
|t:|1769321297
|move|p1a: Kyurem|Icicle Spear|p2a: Corviknight
|-damage|p2a: Corviknight|18/100
|-damage|p2a: Corviknight|9/100
|-damage|p2a: Corviknight|1/100
|-damage|p2a: Corviknight|0 fnt
|faint|p2a: Corviknight
|-hitcount|p2: Corviknight|4
|
|-damage|p1a: Kyurem|51/100 tox|[from] psn
|upkeep
|inactive|Dionisio1456 has 90 seconds left.
|
|t:|1769321344
|switch|p2a: Ting-Lu|Ting-Lu|90/100
|-damage|p2a: Ting-Lu|84/100|[from] Stealth Rock
|-ability|p2a: Ting-Lu|Vessel of Ruin
|turn|23
|inactive|slave of society has 120 seconds left.
|
|t:|1769321374
|-terastallize|p2a: Ting-Lu|Dark
|move|p1a: Kyurem|Icicle Spear|p2a: Ting-Lu
|-damage|p2a: Ting-Lu|78/100
|-damage|p2a: Ting-Lu|71/100
|-damage|p2a: Ting-Lu|65/100
|-damage|p2a: Ting-Lu|59/100
|-hitcount|p2a: Ting-Lu|4
|move|p2a: Ting-Lu|Throat Chop|p1a: Kyurem
|-damage|p1a: Kyurem|16/100 tox
|-start|p1a: Kyurem|Throat Chop|[silent]
|
|-heal|p2a: Ting-Lu|65/100|[from] item: Leftovers
|-damage|p1a: Kyurem|0 fnt|[from] psn
|faint|p1a: Kyurem
|upkeep
|
|t:|1769321381
|switch|p1a: Iron Valiant|Iron Valiant|100/100
|-status|p1a: Iron Valiant|tox
|-damage|p1a: Iron Valiant|88/100 tox|[from] Spikes
|-enditem|p1a: Iron Valiant|Booster Energy
|-activate|p1a: Iron Valiant|ability: Quark Drive|[fromitem]
|-start|p1a: Iron Valiant|quarkdrivespe
|turn|24
|
|t:|1769321394
|move|p2a: Ting-Lu|Protect|p2a: Ting-Lu
|-singleturn|p2a: Ting-Lu|Protect
|move|p1a: Iron Valiant|Close Combat|p2a: Ting-Lu
|-activate|p2a: Ting-Lu|move: Protect
|
|-heal|p2a: Ting-Lu|71/100|[from] item: Leftovers
|-damage|p1a: Iron Valiant|82/100 tox|[from] psn
|upkeep
|turn|25
|
|t:|1769321403
|move|p1a: Iron Valiant|Close Combat|p2a: Ting-Lu
|-supereffective|p2a: Ting-Lu
|-damage|p2a: Ting-Lu|22/100
|-unboost|p1a: Iron Valiant|def|1
|-unboost|p1a: Iron Valiant|spd|1
|move|p2a: Ting-Lu|Throat Chop|p1a: Iron Valiant
|-resisted|p1a: Iron Valiant
|-damage|p1a: Iron Valiant|63/100 tox
|-start|p1a: Iron Valiant|Throat Chop|[silent]
|
|-heal|p2a: Ting-Lu|28/100|[from] item: Leftovers
|-damage|p1a: Iron Valiant|50/100 tox|[from] psn
|upkeep
|turn|26
|inactive|Dionisio1456 has 90 seconds left.
|
|t:|1769321413
|move|p2a: Ting-Lu|Protect|p2a: Ting-Lu
|-singleturn|p2a: Ting-Lu|Protect
|move|p1a: Iron Valiant|Close Combat|p2a: Ting-Lu
|-activate|p2a: Ting-Lu|move: Protect
|
|-heal|p2a: Ting-Lu|34/100|[from] item: Leftovers
|-damage|p1a: Iron Valiant|32/100 tox|[from] psn
|-end|p1a: Iron Valiant|Throat Chop|[silent]
|upkeep
|turn|27
|inactive|Dionisio1456 has 90 seconds left.
|
|t:|1769321426
|move|p1a: Iron Valiant|Close Combat|p2a: Ting-Lu
|-supereffective|p2a: Ting-Lu
|-damage|p2a: Ting-Lu|0 fnt
|-unboost|p1a: Iron Valiant|def|1
|-unboost|p1a: Iron Valiant|spd|1
|faint|p2a: Ting-Lu
|
|win|slave of society
|raw|slave of society's rating: 1182 &rarr; <strong>1206</strong><br />(+24 for winning)
|raw|Dionisio1456's rating: 1172 &rarr; <strong>1148</strong><br />(-24 for losing)
|l|☆slave of society
|player|p1|
