|j|☆shadow09
|j|☆IvanZM
|t:|1769390014
|gametype|singles
|player|p1|shadow09|riley|1246
|player|p2|IvanZM|policeman-gen4|1248
|gen|9
|tier|[Gen 9] OU
|rated|
|rule|HP Percentage Mod: HP is shown in percentages
|rule|Endless Battle Clause: Forcing endless battles is banned
|rule|Species Clause: Limit one of each Pokémon
|rule|OHKO Clause: OHKO moves are banned
|rule|Evasion Items Clause: Evasion items are banned
|rule|Evasion Moves Clause: Evasion moves are banned
|rule|Evasion Abilities Clause: Evasion abilities are banned
|rule|Sleep Moves Clause: Sleep-inducing moves are banned
|clearpoke
|poke|p1|Lucario, M|
|poke|p1|Espeon, F|
|poke|p1|Corviknight, M|
|poke|p1|Garchomp, M|
|poke|p1|Gardevoir, F|
|poke|p1|Milotic, M|
|poke|p2|Dragonite, M|
|poke|p2|Walking Wake|
|poke|p2|Kingambit, F|
|poke|p2|Gholdengo|
|poke|p2|Vaporeon, M|
|poke|p2|Enamorus, F|
|teampreview
|inactive|Battle timer is ON: inactive players will automatically lose when time's up. (requested by IvanZM)
|
|t:|1769390020
|teamsize|p1|6
|teamsize|p2|6
|start
|switch|p1a: Milotic|Milotic, M|100/100
|switch|p2a: Vaporeon|Vaporeon, M|100/100
|turn|1
|
|t:|1769390034
|move|p2a: Vaporeon|Calm Mind|p2a: Vaporeon
|-boost|p2a: Vaporeon|spa|1
|-boost|p2a: Vaporeon|spd|1
|move|p1a: Milotic|Mirror Coat||[still]
|-fail|p1a: Milotic
|
|-status|p1a: Milotic|brn|[from] item: Flame Orb
|upkeep
|turn|2
|
|t:|1769390040
|switch|p1a: Espeon|Espeon, F|100/100
|move|p2a: Vaporeon|Calm Mind|p2a: Vaporeon
|-boost|p2a: Vaporeon|spa|1
|-boost|p2a: Vaporeon|spd|1
|
|upkeep
|turn|3
|
|t:|1769390042
|move|p1a: Espeon|Thunder Wave|p2a: Vaporeon
|-status|p2a: Vaporeon|par
|cant|p2a: Vaporeon|par
|
|upkeep
|turn|4
|
|t:|1769390055
|move|p1a: Espeon|Light Screen|p1a: Espeon
|-sidestart|p1: shadow09|move: Light Screen
|move|p2a: Vaporeon|Calm Mind|p2a: Vaporeon
|-boost|p2a: Vaporeon|spa|1
|-boost|p2a: Vaporeon|spd|1
|
|upkeep
|turn|5
|
|t:|1769390058
|move|p1a: Espeon|Reflect|p1a: Espeon
|-sidestart|p1: shadow09|Reflect
|move|p2a: Vaporeon|Calm Mind|p2a: Vaporeon
|-boost|p2a: Vaporeon|spa|1
|-boost|p2a: Vaporeon|spd|1
|
|upkeep
|turn|6
|
|t:|1769390061
|move|p1a: Espeon|Psychic Noise|p2a: Vaporeon
|-damage|p2a: Vaporeon|91/100 par
|-start|p2a: Vaporeon|move: Heal Block
|cant|p2a: Vaporeon|par
|
|upkeep
|turn|7
|
|t:|1769390065
|move|p1a: Espeon|Psychic Noise|p2a: Vaporeon
|-damage|p2a: Vaporeon|81/100 par
|move|p2a: Vaporeon|Acid Armor|p2a: Vaporeon
|-boost|p2a: Vaporeon|def|2
|
|-end|p2a: Vaporeon|move: Heal Block
|upkeep
|turn|8
|
|t:|1769390068
|move|p1a: Espeon|Psychic Noise|p2a: Vaporeon
|-damage|p2a: Vaporeon|71/100 par
|-start|p2a: Vaporeon|move: Heal Block
|cant|p2a: Vaporeon|par
|
|upkeep
|turn|9
|
|t:|1769390072
|move|p1a: Espeon|Psychic Noise|p2a: Vaporeon
|-damage|p2a: Vaporeon|61/100 par
|cant|p2a: Vaporeon|par
|
|-end|p2a: Vaporeon|move: Heal Block
|upkeep
|turn|10
|
|t:|1769390075
|move|p1a: Espeon|Psychic Noise|p2a: Vaporeon
|-damage|p2a: Vaporeon|52/100 par
|-start|p2a: Vaporeon|move: Heal Block
|move|p2a: Vaporeon|Calm Mind|p2a: Vaporeon
|-boost|p2a: Vaporeon|spa|1
|-boost|p2a: Vaporeon|spd|1
|
|upkeep
|turn|11
|
|t:|1769390082
|move|p1a: Espeon|Psychic Noise|p2a: Vaporeon
|-damage|p2a: Vaporeon|43/100 par
|move|p2a: Vaporeon|Calm Mind|p2a: Vaporeon
|-boost|p2a: Vaporeon|spa|1
|-boost|p2a: Vaporeon|spd|1
|
|-end|p2a: Vaporeon|move: Heal Block
|-sideend|p1: shadow09|move: Light Screen
|upkeep
|turn|12
|
|t:|1769390088
|move|p1a: Espeon|Psychic Noise|p2a: Vaporeon
|-crit|p2a: Vaporeon
|-damage|p2a: Vaporeon|0 fnt
|faint|p2a: Vaporeon
|
|-sideend|p1: shadow09|Reflect
|upkeep
|
|t:|1769390093
|switch|p2a: Dragonite|Dragonite, M|100/100
|turn|13
|
|t:|1769390098
|move|p1a: Espeon|Thunder Wave|p2a: Dragonite
|-status|p2a: Dragonite|par
|cant|p2a: Dragonite|par
|
|upkeep
|turn|14
|
|t:|1769390103
|move|p1a: Espeon|Reflect|p1a: Espeon
|-sidestart|p1: shadow09|Reflect
|move|p2a: Dragonite|Dragon Dance|p2a: Dragonite
|-boost|p2a: Dragonite|atk|1
|-boost|p2a: Dragonite|spe|1
|
|upkeep
|turn|15
|
|t:|1769390105
|move|p1a: Espeon|Psychic Noise|p2a: Dragonite
|-damage|p2a: Dragonite|82/100 par
|-start|p2a: Dragonite|move: Heal Block
|move|p2a: Dragonite|Dragon Dance|p2a: Dragonite
|-boost|p2a: Dragonite|atk|1
|-boost|p2a: Dragonite|spe|1
|
|upkeep
|turn|16
|
|t:|1769390112
|move|p1a: Espeon|Psychic Noise|p2a: Dragonite
|-damage|p2a: Dragonite|43/100 par
|move|p2a: Dragonite|Dragon Dance|p2a: Dragonite
|-boost|p2a: Dragonite|atk|1
|-boost|p2a: Dragonite|spe|1
|
|-end|p2a: Dragonite|move: Heal Block
|upkeep
|turn|17
|
|t:|1769390122
|-terastallize|p1a: Espeon|Ghost
|move|p1a: Espeon|Psychic Noise|p2a: Dragonite
|-damage|p2a: Dragonite|3/100 par
|-start|p2a: Dragonite|move: Heal Block
|cant|p2a: Dragonite|par
|
|upkeep
|turn|18
|
|t:|1769390132
|move|p1a: Espeon|Psychic Noise|p2a: Dragonite
|-damage|p2a: Dragonite|0 fnt
|faint|p2a: Dragonite
|
|upkeep
|
|t:|1769390137
|switch|p2a: Gholdengo|Gholdengo|100/100
|-item|p2a: Gholdengo|Air Balloon
|turn|19
|
|t:|1769390146
|move|p1a: Espeon|Light Screen|p1a: Espeon
|-sidestart|p1: shadow09|move: Light Screen
|move|p2a: Gholdengo|Shadow Ball|p1a: Espeon
|-supereffective|p1a: Espeon
|-damage|p1a: Espeon|45/100
|
|upkeep
|turn|20
|
|t:|1769390150
|switch|p1a: Milotic|Milotic, M|100/100 brn
|move|p2a: Gholdengo|Shadow Ball|p1a: Milotic
|-damage|p1a: Milotic|86/100 brn
|
|-damage|p1a: Milotic|80/100 brn|[from] brn
|upkeep
|turn|21
|
|t:|1769390156
|move|p2a: Gholdengo|Nasty Plot|p2a: Gholdengo
|-boost|p2a: Gholdengo|spa|2
|move|p1a: Milotic|Scald|p2a: Gholdengo
|-damage|p2a: Gholdengo|54/100
|-status|p2a: Gholdengo|brn
|-enditem|p2a: Gholdengo|Air Balloon
|
|-damage|p2a: Gholdengo|48/100 brn|[from] brn
|-damage|p1a: Milotic|74/100 brn|[from] brn
|-sideend|p1: shadow09|Reflect
|upkeep
|turn|22
|
|t:|1769390161
|move|p2a: Gholdengo|Shadow Ball|p1a: Milotic
|-damage|p1a: Milotic|44/100 brn
|move|p1a: Milotic|Scald|p2a: Gholdengo
|-damage|p2a: Gholdengo|3/100 brn
|
|-damage|p2a: Gholdengo|0 fnt|[from] brn
|faint|p2a: Gholdengo
|-damage|p1a: Milotic|38/100 brn|[from] brn
|upkeep
|
|t:|1769390167
|switch|p2a: Enamorus|Enamorus, F|100/100
|turn|23
|
|t:|1769390171
|move|p2a: Enamorus|Superpower|p1a: Milotic
|-damage|p1a: Milotic|14/100 brn
|-boost|p2a: Enamorus|atk|1
|-boost|p2a: Enamorus|def|1
|move|p1a: Milotic|Recover|p1a: Milotic
|-heal|p1a: Milotic|64/100 brn
|
|-damage|p1a: Milotic|58/100 brn|[from] brn
|upkeep
|turn|24
|
|t:|1769390174
|move|p2a: Enamorus|Superpower|p1a: Milotic
|-damage|p1a: Milotic|25/100 brn
|-boost|p2a: Enamorus|atk|1
|-boost|p2a: Enamorus|def|1
|move|p1a: Milotic|Ice Beam|p2a: Enamorus
|-supereffective|p2a: Enamorus
|-damage|p2a: Enamorus|28/100
|
|-heal|p2a: Enamorus|34/100|[from] item: Leftovers
|-damage|p1a: Milotic|19/100 brn|[from] brn
|upkeep
|turn|25
|
|t:|1769390178
|move|p2a: Enamorus|Superpower|p1a: Milotic
|-damage|p1a: Milotic|0 fnt
|-boost|p2a: Enamorus|atk|1
|-boost|p2a: Enamorus|def|1
|faint|p1a: Milotic
|
|-heal|p2a: Enamorus|40/100|[from] item: Leftovers
|upkeep
|
|t:|1769390181
|switch|p1a: Gardevoir|Gardevoir, F, shiny|100/100
|-ability|p1a: Gardevoir|Contrary|Trace|[from] ability: Trace|[of] p2a: Enamorus
|turn|26
|
|t:|1769390186
|move|p1a: Gardevoir|Moonblast|p2a: Enamorus
|-damage|p2a: Enamorus|0 fnt
|faint|p2a: Enamorus
|
|-sideend|p1: shadow09|move: Light Screen
|upkeep
|
|t:|1769390189
|switch|p2a: Walking Wake|Walking Wake|100/100
|-enditem|p2a: Walking Wake|Booster Energy
|-activate|p2a: Walking Wake|ability: Protosynthesis|[fromitem]
|-start|p2a: Walking Wake|protosynthesisspa
|turn|27
|
|t:|1769390193
|move|p1a: Gardevoir|Moonblast|p2a: Walking Wake
|-supereffective|p2a: Walking Wake
|-damage|p2a: Walking Wake|0 fnt
|faint|p2a: Walking Wake
|-end|p2a: Walking Wake|Protosynthesis|[silent]
|
|upkeep
|
|t:|1769390196
|switch|p2a: Kingambit|Kingambit, F|100/100
|-activate|p2a: Kingambit|ability: Supreme Overlord
|-start|p2a: Kingambit|fallen5|[silent]
|turn|28
|
|t:|1769390200
|switch|p1a: Espeon|Espeon, F, tera:Ghost|45/100
|move|p2a: Kingambit|Swords Dance|p2a: Kingambit
|-boost|p2a: Kingambit|atk|2
|
|upkeep
|turn|29
|
|t:|1769390204
|move|p1a: Espeon|Thunder Wave|p2a: Kingambit
|-status|p2a: Kingambit|par
|move|p2a: Kingambit|Iron Head|p1a: Espeon
|-damage|p1a: Espeon|0 fnt
|faint|p1a: Espeon
|-damage|p2a: Kingambit|91/100 par|[from] item: Life Orb
|
|upkeep
|
|t:|1769390209
|switch|p1a: Lucario|Lucario, M|100/100
|turn|30
|c|☆shadow09|GG
|
|t:|1769390212
|move|p2a: Kingambit|Sucker Punch|p1a: Lucario
|-resisted|p1a: Lucario
|-enditem|p1a: Lucario|Focus Sash
|-damage|p1a: Lucario|1/100
|-damage|p2a: Kingambit|81/100 par|[from] item: Life Orb
|move|p1a: Lucario|Close Combat|p2a: Kingambit
|-supereffective|p2a: Kingambit
|-damage|p2a: Kingambit|0 fnt
|-unboost|p1a: Lucario|def|1
|-unboost|p1a: Lucario|spd|1
|faint|p2a: Kingambit
|-end|p2a: Kingambit|fallen5|[silent]
|
|win|shadow09
|raw|shadow09's rating: 1246 &rarr; <strong>1271</strong><br />(+25 for winning)
|raw|IvanZM's rating: 1248 &rarr; <strong>1223</strong><br />(-25 for losing)
|l|☆IvanZM
|player|p2|
|l|☆shadow09
|player|p1|
