|j|☆cycyrobotv
|j|☆whiper123
|t:|1769403853
|gametype|singles
|player|p1|cycyrobotv|101|1178
|player|p2|whiper123|pokekid|1145
|gen|9
|tier|[Gen 9] OU
|rated|
|rule|HP Percentage Mod: HP is shown in percentages
|rule|Endless Battle Clause: Forcing endless battles is banned
|rule|Species Clause: Limit one of each Pokémon
|rule|OHKO Clause: OHKO moves are banned
|rule|Evasion Items Clause: Evasion items are banned
|rule|Evasion Moves Clause: Evasion moves are banned
|rule|Evasion Abilities Clause: Evasion abilities are banned
|rule|Sleep Moves Clause: Sleep-inducing moves are banned
|clearpoke
|poke|p1|Yanmega, M|
|poke|p1|Dragapult, F|
|poke|p1|Corviknight, M|
|poke|p1|Great Tusk|
|poke|p1|Raging Bolt|
|poke|p1|Alomomola, M|
|poke|p2|Cinderace, F|
|poke|p2|Kingambit, M|
|poke|p2|Galvantula, M|
|poke|p2|Gholdengo|
|poke|p2|Ogerpon, F|
|poke|p2|Milotic, M|
|teampreview
|inactive|Battle timer is ON: inactive players will automatically lose when time's up. (requested by whiper123)
|
|t:|1769403859
|teamsize|p1|6
|teamsize|p2|6
|start
|switch|p1a: ishmeal|Great Tusk|100/100
|switch|p2a: Galvantula|Galvantula, M|100/100
|-enditem|p1a: ishmeal|Booster Energy
|-activate|p1a: ishmeal|ability: Protosynthesis|[fromitem]
|-start|p1a: ishmeal|protosynthesisatk
|turn|1
|
|t:|1769403868
|move|p2a: Galvantula|Sticky Web|p1a: ishmeal
|-sidestart|p1: cycyrobotv|move: Sticky Web
|move|p1a: ishmeal|Rapid Spin|p2a: Galvantula
|-damage|p2a: Galvantula|68/100
|-boost|p1a: ishmeal|spe|1
|-sideend|p1: cycyrobotv|Sticky Web|[from] move: Rapid Spin|[of] p1a: ishmeal
|
|upkeep
|turn|2
|c|☆cycyrobotv|NO court change
|c|☆cycyrobotv|get yo ah out
|
|t:|1769403892
|-terastallize|p2a: Galvantula|Flying
|move|p1a: ishmeal|Rapid Spin|p2a: Galvantula
|-damage|p2a: Galvantula|32/100
|-boost|p1a: ishmeal|spe|1
|move|p2a: Galvantula|Sticky Web|p1a: ishmeal
|-sidestart|p1: cycyrobotv|move: Sticky Web
|
|upkeep
|turn|3
|c|☆cycyrobotv|fuck court change me and my homies ALL hate court change
|
|t:|1769403911
|switch|p2a: Gholdengo|Gholdengo|100/100
|-item|p2a: Gholdengo|Air Balloon
|move|p1a: ishmeal|Ice Spinner|p2a: Gholdengo
|-resisted|p2a: Gholdengo
|-damage|p2a: Gholdengo|81/100
|-enditem|p2a: Gholdengo|Air Balloon
|
|upkeep
|turn|4
|inactive|whiper123 has 120 seconds left.
|
|t:|1769403928
|switch|p2a: Milotic|Milotic, M|100/100
|move|p1a: ishmeal|Headlong Rush|p2a: Milotic
|-damage|p2a: Milotic|20/100
|-unboost|p1a: ishmeal|def|1
|-unboost|p1a: ishmeal|spd|1
|
|-heal|p2a: Milotic|26/100|[from] item: Leftovers
|upkeep
|turn|5
|inactive|whiper123 has 120 seconds left.
|
|t:|1769403941
|switch|p2a: Cinderace|Cinderace, F|100/100
|-item|p2a: Cinderace|Air Balloon
|move|p1a: ishmeal|Headlong Rush|p2a: Cinderace
|-immune|p2a: Cinderace
|
|upkeep
|turn|6
|c|☆cycyrobotv|better butter me up for kingambit
|inactive|whiper123 has 120 seconds left.
|
|t:|1769403959
|move|p1a: ishmeal|Rapid Spin|p2a: Cinderace
|-damage|p2a: Cinderace|66/100
|-boost|p1a: ishmeal|spe|1
|-enditem|p2a: Cinderace|Air Balloon
|-sideend|p1: cycyrobotv|Sticky Web|[from] move: Rapid Spin|[of] p1a: ishmeal
|move|p2a: Cinderace|Acrobatics|p1a: ishmeal
|-start|p2a: Cinderace|typechange|Flying|[from] ability: Libero
|-supereffective|p1a: ishmeal
|-damage|p1a: ishmeal|0 fnt
|faint|p1a: ishmeal
|-end|p1a: ishmeal|Protosynthesis|[silent]
|
|upkeep
|
|t:|1769403972
|switch|p1a: Dragapult|Dragapult, F|100/100
|turn|7
|inactive|whiper123 has 120 seconds left.
|
|t:|1769403983
|switch|p2a: Kingambit|Kingambit, M|100/100
|move|p1a: Dragapult|Will-O-Wisp|p2a: Kingambit
|-status|p2a: Kingambit|brn
|-enditem|p2a: Kingambit|Lum Berry|[eat]
|-curestatus|p2a: Kingambit|brn|[msg]
|
|upkeep
|turn|8
|c|☆cycyrobotv|hmmm
|c|☆cycyrobotv|intresting
|
|t:|1769403993
|move|p1a: Dragapult|U-turn|p2a: Kingambit
|-damage|p2a: Kingambit|82/100
|
|t:|1769404000
|switch|p1a: Corviknight|Corviknight, M|100/100|[from] U-turn
|-ability|p1a: Corviknight|Pressure
|move|p2a: Kingambit|Swords Dance|p2a: Kingambit
|-boost|p2a: Kingambit|atk|2
|
|upkeep
|turn|9
|
|t:|1769404016
|move|p1a: Corviknight|Body Press|p2a: Kingambit
|-supereffective|p2a: Kingambit
|-damage|p2a: Kingambit|17/100
|move|p2a: Kingambit|Kowtow Cleave|p1a: Corviknight
|-damage|p1a: Corviknight|31/100
|
|-heal|p1a: Corviknight|37/100|[from] item: Leftovers
|upkeep
|turn|10
|c|☆cycyrobotv|wow corvinght is weaker than i thought
|
|t:|1769404038
|switch|p1a: Alomomola|Alomomola, M|100/100
|move|p2a: Kingambit|Sucker Punch||[still]
|-fail|p2a: Kingambit
|
|upkeep
|turn|11
|
|t:|1769404054
|switch|p2a: Galvantula|Galvantula, M, tera:Flying|32/100
|move|p1a: Alomomola|Scald|p2a: Galvantula
|-damage|p2a: Galvantula|12/100
|
|upkeep
|turn|12
|
|t:|1769404063
|move|p2a: Galvantula|Sticky Web|p1a: Alomomola
|-sidestart|p1: cycyrobotv|move: Sticky Web
|move|p1a: Alomomola|Flip Turn|p2a: Galvantula
|-crit|p2a: Galvantula
|-damage|p2a: Galvantula|0 fnt
|faint|p2a: Galvantula
|
|t:|1769404065
|switch|p1a: Corviknight|Corviknight, M|37/100|[from] Flip Turn
|-ability|p1a: Corviknight|Pressure
|
|-heal|p1a: Corviknight|44/100|[from] item: Leftovers
|upkeep
|inactive|whiper123 has 120 seconds left.
|
|t:|1769404091
|switch|p2a: Cinderace|Cinderace, F|66/100
|turn|13
|c|☆cycyrobotv|unc salivating at the chance to get off court change
|c|☆cycyrobotv|oml
|inactive|whiper123 has 120 seconds left.
|
|t:|1769404099
|switch|p1a: Alomomola|Alomomola, M|100/100
|move|p2a: Cinderace|Court Change|p2a: Cinderace
|-start|p2a: Cinderace|typechange|Normal|[from] ability: Libero
|-swapsideconditions
|-activate|p2a: Cinderace|move: Court Change
|
|upkeep
|turn|14
|inactive|whiper123 has 120 seconds left.
|
|t:|1769404117
|switch|p2a: Milotic|Milotic, M|26/100
|-activate|p2a: Milotic|move: Sticky Web
|-unboost|p2a: Milotic|spe|1
|-ability|p2a: Milotic|Competitive|boost
|-boost|p2a: Milotic|spa|2
|move|p1a: Alomomola|Flip Turn|p2a: Milotic
|-resisted|p2a: Milotic
|-damage|p2a: Milotic|18/100
|
|t:|1769404131
|switch|p1a: Corviknight|Corviknight, M|44/100|[from] Flip Turn
|-ability|p1a: Corviknight|Pressure
|
|-heal|p1a: Corviknight|50/100|[from] item: Leftovers
|-heal|p2a: Milotic|24/100|[from] item: Leftovers
|upkeep
|turn|15
|
|t:|1769404140
|move|p1a: Corviknight|Brave Bird|p2a: Milotic
|-damage|p2a: Milotic|0 fnt
|faint|p2a: Milotic
|-damage|p1a: Corviknight|42/100|[from] Recoil
|
|-heal|p1a: Corviknight|48/100|[from] item: Leftovers
|upkeep
|inactive|whiper123 has 120 seconds left.
|
|t:|1769404152
|switch|p2a: Cinderace|Cinderace, F|66/100
|-activate|p2a: Cinderace|move: Sticky Web
|-unboost|p2a: Cinderace|spe|1
|turn|16
|
|t:|1769404160
|move|p2a: Cinderace|Pyro Ball|p1a: Corviknight
|-supereffective|p1a: Corviknight
|-damage|p1a: Corviknight|0 fnt
|faint|p1a: Corviknight
|
|upkeep
|
|t:|1769404167
|switch|p1a: Dragapult|Dragapult, F|100/100
|turn|17
|
|t:|1769404182
|move|p1a: Dragapult|Dragon Darts|p2a: Cinderace
|-damage|p2a: Cinderace|28/100
|-anim|p1a: Dragapult|Dragon Darts|p2a: Cinderace
|-crit|p2a: Cinderace
|-damage|p2a: Cinderace|0 fnt
|faint|p2a: Cinderace
|
|upkeep
|
|t:|1769404191
|switch|p2a: Kingambit|Kingambit, M|17/100
|-activate|p2a: Kingambit|move: Sticky Web
|-unboost|p2a: Kingambit|spe|1
|-ability|p2a: Kingambit|Defiant|boost
|-boost|p2a: Kingambit|atk|2
|turn|18
|
|t:|1769404202
|move|p1a: Dragapult|Will-O-Wisp|p2a: Kingambit
|-status|p2a: Kingambit|brn
|move|p2a: Kingambit|Kowtow Cleave|p1a: Dragapult
|-supereffective|p1a: Dragapult
|-damage|p1a: Dragapult|0 fnt
|faint|p1a: Dragapult
|
|-damage|p2a: Kingambit|11/100 brn|[from] brn
|upkeep
|
|t:|1769404211
|switch|p1a: the GOAT|Yanmega, M, shiny|100/100
|turn|19
|
|t:|1769404239
|switch|p2a: Gholdengo|Gholdengo|81/100
|-activate|p2a: Gholdengo|move: Sticky Web
|-unboost|p2a: Gholdengo|spe|1
|move|p1a: the GOAT|Protect||[still]
|-fail|p1a: the GOAT
|
|-ability|p1a: the GOAT|Speed Boost|boost
|-boost|p1a: the GOAT|spe|1
|upkeep
|turn|20
|inactive|whiper123 has 120 seconds left.
|
|t:|1769404258
|-terastallize|p1a: the GOAT|Ground
|move|p1a: the GOAT|Tera Blast|p2a: Gholdengo|[anim] Tera Blast Ground
|-supereffective|p2a: Gholdengo
|-crit|p2a: Gholdengo
|-damage|p2a: Gholdengo|0 fnt
|faint|p2a: Gholdengo
|-damage|p1a: the GOAT|91/100|[from] item: Life Orb
|
|-ability|p1a: the GOAT|Speed Boost|boost
|-boost|p1a: the GOAT|spe|1
|upkeep
|inactive|whiper123 has 120 seconds left.
|
|t:|1769404272
|switch|p2a: Ogerpon|Ogerpon, F|100/100
|-activate|p2a: Ogerpon|move: Sticky Web
|-unboost|p2a: Ogerpon|spe|1
|-ability|p2a: Ogerpon|Defiant|boost
|-boost|p2a: Ogerpon|atk|2
|-enditem|p2a: Ogerpon|White Herb
|-clearnegativeboost|p2a: Ogerpon|[silent]
|turn|21
|inactive|whiper123 has 120 seconds left.
|
|t:|1769404286
|move|p1a: the GOAT|Protect|p1a: the GOAT
|-singleturn|p1a: the GOAT|Protect
|move|p2a: Ogerpon|Ivy Cudgel|p1a: the GOAT
|-activate|p1a: the GOAT|move: Protect
|
|-ability|p1a: the GOAT|Speed Boost|boost
|-boost|p1a: the GOAT|spe|1
|upkeep
|turn|22
|inactive|whiper123 has 120 seconds left.
|
|t:|1769404295
|move|p1a: the GOAT|Bug Buzz|p2a: Ogerpon
|-supereffective|p2a: Ogerpon
|-damage|p2a: Ogerpon|0 fnt
|faint|p2a: Ogerpon
|-damage|p1a: the GOAT|81/100|[from] item: Life Orb
|
|-ability|p1a: the GOAT|Speed Boost|boost
|-boost|p1a: the GOAT|spe|1
|upkeep
|-message|whiper123 forfeited.
|
|win|cycyrobotv
|raw|cycyrobotv's rating: 1178 &rarr; <strong>1201</strong><br />(+23 for winning)
|raw|whiper123's rating: 1145 &rarr; <strong>1122</strong><br />(-23 for losing)
|l|☆whiper123
|player|p2|
|l|☆cycyrobotv
|player|p1|
