|j|☆LYHtyt
|j|☆Father John Misty
|t:|1769410395
|gametype|singles
|player|p1|LYHtyt|hilbert|1201
|player|p2|Father John Misty|pokemonranger|1194
|gen|9
|tier|[Gen 9] OU
|rated|
|rule|HP Percentage Mod: HP is shown in percentages
|rule|Endless Battle Clause: Forcing endless battles is banned
|rule|Species Clause: Limit one of each Pokémon
|rule|OHKO Clause: OHKO moves are banned
|rule|Evasion Items Clause: Evasion items are banned
|rule|Evasion Moves Clause: Evasion moves are banned
|rule|Evasion Abilities Clause: Evasion abilities are banned
|rule|Sleep Moves Clause: Sleep-inducing moves are banned
|clearpoke
|poke|p1|Samurott-Hisui, M|
|poke|p1|Dragonite, M|
|poke|p1|Iron Valiant|
|poke|p1|Scizor, F|
|poke|p1|Garchomp, M|
|poke|p1|Kingambit, F|
|poke|p2|Venomoth, M|
|poke|p2|Rillaboom, F|
|poke|p2|Hatterene, F|
|poke|p2|Tornadus-Therian, M|
|poke|p2|Samurott-Hisui, F|
|poke|p2|Cinderace, M|
|teampreview
|
|t:|1769410417
|teamsize|p1|6
|teamsize|p2|6
|start
|switch|p1a: Dragonite|Dragonite, M|100/100
|switch|p2a: Cinderace|Cinderace, M|100/100
|turn|1
|
|t:|1769410424
|move|p1a: Dragonite|Extreme Speed|p2a: Cinderace
|-damage|p2a: Cinderace|27/100
|move|p2a: Cinderace|U-turn|p1a: Dragonite
|-start|p2a: Cinderace|typechange|Bug|[from] ability: Libero
|-resisted|p1a: Dragonite
|-damage|p1a: Dragonite|93/100
|
|t:|1769410431
|switch|p2a: Hatterene|Hatterene, F|100/100|[from] U-turn
|
|upkeep
|turn|2
|
|t:|1769410437
|-terastallize|p1a: Dragonite|Normal
|move|p1a: Dragonite|Extreme Speed|p2a: Hatterene
|-damage|p2a: Hatterene|43/100
|move|p2a: Hatterene|Nuzzle|p1a: Dragonite
|-damage|p1a: Dragonite|89/100
|-status|p1a: Dragonite|par
|
|-heal|p2a: Hatterene|49/100|[from] item: Leftovers
|upkeep
|turn|3
|
|t:|1769410456
|move|p1a: Dragonite|Extreme Speed|p2a: Hatterene
|-damage|p2a: Hatterene|0 fnt
|faint|p2a: Hatterene
|
|upkeep
|
|t:|1769410470
|switch|p2a: Rillaboom|Rillaboom, F|100/100
|-fieldstart|move: Grassy Terrain|[from] ability: Grassy Surge|[of] p2a: Rillaboom
|turn|4
|
|t:|1769410479
|switch|p1a: Scizor|Scizor, F|100/100
|move|p2a: Rillaboom|U-turn|p1a: Scizor
|-resisted|p1a: Scizor
|-damage|p1a: Scizor|89/100
|
|t:|1769410489
|switch|p2a: Tornadus|Tornadus-Therian, M|100/100|[from] U-turn
|
|-heal|p1a: Scizor|95/100|[from] Grassy Terrain
|upkeep
|turn|5
|
|t:|1769410506
|move|p1a: Scizor|Bullet Punch|p2a: Tornadus
|-damage|p2a: Tornadus|44/100
|move|p2a: Tornadus|Heat Wave|p1a: Scizor
|-supereffective|p1a: Scizor
|-damage|p1a: Scizor|0 fnt
|faint|p1a: Scizor
|
|upkeep
|
|t:|1769410514
|switch|p1a: Dragonite|Dragonite, M, tera:Normal|89/100 par
|turn|6
|
|t:|1769410521
|move|p1a: Dragonite|Extreme Speed|p2a: Tornadus
|-damage|p2a: Tornadus|0 fnt
|faint|p2a: Tornadus
|
|-heal|p1a: Dragonite|96/100 par|[from] Grassy Terrain
|upkeep
|
|t:|1769410527
|switch|p2a: Venomoth|Venomoth, M|100/100
|-enditem|p2a: Venomoth|Grassy Seed
|-boost|p2a: Venomoth|def|1|[from] item: Grassy Seed
|turn|7
|
|t:|1769410532
|cant|p1a: Dragonite|par
|move|p2a: Venomoth|Quiver Dance|p2a: Venomoth
|-boost|p2a: Venomoth|spa|1
|-boost|p2a: Venomoth|spd|1
|-boost|p2a: Venomoth|spe|1
|
|-heal|p1a: Dragonite|100/100 par|[from] Grassy Terrain
|upkeep
|turn|8
|
|t:|1769410541
|cant|p1a: Dragonite|par
|move|p2a: Venomoth|Sludge Bomb|p1a: Dragonite
|-damage|p1a: Dragonite|76/100 par
|
|-heal|p1a: Dragonite|82/100 par|[from] Grassy Terrain
|upkeep
|turn|9
|
|t:|1769410549
|move|p1a: Dragonite|Extreme Speed|p2a: Venomoth
|-damage|p2a: Venomoth|18/100
|move|p2a: Venomoth|Sludge Bomb|p1a: Dragonite
|-damage|p1a: Dragonite|28/100 par
|
|-heal|p2a: Venomoth|24/100|[from] Grassy Terrain
|-heal|p1a: Dragonite|34/100 par|[from] Grassy Terrain
|upkeep
|turn|10
|
|t:|1769410558
|move|p1a: Dragonite|Extreme Speed|p2a: Venomoth
|-damage|p2a: Venomoth|0 fnt
|faint|p2a: Venomoth
|
|-heal|p1a: Dragonite|41/100 par|[from] Grassy Terrain
|upkeep
|c|☆Father John Misty|heart of the caerds
|
|t:|1769410566
|switch|p2a: Samurott|Samurott-Hisui, F|100/100
|turn|11
|
|t:|1769410570
|move|p1a: Dragonite|Extreme Speed|p2a: Samurott
|-damage|p2a: Samurott|8/100
|move|p2a: Samurott|Ceaseless Edge|p1a: Dragonite
|-damage|p1a: Dragonite|0 fnt
|-sidestart|p1: LYHtyt|Spikes
|faint|p1a: Dragonite
|
|-heal|p2a: Samurott|14/100|[from] Grassy Terrain
|-fieldend|move: Grassy Terrain
|upkeep
|
|t:|1769410582
|switch|p1a: Kingambit|Kingambit, F|100/100
|-damage|p1a: Kingambit|88/100|[from] Spikes
|-activate|p1a: Kingambit|ability: Supreme Overlord
|-start|p1a: Kingambit|fallen2|[silent]
|turn|12
|
|t:|1769410591
|move|p2a: Samurott|Razor Shell|p1a: Kingambit
|-damage|p1a: Kingambit|49/100
|move|p1a: Kingambit|Iron Head|p2a: Samurott
|-resisted|p2a: Samurott
|-damage|p2a: Samurott|0 fnt
|faint|p2a: Samurott
|-damage|p1a: Kingambit|39/100|[from] item: Life Orb
|
|upkeep
|
|t:|1769410603
|switch|p2a: Rillaboom|Rillaboom, F|100/100
|-fieldstart|move: Grassy Terrain|[from] ability: Grassy Surge|[of] p2a: Rillaboom
|turn|13
|
|t:|1769410608
|move|p1a: Kingambit|Sucker Punch|p2a: Rillaboom
|-damage|p2a: Rillaboom|36/100
|-damage|p1a: Kingambit|29/100|[from] item: Life Orb
|move|p2a: Rillaboom|Wood Hammer|p1a: Kingambit
|-resisted|p1a: Kingambit
|-damage|p1a: Kingambit|0 fnt
|faint|p1a: Kingambit
|-end|p1a: Kingambit|fallen2|[silent]
|-damage|p2a: Rillaboom|25/100|[from] Recoil
|
|-heal|p2a: Rillaboom|31/100|[from] Grassy Terrain
|upkeep
|
|t:|1769410623
|switch|p1a: Iron Valiant|Iron Valiant|100/100
|-damage|p1a: Iron Valiant|88/100|[from] Spikes
|-enditem|p1a: Iron Valiant|Booster Energy
|-activate|p1a: Iron Valiant|ability: Quark Drive|[fromitem]
|-start|p1a: Iron Valiant|quarkdrivespe
|turn|14
|
|t:|1769410632
|move|p2a: Rillaboom|Grassy Glide|p1a: Iron Valiant
|-damage|p1a: Iron Valiant|34/100
|move|p1a: Iron Valiant|Moonblast|p2a: Rillaboom
|-damage|p2a: Rillaboom|0 fnt
|faint|p2a: Rillaboom
|
|-heal|p1a: Iron Valiant|40/100|[from] Grassy Terrain
|upkeep
|
|t:|1769410645
|switch|p2a: Cinderace|Cinderace, M|27/100
|turn|15
|
|t:|1769410652
|move|p1a: Iron Valiant|Moonblast|p2a: Cinderace
|-resisted|p2a: Cinderace
|-damage|p2a: Cinderace|0 fnt
|faint|p2a: Cinderace
|
|win|LYHtyt
|raw|LYHtyt's rating: 1201 &rarr; <strong>1225</strong><br />(+24 for winning)
|raw|Father John Misty's rating: 1194 &rarr; <strong>1170</strong><br />(-24 for losing)
|l|☆Father John Misty
|player|p2|
