|j|☆slave of society
|j|☆psyforce1011
|t:|1769312166
|gametype|singles
|player|p1|slave of society|shadowtriad|1047
|player|p2|psyforce1011|101|1098
|gen|9
|tier|[Gen 9] OU
|rated|
|rule|HP Percentage Mod: HP is shown in percentages
|rule|Endless Battle Clause: Forcing endless battles is banned
|rule|Species Clause: Limit one of each Pokémon
|rule|OHKO Clause: OHKO moves are banned
|rule|Evasion Items Clause: Evasion items are banned
|rule|Evasion Moves Clause: Evasion moves are banned
|rule|Evasion Abilities Clause: Evasion abilities are banned
|rule|Sleep Moves Clause: Sleep-inducing moves are banned
|clearpoke
|poke|p1|Deoxys-Speed|
|poke|p1|Ceruledge, M|
|poke|p1|Zamazenta-*|
|poke|p1|Ogerpon-Wellspring, F|
|poke|p1|Glimmora, M|
|poke|p1|Moltres-Galar|
|poke|p2|Iron Treads|
|poke|p2|Zapdos-Galar|
|poke|p2|Kyurem|
|poke|p2|Ceruledge, M|
|poke|p2|Clefable, F|
|poke|p2|Slowking-Galar, F|
|teampreview
|inactive|Battle timer is ON: inactive players will automatically lose when time's up. (requested by psyforce1011)
|
|t:|1769312175
|teamsize|p1|6
|teamsize|p2|6
|start
|switch|p1a: Deoxys|Deoxys-Speed|100/100
|switch|p2a: Zapdos|Zapdos-Galar|100/100
|-ability|p1a: Deoxys|Pressure
|turn|1
|
|t:|1769312187
|switch|p2a: Iron Treads|Iron Treads|100/100
|move|p1a: Deoxys|Psycho Boost|p2a: Iron Treads
|-resisted|p2a: Iron Treads
|-damage|p2a: Iron Treads|83/100
|-unboost|p1a: Deoxys|spa|2
|
|-heal|p2a: Iron Treads|89/100|[from] item: Leftovers
|upkeep
|turn|2
|
|t:|1769312196
|move|p1a: Deoxys|Reflect|p1a: Deoxys
|-sidestart|p1: slave of society|Reflect
|move|p2a: Iron Treads|Knock Off|p1a: Deoxys
|-supereffective|p1a: Deoxys
|-damage|p1a: Deoxys|73/100
|-enditem|p1a: Deoxys|Light Clay|[from] move: Knock Off|[of] p2a: Iron Treads
|
|-heal|p2a: Iron Treads|96/100|[from] item: Leftovers
|upkeep
|turn|3
|
|t:|1769312205
|switch|p1a: Ogerpon|Ogerpon-Wellspring, F|100/100
|move|p2a: Iron Treads|Earthquake|p1a: Ogerpon
|-resisted|p1a: Ogerpon
|-damage|p1a: Ogerpon|88/100
|
|-heal|p2a: Iron Treads|100/100|[from] item: Leftovers
|upkeep
|turn|4
|
|t:|1769312215
|-end|p2a: Iron Treads|Quark Drive|[silent]
|switch|p2a: Kyurem|Kyurem|100/100
|-ability|p2a: Kyurem|Pressure
|move|p1a: Ogerpon|Ivy Cudgel|p2a: Kyurem|[anim] Ivy Cudgel Water
|-resisted|p2a: Kyurem
|-damage|p2a: Kyurem|70/100
|
|upkeep
|turn|5
|
|t:|1769312229
|move|p1a: Ogerpon|Play Rough|p2a: Kyurem
|-supereffective|p2a: Kyurem
|-damage|p2a: Kyurem|0 fnt
|faint|p2a: Kyurem
|
|upkeep
|
|t:|1769312235
|switch|p2a: Slowking|Slowking-Galar, F|100/100
|turn|6
|
|t:|1769312242
|switch|p1a: Deoxys|Deoxys-Speed|73/100
|-ability|p1a: Deoxys|Pressure
|move|p2a: Slowking|Sludge Bomb|p1a: Deoxys
|-damage|p1a: Deoxys|21/100
|-status|p1a: Deoxys|psn
|
|-damage|p1a: Deoxys|9/100 psn|[from] psn
|upkeep
|turn|7
|
|t:|1769312255
|move|p1a: Deoxys|Light Screen|p1a: Deoxys
|-sidestart|p1: slave of society|move: Light Screen
|move|p2a: Slowking|Future Sight|p1a: Deoxys
|-start|p2a: Slowking|move: Future Sight
|
|-damage|p1a: Deoxys|0 fnt|[from] psn
|faint|p1a: Deoxys
|upkeep
|
|t:|1769312262
|switch|p1a: Moltres|Moltres-Galar|100/100
|turn|8
|
|t:|1769312279
|switch|p2a: Clefable|Clefable, F|100/100
|move|p1a: Moltres|Agility|p1a: Moltres
|-boost|p1a: Moltres|spe|2
|
|upkeep
|turn|9
|
|t:|1769312287
|move|p1a: Moltres|Nasty Plot|p1a: Moltres
|-boost|p1a: Moltres|spa|2
|move|p2a: Clefable|Knock Off|p1a: Moltres
|-resisted|p1a: Moltres
|-damage|p1a: Moltres|96/100
|-enditem|p1a: Moltres|Sitrus Berry|[from] move: Knock Off|[of] p2a: Clefable
|
|-end|p1a: Moltres|move: Future Sight
|-immune|p1a: Moltres
|-sideend|p1: slave of society|Reflect
|upkeep
|turn|10
|
|t:|1769312301
|move|p1a: Moltres|Nasty Plot|p1a: Moltres
|-boost|p1a: Moltres|spa|2
|move|p2a: Clefable|Cosmic Power|p2a: Clefable
|-boost|p2a: Clefable|def|1
|-boost|p2a: Clefable|spd|1
|
|upkeep
|turn|11
|
|t:|1769312307
|-terastallize|p1a: Moltres|Fairy
|move|p1a: Moltres|Tera Blast|p2a: Clefable|[anim] Tera Blast Fairy
|-damage|p2a: Clefable|78/100
|move|p2a: Clefable|Moonblast|p1a: Moltres
|-damage|p1a: Moltres|83/100
|
|-heal|p2a: Clefable|84/100|[from] item: Leftovers
|-sideend|p1: slave of society|move: Light Screen
|upkeep
|turn|12
|
|t:|1769312334
|switch|p1a: Zamazenta|Zamazenta|100/100
|-ability|p1a: Zamazenta|Dauntless Shield|boost
|-boost|p1a: Zamazenta|def|1
|move|p2a: Clefable|Moonblast|p1a: Zamazenta
|-supereffective|p1a: Zamazenta
|-damage|p1a: Zamazenta|43/100
|
|-heal|p1a: Zamazenta|49/100|[from] item: Leftovers
|-heal|p2a: Clefable|90/100|[from] item: Leftovers
|upkeep
|turn|13
|inactive|slave of society has 120 seconds left.
|
|t:|1769312358
|switch|p1a: Ogerpon|Ogerpon-Wellspring, F|88/100
|move|p2a: Clefable|Moonblast|p1a: Ogerpon
|-crit|p1a: Ogerpon
|-damage|p1a: Ogerpon|33/100
|-unboost|p1a: Ogerpon|spa|1
|
|-heal|p2a: Clefable|96/100|[from] item: Leftovers
|upkeep
|turn|14
|
|t:|1769312367
|move|p1a: Ogerpon|Ivy Cudgel|p2a: Clefable|[anim] Ivy Cudgel Water
|-crit|p2a: Clefable
|-damage|p2a: Clefable|26/100
|move|p2a: Clefable|Moonblast|p1a: Ogerpon
|-damage|p1a: Ogerpon|0 fnt
|faint|p1a: Ogerpon
|
|-heal|p2a: Clefable|32/100|[from] item: Leftovers
|upkeep
|
|t:|1769312374
|switch|p1a: Ceruledge|Ceruledge, M|100/100
|turn|15
|
|t:|1769312379
|move|p1a: Ceruledge|Poltergeist|p2a: Clefable
|-activate|p2a: Clefable|move: Poltergeist|Leftovers
|-damage|p2a: Clefable|0 fnt
|faint|p2a: Clefable
|-damage|p1a: Ceruledge|91/100|[from] item: Life Orb
|
|upkeep
|
|t:|1769312387
|switch|p2a: Ceruledge|Ceruledge, M|100/100
|turn|16
|
|t:|1769312408
|switch|p1a: Zamazenta|Zamazenta|49/100
|-terastallize|p2a: Ceruledge|Ghost
|move|p2a: Ceruledge|Shadow Sneak|p1a: Zamazenta
|-damage|p1a: Zamazenta|24/100
|-damage|p2a: Ceruledge|91/100|[from] item: Life Orb
|
|-heal|p1a: Zamazenta|30/100|[from] item: Leftovers
|upkeep
|turn|17
|
|t:|1769312422
|move|p1a: Zamazenta|Iron Defense|p1a: Zamazenta
|-boost|p1a: Zamazenta|def|2
|move|p2a: Ceruledge|Swords Dance|p2a: Ceruledge
|-boost|p2a: Ceruledge|atk|2
|
|-heal|p1a: Zamazenta|36/100|[from] item: Leftovers
|upkeep
|turn|18
|
|t:|1769312430
|move|p2a: Ceruledge|Swords Dance|p2a: Ceruledge
|-boost|p2a: Ceruledge|atk|2
|move|p1a: Zamazenta|Roar|p2a: Ceruledge
|drag|p2a: Zapdos|Zapdos-Galar|100/100
|
|-heal|p1a: Zamazenta|42/100|[from] item: Leftovers
|upkeep
|turn|19
|
|t:|1769312438
|move|p1a: Zamazenta|Body Press|p2a: Zapdos
|-resisted|p2a: Zapdos
|-damage|p2a: Zapdos|54/100
|move|p2a: Zapdos|Brave Bird|p1a: Zamazenta
|-supereffective|p1a: Zamazenta
|-damage|p1a: Zamazenta|0 fnt
|faint|p1a: Zamazenta
|-damage|p2a: Zapdos|40/100|[from] Recoil
|
|upkeep
|
|t:|1769312450
|switch|p1a: Glimmora|Glimmora, M|100/100
|turn|20
|
|t:|1769312454
|move|p2a: Zapdos|Brave Bird|p1a: Glimmora
|-resisted|p1a: Glimmora
|-damage|p1a: Glimmora|46/100
|-activate|p1a: Glimmora|ability: Toxic Debris
|-sidestart|p2: psyforce1011|move: Toxic Spikes
|-damage|p2a: Zapdos|23/100|[from] Recoil
|move|p1a: Glimmora|Meteor Beam||[still]
|-prepare|p1a: Glimmora|Meteor Beam
|-boost|p1a: Glimmora|spa|1
|-enditem|p1a: Glimmora|Power Herb
|-anim|p1a: Glimmora|Meteor Beam|p2a: Zapdos
|-damage|p2a: Zapdos|0 fnt
|faint|p2a: Zapdos
|
|upkeep
|
|t:|1769312466
|switch|p2a: Iron Treads|Iron Treads|100/100
|turn|21
|
|t:|1769312472
|move|p1a: Glimmora|Earth Power|p2a: Iron Treads
|-supereffective|p2a: Iron Treads
|-damage|p2a: Iron Treads|21/100
|move|p2a: Iron Treads|Rapid Spin|p1a: Glimmora
|-resisted|p1a: Glimmora
|-damage|p1a: Glimmora|38/100
|-boost|p2a: Iron Treads|spe|1
|-activate|p1a: Glimmora|ability: Toxic Debris
|-sidestart|p2: psyforce1011|move: Toxic Spikes
|-sideend|p2: psyforce1011|Toxic Spikes|[from] move: Rapid Spin|[of] p2a: Iron Treads
|
|-heal|p2a: Iron Treads|27/100|[from] item: Leftovers
|upkeep
|turn|22
|
|t:|1769312485
|move|p2a: Iron Treads|Earthquake|p1a: Glimmora
|-supereffective|p1a: Glimmora
|-damage|p1a: Glimmora|0 fnt
|-activate|p1a: Glimmora|ability: Toxic Debris
|-sidestart|p2: psyforce1011|move: Toxic Spikes
|faint|p1a: Glimmora
|
|-heal|p2a: Iron Treads|33/100|[from] item: Leftovers
|upkeep
|
|t:|1769312487
|switch|p1a: Ceruledge|Ceruledge, M|91/100
|turn|23
|
|t:|1769312496
|move|p2a: Iron Treads|Earthquake|p1a: Ceruledge
|-supereffective|p1a: Ceruledge
|-damage|p1a: Ceruledge|4/100
|-ability|p1a: Ceruledge|Weak Armor|boost
|-unboost|p1a: Ceruledge|def|1
|-boost|p1a: Ceruledge|spe|2
|move|p1a: Ceruledge|Bitter Blade|p2a: Iron Treads
|-supereffective|p2a: Iron Treads
|-damage|p2a: Iron Treads|0 fnt
|-heal|p1a: Ceruledge|24/100|[from] drain|[of] p2a: Iron Treads
|faint|p2a: Iron Treads
|-end|p2a: Iron Treads|Quark Drive|[silent]
|-damage|p1a: Ceruledge|14/100|[from] item: Life Orb
|
|upkeep
|
|t:|1769312508
|switch|p2a: Ceruledge|Ceruledge, M, tera:Ghost|91/100
|-status|p2a: Ceruledge|psn
|turn|24
|
|t:|1769312512
|move|p1a: Ceruledge|Shadow Sneak|p2a: Ceruledge
|-supereffective|p2a: Ceruledge
|-damage|p2a: Ceruledge|10/100 psn
|-ability|p2a: Ceruledge|Weak Armor|boost
|-unboost|p2a: Ceruledge|def|1
|-boost|p2a: Ceruledge|spe|2
|-damage|p1a: Ceruledge|5/100|[from] item: Life Orb
|move|p2a: Ceruledge|Shadow Sneak|p1a: Ceruledge
|-supereffective|p1a: Ceruledge
|-damage|p1a: Ceruledge|0 fnt
|faint|p1a: Ceruledge
|-damage|p2a: Ceruledge|0 fnt|[from] item: Life Orb
|faint|p2a: Ceruledge
|
|upkeep
|
|t:|1769312523
|switch|p2a: Slowking|Slowking-Galar, F|100/100
|switch|p1a: Moltres|Moltres-Galar, tera:Fairy|83/100
|-sideend|p2: psyforce1011|move: Toxic Spikes|[of] p2a: Slowking
|turn|25
|
|t:|1769312529
|move|p1a: Moltres|Fiery Wrath|p2a: Slowking
|-supereffective|p2a: Slowking
|-damage|p2a: Slowking|57/100
|move|p2a: Slowking|Sludge Bomb|p1a: Moltres
|-supereffective|p1a: Moltres
|-damage|p1a: Moltres|9/100
|-ability|p1a: Moltres|Berserk|boost
|-boost|p1a: Moltres|spa|1
|
|upkeep
|turn|26
|
|t:|1769312537
|move|p1a: Moltres|Fiery Wrath|p2a: Slowking
|-supereffective|p2a: Slowking
|-damage|p2a: Slowking|0 fnt
|faint|p2a: Slowking
|
|win|slave of society
|raw|slave of society's rating: 1080 &rarr; <strong>1109</strong><br />(+29 for winning)
|raw|psyforce1011's rating: 1098 &rarr; <strong>1072</strong><br />(-26 for losing)
