|j|☆zabarudo25
|j|☆RONSOL
|t:|1769342329
|gametype|singles
|player|p1|zabarudo25|hoopster|1261
|player|p2|RONSOL|266|1236
|gen|9
|tier|[Gen 9] OU
|rated|
|rule|HP Percentage Mod: HP is shown in percentages
|rule|Endless Battle Clause: Forcing endless battles is banned
|rule|Species Clause: Limit one of each Pokémon
|rule|OHKO Clause: OHKO moves are banned
|rule|Evasion Items Clause: Evasion items are banned
|rule|Evasion Moves Clause: Evasion moves are banned
|rule|Evasion Abilities Clause: Evasion abilities are banned
|rule|Sleep Moves Clause: Sleep-inducing moves are banned
|clearpoke
|poke|p1|Regirock|
|poke|p1|Great Tusk|
|poke|p1|Ogerpon-Wellspring, F|
|poke|p1|Deoxys-Speed|
|poke|p1|Dragonite, F|
|poke|p1|Pecharunt|
|poke|p2|Iron Hands|
|poke|p2|Glimmora, M|
|poke|p2|Landorus-Therian, M|
|poke|p2|Dragapult, M|
|poke|p2|Primarina, F|
|poke|p2|Kingambit, F|
|teampreview
|inactive|Battle timer is ON: inactive players will automatically lose when time's up. (requested by zabarudo25)
|
|t:|1769342343
|teamsize|p1|6
|teamsize|p2|6
|start
|switch|p1a: Regirock|Regirock|100/100
|switch|p2a: Primarina|Primarina, F|100/100
|turn|1
|
|t:|1769342349
|move|p2a: Primarina|Psychic Noise|p1a: Regirock
|-supereffective|p1a: Regirock
|-crit|p1a: Regirock
|-damage|p1a: Regirock|4/100
|-start|p1a: Regirock|move: Heal Block
|move|p1a: Regirock|Stealth Rock|p2a: Primarina
|-sidestart|p2: RONSOL|move: Stealth Rock
|
|upkeep
|turn|2
|-enditem|p1a: Regirock|Custap Berry|[eat]
|-activate|p1a: Regirock|item: Custap Berry|[consumed]
|
|t:|1769342357
|move|p1a: Regirock|Explosion|p2a: Primarina
|-crit|p2a: Primarina
|-damage|p2a: Primarina|0 fnt
|faint|p1a: Regirock
|faint|p2a: Primarina
|
|upkeep
|
|t:|1769342367
|switch|p2a: Glimmora|Glimmora, M|100/100
|switch|p1a: Deoxys|Deoxys-Speed|100/100
|-ability|p1a: Deoxys|Pressure
|-damage|p2a: Glimmora|88/100|[from] Stealth Rock
|turn|3
|inactive|zabarudo25 has 120 seconds left.
|
|t:|1769342403
|switch|p2a: Kingambit|Kingambit, F|100/100
|-damage|p2a: Kingambit|94/100|[from] Stealth Rock
|-activate|p2a: Kingambit|ability: Supreme Overlord
|-start|p2a: Kingambit|fallen1|[silent]
|move|p1a: Deoxys|Psycho Boost|p2a: Kingambit
|-immune|p2a: Kingambit
|
|-heal|p2a: Kingambit|100/100|[from] item: Leftovers
|upkeep
|turn|4
|
|t:|1769342416
|move|p2a: Kingambit|Sucker Punch||[still]
|-fail|p2a: Kingambit
|move|p1a: Deoxys|Reflect|p1a: Deoxys
|-sidestart|p1: zabarudo25|Reflect
|
|upkeep
|turn|5
|
|t:|1769342424
|switch|p1a: Great Tusk|Great Tusk|100/100
|-enditem|p1a: Great Tusk|Booster Energy
|-activate|p1a: Great Tusk|ability: Protosynthesis|[fromitem]
|-start|p1a: Great Tusk|protosynthesisatk
|move|p2a: Kingambit|Kowtow Cleave|p1a: Great Tusk
|-resisted|p1a: Great Tusk
|-damage|p1a: Great Tusk|91/100
|
|upkeep
|turn|6
|
|t:|1769342435
|-end|p2a: Kingambit|fallen1|[silent]
|switch|p2a: Landorus|Landorus-Therian, M|100/100
|-damage|p2a: Landorus|88/100|[from] Stealth Rock
|-ability|p2a: Landorus|Intimidate|boost
|-unboost|p1a: Great Tusk|atk|1
|move|p1a: Great Tusk|Bulk Up|p1a: Great Tusk
|-boost|p1a: Great Tusk|atk|1
|-boost|p1a: Great Tusk|def|1
|
|upkeep
|turn|7
|
|t:|1769342458
|switch|p2a: Glimmora|Glimmora, M|88/100
|-damage|p2a: Glimmora|76/100|[from] Stealth Rock
|move|p1a: Great Tusk|Rapid Spin|p2a: Glimmora
|-resisted|p2a: Glimmora
|-damage|p2a: Glimmora|61/100
|-boost|p1a: Great Tusk|spe|1
|-activate|p2a: Glimmora|ability: Toxic Debris
|-sidestart|p1: zabarudo25|move: Toxic Spikes
|-sideend|p1: zabarudo25|Toxic Spikes|[from] move: Rapid Spin|[of] p1a: Great Tusk
|
|upkeep
|turn|8
|
|t:|1769342471
|-terastallize|p2a: Glimmora|Fairy
|move|p1a: Great Tusk|Headlong Rush|p2a: Glimmora
|-damage|p2a: Glimmora|0 fnt
|-unboost|p1a: Great Tusk|def|1
|-unboost|p1a: Great Tusk|spd|1
|-activate|p2a: Glimmora|ability: Toxic Debris
|-sidestart|p1: zabarudo25|move: Toxic Spikes
|faint|p2a: Glimmora
|
|upkeep
|
|t:|1769342486
|switch|p2a: Dragapult|Dragapult, M|100/100
|-damage|p2a: Dragapult|88/100|[from] Stealth Rock
|turn|9
|
|t:|1769342509
|move|p1a: Great Tusk|Headlong Rush|p2a: Dragapult
|-damage|p2a: Dragapult|0 fnt
|-unboost|p1a: Great Tusk|def|1
|-unboost|p1a: Great Tusk|spd|1
|faint|p2a: Dragapult
|
|upkeep
|-message|RONSOL forfeited.
|
|win|zabarudo25
|raw|zabarudo25's rating: 1261 &rarr; <strong>1284</strong><br />(+23 for winning)
|raw|RONSOL's rating: 1236 &rarr; <strong>1213</strong><br />(-23 for losing)
|l|☆RONSOL
|player|p2|
|l|☆zabarudo25
|player|p1|
