|j|☆Veexliat
|j|☆labeys
|t:|1769294084
|gametype|singles
|player|p1|Veexliat|gardenia|1540
|player|p2|labeys|sordward|1626
|gen|9
|tier|[Gen 9] OU
|rated|
|rule|HP Percentage Mod: HP is shown in percentages
|rule|Endless Battle Clause: Forcing endless battles is banned
|rule|Species Clause: Limit one of each Pokémon
|rule|OHKO Clause: OHKO moves are banned
|rule|Evasion Items Clause: Evasion items are banned
|rule|Evasion Moves Clause: Evasion moves are banned
|rule|Evasion Abilities Clause: Evasion abilities are banned
|rule|Sleep Moves Clause: Sleep-inducing moves are banned
|clearpoke
|poke|p1|Pelipper, F|
|poke|p1|Hatterene, F|
|poke|p1|Iron Treads|
|poke|p1|Toxicroak, F|
|poke|p1|Barraskewda, F|
|poke|p1|Zapdos|
|poke|p2|Samurott-Hisui, F|
|poke|p2|Iron Treads|
|poke|p2|Iron Valiant|
|poke|p2|Zapdos|
|poke|p2|Iron Moth|
|poke|p2|Skeledirge, M|
|teampreview
|inactive|Battle timer is ON: inactive players will automatically lose when time's up. (requested by Veexliat)
|inactive|labeys also wants the timer to be on.
|
|t:|1769294091
|teamsize|p1|6
|teamsize|p2|6
|start
|switch|p1a: Pelipper|Pelipper, F|100/100
|switch|p2a: Samurott|Samurott-Hisui, F|100/100
|-weather|RainDance|[from] ability: Drizzle|[of] p1a: Pelipper
|turn|1
|
|t:|1769294094
|switch|p1a: Toxicroak|Toxicroak, F|100/100
|move|p2a: Samurott|Ceaseless Edge|p1a: Toxicroak
|-resisted|p1a: Toxicroak
|-damage|p1a: Toxicroak|69/100
|-damage|p2a: Samurott|84/100|[from] item: Rocky Helmet|[of] p1a: Toxicroak
|-sidestart|p1: Veexliat|Spikes
|
|-weather|RainDance|[upkeep]
|-heal|p1a: Toxicroak|81/100|[from] ability: Dry Skin
|upkeep
|turn|2
|
|t:|1769294112
|switch|p2a: Zapdos|Zapdos|100/100
|move|p1a: Toxicroak|Knock Off|p2a: Zapdos
|-damage|p2a: Zapdos|84/100
|-enditem|p2a: Zapdos|Terrain Extender|[from] move: Knock Off|[of] p1a: Toxicroak
|
|-weather|RainDance|[upkeep]
|-heal|p1a: Toxicroak|94/100|[from] ability: Dry Skin
|upkeep
|turn|3
|c|☆Veexliat|what
|
|t:|1769294129
|switch|p2a: Iron Valiant|Iron Valiant|100/100
|switch|p1a: Iron Treads|Iron Treads|100/100
|-damage|p1a: Iron Treads|88/100|[from] Spikes
|
|-weather|RainDance|[upkeep]
|-heal|p1a: Iron Treads|94/100|[from] item: Leftovers
|upkeep
|turn|4
|
|t:|1769294135
|move|p2a: Iron Valiant|Moonblast|p1a: Iron Treads
|-resisted|p1a: Iron Treads
|-damage|p1a: Iron Treads|75/100
|-damage|p2a: Iron Valiant|91/100|[from] item: Life Orb
|move|p1a: Iron Treads|Rapid Spin|p2a: Iron Valiant
|-crit|p2a: Iron Valiant
|-damage|p2a: Iron Valiant|66/100
|-boost|p1a: Iron Treads|spe|1
|-sideend|p1: Veexliat|Spikes|[from] move: Rapid Spin|[of] p1a: Iron Treads
|
|-weather|RainDance|[upkeep]
|-heal|p1a: Iron Treads|81/100|[from] item: Leftovers
|upkeep
|turn|5
|
|t:|1769294146
|-end|p2a: Iron Valiant|Quark Drive|[silent]
|switch|p2a: Zapdos|Zapdos|84/100
|move|p1a: Iron Treads|Volt Switch|p2a: Zapdos
|-damage|p2a: Zapdos|72/100
|
|t:|1769294153
|-end|p1a: Iron Treads|Quark Drive|[silent]
|switch|p1a: Zapdos|Zapdos|100/100|[from] Volt Switch
|
|-weather|RainDance|[upkeep]
|upkeep
|turn|6
|
|t:|1769294164
|move|p1a: Zapdos|Weather Ball|p2a: Zapdos
|-damage|p2a: Zapdos|0 fnt
|faint|p2a: Zapdos
|
|-weather|RainDance|[upkeep]
|upkeep
|
|t:|1769294180
|switch|p2a: Samurott|Samurott-Hisui, F|84/100
|turn|7
|
|t:|1769294187
|switch|p1a: Toxicroak|Toxicroak, F|94/100
|move|p2a: Samurott|Ceaseless Edge|p1a: Toxicroak
|-resisted|p1a: Toxicroak
|-damage|p1a: Toxicroak|64/100
|-damage|p2a: Samurott|68/100|[from] item: Rocky Helmet|[of] p1a: Toxicroak
|-sidestart|p1: Veexliat|Spikes
|
|-weather|RainDance|[upkeep]
|-heal|p1a: Toxicroak|77/100|[from] ability: Dry Skin
|upkeep
|turn|8
|
|t:|1769294202
|switch|p2a: Iron Valiant|Iron Valiant|66/100
|move|p1a: Toxicroak|Drain Punch|p2a: Iron Valiant
|-resisted|p2a: Iron Valiant
|-damage|p2a: Iron Valiant|50/100
|-heal|p1a: Toxicroak|83/100|[from] drain|[of] p2a: Iron Valiant
|
|-weather|none
|upkeep
|turn|9
|
|t:|1769294211
|switch|p1a: Pelipper|Pelipper, F|100/100
|-weather|RainDance|[from] ability: Drizzle|[of] p1a: Pelipper
|move|p2a: Iron Valiant|Moonblast|p1a: Pelipper
|-damage|p1a: Pelipper|51/100
|-unboost|p1a: Pelipper|spa|1
|-damage|p2a: Iron Valiant|40/100|[from] item: Life Orb
|
|-weather|RainDance|[upkeep]
|upkeep
|turn|10
|
|t:|1769294217
|switch|p1a: Hatterene|Hatterene, F|100/100
|-damage|p1a: Hatterene|88/100|[from] Spikes
|move|p2a: Iron Valiant|Moonblast|p1a: Hatterene
|-damage|p1a: Hatterene|39/100
|-enditem|p1a: Hatterene|Eject Button
|-damage|p2a: Iron Valiant|31/100|[from] item: Life Orb
|
|t:|1769294223
|switch|p1a: Barraskewda|Barraskewda, F|100/100
|-damage|p1a: Barraskewda|88/100|[from] Spikes
|
|-weather|RainDance|[upkeep]
|upkeep
|turn|11
|
|t:|1769294247
|-end|p2a: Iron Valiant|Quark Drive|[silent]
|switch|p2a: Iron Treads|Iron Treads|100/100
|move|p1a: Barraskewda|Flip Turn|p2a: Iron Treads
|-supereffective|p2a: Iron Treads
|-damage|p2a: Iron Treads|0 fnt
|faint|p2a: Iron Treads
|-end|p2a: Iron Treads|Quark Drive|[silent]
|
|t:|1769294253
|switch|p1a: Zapdos|Zapdos|100/100|[from] Flip Turn
|
|-weather|RainDance|[upkeep]
|upkeep
|
|t:|1769294257
|switch|p2a: Iron Valiant|Iron Valiant|31/100
|turn|12
|
|t:|1769294261
|move|p2a: Iron Valiant|Destiny Bond|p2a: Iron Valiant
|-singlemove|p2a: Iron Valiant|Destiny Bond
|move|p1a: Zapdos|Volt Switch|p2a: Iron Valiant
|-damage|p2a: Iron Valiant|0 fnt
|faint|p2a: Iron Valiant
|-activate|p2a: Iron Valiant|move: Destiny Bond
|-end|p2a: Iron Valiant|Quark Drive|[silent]
|faint|p1a: Zapdos
|
|-weather|RainDance|[upkeep]
|upkeep
|
|t:|1769294267
|switch|p2a: Samurott|Samurott-Hisui, F|68/100
|switch|p1a: Barraskewda|Barraskewda, F|88/100
|-damage|p1a: Barraskewda|76/100|[from] Spikes
|turn|13
|
|t:|1769294270
|switch|p1a: Toxicroak|Toxicroak, F|83/100
|-damage|p1a: Toxicroak|71/100|[from] Spikes
|move|p2a: Samurott|Sucker Punch||[still]
|-fail|p2a: Samurott
|
|-weather|RainDance|[upkeep]
|-heal|p1a: Toxicroak|83/100|[from] ability: Dry Skin
|upkeep
|turn|14
|
|t:|1769294276
|switch|p2a: Iron Moth|Iron Moth|100/100
|move|p1a: Toxicroak|Knock Off|p2a: Iron Moth
|-damage|p2a: Iron Moth|67/100
|-enditem|p2a: Iron Moth|Choice Specs|[from] move: Knock Off|[of] p1a: Toxicroak
|
|-weather|RainDance|[upkeep]
|-heal|p1a: Toxicroak|96/100|[from] ability: Dry Skin
|upkeep
|turn|15
|
|t:|1769294283
|move|p2a: Iron Moth|Fiery Dance|p1a: Toxicroak
|-damage|p1a: Toxicroak|63/100
|move|p1a: Toxicroak|Encore|p2a: Iron Moth
|-start|p2a: Iron Moth|Encore
|
|-weather|RainDance|[upkeep]
|-heal|p1a: Toxicroak|76/100|[from] ability: Dry Skin
|upkeep
|turn|16
|
|t:|1769294291
|move|p2a: Iron Moth|Fiery Dance|p1a: Toxicroak
|-damage|p1a: Toxicroak|45/100
|move|p1a: Toxicroak|Knock Off|p2a: Iron Moth
|-damage|p2a: Iron Moth|44/100
|
|-weather|none
|upkeep
|turn|17
|
|t:|1769294295
|switch|p1a: Pelipper|Pelipper, F|51/100
|-weather|RainDance|[from] ability: Drizzle|[of] p1a: Pelipper
|move|p2a: Iron Moth|Fiery Dance|p1a: Pelipper
|-resisted|p1a: Pelipper
|-damage|p1a: Pelipper|42/100
|
|-weather|RainDance|[upkeep]
|upkeep
|turn|18
|
|t:|1769294308
|move|p2a: Iron Moth|Fiery Dance|p1a: Pelipper
|-resisted|p1a: Pelipper
|-damage|p1a: Pelipper|32/100
|-boost|p2a: Iron Moth|spa|1
|move|p1a: Pelipper|U-turn|p2a: Iron Moth
|-resisted|p2a: Iron Moth
|-damage|p2a: Iron Moth|41/100
|
|t:|1769294312
|switch|p1a: Barraskewda|Barraskewda, F|76/100|[from] U-turn
|-damage|p1a: Barraskewda|64/100|[from] Spikes
|
|-weather|RainDance|[upkeep]
|-end|p2a: Iron Moth|Encore
|upkeep
|turn|19
|
|t:|1769294318
|move|p1a: Barraskewda|Flip Turn|p2a: Iron Moth
|-supereffective|p2a: Iron Moth
|-damage|p2a: Iron Moth|0 fnt
|faint|p2a: Iron Moth
|-end|p2a: Iron Moth|Quark Drive|[silent]
|
|t:|1769294322
|switch|p1a: Toxicroak|Toxicroak, F|45/100|[from] Flip Turn
|-damage|p1a: Toxicroak|32/100|[from] Spikes
|
|-weather|RainDance|[upkeep]
|-heal|p1a: Toxicroak|45/100|[from] ability: Dry Skin
|upkeep
|
|t:|1769294333
|switch|p2a: Samurott|Samurott-Hisui, F|68/100
|turn|20
|
|t:|1769294336
|move|p2a: Samurott|Ceaseless Edge|p1a: Toxicroak
|-resisted|p1a: Toxicroak
|-damage|p1a: Toxicroak|15/100
|-damage|p2a: Samurott|51/100|[from] item: Rocky Helmet|[of] p1a: Toxicroak
|-sidestart|p1: Veexliat|Spikes
|move|p1a: Toxicroak|Drain Punch|p2a: Samurott
|-supereffective|p2a: Samurott
|-damage|p2a: Samurott|0 fnt
|-heal|p1a: Toxicroak|37/100|[from] drain|[of] p2a: Samurott
|faint|p2a: Samurott
|
|-weather|RainDance|[upkeep]
|-heal|p1a: Toxicroak|50/100|[from] ability: Dry Skin
|upkeep
|
|t:|1769294340
|switch|p2a: Skeledirge|Skeledirge, M|100/100
|turn|21
|
|t:|1769294346
|-terastallize|p2a: Skeledirge|Water
|move|p1a: Toxicroak|Toxic|p2a: Skeledirge
|-status|p2a: Skeledirge|tox
|move|p2a: Skeledirge|Roar|p1a: Toxicroak
|drag|p1a: Iron Treads|Iron Treads|81/100
|-damage|p1a: Iron Treads|64/100|[from] Spikes
|
|-weather|RainDance|[upkeep]
|-heal|p1a: Iron Treads|70/100|[from] item: Leftovers
|-damage|p2a: Skeledirge|94/100 tox|[from] psn
|upkeep
|turn|22
|
|t:|1769294352
|move|p1a: Iron Treads|Rapid Spin|p2a: Skeledirge
|-damage|p2a: Skeledirge|86/100 tox
|-boost|p1a: Iron Treads|spe|1
|-sideend|p1: Veexliat|Spikes|[from] move: Rapid Spin|[of] p1a: Iron Treads
|move|p2a: Skeledirge|Torch Song|p1a: Iron Treads
|-supereffective|p1a: Iron Treads
|-damage|p1a: Iron Treads|48/100
|-boost|p2a: Skeledirge|spa|1
|
|-weather|RainDance|[upkeep]
|-heal|p1a: Iron Treads|54/100|[from] item: Leftovers
|-heal|p2a: Skeledirge|92/100 tox|[from] item: Leftovers
|-damage|p2a: Skeledirge|80/100 tox|[from] psn
|upkeep
|turn|23
|
|t:|1769294361
|move|p1a: Iron Treads|Volt Switch|p2a: Skeledirge
|-supereffective|p2a: Skeledirge
|-damage|p2a: Skeledirge|59/100 tox
|
|t:|1769294365
|-end|p1a: Iron Treads|Quark Drive|[silent]
|switch|p1a: Hatterene|Hatterene, F|39/100|[from] Volt Switch
|move|p2a: Skeledirge|Torch Song|p1a: Hatterene
|-damage|p1a: Hatterene|16/100
|-boost|p2a: Skeledirge|spa|1
|
|-weather|RainDance|[upkeep]
|-heal|p2a: Skeledirge|65/100 tox|[from] item: Leftovers
|-damage|p2a: Skeledirge|47/100 tox|[from] psn
|upkeep
|turn|24
|
|t:|1769294376
|move|p2a: Skeledirge|Slack Off|p2a: Skeledirge
|-heal|p2a: Skeledirge|97/100 tox
|move|p1a: Hatterene|Healing Wish|p1a: Hatterene
|faint|p1a: Hatterene
|
|-weather|none
|-heal|p2a: Skeledirge|100/100 tox|[from] item: Leftovers
|-damage|p2a: Skeledirge|76/100 tox|[from] psn
|upkeep
|
|t:|1769294386
|switch|p1a: Pelipper|Pelipper, F|32/100
|-heal|p1a: Pelipper|100/100|[from] move: Healing Wish
|-weather|RainDance|[from] ability: Drizzle|[of] p1a: Pelipper
|turn|25
|
|t:|1769294390
|move|p2a: Skeledirge|Torch Song|p1a: Pelipper
|-resisted|p1a: Pelipper
|-damage|p1a: Pelipper|86/100
|-boost|p2a: Skeledirge|spa|1
|move|p1a: Pelipper|Knock Off|p2a: Skeledirge
|-damage|p2a: Skeledirge|69/100 tox
|-enditem|p2a: Skeledirge|Leftovers|[from] move: Knock Off|[of] p1a: Pelipper
|
|-weather|RainDance|[upkeep]
|-damage|p2a: Skeledirge|38/100 tox|[from] psn
|upkeep
|turn|26
|
|t:|1769294398
|move|p2a: Skeledirge|Torch Song|p1a: Pelipper
|-resisted|p1a: Pelipper
|-damage|p1a: Pelipper|69/100
|-boost|p2a: Skeledirge|spa|1
|move|p1a: Pelipper|U-turn|p2a: Skeledirge
|-damage|p2a: Skeledirge|32/100 tox
|
|t:|1769294400
|switch|p1a: Barraskewda|Barraskewda, F|64/100|[from] U-turn
|
|-weather|RainDance|[upkeep]
|-damage|p2a: Skeledirge|0 fnt|[from] psn
|faint|p2a: Skeledirge
|
|win|Veexliat
|raw|Veexliat's rating: 1540 &rarr; <strong>1565</strong><br />(+25 for winning)
|raw|labeys's rating: 1626 &rarr; <strong>1601</strong><br />(-25 for losing)
|l|☆labeys
|player|p2|
