|j|☆apexacer
|j|☆ilikeplayingroblox
|t:|1769447497
|gametype|singles
|player|p1|apexacer|2|1686
|player|p2|ilikeplayingroblox|allister|1747
|gen|9
|tier|[Gen 9] OU
|rated|
|rule|HP Percentage Mod: HP is shown in percentages
|rule|Endless Battle Clause: Forcing endless battles is banned
|rule|Species Clause: Limit one of each Pokémon
|rule|OHKO Clause: OHKO moves are banned
|rule|Evasion Items Clause: Evasion items are banned
|rule|Evasion Moves Clause: Evasion moves are banned
|rule|Evasion Abilities Clause: Evasion abilities are banned
|rule|Sleep Moves Clause: Sleep-inducing moves are banned
|clearpoke
|poke|p1|Indeedee, M|
|poke|p1|Kingambit, F|
|poke|p1|Polteageist|
|poke|p1|Grimmsnarl, M|
|poke|p1|Great Tusk|
|poke|p1|Kyurem|
|poke|p2|Ninetales-Alola, F|
|poke|p2|Darkrai|
|poke|p2|Cinderace, M|
|poke|p2|Ceruledge, M|
|poke|p2|Kingambit, F|
|poke|p2|Kyurem|
|teampreview
|inactive|Battle timer is ON: inactive players will automatically lose when time's up. (requested by apexacer)
|
|t:|1769447505
|teamsize|p1|6
|teamsize|p2|6
|start
|switch|p1a: Kyurem|Kyurem|100/100
|switch|p2a: Darkrai|Darkrai|100/100
|-ability|p1a: Kyurem|Pressure
|turn|1
|
|t:|1769447512
|move|p1a: Kyurem|Draco Meteor|p2a: Darkrai
|-damage|p2a: Darkrai|0 fnt
|-unboost|p1a: Kyurem|spa|2
|faint|p2a: Darkrai
|
|upkeep
|
|t:|1769447537
|switch|p2a: Ninetales|Ninetales-Alola, F|100/100
|-weather|Snowscape|[from] ability: Snow Warning|[of] p2a: Ninetales
|turn|2
|
|t:|1769447543
|switch|p1a: Grimmsnarl|Grimmsnarl, M|100/100
|move|p2a: Ninetales|Aurora Veil|p2a: Ninetales
|-sidestart|p2: ilikeplayingroblox|move: Aurora Veil
|
|-weather|Snowscape|[upkeep]
|upkeep
|turn|3
|
|t:|1769447551
|move|p1a: Grimmsnarl|Light Screen|p1a: Grimmsnarl
|-sidestart|p1: apexacer|move: Light Screen
|move|p2a: Ninetales|Encore|p1a: Grimmsnarl
|-start|p1a: Grimmsnarl|Encore
|
|-weather|Snowscape|[upkeep]
|upkeep
|turn|4
|
|t:|1769447559
|switch|p2a: Cinderace|Cinderace, M|100/100
|switch|p1a: Kingambit|Kingambit, F|100/100
|
|-weather|Snowscape|[upkeep]
|upkeep
|turn|5
|
|t:|1769447565
|move|p2a: Cinderace|Pyro Ball|p1a: Kingambit
|-supereffective|p1a: Kingambit
|-damage|p1a: Kingambit|11/100
|move|p1a: Kingambit|Kowtow Cleave|p2a: Cinderace
|-damage|p2a: Cinderace|57/100
|
|-weather|Snowscape|[upkeep]
|upkeep
|turn|6
|
|t:|1769447580
|-end|p1a: Kingambit|fallenundefined|[silent]
|switch|p1a: Grimmsnarl|Grimmsnarl, M|100/100
|move|p2a: Cinderace|Will-O-Wisp|p1a: Grimmsnarl
|-status|p1a: Grimmsnarl|brn
|
|-weather|none
|-damage|p1a: Grimmsnarl|94/100 brn|[from] brn
|upkeep
|turn|7
|
|t:|1769447586
|move|p2a: Cinderace|Pyro Ball|p1a: Grimmsnarl
|-damage|p1a: Grimmsnarl|20/100 brn
|move|p1a: Grimmsnarl|Spirit Break|p2a: Cinderace
|-resisted|p2a: Cinderace
|-damage|p2a: Cinderace|52/100
|-unboost|p2a: Cinderace|spa|1
|
|-damage|p1a: Grimmsnarl|13/100 brn|[from] brn
|upkeep
|turn|8
|
|t:|1769447594
|move|p1a: Grimmsnarl|Reflect|p1a: Grimmsnarl
|-sidestart|p1: apexacer|Reflect
|move|p2a: Cinderace|U-turn|p1a: Grimmsnarl
|-crit|p1a: Grimmsnarl
|-damage|p1a: Grimmsnarl|0 fnt
|faint|p1a: Grimmsnarl
|
|t:|1769447600
|switch|p2a: Ninetales|Ninetales-Alola, F|100/100|[from] U-turn
|-weather|Snowscape|[from] ability: Snow Warning|[of] p2a: Ninetales
|
|-weather|Snowscape|[upkeep]
|upkeep
|
|t:|1769447625
|switch|p1a: Kyurem|Kyurem|100/100
|-ability|p1a: Kyurem|Pressure
|turn|9
|j| Vessev
|
|t:|1769447630
|move|p1a: Kyurem|Flash Cannon|p2a: Ninetales
|-supereffective|p2a: Ninetales
|-damage|p2a: Ninetales|30/100
|move|p2a: Ninetales|Freeze-Dry|p1a: Kyurem
|-damage|p1a: Kyurem|88/100
|
|-weather|Snowscape|[upkeep]
|-sideend|p2: ilikeplayingroblox|move: Aurora Veil
|upkeep
|turn|10
|
|t:|1769447636
|switch|p2a: Kingambit|Kingambit, F|100/100
|-activate|p2a: Kingambit|ability: Supreme Overlord
|-start|p2a: Kingambit|fallen1|[silent]
|move|p1a: Kyurem|Flash Cannon|p2a: Kingambit
|-resisted|p2a: Kingambit
|-damage|p2a: Kingambit|86/100
|
|-weather|Snowscape|[upkeep]
|-sideend|p1: apexacer|move: Light Screen
|upkeep
|turn|11
|
|t:|1769447643
|switch|p1a: Great Tusk|Great Tusk|100/100
|-end|p2a: Kingambit|fallen1|[silent]
|switch|p2a: Kyurem|Kyurem|100/100
|-ability|p2a: Kyurem|Pressure
|
|-weather|Snowscape|[upkeep]
|upkeep
|turn|12
|
|t:|1769447665
|-end|p1a: Great Tusk|Protosynthesis|[silent]
|switch|p1a: Kyurem|Kyurem|88/100
|-ability|p1a: Kyurem|Pressure
|-terastallize|p2a: Kyurem|Ground
|move|p2a: Kyurem|Earth Power|p1a: Kyurem
|-damage|p1a: Kyurem|42/100
|-unboost|p1a: Kyurem|spd|1
|
|-weather|none
|upkeep
|turn|13
|
|t:|1769447675
|move|p2a: Kyurem|Earth Power|p1a: Kyurem
|-damage|p1a: Kyurem|0 fnt
|faint|p1a: Kyurem
|
|upkeep
|
|t:|1769447682
|switch|p1a: Polteageist|Polteageist|100/100
|turn|14
|
|t:|1769447685
|move|p2a: Kyurem|Earth Power|p1a: Polteageist
|-damage|p1a: Polteageist|42/100
|move|p1a: Polteageist|Shell Smash|p1a: Polteageist
|-unboost|p1a: Polteageist|def|1
|-unboost|p1a: Polteageist|spd|1
|-boost|p1a: Polteageist|atk|2
|-boost|p1a: Polteageist|spa|2
|-boost|p1a: Polteageist|spe|2
|-enditem|p1a: Polteageist|White Herb
|-clearnegativeboost|p1a: Polteageist|[silent]
|
|upkeep
|turn|15
|
|t:|1769447697
|move|p1a: Polteageist|Stored Power|p2a: Kyurem
|-damage|p2a: Kyurem|0 fnt
|faint|p2a: Kyurem
|
|-sideend|p1: apexacer|Reflect
|upkeep
|
|t:|1769447701
|switch|p2a: Ceruledge|Ceruledge, M|100/100
|turn|16
|
|t:|1769447707
|-terastallize|p1a: Polteageist|Fighting
|move|p1a: Polteageist|Shadow Ball|p2a: Ceruledge
|-supereffective|p2a: Ceruledge
|-enditem|p2a: Ceruledge|Focus Sash
|-damage|p2a: Ceruledge|1/100
|move|p2a: Ceruledge|Bitter Blade|p1a: Polteageist
|-damage|p1a: Polteageist|0 fnt
|-heal|p2a: Ceruledge|19/100|[from] drain|[of] p1a: Polteageist
|-start|p2a: Ceruledge|Disable|Bitter Blade|[from] ability: Cursed Body|[of] p1a: Polteageist
|faint|p1a: Polteageist
|
|upkeep
|
|t:|1769447723
|switch|p1a: Great Tusk|Great Tusk|100/100
|turn|17
|
|t:|1769447730
|move|p1a: Great Tusk|Headlong Rush|p2a: Ceruledge
|-supereffective|p2a: Ceruledge
|-damage|p2a: Ceruledge|0 fnt
|-unboost|p1a: Great Tusk|def|1
|-unboost|p1a: Great Tusk|spd|1
|faint|p2a: Ceruledge
|
|upkeep
|
|t:|1769447737
|switch|p2a: Ninetales|Ninetales-Alola, F|30/100
|-weather|Snowscape|[from] ability: Snow Warning|[of] p2a: Ninetales
|turn|18
|
|t:|1769447742
|move|p2a: Ninetales|Aurora Veil|p2a: Ninetales
|-sidestart|p2: ilikeplayingroblox|move: Aurora Veil
|move|p1a: Great Tusk|Close Combat|p2a: Ninetales
|-damage|p2a: Ninetales|0 fnt
|-unboost|p1a: Great Tusk|def|1
|-unboost|p1a: Great Tusk|spd|1
|faint|p2a: Ninetales
|
|-weather|Snowscape|[upkeep]
|upkeep
|
|t:|1769447745
|switch|p2a: Cinderace|Cinderace, M|52/100
|turn|19
|
|t:|1769447754
|-end|p1a: Great Tusk|Protosynthesis|[silent]
|switch|p1a: Kingambit|Kingambit, F|11/100
|-activate|p1a: Kingambit|ability: Supreme Overlord
|-start|p1a: Kingambit|fallen3|[silent]
|move|p2a: Cinderace|Will-O-Wisp|p1a: Kingambit
|-status|p1a: Kingambit|brn
|
|-weather|Snowscape|[upkeep]
|-damage|p1a: Kingambit|5/100 brn|[from] brn
|upkeep
|turn|20
|
|t:|1769447763
|move|p1a: Kingambit|Sucker Punch|p2a: Cinderace
|-damage|p2a: Cinderace|30/100
|move|p2a: Cinderace|Pyro Ball|p1a: Kingambit
|-supereffective|p1a: Kingambit
|-damage|p1a: Kingambit|0 fnt
|faint|p1a: Kingambit
|-end|p1a: Kingambit|fallen3|[silent]
|
|-weather|Snowscape|[upkeep]
|upkeep
|
|t:|1769447773
|switch|p1a: Indeedee|Indeedee, M|100/100
|-fieldstart|move: Psychic Terrain|[from] ability: Psychic Surge|[of] p1a: Indeedee
|turn|21
|
|t:|1769447777
|move|p1a: Indeedee|Expanding Force|p2a: Cinderace
|-damage|p2a: Cinderace|0 fnt
|faint|p2a: Cinderace
|
|-weather|Snowscape|[upkeep]
|upkeep
|
|t:|1769447779
|switch|p2a: Kingambit|Kingambit, F|86/100
|-activate|p2a: Kingambit|ability: Supreme Overlord
|-start|p2a: Kingambit|fallen5|[silent]
|turn|22
|
|t:|1769447793
|switch|p1a: Great Tusk|Great Tusk|100/100
|move|p2a: Kingambit|Swords Dance|p2a: Kingambit
|-boost|p2a: Kingambit|atk|2
|
|-weather|none
|upkeep
|turn|23
|
|t:|1769447799
|move|p1a: Great Tusk|Close Combat|p2a: Kingambit
|-supereffective|p2a: Kingambit
|-damage|p2a: Kingambit|0 fnt
|-unboost|p1a: Great Tusk|def|1
|-unboost|p1a: Great Tusk|spd|1
|faint|p2a: Kingambit
|-end|p2a: Kingambit|fallen5|[silent]
|
|win|apexacer
|raw|apexacer's rating: 1686 &rarr; <strong>1709</strong><br />(+23 for winning)
|raw|ilikeplayingroblox's rating: 1747 &rarr; <strong>1724</strong><br />(-23 for losing)
|l|☆ilikeplayingroblox
|player|p2|
|l| Vessev
|l|☆apexacer
|player|p1|
