|j|☆R2ECM
|j|☆Smol_4
|t:|1769377980
|gametype|singles
|player|p1|R2ECM|rocketgrunt|
|player|p2|Smol_4|170|
|gen|9
|tier|[Gen 9] OU
|rule|HP Percentage Mod: HP is shown in percentages
|rule|Endless Battle Clause: Forcing endless battles is banned
|rule|Species Clause: Limit one of each Pokémon
|rule|OHKO Clause: OHKO moves are banned
|rule|Evasion Items Clause: Evasion items are banned
|rule|Evasion Moves Clause: Evasion moves are banned
|rule|Evasion Abilities Clause: Evasion abilities are banned
|rule|Sleep Moves Clause: Sleep-inducing moves are banned
|clearpoke
|poke|p1|Pelipper, F|
|poke|p1|Iron Treads|
|poke|p1|Hatterene, F|
|poke|p1|Toxicroak, M|
|poke|p1|Barraskewda, F|
|poke|p1|Talonflame, F|
|poke|p2|Gholdengo|
|poke|p2|Samurott-Hisui, M|
|poke|p2|Glimmora, M|
|poke|p2|Zamazenta-*|
|poke|p2|Gliscor, M|
|poke|p2|Heatran, F|
|teampreview
|
|t:|1769377996
|teamsize|p1|6
|teamsize|p2|6
|start
|switch|p1a: the calm|Pelipper, F|100/100
|switch|p2a: Glimmora|Glimmora, M|100/100
|-weather|RainDance|[from] ability: Drizzle|[of] p1a: the calm
|turn|1
|
|t:|1769378020
|move|p2a: Glimmora|Power Gem|p1a: the calm
|-supereffective|p1a: the calm
|-damage|p1a: the calm|15/100
|move|p1a: the calm|U-turn|p2a: Glimmora
|-resisted|p2a: Glimmora
|-damage|p2a: Glimmora|95/100
|-activate|p2a: Glimmora|ability: Toxic Debris
|-sidestart|p1: R2ECM|move: Toxic Spikes
|
|t:|1769378027
|switch|p1a: grey sambas|Iron Treads|100/100|[from] U-turn
|
|-weather|RainDance|[upkeep]
|upkeep
|turn|2
|
|t:|1769378033
|switch|p2a: Gholdengo|Gholdengo|100/100
|-item|p2a: Gholdengo|Air Balloon
|move|p1a: grey sambas|Stealth Rock|p2a: Gholdengo
|-sidestart|p2: Smol_4|move: Stealth Rock
|
|-weather|RainDance|[upkeep]
|upkeep
|turn|3
|
|t:|1769378041
|move|p1a: grey sambas|Rapid Spin|p2a: Gholdengo
|-immune|p2a: Gholdengo
|move|p2a: Gholdengo|Shadow Ball|p1a: grey sambas
|-damage|p1a: grey sambas|64/100
|-unboost|p1a: grey sambas|spd|1
|
|-weather|RainDance|[upkeep]
|-heal|p1a: grey sambas|70/100|[from] item: Leftovers
|upkeep
|turn|4
|
|t:|1769378075
|switch|p2a: Gliscor|Gliscor, M|100/100
|-damage|p2a: Gliscor|88/100|[from] Stealth Rock
|move|p1a: grey sambas|Volt Switch|p2a: Gliscor
|-immune|p2a: Gliscor
|
|-weather|RainDance|[upkeep]
|-heal|p1a: grey sambas|76/100|[from] item: Leftovers
|-status|p2a: Gliscor|tox|[from] item: Toxic Orb
|upkeep
|turn|5
|
|t:|1769378093
|-end|p1a: grey sambas|Quark Drive|[silent]
|switch|p1a: shish-kebab|Barraskewda, F|100/100
|-status|p1a: shish-kebab|psn
|move|p2a: Gliscor|Knock Off|p1a: shish-kebab
|-damage|p1a: shish-kebab|62/100 psn
|-enditem|p1a: shish-kebab|Choice Band|[from] move: Knock Off|[of] p2a: Gliscor
|
|-weather|RainDance|[upkeep]
|-damage|p1a: shish-kebab|50/100 psn|[from] psn
|-damage|p2a: Gliscor|82/100 tox|[from] psn
|upkeep
|turn|6
|
|t:|1769378110
|switch|p2a: Zamazenta|Zamazenta|100/100
|-damage|p2a: Zamazenta|94/100|[from] Stealth Rock
|-ability|p2a: Zamazenta|Dauntless Shield|boost
|-boost|p2a: Zamazenta|def|1
|move|p1a: shish-kebab|Liquidation|p2a: Zamazenta
|-damage|p2a: Zamazenta|61/100
|
|-weather|RainDance|[upkeep]
|-heal|p2a: Zamazenta|67/100|[from] item: Leftovers
|-damage|p1a: shish-kebab|38/100 psn|[from] psn
|upkeep
|turn|7
|
|t:|1769378134
|move|p1a: shish-kebab|Aqua Jet|p2a: Zamazenta
|-damage|p2a: Zamazenta|49/100
|move|p2a: Zamazenta|Body Press|p1a: shish-kebab
|-damage|p1a: shish-kebab|0 fnt
|faint|p1a: shish-kebab
|
|-weather|RainDance|[upkeep]
|-heal|p2a: Zamazenta|55/100|[from] item: Leftovers
|upkeep
|
|t:|1769378144
|switch|p1a: falontlame|Talonflame, F|100/100
|turn|8
|
|t:|1769378150
|switch|p2a: Gliscor|Gliscor, M|82/100 tox
|-damage|p2a: Gliscor|69/100 tox|[from] Stealth Rock
|move|p1a: falontlame|Hurricane|p2a: Gliscor
|-damage|p2a: Gliscor|0 fnt
|faint|p2a: Gliscor
|
|-weather|none
|upkeep
|
|t:|1769378172
|switch|p2a: Heatran|Heatran, F|100/100
|-damage|p2a: Heatran|88/100|[from] Stealth Rock
|turn|9
|
|t:|1769378194
|switch|p1a: yung croak|Toxicroak, M|100/100
|-sideend|p1: R2ECM|move: Toxic Spikes|[of] p1a: yung croak
|move|p2a: Heatran|Magma Storm|p1a: yung croak|[miss]
|-miss|p2a: Heatran|p1a: yung croak
|
|-heal|p2a: Heatran|94/100|[from] item: Leftovers
|upkeep
|turn|10
|
|t:|1769378208
|move|p1a: yung croak|Knock Off|p2a: Heatran
|-damage|p2a: Heatran|75/100
|-enditem|p2a: Heatran|Leftovers|[from] move: Knock Off|[of] p1a: yung croak
|move|p2a: Heatran|Earth Power|p1a: yung croak
|-supereffective|p1a: yung croak
|-damage|p1a: yung croak|33/100
|
|upkeep
|turn|11
|
|t:|1769378220
|-terastallize|p1a: yung croak|Flying
|move|p1a: yung croak|Drain Punch|p2a: Heatran
|-supereffective|p2a: Heatran
|-damage|p2a: Heatran|28/100
|-heal|p1a: yung croak|58/100|[from] drain|[of] p2a: Heatran
|move|p2a: Heatran|Magma Storm|p1a: yung croak
|-damage|p1a: yung croak|0 fnt
|faint|p1a: yung croak
|
|upkeep
|
|t:|1769378236
|switch|p1a: im out|Hatterene, F|100/100
|turn|12
|
|t:|1769378249
|move|p2a: Heatran|Taunt|p1a: im out
|move|p1a: im out|Taunt|p2a: Heatran|[from] ability: Magic Bounce
|-start|p2a: Heatran|move: Taunt
|move|p1a: im out|Draining Kiss|p2a: Heatran
|-resisted|p2a: Heatran
|-damage|p2a: Heatran|25/100
|
|upkeep
|turn|13
|
|t:|1769378272
|switch|p2a: Glimmora|Glimmora, M|95/100
|-damage|p2a: Glimmora|83/100|[from] Stealth Rock
|move|p1a: im out|Psychic Noise|p2a: Glimmora
|-supereffective|p2a: Glimmora
|-damage|p2a: Glimmora|0 fnt
|faint|p2a: Glimmora
|
|upkeep
|
|t:|1769378288
|switch|p2a: Gholdengo|Gholdengo|100/100
|-damage|p2a: Gholdengo|94/100|[from] Stealth Rock
|-item|p2a: Gholdengo|Air Balloon
|turn|14
|
|t:|1769378300
|move|p2a: Gholdengo|Nasty Plot|p2a: Gholdengo
|-boost|p2a: Gholdengo|spa|2
|move|p1a: im out|Nuzzle|p2a: Gholdengo
|-damage|p2a: Gholdengo|91/100
|-status|p2a: Gholdengo|par
|-enditem|p2a: Gholdengo|Air Balloon
|
|upkeep
|turn|15
|
|t:|1769378311
|switch|p1a: grey sambas|Iron Treads|76/100
|move|p2a: Gholdengo|Shadow Ball|p1a: grey sambas
|-damage|p1a: grey sambas|0 fnt
|faint|p1a: grey sambas
|-end|p1a: grey sambas|Quark Drive|[silent]
|
|upkeep
|
|t:|1769378320
|switch|p1a: the calm|Pelipper, F|15/100
|-weather|RainDance|[from] ability: Drizzle|[of] p1a: the calm
|turn|16
|
|t:|1769378329
|move|p1a: the calm|Hurricane|p2a: Gholdengo
|-resisted|p2a: Gholdengo
|-damage|p2a: Gholdengo|74/100 par
|-start|p2a: Gholdengo|confusion
|-activate|p2a: Gholdengo|confusion
|move|p2a: Gholdengo|Shadow Ball|p1a: the calm
|-damage|p1a: the calm|0 fnt
|faint|p1a: the calm
|
|-weather|RainDance|[upkeep]
|upkeep
|
|t:|1769378372
|switch|p1a: falontlame|Talonflame, F|100/100
|turn|17
|
|t:|1769378376
|move|p1a: falontlame|Overheat|p2a: Gholdengo
|-supereffective|p2a: Gholdengo
|-damage|p2a: Gholdengo|2/100 par
|-unboost|p1a: falontlame|spa|2
|-end|p2a: Gholdengo|confusion
|move|p2a: Gholdengo|Make It Rain|p1a: falontlame
|-resisted|p1a: falontlame
|-damage|p1a: falontlame|0 fnt
|-unboost|p2a: Gholdengo|spa|1
|faint|p1a: falontlame
|
|-weather|RainDance|[upkeep]
|upkeep
|
|t:|1769378387
|switch|p1a: im out|Hatterene, F|100/100
|turn|18
|
|t:|1769378394
|move|p1a: im out|Psychic Noise|p2a: Gholdengo
|-resisted|p2a: Gholdengo
|-damage|p2a: Gholdengo|0 fnt
|faint|p2a: Gholdengo
|
|-weather|RainDance|[upkeep]
|upkeep
|
|t:|1769378398
|switch|p2a: Samurott|Samurott-Hisui, M|100/100
|-damage|p2a: Samurott|88/100|[from] Stealth Rock
|turn|19
|
|t:|1769378408
|move|p2a: Samurott|Flip Turn|p1a: im out
|-damage|p1a: im out|68/100
|
|t:|1769378411
|switch|p2a: Heatran|Heatran, F|25/100|[from] Flip Turn
|-damage|p2a: Heatran|12/100|[from] Stealth Rock
|move|p1a: im out|Draining Kiss|p2a: Heatran
|-resisted|p2a: Heatran
|-damage|p2a: Heatran|9/100
|-heal|p1a: im out|71/100|[from] drain|[of] p2a: Heatran
|
|-weather|RainDance|[upkeep]
|-heal|p1a: im out|77/100|[from] item: Leftovers
|upkeep
|turn|20
|
|t:|1769378425
|move|p2a: Heatran|Magma Storm|p1a: im out
|-damage|p1a: im out|56/100
|-activate|p1a: im out|move: Magma Storm|[of] p2a: Heatran
|move|p1a: im out|Psychic Noise|p2a: Heatran
|-resisted|p2a: Heatran
|-damage|p2a: Heatran|0 fnt
|faint|p2a: Heatran
|
|-weather|RainDance|[upkeep]
|-heal|p1a: im out|62/100|[from] item: Leftovers
|-end|p1a: im out|Magma Storm|[partiallytrapped]|[silent]
|upkeep
|
|t:|1769378443
|switch|p2a: Samurott|Samurott-Hisui, M|88/100
|-damage|p2a: Samurott|76/100|[from] Stealth Rock
|turn|21
|
|t:|1769378455
|-terastallize|p2a: Samurott|Dark
|move|p2a: Samurott|Ceaseless Edge|p1a: im out
|-damage|p1a: im out|27/100
|-sidestart|p1: R2ECM|Spikes
|move|p1a: im out|Draining Kiss|p2a: Samurott
|-supereffective|p2a: Samurott
|-damage|p2a: Samurott|6/100
|-heal|p1a: im out|79/100|[from] drain|[of] p2a: Samurott
|
|-weather|RainDance|[upkeep]
|-heal|p1a: im out|85/100|[from] item: Leftovers
|upkeep
|turn|22
|
|t:|1769378466
|move|p2a: Samurott|Ceaseless Edge|p1a: im out
|-damage|p1a: im out|53/100
|-sidestart|p1: R2ECM|Spikes
|move|p1a: im out|Draining Kiss|p2a: Samurott
|-supereffective|p2a: Samurott
|-damage|p2a: Samurott|0 fnt
|-heal|p1a: im out|57/100|[from] drain|[of] p2a: Samurott
|faint|p2a: Samurott
|
|-weather|RainDance|[upkeep]
|-heal|p1a: im out|63/100|[from] item: Leftovers
|upkeep
|
|t:|1769378469
|switch|p2a: Zamazenta|Zamazenta|55/100
|-damage|p2a: Zamazenta|49/100|[from] Stealth Rock
|turn|23
|
|t:|1769378485
|move|p2a: Zamazenta|Crunch|p1a: im out
|-damage|p1a: im out|43/100
|move|p1a: im out|Draining Kiss|p2a: Zamazenta
|-supereffective|p2a: Zamazenta
|-crit|p2a: Zamazenta
|-damage|p2a: Zamazenta|0 fnt
|-heal|p1a: im out|81/100|[from] drain|[of] p2a: Zamazenta
|faint|p2a: Zamazenta
|
|win|R2ECM
|l|☆Smol_4
|player|p2|
