|j|☆fiftyferalhogs
|j|☆Not A Fallacy
|t:|1769399276
|gametype|singles
|player|p1|fiftyferalhogs|pokemonbreederf-gen4|1403
|player|p2|Not A Fallacy|gardenia-masters|1354
|gen|9
|tier|[Gen 9] OU
|rated|
|rule|HP Percentage Mod: HP is shown in percentages
|rule|Endless Battle Clause: Forcing endless battles is banned
|rule|Species Clause: Limit one of each Pokémon
|rule|OHKO Clause: OHKO moves are banned
|rule|Evasion Items Clause: Evasion items are banned
|rule|Evasion Moves Clause: Evasion moves are banned
|rule|Evasion Abilities Clause: Evasion abilities are banned
|rule|Sleep Moves Clause: Sleep-inducing moves are banned
|clearpoke
|poke|p1|Great Tusk|
|poke|p1|Mabosstiff, M|
|poke|p1|Slowking-Galar, M|
|poke|p1|Dragapult, M|
|poke|p1|Iron Valiant|
|poke|p1|Alomomola, F|
|poke|p2|Deoxys-Speed|
|poke|p2|Ceruledge, M|
|poke|p2|Zamazenta-*|
|poke|p2|Ogerpon-Wellspring, F|
|poke|p2|Glimmora, M|
|poke|p2|Moltres-Galar|
|teampreview
|c|☆fiftyferalhogs|hog 37 why do i have to play against bastard screens
|
|t:|1769399303
|teamsize|p1|6
|teamsize|p2|6
|start
|switch|p1a: KeepinMaBossStiffy|Mabosstiff, M, shiny|100/100
|switch|p2a: Deoxys|Deoxys-Speed|100/100
|-ability|p2a: Deoxys|Pressure
|turn|1
|
|t:|1769399325
|move|p2a: Deoxys|Reflect|p2a: Deoxys
|-sidestart|p2: Not A Fallacy|Reflect
|move|p1a: KeepinMaBossStiffy|Crunch|p2a: Deoxys
|-supereffective|p2a: Deoxys
|-damage|p2a: Deoxys|34/100
|-unboost|p2a: Deoxys|def|1
|
|upkeep
|turn|2
|
|t:|1769399332
|switch|p2a: Glimmora|Glimmora, M|100/100
|move|p1a: KeepinMaBossStiffy|Crunch|p2a: Glimmora
|-damage|p2a: Glimmora|33/100
|-activate|p2a: Glimmora|ability: Toxic Debris
|-sidestart|p1: fiftyferalhogs|move: Toxic Spikes
|
|upkeep
|turn|3
|c|☆fiftyferalhogs|shut up
|
|t:|1769399343
|move|p2a: Glimmora|Meteor Beam||[still]
|-prepare|p2a: Glimmora|Meteor Beam
|-boost|p2a: Glimmora|spa|1
|-enditem|p2a: Glimmora|Power Herb
|-anim|p2a: Glimmora|Meteor Beam|p1a: KeepinMaBossStiffy
|-damage|p1a: KeepinMaBossStiffy|0 fnt
|faint|p1a: KeepinMaBossStiffy
|
|upkeep
|
|t:|1769399371
|switch|p1a: gnikwols|Slowking-Galar, M|100/100
|-sideend|p1: fiftyferalhogs|move: Toxic Spikes|[of] p1a: gnikwols
|turn|4
|
|t:|1769399404
|move|p2a: Glimmora|Earth Power|p1a: gnikwols
|-supereffective|p1a: gnikwols
|-damage|p1a: gnikwols|42/100
|-unboost|p1a: gnikwols|spd|1
|-prepare|p1a: gnikwols|Chilly Reception|[premajor]
|move|p1a: gnikwols|Chilly Reception|p1a: gnikwols
|-weather|Snowscape
|
|t:|1769399412
|switch|p1a: 400MM AIRBUSS|Dragapult, M|100/100|[from] Chilly Reception
|
|-weather|Snowscape|[upkeep]
|upkeep
|turn|5
|
|t:|1769399440
|move|p1a: 400MM AIRBUSS|Shadow Ball|p2a: Glimmora
|-damage|p2a: Glimmora|0 fnt
|faint|p2a: Glimmora
|
|-weather|Snowscape|[upkeep]
|upkeep
|
|t:|1769399443
|switch|p2a: Deoxys|Deoxys-Speed|34/100
|-ability|p2a: Deoxys|Pressure
|turn|6
|
|t:|1769399448
|move|p2a: Deoxys|Light Screen|p2a: Deoxys
|-sidestart|p2: Not A Fallacy|move: Light Screen
|move|p1a: 400MM AIRBUSS|Shadow Ball|p2a: Deoxys
|-supereffective|p2a: Deoxys
|-damage|p2a: Deoxys|0 fnt
|faint|p2a: Deoxys
|
|-weather|Snowscape|[upkeep]
|upkeep
|
|t:|1769399461
|switch|p2a: Moltres|Moltres-Galar|100/100
|turn|7
|
|t:|1769399470
|switch|p1a: Killer Queen|Iron Valiant, shiny|100/100
|-enditem|p1a: Killer Queen|Booster Energy
|-activate|p1a: Killer Queen|ability: Quark Drive|[fromitem]
|-start|p1a: Killer Queen|quarkdrivespe
|move|p2a: Moltres|Agility|p2a: Moltres
|-boost|p2a: Moltres|spe|2
|
|-weather|Snowscape|[upkeep]
|upkeep
|turn|8
|
|t:|1769399564
|-terastallize|p2a: Moltres|Fairy
|move|p2a: Moltres|Tera Blast|p1a: Killer Queen|[anim] Tera Blast Fairy
|-supereffective|p1a: Killer Queen
|-damage|p1a: Killer Queen|0 fnt
|faint|p1a: Killer Queen
|-end|p1a: Killer Queen|Quark Drive|[silent]
|
|-weather|none
|-sideend|p2: Not A Fallacy|Reflect
|upkeep
|
|t:|1769399577
|switch|p1a: Reginald|Alomomola, F|100/100
|turn|9
|
|t:|1769399593
|move|p2a: Moltres|Nasty Plot|p2a: Moltres
|-boost|p2a: Moltres|spa|2
|move|p1a: Reginald|Body Slam|p2a: Moltres
|-damage|p2a: Moltres|83/100
|
|upkeep
|turn|10
|
|t:|1769399602
|move|p2a: Moltres|Fiery Wrath|p1a: Reginald
|-damage|p1a: Reginald|52/100
|move|p1a: Reginald|Body Slam|p2a: Moltres
|-damage|p2a: Moltres|66/100
|
|upkeep
|turn|11
|
|t:|1769399613
|move|p2a: Moltres|Fiery Wrath|p1a: Reginald
|-damage|p1a: Reginald|3/100
|move|p1a: Reginald|Mirror Coat|p2a: Moltres
|-damage|p2a: Moltres|0 fnt
|faint|p2a: Moltres
|
|upkeep
|
|t:|1769399626
|switch|p2a: Ogerpon|Ogerpon-Wellspring, F|100/100
|turn|12
|
|t:|1769399631
|move|p2a: Ogerpon|Swords Dance|p2a: Ogerpon
|-boost|p2a: Ogerpon|atk|2
|move|p1a: Reginald|Body Slam|p2a: Ogerpon
|-damage|p2a: Ogerpon|79/100
|
|upkeep
|turn|13
|
|t:|1769399639
|move|p2a: Ogerpon|Ivy Cudgel|p1a: Reginald|[anim] Ivy Cudgel Water
|-resisted|p1a: Reginald
|-damage|p1a: Reginald|0 fnt
|faint|p1a: Reginald
|
|-sideend|p2: Not A Fallacy|move: Light Screen
|upkeep
|
|t:|1769399678
|switch|p1a: 400MM AIRBUSS|Dragapult, M|100/100
|turn|14
|
|t:|1769399687
|move|p1a: 400MM AIRBUSS|Draco Meteor|p2a: Ogerpon
|-damage|p2a: Ogerpon|0 fnt
|-unboost|p1a: 400MM AIRBUSS|spa|2
|faint|p2a: Ogerpon
|
|upkeep
|
|t:|1769399690
|switch|p2a: Ceruledge|Ceruledge, M|100/100
|turn|15
|
|t:|1769399729
|switch|p1a: Brilliant Behemoth|Great Tusk|100/100
|-enditem|p1a: Brilliant Behemoth|Booster Energy
|-activate|p1a: Brilliant Behemoth|ability: Protosynthesis|[fromitem]
|-start|p1a: Brilliant Behemoth|protosynthesisspe
|move|p2a: Ceruledge|Bitter Blade|p1a: Brilliant Behemoth
|-damage|p1a: Brilliant Behemoth|60/100
|-damage|p2a: Ceruledge|91/100|[from] item: Life Orb
|
|upkeep
|turn|16
|
|t:|1769399754
|switch|p2a: Zamazenta|Zamazenta|100/100
|-ability|p2a: Zamazenta|Dauntless Shield|boost
|-boost|p2a: Zamazenta|def|1
|move|p1a: Brilliant Behemoth|Headlong Rush|p2a: Zamazenta
|-damage|p2a: Zamazenta|74/100
|-unboost|p1a: Brilliant Behemoth|def|1
|-unboost|p1a: Brilliant Behemoth|spd|1
|
|-heal|p2a: Zamazenta|80/100|[from] item: Leftovers
|upkeep
|turn|17
|
|t:|1769399788
|move|p1a: Brilliant Behemoth|Bulk Up|p1a: Brilliant Behemoth
|-boost|p1a: Brilliant Behemoth|atk|1
|-boost|p1a: Brilliant Behemoth|def|1
|move|p2a: Zamazenta|Body Press|p1a: Brilliant Behemoth
|-crit|p1a: Brilliant Behemoth
|-damage|p1a: Brilliant Behemoth|8/100
|
|-heal|p2a: Zamazenta|86/100|[from] item: Leftovers
|upkeep
|turn|18
|j| Hot dry noodles
|
|t:|1769399794
|move|p1a: Brilliant Behemoth|Headlong Rush|p2a: Zamazenta
|-damage|p2a: Zamazenta|48/100
|-unboost|p1a: Brilliant Behemoth|def|1
|-unboost|p1a: Brilliant Behemoth|spd|1
|move|p2a: Zamazenta|Roar|p1a: Brilliant Behemoth
|-end|p1a: Brilliant Behemoth|Protosynthesis|[silent]
|drag|p1a: gnikwols|Slowking-Galar, M|75/100
|
|-heal|p2a: Zamazenta|54/100|[from] item: Leftovers
|upkeep
|turn|19
|l| Hot dry noodles
|
|t:|1769399817
|switch|p2a: Ceruledge|Ceruledge, M|91/100
|move|p1a: gnikwols|Thunder Wave|p2a: Ceruledge
|-status|p2a: Ceruledge|par
|
|upkeep
|turn|20
|
|t:|1769399827
|-terastallize|p1a: gnikwols|Water
|move|p2a: Ceruledge|Swords Dance|p2a: Ceruledge
|-boost|p2a: Ceruledge|atk|2
|move|p1a: gnikwols|Future Sight|p2a: Ceruledge
|-start|p1a: gnikwols|move: Future Sight
|
|upkeep
|turn|21
|
|t:|1769399839
|cant|p2a: Ceruledge|par
|move|p1a: gnikwols|Sludge Bomb|p2a: Ceruledge
|-resisted|p2a: Ceruledge
|-damage|p2a: Ceruledge|73/100 par
|
|upkeep
|turn|22
|
|t:|1769399856
|switch|p1a: Brilliant Behemoth|Great Tusk|8/100
|move|p2a: Ceruledge|Poltergeist||[still]
|-fail|p2a: Ceruledge
|
|-end|p2a: Ceruledge|move: Future Sight
|-damage|p2a: Ceruledge|23/100 par
|upkeep
|turn|23
|
|t:|1769399876
|move|p2a: Ceruledge|Shadow Sneak|p1a: Brilliant Behemoth
|-damage|p1a: Brilliant Behemoth|0 fnt
|faint|p1a: Brilliant Behemoth
|-end|p1a: Brilliant Behemoth|Protosynthesis|[silent]
|-damage|p2a: Ceruledge|13/100 par|[from] item: Life Orb
|
|upkeep
|
|t:|1769399880
|switch|p1a: gnikwols|Slowking-Galar, M, tera:Water|100/100
|turn|24
|
|t:|1769399894
|move|p2a: Ceruledge|Poltergeist|p1a: gnikwols
|-activate|p1a: gnikwols|move: Poltergeist|Heavy-Duty Boots
|-damage|p1a: gnikwols|0 fnt
|faint|p1a: gnikwols
|-damage|p2a: Ceruledge|4/100 par|[from] item: Life Orb
|
|upkeep
|
|t:|1769399897
|switch|p1a: 400MM AIRBUSS|Dragapult, M|100/100
|turn|25
|
|t:|1769399899
|move|p2a: Ceruledge|Shadow Sneak|p1a: 400MM AIRBUSS
|-supereffective|p1a: 400MM AIRBUSS
|-damage|p1a: 400MM AIRBUSS|0 fnt
|faint|p1a: 400MM AIRBUSS
|-damage|p2a: Ceruledge|0 fnt|[from] item: Life Orb
|faint|p2a: Ceruledge
|
|win|Not A Fallacy
|raw|fiftyferalhogs's rating: 1403 &rarr; <strong>1380</strong><br />(-23 for losing)
|raw|Not A Fallacy's rating: 1354 &rarr; <strong>1377</strong><br />(+23 for winning)
|l|☆fiftyferalhogs
|player|p1|
