|j|☆Mik22
|j|☆jsxlllll
|t:|1769404632
|gametype|singles
|player|p1|Mik22|265|1425
|player|p2|jsxlllll|102|1482
|gen|9
|tier|[Gen 9] OU
|rated|
|rule|HP Percentage Mod: HP is shown in percentages
|rule|Endless Battle Clause: Forcing endless battles is banned
|rule|Species Clause: Limit one of each Pokémon
|rule|OHKO Clause: OHKO moves are banned
|rule|Evasion Items Clause: Evasion items are banned
|rule|Evasion Moves Clause: Evasion moves are banned
|rule|Evasion Abilities Clause: Evasion abilities are banned
|rule|Sleep Moves Clause: Sleep-inducing moves are banned
|clearpoke
|poke|p1|Kingambit, M|
|poke|p1|Pelipper, F|
|poke|p1|Kingdra, M|
|poke|p1|Iron Hands|
|poke|p1|Ogerpon-Wellspring, F|
|poke|p1|Hoopa-Unbound|
|poke|p2|Sandy Shocks|
|poke|p2|Scizor, F|
|poke|p2|Manaphy|
|poke|p2|Latios, M|
|poke|p2|Ogerpon, F|
|poke|p2|Iron Jugulis|
|teampreview
|inactive|Battle timer is ON: inactive players will automatically lose when time's up. (requested by Mik22)
|
|t:|1769404645
|teamsize|p1|6
|teamsize|p2|6
|start
|switch|p1a: Pelipper|Pelipper, F|100/100
|switch|p2a: Sandy Shocks|Sandy Shocks|100/100
|-weather|RainDance|[from] ability: Drizzle|[of] p1a: Pelipper
|-enditem|p2a: Sandy Shocks|Booster Energy
|-activate|p2a: Sandy Shocks|ability: Protosynthesis|[fromitem]
|-start|p2a: Sandy Shocks|protosynthesisspe
|turn|1
|
|t:|1769404655
|switch|p1a: Hoopa|Hoopa-Unbound|100/100
|move|p2a: Sandy Shocks|Stealth Rock|p1a: Hoopa
|-sidestart|p1: Mik22|move: Stealth Rock
|
|-weather|RainDance|[upkeep]
|upkeep
|turn|2
|
|t:|1769404659
|move|p2a: Sandy Shocks|Spikes|p1a: Hoopa
|-sidestart|p1: Mik22|Spikes
|move|p1a: Hoopa|Psychic Noise|p2a: Sandy Shocks
|-crit|p2a: Sandy Shocks
|-damage|p2a: Sandy Shocks|16/100
|-start|p2a: Sandy Shocks|move: Heal Block
|
|-weather|RainDance|[upkeep]
|upkeep
|turn|3
|
|t:|1769404668
|move|p2a: Sandy Shocks|Spikes|p1a: Hoopa
|-sidestart|p1: Mik22|Spikes
|move|p1a: Hoopa|Drain Punch|p2a: Sandy Shocks
|-damage|p2a: Sandy Shocks|0 fnt
|faint|p2a: Sandy Shocks
|-end|p2a: Sandy Shocks|Protosynthesis|[silent]
|
|-weather|RainDance|[upkeep]
|upkeep
|
|t:|1769404679
|switch|p2a: Scizor|Scizor, F|100/100
|turn|4
|
|t:|1769404693
|switch|p1a: Iron Hands|Iron Hands|100/100
|-damage|p1a: Iron Hands|94/100|[from] Stealth Rock
|-damage|p1a: Iron Hands|78/100|[from] Spikes
|move|p2a: Scizor|Swords Dance|p2a: Scizor
|-boost|p2a: Scizor|atk|2
|
|-weather|RainDance|[upkeep]
|upkeep
|turn|5
|
|t:|1769404705
|move|p2a: Scizor|Swords Dance|p2a: Scizor
|-boost|p2a: Scizor|atk|2
|move|p1a: Iron Hands|Drain Punch|p2a: Scizor
|-damage|p2a: Scizor|53/100
|-heal|p1a: Iron Hands|94/100|[from] drain|[of] p2a: Scizor
|
|-weather|RainDance|[upkeep]
|upkeep
|turn|6
|
|t:|1769404712
|move|p2a: Scizor|Close Combat|p1a: Iron Hands
|-damage|p1a: Iron Hands|11/100
|-unboost|p2a: Scizor|def|1
|-unboost|p2a: Scizor|spd|1
|move|p1a: Iron Hands|Drain Punch|p2a: Scizor
|-crit|p2a: Scizor
|-damage|p2a: Scizor|0 fnt
|-heal|p1a: Iron Hands|29/100|[from] drain|[of] p2a: Scizor
|faint|p2a: Scizor
|
|-weather|RainDance|[upkeep]
|upkeep
|
|t:|1769404721
|switch|p2a: Latios|Latios, M|100/100
|turn|7
|
|t:|1769404726
|move|p2a: Latios|Agility|p2a: Latios
|-boost|p2a: Latios|spe|2
|move|p1a: Iron Hands|Ice Punch|p2a: Latios
|-supereffective|p2a: Latios
|-damage|p2a: Latios|46/100
|-enditem|p2a: Latios|Weakness Policy
|-boost|p2a: Latios|atk|2|[from] item: Weakness Policy
|-boost|p2a: Latios|spa|2|[from] item: Weakness Policy
|
|-weather|RainDance|[upkeep]
|upkeep
|turn|8
|
|t:|1769404733
|move|p2a: Latios|Stored Power|p1a: Iron Hands
|-supereffective|p1a: Iron Hands
|-damage|p1a: Iron Hands|0 fnt
|faint|p1a: Iron Hands
|-end|p1a: Iron Hands|Quark Drive|[silent]
|
|-weather|none
|upkeep
|
|t:|1769404736
|switch|p1a: Hoopa|Hoopa-Unbound|100/100
|-damage|p1a: Hoopa|88/100|[from] Stealth Rock
|-damage|p1a: Hoopa|72/100|[from] Spikes
|turn|9
|
|t:|1769404741
|-terastallize|p2a: Latios|Fighting
|move|p2a: Latios|Aura Sphere|p1a: Hoopa
|-damage|p1a: Hoopa|33/100
|move|p1a: Hoopa|Thunderbolt|p2a: Latios
|-damage|p2a: Latios|13/100
|-status|p2a: Latios|par
|
|upkeep
|turn|10
|
|t:|1769404748
|cant|p2a: Latios|par
|move|p1a: Hoopa|Psychic Noise|p2a: Latios
|-supereffective|p2a: Latios
|-damage|p2a: Latios|0 fnt
|faint|p2a: Latios
|
|upkeep
|
|t:|1769404755
|switch|p2a: Ogerpon|Ogerpon, F|100/100
|turn|11
|
|t:|1769404760
|move|p2a: Ogerpon|Swords Dance|p2a: Ogerpon
|-boost|p2a: Ogerpon|atk|2
|move|p1a: Hoopa|Gunk Shot|p2a: Ogerpon
|-supereffective|p2a: Ogerpon
|-crit|p2a: Ogerpon
|-damage|p2a: Ogerpon|0 fnt
|faint|p2a: Ogerpon
|
|upkeep
|-message|jsxlllll forfeited.
|
|win|Mik22
|raw|Mik22's rating: 1425 &rarr; <strong>1448</strong><br />(+23 for winning)
|raw|jsxlllll's rating: 1482 &rarr; <strong>1459</strong><br />(-23 for losing)
|l|☆jsxlllll
|player|p2|
|l|☆Mik22
|player|p1|
