|j|☆okbuddychingling
|j|☆frmojifrmoji
|t:|1769319914
|gametype|singles
|player|p1|okbuddychingling|gambler|1527
|player|p2|frmojifrmoji|klara|1487
|gen|9
|tier|[Gen 9] OU
|rated|
|rule|HP Percentage Mod: HP is shown in percentages
|rule|Endless Battle Clause: Forcing endless battles is banned
|rule|Species Clause: Limit one of each Pokémon
|rule|OHKO Clause: OHKO moves are banned
|rule|Evasion Items Clause: Evasion items are banned
|rule|Evasion Moves Clause: Evasion moves are banned
|rule|Evasion Abilities Clause: Evasion abilities are banned
|rule|Sleep Moves Clause: Sleep-inducing moves are banned
|clearpoke
|poke|p1|Iron Crown|
|poke|p1|Zamazenta-*|
|poke|p1|Great Tusk|
|poke|p1|Kingambit, F|
|poke|p1|Enamorus, F|
|poke|p1|Ogerpon-Wellspring, F|
|poke|p2|Thundurus-Therian, M|
|poke|p2|Meowscarada, M|
|poke|p2|Hatterene, F|
|poke|p2|Great Tusk|
|poke|p2|Toxapex, F|
|poke|p2|Slither Wing|
|teampreview
|inactive|Battle timer is ON: inactive players will automatically lose when time's up. (requested by okbuddychingling)
|
|t:|1769319927
|teamsize|p1|6
|teamsize|p2|6
|start
|switch|p1a: Lord of the Flies|Zamazenta|100/100
|switch|p2a: Meowscarada|Meowscarada, M|100/100
|-ability|p1a: Lord of the Flies|Dauntless Shield|boost
|-boost|p1a: Lord of the Flies|def|1
|turn|1
|
|t:|1769319932
|move|p2a: Meowscarada|U-turn|p1a: Lord of the Flies
|-start|p2a: Meowscarada|typechange|Bug|[from] ability: Protean
|-resisted|p1a: Lord of the Flies
|-damage|p1a: Lord of the Flies|92/100
|
|t:|1769319938
|switch|p2a: Hatterene|Hatterene, F|100/100|[from] U-turn
|move|p1a: Lord of the Flies|Reflect|p1a: Lord of the Flies
|-sidestart|p1: okbuddychingling|Reflect
|
|upkeep
|turn|2
|
|t:|1769319942
|move|p1a: Lord of the Flies|Light Screen|p1a: Lord of the Flies
|-sidestart|p1: okbuddychingling|move: Light Screen
|move|p2a: Hatterene|Nuzzle|p1a: Lord of the Flies
|-damage|p1a: Lord of the Flies|91/100
|-status|p1a: Lord of the Flies|par
|
|upkeep
|turn|3
|
|t:|1769319951
|switch|p1a: Curb Stomp|Great Tusk|100/100
|-enditem|p1a: Curb Stomp|Booster Energy
|-activate|p1a: Curb Stomp|ability: Protosynthesis|[fromitem]
|-start|p1a: Curb Stomp|protosynthesisatk
|move|p2a: Hatterene|Nuzzle|p1a: Curb Stomp
|-immune|p1a: Curb Stomp
|
|upkeep
|turn|4
|
|t:|1769319961
|move|p1a: Curb Stomp|Bulk Up|p1a: Curb Stomp
|-boost|p1a: Curb Stomp|atk|1
|-boost|p1a: Curb Stomp|def|1
|move|p2a: Hatterene|Draining Kiss|p1a: Curb Stomp
|-supereffective|p1a: Curb Stomp
|-damage|p1a: Curb Stomp|70/100
|
|upkeep
|turn|5
|
|t:|1769319967
|move|p1a: Curb Stomp|Rapid Spin|p2a: Hatterene
|-damage|p2a: Hatterene|73/100
|-boost|p1a: Curb Stomp|spe|1
|move|p2a: Hatterene|Draining Kiss|p1a: Curb Stomp
|-supereffective|p1a: Curb Stomp
|-damage|p1a: Curb Stomp|38/100
|-heal|p2a: Hatterene|100/100|[from] drain|[of] p1a: Curb Stomp
|
|upkeep
|turn|6
|
|t:|1769319976
|move|p1a: Curb Stomp|Rapid Spin|p2a: Hatterene
|-damage|p2a: Hatterene|74/100
|-boost|p1a: Curb Stomp|spe|1
|move|p2a: Hatterene|Psychic Noise|p1a: Curb Stomp
|-supereffective|p1a: Curb Stomp
|-damage|p1a: Curb Stomp|0 fnt
|faint|p1a: Curb Stomp
|-end|p1a: Curb Stomp|Protosynthesis|[silent]
|
|-heal|p2a: Hatterene|80/100|[from] item: Leftovers
|upkeep
|
|t:|1769319982
|switch|p1a: The Haunted Mask|Ogerpon-Wellspring, F|100/100
|turn|7
|
|t:|1769319993
|-terastallize|p1a: The Haunted Mask|Water
|detailschange|p1a: The Haunted Mask|Ogerpon-Wellspring-Tera, F, tera:Water
|-ability|p1a: The Haunted Mask|Embody Aspect (Wellspring)|boost
|-boost|p1a: The Haunted Mask|spd|1
|move|p1a: The Haunted Mask|Ivy Cudgel|p2a: Hatterene|[anim] Ivy Cudgel Water
|-damage|p2a: Hatterene|12/100
|move|p2a: Hatterene|Nuzzle|p1a: The Haunted Mask
|-supereffective|p1a: The Haunted Mask
|-damage|p1a: The Haunted Mask|96/100
|-status|p1a: The Haunted Mask|par
|
|-heal|p2a: Hatterene|18/100|[from] item: Leftovers
|upkeep
|turn|8
|
|t:|1769320004
|switch|p2a: Toxapex|Toxapex, F|100/100
|cant|p1a: The Haunted Mask|par
|
|-sideend|p1: okbuddychingling|Reflect
|upkeep
|turn|9
|
|t:|1769320012
|move|p1a: The Haunted Mask|Swords Dance|p1a: The Haunted Mask
|-boost|p1a: The Haunted Mask|atk|2
|move|p2a: Toxapex|Infestation|p1a: The Haunted Mask
|-damage|p1a: The Haunted Mask|94/100 par
|-activate|p1a: The Haunted Mask|move: Infestation|[of] p2a: Toxapex
|
|-damage|p1a: The Haunted Mask|82/100 par|[from] move: Infestation|[partiallytrapped]
|-sideend|p1: okbuddychingling|move: Light Screen
|upkeep
|turn|10
|
|t:|1769320017
|move|p1a: The Haunted Mask|Power Whip|p2a: Toxapex
|-damage|p2a: Toxapex|0 fnt
|faint|p2a: Toxapex
|
|-end|p1a: The Haunted Mask|Infestation|[partiallytrapped]|[silent]
|upkeep
|
|t:|1769320023
|switch|p2a: Thundurus|Thundurus-Therian, M|100/100
|turn|11
|
|t:|1769320028
|switch|p1a: Queengambit|Kingambit, F|100/100
|-activate|p1a: Queengambit|ability: Supreme Overlord
|-start|p1a: Queengambit|fallen1|[silent]
|move|p2a: Thundurus|Volt Switch|p1a: Queengambit
|-damage|p1a: Queengambit|36/100
|
|t:|1769320031
|switch|p2a: Slither Wing|Slither Wing|100/100|[from] Volt Switch
|
|upkeep
|turn|12
|
|t:|1769320035
|move|p2a: Slither Wing|First Impression|p1a: Queengambit
|-crit|p1a: Queengambit
|-damage|p1a: Queengambit|0 fnt
|faint|p1a: Queengambit
|-end|p1a: Queengambit|fallen1|[silent]
|
|upkeep
|
|t:|1769320041
|switch|p1a: Lord of the Flies|Zamazenta|91/100 par
|turn|13
|
|t:|1769320045
|move|p2a: Slither Wing|U-turn|p1a: Lord of the Flies
|-resisted|p1a: Lord of the Flies
|-damage|p1a: Lord of the Flies|76/100 par
|
|t:|1769320050
|-end|p2a: Slither Wing|Protosynthesis|[silent]
|switch|p2a: Thundurus|Thundurus-Therian, M|100/100|[from] U-turn
|move|p1a: Lord of the Flies|Reflect|p1a: Lord of the Flies
|-sidestart|p1: okbuddychingling|Reflect
|
|upkeep
|turn|14
|
|t:|1769320056
|move|p2a: Thundurus|Volt Switch|p1a: Lord of the Flies
|-damage|p1a: Lord of the Flies|16/100 par
|
|t:|1769320065
|switch|p2a: Slither Wing|Slither Wing|100/100|[from] Volt Switch
|cant|p1a: Lord of the Flies|par
|
|upkeep
|turn|15
|
|t:|1769320071
|move|p2a: Slither Wing|Close Combat|p1a: Lord of the Flies
|-damage|p1a: Lord of the Flies|0 fnt
|-unboost|p2a: Slither Wing|def|1
|-unboost|p2a: Slither Wing|spd|1
|faint|p1a: Lord of the Flies
|
|upkeep
|
|t:|1769320080
|switch|p1a: Goldwing|Iron Crown|100/100
|-enditem|p1a: Goldwing|Booster Energy
|-activate|p1a: Goldwing|ability: Quark Drive|[fromitem]
|-start|p1a: Goldwing|quarkdrivespa
|turn|16
|
|t:|1769320087
|-end|p2a: Slither Wing|Protosynthesis|[silent]
|switch|p2a: Hatterene|Hatterene, F|18/100
|move|p1a: Goldwing|Agility|p1a: Goldwing
|-boost|p1a: Goldwing|spe|2
|
|-heal|p2a: Hatterene|24/100|[from] item: Leftovers
|upkeep
|turn|17
|
|t:|1769320097
|move|p1a: Goldwing|Tachyon Cutter|p2a: Hatterene
|-supereffective|p2a: Hatterene
|-damage|p2a: Hatterene|0 fnt
|faint|p2a: Hatterene
|-hitcount|p2: Hatterene|1
|
|upkeep
|
|t:|1769320111
|switch|p2a: Thundurus|Thundurus-Therian, M|100/100
|turn|18
|
|t:|1769320116
|move|p1a: Goldwing|Psyshock|p2a: Thundurus
|-damage|p2a: Thundurus|12/100
|move|p2a: Thundurus|Volt Switch|p1a: Goldwing
|-damage|p1a: Goldwing|47/100
|
|t:|1769320124
|switch|p2a: Great Tusk|Great Tusk|100/100|[from] Volt Switch
|
|upkeep
|turn|19
|
|t:|1769320128
|move|p1a: Goldwing|Tachyon Cutter|p2a: Great Tusk
|-damage|p2a: Great Tusk|54/100
|-damage|p2a: Great Tusk|11/100
|-hitcount|p2a: Great Tusk|2
|move|p2a: Great Tusk|Headlong Rush|p1a: Goldwing
|-supereffective|p1a: Goldwing
|-damage|p1a: Goldwing|0 fnt
|-unboost|p2a: Great Tusk|def|1
|-unboost|p2a: Great Tusk|spd|1
|faint|p1a: Goldwing
|-end|p1a: Goldwing|Quark Drive|[silent]
|
|upkeep
|
|t:|1769320136
|switch|p1a: The Haunted Mask|Ogerpon-Wellspring-Tera, F, tera:Water|82/100 par
|-ability|p1a: The Haunted Mask|Embody Aspect (Wellspring)|boost
|-boost|p1a: The Haunted Mask|spd|1
|turn|20
|
|t:|1769320140
|move|p2a: Great Tusk|Stealth Rock|p1a: The Haunted Mask
|-sidestart|p1: okbuddychingling|move: Stealth Rock
|move|p1a: The Haunted Mask|Ivy Cudgel|p2a: Great Tusk|[anim] Ivy Cudgel Water
|-supereffective|p2a: Great Tusk
|-damage|p2a: Great Tusk|0 fnt
|faint|p2a: Great Tusk
|-end|p2a: Great Tusk|Protosynthesis|[silent]
|
|-sideend|p1: okbuddychingling|Reflect
|upkeep
|
|t:|1769320144
|switch|p2a: Thundurus|Thundurus-Therian, M|12/100
|turn|21
|
|t:|1769320152
|move|p2a: Thundurus|Volt Switch|p1a: The Haunted Mask
|-supereffective|p1a: The Haunted Mask
|-damage|p1a: The Haunted Mask|0 fnt
|faint|p1a: The Haunted Mask
|detailschange|p1: The Haunted Mask|Ogerpon-Wellspring, F|[silent]
|
|t:|1769320156
|switch|p2a: Meowscarada|Meowscarada, M|100/100|[from] Volt Switch
|
|upkeep
|
|t:|1769320157
|switch|p1a: Madusa|Enamorus, F|100/100
|-damage|p1a: Madusa|76/100|[from] Stealth Rock
|turn|22
|
|t:|1769320160
|-terastallize|p2a: Meowscarada|Fire
|move|p2a: Meowscarada|Triple Axel|p1a: Madusa
|-supereffective|p1a: Madusa
|-damage|p1a: Madusa|55/100
|-supereffective|p1a: Madusa
|-damage|p1a: Madusa|19/100
|-supereffective|p1a: Madusa
|-damage|p1a: Madusa|0 fnt
|faint|p1a: Madusa
|-hitcount|p1: Madusa|3
|
|win|frmojifrmoji
|raw|okbuddychingling's rating: 1527 &rarr; <strong>1505</strong><br />(-22 for losing)
|raw|frmojifrmoji's rating: 1487 &rarr; <strong>1509</strong><br />(+22 for winning)
|l|☆okbuddychingling
|player|p1|
|l|☆frmojifrmoji
|player|p2|
