|j|☆frmojifrmoji
|j|☆rmpemeta
|t:|1769373621
|gametype|singles
|player|p1|frmojifrmoji|lorelei-lgpe|
|player|p2|rmpemeta|265|
|gen|9
|tier|[Gen 9] OU
|rule|HP Percentage Mod: HP is shown in percentages
|rule|Endless Battle Clause: Forcing endless battles is banned
|rule|Species Clause: Limit one of each Pokémon
|rule|OHKO Clause: OHKO moves are banned
|rule|Evasion Items Clause: Evasion items are banned
|rule|Evasion Moves Clause: Evasion moves are banned
|rule|Evasion Abilities Clause: Evasion abilities are banned
|rule|Sleep Moves Clause: Sleep-inducing moves are banned
|clearpoke
|poke|p1|Thundurus-Therian, M|
|poke|p1|Meowscarada, F|
|poke|p1|Hatterene, F|
|poke|p1|Great Tusk|
|poke|p1|Toxapex, F|
|poke|p1|Slither Wing|
|poke|p2|Glimmora, M|
|poke|p2|Raging Bolt|
|poke|p2|Darkrai|
|poke|p2|Ogerpon-Wellspring, F|
|poke|p2|Landorus-Therian, M|
|poke|p2|Iron Valiant|
|teampreview
|c|☆rmpemeta|suerte
|c|☆frmojifrmoji|igualente
|c|☆frmojifrmoji|igualmente*
|
|t:|1769373641
|teamsize|p1|6
|teamsize|p2|6
|start
|switch|p1a: Slither Wing|Slither Wing|100/100
|switch|p2a: Landorus|Landorus-Therian, M|100/100
|-ability|p2a: Landorus|Intimidate|boost
|-unboost|p1a: Slither Wing|atk|1
|turn|1
|
|t:|1769373675
|-end|p1a: Slither Wing|Protosynthesis|[silent]
|switch|p1a: Hatterene|Hatterene, F|100/100
|move|p2a: Landorus|Stealth Rock|p1a: Hatterene
|move|p1a: Hatterene|Stealth Rock|p2a: Landorus|[from] ability: Magic Bounce
|-sidestart|p2: rmpemeta|move: Stealth Rock
|
|upkeep
|turn|2
|
|t:|1769373683
|move|p2a: Landorus|Earthquake|p1a: Hatterene
|-damage|p1a: Hatterene|55/100
|move|p1a: Hatterene|Nuzzle|p2a: Landorus
|-immune|p2a: Landorus
|
|-heal|p1a: Hatterene|61/100|[from] item: Leftovers
|upkeep
|turn|3
|
|t:|1769373690
|move|p2a: Landorus|Stone Edge|p1a: Hatterene
|-damage|p1a: Hatterene|29/100
|move|p1a: Hatterene|Draining Kiss|p2a: Landorus
|-damage|p2a: Landorus|69/100
|-heal|p1a: Hatterene|52/100|[from] drain|[of] p2a: Landorus
|-damage|p1a: Hatterene|36/100|[from] item: Rocky Helmet|[of] p2a: Landorus
|
|-heal|p1a: Hatterene|42/100|[from] item: Leftovers
|upkeep
|turn|4
|
|t:|1769373699
|switch|p1a: Great Tusk|Great Tusk|100/100
|move|p2a: Landorus|Earthquake|p1a: Great Tusk
|-damage|p1a: Great Tusk|66/100
|
|upkeep
|turn|5
|
|t:|1769373731
|switch|p2a: Glimmora|Glimmora, M|100/100
|-damage|p2a: Glimmora|88/100|[from] Stealth Rock
|move|p1a: Great Tusk|Rapid Spin|p2a: Glimmora
|-resisted|p2a: Glimmora
|-damage|p2a: Glimmora|79/100
|-boost|p1a: Great Tusk|spe|1
|-activate|p2a: Glimmora|ability: Toxic Debris
|-sidestart|p1: frmojifrmoji|move: Toxic Spikes
|-sideend|p1: frmojifrmoji|Toxic Spikes|[from] move: Rapid Spin|[of] p1a: Great Tusk
|
|upkeep
|turn|6
|
|t:|1769373748
|switch|p2a: Landorus|Landorus-Therian, M|69/100
|-damage|p2a: Landorus|57/100|[from] Stealth Rock
|-ability|p2a: Landorus|Intimidate|boost
|-unboost|p1a: Great Tusk|atk|1
|move|p1a: Great Tusk|Headlong Rush|p2a: Landorus
|-immune|p2a: Landorus
|
|upkeep
|turn|7
|
|t:|1769373758
|switch|p2a: Glimmora|Glimmora, M|79/100
|-damage|p2a: Glimmora|67/100|[from] Stealth Rock
|move|p1a: Great Tusk|Ice Spinner|p2a: Glimmora
|-damage|p2a: Glimmora|49/100
|-activate|p2a: Glimmora|ability: Toxic Debris
|-sidestart|p1: frmojifrmoji|move: Toxic Spikes
|
|upkeep
|turn|8
|
|t:|1769373772
|move|p1a: Great Tusk|Headlong Rush|p2a: Glimmora
|-supereffective|p2a: Glimmora
|-damage|p2a: Glimmora|0 fnt
|-unboost|p1a: Great Tusk|def|1
|-unboost|p1a: Great Tusk|spd|1
|-activate|p2a: Glimmora|ability: Toxic Debris
|-sidestart|p1: frmojifrmoji|move: Toxic Spikes
|faint|p2a: Glimmora
|
|upkeep
|inactive|Battle timer is ON: inactive players will automatically lose when time's up. (requested by frmojifrmoji)
|
|t:|1769373791
|switch|p2a: Iron Valiant|Iron Valiant, shiny|100/100
|-damage|p2a: Iron Valiant|94/100|[from] Stealth Rock
|-enditem|p2a: Iron Valiant|Booster Energy
|-activate|p2a: Iron Valiant|ability: Quark Drive|[fromitem]
|-start|p2a: Iron Valiant|quarkdrivespe
|turn|9
|
|t:|1769373798
|move|p2a: Iron Valiant|Calm Mind|p2a: Iron Valiant
|-boost|p2a: Iron Valiant|spa|1
|-boost|p2a: Iron Valiant|spd|1
|move|p1a: Great Tusk|Headlong Rush|p2a: Iron Valiant
|-damage|p2a: Iron Valiant|48/100
|-unboost|p1a: Great Tusk|def|1
|-unboost|p1a: Great Tusk|spd|1
|
|upkeep
|turn|10
|
|t:|1769373808
|move|p2a: Iron Valiant|Moonblast|p1a: Great Tusk
|-supereffective|p1a: Great Tusk
|-damage|p1a: Great Tusk|0 fnt
|faint|p1a: Great Tusk
|-end|p1a: Great Tusk|Protosynthesis|[silent]
|
|upkeep
|
|t:|1769373811
|switch|p1a: Toxapex|Toxapex, F|100/100
|-sideend|p1: frmojifrmoji|move: Toxic Spikes|[of] p1a: Toxapex
|turn|11
|
|t:|1769373817
|-terastallize|p2a: Iron Valiant|Electric
|move|p2a: Iron Valiant|Thunderbolt|p1a: Toxapex
|-supereffective|p1a: Toxapex
|-damage|p1a: Toxapex|25/100
|move|p1a: Toxapex|Sludge Bomb|p2a: Iron Valiant
|-damage|p2a: Iron Valiant|8/100
|
|upkeep
|turn|12
|
|t:|1769373825
|switch|p1a: Slither Wing|Slither Wing|100/100
|move|p2a: Iron Valiant|Moonblast|p1a: Slither Wing
|-supereffective|p1a: Slither Wing
|-damage|p1a: Slither Wing|5/100
|-unboost|p1a: Slither Wing|spa|1
|
|upkeep
|turn|13
|
|t:|1769373851
|-end|p2a: Iron Valiant|Quark Drive|[silent]
|switch|p2a: Landorus|Landorus-Therian, M|57/100
|-damage|p2a: Landorus|45/100|[from] Stealth Rock
|-ability|p2a: Landorus|Intimidate|boost
|-unboost|p1a: Slither Wing|atk|1
|move|p1a: Slither Wing|First Impression|p2a: Landorus
|-resisted|p2a: Landorus
|-damage|p2a: Landorus|23/100
|-damage|p1a: Slither Wing|0 fnt|[from] item: Rocky Helmet|[of] p2a: Landorus
|faint|p1a: Slither Wing
|-end|p1a: Slither Wing|Protosynthesis|[silent]
|
|upkeep
|
|t:|1769373862
|switch|p1a: Thundurus|Thundurus-Therian, M|100/100
|turn|14
|
|t:|1769373880
|move|p1a: Thundurus|Tera Blast|p2a: Landorus
|-damage|p2a: Landorus|0 fnt
|faint|p2a: Landorus
|
|upkeep
|inactive|rmpemeta has 270 seconds left.
|
|t:|1769373893
|switch|p2a: Iron Valiant|Iron Valiant, shiny, tera:Electric|8/100
|-damage|p2a: Iron Valiant|0 fnt|[from] Stealth Rock
|faint|p2a: Iron Valiant
|-end|p2a: Iron Valiant|Quark Drive|[silent]
|inactive|rmpemeta has 270 seconds left.
|
|t:|1769373920
|switch|p2a: Darkrai|Darkrai|100/100
|-damage|p2a: Darkrai|88/100|[from] Stealth Rock
|turn|15
|
|t:|1769373936
|-terastallize|p1a: Thundurus|Fairy
|move|p2a: Darkrai|Dark Pulse|p1a: Thundurus
|-resisted|p1a: Thundurus
|-damage|p1a: Thundurus|70/100
|move|p1a: Thundurus|Tera Blast|p2a: Darkrai|[anim] Tera Blast Fairy
|-supereffective|p2a: Darkrai
|-damage|p2a: Darkrai|0 fnt
|faint|p2a: Darkrai
|
|upkeep
|inactive|rmpemeta has 240 seconds left.
|
|t:|1769373947
|switch|p2a: Ogerpon|Ogerpon-Wellspring, F|100/100
|-damage|p2a: Ogerpon|88/100|[from] Stealth Rock
|turn|16
|inactive|rmpemeta has 240 seconds left.
|
|t:|1769373977
|switch|p1a: Toxapex|Toxapex, F|59/100
|move|p2a: Ogerpon|Play Rough|p1a: Toxapex
|-resisted|p1a: Toxapex
|-damage|p1a: Toxapex|46/100
|-unboost|p1a: Toxapex|atk|1
|
|upkeep
|turn|17
|
|t:|1769373987
|move|p2a: Ogerpon|Swords Dance|p2a: Ogerpon
|-boost|p2a: Ogerpon|atk|2
|move|p1a: Toxapex|Ice Beam|p2a: Ogerpon
|-damage|p2a: Ogerpon|67/100
|
|upkeep
|turn|18
|
|t:|1769373996
|move|p2a: Ogerpon|Trailblaze|p1a: Toxapex
|-damage|p1a: Toxapex|0 fnt
|-boost|p2a: Ogerpon|spe|1
|faint|p1a: Toxapex
|
|upkeep
|
|t:|1769374002
|switch|p1a: Meowscarada|Meowscarada, F|100/100
|turn|19
|
|t:|1769374007
|switch|p2a: Raging Bolt|Raging Bolt|100/100
|-damage|p2a: Raging Bolt|88/100|[from] Stealth Rock
|move|p1a: Meowscarada|U-turn|p2a: Raging Bolt
|-start|p1a: Meowscarada|typechange|Bug|[from] ability: Protean
|-damage|p2a: Raging Bolt|58/100
|
|t:|1769374012
|switch|p1a: Thundurus|Thundurus-Therian, M, tera:Fairy|70/100|[from] U-turn
|
|upkeep
|turn|20
|
|t:|1769374018
|move|p1a: Thundurus|Tera Blast|p2a: Raging Bolt|[anim] Tera Blast Fairy
|-supereffective|p2a: Raging Bolt
|-damage|p2a: Raging Bolt|0 fnt
|faint|p2a: Raging Bolt
|-end|p2a: Raging Bolt|Protosynthesis|[silent]
|
|upkeep
|
|t:|1769374023
|switch|p2a: Ogerpon|Ogerpon-Wellspring, F|67/100
|-damage|p2a: Ogerpon|54/100|[from] Stealth Rock
|turn|21
|
|t:|1769374027
|move|p2a: Ogerpon|Ivy Cudgel|p1a: Thundurus|[anim] Ivy Cudgel Water
|-damage|p1a: Thundurus|0 fnt
|faint|p1a: Thundurus
|
|upkeep
|
|t:|1769374030
|switch|p1a: Meowscarada|Meowscarada, F|100/100
|turn|22
|
|t:|1769374034
|move|p1a: Meowscarada|U-turn|p2a: Ogerpon
|-start|p1a: Meowscarada|typechange|Bug|[from] ability: Protean
|-supereffective|p2a: Ogerpon
|-damage|p2a: Ogerpon|0 fnt
|faint|p2a: Ogerpon
|
|win|frmojifrmoji
