|j|☆Briar
|j|☆IntheBenji
|t:|1769397497
|gametype|singles
|player|p1|Briar|guitarist-gen4|
|player|p2|IntheBenji|unknown|
|gen|9
|tier|[Gen 9] OU
|rule|HP Percentage Mod: HP is shown in percentages
|rule|Endless Battle Clause: Forcing endless battles is banned
|rule|Species Clause: Limit one of each Pokémon
|rule|OHKO Clause: OHKO moves are banned
|rule|Evasion Items Clause: Evasion items are banned
|rule|Evasion Moves Clause: Evasion moves are banned
|rule|Evasion Abilities Clause: Evasion abilities are banned
|rule|Sleep Moves Clause: Sleep-inducing moves are banned
|clearpoke
|poke|p1|Meowscarada, F|
|poke|p1|Clefable, F|
|poke|p1|Probopass, M|
|poke|p1|Duraludon, M|
|poke|p1|Gengar, M|
|poke|p1|Tentacruel, F|
|poke|p2|Ursaring, M|
|poke|p2|Skeledirge, M|
|poke|p2|Kingambit, F|
|poke|p2|Glimmora, M|
|poke|p2|Great Tusk|
|poke|p2|Dragonite, M|
|teampreview
|inactive|Battle timer is ON: inactive players will automatically lose when time's up. (requested by IntheBenji)
|inactiveoff|Battle timer is now OFF.
|c|☆IntheBenji|GLHF
|c|☆Briar|U2
|
|t:|1769397544
|teamsize|p1|6
|teamsize|p2|6
|start
|switch|p1a: Sveta|Tentacruel, F|100/100
|switch|p2a: Carl Wheezer|Dragonite, M, shiny|100/100
|turn|1
|
|t:|1769397558
|move|p2a: Carl Wheezer|Dragon Dance|p2a: Carl Wheezer
|-boost|p2a: Carl Wheezer|atk|1
|-boost|p2a: Carl Wheezer|spe|1
|move|p1a: Sveta|Flip Turn|p2a: Carl Wheezer
|-resisted|p2a: Carl Wheezer
|-damage|p2a: Carl Wheezer|97/100
|
|t:|1769397575
|switch|p1a: Glastig Uaine|Clefable, F|100/100|[from] Flip Turn
|
|upkeep
|turn|2
|
|t:|1769397606
|switch|p2a: Bolbi Stroganofsky|Ursaring, M|100/100
|move|p1a: Glastig Uaine|Thunder Wave|p2a: Bolbi Stroganofsky
|-status|p2a: Bolbi Stroganofsky|par
|
|upkeep
|turn|3
|
|t:|1769397621
|switch|p1a: Assault|Probopass, M|100/100
|-terastallize|p2a: Bolbi Stroganofsky|Poison
|move|p2a: Bolbi Stroganofsky|Gunk Shot|p1a: Assault
|-immune|p1a: Assault
|
|upkeep
|turn|4
|c|☆Briar|damn
|
|t:|1769397631
|switch|p2a: Goddard|Skeledirge, M, shiny|100/100
|move|p1a: Assault|Stealth Rock|p2a: Goddard
|-sidestart|p2: IntheBenji|move: Stealth Rock
|
|upkeep
|turn|5
|
|t:|1769397685
|switch|p1a: Sveta|Tentacruel, F|100/100
|move|p2a: Goddard|Earth Power|p1a: Sveta
|-supereffective|p1a: Sveta
|-damage|p1a: Sveta|69/100
|
|-heal|p1a: Sveta|75/100|[from] item: Black Sludge
|upkeep
|turn|6
|
|t:|1769397707
|switch|p2a: Carl Wheezer|Dragonite, M, shiny|97/100
|move|p1a: Sveta|Toxic|p2a: Carl Wheezer
|-status|p2a: Carl Wheezer|tox
|
|-heal|p1a: Sveta|81/100|[from] item: Black Sludge
|-damage|p2a: Carl Wheezer|91/100 tox|[from] psn
|upkeep
|turn|7
|
|t:|1769397729
|switch|p1a: Glastig Uaine|Clefable, F|100/100
|move|p2a: Carl Wheezer|Dragon Dance|p2a: Carl Wheezer
|-boost|p2a: Carl Wheezer|atk|1
|-boost|p2a: Carl Wheezer|spe|1
|
|-damage|p2a: Carl Wheezer|78/100 tox|[from] psn
|upkeep
|turn|8
|
|t:|1769397744
|switch|p2a: Bolbi Stroganofsky|Ursaring, M, tera:Poison|100/100 par
|-damage|p2a: Bolbi Stroganofsky|88/100 par|[from] Stealth Rock
|move|p1a: Glastig Uaine|Moonblast|p2a: Bolbi Stroganofsky
|-resisted|p2a: Bolbi Stroganofsky
|-damage|p2a: Bolbi Stroganofsky|77/100 par
|
|upkeep
|turn|9
|
|t:|1769397756
|switch|p1a: Assault|Probopass, M|100/100
|move|p2a: Bolbi Stroganofsky|Swords Dance|p2a: Bolbi Stroganofsky
|-boost|p2a: Bolbi Stroganofsky|atk|2
|
|upkeep
|turn|10
|
|t:|1769397767
|move|p1a: Assault|Earth Power|p2a: Bolbi Stroganofsky
|-supereffective|p2a: Bolbi Stroganofsky
|-damage|p2a: Bolbi Stroganofsky|51/100 par
|-unboost|p2a: Bolbi Stroganofsky|spd|1
|cant|p2a: Bolbi Stroganofsky|par
|
|upkeep
|turn|11
|c|☆Briar|oof
|
|t:|1769397777
|move|p1a: Assault|Earth Power|p2a: Bolbi Stroganofsky
|-supereffective|p2a: Bolbi Stroganofsky
|-damage|p2a: Bolbi Stroganofsky|14/100 par
|cant|p2a: Bolbi Stroganofsky|par
|
|upkeep
|turn|12
|c|☆Briar|OOF
|
|t:|1769397791
|switch|p2a: Carl Wheezer|Dragonite, M, shiny|78/100 tox
|move|p1a: Assault|Dazzling Gleam|p2a: Carl Wheezer
|-supereffective|p2a: Carl Wheezer
|-crit|p2a: Carl Wheezer
|-damage|p2a: Carl Wheezer|34/100 tox
|
|-damage|p2a: Carl Wheezer|27/100 tox|[from] psn
|upkeep
|turn|13
|
|t:|1769397819
|switch|p1a: Circus|Meowscarada, F|100/100
|move|p2a: Carl Wheezer|Earthquake|p1a: Circus
|-resisted|p1a: Circus
|-damage|p1a: Circus|71/100
|
|-damage|p2a: Carl Wheezer|15/100 tox|[from] psn
|upkeep
|turn|14
|
|t:|1769397834
|switch|p2a: Sheen Estevez|Glimmora, M, shiny|100/100
|-damage|p2a: Sheen Estevez|88/100|[from] Stealth Rock
|move|p1a: Circus|Knock Off|p2a: Sheen Estevez
|-start|p1a: Circus|typechange|Dark|[from] ability: Protean
|-damage|p2a: Sheen Estevez|32/100
|-activate|p2a: Sheen Estevez|ability: Toxic Debris
|-sidestart|p1: Briar|move: Toxic Spikes
|-enditem|p2a: Sheen Estevez|Power Herb|[from] move: Knock Off|[of] p1a: Circus
|
|upkeep
|turn|15
|
|t:|1769397853
|move|p1a: Circus|Knock Off|p2a: Sheen Estevez
|-damage|p2a: Sheen Estevez|0 fnt
|-activate|p2a: Sheen Estevez|ability: Toxic Debris
|-sidestart|p1: Briar|move: Toxic Spikes
|faint|p2a: Sheen Estevez
|
|upkeep
|
|t:|1769397859
|switch|p2a: Cindy Vortex|Great Tusk|100/100
|turn|16
|
|t:|1769397875
|switch|p1a: Assault|Probopass, M|100/100
|move|p2a: Cindy Vortex|Rapid Spin|p1a: Assault
|-resisted|p1a: Assault
|-damage|p1a: Assault|98/100
|-boost|p2a: Cindy Vortex|spe|1
|-sideend|p2: IntheBenji|Stealth Rock|[from] move: Rapid Spin|[of] p2a: Cindy Vortex
|
|upkeep
|turn|17
|
|t:|1769397882
|move|p2a: Cindy Vortex|Headlong Rush|p1a: Assault
|-supereffective|p1a: Assault
|-damage|p1a: Assault|0 fnt
|-unboost|p2a: Cindy Vortex|def|1
|-unboost|p2a: Cindy Vortex|spd|1
|faint|p1a: Assault
|
|upkeep
|
|t:|1769397892
|switch|p1a: Grue|Gengar, M|100/100
|-sideend|p1: Briar|move: Toxic Spikes|[of] p1a: Grue
|turn|18
|
|t:|1769397899
|move|p1a: Grue|Dazzling Gleam|p2a: Cindy Vortex
|-supereffective|p2a: Cindy Vortex
|-damage|p2a: Cindy Vortex|0 fnt
|faint|p2a: Cindy Vortex
|-end|p2a: Cindy Vortex|Protosynthesis|[silent]
|
|upkeep
|
|t:|1769397932
|switch|p2a: Goddard|Skeledirge, M, shiny|100/100
|turn|19
|
|t:|1769397937
|switch|p1a: Sveta|Tentacruel, F|81/100
|move|p2a: Goddard|Shadow Ball|p1a: Sveta
|-damage|p1a: Sveta|58/100
|
|-heal|p1a: Sveta|64/100|[from] item: Black Sludge
|upkeep
|turn|20
|
|t:|1769397964
|switch|p2a: Bolbi Stroganofsky|Ursaring, M, tera:Poison|14/100 par
|move|p1a: Sveta|Surf|p2a: Bolbi Stroganofsky
|-damage|p2a: Bolbi Stroganofsky|0 fnt
|faint|p2a: Bolbi Stroganofsky
|
|-heal|p1a: Sveta|70/100|[from] item: Black Sludge
|upkeep
|
|t:|1769397975
|switch|p2a: Carl Wheezer|Dragonite, M, shiny|15/100 tox
|turn|21
|
|t:|1769398007
|switch|p1a: Glastig Uaine|Clefable, F|100/100
|move|p2a: Carl Wheezer|Thunder Punch|p1a: Glastig Uaine
|-damage|p1a: Glastig Uaine|80/100
|
|-heal|p1a: Glastig Uaine|86/100|[from] item: Leftovers
|-damage|p2a: Carl Wheezer|9/100 tox|[from] psn
|upkeep
|turn|22
|
|t:|1769398029
|move|p2a: Carl Wheezer|Earthquake|p1a: Glastig Uaine
|-damage|p1a: Glastig Uaine|55/100
|move|p1a: Glastig Uaine|Thunder Wave||[still]
|-fail|p1a: Glastig Uaine
|
|-heal|p1a: Glastig Uaine|61/100|[from] item: Leftovers
|-damage|p2a: Carl Wheezer|0 fnt|[from] psn
|faint|p2a: Carl Wheezer
|upkeep
|
|t:|1769398037
|switch|p2a: Goddard|Skeledirge, M, shiny|100/100
|turn|23
|
|t:|1769398042
|move|p2a: Goddard|Torch Song|p1a: Glastig Uaine
|-damage|p1a: Glastig Uaine|26/100
|-boost|p2a: Goddard|spa|1
|move|p1a: Glastig Uaine|Thunder Wave|p2a: Goddard|[miss]
|-miss|p1a: Glastig Uaine|p2a: Goddard
|
|-heal|p1a: Glastig Uaine|32/100|[from] item: Leftovers
|upkeep
|turn|24
|
|t:|1769398053
|move|p2a: Goddard|Torch Song|p1a: Glastig Uaine
|-damage|p1a: Glastig Uaine|0 fnt
|-boost|p2a: Goddard|spa|1
|faint|p1a: Glastig Uaine
|
|upkeep
|
|t:|1769398066
|switch|p1a: Circus|Meowscarada, F|71/100
|turn|25
|
|t:|1769398071
|move|p1a: Circus|Knock Off|p2a: Goddard
|-start|p1a: Circus|typechange|Dark|[from] ability: Protean
|-supereffective|p2a: Goddard
|-damage|p2a: Goddard|14/100
|-enditem|p2a: Goddard|Choice Scarf|[from] move: Knock Off|[of] p1a: Circus
|move|p2a: Goddard|Torch Song|p1a: Circus
|-damage|p1a: Circus|0 fnt
|-boost|p2a: Goddard|spa|1
|faint|p1a: Circus
|
|upkeep
|
|t:|1769398082
|switch|p1a: Sveta|Tentacruel, F|70/100
|turn|26
|
|t:|1769398087
|move|p2a: Goddard|Earth Power|p1a: Sveta
|-supereffective|p1a: Sveta
|-damage|p1a: Sveta|0 fnt
|faint|p1a: Sveta
|
|upkeep
|
|t:|1769398100
|switch|p1a: Grue|Gengar, M|100/100
|turn|27
|
|t:|1769398105
|move|p1a: Grue|Shadow Ball|p2a: Goddard
|-supereffective|p2a: Goddard
|-damage|p2a: Goddard|0 fnt
|faint|p2a: Goddard
|
|upkeep
|
|t:|1769398110
|switch|p2a: Ms. Fowl|Kingambit, F, shiny|100/100
|-activate|p2a: Ms. Fowl|ability: Supreme Overlord
|-start|p2a: Ms. Fowl|fallen5|[silent]
|turn|28
|
|t:|1769398116
|switch|p1a: Defiant|Duraludon, M|100/100
|move|p2a: Ms. Fowl|Swords Dance|p2a: Ms. Fowl
|-boost|p2a: Ms. Fowl|atk|2
|
|upkeep
|turn|29
|
|t:|1769398156
|-terastallize|p1a: Defiant|Flying
|move|p2a: Ms. Fowl|Kowtow Cleave|p1a: Defiant
|-damage|p1a: Defiant|17/100
|move|p1a: Defiant|Iron Defense|p1a: Defiant
|-boost|p1a: Defiant|def|2
|
|upkeep
|turn|30
|
|t:|1769398168
|move|p2a: Ms. Fowl|Iron Head|p1a: Defiant
|-damage|p1a: Defiant|0 fnt
|faint|p1a: Defiant
|
|upkeep
|c|☆Briar|gg
|c|☆Briar|damn
|
|t:|1769398178
|switch|p1a: Grue|Gengar, M|100/100
|turn|31
|
|t:|1769398184
|move|p1a: Grue|Focus Blast|p2a: Ms. Fowl|[miss]
|-miss|p1a: Grue|p2a: Ms. Fowl
|move|p2a: Ms. Fowl|Kowtow Cleave|p1a: Grue
|-supereffective|p1a: Grue
|-damage|p1a: Grue|0 fnt
|-start|p2a: Ms. Fowl|Disable|Kowtow Cleave|[from] ability: Cursed Body|[of] p1a: Grue
|faint|p1a: Grue
|
|win|IntheBenji
|c|☆IntheBenji|gg
