|j|☆hennyhardaway1
|j|☆evil dark sigma
|t:|1769312300
|gametype|singles
|player|p1|hennyhardaway1|lance|1316
|player|p2|evil dark sigma|169|1250
|gen|9
|tier|[Gen 9] OU
|rated|
|rule|HP Percentage Mod: HP is shown in percentages
|rule|Endless Battle Clause: Forcing endless battles is banned
|rule|Species Clause: Limit one of each Pokémon
|rule|OHKO Clause: OHKO moves are banned
|rule|Evasion Items Clause: Evasion items are banned
|rule|Evasion Moves Clause: Evasion moves are banned
|rule|Evasion Abilities Clause: Evasion abilities are banned
|rule|Sleep Moves Clause: Sleep-inducing moves are banned
|clearpoke
|poke|p1|Blaziken, F|
|poke|p1|Alomomola, F|
|poke|p1|Iron Moth|
|poke|p1|Corviknight, F|
|poke|p1|Great Tusk|
|poke|p1|Dragapult, F|
|poke|p2|Deoxys-Speed|
|poke|p2|Ceruledge, M|
|poke|p2|Glimmora, M|
|poke|p2|Dragonite, M|
|poke|p2|Rillaboom, M|
|poke|p2|Iron Valiant|
|teampreview
|
|t:|1769312309
|teamsize|p1|6
|teamsize|p2|6
|start
|switch|p1a: Dragapult|Dragapult, F|100/100
|switch|p2a: Deoxys|Deoxys-Speed|100/100
|-ability|p2a: Deoxys|Pressure
|turn|1
|
|t:|1769312319
|switch|p2a: Rillaboom|Rillaboom, M, shiny|100/100
|-fieldstart|move: Grassy Terrain|[from] ability: Grassy Surge|[of] p2a: Rillaboom
|move|p1a: Dragapult|Dragon Darts|p2a: Rillaboom
|-damage|p2a: Rillaboom|71/100
|-anim|p1a: Dragapult|Dragon Darts|p2a: Rillaboom
|-damage|p2a: Rillaboom|40/100
|
|-heal|p2a: Rillaboom|47/100|[from] Grassy Terrain
|upkeep
|turn|2
|
|t:|1769312328
|move|p1a: Dragapult|Dragon Darts|p2a: Rillaboom
|-damage|p2a: Rillaboom|16/100
|-anim|p1a: Dragapult|Dragon Darts|p2a: Rillaboom
|-damage|p2a: Rillaboom|0 fnt
|faint|p2a: Rillaboom
|
|upkeep
|
|t:|1769312332
|switch|p2a: Iron Valiant|Iron Valiant|100/100
|-enditem|p2a: Iron Valiant|Booster Energy
|-activate|p2a: Iron Valiant|ability: Quark Drive|[fromitem]
|-start|p2a: Iron Valiant|quarkdrivespe
|turn|3
|
|t:|1769312361
|switch|p1a: Alomomola|Alomomola, F|100/100
|move|p2a: Iron Valiant|Swords Dance|p2a: Iron Valiant
|-boost|p2a: Iron Valiant|atk|2
|
|upkeep
|turn|4
|
|t:|1769312376
|move|p2a: Iron Valiant|Spirit Break|p1a: Alomomola
|-damage|p1a: Alomomola|57/100
|-unboost|p1a: Alomomola|spa|1
|move|p1a: Alomomola|Flip Turn|p2a: Iron Valiant
|-damage|p2a: Iron Valiant|81/100
|
|t:|1769312435
|switch|p1a: Great Tusk|Great Tusk|100/100|[from] Flip Turn
|
|-heal|p2a: Iron Valiant|87/100|[from] Grassy Terrain
|upkeep
|turn|5
|
|t:|1769312449
|-end|p1a: Great Tusk|Protosynthesis|[silent]
|switch|p1a: Corviknight|Corviknight, F|100/100
|-ability|p1a: Corviknight|Pressure
|move|p2a: Iron Valiant|Spirit Break|p1a: Corviknight
|-resisted|p1a: Corviknight
|-damage|p1a: Corviknight|79/100
|-unboost|p1a: Corviknight|spa|1
|-damage|p2a: Iron Valiant|70/100|[from] item: Rocky Helmet|[of] p1a: Corviknight
|
|-heal|p2a: Iron Valiant|77/100|[from] Grassy Terrain
|-fieldend|move: Grassy Terrain
|upkeep
|turn|6
|
|t:|1769312459
|move|p2a: Iron Valiant|Throat Chop|p1a: Corviknight
|-damage|p1a: Corviknight|45/100
|-start|p1a: Corviknight|Throat Chop|[silent]
|-damage|p2a: Iron Valiant|60/100|[from] item: Rocky Helmet|[of] p1a: Corviknight
|move|p1a: Corviknight|Brave Bird|p2a: Iron Valiant
|-supereffective|p2a: Iron Valiant
|-damage|p2a: Iron Valiant|0 fnt
|faint|p2a: Iron Valiant
|-end|p2a: Iron Valiant|Quark Drive|[silent]
|-damage|p1a: Corviknight|31/100|[from] Recoil
|
|upkeep
|
|t:|1769312468
|switch|p2a: Deoxys|Deoxys-Speed|100/100
|-ability|p2a: Deoxys|Pressure
|turn|7
|inactive|Battle timer is ON: inactive players will automatically lose when time's up. (requested by evil dark sigma)
|
|t:|1769312528
|move|p2a: Deoxys|Reflect|p2a: Deoxys
|-sidestart|p2: evil dark sigma|Reflect
|move|p1a: Corviknight|U-turn|p2a: Deoxys
|-supereffective|p2a: Deoxys
|-damage|p2a: Deoxys|83/100
|
|t:|1769312536
|switch|p1a: Blaziken|Blaziken, F, shiny|100/100|[from] U-turn
|
|upkeep
|turn|8
|
|t:|1769312545
|move|p2a: Deoxys|Psycho Boost|p1a: Blaziken|[miss]
|-miss|p2a: Deoxys|p1a: Blaziken
|move|p1a: Blaziken|Substitute|p1a: Blaziken
|-start|p1a: Blaziken|Substitute
|-damage|p1a: Blaziken|76/100
|
|-heal|p1a: Blaziken|82/100|[from] item: Leftovers
|-ability|p1a: Blaziken|Speed Boost|boost
|-boost|p1a: Blaziken|spe|1
|upkeep
|turn|9
|
|t:|1769312561
|-terastallize|p1a: Blaziken|Dark
|move|p2a: Deoxys|Taunt|p1a: Blaziken
|-start|p1a: Blaziken|move: Taunt
|cant|p1a: Blaziken|move: Taunt|Bulk Up
|
|-heal|p1a: Blaziken|88/100|[from] item: Leftovers
|-ability|p1a: Blaziken|Speed Boost|boost
|-boost|p1a: Blaziken|spe|1
|upkeep
|turn|10
|
|t:|1769312576
|switch|p2a: Dragonite|Dragonite, M, shiny|100/100
|move|p1a: Blaziken|Knock Off|p2a: Dragonite
|-damage|p2a: Dragonite|88/100
|-enditem|p2a: Dragonite|Heavy-Duty Boots|[from] move: Knock Off|[of] p1a: Blaziken
|
|-heal|p1a: Blaziken|94/100|[from] item: Leftovers
|-ability|p1a: Blaziken|Speed Boost|boost
|-boost|p1a: Blaziken|spe|1
|upkeep
|turn|11
|
|t:|1769312589
|switch|p1a: Alomomola|Alomomola, F|91/100
|move|p2a: Dragonite|Extreme Speed|p1a: Alomomola
|-damage|p1a: Alomomola|73/100
|
|upkeep
|turn|12
|
|t:|1769312594
|move|p1a: Alomomola|Scald|p2a: Dragonite
|-resisted|p2a: Dragonite
|-damage|p2a: Dragonite|82/100
|move|p2a: Dragonite|Dragon Tail|p1a: Alomomola|[miss]
|-miss|p2a: Dragonite|p1a: Alomomola
|
|upkeep
|turn|13
|
|t:|1769312605
|move|p2a: Dragonite|Extreme Speed|p1a: Alomomola
|-damage|p1a: Alomomola|57/100
|move|p1a: Alomomola|Scald|p2a: Dragonite
|-resisted|p2a: Dragonite
|-damage|p2a: Dragonite|76/100
|-status|p2a: Dragonite|brn
|
|-damage|p2a: Dragonite|70/100 brn|[from] brn
|upkeep
|turn|14
|
|t:|1769312610
|move|p1a: Alomomola|Flip Turn|p2a: Dragonite
|-resisted|p2a: Dragonite
|-damage|p2a: Dragonite|66/100 brn
|
|t:|1769312613
|switch|p1a: Great Tusk|Great Tusk|100/100|[from] Flip Turn
|move|p2a: Dragonite|Dragon Tail|p1a: Great Tusk
|-damage|p1a: Great Tusk|92/100
|-end|p1a: Great Tusk|Protosynthesis|[silent]
|drag|p1a: Blaziken|Blaziken, F, shiny, tera:Dark|94/100
|
|-heal|p1a: Blaziken|99/100|[from] item: Leftovers
|-damage|p2a: Dragonite|60/100 brn|[from] brn
|-sideend|p2: evil dark sigma|Reflect
|upkeep
|turn|15
|
|t:|1769312627
|move|p1a: Blaziken|Substitute|p1a: Blaziken
|-start|p1a: Blaziken|Substitute
|-damage|p1a: Blaziken|75/100
|move|p2a: Dragonite|Roost|p2a: Dragonite
|-heal|p2a: Dragonite|100/100 brn
|-singleturn|p2a: Dragonite|move: Roost
|
|-heal|p1a: Blaziken|81/100|[from] item: Leftovers
|-damage|p2a: Dragonite|94/100 brn|[from] brn
|-ability|p1a: Blaziken|Speed Boost|boost
|-boost|p1a: Blaziken|spe|1
|upkeep
|turn|16
|
|t:|1769312637
|switch|p2a: Deoxys|Deoxys-Speed|83/100
|-ability|p2a: Deoxys|Pressure
|move|p1a: Blaziken|Bulk Up|p1a: Blaziken
|-boost|p1a: Blaziken|atk|1
|-boost|p1a: Blaziken|def|1
|
|-heal|p1a: Blaziken|87/100|[from] item: Leftovers
|-ability|p1a: Blaziken|Speed Boost|boost
|-boost|p1a: Blaziken|spe|1
|upkeep
|turn|17
|
|t:|1769312643
|move|p1a: Blaziken|Knock Off|p2a: Deoxys
|-supereffective|p2a: Deoxys
|-damage|p2a: Deoxys|0 fnt
|-enditem|p2a: Deoxys|Light Clay|[from] move: Knock Off|[of] p1a: Blaziken
|faint|p2a: Deoxys
|
|-heal|p1a: Blaziken|93/100|[from] item: Leftovers
|-ability|p1a: Blaziken|Speed Boost|boost
|-boost|p1a: Blaziken|spe|1
|upkeep
|
|t:|1769312650
|switch|p2a: Glimmora|Glimmora, M|100/100
|turn|18
|
|t:|1769312659
|move|p1a: Blaziken|Knock Off|p2a: Glimmora
|-damage|p2a: Glimmora|15/100
|-activate|p2a: Glimmora|ability: Toxic Debris
|-sidestart|p1: hennyhardaway1|move: Toxic Spikes
|-enditem|p2a: Glimmora|Focus Sash|[from] move: Knock Off|[of] p1a: Blaziken
|move|p2a: Glimmora|Power Gem|p1a: Blaziken
|-end|p1a: Blaziken|Substitute
|
|-heal|p1a: Blaziken|99/100|[from] item: Leftovers
|-ability|p1a: Blaziken|Speed Boost|boost
|-boost|p1a: Blaziken|spe|1
|upkeep
|turn|19
|
|t:|1769312673
|move|p1a: Blaziken|Knock Off|p2a: Glimmora
|-damage|p2a: Glimmora|0 fnt
|-activate|p2a: Glimmora|ability: Toxic Debris
|-sidestart|p1: hennyhardaway1|move: Toxic Spikes
|faint|p2a: Glimmora
|
|-heal|p1a: Blaziken|100/100|[from] item: Leftovers
|-ability|p1a: Blaziken|Speed Boost|boost
|-boost|p1a: Blaziken|spe|1
|upkeep
|
|t:|1769312677
|switch|p2a: Ceruledge|Ceruledge, M|100/100
|turn|20
|
|t:|1769312683
|-terastallize|p2a: Ceruledge|Grass
|move|p1a: Blaziken|Knock Off|p2a: Ceruledge
|-damage|p2a: Ceruledge|0 fnt
|-enditem|p2a: Ceruledge|Life Orb|[from] move: Knock Off|[of] p1a: Blaziken
|faint|p2a: Ceruledge
|
|-ability|p1a: Blaziken|Speed Boost|boost
|-boost|p1a: Blaziken|spe|1
|upkeep
|
|t:|1769312687
|switch|p2a: Dragonite|Dragonite, M, shiny|94/100 brn
|turn|21
|
|t:|1769312690
|move|p1a: Blaziken|Substitute|p1a: Blaziken
|-start|p1a: Blaziken|Substitute
|-damage|p1a: Blaziken|76/100
|move|p2a: Dragonite|Dragon Tail|p1a: Blaziken
|-activate|p1a: Blaziken|move: Substitute|[damage]
|
|-heal|p1a: Blaziken|82/100|[from] item: Leftovers
|-damage|p2a: Dragonite|88/100 brn|[from] brn
|upkeep
|turn|22
|
|t:|1769312695
|move|p2a: Dragonite|Extreme Speed|p1a: Blaziken
|-end|p1a: Blaziken|Substitute
|move|p1a: Blaziken|Bulk Up|p1a: Blaziken
|-boost|p1a: Blaziken|atk|1
|-boost|p1a: Blaziken|def|1
|
|-heal|p1a: Blaziken|88/100|[from] item: Leftovers
|-damage|p2a: Dragonite|82/100 brn|[from] brn
|upkeep
|turn|23
|
|t:|1769312698
|move|p2a: Dragonite|Extreme Speed|p1a: Blaziken
|-damage|p1a: Blaziken|76/100
|move|p1a: Blaziken|Substitute|p1a: Blaziken
|-start|p1a: Blaziken|Substitute
|-damage|p1a: Blaziken|51/100
|
|-heal|p1a: Blaziken|57/100|[from] item: Leftovers
|-damage|p2a: Dragonite|76/100 brn|[from] brn
|upkeep
|turn|24
|
|t:|1769312701
|move|p2a: Dragonite|Extreme Speed|p1a: Blaziken
|-activate|p1a: Blaziken|move: Substitute|[damage]
|move|p1a: Blaziken|Knock Off|p2a: Dragonite
|-damage|p2a: Dragonite|13/100 brn
|
|-heal|p1a: Blaziken|63/100|[from] item: Leftovers
|-damage|p2a: Dragonite|7/100 brn|[from] brn
|upkeep
|turn|25
|
|t:|1769312707
|move|p2a: Dragonite|Extreme Speed|p1a: Blaziken
|-activate|p1a: Blaziken|move: Substitute|[damage]
|move|p1a: Blaziken|Close Combat|p2a: Dragonite
|-resisted|p2a: Dragonite
|-damage|p2a: Dragonite|0 fnt
|-unboost|p1a: Blaziken|def|1
|-unboost|p1a: Blaziken|spd|1
|faint|p2a: Dragonite
|
|win|hennyhardaway1
|raw|hennyhardaway1's rating: 1316 &rarr; <strong>1332</strong><br />(+16 for winning)
|raw|evil dark sigma's rating: 1250 &rarr; <strong>1230</strong><br />(-20 for losing)
|l|☆evil dark sigma
|player|p2|
