|j|☆Treeboi212
|j|☆Naturmacht
|t:|1769387653
|gametype|singles
|player|p1|Treeboi212|grimsley|1283
|player|p2|Naturmacht|drake-gen3|1303
|gen|9
|tier|[Gen 9] OU
|rated|
|rule|HP Percentage Mod: HP is shown in percentages
|rule|Endless Battle Clause: Forcing endless battles is banned
|rule|Species Clause: Limit one of each Pokémon
|rule|OHKO Clause: OHKO moves are banned
|rule|Evasion Items Clause: Evasion items are banned
|rule|Evasion Moves Clause: Evasion moves are banned
|rule|Evasion Abilities Clause: Evasion abilities are banned
|rule|Sleep Moves Clause: Sleep-inducing moves are banned
|clearpoke
|poke|p1|Kyurem|
|poke|p1|Cinderace, M|
|poke|p1|Tornadus-Therian, M|
|poke|p1|Hatterene, F|
|poke|p1|Great Tusk|
|poke|p1|Kingambit, M|
|poke|p2|Rillaboom, M|
|poke|p2|Hatterene, F|
|poke|p2|Heatran, M|
|poke|p2|Clodsire, M|
|poke|p2|Corviknight, M|
|poke|p2|Ogerpon-Wellspring, F|
|teampreview
|inactive|Battle timer is ON: inactive players will automatically lose when time's up. (requested by Naturmacht)
|inactive|Naturmacht has 120 seconds left.
|
|t:|1769387684
|teamsize|p1|6
|teamsize|p2|6
|start
|switch|p1a: English essay|Kyurem, shiny|100/100
|switch|p2a: Rillaboom|Rillaboom, M|100/100
|-ability|p1a: English essay|Pressure
|-fieldstart|move: Grassy Terrain|[from] ability: Grassy Surge|[of] p2a: Rillaboom
|turn|1
|
|t:|1769387692
|switch|p2a: Heatran|Heatran, M|100/100
|move|p1a: English essay|Draco Meteor|p2a: Heatran
|-resisted|p2a: Heatran
|-damage|p2a: Heatran|68/100
|-unboost|p1a: English essay|spa|2
|
|-heal|p2a: Heatran|75/100|[from] Grassy Terrain
|-heal|p2a: Heatran|81/100|[from] item: Leftovers
|upkeep
|turn|2
|
|t:|1769387701
|switch|p1a: Ricky Horton|Great Tusk, shiny|100/100
|move|p2a: Heatran|Magma Storm|p1a: Ricky Horton
|-damage|p1a: Ricky Horton|42/100
|-activate|p1a: Ricky Horton|move: Magma Storm|[of] p2a: Heatran
|
|-heal|p1a: Ricky Horton|48/100|[from] Grassy Terrain
|-heal|p2a: Heatran|87/100|[from] Grassy Terrain
|-heal|p2a: Heatran|93/100|[from] item: Leftovers
|-damage|p1a: Ricky Horton|36/100|[from] move: Magma Storm|[partiallytrapped]
|upkeep
|turn|3
|
|t:|1769387712
|move|p2a: Heatran|Protect|p2a: Heatran
|-singleturn|p2a: Heatran|Protect
|move|p1a: Ricky Horton|Stealth Rock|p2a: Heatran
|-sidestart|p2: Naturmacht|move: Stealth Rock
|
|-heal|p1a: Ricky Horton|42/100|[from] Grassy Terrain
|-heal|p2a: Heatran|99/100|[from] Grassy Terrain
|-heal|p2a: Heatran|100/100|[from] item: Leftovers
|-damage|p1a: Ricky Horton|30/100|[from] move: Magma Storm|[partiallytrapped]
|upkeep
|turn|4
|
|t:|1769387720
|switch|p2a: Corviknight|Corviknight, M|100/100
|-damage|p2a: Corviknight|88/100|[from] Stealth Rock
|-ability|p2a: Corviknight|Pressure
|move|p1a: Ricky Horton|Headlong Rush|p2a: Corviknight
|-immune|p2a: Corviknight
|
|-heal|p1a: Ricky Horton|36/100|[from] Grassy Terrain
|-end|p1a: Ricky Horton|Magma Storm|[partiallytrapped]|[silent]
|upkeep
|turn|5
|
|t:|1769387731
|-end|p1a: Ricky Horton|Protosynthesis|[silent]
|switch|p1a: Kureha|Hatterene, F, shiny|100/100
|move|p2a: Corviknight|Defog|p1a: Kureha
|move|p1a: Kureha|Defog|p2a: Corviknight|[from] ability: Magic Bounce
|-unboost|p2a: Corviknight|evasion|1
|-sideend|p2: Naturmacht|Stealth Rock|[from] move: Defog|[of] p1a: Kureha
|-fieldend|move: Grassy Terrain
|
|upkeep
|turn|6
|c|☆Naturmacht|One Piece fan?
|
|t:|1769387756
|switch|p2a: Heatran|Heatran, M|100/100
|move|p1a: Kureha|Nuzzle|p2a: Heatran
|-damage|p2a: Heatran|97/100
|-status|p2a: Heatran|par
|
|-heal|p2a: Heatran|100/100 par|[from] item: Leftovers
|upkeep
|turn|7
|
|t:|1769387769
|switch|p1a: Ricky Horton|Great Tusk, shiny|36/100
|move|p2a: Heatran|Magma Storm|p1a: Ricky Horton
|-damage|p1a: Ricky Horton|0 fnt
|faint|p1a: Ricky Horton
|-end|p1a: Ricky Horton|Protosynthesis|[silent]
|
|upkeep
|
|t:|1769387771
|switch|p1a: English essay|Kyurem, shiny|100/100
|-ability|p1a: English essay|Pressure
|turn|8
|
|t:|1769387778
|switch|p2a: Corviknight|Corviknight, M|88/100
|-ability|p2a: Corviknight|Pressure
|move|p1a: English essay|Earth Power|p2a: Corviknight
|-immune|p2a: Corviknight
|
|upkeep
|turn|9
|-message|Treeboi212 forfeited.
|
|win|Naturmacht
|raw|Treeboi212's rating: 1283 &rarr; <strong>1259</strong><br />(-24 for losing)
|raw|Naturmacht's rating: 1303 &rarr; <strong>1322</strong><br />(+19 for winning)
|l|☆Treeboi212
|player|p1|
