|j|☆rna2
|j|☆tytardefuego
|t:|1769439441
|gametype|singles
|player|p1|rna2|morty|1072
|player|p2|tytardefuego|steven|1111
|gen|9
|tier|[Gen 9] OU
|rated|
|rule|HP Percentage Mod: HP is shown in percentages
|rule|Endless Battle Clause: Forcing endless battles is banned
|rule|Species Clause: Limit one of each Pokémon
|rule|OHKO Clause: OHKO moves are banned
|rule|Evasion Items Clause: Evasion items are banned
|rule|Evasion Moves Clause: Evasion moves are banned
|rule|Evasion Abilities Clause: Evasion abilities are banned
|rule|Sleep Moves Clause: Sleep-inducing moves are banned
|clearpoke
|poke|p1|Ariados, M|
|poke|p1|Torterra, M|
|poke|p1|Samurott-Hisui, F|
|poke|p1|Tinkaton, F|
|poke|p1|Garchomp, F|
|poke|p1|Kingambit, F|
|poke|p2|Pelipper, M|
|poke|p2|Ludicolo, M|
|poke|p2|Crawdaunt, M|
|poke|p2|Latias, F|
|poke|p2|Flygon, M|
|poke|p2|Metagross|
|teampreview
|l|☆tytardefuego
|player|p2|
|j|☆tytardefuego
|player|p2|tytardefuego|steven|
|
|t:|1769439460
|teamsize|p1|6
|teamsize|p2|6
|start
|switch|p1a: Ariados|Ariados, M, shiny|100/100
|switch|p2a: Pelipper|Pelipper, M|100/100
|-weather|RainDance|[from] ability: Drizzle|[of] p2a: Pelipper
|turn|1
|
|t:|1769439467
|move|p2a: Pelipper|U-turn|p1a: Ariados
|-resisted|p1a: Ariados
|-damage|p1a: Ariados|96/100
|
|t:|1769439470
|switch|p2a: Ludicolo|Ludicolo, M|100/100|[from] U-turn
|move|p1a: Ariados|Toxic Thread|p2a: Ludicolo
|-unboost|p2a: Ludicolo|spe|1
|-status|p2a: Ludicolo|psn
|
|-weather|RainDance|[upkeep]
|-damage|p2a: Ludicolo|88/100 psn|[from] psn
|upkeep
|turn|2
|
|t:|1769439480
|move|p2a: Ludicolo|Weather Ball|p1a: Ariados
|-damage|p1a: Ariados|0 fnt
|faint|p1a: Ariados
|-damage|p2a: Ludicolo|78/100 psn|[from] item: Life Orb
|
|-weather|RainDance|[upkeep]
|-damage|p2a: Ludicolo|66/100 psn|[from] psn
|upkeep
|
|t:|1769439488
|switch|p1a: Samurott|Samurott-Hisui, F, shiny|100/100
|turn|3
|
|t:|1769439494
|move|p2a: Ludicolo|Giga Drain|p1a: Samurott
|-supereffective|p1a: Samurott
|-crit|p1a: Samurott
|-damage|p1a: Samurott|0 fnt
|-heal|p2a: Ludicolo|100/100 psn|[from] drain|[of] p1a: Samurott
|faint|p1a: Samurott
|-damage|p2a: Ludicolo|91/100 psn|[from] item: Life Orb
|
|-weather|RainDance|[upkeep]
|-damage|p2a: Ludicolo|78/100 psn|[from] psn
|upkeep
|
|t:|1769439504
|switch|p1a: Torterra|Torterra, M, shiny|100/100
|turn|4
|
|t:|1769439512
|move|p2a: Ludicolo|Weather Ball|p1a: Torterra
|-damage|p1a: Torterra|7/100
|-damage|p2a: Ludicolo|68/100 psn|[from] item: Life Orb
|move|p1a: Torterra|Crunch|p2a: Ludicolo
|-damage|p2a: Ludicolo|27/100 psn
|-unboost|p2a: Ludicolo|def|1
|
|-weather|RainDance|[upkeep]
|-heal|p1a: Torterra|13/100|[from] item: Leftovers
|-damage|p2a: Ludicolo|15/100 psn|[from] psn
|upkeep
|turn|5
|
|t:|1769439524
|move|p2a: Ludicolo|Giga Drain|p1a: Torterra
|-damage|p1a: Torterra|0 fnt
|-heal|p2a: Ludicolo|22/100 psn|[from] drain|[of] p1a: Torterra
|faint|p1a: Torterra
|-damage|p2a: Ludicolo|12/100 psn|[from] item: Life Orb
|
|-weather|RainDance|[upkeep]
|-damage|p2a: Ludicolo|0 fnt|[from] psn
|faint|p2a: Ludicolo
|upkeep
|
|t:|1769439547
|switch|p2a: Crawdaunt|Crawdaunt, M|100/100
|switch|p1a: Tinkaton|Tinkaton, F, shiny|100/100
|-ability|p1a: Tinkaton|Mold Breaker
|-item|p1a: Tinkaton|Air Balloon
|turn|6
|
|t:|1769439555
|-terastallize|p2a: Crawdaunt|Water
|move|p2a: Crawdaunt|Dragon Dance|p2a: Crawdaunt
|-boost|p2a: Crawdaunt|atk|1
|-boost|p2a: Crawdaunt|spe|1
|move|p1a: Tinkaton|Thunder Wave|p2a: Crawdaunt
|-status|p2a: Crawdaunt|par
|
|-weather|RainDance|[upkeep]
|upkeep
|turn|7
|
|t:|1769439566
|move|p1a: Tinkaton|Gigaton Hammer|p2a: Crawdaunt
|-resisted|p2a: Crawdaunt
|-damage|p2a: Crawdaunt|69/100 par
|move|p2a: Crawdaunt|Crabhammer|p1a: Tinkaton
|-damage|p1a: Tinkaton|0 fnt
|-enditem|p1a: Tinkaton|Air Balloon
|faint|p1a: Tinkaton
|
|-weather|RainDance|[upkeep]
|upkeep
|
|t:|1769439575
|switch|p1a: Garchomp|Garchomp, F|100/100
|turn|8
|
|t:|1769439594
|-terastallize|p1a: Garchomp|Fairy
|move|p1a: Garchomp|Swords Dance|p1a: Garchomp
|-boost|p1a: Garchomp|atk|2
|cant|p2a: Crawdaunt|par
|
|-weather|none
|upkeep
|turn|9
|
|t:|1769439615
|move|p2a: Crawdaunt|Aqua Jet|p1a: Garchomp
|-damage|p1a: Garchomp|57/100
|-damage|p2a: Crawdaunt|57/100 par|[from] ability: Rough Skin|[of] p1a: Garchomp
|-damage|p2a: Crawdaunt|41/100 par|[from] item: Rocky Helmet|[of] p1a: Garchomp
|move|p1a: Garchomp|Earthquake|p2a: Crawdaunt
|-damage|p2a: Crawdaunt|0 fnt
|faint|p2a: Crawdaunt
|
|upkeep
|
|t:|1769439625
|switch|p2a: Pelipper|Pelipper, M|100/100
|-weather|RainDance|[from] ability: Drizzle|[of] p2a: Pelipper
|turn|10
|
|t:|1769439634
|move|p1a: Garchomp|Swords Dance|p1a: Garchomp
|-boost|p1a: Garchomp|atk|2
|move|p2a: Pelipper|Weather Ball|p1a: Garchomp
|-damage|p1a: Garchomp|6/100
|
|-weather|RainDance|[upkeep]
|upkeep
|turn|11
|
|t:|1769439642
|move|p1a: Garchomp|Body Slam|p2a: Pelipper
|-crit|p2a: Pelipper
|-damage|p2a: Pelipper|3/100
|-status|p2a: Pelipper|par
|cant|p2a: Pelipper|par
|
|-weather|RainDance|[upkeep]
|upkeep
|turn|12
|
|t:|1769439649
|move|p1a: Garchomp|Body Slam|p2a: Pelipper
|-damage|p2a: Pelipper|0 fnt
|faint|p2a: Pelipper
|
|-weather|RainDance|[upkeep]
|upkeep
|
|t:|1769439652
|switch|p2a: Latias|Latias, F|100/100
|turn|13
|
|t:|1769439658
|move|p2a: Latias|Mist Ball|p1a: Garchomp
|-damage|p1a: Garchomp|0 fnt
|faint|p1a: Garchomp
|
|-weather|RainDance|[upkeep]
|upkeep
|
|t:|1769439663
|switch|p1a: Kingambit|Kingambit, F, shiny|100/100
|-activate|p1a: Kingambit|ability: Supreme Overlord
|-start|p1a: Kingambit|fallen5|[silent]
|turn|14
|
|t:|1769439685
|move|p1a: Kingambit|Sucker Punch||[still]
|-fail|p1a: Kingambit
|move|p2a: Latias|Calm Mind|p2a: Latias
|-boost|p2a: Latias|spa|1
|-boost|p2a: Latias|spd|1
|
|-weather|RainDance|[upkeep]
|upkeep
|turn|15
|
|t:|1769439693
|move|p2a: Latias|Aura Sphere|p1a: Kingambit
|-supereffective|p1a: Kingambit
|-damage|p1a: Kingambit|0 fnt
|faint|p1a: Kingambit
|-end|p1a: Kingambit|fallen5|[silent]
|
|win|tytardefuego
|raw|rna2's rating: 1072 &rarr; <strong>1054</strong><br />(-18 for losing)
|raw|tytardefuego's rating: 1111 &rarr; <strong>1133</strong><br />(+22 for winning)
|l|☆rna2
|player|p1|
|l|☆tytardefuego
|player|p2|
|j|☆tytardefuego
|player|p2|tytardefuego|steven|
