|j|☆turborotom2000
|j|☆469484649481A
|t:|1769306719
|gametype|singles
|player|p1|turborotom2000|colress|1092
|player|p2|469484649481A|265|1097
|gen|9
|tier|[Gen 9] OU
|rated|
|rule|HP Percentage Mod: HP is shown in percentages
|rule|Endless Battle Clause: Forcing endless battles is banned
|rule|Species Clause: Limit one of each Pokémon
|rule|OHKO Clause: OHKO moves are banned
|rule|Evasion Items Clause: Evasion items are banned
|rule|Evasion Moves Clause: Evasion moves are banned
|rule|Evasion Abilities Clause: Evasion abilities are banned
|rule|Sleep Moves Clause: Sleep-inducing moves are banned
|clearpoke
|poke|p1|Cresselia, F|
|poke|p1|Gastrodon-East, F|
|poke|p1|Rotom-Wash|
|poke|p1|Ribombee, F|
|poke|p1|Chandelure, M|
|poke|p1|Seviper, M|
|poke|p2|Glimmora, M|
|poke|p2|Ting-Lu|
|poke|p2|Gholdengo|
|poke|p2|Great Tusk|
|poke|p2|Skarmory, F|
|poke|p2|Gliscor, M|
|teampreview
|
|t:|1769306730
|teamsize|p1|6
|teamsize|p2|6
|start
|switch|p1a: Rotom|Rotom-Wash|100/100
|switch|p2a: Ting-Lu|Ting-Lu|100/100
|-ability|p2a: Ting-Lu|Vessel of Ruin
|turn|1
|
|t:|1769306738
|move|p1a: Rotom|Hydro Pump|p2a: Ting-Lu
|-supereffective|p2a: Ting-Lu
|-damage|p2a: Ting-Lu|60/100
|move|p2a: Ting-Lu|Spikes|p1a: Rotom
|-sidestart|p1: turborotom2000|Spikes
|
|upkeep
|turn|2
|
|t:|1769306759
|move|p1a: Rotom|Hydro Pump|p2a: Ting-Lu
|-supereffective|p2a: Ting-Lu
|-damage|p2a: Ting-Lu|16/100
|move|p2a: Ting-Lu|Spikes|p1a: Rotom
|-sidestart|p1: turborotom2000|Spikes
|
|upkeep
|turn|3
|
|t:|1769306770
|move|p1a: Rotom|Hydro Pump|p2a: Ting-Lu|[miss]
|-miss|p1a: Rotom|p2a: Ting-Lu
|move|p2a: Ting-Lu|Spikes|p1a: Rotom
|-sidestart|p1: turborotom2000|Spikes
|
|upkeep
|turn|4
|
|t:|1769306777
|move|p1a: Rotom|Hydro Pump|p2a: Ting-Lu
|-supereffective|p2a: Ting-Lu
|-damage|p2a: Ting-Lu|0 fnt
|faint|p2a: Ting-Lu
|
|upkeep
|
|t:|1769306789
|switch|p2a: Skarmory|Skarmory, F|100/100
|turn|5
|
|t:|1769306793
|move|p1a: Rotom|Discharge|p2a: Skarmory
|-supereffective|p2a: Skarmory
|-damage|p2a: Skarmory|16/100
|move|p2a: Skarmory|Roar|p1a: Rotom
|drag|p1a: Seviper|Seviper, M, shiny|100/100
|-damage|p1a: Seviper|76/100|[from] Spikes
|
|-heal|p2a: Skarmory|22/100|[from] item: Leftovers
|-heal|p1a: Seviper|82/100|[from] item: Leftovers
|upkeep
|turn|6
|
|t:|1769306807
|-terastallize|p2a: Skarmory|Electric
|move|p2a: Skarmory|Rest|p2a: Skarmory
|-status|p2a: Skarmory|slp|[from] move: Rest
|-heal|p2a: Skarmory|100/100 slp|[silent]
|move|p1a: Seviper|Gunk Shot|p2a: Skarmory
|-damage|p2a: Skarmory|69/100 slp
|-ability|p2a: Skarmory|Weak Armor|boost
|-unboost|p2a: Skarmory|def|1
|-boost|p2a: Skarmory|spe|2
|
|-heal|p2a: Skarmory|75/100 slp|[from] item: Leftovers
|-heal|p1a: Seviper|88/100|[from] item: Leftovers
|upkeep
|turn|7
|
|t:|1769306821
|cant|p2a: Skarmory|slp
|move|p2a: Skarmory|Sleep Talk|p2a: Skarmory
|move|p2a: Skarmory|Whirlwind|p1a: Seviper|[from] move: Sleep Talk
|drag|p1a: Gastrodon|Gastrodon-East, F|100/100
|-damage|p1a: Gastrodon|76/100|[from] Spikes
|
|-heal|p2a: Skarmory|81/100 slp|[from] item: Leftovers
|-heal|p1a: Gastrodon|82/100|[from] item: Leftovers
|upkeep
|turn|8
|
|t:|1769306837
|cant|p2a: Skarmory|slp
|move|p2a: Skarmory|Sleep Talk|p2a: Skarmory
|move|p2a: Skarmory|Whirlwind|p1a: Gastrodon|[from] move: Sleep Talk
|drag|p1a: Chandelure|Chandelure, M|100/100
|-item|p1a: Chandelure|Air Balloon
|
|-heal|p2a: Skarmory|87/100 slp|[from] item: Leftovers
|upkeep
|turn|9
|
|t:|1769306852
|switch|p2a: Great Tusk|Great Tusk|100/100
|-enditem|p2a: Great Tusk|Booster Energy
|-activate|p2a: Great Tusk|ability: Protosynthesis|[fromitem]
|-start|p2a: Great Tusk|protosynthesisatk
|move|p1a: Chandelure|Flamethrower|p2a: Great Tusk
|-damage|p2a: Great Tusk|17/100
|
|upkeep
|turn|10
|
|t:|1769306864
|move|p2a: Great Tusk|Stealth Rock|p1a: Chandelure
|-sidestart|p1: turborotom2000|move: Stealth Rock
|move|p1a: Chandelure|Flamethrower|p2a: Great Tusk
|-damage|p2a: Great Tusk|0 fnt
|faint|p2a: Great Tusk
|-end|p2a: Great Tusk|Protosynthesis|[silent]
|
|upkeep
|
|t:|1769306871
|switch|p2a: Glimmora|Glimmora, M|100/100
|turn|11
|
|t:|1769306882
|move|p1a: Chandelure|Flamethrower|p2a: Glimmora
|-resisted|p2a: Glimmora
|-crit|p2a: Glimmora
|-damage|p2a: Glimmora|58/100
|move|p2a: Glimmora|Earth Power|p1a: Chandelure
|-immune|p1a: Chandelure
|
|upkeep
|turn|12
|
|t:|1769306893
|move|p1a: Chandelure|Energy Ball|p2a: Glimmora
|-damage|p2a: Glimmora|22/100
|move|p2a: Glimmora|Mortal Spin|p1a: Chandelure
|-resisted|p1a: Chandelure
|-damage|p1a: Chandelure|96/100
|-status|p1a: Chandelure|psn
|-enditem|p1a: Chandelure|Air Balloon
|
|-damage|p1a: Chandelure|84/100 psn|[from] psn
|upkeep
|turn|13
|
|t:|1769306905
|move|p1a: Chandelure|Energy Ball|p2a: Glimmora
|-damage|p2a: Glimmora|0 fnt
|faint|p2a: Glimmora
|
|-damage|p1a: Chandelure|72/100 psn|[from] psn
|upkeep
|
|t:|1769306913
|switch|p2a: Skarmory|Skarmory, F, tera:Electric|87/100 slp
|turn|14
|
|t:|1769306917
|move|p1a: Chandelure|Flamethrower|p2a: Skarmory
|-damage|p2a: Skarmory|28/100 slp
|-curestatus|p2a: Skarmory|slp|[msg]
|move|p2a: Skarmory|Rest|p2a: Skarmory
|-status|p2a: Skarmory|slp|[from] move: Rest
|-heal|p2a: Skarmory|100/100 slp|[silent]
|
|-damage|p1a: Chandelure|60/100 psn|[from] psn
|upkeep
|turn|15
|
|t:|1769306928
|move|p1a: Chandelure|Flamethrower|p2a: Skarmory
|-damage|p2a: Skarmory|37/100 slp
|cant|p2a: Skarmory|slp
|move|p2a: Skarmory|Sleep Talk|p2a: Skarmory
|move|p2a: Skarmory|Whirlwind|p1a: Chandelure|[from] move: Sleep Talk
|drag|p1a: Cresselia|Cresselia, F|100/100
|-damage|p1a: Cresselia|88/100|[from] Stealth Rock
|
|-heal|p2a: Skarmory|43/100 slp|[from] item: Leftovers
|-heal|p1a: Cresselia|94/100|[from] item: Leftovers
|upkeep
|turn|16
|
|t:|1769306942
|cant|p2a: Skarmory|slp
|move|p2a: Skarmory|Sleep Talk|p2a: Skarmory
|move|p2a: Skarmory|Whirlwind|p1a: Cresselia|[from] move: Sleep Talk
|drag|p1a: Chandelure|Chandelure, M|60/100 psn
|-damage|p1a: Chandelure|35/100 psn|[from] Spikes
|-damage|p1a: Chandelure|10/100 psn|[from] Stealth Rock
|
|-heal|p2a: Skarmory|49/100 slp|[from] item: Leftovers
|-damage|p1a: Chandelure|0 fnt|[from] psn
|faint|p1a: Chandelure
|upkeep
|
|t:|1769306957
|switch|p1a: Seviper|Seviper, M, shiny|88/100
|-damage|p1a: Seviper|63/100|[from] Spikes
|-damage|p1a: Seviper|50/100|[from] Stealth Rock
|turn|17
|
|t:|1769306969
|-curestatus|p2a: Skarmory|slp|[msg]
|move|p2a: Skarmory|Rest|p2a: Skarmory
|-status|p2a: Skarmory|slp|[from] move: Rest
|-heal|p2a: Skarmory|100/100 slp|[silent]
|move|p1a: Seviper|Screech|p2a: Skarmory|[miss]
|-miss|p1a: Seviper|p2a: Skarmory
|
|-heal|p1a: Seviper|56/100|[from] item: Leftovers
|upkeep
|turn|18
|
|t:|1769306986
|cant|p2a: Skarmory|slp
|move|p2a: Skarmory|Sleep Talk|p2a: Skarmory
|move|p2a: Skarmory|Roar|p1a: Seviper|[from] move: Sleep Talk
|drag|p1a: Cresselia|Cresselia, F|94/100
|-damage|p1a: Cresselia|82/100|[from] Stealth Rock
|
|-heal|p1a: Cresselia|88/100|[from] item: Leftovers
|upkeep
|turn|19
|
|t:|1769306999
|cant|p2a: Skarmory|slp
|move|p2a: Skarmory|Sleep Talk|p2a: Skarmory
|move|p2a: Skarmory|Whirlwind|p1a: Cresselia|[from] move: Sleep Talk
|drag|p1a: Ribombee|Ribombee, F|100/100
|-damage|p1a: Ribombee|76/100|[from] Spikes
|-damage|p1a: Ribombee|51/100|[from] Stealth Rock
|
|upkeep
|turn|20
|
|t:|1769307012
|move|p1a: Ribombee|Stun Spore||[still]
|-fail|p1a: Ribombee
|-curestatus|p2a: Skarmory|slp|[msg]
|move|p2a: Skarmory|Rest|p2a: Skarmory
|-fail|p2a: Skarmory|heal
|
|upkeep
|turn|21
|
|t:|1769307027
|switch|p2a: Gholdengo|Gholdengo|100/100
|move|p1a: Ribombee|Stun Spore|p2a: Gholdengo
|-immune|p2a: Gholdengo|[from] ability: Good as Gold
|
|upkeep
|turn|22
|
|t:|1769307037
|move|p2a: Gholdengo|Shadow Ball|p1a: Ribombee
|-damage|p1a: Ribombee|0 fnt
|faint|p1a: Ribombee
|
|upkeep
|inactive|Battle timer is ON: inactive players will automatically lose when time's up. (requested by 469484649481A)
|
|t:|1769307058
|switch|p1a: Gastrodon|Gastrodon-East, F|82/100
|-damage|p1a: Gastrodon|57/100|[from] Spikes
|-damage|p1a: Gastrodon|51/100|[from] Stealth Rock
|turn|23
|
|t:|1769307064
|move|p2a: Gholdengo|Shadow Ball|p1a: Gastrodon
|-damage|p1a: Gastrodon|21/100
|move|p1a: Gastrodon|Recover|p1a: Gastrodon
|-heal|p1a: Gastrodon|71/100
|
|-heal|p1a: Gastrodon|77/100|[from] item: Leftovers
|upkeep
|turn|24
|
|t:|1769307076
|switch|p2a: Gliscor|Gliscor, M|100/100
|move|p1a: Gastrodon|Acid Armor|p1a: Gastrodon
|-boost|p1a: Gastrodon|def|2
|
|-heal|p1a: Gastrodon|83/100|[from] item: Leftovers
|-status|p2a: Gliscor|tox|[from] item: Toxic Orb
|upkeep
|turn|25
|
|t:|1769307088
|move|p1a: Gastrodon|Protect|p1a: Gastrodon
|-singleturn|p1a: Gastrodon|Protect
|move|p2a: Gliscor|Toxic|p1a: Gastrodon
|-activate|p1a: Gastrodon|move: Protect
|
|-heal|p1a: Gastrodon|89/100|[from] item: Leftovers
|upkeep
|turn|26
|
|t:|1769307102
|switch|p1a: Rotom|Rotom-Wash|100/100
|-damage|p1a: Rotom|88/100|[from] Stealth Rock
|move|p2a: Gliscor|Toxic|p1a: Rotom
|-status|p1a: Rotom|tox
|
|-heal|p1a: Rotom|94/100 tox|[from] item: Leftovers
|-damage|p1a: Rotom|88/100 tox|[from] psn
|upkeep
|turn|27
|
|t:|1769307114
|switch|p2a: Skarmory|Skarmory, F, tera:Electric|100/100
|move|p1a: Rotom|Hydro Pump|p2a: Skarmory
|-damage|p2a: Skarmory|36/100
|
|-heal|p1a: Rotom|94/100 tox|[from] item: Leftovers
|-heal|p2a: Skarmory|42/100|[from] item: Leftovers
|-damage|p1a: Rotom|82/100 tox|[from] psn
|upkeep
|turn|28
|
|t:|1769307125
|move|p1a: Rotom|Hydro Pump|p2a: Skarmory
|-damage|p2a: Skarmory|0 fnt
|faint|p2a: Skarmory
|
|-heal|p1a: Rotom|88/100 tox|[from] item: Leftovers
|-damage|p1a: Rotom|69/100 tox|[from] psn
|upkeep
|
|t:|1769307136
|switch|p2a: Gholdengo|Gholdengo|100/100
|turn|29
|
|t:|1769307145
|move|p2a: Gholdengo|Make It Rain|p1a: Rotom
|-resisted|p1a: Rotom
|-damage|p1a: Rotom|48/100 tox
|-unboost|p2a: Gholdengo|spa|1
|move|p1a: Rotom|Hex|p2a: Gholdengo
|-supereffective|p2a: Gholdengo
|-damage|p2a: Gholdengo|57/100
|
|-heal|p1a: Rotom|54/100 tox|[from] item: Leftovers
|-damage|p1a: Rotom|30/100 tox|[from] psn
|upkeep
|turn|30
|
|t:|1769307165
|switch|p2a: Gliscor|Gliscor, M|100/100 tox
|move|p1a: Rotom|Dark Pulse|p2a: Gliscor
|-damage|p2a: Gliscor|80/100 tox
|
|-heal|p1a: Rotom|36/100 tox|[from] item: Leftovers
|-damage|p1a: Rotom|5/100 tox|[from] psn
|-heal|p2a: Gliscor|92/100 tox|[from] ability: Poison Heal
|upkeep
|turn|31
|
|t:|1769307179
|move|p2a: Gliscor|Protect|p2a: Gliscor
|-singleturn|p2a: Gliscor|Protect
|move|p1a: Rotom|Hydro Pump|p2a: Gliscor
|-activate|p2a: Gliscor|move: Protect
|
|-heal|p1a: Rotom|11/100 tox|[from] item: Leftovers
|-damage|p1a: Rotom|0 fnt|[from] psn
|faint|p1a: Rotom
|-heal|p2a: Gliscor|100/100 tox|[from] ability: Poison Heal
|upkeep
|
|t:|1769307194
|switch|p1a: Cresselia|Cresselia, F|88/100
|-damage|p1a: Cresselia|75/100|[from] Stealth Rock
|turn|32
|
|t:|1769307203
|move|p2a: Gliscor|Toxic|p1a: Cresselia
|-status|p1a: Cresselia|tox
|move|p1a: Cresselia|Moonlight|p1a: Cresselia
|-heal|p1a: Cresselia|100/100 tox
|
|-damage|p1a: Cresselia|94/100 tox|[from] psn
|upkeep
|turn|33
|
|t:|1769307212
|move|p2a: Gliscor|Substitute|p2a: Gliscor
|-start|p2a: Gliscor|Substitute
|-damage|p2a: Gliscor|76/100 tox
|move|p1a: Cresselia|Psychic|p2a: Gliscor
|-end|p2a: Gliscor|Substitute
|
|-heal|p1a: Cresselia|100/100 tox|[from] item: Leftovers
|-heal|p2a: Gliscor|88/100 tox|[from] ability: Poison Heal
|-damage|p1a: Cresselia|88/100 tox|[from] psn
|upkeep
|turn|34
|
|t:|1769307225
|move|p2a: Gliscor|Earthquake|p1a: Cresselia
|-immune|p1a: Cresselia|[from] ability: Levitate
|move|p1a: Cresselia|Psychic|p2a: Gliscor
|-damage|p2a: Gliscor|58/100 tox
|
|-heal|p1a: Cresselia|94/100 tox|[from] item: Leftovers
|-heal|p2a: Gliscor|70/100 tox|[from] ability: Poison Heal
|-damage|p1a: Cresselia|76/100 tox|[from] psn
|upkeep
|turn|35
|
|t:|1769307247
|move|p2a: Gliscor|Protect|p2a: Gliscor
|-singleturn|p2a: Gliscor|Protect
|move|p1a: Cresselia|Calm Mind|p1a: Cresselia
|-boost|p1a: Cresselia|spa|1
|-boost|p1a: Cresselia|spd|1
|
|-heal|p1a: Cresselia|82/100 tox|[from] item: Leftovers
|-heal|p2a: Gliscor|82/100 tox|[from] ability: Poison Heal
|-damage|p1a: Cresselia|58/100 tox|[from] psn
|upkeep
|turn|36
|
|t:|1769307261
|move|p2a: Gliscor|Substitute|p2a: Gliscor
|-start|p2a: Gliscor|Substitute
|-damage|p2a: Gliscor|58/100 tox
|move|p1a: Cresselia|Moonblast|p2a: Gliscor
|-end|p2a: Gliscor|Substitute
|
|-heal|p1a: Cresselia|64/100 tox|[from] item: Leftovers
|-heal|p2a: Gliscor|70/100 tox|[from] ability: Poison Heal
|-damage|p1a: Cresselia|34/100 tox|[from] psn
|upkeep
|turn|37
|
|t:|1769307273
|switch|p1a: Seviper|Seviper, M, shiny|56/100
|-damage|p1a: Seviper|32/100|[from] Spikes
|-damage|p1a: Seviper|19/100|[from] Stealth Rock
|move|p2a: Gliscor|Substitute|p2a: Gliscor
|-start|p2a: Gliscor|Substitute
|-damage|p2a: Gliscor|45/100 tox
|
|-heal|p1a: Seviper|25/100|[from] item: Leftovers
|-heal|p2a: Gliscor|58/100 tox|[from] ability: Poison Heal
|upkeep
|turn|38
|
|t:|1769307285
|move|p2a: Gliscor|Earthquake|p1a: Seviper
|-supereffective|p1a: Seviper
|-damage|p1a: Seviper|0 fnt
|faint|p1a: Seviper
|
|-heal|p2a: Gliscor|70/100 tox|[from] ability: Poison Heal
|upkeep
|
|t:|1769307289
|switch|p1a: Gastrodon|Gastrodon-East, F|89/100
|-damage|p1a: Gastrodon|64/100|[from] Spikes
|-damage|p1a: Gastrodon|58/100|[from] Stealth Rock
|turn|39
|-message|turborotom2000 forfeited.
|
|win|469484649481A
|raw|turborotom2000's rating: 1092 &rarr; <strong>1069</strong><br />(-23 for losing)
|raw|469484649481A's rating: 1097 &rarr; <strong>1122</strong><br />(+25 for winning)
|l|☆turborotom2000
|player|p1|
|l|☆469484649481A
|player|p2|
