|j|☆Hgfhhfghfff
|j|☆Napple09
|t:|1769320074
|gametype|singles
|player|p1|Hgfhhfghfff|lucas|1599
|player|p2|Napple09|pokemonbreeder-gen6|1579
|gen|9
|tier|[Gen 9] OU
|rated|
|rule|HP Percentage Mod: HP is shown in percentages
|rule|Endless Battle Clause: Forcing endless battles is banned
|rule|Species Clause: Limit one of each Pokémon
|rule|OHKO Clause: OHKO moves are banned
|rule|Evasion Items Clause: Evasion items are banned
|rule|Evasion Moves Clause: Evasion moves are banned
|rule|Evasion Abilities Clause: Evasion abilities are banned
|rule|Sleep Moves Clause: Sleep-inducing moves are banned
|clearpoke
|poke|p1|Scream Tail|
|poke|p1|Iron Hands|
|poke|p1|Talonflame, F|
|poke|p1|Latios, M|
|poke|p1|Ursaluna, F|
|poke|p1|Grimmsnarl, M|
|poke|p2|Hydrapple, F|
|poke|p2|Great Tusk|
|poke|p2|Lokix, F|
|poke|p2|Cinderace, M|
|poke|p2|Alomomola, M|
|poke|p2|Slowking-Galar, F|
|teampreview
|inactive|Battle timer is ON: inactive players will automatically lose when time's up. (requested by Napple09)
|
|t:|1769320096
|teamsize|p1|6
|teamsize|p2|6
|start
|switch|p1a: Grimmsnarl|Grimmsnarl, M|100/100
|switch|p2a: 【 Eepy 】|Slowking-Galar, F|100/100
|turn|1
|
|t:|1769320101
|move|p1a: Grimmsnarl|Throat Chop|p2a: 【 Eepy 】
|-supereffective|p2a: 【 Eepy 】
|-damage|p2a: 【 Eepy 】|24/100
|-start|p2a: 【 Eepy 】|Throat Chop|[silent]
|move|p2a: 【 Eepy 】|Trick|p1a: Grimmsnarl
|-activate|p2a: 【 Eepy 】|move: Trick|[of] p1a: Grimmsnarl
|-item|p1a: Grimmsnarl|Black Sludge|[from] move: Trick
|-item|p2a: 【 Eepy 】|Expert Belt|[from] move: Trick
|
|-damage|p1a: Grimmsnarl|88/100|[from] item: Black Sludge
|upkeep
|turn|2
|
|t:|1769320114
|switch|p2a: 【 Momo 】|Alomomola, M|100/100
|move|p1a: Grimmsnarl|Spirit Break|p2a: 【 Momo 】
|-damage|p2a: 【 Momo 】|73/100
|-unboost|p2a: 【 Momo 】|spa|1
|
|-damage|p1a: Grimmsnarl|75/100|[from] item: Black Sludge
|upkeep
|turn|3
|
|t:|1769320120
|move|p1a: Grimmsnarl|Parting Shot|p2a: 【 Momo 】
|-unboost|p2a: 【 Momo 】|atk|1
|-unboost|p2a: 【 Momo 】|spa|1
|
|t:|1769320123
|switch|p1a: Latios|Latios, M|100/100|[from] Parting Shot
|move|p2a: 【 Momo 】|Flip Turn|p1a: Latios
|-resisted|p1a: Latios
|-damage|p1a: Latios|93/100
|
|t:|1769320126
|switch|p2a: 【 Luffy 】|Lokix, F|100/100|[from] Flip Turn
|
|upkeep
|turn|4
|
|t:|1769320132
|switch|p1a: Talonflame|Talonflame, F|100/100
|move|p2a: 【 Luffy 】|First Impression|p1a: Talonflame
|-resisted|p1a: Talonflame
|-damage|p1a: Talonflame|60/100
|
|upkeep
|turn|5
|
|t:|1769320138
|switch|p2a: 【 Momo 】|Alomomola, M|100/100
|move|p1a: Talonflame|Roost|p1a: Talonflame
|-heal|p1a: Talonflame|100/100
|-singleturn|p1a: Talonflame|move: Roost
|
|upkeep
|turn|6
|
|t:|1769320142
|move|p1a: Talonflame|U-turn|p2a: 【 Momo 】
|-damage|p2a: 【 Momo 】|92/100
|
|t:|1769320147
|switch|p1a: Scream Tail|Scream Tail|100/100|[from] U-turn
|move|p2a: 【 Momo 】|Flip Turn|p1a: Scream Tail
|-damage|p1a: Scream Tail|89/100
|
|t:|1769320153
|switch|p2a: 【 Eepy 】|Slowking-Galar, F|57/100|[from] Flip Turn
|
|-heal|p1a: Scream Tail|95/100|[from] item: Leftovers
|upkeep
|turn|7
|
|t:|1769320160
|-end|p1a: Scream Tail|Protosynthesis|[silent]
|switch|p1a: Ursaluna|Ursaluna, F|100/100
|-prepare|p2a: 【 Eepy 】|Chilly Reception|[premajor]
|move|p2a: 【 Eepy 】|Chilly Reception|p2a: 【 Eepy 】
|-weather|Snowscape
|
|t:|1769320174
|switch|p2a: 【 Syrup 】|Hydrapple, F|100/100|[from] Chilly Reception
|
|-weather|Snowscape|[upkeep]
|-status|p1a: Ursaluna|brn|[from] item: Flame Orb
|upkeep
|turn|8
|
|t:|1769320180
|switch|p1a: Scream Tail|Scream Tail|95/100
|move|p2a: 【 Syrup 】|Leaf Storm|p1a: Scream Tail
|-damage|p1a: Scream Tail|52/100
|-unboost|p2a: 【 Syrup 】|spa|2
|-damage|p2a: 【 Syrup 】|91/100|[from] item: Life Orb
|
|-weather|Snowscape|[upkeep]
|-heal|p1a: Scream Tail|58/100|[from] item: Leftovers
|upkeep
|turn|9
|
|t:|1769320185
|switch|p2a: 【 Eepy 】|Slowking-Galar, F|90/100
|move|p1a: Scream Tail|Wish|p1a: Scream Tail
|
|-weather|Snowscape|[upkeep]
|-heal|p1a: Scream Tail|64/100|[from] item: Leftovers
|upkeep
|turn|10
|
|t:|1769320194
|move|p1a: Scream Tail|Protect|p1a: Scream Tail
|-singleturn|p1a: Scream Tail|Protect
|-prepare|p2a: 【 Eepy 】|Chilly Reception|[premajor]
|move|p2a: 【 Eepy 】|Chilly Reception|p2a: 【 Eepy 】
|
|t:|1769320205
|switch|p2a: 【 Cindy 】|Cinderace, M|100/100|[from] Chilly Reception
|
|-weather|Snowscape|[upkeep]
|-heal|p1a: Scream Tail|100/100|[from] move: Wish|[wisher] Scream Tail
|upkeep
|turn|11
|
|t:|1769320209
|-end|p1a: Scream Tail|Protosynthesis|[silent]
|switch|p1a: Talonflame|Talonflame, F|100/100
|move|p2a: 【 Cindy 】|Pyro Ball|p1a: Talonflame
|-resisted|p1a: Talonflame
|-damage|p1a: Talonflame|68/100
|
|-weather|none
|upkeep
|turn|12
|
|t:|1769320214
|move|p1a: Talonflame|Flamethrower|p2a: 【 Cindy 】
|-resisted|p2a: 【 Cindy 】
|-damage|p2a: 【 Cindy 】|85/100
|move|p2a: 【 Cindy 】|Pyro Ball|p1a: Talonflame
|-resisted|p1a: Talonflame
|-damage|p1a: Talonflame|38/100
|
|upkeep
|turn|13
|
|t:|1769320220
|move|p1a: Talonflame|Roost|p1a: Talonflame
|-heal|p1a: Talonflame|89/100
|-singleturn|p1a: Talonflame|move: Roost
|move|p2a: 【 Cindy 】|U-turn|p1a: Talonflame
|-resisted|p1a: Talonflame
|-damage|p1a: Talonflame|76/100
|
|t:|1769320223
|switch|p2a: 【 Syrup 】|Hydrapple, F|100/100|[from] U-turn
|
|upkeep
|turn|14
|
|t:|1769320228
|move|p1a: Talonflame|U-turn|p2a: 【 Syrup 】
|-supereffective|p2a: 【 Syrup 】
|-damage|p2a: 【 Syrup 】|80/100
|
|t:|1769320232
|switch|p1a: Scream Tail|Scream Tail|100/100|[from] U-turn
|move|p2a: 【 Syrup 】|Fickle Beam|p1a: Scream Tail
|-immune|p1a: Scream Tail
|
|upkeep
|turn|15
|
|t:|1769320241
|move|p2a: 【 Syrup 】|Nasty Plot|p2a: 【 Syrup 】
|-boost|p2a: 【 Syrup 】|spa|2
|move|p1a: Scream Tail|Trick Room|p1a: Scream Tail
|-fieldstart|move: Trick Room|[of] p1a: Scream Tail
|
|upkeep
|turn|16
|
|t:|1769320250
|move|p1a: Scream Tail|Protect|p1a: Scream Tail
|-singleturn|p1a: Scream Tail|Protect
|move|p2a: 【 Syrup 】|Leaf Storm|p1a: Scream Tail
|-activate|p1a: Scream Tail|move: Protect
|
|upkeep
|turn|17
|
|t:|1769320260
|move|p2a: 【 Syrup 】|Fickle Beam|p1a: Scream Tail
|-immune|p1a: Scream Tail
|move|p1a: Scream Tail|Encore|p2a: 【 Syrup 】
|-start|p2a: 【 Syrup 】|Encore
|
|upkeep
|turn|18
|
|t:|1769320274
|-end|p1a: Scream Tail|Protosynthesis|[silent]
|switch|p1a: Grimmsnarl|Grimmsnarl, M|75/100
|move|p2a: 【 Syrup 】|Fickle Beam|p1a: Grimmsnarl
|-immune|p1a: Grimmsnarl
|
|-damage|p1a: Grimmsnarl|63/100|[from] item: Black Sludge
|upkeep
|turn|19
|
|t:|1769320280
|switch|p2a: 【 Eepy 】|Slowking-Galar, F|100/100
|move|p1a: Grimmsnarl|Parting Shot|p2a: 【 Eepy 】
|-unboost|p2a: 【 Eepy 】|atk|1
|-unboost|p2a: 【 Eepy 】|spa|1
|
|t:|1769320283
|switch|p1a: Ursaluna|Ursaluna, F|100/100 brn|[from] Parting Shot
|
|-damage|p1a: Ursaluna|94/100 brn|[from] brn
|-fieldend|move: Trick Room
|upkeep
|turn|20
|
|t:|1769320286
|switch|p2a: 【 Syrup 】|Hydrapple, F|100/100
|move|p1a: Ursaluna|Facade|p2a: 【 Syrup 】
|-damage|p2a: 【 Syrup 】|0 fnt
|faint|p2a: 【 Syrup 】
|
|-damage|p1a: Ursaluna|88/100 brn|[from] brn
|upkeep
|-message|Napple09 forfeited.
|
|win|Hgfhhfghfff
|raw|Hgfhhfghfff's rating: 1599 &rarr; <strong>1618</strong><br />(+19 for winning)
|raw|Napple09's rating: 1579 &rarr; <strong>1560</strong><br />(-19 for losing)
|l|☆Napple09
|player|p2|
|l|☆Hgfhhfghfff
|player|p1|
