|j|☆UnseriousOlivia
|j|☆Darkmaniman+Minus
|t:|1769376393
|gametype|singles
|player|p1|UnseriousOlivia|miku-flying|1427
|player|p2|Darkmaniman+Minus|102|1431
|gen|9
|tier|[Gen 9] OU
|rated|
|rule|HP Percentage Mod: HP is shown in percentages
|rule|Endless Battle Clause: Forcing endless battles is banned
|rule|Species Clause: Limit one of each Pokémon
|rule|OHKO Clause: OHKO moves are banned
|rule|Evasion Items Clause: Evasion items are banned
|rule|Evasion Moves Clause: Evasion moves are banned
|rule|Evasion Abilities Clause: Evasion abilities are banned
|rule|Sleep Moves Clause: Sleep-inducing moves are banned
|clearpoke
|poke|p1|Decidueye-Hisui, F|
|poke|p1|Typhlosion-Hisui, M|
|poke|p1|Great Tusk|
|poke|p1|Clefable, F|
|poke|p1|Glimmora, M|
|poke|p1|Feraligatr, M|
|poke|p2|Iron Crown|
|poke|p2|Ninetales-Alola, M|
|poke|p2|Blaziken, F|
|poke|p2|Kommo-o, F|
|poke|p2|Gliscor, F|
|poke|p2|Great Tusk|
|teampreview
|
|t:|1769376424
|teamsize|p1|6
|teamsize|p2|6
|start
|switch|p1a: Clefable|Clefable, F|100/100
|switch|p2a: Iron Crown|Iron Crown|100/100
|turn|1
|
|t:|1769376446
|-terastallize|p1a: Clefable|Water
|move|p2a: Iron Crown|Calm Mind|p2a: Iron Crown
|-boost|p2a: Iron Crown|spa|1
|-boost|p2a: Iron Crown|spd|1
|move|p1a: Clefable|Thunder Wave|p2a: Iron Crown|[miss]
|-miss|p1a: Clefable|p2a: Iron Crown
|
|upkeep
|turn|2
|
|t:|1769376466
|move|p2a: Iron Crown|Agility|p2a: Iron Crown
|-boost|p2a: Iron Crown|spe|2
|move|p1a: Clefable|Stealth Rock|p2a: Iron Crown
|-sidestart|p2: Darkmaniman+Minus|move: Stealth Rock
|
|upkeep
|turn|3
|
|t:|1769376474
|move|p2a: Iron Crown|Agility|p2a: Iron Crown
|-boost|p2a: Iron Crown|spe|2
|move|p1a: Clefable|Encore|p2a: Iron Crown
|-start|p2a: Iron Crown|Encore
|
|upkeep
|turn|4
|
|t:|1769376495
|switch|p1a: Typhlosion|Typhlosion-Hisui, M|100/100
|move|p2a: Iron Crown|Agility|p2a: Iron Crown
|-boost|p2a: Iron Crown|spe|2
|
|upkeep
|turn|5
|
|t:|1769376525
|-end|p2a: Iron Crown|Quark Drive|[silent]
|switch|p2a: Gliscor|Gliscor, F|100/100
|-damage|p2a: Gliscor|88/100|[from] Stealth Rock
|move|p1a: Typhlosion|Eruption|p2a: Gliscor
|-damage|p2a: Gliscor|1/100
|
|-status|p2a: Gliscor|tox|[from] item: Toxic Orb
|upkeep
|turn|6
|
|t:|1769376535
|move|p1a: Typhlosion|Eruption|p2a: Gliscor
|-crit|p2a: Gliscor
|-damage|p2a: Gliscor|0 fnt
|faint|p2a: Gliscor
|
|upkeep
|
|t:|1769376542
|switch|p2a: Kommo-o|Kommo-o, F|100/100
|-damage|p2a: Kommo-o|94/100|[from] Stealth Rock
|turn|7
|
|t:|1769376547
|switch|p1a: Clefable|Clefable, F, tera:Water|100/100
|move|p2a: Kommo-o|Clangorous Soul|p2a: Kommo-o
|-boost|p2a: Kommo-o|atk|1
|-boost|p2a: Kommo-o|def|1
|-boost|p2a: Kommo-o|spa|1
|-boost|p2a: Kommo-o|spd|1
|-boost|p2a: Kommo-o|spe|1
|-damage|p2a: Kommo-o|61/100
|
|upkeep
|turn|8
|
|t:|1769376552
|move|p2a: Kommo-o|Boomburst|p1a: Clefable
|-damage|p1a: Clefable|57/100
|move|p1a: Clefable|Moonblast|p2a: Kommo-o
|-supereffective|p2a: Kommo-o
|-damage|p2a: Kommo-o|0 fnt
|faint|p2a: Kommo-o
|
|-heal|p1a: Clefable|63/100|[from] item: Leftovers
|upkeep
|
|t:|1769376564
|switch|p2a: Iron Crown|Iron Crown|100/100
|-damage|p2a: Iron Crown|94/100|[from] Stealth Rock
|turn|9
|
|t:|1769376571
|move|p2a: Iron Crown|Agility|p2a: Iron Crown
|-boost|p2a: Iron Crown|spe|2
|move|p1a: Clefable|Thunder Wave|p2a: Iron Crown|[miss]
|-miss|p1a: Clefable|p2a: Iron Crown
|
|-heal|p1a: Clefable|69/100|[from] item: Leftovers
|upkeep
|turn|10
|
|t:|1769376576
|move|p2a: Iron Crown|Calm Mind|p2a: Iron Crown
|-boost|p2a: Iron Crown|spa|1
|-boost|p2a: Iron Crown|spd|1
|move|p1a: Clefable|Encore|p2a: Iron Crown
|-start|p2a: Iron Crown|Encore
|
|-heal|p1a: Clefable|75/100|[from] item: Leftovers
|upkeep
|turn|11
|
|t:|1769376612
|switch|p1a: Great Tusk|Great Tusk|100/100
|move|p2a: Iron Crown|Calm Mind|p2a: Iron Crown
|-boost|p2a: Iron Crown|spa|1
|-boost|p2a: Iron Crown|spd|1
|
|upkeep
|turn|12
|
|t:|1769376620
|-terastallize|p2a: Iron Crown|Fighting
|move|p2a: Iron Crown|Calm Mind|p2a: Iron Crown
|-boost|p2a: Iron Crown|spa|1
|-boost|p2a: Iron Crown|spd|1
|move|p1a: Great Tusk|Headlong Rush|p2a: Iron Crown
|-damage|p2a: Iron Crown|53/100
|-unboost|p1a: Great Tusk|def|1
|-unboost|p1a: Great Tusk|spd|1
|
|upkeep
|turn|13
|
|t:|1769376625
|move|p2a: Iron Crown|Calm Mind|p2a: Iron Crown
|-boost|p2a: Iron Crown|spa|1
|-boost|p2a: Iron Crown|spd|1
|move|p1a: Great Tusk|Headlong Rush|p2a: Iron Crown
|-damage|p2a: Iron Crown|9/100
|-unboost|p1a: Great Tusk|def|1
|-unboost|p1a: Great Tusk|spd|1
|
|-end|p2a: Iron Crown|Encore
|upkeep
|turn|14
|
|t:|1769376632
|move|p2a: Iron Crown|Tera Blast|p1a: Great Tusk|[anim] Tera Blast Fighting
|-damage|p1a: Great Tusk|0 fnt
|faint|p1a: Great Tusk
|-end|p1a: Great Tusk|Protosynthesis|[silent]
|
|upkeep
|
|t:|1769376637
|switch|p1a: Clefable|Clefable, F, tera:Water|75/100
|turn|15
|
|t:|1769376641
|move|p2a: Iron Crown|Stored Power|p1a: Clefable
|-damage|p1a: Clefable|0 fnt
|faint|p1a: Clefable
|
|upkeep
|-message|UnseriousOlivia forfeited.
|
|win|Darkmaniman+Minus
|raw|UnseriousOlivia's rating: 1427 &rarr; <strong>1407</strong><br />(-20 for losing)
|raw|Darkmaniman+Minus's rating: 1431 &rarr; <strong>1451</strong><br />(+20 for winning)
|l|☆UnseriousOlivia
|player|p1|
|l|☆Darkmaniman+Minus
|player|p2|
