|j|☆7600x
|j|☆capt.once
|t:|1769441188
|gametype|singles
|player|p1|7600x|101|1369
|player|p2|capt.once|clerkf|1382
|gen|9
|tier|[Gen 9] OU
|rated|
|rule|HP Percentage Mod: HP is shown in percentages
|rule|Endless Battle Clause: Forcing endless battles is banned
|rule|Species Clause: Limit one of each Pokémon
|rule|OHKO Clause: OHKO moves are banned
|rule|Evasion Items Clause: Evasion items are banned
|rule|Evasion Moves Clause: Evasion moves are banned
|rule|Evasion Abilities Clause: Evasion abilities are banned
|rule|Sleep Moves Clause: Sleep-inducing moves are banned
|clearpoke
|poke|p1|Ninetales, F|
|poke|p1|Ceruledge, F|
|poke|p1|Venusaur, M|
|poke|p1|Hatterene, F|
|poke|p1|Walking Wake|
|poke|p1|Great Tusk|
|poke|p2|Samurott-Hisui, F|
|poke|p2|Salamence, M|
|poke|p2|Abomasnow, F|
|poke|p2|Glimmora, M|
|poke|p2|Iron Valiant|
|poke|p2|Iron Hands|
|teampreview
|inactive|Battle timer is ON: inactive players will automatically lose when time's up. (requested by capt.once)
|
|t:|1769441202
|teamsize|p1|6
|teamsize|p2|6
|start
|switch|p1a: Doughnut|Venusaur, M|100/100
|switch|p2a: Glimmora|Glimmora, M|100/100
|turn|1
|
|t:|1769441214
|move|p2a: Glimmora|Sludge Wave|p1a: Doughnut
|-damage|p1a: Doughnut|40/100
|move|p1a: Doughnut|Giga Drain|p2a: Glimmora
|-damage|p2a: Glimmora|37/100
|-heal|p1a: Doughnut|72/100|[from] drain|[of] p2a: Glimmora
|-damage|p1a: Doughnut|62/100|[from] item: Life Orb
|
|-heal|p2a: Glimmora|43/100|[from] item: Black Sludge
|upkeep
|turn|2
|
|t:|1769441225
|move|p2a: Glimmora|Sludge Wave|p1a: Doughnut
|-damage|p1a: Doughnut|10/100
|move|p1a: Doughnut|Giga Drain|p2a: Glimmora
|-damage|p2a: Glimmora|0 fnt
|-heal|p1a: Doughnut|32/100|[from] drain|[of] p2a: Glimmora
|faint|p2a: Glimmora
|-damage|p1a: Doughnut|22/100|[from] item: Life Orb
|
|upkeep
|
|t:|1769441234
|switch|p2a: Samurott|Samurott-Hisui, F|100/100
|turn|3
|
|t:|1769441238
|move|p2a: Samurott|Ceaseless Edge|p1a: Doughnut
|-damage|p1a: Doughnut|0 fnt
|-sidestart|p1: 7600x|Spikes
|faint|p1a: Doughnut
|
|upkeep
|
|t:|1769441249
|switch|p1a: Cinnamon Roll|Walking Wake|100/100
|-damage|p1a: Cinnamon Roll|88/100|[from] Spikes
|turn|4
|
|t:|1769441258
|move|p2a: Samurott|Ceaseless Edge|p1a: Cinnamon Roll
|-damage|p1a: Cinnamon Roll|36/100
|-sidestart|p1: 7600x|Spikes
|move|p1a: Cinnamon Roll|Draco Meteor|p2a: Samurott
|-damage|p2a: Samurott|0 fnt
|-unboost|p1a: Cinnamon Roll|spa|2
|faint|p2a: Samurott
|
|upkeep
|
|t:|1769441276
|switch|p2a: Abomasnow|Abomasnow, F|100/100
|-weather|Snowscape|[from] ability: Snow Warning|[of] p2a: Abomasnow
|turn|5
|
|t:|1769441281
|-end|p1a: Cinnamon Roll|Protosynthesis|[silent]
|switch|p1a: Croissant|Ninetales, F, shiny|100/100
|-damage|p1a: Croissant|84/100|[from] Spikes
|-weather|SunnyDay|[from] ability: Drought|[of] p1a: Croissant
|move|p2a: Abomasnow|Blizzard|p1a: Croissant
|-resisted|p1a: Croissant
|-damage|p1a: Croissant|60/100
|
|-weather|SunnyDay|[upkeep]
|upkeep
|turn|6
|
|t:|1769441300
|switch|p2a: Salamence|Salamence, M|100/100
|move|p1a: Croissant|Will-O-Wisp|p2a: Salamence
|-status|p2a: Salamence|brn
|-enditem|p2a: Salamence|Lum Berry|[eat]
|-curestatus|p2a: Salamence|brn|[msg]
|
|-weather|SunnyDay|[upkeep]
|upkeep
|turn|7
|
|t:|1769441316
|-terastallize|p2a: Salamence|Fire
|move|p2a: Salamence|Dragon Dance|p2a: Salamence
|-boost|p2a: Salamence|atk|1
|-boost|p2a: Salamence|spe|1
|move|p1a: Croissant|Will-O-Wisp|p2a: Salamence|[miss]
|-miss|p1a: Croissant|p2a: Salamence
|
|-weather|SunnyDay|[upkeep]
|upkeep
|turn|8
|
|t:|1769441325
|move|p2a: Salamence|Dual Wingbeat|p1a: Croissant
|-damage|p1a: Croissant|18/100
|-damage|p1a: Croissant|0 fnt
|faint|p1a: Croissant
|-ability|p2a: Salamence|Moxie|boost
|-boost|p2a: Salamence|atk|1
|-hitcount|p1: Croissant|2
|
|-weather|SunnyDay|[upkeep]
|upkeep
|inactive|7600x has 120 seconds left.
|
|t:|1769441363
|switch|p1a: Macaron|Great Tusk|100/100
|-damage|p1a: Macaron|84/100|[from] Spikes
|-activate|p1a: Macaron|ability: Protosynthesis
|-start|p1a: Macaron|protosynthesisspe
|turn|9
|inactive|7600x has 120 seconds left.
|
|t:|1769441385
|-terastallize|p1a: Macaron|Fire
|move|p2a: Salamence|Dual Wingbeat|p1a: Macaron
|-damage|p1a: Macaron|58/100
|-damage|p2a: Salamence|84/100|[from] item: Rocky Helmet|[of] p1a: Macaron
|-damage|p1a: Macaron|30/100
|-damage|p2a: Salamence|67/100|[from] item: Rocky Helmet|[of] p1a: Macaron
|-hitcount|p1a: Macaron|2
|move|p1a: Macaron|Headlong Rush|p2a: Salamence
|-supereffective|p2a: Salamence
|-damage|p2a: Salamence|0 fnt
|-unboost|p1a: Macaron|def|1
|-unboost|p1a: Macaron|spd|1
|faint|p2a: Salamence
|
|-weather|SunnyDay|[upkeep]
|upkeep
|
|t:|1769441406
|switch|p2a: Iron Valiant|Iron Valiant|100/100
|-enditem|p2a: Iron Valiant|Booster Energy
|-activate|p2a: Iron Valiant|ability: Quark Drive|[fromitem]
|-start|p2a: Iron Valiant|quarkdrivespe
|turn|10
|
|t:|1769441412
|move|p2a: Iron Valiant|Aura Sphere|p1a: Macaron
|-damage|p1a: Macaron|0 fnt
|faint|p1a: Macaron
|-end|p1a: Macaron|Protosynthesis|[silent]
|
|-weather|SunnyDay|[upkeep]
|upkeep
|
|t:|1769441438
|switch|p1a: Éclair|Ceruledge, F|100/100
|-damage|p1a: Éclair|84/100|[from] Spikes
|turn|11
|
|t:|1769441456
|move|p2a: Iron Valiant|Psychic|p1a: Éclair
|-damage|p1a: Éclair|50/100
|-unboost|p1a: Éclair|spd|1
|move|p1a: Éclair|Bitter Blade|p2a: Iron Valiant
|-crit|p2a: Iron Valiant
|-damage|p2a: Iron Valiant|0 fnt
|-heal|p1a: Éclair|99/100|[from] drain|[of] p2a: Iron Valiant
|faint|p2a: Iron Valiant
|-end|p2a: Iron Valiant|Quark Drive|[silent]
|
|-weather|SunnyDay|[upkeep]
|upkeep
|
|t:|1769441469
|switch|p2a: Iron Hands|Iron Hands|100/100
|-enditem|p2a: Iron Hands|Booster Energy
|-activate|p2a: Iron Hands|ability: Quark Drive|[fromitem]
|-start|p2a: Iron Hands|quarkdriveatk
|turn|12
|
|t:|1769441481
|move|p1a: Éclair|Bitter Blade|p2a: Iron Hands
|-damage|p2a: Iron Hands|65/100
|-heal|p1a: Éclair|100/100|[from] drain|[of] p2a: Iron Hands
|move|p2a: Iron Hands|Earthquake|p1a: Éclair
|-supereffective|p1a: Éclair
|-enditem|p1a: Éclair|Focus Sash
|-damage|p1a: Éclair|1/100
|-ability|p1a: Éclair|Weak Armor|boost
|-unboost|p1a: Éclair|def|1
|-boost|p1a: Éclair|spe|2
|
|-weather|none
|upkeep
|turn|13
|
|t:|1769441494
|move|p1a: Éclair|Bitter Blade|p2a: Iron Hands
|-damage|p2a: Iron Hands|37/100
|-heal|p1a: Éclair|22/100|[from] drain|[of] p2a: Iron Hands
|move|p2a: Iron Hands|Earthquake|p1a: Éclair
|-supereffective|p1a: Éclair
|-damage|p1a: Éclair|0 fnt
|faint|p1a: Éclair
|
|upkeep
|
|t:|1769441505
|switch|p1a: Cinnamon Roll|Walking Wake|36/100
|-damage|p1a: Cinnamon Roll|19/100|[from] Spikes
|turn|14
|
|t:|1769441517
|move|p1a: Cinnamon Roll|Draco Meteor|p2a: Iron Hands|[miss]
|-miss|p1a: Cinnamon Roll|p2a: Iron Hands
|move|p2a: Iron Hands|Wild Charge|p1a: Cinnamon Roll
|-damage|p1a: Cinnamon Roll|0 fnt
|faint|p1a: Cinnamon Roll
|-end|p1a: Cinnamon Roll|Protosynthesis|[silent]
|-damage|p2a: Iron Hands|34/100|[from] Recoil
|
|upkeep
|
|t:|1769441524
|switch|p1a: Cannoli|Hatterene, F, shiny|100/100
|-damage|p1a: Cannoli|84/100|[from] Spikes
|turn|15
|
|t:|1769441538
|move|p2a: Iron Hands|Wild Charge|p1a: Cannoli
|-damage|p1a: Cannoli|25/100
|-damage|p2a: Iron Hands|23/100|[from] Recoil
|move|p1a: Cannoli|Dazzling Gleam|p2a: Iron Hands
|-supereffective|p2a: Iron Hands
|-damage|p2a: Iron Hands|0 fnt
|faint|p2a: Iron Hands
|-end|p2a: Iron Hands|Quark Drive|[silent]
|
|upkeep
|
|t:|1769441547
|switch|p2a: Abomasnow|Abomasnow, F|100/100
|-weather|Snowscape|[from] ability: Snow Warning|[of] p2a: Abomasnow
|turn|16
|
|t:|1769441551
|move|p2a: Abomasnow|Blizzard|p1a: Cannoli
|-crit|p1a: Cannoli
|-damage|p1a: Cannoli|0 fnt
|faint|p1a: Cannoli
|
|win|capt.once
|raw|7600x's rating: 1369 &rarr; <strong>1350</strong><br />(-19 for losing)
|raw|capt.once's rating: 1382 &rarr; <strong>1401</strong><br />(+19 for winning)
|l|☆capt.once
|player|p2|
|l|☆7600x
|player|p1|
