|j|☆mash13
|j|☆Zoemon3
|t:|1769321447
|gametype|singles
|player|p1|mash13|pokemaniac|1065
|player|p2|Zoemon3|1|1097
|gen|9
|tier|[Gen 9] OU
|rated|
|rule|HP Percentage Mod: HP is shown in percentages
|rule|Endless Battle Clause: Forcing endless battles is banned
|rule|Species Clause: Limit one of each Pokémon
|rule|OHKO Clause: OHKO moves are banned
|rule|Evasion Items Clause: Evasion items are banned
|rule|Evasion Moves Clause: Evasion moves are banned
|rule|Evasion Abilities Clause: Evasion abilities are banned
|rule|Sleep Moves Clause: Sleep-inducing moves are banned
|clearpoke
|poke|p1|Clefable, F|
|poke|p1|Samurott-Hisui, F|
|poke|p1|Glimmora, M|
|poke|p1|Great Tusk|
|poke|p1|Zapdos|
|poke|p1|Kyurem|
|poke|p2|Salamence, M|
|poke|p2|Swampert, M|
|poke|p2|Poliwrath, F|
|poke|p2|Porygon-Z|
|poke|p2|Gengar, F|
|poke|p2|Arcanine, F|
|teampreview
|inactive|Battle timer is ON: inactive players will automatically lose when time's up. (requested by mash13)
|
|t:|1769321476
|teamsize|p1|6
|teamsize|p2|6
|start
|switch|p1a: Samurott|Samurott-Hisui, F|100/100
|switch|p2a: Porygon-Z|Porygon-Z|100/100
|-ability|p2a: Porygon-Z|Download|boost
|-boost|p2a: Porygon-Z|spa|1
|turn|1
|inactive|Zoemon3 has 120 seconds left.
|
|t:|1769321507
|move|p1a: Samurott|Ceaseless Edge|p2a: Porygon-Z
|-damage|p2a: Porygon-Z|9/100
|-sidestart|p2: Zoemon3|Spikes
|move|p2a: Porygon-Z|Thunderbolt|p1a: Samurott
|-supereffective|p1a: Samurott
|-damage|p1a: Samurott|0 fnt
|faint|p1a: Samurott
|
|upkeep
|inactive|mash13 has 120 seconds left.
|
|t:|1769321563
|switch|p1a: Glimmora|Glimmora, M|100/100
|turn|2
|
|t:|1769321568
|move|p2a: Porygon-Z|Psychic|p1a: Glimmora
|-supereffective|p1a: Glimmora
|-damage|p1a: Glimmora|12/100
|move|p1a: Glimmora|Light Screen|p1a: Glimmora
|-sidestart|p1: mash13|move: Light Screen
|
|-heal|p1a: Glimmora|18/100|[from] item: Black Sludge
|upkeep
|turn|3
|
|t:|1769321579
|switch|p1a: Clefable|Clefable, F|100/100
|move|p2a: Porygon-Z|Psychic|p1a: Clefable
|-damage|p1a: Clefable|87/100
|
|-heal|p1a: Clefable|93/100|[from] item: Leftovers
|upkeep
|turn|4
|
|t:|1769321590
|switch|p2a: Arcanine|Arcanine, F|100/100
|-damage|p2a: Arcanine|88/100|[from] Spikes
|-ability|p2a: Arcanine|Intimidate|boost
|-unboost|p1a: Clefable|atk|1
|move|p1a: Clefable|Knock Off|p2a: Arcanine
|-damage|p2a: Arcanine|78/100
|-enditem|p2a: Arcanine|Quick Claw|[from] move: Knock Off|[of] p1a: Clefable
|
|-heal|p1a: Clefable|99/100|[from] item: Leftovers
|upkeep
|turn|5
|
|t:|1769321603
|move|p1a: Clefable|Thunder Wave|p2a: Arcanine
|-status|p2a: Arcanine|par
|move|p2a: Arcanine|Roar|p1a: Clefable
|drag|p1a: Kyurem|Kyurem|100/100
|-ability|p1a: Kyurem|Pressure
|
|upkeep
|turn|6
|
|t:|1769321616
|move|p1a: Kyurem|Earth Power|p2a: Arcanine
|-supereffective|p2a: Arcanine
|-damage|p2a: Arcanine|0 fnt
|faint|p2a: Arcanine
|-damage|p1a: Kyurem|91/100|[from] item: Life Orb
|
|-sideend|p1: mash13|move: Light Screen
|upkeep
|
|t:|1769321629
|switch|p2a: Swampert|Swampert, M|100/100
|-damage|p2a: Swampert|88/100|[from] Spikes
|turn|7
|inactive|mash13 has 120 seconds left.
|
|t:|1769321656
|-terastallize|p1a: Kyurem|Dragon
|move|p1a: Kyurem|Draco Meteor|p2a: Swampert
|-damage|p2a: Swampert|0 fnt
|-unboost|p1a: Kyurem|spa|2
|faint|p2a: Swampert
|-damage|p1a: Kyurem|81/100|[from] item: Life Orb
|
|upkeep
|
|t:|1769321670
|switch|p2a: Salamence|Salamence, M|100/100
|-ability|p2a: Salamence|Intimidate|boost
|-unboost|p1a: Kyurem|atk|1
|turn|8
|-message|Zoemon3 forfeited.
|
|win|mash13
|raw|mash13's rating: 1065 &rarr; <strong>1098</strong><br />(+33 for winning)
|raw|Zoemon3's rating: 1097 &rarr; <strong>1070</strong><br />(-27 for losing)
|l|☆Zoemon3
|player|p2|
