|j|☆ferrydiscs
|j|☆BOTBarrel
|t:|1769366651
|gametype|singles
|player|p1|ferrydiscs|will|1496
|player|p2|BOTBarrel|169|1551
|gen|9
|tier|[Gen 9] OU
|rated|
|rule|HP Percentage Mod: HP is shown in percentages
|rule|Endless Battle Clause: Forcing endless battles is banned
|rule|Species Clause: Limit one of each Pokémon
|rule|OHKO Clause: OHKO moves are banned
|rule|Evasion Items Clause: Evasion items are banned
|rule|Evasion Moves Clause: Evasion moves are banned
|rule|Evasion Abilities Clause: Evasion abilities are banned
|rule|Sleep Moves Clause: Sleep-inducing moves are banned
|clearpoke
|poke|p1|Tyranitar, M|
|poke|p1|Excadrill, M|
|poke|p1|Tornadus-Therian, M|
|poke|p1|Tinkaton, F|
|poke|p1|Sinistcha|
|poke|p1|Toxapex, M|
|poke|p2|Indeedee, M|
|poke|p2|Ursaluna, M|
|poke|p2|Hoopa-Unbound|
|poke|p2|Hatterene, F|
|poke|p2|Iron Hands|
|poke|p2|Cresselia, F|
|teampreview
|
|t:|1769366662
|teamsize|p1|6
|teamsize|p2|6
|start
|switch|p1a: Tyranitar|Tyranitar, M, shiny|100/100
|switch|p2a: Piñata|Iron Hands|100/100
|-weather|Sandstorm|[from] ability: Sand Stream|[of] p1a: Tyranitar
|-enditem|p2a: Piñata|Booster Energy
|-activate|p2a: Piñata|ability: Quark Drive|[fromitem]
|-start|p2a: Piñata|quarkdriveatk
|turn|1
|
|t:|1769366670
|switch|p1a: Toxapex|Toxapex, M, shiny|100/100
|move|p2a: Piñata|Supercell Slam|p1a: Toxapex
|-supereffective|p1a: Toxapex
|-damage|p1a: Toxapex|0 fnt
|faint|p1a: Toxapex
|
|-weather|Sandstorm|[upkeep]
|-damage|p2a: Piñata|94/100|[from] Sandstorm
|upkeep
|
|t:|1769366683
|switch|p1a: Sinistcha|Sinistcha, shiny|100/100
|turn|2
|
|t:|1769366699
|switch|p1a: Tyranitar|Tyranitar, M, shiny|100/100
|-end|p2a: Piñata|Quark Drive|[silent]
|switch|p2a: GKMC|Indeedee, M|100/100
|-fieldstart|move: Psychic Terrain|[from] ability: Psychic Surge|[of] p2a: GKMC
|
|-weather|Sandstorm|[upkeep]
|-damage|p2a: GKMC|94/100|[from] Sandstorm
|upkeep
|turn|3
|
|t:|1769366710
|switch|p2a: Piñata|Iron Hands|94/100
|move|p1a: Tyranitar|Low Kick|p2a: Piñata
|-damage|p2a: Piñata|45/100
|
|-weather|Sandstorm|[upkeep]
|-damage|p2a: Piñata|39/100|[from] Sandstorm
|upkeep
|turn|4
|
|t:|1769366722
|switch|p1a: Tinkaton|Tinkaton, F, shiny|100/100
|-item|p1a: Tinkaton|Air Balloon
|-end|p2a: Piñata|Quark Drive|[silent]
|switch|p2a: Forever Story|Cresselia, F|100/100
|
|-weather|Sandstorm|[upkeep]
|-damage|p2a: Forever Story|94/100|[from] Sandstorm
|upkeep
|turn|5
|
|t:|1769366725
|move|p1a: Tinkaton|Stealth Rock|p2a: Forever Story
|-sidestart|p2: BOTBarrel|move: Stealth Rock
|move|p2a: Forever Story|Moonblast|p1a: Tinkaton
|-resisted|p1a: Tinkaton
|-damage|p1a: Tinkaton|92/100
|-unboost|p1a: Tinkaton|spa|1
|-enditem|p1a: Tinkaton|Air Balloon
|
|-weather|none
|upkeep
|turn|6
|
|t:|1769366734
|move|p1a: Tinkaton|Encore|p2a: Forever Story
|-start|p2a: Forever Story|Encore
|move|p2a: Forever Story|Moonblast|p1a: Tinkaton
|-resisted|p1a: Tinkaton
|-damage|p1a: Tinkaton|82/100
|
|upkeep
|turn|7
|
|t:|1769366740
|switch|p2a: Piñata|Iron Hands|39/100
|-damage|p2a: Piñata|32/100|[from] Stealth Rock
|move|p1a: Tinkaton|Gigaton Hammer|p2a: Piñata
|-resisted|p2a: Piñata
|-damage|p2a: Piñata|13/100
|
|upkeep
|turn|8
|
|t:|1769366743
|move|p1a: Tinkaton|Ice Hammer|p2a: Piñata|[miss]
|-miss|p1a: Tinkaton|p2a: Piñata
|move|p2a: Piñata|Close Combat|p1a: Tinkaton
|-damage|p1a: Tinkaton|0 fnt
|-unboost|p2a: Piñata|def|1
|-unboost|p2a: Piñata|spd|1
|faint|p1a: Tinkaton
|
|upkeep
|
|t:|1769366749
|switch|p1a: Tyranitar|Tyranitar, M, shiny|100/100
|-weather|Sandstorm|[from] ability: Sand Stream|[of] p1a: Tyranitar
|turn|9
|
|t:|1769366752
|move|p1a: Tyranitar|Knock Off|p2a: Piñata
|-resisted|p2a: Piñata
|-damage|p2a: Piñata|0 fnt
|faint|p2a: Piñata
|-end|p2a: Piñata|Quark Drive|[silent]
|
|-weather|Sandstorm|[upkeep]
|-fieldend|move: Psychic Terrain
|upkeep
|
|t:|1769366760
|switch|p2a: Forever Story|Cresselia, F|94/100
|-damage|p2a: Forever Story|82/100|[from] Stealth Rock
|turn|10
|
|t:|1769366764
|move|p1a: Tyranitar|Knock Off|p2a: Forever Story
|-supereffective|p2a: Forever Story
|-enditem|p2a: Forever Story|Colbur Berry|[eat]
|-enditem|p2a: Forever Story|Colbur Berry|[weaken]
|-damage|p2a: Forever Story|36/100
|move|p2a: Forever Story|Trick Room|p2a: Forever Story
|-fieldstart|move: Trick Room|[of] p2a: Forever Story
|
|-weather|Sandstorm|[upkeep]
|-damage|p2a: Forever Story|30/100|[from] Sandstorm
|upkeep
|turn|11
|
|t:|1769366768
|move|p2a: Forever Story|Lunar Dance|p2a: Forever Story
|faint|p2a: Forever Story
|move|p1a: Tyranitar|Knock Off|p2: Forever Story|[notarget]
|-fail|p1a: Tyranitar
|
|-weather|Sandstorm|[upkeep]
|upkeep
|
|t:|1769366773
|switch|p2a: College Dropout|Ursaluna, M|100/100
|-damage|p2a: College Dropout|94/100|[from] Stealth Rock
|turn|12
|
|t:|1769366776
|switch|p1a: Sinistcha|Sinistcha, shiny|100/100
|move|p2a: College Dropout|Swords Dance|p2a: College Dropout
|-boost|p2a: College Dropout|atk|2
|
|-weather|Sandstorm|[upkeep]
|-damage|p1a: Sinistcha|94/100|[from] Sandstorm
|-heal|p1a: Sinistcha|100/100|[from] item: Leftovers
|-status|p2a: College Dropout|brn|[from] item: Flame Orb
|upkeep
|turn|13
|inactive|Battle timer is ON: inactive players will automatically lose when time's up. (requested by BOTBarrel)
|
|t:|1769366796
|-terastallize|p1a: Sinistcha|Fighting
|move|p2a: College Dropout|Crunch|p1a: Sinistcha
|-resisted|p1a: Sinistcha
|-damage|p1a: Sinistcha|69/100
|-unboost|p1a: Sinistcha|def|1
|move|p1a: Sinistcha|Tera Blast|p2a: College Dropout|[anim] Tera Blast Fighting
|-supereffective|p2a: College Dropout
|-damage|p2a: College Dropout|37/100 brn
|
|-weather|none
|-heal|p1a: Sinistcha|75/100|[from] item: Leftovers
|-damage|p2a: College Dropout|31/100 brn|[from] brn
|upkeep
|turn|14
|
|t:|1769366805
|move|p2a: College Dropout|Facade|p1a: Sinistcha
|-damage|p1a: Sinistcha|0 fnt
|faint|p1a: Sinistcha
|
|-damage|p2a: College Dropout|25/100 brn|[from] brn
|-fieldend|move: Trick Room
|upkeep
|
|t:|1769366809
|switch|p1a: Tyranitar|Tyranitar, M, shiny|100/100
|-weather|Sandstorm|[from] ability: Sand Stream|[of] p1a: Tyranitar
|turn|15
|
|t:|1769366823
|move|p1a: Tyranitar|Knock Off|p2a: College Dropout
|-crit|p2a: College Dropout
|-damage|p2a: College Dropout|0 fnt
|-enditem|p2a: College Dropout|Flame Orb|[from] move: Knock Off|[of] p1a: Tyranitar
|faint|p2a: College Dropout
|
|-weather|Sandstorm|[upkeep]
|upkeep
|
|t:|1769366827
|switch|p2a: GKMC|Indeedee, M|94/100
|-heal|p2a: GKMC|100/100|[from] move: Lunar Dance
|-damage|p2a: GKMC|88/100|[from] Stealth Rock
|-fieldstart|move: Psychic Terrain|[from] ability: Psychic Surge|[of] p2a: GKMC
|turn|16
|
|t:|1769366829
|-terastallize|p2a: GKMC|Steel
|move|p1a: Tyranitar|Knock Off|p2a: GKMC
|-damage|p2a: GKMC|0 fnt
|-enditem|p2a: GKMC|Terrain Extender|[from] move: Knock Off|[of] p1a: Tyranitar
|faint|p2a: GKMC
|
|-weather|Sandstorm|[upkeep]
|upkeep
|
|t:|1769366837
|switch|p2a: Undun|Hoopa-Unbound|100/100
|-damage|p2a: Undun|88/100|[from] Stealth Rock
|turn|17
|
|t:|1769366839
|move|p1a: Tyranitar|Knock Off|p2a: Undun
|-damage|p2a: Undun|0 fnt
|-enditem|p2a: Undun|Life Orb|[from] move: Knock Off|[of] p1a: Tyranitar
|faint|p2a: Undun
|
|-weather|Sandstorm|[upkeep]
|upkeep
|
|t:|1769366843
|switch|p2a: SIMBI|Hatterene, F|100/100
|-damage|p2a: SIMBI|88/100|[from] Stealth Rock
|turn|18
|
|t:|1769366846
|move|p1a: Tyranitar|Knock Off|p2a: SIMBI
|-damage|p2a: SIMBI|0 fnt
|-enditem|p2a: SIMBI|Life Orb|[from] move: Knock Off|[of] p1a: Tyranitar
|faint|p2a: SIMBI
|
|win|ferrydiscs
|raw|ferrydiscs's rating: 1496 &rarr; <strong>1519</strong><br />(+23 for winning)
|raw|BOTBarrel's rating: 1551 &rarr; <strong>1528</strong><br />(-23 for losing)
|l|☆BOTBarrel
|player|p2|
