|j|☆mra1990
|j|☆boom moon
|t:|1769433064
|gametype|singles
|player|p1|mra1990|swimmer|1212
|player|p2|boom moon|266|1210
|gen|9
|tier|[Gen 9] OU
|rated|
|rule|HP Percentage Mod: HP is shown in percentages
|rule|Endless Battle Clause: Forcing endless battles is banned
|rule|Species Clause: Limit one of each Pokémon
|rule|OHKO Clause: OHKO moves are banned
|rule|Evasion Items Clause: Evasion items are banned
|rule|Evasion Moves Clause: Evasion moves are banned
|rule|Evasion Abilities Clause: Evasion abilities are banned
|rule|Sleep Moves Clause: Sleep-inducing moves are banned
|clearpoke
|poke|p1|Indeedee, M|
|poke|p1|Hatterene, F|
|poke|p1|Zamazenta-*|
|poke|p1|Kingambit, M|
|poke|p1|Iron Treads|
|poke|p1|Latios, M|
|poke|p2|Gliscor, M|
|poke|p2|Gogoat, F|
|poke|p2|Mamoswine, M|
|poke|p2|Toedscruel, F|
|poke|p2|Toxicroak, M|
|poke|p2|Arbok, F|
|teampreview
|inactive|Battle timer is ON: inactive players will automatically lose when time's up. (requested by mra1990)
|
|t:|1769433073
|teamsize|p1|6
|teamsize|p2|6
|start
|switch|p1a: Hatterene|Hatterene, F|100/100
|switch|p2a: Toedscruel|Toedscruel, F|100/100
|turn|1
|
|t:|1769433085
|move|p1a: Hatterene|Nuzzle|p2a: Toedscruel
|-immune|p2a: Toedscruel
|move|p2a: Toedscruel|Stun Spore|p1a: Hatterene
|-status|p1a: Hatterene|par
|
|upkeep
|turn|2
|
|t:|1769433097
|move|p2a: Toedscruel|Energy Ball|p1a: Hatterene
|-damage|p1a: Hatterene|64/100 par
|-enditem|p1a: Hatterene|Eject Button
|
|t:|1769433102
|switch|p1a: Indeedee|Indeedee, M, shiny|100/100
|-fieldstart|move: Psychic Terrain|[from] ability: Psychic Surge|[of] p1a: Indeedee
|
|upkeep
|turn|3
|
|t:|1769433112
|move|p1a: Indeedee|Expanding Force|p2a: Toedscruel
|-damage|p2a: Toedscruel|62/100
|-enditem|p2a: Toedscruel|Red Card|[of] p1a: Indeedee
|drag|p1a: Latios|Latios, M, shiny|100/100
|move|p2a: Toedscruel|Spikes|p1a: Latios
|-sidestart|p1: mra1990|Spikes
|
|upkeep
|turn|4
|
|t:|1769433139
|-terastallize|p1a: Latios|Psychic
|move|p1a: Latios|Luster Purge|p2a: Toedscruel
|-damage|p2a: Toedscruel|0 fnt
|faint|p2a: Toedscruel
|
|upkeep
|
|t:|1769433154
|switch|p2a: Mamoswine|Mamoswine, M|100/100
|turn|5
|
|t:|1769433158
|move|p1a: Latios|Luster Purge|p2a: Mamoswine
|-damage|p2a: Mamoswine|0 fnt
|faint|p2a: Mamoswine
|
|upkeep
|
|t:|1769433162
|switch|p2a: Gogoat|Gogoat, F|100/100
|turn|6
|
|t:|1769433166
|move|p1a: Latios|Luster Purge|p2a: Gogoat
|-damage|p2a: Gogoat|6/100
|-unboost|p2a: Gogoat|spd|1
|move|p2a: Gogoat|Milk Drink|p2a: Gogoat
|-heal|p2a: Gogoat|56/100
|
|upkeep
|turn|7
|
|t:|1769433173
|move|p1a: Latios|Luster Purge|p2a: Gogoat
|-damage|p2a: Gogoat|0 fnt
|faint|p2a: Gogoat
|
|upkeep
|
|t:|1769433178
|switch|p2a: Arbok|Arbok, F|100/100
|turn|8
|
|t:|1769433183
|-terastallize|p2a: Arbok|Flying
|move|p1a: Latios|Luster Purge|p2a: Arbok
|-damage|p2a: Arbok|0 fnt
|faint|p2a: Arbok
|
|upkeep
|-message|boom moon forfeited.
|
|win|mra1990
|raw|mra1990's rating: 1212 &rarr; <strong>1237</strong><br />(+25 for winning)
|raw|boom moon's rating: 1210 &rarr; <strong>1185</strong><br />(-25 for losing)
|l|☆boom moon
|player|p2|
|l|☆mra1990
|player|p1|
