|j|☆xp180
|j|☆Yaoshi
|t:|1769443535
|gametype|singles
|player|p1|xp180|266|1608
|player|p2|Yaoshi|silver-masters|1605
|gen|9
|tier|[Gen 9] OU
|rated|
|rule|HP Percentage Mod: HP is shown in percentages
|rule|Endless Battle Clause: Forcing endless battles is banned
|rule|Species Clause: Limit one of each Pokémon
|rule|OHKO Clause: OHKO moves are banned
|rule|Evasion Items Clause: Evasion items are banned
|rule|Evasion Moves Clause: Evasion moves are banned
|rule|Evasion Abilities Clause: Evasion abilities are banned
|rule|Sleep Moves Clause: Sleep-inducing moves are banned
|clearpoke
|poke|p1|Dragapult, F|
|poke|p1|Iron Moth|
|poke|p1|Serperior, F|
|poke|p1|Iron Treads|
|poke|p1|Dragonite, F|
|poke|p1|Greninja-*, M|
|poke|p2|Cinderace, M|
|poke|p2|Dragonite, M|
|poke|p2|Iron Valiant|
|poke|p2|Snorlax, F|
|poke|p2|Primarina, F|
|poke|p2|Skarmory, F|
|teampreview
|inactive|Battle timer is ON: inactive players will automatically lose when time's up. (requested by Yaoshi)
|
|t:|1769443564
|teamsize|p1|6
|teamsize|p2|6
|start
|switch|p1a: Handheld Tank|Iron Treads|100/100
|switch|p2a: One Hit Wonder|Cinderace, M|100/100
|-enditem|p1a: Handheld Tank|Booster Energy
|-activate|p1a: Handheld Tank|ability: Quark Drive|[fromitem]
|-start|p1a: Handheld Tank|quarkdrivespe
|turn|1
|
|t:|1769443571
|switch|p2a: Babe Ruth|Iron Valiant, shiny|100/100
|-enditem|p2a: Babe Ruth|Booster Energy
|-activate|p2a: Babe Ruth|ability: Quark Drive|[fromitem]
|-start|p2a: Babe Ruth|quarkdrivespe
|move|p1a: Handheld Tank|Earthquake|p2a: Babe Ruth
|-damage|p2a: Babe Ruth|39/100
|
|upkeep
|turn|2
|
|t:|1769443576
|move|p2a: Babe Ruth|Destiny Bond|p2a: Babe Ruth
|-singlemove|p2a: Babe Ruth|Destiny Bond
|move|p1a: Handheld Tank|Earthquake|p2a: Babe Ruth
|-damage|p2a: Babe Ruth|0 fnt
|faint|p2a: Babe Ruth
|-activate|p2a: Babe Ruth|move: Destiny Bond
|-end|p2a: Babe Ruth|Quark Drive|[silent]
|faint|p1a: Handheld Tank
|-end|p1a: Handheld Tank|Quark Drive|[silent]
|
|upkeep
|
|t:|1769443584
|switch|p2a: Homerun|Snorlax, F, shiny|100/100
|switch|p1a: Cosmic Kunai|Greninja, M|100/100
|turn|3
|
|t:|1769443587
|switch|p1a: Onyxia|Dragapult, F|100/100
|move|p2a: Homerun|Body Slam|p1a: Onyxia
|-immune|p1a: Onyxia
|
|upkeep
|turn|4
|
|t:|1769443592
|switch|p2a: Ayami Sato|Primarina, F, shiny|100/100
|move|p1a: Onyxia|Will-O-Wisp|p2a: Ayami Sato
|-status|p2a: Ayami Sato|brn
|
|-damage|p2a: Ayami Sato|94/100 brn|[from] brn
|upkeep
|turn|5
|
|t:|1769443598
|move|p1a: Onyxia|Hex|p2a: Ayami Sato
|-damage|p2a: Ayami Sato|50/100 brn
|move|p2a: Ayami Sato|Calm Mind|p2a: Ayami Sato
|-boost|p2a: Ayami Sato|spa|1
|-boost|p2a: Ayami Sato|spd|1
|
|-heal|p2a: Ayami Sato|56/100 brn|[from] item: Leftovers
|-damage|p2a: Ayami Sato|50/100 brn|[from] brn
|upkeep
|turn|6
|
|t:|1769443607
|move|p1a: Onyxia|Hex|p2a: Ayami Sato
|-damage|p2a: Ayami Sato|24/100 brn
|move|p2a: Ayami Sato|Draining Kiss|p1a: Onyxia
|-supereffective|p1a: Onyxia
|-damage|p1a: Onyxia|13/100
|-heal|p2a: Ayami Sato|80/100 brn|[from] drain|[of] p1a: Onyxia
|
|-heal|p2a: Ayami Sato|86/100 brn|[from] item: Leftovers
|-damage|p2a: Ayami Sato|80/100 brn|[from] brn
|upkeep
|turn|7
|
|t:|1769443613
|switch|p1a: Shattered Sun|Iron Moth|100/100
|-enditem|p1a: Shattered Sun|Booster Energy
|-activate|p1a: Shattered Sun|ability: Quark Drive|[fromitem]
|-start|p1a: Shattered Sun|quarkdrivespe
|move|p2a: Ayami Sato|Calm Mind|p2a: Ayami Sato
|-boost|p2a: Ayami Sato|spa|1
|-boost|p2a: Ayami Sato|spd|1
|
|-heal|p2a: Ayami Sato|86/100 brn|[from] item: Leftovers
|-damage|p2a: Ayami Sato|80/100 brn|[from] brn
|upkeep
|turn|8
|
|t:|1769443622
|move|p1a: Shattered Sun|Sludge Wave|p2a: Ayami Sato
|-supereffective|p2a: Ayami Sato
|-damage|p2a: Ayami Sato|37/100 brn
|move|p2a: Ayami Sato|Psychic|p1a: Shattered Sun
|-supereffective|p1a: Shattered Sun
|-damage|p1a: Shattered Sun|12/100
|
|-heal|p2a: Ayami Sato|43/100 brn|[from] item: Leftovers
|-damage|p2a: Ayami Sato|37/100 brn|[from] brn
|upkeep
|turn|9
|
|t:|1769443628
|move|p1a: Shattered Sun|Sludge Wave|p2a: Ayami Sato
|-supereffective|p2a: Ayami Sato
|-damage|p2a: Ayami Sato|0 fnt
|faint|p2a: Ayami Sato
|
|upkeep
|
|t:|1769443633
|switch|p2a: Ohtani|Dragonite, M|100/100
|turn|10
|
|t:|1769443635
|move|p2a: Ohtani|Extreme Speed|p1a: Shattered Sun
|-damage|p1a: Shattered Sun|0 fnt
|faint|p1a: Shattered Sun
|-end|p1a: Shattered Sun|Quark Drive|[silent]
|
|upkeep
|
|t:|1769443642
|switch|p1a: Cosmic Kunai|Greninja, M|100/100
|turn|11
|
|t:|1769443647
|-terastallize|p2a: Ohtani|Normal
|move|p2a: Ohtani|Extreme Speed|p1a: Cosmic Kunai
|-crit|p1a: Cosmic Kunai
|-damage|p1a: Cosmic Kunai|0 fnt
|faint|p1a: Cosmic Kunai
|
|upkeep
|
|t:|1769443651
|switch|p1a: Dragon Pow|Dragonite, F|100/100
|turn|12
|
|t:|1769443655
|move|p2a: Ohtani|Extreme Speed|p1a: Dragon Pow
|-crit|p1a: Dragon Pow
|-damage|p1a: Dragon Pow|40/100
|move|p1a: Dragon Pow|Scale Shot|p2a: Ohtani|[miss]
|-miss|p1a: Dragon Pow|p2a: Ohtani
|
|upkeep
|turn|13
|-message|xp180 forfeited.
|
|win|Yaoshi
|raw|xp180's rating: 1608 &rarr; <strong>1588</strong><br />(-20 for losing)
|raw|Yaoshi's rating: 1605 &rarr; <strong>1625</strong><br />(+20 for winning)
|l|☆xp180
|player|p1|
|l|☆Yaoshi
|player|p2|
