|j|☆EIscube875
|j|☆River Rocket
|t:|1769332391
|gametype|singles
|player|p1|EIscube875|brawly|1477
|player|p2|River Rocket|boarder|1451
|gen|9
|tier|[Gen 9] OU
|rated|
|rule|HP Percentage Mod: HP is shown in percentages
|rule|Endless Battle Clause: Forcing endless battles is banned
|rule|Species Clause: Limit one of each Pokémon
|rule|OHKO Clause: OHKO moves are banned
|rule|Evasion Items Clause: Evasion items are banned
|rule|Evasion Moves Clause: Evasion moves are banned
|rule|Evasion Abilities Clause: Evasion abilities are banned
|rule|Sleep Moves Clause: Sleep-inducing moves are banned
|clearpoke
|poke|p1|Excadrill, M|
|poke|p1|Tyranitar, M|
|poke|p1|Tinkaton, F|
|poke|p1|Sinistcha|
|poke|p1|Moltres|
|poke|p1|Ogerpon-Wellspring, F|
|poke|p2|Regidrago|
|poke|p2|Kyurem|
|poke|p2|Grimmsnarl, M|
|poke|p2|Dragonite, M|
|poke|p2|Great Tusk|
|poke|p2|Pecharunt|
|teampreview
|l|☆EIscube875
|player|p1|
|j|☆EIscube875
|player|p1|EIscube875|brawly|
|
|t:|1769332403
|teamsize|p1|6
|teamsize|p2|6
|start
|switch|p1a: Tyranitar|Tyranitar, M|100/100
|switch|p2a: Grimmsnarl|Grimmsnarl, M|100/100
|-weather|Sandstorm|[from] ability: Sand Stream|[of] p1a: Tyranitar
|turn|1
|inactive|Battle timer is ON: inactive players will automatically lose when time's up. (requested by EIscube875)
|
|t:|1769332413
|move|p2a: Grimmsnarl|Reflect|p2a: Grimmsnarl
|-sidestart|p2: River Rocket|Reflect
|move|p1a: Tyranitar|Stone Edge|p2a: Grimmsnarl|[miss]
|-miss|p1a: Tyranitar|p2a: Grimmsnarl
|
|-weather|Sandstorm|[upkeep]
|-damage|p2a: Grimmsnarl|94/100|[from] Sandstorm
|upkeep
|turn|2
|
|t:|1769332417
|move|p2a: Grimmsnarl|Light Screen|p2a: Grimmsnarl
|-sidestart|p2: River Rocket|move: Light Screen
|move|p1a: Tyranitar|Stone Edge|p2a: Grimmsnarl
|-damage|p2a: Grimmsnarl|38/100
|
|-weather|Sandstorm|[upkeep]
|-damage|p2a: Grimmsnarl|32/100|[from] Sandstorm
|upkeep
|turn|3
|
|t:|1769332425
|move|p1a: Tyranitar|Stone Edge|p2a: Grimmsnarl
|-damage|p2a: Grimmsnarl|0 fnt
|faint|p2a: Grimmsnarl
|
|-weather|Sandstorm|[upkeep]
|upkeep
|
|t:|1769332430
|switch|p2a: Great Tusk|Great Tusk|100/100
|-enditem|p2a: Great Tusk|Booster Energy
|-activate|p2a: Great Tusk|ability: Protosynthesis|[fromitem]
|-start|p2a: Great Tusk|protosynthesisspe
|turn|4
|
|t:|1769332433
|switch|p1a: Moltres|Moltres|100/100
|move|p2a: Great Tusk|Stealth Rock|p1a: Moltres
|-sidestart|p1: EIscube875|move: Stealth Rock
|
|-weather|Sandstorm|[upkeep]
|-damage|p1a: Moltres|94/100|[from] Sandstorm
|upkeep
|turn|5
|
|t:|1769332438
|-end|p2a: Great Tusk|Protosynthesis|[silent]
|switch|p2a: Pecharunt|Pecharunt|100/100
|move|p1a: Moltres|U-turn|p2a: Pecharunt
|-resisted|p2a: Pecharunt
|-damage|p2a: Pecharunt|99/100
|
|t:|1769332459
|switch|p1a: Excadrill|Excadrill, M|100/100|[from] U-turn
|-damage|p1a: Excadrill|97/100|[from] Stealth Rock
|
|-weather|none
|-heal|p1a: Excadrill|100/100|[from] item: Leftovers
|-heal|p2a: Pecharunt|100/100|[from] item: Leftovers
|upkeep
|turn|6
|
|t:|1769332466
|-terastallize|p2a: Pecharunt|Dark
|move|p2a: Pecharunt|Nasty Plot|p2a: Pecharunt
|-boost|p2a: Pecharunt|spa|2
|move|p1a: Excadrill|Substitute|p1a: Excadrill
|-start|p1a: Excadrill|Substitute
|-damage|p1a: Excadrill|76/100
|
|-heal|p1a: Excadrill|82/100|[from] item: Leftovers
|upkeep
|turn|7
|
|t:|1769332472
|move|p2a: Pecharunt|Shadow Ball|p1a: Excadrill
|-crit|p1a: Excadrill
|-end|p1a: Excadrill|Substitute
|move|p1a: Excadrill|Rapid Spin|p2a: Pecharunt
|-damage|p2a: Pecharunt|94/100
|-boost|p1a: Excadrill|spe|1
|-sideend|p1: EIscube875|Stealth Rock|[from] move: Rapid Spin|[of] p1a: Excadrill
|
|-heal|p1a: Excadrill|88/100|[from] item: Leftovers
|-heal|p2a: Pecharunt|100/100|[from] item: Leftovers
|upkeep
|turn|8
|
|t:|1769332492
|switch|p1a: Ogerpon|Ogerpon-Wellspring, F|100/100
|move|p2a: Pecharunt|Shadow Ball|p1a: Ogerpon
|-damage|p1a: Ogerpon|41/100
|
|-sideend|p2: River Rocket|Reflect
|upkeep
|turn|9
|inactive|EIscube875 has 120 seconds left.
|
|t:|1769332527
|move|p1a: Ogerpon|Knock Off|p2a: Pecharunt
|-resisted|p2a: Pecharunt
|-damage|p2a: Pecharunt|89/100
|-enditem|p2a: Pecharunt|Leftovers|[from] move: Knock Off|[of] p1a: Ogerpon
|move|p2a: Pecharunt|Shadow Ball|p1a: Ogerpon
|-damage|p1a: Ogerpon|0 fnt
|faint|p1a: Ogerpon
|
|-sideend|p2: River Rocket|move: Light Screen
|upkeep
|inactive|EIscube875 has 120 seconds left.
|
|t:|1769332548
|switch|p1a: Tyranitar|Tyranitar, M|100/100
|-weather|Sandstorm|[from] ability: Sand Stream|[of] p1a: Tyranitar
|turn|10
|
|t:|1769332556
|switch|p2a: Great Tusk|Great Tusk|100/100
|move|p1a: Tyranitar|Low Kick|p2a: Great Tusk
|-damage|p2a: Great Tusk|55/100
|
|-weather|Sandstorm|[upkeep]
|upkeep
|turn|11
|
|t:|1769332566
|switch|p1a: Moltres|Moltres|94/100
|move|p2a: Great Tusk|Stealth Rock|p1a: Moltres
|-sidestart|p1: EIscube875|move: Stealth Rock
|
|-weather|Sandstorm|[upkeep]
|-damage|p1a: Moltres|88/100|[from] Sandstorm
|upkeep
|turn|12
|inactive|EIscube875 has 120 seconds left.
|
|t:|1769332574
|-end|p2a: Great Tusk|Protosynthesis|[silent]
|switch|p2a: Pecharunt|Pecharunt, tera:Dark|89/100
|move|p1a: Moltres|U-turn|p2a: Pecharunt
|-supereffective|p2a: Pecharunt
|-damage|p2a: Pecharunt|70/100
|inactive|EIscube875 has 120 seconds left.
|
|t:|1769332587
|switch|p1a: Tinkaton|Tinkaton, F|100/100|[from] U-turn
|-damage|p1a: Tinkaton|94/100|[from] Stealth Rock
|-ability|p1a: Tinkaton|Mold Breaker
|-item|p1a: Tinkaton|Air Balloon
|
|-weather|Sandstorm|[upkeep]
|-damage|p2a: Pecharunt|64/100|[from] Sandstorm
|upkeep
|turn|13
|
|t:|1769332605
|move|p1a: Tinkaton|Stealth Rock|p2a: Pecharunt
|-sidestart|p2: River Rocket|move: Stealth Rock
|move|p2a: Pecharunt|Shadow Ball|p1a: Tinkaton
|-damage|p1a: Tinkaton|74/100
|-enditem|p1a: Tinkaton|Air Balloon
|
|-weather|Sandstorm|[upkeep]
|-damage|p2a: Pecharunt|58/100|[from] Sandstorm
|upkeep
|turn|14
|
|t:|1769332615
|switch|p2a: Great Tusk|Great Tusk|55/100
|-damage|p2a: Great Tusk|52/100|[from] Stealth Rock
|move|p1a: Tinkaton|Thunder Wave|p2a: Great Tusk
|-immune|p2a: Great Tusk
|
|-weather|none
|upkeep
|turn|15
|
|t:|1769332623
|move|p1a: Tinkaton|Gigaton Hammer|p2a: Great Tusk
|-damage|p2a: Great Tusk|25/100
|move|p2a: Great Tusk|Headlong Rush|p1a: Tinkaton
|-supereffective|p1a: Tinkaton
|-damage|p1a: Tinkaton|0 fnt
|-unboost|p2a: Great Tusk|def|1
|-unboost|p2a: Great Tusk|spd|1
|faint|p1a: Tinkaton
|
|upkeep
|
|t:|1769332631
|switch|p1a: Moltres|Moltres|88/100
|turn|16
|
|t:|1769332637
|move|p2a: Great Tusk|Rapid Spin|p1a: Moltres
|-damage|p1a: Moltres|78/100
|-boost|p2a: Great Tusk|spe|1
|-status|p2a: Great Tusk|brn|[from] ability: Flame Body|[of] p1a: Moltres
|-sideend|p2: River Rocket|Stealth Rock|[from] move: Rapid Spin|[of] p2a: Great Tusk
|move|p1a: Moltres|Flamethrower|p2a: Great Tusk
|-damage|p2a: Great Tusk|0 fnt
|faint|p2a: Great Tusk
|-end|p2a: Great Tusk|Protosynthesis|[silent]
|
|upkeep
|
|t:|1769332650
|switch|p2a: Regidrago|Regidrago|100/100
|turn|17
|
|t:|1769332653
|move|p2a: Regidrago|Dragon Dance|p2a: Regidrago
|-boost|p2a: Regidrago|atk|1
|-boost|p2a: Regidrago|spe|1
|move|p1a: Moltres|Roar|p2a: Regidrago
|drag|p2a: Kyurem|Kyurem|100/100
|-ability|p2a: Kyurem|Pressure
|
|upkeep
|turn|18
|
|t:|1769332662
|move|p2a: Kyurem|Scale Shot|p1a: Moltres
|-damage|p1a: Moltres|68/100
|-damage|p1a: Moltres|57/100
|-damage|p1a: Moltres|46/100
|-crit|p1a: Moltres
|-damage|p1a: Moltres|31/100
|-hitcount|p1a: Moltres|4
|-unboost|p2a: Kyurem|def|1
|-boost|p2a: Kyurem|spe|1
|move|p1a: Moltres|Flamethrower|p2a: Kyurem
|-damage|p2a: Kyurem|63/100
|
|upkeep
|turn|19
|
|t:|1769332671
|-terastallize|p1a: Moltres|Fairy
|move|p2a: Kyurem|Scale Shot|p1a: Moltres
|-immune|p1a: Moltres
|move|p1a: Moltres|Roost|p1a: Moltres
|-heal|p1a: Moltres|81/100
|
|upkeep
|turn|20
|
|t:|1769332679
|switch|p2a: Pecharunt|Pecharunt, tera:Dark|58/100
|move|p1a: Moltres|Roar|p2a: Pecharunt
|drag|p2a: Dragonite|Dragonite, M|100/100
|
|upkeep
|turn|21
|
|t:|1769332685
|move|p2a: Dragonite|Dragon Dance|p2a: Dragonite
|-boost|p2a: Dragonite|atk|1
|-boost|p2a: Dragonite|spe|1
|move|p1a: Moltres|Flamethrower|p2a: Dragonite
|-resisted|p2a: Dragonite
|-damage|p2a: Dragonite|91/100
|
|upkeep
|turn|22
|
|t:|1769332688
|move|p2a: Dragonite|Earthquake|p1a: Moltres
|-damage|p1a: Moltres|41/100
|move|p1a: Moltres|Roar|p2a: Dragonite
|drag|p2a: Regidrago|Regidrago|100/100
|
|upkeep
|turn|23
|
|t:|1769332693
|move|p2a: Regidrago|Explosion|p1a: Moltres
|-damage|p1a: Moltres|0 fnt
|faint|p2a: Regidrago
|faint|p1a: Moltres
|
|upkeep
|
|t:|1769332704
|switch|p2a: Dragonite|Dragonite, M|91/100
|switch|p1a: Tyranitar|Tyranitar, M|100/100
|-damage|p1a: Tyranitar|88/100|[from] Stealth Rock
|-weather|Sandstorm|[from] ability: Sand Stream|[of] p1a: Tyranitar
|turn|24
|
|t:|1769332713
|move|p2a: Dragonite|Earthquake|p1a: Tyranitar
|-supereffective|p1a: Tyranitar
|-damage|p1a: Tyranitar|14/100
|move|p1a: Tyranitar|Ice Punch|p2a: Dragonite
|-supereffective|p2a: Dragonite
|-damage|p2a: Dragonite|0 fnt
|faint|p2a: Dragonite
|
|-weather|Sandstorm|[upkeep]
|upkeep
|
|t:|1769332720
|switch|p2a: Pecharunt|Pecharunt, tera:Dark|58/100
|turn|25
|
|t:|1769332723
|move|p2a: Pecharunt|Malignant Chain|p1a: Tyranitar
|-resisted|p1a: Tyranitar
|-damage|p1a: Tyranitar|4/100
|move|p1a: Tyranitar|Ice Punch|p2a: Pecharunt
|-damage|p2a: Pecharunt|30/100
|
|-weather|Sandstorm|[upkeep]
|-damage|p2a: Pecharunt|24/100|[from] Sandstorm
|upkeep
|turn|26
|
|t:|1769332730
|move|p2a: Pecharunt|Malignant Chain|p1a: Tyranitar
|-resisted|p1a: Tyranitar
|-damage|p1a: Tyranitar|0 fnt
|faint|p1a: Tyranitar
|
|-weather|Sandstorm|[upkeep]
|-damage|p2a: Pecharunt|18/100|[from] Sandstorm
|upkeep
|
|t:|1769332733
|switch|p1a: Excadrill|Excadrill, M|88/100
|-damage|p1a: Excadrill|85/100|[from] Stealth Rock
|turn|27
|
|t:|1769332744
|move|p1a: Excadrill|Earthquake|p2a: Pecharunt
|-damage|p2a: Pecharunt|0 fnt
|faint|p2a: Pecharunt
|
|-weather|Sandstorm|[upkeep]
|-heal|p1a: Excadrill|91/100|[from] item: Leftovers
|upkeep
|
|t:|1769332746
|switch|p2a: Kyurem|Kyurem|63/100
|-ability|p2a: Kyurem|Pressure
|turn|28
|
|t:|1769332758
|move|p1a: Excadrill|Earthquake|p2a: Kyurem
|-damage|p2a: Kyurem|4/100
|move|p2a: Kyurem|Icicle Spear|p1a: Excadrill
|-damage|p1a: Excadrill|71/100
|-damage|p1a: Excadrill|51/100
|-damage|p1a: Excadrill|31/100
|-damage|p1a: Excadrill|8/100
|-hitcount|p1a: Excadrill|4
|
|-weather|none
|-heal|p1a: Excadrill|14/100|[from] item: Leftovers
|upkeep
|turn|29
|
|t:|1769332771
|move|p2a: Kyurem|Icicle Spear|p1a: Excadrill
|-damage|p1a: Excadrill|0 fnt
|faint|p1a: Excadrill
|-hitcount|p1: Excadrill|1
|
|upkeep
|
|t:|1769332773
|switch|p1a: Sinistcha|Sinistcha|100/100
|turn|30
|
|t:|1769332786
|move|p2a: Kyurem|Icicle Spear|p1a: Sinistcha
|-supereffective|p1a: Sinistcha
|-damage|p1a: Sinistcha|81/100
|-supereffective|p1a: Sinistcha
|-damage|p1a: Sinistcha|61/100
|-supereffective|p1a: Sinistcha
|-damage|p1a: Sinistcha|42/100
|-supereffective|p1a: Sinistcha
|-damage|p1a: Sinistcha|23/100
|-supereffective|p1a: Sinistcha
|-damage|p1a: Sinistcha|2/100
|-hitcount|p1a: Sinistcha|5
|move|p1a: Sinistcha|Shadow Ball|p2a: Kyurem
|-damage|p2a: Kyurem|0 fnt
|faint|p2a: Kyurem
|
|win|EIscube875
|raw|EIscube875's rating: 1477 &rarr; <strong>1494</strong><br />(+17 for winning)
|raw|River Rocket's rating: 1428 &rarr; <strong>1411</strong><br />(-17 for losing)
|l|☆River Rocket
|player|p2|
|l|☆EIscube875
|player|p1|
