|j|☆Brymont
|j|☆cospway
|t:|1769395862
|gametype|singles
|player|p1|Brymont|steven|1417
|player|p2|cospway|iris-gen5bw2|1498
|gen|9
|tier|[Gen 9] OU
|rated|
|rule|HP Percentage Mod: HP is shown in percentages
|rule|Endless Battle Clause: Forcing endless battles is banned
|rule|Species Clause: Limit one of each Pokémon
|rule|OHKO Clause: OHKO moves are banned
|rule|Evasion Items Clause: Evasion items are banned
|rule|Evasion Moves Clause: Evasion moves are banned
|rule|Evasion Abilities Clause: Evasion abilities are banned
|rule|Sleep Moves Clause: Sleep-inducing moves are banned
|clearpoke
|poke|p1|Kingambit, M|
|poke|p1|Iron Valiant|
|poke|p1|Cinderace, M|
|poke|p1|Gliscor, M|
|poke|p1|Slowking-Galar, M|
|poke|p1|Hydrapple, M|
|poke|p2|Cresselia, F|
|poke|p2|Mew|
|poke|p2|Kingambit, M|
|poke|p2|Azumarill, F|
|poke|p2|Gholdengo|
|poke|p2|Hoopa-Unbound|
|teampreview
|inactive|Battle timer is ON: inactive players will automatically lose when time's up. (requested by Brymont)
|
|t:|1769395873
|teamsize|p1|6
|teamsize|p2|6
|start
|switch|p1a: Cinderace|Cinderace, M|100/100
|switch|p2a: Mew|Mew|100/100
|turn|1
|
|t:|1769395879
|move|p1a: Cinderace|U-turn|p2a: Mew
|-start|p1a: Cinderace|typechange|Bug|[from] ability: Libero
|-supereffective|p2a: Mew
|-damage|p2a: Mew|51/100
|
|t:|1769395890
|switch|p1a: Hydrapple|Hydrapple, M|100/100|[from] U-turn
|move|p2a: Mew|Trick Room|p2a: Mew
|-fieldstart|move: Trick Room|[of] p2a: Mew
|
|upkeep
|turn|2
|
|t:|1769395896
|move|p1a: Hydrapple|Draco Meteor|p2a: Mew|[miss]
|-miss|p1a: Hydrapple|p2a: Mew
|move|p2a: Mew|Stealth Rock|p1a: Hydrapple
|-sidestart|p1: Brymont|move: Stealth Rock
|
|upkeep
|turn|3
|
|t:|1769395903
|move|p1a: Hydrapple|Giga Drain|p2a: Mew
|-damage|p2a: Mew|15/100
|-damage|p1a: Hydrapple|91/100|[from] item: Life Orb
|move|p2a: Mew|Knock Off|p1a: Hydrapple
|-damage|p1a: Hydrapple|72/100
|-enditem|p1a: Hydrapple|Life Orb|[from] move: Knock Off|[of] p2a: Mew
|
|upkeep
|turn|4
|
|t:|1769395911
|move|p1a: Hydrapple|Giga Drain|p2a: Mew
|-damage|p2a: Mew|0 fnt
|-heal|p1a: Hydrapple|79/100|[from] drain|[of] p2a: Mew
|faint|p2a: Mew
|
|upkeep
|
|t:|1769395917
|switch|p2a: Hoopa|Hoopa-Unbound|100/100
|-enditem|p2a: Hoopa|Room Service
|-unboost|p2a: Hoopa|spe|1|[from] item: Room Service
|turn|5
|
|t:|1769395925
|switch|p1a: Kingambit|Kingambit, M|100/100
|-damage|p1a: Kingambit|94/100|[from] Stealth Rock
|-item|p1a: Kingambit|Air Balloon
|move|p2a: Hoopa|Gunk Shot|p1a: Kingambit
|-immune|p1a: Kingambit
|
|-fieldend|move: Trick Room
|upkeep
|turn|6
|
|t:|1769395936
|move|p1a: Kingambit|Iron Head|p2a: Hoopa
|-damage|p2a: Hoopa|37/100
|move|p2a: Hoopa|Drain Punch|p1a: Kingambit
|-supereffective|p1a: Kingambit
|-damage|p1a: Kingambit|0 fnt
|-heal|p2a: Hoopa|81/100|[from] drain|[of] p1a: Kingambit
|-enditem|p1a: Kingambit|Air Balloon
|faint|p1a: Kingambit
|-end|p1a: Kingambit|fallenundefined|[silent]
|
|upkeep
|
|t:|1769395939
|switch|p1a: Cinderace|Cinderace, M|100/100
|turn|7
|
|t:|1769395955
|switch|p2a: Gholdengo|Gholdengo|100/100
|move|p1a: Cinderace|U-turn|p2a: Gholdengo
|-start|p1a: Cinderace|typechange|Bug|[from] ability: Libero
|-resisted|p2a: Gholdengo
|-damage|p2a: Gholdengo|93/100
|
|t:|1769395959
|switch|p1a: Gliscor|Gliscor, M|100/100|[from] U-turn
|-damage|p1a: Gliscor|88/100|[from] Stealth Rock
|
|-status|p1a: Gliscor|tox|[from] item: Toxic Orb
|upkeep
|turn|8
|
|t:|1769395972
|switch|p2a: Cresselia|Cresselia, F|100/100
|move|p1a: Gliscor|Protect||[still]
|-fail|p1a: Gliscor
|
|-heal|p1a: Gliscor|100/100 tox|[from] ability: Poison Heal
|upkeep
|turn|9
|
|t:|1769395993
|switch|p1a: Cinderace|Cinderace, M|100/100
|move|p2a: Cresselia|Trick Room|p2a: Cresselia
|-fieldstart|move: Trick Room|[of] p2a: Cresselia
|
|upkeep
|turn|10
|
|t:|1769396001
|switch|p2a: Azumarill|Azumarill, F|100/100
|move|p1a: Cinderace|Court Change|p1a: Cinderace
|-start|p1a: Cinderace|typechange|Normal|[from] ability: Libero
|-swapsideconditions
|-activate|p1a: Cinderace|move: Court Change
|
|upkeep
|turn|11
|
|t:|1769396021
|move|p2a: Azumarill|Play Rough|p1a: Cinderace
|-damage|p1a: Cinderace|0 fnt
|faint|p1a: Cinderace
|
|upkeep
|
|t:|1769396024
|switch|p1a: Slowking|Slowking-Galar, M|100/100
|turn|12
|
|t:|1769396030
|switch|p2a: Kingambit|Kingambit, M|100/100
|-damage|p2a: Kingambit|94/100|[from] Stealth Rock
|-activate|p2a: Kingambit|ability: Supreme Overlord
|-start|p2a: Kingambit|fallen1|[silent]
|move|p1a: Slowking|Whirlpool|p2a: Kingambit
|-damage|p2a: Kingambit|86/100
|-activate|p2a: Kingambit|move: Whirlpool|[of] p1a: Slowking
|
|-heal|p2a: Kingambit|92/100|[from] item: Leftovers
|-damage|p2a: Kingambit|79/100|[from] move: Whirlpool|[partiallytrapped]
|upkeep
|turn|13
|
|t:|1769396044
|switch|p1a: Gliscor|Gliscor, M|100/100 tox
|move|p2a: Kingambit|Swords Dance|p2a: Kingambit
|-boost|p2a: Kingambit|atk|2
|
|-heal|p2a: Kingambit|86/100|[from] item: Leftovers
|-end|p2a: Kingambit|Whirlpool|[partiallytrapped]|[silent]
|-fieldend|move: Trick Room
|upkeep
|turn|14
|
|t:|1769396056
|move|p1a: Gliscor|Protect|p1a: Gliscor
|-singleturn|p1a: Gliscor|Protect
|move|p2a: Kingambit|Kowtow Cleave|p1a: Gliscor
|-activate|p1a: Gliscor|move: Protect
|
|-heal|p2a: Kingambit|92/100|[from] item: Leftovers
|upkeep
|turn|15
|
|t:|1769396064
|switch|p1a: Iron Valiant|Iron Valiant|100/100
|-enditem|p1a: Iron Valiant|Booster Energy
|-activate|p1a: Iron Valiant|ability: Quark Drive|[fromitem]
|-start|p1a: Iron Valiant|quarkdrivespe
|-terastallize|p2a: Kingambit|Fairy
|move|p2a: Kingambit|Tera Blast|p1a: Iron Valiant|[anim] Tera Blast Fairy
|-supereffective|p1a: Iron Valiant
|-damage|p1a: Iron Valiant|0 fnt
|faint|p1a: Iron Valiant
|-end|p1a: Iron Valiant|Quark Drive|[silent]
|
|-heal|p2a: Kingambit|98/100|[from] item: Leftovers
|upkeep
|
|t:|1769396073
|switch|p1a: Hydrapple|Hydrapple, M|100/100
|turn|16
|
|t:|1769396078
|move|p1a: Hydrapple|Giga Drain|p2a: Kingambit
|-damage|p2a: Kingambit|58/100
|move|p2a: Kingambit|Tera Blast|p1a: Hydrapple|[anim] Tera Blast Fairy
|-supereffective|p1a: Hydrapple
|-damage|p1a: Hydrapple|0 fnt
|faint|p1a: Hydrapple
|
|-heal|p2a: Kingambit|64/100|[from] item: Leftovers
|upkeep
|
|t:|1769396080
|switch|p1a: Slowking|Slowking-Galar, M|100/100
|turn|17
|
|t:|1769396088
|-terastallize|p1a: Slowking|Water
|move|p1a: Slowking|Sludge Bomb|p2a: Kingambit
|-supereffective|p2a: Kingambit
|-damage|p2a: Kingambit|0 fnt
|faint|p2a: Kingambit
|-end|p2a: Kingambit|fallen1|[silent]
|
|upkeep
|
|t:|1769396104
|switch|p2a: Hoopa|Hoopa-Unbound|81/100
|-damage|p2a: Hoopa|68/100|[from] Stealth Rock
|turn|18
|l|☆Brymont
|inactive|Brymont disconnected and has a minute to reconnect!
|player|p1|
|j|☆Brymont
|inactive|Brymont reconnected and has 125 seconds left.
|player|p1|Brymont|steven|
|
|t:|1769396133
|switch|p1a: Gliscor|Gliscor, M|100/100 tox
|move|p2a: Hoopa|Hyperspace Fury|p1a: Gliscor
|-damage|p1a: Gliscor|37/100 tox
|-unboost|p2a: Hoopa|def|1
|-item|p2a: Hoopa|Toxic Orb|[from] ability: Magician|[of] p1a: Gliscor
|
|-heal|p1a: Gliscor|50/100 tox|[from] ability: Poison Heal
|-status|p2a: Hoopa|tox|[from] item: Toxic Orb
|upkeep
|turn|19
|j| HIAFH
|
|t:|1769396146
|move|p1a: Gliscor|Earthquake|p2a: Hoopa
|-damage|p2a: Hoopa|0 fnt
|faint|p2a: Hoopa
|
|-heal|p1a: Gliscor|62/100 tox|[from] ability: Poison Heal
|upkeep
|
|t:|1769396158
|switch|p2a: Azumarill|Azumarill, F|100/100
|-damage|p2a: Azumarill|88/100|[from] Stealth Rock
|turn|20
|
|t:|1769396175
|move|p1a: Gliscor|Earthquake|p2a: Azumarill
|-damage|p2a: Azumarill|48/100
|move|p2a: Azumarill|Liquidation|p1a: Gliscor
|-supereffective|p1a: Gliscor
|-damage|p1a: Gliscor|0 fnt
|faint|p1a: Gliscor
|
|upkeep
|
|t:|1769396177
|switch|p1a: Slowking|Slowking-Galar, M, tera:Water|100/100
|turn|21
|
|t:|1769396185
|switch|p2a: Cresselia|Cresselia, F|100/100
|-damage|p2a: Cresselia|88/100|[from] Stealth Rock
|move|p1a: Slowking|Sludge Bomb|p2a: Cresselia
|-damage|p2a: Cresselia|68/100
|
|upkeep
|turn|22
|
|t:|1769396197
|move|p2a: Cresselia|Ice Beam|p1a: Slowking
|-resisted|p1a: Slowking
|-damage|p1a: Slowking|96/100
|move|p1a: Slowking|Whirlpool|p2a: Cresselia|[miss]
|-miss|p1a: Slowking|p2a: Cresselia
|
|upkeep
|turn|23
|
|t:|1769396206
|move|p2a: Cresselia|Moonlight|p2a: Cresselia
|-heal|p2a: Cresselia|100/100
|move|p1a: Slowking|Whirlpool|p2a: Cresselia
|-damage|p2a: Cresselia|87/100
|-activate|p2a: Cresselia|move: Whirlpool|[of] p1a: Slowking
|
|-damage|p2a: Cresselia|74/100|[from] move: Whirlpool|[partiallytrapped]
|upkeep
|turn|24
|
|t:|1769396219
|move|p2a: Cresselia|Lunar Dance|p2a: Cresselia
|faint|p2a: Cresselia
|move|p1a: Slowking|Psychic Noise|p2: Cresselia|[notarget]
|-fail|p1a: Slowking
|
|upkeep
|
|t:|1769396226
|switch|p2a: Azumarill|Azumarill, F|48/100
|-heal|p2a: Azumarill|100/100|[from] move: Lunar Dance
|-damage|p2a: Azumarill|88/100|[from] Stealth Rock
|turn|25
|
|t:|1769396241
|move|p1a: Slowking|Sludge Bomb|p2a: Azumarill
|-supereffective|p2a: Azumarill
|-damage|p2a: Azumarill|19/100
|-status|p2a: Azumarill|psn
|move|p2a: Azumarill|Play Rough|p1a: Slowking
|-damage|p1a: Slowking|35/100
|
|-damage|p2a: Azumarill|7/100 psn|[from] psn
|upkeep
|turn|26
|
|t:|1769396250
|move|p1a: Slowking|Flamethrower|p2a: Azumarill
|-resisted|p2a: Azumarill
|-damage|p2a: Azumarill|0 fnt
|faint|p2a: Azumarill
|
|upkeep
|
|t:|1769396254
|switch|p2a: Gholdengo|Gholdengo|93/100
|-damage|p2a: Gholdengo|86/100|[from] Stealth Rock
|turn|27
|
|t:|1769396258
|move|p2a: Gholdengo|Shadow Ball|p1a: Slowking
|-damage|p1a: Slowking|0 fnt
|faint|p1a: Slowking
|
|win|cospway
|raw|Brymont's rating: 1417 &rarr; <strong>1402</strong><br />(-15 for losing)
|raw|cospway's rating: 1498 &rarr; <strong>1513</strong><br />(+15 for winning)
|l|☆Brymont
|player|p1|
|l|☆cospway
|player|p2|
