|j|☆jungle and savage
|j|☆krdoigbo
|t:|1769339156
|gametype|singles
|player|p1|jungle and savage|sada|1075
|player|p2|krdoigbo|alder|1141
|gen|9
|tier|[Gen 9] OU
|rated|
|rule|HP Percentage Mod: HP is shown in percentages
|rule|Endless Battle Clause: Forcing endless battles is banned
|rule|Species Clause: Limit one of each Pokémon
|rule|OHKO Clause: OHKO moves are banned
|rule|Evasion Items Clause: Evasion items are banned
|rule|Evasion Moves Clause: Evasion moves are banned
|rule|Evasion Abilities Clause: Evasion abilities are banned
|rule|Sleep Moves Clause: Sleep-inducing moves are banned
|clearpoke
|poke|p1|Ariados, F|
|poke|p1|Flygon, M|
|poke|p1|Zarude|
|poke|p1|Heracross, M|
|poke|p1|Overqwil, F|
|poke|p1|Sandaconda, M|
|poke|p2|Hatterene, F|
|poke|p2|Deoxys-Defense|
|poke|p2|Enamorus-Therian, F|
|poke|p2|Ursaluna, M|
|poke|p2|Iron Hands|
|poke|p2|Kingambit, M|
|teampreview
|inactive|Battle timer is ON: inactive players will automatically lose when time's up. (requested by jungle and savage)
|
|t:|1769339165
|teamsize|p1|6
|teamsize|p2|6
|start
|switch|p1a: Ariados|Ariados, F|100/100
|switch|p2a: Hatterene|Hatterene, F, shiny|100/100
|turn|1
|
|t:|1769339171
|move|p1a: Ariados|Megahorn|p2a: Hatterene
|-damage|p2a: Hatterene|67/100
|move|p2a: Hatterene|Trick Room|p2a: Hatterene
|-fieldstart|move: Trick Room|[of] p2a: Hatterene
|
|upkeep
|turn|2
|
|t:|1769339188
|switch|p2a: Iron Hands|Iron Hands|100/100
|move|p1a: Ariados|Megahorn|p2a: Iron Hands
|-resisted|p2a: Iron Hands
|-damage|p2a: Iron Hands|90/100
|
|upkeep
|turn|3
|
|t:|1769339194
|move|p2a: Iron Hands|Swords Dance|p2a: Iron Hands
|-boost|p2a: Iron Hands|atk|2
|move|p1a: Ariados|Toxic|p2a: Iron Hands
|-status|p2a: Iron Hands|tox
|
|-damage|p2a: Iron Hands|83/100 tox|[from] psn
|upkeep
|turn|4
|
|t:|1769339212
|move|p2a: Iron Hands|Drain Punch|p1a: Ariados
|-resisted|p1a: Ariados
|-damage|p1a: Ariados|65/100
|-heal|p2a: Iron Hands|95/100 tox|[from] drain|[of] p1a: Ariados
|move|p1a: Ariados|Megahorn|p2a: Iron Hands
|-resisted|p2a: Iron Hands
|-damage|p2a: Iron Hands|84/100 tox
|
|-damage|p2a: Iron Hands|72/100 tox|[from] psn
|upkeep
|turn|5
|
|t:|1769339222
|move|p2a: Iron Hands|Ice Punch|p1a: Ariados
|-damage|p1a: Ariados|0 fnt
|faint|p1a: Ariados
|
|-damage|p2a: Iron Hands|54/100 tox|[from] psn
|-fieldend|move: Trick Room
|upkeep
|
|t:|1769339229
|switch|p1a: Flygon|Flygon, M|100/100
|turn|6
|
|t:|1769339235
|move|p1a: Flygon|Earthquake|p2a: Iron Hands
|-supereffective|p2a: Iron Hands
|-damage|p2a: Iron Hands|0 fnt
|faint|p2a: Iron Hands
|-end|p2a: Iron Hands|Quark Drive|[silent]
|-damage|p1a: Flygon|91/100|[from] item: Life Orb
|
|upkeep
|
|t:|1769339242
|switch|p2a: Hatterene|Hatterene, F, shiny|67/100
|turn|7
|
|t:|1769339245
|move|p1a: Flygon|Earthquake|p2a: Hatterene
|-damage|p2a: Hatterene|10/100
|-damage|p1a: Flygon|81/100|[from] item: Life Orb
|move|p2a: Hatterene|Trick Room|p2a: Hatterene
|-fieldstart|move: Trick Room|[of] p2a: Hatterene
|
|upkeep
|turn|8
|
|t:|1769339257
|switch|p1a: Sandaconda|Sandaconda, M|100/100
|move|p2a: Hatterene|Dazzling Gleam|p1a: Sandaconda
|-damage|p1a: Sandaconda|45/100
|
|-heal|p1a: Sandaconda|51/100|[from] item: Leftovers
|upkeep
|turn|9
|
|t:|1769339271
|move|p2a: Hatterene|Psychic|p1a: Sandaconda
|-damage|p1a: Sandaconda|0 fnt
|faint|p1a: Sandaconda
|
|upkeep
|
|t:|1769339276
|switch|p1a: Overqwil|Overqwil, F|100/100
|-ability|p1a: Overqwil|Intimidate|boost
|-unboost|p2a: Hatterene|atk|1
|turn|10
|
|t:|1769339283
|move|p1a: Overqwil|Aqua Jet|p2a: Hatterene
|-damage|p2a: Hatterene|0 fnt
|faint|p2a: Hatterene
|
|upkeep
|
|t:|1769339291
|switch|p2a: Ursaluna|Ursaluna, M, shiny|100/100
|turn|11
|
|t:|1769339298
|switch|p1a: Flygon|Flygon, M|81/100
|move|p2a: Ursaluna|Headlong Rush|p1a: Flygon
|-immune|p1a: Flygon|[from] ability: Levitate
|
|-fieldend|move: Trick Room
|-status|p2a: Ursaluna|brn|[from] item: Flame Orb
|upkeep
|turn|12
|
|t:|1769339311
|move|p1a: Flygon|Outrage|p2a: Ursaluna
|-damage|p2a: Ursaluna|50/100 brn
|-damage|p1a: Flygon|71/100|[from] item: Life Orb
|move|p2a: Ursaluna|Facade|p1a: Flygon
|-damage|p1a: Flygon|0 fnt
|faint|p1a: Flygon
|
|-damage|p2a: Ursaluna|44/100 brn|[from] brn
|upkeep
|
|t:|1769339320
|switch|p1a: Zarude|Zarude|100/100
|turn|13
|
|t:|1769339329
|move|p1a: Zarude|Close Combat|p2a: Ursaluna
|-supereffective|p2a: Ursaluna
|-damage|p2a: Ursaluna|0 fnt
|-unboost|p1a: Zarude|def|1
|-unboost|p1a: Zarude|spd|1
|faint|p2a: Ursaluna
|
|upkeep
|
|t:|1769339337
|switch|p2a: Deoxys|Deoxys-Defense|100/100
|-ability|p2a: Deoxys|Pressure
|turn|14
|
|t:|1769339345
|switch|p1a: Overqwil|Overqwil, F|100/100
|-ability|p1a: Overqwil|Intimidate|boost
|-unboost|p2a: Deoxys|atk|1
|move|p2a: Deoxys|Trick Room|p2a: Deoxys
|-fieldstart|move: Trick Room|[of] p2a: Deoxys
|
|upkeep
|turn|15
|
|t:|1769339355
|move|p1a: Overqwil|Crunch|p2a: Deoxys
|-supereffective|p2a: Deoxys
|-damage|p2a: Deoxys|44/100
|move|p2a: Deoxys|Teleport|p2a: Deoxys
|
|t:|1769339359
|switch|p2a: Kingambit|Kingambit, M, shiny|100/100|[from] Teleport
|-activate|p2a: Kingambit|ability: Supreme Overlord
|-start|p2a: Kingambit|fallen3|[silent]
|
|upkeep
|turn|16
|
|t:|1769339376
|switch|p1a: Heracross|Heracross, M|100/100
|move|p2a: Kingambit|Swords Dance|p2a: Kingambit
|-boost|p2a: Kingambit|atk|2
|
|-status|p1a: Heracross|brn|[from] item: Flame Orb
|upkeep
|turn|17
|
|t:|1769339386
|move|p2a: Kingambit|Kowtow Cleave|p1a: Heracross
|-resisted|p1a: Heracross
|-damage|p1a: Heracross|0 fnt
|faint|p1a: Heracross
|
|upkeep
|
|t:|1769339391
|switch|p1a: Overqwil|Overqwil, F|100/100
|-ability|p1a: Overqwil|Intimidate|boost
|-unboost|p2a: Kingambit|atk|1
|turn|18
|
|t:|1769339398
|move|p1a: Overqwil|Aqua Jet|p2a: Kingambit
|-damage|p2a: Kingambit|89/100
|move|p2a: Kingambit|Iron Head|p1a: Overqwil
|-damage|p1a: Overqwil|4/100
|
|-heal|p1a: Overqwil|10/100|[from] item: Black Sludge
|-fieldend|move: Trick Room
|upkeep
|turn|19
|
|t:|1769339406
|move|p1a: Overqwil|Aqua Jet|p2a: Kingambit
|-damage|p2a: Kingambit|79/100
|move|p2a: Kingambit|Kowtow Cleave|p1a: Overqwil
|-resisted|p1a: Overqwil
|-damage|p1a: Overqwil|0 fnt
|faint|p1a: Overqwil
|
|upkeep
|
|t:|1769339412
|switch|p1a: Zarude|Zarude|100/100
|turn|20
|
|t:|1769339418
|-terastallize|p2a: Kingambit|Dark
|move|p1a: Zarude|Close Combat|p2a: Kingambit
|-supereffective|p2a: Kingambit
|-damage|p2a: Kingambit|8/100
|-unboost|p1a: Zarude|def|1
|-unboost|p1a: Zarude|spd|1
|move|p2a: Kingambit|Kowtow Cleave|p1a: Zarude
|-resisted|p1a: Zarude
|-damage|p1a: Zarude|0 fnt
|faint|p1a: Zarude
|
|win|krdoigbo
|raw|jungle and savage's rating: 1075 &rarr; <strong>1058</strong><br />(-17 for losing)
|raw|krdoigbo's rating: 1141 &rarr; <strong>1161</strong><br />(+20 for winning)
|l|☆krdoigbo
|player|p2|
|l|☆jungle and savage
|player|p1|
