|j|☆adobo809
|j|☆NecromancerLP
|t:|1769371746
|gametype|singles
|player|p1|adobo809|juan|1129
|player|p2|NecromancerLP|1|1163
|gen|9
|tier|[Gen 9] OU
|rated|
|rule|HP Percentage Mod: HP is shown in percentages
|rule|Endless Battle Clause: Forcing endless battles is banned
|rule|Species Clause: Limit one of each Pokémon
|rule|OHKO Clause: OHKO moves are banned
|rule|Evasion Items Clause: Evasion items are banned
|rule|Evasion Moves Clause: Evasion moves are banned
|rule|Evasion Abilities Clause: Evasion abilities are banned
|rule|Sleep Moves Clause: Sleep-inducing moves are banned
|clearpoke
|poke|p1|Cottonee, L1, M|
|poke|p1|Lilligant-Hisui, F|
|poke|p1|Torkoal, F|
|poke|p1|Clodsire, M|
|poke|p1|Dugtrio, M|
|poke|p1|Walking Wake|
|poke|p2|Deoxys-Speed|
|poke|p2|Great Tusk|
|poke|p2|Crawdaunt, M|
|poke|p2|Pecharunt|
|poke|p2|Iron Moth|
|poke|p2|Slowking-Galar, M|
|teampreview
|inactive|Battle timer is ON: inactive players will automatically lose when time's up. (requested by NecromancerLP)
|
|t:|1769371751
|teamsize|p1|6
|teamsize|p2|6
|start
|switch|p1a: Clodsire|Clodsire, M|100/100
|switch|p2a: Deoxys|Deoxys-Speed|100/100
|-ability|p2a: Deoxys|Pressure
|-item|p1a: Clodsire|Air Balloon
|turn|1
|
|t:|1769371765
|-terastallize|p1a: Clodsire|Dark
|move|p2a: Deoxys|Stealth Rock|p1a: Clodsire
|-sidestart|p1: adobo809|move: Stealth Rock
|move|p1a: Clodsire|Toxic|p2a: Deoxys
|-status|p2a: Deoxys|tox
|
|-damage|p2a: Deoxys|95/100 tox|[from] psn
|upkeep
|turn|2
|
|t:|1769371773
|move|p2a: Deoxys|Taunt|p1a: Clodsire
|-start|p1a: Clodsire|move: Taunt
|cant|p1a: Clodsire|move: Taunt|Stealth Rock
|
|-damage|p2a: Deoxys|83/100 tox|[from] psn
|upkeep
|turn|3
|
|t:|1769371779
|switch|p2a: Great Tusk|Great Tusk|100/100
|-enditem|p2a: Great Tusk|Booster Energy
|-activate|p2a: Great Tusk|ability: Protosynthesis|[fromitem]
|-start|p2a: Great Tusk|protosynthesisdef
|move|p1a: Clodsire|Earthquake|p2a: Great Tusk
|-damage|p2a: Great Tusk|89/100
|
|upkeep
|turn|4
|
|t:|1769371792
|switch|p1a: Torkoal|Torkoal, F|100/100
|-damage|p1a: Torkoal|75/100|[from] Stealth Rock
|-weather|SunnyDay|[from] ability: Drought|[of] p1a: Torkoal
|move|p2a: Great Tusk|Body Press|p1a: Torkoal
|-damage|p1a: Torkoal|42/100
|
|-weather|SunnyDay|[upkeep]
|upkeep
|turn|5
|j| doozymeow
|
|t:|1769371805
|switch|p1a: Dugtrio|Dugtrio, M|100/100
|-damage|p1a: Dugtrio|94/100|[from] Stealth Rock
|move|p2a: Great Tusk|Earthquake|p1a: Dugtrio
|-damage|p1a: Dugtrio|0 fnt
|faint|p1a: Dugtrio
|
|-weather|SunnyDay|[upkeep]
|upkeep
|
|t:|1769371813
|switch|p1a: Lilligant|Lilligant-Hisui, F|100/100
|turn|6
|
|t:|1769371815
|-end|p2a: Great Tusk|Protosynthesis|[silent]
|switch|p2a: Deoxys|Deoxys-Speed|83/100 tox
|-ability|p2a: Deoxys|Pressure
|move|p1a: Lilligant|Solar Blade||[still]
|-prepare|p1a: Lilligant|Solar Blade
|-anim|p1a: Lilligant|Solar Blade|p2a: Deoxys
|-damage|p2a: Deoxys|5/100 tox
|
|-weather|SunnyDay|[upkeep]
|-damage|p2a: Deoxys|0 fnt|[from] psn
|faint|p2a: Deoxys
|upkeep
|
|t:|1769371819
|switch|p2a: Slowking|Slowking-Galar, M|100/100
|turn|7
|
|t:|1769371833
|move|p1a: Lilligant|Defog|p2a: Slowking
|-unboost|p2a: Slowking|evasion|1
|-sideend|p1: adobo809|Stealth Rock|[from] move: Defog|[of] p1a: Lilligant
|-prepare|p2a: Slowking|Chilly Reception|[premajor]
|move|p2a: Slowking|Chilly Reception|p2a: Slowking
|-weather|Snowscape
|
|t:|1769371841
|switch|p2a: Pecharunt|Pecharunt|100/100|[from] Chilly Reception
|
|-weather|Snowscape|[upkeep]
|upkeep
|turn|8
|
|t:|1769371850
|switch|p1a: Torkoal|Torkoal, F|42/100
|-weather|SunnyDay|[from] ability: Drought|[of] p1a: Torkoal
|move|p2a: Pecharunt|Malignant Chain|p1a: Torkoal
|-damage|p1a: Torkoal|2/100
|-status|p1a: Torkoal|tox
|-start|p1a: Torkoal|confusion|[from] ability: Poison Puppeteer|[of] p2a: Pecharunt
|
|-weather|SunnyDay|[upkeep]
|-damage|p1a: Torkoal|0 fnt|[from] psn
|faint|p1a: Torkoal
|upkeep
|
|t:|1769371857
|switch|p1a: Walking Wake|Walking Wake|100/100
|-activate|p1a: Walking Wake|ability: Protosynthesis
|-start|p1a: Walking Wake|protosynthesisspa
|turn|9
|
|t:|1769371860
|move|p1a: Walking Wake|Hydro Steam|p2a: Pecharunt
|-damage|p2a: Pecharunt|22/100
|move|p2a: Pecharunt|Substitute|p2a: Pecharunt
|-fail|p2a: Pecharunt|move: Substitute|[weak]
|
|-weather|SunnyDay|[upkeep]
|-heal|p2a: Pecharunt|28/100|[from] item: Leftovers
|upkeep
|turn|10
|
|t:|1769371863
|move|p1a: Walking Wake|Hydro Steam|p2a: Pecharunt
|-damage|p2a: Pecharunt|0 fnt
|faint|p2a: Pecharunt
|
|-weather|SunnyDay|[upkeep]
|upkeep
|
|t:|1769371867
|switch|p2a: Slowking|Slowking-Galar, M|100/100
|turn|11
|
|t:|1769371876
|move|p1a: Walking Wake|Draco Meteor|p2a: Slowking
|-damage|p2a: Slowking|58/100
|-unboost|p1a: Walking Wake|spa|2
|move|p2a: Slowking|Thunder Wave|p1a: Walking Wake
|-status|p1a: Walking Wake|par
|
|-weather|SunnyDay|[upkeep]
|-heal|p2a: Slowking|64/100|[from] item: Leftovers
|upkeep
|turn|12
|
|t:|1769371882
|-end|p1a: Walking Wake|Protosynthesis|[silent]
|switch|p1a: Cottonee|Cottonee, L1, M|100/100
|-prepare|p2a: Slowking|Chilly Reception|[premajor]
|move|p2a: Slowking|Chilly Reception|p2a: Slowking
|-weather|Snowscape
|
|t:|1769371886
|switch|p2a: Iron Moth|Iron Moth|100/100|[from] Chilly Reception
|-enditem|p2a: Iron Moth|Booster Energy
|-activate|p2a: Iron Moth|ability: Quark Drive|[fromitem]
|-start|p2a: Iron Moth|quarkdrivespe
|
|-weather|Snowscape|[upkeep]
|upkeep
|turn|13
|
|t:|1769371891
|move|p1a: Cottonee|Leech Seed|p2a: Iron Moth
|-start|p2a: Iron Moth|move: Leech Seed
|move|p2a: Iron Moth|Sludge Wave|p1a: Cottonee
|-supereffective|p1a: Cottonee
|-enditem|p1a: Cottonee|Focus Sash
|-damage|p1a: Cottonee|9/100
|
|-weather|Snowscape|[upkeep]
|-damage|p2a: Iron Moth|88/100|[from] Leech Seed|[of] p1a: Cottonee
|-heal|p1a: Cottonee|100/100|[silent]
|upkeep
|turn|14
|
|t:|1769371895
|move|p1a: Cottonee|Substitute|p1a: Cottonee
|-start|p1a: Cottonee|Substitute
|-damage|p1a: Cottonee|75/100
|move|p2a: Iron Moth|Sludge Wave|p1a: Cottonee
|-supereffective|p1a: Cottonee
|-end|p1a: Cottonee|Substitute
|
|-weather|Snowscape|[upkeep]
|-damage|p2a: Iron Moth|76/100|[from] Leech Seed|[of] p1a: Cottonee
|-heal|p1a: Cottonee|100/100|[silent]
|upkeep
|turn|15
|
|t:|1769371902
|-end|p2a: Iron Moth|Quark Drive|[silent]
|switch|p2a: Slowking|Slowking-Galar, M|98/100
|move|p1a: Cottonee|Substitute|p1a: Cottonee
|-start|p1a: Cottonee|Substitute
|-damage|p1a: Cottonee|75/100
|
|-weather|Snowscape|[upkeep]
|-heal|p2a: Slowking|100/100|[from] item: Leftovers
|upkeep
|turn|16
|
|t:|1769371908
|move|p2a: Slowking|Future Sight|p1a: Cottonee
|-start|p2a: Slowking|move: Future Sight
|move|p1a: Cottonee|Endeavor|p2a: Slowking
|-damage|p2a: Slowking|3/100
|
|-weather|none
|-heal|p2a: Slowking|9/100|[from] item: Leftovers
|upkeep
|turn|17
|
|t:|1769371917
|switch|p1a: Clodsire|Clodsire, M, tera:Dark|100/100
|-item|p1a: Clodsire|Air Balloon
|move|p2a: Slowking|Ice Beam|p1a: Clodsire
|-damage|p1a: Clodsire|82/100
|-status|p1a: Clodsire|frz
|-enditem|p1a: Clodsire|Air Balloon
|
|-heal|p2a: Slowking|15/100|[from] item: Leftovers
|upkeep
|turn|18
|
|t:|1769371925
|switch|p2a: Iron Moth|Iron Moth|76/100
|-curestatus|p1a: Clodsire|frz|[msg]
|move|p1a: Clodsire|Recover|p1a: Clodsire
|-heal|p1a: Clodsire|100/100
|
|-end|p1a: Clodsire|move: Future Sight
|-immune|p1a: Clodsire
|upkeep
|turn|19
|
|t:|1769371933
|move|p2a: Iron Moth|Dazzling Gleam|p1a: Clodsire
|-supereffective|p1a: Clodsire
|-damage|p1a: Clodsire|63/100
|move|p1a: Clodsire|Stealth Rock|p2a: Iron Moth
|-sidestart|p2: NecromancerLP|move: Stealth Rock
|
|upkeep
|turn|20
|
|t:|1769371939
|-end|p2a: Iron Moth|Quark Drive|[silent]
|switch|p2a: Slowking|Slowking-Galar, M|48/100
|-damage|p2a: Slowking|36/100|[from] Stealth Rock
|move|p1a: Clodsire|Toxic|p2a: Slowking
|-immune|p2a: Slowking
|
|-heal|p2a: Slowking|42/100|[from] item: Leftovers
|upkeep
|turn|21
|
|t:|1769371945
|move|p2a: Slowking|Thunder Wave|p1a: Clodsire
|-status|p1a: Clodsire|par
|cant|p1a: Clodsire|par
|
|-heal|p2a: Slowking|48/100|[from] item: Leftovers
|upkeep
|turn|22
|
|t:|1769371949
|move|p2a: Slowking|Ice Beam|p1a: Clodsire
|-crit|p1a: Clodsire
|-damage|p1a: Clodsire|36/100 par
|move|p1a: Clodsire|Earthquake|p2a: Slowking
|-supereffective|p2a: Slowking
|-damage|p2a: Slowking|0 fnt
|faint|p2a: Slowking
|
|upkeep
|
|t:|1769371958
|switch|p2a: Crawdaunt|Crawdaunt, M|100/100
|-damage|p2a: Crawdaunt|88/100|[from] Stealth Rock
|turn|23
|
|t:|1769371966
|move|p2a: Crawdaunt|Crabhammer|p1a: Clodsire
|-heal|p1a: Clodsire|61/100 par|[from] ability: Water Absorb|[of] p2a: Crawdaunt
|move|p1a: Clodsire|Toxic|p2a: Crawdaunt
|-status|p2a: Crawdaunt|tox
|
|-damage|p2a: Crawdaunt|82/100 tox|[from] psn
|upkeep
|turn|24
|-message|NecromancerLP forfeited.
|
|win|adobo809
|raw|adobo809's rating: 1129 &rarr; <strong>1156</strong><br />(+27 for winning)
|raw|NecromancerLP's rating: 1163 &rarr; <strong>1136</strong><br />(-27 for losing)
|l|☆NecromancerLP
|player|p2|
|l|☆adobo809
|player|p1|
|l| doozymeow
