|j|☆joeycantin
|j|☆Nakaouzi
|t:|1769433586
|gametype|singles
|player|p1|joeycantin|cynthia|1384
|player|p2|Nakaouzi|265|1350
|gen|9
|tier|[Gen 9] OU
|rated|
|rule|HP Percentage Mod: HP is shown in percentages
|rule|Endless Battle Clause: Forcing endless battles is banned
|rule|Species Clause: Limit one of each Pokémon
|rule|OHKO Clause: OHKO moves are banned
|rule|Evasion Items Clause: Evasion items are banned
|rule|Evasion Moves Clause: Evasion moves are banned
|rule|Evasion Abilities Clause: Evasion abilities are banned
|rule|Sleep Moves Clause: Sleep-inducing moves are banned
|clearpoke
|poke|p1|Great Tusk|
|poke|p1|Enamorus, F|
|poke|p1|Slowking-Galar, M|
|poke|p1|Kingambit, M|
|poke|p1|Jirachi|
|poke|p1|Dondozo, M|
|poke|p2|Iron Valiant|
|poke|p2|Gliscor, F|
|poke|p2|Slowking-Galar, M|
|poke|p2|Great Tusk|
|poke|p2|Dragapult, M|
|poke|p2|Skarmory, F|
|teampreview
|inactive|Battle timer is ON: inactive players will automatically lose when time's up. (requested by joeycantin)
|
|t:|1769433598
|teamsize|p1|6
|teamsize|p2|6
|start
|switch|p1a: Behemoth|Great Tusk, shiny|100/100
|switch|p2a: Dragapult|Dragapult, M|100/100
|turn|1
|
|t:|1769433603
|move|p2a: Dragapult|Will-O-Wisp|p1a: Behemoth
|-status|p1a: Behemoth|brn
|move|p1a: Behemoth|Stealth Rock|p2a: Dragapult
|-sidestart|p2: Nakaouzi|move: Stealth Rock
|
|-damage|p1a: Behemoth|94/100 brn|[from] brn
|upkeep
|turn|2
|
|t:|1769433633
|move|p2a: Dragapult|Hex|p1a: Behemoth
|-damage|p1a: Behemoth|3/100 brn
|move|p1a: Behemoth|Headlong Rush|p2a: Dragapult
|-damage|p2a: Dragapult|53/100
|-unboost|p1a: Behemoth|def|1
|-unboost|p1a: Behemoth|spd|1
|
|-damage|p1a: Behemoth|0 fnt|[from] brn
|faint|p1a: Behemoth
|-end|p1a: Behemoth|Protosynthesis|[silent]
|upkeep
|
|t:|1769433648
|switch|p1a: Gin|Enamorus, F, shiny|100/100
|turn|3
|
|t:|1769433654
|switch|p2a: Slowking|Slowking-Galar, M|100/100
|move|p1a: Gin|Moonblast|p2a: Slowking
|-resisted|p2a: Slowking
|-damage|p2a: Slowking|84/100
|
|upkeep
|turn|4
|
|t:|1769433661
|switch|p1a: Jirachi|Jirachi|100/100
|-prepare|p2a: Slowking|Chilly Reception|[premajor]
|move|p2a: Slowking|Chilly Reception|p2a: Slowking
|-weather|Snowscape
|
|t:|1769433678
|switch|p2a: Skarmory|Skarmory, F, shiny|100/100|[from] Chilly Reception
|-damage|p2a: Skarmory|88/100|[from] Stealth Rock
|
|-weather|Snowscape|[upkeep]
|upkeep
|turn|5
|
|t:|1769433686
|move|p1a: Jirachi|U-turn|p2a: Skarmory
|-resisted|p2a: Skarmory
|-damage|p2a: Skarmory|85/100
|-damage|p1a: Jirachi|84/100|[from] item: Rocky Helmet|[of] p2a: Skarmory
|
|t:|1769433688
|switch|p1a: Dondozo|Dondozo, M|100/100|[from] U-turn
|move|p2a: Skarmory|Spikes|p1a: Dondozo
|-sidestart|p1: joeycantin|Spikes
|
|-weather|Snowscape|[upkeep]
|upkeep
|turn|6
|
|t:|1769433691
|move|p2a: Skarmory|Spikes|p1a: Dondozo
|-sidestart|p1: joeycantin|Spikes
|move|p1a: Dondozo|Curse|p1a: Dondozo
|-unboost|p1a: Dondozo|spe|1
|-boost|p1a: Dondozo|atk|1
|-boost|p1a: Dondozo|def|1
|
|-weather|Snowscape|[upkeep]
|upkeep
|turn|7
|
|t:|1769433694
|move|p2a: Skarmory|Spikes|p1a: Dondozo
|-sidestart|p1: joeycantin|Spikes
|move|p1a: Dondozo|Curse|p1a: Dondozo
|-unboost|p1a: Dondozo|spe|1
|-boost|p1a: Dondozo|atk|1
|-boost|p1a: Dondozo|def|1
|
|-weather|Snowscape|[upkeep]
|upkeep
|turn|8
|
|t:|1769433695
|move|p1a: Dondozo|Curse|p1a: Dondozo
|-unboost|p1a: Dondozo|spe|1
|-boost|p1a: Dondozo|atk|1
|-boost|p1a: Dondozo|def|1
|move|p2a: Skarmory|Whirlwind|p1a: Dondozo
|drag|p1a: Mantra|Slowking-Galar, M, shiny|100/100
|-damage|p1a: Mantra|76/100|[from] Spikes
|
|-weather|none
|upkeep
|turn|9
|
|t:|1769433700
|move|p2a: Skarmory|Brave Bird|p1a: Mantra
|-damage|p1a: Mantra|50/100
|-damage|p2a: Skarmory|76/100|[from] Recoil
|move|p1a: Mantra|Flamethrower|p2a: Skarmory
|-supereffective|p2a: Skarmory
|-damage|p2a: Skarmory|14/100
|
|upkeep
|turn|10
|
|t:|1769433703
|move|p2a: Skarmory|Roost|p2a: Skarmory
|-heal|p2a: Skarmory|64/100
|-singleturn|p2a: Skarmory|move: Roost
|move|p1a: Mantra|Psyshock|p2a: Skarmory
|-resisted|p2a: Skarmory
|-crit|p2a: Skarmory
|-damage|p2a: Skarmory|52/100
|
|upkeep
|turn|11
|
|t:|1769433712
|switch|p2a: Slowking|Slowking-Galar, M|100/100
|move|p1a: Mantra|Flamethrower|p2a: Slowking
|-damage|p2a: Slowking|86/100
|
|upkeep
|turn|12
|
|t:|1769433724
|move|p1a: Mantra|Psyshock|p2a: Slowking
|-damage|p2a: Slowking|55/100
|-prepare|p2a: Slowking|Chilly Reception|[premajor]
|move|p2a: Slowking|Chilly Reception|p2a: Slowking
|-weather|Snowscape
|
|t:|1769433737
|switch|p2a: Great Tusk|Great Tusk, shiny|100/100|[from] Chilly Reception
|
|-weather|Snowscape|[upkeep]
|upkeep
|turn|13
|
|t:|1769433747
|switch|p1a: Gin|Enamorus, F, shiny|100/100
|move|p2a: Great Tusk|Stealth Rock|p1a: Gin
|-sidestart|p1: joeycantin|move: Stealth Rock
|
|-weather|Snowscape|[upkeep]
|upkeep
|turn|14
|
|t:|1769433754
|-end|p2a: Great Tusk|Protosynthesis|[silent]
|switch|p2a: Slowking|Slowking-Galar, M|89/100
|move|p1a: Gin|Earth Power|p2a: Slowking
|-supereffective|p2a: Slowking
|-damage|p2a: Slowking|44/100
|
|-weather|Snowscape|[upkeep]
|upkeep
|turn|15
|
|t:|1769433763
|switch|p1a: Dondozo|Dondozo, M|100/100
|-damage|p1a: Dondozo|75/100|[from] Spikes
|-damage|p1a: Dondozo|63/100|[from] Stealth Rock
|switch|p2a: Gliscor|Gliscor, F, shiny|100/100
|-damage|p2a: Gliscor|88/100|[from] Stealth Rock
|
|-weather|Snowscape|[upkeep]
|-status|p2a: Gliscor|tox|[from] item: Toxic Orb
|upkeep
|turn|16
|
|t:|1769433769
|move|p2a: Gliscor|U-turn|p1a: Dondozo
|-damage|p1a: Dondozo|56/100
|
|t:|1769433771
|switch|p2a: Skarmory|Skarmory, F, shiny|52/100|[from] U-turn
|-damage|p2a: Skarmory|40/100|[from] Stealth Rock
|move|p1a: Dondozo|Curse|p1a: Dondozo
|-unboost|p1a: Dondozo|spe|1
|-boost|p1a: Dondozo|atk|1
|-boost|p1a: Dondozo|def|1
|
|-weather|none
|upkeep
|turn|17
|
|t:|1769433774
|move|p2a: Skarmory|Roost|p2a: Skarmory
|-heal|p2a: Skarmory|90/100
|-singleturn|p2a: Skarmory|move: Roost
|move|p1a: Dondozo|Waterfall|p2a: Skarmory
|-damage|p2a: Skarmory|64/100
|-damage|p1a: Dondozo|39/100|[from] item: Rocky Helmet|[of] p2a: Skarmory
|
|upkeep
|turn|18
|
|t:|1769433778
|move|p1a: Dondozo|Waterfall|p2a: Skarmory
|-damage|p2a: Skarmory|41/100
|-damage|p1a: Dondozo|23/100|[from] item: Rocky Helmet|[of] p2a: Skarmory
|cant|p2a: Skarmory|flinch
|
|upkeep
|turn|19
|
|t:|1769433782
|move|p2a: Skarmory|Roost|p2a: Skarmory
|-heal|p2a: Skarmory|91/100
|-singleturn|p2a: Skarmory|move: Roost
|move|p1a: Dondozo|Waterfall|p2a: Skarmory
|-damage|p2a: Skarmory|67/100
|-damage|p1a: Dondozo|6/100|[from] item: Rocky Helmet|[of] p2a: Skarmory
|
|upkeep
|turn|20
|
|t:|1769433787
|move|p2a: Skarmory|Roost|p2a: Skarmory
|-heal|p2a: Skarmory|100/100
|-singleturn|p2a: Skarmory|move: Roost
|move|p1a: Dondozo|Rest|p1a: Dondozo
|-status|p1a: Dondozo|slp|[from] move: Rest
|-heal|p1a: Dondozo|100/100 slp|[silent]
|-enditem|p1a: Dondozo|Chesto Berry|[eat]
|-curestatus|p1a: Dondozo|slp|[msg]
|
|upkeep
|turn|21
|
|t:|1769433791
|move|p1a: Dondozo|Waterfall|p2a: Skarmory
|-damage|p2a: Skarmory|77/100
|-damage|p1a: Dondozo|84/100|[from] item: Rocky Helmet|[of] p2a: Skarmory
|move|p2a: Skarmory|Whirlwind|p1a: Dondozo
|drag|p1a: Overgod|Kingambit, M, shiny|100/100
|-damage|p1a: Overgod|76/100|[from] Spikes
|-damage|p1a: Overgod|69/100|[from] Stealth Rock
|-activate|p1a: Overgod|ability: Supreme Overlord
|-start|p1a: Overgod|fallen1|[silent]
|
|-heal|p1a: Overgod|76/100|[from] item: Leftovers
|upkeep
|turn|22
|
|t:|1769433799
|-end|p1a: Overgod|fallen1|[silent]
|switch|p1a: Mantra|Slowking-Galar, M, shiny|84/100
|-damage|p1a: Mantra|59/100|[from] Spikes
|-damage|p1a: Mantra|46/100|[from] Stealth Rock
|move|p2a: Skarmory|Whirlwind|p1a: Mantra
|drag|p1a: Gin|Enamorus, F, shiny|100/100
|-damage|p1a: Gin|76/100|[from] Stealth Rock
|
|upkeep
|turn|23
|
|t:|1769433805
|move|p1a: Gin|Mystical Fire|p2a: Skarmory
|-supereffective|p2a: Skarmory
|-damage|p2a: Skarmory|0 fnt
|faint|p2a: Skarmory
|
|upkeep
|
|t:|1769433809
|switch|p2a: Slowking|Slowking-Galar, M|77/100
|turn|24
|
|t:|1769433815
|move|p1a: Gin|Mystical Fire|p2a: Slowking
|-damage|p2a: Slowking|60/100
|-unboost|p2a: Slowking|spa|1
|-prepare|p2a: Slowking|Chilly Reception|[premajor]
|move|p2a: Slowking|Chilly Reception|p2a: Slowking
|-weather|Snowscape
|inactive|Nakaouzi has 120 seconds left.
|inactive|Nakaouzi has 90 seconds left.
|l|☆Nakaouzi
|inactive|Nakaouzi disconnected and has a minute to reconnect!
|player|p2|
|j|☆Nakaouzi
|inactive|Nakaouzi reconnected and has 75 seconds left.
|player|p2|Nakaouzi|265|
|
|t:|1769433897
|switch|p2a: Great Tusk|Great Tusk, shiny|100/100|[from] Chilly Reception
|
|-weather|Snowscape|[upkeep]
|upkeep
|turn|25
|inactive|joeycantin has 120 seconds left.
|
|t:|1769433928
|switch|p1a: Jirachi|Jirachi|84/100
|-damage|p1a: Jirachi|59/100|[from] Spikes
|-damage|p1a: Jirachi|53/100|[from] Stealth Rock
|-end|p2a: Great Tusk|Protosynthesis|[silent]
|switch|p2a: Slowking|Slowking-Galar, M|93/100
|
|-weather|Snowscape|[upkeep]
|upkeep
|turn|26
|inactive|Nakaouzi has 60 seconds left.
|
|t:|1769433960
|move|p1a: Jirachi|Iron Head|p2a: Slowking
|-damage|p2a: Slowking|61/100
|-prepare|p2a: Slowking|Chilly Reception|[premajor]
|cant|p2a: Slowking|flinch
|
|-weather|Snowscape|[upkeep]
|upkeep
|turn|27
|
|t:|1769433968
|move|p1a: Jirachi|Iron Head|p2a: Slowking
|-crit|p2a: Slowking
|-damage|p2a: Slowking|5/100
|-prepare|p2a: Slowking|Chilly Reception|[premajor]
|cant|p2a: Slowking|flinch
|
|-weather|Snowscape|[upkeep]
|upkeep
|turn|28
|
|t:|1769433972
|switch|p2a: Great Tusk|Great Tusk, shiny|100/100
|move|p1a: Jirachi|Iron Head|p2a: Great Tusk
|-damage|p2a: Great Tusk|75/100
|
|-weather|none
|upkeep
|turn|29
|c|☆joeycantin|lol
|
|t:|1769433979
|-terastallize|p1a: Jirachi|Steel
|move|p1a: Jirachi|Iron Head|p2a: Great Tusk
|-damage|p2a: Great Tusk|43/100
|cant|p2a: Great Tusk|flinch
|
|upkeep
|turn|30
|inactive|Nakaouzi has 90 seconds left.
|
|t:|1769433992
|-terastallize|p2a: Great Tusk|Steel
|move|p1a: Jirachi|Iron Head|p2a: Great Tusk
|-resisted|p2a: Great Tusk
|-damage|p2a: Great Tusk|24/100
|cant|p2a: Great Tusk|flinch
|
|upkeep
|turn|31
|
|t:|1769433998
|move|p1a: Jirachi|Iron Head|p2a: Great Tusk
|-resisted|p2a: Great Tusk
|-damage|p2a: Great Tusk|7/100
|move|p2a: Great Tusk|Rapid Spin|p1a: Jirachi
|-resisted|p1a: Jirachi
|-damage|p1a: Jirachi|44/100
|-boost|p2a: Great Tusk|spe|1
|-sideend|p2: Nakaouzi|Stealth Rock|[from] move: Rapid Spin|[of] p2a: Great Tusk
|
|upkeep
|turn|32
|
|t:|1769434002
|move|p1a: Jirachi|Iron Head|p2a: Great Tusk
|-resisted|p2a: Great Tusk
|-damage|p2a: Great Tusk|0 fnt
|faint|p2a: Great Tusk
|-end|p2a: Great Tusk|Protosynthesis|[silent]
|
|upkeep
|
|t:|1769434007
|switch|p2a: Gliscor|Gliscor, F, shiny|88/100 tox
|turn|33
|c|☆joeycantin|lol
|
|t:|1769434012
|move|p1a: Jirachi|Iron Head|p2a: Gliscor
|-damage|p2a: Gliscor|49/100 tox
|cant|p2a: Gliscor|flinch
|
|-heal|p2a: Gliscor|62/100 tox|[from] ability: Poison Heal
|upkeep
|turn|34
|
|t:|1769434016
|move|p2a: Gliscor|Protect|p2a: Gliscor
|-singleturn|p2a: Gliscor|Protect
|move|p1a: Jirachi|Iron Head|p2a: Gliscor
|-activate|p2a: Gliscor|move: Protect
|
|-heal|p2a: Gliscor|74/100 tox|[from] ability: Poison Heal
|upkeep
|turn|35
|
|t:|1769434019
|move|p1a: Jirachi|Iron Head|p2a: Gliscor
|-damage|p2a: Gliscor|37/100 tox
|move|p2a: Gliscor|Earthquake|p1a: Jirachi
|-supereffective|p1a: Jirachi
|-damage|p1a: Jirachi|0 fnt
|faint|p1a: Jirachi
|
|-heal|p2a: Gliscor|49/100 tox|[from] ability: Poison Heal
|upkeep
|c|☆joeycantin|lol
|
|t:|1769434031
|switch|p1a: Gin|Enamorus, F, shiny|76/100
|-damage|p1a: Gin|51/100|[from] Stealth Rock
|turn|36
|c|☆Nakaouzi|Lol
|
|t:|1769434041
|switch|p1a: Mantra|Slowking-Galar, M, shiny|80/100
|-damage|p1a: Mantra|55/100|[from] Spikes
|-damage|p1a: Mantra|42/100|[from] Stealth Rock
|move|p2a: Gliscor|Protect||[still]
|-fail|p2a: Gliscor
|
|-heal|p2a: Gliscor|62/100 tox|[from] ability: Poison Heal
|upkeep
|turn|37
|
|t:|1769434046
|move|p2a: Gliscor|Earthquake|p1a: Mantra
|-supereffective|p1a: Mantra
|-damage|p1a: Mantra|0 fnt
|faint|p1a: Mantra
|
|-heal|p2a: Gliscor|74/100 tox|[from] ability: Poison Heal
|upkeep
|
|t:|1769434050
|switch|p1a: Dondozo|Dondozo, M|84/100
|-damage|p1a: Dondozo|59/100|[from] Spikes
|-damage|p1a: Dondozo|46/100|[from] Stealth Rock
|turn|38
|c|☆joeycantin|bro still not winning tho
|
|t:|1769434064
|move|p2a: Gliscor|U-turn|p1a: Dondozo
|-crit|p1a: Dondozo
|-damage|p1a: Dondozo|35/100
|
|t:|1769434066
|switch|p2a: Dragapult|Dragapult, M|53/100|[from] U-turn
|move|p1a: Dondozo|Waterfall|p2a: Dragapult
|-resisted|p2a: Dragapult
|-crit|p2a: Dragapult
|-damage|p2a: Dragapult|23/100
|
|upkeep
|turn|39
|c|☆joeycantin|im losing so hard
|
|t:|1769434081
|move|p2a: Dragapult|Hex|p1a: Dondozo
|-damage|p1a: Dondozo|6/100
|move|p1a: Dondozo|Rest|p1a: Dondozo
|-status|p1a: Dondozo|slp|[from] move: Rest
|-heal|p1a: Dondozo|100/100 slp|[silent]
|
|upkeep
|turn|40
|
|t:|1769434086
|move|p2a: Dragapult|Hex|p1a: Dondozo
|-damage|p1a: Dondozo|45/100 slp
|cant|p1a: Dondozo|slp
|
|upkeep
|turn|41
|
|t:|1769434089
|move|p2a: Dragapult|Hex|p1a: Dondozo
|-damage|p1a: Dondozo|0 fnt
|faint|p1a: Dondozo
|
|upkeep
|
|t:|1769434097
|switch|p1a: Gin|Enamorus, F, shiny|51/100
|-damage|p1a: Gin|26/100|[from] Stealth Rock
|turn|42
|
|t:|1769434105
|switch|p2a: Slowking|Slowking-Galar, M|38/100
|move|p1a: Gin|Moonblast|p2a: Slowking
|-resisted|p2a: Slowking
|-damage|p2a: Slowking|21/100
|
|upkeep
|turn|43
|
|t:|1769434111
|move|p1a: Gin|Moonblast|p2a: Slowking
|-resisted|p2a: Slowking
|-damage|p2a: Slowking|6/100
|move|p2a: Slowking|Sludge Bomb|p1a: Gin
|-supereffective|p1a: Gin
|-damage|p1a: Gin|0 fnt
|faint|p1a: Gin
|
|upkeep
|
|t:|1769434113
|switch|p1a: Overgod|Kingambit, M, shiny|76/100
|-damage|p1a: Overgod|51/100|[from] Spikes
|-damage|p1a: Overgod|45/100|[from] Stealth Rock
|-activate|p1a: Overgod|ability: Supreme Overlord
|-start|p1a: Overgod|fallen5|[silent]
|turn|44
|
|t:|1769434117
|move|p1a: Overgod|Swords Dance|p1a: Overgod
|-boost|p1a: Overgod|atk|2
|-prepare|p2a: Slowking|Chilly Reception|[premajor]
|move|p2a: Slowking|Chilly Reception|p2a: Slowking
|-weather|Snowscape
|
|t:|1769434120
|switch|p2a: Iron Valiant|Iron Valiant|100/100|[from] Chilly Reception
|
|-weather|Snowscape|[upkeep]
|-heal|p1a: Overgod|51/100|[from] item: Leftovers
|upkeep
|turn|45
|
|t:|1769434125
|move|p2a: Iron Valiant|Vacuum Wave|p1a: Overgod
|-supereffective|p1a: Overgod
|-crit|p1a: Overgod
|-damage|p1a: Overgod|0 fnt
|faint|p1a: Overgod
|-end|p1a: Overgod|fallen5|[silent]
|
|win|Nakaouzi
|raw|joeycantin's rating: 1384 &rarr; <strong>1362</strong><br />(-22 for losing)
|raw|Nakaouzi's rating: 1350 &rarr; <strong>1372</strong><br />(+22 for winning)
|c|☆Nakaouzi|Gg
|c|☆joeycantin|gg
