|j|☆NoobishTrainerJoe
|j|☆DirkDiggler420
|t:|1769401356
|gametype|singles
|player|p1|NoobishTrainerJoe|kurt|1614
|player|p2|DirkDiggler420|linebacker|1639
|gen|9
|tier|[Gen 9] OU
|rated|
|rule|HP Percentage Mod: HP is shown in percentages
|rule|Endless Battle Clause: Forcing endless battles is banned
|rule|Species Clause: Limit one of each Pokémon
|rule|OHKO Clause: OHKO moves are banned
|rule|Evasion Items Clause: Evasion items are banned
|rule|Evasion Moves Clause: Evasion moves are banned
|rule|Evasion Abilities Clause: Evasion abilities are banned
|rule|Sleep Moves Clause: Sleep-inducing moves are banned
|clearpoke
|poke|p1|Scyther, F|
|poke|p1|Alomomola, F|
|poke|p1|Hydrapple, M|
|poke|p1|Cinderace, M|
|poke|p1|Pecharunt|
|poke|p1|Ting-Lu|
|poke|p2|Dragapult, M|
|poke|p2|Darkrai|
|poke|p2|Iron Valiant|
|poke|p2|Great Tusk|
|poke|p2|Rotom-Wash|
|poke|p2|Ceruledge, F|
|teampreview
|inactive|Battle timer is ON: inactive players will automatically lose when time's up. (requested by DirkDiggler420)
|
|t:|1769401403
|teamsize|p1|6
|teamsize|p2|6
|start
|switch|p1a: Alomomola|Alomomola, F|100/100
|switch|p2a: Dragapult|Dragapult, M|100/100
|turn|1
|
|t:|1769401410
|move|p2a: Dragapult|U-turn|p1a: Alomomola
|-damage|p1a: Alomomola|87/100
|
|t:|1769401414
|switch|p2a: Rotom|Rotom-Wash|100/100|[from] U-turn
|move|p1a: Alomomola|Flip Turn|p2a: Rotom
|-resisted|p2a: Rotom
|-damage|p2a: Rotom|92/100
|
|t:|1769401421
|switch|p1a: Hydrapple|Hydrapple, M|100/100|[from] Flip Turn
|-ability|p1a: Hydrapple|Supersweet Syrup
|-unboost|p2a: Rotom|evasion|1
|
|-heal|p2a: Rotom|98/100|[from] item: Leftovers
|upkeep
|turn|2
|
|t:|1769401432
|move|p2a: Rotom|Volt Switch|p1a: Hydrapple
|-resisted|p1a: Hydrapple
|-damage|p1a: Hydrapple|94/100
|
|t:|1769401438
|switch|p2a: Dragapult|Dragapult, M|100/100|[from] Volt Switch
|move|p1a: Hydrapple|Draco Meteor|p2a: Dragapult
|-supereffective|p2a: Dragapult
|-damage|p2a: Dragapult|0 fnt
|-unboost|p1a: Hydrapple|spa|2
|faint|p2a: Dragapult
|-damage|p1a: Hydrapple|84/100|[from] item: Life Orb
|
|upkeep
|
|t:|1769401444
|switch|p2a: Ceruledge|Ceruledge, F|100/100
|turn|3
|inactive|NoobishTrainerJoe has 120 seconds left.
|
|t:|1769401496
|switch|p1a: Scyther|Scyther, F|100/100
|move|p2a: Ceruledge|Swords Dance|p2a: Ceruledge
|-boost|p2a: Ceruledge|atk|2
|
|upkeep
|turn|4
|
|t:|1769401504
|move|p1a: Scyther|Dual Wingbeat|p2a: Ceruledge
|-damage|p2a: Ceruledge|46/100
|-ability|p2a: Ceruledge|Weak Armor|boost
|-unboost|p2a: Ceruledge|def|1
|-boost|p2a: Ceruledge|spe|2
|-damage|p2a: Ceruledge|0 fnt
|faint|p2a: Ceruledge
|-hitcount|p2: Ceruledge|2
|
|upkeep
|
|t:|1769401512
|switch|p2a: Darkrai|Darkrai|100/100
|turn|5
|inactive|NoobishTrainerJoe has 120 seconds left.
|
|t:|1769401518
|switch|p1a: Alomomola|Alomomola, F|100/100
|move|p2a: Darkrai|Knock Off|p1a: Alomomola
|-damage|p1a: Alomomola|71/100
|-enditem|p1a: Alomomola|Assault Vest|[from] move: Knock Off|[of] p2a: Darkrai
|
|upkeep
|turn|6
|
|t:|1769401521
|move|p2a: Darkrai|Dark Pulse|p1a: Alomomola
|-damage|p1a: Alomomola|35/100
|cant|p1a: Alomomola|flinch
|
|upkeep
|turn|7
|
|t:|1769401529
|switch|p1a: Ting-Lu|Ting-Lu|100/100
|-ability|p1a: Ting-Lu|Vessel of Ruin
|move|p2a: Darkrai|Dark Pulse|p1a: Ting-Lu
|-resisted|p1a: Ting-Lu
|-damage|p1a: Ting-Lu|89/100
|
|-heal|p1a: Ting-Lu|95/100|[from] item: Leftovers
|upkeep
|turn|8
|
|t:|1769401535
|move|p2a: Darkrai|Knock Off|p1a: Ting-Lu
|-resisted|p1a: Ting-Lu
|-damage|p1a: Ting-Lu|85/100
|-enditem|p1a: Ting-Lu|Leftovers|[from] move: Knock Off|[of] p2a: Darkrai
|move|p1a: Ting-Lu|Ruination|p2a: Darkrai|[miss]
|-miss|p1a: Ting-Lu|p2a: Darkrai
|
|upkeep
|turn|9
|
|t:|1769401542
|switch|p2a: Great Tusk|Great Tusk|100/100
|move|p1a: Ting-Lu|Ruination|p2a: Great Tusk
|-damage|p2a: Great Tusk|51/100
|
|upkeep
|turn|10
|
|t:|1769401551
|switch|p1a: Pecharunt|Pecharunt|100/100
|move|p2a: Great Tusk|Rapid Spin|p1a: Pecharunt
|-immune|p1a: Pecharunt
|
|upkeep
|turn|11
|
|t:|1769401558
|move|p2a: Great Tusk|Headlong Rush|p1a: Pecharunt
|-supereffective|p1a: Pecharunt
|-damage|p1a: Pecharunt|37/100
|-unboost|p2a: Great Tusk|def|1
|-unboost|p2a: Great Tusk|spd|1
|-damage|p2a: Great Tusk|34/100|[from] item: Rocky Helmet|[of] p1a: Pecharunt
|move|p1a: Pecharunt|Malignant Chain|p2a: Great Tusk
|-resisted|p2a: Great Tusk
|-damage|p2a: Great Tusk|0 fnt
|faint|p2a: Great Tusk
|-end|p2a: Great Tusk|Protosynthesis|[silent]
|
|upkeep
|
|t:|1769401561
|switch|p2a: Darkrai|Darkrai|100/100
|turn|12
|
|t:|1769401563
|switch|p1a: Ting-Lu|Ting-Lu|85/100
|-ability|p1a: Ting-Lu|Vessel of Ruin
|move|p2a: Darkrai|Ice Beam|p1a: Ting-Lu
|-supereffective|p1a: Ting-Lu
|-damage|p1a: Ting-Lu|58/100
|
|upkeep
|turn|13
|
|t:|1769401568
|switch|p2a: Rotom|Rotom-Wash|98/100
|move|p1a: Ting-Lu|Earthquake|p2a: Rotom
|-immune|p2a: Rotom|[from] ability: Levitate
|
|-heal|p2a: Rotom|100/100|[from] item: Leftovers
|upkeep
|turn|14
|
|t:|1769401572
|move|p2a: Rotom|Will-O-Wisp|p1a: Ting-Lu
|-status|p1a: Ting-Lu|brn
|move|p1a: Ting-Lu|Rest|p1a: Ting-Lu
|-status|p1a: Ting-Lu|slp|[from] move: Rest
|-heal|p1a: Ting-Lu|100/100 slp|[silent]
|
|upkeep
|turn|15
|
|t:|1769401578
|move|p2a: Rotom|Hydro Pump|p1a: Ting-Lu
|-supereffective|p1a: Ting-Lu
|-damage|p1a: Ting-Lu|68/100 slp
|cant|p1a: Ting-Lu|slp
|move|p1a: Ting-Lu|Sleep Talk|p1a: Ting-Lu
|move|p1a: Ting-Lu|Earthquake|p2a: Rotom|[from] move: Sleep Talk
|-immune|p2a: Rotom|[from] ability: Levitate
|
|upkeep
|turn|16
|
|t:|1769401581
|move|p2a: Rotom|Hydro Pump|p1a: Ting-Lu
|-supereffective|p1a: Ting-Lu
|-damage|p1a: Ting-Lu|34/100 slp
|cant|p1a: Ting-Lu|slp
|move|p1a: Ting-Lu|Sleep Talk|p1a: Ting-Lu
|move|p1a: Ting-Lu|Rest||[from] move: Sleep Talk|[still]
|-fail|p1a: Ting-Lu
|
|upkeep
|turn|17
|
|t:|1769401585
|switch|p1a: Hydrapple|Hydrapple, M|84/100
|move|p2a: Rotom|Hydro Pump|p1a: Hydrapple|[miss]
|-miss|p2a: Rotom|p1a: Hydrapple
|
|upkeep
|turn|18
|
|t:|1769401587
|move|p2a: Rotom|Volt Switch|p1a: Hydrapple
|-resisted|p1a: Hydrapple
|-damage|p1a: Hydrapple|78/100
|
|t:|1769401590
|switch|p2a: Iron Valiant|Iron Valiant|100/100|[from] Volt Switch
|-enditem|p2a: Iron Valiant|Booster Energy
|-activate|p2a: Iron Valiant|ability: Quark Drive|[fromitem]
|-start|p2a: Iron Valiant|quarkdrivespe
|move|p1a: Hydrapple|Giga Drain|p2a: Iron Valiant
|-damage|p2a: Iron Valiant|0 fnt
|-heal|p1a: Hydrapple|100/100|[from] drain|[of] p2a: Iron Valiant
|faint|p2a: Iron Valiant
|-end|p2a: Iron Valiant|Quark Drive|[silent]
|-damage|p1a: Hydrapple|91/100|[from] item: Life Orb
|
|upkeep
|
|t:|1769401592
|switch|p2a: Darkrai|Darkrai|100/100
|turn|19
|
|t:|1769401600
|-terastallize|p1a: Hydrapple|Water
|move|p2a: Darkrai|Ice Beam|p1a: Hydrapple
|-resisted|p1a: Hydrapple
|-damage|p1a: Hydrapple|75/100
|move|p1a: Hydrapple|Draco Meteor|p2a: Darkrai
|-damage|p2a: Darkrai|0 fnt
|-unboost|p1a: Hydrapple|spa|2
|faint|p2a: Darkrai
|-damage|p1a: Hydrapple|65/100|[from] item: Life Orb
|
|upkeep
|-message|DirkDiggler420 forfeited.
|
|win|NoobishTrainerJoe
|raw|NoobishTrainerJoe's rating: 1614 &rarr; <strong>1635</strong><br />(+21 for winning)
|raw|DirkDiggler420's rating: 1639 &rarr; <strong>1618</strong><br />(-21 for losing)
|l|☆DirkDiggler420
|player|p2|
