|j|☆maneki uwu
|j|☆Mudseph03
|t:|1769423451
|gametype|singles
|player|p1|maneki uwu|serena-masters2|1093
|player|p2|Mudseph03|red|1124
|gen|9
|tier|[Gen 9] OU
|rated|
|rule|HP Percentage Mod: HP is shown in percentages
|rule|Endless Battle Clause: Forcing endless battles is banned
|rule|Species Clause: Limit one of each Pokémon
|rule|OHKO Clause: OHKO moves are banned
|rule|Evasion Items Clause: Evasion items are banned
|rule|Evasion Moves Clause: Evasion moves are banned
|rule|Evasion Abilities Clause: Evasion abilities are banned
|rule|Sleep Moves Clause: Sleep-inducing moves are banned
|clearpoke
|poke|p1|Sylveon, F|
|poke|p1|Ceruledge, M|
|poke|p1|Thundurus-Therian, M|
|poke|p1|Slowbro, F|
|poke|p1|Espeon, M|
|poke|p1|Ditto|
|poke|p2|Dragapult, M|
|poke|p2|Quagsire, M|
|poke|p2|Heatran, M|
|poke|p2|Heracross, M|
|poke|p2|Jumpluff, F|
|poke|p2|Gallade, M|
|teampreview
|
|t:|1769423467
|teamsize|p1|6
|teamsize|p2|6
|start
|switch|p1a: QI DE 143|Espeon, M|100/100
|switch|p2a: Christran|Heatran, M|100/100
|turn|1
|
|t:|1769423473
|move|p1a: QI DE 143|Light Screen|p1a: QI DE 143
|-sidestart|p1: maneki uwu|move: Light Screen
|move|p2a: Christran|Magma Storm|p1a: QI DE 143
|-damage|p1a: QI DE 143|75/100
|-activate|p1a: QI DE 143|move: Magma Storm|[of] p2a: Christran
|
|-damage|p1a: QI DE 143|62/100|[from] move: Magma Storm|[partiallytrapped]
|upkeep
|turn|2
|
|t:|1769423479
|move|p1a: QI DE 143|Reflect|p1a: QI DE 143
|-sidestart|p1: maneki uwu|Reflect
|move|p2a: Christran|Flash Cannon|p1a: QI DE 143
|-damage|p1a: QI DE 143|42/100
|
|-damage|p1a: QI DE 143|30/100|[from] move: Magma Storm|[partiallytrapped]
|upkeep
|turn|3
|
|t:|1769423490
|move|p1a: QI DE 143|Psychic|p2a: Christran
|-resisted|p2a: Christran
|-damage|p2a: Christran|92/100
|-unboost|p2a: Christran|spd|1
|move|p2a: Christran|Flash Cannon|p1a: QI DE 143
|-damage|p1a: QI DE 143|10/100
|
|-damage|p1a: QI DE 143|0 fnt|[from] move: Magma Storm|[partiallytrapped]
|faint|p1a: QI DE 143
|upkeep
|
|t:|1769423493
|switch|p1a: La pasta|Slowbro, F|100/100
|turn|4
|
|t:|1769423502
|switch|p2a: Don Pollo|Jumpluff, F|100/100
|move|p1a: La pasta|Calm Mind|p1a: La pasta
|-boost|p1a: La pasta|spa|1
|-boost|p1a: La pasta|spd|1
|
|upkeep
|turn|5
|
|t:|1769423507
|move|p2a: Don Pollo|Substitute|p2a: Don Pollo
|-start|p2a: Don Pollo|Substitute
|-damage|p2a: Don Pollo|76/100
|move|p1a: La pasta|Psychic Noise|p2a: Don Pollo
|-damage|p2a: Don Pollo|35/100
|-start|p2a: Don Pollo|move: Heal Block
|
|upkeep
|turn|6
|
|t:|1769423513
|move|p2a: Don Pollo|U-turn|p1a: La pasta
|-supereffective|p1a: La pasta
|-damage|p1a: La pasta|89/100
|
|t:|1769423519
|switch|p2a: Christran|Heatran, M|92/100|[from] U-turn
|move|p1a: La pasta|Psychic Noise|p2a: Christran
|-resisted|p2a: Christran
|-damage|p2a: Christran|83/100
|-start|p2a: Christran|move: Heal Block
|
|upkeep
|turn|7
|
|t:|1769423526
|switch|p2a: Draga-sama|Dragapult, M|100/100
|move|p1a: La pasta|Scald|p2a: Draga-sama
|-resisted|p2a: Draga-sama
|-damage|p2a: Draga-sama|71/100
|
|upkeep
|turn|8
|
|t:|1769423534
|move|p2a: Draga-sama|U-turn|p1a: La pasta
|-supereffective|p1a: La pasta
|-damage|p1a: La pasta|76/100
|-damage|p2a: Draga-sama|61/100|[from] item: Life Orb
|
|t:|1769423540
|switch|p2a: Cubarsire|Quagsire, M|100/100|[from] U-turn
|move|p1a: La pasta|Scald|p2a: Cubarsire
|-damage|p2a: Cubarsire|69/100
|-status|p2a: Cubarsire|brn
|
|-heal|p2a: Cubarsire|75/100 brn|[from] item: Leftovers
|-damage|p2a: Cubarsire|69/100 brn|[from] brn
|-sideend|p1: maneki uwu|move: Light Screen
|upkeep
|turn|9
|
|t:|1769423549
|move|p1a: La pasta|Calm Mind|p1a: La pasta
|-boost|p1a: La pasta|spa|1
|-boost|p1a: La pasta|spd|1
|move|p2a: Cubarsire|Toxic|p1a: La pasta
|-status|p1a: La pasta|tox
|
|-heal|p2a: Cubarsire|75/100 brn|[from] item: Leftovers
|-damage|p1a: La pasta|70/100 tox|[from] psn
|-damage|p2a: Cubarsire|69/100 brn|[from] brn
|-sideend|p1: maneki uwu|Reflect
|upkeep
|turn|10
|
|t:|1769423554
|move|p1a: La pasta|Psychic Noise|p2a: Cubarsire
|-damage|p2a: Cubarsire|40/100 brn
|-start|p2a: Cubarsire|move: Heal Block
|move|p2a: Cubarsire|Spikes|p1a: La pasta
|-sidestart|p1: maneki uwu|Spikes
|
|-damage|p1a: La pasta|58/100 tox|[from] psn
|-damage|p2a: Cubarsire|34/100 brn|[from] brn
|upkeep
|turn|11
|
|t:|1769423563
|switch|p2a: Christran|Heatran, M|83/100
|move|p1a: La pasta|Psychic Noise|p2a: Christran
|-resisted|p2a: Christran
|-damage|p2a: Christran|71/100
|-start|p2a: Christran|move: Heal Block
|
|-damage|p1a: La pasta|39/100 tox|[from] psn
|upkeep
|turn|12
|
|t:|1769423573
|switch|p2a: Cubarsire|Quagsire, M|34/100 brn
|move|p1a: La pasta|Psychic Noise|p2a: Cubarsire
|-damage|p2a: Cubarsire|4/100 brn
|-start|p2a: Cubarsire|move: Heal Block
|
|-damage|p1a: La pasta|15/100 tox|[from] psn
|-damage|p2a: Cubarsire|0 fnt|[from] brn
|faint|p2a: Cubarsire
|upkeep
|
|t:|1769423588
|switch|p2a: Draga-sama|Dragapult, M|61/100
|turn|13
|
|t:|1769423595
|move|p2a: Draga-sama|U-turn|p1a: La pasta
|-supereffective|p1a: La pasta
|-damage|p1a: La pasta|0 fnt
|faint|p1a: La pasta
|-damage|p2a: Draga-sama|51/100|[from] item: Life Orb
|
|t:|1769423609
|switch|p2a: Christran|Heatran, M|71/100|[from] U-turn
|
|upkeep
|
|t:|1769423620
|switch|p1a: Here's Johnny|Ceruledge, M|100/100
|-damage|p1a: Here's Johnny|88/100|[from] Spikes
|turn|14
|
|t:|1769423633
|switch|p2a: Draga-sama|Dragapult, M|51/100
|move|p1a: Here's Johnny|Swords Dance|p1a: Here's Johnny
|-boost|p1a: Here's Johnny|atk|2
|
|upkeep
|turn|15
|
|t:|1769423638
|-terastallize|p2a: Draga-sama|Fairy
|move|p1a: Here's Johnny|Shadow Sneak|p2a: Draga-sama
|-damage|p2a: Draga-sama|0 fnt
|faint|p2a: Draga-sama
|-damage|p1a: Here's Johnny|78/100|[from] item: Life Orb
|
|upkeep
|
|t:|1769423643
|switch|p2a: Christran|Heatran, M|71/100
|turn|16
|
|t:|1769423649
|move|p1a: Here's Johnny|Poltergeist|p2a: Christran
|-activate|p2a: Christran|move: Poltergeist|Assault Vest
|-damage|p2a: Christran|0 fnt
|faint|p2a: Christran
|-damage|p1a: Here's Johnny|68/100|[from] item: Life Orb
|
|upkeep
|
|t:|1769423655
|switch|p2a: Ciamaser|Heracross, M|100/100
|turn|17
|
|t:|1769423660
|move|p2a: Ciamaser|Knock Off|p1a: Here's Johnny
|-supereffective|p1a: Here's Johnny
|-damage|p1a: Here's Johnny|0 fnt
|-enditem|p1a: Here's Johnny|Life Orb|[from] move: Knock Off|[of] p2a: Ciamaser
|faint|p1a: Here's Johnny
|
|-status|p2a: Ciamaser|brn|[from] item: Flame Orb
|upkeep
|
|t:|1769423666
|switch|p1a: Maneki|Sylveon, F, shiny|100/100
|-damage|p1a: Maneki|88/100|[from] Spikes
|turn|18
|
|t:|1769423674
|switch|p2a: Don Pollo|Jumpluff, F|35/100
|move|p1a: Maneki|Hyper Voice|p2a: Don Pollo
|-damage|p2a: Don Pollo|0 fnt
|faint|p2a: Don Pollo
|
|-heal|p1a: Maneki|94/100|[from] item: Leftovers
|upkeep
|
|t:|1769423677
|switch|p2a: Ciamaser|Heracross, M|100/100 brn
|turn|19
|
|t:|1769423679
|move|p2a: Ciamaser|Facade|p1a: Maneki
|-damage|p1a: Maneki|38/100
|move|p1a: Maneki|Hyper Voice|p2a: Ciamaser
|-supereffective|p2a: Ciamaser
|-damage|p2a: Ciamaser|13/100 brn
|
|-heal|p1a: Maneki|44/100|[from] item: Leftovers
|-damage|p2a: Ciamaser|7/100 brn|[from] brn
|upkeep
|turn|20
|
|t:|1769423686
|move|p2a: Ciamaser|Facade|p1a: Maneki
|-damage|p1a: Maneki|0 fnt
|faint|p1a: Maneki
|
|-damage|p2a: Ciamaser|1/100 brn|[from] brn
|upkeep
|
|t:|1769423695
|switch|p1a: Furry|Thundurus-Therian, M|100/100
|turn|21
|
|t:|1769423705
|move|p1a: Furry|Thunderbolt|p2a: Ciamaser
|-damage|p2a: Ciamaser|0 fnt
|faint|p2a: Ciamaser
|
|upkeep
|
|t:|1769423707
|switch|p2a: Stained|Gallade, M|100/100
|turn|22
|
|t:|1769423715
|move|p2a: Stained|Psycho Cut|p1a: Furry
|-damage|p1a: Furry|19/100
|move|p1a: Furry|Nasty Plot|p1a: Furry
|-boost|p1a: Furry|spa|2
|
|upkeep
|turn|23
|
|t:|1769423719
|move|p2a: Stained|Psycho Cut|p1a: Furry
|-damage|p1a: Furry|0 fnt
|faint|p1a: Furry
|
|upkeep
|
|t:|1769423723
|switch|p1a: Envy|Ditto|100/100
|-damage|p1a: Envy|88/100|[from] Spikes
|-transform|p1a: Envy|p2a: Stained|[from] ability: Imposter
|turn|24
|
|t:|1769423731
|move|p1a: Envy|Psycho Cut|p2a: Stained
|-crit|p2a: Stained
|-damage|p2a: Stained|0 fnt
|faint|p2a: Stained
|
|win|maneki uwu
|raw|maneki uwu's rating: 1093 &rarr; <strong>1121</strong><br />(+28 for winning)
|raw|Mudseph03's rating: 1124 &rarr; <strong>1097</strong><br />(-27 for losing)
|l|☆maneki uwu
|player|p1|
|l|☆Mudseph03
|player|p2|
