|j|☆4hboh
|j|☆Riki_Nendo
|t:|1769424477
|gametype|singles
|player|p1|4hboh|102|1072
|player|p2|Riki_Nendo|flannery|1079
|gen|9
|tier|[Gen 9] OU
|rated|
|rule|HP Percentage Mod: HP is shown in percentages
|rule|Endless Battle Clause: Forcing endless battles is banned
|rule|Species Clause: Limit one of each Pokémon
|rule|OHKO Clause: OHKO moves are banned
|rule|Evasion Items Clause: Evasion items are banned
|rule|Evasion Moves Clause: Evasion moves are banned
|rule|Evasion Abilities Clause: Evasion abilities are banned
|rule|Sleep Moves Clause: Sleep-inducing moves are banned
|clearpoke
|poke|p1|Forretress, M|
|poke|p1|Hippowdon, F|
|poke|p1|Gastrodon, F|
|poke|p1|Appletun, F|
|poke|p1|Coalossal, F|
|poke|p1|Dondozo, M|
|poke|p2|Glimmora, M|
|poke|p2|Corviknight, F|
|poke|p2|Rotom-Wash|
|poke|p2|Quagsire, F|
|poke|p2|Iron Valiant|
|poke|p2|Gholdengo|
|teampreview
|c|☆Riki_Nendo|hi
|
|t:|1769424483
|teamsize|p1|6
|teamsize|p2|6
|start
|switch|p1a: Forretress|Forretress, M|100/100
|switch|p2a: blue plug|Glimmora, M, shiny|100/100
|turn|1
|
|t:|1769424490
|move|p2a: blue plug|Stealth Rock|p1a: Forretress
|-sidestart|p1: 4hboh|move: Stealth Rock
|move|p1a: Forretress|Stealth Rock|p2a: blue plug
|-sidestart|p2: Riki_Nendo|move: Stealth Rock
|
|upkeep
|turn|2
|
|t:|1769424496
|move|p2a: blue plug|Mortal Spin|p1a: Forretress
|-immune|p1a: Forretress
|move|p1a: Forretress|Spikes|p2a: blue plug
|-sidestart|p2: Riki_Nendo|Spikes
|
|upkeep
|turn|3
|
|t:|1769424503
|move|p2a: blue plug|Power Gem|p1a: Forretress
|-damage|p1a: Forretress|50/100
|move|p1a: Forretress|Spikes|p2a: blue plug
|-sidestart|p2: Riki_Nendo|Spikes
|
|-heal|p1a: Forretress|57/100|[from] item: Leftovers
|upkeep
|turn|4
|
|t:|1769424517
|switch|p1a: Hippowdon|Hippowdon, F|100/100
|-damage|p1a: Hippowdon|94/100|[from] Stealth Rock
|-weather|Sandstorm|[from] ability: Sand Stream|[of] p1a: Hippowdon
|move|p2a: blue plug|Power Gem|p1a: Hippowdon
|-resisted|p1a: Hippowdon
|-crit|p1a: Hippowdon
|-damage|p1a: Hippowdon|59/100
|
|-weather|Sandstorm|[upkeep]
|upkeep
|turn|5
|
|t:|1769424528
|move|p2a: blue plug|Mortal Spin|p1a: Hippowdon
|-resisted|p1a: Hippowdon
|-damage|p1a: Hippowdon|58/100
|-status|p1a: Hippowdon|psn
|-damage|p2a: blue plug|84/100|[from] item: Rocky Helmet|[of] p1a: Hippowdon
|-sideend|p2: Riki_Nendo|Spikes|[from] move: Mortal Spin|[of] p2a: blue plug
|-sideend|p2: Riki_Nendo|Stealth Rock|[from] move: Mortal Spin|[of] p2a: blue plug
|move|p1a: Hippowdon|Slack Off|p1a: Hippowdon
|-heal|p1a: Hippowdon|100/100 psn
|
|-weather|Sandstorm|[upkeep]
|-damage|p1a: Hippowdon|88/100 psn|[from] psn
|upkeep
|turn|6
|
|t:|1769424541
|move|p2a: blue plug|Sludge Wave|p1a: Hippowdon
|-resisted|p1a: Hippowdon
|-damage|p1a: Hippowdon|61/100 psn
|move|p1a: Hippowdon|Earthquake|p2a: blue plug
|-supereffective|p2a: blue plug
|-damage|p2a: blue plug|0 fnt
|-activate|p2a: blue plug|ability: Toxic Debris
|-sidestart|p1: 4hboh|move: Toxic Spikes
|faint|p2a: blue plug
|
|-weather|Sandstorm|[upkeep]
|-damage|p1a: Hippowdon|49/100 psn|[from] psn
|upkeep
|
|t:|1769424553
|switch|p2a: Stepsis trapper 9k|Rotom-Wash|100/100
|turn|7
|
|t:|1769424563
|switch|p1a: Forretress|Forretress, M|57/100
|-damage|p1a: Forretress|44/100|[from] Stealth Rock
|move|p2a: Stepsis trapper 9k|Hydro Pump|p1a: Forretress|[miss]
|-miss|p2a: Stepsis trapper 9k|p1a: Forretress
|
|-weather|Sandstorm|[upkeep]
|-damage|p2a: Stepsis trapper 9k|94/100|[from] Sandstorm
|-heal|p2a: Stepsis trapper 9k|100/100|[from] item: Leftovers
|-heal|p1a: Forretress|50/100|[from] item: Leftovers
|upkeep
|turn|8
|
|t:|1769424582
|move|p2a: Stepsis trapper 9k|Will-O-Wisp|p1a: Forretress|[miss]
|-miss|p2a: Stepsis trapper 9k|p1a: Forretress
|move|p1a: Forretress|Rapid Spin|p2a: Stepsis trapper 9k
|-damage|p2a: Stepsis trapper 9k|92/100
|-boost|p1a: Forretress|spe|1
|-sideend|p1: 4hboh|Toxic Spikes|[from] move: Rapid Spin|[of] p1a: Forretress
|-sideend|p1: 4hboh|Stealth Rock|[from] move: Rapid Spin|[of] p1a: Forretress
|
|-weather|none
|-heal|p2a: Stepsis trapper 9k|99/100|[from] item: Leftovers
|-heal|p1a: Forretress|57/100|[from] item: Leftovers
|upkeep
|turn|9
|
|t:|1769424594
|move|p2a: Stepsis trapper 9k|Will-O-Wisp|p1a: Forretress
|-status|p1a: Forretress|brn
|move|p1a: Forretress|Stealth Rock|p2a: Stepsis trapper 9k
|-sidestart|p2: Riki_Nendo|move: Stealth Rock
|
|-heal|p2a: Stepsis trapper 9k|100/100|[from] item: Leftovers
|-heal|p1a: Forretress|63/100 brn|[from] item: Leftovers
|-damage|p1a: Forretress|57/100 brn|[from] brn
|upkeep
|turn|10
|
|t:|1769424604
|move|p2a: Stepsis trapper 9k|Hydro Pump|p1a: Forretress
|-damage|p1a: Forretress|2/100 brn
|move|p1a: Forretress|Spikes|p2a: Stepsis trapper 9k
|-sidestart|p2: Riki_Nendo|Spikes
|
|-heal|p1a: Forretress|9/100 brn|[from] item: Leftovers
|-damage|p1a: Forretress|2/100 brn|[from] brn
|upkeep
|turn|11
|
|t:|1769424634
|switch|p2a: Randy|Corviknight, F|100/100
|-damage|p2a: Randy|88/100|[from] Stealth Rock
|switch|p1a: Gastrodon|Gastrodon, F|100/100
|
|upkeep
|turn|12
|
|t:|1769424667
|switch|p1a: Hippowdon|Hippowdon, F|49/100 psn
|-weather|Sandstorm|[from] ability: Sand Stream|[of] p1a: Hippowdon
|move|p2a: Randy|Defog|p1a: Hippowdon
|-unboost|p1a: Hippowdon|evasion|1
|-sideend|p2: Riki_Nendo|Spikes|[from] move: Defog|[of] p2a: Randy
|-sideend|p2: Riki_Nendo|Stealth Rock|[from] move: Defog|[of] p2a: Randy
|
|-weather|Sandstorm|[upkeep]
|-damage|p1a: Hippowdon|36/100 psn|[from] psn
|upkeep
|turn|13
|c|☆Riki_Nendo|bro
|
|t:|1769424681
|move|p2a: Randy|Brave Bird|p1a: Hippowdon
|-damage|p1a: Hippowdon|16/100 psn
|-damage|p2a: Randy|71/100|[from] item: Rocky Helmet|[of] p1a: Hippowdon
|-damage|p2a: Randy|64/100|[from] Recoil
|move|p1a: Hippowdon|Slack Off|p1a: Hippowdon
|-heal|p1a: Hippowdon|66/100 psn
|
|-weather|Sandstorm|[upkeep]
|-damage|p1a: Hippowdon|54/100 psn|[from] psn
|upkeep
|turn|14
|
|t:|1769424694
|move|p2a: Randy|U-turn|p1a: Hippowdon
|-damage|p1a: Hippowdon|46/100 psn
|-damage|p2a: Randy|48/100|[from] item: Rocky Helmet|[of] p1a: Hippowdon
|c|☆4hboh|what
|
|t:|1769424703
|switch|p2a: glenn|Quagsire, F, shiny|100/100|[from] U-turn
|move|p1a: Hippowdon|Slack Off|p1a: Hippowdon
|-heal|p1a: Hippowdon|96/100 psn
|
|-weather|Sandstorm|[upkeep]
|-damage|p1a: Hippowdon|83/100 psn|[from] psn
|upkeep
|turn|15
|
|t:|1769424713
|switch|p1a: Appletun|Appletun, F|100/100
|move|p2a: glenn|Curse|p2a: glenn
|-unboost|p2a: glenn|spe|1
|-boost|p2a: glenn|atk|1
|-boost|p2a: glenn|def|1
|
|-weather|Sandstorm|[upkeep]
|-damage|p1a: Appletun|94/100|[from] Sandstorm
|-heal|p1a: Appletun|100/100|[from] item: Leftovers
|upkeep
|turn|16
|
|t:|1769424741
|move|p2a: glenn|Curse|p2a: glenn
|-unboost|p2a: glenn|spe|1
|-boost|p2a: glenn|atk|1
|-boost|p2a: glenn|def|1
|move|p1a: Appletun|Dragon Tail|p2a: glenn
|-damage|p2a: glenn|92/100
|drag|p2a: Randy|Corviknight, F|48/100
|
|-weather|none
|upkeep
|turn|17
|
|t:|1769424753
|move|p2a: Randy|Brave Bird|p1a: Appletun
|-supereffective|p1a: Appletun
|-damage|p1a: Appletun|47/100
|-damage|p2a: Randy|29/100|[from] Recoil
|move|p1a: Appletun|Leech Seed|p2a: Randy
|-start|p2a: Randy|move: Leech Seed
|
|-heal|p1a: Appletun|53/100|[from] item: Leftovers
|-damage|p2a: Randy|17/100|[from] Leech Seed|[of] p1a: Appletun
|-heal|p1a: Appletun|65/100|[silent]
|upkeep
|turn|18
|
|t:|1769424763
|move|p2a: Randy|Roost|p2a: Randy
|-heal|p2a: Randy|67/100
|-singleturn|p2a: Randy|move: Roost
|move|p1a: Appletun|Recover|p1a: Appletun
|-heal|p1a: Appletun|100/100
|
|-damage|p2a: Randy|54/100|[from] Leech Seed|[of] p1a: Appletun
|upkeep
|turn|19
|c|☆Riki_Nendo|rrost
|c|☆Riki_Nendo|roost
|c|☆Riki_Nendo|again
|c|☆Riki_Nendo|fyi
|
|t:|1769424805
|switch|p1a: Hippowdon|Hippowdon, F|83/100 psn
|-weather|Sandstorm|[from] ability: Sand Stream|[of] p1a: Hippowdon
|move|p2a: Randy|Roost|p2a: Randy
|-heal|p2a: Randy|100/100
|-singleturn|p2a: Randy|move: Roost
|
|-weather|Sandstorm|[upkeep]
|-damage|p2a: Randy|88/100|[from] Leech Seed|[of] p1a: Hippowdon
|-heal|p1a: Hippowdon|95/100 psn|[silent]
|-damage|p1a: Hippowdon|83/100 psn|[from] psn
|upkeep
|turn|20
|c|☆4hboh|?
|
|t:|1769424821
|-terastallize|p2a: Randy|Flying
|move|p2a: Randy|Brave Bird|p1a: Hippowdon
|-damage|p1a: Hippowdon|56/100 psn
|-damage|p2a: Randy|71/100|[from] item: Rocky Helmet|[of] p1a: Hippowdon
|-damage|p2a: Randy|62/100|[from] Recoil
|move|p1a: Hippowdon|Stealth Rock|p2a: Randy
|-sidestart|p2: Riki_Nendo|move: Stealth Rock
|
|-weather|Sandstorm|[upkeep]
|-damage|p2a: Randy|56/100|[from] Sandstorm
|-damage|p2a: Randy|43/100|[from] Leech Seed|[of] p1a: Hippowdon
|-heal|p1a: Hippowdon|68/100 psn|[silent]
|-damage|p1a: Hippowdon|56/100 psn|[from] psn
|upkeep
|turn|21
|
|t:|1769424835
|move|p2a: Randy|Roost|p2a: Randy
|-heal|p2a: Randy|93/100
|-hint|If a Terastallized Pokemon uses Roost, it remains Flying-type.
|move|p1a: Hippowdon|Slack Off|p1a: Hippowdon
|-heal|p1a: Hippowdon|100/100 psn
|
|-weather|Sandstorm|[upkeep]
|-damage|p2a: Randy|87/100|[from] Sandstorm
|-damage|p2a: Randy|75/100|[from] Leech Seed|[of] p1a: Hippowdon
|-damage|p1a: Hippowdon|88/100 psn|[from] psn
|upkeep
|turn|22
|
|t:|1769424849
|move|p2a: Randy|Brave Bird|p1a: Hippowdon
|-damage|p1a: Hippowdon|62/100 psn
|-damage|p2a: Randy|58/100|[from] item: Rocky Helmet|[of] p1a: Hippowdon
|-damage|p2a: Randy|49/100|[from] Recoil
|move|p1a: Hippowdon|Whirlwind|p2a: Randy
|drag|p2a: Cross-dresser|Iron Valiant, shiny|100/100
|-damage|p2a: Cross-dresser|94/100|[from] Stealth Rock
|
|-weather|Sandstorm|[upkeep]
|-damage|p2a: Cross-dresser|88/100|[from] Sandstorm
|-damage|p1a: Hippowdon|50/100 psn|[from] psn
|upkeep
|turn|23
|c|☆Riki_Nendo|knock off
|
|t:|1769424887
|move|p2a: Cross-dresser|Knock Off|p1a: Hippowdon
|-damage|p1a: Hippowdon|27/100 psn
|-damage|p2a: Cross-dresser|71/100|[from] item: Rocky Helmet|[of] p1a: Hippowdon
|-enditem|p1a: Hippowdon|Rocky Helmet|[from] move: Knock Off|[of] p2a: Cross-dresser
|-damage|p2a: Cross-dresser|62/100|[from] item: Life Orb
|move|p1a: Hippowdon|Slack Off|p1a: Hippowdon
|-heal|p1a: Hippowdon|77/100 psn
|
|-weather|none
|-damage|p1a: Hippowdon|65/100 psn|[from] psn
|upkeep
|turn|24
|
|t:|1769424902
|move|p2a: Cross-dresser|Spirit Break|p1a: Hippowdon
|-damage|p1a: Hippowdon|38/100 psn
|-unboost|p1a: Hippowdon|spa|1
|-damage|p2a: Cross-dresser|52/100|[from] item: Life Orb
|move|p1a: Hippowdon|Whirlwind|p2a: Cross-dresser
|-end|p2a: Cross-dresser|Quark Drive|[silent]
|drag|p2a: Stepsis trapper 9k|Rotom-Wash|100/100
|-damage|p2a: Stepsis trapper 9k|88/100|[from] Stealth Rock
|
|-heal|p2a: Stepsis trapper 9k|94/100|[from] item: Leftovers
|-damage|p1a: Hippowdon|25/100 psn|[from] psn
|upkeep
|turn|25
|c|☆Riki_Nendo|hydro pump
|
|t:|1769424921
|switch|p1a: Appletun|Appletun, F|100/100
|move|p2a: Stepsis trapper 9k|Hydro Pump|p1a: Appletun
|-resisted|p1a: Appletun
|-damage|p1a: Appletun|90/100
|
|-heal|p2a: Stepsis trapper 9k|100/100|[from] item: Leftovers
|-heal|p1a: Appletun|96/100|[from] item: Leftovers
|upkeep
|turn|26
|
|t:|1769424932
|move|p2a: Stepsis trapper 9k|Will-O-Wisp|p1a: Appletun
|-status|p1a: Appletun|brn
|move|p1a: Appletun|Leech Seed|p2a: Stepsis trapper 9k
|-start|p2a: Stepsis trapper 9k|move: Leech Seed
|
|-heal|p1a: Appletun|100/100 brn|[from] item: Leftovers
|-damage|p2a: Stepsis trapper 9k|88/100|[from] Leech Seed|[of] p1a: Appletun
|-damage|p1a: Appletun|94/100 brn|[from] brn
|upkeep
|turn|27
|
|t:|1769424945
|move|p2a: Stepsis trapper 9k|Volt Switch|p1a: Appletun
|-resisted|p1a: Appletun
|-damage|p1a: Appletun|88/100 brn
|
|t:|1769424949
|switch|p2a: Randy|Corviknight, F, tera:Flying|49/100|[from] Volt Switch
|-damage|p2a: Randy|24/100|[from] Stealth Rock
|move|p1a: Appletun|Dragon Tail|p2a: Randy
|-damage|p2a: Randy|18/100
|-damage|p1a: Appletun|72/100 brn|[from] item: Rocky Helmet|[of] p2a: Randy
|drag|p2a: glenn|Quagsire, F, shiny|92/100
|-damage|p2a: glenn|86/100|[from] Stealth Rock
|
|-heal|p2a: glenn|92/100|[from] item: Leftovers
|-heal|p1a: Appletun|78/100 brn|[from] item: Leftovers
|-damage|p1a: Appletun|72/100 brn|[from] brn
|upkeep
|turn|28
|
|t:|1769424971
|switch|p2a: golden shower|Gholdengo, shiny|100/100
|-damage|p2a: golden shower|94/100|[from] Stealth Rock
|move|p1a: Appletun|Dragon Tail|p2a: golden shower
|-resisted|p2a: golden shower
|-damage|p2a: golden shower|90/100
|drag|p2a: Stepsis trapper 9k|Rotom-Wash|88/100
|-damage|p2a: Stepsis trapper 9k|75/100|[from] Stealth Rock
|
|-heal|p2a: Stepsis trapper 9k|82/100|[from] item: Leftovers
|-heal|p1a: Appletun|78/100 brn|[from] item: Leftovers
|-damage|p1a: Appletun|72/100 brn|[from] brn
|upkeep
|turn|29
|c|☆Riki_Nendo|what is ur strat rn
|
|t:|1769425001
|switch|p2a: Cross-dresser|Iron Valiant, shiny|52/100
|-damage|p2a: Cross-dresser|46/100|[from] Stealth Rock
|move|p1a: Appletun|Leech Seed|p2a: Cross-dresser
|-start|p2a: Cross-dresser|move: Leech Seed
|
|-heal|p1a: Appletun|78/100 brn|[from] item: Leftovers
|-damage|p2a: Cross-dresser|33/100|[from] Leech Seed|[of] p1a: Appletun
|-heal|p1a: Appletun|86/100 brn|[silent]
|-damage|p1a: Appletun|80/100 brn|[from] brn
|upkeep
|turn|30
|
|t:|1769425023
|-terastallize|p1a: Appletun|Grass
|move|p2a: Cross-dresser|Spirit Break|p1a: Appletun
|-damage|p1a: Appletun|45/100 brn
|-unboost|p1a: Appletun|spa|1
|-damage|p2a: Cross-dresser|24/100|[from] item: Life Orb
|move|p1a: Appletun|Apple Acid|p2a: Cross-dresser
|-damage|p2a: Cross-dresser|0 fnt
|faint|p2a: Cross-dresser
|-end|p2a: Cross-dresser|Quark Drive|[silent]
|
|-heal|p1a: Appletun|51/100 brn|[from] item: Leftovers
|-damage|p1a: Appletun|45/100 brn|[from] brn
|upkeep
|
|t:|1769425039
|switch|p2a: Randy|Corviknight, F, tera:Flying|18/100
|-damage|p2a: Randy|0 fnt|[from] Stealth Rock
|faint|p2a: Randy
|
|t:|1769425043
|switch|p2a: Stepsis trapper 9k|Rotom-Wash|82/100
|-damage|p2a: Stepsis trapper 9k|69/100|[from] Stealth Rock
|turn|31
|c|☆4hboh|lol
|
|t:|1769425059
|move|p2a: Stepsis trapper 9k|Volt Switch|p1a: Appletun
|-resisted|p1a: Appletun
|-damage|p1a: Appletun|32/100 brn
|
|t:|1769425074
|switch|p2a: golden shower|Gholdengo, shiny|90/100|[from] Volt Switch
|-damage|p2a: golden shower|84/100|[from] Stealth Rock
|move|p1a: Appletun|Recover|p1a: Appletun
|-heal|p1a: Appletun|83/100 brn
|
|-heal|p1a: Appletun|89/100 brn|[from] item: Leftovers
|-damage|p1a: Appletun|83/100 brn|[from] brn
|upkeep
|turn|32
|c|☆Riki_Nendo|omfg bro
|c|☆Riki_Nendo|can this healing swapping strat
|c|☆Riki_Nendo|ts pmo
|c|☆Riki_Nendo|no hate
|
|t:|1769425111
|move|p2a: golden shower|Make It Rain|p1a: Appletun
|-damage|p1a: Appletun|10/100 brn
|-unboost|p2a: golden shower|spa|1
|-damage|p2a: golden shower|74/100|[from] item: Life Orb
|move|p1a: Appletun|Dragon Tail|p2a: golden shower
|-resisted|p2a: golden shower
|-damage|p2a: golden shower|70/100
|drag|p2a: glenn|Quagsire, F, shiny|92/100
|-damage|p2a: glenn|86/100|[from] Stealth Rock
|
|-heal|p2a: glenn|92/100|[from] item: Leftovers
|-heal|p1a: Appletun|16/100 brn|[from] item: Leftovers
|-damage|p1a: Appletun|10/100 brn|[from] brn
|upkeep
|turn|33
|c|☆Riki_Nendo|earthquake
|
|t:|1769425156
|move|p2a: glenn|Earthquake|p1a: Appletun
|-resisted|p1a: Appletun
|-damage|p1a: Appletun|0 fnt
|faint|p1a: Appletun
|
|-heal|p2a: glenn|98/100|[from] item: Leftovers
|upkeep
|
|t:|1769425161
|switch|p1a: Gastrodon|Gastrodon, F|100/100
|turn|34
|c|☆Riki_Nendo|yay i got one of ur pokemon dead
|
|t:|1769425177
|move|p2a: glenn|Curse|p2a: glenn
|-unboost|p2a: glenn|spe|1
|-boost|p2a: glenn|atk|1
|-boost|p2a: glenn|def|1
|move|p1a: Gastrodon|Ice Beam|p2a: glenn
|-damage|p2a: glenn|74/100
|
|-heal|p2a: glenn|80/100|[from] item: Leftovers
|upkeep
|turn|35
|
|t:|1769425194
|move|p2a: glenn|Liquidation|p1a: Gastrodon
|-ability|p1a: Gastrodon|Storm Drain|boost
|-boost|p1a: Gastrodon|spa|1
|move|p1a: Gastrodon|Clear Smog|p2a: glenn
|-resisted|p2a: glenn
|-damage|p2a: glenn|74/100
|-clearboost|p2a: glenn
|
|-heal|p2a: glenn|80/100|[from] item: Leftovers
|upkeep
|turn|36
|
|t:|1769425211
|move|p2a: glenn|Earthquake|p1a: Gastrodon
|-damage|p1a: Gastrodon|71/100
|move|p1a: Gastrodon|Ice Beam|p2a: glenn
|-damage|p2a: glenn|54/100
|
|-heal|p2a: glenn|60/100|[from] item: Leftovers
|-heal|p1a: Gastrodon|77/100|[from] item: Leftovers
|upkeep
|turn|37
|
|t:|1769425224
|switch|p2a: Stepsis trapper 9k|Rotom-Wash|69/100
|-damage|p2a: Stepsis trapper 9k|57/100|[from] Stealth Rock
|move|p1a: Gastrodon|Ice Beam|p2a: Stepsis trapper 9k
|-resisted|p2a: Stepsis trapper 9k
|-damage|p2a: Stepsis trapper 9k|43/100
|
|-heal|p2a: Stepsis trapper 9k|49/100|[from] item: Leftovers
|-heal|p1a: Gastrodon|83/100|[from] item: Leftovers
|upkeep
|turn|38
|c|☆4hboh|frz nexy turn
|
|t:|1769425249
|move|p2a: Stepsis trapper 9k|Pain Split|p1a: Gastrodon
|-sethp|p1a: Gastrodon|59/100|[from] move: Pain Split|[silent]
|-sethp|p2a: Stepsis trapper 9k|82/100|[from] move: Pain Split
|move|p1a: Gastrodon|Ice Beam|p2a: Stepsis trapper 9k
|-resisted|p2a: Stepsis trapper 9k
|-damage|p2a: Stepsis trapper 9k|68/100
|
|-heal|p2a: Stepsis trapper 9k|74/100|[from] item: Leftovers
|-heal|p1a: Gastrodon|65/100|[from] item: Leftovers
|upkeep
|turn|39
|c|☆4hboh|what is your plan
|c|☆Riki_Nendo|uhhh
|c|☆4hboh|HAHAHAHA
|c|☆Riki_Nendo|usually setup with glim
|c|☆4hboh|mhmh
|c|☆Riki_Nendo|then into rotom
|c|☆Riki_Nendo|but either rotom corv or quag depending on opponent
|c|☆Riki_Nendo|todays my first day of comp so
|c|☆4hboh|okok
|
|t:|1769425314
|move|p2a: Stepsis trapper 9k|Will-O-Wisp|p1a: Gastrodon
|-status|p1a: Gastrodon|brn
|move|p1a: Gastrodon|Recover|p1a: Gastrodon
|-heal|p1a: Gastrodon|100/100 brn
|
|-heal|p2a: Stepsis trapper 9k|80/100|[from] item: Leftovers
|-damage|p1a: Gastrodon|94/100 brn|[from] brn
|upkeep
|turn|40
|
|t:|1769425332
|switch|p2a: golden shower|Gholdengo, shiny|70/100
|-damage|p2a: golden shower|64/100|[from] Stealth Rock
|move|p1a: Gastrodon|Ice Beam|p2a: golden shower
|-resisted|p2a: golden shower
|-damage|p2a: golden shower|46/100
|
|-heal|p1a: Gastrodon|100/100 brn|[from] item: Leftovers
|-damage|p1a: Gastrodon|94/100 brn|[from] brn
|upkeep
|turn|41
|
|t:|1769425350
|move|p2a: golden shower|Trick|p1a: Gastrodon
|-activate|p2a: golden shower|move: Trick|[of] p1a: Gastrodon
|-item|p1a: Gastrodon|Life Orb|[from] move: Trick
|-item|p2a: golden shower|Leftovers|[from] move: Trick
|move|p1a: Gastrodon|Earth Power|p2a: golden shower
|-supereffective|p2a: golden shower
|-damage|p2a: golden shower|0 fnt
|faint|p2a: golden shower
|-damage|p1a: Gastrodon|85/100 brn|[from] item: Life Orb
|
|-damage|p1a: Gastrodon|78/100 brn|[from] brn
|upkeep
|
|t:|1769425361
|switch|p2a: glenn|Quagsire, F, shiny|60/100
|-damage|p2a: glenn|54/100|[from] Stealth Rock
|turn|42
|
|t:|1769425372
|move|p2a: glenn|Recover|p2a: glenn
|-heal|p2a: glenn|100/100
|move|p1a: Gastrodon|Ice Beam|p2a: glenn
|-damage|p2a: glenn|71/100
|-damage|p1a: Gastrodon|69/100 brn|[from] item: Life Orb
|
|-heal|p2a: glenn|77/100|[from] item: Leftovers
|-damage|p1a: Gastrodon|62/100 brn|[from] brn
|upkeep
|turn|43
|c|☆Riki_Nendo|equake
|
|t:|1769425402
|move|p2a: glenn|Earthquake|p1a: Gastrodon
|-damage|p1a: Gastrodon|34/100 brn
|move|p1a: Gastrodon|Ice Beam|p2a: glenn
|-damage|p2a: glenn|44/100
|-damage|p1a: Gastrodon|24/100 brn|[from] item: Life Orb
|
|-heal|p2a: glenn|50/100|[from] item: Leftovers
|-damage|p1a: Gastrodon|18/100 brn|[from] brn
|upkeep
|turn|44
|
|t:|1769425415
|switch|p1a: Dondozo|Dondozo, M|100/100
|move|p2a: glenn|Recover|p2a: glenn
|-heal|p2a: glenn|99/100
|
|-heal|p2a: glenn|100/100|[from] item: Leftovers
|upkeep
|turn|45
|
|t:|1769425431
|switch|p2a: Stepsis trapper 9k|Rotom-Wash|80/100
|-damage|p2a: Stepsis trapper 9k|68/100|[from] Stealth Rock
|move|p1a: Dondozo|Body Press|p2a: Stepsis trapper 9k
|-damage|p2a: Stepsis trapper 9k|43/100
|
|-heal|p2a: Stepsis trapper 9k|50/100|[from] item: Leftovers
|upkeep
|turn|46
|
|t:|1769425442
|switch|p1a: Hippowdon|Hippowdon, F|25/100 psn
|-weather|Sandstorm|[from] ability: Sand Stream|[of] p1a: Hippowdon
|move|p2a: Stepsis trapper 9k|Pain Split|p1a: Hippowdon
|-sethp|p1a: Hippowdon|30/100 psn|[from] move: Pain Split|[silent]
|-sethp|p2a: Stepsis trapper 9k|42/100|[from] move: Pain Split
|
|-weather|Sandstorm|[upkeep]
|-damage|p2a: Stepsis trapper 9k|36/100|[from] Sandstorm
|-heal|p2a: Stepsis trapper 9k|42/100|[from] item: Leftovers
|-damage|p1a: Hippowdon|18/100 psn|[from] psn
|upkeep
|turn|47
|c|☆Riki_Nendo|noooo
|
|t:|1769425457
|switch|p1a: Gastrodon|Gastrodon, F|18/100 brn
|move|p2a: Stepsis trapper 9k|Hydro Pump|p1a: Gastrodon
|-ability|p1a: Gastrodon|Storm Drain|boost
|-boost|p1a: Gastrodon|spa|1
|
|-weather|Sandstorm|[upkeep]
|-damage|p2a: Stepsis trapper 9k|36/100|[from] Sandstorm
|-heal|p2a: Stepsis trapper 9k|42/100|[from] item: Leftovers
|-damage|p1a: Gastrodon|12/100 brn|[from] brn
|upkeep
|turn|48
|c|☆Riki_Nendo|nooooo
|
|t:|1769425479
|move|p2a: Stepsis trapper 9k|Hydro Pump|p1a: Gastrodon
|-ability|p1a: Gastrodon|Storm Drain|boost
|-boost|p1a: Gastrodon|spa|1
|move|p1a: Gastrodon|Recover|p1a: Gastrodon
|-heal|p1a: Gastrodon|62/100 brn
|
|-weather|Sandstorm|[upkeep]
|-damage|p2a: Stepsis trapper 9k|36/100|[from] Sandstorm
|-heal|p2a: Stepsis trapper 9k|42/100|[from] item: Leftovers
|-damage|p1a: Gastrodon|55/100 brn|[from] brn
|upkeep
|turn|49
|-message|Riki_Nendo forfeited.
|
|win|4hboh
|raw|4hboh's rating: 1072 &rarr; <strong>1102</strong><br />(+30 for winning)
|raw|Riki_Nendo's rating: 1079 &rarr; <strong>1057</strong><br />(-22 for losing)
|l|☆Riki_Nendo
|player|p2|
|c|☆4hboh|NOOOOOO
|l|☆4hboh
|player|p1|
