|j|☆CranberryHabits
|j|☆Keny_Napolion
|t:|1769348083
|gametype|singles
|player|p1|CranberryHabits|benga|1119
|player|p2|Keny_Napolion|ingo|1092
|gen|9
|tier|[Gen 9] OU
|rated|
|rule|HP Percentage Mod: HP is shown in percentages
|rule|Endless Battle Clause: Forcing endless battles is banned
|rule|Species Clause: Limit one of each Pokémon
|rule|OHKO Clause: OHKO moves are banned
|rule|Evasion Items Clause: Evasion items are banned
|rule|Evasion Moves Clause: Evasion moves are banned
|rule|Evasion Abilities Clause: Evasion abilities are banned
|rule|Sleep Moves Clause: Sleep-inducing moves are banned
|clearpoke
|poke|p1|Cresselia, F|
|poke|p1|Slowking-Galar, F|
|poke|p1|Iron Hands|
|poke|p1|Ursaluna, M|
|poke|p1|Crawdaunt, M|
|poke|p1|Klefki, F|
|poke|p2|Ting-Lu|
|poke|p2|Dragapult, M|
|poke|p2|Kingambit, M|
|poke|p2|Blaziken, M|
|poke|p2|Primarina, M|
|poke|p2|Meowscarada, F|
|teampreview
|
|t:|1769348088
|teamsize|p1|6
|teamsize|p2|6
|start
|switch|p1a: Klefki|Klefki, F|100/100
|switch|p2a: Ting-Lu|Ting-Lu|100/100
|-ability|p2a: Ting-Lu|Vessel of Ruin
|turn|1
|
|t:|1769348094
|move|p1a: Klefki|Reflect|p1a: Klefki
|-sidestart|p1: CranberryHabits|Reflect
|move|p2a: Ting-Lu|Stealth Rock|p1a: Klefki
|-sidestart|p1: CranberryHabits|move: Stealth Rock
|
|upkeep
|turn|2
|
|t:|1769348097
|switch|p1a: Crawdaunt|Crawdaunt, M|100/100
|-damage|p1a: Crawdaunt|88/100|[from] Stealth Rock
|move|p2a: Ting-Lu|Spikes|p1a: Crawdaunt
|-sidestart|p1: CranberryHabits|Spikes
|
|upkeep
|turn|3
|j| GruesomeLovelies
|
|t:|1769348104
|move|p1a: Crawdaunt|Crabhammer|p2a: Ting-Lu
|-supereffective|p2a: Ting-Lu
|-damage|p2a: Ting-Lu|6/100
|-damage|p1a: Crawdaunt|78/100|[from] item: Life Orb
|move|p2a: Ting-Lu|Whirlwind|p1a: Crawdaunt
|drag|p1a: Iron Hands|Iron Hands|100/100
|-damage|p1a: Iron Hands|94/100|[from] Stealth Rock
|-damage|p1a: Iron Hands|82/100|[from] Spikes
|
|-heal|p2a: Ting-Lu|13/100|[from] item: Leftovers
|upkeep
|turn|4
|
|t:|1769348113
|move|p1a: Iron Hands|Fake Out|p2a: Ting-Lu
|-damage|p2a: Ting-Lu|3/100
|cant|p2a: Ting-Lu|flinch
|
|-heal|p2a: Ting-Lu|9/100|[from] item: Leftovers
|upkeep
|turn|5
|
|t:|1769348119
|move|p1a: Iron Hands|Ice Punch|p2a: Ting-Lu
|-supereffective|p2a: Ting-Lu
|-damage|p2a: Ting-Lu|0 fnt
|faint|p2a: Ting-Lu
|
|upkeep
|
|t:|1769348132
|switch|p2a: Dragapult|Dragapult, M|100/100
|turn|6
|
|t:|1769348134
|move|p2a: Dragapult|Dragon Dance|p2a: Dragapult
|-boost|p2a: Dragapult|atk|1
|-boost|p2a: Dragapult|spe|1
|move|p1a: Iron Hands|Ice Punch|p2a: Dragapult
|-supereffective|p2a: Dragapult
|-damage|p2a: Dragapult|3/100
|-start|p1a: Iron Hands|Disable|Ice Punch|[from] ability: Cursed Body|[of] p2a: Dragapult
|
|upkeep
|turn|7
|
|t:|1769348142
|-end|p1a: Iron Hands|Quark Drive|[silent]
|switch|p1a: Klefki|Klefki, F|100/100
|-damage|p1a: Klefki|95/100|[from] Stealth Rock
|-damage|p1a: Klefki|82/100|[from] Spikes
|move|p2a: Dragapult|Flamethrower|p1a: Klefki
|-supereffective|p1a: Klefki
|-damage|p1a: Klefki|0 fnt
|faint|p1a: Klefki
|-damage|p2a: Dragapult|0 fnt|[from] item: Life Orb
|faint|p2a: Dragapult
|
|upkeep
|
|t:|1769348155
|switch|p2a: Meowscarada|Meowscarada, F|100/100
|switch|p1a: Cresselia|Cresselia, F|100/100
|-damage|p1a: Cresselia|88/100|[from] Stealth Rock
|turn|8
|
|t:|1769348160
|-terastallize|p1a: Cresselia|Fairy
|move|p2a: Meowscarada|Knock Off|p1a: Cresselia
|-start|p2a: Meowscarada|typechange|Dark|[from] ability: Protean
|-resisted|p1a: Cresselia
|-damage|p1a: Cresselia|82/100
|-enditem|p1a: Cresselia|Mental Herb|[from] move: Knock Off|[of] p2a: Meowscarada
|move|p1a: Cresselia|Trick Room|p1a: Cresselia
|-fieldstart|move: Trick Room|[of] p1a: Cresselia
|
|-sideend|p1: CranberryHabits|Reflect
|upkeep
|turn|9
|
|t:|1769348171
|switch|p1a: Crawdaunt|Crawdaunt, M|78/100
|-damage|p1a: Crawdaunt|66/100|[from] Stealth Rock
|-damage|p1a: Crawdaunt|53/100|[from] Spikes
|move|p2a: Meowscarada|Triple Axel|p1a: Crawdaunt
|-resisted|p1a: Crawdaunt
|-damage|p1a: Crawdaunt|49/100
|-resisted|p1a: Crawdaunt
|-damage|p1a: Crawdaunt|42/100
|-resisted|p1a: Crawdaunt
|-damage|p1a: Crawdaunt|30/100
|-hitcount|p1a: Crawdaunt|3
|
|upkeep
|turn|10
|
|t:|1769348182
|move|p1a: Crawdaunt|Crabhammer|p2a: Meowscarada
|-damage|p2a: Meowscarada|0 fnt
|faint|p2a: Meowscarada
|-damage|p1a: Crawdaunt|20/100|[from] item: Life Orb
|
|upkeep
|
|t:|1769348189
|switch|p2a: Kingambit|Kingambit, M|100/100
|-activate|p2a: Kingambit|ability: Supreme Overlord
|-start|p2a: Kingambit|fallen3|[silent]
|turn|11
|
|t:|1769348193
|move|p1a: Crawdaunt|Knock Off|p2a: Kingambit
|-resisted|p2a: Kingambit
|-damage|p2a: Kingambit|69/100
|-enditem|p2a: Kingambit|Leftovers|[from] move: Knock Off|[of] p1a: Crawdaunt
|-damage|p1a: Crawdaunt|10/100|[from] item: Life Orb
|move|p2a: Kingambit|Swords Dance|p2a: Kingambit
|-boost|p2a: Kingambit|atk|2
|
|upkeep
|turn|12
|
|t:|1769348201
|move|p2a: Kingambit|Sucker Punch|p1a: Crawdaunt
|-resisted|p1a: Crawdaunt
|-damage|p1a: Crawdaunt|0 fnt
|faint|p1a: Crawdaunt
|
|-fieldend|move: Trick Room
|upkeep
|
|t:|1769348206
|switch|p1a: Iron Hands|Iron Hands|82/100
|-damage|p1a: Iron Hands|75/100|[from] Stealth Rock
|-damage|p1a: Iron Hands|63/100|[from] Spikes
|turn|13
|
|t:|1769348211
|move|p2a: Kingambit|Sucker Punch|p1a: Iron Hands
|-resisted|p1a: Iron Hands
|-damage|p1a: Iron Hands|27/100
|move|p1a: Iron Hands|Close Combat|p2a: Kingambit
|-supereffective|p2a: Kingambit
|-damage|p2a: Kingambit|0 fnt
|-unboost|p1a: Iron Hands|def|1
|-unboost|p1a: Iron Hands|spd|1
|faint|p2a: Kingambit
|-end|p2a: Kingambit|fallen3|[silent]
|
|upkeep
|
|t:|1769348218
|switch|p2a: Blaziken|Blaziken, M|100/100
|-item|p2a: Blaziken|Air Balloon
|turn|14
|
|t:|1769348222
|-end|p1a: Iron Hands|Quark Drive|[silent]
|switch|p1a: Cresselia|Cresselia, F, tera:Fairy|82/100
|-damage|p1a: Cresselia|70/100|[from] Stealth Rock
|move|p2a: Blaziken|Protect||[still]
|-fail|p2a: Blaziken
|
|-ability|p2a: Blaziken|Speed Boost|boost
|-boost|p2a: Blaziken|spe|1
|upkeep
|turn|15
|
|t:|1769348230
|move|p2a: Blaziken|Flare Blitz|p1a: Cresselia
|-damage|p1a: Cresselia|35/100
|-damage|p2a: Blaziken|84/100|[from] Recoil
|move|p1a: Cresselia|Trick Room|p1a: Cresselia
|-fieldstart|move: Trick Room|[of] p1a: Cresselia
|
|-ability|p2a: Blaziken|Speed Boost|boost
|-boost|p2a: Blaziken|spe|1
|upkeep
|turn|16
|
|t:|1769348237
|move|p2a: Blaziken|Protect|p2a: Blaziken
|-singleturn|p2a: Blaziken|Protect
|move|p1a: Cresselia|Lunar Dance|p1a: Cresselia
|faint|p1a: Cresselia
|
|-ability|p2a: Blaziken|Speed Boost|boost
|-boost|p2a: Blaziken|spe|1
|upkeep
|
|t:|1769348246
|switch|p1a: Ursaluna|Ursaluna, M|100/100
|-damage|p1a: Ursaluna|94/100|[from] Stealth Rock
|-damage|p1a: Ursaluna|82/100|[from] Spikes
|turn|17
|
|t:|1769348252
|move|p1a: Ursaluna|Protect|p1a: Ursaluna
|-singleturn|p1a: Ursaluna|Protect
|move|p2a: Blaziken|Close Combat|p1a: Ursaluna
|-activate|p1a: Ursaluna|move: Protect
|
|-status|p1a: Ursaluna|brn|[from] item: Flame Orb
|-ability|p2a: Blaziken|Speed Boost|boost
|-boost|p2a: Blaziken|spe|1
|upkeep
|turn|18
|
|t:|1769348259
|move|p2a: Blaziken|Protect|p2a: Blaziken
|-singleturn|p2a: Blaziken|Protect
|move|p1a: Ursaluna|Facade|p2a: Blaziken
|-activate|p2a: Blaziken|move: Protect
|
|-damage|p1a: Ursaluna|75/100 brn|[from] brn
|-ability|p2a: Blaziken|Speed Boost|boost
|-boost|p2a: Blaziken|spe|1
|upkeep
|turn|19
|
|t:|1769348267
|move|p1a: Ursaluna|Facade|p2a: Blaziken
|-damage|p2a: Blaziken|0 fnt
|-enditem|p2a: Blaziken|Air Balloon
|faint|p2a: Blaziken
|
|-damage|p1a: Ursaluna|69/100 brn|[from] brn
|-fieldend|move: Trick Room
|upkeep
|
|t:|1769348274
|switch|p2a: Primarina|Primarina, M|100/100
|turn|20
|
|t:|1769348281
|move|p1a: Ursaluna|Protect|p1a: Ursaluna
|-singleturn|p1a: Ursaluna|Protect
|move|p2a: Primarina|Substitute|p2a: Primarina
|-start|p2a: Primarina|Substitute
|-damage|p2a: Primarina|76/100
|
|-heal|p2a: Primarina|82/100|[from] item: Leftovers
|-damage|p1a: Ursaluna|63/100 brn|[from] brn
|upkeep
|turn|21
|
|t:|1769348288
|move|p2a: Primarina|Calm Mind|p2a: Primarina
|-boost|p2a: Primarina|spa|1
|-boost|p2a: Primarina|spd|1
|move|p1a: Ursaluna|Earthquake|p2a: Primarina
|-end|p2a: Primarina|Substitute
|
|-heal|p2a: Primarina|88/100|[from] item: Leftovers
|-damage|p1a: Ursaluna|57/100 brn|[from] brn
|upkeep
|turn|22
|
|t:|1769348297
|move|p2a: Primarina|Surf|p1a: Ursaluna
|-supereffective|p1a: Ursaluna
|-damage|p1a: Ursaluna|0 fnt
|faint|p1a: Ursaluna
|
|-heal|p2a: Primarina|94/100|[from] item: Leftovers
|upkeep
|
|t:|1769348302
|switch|p1a: Iron Hands|Iron Hands|27/100
|-heal|p1a: Iron Hands|100/100|[from] move: Lunar Dance
|-damage|p1a: Iron Hands|94/100|[from] Stealth Rock
|-damage|p1a: Iron Hands|82/100|[from] Spikes
|turn|23
|
|t:|1769348308
|move|p1a: Iron Hands|Fake Out|p2a: Primarina
|-damage|p2a: Primarina|72/100
|cant|p2a: Primarina|flinch
|
|-heal|p2a: Primarina|78/100|[from] item: Leftovers
|upkeep
|turn|24
|
|t:|1769348314
|move|p2a: Primarina|Substitute|p2a: Primarina
|-start|p2a: Primarina|Substitute
|-damage|p2a: Primarina|53/100
|move|p1a: Iron Hands|Wild Charge|p2a: Primarina
|-supereffective|p2a: Primarina
|-end|p2a: Primarina|Substitute
|-damage|p1a: Iron Hands|78/100|[from] Recoil|[of] p2a: Primarina
|
|-heal|p2a: Primarina|59/100|[from] item: Leftovers
|upkeep
|turn|25
|c|☆CranberryHabits|gg
|
|t:|1769348322
|move|p2a: Primarina|Calm Mind|p2a: Primarina
|-boost|p2a: Primarina|spa|1
|-boost|p2a: Primarina|spd|1
|move|p1a: Iron Hands|Wild Charge|p2a: Primarina
|-supereffective|p2a: Primarina
|-damage|p2a: Primarina|0 fnt
|faint|p2a: Primarina
|-damage|p1a: Iron Hands|69/100|[from] Recoil
|
|win|CranberryHabits
|raw|CranberryHabits's rating: 1119 &rarr; <strong>1142</strong><br />(+23 for winning)
|raw|Keny_Napolion's rating: 1092 &rarr; <strong>1070</strong><br />(-22 for losing)
