|j|‽beeg peeg
|j|☆Ghoul in PJs
|t:|1769361647
|gametype|singles
|player|p1|beeg peeg|waiter-gen4|1487
|player|p2|Ghoul in PJs|265|1589
|gen|9
|tier|[Gen 9] OU
|rated|
|rule|HP Percentage Mod: HP is shown in percentages
|rule|Endless Battle Clause: Forcing endless battles is banned
|rule|Species Clause: Limit one of each Pokémon
|rule|OHKO Clause: OHKO moves are banned
|rule|Evasion Items Clause: Evasion items are banned
|rule|Evasion Moves Clause: Evasion moves are banned
|rule|Evasion Abilities Clause: Evasion abilities are banned
|rule|Sleep Moves Clause: Sleep-inducing moves are banned
|clearpoke
|poke|p1|Tornadus-Therian, M|
|poke|p1|Hatterene, F|
|poke|p1|Electrode-Hisui|
|poke|p1|Kyurem|
|poke|p1|Swampert, F|
|poke|p1|Scizor, F|
|poke|p2|Kyurem|
|poke|p2|Cinderace, F|
|poke|p2|Tornadus-Therian, M|
|poke|p2|Hatterene, F|
|poke|p2|Great Tusk|
|poke|p2|Kingambit, F|
|teampreview
|inactive|Battle timer is ON: inactive players will automatically lose when time's up. (requested by Ghoul in PJs)
|inactive|beeg peeg has 120 seconds left.
|inactive|Ghoul in PJs has 120 seconds left.
|
|t:|1769361693
|teamsize|p1|6
|teamsize|p2|6
|start
|switch|p1a: Electrode|Electrode-Hisui|100/100
|switch|p2a: Kyurem|Kyurem|100/100
|-ability|p2a: Kyurem|Pressure
|turn|1
|
|t:|1769361717
|move|p1a: Electrode|Volt Switch|p2a: Kyurem
|-resisted|p2a: Kyurem
|-damage|p2a: Kyurem|87/100
|
|t:|1769361724
|switch|p1a: Hatterene|Hatterene, F|100/100|[from] Volt Switch
|move|p2a: Kyurem|Ice Beam|p1a: Hatterene
|-damage|p1a: Hatterene|53/100
|
|upkeep
|turn|2
|
|t:|1769361738
|switch|p2a: Cinderace|Cinderace, F|100/100
|move|p1a: Hatterene|Draining Kiss|p2a: Cinderace
|-resisted|p2a: Cinderace
|-damage|p2a: Cinderace|82/100
|-heal|p1a: Hatterene|67/100|[from] drain|[of] p2a: Cinderace
|
|upkeep
|turn|3
|
|t:|1769361746
|switch|p1a: Swampert|Swampert, F|100/100
|move|p2a: Cinderace|Gunk Shot|p1a: Swampert|[miss]
|-start|p2a: Cinderace|typechange|Poison|[from] ability: Libero
|-miss|p2a: Cinderace|p1a: Swampert
|
|upkeep
|turn|4
|
|t:|1769361755
|move|p2a: Cinderace|U-turn|p1a: Swampert
|-damage|p1a: Swampert|86/100
|
|t:|1769361757
|switch|p2a: Hatterene|Hatterene, F|100/100|[from] U-turn
|move|p1a: Swampert|Flip Turn|p2a: Hatterene
|-crit|p2a: Hatterene
|-damage|p2a: Hatterene|72/100
|
|t:|1769361764
|switch|p1a: Scizor|Scizor, F|100/100|[from] Flip Turn
|
|-heal|p2a: Hatterene|78/100|[from] item: Leftovers
|upkeep
|turn|5
|
|t:|1769361775
|switch|p2a: Great Tusk|Great Tusk|100/100
|move|p1a: Scizor|U-turn|p2a: Great Tusk
|-resisted|p2a: Great Tusk
|-damage|p2a: Great Tusk|82/100
|-damage|p1a: Scizor|84/100|[from] item: Rocky Helmet|[of] p2a: Great Tusk
|
|t:|1769361780
|switch|p1a: Tornadus|Tornadus-Therian, M|100/100|[from] U-turn
|
|upkeep
|turn|6
|
|t:|1769361789
|-end|p2a: Great Tusk|Protosynthesis|[silent]
|switch|p2a: Tornadus|Tornadus-Therian, M|100/100
|move|p1a: Tornadus|Hurricane|p2a: Tornadus|[miss]
|-miss|p1a: Tornadus|p2a: Tornadus
|
|upkeep
|turn|7
|
|t:|1769361799
|move|p2a: Tornadus|Knock Off|p1a: Tornadus
|-damage|p1a: Tornadus|78/100
|-enditem|p1a: Tornadus|Assault Vest|[from] move: Knock Off|[of] p2a: Tornadus
|move|p1a: Tornadus|Knock Off|p2a: Tornadus
|-damage|p2a: Tornadus|78/100
|-enditem|p2a: Tornadus|Assault Vest|[from] move: Knock Off|[of] p1a: Tornadus
|
|upkeep
|turn|8
|
|t:|1769361806
|move|p2a: Tornadus|Bleakwind Storm|p1a: Tornadus
|-damage|p1a: Tornadus|42/100
|move|p1a: Tornadus|Hurricane|p2a: Tornadus
|-damage|p2a: Tornadus|39/100
|
|upkeep
|turn|9
|
|t:|1769361815
|move|p2a: Tornadus|Bleakwind Storm|p1a: Tornadus
|-damage|p1a: Tornadus|9/100
|-unboost|p1a: Tornadus|spe|1
|move|p1a: Tornadus|Hurricane|p2a: Tornadus
|-crit|p2a: Tornadus
|-damage|p2a: Tornadus|0 fnt
|faint|p2a: Tornadus
|
|upkeep
|
|t:|1769361825
|switch|p2a: Kyurem|Kyurem|87/100
|-ability|p2a: Kyurem|Pressure
|turn|10
|
|t:|1769361834
|move|p2a: Kyurem|Ice Beam|p1a: Tornadus
|-supereffective|p1a: Tornadus
|-damage|p1a: Tornadus|0 fnt
|faint|p1a: Tornadus
|
|upkeep
|
|t:|1769361846
|switch|p1a: Hatterene|Hatterene, F|67/100
|turn|11
|
|t:|1769361853
|switch|p2a: Cinderace|Cinderace, F|82/100
|move|p1a: Hatterene|Nuzzle|p2a: Cinderace
|-damage|p2a: Cinderace|76/100
|-status|p2a: Cinderace|par
|
|upkeep
|turn|12
|
|t:|1769361858
|switch|p1a: Swampert|Swampert, F|86/100
|move|p2a: Cinderace|Pyro Ball|p1a: Swampert
|-resisted|p1a: Swampert
|-damage|p1a: Swampert|69/100
|
|-heal|p1a: Swampert|75/100|[from] item: Leftovers
|upkeep
|turn|13
|
|t:|1769361871
|move|p2a: Cinderace|U-turn|p1a: Swampert
|-start|p2a: Cinderace|typechange|Bug|[from] ability: Libero
|-damage|p1a: Swampert|52/100
|
|t:|1769361875
|switch|p2a: Hatterene|Hatterene, F|78/100|[from] U-turn
|move|p1a: Swampert|Flip Turn|p2a: Hatterene
|-damage|p2a: Hatterene|59/100
|
|t:|1769361880
|switch|p1a: Scizor|Scizor, F|84/100|[from] Flip Turn
|
|-heal|p2a: Hatterene|65/100|[from] item: Leftovers
|upkeep
|turn|14
|
|t:|1769361890
|switch|p2a: Great Tusk|Great Tusk|82/100
|move|p1a: Scizor|Bullet Punch|p2a: Great Tusk
|-damage|p2a: Great Tusk|49/100
|-damage|p1a: Scizor|68/100|[from] item: Rocky Helmet|[of] p2a: Great Tusk
|
|upkeep
|turn|15
|
|t:|1769361905
|switch|p1a: Hatterene|Hatterene, F|67/100
|move|p2a: Great Tusk|Stealth Rock|p1a: Hatterene
|move|p1a: Hatterene|Stealth Rock|p2a: Great Tusk|[from] ability: Magic Bounce
|-sidestart|p2: Ghoul in PJs|move: Stealth Rock
|
|upkeep
|turn|16
|
|t:|1769361911
|move|p2a: Great Tusk|Rapid Spin|p1a: Hatterene
|-damage|p1a: Hatterene|49/100
|-boost|p2a: Great Tusk|spe|1
|-sideend|p2: Ghoul in PJs|Stealth Rock|[from] move: Rapid Spin|[of] p2a: Great Tusk
|move|p1a: Hatterene|Draining Kiss|p2a: Great Tusk
|-supereffective|p2a: Great Tusk
|-damage|p2a: Great Tusk|0 fnt
|-heal|p1a: Hatterene|98/100|[from] drain|[of] p2a: Great Tusk
|-damage|p1a: Hatterene|82/100|[from] item: Rocky Helmet|[of] p2a: Great Tusk
|faint|p2a: Great Tusk
|-end|p2a: Great Tusk|Protosynthesis|[silent]
|
|upkeep
|
|t:|1769361916
|switch|p2a: Cinderace|Cinderace, F|76/100 par
|turn|17
|
|t:|1769361919
|switch|p1a: Swampert|Swampert, F|52/100
|move|p2a: Cinderace|Pyro Ball|p1a: Swampert
|-resisted|p1a: Swampert
|-damage|p1a: Swampert|32/100
|
|-heal|p1a: Swampert|38/100|[from] item: Leftovers
|upkeep
|turn|18
|
|t:|1769361928
|move|p2a: Cinderace|U-turn|p1a: Swampert
|-start|p2a: Cinderace|typechange|Bug|[from] ability: Libero
|-damage|p1a: Swampert|18/100
|
|t:|1769361945
|switch|p2a: Hatterene|Hatterene, F|65/100|[from] U-turn
|move|p1a: Swampert|Flip Turn|p2a: Hatterene
|-damage|p2a: Hatterene|36/100
|
|t:|1769361951
|switch|p1a: Scizor|Scizor, F|68/100|[from] Flip Turn
|
|-heal|p2a: Hatterene|42/100|[from] item: Leftovers
|upkeep
|turn|19
|
|t:|1769361966
|move|p1a: Scizor|U-turn|p2a: Hatterene
|-crit|p2a: Hatterene
|-damage|p2a: Hatterene|0 fnt
|faint|p2a: Hatterene
|
|t:|1769361976
|switch|p1a: Swampert|Swampert, F|18/100|[from] U-turn
|
|-heal|p1a: Swampert|24/100|[from] item: Leftovers
|upkeep
|
|t:|1769361983
|switch|p2a: Kyurem|Kyurem|87/100
|-ability|p2a: Kyurem|Pressure
|turn|20
|
|t:|1769362009
|move|p1a: Swampert|Protect|p1a: Swampert
|-singleturn|p1a: Swampert|Protect
|move|p2a: Kyurem|Ice Beam|p1a: Swampert
|-activate|p1a: Swampert|move: Protect
|
|-heal|p1a: Swampert|30/100|[from] item: Leftovers
|upkeep
|turn|21
|inactive|beeg peeg has 120 seconds left.
|
|t:|1769362026
|move|p2a: Kyurem|Ice Beam|p1a: Swampert
|-damage|p1a: Swampert|0 fnt
|faint|p1a: Swampert
|
|upkeep
|
|t:|1769362028
|switch|p1a: Scizor|Scizor, F|68/100
|turn|22
|
|t:|1769362036
|switch|p2a: Cinderace|Cinderace, F|76/100 par
|move|p1a: Scizor|Close Combat|p2a: Cinderace
|-damage|p2a: Cinderace|0 fnt
|-unboost|p1a: Scizor|def|1
|-unboost|p1a: Scizor|spd|1
|faint|p2a: Cinderace
|
|upkeep
|
|t:|1769362043
|switch|p2a: Kingambit|Kingambit, F|100/100
|-activate|p2a: Kingambit|ability: Supreme Overlord
|-start|p2a: Kingambit|fallen4|[silent]
|turn|23
|inactive|Ghoul in PJs has 120 seconds left.
|
|t:|1769362075
|switch|p1a: Electrode|Electrode-Hisui|100/100
|move|p2a: Kingambit|Sucker Punch||[still]
|-fail|p2a: Kingambit
|
|upkeep
|turn|24
|
|t:|1769362085
|move|p1a: Electrode|Leech Seed|p2a: Kingambit
|-start|p2a: Kingambit|move: Leech Seed
|move|p2a: Kingambit|Kowtow Cleave|p1a: Electrode
|-damage|p1a: Electrode|0 fnt
|-damage|p2a: Kingambit|75/100|[from] ability: Aftermath|[of] p1a: Electrode
|faint|p1a: Electrode
|
|-heal|p2a: Kingambit|82/100|[from] item: Leftovers
|upkeep
|
|t:|1769362092
|switch|p1a: Scizor|Scizor, F|68/100
|turn|25
|
|t:|1769362097
|-end|p2a: Kingambit|fallen4|[silent]
|switch|p2a: Kyurem|Kyurem|87/100
|-ability|p2a: Kyurem|Pressure
|move|p1a: Scizor|Close Combat|p2a: Kyurem
|-supereffective|p2a: Kyurem
|-damage|p2a: Kyurem|0 fnt
|-unboost|p1a: Scizor|def|1
|-unboost|p1a: Scizor|spd|1
|faint|p2a: Kyurem
|
|upkeep
|
|t:|1769362103
|switch|p2a: Kingambit|Kingambit, F|82/100
|-activate|p2a: Kingambit|ability: Supreme Overlord
|-start|p2a: Kingambit|fallen5|[silent]
|turn|26
|
|t:|1769362127
|switch|p1a: Hatterene|Hatterene, F|82/100
|move|p2a: Kingambit|Swords Dance|p2a: Kingambit
|-boost|p2a: Kingambit|atk|2
|
|-heal|p2a: Kingambit|88/100|[from] item: Leftovers
|upkeep
|turn|27
|
|t:|1769362133
|move|p2a: Kingambit|Kowtow Cleave|p1a: Hatterene
|-damage|p1a: Hatterene|0 fnt
|faint|p1a: Hatterene
|
|-heal|p2a: Kingambit|94/100|[from] item: Leftovers
|upkeep
|
|t:|1769362136
|switch|p1a: Scizor|Scizor, F|68/100
|turn|28
|
|t:|1769362141
|move|p1a: Scizor|Bullet Punch|p2a: Kingambit
|-resisted|p2a: Kingambit
|-damage|p2a: Kingambit|74/100
|move|p2a: Kingambit|Sucker Punch||[still]
|-fail|p2a: Kingambit
|
|-heal|p2a: Kingambit|80/100|[from] item: Leftovers
|upkeep
|turn|29
|
|t:|1769362155
|-terastallize|p2a: Kingambit|Fairy
|move|p1a: Scizor|Bullet Punch|p2a: Kingambit
|-supereffective|p2a: Kingambit
|-damage|p2a: Kingambit|7/100
|move|p2a: Kingambit|Kowtow Cleave|p1a: Scizor
|-damage|p1a: Scizor|0 fnt
|faint|p1a: Scizor
|
|-heal|p2a: Kingambit|13/100|[from] item: Leftovers
|upkeep
|
|t:|1769362171
|switch|p1a: Kyurem|Kyurem|100/100
|-ability|p1a: Kyurem|Pressure
|turn|30
|
|t:|1769362174
|move|p2a: Kingambit|Sucker Punch||[still]
|-fail|p2a: Kingambit
|move|p1a: Kyurem|Substitute|p1a: Kyurem
|-start|p1a: Kyurem|Substitute
|-damage|p1a: Kyurem|76/100
|
|-heal|p2a: Kingambit|19/100|[from] item: Leftovers
|upkeep
|turn|31
|
|t:|1769362178
|move|p2a: Kingambit|Sucker Punch|p1a: Kyurem
|-end|p1a: Kyurem|Substitute
|move|p1a: Kyurem|Icicle Spear|p2a: Kingambit
|-damage|p2a: Kingambit|9/100
|-damage|p2a: Kingambit|0 fnt
|faint|p2a: Kingambit
|-end|p2a: Kingambit|fallen5|[silent]
|-hitcount|p2: Kingambit|2
|
|win|beeg peeg
|raw|beeg peeg's rating: 1487 &rarr; <strong>1513</strong><br />(+26 for winning)
|raw|Ghoul in PJs's rating: 1589 &rarr; <strong>1563</strong><br />(-26 for losing)
|l|☆Ghoul in PJs
|player|p2|
|l|‽beeg peeg
|player|p1|
