|inactive|Battle timer is ON: inactive players will automatically lose when time's up.
|t:|1769375438
|gametype|singles
|player|p1|DAHLI|whitney|
|player|p2|Entrocefalo|#splxviitigers2|
|gen|9
|tier|[Gen 9] OU
|rule|HP Percentage Mod: HP is shown in percentages
|rule|Endless Battle Clause: Forcing endless battles is banned
|rule|Species Clause: Limit one of each Pokémon
|rule|OHKO Clause: OHKO moves are banned
|rule|Evasion Items Clause: Evasion items are banned
|rule|Evasion Moves Clause: Evasion moves are banned
|rule|Evasion Abilities Clause: Evasion abilities are banned
|rule|Sleep Moves Clause: Sleep-inducing moves are banned
|clearpoke
|poke|p1|Great Tusk|
|poke|p1|Weavile, M|
|poke|p1|Pecharunt|
|poke|p1|Primarina, M|
|poke|p1|Kyurem|
|poke|p1|Corviknight, M|
|poke|p2|Gholdengo|
|poke|p2|Moltres|
|poke|p2|Zamazenta-*|
|poke|p2|Samurott-Hisui, M|
|poke|p2|Garganacl, F|
|poke|p2|Iron Treads|
|teampreview
|c|☆Entrocefalo|hf
|rated|Smogon Premier League
|c|☆DAHLI|hf
|inactive|DAHLI has 270 seconds left.
|inactive|Entrocefalo has 270 seconds left.
|inactive|DAHLI has 240 seconds left.
|inactive|Entrocefalo has 240 seconds left.
|inactive|Entrocefalo has 210 seconds left.
|inactive|DAHLI has 210 seconds left.
|
|t:|1769375550
|teamsize|p1|6
|teamsize|p2|6
|start
|switch|p1a: Primarina|Primarina, M|100/100
|switch|p2a: Gholdengo|Gholdengo|100/100
|-item|p2a: Gholdengo|Air Balloon
|turn|1
|inactive|DAHLI has 270 seconds left.
|inactive|Entrocefalo has 240 seconds left.
|
|t:|1769375580
|move|p2a: Gholdengo|Thunderbolt|p1a: Primarina
|-supereffective|p1a: Primarina
|-damage|p1a: Primarina|65/100
|move|p1a: Primarina|Surf|p2a: Gholdengo
|-damage|p2a: Gholdengo|46/100
|-enditem|p2a: Gholdengo|Air Balloon
|
|upkeep
|turn|2
|inactive|Entrocefalo has 240 seconds left.
|
|t:|1769375588
|move|p2a: Gholdengo|Recover|p2a: Gholdengo
|-heal|p2a: Gholdengo|96/100
|move|p1a: Primarina|Surf|p2a: Gholdengo
|-damage|p2a: Gholdengo|45/100
|
|upkeep
|turn|3
|
|t:|1769375591
|move|p2a: Gholdengo|Recover|p2a: Gholdengo
|-heal|p2a: Gholdengo|96/100
|move|p1a: Primarina|Surf|p2a: Gholdengo
|-damage|p2a: Gholdengo|47/100
|
|upkeep
|turn|4
|
|t:|1769375595
|move|p2a: Gholdengo|Recover|p2a: Gholdengo
|-heal|p2a: Gholdengo|98/100
|move|p1a: Primarina|Surf|p2a: Gholdengo
|-damage|p2a: Gholdengo|43/100
|
|upkeep
|turn|5
|
|t:|1769375600
|move|p2a: Gholdengo|Recover|p2a: Gholdengo
|-heal|p2a: Gholdengo|94/100
|move|p1a: Primarina|Surf|p2a: Gholdengo
|-damage|p2a: Gholdengo|45/100
|
|upkeep
|turn|6
|
|t:|1769375605
|move|p2a: Gholdengo|Recover|p2a: Gholdengo
|-heal|p2a: Gholdengo|95/100
|move|p1a: Primarina|Surf|p2a: Gholdengo
|-damage|p2a: Gholdengo|42/100
|
|upkeep
|turn|7
|inactive|Entrocefalo has 270 seconds left.
|
|t:|1769375624
|move|p2a: Gholdengo|Recover|p2a: Gholdengo
|-heal|p2a: Gholdengo|92/100
|move|p1a: Primarina|Surf|p2a: Gholdengo
|-damage|p2a: Gholdengo|44/100
|
|upkeep
|turn|8
|inactive|Entrocefalo has 270 seconds left.
|inactive|Entrocefalo has 240 seconds left.
|inactive|Entrocefalo has 210 seconds left.
|
|t:|1769375712
|switch|p2a: Samurott|Samurott-Hisui, M|100/100
|move|p1a: Primarina|Surf|p2a: Samurott
|-resisted|p2a: Samurott
|-damage|p2a: Samurott|63/100
|
|upkeep
|turn|9
|inactive|Entrocefalo has 180 seconds left.
|inactive|DAHLI has 270 seconds left.
|inactive|Entrocefalo has 150 seconds left.
|
|t:|1769375776
|move|p2a: Samurott|Flip Turn|p1a: Primarina
|-resisted|p1a: Primarina
|-damage|p1a: Primarina|49/100
|
|t:|1769375779
|switch|p2a: Garganacl|Garganacl, F|100/100|[from] Flip Turn
|move|p1a: Primarina|Moonblast|p2a: Garganacl
|-crit|p2a: Garganacl
|-damage|p2a: Garganacl|48/100
|
|-heal|p2a: Garganacl|54/100|[from] item: Leftovers
|upkeep
|turn|10
|
|t:|1769375786
|-terastallize|p2a: Garganacl|Water
|move|p1a: Primarina|Psychic Noise|p2a: Garganacl
|-damage|p2a: Garganacl|36/100
|-start|p2a: Garganacl|move: Heal Block
|cant|p2a: Garganacl|move: Heal Block|Recover
|
|upkeep
|turn|11
|inactive|DAHLI has 270 seconds left.
|
|t:|1769375814
|switch|p2a: Iron Treads|Iron Treads|100/100
|move|p1a: Primarina|Moonblast|p2a: Iron Treads
|-resisted|p2a: Iron Treads
|-damage|p2a: Iron Treads|73/100
|
|upkeep
|turn|12
|inactive|DAHLI has 270 seconds left.
|
|t:|1769375826
|switch|p1a: Great Tusk|Great Tusk|100/100
|move|p2a: Iron Treads|Earthquake|p1a: Great Tusk
|-damage|p1a: Great Tusk|71/100
|
|upkeep
|turn|13
|
|t:|1769375855
|-end|p2a: Iron Treads|Quark Drive|[silent]
|switch|p2a: Moltres|Moltres|100/100
|move|p1a: Great Tusk|Stealth Rock|p2a: Moltres
|-sidestart|p2: Entrocefalo|move: Stealth Rock
|
|upkeep
|turn|14
|inactive|DAHLI has 270 seconds left.
|inactive|Entrocefalo has 150 seconds left.
|
|t:|1769375882
|-end|p1a: Great Tusk|Protosynthesis|[silent]
|switch|p1a: Primarina|Primarina, M|49/100
|move|p2a: Moltres|U-turn|p1a: Primarina
|-resisted|p1a: Primarina
|-damage|p1a: Primarina|40/100
|inactive|Entrocefalo has 150 seconds left.
|
|t:|1769375887
|switch|p2a: Iron Treads|Iron Treads|73/100|[from] U-turn
|-damage|p2a: Iron Treads|70/100|[from] Stealth Rock
|
|upkeep
|turn|15
|inactive|DAHLI has 270 seconds left.
|
|t:|1769375896
|switch|p1a: Corviknight|Corviknight, M|100/100
|-ability|p1a: Corviknight|Pressure
|move|p2a: Iron Treads|Earthquake|p1a: Corviknight
|-immune|p1a: Corviknight
|
|upkeep
|turn|16
|
|t:|1769375901
|move|p2a: Iron Treads|Rapid Spin|p1a: Corviknight
|-resisted|p1a: Corviknight
|-damage|p1a: Corviknight|96/100
|-boost|p2a: Iron Treads|spe|1
|-damage|p2a: Iron Treads|54/100|[from] item: Rocky Helmet|[of] p1a: Corviknight
|-sideend|p2: Entrocefalo|Stealth Rock|[from] move: Rapid Spin|[of] p2a: Iron Treads
|move|p1a: Corviknight|U-turn|p2a: Iron Treads
|-resisted|p2a: Iron Treads
|-damage|p2a: Iron Treads|47/100
|
|t:|1769375905
|switch|p1a: Great Tusk|Great Tusk|71/100|[from] U-turn
|
|upkeep
|turn|17
|
|t:|1769375916
|move|p2a: Iron Treads|Earthquake|p1a: Great Tusk
|-damage|p1a: Great Tusk|38/100
|move|p1a: Great Tusk|Stealth Rock|p2a: Iron Treads
|-sidestart|p2: Entrocefalo|move: Stealth Rock
|
|upkeep
|turn|18
|
|t:|1769375926
|-end|p2a: Iron Treads|Quark Drive|[silent]
|switch|p2a: Moltres|Moltres|100/100
|move|p1a: Great Tusk|Headlong Rush|p2a: Moltres
|-immune|p2a: Moltres
|
|upkeep
|turn|19
|inactive|Entrocefalo has 180 seconds left.
|inactive|DAHLI has 270 seconds left.
|
|t:|1769375960
|-end|p1a: Great Tusk|Protosynthesis|[silent]
|switch|p1a: Pecharunt|Pecharunt|100/100
|move|p2a: Moltres|U-turn|p1a: Pecharunt
|-resisted|p1a: Pecharunt
|-damage|p1a: Pecharunt|99/100
|
|t:|1769375978
|switch|p2a: Garganacl|Garganacl, F, tera:Water|36/100|[from] U-turn
|-damage|p2a: Garganacl|23/100|[from] Stealth Rock
|
|-heal|p2a: Garganacl|29/100|[from] item: Leftovers
|upkeep
|turn|20
|
|t:|1769375985
|move|p1a: Pecharunt|Parting Shot|p2a: Garganacl
|-unboost|p2a: Garganacl|atk|1
|-unboost|p2a: Garganacl|spa|1
|
|t:|1769375986
|switch|p1a: Kyurem|Kyurem, shiny|100/100|[from] Parting Shot
|-ability|p1a: Kyurem|Pressure
|move|p2a: Garganacl|Recover|p2a: Garganacl
|-heal|p2a: Garganacl|79/100
|
|-heal|p2a: Garganacl|86/100|[from] item: Leftovers
|upkeep
|turn|21
|inactive|Entrocefalo has 150 seconds left.
|inactive|Entrocefalo has 120 seconds left.
|
|t:|1769376048
|move|p1a: Kyurem|Freeze-Dry|p2a: Garganacl
|-supereffective|p2a: Garganacl
|-damage|p2a: Garganacl|41/100
|move|p2a: Garganacl|Salt Cure|p1a: Kyurem
|-supereffective|p1a: Kyurem
|-damage|p1a: Kyurem|83/100
|-start|p1a: Kyurem|Salt Cure
|
|-heal|p1a: Kyurem|89/100|[from] item: Leftovers
|-heal|p2a: Garganacl|47/100|[from] item: Leftovers
|-damage|p1a: Kyurem|77/100|[from] Salt Cure
|upkeep
|turn|22
|inactive|Entrocefalo has 120 seconds left.
|
|t:|1769376063
|switch|p2a: Moltres|Moltres|100/100
|move|p1a: Kyurem|Freeze-Dry|p2a: Moltres
|-damage|p2a: Moltres|63/100
|
|-heal|p1a: Kyurem|83/100|[from] item: Leftovers
|-damage|p1a: Kyurem|70/100|[from] Salt Cure
|upkeep
|turn|23
|inactive|Entrocefalo has 120 seconds left.
|
|t:|1769376076
|switch|p1a: Primarina|Primarina, M|40/100
|switch|p2a: Iron Treads|Iron Treads|47/100
|-damage|p2a: Iron Treads|44/100|[from] Stealth Rock
|
|upkeep
|turn|24
|inactive|Entrocefalo has 120 seconds left.
|inactive|DAHLI has 270 seconds left.
|
|t:|1769376121
|switch|p1a: Corviknight|Corviknight, M|96/100
|-ability|p1a: Corviknight|Pressure
|move|p2a: Iron Treads|Earthquake|p1a: Corviknight
|-immune|p1a: Corviknight
|
|upkeep
|turn|25
|inactive|DAHLI has 240 seconds left.
|
|t:|1769376152
|move|p2a: Iron Treads|Stealth Rock|p1a: Corviknight
|-sidestart|p1: DAHLI|move: Stealth Rock
|move|p1a: Corviknight|U-turn|p2a: Iron Treads
|-resisted|p2a: Iron Treads
|-damage|p2a: Iron Treads|38/100
|inactive|DAHLI has 240 seconds left.
|
|t:|1769376161
|switch|p1a: Weavile|Weavile, M|100/100|[from] U-turn
|-damage|p1a: Weavile|76/100|[from] Stealth Rock
|-ability|p1a: Weavile|Pressure
|
|upkeep
|turn|26
|inactive|Entrocefalo has 120 seconds left.
|
|t:|1769376173
|-end|p2a: Iron Treads|Quark Drive|[silent]
|switch|p2a: Zamazenta|Zamazenta|100/100
|-damage|p2a: Zamazenta|94/100|[from] Stealth Rock
|-ability|p2a: Zamazenta|Dauntless Shield|boost
|-boost|p2a: Zamazenta|def|1
|move|p1a: Weavile|Knock Off|p2a: Zamazenta
|-resisted|p2a: Zamazenta
|-damage|p2a: Zamazenta|73/100
|-enditem|p2a: Zamazenta|Expert Belt|[from] move: Knock Off|[of] p1a: Weavile
|
|upkeep
|turn|27
|inactive|Entrocefalo has 120 seconds left.
|inactive|DAHLI has 240 seconds left.
|
|t:|1769376201
|switch|p2a: Garganacl|Garganacl, F, tera:Water|47/100
|-damage|p2a: Garganacl|34/100|[from] Stealth Rock
|switch|p1a: Pecharunt|Pecharunt|99/100
|
|-heal|p2a: Garganacl|41/100|[from] item: Leftovers
|upkeep
|turn|28
|
|t:|1769376209
|move|p1a: Pecharunt|Parting Shot|p2a: Garganacl
|-unboost|p2a: Garganacl|atk|1
|-unboost|p2a: Garganacl|spa|1
|
|t:|1769376211
|switch|p1a: Great Tusk|Great Tusk|38/100|[from] Parting Shot
|move|p2a: Garganacl|Recover|p2a: Garganacl
|-heal|p2a: Garganacl|91/100
|
|-heal|p2a: Garganacl|97/100|[from] item: Leftovers
|upkeep
|turn|29
|inactive|Entrocefalo has 120 seconds left.
|inactive|Entrocefalo has 90 seconds left.
|
|t:|1769376254
|move|p1a: Great Tusk|Rapid Spin|p2a: Garganacl
|-damage|p2a: Garganacl|84/100
|-boost|p1a: Great Tusk|spe|1
|-sideend|p1: DAHLI|Stealth Rock|[from] move: Rapid Spin|[of] p1a: Great Tusk
|move|p2a: Garganacl|Curse|p2a: Garganacl
|-unboost|p2a: Garganacl|spe|1
|-boost|p2a: Garganacl|atk|1
|-boost|p2a: Garganacl|def|1
|
|-heal|p2a: Garganacl|90/100|[from] item: Leftovers
|upkeep
|turn|30
|inactive|Entrocefalo has 90 seconds left.
|inactive|DAHLI has 240 seconds left.
|
|t:|1769376283
|-end|p1a: Great Tusk|Protosynthesis|[silent]
|switch|p1a: Pecharunt|Pecharunt|99/100
|move|p2a: Garganacl|Salt Cure|p1a: Pecharunt
|-damage|p1a: Pecharunt|91/100
|-start|p1a: Pecharunt|Salt Cure
|
|-heal|p2a: Garganacl|97/100|[from] item: Leftovers
|-damage|p1a: Pecharunt|79/100|[from] Salt Cure
|upkeep
|turn|31
|inactive|Entrocefalo has 90 seconds left.
|
|t:|1769376300
|move|p1a: Pecharunt|Parting Shot|p2a: Garganacl
|-unboost|p2a: Garganacl|atk|1
|-unboost|p2a: Garganacl|spa|1
|
|t:|1769376302
|switch|p1a: Weavile|Weavile, M|76/100|[from] Parting Shot
|-ability|p1a: Weavile|Pressure
|move|p2a: Garganacl|Salt Cure|p1a: Weavile
|-supereffective|p1a: Weavile
|-damage|p1a: Weavile|46/100
|-start|p1a: Weavile|Salt Cure
|
|-heal|p2a: Garganacl|100/100|[from] item: Leftovers
|-damage|p1a: Weavile|33/100|[from] Salt Cure
|upkeep
|turn|32
|inactive|Entrocefalo has 90 seconds left.
|inactive|DAHLI has 240 seconds left.
|inactive|Entrocefalo has 60 seconds left.
|
|t:|1769376352
|switch|p1a: Kyurem|Kyurem, shiny|70/100
|-ability|p1a: Kyurem|Pressure
|switch|p2a: Zamazenta|Zamazenta|73/100
|-damage|p2a: Zamazenta|67/100|[from] Stealth Rock
|
|-heal|p1a: Kyurem|77/100|[from] item: Leftovers
|upkeep
|turn|33
|inactive|Entrocefalo has 60 seconds left.
|
|t:|1769376364
|switch|p2a: Gholdengo|Gholdengo|44/100
|-damage|p2a: Gholdengo|38/100|[from] Stealth Rock
|switch|p1a: Corviknight|Corviknight, M|96/100
|-ability|p1a: Corviknight|Pressure
|
|upkeep
|turn|34
|inactive|Entrocefalo has 60 seconds left.
|
|t:|1769376378
|move|p2a: Gholdengo|Recover|p2a: Gholdengo
|-heal|p2a: Gholdengo|88/100
|move|p1a: Corviknight|U-turn|p2a: Gholdengo
|-resisted|p2a: Gholdengo
|-damage|p2a: Gholdengo|84/100
|inactive|DAHLI has 240 seconds left.
|inactive|DAHLI has 210 seconds left.
|
|t:|1769376431
|switch|p1a: Primarina|Primarina, M|40/100|[from] U-turn
|
|upkeep
|turn|35
|inactive|Entrocefalo has 60 seconds left.
|
|t:|1769376455
|move|p2a: Gholdengo|Nasty Plot|p2a: Gholdengo
|-boost|p2a: Gholdengo|spa|2
|move|p1a: Primarina|Surf|p2a: Gholdengo
|-damage|p2a: Gholdengo|31/100
|
|upkeep
|turn|36
|inactive|DAHLI has 210 seconds left.
|inactive|DAHLI has 180 seconds left.
|
|t:|1769376498
|switch|p1a: Weavile|Weavile, M|33/100
|-ability|p1a: Weavile|Pressure
|move|p2a: Gholdengo|Make It Rain|p1a: Weavile
|-supereffective|p1a: Weavile
|-damage|p1a: Weavile|0 fnt
|-unboost|p2a: Gholdengo|spa|1
|faint|p1a: Weavile
|
|upkeep
|
|t:|1769376516
|switch|p1a: Kyurem|Kyurem, shiny|77/100
|-ability|p1a: Kyurem|Pressure
|turn|37
|inactive|Entrocefalo has 60 seconds left.
|inactive|DAHLI has 150 seconds left.
|
|t:|1769376553
|move|p1a: Kyurem|Substitute|p1a: Kyurem
|-start|p1a: Kyurem|Substitute
|-damage|p1a: Kyurem|52/100
|move|p2a: Gholdengo|Make It Rain|p1a: Kyurem
|-supereffective|p1a: Kyurem
|-end|p1a: Kyurem|Substitute
|-unboost|p2a: Gholdengo|spa|1
|
|-heal|p1a: Kyurem|58/100|[from] item: Leftovers
|upkeep
|turn|38
|inactive|DAHLI has 150 seconds left.
|
|t:|1769376572
|move|p1a: Kyurem|Substitute|p1a: Kyurem
|-start|p1a: Kyurem|Substitute
|-damage|p1a: Kyurem|33/100
|move|p2a: Gholdengo|Make It Rain|p1a: Kyurem
|-supereffective|p1a: Kyurem
|-end|p1a: Kyurem|Substitute
|-unboost|p2a: Gholdengo|spa|1
|
|-heal|p1a: Kyurem|39/100|[from] item: Leftovers
|upkeep
|turn|39
|inactive|DAHLI has 150 seconds left.
|
|t:|1769376590
|switch|p1a: Corviknight|Corviknight, M|96/100
|-ability|p1a: Corviknight|Pressure
|switch|p2a: Moltres|Moltres|63/100
|
|upkeep
|turn|40
|inactive|Entrocefalo has 30 seconds left.
|
|t:|1769376607
|switch|p1a: Primarina|Primarina, M|40/100
|move|p2a: Moltres|U-turn|p1a: Primarina
|-resisted|p1a: Primarina
|-damage|p1a: Primarina|31/100
|inactive|Entrocefalo has 30 seconds left.
|
|t:|1769376620
|switch|p2a: Iron Treads|Iron Treads|38/100|[from] U-turn
|-damage|p2a: Iron Treads|35/100|[from] Stealth Rock
|
|upkeep
|turn|41
|inactive|Entrocefalo has 30 seconds left.
|
|t:|1769376650
|switch|p1a: Corviknight|Corviknight, M|96/100
|-ability|p1a: Corviknight|Pressure
|move|p2a: Iron Treads|Earthquake|p1a: Corviknight
|-immune|p1a: Corviknight
|
|upkeep
|turn|42
|
|t:|1769376655
|move|p2a: Iron Treads|Stealth Rock|p1a: Corviknight
|-sidestart|p1: DAHLI|move: Stealth Rock
|move|p1a: Corviknight|U-turn|p2a: Iron Treads
|-resisted|p2a: Iron Treads
|-damage|p2a: Iron Treads|29/100
|
|t:|1769376657
|switch|p1a: Great Tusk|Great Tusk|38/100|[from] U-turn
|
|upkeep
|turn|43
|inactive|Entrocefalo has 30 seconds left.
|inactive|Entrocefalo has 20 seconds left.
|inactive|DAHLI has 120 seconds left.
|
|t:|1769376721
|-end|p2a: Iron Treads|Quark Drive|[silent]
|switch|p2a: Moltres|Moltres|63/100
|move|p1a: Great Tusk|Headlong Rush|p2a: Moltres
|-immune|p2a: Moltres
|
|upkeep
|turn|44
|inactive|Entrocefalo has 30 seconds left this turn.
|
|t:|1769376726
|move|p1a: Great Tusk|Rapid Spin|p2a: Moltres
|-damage|p2a: Moltres|50/100
|-boost|p1a: Great Tusk|spe|1
|-status|p1a: Great Tusk|brn|[from] ability: Flame Body|[of] p2a: Moltres
|-sideend|p1: DAHLI|Stealth Rock|[from] move: Rapid Spin|[of] p1a: Great Tusk
|move|p2a: Moltres|Flamethrower|p1a: Great Tusk
|-damage|p1a: Great Tusk|0 fnt
|faint|p1a: Great Tusk
|-end|p1a: Great Tusk|Protosynthesis|[silent]
|
|upkeep
|
|t:|1769376729
|switch|p1a: Primarina|Primarina, M|31/100
|turn|45
|inactive|Entrocefalo has 30 seconds left.
|
|t:|1769376749
|switch|p2a: Garganacl|Garganacl, F, tera:Water|100/100
|-damage|p2a: Garganacl|88/100|[from] Stealth Rock
|move|p1a: Primarina|Surf|p2a: Garganacl
|-resisted|p2a: Garganacl
|-damage|p2a: Garganacl|64/100
|
|-heal|p2a: Garganacl|71/100|[from] item: Leftovers
|upkeep
|turn|46
|inactive|Entrocefalo has 30 seconds left.
|
|t:|1769376759
|move|p1a: Primarina|Psychic Noise|p2a: Garganacl
|-damage|p2a: Garganacl|54/100
|-start|p2a: Garganacl|move: Heal Block
|move|p2a: Garganacl|Salt Cure|p1a: Primarina
|-damage|p1a: Primarina|14/100
|-start|p1a: Primarina|Salt Cure
|
|-damage|p1a: Primarina|0 fnt|[from] Salt Cure
|faint|p1a: Primarina
|upkeep
|
|t:|1769376773
|switch|p1a: Kyurem|Kyurem, shiny|39/100
|-ability|p1a: Kyurem|Pressure
|turn|47
|inactive|DAHLI has 90 seconds left.
|inactive|DAHLI has 60 seconds left.
|inactive|Entrocefalo has 30 seconds left.
|inactive|Entrocefalo has 20 seconds left.
|inactive|Entrocefalo has 15 seconds left.
|
|t:|1769376849
|switch|p2a: Gholdengo|Gholdengo|31/100
|-damage|p2a: Gholdengo|25/100|[from] Stealth Rock
|move|p1a: Kyurem|Freeze-Dry|p2a: Gholdengo
|-resisted|p2a: Gholdengo
|-damage|p2a: Gholdengo|6/100
|
|-heal|p1a: Kyurem|45/100|[from] item: Leftovers
|upkeep
|turn|48
|inactive|Entrocefalo has 25 seconds left this turn.
|inactive|Entrocefalo has 20 seconds left.
|inactive|Entrocefalo has 15 seconds left.
|
|t:|1769376860
|move|p1a: Kyurem|Substitute|p1a: Kyurem
|-start|p1a: Kyurem|Substitute
|-damage|p1a: Kyurem|20/100
|move|p2a: Gholdengo|Thunderbolt|p1a: Kyurem
|-resisted|p1a: Kyurem
|-activate|p1a: Kyurem|move: Substitute|[damage]
|
|-heal|p1a: Kyurem|26/100|[from] item: Leftovers
|upkeep
|turn|49
|inactive|Entrocefalo has 25 seconds left this turn.
|
|t:|1769376864
|move|p1a: Kyurem|Freeze-Dry|p2a: Gholdengo
|-resisted|p2a: Gholdengo
|-damage|p2a: Gholdengo|0 fnt
|faint|p2a: Gholdengo
|
|-heal|p1a: Kyurem|33/100|[from] item: Leftovers
|upkeep
|inactive|Entrocefalo has 30 seconds left this turn.
|
|t:|1769376867
|switch|p2a: Moltres|Moltres|50/100
|turn|50
|
|t:|1769376875
|move|p1a: Kyurem|Freeze-Dry|p2a: Moltres
|-damage|p2a: Moltres|15/100
|move|p2a: Moltres|Roar|p1a: Kyurem
|drag|p1a: Corviknight|Corviknight, M|96/100
|-ability|p1a: Corviknight|Pressure
|
|upkeep
|turn|51
|inactive|DAHLI has 90 seconds left.
|
|t:|1769376889
|switch|p1a: Pecharunt|Pecharunt|79/100
|move|p2a: Moltres|Roost|p2a: Moltres
|-heal|p2a: Moltres|65/100
|-singleturn|p2a: Moltres|move: Roost
|
|upkeep
|turn|52
|inactive|DAHLI has 90 seconds left.
|
|t:|1769376900
|switch|p2a: Iron Treads|Iron Treads|29/100
|-damage|p2a: Iron Treads|26/100|[from] Stealth Rock
|move|p1a: Pecharunt|Parting Shot|p2a: Iron Treads
|-fail|p2a: Iron Treads|unboost|[from] item: Clear Amulet|[of] p2a: Iron Treads
|
|upkeep
|turn|53
|
|t:|1769376907
|move|p2a: Iron Treads|Stealth Rock|p1a: Pecharunt
|-sidestart|p1: DAHLI|move: Stealth Rock
|move|p1a: Pecharunt|Shadow Ball|p2a: Iron Treads
|-damage|p2a: Iron Treads|0 fnt
|faint|p2a: Iron Treads
|-end|p2a: Iron Treads|Quark Drive|[silent]
|
|upkeep
|
|t:|1769376913
|switch|p2a: Garganacl|Garganacl, F, tera:Water|54/100
|-damage|p2a: Garganacl|42/100|[from] Stealth Rock
|turn|54
|
|t:|1769376922
|move|p1a: Pecharunt|Parting Shot|p2a: Garganacl
|-unboost|p2a: Garganacl|atk|1
|-unboost|p2a: Garganacl|spa|1
|
|t:|1769376935
|switch|p1a: Kyurem|Kyurem, shiny|33/100|[from] Parting Shot
|-damage|p1a: Kyurem|8/100|[from] Stealth Rock
|-ability|p1a: Kyurem|Pressure
|move|p2a: Garganacl|Recover|p2a: Garganacl
|-heal|p2a: Garganacl|92/100
|
|-heal|p1a: Kyurem|14/100|[from] item: Leftovers
|-heal|p2a: Garganacl|98/100|[from] item: Leftovers
|upkeep
|turn|55
|
|t:|1769376940
|move|p1a: Kyurem|Freeze-Dry|p2a: Garganacl
|-supereffective|p2a: Garganacl
|-damage|p2a: Garganacl|52/100
|move|p2a: Garganacl|Salt Cure|p1a: Kyurem
|-supereffective|p1a: Kyurem
|-damage|p1a: Kyurem|0 fnt
|faint|p1a: Kyurem
|
|-heal|p2a: Garganacl|58/100|[from] item: Leftovers
|upkeep
|
|t:|1769376943
|switch|p1a: Corviknight|Corviknight, M|96/100
|-damage|p1a: Corviknight|84/100|[from] Stealth Rock
|-ability|p1a: Corviknight|Pressure
|turn|56
|inactive|DAHLI has 120 seconds left.
|
|t:|1769376969
|move|p1a: Corviknight|Bulk Up|p1a: Corviknight
|-boost|p1a: Corviknight|atk|1
|-boost|p1a: Corviknight|def|1
|move|p2a: Garganacl|Salt Cure|p1a: Corviknight
|-damage|p1a: Corviknight|80/100
|-start|p1a: Corviknight|Salt Cure
|
|-heal|p2a: Garganacl|64/100|[from] item: Leftovers
|-damage|p1a: Corviknight|55/100|[from] Salt Cure
|upkeep
|turn|57
|inactive|Entrocefalo has 60 seconds left.
|inactive|DAHLI has 90 seconds left.
|inactive|Entrocefalo has 30 seconds left.
|
|t:|1769377034
|-terastallize|p1a: Corviknight|Fire
|move|p1a: Corviknight|Brave Bird|p2a: Garganacl
|-damage|p2a: Garganacl|27/100
|-damage|p1a: Corviknight|43/100|[from] Recoil
|move|p2a: Garganacl|Recover|p2a: Garganacl
|-heal|p2a: Garganacl|77/100
|
|-heal|p2a: Garganacl|83/100|[from] item: Leftovers
|-damage|p1a: Corviknight|30/100|[from] Salt Cure
|upkeep
|turn|58
|inactive|Entrocefalo has 30 seconds left.
|
|t:|1769377045
|move|p1a: Corviknight|Roost|p1a: Corviknight
|-heal|p1a: Corviknight|80/100
|move|p2a: Garganacl|Curse|p2a: Garganacl
|-unboost|p2a: Garganacl|spe|1
|-boost|p2a: Garganacl|atk|1
|-boost|p2a: Garganacl|def|1
|
|-heal|p2a: Garganacl|89/100|[from] item: Leftovers
|-damage|p1a: Corviknight|68/100|[from] Salt Cure
|upkeep
|turn|59
|inactive|Entrocefalo has 30 seconds left.
|
|t:|1769377052
|move|p1a: Corviknight|Bulk Up|p1a: Corviknight
|-boost|p1a: Corviknight|atk|1
|-boost|p1a: Corviknight|def|1
|move|p2a: Garganacl|Curse|p2a: Garganacl
|-unboost|p2a: Garganacl|spe|1
|-boost|p2a: Garganacl|atk|1
|-boost|p2a: Garganacl|def|1
|
|-heal|p2a: Garganacl|96/100|[from] item: Leftovers
|-damage|p1a: Corviknight|56/100|[from] Salt Cure
|upkeep
|turn|60
|
|t:|1769377058
|move|p1a: Corviknight|Bulk Up|p1a: Corviknight
|-boost|p1a: Corviknight|atk|1
|-boost|p1a: Corviknight|def|1
|move|p2a: Garganacl|Curse|p2a: Garganacl
|-unboost|p2a: Garganacl|spe|1
|-boost|p2a: Garganacl|atk|1
|-boost|p2a: Garganacl|def|1
|
|-heal|p2a: Garganacl|100/100|[from] item: Leftovers
|-damage|p1a: Corviknight|44/100|[from] Salt Cure
|upkeep
|turn|61
|
|t:|1769377073
|move|p1a: Corviknight|Roost|p1a: Corviknight
|-heal|p1a: Corviknight|94/100
|move|p2a: Garganacl|Curse|p2a: Garganacl
|-unboost|p2a: Garganacl|spe|1
|-boost|p2a: Garganacl|atk|1
|-boost|p2a: Garganacl|def|1
|
|-damage|p1a: Corviknight|81/100|[from] Salt Cure
|upkeep
|turn|62
|
|t:|1769377080
|move|p1a: Corviknight|Bulk Up|p1a: Corviknight
|-boost|p1a: Corviknight|atk|1
|-boost|p1a: Corviknight|def|1
|move|p2a: Garganacl|Salt Cure|p1a: Corviknight
|-supereffective|p1a: Corviknight
|-damage|p1a: Corviknight|68/100
|
|-damage|p1a: Corviknight|56/100|[from] Salt Cure
|upkeep
|turn|63
|
|t:|1769377094
|move|p1a: Corviknight|Roost|p1a: Corviknight
|-heal|p1a: Corviknight|100/100
|move|p2a: Garganacl|Curse|p2a: Garganacl
|-unboost|p2a: Garganacl|spe|1
|-boost|p2a: Garganacl|atk|1
|-boost|p2a: Garganacl|def|1
|
|-damage|p1a: Corviknight|88/100|[from] Salt Cure
|upkeep
|turn|64
|
|t:|1769377099
|move|p1a: Corviknight|Bulk Up|p1a: Corviknight
|-boost|p1a: Corviknight|atk|1
|-boost|p1a: Corviknight|def|1
|move|p2a: Garganacl|Curse|p2a: Garganacl
|-unboost|p2a: Garganacl|spe|1
|-boost|p2a: Garganacl|atk|1
|-boost|p2a: Garganacl|def|1
|
|-damage|p1a: Corviknight|76/100|[from] Salt Cure
|upkeep
|turn|65
|
|t:|1769377110
|move|p1a: Corviknight|Bulk Up|p1a: Corviknight
|-boost|p1a: Corviknight|atk|1
|-boost|p1a: Corviknight|def|1
|move|p2a: Garganacl|Curse|p2a: Garganacl
|-boost|p2a: Garganacl|atk|1
|
|-damage|p1a: Corviknight|64/100|[from] Salt Cure
|upkeep
|turn|66
|
|t:|1769377118
|move|p1a: Corviknight|Brave Bird|p2a: Garganacl
|-damage|p2a: Garganacl|76/100
|-damage|p1a: Corviknight|56/100|[from] Recoil
|move|p2a: Garganacl|Salt Cure|p1a: Corviknight
|-supereffective|p1a: Corviknight
|-damage|p1a: Corviknight|39/100
|
|-heal|p2a: Garganacl|83/100|[from] item: Leftovers
|-damage|p1a: Corviknight|27/100|[from] Salt Cure
|upkeep
|turn|67
|
|t:|1769377125
|move|p1a: Corviknight|Roost|p1a: Corviknight
|-heal|p1a: Corviknight|77/100
|move|p2a: Garganacl|Salt Cure|p1a: Corviknight
|-supereffective|p1a: Corviknight
|-damage|p1a: Corviknight|59/100
|
|-heal|p2a: Garganacl|89/100|[from] item: Leftovers
|-damage|p1a: Corviknight|47/100|[from] Salt Cure
|upkeep
|turn|68
|
|t:|1769377130
|move|p1a: Corviknight|Roost|p1a: Corviknight
|-heal|p1a: Corviknight|97/100
|move|p2a: Garganacl|Salt Cure|p1a: Corviknight
|-supereffective|p1a: Corviknight
|-damage|p1a: Corviknight|80/100
|
|-heal|p2a: Garganacl|95/100|[from] item: Leftovers
|-damage|p1a: Corviknight|68/100|[from] Salt Cure
|upkeep
|turn|69
|inactive|DAHLI has 180 seconds left.
|
|t:|1769377147
|move|p1a: Corviknight|Brave Bird|p2a: Garganacl
|-damage|p2a: Garganacl|68/100
|-damage|p1a: Corviknight|59/100|[from] Recoil
|move|p2a: Garganacl|Salt Cure|p1a: Corviknight
|-supereffective|p1a: Corviknight
|-crit|p1a: Corviknight
|-damage|p1a: Corviknight|0 fnt
|faint|p1a: Corviknight
|
|-heal|p2a: Garganacl|75/100|[from] item: Leftovers
|upkeep
|c|☆DAHLI|gg
|-message|DAHLI forfeited.
|
|win|Entrocefalo
|c|☆Entrocefalo|gg
