|j|‽aka2133
|j|☆Pizzatim33
|t:|1769432740
|gametype|singles
|player|p1|aka2133|bruno|1212
|player|p2|Pizzatim33|102|1229
|gen|9
|tier|[Gen 9] OU
|rated|
|rule|HP Percentage Mod: HP is shown in percentages
|rule|Endless Battle Clause: Forcing endless battles is banned
|rule|Species Clause: Limit one of each Pokémon
|rule|OHKO Clause: OHKO moves are banned
|rule|Evasion Items Clause: Evasion items are banned
|rule|Evasion Moves Clause: Evasion moves are banned
|rule|Evasion Abilities Clause: Evasion abilities are banned
|rule|Sleep Moves Clause: Sleep-inducing moves are banned
|clearpoke
|poke|p1|Hattrem, F|
|poke|p1|Hatterene, F|
|poke|p1|Slowking, F|
|poke|p1|Torkoal, F|
|poke|p1|Crabominable, M|
|poke|p1|Kingambit, F|
|poke|p2|Grimmsnarl, M|
|poke|p2|Raging Bolt|
|poke|p2|Iron Treads|
|poke|p2|Ogerpon-Wellspring, F|
|poke|p2|Deoxys-Speed|
|poke|p2|Ceruledge, F|
|teampreview
|inactive|Battle timer is ON: inactive players will automatically lose when time's up. (requested by aka2133)
|
|t:|1769432759
|teamsize|p1|6
|teamsize|p2|6
|start
|switch|p1a: Hatterene|Hatterene, F|100/100
|switch|p2a: Grimmsnarl|Grimmsnarl, M, shiny|100/100
|turn|1
|
|t:|1769432767
|move|p2a: Grimmsnarl|Light Screen|p2a: Grimmsnarl
|-sidestart|p2: Pizzatim33|move: Light Screen
|move|p1a: Hatterene|Trick Room|p1a: Hatterene
|-fieldstart|move: Trick Room|[of] p1a: Hatterene
|
|upkeep
|turn|2
|
|t:|1769432774
|move|p2a: Grimmsnarl|Reflect|p2a: Grimmsnarl
|-sidestart|p2: Pizzatim33|Reflect
|move|p1a: Hatterene|Dazzling Gleam|p2a: Grimmsnarl
|-supereffective|p2a: Grimmsnarl
|-damage|p2a: Grimmsnarl|42/100
|
|upkeep
|turn|3
|inactive|Pizzatim33 has 120 seconds left.
|
|t:|1769432809
|switch|p2a: Iron Treads|Iron Treads|100/100
|-enditem|p2a: Iron Treads|Booster Energy
|-activate|p2a: Iron Treads|ability: Quark Drive|[fromitem]
|-start|p2a: Iron Treads|quarkdrivespe
|move|p1a: Hatterene|Dazzling Gleam|p2a: Iron Treads
|-resisted|p2a: Iron Treads
|-damage|p2a: Iron Treads|82/100
|
|upkeep
|turn|4
|inactive|Pizzatim33 has 120 seconds left.
|
|t:|1769432829
|switch|p1a: Crabominable|Crabominable, M|100/100
|move|p2a: Iron Treads|Earth Power|p1a: Crabominable
|-damage|p1a: Crabominable|65/100
|
|upkeep
|turn|5
|inactive|Pizzatim33 has 120 seconds left.
|
|t:|1769432845
|-end|p2a: Iron Treads|Quark Drive|[silent]
|switch|p2a: Ceruledge|Ceruledge, F|100/100
|move|p1a: Crabominable|Earthquake|p2a: Ceruledge
|-supereffective|p2a: Ceruledge
|-damage|p2a: Ceruledge|33/100
|-ability|p2a: Ceruledge|Weak Armor|boost
|-unboost|p2a: Ceruledge|def|1
|-boost|p2a: Ceruledge|spe|2
|-damage|p1a: Crabominable|55/100|[from] item: Life Orb
|
|-fieldend|move: Trick Room
|upkeep
|turn|6
|inactive|Pizzatim33 has 120 seconds left.
|
|t:|1769432857
|move|p2a: Ceruledge|Bitter Blade|p1a: Crabominable
|-supereffective|p1a: Crabominable
|-damage|p1a: Crabominable|0 fnt
|-heal|p2a: Ceruledge|68/100|[from] drain|[of] p1a: Crabominable
|faint|p1a: Crabominable
|-damage|p2a: Ceruledge|58/100|[from] item: Life Orb
|
|upkeep
|
|t:|1769432861
|switch|p1a: Hattrem|Hattrem, F|100/100
|turn|7
|
|t:|1769432869
|move|p2a: Ceruledge|Poltergeist|p1a: Hattrem
|-activate|p1a: Hattrem|move: Poltergeist|Eviolite
|-supereffective|p1a: Hattrem
|-damage|p1a: Hattrem|0 fnt
|faint|p1a: Hattrem
|-damage|p2a: Ceruledge|48/100|[from] item: Life Orb
|
|upkeep
|
|t:|1769432872
|switch|p1a: Hatterene|Hatterene, F|100/100
|turn|8
|
|t:|1769432878
|move|p2a: Ceruledge|Poltergeist|p1a: Hatterene|[miss]
|-miss|p2a: Ceruledge|p1a: Hatterene
|move|p1a: Hatterene|Trick Room|p1a: Hatterene
|-fieldstart|move: Trick Room|[of] p1a: Hatterene
|
|-sideend|p2: Pizzatim33|move: Light Screen
|upkeep
|turn|9
|
|t:|1769432893
|move|p2a: Ceruledge|Shadow Sneak|p1a: Hatterene
|-supereffective|p1a: Hatterene
|-damage|p1a: Hatterene|36/100
|-damage|p2a: Ceruledge|38/100|[from] item: Life Orb
|move|p1a: Hatterene|Psychic|p2a: Ceruledge
|-damage|p2a: Ceruledge|0 fnt
|faint|p2a: Ceruledge
|
|-sideend|p2: Pizzatim33|Reflect
|upkeep
|
|t:|1769432908
|switch|p2a: Raging Bolt|Raging Bolt|100/100
|-enditem|p2a: Raging Bolt|Booster Energy
|-activate|p2a: Raging Bolt|ability: Protosynthesis|[fromitem]
|-start|p2a: Raging Bolt|protosynthesisspa
|turn|10
|
|t:|1769432916
|move|p2a: Raging Bolt|Thunderclap|p1a: Hatterene
|-damage|p1a: Hatterene|0 fnt
|faint|p1a: Hatterene
|
|upkeep
|
|t:|1769432920
|switch|p1a: Torkoal|Torkoal, F|100/100
|-weather|SunnyDay|[from] ability: Drought|[of] p1a: Torkoal
|turn|11
|
|t:|1769432928
|-terastallize|p1a: Torkoal|Fire
|move|p1a: Torkoal|Eruption|p2a: Raging Bolt
|-resisted|p2a: Raging Bolt
|-damage|p2a: Raging Bolt|7/100
|move|p2a: Raging Bolt|Calm Mind|p2a: Raging Bolt
|-boost|p2a: Raging Bolt|spa|1
|-boost|p2a: Raging Bolt|spd|1
|
|-weather|SunnyDay|[upkeep]
|upkeep
|turn|12
|
|t:|1769432938
|switch|p1a: Slowking|Slowking, F|100/100
|move|p2a: Raging Bolt|Thunderclap||[still]
|-fail|p2a: Raging Bolt
|
|-weather|SunnyDay|[upkeep]
|-fieldend|move: Trick Room
|upkeep
|turn|13
|
|t:|1769432949
|move|p2a: Raging Bolt|Thunderbolt|p1a: Slowking
|-supereffective|p1a: Slowking
|-damage|p1a: Slowking|0 fnt
|faint|p1a: Slowking
|
|-weather|SunnyDay|[upkeep]
|upkeep
|
|t:|1769432953
|switch|p1a: Kingambit|Kingambit, F|100/100
|-activate|p1a: Kingambit|ability: Supreme Overlord
|-start|p1a: Kingambit|fallen4|[silent]
|turn|14
|
|t:|1769432960
|move|p1a: Kingambit|Sucker Punch|p2a: Raging Bolt
|-damage|p2a: Raging Bolt|0 fnt
|faint|p2a: Raging Bolt
|-end|p2a: Raging Bolt|Protosynthesis|[silent]
|-damage|p1a: Kingambit|91/100|[from] item: Life Orb
|
|-weather|SunnyDay|[upkeep]
|upkeep
|
|t:|1769432962
|switch|p2a: Grimmsnarl|Grimmsnarl, M, shiny|42/100
|turn|15
|
|t:|1769432977
|move|p2a: Grimmsnarl|Reflect|p2a: Grimmsnarl
|-sidestart|p2: Pizzatim33|Reflect
|move|p1a: Kingambit|Iron Head|p2a: Grimmsnarl
|-supereffective|p2a: Grimmsnarl
|-damage|p2a: Grimmsnarl|0 fnt
|faint|p2a: Grimmsnarl
|-damage|p1a: Kingambit|81/100|[from] item: Life Orb
|
|-weather|none
|upkeep
|inactive|Pizzatim33 has 120 seconds left.
|
|t:|1769433005
|switch|p2a: Deoxys|Deoxys-Speed, shiny|100/100
|-ability|p2a: Deoxys|Pressure
|turn|16
|inactive|Pizzatim33 has 120 seconds left.
|
|t:|1769433025
|-terastallize|p2a: Deoxys|Fighting
|move|p1a: Kingambit|Sucker Punch|p2a: Deoxys
|-resisted|p2a: Deoxys
|-damage|p2a: Deoxys|71/100
|-damage|p1a: Kingambit|71/100|[from] item: Life Orb
|move|p2a: Deoxys|Focus Blast|p1a: Kingambit
|-supereffective|p1a: Kingambit
|-damage|p1a: Kingambit|0 fnt
|faint|p1a: Kingambit
|-end|p1a: Kingambit|fallen4|[silent]
|
|-heal|p2a: Deoxys|77/100|[from] item: Leftovers
|upkeep
|
|t:|1769433044
|switch|p1a: Torkoal|Torkoal, F, tera:Fire|100/100
|-weather|SunnyDay|[from] ability: Drought|[of] p1a: Torkoal
|turn|17
|inactive|Pizzatim33 has 120 seconds left.
|
|t:|1769433066
|move|p2a: Deoxys|Psycho Boost|p1a: Torkoal|[miss]
|-miss|p2a: Deoxys|p1a: Torkoal
|move|p1a: Torkoal|Eruption|p2a: Deoxys
|-damage|p2a: Deoxys|0 fnt
|faint|p2a: Deoxys
|
|-weather|SunnyDay|[upkeep]
|upkeep
|
|t:|1769433074
|switch|p2a: Iron Treads|Iron Treads|82/100
|turn|18
|
|t:|1769433084
|move|p2a: Iron Treads|Earth Power|p1a: Torkoal
|-supereffective|p1a: Torkoal
|-damage|p1a: Torkoal|22/100
|move|p1a: Torkoal|Eruption|p2a: Iron Treads
|-supereffective|p2a: Iron Treads
|-damage|p2a: Iron Treads|0 fnt
|faint|p2a: Iron Treads
|-end|p2a: Iron Treads|Quark Drive|[silent]
|
|-weather|SunnyDay|[upkeep]
|upkeep
|
|t:|1769433087
|switch|p2a: Ogerpon|Ogerpon-Wellspring, F|100/100
|turn|19
|
|t:|1769433090
|move|p2a: Ogerpon|Ivy Cudgel|p1a: Torkoal|[anim] Ivy Cudgel Water
|-supereffective|p1a: Torkoal
|-crit|p1a: Torkoal
|-damage|p1a: Torkoal|0 fnt
|faint|p1a: Torkoal
|
|win|Pizzatim33
|raw|aka2133's rating: 1212 &rarr; <strong>1188</strong><br />(-24 for losing)
|raw|Pizzatim33's rating: 1229 &rarr; <strong>1253</strong><br />(+24 for winning)
|l|☆Pizzatim33
|player|p2|
|l|‽aka2133
|player|p1|
