|j|☆sicksickman
|j|☆Alerjake
|t:|1769314010
|gametype|singles
|player|p1|sicksickman|hoopster|1479
|player|p2|Alerjake|1|1532
|gen|9
|tier|[Gen 9] OU
|rated|
|rule|HP Percentage Mod: HP is shown in percentages
|rule|Endless Battle Clause: Forcing endless battles is banned
|rule|Species Clause: Limit one of each Pokémon
|rule|OHKO Clause: OHKO moves are banned
|rule|Evasion Items Clause: Evasion items are banned
|rule|Evasion Moves Clause: Evasion moves are banned
|rule|Evasion Abilities Clause: Evasion abilities are banned
|rule|Sleep Moves Clause: Sleep-inducing moves are banned
|clearpoke
|poke|p1|Clodsire, F|
|poke|p1|Conkeldurr, M|
|poke|p1|Enamorus, F|
|poke|p1|Dragonite, M|
|poke|p1|Skarmory, F|
|poke|p1|Sinistcha|
|poke|p2|Ceruledge, F|
|poke|p2|Ninetales-Alola, M|
|poke|p2|Raging Bolt|
|poke|p2|Iron Crown|
|poke|p2|Hydreigon, M|
|poke|p2|Iron Treads|
|teampreview
|inactive|Battle timer is ON: inactive players will automatically lose when time's up. (requested by Alerjake)
|
|t:|1769314020
|teamsize|p1|6
|teamsize|p2|6
|start
|switch|p1a: Conkeldurr|Conkeldurr, M|100/100
|switch|p2a: Ninetales|Ninetales-Alola, M|100/100
|-weather|Snowscape|[from] ability: Snow Warning|[of] p2a: Ninetales
|turn|1
|
|t:|1769314027
|move|p2a: Ninetales|Aurora Veil|p2a: Ninetales
|-sidestart|p2: Alerjake|move: Aurora Veil
|move|p1a: Conkeldurr|Knock Off|p2a: Ninetales
|-resisted|p2a: Ninetales
|-damage|p2a: Ninetales|94/100
|-enditem|p2a: Ninetales|Light Clay|[from] move: Knock Off|[of] p1a: Conkeldurr
|
|-weather|Snowscape|[upkeep]
|upkeep
|turn|2
|
|t:|1769314034
|move|p2a: Ninetales|Moonblast|p1a: Conkeldurr
|-supereffective|p1a: Conkeldurr
|-damage|p1a: Conkeldurr|69/100
|-unboost|p1a: Conkeldurr|spa|1
|move|p1a: Conkeldurr|Knock Off|p2a: Ninetales
|-resisted|p2a: Ninetales
|-damage|p2a: Ninetales|89/100
|
|-weather|Snowscape|[upkeep]
|upkeep
|turn|3
|
|t:|1769314043
|switch|p2a: Ceruledge|Ceruledge, F|100/100
|switch|p1a: Clodsire|Clodsire, F|100/100
|
|-weather|Snowscape|[upkeep]
|upkeep
|turn|4
|
|t:|1769314053
|-terastallize|p2a: Ceruledge|Ghost
|move|p2a: Ceruledge|Swords Dance|p2a: Ceruledge
|-boost|p2a: Ceruledge|atk|2
|move|p1a: Clodsire|Stealth Rock|p2a: Ceruledge
|-sidestart|p2: Alerjake|move: Stealth Rock
|
|-weather|Snowscape|[upkeep]
|upkeep
|turn|5
|
|t:|1769314062
|move|p2a: Ceruledge|Poltergeist|p1a: Clodsire
|-activate|p1a: Clodsire|move: Poltergeist|Leftovers
|-damage|p1a: Clodsire|23/100
|-damage|p2a: Ceruledge|91/100|[from] item: Life Orb
|move|p1a: Clodsire|Toxic|p2a: Ceruledge
|-status|p2a: Ceruledge|tox
|
|-weather|none
|-heal|p1a: Clodsire|29/100|[from] item: Leftovers
|-damage|p2a: Ceruledge|84/100 tox|[from] psn
|upkeep
|turn|6
|
|t:|1769314078
|move|p2a: Ceruledge|Bitter Blade|p1a: Clodsire
|-damage|p1a: Clodsire|0 fnt
|-heal|p2a: Ceruledge|100/100 tox|[from] drain|[of] p1a: Clodsire
|faint|p1a: Clodsire
|-damage|p2a: Ceruledge|91/100 tox|[from] item: Life Orb
|
|-damage|p2a: Ceruledge|78/100 tox|[from] psn
|upkeep
|inactive|sicksickman has 120 seconds left.
|
|t:|1769314099
|switch|p1a: Enamorus|Enamorus, F|100/100
|turn|7
|
|t:|1769314103
|move|p2a: Ceruledge|Shadow Sneak|p1a: Enamorus
|-damage|p1a: Enamorus|0 fnt
|faint|p1a: Enamorus
|-damage|p2a: Ceruledge|68/100 tox|[from] item: Life Orb
|
|-damage|p2a: Ceruledge|50/100 tox|[from] psn
|upkeep
|inactive|sicksickman has 120 seconds left.
|
|t:|1769314122
|switch|p1a: Dragonite|Dragonite, M, shiny|100/100
|turn|8
|inactive|sicksickman has 120 seconds left.
|
|t:|1769314134
|switch|p1a: Skarmory|Skarmory, F|100/100
|move|p2a: Ceruledge|Poltergeist|p1a: Skarmory
|-activate|p1a: Skarmory|move: Poltergeist|Leftovers
|-ability|p1a: Skarmory|Sturdy
|-damage|p1a: Skarmory|1/100
|-damage|p2a: Ceruledge|40/100 tox|[from] item: Life Orb
|
|-heal|p1a: Skarmory|7/100|[from] item: Leftovers
|-damage|p2a: Ceruledge|15/100 tox|[from] psn
|-sideend|p2: Alerjake|move: Aurora Veil
|upkeep
|turn|9
|
|t:|1769314139
|move|p2a: Ceruledge|Bitter Blade|p1a: Skarmory
|-supereffective|p1a: Skarmory
|-damage|p1a: Skarmory|0 fnt
|-heal|p2a: Ceruledge|19/100 tox|[from] drain|[of] p1a: Skarmory
|faint|p1a: Skarmory
|-damage|p2a: Ceruledge|9/100 tox|[from] item: Life Orb
|
|-damage|p2a: Ceruledge|0 fnt|[from] psn
|faint|p2a: Ceruledge
|upkeep
|inactive|sicksickman has 120 seconds left.
|
|t:|1769314157
|switch|p2a: Ninetales|Ninetales-Alola, M|89/100
|switch|p1a: Dragonite|Dragonite, M, shiny|100/100
|-damage|p2a: Ninetales|64/100|[from] Stealth Rock
|-weather|Snowscape|[from] ability: Snow Warning|[of] p2a: Ninetales
|turn|10
|inactive|sicksickman has 120 seconds left.
|
|t:|1769314162
|move|p2a: Ninetales|Aurora Veil|p2a: Ninetales
|-sidestart|p2: Alerjake|move: Aurora Veil
|move|p1a: Dragonite|Dragon Dance|p1a: Dragonite
|-boost|p1a: Dragonite|atk|1
|-boost|p1a: Dragonite|spe|1
|
|-weather|Snowscape|[upkeep]
|upkeep
|turn|11
|
|t:|1769314169
|-terastallize|p1a: Dragonite|Flying
|move|p1a: Dragonite|Dragon Dance|p1a: Dragonite
|-boost|p1a: Dragonite|atk|1
|-boost|p1a: Dragonite|spe|1
|move|p2a: Ninetales|Encore|p1a: Dragonite
|-start|p1a: Dragonite|Encore
|
|-weather|Snowscape|[upkeep]
|upkeep
|turn|12
|
|t:|1769314175
|move|p1a: Dragonite|Dragon Dance|p1a: Dragonite
|-boost|p1a: Dragonite|atk|1
|-boost|p1a: Dragonite|spe|1
|move|p2a: Ninetales|Freeze-Dry|p1a: Dragonite
|-supereffective|p1a: Dragonite
|-damage|p1a: Dragonite|79/100
|
|-weather|Snowscape|[upkeep]
|upkeep
|turn|13
|
|t:|1769314180
|move|p1a: Dragonite|Dragon Dance|p1a: Dragonite
|-boost|p1a: Dragonite|atk|1
|-boost|p1a: Dragonite|spe|1
|move|p2a: Ninetales|Freeze-Dry|p1a: Dragonite
|-supereffective|p1a: Dragonite
|-damage|p1a: Dragonite|35/100
|
|-weather|Snowscape|[upkeep]
|upkeep
|turn|14
|
|t:|1769314185
|move|p1a: Dragonite|Dragon Dance|p1a: Dragonite
|-boost|p1a: Dragonite|atk|1
|-boost|p1a: Dragonite|spe|1
|move|p2a: Ninetales|Freeze-Dry|p1a: Dragonite
|-supereffective|p1a: Dragonite
|-damage|p1a: Dragonite|0 fnt
|faint|p1a: Dragonite
|
|-weather|none
|-sideend|p2: Alerjake|move: Aurora Veil
|upkeep
|-message|sicksickman forfeited.
|
|win|Alerjake
|raw|sicksickman's rating: 1479 &rarr; <strong>1462</strong><br />(-17 for losing)
|raw|Alerjake's rating: 1532 &rarr; <strong>1549</strong><br />(+17 for winning)
