|j|☆cooltrainerdaniel
|j|☆Strainova
|t:|1769408830
|gametype|singles
|player|p1|cooltrainerdaniel|170|1061
|player|p2|Strainova|102|1118
|gen|9
|tier|[Gen 9] OU
|rated|
|rule|HP Percentage Mod: HP is shown in percentages
|rule|Endless Battle Clause: Forcing endless battles is banned
|rule|Species Clause: Limit one of each Pokémon
|rule|OHKO Clause: OHKO moves are banned
|rule|Evasion Items Clause: Evasion items are banned
|rule|Evasion Moves Clause: Evasion moves are banned
|rule|Evasion Abilities Clause: Evasion abilities are banned
|rule|Sleep Moves Clause: Sleep-inducing moves are banned
|clearpoke
|poke|p1|Iron Crown|
|poke|p1|Dragapult, F|
|poke|p1|Diancie|
|poke|p1|Honchkrow, M|
|poke|p1|Swampert, F|
|poke|p1|Raikou|
|poke|p2|Great Tusk|
|poke|p2|Slowking-Galar, F|
|poke|p2|Slither Wing|
|poke|p2|Whimsicott, M|
|poke|p2|Zoroark-Hisui, F|
|poke|p2|Basculegion, M|
|teampreview
|
|t:|1769408854
|teamsize|p1|6
|teamsize|p2|6
|start
|switch|p1a: Honchkrow|Honchkrow, M|100/100
|switch|p2a: Whimsicott|Whimsicott, M, shiny|100/100
|turn|1
|
|t:|1769408864
|move|p2a: Whimsicott|Moonblast|p1a: Honchkrow
|-supereffective|p1a: Honchkrow
|-damage|p1a: Honchkrow|24/100
|move|p1a: Honchkrow|Brave Bird|p2a: Whimsicott
|-supereffective|p2a: Whimsicott
|-damage|p2a: Whimsicott|0 fnt
|faint|p2a: Whimsicott
|-ability|p1a: Honchkrow|Moxie|boost
|-boost|p1a: Honchkrow|atk|1
|-damage|p1a: Honchkrow|0 fnt|[from] Recoil
|faint|p1a: Honchkrow
|
|upkeep
|
|t:|1769408875
|switch|p2a: Basculegion|Basculegion, M, shiny|100/100
|switch|p1a: Iron Crown|Iron Crown|100/100
|-enditem|p1a: Iron Crown|Booster Energy
|-activate|p1a: Iron Crown|ability: Quark Drive|[fromitem]
|-start|p1a: Iron Crown|quarkdrivespa
|turn|2
|
|t:|1769408885
|move|p2a: Basculegion|Wave Crash|p1a: Iron Crown
|-damage|p1a: Iron Crown|18/100
|-damage|p2a: Basculegion|77/100|[from] Recoil
|move|p1a: Iron Crown|Volt Switch|p2a: Basculegion
|-supereffective|p2a: Basculegion
|-damage|p2a: Basculegion|8/100
|
|t:|1769408895
|-end|p1a: Iron Crown|Quark Drive|[silent]
|switch|p1a: Raikou|Raikou|100/100|[from] Volt Switch
|
|upkeep
|turn|3
|
|t:|1769408901
|move|p2a: Basculegion|Wave Crash|p1a: Raikou
|-damage|p1a: Raikou|4/100
|-damage|p2a: Basculegion|0 fnt|[from] Recoil
|faint|p2a: Basculegion
|move|p1a: Raikou|Charge Beam|p2: Basculegion|[notarget]
|-fail|p1a: Raikou
|
|upkeep
|
|t:|1769408912
|switch|p2a: Slither Wing|Slither Wing, shiny|100/100
|turn|4
|
|t:|1769408919
|move|p2a: Slither Wing|First Impression|p1a: Raikou
|-damage|p1a: Raikou|0 fnt
|faint|p1a: Raikou
|
|upkeep
|
|t:|1769408925
|switch|p1a: Iron Crown|Iron Crown|18/100
|turn|5
|
|t:|1769408928
|-end|p2a: Slither Wing|Protosynthesis|[silent]
|switch|p2a: Slowking|Slowking-Galar, F, shiny|100/100
|move|p1a: Iron Crown|Psychic|p2a: Slowking
|-damage|p2a: Slowking|68/100
|
|upkeep
|turn|6
|
|t:|1769408939
|move|p1a: Iron Crown|Air Slash|p2a: Slowking|[miss]
|-miss|p1a: Iron Crown|p2a: Slowking
|move|p2a: Slowking|Flamethrower|p1a: Iron Crown
|-supereffective|p1a: Iron Crown
|-damage|p1a: Iron Crown|0 fnt
|faint|p1a: Iron Crown
|-end|p1a: Iron Crown|Quark Drive|[silent]
|-damage|p2a: Slowking|58/100|[from] item: Life Orb
|
|upkeep
|
|t:|1769408952
|switch|p1a: Swampert|Swampert, F|100/100
|turn|7
|
|t:|1769408957
|switch|p2a: Great Tusk|Great Tusk, shiny|100/100
|move|p1a: Swampert|Earthquake|p2a: Great Tusk
|-damage|p2a: Great Tusk|55/100
|
|upkeep
|turn|8
|
|t:|1769408964
|switch|p1a: Diancie|Diancie|100/100
|move|p2a: Great Tusk|Headlong Rush|p1a: Diancie
|-supereffective|p1a: Diancie
|-damage|p1a: Diancie|13/100
|-unboost|p2a: Great Tusk|def|1
|-unboost|p2a: Great Tusk|spd|1
|
|-heal|p1a: Diancie|19/100|[from] item: Leftovers
|upkeep
|turn|9
|
|t:|1769408975
|move|p2a: Great Tusk|Headlong Rush|p1a: Diancie
|-supereffective|p1a: Diancie
|-damage|p1a: Diancie|0 fnt
|-unboost|p2a: Great Tusk|def|1
|-unboost|p2a: Great Tusk|spd|1
|faint|p1a: Diancie
|
|upkeep
|
|t:|1769408985
|switch|p1a: Dragapult|Dragapult, F|100/100
|turn|10
|
|t:|1769408989
|move|p1a: Dragapult|Psychic Fangs|p2a: Great Tusk
|-supereffective|p2a: Great Tusk
|-damage|p2a: Great Tusk|0 fnt
|faint|p2a: Great Tusk
|-end|p2a: Great Tusk|Protosynthesis|[silent]
|
|upkeep
|
|t:|1769409006
|switch|p2a: Slowking|Slowking-Galar, F, shiny|91/100
|turn|11
|
|t:|1769409014
|move|p1a: Dragapult|Psychic Fangs|p2a: Slowking
|-damage|p2a: Slowking|46/100
|move|p2a: Slowking|Ice Beam|p1a: Dragapult
|-supereffective|p1a: Dragapult
|-damage|p1a: Dragapult|0 fnt
|faint|p1a: Dragapult
|-damage|p2a: Slowking|36/100|[from] item: Life Orb
|
|upkeep
|
|t:|1769409024
|switch|p1a: Swampert|Swampert, F|100/100
|turn|12
|
|t:|1769409028
|move|p1a: Swampert|Liquidation|p2a: Slowking
|-damage|p2a: Slowking|0 fnt
|faint|p2a: Slowking
|
|upkeep
|
|t:|1769409032
|switch|p2a: Slither Wing|Slither Wing, shiny|100/100
|turn|13
|
|t:|1769409038
|move|p2a: Slither Wing|Shadow Ball|p1a: Swampert
|-damage|p1a: Swampert|43/100
|move|p1a: Swampert|Liquidation|p2a: Slither Wing
|-damage|p2a: Slither Wing|0 fnt
|replace|p2a: Zoroark|Zoroark-Hisui, F, shiny
|-end|p2a: Zoroark|Illusion
|faint|p2a: Zoroark
|
|upkeep
|
|t:|1769409043
|switch|p2a: Slither Wing|Slither Wing, shiny|100/100
|turn|14
|
|t:|1769409046
|-terastallize|p2a: Slither Wing|Bug
|move|p2a: Slither Wing|First Impression|p1a: Swampert
|-damage|p1a: Swampert|0 fnt
|faint|p1a: Swampert
|
|win|Strainova
|raw|cooltrainerdaniel's rating: 1061 &rarr; <strong>1045</strong><br />(-16 for losing)
|raw|Strainova's rating: 1118 &rarr; <strong>1139</strong><br />(+21 for winning)
|l|☆Strainova
|player|p2|
|l|☆cooltrainerdaniel
|player|p1|
