|badge|p2|bronze|gen9ou|100-8
|uhtml|medal-msg|<div class="broadcast-blue">Curious what those medals under the avatar are? PS now has Ladder Seasons! For more information, check out the <a href="https://www.smogon.com/forums/threads/3740067/">thread on Smogon.</a></div>
|j|☆poopseydoopsey
|j|☆noob1877 test
|t:|1769365867
|gametype|singles
|player|p1|poopseydoopsey|hiker-gen6|1741
|player|p2|noob1877 test|1|1830
|gen|9
|tier|[Gen 9] OU
|rated|
|rule|HP Percentage Mod: HP is shown in percentages
|rule|Endless Battle Clause: Forcing endless battles is banned
|rule|Species Clause: Limit one of each Pokémon
|rule|OHKO Clause: OHKO moves are banned
|rule|Evasion Items Clause: Evasion items are banned
|rule|Evasion Moves Clause: Evasion moves are banned
|rule|Evasion Abilities Clause: Evasion abilities are banned
|rule|Sleep Moves Clause: Sleep-inducing moves are banned
|clearpoke
|poke|p1|Dragapult, M|
|poke|p1|Samurott-Hisui, F|
|poke|p1|Dragonite, F|
|poke|p1|Great Tusk|
|poke|p1|Rillaboom, F|
|poke|p1|Heatran, M|
|poke|p2|Hydrapple, F|
|poke|p2|Clodsire, M|
|poke|p2|Cinderace, F|
|poke|p2|Great Tusk|
|poke|p2|Pecharunt|
|poke|p2|Bronzong|
|teampreview
|inactive|Battle timer is ON: inactive players will automatically lose when time's up. (requested by poopseydoopsey)
|j| Monkey bidniss
|
|t:|1769365895
|teamsize|p1|6
|teamsize|p2|6
|start
|switch|p1a: Dragapult|Dragapult, M|100/100
|switch|p2a: Hydrapple|Hydrapple, F|100/100
|turn|1
|j| kalinda sharma
|j| SAGBLZ
|
|t:|1769365916
|switch|p2a: Bronzong|Bronzong|100/100
|move|p1a: Dragapult|Shadow Ball|p2a: Bronzong
|-supereffective|p2a: Bronzong
|-damage|p2a: Bronzong|30/100
|-damage|p1a: Dragapult|91/100|[from] item: Life Orb
|
|-heal|p2a: Bronzong|37/100|[from] item: Leftovers
|upkeep
|turn|2
|
|t:|1769365926
|switch|p2a: Clodsire|Clodsire, M|100/100
|move|p1a: Dragapult|Shadow Ball|p2a: Clodsire
|-damage|p2a: Clodsire|75/100
|-damage|p1a: Dragapult|81/100|[from] item: Life Orb
|
|upkeep
|turn|3
|l| SAGBLZ
|inactive|noob1877 test has 120 seconds left.
|
|t:|1769365952
|switch|p1a: Rillaboom|Rillaboom, F|100/100
|-fieldstart|move: Grassy Terrain|[from] ability: Grassy Surge|[of] p1a: Rillaboom
|switch|p2a: Pecharunt|Pecharunt|100/100
|
|upkeep
|turn|4
|inactive|noob1877 test has 120 seconds left.
|j| SAGBLZ
|inactive|noob1877 test has 90 seconds left.
|
|t:|1769366015
|switch|p1a: Heatran|Heatran, M|100/100
|move|p2a: Pecharunt|Parting Shot|p1a: Heatran
|-unboost|p1a: Heatran|atk|1
|-unboost|p1a: Heatran|spa|1
|
|t:|1769366017
|switch|p2a: Hydrapple|Hydrapple, F|100/100|[from] Parting Shot
|
|upkeep
|turn|5
|j| Goobshiester1st
|
|t:|1769366029
|switch|p1a: Dragonite|Dragonite, F|100/100
|move|p2a: Hydrapple|Earth Power|p1a: Dragonite
|-immune|p1a: Dragonite
|
|upkeep
|turn|6
|
|t:|1769366031
|move|p1a: Dragonite|Encore|p2a: Hydrapple
|-start|p2a: Hydrapple|Encore
|move|p2a: Hydrapple|Earth Power|p1a: Dragonite
|-immune|p1a: Dragonite
|
|upkeep
|turn|7
|inactive|noob1877 test has 90 seconds left.
|
|t:|1769366044
|switch|p2a: Great Tusk|Great Tusk|100/100
|move|p1a: Dragonite|Dragon Dance|p1a: Dragonite
|-boost|p1a: Dragonite|atk|1
|-boost|p1a: Dragonite|spe|1
|
|-fieldend|move: Grassy Terrain
|upkeep
|turn|8
|
|t:|1769366055
|-terastallize|p1a: Dragonite|Ghost
|move|p1a: Dragonite|Dragon Dance|p1a: Dragonite
|-boost|p1a: Dragonite|atk|1
|-boost|p1a: Dragonite|spe|1
|move|p2a: Great Tusk|Ice Spinner|p1a: Dragonite
|-damage|p1a: Dragonite|86/100
|
|upkeep
|turn|9
|inactive|noob1877 test has 90 seconds left.
|
|t:|1769366076
|move|p1a: Dragonite|Tera Blast|p2a: Great Tusk|[anim] Tera Blast Ghost
|-damage|p2a: Great Tusk|40/100
|move|p2a: Great Tusk|Knock Off|p1a: Dragonite
|-supereffective|p1a: Dragonite
|-damage|p1a: Dragonite|11/100
|-enditem|p1a: Dragonite|Covert Cloak|[from] move: Knock Off|[of] p2a: Great Tusk
|
|upkeep
|turn|10
|inactive|noob1877 test has 90 seconds left.
|
|t:|1769366090
|move|p1a: Dragonite|Tera Blast|p2a: Great Tusk|[anim] Tera Blast Ghost
|-crit|p2a: Great Tusk
|-damage|p2a: Great Tusk|0 fnt
|faint|p2a: Great Tusk
|-end|p2a: Great Tusk|Protosynthesis|[silent]
|
|upkeep
|
|t:|1769366093
|switch|p2a: Pecharunt|Pecharunt|100/100
|turn|11
|
|t:|1769366096
|-terastallize|p2a: Pecharunt|Dark
|move|p1a: Dragonite|Tera Blast|p2a: Pecharunt|[anim] Tera Blast Ghost
|-resisted|p2a: Pecharunt
|-damage|p2a: Pecharunt|81/100
|move|p2a: Pecharunt|Foul Play|p1a: Dragonite
|-supereffective|p1a: Dragonite
|-damage|p1a: Dragonite|0 fnt
|faint|p1a: Dragonite
|
|upkeep
|
|t:|1769366103
|switch|p1a: Heatran|Heatran, M|100/100
|turn|12
|
|t:|1769366108
|move|p1a: Heatran|Stealth Rock|p2a: Pecharunt
|-sidestart|p2: noob1877 test|move: Stealth Rock
|move|p2a: Pecharunt|Parting Shot|p1a: Heatran
|-unboost|p1a: Heatran|atk|1
|-unboost|p1a: Heatran|spa|1
|inactive|noob1877 test has 120 seconds left.
|
|t:|1769366117
|switch|p2a: Hydrapple|Hydrapple, F|100/100|[from] Parting Shot
|-damage|p2a: Hydrapple|88/100|[from] Stealth Rock
|
|upkeep
|turn|13
|
|t:|1769366126
|switch|p1a: Dragapult|Dragapult, M|81/100
|move|p2a: Hydrapple|Earth Power|p1a: Dragapult
|-damage|p1a: Dragapult|12/100
|-damage|p2a: Hydrapple|78/100|[from] item: Life Orb
|
|upkeep
|turn|14
|
|t:|1769366134
|switch|p2a: Bronzong|Bronzong|37/100
|-damage|p2a: Bronzong|30/100|[from] Stealth Rock
|move|p1a: Dragapult|Draco Meteor|p2a: Bronzong
|-resisted|p2a: Bronzong
|-damage|p2a: Bronzong|1/100
|-unboost|p1a: Dragapult|spa|2
|-damage|p1a: Dragapult|3/100|[from] item: Life Orb
|
|-heal|p2a: Bronzong|7/100|[from] item: Leftovers
|upkeep
|turn|15
|
|t:|1769366138
|move|p1a: Dragapult|Shadow Ball|p2a: Bronzong
|-supereffective|p2a: Bronzong
|-damage|p2a: Bronzong|0 fnt
|faint|p2a: Bronzong
|-damage|p1a: Dragapult|0 fnt|[from] item: Life Orb
|faint|p1a: Dragapult
|
|upkeep
|
|t:|1769366153
|switch|p1a: Samurott|Samurott-Hisui, F|100/100
|switch|p2a: Cinderace|Cinderace, F|100/100
|turn|16
|
|t:|1769366164
|move|p2a: Cinderace|U-turn|p1a: Samurott
|-supereffective|p1a: Samurott
|-damage|p1a: Samurott|55/100
|
|t:|1769366165
|switch|p2a: Hydrapple|Hydrapple, F|100/100|[from] U-turn
|-damage|p2a: Hydrapple|88/100|[from] Stealth Rock
|move|p1a: Samurott|Ceaseless Edge|p2a: Hydrapple
|-damage|p2a: Hydrapple|54/100
|-sidestart|p2: noob1877 test|Spikes
|
|upkeep
|turn|17
|
|t:|1769366170
|move|p1a: Samurott|Knock Off|p2a: Hydrapple
|-damage|p2a: Hydrapple|18/100
|-enditem|p2a: Hydrapple|Life Orb|[from] move: Knock Off|[of] p1a: Samurott
|move|p2a: Hydrapple|Giga Drain|p1a: Samurott
|-supereffective|p1a: Samurott
|-damage|p1a: Samurott|0 fnt
|-heal|p2a: Hydrapple|41/100|[from] drain|[of] p1a: Samurott
|faint|p1a: Samurott
|
|upkeep
|l| kalinda sharma
|
|t:|1769366180
|switch|p1a: Rillaboom|Rillaboom, F|100/100
|-fieldstart|move: Grassy Terrain|[from] ability: Grassy Surge|[of] p1a: Rillaboom
|turn|18
|l| SAGBLZ
|
|t:|1769366184
|move|p1a: Rillaboom|U-turn|p2a: Hydrapple
|-supereffective|p2a: Hydrapple
|-damage|p2a: Hydrapple|0 fnt
|faint|p2a: Hydrapple
|
|t:|1769366190
|switch|p1a: Heatran|Heatran, M|100/100|[from] U-turn
|
|upkeep
|
|t:|1769366196
|switch|p2a: Cinderace|Cinderace, F|100/100
|turn|19
|j| kalinda sharma
|
|t:|1769366200
|move|p2a: Cinderace|Court Change|p2a: Cinderace
|-swapsideconditions
|-activate|p2a: Cinderace|move: Court Change
|move|p1a: Heatran|Earth Power|p2a: Cinderace
|-supereffective|p2a: Cinderace
|-damage|p2a: Cinderace|30/100
|
|-heal|p2a: Cinderace|36/100|[from] Grassy Terrain
|upkeep
|turn|20
|
|t:|1769366204
|move|p2a: Cinderace|U-turn|p1a: Heatran
|-resisted|p1a: Heatran
|-crit|p1a: Heatran
|-damage|p1a: Heatran|94/100
|
|t:|1769366205
|switch|p2a: Clodsire|Clodsire, M|75/100|[from] U-turn
|move|p1a: Heatran|Stealth Rock|p2a: Clodsire
|-sidestart|p2: noob1877 test|move: Stealth Rock
|
|-heal|p1a: Heatran|99/100|[from] Grassy Terrain
|-heal|p1a: Heatran|100/100|[from] item: Leftovers
|-heal|p2a: Clodsire|81/100|[from] Grassy Terrain
|upkeep
|turn|21
|
|t:|1769366212
|move|p1a: Heatran|Will-O-Wisp|p2a: Clodsire
|-status|p2a: Clodsire|brn
|move|p2a: Clodsire|Earthquake|p1a: Heatran
|-supereffective|p1a: Heatran
|-damage|p1a: Heatran|72/100
|
|-heal|p1a: Heatran|78/100|[from] Grassy Terrain
|-heal|p1a: Heatran|84/100|[from] item: Leftovers
|-heal|p2a: Clodsire|87/100 brn|[from] Grassy Terrain
|-damage|p2a: Clodsire|81/100 brn|[from] brn
|upkeep
|turn|22
|
|t:|1769366217
|switch|p1a: Great Tusk|Great Tusk|100/100
|-damage|p1a: Great Tusk|97/100|[from] Stealth Rock
|-damage|p1a: Great Tusk|85/100|[from] Spikes
|-enditem|p1a: Great Tusk|Booster Energy
|-activate|p1a: Great Tusk|ability: Protosynthesis|[fromitem]
|-start|p1a: Great Tusk|protosynthesisatk
|move|p2a: Clodsire|Earthquake|p1a: Great Tusk
|-damage|p1a: Great Tusk|80/100
|
|-heal|p1a: Great Tusk|86/100|[from] Grassy Terrain
|-heal|p2a: Clodsire|87/100 brn|[from] Grassy Terrain
|-damage|p2a: Clodsire|81/100 brn|[from] brn
|-fieldend|move: Grassy Terrain
|upkeep
|turn|23
|
|t:|1769366227
|move|p1a: Great Tusk|Rapid Spin|p2a: Clodsire
|-damage|p2a: Clodsire|60/100 brn
|-boost|p1a: Great Tusk|spe|1
|-sideend|p1: poopseydoopsey|Spikes|[from] move: Rapid Spin|[of] p1a: Great Tusk
|-sideend|p1: poopseydoopsey|Stealth Rock|[from] move: Rapid Spin|[of] p1a: Great Tusk
|move|p2a: Clodsire|Toxic|p1a: Great Tusk
|-status|p1a: Great Tusk|tox
|
|-damage|p1a: Great Tusk|80/100 tox|[from] psn
|-damage|p2a: Clodsire|54/100 brn|[from] brn
|upkeep
|turn|24
|
|t:|1769366239
|-end|p1a: Great Tusk|Protosynthesis|[silent]
|switch|p1a: Heatran|Heatran, M|84/100
|switch|p2a: Cinderace|Cinderace, F|36/100
|
|-heal|p1a: Heatran|91/100|[from] item: Leftovers
|upkeep
|turn|25
|j| ebizi
|
|t:|1769366243
|move|p2a: Cinderace|Court Change|p2a: Cinderace
|-swapsideconditions
|-activate|p2a: Cinderace|move: Court Change
|move|p1a: Heatran|Earth Power|p2a: Cinderace
|-supereffective|p2a: Cinderace
|-damage|p2a: Cinderace|0 fnt
|faint|p2a: Cinderace
|
|-heal|p1a: Heatran|97/100|[from] item: Leftovers
|upkeep
|j| blackddarkness
|
|t:|1769366245
|switch|p2a: Clodsire|Clodsire, M|54/100 brn
|turn|26
|
|t:|1769366251
|switch|p1a: Great Tusk|Great Tusk|80/100 tox
|-damage|p1a: Great Tusk|77/100 tox|[from] Stealth Rock
|switch|p2a: Pecharunt|Pecharunt, tera:Dark|81/100
|
|-damage|p1a: Great Tusk|71/100 tox|[from] psn
|upkeep
|turn|27
|
|t:|1769366257
|move|p1a: Great Tusk|Rapid Spin|p2a: Pecharunt
|-damage|p2a: Pecharunt|73/100
|-boost|p1a: Great Tusk|spe|1
|-sideend|p1: poopseydoopsey|Stealth Rock|[from] move: Rapid Spin|[of] p1a: Great Tusk
|move|p2a: Pecharunt|Malignant Chain|p1a: Great Tusk
|-resisted|p1a: Great Tusk
|-damage|p1a: Great Tusk|49/100 tox
|
|-damage|p1a: Great Tusk|37/100 tox|[from] psn
|upkeep
|turn|28
|
|t:|1769366260
|-end|p1a: Great Tusk|Protosynthesis|[silent]
|switch|p1a: Heatran|Heatran, M|97/100
|move|p2a: Pecharunt|Recover|p2a: Pecharunt
|-heal|p2a: Pecharunt|100/100
|
|-heal|p1a: Heatran|100/100|[from] item: Leftovers
|upkeep
|turn|29
|
|t:|1769366263
|move|p1a: Heatran|Magma Storm|p2a: Pecharunt
|-damage|p2a: Pecharunt|51/100
|-activate|p2a: Pecharunt|move: Magma Storm|[of] p1a: Heatran
|move|p2a: Pecharunt|Parting Shot|p1a: Heatran
|-unboost|p1a: Heatran|atk|1
|-unboost|p1a: Heatran|spa|1
|
|t:|1769366265
|switch|p2a: Clodsire|Clodsire, M|54/100 brn|[from] Parting Shot
|
|-damage|p2a: Clodsire|48/100 brn|[from] brn
|upkeep
|turn|30
|
|t:|1769366270
|switch|p1a: Rillaboom|Rillaboom, F|100/100
|-fieldstart|move: Grassy Terrain|[from] ability: Grassy Surge|[of] p1a: Rillaboom
|move|p2a: Clodsire|Recover|p2a: Clodsire
|-heal|p2a: Clodsire|98/100 brn
|
|-heal|p2a: Clodsire|100/100 brn|[from] Grassy Terrain
|-damage|p2a: Clodsire|94/100 brn|[from] brn
|upkeep
|turn|31
|
|t:|1769366283
|move|p1a: Rillaboom|Wood Hammer|p2a: Clodsire
|-damage|p2a: Clodsire|0 fnt
|faint|p2a: Clodsire
|-damage|p1a: Rillaboom|58/100|[from] Recoil
|
|-heal|p1a: Rillaboom|64/100|[from] Grassy Terrain
|upkeep
|
|t:|1769366285
|switch|p2a: Pecharunt|Pecharunt, tera:Dark|51/100
|turn|32
|
|t:|1769366287
|move|p1a: Rillaboom|Wood Hammer|p2a: Pecharunt
|-damage|p2a: Pecharunt|0 fnt
|faint|p2a: Pecharunt
|-damage|p1a: Rillaboom|46/100|[from] Recoil
|
|win|poopseydoopsey
|raw|poopseydoopsey's rating: 1741 &rarr; <strong>1766</strong><br />(+25 for winning)
|raw|noob1877 test's rating: 1830 &rarr; <strong>1805</strong><br />(-25 for losing)
|l|☆noob1877 test
|player|p2|
|l|☆poopseydoopsey
|player|p1|
|l| Monkey bidniss
