|j|☆Lord_DVDP
|j|☆testthoitestthoi2
|t:|1769413172
|gametype|singles
|player|p1|Lord_DVDP|medium|1148
|player|p2|testthoitestthoi2|266|1196
|gen|9
|tier|[Gen 9] OU
|rated|
|rule|HP Percentage Mod: HP is shown in percentages
|rule|Endless Battle Clause: Forcing endless battles is banned
|rule|Species Clause: Limit one of each Pokémon
|rule|OHKO Clause: OHKO moves are banned
|rule|Evasion Items Clause: Evasion items are banned
|rule|Evasion Moves Clause: Evasion moves are banned
|rule|Evasion Abilities Clause: Evasion abilities are banned
|rule|Sleep Moves Clause: Sleep-inducing moves are banned
|clearpoke
|poke|p1|Ampharos, M|
|poke|p1|Forretress, M|
|poke|p1|Hitmontop, M|
|poke|p1|Quagsire, F|
|poke|p1|Porygon2|
|poke|p1|Houndoom, M|
|poke|p2|Iron Valiant|
|poke|p2|Excadrill, F|
|poke|p2|Tyranitar, M|
|poke|p2|Tornadus-Therian, M|
|poke|p2|Ogerpon-Cornerstone, F|
|poke|p2|Toxapex, F|
|teampreview
|inactive|Battle timer is ON: inactive players will automatically lose when time's up. (requested by Lord_DVDP)
|
|t:|1769413179
|teamsize|p1|6
|teamsize|p2|6
|start
|switch|p1a: Hitmontop|Hitmontop, M|100/100
|switch|p2a: Tyranitar|Tyranitar, M|100/100
|-weather|Sandstorm|[from] ability: Sand Stream|[of] p2a: Tyranitar
|turn|1
|
|t:|1769413188
|switch|p2a: Tornadus|Tornadus-Therian, M|100/100
|move|p1a: Hitmontop|Close Combat|p2a: Tornadus
|-resisted|p2a: Tornadus
|-damage|p2a: Tornadus|62/100
|-unboost|p1a: Hitmontop|def|1
|-unboost|p1a: Hitmontop|spd|1
|
|-weather|Sandstorm|[upkeep]
|-damage|p2a: Tornadus|56/100|[from] Sandstorm
|-damage|p1a: Hitmontop|94/100|[from] Sandstorm
|upkeep
|turn|2
|
|t:|1769413200
|switch|p1a: Porygon2|Porygon2|100/100
|-ability|p1a: Porygon2|Regenerator|Trace|[from] ability: Trace|[of] p2a: Tornadus
|move|p2a: Tornadus|Bleakwind Storm|p1a: Porygon2
|-crit|p1a: Porygon2
|-damage|p1a: Porygon2|56/100
|
|-weather|Sandstorm|[upkeep]
|-damage|p2a: Tornadus|50/100|[from] Sandstorm
|-damage|p1a: Porygon2|50/100|[from] Sandstorm
|upkeep
|turn|3
|
|t:|1769413211
|switch|p2a: Toxapex|Toxapex, F|100/100
|move|p1a: Porygon2|Thunder Wave|p2a: Toxapex
|-status|p2a: Toxapex|par
|
|-weather|Sandstorm|[upkeep]
|-damage|p1a: Porygon2|44/100|[from] Sandstorm
|-damage|p2a: Toxapex|95/100 par|[from] Sandstorm
|upkeep
|turn|4
|
|t:|1769413221
|switch|p1a: Forretress|Forretress, M|100/100
|cant|p2a: Toxapex|par
|
|-weather|Sandstorm|[upkeep]
|-damage|p2a: Toxapex|89/100 par|[from] Sandstorm
|upkeep
|turn|5
|
|t:|1769413230
|switch|p2a: Excadrill|Excadrill, F|100/100
|move|p1a: Forretress|Earthquake|p2a: Excadrill
|-supereffective|p2a: Excadrill
|-damage|p2a: Excadrill|11/100
|
|-weather|Sandstorm|[upkeep]
|-heal|p2a: Excadrill|17/100|[from] item: Leftovers
|upkeep
|turn|6
|
|t:|1769413240
|switch|p2a: Tornadus|Tornadus-Therian, M|83/100
|move|p1a: Forretress|Earthquake|p2a: Tornadus
|-immune|p2a: Tornadus
|
|-weather|Sandstorm|[upkeep]
|-damage|p2a: Tornadus|77/100|[from] Sandstorm
|upkeep
|turn|7
|
|t:|1769413248
|move|p2a: Tornadus|Heat Wave|p1a: Forretress
|-supereffective|p1a: Forretress
|-ability|p1a: Forretress|Sturdy
|-damage|p1a: Forretress|1/100
|move|p1a: Forretress|Ice Spinner|p2a: Tornadus
|-supereffective|p2a: Tornadus
|-damage|p2a: Tornadus|14/100
|
|-weather|Sandstorm|[upkeep]
|-damage|p2a: Tornadus|8/100|[from] Sandstorm
|upkeep
|turn|8
|-enditem|p1a: Forretress|Custap Berry|[eat]
|-activate|p1a: Forretress|item: Custap Berry|[consumed]
|
|t:|1769413267
|switch|p2a: Iron Valiant|Iron Valiant|100/100
|move|p1a: Forretress|Explosion|p2a: Iron Valiant
|-damage|p2a: Iron Valiant|4/100
|faint|p1a: Forretress
|
|-weather|none
|upkeep
|
|t:|1769413275
|switch|p1a: Hitmontop|Hitmontop, M|94/100
|turn|9
|
|t:|1769413280
|-end|p2a: Iron Valiant|Quark Drive|[silent]
|switch|p2a: Tyranitar|Tyranitar, M|100/100
|-weather|Sandstorm|[from] ability: Sand Stream|[of] p2a: Tyranitar
|move|p1a: Hitmontop|Mach Punch|p2a: Tyranitar
|-supereffective|p2a: Tyranitar
|-damage|p2a: Tyranitar|0 fnt
|faint|p2a: Tyranitar
|
|-weather|Sandstorm|[upkeep]
|-damage|p1a: Hitmontop|88/100|[from] Sandstorm
|upkeep
|
|t:|1769413295
|switch|p2a: Toxapex|Toxapex, F|100/100 par
|turn|10
|
|t:|1769413300
|switch|p1a: Ampharos|Ampharos, M|100/100
|cant|p2a: Toxapex|par
|
|-weather|Sandstorm|[upkeep]
|-damage|p1a: Ampharos|94/100|[from] Sandstorm
|-damage|p2a: Toxapex|95/100 par|[from] Sandstorm
|upkeep
|turn|11
|
|t:|1769413308
|-terastallize|p2a: Toxapex|Poison
|move|p1a: Ampharos|Dazzling Gleam|p2a: Toxapex
|-resisted|p2a: Toxapex
|-damage|p2a: Toxapex|85/100 par
|-enditem|p2a: Toxapex|Eject Button
|
|t:|1769413317
|switch|p2a: Excadrill|Excadrill, F|17/100
|
|-weather|Sandstorm|[upkeep]
|-damage|p1a: Ampharos|88/100|[from] Sandstorm
|-heal|p2a: Excadrill|23/100|[from] item: Leftovers
|upkeep
|turn|12
|
|t:|1769413325
|switch|p1a: Quagsire|Quagsire, F|100/100
|move|p2a: Excadrill|Earthquake|p1a: Quagsire
|-damage|p1a: Quagsire|56/100
|
|-weather|Sandstorm|[upkeep]
|-heal|p2a: Excadrill|29/100|[from] item: Leftovers
|-heal|p1a: Quagsire|62/100|[from] item: Leftovers
|upkeep
|turn|13
|
|t:|1769413335
|switch|p2a: Tornadus|Tornadus-Therian, M|41/100
|move|p1a: Quagsire|Recover|p1a: Quagsire
|-heal|p1a: Quagsire|100/100
|
|-weather|Sandstorm|[upkeep]
|-damage|p2a: Tornadus|35/100|[from] Sandstorm
|upkeep
|turn|14
|
|t:|1769413344
|switch|p1a: Porygon2|Porygon2|77/100
|-ability|p1a: Porygon2|Regenerator|Trace|[from] ability: Trace|[of] p2a: Tornadus
|move|p2a: Tornadus|Grass Knot|p1a: Porygon2
|-damage|p1a: Porygon2|64/100
|
|-weather|Sandstorm|[upkeep]
|-damage|p2a: Tornadus|29/100|[from] Sandstorm
|-damage|p1a: Porygon2|58/100|[from] Sandstorm
|upkeep
|turn|15
|
|t:|1769413354
|switch|p2a: Toxapex|Toxapex, F, tera:Poison|100/100 par
|move|p1a: Porygon2|Recover|p1a: Porygon2
|-heal|p1a: Porygon2|100/100
|
|-weather|Sandstorm|[upkeep]
|-damage|p1a: Porygon2|94/100|[from] Sandstorm
|-damage|p2a: Toxapex|95/100 par|[from] Sandstorm
|upkeep
|turn|16
|
|t:|1769413364
|-terastallize|p1a: Porygon2|Poison
|move|p1a: Porygon2|Tri Attack|p2a: Toxapex
|-damage|p2a: Toxapex|75/100 par
|move|p2a: Toxapex|Toxic Spikes|p1a: Porygon2
|-sidestart|p1: Lord_DVDP|move: Toxic Spikes
|
|-weather|none
|upkeep
|turn|17
|
|t:|1769413372
|move|p1a: Porygon2|Tri Attack|p2a: Toxapex
|-damage|p2a: Toxapex|53/100 par
|move|p2a: Toxapex|Toxic Spikes|p1a: Porygon2
|-sidestart|p1: Lord_DVDP|move: Toxic Spikes
|
|upkeep
|turn|18
|
|t:|1769413382
|move|p1a: Porygon2|Tri Attack|p2a: Toxapex
|-damage|p2a: Toxapex|33/100 par
|move|p2a: Toxapex|Recover|p2a: Toxapex
|-heal|p2a: Toxapex|83/100 par
|
|upkeep
|turn|19
|
|t:|1769413393
|move|p1a: Porygon2|Tri Attack|p2a: Toxapex
|-damage|p2a: Toxapex|64/100 par
|move|p2a: Toxapex|Toxic|p1a: Porygon2
|-immune|p1a: Porygon2
|
|upkeep
|turn|20
|
|t:|1769413400
|move|p1a: Porygon2|Tri Attack|p2a: Toxapex
|-damage|p2a: Toxapex|44/100 par
|move|p2a: Toxapex|Recover|p2a: Toxapex
|-heal|p2a: Toxapex|94/100 par
|
|upkeep
|turn|21
|
|t:|1769413411
|move|p1a: Porygon2|Shadow Ball|p2a: Toxapex
|-damage|p2a: Toxapex|81/100 par
|cant|p2a: Toxapex|par
|
|upkeep
|turn|22
|
|t:|1769413432
|switch|p2a: Iron Valiant|Iron Valiant|4/100
|move|p1a: Porygon2|Shadow Ball|p2a: Iron Valiant
|-damage|p2a: Iron Valiant|0 fnt
|faint|p2a: Iron Valiant
|-end|p2a: Iron Valiant|Quark Drive|[silent]
|
|upkeep
|
|t:|1769413446
|switch|p2a: Ogerpon|Ogerpon-Cornerstone, F|100/100
|turn|23
|
|t:|1769413450
|move|p2a: Ogerpon|Knock Off|p1a: Porygon2
|-damage|p1a: Porygon2|69/100
|-enditem|p1a: Porygon2|Eviolite|[from] move: Knock Off|[of] p2a: Ogerpon
|move|p1a: Porygon2|Thunder Wave|p2a: Ogerpon
|-status|p2a: Ogerpon|par
|
|upkeep
|turn|24
|
|t:|1769413458
|switch|p1a: Hitmontop|Hitmontop, M|88/100
|-status|p1a: Hitmontop|tox
|move|p2a: Ogerpon|Ivy Cudgel|p1a: Hitmontop|[anim] Ivy Cudgel Rock
|-resisted|p1a: Hitmontop
|-damage|p1a: Hitmontop|54/100 tox
|
|-damage|p1a: Hitmontop|48/100 tox|[from] psn
|upkeep
|turn|25
|
|t:|1769413468
|switch|p2a: Toxapex|Toxapex, F, tera:Poison|100/100 par
|move|p1a: Hitmontop|Triple Axel|p2a: Toxapex
|-damage|p2a: Toxapex|94/100 par
|-damage|p2a: Toxapex|81/100 par
|-damage|p2a: Toxapex|63/100 par
|-hitcount|p2a: Toxapex|3
|
|-damage|p1a: Hitmontop|36/100 tox|[from] psn
|upkeep
|turn|26
|
|t:|1769413479
|move|p1a: Hitmontop|Rapid Spin|p2a: Toxapex
|-damage|p2a: Toxapex|48/100 par
|-boost|p1a: Hitmontop|spe|1
|-sideend|p1: Lord_DVDP|Toxic Spikes|[from] move: Rapid Spin|[of] p1a: Hitmontop
|move|p2a: Toxapex|Recover|p2a: Toxapex
|-heal|p2a: Toxapex|98/100 par
|
|-damage|p1a: Hitmontop|17/100 tox|[from] psn
|upkeep
|turn|27
|
|t:|1769413488
|switch|p1a: Ampharos|Ampharos, M|88/100
|move|p2a: Toxapex|Toxic Spikes|p1a: Ampharos
|-sidestart|p1: Lord_DVDP|move: Toxic Spikes
|
|upkeep
|turn|28
|
|t:|1769413497
|move|p1a: Ampharos|Dragon Pulse|p2a: Toxapex
|-damage|p2a: Toxapex|80/100 par
|move|p2a: Toxapex|Toxic|p1a: Ampharos
|-status|p1a: Ampharos|tox
|
|-damage|p1a: Ampharos|82/100 tox|[from] psn
|upkeep
|turn|29
|
|t:|1769413505
|switch|p1a: Porygon2|Porygon2, tera:Poison|100/100
|-sideend|p1: Lord_DVDP|move: Toxic Spikes|[of] p1a: Porygon2
|-ability|p1a: Porygon2|Regenerator|Trace|[from] ability: Trace|[of] p2a: Toxapex
|move|p2a: Toxapex|Toxic Spikes|p1a: Porygon2
|-sidestart|p1: Lord_DVDP|move: Toxic Spikes
|
|upkeep
|turn|30
|
|t:|1769413514
|switch|p1a: Quagsire|Quagsire, F|100/100
|-status|p1a: Quagsire|psn
|move|p2a: Toxapex|Toxic Spikes|p1a: Quagsire
|-sidestart|p1: Lord_DVDP|move: Toxic Spikes
|
|-damage|p1a: Quagsire|88/100 psn|[from] psn
|upkeep
|turn|31
|
|t:|1769413523
|move|p1a: Quagsire|Earthquake|p2a: Toxapex
|-supereffective|p2a: Toxapex
|-damage|p2a: Toxapex|34/100 par
|move|p2a: Toxapex|Haze|p2a: Toxapex
|-clearallboost
|
|-heal|p1a: Quagsire|94/100 psn|[from] item: Leftovers
|-damage|p1a: Quagsire|82/100 psn|[from] psn
|upkeep
|turn|32
|
|t:|1769413533
|switch|p2a: Tornadus|Tornadus-Therian, M|62/100
|move|p1a: Quagsire|Toxic|p2a: Tornadus|[miss]
|-miss|p1a: Quagsire|p2a: Tornadus
|
|-heal|p1a: Quagsire|88/100 psn|[from] item: Leftovers
|-damage|p1a: Quagsire|75/100 psn|[from] psn
|upkeep
|turn|33
|
|t:|1769413543
|switch|p1a: Porygon2|Porygon2, tera:Poison|100/100
|-sideend|p1: Lord_DVDP|move: Toxic Spikes|[of] p1a: Porygon2
|-ability|p1a: Porygon2|Regenerator|Trace|[from] ability: Trace|[of] p2a: Tornadus
|move|p2a: Tornadus|Grass Knot|p1a: Porygon2
|-resisted|p1a: Porygon2
|-damage|p1a: Porygon2|91/100
|
|upkeep
|turn|34
|
|t:|1769413552
|switch|p2a: Toxapex|Toxapex, F, tera:Poison|68/100 par
|switch|p1a: Ampharos|Ampharos, M|82/100 tox
|
|-damage|p1a: Ampharos|76/100 tox|[from] psn
|upkeep
|turn|35
|
|t:|1769413561
|switch|p2a: Tornadus|Tornadus-Therian, M|95/100
|move|p1a: Ampharos|Volt Switch|p2a: Tornadus
|-supereffective|p2a: Tornadus
|-damage|p2a: Tornadus|12/100
|
|t:|1769413566
|switch|p1a: Houndoom|Houndoom, M|100/100|[from] Volt Switch
|
|upkeep
|turn|36
|
|t:|1769413573
|move|p2a: Tornadus|Bleakwind Storm|p1a: Houndoom
|-enditem|p1a: Houndoom|Focus Sash
|-damage|p1a: Houndoom|1/100
|move|p1a: Houndoom|Dark Pulse|p2a: Tornadus
|-damage|p2a: Tornadus|0 fnt
|faint|p2a: Tornadus
|
|upkeep
|
|t:|1769413582
|switch|p2a: Toxapex|Toxapex, F, tera:Poison|100/100 par
|turn|37
|
|t:|1769413586
|move|p1a: Houndoom|Dark Pulse|p2a: Toxapex
|-damage|p2a: Toxapex|74/100 par
|move|p2a: Toxapex|Toxic|p1a: Houndoom
|-status|p1a: Houndoom|tox
|
|-damage|p1a: Houndoom|0 fnt|[from] psn
|faint|p1a: Houndoom
|upkeep
|
|t:|1769413590
|switch|p1a: Ampharos|Ampharos, M|76/100 tox
|turn|38
|
|t:|1769413599
|move|p1a: Ampharos|Volt Switch|p2a: Toxapex
|-crit|p2a: Toxapex
|-damage|p2a: Toxapex|41/100 par
|
|t:|1769413602
|switch|p1a: Quagsire|Quagsire, F|75/100 psn|[from] Volt Switch
|move|p2a: Toxapex|Recover|p2a: Toxapex
|-heal|p2a: Toxapex|92/100 par
|
|-heal|p1a: Quagsire|81/100 psn|[from] item: Leftovers
|-damage|p1a: Quagsire|69/100 psn|[from] psn
|upkeep
|turn|39
|
|t:|1769413613
|switch|p1a: Hitmontop|Hitmontop, M|17/100 tox
|move|p2a: Toxapex|Recover|p2a: Toxapex
|-heal|p2a: Toxapex|100/100 par
|
|-damage|p1a: Hitmontop|11/100 tox|[from] psn
|upkeep
|turn|40
|
|t:|1769413624
|move|p1a: Hitmontop|Close Combat|p2a: Toxapex
|-resisted|p2a: Toxapex
|-damage|p2a: Toxapex|81/100 par
|-unboost|p1a: Hitmontop|def|1
|-unboost|p1a: Hitmontop|spd|1
|move|p2a: Toxapex|Haze|p2a: Toxapex
|-clearallboost
|
|-damage|p1a: Hitmontop|0 fnt|[from] psn
|faint|p1a: Hitmontop
|upkeep
|
|t:|1769413629
|switch|p1a: Quagsire|Quagsire, F|69/100 psn
|turn|41
|
|t:|1769413646
|move|p1a: Quagsire|Earthquake|p2a: Toxapex
|-supereffective|p2a: Toxapex
|-damage|p2a: Toxapex|40/100 par
|move|p2a: Toxapex|Recover|p2a: Toxapex
|-heal|p2a: Toxapex|90/100 par
|
|-heal|p1a: Quagsire|75/100 psn|[from] item: Leftovers
|-damage|p1a: Quagsire|63/100 psn|[from] psn
|upkeep
|turn|42
|
|t:|1769413656
|move|p1a: Quagsire|Recover|p1a: Quagsire
|-heal|p1a: Quagsire|100/100 psn
|move|p2a: Toxapex|Recover|p2a: Toxapex
|-heal|p2a: Toxapex|100/100 par
|
|-damage|p1a: Quagsire|88/100 psn|[from] psn
|upkeep
|turn|43
|
|t:|1769413664
|move|p1a: Quagsire|Earthquake|p2a: Toxapex
|-supereffective|p2a: Toxapex
|-damage|p2a: Toxapex|55/100 par
|move|p2a: Toxapex|Recover|p2a: Toxapex
|-heal|p2a: Toxapex|100/100 par
|
|-heal|p1a: Quagsire|94/100 psn|[from] item: Leftovers
|-damage|p1a: Quagsire|82/100 psn|[from] psn
|upkeep
|turn|44
|
|t:|1769413677
|move|p1a: Quagsire|Earthquake|p2a: Toxapex
|-supereffective|p2a: Toxapex
|-damage|p2a: Toxapex|58/100 par
|cant|p2a: Toxapex|par
|
|-heal|p1a: Quagsire|88/100 psn|[from] item: Leftovers
|-damage|p1a: Quagsire|75/100 psn|[from] psn
|upkeep
|turn|45
|
|t:|1769413685
|move|p1a: Quagsire|Earthquake|p2a: Toxapex
|-supereffective|p2a: Toxapex
|-damage|p2a: Toxapex|14/100 par
|move|p2a: Toxapex|Toxic||[still]
|-fail|p2a: Toxapex
|
|-heal|p1a: Quagsire|81/100 psn|[from] item: Leftovers
|-damage|p1a: Quagsire|69/100 psn|[from] psn
|upkeep
|turn|46
|
|t:|1769413695
|move|p1a: Quagsire|Recover|p1a: Quagsire
|-heal|p1a: Quagsire|100/100 psn
|move|p2a: Toxapex|Haze|p2a: Toxapex
|-clearallboost
|
|-damage|p1a: Quagsire|88/100 psn|[from] psn
|upkeep
|turn|47
|
|t:|1769413703
|move|p1a: Quagsire|Earthquake|p2a: Toxapex
|-supereffective|p2a: Toxapex
|-damage|p2a: Toxapex|0 fnt
|faint|p2a: Toxapex
|
|-heal|p1a: Quagsire|94/100 psn|[from] item: Leftovers
|-damage|p1a: Quagsire|82/100 psn|[from] psn
|upkeep
|
|t:|1769413711
|switch|p2a: Ogerpon|Ogerpon-Cornerstone, F|100/100 par
|turn|48
|
|t:|1769413716
|switch|p1a: Porygon2|Porygon2, tera:Poison|100/100
|-ability|p1a: Porygon2|Sturdy|Trace|[from] ability: Trace|[of] p2a: Ogerpon
|cant|p2a: Ogerpon|par
|
|upkeep
|turn|49
|
|t:|1769413723
|move|p2a: Ogerpon|Ivy Cudgel|p1a: Porygon2|[anim] Ivy Cudgel Rock
|-damage|p1a: Porygon2|46/100
|move|p1a: Porygon2|Tri Attack|p2a: Ogerpon
|-resisted|p2a: Ogerpon
|-damage|p2a: Ogerpon|85/100 par
|
|upkeep
|turn|50
|
|t:|1769413731
|move|p2a: Ogerpon|Ivy Cudgel|p1a: Porygon2|[anim] Ivy Cudgel Rock
|-damage|p1a: Porygon2|0 fnt
|faint|p1a: Porygon2
|
|upkeep
|
|t:|1769413734
|switch|p1a: Ampharos|Ampharos, M|76/100 tox
|turn|51
|
|t:|1769413739
|move|p1a: Ampharos|Dragon Pulse|p2a: Ogerpon
|-damage|p2a: Ogerpon|54/100 par
|move|p2a: Ogerpon|Ivy Cudgel|p1a: Ampharos|[anim] Ivy Cudgel Rock
|-crit|p1a: Ampharos
|-damage|p1a: Ampharos|0 fnt
|faint|p1a: Ampharos
|
|upkeep
|
|t:|1769413741
|switch|p1a: Quagsire|Quagsire, F|82/100 psn
|turn|52
|
|t:|1769413749
|cant|p2a: Ogerpon|par
|move|p1a: Quagsire|Earthquake|p2a: Ogerpon
|-damage|p2a: Ogerpon|15/100 par
|
|-heal|p1a: Quagsire|88/100 psn|[from] item: Leftovers
|-damage|p1a: Quagsire|75/100 psn|[from] psn
|upkeep
|turn|53
|
|t:|1769413757
|move|p2a: Ogerpon|Power Whip|p1a: Quagsire
|-supereffective|p1a: Quagsire
|-crit|p1a: Quagsire
|-damage|p1a: Quagsire|0 fnt
|faint|p1a: Quagsire
|
|win|testthoitestthoi2
|raw|Lord_DVDP's rating: 1148 &rarr; <strong>1126</strong><br />(-22 for losing)
|raw|testthoitestthoi2's rating: 1196 &rarr; <strong>1218</strong><br />(+22 for winning)
|l|☆Lord_DVDP
|player|p1|
|l|☆testthoitestthoi2
|player|p2|
