|j|☆sukkyta123
|j|☆levi6969
|t:|1769362377
|gametype|singles
|player|p1|sukkyta123|clerkf|1100
|player|p2|levi6969|1|1117
|gen|9
|tier|[Gen 9] OU
|rated|
|rule|HP Percentage Mod: HP is shown in percentages
|rule|Endless Battle Clause: Forcing endless battles is banned
|rule|Species Clause: Limit one of each Pokémon
|rule|OHKO Clause: OHKO moves are banned
|rule|Evasion Items Clause: Evasion items are banned
|rule|Evasion Moves Clause: Evasion moves are banned
|rule|Evasion Abilities Clause: Evasion abilities are banned
|rule|Sleep Moves Clause: Sleep-inducing moves are banned
|clearpoke
|poke|p1|Flamigo, M|
|poke|p1|Morpeko, M|
|poke|p1|Dusclops, M|
|poke|p1|Infernape, M|
|poke|p1|Metagross|
|poke|p1|Kleavor, M|
|poke|p2|Hitmonchan, M|
|poke|p2|Orthworm, M|
|poke|p2|Porygon2|
|poke|p2|Ursaluna, F|
|poke|p2|Hatterene, F|
|poke|p2|Tentacruel, F|
|teampreview
|
|t:|1769362397
|teamsize|p1|6
|teamsize|p2|6
|start
|switch|p1a: Cifilisclope|Dusclops, M|100/100
|switch|p2a: Ursaluna|Ursaluna, F, shiny|100/100
|-item|p2a: Ursaluna|Leftovers|[from] ability: Frisk|[of] p1a: Cifilisclope
|turn|1
|inactive|Battle timer is ON: inactive players will automatically lose when time's up. (requested by levi6969)
|
|t:|1769362408
|move|p2a: Ursaluna|Earthquake|p1a: Cifilisclope
|-damage|p1a: Cifilisclope|71/100
|move|p1a: Cifilisclope|Will-O-Wisp|p2a: Ursaluna
|-status|p2a: Ursaluna|brn
|
|-damage|p2a: Ursaluna|94/100 brn|[from] brn
|upkeep
|turn|2
|
|t:|1769362424
|move|p2a: Ursaluna|Earthquake|p1a: Cifilisclope
|-damage|p1a: Cifilisclope|21/100
|move|p1a: Cifilisclope|Pain Split|p2a: Ursaluna
|-sethp|p2a: Ursaluna|54/100 brn|[from] move: Pain Split|[silent]
|-sethp|p1a: Cifilisclope|87/100|[from] move: Pain Split
|
|-heal|p2a: Ursaluna|60/100 brn|[from] item: Leftovers
|-damage|p2a: Ursaluna|54/100 brn|[from] brn
|upkeep
|turn|3
|
|t:|1769362437
|move|p2a: Ursaluna|Bulk Up|p2a: Ursaluna
|-boost|p2a: Ursaluna|atk|1
|-boost|p2a: Ursaluna|def|1
|move|p1a: Cifilisclope|Night Shade|p2a: Ursaluna
|-immune|p2a: Ursaluna
|
|-heal|p2a: Ursaluna|60/100 brn|[from] item: Leftovers
|-damage|p2a: Ursaluna|54/100 brn|[from] brn
|upkeep
|turn|4
|
|t:|1769362447
|move|p2a: Ursaluna|Earthquake|p1a: Cifilisclope
|-damage|p1a: Cifilisclope|23/100
|move|p1a: Cifilisclope|Pain Split|p2a: Ursaluna
|-sethp|p2a: Ursaluna|34/100 brn|[from] move: Pain Split|[silent]
|-sethp|p1a: Cifilisclope|55/100|[from] move: Pain Split
|
|-heal|p2a: Ursaluna|40/100 brn|[from] item: Leftovers
|-damage|p2a: Ursaluna|34/100 brn|[from] brn
|upkeep
|turn|5
|
|t:|1769362460
|move|p2a: Ursaluna|Earthquake|p1a: Cifilisclope
|-damage|p1a: Cifilisclope|0 fnt
|faint|p1a: Cifilisclope
|
|-heal|p2a: Ursaluna|40/100 brn|[from] item: Leftovers
|-damage|p2a: Ursaluna|34/100 brn|[from] brn
|upkeep
|
|t:|1769362472
|switch|p1a: Flamengo|Flamigo, M|100/100
|turn|6
|
|t:|1769362479
|-terastallize|p2a: Ursaluna|Poison
|move|p1a: Flamengo|Liquidation|p2a: Ursaluna
|-damage|p2a: Ursaluna|15/100 brn
|move|p2a: Ursaluna|Body Slam|p1a: Flamengo
|-damage|p1a: Flamengo|0 fnt
|faint|p1a: Flamengo
|
|-heal|p2a: Ursaluna|21/100 brn|[from] item: Leftovers
|-damage|p2a: Ursaluna|15/100 brn|[from] brn
|upkeep
|inactive|sukkyta123 has 120 seconds left.
|
|t:|1769362501
|switch|p1a: Gigabash|Metagross|100/100
|turn|7
|
|t:|1769362509
|move|p1a: Gigabash|Knock Off|p2a: Ursaluna
|-damage|p2a: Ursaluna|0 fnt
|-enditem|p2a: Ursaluna|Leftovers|[from] move: Knock Off|[of] p1a: Gigabash
|faint|p2a: Ursaluna
|
|upkeep
|
|t:|1769362523
|switch|p2a: Porygon2|Porygon2|100/100
|-ability|p2a: Porygon2|Download|boost
|-boost|p2a: Porygon2|spa|1
|turn|8
|
|t:|1769362531
|move|p1a: Gigabash|Heavy Slam|p2a: Porygon2
|-damage|p2a: Porygon2|58/100
|move|p2a: Porygon2|Trick Room|p2a: Porygon2
|-fieldstart|move: Trick Room|[of] p2a: Porygon2
|
|upkeep
|turn|9
|
|t:|1769362538
|move|p2a: Porygon2|Shadow Ball|p1a: Gigabash
|-supereffective|p1a: Gigabash
|-damage|p1a: Gigabash|0 fnt
|faint|p1a: Gigabash
|
|upkeep
|
|t:|1769362545
|switch|p1a: Macacoooo|Infernape, M|100/100
|turn|10
|
|t:|1769362553
|move|p2a: Porygon2|Tri Attack|p1a: Macacoooo
|-damage|p1a: Macacoooo|15/100
|move|p1a: Macacoooo|Close Combat|p2a: Porygon2
|-supereffective|p2a: Porygon2
|-damage|p2a: Porygon2|0 fnt
|-unboost|p1a: Macacoooo|def|1
|-unboost|p1a: Macacoooo|spd|1
|faint|p2a: Porygon2
|
|upkeep
|
|t:|1769362565
|switch|p2a: Hitmonchan|Hitmonchan, M|100/100
|turn|11
|
|t:|1769362573
|switch|p1a: Norbit|Kleavor, M|100/100
|move|p2a: Hitmonchan|Drain Punch|p1a: Norbit
|-damage|p1a: Norbit|43/100
|
|upkeep
|turn|12
|
|t:|1769362582
|move|p2a: Hitmonchan|Drain Punch|p1a: Norbit
|-damage|p1a: Norbit|0 fnt
|faint|p1a: Norbit
|
|-fieldend|move: Trick Room
|upkeep
|
|t:|1769362592
|switch|p1a: Henrique|Morpeko, M|100/100
|turn|13
|
|t:|1769362597
|move|p1a: Henrique|Fake Out|p2a: Hitmonchan
|-damage|p2a: Hitmonchan|81/100
|cant|p2a: Hitmonchan|flinch
|
|-formechange|p1a: Henrique|Morpeko-Hangry||[from] ability: Hunger Switch
|upkeep
|turn|14
|
|t:|1769362608
|move|p1a: Henrique|Parting Shot|p2a: Hitmonchan
|-unboost|p2a: Hitmonchan|atk|1
|-unboost|p2a: Hitmonchan|spa|1
|
|t:|1769362611
|switch|p1a: Macacoooo|Infernape, M|15/100|[from] Parting Shot
|move|p2a: Hitmonchan|Drain Punch|p1a: Macacoooo
|-damage|p1a: Macacoooo|0 fnt
|-heal|p2a: Hitmonchan|91/100|[from] drain|[of] p1a: Macacoooo
|faint|p1a: Macacoooo
|
|upkeep
|
|t:|1769362621
|switch|p1a: Henrique|Morpeko, M|100/100
|turn|15
|
|t:|1769362630
|switch|p2a: Hatterene|Hatterene, F, shiny|100/100
|move|p1a: Henrique|Fake Out|p2a: Hatterene
|-damage|p2a: Hatterene|90/100
|
|-formechange|p1a: Henrique|Morpeko-Hangry||[from] ability: Hunger Switch
|upkeep
|turn|16
|
|t:|1769362639
|move|p1a: Henrique|Thunder Wave|p2a: Hatterene
|move|p2a: Hatterene|Thunder Wave|p1a: Henrique|[from] ability: Magic Bounce|[miss]
|-miss|p2a: Hatterene|p1a: Henrique
|move|p2a: Hatterene|Draining Kiss|p1a: Henrique
|-supereffective|p1a: Henrique
|-damage|p1a: Henrique|7/100
|-heal|p2a: Hatterene|100/100|[from] drain|[of] p1a: Henrique
|-damage|p2a: Hatterene|84/100|[from] item: Rocky Helmet|[of] p1a: Henrique
|
|-formechange|p1a: Henrique|Morpeko||[from] ability: Hunger Switch
|upkeep
|turn|17
|
|t:|1769362652
|move|p1a: Henrique|Knock Off|p2a: Hatterene
|-damage|p2a: Hatterene|47/100
|-enditem|p2a: Hatterene|Covert Cloak|[from] move: Knock Off|[of] p1a: Henrique
|move|p2a: Hatterene|Draining Kiss|p1a: Henrique
|-supereffective|p1a: Henrique
|-damage|p1a: Henrique|0 fnt
|-heal|p2a: Hatterene|51/100|[from] drain|[of] p1a: Henrique
|-damage|p2a: Hatterene|34/100|[from] item: Rocky Helmet|[of] p1a: Henrique
|faint|p1a: Henrique
|
|win|levi6969
|raw|sukkyta123's rating: 1100 &rarr; <strong>1076</strong><br />(-24 for losing)
|raw|levi6969's rating: 1117 &rarr; <strong>1141</strong><br />(+24 for winning)
|l|☆levi6969
|player|p2|
|l|☆sukkyta123
|player|p1|
