|j|☆WAAHAAHEE
|j|☆davlard
|t:|1769312653
|gametype|singles
|player|p1|WAAHAAHEE|iono|1220
|player|p2|davlard|hilbert|1241
|gen|9
|tier|[Gen 9] OU
|rated|
|rule|HP Percentage Mod: HP is shown in percentages
|rule|Endless Battle Clause: Forcing endless battles is banned
|rule|Species Clause: Limit one of each Pokémon
|rule|OHKO Clause: OHKO moves are banned
|rule|Evasion Items Clause: Evasion items are banned
|rule|Evasion Moves Clause: Evasion moves are banned
|rule|Evasion Abilities Clause: Evasion abilities are banned
|rule|Sleep Moves Clause: Sleep-inducing moves are banned
|clearpoke
|poke|p1|Scyther, F|
|poke|p1|Dachsbun, F|
|poke|p1|Skeledirge, F|
|poke|p1|Iron Treads|
|poke|p1|Ogerpon-Wellspring, F|
|poke|p1|Slowking-Galar, M|
|poke|p2|Comfey, F|
|poke|p2|Tinkaton, F|
|poke|p2|Great Tusk|
|poke|p2|Rotom-Wash|
|poke|p2|Hydreigon, M|
|poke|p2|Rillaboom, M|
|teampreview
|
|t:|1769312662
|teamsize|p1|6
|teamsize|p2|6
|start
|switch|p1a: Iron Treads|Iron Treads|100/100
|switch|p2a: Rotom|Rotom-Wash|100/100
|-enditem|p1a: Iron Treads|Booster Energy
|-activate|p1a: Iron Treads|ability: Quark Drive|[fromitem]
|-start|p1a: Iron Treads|quarkdriveatk
|turn|1
|
|t:|1769312668
|move|p1a: Iron Treads|Stealth Rock|p2a: Rotom
|-sidestart|p2: davlard|move: Stealth Rock
|move|p2a: Rotom|Hydro Pump|p1a: Iron Treads|[miss]
|-miss|p2a: Rotom|p1a: Iron Treads
|
|upkeep
|turn|2
|inactive|Battle timer is ON: inactive players will automatically lose when time's up. (requested by WAAHAAHEE)
|
|t:|1769312673
|-end|p1a: Iron Treads|Quark Drive|[silent]
|switch|p1a: Ogerpon|Ogerpon-Wellspring, F|100/100
|move|p2a: Rotom|Hydro Pump|p1a: Ogerpon
|-immune|p1a: Ogerpon|[from] ability: Water Absorb
|
|upkeep
|turn|3
|
|t:|1769312680
|switch|p1a: Iron Treads|Iron Treads|100/100
|move|p2a: Rotom|Will-O-Wisp|p1a: Iron Treads
|-status|p1a: Iron Treads|brn
|
|-damage|p1a: Iron Treads|94/100 brn|[from] brn
|upkeep
|turn|4
|
|t:|1769312689
|-end|p1a: Iron Treads|Quark Drive|[silent]
|switch|p1a: Ogerpon|Ogerpon-Wellspring, F|100/100
|move|p2a: Rotom|Hydro Pump|p1a: Ogerpon
|-immune|p1a: Ogerpon|[from] ability: Water Absorb
|
|upkeep
|turn|5
|
|t:|1769312702
|move|p1a: Ogerpon|Horn Leech|p2a: Rotom
|-supereffective|p2a: Rotom
|-damage|p2a: Rotom|24/100
|move|p2a: Rotom|Hydro Pump|p1a: Ogerpon
|-immune|p1a: Ogerpon|[from] ability: Water Absorb
|
|-heal|p2a: Rotom|30/100|[from] item: Leftovers
|upkeep
|turn|6
|
|t:|1769312710
|move|p1a: Ogerpon|Horn Leech|p2a: Rotom
|-supereffective|p2a: Rotom
|-damage|p2a: Rotom|0 fnt
|faint|p2a: Rotom
|
|upkeep
|
|t:|1769312721
|switch|p2a: Rillaboom|Rillaboom, M|100/100
|-damage|p2a: Rillaboom|88/100|[from] Stealth Rock
|-fieldstart|move: Grassy Terrain|[from] ability: Grassy Surge|[of] p2a: Rillaboom
|turn|7
|
|t:|1769312731
|switch|p1a: Skeledirge|Skeledirge, F|100/100
|move|p2a: Rillaboom|Knock Off|p1a: Skeledirge
|-supereffective|p1a: Skeledirge
|-damage|p1a: Skeledirge|39/100
|-enditem|p1a: Skeledirge|Throat Spray|[from] move: Knock Off|[of] p2a: Rillaboom
|
|-heal|p2a: Rillaboom|94/100|[from] Grassy Terrain
|-heal|p1a: Skeledirge|45/100|[from] Grassy Terrain
|upkeep
|turn|8
|
|t:|1769312749
|switch|p2a: Hydreigon|Hydreigon, M|100/100
|-damage|p2a: Hydreigon|88/100|[from] Stealth Rock
|move|p1a: Skeledirge|Slack Off|p1a: Skeledirge
|-heal|p1a: Skeledirge|95/100
|
|-heal|p1a: Skeledirge|100/100|[from] Grassy Terrain
|upkeep
|turn|9
|
|t:|1769312757
|switch|p1a: Dachsbun|Dachsbun, F|100/100
|move|p2a: Hydreigon|Dark Pulse|p1a: Dachsbun
|-resisted|p1a: Dachsbun
|-damage|p1a: Dachsbun|63/100
|
|-heal|p1a: Dachsbun|69/100|[from] Grassy Terrain
|-heal|p1a: Dachsbun|75/100|[from] item: Leftovers
|upkeep
|turn|10
|
|t:|1769312766
|switch|p2a: Tinkaton|Tinkaton, F, shiny|100/100
|-damage|p2a: Tinkaton|94/100|[from] Stealth Rock
|-item|p2a: Tinkaton|Air Balloon
|move|p1a: Dachsbun|Protect||[still]
|-fail|p1a: Dachsbun
|
|-heal|p1a: Dachsbun|81/100|[from] Grassy Terrain
|-heal|p1a: Dachsbun|87/100|[from] item: Leftovers
|upkeep
|turn|11
|
|t:|1769312775
|move|p1a: Dachsbun|Protect|p1a: Dachsbun
|-singleturn|p1a: Dachsbun|Protect
|move|p2a: Tinkaton|Stealth Rock|p1a: Dachsbun
|-sidestart|p1: WAAHAAHEE|move: Stealth Rock
|
|-heal|p1a: Dachsbun|93/100|[from] Grassy Terrain
|-heal|p1a: Dachsbun|99/100|[from] item: Leftovers
|upkeep
|turn|12
|
|t:|1769312781
|move|p2a: Tinkaton|Gigaton Hammer|p1a: Dachsbun
|-supereffective|p1a: Dachsbun
|-damage|p1a: Dachsbun|25/100
|move|p1a: Dachsbun|Body Press|p2a: Tinkaton
|-damage|p2a: Tinkaton|59/100
|-enditem|p2a: Tinkaton|Air Balloon
|-enditem|p1a: Dachsbun|Leftovers|[silent]|[from] ability: Pickpocket|[of] p1a: Dachsbun
|-item|p2a: Tinkaton|Leftovers|[from] ability: Pickpocket|[of] p1a: Dachsbun
|
|-heal|p2a: Tinkaton|65/100|[from] Grassy Terrain
|-heal|p2a: Tinkaton|71/100|[from] item: Leftovers
|-heal|p1a: Dachsbun|31/100|[from] Grassy Terrain
|upkeep
|turn|13
|
|t:|1769312793
|move|p1a: Dachsbun|Protect|p1a: Dachsbun
|-singleturn|p1a: Dachsbun|Protect
|move|p2a: Tinkaton|Ice Hammer|p1a: Dachsbun
|-activate|p1a: Dachsbun|move: Protect
|
|-heal|p2a: Tinkaton|77/100|[from] Grassy Terrain
|-heal|p2a: Tinkaton|83/100|[from] item: Leftovers
|-heal|p1a: Dachsbun|37/100|[from] Grassy Terrain
|upkeep
|turn|14
|
|t:|1769312801
|switch|p1a: Iron Treads|Iron Treads|94/100 brn
|-damage|p1a: Iron Treads|91/100 brn|[from] Stealth Rock
|move|p2a: Tinkaton|Gigaton Hammer|p1a: Iron Treads
|-resisted|p1a: Iron Treads
|-damage|p1a: Iron Treads|63/100 brn
|
|-heal|p2a: Tinkaton|90/100|[from] Grassy Terrain
|-heal|p2a: Tinkaton|96/100|[from] item: Leftovers
|-heal|p1a: Iron Treads|69/100 brn|[from] Grassy Terrain
|-damage|p1a: Iron Treads|63/100 brn|[from] brn
|-fieldend|move: Grassy Terrain
|upkeep
|turn|15
|
|t:|1769312813
|move|p2a: Tinkaton|Ice Hammer|p1a: Iron Treads
|-damage|p1a: Iron Treads|40/100 brn
|-unboost|p2a: Tinkaton|spe|1
|move|p1a: Iron Treads|Rapid Spin|p2a: Tinkaton
|-resisted|p2a: Tinkaton
|-damage|p2a: Tinkaton|90/100
|-boost|p1a: Iron Treads|spe|1
|-sideend|p1: WAAHAAHEE|Stealth Rock|[from] move: Rapid Spin|[of] p1a: Iron Treads
|
|-heal|p2a: Tinkaton|96/100|[from] item: Leftovers
|-damage|p1a: Iron Treads|34/100 brn|[from] brn
|upkeep
|turn|16
|
|t:|1769312828
|-end|p1a: Iron Treads|Quark Drive|[silent]
|switch|p1a: Skeledirge|Skeledirge, F|100/100
|switch|p2a: Great Tusk|Great Tusk|100/100
|
|upkeep
|turn|17
|
|t:|1769312837
|-terastallize|p1a: Skeledirge|Grass
|move|p2a: Great Tusk|Headlong Rush|p1a: Skeledirge
|-resisted|p1a: Skeledirge
|-damage|p1a: Skeledirge|72/100
|-unboost|p2a: Great Tusk|def|1
|-unboost|p2a: Great Tusk|spd|1
|move|p1a: Skeledirge|Torch Song|p2a: Great Tusk
|-crit|p2a: Great Tusk
|-damage|p2a: Great Tusk|32/100
|-boost|p1a: Skeledirge|spa|1
|
|upkeep
|turn|18
|
|t:|1769312849
|move|p2a: Great Tusk|Close Combat|p1a: Skeledirge
|-damage|p1a: Skeledirge|18/100
|-unboost|p2a: Great Tusk|def|1
|-unboost|p2a: Great Tusk|spd|1
|move|p1a: Skeledirge|Torch Song|p2a: Great Tusk
|-damage|p2a: Great Tusk|0 fnt
|-boost|p1a: Skeledirge|spa|1
|faint|p2a: Great Tusk
|-end|p2a: Great Tusk|Protosynthesis|[silent]
|
|upkeep
|
|t:|1769312860
|switch|p2a: Comfey|Comfey, F, shiny|100/100
|-damage|p2a: Comfey|88/100|[from] Stealth Rock
|turn|19
|
|t:|1769312863
|move|p2a: Comfey|Draining Kiss|p1a: Skeledirge
|-damage|p1a: Skeledirge|4/100
|-heal|p2a: Comfey|100/100|[from] drain|[of] p1a: Skeledirge
|move|p1a: Skeledirge|Slack Off|p1a: Skeledirge
|-heal|p1a: Skeledirge|54/100
|
|upkeep
|turn|20
|
|t:|1769312878
|switch|p2a: Hydreigon|Hydreigon, M|88/100
|-damage|p2a: Hydreigon|76/100|[from] Stealth Rock
|move|p1a: Skeledirge|Slack Off|p1a: Skeledirge
|-heal|p1a: Skeledirge|100/100
|
|upkeep
|turn|21
|
|t:|1769312886
|move|p2a: Hydreigon|Draco Meteor|p1a: Skeledirge
|-damage|p1a: Skeledirge|25/100
|-unboost|p2a: Hydreigon|spa|2
|move|p1a: Skeledirge|Alluring Voice|p2a: Hydreigon
|-supereffective|p2a: Hydreigon
|-damage|p2a: Hydreigon|0 fnt
|faint|p2a: Hydreigon
|
|upkeep
|
|t:|1769312895
|switch|p2a: Tinkaton|Tinkaton, F, shiny|96/100
|-damage|p2a: Tinkaton|90/100|[from] Stealth Rock
|turn|22
|
|t:|1769312906
|switch|p1a: Iron Treads|Iron Treads|34/100 brn
|move|p2a: Tinkaton|Gigaton Hammer|p1a: Iron Treads
|-resisted|p1a: Iron Treads
|-damage|p1a: Iron Treads|9/100 brn
|
|-heal|p2a: Tinkaton|96/100|[from] item: Leftovers
|-damage|p1a: Iron Treads|2/100 brn|[from] brn
|upkeep
|turn|23
|
|t:|1769312915
|-end|p1a: Iron Treads|Quark Drive|[silent]
|switch|p1a: Scyther|Scyther, F|100/100
|move|p2a: Tinkaton|Stealth Rock|p1a: Scyther
|-sidestart|p1: WAAHAAHEE|move: Stealth Rock
|
|-heal|p2a: Tinkaton|100/100|[from] item: Leftovers
|upkeep
|turn|24
|
|t:|1769312922
|move|p1a: Scyther|Swords Dance|p1a: Scyther
|-boost|p1a: Scyther|atk|2
|move|p2a: Tinkaton|Gigaton Hammer|p1a: Scyther
|-crit|p1a: Scyther
|-damage|p1a: Scyther|21/100
|
|upkeep
|turn|25
|
|t:|1769312930
|move|p1a: Scyther|Close Combat|p2a: Tinkaton
|-damage|p2a: Tinkaton|2/100
|-unboost|p1a: Scyther|def|1
|-unboost|p1a: Scyther|spd|1
|move|p2a: Tinkaton|Ice Hammer|p1a: Scyther
|-supereffective|p1a: Scyther
|-damage|p1a: Scyther|0 fnt
|-unboost|p2a: Tinkaton|spe|1
|faint|p1a: Scyther
|
|-heal|p2a: Tinkaton|8/100|[from] item: Leftovers
|upkeep
|
|t:|1769312935
|switch|p1a: Ogerpon|Ogerpon-Wellspring, F|100/100
|-damage|p1a: Ogerpon|88/100|[from] Stealth Rock
|turn|26
|
|t:|1769312943
|move|p1a: Ogerpon|Horn Leech|p2a: Tinkaton
|-resisted|p2a: Tinkaton
|-damage|p2a: Tinkaton|0 fnt
|-heal|p1a: Ogerpon|92/100|[from] drain|[of] p2a: Tinkaton
|faint|p2a: Tinkaton
|
|upkeep
|
|t:|1769312948
|switch|p2a: Rillaboom|Rillaboom, M|94/100
|-damage|p2a: Rillaboom|82/100|[from] Stealth Rock
|-fieldstart|move: Grassy Terrain|[from] ability: Grassy Surge|[of] p2a: Rillaboom
|turn|27
|
|t:|1769312954
|switch|p1a: Iron Treads|Iron Treads|2/100 brn
|-damage|p1a: Iron Treads|0 fnt|[from] Stealth Rock
|faint|p1a: Iron Treads
|-end|p1a: Iron Treads|Quark Drive|[silent]
|move|p2a: Rillaboom|U-turn|p1: Iron Treads|[notarget]
|-fail|p2a: Rillaboom
|
|-heal|p2a: Rillaboom|88/100|[from] Grassy Terrain
|upkeep
|
|t:|1769312959
|switch|p1a: Skeledirge|Skeledirge, F, tera:Grass|25/100
|-damage|p1a: Skeledirge|13/100|[from] Stealth Rock
|turn|28
|
|t:|1769312967
|move|p2a: Rillaboom|Grassy Glide|p1a: Skeledirge
|-resisted|p1a: Skeledirge
|-damage|p1a: Skeledirge|0 fnt
|faint|p1a: Skeledirge
|
|-heal|p2a: Rillaboom|94/100|[from] Grassy Terrain
|upkeep
|
|t:|1769312970
|switch|p1a: Dachsbun|Dachsbun, F|37/100
|-damage|p1a: Dachsbun|25/100|[from] Stealth Rock
|turn|29
|
|t:|1769312976
|move|p2a: Rillaboom|Grassy Glide|p1a: Dachsbun
|-damage|p1a: Dachsbun|0 fnt
|faint|p1a: Dachsbun
|
|-heal|p2a: Rillaboom|99/100|[from] Grassy Terrain
|upkeep
|
|t:|1769312979
|switch|p1a: Ogerpon|Ogerpon-Wellspring, F|92/100
|-damage|p1a: Ogerpon|80/100|[from] Stealth Rock
|turn|30
|
|t:|1769312985
|move|p2a: Rillaboom|Grassy Glide|p1a: Ogerpon
|-damage|p1a: Ogerpon|23/100
|move|p1a: Ogerpon|Play Rough|p2a: Rillaboom
|-damage|p2a: Rillaboom|67/100
|-unboost|p2a: Rillaboom|atk|1
|
|-heal|p1a: Ogerpon|29/100|[from] Grassy Terrain
|-heal|p2a: Rillaboom|73/100|[from] Grassy Terrain
|upkeep
|turn|31
|
|t:|1769312995
|switch|p1a: Slowking|Slowking-Galar, M|100/100
|-damage|p1a: Slowking|88/100|[from] Stealth Rock
|move|p2a: Rillaboom|Grassy Glide|p1a: Slowking
|-resisted|p1a: Slowking
|-damage|p1a: Slowking|73/100
|
|-heal|p2a: Rillaboom|79/100|[from] Grassy Terrain
|-heal|p1a: Slowking|79/100|[from] Grassy Terrain
|-heal|p1a: Slowking|86/100|[from] item: Leftovers
|upkeep
|turn|32
|
|t:|1769313004
|move|p2a: Rillaboom|Knock Off|p1a: Slowking
|-supereffective|p1a: Slowking
|-damage|p1a: Slowking|34/100
|-enditem|p1a: Slowking|Leftovers|[from] move: Knock Off|[of] p2a: Rillaboom
|move|p1a: Slowking|Future Sight|p2a: Rillaboom
|-start|p1a: Slowking|move: Future Sight
|
|-heal|p2a: Rillaboom|85/100|[from] Grassy Terrain
|-heal|p1a: Slowking|40/100|[from] Grassy Terrain
|upkeep
|turn|33
|
|t:|1769313013
|move|p2a: Rillaboom|Knock Off|p1a: Slowking
|-supereffective|p1a: Slowking
|-damage|p1a: Slowking|5/100
|move|p1a: Slowking|Slack Off|p1a: Slowking
|-heal|p1a: Slowking|55/100
|
|-heal|p2a: Rillaboom|91/100|[from] Grassy Terrain
|-heal|p1a: Slowking|61/100|[from] Grassy Terrain
|upkeep
|turn|34
|
|t:|1769313021
|move|p2a: Rillaboom|Knock Off|p1a: Slowking
|-supereffective|p1a: Slowking
|-damage|p1a: Slowking|24/100
|move|p1a: Slowking|Slack Off|p1a: Slowking
|-heal|p1a: Slowking|74/100
|
|-end|p2a: Rillaboom|move: Future Sight
|-damage|p2a: Rillaboom|39/100
|-heal|p2a: Rillaboom|45/100|[from] Grassy Terrain
|-heal|p1a: Slowking|80/100|[from] Grassy Terrain
|-fieldend|move: Grassy Terrain
|upkeep
|turn|35
|
|t:|1769313032
|move|p2a: Rillaboom|Knock Off|p1a: Slowking
|-supereffective|p1a: Slowking
|-damage|p1a: Slowking|43/100
|move|p1a: Slowking|Slack Off|p1a: Slowking
|-heal|p1a: Slowking|93/100
|
|upkeep
|turn|36
|
|t:|1769313038
|move|p2a: Rillaboom|Knock Off|p1a: Slowking
|-supereffective|p1a: Slowking
|-damage|p1a: Slowking|59/100
|move|p1a: Slowking|Future Sight|p2a: Rillaboom
|-start|p1a: Slowking|move: Future Sight
|
|upkeep
|turn|37
|
|t:|1769313043
|move|p2a: Rillaboom|Knock Off|p1a: Slowking
|-supereffective|p1a: Slowking
|-damage|p1a: Slowking|26/100
|move|p1a: Slowking|Slack Off|p1a: Slowking
|-heal|p1a: Slowking|76/100
|
|upkeep
|turn|38
|
|t:|1769313050
|move|p2a: Rillaboom|U-turn|p1a: Slowking
|-damage|p1a: Slowking|58/100
|
|t:|1769313053
|switch|p2a: Comfey|Comfey, F, shiny|100/100|[from] U-turn
|-damage|p2a: Comfey|88/100|[from] Stealth Rock
|move|p1a: Slowking|Toxic|p2a: Comfey
|-status|p2a: Comfey|tox
|
|-end|p2a: Comfey|move: Future Sight
|-damage|p2a: Comfey|39/100 tox
|-damage|p2a: Comfey|33/100 tox|[from] psn
|upkeep
|turn|39
|
|t:|1769313062
|switch|p1a: Ogerpon|Ogerpon-Wellspring, F|29/100
|-damage|p1a: Ogerpon|16/100|[from] Stealth Rock
|move|p2a: Comfey|Synthesis|p2a: Comfey
|-heal|p2a: Comfey|83/100 tox
|
|-damage|p2a: Comfey|70/100 tox|[from] psn
|upkeep
|turn|40
|
|t:|1769313070
|move|p2a: Comfey|Draining Kiss|p1a: Ogerpon
|-damage|p1a: Ogerpon|0 fnt
|-heal|p2a: Comfey|82/100 tox|[from] drain|[of] p1a: Ogerpon
|faint|p1a: Ogerpon
|
|-damage|p2a: Comfey|63/100 tox|[from] psn
|upkeep
|
|t:|1769313072
|switch|p1a: Slowking|Slowking-Galar, M|91/100
|-damage|p1a: Slowking|78/100|[from] Stealth Rock
|turn|41
|
|t:|1769313079
|switch|p2a: Rillaboom|Rillaboom, M|45/100
|-damage|p2a: Rillaboom|32/100|[from] Stealth Rock
|-fieldstart|move: Grassy Terrain|[from] ability: Grassy Surge|[of] p2a: Rillaboom
|move|p1a: Slowking|Future Sight|p2a: Rillaboom
|-start|p1a: Slowking|move: Future Sight
|
|-heal|p2a: Rillaboom|39/100|[from] Grassy Terrain
|-heal|p1a: Slowking|85/100|[from] Grassy Terrain
|upkeep
|turn|42
|
|t:|1769313088
|move|p2a: Rillaboom|Knock Off|p1a: Slowking
|-supereffective|p1a: Slowking
|-damage|p1a: Slowking|31/100
|move|p1a: Slowking|Slack Off|p1a: Slowking
|-heal|p1a: Slowking|81/100
|
|-heal|p2a: Rillaboom|45/100|[from] Grassy Terrain
|-heal|p1a: Slowking|87/100|[from] Grassy Terrain
|upkeep
|turn|43
|
|t:|1769313095
|move|p2a: Rillaboom|Knock Off|p1a: Slowking
|-supereffective|p1a: Slowking
|-damage|p1a: Slowking|37/100
|move|p1a: Slowking|Toxic|p2a: Rillaboom
|-status|p2a: Rillaboom|tox
|
|-end|p2a: Rillaboom|move: Future Sight
|-damage|p2a: Rillaboom|0 fnt
|faint|p2a: Rillaboom
|-heal|p1a: Slowking|43/100|[from] Grassy Terrain
|upkeep
|
|t:|1769313104
|switch|p2a: Comfey|Comfey, F, shiny|63/100 tox
|-damage|p2a: Comfey|51/100 tox|[from] Stealth Rock
|-enditem|p2a: Comfey|Grassy Seed
|-boost|p2a: Comfey|def|1|[from] item: Grassy Seed
|turn|44
|
|t:|1769313110
|move|p2a: Comfey|Calm Mind|p2a: Comfey
|-boost|p2a: Comfey|spa|1
|-boost|p2a: Comfey|spd|1
|move|p1a: Slowking|Slack Off|p1a: Slowking
|-heal|p1a: Slowking|93/100
|
|-heal|p2a: Comfey|57/100 tox|[from] Grassy Terrain
|-heal|p1a: Slowking|99/100|[from] Grassy Terrain
|-damage|p2a: Comfey|51/100 tox|[from] psn
|upkeep
|turn|45
|
|t:|1769313120
|move|p2a: Comfey|Calm Mind|p2a: Comfey
|-boost|p2a: Comfey|spa|1
|-boost|p2a: Comfey|spd|1
|move|p1a: Slowking|Future Sight|p2a: Comfey
|-start|p1a: Slowking|move: Future Sight
|
|-heal|p2a: Comfey|57/100 tox|[from] Grassy Terrain
|-heal|p1a: Slowking|100/100|[from] Grassy Terrain
|-damage|p2a: Comfey|45/100 tox|[from] psn
|upkeep
|turn|46
|
|t:|1769313128
|move|p2a: Comfey|Stored Power|p1a: Slowking
|-damage|p1a: Slowking|59/100
|move|p1a: Slowking|Toxic|p2a: Comfey
|-fail|p2a: Comfey|tox
|
|-heal|p2a: Comfey|51/100 tox|[from] Grassy Terrain
|-heal|p1a: Slowking|65/100|[from] Grassy Terrain
|-damage|p2a: Comfey|32/100 tox|[from] psn
|upkeep
|turn|47
|
|t:|1769313136
|move|p2a: Comfey|Synthesis|p2a: Comfey
|-heal|p2a: Comfey|82/100 tox
|move|p1a: Slowking|Slack Off|p1a: Slowking
|-heal|p1a: Slowking|100/100
|
|-end|p2a: Comfey|move: Future Sight
|-damage|p2a: Comfey|60/100 tox
|-heal|p2a: Comfey|67/100 tox|[from] Grassy Terrain
|-damage|p2a: Comfey|42/100 tox|[from] psn
|upkeep
|turn|48
|
|t:|1769313149
|-terastallize|p2a: Comfey|Poison
|move|p2a: Comfey|Stored Power|p1a: Slowking
|-damage|p1a: Slowking|59/100
|move|p1a: Slowking|Future Sight|p2a: Comfey
|-start|p1a: Slowking|move: Future Sight
|
|-heal|p2a: Comfey|48/100 tox|[from] Grassy Terrain
|-heal|p1a: Slowking|65/100|[from] Grassy Terrain
|-damage|p2a: Comfey|17/100 tox|[from] psn
|-fieldend|move: Grassy Terrain
|upkeep
|turn|49
|
|t:|1769313159
|move|p2a: Comfey|Stored Power|p1a: Slowking
|-damage|p1a: Slowking|24/100
|move|p1a: Slowking|Slack Off|p1a: Slowking
|-heal|p1a: Slowking|74/100
|
|-damage|p2a: Comfey|0 fnt|[from] psn
|faint|p2a: Comfey
|
|win|WAAHAAHEE
|raw|WAAHAAHEE's rating: 1220 &rarr; <strong>1247</strong><br />(+27 for winning)
|raw|davlard's rating: 1241 &rarr; <strong>1214</strong><br />(-27 for losing)
|l|☆davlard
|player|p2|
|l|☆WAAHAAHEE
|player|p1|
