|j|☆quagsirian_68
|j|☆audb
|t:|1769323951
|gametype|singles
|player|p1|quagsirian_68|alder|1077
|player|p2|audb|lass-gen4dp|1058
|gen|9
|tier|[Gen 9] OU
|rated|
|rule|HP Percentage Mod: HP is shown in percentages
|rule|Endless Battle Clause: Forcing endless battles is banned
|rule|Species Clause: Limit one of each Pokémon
|rule|OHKO Clause: OHKO moves are banned
|rule|Evasion Items Clause: Evasion items are banned
|rule|Evasion Moves Clause: Evasion moves are banned
|rule|Evasion Abilities Clause: Evasion abilities are banned
|rule|Sleep Moves Clause: Sleep-inducing moves are banned
|clearpoke
|poke|p1|Regidrago|
|poke|p1|Granbull, M|
|poke|p1|Polteageist|
|poke|p1|Empoleon, F|
|poke|p1|Lycanroc-Dusk, M|
|poke|p1|Breloom, F|
|poke|p2|Thundurus-Therian, M|
|poke|p2|Meowscarada, M|
|poke|p2|Hatterene, F|
|poke|p2|Great Tusk|
|poke|p2|Toxapex, F|
|poke|p2|Slither Wing|
|teampreview
|
|t:|1769324007
|teamsize|p1|6
|teamsize|p2|6
|start
|switch|p1a: Iroh|Polteageist|100/100
|switch|p2a: Slither Wing|Slither Wing|100/100
|turn|1
|
|t:|1769324028
|move|p2a: Slither Wing|U-turn|p1a: Iroh
|-resisted|p1a: Iroh
|-damage|p1a: Iroh|64/100
|-ability|p1a: Iroh|Weak Armor|boost
|-unboost|p1a: Iroh|def|1
|-boost|p1a: Iroh|spe|2
|-enditem|p1a: Iroh|White Herb
|-clearnegativeboost|p1a: Iroh|[silent]
|inactive|Battle timer is ON: inactive players will automatically lose when time's up. (requested by quagsirian_68)
|
|t:|1769324070
|-end|p2a: Slither Wing|Protosynthesis|[silent]
|switch|p2a: Meowscarada|Meowscarada, M|100/100|[from] U-turn
|move|p1a: Iroh|Shell Smash|p1a: Iroh
|-unboost|p1a: Iroh|def|1
|-unboost|p1a: Iroh|spd|1
|-boost|p1a: Iroh|atk|2
|-boost|p1a: Iroh|spa|2
|-boost|p1a: Iroh|spe|2
|
|upkeep
|turn|2
|inactive|audb has 120 seconds left.
|
|t:|1769324110
|switch|p2a: Toxapex|Toxapex, F|100/100
|-terastallize|p1a: Iroh|Fighting
|move|p1a: Iroh|Tera Blast|p2a: Toxapex|[anim] Tera Blast Fighting
|-resisted|p2a: Toxapex
|-damage|p2a: Toxapex|76/100
|
|upkeep
|turn|3
|inactive|audb has 120 seconds left.
|
|t:|1769324144
|move|p1a: Iroh|Stored Power|p2a: Toxapex
|-supereffective|p2a: Toxapex
|-damage|p2a: Toxapex|0 fnt
|faint|p2a: Toxapex
|
|upkeep
|inactive|audb has 90 seconds left.
|
|t:|1769324156
|switch|p2a: Slither Wing|Slither Wing|100/100
|turn|4
|
|t:|1769324164
|move|p2a: Slither Wing|First Impression|p1a: Iroh
|-resisted|p1a: Iroh
|-damage|p1a: Iroh|0 fnt
|faint|p1a: Iroh
|
|upkeep
|
|t:|1769324184
|switch|p1a: Toothfairy|Granbull, M|100/100
|-ability|p1a: Toothfairy|Intimidate|boost
|-unboost|p2a: Slither Wing|atk|1
|turn|5
|
|t:|1769324192
|move|p2a: Slither Wing|U-turn|p1a: Toothfairy
|-resisted|p1a: Toothfairy
|-damage|p1a: Toothfairy|84/100
|
|t:|1769324211
|-end|p2a: Slither Wing|Protosynthesis|[silent]
|switch|p2a: Hatterene|Hatterene, F|100/100|[from] U-turn
|move|p1a: Toothfairy|Play Rough|p2a: Hatterene|[miss]
|-miss|p1a: Toothfairy|p2a: Hatterene
|
|upkeep
|turn|6
|
|t:|1769324220
|switch|p1a: Napoleon|Empoleon, F|100/100
|move|p2a: Hatterene|Nuzzle|p1a: Napoleon
|-supereffective|p1a: Napoleon
|-damage|p1a: Napoleon|90/100
|-status|p1a: Napoleon|par
|
|upkeep
|turn|7
|inactive|audb has 90 seconds left.
|
|t:|1769324243
|switch|p2a: Thundurus|Thundurus-Therian, M|100/100
|move|p1a: Napoleon|Metal Sound|p2a: Thundurus
|-unboost|p2a: Thundurus|spd|2
|-enditem|p1a: Napoleon|Throat Spray
|-boost|p1a: Napoleon|spa|1|[from] item: Throat Spray
|
|upkeep
|turn|8
|inactive|audb has 90 seconds left.
|
|t:|1769324262
|move|p2a: Thundurus|Volt Switch|p1a: Napoleon
|-supereffective|p1a: Napoleon
|-damage|p1a: Napoleon|0 fnt
|faint|p1a: Napoleon
|
|t:|1769324271
|switch|p2a: Meowscarada|Meowscarada, M|100/100|[from] Volt Switch
|
|upkeep
|
|t:|1769324275
|switch|p1a: Dragonball|Regidrago|100/100
|turn|9
|inactive|audb has 90 seconds left.
|
|t:|1769324292
|move|p2a: Meowscarada|U-turn|p1a: Dragonball
|-start|p2a: Meowscarada|typechange|Bug|[from] ability: Protean
|-damage|p1a: Dragonball|66/100
|
|t:|1769324297
|switch|p2a: Hatterene|Hatterene, F|100/100|[from] U-turn
|move|p1a: Dragonball|Dragon Energy|p2a: Hatterene
|-immune|p2a: Hatterene
|
|upkeep
|turn|10
|inactive|audb has 90 seconds left.
|-message|quagsirian_68 forfeited.
|
|win|audb
|raw|quagsirian_68's rating: 1077 &rarr; <strong>1054</strong><br />(-23 for losing)
|raw|audb's rating: 1058 &rarr; <strong>1091</strong><br />(+33 for winning)
|l|☆quagsirian_68
|player|p1|
|l|☆audb
|player|p2|
