|j|☆minhquang1408
|j|☆ghighas
|t:|1769405433
|gametype|singles
|player|p1|minhquang1408|veteran-gen4|1398
|player|p2|ghighas|ghetsis|1354
|gen|9
|tier|[Gen 9] OU
|rated|
|rule|HP Percentage Mod: HP is shown in percentages
|rule|Endless Battle Clause: Forcing endless battles is banned
|rule|Species Clause: Limit one of each Pokémon
|rule|OHKO Clause: OHKO moves are banned
|rule|Evasion Items Clause: Evasion items are banned
|rule|Evasion Moves Clause: Evasion moves are banned
|rule|Evasion Abilities Clause: Evasion abilities are banned
|rule|Sleep Moves Clause: Sleep-inducing moves are banned
|clearpoke
|poke|p1|Ninetales-Alola, F|
|poke|p1|Kommo-o, F|
|poke|p1|Gholdengo|
|poke|p1|Kingambit, M|
|poke|p1|Landorus-Therian, M|
|poke|p1|Walking Wake|
|poke|p2|Barraskewda, F|
|poke|p2|Pelipper, M|
|poke|p2|Dondozo, M|
|poke|p2|Goodra-Hisui, F|
|poke|p2|Ogerpon-Wellspring, F|
|poke|p2|Great Tusk|
|teampreview
|
|t:|1769405448
|teamsize|p1|6
|teamsize|p2|6
|start
|switch|p1a: Walking Wake|Walking Wake|100/100
|switch|p2a: Pelipper|Pelipper, M|100/100
|-weather|RainDance|[from] ability: Drizzle|[of] p2a: Pelipper
|turn|1
|
|t:|1769405457
|move|p1a: Walking Wake|Draco Meteor|p2a: Pelipper
|-damage|p2a: Pelipper|0 fnt
|-unboost|p1a: Walking Wake|spa|2
|faint|p2a: Pelipper
|
|-weather|RainDance|[upkeep]
|upkeep
|
|t:|1769405459
|switch|p2a: Ogerpon|Ogerpon-Wellspring, F|100/100
|turn|2
|inactive|Battle timer is ON: inactive players will automatically lose when time's up. (requested by ghighas)
|
|t:|1769405495
|-end|p1a: Walking Wake|Protosynthesis|[silent]
|switch|p1a: Landorus|Landorus-Therian, M|100/100
|-ability|p1a: Landorus|Intimidate|boost
|-unboost|p2a: Ogerpon|atk|1
|move|p2a: Ogerpon|Swords Dance|p2a: Ogerpon
|-boost|p2a: Ogerpon|atk|2
|
|-weather|RainDance|[upkeep]
|upkeep
|turn|3
|
|t:|1769405503
|move|p2a: Ogerpon|Ivy Cudgel|p1a: Landorus|[anim] Ivy Cudgel Water
|-supereffective|p1a: Landorus
|-damage|p1a: Landorus|0 fnt
|faint|p1a: Landorus
|
|-weather|RainDance|[upkeep]
|upkeep
|
|t:|1769405505
|switch|p1a: Ninetales|Ninetales-Alola, F|100/100
|-weather|Snowscape|[from] ability: Snow Warning|[of] p1a: Ninetales
|turn|4
|
|t:|1769405509
|-terastallize|p1a: Ninetales|Water
|move|p2a: Ogerpon|Ivy Cudgel|p1a: Ninetales|[anim] Ivy Cudgel Water
|-resisted|p1a: Ninetales
|-damage|p1a: Ninetales|45/100
|move|p1a: Ninetales|Aurora Veil|p1a: Ninetales
|-sidestart|p1: minhquang1408|move: Aurora Veil
|
|-weather|Snowscape|[upkeep]
|upkeep
|turn|5
|
|t:|1769405516
|move|p2a: Ogerpon|Horn Leech|p1a: Ninetales
|-supereffective|p1a: Ninetales
|-damage|p1a: Ninetales|0 fnt
|faint|p1a: Ninetales
|
|-weather|Snowscape|[upkeep]
|upkeep
|
|t:|1769405525
|switch|p1a: Kingambit|Kingambit, M|100/100
|-activate|p1a: Kingambit|ability: Supreme Overlord
|-start|p1a: Kingambit|fallen2|[silent]
|turn|6
|
|t:|1769405530
|switch|p2a: Dondozo|Dondozo, M|100/100
|move|p1a: Kingambit|Swords Dance|p1a: Kingambit
|-boost|p1a: Kingambit|atk|2
|
|-weather|Snowscape|[upkeep]
|upkeep
|turn|7
|
|t:|1769405543
|-end|p1a: Kingambit|fallen2|[silent]
|switch|p1a: Walking Wake|Walking Wake|100/100
|move|p2a: Dondozo|Body Press|p1a: Walking Wake
|-damage|p1a: Walking Wake|85/100
|
|-weather|Snowscape|[upkeep]
|upkeep
|turn|8
|
|t:|1769405552
|switch|p2a: Goodra|Goodra-Hisui, F|100/100
|move|p1a: Walking Wake|Draco Meteor|p2a: Goodra
|-damage|p2a: Goodra|44/100
|-unboost|p1a: Walking Wake|spa|2
|
|-weather|none
|upkeep
|turn|9
|
|t:|1769405560
|-end|p1a: Walking Wake|Protosynthesis|[silent]
|switch|p1a: Gholdengo|Gholdengo|100/100
|-item|p1a: Gholdengo|Air Balloon
|-terastallize|p2a: Goodra|Fairy
|move|p2a: Goodra|Rest|p2a: Goodra
|-status|p2a: Goodra|slp|[from] move: Rest
|-heal|p2a: Goodra|100/100 slp|[silent]
|
|upkeep
|turn|10
|
|t:|1769405567
|switch|p2a: Great Tusk|Great Tusk|100/100
|move|p1a: Gholdengo|Nasty Plot|p1a: Gholdengo
|-boost|p1a: Gholdengo|spa|2
|
|upkeep
|turn|11
|
|t:|1769405570
|move|p1a: Gholdengo|Make It Rain|p2a: Great Tusk
|-damage|p2a: Great Tusk|0 fnt
|-unboost|p1a: Gholdengo|spa|1
|faint|p2a: Great Tusk
|-end|p2a: Great Tusk|Protosynthesis|[silent]
|
|-sideend|p1: minhquang1408|move: Aurora Veil
|upkeep
|
|t:|1769405579
|switch|p2a: Ogerpon|Ogerpon-Wellspring, F|100/100
|turn|12
|
|t:|1769405583
|move|p2a: Ogerpon|Knock Off|p1a: Gholdengo
|-supereffective|p1a: Gholdengo
|-damage|p1a: Gholdengo|20/100
|-enditem|p1a: Gholdengo|Air Balloon
|move|p1a: Gholdengo|Shadow Ball|p2a: Ogerpon
|-damage|p2a: Ogerpon|25/100
|
|upkeep
|turn|13
|
|t:|1769405592
|move|p2a: Ogerpon|Knock Off|p1a: Gholdengo
|-supereffective|p1a: Gholdengo
|-damage|p1a: Gholdengo|0 fnt
|faint|p1a: Gholdengo
|
|upkeep
|
|t:|1769405599
|switch|p1a: Kingambit|Kingambit, M|100/100
|-activate|p1a: Kingambit|ability: Supreme Overlord
|-start|p1a: Kingambit|fallen3|[silent]
|turn|14
|
|t:|1769405611
|switch|p2a: Dondozo|Dondozo, M|100/100
|move|p1a: Kingambit|Kowtow Cleave|p2a: Dondozo
|-damage|p2a: Dondozo|70/100
|
|-heal|p2a: Dondozo|76/100|[from] item: Leftovers
|upkeep
|turn|15
|
|t:|1769405616
|-end|p1a: Kingambit|fallen3|[silent]
|switch|p1a: Walking Wake|Walking Wake|85/100
|move|p2a: Dondozo|Body Press|p1a: Walking Wake
|-damage|p1a: Walking Wake|55/100
|
|-heal|p2a: Dondozo|82/100|[from] item: Leftovers
|upkeep
|turn|16
|
|t:|1769405624
|switch|p2a: Ogerpon|Ogerpon-Wellspring, F|25/100
|move|p1a: Walking Wake|Draco Meteor|p2a: Ogerpon
|-damage|p2a: Ogerpon|0 fnt
|-unboost|p1a: Walking Wake|spa|2
|faint|p2a: Ogerpon
|
|upkeep
|
|t:|1769405626
|switch|p2a: Goodra|Goodra-Hisui, F, tera:Fairy|100/100 slp
|turn|17
|
|t:|1769405629
|-end|p1a: Walking Wake|Protosynthesis|[silent]
|switch|p1a: Kingambit|Kingambit, M|100/100
|-activate|p1a: Kingambit|ability: Supreme Overlord
|-start|p1a: Kingambit|fallen3|[silent]
|cant|p2a: Goodra|slp
|
|upkeep
|turn|18
|
|t:|1769405635
|switch|p2a: Dondozo|Dondozo, M|82/100
|move|p1a: Kingambit|Iron Head|p2a: Dondozo
|-resisted|p2a: Dondozo
|-damage|p2a: Dondozo|68/100
|
|-heal|p2a: Dondozo|74/100|[from] item: Leftovers
|upkeep
|turn|19
|
|t:|1769405644
|-end|p1a: Kingambit|fallen3|[silent]
|switch|p1a: Kommo-o|Kommo-o, F|100/100
|move|p2a: Dondozo|Body Press|p1a: Kommo-o
|-crit|p1a: Kommo-o
|-damage|p1a: Kommo-o|63/100
|
|-heal|p2a: Dondozo|80/100|[from] item: Leftovers
|upkeep
|turn|20
|
|t:|1769405648
|switch|p1a: Walking Wake|Walking Wake|55/100
|switch|p2a: Barraskewda|Barraskewda, F, shiny|100/100
|
|upkeep
|turn|21
|
|t:|1769405663
|-end|p1a: Walking Wake|Protosynthesis|[silent]
|switch|p1a: Kommo-o|Kommo-o, F|63/100
|move|p2a: Barraskewda|Close Combat|p1a: Kommo-o
|-damage|p1a: Kommo-o|2/100
|-unboost|p2a: Barraskewda|def|1
|-unboost|p2a: Barraskewda|spd|1
|-enditem|p1a: Kommo-o|Sitrus Berry|[eat]
|-heal|p1a: Kommo-o|27/100|[from] item: Sitrus Berry
|
|upkeep
|turn|22
|
|t:|1769405671
|move|p2a: Barraskewda|Close Combat|p1a: Kommo-o
|-damage|p1a: Kommo-o|0 fnt
|-unboost|p2a: Barraskewda|def|1
|-unboost|p2a: Barraskewda|spd|1
|faint|p1a: Kommo-o
|
|upkeep
|
|t:|1769405673
|switch|p1a: Kingambit|Kingambit, M|100/100
|-activate|p1a: Kingambit|ability: Supreme Overlord
|-start|p1a: Kingambit|fallen4|[silent]
|turn|23
|
|t:|1769405678
|switch|p2a: Dondozo|Dondozo, M|80/100
|-end|p1a: Kingambit|fallen4|[silent]
|switch|p1a: Walking Wake|Walking Wake|55/100
|
|-heal|p2a: Dondozo|86/100|[from] item: Leftovers
|upkeep
|turn|24
|
|t:|1769405683
|switch|p2a: Goodra|Goodra-Hisui, F, tera:Fairy|100/100 slp
|move|p1a: Walking Wake|Draco Meteor|p2a: Goodra
|-immune|p2a: Goodra
|
|upkeep
|turn|25
|
|t:|1769405686
|-end|p1a: Walking Wake|Protosynthesis|[silent]
|switch|p1a: Kingambit|Kingambit, M|100/100
|-activate|p1a: Kingambit|ability: Supreme Overlord
|-start|p1a: Kingambit|fallen4|[silent]
|cant|p2a: Goodra|slp
|
|upkeep
|turn|26
|
|t:|1769405691
|-end|p1a: Kingambit|fallen4|[silent]
|switch|p1a: Walking Wake|Walking Wake|55/100
|switch|p2a: Barraskewda|Barraskewda, F, shiny|100/100
|
|upkeep
|turn|27
|
|t:|1769405706
|move|p2a: Barraskewda|Close Combat|p1a: Walking Wake
|-damage|p1a: Walking Wake|0 fnt
|-unboost|p2a: Barraskewda|def|1
|-unboost|p2a: Barraskewda|spd|1
|faint|p1a: Walking Wake
|-end|p1a: Walking Wake|Protosynthesis|[silent]
|
|upkeep
|
|t:|1769405709
|switch|p1a: Kingambit|Kingambit, M|100/100
|-activate|p1a: Kingambit|ability: Supreme Overlord
|-start|p1a: Kingambit|fallen5|[silent]
|turn|28
|
|t:|1769405713
|move|p1a: Kingambit|Sucker Punch|p2a: Barraskewda
|-damage|p2a: Barraskewda|0 fnt
|faint|p2a: Barraskewda
|
|upkeep
|
|t:|1769405714
|switch|p2a: Dondozo|Dondozo, M|86/100
|turn|29
|
|t:|1769405717
|move|p1a: Kingambit|Kowtow Cleave|p2a: Dondozo
|-damage|p2a: Dondozo|49/100
|move|p2a: Dondozo|Body Press|p1a: Kingambit
|-supereffective|p1a: Kingambit
|-damage|p1a: Kingambit|15/100
|
|-heal|p1a: Kingambit|21/100|[from] item: Leftovers
|-heal|p2a: Dondozo|55/100|[from] item: Leftovers
|upkeep
|turn|30
|
|t:|1769405720
|move|p1a: Kingambit|Kowtow Cleave|p2a: Dondozo
|-damage|p2a: Dondozo|16/100
|move|p2a: Dondozo|Body Press|p1a: Kingambit
|-supereffective|p1a: Kingambit
|-damage|p1a: Kingambit|0 fnt
|faint|p1a: Kingambit
|-end|p1a: Kingambit|fallen5|[silent]
|
|win|ghighas
|raw|minhquang1408's rating: 1398 &rarr; <strong>1375</strong><br />(-23 for losing)
|raw|ghighas's rating: 1354 &rarr; <strong>1377</strong><br />(+23 for winning)
|l|☆minhquang1408
|player|p1|
|l|☆ghighas
|player|p2|
