|j|☆Jhkhgfd
|j|☆saip2823
|t:|1769319752
|gametype|singles
|player|p1|Jhkhgfd|170|1329
|player|p2|saip2823|101|1337
|gen|9
|tier|[Gen 9] OU
|rated|
|rule|HP Percentage Mod: HP is shown in percentages
|rule|Endless Battle Clause: Forcing endless battles is banned
|rule|Species Clause: Limit one of each Pokémon
|rule|OHKO Clause: OHKO moves are banned
|rule|Evasion Items Clause: Evasion items are banned
|rule|Evasion Moves Clause: Evasion moves are banned
|rule|Evasion Abilities Clause: Evasion abilities are banned
|rule|Sleep Moves Clause: Sleep-inducing moves are banned
|clearpoke
|poke|p1|Tinkaton, F|
|poke|p1|Ogerpon, F|
|poke|p1|Great Tusk|
|poke|p1|Pecharunt|
|poke|p1|Alomomola, M|
|poke|p1|Hydreigon, M|
|poke|p2|Ceruledge, M|
|poke|p2|Ogerpon-Wellspring, F|
|poke|p2|Iron Crown|
|poke|p2|Iron Hands|
|poke|p2|Zamazenta-*|
|poke|p2|Ursaluna, M|
|teampreview
|inactive|Battle timer is ON: inactive players will automatically lose when time's up. (requested by saip2823)
|
|t:|1769319760
|teamsize|p1|6
|teamsize|p2|6
|start
|switch|p1a: Overseer|Pecharunt|100/100
|switch|p2a: Ogerpon|Ogerpon-Wellspring, F|100/100
|turn|1
|
|t:|1769319767
|-terastallize|p2a: Ogerpon|Water
|detailschange|p2a: Ogerpon|Ogerpon-Wellspring-Tera, F, tera:Water
|-ability|p2a: Ogerpon|Embody Aspect (Wellspring)|boost
|-boost|p2a: Ogerpon|spd|1
|move|p2a: Ogerpon|Ivy Cudgel|p1a: Overseer|[anim] Ivy Cudgel Water
|-crit|p1a: Overseer
|-damage|p1a: Overseer|47/100
|move|p1a: Overseer|Shadow Ball|p2a: Ogerpon
|-damage|p2a: Ogerpon|80/100
|
|upkeep
|turn|2
|
|t:|1769319782
|move|p2a: Ogerpon|Ivy Cudgel|p1a: Overseer|[anim] Ivy Cudgel Water
|-damage|p1a: Overseer|7/100
|move|p1a: Overseer|Parting Shot|p2a: Ogerpon
|-unboost|p2a: Ogerpon|atk|1
|-unboost|p2a: Ogerpon|spa|1
|
|t:|1769319786
|switch|p1a: Anonymous|Ogerpon, F|100/100|[from] Parting Shot
|
|upkeep
|turn|3
|
|t:|1769319799
|switch|p2a: Ceruledge|Ceruledge, M|100/100
|move|p1a: Anonymous|U-turn|p2a: Ceruledge
|-resisted|p2a: Ceruledge
|-damage|p2a: Ceruledge|88/100
|-ability|p2a: Ceruledge|Weak Armor|boost
|-unboost|p2a: Ceruledge|def|1
|-boost|p2a: Ceruledge|spe|2
|
|t:|1769319805
|switch|p1a: Hybrid|Hydreigon, M, shiny|100/100|[from] U-turn
|
|upkeep
|turn|4
|
|t:|1769319812
|move|p2a: Ceruledge|Bitter Blade|p1a: Hybrid
|-resisted|p1a: Hybrid
|-damage|p1a: Hybrid|76/100
|-heal|p2a: Ceruledge|100/100|[from] drain|[of] p1a: Hybrid
|move|p1a: Hybrid|Earth Power|p2a: Ceruledge
|-supereffective|p2a: Ceruledge
|-damage|p2a: Ceruledge|2/100
|
|upkeep
|turn|5
|
|t:|1769319825
|move|p2a: Ceruledge|Bitter Blade|p1a: Hybrid
|-resisted|p1a: Hybrid
|-damage|p1a: Hybrid|52/100
|-heal|p2a: Ceruledge|15/100|[from] drain|[of] p1a: Hybrid
|move|p1a: Hybrid|Earth Power|p2a: Ceruledge
|-supereffective|p2a: Ceruledge
|-damage|p2a: Ceruledge|0 fnt
|faint|p2a: Ceruledge
|
|upkeep
|
|t:|1769319835
|switch|p2a: Ogerpon|Ogerpon-Wellspring-Tera, F, tera:Water|80/100
|-ability|p2a: Ogerpon|Embody Aspect (Wellspring)|boost
|-boost|p2a: Ogerpon|spd|1
|turn|6
|
|t:|1769319857
|switch|p1a: Overseer|Pecharunt|7/100
|move|p2a: Ogerpon|Play Rough|p1a: Overseer
|-resisted|p1a: Overseer
|-damage|p1a: Overseer|0 fnt
|-damage|p2a: Ogerpon|64/100|[from] item: Rocky Helmet|[of] p1a: Overseer
|faint|p1a: Overseer
|
|upkeep
|
|t:|1769319862
|switch|p1a: Anonymous|Ogerpon, F|100/100
|turn|7
|
|t:|1769319873
|switch|p2a: Iron Hands|Iron Hands, shiny|100/100
|-enditem|p2a: Iron Hands|Booster Energy
|-activate|p2a: Iron Hands|ability: Quark Drive|[fromitem]
|-start|p2a: Iron Hands|quarkdriveatk
|-terastallize|p1a: Anonymous|Grass
|detailschange|p1a: Anonymous|Ogerpon-Teal-Tera, F, tera:Grass
|-ability|p1a: Anonymous|Embody Aspect (Teal)|boost
|-boost|p1a: Anonymous|spe|1
|move|p1a: Anonymous|Ivy Cudgel|p2a: Iron Hands
|-crit|p2a: Iron Hands
|-damage|p2a: Iron Hands|9/100
|
|upkeep
|turn|8
|
|t:|1769319887
|move|p1a: Anonymous|Ivy Cudgel|p2a: Iron Hands
|-damage|p2a: Iron Hands|0 fnt
|faint|p2a: Iron Hands
|-end|p2a: Iron Hands|Quark Drive|[silent]
|
|upkeep
|
|t:|1769319893
|switch|p2a: Zamazenta|Zamazenta|100/100
|-ability|p2a: Zamazenta|Dauntless Shield|boost
|-boost|p2a: Zamazenta|def|1
|turn|9
|
|t:|1769319902
|move|p1a: Anonymous|Ivy Cudgel|p2a: Zamazenta
|-crit|p2a: Zamazenta
|-damage|p2a: Zamazenta|0 fnt
|faint|p2a: Zamazenta
|
|upkeep
|
|t:|1769319913
|switch|p2a: Iron Crown|Iron Crown|100/100
|turn|10
|inactive|Jhkhgfd has 120 seconds left.
|inactiveoff|Battle timer is now OFF.
|inactive|Battle timer is ON: inactive players will automatically lose when time's up. (requested by saip2823)
|inactive|Jhkhgfd has 120 seconds left.
|
|t:|1769319974
|switch|p1a: Hybrid|Hydreigon, M, shiny|52/100
|move|p2a: Iron Crown|Tachyon Cutter|p1a: Hybrid
|-damage|p1a: Hybrid|11/100
|-damage|p1a: Hybrid|0 fnt
|faint|p1a: Hybrid
|-hitcount|p1: Hybrid|2
|
|upkeep
|
|t:|1769319979
|switch|p1a: Anonymous|Ogerpon-Teal-Tera, F, tera:Grass|100/100
|-ability|p1a: Anonymous|Embody Aspect (Teal)|boost
|-boost|p1a: Anonymous|spe|1
|turn|11
|
|t:|1769319987
|move|p1a: Anonymous|Knock Off|p2a: Iron Crown
|-supereffective|p2a: Iron Crown
|-damage|p2a: Iron Crown|0 fnt
|-enditem|p2a: Iron Crown|Choice Specs|[from] move: Knock Off|[of] p1a: Anonymous
|faint|p2a: Iron Crown
|-end|p2a: Iron Crown|Quark Drive|[silent]
|
|upkeep
|
|t:|1769319994
|switch|p2a: Ogerpon|Ogerpon-Wellspring-Tera, F, tera:Water|64/100
|-ability|p2a: Ogerpon|Embody Aspect (Wellspring)|boost
|-boost|p2a: Ogerpon|spd|1
|turn|12
|
|t:|1769320004
|switch|p1a: Pisces|Alomomola, M, shiny|100/100
|move|p2a: Ogerpon|Ivy Cudgel|p1a: Pisces|[anim] Ivy Cudgel Water
|-resisted|p1a: Pisces
|-damage|p1a: Pisces|71/100
|
|upkeep
|turn|13
|
|t:|1769320011
|move|p1a: Pisces|Aqua Jet|p2a: Ogerpon
|-resisted|p2a: Ogerpon
|-damage|p2a: Ogerpon|56/100
|move|p2a: Ogerpon|Horn Leech|p1a: Pisces
|-supereffective|p1a: Pisces
|-damage|p1a: Pisces|1/100
|-heal|p2a: Ogerpon|100/100|[from] drain|[of] p1a: Pisces
|
|upkeep
|turn|14
|
|t:|1769320028
|move|p1a: Pisces|Aqua Jet|p2a: Ogerpon
|-resisted|p2a: Ogerpon
|-damage|p2a: Ogerpon|94/100
|move|p2a: Ogerpon|Swords Dance|p2a: Ogerpon
|-boost|p2a: Ogerpon|atk|2
|
|upkeep
|turn|15
|
|t:|1769320035
|move|p2a: Ogerpon|Horn Leech|p1a: Pisces
|-supereffective|p1a: Pisces
|-damage|p1a: Pisces|0 fnt
|-heal|p2a: Ogerpon|95/100|[from] drain|[of] p1a: Pisces
|faint|p1a: Pisces
|
|upkeep
|
|t:|1769320038
|switch|p1a: Anonymous|Ogerpon-Teal-Tera, F, tera:Grass|100/100
|-ability|p1a: Anonymous|Embody Aspect (Teal)|boost
|-boost|p1a: Anonymous|spe|1
|turn|16
|
|t:|1769320045
|move|p1a: Anonymous|Ivy Cudgel|p2a: Ogerpon
|-supereffective|p2a: Ogerpon
|-damage|p2a: Ogerpon|0 fnt
|faint|p2a: Ogerpon
|detailschange|p2: Ogerpon|Ogerpon-Wellspring, F|[silent]
|
|upkeep
|
|t:|1769320051
|switch|p2a: Ursaluna|Ursaluna, M, shiny|100/100
|turn|17
|
|t:|1769320058
|switch|p1a: Smile.exe|Tinkaton, F, shiny|100/100
|-item|p1a: Smile.exe|Air Balloon
|move|p2a: Ursaluna|Facade|p1a: Smile.exe
|-resisted|p1a: Smile.exe
|-damage|p1a: Smile.exe|80/100
|-enditem|p1a: Smile.exe|Air Balloon
|-enditem|p2a: Ursaluna|Flame Orb|[silent]|[from] ability: Pickpocket|[of] p2a: Ursaluna
|-item|p1a: Smile.exe|Flame Orb|[from] ability: Pickpocket|[of] p2a: Ursaluna
|
|-status|p1a: Smile.exe|brn|[from] item: Flame Orb
|upkeep
|turn|18
|
|t:|1769320070
|move|p1a: Smile.exe|Ice Hammer|p2a: Ursaluna
|-supereffective|p2a: Ursaluna
|-damage|p2a: Ursaluna|83/100
|-unboost|p1a: Smile.exe|spe|1
|move|p2a: Ursaluna|Headlong Rush|p1a: Smile.exe
|-supereffective|p1a: Smile.exe
|-damage|p1a: Smile.exe|0 fnt
|-unboost|p2a: Ursaluna|def|1
|-unboost|p2a: Ursaluna|spd|1
|faint|p1a: Smile.exe
|
|upkeep
|
|t:|1769320075
|switch|p1a: Behemoth|Great Tusk, shiny|100/100
|turn|19
|
|t:|1769320085
|move|p1a: Behemoth|Ice Spinner|p2a: Ursaluna
|-supereffective|p2a: Ursaluna
|-damage|p2a: Ursaluna|24/100
|move|p2a: Ursaluna|Body Slam|p1a: Behemoth
|-damage|p1a: Behemoth|72/100
|
|upkeep
|turn|20
|
|t:|1769320092
|move|p1a: Behemoth|Close Combat|p2a: Ursaluna
|-supereffective|p2a: Ursaluna
|-damage|p2a: Ursaluna|0 fnt
|-unboost|p1a: Behemoth|def|1
|-unboost|p1a: Behemoth|spd|1
|faint|p2a: Ursaluna
|
|win|Jhkhgfd
|raw|Jhkhgfd's rating: 1350 &rarr; <strong>1369</strong><br />(+19 for winning)
|raw|saip2823's rating: 1337 &rarr; <strong>1318</strong><br />(-19 for losing)
|l|☆saip2823
|player|p2|
|l|☆Jhkhgfd
|player|p1|
