|j|☆godlywalrus
|j|☆Catannihilator
|t:|1769426453
|gametype|singles
|player|p1|godlywalrus|acerola|1489
|player|p2|Catannihilator|266|1528
|gen|9
|tier|[Gen 9] OU
|rated|
|rule|HP Percentage Mod: HP is shown in percentages
|rule|Endless Battle Clause: Forcing endless battles is banned
|rule|Species Clause: Limit one of each Pokémon
|rule|OHKO Clause: OHKO moves are banned
|rule|Evasion Items Clause: Evasion items are banned
|rule|Evasion Moves Clause: Evasion moves are banned
|rule|Evasion Abilities Clause: Evasion abilities are banned
|rule|Sleep Moves Clause: Sleep-inducing moves are banned
|clearpoke
|poke|p1|Primarina, M|
|poke|p1|Jirachi|
|poke|p1|Cinderace, F|
|poke|p1|Weavile, F|
|poke|p1|Landorus-Therian, M|
|poke|p1|Raging Bolt|
|poke|p2|Moltres|
|poke|p2|Zamazenta-*|
|poke|p2|Darkrai|
|poke|p2|Hydrapple, M|
|poke|p2|Ting-Lu|
|poke|p2|Tinkaton, F|
|teampreview
|inactive|Battle timer is ON: inactive players will automatically lose when time's up. (requested by godlywalrus)
|inactive|Catannihilator also wants the timer to be on.
|inactive|Catannihilator has 120 seconds left.
|inactive|godlywalrus has 120 seconds left.
|
|t:|1769426493
|teamsize|p1|6
|teamsize|p2|6
|start
|switch|p1a: Landorus|Landorus-Therian, M|100/100
|switch|p2a: Darkrai|Darkrai, shiny|100/100
|-ability|p1a: Landorus|Intimidate|boost
|-unboost|p2a: Darkrai|atk|1
|turn|1
|
|t:|1769426497
|switch|p1a: Primarina|Primarina, M|100/100
|move|p2a: Darkrai|Ice Beam|p1a: Primarina
|-resisted|p1a: Primarina
|-damage|p1a: Primarina|90/100
|
|upkeep
|turn|2
|
|t:|1769426511
|-terastallize|p2a: Darkrai|Poison
|move|p2a: Darkrai|Sludge Bomb|p1a: Primarina
|-supereffective|p1a: Primarina
|-damage|p1a: Primarina|28/100
|-status|p1a: Primarina|psn
|move|p1a: Primarina|Flip Turn|p2a: Darkrai
|-damage|p2a: Darkrai|81/100
|
|t:|1769426531
|switch|p1a: Weavile|Weavile, F|100/100|[from] Flip Turn
|
|upkeep
|turn|3
|
|t:|1769426550
|switch|p2a: Tinkaton|Tinkaton, F|100/100
|-ability|p2a: Tinkaton|Mold Breaker
|-item|p2a: Tinkaton|Air Balloon
|move|p1a: Weavile|Knock Off|p2a: Tinkaton
|-resisted|p2a: Tinkaton
|-damage|p2a: Tinkaton|62/100
|-enditem|p2a: Tinkaton|Air Balloon
|
|upkeep
|turn|4
|
|t:|1769426559
|switch|p1a: Landorus|Landorus-Therian, M|100/100
|-ability|p1a: Landorus|Intimidate|boost
|-unboost|p2a: Tinkaton|atk|1
|move|p2a: Tinkaton|Stealth Rock|p1a: Landorus
|-sidestart|p1: godlywalrus|move: Stealth Rock
|
|upkeep
|turn|5
|
|t:|1769426565
|switch|p1a: Cinderace|Cinderace, F|100/100
|move|p2a: Tinkaton|Gigaton Hammer|p1a: Cinderace
|-resisted|p1a: Cinderace
|-crit|p1a: Cinderace
|-damage|p1a: Cinderace|48/100
|
|upkeep
|turn|6
|
|t:|1769426574
|switch|p2a: Moltres|Moltres|100/100
|move|p1a: Cinderace|Pyro Ball|p2a: Moltres
|-resisted|p2a: Moltres
|-damage|p2a: Moltres|82/100
|
|upkeep
|turn|7
|
|t:|1769426584
|move|p1a: Cinderace|Court Change|p1a: Cinderace
|-start|p1a: Cinderace|typechange|Normal|[from] ability: Libero
|-swapsideconditions
|-activate|p1a: Cinderace|move: Court Change
|move|p2a: Moltres|U-turn|p1a: Cinderace
|-damage|p1a: Cinderace|26/100
|
|t:|1769426591
|switch|p2a: Darkrai|Darkrai, shiny, tera:Poison|81/100|[from] U-turn
|
|upkeep
|turn|8
|
|t:|1769426598
|switch|p1a: Jirachi|Jirachi|100/100
|move|p2a: Darkrai|Dark Pulse|p1a: Jirachi
|-supereffective|p1a: Jirachi
|-damage|p1a: Jirachi|44/100
|
|-heal|p1a: Jirachi|50/100|[from] item: Leftovers
|upkeep
|turn|9
|
|t:|1769426605
|move|p1a: Jirachi|Protect|p1a: Jirachi
|-singleturn|p1a: Jirachi|Protect
|move|p2a: Darkrai|Dark Pulse|p1a: Jirachi
|-activate|p1a: Jirachi|move: Protect
|
|-heal|p1a: Jirachi|56/100|[from] item: Leftovers
|upkeep
|turn|10
|
|t:|1769426616
|-terastallize|p1a: Jirachi|Dark
|move|p2a: Darkrai|Dark Pulse|p1a: Jirachi
|-resisted|p1a: Jirachi
|-damage|p1a: Jirachi|44/100
|move|p1a: Jirachi|Doom Desire|p2a: Darkrai
|-start|p1a: Jirachi|Doom Desire
|
|-heal|p1a: Jirachi|50/100|[from] item: Leftovers
|upkeep
|turn|11
|
|t:|1769426629
|move|p2a: Darkrai|Sludge Bomb|p1a: Jirachi
|-damage|p1a: Jirachi|20/100
|move|p1a: Jirachi|U-turn|p2a: Darkrai
|-resisted|p2a: Darkrai
|-damage|p2a: Darkrai|71/100
|
|t:|1769426637
|switch|p1a: Weavile|Weavile, F|100/100|[from] U-turn
|
|upkeep
|turn|12
|
|t:|1769426644
|switch|p2a: Tinkaton|Tinkaton, F|62/100
|-damage|p2a: Tinkaton|55/100|[from] Stealth Rock
|-ability|p2a: Tinkaton|Mold Breaker
|move|p1a: Weavile|Ice Shard|p2a: Tinkaton
|-resisted|p2a: Tinkaton
|-damage|p2a: Tinkaton|39/100
|
|-end|p2a: Tinkaton|move: Doom Desire
|-damage|p2a: Tinkaton|0 fnt
|faint|p2a: Tinkaton
|upkeep
|
|t:|1769426661
|switch|p2a: Zamazenta|Zamazenta|100/100
|-ability|p2a: Zamazenta|Dauntless Shield|boost
|-boost|p2a: Zamazenta|def|1
|turn|13
|
|t:|1769426671
|switch|p1a: Raging Bolt|Raging Bolt|100/100
|move|p2a: Zamazenta|Ice Fang|p1a: Raging Bolt
|-supereffective|p1a: Raging Bolt
|-damage|p1a: Raging Bolt|63/100
|
|-heal|p1a: Raging Bolt|69/100|[from] item: Leftovers
|upkeep
|turn|14
|
|t:|1769426687
|move|p2a: Zamazenta|Ice Fang|p1a: Raging Bolt
|-supereffective|p1a: Raging Bolt
|-damage|p1a: Raging Bolt|32/100
|move|p1a: Raging Bolt|Draco Meteor|p2a: Zamazenta
|-damage|p2a: Zamazenta|35/100
|-unboost|p1a: Raging Bolt|spa|2
|
|-heal|p1a: Raging Bolt|38/100|[from] item: Leftovers
|upkeep
|turn|15
|
|t:|1769426706
|-end|p1a: Raging Bolt|Protosynthesis|[silent]
|switch|p1a: Jirachi|Jirachi, tera:Dark|20/100
|move|p2a: Zamazenta|Close Combat|p1a: Jirachi
|-supereffective|p1a: Jirachi
|-damage|p1a: Jirachi|0 fnt
|-unboost|p2a: Zamazenta|def|1
|-unboost|p2a: Zamazenta|spd|1
|faint|p1a: Jirachi
|
|upkeep
|
|t:|1769426714
|switch|p1a: Raging Bolt|Raging Bolt|38/100
|turn|16
|
|t:|1769426718
|switch|p2a: Ting-Lu|Ting-Lu|100/100
|-damage|p2a: Ting-Lu|94/100|[from] Stealth Rock
|-ability|p2a: Ting-Lu|Vessel of Ruin
|move|p1a: Raging Bolt|Draco Meteor|p2a: Ting-Lu
|-damage|p2a: Ting-Lu|64/100
|-unboost|p1a: Raging Bolt|spa|2
|
|-heal|p1a: Raging Bolt|44/100|[from] item: Leftovers
|-heal|p2a: Ting-Lu|70/100|[from] item: Leftovers
|upkeep
|turn|17
|
|t:|1769426729
|-end|p1a: Raging Bolt|Protosynthesis|[silent]
|switch|p1a: Weavile|Weavile, F|100/100
|move|p2a: Ting-Lu|Spikes|p1a: Weavile
|-sidestart|p1: godlywalrus|Spikes
|
|-heal|p2a: Ting-Lu|77/100|[from] item: Leftovers
|upkeep
|turn|18
|
|t:|1769426740
|move|p1a: Weavile|Knock Off|p2a: Ting-Lu
|-resisted|p2a: Ting-Lu
|-crit|p2a: Ting-Lu
|-damage|p2a: Ting-Lu|49/100
|-enditem|p2a: Ting-Lu|Leftovers|[from] move: Knock Off|[of] p1a: Weavile
|move|p2a: Ting-Lu|Earthquake|p1a: Weavile
|-damage|p1a: Weavile|41/100
|
|upkeep
|turn|19
|
|t:|1769426751
|switch|p1a: Landorus|Landorus-Therian, M|100/100
|-ability|p1a: Landorus|Intimidate|boost
|-unboost|p2a: Ting-Lu|atk|1
|move|p2a: Ting-Lu|Earthquake|p1a: Landorus
|-immune|p1a: Landorus
|
|upkeep
|turn|20
|
|t:|1769426756
|switch|p2a: Moltres|Moltres|82/100
|move|p1a: Landorus|Taunt|p2a: Moltres
|-start|p2a: Moltres|move: Taunt
|
|upkeep
|turn|21
|
|t:|1769426770
|switch|p1a: Raging Bolt|Raging Bolt|44/100
|-damage|p1a: Raging Bolt|32/100|[from] Spikes
|move|p2a: Moltres|U-turn|p1a: Raging Bolt
|-damage|p1a: Raging Bolt|19/100
|
|t:|1769426783
|switch|p2a: Darkrai|Darkrai, shiny, tera:Poison|71/100|[from] U-turn
|
|-heal|p1a: Raging Bolt|25/100|[from] item: Leftovers
|upkeep
|turn|22
|c|☆godlywalrus|wtf
|c|☆godlywalrus|wtf
|c|☆godlywalrus|wtf
|c|☆godlywalrus|i clicked primarina
|c|☆godlywalrus|i wanted to sac primarina
|c|☆godlywalrus|Invalid choice] There's nothing to cancel
|c|☆godlywalrus|[Invalid choice] There's nothing to choose
|c|☆godlywalrus|cool servers
|inactive|godlywalrus has 120 seconds left.
|
|t:|1769426822
|-end|p1a: Raging Bolt|Protosynthesis|[silent]
|switch|p1a: Primarina|Primarina, M|28/100 psn
|-damage|p1a: Primarina|15/100 psn|[from] Spikes
|move|p2a: Darkrai|Ice Beam|p1a: Primarina
|-resisted|p1a: Primarina
|-damage|p1a: Primarina|5/100 psn
|
|-damage|p1a: Primarina|0 fnt|[from] psn
|faint|p1a: Primarina
|upkeep
|
|t:|1769426828
|switch|p1a: Weavile|Weavile, F|41/100
|-damage|p1a: Weavile|29/100|[from] Spikes
|turn|23
|inactive|godlywalrus has 120 seconds left.
|c|☆Catannihilator|U sent the wrong mon?
|
|t:|1769426847
|switch|p2a: Ting-Lu|Ting-Lu|49/100
|-damage|p2a: Ting-Lu|43/100|[from] Stealth Rock
|-ability|p2a: Ting-Lu|Vessel of Ruin
|move|p1a: Weavile|Ice Shard|p2a: Ting-Lu
|-supereffective|p2a: Ting-Lu
|-damage|p2a: Ting-Lu|13/100
|
|upkeep
|turn|24
|c|☆godlywalrus|ya
|
|t:|1769426854
|move|p1a: Weavile|Ice Shard|p2a: Ting-Lu
|-supereffective|p2a: Ting-Lu
|-damage|p2a: Ting-Lu|0 fnt
|faint|p2a: Ting-Lu
|
|upkeep
|
|t:|1769426861
|switch|p2a: Zamazenta|Zamazenta|35/100
|turn|25
|
|t:|1769426866
|switch|p1a: Landorus|Landorus-Therian, M|100/100
|-ability|p1a: Landorus|Intimidate|boost
|-unboost|p2a: Zamazenta|atk|1
|move|p2a: Zamazenta|Close Combat|p1a: Landorus
|-resisted|p1a: Landorus
|-damage|p1a: Landorus|84/100
|-unboost|p2a: Zamazenta|def|1
|-unboost|p2a: Zamazenta|spd|1
|-damage|p2a: Zamazenta|18/100|[from] item: Rocky Helmet|[of] p1a: Landorus
|
|upkeep
|turn|26
|
|t:|1769426877
|move|p2a: Zamazenta|Ice Fang|p1a: Landorus
|-supereffective|p1a: Landorus
|-damage|p1a: Landorus|36/100
|-damage|p2a: Zamazenta|1/100|[from] item: Rocky Helmet|[of] p1a: Landorus
|move|p1a: Landorus|Earthquake|p2a: Zamazenta
|-damage|p2a: Zamazenta|0 fnt
|faint|p2a: Zamazenta
|
|upkeep
|
|t:|1769426887
|switch|p2a: Darkrai|Darkrai, shiny, tera:Poison|71/100
|turn|27
|
|t:|1769426892
|move|p2a: Darkrai|Ice Beam|p1a: Landorus
|-supereffective|p1a: Landorus
|-damage|p1a: Landorus|0 fnt
|faint|p1a: Landorus
|
|upkeep
|
|t:|1769426895
|switch|p1a: Weavile|Weavile, F|29/100
|-damage|p1a: Weavile|17/100|[from] Spikes
|turn|28
|
|t:|1769426906
|move|p1a: Weavile|Ice Shard|p2a: Darkrai
|-damage|p2a: Darkrai|29/100
|move|p2a: Darkrai|Sludge Bomb|p1a: Weavile
|-damage|p1a: Weavile|0 fnt
|faint|p1a: Weavile
|
|upkeep
|
|t:|1769426913
|switch|p1a: Raging Bolt|Raging Bolt|25/100
|-damage|p1a: Raging Bolt|12/100|[from] Spikes
|turn|29
|
|t:|1769426933
|switch|p2a: Hydrapple|Hydrapple, M|100/100
|move|p1a: Raging Bolt|Thunderclap||[still]
|-fail|p1a: Raging Bolt
|
|-heal|p1a: Raging Bolt|19/100|[from] item: Leftovers
|upkeep
|turn|30
|
|t:|1769426938
|move|p1a: Raging Bolt|Draco Meteor|p2a: Hydrapple
|-supereffective|p2a: Hydrapple
|-damage|p2a: Hydrapple|0 fnt
|-unboost|p1a: Raging Bolt|spa|2
|faint|p2a: Hydrapple
|
|-heal|p1a: Raging Bolt|25/100|[from] item: Leftovers
|upkeep
|
|t:|1769426946
|switch|p2a: Moltres|Moltres|82/100
|turn|31
|
|t:|1769426959
|-end|p1a: Raging Bolt|Protosynthesis|[silent]
|switch|p1a: Cinderace|Cinderace, F|26/100
|move|p2a: Moltres|Flamethrower|p1a: Cinderace
|-resisted|p1a: Cinderace
|-damage|p1a: Cinderace|0 fnt
|faint|p1a: Cinderace
|
|upkeep
|
|t:|1769426962
|switch|p1a: Raging Bolt|Raging Bolt|25/100
|-damage|p1a: Raging Bolt|12/100|[from] Spikes
|turn|32
|
|t:|1769426970
|move|p1a: Raging Bolt|Thunderclap|p2a: Moltres
|-supereffective|p2a: Moltres
|-damage|p2a: Moltres|0 fnt
|faint|p2a: Moltres
|
|-heal|p1a: Raging Bolt|19/100|[from] item: Leftovers
|upkeep
|
|t:|1769426973
|switch|p2a: Darkrai|Darkrai, shiny, tera:Poison|29/100
|turn|33
|
|t:|1769426978
|move|p1a: Raging Bolt|Thunderclap|p2a: Darkrai
|-damage|p2a: Darkrai|0 fnt
|faint|p2a: Darkrai
|
|win|godlywalrus
|raw|godlywalrus's rating: 1489 &rarr; <strong>1511</strong><br />(+22 for winning)
|raw|Catannihilator's rating: 1528 &rarr; <strong>1506</strong><br />(-22 for losing)
|c|☆godlywalrus|gg
|l|☆godlywalrus
|player|p1|
|j|☆godlywalrus
|player|p1|godlywalrus|acerola|
|l|☆godlywalrus
|player|p1|
