|j|☆4prongedutensil
|j|☆vgc_trainer_999
|t:|1769351744
|gametype|singles
|player|p1|4prongedutensil|skierf|1073
|player|p2|vgc_trainer_999|102|1069
|gen|9
|tier|[Gen 9] OU
|rated|
|rule|HP Percentage Mod: HP is shown in percentages
|rule|Endless Battle Clause: Forcing endless battles is banned
|rule|Species Clause: Limit one of each Pokémon
|rule|OHKO Clause: OHKO moves are banned
|rule|Evasion Items Clause: Evasion items are banned
|rule|Evasion Moves Clause: Evasion moves are banned
|rule|Evasion Abilities Clause: Evasion abilities are banned
|rule|Sleep Moves Clause: Sleep-inducing moves are banned
|clearpoke
|poke|p1|Gholdengo|
|poke|p1|Slowking-Galar, F|
|poke|p1|Ting-Lu|
|poke|p1|Cinderace, M|
|poke|p1|Tornadus-Therian, M|
|poke|p1|Dragapult, F|
|poke|p2|Klefki, F|
|poke|p2|Sylveon, M|
|poke|p2|Weezing-Galar, F|
|poke|p2|Florges, F|
|poke|p2|Azumarill, M|
|poke|p2|Clefable, F|
|teampreview
|
|t:|1769351759
|teamsize|p1|6
|teamsize|p2|6
|start
|switch|p1a: Cinderace|Cinderace, M|100/100
|switch|p2a: Klefki|Klefki, F|100/100
|turn|1
|
|t:|1769351766
|move|p2a: Klefki|Thunder Wave|p1a: Cinderace
|-status|p1a: Cinderace|par
|cant|p1a: Cinderace|par
|
|-damage|p2a: Klefki|88/100|[from] item: Sticky Barb
|upkeep
|turn|2
|
|t:|1769351774
|move|p2a: Klefki|Switcheroo|p1a: Cinderace
|-activate|p2a: Klefki|move: Trick|[of] p1a: Cinderace
|-item|p1a: Cinderace|Sticky Barb|[from] move: Switcheroo
|-item|p2a: Klefki|Wide Lens|[from] move: Switcheroo
|move|p1a: Cinderace|Pyro Ball|p2a: Klefki
|-supereffective|p2a: Klefki
|-damage|p2a: Klefki|0 fnt
|faint|p2a: Klefki
|
|-damage|p1a: Cinderace|88/100 par|[from] item: Sticky Barb
|upkeep
|
|t:|1769351784
|switch|p2a: Azumarill|Azumarill, M|100/100
|turn|3
|
|t:|1769351806
|switch|p1a: Tornadus|Tornadus-Therian, M|100/100
|-terastallize|p2a: Azumarill|Water
|move|p2a: Azumarill|Liquidation|p1a: Tornadus
|-damage|p1a: Tornadus|0 fnt
|faint|p1a: Tornadus
|
|upkeep
|
|t:|1769351829
|switch|p1a: Slowking|Slowking-Galar, F|100/100
|turn|4
|
|t:|1769351836
|-terastallize|p1a: Slowking|Grass
|move|p2a: Azumarill|Liquidation|p1a: Slowking
|-resisted|p1a: Slowking
|-damage|p1a: Slowking|59/100
|move|p1a: Slowking|Future Sight|p2a: Azumarill
|-start|p1a: Slowking|move: Future Sight
|
|-damage|p1a: Slowking|47/100|[from] item: Black Sludge
|upkeep
|turn|5
|
|t:|1769351847
|switch|p2a: Florges|Florges, F|100/100
|move|p1a: Slowking|Trick|p2a: Florges
|-activate|p1a: Slowking|move: Trick|[of] p2a: Florges
|-item|p2a: Florges|Black Sludge|[from] move: Trick
|-item|p1a: Slowking|Leftovers|[from] move: Trick
|
|-damage|p2a: Florges|88/100|[from] item: Black Sludge
|-heal|p1a: Slowking|53/100|[from] item: Leftovers
|upkeep
|turn|6
|
|t:|1769351859
|switch|p1a: Gholdengo|Gholdengo|100/100
|move|p2a: Florges|Moonblast|p1a: Gholdengo
|-resisted|p1a: Gholdengo
|-damage|p1a: Gholdengo|73/100
|-unboost|p1a: Gholdengo|spa|1
|
|-end|p2a: Florges|move: Future Sight
|-damage|p2a: Florges|61/100
|-damage|p2a: Florges|48/100|[from] item: Black Sludge
|upkeep
|turn|7
|
|t:|1769351872
|switch|p1a: Cinderace|Cinderace, M|88/100 par
|move|p2a: Florges|Moonblast|p1a: Cinderace
|-resisted|p1a: Cinderace
|-damage|p1a: Cinderace|55/100 par
|
|-damage|p2a: Florges|36/100|[from] item: Black Sludge
|-damage|p1a: Cinderace|43/100 par|[from] item: Sticky Barb
|upkeep
|turn|8
|
|t:|1769351883
|move|p2a: Florges|Psychic|p1a: Cinderace
|-damage|p1a: Cinderace|4/100 par
|move|p1a: Cinderace|Pyro Ball|p2a: Florges
|-damage|p2a: Florges|0 fnt
|faint|p2a: Florges
|
|-damage|p1a: Cinderace|0 fnt|[from] item: Sticky Barb
|faint|p1a: Cinderace
|upkeep
|
|t:|1769351900
|switch|p1a: Ting-Lu|Ting-Lu|100/100
|switch|p2a: Sylveon|Sylveon, M|100/100
|-ability|p1a: Ting-Lu|Vessel of Ruin
|turn|9
|
|t:|1769351917
|move|p2a: Sylveon|Shadow Ball|p1a: Ting-Lu
|-resisted|p1a: Ting-Lu
|-damage|p1a: Ting-Lu|90/100
|move|p1a: Ting-Lu|Stealth Rock|p2a: Sylveon
|-sidestart|p2: vgc_trainer_999|move: Stealth Rock
|
|upkeep
|turn|10
|
|t:|1769351924
|switch|p2a: Azumarill|Azumarill, M, tera:Water|100/100
|-damage|p2a: Azumarill|88/100|[from] Stealth Rock
|move|p1a: Ting-Lu|Spikes|p2a: Azumarill
|-sidestart|p2: vgc_trainer_999|Spikes
|
|upkeep
|turn|11
|
|t:|1769351933
|move|p2a: Azumarill|Liquidation|p1a: Ting-Lu
|-supereffective|p1a: Ting-Lu
|-damage|p1a: Ting-Lu|0 fnt
|faint|p1a: Ting-Lu
|
|upkeep
|
|t:|1769351950
|switch|p1a: Dragapult|Dragapult, F|100/100
|turn|12
|
|t:|1769351955
|switch|p2a: Clefable|Clefable, F|100/100
|move|p1a: Dragapult|Will-O-Wisp|p2a: Clefable
|-status|p2a: Clefable|brn
|
|upkeep
|turn|13
|
|t:|1769351967
|move|p1a: Dragapult|Shadow Ball|p2a: Clefable
|-damage|p2a: Clefable|54/100 brn
|-damage|p1a: Dragapult|91/100|[from] item: Life Orb
|move|p2a: Clefable|Moonblast|p1a: Dragapult
|-supereffective|p1a: Dragapult
|-damage|p1a: Dragapult|0 fnt
|faint|p1a: Dragapult
|
|upkeep
|
|t:|1769351981
|switch|p1a: Slowking|Slowking-Galar, F, tera:Grass|86/100
|turn|14
|
|t:|1769351985
|move|p2a: Clefable|Flamethrower|p1a: Slowking
|-supereffective|p1a: Slowking
|-damage|p1a: Slowking|24/100
|move|p1a: Slowking|Future Sight|p2a: Clefable
|-start|p1a: Slowking|move: Future Sight
|
|-heal|p1a: Slowking|30/100|[from] item: Leftovers
|upkeep
|turn|15
|
|t:|1769351993
|move|p2a: Clefable|Flamethrower|p1a: Slowking
|-supereffective|p1a: Slowking
|-damage|p1a: Slowking|0 fnt
|faint|p1a: Slowking
|
|upkeep
|
|t:|1769351998
|switch|p1a: Gholdengo|Gholdengo|73/100
|turn|16
|
|t:|1769352004
|move|p1a: Gholdengo|Trick|p2a: Clefable
|-activate|p1a: Gholdengo|move: Trick|[of] p2a: Clefable
|-item|p2a: Clefable|Choice Scarf|[from] move: Trick
|-item|p1a: Gholdengo|Life Orb|[from] move: Trick
|move|p2a: Clefable|Flamethrower|p1a: Gholdengo
|-supereffective|p1a: Gholdengo
|-damage|p1a: Gholdengo|14/100
|
|-end|p2a: Clefable|move: Future Sight
|-damage|p2a: Clefable|13/100 brn
|upkeep
|turn|17
|-message|4prongedutensil forfeited.
|
|win|vgc_trainer_999
|raw|4prongedutensil's rating: 1073 &rarr; <strong>1051</strong><br />(-22 for losing)
|raw|vgc_trainer_999's rating: 1050 &rarr; <strong>1085</strong><br />(+35 for winning)
|l|☆4prongedutensil
|player|p1|
|l|☆vgc_trainer_999
|player|p2|
