|inactive|Battle timer is ON: inactive players will automatically lose when time's up.
|t:|1769307764
|gametype|singles
|player|p1|SkyHiSundae|juliana-festival|
|player|p2|brandonlee1|265|
|gen|9
|tier|[Gen 9] OU
|rule|HP Percentage Mod: HP is shown in percentages
|rule|Endless Battle Clause: Forcing endless battles is banned
|rule|Species Clause: Limit one of each Pokémon
|rule|OHKO Clause: OHKO moves are banned
|rule|Evasion Items Clause: Evasion items are banned
|rule|Evasion Moves Clause: Evasion moves are banned
|rule|Evasion Abilities Clause: Evasion abilities are banned
|rule|Sleep Moves Clause: Sleep-inducing moves are banned
|clearpoke
|poke|p1|Zapdos|
|poke|p1|Samurott-Hisui, F|
|poke|p1|Garganacl, F|
|poke|p1|Zamazenta-*|
|poke|p1|Pecharunt|
|poke|p1|Great Tusk|
|poke|p2|Landorus-Therian, M|
|poke|p2|Samurott-Hisui, F|
|poke|p2|Gholdengo|
|poke|p2|Pecharunt|
|poke|p2|Dragonite, F|
|poke|p2|Zamazenta-*|
|teampreview
|c|☆brandonlee1|hf
|c|☆SkyHiSundae|glhf
|inactive|brandonlee1 has 270 seconds left.
|inactive|SkyHiSundae has 270 seconds left.
|inactive|SkyHiSundae has 240 seconds left.
|
|t:|1769307846
|teamsize|p1|6
|teamsize|p2|6
|start
|switch|p1a: Zapdos|Zapdos|100/100
|switch|p2a: Pecharunt|Pecharunt|100/100
|turn|1
|
|t:|1769307852
|move|p2a: Pecharunt|Parting Shot|p1a: Zapdos
|-unboost|p1a: Zapdos|atk|1
|-unboost|p1a: Zapdos|spa|1
|
|t:|1769307860
|switch|p2a: Gholdengo|Gholdengo|100/100|[from] Parting Shot
|move|p1a: Zapdos|Volt Switch|p2a: Gholdengo
|-damage|p2a: Gholdengo|79/100
|
|t:|1769307875
|switch|p1a: Samurott|Samurott-Hisui, F|100/100|[from] Volt Switch
|
|upkeep
|turn|2
|
|t:|1769307891
|switch|p2a: Landorus|Landorus-Therian, M|100/100
|-ability|p2a: Landorus|Intimidate|boost
|-unboost|p1a: Samurott|atk|1
|move|p1a: Samurott|Ceaseless Edge|p2a: Landorus|[miss]
|-miss|p1a: Samurott|p2a: Landorus
|
|upkeep
|turn|3
|
|t:|1769307904
|switch|p1a: Great Tusk|Great Tusk|100/100
|move|p2a: Landorus|U-turn|p1a: Great Tusk
|-resisted|p1a: Great Tusk
|-damage|p1a: Great Tusk|94/100
|-damage|p2a: Landorus|84/100|[from] item: Rocky Helmet|[of] p1a: Great Tusk
|inactive|brandonlee1 has 270 seconds left.
|
|t:|1769307959
|switch|p2a: Pecharunt|Pecharunt|100/100|[from] U-turn
|
|upkeep
|turn|4
|
|t:|1769307981
|-end|p1a: Great Tusk|Protosynthesis|[silent]
|switch|p1a: Garganacl|Garganacl, F|100/100
|move|p2a: Pecharunt|Parting Shot|p1a: Garganacl
|-unboost|p1a: Garganacl|atk|1
|-unboost|p1a: Garganacl|spa|1
|
|t:|1769307987
|switch|p2a: Gholdengo|Gholdengo|79/100|[from] Parting Shot
|
|upkeep
|turn|5
|
|t:|1769307998
|switch|p1a: Samurott|Samurott-Hisui, F|100/100
|move|p2a: Gholdengo|Make It Rain|p1a: Samurott
|-resisted|p1a: Samurott
|-damage|p1a: Samurott|39/100
|-unboost|p2a: Gholdengo|spa|1
|
|upkeep
|turn|6
|inactive|SkyHiSundae has 270 seconds left.
|
|t:|1769308031
|switch|p2a: Zamazenta|Zamazenta|100/100
|-ability|p2a: Zamazenta|Dauntless Shield|boost
|-boost|p2a: Zamazenta|def|1
|move|p1a: Samurott|Ceaseless Edge|p2a: Zamazenta
|-resisted|p2a: Zamazenta
|-damage|p2a: Zamazenta|86/100
|-sidestart|p2: brandonlee1|Spikes
|
|upkeep
|turn|7
|inactive|SkyHiSundae has 270 seconds left.
|
|t:|1769308049
|switch|p1a: Pecharunt|Pecharunt|100/100
|switch|p2a: Landorus|Landorus-Therian, M|84/100
|-ability|p2a: Landorus|Intimidate|boost
|-unboost|p1a: Pecharunt|atk|1
|
|upkeep
|turn|8
|
|t:|1769308066
|switch|p1a: Zapdos|Zapdos|100/100
|move|p2a: Landorus|Stealth Rock|p1a: Zapdos
|-sidestart|p1: SkyHiSundae|move: Stealth Rock
|
|upkeep
|turn|9
|
|t:|1769308076
|switch|p2a: Gholdengo|Gholdengo|79/100
|-damage|p2a: Gholdengo|66/100|[from] Spikes
|move|p1a: Zapdos|Hurricane|p2a: Gholdengo
|-resisted|p2a: Gholdengo
|-damage|p2a: Gholdengo|43/100
|
|upkeep
|turn|10
|inactive|brandonlee1 has 270 seconds left.
|
|t:|1769308082
|move|p2a: Gholdengo|Recover|p2a: Gholdengo
|-heal|p2a: Gholdengo|94/100
|move|p1a: Zapdos|Volt Switch|p2a: Gholdengo
|-damage|p2a: Gholdengo|59/100
|inactive|SkyHiSundae has 270 seconds left.
|
|t:|1769308088
|switch|p1a: Great Tusk|Great Tusk|94/100|[from] Volt Switch
|-damage|p1a: Great Tusk|91/100|[from] Stealth Rock
|
|upkeep
|turn|11
|inactive|SkyHiSundae has 270 seconds left.
|
|t:|1769308102
|switch|p2a: Landorus|Landorus-Therian, M|84/100
|-ability|p2a: Landorus|Intimidate|boost
|-unboost|p1a: Great Tusk|atk|1
|move|p1a: Great Tusk|Ice Spinner|p2a: Landorus
|-supereffective|p2a: Landorus
|-damage|p2a: Landorus|25/100
|-damage|p1a: Great Tusk|74/100|[from] item: Rocky Helmet|[of] p2a: Landorus
|
|upkeep
|turn|12
|inactive|brandonlee1 has 270 seconds left.
|
|t:|1769308120
|switch|p2a: Pecharunt|Pecharunt|100/100
|move|p1a: Great Tusk|Rapid Spin|p2a: Pecharunt
|-immune|p2a: Pecharunt
|
|upkeep
|turn|13
|inactive|SkyHiSundae has 270 seconds left.
|
|t:|1769308136
|-end|p1a: Great Tusk|Protosynthesis|[silent]
|switch|p1a: Samurott|Samurott-Hisui, F|39/100
|-damage|p1a: Samurott|26/100|[from] Stealth Rock
|move|p2a: Pecharunt|Malignant Chain|p1a: Samurott
|-damage|p1a: Samurott|0 fnt
|faint|p1a: Samurott
|
|upkeep
|inactive|SkyHiSundae has 270 seconds left.
|
|t:|1769308150
|switch|p1a: Garganacl|Garganacl, F|100/100
|-damage|p1a: Garganacl|88/100|[from] Stealth Rock
|turn|14
|
|t:|1769308157
|move|p2a: Pecharunt|Parting Shot|p1a: Garganacl
|-unboost|p1a: Garganacl|atk|1
|-unboost|p1a: Garganacl|spa|1
|
|t:|1769308164
|switch|p2a: Gholdengo|Gholdengo|59/100|[from] Parting Shot
|-damage|p2a: Gholdengo|47/100|[from] Spikes
|move|p1a: Garganacl|Salt Cure|p2a: Gholdengo
|-resisted|p2a: Gholdengo
|-damage|p2a: Gholdengo|42/100
|-start|p2a: Gholdengo|Salt Cure
|
|-heal|p1a: Garganacl|94/100|[from] item: Leftovers
|-damage|p2a: Gholdengo|17/100|[from] Salt Cure
|upkeep
|turn|15
|
|t:|1769308180
|switch|p1a: Zapdos|Zapdos|100/100
|move|p2a: Gholdengo|Recover|p2a: Gholdengo
|-heal|p2a: Gholdengo|67/100
|
|-damage|p2a: Gholdengo|43/100|[from] Salt Cure
|upkeep
|turn|16
|
|t:|1769308189
|move|p2a: Gholdengo|Recover|p2a: Gholdengo
|-heal|p2a: Gholdengo|93/100
|move|p1a: Zapdos|Volt Switch|p2a: Gholdengo
|-damage|p2a: Gholdengo|62/100
|
|t:|1769308194
|switch|p1a: Great Tusk|Great Tusk|74/100|[from] Volt Switch
|-damage|p1a: Great Tusk|71/100|[from] Stealth Rock
|
|-damage|p2a: Gholdengo|37/100|[from] Salt Cure
|upkeep
|turn|17
|
|t:|1769308207
|switch|p2a: Landorus|Landorus-Therian, M|25/100
|-ability|p2a: Landorus|Intimidate|boost
|-unboost|p1a: Great Tusk|atk|1
|move|p1a: Great Tusk|Ice Spinner|p2a: Landorus
|-supereffective|p2a: Landorus
|-damage|p2a: Landorus|0 fnt
|-damage|p1a: Great Tusk|55/100|[from] item: Rocky Helmet|[of] p2a: Landorus
|faint|p2a: Landorus
|
|upkeep
|
|t:|1769308218
|switch|p2a: Pecharunt|Pecharunt|100/100
|turn|18
|
|t:|1769308228
|move|p2a: Pecharunt|Malignant Chain|p1a: Great Tusk
|-resisted|p1a: Great Tusk
|-damage|p1a: Great Tusk|35/100
|move|p1a: Great Tusk|Headlong Rush|p2a: Pecharunt
|-supereffective|p2a: Pecharunt
|-damage|p2a: Pecharunt|55/100
|-unboost|p1a: Great Tusk|def|1
|-unboost|p1a: Great Tusk|spd|1
|
|upkeep
|turn|19
|
|t:|1769308242
|-end|p1a: Great Tusk|Protosynthesis|[silent]
|switch|p1a: Garganacl|Garganacl, F|94/100
|-damage|p1a: Garganacl|82/100|[from] Stealth Rock
|move|p2a: Pecharunt|Malignant Chain|p1a: Garganacl
|-resisted|p1a: Garganacl
|-damage|p1a: Garganacl|72/100
|
|-heal|p1a: Garganacl|78/100|[from] item: Leftovers
|upkeep
|turn|20
|
|t:|1769308250
|move|p2a: Pecharunt|Recover|p2a: Pecharunt
|-heal|p2a: Pecharunt|100/100
|move|p1a: Garganacl|Salt Cure|p2a: Pecharunt
|-damage|p2a: Pecharunt|92/100
|-start|p2a: Pecharunt|Salt Cure
|
|-heal|p1a: Garganacl|85/100|[from] item: Leftovers
|-damage|p2a: Pecharunt|79/100|[from] Salt Cure
|upkeep
|turn|21
|
|t:|1769308256
|move|p2a: Pecharunt|Parting Shot|p1a: Garganacl
|-unboost|p1a: Garganacl|atk|1
|-unboost|p1a: Garganacl|spa|1
|
|t:|1769308262
|switch|p2a: Zamazenta|Zamazenta|86/100|[from] Parting Shot
|move|p1a: Garganacl|Salt Cure|p2a: Zamazenta
|-resisted|p2a: Zamazenta
|-damage|p2a: Zamazenta|82/100
|-start|p2a: Zamazenta|Salt Cure
|
|-heal|p1a: Garganacl|91/100|[from] item: Leftovers
|-damage|p2a: Zamazenta|70/100|[from] Salt Cure
|upkeep
|turn|22
|
|t:|1769308271
|switch|p2a: Samurott|Samurott-Hisui, F|100/100
|-damage|p2a: Samurott|88/100|[from] Spikes
|switch|p1a: Zamazenta|Zamazenta|100/100
|-ability|p1a: Zamazenta|Dauntless Shield|boost
|-boost|p1a: Zamazenta|def|1
|
|upkeep
|turn|23
|
|t:|1769308282
|switch|p2a: Pecharunt|Pecharunt|79/100
|move|p1a: Zamazenta|Crunch|p2a: Pecharunt
|-supereffective|p2a: Pecharunt
|-damage|p2a: Pecharunt|45/100
|
|upkeep
|turn|24
|
|t:|1769308292
|switch|p1a: Pecharunt|Pecharunt|100/100
|move|p2a: Pecharunt|Recover|p2a: Pecharunt
|-heal|p2a: Pecharunt|95/100
|
|upkeep
|turn|25
|
|t:|1769308297
|switch|p2a: Samurott|Samurott-Hisui, F|88/100
|-damage|p2a: Samurott|76/100|[from] Spikes
|move|p1a: Pecharunt|Shadow Ball|p2a: Samurott
|-resisted|p2a: Samurott
|-damage|p2a: Samurott|65/100
|-unboost|p2a: Samurott|spd|1
|
|upkeep
|turn|26
|
|t:|1769308310
|switch|p1a: Zamazenta|Zamazenta|100/100
|move|p2a: Samurott|Ceaseless Edge|p1a: Zamazenta
|-resisted|p1a: Zamazenta
|-damage|p1a: Zamazenta|81/100
|-sidestart|p1: SkyHiSundae|Spikes
|
|upkeep
|turn|27
|
|t:|1769308319
|switch|p2a: Pecharunt|Pecharunt|95/100
|move|p1a: Zamazenta|Crunch|p2a: Pecharunt
|-supereffective|p2a: Pecharunt
|-damage|p2a: Pecharunt|66/100
|
|upkeep
|turn|28
|
|t:|1769308333
|move|p1a: Zamazenta|Crunch|p2a: Pecharunt
|-supereffective|p2a: Pecharunt
|-damage|p2a: Pecharunt|32/100
|move|p2a: Pecharunt|Recover|p2a: Pecharunt
|-heal|p2a: Pecharunt|82/100
|
|upkeep
|turn|29
|
|t:|1769308338
|move|p1a: Zamazenta|Crunch|p2a: Pecharunt
|-supereffective|p2a: Pecharunt
|-damage|p2a: Pecharunt|51/100
|move|p2a: Pecharunt|Malignant Chain|p1a: Zamazenta
|-damage|p1a: Zamazenta|54/100
|-status|p1a: Zamazenta|tox
|-start|p1a: Zamazenta|confusion|[from] ability: Poison Puppeteer|[of] p2a: Pecharunt
|
|-damage|p1a: Zamazenta|48/100 tox|[from] psn
|upkeep
|turn|30
|
|t:|1769308345
|switch|p1a: Pecharunt|Pecharunt|100/100
|move|p2a: Pecharunt|Recover|p2a: Pecharunt
|-heal|p2a: Pecharunt|100/100
|
|upkeep
|turn|31
|
|t:|1769308361
|switch|p2a: Samurott|Samurott-Hisui, F|65/100
|-damage|p2a: Samurott|53/100|[from] Spikes
|move|p1a: Pecharunt|Nasty Plot|p1a: Pecharunt
|-boost|p1a: Pecharunt|spa|2
|
|upkeep
|turn|32
|
|t:|1769308366
|move|p1a: Pecharunt|Malignant Chain|p2a: Samurott
|-damage|p2a: Samurott|0 fnt
|faint|p2a: Samurott
|
|upkeep
|inactive|brandonlee1 has 270 seconds left.
|
|t:|1769308397
|switch|p2a: Pecharunt|Pecharunt|100/100
|turn|33
|
|t:|1769308406
|move|p2a: Pecharunt|Shadow Ball|p1a: Pecharunt
|-supereffective|p1a: Pecharunt
|-damage|p1a: Pecharunt|41/100
|move|p1a: Pecharunt|Malignant Chain|p2a: Pecharunt
|-resisted|p2a: Pecharunt
|-damage|p2a: Pecharunt|82/100
|
|upkeep
|turn|34
|
|t:|1769308423
|move|p2a: Pecharunt|Shadow Ball|p1a: Pecharunt
|-supereffective|p1a: Pecharunt
|-damage|p1a: Pecharunt|0 fnt
|faint|p1a: Pecharunt
|
|upkeep
|
|t:|1769308430
|switch|p1a: Zapdos|Zapdos|100/100
|turn|35
|
|t:|1769308435
|move|p2a: Pecharunt|Malignant Chain|p1a: Zapdos
|-damage|p1a: Zapdos|71/100
|-status|p1a: Zapdos|tox
|-start|p1a: Zapdos|confusion|[from] ability: Poison Puppeteer|[of] p2a: Pecharunt
|-activate|p1a: Zapdos|confusion
|move|p1a: Zapdos|Discharge|p2a: Pecharunt
|-damage|p2a: Pecharunt|48/100
|-status|p2a: Pecharunt|par
|
|-damage|p1a: Zapdos|65/100 tox|[from] psn
|upkeep
|turn|36
|
|t:|1769308448
|switch|p1a: Great Tusk|Great Tusk|35/100
|-damage|p1a: Great Tusk|32/100|[from] Stealth Rock
|-damage|p1a: Great Tusk|19/100|[from] Spikes
|move|p2a: Pecharunt|Recover|p2a: Pecharunt
|-heal|p2a: Pecharunt|98/100 par
|
|upkeep
|turn|37
|
|t:|1769308455
|move|p1a: Great Tusk|Headlong Rush|p2a: Pecharunt
|-supereffective|p2a: Pecharunt
|-crit|p2a: Pecharunt
|-damage|p2a: Pecharunt|6/100 par
|-unboost|p1a: Great Tusk|def|1
|-unboost|p1a: Great Tusk|spd|1
|move|p2a: Pecharunt|Shadow Ball|p1a: Great Tusk
|-damage|p1a: Great Tusk|0 fnt
|faint|p1a: Great Tusk
|-end|p1a: Great Tusk|Protosynthesis|[silent]
|
|upkeep
|
|t:|1769308464
|switch|p1a: Zapdos|Zapdos|65/100 tox
|turn|38
|
|t:|1769308466
|move|p1a: Zapdos|Volt Switch|p2a: Pecharunt
|-damage|p2a: Pecharunt|0 fnt
|faint|p2a: Pecharunt
|
|t:|1769308469
|switch|p1a: Garganacl|Garganacl, F|91/100|[from] Volt Switch
|-damage|p1a: Garganacl|78/100|[from] Stealth Rock
|-damage|p1a: Garganacl|66/100|[from] Spikes
|
|-heal|p1a: Garganacl|72/100|[from] item: Leftovers
|upkeep
|
|t:|1769308472
|switch|p2a: Gholdengo|Gholdengo|37/100
|-damage|p2a: Gholdengo|25/100|[from] Spikes
|turn|39
|
|t:|1769308476
|-terastallize|p1a: Garganacl|Water
|move|p2a: Gholdengo|Make It Rain|p1a: Garganacl
|-resisted|p1a: Garganacl
|-damage|p1a: Garganacl|46/100
|-unboost|p2a: Gholdengo|spa|1
|move|p1a: Garganacl|Iron Defense|p1a: Garganacl
|-boost|p1a: Garganacl|def|2
|
|-heal|p1a: Garganacl|52/100|[from] item: Leftovers
|upkeep
|turn|40
|
|t:|1769308484
|move|p2a: Gholdengo|Recover|p2a: Gholdengo
|-heal|p2a: Gholdengo|75/100
|move|p1a: Garganacl|Recover|p1a: Garganacl
|-heal|p1a: Garganacl|100/100
|
|upkeep
|turn|41
|c|☆SkyHiSundae|bro, this entire time I thought ghold was scarf
|
|t:|1769308510
|switch|p2a: Zamazenta|Zamazenta|70/100
|move|p1a: Garganacl|Salt Cure|p2a: Zamazenta
|-resisted|p2a: Zamazenta
|-damage|p2a: Zamazenta|64/100
|-start|p2a: Zamazenta|Salt Cure
|
|-damage|p2a: Zamazenta|52/100|[from] Salt Cure
|upkeep
|turn|42
|
|t:|1769308517
|move|p2a: Zamazenta|Ice Fang|p1a: Garganacl
|-resisted|p1a: Garganacl
|-damage|p1a: Garganacl|96/100
|move|p1a: Garganacl|Body Press|p2a: Zamazenta
|-damage|p2a: Zamazenta|9/100
|
|-heal|p1a: Garganacl|100/100|[from] item: Leftovers
|-damage|p2a: Zamazenta|0 fnt|[from] Salt Cure
|faint|p2a: Zamazenta
|upkeep
|
|t:|1769308519
|switch|p2a: Gholdengo|Gholdengo|75/100
|-damage|p2a: Gholdengo|62/100|[from] Spikes
|turn|43
|
|t:|1769308524
|move|p2a: Gholdengo|Nasty Plot|p2a: Gholdengo
|-boost|p2a: Gholdengo|spa|2
|move|p1a: Garganacl|Recover||[still]
|-fail|p1a: Garganacl|heal
|
|upkeep
|turn|44
|
|t:|1769308528
|move|p2a: Gholdengo|Thunderbolt|p1a: Garganacl
|-supereffective|p1a: Garganacl
|-damage|p1a: Garganacl|13/100
|move|p1a: Garganacl|Salt Cure|p2a: Gholdengo
|-resisted|p2a: Gholdengo
|-damage|p2a: Gholdengo|54/100
|-start|p2a: Gholdengo|Salt Cure
|
|-heal|p1a: Garganacl|20/100|[from] item: Leftovers
|-damage|p2a: Gholdengo|29/100|[from] Salt Cure
|upkeep
|turn|45
|
|t:|1769308543
|move|p2a: Gholdengo|Thunderbolt|p1a: Garganacl
|-supereffective|p1a: Garganacl
|-damage|p1a: Garganacl|0 fnt
|faint|p1a: Garganacl
|
|-damage|p2a: Gholdengo|5/100|[from] Salt Cure
|upkeep
|
|t:|1769308546
|switch|p1a: Zamazenta|Zamazenta|48/100 tox
|turn|46
|
|t:|1769308553
|move|p1a: Zamazenta|Crunch|p2a: Gholdengo
|-supereffective|p2a: Gholdengo
|-damage|p2a: Gholdengo|0 fnt
|faint|p2a: Gholdengo
|
|-damage|p1a: Zamazenta|41/100 tox|[from] psn
|upkeep
|
|t:|1769308554
|switch|p2a: Dragonite|Dragonite, F|100/100
|turn|47
|
|t:|1769308560
|move|p1a: Zamazenta|Crunch|p2a: Dragonite
|-damage|p2a: Dragonite|86/100
|move|p2a: Dragonite|Dragon Dance|p2a: Dragonite
|-boost|p2a: Dragonite|atk|1
|-boost|p2a: Dragonite|spe|1
|
|-damage|p1a: Zamazenta|29/100 tox|[from] psn
|upkeep
|turn|48
|
|t:|1769308566
|move|p2a: Dragonite|Earthquake|p1a: Zamazenta
|-damage|p1a: Zamazenta|0 fnt
|faint|p1a: Zamazenta
|
|upkeep
|
|t:|1769308570
|switch|p1a: Zapdos|Zapdos|65/100 tox
|turn|49
|
|t:|1769308573
|-terastallize|p2a: Dragonite|Ground
|move|p2a: Dragonite|Ice Spinner|p1a: Zapdos
|-supereffective|p1a: Zapdos
|-damage|p1a: Zapdos|5/100 tox
|move|p1a: Zapdos|Discharge|p2a: Dragonite
|-immune|p2a: Dragonite
|
|-damage|p1a: Zapdos|0 fnt|[from] psn
|faint|p1a: Zapdos
|
|win|brandonlee1
