|badge|p1|bronze|gen9uu|100-8
|uhtml|medal-msg|<div class="broadcast-blue">Curious what those medals under the avatar are? PS now has Ladder Seasons! For more information, check out the <a href="https://www.smogon.com/forums/threads/3740067/">thread on Smogon.</a></div>
|j|☆megastar54
|j|‽swaqfeq
|t:|1769315045
|gametype|singles
|player|p1|megastar54|lillie-masters2|1552
|player|p2|swaqfeq|169|1562
|gen|9
|tier|[Gen 9] OU
|rated|
|rule|HP Percentage Mod: HP is shown in percentages
|rule|Endless Battle Clause: Forcing endless battles is banned
|rule|Species Clause: Limit one of each Pokémon
|rule|OHKO Clause: OHKO moves are banned
|rule|Evasion Items Clause: Evasion items are banned
|rule|Evasion Moves Clause: Evasion moves are banned
|rule|Evasion Abilities Clause: Evasion abilities are banned
|rule|Sleep Moves Clause: Sleep-inducing moves are banned
|clearpoke
|poke|p1|Dragapult, F|
|poke|p1|Corviknight, M|
|poke|p1|Landorus-Therian, M|
|poke|p1|Primarina, M|
|poke|p1|Gholdengo|
|poke|p1|Meowscarada, M|
|poke|p2|Jolteon, F|
|poke|p2|Slowking-Galar, F|
|poke|p2|Great Tusk|
|poke|p2|Moltres|
|poke|p2|Kingambit, M|
|poke|p2|Hydrapple, M|
|teampreview
|inactive|Battle timer is ON: inactive players will automatically lose when time's up. (requested by megastar54)
|inactive|swaqfeq has 120 seconds left.
|inactive|swaqfeq has 90 seconds left.
|inactive|swaqfeq has 60 seconds left.
|inactive|swaqfeq has 30 seconds left.
|inactive|swaqfeq has 20 seconds left.
|inactive|swaqfeq has 15 seconds left.
|inactive|swaqfeq has 10 seconds left.
|
|t:|1769315189
|teamsize|p1|6
|teamsize|p2|6
|start
|switch|p1a: Dragapult|Dragapult, F|100/100
|switch|p2a: Great Tusk|Great Tusk|100/100
|turn|1
|
|t:|1769315195
|move|p1a: Dragapult|Will-O-Wisp|p2a: Great Tusk|[miss]
|-miss|p1a: Dragapult|p2a: Great Tusk
|move|p2a: Great Tusk|Stealth Rock|p1a: Dragapult
|-sidestart|p1: megastar54|move: Stealth Rock
|
|upkeep
|turn|2
|
|t:|1769315198
|-end|p2a: Great Tusk|Protosynthesis|[silent]
|switch|p2a: Moltres|Moltres|100/100
|move|p1a: Dragapult|Will-O-Wisp|p2a: Moltres
|-immune|p2a: Moltres
|
|upkeep
|turn|3
|
|t:|1769315204
|move|p1a: Dragapult|Dragon Darts|p2a: Moltres
|-damage|p2a: Moltres|83/100
|-anim|p1a: Dragapult|Dragon Darts|p2a: Moltres
|-damage|p2a: Moltres|66/100
|move|p2a: Moltres|Will-O-Wisp|p1a: Dragapult
|-status|p1a: Dragapult|brn
|
|-damage|p1a: Dragapult|95/100 brn|[from] brn
|upkeep
|turn|4
|
|t:|1769315212
|move|p1a: Dragapult|U-turn|p2a: Moltres
|-resisted|p2a: Moltres
|-crit|p2a: Moltres
|-damage|p2a: Moltres|63/100
|
|t:|1769315213
|switch|p1a: Primarina|Primarina, M|100/100|[from] U-turn
|-damage|p1a: Primarina|88/100|[from] Stealth Rock
|move|p2a: Moltres|Will-O-Wisp|p1a: Primarina
|-status|p1a: Primarina|brn
|
|-heal|p1a: Primarina|94/100 brn|[from] item: Leftovers
|-damage|p1a: Primarina|88/100 brn|[from] brn
|upkeep
|turn|5
|
|t:|1769315217
|switch|p2a: Slowking|Slowking-Galar, F|100/100
|move|p1a: Primarina|Calm Mind|p1a: Primarina
|-boost|p1a: Primarina|spa|1
|-boost|p1a: Primarina|spd|1
|
|-heal|p1a: Primarina|94/100 brn|[from] item: Leftovers
|-damage|p1a: Primarina|88/100 brn|[from] brn
|upkeep
|turn|6
|
|t:|1769315227
|-terastallize|p1a: Primarina|Steel
|move|p1a: Primarina|Substitute|p1a: Primarina
|-start|p1a: Primarina|Substitute
|-damage|p1a: Primarina|63/100 brn
|move|p2a: Slowking|Sludge Bomb|p1a: Primarina
|-immune|p1a: Primarina
|
|-heal|p1a: Primarina|69/100 brn|[from] item: Leftovers
|-damage|p1a: Primarina|63/100 brn|[from] brn
|upkeep
|turn|7
|
|t:|1769315230
|move|p1a: Primarina|Calm Mind|p1a: Primarina
|-boost|p1a: Primarina|spa|1
|-boost|p1a: Primarina|spd|1
|move|p2a: Slowking|Flamethrower|p1a: Primarina
|-supereffective|p1a: Primarina
|-activate|p1a: Primarina|move: Substitute|[damage]
|
|-heal|p1a: Primarina|69/100 brn|[from] item: Leftovers
|-damage|p1a: Primarina|63/100 brn|[from] brn
|upkeep
|turn|8
|
|t:|1769315233
|move|p1a: Primarina|Calm Mind|p1a: Primarina
|-boost|p1a: Primarina|spa|1
|-boost|p1a: Primarina|spd|1
|move|p2a: Slowking|Flamethrower|p1a: Primarina
|-supereffective|p1a: Primarina
|-end|p1a: Primarina|Substitute
|
|-heal|p1a: Primarina|69/100 brn|[from] item: Leftovers
|-damage|p1a: Primarina|63/100 brn|[from] brn
|upkeep
|turn|9
|
|t:|1769315238
|move|p1a: Primarina|Substitute|p1a: Primarina
|-start|p1a: Primarina|Substitute
|-damage|p1a: Primarina|38/100 brn
|move|p2a: Slowking|Flamethrower|p1a: Primarina
|-supereffective|p1a: Primarina
|-activate|p1a: Primarina|move: Substitute|[damage]
|
|-heal|p1a: Primarina|44/100 brn|[from] item: Leftovers
|-damage|p1a: Primarina|38/100 brn|[from] brn
|upkeep
|turn|10
|inactive|megastar54 has 120 seconds left.
|
|t:|1769315286
|move|p1a: Primarina|Psychic Noise|p2a: Slowking
|-damage|p2a: Slowking|64/100
|-start|p2a: Slowking|move: Heal Block
|move|p2a: Slowking|Flamethrower|p1a: Primarina
|-supereffective|p1a: Primarina
|-end|p1a: Primarina|Substitute
|
|-heal|p1a: Primarina|44/100 brn|[from] item: Leftovers
|-damage|p1a: Primarina|38/100 brn|[from] brn
|upkeep
|turn|11
|
|t:|1769315306
|move|p1a: Primarina|Psychic Noise|p2a: Slowking
|-damage|p2a: Slowking|28/100
|move|p2a: Slowking|Flamethrower|p1a: Primarina
|-supereffective|p1a: Primarina
|-crit|p1a: Primarina
|-damage|p1a: Primarina|0 fnt
|faint|p1a: Primarina
|
|-end|p2a: Slowking|move: Heal Block
|upkeep
|
|t:|1769315314
|switch|p1a: Landorus|Landorus-Therian, M|100/100
|-damage|p1a: Landorus|88/100|[from] Stealth Rock
|-ability|p1a: Landorus|Intimidate|boost
|-unboost|p2a: Slowking|atk|1
|turn|12
|
|t:|1769315319
|switch|p2a: Great Tusk|Great Tusk|100/100
|move|p1a: Landorus|Stealth Rock|p2a: Great Tusk
|-sidestart|p2: swaqfeq|move: Stealth Rock
|
|upkeep
|turn|13
|
|t:|1769315323
|move|p1a: Landorus|U-turn|p2a: Great Tusk
|-resisted|p2a: Great Tusk
|-damage|p2a: Great Tusk|94/100
|-damage|p1a: Landorus|72/100|[from] item: Rocky Helmet|[of] p2a: Great Tusk
|
|t:|1769315324
|switch|p1a: Dragapult|Dragapult, F|95/100 brn|[from] U-turn
|move|p2a: Great Tusk|Ice Spinner|p1a: Dragapult
|-supereffective|p1a: Dragapult
|-damage|p1a: Dragapult|28/100 brn
|
|-damage|p1a: Dragapult|22/100 brn|[from] brn
|upkeep
|turn|14
|
|t:|1769315332
|-end|p2a: Great Tusk|Protosynthesis|[silent]
|switch|p2a: Moltres|Moltres|63/100
|move|p1a: Dragapult|Will-O-Wisp|p2a: Moltres
|-immune|p2a: Moltres
|
|-damage|p1a: Dragapult|16/100 brn|[from] brn
|upkeep
|turn|15
|
|t:|1769315337
|move|p1a: Dragapult|U-turn|p2a: Moltres
|-resisted|p2a: Moltres
|-damage|p2a: Moltres|61/100
|
|t:|1769315339
|switch|p1a: Landorus|Landorus-Therian, M|72/100|[from] U-turn
|-damage|p1a: Landorus|59/100|[from] Stealth Rock
|-ability|p1a: Landorus|Intimidate|boost
|-unboost|p2a: Moltres|atk|1
|move|p2a: Moltres|Roost|p2a: Moltres
|-heal|p2a: Moltres|100/100
|-singleturn|p2a: Moltres|move: Roost
|
|upkeep
|turn|16
|
|t:|1769315341
|switch|p2a: Great Tusk|Great Tusk|94/100
|-damage|p2a: Great Tusk|91/100|[from] Stealth Rock
|move|p1a: Landorus|Stone Edge|p2a: Great Tusk
|-resisted|p2a: Great Tusk
|-crit|p2a: Great Tusk
|-damage|p2a: Great Tusk|85/100
|
|upkeep
|turn|17
|
|t:|1769315346
|move|p1a: Landorus|U-turn|p2a: Great Tusk
|-resisted|p2a: Great Tusk
|-damage|p2a: Great Tusk|79/100
|-damage|p1a: Landorus|43/100|[from] item: Rocky Helmet|[of] p2a: Great Tusk
|
|t:|1769315347
|switch|p1a: Dragapult|Dragapult, F|16/100 brn|[from] U-turn
|move|p2a: Great Tusk|Ice Spinner|p1a: Dragapult
|-supereffective|p1a: Dragapult
|-damage|p1a: Dragapult|0 fnt
|faint|p1a: Dragapult
|
|upkeep
|
|t:|1769315348
|switch|p1a: Landorus|Landorus-Therian, M|43/100
|-damage|p1a: Landorus|31/100|[from] Stealth Rock
|-ability|p1a: Landorus|Intimidate|boost
|-unboost|p2a: Great Tusk|atk|1
|turn|18
|
|t:|1769315351
|move|p1a: Landorus|Earthquake|p2a: Great Tusk
|-damage|p2a: Great Tusk|53/100
|move|p2a: Great Tusk|Ice Spinner|p1a: Landorus
|-supereffective|p1a: Landorus
|-damage|p1a: Landorus|0 fnt
|-damage|p2a: Great Tusk|36/100|[from] item: Rocky Helmet|[of] p1a: Landorus
|faint|p1a: Landorus
|
|upkeep
|
|t:|1769315365
|switch|p1a: Meowscarada|Meowscarada, M|100/100
|-damage|p1a: Meowscarada|88/100|[from] Stealth Rock
|turn|19
|
|t:|1769315370
|-end|p2a: Great Tusk|Protosynthesis|[silent]
|switch|p2a: Moltres|Moltres|100/100
|move|p1a: Meowscarada|Knock Off|p2a: Moltres
|-start|p1a: Meowscarada|typechange|Dark|[from] ability: Protean
|-damage|p2a: Moltres|44/100
|-enditem|p2a: Moltres|Heavy-Duty Boots|[from] move: Knock Off|[of] p1a: Meowscarada
|
|upkeep
|turn|20
|
|t:|1769315374
|switch|p1a: Gholdengo|Gholdengo|100/100
|-damage|p1a: Gholdengo|94/100|[from] Stealth Rock
|-item|p1a: Gholdengo|Air Balloon
|move|p2a: Moltres|Roost|p2a: Moltres
|-heal|p2a: Moltres|94/100
|-singleturn|p2a: Moltres|move: Roost
|
|upkeep
|turn|21
|
|t:|1769315378
|move|p1a: Gholdengo|Shadow Ball|p2a: Moltres
|-damage|p2a: Moltres|59/100
|move|p2a: Moltres|Flamethrower|p1a: Gholdengo
|-supereffective|p1a: Gholdengo
|-damage|p1a: Gholdengo|13/100
|-enditem|p1a: Gholdengo|Air Balloon
|
|upkeep
|turn|22
|
|t:|1769315382
|move|p1a: Gholdengo|Shadow Ball|p2a: Moltres
|-crit|p2a: Moltres
|-damage|p2a: Moltres|0 fnt
|faint|p2a: Moltres
|
|upkeep
|
|t:|1769315385
|switch|p2a: Jolteon|Jolteon, F|100/100
|turn|23
|
|t:|1769315388
|move|p2a: Jolteon|Thunderbolt|p1a: Gholdengo
|-damage|p1a: Gholdengo|0 fnt
|faint|p1a: Gholdengo
|
|upkeep
|
|t:|1769315391
|switch|p1a: Meowscarada|Meowscarada, M|88/100
|-damage|p1a: Meowscarada|76/100|[from] Stealth Rock
|turn|24
|
|t:|1769315401
|move|p2a: Jolteon|Volt Switch|p1a: Meowscarada
|-resisted|p1a: Meowscarada
|-damage|p1a: Meowscarada|51/100
|
|t:|1769315404
|switch|p2a: Great Tusk|Great Tusk|36/100|[from] Volt Switch
|-damage|p2a: Great Tusk|33/100|[from] Stealth Rock
|move|p1a: Meowscarada|U-turn|p2a: Great Tusk
|-start|p1a: Meowscarada|typechange|Bug|[from] ability: Protean
|-resisted|p2a: Great Tusk
|-damage|p2a: Great Tusk|22/100
|-damage|p1a: Meowscarada|35/100|[from] item: Rocky Helmet|[of] p2a: Great Tusk
|
|t:|1769315406
|switch|p1a: Corviknight|Corviknight, M|100/100|[from] U-turn
|-damage|p1a: Corviknight|88/100|[from] Stealth Rock
|-ability|p1a: Corviknight|Pressure
|
|upkeep
|turn|25
|
|t:|1769315409
|move|p2a: Great Tusk|Rapid Spin|p1a: Corviknight
|-resisted|p1a: Corviknight
|-damage|p1a: Corviknight|82/100
|-boost|p2a: Great Tusk|spe|1
|-damage|p2a: Great Tusk|5/100|[from] item: Rocky Helmet|[of] p1a: Corviknight
|-sideend|p2: swaqfeq|Stealth Rock|[from] move: Rapid Spin|[of] p2a: Great Tusk
|move|p1a: Corviknight|Defog|p2a: Great Tusk
|-unboost|p2a: Great Tusk|evasion|1
|-sideend|p1: megastar54|Stealth Rock|[from] move: Defog|[of] p1a: Corviknight
|
|upkeep
|turn|26
|
|t:|1769315412
|move|p2a: Great Tusk|Stealth Rock|p1a: Corviknight
|-sidestart|p1: megastar54|move: Stealth Rock
|move|p1a: Corviknight|U-turn|p2a: Great Tusk
|-resisted|p2a: Great Tusk
|-damage|p2a: Great Tusk|2/100
|-damage|p1a: Corviknight|66/100|[from] item: Rocky Helmet|[of] p2a: Great Tusk
|
|t:|1769315414
|switch|p1a: Meowscarada|Meowscarada, M|35/100|[from] U-turn
|-damage|p1a: Meowscarada|23/100|[from] Stealth Rock
|
|upkeep
|turn|27
|-message|megastar54 forfeited.
|
|win|swaqfeq
|raw|megastar54's rating: 1552 &rarr; <strong>1533</strong><br />(-19 for losing)
|raw|swaqfeq's rating: 1562 &rarr; <strong>1581</strong><br />(+19 for winning)
|l|☆megastar54
|player|p1|
|l|‽swaqfeq
|player|p2|
