|j|☆Scheederderechte
|j|☆bunk97
|t:|1769354961
|gametype|singles
|player|p1|Scheederderechte|1|1086
|player|p2|bunk97|102|1086
|gen|9
|tier|[Gen 9] OU
|rated|
|rule|HP Percentage Mod: HP is shown in percentages
|rule|Endless Battle Clause: Forcing endless battles is banned
|rule|Species Clause: Limit one of each Pokémon
|rule|OHKO Clause: OHKO moves are banned
|rule|Evasion Items Clause: Evasion items are banned
|rule|Evasion Moves Clause: Evasion moves are banned
|rule|Evasion Abilities Clause: Evasion abilities are banned
|rule|Sleep Moves Clause: Sleep-inducing moves are banned
|clearpoke
|poke|p1|Tropius, M|
|poke|p1|Ninetales, F|
|poke|p1|Sableye, M|
|poke|p1|Great Tusk|
|poke|p1|Raging Bolt|
|poke|p1|Walking Wake|
|poke|p2|Indeedee, M|
|poke|p2|Espeon, F|
|poke|p2|Hatterene, F|
|poke|p2|Polteageist|
|poke|p2|Hoopa-Unbound|
|poke|p2|Iron Treads|
|teampreview
|
|t:|1769354987
|teamsize|p1|6
|teamsize|p2|6
|start
|switch|p1a: Sableye|Sableye, M|100/100
|switch|p2a: Indeedee|Indeedee, M|100/100
|-fieldstart|move: Psychic Terrain|[from] ability: Psychic Surge|[of] p2a: Indeedee
|turn|1
|
|t:|1769354997
|switch|p2a: Espeon|Espeon, F|100/100
|move|p1a: Sableye|Knock Off|p2a: Espeon
|-supereffective|p2a: Espeon
|-damage|p2a: Espeon|8/100
|-enditem|p2a: Espeon|Focus Sash|[from] move: Knock Off|[of] p1a: Sableye
|
|upkeep
|turn|2
|
|t:|1769355012
|move|p2a: Espeon|Dazzling Gleam|p1a: Sableye
|-supereffective|p1a: Sableye
|-damage|p1a: Sableye|31/100
|move|p1a: Sableye|Knock Off|p2a: Espeon
|-supereffective|p2a: Espeon
|-damage|p2a: Espeon|0 fnt
|faint|p2a: Espeon
|
|upkeep
|
|t:|1769355016
|switch|p2a: Hoopa|Hoopa-Unbound|100/100
|turn|3
|
|t:|1769355025
|move|p1a: Sableye|Recover|p1a: Sableye
|-heal|p1a: Sableye|81/100
|move|p2a: Hoopa|Trick Room|p2a: Hoopa
|-fieldstart|move: Trick Room|[of] p2a: Hoopa
|-enditem|p2a: Hoopa|Room Service
|-unboost|p2a: Hoopa|spe|1|[from] item: Room Service
|
|upkeep
|turn|4
|
|t:|1769355033
|move|p1a: Sableye|Will-O-Wisp|p2a: Hoopa
|-activate|p2a: Hoopa|move: Psychic Terrain
|move|p2a: Hoopa|Dark Pulse|p1a: Sableye
|-damage|p1a: Sableye|21/100
|-item|p2a: Hoopa|Heat Rock|[from] ability: Magician|[of] p1a: Sableye
|
|upkeep
|turn|5
|
|t:|1769355041
|switch|p2a: Hatterene|Hatterene, F|100/100
|move|p1a: Sableye|Recover|p1a: Sableye
|-heal|p1a: Sableye|71/100
|
|upkeep
|turn|6
|
|t:|1769355048
|move|p1a: Sableye|Recover|p1a: Sableye
|-heal|p1a: Sableye|100/100
|move|p2a: Hatterene|Draining Kiss|p1a: Sableye
|-supereffective|p1a: Sableye
|-damage|p1a: Sableye|31/100
|
|upkeep
|turn|7
|
|t:|1769355064
|move|p1a: Sableye|Sunny Day|p1a: Sableye
|-weather|SunnyDay
|move|p2a: Hatterene|Draining Kiss|p1a: Sableye
|-supereffective|p1a: Sableye
|-damage|p1a: Sableye|0 fnt
|faint|p1a: Sableye
|
|-weather|SunnyDay|[upkeep]
|-fieldend|move: Trick Room
|upkeep
|
|t:|1769355075
|switch|p1a: Ninetales|Ninetales, F|100/100
|turn|8
|
|t:|1769355121
|move|p1a: Ninetales|Flare Blitz|p2a: Hatterene
|-damage|p2a: Hatterene|0 fnt
|faint|p2a: Hatterene
|-damage|p1a: Ninetales|71/100|[from] Recoil
|
|-weather|SunnyDay|[upkeep]
|-fieldend|move: Psychic Terrain
|upkeep
|
|t:|1769355128
|switch|p2a: Indeedee|Indeedee, M|100/100
|-fieldstart|move: Psychic Terrain|[from] ability: Psychic Surge|[of] p2a: Indeedee
|turn|9
|
|t:|1769355133
|move|p2a: Indeedee|Expanding Force|p1a: Ninetales
|-damage|p1a: Ninetales|0 fnt
|faint|p1a: Ninetales
|
|-weather|SunnyDay|[upkeep]
|upkeep
|
|t:|1769355139
|switch|p1a: Tropius|Tropius, M|100/100
|turn|10
|
|t:|1769355165
|switch|p2a: Hoopa|Hoopa-Unbound|100/100
|-terastallize|p1a: Tropius|Steel
|move|p1a: Tropius|Leech Seed|p2a: Hoopa
|-start|p2a: Hoopa|move: Leech Seed
|
|-weather|SunnyDay|[upkeep]
|-damage|p2a: Hoopa|88/100|[from] Leech Seed|[of] p1a: Tropius
|upkeep
|turn|11
|
|t:|1769355176
|move|p1a: Tropius|Substitute|p1a: Tropius
|-start|p1a: Tropius|Substitute
|-damage|p1a: Tropius|76/100
|move|p2a: Hoopa|Trick Room|p2a: Hoopa
|-fieldstart|move: Trick Room|[of] p2a: Hoopa
|
|-weather|none
|-damage|p2a: Hoopa|76/100|[from] Leech Seed|[of] p1a: Tropius
|-heal|p1a: Tropius|87/100|[silent]
|upkeep
|turn|12
|
|t:|1769355196
|move|p1a: Tropius|Air Slash|p2a: Hoopa
|-damage|p2a: Hoopa|62/100
|cant|p2a: Hoopa|flinch
|
|-damage|p2a: Hoopa|49/100|[from] Leech Seed|[of] p1a: Tropius
|-heal|p1a: Tropius|98/100|[silent]
|upkeep
|turn|13
|
|t:|1769355201
|switch|p2a: Iron Treads|Iron Treads|100/100
|-enditem|p2a: Iron Treads|Booster Energy
|-activate|p2a: Iron Treads|ability: Quark Drive|[fromitem]
|-start|p2a: Iron Treads|quarkdrivespe
|move|p1a: Tropius|Air Slash|p2a: Iron Treads
|-resisted|p2a: Iron Treads
|-damage|p2a: Iron Treads|86/100
|
|upkeep
|turn|14
|
|t:|1769355210
|move|p1a: Tropius|Leech Seed|p2a: Iron Treads
|-start|p2a: Iron Treads|move: Leech Seed
|move|p2a: Iron Treads|Earthquake|p1a: Tropius
|-supereffective|p1a: Tropius
|-end|p1a: Tropius|Substitute
|
|-damage|p2a: Iron Treads|74/100|[from] Leech Seed|[of] p1a: Tropius
|-heal|p1a: Tropius|100/100|[silent]
|upkeep
|turn|15
|
|t:|1769355225
|move|p1a: Tropius|Protect|p1a: Tropius
|-singleturn|p1a: Tropius|Protect
|move|p2a: Iron Treads|Rapid Spin|p1a: Tropius
|-activate|p1a: Tropius|move: Protect
|
|-damage|p2a: Iron Treads|62/100|[from] Leech Seed|[of] p1a: Tropius
|-fieldend|move: Trick Room
|upkeep
|turn|16
|
|t:|1769355232
|move|p2a: Iron Treads|Rapid Spin|p1a: Tropius
|-resisted|p1a: Tropius
|-damage|p1a: Tropius|94/100
|-boost|p2a: Iron Treads|spe|1
|-end|p2a: Iron Treads|Leech Seed|[from] move: Rapid Spin|[of] p2a: Iron Treads
|move|p1a: Tropius|Substitute|p1a: Tropius
|-start|p1a: Tropius|Substitute
|-damage|p1a: Tropius|69/100
|
|-fieldend|move: Psychic Terrain
|upkeep
|turn|17
|
|t:|1769355242
|move|p2a: Iron Treads|Earthquake|p1a: Tropius
|-supereffective|p1a: Tropius
|-end|p1a: Tropius|Substitute
|move|p1a: Tropius|Leech Seed|p2a: Iron Treads
|-start|p2a: Iron Treads|move: Leech Seed
|
|-damage|p2a: Iron Treads|49/100|[from] Leech Seed|[of] p1a: Tropius
|-heal|p1a: Tropius|79/100|[silent]
|upkeep
|turn|18
|
|t:|1769355263
|move|p1a: Tropius|Protect|p1a: Tropius
|-singleturn|p1a: Tropius|Protect
|move|p2a: Iron Treads|Knock Off|p1a: Tropius
|-activate|p1a: Tropius|move: Protect
|
|-damage|p2a: Iron Treads|37/100|[from] Leech Seed|[of] p1a: Tropius
|-heal|p1a: Tropius|89/100|[silent]
|upkeep
|turn|19
|
|t:|1769355272
|move|p2a: Iron Treads|Knock Off|p1a: Tropius
|-damage|p1a: Tropius|67/100
|-enditem|p1a: Tropius|Sitrus Berry|[from] move: Knock Off|[of] p2a: Iron Treads
|move|p1a: Tropius|Substitute|p1a: Tropius
|-start|p1a: Tropius|Substitute
|-damage|p1a: Tropius|42/100
|
|-damage|p2a: Iron Treads|24/100|[from] Leech Seed|[of] p1a: Tropius
|-heal|p1a: Tropius|52/100|[silent]
|upkeep
|turn|20
|
|t:|1769355292
|move|p1a: Tropius|Protect|p1a: Tropius
|-singleturn|p1a: Tropius|Protect
|move|p2a: Iron Treads|Rapid Spin|p1a: Tropius
|-activate|p1a: Tropius|move: Protect
|
|-damage|p2a: Iron Treads|12/100|[from] Leech Seed|[of] p1a: Tropius
|-heal|p1a: Tropius|62/100|[silent]
|upkeep
|turn|21
|
|t:|1769355304
|switch|p1a: Great Tusk|Great Tusk|100/100
|move|p2a: Iron Treads|Rapid Spin|p1a: Great Tusk
|-damage|p1a: Great Tusk|91/100
|-boost|p2a: Iron Treads|spe|1
|-damage|p2a: Iron Treads|0 fnt|[from] item: Rocky Helmet|[of] p1a: Great Tusk
|faint|p2a: Iron Treads
|-end|p2a: Iron Treads|Quark Drive|[silent]
|
|upkeep
|
|t:|1769355323
|switch|p2a: Indeedee|Indeedee, M|100/100
|-fieldstart|move: Psychic Terrain|[from] ability: Psychic Surge|[of] p2a: Indeedee
|turn|22
|
|t:|1769355332
|move|p2a: Indeedee|Expanding Force|p1a: Great Tusk
|-supereffective|p1a: Great Tusk
|-damage|p1a: Great Tusk|0 fnt
|faint|p1a: Great Tusk
|-end|p1a: Great Tusk|Protosynthesis|[silent]
|
|upkeep
|
|t:|1769355335
|switch|p1a: Tropius|Tropius, M, tera:Steel|62/100
|turn|23
|
|t:|1769355340
|move|p2a: Indeedee|Expanding Force|p1a: Tropius
|-resisted|p1a: Tropius
|-damage|p1a: Tropius|36/100
|move|p1a: Tropius|Leech Seed|p2a: Indeedee
|-start|p2a: Indeedee|move: Leech Seed
|
|-damage|p2a: Indeedee|88/100|[from] Leech Seed|[of] p1a: Tropius
|-heal|p1a: Tropius|44/100|[silent]
|upkeep
|turn|24
|
|t:|1769355351
|switch|p2a: Hoopa|Hoopa-Unbound|49/100
|move|p1a: Tropius|Air Slash|p2a: Hoopa
|-damage|p2a: Hoopa|34/100
|
|upkeep
|turn|25
|
|t:|1769355365
|move|p1a: Tropius|Leech Seed|p2a: Hoopa
|-start|p2a: Hoopa|move: Leech Seed
|move|p2a: Hoopa|Trick Room|p2a: Hoopa
|-fieldstart|move: Trick Room|[of] p2a: Hoopa
|
|-damage|p2a: Hoopa|22/100|[from] Leech Seed|[of] p1a: Tropius
|-heal|p1a: Tropius|55/100|[silent]
|upkeep
|turn|26
|
|t:|1769355375
|move|p1a: Tropius|Air Slash|p2a: Hoopa
|-damage|p2a: Hoopa|8/100
|move|p2a: Hoopa|Expanding Force|p1a: Tropius
|-resisted|p1a: Tropius
|-damage|p1a: Tropius|10/100
|
|-damage|p2a: Hoopa|0 fnt|[from] Leech Seed|[of] p1a: Tropius
|-heal|p1a: Tropius|17/100|[silent]
|faint|p2a: Hoopa
|upkeep
|
|t:|1769355386
|switch|p2a: Polteageist|Polteageist|100/100
|turn|27
|
|t:|1769355396
|move|p1a: Tropius|Air Slash|p2a: Polteageist
|-damage|p2a: Polteageist|77/100
|move|p2a: Polteageist|Shadow Ball|p1a: Tropius
|-damage|p1a: Tropius|0 fnt
|faint|p1a: Tropius
|
|upkeep
|
|t:|1769355403
|switch|p1a: Raging Bolt|Raging Bolt|100/100
|turn|28
|
|t:|1769355410
|switch|p2a: Indeedee|Indeedee, M|88/100
|move|p1a: Raging Bolt|Volt Switch|p2a: Indeedee
|-damage|p2a: Indeedee|0 fnt
|faint|p2a: Indeedee
|
|t:|1769355417
|-end|p1a: Raging Bolt|Protosynthesis|[silent]
|switch|p1a: Walking Wake|Walking Wake|100/100|[from] Volt Switch
|
|upkeep
|
|t:|1769355420
|switch|p2a: Polteageist|Polteageist|77/100
|turn|29
|
|t:|1769355425
|-terastallize|p2a: Polteageist|Psychic
|move|p2a: Polteageist|Shell Smash|p2a: Polteageist
|-unboost|p2a: Polteageist|def|1
|-unboost|p2a: Polteageist|spd|1
|-boost|p2a: Polteageist|atk|2
|-boost|p2a: Polteageist|spa|2
|-boost|p2a: Polteageist|spe|2
|move|p1a: Walking Wake|Knock Off|p2a: Polteageist
|-supereffective|p2a: Polteageist
|-damage|p2a: Polteageist|0 fnt
|-enditem|p2a: Polteageist|Focus Sash|[from] move: Knock Off|[of] p1a: Walking Wake
|faint|p2a: Polteageist
|
|win|Scheederderechte
|raw|Scheederderechte's rating: 1086 &rarr; <strong>1113</strong><br />(+27 for winning)
|raw|bunk97's rating: 1086 &rarr; <strong>1063</strong><br />(-23 for losing)
|l|☆bunk97
|player|p2|
|l|☆Scheederderechte
|player|p1|
