|j|☆Bootysweats
|j|☆CranberryHabits
|t:|1769350084
|gametype|singles
|player|p1|Bootysweats|170|1105
|player|p2|CranberryHabits|benga|1120
|gen|9
|tier|[Gen 9] OU
|rated|
|rule|HP Percentage Mod: HP is shown in percentages
|rule|Endless Battle Clause: Forcing endless battles is banned
|rule|Species Clause: Limit one of each Pokémon
|rule|OHKO Clause: OHKO moves are banned
|rule|Evasion Items Clause: Evasion items are banned
|rule|Evasion Moves Clause: Evasion moves are banned
|rule|Evasion Abilities Clause: Evasion abilities are banned
|rule|Sleep Moves Clause: Sleep-inducing moves are banned
|clearpoke
|poke|p1|Revavroom, M|
|poke|p1|Alomomola, F|
|poke|p1|Polteageist-Antique|
|poke|p1|Landorus-Therian, M|
|poke|p1|Great Tusk|
|poke|p1|Zapdos|
|poke|p2|Cresselia, F|
|poke|p2|Slowking-Galar, M|
|poke|p2|Iron Hands|
|poke|p2|Ursaluna, M|
|poke|p2|Crawdaunt, M|
|poke|p2|Klefki, M|
|teampreview
|
|t:|1769350098
|teamsize|p1|6
|teamsize|p2|6
|start
|switch|p1a: Landorus|Landorus-Therian, M|100/100
|switch|p2a: Klefki|Klefki, M|100/100
|-ability|p1a: Landorus|Intimidate|boost
|-unboost|p2a: Klefki|atk|1
|turn|1
|
|t:|1769350109
|move|p2a: Klefki|Reflect|p2a: Klefki
|-sidestart|p2: CranberryHabits|Reflect
|move|p1a: Landorus|Stealth Rock|p2a: Klefki
|-sidestart|p2: CranberryHabits|move: Stealth Rock
|
|upkeep
|turn|2
|
|t:|1769350123
|switch|p2a: Cresselia|Cresselia, F|100/100
|-damage|p2a: Cresselia|88/100|[from] Stealth Rock
|move|p1a: Landorus|U-turn|p2a: Cresselia
|-supereffective|p2a: Cresselia
|-damage|p2a: Cresselia|76/100
|
|t:|1769350139
|switch|p1a: Zapdos|Zapdos|100/100|[from] U-turn
|
|upkeep
|turn|3
|
|t:|1769350145
|move|p1a: Zapdos|Volt Switch|p2a: Cresselia
|-damage|p2a: Cresselia|57/100
|
|t:|1769350154
|switch|p1a: Landorus|Landorus-Therian, M|100/100|[from] Volt Switch
|-ability|p1a: Landorus|Intimidate|boost
|-unboost|p2a: Cresselia|atk|1
|move|p2a: Cresselia|Trick Room|p2a: Cresselia
|-fieldstart|move: Trick Room|[of] p2a: Cresselia
|
|upkeep
|turn|4
|
|t:|1769350172
|switch|p2a: Crawdaunt|Crawdaunt, M|100/100
|-damage|p2a: Crawdaunt|88/100|[from] Stealth Rock
|move|p1a: Landorus|U-turn|p2a: Crawdaunt
|-supereffective|p2a: Crawdaunt
|-damage|p2a: Crawdaunt|63/100
|
|t:|1769350178
|switch|p1a: Zapdos|Zapdos|100/100|[from] U-turn
|
|upkeep
|turn|5
|
|t:|1769350185
|move|p1a: Zapdos|Detect|p1a: Zapdos
|-singleturn|p1a: Zapdos|Protect
|move|p2a: Crawdaunt|Knock Off|p1a: Zapdos
|-activate|p1a: Zapdos|move: Protect
|
|upkeep
|turn|6
|
|t:|1769350190
|move|p2a: Crawdaunt|Knock Off|p1a: Zapdos
|-damage|p1a: Zapdos|18/100
|-status|p2a: Crawdaunt|par|[from] ability: Static|[of] p1a: Zapdos
|-enditem|p1a: Zapdos|Leftovers|[from] move: Knock Off|[of] p2a: Crawdaunt
|-damage|p2a: Crawdaunt|53/100 par|[from] item: Life Orb
|move|p1a: Zapdos|Volt Switch|p2a: Crawdaunt
|-supereffective|p2a: Crawdaunt
|-crit|p2a: Crawdaunt
|-damage|p2a: Crawdaunt|0 fnt
|faint|p2a: Crawdaunt
|
|t:|1769350202
|switch|p1a: Landorus|Landorus-Therian, M|100/100|[from] Volt Switch
|
|upkeep
|
|t:|1769350210
|switch|p2a: Klefki|Klefki, M|100/100
|-damage|p2a: Klefki|95/100|[from] Stealth Rock
|turn|7
|
|t:|1769350217
|move|p2a: Klefki|Spikes|p1a: Landorus
|-sidestart|p1: Bootysweats|Spikes
|move|p1a: Landorus|Earthquake|p2a: Klefki
|-supereffective|p2a: Klefki
|-damage|p2a: Klefki|53/100
|
|-fieldend|move: Trick Room
|upkeep
|turn|8
|
|t:|1769350226
|move|p2a: Klefki|Spikes|p1a: Landorus
|-sidestart|p1: Bootysweats|Spikes
|move|p1a: Landorus|Earthquake|p2a: Klefki
|-supereffective|p2a: Klefki
|-damage|p2a: Klefki|17/100
|
|-sideend|p2: CranberryHabits|Reflect
|upkeep
|turn|9
|
|t:|1769350234
|move|p2a: Klefki|Reflect|p2a: Klefki
|-sidestart|p2: CranberryHabits|Reflect
|move|p1a: Landorus|U-turn|p2a: Klefki
|-resisted|p2a: Klefki
|-damage|p2a: Klefki|14/100
|
|t:|1769350238
|switch|p1a: Great Tusk|Great Tusk|100/100|[from] U-turn
|-damage|p1a: Great Tusk|84/100|[from] Spikes
|-enditem|p1a: Great Tusk|Booster Energy
|-activate|p1a: Great Tusk|ability: Protosynthesis|[fromitem]
|-start|p1a: Great Tusk|protosynthesisatk
|
|upkeep
|turn|10
|
|t:|1769350245
|move|p2a: Klefki|Light Screen|p2a: Klefki
|-sidestart|p2: CranberryHabits|move: Light Screen
|move|p1a: Great Tusk|Rapid Spin|p2a: Klefki
|-resisted|p2a: Klefki
|-damage|p2a: Klefki|11/100
|-boost|p1a: Great Tusk|spe|1
|-sideend|p1: Bootysweats|Spikes|[from] move: Rapid Spin|[of] p1a: Great Tusk
|
|upkeep
|turn|11
|
|t:|1769350254
|switch|p2a: Cresselia|Cresselia, F|57/100
|-damage|p2a: Cresselia|44/100|[from] Stealth Rock
|move|p1a: Great Tusk|Earthquake|p2a: Cresselia
|-immune|p2a: Cresselia|[from] ability: Levitate
|
|upkeep
|turn|12
|
|t:|1769350264
|move|p1a: Great Tusk|Knock Off|p2a: Cresselia
|-supereffective|p2a: Cresselia
|-damage|p2a: Cresselia|21/100
|-enditem|p2a: Cresselia|Mental Herb|[from] move: Knock Off|[of] p1a: Great Tusk
|move|p2a: Cresselia|Psychic|p1a: Great Tusk
|-supereffective|p1a: Great Tusk
|-crit|p1a: Great Tusk
|-damage|p1a: Great Tusk|6/100
|
|upkeep
|turn|13
|
|t:|1769350277
|-end|p1a: Great Tusk|Protosynthesis|[silent]
|switch|p1a: Alomomola|Alomomola, F, shiny|100/100
|move|p2a: Cresselia|Trick Room|p2a: Cresselia
|-fieldstart|move: Trick Room|[of] p2a: Cresselia
|
|upkeep
|turn|14
|
|t:|1769350282
|move|p1a: Alomomola|Wish|p1a: Alomomola
|move|p2a: Cresselia|Lunar Dance|p2a: Cresselia
|faint|p2a: Cresselia
|
|upkeep
|
|t:|1769350288
|switch|p2a: Slowking|Slowking-Galar, M|100/100
|-damage|p2a: Slowking|88/100|[from] Stealth Rock
|turn|15
|j| GruesomeLovelies
|
|t:|1769350296
|move|p2a: Slowking|Nasty Plot|p2a: Slowking
|-boost|p2a: Slowking|spa|2
|move|p1a: Alomomola|Flip Turn|p2a: Slowking
|-crit|p2a: Slowking
|-damage|p2a: Slowking|62/100
|
|t:|1769350302
|switch|p1a: Great Tusk|Great Tusk|6/100|[from] Flip Turn
|
|-heal|p1a: Great Tusk|75/100|[from] move: Wish|[wisher] Alomomola
|-heal|p2a: Slowking|68/100|[from] item: Black Sludge
|upkeep
|turn|16
|
|t:|1769350316
|-end|p1a: Great Tusk|Protosynthesis|[silent]
|switch|p1a: Alomomola|Alomomola, F, shiny|100/100
|-terastallize|p2a: Slowking|Poison
|move|p2a: Slowking|Sludge Bomb|p1a: Alomomola
|-damage|p1a: Alomomola|14/100
|
|-heal|p2a: Slowking|74/100|[from] item: Black Sludge
|-sideend|p2: CranberryHabits|Reflect
|upkeep
|turn|17
|
|t:|1769350341
|switch|p1a: Revavroom|Revavroom, M, shiny|100/100
|move|p2a: Slowking|Sludge Bomb|p1a: Revavroom
|-immune|p1a: Revavroom
|
|-heal|p2a: Slowking|80/100|[from] item: Black Sludge
|-sideend|p2: CranberryHabits|move: Light Screen
|-fieldend|move: Trick Room
|upkeep
|turn|18
|
|t:|1769350350
|move|p1a: Revavroom|Shift Gear|p1a: Revavroom
|-boost|p1a: Revavroom|spe|2
|-boost|p1a: Revavroom|atk|1
|move|p2a: Slowking|Trick Room|p2a: Slowking
|-fieldstart|move: Trick Room|[of] p2a: Slowking
|
|-heal|p2a: Slowking|87/100|[from] item: Black Sludge
|upkeep
|turn|19
|
|t:|1769350361
|move|p2a: Slowking|Fire Blast|p1a: Revavroom
|-supereffective|p1a: Revavroom
|-crit|p1a: Revavroom
|-damage|p1a: Revavroom|0 fnt
|faint|p1a: Revavroom
|
|-heal|p2a: Slowking|93/100|[from] item: Black Sludge
|upkeep
|
|t:|1769350374
|switch|p1a: Great Tusk|Great Tusk|75/100
|turn|20
|
|t:|1769350378
|move|p2a: Slowking|Sludge Bomb|p1a: Great Tusk
|-resisted|p1a: Great Tusk
|-damage|p1a: Great Tusk|2/100
|move|p1a: Great Tusk|Earthquake|p2a: Slowking
|-supereffective|p2a: Slowking
|-damage|p2a: Slowking|0 fnt
|faint|p2a: Slowking
|
|upkeep
|
|t:|1769350390
|switch|p2a: Ursaluna|Ursaluna, M|100/100
|-damage|p2a: Ursaluna|94/100|[from] Stealth Rock
|turn|21
|
|t:|1769350395
|move|p2a: Ursaluna|Facade|p1a: Great Tusk
|-damage|p1a: Great Tusk|0 fnt
|faint|p1a: Great Tusk
|-end|p1a: Great Tusk|Protosynthesis|[silent]
|
|-status|p2a: Ursaluna|brn|[from] item: Flame Orb
|upkeep
|
|t:|1769350401
|switch|p1a: Landorus|Landorus-Therian, M|100/100
|-ability|p1a: Landorus|Intimidate|boost
|-unboost|p2a: Ursaluna|atk|1
|turn|22
|
|t:|1769350406
|move|p2a: Ursaluna|Swords Dance|p2a: Ursaluna
|-boost|p2a: Ursaluna|atk|2
|move|p1a: Landorus|U-turn|p2a: Ursaluna
|-damage|p2a: Ursaluna|80/100 brn
|
|t:|1769350412
|switch|p1a: Alomomola|Alomomola, F, shiny|47/100|[from] U-turn
|
|-damage|p2a: Ursaluna|74/100 brn|[from] brn
|-fieldend|move: Trick Room
|upkeep
|turn|23
|
|t:|1769350419
|switch|p2a: Klefki|Klefki, M|11/100
|-heal|p2a: Klefki|100/100|[from] move: Lunar Dance
|-damage|p2a: Klefki|95/100|[from] Stealth Rock
|move|p1a: Alomomola|Flip Turn|p2a: Klefki
|-damage|p2a: Klefki|82/100
|
|t:|1769350430
|switch|p1a: Landorus|Landorus-Therian, M|100/100|[from] Flip Turn
|-ability|p1a: Landorus|Intimidate|boost
|-unboost|p2a: Klefki|atk|1
|
|upkeep
|turn|24
|
|t:|1769350436
|move|p2a: Klefki|Reflect|p2a: Klefki
|-sidestart|p2: CranberryHabits|Reflect
|move|p1a: Landorus|Earthquake|p2a: Klefki
|-supereffective|p2a: Klefki
|-damage|p2a: Klefki|44/100
|
|upkeep
|turn|25
|
|t:|1769350443
|switch|p2a: Iron Hands|Iron Hands|100/100
|-damage|p2a: Iron Hands|94/100|[from] Stealth Rock
|move|p1a: Landorus|Earthquake|p2a: Iron Hands
|-supereffective|p2a: Iron Hands
|-damage|p2a: Iron Hands|67/100
|
|upkeep
|turn|26
|
|t:|1769350460
|move|p2a: Iron Hands|Fake Out|p1a: Landorus
|-damage|p1a: Landorus|82/100
|cant|p1a: Landorus|flinch
|
|upkeep
|turn|27
|
|t:|1769350465
|move|p1a: Landorus|Earthquake|p2a: Iron Hands
|-supereffective|p2a: Iron Hands
|-damage|p2a: Iron Hands|39/100
|move|p2a: Iron Hands|Ice Punch|p1a: Landorus
|-supereffective|p1a: Landorus
|-damage|p1a: Landorus|0 fnt
|faint|p1a: Landorus
|
|upkeep
|
|t:|1769350477
|switch|p1a: Polteageist|Polteageist-Antique|100/100
|turn|28
|
|t:|1769350479
|move|p1a: Polteageist|Shell Smash|p1a: Polteageist
|-unboost|p1a: Polteageist|def|1
|-unboost|p1a: Polteageist|spd|1
|-boost|p1a: Polteageist|atk|2
|-boost|p1a: Polteageist|spa|2
|-boost|p1a: Polteageist|spe|2
|move|p2a: Iron Hands|Wild Charge|p1a: Polteageist
|-enditem|p1a: Polteageist|Focus Sash
|-damage|p1a: Polteageist|1/100
|-ability|p1a: Polteageist|Weak Armor|boost
|-unboost|p1a: Polteageist|def|1
|-boost|p1a: Polteageist|spe|2
|-damage|p2a: Iron Hands|26/100|[from] Recoil
|
|upkeep
|turn|29
|
|t:|1769350501
|move|p1a: Polteageist|Stored Power|p2a: Iron Hands
|-supereffective|p2a: Iron Hands
|-damage|p2a: Iron Hands|0 fnt
|faint|p2a: Iron Hands
|-end|p2a: Iron Hands|Quark Drive|[silent]
|
|upkeep
|
|t:|1769350506
|switch|p2a: Klefki|Klefki, M|44/100
|-damage|p2a: Klefki|38/100|[from] Stealth Rock
|turn|30
|
|t:|1769350515
|move|p2a: Klefki|Thunder Wave|p1a: Polteageist
|-status|p1a: Polteageist|par
|move|p1a: Polteageist|Stored Power|p2a: Klefki
|-resisted|p2a: Klefki
|-damage|p2a: Klefki|0 fnt
|faint|p2a: Klefki
|
|upkeep
|
|t:|1769350521
|switch|p2a: Ursaluna|Ursaluna, M|74/100 brn
|-damage|p2a: Ursaluna|67/100 brn|[from] Stealth Rock
|turn|31
|
|t:|1769350526
|move|p2a: Ursaluna|Protect|p2a: Ursaluna
|-singleturn|p2a: Ursaluna|Protect
|move|p1a: Polteageist|Stored Power|p2a: Ursaluna
|-activate|p2a: Ursaluna|move: Protect
|
|-damage|p2a: Ursaluna|61/100 brn|[from] brn
|-sideend|p2: CranberryHabits|Reflect
|upkeep
|turn|32
|
|t:|1769350533
|cant|p1a: Polteageist|par
|move|p2a: Ursaluna|Earthquake|p1a: Polteageist
|-damage|p1a: Polteageist|0 fnt
|faint|p1a: Polteageist
|
|-damage|p2a: Ursaluna|55/100 brn|[from] brn
|upkeep
|
|t:|1769350540
|switch|p1a: Alomomola|Alomomola, F, shiny|81/100
|turn|33
|
|t:|1769350548
|move|p1a: Alomomola|Wish|p1a: Alomomola
|move|p2a: Ursaluna|Facade|p1a: Alomomola
|-damage|p1a: Alomomola|0 fnt
|faint|p1a: Alomomola
|
|-damage|p2a: Ursaluna|49/100 brn|[from] brn
|upkeep
|
|t:|1769350554
|switch|p1a: Zapdos|Zapdos|18/100
|turn|34
|
|t:|1769350559
|move|p1a: Zapdos|Hurricane|p2a: Ursaluna
|-damage|p2a: Ursaluna|3/100 brn
|move|p2a: Ursaluna|Facade|p1a: Zapdos
|-damage|p1a: Zapdos|0 fnt
|faint|p1a: Zapdos
|
|win|CranberryHabits
|raw|Bootysweats's rating: 1105 &rarr; <strong>1081</strong><br />(-24 for losing)
|raw|CranberryHabits's rating: 1120 &rarr; <strong>1144</strong><br />(+24 for winning)
|c|☆CranberryHabits|gg
