|j|☆alexhuangyi
|j|☆Zettaaa
|t:|1769351567
|gametype|singles
|player|p1|alexhuangyi|266|1139
|player|p2|Zettaaa|brawly|1215
|gen|9
|tier|[Gen 9] OU
|rated|
|rule|HP Percentage Mod: HP is shown in percentages
|rule|Endless Battle Clause: Forcing endless battles is banned
|rule|Species Clause: Limit one of each Pokémon
|rule|OHKO Clause: OHKO moves are banned
|rule|Evasion Items Clause: Evasion items are banned
|rule|Evasion Moves Clause: Evasion moves are banned
|rule|Evasion Abilities Clause: Evasion abilities are banned
|rule|Sleep Moves Clause: Sleep-inducing moves are banned
|clearpoke
|poke|p1|Zapdos|
|poke|p1|Kingdra, F|
|poke|p1|Scizor, M|
|poke|p1|Pelipper, F|
|poke|p1|Gliscor, F|
|poke|p1|Mamoswine, M|
|poke|p2|Okidogi, M|
|poke|p2|Hatterene, F|
|poke|p2|Moltres-Galar|
|poke|p2|Orthworm, M|
|poke|p2|Bruxish, F|
|poke|p2|Ogerpon-Cornerstone, F|
|teampreview
|inactive|Battle timer is ON: inactive players will automatically lose when time's up. (requested by alexhuangyi)
|
|t:|1769351588
|teamsize|p1|6
|teamsize|p2|6
|start
|switch|p1a: Pelipper|Pelipper, F|100/100
|switch|p2a: Bruxish|Bruxish, F|100/100
|-weather|RainDance|[from] ability: Drizzle|[of] p1a: Pelipper
|turn|1
|
|t:|1769351610
|move|p2a: Bruxish|Psychic Fangs|p1a: Pelipper
|-damage|p1a: Pelipper|41/100
|move|p1a: Pelipper|U-turn|p2a: Bruxish
|-supereffective|p2a: Bruxish
|-damage|p2a: Bruxish|74/100
|
|t:|1769351634
|switch|p1a: Kingdra|Kingdra, F|100/100|[from] U-turn
|
|-weather|RainDance|[upkeep]
|upkeep
|turn|2
|
|t:|1769351643
|move|p1a: Kingdra|Hurricane|p2a: Bruxish
|-damage|p2a: Bruxish|3/100
|-start|p2a: Bruxish|confusion
|-damage|p1a: Kingdra|91/100|[from] item: Life Orb
|-activate|p2a: Bruxish|confusion
|-damage|p2a: Bruxish|0 fnt|[from] confusion
|faint|p2a: Bruxish
|
|-weather|RainDance|[upkeep]
|upkeep
|
|t:|1769351665
|switch|p2a: Okidogi|Okidogi, M|100/100
|turn|3
|
|t:|1769351675
|move|p1a: Kingdra|Hurricane|p2a: Okidogi
|-supereffective|p2a: Okidogi
|-damage|p2a: Okidogi|38/100
|-damage|p1a: Kingdra|81/100|[from] item: Life Orb
|move|p2a: Okidogi|Gunk Shot|p1a: Kingdra
|-damage|p1a: Kingdra|0 fnt
|faint|p1a: Kingdra
|
|-weather|RainDance|[upkeep]
|upkeep
|
|t:|1769351688
|switch|p1a: Zapdos|Zapdos|100/100
|turn|4
|
|t:|1769351693
|move|p1a: Zapdos|Hurricane|p2a: Okidogi
|-supereffective|p2a: Okidogi
|-damage|p2a: Okidogi|0 fnt
|faint|p2a: Okidogi
|
|-weather|RainDance|[upkeep]
|upkeep
|
|t:|1769351701
|switch|p2a: Ogerpon|Ogerpon-Cornerstone, F|100/100
|turn|5
|
|t:|1769351731
|-terastallize|p1a: Zapdos|Rock
|move|p2a: Ogerpon|Swords Dance|p2a: Ogerpon
|-boost|p2a: Ogerpon|atk|2
|move|p1a: Zapdos|Hurricane|p2a: Ogerpon
|-damage|p2a: Ogerpon|24/100
|
|-weather|RainDance|[upkeep]
|upkeep
|turn|6
|
|t:|1769351746
|move|p2a: Ogerpon|Horn Leech|p1a: Zapdos
|-supereffective|p1a: Zapdos
|-damage|p1a: Zapdos|0 fnt
|-heal|p2a: Ogerpon|77/100|[from] drain|[of] p1a: Zapdos
|-status|p2a: Ogerpon|par|[from] ability: Static|[of] p1a: Zapdos
|faint|p1a: Zapdos
|
|-weather|RainDance|[upkeep]
|upkeep
|inactive|alexhuangyi has 120 seconds left.
|
|t:|1769351766
|switch|p1a: Scizor|Scizor, M|100/100
|turn|7
|
|t:|1769351772
|move|p2a: Ogerpon|Ivy Cudgel|p1a: Scizor|[anim] Ivy Cudgel Rock
|-damage|p1a: Scizor|0 fnt
|faint|p1a: Scizor
|
|-weather|RainDance|[upkeep]
|upkeep
|
|t:|1769351775
|switch|p1a: Mamoswine|Mamoswine, M|100/100
|turn|8
|
|t:|1769351788
|move|p1a: Mamoswine|Icicle Crash|p2a: Ogerpon
|-supereffective|p2a: Ogerpon
|-damage|p2a: Ogerpon|0 fnt
|faint|p2a: Ogerpon
|
|-weather|none
|upkeep
|
|t:|1769351803
|switch|p2a: Moltres|Moltres-Galar|100/100
|turn|9
|
|t:|1769351823
|-terastallize|p2a: Moltres|Fairy
|move|p2a: Moltres|Agility|p2a: Moltres
|-boost|p2a: Moltres|spe|2
|move|p1a: Mamoswine|Stone Edge|p2a: Moltres|[miss]
|-miss|p1a: Mamoswine|p2a: Moltres
|
|upkeep
|turn|10
|
|t:|1769351838
|move|p2a: Moltres|Nasty Plot|p2a: Moltres
|-boost|p2a: Moltres|spa|2
|move|p1a: Mamoswine|Icicle Crash|p2a: Moltres
|-damage|p2a: Moltres|56/100
|
|upkeep
|turn|11
|
|t:|1769351851
|move|p1a: Mamoswine|Ice Shard|p2a: Moltres
|-damage|p2a: Moltres|32/100
|-ability|p2a: Moltres|Berserk|boost
|-boost|p2a: Moltres|spa|1
|-enditem|p2a: Moltres|Sitrus Berry|[eat]
|-heal|p2a: Moltres|57/100|[from] item: Sitrus Berry
|move|p2a: Moltres|Fiery Wrath|p1a: Mamoswine
|-damage|p1a: Mamoswine|0 fnt
|faint|p1a: Mamoswine
|
|upkeep
|
|t:|1769351865
|switch|p1a: Gliscor|Gliscor, F|100/100
|turn|12
|l|☆alexhuangyi
|inactive|alexhuangyi disconnected and has a minute to reconnect!
|player|p1|
|inactive|alexhuangyi has 30 seconds to reconnect!
|inactive|alexhuangyi has 20 seconds to reconnect!
|inactive|alexhuangyi has 15 seconds to reconnect!
|inactive|alexhuangyi has 10 seconds to reconnect!
|inactive|alexhuangyi has 5 seconds to reconnect!
|-message|alexhuangyi lost due to inactivity.
|
|win|Zettaaa
|raw|alexhuangyi's rating: 1139 &rarr; <strong>1119</strong><br />(-20 for losing)
|raw|Zettaaa's rating: 1215 &rarr; <strong>1235</strong><br />(+20 for winning)
