|j|☆ygars
|j|☆Etihadmf
|t:|1769302772
|gametype|singles
|player|p1|ygars|ingo|1306
|player|p2|Etihadmf|265|1235
|gen|9
|tier|[Gen 9] OU
|rated|
|rule|HP Percentage Mod: HP is shown in percentages
|rule|Endless Battle Clause: Forcing endless battles is banned
|rule|Species Clause: Limit one of each Pokémon
|rule|OHKO Clause: OHKO moves are banned
|rule|Evasion Items Clause: Evasion items are banned
|rule|Evasion Moves Clause: Evasion moves are banned
|rule|Evasion Abilities Clause: Evasion abilities are banned
|rule|Sleep Moves Clause: Sleep-inducing moves are banned
|clearpoke
|poke|p1|Grimmsnarl, M|
|poke|p1|Iron Treads|
|poke|p1|Raging Bolt|
|poke|p1|Deoxys-Speed|
|poke|p1|Ogerpon-Wellspring, F|
|poke|p1|Ceruledge, M|
|poke|p2|Ting-Lu|
|poke|p2|Serperior, M|
|poke|p2|Greninja-*, M|
|poke|p2|Gholdengo|
|poke|p2|Kleavor, M|
|poke|p2|Moltres|
|teampreview
|inactive|Battle timer is ON: inactive players will automatically lose when time's up. (requested by Etihadmf)
|inactive|ygars also wants the timer to be on.
|
|t:|1769302782
|teamsize|p1|6
|teamsize|p2|6
|start
|switch|p1a: Iron Treads|Iron Treads, shiny|100/100
|switch|p2a: Gholdengo|Gholdengo|100/100
|-enditem|p1a: Iron Treads|Booster Energy
|-activate|p1a: Iron Treads|ability: Quark Drive|[fromitem]
|-start|p1a: Iron Treads|quarkdrivespe
|turn|1
|
|t:|1769302785
|move|p1a: Iron Treads|Earth Power|p2a: Gholdengo
|-supereffective|p2a: Gholdengo
|-damage|p2a: Gholdengo|47/100
|move|p2a: Gholdengo|Trick|p1a: Iron Treads
|-activate|p2a: Gholdengo|move: Trick|[of] p1a: Iron Treads
|-item|p1a: Iron Treads|Lagging Tail|[from] move: Trick
|-enditem|p2a: Gholdengo|Lagging Tail|[silent]|[from] move: Trick
|
|upkeep
|turn|2
|
|t:|1769302790
|move|p2a: Gholdengo|Night Shade|p1a: Iron Treads
|-damage|p1a: Iron Treads|69/100
|move|p1a: Iron Treads|Earth Power|p2a: Gholdengo
|-supereffective|p2a: Gholdengo
|-damage|p2a: Gholdengo|0 fnt
|faint|p2a: Gholdengo
|
|upkeep
|
|t:|1769302795
|switch|p2a: Moltres|Moltres|100/100
|turn|3
|
|t:|1769302802
|-end|p1a: Iron Treads|Quark Drive|[silent]
|switch|p1a: Raging Bolt|Raging Bolt|100/100
|-enditem|p1a: Raging Bolt|Booster Energy
|-activate|p1a: Raging Bolt|ability: Protosynthesis|[fromitem]
|-start|p1a: Raging Bolt|protosynthesisspa
|move|p2a: Moltres|Hurricane|p1a: Raging Bolt|[miss]
|-miss|p2a: Moltres|p1a: Raging Bolt
|
|upkeep
|turn|4
|
|t:|1769302806
|-terastallize|p2a: Moltres|Ground
|move|p1a: Raging Bolt|Calm Mind|p1a: Raging Bolt
|-boost|p1a: Raging Bolt|spa|1
|-boost|p1a: Raging Bolt|spd|1
|move|p2a: Moltres|Ancient Power|p1a: Raging Bolt
|-damage|p1a: Raging Bolt|89/100
|-boost|p2a: Moltres|atk|1
|-boost|p2a: Moltres|def|1
|-boost|p2a: Moltres|spa|1
|-boost|p2a: Moltres|spd|1
|-boost|p2a: Moltres|spe|1
|
|upkeep
|turn|5
|
|t:|1769302812
|-terastallize|p1a: Raging Bolt|Flying
|move|p2a: Moltres|Hurricane|p1a: Raging Bolt|[miss]
|-miss|p2a: Moltres|p1a: Raging Bolt
|move|p1a: Raging Bolt|Thunderbolt|p2a: Moltres
|-immune|p2a: Moltres
|
|upkeep
|turn|6
|
|t:|1769302817
|move|p2a: Moltres|Hurricane|p1a: Raging Bolt
|-damage|p1a: Raging Bolt|44/100
|move|p1a: Raging Bolt|Dragon Pulse|p2a: Moltres
|-damage|p2a: Moltres|45/100
|
|upkeep
|turn|7
|
|t:|1769302823
|-end|p1a: Raging Bolt|Protosynthesis|[silent]
|switch|p1a: Iron Treads|Iron Treads, shiny|69/100
|move|p2a: Moltres|Hurricane|p1a: Iron Treads
|-resisted|p1a: Iron Treads
|-damage|p1a: Iron Treads|17/100
|-start|p1a: Iron Treads|confusion
|
|upkeep
|turn|8
|
|t:|1769302825
|move|p2a: Moltres|Roost|p2a: Moltres
|-heal|p2a: Moltres|96/100
|-activate|p1a: Iron Treads|confusion
|-damage|p1a: Iron Treads|8/100|[from] confusion
|
|upkeep
|turn|9
|
|t:|1769302831
|move|p2a: Moltres|Flamethrower|p1a: Iron Treads
|-supereffective|p1a: Iron Treads
|-damage|p1a: Iron Treads|0 fnt
|faint|p1a: Iron Treads
|-end|p1a: Iron Treads|Quark Drive|[silent]
|
|upkeep
|
|t:|1769302835
|switch|p1a: Grimmsnarl|Grimmsnarl, M, shiny|100/100
|turn|10
|
|t:|1769302841
|move|p1a: Grimmsnarl|Light Screen|p1a: Grimmsnarl
|-sidestart|p1: ygars|move: Light Screen
|move|p2a: Moltres|Hurricane|p1a: Grimmsnarl
|-damage|p1a: Grimmsnarl|45/100
|-start|p1a: Grimmsnarl|confusion
|
|upkeep
|turn|11
|
|t:|1769302845
|-activate|p1a: Grimmsnarl|confusion
|move|p1a: Grimmsnarl|Reflect|p1a: Grimmsnarl
|-sidestart|p1: ygars|Reflect
|move|p2a: Moltres|Ancient Power|p1a: Grimmsnarl
|-damage|p1a: Grimmsnarl|26/100
|
|upkeep
|turn|12
|
|t:|1769302850
|switch|p1a: Ogerpon|Ogerpon-Wellspring, F|100/100
|move|p2a: Moltres|Ancient Power|p1a: Ogerpon
|-damage|p1a: Ogerpon|84/100
|
|upkeep
|turn|13
|
|t:|1769302853
|move|p2a: Moltres|Hurricane|p1a: Ogerpon|[miss]
|-miss|p2a: Moltres|p1a: Ogerpon
|move|p1a: Ogerpon|Swords Dance|p1a: Ogerpon
|-boost|p1a: Ogerpon|atk|2
|
|upkeep
|turn|14
|
|t:|1769302855
|move|p2a: Moltres|Hurricane|p1a: Ogerpon|[miss]
|-miss|p2a: Moltres|p1a: Ogerpon
|move|p1a: Ogerpon|Trailblaze|p2a: Moltres
|-supereffective|p2a: Moltres
|-damage|p2a: Moltres|14/100
|-boost|p1a: Ogerpon|spe|1
|
|upkeep
|turn|15
|
|t:|1769302857
|move|p1a: Ogerpon|Ivy Cudgel|p2a: Moltres|[anim] Ivy Cudgel Water
|-supereffective|p2a: Moltres
|-damage|p2a: Moltres|0 fnt
|faint|p2a: Moltres
|
|upkeep
|c|☆ygars|lmao
|
|t:|1769302862
|switch|p2a: Ting-Lu|Ting-Lu|100/100
|-ability|p2a: Ting-Lu|Vessel of Ruin
|turn|16
|
|t:|1769302865
|move|p1a: Ogerpon|Ivy Cudgel|p2a: Ting-Lu|[anim] Ivy Cudgel Water
|-supereffective|p2a: Ting-Lu
|-damage|p2a: Ting-Lu|0 fnt
|faint|p2a: Ting-Lu
|
|upkeep
|-message|Etihadmf forfeited.
|
|win|ygars
|raw|ygars's rating: 1306 &rarr; <strong>1322</strong><br />(+16 for winning)
|raw|Etihadmf's rating: 1235 &rarr; <strong>1215</strong><br />(-20 for losing)
|l|☆Etihadmf
|player|p2|
|l|☆ygars
|player|p1|
|j|☆ygars
|player|p1|ygars|ingo|
