|j|☆SDK04
|j|☆RedemptiveSketch
|inactive|Battle timer is ON: inactive players will automatically lose when time's up.
|t:|1769410555
|gametype|singles
|player|p1|SDK04|miku-ground|
|player|p2|RedemptiveSketch|giacomo|
|gen|9
|tier|[Gen 9] OU
|rated|Tournament battle
|rule|HP Percentage Mod: HP is shown in percentages
|rule|Endless Battle Clause: Forcing endless battles is banned
|rule|Species Clause: Limit one of each Pokémon
|rule|OHKO Clause: OHKO moves are banned
|rule|Evasion Items Clause: Evasion items are banned
|rule|Evasion Moves Clause: Evasion moves are banned
|rule|Evasion Abilities Clause: Evasion abilities are banned
|rule|Sleep Moves Clause: Sleep-inducing moves are banned
|clearpoke
|poke|p1|Araquanid, M|
|poke|p1|Darkrai|
|poke|p1|Great Tusk|
|poke|p1|Gholdengo|
|poke|p1|Glimmora, M|
|poke|p1|Gliscor, F|
|poke|p2|Great Tusk|
|poke|p2|Ninetales, F|
|poke|p2|Raging Bolt|
|poke|p2|Walking Wake|
|poke|p2|Kingambit, F|
|poke|p2|Slither Wing|
|teampreview
|inactive|RedemptiveSketch also wants the timer to be on.
|
|t:|1769410559
|teamsize|p1|6
|teamsize|p2|6
|start
|switch|p1a: Araquanid|Araquanid, M, shiny|100/100
|switch|p2a: Slither Wing|Slither Wing|100/100
|turn|1
|
|t:|1769410569
|move|p2a: Slither Wing|U-turn|p1a: Araquanid
|-damage|p1a: Araquanid|66/100
|
|t:|1769410573
|-end|p2a: Slither Wing|Protosynthesis|[silent]
|switch|p2a: Raging Bolt|Raging Bolt|100/100|[from] U-turn
|move|p1a: Araquanid|Sticky Web|p2a: Raging Bolt
|-sidestart|p2: RedemptiveSketch|move: Sticky Web
|
|upkeep
|turn|2
|
|t:|1769410580
|move|p2a: Raging Bolt|Thunderbolt|p1a: Araquanid
|-supereffective|p1a: Araquanid
|-damage|p1a: Araquanid|0 fnt
|faint|p1a: Araquanid
|-damage|p2a: Raging Bolt|91/100|[from] item: Life Orb
|
|upkeep
|
|t:|1769410583
|switch|p1a: Gliscor|Gliscor, F, shiny|100/100
|turn|3
|
|t:|1769410598
|-end|p2a: Raging Bolt|Protosynthesis|[silent]
|switch|p2a: Great Tusk|Great Tusk, shiny|100/100
|move|p1a: Gliscor|Swords Dance|p1a: Gliscor
|-boost|p1a: Gliscor|atk|2
|
|-status|p1a: Gliscor|tox|[from] item: Toxic Orb
|upkeep
|turn|4
|
|t:|1769410604
|switch|p1a: Gholdengo|Gholdengo, shiny|100/100
|-item|p1a: Gholdengo|Air Balloon
|move|p2a: Great Tusk|Rapid Spin|p1a: Gholdengo
|-immune|p1a: Gholdengo
|
|upkeep
|turn|5
|
|t:|1769410607
|move|p2a: Great Tusk|Stone Edge|p1a: Gholdengo|[miss]
|-miss|p2a: Great Tusk|p1a: Gholdengo
|move|p1a: Gholdengo|Dazzling Gleam|p2a: Great Tusk
|-supereffective|p2a: Great Tusk
|-damage|p2a: Great Tusk|7/100
|
|upkeep
|turn|6
|
|t:|1769410611
|move|p2a: Great Tusk|Stone Edge|p1a: Gholdengo
|-resisted|p1a: Gholdengo
|-damage|p1a: Gholdengo|80/100
|-enditem|p1a: Gholdengo|Air Balloon
|move|p1a: Gholdengo|Dazzling Gleam|p2a: Great Tusk
|-supereffective|p2a: Great Tusk
|-damage|p2a: Great Tusk|0 fnt
|faint|p2a: Great Tusk
|-end|p2a: Great Tusk|Protosynthesis|[silent]
|
|upkeep
|
|t:|1769410616
|switch|p2a: Slither Wing|Slither Wing|100/100
|-activate|p2a: Slither Wing|move: Sticky Web
|-unboost|p2a: Slither Wing|spe|1
|turn|7
|
|t:|1769410630
|move|p1a: Gholdengo|Nasty Plot|p1a: Gholdengo
|-boost|p1a: Gholdengo|spa|2
|move|p2a: Slither Wing|Earthquake|p1a: Gholdengo
|-supereffective|p1a: Gholdengo
|-damage|p1a: Gholdengo|0 fnt
|faint|p1a: Gholdengo
|
|upkeep
|
|t:|1769410634
|switch|p1a: Gliscor|Gliscor, F, shiny|100/100 tox
|turn|8
|
|t:|1769410636
|move|p1a: Gliscor|Swords Dance|p1a: Gliscor
|-boost|p1a: Gliscor|atk|2
|move|p2a: Slither Wing|U-turn|p1a: Gliscor
|-resisted|p1a: Gliscor
|-damage|p1a: Gliscor|82/100 tox
|
|t:|1769410643
|-end|p2a: Slither Wing|Protosynthesis|[silent]
|switch|p2a: Walking Wake|Walking Wake|100/100|[from] U-turn
|-activate|p2a: Walking Wake|move: Sticky Web
|-unboost|p2a: Walking Wake|spe|1
|
|-heal|p1a: Gliscor|94/100 tox|[from] ability: Poison Heal
|upkeep
|turn|9
|
|t:|1769410654
|move|p1a: Gliscor|Earthquake|p2a: Walking Wake
|-damage|p2a: Walking Wake|1/100
|move|p2a: Walking Wake|Draco Meteor|p1a: Gliscor
|-damage|p1a: Gliscor|0 fnt
|-unboost|p2a: Walking Wake|spa|2
|faint|p1a: Gliscor
|
|upkeep
|
|t:|1769410657
|switch|p1a: Great Tusk|Great Tusk, shiny|100/100
|-enditem|p1a: Great Tusk|Booster Energy
|-activate|p1a: Great Tusk|ability: Protosynthesis|[fromitem]
|-start|p1a: Great Tusk|protosynthesisspe
|turn|10
|
|t:|1769410663
|move|p1a: Great Tusk|Ice Spinner|p2a: Walking Wake
|-damage|p2a: Walking Wake|0 fnt
|faint|p2a: Walking Wake
|-end|p2a: Walking Wake|Protosynthesis|[silent]
|
|upkeep
|j| MEHVISH
|
|t:|1769410678
|switch|p2a: Slither Wing|Slither Wing|100/100
|-activate|p2a: Slither Wing|move: Sticky Web
|-unboost|p2a: Slither Wing|spe|1
|turn|11
|
|t:|1769410700
|move|p1a: Great Tusk|Bulk Up|p1a: Great Tusk
|-boost|p1a: Great Tusk|atk|1
|-boost|p1a: Great Tusk|def|1
|move|p2a: Slither Wing|Close Combat|p1a: Great Tusk
|-damage|p1a: Great Tusk|68/100
|-unboost|p2a: Slither Wing|def|1
|-unboost|p2a: Slither Wing|spd|1
|
|upkeep
|turn|12
|j| Weedlenium
|
|t:|1769410704
|move|p1a: Great Tusk|Bulk Up|p1a: Great Tusk
|-boost|p1a: Great Tusk|atk|1
|-boost|p1a: Great Tusk|def|1
|move|p2a: Slither Wing|Close Combat|p1a: Great Tusk
|-damage|p1a: Great Tusk|47/100
|-unboost|p2a: Slither Wing|def|1
|-unboost|p2a: Slither Wing|spd|1
|
|upkeep
|turn|13
|j| Prav33n
|
|t:|1769410710
|-end|p2a: Slither Wing|Protosynthesis|[silent]
|switch|p2a: Ninetales|Ninetales, F, shiny|100/100
|-activate|p2a: Ninetales|move: Sticky Web
|-unboost|p2a: Ninetales|spe|1
|-weather|SunnyDay|[from] ability: Drought|[of] p2a: Ninetales
|move|p1a: Great Tusk|Ice Spinner|p2a: Ninetales
|-resisted|p2a: Ninetales
|-damage|p2a: Ninetales|72/100
|
|-weather|SunnyDay|[upkeep]
|upkeep
|turn|14
|l| MEHVISH
|
|t:|1769410717
|-terastallize|p2a: Ninetales|Grass
|move|p1a: Great Tusk|Headlong Rush|p2a: Ninetales
|-resisted|p2a: Ninetales
|-damage|p2a: Ninetales|7/100
|-unboost|p1a: Great Tusk|def|1
|-unboost|p1a: Great Tusk|spd|1
|move|p2a: Ninetales|Weather Ball|p1a: Great Tusk
|-damage|p1a: Great Tusk|0 fnt
|faint|p1a: Great Tusk
|-end|p1a: Great Tusk|Protosynthesis|[silent]
|
|-weather|SunnyDay|[upkeep]
|upkeep
|l| Prav33n
|
|t:|1769410732
|switch|p1a: Glimmora|Glimmora, M, shiny|100/100
|turn|15
|
|t:|1769410741
|move|p1a: Glimmora|Meteor Beam||[still]
|-prepare|p1a: Glimmora|Meteor Beam
|-boost|p1a: Glimmora|spa|1
|-enditem|p1a: Glimmora|Power Herb
|-anim|p1a: Glimmora|Meteor Beam|p2a: Ninetales
|-damage|p2a: Ninetales|0 fnt
|faint|p2a: Ninetales
|
|-weather|SunnyDay|[upkeep]
|upkeep
|
|t:|1769410746
|switch|p2a: Slither Wing|Slither Wing|100/100
|-activate|p2a: Slither Wing|move: Sticky Web
|-unboost|p2a: Slither Wing|spe|1
|-activate|p2a: Slither Wing|ability: Protosynthesis
|-start|p2a: Slither Wing|protosynthesisatk
|turn|16
|
|t:|1769410751
|move|p1a: Glimmora|Dazzling Gleam|p2a: Slither Wing
|-supereffective|p2a: Slither Wing
|-damage|p2a: Slither Wing|39/100
|move|p2a: Slither Wing|Earthquake|p1a: Glimmora
|-supereffective|p1a: Glimmora
|-damage|p1a: Glimmora|0 fnt
|-activate|p1a: Glimmora|ability: Toxic Debris
|-sidestart|p2: RedemptiveSketch|move: Toxic Spikes
|faint|p1a: Glimmora
|
|-weather|SunnyDay|[upkeep]
|upkeep
|
|t:|1769410754
|switch|p1a: Darkrai|Darkrai, shiny|100/100
|turn|17
|
|t:|1769410759
|-terastallize|p1a: Darkrai|Dark
|move|p1a: Darkrai|Dark Pulse|p2a: Slither Wing
|-resisted|p2a: Slither Wing
|-damage|p2a: Slither Wing|18/100
|move|p2a: Slither Wing|U-turn|p1a: Darkrai
|-supereffective|p1a: Darkrai
|-damage|p1a: Darkrai|0 fnt
|faint|p1a: Darkrai
|
|win|RedemptiveSketch
|n|☆SDK04|sdk04
|n|☆RedemptiveSketch|redemptivesketch
|n| Weedlenium|weedlenium
