|j|☆spamtongspamtondr
|j|☆Aeroneoooo
|t:|1769365249
|gametype|singles
|player|p1|spamtongspamtondr|emmet|1139
|player|p2|Aeroneoooo|170|1123
|gen|9
|tier|[Gen 9] OU
|rated|
|rule|HP Percentage Mod: HP is shown in percentages
|rule|Endless Battle Clause: Forcing endless battles is banned
|rule|Species Clause: Limit one of each Pokémon
|rule|OHKO Clause: OHKO moves are banned
|rule|Evasion Items Clause: Evasion items are banned
|rule|Evasion Moves Clause: Evasion moves are banned
|rule|Evasion Abilities Clause: Evasion abilities are banned
|rule|Sleep Moves Clause: Sleep-inducing moves are banned
|clearpoke
|poke|p1|Dragapult, M|
|poke|p1|Metagross|
|poke|p1|Dragonite, F|
|poke|p1|Hydreigon, F|
|poke|p1|Garchomp, F|
|poke|p1|Kommo-o, F|
|poke|p2|Quaquaval, M|
|poke|p2|Glimmora, F|
|poke|p2|Deoxys-Speed|
|poke|p2|Cinderace, M|
|poke|p2|Gholdengo|
|poke|p2|Gengar, M|
|teampreview
|inactive|Battle timer is ON: inactive players will automatically lose when time's up. (requested by spamtongspamtondr)
|
|t:|1769365258
|teamsize|p1|6
|teamsize|p2|6
|start
|switch|p1a: Dragapult|Dragapult, M|100/100
|switch|p2a: Glimmora|Glimmora, F|100/100
|-item|p2a: Glimmora|Air Balloon
|turn|1
|
|t:|1769365264
|move|p1a: Dragapult|Dragon Pulse|p2a: Glimmora
|-damage|p2a: Glimmora|51/100
|-enditem|p2a: Glimmora|Air Balloon
|move|p2a: Glimmora|Stealth Rock|p1a: Dragapult
|-sidestart|p1: spamtongspamtondr|move: Stealth Rock
|
|upkeep
|turn|2
|
|t:|1769365272
|move|p1a: Dragapult|Dragon Pulse|p2a: Glimmora
|-crit|p2a: Glimmora
|-damage|p2a: Glimmora|0 fnt
|faint|p2a: Glimmora
|
|upkeep
|
|t:|1769365277
|switch|p2a: Gholdengo|Gholdengo|100/100
|turn|3
|
|t:|1769365282
|move|p1a: Dragapult|U-turn|p2a: Gholdengo
|-resisted|p2a: Gholdengo
|-crit|p2a: Gholdengo
|-damage|p2a: Gholdengo|94/100
|
|t:|1769365284
|switch|p1a: Metagross|Metagross|100/100|[from] U-turn
|-damage|p1a: Metagross|95/100|[from] Stealth Rock
|move|p2a: Gholdengo|Shadow Ball|p1a: Metagross
|-supereffective|p1a: Metagross
|-damage|p1a: Metagross|22/100
|
|upkeep
|turn|4
|
|t:|1769365288
|move|p2a: Gholdengo|Shadow Ball|p1a: Metagross
|-supereffective|p1a: Metagross
|-damage|p1a: Metagross|0 fnt
|faint|p1a: Metagross
|
|upkeep
|
|t:|1769365294
|switch|p1a: Hydreigon|Hydreigon, F|100/100
|-damage|p1a: Hydreigon|88/100|[from] Stealth Rock
|turn|5
|
|t:|1769365299
|switch|p2a: Cinderace|Cinderace, M|100/100
|move|p1a: Hydreigon|Nasty Plot|p1a: Hydreigon
|-boost|p1a: Hydreigon|spa|2
|
|upkeep
|turn|6
|
|t:|1769365302
|move|p2a: Cinderace|High Jump Kick|p1a: Hydreigon|[miss]
|-start|p2a: Cinderace|typechange|Fighting|[from] ability: Libero
|-miss|p2a: Cinderace|p1a: Hydreigon
|-damage|p2a: Cinderace|51/100|[from] highjumpkick
|move|p1a: Hydreigon|Draco Meteor|p2a: Cinderace
|-damage|p2a: Cinderace|0 fnt
|-unboost|p1a: Hydreigon|spa|2
|faint|p2a: Cinderace
|-damage|p1a: Hydreigon|78/100|[from] item: Life Orb
|
|upkeep
|
|t:|1769365309
|switch|p2a: Deoxys|Deoxys-Speed|100/100
|-ability|p2a: Deoxys|Pressure
|turn|7
|
|t:|1769365319
|move|p2a: Deoxys|Substitute|p2a: Deoxys
|-start|p2a: Deoxys|Substitute
|-damage|p2a: Deoxys|76/100
|move|p1a: Hydreigon|Nasty Plot|p1a: Hydreigon
|-boost|p1a: Hydreigon|spa|2
|
|upkeep
|turn|8
|
|t:|1769365321
|move|p2a: Deoxys|Focus Blast|p1a: Hydreigon
|-supereffective|p1a: Hydreigon
|-damage|p1a: Hydreigon|1/100
|move|p1a: Hydreigon|Flash Cannon|p2a: Deoxys
|-end|p2a: Deoxys|Substitute
|-damage|p1a: Hydreigon|0 fnt|[from] item: Life Orb
|faint|p1a: Hydreigon
|
|upkeep
|
|t:|1769365332
|switch|p1a: Dragonite|Dragonite, F|100/100
|turn|9
|
|t:|1769365336
|move|p2a: Deoxys|Psycho Boost|p1a: Dragonite
|-damage|p1a: Dragonite|72/100
|-unboost|p2a: Deoxys|spa|2
|-enditem|p2a: Deoxys|White Herb
|-clearnegativeboost|p2a: Deoxys|[silent]
|move|p1a: Dragonite|Dragon Dance|p1a: Dragonite
|-boost|p1a: Dragonite|atk|1
|-boost|p1a: Dragonite|spe|1
|
|upkeep
|turn|10
|
|t:|1769365340
|move|p1a: Dragonite|Extreme Speed|p2a: Deoxys
|-damage|p2a: Deoxys|9/100
|move|p2a: Deoxys|Psycho Boost|p1a: Dragonite
|-damage|p1a: Dragonite|11/100
|-unboost|p2a: Deoxys|spa|2
|
|upkeep
|turn|11
|
|t:|1769365345
|move|p1a: Dragonite|Extreme Speed|p2a: Deoxys
|-damage|p2a: Deoxys|0 fnt
|faint|p2a: Deoxys
|
|upkeep
|
|t:|1769365349
|switch|p2a: Gholdengo|Gholdengo|94/100
|turn|12
|
|t:|1769365359
|move|p2a: Gholdengo|Shadow Ball|p1a: Dragonite
|-damage|p1a: Dragonite|0 fnt
|faint|p1a: Dragonite
|
|upkeep
|
|t:|1769365362
|switch|p1a: Garchomp|Garchomp, F|100/100
|-damage|p1a: Garchomp|94/100|[from] Stealth Rock
|turn|13
|
|t:|1769365365
|move|p2a: Gholdengo|Shadow Ball|p1a: Garchomp
|-damage|p1a: Garchomp|40/100
|move|p1a: Garchomp|Swords Dance|p1a: Garchomp
|-boost|p1a: Garchomp|atk|2
|
|upkeep
|turn|14
|
|t:|1769365368
|move|p2a: Gholdengo|Shadow Ball|p1a: Garchomp
|-damage|p1a: Garchomp|0 fnt
|faint|p1a: Garchomp
|
|upkeep
|
|t:|1769365375
|switch|p1a: Kommo-o|Kommo-o, F|100/100
|-damage|p1a: Kommo-o|94/100|[from] Stealth Rock
|turn|15
|
|t:|1769365377
|move|p2a: Gholdengo|Shadow Ball|p1a: Kommo-o
|-immune|p1a: Kommo-o|[from] ability: Bulletproof
|move|p1a: Kommo-o|Clangorous Soul|p1a: Kommo-o
|-boost|p1a: Kommo-o|atk|1
|-boost|p1a: Kommo-o|def|1
|-boost|p1a: Kommo-o|spa|1
|-boost|p1a: Kommo-o|spd|1
|-boost|p1a: Kommo-o|spe|1
|-damage|p1a: Kommo-o|61/100
|-enditem|p1a: Kommo-o|Throat Spray
|-boost|p1a: Kommo-o|spa|1|[from] item: Throat Spray
|
|upkeep
|turn|16
|
|t:|1769365381
|switch|p2a: Quaquaval|Quaquaval, M|100/100
|move|p1a: Kommo-o|Clangorous Soul|p1a: Kommo-o
|-boost|p1a: Kommo-o|atk|1
|-boost|p1a: Kommo-o|def|1
|-boost|p1a: Kommo-o|spa|1
|-boost|p1a: Kommo-o|spd|1
|-boost|p1a: Kommo-o|spe|1
|-damage|p1a: Kommo-o|28/100
|
|upkeep
|turn|17
|
|t:|1769365383
|move|p1a: Kommo-o|Boomburst|p2a: Quaquaval
|-crit|p2a: Quaquaval
|-damage|p2a: Quaquaval|0 fnt
|faint|p2a: Quaquaval
|
|upkeep
|
|t:|1769365386
|switch|p2a: Gholdengo|Gholdengo|94/100
|turn|18
|
|t:|1769365390
|move|p1a: Kommo-o|Clanging Scales|p2a: Gholdengo
|-resisted|p2a: Gholdengo
|-damage|p2a: Gholdengo|29/100
|-unboost|p1a: Kommo-o|def|1
|move|p2a: Gholdengo|Flash Cannon|p1a: Kommo-o
|-damage|p1a: Kommo-o|2/100
|
|upkeep
|turn|19
|
|t:|1769365397
|move|p1a: Kommo-o|Clanging Scales|p2a: Gholdengo
|-resisted|p2a: Gholdengo
|-damage|p2a: Gholdengo|0 fnt
|faint|p2a: Gholdengo
|-unboost|p1a: Kommo-o|def|1
|
|upkeep
|
|t:|1769365398
|switch|p2a: Gengar|Gengar, M|100/100
|turn|20
|
|t:|1769365408
|move|p1a: Kommo-o|Clanging Scales|p2a: Gengar
|-damage|p2a: Gengar|0 fnt
|-start|p1a: Kommo-o|Disable|Clanging Scales|[from] ability: Cursed Body|[of] p2a: Gengar
|faint|p2a: Gengar
|
|win|spamtongspamtondr
|raw|spamtongspamtondr's rating: 1139 &rarr; <strong>1163</strong><br />(+24 for winning)
|raw|Aeroneoooo's rating: 1123 &rarr; <strong>1099</strong><br />(-24 for losing)
|c|☆spamtongspamtondr|gg
