|j|☆saibayman
|j|☆chibi tanjiro
|t:|1769401097
|gametype|singles
|player|p1|saibayman|266|1546
|player|p2|chibi tanjiro|101|1556
|gen|9
|tier|[Gen 9] OU
|rated|
|rule|HP Percentage Mod: HP is shown in percentages
|rule|Endless Battle Clause: Forcing endless battles is banned
|rule|Species Clause: Limit one of each Pokémon
|rule|OHKO Clause: OHKO moves are banned
|rule|Evasion Items Clause: Evasion items are banned
|rule|Evasion Moves Clause: Evasion moves are banned
|rule|Evasion Abilities Clause: Evasion abilities are banned
|rule|Sleep Moves Clause: Sleep-inducing moves are banned
|clearpoke
|poke|p1|Tyranitar, M|
|poke|p1|Great Tusk|
|poke|p1|Slowking-Galar, F|
|poke|p1|Gholdengo|
|poke|p1|Meowscarada, M|
|poke|p1|Moltres|
|poke|p2|Zarude-Dada|
|poke|p2|Samurott-Hisui, M|
|poke|p2|Pecharunt|
|poke|p2|Landorus-Therian, M|
|poke|p2|Clefable, M|
|poke|p2|Gholdengo|
|teampreview
|inactive|Battle timer is ON: inactive players will automatically lose when time's up. (requested by saibayman)
|
|t:|1769401111
|teamsize|p1|6
|teamsize|p2|6
|start
|switch|p1a: Meowscarada|Meowscarada, M|100/100
|switch|p2a: Zarude|Zarude-Dada|100/100
|turn|1
|
|t:|1769401118
|switch|p2a: Pecharunt|Pecharunt|100/100
|move|p1a: Meowscarada|U-turn|p2a: Pecharunt
|-start|p1a: Meowscarada|typechange|Bug|[from] ability: Protean
|-resisted|p2a: Pecharunt
|-damage|p2a: Pecharunt|95/100
|-damage|p1a: Meowscarada|84/100|[from] item: Rocky Helmet|[of] p2a: Pecharunt
|
|t:|1769401127
|switch|p1a: Gholdengo|Gholdengo|100/100|[from] U-turn
|
|upkeep
|turn|2
|
|t:|1769401132
|switch|p2a: Zarude|Zarude-Dada|100/100
|move|p1a: Gholdengo|Shadow Ball|p2a: Zarude
|-resisted|p2a: Zarude
|-damage|p2a: Zarude|79/100
|
|upkeep
|turn|3
|
|t:|1769401142
|switch|p1a: Moltres|Moltres|100/100
|move|p2a: Zarude|Knock Off|p1a: Moltres
|-damage|p1a: Moltres|55/100
|-enditem|p1a: Moltres|Heavy-Duty Boots|[from] move: Knock Off|[of] p2a: Zarude
|
|upkeep
|turn|4
|
|t:|1769401150
|switch|p2a: Clefable|Clefable, M|100/100
|move|p1a: Moltres|Will-O-Wisp|p2a: Clefable
|-status|p2a: Clefable|brn
|
|upkeep
|turn|5
|
|t:|1769401158
|move|p1a: Moltres|Roost|p1a: Moltres
|-heal|p1a: Moltres|100/100
|-singleturn|p1a: Moltres|move: Roost
|move|p2a: Clefable|Stealth Rock|p1a: Moltres
|-sidestart|p1: saibayman|move: Stealth Rock
|
|upkeep
|turn|6
|
|t:|1769401165
|switch|p2a: Samurott|Samurott-Hisui, M|100/100
|move|p1a: Moltres|Overheat|p2a: Samurott
|-resisted|p2a: Samurott
|-damage|p2a: Samurott|61/100
|-unboost|p1a: Moltres|spa|2
|
|upkeep
|turn|7
|
|t:|1769401174
|switch|p1a: Tyranitar|Tyranitar, M|100/100
|-damage|p1a: Tyranitar|88/100|[from] Stealth Rock
|-weather|Sandstorm|[from] ability: Sand Stream|[of] p1a: Tyranitar
|move|p2a: Samurott|Ceaseless Edge|p1a: Tyranitar
|-resisted|p1a: Tyranitar
|-damage|p1a: Tyranitar|71/100
|-damage|p2a: Samurott|45/100|[from] item: Rocky Helmet|[of] p1a: Tyranitar
|-sidestart|p1: saibayman|Spikes
|
|-weather|Sandstorm|[upkeep]
|-damage|p2a: Samurott|39/100|[from] Sandstorm
|upkeep
|turn|8
|
|t:|1769401188
|switch|p2a: Landorus|Landorus-Therian, M|100/100
|-ability|p2a: Landorus|Intimidate|boost
|-unboost|p1a: Tyranitar|atk|1
|move|p1a: Tyranitar|Thunder Punch|p2a: Landorus
|-immune|p2a: Landorus
|
|-weather|Sandstorm|[upkeep]
|upkeep
|turn|9
|
|t:|1769401198
|move|p2a: Landorus|Earth Power|p1a: Tyranitar
|-supereffective|p1a: Tyranitar
|-damage|p1a: Tyranitar|34/100
|move|p1a: Tyranitar|Stealth Rock|p2a: Landorus
|-sidestart|p2: chibi tanjiro|move: Stealth Rock
|
|-weather|Sandstorm|[upkeep]
|upkeep
|turn|10
|
|t:|1769401207
|switch|p1a: Moltres|Moltres|100/100
|-damage|p1a: Moltres|51/100|[from] Stealth Rock
|move|p2a: Landorus|U-turn|p1a: Moltres
|-resisted|p1a: Moltres
|-damage|p1a: Moltres|46/100
|
|t:|1769401210
|switch|p2a: Samurott|Samurott-Hisui, M|39/100|[from] U-turn
|-damage|p2a: Samurott|26/100|[from] Stealth Rock
|
|-weather|Sandstorm|[upkeep]
|-damage|p2a: Samurott|20/100|[from] Sandstorm
|-damage|p1a: Moltres|40/100|[from] Sandstorm
|upkeep
|turn|11
|
|t:|1769401220
|switch|p1a: Tyranitar|Tyranitar, M|34/100
|-damage|p1a: Tyranitar|22/100|[from] Stealth Rock
|-damage|p1a: Tyranitar|10/100|[from] Spikes
|move|p2a: Samurott|Ceaseless Edge|p1a: Tyranitar
|-resisted|p1a: Tyranitar
|-damage|p1a: Tyranitar|0 fnt
|-damage|p2a: Samurott|3/100|[from] item: Rocky Helmet|[of] p1a: Tyranitar
|-sidestart|p1: saibayman|Spikes
|faint|p1a: Tyranitar
|
|-weather|none
|upkeep
|
|t:|1769401233
|switch|p1a: Great Tusk|Great Tusk|100/100
|-damage|p1a: Great Tusk|97/100|[from] Stealth Rock
|-damage|p1a: Great Tusk|81/100|[from] Spikes
|turn|12
|
|t:|1769401239
|switch|p2a: Gholdengo|Gholdengo|100/100
|-damage|p2a: Gholdengo|94/100|[from] Stealth Rock
|-item|p2a: Gholdengo|Air Balloon
|move|p1a: Great Tusk|Earthquake|p2a: Gholdengo
|-immune|p2a: Gholdengo
|
|-heal|p1a: Great Tusk|87/100|[from] item: Leftovers
|upkeep
|turn|13
|-message|saibayman forfeited.
|
|win|chibi tanjiro
|raw|saibayman's rating: 1546 &rarr; <strong>1527</strong><br />(-19 for losing)
|raw|chibi tanjiro's rating: 1556 &rarr; <strong>1575</strong><br />(+19 for winning)
|l|☆saibayman
|player|p1|
|l|☆chibi tanjiro
|player|p2|
