|j|☆C. Eclipse
|j|☆VaporeonUser
|t:|1769447464
|gametype|singles
|player|p1|C. Eclipse|koga|1628
|player|p2|VaporeonUser|volkner|1621
|gen|9
|tier|[Gen 9] OU
|rated|
|rule|HP Percentage Mod: HP is shown in percentages
|rule|Endless Battle Clause: Forcing endless battles is banned
|rule|Species Clause: Limit one of each Pokémon
|rule|OHKO Clause: OHKO moves are banned
|rule|Evasion Items Clause: Evasion items are banned
|rule|Evasion Moves Clause: Evasion moves are banned
|rule|Evasion Abilities Clause: Evasion abilities are banned
|rule|Sleep Moves Clause: Sleep-inducing moves are banned
|clearpoke
|poke|p1|Darkrai|
|poke|p1|Dragonite, M|
|poke|p1|Araquanid, F|
|poke|p1|Gholdengo|
|poke|p1|Glimmora, F|
|poke|p1|Great Tusk|
|poke|p2|Pecharunt|
|poke|p2|Mabosstiff, F|
|poke|p2|Volcanion|
|poke|p2|Iron Valiant|
|poke|p2|Landorus-Therian, M|
|poke|p2|Deoxys-Speed|
|teampreview
|inactive|Battle timer is ON: inactive players will automatically lose when time's up. (requested by C. Eclipse)
|
|t:|1769447477
|teamsize|p1|6
|teamsize|p2|6
|start
|switch|p1a: Darkrai|Darkrai, shiny|100/100
|switch|p2a: Deoxys|Deoxys-Speed|100/100
|-ability|p2a: Deoxys|Pressure
|turn|1
|
|t:|1769447480
|move|p2a: Deoxys|Superpower|p1a: Darkrai
|-supereffective|p1a: Darkrai
|-damage|p1a: Darkrai|20/100
|-unboost|p2a: Deoxys|atk|1
|-unboost|p2a: Deoxys|def|1
|-enditem|p2a: Deoxys|Eject Pack
|
|t:|1769447483
|switch|p2a: Volcanion|Volcanion|100/100
|move|p1a: Darkrai|Knock Off|p2a: Volcanion
|-crit|p2a: Volcanion
|-damage|p2a: Volcanion|58/100
|-enditem|p2a: Volcanion|Leftovers|[from] move: Knock Off|[of] p1a: Darkrai
|
|upkeep
|turn|2
|
|t:|1769447488
|move|p1a: Darkrai|Dark Pulse|p2a: Volcanion
|-crit|p2a: Volcanion
|-damage|p2a: Volcanion|0 fnt
|faint|p2a: Volcanion
|
|upkeep
|
|t:|1769447493
|switch|p2a: Deoxys|Deoxys-Speed|100/100
|-ability|p2a: Deoxys|Pressure
|turn|3
|
|t:|1769447498
|move|p1a: Darkrai|Sucker Punch|p2a: Deoxys
|-supereffective|p2a: Deoxys
|-damage|p2a: Deoxys|13/100
|move|p2a: Deoxys|Superpower|p1a: Darkrai
|-supereffective|p1a: Darkrai
|-damage|p1a: Darkrai|0 fnt
|-unboost|p2a: Deoxys|atk|1
|-unboost|p2a: Deoxys|def|1
|faint|p1a: Darkrai
|
|upkeep
|
|t:|1769447500
|switch|p1a: Araquanid|Araquanid, F, shiny|100/100
|turn|4
|
|t:|1769447502
|move|p2a: Deoxys|Knock Off|p1a: Araquanid
|-damage|p1a: Araquanid|85/100
|-enditem|p1a: Araquanid|Red Card|[from] move: Knock Off|[of] p2a: Deoxys
|move|p1a: Araquanid|Sticky Web|p2a: Deoxys
|-sidestart|p2: VaporeonUser|move: Sticky Web
|
|upkeep
|turn|5
|
|t:|1769447506
|move|p2a: Deoxys|Spikes|p1a: Araquanid
|-sidestart|p1: C. Eclipse|Spikes
|move|p1a: Araquanid|Surf|p2a: Deoxys
|-damage|p2a: Deoxys|0 fnt
|faint|p2a: Deoxys
|
|upkeep
|
|t:|1769447510
|switch|p2a: Pecharunt|Pecharunt|100/100
|turn|6
|
|t:|1769447514
|move|p2a: Pecharunt|Nasty Plot|p2a: Pecharunt
|-boost|p2a: Pecharunt|spa|2
|move|p1a: Araquanid|Surf|p2a: Pecharunt
|-damage|p2a: Pecharunt|54/100
|
|upkeep
|turn|7
|
|t:|1769447517
|move|p2a: Pecharunt|Malignant Chain|p1a: Araquanid
|-damage|p1a: Araquanid|30/100
|move|p1a: Araquanid|Surf|p2a: Pecharunt
|-crit|p2a: Pecharunt
|-damage|p2a: Pecharunt|0 fnt
|faint|p2a: Pecharunt
|
|upkeep
|
|t:|1769447527
|switch|p2a: Iron Valiant|Iron Valiant|100/100
|-activate|p2a: Iron Valiant|move: Sticky Web
|-unboost|p2a: Iron Valiant|spe|1
|-enditem|p2a: Iron Valiant|Booster Energy
|-activate|p2a: Iron Valiant|ability: Quark Drive|[fromitem]
|-start|p2a: Iron Valiant|quarkdriveatk
|turn|8
|
|t:|1769447530
|move|p2a: Iron Valiant|Moonblast|p1a: Araquanid
|-damage|p1a: Araquanid|3/100
|move|p1a: Araquanid|Endeavor|p2a: Iron Valiant
|-damage|p2a: Iron Valiant|3/100
|
|upkeep
|turn|9
|
|t:|1769447535
|move|p2a: Iron Valiant|Moonblast|p1a: Araquanid
|-damage|p1a: Araquanid|0 fnt
|faint|p1a: Araquanid
|
|upkeep
|
|t:|1769447537
|switch|p1a: Glimmora|Glimmora, F, shiny|100/100
|-damage|p1a: Glimmora|88/100|[from] Spikes
|turn|10
|
|t:|1769447542
|move|p1a: Glimmora|Stealth Rock|p2a: Iron Valiant
|-sidestart|p2: VaporeonUser|move: Stealth Rock
|move|p2a: Iron Valiant|Knock Off|p1a: Glimmora
|-damage|p1a: Glimmora|35/100
|-activate|p1a: Glimmora|ability: Toxic Debris
|-sidestart|p2: VaporeonUser|move: Toxic Spikes
|-enditem|p1a: Glimmora|Power Herb|[from] move: Knock Off|[of] p2a: Iron Valiant
|
|upkeep
|turn|11
|
|t:|1769447546
|move|p1a: Glimmora|Mortal Spin|p2a: Iron Valiant
|-supereffective|p2a: Iron Valiant
|-damage|p2a: Iron Valiant|0 fnt
|-sideend|p1: C. Eclipse|Spikes|[from] move: Mortal Spin|[of] p1a: Glimmora
|faint|p2a: Iron Valiant
|-end|p2a: Iron Valiant|Quark Drive|[silent]
|
|upkeep
|
|t:|1769447550
|switch|p2a: Landorus|Landorus-Therian, M|100/100
|-damage|p2a: Landorus|88/100|[from] Stealth Rock
|-ability|p2a: Landorus|Intimidate|boost
|-unboost|p1a: Glimmora|atk|1
|turn|12
|
|t:|1769447554
|move|p2a: Landorus|Earthquake|p1a: Glimmora
|-supereffective|p1a: Glimmora
|-damage|p1a: Glimmora|0 fnt
|-activate|p1a: Glimmora|ability: Toxic Debris
|-sidestart|p2: VaporeonUser|move: Toxic Spikes
|faint|p1a: Glimmora
|
|upkeep
|
|t:|1769447558
|switch|p1a: Gholdengo|Gholdengo|100/100
|-item|p1a: Gholdengo|Air Balloon
|turn|13
|
|t:|1769447560
|move|p2a: Landorus|U-turn|p1a: Gholdengo
|-resisted|p1a: Gholdengo
|-damage|p1a: Gholdengo|95/100
|-enditem|p1a: Gholdengo|Air Balloon
|
|t:|1769447562
|switch|p2a: Mabosstiff|Mabosstiff, F, shiny|100/100|[from] U-turn
|-activate|p2a: Mabosstiff|move: Sticky Web
|-unboost|p2a: Mabosstiff|spe|1
|-damage|p2a: Mabosstiff|88/100|[from] Stealth Rock
|-status|p2a: Mabosstiff|tox
|-ability|p2a: Mabosstiff|Intimidate|boost
|-unboost|p1a: Gholdengo|atk|1
|move|p1a: Gholdengo|Nasty Plot|p1a: Gholdengo
|-boost|p1a: Gholdengo|spa|2
|
|-damage|p2a: Mabosstiff|82/100 tox|[from] psn
|upkeep
|turn|14
|
|t:|1769447564
|move|p1a: Gholdengo|Make It Rain|p2a: Mabosstiff
|-damage|p2a: Mabosstiff|0 fnt
|-unboost|p1a: Gholdengo|spa|1
|faint|p2a: Mabosstiff
|
|upkeep
|
|t:|1769447567
|switch|p2a: Landorus|Landorus-Therian, M|88/100
|-damage|p2a: Landorus|76/100|[from] Stealth Rock
|-ability|p2a: Landorus|Intimidate|boost
|-unboost|p1a: Gholdengo|atk|1
|turn|15
|
|t:|1769447569
|-terastallize|p1a: Gholdengo|Fairy
|move|p2a: Landorus|Earthquake|p1a: Gholdengo
|-damage|p1a: Gholdengo|45/100
|move|p1a: Gholdengo|Make It Rain|p2a: Landorus
|-damage|p2a: Landorus|0 fnt
|-unboost|p1a: Gholdengo|spa|1
|faint|p2a: Landorus
|
|win|C. Eclipse
|raw|C. Eclipse's rating: 1628 &rarr; <strong>1648</strong><br />(+20 for winning)
|raw|VaporeonUser's rating: 1621 &rarr; <strong>1601</strong><br />(-20 for losing)
|l|☆VaporeonUser
|player|p2|
|l|☆C. Eclipse
|player|p1|
