|j|☆LaportaPotty
|j|☆kfkzzl
|t:|1769322324
|gametype|singles
|player|p1|LaportaPotty|169|1397
|player|p2|kfkzzl|265|1421
|gen|9
|tier|[Gen 9] OU
|rated|
|rule|HP Percentage Mod: HP is shown in percentages
|rule|Endless Battle Clause: Forcing endless battles is banned
|rule|Species Clause: Limit one of each Pokémon
|rule|OHKO Clause: OHKO moves are banned
|rule|Evasion Items Clause: Evasion items are banned
|rule|Evasion Moves Clause: Evasion moves are banned
|rule|Evasion Abilities Clause: Evasion abilities are banned
|rule|Sleep Moves Clause: Sleep-inducing moves are banned
|clearpoke
|poke|p1|Okidogi, M|
|poke|p1|Raging Bolt|
|poke|p1|Moltres|
|poke|p1|Sinistcha|
|poke|p1|Iron Treads|
|poke|p1|Ogerpon-Cornerstone, F|
|poke|p2|Sandy Shocks|
|poke|p2|Scizor, M|
|poke|p2|Manaphy|
|poke|p2|Latios, M|
|poke|p2|Ogerpon, F|
|poke|p2|Iron Jugulis|
|teampreview
|inactive|Battle timer is ON: inactive players will automatically lose when time's up. (requested by LaportaPotty)
|
|t:|1769322334
|teamsize|p1|6
|teamsize|p2|6
|start
|switch|p1a: Ogerpon|Ogerpon-Cornerstone, F|100/100
|switch|p2a: Sandy Shocks|Sandy Shocks|100/100
|-enditem|p2a: Sandy Shocks|Booster Energy
|-activate|p2a: Sandy Shocks|ability: Protosynthesis|[fromitem]
|-start|p2a: Sandy Shocks|protosynthesisspe
|turn|1
|
|t:|1769322344
|move|p2a: Sandy Shocks|Earth Power|p1a: Ogerpon
|-damage|p1a: Ogerpon|49/100
|move|p1a: Ogerpon|Trailblaze|p2a: Sandy Shocks
|-supereffective|p2a: Sandy Shocks
|-damage|p2a: Sandy Shocks|34/100
|-boost|p1a: Ogerpon|spe|1
|
|upkeep
|turn|2
|
|t:|1769322355
|-end|p2a: Sandy Shocks|Protosynthesis|[silent]
|switch|p2a: Latios|Latios, M|100/100
|move|p1a: Ogerpon|Spikes|p2a: Latios
|-sidestart|p2: kfkzzl|Spikes
|
|upkeep
|turn|3
|
|t:|1769322367
|-terastallize|p1a: Ogerpon|Rock
|detailschange|p1a: Ogerpon|Ogerpon-Cornerstone-Tera, F, tera:Rock
|-ability|p1a: Ogerpon|Embody Aspect (Cornerstone)|boost
|-boost|p1a: Ogerpon|def|1
|move|p1a: Ogerpon|Ivy Cudgel|p2a: Latios|[anim] Ivy Cudgel Rock
|-crit|p2a: Latios
|-damage|p2a: Latios|0 fnt
|faint|p2a: Latios
|
|upkeep
|
|t:|1769322375
|switch|p2a: Scizor|Scizor, M|100/100
|-damage|p2a: Scizor|88/100|[from] Spikes
|turn|4
|
|t:|1769322379
|switch|p1a: Moltres|Moltres|100/100
|move|p2a: Scizor|Swords Dance|p2a: Scizor
|-boost|p2a: Scizor|atk|2
|
|upkeep
|turn|5
|
|t:|1769322391
|move|p1a: Moltres|Flamethrower|p2a: Scizor
|-supereffective|p2a: Scizor
|-damage|p2a: Scizor|0 fnt
|faint|p2a: Scizor
|
|upkeep
|
|t:|1769322394
|switch|p2a: Sandy Shocks|Sandy Shocks|34/100
|-damage|p2a: Sandy Shocks|22/100|[from] Spikes
|turn|6
|
|t:|1769322400
|switch|p1a: Iron Treads|Iron Treads|100/100
|move|p2a: Sandy Shocks|Stealth Rock|p1a: Iron Treads
|-sidestart|p1: LaportaPotty|move: Stealth Rock
|
|upkeep
|turn|7
|
|t:|1769322410
|move|p1a: Iron Treads|Iron Head|p2a: Sandy Shocks
|-resisted|p2a: Sandy Shocks
|-damage|p2a: Sandy Shocks|0 fnt
|faint|p2a: Sandy Shocks
|-end|p2a: Sandy Shocks|Protosynthesis|[silent]
|
|upkeep
|
|t:|1769322421
|switch|p2a: Ogerpon|Ogerpon, F|100/100
|-damage|p2a: Ogerpon|88/100|[from] Spikes
|turn|8
|inactive|LaportaPotty has 120 seconds left.
|
|t:|1769322478
|-end|p1a: Iron Treads|Quark Drive|[silent]
|switch|p1a: Moltres|Moltres|100/100
|move|p2a: Ogerpon|Swords Dance|p2a: Ogerpon
|-boost|p2a: Ogerpon|atk|2
|
|upkeep
|turn|9
|
|t:|1769322486
|move|p2a: Ogerpon|Rock Tomb|p1a: Moltres
|-supereffective|p1a: Moltres
|-damage|p1a: Moltres|0 fnt
|faint|p1a: Moltres
|-damage|p2a: Ogerpon|78/100|[from] item: Life Orb
|
|upkeep
|
|t:|1769322491
|switch|p1a: Okidogi|Okidogi, M|100/100
|-damage|p1a: Okidogi|94/100|[from] Stealth Rock
|turn|10
|
|t:|1769322502
|switch|p2a: Iron Jugulis|Iron Jugulis|100/100
|-enditem|p2a: Iron Jugulis|Booster Energy
|-activate|p2a: Iron Jugulis|ability: Quark Drive|[fromitem]
|-start|p2a: Iron Jugulis|quarkdrivespe
|move|p1a: Okidogi|Ice Punch|p2a: Iron Jugulis
|-supereffective|p2a: Iron Jugulis
|-damage|p2a: Iron Jugulis|29/100
|-status|p2a: Iron Jugulis|tox|[from] ability: Toxic Chain|[of] p1a: Okidogi
|
|-damage|p2a: Iron Jugulis|23/100 tox|[from] psn
|upkeep
|turn|11
|
|t:|1769322514
|switch|p1a: Raging Bolt|Raging Bolt|100/100
|-damage|p1a: Raging Bolt|88/100|[from] Stealth Rock
|-enditem|p1a: Raging Bolt|Booster Energy
|-activate|p1a: Raging Bolt|ability: Protosynthesis|[fromitem]
|-start|p1a: Raging Bolt|protosynthesisspa
|move|p2a: Iron Jugulis|Hurricane|p1a: Raging Bolt
|-resisted|p1a: Raging Bolt
|-damage|p1a: Raging Bolt|60/100
|
|-damage|p2a: Iron Jugulis|11/100 tox|[from] psn
|upkeep
|turn|12
|
|t:|1769322532
|-terastallize|p2a: Iron Jugulis|Ground
|move|p2a: Iron Jugulis|Earth Power|p1a: Raging Bolt
|-supereffective|p1a: Raging Bolt
|-crit|p1a: Raging Bolt
|-damage|p1a: Raging Bolt|0 fnt
|faint|p1a: Raging Bolt
|-end|p1a: Raging Bolt|Protosynthesis|[silent]
|
|-damage|p2a: Iron Jugulis|0 fnt|[from] psn
|faint|p2a: Iron Jugulis
|-end|p2a: Iron Jugulis|Quark Drive|[silent]
|upkeep
|
|t:|1769322546
|switch|p2a: Manaphy|Manaphy|100/100
|switch|p1a: Sinistcha|Sinistcha|100/100
|-damage|p2a: Manaphy|88/100|[from] Spikes
|turn|13
|
|t:|1769322551
|move|p2a: Manaphy|Tail Glow|p2a: Manaphy
|-boost|p2a: Manaphy|spa|3
|move|p1a: Sinistcha|Matcha Gotcha|p2a: Manaphy|[miss]
|-miss|p1a: Sinistcha|p2a: Manaphy
|
|upkeep
|turn|14
|
|t:|1769322558
|move|p2a: Manaphy|Ice Beam|p1a: Sinistcha
|-supereffective|p1a: Sinistcha
|-damage|p1a: Sinistcha|0 fnt
|faint|p1a: Sinistcha
|
|upkeep
|
|t:|1769322563
|switch|p1a: Okidogi|Okidogi, M|94/100
|-damage|p1a: Okidogi|88/100|[from] Stealth Rock
|turn|15
|
|t:|1769322567
|move|p2a: Manaphy|Ice Beam|p1a: Okidogi
|-damage|p1a: Okidogi|40/100
|move|p1a: Okidogi|Drain Punch|p2a: Manaphy
|-damage|p2a: Manaphy|49/100
|-heal|p1a: Okidogi|58/100|[from] drain|[of] p2a: Manaphy
|-status|p2a: Manaphy|tox|[from] ability: Toxic Chain|[of] p1a: Okidogi
|-enditem|p2a: Manaphy|Sitrus Berry|[eat]
|-heal|p2a: Manaphy|74/100 tox|[from] item: Sitrus Berry
|
|-damage|p2a: Manaphy|68/100 tox|[from] psn
|upkeep
|turn|16
|
|t:|1769322575
|move|p2a: Manaphy|Ice Beam|p1a: Okidogi
|-damage|p1a: Okidogi|12/100
|move|p1a: Okidogi|Drain Punch|p2a: Manaphy
|-damage|p2a: Manaphy|27/100 tox
|-heal|p1a: Okidogi|30/100|[from] drain|[of] p2a: Manaphy
|
|-damage|p2a: Manaphy|14/100 tox|[from] psn
|upkeep
|turn|17
|
|t:|1769322581
|switch|p1a: Iron Treads|Iron Treads|100/100
|move|p2a: Manaphy|Ice Beam|p1a: Iron Treads
|-damage|p1a: Iron Treads|16/100
|
|-damage|p2a: Manaphy|0 fnt|[from] psn
|faint|p2a: Manaphy
|upkeep
|
|t:|1769322587
|switch|p2a: Ogerpon|Ogerpon, F|78/100
|-damage|p2a: Ogerpon|66/100|[from] Spikes
|turn|18
|inactive|kfkzzl has 120 seconds left.
|
|t:|1769322634
|move|p2a: Ogerpon|Swords Dance|p2a: Ogerpon
|-boost|p2a: Ogerpon|atk|2
|move|p1a: Iron Treads|Rapid Spin|p2a: Ogerpon
|-damage|p2a: Ogerpon|43/100
|-boost|p1a: Iron Treads|spe|1
|-sideend|p1: LaportaPotty|Stealth Rock|[from] move: Rapid Spin|[of] p1a: Iron Treads
|
|upkeep
|turn|19
|
|t:|1769322643
|move|p1a: Iron Treads|Iron Head|p2a: Ogerpon
|-damage|p2a: Ogerpon|0 fnt
|faint|p2a: Ogerpon
|
|win|LaportaPotty
|raw|LaportaPotty's rating: 1397 &rarr; <strong>1418</strong><br />(+21 for winning)
|raw|kfkzzl's rating: 1421 &rarr; <strong>1400</strong><br />(-21 for losing)
|l|☆LaportaPotty
|player|p1|
|l|☆kfkzzl
|player|p2|
