|j|☆Dragonzord6
|j|☆hamoodiscute
|t:|1769430219
|gametype|singles
|player|p1|Dragonzord6|lance|1475
|player|p2|hamoodiscute|cynthia|1410
|gen|9
|tier|[Gen 9] OU
|rated|
|rule|HP Percentage Mod: HP is shown in percentages
|rule|Endless Battle Clause: Forcing endless battles is banned
|rule|Species Clause: Limit one of each Pokémon
|rule|OHKO Clause: OHKO moves are banned
|rule|Evasion Items Clause: Evasion items are banned
|rule|Evasion Moves Clause: Evasion moves are banned
|rule|Evasion Abilities Clause: Evasion abilities are banned
|rule|Sleep Moves Clause: Sleep-inducing moves are banned
|clearpoke
|poke|p1|Pelipper, M|
|poke|p1|Kingdra, F|
|poke|p1|Barraskewda, M|
|poke|p1|Raging Bolt|
|poke|p1|Kyurem|
|poke|p1|Metagross|
|poke|p2|Dragonite, F|
|poke|p2|Samurott-Hisui, M|
|poke|p2|Clefable, M|
|poke|p2|Gliscor, M|
|poke|p2|Gholdengo|
|poke|p2|Zamazenta-*|
|teampreview
|inactive|Battle timer is ON: inactive players will automatically lose when time's up. (requested by Dragonzord6)
|
|t:|1769430251
|teamsize|p1|6
|teamsize|p2|6
|start
|switch|p1a: Messenger|Pelipper, M, shiny|100/100
|switch|p2a: Samurott|Samurott-Hisui, M|100/100
|-weather|RainDance|[from] ability: Drizzle|[of] p1a: Messenger
|turn|1
|
|t:|1769430260
|move|p2a: Samurott|Knock Off|p1a: Messenger
|-damage|p1a: Messenger|53/100
|-enditem|p1a: Messenger|Damp Rock|[from] move: Knock Off|[of] p2a: Samurott
|move|p1a: Messenger|Hurricane|p2a: Samurott
|-damage|p2a: Samurott|63/100
|-start|p2a: Samurott|confusion
|
|-weather|RainDance|[upkeep]
|upkeep
|turn|2
|
|t:|1769430270
|-activate|p2a: Samurott|confusion
|move|p2a: Samurott|Ceaseless Edge|p1a: Messenger
|-damage|p1a: Messenger|8/100
|-sidestart|p1: Dragonzord6|Spikes
|move|p1a: Messenger|U-turn|p2a: Samurott
|-supereffective|p2a: Samurott
|-damage|p2a: Samurott|45/100
|
|t:|1769430277
|switch|p1a: Kingdra|Kingdra, F, shiny|100/100|[from] U-turn
|-damage|p1a: Kingdra|88/100|[from] Spikes
|
|-weather|RainDance|[upkeep]
|upkeep
|turn|3
|
|t:|1769430284
|-terastallize|p1a: Kingdra|Water
|-activate|p2a: Samurott|confusion
|move|p2a: Samurott|Sucker Punch|p1a: Kingdra
|-damage|p1a: Kingdra|48/100
|move|p1a: Kingdra|Weather Ball|p2a: Samurott
|-resisted|p2a: Samurott
|-damage|p2a: Samurott|0 fnt
|faint|p2a: Samurott
|
|-weather|RainDance|[upkeep]
|upkeep
|inactive|hamoodiscute has 120 seconds left.
|
|t:|1769430344
|switch|p2a: Dragonite|Dragonite, F|100/100
|turn|4
|
|t:|1769430349
|move|p1a: Kingdra|Weather Ball|p2a: Dragonite
|-resisted|p2a: Dragonite
|-damage|p2a: Dragonite|70/100
|move|p2a: Dragonite|Earthquake|p1a: Kingdra
|-damage|p1a: Kingdra|0 fnt
|faint|p1a: Kingdra
|
|-weather|RainDance|[upkeep]
|upkeep
|
|t:|1769430362
|switch|p1a: Kyurem|Kyurem, shiny|100/100
|-damage|p1a: Kyurem|88/100|[from] Spikes
|-ability|p1a: Kyurem|Pressure
|turn|5
|
|t:|1769430370
|switch|p2a: Gholdengo|Gholdengo|100/100
|move|p1a: Kyurem|Freeze-Dry|p2a: Gholdengo
|-resisted|p2a: Gholdengo
|-damage|p2a: Gholdengo|64/100
|
|-weather|RainDance|[upkeep]
|upkeep
|turn|6
|
|t:|1769430378
|switch|p1a: Metagross|Metagross, shiny|100/100
|-damage|p1a: Metagross|88/100|[from] Spikes
|move|p2a: Gholdengo|Shadow Ball|p1a: Metagross
|-supereffective|p1a: Metagross
|-damage|p1a: Metagross|27/100
|
|-weather|RainDance|[upkeep]
|upkeep
|turn|7
|
|t:|1769430389
|move|p1a: Metagross|Bullet Punch|p2a: Gholdengo
|-resisted|p2a: Gholdengo
|-damage|p2a: Gholdengo|50/100
|move|p2a: Gholdengo|Shadow Ball|p1a: Metagross
|-supereffective|p1a: Metagross
|-damage|p1a: Metagross|0 fnt
|faint|p1a: Metagross
|
|-weather|RainDance|[upkeep]
|upkeep
|
|t:|1769430399
|switch|p1a: Barraskewda|Barraskewda, M, shiny|100/100
|-damage|p1a: Barraskewda|88/100|[from] Spikes
|turn|8
|
|t:|1769430415
|switch|p2a: Zamazenta|Zamazenta|100/100
|-ability|p2a: Zamazenta|Dauntless Shield|boost
|-boost|p2a: Zamazenta|def|1
|move|p1a: Barraskewda|Flip Turn|p2a: Zamazenta
|-damage|p2a: Zamazenta|59/100
|
|t:|1769430422
|switch|p1a: Raging Bolt|Raging Bolt|100/100|[from] Flip Turn
|-damage|p1a: Raging Bolt|88/100|[from] Spikes
|-enditem|p1a: Raging Bolt|Booster Energy
|-activate|p1a: Raging Bolt|ability: Protosynthesis|[fromitem]
|-start|p1a: Raging Bolt|protosynthesisspa
|
|-weather|none
|-heal|p2a: Zamazenta|65/100|[from] item: Leftovers
|upkeep
|turn|9
|
|t:|1769430434
|move|p2a: Zamazenta|Body Press|p1a: Raging Bolt
|-damage|p1a: Raging Bolt|49/100
|move|p1a: Raging Bolt|Thunder|p2a: Zamazenta
|-damage|p2a: Zamazenta|0 fnt
|faint|p2a: Zamazenta
|
|upkeep
|
|t:|1769430448
|switch|p2a: Gliscor|Gliscor, M|100/100
|turn|10
|
|t:|1769430452
|-end|p1a: Raging Bolt|Protosynthesis|[silent]
|switch|p1a: Messenger|Pelipper, M, shiny|8/100
|-weather|RainDance|[from] ability: Drizzle|[of] p1a: Messenger
|move|p2a: Gliscor|Swords Dance|p2a: Gliscor
|-boost|p2a: Gliscor|atk|2
|
|-weather|RainDance|[upkeep]
|-status|p2a: Gliscor|tox|[from] item: Toxic Orb
|upkeep
|turn|11
|
|t:|1769430461
|switch|p2a: Clefable|Clefable, M|100/100
|move|p1a: Messenger|Weather Ball|p2a: Clefable
|-damage|p2a: Clefable|36/100
|
|-weather|RainDance|[upkeep]
|upkeep
|turn|12
|
|t:|1769430471
|move|p1a: Messenger|Weather Ball|p2a: Clefable
|-damage|p2a: Clefable|0 fnt
|faint|p2a: Clefable
|
|-weather|RainDance|[upkeep]
|upkeep
|
|t:|1769430474
|switch|p2a: Dragonite|Dragonite, F|70/100
|turn|13
|
|t:|1769430485
|move|p2a: Dragonite|Dragon Dance|p2a: Dragonite
|-boost|p2a: Dragonite|atk|1
|-boost|p2a: Dragonite|spe|1
|move|p1a: Messenger|Ice Beam|p2a: Dragonite
|-supereffective|p2a: Dragonite
|-damage|p2a: Dragonite|0 fnt
|faint|p2a: Dragonite
|
|-weather|RainDance|[upkeep]
|upkeep
|
|t:|1769430492
|switch|p2a: Gholdengo|Gholdengo|50/100
|turn|14
|
|t:|1769430498
|switch|p1a: Kyurem|Kyurem, shiny|88/100
|-damage|p1a: Kyurem|76/100|[from] Spikes
|-ability|p1a: Kyurem|Pressure
|move|p2a: Gholdengo|Shadow Ball|p1a: Kyurem
|-damage|p1a: Kyurem|33/100
|
|-weather|none
|upkeep
|turn|15
|
|t:|1769430509
|move|p2a: Gholdengo|Shadow Ball|p1a: Kyurem
|-damage|p1a: Kyurem|0 fnt
|faint|p1a: Kyurem
|
|upkeep
|
|t:|1769430515
|switch|p1a: Messenger|Pelipper, M, shiny|8/100
|-weather|RainDance|[from] ability: Drizzle|[of] p1a: Messenger
|turn|16
|
|t:|1769430519
|move|p2a: Gholdengo|Shadow Ball|p1a: Messenger
|-crit|p1a: Messenger
|-damage|p1a: Messenger|0 fnt
|faint|p1a: Messenger
|
|-weather|RainDance|[upkeep]
|upkeep
|
|t:|1769430528
|switch|p1a: Barraskewda|Barraskewda, M, shiny|88/100
|-damage|p1a: Barraskewda|75/100|[from] Spikes
|turn|17
|
|t:|1769430533
|move|p1a: Barraskewda|Liquidation|p2a: Gholdengo
|-damage|p2a: Gholdengo|0 fnt
|faint|p2a: Gholdengo
|
|-weather|RainDance|[upkeep]
|upkeep
|
|t:|1769430535
|switch|p2a: Gliscor|Gliscor, M|100/100 tox
|turn|18
|
|t:|1769430543
|-terastallize|p2a: Gliscor|Normal
|move|p1a: Barraskewda|Liquidation|p2a: Gliscor
|-damage|p2a: Gliscor|14/100 tox
|move|p2a: Gliscor|Knock Off|p1a: Barraskewda
|-damage|p1a: Barraskewda|30/100
|-enditem|p1a: Barraskewda|Choice Band|[from] move: Knock Off|[of] p2a: Gliscor
|
|-weather|RainDance|[upkeep]
|-heal|p2a: Gliscor|27/100 tox|[from] ability: Poison Heal
|upkeep
|turn|19
|
|t:|1769430556
|move|p2a: Gliscor|Protect|p2a: Gliscor
|-singleturn|p2a: Gliscor|Protect
|move|p1a: Barraskewda|Liquidation|p2a: Gliscor
|-activate|p2a: Gliscor|move: Protect
|
|-weather|RainDance|[upkeep]
|-heal|p2a: Gliscor|39/100 tox|[from] ability: Poison Heal
|upkeep
|turn|20
|
|t:|1769430565
|move|p1a: Barraskewda|Liquidation|p2a: Gliscor
|-damage|p2a: Gliscor|0 fnt
|faint|p2a: Gliscor
|
|win|Dragonzord6
|raw|Dragonzord6's rating: 1475 &rarr; <strong>1491</strong><br />(+16 for winning)
|raw|hamoodiscute's rating: 1410 &rarr; <strong>1394</strong><br />(-16 for losing)
|l|☆hamoodiscute
|player|p2|
