|j|☆laon09
|j|☆boardchairman
|t:|1769329563
|gametype|singles
|player|p1|laon09|blackbelt-gen4dp|1123
|player|p2|boardchairman|hilbert-wonderlauncher|1107
|gen|9
|tier|[Gen 9] OU
|rated|
|rule|HP Percentage Mod: HP is shown in percentages
|rule|Endless Battle Clause: Forcing endless battles is banned
|rule|Species Clause: Limit one of each Pokémon
|rule|OHKO Clause: OHKO moves are banned
|rule|Evasion Items Clause: Evasion items are banned
|rule|Evasion Moves Clause: Evasion moves are banned
|rule|Evasion Abilities Clause: Evasion abilities are banned
|rule|Sleep Moves Clause: Sleep-inducing moves are banned
|clearpoke
|poke|p1|Grimmsnarl, M|
|poke|p1|Greninja-*, M|
|poke|p1|Garganacl, M|
|poke|p1|Dragonite, M|
|poke|p1|Clodsire, M|
|poke|p1|Excadrill, F|
|poke|p2|Avalugg, M|
|poke|p2|Zoroark-Hisui, F|
|poke|p2|Haxorus, M|
|poke|p2|Greninja-*, M|
|poke|p2|Delphox, F|
|poke|p2|Salazzle, F|
|teampreview
|inactive|Battle timer is ON: inactive players will automatically lose when time's up. (requested by boardchairman)
|
|t:|1769329579
|teamsize|p1|6
|teamsize|p2|6
|start
|switch|p1a: Grimmsnarl|Grimmsnarl, M|100/100
|switch|p2a: Avalugg|Avalugg, M|100/100
|turn|1
|
|t:|1769329603
|move|p1a: Grimmsnarl|Taunt|p2a: Avalugg
|-start|p2a: Avalugg|move: Taunt
|cant|p2a: Avalugg|move: Taunt|Nasty Plot
|
|upkeep
|turn|2
|
|t:|1769329631
|move|p1a: Grimmsnarl|Light Screen|p1a: Grimmsnarl
|-sidestart|p1: laon09|move: Light Screen
|move|p2a: Avalugg|Flamethrower|p1a: Grimmsnarl
|-damage|p1a: Grimmsnarl|84/100
|
|upkeep
|turn|3
|
|t:|1769329644
|switch|p2a: Delphox|Delphox, F|100/100
|move|p1a: Grimmsnarl|Reflect|p1a: Grimmsnarl
|-sidestart|p1: laon09|Reflect
|
|upkeep
|turn|4
|
|t:|1769329650
|move|p1a: Grimmsnarl|Taunt|p2a: Delphox
|-start|p2a: Delphox|move: Taunt
|cant|p2a: Delphox|move: Taunt|Calm Mind
|
|upkeep
|turn|5
|
|t:|1769329658
|switch|p1a: Greninja|Greninja, M, shiny|100/100
|move|p2a: Delphox|Heat Wave|p1a: Greninja
|-resisted|p1a: Greninja
|-damage|p1a: Greninja|85/100
|-status|p1a: Greninja|brn
|
|-damage|p1a: Greninja|79/100 brn|[from] brn
|upkeep
|turn|6
|
|t:|1769329672
|switch|p2a: Greninja|Greninja, M|100/100
|move|p1a: Greninja|Surf|p2a: Greninja
|-start|p1a: Greninja|typechange|Water|[from] ability: Protean
|-resisted|p2a: Greninja
|-damage|p2a: Greninja|59/100
|-damage|p1a: Greninja|69/100 brn|[from] item: Life Orb
|
|-damage|p1a: Greninja|63/100 brn|[from] brn
|upkeep
|turn|7
|
|t:|1769329685
|switch|p1a: Clodsire|Clodsire, M|100/100
|move|p2a: Greninja|Dark Pulse|p1a: Clodsire
|-damage|p1a: Clodsire|88/100
|-damage|p2a: Greninja|50/100|[from] item: Life Orb
|
|-heal|p1a: Clodsire|94/100|[from] item: Black Sludge
|upkeep
|turn|8
|
|t:|1769329695
|switch|p2a: Salazzle|Salazzle, F, shiny|100/100
|-item|p2a: Salazzle|Air Balloon
|move|p1a: Clodsire|Toxic Spikes|p2a: Salazzle
|-sidestart|p2: boardchairman|move: Toxic Spikes
|
|-heal|p1a: Clodsire|100/100|[from] item: Black Sludge
|upkeep
|turn|9
|
|t:|1769329705
|move|p2a: Salazzle|Toxic|p1a: Clodsire
|-status|p1a: Clodsire|tox
|move|p1a: Clodsire|Earthquake|p2a: Salazzle
|-immune|p2a: Salazzle
|
|-damage|p1a: Clodsire|94/100 tox|[from] psn
|-sideend|p1: laon09|move: Light Screen
|upkeep
|turn|10
|
|t:|1769329717
|switch|p1a: Dragonite|Dragonite, M|100/100
|move|p2a: Salazzle|Nasty Plot|p2a: Salazzle
|-boost|p2a: Salazzle|spa|2
|
|-sideend|p1: laon09|Reflect
|upkeep
|turn|11
|
|t:|1769329733
|move|p2a: Salazzle|Tera Blast|p1a: Dragonite
|-damage|p1a: Dragonite|76/100
|move|p1a: Dragonite|Dragon Dance|p1a: Dragonite
|-boost|p1a: Dragonite|atk|1
|-boost|p1a: Dragonite|spe|1
|
|upkeep
|turn|12
|
|t:|1769329741
|move|p1a: Dragonite|Outrage|p2a: Salazzle
|-damage|p2a: Salazzle|0 fnt
|-enditem|p2a: Salazzle|Air Balloon
|faint|p2a: Salazzle
|
|upkeep
|
|t:|1769329752
|switch|p2a: Avalugg|Avalugg, M|100/100
|turn|13
|
|t:|1769329759
|move|p1a: Dragonite|Outrage|p2a: Avalugg|[from] lockedmove
|-damage|p2a: Avalugg|59/100
|-start|p1a: Dragonite|confusion|[fatigue]
|-enditem|p1a: Dragonite|Lum Berry|[eat]
|-end|p1a: Dragonite|confusion
|move|p2a: Avalugg|Iron Defense|p2a: Avalugg
|-boost|p2a: Avalugg|def|2
|
|upkeep
|turn|14
|
|t:|1769329768
|switch|p1a: Garganacl|Garganacl, M|100/100
|move|p2a: Avalugg|Recover|p2a: Avalugg
|-heal|p2a: Avalugg|100/100
|
|upkeep
|turn|15
|
|t:|1769329779
|-terastallize|p1a: Garganacl|Ghost
|move|p1a: Garganacl|Salt Cure|p2a: Avalugg
|-supereffective|p2a: Avalugg
|-damage|p2a: Avalugg|94/100
|-start|p2a: Avalugg|Salt Cure
|move|p2a: Avalugg|Body Press|p1a: Garganacl
|-immune|p1a: Garganacl
|
|-damage|p2a: Avalugg|82/100|[from] Salt Cure
|upkeep
|turn|16
|
|t:|1769329792
|switch|p2a: Haxorus|Haxorus, M, shiny|100/100
|-status|p2a: Haxorus|psn
|move|p1a: Garganacl|Iron Defense|p1a: Garganacl
|-boost|p1a: Garganacl|def|2
|
|-damage|p2a: Haxorus|88/100 psn|[from] psn
|upkeep
|turn|17
|
|t:|1769329801
|move|p2a: Haxorus|Shadow Ball|p1a: Garganacl
|-supereffective|p1a: Garganacl
|-damage|p1a: Garganacl|61/100
|-unboost|p1a: Garganacl|spd|1
|move|p1a: Garganacl|Salt Cure|p2a: Haxorus
|-damage|p2a: Haxorus|58/100 psn
|-start|p2a: Haxorus|Salt Cure
|replace|p2a: Zoroark|Zoroark-Hisui, F
|-end|p2a: Zoroark|Illusion
|
|-heal|p1a: Garganacl|68/100|[from] item: Leftovers
|-damage|p2a: Zoroark|46/100 psn|[from] psn
|-damage|p2a: Zoroark|34/100 psn|[from] Salt Cure
|upkeep
|turn|18
|
|t:|1769329815
|switch|p1a: Clodsire|Clodsire, M|94/100 tox
|move|p2a: Zoroark|Shadow Ball|p1a: Clodsire
|-damage|p1a: Clodsire|73/100 tox
|
|-heal|p1a: Clodsire|79/100 tox|[from] item: Black Sludge
|-damage|p2a: Zoroark|21/100 psn|[from] psn
|-damage|p1a: Clodsire|73/100 tox|[from] psn
|-damage|p2a: Zoroark|9/100 psn|[from] Salt Cure
|upkeep
|turn|19
|
|t:|1769329827
|move|p2a: Zoroark|Hyper Beam|p1a: Clodsire
|-damage|p1a: Clodsire|36/100 tox
|-mustrecharge|p2a: Zoroark
|move|p1a: Clodsire|Recover|p1a: Clodsire
|-heal|p1a: Clodsire|86/100 tox
|
|-heal|p1a: Clodsire|92/100 tox|[from] item: Black Sludge
|-damage|p2a: Zoroark|0 fnt|[from] psn
|faint|p2a: Zoroark
|-damage|p1a: Clodsire|79/100 tox|[from] psn
|upkeep
|
|t:|1769329840
|switch|p2a: Avalugg|Avalugg, M|82/100
|turn|20
|
|t:|1769329845
|move|p2a: Avalugg|Rapid Spin|p1a: Clodsire
|-damage|p1a: Clodsire|64/100 tox
|-boost|p2a: Avalugg|spe|1
|-sideend|p2: boardchairman|Toxic Spikes|[from] move: Rapid Spin|[of] p2a: Avalugg
|move|p1a: Clodsire|Earthquake|p2a: Avalugg
|-damage|p2a: Avalugg|71/100
|
|-heal|p1a: Clodsire|70/100 tox|[from] item: Black Sludge
|-damage|p1a: Clodsire|52/100 tox|[from] psn
|upkeep
|turn|21
|
|t:|1769329857
|move|p2a: Avalugg|Recover|p2a: Avalugg
|-heal|p2a: Avalugg|100/100
|move|p1a: Clodsire|Recover|p1a: Clodsire
|-heal|p1a: Clodsire|100/100 tox
|
|-damage|p1a: Clodsire|75/100 tox|[from] psn
|upkeep
|turn|22
|
|t:|1769329870
|switch|p2a: Haxorus|Haxorus, M, shiny|100/100
|-ability|p2a: Haxorus|Mold Breaker
|switch|p1a: Grimmsnarl|Grimmsnarl, M|84/100
|
|upkeep
|turn|23
|
|t:|1769329879
|move|p1a: Grimmsnarl|Taunt|p2a: Haxorus
|-start|p2a: Haxorus|move: Taunt
|move|p2a: Haxorus|Poison Jab|p1a: Grimmsnarl
|-supereffective|p1a: Grimmsnarl
|-damage|p1a: Grimmsnarl|29/100
|-status|p1a: Grimmsnarl|psn
|
|-damage|p1a: Grimmsnarl|16/100 psn|[from] psn
|upkeep
|turn|24
|
|t:|1769329890
|move|p1a: Grimmsnarl|Reflect|p1a: Grimmsnarl
|-sidestart|p1: laon09|Reflect
|move|p2a: Haxorus|Earthquake|p1a: Grimmsnarl
|-damage|p1a: Grimmsnarl|0 fnt
|faint|p1a: Grimmsnarl
|
|upkeep
|
|t:|1769329896
|switch|p1a: Greninja|Greninja, M, shiny|63/100 brn
|turn|25
|
|t:|1769329905
|switch|p2a: Greninja|Greninja, M|50/100
|move|p1a: Greninja|Ice Beam|p2a: Greninja
|-start|p1a: Greninja|typechange|Ice|[from] ability: Protean
|-resisted|p2a: Greninja
|-damage|p2a: Greninja|3/100
|-damage|p1a: Greninja|53/100 brn|[from] item: Life Orb
|
|-damage|p1a: Greninja|47/100 brn|[from] brn
|upkeep
|turn|26
|
|t:|1769329917
|move|p1a: Greninja|Water Shuriken|p2a: Greninja
|-resisted|p2a: Greninja
|-damage|p2a: Greninja|0 fnt
|faint|p2a: Greninja
|-hitcount|p2: Greninja|1
|-damage|p1a: Greninja|38/100 brn|[from] item: Life Orb
|
|-damage|p1a: Greninja|32/100 brn|[from] brn
|upkeep
|
|t:|1769329928
|switch|p2a: Avalugg|Avalugg, M|100/100
|turn|27
|
|t:|1769329934
|move|p1a: Greninja|Surf|p2a: Avalugg
|-damage|p2a: Avalugg|40/100
|-damage|p1a: Greninja|22/100 brn|[from] item: Life Orb
|move|p2a: Avalugg|Body Press|p1a: Greninja
|-supereffective|p1a: Greninja
|-damage|p1a: Greninja|0 fnt
|faint|p1a: Greninja
|
|upkeep
|
|t:|1769329953
|switch|p1a: Garganacl|Garganacl, M, tera:Ghost|68/100
|turn|28
|
|t:|1769329958
|move|p1a: Garganacl|Recover|p1a: Garganacl
|-heal|p1a: Garganacl|100/100
|move|p2a: Avalugg|Recover|p2a: Avalugg
|-heal|p2a: Avalugg|90/100
|
|upkeep
|turn|29
|
|t:|1769329970
|move|p1a: Garganacl|Salt Cure|p2a: Avalugg
|-supereffective|p2a: Avalugg
|-damage|p2a: Avalugg|77/100
|-start|p2a: Avalugg|Salt Cure
|move|p2a: Avalugg|Recover|p2a: Avalugg
|-heal|p2a: Avalugg|100/100
|
|-damage|p2a: Avalugg|88/100|[from] Salt Cure
|upkeep
|turn|30
|
|t:|1769329981
|move|p1a: Garganacl|Iron Defense|p1a: Garganacl
|-boost|p1a: Garganacl|def|2
|move|p2a: Avalugg|Iron Defense|p2a: Avalugg
|-boost|p2a: Avalugg|def|2
|
|-damage|p2a: Avalugg|76/100|[from] Salt Cure
|upkeep
|turn|31
|
|t:|1769329990
|switch|p2a: Delphox|Delphox, F|100/100
|move|p1a: Garganacl|Iron Defense|p1a: Garganacl
|-boost|p1a: Garganacl|def|2
|
|-sideend|p1: laon09|Reflect
|upkeep
|turn|32
|
|t:|1769330002
|move|p2a: Delphox|Psychic|p1a: Garganacl
|-damage|p1a: Garganacl|63/100
|move|p1a: Garganacl|Salt Cure|p2a: Delphox
|-supereffective|p2a: Delphox
|-damage|p2a: Delphox|54/100
|-start|p2a: Delphox|Salt Cure
|
|-heal|p1a: Garganacl|69/100|[from] item: Leftovers
|-damage|p2a: Delphox|42/100|[from] Salt Cure
|upkeep
|-enditem|p2a: Delphox|Sitrus Berry|[eat]
|-heal|p2a: Delphox|67/100|[from] item: Sitrus Berry
|turn|33
|
|t:|1769330015
|move|p2a: Delphox|Psychic|p1a: Garganacl
|-damage|p1a: Garganacl|35/100
|-item|p2a: Delphox|Leftovers|[from] ability: Magician|[of] p1a: Garganacl
|move|p1a: Garganacl|Recover|p1a: Garganacl
|-heal|p1a: Garganacl|85/100
|
|-heal|p2a: Delphox|73/100|[from] item: Leftovers
|-damage|p2a: Delphox|61/100|[from] Salt Cure
|upkeep
|turn|34
|
|t:|1769330041
|switch|p1a: Dragonite|Dragonite, M|76/100
|move|p2a: Delphox|Psychic|p1a: Dragonite
|-damage|p1a: Dragonite|32/100
|
|-heal|p2a: Delphox|67/100|[from] item: Leftovers
|-damage|p2a: Delphox|54/100|[from] Salt Cure
|upkeep
|turn|35
|
|t:|1769330050
|move|p2a: Delphox|Psychic|p1a: Dragonite
|-damage|p1a: Dragonite|0 fnt
|faint|p1a: Dragonite
|
|-heal|p2a: Delphox|61/100|[from] item: Leftovers
|-damage|p2a: Delphox|48/100|[from] Salt Cure
|upkeep
|
|t:|1769330057
|switch|p1a: Excadrill|Excadrill, F|100/100
|-ability|p1a: Excadrill|Mold Breaker
|turn|36
|
|t:|1769330063
|move|p2a: Delphox|Heat Wave|p1a: Excadrill
|-supereffective|p1a: Excadrill
|-damage|p1a: Excadrill|0 fnt
|faint|p1a: Excadrill
|
|-heal|p2a: Delphox|54/100|[from] item: Leftovers
|-damage|p2a: Delphox|42/100|[from] Salt Cure
|upkeep
|
|t:|1769330070
|switch|p1a: Garganacl|Garganacl, M, tera:Ghost|85/100
|turn|37
|
|t:|1769330082
|move|p2a: Delphox|Psychic|p1a: Garganacl
|-damage|p1a: Garganacl|48/100
|move|p1a: Garganacl|Recover|p1a: Garganacl
|-heal|p1a: Garganacl|98/100
|
|-heal|p2a: Delphox|48/100|[from] item: Leftovers
|-damage|p2a: Delphox|36/100|[from] Salt Cure
|upkeep
|turn|38
|
|t:|1769330091
|move|p2a: Delphox|Psychic|p1a: Garganacl
|-damage|p1a: Garganacl|63/100
|move|p1a: Garganacl|Salt Cure|p2a: Delphox
|-supereffective|p2a: Delphox
|-damage|p2a: Delphox|0 fnt
|faint|p2a: Delphox
|
|upkeep
|
|t:|1769330100
|switch|p2a: Haxorus|Haxorus, M, shiny|100/100
|-ability|p2a: Haxorus|Mold Breaker
|turn|39
|
|t:|1769330110
|move|p2a: Haxorus|Swords Dance|p2a: Haxorus
|-boost|p2a: Haxorus|atk|2
|move|p1a: Garganacl|Salt Cure|p2a: Haxorus
|-damage|p2a: Haxorus|84/100
|-start|p2a: Haxorus|Salt Cure
|
|-damage|p2a: Haxorus|71/100|[from] Salt Cure
|upkeep
|turn|40
|
|t:|1769330119
|move|p2a: Haxorus|Scale Shot|p1a: Garganacl
|-damage|p1a: Garganacl|49/100
|-damage|p1a: Garganacl|36/100
|-damage|p1a: Garganacl|22/100
|-damage|p1a: Garganacl|7/100
|-hitcount|p1a: Garganacl|4
|-unboost|p2a: Haxorus|def|1
|-boost|p2a: Haxorus|spe|1
|move|p1a: Garganacl|Recover|p1a: Garganacl
|-heal|p1a: Garganacl|57/100
|
|-damage|p2a: Haxorus|59/100|[from] Salt Cure
|upkeep
|turn|41
|
|t:|1769330143
|move|p2a: Haxorus|Scale Shot|p1a: Garganacl
|-damage|p1a: Garganacl|43/100
|-damage|p1a: Garganacl|28/100
|-damage|p1a: Garganacl|14/100
|-damage|p1a: Garganacl|0 fnt
|faint|p1a: Garganacl
|-hitcount|p1: Garganacl|4
|-unboost|p2a: Haxorus|def|1
|-boost|p2a: Haxorus|spe|1
|
|-damage|p2a: Haxorus|47/100|[from] Salt Cure
|upkeep
|
|t:|1769330154
|switch|p1a: Clodsire|Clodsire, M|75/100 tox
|turn|42
|
|t:|1769330159
|move|p2a: Haxorus|Earthquake|p1a: Clodsire
|-supereffective|p1a: Clodsire
|-damage|p1a: Clodsire|0 fnt
|faint|p1a: Clodsire
|
|win|boardchairman
|raw|laon09's rating: 1123 &rarr; <strong>1097</strong><br />(-26 for losing)
|raw|boardchairman's rating: 1107 &rarr; <strong>1133</strong><br />(+26 for winning)
|l|☆boardchairman
|player|p2|
