|j|☆sampoke19
|j|☆Cerberus 17
|t:|1769380832
|gametype|singles
|player|p1|sampoke19|265|1521
|player|p2|Cerberus 17|cynthia-gen4|1509
|gen|9
|tier|[Gen 9] OU
|rated|
|rule|HP Percentage Mod: HP is shown in percentages
|rule|Endless Battle Clause: Forcing endless battles is banned
|rule|Species Clause: Limit one of each Pokémon
|rule|OHKO Clause: OHKO moves are banned
|rule|Evasion Items Clause: Evasion items are banned
|rule|Evasion Moves Clause: Evasion moves are banned
|rule|Evasion Abilities Clause: Evasion abilities are banned
|rule|Sleep Moves Clause: Sleep-inducing moves are banned
|clearpoke
|poke|p1|Blastoise, M|
|poke|p1|Ceruledge, M|
|poke|p1|Kingambit, F|
|poke|p1|Volcanion|
|poke|p1|Great Tusk|
|poke|p1|Haxorus, M|
|poke|p2|Tyranitar, F|
|poke|p2|Excadrill, F|
|poke|p2|Moltres|
|poke|p2|Pecharunt|
|poke|p2|Great Tusk|
|poke|p2|Sinistcha-Masterpiece|
|teampreview
|inactive|Battle timer is ON: inactive players will automatically lose when time's up. (requested by Cerberus 17)
|
|t:|1769380857
|teamsize|p1|6
|teamsize|p2|6
|start
|switch|p1a: Volcanion|Volcanion|100/100
|switch|p2a: Moltres|Moltres|100/100
|turn|1
|
|t:|1769380863
|switch|p2a: Tyranitar|Tyranitar, F|100/100
|-weather|Sandstorm|[from] ability: Sand Stream|[of] p2a: Tyranitar
|move|p1a: Volcanion|Steam Eruption|p2a: Tyranitar
|-supereffective|p2a: Tyranitar
|-damage|p2a: Tyranitar|51/100
|-status|p2a: Tyranitar|brn
|
|-weather|Sandstorm|[upkeep]
|-damage|p1a: Volcanion|95/100|[from] Sandstorm
|-damage|p2a: Tyranitar|45/100 brn|[from] brn
|upkeep
|turn|2
|
|t:|1769380882
|switch|p2a: Sinistcha|Sinistcha-Masterpiece|100/100
|move|p1a: Volcanion|Steam Eruption|p2a: Sinistcha
|-resisted|p2a: Sinistcha
|-damage|p2a: Sinistcha|68/100
|-status|p2a: Sinistcha|brn
|
|-weather|Sandstorm|[upkeep]
|-damage|p1a: Volcanion|89/100|[from] Sandstorm
|-damage|p2a: Sinistcha|62/100 brn|[from] Sandstorm
|-heal|p2a: Sinistcha|68/100 brn|[from] item: Leftovers
|-damage|p2a: Sinistcha|65/100 brn|[from] brn
|upkeep
|turn|3
|
|t:|1769380895
|move|p1a: Volcanion|Steam Eruption|p2a: Sinistcha
|-resisted|p2a: Sinistcha
|-damage|p2a: Sinistcha|36/100 brn
|move|p2a: Sinistcha|Matcha Gotcha|p1a: Volcanion
|-damage|p1a: Volcanion|50/100
|-heal|p2a: Sinistcha|53/100 brn|[from] drain|[of] p1a: Volcanion
|
|-weather|Sandstorm|[upkeep]
|-damage|p1a: Volcanion|44/100|[from] Sandstorm
|-damage|p2a: Sinistcha|47/100 brn|[from] Sandstorm
|-heal|p2a: Sinistcha|53/100 brn|[from] item: Leftovers
|-damage|p2a: Sinistcha|50/100 brn|[from] brn
|upkeep
|turn|4
|
|t:|1769380911
|switch|p1a: Ceruledge|Ceruledge, M|100/100
|move|p2a: Sinistcha|Matcha Gotcha|p1a: Ceruledge
|-resisted|p1a: Ceruledge
|-damage|p1a: Ceruledge|81/100
|-heal|p2a: Sinistcha|58/100 brn|[from] drain|[of] p1a: Ceruledge
|
|-weather|Sandstorm|[upkeep]
|-damage|p1a: Ceruledge|75/100|[from] Sandstorm
|-damage|p2a: Sinistcha|52/100 brn|[from] Sandstorm
|-heal|p2a: Sinistcha|58/100 brn|[from] item: Leftovers
|-damage|p2a: Sinistcha|55/100 brn|[from] brn
|upkeep
|turn|5
|
|t:|1769380925
|switch|p2a: Great Tusk|Great Tusk|100/100
|move|p1a: Ceruledge|Bitter Blade|p2a: Great Tusk
|-damage|p2a: Great Tusk|65/100
|-heal|p1a: Ceruledge|98/100|[from] drain|[of] p2a: Great Tusk
|
|-weather|Sandstorm|[upkeep]
|-damage|p1a: Ceruledge|92/100|[from] Sandstorm
|upkeep
|turn|6
|j| W80
|l| W80
|
|t:|1769380938
|switch|p1a: Great Tusk|Great Tusk|100/100
|-enditem|p1a: Great Tusk|Booster Energy
|-activate|p1a: Great Tusk|ability: Protosynthesis|[fromitem]
|-start|p1a: Great Tusk|protosynthesisspe
|move|p2a: Great Tusk|Headlong Rush|p1a: Great Tusk
|-crit|p1a: Great Tusk
|-damage|p1a: Great Tusk|29/100
|-unboost|p2a: Great Tusk|def|1
|-unboost|p2a: Great Tusk|spd|1
|
|-weather|Sandstorm|[upkeep]
|upkeep
|turn|7
|
|t:|1769380950
|-end|p2a: Great Tusk|Protosynthesis|[silent]
|switch|p2a: Moltres|Moltres|100/100
|move|p1a: Great Tusk|Close Combat|p2a: Moltres
|-resisted|p2a: Moltres
|-damage|p2a: Moltres|83/100
|-unboost|p1a: Great Tusk|def|1
|-unboost|p1a: Great Tusk|spd|1
|
|-weather|Sandstorm|[upkeep]
|-damage|p2a: Moltres|77/100|[from] Sandstorm
|upkeep
|turn|8
|
|t:|1769380960
|move|p1a: Great Tusk|Stealth Rock|p2a: Moltres
|-sidestart|p2: Cerberus 17|move: Stealth Rock
|move|p2a: Moltres|U-turn|p1a: Great Tusk
|-resisted|p1a: Great Tusk
|-damage|p1a: Great Tusk|21/100
|
|t:|1769380966
|switch|p2a: Sinistcha|Sinistcha-Masterpiece|55/100 brn|[from] U-turn
|-damage|p2a: Sinistcha|43/100 brn|[from] Stealth Rock
|
|-weather|none
|-heal|p2a: Sinistcha|49/100 brn|[from] item: Leftovers
|-damage|p2a: Sinistcha|46/100 brn|[from] brn
|upkeep
|turn|9
|inactive|sampoke19 has 120 seconds left.
|
|t:|1769381000
|move|p1a: Great Tusk|Earthquake|p2a: Sinistcha
|-resisted|p2a: Sinistcha
|-damage|p2a: Sinistcha|29/100 brn
|move|p2a: Sinistcha|Strength Sap|p1a: Great Tusk
|-unboost|p1a: Great Tusk|atk|1
|-heal|p2a: Sinistcha|100/100 brn
|
|-damage|p2a: Sinistcha|98/100 brn|[from] brn
|upkeep
|turn|10
|
|t:|1769381010
|move|p1a: Great Tusk|Earthquake|p2a: Sinistcha
|-resisted|p2a: Sinistcha
|-damage|p2a: Sinistcha|86/100 brn
|move|p2a: Sinistcha|Matcha Gotcha|p1a: Great Tusk
|-supereffective|p1a: Great Tusk
|-damage|p1a: Great Tusk|0 fnt
|-heal|p2a: Sinistcha|97/100 brn|[from] drain|[of] p1a: Great Tusk
|faint|p1a: Great Tusk
|-end|p1a: Great Tusk|Protosynthesis|[silent]
|
|-heal|p2a: Sinistcha|100/100 brn|[from] item: Leftovers
|-damage|p2a: Sinistcha|98/100 brn|[from] brn
|upkeep
|inactive|sampoke19 has 120 seconds left.
|
|t:|1769381025
|switch|p1a: Blastoise|Blastoise, M, shiny|100/100
|turn|11
|
|t:|1769381028
|-terastallize|p1a: Blastoise|Grass
|move|p1a: Blastoise|Shell Smash|p1a: Blastoise
|-unboost|p1a: Blastoise|def|1
|-unboost|p1a: Blastoise|spd|1
|-boost|p1a: Blastoise|atk|2
|-boost|p1a: Blastoise|spa|2
|-boost|p1a: Blastoise|spe|2
|-enditem|p1a: Blastoise|White Herb
|-clearnegativeboost|p1a: Blastoise|[silent]
|move|p2a: Sinistcha|Matcha Gotcha|p1a: Blastoise
|-resisted|p1a: Blastoise
|-damage|p1a: Blastoise|82/100
|-heal|p2a: Sinistcha|100/100 brn|[from] drain|[of] p1a: Blastoise
|
|-damage|p2a: Sinistcha|98/100 brn|[from] brn
|upkeep
|turn|12
|inactive|sampoke19 has 120 seconds left.
|
|t:|1769381044
|move|p1a: Blastoise|Shell Smash|p1a: Blastoise
|-unboost|p1a: Blastoise|def|1
|-unboost|p1a: Blastoise|spd|1
|-boost|p1a: Blastoise|atk|2
|-boost|p1a: Blastoise|spa|2
|-boost|p1a: Blastoise|spe|2
|move|p2a: Sinistcha|Strength Sap|p1a: Blastoise
|-unboost|p1a: Blastoise|atk|1
|-heal|p2a: Sinistcha|100/100 brn
|
|-damage|p2a: Sinistcha|98/100 brn|[from] brn
|upkeep
|turn|13
|inactive|sampoke19 has 120 seconds left.
|
|t:|1769381055
|move|p1a: Blastoise|Ice Beam|p2a: Sinistcha
|-supereffective|p2a: Sinistcha
|-damage|p2a: Sinistcha|0 fnt
|faint|p2a: Sinistcha
|
|upkeep
|
|t:|1769381058
|switch|p2a: Tyranitar|Tyranitar, F|45/100 brn
|-damage|p2a: Tyranitar|32/100 brn|[from] Stealth Rock
|-weather|Sandstorm|[from] ability: Sand Stream|[of] p2a: Tyranitar
|turn|14
|
|t:|1769381066
|move|p1a: Blastoise|Hydro Pump|p2a: Tyranitar
|-supereffective|p2a: Tyranitar
|-damage|p2a: Tyranitar|0 fnt
|faint|p2a: Tyranitar
|
|-weather|Sandstorm|[upkeep]
|-damage|p1a: Blastoise|76/100|[from] Sandstorm
|upkeep
|
|t:|1769381081
|switch|p2a: Pecharunt|Pecharunt|100/100
|-damage|p2a: Pecharunt|88/100|[from] Stealth Rock
|turn|15
|
|t:|1769381088
|move|p1a: Blastoise|Hydro Pump|p2a: Pecharunt|[miss]
|-miss|p1a: Blastoise|p2a: Pecharunt
|move|p2a: Pecharunt|Malignant Chain|p1a: Blastoise
|-supereffective|p1a: Blastoise
|-damage|p1a: Blastoise|0 fnt
|faint|p1a: Blastoise
|
|-weather|Sandstorm|[upkeep]
|-damage|p2a: Pecharunt|82/100|[from] Sandstorm
|upkeep
|
|t:|1769381106
|switch|p1a: Haxorus|Haxorus, M|100/100
|-ability|p1a: Haxorus|Mold Breaker
|turn|16
|
|t:|1769381112
|move|p1a: Haxorus|Scale Shot|p2a: Pecharunt
|-damage|p2a: Pecharunt|75/100
|-damage|p2a: Pecharunt|68/100
|-damage|p2a: Pecharunt|60/100
|-damage|p2a: Pecharunt|53/100
|-damage|p2a: Pecharunt|44/100
|-hitcount|p2a: Pecharunt|5
|-unboost|p1a: Haxorus|def|1
|-boost|p1a: Haxorus|spe|1
|move|p2a: Pecharunt|Malignant Chain|p1a: Haxorus
|-damage|p1a: Haxorus|50/100
|
|-weather|Sandstorm|[upkeep]
|-damage|p1a: Haxorus|44/100|[from] Sandstorm
|-damage|p2a: Pecharunt|38/100|[from] Sandstorm
|upkeep
|turn|17
|
|t:|1769381135
|move|p1a: Haxorus|Earthquake|p2a: Pecharunt
|-supereffective|p2a: Pecharunt
|-damage|p2a: Pecharunt|0 fnt
|faint|p2a: Pecharunt
|
|-weather|Sandstorm|[upkeep]
|-damage|p1a: Haxorus|38/100|[from] Sandstorm
|upkeep
|
|t:|1769381138
|switch|p2a: Excadrill|Excadrill, F|100/100
|-damage|p2a: Excadrill|97/100|[from] Stealth Rock
|turn|18
|
|t:|1769381145
|move|p2a: Excadrill|Earthquake|p1a: Haxorus
|-damage|p1a: Haxorus|0 fnt
|faint|p1a: Haxorus
|
|-weather|Sandstorm|[upkeep]
|upkeep
|
|t:|1769381158
|switch|p1a: Kingambit|Kingambit, F|100/100
|-activate|p1a: Kingambit|ability: Supreme Overlord
|-start|p1a: Kingambit|fallen3|[silent]
|turn|19
|
|t:|1769381165
|move|p2a: Excadrill|Earthquake|p1a: Kingambit
|-supereffective|p1a: Kingambit
|-damage|p1a: Kingambit|0 fnt
|faint|p1a: Kingambit
|-end|p1a: Kingambit|fallen3|[silent]
|
|-weather|Sandstorm|[upkeep]
|upkeep
|
|t:|1769381175
|switch|p1a: Volcanion|Volcanion|44/100
|turn|20
|
|t:|1769381178
|move|p2a: Excadrill|Earthquake|p1a: Volcanion
|-supereffective|p1a: Volcanion
|-damage|p1a: Volcanion|0 fnt
|faint|p1a: Volcanion
|
|-weather|Sandstorm|[upkeep]
|upkeep
|-message|sampoke19 forfeited.
|
|win|Cerberus 17
|raw|sampoke19's rating: 1521 &rarr; <strong>1500</strong><br />(-21 for losing)
|raw|Cerberus 17's rating: 1509 &rarr; <strong>1530</strong><br />(+21 for winning)
|l|☆sampoke19
|player|p1|
|l|☆Cerberus 17
|player|p2|
