|j|☆alexismarelli
|j|☆Yoruichibs
|t:|1769376424
|gametype|singles
|player|p1|alexismarelli|unknown|1232
|player|p2|Yoruichibs|bea|1244
|gen|9
|tier|[Gen 9] OU
|rated|
|rule|HP Percentage Mod: HP is shown in percentages
|rule|Endless Battle Clause: Forcing endless battles is banned
|rule|Species Clause: Limit one of each Pokémon
|rule|OHKO Clause: OHKO moves are banned
|rule|Evasion Items Clause: Evasion items are banned
|rule|Evasion Moves Clause: Evasion moves are banned
|rule|Evasion Abilities Clause: Evasion abilities are banned
|rule|Sleep Moves Clause: Sleep-inducing moves are banned
|clearpoke
|poke|p1|Cobalion|
|poke|p1|Duraludon, M|
|poke|p1|Salamence, M|
|poke|p1|Hatterene, F|
|poke|p1|Wo-Chien|
|poke|p1|Masquerain, F|
|poke|p2|Cinderace, F|
|poke|p2|Hatterene, F|
|poke|p2|Gholdengo|
|poke|p2|Samurott-Hisui, M|
|poke|p2|Tornadus-Therian, M|
|poke|p2|Garchomp, F|
|teampreview
|inactive|Battle timer is ON: inactive players will automatically lose when time's up. (requested by Yoruichibs)
|
|t:|1769376445
|teamsize|p1|6
|teamsize|p2|6
|start
|switch|p1a: Cobalion|Cobalion|100/100
|switch|p2a: Musashi|Samurott-Hisui, M, shiny|100/100
|turn|1
|
|t:|1769376453
|switch|p2a: Gyatterene|Hatterene, F|100/100
|move|p1a: Cobalion|Close Combat|p2a: Gyatterene
|-resisted|p2a: Gyatterene
|-damage|p2a: Gyatterene|90/100
|-unboost|p1a: Cobalion|def|1
|-unboost|p1a: Cobalion|spd|1
|-damage|p1a: Cobalion|84/100|[from] item: Rocky Helmet|[of] p2a: Gyatterene
|
|-heal|p1a: Cobalion|90/100|[from] item: Leftovers
|upkeep
|turn|2
|
|t:|1769376458
|move|p1a: Cobalion|Iron Head|p2a: Gyatterene
|-supereffective|p2a: Gyatterene
|-damage|p2a: Gyatterene|38/100
|-damage|p1a: Cobalion|74/100|[from] item: Rocky Helmet|[of] p2a: Gyatterene
|move|p2a: Gyatterene|Psychic Noise|p1a: Cobalion
|-damage|p1a: Cobalion|9/100
|-start|p1a: Cobalion|move: Heal Block
|
|upkeep
|turn|3
|
|t:|1769376466
|move|p1a: Cobalion|Iron Head|p2a: Gyatterene
|-supereffective|p2a: Gyatterene
|-damage|p2a: Gyatterene|0 fnt
|-damage|p1a: Cobalion|0 fnt|[from] item: Rocky Helmet|[of] p2a: Gyatterene
|faint|p2a: Gyatterene
|faint|p1a: Cobalion
|
|upkeep
|
|t:|1769376472
|switch|p1a: Salamence|Salamence, M|100/100
|switch|p2a: Musashi|Samurott-Hisui, M, shiny|100/100
|turn|4
|
|t:|1769376477
|move|p1a: Salamence|Dragon Dance|p1a: Salamence
|-boost|p1a: Salamence|atk|1
|-boost|p1a: Salamence|spe|1
|move|p2a: Musashi|Knock Off|p1a: Salamence
|-damage|p1a: Salamence|49/100
|-enditem|p1a: Salamence|Heavy-Duty Boots|[from] move: Knock Off|[of] p2a: Musashi
|
|upkeep
|turn|5
|
|t:|1769376483
|move|p1a: Salamence|Dual Wingbeat|p2a: Musashi
|-damage|p2a: Musashi|63/100
|-damage|p2a: Musashi|25/100
|-hitcount|p2a: Musashi|2
|move|p2a: Musashi|Ceaseless Edge|p1a: Salamence
|-damage|p1a: Salamence|0 fnt
|-sidestart|p1: alexismarelli|Spikes
|faint|p1a: Salamence
|
|upkeep
|
|t:|1769376490
|switch|p1a: Masquerain|Masquerain, F|100/100
|-ability|p1a: Masquerain|Intimidate|boost
|-unboost|p2a: Musashi|atk|1
|turn|6
|
|t:|1769376494
|switch|p2a: Gheezy Outta Here|Gholdengo|100/100
|move|p1a: Masquerain|Sticky Web|p2a: Gheezy Outta Here
|-sidestart|p2: Yoruichibs|move: Sticky Web
|
|upkeep
|turn|7
|
|t:|1769376502
|-terastallize|p2a: Gheezy Outta Here|Fairy
|move|p2a: Gheezy Outta Here|Dazzling Gleam|p1a: Masquerain
|-damage|p1a: Masquerain|35/100
|move|p1a: Masquerain|U-turn|p2a: Gheezy Outta Here
|-resisted|p2a: Gheezy Outta Here
|-damage|p2a: Gheezy Outta Here|92/100
|
|t:|1769376507
|switch|p1a: Duraludon|Duraludon, M|100/100|[from] U-turn
|-damage|p1a: Duraludon|88/100|[from] Spikes
|
|upkeep
|turn|8
|
|t:|1769376510
|move|p2a: Gheezy Outta Here|Dazzling Gleam|p1a: Duraludon
|-damage|p1a: Duraludon|38/100
|move|p1a: Duraludon|Flash Cannon|p2a: Gheezy Outta Here
|-supereffective|p2a: Gheezy Outta Here
|-crit|p2a: Gheezy Outta Here
|-damage|p2a: Gheezy Outta Here|0 fnt
|faint|p2a: Gheezy Outta Here
|
|upkeep
|c|☆Yoruichibs|owie
|
|t:|1769376518
|switch|p2a: Lola Bunny|Cinderace, F, shiny|100/100
|turn|9
|
|t:|1769376522
|move|p2a: Lola Bunny|Court Change|p2a: Lola Bunny
|-start|p2a: Lola Bunny|typechange|Normal|[from] ability: Libero
|-swapsideconditions
|-activate|p2a: Lola Bunny|move: Court Change
|move|p1a: Duraludon|Body Press|p2a: Lola Bunny
|-supereffective|p2a: Lola Bunny
|-damage|p2a: Lola Bunny|39/100
|
|upkeep
|turn|10
|
|t:|1769376529
|move|p2a: Lola Bunny|Pyro Ball|p1a: Duraludon
|-damage|p1a: Duraludon|16/100
|-status|p1a: Duraludon|brn
|move|p1a: Duraludon|Body Press|p2a: Lola Bunny
|-supereffective|p2a: Lola Bunny
|-damage|p2a: Lola Bunny|11/100
|
|-damage|p1a: Duraludon|10/100 brn|[from] brn
|upkeep
|turn|11
|
|t:|1769376534
|move|p2a: Lola Bunny|Pyro Ball|p1a: Duraludon
|-crit|p1a: Duraludon
|-damage|p1a: Duraludon|0 fnt
|faint|p1a: Duraludon
|
|upkeep
|c|☆Yoruichibs|wow
|
|t:|1769376539
|switch|p1a: Masquerain|Masquerain, F|35/100
|-ability|p1a: Masquerain|Intimidate|boost
|-unboost|p2a: Lola Bunny|atk|1
|turn|12
|c|☆Yoruichibs|some luck
|
|t:|1769376543
|move|p2a: Lola Bunny|Pyro Ball|p1a: Masquerain
|-supereffective|p1a: Masquerain
|-damage|p1a: Masquerain|0 fnt
|faint|p1a: Masquerain
|
|upkeep
|
|t:|1769376549
|switch|p1a: Hatterene|Hatterene, F|100/100
|-activate|p1a: Hatterene|move: Sticky Web
|-unboost|p1a: Hatterene|spe|1
|turn|13
|
|t:|1769376553
|switch|p2a: Musashi|Samurott-Hisui, M, shiny|25/100
|-damage|p2a: Musashi|13/100|[from] Spikes
|move|p1a: Hatterene|Calm Mind|p1a: Hatterene
|-boost|p1a: Hatterene|spa|1
|-boost|p1a: Hatterene|spd|1
|
|upkeep
|turn|14
|
|t:|1769376558
|move|p2a: Musashi|Knock Off|p1a: Hatterene
|-damage|p1a: Hatterene|52/100
|-enditem|p1a: Hatterene|Leftovers|[from] move: Knock Off|[of] p2a: Musashi
|move|p1a: Hatterene|Draining Kiss|p2a: Musashi
|-supereffective|p2a: Musashi
|-damage|p2a: Musashi|0 fnt
|-heal|p1a: Hatterene|63/100|[from] drain|[of] p2a: Musashi
|faint|p2a: Musashi
|
|upkeep
|
|t:|1769376566
|switch|p2a: Lola Bunny|Cinderace, F, shiny|11/100
|turn|15
|
|t:|1769376569
|move|p2a: Lola Bunny|Pyro Ball|p1a: Hatterene
|-damage|p1a: Hatterene|0 fnt
|faint|p1a: Hatterene
|
|upkeep
|
|t:|1769376572
|switch|p1a: Wo-Chien|Wo-Chien|100/100
|-activate|p1a: Wo-Chien|move: Sticky Web
|-unboost|p1a: Wo-Chien|spe|1
|-ability|p1a: Wo-Chien|Tablets of Ruin
|turn|16
|
|t:|1769376577
|move|p2a: Lola Bunny|U-turn|p1a: Wo-Chien
|-start|p2a: Lola Bunny|typechange|Bug|[from] ability: Libero
|-supereffective|p1a: Wo-Chien
|-damage|p1a: Wo-Chien|16/100
|
|t:|1769376581
|switch|p2a: Zeus|Tornadus-Therian, M|100/100|[from] U-turn
|move|p1a: Wo-Chien|Knock Off|p2a: Zeus
|-damage|p2a: Zeus|60/100
|-enditem|p2a: Zeus|Life Orb|[from] move: Knock Off|[of] p1a: Wo-Chien
|
|-heal|p1a: Wo-Chien|22/100|[from] item: Leftovers
|upkeep
|turn|17
|c|☆Yoruichibs|gg
|
|t:|1769376585
|-terastallize|p1a: Wo-Chien|Poison
|move|p2a: Zeus|Heat Wave|p1a: Wo-Chien
|-damage|p1a: Wo-Chien|6/100
|move|p1a: Wo-Chien|Leech Seed|p2a: Zeus
|-start|p2a: Zeus|move: Leech Seed
|
|-heal|p1a: Wo-Chien|13/100|[from] item: Leftovers
|-damage|p2a: Zeus|48/100|[from] Leech Seed|[of] p1a: Wo-Chien
|-heal|p1a: Wo-Chien|22/100|[silent]
|upkeep
|turn|18
|
|t:|1769376595
|move|p1a: Wo-Chien|Protect|p1a: Wo-Chien
|-singleturn|p1a: Wo-Chien|Protect
|move|p2a: Zeus|Nasty Plot|p2a: Zeus
|-boost|p2a: Zeus|spa|2
|
|-heal|p1a: Wo-Chien|29/100|[from] item: Leftovers
|-damage|p2a: Zeus|36/100|[from] Leech Seed|[of] p1a: Wo-Chien
|-heal|p1a: Wo-Chien|38/100|[silent]
|upkeep
|turn|19
|
|t:|1769376605
|move|p2a: Zeus|Bleakwind Storm|p1a: Wo-Chien
|-damage|p1a: Wo-Chien|0 fnt
|faint|p1a: Wo-Chien
|
|win|Yoruichibs
|raw|alexismarelli's rating: 1232 &rarr; <strong>1208</strong><br />(-24 for losing)
|raw|Yoruichibs's rating: 1244 &rarr; <strong>1268</strong><br />(+24 for winning)
|l|☆alexismarelli
|player|p1|
|l|☆Yoruichibs
|player|p2|
