|j|☆catmane
|j|☆culete de cemento
|t:|1769442901
|gametype|singles
|player|p1|catmane|1|1145
|player|p2|culete de cemento|wallace|1161
|gen|9
|tier|[Gen 9] OU
|rated|
|rule|HP Percentage Mod: HP is shown in percentages
|rule|Endless Battle Clause: Forcing endless battles is banned
|rule|Species Clause: Limit one of each Pokémon
|rule|OHKO Clause: OHKO moves are banned
|rule|Evasion Items Clause: Evasion items are banned
|rule|Evasion Moves Clause: Evasion moves are banned
|rule|Evasion Abilities Clause: Evasion abilities are banned
|rule|Sleep Moves Clause: Sleep-inducing moves are banned
|clearpoke
|poke|p1|Bisharp, F|
|poke|p1|Thundurus-Therian, M|
|poke|p1|Goodra-Hisui, F|
|poke|p1|Umbreon, M|
|poke|p1|Dragapult, M|
|poke|p1|Great Tusk|
|poke|p2|Zangoose, F|
|poke|p2|Seviper, F|
|poke|p2|Torkoal, M|
|poke|p2|Regirock|
|poke|p2|Milotic, F|
|poke|p2|Shiftry, M|
|teampreview
|inactive|Battle timer is ON: inactive players will automatically lose when time's up. (requested by culete de cemento)
|
|t:|1769442911
|teamsize|p1|6
|teamsize|p2|6
|start
|switch|p1a: Goodra|Goodra-Hisui, F|100/100
|switch|p2a: Torkoal|Torkoal, M|100/100
|-weather|SunnyDay|[from] ability: Drought|[of] p2a: Torkoal
|turn|1
|
|t:|1769442920
|move|p1a: Goodra|Knock Off|p2a: Torkoal
|-crit|p2a: Torkoal
|-damage|p2a: Torkoal|82/100
|-enditem|p2a: Torkoal|Heat Rock|[from] move: Knock Off|[of] p1a: Goodra
|move|p2a: Torkoal|Stealth Rock|p1a: Goodra
|-sidestart|p1: catmane|move: Stealth Rock
|
|-weather|SunnyDay|[upkeep]
|upkeep
|turn|2
|
|t:|1769442928
|move|p1a: Goodra|Earthquake|p2a: Torkoal
|-supereffective|p2a: Torkoal
|-damage|p2a: Torkoal|57/100
|move|p2a: Torkoal|Will-O-Wisp|p1a: Goodra
|-status|p1a: Goodra|brn
|
|-weather|SunnyDay|[upkeep]
|-damage|p1a: Goodra|94/100 brn|[from] brn
|upkeep
|turn|3
|
|t:|1769442937
|switch|p1a: Great Tusk|Great Tusk|100/100
|-damage|p1a: Great Tusk|97/100|[from] Stealth Rock
|-activate|p1a: Great Tusk|ability: Protosynthesis
|-start|p1a: Great Tusk|protosynthesisspe
|move|p2a: Torkoal|Overheat|p1a: Great Tusk
|-damage|p1a: Great Tusk|19/100
|-unboost|p2a: Torkoal|spa|2
|
|-weather|SunnyDay|[upkeep]
|upkeep
|turn|4
|
|t:|1769442951
|move|p1a: Great Tusk|Rapid Spin|p2a: Torkoal
|-damage|p2a: Torkoal|48/100
|-boost|p1a: Great Tusk|spe|1
|-sideend|p1: catmane|Stealth Rock|[from] move: Rapid Spin|[of] p1a: Great Tusk
|move|p2a: Torkoal|Overheat|p1a: Great Tusk
|-damage|p1a: Great Tusk|0 fnt
|-unboost|p2a: Torkoal|spa|2
|faint|p1a: Great Tusk
|-end|p1a: Great Tusk|Protosynthesis|[silent]
|
|-weather|SunnyDay|[upkeep]
|upkeep
|
|t:|1769442958
|switch|p1a: Dragapult|Dragapult, M|100/100
|-item|p1a: Dragapult|Air Balloon
|turn|5
|
|t:|1769442978
|switch|p2a: Milotic|Milotic, F|100/100
|move|p1a: Dragapult|Dragon Dance|p1a: Dragapult
|-boost|p1a: Dragapult|atk|1
|-boost|p1a: Dragapult|spe|1
|
|-weather|SunnyDay|[upkeep]
|upkeep
|turn|6
|
|t:|1769442992
|move|p1a: Dragapult|Dragon Darts|p2a: Milotic
|-crit|p2a: Milotic
|-damage|p2a: Milotic|38/100
|-anim|p1a: Dragapult|Dragon Darts|p2a: Milotic
|-damage|p2a: Milotic|0 fnt
|faint|p2a: Milotic
|
|-weather|SunnyDay|[upkeep]
|upkeep
|
|t:|1769443000
|switch|p2a: Regirock|Regirock|100/100
|turn|7
|c|☆catmane|crit didnt matter
|
|t:|1769443005
|move|p1a: Dragapult|Dragon Dance|p1a: Dragapult
|-boost|p1a: Dragapult|atk|1
|-boost|p1a: Dragapult|spe|1
|move|p2a: Regirock|Iron Defense|p2a: Regirock
|-boost|p2a: Regirock|def|2
|
|-weather|SunnyDay|[upkeep]
|upkeep
|turn|8
|
|t:|1769443011
|move|p1a: Dragapult|Thief|p2a: Regirock
|-damage|p2a: Regirock|92/100
|move|p2a: Regirock|Iron Defense|p2a: Regirock
|-boost|p2a: Regirock|def|2
|
|-weather|none
|-heal|p2a: Regirock|98/100|[from] item: Leftovers
|upkeep
|turn|9
|
|t:|1769443021
|move|p1a: Dragapult|Dragon Dance|p1a: Dragapult
|-boost|p1a: Dragapult|atk|1
|-boost|p1a: Dragapult|spe|1
|move|p2a: Regirock|Substitute|p2a: Regirock
|-start|p2a: Regirock|Substitute
|-damage|p2a: Regirock|73/100
|
|-heal|p2a: Regirock|79/100|[from] item: Leftovers
|upkeep
|turn|10
|
|t:|1769443028
|-terastallize|p1a: Dragapult|Ghost
|move|p1a: Dragapult|Tera Blast|p2a: Regirock|[anim] Tera Blast Ghost
|-damage|p2a: Regirock|61/100
|move|p2a: Regirock|Iron Defense|p2a: Regirock
|-boost|p2a: Regirock|def|2
|
|-heal|p2a: Regirock|67/100|[from] item: Leftovers
|upkeep
|turn|11
|
|t:|1769443040
|-terastallize|p2a: Regirock|Steel
|move|p1a: Dragapult|Tera Blast|p2a: Regirock|[anim] Tera Blast Ghost
|-damage|p2a: Regirock|51/100
|move|p2a: Regirock|Iron Head|p1a: Dragapult
|-damage|p1a: Dragapult|70/100
|-enditem|p1a: Dragapult|Air Balloon
|
|-heal|p2a: Regirock|57/100|[from] item: Leftovers
|upkeep
|turn|12
|
|t:|1769443050
|move|p1a: Dragapult|Thief|p2a: Regirock
|-damage|p2a: Regirock|52/100
|-enditem|p2a: Regirock|Leftovers|[silent]|[from] move: Thief|[of] p1a: Dragapult
|-item|p1a: Dragapult|Leftovers|[from] move: Thief|[of] p2a: Regirock
|move|p2a: Regirock|Iron Head|p1a: Dragapult
|-damage|p1a: Dragapult|35/100
|
|-heal|p1a: Dragapult|41/100|[from] item: Leftovers
|upkeep
|turn|13
|
|t:|1769443059
|move|p1a: Dragapult|Dragon Darts|p2a: Regirock
|-resisted|p2a: Regirock
|-damage|p2a: Regirock|49/100
|-anim|p1a: Dragapult|Dragon Darts|p2a: Regirock
|-resisted|p2a: Regirock
|-damage|p2a: Regirock|46/100
|move|p2a: Regirock|Iron Head|p1a: Dragapult
|-damage|p1a: Dragapult|8/100
|
|-heal|p1a: Dragapult|14/100|[from] item: Leftovers
|upkeep
|turn|14
|
|t:|1769443070
|move|p1a: Dragapult|Tera Blast|p2a: Regirock|[anim] Tera Blast Ghost
|-damage|p2a: Regirock|31/100
|move|p2a: Regirock|Iron Head|p1a: Dragapult
|-damage|p1a: Dragapult|0 fnt
|faint|p1a: Dragapult
|
|upkeep
|
|t:|1769443076
|switch|p1a: Thundurus|Thundurus-Therian, M|100/100
|turn|15
|
|t:|1769443081
|move|p1a: Thundurus|Volt Switch|p2a: Regirock
|-end|p2a: Regirock|Substitute
|
|t:|1769443094
|switch|p1a: Goodra|Goodra-Hisui, F|94/100 brn|[from] Volt Switch
|move|p2a: Regirock|Body Press|p1a: Goodra
|-supereffective|p1a: Goodra
|-damage|p1a: Goodra|0 fnt
|faint|p1a: Goodra
|
|upkeep
|
|t:|1769443100
|switch|p1a: Thundurus|Thundurus-Therian, M|100/100
|turn|16
|
|t:|1769443105
|switch|p2a: Torkoal|Torkoal, M|48/100
|-weather|SunnyDay|[from] ability: Drought|[of] p2a: Torkoal
|move|p1a: Thundurus|Volt Switch|p2a: Torkoal
|-damage|p2a: Torkoal|0 fnt
|faint|p2a: Torkoal
|
|t:|1769443109
|switch|p1a: Umbreon|Umbreon, M|100/100|[from] Volt Switch
|
|-weather|SunnyDay|[upkeep]
|upkeep
|
|t:|1769443116
|switch|p2a: Zangoose|Zangoose, F|100/100
|turn|17
|
|t:|1769443121
|move|p2a: Zangoose|Final Gambit|p1a: Umbreon
|-damage|p1a: Umbreon|12/100
|faint|p2a: Zangoose
|move|p1a: Umbreon|Foul Play|p2: Zangoose|[notarget]
|-fail|p1a: Umbreon
|
|-weather|SunnyDay|[upkeep]
|-heal|p1a: Umbreon|18/100|[from] item: Leftovers
|upkeep
|
|t:|1769443129
|switch|p2a: Shiftry|Shiftry, M|100/100
|turn|18
|
|t:|1769443135
|move|p1a: Umbreon|Protect|p1a: Umbreon
|-singleturn|p1a: Umbreon|Protect
|move|p2a: Shiftry|Giga Drain|p1a: Umbreon
|-activate|p1a: Umbreon|move: Protect
|
|-weather|SunnyDay|[upkeep]
|-heal|p1a: Umbreon|24/100|[from] item: Leftovers
|upkeep
|turn|19
|
|t:|1769443143
|move|p2a: Shiftry|Heat Wave|p1a: Umbreon
|-damage|p1a: Umbreon|0 fnt
|faint|p1a: Umbreon
|-damage|p2a: Shiftry|90/100|[from] item: Life Orb
|
|-weather|SunnyDay|[upkeep]
|upkeep
|
|t:|1769443149
|switch|p1a: Thundurus|Thundurus-Therian, M|100/100
|turn|20
|
|t:|1769443155
|move|p2a: Shiftry|Heat Wave|p1a: Thundurus
|-damage|p1a: Thundurus|25/100
|-damage|p2a: Shiftry|80/100|[from] item: Life Orb
|move|p1a: Thundurus|Focus Blast|p2a: Shiftry
|-supereffective|p2a: Shiftry
|-damage|p2a: Shiftry|0 fnt
|faint|p2a: Shiftry
|
|-weather|none
|upkeep
|
|t:|1769443168
|switch|p2a: Seviper|Seviper, F|100/100
|turn|21
|
|t:|1769443197
|move|p2a: Seviper|Final Gambit|p1a: Thundurus
|-damage|p1a: Thundurus|0 fnt
|faint|p2a: Seviper
|faint|p1a: Thundurus
|
|upkeep
|
|t:|1769443203
|switch|p1a: Bisharp|Bisharp, F|100/100
|switch|p2a: Regirock|Regirock, tera:Steel|31/100
|turn|22
|
|t:|1769443208
|move|p1a: Bisharp|Low Kick|p2a: Regirock
|-supereffective|p2a: Regirock
|-damage|p2a: Regirock|2/100
|move|p2a: Regirock|Body Press|p1a: Bisharp
|-supereffective|p1a: Bisharp
|-damage|p1a: Bisharp|0 fnt
|faint|p1a: Bisharp
|
|win|culete de cemento
|raw|catmane's rating: 1145 &rarr; <strong>1121</strong><br />(-24 for losing)
|raw|culete de cemento's rating: 1161 &rarr; <strong>1185</strong><br />(+24 for winning)
|c|☆catmane|gg
|c|☆culete de cemento|gg
|l|☆catmane
|player|p1|
|l|☆culete de cemento
|player|p2|
