|j|☆giogiovannio
|j|☆Ganondorf04
|t:|1769305649
|gametype|singles
|player|p1|giogiovannio|drayden|1696
|player|p2|Ganondorf04|101|1675
|gen|9
|tier|[Gen 9] OU
|rated|
|rule|HP Percentage Mod: HP is shown in percentages
|rule|Endless Battle Clause: Forcing endless battles is banned
|rule|Species Clause: Limit one of each Pokémon
|rule|OHKO Clause: OHKO moves are banned
|rule|Evasion Items Clause: Evasion items are banned
|rule|Evasion Moves Clause: Evasion moves are banned
|rule|Evasion Abilities Clause: Evasion abilities are banned
|rule|Sleep Moves Clause: Sleep-inducing moves are banned
|clearpoke
|poke|p1|Regidrago|
|poke|p1|Araquanid, M|
|poke|p1|Gholdengo|
|poke|p1|Zamazenta-*|
|poke|p1|Iron Moth|
|poke|p1|Raging Bolt|
|poke|p2|Scizor, F|
|poke|p2|Kyurem|
|poke|p2|Hoopa-Unbound|
|poke|p2|Zamazenta-*|
|poke|p2|Raging Bolt|
|poke|p2|Pecharunt|
|teampreview
|
|t:|1769305667
|teamsize|p1|6
|teamsize|p2|6
|start
|switch|p1a: Araquanid|Araquanid, M|100/100
|switch|p2a: Hoopa|Hoopa-Unbound|100/100
|turn|1
|
|t:|1769305672
|move|p2a: Hoopa|Psychic|p1a: Araquanid
|-damage|p1a: Araquanid|57/100
|move|p1a: Araquanid|Sticky Web|p2a: Hoopa
|-sidestart|p2: Ganondorf04|move: Sticky Web
|
|upkeep
|turn|2
|
|t:|1769305678
|move|p2a: Hoopa|Thunderbolt|p1a: Araquanid
|-supereffective|p1a: Araquanid
|-damage|p1a: Araquanid|1/100
|move|p1a: Araquanid|Endeavor|p2a: Hoopa
|-damage|p2a: Hoopa|1/100
|
|upkeep
|turn|3
|-enditem|p1a: Araquanid|Custap Berry|[eat]
|-activate|p1a: Araquanid|item: Custap Berry|[consumed]
|
|t:|1769305686
|move|p1a: Araquanid|Surf|p2a: Hoopa
|-damage|p2a: Hoopa|0 fnt
|faint|p2a: Hoopa
|
|upkeep
|
|t:|1769305691
|switch|p2a: Scizor|Scizor, F|100/100
|-activate|p2a: Scizor|move: Sticky Web
|-unboost|p2a: Scizor|spe|1
|turn|4
|
|t:|1769305713
|move|p1a: Araquanid|Surf|p2a: Scizor
|-damage|p2a: Scizor|39/100
|move|p2a: Scizor|Defog|p1a: Araquanid
|-unboost|p1a: Araquanid|evasion|1
|-sideend|p2: Ganondorf04|Sticky Web|[from] move: Defog|[of] p2a: Scizor
|
|upkeep
|turn|5
|
|t:|1769305721
|switch|p1a: Gholdengo|Gholdengo|100/100
|-item|p1a: Gholdengo|Air Balloon
|move|p2a: Scizor|Bullet Punch|p1a: Gholdengo
|-resisted|p1a: Gholdengo
|-damage|p1a: Gholdengo|87/100
|-enditem|p1a: Gholdengo|Air Balloon
|
|upkeep
|turn|6
|
|t:|1769305726
|switch|p2a: Raging Bolt|Raging Bolt|100/100
|move|p1a: Gholdengo|Shadow Ball|p2a: Raging Bolt
|-damage|p2a: Raging Bolt|83/100
|
|upkeep
|turn|7
|
|t:|1769305731
|switch|p1a: Araquanid|Araquanid, M|1/100
|move|p2a: Raging Bolt|Volt Switch|p1a: Araquanid
|-supereffective|p1a: Araquanid
|-crit|p1a: Araquanid
|-damage|p1a: Araquanid|0 fnt
|faint|p1a: Araquanid
|
|t:|1769305739
|-end|p2a: Raging Bolt|Protosynthesis|[silent]
|switch|p2a: Scizor|Scizor, F|39/100|[from] Volt Switch
|
|upkeep
|
|t:|1769305748
|switch|p1a: Iron Moth|Iron Moth|100/100
|-enditem|p1a: Iron Moth|Booster Energy
|-activate|p1a: Iron Moth|ability: Quark Drive|[fromitem]
|-start|p1a: Iron Moth|quarkdrivespa
|turn|8
|
|t:|1769305761
|-terastallize|p2a: Scizor|Water
|move|p1a: Iron Moth|Fiery Dance|p2a: Scizor
|-resisted|p2a: Scizor
|-damage|p2a: Scizor|6/100
|-boost|p1a: Iron Moth|spa|1
|-enditem|p2a: Scizor|Aguav Berry|[eat]
|-heal|p2a: Scizor|39/100|[from] item: Aguav Berry
|move|p2a: Scizor|Tera Blast|p1a: Iron Moth|[anim] Tera Blast Water
|-supereffective|p1a: Iron Moth
|-damage|p1a: Iron Moth|0 fnt
|faint|p1a: Iron Moth
|-end|p1a: Iron Moth|Quark Drive|[silent]
|
|upkeep
|
|t:|1769305782
|switch|p1a: Gholdengo|Gholdengo|87/100
|turn|9
|
|t:|1769305786
|move|p2a: Scizor|Bullet Punch|p1a: Gholdengo
|-resisted|p1a: Gholdengo
|-damage|p1a: Gholdengo|73/100
|move|p1a: Gholdengo|Nasty Plot|p1a: Gholdengo
|-boost|p1a: Gholdengo|spa|2
|
|upkeep
|turn|10
|
|t:|1769305794
|move|p2a: Scizor|Bullet Punch|p1a: Gholdengo
|-resisted|p1a: Gholdengo
|-damage|p1a: Gholdengo|60/100
|move|p1a: Gholdengo|Recover|p1a: Gholdengo
|-heal|p1a: Gholdengo|100/100
|
|upkeep
|turn|11
|
|t:|1769305800
|move|p2a: Scizor|Bullet Punch|p1a: Gholdengo
|-resisted|p1a: Gholdengo
|-damage|p1a: Gholdengo|87/100
|move|p1a: Gholdengo|Shadow Ball|p2a: Scizor
|-crit|p2a: Scizor
|-damage|p2a: Scizor|0 fnt
|faint|p2a: Scizor
|
|upkeep
|
|t:|1769305808
|switch|p2a: Raging Bolt|Raging Bolt|83/100
|turn|12
|
|t:|1769305820
|move|p1a: Gholdengo|Dazzling Gleam|p2a: Raging Bolt
|-supereffective|p2a: Raging Bolt
|-damage|p2a: Raging Bolt|34/100
|move|p2a: Raging Bolt|Volt Switch|p1a: Gholdengo
|-damage|p1a: Gholdengo|46/100
|
|t:|1769305831
|-end|p2a: Raging Bolt|Protosynthesis|[silent]
|switch|p2a: Zamazenta|Zamazenta|100/100|[from] Volt Switch
|-ability|p2a: Zamazenta|Dauntless Shield|boost
|-boost|p2a: Zamazenta|def|1
|
|upkeep
|turn|13
|
|t:|1769305841
|move|p2a: Zamazenta|Crunch|p1a: Gholdengo
|-supereffective|p1a: Gholdengo
|-damage|p1a: Gholdengo|12/100
|move|p1a: Gholdengo|Dazzling Gleam|p2a: Zamazenta
|-supereffective|p2a: Zamazenta
|-damage|p2a: Zamazenta|14/100
|
|-heal|p2a: Zamazenta|20/100|[from] item: Leftovers
|upkeep
|turn|14
|
|t:|1769305847
|move|p2a: Zamazenta|Crunch|p1a: Gholdengo
|-supereffective|p1a: Gholdengo
|-damage|p1a: Gholdengo|0 fnt
|faint|p1a: Gholdengo
|
|-heal|p2a: Zamazenta|26/100|[from] item: Leftovers
|upkeep
|
|t:|1769305854
|switch|p1a: Regidrago|Regidrago|100/100
|turn|15
|
|t:|1769305868
|move|p2a: Zamazenta|Body Press|p1a: Regidrago
|-damage|p1a: Regidrago|27/100
|move|p1a: Regidrago|Dragon Dance|p1a: Regidrago
|-boost|p1a: Regidrago|atk|1
|-boost|p1a: Regidrago|spe|1
|
|-heal|p2a: Zamazenta|32/100|[from] item: Leftovers
|upkeep
|turn|16
|
|t:|1769305873
|move|p1a: Regidrago|Outrage|p2a: Zamazenta
|-crit|p2a: Zamazenta
|-damage|p2a: Zamazenta|0 fnt
|faint|p2a: Zamazenta
|-damage|p1a: Regidrago|17/100|[from] item: Life Orb
|
|upkeep
|
|t:|1769305878
|switch|p2a: Pecharunt|Pecharunt|100/100
|-item|p2a: Pecharunt|Air Balloon
|turn|17
|
|t:|1769305885
|move|p1a: Regidrago|Outrage|p2a: Pecharunt|[from] lockedmove
|-damage|p2a: Pecharunt|19/100
|-enditem|p2a: Pecharunt|Air Balloon
|-damage|p1a: Regidrago|7/100|[from] item: Life Orb
|-start|p1a: Regidrago|confusion|[fatigue]
|move|p2a: Pecharunt|Recover|p2a: Pecharunt
|-heal|p2a: Pecharunt|69/100
|
|upkeep
|turn|18
|
|t:|1769305890
|-activate|p1a: Regidrago|confusion
|move|p1a: Regidrago|Outrage|p2a: Pecharunt
|-damage|p2a: Pecharunt|0 fnt
|faint|p2a: Pecharunt
|-damage|p1a: Regidrago|0 fnt|[from] item: Life Orb
|faint|p1a: Regidrago
|
|upkeep
|
|t:|1769305900
|switch|p1a: Zamazenta|Zamazenta|100/100
|switch|p2a: Kyurem|Kyurem|100/100
|-ability|p1a: Zamazenta|Dauntless Shield|boost
|-boost|p1a: Zamazenta|def|1
|-ability|p2a: Kyurem|Pressure
|turn|19
|
|t:|1769305904
|move|p1a: Zamazenta|Body Press|p2a: Kyurem
|-supereffective|p2a: Kyurem
|-damage|p2a: Kyurem|5/100
|move|p2a: Kyurem|Dragon Dance|p2a: Kyurem
|-boost|p2a: Kyurem|atk|1
|-boost|p2a: Kyurem|spe|1
|
|upkeep
|turn|20
|
|t:|1769305910
|move|p2a: Kyurem|Iron Head|p1a: Zamazenta
|-damage|p1a: Zamazenta|81/100
|move|p1a: Zamazenta|Body Press|p2a: Kyurem
|-supereffective|p2a: Kyurem
|-damage|p2a: Kyurem|0 fnt
|faint|p2a: Kyurem
|
|-heal|p1a: Zamazenta|87/100|[from] item: Leftovers
|upkeep
|
|t:|1769305913
|switch|p2a: Raging Bolt|Raging Bolt|34/100
|turn|21
|
|t:|1769305916
|move|p2a: Raging Bolt|Thunderclap|p1a: Zamazenta
|-damage|p1a: Zamazenta|52/100
|move|p1a: Zamazenta|Body Press|p2a: Raging Bolt
|-damage|p2a: Raging Bolt|0 fnt
|faint|p2a: Raging Bolt
|-end|p2a: Raging Bolt|Protosynthesis|[silent]
|
|win|giogiovannio
|raw|giogiovannio's rating: 1696 &rarr; <strong>1715</strong><br />(+19 for winning)
|raw|Ganondorf04's rating: 1675 &rarr; <strong>1656</strong><br />(-19 for losing)
|l|☆Ganondorf04
|player|p2|
