|badge|p2|silver|gen9ou|30-8
|uhtml|medal-msg|<div class="broadcast-blue">Curious what those medals under the avatar are? PS now has Ladder Seasons! For more information, check out the <a href="https://www.smogon.com/forums/threads/3740067/">thread on Smogon.</a></div>
|j|☆spunder_policy
|j|☆Acastillo631
|t:|1769301211
|gametype|singles
|player|p1|spunder_policy|170|1686
|player|p2|Acastillo631|silver|1918
|gen|9
|tier|[Gen 9] OU
|rated|
|rule|HP Percentage Mod: HP is shown in percentages
|rule|Endless Battle Clause: Forcing endless battles is banned
|rule|Species Clause: Limit one of each Pokémon
|rule|OHKO Clause: OHKO moves are banned
|rule|Evasion Items Clause: Evasion items are banned
|rule|Evasion Moves Clause: Evasion moves are banned
|rule|Evasion Abilities Clause: Evasion abilities are banned
|rule|Sleep Moves Clause: Sleep-inducing moves are banned
|clearpoke
|poke|p1|Zoroark-Hisui, M|
|poke|p1|Mesprit|
|poke|p1|Alomomola, F|
|poke|p1|Goodra-Hisui, M|
|poke|p1|Thundurus, M|
|poke|p1|Blaziken, M|
|poke|p2|Iron Valiant|
|poke|p2|Sinistcha|
|poke|p2|Tyranitar, M|
|poke|p2|Keldeo-Resolute|
|poke|p2|Iron Treads|
|poke|p2|Klefki, M|
|teampreview
|inactive|Battle timer is ON: inactive players will automatically lose when time's up. (requested by spunder_policy)
|
|t:|1769301231
|teamsize|p1|6
|teamsize|p2|6
|start
|switch|p1a: Goodra|Goodra-Hisui, M|100/100
|switch|p2a: Redips|Klefki, M|100/100
|turn|1
|
|t:|1769301243
|move|p2a: Redips|Spikes|p1a: Goodra
|-sidestart|p1: spunder_policy|Spikes
|move|p1a: Goodra|Will-O-Wisp|p2a: Redips
|-status|p2a: Redips|brn
|
|-damage|p2a: Redips|95/100 brn|[from] brn
|upkeep
|turn|2
|
|t:|1769301249
|switch|p1a: Thundurus|Thundurus, M|100/100
|switch|p2a: Eregion|Tyranitar, M|100/100
|-weather|Sandstorm|[from] ability: Sand Stream|[of] p2a: Eregion
|
|-weather|Sandstorm|[upkeep]
|-damage|p1a: Thundurus|94/100|[from] Sandstorm
|upkeep
|turn|3
|
|t:|1769301255
|move|p1a: Thundurus|U-turn|p2a: Eregion
|-supereffective|p2a: Eregion
|-damage|p2a: Eregion|75/100
|
|t:|1769301257
|switch|p1a: Alomomola|Alomomola, F|100/100|[from] U-turn
|move|p2a: Eregion|Knock Off|p1a: Alomomola
|-damage|p1a: Alomomola|68/100
|-enditem|p1a: Alomomola|Heavy-Duty Boots|[from] move: Knock Off|[of] p2a: Eregion
|
|-weather|Sandstorm|[upkeep]
|-damage|p1a: Alomomola|62/100|[from] Sandstorm
|-heal|p2a: Eregion|81/100|[from] item: Leftovers
|upkeep
|turn|4
|
|t:|1769301265
|move|p1a: Alomomola|Wish|p1a: Alomomola
|move|p2a: Eregion|Stealth Rock|p1a: Alomomola
|-sidestart|p1: spunder_policy|move: Stealth Rock
|
|-weather|Sandstorm|[upkeep]
|-damage|p1a: Alomomola|56/100|[from] Sandstorm
|-heal|p2a: Eregion|87/100|[from] item: Leftovers
|upkeep
|turn|5
|
|t:|1769301272
|move|p1a: Alomomola|Scald|p2a: Eregion
|-supereffective|p2a: Eregion
|-damage|p2a: Eregion|77/100
|move|p2a: Eregion|Roar|p1a: Alomomola
|drag|p1a: Goodra|Goodra-Hisui, M|100/100
|
|-weather|Sandstorm|[upkeep]
|-damage|p1a: Goodra|95/100|[from] Sandstorm
|-heal|p1a: Goodra|100/100|[from] move: Wish|[wisher] Alomomola
|-heal|p2a: Eregion|83/100|[from] item: Leftovers
|upkeep
|turn|6
|
|t:|1769301284
|move|p1a: Goodra|Focus Blast|p2a: Eregion
|-supereffective|p2a: Eregion
|-crit|p2a: Eregion
|-damage|p2a: Eregion|0 fnt
|faint|p2a: Eregion
|
|-weather|none
|upkeep
|
|t:|1769301300
|switch|p2a: Spiral Pegasus|Keldeo-Resolute|100/100
|turn|7
|
|t:|1769301306
|switch|p1a: Thundurus|Thundurus, M|94/100
|move|p2a: Spiral Pegasus|Surf|p1a: Thundurus
|-damage|p1a: Thundurus|39/100
|
|upkeep
|turn|8
|
|t:|1769301312
|switch|p2a: Armored Armadillo|Iron Treads|100/100
|-item|p2a: Armored Armadillo|Air Balloon
|move|p1a: Thundurus|U-turn|p2a: Armored Armadillo
|-resisted|p2a: Armored Armadillo
|-damage|p2a: Armored Armadillo|93/100
|-enditem|p2a: Armored Armadillo|Air Balloon
|
|t:|1769301321
|switch|p1a: Goodra|Goodra-Hisui, M|100/100|[from] U-turn
|
|upkeep
|turn|9
|
|t:|1769301328
|move|p1a: Goodra|Focus Blast|p2a: Armored Armadillo
|-supereffective|p2a: Armored Armadillo
|-damage|p2a: Armored Armadillo|0 fnt
|faint|p2a: Armored Armadillo
|-end|p2a: Armored Armadillo|Quark Drive|[silent]
|
|upkeep
|
|t:|1769301336
|switch|p2a: Wire Sponge|Sinistcha|100/100
|turn|10
|
|t:|1769301339
|move|p1a: Goodra|Shadow Ball|p2a: Wire Sponge
|-supereffective|p2a: Wire Sponge
|-damage|p2a: Wire Sponge|3/100
|move|p2a: Wire Sponge|Nasty Plot|p2a: Wire Sponge
|-boost|p2a: Wire Sponge|spa|2
|
|upkeep
|turn|11
|-message|Acastillo631 forfeited.
|
|win|spunder_policy
|raw|spunder_policy's rating: 1686 &rarr; <strong>1718</strong><br />(+32 for winning)
|raw|Acastillo631's rating: 1918 &rarr; <strong>1886</strong><br />(-32 for losing)
|l|☆Acastillo631
|player|p2|
