|j|☆help me am lost
|j|☆Ct3tha
|t:|1769412410
|gametype|singles
|player|p1|help me am lost|preschooler|1174
|player|p2|Ct3tha|parasollady-gen4|1213
|gen|9
|tier|[Gen 9] OU
|rated|
|rule|HP Percentage Mod: HP is shown in percentages
|rule|Endless Battle Clause: Forcing endless battles is banned
|rule|Species Clause: Limit one of each Pokémon
|rule|OHKO Clause: OHKO moves are banned
|rule|Evasion Items Clause: Evasion items are banned
|rule|Evasion Moves Clause: Evasion moves are banned
|rule|Evasion Abilities Clause: Evasion abilities are banned
|rule|Sleep Moves Clause: Sleep-inducing moves are banned
|clearpoke
|poke|p1|Meowscarada, F|
|poke|p1|Galvantula, F|
|poke|p1|Slowking-Galar, M|
|poke|p1|Cinderace, M|
|poke|p1|Zamazenta-*|
|poke|p1|Excadrill, M|
|poke|p2|Uxie|
|poke|p2|Venusaur, M|
|poke|p2|Raikou|
|poke|p2|Rotom|
|poke|p2|Regirock|
|poke|p2|Avalugg, M|
|teampreview
|
|t:|1769412423
|teamsize|p1|6
|teamsize|p2|6
|start
|switch|p1a: Galvantula|Galvantula, F, shiny|100/100
|switch|p2a: Regirock|Regirock|100/100
|turn|1
|
|t:|1769412429
|move|p1a: Galvantula|Sticky Web|p2a: Regirock
|-sidestart|p2: Ct3tha|move: Sticky Web
|move|p2a: Regirock|Stealth Rock|p1a: Galvantula
|-sidestart|p1: help me am lost|move: Stealth Rock
|
|upkeep
|turn|2
|inactive|Battle timer is ON: inactive players will automatically lose when time's up. (requested by Ct3tha)
|
|t:|1769412441
|move|p1a: Galvantula|Volt Switch|p2a: Regirock
|-damage|p2a: Regirock|84/100
|
|t:|1769412444
|switch|p1a: Excadrill|Excadrill, M|100/100|[from] Volt Switch
|-damage|p1a: Excadrill|97/100|[from] Stealth Rock
|-ability|p1a: Excadrill|Mold Breaker
|move|p2a: Regirock|Body Press|p1a: Excadrill
|-supereffective|p1a: Excadrill
|-damage|p1a: Excadrill|0 fnt
|faint|p1a: Excadrill
|
|-heal|p2a: Regirock|90/100|[from] item: Leftovers
|upkeep
|
|t:|1769412462
|switch|p1a: Cinderace|Cinderace, M, shiny|100/100
|turn|3
|
|t:|1769412465
|move|p1a: Cinderace|Will-O-Wisp|p2a: Regirock
|-status|p2a: Regirock|brn
|move|p2a: Regirock|Iron Defense|p2a: Regirock
|-boost|p2a: Regirock|def|2
|
|-heal|p2a: Regirock|96/100 brn|[from] item: Leftovers
|-damage|p2a: Regirock|90/100 brn|[from] brn
|upkeep
|turn|4
|
|t:|1769412480
|switch|p1a: Slowking|Slowking-Galar, M|100/100
|-damage|p1a: Slowking|88/100|[from] Stealth Rock
|move|p2a: Regirock|Thunder Wave|p1a: Slowking
|-status|p1a: Slowking|par
|
|-heal|p2a: Regirock|96/100 brn|[from] item: Leftovers
|-damage|p2a: Regirock|90/100 brn|[from] brn
|upkeep
|turn|5
|
|t:|1769412495
|switch|p2a: Avalugg|Avalugg, M|100/100
|cant|p1a: Slowking|par
|
|upkeep
|turn|6
|
|t:|1769412505
|switch|p1a: Cinderace|Cinderace, M, shiny|100/100
|move|p2a: Avalugg|Rapid Spin|p1a: Cinderace
|-damage|p1a: Cinderace|86/100
|-boost|p2a: Avalugg|spe|1
|-sideend|p2: Ct3tha|Sticky Web|[from] move: Rapid Spin|[of] p2a: Avalugg
|
|upkeep
|turn|7
|
|t:|1769412513
|move|p1a: Cinderace|Court Change|p1a: Cinderace
|-start|p1a: Cinderace|typechange|Normal|[from] ability: Libero
|-swapsideconditions
|-activate|p1a: Cinderace|move: Court Change
|move|p2a: Avalugg|Body Press|p1a: Cinderace
|-supereffective|p1a: Cinderace
|-damage|p1a: Cinderace|0 fnt
|faint|p1a: Cinderace
|
|upkeep
|
|t:|1769412521
|switch|p1a: Zamazenta|Zamazenta|100/100
|-ability|p1a: Zamazenta|Dauntless Shield|boost
|-boost|p1a: Zamazenta|def|1
|turn|8
|
|t:|1769412535
|switch|p2a: Uxie|Uxie|100/100
|-damage|p2a: Uxie|88/100|[from] Stealth Rock
|move|p1a: Zamazenta|Iron Defense|p1a: Zamazenta
|-boost|p1a: Zamazenta|def|2
|
|-heal|p2a: Uxie|94/100|[from] item: Leftovers
|upkeep
|turn|9
|
|t:|1769412548
|-terastallize|p1a: Zamazenta|Steel
|move|p1a: Zamazenta|Iron Defense|p1a: Zamazenta
|-boost|p1a: Zamazenta|def|2
|move|p2a: Uxie|Encore|p1a: Zamazenta
|-start|p1a: Zamazenta|Encore
|
|-heal|p2a: Uxie|100/100|[from] item: Leftovers
|upkeep
|turn|10
|
|t:|1769412561
|switch|p2a: Venusaur|Venusaur, M|100/100
|-damage|p2a: Venusaur|88/100|[from] Stealth Rock
|move|p1a: Zamazenta|Iron Defense|p1a: Zamazenta
|-boost|p1a: Zamazenta|def|1
|
|upkeep
|turn|11
|
|t:|1769412567
|move|p1a: Zamazenta|Iron Defense|p1a: Zamazenta
|-boost|p1a: Zamazenta|def|0
|move|p2a: Venusaur|Sunny Day|p2a: Venusaur
|-weather|SunnyDay
|
|-weather|SunnyDay|[upkeep]
|upkeep
|turn|12
|
|t:|1769412573
|-terastallize|p2a: Venusaur|Fire
|move|p2a: Venusaur|Weather Ball|p1a: Zamazenta
|-supereffective|p1a: Zamazenta
|-damage|p1a: Zamazenta|0 fnt
|faint|p1a: Zamazenta
|-damage|p2a: Venusaur|78/100|[from] item: Life Orb
|
|-weather|SunnyDay|[upkeep]
|upkeep
|
|t:|1769412590
|switch|p1a: Slowking|Slowking-Galar, M|100/100 par
|turn|13
|
|t:|1769412613
|move|p2a: Venusaur|Weather Ball|p1a: Slowking
|-damage|p1a: Slowking|19/100 par
|-damage|p2a: Venusaur|68/100|[from] item: Life Orb
|move|p1a: Slowking|Surf|p2a: Venusaur
|-supereffective|p2a: Venusaur
|-damage|p2a: Venusaur|39/100
|
|-weather|SunnyDay|[upkeep]
|upkeep
|turn|14
|
|t:|1769412636
|move|p2a: Venusaur|Weather Ball|p1a: Slowking
|-damage|p1a: Slowking|0 fnt
|faint|p1a: Slowking
|-damage|p2a: Venusaur|29/100|[from] item: Life Orb
|
|-weather|SunnyDay|[upkeep]
|upkeep
|-message|help me am lost forfeited.
|
|win|Ct3tha
|raw|help me am lost's rating: 1174 &rarr; <strong>1152</strong><br />(-22 for losing)
|raw|Ct3tha's rating: 1213 &rarr; <strong>1235</strong><br />(+22 for winning)
|l|☆help me am lost
|player|p1|
|l|☆Ct3tha
|player|p2|
