|j|☆RoyalNeptune
|j|☆DuelerFigure
|t:|1769398786
|gametype|singles
|player|p1|RoyalNeptune|102|
|player|p2|DuelerFigure|cynthia-gen4|
|gen|9
|tier|[Gen 9] OU
|rule|HP Percentage Mod: HP is shown in percentages
|rule|Endless Battle Clause: Forcing endless battles is banned
|rule|Species Clause: Limit one of each Pokémon
|rule|OHKO Clause: OHKO moves are banned
|rule|Evasion Items Clause: Evasion items are banned
|rule|Evasion Moves Clause: Evasion moves are banned
|rule|Evasion Abilities Clause: Evasion abilities are banned
|rule|Sleep Moves Clause: Sleep-inducing moves are banned
|clearpoke
|poke|p1|Samurott-Hisui, F|
|poke|p1|Suicune|
|poke|p1|Excadrill, F|
|poke|p1|Kyurem|
|poke|p1|Enamorus, F|
|poke|p1|Kingambit, F|
|poke|p2|Rillaboom, M|
|poke|p2|Dragapult, F|
|poke|p2|Iron Moth|
|poke|p2|Garchomp, M|
|poke|p2|Dondozo, M|
|poke|p2|Cinderace, M|
|teampreview
|j| TacoDile 3 Returns
|
|t:|1769398798
|teamsize|p1|6
|teamsize|p2|6
|start
|switch|p1a: LEGIONPRO7IUTRA9|Kyurem, shiny|100/100
|switch|p2a: Rillabomboclat|Rillaboom, M, shiny|100/100
|-ability|p1a: LEGIONPRO7IUTRA9|Pressure
|-fieldstart|move: Grassy Terrain|[from] ability: Grassy Surge|[of] p2a: Rillabomboclat
|turn|1
|j| Raichudvd13
|
|t:|1769398825
|switch|p2a: Whoppa'|Dondozo, M, shiny|100/100
|move|p1a: LEGIONPRO7IUTRA9|Substitute|p1a: LEGIONPRO7IUTRA9
|-start|p1a: LEGIONPRO7IUTRA9|Substitute
|-damage|p1a: LEGIONPRO7IUTRA9|76/100
|
|-heal|p1a: LEGIONPRO7IUTRA9|82/100|[from] Grassy Terrain
|upkeep
|turn|2
|
|t:|1769398853
|move|p1a: LEGIONPRO7IUTRA9|Earth Power|p2a: Whoppa'
|-damage|p2a: Whoppa'|73/100
|move|p2a: Whoppa'|Body Press|p1a: LEGIONPRO7IUTRA9
|-supereffective|p1a: LEGIONPRO7IUTRA9
|-end|p1a: LEGIONPRO7IUTRA9|Substitute
|
|-heal|p1a: LEGIONPRO7IUTRA9|88/100|[from] Grassy Terrain
|-heal|p2a: Whoppa'|80/100|[from] Grassy Terrain
|-heal|p2a: Whoppa'|86/100|[from] item: Leftovers
|upkeep
|turn|3
|
|t:|1769398867
|move|p1a: LEGIONPRO7IUTRA9|Ice Beam|p2a: Whoppa'
|-resisted|p2a: Whoppa'
|-damage|p2a: Whoppa'|65/100
|move|p2a: Whoppa'|Body Press|p1a: LEGIONPRO7IUTRA9
|-supereffective|p1a: LEGIONPRO7IUTRA9
|-damage|p1a: LEGIONPRO7IUTRA9|39/100
|
|-heal|p1a: LEGIONPRO7IUTRA9|45/100|[from] Grassy Terrain
|-heal|p2a: Whoppa'|71/100|[from] Grassy Terrain
|-heal|p2a: Whoppa'|77/100|[from] item: Leftovers
|upkeep
|turn|4
|j| SwiftSwine
|
|t:|1769398892
|switch|p1a: ASUS ROG STRIX G16|Samurott-Hisui, F, shiny|100/100
|move|p2a: Whoppa'|Body Press|p1a: ASUS ROG STRIX G16
|-supereffective|p1a: ASUS ROG STRIX G16
|-damage|p1a: ASUS ROG STRIX G16|43/100
|
|-heal|p1a: ASUS ROG STRIX G16|49/100|[from] Grassy Terrain
|-heal|p2a: Whoppa'|83/100|[from] Grassy Terrain
|-heal|p2a: Whoppa'|90/100|[from] item: Leftovers
|upkeep
|turn|5
|
|t:|1769398929
|move|p1a: ASUS ROG STRIX G16|Sucker Punch|p2a: Whoppa'
|-damage|p2a: Whoppa'|77/100
|move|p2a: Whoppa'|Body Press|p1a: ASUS ROG STRIX G16
|-supereffective|p1a: ASUS ROG STRIX G16
|-damage|p1a: ASUS ROG STRIX G16|0 fnt
|faint|p1a: ASUS ROG STRIX G16
|
|-heal|p2a: Whoppa'|83/100|[from] Grassy Terrain
|-heal|p2a: Whoppa'|89/100|[from] item: Leftovers
|-fieldend|move: Grassy Terrain
|upkeep
|
|t:|1769398944
|switch|p1a: LEGIONPRO7IUTRA7|Excadrill, F, shiny|100/100
|turn|6
|c| SwiftSwine|BK lounge mentioned
|
|t:|1769398964
|move|p1a: LEGIONPRO7IUTRA7|Iron Head|p2a: Whoppa'
|-resisted|p2a: Whoppa'
|-damage|p2a: Whoppa'|79/100
|cant|p2a: Whoppa'|flinch
|
|-heal|p2a: Whoppa'|86/100|[from] item: Leftovers
|upkeep
|turn|7
|
|t:|1769398992
|move|p1a: LEGIONPRO7IUTRA7|Iron Head|p2a: Whoppa'
|-resisted|p2a: Whoppa'
|-damage|p2a: Whoppa'|76/100
|move|p2a: Whoppa'|Waterfall|p1a: LEGIONPRO7IUTRA7
|-supereffective|p1a: LEGIONPRO7IUTRA7
|-damage|p1a: LEGIONPRO7IUTRA7|19/100
|
|-heal|p1a: LEGIONPRO7IUTRA7|25/100|[from] item: Leftovers
|-heal|p2a: Whoppa'|83/100|[from] item: Leftovers
|upkeep
|turn|8
|
|t:|1769399002
|move|p1a: LEGIONPRO7IUTRA7|Iron Head|p2a: Whoppa'
|-resisted|p2a: Whoppa'
|-damage|p2a: Whoppa'|73/100
|move|p2a: Whoppa'|Body Press|p1a: LEGIONPRO7IUTRA7
|-supereffective|p1a: LEGIONPRO7IUTRA7
|-damage|p1a: LEGIONPRO7IUTRA7|0 fnt
|faint|p1a: LEGIONPRO7IUTRA7
|
|-heal|p2a: Whoppa'|79/100|[from] item: Leftovers
|upkeep
|
|t:|1769399017
|switch|p1a: MSI KATANA 15 HX|Enamorus, F|100/100
|turn|9
|
|t:|1769399030
|move|p1a: MSI KATANA 15 HX|Moonblast|p2a: Whoppa'
|-damage|p2a: Whoppa'|28/100
|move|p2a: Whoppa'|Waterfall|p1a: MSI KATANA 15 HX
|-damage|p1a: MSI KATANA 15 HX|57/100
|
|-heal|p2a: Whoppa'|34/100|[from] item: Leftovers
|upkeep
|turn|10
|
|t:|1769399048
|move|p1a: MSI KATANA 15 HX|Moonblast|p2a: Whoppa'
|-damage|p2a: Whoppa'|0 fnt
|faint|p2a: Whoppa'
|
|upkeep
|
|t:|1769399053
|switch|p2a: LAMP|Iron Moth|100/100
|-enditem|p2a: LAMP|Booster Energy
|-activate|p2a: LAMP|ability: Quark Drive|[fromitem]
|-start|p2a: LAMP|quarkdrivespe
|turn|11
|
|t:|1769399069
|move|p2a: LAMP|Sludge Wave|p1a: MSI KATANA 15 HX
|-supereffective|p1a: MSI KATANA 15 HX
|-damage|p1a: MSI KATANA 15 HX|0 fnt
|faint|p1a: MSI KATANA 15 HX
|
|upkeep
|
|t:|1769399075
|switch|p1a: ACER NITRO V 16S|Suicune, shiny|100/100
|-ability|p1a: ACER NITRO V 16S|Pressure
|turn|12
|
|t:|1769399105
|-end|p2a: LAMP|Quark Drive|[silent]
|switch|p2a: Rillabomboclat|Rillaboom, M, shiny|100/100
|-fieldstart|move: Grassy Terrain|[from] ability: Grassy Surge|[of] p2a: Rillabomboclat
|move|p1a: ACER NITRO V 16S|Scald|p2a: Rillabomboclat
|-resisted|p2a: Rillabomboclat
|-damage|p2a: Rillabomboclat|85/100
|
|-heal|p2a: Rillabomboclat|91/100|[from] Grassy Terrain
|upkeep
|turn|13
|
|t:|1769399116
|move|p2a: Rillabomboclat|Grassy Glide|p1a: ACER NITRO V 16S
|-supereffective|p1a: ACER NITRO V 16S
|-damage|p1a: ACER NITRO V 16S|17/100
|move|p1a: ACER NITRO V 16S|Ice Beam|p2a: Rillabomboclat
|-supereffective|p2a: Rillabomboclat
|-damage|p2a: Rillabomboclat|44/100
|
|-heal|p1a: ACER NITRO V 16S|24/100|[from] Grassy Terrain
|-heal|p1a: ACER NITRO V 16S|30/100|[from] item: Leftovers
|-heal|p2a: Rillabomboclat|51/100|[from] Grassy Terrain
|upkeep
|turn|14
|
|t:|1769399143
|switch|p1a: LEGIONPRO7IUTRA9|Kyurem, shiny|45/100
|-ability|p1a: LEGIONPRO7IUTRA9|Pressure
|move|p2a: Rillabomboclat|Grassy Glide|p1a: LEGIONPRO7IUTRA9
|-resisted|p1a: LEGIONPRO7IUTRA9
|-damage|p1a: LEGIONPRO7IUTRA9|18/100
|
|-heal|p1a: LEGIONPRO7IUTRA9|24/100|[from] Grassy Terrain
|-heal|p2a: Rillabomboclat|57/100|[from] Grassy Terrain
|upkeep
|turn|15
|
|t:|1769399154
|move|p2a: Rillabomboclat|Grassy Glide|p1a: LEGIONPRO7IUTRA9
|-resisted|p1a: LEGIONPRO7IUTRA9
|-damage|p1a: LEGIONPRO7IUTRA9|0 fnt
|faint|p1a: LEGIONPRO7IUTRA9
|
|-heal|p2a: Rillabomboclat|63/100|[from] Grassy Terrain
|upkeep
|
|t:|1769399165
|switch|p1a: ACER NITRO V 16S|Suicune, shiny|30/100
|-ability|p1a: ACER NITRO V 16S|Pressure
|turn|16
|
|t:|1769399174
|move|p2a: Rillabomboclat|Grassy Glide|p1a: ACER NITRO V 16S
|-supereffective|p1a: ACER NITRO V 16S
|-damage|p1a: ACER NITRO V 16S|0 fnt
|faint|p1a: ACER NITRO V 16S
|
|-heal|p2a: Rillabomboclat|69/100|[from] Grassy Terrain
|-fieldend|move: Grassy Terrain
|upkeep
|
|t:|1769399181
|switch|p1a: HP OMEN GMNG LPTP|Kingambit, F, shiny|100/100
|-activate|p1a: HP OMEN GMNG LPTP|ability: Supreme Overlord
|-start|p1a: HP OMEN GMNG LPTP|fallen5|[silent]
|turn|17
|
|t:|1769399201
|move|p2a: Rillabomboclat|Grassy Glide|p1a: HP OMEN GMNG LPTP
|-resisted|p1a: HP OMEN GMNG LPTP
|-damage|p1a: HP OMEN GMNG LPTP|85/100
|move|p1a: HP OMEN GMNG LPTP|Iron Head|p2a: Rillabomboclat
|-damage|p2a: Rillabomboclat|2/100
|
|-heal|p1a: HP OMEN GMNG LPTP|91/100|[from] item: Leftovers
|upkeep
|turn|18
|
|t:|1769399216
|move|p1a: HP OMEN GMNG LPTP|Sucker Punch|p2a: Rillabomboclat
|-damage|p2a: Rillabomboclat|0 fnt
|faint|p2a: Rillabomboclat
|
|-heal|p1a: HP OMEN GMNG LPTP|98/100|[from] item: Leftovers
|upkeep
|
|t:|1769399229
|switch|p2a: LAMP|Iron Moth|100/100
|turn|19
|
|t:|1769399245
|-terastallize|p1a: HP OMEN GMNG LPTP|Dark
|move|p2a: LAMP|Fiery Dance|p1a: HP OMEN GMNG LPTP
|-damage|p1a: HP OMEN GMNG LPTP|56/100
|-boost|p2a: LAMP|spa|1
|move|p1a: HP OMEN GMNG LPTP|Swords Dance|p1a: HP OMEN GMNG LPTP
|-boost|p1a: HP OMEN GMNG LPTP|atk|2
|
|-heal|p1a: HP OMEN GMNG LPTP|63/100|[from] item: Leftovers
|upkeep
|turn|20
|
|t:|1769399260
|-terastallize|p2a: LAMP|Fairy
|move|p1a: HP OMEN GMNG LPTP|Sucker Punch|p2a: LAMP
|-resisted|p2a: LAMP
|-damage|p2a: LAMP|0 fnt
|faint|p2a: LAMP
|-end|p2a: LAMP|Quark Drive|[silent]
|
|-heal|p1a: HP OMEN GMNG LPTP|69/100|[from] item: Leftovers
|upkeep
|
|t:|1769399279
|switch|p2a: #1 Jolteon Hater|Cinderace, M, shiny|100/100
|turn|21
|
|t:|1769399301
|move|p1a: HP OMEN GMNG LPTP|Sucker Punch|p2a: #1 Jolteon Hater
|-damage|p2a: #1 Jolteon Hater|0 fnt
|faint|p2a: #1 Jolteon Hater
|
|-heal|p1a: HP OMEN GMNG LPTP|75/100|[from] item: Leftovers
|upkeep
|
|t:|1769399310
|switch|p2a: Dragapunt|Dragapult, F, shiny|100/100
|turn|22
|
|t:|1769399316
|move|p2a: Dragapunt|Sucker Punch|p1a: HP OMEN GMNG LPTP
|-resisted|p1a: HP OMEN GMNG LPTP
|-damage|p1a: HP OMEN GMNG LPTP|64/100
|-damage|p2a: Dragapunt|91/100|[from] item: Life Orb
|move|p1a: HP OMEN GMNG LPTP|Sucker Punch||[still]
|-fail|p1a: HP OMEN GMNG LPTP
|
|-heal|p1a: HP OMEN GMNG LPTP|70/100|[from] item: Leftovers
|upkeep
|turn|23
|
|t:|1769399331
|move|p2a: Dragapunt|Dragon Darts|p1a: HP OMEN GMNG LPTP
|-damage|p1a: HP OMEN GMNG LPTP|48/100
|-anim|p2a: Dragapunt|Dragon Darts|p1a: HP OMEN GMNG LPTP
|-damage|p1a: HP OMEN GMNG LPTP|24/100
|-damage|p2a: Dragapunt|81/100|[from] item: Life Orb
|move|p1a: HP OMEN GMNG LPTP|Kowtow Cleave|p2a: Dragapunt
|-supereffective|p2a: Dragapunt
|-damage|p2a: Dragapunt|0 fnt
|faint|p2a: Dragapunt
|
|-heal|p1a: HP OMEN GMNG LPTP|30/100|[from] item: Leftovers
|upkeep
|
|t:|1769399341
|switch|p2a: Naurchomp|Garchomp, M|100/100
|turn|24
|
|t:|1769399354
|move|p1a: HP OMEN GMNG LPTP|Sucker Punch|p2a: Naurchomp
|-damage|p2a: Naurchomp|0 fnt
|-damage|p1a: HP OMEN GMNG LPTP|17/100|[from] ability: Rough Skin|[of] p2a: Naurchomp
|faint|p2a: Naurchomp
|
|win|RoyalNeptune
