|j|☆cospway
|j|☆exelpapu
|t:|1769394779
|gametype|singles
|player|p1|cospway|iris-gen5bw2|1494
|player|p2|exelpapu|1|1542
|gen|9
|tier|[Gen 9] OU
|rated|
|rule|HP Percentage Mod: HP is shown in percentages
|rule|Endless Battle Clause: Forcing endless battles is banned
|rule|Species Clause: Limit one of each Pokémon
|rule|OHKO Clause: OHKO moves are banned
|rule|Evasion Items Clause: Evasion items are banned
|rule|Evasion Moves Clause: Evasion moves are banned
|rule|Evasion Abilities Clause: Evasion abilities are banned
|rule|Sleep Moves Clause: Sleep-inducing moves are banned
|clearpoke
|poke|p1|Cresselia, F|
|poke|p1|Mew|
|poke|p1|Kingambit, M|
|poke|p1|Azumarill, F|
|poke|p1|Gholdengo|
|poke|p1|Hoopa-Unbound|
|poke|p2|Gengar, M|
|poke|p2|Avalugg, F|
|poke|p2|Clodsire, F|
|poke|p2|Dragonite, M|
|poke|p2|Kingambit, M|
|poke|p2|Rotom-Heat|
|teampreview
|inactive|Battle timer is ON: inactive players will automatically lose when time's up. (requested by exelpapu)
|
|t:|1769394817
|teamsize|p1|6
|teamsize|p2|6
|start
|switch|p1a: Mew|Mew|100/100
|switch|p2a: magic|Gengar, M|100/100
|turn|1
|
|t:|1769394827
|move|p2a: magic|Shadow Ball|p1a: Mew
|-supereffective|p1a: Mew
|-damage|p1a: Mew|41/100
|move|p1a: Mew|Knock Off|p2a: magic
|-supereffective|p2a: magic
|-damage|p2a: magic|18/100
|-enditem|p2a: magic|Focus Sash|[from] move: Knock Off|[of] p1a: Mew
|
|upkeep
|turn|2
|
|t:|1769394842
|switch|p1a: Kingambit|Kingambit, M|100/100
|move|p2a: magic|Shadow Ball|p1a: Kingambit
|-resisted|p1a: Kingambit
|-damage|p1a: Kingambit|79/100
|
|-heal|p1a: Kingambit|86/100|[from] item: Leftovers
|upkeep
|turn|3
|
|t:|1769394853
|move|p2a: magic|Destiny Bond|p2a: magic
|-singlemove|p2a: magic|Destiny Bond
|move|p1a: Kingambit|Kowtow Cleave|p2a: magic
|-supereffective|p2a: magic
|-damage|p2a: magic|0 fnt
|-start|p1a: Kingambit|Disable|Kowtow Cleave|[from] ability: Cursed Body|[of] p2a: magic
|faint|p2a: magic
|-activate|p2a: magic|move: Destiny Bond
|faint|p1a: Kingambit
|-end|p1a: Kingambit|fallenundefined|[silent]
|
|upkeep
|
|t:|1769394869
|switch|p2a: show|Rotom-Heat|100/100
|switch|p1a: Mew|Mew|41/100
|turn|4
|
|t:|1769394872
|move|p2a: show|Overheat|p1a: Mew
|-damage|p1a: Mew|0 fnt
|-unboost|p2a: show|spa|2
|faint|p1a: Mew
|
|upkeep
|
|t:|1769394878
|switch|p1a: Hoopa|Hoopa-Unbound|100/100
|turn|5
|
|t:|1769394885
|switch|p2a: mirror|Dragonite, M|100/100
|move|p1a: Hoopa|Drain Punch|p2a: mirror
|-resisted|p2a: mirror
|-damage|p2a: mirror|91/100
|
|upkeep
|turn|6
|
|t:|1769394891
|move|p2a: mirror|Dragon Claw|p1a: Hoopa
|-damage|p1a: Hoopa|35/100
|move|p1a: Hoopa|Trick Room|p1a: Hoopa
|-fieldstart|move: Trick Room|[of] p1a: Hoopa
|-enditem|p1a: Hoopa|Room Service
|-unboost|p1a: Hoopa|spe|1|[from] item: Room Service
|
|upkeep
|turn|7
|
|t:|1769394899
|move|p2a: mirror|Extreme Speed|p1a: Hoopa
|-damage|p1a: Hoopa|0 fnt
|faint|p1a: Hoopa
|
|upkeep
|
|t:|1769394903
|switch|p1a: Gholdengo|Gholdengo|100/100
|turn|8
|
|t:|1769394912
|move|p1a: Gholdengo|Thunder|p2a: mirror|[miss]
|-miss|p1a: Gholdengo|p2a: mirror
|move|p2a: mirror|Fire Punch|p1a: Gholdengo
|-supereffective|p1a: Gholdengo
|-damage|p1a: Gholdengo|46/100
|
|upkeep
|turn|9
|
|t:|1769394920
|move|p1a: Gholdengo|Thunder|p2a: mirror|[miss]
|-miss|p1a: Gholdengo|p2a: mirror
|move|p2a: mirror|Fire Punch|p1a: Gholdengo
|-supereffective|p1a: Gholdengo
|-damage|p1a: Gholdengo|0 fnt
|faint|p1a: Gholdengo
|
|upkeep
|c|☆exelpapu|xd
|-message|cospway forfeited.
|
|win|exelpapu
|raw|cospway's rating: 1494 &rarr; <strong>1477</strong><br />(-17 for losing)
|raw|exelpapu's rating: 1542 &rarr; <strong>1559</strong><br />(+17 for winning)
|l|☆cospway
|player|p1|
|l|☆exelpapu
|player|p2|
