|j|☆firecharmander004
|j|‽liamsdad
|t:|1769407801
|gametype|singles
|player|p1|firecharmander004|266|1591
|player|p2|liamsdad|bruno|1597
|gen|9
|tier|[Gen 9] OU
|rated|
|rule|HP Percentage Mod: HP is shown in percentages
|rule|Endless Battle Clause: Forcing endless battles is banned
|rule|Species Clause: Limit one of each Pokémon
|rule|OHKO Clause: OHKO moves are banned
|rule|Evasion Items Clause: Evasion items are banned
|rule|Evasion Moves Clause: Evasion moves are banned
|rule|Evasion Abilities Clause: Evasion abilities are banned
|rule|Sleep Moves Clause: Sleep-inducing moves are banned
|clearpoke
|poke|p1|Charizard, M|
|poke|p1|Walking Wake|
|poke|p1|Hatterene, F|
|poke|p1|Venusaur, F|
|poke|p1|Great Tusk|
|poke|p1|Ninetales, F|
|poke|p2|Pelipper, F|
|poke|p2|Ludicolo, F|
|poke|p2|Iron Treads|
|poke|p2|Barraskewda, F|
|poke|p2|Poliwrath, M|
|poke|p2|Wigglytuff, M|
|teampreview
|inactive|Battle timer is ON: inactive players will automatically lose when time's up. (requested by firecharmander004)
|
|t:|1769407812
|teamsize|p1|6
|teamsize|p2|6
|start
|switch|p1a: Walking Wake|Walking Wake|100/100
|switch|p2a: Barraskewda|Barraskewda, F|100/100
|turn|1
|
|t:|1769407819
|move|p2a: Barraskewda|Flip Turn|p1a: Walking Wake
|-resisted|p1a: Walking Wake
|-damage|p1a: Walking Wake|86/100
|
|t:|1769407822
|switch|p2a: Wigglytuff|Wigglytuff, M|100/100|[from] Flip Turn
|-item|p1a: Walking Wake|Choice Specs|[from] ability: Frisk|[of] p2a: Wigglytuff
|move|p1a: Walking Wake|Draco Meteor|p2a: Wigglytuff
|-immune|p2a: Wigglytuff
|
|upkeep
|turn|2
|
|t:|1769407827
|-end|p1a: Walking Wake|Protosynthesis|[silent]
|switch|p1a: Ninetales|Ninetales, F|100/100
|-weather|SunnyDay|[from] ability: Drought|[of] p1a: Ninetales
|move|p2a: Wigglytuff|Stealth Rock|p1a: Ninetales
|-sidestart|p1: firecharmander004|move: Stealth Rock
|
|-weather|SunnyDay|[upkeep]
|upkeep
|turn|3
|
|t:|1769407833
|switch|p1a: Great Tusk|Great Tusk|100/100
|-damage|p1a: Great Tusk|98/100|[from] Stealth Rock
|-activate|p1a: Great Tusk|ability: Protosynthesis
|-start|p1a: Great Tusk|protosynthesisspe
|switch|p2a: Pelipper|Pelipper, F|100/100
|-weather|RainDance|[from] ability: Drizzle|[of] p2a: Pelipper
|-end|p1a: Great Tusk|Protosynthesis
|
|-weather|RainDance|[upkeep]
|-heal|p1a: Great Tusk|100/100|[from] item: Leftovers
|upkeep
|turn|4
|
|t:|1769407841
|move|p1a: Great Tusk|Rapid Spin|p2a: Pelipper
|-damage|p2a: Pelipper|89/100
|-boost|p1a: Great Tusk|spe|1
|-sideend|p1: firecharmander004|Stealth Rock|[from] move: Rapid Spin|[of] p1a: Great Tusk
|move|p2a: Pelipper|Surf|p1a: Great Tusk
|-supereffective|p1a: Great Tusk
|-damage|p1a: Great Tusk|0 fnt
|faint|p1a: Great Tusk
|-end|p1a: Great Tusk|Protosynthesis|[silent]
|
|-weather|RainDance|[upkeep]
|upkeep
|
|t:|1769407850
|switch|p1a: Walking Wake|Walking Wake|86/100
|turn|5
|
|t:|1769407859
|switch|p2a: Ludicolo|Ludicolo, F|100/100
|move|p1a: Walking Wake|Draco Meteor|p2a: Ludicolo|[miss]
|-miss|p1a: Walking Wake|p2a: Ludicolo
|
|-weather|RainDance|[upkeep]
|upkeep
|turn|6
|-message|firecharmander004 forfeited.
|
|win|liamsdad
|raw|firecharmander004's rating: 1591 &rarr; <strong>1571</strong><br />(-20 for losing)
|raw|liamsdad's rating: 1597 &rarr; <strong>1617</strong><br />(+20 for winning)
|l|☆firecharmander004
|player|p1|
|l|‽liamsdad
|player|p2|
