|j|☆Diplithe
|j|☆trizegard
|t:|1769396584
|gametype|singles
|player|p1|Diplithe|102|1455
|player|p2|trizegard|266|1465
|gen|9
|tier|[Gen 9] OU
|rated|
|rule|HP Percentage Mod: HP is shown in percentages
|rule|Endless Battle Clause: Forcing endless battles is banned
|rule|Species Clause: Limit one of each Pokémon
|rule|OHKO Clause: OHKO moves are banned
|rule|Evasion Items Clause: Evasion items are banned
|rule|Evasion Moves Clause: Evasion moves are banned
|rule|Evasion Abilities Clause: Evasion abilities are banned
|rule|Sleep Moves Clause: Sleep-inducing moves are banned
|clearpoke
|poke|p1|Fezandipiti, M|
|poke|p1|Dragapult, M|
|poke|p1|Ogerpon, F|
|poke|p1|Great Tusk|
|poke|p1|Alomomola, F|
|poke|p1|Skarmory, F|
|poke|p2|Alomomola, F|
|poke|p2|Moltres|
|poke|p2|Kingambit, F|
|poke|p2|Great Tusk|
|poke|p2|Ogerpon, F|
|poke|p2|Muk-Alola, M|
|teampreview
|inactive|Battle timer is ON: inactive players will automatically lose when time's up. (requested by trizegard)
|
|t:|1769396597
|teamsize|p1|6
|teamsize|p2|6
|start
|switch|p1a: Ogerpon|Ogerpon, F|100/100
|switch|p2a: Moltres|Moltres|100/100
|turn|1
|
|t:|1769396603
|move|p1a: Ogerpon|U-turn|p2a: Moltres
|-resisted|p2a: Moltres
|-damage|p2a: Moltres|94/100
|
|t:|1769396607
|switch|p1a: Alomomola|Alomomola, F|100/100|[from] U-turn
|move|p2a: Moltres|Will-O-Wisp|p1a: Alomomola
|-status|p1a: Alomomola|brn
|
|-damage|p1a: Alomomola|94/100 brn|[from] brn
|upkeep
|turn|2
|
|t:|1769396611
|switch|p2a: Ogerpon|Ogerpon, F|100/100
|move|p1a: Alomomola|Flip Turn|p2a: Ogerpon
|-resisted|p2a: Ogerpon
|-damage|p2a: Ogerpon|96/100
|
|t:|1769396624
|switch|p1a: Skarmory|Skarmory, F|100/100|[from] Flip Turn
|
|upkeep
|turn|3
|
|t:|1769396629
|switch|p2a: Moltres|Moltres|94/100
|move|p1a: Skarmory|Stealth Rock|p2a: Moltres
|-sidestart|p2: trizegard|move: Stealth Rock
|
|upkeep
|turn|4
|
|t:|1769396634
|switch|p1a: Alomomola|Alomomola, F|100/100 brn
|move|p2a: Moltres|U-turn|p1a: Alomomola
|-damage|p1a: Alomomola|89/100 brn
|
|t:|1769396638
|switch|p2a: Great Tusk|Great Tusk|100/100|[from] U-turn
|-damage|p2a: Great Tusk|98/100|[from] Stealth Rock
|-enditem|p2a: Great Tusk|Booster Energy
|-activate|p2a: Great Tusk|ability: Protosynthesis|[fromitem]
|-start|p2a: Great Tusk|protosynthesisatk
|
|-damage|p1a: Alomomola|82/100 brn|[from] brn
|upkeep
|turn|5
|
|t:|1769396653
|move|p2a: Great Tusk|Headlong Rush|p1a: Alomomola
|-crit|p1a: Alomomola
|-damage|p1a: Alomomola|0 fnt
|-unboost|p2a: Great Tusk|def|1
|-unboost|p2a: Great Tusk|spd|1
|faint|p1a: Alomomola
|
|upkeep
|c|☆Diplithe|breh
|c|☆trizegard|dayum
|inactive|Diplithe has 120 seconds left.
|
|t:|1769396679
|switch|p1a: Ogerpon|Ogerpon, F|100/100
|turn|6
|
|t:|1769396682
|-end|p2a: Great Tusk|Protosynthesis|[silent]
|switch|p2a: Moltres|Moltres|94/100
|move|p1a: Ogerpon|Rock Tomb|p2a: Moltres
|-supereffective|p2a: Moltres
|-damage|p2a: Moltres|16/100
|-unboost|p2a: Moltres|spe|1
|
|upkeep
|turn|7
|
|t:|1769396691
|switch|p2a: Muk|Muk-Alola, M|100/100
|-damage|p2a: Muk|88/100|[from] Stealth Rock
|move|p1a: Ogerpon|Rock Tomb|p2a: Muk
|-damage|p2a: Muk|58/100
|-unboost|p2a: Muk|spe|1
|
|upkeep
|turn|8
|
|t:|1769396703
|switch|p1a: Great Tusk|Great Tusk|100/100
|move|p2a: Muk|Knock Off|p1a: Great Tusk
|-resisted|p1a: Great Tusk
|-damage|p1a: Great Tusk|86/100
|-enditem|p1a: Great Tusk|Heavy-Duty Boots|[from] move: Knock Off|[of] p2a: Muk
|
|upkeep
|turn|9
|
|t:|1769396715
|switch|p2a: Great Tusk|Great Tusk|98/100
|-damage|p2a: Great Tusk|95/100|[from] Stealth Rock
|move|p1a: Great Tusk|Headlong Rush|p2a: Great Tusk
|-damage|p2a: Great Tusk|51/100
|-unboost|p1a: Great Tusk|def|1
|-unboost|p1a: Great Tusk|spd|1
|
|upkeep
|turn|10
|
|t:|1769396728
|move|p1a: Great Tusk|Ice Spinner|p2a: Great Tusk
|-supereffective|p2a: Great Tusk
|-damage|p2a: Great Tusk|8/100
|move|p2a: Great Tusk|Stealth Rock|p1a: Great Tusk
|-sidestart|p1: Diplithe|move: Stealth Rock
|
|upkeep
|turn|11
|
|t:|1769396735
|move|p1a: Great Tusk|Rapid Spin|p2a: Great Tusk
|-damage|p2a: Great Tusk|0 fnt
|-boost|p1a: Great Tusk|spe|1
|-sideend|p1: Diplithe|Stealth Rock|[from] move: Rapid Spin|[of] p1a: Great Tusk
|faint|p2a: Great Tusk
|-end|p2a: Great Tusk|Protosynthesis|[silent]
|
|upkeep
|
|t:|1769396743
|switch|p2a: Ogerpon|Ogerpon, F|96/100
|-damage|p2a: Ogerpon|83/100|[from] Stealth Rock
|turn|12
|
|t:|1769396750
|-end|p1a: Great Tusk|Protosynthesis|[silent]
|switch|p1a: Skarmory|Skarmory, F|100/100
|-terastallize|p2a: Ogerpon|Grass
|detailschange|p2a: Ogerpon|Ogerpon-Teal-Tera, F, tera:Grass
|-ability|p2a: Ogerpon|Embody Aspect (Teal)|boost
|-boost|p2a: Ogerpon|spe|1
|move|p2a: Ogerpon|Ivy Cudgel|p1a: Skarmory
|-resisted|p1a: Skarmory
|-damage|p1a: Skarmory|86/100
|
|upkeep
|turn|13
|
|t:|1769396767
|switch|p2a: Moltres|Moltres|16/100
|move|p1a: Skarmory|Body Press|p2a: Moltres
|-resisted|p2a: Moltres
|-damage|p2a: Moltres|6/100
|-status|p1a: Skarmory|brn|[from] ability: Flame Body|[of] p2a: Moltres
|
|-damage|p1a: Skarmory|80/100 brn|[from] brn
|upkeep
|turn|14
|
|t:|1769396780
|move|p2a: Moltres|Roost|p2a: Moltres
|-heal|p2a: Moltres|56/100
|-singleturn|p2a: Moltres|move: Roost
|move|p1a: Skarmory|Body Press|p2a: Moltres
|-damage|p2a: Moltres|45/100
|
|-damage|p1a: Skarmory|74/100 brn|[from] brn
|upkeep
|turn|15
|
|t:|1769396795
|switch|p1a: Dragapult|Dragapult, M|100/100
|move|p2a: Moltres|Roost|p2a: Moltres
|-heal|p2a: Moltres|95/100
|-singleturn|p2a: Moltres|move: Roost
|
|upkeep
|turn|16
|
|t:|1769396811
|switch|p2a: Muk|Muk-Alola, M|58/100
|-damage|p2a: Muk|46/100|[from] Stealth Rock
|move|p1a: Dragapult|Draco Meteor|p2a: Muk
|-damage|p2a: Muk|6/100
|-unboost|p1a: Dragapult|spa|2
|
|upkeep
|turn|17
|
|t:|1769396815
|move|p1a: Dragapult|Draco Meteor|p2a: Muk|[miss]
|-miss|p1a: Dragapult|p2a: Muk
|move|p2a: Muk|Knock Off|p1a: Dragapult
|-supereffective|p1a: Dragapult
|-damage|p1a: Dragapult|0 fnt
|-enditem|p1a: Dragapult|Choice Specs|[from] move: Knock Off|[of] p2a: Muk
|faint|p1a: Dragapult
|
|upkeep
|c|☆Diplithe|holy
|
|t:|1769396829
|switch|p1a: Ogerpon|Ogerpon, F|100/100
|turn|18
|c|☆trizegard|thank you rngesus
|
|t:|1769396837
|move|p1a: Ogerpon|Rock Tomb|p2a: Muk
|-damage|p2a: Muk|0 fnt
|faint|p2a: Muk
|
|upkeep
|c|☆Diplithe|lmao
|
|t:|1769396844
|switch|p2a: Ogerpon|Ogerpon-Teal-Tera, F, tera:Grass|83/100
|-damage|p2a: Ogerpon|71/100|[from] Stealth Rock
|-ability|p2a: Ogerpon|Embody Aspect (Teal)|boost
|-boost|p2a: Ogerpon|spe|1
|turn|19
|
|t:|1769396850
|switch|p1a: Skarmory|Skarmory, F|74/100 brn
|move|p2a: Ogerpon|U-turn|p1a: Skarmory
|-resisted|p1a: Skarmory
|-damage|p1a: Skarmory|70/100 brn
|-damage|p2a: Ogerpon|54/100|[from] item: Rocky Helmet|[of] p1a: Skarmory
|
|t:|1769396852
|switch|p2a: Moltres|Moltres|95/100|[from] U-turn
|
|-damage|p1a: Skarmory|64/100 brn|[from] brn
|upkeep
|turn|20
|
|t:|1769396876
|switch|p1a: Fezandipiti|Fezandipiti, M|100/100
|move|p2a: Moltres|Flamethrower|p1a: Fezandipiti
|-damage|p1a: Fezandipiti|76/100
|-status|p1a: Fezandipiti|brn
|
|-damage|p1a: Fezandipiti|70/100 brn|[from] brn
|upkeep
|turn|21
|
|t:|1769396880
|switch|p2a: Kingambit|Kingambit, F|100/100
|-damage|p2a: Kingambit|94/100|[from] Stealth Rock
|-activate|p2a: Kingambit|ability: Supreme Overlord
|-start|p2a: Kingambit|fallen2|[silent]
|move|p1a: Fezandipiti|Beat Up|p2a: Kingambit
|-resisted|p2a: Kingambit
|-damage|p2a: Kingambit|94/100
|-resisted|p2a: Kingambit
|-damage|p2a: Kingambit|93/100
|-resisted|p2a: Kingambit
|-damage|p2a: Kingambit|92/100
|-hitcount|p2a: Kingambit|3
|
|-damage|p1a: Fezandipiti|64/100 brn|[from] brn
|upkeep
|turn|22
|
|t:|1769396891
|move|p1a: Fezandipiti|U-turn|p2a: Kingambit
|-damage|p2a: Kingambit|86/100
|
|t:|1769396895
|switch|p1a: Great Tusk|Great Tusk|86/100|[from] U-turn
|move|p2a: Kingambit|Kowtow Cleave|p1a: Great Tusk
|-resisted|p1a: Great Tusk
|-damage|p1a: Great Tusk|61/100
|
|upkeep
|turn|23
|
|t:|1769396899
|-end|p2a: Kingambit|fallen2|[silent]
|switch|p2a: Moltres|Moltres|95/100
|move|p1a: Great Tusk|Close Combat|p2a: Moltres
|-resisted|p2a: Moltres
|-damage|p2a: Moltres|75/100
|-unboost|p1a: Great Tusk|def|1
|-unboost|p1a: Great Tusk|spd|1
|
|upkeep
|turn|24
|
|t:|1769396904
|-end|p1a: Great Tusk|Protosynthesis|[silent]
|switch|p1a: Fezandipiti|Fezandipiti, M|64/100 brn
|move|p2a: Moltres|Flamethrower|p1a: Fezandipiti
|-damage|p1a: Fezandipiti|37/100 brn
|
|-damage|p1a: Fezandipiti|31/100 brn|[from] brn
|upkeep
|turn|25
|
|t:|1769396908
|switch|p2a: Kingambit|Kingambit, F|86/100
|-damage|p2a: Kingambit|80/100|[from] Stealth Rock
|-activate|p2a: Kingambit|ability: Supreme Overlord
|-start|p2a: Kingambit|fallen2|[silent]
|move|p1a: Fezandipiti|Roost|p1a: Fezandipiti
|-heal|p1a: Fezandipiti|81/100 brn
|-singleturn|p1a: Fezandipiti|move: Roost
|
|-damage|p1a: Fezandipiti|75/100 brn|[from] brn
|upkeep
|turn|26
|
|t:|1769396917
|move|p1a: Fezandipiti|U-turn|p2a: Kingambit
|-damage|p2a: Kingambit|74/100
|
|t:|1769396919
|switch|p1a: Skarmory|Skarmory, F|64/100 brn|[from] U-turn
|move|p2a: Kingambit|Swords Dance|p2a: Kingambit
|-boost|p2a: Kingambit|atk|2
|
|-damage|p1a: Skarmory|58/100 brn|[from] brn
|upkeep
|turn|27
|
|t:|1769396923
|move|p1a: Skarmory|Body Press|p2a: Kingambit
|-supereffective|p2a: Kingambit
|-damage|p2a: Kingambit|26/100
|move|p2a: Kingambit|Kowtow Cleave|p1a: Skarmory
|-damage|p1a: Skarmory|0 fnt
|-damage|p2a: Kingambit|10/100|[from] item: Rocky Helmet|[of] p1a: Skarmory
|faint|p1a: Skarmory
|
|upkeep
|
|t:|1769396938
|switch|p1a: Great Tusk|Great Tusk|61/100
|turn|28
|
|t:|1769396942
|-end|p2a: Kingambit|fallen2|[silent]
|switch|p2a: Moltres|Moltres|75/100
|move|p1a: Great Tusk|Headlong Rush|p2a: Moltres
|-immune|p2a: Moltres
|
|upkeep
|turn|29
|
|t:|1769396950
|-end|p1a: Great Tusk|Protosynthesis|[silent]
|switch|p1a: Fezandipiti|Fezandipiti, M|75/100 brn
|move|p2a: Moltres|Flamethrower|p1a: Fezandipiti
|-damage|p1a: Fezandipiti|48/100 brn
|
|-damage|p1a: Fezandipiti|42/100 brn|[from] brn
|upkeep
|turn|30
|
|t:|1769396954
|move|p1a: Fezandipiti|Roost|p1a: Fezandipiti
|-heal|p1a: Fezandipiti|92/100 brn
|-singleturn|p1a: Fezandipiti|move: Roost
|move|p2a: Moltres|Flamethrower|p1a: Fezandipiti
|-damage|p1a: Fezandipiti|70/100 brn
|
|-damage|p1a: Fezandipiti|64/100 brn|[from] brn
|upkeep
|turn|31
|
|t:|1769396958
|move|p1a: Fezandipiti|Beat Up|p2a: Moltres
|-damage|p2a: Moltres|74/100
|-damage|p2a: Moltres|72/100
|-damage|p2a: Moltres|71/100
|-hitcount|p2a: Moltres|3
|move|p2a: Moltres|Flamethrower|p1a: Fezandipiti
|-damage|p1a: Fezandipiti|37/100 brn
|
|-damage|p1a: Fezandipiti|31/100 brn|[from] brn
|upkeep
|turn|32
|
|t:|1769396962
|move|p1a: Fezandipiti|Roost|p1a: Fezandipiti
|-heal|p1a: Fezandipiti|81/100 brn
|-singleturn|p1a: Fezandipiti|move: Roost
|move|p2a: Moltres|Flamethrower|p1a: Fezandipiti
|-damage|p1a: Fezandipiti|54/100 brn
|
|-damage|p1a: Fezandipiti|48/100 brn|[from] brn
|upkeep
|turn|33
|
|t:|1769396966
|move|p1a: Fezandipiti|Roost|p1a: Fezandipiti
|-heal|p1a: Fezandipiti|98/100 brn
|-singleturn|p1a: Fezandipiti|move: Roost
|move|p2a: Moltres|Flamethrower|p1a: Fezandipiti
|-crit|p1a: Fezandipiti
|-damage|p1a: Fezandipiti|60/100 brn
|
|-damage|p1a: Fezandipiti|54/100 brn|[from] brn
|upkeep
|turn|34
|
|t:|1769396968
|move|p1a: Fezandipiti|Roost|p1a: Fezandipiti
|-heal|p1a: Fezandipiti|100/100 brn
|-singleturn|p1a: Fezandipiti|move: Roost
|move|p2a: Moltres|Flamethrower|p1a: Fezandipiti
|-damage|p1a: Fezandipiti|76/100 brn
|
|-damage|p1a: Fezandipiti|70/100 brn|[from] brn
|upkeep
|turn|35
|
|t:|1769396973
|move|p1a: Fezandipiti|Beat Up|p2a: Moltres
|-damage|p2a: Moltres|70/100
|-damage|p2a: Moltres|68/100
|-damage|p2a: Moltres|66/100
|-hitcount|p2a: Moltres|3
|move|p2a: Moltres|Flamethrower|p1a: Fezandipiti
|-damage|p1a: Fezandipiti|46/100 brn
|
|-damage|p1a: Fezandipiti|40/100 brn|[from] brn
|upkeep
|turn|36
|
|t:|1769396976
|move|p1a: Fezandipiti|Roost|p1a: Fezandipiti
|-heal|p1a: Fezandipiti|90/100 brn
|-singleturn|p1a: Fezandipiti|move: Roost
|move|p2a: Moltres|Flamethrower|p1a: Fezandipiti
|-damage|p1a: Fezandipiti|65/100 brn
|
|-damage|p1a: Fezandipiti|59/100 brn|[from] brn
|upkeep
|turn|37
|
|t:|1769396985
|move|p1a: Fezandipiti|Beat Up|p2a: Moltres
|-damage|p2a: Moltres|65/100
|-damage|p2a: Moltres|64/100
|-status|p2a: Moltres|tox|[from] ability: Toxic Chain|[of] p1a: Fezandipiti
|-damage|p2a: Moltres|62/100 tox
|-hitcount|p2a: Moltres|3
|move|p2a: Moltres|Flamethrower|p1a: Fezandipiti
|-damage|p1a: Fezandipiti|36/100 brn
|
|-damage|p2a: Moltres|56/100 tox|[from] psn
|-damage|p1a: Fezandipiti|30/100 brn|[from] brn
|upkeep
|turn|38
|
|t:|1769396990
|move|p1a: Fezandipiti|Roost|p1a: Fezandipiti
|-heal|p1a: Fezandipiti|80/100 brn
|-singleturn|p1a: Fezandipiti|move: Roost
|move|p2a: Moltres|Roost|p2a: Moltres
|-heal|p2a: Moltres|100/100 tox
|-singleturn|p2a: Moltres|move: Roost
|
|-damage|p2a: Moltres|88/100 tox|[from] psn
|-damage|p1a: Fezandipiti|74/100 brn|[from] brn
|upkeep
|turn|39
|j| HIAFH
|
|t:|1769397011
|move|p1a: Fezandipiti|Beat Up|p2a: Moltres
|-damage|p2a: Moltres|87/100 tox
|-damage|p2a: Moltres|86/100 tox
|-damage|p2a: Moltres|84/100 tox
|-hitcount|p2a: Moltres|3
|move|p2a: Moltres|Flamethrower|p1a: Fezandipiti
|-damage|p1a: Fezandipiti|51/100 brn
|
|-damage|p2a: Moltres|66/100 tox|[from] psn
|-damage|p1a: Fezandipiti|45/100 brn|[from] brn
|upkeep
|turn|40
|
|t:|1769397015
|move|p1a: Fezandipiti|Roost|p1a: Fezandipiti
|-heal|p1a: Fezandipiti|95/100 brn
|-singleturn|p1a: Fezandipiti|move: Roost
|move|p2a: Moltres|Flamethrower|p1a: Fezandipiti
|-damage|p1a: Fezandipiti|70/100 brn
|
|-damage|p2a: Moltres|42/100 tox|[from] psn
|-damage|p1a: Fezandipiti|64/100 brn|[from] brn
|upkeep
|turn|41
|
|t:|1769397021
|switch|p2a: Alomomola|Alomomola, F|100/100
|-damage|p2a: Alomomola|88/100|[from] Stealth Rock
|move|p1a: Fezandipiti|U-turn|p2a: Alomomola
|-crit|p2a: Alomomola
|-damage|p2a: Alomomola|79/100
|
|t:|1769397023
|switch|p1a: Ogerpon|Ogerpon, F|100/100|[from] U-turn
|
|upkeep
|turn|42
|
|t:|1769397032
|move|p1a: Ogerpon|Knock Off|p2a: Alomomola
|-damage|p2a: Alomomola|50/100
|-enditem|p2a: Alomomola|Assault Vest|[from] move: Knock Off|[of] p1a: Ogerpon
|move|p2a: Alomomola|Icy Wind|p1a: Ogerpon
|-supereffective|p1a: Ogerpon
|-damage|p1a: Ogerpon|85/100
|-unboost|p1a: Ogerpon|spe|1
|-ability|p1a: Ogerpon|Defiant|boost
|-boost|p1a: Ogerpon|atk|2
|
|upkeep
|turn|43
|
|t:|1769397044
|-terastallize|p1a: Ogerpon|Grass
|detailschange|p1a: Ogerpon|Ogerpon-Teal-Tera, F, tera:Grass
|-ability|p1a: Ogerpon|Embody Aspect (Teal)|boost
|-boost|p1a: Ogerpon|spe|1
|move|p1a: Ogerpon|Knock Off|p2a: Alomomola
|-damage|p2a: Alomomola|10/100
|move|p2a: Alomomola|Icy Wind|p1a: Ogerpon
|-supereffective|p1a: Ogerpon
|-damage|p1a: Ogerpon|71/100
|-unboost|p1a: Ogerpon|spe|1
|
|upkeep
|turn|44
|
|t:|1769397052
|move|p1a: Ogerpon|Knock Off|p2a: Alomomola
|-damage|p2a: Alomomola|0 fnt
|faint|p2a: Alomomola
|
|upkeep
|
|t:|1769397054
|switch|p2a: Ogerpon|Ogerpon-Teal-Tera, F, tera:Grass|54/100
|-damage|p2a: Ogerpon|42/100|[from] Stealth Rock
|-ability|p2a: Ogerpon|Embody Aspect (Teal)|boost
|-boost|p2a: Ogerpon|spe|1
|turn|45
|
|t:|1769397061
|switch|p1a: Great Tusk|Great Tusk|61/100
|move|p2a: Ogerpon|U-turn|p1a: Great Tusk
|-resisted|p1a: Great Tusk
|-damage|p1a: Great Tusk|48/100
|
|t:|1769397062
|switch|p2a: Moltres|Moltres|42/100 tox|[from] U-turn
|
|-damage|p2a: Moltres|36/100 tox|[from] psn
|upkeep
|turn|46
|
|t:|1769397069
|move|p1a: Great Tusk|Ice Spinner|p2a: Moltres
|-damage|p2a: Moltres|14/100 tox
|-status|p1a: Great Tusk|brn|[from] ability: Flame Body|[of] p2a: Moltres
|move|p2a: Moltres|Roost|p2a: Moltres
|-heal|p2a: Moltres|65/100 tox
|-singleturn|p2a: Moltres|move: Roost
|
|-damage|p2a: Moltres|52/100 tox|[from] psn
|-damage|p1a: Great Tusk|42/100 brn|[from] brn
|upkeep
|turn|47
|c|☆Diplithe|:(
|c|☆Diplithe|i losse now
|inactive|Diplithe has 120 seconds left.
|
|t:|1769397103
|-end|p1a: Great Tusk|Protosynthesis|[silent]
|switch|p1a: Fezandipiti|Fezandipiti, M|64/100 brn
|move|p2a: Moltres|Roost|p2a: Moltres
|-heal|p2a: Moltres|100/100 tox
|-singleturn|p2a: Moltres|move: Roost
|
|-damage|p2a: Moltres|82/100 tox|[from] psn
|-damage|p1a: Fezandipiti|58/100 brn|[from] brn
|upkeep
|turn|48
|l| HIAFH
|
|t:|1769397110
|move|p1a: Fezandipiti|Beat Up|p2a: Moltres
|-damage|p2a: Moltres|81/100 tox
|-damage|p2a: Moltres|80/100 tox
|-hitcount|p2a: Moltres|2
|move|p2a: Moltres|Flamethrower|p1a: Fezandipiti
|-damage|p1a: Fezandipiti|35/100 brn
|
|-damage|p2a: Moltres|56/100 tox|[from] psn
|-damage|p1a: Fezandipiti|29/100 brn|[from] brn
|upkeep
|turn|49
|
|t:|1769397117
|switch|p2a: Ogerpon|Ogerpon-Teal-Tera, F, tera:Grass|42/100
|-damage|p2a: Ogerpon|30/100|[from] Stealth Rock
|-ability|p2a: Ogerpon|Embody Aspect (Teal)|boost
|-boost|p2a: Ogerpon|spe|1
|move|p1a: Fezandipiti|Play Rough|p2a: Ogerpon|[miss]
|-miss|p1a: Fezandipiti|p2a: Ogerpon
|
|-damage|p1a: Fezandipiti|23/100 brn|[from] brn
|upkeep
|turn|50
|c|☆Diplithe|wow
|
|t:|1769397126
|move|p2a: Ogerpon|Ivy Cudgel|p1a: Fezandipiti
|-resisted|p1a: Fezandipiti
|-damage|p1a: Fezandipiti|0 fnt
|faint|p1a: Fezandipiti
|
|upkeep
|
|t:|1769397129
|switch|p1a: Ogerpon|Ogerpon-Teal-Tera, F, tera:Grass|71/100
|-ability|p1a: Ogerpon|Embody Aspect (Teal)|boost
|-boost|p1a: Ogerpon|spe|1
|turn|51
|
|t:|1769397136
|move|p2a: Ogerpon|Ivy Cudgel|p1a: Ogerpon
|-resisted|p1a: Ogerpon
|-damage|p1a: Ogerpon|5/100
|move|p1a: Ogerpon|U-turn|p2a: Ogerpon
|-supereffective|p2a: Ogerpon
|-damage|p2a: Ogerpon|0 fnt
|faint|p2a: Ogerpon
|detailschange|p2: Ogerpon|Ogerpon, F|[silent]
|
|t:|1769397150
|switch|p1a: Great Tusk|Great Tusk|42/100 brn|[from] U-turn
|
|-damage|p1a: Great Tusk|36/100 brn|[from] brn
|upkeep
|
|t:|1769397152
|switch|p2a: Moltres|Moltres|56/100 tox
|turn|52
|c|☆Diplithe|the gods hate me
|
|t:|1769397159
|move|p1a: Great Tusk|Ice Spinner|p2a: Moltres
|-damage|p2a: Moltres|46/100 tox
|move|p2a: Moltres|Flamethrower|p1a: Great Tusk
|-damage|p1a: Great Tusk|0 fnt
|faint|p1a: Great Tusk
|-end|p1a: Great Tusk|Protosynthesis|[silent]
|
|-damage|p2a: Moltres|40/100 tox|[from] psn
|upkeep
|
|t:|1769397163
|switch|p1a: Ogerpon|Ogerpon-Teal-Tera, F, tera:Grass|5/100
|-ability|p1a: Ogerpon|Embody Aspect (Teal)|boost
|-boost|p1a: Ogerpon|spe|1
|turn|53
|
|t:|1769397165
|move|p1a: Ogerpon|Rock Tomb|p2a: Moltres
|-supereffective|p2a: Moltres
|-damage|p2a: Moltres|0 fnt
|faint|p2a: Moltres
|
|upkeep
|
|t:|1769397168
|switch|p2a: Kingambit|Kingambit, F|10/100
|-damage|p2a: Kingambit|4/100|[from] Stealth Rock
|-activate|p2a: Kingambit|ability: Supreme Overlord
|-start|p2a: Kingambit|fallen5|[silent]
|turn|54
|c|☆Diplithe|gg
|c|☆Diplithe|u win
|
|t:|1769397173
|move|p2a: Kingambit|Sucker Punch|p1a: Ogerpon
|-damage|p1a: Ogerpon|0 fnt
|faint|p1a: Ogerpon
|detailschange|p1: Ogerpon|Ogerpon, F|[silent]
|
|win|trizegard
|raw|Diplithe's rating: 1455 &rarr; <strong>1436</strong><br />(-19 for losing)
|raw|trizegard's rating: 1465 &rarr; <strong>1484</strong><br />(+19 for winning)
|c|☆trizegard|ggs
|c|☆Diplithe|man the rng
|c|☆Diplithe|just cooked me
|c|☆trizegard|fr
|l|☆Diplithe
|player|p1|
|c|☆trizegard|praise be the showdown lords
|l|☆trizegard
|player|p2|
