|j|☆scrappyflamigo
|j|☆bvbg
|t:|1769337272
|gametype|singles
|player|p1|scrappyflamigo|diantha|1490
|player|p2|bvbg|169|1547
|gen|9
|tier|[Gen 9] OU
|rated|
|rule|HP Percentage Mod: HP is shown in percentages
|rule|Endless Battle Clause: Forcing endless battles is banned
|rule|Species Clause: Limit one of each Pokémon
|rule|OHKO Clause: OHKO moves are banned
|rule|Evasion Items Clause: Evasion items are banned
|rule|Evasion Moves Clause: Evasion moves are banned
|rule|Evasion Abilities Clause: Evasion abilities are banned
|rule|Sleep Moves Clause: Sleep-inducing moves are banned
|clearpoke
|poke|p1|Great Tusk|
|poke|p1|Pecharunt|
|poke|p1|Iron Valiant|
|poke|p1|Iron Crown|
|poke|p1|Samurott-Hisui, M|
|poke|p1|Dragonite, M|
|poke|p2|Landorus-Therian, M|
|poke|p2|Enamorus, F|
|poke|p2|Ogerpon-Wellspring, F|
|poke|p2|Scizor, F|
|poke|p2|Okidogi, M|
|poke|p2|Armarouge, M|
|teampreview
|inactive|Battle timer is ON: inactive players will automatically lose when time's up. (requested by bvbg)
|inactive|scrappyflamigo has 120 seconds left.
|inactive|scrappyflamigo has 90 seconds left.
|
|t:|1769337342
|teamsize|p1|6
|teamsize|p2|6
|start
|switch|p1a: Great Tusk|Great Tusk|100/100
|switch|p2a: Landorus|Landorus-Therian, M|100/100
|-ability|p2a: Landorus|Intimidate|boost
|-unboost|p1a: Great Tusk|atk|1
|turn|1
|
|t:|1769337349
|move|p2a: Landorus|U-turn|p1a: Great Tusk
|-resisted|p1a: Great Tusk
|-damage|p1a: Great Tusk|91/100
|
|t:|1769337351
|switch|p2a: Ogerpon|Ogerpon-Wellspring, F|100/100|[from] U-turn
|move|p1a: Great Tusk|Stealth Rock|p2a: Ogerpon
|-sidestart|p2: bvbg|move: Stealth Rock
|
|upkeep
|turn|2
|
|t:|1769337365
|-end|p1a: Great Tusk|Protosynthesis|[silent]
|switch|p1a: Pecharunt|Pecharunt|100/100
|move|p2a: Ogerpon|Swords Dance|p2a: Ogerpon
|-boost|p2a: Ogerpon|atk|2
|
|upkeep
|turn|3
|
|t:|1769337375
|move|p2a: Ogerpon|Ivy Cudgel|p1a: Pecharunt|[anim] Ivy Cudgel Water
|-damage|p1a: Pecharunt|45/100
|move|p1a: Pecharunt|Malignant Chain|p2a: Ogerpon
|-supereffective|p2a: Ogerpon
|-damage|p2a: Ogerpon|32/100
|-status|p2a: Ogerpon|tox
|-start|p2a: Ogerpon|confusion|[from] ability: Poison Puppeteer|[of] p1a: Pecharunt
|
|-damage|p2a: Ogerpon|26/100 tox|[from] psn
|upkeep
|turn|4
|inactive|scrappyflamigo has 120 seconds left.
|
|t:|1769337418
|switch|p1a: Dragonite|Dragonite, M|100/100
|-activate|p2a: Ogerpon|confusion
|move|p2a: Ogerpon|Ivy Cudgel|p1a: Dragonite|[anim] Ivy Cudgel Water
|-resisted|p1a: Dragonite
|-damage|p1a: Dragonite|66/100
|
|-damage|p2a: Ogerpon|14/100 tox|[from] psn
|upkeep
|turn|5
|
|t:|1769337435
|switch|p2a: Scizor|Scizor, F|100/100
|-damage|p2a: Scizor|88/100|[from] Stealth Rock
|switch|p1a: Samurott|Samurott-Hisui, M, shiny|100/100
|
|upkeep
|turn|6
|
|t:|1769337446
|switch|p1a: Great Tusk|Great Tusk|91/100
|move|p2a: Scizor|Defog|p1a: Great Tusk
|-unboost|p1a: Great Tusk|evasion|1
|-sideend|p2: bvbg|Stealth Rock|[from] move: Defog|[of] p2a: Scizor
|
|upkeep
|turn|7
|
|t:|1769337459
|switch|p2a: Enamorus|Enamorus, F|100/100
|move|p1a: Great Tusk|Rapid Spin|p2a: Enamorus
|-damage|p2a: Enamorus|71/100
|-boost|p1a: Great Tusk|spe|1
|
|upkeep
|turn|8
|
|t:|1769337470
|-end|p1a: Great Tusk|Protosynthesis|[silent]
|switch|p1a: Iron Crown|Iron Crown|100/100
|move|p2a: Enamorus|Earth Power|p1a: Iron Crown
|-supereffective|p1a: Iron Crown
|-damage|p1a: Iron Crown|56/100
|
|upkeep
|turn|9
|
|t:|1769337484
|switch|p2a: Scizor|Scizor, F|88/100
|move|p1a: Iron Crown|Tachyon Cutter|p2a: Scizor
|-resisted|p2a: Scizor
|-damage|p2a: Scizor|74/100
|-resisted|p2a: Scizor
|-damage|p2a: Scizor|60/100
|-hitcount|p2a: Scizor|2
|
|upkeep
|turn|10
|
|t:|1769337493
|move|p1a: Iron Crown|Psychic Noise|p2a: Scizor
|-resisted|p2a: Scizor
|-damage|p2a: Scizor|38/100
|-start|p2a: Scizor|move: Heal Block
|move|p2a: Scizor|U-turn|p1a: Iron Crown
|-crit|p1a: Iron Crown
|-damage|p1a: Iron Crown|0 fnt
|faint|p1a: Iron Crown
|-end|p1a: Iron Crown|Quark Drive|[silent]
|
|t:|1769337502
|switch|p2a: Enamorus|Enamorus, F|71/100|[from] U-turn
|
|upkeep
|inactive|scrappyflamigo has 90 seconds left.
|
|t:|1769337554
|switch|p1a: Dragonite|Dragonite, M|66/100
|turn|11
|
|t:|1769337557
|-terastallize|p1a: Dragonite|Flying
|move|p2a: Enamorus|Moonblast|p1a: Dragonite
|-damage|p1a: Dragonite|4/100
|move|p1a: Dragonite|Tera Blast|p2a: Enamorus|[anim] Tera Blast Flying
|-damage|p2a: Enamorus|0 fnt
|faint|p2a: Enamorus
|
|upkeep
|
|t:|1769337569
|switch|p2a: Landorus|Landorus-Therian, M|100/100
|-ability|p2a: Landorus|Intimidate|boost
|-unboost|p1a: Dragonite|atk|1
|turn|12
|inactive|scrappyflamigo has 90 seconds left.
|
|t:|1769337576
|switch|p1a: Great Tusk|Great Tusk|91/100
|move|p2a: Landorus|U-turn|p1a: Great Tusk
|-resisted|p1a: Great Tusk
|-damage|p1a: Great Tusk|81/100
|
|t:|1769337584
|switch|p2a: Ogerpon|Ogerpon-Wellspring, F|14/100 tox|[from] U-turn
|
|-damage|p2a: Ogerpon|8/100 tox|[from] psn
|upkeep
|turn|13
|inactive|scrappyflamigo has 90 seconds left.
|
|t:|1769337612
|-end|p1a: Great Tusk|Protosynthesis|[silent]
|switch|p1a: Dragonite|Dragonite, M, tera:Flying|4/100
|move|p2a: Ogerpon|Ivy Cudgel|p1a: Dragonite|[anim] Ivy Cudgel Water
|-damage|p1a: Dragonite|0 fnt
|faint|p1a: Dragonite
|
|-damage|p2a: Ogerpon|0 fnt|[from] psn
|faint|p2a: Ogerpon
|upkeep
|inactive|scrappyflamigo has 60 seconds left.
|
|t:|1769337665
|switch|p2a: Landorus|Landorus-Therian, M|100/100
|switch|p1a: Iron Valiant|Iron Valiant, shiny|100/100
|-ability|p2a: Landorus|Intimidate|boost
|-unboost|p1a: Iron Valiant|atk|1
|turn|14
|
|t:|1769337680
|switch|p2a: Okidogi|Okidogi, M|100/100
|move|p1a: Iron Valiant|Moonblast|p2a: Okidogi
|-damage|p2a: Okidogi|55/100
|
|upkeep
|turn|15
|
|t:|1769337690
|-end|p1a: Iron Valiant|Quark Drive|[silent]
|switch|p1a: Great Tusk|Great Tusk|81/100
|move|p2a: Okidogi|Psychic Fangs|p1a: Great Tusk
|-supereffective|p1a: Great Tusk
|-damage|p1a: Great Tusk|37/100
|
|upkeep
|turn|16
|
|t:|1769337701
|switch|p2a: Landorus|Landorus-Therian, M|100/100
|-ability|p2a: Landorus|Intimidate|boost
|-unboost|p1a: Great Tusk|atk|1
|move|p1a: Great Tusk|Headlong Rush|p2a: Landorus
|-immune|p2a: Landorus
|
|upkeep
|turn|17
|
|t:|1769337706
|move|p2a: Landorus|Earthquake|p1a: Great Tusk
|-damage|p1a: Great Tusk|0 fnt
|faint|p1a: Great Tusk
|-end|p1a: Great Tusk|Protosynthesis|[silent]
|
|upkeep
|
|t:|1769337713
|switch|p1a: Samurott|Samurott-Hisui, M, shiny|100/100
|turn|18
|
|t:|1769337724
|move|p2a: Landorus|U-turn|p1a: Samurott
|-supereffective|p1a: Samurott
|-damage|p1a: Samurott|36/100
|
|t:|1769337728
|switch|p2a: Scizor|Scizor, F|38/100|[from] U-turn
|-enditem|p2a: Scizor|Sitrus Berry|[eat]
|-heal|p2a: Scizor|63/100|[from] item: Sitrus Berry
|move|p1a: Samurott|Ceaseless Edge|p2a: Scizor|[miss]
|-miss|p1a: Samurott|p2a: Scizor
|
|upkeep
|turn|19
|inactive|scrappyflamigo has 60 seconds left.
|
|t:|1769337736
|move|p1a: Samurott|Ceaseless Edge|p2a: Scizor
|-damage|p2a: Scizor|6/100
|-sidestart|p2: bvbg|Spikes
|move|p2a: Scizor|U-turn|p1a: Samurott
|-supereffective|p1a: Samurott
|-damage|p1a: Samurott|0 fnt
|faint|p1a: Samurott
|
|t:|1769337745
|switch|p2a: Okidogi|Okidogi, M|55/100|[from] U-turn
|-damage|p2a: Okidogi|42/100|[from] Spikes
|
|upkeep
|
|t:|1769337754
|switch|p1a: Pecharunt|Pecharunt|45/100
|turn|20
|
|t:|1769337758
|move|p1a: Pecharunt|Recover|p1a: Pecharunt
|-heal|p1a: Pecharunt|95/100
|move|p2a: Okidogi|Knock Off|p1a: Pecharunt
|-supereffective|p1a: Pecharunt
|-damage|p1a: Pecharunt|57/100
|-damage|p2a: Okidogi|26/100|[from] item: Rocky Helmet|[of] p1a: Pecharunt
|-enditem|p1a: Pecharunt|Rocky Helmet|[from] move: Knock Off|[of] p2a: Okidogi
|
|upkeep
|turn|21
|
|t:|1769337764
|move|p1a: Pecharunt|Recover|p1a: Pecharunt
|-heal|p1a: Pecharunt|100/100
|move|p2a: Okidogi|Psychic Fangs|p1a: Pecharunt
|-supereffective|p1a: Pecharunt
|-crit|p1a: Pecharunt
|-damage|p1a: Pecharunt|57/100
|
|upkeep
|turn|22
|
|t:|1769337770
|switch|p2a: Landorus|Landorus-Therian, M|100/100
|-ability|p2a: Landorus|Intimidate|boost
|-unboost|p1a: Pecharunt|atk|1
|move|p1a: Pecharunt|Recover|p1a: Pecharunt
|-heal|p1a: Pecharunt|100/100
|
|upkeep
|turn|23
|inactive|scrappyflamigo has 90 seconds left.
|
|t:|1769337794
|move|p2a: Landorus|Earthquake|p1a: Pecharunt
|-supereffective|p1a: Pecharunt
|-damage|p1a: Pecharunt|49/100
|move|p1a: Pecharunt|Malignant Chain|p2a: Landorus
|-resisted|p2a: Landorus
|-damage|p2a: Landorus|79/100
|-status|p2a: Landorus|tox
|-start|p2a: Landorus|confusion|[from] ability: Poison Puppeteer|[of] p1a: Pecharunt
|
|-damage|p2a: Landorus|73/100 tox|[from] psn
|upkeep
|turn|24
|
|t:|1769337821
|-activate|p2a: Landorus|confusion
|-damage|p2a: Landorus|55/100 tox|[from] confusion
|move|p1a: Pecharunt|Recover|p1a: Pecharunt
|-heal|p1a: Pecharunt|99/100
|
|-damage|p2a: Landorus|43/100 tox|[from] psn
|upkeep
|turn|25
|
|t:|1769337829
|switch|p2a: Scizor|Scizor, F|6/100
|-damage|p2a: Scizor|0 fnt|[from] Spikes
|faint|p2a: Scizor
|move|p1a: Pecharunt|Recover|p1a: Pecharunt
|-heal|p1a: Pecharunt|100/100
|
|upkeep
|
|t:|1769337832
|switch|p2a: Landorus|Landorus-Therian, M|43/100 tox
|-ability|p2a: Landorus|Intimidate|boost
|-unboost|p1a: Pecharunt|atk|1
|turn|26
|
|t:|1769337837
|move|p2a: Landorus|Earthquake|p1a: Pecharunt
|-supereffective|p1a: Pecharunt
|-damage|p1a: Pecharunt|48/100
|move|p1a: Pecharunt|Recover|p1a: Pecharunt
|-heal|p1a: Pecharunt|98/100
|
|-damage|p2a: Landorus|37/100 tox|[from] psn
|upkeep
|turn|27
|
|t:|1769337846
|move|p2a: Landorus|Earthquake|p1a: Pecharunt
|-supereffective|p1a: Pecharunt
|-damage|p1a: Pecharunt|48/100
|move|p1a: Pecharunt|Recover|p1a: Pecharunt
|-heal|p1a: Pecharunt|98/100
|
|-damage|p2a: Landorus|26/100 tox|[from] psn
|upkeep
|turn|28
|
|t:|1769337853
|move|p2a: Landorus|Earthquake|p1a: Pecharunt
|-supereffective|p1a: Pecharunt
|-crit|p1a: Pecharunt
|-damage|p1a: Pecharunt|17/100
|move|p1a: Pecharunt|Recover|p1a: Pecharunt
|-heal|p1a: Pecharunt|67/100
|
|-damage|p2a: Landorus|8/100 tox|[from] psn
|upkeep
|turn|29
|
|t:|1769337858
|move|p2a: Landorus|Earthquake|p1a: Pecharunt
|-supereffective|p1a: Pecharunt
|-damage|p1a: Pecharunt|14/100
|move|p1a: Pecharunt|Parting Shot|p2a: Landorus
|-unboost|p2a: Landorus|atk|1
|-unboost|p2a: Landorus|spa|1
|
|t:|1769337864
|switch|p1a: Iron Valiant|Iron Valiant, shiny|100/100|[from] Parting Shot
|
|-damage|p2a: Landorus|0 fnt|[from] psn
|faint|p2a: Landorus
|upkeep
|
|t:|1769337868
|switch|p2a: Armarouge|Armarouge, M|100/100
|-damage|p2a: Armarouge|88/100|[from] Spikes
|turn|30
|
|t:|1769337872
|move|p1a: Iron Valiant|Shadow Ball|p2a: Armarouge
|-supereffective|p2a: Armarouge
|-damage|p2a: Armarouge|0 fnt
|faint|p2a: Armarouge
|
|upkeep
|
|t:|1769337876
|switch|p2a: Okidogi|Okidogi, M|26/100
|-damage|p2a: Okidogi|13/100|[from] Spikes
|turn|31
|
|t:|1769337878
|move|p1a: Iron Valiant|Shadow Ball|p2a: Okidogi
|-damage|p2a: Okidogi|0 fnt
|faint|p2a: Okidogi
|
|win|scrappyflamigo
|raw|scrappyflamigo's rating: 1490 &rarr; <strong>1513</strong><br />(+23 for winning)
|raw|bvbg's rating: 1547 &rarr; <strong>1524</strong><br />(-23 for losing)
|c|☆scrappyflamigo|ggwp
