|j|☆akatpedia
|j|☆polgo
|t:|1769427740
|gametype|singles
|player|p1|akatpedia|waitress-gen4|1102
|player|p2|polgo|swimmer-gen4|1137
|gen|9
|tier|[Gen 9] OU
|rated|
|rule|HP Percentage Mod: HP is shown in percentages
|rule|Endless Battle Clause: Forcing endless battles is banned
|rule|Species Clause: Limit one of each Pokémon
|rule|OHKO Clause: OHKO moves are banned
|rule|Evasion Items Clause: Evasion items are banned
|rule|Evasion Moves Clause: Evasion moves are banned
|rule|Evasion Abilities Clause: Evasion abilities are banned
|rule|Sleep Moves Clause: Sleep-inducing moves are banned
|clearpoke
|poke|p1|Gardevoir, F|
|poke|p1|Toxapex, F|
|poke|p1|Tinkaton, F|
|poke|p1|Heatran, F|
|poke|p1|Clodsire, M|
|poke|p1|Haxorus, F|
|poke|p2|Iron Hands|
|poke|p2|Bastiodon, M|
|poke|p2|Altaria, M|
|poke|p2|Slowking, F|
|poke|p2|Spiritomb, M|
|poke|p2|Camerupt, F|
|teampreview
|
|t:|1769427751
|teamsize|p1|6
|teamsize|p2|6
|start
|switch|p1a: Tocha Acesa|Toxapex, F, shiny|100/100
|switch|p2a: Camerupt|Camerupt, F|100/100
|turn|1
|
|t:|1769427758
|move|p1a: Tocha Acesa|Toxic|p2a: Camerupt
|-status|p2a: Camerupt|tox
|move|p2a: Camerupt|Earth Power|p1a: Tocha Acesa
|-supereffective|p1a: Tocha Acesa
|-damage|p1a: Tocha Acesa|31/100
|
|-heal|p1a: Tocha Acesa|38/100|[from] item: Black Sludge
|-damage|p2a: Camerupt|94/100 tox|[from] psn
|upkeep
|turn|2
|
|t:|1769427766
|switch|p2a: Bastiodon|Bastiodon, M, shiny|100/100
|move|p1a: Tocha Acesa|Baneful Bunker||[still]
|-fail|p1a: Tocha Acesa
|
|-heal|p1a: Tocha Acesa|44/100|[from] item: Black Sludge
|upkeep
|turn|3
|
|t:|1769427776
|switch|p1a: heat over|Heatran, F, shiny|100/100
|move|p2a: Bastiodon|Stealth Rock|p1a: heat over
|-sidestart|p1: akatpedia|move: Stealth Rock
|
|upkeep
|turn|4
|
|t:|1769427784
|move|p1a: heat over|Stealth Rock|p2a: Bastiodon
|-sidestart|p2: polgo|move: Stealth Rock
|move|p2a: Bastiodon|Body Press|p1a: heat over
|-supereffective|p1a: heat over
|-damage|p1a: heat over|46/100
|
|-heal|p1a: heat over|52/100|[from] item: Leftovers
|upkeep
|turn|5
|
|t:|1769427794
|move|p1a: heat over|Flamethrower|p2a: Bastiodon
|-damage|p2a: Bastiodon|72/100
|-enditem|p2a: Bastiodon|Red Card|[of] p1a: heat over
|drag|p1a: Tocha Acesa|Toxapex, F, shiny|77/100
|-damage|p1a: Tocha Acesa|65/100|[from] Stealth Rock
|move|p2a: Bastiodon|Body Press|p1a: Tocha Acesa
|-resisted|p1a: Tocha Acesa
|-damage|p1a: Tocha Acesa|55/100
|
|-heal|p1a: Tocha Acesa|61/100|[from] item: Black Sludge
|upkeep
|turn|6
|
|t:|1769427806
|move|p1a: Tocha Acesa|Recover|p1a: Tocha Acesa
|-heal|p1a: Tocha Acesa|100/100
|move|p2a: Bastiodon|Roar|p1a: Tocha Acesa
|drag|p1a: tankavel|Tinkaton, F|100/100
|-damage|p1a: tankavel|94/100|[from] Stealth Rock
|-ability|p1a: tankavel|Mold Breaker
|
|-heal|p1a: tankavel|100/100|[from] item: Leftovers
|upkeep
|turn|7
|
|t:|1769427817
|move|p1a: tankavel|Fake Out|p2a: Bastiodon
|-resisted|p2a: Bastiodon
|-damage|p2a: Bastiodon|71/100
|cant|p2a: Bastiodon|flinch
|
|upkeep
|turn|8
|
|t:|1769427826
|switch|p1a: Haxorus|Haxorus, F, shiny|100/100
|-damage|p1a: Haxorus|88/100|[from] Stealth Rock
|-ability|p1a: Haxorus|Mold Breaker
|move|p2a: Bastiodon|Roar|p1a: Haxorus
|drag|p1a: tankavel|Tinkaton, F|100/100
|-damage|p1a: tankavel|94/100|[from] Stealth Rock
|-ability|p1a: tankavel|Mold Breaker
|
|-heal|p1a: tankavel|100/100|[from] item: Leftovers
|upkeep
|turn|9
|
|t:|1769427837
|move|p1a: tankavel|Fake Out|p2a: Bastiodon
|-resisted|p2a: Bastiodon
|-damage|p2a: Bastiodon|69/100
|cant|p2a: Bastiodon|flinch
|
|upkeep
|turn|10
|
|t:|1769427848
|switch|p1a: Clodsire|Clodsire, M, shiny|100/100
|-damage|p1a: Clodsire|94/100|[from] Stealth Rock
|move|p2a: Bastiodon|Roar|p1a: Clodsire
|drag|p1a: garden trick|Gardevoir, F, shiny|100/100
|-damage|p1a: garden trick|88/100|[from] Stealth Rock
|-ability|p1a: garden trick|Sturdy|Trace|[from] ability: Trace|[of] p2a: Bastiodon
|
|upkeep
|turn|11
|
|t:|1769427870
|switch|p1a: Tocha Acesa|Toxapex, F, shiny|100/100
|-damage|p1a: Tocha Acesa|88/100|[from] Stealth Rock
|move|p2a: Bastiodon|Roar|p1a: Tocha Acesa
|drag|p1a: Clodsire|Clodsire, M, shiny|94/100
|-damage|p1a: Clodsire|88/100|[from] Stealth Rock
|
|-heal|p1a: Clodsire|94/100|[from] item: Leftovers
|upkeep
|turn|12
|
|t:|1769427879
|move|p1a: Clodsire|Earthquake|p2a: Bastiodon
|-supereffective|p2a: Bastiodon
|-damage|p2a: Bastiodon|3/100
|move|p2a: Bastiodon|Metal Burst|p1a: Clodsire
|-damage|p1a: Clodsire|24/100
|
|-heal|p1a: Clodsire|31/100|[from] item: Leftovers
|upkeep
|turn|13
|
|t:|1769427887
|move|p1a: Clodsire|Toxic|p2a: Bastiodon
|-immune|p2a: Bastiodon
|move|p2a: Bastiodon|Roar|p1a: Clodsire
|drag|p1a: Tocha Acesa|Toxapex, F, shiny|100/100
|-damage|p1a: Tocha Acesa|88/100|[from] Stealth Rock
|
|-heal|p1a: Tocha Acesa|94/100|[from] item: Black Sludge
|upkeep
|turn|14
|
|t:|1769427899
|switch|p1a: garden trick|Gardevoir, F, shiny|88/100
|-damage|p1a: garden trick|76/100|[from] Stealth Rock
|-ability|p1a: garden trick|Sturdy|Trace|[from] ability: Trace|[of] p2a: Bastiodon
|move|p2a: Bastiodon|Roar|p1a: garden trick
|drag|p1a: heat over|Heatran, F, shiny|52/100
|-damage|p1a: heat over|39/100|[from] Stealth Rock
|
|-heal|p1a: heat over|46/100|[from] item: Leftovers
|upkeep
|turn|15
|
|t:|1769427911
|move|p1a: heat over|Protect|p1a: heat over
|-singleturn|p1a: heat over|Protect
|move|p2a: Bastiodon|Body Press|p1a: heat over
|-activate|p1a: heat over|move: Protect
|
|-heal|p1a: heat over|52/100|[from] item: Leftovers
|upkeep
|turn|16
|
|t:|1769427922
|switch|p1a: Tocha Acesa|Toxapex, F, shiny|100/100
|-damage|p1a: Tocha Acesa|88/100|[from] Stealth Rock
|move|p2a: Bastiodon|Body Press|p1a: Tocha Acesa
|-resisted|p1a: Tocha Acesa
|-crit|p1a: Tocha Acesa
|-damage|p1a: Tocha Acesa|74/100
|
|-heal|p1a: Tocha Acesa|80/100|[from] item: Black Sludge
|upkeep
|turn|17
|
|t:|1769427934
|move|p1a: Tocha Acesa|Baneful Bunker|p1a: Tocha Acesa
|-singleturn|p1a: Tocha Acesa|move: Protect
|move|p2a: Bastiodon|Roar|p1a: Tocha Acesa
|drag|p1a: Haxorus|Haxorus, F, shiny|88/100
|-damage|p1a: Haxorus|76/100|[from] Stealth Rock
|-ability|p1a: Haxorus|Mold Breaker
|
|upkeep
|turn|18
|
|t:|1769427947
|move|p1a: Haxorus|Earthquake|p2a: Bastiodon
|-supereffective|p2a: Bastiodon
|-damage|p2a: Bastiodon|0 fnt
|faint|p2a: Bastiodon
|-damage|p1a: Haxorus|66/100|[from] item: Life Orb
|
|upkeep
|
|t:|1769427955
|switch|p2a: Iron Hands|Iron Hands, shiny|100/100
|-damage|p2a: Iron Hands|94/100|[from] Stealth Rock
|turn|19
|
|t:|1769427965
|move|p2a: Iron Hands|Fake Out|p1a: Haxorus
|-damage|p1a: Haxorus|49/100
|cant|p1a: Haxorus|flinch
|
|upkeep
|turn|20
|
|t:|1769427970
|move|p1a: Haxorus|Earthquake|p2a: Iron Hands
|-supereffective|p2a: Iron Hands
|-damage|p2a: Iron Hands|34/100
|-damage|p1a: Haxorus|40/100|[from] item: Life Orb
|move|p2a: Iron Hands|Drain Punch|p1a: Haxorus
|-damage|p1a: Haxorus|0 fnt
|-heal|p2a: Iron Hands|46/100|[from] drain|[of] p1a: Haxorus
|faint|p1a: Haxorus
|
|upkeep
|
|t:|1769427982
|switch|p1a: Tocha Acesa|Toxapex, F, shiny|100/100
|-damage|p1a: Tocha Acesa|88/100|[from] Stealth Rock
|turn|21
|
|t:|1769427993
|-end|p2a: Iron Hands|Quark Drive|[silent]
|switch|p2a: Altaria|Altaria, M, shiny|100/100
|move|p1a: Tocha Acesa|Toxic|p2a: Altaria
|-status|p2a: Altaria|tox
|
|-heal|p1a: Tocha Acesa|94/100|[from] item: Black Sludge
|-damage|p2a: Altaria|94/100 tox|[from] psn
|upkeep
|turn|22
|
|t:|1769428001
|move|p1a: Tocha Acesa|Baneful Bunker|p1a: Tocha Acesa
|-singleturn|p1a: Tocha Acesa|move: Protect
|move|p2a: Altaria|Perish Song|p2a: Altaria
|-start|p1a: Tocha Acesa|perish3|[silent]
|-start|p2a: Altaria|perish3|[silent]
|-fieldactivate|move: Perish Song
|
|-heal|p1a: Tocha Acesa|100/100|[from] item: Black Sludge
|-damage|p2a: Altaria|82/100 tox|[from] psn
|-start|p2a: Altaria|perish3
|-start|p1a: Tocha Acesa|perish3
|upkeep
|turn|23
|
|t:|1769428014
|switch|p1a: garden trick|Gardevoir, F, shiny|76/100
|-damage|p1a: garden trick|63/100|[from] Stealth Rock
|-ability|p1a: garden trick|Natural Cure|Trace|[from] ability: Trace|[of] p2a: Altaria
|move|p2a: Altaria|Fire Spin|p1a: garden trick|[miss]
|-miss|p2a: Altaria|p1a: garden trick
|
|-damage|p2a: Altaria|63/100 tox|[from] psn
|-start|p2a: Altaria|perish2
|upkeep
|turn|24
|
|t:|1769428026
|-curestatus|p2a: Altaria|tox|[from] ability: Natural Cure
|switch|p2a: Slowking|Slowking, F, shiny|100/100
|-damage|p2a: Slowking|88/100|[from] Stealth Rock
|move|p1a: garden trick|Thunderbolt|p2a: Slowking
|-supereffective|p2a: Slowking
|-damage|p2a: Slowking|55/100
|
|upkeep
|turn|25
|
|t:|1769428038
|switch|p1a: Clodsire|Clodsire, M, shiny|31/100
|-damage|p1a: Clodsire|24/100|[from] Stealth Rock
|move|p2a: Slowking|Scald|p1a: Clodsire
|-heal|p1a: Clodsire|49/100|[from] ability: Water Absorb|[of] p2a: Slowking
|
|-heal|p1a: Clodsire|56/100|[from] item: Leftovers
|upkeep
|turn|26
|
|t:|1769428048
|move|p1a: Clodsire|Toxic|p2a: Slowking
|-status|p2a: Slowking|tox
|move|p2a: Slowking|Future Sight|p1a: Clodsire
|-start|p2a: Slowking|move: Future Sight
|
|-heal|p1a: Clodsire|62/100|[from] item: Leftovers
|-damage|p2a: Slowking|49/100 tox|[from] psn
|upkeep
|turn|27
|
|t:|1769428055
|move|p1a: Clodsire|Recover|p1a: Clodsire
|-heal|p1a: Clodsire|100/100
|move|p2a: Slowking|Trick Room|p2a: Slowking
|-fieldstart|move: Trick Room|[of] p2a: Slowking
|
|-damage|p2a: Slowking|37/100 tox|[from] psn
|upkeep
|turn|28
|
|t:|1769428061
|-prepare|p2a: Slowking|Chilly Reception|[premajor]
|move|p2a: Slowking|Chilly Reception|p2a: Slowking
|-weather|Snowscape
|
|t:|1769428066
|switch|p2a: Camerupt|Camerupt, F|94/100 tox|[from] Chilly Reception
|-damage|p2a: Camerupt|82/100 tox|[from] Stealth Rock
|move|p1a: Clodsire|Earthquake|p2a: Camerupt
|-supereffective|p2a: Camerupt
|-crit|p2a: Camerupt
|-damage|p2a: Camerupt|15/100 tox
|
|-weather|Snowscape|[upkeep]
|-end|p1a: Clodsire|move: Future Sight
|-supereffective|p1a: Clodsire
|-damage|p1a: Clodsire|55/100
|-heal|p1a: Clodsire|61/100|[from] item: Leftovers
|-damage|p2a: Camerupt|9/100 tox|[from] psn
|upkeep
|turn|29
|
|t:|1769428080
|switch|p1a: Tocha Acesa|Toxapex, F, shiny|100/100
|-damage|p1a: Tocha Acesa|88/100|[from] Stealth Rock
|move|p2a: Camerupt|Earth Power|p1a: Tocha Acesa
|-supereffective|p1a: Tocha Acesa
|-damage|p1a: Tocha Acesa|20/100
|
|-weather|Snowscape|[upkeep]
|-heal|p1a: Tocha Acesa|26/100|[from] item: Black Sludge
|-damage|p2a: Camerupt|0 fnt|[from] psn
|faint|p2a: Camerupt
|upkeep
|
|t:|1769428091
|switch|p2a: Spiritomb|Spiritomb, M, shiny|100/100
|-damage|p2a: Spiritomb|88/100|[from] Stealth Rock
|turn|30
|
|t:|1769428096
|move|p1a: Tocha Acesa|Baneful Bunker|p1a: Tocha Acesa
|-singleturn|p1a: Tocha Acesa|move: Protect
|move|p2a: Spiritomb|Poltergeist|p1a: Tocha Acesa
|-activate|p1a: Tocha Acesa|move: Protect
|
|-weather|Snowscape|[upkeep]
|-heal|p1a: Tocha Acesa|33/100|[from] item: Black Sludge
|upkeep
|turn|31
|
|t:|1769428116
|switch|p1a: garden trick|Gardevoir, F, shiny|63/100
|-damage|p1a: garden trick|51/100|[from] Stealth Rock
|-ability|p1a: garden trick|Infiltrator|Trace|[from] ability: Trace|[of] p2a: Spiritomb
|move|p2a: Spiritomb|Will-O-Wisp|p1a: garden trick
|-status|p1a: garden trick|brn
|
|-weather|Snowscape|[upkeep]
|-damage|p1a: garden trick|45/100 brn|[from] brn
|-fieldend|move: Trick Room
|upkeep
|turn|32
|
|t:|1769428131
|-terastallize|p1a: garden trick|Fairy
|move|p1a: garden trick|Moonblast|p2a: Spiritomb
|-supereffective|p2a: Spiritomb
|-damage|p2a: Spiritomb|0 fnt
|faint|p2a: Spiritomb
|
|-weather|none
|-damage|p1a: garden trick|39/100 brn|[from] brn
|upkeep
|
|t:|1769428137
|switch|p2a: Iron Hands|Iron Hands, shiny|46/100
|-damage|p2a: Iron Hands|39/100|[from] Stealth Rock
|turn|33
|
|t:|1769428148
|switch|p1a: heat over|Heatran, F, shiny|52/100
|-damage|p1a: heat over|39/100|[from] Stealth Rock
|move|p2a: Iron Hands|Fake Out|p1a: heat over
|-resisted|p1a: heat over
|-crit|p1a: heat over
|-damage|p1a: heat over|31/100
|
|-heal|p1a: heat over|37/100|[from] item: Leftovers
|upkeep
|turn|34
|
|t:|1769428159
|move|p1a: heat over|Protect|p1a: heat over
|-singleturn|p1a: heat over|Protect
|move|p2a: Iron Hands|Drain Punch|p1a: heat over
|-activate|p1a: heat over|move: Protect
|
|-heal|p1a: heat over|44/100|[from] item: Leftovers
|upkeep
|turn|35
|
|t:|1769428166
|move|p1a: heat over|Flamethrower|p2a: Iron Hands
|-damage|p2a: Iron Hands|19/100
|move|p2a: Iron Hands|Drain Punch|p1a: heat over
|-supereffective|p1a: heat over
|-damage|p1a: heat over|0 fnt
|-heal|p2a: Iron Hands|35/100|[from] drain|[of] p1a: heat over
|faint|p1a: heat over
|
|upkeep
|
|t:|1769428175
|switch|p1a: Clodsire|Clodsire, M, shiny|61/100
|-damage|p1a: Clodsire|55/100|[from] Stealth Rock
|turn|36
|
|t:|1769428184
|move|p2a: Iron Hands|Ice Punch|p1a: Clodsire
|-supereffective|p1a: Clodsire
|-damage|p1a: Clodsire|0 fnt
|faint|p1a: Clodsire
|
|upkeep
|
|t:|1769428194
|switch|p1a: garden trick|Gardevoir, F, shiny, tera:Fairy|39/100 brn
|-damage|p1a: garden trick|26/100 brn|[from] Stealth Rock
|turn|37
|
|t:|1769428199
|-end|p2a: Iron Hands|Quark Drive|[silent]
|switch|p2a: Slowking|Slowking, F, shiny|70/100 tox
|-ability|p1a: garden trick|Regenerator|Trace|[from] ability: Trace|[of] p2a: Slowking
|-damage|p2a: Slowking|58/100 tox|[from] Stealth Rock
|move|p1a: garden trick|Psychic|p2a: Slowking
|-resisted|p2a: Slowking
|-damage|p2a: Slowking|46/100 tox
|
|-damage|p2a: Slowking|40/100 tox|[from] psn
|-damage|p1a: garden trick|20/100 brn|[from] brn
|upkeep
|turn|38
|
|t:|1769428211
|switch|p1a: Tocha Acesa|Toxapex, F, shiny|66/100
|-damage|p1a: Tocha Acesa|53/100|[from] Stealth Rock
|-prepare|p2a: Slowking|Chilly Reception|[premajor]
|move|p2a: Slowking|Chilly Reception|p2a: Slowking
|-weather|Snowscape
|
|t:|1769428215
|switch|p2a: Iron Hands|Iron Hands, shiny|35/100|[from] Chilly Reception
|-damage|p2a: Iron Hands|29/100|[from] Stealth Rock
|
|-weather|Snowscape|[upkeep]
|-heal|p1a: Tocha Acesa|60/100|[from] item: Black Sludge
|upkeep
|turn|39
|
|t:|1769428224
|move|p1a: Tocha Acesa|Baneful Bunker|p1a: Tocha Acesa
|-singleturn|p1a: Tocha Acesa|move: Protect
|move|p2a: Iron Hands|Fake Out|p1a: Tocha Acesa
|-activate|p1a: Tocha Acesa|move: Protect
|-status|p2a: Iron Hands|psn
|
|-weather|Snowscape|[upkeep]
|-heal|p1a: Tocha Acesa|66/100|[from] item: Black Sludge
|-damage|p2a: Iron Hands|17/100 psn|[from] psn
|upkeep
|turn|40
|
|t:|1769428234
|move|p1a: Tocha Acesa|Recover|p1a: Tocha Acesa
|-heal|p1a: Tocha Acesa|100/100
|move|p2a: Iron Hands|Supercell Slam|p1a: Tocha Acesa
|-supereffective|p1a: Tocha Acesa
|-damage|p1a: Tocha Acesa|43/100
|
|-weather|Snowscape|[upkeep]
|-heal|p1a: Tocha Acesa|50/100|[from] item: Black Sludge
|-damage|p2a: Iron Hands|4/100 psn|[from] psn
|upkeep
|turn|41
|
|t:|1769428244
|-end|p2a: Iron Hands|Quark Drive|[silent]
|switch|p2a: Slowking|Slowking, F, shiny|73/100 tox
|-damage|p2a: Slowking|60/100 tox|[from] Stealth Rock
|move|p1a: Tocha Acesa|Baneful Bunker||[still]
|-fail|p1a: Tocha Acesa
|
|-weather|Snowscape|[upkeep]
|-heal|p1a: Tocha Acesa|56/100|[from] item: Black Sludge
|-damage|p2a: Slowking|54/100 tox|[from] psn
|upkeep
|turn|42
|
|t:|1769428253
|move|p1a: Tocha Acesa|Recover|p1a: Tocha Acesa
|-heal|p1a: Tocha Acesa|100/100
|move|p2a: Slowking|Future Sight|p1a: Tocha Acesa
|-start|p2a: Slowking|move: Future Sight
|
|-weather|none
|-damage|p2a: Slowking|42/100 tox|[from] psn
|upkeep
|turn|43
|
|t:|1769428260
|move|p1a: Tocha Acesa|Baneful Bunker|p1a: Tocha Acesa
|-singleturn|p1a: Tocha Acesa|move: Protect
|-prepare|p2a: Slowking|Chilly Reception|[premajor]
|move|p2a: Slowking|Chilly Reception|p2a: Slowking
|-weather|Snowscape
|
|t:|1769428265
|switch|p2a: Altaria|Altaria, M, shiny|63/100|[from] Chilly Reception
|
|-weather|Snowscape|[upkeep]
|upkeep
|turn|44
|
|t:|1769428269
|move|p2a: Altaria|Fire Spin|p1a: Tocha Acesa
|-resisted|p1a: Tocha Acesa
|-damage|p1a: Tocha Acesa|98/100
|-activate|p1a: Tocha Acesa|move: Fire Spin|[of] p2a: Altaria
|move|p1a: Tocha Acesa|Toxic|p2a: Altaria
|-status|p2a: Altaria|tox
|
|-weather|Snowscape|[upkeep]
|-end|p1a: Tocha Acesa|move: Future Sight
|-supereffective|p1a: Tocha Acesa
|-damage|p1a: Tocha Acesa|27/100
|-heal|p1a: Tocha Acesa|33/100|[from] item: Black Sludge
|-damage|p2a: Altaria|57/100 tox|[from] psn
|-damage|p1a: Tocha Acesa|21/100|[from] move: Fire Spin|[partiallytrapped]
|upkeep
|turn|45
|
|t:|1769428282
|move|p1a: Tocha Acesa|Baneful Bunker|p1a: Tocha Acesa
|-singleturn|p1a: Tocha Acesa|move: Protect
|move|p2a: Altaria|Perish Song|p2a: Altaria
|-start|p1a: Tocha Acesa|perish3|[silent]
|-start|p2a: Altaria|perish3|[silent]
|-fieldactivate|move: Perish Song
|
|-weather|Snowscape|[upkeep]
|-heal|p1a: Tocha Acesa|27/100|[from] item: Black Sludge
|-damage|p2a: Altaria|45/100 tox|[from] psn
|-damage|p1a: Tocha Acesa|14/100|[from] move: Fire Spin|[partiallytrapped]
|-start|p2a: Altaria|perish3
|-start|p1a: Tocha Acesa|perish3
|upkeep
|turn|46
|
|t:|1769428298
|move|p2a: Altaria|Fire Spin|p1a: Tocha Acesa
|-resisted|p1a: Tocha Acesa
|-damage|p1a: Tocha Acesa|12/100
|move|p1a: Tocha Acesa|Recover|p1a: Tocha Acesa
|-heal|p1a: Tocha Acesa|62/100
|
|-weather|Snowscape|[upkeep]
|-heal|p1a: Tocha Acesa|68/100|[from] item: Black Sludge
|-damage|p2a: Altaria|26/100 tox|[from] psn
|-damage|p1a: Tocha Acesa|56/100|[from] move: Fire Spin|[partiallytrapped]
|-start|p2a: Altaria|perish2
|-start|p1a: Tocha Acesa|perish2
|upkeep
|turn|47
|
|t:|1769428310
|move|p1a: Tocha Acesa|Baneful Bunker|p1a: Tocha Acesa
|-singleturn|p1a: Tocha Acesa|move: Protect
|move|p2a: Altaria|Roost|p2a: Altaria
|-heal|p2a: Altaria|76/100 tox
|-singleturn|p2a: Altaria|move: Roost
|
|-weather|none
|-heal|p1a: Tocha Acesa|62/100|[from] item: Black Sludge
|-damage|p2a: Altaria|51/100 tox|[from] psn
|-damage|p1a: Tocha Acesa|50/100|[from] move: Fire Spin|[partiallytrapped]
|-start|p2a: Altaria|perish1
|-start|p1a: Tocha Acesa|perish1
|upkeep
|turn|48
|
|t:|1769428323
|-curestatus|p2a: Altaria|tox|[from] ability: Natural Cure
|switch|p2a: Slowking|Slowking, F, shiny|75/100 tox
|-damage|p2a: Slowking|63/100 tox|[from] Stealth Rock
|move|p1a: Tocha Acesa|Baneful Bunker||[still]
|-fail|p1a: Tocha Acesa
|
|-heal|p1a: Tocha Acesa|56/100|[from] item: Black Sludge
|-damage|p2a: Slowking|57/100 tox|[from] psn
|-end|p1a: Tocha Acesa|Fire Spin|[partiallytrapped]
|-start|p1a: Tocha Acesa|perish0
|upkeep
|faint|p1a: Tocha Acesa
|inactive|Battle timer is ON: inactive players will automatically lose when time's up. (requested by polgo)
|
|t:|1769428340
|switch|p1a: garden trick|Gardevoir, F, shiny, tera:Fairy|53/100 brn
|-damage|p1a: garden trick|41/100 brn|[from] Stealth Rock
|-ability|p1a: garden trick|Regenerator|Trace|[from] ability: Trace|[of] p2a: Slowking
|turn|49
|
|t:|1769428347
|move|p1a: garden trick|Thunderbolt|p2a: Slowking
|-supereffective|p2a: Slowking
|-damage|p2a: Slowking|22/100 tox
|move|p2a: Slowking|Scald|p1a: garden trick
|-damage|p1a: garden trick|15/100 brn
|
|-damage|p2a: Slowking|10/100 tox|[from] psn
|-damage|p1a: garden trick|9/100 brn|[from] brn
|upkeep
|turn|50
|
|t:|1769428358
|switch|p2a: Iron Hands|Iron Hands, shiny|4/100 psn
|-damage|p2a: Iron Hands|0 fnt|[from] Stealth Rock
|faint|p2a: Iron Hands
|-end|p2a: Iron Hands|Quark Drive|[silent]
|move|p1a: garden trick|Thunderbolt|p2: Iron Hands|[notarget]
|-fail|p1a: garden trick
|
|-damage|p1a: garden trick|3/100 brn|[from] brn
|upkeep
|
|t:|1769428366
|switch|p2a: Slowking|Slowking, F, shiny|43/100 tox
|-damage|p2a: Slowking|31/100 tox|[from] Stealth Rock
|turn|51
|
|t:|1769428378
|move|p1a: garden trick|Thunderbolt|p2a: Slowking
|-supereffective|p2a: Slowking
|-damage|p2a: Slowking|0 fnt
|faint|p2a: Slowking
|
|-damage|p1a: garden trick|0 fnt|[from] brn
|faint|p1a: garden trick
|upkeep
|
|t:|1769428385
|switch|p1a: tankavel|Tinkaton, F|100/100
|switch|p2a: Altaria|Altaria, M, shiny|51/100
|-damage|p1a: tankavel|94/100|[from] Stealth Rock
|-ability|p1a: tankavel|Mold Breaker
|turn|52
|
|t:|1769428396
|-terastallize|p2a: Altaria|Steel
|move|p1a: tankavel|Play Rough|p2a: Altaria
|-resisted|p2a: Altaria
|-damage|p2a: Altaria|36/100
|move|p2a: Altaria|Perish Song|p2a: Altaria
|-start|p1a: tankavel|perish3|[silent]
|-start|p2a: Altaria|perish3|[silent]
|-fieldactivate|move: Perish Song
|
|-heal|p1a: tankavel|100/100|[from] item: Leftovers
|-start|p1a: tankavel|perish3
|-start|p2a: Altaria|perish3
|upkeep
|turn|53
|c|☆akatpedia|NOOOOOOOOOOOOO
|
|t:|1769428416
|move|p1a: tankavel|Play Rough|p2a: Altaria|[miss]
|-miss|p1a: tankavel|p2a: Altaria
|move|p2a: Altaria|Fire Spin|p1a: tankavel
|-supereffective|p1a: tankavel
|-damage|p1a: tankavel|88/100
|-activate|p1a: tankavel|move: Fire Spin|[of] p2a: Altaria
|
|-heal|p1a: tankavel|94/100|[from] item: Leftovers
|-damage|p1a: tankavel|82/100|[from] move: Fire Spin|[partiallytrapped]
|-start|p1a: tankavel|perish2
|-start|p2a: Altaria|perish2
|upkeep
|turn|54
|
|t:|1769428433
|move|p1a: tankavel|Play Rough|p2a: Altaria
|-resisted|p2a: Altaria
|-crit|p2a: Altaria
|-damage|p2a: Altaria|10/100
|move|p2a: Altaria|Roost|p2a: Altaria
|-heal|p2a: Altaria|60/100
|
|-heal|p1a: tankavel|88/100|[from] item: Leftovers
|-damage|p1a: tankavel|75/100|[from] move: Fire Spin|[partiallytrapped]
|-start|p1a: tankavel|perish1
|-start|p2a: Altaria|perish1
|upkeep
|turn|55
|
|t:|1769428445
|move|p1a: tankavel|Play Rough|p2a: Altaria
|-resisted|p2a: Altaria
|-damage|p2a: Altaria|45/100
|move|p2a: Altaria|Roost|p2a: Altaria
|-heal|p2a: Altaria|95/100
|
|-heal|p1a: tankavel|82/100|[from] item: Leftovers
|-damage|p1a: tankavel|69/100|[from] move: Fire Spin|[partiallytrapped]
|-start|p1a: tankavel|perish0
|-start|p2a: Altaria|perish0
|upkeep
|faint|p1a: tankavel
|faint|p2a: Altaria
|
|win|polgo
|raw|akatpedia's rating: 1102 &rarr; <strong>1080</strong><br />(-22 for losing)
|raw|polgo's rating: 1137 &rarr; <strong>1159</strong><br />(+22 for winning)
|c|☆akatpedia|GG
|c|☆polgo|GG
|c|☆akatpedia|NICE
|l|☆polgo
|player|p2|
|l|☆akatpedia
|player|p1|
