|j|☆Originalfake
|j|☆help me am lost
|t:|1769329162
|gametype|singles
|player|p1|Originalfake|backers|1161
|player|p2|help me am lost|preschooler|1162
|gen|9
|tier|[Gen 9] OU
|rated|
|rule|HP Percentage Mod: HP is shown in percentages
|rule|Endless Battle Clause: Forcing endless battles is banned
|rule|Species Clause: Limit one of each Pokémon
|rule|OHKO Clause: OHKO moves are banned
|rule|Evasion Items Clause: Evasion items are banned
|rule|Evasion Moves Clause: Evasion moves are banned
|rule|Evasion Abilities Clause: Evasion abilities are banned
|rule|Sleep Moves Clause: Sleep-inducing moves are banned
|clearpoke
|poke|p1|Tyranitar, M|
|poke|p1|Skarmory, F|
|poke|p1|Hitmontop, M|
|poke|p1|Blissey, F|
|poke|p1|Swampert, F|
|poke|p1|Ogerpon-Cornerstone, F|
|poke|p2|Meowscarada, F|
|poke|p2|Zapdos|
|poke|p2|Politoed, M|
|poke|p2|Cinderace, M|
|poke|p2|Zamazenta-*|
|poke|p2|Clefable, F|
|teampreview
|c|☆help me am lost|lol hitmontop animation is adorable
|inactive|Battle timer is ON: inactive players will automatically lose when time's up. (requested by help me am lost)
|
|t:|1769329251
|teamsize|p1|6
|teamsize|p2|6
|start
|switch|p1a: Blissey|Blissey, F|100/100
|switch|p2a: Zamazenta|Zamazenta|100/100
|-ability|p2a: Zamazenta|Dauntless Shield|boost
|-boost|p2a: Zamazenta|def|1
|turn|1
|
|t:|1769329258
|switch|p1a: Skarmory|Skarmory, F|100/100
|move|p2a: Zamazenta|Iron Defense|p2a: Zamazenta
|-boost|p2a: Zamazenta|def|2
|
|upkeep
|turn|2
|
|t:|1769329268
|move|p2a: Zamazenta|Body Press|p1a: Skarmory
|-damage|p1a: Skarmory|34/100
|move|p1a: Skarmory|Whirlwind|p2a: Zamazenta
|drag|p2a: Politoed|Politoed, M|100/100
|-weather|RainDance|[from] ability: Drizzle|[of] p2a: Politoed
|
|-weather|RainDance|[upkeep]
|-heal|p1a: Skarmory|40/100|[from] item: Leftovers
|upkeep
|turn|3
|
|t:|1769329280
|move|p1a: Skarmory|Protect|p1a: Skarmory
|-singleturn|p1a: Skarmory|Protect
|move|p2a: Politoed|Encore|p1a: Skarmory
|-activate|p1a: Skarmory|move: Protect
|
|-weather|RainDance|[upkeep]
|-heal|p1a: Skarmory|46/100|[from] item: Leftovers
|upkeep
|turn|4
|
|t:|1769329305
|move|p1a: Skarmory|Spikes|p2a: Politoed
|-sidestart|p2: help me am lost|Spikes
|move|p2a: Politoed|Weather Ball|p1a: Skarmory
|-damage|p1a: Skarmory|0 fnt
|faint|p1a: Skarmory
|
|-weather|RainDance|[upkeep]
|upkeep
|inactive|Originalfake has 120 seconds left.
|
|t:|1769329334
|switch|p1a: Ogerpon|Ogerpon-Cornerstone, F|100/100
|turn|5
|
|t:|1769329353
|switch|p2a: Zapdos|Zapdos|100/100
|move|p1a: Ogerpon|Horn Leech|p2a: Zapdos
|-resisted|p2a: Zapdos
|-damage|p2a: Zapdos|72/100
|
|-weather|RainDance|[upkeep]
|upkeep
|turn|6
|inactive|Originalfake has 120 seconds left.
|
|t:|1769329367
|move|p1a: Ogerpon|Ivy Cudgel|p2a: Zapdos|[anim] Ivy Cudgel Rock
|-supereffective|p2a: Zapdos
|-damage|p2a: Zapdos|0 fnt
|faint|p2a: Zapdos
|
|-weather|none
|upkeep
|
|t:|1769329375
|switch|p2a: Zamazenta|Zamazenta|100/100
|-damage|p2a: Zamazenta|88/100|[from] Spikes
|turn|7
|
|t:|1769329384
|move|p1a: Ogerpon|Leech Seed|p2a: Zamazenta
|-start|p2a: Zamazenta|move: Leech Seed
|move|p2a: Zamazenta|Iron Defense|p2a: Zamazenta
|-boost|p2a: Zamazenta|def|2
|
|-heal|p2a: Zamazenta|94/100|[from] item: Leftovers
|-damage|p2a: Zamazenta|82/100|[from] Leech Seed|[of] p1a: Ogerpon
|upkeep
|turn|8
|
|t:|1769329397
|switch|p1a: Hitmontop|Hitmontop, M|100/100
|-ability|p1a: Hitmontop|Intimidate|boost
|-unboost|p2a: Zamazenta|atk|1
|move|p2a: Zamazenta|Body Press|p1a: Hitmontop
|-damage|p1a: Hitmontop|18/100
|
|-heal|p2a: Zamazenta|88/100|[from] item: Leftovers
|-heal|p1a: Hitmontop|24/100|[from] item: Leftovers
|-damage|p2a: Zamazenta|76/100|[from] Leech Seed|[of] p1a: Hitmontop
|-heal|p1a: Hitmontop|37/100|[silent]
|upkeep
|turn|9
|inactive|Originalfake has 120 seconds left.
|
|t:|1769329435
|move|p2a: Zamazenta|Body Press|p1a: Hitmontop
|-damage|p1a: Hitmontop|0 fnt
|faint|p1a: Hitmontop
|
|-heal|p2a: Zamazenta|82/100|[from] item: Leftovers
|upkeep
|
|t:|1769329442
|switch|p1a: Swampert|Swampert, F|100/100
|turn|10
|-message|Originalfake forfeited.
|
|win|help me am lost
|raw|Originalfake's rating: 1161 &rarr; <strong>1136</strong><br />(-25 for losing)
|raw|help me am lost's rating: 1162 &rarr; <strong>1187</strong><br />(+25 for winning)
|l|☆Originalfake
|player|p1|
|l|☆help me am lost
|player|p2|
