|j|☆Cyclepaf
|j|☆suntopia_
|t:|1769428230
|gametype|singles
|player|p1|Cyclepaf|cynthia|1439
|player|p2|suntopia_|266|1426
|gen|9
|tier|[Gen 9] OU
|rated|
|rule|HP Percentage Mod: HP is shown in percentages
|rule|Endless Battle Clause: Forcing endless battles is banned
|rule|Species Clause: Limit one of each Pokémon
|rule|OHKO Clause: OHKO moves are banned
|rule|Evasion Items Clause: Evasion items are banned
|rule|Evasion Moves Clause: Evasion moves are banned
|rule|Evasion Abilities Clause: Evasion abilities are banned
|rule|Sleep Moves Clause: Sleep-inducing moves are banned
|clearpoke
|poke|p1|Pecharunt|
|poke|p1|Meloetta|
|poke|p1|Hoopa-Unbound|
|poke|p1|Darkrai|
|poke|p1|Scizor, F|
|poke|p1|Ceruledge, M|
|poke|p2|Raging Bolt|
|poke|p2|Gholdengo|
|poke|p2|Great Tusk|
|poke|p2|Araquanid, F|
|poke|p2|Iron Moth|
|poke|p2|Kingambit, M|
|teampreview
|inactive|Battle timer is ON: inactive players will automatically lose when time's up. (requested by suntopia_)
|
|t:|1769428251
|teamsize|p1|6
|teamsize|p2|6
|start
|switch|p1a: Ceruledge|Ceruledge, M|100/100
|switch|p2a: drifting|Araquanid, F|100/100
|turn|1
|
|t:|1769428276
|move|p1a: Ceruledge|Poltergeist|p2a: drifting
|-activate|p2a: drifting|move: Poltergeist|Focus Sash
|-damage|p2a: drifting|41/100
|move|p2a: drifting|Liquidation|p1a: Ceruledge
|-supereffective|p1a: Ceruledge
|-enditem|p1a: Ceruledge|Focus Sash
|-damage|p1a: Ceruledge|1/100
|-ability|p1a: Ceruledge|Weak Armor|boost
|-unboost|p1a: Ceruledge|def|1
|-boost|p1a: Ceruledge|spe|2
|
|upkeep
|turn|2
|
|t:|1769428284
|move|p1a: Ceruledge|Poltergeist|p2a: drifting
|-activate|p2a: drifting|move: Poltergeist|Focus Sash
|-damage|p2a: drifting|0 fnt
|faint|p2a: drifting
|
|upkeep
|
|t:|1769428294
|switch|p2a: Raging Bolt|Raging Bolt|100/100
|-enditem|p2a: Raging Bolt|Booster Energy
|-activate|p2a: Raging Bolt|ability: Protosynthesis|[fromitem]
|-start|p2a: Raging Bolt|protosynthesisspa
|turn|3
|
|t:|1769428299
|move|p1a: Ceruledge|Destiny Bond|p1a: Ceruledge
|-singlemove|p1a: Ceruledge|Destiny Bond
|move|p2a: Raging Bolt|Thunderbolt|p1a: Ceruledge
|-damage|p1a: Ceruledge|0 fnt
|faint|p1a: Ceruledge
|-activate|p1a: Ceruledge|move: Destiny Bond
|faint|p2a: Raging Bolt
|-end|p2a: Raging Bolt|Protosynthesis|[silent]
|
|upkeep
|
|t:|1769428309
|switch|p1a: Darkrai|Darkrai|100/100
|switch|p2a: Iron Moth|Iron Moth|100/100
|-enditem|p2a: Iron Moth|Booster Energy
|-activate|p2a: Iron Moth|ability: Quark Drive|[fromitem]
|-start|p2a: Iron Moth|quarkdrivespa
|turn|4
|
|t:|1769428314
|switch|p1a: Meloetta|Meloetta|100/100
|move|p2a: Iron Moth|Dazzling Gleam|p1a: Meloetta
|-damage|p1a: Meloetta|72/100
|
|upkeep
|turn|5
|
|t:|1769428320
|move|p2a: Iron Moth|Fiery Dance|p1a: Meloetta
|-damage|p1a: Meloetta|29/100
|-boost|p2a: Iron Moth|spa|1
|move|p1a: Meloetta|Psychic|p2a: Iron Moth
|-supereffective|p2a: Iron Moth
|-damage|p2a: Iron Moth|0 fnt
|faint|p2a: Iron Moth
|-end|p2a: Iron Moth|Quark Drive|[silent]
|
|upkeep
|-message|suntopia_ forfeited.
|
|win|Cyclepaf
|raw|Cyclepaf's rating: 1439 &rarr; <strong>1458</strong><br />(+19 for winning)
|raw|suntopia_'s rating: 1426 &rarr; <strong>1407</strong><br />(-19 for losing)
|l|☆suntopia_
|player|p2|
|l|☆Cyclepaf
|player|p1|
