|j|☆wtyxklhg
|j|☆taamaamoo
|t:|1769338533
|gametype|singles
|player|p1|wtyxklhg|lucas|
|player|p2|taamaamoo|n|
|gen|9
|tier|[Gen 9] OU
|rule|HP Percentage Mod: HP is shown in percentages
|rule|Endless Battle Clause: Forcing endless battles is banned
|rule|Species Clause: Limit one of each Pokémon
|rule|OHKO Clause: OHKO moves are banned
|rule|Evasion Items Clause: Evasion items are banned
|rule|Evasion Moves Clause: Evasion moves are banned
|rule|Evasion Abilities Clause: Evasion abilities are banned
|rule|Sleep Moves Clause: Sleep-inducing moves are banned
|clearpoke
|poke|p1|Iron Valiant|
|poke|p1|Arcanine-Hisui, F|
|poke|p1|Ursaluna, M|
|poke|p1|Dragonite, F|
|poke|p1|Araquanid, M|
|poke|p1|Glimmora, M|
|poke|p2|Rillaboom, M|
|poke|p2|Polteageist|
|poke|p2|Cobalion|
|poke|p2|Corviknight, F|
|poke|p2|Ting-Lu|
|poke|p2|Slowking-Galar, M|
|teampreview
|
|t:|1769338549
|teamsize|p1|6
|teamsize|p2|6
|start
|switch|p1a: 蜘蛛侠|Araquanid, M|100/100
|switch|p2a: 黄毛倪哥|Rillaboom, M, shiny|100/100
|-fieldstart|move: Grassy Terrain|[from] ability: Grassy Surge|[of] p2a: 黄毛倪哥
|turn|1
|
|t:|1769338558
|move|p2a: 黄毛倪哥|Fake Out|p1a: 蜘蛛侠
|-damage|p1a: 蜘蛛侠|85/100
|cant|p1a: 蜘蛛侠|flinch
|
|-heal|p1a: 蜘蛛侠|91/100|[from] Grassy Terrain
|-heal|p1a: 蜘蛛侠|97/100|[from] item: Leftovers
|upkeep
|turn|2
|
|t:|1769338568
|move|p2a: 黄毛倪哥|Grassy Glide|p1a: 蜘蛛侠
|-damage|p1a: 蜘蛛侠|53/100
|move|p1a: 蜘蛛侠|Poison Jab|p2a: 黄毛倪哥
|-supereffective|p2a: 黄毛倪哥
|-damage|p2a: 黄毛倪哥|58/100
|-status|p2a: 黄毛倪哥|psn
|
|-heal|p2a: 黄毛倪哥|64/100 psn|[from] Grassy Terrain
|-heal|p1a: 蜘蛛侠|59/100|[from] Grassy Terrain
|-heal|p1a: 蜘蛛侠|65/100|[from] item: Leftovers
|-damage|p2a: 黄毛倪哥|52/100 psn|[from] psn
|upkeep
|turn|3
|
|t:|1769338582
|switch|p2a: 克罗|Corviknight, F, shiny|100/100
|-ability|p2a: 克罗|Pressure
|move|p1a: 蜘蛛侠|Waterfall|p2a: 克罗
|-damage|p2a: 克罗|67/100
|-damage|p1a: 蜘蛛侠|49/100|[from] item: Rocky Helmet|[of] p2a: 克罗
|
|-heal|p1a: 蜘蛛侠|55/100|[from] Grassy Terrain
|-heal|p1a: 蜘蛛侠|61/100|[from] item: Leftovers
|upkeep
|turn|4
|
|t:|1769338606
|switch|p1a: ruizi|Arcanine-Hisui, F|100/100
|move|p2a: 克罗|Iron Defense|p2a: 克罗
|-boost|p2a: 克罗|def|2
|
|upkeep
|turn|5
|
|t:|1769338619
|-terastallize|p2a: 克罗|Electric
|move|p1a: ruizi|Flare Blitz|p2a: 克罗
|-damage|p2a: 克罗|42/100
|-damage|p1a: ruizi|84/100|[from] item: Rocky Helmet|[of] p2a: 克罗
|-damage|p1a: ruizi|74/100|[from] item: Life Orb
|move|p2a: 克罗|Roost|p2a: 克罗
|-heal|p2a: 克罗|92/100
|
|-heal|p1a: ruizi|80/100|[from] Grassy Terrain
|-heal|p2a: 克罗|98/100|[from] Grassy Terrain
|-fieldend|move: Grassy Terrain
|upkeep
|turn|6
|
|t:|1769338654
|switch|p1a: 蜘蛛侠|Araquanid, M|61/100
|move|p2a: 克罗|Body Press|p1a: 蜘蛛侠
|-resisted|p1a: 蜘蛛侠
|-damage|p1a: 蜘蛛侠|32/100
|
|-heal|p1a: 蜘蛛侠|39/100|[from] item: Leftovers
|upkeep
|turn|7
|
|t:|1769338664
|move|p2a: 克罗|Iron Defense|p2a: 克罗
|-boost|p2a: 克罗|def|2
|move|p1a: 蜘蛛侠|Poison Jab|p2a: 克罗
|-damage|p2a: 克罗|94/100
|-damage|p1a: 蜘蛛侠|22/100|[from] item: Rocky Helmet|[of] p2a: 克罗
|
|-heal|p1a: 蜘蛛侠|28/100|[from] item: Leftovers
|upkeep
|turn|8
|
|t:|1769338675
|move|p2a: 克罗|Body Press|p1a: 蜘蛛侠
|-resisted|p1a: 蜘蛛侠
|-damage|p1a: 蜘蛛侠|0 fnt
|faint|p1a: 蜘蛛侠
|
|upkeep
|
|t:|1769338684
|switch|p1a: 我偏要|Ursaluna, M|100/100
|turn|9
|
|t:|1769338691
|move|p2a: 克罗|Body Press|p1a: 我偏要
|-supereffective|p1a: 我偏要
|-damage|p1a: 我偏要|0 fnt
|faint|p1a: 我偏要
|
|upkeep
|
|t:|1769338697
|switch|p1a: 可爱玉藻|Iron Valiant, shiny|100/100
|-enditem|p1a: 可爱玉藻|Booster Energy
|-activate|p1a: 可爱玉藻|ability: Quark Drive|[fromitem]
|-start|p1a: 可爱玉藻|quarkdrivespe
|turn|10
|
|t:|1769338724
|move|p1a: 可爱玉藻|Destiny Bond|p1a: 可爱玉藻
|-singlemove|p1a: 可爱玉藻|Destiny Bond
|move|p2a: 克罗|Body Press|p1a: 可爱玉藻
|-resisted|p1a: 可爱玉藻
|-damage|p1a: 可爱玉藻|52/100
|
|upkeep
|turn|11
|
|t:|1769338730
|move|p1a: 可爱玉藻|Knock Off|p2a: 克罗
|-damage|p2a: 克罗|88/100
|-damage|p1a: 可爱玉藻|35/100|[from] item: Rocky Helmet|[of] p2a: 克罗
|-enditem|p2a: 克罗|Rocky Helmet|[from] move: Knock Off|[of] p1a: 可爱玉藻
|move|p2a: 克罗|Taunt|p1a: 可爱玉藻
|-start|p1a: 可爱玉藻|move: Taunt
|
|upkeep
|turn|12
|
|t:|1769338742
|-end|p1a: 可爱玉藻|Quark Drive|[silent]
|switch|p1a: 旋转旋转|Glimmora, M|100/100
|move|p2a: 克罗|Body Press|p1a: 旋转旋转
|-damage|p1a: 旋转旋转|46/100
|-activate|p1a: 旋转旋转|ability: Toxic Debris
|-sidestart|p2: taamaamoo|move: Toxic Spikes
|
|-heal|p1a: 旋转旋转|52/100|[from] item: Black Sludge
|upkeep
|turn|13
|
|t:|1769338770
|move|p1a: 旋转旋转|Spiky Shield|p1a: 旋转旋转
|-singleturn|p1a: 旋转旋转|move: Protect
|move|p2a: 克罗|Body Press|p1a: 旋转旋转
|-activate|p1a: 旋转旋转|move: Protect
|-damage|p2a: 克罗|76/100|[from] Spiky Shield|[of] p1a: 旋转旋转
|
|-heal|p1a: 旋转旋转|58/100|[from] item: Black Sludge
|upkeep
|turn|14
|
|t:|1769338783
|move|p1a: 旋转旋转|Mortal Spin|p2a: 克罗
|-damage|p2a: 克罗|75/100
|-status|p2a: 克罗|psn
|move|p2a: 克罗|Taunt|p1a: 旋转旋转
|-start|p1a: 旋转旋转|move: Taunt
|
|-heal|p1a: 旋转旋转|65/100|[from] item: Black Sludge
|-damage|p2a: 克罗|63/100 psn|[from] psn
|upkeep
|turn|15
|
|t:|1769338830
|switch|p1a: 可爱玉藻|Iron Valiant, shiny|35/100
|move|p2a: 克罗|Body Press|p1a: 可爱玉藻
|-resisted|p1a: 可爱玉藻
|-damage|p1a: 可爱玉藻|0 fnt
|faint|p1a: 可爱玉藻
|-end|p1a: 可爱玉藻|Quark Drive|[silent]
|
|-damage|p2a: 克罗|51/100 psn|[from] psn
|upkeep
|
|t:|1769338839
|switch|p1a: 旋转旋转|Glimmora, M|65/100
|turn|16
|
|t:|1769338845
|move|p1a: 旋转旋转|Spiky Shield|p1a: 旋转旋转
|-singleturn|p1a: 旋转旋转|move: Protect
|move|p2a: 克罗|Taunt|p1a: 旋转旋转
|-activate|p1a: 旋转旋转|move: Protect
|
|-heal|p1a: 旋转旋转|71/100|[from] item: Black Sludge
|-damage|p2a: 克罗|38/100 psn|[from] psn
|upkeep
|turn|17
|
|t:|1769338855
|move|p1a: 旋转旋转|Stealth Rock|p2a: 克罗
|-sidestart|p2: taamaamoo|move: Stealth Rock
|move|p2a: 克罗|Roost|p2a: 克罗
|-heal|p2a: 克罗|88/100 psn
|
|-heal|p1a: 旋转旋转|77/100|[from] item: Black Sludge
|-damage|p2a: 克罗|76/100 psn|[from] psn
|upkeep
|turn|18
|
|t:|1769338869
|move|p1a: 旋转旋转|Spiky Shield|p1a: 旋转旋转
|-singleturn|p1a: 旋转旋转|move: Protect
|move|p2a: 克罗|Iron Defense|p2a: 克罗
|-boost|p2a: 克罗|def|2
|
|-heal|p1a: 旋转旋转|83/100|[from] item: Black Sludge
|-damage|p2a: 克罗|64/100 psn|[from] psn
|upkeep
|turn|19
|
|t:|1769338883
|move|p1a: 旋转旋转|Mortal Spin|p2a: 克罗
|-damage|p2a: 克罗|63/100 psn
|move|p2a: 克罗|Taunt|p1a: 旋转旋转
|-start|p1a: 旋转旋转|move: Taunt
|
|-heal|p1a: 旋转旋转|89/100|[from] item: Black Sludge
|-damage|p2a: 克罗|51/100 psn|[from] psn
|upkeep
|turn|20
|
|t:|1769338893
|move|p1a: 旋转旋转|Sludge Bomb|p2a: 克罗
|-damage|p2a: 克罗|11/100 psn
|move|p2a: 克罗|Body Press|p1a: 旋转旋转
|-crit|p1a: 旋转旋转
|-damage|p1a: 旋转旋转|0 fnt
|-activate|p1a: 旋转旋转|ability: Toxic Debris
|-sidestart|p2: taamaamoo|move: Toxic Spikes
|faint|p1a: 旋转旋转
|
|-damage|p2a: 克罗|0 fnt|[from] psn
|faint|p2a: 克罗
|upkeep
|
|t:|1769338906
|switch|p1a: 暴龙神|Dragonite, F|100/100
|switch|p2a: 黄毛倪哥|Rillaboom, M, shiny|52/100 psn
|-damage|p2a: 黄毛倪哥|39/100 psn|[from] Stealth Rock
|-fieldstart|move: Grassy Terrain|[from] ability: Grassy Surge|[of] p2a: 黄毛倪哥
|turn|21
|
|t:|1769338919
|move|p2a: 黄毛倪哥|Fake Out|p1a: 暴龙神
|-damage|p1a: 暴龙神|93/100
|cant|p1a: 暴龙神|flinch
|
|-heal|p2a: 黄毛倪哥|45/100 psn|[from] Grassy Terrain
|-damage|p2a: 黄毛倪哥|33/100 psn|[from] psn
|upkeep
|turn|22
|
|t:|1769338933
|move|p2a: 黄毛倪哥|Grassy Glide|p1a: 暴龙神
|-resisted|p1a: 暴龙神
|-damage|p1a: 暴龙神|82/100
|move|p1a: 暴龙神|Dragon Dance|p1a: 暴龙神
|-boost|p1a: 暴龙神|atk|1
|-boost|p1a: 暴龙神|spe|1
|
|-heal|p2a: 黄毛倪哥|39/100 psn|[from] Grassy Terrain
|-damage|p2a: 黄毛倪哥|27/100 psn|[from] psn
|upkeep
|turn|23
|
|t:|1769338943
|move|p1a: 暴龙神|Dragon Dance|p1a: 暴龙神
|-boost|p1a: 暴龙神|atk|1
|-boost|p1a: 暴龙神|spe|1
|move|p2a: 黄毛倪哥|U-turn|p1a: 暴龙神
|-resisted|p1a: 暴龙神
|-damage|p1a: 暴龙神|67/100
|
|t:|1769338950
|switch|p2a: 铁头壳|Cobalion|100/100|[from] U-turn
|-damage|p2a: 铁头壳|97/100|[from] Stealth Rock
|
|-heal|p2a: 铁头壳|100/100|[from] Grassy Terrain
|upkeep
|turn|24
|
|t:|1769338957
|move|p1a: 暴龙神|Fire Punch|p2a: 铁头壳
|-supereffective|p2a: 铁头壳
|-damage|p2a: 铁头壳|36/100
|-damage|p1a: 暴龙神|51/100|[from] item: Rocky Helmet|[of] p2a: 铁头壳
|move|p2a: 铁头壳|Iron Defense|p2a: 铁头壳
|-boost|p2a: 铁头壳|def|2
|
|-heal|p2a: 铁头壳|42/100|[from] Grassy Terrain
|upkeep
|turn|25
|
|t:|1769338995
|move|p1a: 暴龙神|Ice Spinner|p2a: 铁头壳
|-resisted|p2a: 铁头壳
|-damage|p2a: 铁头壳|33/100
|-damage|p1a: 暴龙神|35/100|[from] item: Rocky Helmet|[of] p2a: 铁头壳
|-fieldend|move: Grassy Terrain
|move|p2a: 铁头壳|Iron Head|p1a: 暴龙神
|-damage|p1a: 暴龙神|7/100
|
|upkeep
|turn|26
|
|t:|1769339003
|switch|p1a: ruizi|Arcanine-Hisui, F|80/100
|move|p2a: 铁头壳|Stealth Rock|p1a: ruizi
|-sidestart|p1: wtyxklhg|move: Stealth Rock
|
|upkeep
|turn|27
|
|t:|1769339014
|move|p1a: ruizi|Flare Blitz|p2a: 铁头壳
|-supereffective|p2a: 铁头壳
|-damage|p2a: 铁头壳|0 fnt
|-damage|p1a: ruizi|63/100|[from] item: Rocky Helmet|[of] p2a: 铁头壳
|faint|p2a: 铁头壳
|-damage|p1a: ruizi|53/100|[from] item: Life Orb
|
|upkeep
|
|t:|1769339022
|switch|p2a: 黄毛倪哥|Rillaboom, M, shiny|27/100 psn
|-damage|p2a: 黄毛倪哥|14/100 psn|[from] Stealth Rock
|-fieldstart|move: Grassy Terrain|[from] ability: Grassy Surge|[of] p2a: 黄毛倪哥
|turn|28
|
|t:|1769339028
|move|p2a: 黄毛倪哥|Fake Out|p1a: ruizi
|-resisted|p1a: ruizi
|-damage|p1a: ruizi|45/100
|cant|p1a: ruizi|flinch
|
|-heal|p1a: ruizi|51/100|[from] Grassy Terrain
|-heal|p2a: 黄毛倪哥|20/100 psn|[from] Grassy Terrain
|-damage|p2a: 黄毛倪哥|8/100 psn|[from] psn
|upkeep
|turn|29
|
|t:|1769339038
|move|p2a: 黄毛倪哥|Grassy Glide|p1a: ruizi
|-damage|p1a: ruizi|4/100
|move|p1a: ruizi|Agility|p1a: ruizi
|-boost|p1a: ruizi|spe|2
|
|-heal|p1a: ruizi|10/100|[from] Grassy Terrain
|-heal|p2a: 黄毛倪哥|14/100 psn|[from] Grassy Terrain
|-damage|p2a: 黄毛倪哥|1/100 psn|[from] psn
|upkeep
|turn|30
|
|t:|1769339051
|move|p2a: 黄毛倪哥|Grassy Glide|p1a: ruizi
|-damage|p1a: ruizi|0 fnt
|faint|p1a: ruizi
|
|-heal|p2a: 黄毛倪哥|7/100 psn|[from] Grassy Terrain
|-damage|p2a: 黄毛倪哥|0 fnt|[from] psn
|faint|p2a: 黄毛倪哥
|upkeep
|
|t:|1769339060
|switch|p1a: 暴龙神|Dragonite, F|7/100
|switch|p2a: 吧主甲|Slowking-Galar, M|100/100
|-sideend|p2: taamaamoo|move: Toxic Spikes|[of] p2a: 吧主甲
|-damage|p2a: 吧主甲|88/100|[from] Stealth Rock
|turn|31
|
|t:|1769339084
|switch|p2a: 鹿乃子乃子|Ting-Lu|100/100
|-damage|p2a: 鹿乃子乃子|94/100|[from] Stealth Rock
|-ability|p2a: 鹿乃子乃子|Vessel of Ruin
|-terastallize|p1a: 暴龙神|Dragon
|move|p1a: 暴龙神|Extreme Speed|p2a: 鹿乃子乃子
|-damage|p2a: 鹿乃子乃子|80/100
|-damage|p1a: 暴龙神|0 fnt|[from] item: Rocky Helmet|[of] p2a: 鹿乃子乃子
|faint|p1a: 暴龙神
|
|win|taamaamoo
