|j|☆suprya
|j|☆dhelmise broken
|t:|1769390335
|gametype|singles
|player|p1|suprya|wattson|1671
|player|p2|dhelmise broken|roxie|1680
|gen|9
|tier|[Gen 9] OU
|rated|
|rule|HP Percentage Mod: HP is shown in percentages
|rule|Endless Battle Clause: Forcing endless battles is banned
|rule|Species Clause: Limit one of each Pokémon
|rule|OHKO Clause: OHKO moves are banned
|rule|Evasion Items Clause: Evasion items are banned
|rule|Evasion Moves Clause: Evasion moves are banned
|rule|Evasion Abilities Clause: Evasion abilities are banned
|rule|Sleep Moves Clause: Sleep-inducing moves are banned
|clearpoke
|poke|p1|Jolteon, F|
|poke|p1|Dragapult, F|
|poke|p1|Heatran, F|
|poke|p1|Gliscor, F|
|poke|p1|Alomomola, F|
|poke|p1|Zarude|
|poke|p2|Dragonite, F|
|poke|p2|Ogerpon-Wellspring, F|
|poke|p2|Ting-Lu|
|poke|p2|Gholdengo|
|poke|p2|Zamazenta-*|
|poke|p2|Iron Moth|
|teampreview
|inactive|Battle timer is ON: inactive players will automatically lose when time's up. (requested by dhelmise broken)
|inactive|suprya also wants the timer to be on.
|j| petertheatre
|
|t:|1769390356
|teamsize|p1|6
|teamsize|p2|6
|start
|switch|p1a: Dragapult|Dragapult, F|100/100
|switch|p2a: Gholdengo|Gholdengo|100/100
|turn|1
|
|t:|1769390363
|switch|p1a: Alomomola|Alomomola, F|100/100
|move|p2a: Gholdengo|Shadow Ball|p1a: Alomomola
|-crit|p1a: Alomomola
|-damage|p1a: Alomomola|45/100
|
|upkeep
|turn|2
|
|t:|1769390371
|switch|p1a: Zarude|Zarude|100/100
|move|p2a: Gholdengo|Shadow Ball|p1a: Zarude
|-resisted|p1a: Zarude
|-damage|p1a: Zarude|84/100
|
|upkeep
|turn|3
|
|t:|1769390395
|switch|p2a: Iron Moth|Iron Moth|100/100
|-enditem|p2a: Iron Moth|Booster Energy
|-activate|p2a: Iron Moth|ability: Quark Drive|[fromitem]
|-start|p2a: Iron Moth|quarkdrivespe
|move|p1a: Zarude|Knock Off|p2a: Iron Moth
|-damage|p2a: Iron Moth|60/100
|
|upkeep
|turn|4
|
|t:|1769390402
|switch|p1a: Heatran|Heatran, F|100/100
|move|p2a: Iron Moth|Whirlwind|p1a: Heatran
|drag|p1a: Jolteon|Jolteon, F|100/100
|
|upkeep
|turn|5
|
|t:|1769390409
|switch|p1a: Heatran|Heatran, F|100/100
|move|p2a: Iron Moth|Psychic|p1a: Heatran
|-resisted|p1a: Heatran
|-damage|p1a: Heatran|87/100
|
|upkeep
|turn|6
|
|t:|1769390421
|-end|p2a: Iron Moth|Quark Drive|[silent]
|switch|p2a: Ting-Lu|Ting-Lu|100/100
|-ability|p2a: Ting-Lu|Vessel of Ruin
|move|p1a: Heatran|Stealth Rock|p2a: Ting-Lu
|-sidestart|p2: dhelmise broken|move: Stealth Rock
|
|upkeep
|turn|7
|j| LarpinLysander
|
|t:|1769390430
|switch|p1a: Gliscor|Gliscor, F|100/100
|move|p2a: Ting-Lu|Ruination|p1a: Gliscor
|-damage|p1a: Gliscor|50/100
|
|-status|p1a: Gliscor|tox|[from] item: Toxic Orb
|upkeep
|turn|8
|
|t:|1769390439
|switch|p2a: Gholdengo|Gholdengo|100/100
|-damage|p2a: Gholdengo|95/100|[from] Stealth Rock
|move|p1a: Gliscor|Knock Off|p2a: Gholdengo
|-supereffective|p2a: Gholdengo
|-damage|p2a: Gholdengo|49/100
|-enditem|p2a: Gholdengo|Choice Scarf|[from] move: Knock Off|[of] p1a: Gliscor
|
|-heal|p1a: Gliscor|63/100 tox|[from] ability: Poison Heal
|upkeep
|turn|9
|
|t:|1769390460
|move|p2a: Gholdengo|Make It Rain|p1a: Gliscor
|-damage|p1a: Gliscor|13/100 tox
|-unboost|p2a: Gholdengo|spa|1
|move|p1a: Gliscor|Earthquake|p2a: Gholdengo
|-supereffective|p2a: Gholdengo
|-damage|p2a: Gholdengo|0 fnt
|faint|p2a: Gholdengo
|
|-heal|p1a: Gliscor|26/100 tox|[from] ability: Poison Heal
|upkeep
|
|t:|1769390466
|switch|p2a: Ogerpon|Ogerpon-Wellspring, F|100/100
|-damage|p2a: Ogerpon|88/100|[from] Stealth Rock
|turn|10
|
|t:|1769390477
|switch|p1a: Zarude|Zarude|84/100
|move|p2a: Ogerpon|Swords Dance|p2a: Ogerpon
|-boost|p2a: Ogerpon|atk|2
|
|upkeep
|turn|11
|
|t:|1769390486
|-terastallize|p2a: Ogerpon|Water
|detailschange|p2a: Ogerpon|Ogerpon-Wellspring-Tera, F, tera:Water
|-ability|p2a: Ogerpon|Embody Aspect (Wellspring)|boost
|-boost|p2a: Ogerpon|spd|1
|move|p1a: Zarude|Encore|p2a: Ogerpon
|-start|p2a: Ogerpon|Encore
|move|p2a: Ogerpon|Swords Dance|p2a: Ogerpon
|-boost|p2a: Ogerpon|atk|2
|
|upkeep
|turn|12
|c|☆dhelmise broken|lol
|
|t:|1769390502
|switch|p2a: Iron Moth|Iron Moth|60/100
|-damage|p2a: Iron Moth|35/100|[from] Stealth Rock
|move|p1a: Zarude|Power Whip|p2a: Iron Moth|[miss]
|-miss|p1a: Zarude|p2a: Iron Moth
|
|upkeep
|turn|13
|
|t:|1769390512
|-end|p2a: Iron Moth|Quark Drive|[silent]
|switch|p2a: Ogerpon|Ogerpon-Wellspring-Tera, F, tera:Water|88/100
|-damage|p2a: Ogerpon|76/100|[from] Stealth Rock
|-ability|p2a: Ogerpon|Embody Aspect (Wellspring)|boost
|-boost|p2a: Ogerpon|spd|1
|switch|p1a: Dragapult|Dragapult, F|100/100
|
|upkeep
|turn|14
|
|t:|1769390518
|move|p1a: Dragapult|Will-O-Wisp|p2a: Ogerpon
|-status|p2a: Ogerpon|brn
|move|p2a: Ogerpon|Knock Off|p1a: Dragapult
|-supereffective|p1a: Dragapult
|-damage|p1a: Dragapult|39/100
|-enditem|p1a: Dragapult|Heavy-Duty Boots|[from] move: Knock Off|[of] p2a: Ogerpon
|
|-damage|p2a: Ogerpon|70/100 brn|[from] brn
|upkeep
|turn|15
|
|t:|1769390527
|switch|p1a: Zarude|Zarude|84/100
|move|p2a: Ogerpon|Knock Off|p1a: Zarude
|-resisted|p1a: Zarude
|-damage|p1a: Zarude|76/100
|-enditem|p1a: Zarude|Heavy-Duty Boots|[from] move: Knock Off|[of] p2a: Ogerpon
|
|-damage|p2a: Ogerpon|64/100 brn|[from] brn
|upkeep
|turn|16
|
|t:|1769390532
|switch|p2a: Iron Moth|Iron Moth|35/100
|-damage|p2a: Iron Moth|11/100|[from] Stealth Rock
|move|p1a: Zarude|Knock Off|p2a: Iron Moth
|-damage|p2a: Iron Moth|0 fnt
|faint|p2a: Iron Moth
|-end|p2a: Iron Moth|Quark Drive|[silent]
|
|upkeep
|
|t:|1769390550
|switch|p2a: Zamazenta|Zamazenta|100/100
|-damage|p2a: Zamazenta|94/100|[from] Stealth Rock
|-ability|p2a: Zamazenta|Dauntless Shield|boost
|-boost|p2a: Zamazenta|def|1
|turn|17
|
|t:|1769390566
|move|p2a: Zamazenta|Crunch|p1a: Zarude
|-resisted|p1a: Zarude
|-damage|p1a: Zarude|67/100
|move|p1a: Zarude|Knock Off|p2a: Zamazenta
|-resisted|p2a: Zamazenta
|-damage|p2a: Zamazenta|86/100
|-enditem|p2a: Zamazenta|Chesto Berry|[from] move: Knock Off|[of] p1a: Zarude
|
|upkeep
|turn|18
|
|t:|1769390576
|move|p2a: Zamazenta|Iron Defense|p2a: Zamazenta
|-boost|p2a: Zamazenta|def|2
|move|p1a: Zarude|Encore|p2a: Zamazenta
|-start|p2a: Zamazenta|Encore
|
|upkeep
|turn|19
|
|t:|1769390594
|switch|p1a: Dragapult|Dragapult, F|39/100
|move|p2a: Zamazenta|Iron Defense|p2a: Zamazenta
|-boost|p2a: Zamazenta|def|2
|
|upkeep
|turn|20
|
|t:|1769390603
|switch|p2a: Ogerpon|Ogerpon-Wellspring-Tera, F, tera:Water|64/100 brn
|-damage|p2a: Ogerpon|52/100 brn|[from] Stealth Rock
|-ability|p2a: Ogerpon|Embody Aspect (Wellspring)|boost
|-boost|p2a: Ogerpon|spd|1
|move|p1a: Dragapult|Will-O-Wisp|p2a: Ogerpon
|-fail|p2a: Ogerpon|brn
|
|-damage|p2a: Ogerpon|46/100 brn|[from] brn
|upkeep
|turn|21
|
|t:|1769390615
|switch|p2a: Zamazenta|Zamazenta|86/100
|-damage|p2a: Zamazenta|80/100|[from] Stealth Rock
|move|p1a: Dragapult|Dragon Darts|p2a: Zamazenta
|-damage|p2a: Zamazenta|65/100
|-anim|p1a: Dragapult|Dragon Darts|p2a: Zamazenta
|-damage|p2a: Zamazenta|49/100
|
|upkeep
|turn|22
|
|t:|1769390637
|switch|p1a: Alomomola|Alomomola, F|78/100
|move|p2a: Zamazenta|Crunch|p1a: Alomomola
|-damage|p1a: Alomomola|63/100
|
|upkeep
|turn|23
|
|t:|1769390642
|move|p2a: Zamazenta|Iron Defense|p2a: Zamazenta
|-boost|p2a: Zamazenta|def|2
|move|p1a: Alomomola|Flip Turn|p2a: Zamazenta
|-damage|p2a: Zamazenta|43/100
|
|t:|1769390646
|switch|p1a: Jolteon|Jolteon, F|100/100|[from] Flip Turn
|
|upkeep
|turn|24
|
|t:|1769390654
|-terastallize|p1a: Jolteon|Fairy
|move|p2a: Zamazenta|Body Press|p1a: Jolteon
|-resisted|p1a: Jolteon
|-damage|p1a: Jolteon|24/100
|move|p1a: Jolteon|Alluring Voice|p2a: Zamazenta
|-supereffective|p2a: Zamazenta
|-damage|p2a: Zamazenta|0 fnt
|faint|p2a: Zamazenta
|
|upkeep
|
|t:|1769390667
|switch|p2a: Dragonite|Dragonite, F|100/100
|turn|25
|
|t:|1769390679
|move|p1a: Jolteon|Volt Switch|p2a: Dragonite
|-damage|p2a: Dragonite|83/100
|
|t:|1769390681
|switch|p1a: Alomomola|Alomomola, F|96/100|[from] Volt Switch
|move|p2a: Dragonite|Dragon Dance|p2a: Dragonite
|-boost|p2a: Dragonite|atk|1
|-boost|p2a: Dragonite|spe|1
|
|upkeep
|turn|26
|
|t:|1769390688
|move|p2a: Dragonite|Dragon Dance|p2a: Dragonite
|-boost|p2a: Dragonite|atk|1
|-boost|p2a: Dragonite|spe|1
|move|p1a: Alomomola|Tickle|p2a: Dragonite
|-unboost|p2a: Dragonite|atk|1
|-unboost|p2a: Dragonite|def|1
|
|upkeep
|turn|27
|
|t:|1769390695
|move|p2a: Dragonite|Earthquake|p1a: Alomomola
|-damage|p1a: Alomomola|58/100
|move|p1a: Alomomola|Tickle|p2a: Dragonite
|-unboost|p2a: Dragonite|atk|1
|-unboost|p2a: Dragonite|def|1
|
|upkeep
|turn|28
|
|t:|1769390700
|move|p2a: Dragonite|Dragon Dance|p2a: Dragonite
|-boost|p2a: Dragonite|atk|1
|-boost|p2a: Dragonite|spe|1
|move|p1a: Alomomola|Wish|p1a: Alomomola
|
|upkeep
|turn|29
|
|t:|1769390703
|move|p2a: Dragonite|Dragon Dance|p2a: Dragonite
|-boost|p2a: Dragonite|atk|1
|-boost|p2a: Dragonite|spe|1
|move|p1a: Alomomola|Tickle|p2a: Dragonite
|-unboost|p2a: Dragonite|atk|1
|-unboost|p2a: Dragonite|def|1
|
|-heal|p1a: Alomomola|100/100|[from] move: Wish|[wisher] Alomomola
|upkeep
|turn|30
|
|t:|1769390711
|move|p2a: Dragonite|Earthquake|p1a: Alomomola
|-damage|p1a: Alomomola|62/100
|move|p1a: Alomomola|Tickle|p2a: Dragonite
|-unboost|p2a: Dragonite|atk|1
|-unboost|p2a: Dragonite|def|1
|
|upkeep
|turn|31
|
|t:|1769390717
|move|p2a: Dragonite|Dragon Dance|p2a: Dragonite
|-boost|p2a: Dragonite|atk|1
|-boost|p2a: Dragonite|spe|1
|move|p1a: Alomomola|Wish|p1a: Alomomola
|
|upkeep
|turn|32
|
|t:|1769390724
|move|p2a: Dragonite|Earthquake|p1a: Alomomola
|-damage|p1a: Alomomola|26/100
|move|p1a: Alomomola|Tickle|p2a: Dragonite
|-unboost|p2a: Dragonite|atk|1
|-unboost|p2a: Dragonite|def|1
|
|-heal|p1a: Alomomola|76/100|[from] move: Wish|[wisher] Alomomola
|upkeep
|turn|33
|
|t:|1769390732
|move|p2a: Dragonite|Dragon Dance|p2a: Dragonite
|-boost|p2a: Dragonite|atk|1
|-boost|p2a: Dragonite|spe|1
|move|p1a: Alomomola|Tickle|p2a: Dragonite
|-unboost|p2a: Dragonite|atk|1
|-unboost|p2a: Dragonite|def|1
|
|upkeep
|turn|34
|
|t:|1769390737
|switch|p2a: Ogerpon|Ogerpon-Wellspring-Tera, F, tera:Water|46/100 brn
|-damage|p2a: Ogerpon|33/100 brn|[from] Stealth Rock
|-ability|p2a: Ogerpon|Embody Aspect (Wellspring)|boost
|-boost|p2a: Ogerpon|spd|1
|move|p1a: Alomomola|Tickle|p2a: Ogerpon
|-unboost|p2a: Ogerpon|atk|1
|-unboost|p2a: Ogerpon|def|1
|
|-damage|p2a: Ogerpon|27/100 brn|[from] brn
|upkeep
|turn|35
|
|t:|1769390746
|switch|p2a: Dragonite|Dragonite, F|83/100
|switch|p1a: Zarude|Zarude|67/100
|
|upkeep
|turn|36
|
|t:|1769390751
|move|p1a: Zarude|Encore||[still]
|-fail|p1a: Zarude
|move|p2a: Dragonite|Dragon Dance|p2a: Dragonite
|-boost|p2a: Dragonite|atk|1
|-boost|p2a: Dragonite|spe|1
|
|upkeep
|turn|37
|
|t:|1769390759
|move|p2a: Dragonite|Ice Spinner|p1a: Zarude
|-supereffective|p1a: Zarude
|-damage|p1a: Zarude|4/100
|move|p1a: Zarude|Encore|p2a: Dragonite
|-start|p2a: Dragonite|Encore
|
|upkeep
|turn|38
|
|t:|1769390765
|switch|p2a: Ting-Lu|Ting-Lu|100/100
|-damage|p2a: Ting-Lu|94/100|[from] Stealth Rock
|-ability|p2a: Ting-Lu|Vessel of Ruin
|switch|p1a: Alomomola|Alomomola, F|100/100
|
|upkeep
|turn|39
|
|t:|1769390773
|move|p2a: Ting-Lu|Stealth Rock|p1a: Alomomola
|-sidestart|p1: suprya|move: Stealth Rock
|move|p1a: Alomomola|Wish|p1a: Alomomola
|
|upkeep
|turn|40
|
|t:|1769390778
|move|p2a: Ting-Lu|Earthquake|p1a: Alomomola
|-damage|p1a: Alomomola|77/100
|move|p1a: Alomomola|Flip Turn|p2a: Ting-Lu
|-supereffective|p2a: Ting-Lu
|-damage|p2a: Ting-Lu|78/100
|-enditem|p2a: Ting-Lu|Red Card|[of] p1a: Alomomola
|drag|p1a: Gliscor|Gliscor, F|26/100 tox
|-damage|p1a: Gliscor|13/100 tox|[from] Stealth Rock
|
|-heal|p1a: Gliscor|81/100 tox|[from] move: Wish|[wisher] Alomomola
|-heal|p1a: Gliscor|93/100 tox|[from] ability: Poison Heal
|upkeep
|turn|41
|
|t:|1769390799
|switch|p2a: Dragonite|Dragonite, F|83/100
|move|p1a: Gliscor|Knock Off|p2a: Dragonite
|-damage|p2a: Dragonite|59/100
|-enditem|p2a: Dragonite|Heavy-Duty Boots|[from] move: Knock Off|[of] p1a: Gliscor
|
|-heal|p1a: Gliscor|100/100 tox|[from] ability: Poison Heal
|upkeep
|turn|42
|
|t:|1769390805
|switch|p1a: Alomomola|Alomomola, F|100/100
|move|p2a: Dragonite|Dragon Dance|p2a: Dragonite
|-boost|p2a: Dragonite|atk|1
|-boost|p2a: Dragonite|spe|1
|
|upkeep
|turn|43
|
|t:|1769390808
|move|p2a: Dragonite|Earthquake|p1a: Alomomola
|-damage|p1a: Alomomola|68/100
|move|p1a: Alomomola|Tickle|p2a: Dragonite
|-unboost|p2a: Dragonite|atk|1
|-unboost|p2a: Dragonite|def|1
|
|upkeep
|turn|44
|
|t:|1769390811
|move|p2a: Dragonite|Earthquake|p1a: Alomomola
|-damage|p1a: Alomomola|43/100
|move|p1a: Alomomola|Tickle|p2a: Dragonite
|-unboost|p2a: Dragonite|atk|1
|-unboost|p2a: Dragonite|def|1
|
|upkeep
|turn|45
|
|t:|1769390814
|move|p2a: Dragonite|Earthquake|p1a: Alomomola
|-damage|p1a: Alomomola|26/100
|move|p1a: Alomomola|Wish|p1a: Alomomola
|
|upkeep
|turn|46
|
|t:|1769390818
|move|p1a: Alomomola|Protect|p1a: Alomomola
|-singleturn|p1a: Alomomola|Protect
|move|p2a: Dragonite|Earthquake|p1a: Alomomola
|-activate|p1a: Alomomola|move: Protect
|
|-heal|p1a: Alomomola|76/100|[from] move: Wish|[wisher] Alomomola
|upkeep
|turn|47
|
|t:|1769390821
|switch|p2a: Ting-Lu|Ting-Lu|78/100
|-damage|p2a: Ting-Lu|72/100|[from] Stealth Rock
|-ability|p2a: Ting-Lu|Vessel of Ruin
|move|p1a: Alomomola|Tickle|p2a: Ting-Lu
|-unboost|p2a: Ting-Lu|atk|1
|-unboost|p2a: Ting-Lu|def|1
|
|upkeep
|turn|48
|
|t:|1769390825
|move|p2a: Ting-Lu|Spikes|p1a: Alomomola
|-sidestart|p1: suprya|Spikes
|move|p1a: Alomomola|Wish|p1a: Alomomola
|
|upkeep
|turn|49
|
|t:|1769390830
|move|p2a: Ting-Lu|Earthquake|p1a: Alomomola
|-damage|p1a: Alomomola|61/100
|move|p1a: Alomomola|Flip Turn|p2a: Ting-Lu
|-supereffective|p2a: Ting-Lu
|-damage|p2a: Ting-Lu|44/100
|
|t:|1769390857
|switch|p1a: Gliscor|Gliscor, F|100/100 tox|[from] Flip Turn
|-damage|p1a: Gliscor|88/100 tox|[from] Stealth Rock
|
|-heal|p1a: Gliscor|100/100 tox|[from] move: Wish|[wisher] Alomomola
|upkeep
|turn|50
|
|t:|1769390863
|move|p1a: Gliscor|Knock Off|p2a: Ting-Lu
|-resisted|p2a: Ting-Lu
|-damage|p2a: Ting-Lu|38/100
|move|p2a: Ting-Lu|Spikes|p1a: Gliscor
|-sidestart|p1: suprya|Spikes
|
|upkeep
|turn|51
|
|t:|1769390868
|move|p1a: Gliscor|Earthquake|p2a: Ting-Lu
|-crit|p2a: Ting-Lu
|-damage|p2a: Ting-Lu|0 fnt
|faint|p2a: Ting-Lu
|
|upkeep
|
|t:|1769390871
|switch|p2a: Dragonite|Dragonite, F|59/100
|-damage|p2a: Dragonite|34/100|[from] Stealth Rock
|turn|52
|
|t:|1769390881
|switch|p1a: Alomomola|Alomomola, F|94/100
|move|p2a: Dragonite|Dragon Dance|p2a: Dragonite
|-boost|p2a: Dragonite|atk|1
|-boost|p2a: Dragonite|spe|1
|
|upkeep
|turn|53
|
|t:|1769390888
|move|p2a: Dragonite|Earthquake|p1a: Alomomola
|-damage|p1a: Alomomola|58/100
|move|p1a: Alomomola|Tickle|p2a: Dragonite
|-unboost|p2a: Dragonite|atk|1
|-unboost|p2a: Dragonite|def|1
|
|upkeep
|turn|54
|
|t:|1769390894
|move|p2a: Dragonite|Earthquake|p1a: Alomomola
|-damage|p1a: Alomomola|34/100
|move|p1a: Alomomola|Wish|p1a: Alomomola
|
|upkeep
|turn|55
|
|t:|1769390902
|move|p1a: Alomomola|Protect|p1a: Alomomola
|-singleturn|p1a: Alomomola|Protect
|move|p2a: Dragonite|Dragon Dance|p2a: Dragonite
|-boost|p2a: Dragonite|atk|1
|-boost|p2a: Dragonite|spe|1
|
|-heal|p1a: Alomomola|84/100|[from] move: Wish|[wisher] Alomomola
|upkeep
|turn|56
|
|t:|1769390911
|move|p2a: Dragonite|Earthquake|p1a: Alomomola
|-damage|p1a: Alomomola|46/100
|move|p1a: Alomomola|Tickle|p2a: Dragonite
|-unboost|p2a: Dragonite|atk|1
|-unboost|p2a: Dragonite|def|1
|
|upkeep
|turn|57
|
|t:|1769390924
|move|p2a: Dragonite|Earthquake|p1a: Alomomola
|-damage|p1a: Alomomola|24/100
|move|p1a: Alomomola|Wish|p1a: Alomomola
|
|upkeep
|turn|58
|
|t:|1769390929
|move|p2a: Dragonite|Dragon Dance|p2a: Dragonite
|-boost|p2a: Dragonite|atk|1
|-boost|p2a: Dragonite|spe|1
|move|p1a: Alomomola|Tickle|p2a: Dragonite
|-unboost|p2a: Dragonite|atk|1
|-unboost|p2a: Dragonite|def|1
|
|-heal|p1a: Alomomola|74/100|[from] move: Wish|[wisher] Alomomola
|upkeep
|turn|59
|
|t:|1769390937
|move|p2a: Dragonite|Earthquake|p1a: Alomomola
|-damage|p1a: Alomomola|52/100
|move|p1a: Alomomola|Wish|p1a: Alomomola
|
|upkeep
|turn|60
|
|t:|1769390942
|move|p2a: Dragonite|Dragon Dance|p2a: Dragonite
|-boost|p2a: Dragonite|atk|1
|-boost|p2a: Dragonite|spe|1
|move|p1a: Alomomola|Tickle|p2a: Dragonite
|-unboost|p2a: Dragonite|atk|1
|-unboost|p2a: Dragonite|def|1
|
|-heal|p1a: Alomomola|100/100|[from] move: Wish|[wisher] Alomomola
|upkeep
|turn|61
|
|t:|1769390946
|move|p2a: Dragonite|Tera Blast|p1a: Alomomola
|-damage|p1a: Alomomola|88/100
|move|p1a: Alomomola|Tickle|p2a: Dragonite
|-unboost|p2a: Dragonite|atk|1
|-unboost|p2a: Dragonite|def|1
|
|upkeep
|turn|62
|
|t:|1769390951
|switch|p2a: Ogerpon|Ogerpon-Wellspring-Tera, F, tera:Water|27/100 brn
|-damage|p2a: Ogerpon|15/100 brn|[from] Stealth Rock
|-ability|p2a: Ogerpon|Embody Aspect (Wellspring)|boost
|-boost|p2a: Ogerpon|spd|1
|move|p1a: Alomomola|Tickle|p2a: Ogerpon
|-unboost|p2a: Ogerpon|atk|1
|-unboost|p2a: Ogerpon|def|1
|
|-damage|p2a: Ogerpon|9/100 brn|[from] brn
|upkeep
|turn|63
|l| petertheatre
|
|t:|1769390963
|move|p2a: Ogerpon|Swords Dance|p2a: Ogerpon
|-boost|p2a: Ogerpon|atk|2
|move|p1a: Alomomola|Flip Turn|p2a: Ogerpon
|-resisted|p2a: Ogerpon
|-damage|p2a: Ogerpon|0 fnt
|faint|p2a: Ogerpon
|detailschange|p2: Ogerpon|Ogerpon-Wellspring, F|[silent]
|
|t:|1769390965
|switch|p1a: Jolteon|Jolteon, F, tera:Fairy|24/100|[from] Flip Turn
|
|upkeep
|
|t:|1769390968
|switch|p2a: Dragonite|Dragonite, F|34/100
|-damage|p2a: Dragonite|9/100|[from] Stealth Rock
|turn|64
|
|t:|1769390971
|move|p1a: Jolteon|Thunderbolt|p2a: Dragonite
|-crit|p2a: Dragonite
|-damage|p2a: Dragonite|0 fnt
|faint|p2a: Dragonite
|
|win|suprya
|raw|suprya's rating: 1671 &rarr; <strong>1692</strong><br />(+21 for winning)
|raw|dhelmise broken's rating: 1680 &rarr; <strong>1659</strong><br />(-21 for losing)
|c|☆suprya|gg
|l|☆dhelmise broken
|player|p2|
|l| LarpinLysander
|l|☆suprya
|player|p1|
