|j|☆Banixito
|j|☆Sceptilian70
|t:|1769323195
|gametype|singles
|player|p1|Banixito|silver|1245
|player|p2|Sceptilian70|cress|1245
|gen|9
|tier|[Gen 9] OU
|rated|
|rule|HP Percentage Mod: HP is shown in percentages
|rule|Endless Battle Clause: Forcing endless battles is banned
|rule|Species Clause: Limit one of each Pokémon
|rule|OHKO Clause: OHKO moves are banned
|rule|Evasion Items Clause: Evasion items are banned
|rule|Evasion Moves Clause: Evasion moves are banned
|rule|Evasion Abilities Clause: Evasion abilities are banned
|rule|Sleep Moves Clause: Sleep-inducing moves are banned
|clearpoke
|poke|p1|Dragonite, M|
|poke|p1|Pecharunt|
|poke|p1|Gliscor, F|
|poke|p1|Ribombee, F|
|poke|p1|Porygon2|
|poke|p1|Darkrai|
|poke|p2|Samurott-Hisui, F|
|poke|p2|Landorus-Therian, M|
|poke|p2|Iron Valiant|
|poke|p2|Iron Treads|
|poke|p2|Tornadus-Therian, M|
|poke|p2|Iron Crown|
|teampreview
|inactive|Battle timer is ON: inactive players will automatically lose when time's up. (requested by Sceptilian70)
|
|t:|1769323203
|teamsize|p1|6
|teamsize|p2|6
|start
|switch|p1a: Ribombee|Ribombee, F|100/100
|switch|p2a: Tornadus|Tornadus-Therian, M, shiny|100/100
|turn|1
|
|t:|1769323220
|move|p1a: Ribombee|Stun Spore|p2a: Tornadus|[miss]
|-miss|p1a: Ribombee|p2a: Tornadus
|move|p2a: Tornadus|Air Slash|p1a: Ribombee
|-supereffective|p1a: Ribombee
|-enditem|p1a: Ribombee|Focus Sash
|-damage|p1a: Ribombee|1/100
|
|upkeep
|turn|2
|
|t:|1769323238
|switch|p2a: Iron Treads|Iron Treads, shiny|100/100
|move|p1a: Ribombee|Stun Spore|p2a: Iron Treads
|-status|p2a: Iron Treads|par
|
|upkeep
|turn|3
|
|t:|1769323250
|switch|p1a: Pecharunt|Pecharunt|100/100
|move|p2a: Iron Treads|Rapid Spin|p1a: Pecharunt
|-immune|p1a: Pecharunt
|
|upkeep
|turn|4
|
|t:|1769323256
|switch|p1a: Ribombee|Ribombee, F|1/100
|cant|p2a: Iron Treads|par
|
|upkeep
|turn|5
|
|t:|1769323264
|switch|p1a: Pecharunt|Pecharunt|100/100
|cant|p2a: Iron Treads|par
|
|upkeep
|turn|6
|
|t:|1769323274
|move|p1a: Pecharunt|Parting Shot|p2a: Iron Treads
|-unboost|p2a: Iron Treads|atk|1
|-unboost|p2a: Iron Treads|spa|1
|
|t:|1769323278
|switch|p1a: Darkrai|Darkrai|100/100|[from] Parting Shot
|cant|p2a: Iron Treads|par
|
|upkeep
|turn|7
|
|t:|1769323300
|move|p1a: Darkrai|Ice Beam|p2a: Iron Treads
|-damage|p2a: Iron Treads|61/100 par
|move|p2a: Iron Treads|Knock Off|p1a: Darkrai
|-resisted|p1a: Darkrai
|-damage|p1a: Darkrai|88/100
|-enditem|p1a: Darkrai|Choice Scarf|[from] move: Knock Off|[of] p2a: Iron Treads
|
|-heal|p2a: Iron Treads|67/100 par|[from] item: Leftovers
|upkeep
|turn|8
|
|t:|1769323311
|move|p1a: Darkrai|Trick|p2a: Iron Treads
|-activate|p1a: Darkrai|move: Trick|[of] p2a: Iron Treads
|-enditem|p2a: Iron Treads|Leftovers|[silent]|[from] move: Trick
|-item|p1a: Darkrai|Leftovers|[from] move: Trick
|move|p2a: Iron Treads|Stealth Rock|p1a: Darkrai
|-sidestart|p1: Banixito|move: Stealth Rock
|
|-heal|p1a: Darkrai|94/100|[from] item: Leftovers
|upkeep
|turn|9
|
|t:|1769323322
|move|p1a: Darkrai|Ice Beam|p2a: Iron Treads
|-damage|p2a: Iron Treads|27/100 par
|move|p2a: Iron Treads|Ice Spinner|p1a: Darkrai
|-damage|p1a: Darkrai|72/100
|
|-heal|p1a: Darkrai|78/100|[from] item: Leftovers
|upkeep
|turn|10
|
|t:|1769323336
|-end|p2a: Iron Treads|Quark Drive|[silent]
|switch|p2a: Samurott|Samurott-Hisui, F, shiny|100/100
|move|p1a: Darkrai|Ice Beam|p2a: Samurott
|-resisted|p2a: Samurott
|-damage|p2a: Samurott|75/100
|
|-heal|p1a: Darkrai|84/100|[from] item: Leftovers
|upkeep
|turn|11
|
|t:|1769323351
|switch|p1a: Ribombee|Ribombee, F|1/100
|-damage|p1a: Ribombee|0 fnt|[from] Stealth Rock
|faint|p1a: Ribombee
|move|p2a: Samurott|Sacred Sword|p1: Ribombee|[notarget]
|-fail|p2a: Samurott
|
|upkeep
|
|t:|1769323363
|switch|p1a: Pecharunt|Pecharunt|100/100
|turn|12
|
|t:|1769323368
|move|p2a: Samurott|Ceaseless Edge|p1a: Pecharunt
|-supereffective|p1a: Pecharunt
|-damage|p1a: Pecharunt|43/100
|-sidestart|p1: Banixito|Spikes
|-damage|p2a: Samurott|65/100|[from] item: Life Orb
|move|p1a: Pecharunt|Malignant Chain|p2a: Samurott
|-damage|p2a: Samurott|18/100
|
|upkeep
|turn|13
|
|t:|1769323383
|switch|p1a: Porygon2|Porygon2|100/100
|-damage|p1a: Porygon2|88/100|[from] Stealth Rock
|-damage|p1a: Porygon2|76/100|[from] Spikes
|-ability|p1a: Porygon2|Sharpness|Trace|[from] ability: Trace|[of] p2a: Samurott
|move|p2a: Samurott|Ceaseless Edge|p1a: Porygon2
|-damage|p1a: Porygon2|38/100
|-sidestart|p1: Banixito|Spikes
|-damage|p2a: Samurott|8/100|[from] item: Life Orb
|
|upkeep
|turn|14
|
|t:|1769323395
|move|p2a: Samurott|Ceaseless Edge|p1a: Porygon2
|-damage|p1a: Porygon2|1/100
|-sidestart|p1: Banixito|Spikes
|-damage|p2a: Samurott|0 fnt|[from] item: Life Orb
|faint|p2a: Samurott
|move|p1a: Porygon2|Recover|p1a: Porygon2
|-heal|p1a: Porygon2|51/100
|
|upkeep
|
|t:|1769323405
|switch|p2a: Tornadus|Tornadus-Therian, M, shiny|100/100
|turn|15
|
|t:|1769323412
|move|p2a: Tornadus|Knock Off|p1a: Porygon2
|-damage|p1a: Porygon2|37/100
|-enditem|p1a: Porygon2|Eviolite|[from] move: Knock Off|[of] p2a: Tornadus
|move|p1a: Porygon2|Recover|p1a: Porygon2
|-heal|p1a: Porygon2|87/100
|
|upkeep
|turn|16
|
|t:|1769323422
|move|p2a: Tornadus|Sludge Bomb|p1a: Porygon2
|-damage|p1a: Porygon2|70/100
|move|p1a: Porygon2|Thunder Wave|p2a: Tornadus
|-status|p2a: Tornadus|par
|
|upkeep
|turn|17
|
|t:|1769323431
|cant|p2a: Tornadus|par
|move|p1a: Porygon2|Ice Beam|p2a: Tornadus
|-supereffective|p2a: Tornadus
|-damage|p2a: Tornadus|65/100 par
|
|upkeep
|turn|18
|
|t:|1769323440
|move|p2a: Tornadus|Sludge Bomb|p1a: Porygon2
|-damage|p1a: Porygon2|52/100
|-status|p1a: Porygon2|psn
|move|p1a: Porygon2|Thunderbolt|p2a: Tornadus
|-supereffective|p2a: Tornadus
|-damage|p2a: Tornadus|33/100 par
|
|-damage|p1a: Porygon2|40/100 psn|[from] psn
|upkeep
|turn|19
|
|t:|1769323452
|move|p2a: Tornadus|U-turn|p1a: Porygon2
|-damage|p1a: Porygon2|26/100 psn
|
|t:|1769323461
|switch|p2a: Iron Treads|Iron Treads, shiny|27/100 par|[from] U-turn
|move|p1a: Porygon2|Recover|p1a: Porygon2
|-heal|p1a: Porygon2|76/100 psn
|
|-damage|p1a: Porygon2|64/100 psn|[from] psn
|upkeep
|turn|20
|
|t:|1769323482
|switch|p1a: Pecharunt|Pecharunt|43/100
|cant|p2a: Iron Treads|par
|
|upkeep
|turn|21
|
|t:|1769323487
|move|p1a: Pecharunt|Recover|p1a: Pecharunt
|-heal|p1a: Pecharunt|93/100
|move|p2a: Iron Treads|Knock Off|p1a: Pecharunt
|-supereffective|p1a: Pecharunt
|-damage|p1a: Pecharunt|68/100
|-enditem|p1a: Pecharunt|Heavy-Duty Boots|[from] move: Knock Off|[of] p2a: Iron Treads
|
|upkeep
|turn|22
|
|t:|1769323508
|move|p1a: Pecharunt|Recover|p1a: Pecharunt
|-heal|p1a: Pecharunt|100/100
|move|p2a: Iron Treads|Knock Off|p1a: Pecharunt
|-supereffective|p1a: Pecharunt
|-damage|p1a: Pecharunt|82/100
|
|upkeep
|turn|23
|
|t:|1769323513
|move|p1a: Pecharunt|Foul Play|p2a: Iron Treads
|-damage|p2a: Iron Treads|6/100 par
|move|p2a: Iron Treads|Knock Off|p1a: Pecharunt
|-supereffective|p1a: Pecharunt
|-crit|p1a: Pecharunt
|-damage|p1a: Pecharunt|55/100
|
|upkeep
|turn|24
|
|t:|1769323530
|move|p1a: Pecharunt|Recover|p1a: Pecharunt
|-heal|p1a: Pecharunt|100/100
|cant|p2a: Iron Treads|par
|
|upkeep
|turn|25
|
|t:|1769323535
|move|p1a: Pecharunt|Foul Play|p2a: Iron Treads
|-damage|p2a: Iron Treads|0 fnt
|faint|p2a: Iron Treads
|-end|p2a: Iron Treads|Quark Drive|[silent]
|
|upkeep
|
|t:|1769323548
|switch|p2a: Tornadus|Tornadus-Therian, M, shiny|66/100 par
|turn|26
|
|t:|1769323558
|move|p1a: Pecharunt|Parting Shot|p2a: Tornadus
|-unboost|p2a: Tornadus|atk|1
|-unboost|p2a: Tornadus|spa|1
|
|t:|1769323562
|switch|p1a: Porygon2|Porygon2|64/100 psn|[from] Parting Shot
|-damage|p1a: Porygon2|52/100 psn|[from] Stealth Rock
|-damage|p1a: Porygon2|27/100 psn|[from] Spikes
|-ability|p1a: Porygon2|Regenerator|Trace|[from] ability: Trace|[of] p2a: Tornadus
|move|p2a: Tornadus|U-turn|p1a: Porygon2
|-damage|p1a: Porygon2|17/100 psn
|
|t:|1769323574
|switch|p2a: Iron Crown|Iron Crown|100/100|[from] U-turn
|-enditem|p2a: Iron Crown|Booster Energy
|-activate|p2a: Iron Crown|ability: Quark Drive|[fromitem]
|-start|p2a: Iron Crown|quarkdrivespe
|
|-damage|p1a: Porygon2|4/100 psn|[from] psn
|upkeep
|turn|27
|
|t:|1769323589
|-end|p2a: Iron Crown|Quark Drive|[silent]
|switch|p2a: Tornadus|Tornadus-Therian, M, shiny|99/100 par
|move|p1a: Porygon2|Thunder Wave|p2a: Tornadus
|-fail|p2a: Tornadus|par
|
|-damage|p1a: Porygon2|0 fnt|[from] psn
|faint|p1a: Porygon2
|upkeep
|
|t:|1769323604
|switch|p1a: Gliscor|Gliscor, F|100/100
|-damage|p1a: Gliscor|88/100|[from] Stealth Rock
|turn|28
|
|t:|1769323610
|move|p1a: Gliscor|Protect|p1a: Gliscor
|-singleturn|p1a: Gliscor|Protect
|cant|p2a: Tornadus|par
|
|-status|p1a: Gliscor|tox|[from] item: Toxic Orb
|upkeep
|turn|29
|
|t:|1769323615
|move|p1a: Gliscor|Swords Dance|p1a: Gliscor
|-boost|p1a: Gliscor|atk|2
|move|p2a: Tornadus|Air Slash|p1a: Gliscor
|-damage|p1a: Gliscor|61/100 tox
|
|-heal|p1a: Gliscor|74/100 tox|[from] ability: Poison Heal
|upkeep
|turn|30
|
|t:|1769323640
|move|p1a: Gliscor|Swords Dance|p1a: Gliscor
|-boost|p1a: Gliscor|atk|2
|move|p2a: Tornadus|U-turn|p1a: Gliscor
|-resisted|p1a: Gliscor
|-damage|p1a: Gliscor|68/100 tox
|
|t:|1769323649
|switch|p2a: Iron Valiant|Iron Valiant, shiny|100/100|[from] U-turn
|-enditem|p2a: Iron Valiant|Booster Energy
|-activate|p2a: Iron Valiant|ability: Quark Drive|[fromitem]
|-start|p2a: Iron Valiant|quarkdrivespe
|
|-heal|p1a: Gliscor|80/100 tox|[from] ability: Poison Heal
|upkeep
|turn|31
|
|t:|1769323662
|move|p1a: Gliscor|Protect|p1a: Gliscor
|-singleturn|p1a: Gliscor|Protect
|move|p2a: Iron Valiant|Moonblast|p1a: Gliscor
|-activate|p1a: Gliscor|move: Protect
|
|-heal|p1a: Gliscor|93/100 tox|[from] ability: Poison Heal
|upkeep
|turn|32
|
|t:|1769323669
|move|p2a: Iron Valiant|Moonblast|p1a: Gliscor
|-damage|p1a: Gliscor|55/100 tox
|move|p1a: Gliscor|Earthquake|p2a: Iron Valiant
|-damage|p2a: Iron Valiant|0 fnt
|faint|p2a: Iron Valiant
|-end|p2a: Iron Valiant|Quark Drive|[silent]
|
|-heal|p1a: Gliscor|68/100 tox|[from] ability: Poison Heal
|upkeep
|
|t:|1769323679
|switch|p2a: Landorus|Landorus-Therian, M, shiny|100/100
|-ability|p2a: Landorus|Intimidate|boost
|-unboost|p1a: Gliscor|atk|1
|turn|33
|
|t:|1769323687
|move|p1a: Gliscor|Protect|p1a: Gliscor
|-singleturn|p1a: Gliscor|Protect
|move|p2a: Landorus|Rock Slide|p1a: Gliscor
|-activate|p1a: Gliscor|move: Protect
|
|-heal|p1a: Gliscor|80/100 tox|[from] ability: Poison Heal
|upkeep
|turn|34
|
|t:|1769323697
|-terastallize|p1a: Gliscor|Normal
|move|p2a: Landorus|Rock Slide|p1a: Gliscor
|-damage|p1a: Gliscor|62/100 tox
|move|p1a: Gliscor|Facade|p2a: Landorus
|-damage|p2a: Landorus|0 fnt
|-damage|p1a: Gliscor|45/100 tox|[from] item: Rocky Helmet|[of] p2a: Landorus
|faint|p2a: Landorus
|
|-heal|p1a: Gliscor|58/100 tox|[from] ability: Poison Heal
|upkeep
|
|t:|1769323719
|switch|p2a: Iron Crown|Iron Crown|100/100
|turn|35
|
|t:|1769323739
|move|p2a: Iron Crown|Psychic Noise|p1a: Gliscor
|-damage|p1a: Gliscor|29/100 tox
|-start|p1a: Gliscor|move: Heal Block
|move|p1a: Gliscor|Earthquake|p2a: Iron Crown
|-supereffective|p2a: Iron Crown
|-damage|p2a: Iron Crown|0 fnt
|faint|p2a: Iron Crown
|-end|p2a: Iron Crown|Quark Drive|[silent]
|
|upkeep
|
|t:|1769323746
|switch|p2a: Tornadus|Tornadus-Therian, M, shiny|100/100 par
|turn|36
|
|t:|1769323757
|move|p1a: Gliscor|Facade|p2a: Tornadus
|-damage|p2a: Tornadus|0 fnt
|faint|p2a: Tornadus
|
|win|Banixito
|raw|Banixito's rating: 1245 &rarr; <strong>1270</strong><br />(+25 for winning)
|raw|Sceptilian70's rating: 1245 &rarr; <strong>1220</strong><br />(-25 for losing)
|l|☆Sceptilian70
|player|p2|
|l|☆Banixito
|player|p1|
