|j|☆big bod3
|j|☆sjsiueysw
|t:|1769408207
|gametype|singles
|player|p1|big bod3|marshal|1071
|player|p2|sjsiueysw|2|1079
|gen|9
|tier|[Gen 9] OU
|rated|
|rule|HP Percentage Mod: HP is shown in percentages
|rule|Endless Battle Clause: Forcing endless battles is banned
|rule|Species Clause: Limit one of each Pokémon
|rule|OHKO Clause: OHKO moves are banned
|rule|Evasion Items Clause: Evasion items are banned
|rule|Evasion Moves Clause: Evasion moves are banned
|rule|Evasion Abilities Clause: Evasion abilities are banned
|rule|Sleep Moves Clause: Sleep-inducing moves are banned
|clearpoke
|poke|p1|Salazzle, F|
|poke|p1|Electivire, M|
|poke|p1|Vespiquen, F|
|poke|p1|Whiscash, F|
|poke|p1|Gholdengo|
|poke|p1|Great Tusk|
|poke|p2|Sandy Shocks|
|poke|p2|Scizor, F|
|poke|p2|Manaphy|
|poke|p2|Latios, M|
|poke|p2|Ogerpon, F|
|poke|p2|Iron Jugulis|
|teampreview
|
|t:|1769408257
|teamsize|p1|6
|teamsize|p2|6
|start
|switch|p1a: ᛈ Queenhold|Vespiquen, F|100/100
|switch|p2a: Sandy Shocks|Sandy Shocks, shiny|100/100
|-ability|p1a: ᛈ Queenhold|Pressure
|-enditem|p2a: Sandy Shocks|Booster Energy
|-activate|p2a: Sandy Shocks|ability: Protosynthesis|[fromitem]
|-start|p2a: Sandy Shocks|protosynthesisspe
|turn|1
|inactive|Battle timer is ON: inactive players will automatically lose when time's up. (requested by sjsiueysw)
|
|t:|1769408282
|move|p2a: Sandy Shocks|Stealth Rock|p1a: ᛈ Queenhold
|-sidestart|p1: big bod3|move: Stealth Rock
|move|p1a: ᛈ Queenhold|Toxic Spikes|p2a: Sandy Shocks
|-sidestart|p2: sjsiueysw|move: Toxic Spikes
|
|upkeep
|turn|2
|
|t:|1769408293
|move|p2a: Sandy Shocks|Spikes|p1a: ᛈ Queenhold
|-sidestart|p1: big bod3|Spikes
|move|p1a: ᛈ Queenhold|Defend Order|p1a: ᛈ Queenhold
|-boost|p1a: ᛈ Queenhold|def|1
|-boost|p1a: ᛈ Queenhold|spd|1
|
|upkeep
|turn|3
|
|t:|1769408300
|move|p2a: Sandy Shocks|Discharge|p1a: ᛈ Queenhold
|-supereffective|p1a: ᛈ Queenhold
|-damage|p1a: ᛈ Queenhold|49/100
|move|p1a: ᛈ Queenhold|Toxic Spikes|p2a: Sandy Shocks
|-sidestart|p2: sjsiueysw|move: Toxic Spikes
|
|upkeep
|turn|4
|
|t:|1769408311
|switch|p1a: ᛋᚾ svevnbolt|Electivire, M|100/100
|-damage|p1a: ᛋᚾ svevnbolt|88/100|[from] Stealth Rock
|-damage|p1a: ᛋᚾ svevnbolt|76/100|[from] Spikes
|move|p2a: Sandy Shocks|Discharge|p1a: ᛋᚾ svevnbolt
|-ability|p1a: ᛋᚾ svevnbolt|Motor Drive|boost
|-boost|p1a: ᛋᚾ svevnbolt|spe|1
|
|upkeep
|turn|5
|
|t:|1769408325
|move|p2a: Sandy Shocks|Earth Power|p1a: ᛋᚾ svevnbolt
|-supereffective|p1a: ᛋᚾ svevnbolt
|-damage|p1a: ᛋᚾ svevnbolt|0 fnt
|faint|p1a: ᛋᚾ svevnbolt
|
|upkeep
|
|t:|1769408345
|switch|p1a: ᚹ Flowbank|Whiscash, F|100/100
|-damage|p1a: ᚹ Flowbank|94/100|[from] Stealth Rock
|-damage|p1a: ᚹ Flowbank|82/100|[from] Spikes
|turn|6
|inactive|sjsiueysw has 120 seconds left.
|
|t:|1769408383
|-terastallize|p1a: ᚹ Flowbank|Water
|move|p2a: Sandy Shocks|Earth Power|p1a: ᚹ Flowbank
|-damage|p1a: ᚹ Flowbank|48/100
|move|p1a: ᚹ Flowbank|Waterfall|p2a: Sandy Shocks
|-supereffective|p2a: Sandy Shocks
|-damage|p2a: Sandy Shocks|35/100
|
|-heal|p1a: ᚹ Flowbank|54/100|[from] item: Leftovers
|upkeep
|turn|7
|inactive|big bod3 has 120 seconds left.
|
|t:|1769408408
|move|p2a: Sandy Shocks|Discharge|p1a: ᚹ Flowbank
|-supereffective|p1a: ᚹ Flowbank
|-damage|p1a: ᚹ Flowbank|3/100
|move|p1a: ᚹ Flowbank|Waterfall|p2a: Sandy Shocks
|-supereffective|p2a: Sandy Shocks
|-damage|p2a: Sandy Shocks|0 fnt
|faint|p2a: Sandy Shocks
|-end|p2a: Sandy Shocks|Protosynthesis|[silent]
|
|-heal|p1a: ᚹ Flowbank|9/100|[from] item: Leftovers
|upkeep
|inactive|sjsiueysw has 120 seconds left.
|
|t:|1769408420
|switch|p2a: Scizor|Scizor, F|100/100
|turn|8
|
|t:|1769408426
|move|p2a: Scizor|Swords Dance|p2a: Scizor
|-boost|p2a: Scizor|atk|2
|move|p1a: ᚹ Flowbank|Rest|p1a: ᚹ Flowbank
|-status|p1a: ᚹ Flowbank|slp|[from] move: Rest
|-heal|p1a: ᚹ Flowbank|100/100 slp|[silent]
|
|upkeep
|turn|9
|
|t:|1769408438
|move|p2a: Scizor|Swords Dance|p2a: Scizor
|-boost|p2a: Scizor|atk|2
|cant|p1a: ᚹ Flowbank|slp
|
|upkeep
|turn|10
|
|t:|1769408446
|move|p2a: Scizor|Swords Dance|p2a: Scizor
|-boost|p2a: Scizor|atk|2
|cant|p1a: ᚹ Flowbank|slp
|
|upkeep
|turn|11
|
|t:|1769408453
|move|p2a: Scizor|Knock Off|p1a: ᚹ Flowbank
|-damage|p1a: ᚹ Flowbank|0 fnt
|-enditem|p1a: ᚹ Flowbank|Leftovers|[from] move: Knock Off|[of] p2a: Scizor
|faint|p1a: ᚹ Flowbank
|
|upkeep
|inactive|big bod3 has 120 seconds left.
|
|t:|1769408478
|switch|p1a: ᚲ Spark|Salazzle, F|100/100
|turn|12
|
|t:|1769408492
|-terastallize|p2a: Scizor|Fire
|move|p2a: Scizor|Bullet Punch|p1a: ᚲ Spark
|-resisted|p1a: ᚲ Spark
|-damage|p1a: ᚲ Spark|0 fnt
|faint|p1a: ᚲ Spark
|
|upkeep
|inactive|big bod3 has 120 seconds left.
|
|t:|1769408526
|switch|p1a: ᛟᚷᛇ Coinstorm|Gholdengo|100/100
|-damage|p1a: ᛟᚷᛇ Coinstorm|94/100|[from] Stealth Rock
|-item|p1a: ᛟᚷᛇ Coinstorm|Air Balloon
|turn|13
|inactive|big bod3 has 90 seconds left.
|
|t:|1769408547
|move|p1a: ᛟᚷᛇ Coinstorm|Shadow Ball|p2a: Scizor
|-damage|p2a: Scizor|52/100
|-unboost|p2a: Scizor|spd|1
|move|p2a: Scizor|Knock Off|p1a: ᛟᚷᛇ Coinstorm
|-supereffective|p1a: ᛟᚷᛇ Coinstorm
|-damage|p1a: ᛟᚷᛇ Coinstorm|0 fnt
|-enditem|p1a: ᛟᚷᛇ Coinstorm|Air Balloon
|faint|p1a: ᛟᚷᛇ Coinstorm
|
|upkeep
|inactive|big bod3 has 90 seconds left.
|
|t:|1769408561
|switch|p1a: ᛃ Earthledger|Great Tusk|100/100
|-damage|p1a: ᛃ Earthledger|98/100|[from] Stealth Rock
|-damage|p1a: ᛃ Earthledger|85/100|[from] Spikes
|turn|14
|inactive|big bod3 has 90 seconds left.
|inactive|sjsiueysw has 120 seconds left.
|
|t:|1769408616
|move|p2a: Scizor|Bullet Punch|p1a: ᛃ Earthledger
|-damage|p1a: ᛃ Earthledger|7/100
|move|p1a: ᛃ Earthledger|Headlong Rush|p2a: Scizor
|-supereffective|p2a: Scizor
|-damage|p2a: Scizor|0 fnt
|-unboost|p1a: ᛃ Earthledger|def|1
|-unboost|p1a: ᛃ Earthledger|spd|1
|faint|p2a: Scizor
|
|upkeep
|
|t:|1769408622
|switch|p2a: Iron Jugulis|Iron Jugulis, shiny|100/100
|-enditem|p2a: Iron Jugulis|Booster Energy
|-activate|p2a: Iron Jugulis|ability: Quark Drive|[fromitem]
|-start|p2a: Iron Jugulis|quarkdrivespe
|turn|15
|
|t:|1769408636
|move|p2a: Iron Jugulis|Dark Pulse|p1a: ᛃ Earthledger
|-resisted|p1a: ᛃ Earthledger
|-damage|p1a: ᛃ Earthledger|0 fnt
|faint|p1a: ᛃ Earthledger
|-end|p1a: ᛃ Earthledger|Protosynthesis|[silent]
|
|upkeep
|
|t:|1769408643
|switch|p1a: ᛈ Queenhold|Vespiquen, F|49/100
|-damage|p1a: ᛈ Queenhold|0 fnt|[from] Stealth Rock
|faint|p1a: ᛈ Queenhold
|
|win|sjsiueysw
|raw|big bod3's rating: 1071 &rarr; <strong>1051</strong><br />(-20 for losing)
|raw|sjsiueysw's rating: 1079 &rarr; <strong>1107</strong><br />(+28 for winning)
|l|☆sjsiueysw
|player|p2|
|l|☆big bod3
|player|p1|
