|j|☆francepower
|j|☆The_Kerminator8
|t:|1769428991
|gametype|singles
|player|p1|francepower|dancer|1088
|player|p2|The_Kerminator8|waiter-gen4dp|1106
|gen|9
|tier|[Gen 9] OU
|rated|
|rule|HP Percentage Mod: HP is shown in percentages
|rule|Endless Battle Clause: Forcing endless battles is banned
|rule|Species Clause: Limit one of each Pokémon
|rule|OHKO Clause: OHKO moves are banned
|rule|Evasion Items Clause: Evasion items are banned
|rule|Evasion Moves Clause: Evasion moves are banned
|rule|Evasion Abilities Clause: Evasion abilities are banned
|rule|Sleep Moves Clause: Sleep-inducing moves are banned
|clearpoke
|poke|p1|Floatzel, M|
|poke|p1|Komala, M|
|poke|p1|Lucario, F|
|poke|p1|Mimikyu, M|
|poke|p1|Dragonite, M|
|poke|p1|Pelipper, M|
|poke|p2|Tyranitar, M|
|poke|p2|Excadrill, M|
|poke|p2|Hydrapple, M|
|poke|p2|Enamorus, F|
|poke|p2|Garganacl, F|
|poke|p2|Alomomola, F|
|teampreview
|
|t:|1769429010
|teamsize|p1|6
|teamsize|p2|6
|start
|switch|p1a: Komala|Komala, M|100/100
|switch|p2a: Tyranitar|Tyranitar, M|100/100
|-weather|Sandstorm|[from] ability: Sand Stream|[of] p2a: Tyranitar
|-ability|p1a: Komala|Comatose
|turn|1
|
|t:|1769429022
|switch|p2a: Alomomola|Alomomola, F|100/100
|move|p1a: Komala|Earthquake|p2a: Alomomola
|-damage|p2a: Alomomola|79/100
|
|-weather|Sandstorm|[upkeep]
|-damage|p1a: Komala|95/100|[from] Sandstorm
|-damage|p2a: Alomomola|73/100|[from] Sandstorm
|upkeep
|turn|2
|
|t:|1769429040
|move|p1a: Komala|Wood Hammer|p2a: Alomomola
|-supereffective|p2a: Alomomola
|-damage|p2a: Alomomola|14/100
|-damage|p1a: Komala|67/100|[from] Recoil
|move|p2a: Alomomola|Flip Turn|p1a: Komala
|-damage|p1a: Komala|42/100
|
|t:|1769429051
|switch|p2a: Excadrill|Excadrill, M|100/100|[from] Flip Turn
|
|-weather|Sandstorm|[upkeep]
|-damage|p1a: Komala|36/100|[from] Sandstorm
|upkeep
|turn|3
|
|t:|1769429058
|move|p2a: Excadrill|Earthquake|p1a: Komala
|-damage|p1a: Komala|0 fnt
|faint|p1a: Komala
|
|-weather|Sandstorm|[upkeep]
|upkeep
|
|t:|1769429069
|switch|p1a: Pelipper|Pelipper, M|100/100
|-weather|RainDance|[from] ability: Drizzle|[of] p1a: Pelipper
|turn|4
|
|t:|1769429080
|switch|p2a: Alomomola|Alomomola, F|48/100
|move|p1a: Pelipper|Surf|p2a: Alomomola
|-resisted|p2a: Alomomola
|-damage|p2a: Alomomola|31/100
|
|-weather|RainDance|[upkeep]
|upkeep
|turn|5
|
|t:|1769429087
|move|p1a: Pelipper|Tailwind|p1a: Pelipper
|-sidestart|p1: francepower|move: Tailwind
|move|p2a: Alomomola|Flip Turn|p1a: Pelipper
|-resisted|p1a: Pelipper
|-damage|p1a: Pelipper|87/100
|
|t:|1769429096
|switch|p2a: Tyranitar|Tyranitar, M|100/100|[from] Flip Turn
|-weather|Sandstorm|[from] ability: Sand Stream|[of] p2a: Tyranitar
|
|-weather|Sandstorm|[upkeep]
|-damage|p1a: Pelipper|81/100|[from] Sandstorm
|upkeep
|turn|6
|
|t:|1769429110
|switch|p1a: Mimikyu|Mimikyu, M|100/100
|move|p2a: Tyranitar|Stone Edge|p1a: Mimikyu
|-activate|p1a: Mimikyu|ability: Disguise
|-damage|p1a: Mimikyu|100/100
|detailschange|p1a: Mimikyu|Mimikyu-Busted, M
|-damage|p1a: Mimikyu|88/100|[from] pokemon: Mimikyu-Busted
|
|-weather|Sandstorm|[upkeep]
|-damage|p1a: Mimikyu|82/100|[from] Sandstorm
|upkeep
|turn|7
|
|t:|1769429122
|move|p1a: Mimikyu|Play Rough|p2a: Tyranitar
|-supereffective|p2a: Tyranitar
|-damage|p2a: Tyranitar|27/100
|move|p2a: Tyranitar|Stone Edge|p1a: Mimikyu
|-damage|p1a: Mimikyu|0 fnt
|faint|p1a: Mimikyu
|
|-weather|Sandstorm|[upkeep]
|upkeep
|
|t:|1769429136
|switch|p1a: Dragonite|Dragonite, M|100/100
|turn|8
|
|t:|1769429143
|switch|p2a: Alomomola|Alomomola, F|64/100
|move|p1a: Dragonite|Dragon Claw|p2a: Alomomola
|-damage|p2a: Alomomola|34/100
|
|-weather|Sandstorm|[upkeep]
|-damage|p1a: Dragonite|94/100|[from] Sandstorm
|-damage|p2a: Alomomola|28/100|[from] Sandstorm
|-heal|p1a: Dragonite|100/100|[from] item: Leftovers
|-sideend|p1: francepower|move: Tailwind
|upkeep
|turn|9
|
|t:|1769429153
|switch|p2a: Garganacl|Garganacl, F|100/100
|move|p1a: Dragonite|Dragon Claw|p2a: Garganacl
|-damage|p2a: Garganacl|69/100
|
|-weather|none
|-heal|p2a: Garganacl|75/100|[from] item: Leftovers
|upkeep
|turn|10
|
|t:|1769429163
|move|p1a: Dragonite|Dragon Claw|p2a: Garganacl
|-damage|p2a: Garganacl|46/100
|move|p2a: Garganacl|Salt Cure|p1a: Dragonite
|-supereffective|p1a: Dragonite
|-damage|p1a: Dragonite|67/100
|-start|p1a: Dragonite|Salt Cure
|
|-heal|p1a: Dragonite|73/100|[from] item: Leftovers
|-heal|p2a: Garganacl|52/100|[from] item: Leftovers
|-damage|p1a: Dragonite|61/100|[from] Salt Cure
|upkeep
|turn|11
|
|t:|1769429173
|move|p1a: Dragonite|Dragon Claw|p2a: Garganacl
|-damage|p2a: Garganacl|24/100
|move|p2a: Garganacl|Recover|p2a: Garganacl
|-heal|p2a: Garganacl|74/100
|
|-heal|p1a: Dragonite|67/100|[from] item: Leftovers
|-heal|p2a: Garganacl|80/100|[from] item: Leftovers
|-damage|p1a: Dragonite|55/100|[from] Salt Cure
|upkeep
|turn|12
|
|t:|1769429184
|move|p1a: Dragonite|Dragon Claw|p2a: Garganacl
|-damage|p2a: Garganacl|51/100
|move|p2a: Garganacl|Stealth Rock|p1a: Dragonite
|-sidestart|p1: francepower|move: Stealth Rock
|
|-heal|p1a: Dragonite|61/100|[from] item: Leftovers
|-heal|p2a: Garganacl|57/100|[from] item: Leftovers
|-damage|p1a: Dragonite|48/100|[from] Salt Cure
|upkeep
|turn|13
|
|t:|1769429193
|move|p1a: Dragonite|Dragon Claw|p2a: Garganacl
|-damage|p2a: Garganacl|25/100
|move|p2a: Garganacl|Recover|p2a: Garganacl
|-heal|p2a: Garganacl|75/100
|
|-heal|p1a: Dragonite|55/100|[from] item: Leftovers
|-heal|p2a: Garganacl|82/100|[from] item: Leftovers
|-damage|p1a: Dragonite|42/100|[from] Salt Cure
|upkeep
|turn|14
|
|t:|1769429216
|switch|p1a: Pelipper|Pelipper, M|81/100
|-damage|p1a: Pelipper|56/100|[from] Stealth Rock
|-weather|RainDance|[from] ability: Drizzle|[of] p1a: Pelipper
|move|p2a: Garganacl|Recover|p2a: Garganacl
|-heal|p2a: Garganacl|100/100
|
|-weather|RainDance|[upkeep]
|upkeep
|turn|15
|
|t:|1769429228
|switch|p2a: Alomomola|Alomomola, F|61/100
|move|p1a: Pelipper|Surf|p2a: Alomomola
|-resisted|p2a: Alomomola
|-damage|p2a: Alomomola|44/100
|
|-weather|RainDance|[upkeep]
|upkeep
|turn|16
|
|t:|1769429237
|move|p1a: Pelipper|Tailwind|p1a: Pelipper
|-sidestart|p1: francepower|move: Tailwind
|move|p2a: Alomomola|Flip Turn|p1a: Pelipper
|-resisted|p1a: Pelipper
|-crit|p1a: Pelipper
|-damage|p1a: Pelipper|36/100
|
|t:|1769429242
|switch|p2a: Tyranitar|Tyranitar, M|27/100|[from] Flip Turn
|-weather|Sandstorm|[from] ability: Sand Stream|[of] p2a: Tyranitar
|
|-weather|Sandstorm|[upkeep]
|-damage|p1a: Pelipper|30/100|[from] Sandstorm
|upkeep
|turn|17
|
|t:|1769429250
|switch|p2a: Alomomola|Alomomola, F|77/100
|move|p1a: Pelipper|Surf|p2a: Alomomola
|-resisted|p2a: Alomomola
|-damage|p2a: Alomomola|66/100
|
|-weather|Sandstorm|[upkeep]
|-damage|p1a: Pelipper|23/100|[from] Sandstorm
|-damage|p2a: Alomomola|60/100|[from] Sandstorm
|upkeep
|turn|18
|
|t:|1769429259
|move|p1a: Pelipper|U-turn|p2a: Alomomola
|-damage|p2a: Alomomola|55/100
|
|t:|1769429263
|switch|p1a: Lucario|Lucario, F|100/100|[from] U-turn
|-damage|p1a: Lucario|98/100|[from] Stealth Rock
|move|p2a: Alomomola|Body Slam|p1a: Lucario
|-resisted|p1a: Lucario
|-damage|p1a: Lucario|83/100
|
|-weather|Sandstorm|[upkeep]
|-damage|p2a: Alomomola|49/100|[from] Sandstorm
|upkeep
|turn|19
|
|t:|1769429283
|move|p1a: Lucario|Thunder Punch|p2a: Alomomola
|-supereffective|p2a: Alomomola
|-damage|p2a: Alomomola|14/100
|move|p2a: Alomomola|Scald|p1a: Lucario
|-damage|p1a: Lucario|62/100
|-status|p1a: Lucario|brn
|
|-weather|Sandstorm|[upkeep]
|-damage|p2a: Alomomola|7/100|[from] Sandstorm
|-damage|p1a: Lucario|56/100 brn|[from] brn
|-sideend|p1: francepower|move: Tailwind
|upkeep
|turn|20
|
|t:|1769429296
|switch|p2a: Excadrill|Excadrill, M|100/100
|move|p1a: Lucario|Thunder Punch|p2a: Excadrill
|-immune|p2a: Excadrill
|
|-weather|none
|-damage|p1a: Lucario|50/100 brn|[from] brn
|upkeep
|turn|21
|
|t:|1769429315
|move|p2a: Excadrill|Substitute|p2a: Excadrill
|-start|p2a: Excadrill|Substitute
|-damage|p2a: Excadrill|76/100
|move|p1a: Lucario|Aura Sphere|p2a: Excadrill
|-supereffective|p2a: Excadrill
|-end|p2a: Excadrill|Substitute
|
|-heal|p2a: Excadrill|82/100|[from] item: Leftovers
|-damage|p1a: Lucario|44/100 brn|[from] brn
|upkeep
|turn|22
|
|t:|1769429325
|move|p2a: Excadrill|Earthquake|p1a: Lucario
|-supereffective|p1a: Lucario
|-damage|p1a: Lucario|0 fnt
|faint|p1a: Lucario
|
|-heal|p2a: Excadrill|88/100|[from] item: Leftovers
|upkeep
|
|t:|1769429332
|switch|p1a: Pelipper|Pelipper, M|23/100
|-damage|p1a: Pelipper|0 fnt|[from] Stealth Rock
|faint|p1a: Pelipper
|
|t:|1769429336
|switch|p1a: Floatzel|Floatzel, M, shiny|100/100
|-damage|p1a: Floatzel|88/100|[from] Stealth Rock
|turn|23
|
|t:|1769429342
|switch|p2a: Alomomola|Alomomola, F|41/100
|-terastallize|p1a: Floatzel|Water
|move|p1a: Floatzel|Waterfall|p2a: Alomomola
|-resisted|p2a: Alomomola
|-damage|p2a: Alomomola|17/100
|
|upkeep
|turn|24
|
|t:|1769429352
|switch|p2a: Hydrapple|Hydrapple, M|100/100
|move|p1a: Floatzel|Waterfall|p2a: Hydrapple
|-resisted|p2a: Hydrapple
|-damage|p2a: Hydrapple|90/100
|-damage|p1a: Floatzel|72/100|[from] item: Rocky Helmet|[of] p2a: Hydrapple
|
|upkeep
|turn|25
|-message|francepower forfeited.
|
|win|The_Kerminator8
|raw|francepower's rating: 1088 &rarr; <strong>1066</strong><br />(-22 for losing)
|raw|The_Kerminator8's rating: 1106 &rarr; <strong>1130</strong><br />(+24 for winning)
|l|☆francepower
|player|p1|
|l|☆The_Kerminator8
|player|p2|
