|j|☆hqzzq
|j|☆snitker
|t:|1769446526
|gametype|singles
|player|p1|hqzzq|169|1245
|player|p2|snitker|pokefan-gen4|1276
|gen|9
|tier|[Gen 9] OU
|rated|
|rule|HP Percentage Mod: HP is shown in percentages
|rule|Endless Battle Clause: Forcing endless battles is banned
|rule|Species Clause: Limit one of each Pokémon
|rule|OHKO Clause: OHKO moves are banned
|rule|Evasion Items Clause: Evasion items are banned
|rule|Evasion Moves Clause: Evasion moves are banned
|rule|Evasion Abilities Clause: Evasion abilities are banned
|rule|Sleep Moves Clause: Sleep-inducing moves are banned
|clearpoke
|poke|p1|Probopass, F|
|poke|p1|Ninetales-Alola, M|
|poke|p1|Dragapult, M|
|poke|p1|Pecharunt|
|poke|p1|Ogerpon-Wellspring, F|
|poke|p1|Great Tusk|
|poke|p2|Slowking-Galar, M|
|poke|p2|Zarude-Dada|
|poke|p2|Tornadus-Therian, M|
|poke|p2|Golem-Alola, M|
|poke|p2|Electrode-Hisui|
|poke|p2|Landorus-Therian, M|
|teampreview
|inactive|Battle timer is ON: inactive players will automatically lose when time's up. (requested by snitker)
|
|t:|1769446538
|teamsize|p1|6
|teamsize|p2|6
|start
|switch|p1a: Ninetales|Ninetales-Alola, M|100/100
|switch|p2a: Electrode|Electrode-Hisui|100/100
|-weather|Snowscape|[from] ability: Snow Warning|[of] p1a: Ninetales
|turn|1
|
|t:|1769446547
|move|p2a: Electrode|Thunder Wave|p1a: Ninetales|[miss]
|-miss|p2a: Electrode|p1a: Ninetales
|move|p1a: Ninetales|Aurora Veil|p1a: Ninetales
|-sidestart|p1: hqzzq|move: Aurora Veil
|
|-weather|Snowscape|[upkeep]
|upkeep
|turn|2
|
|t:|1769446560
|move|p2a: Electrode|Thunder Wave|p1a: Ninetales
|-status|p1a: Ninetales|par
|move|p1a: Ninetales|Freeze-Dry|p2a: Electrode
|-supereffective|p2a: Electrode
|-damage|p2a: Electrode|31/100
|
|-weather|Snowscape|[upkeep]
|upkeep
|turn|3
|
|t:|1769446566
|switch|p2a: Slowking|Slowking-Galar, M|100/100
|move|p1a: Ninetales|Freeze-Dry|p2a: Slowking
|-damage|p2a: Slowking|91/100
|
|-weather|Snowscape|[upkeep]
|upkeep
|turn|4
|
|t:|1769446572
|switch|p1a: Dragapult|Dragapult, M|100/100
|move|p2a: Slowking|Sludge Wave|p1a: Dragapult
|-resisted|p1a: Dragapult
|-damage|p1a: Dragapult|88/100
|
|-weather|Snowscape|[upkeep]
|-heal|p1a: Dragapult|94/100|[from] item: Leftovers
|upkeep
|turn|5
|
|t:|1769446583
|switch|p2a: Zarude|Zarude-Dada|100/100
|move|p1a: Dragapult|Substitute|p1a: Dragapult
|-start|p1a: Dragapult|Substitute
|-damage|p1a: Dragapult|70/100
|
|-weather|none
|-heal|p1a: Dragapult|76/100|[from] item: Leftovers
|upkeep
|turn|6
|
|t:|1769446587
|move|p1a: Dragapult|Dragon Dance|p1a: Dragapult
|-boost|p1a: Dragapult|atk|1
|-boost|p1a: Dragapult|spe|1
|move|p2a: Zarude|Knock Off|p1a: Dragapult
|-supereffective|p1a: Dragapult
|-end|p1a: Dragapult|Substitute
|
|-heal|p1a: Dragapult|82/100|[from] item: Leftovers
|upkeep
|turn|7
|
|t:|1769446606
|-terastallize|p1a: Dragapult|Dragon
|move|p1a: Dragapult|Dragon Dance|p1a: Dragapult
|-boost|p1a: Dragapult|atk|1
|-boost|p1a: Dragapult|spe|1
|move|p2a: Zarude|U-turn|p1a: Dragapult
|-damage|p1a: Dragapult|70/100
|inactive|snitker has 120 seconds left.
|
|t:|1769446644
|switch|p2a: Landorus|Landorus-Therian, M|100/100|[from] U-turn
|-ability|p2a: Landorus|Intimidate|boost
|-fail|p1a: Dragapult|unboost|[from] ability: Clear Body|[of] p1a: Dragapult
|
|-heal|p1a: Dragapult|76/100|[from] item: Leftovers
|upkeep
|turn|8
|inactive|snitker has 120 seconds left.
|
|t:|1769446655
|switch|p2a: Electrode|Electrode-Hisui|31/100
|move|p1a: Dragapult|Dragon Darts|p2a: Electrode
|-damage|p2a: Electrode|0 fnt
|faint|p2a: Electrode
|
|-heal|p1a: Dragapult|82/100|[from] item: Leftovers
|-sideend|p1: hqzzq|move: Aurora Veil
|upkeep
|inactive|snitker has 120 seconds left.
|
|t:|1769446665
|switch|p2a: Golem|Golem-Alola, M|100/100
|turn|9
|inactive|snitker has 120 seconds left.
|
|t:|1769446672
|move|p1a: Dragapult|Dragon Darts|p2a: Golem
|-damage|p2a: Golem|50/100
|-anim|p1a: Dragapult|Dragon Darts|p2a: Golem
|-damage|p2a: Golem|4/100
|move|p2a: Golem|Explosion|p1a: Dragapult
|-resisted|p1a: Dragapult
|-damage|p1a: Dragapult|0 fnt
|faint|p2a: Golem
|faint|p1a: Dragapult
|
|upkeep
|inactive|snitker has 120 seconds left.
|inactive|hqzzq has 120 seconds left.
|
|t:|1769446706
|switch|p1a: Pecharunt|Pecharunt|100/100
|switch|p2a: Tornadus|Tornadus-Therian, M|100/100
|turn|10
|
|t:|1769446711
|move|p2a: Tornadus|Knock Off|p1a: Pecharunt
|-supereffective|p1a: Pecharunt
|-damage|p1a: Pecharunt|68/100
|-enditem|p1a: Pecharunt|Leftovers|[from] move: Knock Off|[of] p2a: Tornadus
|-damage|p2a: Tornadus|91/100|[from] item: Life Orb
|move|p1a: Pecharunt|Malignant Chain|p2a: Tornadus
|-damage|p2a: Tornadus|51/100
|
|upkeep
|turn|11
|
|t:|1769446724
|move|p2a: Tornadus|Air Slash|p1a: Pecharunt
|-damage|p1a: Pecharunt|23/100
|-damage|p2a: Tornadus|42/100|[from] item: Life Orb
|move|p1a: Pecharunt|Malignant Chain|p2a: Tornadus
|-damage|p2a: Tornadus|8/100
|
|upkeep
|turn|12
|
|t:|1769446733
|switch|p2a: Slowking|Slowking-Galar, M|100/100
|switch|p1a: Probopass|Probopass, F|100/100
|
|upkeep
|turn|13
|inactive|snitker has 120 seconds left.
|
|t:|1769446741
|switch|p2a: Landorus|Landorus-Therian, M|100/100
|-ability|p2a: Landorus|Intimidate|boost
|-unboost|p1a: Probopass|atk|1
|move|p1a: Probopass|Thunder Wave|p2a: Landorus
|-immune|p2a: Landorus
|
|upkeep
|turn|14
|inactive|snitker has 120 seconds left.
|
|t:|1769446752
|switch|p1a: Ninetales|Ninetales-Alola, M|100/100 par
|-weather|Snowscape|[from] ability: Snow Warning|[of] p1a: Ninetales
|move|p2a: Landorus|U-turn|p1a: Ninetales
|-resisted|p1a: Ninetales
|-damage|p1a: Ninetales|90/100 par
|inactive|snitker has 120 seconds left.
|
|t:|1769446759
|switch|p2a: Zarude|Zarude-Dada|100/100|[from] U-turn
|
|-weather|Snowscape|[upkeep]
|upkeep
|turn|15
|
|t:|1769446766
|move|p2a: Zarude|Power Whip|p1a: Ninetales
|-damage|p1a: Ninetales|48/100 par
|move|p1a: Ninetales|Aurora Veil|p1a: Ninetales
|-sidestart|p1: hqzzq|move: Aurora Veil
|
|-weather|Snowscape|[upkeep]
|upkeep
|turn|16
|
|t:|1769446776
|switch|p2a: Slowking|Slowking-Galar, M|100/100
|move|p1a: Ninetales|Freeze-Dry|p2a: Slowking
|-damage|p2a: Slowking|90/100
|-status|p2a: Slowking|frz
|
|-weather|Snowscape|[upkeep]
|upkeep
|turn|17
|
|t:|1769446786
|switch|p1a: Ogerpon|Ogerpon-Wellspring, F|100/100
|cant|p2a: Slowking|frz
|
|-weather|Snowscape|[upkeep]
|upkeep
|turn|18
|
|t:|1769446792
|switch|p2a: Landorus|Landorus-Therian, M|100/100
|-ability|p2a: Landorus|Intimidate|boost
|-unboost|p1a: Ogerpon|atk|1
|move|p1a: Ogerpon|Substitute|p1a: Ogerpon
|-start|p1a: Ogerpon|Substitute
|-damage|p1a: Ogerpon|76/100
|
|-weather|none
|upkeep
|turn|19
|
|t:|1769446796
|move|p2a: Landorus|U-turn|p1a: Ogerpon
|-supereffective|p1a: Ogerpon
|-end|p1a: Ogerpon|Substitute
|
|t:|1769446805
|switch|p2a: Slowking|Slowking-Galar, M|100/100 frz|[from] U-turn
|move|p1a: Ogerpon|Ivy Cudgel|p2a: Slowking|[anim] Ivy Cudgel Water
|-damage|p2a: Slowking|61/100 frz
|
|upkeep
|turn|20
|
|t:|1769446811
|switch|p1a: Pecharunt|Pecharunt|23/100
|cant|p2a: Slowking|frz
|
|upkeep
|turn|21
|
|t:|1769446836
|move|p1a: Pecharunt|Recover|p1a: Pecharunt
|-heal|p1a: Pecharunt|73/100
|cant|p2a: Slowking|frz
|
|upkeep
|turn|22
|
|t:|1769446840
|move|p1a: Pecharunt|Nasty Plot|p1a: Pecharunt
|-boost|p1a: Pecharunt|spa|2
|cant|p2a: Slowking|frz
|
|-sideend|p1: hqzzq|move: Aurora Veil
|upkeep
|turn|23
|
|t:|1769446848
|move|p1a: Pecharunt|Shadow Ball|p2a: Slowking
|-supereffective|p2a: Slowking
|-damage|p2a: Slowking|13/100 frz
|cant|p2a: Slowking|frz
|
|upkeep
|turn|24
|
|t:|1769446858
|move|p1a: Pecharunt|Shadow Ball|p2a: Slowking
|-supereffective|p2a: Slowking
|-damage|p2a: Slowking|0 fnt
|faint|p2a: Slowking
|
|upkeep
|c|☆snitker|wow
|
|t:|1769446864
|switch|p2a: Landorus|Landorus-Therian, M|100/100
|-ability|p2a: Landorus|Intimidate|boost
|-unboost|p1a: Pecharunt|atk|1
|turn|25
|
|t:|1769446873
|-terastallize|p2a: Landorus|Ground
|move|p2a: Landorus|Earthquake|p1a: Pecharunt
|-supereffective|p1a: Pecharunt
|-crit|p1a: Pecharunt
|-damage|p1a: Pecharunt|0 fnt
|faint|p1a: Pecharunt
|
|upkeep
|
|t:|1769446882
|switch|p1a: Ninetales|Ninetales-Alola, M|48/100 par
|-weather|Snowscape|[from] ability: Snow Warning|[of] p1a: Ninetales
|turn|26
|
|t:|1769446888
|move|p2a: Landorus|Earthquake|p1a: Ninetales
|-damage|p1a: Ninetales|0 fnt
|faint|p1a: Ninetales
|
|-weather|Snowscape|[upkeep]
|upkeep
|inactive|hqzzq has 120 seconds left.
|
|t:|1769446937
|switch|p1a: Ogerpon|Ogerpon-Wellspring, F|76/100
|turn|27
|inactive|snitker has 120 seconds left.
|
|t:|1769446969
|switch|p2a: Zarude|Zarude-Dada|100/100
|move|p1a: Ogerpon|Ivy Cudgel|p2a: Zarude|[anim] Ivy Cudgel Water
|-resisted|p2a: Zarude
|-damage|p2a: Zarude|83/100
|
|-weather|Snowscape|[upkeep]
|-heal|p2a: Zarude|89/100|[from] item: Leftovers
|upkeep
|turn|28
|
|t:|1769446978
|switch|p1a: Probopass|Probopass, F|100/100
|move|p2a: Zarude|Power Whip|p1a: Probopass
|-damage|p1a: Probopass|73/100
|-damage|p2a: Zarude|72/100|[from] item: Rocky Helmet|[of] p1a: Probopass
|
|-weather|Snowscape|[upkeep]
|-heal|p2a: Zarude|78/100|[from] item: Leftovers
|upkeep
|turn|29
|inactive|snitker has 120 seconds left.
|
|t:|1769447009
|move|p2a: Zarude|Knock Off|p1a: Probopass
|-damage|p1a: Probopass|48/100
|-damage|p2a: Zarude|62/100|[from] item: Rocky Helmet|[of] p1a: Probopass
|-enditem|p1a: Probopass|Rocky Helmet|[from] move: Knock Off|[of] p2a: Zarude
|move|p1a: Probopass|Body Press|p2a: Zarude
|-supereffective|p2a: Zarude
|-damage|p2a: Zarude|23/100
|
|-weather|Snowscape|[upkeep]
|-heal|p2a: Zarude|29/100|[from] item: Leftovers
|upkeep
|turn|30
|
|t:|1769447016
|move|p2a: Zarude|Synthesis|p2a: Zarude
|-heal|p2a: Zarude|54/100
|move|p1a: Probopass|Body Press|p2a: Zarude
|-supereffective|p2a: Zarude
|-damage|p2a: Zarude|19/100
|
|-weather|none
|-heal|p2a: Zarude|25/100|[from] item: Leftovers
|upkeep
|turn|31
|inactive|snitker has 120 seconds left.
|
|t:|1769447022
|move|p2a: Zarude|Synthesis|p2a: Zarude
|-heal|p2a: Zarude|75/100
|move|p1a: Probopass|Thunder Wave|p2a: Zarude
|-status|p2a: Zarude|par
|
|-heal|p2a: Zarude|81/100 par|[from] item: Leftovers
|upkeep
|turn|32
|
|t:|1769447027
|move|p2a: Zarude|Power Whip|p1a: Probopass
|-damage|p1a: Probopass|22/100
|move|p1a: Probopass|Body Press|p2a: Zarude
|-supereffective|p2a: Zarude
|-damage|p2a: Zarude|44/100 par
|
|-heal|p2a: Zarude|50/100 par|[from] item: Leftovers
|upkeep
|turn|33
|
|t:|1769447032
|move|p2a: Zarude|Synthesis|p2a: Zarude
|-heal|p2a: Zarude|99/100 par
|move|p1a: Probopass|Body Press|p2a: Zarude
|-supereffective|p2a: Zarude
|-damage|p2a: Zarude|62/100 par
|
|-heal|p2a: Zarude|68/100 par|[from] item: Leftovers
|upkeep
|turn|34
|
|t:|1769447035
|move|p2a: Zarude|Power Whip|p1a: Probopass
|-damage|p1a: Probopass|0 fnt
|faint|p1a: Probopass
|
|-heal|p2a: Zarude|74/100 par|[from] item: Leftovers
|upkeep
|
|t:|1769447039
|switch|p1a: Ogerpon|Ogerpon-Wellspring, F|76/100
|turn|35
|
|t:|1769447060
|switch|p1a: Great Tusk|Great Tusk|100/100
|-enditem|p1a: Great Tusk|Booster Energy
|-activate|p1a: Great Tusk|ability: Protosynthesis|[fromitem]
|-start|p1a: Great Tusk|protosynthesisspe
|move|p2a: Zarude|Power Whip|p1a: Great Tusk
|-supereffective|p1a: Great Tusk
|-damage|p1a: Great Tusk|44/100
|
|-heal|p2a: Zarude|80/100 par|[from] item: Leftovers
|upkeep
|turn|36
|
|t:|1769447086
|move|p1a: Great Tusk|Close Combat|p2a: Zarude
|-supereffective|p2a: Zarude
|-crit|p2a: Zarude
|-damage|p2a: Zarude|0 fnt
|-unboost|p1a: Great Tusk|def|1
|-unboost|p1a: Great Tusk|spd|1
|faint|p2a: Zarude
|
|upkeep
|
|t:|1769447091
|switch|p2a: Tornadus|Tornadus-Therian, M|41/100
|turn|37
|
|t:|1769447099
|switch|p2a: Landorus|Landorus-Therian, M, tera:Ground|100/100
|-ability|p2a: Landorus|Intimidate|boost
|-unboost|p1a: Great Tusk|atk|1
|move|p1a: Great Tusk|Knock Off|p2a: Landorus
|-damage|p2a: Landorus|77/100
|-enditem|p2a: Landorus|Choice Scarf|[from] move: Knock Off|[of] p1a: Great Tusk
|
|upkeep
|turn|38
|
|t:|1769447118
|move|p1a: Great Tusk|Headlong Rush|p2a: Landorus
|-damage|p2a: Landorus|34/100
|-unboost|p1a: Great Tusk|def|1
|-unboost|p1a: Great Tusk|spd|1
|move|p2a: Landorus|U-turn|p1a: Great Tusk
|-resisted|p1a: Great Tusk
|-damage|p1a: Great Tusk|28/100
|
|t:|1769447122
|switch|p2a: Tornadus|Tornadus-Therian, M|74/100|[from] U-turn
|
|upkeep
|turn|39
|
|t:|1769447129
|move|p1a: Great Tusk|Knock Off|p2a: Tornadus
|-damage|p2a: Tornadus|49/100
|-enditem|p2a: Tornadus|Life Orb|[from] move: Knock Off|[of] p1a: Great Tusk
|move|p2a: Tornadus|U-turn|p1a: Great Tusk
|-resisted|p1a: Great Tusk
|-damage|p1a: Great Tusk|18/100
|
|t:|1769447132
|switch|p2a: Landorus|Landorus-Therian, M, tera:Ground|34/100|[from] U-turn
|-ability|p2a: Landorus|Intimidate|boost
|-unboost|p1a: Great Tusk|atk|1
|
|upkeep
|turn|40
|
|t:|1769447138
|move|p1a: Great Tusk|Headlong Rush|p2a: Landorus
|-damage|p2a: Landorus|5/100
|-unboost|p1a: Great Tusk|def|1
|-unboost|p1a: Great Tusk|spd|1
|move|p2a: Landorus|Earthquake|p1a: Great Tusk
|-damage|p1a: Great Tusk|0 fnt
|faint|p1a: Great Tusk
|-end|p1a: Great Tusk|Protosynthesis|[silent]
|
|upkeep
|
|t:|1769447142
|switch|p1a: Ogerpon|Ogerpon-Wellspring, F|76/100
|turn|41
|
|t:|1769447151
|move|p1a: Ogerpon|Ivy Cudgel|p2a: Landorus|[anim] Ivy Cudgel Water
|-supereffective|p2a: Landorus
|-crit|p2a: Landorus
|-damage|p2a: Landorus|0 fnt
|faint|p2a: Landorus
|
|upkeep
|
|t:|1769447177
|switch|p2a: Tornadus|Tornadus-Therian, M|82/100
|turn|42
|
|t:|1769447181
|move|p2a: Tornadus|Air Slash|p1a: Ogerpon
|-supereffective|p1a: Ogerpon
|-damage|p1a: Ogerpon|0 fnt
|faint|p1a: Ogerpon
|
|win|snitker
|raw|hqzzq's rating: 1245 &rarr; <strong>1222</strong><br />(-23 for losing)
|raw|snitker's rating: 1276 &rarr; <strong>1299</strong><br />(+23 for winning)
|c|☆hqzzq|ggs
|c|☆snitker|u2
|l|☆hqzzq
|player|p1|
|l|☆snitker
|player|p2|
