|j|☆Qplazm10
|j|☆OP Sand
|t:|1769339095
|gametype|singles
|player|p1|Qplazm10|turo-ai|1601
|player|p2|OP Sand|giovanni-masters|1620
|gen|9
|tier|[Gen 9] OU
|rated|
|rule|HP Percentage Mod: HP is shown in percentages
|rule|Endless Battle Clause: Forcing endless battles is banned
|rule|Species Clause: Limit one of each Pokémon
|rule|OHKO Clause: OHKO moves are banned
|rule|Evasion Items Clause: Evasion items are banned
|rule|Evasion Moves Clause: Evasion moves are banned
|rule|Evasion Abilities Clause: Evasion abilities are banned
|rule|Sleep Moves Clause: Sleep-inducing moves are banned
|clearpoke
|poke|p1|Hawlucha, M|
|poke|p1|Raging Bolt|
|poke|p1|Iron Leaves|
|poke|p1|Iron Treads|
|poke|p1|Iron Valiant|
|poke|p1|Pincurchin, M|
|poke|p2|Excadrill, M|
|poke|p2|Tyranitar, F|
|poke|p2|Kyurem|
|poke|p2|Hawlucha, M|
|poke|p2|Pawmot, M|
|poke|p2|Dudunsparce-*, M|
|teampreview
|inactive|Battle timer is ON: inactive players will automatically lose when time's up. (requested by OP Sand)
|inactive|Qplazm10 also wants the timer to be on.
|
|t:|1769339107
|teamsize|p1|6
|teamsize|p2|6
|start
|switch|p1a: The Urchinator|Pincurchin, M|100/100
|switch|p2a: Luck Voltia|Dudunsparce, M|100/100
|-fieldstart|move: Electric Terrain|[from] ability: Electric Surge|[of] p1a: The Urchinator
|turn|1
|inactive|Qplazm10 has 120 seconds left.
|
|t:|1769339138
|switch|p1a: Tronphan|Iron Treads|100/100
|-activate|p1a: Tronphan|ability: Quark Drive
|-start|p1a: Tronphan|quarkdrivespe
|move|p2a: Luck Voltia|Coil|p2a: Luck Voltia
|-boost|p2a: Luck Voltia|atk|1
|-boost|p2a: Luck Voltia|def|1
|-boost|p2a: Luck Voltia|accuracy|1
|
|upkeep
|turn|2
|inactive|Qplazm10 has 120 seconds left.
|
|t:|1769339168
|move|p1a: Tronphan|Earthquake|p2a: Luck Voltia
|-damage|p2a: Luck Voltia|76/100
|-damage|p1a: Tronphan|91/100|[from] item: Life Orb
|move|p2a: Luck Voltia|Glare|p1a: Tronphan
|-status|p1a: Tronphan|par
|
|upkeep
|turn|3
|
|t:|1769339182
|cant|p1a: Tronphan|par
|move|p2a: Luck Voltia|Coil|p2a: Luck Voltia
|-boost|p2a: Luck Voltia|atk|1
|-boost|p2a: Luck Voltia|def|1
|-boost|p2a: Luck Voltia|accuracy|1
|
|upkeep
|turn|4
|
|t:|1769339186
|move|p1a: Tronphan|Stealth Rock|p2a: Luck Voltia
|-sidestart|p2: OP Sand|move: Stealth Rock
|move|p2a: Luck Voltia|Coil|p2a: Luck Voltia
|-boost|p2a: Luck Voltia|atk|1
|-boost|p2a: Luck Voltia|def|1
|-boost|p2a: Luck Voltia|accuracy|1
|
|upkeep
|turn|5
|inactive|Qplazm10 has 120 seconds left.
|
|t:|1769339198
|move|p1a: Tronphan|Earthquake|p2a: Luck Voltia
|-damage|p2a: Luck Voltia|62/100
|-damage|p1a: Tronphan|81/100 par|[from] item: Life Orb
|move|p2a: Luck Voltia|Coil|p2a: Luck Voltia
|-boost|p2a: Luck Voltia|atk|1
|-boost|p2a: Luck Voltia|def|1
|-boost|p2a: Luck Voltia|accuracy|1
|
|upkeep
|turn|6
|inactive|Qplazm10 has 120 seconds left.
|-activate|p2a: Luck Voltia|item: Quick Claw
|
|t:|1769339215
|move|p2a: Luck Voltia|Roost|p2a: Luck Voltia
|-heal|p2a: Luck Voltia|100/100
|-singleturn|p2a: Luck Voltia|move: Roost
|cant|p1a: Tronphan|par
|
|upkeep
|turn|7
|
|t:|1769339223
|-end|p1a: Tronphan|Quark Drive|[silent]
|switch|p1a: Great Neck|Raging Bolt|100/100
|move|p2a: Luck Voltia|Coil|p2a: Luck Voltia
|-boost|p2a: Luck Voltia|atk|1
|-boost|p2a: Luck Voltia|def|1
|-boost|p2a: Luck Voltia|accuracy|1
|
|upkeep
|turn|8
|
|t:|1769339243
|switch|p2a: OP|Excadrill, M|100/100
|-damage|p2a: OP|97/100|[from] Stealth Rock
|move|p1a: Great Neck|Rising Voltage|p2a: OP
|-immune|p2a: OP
|
|-fieldend|move: Electric Terrain
|upkeep
|turn|9
|
|t:|1769339252
|-end|p1a: Great Neck|Protosynthesis|[silent]
|switch|p1a: Tronphan|Iron Treads|81/100 par
|move|p2a: OP|Earthquake|p1a: Tronphan
|-supereffective|p1a: Tronphan
|-damage|p1a: Tronphan|0 fnt
|faint|p1a: Tronphan
|-end|p1a: Tronphan|Quark Drive|[silent]
|
|upkeep
|
|t:|1769339255
|switch|p1a: The Urchinator|Pincurchin, M|100/100
|-fieldstart|move: Electric Terrain|[from] ability: Electric Surge|[of] p1a: The Urchinator
|turn|10
|
|t:|1769339261
|switch|p2a: Itachi Uchiha|Hawlucha, M, shiny|100/100
|-damage|p2a: Itachi Uchiha|88/100|[from] Stealth Rock
|-ability|p2a: Itachi Uchiha|Mold Breaker
|switch|p1a: Nacho Libre|Hawlucha, M, shiny|100/100
|-enditem|p1a: Nacho Libre|Electric Seed
|-boost|p1a: Nacho Libre|def|1|[from] item: Electric Seed
|
|upkeep
|turn|11
|
|t:|1769339293
|-terastallize|p2a: Itachi Uchiha|Steel
|move|p1a: Nacho Libre|Acrobatics|p2a: Itachi Uchiha
|-resisted|p2a: Itachi Uchiha
|-damage|p2a: Itachi Uchiha|50/100
|-enditem|p2a: Itachi Uchiha|Red Card|[of] p1a: Nacho Libre
|drag|p1a: Galgaraze|Iron Valiant|100/100
|-activate|p1a: Galgaraze|ability: Quark Drive
|-start|p1a: Galgaraze|quarkdrivespe
|move|p2a: Itachi Uchiha|Defog|p1a: Galgaraze
|-unboost|p1a: Galgaraze|evasion|1
|-sideend|p2: OP Sand|Stealth Rock|[from] move: Defog|[of] p2a: Itachi Uchiha
|-fieldend|move: Electric Terrain
|-end|p1a: Galgaraze|Quark Drive
|
|upkeep
|turn|12
|inactive|Qplazm10 has 120 seconds left.
|
|t:|1769339310
|move|p2a: Itachi Uchiha|Brave Bird|p1a: Galgaraze
|-supereffective|p1a: Galgaraze
|-damage|p1a: Galgaraze|0 fnt
|faint|p1a: Galgaraze
|-end|p1a: Galgaraze|Quark Drive|[silent]
|-damage|p2a: Itachi Uchiha|19/100|[from] Recoil
|
|upkeep
|-message|Qplazm10 forfeited.
|
|win|OP Sand
|raw|Qplazm10's rating: 1601 &rarr; <strong>1582</strong><br />(-19 for losing)
|raw|OP Sand's rating: 1620 &rarr; <strong>1639</strong><br />(+19 for winning)
|l|☆Qplazm10
|player|p1|
