|j|☆Sergiofd
|j|☆austrifero
|t:|1769347859
|gametype|singles
|player|p1|Sergiofd|1|1302
|player|p2|austrifero|pilot|1289
|gen|9
|tier|[Gen 9] OU
|rated|
|rule|HP Percentage Mod: HP is shown in percentages
|rule|Endless Battle Clause: Forcing endless battles is banned
|rule|Species Clause: Limit one of each Pokémon
|rule|OHKO Clause: OHKO moves are banned
|rule|Evasion Items Clause: Evasion items are banned
|rule|Evasion Moves Clause: Evasion moves are banned
|rule|Evasion Abilities Clause: Evasion abilities are banned
|rule|Sleep Moves Clause: Sleep-inducing moves are banned
|clearpoke
|poke|p1|Sceptile, M|
|poke|p1|Staraptor, M|
|poke|p1|Arcanine, F|
|poke|p1|Lucario, M|
|poke|p1|Tyranitar, M|
|poke|p1|Darkrai|
|poke|p2|Gholdengo|
|poke|p2|Garganacl, M|
|poke|p2|Wo-Chien|
|poke|p2|Great Tusk|
|poke|p2|Raging Bolt|
|poke|p2|Primarina, F|
|teampreview
|inactive|Battle timer is ON: inactive players will automatically lose when time's up. (requested by Sergiofd)
|
|t:|1769347883
|teamsize|p1|6
|teamsize|p2|6
|start
|switch|p1a: Sceptile|Sceptile, M|100/100
|switch|p2a: Raging Bolt|Raging Bolt|100/100
|turn|1
|
|t:|1769347889
|move|p1a: Sceptile|Substitute|p1a: Sceptile
|-start|p1a: Sceptile|Substitute
|-damage|p1a: Sceptile|76/100
|move|p2a: Raging Bolt|Volt Switch|p1a: Sceptile
|-resisted|p1a: Sceptile
|-end|p1a: Sceptile|Substitute
|
|t:|1769347900
|-end|p2a: Raging Bolt|Protosynthesis|[silent]
|switch|p2a: Gholdengo|Gholdengo|100/100|[from] Volt Switch
|-item|p2a: Gholdengo|Air Balloon
|
|-heal|p1a: Sceptile|82/100|[from] item: Leftovers
|upkeep
|turn|2
|
|t:|1769347909
|move|p1a: Sceptile|Leech Seed|p2a: Gholdengo
|-immune|p2a: Gholdengo|[from] ability: Good as Gold
|move|p2a: Gholdengo|Hex|p1a: Sceptile
|-damage|p1a: Sceptile|41/100
|
|-heal|p1a: Sceptile|47/100|[from] item: Leftovers
|upkeep
|turn|3
|
|t:|1769347920
|move|p1a: Sceptile|Giga Drain|p2a: Gholdengo
|-resisted|p2a: Gholdengo
|-damage|p2a: Gholdengo|85/100
|-heal|p1a: Sceptile|58/100|[from] drain|[of] p2a: Gholdengo
|-enditem|p2a: Gholdengo|Air Balloon
|move|p2a: Gholdengo|Hex|p1a: Sceptile
|-damage|p1a: Sceptile|18/100
|
|-heal|p1a: Sceptile|24/100|[from] item: Leftovers
|upkeep
|turn|4
|
|t:|1769347948
|switch|p1a: Tyranitar|Tyranitar, M|100/100
|-weather|Sandstorm|[from] ability: Sand Stream|[of] p1a: Tyranitar
|move|p2a: Gholdengo|Hex|p1a: Tyranitar
|-resisted|p1a: Tyranitar
|-damage|p1a: Tyranitar|94/100
|
|-weather|Sandstorm|[upkeep]
|upkeep
|turn|5
|
|t:|1769347964
|switch|p2a: Wo-Chien|Wo-Chien|100/100
|-ability|p2a: Wo-Chien|Tablets of Ruin
|move|p1a: Tyranitar|Knock Off|p2a: Wo-Chien
|-resisted|p2a: Wo-Chien
|-damage|p2a: Wo-Chien|80/100
|-enditem|p2a: Wo-Chien|Leftovers|[from] move: Knock Off|[of] p1a: Tyranitar
|
|-weather|Sandstorm|[upkeep]
|-damage|p2a: Wo-Chien|73/100|[from] Sandstorm
|upkeep
|turn|6
|inactive|austrifero has 120 seconds left.
|-message|Sergiofd forfeited.
|
|win|austrifero
|raw|Sergiofd's rating: 1302 &rarr; <strong>1281</strong><br />(-21 for losing)
|raw|austrifero's rating: 1289 &rarr; <strong>1315</strong><br />(+26 for winning)
|l|☆Sergiofd
|player|p1|
|l|☆austrifero
|player|p2|
