|j|☆exelpapu
|j|☆turquoiselink
|t:|1769394969
|gametype|singles
|player|p1|exelpapu|1|1559
|player|p2|turquoiselink|2|1626
|gen|9
|tier|[Gen 9] OU
|rated|
|rule|HP Percentage Mod: HP is shown in percentages
|rule|Endless Battle Clause: Forcing endless battles is banned
|rule|Species Clause: Limit one of each Pokémon
|rule|OHKO Clause: OHKO moves are banned
|rule|Evasion Items Clause: Evasion items are banned
|rule|Evasion Moves Clause: Evasion moves are banned
|rule|Evasion Abilities Clause: Evasion abilities are banned
|rule|Sleep Moves Clause: Sleep-inducing moves are banned
|clearpoke
|poke|p1|Gengar, M|
|poke|p1|Avalugg, M|
|poke|p1|Clodsire, F|
|poke|p1|Dragonite, M|
|poke|p1|Kingambit, F|
|poke|p1|Rotom-Heat|
|poke|p2|Tyranitar, M|
|poke|p2|Excadrill, M|
|poke|p2|Enamorus-Therian, F|
|poke|p2|Pecharunt|
|poke|p2|Ogerpon-Cornerstone, F|
|poke|p2|Zamazenta-*|
|teampreview
|
|t:|1769394982
|teamsize|p1|6
|teamsize|p2|6
|start
|switch|p1a: magic|Gengar, M|100/100
|switch|p2a: Tyranitar|Tyranitar, M|100/100
|-weather|Sandstorm|[from] ability: Sand Stream|[of] p2a: Tyranitar
|turn|1
|inactive|Battle timer is ON: inactive players will automatically lose when time's up. (requested by turquoiselink)
|
|t:|1769394987
|move|p1a: magic|Focus Blast|p2a: Tyranitar
|-supereffective|p2a: Tyranitar
|-damage|p2a: Tyranitar|35/100
|move|p2a: Tyranitar|Knock Off|p1a: magic
|-supereffective|p1a: magic
|-enditem|p1a: magic|Focus Sash
|-damage|p1a: magic|1/100
|
|-weather|Sandstorm|[upkeep]
|-damage|p1a: magic|0 fnt|[from] Sandstorm
|faint|p1a: magic
|upkeep
|
|t:|1769394993
|switch|p1a: odo|Kingambit, F|100/100
|-activate|p1a: odo|ability: Supreme Overlord
|-start|p1a: odo|fallen1|[silent]
|-item|p1a: odo|Air Balloon
|turn|2
|
|t:|1769395004
|switch|p2a: Zamazenta|Zamazenta|100/100
|-ability|p2a: Zamazenta|Dauntless Shield|boost
|-boost|p2a: Zamazenta|def|1
|move|p1a: odo|Iron Head|p2a: Zamazenta
|-damage|p2a: Zamazenta|65/100
|
|-weather|Sandstorm|[upkeep]
|-damage|p2a: Zamazenta|59/100|[from] Sandstorm
|upkeep
|turn|3
|
|t:|1769395016
|-end|p1a: odo|fallen1|[silent]
|switch|p1a: 0|Clodsire, F|100/100
|move|p2a: Zamazenta|Close Combat|p1a: 0
|-resisted|p1a: 0
|-damage|p1a: 0|66/100
|-unboost|p2a: Zamazenta|def|1
|-unboost|p2a: Zamazenta|spd|1
|
|-weather|Sandstorm|[upkeep]
|-damage|p2a: Zamazenta|53/100|[from] Sandstorm
|-heal|p1a: 0|72/100|[from] item: Black Sludge
|upkeep
|turn|4
|
|t:|1769395040
|switch|p2a: Excadrill|Excadrill, M|100/100
|move|p1a: 0|Stealth Rock|p2a: Excadrill
|-sidestart|p2: turquoiselink|move: Stealth Rock
|
|-weather|Sandstorm|[upkeep]
|-heal|p1a: 0|78/100|[from] item: Black Sludge
|upkeep
|turn|5
|
|t:|1769395047
|switch|p1a: show|Rotom-Heat|100/100
|move|p2a: Excadrill|Rapid Spin|p1a: show
|-damage|p1a: show|77/100
|-boost|p2a: Excadrill|spe|1
|-sideend|p2: turquoiselink|Stealth Rock|[from] move: Rapid Spin|[of] p2a: Excadrill
|
|-weather|Sandstorm|[upkeep]
|-damage|p1a: show|71/100|[from] Sandstorm
|upkeep
|turn|6
|inactive|turquoiselink has 120 seconds left.
|
|t:|1769395072
|move|p2a: Excadrill|Shadow Claw|p1a: show
|-damage|p1a: show|38/100
|move|p1a: show|Overheat|p2a: Excadrill
|-supereffective|p2a: Excadrill
|-damage|p2a: Excadrill|0 fnt
|-unboost|p1a: show|spa|2
|faint|p2a: Excadrill
|
|-weather|Sandstorm|[upkeep]
|-damage|p1a: show|32/100|[from] Sandstorm
|upkeep
|inactive|turquoiselink has 120 seconds left.
|
|t:|1769395086
|switch|p2a: Ogerpon|Ogerpon-Cornerstone, F|100/100
|turn|7
|
|t:|1769395092
|move|p1a: show|Overheat|p2a: Ogerpon
|-damage|p2a: Ogerpon|76/100
|-unboost|p1a: show|spa|2
|move|p2a: Ogerpon|Ivy Cudgel|p1a: show|[anim] Ivy Cudgel Rock
|-supereffective|p1a: show
|-crit|p1a: show
|-damage|p1a: show|0 fnt
|faint|p1a: show
|
|-weather|Sandstorm|[upkeep]
|upkeep
|
|t:|1769395103
|switch|p1a: odo|Kingambit, F|100/100
|-activate|p1a: odo|ability: Supreme Overlord
|-start|p1a: odo|fallen2|[silent]
|-item|p1a: odo|Air Balloon
|turn|8
|
|t:|1769395112
|switch|p2a: Zamazenta|Zamazenta|53/100
|move|p1a: odo|Iron Head|p2a: Zamazenta
|-damage|p2a: Zamazenta|0 fnt
|faint|p2a: Zamazenta
|
|-weather|none
|upkeep
|
|t:|1769395126
|switch|p2a: Tyranitar|Tyranitar, M|35/100
|-weather|Sandstorm|[from] ability: Sand Stream|[of] p2a: Tyranitar
|turn|9
|
|t:|1769395129
|move|p2a: Tyranitar|Low Kick|p1a: odo
|-supereffective|p1a: odo
|-damage|p1a: odo|20/100
|-enditem|p1a: odo|Air Balloon
|move|p1a: odo|Iron Head|p2a: Tyranitar
|-supereffective|p2a: Tyranitar
|-damage|p2a: Tyranitar|0 fnt
|faint|p2a: Tyranitar
|
|-weather|Sandstorm|[upkeep]
|upkeep
|
|t:|1769395147
|switch|p2a: Ogerpon|Ogerpon-Cornerstone, F|76/100
|turn|10
|
|t:|1769395151
|-terastallize|p2a: Ogerpon|Rock
|detailschange|p2a: Ogerpon|Ogerpon-Cornerstone-Tera, F, tera:Rock
|-ability|p2a: Ogerpon|Embody Aspect (Cornerstone)|boost
|-boost|p2a: Ogerpon|def|1
|move|p2a: Ogerpon|Ivy Cudgel|p1a: odo|[anim] Ivy Cudgel Rock
|-resisted|p1a: odo
|-damage|p1a: odo|0 fnt
|faint|p1a: odo
|-end|p1a: odo|fallen2|[silent]
|
|-weather|Sandstorm|[upkeep]
|upkeep
|
|t:|1769395159
|switch|p1a: i´m invincible|Avalugg, M|100/100
|turn|11
|
|t:|1769395168
|move|p2a: Ogerpon|Swords Dance|p2a: Ogerpon
|-boost|p2a: Ogerpon|atk|2
|move|p1a: i´m invincible|Earthquake|p2a: Ogerpon
|-supereffective|p2a: Ogerpon
|-damage|p2a: Ogerpon|34/100
|
|-weather|Sandstorm|[upkeep]
|-damage|p1a: i´m invincible|94/100|[from] Sandstorm
|upkeep
|turn|12
|
|t:|1769395176
|move|p2a: Ogerpon|Ivy Cudgel|p1a: i´m invincible|[anim] Ivy Cudgel Rock
|-supereffective|p1a: i´m invincible
|-damage|p1a: i´m invincible|0 fnt
|faint|p1a: i´m invincible
|
|-weather|Sandstorm|[upkeep]
|upkeep
|
|t:|1769395180
|switch|p1a: mirror|Dragonite, M|100/100
|turn|13
|
|t:|1769395206
|-terastallize|p1a: mirror|Steel
|move|p2a: Ogerpon|Ivy Cudgel|p1a: mirror|[anim] Ivy Cudgel Rock
|-resisted|p1a: mirror
|-damage|p1a: mirror|58/100
|move|p1a: mirror|Dragon Claw|p2a: Ogerpon
|-damage|p2a: Ogerpon|0 fnt
|faint|p2a: Ogerpon
|detailschange|p2: Ogerpon|Ogerpon-Cornerstone, F|[silent]
|
|-weather|Sandstorm|[upkeep]
|upkeep
|
|t:|1769395224
|switch|p2a: Enamorus|Enamorus-Therian, F|100/100
|turn|14
|
|t:|1769395229
|switch|p1a: 0|Clodsire, F|78/100
|move|p2a: Enamorus|Earth Power|p1a: 0
|-supereffective|p1a: 0
|-damage|p1a: 0|50/100
|-unboost|p1a: 0|spd|1
|
|-weather|Sandstorm|[upkeep]
|-heal|p1a: 0|57/100|[from] item: Black Sludge
|upkeep
|turn|15
|
|t:|1769395236
|move|p2a: Enamorus|Earth Power|p1a: 0
|-supereffective|p1a: 0
|-damage|p1a: 0|15/100
|move|p1a: 0|Recover|p1a: 0
|-heal|p1a: 0|65/100
|
|-weather|Sandstorm|[upkeep]
|-heal|p1a: 0|71/100|[from] item: Black Sludge
|upkeep
|turn|16
|
|t:|1769395242
|move|p2a: Enamorus|Earth Power|p1a: 0
|-supereffective|p1a: 0
|-damage|p1a: 0|28/100
|move|p1a: 0|Recover|p1a: 0
|-heal|p1a: 0|78/100
|
|-weather|none
|-heal|p1a: 0|84/100|[from] item: Black Sludge
|upkeep
|turn|17
|
|t:|1769395247
|move|p2a: Enamorus|Earth Power|p1a: 0
|-supereffective|p1a: 0
|-damage|p1a: 0|44/100
|move|p1a: 0|Toxic|p2a: Enamorus
|-status|p2a: Enamorus|tox
|
|-heal|p1a: 0|50/100|[from] item: Black Sludge
|-damage|p2a: Enamorus|95/100 tox|[from] psn
|upkeep
|turn|18
|
|t:|1769395253
|move|p2a: Enamorus|Earth Power|p1a: 0
|-supereffective|p1a: 0
|-damage|p1a: 0|11/100
|move|p1a: 0|Recover|p1a: 0
|-heal|p1a: 0|61/100
|
|-heal|p1a: 0|67/100|[from] item: Black Sludge
|-damage|p2a: Enamorus|83/100 tox|[from] psn
|upkeep
|turn|19
|
|t:|1769395259
|move|p2a: Enamorus|Earth Power|p1a: 0
|-supereffective|p1a: 0
|-damage|p1a: 0|24/100
|move|p1a: 0|Recover|p1a: 0
|-heal|p1a: 0|74/100
|
|-heal|p1a: 0|80/100|[from] item: Black Sludge
|-damage|p2a: Enamorus|65/100 tox|[from] psn
|upkeep
|turn|20
|
|t:|1769395265
|move|p2a: Enamorus|Earth Power|p1a: 0
|-supereffective|p1a: 0
|-damage|p1a: 0|40/100
|move|p1a: 0|Recover|p1a: 0
|-heal|p1a: 0|90/100
|
|-heal|p1a: 0|96/100|[from] item: Black Sludge
|-damage|p2a: Enamorus|41/100 tox|[from] psn
|upkeep
|turn|21
|
|t:|1769395270
|switch|p2a: Pecharunt|Pecharunt|100/100
|move|p1a: 0|Recover|p1a: 0
|-heal|p1a: 0|100/100
|
|upkeep
|turn|22
|
|t:|1769395280
|move|p2a: Pecharunt|Shadow Ball|p1a: 0
|-damage|p1a: 0|82/100
|-unboost|p1a: 0|spd|1
|move|p1a: 0|Stealth Rock|p2a: Pecharunt
|-sidestart|p2: turquoiselink|move: Stealth Rock
|
|-heal|p1a: 0|88/100|[from] item: Black Sludge
|upkeep
|turn|23
|
|t:|1769395293
|move|p2a: Pecharunt|Malignant Chain|p1a: 0
|-resisted|p1a: 0
|-damage|p1a: 0|80/100
|move|p1a: 0|Earth Power|p2a: Pecharunt
|-supereffective|p2a: Pecharunt
|-damage|p2a: Pecharunt|67/100
|
|-heal|p1a: 0|86/100|[from] item: Black Sludge
|upkeep
|turn|24
|
|t:|1769395300
|move|p2a: Pecharunt|Shadow Ball|p1a: 0
|-damage|p1a: 0|60/100
|move|p1a: 0|Earth Power|p2a: Pecharunt
|-supereffective|p2a: Pecharunt
|-damage|p2a: Pecharunt|34/100
|-unboost|p2a: Pecharunt|spd|1
|
|-heal|p1a: 0|66/100|[from] item: Black Sludge
|upkeep
|turn|25
|
|t:|1769395308
|move|p2a: Pecharunt|Recover|p2a: Pecharunt
|-heal|p2a: Pecharunt|84/100
|move|p1a: 0|Earth Power|p2a: Pecharunt
|-supereffective|p2a: Pecharunt
|-damage|p2a: Pecharunt|32/100
|
|-heal|p1a: 0|72/100|[from] item: Black Sludge
|upkeep
|turn|26
|
|t:|1769395310
|move|p2a: Pecharunt|Parting Shot|p1a: 0
|-unboost|p1a: 0|atk|1
|-unboost|p1a: 0|spa|1
|
|t:|1769395312
|switch|p2a: Enamorus|Enamorus-Therian, F|41/100 tox|[from] Parting Shot
|move|p1a: 0|Earth Power|p2a: Enamorus
|-immune|p2a: Enamorus
|
|-heal|p1a: 0|79/100|[from] item: Black Sludge
|-damage|p2a: Enamorus|35/100 tox|[from] psn
|upkeep
|turn|27
|
|t:|1769395316
|switch|p1a: mirror|Dragonite, M, tera:Steel|58/100
|move|p2a: Enamorus|Earth Power|p1a: mirror
|-supereffective|p1a: mirror
|-damage|p1a: mirror|2/100
|-enditem|p1a: mirror|Weakness Policy
|-boost|p1a: mirror|atk|2|[from] item: Weakness Policy
|-boost|p1a: mirror|spa|2|[from] item: Weakness Policy
|
|-damage|p2a: Enamorus|23/100 tox|[from] psn
|upkeep
|turn|28
|c|☆exelpapu|gg
|-message|turquoiselink forfeited.
|
|win|exelpapu
|raw|exelpapu's rating: 1559 &rarr; <strong>1583</strong><br />(+24 for winning)
|raw|turquoiselink's rating: 1626 &rarr; <strong>1602</strong><br />(-24 for losing)
|l|☆turquoiselink
|player|p2|
