|j|☆shadowofroserade04
|j|☆breizh-pao
|t:|1769422902
|gametype|singles
|player|p1|shadowofroserade04|roxie|1450
|player|p2|breizh-pao|hiker-gen4|1454
|gen|9
|tier|[Gen 9] OU
|rated|
|rule|HP Percentage Mod: HP is shown in percentages
|rule|Endless Battle Clause: Forcing endless battles is banned
|rule|Species Clause: Limit one of each Pokémon
|rule|OHKO Clause: OHKO moves are banned
|rule|Evasion Items Clause: Evasion items are banned
|rule|Evasion Moves Clause: Evasion moves are banned
|rule|Evasion Abilities Clause: Evasion abilities are banned
|rule|Sleep Moves Clause: Sleep-inducing moves are banned
|clearpoke
|poke|p1|Pecharunt|
|poke|p1|Mabosstiff, F|
|poke|p1|Volcanion|
|poke|p1|Iron Valiant|
|poke|p1|Landorus-Therian, M|
|poke|p1|Deoxys-Speed|
|poke|p2|Ribombee, M|
|poke|p2|Cinderace, F|
|poke|p2|Serperior, M|
|poke|p2|Dragapult, M|
|poke|p2|Bisharp, F|
|poke|p2|Latios, M|
|teampreview
|
|t:|1769422933
|teamsize|p1|6
|teamsize|p2|6
|start
|switch|p1a: Volcanion|Volcanion|100/100
|switch|p2a: Cinderace|Cinderace, F|100/100
|turn|1
|
|t:|1769422936
|move|p2a: Cinderace|U-turn|p1a: Volcanion
|-resisted|p1a: Volcanion
|-damage|p1a: Volcanion|94/100
|
|t:|1769422938
|switch|p2a: Latios|Latios, M|100/100|[from] U-turn
|move|p1a: Volcanion|Steam Eruption|p2a: Latios
|-resisted|p2a: Latios
|-damage|p2a: Latios|75/100
|
|-heal|p1a: Volcanion|99/100|[from] item: Leftovers
|upkeep
|turn|2
|
|t:|1769422972
|move|p2a: Latios|Luster Purge|p1a: Volcanion
|-damage|p1a: Volcanion|47/100
|-unboost|p1a: Volcanion|spd|1
|move|p1a: Volcanion|Will-O-Wisp|p2a: Latios|[miss]
|-miss|p1a: Volcanion|p2a: Latios
|
|-heal|p1a: Volcanion|53/100|[from] item: Leftovers
|upkeep
|turn|3
|
|t:|1769422982
|switch|p2a: Ribombee|Ribombee, M|100/100
|switch|p1a: Mabosstiff|Mabosstiff, F, shiny|100/100
|-ability|p1a: Mabosstiff|Intimidate|boost
|-unboost|p2a: Ribombee|atk|1
|
|upkeep
|turn|4
|
|t:|1769422989
|switch|p1a: Volcanion|Volcanion|53/100
|move|p2a: Ribombee|Sticky Web|p1a: Volcanion
|-sidestart|p1: shadowofroserade04|move: Sticky Web
|
|-heal|p1a: Volcanion|59/100|[from] item: Leftovers
|upkeep
|turn|5
|
|t:|1769422992
|move|p2a: Ribombee|Stun Spore|p1a: Volcanion
|-status|p1a: Volcanion|par
|move|p1a: Volcanion|Flamethrower|p2a: Ribombee
|-supereffective|p2a: Ribombee
|-enditem|p2a: Ribombee|Focus Sash
|-damage|p2a: Ribombee|1/100
|
|-heal|p1a: Volcanion|65/100 par|[from] item: Leftovers
|upkeep
|turn|6
|
|t:|1769422999
|move|p2a: Ribombee|Psychic Noise|p1a: Volcanion
|-damage|p1a: Volcanion|43/100 par
|-start|p1a: Volcanion|move: Heal Block
|move|p1a: Volcanion|Flamethrower|p2a: Ribombee
|-supereffective|p2a: Ribombee
|-damage|p2a: Ribombee|0 fnt
|faint|p2a: Ribombee
|
|upkeep
|
|t:|1769423012
|switch|p2a: Latios|Latios, M|75/100
|turn|7
|
|t:|1769423020
|switch|p1a: Mabosstiff|Mabosstiff, F, shiny|100/100
|-activate|p1a: Mabosstiff|move: Sticky Web
|-unboost|p1a: Mabosstiff|spe|1
|-ability|p1a: Mabosstiff|Intimidate|boost
|-unboost|p2a: Latios|atk|1
|move|p2a: Latios|Draco Meteor|p1a: Mabosstiff
|-damage|p1a: Mabosstiff|17/100
|-unboost|p2a: Latios|spa|2
|
|upkeep
|turn|8
|
|t:|1769423029
|switch|p1a: Iron Valiant|Iron Valiant|100/100
|-activate|p1a: Iron Valiant|move: Sticky Web
|-unboost|p1a: Iron Valiant|spe|1
|-enditem|p1a: Iron Valiant|Booster Energy
|-activate|p1a: Iron Valiant|ability: Quark Drive|[fromitem]
|-start|p1a: Iron Valiant|quarkdriveatk
|move|p2a: Latios|Draco Meteor|p1a: Iron Valiant
|-immune|p1a: Iron Valiant
|
|upkeep
|turn|9
|
|t:|1769423053
|switch|p2a: Cinderace|Cinderace, F|100/100
|move|p1a: Iron Valiant|Close Combat|p2a: Cinderace
|-damage|p2a: Cinderace|2/100
|-unboost|p1a: Iron Valiant|def|1
|-unboost|p1a: Iron Valiant|spd|1
|
|upkeep
|turn|10
|
|t:|1769423061
|-end|p1a: Iron Valiant|Quark Drive|[silent]
|switch|p1a: Landorus|Landorus-Therian, M|100/100
|-ability|p1a: Landorus|Intimidate|boost
|-unboost|p2a: Cinderace|atk|1
|move|p2a: Cinderace|Court Change|p2a: Cinderace
|-swapsideconditions
|-activate|p2a: Cinderace|move: Court Change
|
|upkeep
|turn|11
|
|t:|1769423074
|move|p2a: Cinderace|Will-O-Wisp|p1a: Landorus
|-status|p1a: Landorus|brn
|move|p1a: Landorus|Stealth Rock|p2a: Cinderace
|-sidestart|p2: breizh-pao|move: Stealth Rock
|
|-damage|p1a: Landorus|94/100 brn|[from] brn
|upkeep
|turn|12
|
|t:|1769423085
|move|p2a: Cinderace|Pyro Ball|p1a: Landorus
|-damage|p1a: Landorus|49/100 brn
|move|p1a: Landorus|U-turn|p2a: Cinderace
|-resisted|p2a: Cinderace
|-damage|p2a: Cinderace|0 fnt
|faint|p2a: Cinderace
|
|t:|1769423112
|switch|p1a: Volcanion|Volcanion|43/100 par|[from] U-turn
|
|-heal|p1a: Volcanion|49/100 par|[from] item: Leftovers
|upkeep
|
|t:|1769423121
|switch|p2a: Latios|Latios, M|75/100
|-damage|p2a: Latios|62/100|[from] Stealth Rock
|turn|13
|
|t:|1769423128
|switch|p1a: Mabosstiff|Mabosstiff, F, shiny|17/100
|-ability|p1a: Mabosstiff|Intimidate|boost
|-unboost|p2a: Latios|atk|1
|move|p2a: Latios|Luster Purge|p1a: Mabosstiff
|-immune|p1a: Mabosstiff
|
|upkeep
|turn|14
|
|t:|1769423144
|switch|p2a: Bisharp|Bisharp, F|100/100
|-activate|p2a: Bisharp|move: Sticky Web
|-unboost|p2a: Bisharp|spe|1
|-ability|p2a: Bisharp|Defiant|boost
|-boost|p2a: Bisharp|atk|2
|-damage|p2a: Bisharp|94/100|[from] Stealth Rock
|switch|p1a: Iron Valiant|Iron Valiant|100/100
|
|upkeep
|turn|15
|
|t:|1769423163
|move|p1a: Iron Valiant|Close Combat|p2a: Bisharp
|-supereffective|p2a: Bisharp
|-damage|p2a: Bisharp|0 fnt
|-unboost|p1a: Iron Valiant|def|1
|-unboost|p1a: Iron Valiant|spd|1
|faint|p2a: Bisharp
|
|upkeep
|
|t:|1769423166
|switch|p2a: Dragapult|Dragapult, M|100/100
|-activate|p2a: Dragapult|move: Sticky Web
|-fail|p2a: Dragapult|unboost|[from] ability: Clear Body|[of] p2a: Dragapult
|-damage|p2a: Dragapult|88/100|[from] Stealth Rock
|turn|16
|
|t:|1769423180
|-end|p1a: Iron Valiant|Quark Drive|[silent]
|switch|p1a: Landorus|Landorus-Therian, M|49/100 brn
|-ability|p1a: Landorus|Intimidate|boost
|-fail|p2a: Dragapult|unboost|[from] ability: Clear Body|[of] p2a: Dragapult
|move|p2a: Dragapult|Flamethrower|p1a: Landorus
|-damage|p1a: Landorus|14/100 brn
|-damage|p2a: Dragapult|78/100|[from] item: Life Orb
|
|-damage|p1a: Landorus|8/100 brn|[from] brn
|upkeep
|turn|17
|
|t:|1769423185
|move|p2a: Dragapult|Flamethrower|p1a: Landorus
|-damage|p1a: Landorus|0 fnt
|faint|p1a: Landorus
|-damage|p2a: Dragapult|69/100|[from] item: Life Orb
|
|upkeep
|
|t:|1769423191
|switch|p1a: Deoxys|Deoxys-Speed|100/100
|-ability|p1a: Deoxys|Pressure
|turn|18
|
|t:|1769423213
|move|p1a: Deoxys|Knock Off|p2a: Dragapult
|-supereffective|p2a: Dragapult
|-damage|p2a: Dragapult|3/100
|-enditem|p2a: Dragapult|Life Orb|[from] move: Knock Off|[of] p1a: Deoxys
|move|p2a: Dragapult|Dragon Darts|p1a: Deoxys
|-damage|p1a: Deoxys|68/100
|-anim|p2a: Dragapult|Dragon Darts|p1a: Deoxys
|-damage|p1a: Deoxys|37/100
|
|upkeep
|turn|19
|
|t:|1769423222
|move|p1a: Deoxys|Knock Off|p2a: Dragapult
|-supereffective|p2a: Dragapult
|-damage|p2a: Dragapult|0 fnt
|faint|p2a: Dragapult
|
|upkeep
|
|t:|1769423224
|switch|p2a: Serperior|Serperior, M|100/100
|-activate|p2a: Serperior|move: Sticky Web
|-boost|p2a: Serperior|spe|1
|-damage|p2a: Serperior|88/100|[from] Stealth Rock
|turn|20
|
|t:|1769423239
|switch|p1a: Mabosstiff|Mabosstiff, F, shiny|17/100
|-ability|p1a: Mabosstiff|Intimidate|boost
|-boost|p2a: Serperior|atk|1
|move|p2a: Serperior|Leaf Storm|p1a: Mabosstiff
|-damage|p1a: Mabosstiff|0 fnt
|-boost|p2a: Serperior|spa|2
|faint|p1a: Mabosstiff
|
|-heal|p2a: Serperior|94/100|[from] item: Leftovers
|upkeep
|
|t:|1769423243
|switch|p1a: Pecharunt|Pecharunt|100/100
|turn|21
|
|t:|1769423246
|switch|p2a: Latios|Latios, M|62/100
|-damage|p2a: Latios|50/100|[from] Stealth Rock
|move|p1a: Pecharunt|Malignant Chain|p2a: Latios
|-damage|p2a: Latios|11/100
|-status|p2a: Latios|tox
|-start|p2a: Latios|confusion|[from] ability: Poison Puppeteer|[of] p1a: Pecharunt
|
|-damage|p2a: Latios|5/100 tox|[from] psn
|upkeep
|turn|22
|
|t:|1769423271
|switch|p1a: Volcanion|Volcanion|49/100 par
|-activate|p2a: Latios|confusion
|move|p2a: Latios|Luster Purge|p1a: Volcanion
|-damage|p1a: Volcanion|0 fnt
|faint|p1a: Volcanion
|
|-damage|p2a: Latios|0 fnt|[from] psn
|faint|p2a: Latios
|upkeep
|
|t:|1769423295
|switch|p2a: Serperior|Serperior, M|94/100
|switch|p1a: Pecharunt|Pecharunt|100/100
|-activate|p2a: Serperior|move: Sticky Web
|-boost|p2a: Serperior|spe|1
|-damage|p2a: Serperior|82/100|[from] Stealth Rock
|turn|23
|
|t:|1769423298
|-terastallize|p2a: Serperior|Fire
|move|p2a: Serperior|Leaf Storm|p1a: Pecharunt
|-resisted|p1a: Pecharunt
|-damage|p1a: Pecharunt|71/100
|-boost|p2a: Serperior|spa|2
|move|p1a: Pecharunt|Malignant Chain|p2a: Serperior
|-damage|p2a: Serperior|30/100
|-status|p2a: Serperior|tox
|-start|p2a: Serperior|confusion|[from] ability: Poison Puppeteer|[of] p1a: Pecharunt
|
|-heal|p2a: Serperior|36/100 tox|[from] item: Leftovers
|-damage|p2a: Serperior|30/100 tox|[from] psn
|upkeep
|turn|24
|l|☆breizh-pao
|player|p2|
|j|☆breizh-pao
|player|p2|breizh-pao|hiker-gen4|
|
|t:|1769423310
|-activate|p2a: Serperior|confusion
|move|p2a: Serperior|Tera Blast|p1a: Pecharunt|[anim] Tera Blast Fire
|-damage|p1a: Pecharunt|7/100
|move|p1a: Pecharunt|Malignant Chain|p2a: Serperior
|-damage|p2a: Serperior|0 fnt
|faint|p2a: Serperior
|
|win|shadowofroserade04
|raw|shadowofroserade04's rating: 1450 &rarr; <strong>1470</strong><br />(+20 for winning)
|raw|breizh-pao's rating: 1454 &rarr; <strong>1434</strong><br />(-20 for losing)
|c|☆shadowofroserade04|gg
|l|☆shadowofroserade04
|player|p1|
|l|☆breizh-pao
|player|p2|
