|j|☆fieryflames123*
|j|☆Trainermilton00
|t:|1769321762
|gametype|singles
|player|p1|fieryflames123*|roxie|1175
|player|p2|Trainermilton00|morty|1106
|gen|9
|tier|[Gen 9] OU
|rated|
|rule|HP Percentage Mod: HP is shown in percentages
|rule|Endless Battle Clause: Forcing endless battles is banned
|rule|Species Clause: Limit one of each Pokémon
|rule|OHKO Clause: OHKO moves are banned
|rule|Evasion Items Clause: Evasion items are banned
|rule|Evasion Moves Clause: Evasion moves are banned
|rule|Evasion Abilities Clause: Evasion abilities are banned
|rule|Sleep Moves Clause: Sleep-inducing moves are banned
|clearpoke
|poke|p1|Infernape, F|
|poke|p1|Typhlosion-Hisui, F|
|poke|p1|Blaziken, M|
|poke|p1|Torkoal, F|
|poke|p1|Heatran, F|
|poke|p1|Delphox, F|
|poke|p2|Samurott-Hisui, F|
|poke|p2|Gholdengo|
|poke|p2|Iron Valiant|
|poke|p2|Dragonite, F|
|poke|p2|Kingambit, M|
|poke|p2|Great Tusk|
|teampreview
|
|t:|1769321771
|teamsize|p1|6
|teamsize|p2|6
|start
|switch|p1a: Torkoal|Torkoal, F|100/100
|switch|p2a: Samurott|Samurott-Hisui, F|100/100
|-weather|SunnyDay|[from] ability: Drought|[of] p1a: Torkoal
|turn|1
|
|t:|1769321781
|move|p2a: Samurott|Ceaseless Edge|p1a: Torkoal
|-damage|p1a: Torkoal|65/100
|-sidestart|p1: fieryflames123*|Spikes
|move|p1a: Torkoal|Solar Beam||[still]
|-prepare|p1a: Torkoal|Solar Beam
|-anim|p1a: Torkoal|Solar Beam|p2a: Samurott
|-supereffective|p2a: Samurott
|-damage|p2a: Samurott|2/100
|
|-weather|SunnyDay|[upkeep]
|upkeep
|turn|2
|
|t:|1769321792
|move|p2a: Samurott|Razor Shell|p1a: Torkoal
|-supereffective|p1a: Torkoal
|-damage|p1a: Torkoal|24/100
|move|p1a: Torkoal|Rapid Spin|p2a: Samurott
|-damage|p2a: Samurott|0 fnt
|-boost|p1a: Torkoal|spe|1
|-sideend|p1: fieryflames123*|Spikes|[from] move: Rapid Spin|[of] p1a: Torkoal
|faint|p2a: Samurott
|
|-weather|SunnyDay|[upkeep]
|upkeep
|
|t:|1769321805
|switch|p2a: Great Tusk|Great Tusk|100/100
|-activate|p2a: Great Tusk|ability: Protosynthesis
|-start|p2a: Great Tusk|protosynthesisatk
|turn|3
|
|t:|1769321820
|switch|p1a: Typhlosion|Typhlosion-Hisui, F|100/100
|move|p2a: Great Tusk|Headlong Rush|p1a: Typhlosion
|-supereffective|p1a: Typhlosion
|-enditem|p1a: Typhlosion|Focus Sash
|-damage|p1a: Typhlosion|1/100
|-unboost|p2a: Great Tusk|def|1
|-unboost|p2a: Great Tusk|spd|1
|
|-weather|SunnyDay|[upkeep]
|upkeep
|turn|4
|
|t:|1769321831
|move|p1a: Typhlosion|Flamethrower|p2a: Great Tusk
|-crit|p2a: Great Tusk
|-damage|p2a: Great Tusk|0 fnt
|faint|p2a: Great Tusk
|-end|p2a: Great Tusk|Protosynthesis|[silent]
|
|-weather|SunnyDay|[upkeep]
|upkeep
|inactive|Battle timer is ON: inactive players will automatically lose when time's up. (requested by fieryflames123*)
|
|t:|1769321865
|switch|p2a: Iron Valiant|Iron Valiant|100/100
|-enditem|p2a: Iron Valiant|Booster Energy
|-activate|p2a: Iron Valiant|ability: Quark Drive|[fromitem]
|-start|p2a: Iron Valiant|quarkdrivespe
|turn|5
|
|t:|1769321883
|-terastallize|p2a: Iron Valiant|Fairy
|move|p2a: Iron Valiant|Calm Mind|p2a: Iron Valiant
|-boost|p2a: Iron Valiant|spa|1
|-boost|p2a: Iron Valiant|spd|1
|move|p1a: Typhlosion|Flamethrower|p2a: Iron Valiant
|-damage|p2a: Iron Valiant|0 fnt
|faint|p2a: Iron Valiant
|-end|p2a: Iron Valiant|Quark Drive|[silent]
|
|-weather|SunnyDay|[upkeep]
|upkeep
|
|t:|1769321896
|switch|p2a: Dragonite|Dragonite, F|100/100
|turn|6
|
|t:|1769321900
|move|p2a: Dragonite|Extreme Speed|p1a: Typhlosion
|-immune|p1a: Typhlosion
|move|p1a: Typhlosion|Flamethrower|p2a: Dragonite
|-resisted|p2a: Dragonite
|-damage|p2a: Dragonite|75/100
|
|-weather|SunnyDay|[upkeep]
|upkeep
|turn|7
|
|t:|1769321909
|move|p1a: Typhlosion|Endeavor|p2a: Dragonite
|-damage|p2a: Dragonite|1/100
|move|p2a: Dragonite|Earthquake|p1a: Typhlosion
|-supereffective|p1a: Typhlosion
|-damage|p1a: Typhlosion|0 fnt
|faint|p1a: Typhlosion
|
|-weather|SunnyDay|[upkeep]
|upkeep
|
|t:|1769321931
|switch|p1a: Infernape|Infernape, F|100/100
|turn|8
|
|t:|1769321935
|move|p2a: Dragonite|Extreme Speed|p1a: Infernape
|-damage|p1a: Infernape|55/100
|move|p1a: Infernape|Mach Punch|p2a: Dragonite
|-resisted|p2a: Dragonite
|-damage|p2a: Dragonite|0 fnt
|faint|p2a: Dragonite
|
|-weather|none
|upkeep
|
|t:|1769321947
|switch|p2a: Gholdengo|Gholdengo|100/100
|-item|p2a: Gholdengo|Air Balloon
|turn|9
|
|t:|1769321956
|move|p1a: Infernape|Flare Blitz|p2a: Gholdengo
|-supereffective|p2a: Gholdengo
|-damage|p2a: Gholdengo|0 fnt
|-enditem|p2a: Gholdengo|Air Balloon
|faint|p2a: Gholdengo
|-damage|p1a: Infernape|20/100|[from] Recoil
|
|upkeep
|-message|Trainermilton00 forfeited.
|
|win|fieryflames123*
|raw|fieryflames123*'s rating: 1175 &rarr; <strong>1195</strong><br />(+20 for winning)
|raw|Trainermilton00's rating: 1106 &rarr; <strong>1086</strong><br />(-20 for losing)
|l|☆Trainermilton00
|player|p2|
|l|☆fieryflames123*
|player|p1|
