|j|☆mystery rain ninja
|j|☆Unskilled2004
|t:|1769441214
|gametype|singles
|player|p1|mystery rain ninja|janine|1561
|player|p2|Unskilled2004|101|1616
|gen|9
|tier|[Gen 9] OU
|rated|
|rule|HP Percentage Mod: HP is shown in percentages
|rule|Endless Battle Clause: Forcing endless battles is banned
|rule|Species Clause: Limit one of each Pokémon
|rule|OHKO Clause: OHKO moves are banned
|rule|Evasion Items Clause: Evasion items are banned
|rule|Evasion Moves Clause: Evasion moves are banned
|rule|Evasion Abilities Clause: Evasion abilities are banned
|rule|Sleep Moves Clause: Sleep-inducing moves are banned
|clearpoke
|poke|p1|Pelipper, F|
|poke|p1|Raging Bolt|
|poke|p1|Overqwil, F|
|poke|p1|Barraskewda, F|
|poke|p1|Iron Treads|
|poke|p1|Kingambit, F|
|poke|p2|Hydreigon, M|
|poke|p2|Great Tusk|
|poke|p2|Lokix, F|
|poke|p2|Breloom, M|
|poke|p2|Pecharunt|
|poke|p2|Heatran, F|
|teampreview
|inactive|Battle timer is ON: inactive players will automatically lose when time's up. (requested by mystery rain ninja)
|inactive|Unskilled2004 also wants the timer to be on.
|
|t:|1769441221
|teamsize|p1|6
|teamsize|p2|6
|start
|switch|p1a: Pelipper|Pelipper, F|100/100
|switch|p2a: Hydreigon|Hydreigon, M|100/100
|-weather|RainDance|[from] ability: Drizzle|[of] p1a: Pelipper
|turn|1
|
|t:|1769441224
|switch|p1a: Iron Treads|Iron Treads|100/100
|-enditem|p1a: Iron Treads|Booster Energy
|-activate|p1a: Iron Treads|ability: Quark Drive|[fromitem]
|-start|p1a: Iron Treads|quarkdrivespe
|move|p2a: Hydreigon|Draco Meteor|p1a: Iron Treads
|-resisted|p1a: Iron Treads
|-damage|p1a: Iron Treads|34/100
|-unboost|p2a: Hydreigon|spa|2
|
|-weather|RainDance|[upkeep]
|upkeep
|turn|2
|
|t:|1769441230
|move|p1a: Iron Treads|Stealth Rock|p2a: Hydreigon
|-sidestart|p2: Unskilled2004|move: Stealth Rock
|move|p2a: Hydreigon|Draco Meteor|p1a: Iron Treads
|-resisted|p1a: Iron Treads
|-damage|p1a: Iron Treads|0 fnt
|-unboost|p2a: Hydreigon|spa|2
|faint|p1a: Iron Treads
|-end|p1a: Iron Treads|Quark Drive|[silent]
|
|-weather|RainDance|[upkeep]
|upkeep
|
|t:|1769441235
|switch|p1a: Overqwil|Overqwil, F|100/100
|turn|3
|
|t:|1769441238
|switch|p2a: Pecharunt|Pecharunt|100/100
|move|p1a: Overqwil|Swords Dance|p1a: Overqwil
|-boost|p1a: Overqwil|atk|2
|
|-weather|RainDance|[upkeep]
|upkeep
|turn|4
|
|t:|1769441241
|move|p1a: Overqwil|Crunch|p2a: Pecharunt
|-supereffective|p2a: Pecharunt
|-damage|p2a: Pecharunt|1/100
|-damage|p1a: Overqwil|91/100|[from] item: Life Orb
|move|p2a: Pecharunt|Parting Shot|p1a: Overqwil
|-unboost|p1a: Overqwil|atk|1
|-unboost|p1a: Overqwil|spa|1
|
|t:|1769441252
|switch|p2a: Great Tusk|Great Tusk|100/100|[from] Parting Shot
|
|-weather|RainDance|[upkeep]
|upkeep
|turn|5
|
|t:|1769441256
|-end|p2a: Great Tusk|Protosynthesis|[silent]
|switch|p2a: Pecharunt|Pecharunt|1/100
|move|p1a: Overqwil|Liquidation|p2a: Pecharunt
|-damage|p2a: Pecharunt|0 fnt
|faint|p2a: Pecharunt
|-damage|p1a: Overqwil|81/100|[from] item: Life Orb
|
|-weather|RainDance|[upkeep]
|upkeep
|
|t:|1769441269
|switch|p2a: Hydreigon|Hydreigon, M|100/100
|-damage|p2a: Hydreigon|88/100|[from] Stealth Rock
|turn|6
|
|t:|1769441274
|move|p1a: Overqwil|Gunk Shot|p2a: Hydreigon
|-damage|p2a: Hydreigon|0 fnt
|faint|p2a: Hydreigon
|-damage|p1a: Overqwil|71/100|[from] item: Life Orb
|
|-weather|RainDance|[upkeep]
|upkeep
|
|t:|1769441280
|switch|p2a: Lokix|Lokix, F|100/100
|-damage|p2a: Lokix|76/100|[from] Stealth Rock
|turn|7
|
|t:|1769441284
|switch|p1a: Pelipper|Pelipper, F|100/100
|move|p2a: Lokix|First Impression|p1a: Pelipper
|-resisted|p1a: Pelipper
|-damage|p1a: Pelipper|65/100
|
|-weather|RainDance|[upkeep]
|upkeep
|turn|8
|
|t:|1769441293
|switch|p2a: Great Tusk|Great Tusk|100/100
|move|p1a: Pelipper|U-turn|p2a: Great Tusk
|-resisted|p2a: Great Tusk
|-damage|p2a: Great Tusk|97/100
|
|t:|1769441295
|switch|p1a: Barraskewda|Barraskewda, F|100/100|[from] U-turn
|
|-weather|none
|upkeep
|turn|9
|
|t:|1769441303
|-end|p2a: Great Tusk|Protosynthesis|[silent]
|switch|p2a: Breloom|Breloom, M|100/100
|-damage|p2a: Breloom|94/100|[from] Stealth Rock
|-terastallize|p1a: Barraskewda|Water
|move|p1a: Barraskewda|Liquidation|p2a: Breloom
|-resisted|p2a: Breloom
|-damage|p2a: Breloom|25/100
|
|upkeep
|turn|10
|
|t:|1769441311
|move|p2a: Breloom|Mach Punch|p1a: Barraskewda
|-damage|p1a: Barraskewda|38/100
|move|p1a: Barraskewda|Liquidation|p2a: Breloom
|-resisted|p2a: Breloom
|-damage|p2a: Breloom|0 fnt
|faint|p2a: Breloom
|
|upkeep
|
|t:|1769441314
|switch|p2a: Lokix|Lokix, F|76/100
|-damage|p2a: Lokix|51/100|[from] Stealth Rock
|turn|11
|
|t:|1769441318
|switch|p1a: Pelipper|Pelipper, F|65/100
|-weather|RainDance|[from] ability: Drizzle|[of] p1a: Pelipper
|move|p2a: Lokix|Knock Off|p1a: Pelipper
|-damage|p1a: Pelipper|34/100
|-enditem|p1a: Pelipper|Damp Rock|[from] move: Knock Off|[of] p2a: Lokix
|
|-weather|RainDance|[upkeep]
|upkeep
|turn|12
|
|t:|1769441326
|move|p2a: Lokix|Leech Life|p1a: Pelipper
|-resisted|p1a: Pelipper
|-damage|p1a: Pelipper|3/100
|-heal|p2a: Lokix|69/100|[from] drain|[of] p1a: Pelipper
|move|p1a: Pelipper|U-turn|p2a: Lokix
|-supereffective|p2a: Lokix
|-damage|p2a: Lokix|43/100
|
|t:|1769441331
|switch|p1a: Barraskewda|Barraskewda, F, tera:Water|38/100|[from] U-turn
|
|-weather|RainDance|[upkeep]
|upkeep
|turn|13
|
|t:|1769441336
|switch|p2a: Heatran|Heatran, F|100/100
|-damage|p2a: Heatran|88/100|[from] Stealth Rock
|move|p1a: Barraskewda|Aqua Jet|p2a: Heatran
|-supereffective|p2a: Heatran
|-damage|p2a: Heatran|0 fnt
|faint|p2a: Heatran
|
|-weather|RainDance|[upkeep]
|upkeep
|
|t:|1769441337
|switch|p2a: Lokix|Lokix, F|43/100
|-damage|p2a: Lokix|18/100|[from] Stealth Rock
|turn|14
|
|t:|1769441340
|switch|p1a: Pelipper|Pelipper, F|3/100
|move|p2a: Lokix|Leech Life|p1a: Pelipper
|-resisted|p1a: Pelipper
|-damage|p1a: Pelipper|0 fnt
|-heal|p2a: Lokix|19/100|[from] drain|[of] p1a: Pelipper
|faint|p1a: Pelipper
|
|-weather|RainDance|[upkeep]
|upkeep
|
|t:|1769441344
|switch|p1a: Barraskewda|Barraskewda, F, tera:Water|38/100
|turn|15
|
|t:|1769441346
|move|p2a: Lokix|First Impression||[still]
|-hint|First Impression only works on your first turn out.
|-fail|p2a: Lokix
|move|p1a: Barraskewda|Aqua Jet|p2a: Lokix
|-damage|p2a: Lokix|0 fnt
|faint|p2a: Lokix
|
|-weather|RainDance|[upkeep]
|upkeep
|
|t:|1769441349
|switch|p2a: Great Tusk|Great Tusk|97/100
|turn|16
|
|t:|1769441354
|-terastallize|p2a: Great Tusk|Steel
|move|p1a: Barraskewda|Aqua Jet|p2a: Great Tusk
|-damage|p2a: Great Tusk|46/100
|move|p2a: Great Tusk|Headlong Rush|p1a: Barraskewda
|-crit|p1a: Barraskewda
|-damage|p1a: Barraskewda|0 fnt
|-unboost|p2a: Great Tusk|def|1
|-unboost|p2a: Great Tusk|spd|1
|faint|p1a: Barraskewda
|
|-weather|RainDance|[upkeep]
|upkeep
|
|t:|1769441357
|switch|p1a: Overqwil|Overqwil, F|71/100
|turn|17
|
|t:|1769441359
|move|p1a: Overqwil|Liquidation|p2a: Great Tusk
|-damage|p2a: Great Tusk|0 fnt
|faint|p2a: Great Tusk
|-end|p2a: Great Tusk|Protosynthesis|[silent]
|-damage|p1a: Overqwil|61/100|[from] item: Life Orb
|
|win|mystery rain ninja
|raw|mystery rain ninja's rating: 1561 &rarr; <strong>1584</strong><br />(+23 for winning)
|raw|Unskilled2004's rating: 1616 &rarr; <strong>1593</strong><br />(-23 for losing)
|l|☆mystery rain ninja
|player|p1|
|c|☆Unskilled2004|Gg
|l|☆Unskilled2004
|player|p2|
