|j|☆hairynet2211
|j|☆alola supercharge
|t:|1769319135
|gametype|singles
|player|p1|hairynet2211|266|1216
|player|p2|alola supercharge|steven|1269
|gen|9
|tier|[Gen 9] OU
|rated|
|rule|HP Percentage Mod: HP is shown in percentages
|rule|Endless Battle Clause: Forcing endless battles is banned
|rule|Species Clause: Limit one of each Pokémon
|rule|OHKO Clause: OHKO moves are banned
|rule|Evasion Items Clause: Evasion items are banned
|rule|Evasion Moves Clause: Evasion moves are banned
|rule|Evasion Abilities Clause: Evasion abilities are banned
|rule|Sleep Moves Clause: Sleep-inducing moves are banned
|clearpoke
|poke|p1|Corviknight, M|
|poke|p1|Gliscor, M|
|poke|p1|Ogerpon-Wellspring, F|
|poke|p1|Kingambit, F|
|poke|p1|Blaziken, M|
|poke|p1|Garganacl, F|
|poke|p2|Slowking-Galar, M|
|poke|p2|Iron Valiant|
|poke|p2|Ting-Lu|
|poke|p2|Pecharunt|
|poke|p2|Tornadus-Therian, M|
|poke|p2|Jirachi|
|teampreview
|inactive|Battle timer is ON: inactive players will automatically lose when time's up. (requested by hairynet2211)
|
|t:|1769319163
|teamsize|p1|6
|teamsize|p2|6
|start
|switch|p1a: Blaziken|Blaziken, M|100/100
|switch|p2a: Ting-Lu|Ting-Lu|100/100
|-ability|p2a: Ting-Lu|Vessel of Ruin
|turn|1
|
|t:|1769319173
|move|p1a: Blaziken|Protect|p1a: Blaziken
|-singleturn|p1a: Blaziken|Protect
|move|p2a: Ting-Lu|Earthquake|p1a: Blaziken
|-activate|p1a: Blaziken|move: Protect
|
|-ability|p1a: Blaziken|Speed Boost|boost
|-boost|p1a: Blaziken|spe|1
|upkeep
|turn|2
|
|t:|1769319187
|move|p1a: Blaziken|Close Combat|p2a: Ting-Lu
|-supereffective|p2a: Ting-Lu
|-damage|p2a: Ting-Lu|9/100
|-unboost|p1a: Blaziken|def|1
|-unboost|p1a: Blaziken|spd|1
|-damage|p1a: Blaziken|91/100|[from] item: Life Orb
|move|p2a: Ting-Lu|Earthquake|p1a: Blaziken
|-supereffective|p1a: Blaziken
|-damage|p1a: Blaziken|0 fnt
|faint|p1a: Blaziken
|
|-heal|p2a: Ting-Lu|15/100|[from] item: Leftovers
|upkeep
|
|t:|1769319204
|switch|p1a: Ogerpon|Ogerpon-Wellspring, F|100/100
|turn|3
|
|t:|1769319213
|switch|p2a: Pecharunt|Pecharunt|100/100
|move|p1a: Ogerpon|Ivy Cudgel|p2a: Pecharunt|[anim] Ivy Cudgel Water
|-damage|p2a: Pecharunt|75/100
|
|upkeep
|turn|4
|
|t:|1769319231
|move|p1a: Ogerpon|U-turn|p2a: Pecharunt
|-resisted|p2a: Pecharunt
|-damage|p2a: Pecharunt|72/100
|
|t:|1769319235
|switch|p1a: Corviknight|Corviknight, M|100/100|[from] U-turn
|move|p2a: Pecharunt|Toxic|p1a: Corviknight
|-immune|p1a: Corviknight
|
|upkeep
|turn|5
|
|t:|1769319243
|switch|p2a: Jirachi|Jirachi|100/100
|move|p1a: Corviknight|Heavy Slam|p2a: Jirachi
|-resisted|p2a: Jirachi
|-damage|p2a: Jirachi|86/100
|
|-heal|p2a: Jirachi|93/100|[from] item: Leftovers
|upkeep
|turn|6
|inactive|alola supercharge has 120 seconds left.
|
|t:|1769319275
|move|p2a: Jirachi|Stealth Rock|p1a: Corviknight
|-sidestart|p1: hairynet2211|move: Stealth Rock
|move|p1a: Corviknight|U-turn|p2a: Jirachi
|-damage|p2a: Jirachi|80/100
|
|t:|1769319285
|switch|p1a: Gliscor|Gliscor, M|100/100|[from] U-turn
|-damage|p1a: Gliscor|88/100|[from] Stealth Rock
|
|-heal|p2a: Jirachi|86/100|[from] item: Leftovers
|-status|p1a: Gliscor|tox|[from] item: Toxic Orb
|upkeep
|turn|7
|
|t:|1769319300
|move|p2a: Jirachi|U-turn|p1a: Gliscor
|-resisted|p1a: Gliscor
|-damage|p1a: Gliscor|83/100 tox
|
|t:|1769319309
|switch|p2a: Iron Valiant|Iron Valiant|100/100|[from] U-turn
|move|p1a: Gliscor|Taunt|p2a: Iron Valiant
|-start|p2a: Iron Valiant|move: Taunt
|
|-heal|p1a: Gliscor|95/100 tox|[from] ability: Poison Heal
|upkeep
|turn|8
|
|t:|1769319322
|move|p2a: Iron Valiant|Moonblast|p1a: Gliscor
|-damage|p1a: Gliscor|27/100 tox
|-damage|p2a: Iron Valiant|91/100|[from] item: Life Orb
|move|p1a: Gliscor|Earthquake|p2a: Iron Valiant
|-damage|p2a: Iron Valiant|32/100
|
|-heal|p1a: Gliscor|39/100 tox|[from] ability: Poison Heal
|upkeep
|turn|9
|
|t:|1769319333
|move|p1a: Gliscor|Protect|p1a: Gliscor
|-singleturn|p1a: Gliscor|Protect
|move|p2a: Iron Valiant|Moonblast|p1a: Gliscor
|-activate|p1a: Gliscor|move: Protect
|
|-heal|p1a: Gliscor|52/100 tox|[from] ability: Poison Heal
|-end|p2a: Iron Valiant|move: Taunt
|upkeep
|turn|10
|
|t:|1769319344
|switch|p1a: Corviknight|Corviknight, M|100/100
|-damage|p1a: Corviknight|88/100|[from] Stealth Rock
|move|p2a: Iron Valiant|Moonblast|p1a: Corviknight
|-resisted|p1a: Corviknight
|-damage|p1a: Corviknight|61/100
|-damage|p2a: Iron Valiant|22/100|[from] item: Life Orb
|
|upkeep
|turn|11
|
|t:|1769319354
|-end|p2a: Iron Valiant|Quark Drive|[silent]
|switch|p2a: Slowking|Slowking-Galar, M, shiny|100/100
|move|p1a: Corviknight|Roost|p1a: Corviknight
|-heal|p1a: Corviknight|100/100
|-singleturn|p1a: Corviknight|move: Roost
|
|upkeep
|turn|12
|inactive|alola supercharge has 120 seconds left.
|inactive|alola supercharge has 90 seconds left.
|inactive|alola supercharge has 60 seconds left.
|inactive|alola supercharge has 30 seconds left.
|inactive|alola supercharge has 20 seconds left.
|inactive|alola supercharge has 15 seconds left.
|inactive|alola supercharge has 10 seconds left.
|inactive|alola supercharge has 5 seconds left.
|-message|alola supercharge lost due to inactivity.
|
|win|hairynet2211
|raw|hairynet2211's rating: 1216 &rarr; <strong>1245</strong><br />(+29 for winning)
|raw|alola supercharge's rating: 1269 &rarr; <strong>1240</strong><br />(-29 for losing)
|l|☆hairynet2211
|player|p1|
|l|☆alola supercharge
|player|p2|
