|j|☆LmonJames
|j|☆Genius au
|t:|1769415209
|gametype|singles
|player|p1|LmonJames|2|1109
|player|p2|Genius au|youngster-gen4dp|1071
|gen|9
|tier|[Gen 9] OU
|rated|
|rule|HP Percentage Mod: HP is shown in percentages
|rule|Endless Battle Clause: Forcing endless battles is banned
|rule|Species Clause: Limit one of each Pokémon
|rule|OHKO Clause: OHKO moves are banned
|rule|Evasion Items Clause: Evasion items are banned
|rule|Evasion Moves Clause: Evasion moves are banned
|rule|Evasion Abilities Clause: Evasion abilities are banned
|rule|Sleep Moves Clause: Sleep-inducing moves are banned
|clearpoke
|poke|p1|Salamence, M|
|poke|p1|Gholdengo|
|poke|p1|Metagross|
|poke|p1|Weezing-Galar, M|
|poke|p1|Scizor, M|
|poke|p1|Walking Wake|
|poke|p2|Ogerpon-Cornerstone, F|
|poke|p2|Indeedee, M|
|poke|p2|Tornadus, M|
|poke|p2|Heatran, M|
|poke|p2|Zoroark-Hisui, F|
|poke|p2|Landorus-Therian, M|
|teampreview
|
|t:|1769415236
|teamsize|p1|6
|teamsize|p2|6
|start
|switch|p1a: String Cheese|Gholdengo|100/100
|switch|p2a: Tornadus|Tornadus, M|100/100
|-item|p1a: String Cheese|Air Balloon
|turn|1
|
|t:|1769415246
|move|p2a: Tornadus|Tailwind|p2a: Tornadus
|-sidestart|p2: Genius au|move: Tailwind
|move|p1a: String Cheese|Shadow Ball|p2a: Tornadus
|-damage|p2a: Tornadus|39/100
|
|upkeep
|turn|2
|
|t:|1769415253
|move|p2a: Tornadus|Bleakwind Storm|p1a: String Cheese
|-resisted|p1a: String Cheese
|-damage|p1a: String Cheese|73/100
|-unboost|p1a: String Cheese|spe|1
|-enditem|p1a: String Cheese|Air Balloon
|move|p1a: String Cheese|Shadow Ball|p2a: Tornadus
|-damage|p2a: Tornadus|0 fnt
|faint|p2a: Tornadus
|
|upkeep
|
|t:|1769415266
|switch|p2a: Landorus|Landorus-Therian, M|100/100
|-ability|p2a: Landorus|Intimidate|boost
|-unboost|p1a: String Cheese|atk|1
|turn|3
|
|t:|1769415285
|move|p2a: Landorus|Stealth Rock|p1a: String Cheese
|-sidestart|p1: LmonJames|move: Stealth Rock
|move|p1a: String Cheese|Make It Rain|p2a: Landorus
|-damage|p2a: Landorus|26/100
|-unboost|p1a: String Cheese|spa|1
|
|-heal|p2a: Landorus|32/100|[from] item: Leftovers
|upkeep
|turn|4
|
|t:|1769415293
|move|p2a: Landorus|Earthquake|p1a: String Cheese
|-supereffective|p1a: String Cheese
|-damage|p1a: String Cheese|0 fnt
|faint|p1a: String Cheese
|
|-heal|p2a: Landorus|38/100|[from] item: Leftovers
|-sideend|p2: Genius au|move: Tailwind
|upkeep
|
|t:|1769415300
|switch|p1a: Brudda|Walking Wake|100/100
|-damage|p1a: Brudda|88/100|[from] Stealth Rock
|-enditem|p1a: Brudda|Booster Energy
|-activate|p1a: Brudda|ability: Protosynthesis|[fromitem]
|-start|p1a: Brudda|protosynthesisspa
|turn|5
|
|t:|1769415315
|switch|p2a: Indeedee|Indeedee, M|100/100
|-fieldstart|move: Psychic Terrain|[from] ability: Psychic Surge|[of] p2a: Indeedee
|move|p1a: Brudda|Scald|p2a: Indeedee
|-damage|p2a: Indeedee|19/100
|-status|p2a: Indeedee|brn
|
|-damage|p2a: Indeedee|12/100 brn|[from] brn
|upkeep
|turn|6
|
|t:|1769415328
|move|p2a: Indeedee|Dazzling Gleam|p1a: Brudda
|-supereffective|p1a: Brudda
|-damage|p1a: Brudda|0 fnt
|faint|p1a: Brudda
|-end|p1a: Brudda|Protosynthesis|[silent]
|
|-damage|p2a: Indeedee|6/100 brn|[from] brn
|upkeep
|
|t:|1769415340
|switch|p1a: Xylophone|Metagross, shiny|100/100
|-damage|p1a: Xylophone|95/100|[from] Stealth Rock
|turn|7
|
|t:|1769415345
|move|p1a: Xylophone|Bullet Punch|p2a: Indeedee
|-activate|p2a: Indeedee|move: Psychic Terrain
|move|p2a: Indeedee|Dazzling Gleam|p1a: Xylophone
|-resisted|p1a: Xylophone
|-damage|p1a: Xylophone|76/100
|
|-heal|p1a: Xylophone|82/100|[from] item: Leftovers
|-damage|p2a: Indeedee|0 fnt|[from] brn
|faint|p2a: Indeedee
|upkeep
|
|t:|1769415351
|switch|p2a: Heatran|Heatran, M|100/100
|-item|p2a: Heatran|Air Balloon
|turn|8
|
|t:|1769415358
|move|p1a: Xylophone|Body Press|p2a: Heatran
|-supereffective|p2a: Heatran
|-damage|p2a: Heatran|50/100
|-enditem|p2a: Heatran|Air Balloon
|move|p2a: Heatran|Magma Storm|p1a: Xylophone
|-supereffective|p1a: Xylophone
|-damage|p1a: Xylophone|0 fnt
|faint|p1a: Xylophone
|
|upkeep
|
|t:|1769415367
|switch|p1a: The Dude|Scizor, M|100/100
|-damage|p1a: The Dude|88/100|[from] Stealth Rock
|turn|9
|
|t:|1769415377
|move|p2a: Heatran|Magma Storm|p1a: The Dude
|-supereffective|p1a: The Dude
|-damage|p1a: The Dude|0 fnt
|faint|p1a: The Dude
|
|-fieldend|move: Psychic Terrain
|upkeep
|
|t:|1769415382
|switch|p1a: Hamilton|Weezing-Galar, M|100/100
|-damage|p1a: Hamilton|88/100|[from] Stealth Rock
|turn|10
|
|t:|1769415392
|move|p2a: Heatran|Heat Wave|p1a: Hamilton
|-damage|p1a: Hamilton|0 fnt
|faint|p1a: Hamilton
|
|upkeep
|
|t:|1769415397
|switch|p1a: Vakarian|Salamence, M|100/100
|-damage|p1a: Vakarian|76/100|[from] Stealth Rock
|turn|11
|
|t:|1769415404
|move|p1a: Vakarian|Earthquake|p2a: Heatran
|-supereffective|p2a: Heatran
|-damage|p2a: Heatran|0 fnt
|faint|p2a: Heatran
|-ability|p1a: Vakarian|Moxie|boost
|-boost|p1a: Vakarian|atk|1
|
|upkeep
|
|t:|1769415413
|switch|p2a: Landorus|Landorus-Therian, M|100/100
|turn|12
|
|t:|1769415428
|-terastallize|p1a: Vakarian|Steel
|move|p2a: Landorus|Low Kick|p1a: Vakarian
|-supereffective|p1a: Vakarian
|-damage|p1a: Vakarian|7/100
|move|p1a: Vakarian|Dragon Dance|p1a: Vakarian
|-boost|p1a: Vakarian|atk|1
|-boost|p1a: Vakarian|spe|1
|
|upkeep
|turn|13
|
|t:|1769415437
|move|p1a: Vakarian|Dragon Claw|p2a: Landorus
|-damage|p2a: Landorus|0 fnt
|replace|p2a: Zoroark|Zoroark-Hisui, F
|-end|p2a: Zoroark|Illusion
|faint|p2a: Zoroark
|-ability|p1a: Vakarian|Moxie|boost
|-boost|p1a: Vakarian|atk|1
|
|upkeep
|
|t:|1769415441
|switch|p2a: Landorus|Landorus-Therian, M|38/100
|-ability|p2a: Landorus|Intimidate|boost
|-unboost|p1a: Vakarian|atk|1
|turn|14
|
|t:|1769415447
|move|p1a: Vakarian|Dragon Claw|p2a: Landorus
|-damage|p2a: Landorus|0 fnt
|faint|p2a: Landorus
|-ability|p1a: Vakarian|Moxie|boost
|-boost|p1a: Vakarian|atk|1
|
|upkeep
|
|t:|1769415450
|switch|p2a: Ogerpon|Ogerpon-Cornerstone, F|100/100
|turn|15
|
|t:|1769415462
|move|p1a: Vakarian|Earthquake|p2a: Ogerpon
|-ability|p2a: Ogerpon|Sturdy
|-damage|p2a: Ogerpon|1/100
|move|p2a: Ogerpon|Ivy Cudgel|p1a: Vakarian|[anim] Ivy Cudgel Rock
|-resisted|p1a: Vakarian
|-damage|p1a: Vakarian|0 fnt
|faint|p1a: Vakarian
|
|win|Genius au
|raw|LmonJames's rating: 1109 &rarr; <strong>1081</strong><br />(-28 for losing)
|raw|Genius au's rating: 1071 &rarr; <strong>1104</strong><br />(+33 for winning)
|l|☆Genius au
|player|p2|
|l|☆LmonJames
|player|p1|
