|j|☆arnoldafricaus
|j|☆szeykoo
|t:|1769440882
|gametype|singles
|player|p1|arnoldafricaus|flint|1269
|player|p2|szeykoo|steven|1255
|gen|9
|tier|[Gen 9] OU
|rated|
|rule|HP Percentage Mod: HP is shown in percentages
|rule|Endless Battle Clause: Forcing endless battles is banned
|rule|Species Clause: Limit one of each Pokémon
|rule|OHKO Clause: OHKO moves are banned
|rule|Evasion Items Clause: Evasion items are banned
|rule|Evasion Moves Clause: Evasion moves are banned
|rule|Evasion Abilities Clause: Evasion abilities are banned
|rule|Sleep Moves Clause: Sleep-inducing moves are banned
|clearpoke
|poke|p1|Kingambit, F|
|poke|p1|Ting-Lu|
|poke|p1|Iron Crown|
|poke|p1|Lokix, F|
|poke|p1|Great Tusk|
|poke|p1|Moltres|
|poke|p2|Torkoal, F|
|poke|p2|Lilligant, F|
|poke|p2|Scream Tail|
|poke|p2|Ceruledge, F|
|poke|p2|Walking Wake|
|poke|p2|Mandibuzz, F|
|teampreview
|inactive|Battle timer is ON: inactive players will automatically lose when time's up. (requested by arnoldafricaus)
|
|t:|1769440891
|teamsize|p1|6
|teamsize|p2|6
|start
|switch|p1a: Ting-Lu|Ting-Lu, shiny|100/100
|switch|p2a: sun merchant|Torkoal, F, shiny|100/100
|-ability|p1a: Ting-Lu|Vessel of Ruin
|-weather|SunnyDay|[from] ability: Drought|[of] p2a: sun merchant
|turn|1
|
|t:|1769440916
|switch|p1a: Moltres|Moltres|100/100
|move|p2a: sun merchant|Will-O-Wisp|p1a: Moltres
|-immune|p1a: Moltres
|
|-weather|SunnyDay|[upkeep]
|upkeep
|turn|2
|
|t:|1769440927
|switch|p2a: Walking Wake|Walking Wake|100/100
|-activate|p2a: Walking Wake|ability: Protosynthesis
|-start|p2a: Walking Wake|protosynthesisspa
|move|p1a: Moltres|Flamethrower|p2a: Walking Wake
|-resisted|p2a: Walking Wake
|-damage|p2a: Walking Wake|89/100
|
|-weather|SunnyDay|[upkeep]
|upkeep
|turn|3
|
|t:|1769440956
|switch|p1a: Great Tusk|Great Tusk|100/100
|-activate|p1a: Great Tusk|ability: Protosynthesis
|-start|p1a: Great Tusk|protosynthesisspe
|move|p2a: Walking Wake|Hydro Steam|p1a: Great Tusk
|-supereffective|p1a: Great Tusk
|-damage|p1a: Great Tusk|0 fnt
|faint|p1a: Great Tusk
|-end|p1a: Great Tusk|Protosynthesis|[silent]
|
|-weather|SunnyDay|[upkeep]
|upkeep
|inactive|arnoldafricaus has 120 seconds left.
|
|t:|1769440975
|switch|p1a: Iron Crown|Iron Crown|100/100
|-enditem|p1a: Iron Crown|Booster Energy
|-activate|p1a: Iron Crown|ability: Quark Drive|[fromitem]
|-start|p1a: Iron Crown|quarkdrivespa
|turn|4
|inactive|arnoldafricaus has 120 seconds left.
|
|t:|1769440984
|move|p2a: Walking Wake|Weather Ball|p1a: Iron Crown
|-supereffective|p1a: Iron Crown
|-damage|p1a: Iron Crown|0 fnt
|faint|p1a: Iron Crown
|-end|p1a: Iron Crown|Quark Drive|[silent]
|
|-weather|SunnyDay|[upkeep]
|upkeep
|inactive|arnoldafricaus has 120 seconds left.
|
|t:|1769440990
|switch|p1a: Lokix|Lokix, F|100/100
|turn|5
|
|t:|1769440996
|move|p1a: Lokix|First Impression|p2a: Walking Wake
|-damage|p2a: Walking Wake|35/100
|-damage|p1a: Lokix|91/100|[from] item: Life Orb
|move|p2a: Walking Wake|Weather Ball|p1a: Lokix
|-supereffective|p1a: Lokix
|-damage|p1a: Lokix|0 fnt
|faint|p1a: Lokix
|
|-weather|SunnyDay|[upkeep]
|upkeep
|inactive|arnoldafricaus has 120 seconds left.
|
|t:|1769441011
|switch|p1a: Ting-Lu|Ting-Lu, shiny|100/100
|-ability|p1a: Ting-Lu|Vessel of Ruin
|turn|6
|
|t:|1769441017
|move|p2a: Walking Wake|Hydro Steam|p1a: Ting-Lu
|-supereffective|p1a: Ting-Lu
|-damage|p1a: Ting-Lu|24/100
|move|p1a: Ting-Lu|Stealth Rock|p2a: Walking Wake
|-sidestart|p2: szeykoo|move: Stealth Rock
|
|-weather|SunnyDay|[upkeep]
|-heal|p1a: Ting-Lu|30/100|[from] item: Leftovers
|upkeep
|turn|7
|
|t:|1769441025
|move|p2a: Walking Wake|Hydro Steam|p1a: Ting-Lu
|-supereffective|p1a: Ting-Lu
|-damage|p1a: Ting-Lu|0 fnt
|faint|p1a: Ting-Lu
|
|-weather|SunnyDay|[upkeep]
|upkeep
|
|t:|1769441031
|switch|p1a: Moltres|Moltres|100/100
|turn|8
|
|t:|1769441047
|move|p2a: Walking Wake|Hydro Steam|p1a: Moltres
|-supereffective|p1a: Moltres
|-damage|p1a: Moltres|0 fnt
|faint|p1a: Moltres
|
|-weather|none
|-end|p2a: Walking Wake|Protosynthesis
|upkeep
|
|t:|1769441054
|switch|p1a: Kingambit|Kingambit, F, shiny|100/100
|-activate|p1a: Kingambit|ability: Supreme Overlord
|-start|p1a: Kingambit|fallen5|[silent]
|turn|9
|
|t:|1769441061
|move|p2a: Walking Wake|Flip Turn|p1a: Kingambit
|-damage|p1a: Kingambit|89/100
|
|t:|1769441066
|-end|p2a: Walking Wake|Protosynthesis|[silent]
|switch|p2a: sun merchant|Torkoal, F, shiny|100/100|[from] Flip Turn
|-damage|p2a: sun merchant|76/100|[from] Stealth Rock
|-weather|SunnyDay|[from] ability: Drought|[of] p2a: sun merchant
|move|p1a: Kingambit|Swords Dance|p1a: Kingambit
|-boost|p1a: Kingambit|atk|2
|
|-weather|SunnyDay|[upkeep]
|upkeep
|turn|10
|
|t:|1769441078
|move|p1a: Kingambit|Kowtow Cleave|p2a: sun merchant
|-damage|p2a: sun merchant|0 fnt
|faint|p2a: sun merchant
|-damage|p1a: Kingambit|79/100|[from] item: Life Orb
|
|-weather|SunnyDay|[upkeep]
|upkeep
|inactive|szeykoo has 120 seconds left.
|
|t:|1769441114
|switch|p2a: killer|Lilligant, F|100/100
|-damage|p2a: killer|88/100|[from] Stealth Rock
|turn|11
|
|t:|1769441129
|move|p2a: killer|Quiver Dance|p2a: killer
|-boost|p2a: killer|spa|1
|-boost|p2a: killer|spd|1
|-boost|p2a: killer|spe|1
|move|p1a: Kingambit|Kowtow Cleave|p2a: killer
|-damage|p2a: killer|0 fnt
|faint|p2a: killer
|-damage|p1a: Kingambit|69/100|[from] item: Life Orb
|
|-weather|SunnyDay|[upkeep]
|upkeep
|
|t:|1769441144
|switch|p2a: Mandibuzz|Mandibuzz, F|100/100
|turn|12
|
|t:|1769441156
|move|p2a: Mandibuzz|Foul Play|p1a: Kingambit
|-resisted|p1a: Kingambit
|-damage|p1a: Kingambit|30/100
|move|p1a: Kingambit|Kowtow Cleave|p2a: Mandibuzz
|-resisted|p2a: Mandibuzz
|-damage|p2a: Mandibuzz|30/100
|-damage|p1a: Kingambit|21/100|[from] item: Life Orb
|
|-weather|SunnyDay|[upkeep]
|upkeep
|turn|13
|c|☆arnoldafricaus|gg
|
|t:|1769441166
|move|p1a: Kingambit|Sucker Punch|p2a: Mandibuzz
|-resisted|p2a: Mandibuzz
|-damage|p2a: Mandibuzz|0 fnt
|faint|p2a: Mandibuzz
|-damage|p1a: Kingambit|11/100|[from] item: Life Orb
|
|-weather|SunnyDay|[upkeep]
|upkeep
|c|☆szeykoo|gg
|
|t:|1769441177
|switch|p2a: airfryer|Ceruledge, F|100/100
|-damage|p2a: airfryer|76/100|[from] Stealth Rock
|turn|14
|
|t:|1769441182
|-terastallize|p2a: airfryer|Fire
|move|p1a: Kingambit|Protect|p1a: Kingambit
|-singleturn|p1a: Kingambit|Protect
|move|p2a: airfryer|Shadow Sneak|p1a: Kingambit
|-activate|p1a: Kingambit|move: Protect
|
|-weather|SunnyDay|[upkeep]
|upkeep
|turn|15
|
|t:|1769441194
|-terastallize|p1a: Kingambit|Flying
|move|p1a: Kingambit|Sucker Punch|p2a: airfryer
|-crit|p2a: airfryer
|-damage|p2a: airfryer|0 fnt
|faint|p2a: airfryer
|-damage|p1a: Kingambit|1/100|[from] item: Life Orb
|
|-weather|SunnyDay|[upkeep]
|upkeep
|
|t:|1769441201
|switch|p2a: filler mon|Scream Tail|100/100
|-damage|p2a: filler mon|88/100|[from] Stealth Rock
|-activate|p2a: filler mon|ability: Protosynthesis
|-start|p2a: filler mon|protosynthesisspe
|turn|16
|inactive|szeykoo has 120 seconds left.
|
|t:|1769441209
|move|p1a: Kingambit|Sucker Punch||[still]
|-fail|p1a: Kingambit
|move|p2a: filler mon|Wish|p2a: filler mon
|
|-weather|none
|-end|p2a: filler mon|Protosynthesis
|-heal|p2a: filler mon|94/100|[from] item: Leftovers
|upkeep
|turn|17
|
|t:|1769441215
|move|p1a: Kingambit|Sucker Punch|p2a: filler mon
|-damage|p2a: filler mon|0 fnt
|faint|p2a: filler mon
|-end|p2a: filler mon|Protosynthesis|[silent]
|-damage|p1a: Kingambit|0 fnt|[from] item: Life Orb
|faint|p1a: Kingambit
|-end|p1a: Kingambit|fallen5|[silent]
|
|win|szeykoo
|raw|arnoldafricaus's rating: 1269 &rarr; <strong>1243</strong><br />(-26 for losing)
|raw|szeykoo's rating: 1255 &rarr; <strong>1281</strong><br />(+26 for winning)
|l|☆arnoldafricaus
|player|p1|
|l|☆szeykoo
|player|p2|
