|j|☆roommate108
|j|☆hsp20040923
|t:|1769328361
|gametype|singles
|player|p1|roommate108|101|1421
|player|p2|hsp20040923|silver|1352
|gen|9
|tier|[Gen 9] OU
|rated|
|rule|HP Percentage Mod: HP is shown in percentages
|rule|Endless Battle Clause: Forcing endless battles is banned
|rule|Species Clause: Limit one of each Pokémon
|rule|OHKO Clause: OHKO moves are banned
|rule|Evasion Items Clause: Evasion items are banned
|rule|Evasion Moves Clause: Evasion moves are banned
|rule|Evasion Abilities Clause: Evasion abilities are banned
|rule|Sleep Moves Clause: Sleep-inducing moves are banned
|clearpoke
|poke|p1|Charizard, M|
|poke|p1|Torkoal, F|
|poke|p1|Walking Wake|
|poke|p1|Raging Bolt|
|poke|p1|Hatterene, F|
|poke|p1|Leavanny, F|
|poke|p2|Raging Bolt|
|poke|p2|Gholdengo|
|poke|p2|Rillaboom, M|
|poke|p2|Hatterene, F|
|poke|p2|Iron Moth|
|poke|p2|Kyurem|
|teampreview
|inactive|Battle timer is ON: inactive players will automatically lose when time's up. (requested by roommate108)
|
|t:|1769328375
|teamsize|p1|6
|teamsize|p2|6
|start
|switch|p1a: Torkoal|Torkoal, F|100/100
|switch|p2a: Hatterene|Hatterene, F|100/100
|-weather|SunnyDay|[from] ability: Drought|[of] p1a: Torkoal
|turn|1
|
|t:|1769328385
|switch|p1a: Charizard|Charizard, M|100/100
|move|p2a: Hatterene|Calm Mind|p2a: Hatterene
|-boost|p2a: Hatterene|spa|1
|-boost|p2a: Hatterene|spd|1
|
|-weather|SunnyDay|[upkeep]
|-damage|p1a: Charizard|88/100|[from] ability: Solar Power|[of] p1a: Charizard
|upkeep
|turn|2
|
|t:|1769328397
|-terastallize|p1a: Charizard|Fire
|move|p1a: Charizard|Weather Ball|p2a: Hatterene
|-damage|p2a: Hatterene|0 fnt
|faint|p2a: Hatterene
|
|-weather|SunnyDay|[upkeep]
|-damage|p1a: Charizard|76/100|[from] ability: Solar Power|[of] p1a: Charizard
|upkeep
|inactive|hsp20040923 has 120 seconds left.
|
|t:|1769328447
|switch|p2a: Raging Bolt|Raging Bolt|100/100
|-activate|p2a: Raging Bolt|ability: Protosynthesis
|-start|p2a: Raging Bolt|protosynthesisspa
|turn|3
|inactive|roommate108 has 120 seconds left.
|
|t:|1769328496
|move|p1a: Charizard|Weather Ball|p2a: Raging Bolt
|-resisted|p2a: Raging Bolt
|-damage|p2a: Raging Bolt|45/100
|move|p2a: Raging Bolt|Draco Meteor|p1a: Charizard
|-damage|p1a: Charizard|0 fnt
|-unboost|p2a: Raging Bolt|spa|2
|faint|p1a: Charizard
|
|-weather|SunnyDay|[upkeep]
|upkeep
|
|t:|1769328507
|switch|p1a: Leavanny|Leavanny, F|100/100
|turn|4
|
|t:|1769328519
|move|p1a: Leavanny|Sticky Web|p2a: Raging Bolt
|-sidestart|p2: hsp20040923|move: Sticky Web
|move|p2a: Raging Bolt|Volt Switch|p1a: Leavanny
|-resisted|p1a: Leavanny
|-damage|p1a: Leavanny|79/100
|
|t:|1769328531
|-end|p2a: Raging Bolt|Protosynthesis|[silent]
|switch|p2a: Kyurem|Kyurem|100/100|[from] Volt Switch
|-activate|p2a: Kyurem|move: Sticky Web
|-unboost|p2a: Kyurem|spe|1
|-ability|p2a: Kyurem|Pressure
|
|-weather|SunnyDay|[upkeep]
|upkeep
|turn|5
|inactive|roommate108 has 120 seconds left.
|
|t:|1769328540
|move|p1a: Leavanny|Low Kick|p2a: Kyurem
|-supereffective|p2a: Kyurem
|-damage|p2a: Kyurem|29/100
|move|p2a: Kyurem|Substitute|p2a: Kyurem
|-start|p2a: Kyurem|Substitute
|-damage|p2a: Kyurem|5/100
|
|-weather|SunnyDay|[upkeep]
|upkeep
|turn|6
|inactive|hsp20040923 has 120 seconds left.
|
|t:|1769328546
|move|p1a: Leavanny|Triple Axel|p2a: Kyurem
|-activate|p2a: Kyurem|move: Substitute|[damage]
|-activate|p2a: Kyurem|move: Substitute|[damage]
|-crit|p2a: Kyurem
|-end|p2a: Kyurem|Substitute
|-hitcount|p2a: Kyurem|3
|move|p2a: Kyurem|Scale Shot|p1a: Leavanny
|-damage|p1a: Leavanny|62/100
|-damage|p1a: Leavanny|46/100
|-damage|p1a: Leavanny|30/100
|-damage|p1a: Leavanny|14/100
|-hitcount|p1a: Leavanny|4
|-unboost|p2a: Kyurem|def|1
|-boost|p2a: Kyurem|spe|1
|
|-weather|SunnyDay|[upkeep]
|upkeep
|turn|7
|inactive|hsp20040923 has 120 seconds left.
|
|t:|1769328562
|move|p1a: Leavanny|Low Kick|p2a: Kyurem
|-supereffective|p2a: Kyurem
|-damage|p2a: Kyurem|0 fnt
|faint|p2a: Kyurem
|
|-weather|SunnyDay|[upkeep]
|upkeep
|
|t:|1769328586
|switch|p2a: Raging Bolt|Raging Bolt|45/100
|-activate|p2a: Raging Bolt|move: Sticky Web
|-unboost|p2a: Raging Bolt|spe|1
|-activate|p2a: Raging Bolt|ability: Protosynthesis
|-start|p2a: Raging Bolt|protosynthesisspa
|turn|8
|
|t:|1769328595
|move|p1a: Leavanny|Triple Axel|p2a: Raging Bolt
|-supereffective|p2a: Raging Bolt
|-damage|p2a: Raging Bolt|33/100
|-supereffective|p2a: Raging Bolt
|-damage|p2a: Raging Bolt|11/100
|-supereffective|p2a: Raging Bolt
|-damage|p2a: Raging Bolt|0 fnt
|faint|p2a: Raging Bolt
|-end|p2a: Raging Bolt|Protosynthesis|[silent]
|-hitcount|p2: Raging Bolt|3
|
|-weather|none
|upkeep
|inactive|hsp20040923 has 90 seconds left.
|
|t:|1769328626
|switch|p2a: Iron Moth|Iron Moth|100/100
|-activate|p2a: Iron Moth|move: Sticky Web
|-unboost|p2a: Iron Moth|spe|1
|-enditem|p2a: Iron Moth|Booster Energy
|-activate|p2a: Iron Moth|ability: Quark Drive|[fromitem]
|-start|p2a: Iron Moth|quarkdrivespa
|turn|9
|inactive|hsp20040923 has 90 seconds left.
|inactive|roommate108 has 120 seconds left.
|
|t:|1769328665
|switch|p1a: Walking Wake|Walking Wake|100/100
|move|p2a: Iron Moth|Fiery Dance|p1a: Walking Wake
|-resisted|p1a: Walking Wake
|-damage|p1a: Walking Wake|85/100
|-boost|p2a: Iron Moth|spa|1
|
|upkeep
|turn|10
|
|t:|1769328673
|-terastallize|p2a: Iron Moth|Fairy
|move|p1a: Walking Wake|Flip Turn|p2a: Iron Moth
|-damage|p2a: Iron Moth|77/100
|
|t:|1769328677
|-end|p1a: Walking Wake|Protosynthesis|[silent]
|switch|p1a: Torkoal|Torkoal, F|100/100|[from] Flip Turn
|-weather|SunnyDay|[from] ability: Drought|[of] p1a: Torkoal
|move|p2a: Iron Moth|Dazzling Gleam|p1a: Torkoal
|-resisted|p1a: Torkoal
|-damage|p1a: Torkoal|51/100
|
|-weather|SunnyDay|[upkeep]
|upkeep
|turn|11
|
|t:|1769328683
|switch|p1a: Leavanny|Leavanny, F|14/100
|move|p2a: Iron Moth|Sludge Wave|p1a: Leavanny
|-supereffective|p1a: Leavanny
|-damage|p1a: Leavanny|0 fnt
|faint|p1a: Leavanny
|
|-weather|SunnyDay|[upkeep]
|upkeep
|
|t:|1769328686
|switch|p1a: Walking Wake|Walking Wake|85/100
|-activate|p1a: Walking Wake|ability: Protosynthesis
|-start|p1a: Walking Wake|protosynthesisspe
|turn|12
|
|t:|1769328690
|move|p1a: Walking Wake|Hydro Steam|p2a: Iron Moth
|-damage|p2a: Iron Moth|0 fnt
|faint|p2a: Iron Moth
|-end|p2a: Iron Moth|Quark Drive|[silent]
|
|-weather|SunnyDay|[upkeep]
|upkeep
|
|t:|1769328695
|switch|p2a: Rillaboom|Rillaboom, M|100/100
|-activate|p2a: Rillaboom|move: Sticky Web
|-unboost|p2a: Rillaboom|spe|1
|-fieldstart|move: Grassy Terrain|[from] ability: Grassy Surge|[of] p2a: Rillaboom
|turn|13
|
|t:|1769328705
|move|p1a: Walking Wake|Hydro Steam|p2a: Rillaboom
|-resisted|p2a: Rillaboom
|-damage|p2a: Rillaboom|45/100
|move|p2a: Rillaboom|Leech Seed|p1a: Walking Wake
|-start|p1a: Walking Wake|move: Leech Seed
|
|-weather|SunnyDay|[upkeep]
|-heal|p1a: Walking Wake|91/100|[from] Grassy Terrain
|-heal|p2a: Rillaboom|51/100|[from] Grassy Terrain
|-damage|p1a: Walking Wake|79/100|[from] Leech Seed|[of] p2a: Rillaboom
|-heal|p2a: Rillaboom|61/100|[silent]
|upkeep
|turn|14
|
|t:|1769328713
|-end|p1a: Walking Wake|Protosynthesis|[silent]
|switch|p1a: Hatterene|Hatterene, F|100/100
|move|p2a: Rillaboom|Leech Seed|p1a: Hatterene
|move|p1a: Hatterene|Leech Seed|p2a: Rillaboom|[from] ability: Magic Bounce
|-immune|p2a: Rillaboom
|
|-weather|SunnyDay|[upkeep]
|-heal|p2a: Rillaboom|68/100|[from] Grassy Terrain
|upkeep
|turn|15
|
|t:|1769328719
|switch|p2a: Gholdengo|Gholdengo|100/100
|-item|p2a: Gholdengo|Air Balloon
|move|p1a: Hatterene|Psychic Noise|p2a: Gholdengo
|-resisted|p2a: Gholdengo
|-damage|p2a: Gholdengo|83/100
|-start|p2a: Gholdengo|move: Heal Block
|-enditem|p2a: Gholdengo|Air Balloon
|
|-weather|SunnyDay|[upkeep]
|upkeep
|turn|16
|
|t:|1769328732
|switch|p1a: Raging Bolt|Raging Bolt|100/100
|-activate|p1a: Raging Bolt|ability: Protosynthesis
|-start|p1a: Raging Bolt|protosynthesisspa
|move|p2a: Gholdengo|Thunder Wave|p1a: Raging Bolt
|-immune|p1a: Raging Bolt
|
|-weather|SunnyDay|[upkeep]
|-end|p2a: Gholdengo|move: Heal Block
|upkeep
|turn|17
|
|t:|1769328748
|move|p1a: Raging Bolt|Weather Ball|p2a: Gholdengo
|-supereffective|p2a: Gholdengo
|-damage|p2a: Gholdengo|0 fnt
|faint|p2a: Gholdengo
|-damage|p1a: Raging Bolt|91/100|[from] item: Life Orb
|
|-weather|none
|-end|p1a: Raging Bolt|Protosynthesis
|-heal|p1a: Raging Bolt|97/100|[from] Grassy Terrain
|-fieldend|move: Grassy Terrain
|upkeep
|
|t:|1769328755
|switch|p2a: Rillaboom|Rillaboom, M|68/100
|-activate|p2a: Rillaboom|move: Sticky Web
|-unboost|p2a: Rillaboom|spe|1
|-fieldstart|move: Grassy Terrain|[from] ability: Grassy Surge|[of] p2a: Rillaboom
|turn|18
|
|t:|1769328759
|move|p1a: Raging Bolt|Draco Meteor|p2a: Rillaboom
|-damage|p2a: Rillaboom|0 fnt
|-unboost|p1a: Raging Bolt|spa|2
|faint|p2a: Rillaboom
|-damage|p1a: Raging Bolt|87/100|[from] item: Life Orb
|
|win|roommate108
|raw|roommate108's rating: 1421 &rarr; <strong>1437</strong><br />(+16 for winning)
|raw|hsp20040923's rating: 1352 &rarr; <strong>1336</strong><br />(-16 for losing)
|l|☆roommate108
|player|p1|
