|j|☆Chessmaster 2000
|j|☆llachiee
|t:|1769312718
|gametype|singles
|player|p1|Chessmaster 2000|scientist-gen4|1339
|player|p2|llachiee|1|1393
|gen|9
|tier|[Gen 9] OU
|rated|
|rule|HP Percentage Mod: HP is shown in percentages
|rule|Endless Battle Clause: Forcing endless battles is banned
|rule|Species Clause: Limit one of each Pokémon
|rule|OHKO Clause: OHKO moves are banned
|rule|Evasion Items Clause: Evasion items are banned
|rule|Evasion Moves Clause: Evasion moves are banned
|rule|Evasion Abilities Clause: Evasion abilities are banned
|rule|Sleep Moves Clause: Sleep-inducing moves are banned
|clearpoke
|poke|p1|Pecharunt|
|poke|p1|Mabosstiff, F|
|poke|p1|Volcanion|
|poke|p1|Iron Valiant|
|poke|p1|Landorus-Therian, M|
|poke|p1|Deoxys-Speed|
|poke|p2|Clodsire, F|
|poke|p2|Dondozo, F|
|poke|p2|Gliscor, F|
|poke|p2|Alomomola, L99, F|
|poke|p2|Corviknight, F|
|poke|p2|Pecharunt|
|teampreview
|inactive|Battle timer is ON: inactive players will automatically lose when time's up. (requested by Chessmaster 2000)
|inactive|Chessmaster 2000 has 120 seconds left.
|
|t:|1769312755
|teamsize|p1|6
|teamsize|p2|6
|start
|switch|p1a: Volcanion|Volcanion|100/100
|switch|p2a: Bashō|Gliscor, F|100/100
|turn|1
|
|t:|1769312767
|move|p2a: Bashō|Protect|p2a: Bashō
|-singleturn|p2a: Bashō|Protect
|move|p1a: Volcanion|Steam Eruption|p2a: Bashō
|-activate|p2a: Bashō|move: Protect
|
|-status|p2a: Bashō|tox|[from] item: Toxic Orb
|upkeep
|turn|2
|
|t:|1769312772
|switch|p2a: Tagore|Alomomola, L99, F, shiny|100/100
|move|p1a: Volcanion|Steam Eruption|p2a: Tagore
|-resisted|p2a: Tagore
|-damage|p2a: Tagore|81/100
|-status|p2a: Tagore|brn
|
|-damage|p2a: Tagore|74/100 brn|[from] brn
|upkeep
|turn|3
|
|t:|1769312778
|move|p1a: Volcanion|Taunt|p2a: Tagore
|-start|p2a: Tagore|move: Taunt
|cant|p2a: Tagore|move: Taunt|Wish
|
|-damage|p2a: Tagore|68/100 brn|[from] brn
|upkeep
|turn|4
|
|t:|1769312787
|switch|p2a: Whitman|Dondozo, F|100/100
|move|p1a: Volcanion|Flamethrower|p2a: Whitman
|-resisted|p2a: Whitman
|-crit|p2a: Whitman
|-damage|p2a: Whitman|68/100
|
|upkeep
|turn|5
|
|t:|1769312793
|switch|p2a: Tagore|Alomomola, L99, F, shiny|100/100 brn
|move|p1a: Volcanion|Will-O-Wisp|p2a: Tagore
|-fail|p2a: Tagore|brn
|
|-damage|p2a: Tagore|94/100 brn|[from] brn
|upkeep
|turn|6
|
|t:|1769312804
|move|p1a: Volcanion|Taunt|p2a: Tagore
|-start|p2a: Tagore|move: Taunt
|cant|p2a: Tagore|move: Taunt|Wish
|
|-damage|p2a: Tagore|88/100 brn|[from] brn
|upkeep
|turn|7
|
|t:|1769312810
|move|p1a: Volcanion|Will-O-Wisp|p2a: Tagore
|-fail|p2a: Tagore|brn
|move|p2a: Tagore|Mirror Coat||[still]
|-fail|p2a: Tagore
|
|-damage|p2a: Tagore|82/100 brn|[from] brn
|upkeep
|turn|8
|
|t:|1769312814
|move|p1a: Volcanion|Will-O-Wisp|p2a: Tagore|[miss]
|-miss|p1a: Volcanion|p2a: Tagore
|move|p2a: Tagore|Mirror Coat||[still]
|-fail|p2a: Tagore
|
|-damage|p2a: Tagore|75/100 brn|[from] brn
|-end|p2a: Tagore|move: Taunt
|upkeep
|turn|9
|
|t:|1769312817
|move|p1a: Volcanion|Taunt|p2a: Tagore
|-start|p2a: Tagore|move: Taunt
|move|p2a: Tagore|Mirror Coat||[still]
|-fail|p2a: Tagore
|
|-damage|p2a: Tagore|69/100 brn|[from] brn
|upkeep
|turn|10
|
|t:|1769312826
|switch|p1a: Iron Valiant|Iron Valiant|100/100
|-enditem|p1a: Iron Valiant|Booster Energy
|-activate|p1a: Iron Valiant|ability: Quark Drive|[fromitem]
|-start|p1a: Iron Valiant|quarkdrivespe
|move|p2a: Tagore|Mirror Coat||[still]
|-fail|p2a: Tagore
|
|-damage|p2a: Tagore|63/100 brn|[from] brn
|upkeep
|turn|11
|
|t:|1769312832
|switch|p2a: Baudelaire|Corviknight, F, shiny|100/100
|-ability|p2a: Baudelaire|Pressure
|move|p1a: Iron Valiant|Encore||[still]
|-fail|p1a: Iron Valiant
|
|upkeep
|turn|12
|
|t:|1769312840
|move|p1a: Iron Valiant|Knock Off|p2a: Baudelaire
|-damage|p2a: Baudelaire|72/100
|-enditem|p2a: Baudelaire|Leftovers|[from] move: Knock Off|[of] p1a: Iron Valiant
|move|p2a: Baudelaire|Iron Head|p1a: Iron Valiant
|-supereffective|p1a: Iron Valiant
|-damage|p1a: Iron Valiant|32/100
|
|upkeep
|turn|13
|
|t:|1769312855
|-end|p1a: Iron Valiant|Quark Drive|[silent]
|switch|p1a: Volcanion|Volcanion|100/100
|move|p2a: Baudelaire|Protect||[still]
|-fail|p2a: Baudelaire
|
|upkeep
|turn|14
|inactive|llachiee has 120 seconds left.
|
|t:|1769312909
|move|p2a: Baudelaire|Protect|p2a: Baudelaire
|-singleturn|p2a: Baudelaire|Protect
|move|p1a: Volcanion|Flamethrower|p2a: Baudelaire
|-activate|p2a: Baudelaire|move: Protect
|
|upkeep
|turn|15
|
|t:|1769312920
|switch|p1a: Mabosstiff|Mabosstiff, F|100/100
|-ability|p1a: Mabosstiff|Intimidate|boost
|-unboost|p2a: Baudelaire|atk|1
|switch|p2a: Tagore|Alomomola, L99, F, shiny|96/100 brn
|
|-damage|p2a: Tagore|90/100 brn|[from] brn
|upkeep
|turn|16
|
|t:|1769312924
|move|p1a: Mabosstiff|Jaw Lock|p2a: Tagore
|-damage|p2a: Tagore|54/100 brn
|-activate|p1a: Mabosstiff|trapped
|-activate|p2a: Tagore|trapped
|move|p2a: Tagore|Flip Turn|p1a: Mabosstiff
|-damage|p1a: Mabosstiff|92/100
|-enditem|p1a: Mabosstiff|Kee Berry|[eat]
|-boost|p1a: Mabosstiff|def|1|[from] item: Kee Berry
|
|t:|1769312932
|switch|p2a: Bashō|Gliscor, F|100/100 tox|[from] Flip Turn
|
|upkeep
|turn|17
|
|t:|1769312937
|move|p2a: Bashō|Toxic|p1a: Mabosstiff
|-status|p1a: Mabosstiff|tox
|move|p1a: Mabosstiff|Jaw Lock|p2a: Bashō
|-damage|p2a: Bashō|73/100 tox
|-activate|p1a: Mabosstiff|trapped
|-activate|p2a: Bashō|trapped
|
|-heal|p2a: Bashō|85/100 tox|[from] ability: Poison Heal
|-damage|p1a: Mabosstiff|86/100 tox|[from] psn
|upkeep
|turn|18
|
|t:|1769312941
|move|p2a: Bashō|Knock Off|p1a: Mabosstiff
|-resisted|p1a: Mabosstiff
|-damage|p1a: Mabosstiff|80/100 tox
|move|p1a: Mabosstiff|Trailblaze|p2a: Bashō
|-damage|p2a: Bashō|75/100 tox
|-boost|p1a: Mabosstiff|spe|1
|
|-damage|p1a: Mabosstiff|68/100 tox|[from] psn
|-heal|p2a: Bashō|88/100 tox|[from] ability: Poison Heal
|upkeep
|turn|19
|
|t:|1769312944
|move|p1a: Mabosstiff|Trailblaze|p2a: Bashō
|-damage|p2a: Bashō|78/100 tox
|-boost|p1a: Mabosstiff|spe|1
|move|p2a: Bashō|Stealth Rock|p1a: Mabosstiff
|-sidestart|p1: Chessmaster 2000|move: Stealth Rock
|
|-damage|p1a: Mabosstiff|49/100 tox|[from] psn
|-heal|p2a: Bashō|90/100 tox|[from] ability: Poison Heal
|upkeep
|turn|20
|c|☆llachiee|power trip
|
|t:|1769312960
|move|p2a: Bashō|Protect|p2a: Bashō
|-singleturn|p2a: Bashō|Protect
|move|p1a: Mabosstiff|Hone Claws|p1a: Mabosstiff
|-boost|p1a: Mabosstiff|atk|1
|-boost|p1a: Mabosstiff|accuracy|1
|
|-damage|p1a: Mabosstiff|24/100 tox|[from] psn
|-heal|p2a: Bashō|100/100 tox|[from] ability: Poison Heal
|upkeep
|turn|21
|c|☆Chessmaster 2000|Nope.
|
|t:|1769312966
|move|p1a: Mabosstiff|Rest|p1a: Mabosstiff
|-status|p1a: Mabosstiff|slp|[from] move: Rest
|-heal|p1a: Mabosstiff|100/100 slp|[silent]
|move|p2a: Bashō|Knock Off|p1a: Mabosstiff
|-resisted|p1a: Mabosstiff
|-damage|p1a: Mabosstiff|96/100 slp
|
|upkeep
|turn|22
|c|☆llachiee|lol
|c|☆llachiee|wtf
|
|t:|1769312993
|cant|p1a: Mabosstiff|slp
|move|p2a: Bashō|Toxic||[still]
|-fail|p2a: Bashō
|
|upkeep
|turn|23
|inactive|llachiee has 120 seconds left.
|inactive|llachiee has 90 seconds left.
|inactive|llachiee has 60 seconds left.
|-message|llachiee forfeited.
|
|win|Chessmaster 2000
|raw|Chessmaster 2000's rating: 1339 &rarr; <strong>1362</strong><br />(+23 for winning)
|raw|llachiee's rating: 1393 &rarr; <strong>1370</strong><br />(-23 for losing)
|l|☆llachiee
|player|p2|
|c|☆Chessmaster 2000|Gg
|l|☆Chessmaster 2000
|player|p1|
