|j|☆MrKickflip
|j|☆lv0ry
|t:|1769297540
|gametype|singles
|player|p1|MrKickflip|skier|1343
|player|p2|lv0ry|1|1393
|gen|9
|tier|[Gen 9] OU
|rated|
|rule|HP Percentage Mod: HP is shown in percentages
|rule|Endless Battle Clause: Forcing endless battles is banned
|rule|Species Clause: Limit one of each Pokémon
|rule|OHKO Clause: OHKO moves are banned
|rule|Evasion Items Clause: Evasion items are banned
|rule|Evasion Moves Clause: Evasion moves are banned
|rule|Evasion Abilities Clause: Evasion abilities are banned
|rule|Sleep Moves Clause: Sleep-inducing moves are banned
|clearpoke
|poke|p1|Slowking-Galar, M|
|poke|p1|Thundurus-Therian, M|
|poke|p1|Great Tusk|
|poke|p1|Cinderace, M|
|poke|p1|Meowscarada, F|
|poke|p1|Alomomola, F|
|poke|p2|Eelektross, F|
|poke|p2|Deoxys-Speed|
|poke|p2|Iron Valiant|
|poke|p2|Pecharunt|
|poke|p2|Dragonite, M|
|poke|p2|Kingambit, M|
|teampreview
|inactive|Battle timer is ON: inactive players will automatically lose when time's up. (requested by MrKickflip)
|
|t:|1769297550
|teamsize|p1|6
|teamsize|p2|6
|start
|switch|p1a: Meowscarada|Meowscarada, F|100/100
|switch|p2a: Iron Valiant|Iron Valiant|100/100
|-enditem|p2a: Iron Valiant|Booster Energy
|-activate|p2a: Iron Valiant|ability: Quark Drive|[fromitem]
|-start|p2a: Iron Valiant|quarkdrivespe
|turn|1
|
|t:|1769297554
|switch|p1a: Slowking|Slowking-Galar, M|100/100
|move|p2a: Iron Valiant|Moonblast|p1a: Slowking
|-resisted|p1a: Slowking
|-damage|p1a: Slowking|84/100
|
|upkeep
|turn|2
|
|t:|1769297562
|-end|p2a: Iron Valiant|Quark Drive|[silent]
|switch|p2a: Kingambit|Kingambit, M|100/100
|-prepare|p1a: Slowking|Chilly Reception|[premajor]
|move|p1a: Slowking|Chilly Reception|p1a: Slowking
|-weather|Snowscape
|
|t:|1769297566
|switch|p1a: Cinderace|Cinderace, M|100/100|[from] Chilly Reception
|
|-weather|Snowscape|[upkeep]
|upkeep
|turn|3
|
|t:|1769297574
|-end|p2a: Kingambit|fallenundefined|[silent]
|switch|p2a: Deoxys|Deoxys-Speed|100/100
|-ability|p2a: Deoxys|Pressure
|move|p1a: Cinderace|Pyro Ball|p2a: Deoxys
|-damage|p2a: Deoxys|0 fnt
|faint|p2a: Deoxys
|
|-weather|Snowscape|[upkeep]
|upkeep
|
|t:|1769297586
|switch|p2a: Pecharunt|Pecharunt|100/100
|turn|4
|
|t:|1769297590
|switch|p1a: Slowking|Slowking-Galar, M|100/100
|move|p2a: Pecharunt|Nasty Plot|p2a: Pecharunt
|-boost|p2a: Pecharunt|spa|2
|
|-weather|Snowscape|[upkeep]
|upkeep
|turn|5
|
|t:|1769297602
|move|p2a: Pecharunt|Shadow Ball|p1a: Slowking
|-supereffective|p1a: Slowking
|-damage|p1a: Slowking|29/100
|-prepare|p1a: Slowking|Chilly Reception|[premajor]
|move|p1a: Slowking|Chilly Reception|p1a: Slowking
|
|t:|1769297605
|switch|p1a: Alomomola|Alomomola, F|100/100|[from] Chilly Reception
|
|-weather|Snowscape|[upkeep]
|upkeep
|turn|6
|
|t:|1769297608
|move|p2a: Pecharunt|Malignant Chain|p1a: Alomomola
|-damage|p1a: Alomomola|50/100
|move|p1a: Alomomola|Mirror Coat|p2a: Pecharunt
|-damage|p2a: Pecharunt|0 fnt
|faint|p2a: Pecharunt
|
|-weather|none
|upkeep
|
|t:|1769297621
|switch|p2a: Kingambit|Kingambit, M|100/100
|-activate|p2a: Kingambit|ability: Supreme Overlord
|-start|p2a: Kingambit|fallen2|[silent]
|turn|7
|
|t:|1769297623
|move|p2a: Kingambit|Swords Dance|p2a: Kingambit
|-boost|p2a: Kingambit|atk|2
|move|p1a: Alomomola|Flip Turn|p2a: Kingambit
|-damage|p2a: Kingambit|88/100
|
|t:|1769297626
|switch|p1a: Great Tusk|Great Tusk|100/100|[from] Flip Turn
|
|upkeep
|turn|8
|
|t:|1769297629
|-terastallize|p2a: Kingambit|Ghost
|move|p1a: Great Tusk|Headlong Rush|p2a: Kingambit
|-damage|p2a: Kingambit|41/100
|-unboost|p1a: Great Tusk|def|1
|-unboost|p1a: Great Tusk|spd|1
|-enditem|p1a: Great Tusk|Eject Pack
|
|t:|1769297639
|-end|p1a: Great Tusk|Protosynthesis|[silent]
|switch|p1a: Cinderace|Cinderace, M|100/100
|move|p2a: Kingambit|Iron Head|p1a: Cinderace
|-resisted|p1a: Cinderace
|-crit|p1a: Cinderace
|-damage|p1a: Cinderace|0 fnt
|faint|p1a: Cinderace
|
|upkeep
|
|t:|1769297648
|switch|p1a: Great Tusk|Great Tusk|100/100
|turn|9
|
|t:|1769297652
|move|p1a: Great Tusk|Knock Off|p2a: Kingambit
|-supereffective|p2a: Kingambit
|-damage|p2a: Kingambit|0 fnt
|-enditem|p2a: Kingambit|Lum Berry|[from] move: Knock Off|[of] p1a: Great Tusk
|faint|p2a: Kingambit
|-end|p2a: Kingambit|fallen2|[silent]
|
|upkeep
|
|t:|1769297658
|switch|p2a: Iron Valiant|Iron Valiant|100/100
|turn|10
|
|t:|1769297662
|-end|p1a: Great Tusk|Protosynthesis|[silent]
|switch|p1a: Slowking|Slowking-Galar, M|62/100
|move|p2a: Iron Valiant|Calm Mind|p2a: Iron Valiant
|-boost|p2a: Iron Valiant|spa|1
|-boost|p2a: Iron Valiant|spd|1
|
|upkeep
|turn|11
|
|t:|1769297668
|move|p2a: Iron Valiant|Shadow Ball|p1a: Slowking
|-supereffective|p1a: Slowking
|-damage|p1a: Slowking|7/100
|-unboost|p1a: Slowking|spd|1
|move|p1a: Slowking|Sludge Bomb|p2a: Iron Valiant
|-supereffective|p2a: Iron Valiant
|-damage|p2a: Iron Valiant|4/100
|
|upkeep
|turn|12
|
|t:|1769297675
|move|p2a: Iron Valiant|Moonblast|p1a: Slowking
|-resisted|p1a: Slowking
|-damage|p1a: Slowking|0 fnt
|faint|p1a: Slowking
|
|upkeep
|
|t:|1769297677
|switch|p1a: Alomomola|Alomomola, F|84/100
|turn|13
|
|t:|1769297681
|move|p2a: Iron Valiant|Moonblast|p1a: Alomomola
|-damage|p1a: Alomomola|24/100
|move|p1a: Alomomola|Flip Turn|p2a: Iron Valiant
|-damage|p2a: Iron Valiant|0 fnt
|faint|p2a: Iron Valiant
|-end|p2a: Iron Valiant|Quark Drive|[silent]
|
|t:|1769297685
|switch|p1a: Meowscarada|Meowscarada, F|100/100|[from] Flip Turn
|
|upkeep
|
|t:|1769297691
|switch|p2a: Eelektross|Eelektross, F|100/100
|turn|14
|
|t:|1769297696
|move|p1a: Meowscarada|U-turn|p2a: Eelektross
|-start|p1a: Meowscarada|typechange|Bug|[from] ability: Protean
|-damage|p2a: Eelektross|67/100
|
|t:|1769297706
|switch|p1a: Thundurus|Thundurus-Therian, M|100/100|[from] U-turn
|move|p2a: Eelektross|Drain Punch|p1a: Thundurus
|-resisted|p1a: Thundurus
|-damage|p1a: Thundurus|86/100
|-heal|p2a: Eelektross|73/100|[from] drain|[of] p1a: Thundurus
|
|-heal|p2a: Eelektross|79/100|[from] item: Leftovers
|upkeep
|turn|15
|
|t:|1769297714
|move|p1a: Thundurus|Volt Switch|p2a: Eelektross
|-resisted|p2a: Eelektross
|-damage|p2a: Eelektross|62/100
|
|t:|1769297716
|switch|p1a: Great Tusk|Great Tusk|100/100|[from] Volt Switch
|move|p2a: Eelektross|Dragon Tail|p1a: Great Tusk|[miss]
|-miss|p2a: Eelektross|p1a: Great Tusk
|
|-heal|p2a: Eelektross|68/100|[from] item: Leftovers
|upkeep
|turn|16
|
|t:|1769297737
|move|p1a: Great Tusk|Stealth Rock|p2a: Eelektross
|-sidestart|p2: lv0ry|move: Stealth Rock
|move|p2a: Eelektross|Coil|p2a: Eelektross
|-boost|p2a: Eelektross|atk|1
|-boost|p2a: Eelektross|def|1
|-boost|p2a: Eelektross|accuracy|1
|
|-heal|p2a: Eelektross|74/100|[from] item: Leftovers
|upkeep
|turn|17
|
|t:|1769297743
|move|p1a: Great Tusk|Knock Off|p2a: Eelektross
|-damage|p2a: Eelektross|50/100
|-enditem|p2a: Eelektross|Leftovers|[from] move: Knock Off|[of] p1a: Great Tusk
|move|p2a: Eelektross|Dragon Tail|p1a: Great Tusk
|-damage|p1a: Great Tusk|83/100
|-end|p1a: Great Tusk|Protosynthesis|[silent]
|drag|p1a: Thundurus|Thundurus-Therian, M|86/100
|
|upkeep
|turn|18
|
|t:|1769297762
|-terastallize|p1a: Thundurus|Fairy
|move|p1a: Thundurus|Tera Blast|p2a: Eelektross|[anim] Tera Blast Fairy
|-crit|p2a: Eelektross
|-damage|p2a: Eelektross|0 fnt
|faint|p2a: Eelektross
|
|upkeep
|
|t:|1769297766
|switch|p2a: Dragonite|Dragonite, M|100/100
|turn|19
|
|t:|1769297769
|move|p2a: Dragonite|Extreme Speed|p1a: Thundurus
|-damage|p1a: Thundurus|37/100
|move|p1a: Thundurus|Volt Switch|p2a: Dragonite
|-damage|p2a: Dragonite|79/100
|
|t:|1769297771
|switch|p1a: Meowscarada|Meowscarada, F|100/100|[from] Volt Switch
|
|upkeep
|turn|20
|
|t:|1769297780
|move|p2a: Dragonite|Extreme Speed|p1a: Meowscarada
|-damage|p1a: Meowscarada|54/100
|move|p1a: Meowscarada|Triple Axel|p2a: Dragonite
|-start|p1a: Meowscarada|typechange|Ice|[from] ability: Protean
|-supereffective|p2a: Dragonite
|-damage|p2a: Dragonite|38/100
|-supereffective|p2a: Dragonite
|-damage|p2a: Dragonite|0 fnt
|faint|p2a: Dragonite
|-hitcount|p2: Dragonite|2
|
|win|MrKickflip
|raw|MrKickflip's rating: 1343 &rarr; <strong>1366</strong><br />(+23 for winning)
|raw|lv0ry's rating: 1393 &rarr; <strong>1370</strong><br />(-23 for losing)
|l|☆lv0ry
|player|p2|
|l|☆MrKickflip
|player|p1|
