|j|☆TheRealRocketGrunt
|j|☆ILoveAdaWong22
|t:|1769389764
|gametype|singles
|player|p1|TheRealRocketGrunt|rocketgrunt-gen2|1272
|player|p2|ILoveAdaWong22|marley|1225
|gen|9
|tier|[Gen 9] OU
|rated|
|rule|HP Percentage Mod: HP is shown in percentages
|rule|Endless Battle Clause: Forcing endless battles is banned
|rule|Species Clause: Limit one of each Pokémon
|rule|OHKO Clause: OHKO moves are banned
|rule|Evasion Items Clause: Evasion items are banned
|rule|Evasion Moves Clause: Evasion moves are banned
|rule|Evasion Abilities Clause: Evasion abilities are banned
|rule|Sleep Moves Clause: Sleep-inducing moves are banned
|clearpoke
|poke|p1|Dondozo, M|
|poke|p1|Chansey, F|
|poke|p1|Corviknight, M|
|poke|p1|Weezing-Galar, M|
|poke|p1|Gliscor, M|
|poke|p1|Toxapex, F|
|poke|p2|Primarina, F|
|poke|p2|Great Tusk|
|poke|p2|Kingambit, M|
|poke|p2|Slowking-Galar, F|
|poke|p2|Ogerpon, F|
|poke|p2|Enamorus, F|
|teampreview
|inactive|Battle timer is ON: inactive players will automatically lose when time's up. (requested by ILoveAdaWong22)
|
|t:|1769389780
|teamsize|p1|6
|teamsize|p2|6
|start
|switch|p1a: Capitalism|Weezing-Galar, M|100/100
|switch|p2a: Primarina|Primarina, F, shiny|100/100
|-ability|p1a: Capitalism|Neutralizing Gas
|turn|1
|
|t:|1769389789
|-end|p1a: Capitalism|ability: Neutralizing Gas
|switch|p1a: Kethellen|Toxapex, F|100/100
|move|p2a: Primarina|Substitute|p2a: Primarina
|-start|p2a: Primarina|Substitute
|-damage|p2a: Primarina|76/100
|
|-heal|p2a: Primarina|82/100|[from] item: Leftovers
|upkeep
|turn|2
|
|t:|1769389794
|move|p2a: Primarina|Whirlpool|p1a: Kethellen
|-resisted|p1a: Kethellen
|-damage|p1a: Kethellen|95/100
|-activate|p1a: Kethellen|move: Whirlpool|[of] p2a: Primarina
|move|p1a: Kethellen|Toxic Spikes|p2a: Primarina
|-sidestart|p2: ILoveAdaWong22|move: Toxic Spikes
|
|-heal|p2a: Primarina|88/100|[from] item: Leftovers
|-heal|p1a: Kethellen|100/100|[from] item: Leftovers
|-damage|p1a: Kethellen|88/100|[from] move: Whirlpool|[partiallytrapped]
|upkeep
|turn|3
|
|t:|1769389798
|move|p2a: Primarina|Psychic Noise|p1a: Kethellen
|-supereffective|p1a: Kethellen
|-damage|p1a: Kethellen|53/100
|-start|p1a: Kethellen|move: Heal Block
|move|p1a: Kethellen|Toxic Spikes|p2a: Primarina
|-sidestart|p2: ILoveAdaWong22|move: Toxic Spikes
|
|-heal|p2a: Primarina|94/100|[from] item: Leftovers
|-damage|p1a: Kethellen|41/100|[from] move: Whirlpool|[partiallytrapped]
|upkeep
|turn|4
|
|t:|1769389809
|-terastallize|p1a: Kethellen|Steel
|move|p2a: Primarina|Psychic Noise|p1a: Kethellen
|-resisted|p1a: Kethellen
|-damage|p1a: Kethellen|32/100
|move|p1a: Kethellen|Haze|p1a: Kethellen
|-clearallboost
|
|-heal|p2a: Primarina|99/100|[from] item: Leftovers
|-damage|p1a: Kethellen|20/100|[from] move: Whirlpool|[partiallytrapped]
|-end|p1a: Kethellen|move: Heal Block
|upkeep
|turn|5
|
|t:|1769389815
|move|p2a: Primarina|Moonblast|p1a: Kethellen
|-resisted|p1a: Kethellen
|-damage|p1a: Kethellen|2/100
|move|p1a: Kethellen|Recover|p1a: Kethellen
|-heal|p1a: Kethellen|52/100
|
|-heal|p2a: Primarina|100/100|[from] item: Leftovers
|-heal|p1a: Kethellen|58/100|[from] item: Leftovers
|-damage|p1a: Kethellen|46/100|[from] move: Whirlpool|[partiallytrapped]
|upkeep
|turn|6
|
|t:|1769389821
|move|p2a: Primarina|Psychic Noise|p1a: Kethellen
|-resisted|p1a: Kethellen
|-damage|p1a: Kethellen|37/100
|-start|p1a: Kethellen|move: Heal Block
|cant|p1a: Kethellen|move: Heal Block|Recover
|
|-damage|p1a: Kethellen|24/100|[from] move: Whirlpool|[partiallytrapped]
|upkeep
|turn|7
|
|t:|1769389827
|move|p2a: Primarina|Moonblast|p1a: Kethellen
|-resisted|p1a: Kethellen
|-damage|p1a: Kethellen|7/100
|-unboost|p1a: Kethellen|spa|1
|move|p1a: Kethellen|Haze|p1a: Kethellen
|-clearallboost
|
|-end|p1a: Kethellen|Whirlpool|[partiallytrapped]
|-end|p1a: Kethellen|move: Heal Block
|upkeep
|turn|8
|
|t:|1769389830
|move|p2a: Primarina|Moonblast|p1a: Kethellen
|-resisted|p1a: Kethellen
|-damage|p1a: Kethellen|0 fnt
|faint|p1a: Kethellen
|
|upkeep
|
|t:|1769389841
|switch|p1a: Boing|Corviknight, M|100/100
|-ability|p1a: Boing|Pressure
|turn|9
|
|t:|1769389848
|move|p2a: Primarina|Whirlpool|p1a: Boing
|-damage|p1a: Boing|82/100
|-activate|p1a: Boing|move: Whirlpool|[of] p2a: Primarina
|move|p1a: Boing|Iron Defense|p1a: Boing
|-boost|p1a: Boing|def|2
|
|-heal|p1a: Boing|88/100|[from] item: Leftovers
|-damage|p1a: Boing|76/100|[from] move: Whirlpool|[partiallytrapped]
|upkeep
|turn|10
|
|t:|1769389854
|move|p2a: Primarina|Psychic Noise|p1a: Boing
|-resisted|p1a: Boing
|-damage|p1a: Boing|63/100
|-start|p1a: Boing|move: Heal Block
|move|p1a: Boing|Body Press|p2a: Primarina
|-resisted|p2a: Primarina
|-end|p2a: Primarina|Substitute
|
|-damage|p1a: Boing|51/100|[from] move: Whirlpool|[partiallytrapped]
|upkeep
|turn|11
|
|t:|1769389862
|move|p2a: Primarina|Substitute|p2a: Primarina
|-start|p2a: Primarina|Substitute
|-damage|p2a: Primarina|76/100
|move|p1a: Boing|Body Press|p2a: Primarina
|-resisted|p2a: Primarina
|-end|p2a: Primarina|Substitute
|
|-heal|p2a: Primarina|82/100|[from] item: Leftovers
|-damage|p1a: Boing|38/100|[from] move: Whirlpool|[partiallytrapped]
|-end|p1a: Boing|move: Heal Block
|upkeep
|turn|12
|
|t:|1769389866
|move|p2a: Primarina|Substitute|p2a: Primarina
|-start|p2a: Primarina|Substitute
|-damage|p2a: Primarina|57/100
|move|p1a: Boing|Roost|p1a: Boing
|-heal|p1a: Boing|88/100
|-singleturn|p1a: Boing|move: Roost
|
|-heal|p2a: Primarina|63/100|[from] item: Leftovers
|-heal|p1a: Boing|94/100|[from] item: Leftovers
|-damage|p1a: Boing|82/100|[from] move: Whirlpool|[partiallytrapped]
|upkeep
|turn|13
|
|t:|1769389869
|move|p2a: Primarina|Psychic Noise|p1a: Boing
|-resisted|p1a: Boing
|-damage|p1a: Boing|67/100
|-start|p1a: Boing|move: Heal Block
|move|p1a: Boing|Body Press|p2a: Primarina
|-resisted|p2a: Primarina
|-end|p2a: Primarina|Substitute
|
|-heal|p2a: Primarina|69/100|[from] item: Leftovers
|-end|p1a: Boing|Whirlpool|[partiallytrapped]
|upkeep
|turn|14
|
|t:|1769389875
|switch|p2a: Slowking|Slowking-Galar, F|100/100
|-sideend|p2: ILoveAdaWong22|move: Toxic Spikes|[of] p2a: Slowking
|move|p1a: Boing|Body Press|p2a: Slowking
|-resisted|p2a: Slowking
|-damage|p2a: Slowking|91/100
|
|-end|p1a: Boing|move: Heal Block
|upkeep
|turn|15
|
|t:|1769389883
|switch|p1a: Yan|Gliscor, M|100/100
|move|p2a: Slowking|Flamethrower|p1a: Yan
|-damage|p1a: Yan|80/100
|
|-status|p1a: Yan|tox|[from] item: Toxic Orb
|upkeep
|turn|16
|
|t:|1769389885
|move|p1a: Yan|Knock Off|p2a: Slowking
|-supereffective|p2a: Slowking
|-damage|p2a: Slowking|59/100
|-enditem|p2a: Slowking|Assault Vest|[from] move: Knock Off|[of] p1a: Yan
|move|p2a: Slowking|Ice Beam|p1a: Yan
|-supereffective|p1a: Yan
|-damage|p1a: Yan|2/100 tox
|
|-heal|p1a: Yan|14/100 tox|[from] ability: Poison Heal
|upkeep
|turn|17
|
|t:|1769389891
|switch|p2a: Enamorus|Enamorus, F|100/100
|move|p1a: Yan|Protect||[still]
|-fail|p1a: Yan
|
|-heal|p1a: Yan|27/100 tox|[from] ability: Poison Heal
|upkeep
|turn|18
|
|t:|1769389898
|switch|p1a: Mesel|Chansey, F, shiny|100/100
|move|p2a: Enamorus|Moonblast|p1a: Mesel
|-damage|p1a: Mesel|87/100
|
|upkeep
|turn|19
|
|t:|1769389900
|switch|p2a: Primarina|Primarina, F, shiny|69/100
|move|p1a: Mesel|Stealth Rock|p2a: Primarina
|-sidestart|p2: ILoveAdaWong22|move: Stealth Rock
|
|-heal|p2a: Primarina|75/100|[from] item: Leftovers
|upkeep
|turn|20
|
|t:|1769389903
|move|p2a: Primarina|Whirlpool|p1a: Mesel
|-damage|p1a: Mesel|82/100
|-activate|p1a: Mesel|move: Whirlpool|[of] p2a: Primarina
|move|p1a: Mesel|Seismic Toss|p2a: Primarina
|-damage|p2a: Primarina|41/100
|
|-heal|p2a: Primarina|47/100|[from] item: Leftovers
|-damage|p1a: Mesel|70/100|[from] move: Whirlpool|[partiallytrapped]
|upkeep
|turn|21
|
|t:|1769389910
|-terastallize|p2a: Primarina|Ghost
|move|p2a: Primarina|Substitute|p2a: Primarina
|-start|p2a: Primarina|Substitute
|-damage|p2a: Primarina|22/100
|move|p1a: Mesel|Seismic Toss|p2a: Primarina
|-immune|p2a: Primarina
|
|-heal|p2a: Primarina|28/100|[from] item: Leftovers
|-damage|p1a: Mesel|57/100|[from] move: Whirlpool|[partiallytrapped]
|upkeep
|turn|22
|
|t:|1769389913
|move|p2a: Primarina|Psychic Noise|p1a: Mesel
|-damage|p1a: Mesel|50/100
|-start|p1a: Mesel|move: Heal Block
|cant|p1a: Mesel|move: Heal Block|Soft-Boiled
|
|-heal|p2a: Primarina|34/100|[from] item: Leftovers
|-damage|p1a: Mesel|37/100|[from] move: Whirlpool|[partiallytrapped]
|upkeep
|turn|23
|
|t:|1769389919
|move|p2a: Primarina|Psychic Noise|p1a: Mesel
|-damage|p1a: Mesel|31/100
|move|p1a: Mesel|Seismic Toss|p2a: Primarina
|-immune|p2a: Primarina
|
|-heal|p2a: Primarina|40/100|[from] item: Leftovers
|-damage|p1a: Mesel|18/100|[from] move: Whirlpool|[partiallytrapped]
|-end|p1a: Mesel|move: Heal Block
|upkeep
|turn|24
|
|t:|1769389923
|move|p2a: Primarina|Moonblast|p1a: Mesel
|-damage|p1a: Mesel|5/100
|move|p1a: Mesel|Soft-Boiled|p1a: Mesel
|-heal|p1a: Mesel|55/100
|
|-heal|p2a: Primarina|46/100|[from] item: Leftovers
|-end|p1a: Mesel|Whirlpool|[partiallytrapped]
|upkeep
|turn|25
|
|t:|1769389938
|switch|p1a: Capitalism|Weezing-Galar, M|100/100
|-ability|p1a: Capitalism|Neutralizing Gas
|move|p2a: Primarina|Whirlpool|p1a: Capitalism
|-damage|p1a: Capitalism|72/100
|-activate|p1a: Capitalism|move: Whirlpool|[of] p2a: Primarina
|
|-heal|p2a: Primarina|52/100|[from] item: Leftovers
|-damage|p1a: Capitalism|60/100|[from] move: Whirlpool|[partiallytrapped]
|upkeep
|turn|26
|
|t:|1769389945
|move|p2a: Primarina|Psychic Noise|p1a: Capitalism
|-supereffective|p1a: Capitalism
|-damage|p1a: Capitalism|0 fnt
|faint|p1a: Capitalism
|-end|p1a: Capitalism|ability: Neutralizing Gas
|
|-heal|p2a: Primarina|58/100|[from] item: Leftovers
|upkeep
|
|t:|1769389950
|switch|p1a: Yan|Gliscor, M|27/100 tox
|turn|27
|
|t:|1769389952
|move|p1a: Yan|Protect|p1a: Yan
|-singleturn|p1a: Yan|Protect
|move|p2a: Primarina|Whirlpool|p1a: Yan
|-activate|p1a: Yan|move: Protect
|
|-heal|p2a: Primarina|64/100|[from] item: Leftovers
|-heal|p1a: Yan|39/100 tox|[from] ability: Poison Heal
|upkeep
|turn|28
|
|t:|1769389958
|move|p2a: Primarina|Whirlpool|p1a: Yan
|-supereffective|p1a: Yan
|-damage|p1a: Yan|3/100 tox
|-activate|p1a: Yan|move: Whirlpool|[of] p2a: Primarina
|move|p1a: Yan|Knock Off|p2a: Primarina
|-supereffective|p2a: Primarina
|-end|p2a: Primarina|Substitute
|
|-heal|p2a: Primarina|70/100|[from] item: Leftovers
|-heal|p1a: Yan|16/100 tox|[from] ability: Poison Heal
|-damage|p1a: Yan|3/100 tox|[from] move: Whirlpool|[partiallytrapped]
|upkeep
|turn|29
|
|t:|1769389965
|switch|p2a: Kingambit|Kingambit, M|100/100
|-damage|p2a: Kingambit|94/100|[from] Stealth Rock
|move|p1a: Yan|Protect||[still]
|-fail|p1a: Yan
|
|-heal|p2a: Kingambit|100/100|[from] item: Leftovers
|-heal|p1a: Yan|16/100 tox|[from] ability: Poison Heal
|-end|p1a: Yan|Whirlpool|[partiallytrapped]|[silent]
|upkeep
|turn|30
|
|t:|1769389972
|switch|p1a: Peixin|Dondozo, M, shiny|100/100
|move|p2a: Kingambit|Swords Dance|p2a: Kingambit
|-boost|p2a: Kingambit|atk|2
|
|upkeep
|turn|31
|
|t:|1769389976
|-end|p2a: Kingambit|fallenundefined|[silent]
|switch|p2a: Slowking|Slowking-Galar, F|92/100
|-damage|p2a: Slowking|79/100|[from] Stealth Rock
|move|p1a: Peixin|Body Press|p2a: Slowking
|-resisted|p2a: Slowking
|-damage|p2a: Slowking|74/100
|
|upkeep
|turn|32
|
|t:|1769389984
|switch|p1a: Mesel|Chansey, F, shiny|55/100
|move|p2a: Slowking|Sludge Bomb|p1a: Mesel
|-damage|p1a: Mesel|47/100
|-status|p1a: Mesel|psn
|
|-damage|p1a: Mesel|35/100 psn|[from] psn
|upkeep
|turn|33
|
|t:|1769389986
|move|p1a: Mesel|Soft-Boiled|p1a: Mesel
|-heal|p1a: Mesel|85/100 psn
|move|p2a: Slowking|Psychic Noise|p1a: Mesel
|-damage|p1a: Mesel|78/100 psn
|-start|p1a: Mesel|move: Heal Block
|
|-damage|p1a: Mesel|66/100 psn|[from] psn
|upkeep
|turn|34
|
|t:|1769389990
|move|p1a: Mesel|Seismic Toss|p2a: Slowking
|-damage|p2a: Slowking|49/100
|move|p2a: Slowking|Sludge Bomb|p1a: Mesel
|-damage|p1a: Mesel|57/100 psn
|
|-damage|p1a: Mesel|44/100 psn|[from] psn
|-end|p1a: Mesel|move: Heal Block
|upkeep
|turn|35
|
|t:|1769389995
|switch|p2a: Primarina|Primarina, F, shiny, tera:Ghost|70/100
|-damage|p2a: Primarina|58/100|[from] Stealth Rock
|move|p1a: Mesel|Soft-Boiled|p1a: Mesel
|-heal|p1a: Mesel|95/100 psn
|
|-heal|p2a: Primarina|64/100|[from] item: Leftovers
|-damage|p1a: Mesel|82/100 psn|[from] psn
|upkeep
|turn|36
|
|t:|1769390003
|-curestatus|p1a: Mesel|psn|[from] ability: Natural Cure
|switch|p1a: Peixin|Dondozo, M, shiny|100/100
|move|p2a: Primarina|Substitute|p2a: Primarina
|-start|p2a: Primarina|Substitute
|-damage|p2a: Primarina|39/100
|
|-heal|p2a: Primarina|45/100|[from] item: Leftovers
|upkeep
|turn|37
|
|t:|1769390009
|move|p2a: Primarina|Whirlpool|p1a: Peixin
|-resisted|p1a: Peixin
|-damage|p1a: Peixin|91/100
|-activate|p1a: Peixin|move: Whirlpool|[of] p2a: Primarina
|move|p1a: Peixin|Avalanche|p2a: Primarina
|-end|p2a: Primarina|Substitute
|
|-heal|p2a: Primarina|51/100|[from] item: Leftovers
|-heal|p1a: Peixin|97/100|[from] item: Leftovers
|-damage|p1a: Peixin|85/100|[from] move: Whirlpool|[partiallytrapped]
|upkeep
|turn|38
|
|t:|1769390016
|move|p2a: Primarina|Psychic Noise|p1a: Peixin
|-damage|p1a: Peixin|59/100
|-start|p1a: Peixin|move: Heal Block
|move|p1a: Peixin|Avalanche|p2a: Primarina
|-damage|p2a: Primarina|11/100
|
|-heal|p2a: Primarina|17/100|[from] item: Leftovers
|-damage|p1a: Peixin|47/100|[from] move: Whirlpool|[partiallytrapped]
|upkeep
|turn|39
|
|t:|1769390027
|switch|p2a: Ogerpon|Ogerpon, F|100/100
|-damage|p2a: Ogerpon|88/100|[from] Stealth Rock
|move|p1a: Peixin|Body Press|p2a: Ogerpon
|-damage|p2a: Ogerpon|52/100
|
|-end|p1a: Peixin|Whirlpool|[partiallytrapped]|[silent]
|-end|p1a: Peixin|move: Heal Block
|upkeep
|turn|40
|
|t:|1769390036
|switch|p1a: Boing|Corviknight, M|67/100
|-ability|p1a: Boing|Pressure
|move|p2a: Ogerpon|Rock Tomb|p1a: Boing
|-damage|p1a: Boing|48/100
|-unboost|p1a: Boing|spe|1
|
|-heal|p1a: Boing|55/100|[from] item: Leftovers
|upkeep
|turn|41
|
|t:|1769390044
|switch|p2a: Enamorus|Enamorus, F|100/100
|-damage|p2a: Enamorus|76/100|[from] Stealth Rock
|move|p1a: Boing|Iron Defense|p1a: Boing
|-boost|p1a: Boing|def|2
|
|-heal|p1a: Boing|61/100|[from] item: Leftovers
|upkeep
|turn|42
|
|t:|1769390050
|switch|p1a: Peixin|Dondozo, M, shiny|47/100
|move|p2a: Enamorus|Mystical Fire|p1a: Peixin
|-resisted|p1a: Peixin
|-damage|p1a: Peixin|33/100
|-unboost|p1a: Peixin|spa|1
|
|-heal|p1a: Peixin|39/100|[from] item: Leftovers
|upkeep
|turn|43
|
|t:|1769390057
|switch|p2a: Kingambit|Kingambit, M|100/100
|-damage|p2a: Kingambit|94/100|[from] Stealth Rock
|move|p1a: Peixin|Rest|p1a: Peixin
|-status|p1a: Peixin|slp|[from] move: Rest
|-heal|p1a: Peixin|100/100 slp|[silent]
|
|-heal|p2a: Kingambit|100/100|[from] item: Leftovers
|upkeep
|turn|44
|
|t:|1769390063
|-end|p2a: Kingambit|fallenundefined|[silent]
|switch|p2a: Ogerpon|Ogerpon, F|52/100
|-damage|p2a: Ogerpon|39/100|[from] Stealth Rock
|cant|p1a: Peixin|slp
|move|p1a: Peixin|Sleep Talk|p1a: Peixin
|move|p1a: Peixin|Body Press|p2a: Ogerpon|[from] move: Sleep Talk
|-damage|p2a: Ogerpon|5/100
|
|upkeep
|turn|45
|
|t:|1769390073
|move|p2a: Ogerpon|U-turn|p1a: Peixin
|-damage|p1a: Peixin|85/100 slp
|
|t:|1769390074
|switch|p2a: Great Tusk|Great Tusk|100/100|[from] U-turn
|-damage|p2a: Great Tusk|98/100|[from] Stealth Rock
|cant|p1a: Peixin|slp
|move|p1a: Peixin|Sleep Talk|p1a: Peixin
|move|p1a: Peixin|Rest||[from] move: Sleep Talk|[still]
|-fail|p1a: Peixin
|
|-heal|p1a: Peixin|91/100 slp|[from] item: Leftovers
|upkeep
|turn|46
|
|t:|1769390084
|move|p2a: Great Tusk|Rapid Spin|p1a: Peixin
|-damage|p1a: Peixin|84/100 slp
|-boost|p2a: Great Tusk|spe|1
|-sideend|p2: ILoveAdaWong22|Stealth Rock|[from] move: Rapid Spin|[of] p2a: Great Tusk
|-curestatus|p1a: Peixin|slp|[msg]
|move|p1a: Peixin|Avalanche|p2a: Great Tusk
|-supereffective|p2a: Great Tusk
|-damage|p2a: Great Tusk|59/100
|-damage|p1a: Peixin|67/100|[from] item: Rocky Helmet|[of] p2a: Great Tusk
|
|-heal|p1a: Peixin|73/100|[from] item: Leftovers
|upkeep
|turn|47
|
|t:|1769390095
|-end|p2a: Great Tusk|Protosynthesis|[silent]
|switch|p2a: Enamorus|Enamorus, F|76/100
|move|p1a: Peixin|Avalanche|p2a: Enamorus
|-supereffective|p2a: Enamorus
|-damage|p2a: Enamorus|28/100
|
|-heal|p1a: Peixin|80/100|[from] item: Leftovers
|upkeep
|turn|48
|
|t:|1769390101
|move|p2a: Enamorus|Healing Wish|p2a: Enamorus
|faint|p2a: Enamorus
|move|p1a: Peixin|Avalanche|p2: Enamorus|[notarget]
|-fail|p1a: Peixin
|
|-heal|p1a: Peixin|86/100|[from] item: Leftovers
|upkeep
|
|t:|1769390104
|switch|p2a: Primarina|Primarina, F, shiny, tera:Ghost|17/100
|-heal|p2a: Primarina|100/100|[from] move: Healing Wish
|turn|49
|
|t:|1769390109
|move|p2a: Primarina|Whirlpool|p1a: Peixin
|-resisted|p1a: Peixin
|-damage|p1a: Peixin|76/100
|-activate|p1a: Peixin|move: Whirlpool|[of] p2a: Primarina
|move|p1a: Peixin|Avalanche|p2a: Primarina
|-damage|p2a: Primarina|61/100
|
|-heal|p2a: Primarina|67/100|[from] item: Leftovers
|-heal|p1a: Peixin|82/100|[from] item: Leftovers
|-damage|p1a: Peixin|70/100|[from] move: Whirlpool|[partiallytrapped]
|upkeep
|turn|50
|
|t:|1769390117
|move|p2a: Primarina|Psychic Noise|p1a: Peixin
|-damage|p1a: Peixin|41/100
|-start|p1a: Peixin|move: Heal Block
|move|p1a: Peixin|Avalanche|p2a: Primarina
|-damage|p2a: Primarina|28/100
|
|-heal|p2a: Primarina|34/100|[from] item: Leftovers
|-damage|p1a: Peixin|29/100|[from] move: Whirlpool|[partiallytrapped]
|upkeep
|turn|51
|
|t:|1769390126
|move|p2a: Primarina|Moonblast|p1a: Peixin
|-damage|p1a: Peixin|0 fnt
|faint|p1a: Peixin
|
|-heal|p2a: Primarina|40/100|[from] item: Leftovers
|upkeep
|
|t:|1769390129
|switch|p1a: Yan|Gliscor, M|16/100 tox
|turn|52
|
|t:|1769390133
|move|p1a: Yan|Protect|p1a: Yan
|-singleturn|p1a: Yan|Protect
|move|p2a: Primarina|Substitute|p2a: Primarina
|-start|p2a: Primarina|Substitute
|-damage|p2a: Primarina|15/100
|
|-heal|p2a: Primarina|21/100|[from] item: Leftovers
|-heal|p1a: Yan|28/100 tox|[from] ability: Poison Heal
|upkeep
|turn|53
|
|t:|1769390139
|move|p1a: Yan|Knock Off|p2a: Primarina
|-supereffective|p2a: Primarina
|-end|p2a: Primarina|Substitute
|move|p2a: Primarina|Moonblast|p1a: Yan
|-damage|p1a: Yan|0 fnt
|faint|p1a: Yan
|
|-heal|p2a: Primarina|27/100|[from] item: Leftovers
|upkeep
|
|t:|1769390143
|switch|p1a: Mesel|Chansey, F, shiny|82/100
|turn|54
|-message|TheRealRocketGrunt forfeited.
|
|win|ILoveAdaWong22
|raw|TheRealRocketGrunt's rating: 1272 &rarr; <strong>1244</strong><br />(-28 for losing)
|raw|ILoveAdaWong22's rating: 1225 &rarr; <strong>1253</strong><br />(+28 for winning)
|l|☆TheRealRocketGrunt
|player|p1|
|c|☆ILoveAdaWong22|luh trash ahh boy😭😭😭😭😭
