|j|☆Yarm
|j|☆KaemonAwesome
|t:|1769319248
|gametype|singles
|player|p1|Yarm|supernerd|1391
|player|p2|KaemonAwesome|2|1461
|gen|9
|tier|[Gen 9] OU
|rated|
|rule|HP Percentage Mod: HP is shown in percentages
|rule|Endless Battle Clause: Forcing endless battles is banned
|rule|Species Clause: Limit one of each Pokémon
|rule|OHKO Clause: OHKO moves are banned
|rule|Evasion Items Clause: Evasion items are banned
|rule|Evasion Moves Clause: Evasion moves are banned
|rule|Evasion Abilities Clause: Evasion abilities are banned
|rule|Sleep Moves Clause: Sleep-inducing moves are banned
|clearpoke
|poke|p1|Deoxys-Speed|
|poke|p1|Ceruledge, M|
|poke|p1|Zamazenta-*|
|poke|p1|Ogerpon-Wellspring, F|
|poke|p1|Glimmora, M|
|poke|p1|Hoopa-Unbound|
|poke|p2|Kingambit, F|
|poke|p2|Darkrai|
|poke|p2|Ceruledge, M|
|poke|p2|Hatterene, F|
|poke|p2|Great Tusk|
|poke|p2|Samurott-Hisui, F|
|teampreview
|inactive|Battle timer is ON: inactive players will automatically lose when time's up. (requested by Yarm)
|
|t:|1769319278
|teamsize|p1|6
|teamsize|p2|6
|start
|switch|p1a: Hoopa|Hoopa-Unbound|100/100
|switch|p2a: Samurott|Samurott-Hisui, F, shiny|100/100
|turn|1
|
|t:|1769319287
|move|p2a: Samurott|Ceaseless Edge|p1a: Hoopa
|-damage|p1a: Hoopa|22/100
|-sidestart|p1: Yarm|Spikes
|move|p1a: Hoopa|Gunk Shot|p2a: Samurott
|-enditem|p2a: Samurott|Focus Sash
|-damage|p2a: Samurott|1/100
|-status|p2a: Samurott|psn
|
|-damage|p2a: Samurott|0 fnt|[from] psn
|faint|p2a: Samurott
|upkeep
|inactive|KaemonAwesome has 120 seconds left.
|
|t:|1769319319
|switch|p2a: Ceruledge|Ceruledge, M|100/100
|turn|2
|
|t:|1769319328
|move|p2a: Ceruledge|Poltergeist|p1a: Hoopa
|-activate|p1a: Hoopa|move: Poltergeist|Choice Band
|-crit|p1a: Hoopa
|-damage|p1a: Hoopa|0 fnt
|faint|p1a: Hoopa
|
|upkeep
|
|t:|1769319337
|switch|p1a: Glimmora|Glimmora, M|100/100
|-damage|p1a: Glimmora|88/100|[from] Spikes
|turn|3
|
|t:|1769319347
|move|p1a: Glimmora|Meteor Beam||[still]
|-prepare|p1a: Glimmora|Meteor Beam
|-boost|p1a: Glimmora|spa|1
|-enditem|p1a: Glimmora|Power Herb
|-anim|p1a: Glimmora|Meteor Beam|p2a: Ceruledge
|-supereffective|p2a: Ceruledge
|-enditem|p2a: Ceruledge|Focus Sash
|-damage|p2a: Ceruledge|1/100
|move|p2a: Ceruledge|Poltergeist||[still]
|-fail|p2a: Ceruledge
|
|upkeep
|turn|4
|
|t:|1769319358
|move|p2a: Ceruledge|Shadow Sneak|p1a: Glimmora
|-damage|p1a: Glimmora|65/100
|-activate|p1a: Glimmora|ability: Toxic Debris
|-sidestart|p2: KaemonAwesome|move: Toxic Spikes
|move|p1a: Glimmora|Mortal Spin|p2a: Ceruledge
|-resisted|p2a: Ceruledge
|-damage|p2a: Ceruledge|0 fnt
|-sideend|p1: Yarm|Spikes|[from] move: Mortal Spin|[of] p1a: Glimmora
|faint|p2a: Ceruledge
|
|upkeep
|inactive|KaemonAwesome has 120 seconds left.
|
|t:|1769319386
|switch|p2a: Darkrai|Darkrai, shiny|100/100
|-status|p2a: Darkrai|psn
|turn|5
|
|t:|1769319400
|move|p2a: Darkrai|Dark Pulse|p1a: Glimmora
|-damage|p1a: Glimmora|4/100
|move|p1a: Glimmora|Earth Power|p2a: Darkrai
|-damage|p2a: Darkrai|33/100 psn
|
|-heal|p2a: Darkrai|39/100 psn|[from] item: Leftovers
|-damage|p2a: Darkrai|27/100 psn|[from] psn
|upkeep
|turn|6
|
|t:|1769319410
|move|p2a: Darkrai|Dark Pulse|p1a: Glimmora
|-damage|p1a: Glimmora|0 fnt
|faint|p1a: Glimmora
|
|-heal|p2a: Darkrai|33/100 psn|[from] item: Leftovers
|-damage|p2a: Darkrai|20/100 psn|[from] psn
|upkeep
|
|t:|1769319422
|switch|p1a: Ceruledge|Ceruledge, M|100/100
|turn|7
|inactive|KaemonAwesome has 120 seconds left.
|
|t:|1769319428
|-terastallize|p1a: Ceruledge|Ghost
|move|p1a: Ceruledge|Shadow Sneak|p2a: Darkrai
|-resisted|p2a: Darkrai
|-crit|p2a: Darkrai
|-damage|p2a: Darkrai|0 fnt
|faint|p2a: Darkrai
|-damage|p1a: Ceruledge|91/100|[from] item: Life Orb
|
|upkeep
|inactive|KaemonAwesome has 120 seconds left.
|
|t:|1769319435
|switch|p2a: Great Tusk|Great Tusk|100/100
|-status|p2a: Great Tusk|psn
|-enditem|p2a: Great Tusk|Booster Energy
|-activate|p2a: Great Tusk|ability: Protosynthesis|[fromitem]
|-start|p2a: Great Tusk|protosynthesisatk
|turn|8
|inactive|KaemonAwesome has 120 seconds left.
|
|t:|1769319447
|switch|p1a: Zamazenta|Zamazenta|100/100
|-ability|p1a: Zamazenta|Dauntless Shield|boost
|-boost|p1a: Zamazenta|def|1
|move|p2a: Great Tusk|Headlong Rush|p1a: Zamazenta
|-damage|p1a: Zamazenta|59/100
|-unboost|p2a: Great Tusk|def|1
|-unboost|p2a: Great Tusk|spd|1
|
|-heal|p1a: Zamazenta|65/100|[from] item: Leftovers
|-damage|p2a: Great Tusk|88/100 psn|[from] psn
|upkeep
|turn|9
|inactive|KaemonAwesome has 120 seconds left.
|
|t:|1769319465
|move|p1a: Zamazenta|Body Press|p2a: Great Tusk
|-damage|p2a: Great Tusk|23/100 psn
|move|p2a: Great Tusk|Rapid Spin|p1a: Zamazenta
|-damage|p1a: Zamazenta|53/100
|-boost|p2a: Great Tusk|spe|1
|-sideend|p2: KaemonAwesome|Toxic Spikes|[from] move: Rapid Spin|[of] p2a: Great Tusk
|
|-heal|p1a: Zamazenta|59/100|[from] item: Leftovers
|-damage|p2a: Great Tusk|10/100 psn|[from] psn
|upkeep
|turn|10
|inactive|KaemonAwesome has 120 seconds left.
|
|t:|1769319476
|move|p2a: Great Tusk|Headlong Rush|p1a: Zamazenta
|-damage|p1a: Zamazenta|16/100
|-unboost|p2a: Great Tusk|def|1
|-unboost|p2a: Great Tusk|spd|1
|move|p1a: Zamazenta|Body Press|p2a: Great Tusk
|-damage|p2a: Great Tusk|0 fnt
|faint|p2a: Great Tusk
|-end|p2a: Great Tusk|Protosynthesis|[silent]
|
|-heal|p1a: Zamazenta|23/100|[from] item: Leftovers
|upkeep
|
|t:|1769319487
|switch|p2a: Hatterene|Hatterene, F, shiny|100/100
|turn|11
|
|t:|1769319505
|move|p1a: Zamazenta|Heavy Slam|p2a: Hatterene
|-supereffective|p2a: Hatterene
|-damage|p2a: Hatterene|31/100
|move|p2a: Hatterene|Psychic Noise|p1a: Zamazenta
|-supereffective|p1a: Zamazenta
|-damage|p1a: Zamazenta|0 fnt
|faint|p1a: Zamazenta
|
|-heal|p2a: Hatterene|37/100|[from] item: Leftovers
|upkeep
|
|t:|1769319508
|switch|p1a: Ceruledge|Ceruledge, M, tera:Ghost|91/100
|turn|12
|
|t:|1769319527
|move|p1a: Ceruledge|Shadow Sneak|p2a: Hatterene
|-supereffective|p2a: Hatterene
|-damage|p2a: Hatterene|0 fnt
|faint|p2a: Hatterene
|-damage|p1a: Ceruledge|81/100|[from] item: Life Orb
|
|upkeep
|
|t:|1769319533
|switch|p2a: Kingambit|Kingambit, F|100/100
|-activate|p2a: Kingambit|ability: Supreme Overlord
|-start|p2a: Kingambit|fallen5|[silent]
|turn|13
|
|t:|1769319548
|-terastallize|p2a: Kingambit|Dark
|move|p1a: Ceruledge|Shadow Sneak|p2a: Kingambit
|-resisted|p2a: Kingambit
|-damage|p2a: Kingambit|84/100
|-damage|p1a: Ceruledge|71/100|[from] item: Life Orb
|move|p2a: Kingambit|Swords Dance|p2a: Kingambit
|-boost|p2a: Kingambit|atk|2
|
|upkeep
|turn|14
|
|t:|1769319558
|move|p2a: Kingambit|Sucker Punch|p1a: Ceruledge
|-supereffective|p1a: Ceruledge
|-damage|p1a: Ceruledge|0 fnt
|faint|p1a: Ceruledge
|
|upkeep
|
|t:|1769319561
|switch|p1a: Deoxys|Deoxys-Speed|100/100
|-ability|p1a: Deoxys|Pressure
|turn|15
|
|t:|1769319570
|move|p1a: Deoxys|Reflect|p1a: Deoxys
|-sidestart|p1: Yarm|Reflect
|move|p2a: Kingambit|Kowtow Cleave|p1a: Deoxys
|-supereffective|p1a: Deoxys
|-damage|p1a: Deoxys|0 fnt
|faint|p1a: Deoxys
|
|upkeep
|
|t:|1769319573
|switch|p1a: Ogerpon|Ogerpon-Wellspring, F|100/100
|turn|16
|
|t:|1769319579
|move|p1a: Ogerpon|Ivy Cudgel|p2a: Kingambit|[anim] Ivy Cudgel Water
|-damage|p2a: Kingambit|32/100
|move|p2a: Kingambit|Kowtow Cleave|p1a: Ogerpon
|-damage|p1a: Ogerpon|0 fnt
|faint|p1a: Ogerpon
|
|win|KaemonAwesome
|raw|Yarm's rating: 1391 &rarr; <strong>1375</strong><br />(-16 for losing)
|raw|KaemonAwesome's rating: 1461 &rarr; <strong>1477</strong><br />(+16 for winning)
|l|☆Yarm
|player|p1|
|l|☆KaemonAwesome
|player|p2|
