|j|☆Xcion
|j|☆BobOfTheBuild
|t:|1769396241
|gametype|singles
|player|p1|Xcion|steven|
|player|p2|BobOfTheBuild|scientist-gen4|
|gen|9
|tier|[Gen 9] OU
|rule|HP Percentage Mod: HP is shown in percentages
|rule|Endless Battle Clause: Forcing endless battles is banned
|rule|Species Clause: Limit one of each Pokémon
|rule|OHKO Clause: OHKO moves are banned
|rule|Evasion Items Clause: Evasion items are banned
|rule|Evasion Moves Clause: Evasion moves are banned
|rule|Evasion Abilities Clause: Evasion abilities are banned
|rule|Sleep Moves Clause: Sleep-inducing moves are banned
|clearpoke
|poke|p1|Avalugg-Hisui, M|
|poke|p1|Swampert, M|
|poke|p1|Clodsire, M|
|poke|p1|Ceruledge, F|
|poke|p1|Wo-Chien|
|poke|p1|Dudunsparce-*, F|
|poke|p2|Uxie|
|poke|p2|Ribombee, F|
|poke|p2|Ampharos, M|
|poke|p2|Medicham, F|
|poke|p2|Swalot, M|
|poke|p2|Mimikyu, F|
|teampreview
|j| TacoDile 3 Returns
|j| Raichudvd13
|j| SwiftSwine
|c| SwiftSwine|Ampharos my beloved
|c| SwiftSwine|Live Wo-Chein reaction
|
|t:|1769396317
|teamsize|p1|6
|teamsize|p2|6
|start
|switch|p1a: Wo-Chien 2|Wo-Chien|100/100
|switch|p2a: ULTRA NECROZMA|Ribombee, F, shiny|100/100
|-ability|p1a: Wo-Chien 2|Tablets of Ruin
|turn|1
|c| Raichudvd13|o_o
|c|☆Xcion|wo chien survive this
|
|t:|1769396358
|move|p2a: ULTRA NECROZMA|Moonblast|p1a: Wo-Chien 2
|-supereffective|p1a: Wo-Chien 2
|-damage|p1a: Wo-Chien 2|61/100
|move|p1a: Wo-Chien 2|Leech Seed|p2a: ULTRA NECROZMA
|-start|p2a: ULTRA NECROZMA|move: Leech Seed
|
|-heal|p1a: Wo-Chien 2|68/100|[from] item: Leftovers
|-damage|p2a: ULTRA NECROZMA|88/100|[from] Leech Seed|[of] p1a: Wo-Chien 2
|-heal|p1a: Wo-Chien 2|76/100|[silent]
|upkeep
|turn|2
|
|t:|1769396383
|switch|p1a: Oopy Goopy Stan|Dudunsparce-Three-Segment, F, shiny|100/100
|move|p2a: ULTRA NECROZMA|Sticky Web|p1a: Oopy Goopy Stan
|-sidestart|p1: Xcion|move: Sticky Web
|
|-damage|p2a: ULTRA NECROZMA|76/100|[from] Leech Seed|[of] p1a: Oopy Goopy Stan
|upkeep
|turn|3
|c| SwiftSwine|Yuri on my screen
|c| SwiftSwine|*hands rubbing together emoji*
|
|t:|1769396453
|move|p2a: ULTRA NECROZMA|U-turn|p1a: Oopy Goopy Stan
|-damage|p1a: Oopy Goopy Stan|88/100
|
|t:|1769396465
|switch|p2a: Ooby Goopy|Swalot, M|100/100|[from] U-turn
|move|p1a: Oopy Goopy Stan|Ice Spinner|p2a: Ooby Goopy
|-damage|p2a: Ooby Goopy|83/100
|
|-heal|p2a: Ooby Goopy|89/100|[from] item: Black Sludge
|upkeep
|turn|4
|c| SwiftSwine|OMG
|c| SwiftSwine|FRAUD
|c| SwiftSwine|FRAUD
|
|t:|1769396504
|move|p2a: Ooby Goopy|Toxic|p1a: Oopy Goopy Stan
|-status|p1a: Oopy Goopy Stan|tox
|move|p1a: Oopy Goopy Stan|Hyper Drill|p2a: Ooby Goopy
|-damage|p2a: Ooby Goopy|55/100
|
|-heal|p2a: Ooby Goopy|61/100|[from] item: Black Sludge
|-damage|p1a: Oopy Goopy Stan|82/100 tox|[from] psn
|upkeep
|turn|5
|c|☆Xcion|pegging initiated
|
|t:|1769396525
|move|p1a: Oopy Goopy Stan|Hyper Drill|p2a: Ooby Goopy
|-damage|p2a: Ooby Goopy|28/100
|move|p2a: Ooby Goopy|Gunk Shot|p1a: Oopy Goopy Stan|[miss]
|-miss|p2a: Ooby Goopy|p1a: Oopy Goopy Stan
|
|-heal|p2a: Ooby Goopy|34/100|[from] item: Black Sludge
|-damage|p1a: Oopy Goopy Stan|69/100 tox|[from] psn
|upkeep
|turn|6
|
|t:|1769396587
|switch|p2a: Gen. Munchkin Man|Ampharos, M|100/100
|move|p1a: Oopy Goopy Stan|Earthquake|p2a: Gen. Munchkin Man
|-supereffective|p2a: Gen. Munchkin Man
|-damage|p2a: Gen. Munchkin Man|52/100
|
|-damage|p1a: Oopy Goopy Stan|51/100 tox|[from] psn
|upkeep
|turn|7
|
|t:|1769396635
|move|p1a: Oopy Goopy Stan|Earthquake|p2a: Gen. Munchkin Man
|-supereffective|p2a: Gen. Munchkin Man
|-damage|p2a: Gen. Munchkin Man|9/100
|move|p2a: Gen. Munchkin Man|Dragon Pulse|p1a: Oopy Goopy Stan
|-damage|p1a: Oopy Goopy Stan|42/100 tox
|
|-damage|p1a: Oopy Goopy Stan|17/100 tox|[from] psn
|upkeep
|turn|8
|
|t:|1769396650
|switch|p2a: Coughing Baby|Uxie|100/100
|move|p1a: Oopy Goopy Stan|Hyper Drill|p2a: Coughing Baby
|-damage|p2a: Coughing Baby|82/100
|
|-damage|p1a: Oopy Goopy Stan|0 fnt|[from] psn
|faint|p1a: Oopy Goopy Stan
|upkeep
|c| SwiftSwine|Next your gonna tell me it's always been "Harry"
|
|t:|1769396662
|switch|p1a: Wo-Chien 2|Wo-Chien|76/100
|-activate|p1a: Wo-Chien 2|move: Sticky Web
|-unboost|p1a: Wo-Chien 2|spe|1
|-ability|p1a: Wo-Chien 2|Tablets of Ruin
|turn|9
|
|t:|1769396685
|move|p2a: Coughing Baby|Reflect|p2a: Coughing Baby
|-sidestart|p2: BobOfTheBuild|Reflect
|move|p1a: Wo-Chien 2|Ruination|p2a: Coughing Baby
|-damage|p2a: Coughing Baby|41/100
|
|-heal|p1a: Wo-Chien 2|82/100|[from] item: Leftovers
|upkeep
|turn|10
|
|t:|1769396695
|move|p2a: Coughing Baby|U-turn|p1a: Wo-Chien 2
|-supereffective|p1a: Wo-Chien 2
|-damage|p1a: Wo-Chien 2|46/100
|
|t:|1769396712
|switch|p2a: ULTRA NECROZMA|Ribombee, F, shiny|76/100|[from] U-turn
|move|p1a: Wo-Chien 2|Giga Drain|p2a: ULTRA NECROZMA
|-resisted|p2a: ULTRA NECROZMA
|-damage|p2a: ULTRA NECROZMA|55/100
|-heal|p1a: Wo-Chien 2|53/100|[from] drain|[of] p2a: ULTRA NECROZMA
|
|-heal|p1a: Wo-Chien 2|59/100|[from] item: Leftovers
|upkeep
|turn|11
|
|t:|1769396745
|move|p2a: ULTRA NECROZMA|Moonblast|p1a: Wo-Chien 2
|-supereffective|p1a: Wo-Chien 2
|-damage|p1a: Wo-Chien 2|19/100
|move|p1a: Wo-Chien 2|Knock Off|p2a: ULTRA NECROZMA
|-resisted|p2a: ULTRA NECROZMA
|-damage|p2a: ULTRA NECROZMA|40/100
|-enditem|p2a: ULTRA NECROZMA|Focus Sash|[from] move: Knock Off|[of] p1a: Wo-Chien 2
|
|-heal|p1a: Wo-Chien 2|25/100|[from] item: Leftovers
|upkeep
|turn|12
|
|t:|1769396778
|move|p2a: ULTRA NECROZMA|Moonblast|p1a: Wo-Chien 2
|-supereffective|p1a: Wo-Chien 2
|-damage|p1a: Wo-Chien 2|0 fnt
|faint|p1a: Wo-Chien 2
|
|upkeep
|
|t:|1769396818
|switch|p1a: Clod Technologies|Clodsire, M, shiny|100/100
|-activate|p1a: Clod Technologies|move: Sticky Web
|-unboost|p1a: Clod Technologies|spe|1
|turn|13
|
|t:|1769396884
|move|p2a: ULTRA NECROZMA|U-turn|p1a: Clod Technologies
|-resisted|p1a: Clod Technologies
|-damage|p1a: Clod Technologies|92/100
|
|t:|1769396887
|switch|p2a: Ooby Goopy|Swalot, M|34/100|[from] U-turn
|move|p1a: Clod Technologies|Toxic Spikes|p2a: Ooby Goopy
|-sidestart|p2: BobOfTheBuild|move: Toxic Spikes
|
|-heal|p2a: Ooby Goopy|41/100|[from] item: Black Sludge
|-heal|p1a: Clod Technologies|98/100|[from] item: Leftovers
|-sideend|p2: BobOfTheBuild|Reflect
|upkeep
|turn|14
|
|t:|1769396903
|move|p2a: Ooby Goopy|Pain Split|p1a: Clod Technologies
|-sethp|p1a: Clod Technologies|67/100|[from] move: Pain Split|[silent]
|-sethp|p2a: Ooby Goopy|76/100|[from] move: Pain Split
|move|p1a: Clod Technologies|Earthquake|p2a: Ooby Goopy
|-supereffective|p2a: Ooby Goopy
|-damage|p2a: Ooby Goopy|24/100
|
|-heal|p2a: Ooby Goopy|30/100|[from] item: Black Sludge
|-heal|p1a: Clod Technologies|73/100|[from] item: Leftovers
|upkeep
|turn|15
|
|t:|1769396913
|move|p2a: Ooby Goopy|Pain Split|p1a: Clod Technologies
|-sethp|p1a: Clod Technologies|50/100|[from] move: Pain Split|[silent]
|-sethp|p2a: Ooby Goopy|57/100|[from] move: Pain Split
|move|p1a: Clod Technologies|Earthquake|p2a: Ooby Goopy
|-supereffective|p2a: Ooby Goopy
|-damage|p2a: Ooby Goopy|6/100
|
|-heal|p2a: Ooby Goopy|12/100|[from] item: Black Sludge
|-heal|p1a: Clod Technologies|56/100|[from] item: Leftovers
|upkeep
|turn|16
|
|t:|1769396929
|switch|p2a: Coughing Baby|Uxie|41/100
|move|p1a: Clod Technologies|Earthquake|p2a: Coughing Baby
|-immune|p2a: Coughing Baby|[from] ability: Levitate
|
|-heal|p1a: Clod Technologies|62/100|[from] item: Leftovers
|upkeep
|turn|17
|
|t:|1769396950
|move|p2a: Coughing Baby|Reflect|p2a: Coughing Baby
|-sidestart|p2: BobOfTheBuild|Reflect
|move|p1a: Clod Technologies|Recover|p1a: Clod Technologies
|-heal|p1a: Clod Technologies|100/100
|
|upkeep
|turn|18
|
|t:|1769396971
|switch|p1a: 🤑jeffbezoslover69|Swampert, M|100/100
|-activate|p1a: 🤑jeffbezoslover69|move: Sticky Web
|-unboost|p1a: 🤑jeffbezoslover69|spe|1
|move|p2a: Coughing Baby|Stealth Rock|p1a: 🤑jeffbezoslover69
|-sidestart|p1: Xcion|move: Stealth Rock
|
|upkeep
|turn|19
|
|t:|1769396981
|move|p2a: Coughing Baby|U-turn|p1a: 🤑jeffbezoslover69
|-damage|p1a: 🤑jeffbezoslover69|86/100
|
|t:|1769396984
|switch|p2a: ULTRA NECROZMA|Ribombee, F, shiny|40/100|[from] U-turn
|-status|p2a: ULTRA NECROZMA|psn
|move|p1a: 🤑jeffbezoslover69|Knock Off|p2a: ULTRA NECROZMA
|-resisted|p2a: ULTRA NECROZMA
|-damage|p2a: ULTRA NECROZMA|30/100 psn
|
|-damage|p2a: ULTRA NECROZMA|18/100 psn|[from] psn
|upkeep
|turn|20
|
|t:|1769396996
|move|p2a: ULTRA NECROZMA|Energy Ball|p1a: 🤑jeffbezoslover69
|-supereffective|p1a: 🤑jeffbezoslover69
|-damage|p1a: 🤑jeffbezoslover69|22/100
|move|p1a: 🤑jeffbezoslover69|Earthquake|p2a: ULTRA NECROZMA
|-resisted|p2a: ULTRA NECROZMA
|-damage|p2a: ULTRA NECROZMA|0 fnt
|faint|p2a: ULTRA NECROZMA
|
|upkeep
|
|t:|1769397016
|switch|p2a: Gen. Munchkin Man|Ampharos, M|9/100
|-status|p2a: Gen. Munchkin Man|psn
|turn|21
|
|t:|1769397038
|move|p2a: Gen. Munchkin Man|Dragon Pulse|p1a: 🤑jeffbezoslover69
|-damage|p1a: 🤑jeffbezoslover69|10/100
|move|p1a: 🤑jeffbezoslover69|Earthquake|p2a: Gen. Munchkin Man
|-supereffective|p2a: Gen. Munchkin Man
|-damage|p2a: Gen. Munchkin Man|0 fnt
|faint|p2a: Gen. Munchkin Man
|
|-sideend|p2: BobOfTheBuild|Reflect
|upkeep
|
|t:|1769397052
|switch|p2a: Gub Gub|Medicham, F|100/100
|-status|p2a: Gub Gub|psn
|turn|22
|
|t:|1769397070
|move|p2a: Gub Gub|Ice Punch|p1a: 🤑jeffbezoslover69
|-damage|p1a: 🤑jeffbezoslover69|0 fnt
|faint|p1a: 🤑jeffbezoslover69
|-damage|p2a: Gub Gub|91/100 psn|[from] item: Life Orb
|
|-damage|p2a: Gub Gub|78/100 psn|[from] psn
|upkeep
|
|t:|1769397096
|switch|p1a: weebslayer2099|Ceruledge, F|100/100
|-activate|p1a: weebslayer2099|move: Sticky Web
|-unboost|p1a: weebslayer2099|spe|1
|-damage|p1a: weebslayer2099|76/100|[from] Stealth Rock
|turn|23
|
|t:|1769397150
|move|p2a: Gub Gub|Thunder Punch|p1a: weebslayer2099
|-damage|p1a: weebslayer2099|12/100
|-status|p1a: weebslayer2099|par
|-ability|p1a: weebslayer2099|Weak Armor|boost
|-unboost|p1a: weebslayer2099|def|1
|-boost|p1a: weebslayer2099|spe|2
|-damage|p2a: Gub Gub|68/100 psn|[from] item: Life Orb
|move|p1a: weebslayer2099|Bitter Blade|p2a: Gub Gub
|-damage|p2a: Gub Gub|0 fnt
|-heal|p1a: weebslayer2099|43/100 par|[from] drain|[of] p2a: Gub Gub
|faint|p2a: Gub Gub
|-damage|p1a: weebslayer2099|33/100 par|[from] item: Life Orb
|
|upkeep
|c| SwiftSwine|No dont attack with physical moves what are you doing?
|
|t:|1769397172
|switch|p2a: Ooby Goopy|Swalot, M|12/100
|-sideend|p2: BobOfTheBuild|move: Toxic Spikes|[of] p2a: Ooby Goopy
|turn|24
|
|t:|1769397201
|move|p1a: weebslayer2099|Bitter Blade|p2a: Ooby Goopy
|-damage|p2a: Ooby Goopy|0 fnt
|-heal|p1a: weebslayer2099|41/100 par|[from] drain|[of] p2a: Ooby Goopy
|faint|p2a: Ooby Goopy
|-damage|p1a: weebslayer2099|31/100 par|[from] item: Life Orb
|
|upkeep
|
|t:|1769397218
|switch|p2a: Lil Jim Bob|Mimikyu, F|100/100
|turn|25
|
|t:|1769397228
|move|p2a: Lil Jim Bob|Shadow Claw|p1a: weebslayer2099
|-supereffective|p1a: weebslayer2099
|-damage|p1a: weebslayer2099|0 fnt
|faint|p1a: weebslayer2099
|-damage|p2a: Lil Jim Bob|91/100|[from] item: Life Orb
|
|upkeep
|
|t:|1769397257
|switch|p1a: Clod Technologies|Clodsire, M, shiny|100/100
|-activate|p1a: Clod Technologies|move: Sticky Web
|-unboost|p1a: Clod Technologies|spe|1
|-damage|p1a: Clod Technologies|94/100|[from] Stealth Rock
|turn|26
|
|t:|1769397270
|switch|p2a: Coughing Baby|Uxie|41/100
|move|p1a: Clod Technologies|Gunk Shot|p2a: Coughing Baby
|-damage|p2a: Coughing Baby|21/100
|-status|p2a: Coughing Baby|psn
|
|-heal|p1a: Clod Technologies|100/100|[from] item: Leftovers
|-damage|p2a: Coughing Baby|8/100 psn|[from] psn
|upkeep
|turn|27
|
|t:|1769397290
|move|p2a: Coughing Baby|Reflect|p2a: Coughing Baby
|-sidestart|p2: BobOfTheBuild|Reflect
|move|p1a: Clod Technologies|Toxic Spikes|p2a: Coughing Baby
|-sidestart|p2: BobOfTheBuild|move: Toxic Spikes
|
|-damage|p2a: Coughing Baby|0 fnt|[from] psn
|faint|p2a: Coughing Baby
|upkeep
|
|t:|1769397296
|switch|p2a: Lil Jim Bob|Mimikyu, F|91/100
|-status|p2a: Lil Jim Bob|psn
|turn|28
|
|t:|1769397308
|move|p2a: Lil Jim Bob|Swords Dance|p2a: Lil Jim Bob
|-boost|p2a: Lil Jim Bob|atk|2
|move|p1a: Clod Technologies|Gunk Shot|p2a: Lil Jim Bob
|-activate|p2a: Lil Jim Bob|ability: Disguise
|-damage|p2a: Lil Jim Bob|91/100 psn
|detailschange|p2a: Lil Jim Bob|Mimikyu-Busted, F
|-damage|p2a: Lil Jim Bob|78/100 psn|[from] pokemon: Mimikyu-Busted
|
|-damage|p2a: Lil Jim Bob|66/100 psn|[from] psn
|upkeep
|turn|29
|
|t:|1769397329
|-terastallize|p2a: Lil Jim Bob|Ghost
|move|p2a: Lil Jim Bob|Shadow Claw|p1a: Clod Technologies
|-damage|p1a: Clod Technologies|0 fnt
|faint|p1a: Clod Technologies
|-damage|p2a: Lil Jim Bob|56/100 psn|[from] item: Life Orb
|
|-damage|p2a: Lil Jim Bob|44/100 psn|[from] psn
|upkeep
|
|t:|1769397354
|switch|p1a: Avalugg-Paldea|Avalugg-Hisui, M, shiny|100/100
|-activate|p1a: Avalugg-Paldea|move: Sticky Web
|-unboost|p1a: Avalugg-Paldea|spe|1
|-damage|p1a: Avalugg-Paldea|76/100|[from] Stealth Rock
|turn|30
|
|t:|1769397366
|move|p2a: Lil Jim Bob|Shadow Claw|p1a: Avalugg-Paldea
|-damage|p1a: Avalugg-Paldea|25/100
|-damage|p2a: Lil Jim Bob|34/100 psn|[from] item: Life Orb
|move|p1a: Avalugg-Paldea|Heavy Slam|p2a: Lil Jim Bob
|-damage|p2a: Lil Jim Bob|0 fnt
|faint|p2a: Lil Jim Bob
|
|win|Xcion
