|inactive|Battle timer is ON: inactive players will automatically lose when time's up.
|t:|1769351687
|gametype|singles
|player|p1|devin|#splxviiruiners2|
|player|p2|Kafkafka|acetrainerf-gen4dp|
|gen|9
|tier|[Gen 9] OU
|rule|HP Percentage Mod: HP is shown in percentages
|rule|Endless Battle Clause: Forcing endless battles is banned
|rule|Species Clause: Limit one of each Pokémon
|rule|OHKO Clause: OHKO moves are banned
|rule|Evasion Items Clause: Evasion items are banned
|rule|Evasion Moves Clause: Evasion moves are banned
|rule|Evasion Abilities Clause: Evasion abilities are banned
|rule|Sleep Moves Clause: Sleep-inducing moves are banned
|clearpoke
|poke|p1|Ting-Lu|
|poke|p1|Walking Wake|
|poke|p1|Iron Valiant|
|poke|p1|Dragonite, F|
|poke|p1|Kingambit, M|
|poke|p1|Pecharunt|
|poke|p2|Ogerpon, F|
|poke|p2|Walking Wake|
|poke|p2|Blissey, F|
|poke|p2|Gliscor, F|
|poke|p2|Corviknight, F|
|poke|p2|Pecharunt|
|teampreview
|c|☆Kafkafka|hf
|inactive|Kafkafka has 270 seconds left.
|
|t:|1769351728
|teamsize|p1|6
|teamsize|p2|6
|start
|switch|p1a: Iron Valiant|Iron Valiant|100/100
|switch|p2a: Gliscor|Gliscor, F|100/100
|turn|1
|
|t:|1769351736
|move|p2a: Gliscor|Protect|p2a: Gliscor
|-singleturn|p2a: Gliscor|Protect
|move|p1a: Iron Valiant|Moonblast|p2a: Gliscor
|-activate|p2a: Gliscor|move: Protect
|
|-status|p2a: Gliscor|tox|[from] item: Toxic Orb
|upkeep
|turn|2
|
|t:|1769351745
|switch|p2a: Pecharunt|Pecharunt|100/100
|move|p1a: Iron Valiant|Moonblast|p2a: Pecharunt
|-resisted|p2a: Pecharunt
|-damage|p2a: Pecharunt|67/100
|
|upkeep
|turn|3
|
|t:|1769351760
|-end|p1a: Iron Valiant|Quark Drive|[silent]
|switch|p1a: Ting-Lu|Ting-Lu|100/100
|-ability|p1a: Ting-Lu|Vessel of Ruin
|move|p2a: Pecharunt|Recover|p2a: Pecharunt
|-heal|p2a: Pecharunt|100/100
|
|upkeep
|turn|4
|
|t:|1769351765
|move|p2a: Pecharunt|Toxic|p1a: Ting-Lu
|-status|p1a: Ting-Lu|tox
|-start|p1a: Ting-Lu|confusion|[from] ability: Poison Puppeteer|[of] p2a: Pecharunt
|-activate|p1a: Ting-Lu|confusion
|-damage|p1a: Ting-Lu|97/100 tox|[from] confusion
|
|-heal|p1a: Ting-Lu|100/100 tox|[from] item: Leftovers
|-damage|p1a: Ting-Lu|94/100 tox|[from] psn
|upkeep
|turn|5
|
|t:|1769351771
|move|p2a: Pecharunt|Parting Shot|p1a: Ting-Lu
|-unboost|p1a: Ting-Lu|atk|1
|-unboost|p1a: Ting-Lu|spa|1
|
|t:|1769351776
|switch|p2a: Gliscor|Gliscor, F|100/100 tox|[from] Parting Shot
|-activate|p1a: Ting-Lu|confusion
|-damage|p1a: Ting-Lu|91/100 tox|[from] confusion
|
|-heal|p1a: Ting-Lu|98/100 tox|[from] item: Leftovers
|-damage|p1a: Ting-Lu|85/100 tox|[from] psn
|upkeep
|turn|6
|
|t:|1769351779
|move|p2a: Gliscor|Spikes|p1a: Ting-Lu
|-sidestart|p1: devin|Spikes
|-end|p1a: Ting-Lu|confusion
|move|p1a: Ting-Lu|Stealth Rock|p2a: Gliscor
|-sidestart|p2: Kafkafka|move: Stealth Rock
|
|-heal|p1a: Ting-Lu|91/100 tox|[from] item: Leftovers
|-damage|p1a: Ting-Lu|73/100 tox|[from] psn
|upkeep
|turn|7
|
|t:|1769351786
|move|p2a: Gliscor|Spikes|p1a: Ting-Lu
|-sidestart|p1: devin|Spikes
|move|p1a: Ting-Lu|Spikes|p2a: Gliscor
|-sidestart|p2: Kafkafka|Spikes
|
|-heal|p1a: Ting-Lu|79/100 tox|[from] item: Leftovers
|-damage|p1a: Ting-Lu|54/100 tox|[from] psn
|upkeep
|turn|8
|
|t:|1769351793
|switch|p1a: Walking Wake|Walking Wake|100/100
|-damage|p1a: Walking Wake|84/100|[from] Spikes
|move|p2a: Gliscor|Spikes|p1a: Walking Wake
|-sidestart|p1: devin|Spikes
|
|-heal|p1a: Walking Wake|90/100|[from] item: Leftovers
|upkeep
|turn|9
|
|t:|1769351806
|move|p2a: Gliscor|Earthquake|p1a: Walking Wake
|-damage|p1a: Walking Wake|53/100
|move|p1a: Walking Wake|Roar|p2a: Gliscor
|drag|p2a: Blissey|Blissey, F|100/100
|
|-heal|p1a: Walking Wake|59/100|[from] item: Leftovers
|upkeep
|turn|10
|
|t:|1769351826
|-end|p1a: Walking Wake|Protosynthesis|[silent]
|switch|p1a: Iron Valiant|Iron Valiant|100/100
|-damage|p1a: Iron Valiant|76/100|[from] Spikes
|switch|p2a: Gliscor|Gliscor, F|100/100 tox
|-damage|p2a: Gliscor|88/100 tox|[from] Stealth Rock
|
|-heal|p2a: Gliscor|100/100 tox|[from] ability: Poison Heal
|upkeep
|turn|11
|
|t:|1769351833
|-end|p1a: Iron Valiant|Quark Drive|[silent]
|switch|p1a: Walking Wake|Walking Wake|59/100
|-damage|p1a: Walking Wake|34/100|[from] Spikes
|move|p2a: Gliscor|Protect||[still]
|-fail|p2a: Gliscor
|
|-heal|p1a: Walking Wake|41/100|[from] item: Leftovers
|upkeep
|turn|12
|
|t:|1769351837
|move|p1a: Walking Wake|Hydro Steam|p2a: Gliscor
|-supereffective|p2a: Gliscor
|-damage|p2a: Gliscor|34/100 tox
|move|p2a: Gliscor|Earthquake|p1a: Walking Wake
|-damage|p1a: Walking Wake|6/100
|
|-heal|p1a: Walking Wake|12/100|[from] item: Leftovers
|-heal|p2a: Gliscor|46/100 tox|[from] ability: Poison Heal
|upkeep
|turn|13
|
|t:|1769351845
|move|p2a: Gliscor|Protect|p2a: Gliscor
|-singleturn|p2a: Gliscor|Protect
|move|p1a: Walking Wake|Hydro Steam|p2a: Gliscor
|-activate|p2a: Gliscor|move: Protect
|
|-heal|p1a: Walking Wake|18/100|[from] item: Leftovers
|-heal|p2a: Gliscor|59/100 tox|[from] ability: Poison Heal
|upkeep
|turn|14
|
|t:|1769351858
|switch|p2a: Ogerpon|Ogerpon, F|100/100
|move|p1a: Walking Wake|Hydro Steam|p2a: Ogerpon
|-resisted|p2a: Ogerpon
|-damage|p2a: Ogerpon|75/100
|
|-heal|p1a: Walking Wake|25/100|[from] item: Leftovers
|upkeep
|turn|15
|
|t:|1769351871
|move|p2a: Ogerpon|Knock Off|p1a: Walking Wake
|-damage|p1a: Walking Wake|0 fnt
|-enditem|p1a: Walking Wake|Leftovers|[from] move: Knock Off|[of] p2a: Ogerpon
|faint|p1a: Walking Wake
|-end|p1a: Walking Wake|Protosynthesis|[silent]
|
|upkeep
|
|t:|1769351874
|switch|p1a: Iron Valiant|Iron Valiant|76/100
|-damage|p1a: Iron Valiant|51/100|[from] Spikes
|turn|16
|inactive|Kafkafka has 270 seconds left.
|inactive|Kafkafka has 240 seconds left.
|
|t:|1769351950
|-terastallize|p2a: Ogerpon|Grass
|detailschange|p2a: Ogerpon|Ogerpon-Teal-Tera, F, tera:Grass
|-ability|p2a: Ogerpon|Embody Aspect (Teal)|boost
|-boost|p2a: Ogerpon|spe|1
|move|p2a: Ogerpon|Ivy Cudgel|p1a: Iron Valiant
|-damage|p1a: Iron Valiant|0 fnt
|faint|p1a: Iron Valiant
|-end|p1a: Iron Valiant|Quark Drive|[silent]
|
|upkeep
|
|t:|1769351957
|switch|p1a: Pecharunt|Pecharunt|100/100
|turn|17
|
|t:|1769351965
|move|p2a: Ogerpon|U-turn|p1a: Pecharunt
|-resisted|p1a: Pecharunt
|-damage|p1a: Pecharunt|97/100
|
|t:|1769351968
|switch|p2a: Gliscor|Gliscor, F|59/100 tox|[from] U-turn
|-damage|p2a: Gliscor|46/100 tox|[from] Stealth Rock
|move|p1a: Pecharunt|Hex|p2a: Gliscor
|-damage|p2a: Gliscor|13/100 tox
|
|-heal|p2a: Gliscor|25/100 tox|[from] ability: Poison Heal
|upkeep
|turn|18
|
|t:|1769351973
|move|p2a: Gliscor|Protect|p2a: Gliscor
|-singleturn|p2a: Gliscor|Protect
|move|p1a: Pecharunt|Hex|p2a: Gliscor
|-activate|p2a: Gliscor|move: Protect
|
|-heal|p2a: Gliscor|38/100 tox|[from] ability: Poison Heal
|upkeep
|turn|19
|
|t:|1769351981
|switch|p2a: Corviknight|Corviknight, F|100/100
|-ability|p2a: Corviknight|Pressure
|move|p1a: Pecharunt|Hex|p2a: Corviknight
|-damage|p2a: Corviknight|82/100
|
|upkeep
|turn|20
|
|t:|1769351986
|move|p1a: Pecharunt|Parting Shot|p2a: Corviknight
|-unboost|p2a: Corviknight|atk|1
|-unboost|p2a: Corviknight|spa|1
|
|t:|1769351988
|switch|p1a: Ting-Lu|Ting-Lu|54/100 tox|[from] Parting Shot
|-damage|p1a: Ting-Lu|29/100 tox|[from] Spikes
|-ability|p1a: Ting-Lu|Vessel of Ruin
|move|p2a: Corviknight|U-turn|p1a: Ting-Lu
|-supereffective|p1a: Ting-Lu
|-damage|p1a: Ting-Lu|19/100 tox
|
|t:|1769351995
|switch|p2a: Gliscor|Gliscor, F|38/100 tox|[from] U-turn
|-damage|p2a: Gliscor|25/100 tox|[from] Stealth Rock
|
|-heal|p1a: Ting-Lu|25/100 tox|[from] item: Leftovers
|-heal|p2a: Gliscor|38/100 tox|[from] ability: Poison Heal
|-damage|p1a: Ting-Lu|19/100 tox|[from] psn
|upkeep
|turn|21
|
|t:|1769351998
|move|p2a: Gliscor|Earthquake|p1a: Ting-Lu
|-damage|p1a: Ting-Lu|2/100 tox
|move|p1a: Ting-Lu|Whirlwind|p2a: Gliscor
|drag|p2a: Pecharunt|Pecharunt|100/100
|
|-heal|p1a: Ting-Lu|8/100 tox|[from] item: Leftovers
|-damage|p1a: Ting-Lu|0 fnt|[from] psn
|faint|p1a: Ting-Lu
|upkeep
|
|t:|1769352008
|switch|p1a: Kingambit|Kingambit, M|100/100
|-damage|p1a: Kingambit|76/100|[from] Spikes
|-activate|p1a: Kingambit|ability: Supreme Overlord
|-start|p1a: Kingambit|fallen3|[silent]
|turn|22
|
|t:|1769352013
|move|p2a: Pecharunt|Parting Shot|p1a: Kingambit
|-unboost|p1a: Kingambit|atk|1
|-unboost|p1a: Kingambit|spa|1
|
|t:|1769352022
|switch|p2a: Corviknight|Corviknight, F|82/100|[from] Parting Shot
|-ability|p2a: Corviknight|Pressure
|move|p1a: Kingambit|Swords Dance|p1a: Kingambit
|-boost|p1a: Kingambit|atk|2
|
|-heal|p1a: Kingambit|82/100|[from] item: Leftovers
|upkeep
|turn|23
|
|t:|1769352034
|-terastallize|p1a: Kingambit|Flying
|move|p1a: Kingambit|Kowtow Cleave|p2a: Corviknight
|-damage|p2a: Corviknight|30/100
|move|p2a: Corviknight|Iron Defense|p2a: Corviknight
|-boost|p2a: Corviknight|def|2
|
|-heal|p1a: Kingambit|88/100|[from] item: Leftovers
|upkeep
|turn|24
|
|t:|1769352042
|move|p1a: Kingambit|Kowtow Cleave|p2a: Corviknight
|-damage|p2a: Corviknight|5/100
|move|p2a: Corviknight|Roost|p2a: Corviknight
|-heal|p2a: Corviknight|55/100
|-singleturn|p2a: Corviknight|move: Roost
|
|-heal|p1a: Kingambit|94/100|[from] item: Leftovers
|upkeep
|turn|25
|
|t:|1769352045
|move|p1a: Kingambit|Swords Dance|p1a: Kingambit
|-boost|p1a: Kingambit|atk|2
|move|p2a: Corviknight|Roost|p2a: Corviknight
|-heal|p2a: Corviknight|100/100
|-singleturn|p2a: Corviknight|move: Roost
|
|-heal|p1a: Kingambit|100/100|[from] item: Leftovers
|upkeep
|turn|26
|
|t:|1769352048
|move|p1a: Kingambit|Swords Dance|p1a: Kingambit
|-boost|p1a: Kingambit|atk|2
|move|p2a: Corviknight|Iron Defense|p2a: Corviknight
|-boost|p2a: Corviknight|def|2
|
|upkeep
|turn|27
|
|t:|1769352053
|move|p1a: Kingambit|Kowtow Cleave|p2a: Corviknight
|-damage|p2a: Corviknight|64/100
|move|p2a: Corviknight|Iron Defense|p2a: Corviknight
|-boost|p2a: Corviknight|def|2
|
|upkeep
|turn|28
|
|t:|1769352059
|move|p1a: Kingambit|Kowtow Cleave|p2a: Corviknight
|-damage|p2a: Corviknight|33/100
|move|p2a: Corviknight|Roost|p2a: Corviknight
|-heal|p2a: Corviknight|83/100
|-singleturn|p2a: Corviknight|move: Roost
|
|upkeep
|turn|29
|
|t:|1769352062
|move|p1a: Kingambit|Swords Dance|p1a: Kingambit
|-boost|p1a: Kingambit|atk|1
|move|p2a: Corviknight|Body Press|p1a: Kingambit
|-resisted|p1a: Kingambit
|-damage|p1a: Kingambit|62/100
|
|-heal|p1a: Kingambit|68/100|[from] item: Leftovers
|upkeep
|turn|30
|
|t:|1769352069
|move|p1a: Kingambit|Kowtow Cleave|p2a: Corviknight
|-damage|p2a: Corviknight|48/100
|move|p2a: Corviknight|Body Press|p1a: Kingambit
|-resisted|p1a: Kingambit
|-damage|p1a: Kingambit|28/100
|
|-heal|p1a: Kingambit|34/100|[from] item: Leftovers
|upkeep
|turn|31
|
|t:|1769352073
|move|p1a: Kingambit|Iron Head|p2a: Corviknight
|-resisted|p2a: Corviknight
|-damage|p2a: Corviknight|32/100
|move|p2a: Corviknight|Body Press|p1a: Kingambit
|-resisted|p1a: Kingambit
|-damage|p1a: Kingambit|0 fnt
|faint|p1a: Kingambit
|-end|p1a: Kingambit|fallen3|[silent]
|
|upkeep
|
|t:|1769352077
|switch|p1a: Pecharunt|Pecharunt|97/100
|turn|32
|
|t:|1769352079
|move|p1a: Pecharunt|Hex|p2a: Corviknight
|-damage|p2a: Corviknight|14/100
|move|p2a: Corviknight|Roost|p2a: Corviknight
|-heal|p2a: Corviknight|64/100
|-singleturn|p2a: Corviknight|move: Roost
|
|upkeep
|turn|33
|
|t:|1769352082
|move|p1a: Pecharunt|Hex|p2a: Corviknight
|-damage|p2a: Corviknight|44/100
|move|p2a: Corviknight|Roost|p2a: Corviknight
|-heal|p2a: Corviknight|94/100
|-singleturn|p2a: Corviknight|move: Roost
|
|upkeep
|turn|34
|
|t:|1769352085
|move|p1a: Pecharunt|Hex|p2a: Corviknight
|-damage|p2a: Corviknight|74/100
|move|p2a: Corviknight|U-turn|p1a: Pecharunt
|-resisted|p1a: Pecharunt
|-damage|p1a: Pecharunt|95/100
|
|t:|1769352090
|switch|p2a: Walking Wake|Walking Wake|100/100|[from] U-turn
|
|upkeep
|turn|35
|
|t:|1769352097
|-end|p2a: Walking Wake|Protosynthesis|[silent]
|switch|p2a: Blissey|Blissey, F|100/100
|move|p1a: Pecharunt|Malignant Chain|p2a: Blissey
|-damage|p2a: Blissey|92/100
|
|upkeep
|turn|36
|
|t:|1769352100
|move|p1a: Pecharunt|Malignant Chain|p2a: Blissey
|-damage|p2a: Blissey|83/100
|move|p2a: Blissey|Stealth Rock|p1a: Pecharunt
|-sidestart|p1: devin|move: Stealth Rock
|
|upkeep
|turn|37
|
|t:|1769352109
|switch|p2a: Pecharunt|Pecharunt|100/100
|move|p1a: Pecharunt|Parting Shot|p2a: Pecharunt
|-unboost|p2a: Pecharunt|atk|1
|-unboost|p2a: Pecharunt|spa|1
|
|t:|1769352111
|switch|p1a: Dragonite|Dragonite, F|100/100|[from] Parting Shot
|
|upkeep
|turn|38
|
|t:|1769352113
|switch|p1a: Pecharunt|Pecharunt|95/100
|move|p2a: Pecharunt|Toxic|p1a: Pecharunt
|-immune|p1a: Pecharunt
|
|upkeep
|turn|39
|
|t:|1769352118
|move|p1a: Pecharunt|Hex|p2a: Pecharunt
|-supereffective|p2a: Pecharunt
|-damage|p2a: Pecharunt|64/100
|move|p2a: Pecharunt|Parting Shot|p1a: Pecharunt
|-unboost|p1a: Pecharunt|atk|1
|-unboost|p1a: Pecharunt|spa|1
|
|t:|1769352121
|switch|p2a: Walking Wake|Walking Wake|100/100|[from] Parting Shot
|
|upkeep
|turn|40
|
|t:|1769352123
|move|p2a: Walking Wake|Substitute|p2a: Walking Wake
|-start|p2a: Walking Wake|Substitute
|-damage|p2a: Walking Wake|76/100
|move|p1a: Pecharunt|Malignant Chain|p2a: Walking Wake
|-activate|p2a: Walking Wake|move: Substitute|[damage]
|
|upkeep
|turn|41
|
|t:|1769352128
|move|p2a: Walking Wake|Knock Off|p1a: Pecharunt
|-supereffective|p1a: Pecharunt
|-damage|p1a: Pecharunt|76/100
|-enditem|p1a: Pecharunt|Heavy-Duty Boots|[from] move: Knock Off|[of] p2a: Walking Wake
|move|p1a: Pecharunt|Hex|p2a: Walking Wake
|-end|p2a: Walking Wake|Substitute
|
|upkeep
|turn|42
|
|t:|1769352133
|move|p2a: Walking Wake|Substitute|p2a: Walking Wake
|-start|p2a: Walking Wake|Substitute
|-damage|p2a: Walking Wake|51/100
|move|p1a: Pecharunt|Parting Shot|p2a: Walking Wake
|-unboost|p2a: Walking Wake|atk|1
|-unboost|p2a: Walking Wake|spa|1
|
|t:|1769352136
|switch|p1a: Dragonite|Dragonite, F|100/100|[from] Parting Shot
|
|upkeep
|turn|43
|
|t:|1769352139
|switch|p1a: Pecharunt|Pecharunt|76/100
|-damage|p1a: Pecharunt|51/100|[from] Spikes
|-damage|p1a: Pecharunt|38/100|[from] Stealth Rock
|move|p2a: Walking Wake|Knock Off|p1a: Pecharunt
|-supereffective|p1a: Pecharunt
|-damage|p1a: Pecharunt|29/100
|
|upkeep
|turn|44
|
|t:|1769352142
|move|p2a: Walking Wake|Scald|p1a: Pecharunt
|-damage|p1a: Pecharunt|2/100
|move|p1a: Pecharunt|Recover|p1a: Pecharunt
|-heal|p1a: Pecharunt|52/100
|
|upkeep
|turn|45
|
|t:|1769352144
|move|p2a: Walking Wake|Scald|p1a: Pecharunt
|-damage|p1a: Pecharunt|23/100
|move|p1a: Pecharunt|Recover|p1a: Pecharunt
|-heal|p1a: Pecharunt|73/100
|
|upkeep
|turn|46
|
|t:|1769352147
|move|p2a: Walking Wake|Scald|p1a: Pecharunt
|-damage|p1a: Pecharunt|47/100
|move|p1a: Pecharunt|Malignant Chain|p2a: Walking Wake
|-end|p2a: Walking Wake|Substitute
|
|upkeep
|turn|47
|
|t:|1769352151
|move|p2a: Walking Wake|Substitute|p2a: Walking Wake
|-start|p2a: Walking Wake|Substitute
|-damage|p2a: Walking Wake|26/100
|move|p1a: Pecharunt|Recover|p1a: Pecharunt
|-heal|p1a: Pecharunt|97/100
|
|upkeep
|turn|48
|
|t:|1769352154
|move|p2a: Walking Wake|Scald|p1a: Pecharunt
|-damage|p1a: Pecharunt|71/100
|-status|p1a: Pecharunt|brn
|move|p1a: Pecharunt|Malignant Chain|p2a: Walking Wake
|-end|p2a: Walking Wake|Substitute
|
|-damage|p1a: Pecharunt|65/100 brn|[from] brn
|upkeep
|turn|49
|
|t:|1769352160
|-end|p2a: Walking Wake|Protosynthesis|[silent]
|switch|p2a: Corviknight|Corviknight, F|74/100
|-ability|p2a: Corviknight|Pressure
|move|p1a: Pecharunt|Hex|p2a: Corviknight
|-damage|p2a: Corviknight|53/100
|
|-damage|p1a: Pecharunt|59/100 brn|[from] brn
|upkeep
|turn|50
|
|t:|1769352163
|move|p1a: Pecharunt|Parting Shot|p2a: Corviknight
|-unboost|p2a: Corviknight|atk|1
|-unboost|p2a: Corviknight|spa|1
|
|t:|1769352165
|switch|p1a: Dragonite|Dragonite, F|100/100|[from] Parting Shot
|move|p2a: Corviknight|Roost|p2a: Corviknight
|-heal|p2a: Corviknight|100/100
|-singleturn|p2a: Corviknight|move: Roost
|
|upkeep
|turn|51
|
|t:|1769352168
|move|p1a: Dragonite|Dragon Dance|p1a: Dragonite
|-boost|p1a: Dragonite|atk|1
|-boost|p1a: Dragonite|spe|1
|move|p2a: Corviknight|U-turn|p1a: Dragonite
|-resisted|p1a: Dragonite
|-damage|p1a: Dragonite|98/100
|
|t:|1769352171
|switch|p2a: Ogerpon|Ogerpon-Teal-Tera, F, tera:Grass|75/100|[from] U-turn
|-ability|p2a: Ogerpon|Embody Aspect (Teal)|boost
|-boost|p2a: Ogerpon|spe|1
|
|upkeep
|turn|52
|
|t:|1769352179
|move|p1a: Dragonite|Extreme Speed|p2a: Ogerpon
|-damage|p2a: Ogerpon|13/100
|move|p2a: Ogerpon|Encore|p1a: Dragonite
|-start|p1a: Dragonite|Encore
|
|upkeep
|turn|53
|
|t:|1769352184
|switch|p2a: Pecharunt|Pecharunt|64/100
|switch|p1a: Pecharunt|Pecharunt|59/100 brn
|-damage|p1a: Pecharunt|34/100 brn|[from] Spikes
|-damage|p1a: Pecharunt|22/100 brn|[from] Stealth Rock
|
|-damage|p1a: Pecharunt|15/100 brn|[from] brn
|upkeep
|turn|54
|
|t:|1769352193
|move|p1a: Pecharunt|Recover|p1a: Pecharunt
|-heal|p1a: Pecharunt|65/100 brn
|move|p2a: Pecharunt|Shadow Ball|p1a: Pecharunt
|-supereffective|p1a: Pecharunt
|-crit|p1a: Pecharunt
|-damage|p1a: Pecharunt|0 fnt
|faint|p1a: Pecharunt
|
|upkeep
|
|t:|1769352197
|switch|p1a: Dragonite|Dragonite, F|98/100
|turn|55
|
|t:|1769352199
|move|p1a: Dragonite|Dragon Dance|p1a: Dragonite
|-boost|p1a: Dragonite|atk|1
|-boost|p1a: Dragonite|spe|1
|move|p2a: Pecharunt|Toxic|p1a: Dragonite
|-status|p1a: Dragonite|tox
|-start|p1a: Dragonite|confusion|[from] ability: Poison Puppeteer|[of] p2a: Pecharunt
|
|-damage|p1a: Dragonite|92/100 tox|[from] psn
|upkeep
|turn|56
|
|t:|1769352203
|-activate|p1a: Dragonite|confusion
|move|p1a: Dragonite|Earthquake|p2a: Pecharunt
|-supereffective|p2a: Pecharunt
|-damage|p2a: Pecharunt|9/100
|move|p2a: Pecharunt|Parting Shot|p1a: Dragonite
|-unboost|p1a: Dragonite|atk|1
|-unboost|p1a: Dragonite|spa|1
|
|t:|1769352207
|switch|p2a: Corviknight|Corviknight, F|100/100|[from] Parting Shot
|-ability|p2a: Corviknight|Pressure
|
|-damage|p1a: Dragonite|80/100 tox|[from] psn
|upkeep
|turn|57
|-message|devin forfeited.
|
|win|Kafkafka
|player|p1|
|c|☆Kafkafka|gg
|player|p2|
|player|p2|Kafkafka|acetrainerf-gen4dp|
