|j|☆Quagmalafle
|j|☆Scambo
|t:|1769375544
|gametype|singles
|player|p1|Quagmalafle|102|1133
|player|p2|Scambo|265|1133
|gen|9
|tier|[Gen 9] OU
|rated|
|rule|HP Percentage Mod: HP is shown in percentages
|rule|Endless Battle Clause: Forcing endless battles is banned
|rule|Species Clause: Limit one of each Pokémon
|rule|OHKO Clause: OHKO moves are banned
|rule|Evasion Items Clause: Evasion items are banned
|rule|Evasion Moves Clause: Evasion moves are banned
|rule|Evasion Abilities Clause: Evasion abilities are banned
|rule|Sleep Moves Clause: Sleep-inducing moves are banned
|clearpoke
|poke|p1|Darkrai|
|poke|p1|Dragonite, F|
|poke|p1|Hatterene, F|
|poke|p1|Kingambit, F|
|poke|p1|Ariados, M|
|poke|p1|Samurott-Hisui, M|
|poke|p2|Garganacl, F|
|poke|p2|Great Tusk|
|poke|p2|Raging Bolt|
|poke|p2|Glimmora, F|
|poke|p2|Gholdengo|
|poke|p2|Darkrai|
|teampreview
|inactive|Battle timer is ON: inactive players will automatically lose when time's up. (requested by Scambo)
|
|t:|1769375553
|teamsize|p1|6
|teamsize|p2|6
|start
|switch|p1a: Samurott|Samurott-Hisui, M|100/100
|switch|p2a: Great Tusk|Great Tusk|100/100
|turn|1
|
|t:|1769375567
|move|p2a: Great Tusk|Stealth Rock|p1a: Samurott
|-sidestart|p1: Quagmalafle|move: Stealth Rock
|move|p1a: Samurott|Hydro Pump|p2a: Great Tusk
|-supereffective|p2a: Great Tusk
|-damage|p2a: Great Tusk|0 fnt
|faint|p2a: Great Tusk
|-end|p2a: Great Tusk|Protosynthesis|[silent]
|-damage|p1a: Samurott|91/100|[from] item: Life Orb
|
|upkeep
|
|t:|1769375578
|switch|p2a: Raging Bolt|Raging Bolt|100/100
|-enditem|p2a: Raging Bolt|Booster Energy
|-activate|p2a: Raging Bolt|ability: Protosynthesis|[fromitem]
|-start|p2a: Raging Bolt|protosynthesisspa
|turn|2
|
|t:|1769375585
|switch|p1a: Hatterene|Hatterene, F|100/100
|-damage|p1a: Hatterene|88/100|[from] Stealth Rock
|move|p2a: Raging Bolt|Calm Mind|p2a: Raging Bolt
|-boost|p2a: Raging Bolt|spa|1
|-boost|p2a: Raging Bolt|spd|1
|
|upkeep
|turn|3
|
|t:|1769375602
|-terastallize|p2a: Raging Bolt|Fairy
|move|p2a: Raging Bolt|Thunderbolt|p1a: Hatterene
|-damage|p1a: Hatterene|0 fnt
|faint|p1a: Hatterene
|
|upkeep
|
|t:|1769375608
|switch|p1a: Ariados|Ariados, M|100/100
|-damage|p1a: Ariados|76/100|[from] Stealth Rock
|turn|4
|
|t:|1769375619
|move|p2a: Raging Bolt|Dragon Pulse|p1a: Ariados
|-damage|p1a: Ariados|0 fnt
|faint|p1a: Ariados
|
|upkeep
|
|t:|1769375622
|switch|p1a: Kingambit|Kingambit, F|100/100
|-damage|p1a: Kingambit|94/100|[from] Stealth Rock
|-ability|p1a: Kingambit|Pressure
|turn|5
|inactive|Scambo has 120 seconds left.
|
|t:|1769375653
|move|p2a: Raging Bolt|Thunderbolt|p1a: Kingambit
|-damage|p1a: Kingambit|0 fnt
|faint|p1a: Kingambit
|
|upkeep
|
|t:|1769375659
|switch|p1a: Dragonite|Dragonite, F|100/100
|-damage|p1a: Dragonite|76/100|[from] Stealth Rock
|turn|6
|
|t:|1769375669
|move|p2a: Raging Bolt|Thunderclap|p1a: Dragonite
|-crit|p1a: Dragonite
|-damage|p1a: Dragonite|0 fnt
|faint|p1a: Dragonite
|
|upkeep
|
|t:|1769375690
|switch|p1a: Samurott|Samurott-Hisui, M|91/100
|-damage|p1a: Samurott|78/100|[from] Stealth Rock
|turn|7
|
|t:|1769375695
|move|p2a: Raging Bolt|Thunderclap|p1a: Samurott
|-supereffective|p1a: Samurott
|-damage|p1a: Samurott|0 fnt
|faint|p1a: Samurott
|
|upkeep
|
|t:|1769375700
|switch|p1a: Darkrai|Darkrai|100/100
|turn|8
|
|t:|1769375706
|move|p2a: Raging Bolt|Thunderclap||[still]
|-fail|p2a: Raging Bolt
|move|p1a: Darkrai|Swords Dance|p1a: Darkrai
|-boost|p1a: Darkrai|atk|2
|
|upkeep
|turn|9
|
|t:|1769375729
|move|p1a: Darkrai|Quick Attack|p2a: Raging Bolt
|-damage|p2a: Raging Bolt|82/100
|move|p2a: Raging Bolt|Thunderbolt|p1a: Darkrai
|-damage|p1a: Darkrai|0 fnt
|faint|p1a: Darkrai
|
|win|Scambo
|raw|Quagmalafle's rating: 1133 &rarr; <strong>1108</strong><br />(-25 for losing)
|raw|Scambo's rating: 1133 &rarr; <strong>1158</strong><br />(+25 for winning)
|l|☆Quagmalafle
|player|p1|
|l|☆Scambo
|player|p2|
