|j|☆bigjoocy
|j|☆szeykoo
|t:|1769342177
|gametype|singles
|player|p1|bigjoocy|pokekid|1285
|player|p2|szeykoo|steven|1291
|gen|9
|tier|[Gen 9] OU
|rated|
|rule|HP Percentage Mod: HP is shown in percentages
|rule|Endless Battle Clause: Forcing endless battles is banned
|rule|Species Clause: Limit one of each Pokémon
|rule|OHKO Clause: OHKO moves are banned
|rule|Evasion Items Clause: Evasion items are banned
|rule|Evasion Moves Clause: Evasion moves are banned
|rule|Evasion Abilities Clause: Evasion abilities are banned
|rule|Sleep Moves Clause: Sleep-inducing moves are banned
|clearpoke
|poke|p1|Cinderace, M|
|poke|p1|Serperior, F|
|poke|p1|Malamar, M|
|poke|p1|Great Tusk|
|poke|p1|Corviknight, F|
|poke|p1|Ribombee, M|
|poke|p2|Wo-Chien|
|poke|p2|Iron Moth|
|poke|p2|Primarina, F|
|poke|p2|Weavile, F|
|poke|p2|Corviknight, M|
|poke|p2|Kommo-o, F|
|teampreview
|inactive|Battle timer is ON: inactive players will automatically lose when time's up. (requested by bigjoocy)
|
|t:|1769342186
|teamsize|p1|6
|teamsize|p2|6
|start
|switch|p1a: Ribombee|Ribombee, M|100/100
|switch|p2a: king von|Wo-Chien|100/100
|-ability|p2a: king von|Tablets of Ruin
|turn|1
|
|t:|1769342208
|switch|p2a: defog merchant|Corviknight, M|100/100
|-ability|p2a: defog merchant|Pressure
|move|p1a: Ribombee|Sticky Web|p2a: defog merchant
|-sidestart|p2: szeykoo|move: Sticky Web
|
|upkeep
|turn|2
|
|t:|1769342217
|move|p1a: Ribombee|U-turn|p2a: defog merchant
|-resisted|p2a: defog merchant
|-damage|p2a: defog merchant|98/100
|-damage|p1a: Ribombee|84/100|[from] item: Rocky Helmet|[of] p2a: defog merchant
|
|t:|1769342220
|switch|p1a: Cinderace|Cinderace, M|100/100|[from] U-turn
|move|p2a: defog merchant|Defog|p1a: Cinderace
|-unboost|p1a: Cinderace|evasion|1
|-sideend|p2: szeykoo|Sticky Web|[from] move: Defog|[of] p2a: defog merchant
|
|upkeep
|turn|3
|
|t:|1769342237
|move|p1a: Cinderace|Pyro Ball|p2a: defog merchant
|-supereffective|p2a: defog merchant
|-damage|p2a: defog merchant|34/100
|-status|p2a: defog merchant|brn
|move|p2a: defog merchant|U-turn|p1a: Cinderace
|-resisted|p1a: Cinderace
|-damage|p1a: Cinderace|96/100
|
|t:|1769342252
|switch|p2a: Pikachuu|Kommo-o, F|100/100|[from] U-turn
|
|upkeep
|turn|4
|
|t:|1769342260
|move|p1a: Cinderace|Zen Headbutt|p2a: Pikachuu
|-start|p1a: Cinderace|typechange|Psychic|[from] ability: Libero
|-supereffective|p2a: Pikachuu
|-damage|p2a: Pikachuu|32/100
|move|p2a: Pikachuu|Clangorous Soul||[still]
|-fail|p2a: Pikachuu
|
|upkeep
|turn|5
|
|t:|1769342275
|switch|p2a: defog merchant|Corviknight, M|34/100 brn
|-ability|p2a: defog merchant|Pressure
|move|p1a: Cinderace|High Jump Kick|p2a: defog merchant
|-damage|p2a: defog merchant|11/100 brn
|-damage|p1a: Cinderace|79/100|[from] item: Rocky Helmet|[of] p2a: defog merchant
|
|-damage|p2a: defog merchant|5/100 brn|[from] brn
|upkeep
|turn|6
|
|t:|1769342286
|move|p1a: Cinderace|Zen Headbutt|p2a: defog merchant
|-resisted|p2a: defog merchant
|-damage|p2a: defog merchant|0 fnt
|-damage|p1a: Cinderace|62/100|[from] item: Rocky Helmet|[of] p2a: defog merchant
|faint|p2a: defog merchant
|
|upkeep
|
|t:|1769342291
|switch|p2a: goat|Primarina, F|100/100
|turn|7
|
|t:|1769342295
|switch|p1a: Ribombee|Ribombee, M|84/100
|move|p2a: goat|Surf|p1a: Ribombee
|-damage|p1a: Ribombee|3/100
|
|upkeep
|turn|8
|
|t:|1769342304
|move|p1a: Ribombee|Sticky Web|p2a: goat
|-sidestart|p2: szeykoo|move: Sticky Web
|move|p2a: goat|Psychic Noise|p1a: Ribombee
|-damage|p1a: Ribombee|0 fnt
|faint|p1a: Ribombee
|
|upkeep
|
|t:|1769342307
|switch|p1a: Cinderace|Cinderace, M|62/100
|turn|9
|
|t:|1769342315
|move|p1a: Cinderace|Court Change|p1a: Cinderace
|-start|p1a: Cinderace|typechange|Normal|[from] ability: Libero
|-swapsideconditions
|-activate|p1a: Cinderace|move: Court Change
|move|p2a: goat|Surf|p1a: Cinderace
|-damage|p1a: Cinderace|0 fnt
|faint|p1a: Cinderace
|
|upkeep
|
|t:|1769342319
|switch|p1a: Serperior|Serperior, F|100/100
|-activate|p1a: Serperior|move: Sticky Web
|-boost|p1a: Serperior|spe|1
|turn|10
|
|t:|1769342338
|-terastallize|p2a: goat|Poison
|move|p1a: Serperior|Leaf Storm|p2a: goat
|-resisted|p2a: goat
|-damage|p2a: goat|86/100
|-boost|p1a: Serperior|spa|2
|move|p2a: goat|Moonblast|p1a: Serperior
|-damage|p1a: Serperior|40/100
|-boost|p1a: Serperior|spa|1
|
|-heal|p1a: Serperior|46/100|[from] item: Leftovers
|upkeep
|turn|11
|
|t:|1769342354
|-terastallize|p1a: Serperior|Fire
|move|p1a: Serperior|Tera Blast|p2a: goat|[anim] Tera Blast Fire
|-damage|p2a: goat|41/100
|move|p2a: goat|Moonblast|p1a: Serperior
|-resisted|p1a: Serperior
|-damage|p1a: Serperior|17/100
|
|-heal|p1a: Serperior|23/100|[from] item: Leftovers
|upkeep
|turn|12
|
|t:|1769342372
|move|p1a: Serperior|Tera Blast|p2a: goat|[anim] Tera Blast Fire
|-crit|p2a: goat
|-damage|p2a: goat|0 fnt
|faint|p2a: goat
|
|-heal|p1a: Serperior|30/100|[from] item: Leftovers
|upkeep
|
|t:|1769342391
|switch|p2a: filler mon|Iron Moth|100/100
|-enditem|p2a: filler mon|Booster Energy
|-activate|p2a: filler mon|ability: Quark Drive|[fromitem]
|-start|p2a: filler mon|quarkdrivespa
|turn|13
|
|t:|1769342400
|move|p1a: Serperior|Dragon Pulse|p2a: filler mon
|-damage|p2a: filler mon|42/100
|move|p2a: filler mon|Sludge Wave|p1a: Serperior
|-damage|p1a: Serperior|0 fnt
|faint|p1a: Serperior
|
|upkeep
|
|t:|1769342406
|switch|p1a: Malamar|Malamar, M|100/100
|-activate|p1a: Malamar|move: Sticky Web
|-boost|p1a: Malamar|spe|1
|turn|14
|
|t:|1769342417
|-end|p2a: filler mon|Quark Drive|[silent]
|switch|p2a: king von|Wo-Chien|100/100
|-ability|p2a: king von|Tablets of Ruin
|move|p1a: Malamar|Psycho Cut|p2a: king von
|-immune|p2a: king von
|
|upkeep
|turn|15
|
|t:|1769342426
|move|p1a: Malamar|Superpower|p2a: king von
|-supereffective|p2a: king von
|-damage|p2a: king von|61/100
|-boost|p1a: Malamar|atk|1
|-boost|p1a: Malamar|def|1
|move|p2a: king von|Leech Seed|p1a: Malamar
|-start|p1a: Malamar|move: Leech Seed
|
|-heal|p2a: king von|68/100|[from] item: Leftovers
|-damage|p1a: Malamar|88/100|[from] Leech Seed|[of] p2a: king von
|-heal|p2a: king von|78/100|[silent]
|upkeep
|turn|16
|
|t:|1769342436
|move|p2a: king von|Protect|p2a: king von
|-singleturn|p2a: king von|Protect
|move|p1a: Malamar|Superpower|p2a: king von
|-activate|p2a: king von|move: Protect
|
|-heal|p2a: king von|84/100|[from] item: Leftovers
|-damage|p1a: Malamar|75/100|[from] Leech Seed|[of] p2a: king von
|-heal|p2a: king von|95/100|[silent]
|upkeep
|turn|17
|
|t:|1769342444
|move|p1a: Malamar|Superpower|p2a: king von
|-supereffective|p2a: king von
|-damage|p2a: king von|32/100
|-boost|p1a: Malamar|atk|1
|-boost|p1a: Malamar|def|1
|move|p2a: king von|Ruination|p1a: Malamar
|-damage|p1a: Malamar|38/100
|
|-heal|p2a: king von|38/100|[from] item: Leftovers
|-damage|p1a: Malamar|25/100|[from] Leech Seed|[of] p2a: king von
|-heal|p2a: king von|49/100|[silent]
|upkeep
|turn|18
|
|t:|1769342454
|move|p2a: king von|Protect|p2a: king von
|-singleturn|p2a: king von|Protect
|move|p1a: Malamar|Rest|p1a: Malamar
|-status|p1a: Malamar|slp|[from] move: Rest
|-enditem|p1a: Malamar|Lum Berry|[eat]
|-curestatus|p1a: Malamar|slp|[msg]
|-heal|p1a: Malamar|100/100|[silent]
|
|-heal|p2a: king von|55/100|[from] item: Leftovers
|-damage|p1a: Malamar|88/100|[from] Leech Seed|[of] p2a: king von
|-heal|p2a: king von|66/100|[silent]
|upkeep
|turn|19
|
|t:|1769342467
|move|p1a: Malamar|Superpower|p2a: king von
|-supereffective|p2a: king von
|-damage|p2a: king von|0 fnt
|-boost|p1a: Malamar|atk|1
|-boost|p1a: Malamar|def|1
|faint|p2a: king von
|
|upkeep
|
|t:|1769342485
|switch|p2a: filler mon|Iron Moth|42/100
|turn|20
|
|t:|1769342495
|move|p1a: Malamar|Psycho Cut|p2a: filler mon
|-supereffective|p2a: filler mon
|-damage|p2a: filler mon|0 fnt
|faint|p2a: filler mon
|-end|p2a: filler mon|Quark Drive|[silent]
|
|upkeep
|
|t:|1769342501
|switch|p2a: Pikachuu|Kommo-o, F|32/100
|turn|21
|
|t:|1769342506
|move|p1a: Malamar|Superpower|p2a: Pikachuu
|-damage|p2a: Pikachuu|0 fnt
|-boost|p1a: Malamar|atk|1
|-boost|p1a: Malamar|def|1
|faint|p2a: Pikachuu
|
|upkeep
|
|t:|1769342512
|switch|p2a: bird slayer|Weavile, F|100/100
|-ability|p2a: bird slayer|Pressure
|turn|22
|
|t:|1769342527
|move|p1a: Malamar|Superpower|p2a: bird slayer
|-supereffective|p2a: bird slayer
|-damage|p2a: bird slayer|0 fnt
|-boost|p1a: Malamar|atk|1
|-boost|p1a: Malamar|def|1
|faint|p2a: bird slayer
|
|win|bigjoocy
|raw|bigjoocy's rating: 1285 &rarr; <strong>1310</strong><br />(+25 for winning)
|raw|szeykoo's rating: 1291 &rarr; <strong>1266</strong><br />(-25 for losing)
|l|☆szeykoo
|player|p2|
|l|☆bigjoocy
|player|p1|
