|badge|p1|silver|gen9lc|30-8
|uhtml|medal-msg|<div class="broadcast-blue">Curious what those medals under the avatar are? PS now has Ladder Seasons! For more information, check out the <a href="https://www.smogon.com/forums/threads/3740067/">thread on Smogon.</a></div>
|j|☆ralsei hatty
|j|☆BayHarborClauncher
|t:|1769394529
|gametype|singles
|player|p1|ralsei hatty|marnie-masters2|1425
|player|p2|BayHarborClauncher|gambler|1421
|gen|9
|tier|[Gen 9] OU
|rated|
|rule|HP Percentage Mod: HP is shown in percentages
|rule|Endless Battle Clause: Forcing endless battles is banned
|rule|Species Clause: Limit one of each Pokémon
|rule|OHKO Clause: OHKO moves are banned
|rule|Evasion Items Clause: Evasion items are banned
|rule|Evasion Moves Clause: Evasion moves are banned
|rule|Evasion Abilities Clause: Evasion abilities are banned
|rule|Sleep Moves Clause: Sleep-inducing moves are banned
|clearpoke
|poke|p1|Sylveon, F|
|poke|p1|Iron Treads|
|poke|p1|Samurott-Hisui, M|
|poke|p1|Dragapult, M|
|poke|p1|Ogerpon-Wellspring, F|
|poke|p1|Zamazenta-*|
|poke|p2|Ribombee, F|
|poke|p2|Gholdengo|
|poke|p2|Samurott-Hisui, M|
|poke|p2|Raging Bolt|
|poke|p2|Krookodile, M|
|poke|p2|Gliscor, F|
|teampreview
|inactive|Battle timer is ON: inactive players will automatically lose when time's up. (requested by ralsei hatty)
|
|t:|1769394541
|teamsize|p1|6
|teamsize|p2|6
|start
|switch|p1a: spikes|Samurott-Hisui, M|100/100
|switch|p2a: Krookodile|Krookodile, M|100/100
|turn|1
|
|t:|1769394552
|switch|p2a: Ribombee|Ribombee, F|100/100
|move|p1a: spikes|Razor Shell|p2a: Ribombee
|-enditem|p2a: Ribombee|Focus Sash
|-damage|p2a: Ribombee|1/100
|
|upkeep
|turn|2
|
|t:|1769394578
|move|p1a: spikes|Razor Shell|p2a: Ribombee
|-damage|p2a: Ribombee|0 fnt
|faint|p2a: Ribombee
|
|upkeep
|
|t:|1769394585
|switch|p2a: Raging Bolt|Raging Bolt|100/100
|turn|3
|inactive|ralsei hatty has 120 seconds left.
|inactive|ralsei hatty has 90 seconds left.
|inactive|ralsei hatty has 60 seconds left.
|
|t:|1769394665
|switch|p1a: D001PHAM|Iron Treads|100/100
|move|p2a: Raging Bolt|Calm Mind|p2a: Raging Bolt
|-boost|p2a: Raging Bolt|spa|1
|-boost|p2a: Raging Bolt|spd|1
|
|upkeep
|turn|4
|
|t:|1769394676
|-terastallize|p2a: Raging Bolt|Ice
|move|p1a: D001PHAM|Stealth Rock|p2a: Raging Bolt
|-sidestart|p2: BayHarborClauncher|move: Stealth Rock
|move|p2a: Raging Bolt|Tera Blast|p1a: D001PHAM|[anim] Tera Blast Ice
|-damage|p1a: D001PHAM|6/100
|
|upkeep
|turn|5
|inactive|ralsei hatty has 60 seconds left.
|
|t:|1769394702
|move|p1a: D001PHAM|Earthquake|p2a: Raging Bolt
|-damage|p2a: Raging Bolt|57/100
|move|p2a: Raging Bolt|Tera Blast|p1a: D001PHAM|[anim] Tera Blast Ice
|-damage|p1a: D001PHAM|0 fnt
|faint|p1a: D001PHAM
|-end|p1a: D001PHAM|Quark Drive|[silent]
|
|upkeep
|
|t:|1769394710
|switch|p1a: what the dog doin?|Zamazenta|100/100
|-ability|p1a: what the dog doin?|Dauntless Shield|boost
|-boost|p1a: what the dog doin?|def|1
|turn|6
|
|t:|1769394714
|-end|p2a: Raging Bolt|Protosynthesis|[silent]
|switch|p2a: Gliscor|Gliscor, F|100/100
|-damage|p2a: Gliscor|88/100|[from] Stealth Rock
|move|p1a: what the dog doin?|Body Press|p2a: Gliscor
|-resisted|p2a: Gliscor
|-damage|p2a: Gliscor|66/100
|
|-status|p2a: Gliscor|tox|[from] item: Toxic Orb
|upkeep
|turn|7
|
|t:|1769394729
|switch|p1a: bonk mentality|Ogerpon-Wellspring, F|100/100
|move|p2a: Gliscor|Toxic|p1a: bonk mentality
|-status|p1a: bonk mentality|tox
|
|-damage|p1a: bonk mentality|95/100 tox|[from] psn
|-heal|p2a: Gliscor|79/100 tox|[from] ability: Poison Heal
|upkeep
|turn|8
|
|t:|1769394743
|move|p1a: bonk mentality|U-turn|p2a: Gliscor
|-resisted|p2a: Gliscor
|-damage|p2a: Gliscor|68/100 tox
|
|t:|1769394746
|switch|p1a: Yeet children|Dragapult, M|100/100|[from] U-turn
|move|p2a: Gliscor|Knock Off|p1a: Yeet children
|-supereffective|p1a: Yeet children
|-damage|p1a: Yeet children|44/100
|-enditem|p1a: Yeet children|Heavy-Duty Boots|[from] move: Knock Off|[of] p2a: Gliscor
|
|-heal|p2a: Gliscor|81/100 tox|[from] ability: Poison Heal
|upkeep
|turn|9
|
|t:|1769394755
|move|p1a: Yeet children|Hex|p2a: Gliscor
|-damage|p2a: Gliscor|33/100 tox
|move|p2a: Gliscor|Stealth Rock|p1a: Yeet children
|-sidestart|p1: ralsei hatty|move: Stealth Rock
|
|-heal|p2a: Gliscor|45/100 tox|[from] ability: Poison Heal
|upkeep
|turn|10
|inactive|ralsei hatty has 90 seconds left.
|
|t:|1769394764
|move|p2a: Gliscor|Protect|p2a: Gliscor
|-singleturn|p2a: Gliscor|Protect
|move|p1a: Yeet children|Will-O-Wisp|p2a: Gliscor
|-activate|p2a: Gliscor|move: Protect
|
|-heal|p2a: Gliscor|58/100 tox|[from] ability: Poison Heal
|upkeep
|turn|11
|
|t:|1769394767
|move|p1a: Yeet children|Hex|p2a: Gliscor
|-damage|p2a: Gliscor|12/100 tox
|move|p2a: Gliscor|Knock Off|p1a: Yeet children
|-supereffective|p1a: Yeet children
|-damage|p1a: Yeet children|3/100
|
|-heal|p2a: Gliscor|24/100 tox|[from] ability: Poison Heal
|upkeep
|turn|12
|inactive|ralsei hatty has 90 seconds left.
|
|t:|1769394800
|move|p2a: Gliscor|Protect|p2a: Gliscor
|-singleturn|p2a: Gliscor|Protect
|move|p1a: Yeet children|Hex|p2a: Gliscor
|-activate|p2a: Gliscor|move: Protect
|
|-heal|p2a: Gliscor|37/100 tox|[from] ability: Poison Heal
|upkeep
|turn|13
|
|t:|1769394810
|move|p2a: Gliscor|Protect||[still]
|-fail|p2a: Gliscor
|move|p1a: Yeet children|Hex|p2a: Gliscor
|-damage|p2a: Gliscor|0 fnt
|faint|p2a: Gliscor
|
|upkeep
|
|t:|1769394819
|switch|p2a: Samurott|Samurott-Hisui, M|100/100
|-damage|p2a: Samurott|88/100|[from] Stealth Rock
|turn|14
|inactive|ralsei hatty has 90 seconds left.
|
|t:|1769394830
|move|p1a: Yeet children|U-turn|p2a: Samurott
|-supereffective|p2a: Samurott
|-damage|p2a: Samurott|38/100
|
|t:|1769394834
|switch|p1a: GOAT|Sylveon, F|100/100|[from] U-turn
|move|p2a: Samurott|Ceaseless Edge|p1a: GOAT
|-resisted|p1a: GOAT
|-damage|p1a: GOAT|61/100
|-sidestart|p1: ralsei hatty|Spikes
|
|upkeep
|turn|15
|
|t:|1769394841
|switch|p2a: Krookodile|Krookodile, M|100/100
|-damage|p2a: Krookodile|94/100|[from] Stealth Rock
|move|p1a: GOAT|Wish|p1a: GOAT
|
|upkeep
|turn|16
|
|t:|1769394866
|move|p1a: GOAT|Protect|p1a: GOAT
|-singleturn|p1a: GOAT|Protect
|move|p2a: Krookodile|Bulk Up|p2a: Krookodile
|-boost|p2a: Krookodile|atk|1
|-boost|p2a: Krookodile|def|1
|
|-heal|p1a: GOAT|100/100|[from] move: Wish|[wisher] GOAT
|upkeep
|turn|17
|inactive|ralsei hatty has 90 seconds left.
|
|t:|1769394908
|move|p2a: Krookodile|Bulk Up|p2a: Krookodile
|-boost|p2a: Krookodile|atk|1
|-boost|p2a: Krookodile|def|1
|move|p1a: GOAT|Hyper Voice|p2a: Krookodile
|-supereffective|p2a: Krookodile
|-enditem|p2a: Krookodile|Roseli Berry|[eat]
|-enditem|p2a: Krookodile|Roseli Berry|[weaken]
|-damage|p2a: Krookodile|35/100
|
|upkeep
|turn|18
|
|t:|1769394917
|move|p2a: Krookodile|Earthquake|p1a: GOAT
|-damage|p1a: GOAT|0 fnt
|faint|p1a: GOAT
|-ability|p2a: Krookodile|Moxie|boost
|-boost|p2a: Krookodile|atk|1
|
|upkeep
|
|t:|1769394926
|switch|p1a: bonk mentality|Ogerpon-Wellspring, F|95/100 tox
|-damage|p1a: bonk mentality|82/100 tox|[from] Stealth Rock
|-damage|p1a: bonk mentality|70/100 tox|[from] Spikes
|turn|19
|
|t:|1769394930
|move|p1a: bonk mentality|Ivy Cudgel|p2a: Krookodile|[anim] Ivy Cudgel Water
|-supereffective|p2a: Krookodile
|-damage|p2a: Krookodile|0 fnt
|faint|p2a: Krookodile
|
|-damage|p1a: bonk mentality|64/100 tox|[from] psn
|upkeep
|
|t:|1769394935
|switch|p2a: Raging Bolt|Raging Bolt, tera:Ice|57/100
|-damage|p2a: Raging Bolt|32/100|[from] Stealth Rock
|turn|20
|inactive|ralsei hatty has 90 seconds left.
|
|t:|1769394957
|move|p1a: bonk mentality|Encore||[still]
|-fail|p1a: bonk mentality
|move|p2a: Raging Bolt|Thunderbolt|p1a: bonk mentality
|-damage|p1a: bonk mentality|0 fnt
|faint|p1a: bonk mentality
|
|upkeep
|
|t:|1769394971
|switch|p1a: Yeet children|Dragapult, M|3/100
|-damage|p1a: Yeet children|0 fnt|[from] Stealth Rock
|faint|p1a: Yeet children
|
|t:|1769394973
|switch|p1a: what the dog doin?|Zamazenta|100/100
|-damage|p1a: what the dog doin?|94/100|[from] Stealth Rock
|-damage|p1a: what the dog doin?|82/100|[from] Spikes
|turn|21
|
|t:|1769394980
|-end|p2a: Raging Bolt|Protosynthesis|[silent]
|switch|p2a: Gholdengo|Gholdengo|100/100
|-damage|p2a: Gholdengo|94/100|[from] Stealth Rock
|-item|p2a: Gholdengo|Air Balloon
|move|p1a: what the dog doin?|Body Press|p2a: Gholdengo
|-immune|p2a: Gholdengo
|
|upkeep
|turn|22
|inactive|ralsei hatty has 90 seconds left.
|
|t:|1769395008
|-terastallize|p1a: what the dog doin?|Fire
|move|p1a: what the dog doin?|Crunch|p2a: Gholdengo
|-supereffective|p2a: Gholdengo
|-damage|p2a: Gholdengo|62/100
|-enditem|p2a: Gholdengo|Air Balloon
|move|p2a: Gholdengo|Nasty Plot|p2a: Gholdengo
|-boost|p2a: Gholdengo|spa|2
|
|upkeep
|turn|23
|
|t:|1769395015
|switch|p1a: spikes|Samurott-Hisui, M|100/100
|-damage|p1a: spikes|88/100|[from] Stealth Rock
|-damage|p1a: spikes|76/100|[from] Spikes
|move|p2a: Gholdengo|Recover|p2a: Gholdengo
|-heal|p2a: Gholdengo|100/100
|
|upkeep
|turn|24
|
|t:|1769395021
|move|p1a: spikes|Ceaseless Edge|p2a: Gholdengo
|-supereffective|p2a: Gholdengo
|-damage|p2a: Gholdengo|34/100
|-sidestart|p2: BayHarborClauncher|Spikes
|move|p2a: Gholdengo|Make It Rain|p1a: spikes
|-resisted|p1a: spikes
|-damage|p1a: spikes|0 fnt
|-unboost|p2a: Gholdengo|spa|1
|faint|p1a: spikes
|
|upkeep
|
|t:|1769395026
|switch|p1a: what the dog doin?|Zamazenta, tera:Fire|82/100
|-damage|p1a: what the dog doin?|57/100|[from] Stealth Rock
|-damage|p1a: what the dog doin?|45/100|[from] Spikes
|turn|25
|
|t:|1769395037
|move|p1a: what the dog doin?|Crunch|p2a: Gholdengo
|-supereffective|p2a: Gholdengo
|-damage|p2a: Gholdengo|6/100
|move|p2a: Gholdengo|Shadow Ball|p1a: what the dog doin?
|-damage|p1a: what the dog doin?|0 fnt
|faint|p1a: what the dog doin?
|
|win|BayHarborClauncher
|raw|ralsei hatty's rating: 1425 &rarr; <strong>1405</strong><br />(-20 for losing)
|raw|BayHarborClauncher's rating: 1421 &rarr; <strong>1441</strong><br />(+20 for winning)
|l|☆BayHarborClauncher
|player|p2|
