|j|☆ibo90
|j|☆cooosh_
|t:|1769328180
|gametype|singles
|player|p1|ibo90|266|1196
|player|p2|cooosh_|170|1184
|gen|9
|tier|[Gen 9] OU
|rated|
|rule|HP Percentage Mod: HP is shown in percentages
|rule|Endless Battle Clause: Forcing endless battles is banned
|rule|Species Clause: Limit one of each Pokémon
|rule|OHKO Clause: OHKO moves are banned
|rule|Evasion Items Clause: Evasion items are banned
|rule|Evasion Moves Clause: Evasion moves are banned
|rule|Evasion Abilities Clause: Evasion abilities are banned
|rule|Sleep Moves Clause: Sleep-inducing moves are banned
|clearpoke
|poke|p1|Incineroar, M|
|poke|p1|Alomomola, F|
|poke|p1|Mandibuzz, F|
|poke|p1|Ambipom, M|
|poke|p1|Skeledirge, M|
|poke|p1|Rotom-Wash|
|poke|p2|Ursaluna, F|
|poke|p2|Dudunsparce-*, M|
|poke|p2|Staraptor, M|
|poke|p2|Smeargle, M|
|poke|p2|Maushold|
|poke|p2|Zoroark-Hisui, F|
|teampreview
|inactive|Battle timer is ON: inactive players will automatically lose when time's up. (requested by cooosh_)
|
|t:|1769328191
|teamsize|p1|6
|teamsize|p2|6
|start
|switch|p1a: Rotom|Rotom-Wash|100/100
|switch|p2a: Ursaluna|Ursaluna, F|100/100
|turn|1
|
|t:|1769328198
|move|p1a: Rotom|Trick|p2a: Ursaluna
|-activate|p1a: Rotom|move: Trick|[of] p2a: Ursaluna
|-item|p2a: Ursaluna|Choice Scarf|[from] move: Trick
|-item|p1a: Rotom|Choice Specs|[from] move: Trick
|move|p2a: Ursaluna|Hyper Voice|p1a: Rotom
|-damage|p1a: Rotom|45/100
|
|upkeep
|turn|2
|
|t:|1769328211
|move|p2a: Ursaluna|Hyper Voice|p1a: Rotom
|-damage|p1a: Rotom|0 fnt
|faint|p1a: Rotom
|
|upkeep
|
|t:|1769328216
|switch|p1a: Incineroar|Incineroar, M|100/100
|-ability|p1a: Incineroar|Intimidate|boost
|-unboost|p2a: Ursaluna|atk|1
|turn|3
|
|t:|1769328228
|switch|p2a: Smeargle|Smeargle, M|100/100
|move|p1a: Incineroar|Knock Off|p2a: Smeargle
|-enditem|p2a: Smeargle|Focus Sash
|-damage|p2a: Smeargle|1/100
|
|upkeep
|turn|4
|
|t:|1769328236
|move|p2a: Smeargle|Sticky Web|p1a: Incineroar
|-sidestart|p1: ibo90|move: Sticky Web
|move|p1a: Incineroar|U-turn|p2a: Smeargle
|-damage|p2a: Smeargle|0 fnt
|faint|p2a: Smeargle
|
|t:|1769328241
|switch|p1a: Mandibuzz|Mandibuzz, F|100/100|[from] U-turn
|
|upkeep
|
|t:|1769328245
|switch|p2a: Staraptor|Staraptor, M|100/100
|turn|5
|
|t:|1769328249
|move|p2a: Staraptor|Brave Bird|p1a: Mandibuzz
|-damage|p1a: Mandibuzz|42/100
|-damage|p2a: Staraptor|74/100|[from] Recoil
|move|p1a: Mandibuzz|Defog|p2a: Staraptor
|-unboost|p2a: Staraptor|evasion|1
|-sideend|p1: ibo90|Sticky Web|[from] move: Defog|[of] p1a: Mandibuzz
|
|upkeep
|turn|6
|
|t:|1769328257
|switch|p1a: Alomomola|Alomomola, F|100/100
|move|p2a: Staraptor|Brave Bird|p1a: Alomomola
|-damage|p1a: Alomomola|44/100
|-damage|p2a: Staraptor|58/100|[from] item: Rocky Helmet|[of] p1a: Alomomola
|-damage|p2a: Staraptor|26/100|[from] Recoil
|
|upkeep
|turn|7
|
|t:|1769328273
|move|p2a: Staraptor|Brave Bird|p1a: Alomomola
|-damage|p1a: Alomomola|0 fnt
|-damage|p2a: Staraptor|10/100|[from] item: Rocky Helmet|[of] p1a: Alomomola
|faint|p1a: Alomomola
|-damage|p2a: Staraptor|0 fnt|[from] Recoil
|faint|p2a: Staraptor
|
|upkeep
|
|t:|1769328281
|switch|p2a: Ursaluna|Ursaluna, F|100/100
|switch|p1a: Mandibuzz|Mandibuzz, F|42/100
|turn|8
|
|t:|1769328289
|move|p2a: Ursaluna|Hyper Voice|p1a: Mandibuzz
|-damage|p1a: Mandibuzz|1/100
|move|p1a: Mandibuzz|Roost|p1a: Mandibuzz
|-heal|p1a: Mandibuzz|51/100
|-singleturn|p1a: Mandibuzz|move: Roost
|
|upkeep
|turn|9
|
|t:|1769328296
|move|p2a: Ursaluna|Hyper Voice|p1a: Mandibuzz
|-damage|p1a: Mandibuzz|9/100
|move|p1a: Mandibuzz|Foul Play|p2a: Ursaluna
|-supereffective|p2a: Ursaluna
|-damage|p2a: Ursaluna|0 fnt
|replace|p2a: Zoroark|Zoroark-Hisui, F
|-end|p2a: Zoroark|Illusion
|faint|p2a: Zoroark
|
|upkeep
|
|t:|1769328305
|switch|p2a: Maushold|Maushold|100/100
|turn|10
|
|t:|1769328311
|move|p2a: Maushold|Tidy Up|p2a: Maushold
|-boost|p2a: Maushold|atk|1
|-boost|p2a: Maushold|spe|1
|move|p1a: Mandibuzz|Foul Play|p2a: Maushold
|-damage|p2a: Maushold|12/100
|
|upkeep
|turn|11
|
|t:|1769328320
|move|p2a: Maushold|Population Bomb|p1a: Mandibuzz
|-damage|p1a: Mandibuzz|0 fnt
|faint|p1a: Mandibuzz
|-hitcount|p1: Mandibuzz|1
|
|upkeep
|
|t:|1769328326
|switch|p1a: Incineroar|Incineroar, M|100/100
|-ability|p1a: Incineroar|Intimidate|boost
|-unboost|p2a: Maushold|atk|1
|turn|12
|
|t:|1769328331
|move|p1a: Incineroar|Fake Out|p2a: Maushold
|-damage|p2a: Maushold|0 fnt
|faint|p2a: Maushold
|
|upkeep
|
|t:|1769328336
|switch|p2a: Dudunsparce|Dudunsparce, M|100/100
|turn|13
|
|t:|1769328340
|move|p1a: Incineroar|Knock Off|p2a: Dudunsparce
|-crit|p2a: Dudunsparce
|-damage|p2a: Dudunsparce|44/100
|-enditem|p2a: Dudunsparce|Leftovers|[from] move: Knock Off|[of] p1a: Incineroar
|move|p2a: Dudunsparce|Glare|p1a: Incineroar
|-status|p1a: Incineroar|par
|
|upkeep
|turn|14
|
|t:|1769328347
|move|p2a: Dudunsparce|Roost|p2a: Dudunsparce
|-heal|p2a: Dudunsparce|94/100
|-singleturn|p2a: Dudunsparce|move: Roost
|move|p1a: Incineroar|Flare Blitz|p2a: Dudunsparce
|-damage|p2a: Dudunsparce|41/100
|-damage|p1a: Incineroar|83/100 par|[from] Recoil
|
|upkeep
|turn|15
|
|t:|1769328359
|move|p2a: Dudunsparce|Roost|p2a: Dudunsparce
|-heal|p2a: Dudunsparce|91/100
|-singleturn|p2a: Dudunsparce|move: Roost
|cant|p1a: Incineroar|par
|
|upkeep
|turn|16
|
|t:|1769328365
|move|p2a: Dudunsparce|Ancient Power|p1a: Incineroar
|-supereffective|p1a: Incineroar
|-damage|p1a: Incineroar|67/100 par
|move|p1a: Incineroar|Flare Blitz|p2a: Dudunsparce
|-damage|p2a: Dudunsparce|44/100
|-damage|p1a: Incineroar|52/100 par|[from] Recoil
|
|upkeep
|turn|17
|
|t:|1769328373
|move|p2a: Dudunsparce|Roost|p2a: Dudunsparce
|-heal|p2a: Dudunsparce|94/100
|-singleturn|p2a: Dudunsparce|move: Roost
|move|p1a: Incineroar|U-turn|p2a: Dudunsparce
|-damage|p2a: Dudunsparce|74/100
|
|t:|1769328378
|switch|p1a: Ambipom|Ambipom, M|100/100|[from] U-turn
|
|upkeep
|turn|18
|
|t:|1769328384
|-terastallize|p1a: Ambipom|Normal
|-terastallize|p2a: Dudunsparce|Ghost
|move|p1a: Ambipom|Fake Out|p2a: Dudunsparce
|-immune|p2a: Dudunsparce
|move|p2a: Dudunsparce|Glare|p1a: Ambipom
|-status|p1a: Ambipom|par
|
|upkeep
|turn|19
|
|t:|1769328394
|move|p1a: Ambipom|Knock Off|p2a: Dudunsparce
|-supereffective|p2a: Dudunsparce
|-damage|p2a: Dudunsparce|39/100
|move|p2a: Dudunsparce|Ancient Power|p1a: Ambipom
|-damage|p1a: Ambipom|82/100 par
|-boost|p2a: Dudunsparce|atk|1
|-boost|p2a: Dudunsparce|def|1
|-boost|p2a: Dudunsparce|spa|1
|-boost|p2a: Dudunsparce|spd|1
|-boost|p2a: Dudunsparce|spe|1
|
|upkeep
|turn|20
|
|t:|1769328403
|move|p2a: Dudunsparce|Roost|p2a: Dudunsparce
|-heal|p2a: Dudunsparce|89/100
|move|p1a: Ambipom|U-turn|p2a: Dudunsparce
|-resisted|p2a: Dudunsparce
|-damage|p2a: Dudunsparce|83/100
|
|t:|1769328406
|switch|p1a: Skeledirge|Skeledirge, M|100/100|[from] U-turn
|
|upkeep
|turn|21
|
|t:|1769328415
|move|p2a: Dudunsparce|Glare|p1a: Skeledirge
|-status|p1a: Skeledirge|par
|move|p1a: Skeledirge|Torch Song|p2a: Dudunsparce
|-damage|p2a: Dudunsparce|61/100
|-boost|p1a: Skeledirge|spa|1
|
|upkeep
|turn|22
|
|t:|1769328422
|move|p2a: Dudunsparce|Ancient Power|p1a: Skeledirge
|-supereffective|p1a: Skeledirge
|-damage|p1a: Skeledirge|74/100 par
|-boost|p2a: Dudunsparce|atk|1
|-boost|p2a: Dudunsparce|def|1
|-boost|p2a: Dudunsparce|spa|1
|-boost|p2a: Dudunsparce|spd|1
|-boost|p2a: Dudunsparce|spe|1
|move|p1a: Skeledirge|Shadow Ball|p2a: Dudunsparce
|-supereffective|p2a: Dudunsparce
|-damage|p2a: Dudunsparce|0 fnt
|faint|p2a: Dudunsparce
|
|-heal|p1a: Skeledirge|80/100 par|[from] item: Leftovers
|upkeep
|
|t:|1769328435
|switch|p2a: Ursaluna|Ursaluna, F|100/100
|turn|23
|
|t:|1769328439
|switch|p1a: Incineroar|Incineroar, M|52/100 par
|-ability|p1a: Incineroar|Intimidate|boost
|-unboost|p2a: Ursaluna|atk|1
|move|p2a: Ursaluna|Swords Dance|p2a: Ursaluna
|-boost|p2a: Ursaluna|atk|2
|
|-status|p2a: Ursaluna|brn|[from] item: Flame Orb
|upkeep
|turn|24
|
|t:|1769328449
|move|p1a: Incineroar|Fake Out|p2a: Ursaluna
|-damage|p2a: Ursaluna|92/100 brn
|cant|p2a: Ursaluna|flinch
|
|-damage|p2a: Ursaluna|85/100 brn|[from] brn
|upkeep
|turn|25
|
|t:|1769328456
|move|p2a: Ursaluna|Earthquake|p1a: Incineroar
|-supereffective|p1a: Incineroar
|-damage|p1a: Incineroar|0 fnt
|faint|p1a: Incineroar
|
|-damage|p2a: Ursaluna|79/100 brn|[from] brn
|upkeep
|
|t:|1769328460
|switch|p1a: Ambipom|Ambipom, M, tera:Normal|82/100 par
|turn|26
|
|t:|1769328465
|move|p1a: Ambipom|Fake Out|p2a: Ursaluna
|-damage|p2a: Ursaluna|47/100 brn
|cant|p2a: Ursaluna|flinch
|
|-damage|p2a: Ursaluna|40/100 brn|[from] brn
|upkeep
|turn|27
|
|t:|1769328472
|cant|p1a: Ambipom|par
|move|p2a: Ursaluna|Earthquake|p1a: Ambipom
|-damage|p1a: Ambipom|0 fnt
|faint|p1a: Ambipom
|
|-damage|p2a: Ursaluna|34/100 brn|[from] brn
|upkeep
|
|t:|1769328476
|switch|p1a: Skeledirge|Skeledirge, M|80/100 par
|turn|28
|
|t:|1769328483
|move|p2a: Ursaluna|Earthquake|p1a: Skeledirge
|-supereffective|p1a: Skeledirge
|-damage|p1a: Skeledirge|0 fnt
|faint|p1a: Skeledirge
|
|win|cooosh_
|raw|ibo90's rating: 1196 &rarr; <strong>1170</strong><br />(-26 for losing)
|raw|cooosh_'s rating: 1184 &rarr; <strong>1210</strong><br />(+26 for winning)
|l|☆ibo90
|player|p1|
