|j|☆LaportaPotty
|j|☆Jellyfish licker
|t:|1769405718
|gametype|singles
|player|p1|LaportaPotty|170|1307
|player|p2|Jellyfish licker|flannery|1363
|gen|9
|tier|[Gen 9] OU
|rated|
|rule|HP Percentage Mod: HP is shown in percentages
|rule|Endless Battle Clause: Forcing endless battles is banned
|rule|Species Clause: Limit one of each Pokémon
|rule|OHKO Clause: OHKO moves are banned
|rule|Evasion Items Clause: Evasion items are banned
|rule|Evasion Moves Clause: Evasion moves are banned
|rule|Evasion Abilities Clause: Evasion abilities are banned
|rule|Sleep Moves Clause: Sleep-inducing moves are banned
|clearpoke
|poke|p1|Wo-Chien|
|poke|p1|Heatran, F|
|poke|p1|Ogerpon-Wellspring, F|
|poke|p1|Raging Bolt|
|poke|p1|Glimmora, F|
|poke|p1|Mimikyu, F|
|poke|p2|Garchomp, M|
|poke|p2|Hoopa-Unbound|
|poke|p2|Slowking-Galar, F|
|poke|p2|Gholdengo|
|poke|p2|Alomomola, F|
|poke|p2|Darkrai|
|teampreview
|inactive|Battle timer is ON: inactive players will automatically lose when time's up. (requested by Jellyfish licker)
|
|t:|1769405726
|teamsize|p1|6
|teamsize|p2|6
|start
|switch|p1a: Glimmora|Glimmora, F|100/100
|switch|p2a: Garchomp|Garchomp, M|100/100
|turn|1
|
|t:|1769405741
|switch|p2a: Slowking|Slowking-Galar, F|100/100
|move|p1a: Glimmora|Toxic|p2a: Slowking
|-status|p2a: Slowking|tox
|
|-damage|p2a: Slowking|94/100 tox|[from] psn
|upkeep
|turn|2
|c|☆Jellyfish licker|Is that fucking corrosion glimmora
|c|☆Jellyfish licker|based asf
|
|t:|1769405765
|move|p1a: Glimmora|Spikes|p2a: Slowking
|-sidestart|p2: Jellyfish licker|Spikes
|move|p2a: Slowking|Future Sight|p1a: Glimmora
|-start|p2a: Slowking|move: Future Sight
|
|-damage|p2a: Slowking|82/100 tox|[from] psn
|upkeep
|turn|3
|
|t:|1769405771
|move|p1a: Glimmora|Stealth Rock|p2a: Slowking
|-sidestart|p2: Jellyfish licker|move: Stealth Rock
|move|p2a: Slowking|Thunder Wave|p1a: Glimmora
|-status|p1a: Glimmora|par
|
|-damage|p2a: Slowking|64/100 tox|[from] psn
|upkeep
|turn|4
|c|☆LaportaPotty|thx
|
|t:|1769405781
|switch|p1a: Heatran|Heatran, F|100/100
|-prepare|p2a: Slowking|Chilly Reception|[premajor]
|move|p2a: Slowking|Chilly Reception|p2a: Slowking
|-weather|Snowscape
|
|t:|1769405785
|switch|p2a: Garchomp|Garchomp, M|100/100|[from] Chilly Reception
|-damage|p2a: Garchomp|88/100|[from] Spikes
|-damage|p2a: Garchomp|82/100|[from] Stealth Rock
|
|-weather|Snowscape|[upkeep]
|-end|p1a: Heatran|move: Future Sight
|-resisted|p1a: Heatran
|-damage|p1a: Heatran|81/100
|upkeep
|turn|5
|
|t:|1769405794
|switch|p1a: Mimikyu|Mimikyu, F|100/100
|move|p2a: Garchomp|Spikes|p1a: Mimikyu
|-sidestart|p1: LaportaPotty|Spikes
|
|-weather|Snowscape|[upkeep]
|upkeep
|turn|6
|
|t:|1769405803
|move|p1a: Mimikyu|Swords Dance|p1a: Mimikyu
|-boost|p1a: Mimikyu|atk|2
|move|p2a: Garchomp|Spikes|p1a: Mimikyu
|-sidestart|p1: LaportaPotty|Spikes
|
|-weather|Snowscape|[upkeep]
|upkeep
|turn|7
|
|t:|1769405812
|switch|p2a: Alomomola|Alomomola, F|100/100
|move|p1a: Mimikyu|Swords Dance|p1a: Mimikyu
|-boost|p1a: Mimikyu|atk|2
|
|-weather|Snowscape|[upkeep]
|upkeep
|turn|8
|
|t:|1769405820
|move|p1a: Mimikyu|Wood Hammer|p2a: Alomomola
|-supereffective|p2a: Alomomola
|-damage|p2a: Alomomola|0 fnt
|faint|p2a: Alomomola
|-damage|p1a: Mimikyu|30/100|[from] Recoil
|
|-weather|none
|upkeep
|
|t:|1769405836
|switch|p2a: Garchomp|Garchomp, M|82/100
|-damage|p2a: Garchomp|70/100|[from] Spikes
|-damage|p2a: Garchomp|63/100|[from] Stealth Rock
|turn|9
|
|t:|1769405843
|move|p1a: Mimikyu|Play Rough|p2a: Garchomp
|-supereffective|p2a: Garchomp
|-damage|p2a: Garchomp|0 fnt
|-damage|p1a: Mimikyu|18/100|[from] ability: Rough Skin|[of] p2a: Garchomp
|-damage|p1a: Mimikyu|2/100|[from] item: Rocky Helmet|[of] p2a: Garchomp
|faint|p2a: Garchomp
|
|upkeep
|
|t:|1769405851
|switch|p2a: Gholdengo|Gholdengo|100/100
|-damage|p2a: Gholdengo|94/100|[from] Stealth Rock
|-item|p2a: Gholdengo|Air Balloon
|turn|10
|
|t:|1769405856
|move|p1a: Mimikyu|Shadow Sneak|p2a: Gholdengo
|-supereffective|p2a: Gholdengo
|-damage|p2a: Gholdengo|27/100
|-enditem|p2a: Gholdengo|Air Balloon
|move|p2a: Gholdengo|Shadow Ball|p1a: Mimikyu
|-activate|p1a: Mimikyu|ability: Disguise
|-damage|p1a: Mimikyu|2/100
|-unboost|p1a: Mimikyu|spd|1
|detailschange|p1a: Mimikyu|Mimikyu-Busted, F
|-damage|p1a: Mimikyu|0 fnt|[from] pokemon: Mimikyu-Busted
|faint|p1a: Mimikyu
|
|upkeep
|
|t:|1769405870
|switch|p1a: Ogerpon|Ogerpon-Wellspring, F|100/100
|-damage|p1a: Ogerpon|84/100|[from] Spikes
|turn|11
|
|t:|1769405880
|move|p1a: Ogerpon|Trailblaze|p2a: Gholdengo
|-resisted|p2a: Gholdengo
|-damage|p2a: Gholdengo|16/100
|-boost|p1a: Ogerpon|spe|1
|move|p2a: Gholdengo|Nasty Plot|p2a: Gholdengo
|-boost|p2a: Gholdengo|spa|2
|
|upkeep
|turn|12
|
|t:|1769405885
|move|p1a: Ogerpon|Knock Off|p2a: Gholdengo
|-supereffective|p2a: Gholdengo
|-damage|p2a: Gholdengo|0 fnt
|faint|p2a: Gholdengo
|
|upkeep
|
|t:|1769405890
|switch|p2a: Slowking|Slowking-Galar, F|97/100 tox
|turn|13
|
|t:|1769405896
|move|p1a: Ogerpon|Knock Off|p2a: Slowking
|-supereffective|p2a: Slowking
|-damage|p2a: Slowking|3/100 tox
|-enditem|p2a: Slowking|Heavy-Duty Boots|[from] move: Knock Off|[of] p1a: Ogerpon
|move|p2a: Slowking|Sludge Bomb|p1a: Ogerpon
|-supereffective|p1a: Ogerpon
|-damage|p1a: Ogerpon|0 fnt
|faint|p1a: Ogerpon
|
|-damage|p2a: Slowking|0 fnt|[from] psn
|faint|p2a: Slowking
|upkeep
|
|t:|1769405909
|switch|p1a: Glimmora|Glimmora, F|100/100 par
|switch|p2a: Darkrai|Darkrai|100/100
|-damage|p1a: Glimmora|84/100 par|[from] Spikes
|turn|14
|
|t:|1769405924
|move|p2a: Darkrai|Dark Pulse|p1a: Glimmora
|-damage|p1a: Glimmora|40/100 par
|move|p1a: Glimmora|Mortal Spin|p2a: Darkrai
|-damage|p2a: Darkrai|92/100
|-status|p2a: Darkrai|psn
|-sideend|p1: LaportaPotty|Spikes|[from] move: Mortal Spin|[of] p1a: Glimmora
|
|-damage|p2a: Darkrai|79/100 psn|[from] psn
|upkeep
|turn|15
|
|t:|1769405932
|move|p2a: Darkrai|Dark Pulse|p1a: Glimmora
|-damage|p1a: Glimmora|0 fnt
|faint|p1a: Glimmora
|
|-damage|p2a: Darkrai|67/100 psn|[from] psn
|upkeep
|
|t:|1769405935
|switch|p1a: Wo-Chien|Wo-Chien|100/100
|-ability|p1a: Wo-Chien|Tablets of Ruin
|turn|16
|
|t:|1769405948
|-terastallize|p2a: Darkrai|Poison
|-terastallize|p1a: Wo-Chien|Poison
|move|p2a: Darkrai|Sludge Bomb|p1a: Wo-Chien
|-resisted|p1a: Wo-Chien
|-damage|p1a: Wo-Chien|81/100
|move|p1a: Wo-Chien|Leech Seed|p2a: Darkrai|[miss]
|-miss|p1a: Wo-Chien|p2a: Darkrai
|
|-heal|p1a: Wo-Chien|87/100|[from] item: Leftovers
|-damage|p2a: Darkrai|54/100 psn|[from] psn
|upkeep
|turn|17
|
|t:|1769405963
|switch|p2a: Hoopa|Hoopa-Unbound|100/100
|-damage|p2a: Hoopa|88/100|[from] Spikes
|-damage|p2a: Hoopa|76/100|[from] Stealth Rock
|move|p1a: Wo-Chien|Leech Seed|p2a: Hoopa
|-start|p2a: Hoopa|move: Leech Seed
|
|-heal|p1a: Wo-Chien|94/100|[from] item: Leftovers
|-damage|p2a: Hoopa|63/100|[from] Leech Seed|[of] p1a: Wo-Chien
|-heal|p1a: Wo-Chien|100/100|[silent]
|upkeep
|turn|18
|
|t:|1769405973
|move|p1a: Wo-Chien|Protect|p1a: Wo-Chien
|-singleturn|p1a: Wo-Chien|Protect
|move|p2a: Hoopa|Psychic Noise|p1a: Wo-Chien
|-activate|p1a: Wo-Chien|move: Protect
|
|-damage|p2a: Hoopa|51/100|[from] Leech Seed|[of] p1a: Wo-Chien
|upkeep
|turn|19
|
|t:|1769405978
|move|p1a: Wo-Chien|Substitute|p1a: Wo-Chien
|-start|p1a: Wo-Chien|Substitute
|-damage|p1a: Wo-Chien|76/100
|move|p2a: Hoopa|Knock Off|p1a: Wo-Chien
|-end|p1a: Wo-Chien|Substitute
|
|-heal|p1a: Wo-Chien|82/100|[from] item: Leftovers
|-damage|p2a: Hoopa|39/100|[from] Leech Seed|[of] p1a: Wo-Chien
|-heal|p1a: Wo-Chien|95/100|[silent]
|upkeep
|turn|20
|
|t:|1769405984
|move|p1a: Wo-Chien|Protect|p1a: Wo-Chien
|-singleturn|p1a: Wo-Chien|Protect
|move|p2a: Hoopa|Psychic Noise|p1a: Wo-Chien
|-activate|p1a: Wo-Chien|move: Protect
|
|-heal|p1a: Wo-Chien|100/100|[from] item: Leftovers
|-damage|p2a: Hoopa|26/100|[from] Leech Seed|[of] p1a: Wo-Chien
|upkeep
|turn|21
|
|t:|1769405989
|move|p1a: Wo-Chien|Substitute|p1a: Wo-Chien
|-start|p1a: Wo-Chien|Substitute
|-damage|p1a: Wo-Chien|76/100
|move|p2a: Hoopa|Psychic Noise|p1a: Wo-Chien
|-supereffective|p1a: Wo-Chien
|-damage|p1a: Wo-Chien|6/100
|-start|p1a: Wo-Chien|move: Heal Block
|
|-damage|p2a: Hoopa|14/100|[from] Leech Seed|[of] p1a: Wo-Chien
|upkeep
|turn|22
|
|t:|1769405994
|move|p1a: Wo-Chien|Protect|p1a: Wo-Chien
|-singleturn|p1a: Wo-Chien|Protect
|move|p2a: Hoopa|Psychic Noise|p1a: Wo-Chien
|-activate|p1a: Wo-Chien|move: Protect
|
|-damage|p2a: Hoopa|2/100|[from] Leech Seed|[of] p1a: Wo-Chien
|-end|p1a: Wo-Chien|move: Heal Block
|upkeep
|turn|23
|
|t:|1769406003
|move|p1a: Wo-Chien|Knock Off|p2a: Hoopa
|-damage|p2a: Hoopa|0 fnt
|-enditem|p2a: Hoopa|Assault Vest|[from] move: Knock Off|[of] p1a: Wo-Chien
|faint|p2a: Hoopa
|
|-heal|p1a: Wo-Chien|12/100|[from] item: Leftovers
|upkeep
|
|t:|1769406005
|switch|p2a: Darkrai|Darkrai, tera:Poison|54/100 psn
|turn|24
|
|t:|1769406008
|move|p1a: Wo-Chien|Protect|p1a: Wo-Chien
|-singleturn|p1a: Wo-Chien|Protect
|move|p2a: Darkrai|Dark Pulse|p1a: Wo-Chien
|-activate|p1a: Wo-Chien|move: Protect
|
|-heal|p1a: Wo-Chien|18/100|[from] item: Leftovers
|-damage|p2a: Darkrai|42/100 psn|[from] psn
|upkeep
|turn|25
|
|t:|1769406013
|move|p2a: Darkrai|Dark Pulse|p1a: Wo-Chien
|-end|p1a: Wo-Chien|Substitute
|move|p1a: Wo-Chien|Leech Seed|p2a: Darkrai
|-start|p2a: Darkrai|move: Leech Seed
|
|-heal|p1a: Wo-Chien|24/100|[from] item: Leftovers
|-damage|p2a: Darkrai|29/100 psn|[from] Leech Seed|[of] p1a: Wo-Chien
|-heal|p1a: Wo-Chien|35/100|[silent]
|-damage|p2a: Darkrai|17/100 psn|[from] psn
|upkeep
|turn|26
|-message|Jellyfish licker forfeited.
|
|win|LaportaPotty
|raw|LaportaPotty's rating: 1307 &rarr; <strong>1330</strong><br />(+23 for winning)
|raw|Jellyfish licker's rating: 1363 &rarr; <strong>1340</strong><br />(-23 for losing)
|l|☆Jellyfish licker
|player|p2|
|c|☆LaportaPotty|gg
|l|☆LaportaPotty
|player|p1|
