|j|☆jsxlllll
|j|☆laksdghe
|t:|1769404886
|gametype|singles
|player|p1|jsxlllll|102|1477
|player|p2|laksdghe|richboy|1426
|gen|9
|tier|[Gen 9] OU
|rated|
|rule|HP Percentage Mod: HP is shown in percentages
|rule|Endless Battle Clause: Forcing endless battles is banned
|rule|Species Clause: Limit one of each Pokémon
|rule|OHKO Clause: OHKO moves are banned
|rule|Evasion Items Clause: Evasion items are banned
|rule|Evasion Moves Clause: Evasion moves are banned
|rule|Evasion Abilities Clause: Evasion abilities are banned
|rule|Sleep Moves Clause: Sleep-inducing moves are banned
|clearpoke
|poke|p1|Sandy Shocks|
|poke|p1|Scizor, F|
|poke|p1|Manaphy|
|poke|p1|Latios, M|
|poke|p1|Ogerpon, F|
|poke|p1|Iron Jugulis|
|poke|p2|Ogerpon-Wellspring, F|
|poke|p2|Heatran, F|
|poke|p2|Pecharunt|
|poke|p2|Dragonite, M|
|poke|p2|Great Tusk|
|poke|p2|Weavile, M|
|teampreview
|inactive|Battle timer is ON: inactive players will automatically lose when time's up. (requested by laksdghe)
|inactive|laksdghe has 120 seconds left.
|
|t:|1769404931
|teamsize|p1|6
|teamsize|p2|6
|start
|switch|p1a: Sandy Shocks|Sandy Shocks|100/100
|switch|p2a: Heatran|Heatran, F|100/100
|-enditem|p1a: Sandy Shocks|Booster Energy
|-activate|p1a: Sandy Shocks|ability: Protosynthesis|[fromitem]
|-start|p1a: Sandy Shocks|protosynthesisspe
|turn|1
|
|t:|1769404938
|switch|p2a: Great Tusk|Great Tusk, shiny|100/100
|move|p1a: Sandy Shocks|Earth Power|p2a: Great Tusk
|-damage|p2a: Great Tusk|57/100
|-unboost|p2a: Great Tusk|spd|1
|
|upkeep
|turn|2
|
|t:|1769404945
|-end|p2a: Great Tusk|Protosynthesis|[silent]
|switch|p2a: Dragonite|Dragonite, M, shiny|100/100
|move|p1a: Sandy Shocks|Earth Power|p2a: Dragonite
|-immune|p2a: Dragonite
|
|upkeep
|turn|3
|
|t:|1769404955
|switch|p2a: Great Tusk|Great Tusk, shiny|57/100
|move|p1a: Sandy Shocks|Stealth Rock|p2a: Great Tusk
|-sidestart|p2: laksdghe|move: Stealth Rock
|
|upkeep
|turn|4
|
|t:|1769404961
|move|p1a: Sandy Shocks|Earth Power|p2a: Great Tusk
|-damage|p2a: Great Tusk|11/100
|move|p2a: Great Tusk|Rapid Spin|p1a: Sandy Shocks
|-damage|p1a: Sandy Shocks|81/100
|-boost|p2a: Great Tusk|spe|1
|-sideend|p2: laksdghe|Stealth Rock|[from] move: Rapid Spin|[of] p2a: Great Tusk
|
|upkeep
|turn|5
|
|t:|1769404969
|-end|p2a: Great Tusk|Protosynthesis|[silent]
|switch|p2a: Dragonite|Dragonite, M, shiny|100/100
|move|p1a: Sandy Shocks|Earth Power|p2a: Dragonite
|-immune|p2a: Dragonite
|
|upkeep
|turn|6
|
|t:|1769404973
|move|p1a: Sandy Shocks|Stealth Rock|p2a: Dragonite
|-sidestart|p2: laksdghe|move: Stealth Rock
|move|p2a: Dragonite|Earthquake|p1a: Sandy Shocks
|-supereffective|p1a: Sandy Shocks
|-damage|p1a: Sandy Shocks|0 fnt
|faint|p1a: Sandy Shocks
|-end|p1a: Sandy Shocks|Protosynthesis|[silent]
|
|upkeep
|
|t:|1769404987
|switch|p1a: Scizor|Scizor, F|100/100
|turn|7
|
|t:|1769404995
|switch|p2a: Pecharunt|Pecharunt|100/100
|-damage|p2a: Pecharunt|88/100|[from] Stealth Rock
|move|p1a: Scizor|Swords Dance|p1a: Scizor
|-boost|p1a: Scizor|atk|2
|
|upkeep
|turn|8
|
|t:|1769405003
|move|p2a: Pecharunt|Parting Shot|p1a: Scizor
|-unboost|p1a: Scizor|atk|1
|-unboost|p1a: Scizor|spa|1
|
|t:|1769405010
|switch|p2a: Great Tusk|Great Tusk, shiny|11/100|[from] Parting Shot
|-damage|p2a: Great Tusk|8/100|[from] Stealth Rock
|move|p1a: Scizor|Swords Dance|p1a: Scizor
|-boost|p1a: Scizor|atk|2
|
|upkeep
|turn|9
|
|t:|1769405016
|move|p1a: Scizor|Bullet Punch|p2a: Great Tusk
|-damage|p2a: Great Tusk|0 fnt
|faint|p2a: Great Tusk
|-end|p2a: Great Tusk|Protosynthesis|[silent]
|
|upkeep
|
|t:|1769405022
|switch|p2a: Heatran|Heatran, F|100/100
|-damage|p2a: Heatran|88/100|[from] Stealth Rock
|turn|10
|
|t:|1769405027
|-terastallize|p1a: Scizor|Fire
|move|p2a: Heatran|Lava Plume|p1a: Scizor
|-resisted|p1a: Scizor
|-damage|p1a: Scizor|82/100
|move|p1a: Scizor|Knock Off|p2a: Heatran
|-damage|p2a: Heatran|14/100
|-enditem|p2a: Heatran|Leftovers|[from] move: Knock Off|[of] p1a: Scizor
|
|upkeep
|turn|11
|
|t:|1769405039
|move|p1a: Scizor|Bullet Punch|p2a: Heatran
|-resisted|p2a: Heatran
|-damage|p2a: Heatran|0 fnt
|faint|p2a: Heatran
|
|upkeep
|
|t:|1769405042
|switch|p2a: Ogerpon|Ogerpon-Wellspring, F|100/100
|-damage|p2a: Ogerpon|88/100|[from] Stealth Rock
|turn|12
|
|t:|1769405045
|move|p1a: Scizor|Bullet Punch|p2a: Ogerpon
|-resisted|p2a: Ogerpon
|-damage|p2a: Ogerpon|53/100
|move|p2a: Ogerpon|Ivy Cudgel|p1a: Scizor|[anim] Ivy Cudgel Water
|-supereffective|p1a: Scizor
|-damage|p1a: Scizor|0 fnt
|faint|p1a: Scizor
|
|upkeep
|
|t:|1769405053
|switch|p1a: Latios|Latios, M|100/100
|turn|13
|
|t:|1769405068
|move|p1a: Latios|Agility|p1a: Latios
|-boost|p1a: Latios|spe|2
|move|p2a: Ogerpon|U-turn|p1a: Latios
|-supereffective|p1a: Latios
|-damage|p1a: Latios|58/100
|-enditem|p1a: Latios|Weakness Policy
|-boost|p1a: Latios|atk|2|[from] item: Weakness Policy
|-boost|p1a: Latios|spa|2|[from] item: Weakness Policy
|
|t:|1769405071
|switch|p2a: Weavile|Weavile, M|100/100|[from] U-turn
|-ability|p2a: Weavile|Pressure
|
|upkeep
|turn|14
|
|t:|1769405085
|move|p2a: Weavile|Ice Shard|p1a: Latios
|-supereffective|p1a: Latios
|-damage|p1a: Latios|21/100
|move|p1a: Latios|Aura Sphere|p2a: Weavile
|-supereffective|p2a: Weavile
|-damage|p2a: Weavile|0 fnt
|faint|p2a: Weavile
|
|upkeep
|
|t:|1769405088
|switch|p2a: Dragonite|Dragonite, M, shiny|100/100
|turn|15
|
|t:|1769405090
|move|p2a: Dragonite|Extreme Speed|p1a: Latios
|-damage|p1a: Latios|0 fnt
|faint|p1a: Latios
|
|upkeep
|
|t:|1769405099
|switch|p1a: Ogerpon|Ogerpon, F|100/100
|turn|16
|
|t:|1769405107
|move|p1a: Ogerpon|Swords Dance|p1a: Ogerpon
|-boost|p1a: Ogerpon|atk|2
|move|p2a: Dragonite|Dragon Dance|p2a: Dragonite
|-boost|p2a: Dragonite|atk|1
|-boost|p2a: Dragonite|spe|1
|-enditem|p1a: Ogerpon|Mirror Herb
|-boost|p1a: Ogerpon|atk|1|[from] item: Mirror Herb
|-boost|p1a: Ogerpon|spe|1|[from] item: Mirror Herb
|
|upkeep
|turn|17
|
|t:|1769405110
|move|p1a: Ogerpon|Rock Tomb|p2a: Dragonite
|-supereffective|p2a: Dragonite
|-damage|p2a: Dragonite|46/100
|-unboost|p2a: Dragonite|spe|1
|move|p2a: Dragonite|Ice Spinner|p1a: Ogerpon
|-supereffective|p1a: Ogerpon
|-damage|p1a: Ogerpon|0 fnt
|faint|p1a: Ogerpon
|
|upkeep
|
|t:|1769405124
|switch|p1a: Manaphy|Manaphy|100/100
|turn|18
|
|t:|1769405129
|move|p1a: Manaphy|Ice Beam|p2a: Dragonite
|-supereffective|p2a: Dragonite
|-damage|p2a: Dragonite|0 fnt
|faint|p2a: Dragonite
|
|upkeep
|
|t:|1769405131
|switch|p2a: Ogerpon|Ogerpon-Wellspring, F|53/100
|-damage|p2a: Ogerpon|41/100|[from] Stealth Rock
|turn|19
|
|t:|1769405134
|move|p1a: Manaphy|Ice Beam|p2a: Ogerpon
|-damage|p2a: Ogerpon|13/100
|move|p2a: Ogerpon|Synthesis|p2a: Ogerpon
|-heal|p2a: Ogerpon|63/100
|
|upkeep
|turn|20
|
|t:|1769405143
|move|p1a: Manaphy|Tail Glow|p1a: Manaphy
|-boost|p1a: Manaphy|spa|3
|move|p2a: Ogerpon|Ivy Cudgel|p1a: Manaphy|[anim] Ivy Cudgel Water
|-resisted|p1a: Manaphy
|-damage|p1a: Manaphy|77/100
|
|upkeep
|turn|21
|
|t:|1769405149
|move|p1a: Manaphy|Ice Beam|p2a: Ogerpon
|-damage|p2a: Ogerpon|5/100
|move|p2a: Ogerpon|U-turn|p1a: Manaphy
|-damage|p1a: Manaphy|54/100
|
|t:|1769405152
|switch|p2a: Pecharunt|Pecharunt|88/100|[from] U-turn
|-damage|p2a: Pecharunt|76/100|[from] Stealth Rock
|
|upkeep
|turn|22
|
|t:|1769405159
|move|p1a: Manaphy|Surf|p2a: Pecharunt
|-damage|p2a: Pecharunt|0 fnt
|faint|p2a: Pecharunt
|
|upkeep
|-message|laksdghe forfeited.
|
|win|jsxlllll
|raw|jsxlllll's rating: 1477 &rarr; <strong>1494</strong><br />(+17 for winning)
|raw|laksdghe's rating: 1426 &rarr; <strong>1409</strong><br />(-17 for losing)
|l|☆laksdghe
|player|p2|
|l|☆jsxlllll
|player|p1|
