|j|☆LaportaPotty
|j|☆Don Birria
|t:|1769400405
|gametype|singles
|player|p1|LaportaPotty|170|1357
|player|p2|Don Birria|170|1295
|gen|9
|tier|[Gen 9] OU
|rated|
|rule|HP Percentage Mod: HP is shown in percentages
|rule|Endless Battle Clause: Forcing endless battles is banned
|rule|Species Clause: Limit one of each Pokémon
|rule|OHKO Clause: OHKO moves are banned
|rule|Evasion Items Clause: Evasion items are banned
|rule|Evasion Moves Clause: Evasion moves are banned
|rule|Evasion Abilities Clause: Evasion abilities are banned
|rule|Sleep Moves Clause: Sleep-inducing moves are banned
|clearpoke
|poke|p1|Okidogi, M|
|poke|p1|Ogerpon-Wellspring, F|
|poke|p1|Skarmory, F|
|poke|p1|Gholdengo|
|poke|p1|Great Tusk|
|poke|p1|Zamazenta-*|
|poke|p2|Vaporeon, M|
|poke|p2|Meowscarada, M|
|poke|p2|Hydrapple, M|
|poke|p2|Muk-Alola, M|
|poke|p2|Grimmsnarl, M|
|poke|p2|Cinderace, M|
|teampreview
|inactive|Battle timer is ON: inactive players will automatically lose when time's up. (requested by Don Birria)
|
|t:|1769400412
|teamsize|p1|6
|teamsize|p2|6
|start
|switch|p1a: Skarmory|Skarmory, F|100/100
|switch|p2a: Luceroi|Muk-Alola, M|100/100
|turn|1
|
|t:|1769400420
|move|p1a: Skarmory|Spikes|p2a: Luceroi
|-sidestart|p2: Don Birria|Spikes
|move|p2a: Luceroi|Knock Off|p1a: Skarmory
|-damage|p1a: Skarmory|74/100
|-enditem|p1a: Skarmory|Mental Herb|[from] move: Knock Off|[of] p2a: Luceroi
|
|upkeep
|turn|2
|
|t:|1769400433
|switch|p1a: Zamazenta|Zamazenta|100/100
|-ability|p1a: Zamazenta|Dauntless Shield|boost
|-boost|p1a: Zamazenta|def|1
|move|p2a: Luceroi|Taunt|p1a: Zamazenta
|-start|p1a: Zamazenta|move: Taunt
|
|upkeep
|turn|3
|
|t:|1769400441
|switch|p2a: Sidra|Hydrapple, M, shiny|100/100
|-damage|p2a: Sidra|88/100|[from] Spikes
|move|p1a: Zamazenta|Body Press|p2a: Sidra
|-damage|p2a: Sidra|56/100
|
|-heal|p2a: Sidra|63/100|[from] item: Leftovers
|upkeep
|turn|4
|
|t:|1769400458
|switch|p1a: Okidogi|Okidogi, M|100/100
|move|p2a: Sidra|Giga Drain|p1a: Okidogi
|-resisted|p1a: Okidogi
|-damage|p1a: Okidogi|89/100
|-heal|p2a: Sidra|69/100|[from] drain|[of] p1a: Okidogi
|
|-heal|p2a: Sidra|75/100|[from] item: Leftovers
|upkeep
|turn|5
|
|t:|1769400469
|-terastallize|p2a: Sidra|Poison
|move|p1a: Okidogi|Knock Off|p2a: Sidra
|-damage|p2a: Sidra|51/100
|-enditem|p2a: Sidra|Leftovers|[from] move: Knock Off|[of] p1a: Okidogi
|move|p2a: Sidra|Earth Power|p1a: Okidogi
|-supereffective|p1a: Okidogi
|-damage|p1a: Okidogi|51/100
|
|upkeep
|turn|6
|inactive|LaportaPotty has 120 seconds left.
|
|t:|1769400504
|move|p1a: Okidogi|Ice Punch|p2a: Sidra
|-damage|p2a: Sidra|31/100
|move|p2a: Sidra|Fickle Beam|p1a: Okidogi
|-damage|p1a: Okidogi|25/100
|
|upkeep
|turn|7
|inactive|LaportaPotty has 120 seconds left.
|
|t:|1769400514
|move|p1a: Okidogi|Drain Punch|p2a: Sidra
|-resisted|p2a: Sidra
|-damage|p2a: Sidra|17/100
|-heal|p1a: Okidogi|32/100|[from] drain|[of] p2a: Sidra
|move|p2a: Sidra|Fickle Beam|p1a: Okidogi|[anim] Fickle Beam All Out
|-activate|p2a: Sidra|move: Fickle Beam
|-damage|p1a: Okidogi|0 fnt
|faint|p1a: Okidogi
|
|upkeep
|
|t:|1769400531
|switch|p1a: Gholdengo|Gholdengo|100/100
|turn|8
|
|t:|1769400551
|switch|p2a: Luceroi|Muk-Alola, M|100/100
|-damage|p2a: Luceroi|88/100|[from] Spikes
|move|p1a: Gholdengo|Shadow Ball|p2a: Luceroi
|-resisted|p2a: Luceroi
|-damage|p2a: Luceroi|74/100
|
|-heal|p2a: Luceroi|80/100|[from] item: Black Sludge
|upkeep
|turn|9
|
|t:|1769400559
|switch|p1a: Zamazenta|Zamazenta|100/100
|move|p2a: Luceroi|Knock Off|p1a: Zamazenta
|-resisted|p1a: Zamazenta
|-damage|p1a: Zamazenta|83/100
|-damage|p2a: Luceroi|63/100|[from] item: Rocky Helmet|[of] p1a: Zamazenta
|-enditem|p1a: Zamazenta|Rocky Helmet|[from] move: Knock Off|[of] p2a: Luceroi
|
|-heal|p2a: Luceroi|69/100|[from] item: Black Sludge
|upkeep
|turn|10
|
|t:|1769400568
|switch|p1a: Skarmory|Skarmory, F|74/100
|move|p2a: Luceroi|Drain Punch|p1a: Skarmory
|-damage|p1a: Skarmory|60/100
|-heal|p2a: Luceroi|75/100|[from] drain|[of] p1a: Skarmory
|
|-heal|p2a: Luceroi|81/100|[from] item: Black Sludge
|upkeep
|turn|11
|inactive|LaportaPotty has 120 seconds left.
|
|t:|1769400576
|move|p1a: Skarmory|Body Press|p2a: Luceroi
|-damage|p2a: Luceroi|45/100
|move|p2a: Luceroi|Taunt|p1a: Skarmory
|-start|p1a: Skarmory|move: Taunt
|
|-heal|p2a: Luceroi|51/100|[from] item: Black Sludge
|upkeep
|turn|12
|
|t:|1769400584
|switch|p2a: Migg|Cinderace, M|100/100
|move|p1a: Skarmory|Body Press|p2a: Migg
|-damage|p2a: Migg|54/100
|
|upkeep
|turn|13
|
|t:|1769400589
|move|p2a: Migg|Pyro Ball|p1a: Skarmory
|-supereffective|p1a: Skarmory
|-damage|p1a: Skarmory|0 fnt
|faint|p1a: Skarmory
|
|upkeep
|
|t:|1769400595
|switch|p1a: Great Tusk|Great Tusk|100/100
|-enditem|p1a: Great Tusk|Booster Energy
|-activate|p1a: Great Tusk|ability: Protosynthesis|[fromitem]
|-start|p1a: Great Tusk|protosynthesisspe
|turn|14
|
|t:|1769400616
|switch|p2a: Luceroi|Muk-Alola, M|51/100
|-damage|p2a: Luceroi|39/100|[from] Spikes
|move|p1a: Great Tusk|Head Smash|p2a: Luceroi
|-damage|p2a: Luceroi|0 fnt
|faint|p2a: Luceroi
|-damage|p1a: Great Tusk|82/100|[from] Recoil
|
|upkeep
|
|t:|1769400625
|switch|p2a: Greegno|Grimmsnarl, M|100/100
|-damage|p2a: Greegno|88/100|[from] Spikes
|turn|15
|
|t:|1769400631
|-end|p1a: Great Tusk|Protosynthesis|[silent]
|switch|p1a: Gholdengo|Gholdengo|100/100
|move|p2a: Greegno|Trick|p1a: Gholdengo
|-immune|p1a: Gholdengo|[from] ability: Good as Gold
|
|upkeep
|turn|16
|
|t:|1769400643
|switch|p2a: Vaporeon|Vaporeon, M, shiny|100/100
|-damage|p2a: Vaporeon|88/100|[from] Spikes
|move|p1a: Gholdengo|Dazzling Gleam|p2a: Vaporeon
|-damage|p2a: Vaporeon|71/100
|
|-heal|p2a: Vaporeon|77/100|[from] item: Leftovers
|upkeep
|turn|17
|
|t:|1769400653
|switch|p1a: Ogerpon|Ogerpon-Wellspring, F|100/100
|move|p2a: Vaporeon|Wish|p2a: Vaporeon
|
|-heal|p2a: Vaporeon|83/100|[from] item: Leftovers
|upkeep
|turn|18
|
|t:|1769400659
|switch|p2a: Sidra|Hydrapple, M, shiny, tera:Poison|50/100
|-damage|p2a: Sidra|38/100|[from] Spikes
|move|p1a: Ogerpon|Trailblaze|p2a: Sidra
|-resisted|p2a: Sidra
|-damage|p2a: Sidra|27/100
|-boost|p1a: Ogerpon|spe|1
|
|-heal|p2a: Sidra|92/100|[from] move: Wish|[wisher] Vaporeon
|upkeep
|turn|19
|
|t:|1769400669
|-terastallize|p1a: Ogerpon|Water
|detailschange|p1a: Ogerpon|Ogerpon-Wellspring-Tera, F, tera:Water
|-ability|p1a: Ogerpon|Embody Aspect (Wellspring)|boost
|-boost|p1a: Ogerpon|spd|1
|move|p1a: Ogerpon|Swords Dance|p1a: Ogerpon
|-boost|p1a: Ogerpon|atk|2
|move|p2a: Sidra|Giga Drain|p1a: Ogerpon
|-supereffective|p1a: Ogerpon
|-damage|p1a: Ogerpon|47/100
|-heal|p2a: Sidra|100/100|[from] drain|[of] p1a: Ogerpon
|
|upkeep
|turn|20
|
|t:|1769400679
|move|p1a: Ogerpon|Ivy Cudgel|p2a: Sidra|[anim] Ivy Cudgel Water
|-damage|p2a: Sidra|0 fnt
|faint|p2a: Sidra
|
|upkeep
|
|t:|1769400683
|switch|p2a: Migg|Cinderace, M|54/100
|turn|21
|
|t:|1769400687
|move|p1a: Ogerpon|Ivy Cudgel|p2a: Migg|[anim] Ivy Cudgel Water
|-supereffective|p2a: Migg
|-damage|p2a: Migg|0 fnt
|faint|p2a: Migg
|
|upkeep
|
|t:|1769400695
|switch|p2a: Greegno|Grimmsnarl, M|88/100
|-damage|p2a: Greegno|76/100|[from] Spikes
|turn|22
|
|t:|1769400705
|move|p2a: Greegno|Parting Shot|p1a: Ogerpon
|-unboost|p1a: Ogerpon|atk|1
|-unboost|p1a: Ogerpon|spa|1
|
|t:|1769400709
|switch|p2a: Vaporeon|Vaporeon, M, shiny|83/100|[from] Parting Shot
|-damage|p2a: Vaporeon|71/100|[from] Spikes
|move|p1a: Ogerpon|Trailblaze|p2a: Vaporeon
|-supereffective|p2a: Vaporeon
|-damage|p2a: Vaporeon|6/100
|-boost|p1a: Ogerpon|spe|1
|
|-heal|p2a: Vaporeon|12/100|[from] item: Leftovers
|upkeep
|turn|23
|-message|Don Birria forfeited.
|
|win|LaportaPotty
|raw|LaportaPotty's rating: 1357 &rarr; <strong>1373</strong><br />(+16 for winning)
|raw|Don Birria's rating: 1295 &rarr; <strong>1274</strong><br />(-21 for losing)
|l|☆Don Birria
|player|p2|
|l|☆LaportaPotty
|player|p1|
