|j|☆stickywebz
|j|☆jidbackinthecity
|t:|1769331034
|gametype|singles
|player|p1|stickywebz|266|1443
|player|p2|jidbackinthecity|giovanni|1423
|gen|9
|tier|[Gen 9] OU
|rated|
|rule|HP Percentage Mod: HP is shown in percentages
|rule|Endless Battle Clause: Forcing endless battles is banned
|rule|Species Clause: Limit one of each Pokémon
|rule|OHKO Clause: OHKO moves are banned
|rule|Evasion Items Clause: Evasion items are banned
|rule|Evasion Moves Clause: Evasion moves are banned
|rule|Evasion Abilities Clause: Evasion abilities are banned
|rule|Sleep Moves Clause: Sleep-inducing moves are banned
|clearpoke
|poke|p1|Landorus-Therian, M|
|poke|p1|Cinderace, F|
|poke|p1|Alomomola, F|
|poke|p1|Kyurem|
|poke|p1|Slowking-Galar, F|
|poke|p1|Frosmoth, M|
|poke|p2|Dragapult, F|
|poke|p2|Alomomola, F|
|poke|p2|Ting-Lu|
|poke|p2|Kyurem|
|poke|p2|Weezing-Galar, F|
|poke|p2|Corviknight, F|
|teampreview
|inactive|Battle timer is ON: inactive players will automatically lose when time's up. (requested by stickywebz)
|
|t:|1769331051
|teamsize|p1|6
|teamsize|p2|6
|start
|switch|p1a: Landorus|Landorus-Therian, M|100/100
|switch|p2a: Fogbound Lake|Alomomola, F|100/100
|-ability|p1a: Landorus|Intimidate|boost
|-unboost|p2a: Fogbound Lake|atk|1
|turn|1
|
|t:|1769331061
|move|p1a: Landorus|Sludge Bomb|p2a: Fogbound Lake
|-damage|p2a: Fogbound Lake|71/100
|move|p2a: Fogbound Lake|Flip Turn|p1a: Landorus
|-supereffective|p1a: Landorus
|-damage|p1a: Landorus|77/100
|
|t:|1769331069
|switch|p2a: Tiffany BlueStones|Kyurem, shiny|100/100|[from] Flip Turn
|-ability|p2a: Tiffany BlueStones|Pressure
|
|-heal|p1a: Landorus|83/100|[from] item: Leftovers
|upkeep
|turn|2
|
|t:|1769331077
|switch|p2a: Corviknight|Corviknight, F|100/100
|-ability|p2a: Corviknight|Pressure
|switch|p1a: Slowking|Slowking-Galar, F|100/100
|
|upkeep
|turn|3
|
|t:|1769331083
|move|p2a: Corviknight|U-turn|p1a: Slowking
|-crit|p1a: Slowking
|-damage|p1a: Slowking|79/100
|
|t:|1769331086
|switch|p2a: Ting-Lu|Ting-Lu|100/100|[from] U-turn
|-ability|p2a: Ting-Lu|Vessel of Ruin
|-prepare|p1a: Slowking|Chilly Reception|[premajor]
|move|p1a: Slowking|Chilly Reception|p1a: Slowking
|-weather|Snowscape
|
|t:|1769331095
|switch|p1a: Kyurem|Kyurem|100/100|[from] Chilly Reception
|-ability|p1a: Kyurem|Pressure
|
|-weather|Snowscape|[upkeep]
|upkeep
|turn|4
|
|t:|1769331104
|move|p1a: Kyurem|Blizzard|p2a: Ting-Lu
|-supereffective|p2a: Ting-Lu
|-damage|p2a: Ting-Lu|51/100
|move|p2a: Ting-Lu|Stealth Rock|p1a: Kyurem
|-sidestart|p1: stickywebz|move: Stealth Rock
|
|-weather|Snowscape|[upkeep]
|-heal|p2a: Ting-Lu|57/100|[from] item: Leftovers
|upkeep
|turn|5
|
|t:|1769331109
|move|p1a: Kyurem|Blizzard|p2a: Ting-Lu
|-supereffective|p2a: Ting-Lu
|-crit|p2a: Ting-Lu
|-damage|p2a: Ting-Lu|0 fnt
|faint|p2a: Ting-Lu
|
|-weather|Snowscape|[upkeep]
|upkeep
|c|☆jidbackinthecity|ok
|
|t:|1769331115
|switch|p2a: Corviknight|Corviknight, F|100/100
|-ability|p2a: Corviknight|Pressure
|turn|6
|c|☆jidbackinthecity|getting off a ruination wouldve been nice ig
|
|t:|1769331134
|switch|p1a: Alomomola|Alomomola, F|100/100
|-damage|p1a: Alomomola|88/100|[from] Stealth Rock
|move|p2a: Corviknight|Brave Bird|p1a: Alomomola
|-damage|p1a: Alomomola|68/100
|-damage|p2a: Corviknight|92/100|[from] Recoil
|
|-weather|Snowscape|[upkeep]
|-heal|p1a: Alomomola|75/100|[from] item: Leftovers
|-heal|p2a: Corviknight|98/100|[from] item: Leftovers
|upkeep
|turn|7
|
|t:|1769331145
|move|p1a: Alomomola|Flip Turn|p2a: Corviknight
|-damage|p2a: Corviknight|84/100
|
|t:|1769331153
|switch|p1a: Cinderace|Cinderace, F|100/100|[from] Flip Turn
|move|p2a: Corviknight|U-turn|p1a: Cinderace
|-resisted|p1a: Cinderace
|-damage|p1a: Cinderace|91/100
|
|t:|1769331157
|switch|p2a: Moody Blues|Dragapult, F|100/100|[from] U-turn
|
|-weather|Snowscape|[upkeep]
|upkeep
|turn|8
|
|t:|1769331168
|switch|p1a: Alomomola|Alomomola, F|100/100
|-damage|p1a: Alomomola|88/100|[from] Stealth Rock
|move|p2a: Moody Blues|Dragon Darts|p1a: Alomomola
|-damage|p1a: Alomomola|67/100
|-anim|p2a: Moody Blues|Dragon Darts|p1a: Alomomola
|-damage|p1a: Alomomola|45/100
|
|-weather|Snowscape|[upkeep]
|-heal|p1a: Alomomola|51/100|[from] item: Leftovers
|upkeep
|turn|9
|
|t:|1769331198
|switch|p2a: Fogbound Lake|Alomomola, F|100/100
|move|p1a: Alomomola|Protect||[still]
|-fail|p1a: Alomomola
|
|-weather|Snowscape|[upkeep]
|-heal|p1a: Alomomola|58/100|[from] item: Leftovers
|upkeep
|turn|10
|
|t:|1769331205
|move|p1a: Alomomola|Wish|p1a: Alomomola
|move|p2a: Fogbound Lake|Flip Turn|p1a: Alomomola
|-resisted|p1a: Alomomola
|-damage|p1a: Alomomola|53/100
|
|t:|1769331211
|switch|p2a: Tiffany BlueStones|Kyurem, shiny|100/100|[from] Flip Turn
|-ability|p2a: Tiffany BlueStones|Pressure
|
|-weather|none
|-heal|p1a: Alomomola|59/100|[from] item: Leftovers
|upkeep
|turn|11
|
|t:|1769331228
|switch|p1a: Cinderace|Cinderace, F|91/100
|move|p2a: Tiffany BlueStones|Substitute|p2a: Tiffany BlueStones
|-start|p2a: Tiffany BlueStones|Substitute
|-damage|p2a: Tiffany BlueStones|76/100
|
|-heal|p1a: Cinderace|100/100|[from] move: Wish|[wisher] Alomomola
|-heal|p2a: Tiffany BlueStones|82/100|[from] item: Leftovers
|upkeep
|turn|12
|
|t:|1769331236
|move|p1a: Cinderace|Court Change|p1a: Cinderace
|-start|p1a: Cinderace|typechange|Normal|[from] ability: Libero
|-swapsideconditions
|-activate|p1a: Cinderace|move: Court Change
|move|p2a: Tiffany BlueStones|Earth Power|p1a: Cinderace
|-damage|p1a: Cinderace|60/100
|
|-heal|p2a: Tiffany BlueStones|88/100|[from] item: Leftovers
|upkeep
|turn|13
|
|t:|1769331257
|switch|p1a: Slowking|Slowking-Galar, F|100/100
|move|p2a: Tiffany BlueStones|Freeze-Dry|p1a: Slowking
|-damage|p1a: Slowking|79/100
|-status|p1a: Slowking|frz
|
|-heal|p2a: Tiffany BlueStones|94/100|[from] item: Leftovers
|upkeep
|turn|14
|inactive|stickywebz has 120 seconds left.
|
|t:|1769331278
|move|p2a: Tiffany BlueStones|Earth Power|p1a: Slowking
|-supereffective|p1a: Slowking
|-damage|p1a: Slowking|42/100 frz
|cant|p1a: Slowking|frz
|
|-heal|p2a: Tiffany BlueStones|99/100|[from] item: Leftovers
|upkeep
|turn|15
|inactive|stickywebz has 120 seconds left.
|
|t:|1769331284
|switch|p1a: Alomomola|Alomomola, F|93/100
|move|p2a: Tiffany BlueStones|Freeze-Dry|p1a: Alomomola
|-supereffective|p1a: Alomomola
|-damage|p1a: Alomomola|11/100
|
|-heal|p2a: Tiffany BlueStones|100/100|[from] item: Leftovers
|-heal|p1a: Alomomola|17/100|[from] item: Leftovers
|upkeep
|turn|16
|
|t:|1769331295
|switch|p1a: Cinderace|Cinderace, F|60/100
|move|p2a: Tiffany BlueStones|Freeze-Dry|p1a: Cinderace
|-resisted|p1a: Cinderace
|-damage|p1a: Cinderace|36/100
|
|upkeep
|turn|17
|
|t:|1769331301
|move|p1a: Cinderace|Pyro Ball|p2a: Tiffany BlueStones
|-end|p2a: Tiffany BlueStones|Substitute
|move|p2a: Tiffany BlueStones|Earth Power|p1a: Cinderace
|-supereffective|p1a: Cinderace
|-damage|p1a: Cinderace|0 fnt
|faint|p1a: Cinderace
|
|upkeep
|
|t:|1769331311
|switch|p1a: Frosmoth|Frosmoth, M|100/100
|turn|18
|inactive|stickywebz has 120 seconds left.
|
|t:|1769331327
|switch|p2a: Corviknight|Corviknight, F|84/100
|-damage|p2a: Corviknight|71/100|[from] Stealth Rock
|-ability|p2a: Corviknight|Pressure
|move|p1a: Frosmoth|Ice Beam|p2a: Corviknight
|-damage|p2a: Corviknight|39/100
|
|-heal|p2a: Corviknight|45/100|[from] item: Leftovers
|upkeep
|turn|19
|inactive|stickywebz has 120 seconds left.
|
|t:|1769331345
|switch|p1a: Alomomola|Alomomola, F|50/100
|move|p2a: Corviknight|Roost|p2a: Corviknight
|-heal|p2a: Corviknight|95/100
|-singleturn|p2a: Corviknight|move: Roost
|
|-heal|p1a: Alomomola|56/100|[from] item: Leftovers
|-heal|p2a: Corviknight|100/100|[from] item: Leftovers
|upkeep
|turn|20
|inactive|stickywebz has 120 seconds left.
|
|t:|1769331352
|move|p1a: Alomomola|Scald|p2a: Corviknight
|-damage|p2a: Corviknight|91/100
|move|p2a: Corviknight|U-turn|p1a: Alomomola
|-damage|p1a: Alomomola|48/100
|
|t:|1769331360
|switch|p2a: Tiffany BlueStones|Kyurem, shiny|100/100|[from] U-turn
|-damage|p2a: Tiffany BlueStones|76/100|[from] Stealth Rock
|-ability|p2a: Tiffany BlueStones|Pressure
|
|-heal|p2a: Tiffany BlueStones|82/100|[from] item: Leftovers
|-heal|p1a: Alomomola|55/100|[from] item: Leftovers
|upkeep
|turn|21
|
|t:|1769331367
|move|p2a: Tiffany BlueStones|Substitute|p2a: Tiffany BlueStones
|-start|p2a: Tiffany BlueStones|Substitute
|-damage|p2a: Tiffany BlueStones|57/100
|move|p1a: Alomomola|Flip Turn|p2a: Tiffany BlueStones
|-resisted|p2a: Tiffany BlueStones
|-activate|p2a: Tiffany BlueStones|move: Substitute|[damage]
|
|t:|1769331370
|switch|p1a: Frosmoth|Frosmoth, M|100/100|[from] Flip Turn
|
|-heal|p2a: Tiffany BlueStones|63/100|[from] item: Leftovers
|upkeep
|turn|22
|
|t:|1769331377
|move|p2a: Tiffany BlueStones|Flash Cannon|p1a: Frosmoth
|-supereffective|p1a: Frosmoth
|-damage|p1a: Frosmoth|62/100
|move|p1a: Frosmoth|Quiver Dance|p1a: Frosmoth
|-boost|p1a: Frosmoth|spa|1
|-boost|p1a: Frosmoth|spd|1
|-boost|p1a: Frosmoth|spe|1
|
|-heal|p2a: Tiffany BlueStones|69/100|[from] item: Leftovers
|upkeep
|turn|23
|
|t:|1769331382
|move|p1a: Frosmoth|Bug Buzz|p2a: Tiffany BlueStones
|-damage|p2a: Tiffany BlueStones|0 fnt
|faint|p2a: Tiffany BlueStones
|
|upkeep
|
|t:|1769331385
|switch|p2a: Corviknight|Corviknight, F|91/100
|-damage|p2a: Corviknight|79/100|[from] Stealth Rock
|-ability|p2a: Corviknight|Pressure
|turn|24
|
|t:|1769331400
|switch|p1a: Alomomola|Alomomola, F|88/100
|move|p2a: Corviknight|Brave Bird|p1a: Alomomola
|-damage|p1a: Alomomola|69/100
|-damage|p2a: Corviknight|70/100|[from] Recoil
|
|-heal|p1a: Alomomola|75/100|[from] item: Leftovers
|-heal|p2a: Corviknight|77/100|[from] item: Leftovers
|upkeep
|turn|25
|
|t:|1769331409
|move|p1a: Alomomola|Wish|p1a: Alomomola
|move|p2a: Corviknight|Defog|p1a: Alomomola
|-unboost|p1a: Alomomola|evasion|1
|-sideend|p2: jidbackinthecity|Stealth Rock|[from] move: Defog|[of] p2a: Corviknight
|
|-heal|p1a: Alomomola|81/100|[from] item: Leftovers
|-heal|p2a: Corviknight|83/100|[from] item: Leftovers
|upkeep
|turn|26
|
|t:|1769331418
|move|p1a: Alomomola|Scald|p2a: Corviknight
|-damage|p2a: Corviknight|74/100
|move|p2a: Corviknight|U-turn|p1a: Alomomola
|-damage|p1a: Alomomola|73/100
|
|t:|1769331422
|switch|p2a: Fogbound Lake|Alomomola, F|100/100|[from] U-turn
|
|-heal|p1a: Alomomola|100/100|[from] move: Wish|[wisher] Alomomola
|upkeep
|turn|27
|
|t:|1769331430
|move|p1a: Alomomola|Scald|p2a: Fogbound Lake
|-resisted|p2a: Fogbound Lake
|-damage|p2a: Fogbound Lake|92/100
|move|p2a: Fogbound Lake|Tickle|p1a: Alomomola
|-unboost|p1a: Alomomola|atk|1
|-unboost|p1a: Alomomola|def|1
|
|upkeep
|turn|28
|
|t:|1769331441
|move|p1a: Alomomola|Flip Turn|p2a: Fogbound Lake
|-resisted|p2a: Fogbound Lake
|-damage|p2a: Fogbound Lake|89/100
|-damage|p1a: Alomomola|84/100|[from] item: Rocky Helmet|[of] p2a: Fogbound Lake
|
|t:|1769331445
|switch|p1a: Kyurem|Kyurem|100/100|[from] Flip Turn
|-ability|p1a: Kyurem|Pressure
|move|p2a: Fogbound Lake|Flip Turn|p1a: Kyurem
|-resisted|p1a: Kyurem
|-damage|p1a: Kyurem|93/100
|
|t:|1769331453
|switch|p2a: Corviknight|Corviknight, F|74/100|[from] Flip Turn
|-ability|p2a: Corviknight|Pressure
|
|-heal|p2a: Corviknight|80/100|[from] item: Leftovers
|upkeep
|turn|29
|
|t:|1769331460
|switch|p1a: Alomomola|Alomomola, F|100/100
|move|p2a: Corviknight|Brave Bird|p1a: Alomomola
|-damage|p1a: Alomomola|80/100
|-damage|p2a: Corviknight|71/100|[from] Recoil
|
|-heal|p1a: Alomomola|86/100|[from] item: Leftovers
|-heal|p2a: Corviknight|77/100|[from] item: Leftovers
|upkeep
|turn|30
|
|t:|1769331473
|switch|p2a: Fogbound Lake|Alomomola, F|100/100
|move|p1a: Alomomola|Scald|p2a: Fogbound Lake
|-resisted|p2a: Fogbound Lake
|-damage|p2a: Fogbound Lake|93/100
|
|-heal|p1a: Alomomola|93/100|[from] item: Leftovers
|upkeep
|turn|31
|
|t:|1769331481
|move|p1a: Alomomola|Scald|p2a: Fogbound Lake
|-resisted|p2a: Fogbound Lake
|-damage|p2a: Fogbound Lake|85/100
|move|p2a: Fogbound Lake|Flip Turn|p1a: Alomomola
|-resisted|p1a: Alomomola
|-damage|p1a: Alomomola|88/100
|
|t:|1769331485
|switch|p2a: Corviknight|Corviknight, F|77/100|[from] Flip Turn
|-ability|p2a: Corviknight|Pressure
|
|-heal|p1a: Alomomola|94/100|[from] item: Leftovers
|-heal|p2a: Corviknight|83/100|[from] item: Leftovers
|upkeep
|turn|32
|
|t:|1769331491
|switch|p2a: Fogbound Lake|Alomomola, F|100/100
|move|p1a: Alomomola|Scald|p2a: Fogbound Lake
|-resisted|p2a: Fogbound Lake
|-damage|p2a: Fogbound Lake|92/100
|-status|p2a: Fogbound Lake|brn
|
|-heal|p1a: Alomomola|99/100|[from] item: Leftovers
|-damage|p2a: Fogbound Lake|86/100 brn|[from] brn
|upkeep
|turn|33
|
|t:|1769331501
|move|p1a: Alomomola|Wish|p1a: Alomomola
|move|p2a: Fogbound Lake|Tickle|p1a: Alomomola
|-unboost|p1a: Alomomola|atk|1
|-unboost|p1a: Alomomola|def|1
|
|-heal|p1a: Alomomola|100/100|[from] item: Leftovers
|-damage|p2a: Fogbound Lake|80/100 brn|[from] brn
|upkeep
|turn|34
|
|t:|1769331511
|move|p1a: Alomomola|Flip Turn|p2a: Fogbound Lake
|-resisted|p2a: Fogbound Lake
|-crit|p2a: Fogbound Lake
|-damage|p2a: Fogbound Lake|73/100 brn
|-damage|p1a: Alomomola|84/100|[from] item: Rocky Helmet|[of] p2a: Fogbound Lake
|
|t:|1769331514
|switch|p1a: Frosmoth|Frosmoth, M|62/100|[from] Flip Turn
|move|p2a: Fogbound Lake|Flip Turn|p1a: Frosmoth
|-damage|p1a: Frosmoth|47/100
|
|t:|1769331517
|switch|p2a: Moody Blues|Dragapult, F|100/100|[from] Flip Turn
|
|-heal|p1a: Frosmoth|100/100|[from] move: Wish|[wisher] Alomomola
|upkeep
|turn|35
|
|t:|1769331525
|switch|p1a: Alomomola|Alomomola, F|100/100
|-terastallize|p2a: Moody Blues|Ghost
|move|p2a: Moody Blues|Tera Blast|p1a: Alomomola|[anim] Tera Blast Ghost
|-damage|p1a: Alomomola|60/100
|
|-heal|p1a: Alomomola|66/100|[from] item: Leftovers
|upkeep
|turn|36
|
|t:|1769331545
|switch|p2a: Fogbound Lake|Alomomola, F|100/100 brn
|move|p1a: Alomomola|Flip Turn|p2a: Fogbound Lake
|-resisted|p2a: Fogbound Lake
|-damage|p2a: Fogbound Lake|97/100 brn
|-damage|p1a: Alomomola|50/100|[from] item: Rocky Helmet|[of] p2a: Fogbound Lake
|
|t:|1769331554
|switch|p1a: Kyurem|Kyurem|93/100|[from] Flip Turn
|-ability|p1a: Kyurem|Pressure
|
|-damage|p2a: Fogbound Lake|90/100 brn|[from] brn
|upkeep
|turn|37
|
|t:|1769331561
|switch|p2a: Corviknight|Corviknight, F|83/100
|-ability|p2a: Corviknight|Pressure
|move|p1a: Kyurem|Freeze-Dry|p2a: Corviknight
|-damage|p2a: Corviknight|57/100
|
|-heal|p2a: Corviknight|63/100|[from] item: Leftovers
|upkeep
|turn|38
|
|t:|1769331584
|switch|p1a: Slowking|Slowking-Galar, F|76/100 frz
|move|p2a: Corviknight|U-turn|p1a: Slowking
|-damage|p1a: Slowking|60/100 frz
|
|t:|1769331586
|switch|p2a: Moody Blues|Dragapult, F, tera:Ghost|100/100|[from] U-turn
|
|upkeep
|turn|39
|inactive|jidbackinthecity has 120 seconds left.
|
|t:|1769331619
|switch|p1a: Alomomola|Alomomola, F|83/100
|move|p2a: Moody Blues|Tera Blast|p1a: Alomomola|[anim] Tera Blast Ghost
|-damage|p1a: Alomomola|37/100
|
|-heal|p1a: Alomomola|43/100|[from] item: Leftovers
|upkeep
|turn|40
|
|t:|1769331627
|move|p1a: Alomomola|Protect|p1a: Alomomola
|-singleturn|p1a: Alomomola|Protect
|move|p2a: Moody Blues|Tera Blast|p1a: Alomomola|[anim] Tera Blast Ghost
|-activate|p1a: Alomomola|move: Protect
|
|-heal|p1a: Alomomola|50/100|[from] item: Leftovers
|upkeep
|turn|41
|
|t:|1769331638
|switch|p2a: Fogbound Lake|Alomomola, F|100/100 brn
|move|p1a: Alomomola|Flip Turn|p2a: Fogbound Lake
|-resisted|p2a: Fogbound Lake
|-damage|p2a: Fogbound Lake|96/100 brn
|-damage|p1a: Alomomola|33/100|[from] item: Rocky Helmet|[of] p2a: Fogbound Lake
|
|t:|1769331656
|switch|p1a: Slowking|Slowking-Galar, F|93/100 frz|[from] Flip Turn
|
|-damage|p2a: Fogbound Lake|90/100 brn|[from] brn
|upkeep
|turn|42
|
|t:|1769331661
|move|p2a: Fogbound Lake|Flip Turn|p1a: Slowking
|-damage|p1a: Slowking|85/100 frz
|
|t:|1769331663
|switch|p2a: Moody Blues|Dragapult, F, tera:Ghost|100/100|[from] Flip Turn
|-prepare|p1a: Slowking|Chilly Reception|[premajor]
|cant|p1a: Slowking|frz
|
|upkeep
|turn|43
|
|t:|1769331683
|move|p2a: Moody Blues|Tera Blast|p1a: Slowking|[anim] Tera Blast Ghost
|-supereffective|p1a: Slowking
|-damage|p1a: Slowking|0 fnt
|faint|p1a: Slowking
|
|upkeep
|
|t:|1769331689
|switch|p1a: Alomomola|Alomomola, F|66/100
|turn|44
|
|t:|1769331695
|switch|p2a: Fogbound Lake|Alomomola, F|100/100 brn
|move|p1a: Alomomola|Flip Turn|p2a: Fogbound Lake
|-resisted|p2a: Fogbound Lake
|-damage|p2a: Fogbound Lake|96/100 brn
|-damage|p1a: Alomomola|50/100|[from] item: Rocky Helmet|[of] p2a: Fogbound Lake
|
|t:|1769331706
|switch|p1a: Frosmoth|Frosmoth, M|100/100|[from] Flip Turn
|
|-damage|p2a: Fogbound Lake|90/100 brn|[from] brn
|upkeep
|turn|45
|
|t:|1769331714
|move|p1a: Frosmoth|Ice Beam|p2a: Fogbound Lake
|-resisted|p2a: Fogbound Lake
|-damage|p2a: Fogbound Lake|59/100 brn
|move|p2a: Fogbound Lake|Flip Turn|p1a: Frosmoth
|-crit|p1a: Frosmoth
|-damage|p1a: Frosmoth|79/100
|
|t:|1769331717
|switch|p2a: Moody Blues|Dragapult, F, tera:Ghost|100/100|[from] Flip Turn
|
|upkeep
|turn|46
|
|t:|1769331723
|switch|p1a: Alomomola|Alomomola, F|83/100
|move|p2a: Moody Blues|Will-O-Wisp|p1a: Alomomola
|-status|p1a: Alomomola|brn
|
|-heal|p1a: Alomomola|89/100 brn|[from] item: Leftovers
|-damage|p1a: Alomomola|83/100 brn|[from] brn
|upkeep
|turn|47
|
|t:|1769331732
|switch|p2a: Fogbound Lake|Alomomola, F|93/100 brn
|move|p1a: Alomomola|Flip Turn|p2a: Fogbound Lake
|-resisted|p2a: Fogbound Lake
|-damage|p2a: Fogbound Lake|90/100 brn
|-damage|p1a: Alomomola|66/100 brn|[from] item: Rocky Helmet|[of] p2a: Fogbound Lake
|
|t:|1769331737
|switch|p1a: Frosmoth|Frosmoth, M|79/100|[from] Flip Turn
|
|-damage|p2a: Fogbound Lake|84/100 brn|[from] brn
|upkeep
|turn|48
|
|t:|1769331740
|move|p1a: Frosmoth|Bug Buzz|p2a: Fogbound Lake
|-damage|p2a: Fogbound Lake|22/100 brn
|move|p2a: Fogbound Lake|Flip Turn|p1a: Frosmoth
|-damage|p1a: Frosmoth|64/100
|
|t:|1769331743
|switch|p2a: Moody Blues|Dragapult, F, tera:Ghost|100/100|[from] Flip Turn
|
|upkeep
|turn|49
|
|t:|1769331748
|switch|p1a: Alomomola|Alomomola, F|99/100 brn
|move|p2a: Moody Blues|Tera Blast|p1a: Alomomola|[anim] Tera Blast Ghost
|-damage|p1a: Alomomola|59/100 brn
|
|-heal|p1a: Alomomola|65/100 brn|[from] item: Leftovers
|-damage|p1a: Alomomola|59/100 brn|[from] brn
|upkeep
|turn|50
|
|t:|1769331755
|switch|p2a: Fogbound Lake|Alomomola, F|55/100 brn
|move|p1a: Alomomola|Flip Turn|p2a: Fogbound Lake
|-resisted|p2a: Fogbound Lake
|-damage|p2a: Fogbound Lake|53/100 brn
|-damage|p1a: Alomomola|42/100 brn|[from] item: Rocky Helmet|[of] p2a: Fogbound Lake
|
|t:|1769331763
|switch|p1a: Frosmoth|Frosmoth, M|64/100|[from] Flip Turn
|
|-damage|p2a: Fogbound Lake|47/100 brn|[from] brn
|upkeep
|turn|51
|
|t:|1769331775
|switch|p2a: Weezing|Weezing-Galar, F|100/100
|-ability|p2a: Weezing|Neutralizing Gas
|move|p1a: Frosmoth|Ice Beam|p2a: Weezing
|-damage|p2a: Weezing|27/100
|
|-heal|p2a: Weezing|33/100|[from] item: Leftovers
|upkeep
|turn|52
|
|t:|1769331782
|move|p1a: Frosmoth|Ice Beam|p2a: Weezing
|-damage|p2a: Weezing|0 fnt
|faint|p2a: Weezing
|-end|p2a: Weezing|ability: Neutralizing Gas
|
|upkeep
|
|t:|1769331784
|switch|p2a: Moody Blues|Dragapult, F, tera:Ghost|100/100
|turn|53
|
|t:|1769331799
|switch|p1a: Landorus|Landorus-Therian, M|83/100
|-ability|p1a: Landorus|Intimidate|boost
|-unboost|p2a: Moody Blues|atk|1
|move|p2a: Moody Blues|Tera Blast|p1a: Landorus|[anim] Tera Blast Ghost
|-damage|p1a: Landorus|20/100
|
|-heal|p1a: Landorus|26/100|[from] item: Leftovers
|upkeep
|turn|54
|
|t:|1769331808
|switch|p2a: Fogbound Lake|Alomomola, F|80/100 brn
|move|p1a: Landorus|U-turn|p2a: Fogbound Lake
|-damage|p2a: Fogbound Lake|68/100 brn
|-damage|p1a: Landorus|9/100|[from] item: Rocky Helmet|[of] p2a: Fogbound Lake
|
|t:|1769331834
|switch|p1a: Kyurem|Kyurem|93/100|[from] U-turn
|-ability|p1a: Kyurem|Pressure
|
|-damage|p2a: Fogbound Lake|62/100 brn|[from] brn
|upkeep
|turn|55
|
|t:|1769331837
|switch|p2a: Corviknight|Corviknight, F|63/100
|-ability|p2a: Corviknight|Pressure
|move|p1a: Kyurem|Freeze-Dry|p2a: Corviknight
|-damage|p2a: Corviknight|36/100
|
|-heal|p2a: Corviknight|43/100|[from] item: Leftovers
|upkeep
|turn|56
|
|t:|1769331850
|move|p1a: Kyurem|Blizzard|p2a: Corviknight
|-damage|p2a: Corviknight|4/100
|move|p2a: Corviknight|Roost|p2a: Corviknight
|-heal|p2a: Corviknight|54/100
|-singleturn|p2a: Corviknight|move: Roost
|
|-heal|p2a: Corviknight|60/100|[from] item: Leftovers
|upkeep
|turn|57
|
|t:|1769331857
|switch|p1a: Alomomola|Alomomola, F|76/100 brn
|move|p2a: Corviknight|Roost|p2a: Corviknight
|-heal|p2a: Corviknight|100/100
|-singleturn|p2a: Corviknight|move: Roost
|
|-heal|p1a: Alomomola|82/100 brn|[from] item: Leftovers
|-damage|p1a: Alomomola|76/100 brn|[from] brn
|upkeep
|turn|58
|
|t:|1769331865
|switch|p2a: Fogbound Lake|Alomomola, F|96/100 brn
|move|p1a: Alomomola|Wish|p1a: Alomomola
|
|-heal|p1a: Alomomola|82/100 brn|[from] item: Leftovers
|-damage|p1a: Alomomola|76/100 brn|[from] brn
|-damage|p2a: Fogbound Lake|89/100 brn|[from] brn
|upkeep
|turn|59
|
|t:|1769331888
|switch|p1a: Frosmoth|Frosmoth, M|64/100
|move|p2a: Fogbound Lake|Flip Turn|p1a: Frosmoth
|-damage|p1a: Frosmoth|49/100
|
|t:|1769331891
|switch|p2a: Moody Blues|Dragapult, F, tera:Ghost|100/100|[from] Flip Turn
|
|-heal|p1a: Frosmoth|100/100|[from] move: Wish|[wisher] Alomomola
|upkeep
|turn|60
|
|t:|1769331897
|switch|p1a: Landorus|Landorus-Therian, M|9/100
|-ability|p1a: Landorus|Intimidate|boost
|-unboost|p2a: Moody Blues|atk|1
|move|p2a: Moody Blues|Tera Blast|p1a: Landorus|[anim] Tera Blast Ghost
|-damage|p1a: Landorus|0 fnt
|faint|p1a: Landorus
|
|upkeep
|inactive|stickywebz has 120 seconds left.
|
|t:|1769331930
|switch|p1a: Alomomola|Alomomola, F|100/100 brn
|turn|61
|inactive|stickywebz has 120 seconds left.
|
|t:|1769331943
|switch|p2a: Fogbound Lake|Alomomola, F|100/100 brn
|move|p1a: Alomomola|Flip Turn|p2a: Fogbound Lake
|-resisted|p2a: Fogbound Lake
|-damage|p2a: Fogbound Lake|98/100 brn
|-damage|p1a: Alomomola|84/100 brn|[from] item: Rocky Helmet|[of] p2a: Fogbound Lake
|inactive|stickywebz has 120 seconds left.
|
|t:|1769331963
|switch|p1a: Frosmoth|Frosmoth, M|100/100|[from] Flip Turn
|
|-damage|p2a: Fogbound Lake|92/100 brn|[from] brn
|upkeep
|turn|62
|
|t:|1769331976
|move|p1a: Frosmoth|Ice Beam|p2a: Fogbound Lake
|-resisted|p2a: Fogbound Lake
|-damage|p2a: Fogbound Lake|62/100 brn
|move|p2a: Fogbound Lake|Flip Turn|p1a: Frosmoth
|-damage|p1a: Frosmoth|86/100
|
|t:|1769331978
|switch|p2a: Moody Blues|Dragapult, F, tera:Ghost|100/100|[from] Flip Turn
|
|upkeep
|turn|63
|inactive|stickywebz has 120 seconds left.
|
|t:|1769331986
|switch|p1a: Alomomola|Alomomola, F|100/100 brn
|move|p2a: Moody Blues|Tera Blast|p1a: Alomomola|[anim] Tera Blast Ghost
|-damage|p1a: Alomomola|62/100 brn
|
|-heal|p1a: Alomomola|68/100 brn|[from] item: Leftovers
|-damage|p1a: Alomomola|62/100 brn|[from] brn
|upkeep
|turn|64
|inactive|stickywebz has 120 seconds left.
|
|t:|1769332001
|switch|p2a: Fogbound Lake|Alomomola, F|95/100 brn
|move|p1a: Alomomola|Flip Turn|p2a: Fogbound Lake
|-resisted|p2a: Fogbound Lake
|-damage|p2a: Fogbound Lake|93/100 brn
|-damage|p1a: Alomomola|45/100 brn|[from] item: Rocky Helmet|[of] p2a: Fogbound Lake
|
|t:|1769332009
|switch|p1a: Frosmoth|Frosmoth, M|86/100|[from] Flip Turn
|
|-damage|p2a: Fogbound Lake|87/100 brn|[from] brn
|upkeep
|turn|65
|inactive|stickywebz has 120 seconds left.
|
|t:|1769332015
|switch|p1a: Alomomola|Alomomola, F|79/100 brn
|switch|p2a: Corviknight|Corviknight, F|100/100
|-ability|p2a: Corviknight|Pressure
|
|-heal|p1a: Alomomola|85/100 brn|[from] item: Leftovers
|-damage|p1a: Alomomola|79/100 brn|[from] brn
|upkeep
|turn|66
|
|t:|1769332025
|switch|p2a: Fogbound Lake|Alomomola, F|100/100 brn
|move|p1a: Alomomola|Flip Turn|p2a: Fogbound Lake
|-resisted|p2a: Fogbound Lake
|-damage|p2a: Fogbound Lake|99/100 brn
|-damage|p1a: Alomomola|62/100 brn|[from] item: Rocky Helmet|[of] p2a: Fogbound Lake
|
|t:|1769332031
|switch|p1a: Frosmoth|Frosmoth, M|86/100|[from] Flip Turn
|
|-damage|p2a: Fogbound Lake|92/100 brn|[from] brn
|upkeep
|turn|67
|
|t:|1769332033
|move|p1a: Frosmoth|Bug Buzz|p2a: Fogbound Lake
|-damage|p2a: Fogbound Lake|31/100 brn
|move|p2a: Fogbound Lake|Flip Turn|p1a: Frosmoth
|-damage|p1a: Frosmoth|72/100
|
|t:|1769332036
|switch|p2a: Moody Blues|Dragapult, F, tera:Ghost|100/100|[from] Flip Turn
|
|upkeep
|turn|68
|
|t:|1769332040
|switch|p1a: Alomomola|Alomomola, F|95/100 brn
|move|p2a: Moody Blues|Dragon Darts|p1a: Alomomola
|-damage|p1a: Alomomola|74/100 brn
|-anim|p2a: Moody Blues|Dragon Darts|p1a: Alomomola
|-damage|p1a: Alomomola|53/100 brn
|
|-heal|p1a: Alomomola|60/100 brn|[from] item: Leftovers
|-damage|p1a: Alomomola|53/100 brn|[from] brn
|upkeep
|turn|69
|
|t:|1769332053
|move|p2a: Moody Blues|Dragon Darts|p1a: Alomomola
|-crit|p1a: Alomomola
|-damage|p1a: Alomomola|22/100 brn
|-anim|p2a: Moody Blues|Dragon Darts|p1a: Alomomola
|-damage|p1a: Alomomola|1/100 brn
|move|p1a: Alomomola|Wish|p1a: Alomomola
|
|-heal|p1a: Alomomola|7/100 brn|[from] item: Leftovers
|-damage|p1a: Alomomola|1/100 brn|[from] brn
|upkeep
|turn|70
|
|t:|1769332061
|move|p1a: Alomomola|Protect|p1a: Alomomola
|-singleturn|p1a: Alomomola|Protect
|move|p2a: Moody Blues|Dragon Darts|p1a: Alomomola
|-activate|p1a: Alomomola|move: Protect
|
|-heal|p1a: Alomomola|51/100 brn|[from] move: Wish|[wisher] Alomomola
|-heal|p1a: Alomomola|57/100 brn|[from] item: Leftovers
|-damage|p1a: Alomomola|51/100 brn|[from] brn
|upkeep
|turn|71
|
|t:|1769332080
|switch|p2a: Fogbound Lake|Alomomola, F|64/100 brn
|move|p1a: Alomomola|Wish|p1a: Alomomola
|
|-heal|p1a: Alomomola|57/100 brn|[from] item: Leftovers
|-damage|p1a: Alomomola|51/100 brn|[from] brn
|-damage|p2a: Fogbound Lake|58/100 brn|[from] brn
|upkeep
|turn|72
|
|t:|1769332091
|move|p1a: Alomomola|Protect|p1a: Alomomola
|-singleturn|p1a: Alomomola|Protect
|move|p2a: Fogbound Lake|Tickle|p1a: Alomomola
|-activate|p1a: Alomomola|move: Protect
|
|-heal|p1a: Alomomola|100/100 brn|[from] move: Wish|[wisher] Alomomola
|-damage|p1a: Alomomola|94/100 brn|[from] brn
|-damage|p2a: Fogbound Lake|52/100 brn|[from] brn
|upkeep
|turn|73
|
|t:|1769332109
|move|p1a: Alomomola|Scald|p2a: Fogbound Lake
|-resisted|p2a: Fogbound Lake
|-damage|p2a: Fogbound Lake|44/100 brn
|move|p2a: Fogbound Lake|Flip Turn|p1a: Alomomola
|-resisted|p1a: Alomomola
|-damage|p1a: Alomomola|92/100 brn
|
|t:|1769332112
|switch|p2a: Moody Blues|Dragapult, F, tera:Ghost|100/100|[from] Flip Turn
|
|-heal|p1a: Alomomola|98/100 brn|[from] item: Leftovers
|-damage|p1a: Alomomola|92/100 brn|[from] brn
|upkeep
|turn|74
|
|t:|1769332121
|move|p2a: Moody Blues|U-turn|p1a: Alomomola
|-damage|p1a: Alomomola|74/100 brn
|
|t:|1769332122
|switch|p2a: Fogbound Lake|Alomomola, F|78/100 brn|[from] U-turn
|move|p1a: Alomomola|Scald|p2a: Fogbound Lake
|-resisted|p2a: Fogbound Lake
|-damage|p2a: Fogbound Lake|70/100 brn
|
|-heal|p1a: Alomomola|80/100 brn|[from] item: Leftovers
|-damage|p1a: Alomomola|74/100 brn|[from] brn
|-damage|p2a: Fogbound Lake|64/100 brn|[from] brn
|upkeep
|turn|75
|
|t:|1769332132
|move|p1a: Alomomola|Flip Turn|p2a: Fogbound Lake
|-resisted|p2a: Fogbound Lake
|-damage|p2a: Fogbound Lake|62/100 brn
|-damage|p1a: Alomomola|57/100 brn|[from] item: Rocky Helmet|[of] p2a: Fogbound Lake
|
|t:|1769332138
|switch|p1a: Kyurem|Kyurem|93/100|[from] Flip Turn
|-ability|p1a: Kyurem|Pressure
|move|p2a: Fogbound Lake|Tickle|p1a: Kyurem
|-unboost|p1a: Kyurem|atk|1
|-unboost|p1a: Kyurem|def|1
|
|-damage|p2a: Fogbound Lake|55/100 brn|[from] brn
|upkeep
|turn|76
|
|t:|1769332148
|switch|p2a: Corviknight|Corviknight, F|100/100
|-ability|p2a: Corviknight|Pressure
|move|p1a: Kyurem|Blizzard|p2a: Corviknight
|-damage|p2a: Corviknight|63/100
|
|-heal|p2a: Corviknight|70/100|[from] item: Leftovers
|upkeep
|turn|77
|
|t:|1769332168
|switch|p1a: Alomomola|Alomomola, F|91/100 brn
|move|p2a: Corviknight|Roost|p2a: Corviknight
|-heal|p2a: Corviknight|100/100
|-singleturn|p2a: Corviknight|move: Roost
|
|-heal|p1a: Alomomola|97/100 brn|[from] item: Leftovers
|-damage|p1a: Alomomola|91/100 brn|[from] brn
|upkeep
|turn|78
|
|t:|1769332182
|switch|p2a: Fogbound Lake|Alomomola, F|89/100 brn
|move|p1a: Alomomola|Wish|p1a: Alomomola
|
|-heal|p1a: Alomomola|97/100 brn|[from] item: Leftovers
|-damage|p1a: Alomomola|91/100 brn|[from] brn
|-damage|p2a: Fogbound Lake|83/100 brn|[from] brn
|upkeep
|turn|79
|
|t:|1769332193
|switch|p1a: Frosmoth|Frosmoth, M|72/100
|move|p2a: Fogbound Lake|Flip Turn|p1a: Frosmoth
|-damage|p1a: Frosmoth|55/100
|
|t:|1769332195
|switch|p2a: Moody Blues|Dragapult, F, tera:Ghost|100/100|[from] Flip Turn
|
|-heal|p1a: Frosmoth|100/100|[from] move: Wish|[wisher] Alomomola
|upkeep
|turn|80
|
|t:|1769332203
|switch|p1a: Alomomola|Alomomola, F|100/100 brn
|move|p2a: Moody Blues|Tera Blast|p1a: Alomomola|[anim] Tera Blast Ghost
|-damage|p1a: Alomomola|61/100 brn
|
|-heal|p1a: Alomomola|67/100 brn|[from] item: Leftovers
|-damage|p1a: Alomomola|61/100 brn|[from] brn
|upkeep
|turn|81
|
|t:|1769332214
|switch|p2a: Fogbound Lake|Alomomola, F|100/100 brn
|move|p1a: Alomomola|Wish|p1a: Alomomola
|
|-heal|p1a: Alomomola|67/100 brn|[from] item: Leftovers
|-damage|p1a: Alomomola|61/100 brn|[from] brn
|-damage|p2a: Fogbound Lake|94/100 brn|[from] brn
|upkeep
|turn|82
|
|t:|1769332227
|move|p1a: Alomomola|Protect|p1a: Alomomola
|-singleturn|p1a: Alomomola|Protect
|move|p2a: Fogbound Lake|Tickle|p1a: Alomomola
|-activate|p1a: Alomomola|move: Protect
|
|-heal|p1a: Alomomola|100/100 brn|[from] move: Wish|[wisher] Alomomola
|-damage|p1a: Alomomola|94/100 brn|[from] brn
|-damage|p2a: Fogbound Lake|88/100 brn|[from] brn
|upkeep
|turn|83
|
|t:|1769332229
|move|p1a: Alomomola|Flip Turn|p2a: Fogbound Lake
|-resisted|p2a: Fogbound Lake
|-damage|p2a: Fogbound Lake|86/100 brn
|-damage|p1a: Alomomola|78/100 brn|[from] item: Rocky Helmet|[of] p2a: Fogbound Lake
|
|t:|1769332237
|switch|p1a: Kyurem|Kyurem|93/100|[from] Flip Turn
|-ability|p1a: Kyurem|Pressure
|move|p2a: Fogbound Lake|Tickle|p1a: Kyurem
|-unboost|p1a: Kyurem|atk|1
|-unboost|p1a: Kyurem|def|1
|
|-damage|p2a: Fogbound Lake|80/100 brn|[from] brn
|upkeep
|turn|84
|
|t:|1769332251
|switch|p2a: Corviknight|Corviknight, F|100/100
|-ability|p2a: Corviknight|Pressure
|move|p1a: Kyurem|Blizzard|p2a: Corviknight
|-damage|p2a: Corviknight|58/100
|
|-heal|p2a: Corviknight|64/100|[from] item: Leftovers
|upkeep
|turn|85
|
|t:|1769332262
|move|p1a: Kyurem|Freeze-Dry|p2a: Corviknight
|-damage|p2a: Corviknight|37/100
|move|p2a: Corviknight|Roost|p2a: Corviknight
|-heal|p2a: Corviknight|87/100
|-singleturn|p2a: Corviknight|move: Roost
|
|-heal|p2a: Corviknight|93/100|[from] item: Leftovers
|upkeep
|turn|86
|
|t:|1769332268
|move|p1a: Kyurem|Freeze-Dry|p2a: Corviknight
|-damage|p2a: Corviknight|67/100
|move|p2a: Corviknight|U-turn|p1a: Kyurem
|-damage|p1a: Kyurem|73/100
|
|t:|1769332271
|switch|p2a: Moody Blues|Dragapult, F, tera:Ghost|100/100|[from] U-turn
|
|upkeep
|turn|87
|
|t:|1769332275
|switch|p1a: Alomomola|Alomomola, F|100/100 brn
|move|p2a: Moody Blues|Tera Blast|p1a: Alomomola|[anim] Tera Blast Ghost
|-damage|p1a: Alomomola|57/100 brn
|
|-heal|p1a: Alomomola|63/100 brn|[from] item: Leftovers
|-damage|p1a: Alomomola|57/100 brn|[from] brn
|upkeep
|turn|88
|
|t:|1769332278
|move|p2a: Moody Blues|Tera Blast|p1a: Alomomola|[anim] Tera Blast Ghost
|-damage|p1a: Alomomola|18/100 brn
|move|p1a: Alomomola|Wish|p1a: Alomomola
|
|-heal|p1a: Alomomola|24/100 brn|[from] item: Leftovers
|-damage|p1a: Alomomola|18/100 brn|[from] brn
|upkeep
|turn|89
|
|t:|1769332283
|switch|p2a: Fogbound Lake|Alomomola, F|100/100 brn
|move|p1a: Alomomola|Protect||[still]
|-fail|p1a: Alomomola
|
|-heal|p1a: Alomomola|68/100 brn|[from] move: Wish|[wisher] Alomomola
|-heal|p1a: Alomomola|74/100 brn|[from] item: Leftovers
|-damage|p1a: Alomomola|68/100 brn|[from] brn
|-damage|p2a: Fogbound Lake|94/100 brn|[from] brn
|upkeep
|turn|90
|
|t:|1769332288
|move|p1a: Alomomola|Wish|p1a: Alomomola
|move|p2a: Fogbound Lake|Flip Turn|p1a: Alomomola
|-resisted|p1a: Alomomola
|-damage|p1a: Alomomola|65/100 brn
|
|t:|1769332291
|switch|p2a: Moody Blues|Dragapult, F, tera:Ghost|100/100|[from] Flip Turn
|
|-heal|p1a: Alomomola|72/100 brn|[from] item: Leftovers
|-damage|p1a: Alomomola|65/100 brn|[from] brn
|upkeep
|turn|91
|
|t:|1769332299
|move|p2a: Moody Blues|U-turn|p1a: Alomomola
|-damage|p1a: Alomomola|47/100 brn
|
|t:|1769332300
|switch|p2a: Fogbound Lake|Alomomola, F|100/100 brn|[from] U-turn
|move|p1a: Alomomola|Scald|p2a: Fogbound Lake
|-resisted|p2a: Fogbound Lake
|-damage|p2a: Fogbound Lake|92/100 brn
|
|-heal|p1a: Alomomola|97/100 brn|[from] move: Wish|[wisher] Alomomola
|-heal|p1a: Alomomola|100/100 brn|[from] item: Leftovers
|-damage|p1a: Alomomola|94/100 brn|[from] brn
|-damage|p2a: Fogbound Lake|86/100 brn|[from] brn
|upkeep
|turn|92
|
|t:|1769332308
|switch|p1a: Frosmoth|Frosmoth, M|100/100
|move|p2a: Fogbound Lake|Flip Turn|p1a: Frosmoth
|-damage|p1a: Frosmoth|86/100
|
|t:|1769332310
|switch|p2a: Moody Blues|Dragapult, F, tera:Ghost|100/100|[from] Flip Turn
|
|upkeep
|turn|93
|-message|stickywebz forfeited.
|
|win|jidbackinthecity
|raw|stickywebz's rating: 1443 &rarr; <strong>1422</strong><br />(-21 for losing)
|raw|jidbackinthecity's rating: 1423 &rarr; <strong>1444</strong><br />(+21 for winning)
|l|☆stickywebz
|player|p1|
|l|☆jidbackinthecity
|player|p2|
