|j|☆yuxia999
|j|☆jsxlllll
|t:|1769404777
|gametype|singles
|player|p1|yuxia999|dawn|1422
|player|p2|jsxlllll|102|1459
|gen|9
|tier|[Gen 9] OU
|rated|
|rule|HP Percentage Mod: HP is shown in percentages
|rule|Endless Battle Clause: Forcing endless battles is banned
|rule|Species Clause: Limit one of each Pokémon
|rule|OHKO Clause: OHKO moves are banned
|rule|Evasion Items Clause: Evasion items are banned
|rule|Evasion Moves Clause: Evasion moves are banned
|rule|Evasion Abilities Clause: Evasion abilities are banned
|rule|Sleep Moves Clause: Sleep-inducing moves are banned
|clearpoke
|poke|p1|Alomomola, F|
|poke|p1|Slowking-Galar, M|
|poke|p1|Kingambit, F|
|poke|p1|Great Tusk|
|poke|p1|Dragapult, M|
|poke|p1|Thundurus, M|
|poke|p2|Sandy Shocks|
|poke|p2|Scizor, M|
|poke|p2|Manaphy|
|poke|p2|Latios, M|
|poke|p2|Ogerpon, F|
|poke|p2|Iron Jugulis|
|teampreview
|inactive|Battle timer is ON: inactive players will automatically lose when time's up. (requested by yuxia999)
|
|t:|1769404794
|teamsize|p1|6
|teamsize|p2|6
|start
|switch|p1a: Thundurus|Thundurus, M|100/100
|switch|p2a: Sandy Shocks|Sandy Shocks|100/100
|-enditem|p2a: Sandy Shocks|Booster Energy
|-activate|p2a: Sandy Shocks|ability: Protosynthesis|[fromitem]
|-start|p2a: Sandy Shocks|protosynthesisspe
|turn|1
|
|t:|1769404803
|move|p2a: Sandy Shocks|Stealth Rock|p1a: Thundurus
|-sidestart|p1: yuxia999|move: Stealth Rock
|move|p1a: Thundurus|Tera Blast|p2a: Sandy Shocks
|-damage|p2a: Sandy Shocks|66/100
|
|upkeep
|turn|2
|
|t:|1769404809
|switch|p1a: Great Tusk|Great Tusk|100/100
|move|p2a: Sandy Shocks|Spikes|p1a: Great Tusk
|-sidestart|p1: yuxia999|Spikes
|
|upkeep
|turn|3
|
|t:|1769404812
|move|p2a: Sandy Shocks|Earth Power|p1a: Great Tusk
|-damage|p1a: Great Tusk|34/100
|move|p1a: Great Tusk|Rapid Spin|p2a: Sandy Shocks
|-damage|p2a: Sandy Shocks|48/100
|-boost|p1a: Great Tusk|spe|1
|-sideend|p1: yuxia999|Spikes|[from] move: Rapid Spin|[of] p1a: Great Tusk
|-sideend|p1: yuxia999|Stealth Rock|[from] move: Rapid Spin|[of] p1a: Great Tusk
|
|upkeep
|turn|4
|
|t:|1769404818
|-end|p1a: Great Tusk|Protosynthesis|[silent]
|switch|p1a: Thundurus|Thundurus, M|100/100
|move|p2a: Sandy Shocks|Earth Power|p1a: Thundurus
|-immune|p1a: Thundurus
|
|upkeep
|turn|5
|
|t:|1769404821
|move|p2a: Sandy Shocks|Stealth Rock|p1a: Thundurus
|-sidestart|p1: yuxia999|move: Stealth Rock
|move|p1a: Thundurus|Tera Blast|p2a: Sandy Shocks
|-damage|p2a: Sandy Shocks|16/100
|
|upkeep
|turn|6
|
|t:|1769404826
|move|p2a: Sandy Shocks|Spikes|p1a: Thundurus
|-sidestart|p1: yuxia999|Spikes
|move|p1a: Thundurus|Grass Knot|p2a: Sandy Shocks
|-supereffective|p2a: Sandy Shocks
|-damage|p2a: Sandy Shocks|0 fnt
|faint|p2a: Sandy Shocks
|-end|p2a: Sandy Shocks|Protosynthesis|[silent]
|
|upkeep
|
|t:|1769404833
|switch|p2a: Latios|Latios, M|100/100
|turn|7
|
|t:|1769404838
|move|p1a: Thundurus|Nasty Plot|p1a: Thundurus
|-boost|p1a: Thundurus|spa|2
|move|p2a: Latios|Agility|p2a: Latios
|-boost|p2a: Latios|spe|2
|
|upkeep
|turn|8
|
|t:|1769404843
|-terastallize|p1a: Thundurus|Ice
|move|p2a: Latios|Calm Mind|p2a: Latios
|-boost|p2a: Latios|spa|1
|-boost|p2a: Latios|spd|1
|move|p1a: Thundurus|Tera Blast|p2a: Latios|[anim] Tera Blast Ice
|-supereffective|p2a: Latios
|-damage|p2a: Latios|14/100
|-enditem|p2a: Latios|Weakness Policy
|-boost|p2a: Latios|atk|2|[from] item: Weakness Policy
|-boost|p2a: Latios|spa|2|[from] item: Weakness Policy
|
|upkeep
|turn|9
|
|t:|1769404851
|switch|p1a: Slowking|Slowking-Galar, M|100/100
|move|p2a: Latios|Stored Power|p1a: Slowking
|-damage|p1a: Slowking|0 fnt
|faint|p1a: Slowking
|
|upkeep
|
|t:|1769404854
|switch|p1a: Kingambit|Kingambit, F|100/100
|-damage|p1a: Kingambit|94/100|[from] Stealth Rock
|-damage|p1a: Kingambit|82/100|[from] Spikes
|-activate|p1a: Kingambit|ability: Supreme Overlord
|-start|p1a: Kingambit|fallen1|[silent]
|turn|10
|
|t:|1769404862
|move|p1a: Kingambit|Sucker Punch||[still]
|-fail|p1a: Kingambit
|move|p2a: Latios|Calm Mind|p2a: Latios
|-boost|p2a: Latios|spa|1
|-boost|p2a: Latios|spd|1
|
|-heal|p1a: Kingambit|88/100|[from] item: Leftovers
|upkeep
|turn|11
|
|t:|1769404866
|move|p1a: Kingambit|Sucker Punch||[still]
|-fail|p1a: Kingambit
|move|p2a: Latios|Calm Mind|p2a: Latios
|-boost|p2a: Latios|spa|1
|-boost|p2a: Latios|spd|1
|
|-heal|p1a: Kingambit|94/100|[from] item: Leftovers
|upkeep
|turn|12
|
|t:|1769404872
|move|p2a: Latios|Aura Sphere|p1a: Kingambit
|-supereffective|p1a: Kingambit
|-damage|p1a: Kingambit|0 fnt
|faint|p1a: Kingambit
|-end|p1a: Kingambit|fallen1|[silent]
|
|upkeep
|-message|yuxia999 forfeited.
|
|win|jsxlllll
|raw|yuxia999's rating: 1422 &rarr; <strong>1404</strong><br />(-18 for losing)
|raw|jsxlllll's rating: 1459 &rarr; <strong>1477</strong><br />(+18 for winning)
|l|☆yuxia999
|player|p1|
|l|☆jsxlllll
|player|p2|
