|j|☆typokeaimjoe
|j|☆ikun ngm
|t:|1769304351
|gametype|singles
|player|p1|typokeaimjoe|1|1235
|player|p2|ikun ngm|swimmer-gen4|1196
|gen|9
|tier|[Gen 9] OU
|rated|
|rule|HP Percentage Mod: HP is shown in percentages
|rule|Endless Battle Clause: Forcing endless battles is banned
|rule|Species Clause: Limit one of each Pokémon
|rule|OHKO Clause: OHKO moves are banned
|rule|Evasion Items Clause: Evasion items are banned
|rule|Evasion Moves Clause: Evasion moves are banned
|rule|Evasion Abilities Clause: Evasion abilities are banned
|rule|Sleep Moves Clause: Sleep-inducing moves are banned
|clearpoke
|poke|p1|Garchomp, F|
|poke|p1|Moltres|
|poke|p1|Tyranitar, F|
|poke|p1|Iron Valiant|
|poke|p1|Gholdengo|
|poke|p1|Glimmora, M|
|poke|p2|Alomomola, M|
|poke|p2|Thundurus-Therian, M|
|poke|p2|Blaziken, M|
|poke|p2|Slowking-Galar, M|
|poke|p2|Dragonite, M|
|poke|p2|Delibird, M|
|teampreview
|c|☆typokeaimjoe|glhf
|inactive|Battle timer is ON: inactive players will automatically lose when time's up. (requested by typokeaimjoe)
|
|t:|1769304375
|teamsize|p1|6
|teamsize|p2|6
|start
|switch|p1a: Glimmora|Glimmora, M|100/100
|switch|p2a: 胖宝宝！|Slowking-Galar, M|100/100
|turn|1
|
|t:|1769304387
|switch|p1a: Tyranitar|Tyranitar, F|100/100
|-weather|Sandstorm|[from] ability: Sand Stream|[of] p1a: Tyranitar
|move|p2a: 胖宝宝！|Psyshock|p1a: Tyranitar
|-immune|p1a: Tyranitar
|
|-weather|Sandstorm|[upkeep]
|-damage|p2a: 胖宝宝！|94/100|[from] Sandstorm
|upkeep
|turn|2
|
|t:|1769304392
|switch|p2a: 曼波！|Alomomola, M|100/100
|move|p1a: Tyranitar|Knock Off|p2a: 曼波！
|-damage|p2a: 曼波！|67/100
|-damage|p1a: Tyranitar|84/100|[from] item: Rocky Helmet|[of] p2a: 曼波！
|-enditem|p2a: 曼波！|Rocky Helmet|[from] move: Knock Off|[of] p1a: Tyranitar
|
|-weather|Sandstorm|[upkeep]
|-damage|p2a: 曼波！|61/100|[from] Sandstorm
|upkeep
|turn|3
|
|t:|1769304398
|move|p2a: 曼波！|Flip Turn|p1a: Tyranitar
|-supereffective|p1a: Tyranitar
|-crit|p1a: Tyranitar
|-damage|p1a: Tyranitar|47/100
|
|t:|1769304402
|switch|p2a: 只因！|Delibird, M|100/100|[from] Flip Turn
|move|p1a: Tyranitar|Dragon Tail|p2a: 只因！|[miss]
|-miss|p1a: Tyranitar|p2a: 只因！
|
|-weather|Sandstorm|[upkeep]
|-damage|p2a: 只因！|94/100|[from] Sandstorm
|upkeep
|turn|4
|
|t:|1769304416
|switch|p1a: Moltres|Moltres|100/100
|move|p2a: 只因！|Spikes|p1a: Moltres
|-sidestart|p1: typokeaimjoe|Spikes
|
|-weather|Sandstorm|[upkeep]
|-damage|p2a: 只因！|88/100|[from] Sandstorm
|-damage|p1a: Moltres|94/100|[from] Sandstorm
|upkeep
|turn|5
|
|t:|1769304422
|switch|p2a: 曼波！|Alomomola, M|94/100
|move|p1a: Moltres|Flamethrower|p2a: 曼波！
|-resisted|p2a: 曼波！
|-damage|p2a: 曼波！|78/100
|
|-weather|none
|upkeep
|turn|6
|
|t:|1769304427
|move|p1a: Moltres|Will-O-Wisp|p2a: 曼波！
|-status|p2a: 曼波！|brn
|move|p2a: 曼波！|Flip Turn|p1a: Moltres
|-supereffective|p1a: Moltres
|-damage|p1a: Moltres|82/100
|
|t:|1769304431
|switch|p2a: 叮咚鸡！|Blaziken, M|100/100|[from] Flip Turn
|
|upkeep
|turn|7
|inactive|typokeaimjoe has 120 seconds left.
|
|t:|1769304475
|switch|p2a: 曼波！|Alomomola, M|100/100 brn
|move|p1a: Moltres|Flamethrower|p2a: 曼波！
|-resisted|p2a: 曼波！
|-damage|p2a: 曼波！|84/100 brn
|
|-damage|p2a: 曼波！|78/100 brn|[from] brn
|upkeep
|turn|8
|
|t:|1769304481
|move|p1a: Moltres|U-turn|p2a: 曼波！
|-damage|p2a: 曼波！|70/100 brn
|inactive|typokeaimjoe has 120 seconds left.
|
|t:|1769304487
|switch|p1a: Tyranitar|Tyranitar, F|47/100|[from] U-turn
|-damage|p1a: Tyranitar|34/100|[from] Spikes
|-weather|Sandstorm|[from] ability: Sand Stream|[of] p1a: Tyranitar
|move|p2a: 曼波！|Flip Turn|p1a: Tyranitar
|-supereffective|p1a: Tyranitar
|-damage|p1a: Tyranitar|22/100
|
|t:|1769304505
|switch|p2a: 小白手套！|Thundurus-Therian, M|100/100|[from] Flip Turn
|
|-weather|Sandstorm|[upkeep]
|-damage|p2a: 小白手套！|94/100|[from] Sandstorm
|upkeep
|turn|9
|
|t:|1769304512
|move|p2a: 小白手套！|Grass Knot|p1a: Tyranitar
|-supereffective|p1a: Tyranitar
|-damage|p1a: Tyranitar|0 fnt
|faint|p1a: Tyranitar
|
|-weather|Sandstorm|[upkeep]
|-damage|p2a: 小白手套！|88/100|[from] Sandstorm
|upkeep
|inactive|typokeaimjoe has 120 seconds left.
|inactive|typokeaimjoe has 90 seconds left.
|
|t:|1769304558
|switch|p1a: Garchomp|Garchomp, F|100/100
|-damage|p1a: Garchomp|88/100|[from] Spikes
|turn|10
|
|t:|1769304563
|switch|p2a: 曼波！|Alomomola, M|100/100 brn
|move|p1a: Garchomp|Swords Dance|p1a: Garchomp
|-boost|p1a: Garchomp|atk|2
|
|-weather|Sandstorm|[upkeep]
|-damage|p2a: 曼波！|94/100 brn|[from] Sandstorm
|-damage|p2a: 曼波！|88/100 brn|[from] brn
|upkeep
|turn|11
|inactive|typokeaimjoe has 90 seconds left.
|
|t:|1769304597
|move|p1a: Garchomp|Swords Dance|p1a: Garchomp
|-boost|p1a: Garchomp|atk|2
|move|p2a: 曼波！|Alluring Voice|p1a: Garchomp
|-supereffective|p1a: Garchomp
|-damage|p1a: Garchomp|70/100
|-start|p1a: Garchomp|confusion
|
|-weather|Sandstorm|[upkeep]
|-damage|p2a: 曼波！|82/100 brn|[from] Sandstorm
|-damage|p2a: 曼波！|76/100 brn|[from] brn
|upkeep
|turn|12
|
|t:|1769304600
|-activate|p1a: Garchomp|confusion
|-damage|p1a: Garchomp|29/100|[from] confusion
|move|p2a: 曼波！|Alluring Voice|p1a: Garchomp
|-supereffective|p1a: Garchomp
|-damage|p1a: Garchomp|11/100
|
|-weather|none
|-damage|p2a: 曼波！|70/100 brn|[from] brn
|upkeep
|turn|13
|
|t:|1769304603
|-end|p1a: Garchomp|confusion
|move|p1a: Garchomp|Scale Shot|p2a: 曼波！
|-damage|p2a: 曼波！|48/100 brn
|-damage|p2a: 曼波！|23/100 brn
|-damage|p2a: 曼波！|0 fnt
|faint|p2a: 曼波！
|-hitcount|p2: 曼波！|3
|-unboost|p1a: Garchomp|def|1
|-boost|p1a: Garchomp|spe|1
|
|upkeep
|
|t:|1769304622
|switch|p2a: 叮咚鸡！|Blaziken, M|100/100
|turn|14
|
|t:|1769304633
|switch|p2a: 只因！|Delibird, M|88/100
|move|p1a: Garchomp|Scale Shot|p2a: 只因！
|-damage|p2a: 只因！|4/100
|-damage|p2a: 只因！|0 fnt
|faint|p2a: 只因！
|-hitcount|p2: 只因！|2
|-unboost|p1a: Garchomp|def|1
|-boost|p1a: Garchomp|spe|1
|
|upkeep
|
|t:|1769304639
|switch|p2a: 胖宝宝！|Slowking-Galar, M|100/100
|turn|15
|
|t:|1769304645
|-terastallize|p2a: 胖宝宝！|Grass
|move|p1a: Garchomp|Earthquake|p2a: 胖宝宝！
|-resisted|p2a: 胖宝宝！
|-damage|p2a: 胖宝宝！|23/100
|move|p2a: 胖宝宝！|Sludge Bomb|p1a: Garchomp
|-resisted|p1a: Garchomp
|-damage|p1a: Garchomp|0 fnt
|faint|p1a: Garchomp
|
|upkeep
|inactive|typokeaimjoe has 120 seconds left.
|
|t:|1769304656
|switch|p1a: Moltres|Moltres|82/100
|turn|16
|
|t:|1769304661
|switch|p2a: 小白手套！|Thundurus-Therian, M|88/100
|move|p1a: Moltres|U-turn|p2a: 小白手套！
|-resisted|p2a: 小白手套！
|-crit|p2a: 小白手套！
|-damage|p2a: 小白手套！|71/100
|inactive|typokeaimjoe has 120 seconds left.
|
|t:|1769304705
|switch|p1a: Iron Valiant|Iron Valiant|100/100|[from] U-turn
|-damage|p1a: Iron Valiant|88/100|[from] Spikes
|
|upkeep
|turn|17
|
|t:|1769304713
|switch|p2a: 胖宝宝！|Slowking-Galar, M, tera:Grass|56/100
|move|p1a: Iron Valiant|Moonblast|p2a: 胖宝宝！
|-crit|p2a: 胖宝宝！
|-damage|p2a: 胖宝宝！|0 fnt
|faint|p2a: 胖宝宝！
|
|upkeep
|
|t:|1769304723
|switch|p2a: 叮咚鸡！|Blaziken, M|100/100
|turn|18
|
|t:|1769304735
|-end|p1a: Iron Valiant|Quark Drive|[silent]
|switch|p1a: Moltres|Moltres|82/100
|move|p2a: 叮咚鸡！|Swords Dance|p2a: 叮咚鸡！
|-boost|p2a: 叮咚鸡！|atk|2
|
|-ability|p2a: 叮咚鸡！|Speed Boost|boost
|-boost|p2a: 叮咚鸡！|spe|1
|upkeep
|turn|19
|
|t:|1769304745
|move|p2a: 叮咚鸡！|Close Combat|p1a: Moltres
|-resisted|p1a: Moltres
|-crit|p1a: Moltres
|-damage|p1a: Moltres|11/100
|-unboost|p2a: 叮咚鸡！|def|1
|-unboost|p2a: 叮咚鸡！|spd|1
|move|p1a: Moltres|Flamethrower|p2a: 叮咚鸡！
|-resisted|p2a: 叮咚鸡！
|-damage|p2a: 叮咚鸡！|55/100
|
|-ability|p2a: 叮咚鸡！|Speed Boost|boost
|-boost|p2a: 叮咚鸡！|spe|1
|upkeep
|turn|20
|inactive|typokeaimjoe has 120 seconds left.
|
|t:|1769304753
|move|p2a: 叮咚鸡！|Close Combat|p1a: Moltres
|-resisted|p1a: Moltres
|-damage|p1a: Moltres|0 fnt
|-unboost|p2a: 叮咚鸡！|def|1
|-unboost|p2a: 叮咚鸡！|spd|1
|faint|p1a: Moltres
|
|-ability|p2a: 叮咚鸡！|Speed Boost|boost
|-boost|p2a: 叮咚鸡！|spe|1
|upkeep
|inactive|typokeaimjoe has 120 seconds left.
|
|t:|1769304762
|switch|p1a: Iron Valiant|Iron Valiant|88/100
|-damage|p1a: Iron Valiant|76/100|[from] Spikes
|turn|21
|
|t:|1769304767
|switch|p2a: 小白手套！|Thundurus-Therian, M|71/100
|move|p1a: Iron Valiant|Vacuum Wave|p2a: 小白手套！
|-resisted|p2a: 小白手套！
|-damage|p2a: 小白手套！|51/100
|
|upkeep
|turn|22
|
|t:|1769304779
|-end|p1a: Iron Valiant|Quark Drive|[silent]
|switch|p1a: Gholdengo|Gholdengo|100/100
|-damage|p1a: Gholdengo|88/100|[from] Spikes
|move|p2a: 小白手套！|Thunderbolt|p1a: Gholdengo
|-crit|p1a: Gholdengo
|-damage|p1a: Gholdengo|0 fnt
|faint|p1a: Gholdengo
|
|upkeep
|
|t:|1769304782
|switch|p1a: Glimmora|Glimmora, M|100/100
|-damage|p1a: Glimmora|88/100|[from] Spikes
|turn|23
|
|t:|1769304786
|move|p1a: Glimmora|Sludge Bomb|p2a: 小白手套！
|-damage|p2a: 小白手套！|0 fnt
|faint|p2a: 小白手套！
|
|upkeep
|
|t:|1769304793
|switch|p2a: 叮咚鸡！|Blaziken, M|55/100
|turn|24
|
|t:|1769304797
|move|p1a: Glimmora|Sludge Bomb|p2a: 叮咚鸡！
|-damage|p2a: 叮咚鸡！|0 fnt
|faint|p2a: 叮咚鸡！
|
|upkeep
|
|t:|1769304800
|switch|p2a: 奶龙！|Dragonite, M|100/100
|turn|25
|
|t:|1769304802
|move|p1a: Glimmora|Sludge Bomb|p2a: 奶龙！
|-damage|p2a: 奶龙！|76/100
|move|p2a: 奶龙！|Dragon Dance|p2a: 奶龙！
|-boost|p2a: 奶龙！|atk|1
|-boost|p2a: 奶龙！|spe|1
|
|upkeep
|turn|26
|
|t:|1769304808
|move|p1a: Glimmora|Sludge Bomb|p2a: 奶龙！
|-damage|p2a: 奶龙！|27/100
|move|p2a: 奶龙！|Earthquake|p1a: Glimmora
|-supereffective|p1a: Glimmora
|-damage|p1a: Glimmora|0 fnt
|-activate|p1a: Glimmora|ability: Toxic Debris
|-sidestart|p2: ikun ngm|move: Toxic Spikes
|faint|p1a: Glimmora
|
|upkeep
|
|t:|1769304810
|switch|p1a: Iron Valiant|Iron Valiant|76/100
|-damage|p1a: Iron Valiant|63/100|[from] Spikes
|turn|27
|inactive|typokeaimjoe has 120 seconds left.
|
|t:|1769304849
|-terastallize|p1a: Iron Valiant|Fairy
|move|p2a: 奶龙！|Earthquake|p1a: Iron Valiant
|-damage|p1a: Iron Valiant|0 fnt
|faint|p1a: Iron Valiant
|-end|p1a: Iron Valiant|Quark Drive|[silent]
|
|win|ikun ngm
|raw|typokeaimjoe's rating: 1235 &rarr; <strong>1207</strong><br />(-28 for losing)
|raw|ikun ngm's rating: 1196 &rarr; <strong>1224</strong><br />(+28 for winning)
|c|☆typokeaimjoe|gg
|l|☆typokeaimjoe
|player|p1|
|l|☆ikun ngm
|player|p2|
