|j|☆vishalv996
|j|☆gofiiito
|t:|1769357055
|gametype|singles
|player|p1|vishalv996|wallace|1107
|player|p2|gofiiito|cynthia|1144
|gen|9
|tier|[Gen 9] OU
|rated|
|rule|HP Percentage Mod: HP is shown in percentages
|rule|Endless Battle Clause: Forcing endless battles is banned
|rule|Species Clause: Limit one of each Pokémon
|rule|OHKO Clause: OHKO moves are banned
|rule|Evasion Items Clause: Evasion items are banned
|rule|Evasion Moves Clause: Evasion moves are banned
|rule|Evasion Abilities Clause: Evasion abilities are banned
|rule|Sleep Moves Clause: Sleep-inducing moves are banned
|clearpoke
|poke|p1|Serperior, M|
|poke|p1|Quaquaval, M|
|poke|p1|Ceruledge, F|
|poke|p1|Toxtricity, F|
|poke|p1|Kingambit, M|
|poke|p1|Iron Treads|
|poke|p2|Torkoal, M|
|poke|p2|Walking Wake|
|poke|p2|Great Tusk|
|poke|p2|Raging Bolt|
|poke|p2|Arboliva, M|
|poke|p2|Lilligant-Hisui, F|
|teampreview
|inactive|Battle timer is ON: inactive players will automatically lose when time's up. (requested by gofiiito)
|
|t:|1769357070
|teamsize|p1|6
|teamsize|p2|6
|start
|switch|p1a: Iron Treads|Iron Treads|100/100
|switch|p2a: Torkoal|Torkoal, M|100/100
|-weather|SunnyDay|[from] ability: Drought|[of] p2a: Torkoal
|-enditem|p1a: Iron Treads|Booster Energy
|-activate|p1a: Iron Treads|ability: Quark Drive|[fromitem]
|-start|p1a: Iron Treads|quarkdriveatk
|turn|1
|
|t:|1769357089
|move|p1a: Iron Treads|Earthquake|p2a: Torkoal
|-supereffective|p2a: Torkoal
|-damage|p2a: Torkoal|7/100
|move|p2a: Torkoal|Overheat|p1a: Iron Treads
|-supereffective|p1a: Iron Treads
|-damage|p1a: Iron Treads|0 fnt
|-unboost|p2a: Torkoal|spa|2
|faint|p1a: Iron Treads
|-end|p1a: Iron Treads|Quark Drive|[silent]
|
|-weather|SunnyDay|[upkeep]
|upkeep
|
|t:|1769357098
|switch|p1a: Quaquaval|Quaquaval, M|100/100
|turn|2
|
|t:|1769357105
|switch|p2a: Arboliva|Arboliva, M|100/100
|move|p1a: Quaquaval|Aqua Step|p2a: Arboliva
|-resisted|p2a: Arboliva
|-damage|p2a: Arboliva|88/100
|-boost|p1a: Quaquaval|spe|1
|
|-weather|SunnyDay|[upkeep]
|upkeep
|turn|3
|
|t:|1769357115
|move|p1a: Quaquaval|Close Combat|p2a: Arboliva
|-supereffective|p2a: Arboliva
|-damage|p2a: Arboliva|0 fnt
|-unboost|p1a: Quaquaval|def|1
|-unboost|p1a: Quaquaval|spd|1
|faint|p2a: Arboliva
|-ability|p1a: Quaquaval|Moxie|boost
|-boost|p1a: Quaquaval|atk|1
|
|-weather|SunnyDay|[upkeep]
|upkeep
|
|t:|1769357119
|switch|p2a: Lilligant|Lilligant-Hisui, F, shiny|100/100
|turn|4
|
|t:|1769357129
|move|p2a: Lilligant|Solar Blade||[still]
|-prepare|p2a: Lilligant|Solar Blade
|-anim|p2a: Lilligant|Solar Blade|p1a: Quaquaval
|-supereffective|p1a: Quaquaval
|-enditem|p1a: Quaquaval|Focus Sash
|-damage|p1a: Quaquaval|1/100
|move|p1a: Quaquaval|Brave Bird|p2a: Lilligant
|-supereffective|p2a: Lilligant
|-damage|p2a: Lilligant|0 fnt
|faint|p2a: Lilligant
|-ability|p1a: Quaquaval|Moxie|boost
|-boost|p1a: Quaquaval|atk|1
|-damage|p1a: Quaquaval|0 fnt|[from] Recoil
|faint|p1a: Quaquaval
|
|-weather|SunnyDay|[upkeep]
|upkeep
|
|t:|1769357155
|switch|p2a: Walking Wake|Walking Wake|100/100
|switch|p1a: Serperior|Serperior, M, shiny|100/100
|-activate|p2a: Walking Wake|ability: Protosynthesis
|-start|p2a: Walking Wake|protosynthesisspe
|turn|5
|
|t:|1769357162
|move|p2a: Walking Wake|Weather Ball|p1a: Serperior
|-supereffective|p1a: Serperior
|-crit|p1a: Serperior
|-enditem|p1a: Serperior|Focus Sash
|-damage|p1a: Serperior|1/100
|move|p1a: Serperior|Leaf Storm|p2a: Walking Wake|[miss]
|-miss|p1a: Serperior|p2a: Walking Wake
|
|-weather|SunnyDay|[upkeep]
|upkeep
|turn|6
|
|t:|1769357171
|move|p2a: Walking Wake|Hydro Steam|p1a: Serperior
|-resisted|p1a: Serperior
|-damage|p1a: Serperior|0 fnt
|faint|p1a: Serperior
|
|-weather|SunnyDay|[upkeep]
|upkeep
|
|t:|1769357179
|switch|p1a: Toxtricity|Toxtricity, F, shiny|100/100
|turn|7
|
|t:|1769357189
|-terastallize|p2a: Walking Wake|Fire
|move|p2a: Walking Wake|Weather Ball|p1a: Toxtricity
|-enditem|p1a: Toxtricity|Focus Sash
|-damage|p1a: Toxtricity|1/100
|move|p1a: Toxtricity|Thunderbolt|p2a: Walking Wake
|-damage|p2a: Walking Wake|50/100
|
|-weather|SunnyDay|[upkeep]
|-heal|p2a: Walking Wake|56/100|[from] item: Leftovers
|upkeep
|turn|8
|
|t:|1769357200
|move|p2a: Walking Wake|Weather Ball|p1a: Toxtricity
|-damage|p1a: Toxtricity|0 fnt
|faint|p1a: Toxtricity
|
|-weather|none
|-end|p2a: Walking Wake|Protosynthesis
|-heal|p2a: Walking Wake|62/100|[from] item: Leftovers
|upkeep
|
|t:|1769357207
|switch|p1a: Ceruledge|Ceruledge, F, shiny|100/100
|turn|9
|
|t:|1769357219
|-end|p2a: Walking Wake|Protosynthesis|[silent]
|switch|p2a: Raging Bolt|Raging Bolt|100/100
|move|p1a: Ceruledge|Poltergeist|p2a: Raging Bolt
|-activate|p2a: Raging Bolt|move: Poltergeist|Leftovers
|-crit|p2a: Raging Bolt
|-damage|p2a: Raging Bolt|28/100
|
|-heal|p2a: Raging Bolt|34/100|[from] item: Leftovers
|upkeep
|turn|10
|
|t:|1769357228
|move|p2a: Raging Bolt|Thunderclap|p1a: Ceruledge
|-damage|p1a: Ceruledge|50/100
|move|p1a: Ceruledge|Poltergeist|p2a: Raging Bolt
|-activate|p2a: Raging Bolt|move: Poltergeist|Leftovers
|-damage|p2a: Raging Bolt|0 fnt
|faint|p2a: Raging Bolt
|-end|p2a: Raging Bolt|Protosynthesis|[silent]
|
|upkeep
|
|t:|1769357231
|switch|p2a: Torkoal|Torkoal, M|7/100
|-weather|SunnyDay|[from] ability: Drought|[of] p2a: Torkoal
|turn|11
|
|t:|1769357239
|move|p1a: Ceruledge|Bitter Blade|p2a: Torkoal
|-resisted|p2a: Torkoal
|-damage|p2a: Torkoal|0 fnt
|-heal|p1a: Ceruledge|54/100|[from] drain|[of] p2a: Torkoal
|faint|p2a: Torkoal
|
|-weather|SunnyDay|[upkeep]
|upkeep
|
|t:|1769357241
|switch|p2a: Walking Wake|Walking Wake, tera:Fire|62/100
|-activate|p2a: Walking Wake|ability: Protosynthesis
|-start|p2a: Walking Wake|protosynthesisspe
|turn|12
|
|t:|1769357251
|move|p2a: Walking Wake|Hydro Steam|p1a: Ceruledge
|-supereffective|p1a: Ceruledge
|-damage|p1a: Ceruledge|0 fnt
|faint|p1a: Ceruledge
|
|-weather|SunnyDay|[upkeep]
|-heal|p2a: Walking Wake|69/100|[from] item: Leftovers
|upkeep
|
|t:|1769357257
|switch|p1a: Kingambit|Kingambit, M, shiny|100/100
|-activate|p1a: Kingambit|ability: Supreme Overlord
|-start|p1a: Kingambit|fallen5|[silent]
|turn|13
|
|t:|1769357263
|move|p2a: Walking Wake|Weather Ball|p1a: Kingambit
|-supereffective|p1a: Kingambit
|-enditem|p1a: Kingambit|Focus Sash
|-damage|p1a: Kingambit|1/100
|move|p1a: Kingambit|Kowtow Cleave|p2a: Walking Wake
|-damage|p2a: Walking Wake|0 fnt
|faint|p2a: Walking Wake
|-end|p2a: Walking Wake|Protosynthesis|[silent]
|
|-weather|SunnyDay|[upkeep]
|upkeep
|
|t:|1769357267
|switch|p2a: Great Tusk|Great Tusk|100/100
|-activate|p2a: Great Tusk|ability: Protosynthesis
|-start|p2a: Great Tusk|protosynthesisdef
|turn|14
|
|t:|1769357281
|-terastallize|p1a: Kingambit|Water
|move|p2a: Great Tusk|Rapid Spin|p1a: Kingambit
|-damage|p1a: Kingambit|0 fnt
|-boost|p2a: Great Tusk|spe|1
|faint|p1a: Kingambit
|-end|p1a: Kingambit|fallen5|[silent]
|
|win|gofiiito
|raw|vishalv996's rating: 1107 &rarr; <strong>1085</strong><br />(-22 for losing)
|raw|gofiiito's rating: 1144 &rarr; <strong>1166</strong><br />(+22 for winning)
|l|☆gofiiito
|player|p2|
|l|☆vishalv996
|player|p1|
