|j|☆FELIPE1000MASTER
|j|☆Jjgfrjk
|t:|1769340636
|gametype|singles
|player|p1|FELIPE1000MASTER|red|1236
|player|p2|Jjgfrjk|102|1171
|gen|9
|tier|[Gen 9] OU
|rated|
|rule|HP Percentage Mod: HP is shown in percentages
|rule|Endless Battle Clause: Forcing endless battles is banned
|rule|Species Clause: Limit one of each Pokémon
|rule|OHKO Clause: OHKO moves are banned
|rule|Evasion Items Clause: Evasion items are banned
|rule|Evasion Moves Clause: Evasion moves are banned
|rule|Evasion Abilities Clause: Evasion abilities are banned
|rule|Sleep Moves Clause: Sleep-inducing moves are banned
|clearpoke
|poke|p1|Rhyperior, M|
|poke|p1|Coalossal, M|
|poke|p1|Garganacl, M|
|poke|p1|Glimmora, M|
|poke|p1|Terrakion|
|poke|p1|Lycanroc-Dusk, M|
|poke|p2|Great Tusk|
|poke|p2|Pecharunt|
|poke|p2|Iron Valiant|
|poke|p2|Iron Crown|
|poke|p2|Samurott-Hisui, M|
|poke|p2|Dragonite, M|
|teampreview
|
|t:|1769340642
|teamsize|p1|6
|teamsize|p2|6
|start
|switch|p1a: Terrakion|Terrakion|100/100
|switch|p2a: Great Tusk|Great Tusk, shiny|100/100
|turn|1
|
|t:|1769340651
|-terastallize|p1a: Terrakion|Fighting
|move|p1a: Terrakion|Close Combat|p2a: Great Tusk
|-damage|p2a: Great Tusk|37/100
|-unboost|p1a: Terrakion|def|1
|-unboost|p1a: Terrakion|spd|1
|move|p2a: Great Tusk|Headlong Rush|p1a: Terrakion
|-enditem|p1a: Terrakion|Focus Sash
|-damage|p1a: Terrakion|1/100
|-unboost|p2a: Great Tusk|def|1
|-unboost|p2a: Great Tusk|spd|1
|
|upkeep
|turn|2
|
|t:|1769340665
|-end|p2a: Great Tusk|Protosynthesis|[silent]
|switch|p2a: Pecharunt|Pecharunt|100/100
|move|p1a: Terrakion|Earthquake|p2a: Pecharunt
|-supereffective|p2a: Pecharunt
|-damage|p2a: Pecharunt|71/100
|
|upkeep
|turn|3
|
|t:|1769340672
|move|p1a: Terrakion|Earthquake|p2a: Pecharunt
|-supereffective|p2a: Pecharunt
|-damage|p2a: Pecharunt|38/100
|move|p2a: Pecharunt|Recover|p2a: Pecharunt
|-heal|p2a: Pecharunt|88/100
|
|upkeep
|turn|4
|
|t:|1769340679
|move|p1a: Terrakion|Earthquake|p2a: Pecharunt
|-supereffective|p2a: Pecharunt
|-damage|p2a: Pecharunt|53/100
|move|p2a: Pecharunt|Shadow Ball|p1a: Terrakion
|-damage|p1a: Terrakion|0 fnt
|faint|p1a: Terrakion
|
|upkeep
|
|t:|1769340693
|switch|p1a: Glimmora|Glimmora, M|100/100
|turn|5
|
|t:|1769340697
|move|p1a: Glimmora|Earth Power|p2a: Pecharunt
|-supereffective|p2a: Pecharunt
|-damage|p2a: Pecharunt|0 fnt
|faint|p2a: Pecharunt
|
|upkeep
|
|t:|1769340702
|switch|p2a: Great Tusk|Great Tusk, shiny|37/100
|turn|6
|
|t:|1769340706
|move|p1a: Glimmora|Earth Power|p2a: Great Tusk
|-damage|p2a: Great Tusk|0 fnt
|faint|p2a: Great Tusk
|-end|p2a: Great Tusk|Protosynthesis|[silent]
|
|upkeep
|
|t:|1769340711
|switch|p2a: Dragonite|Dragonite, M, shiny|100/100
|turn|7
|
|t:|1769340719
|switch|p1a: Rhyperior|Rhyperior, M|100/100
|move|p2a: Dragonite|Dragon Dance|p2a: Dragonite
|-boost|p2a: Dragonite|atk|1
|-boost|p2a: Dragonite|spe|1
|
|upkeep
|turn|8
|
|t:|1769340726
|move|p2a: Dragonite|Earthquake|p1a: Rhyperior
|-supereffective|p1a: Rhyperior
|-damage|p1a: Rhyperior|56/100
|move|p1a: Rhyperior|Avalanche|p2a: Dragonite
|-supereffective|p2a: Dragonite
|-damage|p2a: Dragonite|0 fnt
|faint|p2a: Dragonite
|
|upkeep
|
|t:|1769340734
|switch|p2a: Samurott|Samurott-Hisui, M, shiny|100/100
|turn|9
|
|t:|1769340739
|move|p2a: Samurott|Flip Turn|p1a: Rhyperior
|-supereffective|p1a: Rhyperior
|-damage|p1a: Rhyperior|2/100
|
|t:|1769340743
|switch|p2a: Iron Crown|Iron Crown|100/100|[from] Flip Turn
|move|p1a: Rhyperior|Earthquake|p2a: Iron Crown
|-supereffective|p2a: Iron Crown
|-crit|p2a: Iron Crown
|-damage|p2a: Iron Crown|0 fnt
|faint|p2a: Iron Crown
|-end|p2a: Iron Crown|Quark Drive|[silent]
|
|upkeep
|
|t:|1769340751
|switch|p2a: Samurott|Samurott-Hisui, M, shiny|100/100
|turn|10
|
|t:|1769340754
|move|p2a: Samurott|Ceaseless Edge|p1a: Rhyperior
|-damage|p1a: Rhyperior|0 fnt
|-sidestart|p1: FELIPE1000MASTER|Spikes
|faint|p1a: Rhyperior
|
|upkeep
|
|t:|1769340770
|switch|p1a: Lycanroc|Lycanroc-Dusk, M|100/100
|-damage|p1a: Lycanroc|88/100|[from] Spikes
|turn|11
|
|t:|1769340776
|move|p1a: Lycanroc|Close Combat|p2a: Samurott
|-supereffective|p2a: Samurott
|-damage|p2a: Samurott|0 fnt
|-unboost|p1a: Lycanroc|def|1
|-unboost|p1a: Lycanroc|spd|1
|faint|p2a: Samurott
|-damage|p1a: Lycanroc|78/100|[from] item: Life Orb
|
|upkeep
|
|t:|1769340779
|switch|p2a: Iron Valiant|Iron Valiant, shiny|100/100
|turn|12
|
|t:|1769340788
|-terastallize|p2a: Iron Valiant|Fairy
|move|p1a: Lycanroc|Accelerock|p2a: Iron Valiant
|-damage|p2a: Iron Valiant|57/100
|-damage|p1a: Lycanroc|68/100|[from] item: Life Orb
|move|p2a: Iron Valiant|Moonblast|p1a: Lycanroc
|-crit|p1a: Lycanroc
|-damage|p1a: Lycanroc|0 fnt
|faint|p1a: Lycanroc
|
|upkeep
|
|t:|1769340800
|switch|p1a: Coalossal|Coalossal, M|100/100
|-damage|p1a: Coalossal|88/100|[from] Spikes
|turn|13
|
|t:|1769340805
|move|p2a: Iron Valiant|Moonblast|p1a: Coalossal
|-resisted|p1a: Coalossal
|-damage|p1a: Coalossal|61/100
|move|p1a: Coalossal|Flamethrower|p2a: Iron Valiant
|-damage|p2a: Iron Valiant|0 fnt
|faint|p2a: Iron Valiant
|-end|p2a: Iron Valiant|Quark Drive|[silent]
|
|win|FELIPE1000MASTER
|raw|FELIPE1000MASTER's rating: 1236 &rarr; <strong>1256</strong><br />(+20 for winning)
|raw|Jjgfrjk's rating: 1171 &rarr; <strong>1151</strong><br />(-20 for losing)
|l|☆Jjgfrjk
|player|p2|
