|j|☆LaportaPotty
|j|☆Camazo
|t:|1769412573
|gametype|singles
|player|p1|LaportaPotty|170|1439
|player|p2|Camazo|1|1464
|gen|9
|tier|[Gen 9] OU
|rated|
|rule|HP Percentage Mod: HP is shown in percentages
|rule|Endless Battle Clause: Forcing endless battles is banned
|rule|Species Clause: Limit one of each Pokémon
|rule|OHKO Clause: OHKO moves are banned
|rule|Evasion Items Clause: Evasion items are banned
|rule|Evasion Moves Clause: Evasion moves are banned
|rule|Evasion Abilities Clause: Evasion abilities are banned
|rule|Sleep Moves Clause: Sleep-inducing moves are banned
|clearpoke
|poke|p1|Okidogi, M|
|poke|p1|Raging Bolt|
|poke|p1|Moltres|
|poke|p1|Sinistcha|
|poke|p1|Iron Treads|
|poke|p1|Ting-Lu|
|poke|p2|Kingambit, F|
|poke|p2|Jirachi|
|poke|p2|Incineroar, F|
|poke|p2|Samurott-Hisui, M|
|poke|p2|Serperior, F|
|poke|p2|Ceruledge, F|
|teampreview
|inactive|Battle timer is ON: inactive players will automatically lose when time's up. (requested by Camazo)
|
|t:|1769412580
|teamsize|p1|6
|teamsize|p2|6
|start
|switch|p1a: Ting-Lu|Ting-Lu|100/100
|switch|p2a: Incineroar|Incineroar, F|100/100
|-ability|p2a: Incineroar|Intimidate|boost
|-unboost|p1a: Ting-Lu|atk|1
|-ability|p1a: Ting-Lu|Vessel of Ruin
|turn|1
|
|t:|1769412584
|move|p2a: Incineroar|Will-O-Wisp|p1a: Ting-Lu
|-status|p1a: Ting-Lu|brn
|move|p1a: Ting-Lu|Spikes|p2a: Incineroar
|-sidestart|p2: Camazo|Spikes
|
|-damage|p1a: Ting-Lu|94/100 brn|[from] brn
|upkeep
|turn|2
|
|t:|1769412588
|move|p2a: Incineroar|Knock Off|p1a: Ting-Lu
|-resisted|p1a: Ting-Lu
|-damage|p1a: Ting-Lu|86/100 brn
|-enditem|p1a: Ting-Lu|Red Card|[from] move: Knock Off|[of] p2a: Incineroar
|move|p1a: Ting-Lu|Stealth Rock|p2a: Incineroar
|-sidestart|p2: Camazo|move: Stealth Rock
|
|-damage|p1a: Ting-Lu|80/100 brn|[from] brn
|upkeep
|turn|3
|
|t:|1769412590
|move|p2a: Incineroar|Parting Shot|p1a: Ting-Lu
|-unboost|p1a: Ting-Lu|atk|1
|-unboost|p1a: Ting-Lu|spa|1
|
|t:|1769412592
|switch|p2a: Samurott|Samurott-Hisui, M|100/100|[from] Parting Shot
|-damage|p2a: Samurott|88/100|[from] Spikes
|-damage|p2a: Samurott|76/100|[from] Stealth Rock
|move|p1a: Ting-Lu|Whirlwind|p2a: Samurott
|drag|p2a: Serperior|Serperior, F|100/100
|-damage|p2a: Serperior|88/100|[from] Spikes
|-damage|p2a: Serperior|76/100|[from] Stealth Rock
|
|-heal|p2a: Serperior|82/100|[from] item: Leftovers
|-damage|p1a: Ting-Lu|74/100 brn|[from] brn
|upkeep
|turn|4
|
|t:|1769412597
|move|p2a: Serperior|Leaf Storm|p1a: Ting-Lu
|-supereffective|p1a: Ting-Lu
|-damage|p1a: Ting-Lu|21/100 brn
|-boost|p2a: Serperior|spa|2
|move|p1a: Ting-Lu|Whirlwind|p2a: Serperior
|drag|p2a: Jirachi|Jirachi|100/100
|
|-damage|p1a: Ting-Lu|15/100 brn|[from] brn
|upkeep
|turn|5
|
|t:|1769412601
|move|p2a: Jirachi|Doom Desire|p1a: Ting-Lu
|-start|p2a: Jirachi|Doom Desire
|move|p1a: Ting-Lu|Ruination|p2a: Jirachi
|-damage|p2a: Jirachi|50/100
|
|-damage|p1a: Ting-Lu|9/100 brn|[from] brn
|upkeep
|turn|6
|
|t:|1769412604
|move|p2a: Jirachi|U-turn|p1a: Ting-Lu
|-supereffective|p1a: Ting-Lu
|-damage|p1a: Ting-Lu|0 fnt
|faint|p1a: Ting-Lu
|
|t:|1769412607
|switch|p2a: Incineroar|Incineroar, F|100/100|[from] U-turn
|
|upkeep
|
|t:|1769412612
|switch|p1a: Iron Treads|Iron Treads|100/100
|turn|7
|
|t:|1769412615
|move|p1a: Iron Treads|Earthquake|p2a: Incineroar
|-supereffective|p2a: Incineroar
|-damage|p2a: Incineroar|28/100
|move|p2a: Incineroar|Will-O-Wisp|p1a: Iron Treads
|-status|p1a: Iron Treads|brn
|
|-end|p1a: Iron Treads|move: Doom Desire
|-resisted|p1a: Iron Treads
|-damage|p1a: Iron Treads|53/100 brn
|-damage|p1a: Iron Treads|46/100 brn|[from] brn
|upkeep
|turn|8
|
|t:|1769412623
|switch|p2a: Samurott|Samurott-Hisui, M|76/100
|-damage|p2a: Samurott|63/100|[from] Spikes
|-damage|p2a: Samurott|51/100|[from] Stealth Rock
|move|p1a: Iron Treads|Earthquake|p2a: Samurott
|-damage|p2a: Samurott|24/100
|
|-damage|p1a: Iron Treads|40/100 brn|[from] brn
|upkeep
|turn|9
|
|t:|1769412628
|move|p1a: Iron Treads|Earthquake|p2a: Samurott
|-damage|p2a: Samurott|0 fnt
|faint|p2a: Samurott
|
|-damage|p1a: Iron Treads|34/100 brn|[from] brn
|upkeep
|
|t:|1769412633
|switch|p2a: Serperior|Serperior, F|82/100
|-damage|p2a: Serperior|70/100|[from] Spikes
|-damage|p2a: Serperior|57/100|[from] Stealth Rock
|turn|10
|
|t:|1769412639
|move|p2a: Serperior|Substitute|p2a: Serperior
|-start|p2a: Serperior|Substitute
|-damage|p2a: Serperior|32/100
|move|p1a: Iron Treads|Ice Spinner|p2a: Serperior
|-supereffective|p2a: Serperior
|-crit|p2a: Serperior
|-end|p2a: Serperior|Substitute
|
|-heal|p2a: Serperior|39/100|[from] item: Leftovers
|-damage|p1a: Iron Treads|28/100 brn|[from] brn
|upkeep
|turn|11
|
|t:|1769412646
|-end|p1a: Iron Treads|Quark Drive|[silent]
|switch|p1a: Moltres|Moltres|100/100
|move|p2a: Serperior|Leaf Storm|p1a: Moltres
|-resisted|p1a: Moltres
|-damage|p1a: Moltres|88/100
|-boost|p2a: Serperior|spa|2
|
|-heal|p2a: Serperior|45/100|[from] item: Leftovers
|upkeep
|turn|12
|
|t:|1769412653
|move|p2a: Serperior|Glare|p1a: Moltres
|-status|p1a: Moltres|par
|cant|p1a: Moltres|par
|
|-heal|p2a: Serperior|51/100|[from] item: Leftovers
|upkeep
|turn|13
|
|t:|1769412663
|move|p2a: Serperior|Tera Blast|p1a: Moltres
|-damage|p1a: Moltres|46/100 par
|cant|p1a: Moltres|par
|
|-heal|p2a: Serperior|57/100|[from] item: Leftovers
|upkeep
|turn|14
|
|t:|1769412668
|-terastallize|p1a: Moltres|Steel
|move|p2a: Serperior|Tera Blast|p1a: Moltres
|-resisted|p1a: Moltres
|-damage|p1a: Moltres|25/100 par
|cant|p1a: Moltres|par
|
|-heal|p2a: Serperior|63/100|[from] item: Leftovers
|upkeep
|turn|15
|
|t:|1769412675
|move|p2a: Serperior|Leaf Storm|p1a: Moltres|[miss]
|-miss|p2a: Serperior|p1a: Moltres
|cant|p1a: Moltres|par
|
|-heal|p2a: Serperior|70/100|[from] item: Leftovers
|upkeep
|turn|16
|
|t:|1769412678
|move|p2a: Serperior|Leaf Storm|p1a: Moltres
|-resisted|p1a: Moltres
|-damage|p1a: Moltres|0 fnt
|-boost|p2a: Serperior|spa|2
|faint|p1a: Moltres
|
|-heal|p2a: Serperior|76/100|[from] item: Leftovers
|upkeep
|
|t:|1769412682
|switch|p1a: Okidogi|Okidogi, M|100/100
|turn|17
|
|t:|1769412689
|-terastallize|p2a: Serperior|Ground
|move|p2a: Serperior|Tera Blast|p1a: Okidogi|[anim] Tera Blast Ground
|-supereffective|p1a: Okidogi
|-damage|p1a: Okidogi|0 fnt
|faint|p1a: Okidogi
|
|-heal|p2a: Serperior|82/100|[from] item: Leftovers
|upkeep
|
|t:|1769412693
|switch|p1a: Sinistcha|Sinistcha|100/100
|turn|18
|
|t:|1769412699
|move|p2a: Serperior|Substitute|p2a: Serperior
|-start|p2a: Serperior|Substitute
|-damage|p2a: Serperior|57/100
|move|p1a: Sinistcha|Matcha Gotcha|p2a: Serperior
|-supereffective|p2a: Serperior
|-end|p2a: Serperior|Substitute
|
|-heal|p2a: Serperior|63/100|[from] item: Leftovers
|upkeep
|turn|19
|
|t:|1769412707
|move|p2a: Serperior|Leaf Storm|p1a: Sinistcha|[miss]
|-miss|p2a: Serperior|p1a: Sinistcha
|move|p1a: Sinistcha|Matcha Gotcha|p2a: Serperior
|-supereffective|p2a: Serperior
|-damage|p2a: Serperior|0 fnt
|faint|p2a: Serperior
|
|upkeep
|
|t:|1769412712
|switch|p2a: Jirachi|Jirachi|50/100
|turn|20
|c|☆LaportaPotty|finally
|c|☆LaportaPotty|that thing plus glare is insane
|
|t:|1769412726
|move|p2a: Jirachi|Thunder Wave|p1a: Sinistcha
|-status|p1a: Sinistcha|par
|move|p1a: Sinistcha|Shadow Ball|p2a: Jirachi
|-supereffective|p2a: Jirachi
|-damage|p2a: Jirachi|0 fnt
|faint|p2a: Jirachi
|
|upkeep
|
|t:|1769412731
|switch|p2a: Incineroar|Incineroar, F|28/100
|-ability|p2a: Incineroar|Intimidate|boost
|-unboost|p1a: Sinistcha|atk|1
|turn|21
|c|☆LaportaPotty|para fish some more why dont you
|
|t:|1769412740
|switch|p1a: Iron Treads|Iron Treads|28/100 brn
|move|p2a: Incineroar|Knock Off|p1a: Iron Treads
|-damage|p1a: Iron Treads|0 fnt
|-enditem|p1a: Iron Treads|Heavy-Duty Boots|[from] move: Knock Off|[of] p2a: Incineroar
|faint|p1a: Iron Treads
|-end|p1a: Iron Treads|Quark Drive|[silent]
|
|upkeep
|
|t:|1769412744
|switch|p1a: Raging Bolt|Raging Bolt|100/100
|-enditem|p1a: Raging Bolt|Booster Energy
|-activate|p1a: Raging Bolt|ability: Protosynthesis|[fromitem]
|-start|p1a: Raging Bolt|protosynthesisspa
|turn|22
|
|t:|1769412749
|move|p1a: Raging Bolt|Dragon Pulse|p2a: Incineroar
|-damage|p2a: Incineroar|0 fnt
|faint|p2a: Incineroar
|
|upkeep
|
|t:|1769412756
|switch|p2a: Kingambit|Kingambit, F, shiny|100/100
|-damage|p2a: Kingambit|94/100|[from] Stealth Rock
|-activate|p2a: Kingambit|ability: Supreme Overlord
|-start|p2a: Kingambit|fallen4|[silent]
|-item|p2a: Kingambit|Air Balloon
|turn|23
|
|t:|1769412761
|move|p1a: Raging Bolt|Thunderbolt|p2a: Kingambit
|-damage|p2a: Kingambit|20/100
|-enditem|p2a: Kingambit|Air Balloon
|move|p2a: Kingambit|Kowtow Cleave|p1a: Raging Bolt
|-damage|p1a: Raging Bolt|38/100
|
|upkeep
|turn|24
|
|t:|1769412769
|move|p1a: Raging Bolt|Thunderclap|p2a: Kingambit
|-damage|p2a: Kingambit|0 fnt
|faint|p2a: Kingambit
|-end|p2a: Kingambit|fallen4|[silent]
|
|upkeep
|
|t:|1769412771
|switch|p2a: Ceruledge|Ceruledge, F|100/100
|turn|25
|
|t:|1769412781
|move|p2a: Ceruledge|Close Combat|p1a: Raging Bolt
|-damage|p1a: Raging Bolt|0 fnt
|-unboost|p2a: Ceruledge|def|1
|-unboost|p2a: Ceruledge|spd|1
|faint|p1a: Raging Bolt
|-end|p1a: Raging Bolt|Protosynthesis|[silent]
|
|upkeep
|
|t:|1769412784
|switch|p1a: Sinistcha|Sinistcha|100/100 par
|turn|26
|
|t:|1769412787
|move|p2a: Ceruledge|Bitter Blade|p1a: Sinistcha
|-supereffective|p1a: Sinistcha
|-damage|p1a: Sinistcha|66/100 par
|move|p1a: Sinistcha|Shadow Ball|p2a: Ceruledge
|-supereffective|p2a: Ceruledge
|-damage|p2a: Ceruledge|0 fnt
|faint|p2a: Ceruledge
|
|win|LaportaPotty
|raw|LaportaPotty's rating: 1439 &rarr; <strong>1460</strong><br />(+21 for winning)
|raw|Camazo's rating: 1464 &rarr; <strong>1443</strong><br />(-21 for losing)
|l|☆Camazo
|player|p2|
|c|☆LaportaPotty|gg
|l|☆LaportaPotty
|player|p1|
