|j|☆bulky_behemoth
|j|☆MUJIE123666
|t:|1769335802
|gametype|singles
|player|p1|bulky_behemoth|n|1083
|player|p2|MUJIE123666|giovanni|1082
|gen|9
|tier|[Gen 9] OU
|rated|
|rule|HP Percentage Mod: HP is shown in percentages
|rule|Endless Battle Clause: Forcing endless battles is banned
|rule|Species Clause: Limit one of each Pokémon
|rule|OHKO Clause: OHKO moves are banned
|rule|Evasion Items Clause: Evasion items are banned
|rule|Evasion Moves Clause: Evasion moves are banned
|rule|Evasion Abilities Clause: Evasion abilities are banned
|rule|Sleep Moves Clause: Sleep-inducing moves are banned
|clearpoke
|poke|p1|Decidueye-Hisui, M|
|poke|p1|Spidops, F|
|poke|p1|Ogerpon-Wellspring, F|
|poke|p1|Zapdos|
|poke|p1|Alomomola, M|
|poke|p1|Excadrill, M|
|poke|p2|Tyranitar, F|
|poke|p2|Excadrill, M|
|poke|p2|Glimmora, F|
|poke|p2|Landorus-Therian, M|
|poke|p2|Hippowdon, F|
|poke|p2|Gliscor, F|
|teampreview
|
|t:|1769335810
|teamsize|p1|6
|teamsize|p2|6
|start
|switch|p1a: free silk|Spidops, F|100/100
|switch|p2a: 沙|Tyranitar, F|100/100
|-weather|Sandstorm|[from] ability: Sand Stream|[of] p2a: 沙
|turn|1
|
|t:|1769335818
|move|p2a: 沙|Dragon Dance|p2a: 沙
|-boost|p2a: 沙|atk|1
|-boost|p2a: 沙|spe|1
|move|p1a: free silk|Sticky Web|p2a: 沙
|-sidestart|p2: MUJIE123666|move: Sticky Web
|
|-weather|Sandstorm|[upkeep]
|-damage|p1a: free silk|94/100|[from] Sandstorm
|upkeep
|turn|2
|
|t:|1769335824
|move|p2a: 沙|Dragon Dance|p2a: 沙
|-boost|p2a: 沙|atk|1
|-boost|p2a: 沙|spe|1
|move|p1a: free silk|Circle Throw|p2a: 沙
|-supereffective|p2a: 沙
|-damage|p2a: 沙|46/100
|-enditem|p2a: 沙|Weakness Policy
|-boost|p2a: 沙|atk|2|[from] item: Weakness Policy
|-boost|p2a: 沙|spa|2|[from] item: Weakness Policy
|drag|p2a: Landorus|Landorus-Therian, M|100/100
|-ability|p2a: Landorus|Intimidate|boost
|-unboost|p1a: free silk|atk|1
|
|-weather|Sandstorm|[upkeep]
|-damage|p1a: free silk|88/100|[from] Sandstorm
|upkeep
|turn|3
|
|t:|1769335836
|move|p2a: Landorus|U-turn|p1a: free silk
|-damage|p1a: free silk|57/100
|
|t:|1769335841
|switch|p2a: 暴|Excadrill, M|100/100|[from] U-turn
|-activate|p2a: 暴|move: Sticky Web
|-unboost|p2a: 暴|spe|1
|move|p1a: free silk|Memento|p2a: 暴
|-unboost|p2a: 暴|atk|2
|-unboost|p2a: 暴|spa|2
|faint|p1a: free silk
|
|-weather|Sandstorm|[upkeep]
|upkeep
|
|t:|1769335847
|switch|p1a: Ogerpon|Ogerpon-Wellspring, F|100/100
|turn|4
|
|t:|1769335856
|switch|p2a: 沙|Tyranitar, F|46/100
|-activate|p2a: 沙|move: Sticky Web
|-unboost|p2a: 沙|spe|1
|move|p1a: Ogerpon|Swords Dance|p1a: Ogerpon
|-boost|p1a: Ogerpon|atk|2
|
|-weather|Sandstorm|[upkeep]
|-damage|p1a: Ogerpon|95/100|[from] Sandstorm
|upkeep
|turn|5
|
|t:|1769335865
|move|p1a: Ogerpon|Horn Leech|p2a: 沙
|-supereffective|p2a: 沙
|-damage|p2a: 沙|0 fnt
|-heal|p1a: Ogerpon|100/100|[from] drain|[of] p2a: 沙
|faint|p2a: 沙
|
|-weather|none
|upkeep
|
|t:|1769335878
|switch|p2a: Glimmora|Glimmora, F|100/100
|-activate|p2a: Glimmora|move: Sticky Web
|-unboost|p2a: Glimmora|spe|1
|turn|6
|
|t:|1769335888
|move|p1a: Ogerpon|Ivy Cudgel|p2a: Glimmora|[anim] Ivy Cudgel Water
|-supereffective|p2a: Glimmora
|-enditem|p2a: Glimmora|Focus Sash
|-damage|p2a: Glimmora|1/100
|-activate|p2a: Glimmora|ability: Toxic Debris
|-sidestart|p1: bulky_behemoth|move: Toxic Spikes
|move|p2a: Glimmora|Stealth Rock|p1a: Ogerpon
|-sidestart|p1: bulky_behemoth|move: Stealth Rock
|
|upkeep
|turn|7
|
|t:|1769335895
|move|p1a: Ogerpon|Knock Off|p2a: Glimmora
|-damage|p2a: Glimmora|0 fnt
|-activate|p2a: Glimmora|ability: Toxic Debris
|-sidestart|p1: bulky_behemoth|move: Toxic Spikes
|faint|p2a: Glimmora
|
|upkeep
|
|t:|1769335900
|switch|p2a: Landorus|Landorus-Therian, M|100/100
|-ability|p2a: Landorus|Intimidate|boost
|-unboost|p1a: Ogerpon|atk|1
|turn|8
|
|t:|1769335905
|move|p2a: Landorus|Earthquake|p1a: Ogerpon
|-resisted|p1a: Ogerpon
|-damage|p1a: Ogerpon|69/100
|move|p1a: Ogerpon|Ivy Cudgel|p2a: Landorus|[anim] Ivy Cudgel Water
|-supereffective|p2a: Landorus
|-damage|p2a: Landorus|0 fnt
|faint|p2a: Landorus
|
|upkeep
|
|t:|1769335912
|switch|p2a: Gliscor|Gliscor, F|100/100
|turn|9
|
|t:|1769335916
|move|p1a: Ogerpon|Swords Dance|p1a: Ogerpon
|-boost|p1a: Ogerpon|atk|2
|move|p2a: Gliscor|Toxic|p1a: Ogerpon
|-status|p1a: Ogerpon|tox
|
|-damage|p1a: Ogerpon|63/100 tox|[from] psn
|-status|p2a: Gliscor|tox|[from] item: Toxic Orb
|upkeep
|turn|10
|
|t:|1769335921
|move|p1a: Ogerpon|Ivy Cudgel|p2a: Gliscor|[anim] Ivy Cudgel Water
|-supereffective|p2a: Gliscor
|-damage|p2a: Gliscor|0 fnt
|faint|p2a: Gliscor
|
|-damage|p1a: Ogerpon|51/100 tox|[from] psn
|upkeep
|
|t:|1769335926
|switch|p2a: 暴|Excadrill, M|100/100
|-activate|p2a: 暴|move: Sticky Web
|-unboost|p2a: 暴|spe|1
|turn|11
|-message|MUJIE123666 forfeited.
|
|win|bulky_behemoth
|raw|bulky_behemoth's rating: 1083 &rarr; <strong>1110</strong><br />(+27 for winning)
|raw|MUJIE123666's rating: 1082 &rarr; <strong>1060</strong><br />(-22 for losing)
|l|☆MUJIE123666
|player|p2|
|l|☆bulky_behemoth
|player|p1|
