|j|☆UR FUKN RAPlST3828
|j|☆Fhantazy
|t:|1769349235
|gametype|singles
|player|p1|UR FUKN RAPlST3828|170|1299
|player|p2|Fhantazy|1|1360
|gen|9
|tier|[Gen 9] OU
|rated|
|rule|HP Percentage Mod: HP is shown in percentages
|rule|Endless Battle Clause: Forcing endless battles is banned
|rule|Species Clause: Limit one of each Pokémon
|rule|OHKO Clause: OHKO moves are banned
|rule|Evasion Items Clause: Evasion items are banned
|rule|Evasion Moves Clause: Evasion moves are banned
|rule|Evasion Abilities Clause: Evasion abilities are banned
|rule|Sleep Moves Clause: Sleep-inducing moves are banned
|clearpoke
|poke|p1|Barraskewda, F|
|poke|p1|Iron Treads|
|poke|p1|Hatterene, F|
|poke|p1|Zapdos|
|poke|p1|Pelipper, M|
|poke|p1|Toxicroak, M|
|poke|p2|Great Tusk|
|poke|p2|Corviknight, F|
|poke|p2|Kyurem|
|poke|p2|Pecharunt|
|poke|p2|Tyranitar, F|
|poke|p2|Iron Valiant|
|teampreview
|
|t:|1769349240
|teamsize|p1|6
|teamsize|p2|6
|start
|switch|p1a: Pelipper|Pelipper, M, shiny|100/100
|switch|p2a: Kyurem|Kyurem|100/100
|-ability|p2a: Kyurem|Pressure
|-weather|RainDance|[from] ability: Drizzle|[of] p1a: Pelipper
|turn|1
|
|t:|1769349245
|switch|p1a: Hatterene|Hatterene, F, shiny|100/100
|move|p2a: Kyurem|Freeze-Dry|p1a: Hatterene
|-damage|p1a: Hatterene|45/100
|-enditem|p1a: Hatterene|Eject Button
|
|t:|1769349250
|switch|p1a: Barraskewda|Barraskewda, F, shiny|100/100
|
|-weather|RainDance|[upkeep]
|upkeep
|turn|2
|
|t:|1769349262
|-terastallize|p1a: Barraskewda|Water
|move|p1a: Barraskewda|Flip Turn|p2a: Kyurem
|-resisted|p2a: Kyurem
|-damage|p2a: Kyurem|55/100
|
|t:|1769349268
|switch|p1a: Hatterene|Hatterene, F, shiny|45/100|[from] Flip Turn
|move|p2a: Kyurem|Freeze-Dry|p1a: Hatterene
|-damage|p1a: Hatterene|0 fnt
|faint|p1a: Hatterene
|
|-weather|RainDance|[upkeep]
|upkeep
|
|t:|1769349270
|switch|p1a: Barraskewda|Barraskewda, F, shiny, tera:Water|100/100
|turn|3
|
|t:|1769349291
|switch|p2a: Corviknight|Corviknight, F|100/100
|-ability|p2a: Corviknight|Pressure
|move|p1a: Barraskewda|Liquidation|p2a: Corviknight
|-damage|p2a: Corviknight|17/100
|
|-weather|RainDance|[upkeep]
|-heal|p2a: Corviknight|24/100|[from] item: Leftovers
|upkeep
|turn|4
|
|t:|1769349295
|move|p1a: Barraskewda|Liquidation|p2a: Corviknight
|-damage|p2a: Corviknight|0 fnt
|faint|p2a: Corviknight
|
|-weather|RainDance|[upkeep]
|upkeep
|
|t:|1769349299
|switch|p2a: Pecharunt|Pecharunt|100/100
|-item|p2a: Pecharunt|Air Balloon
|turn|5
|
|t:|1769349307
|switch|p1a: Iron Treads|Iron Treads, shiny|100/100
|move|p2a: Pecharunt|Shadow Ball|p1a: Iron Treads
|-damage|p1a: Iron Treads|81/100
|
|-weather|RainDance|[upkeep]
|-heal|p1a: Iron Treads|88/100|[from] item: Leftovers
|upkeep
|turn|6
|
|t:|1769349312
|switch|p2a: Great Tusk|Great Tusk|100/100
|move|p1a: Iron Treads|Volt Switch|p2a: Great Tusk
|-immune|p2a: Great Tusk
|
|-weather|RainDance|[upkeep]
|-heal|p1a: Iron Treads|94/100|[from] item: Leftovers
|upkeep
|turn|7
|
|t:|1769349326
|-end|p1a: Iron Treads|Quark Drive|[silent]
|switch|p1a: Zapdos|Zapdos, shiny|100/100
|move|p2a: Great Tusk|Close Combat|p1a: Zapdos
|-resisted|p1a: Zapdos
|-damage|p1a: Zapdos|59/100
|-unboost|p2a: Great Tusk|def|1
|-unboost|p2a: Great Tusk|spd|1
|
|-weather|RainDance|[upkeep]
|upkeep
|turn|8
|
|t:|1769349331
|-end|p2a: Great Tusk|Protosynthesis|[silent]
|switch|p2a: Tyranitar|Tyranitar, F|100/100
|-weather|Sandstorm|[from] ability: Sand Stream|[of] p2a: Tyranitar
|move|p1a: Zapdos|Weather Ball|p2a: Tyranitar
|-damage|p2a: Tyranitar|68/100
|
|-weather|Sandstorm|[upkeep]
|-damage|p1a: Zapdos|53/100|[from] Sandstorm
|upkeep
|turn|9
|
|t:|1769349334
|switch|p1a: Toxicroak|Toxicroak, M, shiny|100/100
|move|p2a: Tyranitar|Knock Off|p1a: Toxicroak
|-resisted|p1a: Toxicroak
|-damage|p1a: Toxicroak|60/100
|-damage|p2a: Tyranitar|52/100|[from] item: Rocky Helmet|[of] p1a: Toxicroak
|-enditem|p1a: Toxicroak|Rocky Helmet|[from] move: Knock Off|[of] p2a: Tyranitar
|
|-weather|Sandstorm|[upkeep]
|-damage|p1a: Toxicroak|54/100|[from] Sandstorm
|upkeep
|turn|10
|
|t:|1769349343
|switch|p2a: Pecharunt|Pecharunt|100/100
|-item|p2a: Pecharunt|Air Balloon
|move|p1a: Toxicroak|Knock Off|p2a: Pecharunt
|-supereffective|p2a: Pecharunt
|-damage|p2a: Pecharunt|71/100
|-enditem|p2a: Pecharunt|Air Balloon
|
|-weather|Sandstorm|[upkeep]
|-damage|p2a: Pecharunt|65/100|[from] Sandstorm
|-damage|p1a: Toxicroak|48/100|[from] Sandstorm
|upkeep
|turn|11
|
|t:|1769349349
|switch|p1a: Pelipper|Pelipper, M, shiny|100/100
|-weather|RainDance|[from] ability: Drizzle|[of] p1a: Pelipper
|move|p2a: Pecharunt|Recover|p2a: Pecharunt
|-heal|p2a: Pecharunt|100/100
|
|-weather|RainDance|[upkeep]
|upkeep
|turn|12
|
|t:|1769349359
|switch|p2a: Kyurem|Kyurem|55/100
|-ability|p2a: Kyurem|Pressure
|move|p1a: Pelipper|U-turn|p2a: Kyurem
|-crit|p2a: Kyurem
|-damage|p2a: Kyurem|41/100
|
|t:|1769349362
|switch|p1a: Barraskewda|Barraskewda, F, shiny, tera:Water|100/100|[from] U-turn
|
|-weather|RainDance|[upkeep]
|upkeep
|turn|13
|
|t:|1769349365
|move|p1a: Barraskewda|Liquidation|p2a: Kyurem
|-resisted|p2a: Kyurem
|-damage|p2a: Kyurem|0 fnt
|faint|p2a: Kyurem
|
|-weather|RainDance|[upkeep]
|upkeep
|
|t:|1769349369
|switch|p2a: Pecharunt|Pecharunt|100/100
|turn|14
|
|t:|1769349375
|switch|p1a: Iron Treads|Iron Treads, shiny|94/100
|move|p2a: Pecharunt|Recover||[still]
|-fail|p2a: Pecharunt|heal
|
|-weather|RainDance|[upkeep]
|-heal|p1a: Iron Treads|99/100|[from] item: Leftovers
|upkeep
|turn|15
|
|t:|1769349381
|switch|p2a: Great Tusk|Great Tusk|100/100
|move|p1a: Iron Treads|Stealth Rock|p2a: Great Tusk
|-sidestart|p2: Fhantazy|move: Stealth Rock
|
|-weather|RainDance|[upkeep]
|-heal|p1a: Iron Treads|100/100|[from] item: Leftovers
|upkeep
|turn|16
|
|t:|1769349387
|move|p2a: Great Tusk|Close Combat|p1a: Iron Treads
|-supereffective|p1a: Iron Treads
|-damage|p1a: Iron Treads|3/100
|-unboost|p2a: Great Tusk|def|1
|-unboost|p2a: Great Tusk|spd|1
|move|p1a: Iron Treads|Earthquake|p2a: Great Tusk
|-damage|p2a: Great Tusk|57/100
|
|-weather|RainDance|[upkeep]
|-heal|p1a: Iron Treads|9/100|[from] item: Leftovers
|upkeep
|turn|17
|
|t:|1769349395
|-end|p1a: Iron Treads|Quark Drive|[silent]
|switch|p1a: Toxicroak|Toxicroak, M, shiny|48/100
|move|p2a: Great Tusk|Close Combat|p1a: Toxicroak
|-resisted|p1a: Toxicroak
|-damage|p1a: Toxicroak|21/100
|-unboost|p2a: Great Tusk|def|1
|-unboost|p2a: Great Tusk|spd|1
|
|-weather|RainDance|[upkeep]
|-heal|p1a: Toxicroak|33/100|[from] ability: Dry Skin
|upkeep
|turn|18
|
|t:|1769349406
|-end|p2a: Great Tusk|Protosynthesis|[silent]
|switch|p2a: Pecharunt|Pecharunt|100/100
|-damage|p2a: Pecharunt|88/100|[from] Stealth Rock
|move|p1a: Toxicroak|Knock Off|p2a: Pecharunt
|-supereffective|p2a: Pecharunt
|-damage|p2a: Pecharunt|68/100
|
|-weather|none
|upkeep
|turn|19
|
|t:|1769349412
|switch|p1a: Pelipper|Pelipper, M, shiny|100/100
|-weather|RainDance|[from] ability: Drizzle|[of] p1a: Pelipper
|move|p2a: Pecharunt|Shadow Ball|p1a: Pelipper
|-damage|p1a: Pelipper|77/100
|
|-weather|RainDance|[upkeep]
|upkeep
|turn|20
|
|t:|1769349420
|switch|p1a: Iron Treads|Iron Treads, shiny|9/100
|move|p2a: Pecharunt|Malignant Chain|p1a: Iron Treads
|-immune|p1a: Iron Treads
|
|-weather|RainDance|[upkeep]
|-heal|p1a: Iron Treads|16/100|[from] item: Leftovers
|upkeep
|turn|21
|
|t:|1769349424
|move|p1a: Iron Treads|Earthquake|p2a: Pecharunt
|-supereffective|p2a: Pecharunt
|-damage|p2a: Pecharunt|16/100
|move|p2a: Pecharunt|Shadow Ball|p1a: Iron Treads
|-damage|p1a: Iron Treads|0 fnt
|faint|p1a: Iron Treads
|-end|p1a: Iron Treads|Quark Drive|[silent]
|
|-weather|RainDance|[upkeep]
|upkeep
|
|t:|1769349428
|switch|p1a: Barraskewda|Barraskewda, F, shiny, tera:Water|100/100
|turn|22
|
|t:|1769349434
|move|p1a: Barraskewda|Liquidation|p2a: Pecharunt
|-damage|p2a: Pecharunt|0 fnt
|faint|p2a: Pecharunt
|
|-weather|RainDance|[upkeep]
|upkeep
|
|t:|1769349439
|switch|p2a: Tyranitar|Tyranitar, F|52/100
|-damage|p2a: Tyranitar|40/100|[from] Stealth Rock
|-weather|Sandstorm|[from] ability: Sand Stream|[of] p2a: Tyranitar
|turn|23
|
|t:|1769349443
|move|p1a: Barraskewda|Liquidation|p2a: Tyranitar
|-supereffective|p2a: Tyranitar
|-damage|p2a: Tyranitar|0 fnt
|faint|p2a: Tyranitar
|
|-weather|Sandstorm|[upkeep]
|-damage|p1a: Barraskewda|94/100|[from] Sandstorm
|upkeep
|
|t:|1769349452
|switch|p2a: Great Tusk|Great Tusk|57/100
|-damage|p2a: Great Tusk|54/100|[from] Stealth Rock
|turn|24
|
|t:|1769349456
|switch|p1a: Pelipper|Pelipper, M, shiny|77/100
|-weather|RainDance|[from] ability: Drizzle|[of] p1a: Pelipper
|move|p2a: Great Tusk|Knock Off|p1a: Pelipper
|-damage|p1a: Pelipper|44/100
|-enditem|p1a: Pelipper|Damp Rock|[from] move: Knock Off|[of] p2a: Great Tusk
|
|-weather|RainDance|[upkeep]
|upkeep
|turn|25
|
|t:|1769349462
|move|p2a: Great Tusk|Knock Off|p1a: Pelipper
|-damage|p1a: Pelipper|21/100
|move|p1a: Pelipper|U-turn|p2a: Great Tusk
|-resisted|p2a: Great Tusk
|-damage|p2a: Great Tusk|50/100
|
|t:|1769349465
|switch|p1a: Barraskewda|Barraskewda, F, shiny, tera:Water|94/100|[from] U-turn
|
|-weather|RainDance|[upkeep]
|upkeep
|turn|26
|
|t:|1769349467
|move|p1a: Barraskewda|Liquidation|p2a: Great Tusk
|-supereffective|p2a: Great Tusk
|-damage|p2a: Great Tusk|0 fnt
|faint|p2a: Great Tusk
|-end|p2a: Great Tusk|Protosynthesis|[silent]
|
|-weather|RainDance|[upkeep]
|upkeep
|
|t:|1769349469
|switch|p2a: Iron Valiant|Iron Valiant|100/100
|-damage|p2a: Iron Valiant|94/100|[from] Stealth Rock
|-enditem|p2a: Iron Valiant|Booster Energy
|-activate|p2a: Iron Valiant|ability: Quark Drive|[fromitem]
|-start|p2a: Iron Valiant|quarkdrivespe
|turn|27
|-message|Fhantazy forfeited.
|
|win|UR FUKN RAPlST3828
|raw|UR FUKN RAPlST3828's rating: 1299 &rarr; <strong>1328</strong><br />(+29 for winning)
|raw|Fhantazy's rating: 1360 &rarr; <strong>1337</strong><br />(-23 for losing)
|l|☆Fhantazy
|player|p2|
