|j|☆bogalho
|j|☆JD2Sleepy
|t:|1769297187
|gametype|singles
|player|p1|bogalho|1|1530
|player|p2|JD2Sleepy|blue|1562
|gen|9
|tier|[Gen 9] OU
|rated|
|rule|HP Percentage Mod: HP is shown in percentages
|rule|Endless Battle Clause: Forcing endless battles is banned
|rule|Species Clause: Limit one of each Pokémon
|rule|OHKO Clause: OHKO moves are banned
|rule|Evasion Items Clause: Evasion items are banned
|rule|Evasion Moves Clause: Evasion moves are banned
|rule|Evasion Abilities Clause: Evasion abilities are banned
|rule|Sleep Moves Clause: Sleep-inducing moves are banned
|clearpoke
|poke|p1|Torkoal, F|
|poke|p1|Scream Tail|
|poke|p1|Walking Wake|
|poke|p1|Raging Bolt|
|poke|p1|Arcanine-Hisui, F|
|poke|p1|Landorus-Therian, M|
|poke|p2|Samurott-Hisui, F|
|poke|p2|Glimmora, M|
|poke|p2|Darkrai|
|poke|p2|Gholdengo|
|poke|p2|Zamazenta-*|
|poke|p2|Kingambit, F|
|teampreview
|
|t:|1769297193
|teamsize|p1|6
|teamsize|p2|6
|start
|switch|p1a: Landorus|Landorus-Therian, M|100/100
|switch|p2a: Samurott-Jack|Samurott-Hisui, F, shiny|100/100
|-ability|p1a: Landorus|Intimidate|boost
|-unboost|p2a: Samurott-Jack|atk|1
|turn|1
|
|t:|1769297209
|switch|p2a: All Dae|Glimmora, M|100/100
|move|p1a: Landorus|Stealth Rock|p2a: All Dae
|-sidestart|p2: JD2Sleepy|move: Stealth Rock
|
|upkeep
|turn|2
|
|t:|1769297223
|move|p1a: Landorus|Earthquake|p2a: All Dae
|-supereffective|p2a: All Dae
|-damage|p2a: All Dae|0 fnt
|-activate|p2a: All Dae|ability: Toxic Debris
|-sidestart|p1: bogalho|move: Toxic Spikes
|faint|p2a: All Dae
|
|upkeep
|
|t:|1769297226
|switch|p2a: Gët Busy|Darkrai|100/100
|-damage|p2a: Gët Busy|88/100|[from] Stealth Rock
|turn|3
|
|t:|1769297229
|move|p2a: Gët Busy|Nasty Plot|p2a: Gët Busy
|-boost|p2a: Gët Busy|spa|2
|move|p1a: Landorus|U-turn|p2a: Gët Busy
|-supereffective|p2a: Gët Busy
|-damage|p2a: Gët Busy|25/100
|
|t:|1769297232
|switch|p1a: Arcanine|Arcanine-Hisui, F|100/100|[from] U-turn
|-status|p1a: Arcanine|psn
|
|-damage|p1a: Arcanine|88/100 psn|[from] psn
|upkeep
|turn|4
|
|t:|1769297235
|switch|p2a: Ghold ChainZ|Gholdengo|100/100
|-damage|p2a: Ghold ChainZ|94/100|[from] Stealth Rock
|-item|p2a: Ghold ChainZ|Air Balloon
|move|p1a: Arcanine|Extreme Speed|p2a: Ghold ChainZ
|-immune|p2a: Ghold ChainZ
|
|-damage|p1a: Arcanine|76/100 psn|[from] psn
|upkeep
|turn|5
|
|t:|1769297247
|switch|p1a: Torkoal|Torkoal, F|100/100
|-status|p1a: Torkoal|psn
|-weather|SunnyDay|[from] ability: Drought|[of] p1a: Torkoal
|switch|p2a: Gët Busy|Darkrai|25/100
|-damage|p2a: Gët Busy|12/100|[from] Stealth Rock
|
|-weather|SunnyDay|[upkeep]
|-damage|p1a: Torkoal|88/100 psn|[from] psn
|upkeep
|turn|6
|
|t:|1769297250
|move|p2a: Gët Busy|Dark Pulse|p1a: Torkoal
|-damage|p1a: Torkoal|11/100 psn
|-damage|p2a: Gët Busy|2/100|[from] item: Life Orb
|move|p1a: Torkoal|Rapid Spin|p2a: Gët Busy
|-damage|p2a: Gët Busy|0 fnt
|-boost|p1a: Torkoal|spe|1
|-sideend|p1: bogalho|Toxic Spikes|[from] move: Rapid Spin|[of] p1a: Torkoal
|faint|p2a: Gët Busy
|
|-weather|SunnyDay|[upkeep]
|-damage|p1a: Torkoal|0 fnt|[from] psn
|faint|p1a: Torkoal
|upkeep
|
|t:|1769297264
|switch|p2a: Samurott-Jack|Samurott-Hisui, F, shiny|100/100
|switch|p1a: Walking Wake|Walking Wake|100/100
|-damage|p2a: Samurott-Jack|88/100|[from] Stealth Rock
|-activate|p1a: Walking Wake|ability: Protosynthesis
|-start|p1a: Walking Wake|protosynthesisspe
|turn|7
|
|t:|1769297269
|move|p1a: Walking Wake|Draco Meteor|p2a: Samurott-Jack
|-damage|p2a: Samurott-Jack|0 fnt
|-unboost|p1a: Walking Wake|spa|2
|faint|p2a: Samurott-Jack
|
|-weather|SunnyDay|[upkeep]
|upkeep
|
|t:|1769297275
|switch|p2a: Ghold ChainZ|Gholdengo|94/100
|-damage|p2a: Ghold ChainZ|88/100|[from] Stealth Rock
|-item|p2a: Ghold ChainZ|Air Balloon
|turn|8
|
|t:|1769297280
|-end|p1a: Walking Wake|Protosynthesis|[silent]
|switch|p1a: Landorus|Landorus-Therian, M|100/100
|-ability|p1a: Landorus|Intimidate|boost
|-unboost|p2a: Ghold ChainZ|atk|1
|move|p2a: Ghold ChainZ|Thunder Wave|p1a: Landorus
|-immune|p1a: Landorus
|
|-weather|SunnyDay|[upkeep]
|upkeep
|turn|9
|
|t:|1769297283
|move|p1a: Landorus|U-turn|p2a: Ghold ChainZ
|-resisted|p2a: Ghold ChainZ
|-damage|p2a: Ghold ChainZ|85/100
|-enditem|p2a: Ghold ChainZ|Air Balloon
|
|t:|1769297284
|switch|p1a: Arcanine|Arcanine-Hisui, F|76/100 psn|[from] U-turn
|move|p2a: Ghold ChainZ|Thunder Wave||[still]
|-fail|p2a: Ghold ChainZ
|
|-weather|SunnyDay|[upkeep]
|-damage|p1a: Arcanine|63/100 psn|[from] psn
|upkeep
|turn|10
|
|t:|1769297288
|move|p1a: Arcanine|Flare Blitz|p2a: Ghold ChainZ
|-supereffective|p2a: Ghold ChainZ
|-damage|p2a: Ghold ChainZ|0 fnt
|faint|p2a: Ghold ChainZ
|
|-weather|SunnyDay|[upkeep]
|-damage|p1a: Arcanine|51/100 psn|[from] psn
|upkeep
|
|t:|1769297295
|switch|p2a: 平和|Kingambit, F|100/100
|-damage|p2a: 平和|94/100|[from] Stealth Rock
|-activate|p2a: 平和|ability: Supreme Overlord
|-start|p2a: 平和|fallen4|[silent]
|turn|11
|
|t:|1769297301
|switch|p1a: Landorus|Landorus-Therian, M|100/100
|-ability|p1a: Landorus|Intimidate|boost
|-unboost|p2a: 平和|atk|1
|move|p2a: 平和|Swords Dance|p2a: 平和
|-boost|p2a: 平和|atk|2
|
|-weather|SunnyDay|[upkeep]
|upkeep
|turn|12
|
|t:|1769297304
|-terastallize|p2a: 平和|Dark
|move|p2a: 平和|Sucker Punch|p1a: Landorus
|-damage|p1a: Landorus|0 fnt
|-damage|p2a: 平和|78/100|[from] item: Rocky Helmet|[of] p1a: Landorus
|faint|p1a: Landorus
|
|-weather|none
|upkeep
|
|t:|1769297315
|switch|p1a: Scream Tail|Scream Tail|100/100
|turn|13
|
|t:|1769297318
|-end|p2a: 平和|fallen4|[silent]
|switch|p2a: ZaZa|Zamazenta|100/100
|-damage|p2a: ZaZa|94/100|[from] Stealth Rock
|-ability|p2a: ZaZa|Dauntless Shield|boost
|-boost|p2a: ZaZa|def|1
|-terastallize|p1a: Scream Tail|Dark
|move|p1a: Scream Tail|Thunder Wave|p2a: ZaZa
|-status|p2a: ZaZa|par
|
|-heal|p2a: ZaZa|100/100 par|[from] item: Leftovers
|upkeep
|turn|14
|
|t:|1769297327
|-end|p1a: Scream Tail|Protosynthesis|[silent]
|switch|p1a: Walking Wake|Walking Wake|100/100
|cant|p2a: ZaZa|par
|
|upkeep
|turn|15
|
|t:|1769297333
|move|p1a: Walking Wake|Draco Meteor|p2a: ZaZa
|-damage|p2a: ZaZa|21/100 par
|-unboost|p1a: Walking Wake|spa|2
|move|p2a: ZaZa|Body Press|p1a: Walking Wake
|-damage|p1a: Walking Wake|30/100
|
|-heal|p2a: ZaZa|28/100 par|[from] item: Leftovers
|upkeep
|turn|16
|
|t:|1769297336
|move|p1a: Walking Wake|Draco Meteor|p2a: ZaZa
|-damage|p2a: ZaZa|0 fnt
|-unboost|p1a: Walking Wake|spa|2
|faint|p2a: ZaZa
|
|upkeep
|
|t:|1769297338
|switch|p2a: 平和|Kingambit, F, tera:Dark|78/100
|-damage|p2a: 平和|66/100|[from] Stealth Rock
|-activate|p2a: 平和|ability: Supreme Overlord
|-start|p2a: 平和|fallen5|[silent]
|turn|17
|
|t:|1769297342
|move|p2a: 平和|Sucker Punch|p1a: Walking Wake
|-damage|p1a: Walking Wake|0 fnt
|faint|p1a: Walking Wake
|-end|p1a: Walking Wake|Protosynthesis|[silent]
|
|upkeep
|
|t:|1769297344
|switch|p1a: Arcanine|Arcanine-Hisui, F|51/100 psn
|turn|18
|
|t:|1769297348
|move|p1a: Arcanine|Extreme Speed|p2a: 平和
|-damage|p2a: 平和|33/100
|move|p2a: 平和|Kowtow Cleave|p1a: Arcanine
|-damage|p1a: Arcanine|0 fnt
|faint|p1a: Arcanine
|
|upkeep
|
|t:|1769297353
|switch|p1a: Scream Tail|Scream Tail, tera:Dark|100/100
|turn|19
|
|t:|1769297355
|move|p1a: Scream Tail|Dazzling Gleam|p2a: 平和
|-supereffective|p2a: 平和
|-damage|p2a: 平和|0 fnt
|faint|p2a: 平和
|-end|p2a: 平和|fallen5|[silent]
|
|win|bogalho
|raw|bogalho's rating: 1530 &rarr; <strong>1552</strong><br />(+22 for winning)
|raw|JD2Sleepy's rating: 1562 &rarr; <strong>1540</strong><br />(-22 for losing)
|l|☆bogalho
|player|p1|
|l|☆JD2Sleepy
|player|p2|
