|j|☆jessies boyfriend
|j|☆ratca
|t:|1769312140
|gametype|singles
|player|p1|jessies boyfriend|brock|1363
|player|p2|ratca|101|1360
|gen|9
|tier|[Gen 9] OU
|rated|
|rule|HP Percentage Mod: HP is shown in percentages
|rule|Endless Battle Clause: Forcing endless battles is banned
|rule|Species Clause: Limit one of each Pokémon
|rule|OHKO Clause: OHKO moves are banned
|rule|Evasion Items Clause: Evasion items are banned
|rule|Evasion Moves Clause: Evasion moves are banned
|rule|Evasion Abilities Clause: Evasion abilities are banned
|rule|Sleep Moves Clause: Sleep-inducing moves are banned
|clearpoke
|poke|p1|Rillaboom, M|
|poke|p1|Ninetales, M|
|poke|p1|Great Tusk|
|poke|p1|Typhlosion-Hisui, M|
|poke|p1|Ribombee, M|
|poke|p1|Keldeo-Resolute|
|poke|p2|Hydrapple, F|
|poke|p2|Corviknight, M|
|poke|p2|Blissey, F|
|poke|p2|Dondozo, F|
|poke|p2|Clodsire, F|
|poke|p2|Gliscor, F|
|teampreview
|
|t:|1769312144
|teamsize|p1|6
|teamsize|p2|6
|start
|switch|p1a: Ribombee|Ribombee, M|100/100
|switch|p2a: Gliscor|Gliscor, F|100/100
|turn|1
|inactive|Battle timer is ON: inactive players will automatically lose when time's up. (requested by jessies boyfriend)
|
|t:|1769312148
|move|p2a: Gliscor|Protect|p2a: Gliscor
|-singleturn|p2a: Gliscor|Protect
|move|p1a: Ribombee|Stun Spore|p2a: Gliscor
|-activate|p2a: Gliscor|move: Protect
|
|-status|p2a: Gliscor|tox|[from] item: Toxic Orb
|upkeep
|turn|2
|
|t:|1769312156
|move|p1a: Ribombee|U-turn|p2a: Gliscor
|-resisted|p2a: Gliscor
|-damage|p2a: Gliscor|96/100 tox
|
|t:|1769312157
|switch|p1a: Rillaboom|Rillaboom, M|100/100|[from] U-turn
|-fieldstart|move: Grassy Terrain|[from] ability: Grassy Surge|[of] p1a: Rillaboom
|move|p2a: Gliscor|Spikes|p1a: Rillaboom
|-sidestart|p1: jessies boyfriend|Spikes
|
|-heal|p2a: Gliscor|100/100 tox|[from] ability: Poison Heal
|upkeep
|turn|3
|
|t:|1769312166
|move|p2a: Gliscor|Toxic|p1a: Rillaboom
|-status|p1a: Rillaboom|tox
|move|p1a: Rillaboom|Leech Seed|p2a: Gliscor
|-start|p2a: Gliscor|move: Leech Seed
|
|-damage|p2a: Gliscor|88/100 tox|[from] Leech Seed|[of] p1a: Rillaboom
|-heal|p2a: Gliscor|100/100 tox|[from] ability: Poison Heal
|-damage|p1a: Rillaboom|94/100 tox|[from] psn
|upkeep
|turn|4
|
|t:|1769312178
|move|p2a: Gliscor|Knock Off|p1a: Rillaboom
|-damage|p1a: Rillaboom|76/100 tox
|-enditem|p1a: Rillaboom|Terrain Extender|[from] move: Knock Off|[of] p2a: Gliscor
|move|p1a: Rillaboom|U-turn|p2a: Gliscor
|-resisted|p2a: Gliscor
|-damage|p2a: Gliscor|95/100 tox
|
|t:|1769312181
|switch|p1a: Typhlosion|Typhlosion-Hisui, M|100/100|[from] U-turn
|-damage|p1a: Typhlosion|88/100|[from] Spikes
|
|-heal|p1a: Typhlosion|94/100|[from] Grassy Terrain
|-heal|p1a: Typhlosion|99/100|[from] item: Leftovers
|-damage|p2a: Gliscor|82/100 tox|[from] Leech Seed|[of] p1a: Typhlosion
|-heal|p1a: Typhlosion|100/100|[silent]
|-heal|p2a: Gliscor|95/100 tox|[from] ability: Poison Heal
|upkeep
|turn|5
|
|t:|1769312195
|move|p2a: Gliscor|Protect|p2a: Gliscor
|-singleturn|p2a: Gliscor|Protect
|move|p1a: Typhlosion|Substitute|p1a: Typhlosion
|-start|p1a: Typhlosion|Substitute
|-damage|p1a: Typhlosion|76/100
|
|-heal|p1a: Typhlosion|82/100|[from] Grassy Terrain
|-heal|p1a: Typhlosion|88/100|[from] item: Leftovers
|-damage|p2a: Gliscor|82/100 tox|[from] Leech Seed|[of] p1a: Typhlosion
|-heal|p1a: Typhlosion|100/100|[silent]
|-heal|p2a: Gliscor|95/100 tox|[from] ability: Poison Heal
|upkeep
|turn|6
|
|t:|1769312209
|switch|p2a: Blissey|Blissey, F|100/100
|move|p1a: Typhlosion|Eruption|p2a: Blissey
|-damage|p2a: Blissey|76/100
|
|-heal|p2a: Blissey|82/100|[from] Grassy Terrain
|upkeep
|turn|7
|
|t:|1769312218
|move|p1a: Typhlosion|Calm Mind|p1a: Typhlosion
|-boost|p1a: Typhlosion|spa|1
|-boost|p1a: Typhlosion|spd|1
|move|p2a: Blissey|Seismic Toss|p1a: Typhlosion
|-immune|p1a: Typhlosion
|
|-heal|p2a: Blissey|88/100|[from] Grassy Terrain
|upkeep
|turn|8
|
|t:|1769312236
|move|p1a: Typhlosion|Calm Mind|p1a: Typhlosion
|-boost|p1a: Typhlosion|spa|1
|-boost|p1a: Typhlosion|spd|1
|move|p2a: Blissey|Seismic Toss|p1a: Typhlosion
|-immune|p1a: Typhlosion
|
|-heal|p2a: Blissey|94/100|[from] Grassy Terrain
|upkeep
|turn|9
|
|t:|1769312245
|switch|p2a: Clodsire|Clodsire, F|100/100
|move|p1a: Typhlosion|Calm Mind|p1a: Typhlosion
|-boost|p1a: Typhlosion|spa|1
|-boost|p1a: Typhlosion|spd|1
|
|-fieldend|move: Grassy Terrain
|upkeep
|turn|10
|
|t:|1769312254
|move|p1a: Typhlosion|Infernal Parade|p2a: Clodsire
|-damage|p2a: Clodsire|84/100
|move|p2a: Clodsire|Earthquake|p1a: Typhlosion
|-supereffective|p1a: Typhlosion
|-end|p1a: Typhlosion|Substitute
|
|-heal|p2a: Clodsire|90/100|[from] item: Black Sludge
|upkeep
|turn|11
|
|t:|1769312263
|move|p1a: Typhlosion|Infernal Parade|p2a: Clodsire
|-crit|p2a: Clodsire
|-damage|p2a: Clodsire|65/100
|-status|p2a: Clodsire|brn
|move|p2a: Clodsire|Earthquake|p1a: Typhlosion
|-supereffective|p1a: Typhlosion
|-damage|p1a: Typhlosion|61/100
|
|-heal|p1a: Typhlosion|67/100|[from] item: Leftovers
|-heal|p2a: Clodsire|71/100 brn|[from] item: Black Sludge
|-damage|p2a: Clodsire|65/100 brn|[from] brn
|upkeep
|turn|12
|
|t:|1769312282
|move|p1a: Typhlosion|Infernal Parade|p2a: Clodsire
|-damage|p2a: Clodsire|34/100 brn
|move|p2a: Clodsire|Recover|p2a: Clodsire
|-heal|p2a: Clodsire|84/100 brn
|
|-heal|p1a: Typhlosion|73/100|[from] item: Leftovers
|-heal|p2a: Clodsire|90/100 brn|[from] item: Black Sludge
|-damage|p2a: Clodsire|84/100 brn|[from] brn
|upkeep
|turn|13
|
|t:|1769312292
|switch|p1a: Rillaboom|Rillaboom, M|76/100 tox
|-damage|p1a: Rillaboom|63/100 tox|[from] Spikes
|-fieldstart|move: Grassy Terrain|[from] ability: Grassy Surge|[of] p1a: Rillaboom
|move|p2a: Clodsire|Toxic|p1a: Rillaboom
|-fail|p1a: Rillaboom|tox
|
|-heal|p1a: Rillaboom|69/100 tox|[from] Grassy Terrain
|-heal|p2a: Clodsire|90/100 brn|[from] Grassy Terrain
|-heal|p2a: Clodsire|96/100 brn|[from] item: Black Sludge
|-damage|p1a: Rillaboom|63/100 tox|[from] psn
|-damage|p2a: Clodsire|90/100 brn|[from] brn
|upkeep
|turn|14
|
|t:|1769312305
|switch|p2a: Corviknight|Corviknight, M|100/100
|-ability|p2a: Corviknight|Pressure
|move|p1a: Rillaboom|Leech Seed|p2a: Corviknight
|-start|p2a: Corviknight|move: Leech Seed
|
|-heal|p1a: Rillaboom|69/100 tox|[from] Grassy Terrain
|-damage|p2a: Corviknight|88/100|[from] Leech Seed|[of] p1a: Rillaboom
|-heal|p1a: Rillaboom|82/100 tox|[silent]
|-damage|p1a: Rillaboom|69/100 tox|[from] psn
|upkeep
|turn|15
|
|t:|1769312314
|move|p1a: Rillaboom|U-turn|p2a: Corviknight
|-resisted|p2a: Corviknight
|-damage|p2a: Corviknight|85/100
|
|t:|1769312316
|switch|p1a: Great Tusk|Great Tusk|100/100|[from] U-turn
|-damage|p1a: Great Tusk|88/100|[from] Spikes
|move|p2a: Corviknight|U-turn|p1a: Great Tusk
|-resisted|p1a: Great Tusk
|-damage|p1a: Great Tusk|83/100
|
|t:|1769312323
|switch|p2a: Hydrapple|Hydrapple, F|100/100|[from] U-turn
|
|-heal|p1a: Great Tusk|89/100|[from] Grassy Terrain
|-heal|p1a: Great Tusk|95/100|[from] item: Leftovers
|upkeep
|turn|16
|
|t:|1769312329
|move|p1a: Great Tusk|Ice Spinner|p2a: Hydrapple
|-supereffective|p2a: Hydrapple
|-damage|p2a: Hydrapple|48/100
|-fieldend|move: Grassy Terrain
|move|p2a: Hydrapple|Giga Drain|p1a: Great Tusk
|-supereffective|p1a: Great Tusk
|-damage|p1a: Great Tusk|11/100
|-heal|p2a: Hydrapple|86/100|[from] drain|[of] p1a: Great Tusk
|-damage|p2a: Hydrapple|76/100|[from] item: Life Orb
|
|-heal|p1a: Great Tusk|17/100|[from] item: Leftovers
|upkeep
|turn|17
|
|t:|1769312340
|move|p1a: Great Tusk|Rapid Spin|p2a: Hydrapple
|-damage|p2a: Hydrapple|68/100
|-boost|p1a: Great Tusk|spe|1
|-sideend|p1: jessies boyfriend|Spikes|[from] move: Rapid Spin|[of] p1a: Great Tusk
|move|p2a: Hydrapple|Fickle Beam|p1a: Great Tusk
|-damage|p1a: Great Tusk|0 fnt
|faint|p1a: Great Tusk
|-end|p1a: Great Tusk|Protosynthesis|[silent]
|-damage|p2a: Hydrapple|58/100|[from] item: Life Orb
|
|upkeep
|
|t:|1769312346
|switch|p1a: Ninetales|Ninetales, M, shiny|100/100
|-weather|SunnyDay|[from] ability: Drought|[of] p1a: Ninetales
|turn|18
|
|t:|1769312352
|switch|p2a: Blissey|Blissey, F|94/100
|move|p1a: Ninetales|Memento|p2a: Blissey
|-unboost|p2a: Blissey|atk|2
|-unboost|p2a: Blissey|spa|2
|faint|p1a: Ninetales
|
|-weather|SunnyDay|[upkeep]
|upkeep
|
|t:|1769312362
|switch|p1a: Keldeo|Keldeo-Resolute|100/100
|turn|19
|
|t:|1769312367
|switch|p2a: Hydrapple|Hydrapple, F|91/100
|move|p1a: Keldeo|Substitute|p1a: Keldeo
|-start|p1a: Keldeo|Substitute
|-damage|p1a: Keldeo|76/100
|
|-weather|SunnyDay|[upkeep]
|-heal|p1a: Keldeo|82/100|[from] item: Leftovers
|upkeep
|turn|20
|
|t:|1769312375
|move|p1a: Keldeo|Secret Sword|p2a: Hydrapple
|-damage|p2a: Hydrapple|72/100
|move|p2a: Hydrapple|Giga Drain|p1a: Keldeo
|-supereffective|p1a: Keldeo
|-end|p1a: Keldeo|Substitute
|-heal|p2a: Hydrapple|83/100|[from] drain|[of] p1a: Keldeo
|-damage|p2a: Hydrapple|74/100|[from] item: Life Orb
|
|-weather|SunnyDay|[upkeep]
|-heal|p1a: Keldeo|88/100|[from] item: Leftovers
|upkeep
|turn|21
|
|t:|1769312386
|switch|p1a: Rillaboom|Rillaboom, M|69/100 tox
|-fieldstart|move: Grassy Terrain|[from] ability: Grassy Surge|[of] p1a: Rillaboom
|move|p2a: Hydrapple|Giga Drain|p1a: Rillaboom
|-resisted|p1a: Rillaboom
|-crit|p1a: Rillaboom
|-damage|p1a: Rillaboom|36/100 tox
|-heal|p2a: Hydrapple|90/100|[from] drain|[of] p1a: Rillaboom
|-damage|p2a: Hydrapple|80/100|[from] item: Life Orb
|
|-weather|SunnyDay|[upkeep]
|-heal|p1a: Rillaboom|42/100 tox|[from] Grassy Terrain
|-heal|p2a: Hydrapple|86/100|[from] Grassy Terrain
|-damage|p1a: Rillaboom|36/100 tox|[from] psn
|upkeep
|turn|22
|
|t:|1769312399
|move|p1a: Rillaboom|U-turn|p2a: Hydrapple
|-supereffective|p2a: Hydrapple
|-damage|p2a: Hydrapple|63/100
|
|t:|1769312400
|switch|p1a: Ribombee|Ribombee, M|100/100|[from] U-turn
|move|p2a: Hydrapple|Fickle Beam|p1a: Ribombee
|-immune|p1a: Ribombee
|
|-weather|SunnyDay|[upkeep]
|-heal|p2a: Hydrapple|69/100|[from] Grassy Terrain
|upkeep
|turn|23
|
|t:|1769312427
|switch|p2a: Gliscor|Gliscor, F|95/100 tox
|move|p1a: Ribombee|U-turn|p2a: Gliscor
|-resisted|p2a: Gliscor
|-damage|p2a: Gliscor|90/100 tox
|
|t:|1769312429
|switch|p1a: Typhlosion|Typhlosion-Hisui, M|73/100|[from] U-turn
|
|-weather|SunnyDay|[upkeep]
|-heal|p1a: Typhlosion|79/100|[from] Grassy Terrain
|-heal|p1a: Typhlosion|85/100|[from] item: Leftovers
|-heal|p2a: Gliscor|100/100 tox|[from] ability: Poison Heal
|upkeep
|turn|24
|inactive|ratca has 120 seconds left.
|
|t:|1769312452
|-terastallize|p1a: Typhlosion|Fire
|-terastallize|p2a: Gliscor|Dragon
|move|p1a: Typhlosion|Eruption|p2a: Gliscor
|-resisted|p2a: Gliscor
|-damage|p2a: Gliscor|19/100 tox
|move|p2a: Gliscor|Knock Off|p1a: Typhlosion
|-damage|p1a: Typhlosion|57/100
|-enditem|p1a: Typhlosion|Leftovers|[from] move: Knock Off|[of] p2a: Gliscor
|
|-weather|SunnyDay|[upkeep]
|-heal|p1a: Typhlosion|63/100|[from] Grassy Terrain
|-heal|p2a: Gliscor|25/100 tox|[from] Grassy Terrain
|-heal|p2a: Gliscor|37/100 tox|[from] ability: Poison Heal
|upkeep
|turn|25
|inactive|ratca has 120 seconds left.
|
|t:|1769312465
|move|p2a: Gliscor|Protect|p2a: Gliscor
|-singleturn|p2a: Gliscor|Protect
|move|p1a: Typhlosion|Calm Mind|p1a: Typhlosion
|-boost|p1a: Typhlosion|spa|1
|-boost|p1a: Typhlosion|spd|1
|
|-weather|none
|-heal|p1a: Typhlosion|68/100|[from] Grassy Terrain
|-heal|p2a: Gliscor|44/100 tox|[from] Grassy Terrain
|-heal|p2a: Gliscor|56/100 tox|[from] ability: Poison Heal
|-fieldend|move: Grassy Terrain
|upkeep
|turn|26
|
|t:|1769312474
|move|p1a: Typhlosion|Infernal Parade|p2a: Gliscor
|-damage|p2a: Gliscor|0 fnt
|faint|p2a: Gliscor
|
|upkeep
|
|t:|1769312483
|switch|p2a: Dondozo|Dondozo, F|100/100
|turn|27
|
|t:|1769312487
|switch|p1a: Rillaboom|Rillaboom, M|36/100 tox
|-fieldstart|move: Grassy Terrain|[from] ability: Grassy Surge|[of] p1a: Rillaboom
|move|p2a: Dondozo|Wave Crash|p1a: Rillaboom
|-resisted|p1a: Rillaboom
|-damage|p1a: Rillaboom|17/100 tox
|-damage|p2a: Dondozo|96/100|[from] Recoil
|
|-heal|p1a: Rillaboom|24/100 tox|[from] Grassy Terrain
|-heal|p2a: Dondozo|100/100|[from] Grassy Terrain
|-damage|p1a: Rillaboom|17/100 tox|[from] psn
|upkeep
|turn|28
|
|t:|1769312500
|move|p1a: Rillaboom|U-turn|p2a: Dondozo
|-damage|p2a: Dondozo|92/100
|
|t:|1769312503
|switch|p1a: Keldeo|Keldeo-Resolute|88/100|[from] U-turn
|move|p2a: Dondozo|Wave Crash|p1a: Keldeo
|-resisted|p1a: Keldeo
|-damage|p1a: Keldeo|71/100
|-damage|p2a: Dondozo|88/100|[from] Recoil
|
|-heal|p1a: Keldeo|77/100|[from] Grassy Terrain
|-heal|p1a: Keldeo|83/100|[from] item: Leftovers
|-heal|p2a: Dondozo|94/100|[from] Grassy Terrain
|-heal|p2a: Dondozo|99/100|[from] item: Leftovers
|upkeep
|turn|29
|
|t:|1769312523
|switch|p1a: Rillaboom|Rillaboom, M|17/100 tox
|move|p2a: Dondozo|Curse|p2a: Dondozo
|-unboost|p2a: Dondozo|spe|1
|-boost|p2a: Dondozo|atk|1
|-boost|p2a: Dondozo|def|1
|
|-heal|p1a: Rillaboom|24/100 tox|[from] Grassy Terrain
|-heal|p2a: Dondozo|100/100|[from] Grassy Terrain
|-damage|p1a: Rillaboom|17/100 tox|[from] psn
|upkeep
|turn|30
|
|t:|1769312532
|move|p1a: Rillaboom|Leech Seed|p2a: Dondozo
|-start|p2a: Dondozo|move: Leech Seed
|move|p2a: Dondozo|Wave Crash|p1a: Rillaboom
|-resisted|p1a: Rillaboom
|-damage|p1a: Rillaboom|0 fnt
|faint|p1a: Rillaboom
|-damage|p2a: Dondozo|96/100|[from] Recoil
|
|-heal|p2a: Dondozo|100/100|[from] Grassy Terrain
|upkeep
|
|t:|1769312538
|switch|p1a: Typhlosion|Typhlosion-Hisui, M, tera:Fire|68/100
|turn|31
|
|t:|1769312542
|move|p1a: Typhlosion|Substitute|p1a: Typhlosion
|-start|p1a: Typhlosion|Substitute
|-damage|p1a: Typhlosion|44/100
|move|p2a: Dondozo|Wave Crash|p1a: Typhlosion
|-supereffective|p1a: Typhlosion
|-end|p1a: Typhlosion|Substitute
|-damage|p2a: Dondozo|96/100|[from] Recoil|[of] p1a: Typhlosion
|
|-heal|p1a: Typhlosion|50/100|[from] Grassy Terrain
|-heal|p2a: Dondozo|100/100|[from] Grassy Terrain
|-damage|p2a: Dondozo|88/100|[from] Leech Seed|[of] p1a: Typhlosion
|-heal|p1a: Typhlosion|71/100|[silent]
|-fieldend|move: Grassy Terrain
|upkeep
|turn|32
|
|t:|1769312567
|switch|p2a: Blissey|Blissey, F|94/100
|move|p1a: Typhlosion|Substitute|p1a: Typhlosion
|-start|p1a: Typhlosion|Substitute
|-damage|p1a: Typhlosion|46/100
|
|upkeep
|turn|33
|
|t:|1769312573
|move|p1a: Typhlosion|Calm Mind|p1a: Typhlosion
|-boost|p1a: Typhlosion|spa|1
|-boost|p1a: Typhlosion|spd|1
|move|p2a: Blissey|Heal Bell|p2a: Blissey
|-activate|p2a: Blissey|move: Heal Bell
|-curestatus|p2: Clodsire|brn|[msg]
|
|upkeep
|turn|34
|
|t:|1769312582
|switch|p2a: Clodsire|Clodsire, F|90/100
|move|p1a: Typhlosion|Calm Mind|p1a: Typhlosion
|-boost|p1a: Typhlosion|spa|1
|-boost|p1a: Typhlosion|spd|1
|
|-heal|p2a: Clodsire|96/100|[from] item: Black Sludge
|upkeep
|turn|35
|
|t:|1769312589
|move|p1a: Typhlosion|Infernal Parade|p2a: Clodsire
|-damage|p2a: Clodsire|80/100
|move|p2a: Clodsire|Earthquake|p1a: Typhlosion
|-supereffective|p1a: Typhlosion
|-end|p1a: Typhlosion|Substitute
|
|-heal|p2a: Clodsire|86/100|[from] item: Black Sludge
|upkeep
|turn|36
|
|t:|1769312597
|move|p1a: Typhlosion|Eruption|p2a: Clodsire
|-damage|p2a: Clodsire|60/100
|move|p2a: Clodsire|Stealth Rock|p1a: Typhlosion
|-sidestart|p1: jessies boyfriend|move: Stealth Rock
|
|-heal|p2a: Clodsire|66/100|[from] item: Black Sludge
|upkeep
|turn|37
|-message|jessies boyfriend forfeited.
|
|win|ratca
|raw|jessies boyfriend's rating: 1363 &rarr; <strong>1343</strong><br />(-20 for losing)
|raw|ratca's rating: 1360 &rarr; <strong>1380</strong><br />(+20 for winning)
|l|☆jessies boyfriend
|player|p1|
