|j|☆ratca
|j|☆bjls
|t:|1769341310
|gametype|singles
|player|p1|ratca|170|1488
|player|p2|bjls|hilda-wonderlauncher|1531
|gen|9
|tier|[Gen 9] OU
|rated|
|rule|HP Percentage Mod: HP is shown in percentages
|rule|Endless Battle Clause: Forcing endless battles is banned
|rule|Species Clause: Limit one of each Pokémon
|rule|OHKO Clause: OHKO moves are banned
|rule|Evasion Items Clause: Evasion items are banned
|rule|Evasion Moves Clause: Evasion moves are banned
|rule|Evasion Abilities Clause: Evasion abilities are banned
|rule|Sleep Moves Clause: Sleep-inducing moves are banned
|clearpoke
|poke|p1|Hydrapple, F|
|poke|p1|Corviknight, M|
|poke|p1|Blissey, F|
|poke|p1|Dondozo, M|
|poke|p1|Clodsire, F|
|poke|p1|Gliscor, F|
|poke|p2|Pelipper, M|
|poke|p2|Basculegion, M|
|poke|p2|Braviary-Hisui, M|
|poke|p2|Raging Bolt|
|poke|p2|Iron Treads|
|poke|p2|Kingambit, M|
|teampreview
|inactive|Battle timer is ON: inactive players will automatically lose when time's up. (requested by bjls)
|
|t:|1769341319
|teamsize|p1|6
|teamsize|p2|6
|start
|switch|p1a: Hydrapple|Hydrapple, F|100/100
|switch|p2a: 大卫·戴|Pelipper, M|100/100
|-weather|RainDance|[from] ability: Drizzle|[of] p2a: 大卫·戴
|turn|1
|
|t:|1769341325
|move|p2a: 大卫·戴|Ice Beam|p1a: Hydrapple
|-supereffective|p1a: Hydrapple
|-damage|p1a: Hydrapple|16/100
|move|p1a: Hydrapple|Giga Drain|p2a: 大卫·戴
|-crit|p2a: 大卫·戴
|-damage|p2a: 大卫·戴|12/100
|-heal|p1a: Hydrapple|50/100|[from] drain|[of] p2a: 大卫·戴
|-damage|p1a: Hydrapple|40/100|[from] item: Life Orb
|
|-weather|RainDance|[upkeep]
|upkeep
|turn|2
|
|t:|1769341334
|switch|p1a: Blissey|Blissey, F|100/100
|move|p2a: 大卫·戴|Hurricane|p1a: Blissey
|-damage|p1a: Blissey|87/100
|
|-weather|RainDance|[upkeep]
|upkeep
|turn|3
|
|t:|1769341341
|switch|p2a: 一汽·大运|Basculegion, M|100/100
|move|p1a: Blissey|Stealth Rock|p2a: 一汽·大运
|-sidestart|p2: bjls|move: Stealth Rock
|
|-weather|RainDance|[upkeep]
|upkeep
|turn|4
|
|t:|1769341349
|switch|p1a: Hydrapple|Hydrapple, F|74/100
|move|p2a: 一汽·大运|Outrage|p1a: Hydrapple
|-supereffective|p1a: Hydrapple
|-damage|p1a: Hydrapple|4/100
|
|-weather|RainDance|[upkeep]
|upkeep
|turn|5
|
|t:|1769341356
|switch|p1a: Corviknight|Corviknight, M|100/100
|-ability|p1a: Corviknight|Pressure
|move|p2a: 一汽·大运|Outrage|p1a: Corviknight|[from] lockedmove
|-resisted|p1a: Corviknight
|-damage|p1a: Corviknight|82/100
|-start|p2a: 一汽·大运|confusion|[fatigue]
|
|-weather|RainDance|[upkeep]
|-heal|p1a: Corviknight|88/100|[from] item: Leftovers
|upkeep
|turn|6
|
|t:|1769341366
|switch|p2a: 驭雷掣电天尊|Raging Bolt|100/100
|-damage|p2a: 驭雷掣电天尊|88/100|[from] Stealth Rock
|-enditem|p2a: 驭雷掣电天尊|Booster Energy
|-activate|p2a: 驭雷掣电天尊|ability: Protosynthesis|[fromitem]
|-start|p2a: 驭雷掣电天尊|protosynthesisspa
|move|p1a: Corviknight|U-turn|p2a: 驭雷掣电天尊
|-damage|p2a: 驭雷掣电天尊|76/100
|
|t:|1769341375
|switch|p1a: Hydrapple|Hydrapple, F|37/100|[from] U-turn
|
|-weather|RainDance|[upkeep]
|upkeep
|turn|7
|
|t:|1769341380
|switch|p1a: Blissey|Blissey, F|87/100
|move|p2a: 驭雷掣电天尊|Weather Ball|p1a: Blissey
|-damage|p1a: Blissey|61/100
|
|-weather|RainDance|[upkeep]
|upkeep
|turn|8
|
|t:|1769341387
|move|p2a: 驭雷掣电天尊|Thunderbolt|p1a: Blissey
|-crit|p1a: Blissey
|-damage|p1a: Blissey|26/100
|move|p1a: Blissey|Soft-Boiled|p1a: Blissey
|-heal|p1a: Blissey|76/100
|
|-weather|none
|upkeep
|turn|9
|
|t:|1769341393
|move|p2a: 驭雷掣电天尊|Thunderbolt|p1a: Blissey
|-damage|p1a: Blissey|51/100
|move|p1a: Blissey|Seismic Toss|p2a: 驭雷掣电天尊
|-damage|p2a: 驭雷掣电天尊|54/100
|
|upkeep
|turn|10
|
|t:|1769341399
|move|p2a: 驭雷掣电天尊|Draco Meteor|p1a: Blissey
|-damage|p1a: Blissey|15/100
|-unboost|p2a: 驭雷掣电天尊|spa|2
|move|p1a: Blissey|Soft-Boiled|p1a: Blissey
|-heal|p1a: Blissey|65/100
|
|upkeep
|turn|11
|
|t:|1769341409
|-end|p2a: 驭雷掣电天尊|Protosynthesis|[silent]
|switch|p2a: 帝车超光所向捷|Iron Treads|100/100
|-damage|p2a: 帝车超光所向捷|97/100|[from] Stealth Rock
|-enditem|p2a: 帝车超光所向捷|Booster Energy
|-activate|p2a: 帝车超光所向捷|ability: Quark Drive|[fromitem]
|-start|p2a: 帝车超光所向捷|quarkdrivespe
|move|p1a: Blissey|Soft-Boiled|p1a: Blissey
|-heal|p1a: Blissey|100/100
|
|upkeep
|turn|12
|
|t:|1769341417
|move|p2a: 帝车超光所向捷|Rapid Spin|p1a: Blissey
|-damage|p1a: Blissey|87/100
|-boost|p2a: 帝车超光所向捷|spe|1
|-sideend|p2: bjls|Stealth Rock|[from] move: Rapid Spin|[of] p2a: 帝车超光所向捷
|move|p1a: Blissey|Seismic Toss|p2a: 帝车超光所向捷
|-damage|p2a: 帝车超光所向捷|66/100
|
|upkeep
|turn|13
|
|t:|1769341425
|-end|p2a: 帝车超光所向捷|Quark Drive|[silent]
|switch|p2a: 大卫·戴|Pelipper, M|12/100
|-weather|RainDance|[from] ability: Drizzle|[of] p2a: 大卫·戴
|move|p1a: Blissey|Stealth Rock|p2a: 大卫·戴
|-sidestart|p2: bjls|move: Stealth Rock
|
|-weather|RainDance|[upkeep]
|upkeep
|turn|14
|
|t:|1769341434
|switch|p2a: 一汽·大运|Basculegion, M|100/100
|-damage|p2a: 一汽·大运|88/100|[from] Stealth Rock
|move|p1a: Blissey|Thunder Wave|p2a: 一汽·大运
|-status|p2a: 一汽·大运|par
|
|-weather|RainDance|[upkeep]
|upkeep
|turn|15
|
|t:|1769341443
|switch|p1a: Dondozo|Dondozo, M|100/100
|cant|p2a: 一汽·大运|par
|
|-weather|RainDance|[upkeep]
|upkeep
|turn|16
|
|t:|1769341448
|cant|p2a: 一汽·大运|par
|move|p1a: Dondozo|Wave Crash|p2a: 一汽·大运
|-resisted|p2a: 一汽·大运
|-damage|p2a: 一汽·大运|50/100 par
|-damage|p1a: Dondozo|91/100|[from] Recoil
|
|-weather|RainDance|[upkeep]
|-heal|p1a: Dondozo|97/100|[from] item: Leftovers
|upkeep
|turn|17
|
|t:|1769341457
|move|p2a: 一汽·大运|Wave Crash|p1a: Dondozo
|-resisted|p1a: Dondozo
|-damage|p1a: Dondozo|67/100
|-damage|p2a: 一汽·大运|37/100 par|[from] Recoil
|move|p1a: Dondozo|Curse|p1a: Dondozo
|-unboost|p1a: Dondozo|spe|1
|-boost|p1a: Dondozo|atk|1
|-boost|p1a: Dondozo|def|1
|
|-weather|RainDance|[upkeep]
|-heal|p1a: Dondozo|73/100|[from] item: Leftovers
|upkeep
|turn|18
|
|t:|1769341468
|move|p2a: 一汽·大运|Wave Crash|p1a: Dondozo
|-resisted|p1a: Dondozo
|-damage|p1a: Dondozo|53/100
|-damage|p2a: 一汽·大运|28/100 par|[from] Recoil
|move|p1a: Dondozo|Wave Crash|p2a: 一汽·大运
|-resisted|p2a: 一汽·大运
|-damage|p2a: 一汽·大运|0 fnt
|faint|p2a: 一汽·大运
|-damage|p1a: Dondozo|46/100|[from] Recoil
|
|-weather|RainDance|[upkeep]
|-heal|p1a: Dondozo|52/100|[from] item: Leftovers
|upkeep
|
|t:|1769341475
|switch|p2a: 扶摇|Braviary-Hisui, M|100/100
|-damage|p2a: 扶摇|75/100|[from] Stealth Rock
|turn|19
|
|t:|1769341483
|switch|p1a: Corviknight|Corviknight, M|88/100
|-ability|p1a: Corviknight|Pressure
|move|p2a: 扶摇|Hurricane|p1a: Corviknight
|-resisted|p1a: Corviknight
|-damage|p1a: Corviknight|41/100
|
|-weather|RainDance|[upkeep]
|-heal|p1a: Corviknight|47/100|[from] item: Leftovers
|upkeep
|turn|20
|
|t:|1769341497
|move|p1a: Corviknight|Roost|p1a: Corviknight
|-heal|p1a: Corviknight|97/100
|-singleturn|p1a: Corviknight|move: Roost
|move|p2a: 扶摇|Hurricane|p1a: Corviknight
|-resisted|p1a: Corviknight
|-damage|p1a: Corviknight|48/100
|
|-weather|none
|-heal|p1a: Corviknight|54/100|[from] item: Leftovers
|upkeep
|turn|21
|
|t:|1769341506
|move|p1a: Corviknight|Roost|p1a: Corviknight
|-heal|p1a: Corviknight|100/100
|-singleturn|p1a: Corviknight|move: Roost
|move|p2a: 扶摇|Hurricane|p1a: Corviknight
|-resisted|p1a: Corviknight
|-damage|p1a: Corviknight|56/100
|
|-heal|p1a: Corviknight|62/100|[from] item: Leftovers
|upkeep
|turn|22
|
|t:|1769341515
|move|p1a: Corviknight|Iron Head|p2a: 扶摇
|-damage|p2a: 扶摇|50/100
|cant|p2a: 扶摇|flinch
|
|-heal|p1a: Corviknight|68/100|[from] item: Leftovers
|upkeep
|turn|23
|
|t:|1769341521
|move|p1a: Corviknight|Iron Head|p2a: 扶摇
|-damage|p2a: 扶摇|25/100
|move|p2a: 扶摇|Psychic|p1a: Corviknight
|-resisted|p1a: Corviknight
|-damage|p1a: Corviknight|28/100
|
|-heal|p1a: Corviknight|34/100|[from] item: Leftovers
|upkeep
|turn|24
|
|t:|1769341528
|move|p1a: Corviknight|Roost|p1a: Corviknight
|-heal|p1a: Corviknight|84/100
|-singleturn|p1a: Corviknight|move: Roost
|move|p2a: 扶摇|Psychic|p1a: Corviknight
|-resisted|p1a: Corviknight
|-damage|p1a: Corviknight|48/100
|
|-heal|p1a: Corviknight|54/100|[from] item: Leftovers
|upkeep
|turn|25
|
|t:|1769341537
|move|p1a: Corviknight|Iron Head|p2a: 扶摇
|-damage|p2a: 扶摇|0 fnt
|faint|p2a: 扶摇
|
|-heal|p1a: Corviknight|60/100|[from] item: Leftovers
|upkeep
|
|t:|1769341539
|switch|p2a: 帝车超光所向捷|Iron Treads|66/100
|-damage|p2a: 帝车超光所向捷|63/100|[from] Stealth Rock
|turn|26
|
|t:|1769341546
|move|p2a: 帝车超光所向捷|Rapid Spin|p1a: Corviknight
|-resisted|p1a: Corviknight
|-damage|p1a: Corviknight|56/100
|-boost|p2a: 帝车超光所向捷|spe|1
|-sideend|p2: bjls|Stealth Rock|[from] move: Rapid Spin|[of] p2a: 帝车超光所向捷
|move|p1a: Corviknight|Roost|p1a: Corviknight
|-heal|p1a: Corviknight|100/100
|-singleturn|p1a: Corviknight|move: Roost
|
|upkeep
|turn|27
|
|t:|1769341558
|-end|p2a: 帝车超光所向捷|Quark Drive|[silent]
|switch|p2a: 大卫·戴|Pelipper, M|12/100
|-weather|RainDance|[from] ability: Drizzle|[of] p2a: 大卫·戴
|move|p1a: Corviknight|U-turn|p2a: 大卫·戴
|-resisted|p2a: 大卫·戴
|-damage|p2a: 大卫·戴|6/100
|
|t:|1769341566
|switch|p1a: Blissey|Blissey, F|87/100|[from] U-turn
|
|-weather|RainDance|[upkeep]
|upkeep
|turn|28
|
|t:|1769341573
|switch|p2a: 驭雷掣电天尊|Raging Bolt|54/100
|move|p1a: Blissey|Stealth Rock|p2a: 驭雷掣电天尊
|-sidestart|p2: bjls|move: Stealth Rock
|
|-weather|RainDance|[upkeep]
|upkeep
|turn|29
|
|t:|1769341579
|move|p2a: 驭雷掣电天尊|Weather Ball|p1a: Blissey
|-damage|p1a: Blissey|67/100
|move|p1a: Blissey|Seismic Toss|p2a: 驭雷掣电天尊
|-damage|p2a: 驭雷掣电天尊|32/100
|
|-weather|RainDance|[upkeep]
|upkeep
|turn|30
|
|t:|1769341586
|move|p2a: 驭雷掣电天尊|Thunderbolt|p1a: Blissey
|-damage|p1a: Blissey|47/100
|move|p1a: Blissey|Soft-Boiled|p1a: Blissey
|-heal|p1a: Blissey|97/100
|
|-weather|RainDance|[upkeep]
|upkeep
|turn|31
|
|t:|1769341594
|move|p2a: 驭雷掣电天尊|Thunderbolt|p1a: Blissey
|-damage|p1a: Blissey|80/100
|move|p1a: Blissey|Seismic Toss|p2a: 驭雷掣电天尊
|-damage|p2a: 驭雷掣电天尊|10/100
|
|-weather|RainDance|[upkeep]
|upkeep
|turn|32
|
|t:|1769341601
|move|p2a: 驭雷掣电天尊|Draco Meteor|p1a: Blissey|[miss]
|-miss|p2a: 驭雷掣电天尊|p1a: Blissey
|move|p1a: Blissey|Soft-Boiled|p1a: Blissey
|-heal|p1a: Blissey|100/100
|
|-weather|RainDance|[upkeep]
|upkeep
|turn|33
|
|t:|1769341608
|move|p2a: 驭雷掣电天尊|Draco Meteor|p1a: Blissey|[miss]
|-miss|p2a: 驭雷掣电天尊|p1a: Blissey
|move|p1a: Blissey|Seismic Toss|p2a: 驭雷掣电天尊
|-damage|p2a: 驭雷掣电天尊|0 fnt
|faint|p2a: 驭雷掣电天尊
|-end|p2a: 驭雷掣电天尊|Protosynthesis|[silent]
|
|-weather|RainDance|[upkeep]
|upkeep
|
|t:|1769341613
|switch|p2a: 帝车超光所向捷|Iron Treads|63/100
|-damage|p2a: 帝车超光所向捷|60/100|[from] Stealth Rock
|turn|34
|
|t:|1769341619
|switch|p1a: Hydrapple|Hydrapple, F|71/100
|move|p2a: 帝车超光所向捷|Earthquake|p1a: Hydrapple
|-resisted|p1a: Hydrapple
|-damage|p1a: Hydrapple|57/100
|
|-weather|none
|upkeep
|turn|35
|
|t:|1769341625
|move|p2a: 帝车超光所向捷|Ice Spinner|p1a: Hydrapple
|-supereffective|p1a: Hydrapple
|-crit|p1a: Hydrapple
|-damage|p1a: Hydrapple|0 fnt
|faint|p1a: Hydrapple
|
|upkeep
|
|t:|1769341635
|switch|p1a: Dondozo|Dondozo, M|52/100
|turn|36
|
|t:|1769341639
|move|p2a: 帝车超光所向捷|Rapid Spin|p1a: Dondozo
|-damage|p1a: Dondozo|45/100
|-boost|p2a: 帝车超光所向捷|spe|1
|-sideend|p2: bjls|Stealth Rock|[from] move: Rapid Spin|[of] p2a: 帝车超光所向捷
|move|p1a: Dondozo|Wave Crash|p2a: 帝车超光所向捷
|-supereffective|p2a: 帝车超光所向捷
|-damage|p2a: 帝车超光所向捷|0 fnt
|faint|p2a: 帝车超光所向捷
|-end|p2a: 帝车超光所向捷|Quark Drive|[silent]
|-damage|p1a: Dondozo|33/100|[from] Recoil
|
|-heal|p1a: Dondozo|39/100|[from] item: Leftovers
|upkeep
|
|t:|1769341648
|switch|p2a: 大卫·戴|Pelipper, M|6/100
|-weather|RainDance|[from] ability: Drizzle|[of] p2a: 大卫·戴
|turn|37
|
|t:|1769341655
|switch|p1a: Blissey|Blissey, F|100/100
|move|p2a: 大卫·戴|Hurricane|p1a: Blissey
|-damage|p1a: Blissey|88/100
|
|-weather|RainDance|[upkeep]
|upkeep
|turn|38
|
|t:|1769341661
|move|p2a: 大卫·戴|Weather Ball|p1a: Blissey
|-damage|p1a: Blissey|71/100
|move|p1a: Blissey|Thunder Wave|p2a: 大卫·戴
|-status|p2a: 大卫·戴|par
|
|-weather|RainDance|[upkeep]
|upkeep
|turn|39
|
|t:|1769341677
|move|p1a: Blissey|Stealth Rock|p2a: 大卫·戴
|-sidestart|p2: bjls|move: Stealth Rock
|cant|p2a: 大卫·戴|par
|
|-weather|RainDance|[upkeep]
|upkeep
|turn|40
|
|t:|1769341683
|move|p1a: Blissey|Soft-Boiled|p1a: Blissey
|-heal|p1a: Blissey|100/100
|move|p2a: 大卫·戴|Ice Beam|p1a: Blissey
|-damage|p1a: Blissey|93/100
|
|-weather|RainDance|[upkeep]
|upkeep
|turn|41
|
|t:|1769341689
|move|p1a: Blissey|Seismic Toss|p2a: 大卫·戴
|-damage|p2a: 大卫·戴|0 fnt
|faint|p2a: 大卫·戴
|
|-weather|RainDance|[upkeep]
|upkeep
|
|t:|1769341691
|switch|p2a: 万夫莫敌|Kingambit, M|100/100
|-damage|p2a: 万夫莫敌|94/100|[from] Stealth Rock
|-activate|p2a: 万夫莫敌|ability: Supreme Overlord
|-start|p2a: 万夫莫敌|fallen5|[silent]
|-item|p2a: 万夫莫敌|Air Balloon
|turn|42
|
|t:|1769341699
|-terastallize|p2a: 万夫莫敌|Ghost
|move|p2a: 万夫莫敌|Swords Dance|p2a: 万夫莫敌
|-boost|p2a: 万夫莫敌|atk|2
|move|p1a: Blissey|Thunder Wave|p2a: 万夫莫敌|[miss]
|-miss|p1a: Blissey|p2a: 万夫莫敌
|
|-weather|RainDance|[upkeep]
|upkeep
|turn|43
|
|t:|1769341707
|move|p2a: 万夫莫敌|Kowtow Cleave|p1a: Blissey
|-damage|p1a: Blissey|0 fnt
|faint|p1a: Blissey
|
|-weather|RainDance|[upkeep]
|upkeep
|
|t:|1769341719
|switch|p1a: Gliscor|Gliscor, F|100/100
|turn|44
|
|t:|1769341724
|move|p1a: Gliscor|Knock Off|p2a: 万夫莫敌
|-supereffective|p2a: 万夫莫敌
|-damage|p2a: 万夫莫敌|62/100
|-enditem|p2a: 万夫莫敌|Air Balloon
|move|p2a: 万夫莫敌|Kowtow Cleave|p1a: Gliscor
|-damage|p1a: Gliscor|5/100
|
|-weather|none
|-status|p1a: Gliscor|tox|[from] item: Toxic Orb
|upkeep
|turn|45
|
|t:|1769341733
|move|p1a: Gliscor|Knock Off|p2a: 万夫莫敌
|-supereffective|p2a: 万夫莫敌
|-damage|p2a: 万夫莫敌|39/100
|move|p2a: 万夫莫敌|Kowtow Cleave|p1a: Gliscor
|-damage|p1a: Gliscor|0 fnt
|faint|p1a: Gliscor
|
|upkeep
|
|t:|1769341744
|switch|p1a: Corviknight|Corviknight, M|100/100
|-ability|p1a: Corviknight|Pressure
|turn|46
|
|t:|1769341751
|move|p2a: 万夫莫敌|Swords Dance|p2a: 万夫莫敌
|-boost|p2a: 万夫莫敌|atk|2
|move|p1a: Corviknight|Iron Head|p2a: 万夫莫敌
|-damage|p2a: 万夫莫敌|19/100
|
|upkeep
|turn|47
|
|t:|1769341762
|move|p2a: 万夫莫敌|Kowtow Cleave|p1a: Corviknight
|-damage|p1a: Corviknight|0 fnt
|faint|p1a: Corviknight
|
|upkeep
|
|t:|1769341767
|switch|p1a: Dondozo|Dondozo, M|39/100
|turn|48
|
|t:|1769341770
|move|p2a: 万夫莫敌|Kowtow Cleave|p1a: Dondozo
|-damage|p1a: Dondozo|3/100
|move|p1a: Dondozo|Wave Crash|p2a: 万夫莫敌
|-damage|p2a: 万夫莫敌|0 fnt
|faint|p2a: 万夫莫敌
|-end|p2a: 万夫莫敌|fallen5|[silent]
|-damage|p1a: Dondozo|0 fnt|[from] Recoil
|faint|p1a: Dondozo
|
|win|ratca
|raw|ratca's rating: 1488 &rarr; <strong>1510</strong><br />(+22 for winning)
|raw|bjls's rating: 1531 &rarr; <strong>1509</strong><br />(-22 for losing)
|l|☆bjls
|player|p2|
