|j|☆mystery rain ninja
|j|☆lmp14
|t:|1769421681
|gametype|singles
|player|p1|mystery rain ninja|janine|1504
|player|p2|lmp14|ghetsis-gen5bw|1543
|gen|9
|tier|[Gen 9] OU
|rated|
|rule|HP Percentage Mod: HP is shown in percentages
|rule|Endless Battle Clause: Forcing endless battles is banned
|rule|Species Clause: Limit one of each Pokémon
|rule|OHKO Clause: OHKO moves are banned
|rule|Evasion Items Clause: Evasion items are banned
|rule|Evasion Moves Clause: Evasion moves are banned
|rule|Evasion Abilities Clause: Evasion abilities are banned
|rule|Sleep Moves Clause: Sleep-inducing moves are banned
|clearpoke
|poke|p1|Surskit, M|
|poke|p1|Pelipper, F|
|poke|p1|Raging Bolt|
|poke|p1|Gholdengo|
|poke|p1|Ogerpon-Wellspring, F|
|poke|p1|Hatterene, F|
|poke|p2|Zamazenta-*|
|poke|p2|Ogerpon, F|
|poke|p2|Kingambit, M|
|poke|p2|Ceruledge, M|
|poke|p2|Raging Bolt|
|poke|p2|Corviknight, M|
|teampreview
|inactive|Battle timer is ON: inactive players will automatically lose when time's up. (requested by mystery rain ninja)
|inactive|lmp14 has 120 seconds left.
|
|t:|1769421794
|teamsize|p1|6
|teamsize|p2|6
|start
|switch|p1a: Pelipper|Pelipper, F|100/100
|switch|p2a: Ogerpon|Ogerpon, F|100/100
|-weather|RainDance|[from] ability: Drizzle|[of] p1a: Pelipper
|turn|1
|inactive|mystery rain ninja has 120 seconds left.
|
|t:|1769421843
|switch|p1a: Hatterene|Hatterene, F|100/100
|move|p2a: Ogerpon|Knock Off|p1a: Hatterene
|-damage|p1a: Hatterene|60/100
|-enditem|p1a: Hatterene|Eject Button|[from] move: Knock Off|[of] p2a: Ogerpon
|
|-weather|RainDance|[upkeep]
|upkeep
|turn|2
|inactive|mystery rain ninja has 90 seconds left.
|inactive|lmp14 has 120 seconds left.
|
|t:|1769421882
|switch|p2a: Corviknight|Corviknight, M, shiny|100/100
|-ability|p2a: Corviknight|Pressure
|move|p1a: Hatterene|Dazzling Gleam|p2a: Corviknight
|-resisted|p2a: Corviknight
|-damage|p2a: Corviknight|83/100
|
|-weather|RainDance|[upkeep]
|upkeep
|turn|3
|inactive|mystery rain ninja has 90 seconds left.
|
|t:|1769421890
|move|p2a: Corviknight|U-turn|p1a: Hatterene
|-damage|p1a: Hatterene|49/100
|
|t:|1769421895
|switch|p2a: Ceruledge|Ceruledge, M, shiny|100/100|[from] U-turn
|move|p1a: Hatterene|Nuzzle|p2a: Ceruledge
|-damage|p2a: Ceruledge|95/100
|-status|p2a: Ceruledge|par
|-ability|p2a: Ceruledge|Weak Armor|boost
|-unboost|p2a: Ceruledge|def|1
|-boost|p2a: Ceruledge|spe|2
|
|-weather|RainDance|[upkeep]
|upkeep
|turn|4
|
|t:|1769421910
|move|p2a: Ceruledge|Poltergeist||[still]
|-fail|p2a: Ceruledge
|move|p1a: Hatterene|Psychic Noise|p2a: Ceruledge
|-damage|p2a: Ceruledge|58/100 par
|-start|p2a: Ceruledge|move: Heal Block
|
|-weather|RainDance|[upkeep]
|upkeep
|turn|5
|
|t:|1769421924
|cant|p2a: Ceruledge|par
|move|p1a: Hatterene|Psychic Noise|p2a: Ceruledge
|-damage|p2a: Ceruledge|23/100 par
|
|-weather|RainDance|[upkeep]
|-end|p2a: Ceruledge|move: Heal Block
|upkeep
|turn|6
|
|t:|1769421931
|switch|p1a: Ogerpon|Ogerpon-Wellspring, F|100/100
|cant|p2a: Ceruledge|par
|
|-weather|RainDance|[upkeep]
|upkeep
|turn|7
|
|t:|1769421937
|move|p2a: Ceruledge|Shadow Sneak|p1a: Ogerpon
|-damage|p1a: Ogerpon|59/100
|-damage|p2a: Ceruledge|13/100 par|[from] item: Life Orb
|move|p1a: Ogerpon|Ivy Cudgel|p2a: Ceruledge|[anim] Ivy Cudgel Water
|-supereffective|p2a: Ceruledge
|-damage|p2a: Ceruledge|0 fnt
|faint|p2a: Ceruledge
|
|-weather|RainDance|[upkeep]
|upkeep
|
|t:|1769421943
|switch|p2a: Raging Bolt|Raging Bolt|100/100
|-enditem|p2a: Raging Bolt|Booster Energy
|-activate|p2a: Raging Bolt|ability: Protosynthesis|[fromitem]
|-start|p2a: Raging Bolt|protosynthesisspa
|turn|8
|inactive|mystery rain ninja has 120 seconds left.
|
|t:|1769421958
|switch|p1a: Hatterene|Hatterene, F|49/100
|move|p2a: Raging Bolt|Thunderbolt|p1a: Hatterene
|-damage|p1a: Hatterene|0 fnt
|faint|p1a: Hatterene
|
|-weather|none
|upkeep
|
|t:|1769421959
|switch|p1a: Pelipper|Pelipper, F|100/100
|-weather|RainDance|[from] ability: Drizzle|[of] p1a: Pelipper
|turn|9
|
|t:|1769421966
|-terastallize|p1a: Pelipper|Ground
|move|p1a: Pelipper|Tera Blast|p2a: Raging Bolt|[anim] Tera Blast Ground
|-supereffective|p2a: Raging Bolt
|-damage|p2a: Raging Bolt|40/100
|move|p2a: Raging Bolt|Thunderbolt|p1a: Pelipper
|-immune|p1a: Pelipper
|
|-weather|RainDance|[upkeep]
|upkeep
|turn|10
|
|t:|1769421973
|-end|p2a: Raging Bolt|Protosynthesis|[silent]
|switch|p2a: Ogerpon|Ogerpon, F|100/100
|move|p1a: Pelipper|U-turn|p2a: Ogerpon
|-supereffective|p2a: Ogerpon
|-damage|p2a: Ogerpon|79/100
|
|t:|1769421976
|switch|p1a: Surskit|Surskit, M, shiny|100/100|[from] U-turn
|
|-weather|RainDance|[upkeep]
|upkeep
|turn|11
|
|t:|1769421980
|move|p1a: Surskit|Bug Buzz|p2a: Ogerpon
|-supereffective|p2a: Ogerpon
|-crit|p2a: Ogerpon
|-damage|p2a: Ogerpon|0 fnt
|faint|p2a: Ogerpon
|
|-weather|RainDance|[upkeep]
|upkeep
|
|t:|1769421988
|switch|p2a: Raging Bolt|Raging Bolt|40/100
|turn|12
|
|t:|1769422000
|move|p1a: Surskit|Ice Beam|p2a: Raging Bolt
|-supereffective|p2a: Raging Bolt
|-damage|p2a: Raging Bolt|8/100
|move|p2a: Raging Bolt|Dragon Pulse|p1a: Surskit
|-enditem|p1a: Surskit|Focus Sash
|-damage|p1a: Surskit|1/100
|
|-weather|RainDance|[upkeep]
|upkeep
|turn|13
|
|t:|1769422013
|move|p2a: Raging Bolt|Thunderclap||[still]
|-fail|p2a: Raging Bolt
|move|p1a: Surskit|Sticky Web|p2a: Raging Bolt
|-sidestart|p2: lmp14|move: Sticky Web
|
|-weather|RainDance|[upkeep]
|upkeep
|turn|14
|
|t:|1769422030
|switch|p1a: Pelipper|Pelipper, F, tera:Ground|100/100
|move|p2a: Raging Bolt|Thunderclap||[still]
|-fail|p2a: Raging Bolt
|
|-weather|RainDance|[upkeep]
|upkeep
|turn|15
|
|t:|1769422036
|-end|p2a: Raging Bolt|Protosynthesis|[silent]
|switch|p2a: Corviknight|Corviknight, M, shiny|83/100
|-ability|p2a: Corviknight|Pressure
|move|p1a: Pelipper|Weather Ball|p2a: Corviknight
|-damage|p2a: Corviknight|20/100
|
|-weather|RainDance|[upkeep]
|upkeep
|turn|16
|
|t:|1769422039
|move|p1a: Pelipper|Weather Ball|p2a: Corviknight
|-crit|p2a: Corviknight
|-damage|p2a: Corviknight|0 fnt
|faint|p2a: Corviknight
|
|-weather|none
|upkeep
|
|t:|1769422047
|switch|p2a: Zamazenta|Zamazenta|100/100
|-activate|p2a: Zamazenta|move: Sticky Web
|-unboost|p2a: Zamazenta|spe|1
|-ability|p2a: Zamazenta|Dauntless Shield|boost
|-boost|p2a: Zamazenta|def|1
|turn|17
|
|t:|1769422058
|move|p2a: Zamazenta|Iron Defense|p2a: Zamazenta
|-boost|p2a: Zamazenta|def|2
|move|p1a: Pelipper|Hurricane|p2a: Zamazenta
|-supereffective|p2a: Zamazenta
|-damage|p2a: Zamazenta|32/100
|
|-heal|p2a: Zamazenta|39/100|[from] item: Leftovers
|upkeep
|turn|18
|
|t:|1769422078
|switch|p1a: Gholdengo|Gholdengo|100/100
|-item|p1a: Gholdengo|Air Balloon
|move|p2a: Zamazenta|Body Press|p1a: Gholdengo
|-immune|p1a: Gholdengo
|
|-heal|p2a: Zamazenta|45/100|[from] item: Leftovers
|upkeep
|turn|19
|
|t:|1769422083
|move|p1a: Gholdengo|Dazzling Gleam|p2a: Zamazenta
|-supereffective|p2a: Zamazenta
|-damage|p2a: Zamazenta|0 fnt
|faint|p2a: Zamazenta
|
|upkeep
|
|t:|1769422086
|switch|p2a: Kingambit|Kingambit, M, shiny|100/100
|-activate|p2a: Kingambit|move: Sticky Web
|-unboost|p2a: Kingambit|spe|1
|-activate|p2a: Kingambit|ability: Supreme Overlord
|-start|p2a: Kingambit|fallen4|[silent]
|turn|20
|
|t:|1769422103
|switch|p1a: Pelipper|Pelipper, F, tera:Ground|100/100
|-weather|RainDance|[from] ability: Drizzle|[of] p1a: Pelipper
|move|p2a: Kingambit|Swords Dance|p2a: Kingambit
|-boost|p2a: Kingambit|atk|2
|
|-weather|RainDance|[upkeep]
|upkeep
|turn|21
|
|t:|1769422129
|switch|p1a: Surskit|Surskit, M, shiny|1/100
|move|p2a: Kingambit|Kowtow Cleave|p1a: Surskit
|-damage|p1a: Surskit|0 fnt
|faint|p1a: Surskit
|
|-weather|RainDance|[upkeep]
|upkeep
|inactive|mystery rain ninja has 120 seconds left.
|
|t:|1769422161
|switch|p1a: Raging Bolt|Raging Bolt|100/100
|-enditem|p1a: Raging Bolt|Booster Energy
|-activate|p1a: Raging Bolt|ability: Protosynthesis|[fromitem]
|-start|p1a: Raging Bolt|protosynthesisspa
|turn|22
|
|t:|1769422168
|move|p1a: Raging Bolt|Thunder|p2a: Kingambit
|-damage|p2a: Kingambit|17/100
|-status|p2a: Kingambit|par
|cant|p2a: Kingambit|par
|
|-weather|RainDance|[upkeep]
|-heal|p2a: Kingambit|23/100 par|[from] item: Leftovers
|upkeep
|turn|23
|
|t:|1769422174
|move|p2a: Kingambit|Sucker Punch|p1a: Raging Bolt
|-damage|p1a: Raging Bolt|0 fnt
|faint|p1a: Raging Bolt
|-end|p1a: Raging Bolt|Protosynthesis|[silent]
|
|-weather|RainDance|[upkeep]
|-heal|p2a: Kingambit|30/100 par|[from] item: Leftovers
|upkeep
|
|t:|1769422180
|switch|p1a: Ogerpon|Ogerpon-Wellspring, F|59/100
|turn|24
|inactive|mystery rain ninja has 120 seconds left.
|
|t:|1769422188
|move|p2a: Kingambit|Sucker Punch||[still]
|-fail|p2a: Kingambit
|move|p1a: Ogerpon|Swords Dance|p1a: Ogerpon
|-boost|p1a: Ogerpon|atk|2
|
|-weather|RainDance|[upkeep]
|-heal|p2a: Kingambit|36/100 par|[from] item: Leftovers
|upkeep
|turn|25
|
|t:|1769422193
|move|p2a: Kingambit|Sucker Punch|p1a: Ogerpon
|-damage|p1a: Ogerpon|0 fnt
|faint|p1a: Ogerpon
|
|-weather|RainDance|[upkeep]
|-heal|p2a: Kingambit|42/100 par|[from] item: Leftovers
|upkeep
|
|t:|1769422195
|switch|p1a: Pelipper|Pelipper, F, tera:Ground|100/100
|turn|26
|
|t:|1769422202
|move|p2a: Kingambit|Sucker Punch|p1a: Pelipper
|-damage|p1a: Pelipper|0 fnt
|faint|p1a: Pelipper
|
|-weather|RainDance|[upkeep]
|-heal|p2a: Kingambit|48/100 par|[from] item: Leftovers
|upkeep
|
|t:|1769422205
|switch|p1a: Gholdengo|Gholdengo|100/100
|-item|p1a: Gholdengo|Air Balloon
|turn|27
|
|t:|1769422208
|cant|p2a: Kingambit|par
|move|p1a: Gholdengo|Nasty Plot|p1a: Gholdengo
|-boost|p1a: Gholdengo|spa|2
|
|-weather|none
|-heal|p2a: Kingambit|54/100 par|[from] item: Leftovers
|upkeep
|turn|28
|
|t:|1769422213
|move|p2a: Kingambit|Sucker Punch||[still]
|-fail|p2a: Kingambit
|move|p1a: Gholdengo|Nasty Plot|p1a: Gholdengo
|-boost|p1a: Gholdengo|spa|2
|
|-heal|p2a: Kingambit|61/100 par|[from] item: Leftovers
|upkeep
|turn|29
|
|t:|1769422218
|move|p2a: Kingambit|Sucker Punch|p1a: Gholdengo
|-supereffective|p1a: Gholdengo
|-damage|p1a: Gholdengo|0 fnt
|-enditem|p1a: Gholdengo|Air Balloon
|faint|p1a: Gholdengo
|
|win|lmp14
|raw|mystery rain ninja's rating: 1504 &rarr; <strong>1486</strong><br />(-18 for losing)
|raw|lmp14's rating: 1543 &rarr; <strong>1561</strong><br />(+18 for winning)
|l|☆mystery rain ninja
|player|p1|
|l|☆lmp14
|player|p2|
