|j|☆luxrayblunt
|j|☆haitianprinc3
|t:|1769301201
|gametype|singles
|player|p1|luxrayblunt|leaguestafff|1366
|player|p2|haitianprinc3|marshal|1345
|gen|9
|tier|[Gen 9] OU
|rated|
|rule|HP Percentage Mod: HP is shown in percentages
|rule|Endless Battle Clause: Forcing endless battles is banned
|rule|Species Clause: Limit one of each Pokémon
|rule|OHKO Clause: OHKO moves are banned
|rule|Evasion Items Clause: Evasion items are banned
|rule|Evasion Moves Clause: Evasion moves are banned
|rule|Evasion Abilities Clause: Evasion abilities are banned
|rule|Sleep Moves Clause: Sleep-inducing moves are banned
|clearpoke
|poke|p1|Hydrapple, F|
|poke|p1|Tyranitar, M|
|poke|p1|Moltres|
|poke|p1|Zamazenta-*|
|poke|p1|Slowking-Galar, F|
|poke|p1|Excadrill, M|
|poke|p2|Politoed, M|
|poke|p2|Landorus-Therian, M|
|poke|p2|Goodra, M|
|poke|p2|Kingdra, F|
|poke|p2|Azumarill, M|
|poke|p2|Volcanion|
|teampreview
|inactive|Battle timer is ON: inactive players will automatically lose when time's up. (requested by haitianprinc3)
|
|t:|1769301217
|teamsize|p1|6
|teamsize|p2|6
|start
|switch|p1a: Throatgoat|Hydrapple, F|100/100
|switch|p2a: Politoed|Politoed, M|100/100
|-weather|RainDance|[from] ability: Drizzle|[of] p2a: Politoed
|turn|1
|
|t:|1769301222
|move|p2a: Politoed|Ice Beam|p1a: Throatgoat
|-supereffective|p1a: Throatgoat
|-damage|p1a: Throatgoat|0 fnt
|faint|p1a: Throatgoat
|
|-weather|RainDance|[upkeep]
|upkeep
|
|t:|1769301228
|switch|p1a: Ōtsutsuki|Slowking-Galar, F|100/100
|turn|2
|
|t:|1769301243
|move|p2a: Politoed|Surf|p1a: Ōtsutsuki
|-damage|p1a: Ōtsutsuki|68/100
|move|p1a: Ōtsutsuki|Psyshock|p2a: Politoed
|-crit|p2a: Politoed
|-damage|p2a: Politoed|44/100
|
|-weather|RainDance|[upkeep]
|upkeep
|turn|3
|
|t:|1769301258
|switch|p2a: Volcanion|Volcanion|100/100
|move|p1a: Ōtsutsuki|Psyshock|p2a: Volcanion
|-damage|p2a: Volcanion|75/100
|
|-weather|RainDance|[upkeep]
|upkeep
|turn|4
|
|t:|1769301263
|move|p2a: Volcanion|Steam Eruption|p1a: Ōtsutsuki
|-damage|p1a: Ōtsutsuki|0 fnt
|faint|p1a: Ōtsutsuki
|
|-weather|RainDance|[upkeep]
|upkeep
|
|t:|1769301269
|switch|p1a: Cloberrin Time|Tyranitar, M, shiny|100/100
|-weather|Sandstorm|[from] ability: Sand Stream|[of] p1a: Cloberrin Time
|turn|5
|
|t:|1769301274
|move|p2a: Volcanion|Steam Eruption|p1a: Cloberrin Time
|-supereffective|p1a: Cloberrin Time
|-damage|p1a: Cloberrin Time|38/100
|move|p1a: Cloberrin Time|Stone Edge|p2a: Volcanion
|-supereffective|p2a: Volcanion
|-damage|p2a: Volcanion|0 fnt
|faint|p2a: Volcanion
|
|-weather|Sandstorm|[upkeep]
|upkeep
|
|t:|1769301286
|switch|p2a: Landorus|Landorus-Therian, M|100/100
|-ability|p2a: Landorus|Intimidate|boost
|-unboost|p1a: Cloberrin Time|atk|1
|turn|6
|
|t:|1769301299
|switch|p1a: Hot wing|Moltres|100/100
|move|p2a: Landorus|U-turn|p1a: Hot wing
|-resisted|p1a: Hot wing
|-damage|p1a: Hot wing|96/100
|
|t:|1769301306
|switch|p2a: Politoed|Politoed, M|44/100|[from] U-turn
|-weather|RainDance|[from] ability: Drizzle|[of] p2a: Politoed
|
|-weather|RainDance|[upkeep]
|upkeep
|turn|7
|
|t:|1769301317
|move|p1a: Hot wing|U-turn|p2a: Politoed
|-damage|p2a: Politoed|26/100
|
|t:|1769301319
|switch|p1a: Cloberrin Time|Tyranitar, M, shiny|38/100|[from] U-turn
|-weather|Sandstorm|[from] ability: Sand Stream|[of] p1a: Cloberrin Time
|move|p2a: Politoed|Surf|p1a: Cloberrin Time
|-supereffective|p1a: Cloberrin Time
|-damage|p1a: Cloberrin Time|11/100
|
|-weather|Sandstorm|[upkeep]
|-damage|p2a: Politoed|20/100|[from] Sandstorm
|upkeep
|turn|8
|
|t:|1769301328
|move|p2a: Politoed|Surf|p1a: Cloberrin Time
|-supereffective|p1a: Cloberrin Time
|-damage|p1a: Cloberrin Time|0 fnt
|faint|p1a: Cloberrin Time
|
|-weather|Sandstorm|[upkeep]
|-damage|p2a: Politoed|14/100|[from] Sandstorm
|upkeep
|
|t:|1769301331
|switch|p1a: Knuckles|Excadrill, M, shiny|100/100
|turn|9
|
|t:|1769301352
|switch|p2a: Landorus|Landorus-Therian, M|100/100
|-ability|p2a: Landorus|Intimidate|boost
|-unboost|p1a: Knuckles|atk|1
|move|p1a: Knuckles|Iron Head|p2a: Landorus
|-damage|p2a: Landorus|59/100
|-damage|p1a: Knuckles|91/100|[from] item: Life Orb
|
|-weather|Sandstorm|[upkeep]
|upkeep
|turn|10
|
|t:|1769301367
|switch|p2a: Politoed|Politoed, M|14/100
|-weather|RainDance|[from] ability: Drizzle|[of] p2a: Politoed
|move|p1a: Knuckles|Iron Head|p2a: Politoed
|-resisted|p2a: Politoed
|-damage|p2a: Politoed|0 fnt
|faint|p2a: Politoed
|-damage|p1a: Knuckles|81/100|[from] item: Life Orb
|
|-weather|RainDance|[upkeep]
|upkeep
|
|t:|1769301380
|switch|p2a: Kingdra|Kingdra, F|100/100
|turn|11
|
|t:|1769301387
|-terastallize|p1a: Knuckles|Grass
|move|p2a: Kingdra|Surf|p1a: Knuckles
|-resisted|p1a: Knuckles
|-damage|p1a: Knuckles|14/100
|move|p1a: Knuckles|Earthquake|p2a: Kingdra
|-damage|p2a: Kingdra|44/100
|-damage|p1a: Knuckles|4/100|[from] item: Life Orb
|
|-weather|RainDance|[upkeep]
|upkeep
|turn|12
|
|t:|1769301395
|move|p2a: Kingdra|Surf|p1a: Knuckles
|-resisted|p1a: Knuckles
|-damage|p1a: Knuckles|0 fnt
|faint|p1a: Knuckles
|
|-weather|RainDance|[upkeep]
|upkeep
|
|t:|1769301396
|switch|p1a: Courage|Zamazenta, shiny|100/100
|-ability|p1a: Courage|Dauntless Shield|boost
|-boost|p1a: Courage|def|1
|turn|13
|
|t:|1769301401
|-terastallize|p2a: Kingdra|Water
|move|p2a: Kingdra|Surf|p1a: Courage
|-damage|p1a: Courage|0 fnt
|faint|p1a: Courage
|
|-weather|RainDance|[upkeep]
|upkeep
|
|t:|1769301405
|switch|p1a: Hot wing|Moltres|96/100
|turn|14
|
|t:|1769301409
|move|p2a: Kingdra|Surf|p1a: Hot wing
|-supereffective|p1a: Hot wing
|-damage|p1a: Hot wing|0 fnt
|faint|p1a: Hot wing
|
|win|haitianprinc3
|raw|luxrayblunt's rating: 1366 &rarr; <strong>1345</strong><br />(-21 for losing)
|raw|haitianprinc3's rating: 1345 &rarr; <strong>1366</strong><br />(+21 for winning)
|l|☆luxrayblunt
|player|p1|
|c|☆haitianprinc3|g
