|j|☆Quarantinoo
|j|☆DAYCARE CLR
|t:|1769322402
|gametype|singles
|player|p1|Quarantinoo|101|1387
|player|p2|DAYCARE CLR|2|1448
|gen|9
|tier|[Gen 9] OU
|rated|
|rule|HP Percentage Mod: HP is shown in percentages
|rule|Endless Battle Clause: Forcing endless battles is banned
|rule|Species Clause: Limit one of each Pokémon
|rule|OHKO Clause: OHKO moves are banned
|rule|Evasion Items Clause: Evasion items are banned
|rule|Evasion Moves Clause: Evasion moves are banned
|rule|Evasion Abilities Clause: Evasion abilities are banned
|rule|Sleep Moves Clause: Sleep-inducing moves are banned
|clearpoke
|poke|p1|Bronzong|
|poke|p1|Clodsire, M|
|poke|p1|Gholdengo|
|poke|p1|Pecharunt|
|poke|p1|Chesnaught, M|
|poke|p1|Weavile, F|
|poke|p2|Dragonite, M|
|poke|p2|Ting-Lu|
|poke|p2|Iron Moth|
|poke|p2|Iron Valiant|
|poke|p2|Kyurem|
|poke|p2|Gholdengo|
|teampreview
|inactive|Battle timer is ON: inactive players will automatically lose when time's up. (requested by DAYCARE CLR)
|
|t:|1769322427
|teamsize|p1|6
|teamsize|p2|6
|start
|switch|p1a: Bronzong|Bronzong|100/100
|switch|p2a: Gholdengo|Gholdengo|100/100
|turn|1
|
|t:|1769322432
|switch|p1a: Clodsire|Clodsire, M|100/100
|move|p2a: Gholdengo|Shadow Ball|p1a: Clodsire
|-crit|p1a: Clodsire
|-damage|p1a: Clodsire|66/100
|
|-heal|p1a: Clodsire|72/100|[from] item: Leftovers
|upkeep
|turn|2
|
|t:|1769322447
|switch|p2a: Ting-Lu|Ting-Lu|100/100
|-ability|p2a: Ting-Lu|Vessel of Ruin
|move|p1a: Clodsire|Earthquake|p2a: Ting-Lu
|-damage|p2a: Ting-Lu|85/100
|
|-heal|p1a: Clodsire|79/100|[from] item: Leftovers
|upkeep
|turn|3
|
|t:|1769322457
|move|p2a: Ting-Lu|Stealth Rock|p1a: Clodsire
|-sidestart|p1: Quarantinoo|move: Stealth Rock
|move|p1a: Clodsire|Toxic|p2a: Ting-Lu
|-status|p2a: Ting-Lu|tox
|
|-heal|p1a: Clodsire|85/100|[from] item: Leftovers
|-damage|p2a: Ting-Lu|79/100 tox|[from] psn
|upkeep
|turn|4
|
|t:|1769322480
|switch|p1a: Chesnaught|Chesnaught, M|100/100
|-damage|p1a: Chesnaught|94/100|[from] Stealth Rock
|move|p2a: Ting-Lu|Earthquake|p1a: Chesnaught
|-resisted|p1a: Chesnaught
|-damage|p1a: Chesnaught|83/100
|
|-damage|p2a: Ting-Lu|66/100 tox|[from] psn
|upkeep
|turn|5
|
|t:|1769322497
|switch|p2a: Iron Valiant|Iron Valiant|100/100
|-enditem|p2a: Iron Valiant|Booster Energy
|-activate|p2a: Iron Valiant|ability: Quark Drive|[fromitem]
|-start|p2a: Iron Valiant|quarkdrivespe
|move|p1a: Chesnaught|Knock Off|p2a: Iron Valiant
|-resisted|p2a: Iron Valiant
|-damage|p2a: Iron Valiant|96/100
|
|upkeep
|turn|6
|inactive|Quarantinoo has 120 seconds left.
|inactive|Quarantinoo has 90 seconds left.
|inactive|Quarantinoo has 60 seconds left.
|
|t:|1769322593
|switch|p1a: Pecharunt|Pecharunt|100/100
|move|p2a: Iron Valiant|Knock Off|p1a: Pecharunt
|-supereffective|p1a: Pecharunt
|-damage|p1a: Pecharunt|72/100
|-enditem|p1a: Pecharunt|Heavy-Duty Boots|[from] move: Knock Off|[of] p2a: Iron Valiant
|
|upkeep
|turn|7
|inactive|DAYCARE CLR has 120 seconds left.
|
|t:|1769322632
|-end|p2a: Iron Valiant|Quark Drive|[silent]
|switch|p2a: Gholdengo|Gholdengo|100/100
|move|p1a: Pecharunt|Parting Shot|p2a: Gholdengo
|-immune|p2a: Gholdengo|[from] ability: Good as Gold
|
|upkeep
|turn|8
|inactive|DAYCARE CLR has 120 seconds left.
|
|t:|1769322638
|switch|p2a: Kyurem|Kyurem|100/100
|-ability|p2a: Kyurem|Pressure
|switch|p1a: Clodsire|Clodsire, M|85/100
|-damage|p1a: Clodsire|79/100|[from] Stealth Rock
|
|-heal|p1a: Clodsire|85/100|[from] item: Leftovers
|upkeep
|turn|9
|
|t:|1769322644
|switch|p1a: Bronzong|Bronzong|100/100
|-damage|p1a: Bronzong|94/100|[from] Stealth Rock
|move|p2a: Kyurem|Dragon Dance|p2a: Kyurem
|-boost|p2a: Kyurem|atk|1
|-boost|p2a: Kyurem|spe|1
|
|-heal|p1a: Bronzong|100/100|[from] item: Leftovers
|upkeep
|turn|10
|
|t:|1769322651
|-terastallize|p2a: Kyurem|Fire
|move|p2a: Kyurem|Tera Blast|p1a: Bronzong|[anim] Tera Blast Fire
|-supereffective|p1a: Bronzong
|-damage|p1a: Bronzong|0 fnt
|faint|p1a: Bronzong
|
|upkeep
|inactive|Quarantinoo has 60 seconds left.
|
|t:|1769322664
|switch|p1a: Pecharunt|Pecharunt|72/100
|-damage|p1a: Pecharunt|60/100|[from] Stealth Rock
|turn|11
|
|t:|1769322673
|move|p2a: Kyurem|Dragon Dance|p2a: Kyurem
|-boost|p2a: Kyurem|atk|1
|-boost|p2a: Kyurem|spe|1
|move|p1a: Pecharunt|Recover|p1a: Pecharunt
|-heal|p1a: Pecharunt|100/100
|
|upkeep
|turn|12
|
|t:|1769322680
|move|p2a: Kyurem|Icicle Spear|p1a: Pecharunt
|-damage|p1a: Pecharunt|88/100
|-damage|p1a: Pecharunt|74/100
|-damage|p1a: Pecharunt|59/100
|-damage|p1a: Pecharunt|45/100
|-crit|p1a: Pecharunt
|-damage|p1a: Pecharunt|25/100
|-hitcount|p1a: Pecharunt|5
|move|p1a: Pecharunt|Malignant Chain|p2a: Kyurem
|-damage|p2a: Kyurem|71/100
|
|upkeep
|turn|13
|
|t:|1769322692
|switch|p1a: Chesnaught|Chesnaught, M|83/100
|-damage|p1a: Chesnaught|77/100|[from] Stealth Rock
|move|p2a: Kyurem|Icicle Spear|p1a: Chesnaught
|-supereffective|p1a: Chesnaught
|-damage|p1a: Chesnaught|46/100
|-supereffective|p1a: Chesnaught
|-damage|p1a: Chesnaught|13/100
|-supereffective|p1a: Chesnaught
|-damage|p1a: Chesnaught|0 fnt
|faint|p1a: Chesnaught
|-hitcount|p1: Chesnaught|3
|
|upkeep
|
|t:|1769322702
|switch|p1a: Weavile|Weavile, F|100/100
|-ability|p1a: Weavile|Pressure
|turn|14
|
|t:|1769322707
|-terastallize|p1a: Weavile|Steel
|move|p2a: Kyurem|Tera Blast|p1a: Weavile|[anim] Tera Blast Fire
|-supereffective|p1a: Weavile
|-damage|p1a: Weavile|0 fnt
|faint|p1a: Weavile
|
|upkeep
|
|t:|1769322715
|switch|p1a: Clodsire|Clodsire, M|85/100
|-damage|p1a: Clodsire|79/100|[from] Stealth Rock
|turn|15
|
|t:|1769322732
|move|p2a: Kyurem|Icicle Spear|p1a: Clodsire
|-supereffective|p1a: Clodsire
|-damage|p1a: Clodsire|46/100
|-supereffective|p1a: Clodsire
|-damage|p1a: Clodsire|14/100
|-supereffective|p1a: Clodsire
|-damage|p1a: Clodsire|0 fnt
|faint|p1a: Clodsire
|-hitcount|p1: Clodsire|3
|
|upkeep
|-message|Quarantinoo forfeited.
|
|win|DAYCARE CLR
|raw|Quarantinoo's rating: 1387 &rarr; <strong>1370</strong><br />(-17 for losing)
|raw|DAYCARE CLR's rating: 1448 &rarr; <strong>1465</strong><br />(+17 for winning)
|l|☆Quarantinoo
|player|p1|
|l|☆DAYCARE CLR
|player|p2|
