|j|☆TreyB44
|j|☆Smash BrOUs
|t:|1769386714
|gametype|singles
|player|p1|TreyB44|ghetsis-gen5bw|1479
|player|p2|Smash BrOUs|wallace|1551
|gen|9
|tier|[Gen 9] OU
|rated|
|rule|HP Percentage Mod: HP is shown in percentages
|rule|Endless Battle Clause: Forcing endless battles is banned
|rule|Species Clause: Limit one of each Pokémon
|rule|OHKO Clause: OHKO moves are banned
|rule|Evasion Items Clause: Evasion items are banned
|rule|Evasion Moves Clause: Evasion moves are banned
|rule|Evasion Abilities Clause: Evasion abilities are banned
|rule|Sleep Moves Clause: Sleep-inducing moves are banned
|clearpoke
|poke|p1|Cresselia, F|
|poke|p1|Dragonite, M|
|poke|p1|Zapdos|
|poke|p1|Iron Valiant|
|poke|p1|Gliscor, F|
|poke|p1|Alomomola, F|
|poke|p2|Torterra, F|
|poke|p2|Polteageist|
|poke|p2|Cloyster, F|
|poke|p2|Minior-Green|
|poke|p2|Blastoise, M|
|poke|p2|Drednaw, F|
|teampreview
|inactive|Battle timer is ON: inactive players will automatically lose when time's up. (requested by Smash BrOUs)
|inactive|Smash BrOUs has 120 seconds left.
|
|t:|1769386745
|teamsize|p1|6
|teamsize|p2|6
|start
|switch|p1a: Gliscor|Gliscor, F|100/100
|switch|p2a: Little Mac|Torterra, F|100/100
|turn|1
|
|t:|1769386759
|switch|p1a: Iron Valiant|Iron Valiant|100/100
|-enditem|p1a: Iron Valiant|Booster Energy
|-activate|p1a: Iron Valiant|ability: Quark Drive|[fromitem]
|-start|p1a: Iron Valiant|quarkdrivespe
|move|p2a: Little Mac|Shell Smash|p2a: Little Mac
|-unboost|p2a: Little Mac|def|1
|-unboost|p2a: Little Mac|spd|1
|-boost|p2a: Little Mac|atk|2
|-boost|p2a: Little Mac|spa|2
|-boost|p2a: Little Mac|spe|2
|
|upkeep
|turn|2
|
|t:|1769386769
|move|p1a: Iron Valiant|Encore|p2a: Little Mac
|-start|p2a: Little Mac|Encore
|move|p2a: Little Mac|Shell Smash|p2a: Little Mac
|-unboost|p2a: Little Mac|def|1
|-unboost|p2a: Little Mac|spd|1
|-boost|p2a: Little Mac|atk|2
|-boost|p2a: Little Mac|spa|2
|-boost|p2a: Little Mac|spe|2
|
|upkeep
|turn|3
|
|t:|1769386777
|move|p2a: Little Mac|Shell Smash|p2a: Little Mac
|-unboost|p2a: Little Mac|def|1
|-unboost|p2a: Little Mac|spd|1
|-boost|p2a: Little Mac|atk|2
|-boost|p2a: Little Mac|spa|2
|-boost|p2a: Little Mac|spe|2
|move|p1a: Iron Valiant|Moonblast|p2a: Little Mac
|-damage|p2a: Little Mac|0 fnt
|faint|p2a: Little Mac
|
|upkeep
|
|t:|1769386800
|switch|p2a: Ganondorf|Drednaw, F|100/100
|turn|4
|
|t:|1769386806
|-end|p1a: Iron Valiant|Quark Drive|[silent]
|switch|p1a: Zapdos|Zapdos|100/100
|move|p2a: Ganondorf|Liquidation|p1a: Zapdos
|-damage|p1a: Zapdos|71/100
|-status|p2a: Ganondorf|par|[from] ability: Static|[of] p1a: Zapdos
|
|upkeep
|turn|5
|
|t:|1769386815
|move|p1a: Zapdos|Volt Switch|p2a: Ganondorf
|-supereffective|p2a: Ganondorf
|-damage|p2a: Ganondorf|16/100 par
|
|t:|1769386841
|switch|p1a: Cresselia|Cresselia, F|100/100|[from] Volt Switch
|move|p2a: Ganondorf|Shell Smash|p2a: Ganondorf
|-unboost|p2a: Ganondorf|def|1
|-unboost|p2a: Ganondorf|spd|1
|-boost|p2a: Ganondorf|atk|2
|-boost|p2a: Ganondorf|spa|2
|-boost|p2a: Ganondorf|spe|2
|
|upkeep
|turn|6
|
|t:|1769386850
|move|p2a: Ganondorf|Stone Edge|p1a: Cresselia
|-damage|p1a: Cresselia|53/100
|move|p1a: Cresselia|Moonblast|p2a: Ganondorf
|-damage|p2a: Ganondorf|0 fnt
|faint|p2a: Ganondorf
|
|-heal|p1a: Cresselia|59/100|[from] item: Leftovers
|upkeep
|
|t:|1769386879
|switch|p2a: Mr. Game & Watch|Polteageist|100/100
|turn|7
|
|t:|1769386887
|switch|p1a: Dragonite|Dragonite, M|100/100
|move|p2a: Mr. Game & Watch|Shell Smash|p2a: Mr. Game & Watch
|-unboost|p2a: Mr. Game & Watch|def|1
|-unboost|p2a: Mr. Game & Watch|spd|1
|-boost|p2a: Mr. Game & Watch|atk|2
|-boost|p2a: Mr. Game & Watch|spa|2
|-boost|p2a: Mr. Game & Watch|spe|2
|
|upkeep
|turn|8
|
|t:|1769386906
|-terastallize|p1a: Dragonite|Normal
|move|p2a: Mr. Game & Watch|Stored Power|p1a: Dragonite
|-damage|p1a: Dragonite|43/100
|move|p1a: Dragonite|Earthquake|p2a: Mr. Game & Watch
|-enditem|p2a: Mr. Game & Watch|Focus Sash
|-damage|p2a: Mr. Game & Watch|1/100
|-ability|p2a: Mr. Game & Watch|Weak Armor|boost
|-unboost|p2a: Mr. Game & Watch|def|1
|-boost|p2a: Mr. Game & Watch|spe|2
|
|upkeep
|turn|9
|
|t:|1769386937
|switch|p1a: Cresselia|Cresselia, F|59/100
|move|p2a: Mr. Game & Watch|Stored Power|p1a: Cresselia
|-resisted|p1a: Cresselia
|-damage|p1a: Cresselia|9/100
|
|-heal|p1a: Cresselia|15/100|[from] item: Leftovers
|upkeep
|turn|10
|
|t:|1769386949
|move|p2a: Mr. Game & Watch|Stored Power|p1a: Cresselia
|-resisted|p1a: Cresselia
|-damage|p1a: Cresselia|0 fnt
|faint|p1a: Cresselia
|
|upkeep
|
|t:|1769386954
|switch|p1a: Alomomola|Alomomola, F|100/100
|turn|11
|
|t:|1769386957
|move|p1a: Alomomola|Aqua Jet|p2a: Mr. Game & Watch
|-damage|p2a: Mr. Game & Watch|0 fnt
|faint|p2a: Mr. Game & Watch
|
|upkeep
|
|t:|1769386972
|switch|p2a: Dr. Mario|Cloyster, F|100/100
|turn|12
|inactive|TreyB44 has 120 seconds left.
|
|t:|1769387007
|move|p2a: Dr. Mario|Shell Smash|p2a: Dr. Mario
|-unboost|p2a: Dr. Mario|def|1
|-unboost|p2a: Dr. Mario|spd|1
|-boost|p2a: Dr. Mario|atk|2
|-boost|p2a: Dr. Mario|spa|2
|-boost|p2a: Dr. Mario|spe|2
|move|p1a: Alomomola|Flip Turn|p2a: Dr. Mario
|-resisted|p2a: Dr. Mario
|-damage|p2a: Dr. Mario|91/100
|inactive|TreyB44 has 90 seconds left.
|
|t:|1769387064
|switch|p1a: Gliscor|Gliscor, F|100/100|[from] Flip Turn
|
|-status|p1a: Gliscor|tox|[from] item: Toxic Orb
|upkeep
|turn|13
|
|t:|1769387072
|move|p2a: Dr. Mario|Icicle Spear|p1a: Gliscor
|-supereffective|p1a: Gliscor
|-damage|p1a: Gliscor|38/100 tox
|-supereffective|p1a: Gliscor
|-damage|p1a: Gliscor|0 fnt
|faint|p1a: Gliscor
|-hitcount|p1: Gliscor|2
|
|upkeep
|inactive|TreyB44 has 60 seconds left.
|
|t:|1769387097
|switch|p1a: Zapdos|Zapdos|71/100
|turn|14
|
|t:|1769387103
|move|p2a: Dr. Mario|Icicle Spear|p1a: Zapdos
|-supereffective|p1a: Zapdos
|-damage|p1a: Zapdos|31/100
|-supereffective|p1a: Zapdos
|-damage|p1a: Zapdos|0 fnt
|faint|p1a: Zapdos
|-hitcount|p1: Zapdos|2
|
|upkeep
|
|t:|1769387106
|switch|p1a: Dragonite|Dragonite, M, tera:Normal|43/100
|turn|15
|
|t:|1769387109
|move|p1a: Dragonite|Extreme Speed|p2a: Dr. Mario
|-damage|p2a: Dr. Mario|31/100
|move|p2a: Dr. Mario|Icicle Spear|p1a: Dragonite
|-damage|p1a: Dragonite|19/100
|-damage|p1a: Dragonite|0 fnt
|faint|p1a: Dragonite
|-hitcount|p1: Dragonite|2
|
|upkeep
|
|t:|1769387118
|switch|p1a: Alomomola|Alomomola, F|100/100
|turn|16
|
|t:|1769387126
|-terastallize|p2a: Dr. Mario|Grass
|move|p2a: Dr. Mario|Tera Blast|p1a: Alomomola|[anim] Tera Blast Grass
|-supereffective|p1a: Alomomola
|-crit|p1a: Alomomola
|-damage|p1a: Alomomola|0 fnt
|faint|p1a: Alomomola
|
|upkeep
|
|t:|1769387134
|switch|p1a: Iron Valiant|Iron Valiant|100/100
|turn|17
|c|☆Smash BrOUs|gg
|
|t:|1769387138
|move|p2a: Dr. Mario|Icicle Spear|p1a: Iron Valiant
|-damage|p1a: Iron Valiant|73/100
|-damage|p1a: Iron Valiant|45/100
|-damage|p1a: Iron Valiant|20/100
|-damage|p1a: Iron Valiant|0 fnt
|faint|p1a: Iron Valiant
|-end|p1a: Iron Valiant|Quark Drive|[silent]
|-hitcount|p1: Iron Valiant|4
|
|win|Smash BrOUs
|raw|TreyB44's rating: 1479 &rarr; <strong>1463</strong><br />(-16 for losing)
|raw|Smash BrOUs's rating: 1551 &rarr; <strong>1567</strong><br />(+16 for winning)
|l|☆TreyB44
|player|p1|
|l|☆Smash BrOUs
|player|p2|
