|j|☆Shalimarrrr
|j|☆mc_putao
|t:|1769403841
|gametype|singles
|player|p1|Shalimarrrr|iono|1397
|player|p2|mc_putao|169|1345
|gen|9
|tier|[Gen 9] OU
|rated|
|rule|HP Percentage Mod: HP is shown in percentages
|rule|Endless Battle Clause: Forcing endless battles is banned
|rule|Species Clause: Limit one of each Pokémon
|rule|OHKO Clause: OHKO moves are banned
|rule|Evasion Items Clause: Evasion items are banned
|rule|Evasion Moves Clause: Evasion moves are banned
|rule|Evasion Abilities Clause: Evasion abilities are banned
|rule|Sleep Moves Clause: Sleep-inducing moves are banned
|clearpoke
|poke|p1|Walking Wake|
|poke|p1|Maushold|
|poke|p1|Azumarill, M|
|poke|p1|Kingambit, M|
|poke|p1|Dragapult, F|
|poke|p1|Great Tusk|
|poke|p2|Darkrai|
|poke|p2|Alomomola, M|
|poke|p2|Ogerpon, F|
|poke|p2|Corviknight, F|
|poke|p2|Weezing-Galar, M|
|poke|p2|Garchomp, F|
|teampreview
|
|t:|1769403849
|teamsize|p1|6
|teamsize|p2|6
|start
|switch|p1a: Dragapult|Dragapult, F|100/100
|switch|p2a: Ogerpon|Ogerpon, F|100/100
|turn|1
|inactive|Battle timer is ON: inactive players will automatically lose when time's up. (requested by Shalimarrrr)
|
|t:|1769403868
|-terastallize|p2a: Ogerpon|Grass
|detailschange|p2a: Ogerpon|Ogerpon-Teal-Tera, F, tera:Grass
|-ability|p2a: Ogerpon|Embody Aspect (Teal)|boost
|-boost|p2a: Ogerpon|spe|1
|move|p2a: Ogerpon|Knock Off|p1a: Dragapult
|-supereffective|p1a: Dragapult
|-damage|p1a: Dragapult|20/100
|-enditem|p1a: Dragapult|Focus Sash|[from] move: Knock Off|[of] p2a: Ogerpon
|move|p1a: Dragapult|Will-O-Wisp|p2a: Ogerpon
|-status|p2a: Ogerpon|brn
|
|-damage|p2a: Ogerpon|95/100 brn|[from] brn
|upkeep
|turn|2
|
|t:|1769403881
|move|p2a: Ogerpon|Knock Off|p1a: Dragapult
|-supereffective|p1a: Dragapult
|-damage|p1a: Dragapult|0 fnt
|faint|p1a: Dragapult
|
|-damage|p2a: Ogerpon|89/100 brn|[from] brn
|upkeep
|
|t:|1769403885
|switch|p1a: Walking Wake|Walking Wake|100/100
|-enditem|p1a: Walking Wake|Booster Energy
|-activate|p1a: Walking Wake|ability: Protosynthesis|[fromitem]
|-start|p1a: Walking Wake|protosynthesisspa
|turn|3
|
|t:|1769403902
|move|p2a: Ogerpon|Knock Off|p1a: Walking Wake
|-damage|p1a: Walking Wake|90/100
|move|p1a: Walking Wake|Agility|p1a: Walking Wake
|-boost|p1a: Walking Wake|spe|2
|
|-damage|p2a: Ogerpon|83/100 brn|[from] brn
|upkeep
|turn|4
|
|t:|1769403907
|move|p1a: Walking Wake|Flamethrower|p2a: Ogerpon
|-supereffective|p2a: Ogerpon
|-damage|p2a: Ogerpon|0 fnt
|faint|p2a: Ogerpon
|detailschange|p2: Ogerpon|Ogerpon, F|[silent]
|
|upkeep
|
|t:|1769403911
|switch|p2a: Alomomola|Alomomola, M|100/100
|turn|5
|
|t:|1769403915
|move|p1a: Walking Wake|Dragon Pulse|p2a: Alomomola
|-damage|p2a: Alomomola|70/100
|move|p2a: Alomomola|Mirror Coat|p1a: Walking Wake
|-damage|p1a: Walking Wake|0 fnt
|faint|p1a: Walking Wake
|-end|p1a: Walking Wake|Protosynthesis|[silent]
|
|upkeep
|
|t:|1769403920
|switch|p1a: Tandemauss|Maushold|100/100
|turn|6
|
|t:|1769403924
|move|p1a: Tandemauss|Encore|p2a: Alomomola
|-start|p2a: Alomomola|Encore
|move|p2a: Alomomola|Mirror Coat||[still]
|-fail|p2a: Alomomola
|
|upkeep
|turn|7
|
|t:|1769403930
|switch|p2a: Garchomp|Garchomp, F|100/100
|move|p1a: Tandemauss|Tidy Up|p1a: Tandemauss
|-boost|p1a: Tandemauss|atk|1
|-boost|p1a: Tandemauss|spe|1
|
|upkeep
|turn|8
|
|t:|1769403937
|switch|p1a: Great Tusk|Great Tusk|100/100
|move|p2a: Garchomp|Stealth Rock|p1a: Great Tusk
|-sidestart|p1: Shalimarrrr|move: Stealth Rock
|
|upkeep
|turn|9
|
|t:|1769403943
|move|p1a: Great Tusk|Rapid Spin|p2a: Garchomp
|-damage|p2a: Garchomp|90/100
|-boost|p1a: Great Tusk|spe|1
|-damage|p1a: Great Tusk|88/100|[from] ability: Rough Skin|[of] p2a: Garchomp
|-damage|p1a: Great Tusk|72/100|[from] item: Rocky Helmet|[of] p2a: Garchomp
|-sideend|p1: Shalimarrrr|Stealth Rock|[from] move: Rapid Spin|[of] p1a: Great Tusk
|move|p2a: Garchomp|Earthquake|p1a: Great Tusk
|-damage|p1a: Great Tusk|41/100
|
|upkeep
|turn|10
|
|t:|1769403953
|move|p1a: Great Tusk|Close Combat|p2a: Garchomp
|-damage|p2a: Garchomp|49/100
|-unboost|p1a: Great Tusk|def|1
|-unboost|p1a: Great Tusk|spd|1
|-damage|p1a: Great Tusk|29/100|[from] ability: Rough Skin|[of] p2a: Garchomp
|-damage|p1a: Great Tusk|12/100|[from] item: Rocky Helmet|[of] p2a: Garchomp
|-enditem|p1a: Great Tusk|Eject Pack
|
|t:|1769403964
|-end|p1a: Great Tusk|Protosynthesis|[silent]
|switch|p1a: Kingambit|Kingambit, M|100/100
|-activate|p1a: Kingambit|ability: Supreme Overlord
|-start|p1a: Kingambit|fallen2|[silent]
|move|p2a: Garchomp|Stealth Rock|p1a: Kingambit
|-sidestart|p1: Shalimarrrr|move: Stealth Rock
|
|upkeep
|turn|11
|
|t:|1769403970
|move|p1a: Kingambit|Sucker Punch||[still]
|-fail|p1a: Kingambit
|move|p2a: Garchomp|Spikes|p1a: Kingambit
|-sidestart|p1: Shalimarrrr|Spikes
|
|upkeep
|turn|12
|
|t:|1769403973
|move|p2a: Garchomp|Spikes|p1a: Kingambit
|-sidestart|p1: Shalimarrrr|Spikes
|move|p1a: Kingambit|Swords Dance|p1a: Kingambit
|-boost|p1a: Kingambit|atk|2
|
|upkeep
|turn|13
|
|t:|1769403978
|move|p1a: Kingambit|Sucker Punch|p2a: Garchomp
|-damage|p2a: Garchomp|0 fnt
|-damage|p1a: Kingambit|88/100|[from] ability: Rough Skin|[of] p2a: Garchomp
|-damage|p1a: Kingambit|72/100|[from] item: Rocky Helmet|[of] p2a: Garchomp
|faint|p2a: Garchomp
|
|upkeep
|
|t:|1769403992
|switch|p2a: Corviknight|Corviknight, F|100/100
|-ability|p2a: Corviknight|Pressure
|turn|14
|
|t:|1769403996
|move|p1a: Kingambit|Kowtow Cleave|p2a: Corviknight
|-damage|p2a: Corviknight|10/100
|move|p2a: Corviknight|Iron Defense|p2a: Corviknight
|-boost|p2a: Corviknight|def|2
|
|-heal|p2a: Corviknight|16/100|[from] item: Leftovers
|upkeep
|turn|15
|
|t:|1769404001
|move|p1a: Kingambit|Sucker Punch|p2a: Corviknight
|-damage|p2a: Corviknight|0 fnt
|faint|p2a: Corviknight
|
|upkeep
|
|t:|1769404004
|switch|p2a: Weezing|Weezing-Galar, M|100/100
|-ability|p2a: Weezing|Neutralizing Gas
|turn|16
|
|t:|1769404006
|move|p1a: Kingambit|Kowtow Cleave|p2a: Weezing
|-resisted|p2a: Weezing
|-damage|p2a: Weezing|61/100
|move|p2a: Weezing|Will-O-Wisp|p1a: Kingambit
|-status|p1a: Kingambit|brn
|
|-damage|p1a: Kingambit|66/100 brn|[from] brn
|upkeep
|turn|17
|
|t:|1769404020
|move|p1a: Kingambit|Swords Dance|p1a: Kingambit
|-boost|p1a: Kingambit|atk|2
|move|p2a: Weezing|Sludge Bomb|p1a: Kingambit
|-immune|p1a: Kingambit
|
|-damage|p1a: Kingambit|59/100 brn|[from] brn
|upkeep
|turn|18
|
|t:|1769404035
|-end|p2a: Weezing|ability: Neutralizing Gas
|-activate|p1a: Kingambit|ability: Supreme Overlord
|-start|p1a: Kingambit|fallen2|[silent]
|switch|p2a: Darkrai|Darkrai|100/100
|move|p1a: Kingambit|Swords Dance|p1a: Kingambit
|-boost|p1a: Kingambit|atk|2
|
|-damage|p1a: Kingambit|53/100 brn|[from] brn
|upkeep
|turn|19
|inactive|mc_putao has 120 seconds left.
|
|t:|1769404061
|move|p1a: Kingambit|Sucker Punch||[still]
|-fail|p1a: Kingambit
|move|p2a: Darkrai|Trick|p1a: Kingambit
|-activate|p2a: Darkrai|move: Trick|[of] p1a: Kingambit
|-item|p1a: Kingambit|Choice Specs|[from] move: Trick
|-item|p2a: Darkrai|Black Glasses|[from] move: Trick
|
|-damage|p1a: Kingambit|47/100 brn|[from] brn
|upkeep
|turn|20
|inactive|mc_putao has 120 seconds left.
|
|t:|1769404084
|switch|p2a: Weezing|Weezing-Galar, M|61/100
|-ability|p2a: Weezing|Neutralizing Gas
|move|p1a: Kingambit|Sucker Punch||[still]
|-fail|p1a: Kingambit
|
|-damage|p1a: Kingambit|41/100 brn|[from] brn
|upkeep
|turn|21
|
|t:|1769404096
|move|p1a: Kingambit|Sucker Punch||[still]
|-fail|p1a: Kingambit
|move|p2a: Weezing|Will-O-Wisp|p1a: Kingambit
|-fail|p1a: Kingambit|brn
|
|-damage|p1a: Kingambit|35/100 brn|[from] brn
|upkeep
|turn|22
|
|t:|1769404100
|move|p1a: Kingambit|Sucker Punch||[still]
|-fail|p1a: Kingambit
|move|p2a: Weezing|Will-O-Wisp|p1a: Kingambit|[miss]
|-miss|p2a: Weezing|p1a: Kingambit
|
|-damage|p1a: Kingambit|29/100 brn|[from] brn
|upkeep
|turn|23
|
|t:|1769404103
|-activate|p1a: Kingambit|move: Struggle
|move|p1a: Kingambit|Struggle|p2a: Weezing
|-crit|p2a: Weezing
|-damage|p2a: Weezing|22/100
|-damage|p1a: Kingambit|4/100 brn|[from] recoil
|move|p2a: Weezing|Will-O-Wisp|p1a: Kingambit
|-fail|p1a: Kingambit|brn
|
|-damage|p1a: Kingambit|0 fnt|[from] brn
|faint|p1a: Kingambit
|-end|p1a: Kingambit|fallen2|[silent]
|upkeep
|
|t:|1769404111
|switch|p1a: Tandemauss|Maushold|100/100
|-damage|p1a: Tandemauss|88/100|[from] Stealth Rock
|-damage|p1a: Tandemauss|71/100|[from] Spikes
|turn|24
|
|t:|1769404115
|move|p1a: Tandemauss|Population Bomb|p2a: Weezing
|-damage|p2a: Weezing|17/100
|-hitcount|p2a: Weezing|1
|move|p2a: Weezing|Pain Split|p1a: Tandemauss
|-sethp|p1a: Tandemauss|45/100|[from] move: Pain Split|[silent]
|-sethp|p2a: Weezing|40/100|[from] move: Pain Split
|
|upkeep
|turn|25
|
|t:|1769404127
|move|p1a: Tandemauss|Tidy Up|p1a: Tandemauss
|-sideend|p1: Shalimarrrr|Spikes
|-sideend|p1: Shalimarrrr|Stealth Rock
|-activate|p1a: Tandemauss|move: Tidy Up
|-boost|p1a: Tandemauss|atk|1
|-boost|p1a: Tandemauss|spe|1
|move|p2a: Weezing|Will-O-Wisp|p1a: Tandemauss|[miss]
|-miss|p2a: Weezing|p1a: Tandemauss
|
|upkeep
|turn|26
|inactive|mc_putao has 120 seconds left.
|
|t:|1769404160
|move|p1a: Tandemauss|Population Bomb|p2a: Weezing
|-damage|p2a: Weezing|32/100
|-damage|p2a: Weezing|25/100
|-damage|p2a: Weezing|18/100
|-damage|p2a: Weezing|11/100
|-damage|p2a: Weezing|4/100
|-damage|p2a: Weezing|0 fnt
|faint|p2a: Weezing
|-end|p2a: Weezing|ability: Neutralizing Gas
|-hitcount|p2: Weezing|6
|
|upkeep
|inactive|mc_putao has 120 seconds left.
|
|t:|1769404175
|switch|p2a: Darkrai|Darkrai|100/100
|turn|27
|inactive|mc_putao has 120 seconds left.
|inactive|Shalimarrrr has 120 seconds left.
|
|t:|1769404209
|move|p1a: Tandemauss|Population Bomb|p2a: Darkrai
|-damage|p2a: Darkrai|77/100
|-damage|p2a: Darkrai|54/100
|-damage|p2a: Darkrai|33/100
|-damage|p2a: Darkrai|13/100
|-damage|p2a: Darkrai|0 fnt
|faint|p2a: Darkrai
|-hitcount|p2: Darkrai|5
|
|upkeep
|
|t:|1769404216
|switch|p2a: Alomomola|Alomomola, M|100/100
|turn|28
|
|t:|1769404218
|move|p1a: Tandemauss|Population Bomb|p2a: Alomomola
|-damage|p2a: Alomomola|88/100
|-crit|p2a: Alomomola
|-damage|p2a: Alomomola|70/100
|-damage|p2a: Alomomola|58/100
|-damage|p2a: Alomomola|45/100
|-damage|p2a: Alomomola|31/100
|-damage|p2a: Alomomola|19/100
|-hitcount|p2a: Alomomola|6
|move|p2a: Alomomola|Body Slam|p1a: Tandemauss
|-damage|p1a: Tandemauss|23/100
|
|upkeep
|turn|29
|-message|mc_putao forfeited.
|
|win|Shalimarrrr
|raw|Shalimarrrr's rating: 1397 &rarr; <strong>1414</strong><br />(+17 for winning)
|raw|mc_putao's rating: 1345 &rarr; <strong>1328</strong><br />(-17 for losing)
|l|☆mc_putao
|player|p2|
|l|☆Shalimarrrr
|player|p1|
