|j|☆Luisowbro
|j|☆NebulaTrainer
|t:|1769349263
|gametype|singles
|player|p1|Luisowbro|ingo|1588
|player|p2|NebulaTrainer|cynthia-gen4|1600
|gen|9
|tier|[Gen 9] OU
|rated|
|rule|HP Percentage Mod: HP is shown in percentages
|rule|Endless Battle Clause: Forcing endless battles is banned
|rule|Species Clause: Limit one of each Pokémon
|rule|OHKO Clause: OHKO moves are banned
|rule|Evasion Items Clause: Evasion items are banned
|rule|Evasion Moves Clause: Evasion moves are banned
|rule|Evasion Abilities Clause: Evasion abilities are banned
|rule|Sleep Moves Clause: Sleep-inducing moves are banned
|clearpoke
|poke|p1|Haxorus, M|
|poke|p1|Moltres-Galar|
|poke|p1|Mamoswine, M|
|poke|p1|Scizor, M|
|poke|p1|Volcanion|
|poke|p1|Ninetales-Alola, F|
|poke|p2|Tornadus-Therian, M|
|poke|p2|Heatran, F|
|poke|p2|Hippowdon, M|
|poke|p2|Keldeo-Resolute|
|poke|p2|Excadrill, M|
|poke|p2|Hydrapple, F|
|teampreview
|
|t:|1769349276
|teamsize|p1|6
|teamsize|p2|6
|start
|switch|p1a: Mamoswine|Mamoswine, M|100/100
|switch|p2a: Hydrapple|Hydrapple, F|100/100
|turn|1
|inactive|Battle timer is ON: inactive players will automatically lose when time's up. (requested by Luisowbro)
|
|t:|1769349298
|switch|p2a: Keldeo|Keldeo-Resolute|100/100
|move|p1a: Mamoswine|Stone Edge|p2a: Keldeo
|-resisted|p2a: Keldeo
|-damage|p2a: Keldeo|79/100
|
|upkeep
|turn|2
|
|t:|1769349312
|switch|p1a: Volcanion|Volcanion|100/100
|move|p2a: Keldeo|Hydro Pump|p1a: Volcanion
|-immune|p1a: Volcanion|[from] ability: Water Absorb
|
|upkeep
|turn|3
|
|t:|1769349327
|switch|p2a: Tornadus|Tornadus-Therian, M, shiny|100/100
|move|p1a: Volcanion|Sludge Bomb|p2a: Tornadus
|-damage|p2a: Tornadus|77/100
|
|upkeep
|turn|4
|
|t:|1769349334
|move|p2a: Tornadus|U-turn|p1a: Volcanion
|-resisted|p1a: Volcanion
|-damage|p1a: Volcanion|95/100
|
|t:|1769349340
|switch|p2a: Hydrapple|Hydrapple, F|100/100|[from] U-turn
|move|p1a: Volcanion|Sludge Bomb|p2a: Hydrapple
|-supereffective|p2a: Hydrapple
|-damage|p2a: Hydrapple|28/100
|-status|p2a: Hydrapple|psn
|
|-damage|p2a: Hydrapple|15/100 psn|[from] psn
|upkeep
|turn|5
|
|t:|1769349351
|switch|p2a: Heatran|Heatran, F, shiny|100/100
|move|p1a: Volcanion|Earth Power|p2a: Heatran
|-supereffective|p2a: Heatran
|-damage|p2a: Heatran|12/100
|
|-heal|p2a: Heatran|19/100|[from] item: Leftovers
|upkeep
|turn|6
|
|t:|1769349361
|move|p2a: Heatran|Earth Power|p1a: Volcanion
|-supereffective|p1a: Volcanion
|-damage|p1a: Volcanion|56/100
|move|p1a: Volcanion|Earth Power|p2a: Heatran
|-supereffective|p2a: Heatran
|-damage|p2a: Heatran|0 fnt
|faint|p2a: Heatran
|
|upkeep
|
|t:|1769349370
|switch|p2a: Hippowdon|Hippowdon, M, shiny|100/100
|-weather|Sandstorm|[from] ability: Sand Stream|[of] p2a: Hippowdon
|turn|7
|
|t:|1769349374
|switch|p2a: Tornadus|Tornadus-Therian, M, shiny|100/100
|move|p1a: Volcanion|Steam Eruption|p2a: Tornadus
|-damage|p2a: Tornadus|61/100
|
|-weather|Sandstorm|[upkeep]
|-damage|p2a: Tornadus|55/100|[from] Sandstorm
|-damage|p1a: Volcanion|50/100|[from] Sandstorm
|upkeep
|turn|8
|
|t:|1769349383
|move|p2a: Tornadus|Knock Off|p1a: Volcanion
|-damage|p1a: Volcanion|35/100
|-enditem|p1a: Volcanion|Assault Vest|[from] move: Knock Off|[of] p2a: Tornadus
|move|p1a: Volcanion|Earth Power|p2a: Tornadus
|-immune|p2a: Tornadus
|
|-weather|Sandstorm|[upkeep]
|-damage|p2a: Tornadus|49/100|[from] Sandstorm
|-damage|p1a: Volcanion|29/100|[from] Sandstorm
|upkeep
|turn|9
|
|t:|1769349394
|move|p2a: Tornadus|Hurricane|p1a: Volcanion
|-damage|p1a: Volcanion|0 fnt
|faint|p1a: Volcanion
|
|-weather|Sandstorm|[upkeep]
|-damage|p2a: Tornadus|42/100|[from] Sandstorm
|upkeep
|
|t:|1769349402
|switch|p1a: Ninetales|Ninetales-Alola, F, shiny|100/100
|-weather|Snowscape|[from] ability: Snow Warning|[of] p1a: Ninetales
|turn|10
|
|t:|1769349416
|switch|p2a: Hippowdon|Hippowdon, M, shiny|100/100
|-weather|Sandstorm|[from] ability: Sand Stream|[of] p2a: Hippowdon
|switch|p1a: Mamoswine|Mamoswine, M|100/100
|
|-weather|Sandstorm|[upkeep]
|upkeep
|turn|11
|
|t:|1769349425
|move|p1a: Mamoswine|Icicle Crash|p2a: Hippowdon
|-supereffective|p2a: Hippowdon
|-damage|p2a: Hippowdon|53/100
|cant|p2a: Hippowdon|flinch
|
|-weather|Sandstorm|[upkeep]
|upkeep
|turn|12
|
|t:|1769349432
|-terastallize|p1a: Mamoswine|Ice
|move|p1a: Mamoswine|Icicle Crash|p2a: Hippowdon
|-supereffective|p2a: Hippowdon
|-damage|p2a: Hippowdon|0 fnt
|faint|p2a: Hippowdon
|
|-weather|Sandstorm|[upkeep]
|-damage|p1a: Mamoswine|94/100|[from] Sandstorm
|upkeep
|
|t:|1769349442
|switch|p2a: Keldeo|Keldeo-Resolute|79/100
|turn|13
|
|t:|1769349448
|switch|p1a: Ninetales|Ninetales-Alola, F, shiny|100/100
|-weather|Snowscape|[from] ability: Snow Warning|[of] p1a: Ninetales
|move|p2a: Keldeo|Hydro Pump|p1a: Ninetales
|-damage|p1a: Ninetales|10/100
|
|-weather|Snowscape|[upkeep]
|upkeep
|turn|14
|
|t:|1769349457
|move|p1a: Ninetales|Aurora Veil|p1a: Ninetales
|-sidestart|p1: Luisowbro|move: Aurora Veil
|move|p2a: Keldeo|Hydro Pump|p1a: Ninetales
|-damage|p1a: Ninetales|0 fnt
|faint|p1a: Ninetales
|
|-weather|Snowscape|[upkeep]
|upkeep
|inactive|Luisowbro has 120 seconds left.
|
|t:|1769349501
|switch|p1a: Moltres|Moltres-Galar, shiny|100/100
|turn|15
|
|t:|1769349506
|move|p2a: Keldeo|Hydro Pump|p1a: Moltres
|-damage|p1a: Moltres|68/100
|move|p1a: Moltres|Air Slash|p2a: Keldeo
|-supereffective|p2a: Keldeo
|-crit|p2a: Keldeo
|-damage|p2a: Keldeo|0 fnt
|faint|p2a: Keldeo
|
|-weather|Snowscape|[upkeep]
|upkeep
|
|t:|1769349515
|switch|p2a: Tornadus|Tornadus-Therian, M, shiny|76/100
|turn|16
|
|t:|1769349523
|move|p2a: Tornadus|Knock Off|p1a: Moltres
|-resisted|p1a: Moltres
|-damage|p1a: Moltres|63/100
|-enditem|p1a: Moltres|Sitrus Berry|[from] move: Knock Off|[of] p2a: Tornadus
|move|p1a: Moltres|Agility|p1a: Moltres
|-boost|p1a: Moltres|spe|2
|
|-weather|Snowscape|[upkeep]
|upkeep
|turn|17
|
|t:|1769349532
|move|p1a: Moltres|Nasty Plot|p1a: Moltres
|-boost|p1a: Moltres|spa|2
|move|p2a: Tornadus|Hurricane|p1a: Moltres
|-damage|p1a: Moltres|48/100
|-ability|p1a: Moltres|Berserk|boost
|-boost|p1a: Moltres|spa|1
|
|-weather|none
|upkeep
|turn|18
|
|t:|1769349541
|move|p1a: Moltres|Fiery Wrath|p2a: Tornadus
|-damage|p2a: Tornadus|4/100
|move|p2a: Tornadus|Hurricane|p1a: Moltres
|-damage|p1a: Moltres|34/100
|-start|p1a: Moltres|confusion
|
|upkeep
|turn|19
|
|t:|1769349549
|-activate|p1a: Moltres|confusion
|-damage|p1a: Moltres|28/100|[from] confusion
|move|p2a: Tornadus|U-turn|p1a: Moltres
|-damage|p1a: Moltres|21/100
|
|t:|1769349559
|switch|p2a: Hydrapple|Hydrapple, F|49/100 psn|[from] U-turn
|
|-damage|p2a: Hydrapple|36/100 psn|[from] psn
|upkeep
|turn|20
|
|t:|1769349565
|-activate|p1a: Moltres|confusion
|move|p1a: Moltres|Air Slash|p2a: Hydrapple
|-supereffective|p2a: Hydrapple
|-damage|p2a: Hydrapple|0 fnt
|faint|p2a: Hydrapple
|
|upkeep
|
|t:|1769349571
|switch|p2a: Excadrill|Excadrill, M, shiny|100/100
|turn|21
|
|t:|1769349575
|-activate|p1a: Moltres|confusion
|move|p1a: Moltres|Fiery Wrath|p2a: Excadrill
|-damage|p2a: Excadrill|0 fnt
|faint|p2a: Excadrill
|
|-sideend|p1: Luisowbro|move: Aurora Veil
|upkeep
|-message|NebulaTrainer forfeited.
|
|win|Luisowbro
|raw|Luisowbro's rating: 1588 &rarr; <strong>1609</strong><br />(+21 for winning)
|raw|NebulaTrainer's rating: 1600 &rarr; <strong>1579</strong><br />(-21 for losing)
|l|☆NebulaTrainer
|player|p2|
|l|☆Luisowbro
|player|p1|
