|j|☆froggster
|j|☆xxHaxmaster
|t:|1769357447
|gametype|singles
|player|p1|froggster|colress|1291
|player|p2|xxHaxmaster|benga|1338
|gen|9
|tier|[Gen 9] OU
|rated|
|rule|HP Percentage Mod: HP is shown in percentages
|rule|Endless Battle Clause: Forcing endless battles is banned
|rule|Species Clause: Limit one of each Pokémon
|rule|OHKO Clause: OHKO moves are banned
|rule|Evasion Items Clause: Evasion items are banned
|rule|Evasion Moves Clause: Evasion moves are banned
|rule|Evasion Abilities Clause: Evasion abilities are banned
|rule|Sleep Moves Clause: Sleep-inducing moves are banned
|clearpoke
|poke|p1|Tyranitar, M|
|poke|p1|Garchomp, M|
|poke|p1|Excadrill, M|
|poke|p1|Hatterene, F|
|poke|p1|Gliscor, M|
|poke|p1|Kingambit, M|
|poke|p2|Munkidori, M|
|poke|p2|Rillaboom, M|
|poke|p2|Samurott-Hisui, M|
|poke|p2|Tornadus-Therian, M|
|poke|p2|Heatran, F|
|poke|p2|Raging Bolt|
|teampreview
|inactive|Battle timer is ON: inactive players will automatically lose when time's up. (requested by froggster)
|inactive|xxHaxmaster has 120 seconds left.
|
|t:|1769357482
|teamsize|p1|6
|teamsize|p2|6
|start
|switch|p1a: Garchomp|Garchomp, M|100/100
|switch|p2a: Samurott|Samurott-Hisui, M|100/100
|turn|1
|
|t:|1769357489
|move|p1a: Garchomp|Stealth Rock|p2a: Samurott
|-sidestart|p2: xxHaxmaster|move: Stealth Rock
|move|p2a: Samurott|Ceaseless Edge|p1a: Garchomp
|-damage|p1a: Garchomp|61/100
|-damage|p2a: Samurott|88/100|[from] ability: Rough Skin|[of] p1a: Garchomp
|-damage|p2a: Samurott|72/100|[from] item: Rocky Helmet|[of] p1a: Garchomp
|-sidestart|p1: froggster|Spikes
|
|upkeep
|turn|2
|
|t:|1769357498
|move|p1a: Garchomp|Earthquake|p2a: Samurott
|-damage|p2a: Samurott|14/100
|move|p2a: Samurott|Ceaseless Edge|p1a: Garchomp
|-damage|p1a: Garchomp|19/100
|-damage|p2a: Samurott|2/100|[from] ability: Rough Skin|[of] p1a: Garchomp
|-damage|p2a: Samurott|0 fnt|[from] item: Rocky Helmet|[of] p1a: Garchomp
|faint|p2a: Samurott
|
|upkeep
|
|t:|1769357507
|switch|p2a: Tornadus|Tornadus-Therian, M|100/100
|turn|3
|
|t:|1769357511
|move|p2a: Tornadus|Bleakwind Storm|p1a: Garchomp|[miss]
|-miss|p2a: Tornadus|p1a: Garchomp
|move|p1a: Garchomp|Dragon Tail|p2a: Tornadus
|-damage|p2a: Tornadus|57/100
|drag|p2a: Heatran|Heatran, F|100/100
|-damage|p2a: Heatran|88/100|[from] Stealth Rock
|
|-heal|p2a: Heatran|94/100|[from] item: Leftovers
|upkeep
|turn|4
|
|t:|1769357526
|move|p1a: Garchomp|Earthquake|p2a: Heatran
|-supereffective|p2a: Heatran
|-damage|p2a: Heatran|0 fnt
|faint|p2a: Heatran
|
|upkeep
|
|t:|1769357529
|switch|p2a: Rillaboom|Rillaboom, M|100/100
|-fieldstart|move: Grassy Terrain|[from] ability: Grassy Surge|[of] p2a: Rillaboom
|turn|5
|
|t:|1769357533
|move|p2a: Rillaboom|Grassy Glide|p1a: Garchomp
|-damage|p1a: Garchomp|0 fnt
|-damage|p2a: Rillaboom|88/100|[from] ability: Rough Skin|[of] p1a: Garchomp
|-damage|p2a: Rillaboom|72/100|[from] item: Rocky Helmet|[of] p1a: Garchomp
|faint|p1a: Garchomp
|
|-heal|p2a: Rillaboom|78/100|[from] Grassy Terrain
|upkeep
|
|t:|1769357538
|switch|p1a: Hatterene|Hatterene, F, shiny|100/100
|-damage|p1a: Hatterene|88/100|[from] Spikes
|turn|6
|
|t:|1769357545
|move|p2a: Rillaboom|Knock Off|p1a: Hatterene
|-damage|p1a: Hatterene|46/100
|-enditem|p1a: Hatterene|Leftovers|[from] move: Knock Off|[of] p2a: Rillaboom
|move|p1a: Hatterene|Nuzzle|p2a: Rillaboom
|-resisted|p2a: Rillaboom
|-damage|p2a: Rillaboom|75/100
|-status|p2a: Rillaboom|par
|
|-heal|p2a: Rillaboom|81/100 par|[from] Grassy Terrain
|-heal|p1a: Hatterene|52/100|[from] Grassy Terrain
|upkeep
|turn|7
|
|t:|1769357553
|move|p2a: Rillaboom|Wood Hammer|p1a: Hatterene
|-damage|p1a: Hatterene|0 fnt
|faint|p1a: Hatterene
|-damage|p2a: Rillaboom|66/100 par|[from] Recoil
|
|-heal|p2a: Rillaboom|72/100 par|[from] Grassy Terrain
|upkeep
|
|t:|1769357555
|switch|p1a: Tyranitar|Tyranitar, M, shiny|100/100
|-damage|p1a: Tyranitar|88/100|[from] Spikes
|-weather|Sandstorm|[from] ability: Sand Stream|[of] p1a: Tyranitar
|turn|8
|
|t:|1769357565
|move|p1a: Tyranitar|Ice Punch|p2a: Rillaboom
|-supereffective|p2a: Rillaboom
|-damage|p2a: Rillaboom|0 fnt
|faint|p2a: Rillaboom
|
|-weather|Sandstorm|[upkeep]
|-heal|p1a: Tyranitar|94/100|[from] Grassy Terrain
|upkeep
|
|t:|1769357574
|switch|p2a: Munkidori|Munkidori, M|100/100
|-damage|p2a: Munkidori|88/100|[from] Stealth Rock
|turn|9
|
|t:|1769357578
|-terastallize|p2a: Munkidori|Fighting
|move|p2a: Munkidori|Focus Blast|p1a: Tyranitar
|-supereffective|p1a: Tyranitar
|-damage|p1a: Tyranitar|0 fnt
|faint|p1a: Tyranitar
|
|-weather|Sandstorm|[upkeep]
|-damage|p2a: Munkidori|82/100|[from] Sandstorm
|-heal|p2a: Munkidori|88/100|[from] Grassy Terrain
|-fieldend|move: Grassy Terrain
|upkeep
|
|t:|1769357583
|switch|p1a: Excadrill|Excadrill, M, shiny|100/100
|-item|p1a: Excadrill|Air Balloon
|turn|10
|
|t:|1769357593
|move|p1a: Excadrill|Earthquake|p2a: Munkidori
|-damage|p2a: Munkidori|11/100
|move|p2a: Munkidori|Focus Blast|p1a: Excadrill
|-supereffective|p1a: Excadrill
|-damage|p1a: Excadrill|0 fnt
|-enditem|p1a: Excadrill|Air Balloon
|faint|p1a: Excadrill
|
|-weather|Sandstorm|[upkeep]
|-damage|p2a: Munkidori|5/100|[from] Sandstorm
|upkeep
|
|t:|1769357598
|switch|p1a: Gliscor|Gliscor, M, shiny|100/100
|turn|11
|
|t:|1769357607
|move|p2a: Munkidori|Psychic Noise|p1a: Gliscor
|-damage|p1a: Gliscor|40/100
|-start|p1a: Gliscor|move: Heal Block
|move|p1a: Gliscor|Earthquake|p2a: Munkidori
|-damage|p2a: Munkidori|0 fnt
|faint|p2a: Munkidori
|
|-weather|Sandstorm|[upkeep]
|-status|p1a: Gliscor|tox|[from] item: Toxic Orb
|upkeep
|
|t:|1769357618
|switch|p2a: Tornadus|Tornadus-Therian, M|90/100
|turn|12
|
|t:|1769357624
|move|p2a: Tornadus|Nasty Plot|p2a: Tornadus
|-boost|p2a: Tornadus|spa|2
|move|p1a: Gliscor|Toxic|p2a: Tornadus
|-status|p2a: Tornadus|tox
|
|-weather|none
|-damage|p2a: Tornadus|84/100 tox|[from] psn
|-end|p1a: Gliscor|move: Heal Block
|upkeep
|turn|13
|
|t:|1769357629
|move|p2a: Tornadus|Heat Wave|p1a: Gliscor
|-damage|p1a: Gliscor|0 fnt
|faint|p1a: Gliscor
|
|-damage|p2a: Tornadus|72/100 tox|[from] psn
|upkeep
|
|t:|1769357631
|switch|p1a: Kingambit|Kingambit, M, shiny|100/100
|-damage|p1a: Kingambit|88/100|[from] Spikes
|-activate|p1a: Kingambit|ability: Supreme Overlord
|-start|p1a: Kingambit|fallen5|[silent]
|turn|14
|
|t:|1769357655
|move|p1a: Kingambit|Sucker Punch|p2a: Tornadus
|-damage|p2a: Tornadus|0 fnt
|faint|p2a: Tornadus
|
|upkeep
|
|t:|1769357658
|switch|p2a: Raging Bolt|Raging Bolt|100/100
|-damage|p2a: Raging Bolt|88/100|[from] Stealth Rock
|-enditem|p2a: Raging Bolt|Booster Energy
|-activate|p2a: Raging Bolt|ability: Protosynthesis|[fromitem]
|-start|p2a: Raging Bolt|protosynthesisspa
|turn|15
|inactive|froggster has 120 seconds left.
|
|t:|1769357697
|move|p2a: Raging Bolt|Thunderbolt|p1a: Kingambit
|-damage|p1a: Kingambit|5/100
|move|p1a: Kingambit|Kowtow Cleave|p2a: Raging Bolt
|-damage|p2a: Raging Bolt|17/100
|
|upkeep
|turn|16
|
|t:|1769357709
|move|p2a: Raging Bolt|Thunderclap|p1a: Kingambit
|-damage|p1a: Kingambit|0 fnt
|faint|p1a: Kingambit
|-end|p1a: Kingambit|fallen5|[silent]
|
|win|xxHaxmaster
|raw|froggster's rating: 1291 &rarr; <strong>1269</strong><br />(-22 for losing)
|raw|xxHaxmaster's rating: 1338 &rarr; <strong>1355</strong><br />(+17 for winning)
|l|☆froggster
|player|p1|
|c|☆xxHaxmaster|gg
|l|☆xxHaxmaster
|player|p2|
