|j|☆AndreBenito
|j|☆dillhip
|t:|1769406513
|gametype|singles
|player|p1|AndreBenito|101|1389
|player|p2|dillhip|266|1347
|gen|9
|tier|[Gen 9] OU
|rated|
|rule|HP Percentage Mod: HP is shown in percentages
|rule|Endless Battle Clause: Forcing endless battles is banned
|rule|Species Clause: Limit one of each Pokémon
|rule|OHKO Clause: OHKO moves are banned
|rule|Evasion Items Clause: Evasion items are banned
|rule|Evasion Moves Clause: Evasion moves are banned
|rule|Evasion Abilities Clause: Evasion abilities are banned
|rule|Sleep Moves Clause: Sleep-inducing moves are banned
|clearpoke
|poke|p1|Blissey, F|
|poke|p1|Hoopa-Unbound|
|poke|p1|Quagsire, F|
|poke|p1|Alomomola, M|
|poke|p1|Corviknight, F|
|poke|p1|Weezing-Galar, F|
|poke|p2|Dondozo, F|
|poke|p2|Blissey, F|
|poke|p2|Corviknight, F|
|poke|p2|Weezing-Galar, F|
|poke|p2|Gliscor, F|
|poke|p2|Toxapex, F|
|teampreview
|inactive|Battle timer is ON: inactive players will automatically lose when time's up. (requested by dillhip)
|
|t:|1769406525
|teamsize|p1|6
|teamsize|p2|6
|start
|switch|p1a: BlobThatIsPink|Alomomola, M|100/100
|switch|p2a: Gliscor|Gliscor, F|100/100
|turn|1
|
|t:|1769406531
|move|p2a: Gliscor|Toxic|p1a: BlobThatIsPink
|-status|p1a: BlobThatIsPink|tox
|move|p1a: BlobThatIsPink|Flip Turn|p2a: Gliscor
|-supereffective|p2a: Gliscor
|-damage|p2a: Gliscor|76/100
|
|t:|1769406537
|switch|p1a: NoFeet|Weezing-Galar, F|100/100|[from] Flip Turn
|-ability|p1a: NoFeet|Neutralizing Gas
|
|-status|p2a: Gliscor|tox|[from] item: Toxic Orb
|upkeep
|turn|2
|
|t:|1769406558
|switch|p2a: Blissey|Blissey, F|100/100
|move|p1a: NoFeet|Strange Steam|p2a: Blissey
|-damage|p2a: Blissey|93/100
|
|upkeep
|turn|3
|
|t:|1769406566
|-end|p1a: NoFeet|ability: Neutralizing Gas
|switch|p1a: PinkestBlob|Hoopa-Unbound|100/100
|move|p2a: Blissey|Stealth Rock|p1a: PinkestBlob
|-sidestart|p1: AndreBenito|move: Stealth Rock
|
|upkeep
|turn|4
|
|t:|1769406571
|switch|p2a: Dondozo|Dondozo, F|100/100
|move|p1a: PinkestBlob|Knock Off|p2a: Dondozo
|-damage|p2a: Dondozo|78/100
|-enditem|p2a: Dondozo|Heavy-Duty Boots|[from] move: Knock Off|[of] p1a: PinkestBlob
|
|upkeep
|turn|5
|
|t:|1769406579
|move|p1a: PinkestBlob|Thunderbolt|p2a: Dondozo
|-supereffective|p2a: Dondozo
|-damage|p2a: Dondozo|10/100
|move|p2a: Dondozo|Body Press|p1a: PinkestBlob
|-damage|p1a: PinkestBlob|69/100
|
|upkeep
|turn|6
|
|t:|1769406585
|switch|p2a: Gliscor|Gliscor, F|76/100 tox
|move|p1a: PinkestBlob|Psychic Noise|p2a: Gliscor
|-damage|p2a: Gliscor|35/100 tox
|-start|p2a: Gliscor|move: Heal Block
|
|upkeep
|turn|7
|
|t:|1769406596
|switch|p2a: Toxapex|Toxapex, F|100/100
|switch|p1a: NoFeet|Weezing-Galar, F|100/100
|-ability|p1a: NoFeet|Neutralizing Gas
|
|upkeep
|turn|8
|
|t:|1769406604
|switch|p2a: Gliscor|Gliscor, F|35/100 tox
|move|p1a: NoFeet|Defog|p2a: Gliscor
|-unboost|p2a: Gliscor|evasion|1
|-sideend|p1: AndreBenito|Stealth Rock|[from] move: Defog|[of] p1a: NoFeet
|
|-damage|p2a: Gliscor|29/100 tox|[from] psn
|upkeep
|turn|9
|
|t:|1769406610
|move|p2a: Gliscor|Knock Off|p1a: NoFeet
|-resisted|p1a: NoFeet
|-crit|p1a: NoFeet
|-damage|p1a: NoFeet|90/100
|-enditem|p1a: NoFeet|Heavy-Duty Boots|[from] move: Knock Off|[of] p2a: Gliscor
|move|p1a: NoFeet|Strange Steam|p2a: Gliscor
|-damage|p2a: Gliscor|4/100 tox
|
|-damage|p2a: Gliscor|0 fnt|[from] psn
|faint|p2a: Gliscor
|upkeep
|-message|dillhip forfeited.
|
|win|AndreBenito
|raw|AndreBenito's rating: 1389 &rarr; <strong>1407</strong><br />(+18 for winning)
|raw|dillhip's rating: 1347 &rarr; <strong>1329</strong><br />(-18 for losing)
|l|☆dillhip
|player|p2|
|l|☆AndreBenito
|player|p1|
