|j|☆Permanultimatum
|j|☆saintqirex
|t:|1769385726
|gametype|singles
|player|p1|Permanultimatum|scientist-gen4|1367
|player|p2|saintqirex|169|1477
|gen|9
|tier|[Gen 9] OU
|rated|
|rule|HP Percentage Mod: HP is shown in percentages
|rule|Endless Battle Clause: Forcing endless battles is banned
|rule|Species Clause: Limit one of each Pokémon
|rule|OHKO Clause: OHKO moves are banned
|rule|Evasion Items Clause: Evasion items are banned
|rule|Evasion Moves Clause: Evasion moves are banned
|rule|Evasion Abilities Clause: Evasion abilities are banned
|rule|Sleep Moves Clause: Sleep-inducing moves are banned
|clearpoke
|poke|p1|Jirachi|
|poke|p1|Hydrapple, M|
|poke|p1|Hoopa-Unbound|
|poke|p1|Mandibuzz, F|
|poke|p1|Slither Wing|
|poke|p1|Rotom-Heat|
|poke|p2|Slowking-Galar, F|
|poke|p2|Kyurem|
|poke|p2|Grimmsnarl, M|
|poke|p2|Corviknight, F|
|poke|p2|Meowscarada, F|
|poke|p2|Zamazenta-*|
|teampreview
|inactive|Battle timer is ON: inactive players will automatically lose when time's up. (requested by saintqirex)
|
|t:|1769385745
|teamsize|p1|6
|teamsize|p2|6
|start
|switch|p1a: Jirachi|Jirachi|100/100
|switch|p2a: Slowking|Slowking-Galar, F|100/100
|turn|1
|
|t:|1769385766
|move|p1a: Jirachi|Doom Desire|p2a: Slowking
|-start|p1a: Jirachi|Doom Desire
|move|p2a: Slowking|Thunder Wave|p1a: Jirachi
|-status|p1a: Jirachi|par
|
|upkeep
|turn|2
|
|t:|1769385775
|cant|p1a: Jirachi|par
|-prepare|p2a: Slowking|Chilly Reception|[premajor]
|move|p2a: Slowking|Chilly Reception|p2a: Slowking
|-weather|Snowscape
|
|t:|1769385777
|switch|p2a: Meowscarada|Meowscarada, F|100/100|[from] Chilly Reception
|
|-weather|Snowscape|[upkeep]
|upkeep
|turn|3
|
|t:|1769385783
|switch|p1a: Mandibuzz|Mandibuzz, F|100/100
|move|p2a: Meowscarada|Knock Off|p1a: Mandibuzz
|-start|p2a: Meowscarada|typechange|Dark|[from] ability: Protean
|-resisted|p1a: Mandibuzz
|-damage|p1a: Mandibuzz|83/100
|-enditem|p1a: Mandibuzz|Heavy-Duty Boots|[from] move: Knock Off|[of] p2a: Meowscarada
|
|-weather|Snowscape|[upkeep]
|-end|p2a: Meowscarada|move: Doom Desire
|-damage|p2a: Meowscarada|0 fnt
|faint|p2a: Meowscarada
|upkeep
|
|t:|1769385802
|switch|p2a: Zamazenta|Zamazenta|100/100
|-ability|p2a: Zamazenta|Dauntless Shield|boost
|-boost|p2a: Zamazenta|def|1
|turn|4
|
|t:|1769385831
|move|p2a: Zamazenta|Substitute|p2a: Zamazenta
|-start|p2a: Zamazenta|Substitute
|-damage|p2a: Zamazenta|75/100
|move|p1a: Mandibuzz|Whirlwind|p2a: Zamazenta
|drag|p2a: Slowking|Slowking-Galar, F|100/100
|
|-weather|Snowscape|[upkeep]
|upkeep
|turn|5
|
|t:|1769385841
|switch|p1a: Jirachi|Jirachi|100/100 par
|move|p2a: Slowking|Sludge Bomb|p1a: Jirachi
|-immune|p1a: Jirachi
|
|-weather|Snowscape|[upkeep]
|upkeep
|turn|6
|
|t:|1769385854
|move|p1a: Jirachi|Doom Desire|p2a: Slowking
|-start|p1a: Jirachi|Doom Desire
|-prepare|p2a: Slowking|Chilly Reception|[premajor]
|move|p2a: Slowking|Chilly Reception|p2a: Slowking
|
|t:|1769385858
|switch|p2a: Kyurem|Kyurem|100/100|[from] Chilly Reception
|-ability|p2a: Kyurem|Pressure
|
|-weather|none
|upkeep
|turn|7
|
|t:|1769385869
|switch|p1a: Rotom|Rotom-Heat|100/100
|move|p2a: Kyurem|Earth Power|p1a: Rotom
|-immune|p1a: Rotom|[from] ability: Levitate
|
|upkeep
|turn|8
|
|t:|1769385877
|switch|p2a: Slowking|Slowking-Galar, F|100/100
|move|p1a: Rotom|Volt Switch|p2a: Slowking
|-damage|p2a: Slowking|81/100
|
|t:|1769385882
|switch|p1a: Hoopa|Hoopa-Unbound|100/100|[from] Volt Switch
|
|-end|p2a: Slowking|move: Doom Desire
|-damage|p2a: Slowking|43/100
|upkeep
|turn|9
|
|t:|1769385892
|switch|p2a: Corviknight|Corviknight, F|100/100
|move|p1a: Hoopa|Future Sight|p2a: Corviknight
|-start|p1a: Hoopa|move: Future Sight
|
|upkeep
|turn|10
|
|t:|1769385898
|switch|p1a: Hydrapple|Hydrapple, M|100/100
|move|p2a: Corviknight|U-turn|p1a: Hydrapple
|-supereffective|p1a: Hydrapple
|-damage|p1a: Hydrapple|77/100
|
|t:|1769385911
|switch|p2a: Kyurem|Kyurem|100/100|[from] U-turn
|-ability|p2a: Kyurem|Pressure
|
|upkeep
|turn|11
|
|t:|1769385924
|-terastallize|p1a: Hydrapple|Steel
|move|p2a: Kyurem|Draco Meteor|p1a: Hydrapple
|-resisted|p1a: Hydrapple
|-damage|p1a: Hydrapple|45/100
|-unboost|p2a: Kyurem|spa|2
|move|p1a: Hydrapple|Draco Meteor|p2a: Kyurem
|-supereffective|p2a: Kyurem
|-damage|p2a: Kyurem|0 fnt
|-unboost|p1a: Hydrapple|spa|2
|faint|p2a: Kyurem
|
|-hint|Future Sight did not hit because the target is fainted.
|upkeep
|
|t:|1769385937
|switch|p2a: Zamazenta|Zamazenta|75/100
|turn|12
|
|t:|1769385946
|switch|p1a: Jirachi|Jirachi|100/100 par
|move|p2a: Zamazenta|Iron Defense|p2a: Zamazenta
|-boost|p2a: Zamazenta|def|2
|
|-heal|p2a: Zamazenta|82/100|[from] item: Leftovers
|upkeep
|turn|13
|
|t:|1769385956
|move|p2a: Zamazenta|Iron Defense|p2a: Zamazenta
|-boost|p2a: Zamazenta|def|2
|move|p1a: Jirachi|Doom Desire|p2a: Zamazenta
|-start|p1a: Jirachi|Doom Desire
|
|-heal|p2a: Zamazenta|88/100|[from] item: Leftovers
|upkeep
|turn|14
|
|t:|1769385967
|move|p2a: Zamazenta|Body Press|p1a: Jirachi
|-damage|p1a: Jirachi|3/100 par
|cant|p1a: Jirachi|par
|
|-heal|p2a: Zamazenta|94/100|[from] item: Leftovers
|upkeep
|turn|15
|
|t:|1769385977
|switch|p1a: Slither Wing|Slither Wing|100/100
|move|p2a: Zamazenta|Substitute|p2a: Zamazenta
|-start|p2a: Zamazenta|Substitute
|-damage|p2a: Zamazenta|69/100
|
|-end|p2a: Zamazenta|move: Doom Desire
|-end|p2a: Zamazenta|Substitute
|-heal|p2a: Zamazenta|75/100|[from] item: Leftovers
|upkeep
|turn|16
|
|t:|1769385983
|move|p2a: Zamazenta|Substitute|p2a: Zamazenta
|-start|p2a: Zamazenta|Substitute
|-damage|p2a: Zamazenta|50/100
|move|p1a: Slither Wing|U-turn|p2a: Zamazenta
|-resisted|p2a: Zamazenta
|-activate|p2a: Zamazenta|move: Substitute|[damage]
|
|t:|1769385986
|-end|p1a: Slither Wing|Protosynthesis|[silent]
|switch|p1a: Hoopa|Hoopa-Unbound|100/100|[from] U-turn
|
|-heal|p2a: Zamazenta|56/100|[from] item: Leftovers
|upkeep
|turn|17
|
|t:|1769385989
|move|p2a: Zamazenta|Body Press|p1a: Hoopa
|-damage|p1a: Hoopa|4/100
|move|p1a: Hoopa|Psychic Noise|p2a: Zamazenta
|-supereffective|p2a: Zamazenta
|-damage|p2a: Zamazenta|0 fnt
|faint|p2a: Zamazenta
|-damage|p1a: Hoopa|0 fnt|[from] item: Life Orb
|faint|p1a: Hoopa
|
|upkeep
|
|t:|1769386016
|switch|p2a: Corviknight|Corviknight, F|100/100
|switch|p1a: Slither Wing|Slither Wing|100/100
|turn|18
|
|t:|1769386021
|move|p1a: Slither Wing|Wild Charge|p2a: Corviknight
|-supereffective|p2a: Corviknight
|-damage|p2a: Corviknight|42/100
|-damage|p1a: Slither Wing|84/100|[from] item: Rocky Helmet|[of] p2a: Corviknight
|-damage|p1a: Slither Wing|68/100|[from] Recoil
|move|p2a: Corviknight|Brave Bird|p1a: Slither Wing
|-supereffective|p1a: Slither Wing
|-damage|p1a: Slither Wing|0 fnt
|faint|p1a: Slither Wing
|-end|p1a: Slither Wing|Protosynthesis|[silent]
|-damage|p2a: Corviknight|22/100|[from] Recoil
|
|upkeep
|
|t:|1769386026
|switch|p1a: Rotom|Rotom-Heat|100/100
|turn|19
|
|t:|1769386035
|switch|p2a: Slowking|Slowking-Galar, F|77/100
|move|p1a: Rotom|Volt Switch|p2a: Slowking
|-damage|p2a: Slowking|60/100
|
|t:|1769386049
|switch|p1a: Jirachi|Jirachi|3/100 par|[from] Volt Switch
|
|upkeep
|turn|20
|
|t:|1769386052
|cant|p1a: Jirachi|par
|move|p2a: Slowking|Future Sight|p1a: Jirachi
|-start|p2a: Slowking|move: Future Sight
|
|upkeep
|turn|21
|
|t:|1769386061
|cant|p1a: Jirachi|par
|move|p2a: Slowking|Sludge Bomb|p1a: Jirachi
|-immune|p1a: Jirachi
|
|upkeep
|turn|22
|
|t:|1769386067
|move|p1a: Jirachi|Doom Desire|p2a: Slowking
|-start|p1a: Jirachi|Doom Desire
|move|p2a: Slowking|Sludge Bomb|p1a: Jirachi
|-immune|p1a: Jirachi
|
|-end|p1a: Jirachi|move: Future Sight
|-resisted|p1a: Jirachi
|-damage|p1a: Jirachi|0 fnt
|faint|p1a: Jirachi
|upkeep
|
|t:|1769386076
|switch|p1a: Hydrapple|Hydrapple, M, tera:Steel|78/100
|turn|23
|
|t:|1769386087
|move|p1a: Hydrapple|Draco Meteor|p2a: Slowking
|-damage|p2a: Slowking|16/100
|-unboost|p1a: Hydrapple|spa|2
|-prepare|p2a: Slowking|Chilly Reception|[premajor]
|move|p2a: Slowking|Chilly Reception|p2a: Slowking
|-weather|Snowscape
|
|t:|1769386097
|switch|p2a: Corviknight|Corviknight, F|22/100|[from] Chilly Reception
|
|-weather|Snowscape|[upkeep]
|upkeep
|turn|24
|
|t:|1769386100
|move|p2a: Corviknight|Roost|p2a: Corviknight
|-heal|p2a: Corviknight|72/100
|-singleturn|p2a: Corviknight|move: Roost
|move|p1a: Hydrapple|Earth Power|p2a: Corviknight
|-supereffective|p2a: Corviknight
|-damage|p2a: Corviknight|41/100
|
|-weather|Snowscape|[upkeep]
|-end|p2a: Corviknight|move: Doom Desire
|-resisted|p2a: Corviknight
|-damage|p2a: Corviknight|7/100
|upkeep
|turn|25
|
|t:|1769386111
|switch|p1a: Rotom|Rotom-Heat|100/100
|move|p2a: Corviknight|Roost|p2a: Corviknight
|-heal|p2a: Corviknight|57/100
|-singleturn|p2a: Corviknight|move: Roost
|
|-weather|Snowscape|[upkeep]
|upkeep
|turn|26
|
|t:|1769386120
|switch|p2a: Slowking|Slowking-Galar, F|49/100
|move|p1a: Rotom|Overheat|p2a: Slowking
|-damage|p2a: Slowking|12/100
|-unboost|p1a: Rotom|spa|2
|
|-weather|Snowscape|[upkeep]
|upkeep
|turn|27
|
|t:|1769386130
|switch|p2a: Grimmsnarl|Grimmsnarl, M|100/100
|move|p1a: Rotom|Volt Switch|p2a: Grimmsnarl
|-damage|p2a: Grimmsnarl|88/100
|
|t:|1769386138
|switch|p1a: Hydrapple|Hydrapple, M, tera:Steel|100/100|[from] Volt Switch
|
|-weather|none
|upkeep
|turn|28
|
|t:|1769386153
|move|p2a: Grimmsnarl|Parting Shot|p1a: Hydrapple
|-unboost|p1a: Hydrapple|atk|1
|-unboost|p1a: Hydrapple|spa|1
|
|t:|1769386155
|switch|p2a: Slowking|Slowking-Galar, F|46/100|[from] Parting Shot
|move|p1a: Hydrapple|Draco Meteor|p2a: Slowking
|-damage|p2a: Slowking|17/100
|-unboost|p1a: Hydrapple|spa|2
|
|upkeep
|turn|29
|
|t:|1769386174
|switch|p1a: Rotom|Rotom-Heat|100/100
|-prepare|p2a: Slowking|Chilly Reception|[premajor]
|move|p2a: Slowking|Chilly Reception|p2a: Slowking
|-weather|Snowscape
|
|t:|1769386179
|switch|p2a: Grimmsnarl|Grimmsnarl, M|88/100|[from] Chilly Reception
|
|-weather|Snowscape|[upkeep]
|upkeep
|turn|30
|
|t:|1769386183
|move|p2a: Grimmsnarl|Light Screen|p2a: Grimmsnarl
|-sidestart|p2: saintqirex|move: Light Screen
|move|p1a: Rotom|Overheat|p2a: Grimmsnarl
|-crit|p2a: Grimmsnarl
|-damage|p2a: Grimmsnarl|18/100
|-unboost|p1a: Rotom|spa|2
|
|-weather|Snowscape|[upkeep]
|upkeep
|turn|31
|
|t:|1769386191
|switch|p1a: Hydrapple|Hydrapple, M, tera:Steel|100/100
|move|p2a: Grimmsnarl|Parting Shot|p1a: Hydrapple
|-unboost|p1a: Hydrapple|atk|1
|-unboost|p1a: Hydrapple|spa|1
|
|t:|1769386199
|switch|p2a: Corviknight|Corviknight, F|57/100|[from] Parting Shot
|
|-weather|Snowscape|[upkeep]
|upkeep
|turn|32
|
|t:|1769386204
|switch|p1a: Rotom|Rotom-Heat|100/100
|move|p2a: Corviknight|Brave Bird|p1a: Rotom
|-resisted|p1a: Rotom
|-damage|p1a: Rotom|74/100
|-damage|p2a: Corviknight|51/100|[from] Recoil
|
|-weather|Snowscape|[upkeep]
|upkeep
|turn|33
|
|t:|1769386209
|switch|p2a: Slowking|Slowking-Galar, F|50/100
|move|p1a: Rotom|Will-O-Wisp|p2a: Slowking
|-status|p2a: Slowking|brn
|
|-weather|none
|-damage|p2a: Slowking|44/100 brn|[from] brn
|upkeep
|turn|34
|
|t:|1769386217
|move|p1a: Rotom|Volt Switch|p2a: Slowking
|-damage|p2a: Slowking|35/100 brn
|
|t:|1769386220
|switch|p1a: Hydrapple|Hydrapple, M, tera:Steel|100/100|[from] Volt Switch
|move|p2a: Slowking|Future Sight|p1a: Hydrapple
|-start|p2a: Slowking|move: Future Sight
|
|-damage|p2a: Slowking|28/100 brn|[from] brn
|upkeep
|turn|35
|inactive|Permanultimatum has 120 seconds left.
|
|t:|1769386253
|switch|p2a: Corviknight|Corviknight, F|51/100
|move|p1a: Hydrapple|Draco Meteor|p2a: Corviknight
|-resisted|p2a: Corviknight
|-damage|p2a: Corviknight|34/100
|-unboost|p1a: Hydrapple|spa|2
|
|upkeep
|turn|36
|inactive|Permanultimatum has 120 seconds left.
|
|t:|1769386282
|switch|p1a: Mandibuzz|Mandibuzz, F|83/100
|move|p2a: Corviknight|Roost|p2a: Corviknight
|-heal|p2a: Corviknight|84/100
|-singleturn|p2a: Corviknight|move: Roost
|
|-end|p1a: Mandibuzz|move: Future Sight
|-immune|p1a: Mandibuzz
|upkeep
|turn|37
|
|t:|1769386286
|switch|p1a: Rotom|Rotom-Heat|74/100
|move|p2a: Corviknight|U-turn|p1a: Rotom
|-resisted|p1a: Rotom
|-damage|p1a: Rotom|64/100
|
|t:|1769386292
|switch|p2a: Grimmsnarl|Grimmsnarl, M|18/100|[from] U-turn
|
|-sideend|p2: saintqirex|move: Light Screen
|upkeep
|turn|38
|
|t:|1769386299
|move|p2a: Grimmsnarl|Parting Shot|p1a: Rotom
|-unboost|p1a: Rotom|atk|1
|-unboost|p1a: Rotom|spa|1
|
|t:|1769386302
|switch|p2a: Slowking|Slowking-Galar, F|62/100 brn|[from] Parting Shot
|move|p1a: Rotom|Overheat|p2a: Slowking
|-damage|p2a: Slowking|37/100 brn
|-unboost|p1a: Rotom|spa|2
|
|-damage|p2a: Slowking|31/100 brn|[from] brn
|upkeep
|turn|39
|
|t:|1769386313
|move|p1a: Rotom|Overheat|p2a: Slowking
|-damage|p2a: Slowking|17/100 brn
|-unboost|p1a: Rotom|spa|2
|move|p2a: Slowking|Future Sight|p1a: Rotom
|-start|p2a: Slowking|move: Future Sight
|
|-damage|p2a: Slowking|11/100 brn|[from] brn
|upkeep
|turn|40
|
|t:|1769386332
|move|p1a: Rotom|Volt Switch|p2a: Slowking
|-damage|p2a: Slowking|5/100 brn
|
|t:|1769386343
|switch|p1a: Hydrapple|Hydrapple, M, tera:Steel|100/100|[from] Volt Switch
|move|p2a: Slowking|Sludge Bomb|p1a: Hydrapple
|-immune|p1a: Hydrapple
|
|-damage|p2a: Slowking|0 fnt|[from] brn
|faint|p2a: Slowking
|upkeep
|-message|saintqirex forfeited.
|
|win|Permanultimatum
|raw|Permanultimatum's rating: 1367 &rarr; <strong>1393</strong><br />(+26 for winning)
|raw|saintqirex's rating: 1477 &rarr; <strong>1451</strong><br />(-26 for losing)
|l|☆saintqirex
|player|p2|
|c|☆Permanultimatum|gg
