|j|☆InfinityPokeRang3r
|j|☆crownecker
|t:|1769300655
|gametype|singles
|player|p1|InfinityPokeRang3r|ingo|1393
|player|p2|crownecker|102|1356
|gen|9
|tier|[Gen 9] OU
|rated|
|rule|HP Percentage Mod: HP is shown in percentages
|rule|Endless Battle Clause: Forcing endless battles is banned
|rule|Species Clause: Limit one of each Pokémon
|rule|OHKO Clause: OHKO moves are banned
|rule|Evasion Items Clause: Evasion items are banned
|rule|Evasion Moves Clause: Evasion moves are banned
|rule|Evasion Abilities Clause: Evasion abilities are banned
|rule|Sleep Moves Clause: Sleep-inducing moves are banned
|clearpoke
|poke|p1|Dragapult, M|
|poke|p1|Araquanid, F|
|poke|p1|Iron Valiant|
|poke|p1|Rotom-Heat|
|poke|p1|Iron Treads|
|poke|p1|Skarmory, M|
|poke|p2|Hydrapple, M|
|poke|p2|Gliscor, M|
|poke|p2|Slowking-Galar, M|
|poke|p2|Cinderace, M|
|poke|p2|Kingambit, M|
|poke|p2|Iron Valiant|
|teampreview
|inactive|Battle timer is ON: inactive players will automatically lose when time's up. (requested by crownecker)
|inactive|crownecker has 120 seconds left.
|
|t:|1769300695
|teamsize|p1|6
|teamsize|p2|6
|start
|switch|p1a: Araquanid|Araquanid, F, shiny|100/100
|switch|p2a: Iron Valiant|Iron Valiant, shiny|100/100
|-enditem|p2a: Iron Valiant|Booster Energy
|-activate|p2a: Iron Valiant|ability: Quark Drive|[fromitem]
|-start|p2a: Iron Valiant|quarkdrivespe
|turn|1
|
|t:|1769300700
|move|p2a: Iron Valiant|Moonblast|p1a: Araquanid
|-damage|p1a: Araquanid|65/100
|-unboost|p1a: Araquanid|spa|1
|move|p1a: Araquanid|Liquidation|p2a: Iron Valiant
|-damage|p2a: Iron Valiant|11/100
|
|upkeep
|turn|2
|
|t:|1769300710
|move|p2a: Iron Valiant|Moonblast|p1a: Araquanid
|-damage|p1a: Araquanid|26/100
|-unboost|p1a: Araquanid|spa|1
|move|p1a: Araquanid|Leech Life|p2a: Iron Valiant
|-resisted|p2a: Iron Valiant
|-damage|p2a: Iron Valiant|0 fnt
|-heal|p1a: Araquanid|30/100|[from] drain|[of] p2a: Iron Valiant
|faint|p2a: Iron Valiant
|-end|p2a: Iron Valiant|Quark Drive|[silent]
|
|upkeep
|
|t:|1769300726
|switch|p2a: Cinderace|Cinderace, M, shiny|100/100
|turn|3
|
|t:|1769300729
|move|p2a: Cinderace|Pyro Ball|p1a: Araquanid
|-damage|p1a: Araquanid|0 fnt
|faint|p1a: Araquanid
|
|upkeep
|
|t:|1769300745
|switch|p1a: Dragapult|Dragapult, M|100/100
|turn|4
|
|t:|1769300753
|switch|p2a: Kingambit|Kingambit, M, shiny|100/100
|-activate|p2a: Kingambit|ability: Supreme Overlord
|-start|p2a: Kingambit|fallen1|[silent]
|-item|p2a: Kingambit|Air Balloon
|move|p1a: Dragapult|Dragon Darts|p2a: Kingambit
|-resisted|p2a: Kingambit
|-damage|p2a: Kingambit|90/100
|-enditem|p2a: Kingambit|Air Balloon
|-anim|p1a: Dragapult|Dragon Darts|p2a: Kingambit
|-resisted|p2a: Kingambit
|-damage|p2a: Kingambit|79/100
|
|upkeep
|turn|5
|
|t:|1769300767
|switch|p1a: Skarmory|Skarmory, M|100/100
|move|p2a: Kingambit|Iron Head|p1a: Skarmory
|-resisted|p1a: Skarmory
|-damage|p1a: Skarmory|84/100
|-damage|p2a: Kingambit|63/100|[from] item: Rocky Helmet|[of] p1a: Skarmory
|
|upkeep
|turn|6
|
|t:|1769300774
|-end|p2a: Kingambit|fallen1|[silent]
|switch|p2a: Gliscor|Gliscor, M, shiny|100/100
|move|p1a: Skarmory|Whirlwind|p2a: Gliscor
|drag|p2a: Slowking|Slowking-Galar, M, shiny|100/100
|
|upkeep
|turn|7
|
|t:|1769300779
|move|p1a: Skarmory|Stealth Rock|p2a: Slowking
|-sidestart|p2: crownecker|move: Stealth Rock
|move|p2a: Slowking|Flamethrower|p1a: Skarmory
|-supereffective|p1a: Skarmory
|-damage|p1a: Skarmory|40/100
|
|upkeep
|turn|8
|
|t:|1769300786
|switch|p1a: Rotom|Rotom-Heat|100/100
|move|p2a: Slowking|Whirlpool|p1a: Rotom
|-supereffective|p1a: Rotom
|-damage|p1a: Rotom|77/100
|-activate|p1a: Rotom|move: Whirlpool|[of] p2a: Slowking
|
|-damage|p1a: Rotom|65/100|[from] move: Whirlpool|[partiallytrapped]
|upkeep
|turn|9
|
|t:|1769300793
|move|p1a: Rotom|Overheat|p2a: Slowking
|-damage|p2a: Slowking|51/100
|-unboost|p1a: Rotom|spa|2
|move|p2a: Slowking|Psychic Noise|p1a: Rotom
|-damage|p1a: Rotom|25/100
|-start|p1a: Rotom|move: Heal Block
|
|-damage|p1a: Rotom|12/100|[from] move: Whirlpool|[partiallytrapped]
|upkeep
|turn|10
|
|t:|1769300799
|move|p1a: Rotom|Overheat|p2a: Slowking
|-damage|p2a: Slowking|27/100
|-unboost|p1a: Rotom|spa|2
|move|p2a: Slowking|Psychic Noise|p1a: Rotom
|-damage|p1a: Rotom|0 fnt
|faint|p1a: Rotom
|
|upkeep
|
|t:|1769300804
|switch|p1a: Iron Treads|Iron Treads|100/100
|turn|11
|
|t:|1769300811
|switch|p2a: Hydrapple|Hydrapple, M, shiny|100/100
|-damage|p2a: Hydrapple|88/100|[from] Stealth Rock
|move|p1a: Iron Treads|Knock Off|p2a: Hydrapple
|-damage|p2a: Hydrapple|62/100
|-enditem|p2a: Hydrapple|Life Orb|[from] move: Knock Off|[of] p1a: Iron Treads
|
|upkeep
|turn|12
|
|t:|1769300822
|-end|p1a: Iron Treads|Quark Drive|[silent]
|switch|p1a: Skarmory|Skarmory, M|40/100
|switch|p2a: Cinderace|Cinderace, M, shiny|100/100
|
|upkeep
|turn|13
|
|t:|1769300829
|move|p2a: Cinderace|Court Change|p2a: Cinderace
|-start|p2a: Cinderace|typechange|Normal|[from] ability: Libero
|-swapsideconditions
|-activate|p2a: Cinderace|move: Court Change
|move|p1a: Skarmory|Stealth Rock|p2a: Cinderace
|-sidestart|p2: crownecker|move: Stealth Rock
|
|upkeep
|turn|14
|
|t:|1769300836
|move|p2a: Cinderace|Pyro Ball|p1a: Skarmory|[miss]
|-miss|p2a: Cinderace|p1a: Skarmory
|move|p1a: Skarmory|Body Press|p2a: Cinderace
|-supereffective|p2a: Cinderace
|-crit|p2a: Cinderace
|-damage|p2a: Cinderace|0 fnt
|faint|p2a: Cinderace
|
|upkeep
|
|t:|1769300858
|switch|p2a: Kingambit|Kingambit, M, shiny|63/100
|-damage|p2a: Kingambit|57/100|[from] Stealth Rock
|-activate|p2a: Kingambit|ability: Supreme Overlord
|-start|p2a: Kingambit|fallen2|[silent]
|turn|15
|
|t:|1769300870
|move|p2a: Kingambit|Iron Head|p1a: Skarmory
|-resisted|p1a: Skarmory
|-damage|p1a: Skarmory|21/100
|-damage|p2a: Kingambit|40/100|[from] item: Rocky Helmet|[of] p1a: Skarmory
|move|p1a: Skarmory|Whirlwind|p2a: Kingambit
|-end|p2a: Kingambit|fallen2|[silent]
|drag|p2a: Slowking|Slowking-Galar, M, shiny|61/100
|-damage|p2a: Slowking|48/100|[from] Stealth Rock
|
|upkeep
|turn|16
|
|t:|1769300877
|move|p1a: Skarmory|Roost|p1a: Skarmory
|-heal|p1a: Skarmory|71/100
|-singleturn|p1a: Skarmory|move: Roost
|move|p2a: Slowking|Flamethrower|p1a: Skarmory
|-supereffective|p1a: Skarmory
|-damage|p1a: Skarmory|27/100
|
|upkeep
|turn|17
|
|t:|1769300882
|move|p2a: Slowking|Flamethrower|p1a: Skarmory
|-supereffective|p1a: Skarmory
|-damage|p1a: Skarmory|0 fnt
|faint|p1a: Skarmory
|
|upkeep
|
|t:|1769300886
|switch|p1a: Iron Treads|Iron Treads|100/100
|-damage|p1a: Iron Treads|97/100|[from] Stealth Rock
|turn|18
|
|t:|1769300891
|switch|p2a: Hydrapple|Hydrapple, M, shiny|95/100
|-damage|p2a: Hydrapple|83/100|[from] Stealth Rock
|move|p1a: Iron Treads|Earthquake|p2a: Hydrapple
|-resisted|p2a: Hydrapple
|-damage|p2a: Hydrapple|63/100
|
|upkeep
|turn|19
|
|t:|1769300900
|move|p1a: Iron Treads|Rapid Spin|p2a: Hydrapple
|-damage|p2a: Hydrapple|50/100
|-boost|p1a: Iron Treads|spe|1
|-sideend|p1: InfinityPokeRang3r|Stealth Rock|[from] move: Rapid Spin|[of] p1a: Iron Treads
|move|p2a: Hydrapple|Giga Drain|p1a: Iron Treads
|-damage|p1a: Iron Treads|58/100
|-heal|p2a: Hydrapple|65/100|[from] drain|[of] p1a: Iron Treads
|
|upkeep
|turn|20
|
|t:|1769300908
|move|p1a: Iron Treads|Iron Head|p2a: Hydrapple
|-damage|p2a: Hydrapple|34/100
|move|p2a: Hydrapple|Giga Drain|p1a: Iron Treads
|-damage|p1a: Iron Treads|16/100
|-heal|p2a: Hydrapple|50/100|[from] drain|[of] p1a: Iron Treads
|
|upkeep
|turn|21
|
|t:|1769300916
|switch|p2a: Gliscor|Gliscor, M, shiny|100/100
|-damage|p2a: Gliscor|88/100|[from] Stealth Rock
|move|p1a: Iron Treads|Iron Head|p2a: Gliscor
|-damage|p2a: Gliscor|50/100
|
|-status|p2a: Gliscor|tox|[from] item: Toxic Orb
|upkeep
|turn|22
|
|t:|1769300923
|move|p1a: Iron Treads|Iron Head|p2a: Gliscor
|-damage|p2a: Gliscor|9/100 tox
|move|p2a: Gliscor|Earthquake|p1a: Iron Treads
|-supereffective|p1a: Iron Treads
|-damage|p1a: Iron Treads|0 fnt
|faint|p1a: Iron Treads
|-end|p1a: Iron Treads|Quark Drive|[silent]
|
|-heal|p2a: Gliscor|22/100 tox|[from] ability: Poison Heal
|upkeep
|
|t:|1769300939
|switch|p1a: Dragapult|Dragapult, M|100/100
|turn|23
|
|t:|1769300944
|move|p2a: Gliscor|Protect|p2a: Gliscor
|-singleturn|p2a: Gliscor|Protect
|move|p1a: Dragapult|Dragon Darts|p2a: Gliscor
|-activate|p2a: Gliscor|move: Protect
|
|-heal|p2a: Gliscor|34/100 tox|[from] ability: Poison Heal
|upkeep
|turn|24
|
|t:|1769300949
|-terastallize|p2a: Gliscor|Fairy
|move|p1a: Dragapult|Dragon Darts|p2a: Gliscor
|-immune|p2a: Gliscor
|move|p2a: Gliscor|Tera Blast|p1a: Dragapult|[anim] Tera Blast Fairy
|-supereffective|p1a: Dragapult
|-damage|p1a: Dragapult|12/100
|
|-heal|p1a: Dragapult|18/100|[from] item: Leftovers
|-heal|p2a: Gliscor|47/100 tox|[from] ability: Poison Heal
|upkeep
|turn|25
|
|t:|1769300966
|move|p1a: Dragapult|Phantom Force||[still]
|-prepare|p1a: Dragapult|Phantom Force
|move|p2a: Gliscor|Tera Blast|p1a: Dragapult|[anim] Tera Blast Fairy|[miss]
|-miss|p2a: Gliscor|p1a: Dragapult
|
|-heal|p1a: Dragapult|24/100|[from] item: Leftovers
|-heal|p2a: Gliscor|59/100 tox|[from] ability: Poison Heal
|upkeep
|turn|26
|
|t:|1769300969
|move|p2a: Gliscor|Protect|p2a: Gliscor
|-singleturn|p2a: Gliscor|Protect
|move|p1a: Dragapult|Phantom Force|p2a: Gliscor|[from] lockedmove
|-activate|p2a: Gliscor|move: Phantom Force|[broken]
|-damage|p2a: Gliscor|16/100 tox
|
|-heal|p1a: Dragapult|30/100|[from] item: Leftovers
|-heal|p2a: Gliscor|29/100 tox|[from] ability: Poison Heal
|upkeep
|turn|27
|
|t:|1769300977
|move|p1a: Dragapult|Phantom Force||[still]
|-prepare|p1a: Dragapult|Phantom Force
|move|p2a: Gliscor|Tera Blast|p1a: Dragapult|[anim] Tera Blast Fairy|[miss]
|-miss|p2a: Gliscor|p1a: Dragapult
|
|-heal|p1a: Dragapult|36/100|[from] item: Leftovers
|-heal|p2a: Gliscor|41/100 tox|[from] ability: Poison Heal
|upkeep
|turn|28
|
|t:|1769300981
|switch|p2a: Kingambit|Kingambit, M, shiny|40/100
|-damage|p2a: Kingambit|34/100|[from] Stealth Rock
|-activate|p2a: Kingambit|ability: Supreme Overlord
|-start|p2a: Kingambit|fallen2|[silent]
|move|p1a: Dragapult|Phantom Force|p2a: Kingambit|[from] lockedmove
|-resisted|p2a: Kingambit
|-damage|p2a: Kingambit|17/100
|
|-heal|p1a: Dragapult|42/100|[from] item: Leftovers
|upkeep
|turn|29
|
|t:|1769300993
|move|p2a: Kingambit|Sucker Punch||[still]
|-fail|p2a: Kingambit
|move|p1a: Dragapult|Substitute|p1a: Dragapult
|-start|p1a: Dragapult|Substitute
|-damage|p1a: Dragapult|17/100
|
|-heal|p1a: Dragapult|23/100|[from] item: Leftovers
|upkeep
|turn|30
|
|t:|1769301002
|move|p2a: Kingambit|Sucker Punch||[still]
|-fail|p2a: Kingambit
|move|p1a: Dragapult|Dragon Dance|p1a: Dragapult
|-boost|p1a: Dragapult|atk|1
|-boost|p1a: Dragapult|spe|1
|
|-heal|p1a: Dragapult|29/100|[from] item: Leftovers
|upkeep
|turn|31
|
|t:|1769301006
|move|p1a: Dragapult|Dragon Darts|p2a: Kingambit
|-resisted|p2a: Kingambit
|-damage|p2a: Kingambit|2/100
|-anim|p1a: Dragapult|Dragon Darts|p2a: Kingambit
|-resisted|p2a: Kingambit
|-damage|p2a: Kingambit|0 fnt
|faint|p2a: Kingambit
|-end|p2a: Kingambit|fallen2|[silent]
|
|-heal|p1a: Dragapult|35/100|[from] item: Leftovers
|upkeep
|
|t:|1769301019
|switch|p2a: Gliscor|Gliscor, M, shiny, tera:Fairy|41/100 tox
|-damage|p2a: Gliscor|29/100 tox|[from] Stealth Rock
|turn|32
|
|t:|1769301023
|move|p1a: Dragapult|Phantom Force||[still]
|-prepare|p1a: Dragapult|Phantom Force
|move|p2a: Gliscor|Tera Blast|p1a: Dragapult|[anim] Tera Blast Fairy|[miss]
|-miss|p2a: Gliscor|p1a: Dragapult
|
|-heal|p1a: Dragapult|41/100|[from] item: Leftovers
|-heal|p2a: Gliscor|41/100 tox|[from] ability: Poison Heal
|upkeep
|turn|33
|
|t:|1769301027
|move|p1a: Dragapult|Phantom Force|p2a: Gliscor|[from] lockedmove
|-damage|p2a: Gliscor|0 fnt
|faint|p2a: Gliscor
|
|-heal|p1a: Dragapult|47/100|[from] item: Leftovers
|upkeep
|-message|crownecker forfeited.
|
|win|InfinityPokeRang3r
|raw|InfinityPokeRang3r's rating: 1393 &rarr; <strong>1411</strong><br />(+18 for winning)
|raw|crownecker's rating: 1356 &rarr; <strong>1338</strong><br />(-18 for losing)
|l|☆crownecker
|player|p2|
|l|☆InfinityPokeRang3r
|player|p1|
