|j|☆Sontrad
|j|☆7ev3n)
|t:|1769297057
|gametype|singles
|player|p1|Sontrad|volkner|
|player|p2|7ev3n)|byron|
|gen|9
|tier|[Gen 9] OU
|rule|HP Percentage Mod: HP is shown in percentages
|rule|Endless Battle Clause: Forcing endless battles is banned
|rule|Species Clause: Limit one of each Pokémon
|rule|OHKO Clause: OHKO moves are banned
|rule|Evasion Items Clause: Evasion items are banned
|rule|Evasion Moves Clause: Evasion moves are banned
|rule|Evasion Abilities Clause: Evasion abilities are banned
|rule|Sleep Moves Clause: Sleep-inducing moves are banned
|clearpoke
|poke|p1|Great Tusk|
|poke|p1|Iron Valiant|
|poke|p1|Kingambit, M|
|poke|p1|Gholdengo|
|poke|p1|Ting-Lu|
|poke|p1|Dragapult, F|
|poke|p2|Ceruledge, F|
|poke|p2|Meowscarada, F|
|poke|p2|Goodra-Hisui, F|
|poke|p2|Gardevoir, F|
|poke|p2|Swampert, M|
|poke|p2|Dragonite, M|
|teampreview
|
|t:|1769297073
|teamsize|p1|6
|teamsize|p2|6
|start
|switch|p1a: Dragapult|Dragapult, F, shiny|100/100
|switch|p2a: Goodra|Goodra-Hisui, F|100/100
|turn|1
|
|t:|1769297090
|move|p1a: Dragapult|Draco Meteor|p2a: Goodra
|-damage|p2a: Goodra|37/100
|-unboost|p1a: Dragapult|spa|2
|move|p2a: Goodra|Draco Meteor|p1a: Dragapult
|-supereffective|p1a: Dragapult
|-damage|p1a: Dragapult|0 fnt
|-unboost|p2a: Goodra|spa|2
|faint|p1a: Dragapult
|
|upkeep
|
|t:|1769297100
|switch|p1a: Iron Valiant|Iron Valiant, shiny|100/100
|-enditem|p1a: Iron Valiant|Booster Energy
|-activate|p1a: Iron Valiant|ability: Quark Drive|[fromitem]
|-start|p1a: Iron Valiant|quarkdrivespe
|turn|2
|
|t:|1769297113
|switch|p2a: Meowscarada|Meowscarada, F|100/100
|move|p1a: Iron Valiant|Moonblast|p2a: Meowscarada
|-supereffective|p2a: Meowscarada
|-damage|p2a: Meowscarada|0 fnt
|faint|p2a: Meowscarada
|
|upkeep
|
|t:|1769297121
|switch|p2a: Gardevoir|Gardevoir, F|100/100
|turn|3
|
|t:|1769297129
|move|p1a: Iron Valiant|Moonblast|p2a: Gardevoir
|-damage|p2a: Gardevoir|54/100
|move|p2a: Gardevoir|Psychic|p1a: Iron Valiant
|-supereffective|p1a: Iron Valiant
|-damage|p1a: Iron Valiant|0 fnt
|faint|p1a: Iron Valiant
|-end|p1a: Iron Valiant|Quark Drive|[silent]
|
|upkeep
|
|t:|1769297137
|switch|p1a: Gholdengo|Gholdengo|100/100
|turn|4
|
|t:|1769297143
|move|p2a: Gardevoir|Draining Kiss|p1a: Gholdengo
|-resisted|p1a: Gholdengo
|-damage|p1a: Gholdengo|92/100
|-heal|p2a: Gardevoir|62/100|[from] drain|[of] p1a: Gholdengo
|move|p1a: Gholdengo|Make It Rain|p2a: Gardevoir
|-supereffective|p2a: Gardevoir
|-damage|p2a: Gardevoir|0 fnt
|-unboost|p1a: Gholdengo|spa|1
|faint|p2a: Gardevoir
|
|-heal|p1a: Gholdengo|98/100|[from] item: Leftovers
|upkeep
|
|t:|1769297170
|switch|p2a: Goodra|Goodra-Hisui, F|37/100
|turn|5
|
|t:|1769297175
|move|p1a: Gholdengo|Shadow Ball|p2a: Goodra
|-damage|p2a: Goodra|19/100
|move|p2a: Goodra|Draco Meteor|p1a: Gholdengo
|-resisted|p1a: Gholdengo
|-damage|p1a: Gholdengo|76/100
|-unboost|p2a: Goodra|spa|2
|
|-heal|p1a: Gholdengo|82/100|[from] item: Leftovers
|upkeep
|turn|6
|
|t:|1769297190
|move|p1a: Gholdengo|Make It Rain|p2a: Goodra
|-resisted|p2a: Goodra
|-damage|p2a: Goodra|7/100
|-unboost|p1a: Gholdengo|spa|1
|move|p2a: Goodra|Earthquake|p1a: Gholdengo
|-supereffective|p1a: Gholdengo
|-damage|p1a: Gholdengo|46/100
|
|-heal|p1a: Gholdengo|52/100|[from] item: Leftovers
|upkeep
|turn|7
|
|t:|1769297203
|move|p1a: Gholdengo|Shadow Ball|p2a: Goodra
|-damage|p2a: Goodra|0 fnt
|faint|p2a: Goodra
|
|-heal|p1a: Gholdengo|58/100|[from] item: Leftovers
|upkeep
|
|t:|1769297215
|switch|p2a: Dragonite|Dragonite, M|100/100
|turn|8
|
|t:|1769297220
|move|p1a: Gholdengo|Recover|p1a: Gholdengo
|-heal|p1a: Gholdengo|100/100
|move|p2a: Dragonite|Earthquake|p1a: Gholdengo
|-supereffective|p1a: Gholdengo
|-damage|p1a: Gholdengo|35/100
|
|-heal|p1a: Gholdengo|42/100|[from] item: Leftovers
|upkeep
|turn|9
|
|t:|1769297232
|move|p1a: Gholdengo|Shadow Ball|p2a: Dragonite
|-damage|p2a: Dragonite|86/100
|move|p2a: Dragonite|Earthquake|p1a: Gholdengo
|-supereffective|p1a: Gholdengo
|-damage|p1a: Gholdengo|0 fnt
|faint|p1a: Gholdengo
|
|upkeep
|
|t:|1769297240
|switch|p1a: Kingambit|Kingambit, M, shiny|100/100
|-activate|p1a: Kingambit|ability: Supreme Overlord
|-start|p1a: Kingambit|fallen3|[silent]
|turn|10
|
|t:|1769297249
|move|p2a: Dragonite|Earthquake|p1a: Kingambit
|-supereffective|p1a: Kingambit
|-damage|p1a: Kingambit|54/100
|move|p1a: Kingambit|Kowtow Cleave|p2a: Dragonite
|-damage|p2a: Dragonite|18/100
|
|upkeep
|turn|11
|
|t:|1769297257
|move|p2a: Dragonite|Earthquake|p1a: Kingambit
|-supereffective|p1a: Kingambit
|-damage|p1a: Kingambit|8/100
|move|p1a: Kingambit|Kowtow Cleave|p2a: Dragonite
|-damage|p2a: Dragonite|0 fnt
|faint|p2a: Dragonite
|
|upkeep
|
|t:|1769297267
|switch|p2a: Ceruledge|Ceruledge, F|100/100
|turn|12
|
|t:|1769297280
|move|p2a: Ceruledge|Flare Blitz|p1a: Kingambit
|-supereffective|p1a: Kingambit
|-damage|p1a: Kingambit|0 fnt
|faint|p1a: Kingambit
|-end|p1a: Kingambit|fallen3|[silent]
|-damage|p2a: Ceruledge|97/100|[from] Recoil
|
|upkeep
|
|t:|1769297287
|switch|p1a: Great Tusk|Great Tusk, shiny|100/100
|turn|13
|
|t:|1769297297
|switch|p2a: Swampert|Swampert, M|100/100
|-terastallize|p1a: Great Tusk|Water
|move|p1a: Great Tusk|Earthquake|p2a: Swampert
|-damage|p2a: Swampert|62/100
|
|-heal|p2a: Swampert|68/100|[from] item: Leftovers
|upkeep
|turn|14
|
|t:|1769297319
|switch|p2a: Ceruledge|Ceruledge, F|97/100
|move|p1a: Great Tusk|Stealth Rock|p2a: Ceruledge
|-sidestart|p2: 7ev3n)|move: Stealth Rock
|
|upkeep
|turn|15
|
|t:|1769297326
|move|p2a: Ceruledge|Destiny Bond|p2a: Ceruledge
|-singlemove|p2a: Ceruledge|Destiny Bond
|move|p1a: Great Tusk|Earthquake|p2a: Ceruledge
|-supereffective|p2a: Ceruledge
|-damage|p2a: Ceruledge|0 fnt
|faint|p2a: Ceruledge
|-activate|p2a: Ceruledge|move: Destiny Bond
|faint|p1a: Great Tusk
|-end|p1a: Great Tusk|Protosynthesis|[silent]
|
|upkeep
|
|t:|1769297336
|switch|p2a: Swampert|Swampert, M|68/100
|switch|p1a: Ting-Lu|Ting-Lu, shiny|100/100
|-damage|p2a: Swampert|62/100|[from] Stealth Rock
|-ability|p1a: Ting-Lu|Vessel of Ruin
|turn|16
|
|t:|1769297408
|move|p2a: Swampert|Hydro Pump|p1a: Ting-Lu
|-supereffective|p1a: Ting-Lu
|-damage|p1a: Ting-Lu|64/100
|move|p1a: Ting-Lu|Earthquake|p2a: Swampert
|-damage|p2a: Swampert|24/100
|
|-heal|p2a: Swampert|30/100|[from] item: Leftovers
|upkeep
|turn|17
|
|t:|1769297420
|move|p2a: Swampert|Hydro Pump|p1a: Ting-Lu
|-supereffective|p1a: Ting-Lu
|-damage|p1a: Ting-Lu|13/100
|move|p1a: Ting-Lu|Earthquake|p2a: Swampert
|-damage|p2a: Swampert|0 fnt
|faint|p2a: Swampert
|
|win|Sontrad
