|j|☆freysh
|j|☆ToustiPlayer
|t:|1769391184
|gametype|singles
|player|p1|freysh|li|1132
|player|p2|ToustiPlayer|cyrus|1110
|gen|9
|tier|[Gen 9] OU
|rated|
|rule|HP Percentage Mod: HP is shown in percentages
|rule|Endless Battle Clause: Forcing endless battles is banned
|rule|Species Clause: Limit one of each Pokémon
|rule|OHKO Clause: OHKO moves are banned
|rule|Evasion Items Clause: Evasion items are banned
|rule|Evasion Moves Clause: Evasion moves are banned
|rule|Evasion Abilities Clause: Evasion abilities are banned
|rule|Sleep Moves Clause: Sleep-inducing moves are banned
|clearpoke
|poke|p1|Dragapult, M|
|poke|p1|Dragonite, F|
|poke|p1|Ting-Lu|
|poke|p1|Weezing-Galar, F|
|poke|p1|Iron Crown|
|poke|p1|Gholdengo|
|poke|p2|Glimmora, M|
|poke|p2|Zapdos|
|poke|p2|Clefable, F|
|poke|p2|Iron Moth|
|poke|p2|Rillaboom, F|
|poke|p2|Dragonite, M|
|teampreview
|inactive|Battle timer is ON: inactive players will automatically lose when time's up. (requested by freysh)
|
|t:|1769391195
|teamsize|p1|6
|teamsize|p2|6
|start
|switch|p1a: Ting-Lu|Ting-Lu|100/100
|switch|p2a: Glimmora|Glimmora, M|100/100
|-item|p2a: Glimmora|Air Balloon
|-ability|p1a: Ting-Lu|Vessel of Ruin
|turn|1
|
|t:|1769391206
|move|p2a: Glimmora|Stealth Rock|p1a: Ting-Lu
|-sidestart|p1: freysh|move: Stealth Rock
|move|p1a: Ting-Lu|Stealth Rock|p2a: Glimmora
|-sidestart|p2: ToustiPlayer|move: Stealth Rock
|
|upkeep
|turn|2
|j| NelsonMandela92
|
|t:|1769391214
|move|p2a: Glimmora|Earth Power|p1a: Ting-Lu
|-damage|p1a: Ting-Lu|86/100
|move|p1a: Ting-Lu|Ruination|p2a: Glimmora
|-damage|p2a: Glimmora|51/100
|-enditem|p2a: Glimmora|Air Balloon
|
|-heal|p1a: Ting-Lu|92/100|[from] item: Leftovers
|upkeep
|turn|3
|l| NelsonMandela92
|
|t:|1769391233
|switch|p2a: Rillaboom|Rillaboom, F|100/100
|-damage|p2a: Rillaboom|88/100|[from] Stealth Rock
|-fieldstart|move: Grassy Terrain|[from] ability: Grassy Surge|[of] p2a: Rillaboom
|move|p1a: Ting-Lu|Ruination|p2a: Rillaboom
|-damage|p2a: Rillaboom|44/100
|
|-heal|p2a: Rillaboom|50/100|[from] Grassy Terrain
|-heal|p1a: Ting-Lu|98/100|[from] Grassy Terrain
|-heal|p1a: Ting-Lu|100/100|[from] item: Leftovers
|upkeep
|turn|4
|
|t:|1769391254
|switch|p1a: Weezing|Weezing-Galar, F|100/100
|-ability|p1a: Weezing|Neutralizing Gas
|move|p2a: Rillaboom|Drum Beating|p1a: Weezing
|-resisted|p1a: Weezing
|-damage|p1a: Weezing|82/100
|-unboost|p1a: Weezing|spe|1
|
|-heal|p2a: Rillaboom|57/100|[from] Grassy Terrain
|-heal|p1a: Weezing|88/100|[from] Grassy Terrain
|upkeep
|turn|5
|
|t:|1769391266
|move|p2a: Rillaboom|U-turn|p1a: Weezing
|-resisted|p1a: Weezing
|-damage|p1a: Weezing|84/100
|
|t:|1769391276
|switch|p2a: Clefable|Clefable, F|100/100|[from] U-turn
|-damage|p2a: Clefable|88/100|[from] Stealth Rock
|move|p1a: Weezing|Defog|p2a: Clefable
|-unboost|p2a: Clefable|evasion|1
|-sideend|p2: ToustiPlayer|Stealth Rock|[from] move: Defog|[of] p1a: Weezing
|-sideend|p1: freysh|Stealth Rock|[from] move: Defog|[of] p1a: Weezing
|-fieldend|move: Grassy Terrain
|
|-heal|p2a: Clefable|94/100|[from] item: Leftovers
|upkeep
|turn|6
|
|t:|1769391288
|-end|p1a: Weezing|ability: Neutralizing Gas
|switch|p1a: Iron Crown|Iron Crown|100/100
|move|p2a: Clefable|Cosmic Power|p2a: Clefable
|-boost|p2a: Clefable|def|1
|-boost|p2a: Clefable|spd|1
|
|-heal|p2a: Clefable|99/100|[from] item: Leftovers
|upkeep
|turn|7
|inactive|ToustiPlayer has 120 seconds left.
|
|t:|1769391303
|switch|p2a: Zapdos|Zapdos|100/100
|move|p1a: Iron Crown|Tachyon Cutter|p2a: Zapdos
|-resisted|p2a: Zapdos
|-damage|p2a: Zapdos|78/100
|-resisted|p2a: Zapdos
|-damage|p2a: Zapdos|57/100
|-hitcount|p2a: Zapdos|2
|
|upkeep
|turn|8
|inactive|ToustiPlayer has 120 seconds left.
|
|t:|1769391318
|-end|p1a: Iron Crown|Quark Drive|[silent]
|switch|p1a: Ting-Lu|Ting-Lu|100/100
|-ability|p1a: Ting-Lu|Vessel of Ruin
|move|p2a: Zapdos|Thunder Wave|p1a: Ting-Lu
|-immune|p1a: Ting-Lu
|
|upkeep
|turn|9
|
|t:|1769391329
|move|p2a: Zapdos|Hurricane|p1a: Ting-Lu
|-damage|p1a: Ting-Lu|76/100
|move|p1a: Ting-Lu|Earthquake|p2a: Zapdos
|-immune|p2a: Zapdos
|
|-heal|p1a: Ting-Lu|82/100|[from] item: Leftovers
|upkeep
|turn|10
|
|t:|1769391346
|move|p2a: Zapdos|Hurricane|p1a: Ting-Lu
|-damage|p1a: Ting-Lu|60/100
|-start|p1a: Ting-Lu|confusion
|-activate|p1a: Ting-Lu|confusion
|move|p1a: Ting-Lu|Stealth Rock|p2a: Zapdos
|-sidestart|p2: ToustiPlayer|move: Stealth Rock
|
|-heal|p1a: Ting-Lu|66/100|[from] item: Leftovers
|upkeep
|turn|11
|
|t:|1769391355
|move|p2a: Zapdos|Hurricane|p1a: Ting-Lu
|-damage|p1a: Ting-Lu|45/100
|-activate|p1a: Ting-Lu|confusion
|move|p1a: Ting-Lu|Whirlwind|p2a: Zapdos
|drag|p2a: Iron Moth|Iron Moth|100/100
|-damage|p2a: Iron Moth|76/100|[from] Stealth Rock
|-enditem|p2a: Iron Moth|Booster Energy
|-activate|p2a: Iron Moth|ability: Quark Drive|[fromitem]
|-start|p2a: Iron Moth|quarkdrivespa
|
|-heal|p1a: Ting-Lu|51/100|[from] item: Leftovers
|upkeep
|turn|12
|
|t:|1769391370
|move|p2a: Iron Moth|Energy Ball|p1a: Ting-Lu
|-supereffective|p1a: Ting-Lu
|-damage|p1a: Ting-Lu|12/100
|-activate|p1a: Ting-Lu|confusion
|move|p1a: Ting-Lu|Earthquake|p2a: Iron Moth
|-supereffective|p2a: Iron Moth
|-crit|p2a: Iron Moth
|-damage|p2a: Iron Moth|0 fnt
|faint|p2a: Iron Moth
|-end|p2a: Iron Moth|Quark Drive|[silent]
|
|-heal|p1a: Ting-Lu|18/100|[from] item: Leftovers
|upkeep
|
|t:|1769391384
|switch|p2a: Glimmora|Glimmora, M|51/100
|-damage|p2a: Glimmora|38/100|[from] Stealth Rock
|turn|13
|
|t:|1769391398
|switch|p1a: Iron Crown|Iron Crown|100/100
|move|p2a: Glimmora|Earth Power|p1a: Iron Crown
|-supereffective|p1a: Iron Crown
|-damage|p1a: Iron Crown|29/100
|
|upkeep
|turn|14
|
|t:|1769391408
|move|p1a: Iron Crown|Focus Blast|p2a: Glimmora
|-damage|p2a: Glimmora|0 fnt
|faint|p2a: Glimmora
|
|upkeep
|
|t:|1769391415
|switch|p2a: Rillaboom|Rillaboom, F|57/100
|-damage|p2a: Rillaboom|44/100|[from] Stealth Rock
|-fieldstart|move: Grassy Terrain|[from] ability: Grassy Surge|[of] p2a: Rillaboom
|turn|15
|
|t:|1769391428
|-end|p1a: Iron Crown|Quark Drive|[silent]
|switch|p1a: Weezing|Weezing-Galar, F|84/100
|-ability|p1a: Weezing|Neutralizing Gas
|move|p2a: Rillaboom|Earthquake|p1a: Weezing
|-supereffective|p1a: Weezing
|-damage|p1a: Weezing|57/100
|
|-heal|p2a: Rillaboom|50/100|[from] Grassy Terrain
|-heal|p1a: Weezing|63/100|[from] Grassy Terrain
|upkeep
|turn|16
|
|t:|1769391438
|move|p2a: Rillaboom|Swords Dance|p2a: Rillaboom
|-boost|p2a: Rillaboom|atk|2
|move|p1a: Weezing|Toxic Spikes|p2a: Rillaboom
|-sidestart|p2: ToustiPlayer|move: Toxic Spikes
|
|-heal|p2a: Rillaboom|57/100|[from] Grassy Terrain
|-heal|p1a: Weezing|69/100|[from] Grassy Terrain
|upkeep
|turn|17
|
|t:|1769391448
|-terastallize|p2a: Rillaboom|Ground
|move|p2a: Rillaboom|Swords Dance|p2a: Rillaboom
|-boost|p2a: Rillaboom|atk|2
|move|p1a: Weezing|Will-O-Wisp|p2a: Rillaboom|[miss]
|-miss|p1a: Weezing|p2a: Rillaboom
|
|-heal|p2a: Rillaboom|63/100|[from] Grassy Terrain
|-heal|p1a: Weezing|75/100|[from] Grassy Terrain
|upkeep
|turn|18
|
|t:|1769391463
|move|p2a: Rillaboom|Earthquake|p1a: Weezing
|-supereffective|p1a: Weezing
|-damage|p1a: Weezing|0 fnt
|faint|p1a: Weezing
|-end|p1a: Weezing|ability: Neutralizing Gas
|
|-heal|p2a: Rillaboom|69/100|[from] Grassy Terrain
|upkeep
|
|t:|1769391475
|switch|p1a: Gholdengo|Gholdengo|100/100
|-item|p1a: Gholdengo|Air Balloon
|turn|19
|
|t:|1769391480
|move|p1a: Gholdengo|Nasty Plot|p1a: Gholdengo
|-boost|p1a: Gholdengo|spa|2
|move|p2a: Rillaboom|U-turn|p1a: Gholdengo
|-resisted|p1a: Gholdengo
|-damage|p1a: Gholdengo|80/100
|-enditem|p1a: Gholdengo|Air Balloon
|
|t:|1769391490
|switch|p2a: Dragonite|Dragonite, M|100/100|[from] U-turn
|-damage|p2a: Dragonite|76/100|[from] Stealth Rock
|
|-heal|p1a: Gholdengo|86/100|[from] Grassy Terrain
|-fieldend|move: Grassy Terrain
|upkeep
|turn|20
|
|t:|1769391507
|move|p1a: Gholdengo|Focus Blast|p2a: Dragonite
|-resisted|p2a: Dragonite
|-damage|p2a: Dragonite|34/100
|move|p2a: Dragonite|Fire Punch|p1a: Gholdengo
|-supereffective|p1a: Gholdengo
|-damage|p1a: Gholdengo|0 fnt
|faint|p1a: Gholdengo
|
|upkeep
|
|t:|1769391518
|switch|p1a: Dragapult|Dragapult, M|100/100
|turn|21
|
|t:|1769391525
|move|p1a: Dragapult|Dragon Darts|p2a: Dragonite
|-supereffective|p2a: Dragonite
|-damage|p2a: Dragonite|0 fnt
|faint|p2a: Dragonite
|
|upkeep
|
|t:|1769391529
|switch|p2a: Clefable|Clefable, F|99/100
|-status|p2a: Clefable|psn
|turn|22
|
|t:|1769391536
|move|p1a: Dragapult|U-turn|p2a: Clefable
|-resisted|p2a: Clefable
|-damage|p2a: Clefable|90/100 psn
|
|t:|1769391540
|switch|p1a: Iron Crown|Iron Crown|29/100|[from] U-turn
|move|p2a: Clefable|Cosmic Power|p2a: Clefable
|-boost|p2a: Clefable|def|1
|-boost|p2a: Clefable|spd|1
|
|-heal|p2a: Clefable|96/100 psn|[from] item: Leftovers
|upkeep
|turn|23
|
|t:|1769391551
|-terastallize|p1a: Iron Crown|Steel
|move|p1a: Iron Crown|Tachyon Cutter|p2a: Clefable
|-supereffective|p2a: Clefable
|-damage|p2a: Clefable|29/100 psn
|-supereffective|p2a: Clefable
|-damage|p2a: Clefable|0 fnt
|faint|p2a: Clefable
|-hitcount|p2: Clefable|2
|
|upkeep
|
|t:|1769391563
|switch|p2a: Zapdos|Zapdos|57/100
|turn|24
|
|t:|1769391569
|-end|p1a: Iron Crown|Quark Drive|[silent]
|switch|p1a: Ting-Lu|Ting-Lu|18/100
|-ability|p1a: Ting-Lu|Vessel of Ruin
|move|p2a: Zapdos|Thunderbolt|p1a: Ting-Lu
|-immune|p1a: Ting-Lu
|
|-heal|p1a: Ting-Lu|24/100|[from] item: Leftovers
|upkeep
|turn|25
|
|t:|1769391581
|switch|p1a: Dragapult|Dragapult, M|100/100
|move|p2a: Zapdos|Hurricane|p1a: Dragapult|[miss]
|-miss|p2a: Zapdos|p1a: Dragapult
|
|upkeep
|turn|26
|
|t:|1769391589
|move|p1a: Dragapult|Will-O-Wisp|p2a: Zapdos
|-status|p2a: Zapdos|brn
|move|p2a: Zapdos|Thunder Wave|p1a: Dragapult
|-status|p1a: Dragapult|par
|
|-damage|p2a: Zapdos|51/100 brn|[from] brn
|upkeep
|turn|27
|
|t:|1769391597
|move|p2a: Zapdos|Hurricane|p1a: Dragapult|[miss]
|-miss|p2a: Zapdos|p1a: Dragapult
|cant|p1a: Dragapult|par
|
|-damage|p2a: Zapdos|44/100 brn|[from] brn
|upkeep
|turn|28
|c|☆ToustiPlayer|FUCK
|
|t:|1769391605
|move|p2a: Zapdos|Hurricane|p1a: Dragapult|[miss]
|-miss|p2a: Zapdos|p1a: Dragapult
|move|p1a: Dragapult|Hex|p2a: Zapdos
|-damage|p2a: Zapdos|0 fnt
|faint|p2a: Zapdos
|
|upkeep
|c|☆ToustiPlayer|FUCK THIS STUPID HAX
|n|‽ToustiPlayer|toustiplayer
|c|~|/log ToustiPlayer was locked from talking by Artemis. (☆ToustiPlayer: FUCK THIS STUPID HAX)
|c|~|/raw <small>This action was done automatically. Want to learn more about the AI? <a href="https://www.smogon.com/forums/threads/3570628/#post-9056769">Visit the information thread</a>.</small>
|-message|ToustiPlayer forfeited.
|
|win|freysh
|raw|freysh's rating: 1132 &rarr; <strong>1155</strong><br />(+23 for winning)
|raw|ToustiPlayer's rating: 1110 &rarr; <strong>1087</strong><br />(-23 for losing)
|l|‽ToustiPlayer
|player|p2|
