|j|☆STALLWILLCONQUER
|j|☆Shea6045
|t:|1769389425
|gametype|singles
|player|p1|STALLWILLCONQUER|colress|1603
|player|p2|Shea6045|cynthia-gen4|1518
|gen|9
|tier|[Gen 9] OU
|rated|
|rule|HP Percentage Mod: HP is shown in percentages
|rule|Endless Battle Clause: Forcing endless battles is banned
|rule|Species Clause: Limit one of each Pokémon
|rule|OHKO Clause: OHKO moves are banned
|rule|Evasion Items Clause: Evasion items are banned
|rule|Evasion Moves Clause: Evasion moves are banned
|rule|Evasion Abilities Clause: Evasion abilities are banned
|rule|Sleep Moves Clause: Sleep-inducing moves are banned
|clearpoke
|poke|p1|Clodsire, F|
|poke|p1|Dondozo, M|
|poke|p1|Alomomola, F|
|poke|p1|Talonflame, F|
|poke|p1|Toxapex, M|
|poke|p1|Blissey, F|
|poke|p2|Gholdengo|
|poke|p2|Dragonite, M|
|poke|p2|Raging Bolt|
|poke|p2|Great Tusk|
|poke|p2|Iron Valiant|
|poke|p2|Ting-Lu|
|teampreview
|inactive|Battle timer is ON: inactive players will automatically lose when time's up. (requested by Shea6045)
|
|t:|1769389461
|teamsize|p1|6
|teamsize|p2|6
|start
|switch|p1a: Toxapex|Toxapex, M|100/100
|switch|p2a: Ting-Lu|Ting-Lu|100/100
|-ability|p2a: Ting-Lu|Vessel of Ruin
|turn|1
|
|t:|1769389473
|switch|p2a: Gholdengo|Gholdengo|100/100
|move|p1a: Toxapex|Toxic|p2a: Gholdengo
|-immune|p2a: Gholdengo|[from] ability: Good as Gold
|
|upkeep
|turn|2
|
|t:|1769389478
|switch|p1a: Blissey|Blissey, F|100/100
|move|p2a: Gholdengo|Make It Rain|p1a: Blissey
|-damage|p1a: Blissey|70/100
|-unboost|p2a: Gholdengo|spa|1
|
|upkeep
|turn|3
|
|t:|1769389485
|switch|p2a: Ting-Lu|Ting-Lu|100/100
|-ability|p2a: Ting-Lu|Vessel of Ruin
|move|p1a: Blissey|Stealth Rock|p2a: Ting-Lu
|-sidestart|p2: Shea6045|move: Stealth Rock
|
|upkeep
|turn|4
|
|t:|1769389491
|switch|p1a: Toxapex|Toxapex, M|100/100
|move|p2a: Ting-Lu|Stealth Rock|p1a: Toxapex
|-sidestart|p1: STALLWILLCONQUER|move: Stealth Rock
|
|upkeep
|turn|5
|
|t:|1769389497
|switch|p2a: Gholdengo|Gholdengo|100/100
|-damage|p2a: Gholdengo|94/100|[from] Stealth Rock
|move|p1a: Toxapex|Infestation|p2a: Gholdengo
|-resisted|p2a: Gholdengo
|-damage|p2a: Gholdengo|94/100
|-activate|p2a: Gholdengo|move: Infestation|[of] p1a: Toxapex
|
|-damage|p2a: Gholdengo|81/100|[from] move: Infestation|[partiallytrapped]
|upkeep
|turn|6
|
|t:|1769389502
|switch|p1a: Blissey|Blissey, F|70/100
|move|p2a: Gholdengo|Trick|p1a: Blissey
|-activate|p2a: Gholdengo|move: Trick|[of] p1a: Blissey
|-item|p1a: Blissey|Choice Specs|[from] move: Trick
|-item|p2a: Gholdengo|Heavy-Duty Boots|[from] move: Trick
|
|-end|p2a: Gholdengo|Infestation|[partiallytrapped]|[silent]
|upkeep
|turn|7
|
|t:|1769389510
|move|p2a: Gholdengo|Shadow Ball|p1a: Blissey
|-immune|p1a: Blissey
|move|p1a: Blissey|Shadow Ball|p2a: Gholdengo
|-supereffective|p2a: Gholdengo
|-crit|p2a: Gholdengo
|-damage|p2a: Gholdengo|0 fnt
|faint|p2a: Gholdengo
|
|upkeep
|c|☆STALLWILLCONQUER|lmao
|
|t:|1769389519
|switch|p2a: Ting-Lu|Ting-Lu|100/100
|-damage|p2a: Ting-Lu|94/100|[from] Stealth Rock
|-ability|p2a: Ting-Lu|Vessel of Ruin
|turn|8
|j| fludermay
|j| toomanysneasels
|
|t:|1769389542
|switch|p1a: Toxapex|Toxapex, M|100/100
|move|p2a: Ting-Lu|Ruination|p1a: Toxapex
|-damage|p1a: Toxapex|50/100
|
|-heal|p2a: Ting-Lu|100/100|[from] item: Leftovers
|upkeep
|turn|9
|j| scorpion257
|
|t:|1769389547
|switch|p1a: Alomomola|Alomomola, F|100/100
|move|p2a: Ting-Lu|Earthquake|p1a: Alomomola
|-damage|p1a: Alomomola|81/100
|
|upkeep
|turn|10
|
|t:|1769389553
|move|p2a: Ting-Lu|Ruination|p1a: Alomomola
|-damage|p1a: Alomomola|41/100
|move|p1a: Alomomola|Wish|p1a: Alomomola
|
|upkeep
|turn|11
|j| peregrine23
|
|t:|1769389559
|switch|p1a: Talonflame|Talonflame, F|100/100
|move|p2a: Ting-Lu|Ruination|p1a: Talonflame
|-damage|p1a: Talonflame|50/100
|
|-heal|p1a: Talonflame|100/100|[from] move: Wish|[wisher] Alomomola
|upkeep
|turn|12
|
|t:|1769389565
|switch|p1a: Alomomola|Alomomola, F|74/100
|move|p2a: Ting-Lu|Ruination|p1a: Alomomola
|-damage|p1a: Alomomola|37/100
|
|upkeep
|turn|13
|
|t:|1769389570
|switch|p2a: Great Neck|Raging Bolt|100/100
|-damage|p2a: Great Neck|88/100|[from] Stealth Rock
|switch|p1a: Talonflame|Talonflame, F|100/100
|
|upkeep
|turn|14
|
|t:|1769389573
|switch|p1a: Clodsire|Clodsire, F|100/100
|move|p2a: Great Neck|Draco Meteor|p1a: Clodsire
|-damage|p1a: Clodsire|37/100
|-unboost|p2a: Great Neck|spa|2
|
|upkeep
|turn|15
|j| sadasdklas
|
|t:|1769389580
|switch|p1a: Blissey|Blissey, F|70/100
|-damage|p1a: Blissey|58/100|[from] Stealth Rock
|move|p2a: Great Neck|Draco Meteor|p1a: Blissey
|-damage|p1a: Blissey|43/100
|-unboost|p2a: Great Neck|spa|2
|
|upkeep
|turn|16
|
|t:|1769389586
|-end|p2a: Great Neck|Protosynthesis|[silent]
|switch|p2a: Great Tusk|Great Tusk|100/100
|-damage|p2a: Great Tusk|97/100|[from] Stealth Rock
|move|p1a: Blissey|Soft-Boiled|p1a: Blissey
|-heal|p1a: Blissey|93/100
|
|upkeep
|turn|17
|
|t:|1769389589
|switch|p1a: Alomomola|Alomomola, F|71/100
|move|p2a: Great Tusk|Rapid Spin|p1a: Alomomola
|-damage|p1a: Alomomola|60/100
|-boost|p2a: Great Tusk|spe|1
|-sideend|p2: Shea6045|Stealth Rock|[from] move: Rapid Spin|[of] p2a: Great Tusk
|
|upkeep
|turn|18
|
|t:|1769389593
|-end|p2a: Great Tusk|Protosynthesis|[silent]
|switch|p2a: Great Neck|Raging Bolt|88/100
|move|p1a: Alomomola|Wish|p1a: Alomomola
|
|upkeep
|turn|19
|
|t:|1769389600
|move|p1a: Alomomola|Protect|p1a: Alomomola
|-singleturn|p1a: Alomomola|Protect
|move|p2a: Great Neck|Volt Switch|p1a: Alomomola
|-activate|p1a: Alomomola|move: Protect
|
|-heal|p1a: Alomomola|100/100|[from] move: Wish|[wisher] Alomomola
|upkeep
|turn|20
|j| Johnny tots
|
|t:|1769389609
|-end|p2a: Great Neck|Protosynthesis|[silent]
|switch|p2a: Great Tusk|Great Tusk|97/100
|switch|p1a: Blissey|Blissey, F|93/100
|-damage|p1a: Blissey|80/100|[from] Stealth Rock
|
|upkeep
|turn|21
|
|t:|1769389614
|-end|p2a: Great Tusk|Protosynthesis|[silent]
|switch|p2a: Great Neck|Raging Bolt|88/100
|switch|p1a: Alomomola|Alomomola, F|100/100
|
|upkeep
|turn|22
|
|t:|1769389617
|move|p1a: Alomomola|Protect|p1a: Alomomola
|-singleturn|p1a: Alomomola|Protect
|move|p2a: Great Neck|Draco Meteor|p1a: Alomomola
|-activate|p1a: Alomomola|move: Protect
|
|upkeep
|turn|23
|
|t:|1769389623
|-end|p2a: Great Neck|Protosynthesis|[silent]
|switch|p2a: Iron Valiant|Iron Valiant|100/100
|-enditem|p2a: Iron Valiant|Booster Energy
|-activate|p2a: Iron Valiant|ability: Quark Drive|[fromitem]
|-start|p2a: Iron Valiant|quarkdrivespe
|switch|p1a: Blissey|Blissey, F|80/100
|-damage|p1a: Blissey|68/100|[from] Stealth Rock
|
|upkeep
|turn|24
|
|t:|1769389626
|switch|p1a: Toxapex|Toxapex, M|84/100
|move|p2a: Iron Valiant|Close Combat|p1a: Toxapex
|-resisted|p1a: Toxapex
|-damage|p1a: Toxapex|67/100
|-unboost|p2a: Iron Valiant|def|1
|-unboost|p2a: Iron Valiant|spd|1
|
|upkeep
|turn|25
|
|t:|1769389632
|-terastallize|p2a: Iron Valiant|Steel
|move|p2a: Iron Valiant|Shadow Ball|p1a: Toxapex
|-damage|p1a: Toxapex|44/100
|move|p1a: Toxapex|Toxic|p2a: Iron Valiant
|-immune|p2a: Iron Valiant
|
|upkeep
|turn|26
|
|t:|1769389637
|move|p2a: Iron Valiant|Encore|p1a: Toxapex
|-start|p1a: Toxapex|Encore
|move|p1a: Toxapex|Toxic|p2a: Iron Valiant
|-immune|p2a: Iron Valiant
|
|upkeep
|turn|27
|
|t:|1769389643
|switch|p1a: Dondozo|Dondozo, M|100/100
|move|p2a: Iron Valiant|Close Combat|p1a: Dondozo
|-damage|p1a: Dondozo|79/100
|-unboost|p2a: Iron Valiant|def|1
|-unboost|p2a: Iron Valiant|spd|1
|
|upkeep
|turn|28
|
|t:|1769389647
|move|p2a: Iron Valiant|Moonblast|p1a: Dondozo
|-damage|p1a: Dondozo|34/100
|-unboost|p1a: Dondozo|spa|1
|move|p1a: Dondozo|Body Press|p2a: Iron Valiant
|-supereffective|p2a: Iron Valiant
|-damage|p2a: Iron Valiant|25/100
|
|upkeep
|turn|29
|
|t:|1769389654
|switch|p1a: Toxapex|Toxapex, M|77/100
|move|p2a: Iron Valiant|Close Combat|p1a: Toxapex
|-resisted|p1a: Toxapex
|-damage|p1a: Toxapex|61/100
|-unboost|p2a: Iron Valiant|def|1
|-unboost|p2a: Iron Valiant|spd|1
|
|upkeep
|turn|30
|
|t:|1769389657
|move|p2a: Iron Valiant|Shadow Ball|p1a: Toxapex
|-damage|p1a: Toxapex|38/100
|move|p1a: Toxapex|Infestation|p2a: Iron Valiant
|-resisted|p2a: Iron Valiant
|-damage|p2a: Iron Valiant|18/100
|-activate|p2a: Iron Valiant|move: Infestation|[of] p1a: Toxapex
|
|-damage|p2a: Iron Valiant|6/100|[from] move: Infestation|[partiallytrapped]
|upkeep
|turn|31
|
|t:|1769389669
|switch|p1a: Alomomola|Alomomola, F|100/100
|move|p2a: Iron Valiant|Encore||[still]
|-fail|p2a: Iron Valiant
|
|-end|p2a: Iron Valiant|Infestation|[partiallytrapped]|[silent]
|upkeep
|turn|32
|l| sadasdklas
|
|t:|1769389674
|move|p2a: Iron Valiant|Moonblast|p1a: Alomomola
|-damage|p1a: Alomomola|44/100
|-unboost|p1a: Alomomola|spa|1
|move|p1a: Alomomola|Flip Turn|p2a: Iron Valiant
|-damage|p2a: Iron Valiant|0 fnt
|faint|p2a: Iron Valiant
|-end|p2a: Iron Valiant|Quark Drive|[silent]
|
|t:|1769389682
|switch|p1a: Blissey|Blissey, F|68/100|[from] Flip Turn
|-damage|p1a: Blissey|56/100|[from] Stealth Rock
|
|upkeep
|
|t:|1769389685
|switch|p2a: Great Tusk|Great Tusk|97/100
|turn|33
|
|t:|1769389692
|switch|p1a: Alomomola|Alomomola, F|78/100
|move|p2a: Great Tusk|Close Combat|p1a: Alomomola
|-damage|p1a: Alomomola|43/100
|-unboost|p2a: Great Tusk|def|1
|-unboost|p2a: Great Tusk|spd|1
|
|upkeep
|turn|34
|
|t:|1769389696
|move|p2a: Great Tusk|Headlong Rush|p1a: Alomomola
|-damage|p1a: Alomomola|5/100
|-unboost|p2a: Great Tusk|def|1
|-unboost|p2a: Great Tusk|spd|1
|move|p1a: Alomomola|Wish|p1a: Alomomola
|
|upkeep
|turn|35
|
|t:|1769389702
|-end|p2a: Great Tusk|Protosynthesis|[silent]
|switch|p2a: Great Neck|Raging Bolt|88/100
|move|p1a: Alomomola|Protect||[still]
|-fail|p1a: Alomomola
|
|-heal|p1a: Alomomola|55/100|[from] move: Wish|[wisher] Alomomola
|upkeep
|turn|36
|
|t:|1769389711
|-end|p2a: Great Neck|Protosynthesis|[silent]
|switch|p2a: Great Tusk|Great Tusk|97/100
|move|p1a: Alomomola|Protect||[still]
|-fail|p1a: Alomomola
|
|upkeep
|turn|37
|
|t:|1769389713
|move|p2a: Great Tusk|Headlong Rush|p1a: Alomomola
|-damage|p1a: Alomomola|17/100
|-unboost|p2a: Great Tusk|def|1
|-unboost|p2a: Great Tusk|spd|1
|move|p1a: Alomomola|Wish|p1a: Alomomola
|
|upkeep
|turn|38
|
|t:|1769389721
|-end|p2a: Great Tusk|Protosynthesis|[silent]
|switch|p2a: Dragonite|Dragonite, M|100/100
|move|p1a: Alomomola|Protect||[still]
|-fail|p1a: Alomomola
|
|-heal|p1a: Alomomola|67/100|[from] move: Wish|[wisher] Alomomola
|upkeep
|turn|39
|
|t:|1769389723
|move|p2a: Dragonite|Dragon Dance|p2a: Dragonite
|-boost|p2a: Dragonite|atk|1
|-boost|p2a: Dragonite|spe|1
|move|p1a: Alomomola|Flip Turn|p2a: Dragonite
|-resisted|p2a: Dragonite
|-damage|p2a: Dragonite|96/100
|
|t:|1769389730
|switch|p1a: Toxapex|Toxapex, M|72/100|[from] Flip Turn
|
|upkeep
|turn|40
|
|t:|1769389734
|-terastallize|p1a: Toxapex|Fairy
|move|p2a: Dragonite|Outrage|p1a: Toxapex
|-immune|p1a: Toxapex
|move|p1a: Toxapex|Toxic|p2a: Dragonite|[miss]
|-miss|p1a: Toxapex|p2a: Dragonite
|
|upkeep
|turn|41
|
|t:|1769389739
|switch|p2a: Great Neck|Raging Bolt|88/100
|move|p1a: Toxapex|Toxic|p2a: Great Neck
|-status|p2a: Great Neck|tox
|
|-damage|p2a: Great Neck|82/100 tox|[from] psn
|upkeep
|turn|42
|-message|Shea6045 forfeited.
|
|win|STALLWILLCONQUER
|raw|STALLWILLCONQUER's rating: 1603 &rarr; <strong>1618</strong><br />(+15 for winning)
|raw|Shea6045's rating: 1518 &rarr; <strong>1503</strong><br />(-15 for losing)
|l|☆Shea6045
|player|p2|
|c|☆STALLWILLCONQUER|crazy
|l| Johnny tots
|l| fludermay
|l| toomanysneasels
|l| peregrine23
