|j|☆Sulluulllu
|j|☆spamlastresort
|t:|1769412991
|gametype|singles
|player|p1|Sulluulllu|1|1161
|player|p2|spamlastresort|169|1181
|gen|9
|tier|[Gen 9] OU
|rated|
|rule|HP Percentage Mod: HP is shown in percentages
|rule|Endless Battle Clause: Forcing endless battles is banned
|rule|Species Clause: Limit one of each Pokémon
|rule|OHKO Clause: OHKO moves are banned
|rule|Evasion Items Clause: Evasion items are banned
|rule|Evasion Moves Clause: Evasion moves are banned
|rule|Evasion Abilities Clause: Evasion abilities are banned
|rule|Sleep Moves Clause: Sleep-inducing moves are banned
|clearpoke
|poke|p1|Slowking-Galar, M|
|poke|p1|Toxapex, F|
|poke|p1|Landorus-Therian, M|
|poke|p1|Blissey, F|
|poke|p1|Kingambit, M|
|poke|p1|Rotom-Mow|
|poke|p2|Enamorus, F|
|poke|p2|Quaquaval, F|
|poke|p2|Moltres-Galar|
|poke|p2|Zamazenta-*|
|poke|p2|Revavroom, F|
|poke|p2|Gloom, M|
|teampreview
|
|t:|1769413017
|teamsize|p1|6
|teamsize|p2|6
|start
|switch|p1a: Landorus|Landorus-Therian, M|100/100
|switch|p2a: Gloom|Gloom, M|100/100
|-ability|p1a: Landorus|Intimidate|boost
|-unboost|p2a: Gloom|atk|1
|turn|1
|
|t:|1769413026
|move|p1a: Landorus|Earthquake|p2a: Gloom
|-damage|p2a: Gloom|53/100
|move|p2a: Gloom|Toxic|p1a: Landorus
|-status|p1a: Landorus|tox
|
|-damage|p1a: Landorus|94/100 tox|[from] psn
|upkeep
|turn|2
|
|t:|1769413032
|move|p2a: Gloom|Protect|p2a: Gloom
|-singleturn|p2a: Gloom|Protect
|move|p1a: Landorus|Earthquake|p2a: Gloom
|-activate|p2a: Gloom|move: Protect
|
|-damage|p1a: Landorus|82/100 tox|[from] psn
|upkeep
|turn|3
|
|t:|1769413039
|switch|p1a: Rotom|Rotom-Mow|100/100
|move|p2a: Gloom|Strength Sap|p1a: Rotom
|-unboost|p1a: Rotom|atk|1
|-heal|p2a: Gloom|99/100
|
|upkeep
|turn|4
|
|t:|1769413048
|move|p1a: Rotom|Volt Switch|p2a: Gloom
|-resisted|p2a: Gloom
|-damage|p2a: Gloom|79/100
|-damage|p1a: Rotom|91/100|[from] item: Life Orb
|
|t:|1769413053
|switch|p1a: Blissey|Blissey, F|100/100|[from] Volt Switch
|move|p2a: Gloom|Toxic|p1a: Blissey
|-status|p1a: Blissey|tox
|
|-damage|p1a: Blissey|94/100 tox|[from] psn
|upkeep
|turn|5
|
|t:|1769413061
|move|p2a: Gloom|Protect|p2a: Gloom
|-singleturn|p2a: Gloom|Protect
|move|p1a: Blissey|Heal Bell|p1a: Blissey
|-activate|p1a: Blissey|move: Heal Bell
|-curestatus|p1a: Blissey|tox|[msg]
|-curestatus|p1: Landorus|tox|[msg]
|
|-heal|p1a: Blissey|100/100|[from] item: Leftovers
|upkeep
|turn|6
|
|t:|1769413067
|move|p1a: Blissey|Stealth Rock|p2a: Gloom
|-sidestart|p2: spamlastresort|move: Stealth Rock
|move|p2a: Gloom|Leech Seed|p1a: Blissey
|-start|p1a: Blissey|move: Leech Seed
|
|-damage|p1a: Blissey|88/100|[from] Leech Seed|[of] p2a: Gloom
|-heal|p2a: Gloom|100/100|[silent]
|upkeep
|turn|7
|
|t:|1769413077
|switch|p1a: Landorus|Landorus-Therian, M|82/100
|-ability|p1a: Landorus|Intimidate|boost
|-unboost|p2a: Gloom|atk|1
|move|p2a: Gloom|Toxic|p1a: Landorus
|-status|p1a: Landorus|tox
|
|-damage|p1a: Landorus|75/100 tox|[from] psn
|upkeep
|turn|8
|
|t:|1769413086
|move|p1a: Landorus|U-turn|p2a: Gloom
|-damage|p2a: Gloom|76/100
|
|t:|1769413089
|switch|p1a: Blissey|Blissey, F|88/100|[from] U-turn
|move|p2a: Gloom|Strength Sap|p1a: Blissey
|-unboost|p1a: Blissey|atk|1
|-heal|p2a: Gloom|84/100
|
|-heal|p1a: Blissey|94/100|[from] item: Leftovers
|upkeep
|turn|9
|
|t:|1769413096
|move|p1a: Blissey|Heal Bell|p1a: Blissey
|-activate|p1a: Blissey|move: Heal Bell
|-curestatus|p1: Landorus|tox|[msg]
|move|p2a: Gloom|Leech Seed|p1a: Blissey
|-start|p1a: Blissey|move: Leech Seed
|
|-heal|p1a: Blissey|99/100|[from] item: Leftovers
|-damage|p1a: Blissey|88/100|[from] Leech Seed|[of] p2a: Gloom
|-heal|p2a: Gloom|100/100|[silent]
|upkeep
|turn|10
|
|t:|1769413103
|switch|p1a: Slowking|Slowking-Galar, M|100/100
|move|p2a: Gloom|Leech Seed|p1a: Slowking
|-start|p1a: Slowking|move: Leech Seed
|
|-damage|p1a: Slowking|88/100|[from] Leech Seed|[of] p2a: Gloom
|upkeep
|turn|11
|
|t:|1769413112
|move|p2a: Gloom|Protect|p2a: Gloom
|-singleturn|p2a: Gloom|Protect
|-prepare|p1a: Slowking|Chilly Reception|[premajor]
|move|p1a: Slowking|Chilly Reception|p1a: Slowking
|-weather|Snowscape
|c|☆spamlastresort|i feel bad
|
|t:|1769413133
|switch|p1a: Toxapex|Toxapex, F|100/100|[from] Chilly Reception
|
|-weather|Snowscape|[upkeep]
|upkeep
|turn|12
|
|t:|1769413143
|move|p2a: Gloom|Leech Seed|p1a: Toxapex
|-start|p1a: Toxapex|move: Leech Seed
|move|p1a: Toxapex|Liquidation|p2a: Gloom
|-resisted|p2a: Gloom
|-crit|p2a: Gloom
|-damage|p2a: Gloom|89/100
|
|-weather|Snowscape|[upkeep]
|-damage|p1a: Toxapex|88/100|[from] Leech Seed|[of] p2a: Gloom
|-heal|p2a: Gloom|100/100|[silent]
|upkeep
|turn|13
|
|t:|1769413160
|switch|p1a: Landorus|Landorus-Therian, M|75/100
|-ability|p1a: Landorus|Intimidate|boost
|-unboost|p2a: Gloom|atk|1
|move|p2a: Gloom|Protect||[still]
|-fail|p2a: Gloom
|
|-weather|Snowscape|[upkeep]
|upkeep
|turn|14
|
|t:|1769413167
|move|p1a: Landorus|U-turn|p2a: Gloom
|-damage|p2a: Gloom|79/100
|
|t:|1769413171
|switch|p1a: Blissey|Blissey, F|88/100|[from] U-turn
|move|p2a: Gloom|Toxic|p1a: Blissey
|-status|p1a: Blissey|tox
|
|-weather|Snowscape|[upkeep]
|-heal|p1a: Blissey|94/100 tox|[from] item: Leftovers
|-damage|p1a: Blissey|88/100 tox|[from] psn
|upkeep
|turn|15
|
|t:|1769413179
|move|p1a: Blissey|Heal Bell|p1a: Blissey
|-activate|p1a: Blissey|move: Heal Bell
|-curestatus|p1a: Blissey|tox|[msg]
|move|p2a: Gloom|Strength Sap|p1a: Blissey
|-unboost|p1a: Blissey|atk|1
|-heal|p2a: Gloom|87/100
|
|-weather|none
|-heal|p1a: Blissey|94/100|[from] item: Leftovers
|upkeep
|turn|16
|
|t:|1769413183
|move|p1a: Blissey|Seismic Toss|p2a: Gloom
|-damage|p2a: Gloom|49/100
|move|p2a: Gloom|Leech Seed|p1a: Blissey
|-start|p1a: Blissey|move: Leech Seed
|
|-heal|p1a: Blissey|99/100|[from] item: Leftovers
|-damage|p1a: Blissey|88/100|[from] Leech Seed|[of] p2a: Gloom
|-heal|p2a: Gloom|83/100|[silent]
|upkeep
|turn|17
|
|t:|1769413190
|switch|p1a: Slowking|Slowking-Galar, M|100/100
|move|p2a: Gloom|Protect||[still]
|-fail|p2a: Gloom
|
|upkeep
|turn|18
|
|t:|1769413199
|move|p2a: Gloom|Protect|p2a: Gloom
|-singleturn|p2a: Gloom|Protect
|move|p1a: Slowking|Psychic|p2a: Gloom
|-activate|p2a: Gloom|move: Protect
|
|upkeep
|turn|19
|
|t:|1769413205
|switch|p2a: Moltres|Moltres-Galar|100/100
|switch|p1a: Rotom|Rotom-Mow|91/100
|
|upkeep
|turn|20
|
|t:|1769413215
|switch|p2a: Gloom|Gloom, M|83/100
|-damage|p2a: Gloom|71/100|[from] Stealth Rock
|move|p1a: Rotom|Thunderbolt|p2a: Gloom
|-resisted|p2a: Gloom
|-damage|p2a: Gloom|46/100
|-damage|p1a: Rotom|81/100|[from] item: Life Orb
|
|upkeep
|turn|21
|
|t:|1769413232
|-terastallize|p1a: Rotom|Electric
|move|p1a: Rotom|Thunderbolt|p2a: Gloom
|-resisted|p2a: Gloom
|-damage|p2a: Gloom|13/100
|-damage|p1a: Rotom|71/100|[from] item: Life Orb
|move|p2a: Gloom|Strength Sap|p1a: Rotom
|-unboost|p1a: Rotom|atk|1
|-heal|p2a: Gloom|59/100
|
|upkeep
|turn|22
|
|t:|1769413253
|move|p2a: Gloom|Protect|p2a: Gloom
|-singleturn|p2a: Gloom|Protect
|move|p1a: Rotom|Nasty Plot|p1a: Rotom
|-boost|p1a: Rotom|spa|2
|
|upkeep
|turn|23
|c|☆Sulluulllu|Lol
|c|☆Sulluulllu|smones dying
|
|t:|1769413290
|move|p1a: Rotom|Thunderbolt|p2a: Gloom
|-resisted|p2a: Gloom
|-damage|p2a: Gloom|0 fnt
|faint|p2a: Gloom
|-damage|p1a: Rotom|61/100|[from] item: Life Orb
|
|upkeep
|
|t:|1769413304
|switch|p2a: Zamazenta|Zamazenta|100/100
|-damage|p2a: Zamazenta|94/100|[from] Stealth Rock
|-ability|p2a: Zamazenta|Dauntless Shield|boost
|-boost|p2a: Zamazenta|def|1
|turn|24
|c|☆spamlastresort|maybe
|
|t:|1769413316
|move|p2a: Zamazenta|Body Press|p1a: Rotom
|-damage|p1a: Rotom|0 fnt
|faint|p1a: Rotom
|
|-heal|p2a: Zamazenta|100/100|[from] item: Leftovers
|upkeep
|
|t:|1769413320
|switch|p1a: Slowking|Slowking-Galar, M|100/100
|turn|25
|c|☆spamlastresort|maybe not
|
|t:|1769413338
|switch|p2a: Moltres|Moltres-Galar|100/100
|move|p1a: Slowking|Psychic|p2a: Moltres
|-immune|p2a: Moltres
|
|upkeep
|turn|26
|
|t:|1769413347
|switch|p1a: Blissey|Blissey, F|88/100
|move|p2a: Moltres|Substitute|p2a: Moltres
|-start|p2a: Moltres|Substitute
|-damage|p2a: Moltres|75/100
|
|-heal|p1a: Blissey|94/100|[from] item: Leftovers
|upkeep
|turn|27
|
|t:|1769413353
|move|p2a: Moltres|Nasty Plot|p2a: Moltres
|-boost|p2a: Moltres|spa|2
|move|p1a: Blissey|Seismic Toss|p2a: Moltres
|-end|p2a: Moltres|Substitute
|
|-heal|p1a: Blissey|99/100|[from] item: Leftovers
|upkeep
|turn|28
|
|t:|1769413365
|move|p2a: Moltres|Nasty Plot|p2a: Moltres
|-boost|p2a: Moltres|spa|2
|move|p1a: Blissey|Seismic Toss|p2a: Moltres
|-damage|p2a: Moltres|49/100
|-ability|p2a: Moltres|Berserk|boost
|-boost|p2a: Moltres|spa|1
|
|-heal|p1a: Blissey|100/100|[from] item: Leftovers
|upkeep
|turn|29
|c|☆Sulluulllu|Stop swapping to moltres blissey blocks even 4X
|c|☆spamlastresort|alright
|
|t:|1769413390
|move|p2a: Moltres|Nasty Plot|p2a: Moltres
|-boost|p2a: Moltres|spa|1
|move|p1a: Blissey|Seismic Toss|p2a: Moltres
|-damage|p2a: Moltres|23/100
|
|upkeep
|turn|30
|
|t:|1769413396
|-terastallize|p2a: Moltres|Dark
|move|p2a: Moltres|Fiery Wrath|p1a: Blissey
|-damage|p1a: Blissey|40/100
|cant|p1a: Blissey|flinch
|
|-heal|p1a: Blissey|46/100|[from] item: Leftovers
|upkeep
|turn|31
|c|☆spamlastresort|lmao
|c|☆Sulluulllu|Lucky
|c|☆spamlastresort|not really
|
|t:|1769413422
|move|p2a: Moltres|Fiery Wrath|p1a: Blissey
|-damage|p1a: Blissey|0 fnt
|faint|p1a: Blissey
|
|upkeep
|
|t:|1769413427
|switch|p1a: Landorus|Landorus-Therian, M|75/100
|-ability|p1a: Landorus|Intimidate|boost
|-unboost|p2a: Moltres|atk|1
|turn|32
|
|t:|1769413436
|move|p1a: Landorus|Stone Edge|p2a: Moltres
|-damage|p2a: Moltres|0 fnt
|faint|p2a: Moltres
|
|upkeep
|
|t:|1769413470
|switch|p2a: Zamazenta|Zamazenta|100/100
|-damage|p2a: Zamazenta|94/100|[from] Stealth Rock
|turn|33
|
|t:|1769413476
|switch|p1a: Slowking|Slowking-Galar, M|100/100
|move|p2a: Zamazenta|Crunch|p1a: Slowking
|-supereffective|p1a: Slowking
|-damage|p1a: Slowking|57/100
|-damage|p2a: Zamazenta|78/100|[from] item: Rocky Helmet|[of] p1a: Slowking
|
|-heal|p2a: Zamazenta|84/100|[from] item: Leftovers
|upkeep
|turn|34
|
|t:|1769413485
|move|p2a: Zamazenta|Crunch|p1a: Slowking
|-supereffective|p1a: Slowking
|-damage|p1a: Slowking|16/100
|-unboost|p1a: Slowking|def|1
|-damage|p2a: Zamazenta|67/100|[from] item: Rocky Helmet|[of] p1a: Slowking
|move|p1a: Slowking|Psychic|p2a: Zamazenta
|-supereffective|p2a: Zamazenta
|-damage|p2a: Zamazenta|15/100
|
|-heal|p2a: Zamazenta|21/100|[from] item: Leftovers
|upkeep
|turn|35
|
|t:|1769413513
|switch|p1a: Toxapex|Toxapex, F|100/100
|move|p2a: Zamazenta|Crunch|p1a: Toxapex
|-damage|p1a: Toxapex|87/100
|-unboost|p1a: Toxapex|def|1
|-damage|p2a: Zamazenta|5/100|[from] item: Rocky Helmet|[of] p1a: Toxapex
|
|-heal|p2a: Zamazenta|11/100|[from] item: Leftovers
|upkeep
|turn|36
|
|t:|1769413529
|move|p2a: Zamazenta|Rest|p2a: Zamazenta
|-status|p2a: Zamazenta|slp|[from] move: Rest
|-heal|p2a: Zamazenta|100/100 slp|[silent]
|move|p1a: Toxapex|Liquidation|p2a: Zamazenta
|-damage|p2a: Zamazenta|85/100 slp
|
|-heal|p2a: Zamazenta|92/100 slp|[from] item: Leftovers
|upkeep
|turn|37
|
|t:|1769413537
|switch|p1a: Slowking|Slowking-Galar, M|49/100
|cant|p2a: Zamazenta|slp
|
|-heal|p2a: Zamazenta|98/100 slp|[from] item: Leftovers
|upkeep
|turn|38
|
|t:|1769413556
|cant|p2a: Zamazenta|slp
|move|p1a: Slowking|Psychic|p2a: Zamazenta
|-supereffective|p2a: Zamazenta
|-damage|p2a: Zamazenta|43/100 slp
|
|-heal|p2a: Zamazenta|49/100 slp|[from] item: Leftovers
|upkeep
|turn|39
|
|t:|1769413567
|switch|p1a: Toxapex|Toxapex, F|100/100
|-curestatus|p2a: Zamazenta|slp|[msg]
|move|p2a: Zamazenta|Crunch|p1a: Toxapex
|-damage|p1a: Toxapex|87/100
|-unboost|p1a: Toxapex|def|1
|-damage|p2a: Zamazenta|32/100|[from] item: Rocky Helmet|[of] p1a: Toxapex
|
|-heal|p2a: Zamazenta|38/100|[from] item: Leftovers
|upkeep
|turn|40
|
|t:|1769413579
|move|p2a: Zamazenta|Iron Defense|p2a: Zamazenta
|-boost|p2a: Zamazenta|def|2
|move|p1a: Toxapex|Toxic|p2a: Zamazenta
|-status|p2a: Zamazenta|tox
|
|-heal|p2a: Zamazenta|44/100 tox|[from] item: Leftovers
|-damage|p2a: Zamazenta|38/100 tox|[from] psn
|upkeep
|turn|41
|
|t:|1769413588
|move|p2a: Zamazenta|Iron Defense|p2a: Zamazenta
|-boost|p2a: Zamazenta|def|2
|move|p1a: Toxapex|Liquidation|p2a: Zamazenta
|-damage|p2a: Zamazenta|33/100 tox
|
|-heal|p2a: Zamazenta|39/100 tox|[from] item: Leftovers
|-damage|p2a: Zamazenta|27/100 tox|[from] psn
|upkeep
|turn|42
|
|t:|1769413598
|move|p2a: Zamazenta|Iron Defense|p2a: Zamazenta
|-boost|p2a: Zamazenta|def|2
|move|p1a: Toxapex|Liquidation|p2a: Zamazenta
|-damage|p2a: Zamazenta|23/100 tox
|-unboost|p2a: Zamazenta|def|1
|
|-heal|p2a: Zamazenta|29/100 tox|[from] item: Leftovers
|-damage|p2a: Zamazenta|11/100 tox|[from] psn
|upkeep
|turn|43
|
|t:|1769413610
|move|p2a: Zamazenta|Body Press|p1a: Toxapex
|-resisted|p1a: Toxapex
|-damage|p1a: Toxapex|19/100
|-damage|p2a: Zamazenta|0 fnt|[from] item: Rocky Helmet|[of] p1a: Toxapex
|faint|p2a: Zamazenta
|move|p1a: Toxapex|Liquidation|p2: Zamazenta|[notarget]
|-fail|p1a: Toxapex
|
|upkeep
|
|t:|1769413621
|switch|p2a: Quaquaval|Quaquaval, F|100/100
|turn|44
|
|t:|1769413625
|switch|p1a: Slowking|Slowking-Galar, M|83/100
|move|p2a: Quaquaval|Knock Off|p1a: Slowking
|-supereffective|p1a: Slowking
|-damage|p1a: Slowking|19/100
|-damage|p2a: Quaquaval|84/100|[from] item: Rocky Helmet|[of] p1a: Slowking
|-enditem|p1a: Slowking|Rocky Helmet|[from] move: Knock Off|[of] p2a: Quaquaval
|
|upkeep
|turn|45
|
|t:|1769413634
|switch|p1a: Landorus|Landorus-Therian, M|75/100
|-ability|p1a: Landorus|Intimidate|boost
|-unboost|p2a: Quaquaval|atk|1
|move|p2a: Quaquaval|Knock Off|p1a: Landorus
|-damage|p1a: Landorus|50/100
|-enditem|p1a: Landorus|Choice Scarf|[from] move: Knock Off|[of] p2a: Quaquaval
|
|upkeep
|turn|46
|
|t:|1769413643
|switch|p1a: Toxapex|Toxapex, F|52/100
|switch|p2a: Enamorus|Enamorus, F|100/100
|
|upkeep
|turn|47
|
|t:|1769413655
|move|p2a: Enamorus|Superpower|p1a: Toxapex
|-resisted|p1a: Toxapex
|-damage|p1a: Toxapex|39/100
|-boost|p2a: Enamorus|atk|1
|-boost|p2a: Enamorus|def|1
|-damage|p2a: Enamorus|84/100|[from] item: Rocky Helmet|[of] p1a: Toxapex
|move|p1a: Toxapex|Recover|p1a: Toxapex
|-heal|p1a: Toxapex|89/100
|
|upkeep
|turn|48
|
|t:|1769413659
|move|p2a: Enamorus|Zen Headbutt|p1a: Toxapex
|-supereffective|p1a: Toxapex
|-damage|p1a: Toxapex|36/100
|-damage|p2a: Enamorus|67/100|[from] item: Rocky Helmet|[of] p1a: Toxapex
|move|p1a: Toxapex|Toxic|p2a: Enamorus
|-status|p2a: Enamorus|tox
|
|-damage|p2a: Enamorus|61/100 tox|[from] psn
|upkeep
|turn|49
|
|t:|1769413666
|move|p1a: Toxapex|Baneful Bunker|p1a: Toxapex
|-singleturn|p1a: Toxapex|move: Protect
|move|p2a: Enamorus|Zen Headbutt|p1a: Toxapex
|-activate|p1a: Toxapex|move: Protect
|
|-damage|p2a: Enamorus|49/100 tox|[from] psn
|upkeep
|turn|50
|
|t:|1769413677
|switch|p1a: Kingambit|Kingambit, M|100/100
|-activate|p1a: Kingambit|ability: Supreme Overlord
|-start|p1a: Kingambit|fallen2|[silent]
|move|p2a: Enamorus|Zen Headbutt|p1a: Kingambit
|-immune|p1a: Kingambit
|
|-damage|p2a: Enamorus|30/100 tox|[from] psn
|upkeep
|turn|51
|
|t:|1769413685
|-end|p1a: Kingambit|fallen2|[silent]
|switch|p1a: Toxapex|Toxapex, F|69/100
|move|p2a: Enamorus|Superpower|p1a: Toxapex
|-resisted|p1a: Toxapex
|-damage|p1a: Toxapex|49/100
|-boost|p2a: Enamorus|atk|1
|-boost|p2a: Enamorus|def|1
|-damage|p2a: Enamorus|14/100 tox|[from] item: Rocky Helmet|[of] p1a: Toxapex
|
|-damage|p2a: Enamorus|0 fnt|[from] psn
|faint|p2a: Enamorus
|upkeep
|c|☆Sulluulllu|Lol I feel bad
|
|t:|1769413711
|switch|p2a: Revavroom|Revavroom, F|100/100
|-damage|p2a: Revavroom|94/100|[from] Stealth Rock
|turn|52
|
|t:|1769413723
|switch|p1a: Landorus|Landorus-Therian, M|50/100
|-ability|p1a: Landorus|Intimidate|boost
|-unboost|p2a: Revavroom|atk|1
|move|p2a: Revavroom|Shift Gear|p2a: Revavroom
|-boost|p2a: Revavroom|spe|2
|-boost|p2a: Revavroom|atk|1
|
|upkeep
|turn|53
|
|t:|1769413744
|move|p2a: Revavroom|Gunk Shot|p1a: Landorus|[miss]
|-miss|p2a: Revavroom|p1a: Landorus
|move|p1a: Landorus|Earthquake|p2a: Revavroom
|-supereffective|p2a: Revavroom
|-damage|p2a: Revavroom|0 fnt
|faint|p2a: Revavroom
|
|upkeep
|-message|spamlastresort forfeited.
|
|win|Sulluulllu
|raw|Sulluulllu's rating: 1161 &rarr; <strong>1187</strong><br />(+26 for winning)
|raw|spamlastresort's rating: 1181 &rarr; <strong>1155</strong><br />(-26 for losing)
|l|☆spamlastresort
|player|p2|
