|j|☆waha8
|j|☆josephtpg
|t:|1769323009
|gametype|singles
|player|p1|waha8|2|1397
|player|p2|josephtpg|unknown|1516
|gen|9
|tier|[Gen 9] OU
|rated|
|rule|HP Percentage Mod: HP is shown in percentages
|rule|Endless Battle Clause: Forcing endless battles is banned
|rule|Species Clause: Limit one of each Pokémon
|rule|OHKO Clause: OHKO moves are banned
|rule|Evasion Items Clause: Evasion items are banned
|rule|Evasion Moves Clause: Evasion moves are banned
|rule|Evasion Abilities Clause: Evasion abilities are banned
|rule|Sleep Moves Clause: Sleep-inducing moves are banned
|clearpoke
|poke|p1|Hoopa-Unbound|
|poke|p1|Scizor, F|
|poke|p1|Cinderace, F|
|poke|p1|Samurott-Hisui, M|
|poke|p1|Indeedee, M|
|poke|p1|Gholdengo|
|poke|p2|Ogerpon-Wellspring, F|
|poke|p2|Raging Bolt|
|poke|p2|Zamazenta-*|
|poke|p2|Iron Treads|
|poke|p2|Cinderace, F|
|poke|p2|Tornadus-Therian, M|
|teampreview
|inactive|Battle timer is ON: inactive players will automatically lose when time's up. (requested by josephtpg)
|
|t:|1769323029
|teamsize|p1|6
|teamsize|p2|6
|start
|switch|p1a: ReverseUNO|Cinderace, F|100/100
|switch|p2a: Half Time|Cinderace, F|100/100
|turn|1
|
|t:|1769323033
|move|p2a: Half Time|U-turn|p1a: ReverseUNO
|-resisted|p1a: ReverseUNO
|-damage|p1a: ReverseUNO|88/100
|
|t:|1769323045
|switch|p2a: Biggest Bird|Tornadus-Therian, M|100/100|[from] U-turn
|move|p1a: ReverseUNO|Pyro Ball|p2a: Biggest Bird
|-damage|p2a: Biggest Bird|36/100
|
|upkeep
|turn|2
|
|t:|1769323051
|move|p2a: Biggest Bird|Bleakwind Storm|p1a: ReverseUNO
|-damage|p1a: ReverseUNO|36/100
|move|p1a: ReverseUNO|Pyro Ball|p2a: Biggest Bird
|-damage|p2a: Biggest Bird|0 fnt
|faint|p2a: Biggest Bird
|
|upkeep
|
|t:|1769323056
|switch|p2a: Bellowing Thunder|Raging Bolt|100/100
|turn|3
|
|t:|1769323059
|switch|p1a: DeeDee|Indeedee, M|100/100
|-fieldstart|move: Psychic Terrain|[from] ability: Psychic Surge|[of] p1a: DeeDee
|move|p2a: Bellowing Thunder|Volt Switch|p1a: DeeDee
|-damage|p1a: DeeDee|15/100
|
|t:|1769323070
|-end|p2a: Bellowing Thunder|Protosynthesis|[silent]
|switch|p2a: TreadingOnThinIce|Iron Treads|100/100|[from] Volt Switch
|
|upkeep
|turn|4
|
|t:|1769323079
|switch|p1a: Sam|Samurott-Hisui, M|100/100
|move|p2a: TreadingOnThinIce|Ice Spinner|p1a: Sam
|-resisted|p1a: Sam
|-damage|p1a: Sam|85/100
|-fieldend|move: Psychic Terrain
|
|upkeep
|turn|5
|
|t:|1769323084
|move|p1a: Sam|Ceaseless Edge|p2a: TreadingOnThinIce
|-damage|p2a: TreadingOnThinIce|66/100
|-sidestart|p2: josephtpg|Spikes
|move|p2a: TreadingOnThinIce|Earthquake|p1a: Sam
|-damage|p1a: Sam|32/100
|
|upkeep
|turn|6
|
|t:|1769323090
|-end|p2a: TreadingOnThinIce|Quark Drive|[silent]
|switch|p2a: SVOU Like A Zama|Zamazenta|100/100
|-damage|p2a: SVOU Like A Zama|88/100|[from] Spikes
|-ability|p2a: SVOU Like A Zama|Dauntless Shield|boost
|-boost|p2a: SVOU Like A Zama|def|1
|move|p1a: Sam|Razor Shell|p2a: SVOU Like A Zama
|-damage|p2a: SVOU Like A Zama|60/100
|-unboost|p2a: SVOU Like A Zama|def|1
|
|-heal|p2a: SVOU Like A Zama|66/100|[from] item: Leftovers
|upkeep
|turn|7
|
|t:|1769323102
|switch|p1a: DeeDee|Indeedee, M|15/100
|-fieldstart|move: Psychic Terrain|[from] ability: Psychic Surge|[of] p1a: DeeDee
|move|p2a: SVOU Like A Zama|Body Press|p1a: DeeDee
|-damage|p1a: DeeDee|0 fnt
|faint|p1a: DeeDee
|
|-heal|p2a: SVOU Like A Zama|72/100|[from] item: Leftovers
|upkeep
|
|t:|1769323112
|switch|p1a: Jotaro|Hoopa-Unbound|100/100
|turn|8
|
|t:|1769323118
|switch|p2a: TreadingOnThinIce|Iron Treads|66/100
|-damage|p2a: TreadingOnThinIce|54/100|[from] Spikes
|move|p1a: Jotaro|Trick Room|p1a: Jotaro
|-fieldstart|move: Trick Room|[of] p1a: Jotaro
|
|upkeep
|turn|9
|
|t:|1769323124
|move|p1a: Jotaro|Expanding Force|p2a: TreadingOnThinIce
|-resisted|p2a: TreadingOnThinIce
|-damage|p2a: TreadingOnThinIce|13/100
|-damage|p1a: Jotaro|91/100|[from] item: Life Orb
|move|p2a: TreadingOnThinIce|Ice Spinner|p1a: Jotaro
|-damage|p1a: Jotaro|56/100
|-fieldend|move: Psychic Terrain
|
|upkeep
|turn|10
|
|t:|1769323131
|move|p1a: Jotaro|Expanding Force|p2a: TreadingOnThinIce
|-resisted|p2a: TreadingOnThinIce
|-damage|p2a: TreadingOnThinIce|0 fnt
|faint|p2a: TreadingOnThinIce
|-end|p2a: TreadingOnThinIce|Quark Drive|[silent]
|-damage|p1a: Jotaro|46/100|[from] item: Life Orb
|
|upkeep
|
|t:|1769323141
|switch|p2a: Half Time|Cinderace, F|100/100
|turn|11
|
|t:|1769323143
|move|p1a: Jotaro|Hyperspace Fury|p2a: Half Time
|-damage|p2a: Half Time|0 fnt
|-unboost|p1a: Jotaro|def|1
|faint|p2a: Half Time
|-damage|p1a: Jotaro|36/100|[from] item: Life Orb
|
|upkeep
|
|t:|1769323147
|switch|p2a: Bellowing Thunder|Raging Bolt|100/100
|-damage|p2a: Bellowing Thunder|88/100|[from] Spikes
|turn|12
|
|t:|1769323158
|switch|p1a: Maka|Scizor, F|100/100
|move|p2a: Bellowing Thunder|Volt Switch|p1a: Maka
|-damage|p1a: Maka|19/100
|
|t:|1769323163
|-end|p2a: Bellowing Thunder|Protosynthesis|[silent]
|switch|p2a: SomebodyOnceToldMe|Ogerpon-Wellspring, F|100/100|[from] Volt Switch
|-damage|p2a: SomebodyOnceToldMe|88/100|[from] Spikes
|
|-fieldend|move: Trick Room
|upkeep
|turn|13
|
|t:|1769323168
|move|p1a: Maka|Bullet Punch|p2a: SomebodyOnceToldMe
|-resisted|p2a: SomebodyOnceToldMe
|-damage|p2a: SomebodyOnceToldMe|66/100
|move|p2a: SomebodyOnceToldMe|Ivy Cudgel|p1a: Maka|[anim] Ivy Cudgel Water
|-damage|p1a: Maka|0 fnt
|faint|p1a: Maka
|
|upkeep
|
|t:|1769323175
|switch|p1a: ReverseUNO|Cinderace, F|36/100
|turn|14
|
|t:|1769323183
|switch|p2a: SVOU Like A Zama|Zamazenta|72/100
|-damage|p2a: SVOU Like A Zama|60/100|[from] Spikes
|move|p1a: ReverseUNO|Gunk Shot|p2a: SVOU Like A Zama
|-start|p1a: ReverseUNO|typechange|Poison|[from] ability: Libero
|-damage|p2a: SVOU Like A Zama|19/100
|-status|p2a: SVOU Like A Zama|psn
|
|-heal|p2a: SVOU Like A Zama|25/100 psn|[from] item: Leftovers
|-damage|p2a: SVOU Like A Zama|13/100 psn|[from] psn
|upkeep
|turn|15
|
|t:|1769323199
|switch|p1a: Jotaro|Hoopa-Unbound|36/100
|move|p2a: SVOU Like A Zama|Body Press|p1a: Jotaro
|-crit|p1a: Jotaro
|-damage|p1a: Jotaro|0 fnt
|faint|p1a: Jotaro
|
|-heal|p2a: SVOU Like A Zama|19/100 psn|[from] item: Leftovers
|-damage|p2a: SVOU Like A Zama|6/100 psn|[from] psn
|upkeep
|
|t:|1769323215
|switch|p1a: Sam|Samurott-Hisui, M|32/100
|turn|16
|
|t:|1769323218
|switch|p1a: KeepTheChange|Gholdengo|100/100
|move|p2a: SVOU Like A Zama|Roar|p1a: KeepTheChange
|-immune|p1a: KeepTheChange|[from] ability: Good as Gold
|
|-heal|p2a: SVOU Like A Zama|12/100 psn|[from] item: Leftovers
|-damage|p2a: SVOU Like A Zama|0 fnt|[from] psn
|faint|p2a: SVOU Like A Zama
|upkeep
|
|t:|1769323225
|switch|p2a: Bellowing Thunder|Raging Bolt|88/100
|-damage|p2a: Bellowing Thunder|76/100|[from] Spikes
|turn|17
|
|t:|1769323229
|move|p1a: KeepTheChange|Shadow Ball|p2a: Bellowing Thunder
|-damage|p2a: Bellowing Thunder|13/100
|move|p2a: Bellowing Thunder|Thunderbolt|p1a: KeepTheChange
|-damage|p1a: KeepTheChange|14/100
|
|upkeep
|turn|18
|
|t:|1769323235
|move|p1a: KeepTheChange|Shadow Ball|p2a: Bellowing Thunder
|-damage|p2a: Bellowing Thunder|0 fnt
|faint|p2a: Bellowing Thunder
|-end|p2a: Bellowing Thunder|Protosynthesis|[silent]
|
|upkeep
|
|t:|1769323237
|switch|p2a: SomebodyOnceToldMe|Ogerpon-Wellspring, F|66/100
|-damage|p2a: SomebodyOnceToldMe|54/100|[from] Spikes
|turn|19
|
|t:|1769323242
|-terastallize|p2a: SomebodyOnceToldMe|Water
|detailschange|p2a: SomebodyOnceToldMe|Ogerpon-Wellspring-Tera, F, tera:Water
|-ability|p2a: SomebodyOnceToldMe|Embody Aspect (Wellspring)|boost
|-boost|p2a: SomebodyOnceToldMe|spd|1
|move|p2a: SomebodyOnceToldMe|Ivy Cudgel|p1a: KeepTheChange|[anim] Ivy Cudgel Water
|-damage|p1a: KeepTheChange|0 fnt
|faint|p1a: KeepTheChange
|
|upkeep
|c|☆waha8|gg
|c|☆josephtpg|gg
|
|t:|1769323249
|switch|p1a: ReverseUNO|Cinderace, F|36/100
|turn|20
|
|t:|1769323252
|move|p1a: ReverseUNO|Gunk Shot|p2a: SomebodyOnceToldMe
|-start|p1a: ReverseUNO|typechange|Poison|[from] ability: Libero
|-damage|p2a: SomebodyOnceToldMe|0 fnt
|faint|p2a: SomebodyOnceToldMe
|detailschange|p2: SomebodyOnceToldMe|Ogerpon-Wellspring, F|[silent]
|
|win|waha8
|raw|waha8's rating: 1397 &rarr; <strong>1424</strong><br />(+27 for winning)
|raw|josephtpg's rating: 1516 &rarr; <strong>1489</strong><br />(-27 for losing)
|l|☆josephtpg
|player|p2|
|l|☆waha8
|player|p1|
