|j|‽powerfulnoob_
|j|☆killallblaziken
|t:|1769428843
|gametype|singles
|player|p1|powerfulnoob_|265|1339
|player|p2|killallblaziken|169|1355
|gen|9
|tier|[Gen 9] OU
|rated|
|rule|HP Percentage Mod: HP is shown in percentages
|rule|Endless Battle Clause: Forcing endless battles is banned
|rule|Species Clause: Limit one of each Pokémon
|rule|OHKO Clause: OHKO moves are banned
|rule|Evasion Items Clause: Evasion items are banned
|rule|Evasion Moves Clause: Evasion moves are banned
|rule|Evasion Abilities Clause: Evasion abilities are banned
|rule|Sleep Moves Clause: Sleep-inducing moves are banned
|clearpoke
|poke|p1|Gengar, M|
|poke|p1|Indeedee, M|
|poke|p1|Hawlucha, F|
|poke|p1|Iron Treads|
|poke|p1|Iron Moth|
|poke|p1|Samurott-Hisui, M|
|poke|p2|Samurott-Hisui, F|
|poke|p2|Dragapult, M|
|poke|p2|Garganacl, F|
|poke|p2|Great Tusk|
|poke|p2|Iron Crown|
|poke|p2|Zapdos|
|teampreview
|
|t:|1769428856
|teamsize|p1|6
|teamsize|p2|6
|start
|switch|p1a: Indeedee|Indeedee, M|100/100
|switch|p2a: Samurott|Samurott-Hisui, F|100/100
|-fieldstart|move: Psychic Terrain|[from] ability: Psychic Surge|[of] p1a: Indeedee
|turn|1
|
|t:|1769428867
|switch|p1a: Hawlucha|Hawlucha, F|100/100
|-enditem|p1a: Hawlucha|Psychic Seed
|-boost|p1a: Hawlucha|spd|1|[from] item: Psychic Seed
|move|p2a: Samurott|Ceaseless Edge|p1a: Hawlucha
|-resisted|p1a: Hawlucha
|-damage|p1a: Hawlucha|67/100
|-sidestart|p1: powerfulnoob_|Spikes
|
|upkeep
|turn|2
|
|t:|1769428884
|switch|p2a: Zapdos|Zapdos|100/100
|move|p1a: Hawlucha|Substitute|p1a: Hawlucha
|-start|p1a: Hawlucha|Substitute
|-damage|p1a: Hawlucha|42/100
|
|upkeep
|turn|3
|
|t:|1769428891
|move|p1a: Hawlucha|Swords Dance|p1a: Hawlucha
|-boost|p1a: Hawlucha|atk|2
|move|p2a: Zapdos|Volt Switch|p1a: Hawlucha
|-supereffective|p1a: Hawlucha
|-end|p1a: Hawlucha|Substitute
|
|t:|1769428896
|switch|p2a: Iron Crown|Iron Crown|100/100|[from] Volt Switch
|
|upkeep
|turn|4
|
|t:|1769428901
|move|p1a: Hawlucha|Close Combat|p2a: Iron Crown
|-damage|p2a: Iron Crown|0 fnt
|-unboost|p1a: Hawlucha|def|1
|-unboost|p1a: Hawlucha|spd|1
|faint|p2a: Iron Crown
|-end|p2a: Iron Crown|Quark Drive|[silent]
|
|upkeep
|
|t:|1769428914
|switch|p2a: Zapdos|Zapdos|100/100
|turn|5
|inactive|Battle timer is ON: inactive players will automatically lose when time's up. (requested by killallblaziken)
|
|t:|1769428939
|move|p1a: Hawlucha|Close Combat|p2a: Zapdos
|-resisted|p2a: Zapdos
|-damage|p2a: Zapdos|41/100
|-unboost|p1a: Hawlucha|def|1
|-unboost|p1a: Hawlucha|spd|1
|-status|p1a: Hawlucha|par|[from] ability: Static|[of] p2a: Zapdos
|move|p2a: Zapdos|Volt Switch|p1a: Hawlucha
|-supereffective|p1a: Hawlucha
|-damage|p1a: Hawlucha|0 fnt
|faint|p1a: Hawlucha
|
|t:|1769428947
|switch|p2a: Samurott|Samurott-Hisui, F|100/100|[from] Volt Switch
|
|-fieldend|move: Psychic Terrain
|upkeep
|inactive|powerfulnoob_ has 120 seconds left.
|
|t:|1769428993
|switch|p1a: Samurott|Samurott-Hisui, M|100/100
|-damage|p1a: Samurott|88/100|[from] Spikes
|turn|6
|
|t:|1769429000
|switch|p2a: Great Tusk|Great Tusk|100/100
|move|p1a: Samurott|Ceaseless Edge|p2a: Great Tusk
|-resisted|p2a: Great Tusk
|-damage|p2a: Great Tusk|74/100
|-sidestart|p2: killallblaziken|Spikes
|
|upkeep
|turn|7
|
|t:|1769429013
|switch|p1a: Gengar|Gengar, M|100/100
|-damage|p1a: Gengar|88/100|[from] Spikes
|move|p2a: Great Tusk|Close Combat|p1a: Gengar
|-immune|p1a: Gengar
|
|upkeep
|turn|8
|
|t:|1769429023
|-end|p2a: Great Tusk|Protosynthesis|[silent]
|switch|p2a: Samurott|Samurott-Hisui, F|100/100
|-damage|p2a: Samurott|88/100|[from] Spikes
|move|p1a: Gengar|Psychic|p2a: Samurott
|-immune|p2a: Samurott
|
|upkeep
|turn|9
|
|t:|1769429039
|switch|p1a: Iron Treads|Iron Treads|100/100
|move|p2a: Samurott|Ceaseless Edge|p1a: Iron Treads
|-damage|p1a: Iron Treads|66/100
|-sidestart|p1: powerfulnoob_|Spikes
|
|upkeep
|turn|10
|
|t:|1769429048
|move|p1a: Iron Treads|Stealth Rock|p2a: Samurott
|-sidestart|p2: killallblaziken|move: Stealth Rock
|move|p2a: Samurott|Aqua Cutter|p1a: Iron Treads
|-supereffective|p1a: Iron Treads
|-damage|p1a: Iron Treads|0 fnt
|faint|p1a: Iron Treads
|-end|p1a: Iron Treads|Quark Drive|[silent]
|
|upkeep
|
|t:|1769429064
|switch|p1a: Iron Moth|Iron Moth|100/100
|-damage|p1a: Iron Moth|84/100|[from] Spikes
|-enditem|p1a: Iron Moth|Booster Energy
|-activate|p1a: Iron Moth|ability: Quark Drive|[fromitem]
|-start|p1a: Iron Moth|quarkdrivespa
|turn|11
|
|t:|1769429077
|-terastallize|p2a: Samurott|Poison
|move|p1a: Iron Moth|Energy Ball|p2a: Samurott
|-resisted|p2a: Samurott
|-damage|p2a: Samurott|67/100
|move|p2a: Samurott|Aqua Cutter|p1a: Iron Moth
|-supereffective|p1a: Iron Moth
|-damage|p1a: Iron Moth|0 fnt
|faint|p1a: Iron Moth
|-end|p1a: Iron Moth|Quark Drive|[silent]
|
|upkeep
|
|t:|1769429081
|switch|p1a: Indeedee|Indeedee, M|100/100
|-damage|p1a: Indeedee|84/100|[from] Spikes
|-fieldstart|move: Psychic Terrain|[from] ability: Psychic Surge|[of] p1a: Indeedee
|turn|12
|
|t:|1769429086
|-terastallize|p1a: Indeedee|Psychic
|move|p1a: Indeedee|Expanding Force|p2a: Samurott
|-supereffective|p2a: Samurott
|-damage|p2a: Samurott|0 fnt
|faint|p2a: Samurott
|
|upkeep
|
|t:|1769429100
|switch|p2a: Zapdos|Zapdos|41/100
|turn|13
|
|t:|1769429105
|move|p1a: Indeedee|Expanding Force|p2a: Zapdos
|-damage|p2a: Zapdos|0 fnt
|faint|p2a: Zapdos
|
|upkeep
|
|t:|1769429114
|switch|p2a: Garganacl|Garganacl, F|100/100
|-damage|p2a: Garganacl|88/100|[from] Spikes
|-damage|p2a: Garganacl|76/100|[from] Stealth Rock
|turn|14
|
|t:|1769429117
|move|p1a: Indeedee|Expanding Force|p2a: Garganacl
|-damage|p2a: Garganacl|0 fnt
|faint|p2a: Garganacl
|
|upkeep
|
|t:|1769429122
|switch|p2a: Dragapult|Dragapult, M|100/100
|turn|15
|
|t:|1769429127
|move|p2a: Dragapult|U-turn|p1a: Indeedee
|-supereffective|p1a: Indeedee
|-damage|p1a: Indeedee|7/100
|
|t:|1769429133
|switch|p2a: Great Tusk|Great Tusk|74/100|[from] U-turn
|move|p1a: Indeedee|Expanding Force|p2a: Great Tusk
|-supereffective|p2a: Great Tusk
|-damage|p2a: Great Tusk|0 fnt
|faint|p2a: Great Tusk
|-end|p2a: Great Tusk|Protosynthesis|[silent]
|
|upkeep
|
|t:|1769429136
|switch|p2a: Dragapult|Dragapult, M|100/100
|turn|16
|
|t:|1769429143
|move|p2a: Dragapult|U-turn|p1a: Indeedee
|-supereffective|p1a: Indeedee
|-damage|p1a: Indeedee|0 fnt
|faint|p1a: Indeedee
|
|-fieldend|move: Psychic Terrain
|upkeep
|
|t:|1769429149
|switch|p1a: Gengar|Gengar, M|88/100
|-damage|p1a: Gengar|72/100|[from] Spikes
|turn|17
|
|t:|1769429155
|move|p2a: Dragapult|Hex|p1a: Gengar
|-supereffective|p1a: Gengar
|-damage|p1a: Gengar|0 fnt
|faint|p1a: Gengar
|
|upkeep
|
|t:|1769429158
|switch|p1a: Samurott|Samurott-Hisui, M|88/100
|-damage|p1a: Samurott|72/100|[from] Spikes
|turn|18
|
|t:|1769429164
|move|p2a: Dragapult|Will-O-Wisp|p1a: Samurott
|-status|p1a: Samurott|brn
|move|p1a: Samurott|Knock Off|p2a: Dragapult
|-supereffective|p2a: Dragapult
|-crit|p2a: Dragapult
|-damage|p2a: Dragapult|0 fnt
|-enditem|p2a: Dragapult|Heavy-Duty Boots|[from] move: Knock Off|[of] p1a: Samurott
|faint|p2a: Dragapult
|
|win|powerfulnoob_
|raw|powerfulnoob_'s rating: 1339 &rarr; <strong>1360</strong><br />(+21 for winning)
|raw|killallblaziken's rating: 1355 &rarr; <strong>1334</strong><br />(-21 for losing)
|c|☆killallblaziken|saved
|c|☆killallblaziken|gg
|l|‽powerfulnoob_
|player|p1|
|l|☆killallblaziken
|player|p2|
