|j|☆Sunday526
|j|☆d13g0 m.
|t:|1769442126
|gametype|singles
|player|p1|Sunday526|1|1093
|player|p2|d13g0 m.|101|1145
|gen|9
|tier|[Gen 9] OU
|rated|
|rule|HP Percentage Mod: HP is shown in percentages
|rule|Endless Battle Clause: Forcing endless battles is banned
|rule|Species Clause: Limit one of each Pokémon
|rule|OHKO Clause: OHKO moves are banned
|rule|Evasion Items Clause: Evasion items are banned
|rule|Evasion Moves Clause: Evasion moves are banned
|rule|Evasion Abilities Clause: Evasion abilities are banned
|rule|Sleep Moves Clause: Sleep-inducing moves are banned
|clearpoke
|poke|p1|Altaria, M|
|poke|p1|Dragalge, M|
|poke|p1|Gliscor, F|
|poke|p1|Vaporeon, M|
|poke|p1|Dragapult, F|
|poke|p1|Ting-Lu|
|poke|p2|Dragapult, F|
|poke|p2|Meowstic, M|
|poke|p2|Bisharp, F|
|poke|p2|Ninetales-Alola, F|
|poke|p2|Glastrier|
|poke|p2|Dondozo, F|
|teampreview
|inactive|Battle timer is ON: inactive players will automatically lose when time's up. (requested by d13g0 m.)
|
|t:|1769442133
|teamsize|p1|6
|teamsize|p2|6
|start
|switch|p1a: Dragalge|Dragalge, M|100/100
|switch|p2a: Meowstic|Meowstic, M|100/100
|turn|1
|
|t:|1769442141
|move|p2a: Meowstic|Thunder Wave|p1a: Dragalge
|-status|p1a: Dragalge|par
|move|p1a: Dragalge|Toxic Spikes|p2a: Meowstic
|-sidestart|p2: d13g0 m.|move: Toxic Spikes
|
|upkeep
|turn|2
|
|t:|1769442156
|move|p2a: Meowstic|Psychic Noise|p1a: Dragalge
|-supereffective|p1a: Dragalge
|-damage|p1a: Dragalge|55/100 par
|-start|p1a: Dragalge|move: Heal Block
|cant|p1a: Dragalge|par
|
|upkeep
|turn|3
|
|t:|1769442164
|move|p2a: Meowstic|Psychic Noise|p1a: Dragalge
|-supereffective|p1a: Dragalge
|-damage|p1a: Dragalge|15/100 par
|move|p1a: Dragalge|Toxic Spikes|p2a: Meowstic
|-sidestart|p2: d13g0 m.|move: Toxic Spikes
|
|-end|p1a: Dragalge|move: Heal Block
|upkeep
|turn|4
|
|t:|1769442173
|move|p2a: Meowstic|Psychic Noise|p1a: Dragalge
|-supereffective|p1a: Dragalge
|-damage|p1a: Dragalge|0 fnt
|faint|p1a: Dragalge
|
|upkeep
|
|t:|1769442178
|switch|p1a: Gliscor|Gliscor, F|100/100
|turn|5
|
|t:|1769442190
|move|p1a: Gliscor|Protect|p1a: Gliscor
|-singleturn|p1a: Gliscor|Protect
|move|p2a: Meowstic|Trick Room|p2a: Meowstic
|-fieldstart|move: Trick Room|[of] p2a: Meowstic
|
|-status|p1a: Gliscor|tox|[from] item: Toxic Orb
|upkeep
|turn|6
|
|t:|1769442197
|move|p1a: Gliscor|Knock Off|p2a: Meowstic
|-supereffective|p2a: Meowstic
|-damage|p2a: Meowstic|49/100
|-enditem|p2a: Meowstic|Focus Sash|[from] move: Knock Off|[of] p1a: Gliscor
|move|p2a: Meowstic|Psychic Noise|p1a: Gliscor
|-damage|p1a: Gliscor|76/100 tox
|-start|p1a: Gliscor|move: Heal Block
|
|upkeep
|turn|7
|
|t:|1769442215
|switch|p2a: Bisharp|Bisharp, F, shiny|100/100
|move|p1a: Gliscor|Knock Off|p2a: Bisharp
|-resisted|p2a: Bisharp
|-damage|p2a: Bisharp|91/100
|-enditem|p2a: Bisharp|Eviolite|[from] move: Knock Off|[of] p1a: Gliscor
|
|-end|p1a: Gliscor|move: Heal Block
|upkeep
|turn|8
|
|t:|1769442232
|move|p1a: Gliscor|Protect|p1a: Gliscor
|-singleturn|p1a: Gliscor|Protect
|move|p2a: Bisharp|Foul Play|p1a: Gliscor
|-activate|p1a: Gliscor|move: Protect
|
|-heal|p1a: Gliscor|89/100 tox|[from] ability: Poison Heal
|upkeep
|turn|9
|
|t:|1769442239
|move|p2a: Bisharp|Foul Play|p1a: Gliscor
|-damage|p1a: Gliscor|66/100 tox
|move|p1a: Gliscor|Earthquake|p2a: Bisharp
|-supereffective|p2a: Bisharp
|-crit|p2a: Bisharp
|-damage|p2a: Bisharp|0 fnt
|faint|p2a: Bisharp
|
|-heal|p1a: Gliscor|78/100 tox|[from] ability: Poison Heal
|-fieldend|move: Trick Room
|upkeep
|
|t:|1769442244
|switch|p2a: Dondozo|Dondozo, F|100/100
|-status|p2a: Dondozo|tox
|turn|10
|
|t:|1769442256
|move|p1a: Gliscor|Knock Off|p2a: Dondozo
|-damage|p2a: Dondozo|88/100 tox
|-enditem|p2a: Dondozo|Leftovers|[from] move: Knock Off|[of] p1a: Gliscor
|move|p2a: Dondozo|Rest|p2a: Dondozo
|-status|p2a: Dondozo|slp|[from] move: Rest
|-heal|p2a: Dondozo|100/100 slp|[silent]
|
|-heal|p1a: Gliscor|91/100 tox|[from] ability: Poison Heal
|upkeep
|turn|11
|
|t:|1769442278
|switch|p1a: Vaporeon|Vaporeon, M|100/100
|cant|p2a: Dondozo|slp
|move|p2a: Dondozo|Sleep Talk|p2a: Dondozo
|move|p2a: Dondozo|Rest||[from] move: Sleep Talk|[still]
|-fail|p2a: Dondozo
|
|upkeep
|turn|12
|
|t:|1769442285
|move|p1a: Vaporeon|Calm Mind|p1a: Vaporeon
|-boost|p1a: Vaporeon|spa|1
|-boost|p1a: Vaporeon|spd|1
|cant|p2a: Dondozo|slp
|move|p2a: Dondozo|Sleep Talk|p2a: Dondozo
|move|p2a: Dondozo|Curse|p2a: Dondozo|[from] move: Sleep Talk
|-unboost|p2a: Dondozo|spe|1
|-boost|p2a: Dondozo|atk|1
|-boost|p2a: Dondozo|def|1
|
|upkeep
|turn|13
|
|t:|1769442294
|move|p1a: Vaporeon|Calm Mind|p1a: Vaporeon
|-boost|p1a: Vaporeon|spa|1
|-boost|p1a: Vaporeon|spd|1
|-curestatus|p2a: Dondozo|slp|[msg]
|move|p2a: Dondozo|Curse|p2a: Dondozo
|-unboost|p2a: Dondozo|spe|1
|-boost|p2a: Dondozo|atk|1
|-boost|p2a: Dondozo|def|1
|
|upkeep
|turn|14
|
|t:|1769442302
|move|p1a: Vaporeon|Calm Mind|p1a: Vaporeon
|-boost|p1a: Vaporeon|spa|1
|-boost|p1a: Vaporeon|spd|1
|move|p2a: Dondozo|Wave Crash|p1a: Vaporeon
|-immune|p1a: Vaporeon|[from] ability: Water Absorb
|
|upkeep
|turn|15
|l|☆d13g0 m.
|inactive|d13g0 m. disconnected and has a minute to reconnect!
|player|p2|
|inactive|d13g0 m. has 30 seconds to reconnect!
|inactive|d13g0 m. has 20 seconds to reconnect!
|inactive|d13g0 m. has 15 seconds to reconnect!
|inactive|d13g0 m. has 10 seconds to reconnect!
|inactive|d13g0 m. has 5 seconds to reconnect!
|-message|d13g0 m. lost due to inactivity.
|
|win|Sunday526
|raw|Sunday526's rating: 1093 &rarr; <strong>1123</strong><br />(+30 for winning)
|raw|d13g0 m.'s rating: 1145 &rarr; <strong>1116</strong><br />(-29 for losing)
|l|☆Sunday526
|player|p1|
