|j|☆mystery rain ninja
|j|☆two time frank
|t:|1769444120
|gametype|singles
|player|p1|mystery rain ninja|janine|1675
|player|p2|two time frank|ghetsis-gen5bw|1666
|gen|9
|tier|[Gen 9] OU
|rated|
|rule|HP Percentage Mod: HP is shown in percentages
|rule|Endless Battle Clause: Forcing endless battles is banned
|rule|Species Clause: Limit one of each Pokémon
|rule|OHKO Clause: OHKO moves are banned
|rule|Evasion Items Clause: Evasion items are banned
|rule|Evasion Moves Clause: Evasion moves are banned
|rule|Evasion Abilities Clause: Evasion abilities are banned
|rule|Sleep Moves Clause: Sleep-inducing moves are banned
|clearpoke
|poke|p1|Pelipper, F|
|poke|p1|Raging Bolt|
|poke|p1|Overqwil, M|
|poke|p1|Barraskewda, F|
|poke|p1|Iron Treads|
|poke|p1|Kingambit, M|
|poke|p2|Tinkaton, F|
|poke|p2|Ogerpon, F|
|poke|p2|Great Tusk|
|poke|p2|Pecharunt|
|poke|p2|Alomomola, M|
|poke|p2|Hydreigon, M|
|teampreview
|inactive|Battle timer is ON: inactive players will automatically lose when time's up. (requested by mystery rain ninja)
|inactive|two time frank has 120 seconds left.
|
|t:|1769444170
|teamsize|p1|6
|teamsize|p2|6
|start
|switch|p1a: Pelipper|Pelipper, F|100/100
|switch|p2a: Behemoth|Great Tusk, shiny|100/100
|-weather|RainDance|[from] ability: Drizzle|[of] p1a: Pelipper
|turn|1
|inactive|mystery rain ninja has 120 seconds left.
|
|t:|1769444205
|-end|p2a: Behemoth|Protosynthesis|[silent]
|switch|p2a: Pisces|Alomomola, M, shiny|100/100
|move|p1a: Pelipper|Weather Ball|p2a: Pisces
|-resisted|p2a: Pisces
|-damage|p2a: Pisces|88/100
|
|-weather|RainDance|[upkeep]
|upkeep
|turn|2
|inactive|two time frank has 120 seconds left.
|
|t:|1769444256
|move|p1a: Pelipper|U-turn|p2a: Pisces
|-damage|p2a: Pisces|81/100
|
|t:|1769444262
|switch|p1a: Barraskewda|Barraskewda, F|100/100|[from] U-turn
|move|p2a: Pisces|Flip Turn|p1a: Barraskewda
|-resisted|p1a: Barraskewda
|-damage|p1a: Barraskewda|75/100
|
|t:|1769444266
|switch|p2a: Anonymous|Ogerpon, F|100/100|[from] Flip Turn
|
|-weather|RainDance|[upkeep]
|upkeep
|turn|3
|
|t:|1769444282
|switch|p2a: Overseer|Pecharunt|100/100
|move|p1a: Barraskewda|Flip Turn|p2a: Overseer
|-damage|p2a: Overseer|67/100
|-damage|p1a: Barraskewda|59/100|[from] item: Rocky Helmet|[of] p2a: Overseer
|
|t:|1769444294
|switch|p1a: Overqwil|Overqwil, M|100/100|[from] Flip Turn
|
|-weather|RainDance|[upkeep]
|upkeep
|turn|4
|
|t:|1769444323
|switch|p2a: Smile.exe|Tinkaton, F, shiny|100/100
|-item|p2a: Smile.exe|Air Balloon
|move|p1a: Overqwil|Swords Dance|p1a: Overqwil
|-boost|p1a: Overqwil|atk|2
|
|-weather|RainDance|[upkeep]
|upkeep
|turn|5
|
|t:|1769444337
|move|p1a: Overqwil|Liquidation|p2a: Smile.exe
|-damage|p2a: Smile.exe|0 fnt
|-enditem|p2a: Smile.exe|Air Balloon
|faint|p2a: Smile.exe
|-damage|p1a: Overqwil|91/100|[from] item: Life Orb
|
|-weather|RainDance|[upkeep]
|upkeep
|inactive|two time frank has 90 seconds left.
|
|t:|1769444347
|switch|p2a: Hybrid|Hydreigon, M, shiny|100/100
|turn|6
|
|t:|1769444350
|-terastallize|p2a: Hybrid|Steel
|move|p1a: Overqwil|Gunk Shot|p2a: Hybrid
|-immune|p2a: Hybrid
|move|p2a: Hybrid|Earth Power|p1a: Overqwil
|-supereffective|p1a: Overqwil
|-damage|p1a: Overqwil|0 fnt
|faint|p1a: Overqwil
|
|-weather|RainDance|[upkeep]
|upkeep
|
|t:|1769444354
|switch|p1a: Barraskewda|Barraskewda, F|59/100
|turn|7
|
|t:|1769444359
|switch|p2a: Pisces|Alomomola, M, shiny|100/100
|-terastallize|p1a: Barraskewda|Water
|move|p1a: Barraskewda|Liquidation|p2a: Pisces
|-resisted|p2a: Pisces
|-damage|p2a: Pisces|49/100
|
|-weather|RainDance|[upkeep]
|upkeep
|turn|8
|inactive|two time frank has 120 seconds left.
|
|t:|1769444386
|switch|p2a: Anonymous|Ogerpon, F|100/100
|move|p1a: Barraskewda|Liquidation|p2a: Anonymous
|-resisted|p2a: Anonymous
|-damage|p2a: Anonymous|2/100
|
|-weather|none
|upkeep
|turn|9
|
|t:|1769444397
|switch|p1a: Kingambit|Kingambit, M|100/100
|-activate|p1a: Kingambit|ability: Supreme Overlord
|-start|p1a: Kingambit|fallen1|[silent]
|switch|p2a: Pisces|Alomomola, M, shiny|82/100
|
|upkeep
|turn|10
|
|t:|1769444404
|move|p1a: Kingambit|Swords Dance|p1a: Kingambit
|-boost|p1a: Kingambit|atk|2
|move|p2a: Pisces|Flip Turn|p1a: Kingambit
|-damage|p1a: Kingambit|89/100
|
|t:|1769444409
|switch|p2a: Behemoth|Great Tusk, shiny|100/100|[from] Flip Turn
|
|-heal|p1a: Kingambit|95/100|[from] item: Leftovers
|upkeep
|turn|11
|
|t:|1769444415
|-end|p1a: Kingambit|fallen1|[silent]
|switch|p1a: Pelipper|Pelipper, F|100/100
|-weather|RainDance|[from] ability: Drizzle|[of] p1a: Pelipper
|move|p2a: Behemoth|Headlong Rush|p1a: Pelipper
|-immune|p1a: Pelipper
|
|-weather|RainDance|[upkeep]
|upkeep
|turn|12
|
|t:|1769444423
|-end|p2a: Behemoth|Protosynthesis|[silent]
|switch|p2a: Pisces|Alomomola, M, shiny|100/100
|move|p1a: Pelipper|U-turn|p2a: Pisces
|-damage|p2a: Pisces|94/100
|
|t:|1769444433
|switch|p1a: Iron Treads|Iron Treads|100/100|[from] U-turn
|-enditem|p1a: Iron Treads|Booster Energy
|-activate|p1a: Iron Treads|ability: Quark Drive|[fromitem]
|-start|p1a: Iron Treads|quarkdrivespe
|
|-weather|RainDance|[upkeep]
|upkeep
|turn|13
|
|t:|1769444455
|move|p2a: Pisces|Aqua Jet|p1a: Iron Treads
|-supereffective|p1a: Iron Treads
|-damage|p1a: Iron Treads|72/100
|move|p1a: Iron Treads|Stealth Rock|p2a: Pisces
|-sidestart|p2: two time frank|move: Stealth Rock
|
|-weather|RainDance|[upkeep]
|upkeep
|turn|14
|
|t:|1769444464
|move|p1a: Iron Treads|Earth Power|p2a: Pisces
|-damage|p2a: Pisces|77/100
|move|p2a: Pisces|Flip Turn|p1a: Iron Treads
|-supereffective|p1a: Iron Treads
|-damage|p1a: Iron Treads|30/100
|
|t:|1769444469
|switch|p2a: Behemoth|Great Tusk, shiny|100/100|[from] Flip Turn
|
|-weather|RainDance|[upkeep]
|upkeep
|turn|15
|
|t:|1769444472
|move|p1a: Iron Treads|Steel Beam|p2a: Behemoth
|-damage|p2a: Behemoth|27/100
|-damage|p1a: Iron Treads|0 fnt|[from] steelbeam
|faint|p1a: Iron Treads
|-end|p1a: Iron Treads|Quark Drive|[silent]
|move|p2a: Behemoth|Rapid Spin|p1: Iron Treads|[notarget]
|-fail|p2a: Behemoth
|
|-weather|RainDance|[upkeep]
|upkeep
|
|t:|1769444477
|switch|p1a: Barraskewda|Barraskewda, F, tera:Water|59/100
|turn|16
|
|t:|1769444484
|-end|p2a: Behemoth|Protosynthesis|[silent]
|switch|p2a: Anonymous|Ogerpon, F|2/100
|-damage|p2a: Anonymous|0 fnt|[from] Stealth Rock
|faint|p2a: Anonymous
|move|p1a: Barraskewda|Liquidation|p2: Anonymous|[notarget]
|-fail|p1a: Barraskewda
|
|-weather|RainDance|[upkeep]
|upkeep
|
|t:|1769444489
|switch|p2a: Pisces|Alomomola, M, shiny|100/100
|-damage|p2a: Pisces|88/100|[from] Stealth Rock
|turn|17
|
|t:|1769444498
|switch|p1a: Kingambit|Kingambit, M|95/100
|-activate|p1a: Kingambit|ability: Supreme Overlord
|-start|p1a: Kingambit|fallen2|[silent]
|move|p2a: Pisces|Play Rough|p1a: Kingambit
|-damage|p1a: Kingambit|82/100
|
|-weather|RainDance|[upkeep]
|-heal|p1a: Kingambit|89/100|[from] item: Leftovers
|upkeep
|turn|18
|
|t:|1769444504
|move|p1a: Kingambit|Swords Dance|p1a: Kingambit
|-boost|p1a: Kingambit|atk|2
|move|p2a: Pisces|Flip Turn|p1a: Kingambit
|-damage|p1a: Kingambit|71/100
|
|t:|1769444525
|switch|p2a: Hybrid|Hydreigon, M, shiny, tera:Steel|100/100|[from] Flip Turn
|-damage|p2a: Hybrid|94/100|[from] Stealth Rock
|
|-weather|none
|-heal|p1a: Kingambit|77/100|[from] item: Leftovers
|upkeep
|turn|19
|
|t:|1769444537
|switch|p2a: Overseer|Pecharunt|67/100
|-damage|p2a: Overseer|55/100|[from] Stealth Rock
|move|p1a: Kingambit|Sucker Punch||[still]
|-fail|p1a: Kingambit
|
|-heal|p1a: Kingambit|84/100|[from] item: Leftovers
|upkeep
|turn|20
|
|t:|1769444543
|move|p2a: Overseer|Parting Shot|p1a: Kingambit
|-unboost|p1a: Kingambit|atk|1
|-unboost|p1a: Kingambit|spa|1
|
|t:|1769444546
|switch|p2a: Behemoth|Great Tusk, shiny|27/100|[from] Parting Shot
|move|p1a: Kingambit|Kowtow Cleave|p2a: Behemoth
|-resisted|p2a: Behemoth
|-damage|p2a: Behemoth|0 fnt
|faint|p2a: Behemoth
|-end|p2a: Behemoth|Protosynthesis|[silent]
|
|-heal|p1a: Kingambit|90/100|[from] item: Leftovers
|upkeep
|
|t:|1769444551
|switch|p2a: Hybrid|Hydreigon, M, shiny, tera:Steel|94/100
|-damage|p2a: Hybrid|88/100|[from] Stealth Rock
|turn|21
|
|t:|1769444556
|move|p1a: Kingambit|Sucker Punch|p2a: Hybrid
|-damage|p2a: Hybrid|0 fnt
|faint|p2a: Hybrid
|
|-heal|p1a: Kingambit|96/100|[from] item: Leftovers
|upkeep
|-message|two time frank forfeited.
|
|win|mystery rain ninja
|raw|mystery rain ninja's rating: 1675 &rarr; <strong>1694</strong><br />(+19 for winning)
|raw|two time frank's rating: 1666 &rarr; <strong>1647</strong><br />(-19 for losing)
|l|☆mystery rain ninja
|player|p1|
|l|☆two time frank
|player|p2|
