|j|☆Green Arcanines
|j|☆Strz3lec
|t:|1769293569
|gametype|singles
|player|p1|Green Arcanines|1|1144
|player|p2|Strz3lec|265|1186
|gen|9
|tier|[Gen 9] OU
|rated|
|rule|HP Percentage Mod: HP is shown in percentages
|rule|Endless Battle Clause: Forcing endless battles is banned
|rule|Species Clause: Limit one of each Pokémon
|rule|OHKO Clause: OHKO moves are banned
|rule|Evasion Items Clause: Evasion items are banned
|rule|Evasion Moves Clause: Evasion moves are banned
|rule|Evasion Abilities Clause: Evasion abilities are banned
|rule|Sleep Moves Clause: Sleep-inducing moves are banned
|clearpoke
|poke|p1|Skarmory, M|
|poke|p1|Krookodile, F|
|poke|p1|Tentacruel, M|
|poke|p1|Rotom|
|poke|p1|Chesnaught, F|
|poke|p1|Greninja-*, M|
|poke|p2|Torkoal, M|
|poke|p2|Charizard, F|
|poke|p2|Venusaur, F|
|poke|p2|Conkeldurr, M|
|poke|p2|Sawsbuck, M|
|poke|p2|Mandibuzz, F|
|teampreview
|inactive|Battle timer is ON: inactive players will automatically lose when time's up. (requested by Strz3lec)
|
|t:|1769293577
|teamsize|p1|6
|teamsize|p2|6
|start
|switch|p1a: Rotom|Rotom, shiny|100/100
|switch|p2a: Torkoal|Torkoal, M|100/100
|-weather|SunnyDay|[from] ability: Drought|[of] p2a: Torkoal
|turn|1
|
|t:|1769293586
|switch|p2a: Venusaur|Venusaur, F|100/100
|move|p1a: Rotom|Trick|p2a: Venusaur
|-activate|p1a: Rotom|move: Trick|[of] p2a: Venusaur
|-item|p2a: Venusaur|Choice Scarf|[from] move: Trick
|-item|p1a: Rotom|Life Orb|[from] move: Trick
|
|-weather|SunnyDay|[upkeep]
|upkeep
|turn|2
|
|t:|1769293594
|switch|p1a: Skarmory|Skarmory, M, shiny|100/100
|move|p2a: Venusaur|Giga Drain|p1a: Skarmory
|-resisted|p1a: Skarmory
|-damage|p1a: Skarmory|89/100
|
|-weather|SunnyDay|[upkeep]
|upkeep
|turn|3
|
|t:|1769293603
|switch|p2a: Charizard|Charizard, F|100/100
|move|p1a: Skarmory|Stealth Rock|p2a: Charizard
|-sidestart|p2: Strz3lec|move: Stealth Rock
|
|-weather|SunnyDay|[upkeep]
|-damage|p2a: Charizard|88/100|[from] ability: Solar Power|[of] p2a: Charizard
|upkeep
|turn|4
|
|t:|1769293611
|switch|p1a: Tentacruel|Tentacruel, M, shiny|100/100
|move|p2a: Charizard|Fire Blast|p1a: Tentacruel
|-resisted|p1a: Tentacruel
|-damage|p1a: Tentacruel|34/100
|-status|p1a: Tentacruel|brn
|
|-weather|SunnyDay|[upkeep]
|-damage|p2a: Charizard|76/100|[from] ability: Solar Power|[of] p2a: Charizard
|-heal|p1a: Tentacruel|40/100 brn|[from] item: Black Sludge
|-damage|p1a: Tentacruel|34/100 brn|[from] brn
|upkeep
|turn|5
|
|t:|1769293629
|move|p2a: Charizard|Fire Blast|p1a: Tentacruel
|-resisted|p1a: Tentacruel
|-damage|p1a: Tentacruel|0 fnt
|faint|p1a: Tentacruel
|
|-weather|SunnyDay|[upkeep]
|-damage|p2a: Charizard|63/100|[from] ability: Solar Power|[of] p2a: Charizard
|upkeep
|
|t:|1769293647
|switch|p1a: Chesnaught|Chesnaught, F, shiny|100/100
|turn|6
|
|t:|1769293651
|move|p1a: Chesnaught|Spiky Shield|p1a: Chesnaught
|-singleturn|p1a: Chesnaught|move: Protect
|move|p2a: Charizard|Fire Blast|p1a: Chesnaught
|-activate|p1a: Chesnaught|move: Protect
|
|-weather|SunnyDay|[upkeep]
|-damage|p2a: Charizard|51/100|[from] ability: Solar Power|[of] p2a: Charizard
|upkeep
|turn|7
|
|t:|1769293660
|switch|p1a: Skarmory|Skarmory, M, shiny|89/100
|move|p2a: Charizard|Fire Blast|p1a: Skarmory
|-supereffective|p1a: Skarmory
|-damage|p1a: Skarmory|0 fnt
|faint|p1a: Skarmory
|
|-weather|SunnyDay|[upkeep]
|-damage|p2a: Charizard|38/100|[from] ability: Solar Power|[of] p2a: Charizard
|upkeep
|
|t:|1769293672
|switch|p1a: Chesnaught|Chesnaught, F, shiny|100/100
|turn|8
|
|t:|1769293676
|move|p1a: Chesnaught|Spiky Shield|p1a: Chesnaught
|-singleturn|p1a: Chesnaught|move: Protect
|move|p2a: Charizard|Fire Blast|p1a: Chesnaught
|-activate|p1a: Chesnaught|move: Protect
|
|-weather|none
|upkeep
|turn|9
|
|t:|1769293688
|move|p2a: Charizard|Fire Blast|p1a: Chesnaught
|-supereffective|p1a: Chesnaught
|-damage|p1a: Chesnaught|0 fnt
|faint|p1a: Chesnaught
|
|upkeep
|
|t:|1769293694
|switch|p1a: Greninja|Greninja, M|100/100
|turn|10
|
|t:|1769293698
|switch|p2a: Venusaur|Venusaur, F|100/100
|-damage|p2a: Venusaur|88/100|[from] Stealth Rock
|move|p1a: Greninja|Ice Beam|p2a: Venusaur
|-start|p1a: Greninja|typechange|Ice|[from] ability: Protean
|-supereffective|p2a: Venusaur
|-damage|p2a: Venusaur|0 fnt
|faint|p2a: Venusaur
|
|upkeep
|
|t:|1769293710
|switch|p2a: Torkoal|Torkoal, M|100/100
|-damage|p2a: Torkoal|75/100|[from] Stealth Rock
|-weather|SunnyDay|[from] ability: Drought|[of] p2a: Torkoal
|turn|11
|
|t:|1769293717
|move|p1a: Greninja|Ice Beam|p2a: Torkoal
|-resisted|p2a: Torkoal
|-damage|p2a: Torkoal|51/100
|move|p2a: Torkoal|Rapid Spin|p1a: Greninja
|-damage|p1a: Greninja|87/100
|-boost|p2a: Torkoal|spe|1
|-sideend|p2: Strz3lec|Stealth Rock|[from] move: Rapid Spin|[of] p2a: Torkoal
|
|-weather|SunnyDay|[upkeep]
|upkeep
|turn|12
|
|t:|1769293729
|move|p1a: Greninja|U-turn|p2a: Torkoal
|-resisted|p2a: Torkoal
|-damage|p2a: Torkoal|47/100
|
|t:|1769293733
|switch|p1a: Rotom|Rotom, shiny|100/100|[from] U-turn
|move|p2a: Torkoal|Lava Plume|p1a: Rotom
|-damage|p1a: Rotom|37/100
|
|-weather|SunnyDay|[upkeep]
|upkeep
|turn|13
|
|t:|1769293745
|switch|p2a: Mandibuzz|Mandibuzz, F|100/100
|-terastallize|p1a: Rotom|Electric
|move|p1a: Rotom|Volt Switch|p2a: Mandibuzz
|-supereffective|p2a: Mandibuzz
|-damage|p2a: Mandibuzz|42/100
|-damage|p1a: Rotom|27/100|[from] item: Life Orb
|
|t:|1769293753
|switch|p1a: Krookodile|Krookodile, F, shiny|100/100|[from] Volt Switch
|
|-weather|SunnyDay|[upkeep]
|-heal|p2a: Mandibuzz|48/100|[from] item: Leftovers
|upkeep
|turn|14
|
|t:|1769293761
|move|p1a: Krookodile|Knock Off|p2a: Mandibuzz
|-resisted|p2a: Mandibuzz
|-damage|p2a: Mandibuzz|29/100
|-enditem|p2a: Mandibuzz|Leftovers|[from] move: Knock Off|[of] p1a: Krookodile
|move|p2a: Mandibuzz|U-turn|p1a: Krookodile
|-supereffective|p1a: Krookodile
|-damage|p1a: Krookodile|72/100
|
|t:|1769293768
|switch|p2a: Sawsbuck|Sawsbuck, M|100/100|[from] U-turn
|
|-weather|SunnyDay|[upkeep]
|upkeep
|turn|15
|
|t:|1769293774
|move|p2a: Sawsbuck|Double-Edge|p1a: Krookodile
|-damage|p1a: Krookodile|0 fnt
|faint|p1a: Krookodile
|-damage|p2a: Sawsbuck|75/100|[from] Recoil
|-damage|p2a: Sawsbuck|65/100|[from] item: Life Orb
|
|-weather|SunnyDay|[upkeep]
|upkeep
|
|t:|1769293782
|switch|p1a: Rotom|Rotom, shiny, tera:Electric|27/100
|turn|16
|
|t:|1769293786
|move|p2a: Sawsbuck|Horn Leech|p1a: Rotom
|-damage|p1a: Rotom|0 fnt
|-heal|p2a: Sawsbuck|75/100|[from] drain|[of] p1a: Rotom
|faint|p1a: Rotom
|-damage|p2a: Sawsbuck|65/100|[from] item: Life Orb
|
|-weather|SunnyDay|[upkeep]
|upkeep
|
|t:|1769293793
|switch|p1a: Greninja|Greninja, M|87/100
|turn|17
|
|t:|1769293797
|move|p2a: Sawsbuck|Horn Leech|p1a: Greninja
|-supereffective|p1a: Greninja
|-damage|p1a: Greninja|0 fnt
|-heal|p2a: Sawsbuck|100/100|[from] drain|[of] p1a: Greninja
|faint|p1a: Greninja
|-damage|p2a: Sawsbuck|91/100|[from] item: Life Orb
|
|win|Strz3lec
|raw|Green Arcanines's rating: 1144 &rarr; <strong>1122</strong><br />(-22 for losing)
|raw|Strz3lec's rating: 1186 &rarr; <strong>1208</strong><br />(+22 for winning)
|l|☆Strz3lec
|player|p2|
