|j|☆KushagraHarsh
|j|☆SomeoneTellMeWhy
|t:|1769323161
|gametype|singles
|player|p1|KushagraHarsh|dahlia|1112
|player|p2|SomeoneTellMeWhy|nate|1111
|gen|9
|tier|[Gen 9] OU
|rated|
|rule|HP Percentage Mod: HP is shown in percentages
|rule|Endless Battle Clause: Forcing endless battles is banned
|rule|Species Clause: Limit one of each Pokémon
|rule|OHKO Clause: OHKO moves are banned
|rule|Evasion Items Clause: Evasion items are banned
|rule|Evasion Moves Clause: Evasion moves are banned
|rule|Evasion Abilities Clause: Evasion abilities are banned
|rule|Sleep Moves Clause: Sleep-inducing moves are banned
|clearpoke
|poke|p1|Blaziken, F|
|poke|p1|Samurott-Hisui, M|
|poke|p1|Clefable, F|
|poke|p1|Gliscor, M|
|poke|p1|Gholdengo|
|poke|p1|Zamazenta-*|
|poke|p2|Swalot, M|
|poke|p2|Blaziken, F|
|poke|p2|Landorus-Therian, M|
|poke|p2|Hydrapple, F|
|poke|p2|Vivillon-Pokeball, F|
|poke|p2|Komala, F|
|teampreview
|inactive|Battle timer is ON: inactive players will automatically lose when time's up. (requested by SomeoneTellMeWhy)
|inactive|KushagraHarsh also wants the timer to be on.
|
|t:|1769323165
|teamsize|p1|6
|teamsize|p2|6
|start
|switch|p1a: Blaziken|Blaziken, F|100/100
|switch|p2a: Landorus|Landorus-Therian, M|100/100
|-ability|p2a: Landorus|Intimidate|boost
|-unboost|p1a: Blaziken|atk|1
|turn|1
|
|t:|1769323178
|switch|p1a: Samurott|Samurott-Hisui, M|100/100
|move|p2a: Landorus|Stealth Rock|p1a: Samurott
|-sidestart|p1: KushagraHarsh|move: Stealth Rock
|
|upkeep
|turn|2
|
|t:|1769323184
|move|p1a: Samurott|Knock Off|p2a: Landorus
|-damage|p2a: Landorus|72/100
|-damage|p1a: Samurott|84/100|[from] item: Rocky Helmet|[of] p2a: Landorus
|-enditem|p2a: Landorus|Rocky Helmet|[from] move: Knock Off|[of] p1a: Samurott
|move|p2a: Landorus|U-turn|p1a: Samurott
|-supereffective|p1a: Samurott
|-damage|p1a: Samurott|43/100
|
|t:|1769323212
|switch|p2a: Komala|Komala, F|100/100|[from] U-turn
|-ability|p2a: Komala|Comatose
|
|upkeep
|turn|3
|
|t:|1769323224
|switch|p1a: Zamazenta|Zamazenta|100/100
|-damage|p1a: Zamazenta|94/100|[from] Stealth Rock
|-ability|p1a: Zamazenta|Dauntless Shield|boost
|-boost|p1a: Zamazenta|def|1
|move|p2a: Komala|Body Slam|p1a: Zamazenta
|-damage|p1a: Zamazenta|71/100
|
|-heal|p1a: Zamazenta|77/100|[from] item: Leftovers
|upkeep
|turn|4
|
|t:|1769323239
|switch|p2a: Vivillon|Vivillon-Pokeball, F|100/100
|move|p1a: Zamazenta|Iron Defense|p1a: Zamazenta
|-boost|p1a: Zamazenta|def|2
|
|-heal|p1a: Zamazenta|83/100|[from] item: Leftovers
|upkeep
|turn|5
|
|t:|1769323252
|move|p1a: Zamazenta|Body Press|p2a: Vivillon
|-resisted|p2a: Vivillon
|-damage|p2a: Vivillon|59/100
|move|p2a: Vivillon|Quiver Dance|p2a: Vivillon
|-boost|p2a: Vivillon|spa|1
|-boost|p2a: Vivillon|spd|1
|-boost|p2a: Vivillon|spe|1
|
|-heal|p1a: Zamazenta|89/100|[from] item: Leftovers
|upkeep
|turn|6
|
|t:|1769323262
|move|p2a: Vivillon|Quiver Dance|p2a: Vivillon
|-boost|p2a: Vivillon|spa|1
|-boost|p2a: Vivillon|spd|1
|-boost|p2a: Vivillon|spe|1
|move|p1a: Zamazenta|Body Press|p2a: Vivillon
|-resisted|p2a: Vivillon
|-damage|p2a: Vivillon|15/100
|
|-heal|p1a: Zamazenta|96/100|[from] item: Leftovers
|upkeep
|turn|7
|
|t:|1769323272
|move|p2a: Vivillon|Hurricane|p1a: Zamazenta
|-supereffective|p1a: Zamazenta
|-damage|p1a: Zamazenta|0 fnt
|faint|p1a: Zamazenta
|
|upkeep
|
|t:|1769323279
|switch|p1a: Samurott|Samurott-Hisui, M|43/100
|-damage|p1a: Samurott|31/100|[from] Stealth Rock
|turn|8
|
|t:|1769323285
|move|p1a: Samurott|Sucker Punch|p2a: Vivillon
|-damage|p2a: Vivillon|0 fnt
|faint|p2a: Vivillon
|
|upkeep
|
|t:|1769323292
|switch|p2a: Komala|Komala, F|100/100
|-ability|p2a: Komala|Comatose
|turn|9
|
|t:|1769323307
|move|p1a: Samurott|Ceaseless Edge|p2a: Komala
|-damage|p2a: Komala|37/100
|-sidestart|p2: SomeoneTellMeWhy|Spikes
|move|p2a: Komala|Body Slam|p1a: Samurott
|-damage|p1a: Samurott|0 fnt
|faint|p1a: Samurott
|
|upkeep
|inactive|KushagraHarsh has 120 seconds left.
|
|t:|1769323336
|switch|p1a: Blaziken|Blaziken, F|100/100
|-damage|p1a: Blaziken|88/100|[from] Stealth Rock
|turn|10
|inactive|KushagraHarsh has 120 seconds left.
|
|t:|1769323348
|-terastallize|p2a: Komala|Ghost
|move|p1a: Blaziken|Swords Dance|p1a: Blaziken
|-boost|p1a: Blaziken|atk|2
|move|p2a: Komala|Rapid Spin|p1a: Blaziken
|-damage|p1a: Blaziken|54/100
|-boost|p2a: Komala|spe|1
|-sideend|p2: SomeoneTellMeWhy|Spikes|[from] move: Rapid Spin|[of] p2a: Komala
|
|-ability|p1a: Blaziken|Speed Boost|boost
|-boost|p1a: Blaziken|spe|1
|upkeep
|turn|11
|inactive|KushagraHarsh has 120 seconds left.
|
|t:|1769323361
|move|p1a: Blaziken|Blaze Kick|p2a: Komala
|-damage|p2a: Komala|0 fnt
|faint|p2a: Komala
|-damage|p1a: Blaziken|44/100|[from] item: Life Orb
|
|-ability|p1a: Blaziken|Speed Boost|boost
|-boost|p1a: Blaziken|spe|1
|upkeep
|
|t:|1769323375
|switch|p2a: Landorus|Landorus-Therian, M|72/100
|-ability|p2a: Landorus|Intimidate|boost
|-unboost|p1a: Blaziken|atk|1
|turn|12
|
|t:|1769323384
|move|p1a: Blaziken|Blaze Kick|p2a: Landorus
|-damage|p2a: Landorus|13/100
|-damage|p1a: Blaziken|34/100|[from] item: Life Orb
|move|p2a: Landorus|Earth Power|p1a: Blaziken
|-supereffective|p1a: Blaziken
|-damage|p1a: Blaziken|0 fnt
|faint|p1a: Blaziken
|
|upkeep
|
|t:|1769323395
|switch|p1a: Gliscor|Gliscor, M|100/100
|-damage|p1a: Gliscor|88/100|[from] Stealth Rock
|turn|13
|
|t:|1769323400
|move|p1a: Gliscor|Swords Dance|p1a: Gliscor
|-boost|p1a: Gliscor|atk|2
|move|p2a: Landorus|Taunt|p1a: Gliscor
|-start|p1a: Gliscor|move: Taunt
|
|-status|p1a: Gliscor|tox|[from] item: Toxic Orb
|upkeep
|turn|14
|
|t:|1769323412
|switch|p2a: Hydrapple|Hydrapple, F|100/100
|move|p1a: Gliscor|Knock Off|p2a: Hydrapple
|-damage|p2a: Hydrapple|67/100
|-enditem|p2a: Hydrapple|Eject Pack|[from] move: Knock Off|[of] p1a: Gliscor
|
|-heal|p1a: Gliscor|100/100 tox|[from] ability: Poison Heal
|upkeep
|turn|15
|
|t:|1769323424
|switch|p2a: Landorus|Landorus-Therian, M|13/100
|-ability|p2a: Landorus|Intimidate|boost
|-unboost|p1a: Gliscor|atk|1
|move|p1a: Gliscor|Facade|p2a: Landorus
|-damage|p2a: Landorus|0 fnt
|faint|p2a: Landorus
|
|upkeep
|
|t:|1769323440
|switch|p2a: Blaziken|Blaziken, F|100/100
|turn|16
|
|t:|1769323444
|move|p2a: Blaziken|Focus Energy|p2a: Blaziken
|-start|p2a: Blaziken|move: Focus Energy
|move|p1a: Gliscor|Facade|p2a: Blaziken
|-damage|p2a: Blaziken|32/100
|
|-end|p1a: Gliscor|move: Taunt
|-ability|p2a: Blaziken|Speed Boost|boost
|-boost|p2a: Blaziken|spe|1
|upkeep
|turn|17
|inactive|KushagraHarsh has 120 seconds left.
|
|t:|1769323499
|move|p2a: Blaziken|Protect|p2a: Blaziken
|-singleturn|p2a: Blaziken|Protect
|move|p1a: Gliscor|Facade|p2a: Blaziken
|-activate|p2a: Blaziken|move: Protect
|
|-ability|p2a: Blaziken|Speed Boost|boost
|-boost|p2a: Blaziken|spe|1
|upkeep
|turn|18
|
|t:|1769323515
|move|p2a: Blaziken|Overheat|p1a: Gliscor
|-crit|p1a: Gliscor
|-damage|p1a: Gliscor|39/100 tox
|-unboost|p2a: Blaziken|spa|2
|move|p1a: Gliscor|Facade|p2a: Blaziken
|-damage|p2a: Blaziken|0 fnt
|faint|p2a: Blaziken
|
|-heal|p1a: Gliscor|51/100 tox|[from] ability: Poison Heal
|upkeep
|-message|SomeoneTellMeWhy forfeited.
|
|win|KushagraHarsh
|raw|KushagraHarsh's rating: 1112 &rarr; <strong>1137</strong><br />(+25 for winning)
|raw|SomeoneTellMeWhy's rating: 1111 &rarr; <strong>1086</strong><br />(-25 for losing)
|l|☆SomeoneTellMeWhy
|player|p2|
|l|☆KushagraHarsh
|player|p1|
