|j|☆WickedVictory
|j|☆god azazel
|t:|1769426690
|gametype|singles
|player|p1|WickedVictory|giovanni|1173
|player|p2|god azazel|clair|1262
|gen|9
|tier|[Gen 9] OU
|rated|
|rule|HP Percentage Mod: HP is shown in percentages
|rule|Endless Battle Clause: Forcing endless battles is banned
|rule|Species Clause: Limit one of each Pokémon
|rule|OHKO Clause: OHKO moves are banned
|rule|Evasion Items Clause: Evasion items are banned
|rule|Evasion Moves Clause: Evasion moves are banned
|rule|Evasion Abilities Clause: Evasion abilities are banned
|rule|Sleep Moves Clause: Sleep-inducing moves are banned
|clearpoke
|poke|p1|Garganacl, M|
|poke|p1|Sudowoodo, L1, F|
|poke|p1|Sylveon, M|
|poke|p1|Cinderace, F|
|poke|p1|Raging Bolt|
|poke|p1|Mandibuzz, F|
|poke|p2|Iron Valiant|
|poke|p2|Excadrill, M|
|poke|p2|Tyranitar, M|
|poke|p2|Tornadus-Therian, M|
|poke|p2|Ogerpon-Cornerstone, F|
|poke|p2|Toxapex, M|
|teampreview
|inactive|Battle timer is ON: inactive players will automatically lose when time's up. (requested by god azazel)
|
|t:|1769426699
|teamsize|p1|6
|teamsize|p2|6
|start
|switch|p1a: Sudowoodo|Sudowoodo, L1, F|100/100
|switch|p2a: Tornadus|Tornadus-Therian, M, shiny|100/100
|turn|1
|
|t:|1769426705
|move|p2a: Tornadus|Grass Knot|p1a: Sudowoodo
|-supereffective|p1a: Sudowoodo
|-ability|p1a: Sudowoodo|Sturdy
|-damage|p1a: Sudowoodo|9/100
|move|p1a: Sudowoodo|Endeavor|p2a: Tornadus
|-damage|p2a: Tornadus|1/100
|-heal|p1a: Sudowoodo|100/100|[from] item: Shell Bell|[of] p2a: Tornadus
|
|upkeep
|turn|2
|
|t:|1769426719
|move|p1a: Sudowoodo|Sucker Punch|p2a: Tornadus
|-damage|p2a: Tornadus|0 fnt
|faint|p2a: Tornadus
|
|upkeep
|
|t:|1769426727
|switch|p2a: Toxapex|Toxapex, M, shiny|100/100
|turn|3
|
|t:|1769426733
|switch|p1a: Garganacl|Garganacl, M|100/100
|move|p2a: Toxapex|Toxic|p1a: Garganacl
|-immune|p1a: Garganacl|[from] ability: Purifying Salt
|
|upkeep
|turn|4
|
|t:|1769426738
|move|p1a: Garganacl|Salt Cure|p2a: Toxapex
|-damage|p2a: Toxapex|90/100
|-start|p2a: Toxapex|Salt Cure
|-enditem|p2a: Toxapex|Eject Button
|
|t:|1769426742
|switch|p2a: Tyranitar|Tyranitar, M, shiny|100/100
|-weather|Sandstorm|[from] ability: Sand Stream|[of] p2a: Tyranitar
|
|-weather|Sandstorm|[upkeep]
|upkeep
|turn|5
|
|t:|1769426762
|move|p2a: Tyranitar|Stealth Rock|p1a: Garganacl
|-sidestart|p1: WickedVictory|move: Stealth Rock
|move|p1a: Garganacl|Salt Cure|p2a: Tyranitar
|-damage|p2a: Tyranitar|88/100
|-start|p2a: Tyranitar|Salt Cure
|
|-weather|Sandstorm|[upkeep]
|-damage|p2a: Tyranitar|76/100|[from] Salt Cure
|upkeep
|turn|6
|
|t:|1769426778
|move|p2a: Tyranitar|Low Kick|p1a: Garganacl
|-supereffective|p1a: Garganacl
|-damage|p1a: Garganacl|37/100
|move|p1a: Garganacl|Stealth Rock|p2a: Tyranitar
|-sidestart|p2: god azazel|move: Stealth Rock
|
|-weather|Sandstorm|[upkeep]
|-heal|p1a: Garganacl|43/100|[from] item: Leftovers
|-damage|p2a: Tyranitar|63/100|[from] Salt Cure
|upkeep
|turn|7
|
|t:|1769426786
|move|p1a: Garganacl|Protect|p1a: Garganacl
|-singleturn|p1a: Garganacl|Protect
|move|p2a: Tyranitar|Low Kick|p1a: Garganacl
|-activate|p1a: Garganacl|move: Protect
|
|-weather|Sandstorm|[upkeep]
|-heal|p1a: Garganacl|49/100|[from] item: Leftovers
|-damage|p2a: Tyranitar|51/100|[from] Salt Cure
|upkeep
|turn|8
|
|t:|1769426795
|-terastallize|p1a: Garganacl|Ghost
|move|p2a: Tyranitar|Low Kick|p1a: Garganacl
|-immune|p1a: Garganacl
|move|p1a: Garganacl|Recover|p1a: Garganacl
|-heal|p1a: Garganacl|99/100
|
|-weather|Sandstorm|[upkeep]
|-damage|p1a: Garganacl|93/100|[from] Sandstorm
|-heal|p1a: Garganacl|99/100|[from] item: Leftovers
|-damage|p2a: Tyranitar|39/100|[from] Salt Cure
|upkeep
|turn|9
|
|t:|1769426807
|switch|p2a: Iron Valiant|Iron Valiant, shiny|100/100
|-damage|p2a: Iron Valiant|94/100|[from] Stealth Rock
|move|p1a: Garganacl|Protect||[still]
|-fail|p1a: Garganacl
|
|-weather|Sandstorm|[upkeep]
|-damage|p2a: Iron Valiant|88/100|[from] Sandstorm
|-damage|p1a: Garganacl|93/100|[from] Sandstorm
|-heal|p1a: Garganacl|99/100|[from] item: Leftovers
|upkeep
|turn|10
|
|t:|1769426823
|move|p2a: Iron Valiant|Shadow Ball|p1a: Garganacl
|-supereffective|p1a: Garganacl
|-damage|p1a: Garganacl|71/100
|-unboost|p1a: Garganacl|spd|1
|move|p1a: Garganacl|Salt Cure|p2a: Iron Valiant
|-resisted|p2a: Iron Valiant
|-damage|p2a: Iron Valiant|78/100
|-start|p2a: Iron Valiant|Salt Cure
|
|-weather|Sandstorm|[upkeep]
|-damage|p2a: Iron Valiant|72/100|[from] Sandstorm
|-damage|p1a: Garganacl|65/100|[from] Sandstorm
|-heal|p1a: Garganacl|71/100|[from] item: Leftovers
|-damage|p2a: Iron Valiant|60/100|[from] Salt Cure
|upkeep
|turn|11
|
|t:|1769426837
|-end|p2a: Iron Valiant|Quark Drive|[silent]
|switch|p2a: Tyranitar|Tyranitar, M, shiny|39/100
|-damage|p2a: Tyranitar|26/100|[from] Stealth Rock
|move|p1a: Garganacl|Recover|p1a: Garganacl
|-heal|p1a: Garganacl|100/100
|
|-weather|none
|upkeep
|turn|12
|
|t:|1769426844
|move|p2a: Tyranitar|Knock Off|p1a: Garganacl
|-supereffective|p1a: Garganacl
|-damage|p1a: Garganacl|30/100
|-enditem|p1a: Garganacl|Leftovers|[from] move: Knock Off|[of] p2a: Tyranitar
|move|p1a: Garganacl|Salt Cure|p2a: Tyranitar
|-damage|p2a: Tyranitar|14/100
|-start|p2a: Tyranitar|Salt Cure
|
|-damage|p2a: Tyranitar|1/100|[from] Salt Cure
|upkeep
|turn|13
|
|t:|1769426866
|switch|p1a: Sylveon|Sylveon, M|100/100
|-damage|p1a: Sylveon|88/100|[from] Stealth Rock
|move|p2a: Tyranitar|Knock Off|p1a: Sylveon
|-resisted|p1a: Sylveon
|-crit|p1a: Sylveon
|-damage|p1a: Sylveon|52/100
|-enditem|p1a: Sylveon|Leftovers|[from] move: Knock Off|[of] p2a: Tyranitar
|
|-damage|p2a: Tyranitar|0 fnt|[from] Salt Cure
|faint|p2a: Tyranitar
|upkeep
|
|t:|1769426871
|switch|p2a: Excadrill|Excadrill, M, shiny|100/100
|-damage|p2a: Excadrill|97/100|[from] Stealth Rock
|turn|14
|
|t:|1769426883
|move|p2a: Excadrill|Rapid Spin|p1a: Sylveon
|-damage|p1a: Sylveon|37/100
|-boost|p2a: Excadrill|spe|1
|-sideend|p2: god azazel|Stealth Rock|[from] move: Rapid Spin|[of] p2a: Excadrill
|move|p1a: Sylveon|Wish|p1a: Sylveon
|
|-heal|p2a: Excadrill|100/100|[from] item: Leftovers
|upkeep
|turn|15
|
|t:|1769426892
|move|p2a: Excadrill|Substitute|p2a: Excadrill
|-start|p2a: Excadrill|Substitute
|-damage|p2a: Excadrill|76/100
|move|p1a: Sylveon|Hyper Beam|p2a: Excadrill
|-resisted|p2a: Excadrill
|-end|p2a: Excadrill|Substitute
|-mustrecharge|p1a: Sylveon
|
|-heal|p1a: Sylveon|87/100|[from] move: Wish|[wisher] Sylveon
|-heal|p2a: Excadrill|82/100|[from] item: Leftovers
|upkeep
|turn|16
|
|t:|1769426901
|move|p2a: Excadrill|Earthquake|p1a: Sylveon
|-damage|p1a: Sylveon|39/100
|cant|p1a: Sylveon|recharge
|
|-heal|p2a: Excadrill|88/100|[from] item: Leftovers
|upkeep
|turn|17
|
|t:|1769426912
|move|p2a: Excadrill|Earthquake|p1a: Sylveon
|-damage|p1a: Sylveon|0 fnt
|faint|p1a: Sylveon
|
|-heal|p2a: Excadrill|94/100|[from] item: Leftovers
|upkeep
|
|t:|1769426918
|switch|p1a: Sudowoodo|Sudowoodo, L1, F|100/100
|-damage|p1a: Sudowoodo|92/100|[from] Stealth Rock
|turn|18
|
|t:|1769426922
|move|p2a: Excadrill|Earthquake|p1a: Sudowoodo
|-supereffective|p1a: Sudowoodo
|-damage|p1a: Sudowoodo|0 fnt
|faint|p1a: Sudowoodo
|
|-heal|p2a: Excadrill|99/100|[from] item: Leftovers
|upkeep
|
|t:|1769426947
|switch|p1a: Mandibuzz|Mandibuzz, F|100/100
|-damage|p1a: Mandibuzz|75/100|[from] Stealth Rock
|turn|19
|
|t:|1769426958
|move|p2a: Excadrill|Substitute|p2a: Excadrill
|-start|p2a: Excadrill|Substitute
|-damage|p2a: Excadrill|75/100
|move|p1a: Mandibuzz|Foul Play|p2a: Excadrill
|-end|p2a: Excadrill|Substitute
|
|-heal|p2a: Excadrill|81/100|[from] item: Leftovers
|-heal|p1a: Mandibuzz|82/100|[from] item: Leftovers
|upkeep
|turn|20
|
|t:|1769426965
|move|p2a: Excadrill|Rock Slide|p1a: Mandibuzz
|-supereffective|p1a: Mandibuzz
|-damage|p1a: Mandibuzz|43/100
|move|p1a: Mandibuzz|Foul Play|p2a: Excadrill
|-damage|p2a: Excadrill|8/100
|
|-heal|p2a: Excadrill|14/100|[from] item: Leftovers
|-heal|p1a: Mandibuzz|49/100|[from] item: Leftovers
|upkeep
|turn|21
|
|t:|1769426984
|switch|p2a: Ogerpon|Ogerpon-Cornerstone, F|100/100
|move|p1a: Mandibuzz|U-turn|p2a: Ogerpon
|-supereffective|p2a: Ogerpon
|-damage|p2a: Ogerpon|71/100
|
|t:|1769426994
|switch|p1a: Cinderace|Cinderace, F|100/100|[from] U-turn
|
|upkeep
|turn|22
|
|t:|1769427005
|switch|p2a: Toxapex|Toxapex, M, shiny|100/100
|move|p1a: Cinderace|U-turn|p2a: Toxapex
|-start|p1a: Cinderace|typechange|Bug|[from] ability: Libero
|-resisted|p2a: Toxapex
|-damage|p2a: Toxapex|90/100
|
|t:|1769427012
|switch|p1a: Garganacl|Garganacl, M, tera:Ghost|30/100|[from] U-turn
|-damage|p1a: Garganacl|18/100|[from] Stealth Rock
|
|upkeep
|turn|23
|
|t:|1769427020
|switch|p2a: Ogerpon|Ogerpon-Cornerstone, F|71/100
|move|p1a: Garganacl|Recover|p1a: Garganacl
|-heal|p1a: Garganacl|68/100
|
|upkeep
|turn|24
|
|t:|1769427028
|move|p2a: Ogerpon|Knock Off|p1a: Garganacl
|-supereffective|p1a: Garganacl
|-damage|p1a: Garganacl|35/100
|move|p1a: Garganacl|Salt Cure|p2a: Ogerpon
|-damage|p2a: Ogerpon|54/100
|-start|p2a: Ogerpon|Salt Cure
|
|-damage|p2a: Ogerpon|42/100|[from] Salt Cure
|upkeep
|turn|25
|
|t:|1769427037
|move|p1a: Garganacl|Protect|p1a: Garganacl
|-singleturn|p1a: Garganacl|Protect
|move|p2a: Ogerpon|Ivy Cudgel|p1a: Garganacl|[anim] Ivy Cudgel Rock
|-activate|p1a: Garganacl|move: Protect
|
|-damage|p2a: Ogerpon|30/100|[from] Salt Cure
|upkeep
|turn|26
|
|t:|1769427049
|switch|p1a: Mandibuzz|Mandibuzz, F|49/100
|-damage|p1a: Mandibuzz|24/100|[from] Stealth Rock
|-terastallize|p2a: Ogerpon|Rock
|detailschange|p2a: Ogerpon|Ogerpon-Cornerstone-Tera, F, tera:Rock
|-ability|p2a: Ogerpon|Embody Aspect (Cornerstone)|boost
|-boost|p2a: Ogerpon|def|1
|move|p2a: Ogerpon|Ivy Cudgel|p1a: Mandibuzz|[anim] Ivy Cudgel Rock
|-supereffective|p1a: Mandibuzz
|-damage|p1a: Mandibuzz|0 fnt
|faint|p1a: Mandibuzz
|
|-damage|p2a: Ogerpon|17/100|[from] Salt Cure
|upkeep
|
|t:|1769427070
|switch|p1a: Raging Bolt|Raging Bolt|100/100
|-damage|p1a: Raging Bolt|88/100|[from] Stealth Rock
|turn|27
|
|t:|1769427074
|move|p1a: Raging Bolt|Thunderclap|p2a: Ogerpon
|-damage|p2a: Ogerpon|0 fnt
|faint|p2a: Ogerpon
|detailschange|p2: Ogerpon|Ogerpon-Cornerstone, F|[silent]
|
|upkeep
|
|t:|1769427079
|switch|p2a: Excadrill|Excadrill, M, shiny|14/100
|turn|28
|
|t:|1769427088
|move|p2a: Excadrill|Earthquake|p1a: Raging Bolt
|-supereffective|p1a: Raging Bolt
|-damage|p1a: Raging Bolt|17/100
|move|p1a: Raging Bolt|Dragon Tail|p2a: Excadrill
|-resisted|p2a: Excadrill
|-damage|p2a: Excadrill|4/100
|drag|p2a: Iron Valiant|Iron Valiant, shiny|60/100
|
|upkeep
|turn|29
|
|t:|1769427099
|move|p2a: Iron Valiant|Vacuum Wave|p1a: Raging Bolt
|-damage|p1a: Raging Bolt|0 fnt
|faint|p1a: Raging Bolt
|-end|p1a: Raging Bolt|Protosynthesis|[silent]
|
|upkeep
|
|t:|1769427106
|switch|p1a: Garganacl|Garganacl, M, tera:Ghost|35/100
|-damage|p1a: Garganacl|22/100|[from] Stealth Rock
|turn|30
|
|t:|1769427112
|-end|p2a: Iron Valiant|Quark Drive|[silent]
|switch|p2a: Excadrill|Excadrill, M, shiny|4/100
|move|p1a: Garganacl|Recover|p1a: Garganacl
|-heal|p1a: Garganacl|72/100
|
|-heal|p2a: Excadrill|10/100|[from] item: Leftovers
|upkeep
|turn|31
|
|t:|1769427119
|move|p2a: Excadrill|Earthquake|p1a: Garganacl
|-damage|p1a: Garganacl|32/100
|move|p1a: Garganacl|Salt Cure|p2a: Excadrill
|-resisted|p2a: Excadrill
|-damage|p2a: Excadrill|5/100
|-start|p2a: Excadrill|Salt Cure
|
|-heal|p2a: Excadrill|12/100|[from] item: Leftovers
|-damage|p2a: Excadrill|0 fnt|[from] Salt Cure
|faint|p2a: Excadrill
|upkeep
|
|t:|1769427124
|switch|p2a: Iron Valiant|Iron Valiant, shiny|60/100
|turn|32
|
|t:|1769427131
|move|p2a: Iron Valiant|Shadow Ball|p1a: Garganacl
|-supereffective|p1a: Garganacl
|-damage|p1a: Garganacl|5/100
|move|p1a: Garganacl|Recover|p1a: Garganacl
|-heal|p1a: Garganacl|55/100
|
|upkeep
|turn|33
|
|t:|1769427137
|move|p2a: Iron Valiant|Shadow Ball|p1a: Garganacl
|-supereffective|p1a: Garganacl
|-damage|p1a: Garganacl|29/100
|move|p1a: Garganacl|Recover|p1a: Garganacl
|-heal|p1a: Garganacl|79/100
|
|upkeep
|turn|34
|
|t:|1769427144
|move|p2a: Iron Valiant|Shadow Ball|p1a: Garganacl
|-supereffective|p1a: Garganacl
|-damage|p1a: Garganacl|51/100
|move|p1a: Garganacl|Salt Cure|p2a: Iron Valiant
|-resisted|p2a: Iron Valiant
|-damage|p2a: Iron Valiant|50/100
|-start|p2a: Iron Valiant|Salt Cure
|
|-damage|p2a: Iron Valiant|38/100|[from] Salt Cure
|upkeep
|turn|35
|
|t:|1769427152
|move|p1a: Garganacl|Protect|p1a: Garganacl
|-singleturn|p1a: Garganacl|Protect
|move|p2a: Iron Valiant|Shadow Ball|p1a: Garganacl
|-activate|p1a: Garganacl|move: Protect
|
|-damage|p2a: Iron Valiant|25/100|[from] Salt Cure
|upkeep
|turn|36
|
|t:|1769427161
|move|p2a: Iron Valiant|Shadow Ball|p1a: Garganacl
|-supereffective|p1a: Garganacl
|-damage|p1a: Garganacl|25/100
|move|p1a: Garganacl|Recover|p1a: Garganacl
|-heal|p1a: Garganacl|75/100
|
|-damage|p2a: Iron Valiant|13/100|[from] Salt Cure
|upkeep
|turn|37
|
|t:|1769427168
|-end|p2a: Iron Valiant|Quark Drive|[silent]
|switch|p2a: Toxapex|Toxapex, M, shiny|100/100
|move|p1a: Garganacl|Protect||[still]
|-fail|p1a: Garganacl
|
|upkeep
|turn|38
|-message|god azazel forfeited.
|
|win|WickedVictory
|raw|WickedVictory's rating: 1173 &rarr; <strong>1204</strong><br />(+31 for winning)
|raw|god azazel's rating: 1262 &rarr; <strong>1231</strong><br />(-31 for losing)
|l|☆god azazel
|player|p2|
|l|☆WickedVictory
|player|p1|
