|j|☆shiche
|j|☆Vxltarktimi
|t:|1769442046
|gametype|singles
|player|p1|shiche|caitlin|
|player|p2|Vxltarktimi|amelia-shuffle|
|gen|9
|tier|[Gen 9] OU
|rated|Tournament battle
|rule|HP Percentage Mod: HP is shown in percentages
|rule|Endless Battle Clause: Forcing endless battles is banned
|rule|Species Clause: Limit one of each Pokémon
|rule|OHKO Clause: OHKO moves are banned
|rule|Evasion Items Clause: Evasion items are banned
|rule|Evasion Moves Clause: Evasion moves are banned
|rule|Evasion Abilities Clause: Evasion abilities are banned
|rule|Sleep Moves Clause: Sleep-inducing moves are banned
|clearpoke
|poke|p1|Scizor, M|
|poke|p1|Manaphy|
|poke|p1|Latios, M|
|poke|p1|Ogerpon, F|
|poke|p1|Iron Jugulis|
|poke|p1|Sandy Shocks|
|poke|p2|Primarina, M|
|poke|p2|Great Tusk|
|poke|p2|Zamazenta-*|
|poke|p2|Tornadus-Therian, M|
|poke|p2|Slowking-Galar, F|
|poke|p2|Kingambit, M|
|teampreview
|j| Momo11110834
|
|t:|1769442097
|teamsize|p1|6
|teamsize|p2|6
|start
|switch|p1a: Sandy Shocks|Sandy Shocks|100/100
|switch|p2a: Great Tusk|Great Tusk|100/100
|-enditem|p1a: Sandy Shocks|Booster Energy
|-activate|p1a: Sandy Shocks|ability: Protosynthesis|[fromitem]
|-start|p1a: Sandy Shocks|protosynthesisspe
|turn|1
|
|t:|1769442102
|move|p1a: Sandy Shocks|Earth Power|p2a: Great Tusk
|-damage|p2a: Great Tusk|40/100
|move|p2a: Great Tusk|Headlong Rush|p1a: Sandy Shocks
|-supereffective|p1a: Sandy Shocks
|-damage|p1a: Sandy Shocks|0 fnt
|-unboost|p2a: Great Tusk|def|1
|-unboost|p2a: Great Tusk|spd|1
|faint|p1a: Sandy Shocks
|-end|p1a: Sandy Shocks|Protosynthesis|[silent]
|
|upkeep
|
|t:|1769442105
|switch|p1a: Latios|Latios, M|100/100
|turn|2
|
|t:|1769442123
|move|p2a: Great Tusk|Ice Spinner|p1a: Latios
|-supereffective|p1a: Latios
|-damage|p1a: Latios|54/100
|-enditem|p1a: Latios|Weakness Policy
|-boost|p1a: Latios|atk|2|[from] item: Weakness Policy
|-boost|p1a: Latios|spa|2|[from] item: Weakness Policy
|move|p1a: Latios|Agility|p1a: Latios
|-boost|p1a: Latios|spe|2
|
|upkeep
|turn|3
|
|t:|1769442133
|move|p1a: Latios|Stored Power|p2a: Great Tusk
|-supereffective|p2a: Great Tusk
|-damage|p2a: Great Tusk|0 fnt
|faint|p2a: Great Tusk
|-end|p2a: Great Tusk|Protosynthesis|[silent]
|
|upkeep
|
|t:|1769442136
|switch|p2a: Kingambit|Kingambit, M|100/100
|-activate|p2a: Kingambit|ability: Supreme Overlord
|-start|p2a: Kingambit|fallen1|[silent]
|turn|4
|
|t:|1769442142
|-terastallize|p1a: Latios|Fighting
|-terastallize|p2a: Kingambit|Ghost
|move|p1a: Latios|Aura Sphere|p2a: Kingambit
|-immune|p2a: Kingambit
|move|p2a: Kingambit|Iron Head|p1a: Latios
|-damage|p1a: Latios|7/100
|
|upkeep
|turn|5
|
|t:|1769442151
|move|p2a: Kingambit|Sucker Punch||[still]
|-fail|p2a: Kingambit
|move|p1a: Latios|Calm Mind|p1a: Latios
|-boost|p1a: Latios|spa|1
|-boost|p1a: Latios|spd|1
|
|upkeep
|turn|6
|j| eggyhvevo
|
|t:|1769442155
|move|p2a: Kingambit|Sucker Punch||[still]
|-fail|p2a: Kingambit
|move|p1a: Latios|Calm Mind|p1a: Latios
|-boost|p1a: Latios|spa|1
|-boost|p1a: Latios|spd|1
|
|upkeep
|turn|7
|
|t:|1769442160
|move|p2a: Kingambit|Sucker Punch|p1a: Latios
|-resisted|p1a: Latios
|-damage|p1a: Latios|0 fnt
|faint|p1a: Latios
|
|upkeep
|
|t:|1769442161
|switch|p1a: Ogerpon|Ogerpon, F|100/100
|turn|8
|
|t:|1769442178
|-end|p2a: Kingambit|fallen1|[silent]
|switch|p2a: Slowking|Slowking-Galar, F|100/100
|move|p1a: Ogerpon|Swords Dance|p1a: Ogerpon
|-boost|p1a: Ogerpon|atk|2
|
|upkeep
|turn|9
|
|t:|1769442183
|move|p1a: Ogerpon|Ivy Cudgel|p2a: Slowking
|-resisted|p2a: Slowking
|-damage|p2a: Slowking|68/100
|move|p2a: Slowking|Sludge Bomb|p1a: Ogerpon
|-supereffective|p1a: Ogerpon
|-damage|p1a: Ogerpon|27/100
|
|upkeep
|turn|10
|
|t:|1769442192
|switch|p1a: Scizor|Scizor, M|100/100
|move|p2a: Slowking|Sludge Bomb|p1a: Scizor
|-immune|p1a: Scizor
|
|upkeep
|turn|11
|
|t:|1769442200
|switch|p2a: Zamazenta|Zamazenta|100/100
|-ability|p2a: Zamazenta|Dauntless Shield|boost
|-boost|p2a: Zamazenta|def|1
|move|p1a: Scizor|Swords Dance|p1a: Scizor
|-boost|p1a: Scizor|atk|2
|
|upkeep
|turn|12
|
|t:|1769442211
|move|p1a: Scizor|Bullet Punch|p2a: Zamazenta
|-damage|p2a: Zamazenta|66/100
|move|p2a: Zamazenta|Iron Defense|p2a: Zamazenta
|-boost|p2a: Zamazenta|def|2
|
|-heal|p2a: Zamazenta|73/100|[from] item: Leftovers
|upkeep
|turn|13
|
|t:|1769442217
|move|p2a: Zamazenta|Iron Defense|p2a: Zamazenta
|-boost|p2a: Zamazenta|def|2
|move|p1a: Scizor|Swords Dance|p1a: Scizor
|-boost|p1a: Scizor|atk|2
|
|-heal|p2a: Zamazenta|79/100|[from] item: Leftovers
|upkeep
|turn|14
|
|t:|1769442221
|move|p1a: Scizor|Bullet Punch|p2a: Zamazenta
|-damage|p2a: Zamazenta|55/100
|move|p2a: Zamazenta|Body Press|p1a: Scizor
|-damage|p1a: Scizor|0 fnt
|faint|p1a: Scizor
|
|-heal|p2a: Zamazenta|62/100|[from] item: Leftovers
|upkeep
|
|t:|1769442224
|switch|p1a: Iron Jugulis|Iron Jugulis|100/100
|-enditem|p1a: Iron Jugulis|Booster Energy
|-activate|p1a: Iron Jugulis|ability: Quark Drive|[fromitem]
|-start|p1a: Iron Jugulis|quarkdrivespe
|turn|15
|
|t:|1769442232
|switch|p2a: Slowking|Slowking-Galar, F|100/100
|move|p1a: Iron Jugulis|Hurricane|p2a: Slowking|[miss]
|-miss|p1a: Iron Jugulis|p2a: Slowking
|
|upkeep
|turn|16
|
|t:|1769442241
|move|p1a: Iron Jugulis|Dark Pulse|p2a: Slowking
|-supereffective|p2a: Slowking
|-damage|p2a: Slowking|41/100
|move|p2a: Slowking|Ice Beam|p1a: Iron Jugulis
|-supereffective|p1a: Iron Jugulis
|-damage|p1a: Iron Jugulis|48/100
|
|upkeep
|turn|17
|
|t:|1769442249
|switch|p2a: Tornadus|Tornadus-Therian, M|100/100
|move|p1a: Iron Jugulis|Dark Pulse|p2a: Tornadus
|-damage|p2a: Tornadus|74/100
|
|upkeep
|turn|18
|
|t:|1769442252
|move|p1a: Iron Jugulis|Hurricane|p2a: Tornadus
|-damage|p2a: Tornadus|41/100
|-start|p2a: Tornadus|confusion
|-activate|p2a: Tornadus|confusion
|-damage|p2a: Tornadus|31/100|[from] confusion
|
|upkeep
|turn|19
|
|t:|1769442258
|move|p1a: Iron Jugulis|Dark Pulse|p2a: Tornadus
|-damage|p2a: Tornadus|8/100
|-activate|p2a: Tornadus|confusion
|move|p2a: Tornadus|Bleakwind Storm|p1a: Iron Jugulis
|-damage|p1a: Iron Jugulis|1/100
|-unboost|p1a: Iron Jugulis|spe|1
|
|upkeep
|turn|20
|
|t:|1769442263
|-end|p2a: Tornadus|confusion
|move|p2a: Tornadus|U-turn|p1a: Iron Jugulis
|-damage|p1a: Iron Jugulis|0 fnt
|faint|p1a: Iron Jugulis
|-end|p1a: Iron Jugulis|Quark Drive|[silent]
|l| Momo11110834
|
|t:|1769442272
|switch|p2a: Kingambit|Kingambit, M, tera:Ghost|100/100|[from] U-turn
|-activate|p2a: Kingambit|ability: Supreme Overlord
|-start|p2a: Kingambit|fallen1|[silent]
|
|upkeep
|
|t:|1769442283
|switch|p1a: Manaphy|Manaphy|100/100
|turn|21
|l| eggyhvevo
|
|t:|1769442288
|move|p1a: Manaphy|Tail Glow|p1a: Manaphy
|-boost|p1a: Manaphy|spa|3
|move|p2a: Kingambit|Kowtow Cleave|p1a: Manaphy
|-damage|p1a: Manaphy|46/100
|-enditem|p1a: Manaphy|Sitrus Berry|[eat]
|-heal|p1a: Manaphy|71/100|[from] item: Sitrus Berry
|
|upkeep
|turn|22
|j| Momo11110834
|j| eggyhvevo
|
|t:|1769442312
|move|p2a: Kingambit|Sucker Punch|p1a: Manaphy
|-damage|p1a: Manaphy|24/100
|move|p1a: Manaphy|Surf|p2a: Kingambit
|-damage|p2a: Kingambit|0 fnt
|faint|p2a: Kingambit
|-end|p2a: Kingambit|fallen1|[silent]
|
|upkeep
|
|t:|1769442315
|switch|p2a: Zamazenta|Zamazenta|62/100
|turn|23
|
|t:|1769442320
|move|p2a: Zamazenta|Body Press|p1a: Manaphy
|-damage|p1a: Manaphy|0 fnt
|faint|p1a: Manaphy
|
|-heal|p2a: Zamazenta|68/100|[from] item: Leftovers
|upkeep
|
|t:|1769442330
|switch|p1a: Ogerpon|Ogerpon, F|27/100
|turn|24
|
|t:|1769442333
|move|p2a: Zamazenta|Body Press|p1a: Ogerpon
|-damage|p1a: Ogerpon|0 fnt
|faint|p1a: Ogerpon
|
|win|Vxltarktimi
|n|☆shiche|shiche
|n|☆Vxltarktimi|vxltarktimi
|n| Momo11110834|momo11110834
|n| eggyhvevo|eggyhvevo
