|j|☆Diplithe
|j|☆yiiiih
|t:|1769389397
|gametype|singles
|player|p1|Diplithe|102|1441
|player|p2|yiiiih|bellelba|1483
|gen|9
|tier|[Gen 9] OU
|rated|
|rule|HP Percentage Mod: HP is shown in percentages
|rule|Endless Battle Clause: Forcing endless battles is banned
|rule|Species Clause: Limit one of each Pokémon
|rule|OHKO Clause: OHKO moves are banned
|rule|Evasion Items Clause: Evasion items are banned
|rule|Evasion Moves Clause: Evasion moves are banned
|rule|Evasion Abilities Clause: Evasion abilities are banned
|rule|Sleep Moves Clause: Sleep-inducing moves are banned
|clearpoke
|poke|p1|Fezandipiti, M|
|poke|p1|Dragapult, M|
|poke|p1|Ogerpon, F|
|poke|p1|Great Tusk|
|poke|p1|Alomomola, M|
|poke|p1|Skarmory, F|
|poke|p2|Iron Moth|
|poke|p2|Kingambit, M|
|poke|p2|Dragonite, M|
|poke|p2|Ogerpon-Cornerstone, F|
|poke|p2|Iron Valiant|
|poke|p2|Raging Bolt|
|teampreview
|inactive|Battle timer is ON: inactive players will automatically lose when time's up. (requested by yiiiih)
|
|t:|1769389402
|teamsize|p1|6
|teamsize|p2|6
|start
|switch|p1a: Ogerpon|Ogerpon, F|100/100
|switch|p2a: Iron Valiant|Iron Valiant|100/100
|-enditem|p2a: Iron Valiant|Booster Energy
|-activate|p2a: Iron Valiant|ability: Quark Drive|[fromitem]
|-start|p2a: Iron Valiant|quarkdrivespe
|turn|1
|
|t:|1769389432
|-terastallize|p1a: Ogerpon|Grass
|detailschange|p1a: Ogerpon|Ogerpon-Teal-Tera, F, tera:Grass
|-ability|p1a: Ogerpon|Embody Aspect (Teal)|boost
|-boost|p1a: Ogerpon|spe|1
|move|p2a: Iron Valiant|Knock Off|p1a: Ogerpon
|-damage|p1a: Ogerpon|58/100
|-enditem|p1a: Ogerpon|Choice Band|[from] move: Knock Off|[of] p2a: Iron Valiant
|move|p1a: Ogerpon|Ivy Cudgel|p2a: Iron Valiant
|-damage|p2a: Iron Valiant|19/100
|
|upkeep
|turn|2
|
|t:|1769389442
|switch|p1a: Fezandipiti|Fezandipiti, M|100/100
|move|p2a: Iron Valiant|Destiny Bond|p2a: Iron Valiant
|-singlemove|p2a: Iron Valiant|Destiny Bond
|
|upkeep
|turn|3
|
|t:|1769389453
|move|p2a: Iron Valiant|Knock Off|p1a: Fezandipiti
|-resisted|p1a: Fezandipiti
|-damage|p1a: Fezandipiti|83/100
|-enditem|p1a: Fezandipiti|Heavy-Duty Boots|[from] move: Knock Off|[of] p2a: Iron Valiant
|move|p1a: Fezandipiti|Beat Up|p2a: Iron Valiant
|-resisted|p2a: Iron Valiant
|-damage|p2a: Iron Valiant|18/100
|-resisted|p2a: Iron Valiant
|-damage|p2a: Iron Valiant|17/100
|-resisted|p2a: Iron Valiant
|-damage|p2a: Iron Valiant|16/100
|-status|p2a: Iron Valiant|tox|[from] ability: Toxic Chain|[of] p1a: Fezandipiti
|-resisted|p2a: Iron Valiant
|-crit|p2a: Iron Valiant
|-damage|p2a: Iron Valiant|14/100 tox
|-resisted|p2a: Iron Valiant
|-damage|p2a: Iron Valiant|13/100 tox
|-resisted|p2a: Iron Valiant
|-damage|p2a: Iron Valiant|12/100 tox
|-hitcount|p2a: Iron Valiant|6
|
|-damage|p2a: Iron Valiant|6/100 tox|[from] psn
|upkeep
|turn|4
|
|t:|1769389468
|move|p2a: Iron Valiant|Destiny Bond|p2a: Iron Valiant
|-singlemove|p2a: Iron Valiant|Destiny Bond
|move|p1a: Fezandipiti|Roost|p1a: Fezandipiti
|-heal|p1a: Fezandipiti|100/100
|-singleturn|p1a: Fezandipiti|move: Roost
|
|-damage|p2a: Iron Valiant|0 fnt|[from] psn
|faint|p2a: Iron Valiant
|-end|p2a: Iron Valiant|Quark Drive|[silent]
|upkeep
|
|t:|1769389488
|switch|p2a: Dragonite|Dragonite, M|100/100
|turn|5
|
|t:|1769389499
|-terastallize|p2a: Dragonite|Flying
|move|p2a: Dragonite|Dragon Dance|p2a: Dragonite
|-boost|p2a: Dragonite|atk|1
|-boost|p2a: Dragonite|spe|1
|move|p1a: Fezandipiti|Beat Up|p2a: Dragonite
|-damage|p2a: Dragonite|99/100
|-status|p2a: Dragonite|tox|[from] ability: Toxic Chain|[of] p1a: Fezandipiti
|-damage|p2a: Dragonite|93/100 tox
|-damage|p2a: Dragonite|89/100 tox
|-damage|p2a: Dragonite|84/100 tox
|-damage|p2a: Dragonite|80/100 tox
|-crit|p2a: Dragonite
|-damage|p2a: Dragonite|74/100 tox
|-hitcount|p2a: Dragonite|6
|
|-damage|p2a: Dragonite|68/100 tox|[from] psn
|upkeep
|turn|6
|
|t:|1769389507
|switch|p1a: Skarmory|Skarmory, F|100/100
|move|p2a: Dragonite|Tera Blast|p1a: Skarmory|[anim] Tera Blast Flying
|-resisted|p1a: Skarmory
|-damage|p1a: Skarmory|74/100
|
|-damage|p2a: Dragonite|55/100 tox|[from] psn
|upkeep
|turn|7
|
|t:|1769389515
|switch|p2a: Ogerpon|Ogerpon-Cornerstone, F|100/100
|move|p1a: Skarmory|Stealth Rock|p2a: Ogerpon
|-sidestart|p2: yiiiih|move: Stealth Rock
|
|upkeep
|turn|8
|
|t:|1769389519
|move|p2a: Ogerpon|Swords Dance|p2a: Ogerpon
|-boost|p2a: Ogerpon|atk|2
|move|p1a: Skarmory|Body Press|p2a: Ogerpon
|-supereffective|p2a: Ogerpon
|-damage|p2a: Ogerpon|20/100
|
|upkeep
|turn|9
|
|t:|1769389526
|move|p2a: Ogerpon|Ivy Cudgel|p1a: Skarmory|[anim] Ivy Cudgel Rock
|-crit|p1a: Skarmory
|-damage|p1a: Skarmory|0 fnt
|faint|p1a: Skarmory
|
|upkeep
|
|t:|1769389531
|switch|p1a: Ogerpon|Ogerpon-Teal-Tera, F, tera:Grass|58/100
|-ability|p1a: Ogerpon|Embody Aspect (Teal)|boost
|-boost|p1a: Ogerpon|spe|1
|turn|10
|
|t:|1769389535
|switch|p2a: Iron Moth|Iron Moth|100/100
|-damage|p2a: Iron Moth|76/100|[from] Stealth Rock
|-enditem|p2a: Iron Moth|Booster Energy
|-activate|p2a: Iron Moth|ability: Quark Drive|[fromitem]
|-start|p2a: Iron Moth|quarkdrivespe
|move|p1a: Ogerpon|Ivy Cudgel|p2a: Iron Moth
|-resisted|p2a: Iron Moth
|-damage|p2a: Iron Moth|51/100
|
|upkeep
|turn|11
|
|t:|1769389542
|move|p2a: Iron Moth|Fiery Dance|p1a: Ogerpon
|-supereffective|p1a: Ogerpon
|-damage|p1a: Ogerpon|0 fnt
|-boost|p2a: Iron Moth|spa|1
|faint|p1a: Ogerpon
|detailschange|p1: Ogerpon|Ogerpon, F|[silent]
|
|upkeep
|
|t:|1769389553
|switch|p1a: Alomomola|Alomomola, M|100/100
|turn|12
|
|t:|1769389557
|move|p1a: Alomomola|Aqua Jet|p2a: Iron Moth
|-supereffective|p2a: Iron Moth
|-damage|p2a: Iron Moth|19/100
|move|p2a: Iron Moth|Energy Ball|p1a: Alomomola
|-supereffective|p1a: Alomomola
|-damage|p1a: Alomomola|57/100
|
|upkeep
|turn|13
|
|t:|1769389564
|-end|p2a: Iron Moth|Quark Drive|[silent]
|switch|p2a: Raging Bolt|Raging Bolt|100/100
|-damage|p2a: Raging Bolt|88/100|[from] Stealth Rock
|-enditem|p2a: Raging Bolt|Booster Energy
|-activate|p2a: Raging Bolt|ability: Protosynthesis|[fromitem]
|-start|p2a: Raging Bolt|protosynthesisspa
|move|p1a: Alomomola|Aqua Jet|p2a: Raging Bolt
|-resisted|p2a: Raging Bolt
|-damage|p2a: Raging Bolt|83/100
|
|upkeep
|turn|14
|
|t:|1769389572
|switch|p1a: Great Tusk|Great Tusk|100/100
|move|p2a: Raging Bolt|Dragon Pulse|p1a: Great Tusk
|-damage|p1a: Great Tusk|6/100
|
|upkeep
|turn|15
|
|t:|1769389579
|-end|p2a: Raging Bolt|Protosynthesis|[silent]
|switch|p2a: Dragonite|Dragonite, M, tera:Flying|55/100 tox
|move|p1a: Great Tusk|Headlong Rush|p2a: Dragonite
|-immune|p2a: Dragonite
|
|-damage|p2a: Dragonite|49/100 tox|[from] psn
|upkeep
|turn|16
|
|t:|1769389584
|move|p1a: Great Tusk|Ice Spinner|p2a: Dragonite
|-supereffective|p2a: Dragonite
|-damage|p2a: Dragonite|0 fnt
|faint|p2a: Dragonite
|
|upkeep
|
|t:|1769389590
|switch|p2a: Iron Moth|Iron Moth|19/100
|-damage|p2a: Iron Moth|0 fnt|[from] Stealth Rock
|faint|p2a: Iron Moth
|-end|p2a: Iron Moth|Quark Drive|[silent]
|
|t:|1769389594
|switch|p2a: Ogerpon|Ogerpon-Cornerstone, F|20/100
|-damage|p2a: Ogerpon|8/100|[from] Stealth Rock
|turn|17
|
|t:|1769389600
|move|p2a: Ogerpon|Power Whip|p1a: Great Tusk
|-supereffective|p1a: Great Tusk
|-damage|p1a: Great Tusk|0 fnt
|faint|p1a: Great Tusk
|-end|p1a: Great Tusk|Protosynthesis|[silent]
|
|upkeep
|
|t:|1769389606
|switch|p1a: Dragapult|Dragapult, M|100/100
|turn|18
|
|t:|1769389610
|move|p1a: Dragapult|U-turn|p2a: Ogerpon
|-supereffective|p2a: Ogerpon
|-damage|p2a: Ogerpon|0 fnt
|faint|p2a: Ogerpon
|
|t:|1769389613
|switch|p1a: Alomomola|Alomomola, M|90/100|[from] U-turn
|
|upkeep
|
|t:|1769389615
|switch|p2a: Raging Bolt|Raging Bolt|83/100
|-damage|p2a: Raging Bolt|71/100|[from] Stealth Rock
|turn|19
|
|t:|1769389618
|move|p2a: Raging Bolt|Calm Mind|p2a: Raging Bolt
|-boost|p2a: Raging Bolt|spa|1
|-boost|p2a: Raging Bolt|spd|1
|move|p1a: Alomomola|Mirror Coat||[still]
|-fail|p1a: Alomomola
|
|upkeep
|turn|20
|
|t:|1769389625
|move|p2a: Raging Bolt|Calm Mind|p2a: Raging Bolt
|-boost|p2a: Raging Bolt|spa|1
|-boost|p2a: Raging Bolt|spd|1
|move|p1a: Alomomola|Play Rough|p2a: Raging Bolt
|-supereffective|p2a: Raging Bolt
|-damage|p2a: Raging Bolt|38/100
|
|upkeep
|turn|21
|
|t:|1769389630
|move|p2a: Raging Bolt|Thunderbolt|p1a: Alomomola
|-supereffective|p1a: Alomomola
|-damage|p1a: Alomomola|0 fnt
|faint|p1a: Alomomola
|
|upkeep
|
|t:|1769389636
|switch|p1a: Fezandipiti|Fezandipiti, M|100/100
|turn|22
|
|t:|1769389639
|move|p2a: Raging Bolt|Thunderclap|p1a: Fezandipiti
|-damage|p1a: Fezandipiti|44/100
|move|p1a: Fezandipiti|Play Rough|p2a: Raging Bolt
|-supereffective|p2a: Raging Bolt
|-damage|p2a: Raging Bolt|0 fnt
|faint|p2a: Raging Bolt
|-end|p2a: Raging Bolt|Protosynthesis|[silent]
|
|upkeep
|
|t:|1769389644
|switch|p2a: Kingambit|Kingambit, M|100/100
|-damage|p2a: Kingambit|94/100|[from] Stealth Rock
|-activate|p2a: Kingambit|ability: Supreme Overlord
|-start|p2a: Kingambit|fallen5|[silent]
|turn|23
|
|t:|1769389651
|move|p1a: Fezandipiti|U-turn|p2a: Kingambit
|-damage|p2a: Kingambit|80/100
|
|t:|1769389655
|switch|p1a: Dragapult|Dragapult, M|100/100|[from] U-turn
|move|p2a: Kingambit|Iron Head|p1a: Dragapult
|-damage|p1a: Dragapult|5/100
|
|upkeep
|turn|24
|
|t:|1769389662
|switch|p1a: Fezandipiti|Fezandipiti, M|44/100
|move|p2a: Kingambit|Sucker Punch||[still]
|-fail|p2a: Kingambit
|
|upkeep
|turn|25
|
|t:|1769389665
|move|p1a: Fezandipiti|Roost|p1a: Fezandipiti
|-heal|p1a: Fezandipiti|94/100
|-singleturn|p1a: Fezandipiti|move: Roost
|move|p2a: Kingambit|Iron Head|p1a: Fezandipiti
|-supereffective|p1a: Fezandipiti
|-damage|p1a: Fezandipiti|0 fnt
|faint|p1a: Fezandipiti
|
|upkeep
|c|☆Diplithe|gg
|
|t:|1769389673
|switch|p1a: Dragapult|Dragapult, M|5/100
|turn|26
|c|☆Diplithe|i sold that abit
|
|t:|1769389701
|move|p2a: Kingambit|Sucker Punch|p1a: Dragapult
|-supereffective|p1a: Dragapult
|-damage|p1a: Dragapult|0 fnt
|faint|p1a: Dragapult
|
|win|yiiiih
|raw|Diplithe's rating: 1441 &rarr; <strong>1423</strong><br />(-18 for losing)
|raw|yiiiih's rating: 1483 &rarr; <strong>1501</strong><br />(+18 for winning)
