|j|☆Vodal
|j|☆tinyrats
|t:|1769302253
|gametype|singles
|player|p1|Vodal|colress|1187
|player|p2|tinyrats|guitarist|1177
|gen|9
|tier|[Gen 9] OU
|rated|
|rule|HP Percentage Mod: HP is shown in percentages
|rule|Endless Battle Clause: Forcing endless battles is banned
|rule|Species Clause: Limit one of each Pokémon
|rule|OHKO Clause: OHKO moves are banned
|rule|Evasion Items Clause: Evasion items are banned
|rule|Evasion Moves Clause: Evasion moves are banned
|rule|Evasion Abilities Clause: Evasion abilities are banned
|rule|Sleep Moves Clause: Sleep-inducing moves are banned
|clearpoke
|poke|p1|Skarmory, M|
|poke|p1|Gholdengo|
|poke|p1|Rotom-Wash|
|poke|p1|Garganacl, M|
|poke|p1|Clodsire, M|
|poke|p1|Skeledirge, M|
|poke|p2|Heatran, M|
|poke|p2|Great Tusk|
|poke|p2|Primarina, M|
|poke|p2|Gliscor, M|
|poke|p2|Alomomola, M|
|poke|p2|Munkidori, M|
|teampreview
|
|t:|1769302266
|teamsize|p1|6
|teamsize|p2|6
|start
|switch|p1a: Skarmory|Skarmory, M, shiny|100/100
|switch|p2a: Gliscor|Gliscor, M|100/100
|turn|1
|
|t:|1769302272
|move|p2a: Gliscor|Spikes|p1a: Skarmory
|-sidestart|p1: Vodal|Spikes
|move|p1a: Skarmory|Spikes|p2a: Gliscor
|-sidestart|p2: tinyrats|Spikes
|
|-status|p2a: Gliscor|tox|[from] item: Toxic Orb
|upkeep
|turn|2
|
|t:|1769302278
|move|p2a: Gliscor|Spikes|p1a: Skarmory
|-sidestart|p1: Vodal|Spikes
|move|p1a: Skarmory|Spikes|p2a: Gliscor
|-sidestart|p2: tinyrats|Spikes
|
|upkeep
|turn|3
|
|t:|1769302282
|move|p2a: Gliscor|Spikes|p1a: Skarmory
|-sidestart|p1: Vodal|Spikes
|move|p1a: Skarmory|Spikes|p2a: Gliscor
|-sidestart|p2: tinyrats|Spikes
|
|upkeep
|turn|4
|
|t:|1769302290
|switch|p2a: Alomomola|Alomomola, M, shiny|100/100
|move|p1a: Skarmory|Whirlwind|p2a: Alomomola
|drag|p2a: Munkidori|Munkidori, M|100/100
|-damage|p2a: Munkidori|76/100|[from] Spikes
|
|upkeep
|turn|5
|
|t:|1769302298
|move|p2a: Munkidori|Focus Blast|p1a: Skarmory
|-damage|p1a: Skarmory|44/100
|move|p1a: Skarmory|Whirlwind|p2a: Munkidori
|drag|p2a: Primarina|Primarina, M|100/100
|-damage|p2a: Primarina|75/100|[from] Spikes
|
|-heal|p1a: Skarmory|50/100|[from] item: Leftovers
|upkeep
|turn|6
|
|t:|1769302312
|move|p1a: Skarmory|Roost|p1a: Skarmory
|-heal|p1a: Skarmory|99/100
|-singleturn|p1a: Skarmory|move: Roost
|move|p2a: Primarina|Psychic Noise|p1a: Skarmory
|-resisted|p1a: Skarmory
|-damage|p1a: Skarmory|82/100
|-start|p1a: Skarmory|move: Heal Block
|
|upkeep
|turn|7
|
|t:|1769302321
|move|p2a: Primarina|Surf|p1a: Skarmory
|-crit|p1a: Skarmory
|-damage|p1a: Skarmory|0 fnt
|faint|p1a: Skarmory
|
|upkeep
|
|t:|1769302333
|switch|p1a: Clodsire|Clodsire, M|100/100
|-damage|p1a: Clodsire|75/100|[from] Spikes
|turn|8
|
|t:|1769302338
|move|p2a: Primarina|Psychic Noise|p1a: Clodsire
|-supereffective|p1a: Clodsire
|-crit|p1a: Clodsire
|-damage|p1a: Clodsire|29/100
|-start|p1a: Clodsire|move: Heal Block
|move|p1a: Clodsire|Toxic|p2a: Primarina
|-status|p2a: Primarina|tox
|
|-damage|p2a: Primarina|69/100 tox|[from] psn
|upkeep
|turn|9
|
|t:|1769302352
|switch|p1a: Rotom|Rotom-Wash|100/100
|move|p2a: Primarina|Psychic Noise|p1a: Rotom
|-damage|p1a: Rotom|68/100
|-start|p1a: Rotom|move: Heal Block
|
|-damage|p2a: Primarina|57/100 tox|[from] psn
|upkeep
|turn|10
|
|t:|1769302375
|move|p1a: Rotom|Will-O-Wisp||[still]
|-fail|p1a: Rotom
|move|p2a: Primarina|Draining Kiss|p1a: Rotom
|-damage|p1a: Rotom|39/100
|-heal|p2a: Primarina|76/100 tox|[from] drain|[of] p1a: Rotom
|
|-damage|p2a: Primarina|58/100 tox|[from] psn
|-end|p1a: Rotom|move: Heal Block
|upkeep
|turn|11
|
|t:|1769302387
|switch|p2a: Alomomola|Alomomola, M, shiny|100/100
|move|p1a: Rotom|Pain Split|p2a: Alomomola
|-sethp|p2a: Alomomola|63/100|[from] move: Pain Split|[silent]
|-sethp|p1a: Rotom|98/100|[from] move: Pain Split
|
|-heal|p1a: Rotom|100/100|[from] item: Leftovers
|upkeep
|turn|12
|
|t:|1769302409
|move|p1a: Rotom|Will-O-Wisp|p2a: Alomomola
|-status|p2a: Alomomola|brn
|move|p2a: Alomomola|Wish|p2a: Alomomola
|
|-damage|p2a: Alomomola|57/100 brn|[from] brn
|upkeep
|turn|13
|
|t:|1769302440
|switch|p2a: Primarina|Primarina, M|58/100 tox
|-damage|p2a: Primarina|33/100 tox|[from] Spikes
|move|p1a: Rotom|Volt Switch|p2a: Primarina
|-supereffective|p2a: Primarina
|-damage|p2a: Primarina|7/100 tox
|
|t:|1769302461
|switch|p1a: Garganacl|Garganacl, M|100/100|[from] Volt Switch
|-damage|p1a: Garganacl|75/100|[from] Spikes
|
|-heal|p2a: Primarina|71/100 tox|[from] move: Wish|[wisher] Alomomola
|-heal|p1a: Garganacl|82/100|[from] item: Leftovers
|-damage|p2a: Primarina|65/100 tox|[from] psn
|upkeep
|turn|14
|
|t:|1769302469
|move|p1a: Garganacl|Protect|p1a: Garganacl
|-singleturn|p1a: Garganacl|Protect
|move|p2a: Primarina|Surf|p1a: Garganacl
|-activate|p1a: Garganacl|move: Protect
|
|-heal|p1a: Garganacl|88/100|[from] item: Leftovers
|-damage|p2a: Primarina|53/100 tox|[from] psn
|upkeep
|turn|15
|
|t:|1769302480
|-terastallize|p1a: Garganacl|Water
|move|p2a: Primarina|Surf|p1a: Garganacl
|-resisted|p1a: Garganacl
|-damage|p1a: Garganacl|72/100
|move|p1a: Garganacl|Salt Cure|p2a: Primarina
|-damage|p2a: Primarina|38/100 tox
|-start|p2a: Primarina|Salt Cure
|
|-heal|p1a: Garganacl|78/100|[from] item: Leftovers
|-damage|p2a: Primarina|19/100 tox|[from] psn
|-damage|p2a: Primarina|0 fnt|[from] Salt Cure
|faint|p2a: Primarina
|upkeep
|
|t:|1769302492
|switch|p2a: Great Tusk|Great Tusk|100/100
|turn|16
|
|t:|1769302495
|switch|p1a: Gholdengo|Gholdengo, shiny|100/100
|-damage|p1a: Gholdengo|76/100|[from] Spikes
|move|p2a: Great Tusk|Knock Off|p1a: Gholdengo
|-supereffective|p1a: Gholdengo
|-damage|p1a: Gholdengo|25/100
|-enditem|p1a: Gholdengo|Leftovers|[from] move: Knock Off|[of] p2a: Great Tusk
|
|upkeep
|turn|17
|
|t:|1769302502
|move|p2a: Great Tusk|Headlong Rush|p1a: Gholdengo
|-supereffective|p1a: Gholdengo
|-damage|p1a: Gholdengo|0 fnt
|-unboost|p2a: Great Tusk|def|1
|-unboost|p2a: Great Tusk|spd|1
|faint|p1a: Gholdengo
|
|upkeep
|
|t:|1769302510
|switch|p1a: Rotom|Rotom-Wash|100/100
|turn|18
|
|t:|1769302528
|-end|p2a: Great Tusk|Protosynthesis|[silent]
|switch|p2a: Gliscor|Gliscor, M|100/100 tox
|move|p1a: Rotom|Will-O-Wisp||[still]
|-fail|p1a: Rotom
|
|upkeep
|turn|19
|
|t:|1769302533
|move|p2a: Gliscor|Toxic|p1a: Rotom
|-status|p1a: Rotom|tox
|move|p1a: Rotom|Hydro Pump|p2a: Gliscor
|-supereffective|p2a: Gliscor
|-damage|p2a: Gliscor|34/100 tox
|
|-heal|p2a: Gliscor|47/100 tox|[from] ability: Poison Heal
|-damage|p1a: Rotom|95/100 tox|[from] psn
|upkeep
|turn|20
|
|t:|1769302542
|move|p2a: Gliscor|Protect|p2a: Gliscor
|-singleturn|p2a: Gliscor|Protect
|move|p1a: Rotom|Pain Split|p2a: Gliscor
|-activate|p2a: Gliscor|move: Protect
|
|-heal|p1a: Rotom|100/100 tox|[from] item: Leftovers
|-heal|p2a: Gliscor|59/100 tox|[from] ability: Poison Heal
|-damage|p1a: Rotom|89/100 tox|[from] psn
|upkeep
|turn|21
|
|t:|1769302551
|switch|p2a: Alomomola|Alomomola, M, shiny|90/100 brn
|move|p1a: Rotom|Hydro Pump|p2a: Alomomola|[miss]
|-miss|p1a: Rotom|p2a: Alomomola
|
|-heal|p1a: Rotom|95/100 tox|[from] item: Leftovers
|-damage|p1a: Rotom|77/100 tox|[from] psn
|-damage|p2a: Alomomola|84/100 brn|[from] brn
|upkeep
|turn|22
|
|t:|1769302560
|move|p1a: Rotom|Pain Split|p2a: Alomomola
|-sethp|p2a: Alomomola|67/100 brn|[from] move: Pain Split|[silent]
|-sethp|p1a: Rotom|100/100 tox|[from] move: Pain Split
|move|p2a: Alomomola|Wish|p2a: Alomomola
|
|-damage|p1a: Rotom|77/100 tox|[from] psn
|-damage|p2a: Alomomola|60/100 brn|[from] brn
|upkeep
|turn|23
|
|t:|1769302570
|move|p1a: Rotom|Hydro Pump|p2a: Alomomola
|-resisted|p2a: Alomomola
|-damage|p2a: Alomomola|45/100 brn
|move|p2a: Alomomola|Flip Turn|p1a: Rotom
|-resisted|p1a: Rotom
|-damage|p1a: Rotom|73/100 tox
|
|t:|1769302582
|switch|p2a: Gliscor|Gliscor, M|59/100 tox|[from] Flip Turn
|
|-heal|p2a: Gliscor|100/100 tox|[from] move: Wish|[wisher] Alomomola
|-heal|p1a: Rotom|79/100 tox|[from] item: Leftovers
|-damage|p1a: Rotom|50/100 tox|[from] psn
|upkeep
|turn|24
|
|t:|1769302594
|switch|p1a: Garganacl|Garganacl, M, tera:Water|78/100
|-damage|p1a: Garganacl|53/100|[from] Spikes
|move|p2a: Gliscor|Protect||[still]
|-fail|p2a: Gliscor
|
|-heal|p1a: Garganacl|60/100|[from] item: Leftovers
|upkeep
|turn|25
|
|t:|1769302610
|switch|p2a: Alomomola|Alomomola, M, shiny|78/100 brn
|move|p1a: Garganacl|Salt Cure|p2a: Alomomola
|-damage|p2a: Alomomola|69/100 brn
|-start|p2a: Alomomola|Salt Cure
|
|-heal|p1a: Garganacl|66/100|[from] item: Leftovers
|-damage|p2a: Alomomola|63/100 brn|[from] brn
|-damage|p2a: Alomomola|38/100 brn|[from] Salt Cure
|upkeep
|turn|26
|
|t:|1769302627
|-terastallize|p2a: Alomomola|Ghost
|move|p2a: Alomomola|Wish|p2a: Alomomola
|move|p1a: Garganacl|Earthquake|p2a: Alomomola
|-damage|p2a: Alomomola|21/100 brn
|
|-heal|p1a: Garganacl|72/100|[from] item: Leftovers
|-damage|p2a: Alomomola|15/100 brn|[from] brn
|-damage|p2a: Alomomola|3/100 brn|[from] Salt Cure
|upkeep
|turn|27
|
|t:|1769302639
|switch|p2a: Great Tusk|Great Tusk|100/100
|move|p1a: Garganacl|Salt Cure|p2a: Great Tusk
|-resisted|p2a: Great Tusk
|-damage|p2a: Great Tusk|98/100
|-start|p2a: Great Tusk|Salt Cure
|
|-heal|p2a: Great Tusk|100/100|[from] move: Wish|[wisher] Alomomola
|-heal|p1a: Garganacl|78/100|[from] item: Leftovers
|-damage|p2a: Great Tusk|88/100|[from] Salt Cure
|upkeep
|turn|28
|
|t:|1769302649
|move|p1a: Garganacl|Protect|p1a: Garganacl
|-singleturn|p1a: Garganacl|Protect
|move|p2a: Great Tusk|Knock Off|p1a: Garganacl
|-activate|p1a: Garganacl|move: Protect
|
|-heal|p1a: Garganacl|84/100|[from] item: Leftovers
|-damage|p2a: Great Tusk|76/100|[from] Salt Cure
|upkeep
|turn|29
|
|t:|1769302665
|move|p2a: Great Tusk|Rapid Spin|p1a: Garganacl
|-damage|p1a: Garganacl|75/100
|-boost|p2a: Great Tusk|spe|1
|-sideend|p2: tinyrats|Spikes|[from] move: Rapid Spin|[of] p2a: Great Tusk
|move|p1a: Garganacl|Earthquake|p2a: Great Tusk
|-damage|p2a: Great Tusk|63/100
|
|-heal|p1a: Garganacl|81/100|[from] item: Leftovers
|-damage|p2a: Great Tusk|51/100|[from] Salt Cure
|upkeep
|turn|30
|
|t:|1769302675
|-end|p2a: Great Tusk|Protosynthesis|[silent]
|switch|p2a: Gliscor|Gliscor, M|100/100 tox
|move|p1a: Garganacl|Recover|p1a: Garganacl
|-heal|p1a: Garganacl|100/100
|
|upkeep
|turn|31
|
|t:|1769302681
|switch|p2a: Alomomola|Alomomola, M, shiny, tera:Ghost|36/100 brn
|move|p1a: Garganacl|Salt Cure|p2a: Alomomola
|-damage|p2a: Alomomola|27/100 brn
|-start|p2a: Alomomola|Salt Cure
|
|-damage|p2a: Alomomola|20/100 brn|[from] brn
|-damage|p2a: Alomomola|8/100 brn|[from] Salt Cure
|upkeep
|turn|32
|
|t:|1769302689
|switch|p2a: Gliscor|Gliscor, M|100/100 tox
|move|p1a: Garganacl|Earthquake|p2a: Gliscor
|-immune|p2a: Gliscor
|
|upkeep
|turn|33
|
|t:|1769302695
|switch|p2a: Alomomola|Alomomola, M, shiny, tera:Ghost|41/100 brn
|move|p1a: Garganacl|Salt Cure|p2a: Alomomola
|-damage|p2a: Alomomola|31/100 brn
|-start|p2a: Alomomola|Salt Cure
|
|-damage|p2a: Alomomola|25/100 brn|[from] brn
|-damage|p2a: Alomomola|13/100 brn|[from] Salt Cure
|upkeep
|turn|34
|
|t:|1769302703
|switch|p2a: Gliscor|Gliscor, M|100/100 tox
|move|p1a: Garganacl|Salt Cure|p2a: Gliscor
|-damage|p2a: Gliscor|89/100 tox
|-start|p2a: Gliscor|Salt Cure
|
|-heal|p2a: Gliscor|100/100 tox|[from] ability: Poison Heal
|-damage|p2a: Gliscor|88/100 tox|[from] Salt Cure
|upkeep
|turn|35
|
|t:|1769302712
|move|p2a: Gliscor|Protect|p2a: Gliscor
|-singleturn|p2a: Gliscor|Protect
|move|p1a: Garganacl|Salt Cure|p2a: Gliscor
|-activate|p2a: Gliscor|move: Protect
|
|-heal|p2a: Gliscor|100/100 tox|[from] ability: Poison Heal
|-damage|p2a: Gliscor|88/100 tox|[from] Salt Cure
|upkeep
|turn|36
|
|t:|1769302722
|switch|p2a: Great Tusk|Great Tusk|51/100
|move|p1a: Garganacl|Salt Cure|p2a: Great Tusk
|-resisted|p2a: Great Tusk
|-damage|p2a: Great Tusk|48/100
|-start|p2a: Great Tusk|Salt Cure
|
|-damage|p2a: Great Tusk|36/100|[from] Salt Cure
|upkeep
|turn|37
|
|t:|1769302730
|move|p2a: Great Tusk|Knock Off|p1a: Garganacl
|-damage|p1a: Garganacl|81/100
|-enditem|p1a: Garganacl|Leftovers|[from] move: Knock Off|[of] p2a: Great Tusk
|move|p1a: Garganacl|Salt Cure|p2a: Great Tusk
|-resisted|p2a: Great Tusk
|-crit|p2a: Great Tusk
|-damage|p2a: Great Tusk|33/100
|
|-damage|p2a: Great Tusk|21/100|[from] Salt Cure
|upkeep
|turn|38
|
|t:|1769302739
|-end|p2a: Great Tusk|Protosynthesis|[silent]
|switch|p2a: Alomomola|Alomomola, M, shiny, tera:Ghost|46/100 brn
|move|p1a: Garganacl|Salt Cure|p2a: Alomomola
|-damage|p2a: Alomomola|38/100 brn
|-start|p2a: Alomomola|Salt Cure
|
|-damage|p2a: Alomomola|31/100 brn|[from] brn
|-damage|p2a: Alomomola|19/100 brn|[from] Salt Cure
|upkeep
|turn|39
|
|t:|1769302754
|switch|p2a: Gliscor|Gliscor, M|88/100 tox
|move|p1a: Garganacl|Salt Cure|p2a: Gliscor
|-damage|p2a: Gliscor|76/100 tox
|-start|p2a: Gliscor|Salt Cure
|
|-heal|p2a: Gliscor|89/100 tox|[from] ability: Poison Heal
|-damage|p2a: Gliscor|76/100 tox|[from] Salt Cure
|upkeep
|turn|40
|
|t:|1769302763
|switch|p2a: Alomomola|Alomomola, M, shiny, tera:Ghost|52/100 brn
|move|p1a: Garganacl|Recover|p1a: Garganacl
|-heal|p1a: Garganacl|100/100
|
|-damage|p2a: Alomomola|46/100 brn|[from] brn
|upkeep
|turn|41
|
|t:|1769302769
|move|p2a: Alomomola|Wish|p2a: Alomomola
|move|p1a: Garganacl|Salt Cure|p2a: Alomomola
|-damage|p2a: Alomomola|36/100 brn
|-start|p2a: Alomomola|Salt Cure
|
|-damage|p2a: Alomomola|30/100 brn|[from] brn
|-damage|p2a: Alomomola|17/100 brn|[from] Salt Cure
|upkeep
|turn|42
|
|t:|1769302783
|switch|p2a: Great Tusk|Great Tusk|21/100
|move|p1a: Garganacl|Earthquake|p2a: Great Tusk
|-damage|p2a: Great Tusk|7/100
|
|-heal|p2a: Great Tusk|66/100|[from] move: Wish|[wisher] Alomomola
|upkeep
|turn|43
|
|t:|1769302791
|-end|p2a: Great Tusk|Protosynthesis|[silent]
|switch|p2a: Alomomola|Alomomola, M, shiny, tera:Ghost|50/100 brn
|move|p1a: Garganacl|Salt Cure|p2a: Alomomola
|-damage|p2a: Alomomola|42/100 brn
|-start|p2a: Alomomola|Salt Cure
|
|-damage|p2a: Alomomola|36/100 brn|[from] brn
|-damage|p2a: Alomomola|23/100 brn|[from] Salt Cure
|upkeep
|turn|44
|
|t:|1769302801
|switch|p2a: Gliscor|Gliscor, M|76/100 tox
|move|p1a: Garganacl|Earthquake|p2a: Gliscor
|-immune|p2a: Gliscor
|
|-heal|p2a: Gliscor|89/100 tox|[from] ability: Poison Heal
|upkeep
|turn|45
|
|t:|1769302810
|switch|p2a: Alomomola|Alomomola, M, shiny, tera:Ghost|57/100 brn
|move|p1a: Garganacl|Earthquake|p2a: Alomomola
|-damage|p2a: Alomomola|42/100 brn
|
|-damage|p2a: Alomomola|36/100 brn|[from] brn
|upkeep
|turn|46
|
|t:|1769302819
|switch|p2a: Gliscor|Gliscor, M|89/100 tox
|move|p1a: Garganacl|Salt Cure|p2a: Gliscor
|-damage|p2a: Gliscor|77/100 tox
|-start|p2a: Gliscor|Salt Cure
|
|-heal|p2a: Gliscor|90/100 tox|[from] ability: Poison Heal
|-damage|p2a: Gliscor|77/100 tox|[from] Salt Cure
|upkeep
|turn|47
|
|t:|1769302828
|switch|p2a: Alomomola|Alomomola, M, shiny, tera:Ghost|70/100 brn
|move|p1a: Garganacl|Salt Cure|p2a: Alomomola
|-damage|p2a: Alomomola|60/100 brn
|-start|p2a: Alomomola|Salt Cure
|
|-damage|p2a: Alomomola|54/100 brn|[from] brn
|-damage|p2a: Alomomola|41/100 brn|[from] Salt Cure
|upkeep
|turn|48
|
|t:|1769302837
|move|p2a: Alomomola|Flip Turn|p1a: Garganacl
|-resisted|p1a: Garganacl
|-damage|p1a: Garganacl|98/100
|
|t:|1769302841
|switch|p2a: Gliscor|Gliscor, M|77/100 tox|[from] Flip Turn
|move|p1a: Garganacl|Salt Cure|p2a: Gliscor
|-damage|p2a: Gliscor|67/100 tox
|-start|p2a: Gliscor|Salt Cure
|
|-heal|p2a: Gliscor|79/100 tox|[from] ability: Poison Heal
|-damage|p2a: Gliscor|67/100 tox|[from] Salt Cure
|upkeep
|turn|49
|
|t:|1769302854
|switch|p1a: Clodsire|Clodsire, M|29/100
|-damage|p1a: Clodsire|4/100|[from] Spikes
|move|p2a: Gliscor|Earthquake|p1a: Clodsire
|-supereffective|p1a: Clodsire
|-damage|p1a: Clodsire|0 fnt
|faint|p1a: Clodsire
|
|-heal|p2a: Gliscor|79/100 tox|[from] ability: Poison Heal
|-damage|p2a: Gliscor|67/100 tox|[from] Salt Cure
|upkeep
|c|☆Vodal|very interesting
|
|t:|1769302872
|switch|p1a: Rotom|Rotom-Wash|50/100 tox
|turn|50
|c|☆tinyrats|hm
|
|t:|1769302880
|switch|p2a: Alomomola|Alomomola, M, shiny, tera:Ghost|74/100 brn
|move|p1a: Rotom|Hydro Pump|p2a: Alomomola
|-damage|p2a: Alomomola|43/100 brn
|
|-heal|p1a: Rotom|56/100 tox|[from] item: Leftovers
|-damage|p1a: Rotom|50/100 tox|[from] psn
|-damage|p2a: Alomomola|37/100 brn|[from] brn
|upkeep
|turn|51
|
|t:|1769302889
|switch|p2a: Great Tusk|Great Tusk|66/100
|move|p1a: Rotom|Volt Switch|p2a: Great Tusk
|-immune|p2a: Great Tusk
|
|-heal|p1a: Rotom|56/100 tox|[from] item: Leftovers
|-damage|p1a: Rotom|44/100 tox|[from] psn
|upkeep
|turn|52
|
|t:|1769302898
|-end|p2a: Great Tusk|Protosynthesis|[silent]
|switch|p2a: Alomomola|Alomomola, M, shiny, tera:Ghost|70/100 brn
|move|p1a: Rotom|Hydro Pump|p2a: Alomomola
|-damage|p2a: Alomomola|40/100 brn
|
|-heal|p1a: Rotom|50/100 tox|[from] item: Leftovers
|-damage|p1a: Rotom|32/100 tox|[from] psn
|-damage|p2a: Alomomola|34/100 brn|[from] brn
|upkeep
|turn|53
|
|t:|1769302909
|move|p1a: Rotom|Hydro Pump|p2a: Alomomola
|-damage|p2a: Alomomola|1/100 brn
|move|p2a: Alomomola|Wish|p2a: Alomomola
|
|-heal|p1a: Rotom|38/100 tox|[from] item: Leftovers
|-damage|p1a: Rotom|14/100 tox|[from] psn
|-damage|p2a: Alomomola|0 fnt|[from] brn
|faint|p2a: Alomomola
|upkeep
|
|t:|1769302918
|switch|p2a: Munkidori|Munkidori, M|76/100
|turn|54
|
|t:|1769302923
|move|p2a: Munkidori|Psychic Noise|p1a: Rotom
|-damage|p1a: Rotom|0 fnt
|faint|p1a: Rotom
|
|-heal|p2a: Munkidori|100/100|[from] move: Wish|[wisher] Alomomola
|upkeep
|
|t:|1769302930
|switch|p1a: Garganacl|Garganacl, M, tera:Water|98/100
|-damage|p1a: Garganacl|73/100|[from] Spikes
|turn|55
|
|t:|1769302934
|move|p2a: Munkidori|Psychic Noise|p1a: Garganacl
|-damage|p1a: Garganacl|48/100
|-start|p1a: Garganacl|move: Heal Block
|move|p1a: Garganacl|Salt Cure|p2a: Munkidori
|-damage|p2a: Munkidori|81/100
|-start|p2a: Munkidori|Salt Cure
|
|-damage|p2a: Munkidori|69/100|[from] Salt Cure
|upkeep
|turn|56
|
|t:|1769302943
|move|p1a: Garganacl|Protect|p1a: Garganacl
|-singleturn|p1a: Garganacl|Protect
|move|p2a: Munkidori|Psychic Noise|p1a: Garganacl
|-activate|p1a: Garganacl|move: Protect
|
|-damage|p2a: Munkidori|57/100|[from] Salt Cure
|-end|p1a: Garganacl|move: Heal Block
|upkeep
|turn|57
|
|t:|1769302953
|move|p2a: Munkidori|Psychic Noise|p1a: Garganacl
|-damage|p1a: Garganacl|24/100
|-start|p1a: Garganacl|move: Heal Block
|cant|p1a: Garganacl|move: Heal Block|Recover
|
|-damage|p2a: Munkidori|44/100|[from] Salt Cure
|upkeep
|turn|58
|
|t:|1769302960
|move|p1a: Garganacl|Protect|p1a: Garganacl
|-singleturn|p1a: Garganacl|Protect
|move|p2a: Munkidori|Psychic Noise|p1a: Garganacl
|-activate|p1a: Garganacl|move: Protect
|
|-damage|p2a: Munkidori|32/100|[from] Salt Cure
|-end|p1a: Garganacl|move: Heal Block
|upkeep
|turn|59
|
|t:|1769302978
|move|p2a: Munkidori|Psychic Noise|p1a: Garganacl
|-damage|p1a: Garganacl|0 fnt
|faint|p1a: Garganacl
|
|-damage|p2a: Munkidori|20/100|[from] Salt Cure
|upkeep
|c|☆Vodal|very nice
|
|t:|1769302984
|switch|p1a: Skeledirge|Skeledirge, M|100/100
|turn|60
|
|t:|1769302991
|switch|p2a: Heatran|Heatran, M|100/100
|move|p1a: Skeledirge|Torch Song|p2a: Heatran
|-start|p2a: Heatran|ability: Flash Fire
|
|upkeep
|turn|61
|
|t:|1769303002
|move|p2a: Heatran|Earth Power|p1a: Skeledirge
|-supereffective|p1a: Skeledirge
|-damage|p1a: Skeledirge|46/100
|-unboost|p1a: Skeledirge|spd|1
|move|p1a: Skeledirge|Hex|p2a: Heatran
|-damage|p2a: Heatran|86/100
|
|-heal|p2a: Heatran|92/100|[from] item: Leftovers
|upkeep
|turn|62
|c|☆Vodal|Well done its almost like you knew exactly what I was going to do every single turn
|
|t:|1769303020
|move|p2a: Heatran|Earth Power|p1a: Skeledirge
|-supereffective|p1a: Skeledirge
|-damage|p1a: Skeledirge|0 fnt
|faint|p1a: Skeledirge
|
|win|tinyrats
|raw|Vodal's rating: 1187 &rarr; <strong>1161</strong><br />(-26 for losing)
|raw|tinyrats's rating: 1177 &rarr; <strong>1203</strong><br />(+26 for winning)
|c|☆tinyrats|i didnt actually know tbh
|c|☆tinyrats|garg is hard for this team
|c|☆Vodal|Well take your win you "earned" it
|c|☆tinyrats|thank you lol
