|j|☆isabel44a
|j|☆Patxongo
|t:|1769361294
|gametype|singles
|player|p1|isabel44a|roxie|1271
|player|p2|Patxongo|lyra|1326
|gen|9
|tier|[Gen 9] OU
|rated|
|rule|HP Percentage Mod: HP is shown in percentages
|rule|Endless Battle Clause: Forcing endless battles is banned
|rule|Species Clause: Limit one of each Pokémon
|rule|OHKO Clause: OHKO moves are banned
|rule|Evasion Items Clause: Evasion items are banned
|rule|Evasion Moves Clause: Evasion moves are banned
|rule|Evasion Abilities Clause: Evasion abilities are banned
|rule|Sleep Moves Clause: Sleep-inducing moves are banned
|clearpoke
|poke|p1|Deoxys-Defense|
|poke|p1|Gliscor, M|
|poke|p1|Umbreon, F|
|poke|p1|Jolteon, M|
|poke|p1|Volcanion|
|poke|p1|Dragapult, M|
|poke|p2|Slowking-Galar, F|
|poke|p2|Landorus-Therian, M|
|poke|p2|Kyurem|
|poke|p2|Iron Valiant|
|poke|p2|Cinderace, F|
|poke|p2|Kingambit, F|
|teampreview
|
|t:|1769361311
|teamsize|p1|6
|teamsize|p2|6
|start
|switch|p1a: Volcanion|Volcanion|100/100
|switch|p2a: Cinderace|Cinderace, F|100/100
|-item|p1a: Volcanion|Air Balloon
|turn|1
|inactive|Battle timer is ON: inactive players will automatically lose when time's up. (requested by Patxongo)
|
|t:|1769361337
|move|p2a: Cinderace|U-turn|p1a: Volcanion
|-start|p2a: Cinderace|typechange|Bug|[from] ability: Libero
|-resisted|p1a: Volcanion
|-damage|p1a: Volcanion|83/100
|-enditem|p1a: Volcanion|Air Balloon
|
|t:|1769361343
|switch|p2a: Slowking|Slowking-Galar, F|100/100|[from] U-turn
|move|p1a: Volcanion|Steam Eruption|p2a: Slowking
|-damage|p2a: Slowking|63/100
|
|upkeep
|turn|2
|
|t:|1769361354
|move|p1a: Volcanion|Earthquake|p2a: Slowking
|-supereffective|p2a: Slowking
|-damage|p2a: Slowking|2/100
|-prepare|p2a: Slowking|Chilly Reception|[premajor]
|move|p2a: Slowking|Chilly Reception|p2a: Slowking
|-weather|Snowscape
|
|t:|1769361362
|switch|p2a: Kyurem|Kyurem|100/100|[from] Chilly Reception
|-ability|p2a: Kyurem|Pressure
|
|-weather|Snowscape|[upkeep]
|upkeep
|turn|3
|
|t:|1769361368
|switch|p1a: Jolteon|Jolteon, M|100/100
|-item|p1a: Jolteon|Air Balloon
|move|p2a: Kyurem|Freeze-Dry|p1a: Jolteon
|-damage|p1a: Jolteon|35/100
|-enditem|p1a: Jolteon|Air Balloon
|
|-weather|Snowscape|[upkeep]
|upkeep
|turn|4
|
|t:|1769361376
|switch|p2a: Landorus|Landorus-Therian, M|100/100
|-ability|p2a: Landorus|Intimidate|boost
|-unboost|p1a: Jolteon|atk|1
|move|p1a: Jolteon|Shadow Ball|p2a: Landorus
|-damage|p2a: Landorus|75/100
|
|-weather|Snowscape|[upkeep]
|upkeep
|turn|5
|
|t:|1769361386
|move|p1a: Jolteon|Shadow Ball|p2a: Landorus
|-damage|p2a: Landorus|49/100
|move|p2a: Landorus|Stealth Rock|p1a: Jolteon
|-sidestart|p1: isabel44a|move: Stealth Rock
|
|-weather|Snowscape|[upkeep]
|upkeep
|turn|6
|
|t:|1769361406
|move|p1a: Jolteon|Shadow Ball|p2a: Landorus
|-damage|p2a: Landorus|20/100
|move|p2a: Landorus|Earth Power|p1a: Jolteon
|-supereffective|p1a: Jolteon
|-damage|p1a: Jolteon|0 fnt
|faint|p1a: Jolteon
|
|-weather|none
|upkeep
|
|t:|1769361409
|switch|p1a: Dragapult|Dragapult, M|100/100
|turn|7
|
|t:|1769361429
|switch|p2a: Iron Valiant|Iron Valiant|100/100
|-enditem|p2a: Iron Valiant|Booster Energy
|-activate|p2a: Iron Valiant|ability: Quark Drive|[fromitem]
|-start|p2a: Iron Valiant|quarkdrivespe
|move|p1a: Dragapult|U-turn|p2a: Iron Valiant
|-resisted|p2a: Iron Valiant
|-damage|p2a: Iron Valiant|94/100
|
|t:|1769361436
|switch|p1a: Volcanion|Volcanion|83/100|[from] U-turn
|-damage|p1a: Volcanion|58/100|[from] Stealth Rock
|
|upkeep
|turn|8
|
|t:|1769361452
|move|p2a: Iron Valiant|Close Combat|p1a: Volcanion
|-damage|p1a: Volcanion|7/100
|-unboost|p2a: Iron Valiant|def|1
|-unboost|p2a: Iron Valiant|spd|1
|move|p1a: Volcanion|Sludge Wave|p2a: Iron Valiant
|-supereffective|p2a: Iron Valiant
|-damage|p2a: Iron Valiant|0 fnt
|faint|p2a: Iron Valiant
|-end|p2a: Iron Valiant|Quark Drive|[silent]
|
|upkeep
|
|t:|1769361462
|switch|p2a: Cinderace|Cinderace, F|100/100
|turn|9
|
|t:|1769361465
|move|p2a: Cinderace|U-turn|p1a: Volcanion
|-start|p2a: Cinderace|typechange|Bug|[from] ability: Libero
|-resisted|p1a: Volcanion
|-damage|p1a: Volcanion|0 fnt
|faint|p1a: Volcanion
|
|t:|1769361469
|switch|p2a: Slowking|Slowking-Galar, F|35/100|[from] U-turn
|
|upkeep
|
|t:|1769361482
|switch|p1a: osamabingliscor|Gliscor, M|100/100
|-damage|p1a: osamabingliscor|88/100|[from] Stealth Rock
|turn|10
|
|t:|1769361494
|switch|p2a: Kingambit|Kingambit, F|100/100
|-activate|p2a: Kingambit|ability: Supreme Overlord
|-start|p2a: Kingambit|fallen1|[silent]
|move|p1a: osamabingliscor|Facade|p2a: Kingambit
|-resisted|p2a: Kingambit
|-damage|p2a: Kingambit|93/100
|
|-heal|p2a: Kingambit|99/100|[from] item: Leftovers
|-status|p1a: osamabingliscor|tox|[from] item: Toxic Orb
|upkeep
|turn|11
|
|t:|1769361501
|move|p1a: osamabingliscor|Earthquake|p2a: Kingambit
|-supereffective|p2a: Kingambit
|-damage|p2a: Kingambit|37/100
|move|p2a: Kingambit|Swords Dance|p2a: Kingambit
|-boost|p2a: Kingambit|atk|2
|
|-heal|p2a: Kingambit|43/100|[from] item: Leftovers
|-heal|p1a: osamabingliscor|100/100 tox|[from] ability: Poison Heal
|upkeep
|turn|12
|
|t:|1769361512
|-end|p2a: Kingambit|fallen1|[silent]
|switch|p2a: Landorus|Landorus-Therian, M|20/100
|-ability|p2a: Landorus|Intimidate|boost
|-unboost|p1a: osamabingliscor|atk|1
|move|p1a: osamabingliscor|Earthquake|p2a: Landorus
|-immune|p2a: Landorus
|
|upkeep
|turn|13
|
|t:|1769361523
|switch|p2a: Kingambit|Kingambit, F|43/100
|-activate|p2a: Kingambit|ability: Supreme Overlord
|-start|p2a: Kingambit|fallen1|[silent]
|move|p1a: osamabingliscor|Facade|p2a: Kingambit
|-resisted|p2a: Kingambit
|-damage|p2a: Kingambit|33/100
|
|-heal|p2a: Kingambit|39/100|[from] item: Leftovers
|upkeep
|turn|14
|
|t:|1769361533
|move|p2a: Kingambit|Sucker Punch|p1a: osamabingliscor
|-damage|p1a: osamabingliscor|54/100 tox
|move|p1a: osamabingliscor|Earthquake|p2a: Kingambit
|-supereffective|p2a: Kingambit
|-damage|p2a: Kingambit|0 fnt
|faint|p2a: Kingambit
|-end|p2a: Kingambit|fallen1|[silent]
|
|-heal|p1a: osamabingliscor|66/100 tox|[from] ability: Poison Heal
|upkeep
|
|t:|1769361538
|switch|p2a: Kyurem|Kyurem|100/100
|-ability|p2a: Kyurem|Pressure
|turn|15
|
|t:|1769361541
|switch|p1a: Umbreon|Umbreon, F|100/100
|-damage|p1a: Umbreon|88/100|[from] Stealth Rock
|move|p2a: Kyurem|Freeze-Dry|p1a: Umbreon
|-damage|p1a: Umbreon|57/100
|
|-heal|p1a: Umbreon|63/100|[from] item: Leftovers
|upkeep
|turn|16
|
|t:|1769361550
|switch|p2a: Landorus|Landorus-Therian, M|20/100
|-ability|p2a: Landorus|Intimidate|boost
|-unboost|p1a: Umbreon|atk|1
|move|p1a: Umbreon|Toxic|p2a: Landorus
|-status|p2a: Landorus|tox
|
|-heal|p1a: Umbreon|69/100|[from] item: Leftovers
|-damage|p2a: Landorus|14/100 tox|[from] psn
|upkeep
|turn|17
|
|t:|1769361557
|move|p1a: Umbreon|Protect|p1a: Umbreon
|-singleturn|p1a: Umbreon|Protect
|move|p2a: Landorus|U-turn|p1a: Umbreon
|-activate|p1a: Umbreon|move: Protect
|
|-heal|p1a: Umbreon|75/100|[from] item: Leftovers
|-damage|p2a: Landorus|2/100 tox|[from] psn
|upkeep
|turn|18
|
|t:|1769361571
|move|p2a: Landorus|U-turn|p1a: Umbreon
|-supereffective|p1a: Umbreon
|-damage|p1a: Umbreon|46/100
|
|t:|1769361577
|switch|p2a: Slowking|Slowking-Galar, F|68/100|[from] U-turn
|move|p1a: Umbreon|Wish|p1a: Umbreon
|
|-heal|p1a: Umbreon|52/100|[from] item: Leftovers
|upkeep
|turn|19
|
|t:|1769361583
|move|p1a: Umbreon|Foul Play|p2a: Slowking
|-supereffective|p2a: Slowking
|-damage|p2a: Slowking|30/100
|-prepare|p2a: Slowking|Chilly Reception|[premajor]
|move|p2a: Slowking|Chilly Reception|p2a: Slowking
|-weather|Snowscape
|
|t:|1769361586
|switch|p2a: Kyurem|Kyurem|100/100|[from] Chilly Reception
|-ability|p2a: Kyurem|Pressure
|
|-weather|Snowscape|[upkeep]
|-heal|p1a: Umbreon|100/100|[from] move: Wish|[wisher] Umbreon
|upkeep
|turn|20
|
|t:|1769361602
|-terastallize|p2a: Kyurem|Ice
|move|p2a: Kyurem|Blizzard|p1a: Umbreon
|-damage|p1a: Umbreon|29/100
|move|p1a: Umbreon|Toxic|p2a: Kyurem
|-status|p2a: Kyurem|tox
|
|-weather|Snowscape|[upkeep]
|-heal|p1a: Umbreon|35/100|[from] item: Leftovers
|-damage|p2a: Kyurem|94/100 tox|[from] psn
|upkeep
|turn|21
|
|t:|1769361612
|switch|p2a: Cinderace|Cinderace, F|100/100
|move|p1a: Umbreon|Protect||[still]
|-fail|p1a: Umbreon
|
|-weather|Snowscape|[upkeep]
|-heal|p1a: Umbreon|41/100|[from] item: Leftovers
|upkeep
|turn|22
|
|t:|1769361638
|move|p1a: Umbreon|Protect|p1a: Umbreon
|-singleturn|p1a: Umbreon|Protect
|move|p2a: Cinderace|U-turn|p1a: Umbreon
|-start|p2a: Cinderace|typechange|Bug|[from] ability: Libero
|-activate|p1a: Umbreon|move: Protect
|
|-weather|Snowscape|[upkeep]
|-heal|p1a: Umbreon|47/100|[from] item: Leftovers
|upkeep
|turn|23
|
|t:|1769361653
|-terastallize|p1a: Umbreon|Fire
|move|p2a: Cinderace|Will-O-Wisp|p1a: Umbreon
|-immune|p1a: Umbreon
|move|p1a: Umbreon|Wish|p1a: Umbreon
|
|-weather|none
|-heal|p1a: Umbreon|53/100|[from] item: Leftovers
|upkeep
|turn|24
|
|t:|1769361663
|move|p1a: Umbreon|Protect|p1a: Umbreon
|-singleturn|p1a: Umbreon|Protect
|move|p2a: Cinderace|U-turn|p1a: Umbreon
|-activate|p1a: Umbreon|move: Protect
|
|-heal|p1a: Umbreon|100/100|[from] move: Wish|[wisher] Umbreon
|upkeep
|turn|25
|
|t:|1769361669
|move|p2a: Cinderace|U-turn|p1a: Umbreon
|-resisted|p1a: Umbreon
|-damage|p1a: Umbreon|88/100
|
|t:|1769361671
|switch|p2a: Landorus|Landorus-Therian, M|2/100 tox|[from] U-turn
|-ability|p2a: Landorus|Intimidate|boost
|-unboost|p1a: Umbreon|atk|1
|move|p1a: Umbreon|Foul Play|p2a: Landorus
|-damage|p2a: Landorus|0 fnt
|-damage|p1a: Umbreon|72/100|[from] item: Rocky Helmet|[of] p2a: Landorus
|faint|p2a: Landorus
|
|-heal|p1a: Umbreon|78/100|[from] item: Leftovers
|upkeep
|
|t:|1769361677
|switch|p2a: Slowking|Slowking-Galar, F|64/100
|turn|26
|
|t:|1769361687
|move|p1a: Umbreon|Foul Play|p2a: Slowking
|-supereffective|p2a: Slowking
|-damage|p2a: Slowking|25/100
|move|p2a: Slowking|Toxic|p1a: Umbreon
|-status|p1a: Umbreon|tox
|-activate|p1a: Umbreon|ability: Synchronize
|-immune|p2a: Slowking
|
|-heal|p1a: Umbreon|84/100 tox|[from] item: Leftovers
|-damage|p1a: Umbreon|78/100 tox|[from] psn
|upkeep
|turn|27
|
|t:|1769361694
|switch|p2a: Kyurem|Kyurem, tera:Ice|94/100 tox
|-ability|p2a: Kyurem|Pressure
|move|p1a: Umbreon|Foul Play|p2a: Kyurem
|-damage|p2a: Kyurem|64/100 tox
|
|-heal|p1a: Umbreon|84/100 tox|[from] item: Leftovers
|-damage|p2a: Kyurem|58/100 tox|[from] psn
|-damage|p1a: Umbreon|72/100 tox|[from] psn
|upkeep
|turn|28
|-message|Patxongo forfeited.
|
|win|isabel44a
|raw|isabel44a's rating: 1271 &rarr; <strong>1300</strong><br />(+29 for winning)
|raw|Patxongo's rating: 1326 &rarr; <strong>1303</strong><br />(-23 for losing)
|l|☆Patxongo
|player|p2|
|l|☆isabel44a
|player|p1|
