|j|‽hjsjhfja
|j|☆Xpoyo23
|t:|1769418390
|gametype|singles
|player|p1|hjsjhfja|lucas|1183
|player|p2|Xpoyo23|veteran|1212
|gen|9
|tier|[Gen 9] OU
|rated|
|rule|HP Percentage Mod: HP is shown in percentages
|rule|Endless Battle Clause: Forcing endless battles is banned
|rule|Species Clause: Limit one of each Pokémon
|rule|OHKO Clause: OHKO moves are banned
|rule|Evasion Items Clause: Evasion items are banned
|rule|Evasion Moves Clause: Evasion moves are banned
|rule|Evasion Abilities Clause: Evasion abilities are banned
|rule|Sleep Moves Clause: Sleep-inducing moves are banned
|clearpoke
|poke|p1|Garchomp, M|
|poke|p1|Gyarados, M|
|poke|p1|Toxtricity, M|
|poke|p1|Tinkaton, F|
|poke|p1|Iron Valiant|
|poke|p1|Heatran, M|
|poke|p2|Glimmora, M|
|poke|p2|Ting-Lu|
|poke|p2|Corviknight, M|
|poke|p2|Iron Valiant|
|poke|p2|Dragapult, M|
|poke|p2|Kingambit, M|
|teampreview
|
|t:|1769418395
|teamsize|p1|6
|teamsize|p2|6
|start
|switch|p1a: Garchomp|Garchomp, M|100/100
|switch|p2a: Forceatoi|Glimmora, M, shiny|100/100
|turn|1
|
|t:|1769418402
|move|p1a: Garchomp|Earthquake|p2a: Forceatoi
|-supereffective|p2a: Forceatoi
|-enditem|p2a: Forceatoi|Focus Sash
|-damage|p2a: Forceatoi|1/100
|-activate|p2a: Forceatoi|ability: Toxic Debris
|-sidestart|p1: hjsjhfja|move: Toxic Spikes
|move|p2a: Forceatoi|Stealth Rock|p1a: Garchomp
|-sidestart|p1: hjsjhfja|move: Stealth Rock
|
|upkeep
|turn|2
|
|t:|1769418412
|move|p1a: Garchomp|Dragon Claw|p2a: Forceatoi
|-damage|p2a: Forceatoi|0 fnt
|-activate|p2a: Forceatoi|ability: Toxic Debris
|-sidestart|p1: hjsjhfja|move: Toxic Spikes
|faint|p2a: Forceatoi
|
|upkeep
|
|t:|1769418430
|switch|p2a: CoupeOBol|Ting-Lu, shiny|100/100
|-ability|p2a: CoupeOBol|Vessel of Ruin
|turn|3
|
|t:|1769418440
|switch|p1a: Gyarados|Gyarados, M, shiny|100/100
|-damage|p1a: Gyarados|76/100|[from] Stealth Rock
|-ability|p1a: Gyarados|Intimidate|boost
|-unboost|p2a: CoupeOBol|atk|1
|move|p2a: CoupeOBol|Whirlwind|p1a: Gyarados
|drag|p1a: Tinkaton|Tinkaton, F|100/100
|-damage|p1a: Tinkaton|94/100|[from] Stealth Rock
|-ability|p1a: Tinkaton|Mold Breaker
|
|upkeep
|turn|4
|
|t:|1769418453
|-terastallize|p1a: Tinkaton|Flying
|move|p1a: Tinkaton|Play Rough|p2a: CoupeOBol
|-supereffective|p2a: CoupeOBol
|-damage|p2a: CoupeOBol|65/100
|move|p2a: CoupeOBol|Earthquake|p1a: Tinkaton
|-immune|p1a: Tinkaton
|
|-heal|p2a: CoupeOBol|72/100|[from] item: Leftovers
|upkeep
|turn|5
|
|t:|1769418472
|move|p1a: Tinkaton|Play Rough|p2a: CoupeOBol
|-supereffective|p2a: CoupeOBol
|-damage|p2a: CoupeOBol|36/100
|move|p2a: CoupeOBol|Spikes|p1a: Tinkaton
|-sidestart|p1: hjsjhfja|Spikes
|
|-heal|p2a: CoupeOBol|43/100|[from] item: Leftovers
|upkeep
|turn|6
|
|t:|1769418488
|move|p1a: Tinkaton|Ice Hammer|p2a: CoupeOBol|[miss]
|-miss|p1a: Tinkaton|p2a: CoupeOBol
|move|p2a: CoupeOBol|Spikes|p1a: Tinkaton
|-sidestart|p1: hjsjhfja|Spikes
|
|-heal|p2a: CoupeOBol|49/100|[from] item: Leftovers
|upkeep
|turn|7
|
|t:|1769418496
|move|p1a: Tinkaton|Ice Hammer|p2a: CoupeOBol
|-supereffective|p2a: CoupeOBol
|-damage|p2a: CoupeOBol|22/100
|-unboost|p1a: Tinkaton|spe|1
|move|p2a: CoupeOBol|Whirlwind|p1a: Tinkaton
|drag|p1a: Toxtricity|Toxtricity, M|100/100
|-damage|p1a: Toxtricity|88/100|[from] Stealth Rock
|-item|p1a: Toxtricity|Air Balloon
|
|-heal|p2a: CoupeOBol|28/100|[from] item: Leftovers
|upkeep
|turn|8
|
|t:|1769418507
|move|p1a: Toxtricity|Boomburst|p2a: CoupeOBol
|-damage|p2a: CoupeOBol|0 fnt
|faint|p2a: CoupeOBol
|
|upkeep
|
|t:|1769418514
|switch|p2a: LancelotDuLac|Iron Valiant|100/100
|-enditem|p2a: LancelotDuLac|Booster Energy
|-activate|p2a: LancelotDuLac|ability: Quark Drive|[fromitem]
|-start|p2a: LancelotDuLac|quarkdrivespe
|turn|9
|
|t:|1769418518
|move|p2a: LancelotDuLac|Psyshock|p1a: Toxtricity
|-supereffective|p1a: Toxtricity
|-damage|p1a: Toxtricity|5/100
|-enditem|p1a: Toxtricity|Air Balloon
|move|p1a: Toxtricity|Sludge Wave|p2a: LancelotDuLac
|-supereffective|p2a: LancelotDuLac
|-damage|p2a: LancelotDuLac|0 fnt
|faint|p2a: LancelotDuLac
|-end|p2a: LancelotDuLac|Quark Drive|[silent]
|
|upkeep
|
|t:|1769418527
|switch|p2a: Airbus360|Corviknight, M|100/100
|-ability|p2a: Airbus360|Pressure
|turn|10
|
|t:|1769418533
|move|p1a: Toxtricity|Thunderbolt|p2a: Airbus360
|-supereffective|p2a: Airbus360
|-damage|p2a: Airbus360|24/100
|-status|p2a: Airbus360|par
|cant|p2a: Airbus360|par
|
|upkeep
|turn|11
|
|t:|1769418539
|move|p1a: Toxtricity|Thunderbolt|p2a: Airbus360
|-supereffective|p2a: Airbus360
|-damage|p2a: Airbus360|0 fnt
|faint|p2a: Airbus360
|
|upkeep
|
|t:|1769418543
|switch|p2a: RapideEtChiant|Dragapult, M|100/100
|turn|12
|
|t:|1769418553
|move|p2a: RapideEtChiant|Flamethrower|p1a: Toxtricity
|-damage|p1a: Toxtricity|0 fnt
|faint|p1a: Toxtricity
|
|upkeep
|
|t:|1769418558
|switch|p1a: Gyarados|Gyarados, M, shiny|76/100
|-damage|p1a: Gyarados|51/100|[from] Stealth Rock
|-ability|p1a: Gyarados|Intimidate|boost
|-unboost|p2a: RapideEtChiant|atk|1
|turn|13
|
|t:|1769418564
|move|p2a: RapideEtChiant|Flamethrower|p1a: Gyarados
|-resisted|p1a: Gyarados
|-damage|p1a: Gyarados|31/100
|move|p1a: Gyarados|Dragon Dance|p1a: Gyarados
|-boost|p1a: Gyarados|atk|1
|-boost|p1a: Gyarados|spe|1
|
|-heal|p1a: Gyarados|37/100|[from] item: Leftovers
|upkeep
|turn|14
|
|t:|1769418571
|move|p1a: Gyarados|Crunch|p2a: RapideEtChiant
|-supereffective|p2a: RapideEtChiant
|-damage|p2a: RapideEtChiant|0 fnt
|faint|p2a: RapideEtChiant
|
|-heal|p1a: Gyarados|43/100|[from] item: Leftovers
|upkeep
|
|t:|1769418576
|switch|p2a: Win instant|Kingambit, M, shiny|100/100
|-activate|p2a: Win instant|ability: Supreme Overlord
|-start|p2a: Win instant|fallen5|[silent]
|turn|15
|
|t:|1769418583
|move|p1a: Gyarados|Earthquake|p2a: Win instant
|-supereffective|p2a: Win instant
|-damage|p2a: Win instant|24/100
|move|p2a: Win instant|Swords Dance|p2a: Win instant
|-boost|p2a: Win instant|atk|2
|
|-heal|p1a: Gyarados|49/100|[from] item: Leftovers
|-heal|p2a: Win instant|30/100|[from] item: Leftovers
|upkeep
|turn|16
|l|‽hjsjhfja
|player|p1|
|j|‽hjsjhfja
|player|p1|hjsjhfja|lucas|
|n|‽hjsjhfja|hjsjhfja
|
|t:|1769418600
|-terastallize|p2a: Win instant|Flying
|move|p2a: Win instant|Sucker Punch|p1a: Gyarados
|-damage|p1a: Gyarados|0 fnt
|faint|p1a: Gyarados
|
|-heal|p2a: Win instant|37/100|[from] item: Leftovers
|upkeep
|
|t:|1769418610
|switch|p1a: Iron Valiant|Iron Valiant|100/100
|-status|p1a: Iron Valiant|tox
|-damage|p1a: Iron Valiant|94/100 tox|[from] Stealth Rock
|-damage|p1a: Iron Valiant|78/100 tox|[from] Spikes
|-enditem|p1a: Iron Valiant|Booster Energy
|-activate|p1a: Iron Valiant|ability: Quark Drive|[fromitem]
|-start|p1a: Iron Valiant|quarkdrivespe
|turn|17
|
|t:|1769418620
|move|p1a: Iron Valiant|Spirit Break|p2a: Win instant
|-crit|p2a: Win instant
|-damage|p2a: Win instant|0 fnt
|faint|p2a: Win instant
|-end|p2a: Win instant|fallen5|[silent]
|
|win|hjsjhfja
|raw|hjsjhfja's rating: 1183 &rarr; <strong>1210</strong><br />(+27 for winning)
|raw|Xpoyo23's rating: 1212 &rarr; <strong>1185</strong><br />(-27 for losing)
|l|☆Xpoyo23
|player|p2|
|l|‽hjsjhfja
|player|p1|
