|j|☆xdye
|j|☆On the wave now
|t:|1769292780
|gametype|singles
|player|p1|xdye|iris-gen5bw2|1669
|player|p2|On the wave now|depotagent|1684
|gen|9
|tier|[Gen 9] OU
|rated|
|rule|HP Percentage Mod: HP is shown in percentages
|rule|Endless Battle Clause: Forcing endless battles is banned
|rule|Species Clause: Limit one of each Pokémon
|rule|OHKO Clause: OHKO moves are banned
|rule|Evasion Items Clause: Evasion items are banned
|rule|Evasion Moves Clause: Evasion moves are banned
|rule|Evasion Abilities Clause: Evasion abilities are banned
|rule|Sleep Moves Clause: Sleep-inducing moves are banned
|clearpoke
|poke|p1|Kyurem|
|poke|p1|Heatran, F|
|poke|p1|Hatterene, F|
|poke|p1|Dragonite, M|
|poke|p1|Great Tusk|
|poke|p1|Rillaboom, M|
|poke|p2|Regigigas|
|poke|p2|Ting-Lu|
|poke|p2|Great Tusk|
|poke|p2|Zamazenta-*|
|poke|p2|Pecharunt|
|poke|p2|Alomomola, F|
|teampreview
|c|☆xdye|hf
|c|☆On the wave now|u2
|
|t:|1769292798
|teamsize|p1|6
|teamsize|p2|6
|start
|switch|p1a: Kyurem|Kyurem|100/100
|switch|p2a: Regigigas|Regigigas|100/100
|-ability|p1a: Kyurem|Pressure
|-start|p2a: Regigigas|ability: Slow Start
|turn|1
|
|t:|1769292807
|move|p1a: Kyurem|Substitute|p1a: Kyurem
|-start|p1a: Kyurem|Substitute
|-damage|p1a: Kyurem|75/100
|move|p2a: Regigigas|Knock Off|p1a: Kyurem
|-activate|p1a: Kyurem|move: Substitute|[damage]
|
|upkeep
|turn|2
|
|t:|1769292811
|move|p1a: Kyurem|Freeze-Dry|p2a: Regigigas
|-crit|p2a: Regigigas
|-damage|p2a: Regigigas|59/100
|move|p2a: Regigigas|Body Slam|p1a: Kyurem
|-end|p1a: Kyurem|Substitute
|
|-heal|p2a: Regigigas|66/100|[from] item: Leftovers
|upkeep
|turn|3
|
|t:|1769292817
|move|p1a: Kyurem|Freeze-Dry|p2a: Regigigas
|-damage|p2a: Regigigas|39/100
|move|p2a: Regigigas|Rest|p2a: Regigigas
|-status|p2a: Regigigas|slp|[from] move: Rest
|-heal|p2a: Regigigas|100/100 slp|[silent]
|
|upkeep
|turn|4
|
|t:|1769292832
|switch|p1a: Great Tusk|Great Tusk|100/100
|-enditem|p1a: Great Tusk|Booster Energy
|-activate|p1a: Great Tusk|ability: Protosynthesis|[fromitem]
|-start|p1a: Great Tusk|protosynthesisspe
|cant|p2a: Regigigas|slp
|move|p2a: Regigigas|Sleep Talk|p2a: Regigigas
|move|p2a: Regigigas|Body Slam|p1a: Great Tusk|[from] move: Sleep Talk
|-damage|p1a: Great Tusk|86/100
|-status|p1a: Great Tusk|par
|
|upkeep
|turn|5
|
|t:|1769292837
|switch|p2a: Great Tusk|Great Tusk|100/100
|move|p1a: Great Tusk|Bulk Up|p1a: Great Tusk
|-boost|p1a: Great Tusk|atk|1
|-boost|p1a: Great Tusk|def|1
|
|upkeep
|turn|6
|
|t:|1769292843
|move|p2a: Great Tusk|Stealth Rock|p1a: Great Tusk
|-sidestart|p1: xdye|move: Stealth Rock
|cant|p1a: Great Tusk|par
|
|upkeep
|turn|7
|
|t:|1769292846
|-end|p2a: Great Tusk|Protosynthesis|[silent]
|switch|p2a: Pecharunt|Pecharunt|100/100
|move|p1a: Great Tusk|Rapid Spin|p2a: Pecharunt
|-immune|p2a: Pecharunt
|
|upkeep
|turn|8
|
|t:|1769292851
|move|p1a: Great Tusk|Bulk Up|p1a: Great Tusk
|-boost|p1a: Great Tusk|atk|1
|-boost|p1a: Great Tusk|def|1
|move|p2a: Pecharunt|Hex|p1a: Great Tusk
|-damage|p1a: Great Tusk|40/100 par
|
|upkeep
|turn|9
|
|t:|1769292857
|switch|p2a: Zamazenta|Zamazenta|100/100
|-ability|p2a: Zamazenta|Dauntless Shield|boost
|-boost|p2a: Zamazenta|def|1
|move|p1a: Great Tusk|Headlong Rush|p2a: Zamazenta
|-damage|p2a: Zamazenta|40/100
|-unboost|p1a: Great Tusk|def|1
|-unboost|p1a: Great Tusk|spd|1
|
|upkeep
|turn|10
|
|t:|1769292863
|move|p2a: Zamazenta|Close Combat|p1a: Great Tusk
|-damage|p1a: Great Tusk|1/100 par
|-unboost|p2a: Zamazenta|def|1
|-unboost|p2a: Zamazenta|spd|1
|move|p1a: Great Tusk|Headlong Rush|p2a: Zamazenta
|-damage|p2a: Zamazenta|0 fnt
|-unboost|p1a: Great Tusk|def|1
|-unboost|p1a: Great Tusk|spd|1
|faint|p2a: Zamazenta
|
|upkeep
|
|t:|1769292867
|switch|p2a: Great Tusk|Great Tusk|100/100
|turn|11
|
|t:|1769292872
|move|p2a: Great Tusk|Rapid Spin|p1a: Great Tusk
|-damage|p1a: Great Tusk|0 fnt
|-boost|p2a: Great Tusk|spe|1
|faint|p1a: Great Tusk
|-end|p1a: Great Tusk|Protosynthesis|[silent]
|
|upkeep
|
|t:|1769292876
|switch|p1a: Rillaboom|Rillaboom, M|100/100
|-damage|p1a: Rillaboom|88/100|[from] Stealth Rock
|-fieldstart|move: Grassy Terrain|[from] ability: Grassy Surge|[of] p1a: Rillaboom
|turn|12
|
|t:|1769292879
|move|p2a: Great Tusk|Ice Spinner|p1a: Rillaboom
|-supereffective|p1a: Rillaboom
|-damage|p1a: Rillaboom|30/100
|-fieldend|move: Grassy Terrain
|move|p1a: Rillaboom|Wood Hammer|p2a: Great Tusk
|-supereffective|p2a: Great Tusk
|-damage|p2a: Great Tusk|0 fnt
|faint|p2a: Great Tusk
|-end|p2a: Great Tusk|Protosynthesis|[silent]
|-damage|p1a: Rillaboom|0 fnt|[from] Recoil
|faint|p1a: Rillaboom
|
|upkeep
|
|t:|1769292904
|switch|p2a: Ting-Lu|Ting-Lu|100/100
|switch|p1a: Kyurem|Kyurem|75/100
|-damage|p1a: Kyurem|50/100|[from] Stealth Rock
|-ability|p1a: Kyurem|Pressure
|-ability|p2a: Ting-Lu|Vessel of Ruin
|turn|13
|
|t:|1769292914
|move|p1a: Kyurem|Freeze-Dry|p2a: Ting-Lu
|-supereffective|p2a: Ting-Lu
|-damage|p2a: Ting-Lu|63/100
|move|p2a: Ting-Lu|Whirlwind|p1a: Kyurem
|drag|p1a: Dragonite|Dragonite, M|100/100
|-damage|p1a: Dragonite|76/100|[from] Stealth Rock
|
|-heal|p2a: Ting-Lu|69/100|[from] item: Leftovers
|upkeep
|turn|14
|
|t:|1769292920
|move|p1a: Dragonite|Roost|p1a: Dragonite
|-heal|p1a: Dragonite|100/100
|-singleturn|p1a: Dragonite|move: Roost
|move|p2a: Ting-Lu|Spikes|p1a: Dragonite
|-sidestart|p1: xdye|Spikes
|
|-heal|p2a: Ting-Lu|75/100|[from] item: Leftovers
|upkeep
|turn|15
|
|t:|1769292924
|move|p1a: Dragonite|Dragon Dance|p1a: Dragonite
|-boost|p1a: Dragonite|atk|1
|-boost|p1a: Dragonite|spe|1
|move|p2a: Ting-Lu|Whirlwind|p1a: Dragonite
|drag|p1a: Heatran|Heatran, F|100/100
|-damage|p1a: Heatran|88/100|[from] Stealth Rock
|-item|p1a: Heatran|Air Balloon
|
|-heal|p2a: Ting-Lu|81/100|[from] item: Leftovers
|upkeep
|turn|16
|
|t:|1769292932
|move|p1a: Heatran|Magma Storm|p2a: Ting-Lu
|-damage|p2a: Ting-Lu|59/100
|-activate|p2a: Ting-Lu|move: Magma Storm|[of] p1a: Heatran
|move|p2a: Ting-Lu|Ruination|p1a: Heatran|[miss]
|-miss|p2a: Ting-Lu|p1a: Heatran
|
|-heal|p2a: Ting-Lu|65/100|[from] item: Leftovers
|-damage|p2a: Ting-Lu|53/100|[from] move: Magma Storm|[partiallytrapped]
|upkeep
|turn|17
|
|t:|1769292946
|move|p1a: Heatran|Taunt|p2a: Ting-Lu
|-start|p2a: Ting-Lu|move: Taunt
|move|p2a: Ting-Lu|Ruination|p1a: Heatran
|-damage|p1a: Heatran|44/100
|-enditem|p1a: Heatran|Air Balloon
|
|-heal|p2a: Ting-Lu|59/100|[from] item: Leftovers
|-damage|p2a: Ting-Lu|47/100|[from] move: Magma Storm|[partiallytrapped]
|upkeep
|turn|18
|
|t:|1769292952
|move|p1a: Heatran|Magma Storm|p2a: Ting-Lu
|-damage|p2a: Ting-Lu|21/100
|move|p2a: Ting-Lu|Earthquake|p1a: Heatran
|-supereffective|p1a: Heatran
|-damage|p1a: Heatran|0 fnt
|faint|p1a: Heatran
|
|-heal|p2a: Ting-Lu|27/100|[from] item: Leftovers
|-end|p2a: Ting-Lu|Magma Storm|[partiallytrapped]|[silent]
|upkeep
|
|t:|1769292957
|switch|p1a: Hatterene|Hatterene, F|100/100
|-damage|p1a: Hatterene|88/100|[from] Stealth Rock
|-damage|p1a: Hatterene|76/100|[from] Spikes
|turn|19
|
|t:|1769292962
|move|p2a: Ting-Lu|Ruination|p1a: Hatterene
|-damage|p1a: Hatterene|38/100
|move|p1a: Hatterene|Calm Mind|p1a: Hatterene
|-boost|p1a: Hatterene|spa|1
|-boost|p1a: Hatterene|spd|1
|
|-heal|p2a: Ting-Lu|33/100|[from] item: Leftovers
|-heal|p1a: Hatterene|44/100|[from] item: Leftovers
|-end|p2a: Ting-Lu|move: Taunt
|upkeep
|turn|20
|
|t:|1769292966
|move|p2a: Ting-Lu|Earthquake|p1a: Hatterene
|-damage|p1a: Hatterene|13/100
|move|p1a: Hatterene|Draining Kiss|p2a: Ting-Lu
|-supereffective|p2a: Ting-Lu
|-damage|p2a: Ting-Lu|7/100
|-heal|p1a: Hatterene|45/100|[from] drain|[of] p2a: Ting-Lu
|
|-heal|p2a: Ting-Lu|13/100|[from] item: Leftovers
|-heal|p1a: Hatterene|51/100|[from] item: Leftovers
|upkeep
|turn|21
|
|t:|1769292969
|move|p2a: Ting-Lu|Earthquake|p1a: Hatterene
|-damage|p1a: Hatterene|20/100
|move|p1a: Hatterene|Draining Kiss|p2a: Ting-Lu
|-supereffective|p2a: Ting-Lu
|-damage|p2a: Ting-Lu|0 fnt
|-heal|p1a: Hatterene|36/100|[from] drain|[of] p2a: Ting-Lu
|faint|p2a: Ting-Lu
|
|-heal|p1a: Hatterene|42/100|[from] item: Leftovers
|upkeep
|
|t:|1769292972
|switch|p2a: Pecharunt|Pecharunt|100/100
|turn|22
|
|t:|1769292977
|move|p2a: Pecharunt|Malignant Chain|p1a: Hatterene
|-supereffective|p1a: Hatterene
|-damage|p1a: Hatterene|0 fnt
|faint|p1a: Hatterene
|
|upkeep
|
|t:|1769292990
|switch|p1a: Kyurem|Kyurem|50/100
|-damage|p1a: Kyurem|25/100|[from] Stealth Rock
|-damage|p1a: Kyurem|13/100|[from] Spikes
|-ability|p1a: Kyurem|Pressure
|turn|23
|inactive|Battle timer is ON: inactive players will automatically lose when time's up. (requested by On the wave now)
|
|t:|1769292994
|switch|p2a: Regigigas|Regigigas|100/100 slp
|-start|p2a: Regigigas|ability: Slow Start
|move|p1a: Kyurem|Freeze-Dry|p2a: Regigigas
|-damage|p2a: Regigigas|74/100 slp
|
|-heal|p2a: Regigigas|80/100 slp|[from] item: Leftovers
|upkeep
|turn|24
|
|t:|1769292999
|move|p1a: Kyurem|Freeze-Dry|p2a: Regigigas
|-damage|p2a: Regigigas|54/100 slp
|cant|p2a: Regigigas|slp
|move|p2a: Regigigas|Sleep Talk|p2a: Regigigas
|move|p2a: Regigigas|Knock Off|p1a: Kyurem|[from] move: Sleep Talk
|-damage|p1a: Kyurem|0 fnt
|-enditem|p1a: Kyurem|Never-Melt Ice|[from] move: Knock Off|[of] p2a: Regigigas
|faint|p1a: Kyurem
|
|-heal|p2a: Regigigas|60/100 slp|[from] item: Leftovers
|upkeep
|
|t:|1769293002
|switch|p1a: Dragonite|Dragonite, M|100/100
|-damage|p1a: Dragonite|76/100|[from] Stealth Rock
|turn|25
|
|t:|1769293005
|move|p1a: Dragonite|Dragon Dance|p1a: Dragonite
|-boost|p1a: Dragonite|atk|1
|-boost|p1a: Dragonite|spe|1
|-curestatus|p2a: Regigigas|slp|[msg]
|move|p2a: Regigigas|Knock Off|p1a: Dragonite
|-damage|p1a: Dragonite|61/100
|-enditem|p1a: Dragonite|Covert Cloak|[from] move: Knock Off|[of] p2a: Regigigas
|
|-heal|p2a: Regigigas|66/100|[from] item: Leftovers
|upkeep
|turn|26
|
|t:|1769293011
|switch|p2a: Alomomola|Alomomola, F|100/100
|move|p1a: Dragonite|Dragon Dance|p1a: Dragonite
|-boost|p1a: Dragonite|atk|1
|-boost|p1a: Dragonite|spe|1
|
|upkeep
|turn|27
|
|t:|1769293014
|move|p1a: Dragonite|Roost|p1a: Dragonite
|-heal|p1a: Dragonite|100/100
|-singleturn|p1a: Dragonite|move: Roost
|move|p2a: Alomomola|Tickle|p1a: Dragonite
|-unboost|p1a: Dragonite|atk|1
|-unboost|p1a: Dragonite|def|1
|
|upkeep
|turn|28
|
|t:|1769293017
|move|p1a: Dragonite|Dragon Dance|p1a: Dragonite
|-boost|p1a: Dragonite|atk|1
|-boost|p1a: Dragonite|spe|1
|move|p2a: Alomomola|Tickle|p1a: Dragonite
|-unboost|p1a: Dragonite|atk|1
|-unboost|p1a: Dragonite|def|1
|
|upkeep
|turn|29
|
|t:|1769293019
|move|p1a: Dragonite|Dragon Dance|p1a: Dragonite
|-boost|p1a: Dragonite|atk|1
|-boost|p1a: Dragonite|spe|1
|move|p2a: Alomomola|Tickle|p1a: Dragonite
|-unboost|p1a: Dragonite|atk|1
|-unboost|p1a: Dragonite|def|1
|
|upkeep
|turn|30
|
|t:|1769293027
|-terastallize|p1a: Dragonite|Fairy
|move|p1a: Dragonite|Tera Blast|p2a: Alomomola|[anim] Tera Blast Fairy
|-damage|p2a: Alomomola|67/100
|move|p2a: Alomomola|Tickle|p1a: Dragonite
|-unboost|p1a: Dragonite|atk|1
|-unboost|p1a: Dragonite|def|1
|
|upkeep
|turn|31
|
|t:|1769293031
|move|p1a: Dragonite|Dragon Dance|p1a: Dragonite
|-boost|p1a: Dragonite|atk|1
|-boost|p1a: Dragonite|spe|1
|move|p2a: Alomomola|Tickle|p1a: Dragonite
|-unboost|p1a: Dragonite|atk|1
|-unboost|p1a: Dragonite|def|1
|
|upkeep
|turn|32
|
|t:|1769293035
|move|p1a: Dragonite|Dragon Dance|p1a: Dragonite
|-boost|p1a: Dragonite|atk|1
|-boost|p1a: Dragonite|spe|1
|move|p2a: Alomomola|Wish|p2a: Alomomola
|
|upkeep
|turn|33
|
|t:|1769293039
|move|p1a: Dragonite|Dragon Dance|p1a: Dragonite
|-boost|p1a: Dragonite|atk|1
|-boost|p1a: Dragonite|spe|0
|move|p2a: Alomomola|Tickle|p1a: Dragonite
|-unboost|p1a: Dragonite|atk|1
|-unboost|p1a: Dragonite|def|1
|
|-heal|p2a: Alomomola|100/100|[from] move: Wish|[wisher] Alomomola
|upkeep
|turn|34
|
|t:|1769293041
|move|p1a: Dragonite|Dragon Dance|p1a: Dragonite
|-boost|p1a: Dragonite|atk|1
|-boost|p1a: Dragonite|spe|0
|move|p2a: Alomomola|Tickle|p1a: Dragonite
|-unboost|p1a: Dragonite|atk|1
|-unboost|p1a: Dragonite|def|0
|
|upkeep
|turn|35
|
|t:|1769293043
|move|p1a: Dragonite|Tera Blast|p2a: Alomomola|[anim] Tera Blast Fairy
|-damage|p2a: Alomomola|69/100
|move|p2a: Alomomola|Tickle|p1a: Dragonite
|-unboost|p1a: Dragonite|atk|1
|-unboost|p1a: Dragonite|def|0
|
|upkeep
|turn|36
|
|t:|1769293047
|move|p1a: Dragonite|Dragon Dance|p1a: Dragonite
|-boost|p1a: Dragonite|atk|1
|-boost|p1a: Dragonite|spe|0
|move|p2a: Alomomola|Tickle|p1a: Dragonite
|-unboost|p1a: Dragonite|atk|1
|-unboost|p1a: Dragonite|def|0
|
|upkeep
|turn|37
|
|t:|1769293049
|move|p1a: Dragonite|Dragon Dance|p1a: Dragonite
|-boost|p1a: Dragonite|atk|1
|-boost|p1a: Dragonite|spe|0
|move|p2a: Alomomola|Tickle|p1a: Dragonite
|-unboost|p1a: Dragonite|atk|1
|-unboost|p1a: Dragonite|def|0
|
|upkeep
|turn|38
|
|t:|1769293050
|move|p1a: Dragonite|Dragon Dance|p1a: Dragonite
|-boost|p1a: Dragonite|atk|1
|-boost|p1a: Dragonite|spe|0
|move|p2a: Alomomola|Tickle|p1a: Dragonite
|-unboost|p1a: Dragonite|atk|1
|-unboost|p1a: Dragonite|def|0
|
|upkeep
|turn|39
|
|t:|1769293053
|move|p1a: Dragonite|Dragon Dance|p1a: Dragonite
|-boost|p1a: Dragonite|atk|1
|-boost|p1a: Dragonite|spe|0
|move|p2a: Alomomola|Tickle|p1a: Dragonite
|-unboost|p1a: Dragonite|atk|1
|-unboost|p1a: Dragonite|def|0
|
|upkeep
|turn|40
|
|t:|1769293057
|move|p1a: Dragonite|Tera Blast|p2a: Alomomola|[anim] Tera Blast Fairy
|-crit|p2a: Alomomola
|-damage|p2a: Alomomola|35/100
|move|p2a: Alomomola|Tickle|p1a: Dragonite
|-unboost|p1a: Dragonite|atk|1
|-unboost|p1a: Dragonite|def|0
|
|upkeep
|turn|41
|
|t:|1769293062
|move|p1a: Dragonite|Tera Blast|p2a: Alomomola|[anim] Tera Blast Fairy
|-damage|p2a: Alomomola|11/100
|move|p2a: Alomomola|Wish|p2a: Alomomola
|
|upkeep
|turn|42
|
|t:|1769293068
|move|p2a: Alomomola|Protect|p2a: Alomomola
|-singleturn|p2a: Alomomola|Protect
|move|p1a: Dragonite|Tera Blast|p2a: Alomomola|[anim] Tera Blast Fairy
|-activate|p2a: Alomomola|move: Protect
|
|-heal|p2a: Alomomola|61/100|[from] move: Wish|[wisher] Alomomola
|upkeep
|turn|43
|
|t:|1769293072
|move|p1a: Dragonite|Dragon Dance|p1a: Dragonite
|-boost|p1a: Dragonite|atk|1
|-boost|p1a: Dragonite|spe|0
|move|p2a: Alomomola|Wish|p2a: Alomomola
|
|upkeep
|turn|44
|
|t:|1769293076
|move|p1a: Dragonite|Dragon Dance|p1a: Dragonite
|-boost|p1a: Dragonite|atk|1
|-boost|p1a: Dragonite|spe|0
|move|p2a: Alomomola|Tickle|p1a: Dragonite
|-unboost|p1a: Dragonite|atk|1
|-unboost|p1a: Dragonite|def|0
|
|-heal|p2a: Alomomola|100/100|[from] move: Wish|[wisher] Alomomola
|upkeep
|turn|45
|
|t:|1769293079
|move|p1a: Dragonite|Dragon Dance|p1a: Dragonite
|-boost|p1a: Dragonite|atk|1
|-boost|p1a: Dragonite|spe|0
|move|p2a: Alomomola|Tickle|p1a: Dragonite
|-unboost|p1a: Dragonite|atk|1
|-unboost|p1a: Dragonite|def|0
|
|upkeep
|turn|46
|
|t:|1769293081
|move|p1a: Dragonite|Tera Blast|p2a: Alomomola|[anim] Tera Blast Fairy
|-damage|p2a: Alomomola|79/100
|move|p2a: Alomomola|Tickle|p1a: Dragonite
|-unboost|p1a: Dragonite|atk|1
|-unboost|p1a: Dragonite|def|0
|
|upkeep
|turn|47
|
|t:|1769293085
|move|p1a: Dragonite|Tera Blast|p2a: Alomomola|[anim] Tera Blast Fairy
|-damage|p2a: Alomomola|55/100
|move|p2a: Alomomola|Wish|p2a: Alomomola
|
|upkeep
|turn|48
|
|t:|1769293091
|move|p1a: Dragonite|Dragon Dance|p1a: Dragonite
|-boost|p1a: Dragonite|atk|1
|-boost|p1a: Dragonite|spe|0
|move|p2a: Alomomola|Tickle|p1a: Dragonite
|-unboost|p1a: Dragonite|atk|1
|-unboost|p1a: Dragonite|def|0
|
|-heal|p2a: Alomomola|100/100|[from] move: Wish|[wisher] Alomomola
|upkeep
|turn|49
|
|t:|1769293093
|move|p1a: Dragonite|Tera Blast|p2a: Alomomola|[anim] Tera Blast Fairy
|-damage|p2a: Alomomola|80/100
|move|p2a: Alomomola|Tickle|p1a: Dragonite
|-unboost|p1a: Dragonite|atk|1
|-unboost|p1a: Dragonite|def|0
|
|upkeep
|turn|50
|
|t:|1769293097
|move|p1a: Dragonite|Tera Blast|p2a: Alomomola|[anim] Tera Blast Fairy
|-damage|p2a: Alomomola|56/100
|move|p2a: Alomomola|Tickle|p1a: Dragonite
|-unboost|p1a: Dragonite|atk|1
|-unboost|p1a: Dragonite|def|0
|
|upkeep
|turn|51
|
|t:|1769293099
|move|p1a: Dragonite|Tera Blast|p2a: Alomomola|[anim] Tera Blast Fairy
|-damage|p2a: Alomomola|34/100
|move|p2a: Alomomola|Wish|p2a: Alomomola
|
|upkeep
|turn|52
|
|t:|1769293105
|move|p1a: Dragonite|Tera Blast|p2a: Alomomola|[anim] Tera Blast Fairy
|-damage|p2a: Alomomola|12/100
|move|p2a: Alomomola|Tickle|p1a: Dragonite
|-unboost|p1a: Dragonite|atk|1
|-unboost|p1a: Dragonite|def|0
|
|-heal|p2a: Alomomola|62/100|[from] move: Wish|[wisher] Alomomola
|upkeep
|turn|53
|
|t:|1769293111
|move|p1a: Dragonite|Tera Blast|p2a: Alomomola|[anim] Tera Blast Fairy
|-damage|p2a: Alomomola|39/100
|move|p2a: Alomomola|Wish|p2a: Alomomola
|
|upkeep
|turn|54
|
|t:|1769293120
|move|p2a: Alomomola|Protect|p2a: Alomomola
|-singleturn|p2a: Alomomola|Protect
|move|p1a: Dragonite|Tera Blast|p2a: Alomomola|[anim] Tera Blast Fairy
|-activate|p2a: Alomomola|move: Protect
|
|-heal|p2a: Alomomola|89/100|[from] move: Wish|[wisher] Alomomola
|upkeep
|turn|55
|
|t:|1769293124
|move|p1a: Dragonite|Dragon Dance|p1a: Dragonite
|-boost|p1a: Dragonite|atk|1
|-boost|p1a: Dragonite|spe|0
|move|p2a: Alomomola|Wish|p2a: Alomomola
|
|upkeep
|turn|56
|
|t:|1769293127
|move|p1a: Dragonite|Dragon Dance|p1a: Dragonite
|-boost|p1a: Dragonite|atk|1
|-boost|p1a: Dragonite|spe|0
|move|p2a: Alomomola|Tickle|p1a: Dragonite
|-unboost|p1a: Dragonite|atk|1
|-unboost|p1a: Dragonite|def|0
|
|-heal|p2a: Alomomola|100/100|[from] move: Wish|[wisher] Alomomola
|upkeep
|turn|57
|
|t:|1769293130
|move|p1a: Dragonite|Dragon Dance|p1a: Dragonite
|-boost|p1a: Dragonite|atk|1
|-boost|p1a: Dragonite|spe|0
|move|p2a: Alomomola|Tickle|p1a: Dragonite
|-unboost|p1a: Dragonite|atk|1
|-unboost|p1a: Dragonite|def|0
|
|upkeep
|turn|58
|
|t:|1769293135
|move|p1a: Dragonite|Dragon Dance|p1a: Dragonite
|-boost|p1a: Dragonite|atk|1
|-boost|p1a: Dragonite|spe|0
|move|p2a: Alomomola|Tickle|p1a: Dragonite
|-unboost|p1a: Dragonite|atk|1
|-unboost|p1a: Dragonite|def|0
|
|upkeep
|turn|59
|
|t:|1769293145
|move|p1a: Dragonite|Dragon Dance|p1a: Dragonite
|-boost|p1a: Dragonite|atk|1
|-boost|p1a: Dragonite|spe|0
|move|p2a: Alomomola|Flip Turn|p1a: Dragonite
|-damage|p1a: Dragonite|69/100
|
|t:|1769293149
|switch|p2a: Regigigas|Regigigas|66/100|[from] Flip Turn
|-start|p2a: Regigigas|ability: Slow Start
|
|-heal|p2a: Regigigas|72/100|[from] item: Leftovers
|upkeep
|turn|60
|
|t:|1769293152
|move|p1a: Dragonite|Dragon Dance|p1a: Dragonite
|-boost|p1a: Dragonite|atk|1
|-boost|p1a: Dragonite|spe|0
|move|p2a: Regigigas|Body Slam|p1a: Dragonite
|-damage|p1a: Dragonite|0 fnt
|faint|p1a: Dragonite
|
|win|On the wave now
|raw|xdye's rating: 1669 &rarr; <strong>1650</strong><br />(-19 for losing)
|raw|On the wave now's rating: 1684 &rarr; <strong>1703</strong><br />(+19 for winning)
