|j|☆zafer3890
|j|☆Smizzo
|t:|1769352291
|gametype|singles
|player|p1|zafer3890|veteran|1118
|player|p2|Smizzo|102|1128
|gen|9
|tier|[Gen 9] OU
|rated|
|rule|HP Percentage Mod: HP is shown in percentages
|rule|Endless Battle Clause: Forcing endless battles is banned
|rule|Species Clause: Limit one of each Pokémon
|rule|OHKO Clause: OHKO moves are banned
|rule|Evasion Items Clause: Evasion items are banned
|rule|Evasion Moves Clause: Evasion moves are banned
|rule|Evasion Abilities Clause: Evasion abilities are banned
|rule|Sleep Moves Clause: Sleep-inducing moves are banned
|clearpoke
|poke|p1|Chansey, F|
|poke|p1|Typhlosion, M|
|poke|p1|Corviknight, F|
|poke|p1|Gengar, M|
|poke|p1|Rotom-Wash|
|poke|p1|Garchomp, F|
|poke|p2|Hippowdon, F|
|poke|p2|Indeedee, M|
|poke|p2|Iron Valiant|
|poke|p2|Corviknight, F|
|poke|p2|Ogerpon-Cornerstone, F|
|poke|p2|Araquanid, M|
|teampreview
|
|t:|1769352302
|teamsize|p1|6
|teamsize|p2|6
|start
|switch|p1a: Rotom|Rotom-Wash|100/100
|switch|p2a: Indeedee|Indeedee, M|100/100
|-fieldstart|move: Psychic Terrain|[from] ability: Psychic Surge|[of] p2a: Indeedee
|turn|1
|
|t:|1769352310
|switch|p1a: Chansey|Chansey, F|100/100
|move|p2a: Indeedee|Expanding Force|p1a: Chansey
|-damage|p1a: Chansey|73/100
|-damage|p2a: Indeedee|91/100|[from] item: Life Orb
|
|upkeep
|turn|2
|
|t:|1769352317
|switch|p2a: Hippowdon|Hippowdon, F|100/100
|-weather|Sandstorm|[from] ability: Sand Stream|[of] p2a: Hippowdon
|move|p1a: Chansey|Thunder Wave|p2a: Hippowdon
|-immune|p2a: Hippowdon
|
|-weather|Sandstorm|[upkeep]
|-damage|p1a: Chansey|67/100|[from] Sandstorm
|upkeep
|turn|3
|
|t:|1769352327
|switch|p1a: Rotom|Rotom-Wash|100/100
|move|p2a: Hippowdon|Ice Fang|p1a: Rotom
|-resisted|p1a: Rotom
|-damage|p1a: Rotom|88/100
|
|-weather|Sandstorm|[upkeep]
|-damage|p1a: Rotom|82/100|[from] Sandstorm
|-heal|p1a: Rotom|88/100|[from] item: Leftovers
|upkeep
|turn|4
|
|t:|1769352340
|switch|p2a: Araquanid|Araquanid, M|100/100
|-enditem|p2a: Araquanid|Psychic Seed
|-boost|p2a: Araquanid|spd|1|[from] item: Psychic Seed
|move|p1a: Rotom|Hydro Pump|p2a: Araquanid|[miss]
|-miss|p1a: Rotom|p2a: Araquanid
|
|-weather|Sandstorm|[upkeep]
|-damage|p1a: Rotom|82/100|[from] Sandstorm
|-damage|p2a: Araquanid|94/100|[from] Sandstorm
|-heal|p1a: Rotom|88/100|[from] item: Leftovers
|upkeep
|turn|5
|
|t:|1769352351
|move|p1a: Rotom|Thunder|p2a: Araquanid|[miss]
|-miss|p1a: Rotom|p2a: Araquanid
|move|p2a: Araquanid|Sticky Web|p1a: Rotom
|-sidestart|p1: zafer3890|move: Sticky Web
|
|-weather|Sandstorm|[upkeep]
|-damage|p1a: Rotom|82/100|[from] Sandstorm
|-damage|p2a: Araquanid|88/100|[from] Sandstorm
|-heal|p1a: Rotom|88/100|[from] item: Leftovers
|-fieldend|move: Psychic Terrain
|upkeep
|turn|6
|
|t:|1769352360
|move|p1a: Rotom|Nasty Plot|p1a: Rotom
|-boost|p1a: Rotom|spa|2
|move|p2a: Araquanid|Liquidation|p1a: Rotom
|-resisted|p1a: Rotom
|-damage|p1a: Rotom|66/100
|
|-weather|none
|-heal|p1a: Rotom|72/100|[from] item: Leftovers
|upkeep
|turn|7
|
|t:|1769352370
|-terastallize|p2a: Araquanid|Ground
|move|p1a: Rotom|Thunder|p2a: Araquanid
|-immune|p2a: Araquanid
|move|p2a: Araquanid|Liquidation|p1a: Rotom
|-resisted|p1a: Rotom
|-damage|p1a: Rotom|51/100
|-unboost|p1a: Rotom|def|1
|
|-heal|p1a: Rotom|57/100|[from] item: Leftovers
|upkeep
|turn|8
|
|t:|1769352389
|switch|p1a: Chansey|Chansey, F|67/100
|-activate|p1a: Chansey|move: Sticky Web
|-unboost|p1a: Chansey|spe|1
|switch|p2a: Hippowdon|Hippowdon, F|100/100
|-weather|Sandstorm|[from] ability: Sand Stream|[of] p2a: Hippowdon
|
|-weather|Sandstorm|[upkeep]
|-damage|p1a: Chansey|61/100|[from] Sandstorm
|upkeep
|turn|9
|
|t:|1769352400
|move|p2a: Hippowdon|Thunder Fang|p1a: Chansey
|-damage|p1a: Chansey|46/100
|move|p1a: Chansey|Soft-Boiled|p1a: Chansey
|-heal|p1a: Chansey|96/100
|
|-weather|Sandstorm|[upkeep]
|-damage|p1a: Chansey|89/100|[from] Sandstorm
|upkeep
|turn|10
|
|t:|1769352424
|switch|p1a: Rotom|Rotom-Wash|57/100
|move|p2a: Hippowdon|Earthquake|p1a: Rotom
|-immune|p1a: Rotom|[from] ability: Levitate
|
|-weather|Sandstorm|[upkeep]
|-damage|p1a: Rotom|51/100|[from] Sandstorm
|-heal|p1a: Rotom|57/100|[from] item: Leftovers
|upkeep
|turn|11
|
|t:|1769352436
|move|p1a: Rotom|Nasty Plot|p1a: Rotom
|-boost|p1a: Rotom|spa|2
|move|p2a: Hippowdon|Thunder Fang|p1a: Rotom
|-damage|p1a: Rotom|34/100
|
|-weather|Sandstorm|[upkeep]
|-damage|p1a: Rotom|27/100|[from] Sandstorm
|-heal|p1a: Rotom|34/100|[from] item: Leftovers
|upkeep
|turn|12
|
|t:|1769352446
|move|p1a: Rotom|Hydro Pump|p2a: Hippowdon
|-supereffective|p2a: Hippowdon
|-damage|p2a: Hippowdon|0 fnt
|faint|p2a: Hippowdon
|
|-weather|none
|-heal|p1a: Rotom|40/100|[from] item: Leftovers
|upkeep
|
|t:|1769352452
|switch|p2a: Ogerpon|Ogerpon-Cornerstone, F|100/100
|turn|13
|
|t:|1769352457
|move|p2a: Ogerpon|Horn Leech|p1a: Rotom
|-supereffective|p1a: Rotom
|-damage|p1a: Rotom|0 fnt
|faint|p1a: Rotom
|
|upkeep
|
|t:|1769352470
|switch|p1a: Typhlosion|Typhlosion, M|100/100
|-activate|p1a: Typhlosion|move: Sticky Web
|-unboost|p1a: Typhlosion|spe|1
|turn|14
|
|t:|1769352476
|move|p2a: Ogerpon|Ivy Cudgel|p1a: Typhlosion|[anim] Ivy Cudgel Rock
|-supereffective|p1a: Typhlosion
|-crit|p1a: Typhlosion
|-damage|p1a: Typhlosion|0 fnt
|faint|p1a: Typhlosion
|
|upkeep
|-message|zafer3890 forfeited.
|
|win|Smizzo
|raw|zafer3890's rating: 1118 &rarr; <strong>1094</strong><br />(-24 for losing)
|raw|Smizzo's rating: 1128 &rarr; <strong>1152</strong><br />(+24 for winning)
|l|☆zafer3890
|player|p1|
|l|☆Smizzo
|player|p2|
