|j|☆ravi007rs
|j|‽Elekid95
|inactive|Battle timer is ON: inactive players will automatically lose when time's up.
|t:|1769404965
|gametype|singles
|player|p1|ravi007rs|n|
|player|p2|Elekid95|red-gen1rb|
|gen|9
|tier|[Gen 9] OU
|rated|Tournament battle
|rule|HP Percentage Mod: HP is shown in percentages
|rule|Endless Battle Clause: Forcing endless battles is banned
|rule|Species Clause: Limit one of each Pokémon
|rule|OHKO Clause: OHKO moves are banned
|rule|Evasion Items Clause: Evasion items are banned
|rule|Evasion Moves Clause: Evasion moves are banned
|rule|Evasion Abilities Clause: Evasion abilities are banned
|rule|Sleep Moves Clause: Sleep-inducing moves are banned
|clearpoke
|poke|p1|Garchomp, M|
|poke|p1|Lucario, M|
|poke|p1|Spiritomb, M|
|poke|p1|Milotic, M|
|poke|p1|Braviary, M|
|poke|p1|Porygon-Z|
|poke|p2|Enamorus, F|
|poke|p2|Great Tusk|
|poke|p2|Iron Crown|
|poke|p2|Lokix, M|
|poke|p2|Alomomola, F|
|poke|p2|Pecharunt|
|teampreview
|j|*Lady Monita ☃️
|inactive|Elekid95 also wants the timer to be on.
|
|t:|1769404982
|teamsize|p1|6
|teamsize|p2|6
|start
|switch|p1a: Uzumaki|Spiritomb, M, shiny|100/100
|switch|p2a: Great Tusk|Great Tusk, shiny|100/100
|-ability|p1a: Uzumaki|Pressure
|turn|1
|
|t:|1769405010
|move|p2a: Great Tusk|Stealth Rock|p1a: Uzumaki
|-sidestart|p1: ravi007rs|move: Stealth Rock
|move|p1a: Uzumaki|Will-O-Wisp|p2a: Great Tusk
|-status|p2a: Great Tusk|brn
|
|-damage|p2a: Great Tusk|94/100 brn|[from] brn
|upkeep
|turn|2
|inactive|Elekid95 has 120 seconds left.
|
|t:|1769405045
|-end|p2a: Great Tusk|Protosynthesis|[silent]
|switch|p2a: Enamorus|Enamorus, F|100/100
|move|p1a: Uzumaki|Poltergeist|p2a: Enamorus
|-activate|p2a: Enamorus|move: Poltergeist|Choice Scarf
|-damage|p2a: Enamorus|48/100
|
|upkeep
|turn|3
|inactive|ravi007rs has 120 seconds left.
|inactive|ravi007rs has 90 seconds left.
|
|t:|1769405106
|-terastallize|p1a: Uzumaki|Steel
|move|p2a: Enamorus|Moonblast|p1a: Uzumaki
|-resisted|p1a: Uzumaki
|-damage|p1a: Uzumaki|82/100
|move|p1a: Uzumaki|Poltergeist|p2a: Enamorus
|-activate|p2a: Enamorus|move: Poltergeist|Choice Scarf
|-damage|p2a: Enamorus|0 fnt
|faint|p2a: Enamorus
|
|-heal|p1a: Uzumaki|88/100|[from] item: Leftovers
|upkeep
|
|t:|1769405121
|switch|p2a: Great Tusk|Great Tusk, shiny|94/100 brn
|turn|4
|
|t:|1769405129
|move|p2a: Great Tusk|Headlong Rush|p1a: Uzumaki
|-supereffective|p1a: Uzumaki
|-damage|p1a: Uzumaki|25/100
|-unboost|p2a: Great Tusk|def|1
|-unboost|p2a: Great Tusk|spd|1
|move|p1a: Uzumaki|Poltergeist|p2a: Great Tusk
|-activate|p2a: Great Tusk|move: Poltergeist|Rocky Helmet
|-damage|p2a: Great Tusk|56/100 brn
|
|-heal|p1a: Uzumaki|31/100|[from] item: Leftovers
|-damage|p2a: Great Tusk|50/100 brn|[from] brn
|upkeep
|turn|5
|inactive|Elekid95 has 120 seconds left.
|
|t:|1769405140
|move|p2a: Great Tusk|Headlong Rush|p1a: Uzumaki
|-supereffective|p1a: Uzumaki
|-damage|p1a: Uzumaki|0 fnt
|-unboost|p2a: Great Tusk|def|1
|-unboost|p2a: Great Tusk|spd|1
|faint|p1a: Uzumaki
|
|-damage|p2a: Great Tusk|44/100 brn|[from] brn
|upkeep
|
|t:|1769405154
|switch|p1a: Industry plant|Lucario, M|100/100
|-damage|p1a: Industry plant|98/100|[from] Stealth Rock
|turn|6
|
|t:|1769405160
|-end|p2a: Great Tusk|Protosynthesis|[silent]
|switch|p2a: Lokix|Lokix, M, shiny|100/100
|move|p1a: Industry plant|Aura Sphere|p2a: Lokix
|-damage|p2a: Lokix|11/100
|-damage|p1a: Industry plant|88/100|[from] item: Life Orb
|
|upkeep
|turn|7
|inactive|Elekid95 has 120 seconds left.
|
|t:|1769405176
|switch|p1a: Viper|Milotic, M|100/100
|-damage|p1a: Viper|88/100|[from] Stealth Rock
|switch|p2a: Alomomola|Alomomola, F, shiny|100/100
|
|-status|p1a: Viper|brn|[from] item: Flame Orb
|upkeep
|turn|8
|
|t:|1769405186
|move|p1a: Viper|Scald|p2a: Alomomola
|-resisted|p2a: Alomomola
|-damage|p2a: Alomomola|92/100
|move|p2a: Alomomola|Mirror Coat|p1a: Viper
|-damage|p1a: Viper|69/100 brn
|
|-damage|p1a: Viper|63/100 brn|[from] brn
|upkeep
|turn|9
|inactive|ravi007rs has 120 seconds left.
|inactive|ravi007rs has 90 seconds left.
|
|t:|1769405225
|move|p1a: Viper|Scald|p2a: Alomomola
|-resisted|p2a: Alomomola
|-damage|p2a: Alomomola|85/100
|move|p2a: Alomomola|Flip Turn|p1a: Viper
|-resisted|p1a: Viper
|-damage|p1a: Viper|59/100 brn
|inactive|Elekid95 has 120 seconds left.
|inactive|Elekid95 has 90 seconds left.
|
|t:|1769405289
|switch|p2a: Iron Crown|Iron Crown|100/100|[from] Flip Turn
|
|-damage|p1a: Viper|53/100 brn|[from] brn
|upkeep
|turn|10
|inactive|ravi007rs has 90 seconds left.
|
|t:|1769405314
|move|p2a: Iron Crown|Volt Switch|p1a: Viper
|-supereffective|p1a: Viper
|-damage|p1a: Viper|5/100 brn
|
|t:|1769405317
|-end|p2a: Iron Crown|Quark Drive|[silent]
|switch|p2a: Alomomola|Alomomola, F, shiny|100/100|[from] Volt Switch
|move|p1a: Viper|Recover|p1a: Viper
|-heal|p1a: Viper|55/100 brn
|
|-damage|p1a: Viper|48/100 brn|[from] brn
|upkeep
|turn|11
|
|t:|1769405322
|move|p1a: Viper|Recover|p1a: Viper
|-heal|p1a: Viper|98/100 brn
|move|p2a: Alomomola|Mirror Coat||[still]
|-fail|p2a: Alomomola
|
|-damage|p1a: Viper|92/100 brn|[from] brn
|upkeep
|turn|12
|inactive|ravi007rs has 90 seconds left.
|
|t:|1769405340
|switch|p1a: Looney|Porygon-Z|100/100
|-damage|p1a: Looney|88/100|[from] Stealth Rock
|move|p2a: Alomomola|Mirror Coat||[still]
|-fail|p2a: Alomomola
|
|upkeep
|turn|13
|
|t:|1769405348
|move|p1a: Looney|Shadow Ball|p2a: Alomomola
|-crit|p2a: Alomomola
|-damage|p2a: Alomomola|67/100
|move|p2a: Alomomola|Mirror Coat|p1a: Looney
|-damage|p1a: Looney|0 fnt
|faint|p1a: Looney
|
|upkeep
|
|t:|1769405354
|switch|p1a: Industry plant|Lucario, M|88/100
|-damage|p1a: Industry plant|85/100|[from] Stealth Rock
|turn|14
|
|t:|1769405359
|move|p1a: Industry plant|Nasty Plot|p1a: Industry plant
|-boost|p1a: Industry plant|spa|2
|move|p2a: Alomomola|Scald|p1a: Industry plant
|-damage|p1a: Industry plant|64/100
|
|upkeep
|turn|15
|inactive|Elekid95 has 120 seconds left.
|
|t:|1769405368
|move|p1a: Industry plant|Aura Sphere|p2a: Alomomola
|-damage|p2a: Alomomola|16/100
|-damage|p1a: Industry plant|54/100|[from] item: Life Orb
|move|p2a: Alomomola|Mirror Coat|p1a: Industry plant
|-damage|p1a: Industry plant|0 fnt
|faint|p1a: Industry plant
|
|upkeep
|
|t:|1769405377
|switch|p1a: Goat|Garchomp, M|100/100
|-damage|p1a: Goat|94/100|[from] Stealth Rock
|turn|16
|inactive|ravi007rs has 120 seconds left.
|
|t:|1769405382
|switch|p2a: Great Tusk|Great Tusk, shiny|44/100 brn
|move|p1a: Goat|Earthquake|p2a: Great Tusk
|-damage|p2a: Great Tusk|9/100 brn
|
|-damage|p2a: Great Tusk|3/100 brn|[from] brn
|upkeep
|turn|17
|
|t:|1769405388
|move|p1a: Goat|Dragon Claw|p2a: Great Tusk
|-damage|p2a: Great Tusk|0 fnt
|-damage|p1a: Goat|78/100|[from] item: Rocky Helmet|[of] p2a: Great Tusk
|faint|p2a: Great Tusk
|-end|p2a: Great Tusk|Protosynthesis|[silent]
|
|upkeep
|
|t:|1769405398
|switch|p2a: Lokix|Lokix, M, shiny|11/100
|turn|18
|
|t:|1769405402
|move|p2a: Lokix|First Impression|p1a: Goat
|-damage|p1a: Goat|16/100
|-damage|p2a: Lokix|0 fnt|[from] ability: Rough Skin|[of] p1a: Goat
|faint|p2a: Lokix
|move|p1a: Goat|Earthquake|p2: Lokix|[notarget]
|-fail|p1a: Goat
|
|upkeep
|
|t:|1769405411
|switch|p2a: Pecharunt|Pecharunt|100/100
|-item|p2a: Pecharunt|Air Balloon
|turn|19
|
|t:|1769405417
|move|p1a: Goat|Dragon Claw|p2a: Pecharunt
|-damage|p2a: Pecharunt|81/100
|-enditem|p2a: Pecharunt|Air Balloon
|move|p2a: Pecharunt|Foul Play|p1a: Goat
|-damage|p1a: Goat|0 fnt
|-damage|p2a: Pecharunt|69/100|[from] ability: Rough Skin|[of] p1a: Goat
|-damage|p2a: Pecharunt|52/100|[from] item: Rocky Helmet|[of] p1a: Goat
|faint|p1a: Goat
|
|upkeep
|
|t:|1769405427
|switch|p1a: Viper|Milotic, M|92/100 brn
|-damage|p1a: Viper|80/100 brn|[from] Stealth Rock
|turn|20
|
|t:|1769405430
|move|p2a: Pecharunt|Recover|p2a: Pecharunt
|-heal|p2a: Pecharunt|100/100
|move|p1a: Viper|Scald|p2a: Pecharunt
|-damage|p2a: Pecharunt|75/100
|-status|p2a: Pecharunt|brn
|
|-damage|p2a: Pecharunt|69/100 brn|[from] brn
|-damage|p1a: Viper|74/100 brn|[from] brn
|upkeep
|turn|21
|
|t:|1769405446
|move|p2a: Pecharunt|Hex|p1a: Viper
|-damage|p1a: Viper|44/100 brn
|move|p1a: Viper|Scald|p2a: Pecharunt
|-damage|p2a: Pecharunt|42/100 brn
|
|-damage|p2a: Pecharunt|36/100 brn|[from] brn
|-damage|p1a: Viper|38/100 brn|[from] brn
|upkeep
|turn|22
|
|t:|1769405457
|move|p2a: Pecharunt|Recover|p2a: Pecharunt
|-heal|p2a: Pecharunt|86/100 brn
|move|p1a: Viper|Recover|p1a: Viper
|-heal|p1a: Viper|88/100 brn
|
|-damage|p2a: Pecharunt|80/100 brn|[from] brn
|-damage|p1a: Viper|82/100 brn|[from] brn
|upkeep
|turn|23
|
|t:|1769405462
|switch|p2a: Alomomola|Alomomola, F, shiny|49/100
|move|p1a: Viper|Scald|p2a: Alomomola
|-resisted|p2a: Alomomola
|-damage|p2a: Alomomola|41/100
|
|-damage|p1a: Viper|76/100 brn|[from] brn
|upkeep
|turn|24
|
|t:|1769405465
|move|p1a: Viper|Scald|p2a: Alomomola
|-resisted|p2a: Alomomola
|-damage|p2a: Alomomola|33/100
|-status|p2a: Alomomola|brn
|move|p2a: Alomomola|Flip Turn|p1a: Viper
|-resisted|p1a: Viper
|-damage|p1a: Viper|74/100 brn
|
|t:|1769405468
|switch|p2a: Iron Crown|Iron Crown|100/100|[from] Flip Turn
|
|-damage|p1a: Viper|68/100 brn|[from] brn
|upkeep
|turn|25
|
|t:|1769405471
|move|p2a: Iron Crown|Volt Switch|p1a: Viper
|-supereffective|p1a: Viper
|-damage|p1a: Viper|18/100 brn
|
|t:|1769405473
|-end|p2a: Iron Crown|Quark Drive|[silent]
|switch|p2a: Alomomola|Alomomola, F, shiny|67/100 brn|[from] Volt Switch
|move|p1a: Viper|Scald|p2a: Alomomola
|-resisted|p2a: Alomomola
|-damage|p2a: Alomomola|59/100 brn
|
|-damage|p1a: Viper|12/100 brn|[from] brn
|-damage|p2a: Alomomola|53/100 brn|[from] brn
|upkeep
|turn|26
|
|t:|1769405477
|move|p1a: Viper|Recover|p1a: Viper
|-heal|p1a: Viper|62/100 brn
|move|p2a: Alomomola|Flip Turn|p1a: Viper
|-resisted|p1a: Viper
|-damage|p1a: Viper|60/100 brn
|
|t:|1769405478
|switch|p2a: Iron Crown|Iron Crown|100/100|[from] Flip Turn
|
|-damage|p1a: Viper|54/100 brn|[from] brn
|upkeep
|turn|27
|
|t:|1769405482
|move|p2a: Iron Crown|Volt Switch|p1a: Viper
|-supereffective|p1a: Viper
|-damage|p1a: Viper|5/100 brn
|
|t:|1769405485
|-end|p2a: Iron Crown|Quark Drive|[silent]
|switch|p2a: Alomomola|Alomomola, F, shiny|86/100 brn|[from] Volt Switch
|move|p1a: Viper|Recover|p1a: Viper
|-heal|p1a: Viper|55/100 brn
|
|-damage|p1a: Viper|48/100 brn|[from] brn
|-damage|p2a: Alomomola|80/100 brn|[from] brn
|upkeep
|turn|28
|
|t:|1769405489
|move|p1a: Viper|Recover|p1a: Viper
|-heal|p1a: Viper|98/100 brn
|move|p2a: Alomomola|Flip Turn|p1a: Viper
|-resisted|p1a: Viper
|-damage|p1a: Viper|97/100 brn
|
|t:|1769405491
|switch|p2a: Iron Crown|Iron Crown|100/100|[from] Flip Turn
|
|-damage|p1a: Viper|91/100 brn|[from] brn
|upkeep
|turn|29
|
|t:|1769405495
|move|p2a: Iron Crown|Volt Switch|p1a: Viper
|-supereffective|p1a: Viper
|-damage|p1a: Viper|39/100 brn
|
|t:|1769405497
|-end|p2a: Iron Crown|Quark Drive|[silent]
|switch|p2a: Alomomola|Alomomola, F, shiny|100/100 brn|[from] Volt Switch
|move|p1a: Viper|Scald|p2a: Alomomola
|-resisted|p2a: Alomomola
|-damage|p2a: Alomomola|93/100 brn
|
|-damage|p1a: Viper|33/100 brn|[from] brn
|-damage|p2a: Alomomola|87/100 brn|[from] brn
|upkeep
|turn|30
|
|t:|1769405500
|switch|p1a: Steve|Braviary, M, shiny|100/100
|-damage|p1a: Steve|76/100|[from] Stealth Rock
|move|p2a: Alomomola|Flip Turn|p1a: Steve
|-damage|p1a: Steve|66/100
|
|t:|1769405503
|switch|p2a: Iron Crown|Iron Crown|100/100|[from] Flip Turn
|
|upkeep
|turn|31
|
|t:|1769405510
|move|p2a: Iron Crown|Volt Switch|p1a: Steve
|-supereffective|p1a: Steve
|-damage|p1a: Steve|0 fnt
|faint|p1a: Steve
|
|t:|1769405513
|-end|p2a: Iron Crown|Quark Drive|[silent]
|switch|p2a: Alomomola|Alomomola, F, shiny|100/100 brn|[from] Volt Switch
|
|-damage|p2a: Alomomola|94/100 brn|[from] brn
|upkeep
|-message|ravi007rs forfeited.
|
|win|Elekid95
|n|☆ravi007rs|ravi007rs
|n|‽Elekid95|elekid95
|n|*Lady Monita ☃️|ladymonita
|l|*Lady Monita ☃️
|l|☆ravi007rs
|player|p1|
