|j|☆shuca nacua
|j|☆fulkttd
|t:|1769365643
|gametype|singles
|player|p1|shuca nacua|boarder|1586
|player|p2|fulkttd|morty|1593
|gen|9
|tier|[Gen 9] OU
|rated|
|rule|HP Percentage Mod: HP is shown in percentages
|rule|Endless Battle Clause: Forcing endless battles is banned
|rule|Species Clause: Limit one of each Pokémon
|rule|OHKO Clause: OHKO moves are banned
|rule|Evasion Items Clause: Evasion items are banned
|rule|Evasion Moves Clause: Evasion moves are banned
|rule|Evasion Abilities Clause: Evasion abilities are banned
|rule|Sleep Moves Clause: Sleep-inducing moves are banned
|clearpoke
|poke|p1|Tauros, M|
|poke|p1|Alomomola, F|
|poke|p1|Dragapult, F|
|poke|p1|Iron Valiant|
|poke|p1|Corviknight, M|
|poke|p1|Gliscor, M|
|poke|p2|Raging Bolt|
|poke|p2|Walking Wake|
|poke|p2|Iron Valiant|
|poke|p2|Meowscarada, F|
|poke|p2|Scizor, M|
|poke|p2|Okidogi, M|
|teampreview
|inactive|Battle timer is ON: inactive players will automatically lose when time's up. (requested by fulkttd)
|c|☆fulkttd|Cool team
|c|☆shuca nacua|u2
|j| Monkey bidniss
|
|t:|1769365671
|teamsize|p1|6
|teamsize|p2|6
|start
|switch|p1a: Corviknight|Corviknight, M|100/100
|switch|p2a: Meowscarada|Meowscarada, F|100/100
|-ability|p1a: Corviknight|Pressure
|turn|1
|c|☆fulkttd|Thx
|
|t:|1769365692
|move|p2a: Meowscarada|U-turn|p1a: Corviknight
|-start|p2a: Meowscarada|typechange|Bug|[from] ability: Protean
|-resisted|p1a: Corviknight
|-damage|p1a: Corviknight|96/100
|-damage|p2a: Meowscarada|84/100|[from] item: Rocky Helmet|[of] p1a: Corviknight
|
|t:|1769365694
|switch|p2a: Okidogi|Okidogi, M|100/100|[from] U-turn
|move|p1a: Corviknight|U-turn|p2a: Okidogi
|-resisted|p2a: Okidogi
|-damage|p2a: Okidogi|98/100
|
|t:|1769365702
|switch|p1a: Gliscor|Gliscor, M|100/100|[from] U-turn
|
|-heal|p2a: Okidogi|100/100|[from] item: Leftovers
|-status|p1a: Gliscor|tox|[from] item: Toxic Orb
|upkeep
|turn|2
|
|t:|1769365710
|switch|p2a: Walking Wake|Walking Wake|100/100
|move|p1a: Gliscor|Earthquake|p2a: Walking Wake
|-damage|p2a: Walking Wake|66/100
|
|upkeep
|turn|3
|
|t:|1769365719
|move|p1a: Gliscor|Protect|p1a: Gliscor
|-singleturn|p1a: Gliscor|Protect
|move|p2a: Walking Wake|Surf|p1a: Gliscor
|-activate|p1a: Gliscor|move: Protect
|
|upkeep
|turn|4
|
|t:|1769365725
|move|p2a: Walking Wake|Surf|p1a: Gliscor
|-supereffective|p1a: Gliscor
|-damage|p1a: Gliscor|0 fnt
|faint|p1a: Gliscor
|
|upkeep
|
|t:|1769365729
|switch|p1a: Iron Valiant|Iron Valiant|100/100
|-enditem|p1a: Iron Valiant|Booster Energy
|-activate|p1a: Iron Valiant|ability: Quark Drive|[fromitem]
|-start|p1a: Iron Valiant|quarkdrivespe
|turn|5
|
|t:|1769365734
|-end|p2a: Walking Wake|Protosynthesis|[silent]
|switch|p2a: Scizor|Scizor, M|100/100
|move|p1a: Iron Valiant|Moonblast|p2a: Scizor
|-resisted|p2a: Scizor
|-damage|p2a: Scizor|71/100
|
|upkeep
|turn|6
|
|t:|1769365737
|-end|p1a: Iron Valiant|Quark Drive|[silent]
|switch|p1a: Alomomola|Alomomola, F|100/100
|move|p2a: Scizor|U-turn|p1a: Alomomola
|-damage|p1a: Alomomola|78/100
|
|t:|1769365740
|switch|p2a: Raging Bolt|Raging Bolt|100/100|[from] U-turn
|
|upkeep
|turn|7
|
|t:|1769365757
|move|p1a: Alomomola|Protect|p1a: Alomomola
|-singleturn|p1a: Alomomola|Protect
|move|p2a: Raging Bolt|Volt Switch|p1a: Alomomola
|-activate|p1a: Alomomola|move: Protect
|
|upkeep
|turn|8
|
|t:|1769365767
|switch|p1a: Tauros|Tauros, M|100/100
|move|p2a: Raging Bolt|Volt Switch|p1a: Tauros
|-damage|p1a: Tauros|31/100
|
|t:|1769365777
|-end|p2a: Raging Bolt|Protosynthesis|[silent]
|switch|p2a: Iron Valiant|Iron Valiant|100/100|[from] Volt Switch
|-enditem|p2a: Iron Valiant|Booster Energy
|-activate|p2a: Iron Valiant|ability: Quark Drive|[fromitem]
|-start|p2a: Iron Valiant|quarkdrivespe
|
|upkeep
|turn|9
|
|t:|1769365782
|switch|p1a: Alomomola|Alomomola, F|100/100
|move|p2a: Iron Valiant|Thunderbolt|p1a: Alomomola
|-supereffective|p1a: Alomomola
|-damage|p1a: Alomomola|31/100
|
|upkeep
|turn|10
|
|t:|1769365789
|move|p2a: Iron Valiant|Moonblast|p1a: Alomomola
|-damage|p1a: Alomomola|0 fnt
|faint|p1a: Alomomola
|
|upkeep
|
|t:|1769365798
|switch|p1a: Corviknight|Corviknight, M|96/100
|-ability|p1a: Corviknight|Pressure
|turn|11
|
|t:|1769365802
|move|p2a: Iron Valiant|Thunderbolt|p1a: Corviknight
|-supereffective|p1a: Corviknight
|-damage|p1a: Corviknight|36/100
|move|p1a: Corviknight|Brave Bird|p2a: Iron Valiant
|-supereffective|p2a: Iron Valiant
|-damage|p2a: Iron Valiant|7/100
|-damage|p1a: Corviknight|13/100|[from] Recoil
|
|upkeep
|turn|12
|
|t:|1769365809
|switch|p1a: Tauros|Tauros, M|31/100
|move|p2a: Iron Valiant|Moonblast|p1a: Tauros
|-damage|p1a: Tauros|0 fnt
|faint|p1a: Tauros
|
|upkeep
|
|t:|1769365811
|switch|p1a: Iron Valiant|Iron Valiant|100/100
|turn|13
|
|t:|1769365818
|move|p2a: Iron Valiant|Moonblast|p1a: Iron Valiant
|-supereffective|p1a: Iron Valiant
|-damage|p1a: Iron Valiant|0 fnt
|faint|p1a: Iron Valiant
|-end|p1a: Iron Valiant|Quark Drive|[silent]
|
|upkeep
|
|t:|1769365820
|switch|p1a: Corviknight|Corviknight, M|13/100
|-ability|p1a: Corviknight|Pressure
|turn|14
|
|t:|1769365826
|move|p2a: Iron Valiant|Moonblast|p1a: Corviknight
|-resisted|p1a: Corviknight
|-damage|p1a: Corviknight|0 fnt
|faint|p1a: Corviknight
|
|upkeep
|
|t:|1769365828
|switch|p1a: Dragapult|Dragapult, F|100/100
|turn|15
|
|t:|1769365835
|-terastallize|p1a: Dragapult|Ghost
|move|p2a: Iron Valiant|Encore||[still]
|-fail|p2a: Iron Valiant
|move|p1a: Dragapult|Dragon Dance|p1a: Dragapult
|-boost|p1a: Dragapult|atk|1
|-boost|p1a: Dragapult|spe|1
|
|upkeep
|turn|16
|
|t:|1769365850
|move|p1a: Dragapult|Tera Blast|p2a: Iron Valiant|[anim] Tera Blast Ghost
|-damage|p2a: Iron Valiant|0 fnt
|faint|p2a: Iron Valiant
|-end|p2a: Iron Valiant|Quark Drive|[silent]
|
|upkeep
|
|t:|1769365855
|switch|p2a: Scizor|Scizor, M|71/100
|turn|17
|
|t:|1769365862
|move|p2a: Scizor|Bullet Punch|p1a: Dragapult
|-damage|p1a: Dragapult|52/100
|move|p1a: Dragapult|Tera Blast|p2a: Scizor|[anim] Tera Blast Ghost
|-damage|p2a: Scizor|0 fnt
|faint|p2a: Scizor
|
|upkeep
|
|t:|1769365868
|switch|p2a: Okidogi|Okidogi, M|100/100
|turn|18
|
|t:|1769365872
|-terastallize|p2a: Okidogi|Dark
|move|p1a: Dragapult|Psychic Fangs|p2a: Okidogi
|-immune|p2a: Okidogi
|move|p2a: Okidogi|Knock Off|p1a: Dragapult
|-supereffective|p1a: Dragapult
|-damage|p1a: Dragapult|0 fnt
|-enditem|p1a: Dragapult|Dragon Fang|[from] move: Knock Off|[of] p2a: Okidogi
|faint|p1a: Dragapult
|
|win|fulkttd
|raw|shuca nacua's rating: 1586 &rarr; <strong>1566</strong><br />(-20 for losing)
|raw|fulkttd's rating: 1593 &rarr; <strong>1613</strong><br />(+20 for winning)
|c|☆shuca nacua|gg
|c|☆fulkttd|Gg
|l|☆shuca nacua
|player|p1|
|l| Monkey bidniss
|l|☆fulkttd
|player|p2|
