|j|‽Roboute
|j|☆chessontop
|t:|1769404490
|gametype|singles
|player|p1|Roboute|170|1488
|player|p2|chessontop|skierf-gen4dp|1441
|gen|9
|tier|[Gen 9] OU
|rated|
|rule|HP Percentage Mod: HP is shown in percentages
|rule|Endless Battle Clause: Forcing endless battles is banned
|rule|Species Clause: Limit one of each Pokémon
|rule|OHKO Clause: OHKO moves are banned
|rule|Evasion Items Clause: Evasion items are banned
|rule|Evasion Moves Clause: Evasion moves are banned
|rule|Evasion Abilities Clause: Evasion abilities are banned
|rule|Sleep Moves Clause: Sleep-inducing moves are banned
|clearpoke
|poke|p1|Hatterene, F|
|poke|p1|Ursaluna, M|
|poke|p1|Porygon2|
|poke|p1|Cresselia, F|
|poke|p1|Iron Hands|
|poke|p1|Volcanion|
|poke|p2|Ting-Lu|
|poke|p2|Dondozo, F|
|poke|p2|Kyurem|
|poke|p2|Slowking-Galar, M|
|poke|p2|Ogerpon-Wellspring, F|
|poke|p2|Great Tusk|
|teampreview
|inactive|Battle timer is ON: inactive players will automatically lose when time's up. (requested by chessontop)
|
|t:|1769404500
|teamsize|p1|6
|teamsize|p2|6
|start
|switch|p1a: Cresselia|Cresselia, F, shiny|100/100
|switch|p2a: Slowking|Slowking-Galar, M|100/100
|turn|1
|
|t:|1769404509
|move|p2a: Slowking|Sludge Bomb|p1a: Cresselia
|-crit|p1a: Cresselia
|-damage|p1a: Cresselia|67/100
|-status|p1a: Cresselia|psn
|move|p1a: Cresselia|Trick Room|p1a: Cresselia
|-fieldstart|move: Trick Room|[of] p1a: Cresselia
|
|-damage|p1a: Cresselia|55/100 psn|[from] psn
|upkeep
|turn|2
|
|t:|1769404520
|switch|p1a: Ursaluna|Ursaluna, M|100/100
|move|p2a: Slowking|Future Sight|p1a: Ursaluna
|-start|p2a: Slowking|move: Future Sight
|
|-status|p1a: Ursaluna|brn|[from] item: Flame Orb
|upkeep
|turn|3
|
|t:|1769404527
|switch|p2a: Dondozo|Dondozo, F|100/100
|move|p1a: Ursaluna|Facade|p2a: Dondozo
|-damage|p2a: Dondozo|46/100
|
|-damage|p1a: Ursaluna|94/100 brn|[from] brn
|upkeep
|turn|4
|c|☆chessontop|didnt know that
|inactive|chessontop has 120 seconds left.
|
|t:|1769404567
|move|p2a: Dondozo|Waterfall|p1a: Ursaluna
|-supereffective|p1a: Ursaluna
|-damage|p1a: Ursaluna|57/100 brn
|move|p1a: Ursaluna|Facade|p2a: Dondozo
|-damage|p2a: Dondozo|0 fnt
|faint|p2a: Dondozo
|
|-end|p1a: Ursaluna|move: Future Sight
|-damage|p1a: Ursaluna|15/100 brn
|-damage|p1a: Ursaluna|9/100 brn|[from] brn
|upkeep
|
|t:|1769404577
|switch|p2a: Great Tusk|Great Tusk|100/100
|turn|5
|
|t:|1769404583
|move|p1a: Ursaluna|Facade|p2a: Great Tusk
|-damage|p2a: Great Tusk|10/100
|move|p2a: Great Tusk|Stealth Rock|p1a: Ursaluna
|-sidestart|p1: Roboute|move: Stealth Rock
|
|-damage|p1a: Ursaluna|3/100 brn|[from] brn
|-fieldend|move: Trick Room
|upkeep
|turn|6
|inactive|chessontop has 120 seconds left.
|
|t:|1769404593
|move|p2a: Great Tusk|Ice Spinner|p1a: Ursaluna
|-supereffective|p1a: Ursaluna
|-damage|p1a: Ursaluna|0 fnt
|faint|p1a: Ursaluna
|
|upkeep
|
|t:|1769404615
|switch|p1a: Hatterene|Hatterene, F, shiny|100/100
|-damage|p1a: Hatterene|88/100|[from] Stealth Rock
|turn|7
|
|t:|1769404620
|-end|p2a: Great Tusk|Protosynthesis|[silent]
|switch|p2a: Slowking|Slowking-Galar, M|100/100
|move|p1a: Hatterene|Trick Room|p1a: Hatterene
|-fieldstart|move: Trick Room|[of] p1a: Hatterene
|
|upkeep
|turn|8
|
|t:|1769404628
|move|p1a: Hatterene|Healing Wish|p1a: Hatterene
|faint|p1a: Hatterene
|move|p2a: Slowking|Sludge Bomb|p1: Hatterene|[notarget]
|-fail|p2a: Slowking
|
|upkeep
|
|t:|1769404633
|switch|p1a: Iron Hands|Iron Hands|100/100
|-damage|p1a: Iron Hands|94/100|[from] Stealth Rock
|-enditem|p1a: Iron Hands|Booster Energy
|-activate|p1a: Iron Hands|ability: Quark Drive|[fromitem]
|-start|p1a: Iron Hands|quarkdriveatk
|turn|9
|
|t:|1769404643
|move|p2a: Slowking|Sludge Bomb|p1a: Iron Hands
|-damage|p1a: Iron Hands|63/100
|-status|p1a: Iron Hands|psn
|move|p1a: Iron Hands|Swords Dance|p1a: Iron Hands
|-boost|p1a: Iron Hands|atk|2
|
|-damage|p1a: Iron Hands|50/100 psn|[from] psn
|upkeep
|turn|10
|
|t:|1769404653
|move|p2a: Slowking|Sludge Bomb|p1a: Iron Hands
|-damage|p1a: Iron Hands|20/100 psn
|move|p1a: Iron Hands|Wild Charge|p2a: Slowking
|-damage|p2a: Slowking|0 fnt
|faint|p2a: Slowking
|-damage|p1a: Iron Hands|1/100 psn|[from] Recoil
|
|-damage|p1a: Iron Hands|0 fnt|[from] psn
|faint|p1a: Iron Hands
|-end|p1a: Iron Hands|Quark Drive|[silent]
|upkeep
|inactive|chessontop has 120 seconds left.
|inactive|chessontop has 90 seconds left.
|inactive|chessontop has 60 seconds left.
|
|t:|1769404743
|switch|p2a: Ogerpon|Ogerpon-Wellspring, F|100/100
|switch|p1a: Cresselia|Cresselia, F, shiny|55/100 psn
|-heal|p1a: Cresselia|100/100|[from] move: Healing Wish
|-damage|p1a: Cresselia|88/100|[from] Stealth Rock
|turn|11
|inactive|chessontop has 60 seconds left.
|
|t:|1769404757
|switch|p2a: Ting-Lu|Ting-Lu|100/100
|-ability|p2a: Ting-Lu|Vessel of Ruin
|move|p1a: Cresselia|Psychic|p2a: Ting-Lu
|-immune|p2a: Ting-Lu
|
|-fieldend|move: Trick Room
|upkeep
|turn|12
|inactive|chessontop has 60 seconds left.
|
|t:|1769404768
|move|p2a: Ting-Lu|Ruination|p1a: Cresselia
|-damage|p1a: Cresselia|44/100
|move|p1a: Cresselia|Trick Room|p1a: Cresselia
|-fieldstart|move: Trick Room|[of] p1a: Cresselia
|
|upkeep
|turn|13
|inactive|chessontop has 60 seconds left.
|
|t:|1769404775
|move|p1a: Cresselia|Lunar Dance|p1a: Cresselia
|faint|p1a: Cresselia
|move|p2a: Ting-Lu|Whirlwind|p1: Cresselia|[notarget]
|-fail|p2a: Ting-Lu
|
|upkeep
|
|t:|1769404782
|switch|p1a: Volcanion|Volcanion|100/100
|-damage|p1a: Volcanion|76/100|[from] Stealth Rock
|turn|14
|
|t:|1769404793
|move|p2a: Ting-Lu|Earthquake|p1a: Volcanion
|-supereffective|p1a: Volcanion
|-damage|p1a: Volcanion|19/100
|move|p1a: Volcanion|Sludge Bomb|p2a: Ting-Lu
|-resisted|p2a: Ting-Lu
|-damage|p2a: Ting-Lu|89/100
|
|-heal|p2a: Ting-Lu|96/100|[from] item: Leftovers
|upkeep
|turn|15
|
|t:|1769404803
|switch|p1a: Porygon2|Porygon2|100/100
|-damage|p1a: Porygon2|88/100|[from] Stealth Rock
|-ability|p1a: Porygon2|Download|boost
|-boost|p1a: Porygon2|spa|1
|move|p2a: Ting-Lu|Earthquake|p1a: Porygon2
|-damage|p1a: Porygon2|63/100
|
|-heal|p2a: Ting-Lu|100/100|[from] item: Leftovers
|upkeep
|turn|16
|
|t:|1769404814
|move|p1a: Porygon2|Ice Beam|p2a: Ting-Lu
|-supereffective|p2a: Ting-Lu
|-damage|p2a: Ting-Lu|63/100
|move|p2a: Ting-Lu|Ruination|p1a: Porygon2
|-damage|p1a: Porygon2|32/100
|
|-heal|p2a: Ting-Lu|69/100|[from] item: Leftovers
|-fieldend|move: Trick Room
|upkeep
|turn|17
|inactive|chessontop has 90 seconds left.
|
|t:|1769404827
|move|p2a: Ting-Lu|Whirlwind|p1a: Porygon2
|drag|p1a: Volcanion|Volcanion|19/100
|-heal|p1a: Volcanion|100/100|[from] move: Lunar Dance
|-damage|p1a: Volcanion|76/100|[from] Stealth Rock
|
|-heal|p2a: Ting-Lu|76/100|[from] item: Leftovers
|upkeep
|turn|18
|
|t:|1769404836
|move|p1a: Volcanion|Sludge Bomb|p2a: Ting-Lu
|-resisted|p2a: Ting-Lu
|-damage|p2a: Ting-Lu|65/100
|move|p2a: Ting-Lu|Ruination|p1a: Volcanion
|-damage|p1a: Volcanion|38/100
|
|-heal|p2a: Ting-Lu|72/100|[from] item: Leftovers
|upkeep
|turn|19
|-message|Roboute forfeited.
|
|win|chessontop
|raw|Roboute's rating: 1488 &rarr; <strong>1465</strong><br />(-23 for losing)
|raw|chessontop's rating: 1441 &rarr; <strong>1464</strong><br />(+23 for winning)
|l|‽Roboute
|player|p1|
|l|☆chessontop
|player|p2|
