|j|☆shartlyfe100
|j|☆dragonyuk
|t:|1769384084
|gametype|singles
|player|p1|shartlyfe100|169|1326
|player|p2|dragonyuk|101|1278
|gen|9
|tier|[Gen 9] OU
|rated|
|rule|HP Percentage Mod: HP is shown in percentages
|rule|Endless Battle Clause: Forcing endless battles is banned
|rule|Species Clause: Limit one of each Pokémon
|rule|OHKO Clause: OHKO moves are banned
|rule|Evasion Items Clause: Evasion items are banned
|rule|Evasion Moves Clause: Evasion moves are banned
|rule|Evasion Abilities Clause: Evasion abilities are banned
|rule|Sleep Moves Clause: Sleep-inducing moves are banned
|clearpoke
|poke|p1|Tyranitar, M|
|poke|p1|Gholdengo|
|poke|p1|Zamazenta-*|
|poke|p1|Rillaboom, F|
|poke|p1|Garchomp, F|
|poke|p1|Zapdos|
|poke|p2|Magneton|
|poke|p2|Psyduck, M|
|poke|p2|Toxapex, F|
|poke|p2|Zoroark-Hisui, F|
|poke|p2|Maushold|
|poke|p2|Hitmontop, M|
|teampreview
|inactive|Battle timer is ON: inactive players will automatically lose when time's up. (requested by dragonyuk)
|
|t:|1769384100
|teamsize|p1|6
|teamsize|p2|6
|start
|switch|p1a: Garchomp|Garchomp, F|100/100
|switch|p2a: Beyblade|Hitmontop, M|100/100
|turn|1
|
|t:|1769384105
|move|p1a: Garchomp|Stealth Rock|p2a: Beyblade
|-sidestart|p2: dragonyuk|move: Stealth Rock
|move|p2a: Beyblade|Triple Axel|p1a: Garchomp
|-supereffective|p1a: Garchomp
|-damage|p1a: Garchomp|77/100
|-damage|p2a: Beyblade|88/100|[from] ability: Rough Skin|[of] p1a: Garchomp
|-damage|p2a: Beyblade|71/100|[from] item: Rocky Helmet|[of] p1a: Garchomp
|-supereffective|p1a: Garchomp
|-damage|p1a: Garchomp|33/100
|-damage|p2a: Beyblade|59/100|[from] ability: Rough Skin|[of] p1a: Garchomp
|-damage|p2a: Beyblade|42/100|[from] item: Rocky Helmet|[of] p1a: Garchomp
|-supereffective|p1a: Garchomp
|-damage|p1a: Garchomp|0 fnt
|-damage|p2a: Beyblade|30/100|[from] ability: Rough Skin|[of] p1a: Garchomp
|-damage|p2a: Beyblade|13/100|[from] item: Rocky Helmet|[of] p1a: Garchomp
|faint|p1a: Garchomp
|-hitcount|p1: Garchomp|3
|
|-heal|p2a: Beyblade|20/100|[from] item: Leftovers
|upkeep
|
|t:|1769384124
|switch|p1a: Zapdos|Zapdos|100/100
|turn|2
|
|t:|1769384128
|move|p1a: Zapdos|Volt Switch|p2a: Beyblade
|-damage|p2a: Beyblade|0 fnt
|faint|p2a: Beyblade
|inactive|shartlyfe100 has 120 seconds left.
|
|t:|1769384178
|switch|p1a: Tyranitar|Tyranitar, M|100/100|[from] Volt Switch
|-weather|Sandstorm|[from] ability: Sand Stream|[of] p1a: Tyranitar
|
|-weather|Sandstorm|[upkeep]
|upkeep
|
|t:|1769384187
|switch|p2a: DA WALL|Toxapex, F|100/100
|-damage|p2a: DA WALL|88/100|[from] Stealth Rock
|turn|3
|
|t:|1769384201
|move|p1a: Tyranitar|Knock Off|p2a: DA WALL
|-damage|p2a: DA WALL|49/100
|-enditem|p2a: DA WALL|Choice Band|[from] move: Knock Off|[of] p1a: Tyranitar
|move|p2a: DA WALL|Liquidation|p1a: Tyranitar
|-supereffective|p1a: Tyranitar
|-damage|p1a: Tyranitar|46/100
|
|-weather|Sandstorm|[upkeep]
|-damage|p2a: DA WALL|43/100|[from] Sandstorm
|upkeep
|turn|4
|
|t:|1769384210
|move|p1a: Tyranitar|Stone Edge|p2a: DA WALL
|-damage|p2a: DA WALL|4/100
|move|p2a: DA WALL|Liquidation|p1a: Tyranitar
|-supereffective|p1a: Tyranitar
|-damage|p1a: Tyranitar|0 fnt
|faint|p1a: Tyranitar
|
|-weather|Sandstorm|[upkeep]
|-damage|p2a: DA WALL|0 fnt|[from] Sandstorm
|faint|p2a: DA WALL
|upkeep
|
|t:|1769384219
|switch|p1a: Gholdengo|Gholdengo|100/100
|switch|p2a: Family|Maushold|100/100
|-damage|p2a: Family|88/100|[from] Stealth Rock
|-item|p1a: Gholdengo|Air Balloon
|turn|5
|inactive|shartlyfe100 has 120 seconds left.
|
|t:|1769384225
|move|p2a: Family|Tidy Up|p2a: Family
|-sideend|p2: dragonyuk|Stealth Rock
|-activate|p2a: Family|move: Tidy Up
|-boost|p2a: Family|atk|1
|-boost|p2a: Family|spe|1
|move|p1a: Gholdengo|Thunder Wave|p2a: Family
|-status|p2a: Family|par
|
|-weather|Sandstorm|[upkeep]
|-damage|p2a: Family|82/100 par|[from] Sandstorm
|upkeep
|turn|6
|
|t:|1769384234
|move|p2a: Family|Bite|p1a: Gholdengo
|-supereffective|p1a: Gholdengo
|-crit|p1a: Gholdengo
|-damage|p1a: Gholdengo|34/100
|-enditem|p1a: Gholdengo|Air Balloon
|cant|p1a: Gholdengo|flinch
|
|-weather|none
|upkeep
|turn|7
|
|t:|1769384242
|switch|p1a: Zamazenta|Zamazenta|100/100
|-ability|p1a: Zamazenta|Dauntless Shield|boost
|-boost|p1a: Zamazenta|def|1
|move|p2a: Family|Bite|p1a: Zamazenta
|-resisted|p1a: Zamazenta
|-damage|p1a: Zamazenta|90/100
|
|upkeep
|turn|8
|
|t:|1769384255
|switch|p2a: FEAR ME|Psyduck, M|100/100
|move|p1a: Zamazenta|Close Combat|p2a: FEAR ME
|-immune|p2a: FEAR ME
|
|upkeep
|turn|9
|
|t:|1769384266
|move|p1a: Zamazenta|Crunch|p2a: FEAR ME
|-supereffective|p2a: FEAR ME
|-damage|p2a: FEAR ME|0 fnt
|replace|p2a: Bark bark|Zoroark-Hisui, F
|-end|p2a: Bark bark|Illusion
|faint|p2a: Bark bark
|
|upkeep
|
|t:|1769384269
|switch|p2a: FEAR ME|Psyduck, M|100/100
|-ability|p2a: FEAR ME|Cloud Nine
|turn|10
|
|t:|1769384282
|move|p1a: Zamazenta|Close Combat|p2a: FEAR ME
|-enditem|p2a: FEAR ME|Focus Sash
|-damage|p2a: FEAR ME|1/100
|-unboost|p1a: Zamazenta|def|1
|-unboost|p1a: Zamazenta|spd|1
|move|p2a: FEAR ME|Endeavor|p1a: Zamazenta
|-damage|p1a: Zamazenta|1/100
|
|upkeep
|turn|11
|
|t:|1769384296
|switch|p1a: Gholdengo|Gholdengo|34/100
|move|p2a: FEAR ME|Vacuum Wave|p1a: Gholdengo
|-immune|p1a: Gholdengo
|
|upkeep
|turn|12
|
|t:|1769384302
|move|p1a: Gholdengo|Recover|p1a: Gholdengo
|-heal|p1a: Gholdengo|84/100
|move|p2a: FEAR ME|Knock Off|p1a: Gholdengo
|-supereffective|p1a: Gholdengo
|-damage|p1a: Gholdengo|70/100
|
|upkeep
|turn|13
|
|t:|1769384309
|move|p1a: Gholdengo|Hex|p2a: FEAR ME
|-damage|p2a: FEAR ME|0 fnt
|faint|p2a: FEAR ME
|
|upkeep
|
|t:|1769384312
|switch|p2a: Family|Maushold|82/100 par
|turn|14
|
|t:|1769384315
|move|p1a: Gholdengo|Make It Rain|p2a: Family
|-damage|p2a: Family|6/100 par
|-unboost|p1a: Gholdengo|spa|1
|move|p2a: Family|Tidy Up|p2a: Family
|-boost|p2a: Family|atk|1
|-boost|p2a: Family|spe|1
|
|upkeep
|turn|15
|
|t:|1769384324
|move|p2a: Family|Bite|p1a: Gholdengo
|-supereffective|p1a: Gholdengo
|-damage|p1a: Gholdengo|28/100
|move|p1a: Gholdengo|Recover|p1a: Gholdengo
|-heal|p1a: Gholdengo|78/100
|
|upkeep
|turn|16
|
|t:|1769384329
|move|p2a: Family|Bite|p1a: Gholdengo
|-supereffective|p1a: Gholdengo
|-damage|p1a: Gholdengo|29/100
|move|p1a: Gholdengo|Recover|p1a: Gholdengo
|-heal|p1a: Gholdengo|80/100
|
|upkeep
|turn|17
|
|t:|1769384334
|cant|p2a: Family|par
|move|p1a: Gholdengo|Recover|p1a: Gholdengo
|-heal|p1a: Gholdengo|100/100
|
|upkeep
|turn|18
|
|t:|1769384340
|move|p2a: Family|Bite|p1a: Gholdengo
|-supereffective|p1a: Gholdengo
|-damage|p1a: Gholdengo|58/100
|move|p1a: Gholdengo|Make It Rain|p2a: Family
|-damage|p2a: Family|0 fnt
|-unboost|p1a: Gholdengo|spa|1
|faint|p2a: Family
|
|upkeep
|
|t:|1769384343
|switch|p2a: DA GOAT|Magneton, shiny|100/100
|turn|19
|-message|dragonyuk forfeited.
|
|win|shartlyfe100
|raw|shartlyfe100's rating: 1326 &rarr; <strong>1343</strong><br />(+17 for winning)
|raw|dragonyuk's rating: 1278 &rarr; <strong>1256</strong><br />(-22 for losing)
|l|☆dragonyuk
|player|p2|
|l|☆shartlyfe100
|player|p1|
