|j|☆maxmoefoe pokemon
|j|☆Davetron3030
|t:|1769354544
|gametype|singles
|player|p1|maxmoefoe pokemon|266|1667
|player|p2|Davetron3030|dancer|1657
|gen|9
|tier|[Gen 9] OU
|rated|
|rule|HP Percentage Mod: HP is shown in percentages
|rule|Endless Battle Clause: Forcing endless battles is banned
|rule|Species Clause: Limit one of each Pokémon
|rule|OHKO Clause: OHKO moves are banned
|rule|Evasion Items Clause: Evasion items are banned
|rule|Evasion Moves Clause: Evasion moves are banned
|rule|Evasion Abilities Clause: Evasion abilities are banned
|rule|Sleep Moves Clause: Sleep-inducing moves are banned
|clearpoke
|poke|p1|Enamorus, F|
|poke|p1|Iron Moth|
|poke|p1|Landorus-Therian, M|
|poke|p1|Kingambit, F|
|poke|p1|Ogerpon-Wellspring, F|
|poke|p1|Deoxys-Speed|
|poke|p2|Garchomp, F|
|poke|p2|Gholdengo|
|poke|p2|Iron Crown|
|poke|p2|Iron Valiant|
|poke|p2|Ogerpon-Cornerstone, F|
|poke|p2|Zapdos-Galar|
|teampreview
|
|t:|1769354558
|teamsize|p1|6
|teamsize|p2|6
|start
|switch|p1a: Deoxys|Deoxys-Speed|100/100
|switch|p2a: Zapdos|Zapdos-Galar|100/100
|-ability|p1a: Deoxys|Pressure
|turn|1
|
|t:|1769354565
|move|p2a: Zapdos|U-turn|p1a: Deoxys
|-supereffective|p1a: Deoxys
|-damage|p1a: Deoxys|28/100
|
|t:|1769354570
|switch|p2a: Gholdengo|Gholdengo|100/100|[from] U-turn
|move|p1a: Deoxys|Psycho Boost|p2a: Gholdengo
|-resisted|p2a: Gholdengo
|-damage|p2a: Gholdengo|65/100
|-unboost|p1a: Deoxys|spa|2
|-damage|p1a: Deoxys|18/100|[from] item: Life Orb
|
|-heal|p2a: Gholdengo|71/100|[from] item: Leftovers
|upkeep
|turn|2
|
|t:|1769354581
|move|p1a: Deoxys|Knock Off|p2a: Gholdengo
|-supereffective|p2a: Gholdengo
|-damage|p2a: Gholdengo|25/100
|-enditem|p2a: Gholdengo|Leftovers|[from] move: Knock Off|[of] p1a: Deoxys
|-damage|p1a: Deoxys|8/100|[from] item: Life Orb
|move|p2a: Gholdengo|Recover|p2a: Gholdengo
|-heal|p2a: Gholdengo|75/100
|
|upkeep
|turn|3
|
|t:|1769354591
|switch|p1a: Kingambit|Kingambit, F|100/100
|move|p2a: Gholdengo|Recover|p2a: Gholdengo
|-heal|p2a: Gholdengo|100/100
|
|upkeep
|turn|4
|
|t:|1769354598
|switch|p2a: Garchomp|Garchomp, F|100/100
|-end|p1a: Kingambit|fallenundefined|[silent]
|switch|p1a: Deoxys|Deoxys-Speed|8/100
|-ability|p1a: Deoxys|Pressure
|
|upkeep
|turn|5
|
|t:|1769354606
|switch|p2a: Gholdengo|Gholdengo|100/100
|move|p1a: Deoxys|Psycho Boost|p2a: Gholdengo
|-resisted|p2a: Gholdengo
|-damage|p2a: Gholdengo|64/100
|-unboost|p1a: Deoxys|spa|2
|-damage|p1a: Deoxys|0 fnt|[from] item: Life Orb
|faint|p1a: Deoxys
|
|upkeep
|
|t:|1769354616
|switch|p1a: Iron Moth|Iron Moth|100/100
|-enditem|p1a: Iron Moth|Booster Energy
|-activate|p1a: Iron Moth|ability: Quark Drive|[fromitem]
|-start|p1a: Iron Moth|quarkdrivespe
|turn|6
|
|t:|1769354622
|switch|p2a: Garchomp|Garchomp, F|100/100
|move|p1a: Iron Moth|Fiery Dance|p2a: Garchomp
|-resisted|p2a: Garchomp
|-damage|p2a: Garchomp|81/100
|-boost|p1a: Iron Moth|spa|1
|
|upkeep
|turn|7
|
|t:|1769354630
|move|p1a: Iron Moth|Substitute|p1a: Iron Moth
|-start|p1a: Iron Moth|Substitute
|-damage|p1a: Iron Moth|76/100
|move|p2a: Garchomp|Earthquake|p1a: Iron Moth
|-supereffective|p1a: Iron Moth
|-end|p1a: Iron Moth|Substitute
|
|upkeep
|turn|8
|
|t:|1769354639
|-terastallize|p1a: Iron Moth|Flying
|move|p1a: Iron Moth|Substitute|p1a: Iron Moth
|-start|p1a: Iron Moth|Substitute
|-damage|p1a: Iron Moth|51/100
|move|p2a: Garchomp|Stealth Rock|p1a: Iron Moth
|-sidestart|p1: maxmoefoe pokemon|move: Stealth Rock
|
|upkeep
|turn|9
|
|t:|1769354646
|move|p1a: Iron Moth|Psychic|p2a: Garchomp
|-damage|p2a: Garchomp|39/100
|move|p2a: Garchomp|Dragon Tail|p1a: Iron Moth
|-end|p1a: Iron Moth|Substitute
|
|upkeep
|turn|10
|
|t:|1769354654
|move|p1a: Iron Moth|Psychic|p2a: Garchomp
|-damage|p2a: Garchomp|0 fnt
|faint|p2a: Garchomp
|
|upkeep
|
|t:|1769354661
|switch|p2a: Ogerpon|Ogerpon-Cornerstone, F|100/100
|turn|11
|
|t:|1769354665
|move|p1a: Iron Moth|Substitute|p1a: Iron Moth
|-start|p1a: Iron Moth|Substitute
|-damage|p1a: Iron Moth|26/100
|move|p2a: Ogerpon|Ivy Cudgel|p1a: Iron Moth|[anim] Ivy Cudgel Rock
|-supereffective|p1a: Iron Moth
|-end|p1a: Iron Moth|Substitute
|
|upkeep
|turn|12
|
|t:|1769354672
|move|p1a: Iron Moth|Sludge Wave|p2a: Ogerpon
|-damage|p2a: Ogerpon|10/100
|move|p2a: Ogerpon|Ivy Cudgel|p1a: Iron Moth|[anim] Ivy Cudgel Rock
|-supereffective|p1a: Iron Moth
|-crit|p1a: Iron Moth
|-damage|p1a: Iron Moth|0 fnt
|faint|p1a: Iron Moth
|-end|p1a: Iron Moth|Quark Drive|[silent]
|
|upkeep
|
|t:|1769354678
|switch|p1a: Landorus|Landorus-Therian, M|100/100
|-damage|p1a: Landorus|88/100|[from] Stealth Rock
|-ability|p1a: Landorus|Intimidate|boost
|-unboost|p2a: Ogerpon|atk|1
|turn|13
|
|t:|1769354684
|move|p2a: Ogerpon|Spikes|p1a: Landorus
|-sidestart|p1: maxmoefoe pokemon|Spikes
|move|p1a: Landorus|Stealth Rock|p2a: Ogerpon
|-sidestart|p2: Davetron3030|move: Stealth Rock
|
|upkeep
|turn|14
|
|t:|1769354689
|move|p2a: Ogerpon|Spikes|p1a: Landorus
|-sidestart|p1: maxmoefoe pokemon|Spikes
|move|p1a: Landorus|Earth Power|p2a: Ogerpon
|-crit|p2a: Ogerpon
|-damage|p2a: Ogerpon|0 fnt
|faint|p2a: Ogerpon
|
|upkeep
|
|t:|1769354696
|switch|p2a: Iron Valiant|Iron Valiant|100/100
|-damage|p2a: Iron Valiant|94/100|[from] Stealth Rock
|turn|15
|
|t:|1769354701
|move|p2a: Iron Valiant|Moonblast|p1a: Landorus
|-damage|p1a: Landorus|13/100
|move|p1a: Landorus|Earth Power|p2a: Iron Valiant
|-damage|p2a: Iron Valiant|36/100
|
|upkeep
|turn|16
|
|t:|1769354708
|move|p2a: Iron Valiant|Moonblast|p1a: Landorus
|-damage|p1a: Landorus|0 fnt
|faint|p1a: Landorus
|
|upkeep
|
|t:|1769354712
|switch|p1a: Ogerpon|Ogerpon-Wellspring, F|100/100
|-damage|p1a: Ogerpon|88/100|[from] Stealth Rock
|-damage|p1a: Ogerpon|72/100|[from] Spikes
|turn|17
|
|t:|1769354718
|move|p2a: Iron Valiant|Moonblast|p1a: Ogerpon
|-damage|p1a: Ogerpon|0 fnt
|faint|p1a: Ogerpon
|
|upkeep
|
|t:|1769354722
|switch|p1a: Kingambit|Kingambit, F|100/100
|-damage|p1a: Kingambit|94/100|[from] Stealth Rock
|-damage|p1a: Kingambit|78/100|[from] Spikes
|-activate|p1a: Kingambit|ability: Supreme Overlord
|-start|p1a: Kingambit|fallen4|[silent]
|turn|18
|
|t:|1769354729
|-end|p2a: Iron Valiant|Quark Drive|[silent]
|switch|p2a: Gholdengo|Gholdengo|64/100
|-damage|p2a: Gholdengo|58/100|[from] Stealth Rock
|move|p1a: Kingambit|Sucker Punch||[still]
|-fail|p1a: Kingambit
|
|upkeep
|turn|19
|
|t:|1769354736
|move|p2a: Gholdengo|Thunder Wave|p1a: Kingambit
|-status|p1a: Kingambit|par
|cant|p1a: Kingambit|par
|
|upkeep
|turn|20
|
|t:|1769354742
|move|p2a: Gholdengo|Hex|p1a: Kingambit
|-resisted|p1a: Kingambit
|-damage|p1a: Kingambit|43/100 par
|move|p1a: Kingambit|Kowtow Cleave|p2a: Gholdengo
|-supereffective|p2a: Gholdengo
|-damage|p2a: Gholdengo|0 fnt
|faint|p2a: Gholdengo
|
|upkeep
|
|t:|1769354752
|switch|p2a: Iron Valiant|Iron Valiant|36/100
|-damage|p2a: Iron Valiant|30/100|[from] Stealth Rock
|turn|21
|
|t:|1769354755
|move|p2a: Iron Valiant|Vacuum Wave|p1a: Kingambit
|-supereffective|p1a: Kingambit
|-damage|p1a: Kingambit|0 fnt
|faint|p1a: Kingambit
|-end|p1a: Kingambit|fallen4|[silent]
|
|upkeep
|
|t:|1769354758
|switch|p1a: Enamorus|Enamorus, F|100/100
|-damage|p1a: Enamorus|76/100|[from] Stealth Rock
|turn|22
|
|t:|1769354766
|move|p2a: Iron Valiant|Vacuum Wave|p1a: Enamorus
|-resisted|p1a: Enamorus
|-damage|p1a: Enamorus|65/100
|move|p1a: Enamorus|Superpower|p2a: Iron Valiant
|-resisted|p2a: Iron Valiant
|-damage|p2a: Iron Valiant|6/100
|-boost|p1a: Enamorus|atk|1
|-boost|p1a: Enamorus|def|1
|
|-heal|p1a: Enamorus|71/100|[from] item: Leftovers
|upkeep
|turn|23
|
|t:|1769354786
|move|p2a: Iron Valiant|Vacuum Wave|p1a: Enamorus
|-resisted|p1a: Enamorus
|-damage|p1a: Enamorus|60/100
|move|p1a: Enamorus|Substitute|p1a: Enamorus
|-start|p1a: Enamorus|Substitute
|-damage|p1a: Enamorus|36/100
|
|-heal|p1a: Enamorus|42/100|[from] item: Leftovers
|upkeep
|turn|24
|
|t:|1769354794
|-end|p2a: Iron Valiant|Quark Drive|[silent]
|switch|p2a: Zapdos|Zapdos-Galar|100/100
|-damage|p2a: Zapdos|88/100|[from] Stealth Rock
|move|p1a: Enamorus|Superpower|p2a: Zapdos
|-resisted|p2a: Zapdos
|-crit|p2a: Zapdos
|-damage|p2a: Zapdos|39/100
|-boost|p1a: Enamorus|atk|1
|-boost|p1a: Enamorus|def|1
|
|-heal|p1a: Enamorus|48/100|[from] item: Leftovers
|upkeep
|turn|25
|
|t:|1769354807
|move|p2a: Zapdos|Brave Bird|p1a: Enamorus
|-end|p1a: Enamorus|Substitute
|-damage|p2a: Zapdos|31/100|[from] Recoil|[of] p1a: Enamorus
|move|p1a: Enamorus|Superpower|p2a: Zapdos
|-resisted|p2a: Zapdos
|-damage|p2a: Zapdos|0 fnt
|-boost|p1a: Enamorus|atk|1
|-boost|p1a: Enamorus|def|1
|faint|p2a: Zapdos
|
|-heal|p1a: Enamorus|54/100|[from] item: Leftovers
|upkeep
|
|t:|1769354819
|switch|p2a: Iron Crown|Iron Crown|100/100
|-damage|p2a: Iron Crown|94/100|[from] Stealth Rock
|turn|26
|
|t:|1769354824
|-terastallize|p2a: Iron Crown|Fairy
|move|p1a: Enamorus|Superpower|p2a: Iron Crown
|-resisted|p2a: Iron Crown
|-damage|p2a: Iron Crown|49/100
|-boost|p1a: Enamorus|atk|1
|-boost|p1a: Enamorus|def|1
|move|p2a: Iron Crown|Tachyon Cutter|p1a: Enamorus
|-supereffective|p1a: Enamorus
|-damage|p1a: Enamorus|0 fnt
|faint|p1a: Enamorus
|-hitcount|p1: Enamorus|1
|
|win|Davetron3030
|raw|maxmoefoe pokemon's rating: 1667 &rarr; <strong>1646</strong><br />(-21 for losing)
|raw|Davetron3030's rating: 1657 &rarr; <strong>1678</strong><br />(+21 for winning)
|l|☆maxmoefoe pokemon
|player|p1|
|l|☆Davetron3030
|player|p2|
|j|☆Davetron3030
|player|p2|Davetron3030|dancer|
|l|☆Davetron3030
|player|p2|
