|j|☆sr lightie
|j|☆Cynl1ght
|t:|1769348021
|gametype|singles
|player|p1|sr lightie|blue|1330
|player|p2|Cynl1ght|cynthia-gen4|1338
|gen|9
|tier|[Gen 9] OU
|rated|
|rule|HP Percentage Mod: HP is shown in percentages
|rule|Endless Battle Clause: Forcing endless battles is banned
|rule|Species Clause: Limit one of each Pokémon
|rule|OHKO Clause: OHKO moves are banned
|rule|Evasion Items Clause: Evasion items are banned
|rule|Evasion Moves Clause: Evasion moves are banned
|rule|Evasion Abilities Clause: Evasion abilities are banned
|rule|Sleep Moves Clause: Sleep-inducing moves are banned
|clearpoke
|poke|p1|Umbreon, M|
|poke|p1|Ceruledge, M|
|poke|p1|Grimmsnarl, M|
|poke|p1|Farigiraf, M|
|poke|p1|Avalugg, F|
|poke|p1|Charizard, M|
|poke|p2|Primarina, F|
|poke|p2|Great Tusk|
|poke|p2|Kingambit, F|
|poke|p2|Slowking-Galar, F|
|poke|p2|Ogerpon, F|
|poke|p2|Rotom-Heat|
|teampreview
|inactive|Battle timer is ON: inactive players will automatically lose when time's up. (requested by sr lightie)
|
|t:|1769348043
|teamsize|p1|6
|teamsize|p2|6
|start
|switch|p1a: Grimmsnarl|Grimmsnarl, M, shiny|100/100
|switch|p2a: Slowking|Slowking-Galar, F, shiny|100/100
|turn|1
|
|t:|1769348048
|move|p1a: Grimmsnarl|Light Screen|p1a: Grimmsnarl
|-sidestart|p1: sr lightie|move: Light Screen
|move|p2a: Slowking|Sludge Bomb|p1a: Grimmsnarl
|-supereffective|p1a: Grimmsnarl
|-damage|p1a: Grimmsnarl|70/100
|
|upkeep
|turn|2
|
|t:|1769348053
|move|p1a: Grimmsnarl|Reflect|p1a: Grimmsnarl
|-sidestart|p1: sr lightie|Reflect
|move|p2a: Slowking|Sludge Bomb|p1a: Grimmsnarl
|-supereffective|p1a: Grimmsnarl
|-damage|p1a: Grimmsnarl|39/100
|
|upkeep
|turn|3
|
|t:|1769348063
|move|p1a: Grimmsnarl|Spirit Break|p2a: Slowking
|-resisted|p2a: Slowking
|-damage|p2a: Slowking|88/100
|-unboost|p2a: Slowking|spa|1
|move|p2a: Slowking|Sludge Bomb|p1a: Grimmsnarl
|-supereffective|p1a: Grimmsnarl
|-damage|p1a: Grimmsnarl|16/100
|
|upkeep
|turn|4
|
|t:|1769348071
|switch|p1a: Charizard|Charizard, M|100/100
|move|p2a: Slowking|Psychic Noise|p1a: Charizard
|-damage|p1a: Charizard|90/100
|-start|p1a: Charizard|move: Heal Block
|
|upkeep
|turn|5
|
|t:|1769348080
|switch|p2a: Rotom|Rotom-Heat|100/100
|move|p1a: Charizard|Dragon Dance|p1a: Charizard
|-boost|p1a: Charizard|atk|1
|-boost|p1a: Charizard|spe|1
|
|-end|p1a: Charizard|move: Heal Block
|upkeep
|turn|6
|
|t:|1769348086
|move|p2a: Rotom|Thunderbolt|p1a: Charizard
|-supereffective|p1a: Charizard
|-damage|p1a: Charizard|42/100
|move|p1a: Charizard|Flare Blitz|p2a: Rotom
|-resisted|p2a: Rotom
|-damage|p2a: Rotom|49/100
|-damage|p1a: Charizard|30/100|[from] Recoil
|
|upkeep
|turn|7
|
|t:|1769348096
|switch|p1a: Lightie|Umbreon, M, shiny|100/100
|move|p2a: Rotom|Thunderbolt|p1a: Lightie
|-damage|p1a: Lightie|87/100
|
|upkeep
|turn|8
|
|t:|1769348103
|switch|p2a: Slowking|Slowking-Galar, F, shiny|100/100
|switch|p1a: Charizard|Charizard, M|30/100
|
|-sideend|p1: sr lightie|move: Light Screen
|upkeep
|turn|9
|
|t:|1769348110
|move|p1a: Charizard|Flare Blitz|p2a: Slowking
|-damage|p2a: Slowking|41/100
|-damage|p1a: Charizard|7/100|[from] Recoil
|move|p2a: Slowking|Sludge Bomb|p1a: Charizard
|-damage|p1a: Charizard|0 fnt
|faint|p1a: Charizard
|
|-sideend|p1: sr lightie|Reflect
|upkeep
|
|t:|1769348116
|switch|p1a: Ceruledge|Ceruledge, M|100/100
|turn|10
|
|t:|1769348124
|move|p1a: Ceruledge|Bulk Up|p1a: Ceruledge
|-boost|p1a: Ceruledge|atk|1
|-boost|p1a: Ceruledge|def|1
|move|p2a: Slowking|Sludge Bomb|p1a: Ceruledge
|-resisted|p1a: Ceruledge
|-damage|p1a: Ceruledge|85/100
|
|upkeep
|turn|11
|
|t:|1769348132
|move|p1a: Ceruledge|Bitter Blade|p2a: Slowking
|-damage|p2a: Slowking|0 fnt
|-heal|p1a: Ceruledge|100/100|[from] drain|[of] p2a: Slowking
|faint|p2a: Slowking
|
|upkeep
|
|t:|1769348139
|switch|p2a: Primarina|Primarina, F, shiny|100/100
|turn|12
|
|t:|1769348151
|move|p2a: Primarina|Psychic Noise|p1a: Ceruledge
|-supereffective|p1a: Ceruledge
|-damage|p1a: Ceruledge|24/100
|-start|p1a: Ceruledge|move: Heal Block
|-enditem|p1a: Ceruledge|Weakness Policy
|-boost|p1a: Ceruledge|atk|2|[from] item: Weakness Policy
|-boost|p1a: Ceruledge|spa|2|[from] item: Weakness Policy
|cant|p1a: Ceruledge|move: Heal Block|Bitter Blade
|
|upkeep
|turn|13
|
|t:|1769348160
|move|p1a: Ceruledge|Shadow Sneak|p2a: Primarina
|-damage|p2a: Primarina|20/100
|move|p2a: Primarina|Whirlpool|p1a: Ceruledge
|-supereffective|p1a: Ceruledge
|-damage|p1a: Ceruledge|0 fnt
|faint|p1a: Ceruledge
|
|-heal|p2a: Primarina|26/100|[from] item: Leftovers
|upkeep
|
|t:|1769348166
|switch|p1a: Farigiraf|Farigiraf, M|100/100
|turn|14
|inactive|Cynl1ght has 120 seconds left.
|
|t:|1769348201
|move|p2a: Primarina|Moonblast|p1a: Farigiraf
|-damage|p1a: Farigiraf|45/100
|move|p1a: Farigiraf|Twin Beam|p2a: Primarina
|-damage|p2a: Primarina|5/100
|-damage|p2a: Primarina|0 fnt
|faint|p2a: Primarina
|-hitcount|p2: Primarina|2
|
|upkeep
|inactive|Cynl1ght has 120 seconds left.
|
|t:|1769348215
|switch|p2a: Rotom|Rotom-Heat|49/100
|turn|15
|inactive|Cynl1ght has 120 seconds left.
|
|t:|1769348222
|move|p2a: Rotom|Thunderbolt|p1a: Farigiraf
|-damage|p1a: Farigiraf|6/100
|-status|p1a: Farigiraf|par
|move|p1a: Farigiraf|Trick Room|p1a: Farigiraf
|-fieldstart|move: Trick Room|[of] p1a: Farigiraf
|
|upkeep
|turn|16
|
|t:|1769348228
|move|p1a: Farigiraf|Endeavor|p2a: Rotom
|-damage|p2a: Rotom|10/100
|move|p2a: Rotom|Thunderbolt|p1a: Farigiraf
|-damage|p1a: Farigiraf|0 fnt
|faint|p1a: Farigiraf
|
|upkeep
|
|t:|1769348238
|switch|p1a: Grimmsnarl|Grimmsnarl, M, shiny|16/100
|turn|17
|
|t:|1769348241
|move|p1a: Grimmsnarl|Spirit Break|p2a: Rotom
|-resisted|p2a: Rotom
|-damage|p2a: Rotom|0 fnt
|faint|p2a: Rotom
|
|upkeep
|
|t:|1769348259
|switch|p2a: Kingambit|Kingambit, F, shiny|100/100
|-activate|p2a: Kingambit|ability: Supreme Overlord
|-start|p2a: Kingambit|fallen3|[silent]
|turn|18
|
|t:|1769348272
|move|p1a: Grimmsnarl|Reflect|p1a: Grimmsnarl
|-sidestart|p1: sr lightie|Reflect
|move|p2a: Kingambit|Iron Head|p1a: Grimmsnarl
|-supereffective|p1a: Grimmsnarl
|-damage|p1a: Grimmsnarl|0 fnt
|faint|p1a: Grimmsnarl
|
|upkeep
|
|t:|1769348276
|switch|p1a: Avalugg|Avalugg, F|100/100
|turn|19
|
|t:|1769348288
|-terastallize|p2a: Kingambit|Ghost
|move|p1a: Avalugg|Body Press|p2a: Kingambit
|-immune|p2a: Kingambit
|move|p2a: Kingambit|Swords Dance|p2a: Kingambit
|-boost|p2a: Kingambit|atk|2
|
|-fieldend|move: Trick Room
|upkeep
|turn|20
|
|t:|1769348298
|move|p2a: Kingambit|Iron Head|p1a: Avalugg
|-supereffective|p1a: Avalugg
|-damage|p1a: Avalugg|54/100
|move|p1a: Avalugg|Ice Spinner|p2a: Kingambit
|-damage|p2a: Kingambit|79/100
|
|-heal|p2a: Kingambit|85/100|[from] item: Leftovers
|upkeep
|turn|21
|c|☆sr lightie|gen 9 be like: play better, lose for kingambit
|
|t:|1769348316
|move|p2a: Kingambit|Iron Head|p1a: Avalugg
|-supereffective|p1a: Avalugg
|-damage|p1a: Avalugg|6/100
|cant|p1a: Avalugg|flinch
|
|-heal|p2a: Kingambit|91/100|[from] item: Leftovers
|upkeep
|turn|22
|
|t:|1769348324
|move|p2a: Kingambit|Swords Dance|p2a: Kingambit
|-boost|p2a: Kingambit|atk|2
|move|p1a: Avalugg|Ice Spinner|p2a: Kingambit
|-crit|p2a: Kingambit
|-damage|p2a: Kingambit|56/100
|
|-heal|p2a: Kingambit|62/100|[from] item: Leftovers
|upkeep
|turn|23
|
|t:|1769348333
|move|p2a: Kingambit|Swords Dance|p2a: Kingambit
|-boost|p2a: Kingambit|atk|2
|move|p1a: Avalugg|Ice Spinner|p2a: Kingambit
|-damage|p2a: Kingambit|41/100
|
|-heal|p2a: Kingambit|48/100|[from] item: Leftovers
|upkeep
|turn|24
|
|t:|1769348343
|move|p2a: Kingambit|Iron Head|p1a: Avalugg
|-supereffective|p1a: Avalugg
|-damage|p1a: Avalugg|0 fnt
|faint|p1a: Avalugg
|
|-heal|p2a: Kingambit|54/100|[from] item: Leftovers
|upkeep
|
|t:|1769348345
|switch|p1a: Lightie|Umbreon, M, shiny|87/100
|turn|25
|
|t:|1769348348
|move|p2a: Kingambit|Sucker Punch|p1a: Lightie
|-resisted|p1a: Lightie
|-damage|p1a: Lightie|46/100
|move|p1a: Lightie|Dark Pulse|p2a: Kingambit
|-supereffective|p2a: Kingambit
|-damage|p2a: Kingambit|9/100
|
|-heal|p2a: Kingambit|15/100|[from] item: Leftovers
|-sideend|p1: sr lightie|Reflect
|upkeep
|turn|26
|
|t:|1769348360
|move|p1a: Lightie|Dark Pulse|p2a: Kingambit
|-supereffective|p2a: Kingambit
|-damage|p2a: Kingambit|0 fnt
|faint|p2a: Kingambit
|-end|p2a: Kingambit|fallen3|[silent]
|
|upkeep
|
|t:|1769348364
|switch|p2a: Ogerpon|Ogerpon, F|100/100
|turn|27
|
|t:|1769348368
|-terastallize|p1a: Lightie|Fairy
|move|p2a: Ogerpon|Ivy Cudgel|p1a: Lightie
|-damage|p1a: Lightie|0 fnt
|faint|p1a: Lightie
|
|win|Cynl1ght
|raw|sr lightie's rating: 1330 &rarr; <strong>1310</strong><br />(-20 for losing)
|raw|Cynl1ght's rating: 1338 &rarr; <strong>1358</strong><br />(+20 for winning)
|l|☆sr lightie
|player|p1|
|l|☆Cynl1ght
|player|p2|
