|j|☆zenkijooj
|j|☆JakCK
|t:|1769356926
|gametype|singles
|player|p1|zenkijooj|rosa|1315
|player|p2|JakCK|emmet|1316
|gen|9
|tier|[Gen 9] OU
|rated|
|rule|HP Percentage Mod: HP is shown in percentages
|rule|Endless Battle Clause: Forcing endless battles is banned
|rule|Species Clause: Limit one of each Pokémon
|rule|OHKO Clause: OHKO moves are banned
|rule|Evasion Items Clause: Evasion items are banned
|rule|Evasion Moves Clause: Evasion moves are banned
|rule|Evasion Abilities Clause: Evasion abilities are banned
|rule|Sleep Moves Clause: Sleep-inducing moves are banned
|clearpoke
|poke|p1|Corviknight, F|
|poke|p1|Blissey, F|
|poke|p1|Zapdos|
|poke|p1|Garchomp, M|
|poke|p1|Meowscarada, F|
|poke|p1|Ninetales-Alola, M|
|poke|p2|Ninetales, M|
|poke|p2|Cresselia, F|
|poke|p2|Raging Bolt|
|poke|p2|Iron Moth|
|poke|p2|Great Tusk|
|poke|p2|Walking Wake|
|teampreview
|
|t:|1769356944
|teamsize|p1|6
|teamsize|p2|6
|start
|switch|p1a: Garchomp|Garchomp, M|100/100
|switch|p2a: Ninetales|Ninetales, M|100/100
|-weather|SunnyDay|[from] ability: Drought|[of] p2a: Ninetales
|turn|1
|
|t:|1769356989
|switch|p2a: Cresselia|Cresselia, F|100/100
|move|p1a: Garchomp|Earthquake|p2a: Cresselia
|-immune|p2a: Cresselia|[from] ability: Levitate
|
|-weather|SunnyDay|[upkeep]
|upkeep
|turn|2
|
|t:|1769357022
|switch|p1a: Corviknight|Corviknight, F|100/100
|switch|p2a: Iron Moth|Iron Moth|100/100
|-enditem|p2a: Iron Moth|Booster Energy
|-activate|p2a: Iron Moth|ability: Quark Drive|[fromitem]
|-start|p2a: Iron Moth|quarkdrivespe
|
|-weather|SunnyDay|[upkeep]
|upkeep
|turn|3
|inactive|Battle timer is ON: inactive players will automatically lose when time's up. (requested by zenkijooj)
|
|t:|1769357054
|switch|p1a: Blissey|Blissey, F|100/100
|move|p2a: Iron Moth|Fiery Dance|p1a: Blissey
|-damage|p1a: Blissey|77/100
|-boost|p2a: Iron Moth|spa|1
|
|-weather|SunnyDay|[upkeep]
|-heal|p1a: Blissey|83/100|[from] item: Leftovers
|upkeep
|turn|4
|
|t:|1769357064
|move|p2a: Iron Moth|Fiery Dance|p1a: Blissey
|-damage|p1a: Blissey|48/100
|-boost|p2a: Iron Moth|spa|1
|move|p1a: Blissey|Seismic Toss|p2a: Iron Moth
|-damage|p2a: Iron Moth|68/100
|
|-weather|SunnyDay|[upkeep]
|-heal|p1a: Blissey|54/100|[from] item: Leftovers
|upkeep
|turn|5
|
|t:|1769357073
|move|p2a: Iron Moth|Sludge Wave|p1a: Blissey
|-damage|p1a: Blissey|20/100
|move|p1a: Blissey|Thunder Wave|p2a: Iron Moth
|-status|p2a: Iron Moth|par
|
|-weather|SunnyDay|[upkeep]
|-heal|p1a: Blissey|26/100|[from] item: Leftovers
|upkeep
|turn|6
|
|t:|1769357088
|move|p2a: Iron Moth|Fiery Dance|p1a: Blissey
|-damage|p1a: Blissey|0 fnt
|-boost|p2a: Iron Moth|spa|1
|faint|p1a: Blissey
|
|-weather|SunnyDay|[upkeep]
|upkeep
|inactive|zenkijooj has 120 seconds left.
|
|t:|1769357121
|switch|p1a: Garchomp|Garchomp, M|100/100
|turn|7
|inactive|JakCK has 120 seconds left.
|
|t:|1769357152
|move|p1a: Garchomp|Earthquake|p2a: Iron Moth
|-supereffective|p2a: Iron Moth
|-damage|p2a: Iron Moth|0 fnt
|faint|p2a: Iron Moth
|-end|p2a: Iron Moth|Quark Drive|[silent]
|
|-weather|SunnyDay|[upkeep]
|upkeep
|inactive|JakCK has 120 seconds left.
|
|t:|1769357171
|switch|p2a: Cresselia|Cresselia, F|100/100
|turn|8
|inactive|zenkijooj has 120 seconds left.
|
|t:|1769357195
|move|p1a: Garchomp|Swords Dance|p1a: Garchomp
|-boost|p1a: Garchomp|atk|2
|move|p2a: Cresselia|Ice Beam|p1a: Garchomp
|-supereffective|p1a: Garchomp
|-damage|p1a: Garchomp|32/100
|
|-weather|none
|upkeep
|turn|9
|inactive|JakCK has 120 seconds left.
|
|t:|1769357212
|-terastallize|p1a: Garchomp|Fire
|move|p1a: Garchomp|Scale Shot|p2a: Cresselia
|-damage|p2a: Cresselia|86/100
|-damage|p2a: Cresselia|73/100
|-damage|p2a: Cresselia|60/100
|-damage|p2a: Cresselia|46/100
|-hitcount|p2a: Cresselia|4
|-enditem|p2a: Cresselia|Eject Button
|-unboost|p1a: Garchomp|def|1
|-boost|p1a: Garchomp|spe|1
|inactive|JakCK has 120 seconds left.
|
|t:|1769357230
|switch|p2a: Great Tusk|Great Tusk|100/100
|
|upkeep
|turn|10
|
|t:|1769357243
|move|p1a: Garchomp|Scale Shot|p2a: Great Tusk
|-damage|p2a: Great Tusk|84/100
|-damage|p2a: Great Tusk|66/100
|-damage|p2a: Great Tusk|50/100
|-damage|p2a: Great Tusk|33/100
|-hitcount|p2a: Great Tusk|4
|-unboost|p1a: Garchomp|def|1
|-boost|p1a: Garchomp|spe|1
|move|p2a: Great Tusk|Head Smash|p1a: Garchomp
|-supereffective|p1a: Garchomp
|-damage|p1a: Garchomp|0 fnt
|-damage|p2a: Great Tusk|21/100|[from] ability: Rough Skin|[of] p1a: Garchomp
|faint|p1a: Garchomp
|-damage|p2a: Great Tusk|7/100|[from] Recoil
|
|upkeep
|inactive|zenkijooj has 90 seconds left.
|
|t:|1769357264
|switch|p1a: Zapdos|Zapdos|100/100
|turn|11
|inactive|JakCK has 120 seconds left.
|
|t:|1769357289
|-end|p2a: Great Tusk|Protosynthesis|[silent]
|switch|p2a: Ninetales|Ninetales, M|100/100
|-weather|SunnyDay|[from] ability: Drought|[of] p2a: Ninetales
|move|p1a: Zapdos|Weather Ball|p2a: Ninetales
|-resisted|p2a: Ninetales
|-damage|p2a: Ninetales|76/100
|
|-weather|SunnyDay|[upkeep]
|upkeep
|turn|12
|
|t:|1769357311
|move|p2a: Ninetales|Overheat|p1a: Zapdos
|-damage|p1a: Zapdos|38/100
|-unboost|p2a: Ninetales|spa|2
|move|p1a: Zapdos|Volt Switch|p2a: Ninetales
|-damage|p2a: Ninetales|43/100
|
|t:|1769357315
|switch|p1a: Ninetales|Ninetales-Alola, M|100/100|[from] Volt Switch
|-weather|Snowscape|[from] ability: Snow Warning|[of] p1a: Ninetales
|
|-weather|Snowscape|[upkeep]
|upkeep
|turn|13
|inactive|JakCK has 90 seconds left.
|
|t:|1769357346
|switch|p2a: Cresselia|Cresselia, F|46/100
|move|p1a: Ninetales|Aurora Veil|p1a: Ninetales
|-sidestart|p1: zenkijooj|move: Aurora Veil
|
|-weather|Snowscape|[upkeep]
|upkeep
|turn|14
|inactive|JakCK has 90 seconds left.
|inactive|zenkijooj has 90 seconds left.
|
|t:|1769357379
|move|p1a: Ninetales|Calm Mind|p1a: Ninetales
|-boost|p1a: Ninetales|spa|1
|-boost|p1a: Ninetales|spd|1
|move|p2a: Cresselia|Moonlight|p2a: Cresselia
|-heal|p2a: Cresselia|71/100
|
|-weather|Snowscape|[upkeep]
|upkeep
|turn|15
|inactive|JakCK has 90 seconds left.
|
|t:|1769357391
|move|p1a: Ninetales|Calm Mind|p1a: Ninetales
|-boost|p1a: Ninetales|spa|1
|-boost|p1a: Ninetales|spd|1
|move|p2a: Cresselia|Thunder Wave|p1a: Ninetales
|-status|p1a: Ninetales|par
|
|-weather|Snowscape|[upkeep]
|upkeep
|turn|16
|inactive|JakCK has 90 seconds left.
|
|t:|1769357407
|switch|p2a: Ninetales|Ninetales, M|43/100
|-weather|SunnyDay|[from] ability: Drought|[of] p2a: Ninetales
|move|p1a: Ninetales|Moonblast|p2a: Ninetales
|-resisted|p2a: Ninetales
|-damage|p2a: Ninetales|11/100
|-unboost|p2a: Ninetales|spa|1
|
|-weather|SunnyDay|[upkeep]
|upkeep
|turn|17
|inactive|zenkijooj has 90 seconds left.
|
|t:|1769357431
|move|p2a: Ninetales|Encore|p1a: Ninetales
|-start|p1a: Ninetales|Encore
|cant|p1a: Ninetales|par
|
|-weather|SunnyDay|[upkeep]
|upkeep
|turn|18
|inactive|JakCK has 60 seconds left.
|
|t:|1769357474
|switch|p2a: Cresselia|Cresselia, F|71/100
|cant|p1a: Ninetales|par
|
|-weather|SunnyDay|[upkeep]
|upkeep
|turn|19
|
|t:|1769357490
|switch|p2a: Raging Bolt|Raging Bolt|100/100
|-activate|p2a: Raging Bolt|ability: Protosynthesis
|-start|p2a: Raging Bolt|protosynthesisspa
|move|p1a: Ninetales|Moonblast|p2a: Raging Bolt
|-supereffective|p2a: Raging Bolt
|-damage|p2a: Raging Bolt|0 fnt
|faint|p2a: Raging Bolt
|-end|p2a: Raging Bolt|Protosynthesis|[silent]
|
|-weather|SunnyDay|[upkeep]
|-end|p1a: Ninetales|Encore
|upkeep
|
|t:|1769357503
|switch|p2a: Walking Wake|Walking Wake|100/100
|-activate|p2a: Walking Wake|ability: Protosynthesis
|-start|p2a: Walking Wake|protosynthesisspa
|turn|20
|inactive|JakCK has 30 seconds left.
|
|t:|1769357535
|move|p2a: Walking Wake|Weather Ball|p1a: Ninetales
|-supereffective|p1a: Ninetales
|-damage|p1a: Ninetales|39/100 par
|move|p1a: Ninetales|Freeze-Dry|p2a: Walking Wake
|-supereffective|p2a: Walking Wake
|-damage|p2a: Walking Wake|0 fnt
|faint|p2a: Walking Wake
|-end|p2a: Walking Wake|Protosynthesis|[silent]
|
|-weather|SunnyDay|[upkeep]
|-sideend|p1: zenkijooj|move: Aurora Veil
|upkeep
|inactive|JakCK has 30 seconds left this turn.
|inactive|JakCK has 20 seconds left.
|
|t:|1769357549
|switch|p2a: Ninetales|Ninetales, M|11/100
|turn|21
|inactive|JakCK has 30 seconds left this turn.
|inactive|zenkijooj has 90 seconds left.
|inactive|zenkijooj has 60 seconds left.
|
|t:|1769357629
|switch|p1a: Zapdos|Zapdos|38/100
|move|p2a: Ninetales|Healing Wish|p2a: Ninetales
|faint|p2a: Ninetales
|
|-weather|SunnyDay|[upkeep]
|upkeep
|inactive|JakCK has 30 seconds left.
|
|t:|1769357636
|switch|p2a: Great Tusk|Great Tusk|7/100
|-heal|p2a: Great Tusk|100/100|[from] move: Healing Wish
|-activate|p2a: Great Tusk|ability: Protosynthesis
|-start|p2a: Great Tusk|protosynthesisspe
|turn|22
|inactive|JakCK has 30 seconds left.
|
|t:|1769357656
|switch|p1a: Corviknight|Corviknight, F|100/100
|move|p2a: Great Tusk|Headlong Rush|p1a: Corviknight
|-immune|p1a: Corviknight
|
|-weather|SunnyDay|[upkeep]
|upkeep
|turn|23
|inactive|JakCK has 30 seconds left.
|inactive|JakCK has 20 seconds left.
|inactive|JakCK has 15 seconds left.
|
|t:|1769357681
|move|p2a: Great Tusk|Head Smash|p1a: Corviknight
|-damage|p1a: Corviknight|75/100
|-damage|p2a: Great Tusk|84/100|[from] item: Rocky Helmet|[of] p1a: Corviknight
|-damage|p2a: Great Tusk|72/100|[from] Recoil
|move|p1a: Corviknight|U-turn|p2a: Great Tusk
|-resisted|p2a: Great Tusk
|-damage|p2a: Great Tusk|67/100
|-damage|p1a: Corviknight|59/100|[from] item: Rocky Helmet|[of] p2a: Great Tusk
|
|t:|1769357695
|switch|p1a: Meowscarada|Meowscarada, F|100/100|[from] U-turn
|
|-weather|none
|-end|p2a: Great Tusk|Protosynthesis
|upkeep
|turn|24
|inactive|JakCK has 30 seconds left this turn.
|inactive|JakCK has 20 seconds left.
|
|t:|1769357710
|switch|p1a: Corviknight|Corviknight, F|59/100
|-terastallize|p2a: Great Tusk|Ground
|move|p2a: Great Tusk|Headlong Rush|p1a: Corviknight
|-immune|p1a: Corviknight
|
|upkeep
|turn|25
|inactive|JakCK has 30 seconds left this turn.
|inactive|JakCK has 20 seconds left.
|inactive|JakCK has 15 seconds left.
|inactive|JakCK has 10 seconds left.
|inactive|JakCK has 5 seconds left.
|-message|JakCK lost due to inactivity.
|
|win|zenkijooj
|raw|zenkijooj's rating: 1315 &rarr; <strong>1335</strong><br />(+20 for winning)
|raw|JakCK's rating: 1316 &rarr; <strong>1296</strong><br />(-20 for losing)
