|j|☆Yaoshi
|j|☆Kanha Greninja
|t:|1769435410
|gametype|singles
|player|p1|Yaoshi|silver-masters|1587
|player|p2|Kanha Greninja|#rbtt7teamgiratinao|1592
|gen|9
|tier|[Gen 9] OU
|rated|
|rule|HP Percentage Mod: HP is shown in percentages
|rule|Endless Battle Clause: Forcing endless battles is banned
|rule|Species Clause: Limit one of each Pokémon
|rule|OHKO Clause: OHKO moves are banned
|rule|Evasion Items Clause: Evasion items are banned
|rule|Evasion Moves Clause: Evasion moves are banned
|rule|Evasion Abilities Clause: Evasion abilities are banned
|rule|Sleep Moves Clause: Sleep-inducing moves are banned
|clearpoke
|poke|p1|Cinderace, F|
|poke|p1|Dragonite, F|
|poke|p1|Iron Valiant|
|poke|p1|Snorlax, M|
|poke|p1|Primarina, F|
|poke|p1|Skarmory, M|
|poke|p2|Enamorus, F|
|poke|p2|Araquanid, F|
|poke|p2|Cinderace, M|
|poke|p2|Kingambit, F|
|poke|p2|Serperior, M|
|poke|p2|Ceruledge, F|
|teampreview
|inactive|Battle timer is ON: inactive players will automatically lose when time's up. (requested by Yaoshi)
|j| il_lazzarone2
|
|t:|1769435436
|teamsize|p1|6
|teamsize|p2|6
|start
|switch|p1a: Homerun|Snorlax, M, shiny|100/100
|switch|p2a: Araquanid|Araquanid, F|100/100
|turn|1
|
|t:|1769435441
|move|p2a: Araquanid|Sticky Web|p1a: Homerun
|-sidestart|p1: Yaoshi|move: Sticky Web
|move|p1a: Homerun|Body Slam|p2a: Araquanid
|-damage|p2a: Araquanid|66/100
|-status|p2a: Araquanid|par
|
|upkeep
|turn|2
|
|t:|1769435446
|move|p1a: Homerun|Body Slam|p2a: Araquanid
|-damage|p2a: Araquanid|30/100 par
|cant|p2a: Araquanid|par
|
|upkeep
|turn|3
|
|t:|1769435450
|cant|p2a: Araquanid|par
|move|p1a: Homerun|Body Slam|p2a: Araquanid
|-damage|p2a: Araquanid|0 fnt
|faint|p2a: Araquanid
|
|upkeep
|
|t:|1769435478
|switch|p2a: Ceruledge|Ceruledge, F|100/100
|turn|4
|
|t:|1769435481
|switch|p1a: One Hit Wonder|Cinderace, F|100/100
|move|p2a: Ceruledge|Swords Dance|p2a: Ceruledge
|-boost|p2a: Ceruledge|atk|2
|
|upkeep
|turn|5
|
|t:|1769435501
|move|p1a: One Hit Wonder|Court Change|p1a: One Hit Wonder
|-start|p1a: One Hit Wonder|typechange|Normal|[from] ability: Libero
|-swapsideconditions
|-activate|p1a: One Hit Wonder|move: Court Change
|move|p2a: Ceruledge|Close Combat|p1a: One Hit Wonder
|-supereffective|p1a: One Hit Wonder
|-damage|p1a: One Hit Wonder|0 fnt
|-unboost|p2a: Ceruledge|def|1
|-unboost|p2a: Ceruledge|spd|1
|faint|p1a: One Hit Wonder
|
|upkeep
|
|t:|1769435507
|switch|p1a: Babe Ruth|Iron Valiant, shiny|100/100
|-enditem|p1a: Babe Ruth|Booster Energy
|-activate|p1a: Babe Ruth|ability: Quark Drive|[fromitem]
|-start|p1a: Babe Ruth|quarkdrivespe
|turn|6
|inactive|Kanha Greninja has 120 seconds left.
|
|t:|1769435539
|move|p1a: Babe Ruth|Destiny Bond|p1a: Babe Ruth
|-singlemove|p1a: Babe Ruth|Destiny Bond
|move|p2a: Ceruledge|Bitter Blade|p1a: Babe Ruth
|-damage|p1a: Babe Ruth|0 fnt
|faint|p1a: Babe Ruth
|-activate|p1a: Babe Ruth|move: Destiny Bond
|-end|p1a: Babe Ruth|Quark Drive|[silent]
|faint|p2a: Ceruledge
|
|upkeep
|inactive|Kanha Greninja has 120 seconds left.
|
|t:|1769435546
|switch|p1a: Homerun|Snorlax, M, shiny|100/100
|switch|p2a: Enamorus|Enamorus, F|100/100
|turn|7
|
|t:|1769435553
|-terastallize|p2a: Enamorus|Fairy
|move|p2a: Enamorus|Moonblast|p1a: Homerun
|-damage|p1a: Homerun|49/100
|-enditem|p1a: Homerun|Figy Berry|[eat]
|-heal|p1a: Homerun|82/100|[from] item: Figy Berry
|move|p1a: Homerun|Body Slam|p2a: Enamorus
|-damage|p2a: Enamorus|45/100
|
|upkeep
|turn|8
|
|t:|1769435556
|move|p2a: Enamorus|Moonblast|p1a: Homerun
|-damage|p1a: Homerun|27/100
|-unboost|p1a: Homerun|spa|1
|move|p1a: Homerun|Body Slam|p2a: Enamorus
|-damage|p2a: Enamorus|0 fnt
|faint|p2a: Enamorus
|
|upkeep
|
|t:|1769435562
|switch|p2a: Serperior|Serperior, M|100/100
|-activate|p2a: Serperior|move: Sticky Web
|-boost|p2a: Serperior|spe|1
|turn|9
|
|t:|1769435564
|move|p2a: Serperior|Leaf Storm|p1a: Homerun|[miss]
|-miss|p2a: Serperior|p1a: Homerun
|move|p1a: Homerun|Body Slam|p2a: Serperior
|-damage|p2a: Serperior|58/100
|
|-heal|p2a: Serperior|64/100|[from] item: Leftovers
|upkeep
|turn|10
|
|t:|1769435567
|move|p2a: Serperior|Leaf Storm|p1a: Homerun
|-damage|p1a: Homerun|5/100
|-boost|p2a: Serperior|spa|2
|move|p1a: Homerun|Body Slam|p2a: Serperior
|-damage|p2a: Serperior|21/100
|-status|p2a: Serperior|par
|
|-heal|p2a: Serperior|28/100 par|[from] item: Leftovers
|upkeep
|turn|11
|
|t:|1769435569
|cant|p2a: Serperior|par
|move|p1a: Homerun|Body Slam|p2a: Serperior
|-damage|p2a: Serperior|0 fnt
|faint|p2a: Serperior
|
|upkeep
|
|t:|1769435572
|switch|p2a: Cinderace|Cinderace, M|100/100
|-activate|p2a: Cinderace|move: Sticky Web
|-unboost|p2a: Cinderace|spe|1
|turn|12
|
|t:|1769435575
|move|p2a: Cinderace|Pyro Ball|p1a: Homerun|[miss]
|-miss|p2a: Cinderace|p1a: Homerun
|move|p1a: Homerun|Body Slam|p2a: Cinderace
|-damage|p2a: Cinderace|52/100
|
|upkeep
|turn|13
|
|t:|1769435577
|move|p2a: Cinderace|Pyro Ball|p1a: Homerun
|-damage|p1a: Homerun|0 fnt
|faint|p1a: Homerun
|
|upkeep
|
|t:|1769435580
|switch|p1a: Ayami Sato|Primarina, F, shiny|100/100
|turn|14
|
|t:|1769435584
|move|p2a: Cinderace|Pyro Ball|p1a: Ayami Sato
|-resisted|p1a: Ayami Sato
|-damage|p1a: Ayami Sato|75/100
|move|p1a: Ayami Sato|Psychic Noise|p2a: Cinderace
|-supereffective|p2a: Cinderace
|-crit|p2a: Cinderace
|-damage|p2a: Cinderace|0 fnt
|faint|p2a: Cinderace
|
|-heal|p1a: Ayami Sato|81/100|[from] item: Leftovers
|upkeep
|
|t:|1769435588
|switch|p2a: Kingambit|Kingambit, F|100/100
|-activate|p2a: Kingambit|move: Sticky Web
|-unboost|p2a: Kingambit|spe|1
|-ability|p2a: Kingambit|Defiant|boost
|-boost|p2a: Kingambit|atk|2
|turn|15
|
|t:|1769435603
|move|p1a: Ayami Sato|Psychic Noise|p2a: Kingambit
|-damage|p2a: Kingambit|72/100
|-start|p2a: Kingambit|move: Heal Block
|move|p2a: Kingambit|Iron Head|p1a: Ayami Sato
|-damage|p1a: Ayami Sato|2/100
|
|-heal|p1a: Ayami Sato|8/100|[from] item: Leftovers
|upkeep
|turn|16
|
|t:|1769435606
|move|p2a: Kingambit|Sucker Punch|p1a: Ayami Sato
|-resisted|p1a: Ayami Sato
|-damage|p1a: Ayami Sato|0 fnt
|faint|p1a: Ayami Sato
|
|-end|p2a: Kingambit|move: Heal Block
|upkeep
|
|t:|1769435610
|switch|p1a: Skarmory|Skarmory, M|100/100
|turn|17
|
|t:|1769435613
|move|p1a: Skarmory|Body Press|p2a: Kingambit
|-supereffective|p2a: Kingambit
|-damage|p2a: Kingambit|0 fnt
|faint|p2a: Kingambit
|
|win|Yaoshi
|raw|Yaoshi's rating: 1587 &rarr; <strong>1607</strong><br />(+20 for winning)
|raw|Kanha Greninja's rating: 1592 &rarr; <strong>1572</strong><br />(-20 for losing)
|l|☆Kanha Greninja
|player|p2|
|l|☆Yaoshi
|player|p1|
|l| il_lazzarone2
