|j|☆ShaveMyLegHair
|j|☆4urelius_Ghastz
|t:|1769303218
|gametype|singles
|player|p1|ShaveMyLegHair|2|1056
|player|p2|4urelius_Ghastz|li|1051
|gen|9
|tier|[Gen 9] OU
|rated|
|rule|HP Percentage Mod: HP is shown in percentages
|rule|Endless Battle Clause: Forcing endless battles is banned
|rule|Species Clause: Limit one of each Pokémon
|rule|OHKO Clause: OHKO moves are banned
|rule|Evasion Items Clause: Evasion items are banned
|rule|Evasion Moves Clause: Evasion moves are banned
|rule|Evasion Abilities Clause: Evasion abilities are banned
|rule|Sleep Moves Clause: Sleep-inducing moves are banned
|clearpoke
|poke|p1|Excadrill, M|
|poke|p1|Tyranitar, F|
|poke|p1|Corviknight, M|
|poke|p1|Salazzle, F|
|poke|p1|Alomomola, F|
|poke|p1|Ditto|
|poke|p2|Latios, M|
|poke|p2|Ogerpon-Cornerstone, F|
|poke|p2|Bastiodon, F|
|poke|p2|Primeape, F|
|poke|p2|Iron Moth|
|poke|p2|Tauros-Paldea-Aqua, M|
|teampreview
|inactive|Battle timer is ON: inactive players will automatically lose when time's up. (requested by 4urelius_Ghastz)
|
|t:|1769303232
|teamsize|p1|6
|teamsize|p2|6
|start
|switch|p1a: Tyranitar|Tyranitar, F, shiny|100/100
|switch|p2a: THE WALL|Bastiodon, F|100/100
|-weather|Sandstorm|[from] ability: Sand Stream|[of] p1a: Tyranitar
|turn|1
|
|t:|1769303247
|switch|p1a: Corviknight|Corviknight, M, shiny|100/100
|-ability|p1a: Corviknight|Pressure
|move|p2a: THE WALL|Stealth Rock|p1a: Corviknight
|-sidestart|p1: ShaveMyLegHair|move: Stealth Rock
|
|-weather|Sandstorm|[upkeep]
|upkeep
|turn|2
|
|t:|1769303260
|move|p1a: Corviknight|Body Press|p2a: THE WALL
|-supereffective|p2a: THE WALL
|-damage|p2a: THE WALL|40/100
|move|p2a: THE WALL|Body Press|p1a: Corviknight
|-damage|p1a: Corviknight|83/100
|-damage|p2a: THE WALL|23/100|[from] item: Rocky Helmet|[of] p1a: Corviknight
|
|-weather|Sandstorm|[upkeep]
|upkeep
|turn|3
|-enditem|p2a: THE WALL|Custap Berry|[eat]
|-activate|p2a: THE WALL|item: Custap Berry|[consumed]
|
|t:|1769303269
|move|p2a: THE WALL|Body Press|p1a: Corviknight
|-damage|p1a: Corviknight|64/100
|-damage|p2a: THE WALL|7/100|[from] item: Rocky Helmet|[of] p1a: Corviknight
|move|p1a: Corviknight|Body Press|p2a: THE WALL
|-supereffective|p2a: THE WALL
|-damage|p2a: THE WALL|0 fnt
|faint|p2a: THE WALL
|
|-weather|Sandstorm|[upkeep]
|upkeep
|
|t:|1769303282
|switch|p2a: Shrek|Ogerpon-Cornerstone, F|100/100
|turn|4
|
|t:|1769303286
|move|p2a: Shrek|Swords Dance|p2a: Shrek
|-boost|p2a: Shrek|atk|2
|move|p1a: Corviknight|Brave Bird|p2a: Shrek
|-damage|p2a: Shrek|50/100
|-damage|p1a: Corviknight|52/100|[from] Recoil
|
|-weather|Sandstorm|[upkeep]
|upkeep
|turn|5
|
|t:|1769303296
|switch|p1a: Alomomola|Alomomola, F, shiny|100/100
|-damage|p1a: Alomomola|88/100|[from] Stealth Rock
|move|p2a: Shrek|Ivy Cudgel|p1a: Alomomola|[anim] Ivy Cudgel Rock
|-damage|p1a: Alomomola|4/100
|-enditem|p1a: Alomomola|Red Card|[of] p2a: Shrek
|drag|p2a: Latinas|Latios, M, shiny|100/100
|
|-weather|none
|upkeep
|turn|6
|
|t:|1769303309
|move|p2a: Latinas|Thunderbolt|p1a: Alomomola
|-supereffective|p1a: Alomomola
|-crit|p1a: Alomomola
|-damage|p1a: Alomomola|0 fnt
|faint|p1a: Alomomola
|
|upkeep
|
|t:|1769303312
|switch|p1a: Tyranitar|Tyranitar, F, shiny|100/100
|-damage|p1a: Tyranitar|88/100|[from] Stealth Rock
|-weather|Sandstorm|[from] ability: Sand Stream|[of] p1a: Tyranitar
|turn|7
|
|t:|1769303321
|switch|p2a: Shrek|Ogerpon-Cornerstone, F|50/100
|move|p1a: Tyranitar|Dark Pulse|p2a: Shrek
|-damage|p2a: Shrek|9/100
|-damage|p1a: Tyranitar|78/100|[from] item: Life Orb
|
|-weather|Sandstorm|[upkeep]
|upkeep
|turn|8
|
|t:|1769303329
|switch|p1a: Corviknight|Corviknight, M, shiny|52/100
|-damage|p1a: Corviknight|40/100|[from] Stealth Rock
|-ability|p1a: Corviknight|Pressure
|move|p2a: Shrek|Horn Leech|p1a: Corviknight
|-resisted|p1a: Corviknight
|-damage|p1a: Corviknight|33/100
|-heal|p2a: Shrek|13/100|[from] drain|[of] p1a: Corviknight
|-damage|p2a: Shrek|0 fnt|[from] item: Rocky Helmet|[of] p1a: Corviknight
|faint|p2a: Shrek
|
|-weather|Sandstorm|[upkeep]
|upkeep
|
|t:|1769303345
|switch|p2a: Latinas|Latios, M, shiny|100/100
|turn|9
|
|t:|1769303349
|move|p2a: Latinas|Thunderbolt|p1a: Corviknight
|-supereffective|p1a: Corviknight
|-damage|p1a: Corviknight|0 fnt
|faint|p1a: Corviknight
|
|-weather|Sandstorm|[upkeep]
|-damage|p2a: Latinas|95/100|[from] Sandstorm
|upkeep
|
|t:|1769303352
|switch|p1a: Excadrill|Excadrill, M|100/100
|-damage|p1a: Excadrill|97/100|[from] Stealth Rock
|-item|p1a: Excadrill|Air Balloon
|turn|10
|
|t:|1769303361
|move|p1a: Excadrill|Substitute|p1a: Excadrill
|-start|p1a: Excadrill|Substitute
|-damage|p1a: Excadrill|73/100
|move|p2a: Latinas|Ice Beam|p1a: Excadrill
|-end|p1a: Excadrill|Substitute
|-enditem|p1a: Excadrill|Air Balloon
|
|-weather|Sandstorm|[upkeep]
|-damage|p2a: Latinas|89/100|[from] Sandstorm
|upkeep
|turn|11
|
|t:|1769303373
|move|p1a: Excadrill|Rock Slide|p2a: Latinas|[miss]
|-miss|p1a: Excadrill|p2a: Latinas
|move|p2a: Latinas|Ice Beam|p1a: Excadrill
|-damage|p1a: Excadrill|34/100
|
|-weather|none
|upkeep
|turn|12
|
|t:|1769303384
|switch|p1a: Salazzle|Salazzle, F|100/100
|move|p2a: Latinas|Thunderbolt|p1a: Salazzle
|-damage|p1a: Salazzle|39/100
|
|upkeep
|turn|13
|
|t:|1769303390
|move|p1a: Salazzle|Sludge Bomb|p2a: Latinas
|-damage|p2a: Latinas|42/100
|-status|p2a: Latinas|psn
|move|p2a: Latinas|Luster Purge|p1a: Salazzle
|-supereffective|p1a: Salazzle
|-damage|p1a: Salazzle|0 fnt
|faint|p1a: Salazzle
|
|-damage|p2a: Latinas|29/100 psn|[from] psn
|upkeep
|
|t:|1769303396
|switch|p1a: Tyranitar|Tyranitar, F, shiny|78/100
|-damage|p1a: Tyranitar|66/100|[from] Stealth Rock
|-weather|Sandstorm|[from] ability: Sand Stream|[of] p1a: Tyranitar
|turn|14
|
|t:|1769303406
|move|p2a: Latinas|Ice Beam|p1a: Tyranitar
|-damage|p1a: Tyranitar|46/100
|move|p1a: Tyranitar|Dark Pulse|p2a: Latinas
|-supereffective|p2a: Latinas
|-damage|p2a: Latinas|0 fnt
|faint|p2a: Latinas
|-damage|p1a: Tyranitar|37/100|[from] item: Life Orb
|
|-weather|Sandstorm|[upkeep]
|upkeep
|
|t:|1769303427
|switch|p2a: Myke Tyson|Primeape, F|100/100
|turn|15
|
|t:|1769303437
|move|p2a: Myke Tyson|Bulk Up|p2a: Myke Tyson
|-boost|p2a: Myke Tyson|atk|1
|-boost|p2a: Myke Tyson|def|1
|move|p1a: Tyranitar|Power Gem|p2a: Myke Tyson
|-resisted|p2a: Myke Tyson
|-damage|p2a: Myke Tyson|85/100
|-damage|p1a: Tyranitar|27/100|[from] item: Life Orb
|
|-weather|Sandstorm|[upkeep]
|-damage|p2a: Myke Tyson|79/100|[from] Sandstorm
|upkeep
|turn|16
|
|t:|1769303450
|move|p2a: Myke Tyson|Drain Punch|p1a: Tyranitar
|-supereffective|p1a: Tyranitar
|-damage|p1a: Tyranitar|0 fnt
|-heal|p2a: Myke Tyson|93/100|[from] drain|[of] p1a: Tyranitar
|faint|p1a: Tyranitar
|
|-weather|Sandstorm|[upkeep]
|-damage|p2a: Myke Tyson|87/100|[from] Sandstorm
|upkeep
|
|t:|1769303452
|switch|p1a: Ditto|Ditto|100/100
|-damage|p1a: Ditto|88/100|[from] Stealth Rock
|-transform|p1a: Ditto|p2a: Myke Tyson|[from] ability: Imposter
|turn|17
|
|t:|1769303464
|move|p1a: Ditto|Drain Punch|p2a: Myke Tyson
|-damage|p2a: Myke Tyson|53/100
|-heal|p1a: Ditto|100/100|[from] drain|[of] p2a: Myke Tyson
|move|p2a: Myke Tyson|Bulk Up|p2a: Myke Tyson
|-boost|p2a: Myke Tyson|atk|1
|-boost|p2a: Myke Tyson|def|1
|
|-weather|Sandstorm|[upkeep]
|-damage|p1a: Ditto|94/100|[from] Sandstorm
|-damage|p2a: Myke Tyson|48/100|[from] Sandstorm
|upkeep
|turn|18
|
|t:|1769303478
|switch|p1a: Excadrill|Excadrill, M|34/100
|-damage|p1a: Excadrill|31/100|[from] Stealth Rock
|move|p2a: Myke Tyson|Drain Punch|p1a: Excadrill
|-supereffective|p1a: Excadrill
|-damage|p1a: Excadrill|0 fnt
|-heal|p2a: Myke Tyson|64/100|[from] drain|[of] p1a: Excadrill
|faint|p1a: Excadrill
|
|-weather|none
|upkeep
|
|t:|1769303480
|switch|p1a: Ditto|Ditto|94/100
|-damage|p1a: Ditto|82/100|[from] Stealth Rock
|-transform|p1a: Ditto|p2a: Myke Tyson|[from] ability: Imposter
|turn|19
|
|t:|1769303498
|move|p1a: Ditto|Rage Fist|p2a: Myke Tyson
|-damage|p2a: Myke Tyson|24/100
|move|p2a: Myke Tyson|Drain Punch|p1a: Ditto
|-damage|p1a: Ditto|27/100
|-heal|p2a: Myke Tyson|49/100|[from] drain|[of] p1a: Ditto
|
|upkeep
|turn|20
|
|t:|1769303512
|move|p1a: Ditto|Rage Fist|p2a: Myke Tyson
|-damage|p2a: Myke Tyson|0 fnt
|faint|p2a: Myke Tyson
|
|upkeep
|
|t:|1769303522
|switch|p2a: Ruminating|Tauros-Paldea-Aqua, M, shiny|100/100
|turn|21
|-message|ShaveMyLegHair forfeited.
|
|win|4urelius_Ghastz
|raw|ShaveMyLegHair's rating: 1056 &rarr; <strong>1037</strong><br />(-19 for losing)
|raw|4urelius_Ghastz's rating: 1051 &rarr; <strong>1084</strong><br />(+33 for winning)
|l|☆ShaveMyLegHair
|player|p1|
|l|☆4urelius_Ghastz
|player|p2|
