|j|☆WumboMumboJumbo
|j|☆Shalimarrrr
|t:|1769404227
|gametype|singles
|player|p1|WumboMumboJumbo|169|1451
|player|p2|Shalimarrrr|iono|1414
|gen|9
|tier|[Gen 9] OU
|rated|
|rule|HP Percentage Mod: HP is shown in percentages
|rule|Endless Battle Clause: Forcing endless battles is banned
|rule|Species Clause: Limit one of each Pokémon
|rule|OHKO Clause: OHKO moves are banned
|rule|Evasion Items Clause: Evasion items are banned
|rule|Evasion Moves Clause: Evasion moves are banned
|rule|Evasion Abilities Clause: Evasion abilities are banned
|rule|Sleep Moves Clause: Sleep-inducing moves are banned
|clearpoke
|poke|p1|Great Tusk|
|poke|p1|Kingambit, F|
|poke|p1|Garganacl, M|
|poke|p1|Iron Valiant|
|poke|p1|Rotom-Wash|
|poke|p1|Gholdengo|
|poke|p2|Walking Wake|
|poke|p2|Maushold|
|poke|p2|Azumarill, M|
|poke|p2|Kingambit, F|
|poke|p2|Dragapult, F|
|poke|p2|Great Tusk|
|teampreview
|inactive|Battle timer is ON: inactive players will automatically lose when time's up. (requested by WumboMumboJumbo)
|
|t:|1769404232
|teamsize|p1|6
|teamsize|p2|6
|start
|switch|p1a: Rotom|Rotom-Wash|100/100
|switch|p2a: Dragapult|Dragapult, F|100/100
|turn|1
|
|t:|1769404238
|move|p1a: Rotom|Volt Switch|p2a: Dragapult
|-resisted|p2a: Dragapult
|-damage|p2a: Dragapult|81/100
|
|t:|1769404243
|switch|p1a: Kingambit|Kingambit, F|100/100|[from] Volt Switch
|move|p2a: Dragapult|Thunder Wave|p1a: Kingambit
|-status|p1a: Kingambit|par
|
|upkeep
|turn|2
|
|t:|1769404253
|switch|p2a: Walking Wake|Walking Wake|100/100
|-enditem|p2a: Walking Wake|Booster Energy
|-activate|p2a: Walking Wake|ability: Protosynthesis|[fromitem]
|-start|p2a: Walking Wake|protosynthesisspa
|move|p1a: Kingambit|Kowtow Cleave|p2a: Walking Wake
|-damage|p2a: Walking Wake|48/100
|
|upkeep
|turn|3
|
|t:|1769404260
|-end|p1a: Kingambit|fallenundefined|[silent]
|switch|p1a: Rotom|Rotom-Wash|100/100
|move|p2a: Walking Wake|Flamethrower|p1a: Rotom
|-resisted|p1a: Rotom
|-damage|p1a: Rotom|77/100
|-status|p1a: Rotom|brn
|
|-damage|p1a: Rotom|71/100 brn|[from] brn
|upkeep
|turn|4
|
|t:|1769404268
|move|p1a: Rotom|Trick|p2a: Walking Wake
|-activate|p1a: Rotom|move: Trick|[of] p2a: Walking Wake
|-item|p2a: Walking Wake|Choice Scarf|[from] move: Trick
|-enditem|p1a: Rotom|Choice Scarf|[silent]|[from] move: Trick
|move|p2a: Walking Wake|Agility|p2a: Walking Wake
|-boost|p2a: Walking Wake|spe|2
|
|-damage|p1a: Rotom|64/100 brn|[from] brn
|upkeep
|turn|5
|
|t:|1769404274
|-end|p2a: Walking Wake|Protosynthesis|[silent]
|switch|p2a: Dragapult|Dragapult, F|81/100
|move|p1a: Rotom|Volt Switch|p2a: Dragapult
|-resisted|p2a: Dragapult
|-damage|p2a: Dragapult|64/100
|
|t:|1769404286
|switch|p1a: Kingambit|Kingambit, F|100/100 par|[from] Volt Switch
|
|upkeep
|turn|6
|
|t:|1769404296
|move|p2a: Dragapult|Hex|p1a: Kingambit
|-resisted|p1a: Kingambit
|-damage|p1a: Kingambit|72/100 par
|move|p1a: Kingambit|Kowtow Cleave|p2a: Dragapult
|-supereffective|p2a: Dragapult
|-damage|p2a: Dragapult|0 fnt
|faint|p2a: Dragapult
|
|-heal|p1a: Kingambit|78/100 par|[from] item: Leftovers
|upkeep
|
|t:|1769404301
|switch|p2a: Great Tusk|Great Tusk|100/100
|turn|7
|
|t:|1769404304
|-end|p1a: Kingambit|fallenundefined|[silent]
|switch|p1a: Rotom|Rotom-Wash|64/100 brn
|move|p2a: Great Tusk|Headlong Rush|p1a: Rotom
|-immune|p1a: Rotom|[from] ability: Levitate
|
|-damage|p1a: Rotom|58/100 brn|[from] brn
|upkeep
|turn|8
|
|t:|1769404309
|move|p2a: Great Tusk|Close Combat|p1a: Rotom
|-damage|p1a: Rotom|0 fnt
|-unboost|p2a: Great Tusk|def|1
|-unboost|p2a: Great Tusk|spd|1
|faint|p1a: Rotom
|-enditem|p2a: Great Tusk|Eject Pack
|
|t:|1769404313
|-end|p2a: Great Tusk|Protosynthesis|[silent]
|switch|p2a: Walking Wake|Walking Wake|48/100
|
|upkeep
|
|t:|1769404323
|switch|p1a: Gholdengo|Gholdengo|100/100
|turn|9
|
|t:|1769404336
|move|p2a: Walking Wake|Flamethrower|p1a: Gholdengo
|-supereffective|p1a: Gholdengo
|-damage|p1a: Gholdengo|37/100
|move|p1a: Gholdengo|Shadow Ball|p2a: Walking Wake
|-damage|p2a: Walking Wake|5/100
|
|upkeep
|turn|10
|
|t:|1769404342
|switch|p1a: Garganacl|Garganacl, M|100/100
|move|p2a: Walking Wake|Flamethrower|p1a: Garganacl
|-resisted|p1a: Garganacl
|-damage|p1a: Garganacl|90/100
|
|-heal|p1a: Garganacl|96/100|[from] item: Leftovers
|upkeep
|turn|11
|
|t:|1769404346
|-end|p2a: Walking Wake|Protosynthesis|[silent]
|switch|p2a: Great Tusk|Great Tusk|100/100
|move|p1a: Garganacl|Salt Cure|p2a: Great Tusk
|-resisted|p2a: Great Tusk
|-damage|p2a: Great Tusk|98/100
|-start|p2a: Great Tusk|Salt Cure
|
|-heal|p1a: Garganacl|100/100|[from] item: Leftovers
|-damage|p2a: Great Tusk|86/100|[from] Salt Cure
|upkeep
|turn|12
|
|t:|1769404353
|switch|p1a: Great Tusk|Great Tusk|100/100
|move|p2a: Great Tusk|Close Combat|p1a: Great Tusk
|-damage|p1a: Great Tusk|68/100
|-unboost|p2a: Great Tusk|def|1
|-unboost|p2a: Great Tusk|spd|1
|
|-heal|p1a: Great Tusk|75/100|[from] item: Leftovers
|-damage|p2a: Great Tusk|73/100|[from] Salt Cure
|upkeep
|turn|13
|
|t:|1769404357
|move|p2a: Great Tusk|Headlong Rush|p1a: Great Tusk
|-damage|p1a: Great Tusk|46/100
|-unboost|p2a: Great Tusk|def|1
|-unboost|p2a: Great Tusk|spd|1
|move|p1a: Great Tusk|Stealth Rock|p2a: Great Tusk
|-sidestart|p2: Shalimarrrr|move: Stealth Rock
|
|-heal|p1a: Great Tusk|52/100|[from] item: Leftovers
|-damage|p2a: Great Tusk|61/100|[from] Salt Cure
|upkeep
|turn|14
|
|t:|1769404362
|move|p2a: Great Tusk|Rapid Spin|p1a: Great Tusk
|-damage|p1a: Great Tusk|44/100
|-boost|p2a: Great Tusk|spe|1
|-sideend|p2: Shalimarrrr|Stealth Rock|[from] move: Rapid Spin|[of] p2a: Great Tusk
|move|p1a: Great Tusk|Earthquake|p2a: Great Tusk
|-damage|p2a: Great Tusk|0 fnt
|faint|p2a: Great Tusk
|-end|p2a: Great Tusk|Protosynthesis|[silent]
|
|-heal|p1a: Great Tusk|50/100|[from] item: Leftovers
|upkeep
|
|t:|1769404366
|switch|p2a: Walking Wake|Walking Wake|5/100
|turn|15
|
|t:|1769404371
|move|p2a: Walking Wake|Surf|p1a: Great Tusk
|-supereffective|p1a: Great Tusk
|-damage|p1a: Great Tusk|0 fnt
|faint|p1a: Great Tusk
|-end|p1a: Great Tusk|Protosynthesis|[silent]
|
|upkeep
|
|t:|1769404377
|switch|p1a: Garganacl|Garganacl, M|100/100
|turn|16
|
|t:|1769404379
|-terastallize|p1a: Garganacl|Water
|move|p2a: Walking Wake|Surf|p1a: Garganacl
|-resisted|p1a: Garganacl
|-damage|p1a: Garganacl|85/100
|move|p1a: Garganacl|Salt Cure|p2a: Walking Wake
|-damage|p2a: Walking Wake|0 fnt
|faint|p2a: Walking Wake
|-end|p2a: Walking Wake|Protosynthesis|[silent]
|
|-heal|p1a: Garganacl|92/100|[from] item: Leftovers
|upkeep
|
|t:|1769404385
|switch|p2a: Tandemauss|Maushold|100/100
|turn|17
|
|t:|1769404388
|move|p2a: Tandemauss|Tidy Up|p2a: Tandemauss
|-boost|p2a: Tandemauss|atk|1
|-boost|p2a: Tandemauss|spe|1
|move|p1a: Garganacl|Salt Cure|p2a: Tandemauss
|-damage|p2a: Tandemauss|80/100
|-start|p2a: Tandemauss|Salt Cure
|
|-heal|p1a: Garganacl|98/100|[from] item: Leftovers
|-damage|p2a: Tandemauss|67/100|[from] Salt Cure
|upkeep
|turn|18
|
|t:|1769404390
|move|p2a: Tandemauss|Population Bomb|p1a: Garganacl
|-damage|p1a: Garganacl|86/100
|-damage|p1a: Garganacl|75/100
|-damage|p1a: Garganacl|62/100
|-damage|p1a: Garganacl|51/100
|-damage|p1a: Garganacl|41/100
|-damage|p1a: Garganacl|29/100
|-damage|p1a: Garganacl|18/100
|-damage|p1a: Garganacl|7/100
|-damage|p1a: Garganacl|0 fnt
|faint|p1a: Garganacl
|-hitcount|p1: Garganacl|9
|
|-damage|p2a: Tandemauss|55/100|[from] Salt Cure
|upkeep
|
|t:|1769404397
|switch|p1a: Gholdengo|Gholdengo|37/100
|turn|19
|
|t:|1769404406
|move|p2a: Tandemauss|Bite|p1a: Gholdengo
|-supereffective|p1a: Gholdengo
|-damage|p1a: Gholdengo|0 fnt
|faint|p1a: Gholdengo
|
|-damage|p2a: Tandemauss|42/100|[from] Salt Cure
|upkeep
|
|t:|1769404409
|switch|p1a: Kingambit|Kingambit, F|78/100 par
|-activate|p1a: Kingambit|ability: Supreme Overlord
|-start|p1a: Kingambit|fallen4|[silent]
|turn|20
|
|t:|1769404415
|move|p2a: Tandemauss|Encore||[still]
|-fail|p2a: Tandemauss
|move|p1a: Kingambit|Kowtow Cleave|p2a: Tandemauss
|-damage|p2a: Tandemauss|0 fnt
|faint|p2a: Tandemauss
|
|-heal|p1a: Kingambit|84/100 par|[from] item: Leftovers
|upkeep
|
|t:|1769404420
|switch|p2a: Azumarill|Azumarill, M, shiny|100/100
|turn|21
|
|t:|1769404423
|-terastallize|p2a: Azumarill|Steel
|move|p1a: Kingambit|Sucker Punch||[still]
|-fail|p1a: Kingambit
|move|p2a: Azumarill|Belly Drum|p2a: Azumarill
|-damage|p2a: Azumarill|50/100
|-setboost|p2a: Azumarill|atk|6|[from] move: Belly Drum
|-enditem|p2a: Azumarill|Sitrus Berry|[eat]
|-heal|p2a: Azumarill|75/100|[from] item: Sitrus Berry
|
|-heal|p1a: Kingambit|90/100 par|[from] item: Leftovers
|upkeep
|turn|22
|
|t:|1769404426
|move|p2a: Azumarill|Aqua Jet|p1a: Kingambit
|-damage|p1a: Kingambit|3/100 par
|move|p1a: Kingambit|Sucker Punch||[still]
|-fail|p1a: Kingambit
|
|-heal|p1a: Kingambit|9/100 par|[from] item: Leftovers
|upkeep
|turn|23
|
|t:|1769404430
|move|p2a: Azumarill|Aqua Jet|p1a: Kingambit
|-crit|p1a: Kingambit
|-damage|p1a: Kingambit|0 fnt
|faint|p1a: Kingambit
|-end|p1a: Kingambit|fallen4|[silent]
|
|upkeep
|
|t:|1769404432
|switch|p1a: Iron Valiant|Iron Valiant|100/100
|turn|24
|
|t:|1769404434
|move|p2a: Azumarill|Aqua Jet|p1a: Iron Valiant
|-damage|p1a: Iron Valiant|0 fnt
|faint|p1a: Iron Valiant
|-end|p1a: Iron Valiant|Quark Drive|[silent]
|
|win|Shalimarrrr
|raw|WumboMumboJumbo's rating: 1476 &rarr; <strong>1452</strong><br />(-24 for losing)
|raw|Shalimarrrr's rating: 1414 &rarr; <strong>1438</strong><br />(+24 for winning)
|l|☆Shalimarrrr
|player|p2|
|l|☆WumboMumboJumbo
|player|p1|
