|j|☆shnorkalface
|j|☆poopnuts56
|t:|1769414376
|gametype|singles
|player|p1|shnorkalface|101|1197
|player|p2|poopnuts56|1|1200
|gen|9
|tier|[Gen 9] OU
|rated|
|rule|HP Percentage Mod: HP is shown in percentages
|rule|Endless Battle Clause: Forcing endless battles is banned
|rule|Species Clause: Limit one of each Pokémon
|rule|OHKO Clause: OHKO moves are banned
|rule|Evasion Items Clause: Evasion items are banned
|rule|Evasion Moves Clause: Evasion moves are banned
|rule|Evasion Abilities Clause: Evasion abilities are banned
|rule|Sleep Moves Clause: Sleep-inducing moves are banned
|clearpoke
|poke|p1|Great Tusk|
|poke|p1|Greninja-*, M|
|poke|p1|Kingambit, F|
|poke|p1|Electrode-Hisui|
|poke|p1|Abomasnow, M|
|poke|p1|Azumarill, F|
|poke|p2|Tyranitar, F|
|poke|p2|Hydrapple, M|
|poke|p2|Alomomola, F|
|poke|p2|Excadrill, F|
|poke|p2|Garganacl, M|
|poke|p2|Iron Valiant|
|teampreview
|
|t:|1769414382
|teamsize|p1|6
|teamsize|p2|6
|start
|switch|p1a: Abomasnow|Abomasnow, M|100/100
|switch|p2a: Hydrapple|Hydrapple, M|100/100
|-weather|Snowscape|[from] ability: Snow Warning|[of] p1a: Abomasnow
|turn|1
|
|t:|1769414391
|switch|p2a: Garganacl|Garganacl, M|100/100
|move|p1a: Abomasnow|Blizzard|p2a: Garganacl
|-damage|p2a: Garganacl|73/100
|
|-weather|Snowscape|[upkeep]
|-heal|p2a: Garganacl|79/100|[from] item: Leftovers
|upkeep
|turn|2
|
|t:|1769414399
|move|p1a: Abomasnow|Aurora Veil|p1a: Abomasnow
|-sidestart|p1: shnorkalface|move: Aurora Veil
|move|p2a: Garganacl|Salt Cure|p1a: Abomasnow
|-supereffective|p1a: Abomasnow
|-crit|p1a: Abomasnow
|-damage|p1a: Abomasnow|74/100
|-start|p1a: Abomasnow|Salt Cure
|
|-weather|Snowscape|[upkeep]
|-heal|p2a: Garganacl|85/100|[from] item: Leftovers
|-damage|p1a: Abomasnow|61/100|[from] Salt Cure
|upkeep
|turn|3
|
|t:|1769414408
|switch|p1a: Electrode|Electrode-Hisui|100/100
|move|p2a: Garganacl|Stealth Rock|p1a: Electrode
|-sidestart|p1: shnorkalface|move: Stealth Rock
|
|-weather|Snowscape|[upkeep]
|-heal|p2a: Garganacl|92/100|[from] item: Leftovers
|upkeep
|turn|4
|
|t:|1769414437
|switch|p2a: Hydrapple|Hydrapple, M|100/100
|move|p1a: Electrode|Leech Seed|p2a: Hydrapple
|-immune|p2a: Hydrapple
|
|-weather|Snowscape|[upkeep]
|upkeep
|turn|5
|
|t:|1769414447
|move|p1a: Electrode|Volt Switch|p2a: Hydrapple
|-resisted|p2a: Hydrapple
|-damage|p2a: Hydrapple|94/100
|
|t:|1769414453
|switch|p1a: Abomasnow|Abomasnow, M|61/100|[from] Volt Switch
|-damage|p1a: Abomasnow|36/100|[from] Stealth Rock
|move|p2a: Hydrapple|Fickle Beam|p1a: Abomasnow
|-crit|p1a: Abomasnow
|-damage|p1a: Abomasnow|0 fnt
|faint|p1a: Abomasnow
|
|-weather|none
|upkeep
|
|t:|1769414461
|switch|p1a: Azumarill|Azumarill, F|100/100
|-damage|p1a: Azumarill|88/100|[from] Stealth Rock
|turn|6
|
|t:|1769414466
|move|p1a: Azumarill|Play Rough|p2a: Hydrapple
|-supereffective|p2a: Hydrapple
|-crit|p2a: Hydrapple
|-damage|p2a: Hydrapple|27/100
|-damage|p1a: Azumarill|71/100|[from] item: Rocky Helmet|[of] p2a: Hydrapple
|move|p2a: Hydrapple|Giga Drain|p1a: Azumarill
|-supereffective|p1a: Azumarill
|-damage|p1a: Azumarill|55/100
|-heal|p2a: Hydrapple|35/100|[from] drain|[of] p1a: Azumarill
|
|upkeep
|turn|7
|
|t:|1769414477
|switch|p2a: Alomomola|Alomomola, F|100/100
|move|p1a: Azumarill|Play Rough|p2a: Alomomola
|-damage|p2a: Alomomola|73/100
|
|upkeep
|turn|8
|
|t:|1769414485
|move|p2a: Alomomola|Protect|p2a: Alomomola
|-singleturn|p2a: Alomomola|Protect
|move|p1a: Azumarill|Knock Off|p2a: Alomomola
|-activate|p2a: Alomomola|move: Protect
|
|upkeep
|turn|9
|
|t:|1769414490
|move|p1a: Azumarill|Knock Off|p2a: Alomomola
|-damage|p2a: Alomomola|52/100
|-enditem|p2a: Alomomola|Heavy-Duty Boots|[from] move: Knock Off|[of] p1a: Azumarill
|move|p2a: Alomomola|Flip Turn|p1a: Azumarill
|-resisted|p1a: Azumarill
|-damage|p1a: Azumarill|51/100
|
|t:|1769414498
|switch|p2a: Garganacl|Garganacl, M|92/100|[from] Flip Turn
|
|-heal|p2a: Garganacl|98/100|[from] item: Leftovers
|-sideend|p1: shnorkalface|move: Aurora Veil
|upkeep
|turn|10
|
|t:|1769414512
|switch|p1a: Electrode|Electrode-Hisui|100/100
|move|p2a: Garganacl|Salt Cure|p1a: Electrode
|-damage|p1a: Electrode|74/100
|-start|p1a: Electrode|Salt Cure
|
|-heal|p2a: Garganacl|100/100|[from] item: Leftovers
|-damage|p1a: Electrode|62/100|[from] Salt Cure
|upkeep
|turn|11
|
|t:|1769414524
|switch|p2a: Hydrapple|Hydrapple, M|68/100
|move|p1a: Electrode|Foul Play|p2a: Hydrapple
|-damage|p2a: Hydrapple|61/100
|-damage|p1a: Electrode|45/100|[from] item: Rocky Helmet|[of] p2a: Hydrapple
|
|-damage|p1a: Electrode|33/100|[from] Salt Cure
|upkeep
|turn|12
|
|t:|1769414532
|move|p1a: Electrode|Volt Switch|p2a: Hydrapple
|-resisted|p2a: Hydrapple
|-damage|p2a: Hydrapple|55/100
|
|t:|1769414536
|switch|p1a: Azumarill|Azumarill, F|51/100|[from] Volt Switch
|-damage|p1a: Azumarill|39/100|[from] Stealth Rock
|move|p2a: Hydrapple|Nasty Plot|p2a: Hydrapple
|-boost|p2a: Hydrapple|spa|2
|
|upkeep
|turn|13
|
|t:|1769414545
|switch|p2a: Alomomola|Alomomola, F|85/100
|move|p1a: Azumarill|Play Rough|p2a: Alomomola
|-damage|p2a: Alomomola|56/100
|
|upkeep
|turn|14
|
|t:|1769414551
|move|p1a: Azumarill|Knock Off|p2a: Alomomola
|-damage|p2a: Alomomola|42/100
|move|p2a: Alomomola|Flip Turn|p1a: Azumarill
|-resisted|p1a: Azumarill
|-damage|p1a: Azumarill|31/100
|
|t:|1769414560
|switch|p2a: Iron Valiant|Iron Valiant|100/100|[from] Flip Turn
|
|upkeep
|turn|15
|
|t:|1769414573
|switch|p1a: Electrode|Electrode-Hisui|33/100
|move|p2a: Iron Valiant|Thunderbolt|p1a: Electrode
|-resisted|p1a: Electrode
|-damage|p1a: Electrode|22/100
|
|upkeep
|turn|16
|
|t:|1769414608
|-end|p2a: Iron Valiant|Quark Drive|[silent]
|switch|p2a: Hydrapple|Hydrapple, M|88/100
|move|p1a: Electrode|Leech Seed|p2a: Hydrapple
|-immune|p2a: Hydrapple
|
|upkeep
|turn|17
|
|t:|1769414621
|move|p1a: Electrode|Volt Switch|p2a: Hydrapple
|-resisted|p2a: Hydrapple
|-damage|p2a: Hydrapple|82/100
|
|t:|1769414631
|switch|p1a: Great Tusk|Great Tusk|100/100|[from] Volt Switch
|-damage|p1a: Great Tusk|98/100|[from] Stealth Rock
|-enditem|p1a: Great Tusk|Booster Energy
|-activate|p1a: Great Tusk|ability: Protosynthesis|[fromitem]
|-start|p1a: Great Tusk|protosynthesisspe
|move|p2a: Hydrapple|Nasty Plot|p2a: Hydrapple
|-boost|p2a: Hydrapple|spa|2
|
|upkeep
|turn|18
|
|t:|1769414641
|move|p1a: Great Tusk|Ice Spinner|p2a: Hydrapple
|-supereffective|p2a: Hydrapple
|-damage|p2a: Hydrapple|28/100
|-damage|p1a: Great Tusk|81/100|[from] item: Rocky Helmet|[of] p2a: Hydrapple
|move|p2a: Hydrapple|Giga Drain|p1a: Great Tusk
|-supereffective|p1a: Great Tusk
|-damage|p1a: Great Tusk|0 fnt
|-heal|p2a: Hydrapple|70/100|[from] drain|[of] p1a: Great Tusk
|faint|p1a: Great Tusk
|-end|p1a: Great Tusk|Protosynthesis|[silent]
|
|upkeep
|
|t:|1769414654
|switch|p1a: Kingambit|Kingambit, F|100/100
|-damage|p1a: Kingambit|94/100|[from] Stealth Rock
|-activate|p1a: Kingambit|ability: Supreme Overlord
|-start|p1a: Kingambit|fallen2|[silent]
|turn|19
|
|t:|1769414682
|move|p1a: Kingambit|Kowtow Cleave|p2a: Hydrapple
|-damage|p2a: Hydrapple|34/100
|-damage|p1a: Kingambit|78/100|[from] item: Rocky Helmet|[of] p2a: Hydrapple
|move|p2a: Hydrapple|Earth Power|p1a: Kingambit
|-supereffective|p1a: Kingambit
|-damage|p1a: Kingambit|0 fnt
|faint|p1a: Kingambit
|-end|p1a: Kingambit|fallen2|[silent]
|
|upkeep
|
|t:|1769414692
|switch|p1a: Greninja|Greninja, M|100/100
|-damage|p1a: Greninja|88/100|[from] Stealth Rock
|turn|20
|
|t:|1769414701
|switch|p2a: Alomomola|Alomomola, F|75/100
|move|p1a: Greninja|Dark Pulse|p2a: Alomomola
|-damage|p2a: Alomomola|39/100
|-damage|p1a: Greninja|78/100|[from] item: Life Orb
|
|upkeep
|turn|21
|
|t:|1769414708
|move|p1a: Greninja|Toxic Spikes|p2a: Alomomola
|-sidestart|p2: poopnuts56|move: Toxic Spikes
|move|p2a: Alomomola|Flip Turn|p1a: Greninja
|-resisted|p1a: Greninja
|-damage|p1a: Greninja|66/100
|
|t:|1769414714
|switch|p2a: Garganacl|Garganacl, M|100/100|[from] Flip Turn
|
|upkeep
|turn|22
|
|t:|1769414719
|-terastallize|p1a: Greninja|Water
|move|p1a: Greninja|Surf|p2a: Garganacl
|-supereffective|p2a: Garganacl
|-damage|p2a: Garganacl|4/100
|-damage|p1a: Greninja|56/100|[from] item: Life Orb
|move|p2a: Garganacl|Salt Cure|p1a: Greninja
|-damage|p1a: Greninja|34/100
|-start|p1a: Greninja|Salt Cure
|
|-heal|p2a: Garganacl|10/100|[from] item: Leftovers
|-damage|p1a: Greninja|9/100|[from] Salt Cure
|upkeep
|turn|23
|
|t:|1769414731
|move|p2a: Garganacl|Protect|p2a: Garganacl
|-singleturn|p2a: Garganacl|Protect
|move|p1a: Greninja|Dark Pulse|p2a: Garganacl
|-activate|p2a: Garganacl|move: Protect
|
|-heal|p2a: Garganacl|16/100|[from] item: Leftovers
|-damage|p1a: Greninja|0 fnt|[from] Salt Cure
|faint|p1a: Greninja
|upkeep
|-message|shnorkalface forfeited.
|
|win|poopnuts56
|raw|shnorkalface's rating: 1197 &rarr; <strong>1172</strong><br />(-25 for losing)
|raw|poopnuts56's rating: 1200 &rarr; <strong>1225</strong><br />(+25 for winning)
|l|☆shnorkalface
|player|p1|
|l|☆poopnuts56
|player|p2|
