|j|☆jsnsddk
|j|‽liamsdad
|t:|1769407904
|gametype|singles
|player|p1|jsnsddk|1|1613
|player|p2|liamsdad|bruno|1617
|gen|9
|tier|[Gen 9] OU
|rated|
|rule|HP Percentage Mod: HP is shown in percentages
|rule|Endless Battle Clause: Forcing endless battles is banned
|rule|Species Clause: Limit one of each Pokémon
|rule|OHKO Clause: OHKO moves are banned
|rule|Evasion Items Clause: Evasion items are banned
|rule|Evasion Moves Clause: Evasion moves are banned
|rule|Evasion Abilities Clause: Evasion abilities are banned
|rule|Sleep Moves Clause: Sleep-inducing moves are banned
|clearpoke
|poke|p1|Dragonite, M|
|poke|p1|Hatterene, F|
|poke|p1|Kingambit, F|
|poke|p1|Iron Crown|
|poke|p1|Crawdaunt, M|
|poke|p1|Manaphy|
|poke|p2|Pelipper, F|
|poke|p2|Ludicolo, F|
|poke|p2|Iron Treads|
|poke|p2|Barraskewda, M|
|poke|p2|Poliwrath, F|
|poke|p2|Wigglytuff, M|
|teampreview
|inactive|Battle timer is ON: inactive players will automatically lose when time's up. (requested by jsnsddk)
|
|t:|1769407912
|teamsize|p1|6
|teamsize|p2|6
|start
|switch|p1a: Hatterene|Hatterene, F|100/100
|switch|p2a: Pelipper|Pelipper, F|100/100
|-weather|RainDance|[from] ability: Drizzle|[of] p2a: Pelipper
|turn|1
|
|t:|1769407919
|move|p2a: Pelipper|Hurricane|p1a: Hatterene
|-damage|p1a: Hatterene|63/100
|move|p1a: Hatterene|Trick Room|p1a: Hatterene
|-fieldstart|move: Trick Room|[of] p1a: Hatterene
|
|-weather|RainDance|[upkeep]
|upkeep
|turn|2
|
|t:|1769407928
|move|p1a: Hatterene|Dazzling Gleam|p2a: Pelipper
|-damage|p2a: Pelipper|34/100
|move|p2a: Pelipper|U-turn|p1a: Hatterene
|-damage|p1a: Hatterene|52/100
|
|t:|1769407934
|switch|p2a: Iron Treads|Iron Treads|100/100|[from] U-turn
|
|-weather|RainDance|[upkeep]
|upkeep
|turn|3
|
|t:|1769407937
|move|p1a: Hatterene|Healing Wish|p1a: Hatterene
|faint|p1a: Hatterene
|move|p2a: Iron Treads|Volt Switch|p1: Hatterene|[notarget]
|-fail|p2a: Iron Treads
|
|-weather|RainDance|[upkeep]
|upkeep
|
|t:|1769407939
|switch|p1a: Crawdaunt|Crawdaunt, M|100/100
|turn|4
|
|t:|1769407953
|-end|p2a: Iron Treads|Quark Drive|[silent]
|switch|p2a: Ludicolo|Ludicolo, F|100/100
|move|p1a: Crawdaunt|Close Combat|p2a: Ludicolo
|-damage|p2a: Ludicolo|9/100
|-unboost|p1a: Crawdaunt|def|1
|-unboost|p1a: Crawdaunt|spd|1
|-damage|p1a: Crawdaunt|90/100|[from] item: Life Orb
|
|-weather|RainDance|[upkeep]
|upkeep
|turn|5
|
|t:|1769407958
|move|p1a: Crawdaunt|Knock Off|p2a: Ludicolo
|-damage|p2a: Ludicolo|0 fnt
|-enditem|p2a: Ludicolo|Life Orb|[from] move: Knock Off|[of] p1a: Crawdaunt
|faint|p2a: Ludicolo
|-damage|p1a: Crawdaunt|80/100|[from] item: Life Orb
|
|-weather|RainDance|[upkeep]
|-fieldend|move: Trick Room
|upkeep
|
|t:|1769407965
|switch|p2a: Barraskewda|Barraskewda, M|100/100
|turn|6
|
|t:|1769407968
|-terastallize|p2a: Barraskewda|Water
|move|p1a: Crawdaunt|Aqua Jet|p2a: Barraskewda
|-resisted|p2a: Barraskewda
|-damage|p2a: Barraskewda|47/100
|-damage|p1a: Crawdaunt|70/100|[from] item: Life Orb
|move|p2a: Barraskewda|Liquidation|p1a: Crawdaunt
|-resisted|p1a: Crawdaunt
|-damage|p1a: Crawdaunt|0 fnt
|faint|p1a: Crawdaunt
|
|-weather|RainDance|[upkeep]
|upkeep
|
|t:|1769407983
|switch|p1a: Dragonite|Dragonite, M|100/100
|turn|7
|
|t:|1769407991
|move|p2a: Barraskewda|Liquidation|p1a: Dragonite
|-resisted|p1a: Dragonite
|-damage|p1a: Dragonite|61/100
|-unboost|p1a: Dragonite|def|1
|move|p1a: Dragonite|Dragon Dance|p1a: Dragonite
|-boost|p1a: Dragonite|atk|1
|-boost|p1a: Dragonite|spe|1
|
|-weather|RainDance|[upkeep]
|upkeep
|turn|8
|
|t:|1769408002
|switch|p1a: Manaphy|Manaphy|100/100
|move|p2a: Barraskewda|Liquidation|p1a: Manaphy
|-resisted|p1a: Manaphy
|-damage|p1a: Manaphy|43/100
|
|-weather|none
|-heal|p1a: Manaphy|49/100|[from] item: Leftovers
|upkeep
|turn|9
|
|t:|1769408010
|switch|p2a: Pelipper|Pelipper, F|34/100
|-weather|RainDance|[from] ability: Drizzle|[of] p2a: Pelipper
|move|p1a: Manaphy|Scald|p2a: Pelipper
|-resisted|p2a: Pelipper
|-damage|p2a: Pelipper|0 fnt
|faint|p2a: Pelipper
|
|-weather|RainDance|[upkeep]
|-heal|p1a: Manaphy|55/100|[from] item: Leftovers
|upkeep
|
|t:|1769408012
|switch|p2a: Barraskewda|Barraskewda, M, tera:Water|47/100
|turn|10
|
|t:|1769408021
|move|p2a: Barraskewda|Liquidation|p1a: Manaphy
|-resisted|p1a: Manaphy
|-damage|p1a: Manaphy|0 fnt
|faint|p1a: Manaphy
|
|-weather|RainDance|[upkeep]
|upkeep
|
|t:|1769408024
|switch|p1a: Dragonite|Dragonite, M|61/100
|-heal|p1a: Dragonite|100/100|[from] move: Healing Wish
|turn|11
|
|t:|1769408027
|move|p2a: Barraskewda|Liquidation|p1a: Dragonite
|-resisted|p1a: Dragonite
|-damage|p1a: Dragonite|65/100
|-unboost|p1a: Dragonite|def|1
|move|p1a: Dragonite|Scale Shot|p2a: Barraskewda
|-damage|p2a: Barraskewda|20/100
|-damage|p2a: Barraskewda|0 fnt
|faint|p2a: Barraskewda
|-hitcount|p2: Barraskewda|2
|-unboost|p1a: Dragonite|def|1
|-boost|p1a: Dragonite|spe|1
|
|-weather|RainDance|[upkeep]
|upkeep
|
|t:|1769408038
|switch|p2a: Poliwrath|Poliwrath, F|100/100
|turn|12
|
|t:|1769408046
|move|p2a: Poliwrath|Liquidation|p1a: Dragonite
|-resisted|p1a: Dragonite
|-damage|p1a: Dragonite|0 fnt
|faint|p1a: Dragonite
|
|-weather|RainDance|[upkeep]
|upkeep
|
|t:|1769408053
|switch|p1a: Iron Crown|Iron Crown|100/100
|-enditem|p1a: Iron Crown|Booster Energy
|-activate|p1a: Iron Crown|ability: Quark Drive|[fromitem]
|-start|p1a: Iron Crown|quarkdrivespe
|turn|13
|
|t:|1769408061
|move|p1a: Iron Crown|Psyshock|p2a: Poliwrath
|-supereffective|p2a: Poliwrath
|-damage|p2a: Poliwrath|15/100
|-enditem|p2a: Poliwrath|Sitrus Berry|[eat]
|-heal|p2a: Poliwrath|40/100|[from] item: Sitrus Berry
|move|p2a: Poliwrath|Liquidation|p1a: Iron Crown
|-damage|p1a: Iron Crown|45/100
|-unboost|p1a: Iron Crown|def|1
|
|-weather|RainDance|[upkeep]
|upkeep
|turn|14
|
|t:|1769408069
|switch|p2a: Iron Treads|Iron Treads|100/100
|move|p1a: Iron Crown|Psyshock|p2a: Iron Treads
|-resisted|p2a: Iron Treads
|-crit|p2a: Iron Treads
|-damage|p2a: Iron Treads|77/100
|
|-weather|RainDance|[upkeep]
|upkeep
|turn|15
|
|t:|1769408076
|-terastallize|p1a: Iron Crown|Fighting
|move|p1a: Iron Crown|Focus Blast|p2a: Iron Treads
|-supereffective|p2a: Iron Treads
|-damage|p2a: Iron Treads|17/100
|move|p2a: Iron Treads|Earthquake|p1a: Iron Crown
|-damage|p1a: Iron Crown|0 fnt
|faint|p1a: Iron Crown
|-end|p1a: Iron Crown|Quark Drive|[silent]
|
|-weather|RainDance|[upkeep]
|upkeep
|
|t:|1769408082
|switch|p1a: Kingambit|Kingambit, F|100/100
|-activate|p1a: Kingambit|ability: Supreme Overlord
|-start|p1a: Kingambit|fallen5|[silent]
|turn|16
|j| just-jaype
|
|t:|1769408094
|move|p2a: Iron Treads|Earthquake|p1a: Kingambit
|-supereffective|p1a: Kingambit
|-damage|p1a: Kingambit|39/100
|move|p1a: Kingambit|Swords Dance|p1a: Kingambit
|-boost|p1a: Kingambit|atk|2
|
|-weather|none
|upkeep
|turn|17
|l| just-jaype
|
|t:|1769408098
|-end|p2a: Iron Treads|Quark Drive|[silent]
|switch|p2a: Wigglytuff|Wigglytuff, M|100/100
|-item|p1a: Kingambit|Black Glasses|[from] ability: Frisk|[of] p2a: Wigglytuff
|move|p1a: Kingambit|Sucker Punch||[still]
|-fail|p1a: Kingambit
|
|upkeep
|turn|18
|
|t:|1769408102
|move|p1a: Kingambit|Kowtow Cleave|p2a: Wigglytuff
|-resisted|p2a: Wigglytuff
|-damage|p2a: Wigglytuff|0 fnt
|-damage|p1a: Kingambit|22/100|[from] item: Rocky Helmet|[of] p2a: Wigglytuff
|faint|p2a: Wigglytuff
|
|upkeep
|
|t:|1769408110
|switch|p2a: Poliwrath|Poliwrath, F|40/100
|turn|19
|
|t:|1769408113
|move|p1a: Kingambit|Sucker Punch|p2a: Poliwrath
|-resisted|p2a: Poliwrath
|-damage|p2a: Poliwrath|0 fnt
|faint|p2a: Poliwrath
|
|upkeep
|-message|liamsdad forfeited.
|
|win|jsnsddk
|raw|jsnsddk's rating: 1613 &rarr; <strong>1633</strong><br />(+20 for winning)
|raw|liamsdad's rating: 1617 &rarr; <strong>1597</strong><br />(-20 for losing)
|l|‽liamsdad
|player|p2|
