|j|☆dragonyuk
|j|☆gz01
|t:|1769306884
|gametype|singles
|player|p1|dragonyuk|169|1192
|player|p2|gz01|red|1268
|gen|9
|tier|[Gen 9] OU
|rated|
|rule|HP Percentage Mod: HP is shown in percentages
|rule|Endless Battle Clause: Forcing endless battles is banned
|rule|Species Clause: Limit one of each Pokémon
|rule|OHKO Clause: OHKO moves are banned
|rule|Evasion Items Clause: Evasion items are banned
|rule|Evasion Moves Clause: Evasion moves are banned
|rule|Evasion Abilities Clause: Evasion abilities are banned
|rule|Sleep Moves Clause: Sleep-inducing moves are banned
|clearpoke
|poke|p1|Magneton|
|poke|p1|Psyduck, F|
|poke|p1|Toxapex, F|
|poke|p1|Zoroark-Hisui, M|
|poke|p1|Maushold|
|poke|p1|Hitmontop, M|
|poke|p2|Torkoal, M|
|poke|p2|Walking Wake|
|poke|p2|Venusaur, F|
|poke|p2|Typhlosion-Hisui, F|
|poke|p2|Great Tusk|
|poke|p2|Brute Bonnet|
|teampreview
|inactive|Battle timer is ON: inactive players will automatically lose when time's up. (requested by gz01)
|
|t:|1769306897
|teamsize|p1|6
|teamsize|p2|6
|start
|switch|p1a: Family|Maushold|100/100
|switch|p2a: Koalosun|Torkoal, M, shiny|100/100
|-weather|SunnyDay|[from] ability: Drought|[of] p2a: Koalosun
|turn|1
|
|t:|1769306900
|move|p1a: Family|Tidy Up|p1a: Family
|-boost|p1a: Family|atk|1
|-boost|p1a: Family|spe|1
|move|p2a: Koalosun|Overheat|p1a: Family
|-damage|p1a: Family|3/100
|-unboost|p2a: Koalosun|spa|2
|
|-weather|SunnyDay|[upkeep]
|upkeep
|turn|2
|
|t:|1769306909
|move|p1a: Family|Population Bomb|p2a: Koalosun
|-damage|p2a: Koalosun|90/100
|-damage|p2a: Koalosun|78/100
|-damage|p2a: Koalosun|68/100
|-damage|p2a: Koalosun|57/100
|-damage|p2a: Koalosun|46/100
|-damage|p2a: Koalosun|36/100
|-damage|p2a: Koalosun|25/100
|-damage|p2a: Koalosun|13/100
|-damage|p2a: Koalosun|1/100
|-damage|p2a: Koalosun|0 fnt
|faint|p2a: Koalosun
|-hitcount|p2: Koalosun|10
|
|-weather|SunnyDay|[upkeep]
|upkeep
|
|t:|1769306916
|switch|p2a: Vicious Plant|Brute Bonnet, shiny|100/100
|-activate|p2a: Vicious Plant|ability: Protosynthesis
|-start|p2a: Vicious Plant|protosynthesisatk
|turn|3
|
|t:|1769306936
|switch|p1a: DA WALL|Toxapex, F|100/100
|move|p2a: Vicious Plant|Sucker Punch||[still]
|-fail|p2a: Vicious Plant
|
|-weather|SunnyDay|[upkeep]
|upkeep
|turn|4
|
|t:|1769306942
|-end|p2a: Vicious Plant|Protosynthesis|[silent]
|switch|p2a: Sauros|Venusaur, F, shiny|100/100
|move|p1a: DA WALL|Gunk Shot|p2a: Sauros|[miss]
|-miss|p1a: DA WALL|p2a: Sauros
|
|-weather|SunnyDay|[upkeep]
|upkeep
|turn|5
|
|t:|1769306946
|move|p2a: Sauros|Earth Power|p1a: DA WALL
|-supereffective|p1a: DA WALL
|-damage|p1a: DA WALL|40/100
|-damage|p2a: Sauros|91/100|[from] item: Life Orb
|move|p1a: DA WALL|Gunk Shot|p2a: Sauros
|-damage|p2a: Sauros|8/100
|
|-weather|SunnyDay|[upkeep]
|upkeep
|turn|6
|
|t:|1769306961
|switch|p1a: Family|Maushold|3/100
|move|p2a: Sauros|Earth Power|p1a: Family
|-damage|p1a: Family|0 fnt
|faint|p1a: Family
|-damage|p2a: Sauros|0 fnt|[from] item: Life Orb
|faint|p2a: Sauros
|
|-weather|SunnyDay|[upkeep]
|upkeep
|
|t:|1769306970
|switch|p1a: FEAR ME|Psyduck, F|100/100
|switch|p2a: Vicious Plant|Brute Bonnet, shiny|100/100
|-ability|p1a: FEAR ME|Cloud Nine
|turn|7
|
|t:|1769306974
|move|p2a: Vicious Plant|Seed Bomb|p1a: FEAR ME
|-supereffective|p1a: FEAR ME
|-enditem|p1a: FEAR ME|Focus Sash
|-damage|p1a: FEAR ME|1/100
|-damage|p2a: Vicious Plant|91/100|[from] item: Life Orb
|move|p1a: FEAR ME|Endeavor|p2a: Vicious Plant
|-damage|p2a: Vicious Plant|1/100
|
|-weather|SunnyDay|[upkeep]
|upkeep
|turn|8
|
|t:|1769306980
|move|p2a: Vicious Plant|Sucker Punch|p1a: FEAR ME
|-damage|p1a: FEAR ME|0 fnt
|faint|p1a: FEAR ME
|-activate|p2a: Vicious Plant|ability: Protosynthesis
|-start|p2a: Vicious Plant|protosynthesisatk
|-damage|p2a: Vicious Plant|0 fnt|[from] item: Life Orb
|faint|p2a: Vicious Plant
|-end|p2a: Vicious Plant|Protosynthesis|[silent]
|
|-weather|none
|upkeep
|
|t:|1769306986
|switch|p2a: Raging Bull|Great Tusk, shiny|100/100
|switch|p1a: DA WALL|Toxapex, F|73/100
|turn|9
|
|t:|1769306999
|move|p2a: Raging Bull|Headlong Rush|p1a: DA WALL
|-supereffective|p1a: DA WALL
|-damage|p1a: DA WALL|0 fnt
|-unboost|p2a: Raging Bull|def|1
|-unboost|p2a: Raging Bull|spd|1
|faint|p1a: DA WALL
|
|upkeep
|
|t:|1769307002
|switch|p1a: Beyblade|Hitmontop, M|100/100
|turn|10
|
|t:|1769307013
|-end|p2a: Raging Bull|Protosynthesis|[silent]
|switch|p2a: Phlosion-Hence|Typhlosion-Hisui, F, shiny|100/100
|move|p1a: Beyblade|Triple Axel|p2a: Phlosion-Hence
|-resisted|p2a: Phlosion-Hence
|-damage|p2a: Phlosion-Hence|94/100
|-resisted|p2a: Phlosion-Hence
|-damage|p2a: Phlosion-Hence|80/100
|-resisted|p2a: Phlosion-Hence
|-damage|p2a: Phlosion-Hence|62/100
|-hitcount|p2a: Phlosion-Hence|3
|
|upkeep
|turn|11
|
|t:|1769307021
|-terastallize|p2a: Phlosion-Hence|Fire
|move|p2a: Phlosion-Hence|Flamethrower|p1a: Beyblade
|-damage|p1a: Beyblade|41/100
|move|p1a: Beyblade|Triple Axel|p2a: Phlosion-Hence|[miss]
|-miss|p1a: Beyblade|p2a: Phlosion-Hence
|
|-heal|p1a: Beyblade|47/100|[from] item: Leftovers
|upkeep
|turn|12
|
|t:|1769307028
|move|p1a: Beyblade|Mach Punch|p2a: Phlosion-Hence
|-crit|p2a: Phlosion-Hence
|-damage|p2a: Phlosion-Hence|4/100
|move|p2a: Phlosion-Hence|Flamethrower|p1a: Beyblade
|-damage|p1a: Beyblade|0 fnt
|faint|p1a: Beyblade
|
|upkeep
|
|t:|1769307036
|switch|p1a: DA GOAT|Magneton, shiny|100/100
|turn|13
|
|t:|1769307039
|move|p2a: Phlosion-Hence|Flamethrower|p1a: DA GOAT
|-supereffective|p1a: DA GOAT
|-ability|p1a: DA GOAT|Sturdy
|-damage|p1a: DA GOAT|1/100
|move|p1a: DA GOAT|Volt Switch|p2a: Phlosion-Hence
|-crit|p2a: Phlosion-Hence
|-damage|p2a: Phlosion-Hence|0 fnt
|faint|p2a: Phlosion-Hence
|
|t:|1769307040
|switch|p1a: DA GOAT|Magneton, shiny|100/100|[from] Volt Switch
|
|upkeep
|
|t:|1769307062
|switch|p2a: Raging Bull|Great Tusk, shiny|100/100
|turn|14
|
|t:|1769307064
|-terastallize|p1a: DA GOAT|Ghost
|move|p1a: DA GOAT|Shadow Ball|p2a: Raging Bull
|-damage|p2a: Raging Bull|0 fnt
|faint|p2a: Raging Bull
|-end|p2a: Raging Bull|Protosynthesis|[silent]
|
|upkeep
|
|t:|1769307069
|switch|p2a: Dual Blades|Walking Wake|100/100
|turn|15
|
|t:|1769307071
|move|p1a: DA GOAT|Shadow Ball|p2a: Dual Blades
|-damage|p2a: Dual Blades|6/100
|move|p2a: Dual Blades|Hydro Steam|p1a: DA GOAT
|-damage|p1a: DA GOAT|0 fnt
|replace|p1a: Bark bark|Zoroark-Hisui, M
|-end|p1a: Bark bark|Illusion
|faint|p1a: Bark bark
|
|upkeep
|
|t:|1769307075
|switch|p1a: DA GOAT|Magneton, shiny|1/100
|turn|16
|
|t:|1769307078
|move|p1a: DA GOAT|Thunderbolt|p2a: Dual Blades
|-damage|p2a: Dual Blades|0 fnt
|faint|p2a: Dual Blades
|-end|p2a: Dual Blades|Protosynthesis|[silent]
|
|win|dragonyuk
|raw|dragonyuk's rating: 1192 &rarr; <strong>1222</strong><br />(+30 for winning)
|raw|gz01's rating: 1268 &rarr; <strong>1238</strong><br />(-30 for losing)
|l|☆dragonyuk
|player|p1|
|l|☆gz01
|player|p2|
