|j|☆qunyangtuo
|j|☆toxel.png
|t:|1769310244
|gametype|singles
|player|p1|qunyangtuo|red|1409
|player|p2|toxel.png|roxie|1414
|gen|9
|tier|[Gen 9] OU
|rated|
|rule|HP Percentage Mod: HP is shown in percentages
|rule|Endless Battle Clause: Forcing endless battles is banned
|rule|Species Clause: Limit one of each Pokémon
|rule|OHKO Clause: OHKO moves are banned
|rule|Evasion Items Clause: Evasion items are banned
|rule|Evasion Moves Clause: Evasion moves are banned
|rule|Evasion Abilities Clause: Evasion abilities are banned
|rule|Sleep Moves Clause: Sleep-inducing moves are banned
|clearpoke
|poke|p1|Deoxys-Speed|
|poke|p1|Ceruledge, F|
|poke|p1|Zamazenta-*|
|poke|p1|Ogerpon-Wellspring, F|
|poke|p1|Glimmora, F|
|poke|p1|Moltres-Galar|
|poke|p2|Grimmsnarl, M|
|poke|p2|Toxtricity, M|
|poke|p2|Dragonite, M|
|poke|p2|Incineroar, M|
|poke|p2|Weavile, M|
|poke|p2|Corviknight, F|
|teampreview
|inactive|Battle timer is ON: inactive players will automatically lose when time's up. (requested by qunyangtuo)
|inactive|toxel.png has 120 seconds left.
|
|t:|1769310286
|teamsize|p1|6
|teamsize|p2|6
|start
|switch|p1a: Glimmora|Glimmora, F|100/100
|switch|p2a: ♪ Chop Suey!|Grimmsnarl, M|100/100
|turn|1
|
|t:|1769310295
|move|p2a: ♪ Chop Suey!|Thunder Wave|p1a: Glimmora
|-status|p1a: Glimmora|par
|cant|p1a: Glimmora|par
|
|upkeep
|turn|2
|
|t:|1769310302
|move|p2a: ♪ Chop Suey!|Parting Shot|p1a: Glimmora
|-unboost|p1a: Glimmora|atk|1
|-unboost|p1a: Glimmora|spa|1
|
|t:|1769310304
|switch|p2a: ♪ Still Shinin’|Corviknight, F|100/100|[from] Parting Shot
|-ability|p2a: ♪ Still Shinin’|Pressure
|move|p1a: Glimmora|Meteor Beam||[still]
|-prepare|p1a: Glimmora|Meteor Beam
|-boost|p1a: Glimmora|spa|1
|-enditem|p1a: Glimmora|Power Herb
|-anim|p1a: Glimmora|Meteor Beam|p2a: ♪ Still Shinin’
|-damage|p2a: ♪ Still Shinin’|40/100
|
|upkeep
|turn|3
|
|t:|1769310320
|move|p2a: ♪ Still Shinin’|Roost|p2a: ♪ Still Shinin’
|-heal|p2a: ♪ Still Shinin’|90/100
|-singleturn|p2a: ♪ Still Shinin’|move: Roost
|cant|p1a: Glimmora|par
|
|upkeep
|turn|4
|
|t:|1769310329
|move|p2a: ♪ Still Shinin’|U-turn|p1a: Glimmora
|-resisted|p1a: Glimmora
|-damage|p1a: Glimmora|92/100 par
|-activate|p1a: Glimmora|ability: Toxic Debris
|-sidestart|p2: toxel.png|move: Toxic Spikes
|
|t:|1769310331
|switch|p2a: ♪ Chop Suey!|Grimmsnarl, M|100/100|[from] U-turn
|move|p1a: Glimmora|Meteor Beam||[still]
|-prepare|p1a: Glimmora|Meteor Beam
|-boost|p1a: Glimmora|spa|1
|
|upkeep
|turn|5
|
|t:|1769310340
|move|p2a: ♪ Chop Suey!|Parting Shot|p1a: Glimmora
|-unboost|p1a: Glimmora|atk|1
|-unboost|p1a: Glimmora|spa|1
|
|t:|1769310342
|switch|p2a: ♪ Still Shinin’|Corviknight, F|90/100|[from] Parting Shot
|-ability|p2a: ♪ Still Shinin’|Pressure
|move|p1a: Glimmora|Meteor Beam|p2a: ♪ Still Shinin’|[from] lockedmove
|-damage|p2a: ♪ Still Shinin’|29/100
|
|upkeep
|turn|6
|
|t:|1769310351
|move|p2a: ♪ Still Shinin’|U-turn|p1a: Glimmora
|-resisted|p1a: Glimmora
|-damage|p1a: Glimmora|84/100 par
|-activate|p1a: Glimmora|ability: Toxic Debris
|-sidestart|p2: toxel.png|move: Toxic Spikes
|
|t:|1769310353
|switch|p2a: ♪ Stricken|Toxtricity, M|100/100|[from] U-turn
|-sideend|p2: toxel.png|move: Toxic Spikes|[of] p2a: ♪ Stricken
|cant|p1a: Glimmora|par
|
|upkeep
|turn|7
|
|t:|1769310361
|move|p2a: ♪ Stricken|Overdrive|p1a: Glimmora
|-damage|p1a: Glimmora|0 fnt
|faint|p1a: Glimmora
|
|upkeep
|
|t:|1769310373
|switch|p1a: Deoxys|Deoxys-Speed|100/100
|-ability|p1a: Deoxys|Pressure
|turn|8
|
|t:|1769310389
|switch|p2a: ♪ One Beer|Incineroar, M|100/100
|-ability|p2a: ♪ One Beer|Intimidate|boost
|-unboost|p1a: Deoxys|atk|1
|move|p1a: Deoxys|Light Screen|p1a: Deoxys
|-sidestart|p1: qunyangtuo|move: Light Screen
|
|upkeep
|turn|9
|
|t:|1769310396
|move|p1a: Deoxys|Taunt|p2a: ♪ One Beer
|-start|p2a: ♪ One Beer|move: Taunt
|move|p2a: ♪ One Beer|Knock Off|p1a: Deoxys
|-supereffective|p1a: Deoxys
|-damage|p1a: Deoxys|11/100
|-enditem|p1a: Deoxys|Light Clay|[from] move: Knock Off|[of] p2a: ♪ One Beer
|
|upkeep
|turn|10
|j| garfieldfan2405
|
|t:|1769310404
|move|p1a: Deoxys|Reflect|p1a: Deoxys
|-sidestart|p1: qunyangtuo|Reflect
|move|p2a: ♪ One Beer|Knock Off|p1a: Deoxys
|-supereffective|p1a: Deoxys
|-damage|p1a: Deoxys|0 fnt
|faint|p1a: Deoxys
|
|upkeep
|
|t:|1769310412
|switch|p1a: Ogerpon|Ogerpon-Wellspring, F|100/100
|turn|11
|
|t:|1769310416
|switch|p2a: ♪ Still Shinin’|Corviknight, F|29/100
|-ability|p2a: ♪ Still Shinin’|Pressure
|move|p1a: Ogerpon|Swords Dance|p1a: Ogerpon
|-boost|p1a: Ogerpon|atk|2
|
|upkeep
|turn|12
|
|t:|1769310424
|move|p1a: Ogerpon|Ivy Cudgel|p2a: ♪ Still Shinin’|[anim] Ivy Cudgel Water
|-damage|p2a: ♪ Still Shinin’|0 fnt
|faint|p2a: ♪ Still Shinin’
|
|upkeep
|l| garfieldfan2405
|
|t:|1769310431
|switch|p2a: ♪ One Beer|Incineroar, M|100/100
|-ability|p2a: ♪ One Beer|Intimidate|boost
|-unboost|p1a: Ogerpon|atk|1
|turn|13
|
|t:|1769310439
|move|p1a: Ogerpon|Ivy Cudgel|p2a: ♪ One Beer|[anim] Ivy Cudgel Water
|-supereffective|p2a: ♪ One Beer
|-damage|p2a: ♪ One Beer|0 fnt
|faint|p2a: ♪ One Beer
|
|upkeep
|
|t:|1769310453
|switch|p2a: ♪ Chop Suey!|Grimmsnarl, M|100/100
|turn|14
|
|t:|1769310464
|-terastallize|p1a: Ogerpon|Water
|detailschange|p1a: Ogerpon|Ogerpon-Wellspring-Tera, F, tera:Water
|-ability|p1a: Ogerpon|Embody Aspect (Wellspring)|boost
|-boost|p1a: Ogerpon|spd|1
|move|p2a: ♪ Chop Suey!|Thunder Wave|p1a: Ogerpon
|-status|p1a: Ogerpon|par
|move|p1a: Ogerpon|Ivy Cudgel|p2a: ♪ Chop Suey!|[anim] Ivy Cudgel Water
|-damage|p2a: ♪ Chop Suey!|0 fnt
|faint|p2a: ♪ Chop Suey!
|
|-sideend|p1: qunyangtuo|Reflect
|upkeep
|
|t:|1769310468
|switch|p2a: ♪ Stricken|Toxtricity, M|100/100
|turn|15
|
|t:|1769310485
|switch|p1a: Moltres|Moltres-Galar|100/100
|move|p2a: ♪ Stricken|Volt Switch|p1a: Moltres
|-supereffective|p1a: Moltres
|-damage|p1a: Moltres|55/100
|
|t:|1769310493
|switch|p2a: ♪ King Von|Weavile, M|100/100|[from] Volt Switch
|-ability|p2a: ♪ King Von|Pressure
|
|-sideend|p1: qunyangtuo|move: Light Screen
|upkeep
|turn|16
|
|t:|1769310504
|switch|p1a: Ceruledge|Ceruledge, F|100/100
|move|p2a: ♪ King Von|Triple Axel|p1a: Ceruledge
|-resisted|p1a: Ceruledge
|-damage|p1a: Ceruledge|91/100
|-ability|p1a: Ceruledge|Weak Armor|boost
|-unboost|p1a: Ceruledge|def|1
|-boost|p1a: Ceruledge|spe|2
|-resisted|p1a: Ceruledge
|-damage|p1a: Ceruledge|65/100
|-ability|p1a: Ceruledge|Weak Armor|boost
|-unboost|p1a: Ceruledge|def|1
|-boost|p1a: Ceruledge|spe|2
|-resisted|p1a: Ceruledge
|-damage|p1a: Ceruledge|15/100
|-ability|p1a: Ceruledge|Weak Armor|boost
|-unboost|p1a: Ceruledge|def|1
|-boost|p1a: Ceruledge|spe|2
|-hitcount|p1a: Ceruledge|3
|
|upkeep
|turn|17
|
|t:|1769310525
|switch|p2a: ♪ Stricken|Toxtricity, M|100/100
|move|p1a: Ceruledge|Bitter Blade|p2a: ♪ Stricken
|-damage|p2a: ♪ Stricken|4/100
|-heal|p1a: Ceruledge|59/100|[from] drain|[of] p2a: ♪ Stricken
|-damage|p1a: Ceruledge|49/100|[from] item: Life Orb
|
|upkeep
|turn|18
|
|t:|1769310535
|move|p1a: Ceruledge|Shadow Sneak|p2a: ♪ Stricken
|-damage|p2a: ♪ Stricken|0 fnt
|faint|p2a: ♪ Stricken
|-damage|p1a: Ceruledge|40/100|[from] item: Life Orb
|
|upkeep
|
|t:|1769310537
|switch|p2a: ♪ King Von|Weavile, M|100/100
|-ability|p2a: ♪ King Von|Pressure
|turn|19
|
|t:|1769310544
|-terastallize|p2a: ♪ King Von|Ice
|move|p2a: ♪ King Von|Ice Shard|p1a: Ceruledge
|-resisted|p1a: Ceruledge
|-damage|p1a: Ceruledge|0 fnt
|faint|p1a: Ceruledge
|
|upkeep
|
|t:|1769310553
|switch|p1a: Zamazenta|Zamazenta|100/100
|-ability|p1a: Zamazenta|Dauntless Shield|boost
|-boost|p1a: Zamazenta|def|1
|turn|20
|-message|toxel.png forfeited.
|
|win|qunyangtuo
|raw|qunyangtuo's rating: 1409 &rarr; <strong>1429</strong><br />(+20 for winning)
|raw|toxel.png's rating: 1414 &rarr; <strong>1394</strong><br />(-20 for losing)
|l|☆toxel.png
|player|p2|
|l|☆qunyangtuo
|player|p1|
|j|☆qunyangtuo
|player|p1|qunyangtuo|red|
|l|☆qunyangtuo
|player|p1|
