|j|☆Peekaboo_run
|j|☆Owenhaddington
|t:|1769376036
|gametype|singles
|player|p1|Peekaboo_run|hiker-gen4|
|player|p2|Owenhaddington|265|
|gen|9
|tier|[Gen 9] OU
|rule|HP Percentage Mod: HP is shown in percentages
|rule|Endless Battle Clause: Forcing endless battles is banned
|rule|Species Clause: Limit one of each Pokémon
|rule|OHKO Clause: OHKO moves are banned
|rule|Evasion Items Clause: Evasion items are banned
|rule|Evasion Moves Clause: Evasion moves are banned
|rule|Evasion Abilities Clause: Evasion abilities are banned
|rule|Sleep Moves Clause: Sleep-inducing moves are banned
|clearpoke
|poke|p1|Golurk|
|poke|p1|Heatran, F|
|poke|p1|Maushold-Four|
|poke|p1|Hydreigon, M|
|poke|p1|Zapdos|
|poke|p1|Enamorus, F|
|poke|p2|Kingambit, M|
|poke|p2|Darkrai|
|poke|p2|Maushold-Four|
|poke|p2|Kyurem|
|poke|p2|Dragapult, M|
|poke|p2|Quaquaval, F|
|teampreview
|
|t:|1769376048
|teamsize|p1|6
|teamsize|p2|6
|start
|switch|p1a: Golurk|Golurk, shiny|100/100
|switch|p2a: Dragapult|Dragapult, M|100/100
|turn|1
|
|t:|1769376056
|-terastallize|p1a: Golurk|Fighting
|move|p2a: Dragapult|Hydro Pump|p1a: Golurk
|-damage|p1a: Golurk|69/100
|move|p1a: Golurk|Close Combat|p2a: Dragapult
|-immune|p2a: Dragapult
|
|upkeep
|turn|2
|
|t:|1769376066
|switch|p1a: Heatran|Heatran, F, shiny|100/100
|move|p2a: Dragapult|Hydro Pump|p1a: Heatran
|-supereffective|p1a: Heatran
|-damage|p1a: Heatran|52/100
|
|upkeep
|turn|3
|
|t:|1769376081
|switch|p1a: Zapdos|Zapdos|100/100
|move|p2a: Dragapult|Hydro Pump|p1a: Zapdos
|-damage|p1a: Zapdos|74/100
|
|upkeep
|turn|4
|
|t:|1769376089
|move|p2a: Dragapult|Draco Meteor|p1a: Zapdos
|-damage|p1a: Zapdos|25/100
|-unboost|p2a: Dragapult|spa|2
|move|p1a: Zapdos|Brave Bird|p2a: Dragapult
|-damage|p2a: Dragapult|55/100
|-damage|p1a: Zapdos|10/100|[from] Recoil
|
|upkeep
|turn|5
|
|t:|1769376098
|move|p2a: Dragapult|Draco Meteor|p1a: Zapdos
|-damage|p1a: Zapdos|0 fnt
|-unboost|p2a: Dragapult|spa|2
|faint|p1a: Zapdos
|
|upkeep
|
|t:|1769376106
|switch|p1a: Enamorus|Enamorus, F|100/100
|turn|6
|
|t:|1769376113
|move|p2a: Dragapult|Draco Meteor|p1a: Enamorus
|-immune|p1a: Enamorus
|move|p1a: Enamorus|Springtide Storm|p2a: Dragapult
|-supereffective|p2a: Dragapult
|-damage|p2a: Dragapult|0 fnt
|faint|p2a: Dragapult
|
|upkeep
|
|t:|1769376120
|switch|p2a: Darkrai|Darkrai|100/100
|turn|7
|
|t:|1769376125
|move|p2a: Darkrai|Ice Beam|p1a: Enamorus
|-supereffective|p1a: Enamorus
|-damage|p1a: Enamorus|31/100
|move|p1a: Enamorus|Springtide Storm|p2a: Darkrai
|-supereffective|p2a: Darkrai
|-damage|p2a: Darkrai|9/100
|-unboost|p2a: Darkrai|atk|1
|
|upkeep
|turn|8
|
|t:|1769376137
|switch|p1a: Hydreigon|Hydreigon, M|100/100
|move|p2a: Darkrai|Ice Beam|p1a: Hydreigon
|-supereffective|p1a: Hydreigon
|-damage|p1a: Hydreigon|38/100
|
|-heal|p1a: Hydreigon|44/100|[from] item: Leftovers
|upkeep
|turn|9
|
|t:|1769376150
|switch|p1a: Golurk|Golurk, shiny, tera:Fighting|69/100
|move|p2a: Darkrai|Ice Beam|p1a: Golurk
|-damage|p1a: Golurk|36/100
|
|upkeep
|turn|10
|
|t:|1769376158
|switch|p2a: Kingambit|Kingambit, M|100/100
|move|p1a: Golurk|Close Combat|p2a: Kingambit
|-supereffective|p2a: Kingambit
|-damage|p2a: Kingambit|0 fnt
|-unboost|p1a: Golurk|def|1
|-unboost|p1a: Golurk|spd|1
|faint|p2a: Kingambit
|
|upkeep
|
|t:|1769376166
|switch|p2a: Quaquaval|Quaquaval, F|100/100
|turn|11
|
|t:|1769376174
|move|p2a: Quaquaval|Close Combat|p1a: Golurk
|-damage|p1a: Golurk|0 fnt
|-unboost|p2a: Quaquaval|def|1
|-unboost|p2a: Quaquaval|spd|1
|faint|p1a: Golurk
|
|upkeep
|
|t:|1769376191
|switch|p1a: Enamorus|Enamorus, F|31/100
|turn|12
|
|t:|1769376194
|move|p1a: Enamorus|Springtide Storm|p2a: Quaquaval
|-supereffective|p2a: Quaquaval
|-damage|p2a: Quaquaval|0 fnt
|faint|p2a: Quaquaval
|
|upkeep
|
|t:|1769376201
|switch|p2a: Kyurem|Kyurem|100/100
|-ability|p2a: Kyurem|Pressure
|turn|13
|
|t:|1769376209
|move|p1a: Enamorus|Springtide Storm|p2a: Kyurem
|-supereffective|p2a: Kyurem
|-damage|p2a: Kyurem|40/100
|-unboost|p2a: Kyurem|atk|1
|move|p2a: Kyurem|Blizzard|p1a: Enamorus
|-supereffective|p1a: Enamorus
|-damage|p1a: Enamorus|0 fnt
|faint|p1a: Enamorus
|
|upkeep
|
|t:|1769376225
|switch|p1a: Maushold|Maushold-Four|100/100
|turn|14
|
|t:|1769376229
|move|p1a: Maushold|Population Bomb|p2a: Kyurem|[miss]
|-miss|p1a: Maushold|p2a: Kyurem
|move|p2a: Kyurem|Ancient Power|p1a: Maushold
|-damage|p1a: Maushold|73/100
|
|upkeep
|turn|15
|
|t:|1769376236
|move|p1a: Maushold|Bullet Seed|p2a: Kyurem
|-resisted|p2a: Kyurem
|-damage|p2a: Kyurem|37/100
|-resisted|p2a: Kyurem
|-damage|p2a: Kyurem|34/100
|-resisted|p2a: Kyurem
|-damage|p2a: Kyurem|31/100
|-resisted|p2a: Kyurem
|-damage|p2a: Kyurem|28/100
|-hitcount|p2a: Kyurem|4
|move|p2a: Kyurem|Ancient Power|p1a: Maushold
|-damage|p1a: Maushold|47/100
|-boost|p2a: Kyurem|atk|1
|-boost|p2a: Kyurem|def|1
|-boost|p2a: Kyurem|spa|1
|-boost|p2a: Kyurem|spd|1
|-boost|p2a: Kyurem|spe|1
|
|upkeep
|turn|16
|
|t:|1769376249
|move|p1a: Maushold|Population Bomb|p2a: Kyurem
|-damage|p2a: Kyurem|23/100
|-damage|p2a: Kyurem|18/100
|-damage|p2a: Kyurem|13/100
|-damage|p2a: Kyurem|8/100
|-damage|p2a: Kyurem|2/100
|-damage|p2a: Kyurem|0 fnt
|faint|p2a: Kyurem
|-hitcount|p2: Kyurem|6
|
|upkeep
|
|t:|1769376261
|switch|p2a: Darkrai|Darkrai|9/100
|turn|17
|
|t:|1769376264
|move|p1a: Maushold|Bullet Seed|p2a: Darkrai
|-damage|p2a: Darkrai|0 fnt
|faint|p2a: Darkrai
|-hitcount|p2: Darkrai|1
|
|upkeep
|
|t:|1769376269
|switch|p2a: Maushold|Maushold-Four|100/100
|turn|18
|
|t:|1769376279
|-terastallize|p2a: Maushold|Normal
|move|p1a: Maushold|Population Bomb|p2a: Maushold
|-damage|p2a: Maushold|90/100
|-damage|p2a: Maushold|78/100
|-damage|p2a: Maushold|65/100
|-damage|p2a: Maushold|55/100
|-damage|p2a: Maushold|43/100
|-damage|p2a: Maushold|32/100
|-damage|p2a: Maushold|20/100
|-damage|p2a: Maushold|9/100
|-damage|p2a: Maushold|0 fnt
|faint|p2a: Maushold
|-hitcount|p2: Maushold|9
|
|win|Peekaboo_run
|l|☆Owenhaddington
|player|p2|
|l|☆Peekaboo_run
|player|p1|
|j|☆Peekaboo_run
|player|p1|Peekaboo_run|hiker-gen4|
