|j|☆SDLU
|j|☆zigachad
|t:|1769411221
|gametype|singles
|player|p1|SDLU|1|1316
|player|p2|zigachad|unknown|1352
|gen|9
|tier|[Gen 9] OU
|rated|
|rule|HP Percentage Mod: HP is shown in percentages
|rule|Endless Battle Clause: Forcing endless battles is banned
|rule|Species Clause: Limit one of each Pokémon
|rule|OHKO Clause: OHKO moves are banned
|rule|Evasion Items Clause: Evasion items are banned
|rule|Evasion Moves Clause: Evasion moves are banned
|rule|Evasion Abilities Clause: Evasion abilities are banned
|rule|Sleep Moves Clause: Sleep-inducing moves are banned
|clearpoke
|poke|p1|Dragapult, F|
|poke|p1|Gastrodon, F|
|poke|p1|Skeledirge, F|
|poke|p1|Garganacl, M|
|poke|p1|Clefable, F|
|poke|p1|Moltres|
|poke|p2|Dragapult, M|
|poke|p2|Zapdos|
|poke|p2|Arcanine-Hisui, M|
|poke|p2|Greninja-*, M|
|poke|p2|Ogerpon, F|
|poke|p2|Great Tusk|
|teampreview
|inactive|Battle timer is ON: inactive players will automatically lose when time's up. (requested by zigachad)
|inactive|SDLU also wants the timer to be on.
|
|t:|1769411241
|teamsize|p1|6
|teamsize|p2|6
|start
|switch|p1a: Garganacl|Garganacl, M|100/100
|switch|p2a: Greninja|Greninja, M|100/100
|turn|1
|
|t:|1769411250
|switch|p1a: Gastrodon|Gastrodon, F|100/100
|move|p2a: Greninja|Hydro Pump|p1a: Gastrodon
|-ability|p1a: Gastrodon|Storm Drain|boost
|-boost|p1a: Gastrodon|spa|1
|
|upkeep
|turn|2
|
|t:|1769411261
|switch|p2a: Ogerpon|Ogerpon, F|100/100
|move|p1a: Gastrodon|Sludge Bomb|p2a: Ogerpon
|-supereffective|p2a: Ogerpon
|-damage|p2a: Ogerpon|37/100
|
|upkeep
|turn|3
|
|t:|1769411274
|switch|p1a: Dragapult|Dragapult, F|100/100
|move|p2a: Ogerpon|Ivy Cudgel|p1a: Dragapult
|-resisted|p1a: Dragapult
|-damage|p1a: Dragapult|59/100
|-damage|p2a: Ogerpon|27/100|[from] item: Life Orb
|
|upkeep
|turn|4
|
|t:|1769411284
|switch|p1a: Moltres|Moltres|100/100
|move|p2a: Ogerpon|U-turn|p1a: Moltres
|-resisted|p1a: Moltres
|-damage|p1a: Moltres|93/100
|-status|p2a: Ogerpon|brn|[from] ability: Flame Body|[of] p1a: Moltres
|-damage|p2a: Ogerpon|17/100 brn|[from] item: Life Orb
|
|t:|1769411293
|switch|p2a: Arcanine|Arcanine-Hisui, M|100/100|[from] U-turn
|
|upkeep
|turn|5
|
|t:|1769411303
|switch|p1a: Garganacl|Garganacl, M|100/100
|move|p2a: Arcanine|Head Smash|p1a: Garganacl|[miss]
|-miss|p2a: Arcanine|p1a: Garganacl
|
|upkeep
|turn|6
|
|t:|1769411313
|switch|p2a: Ogerpon|Ogerpon, F|17/100 brn
|move|p1a: Garganacl|Salt Cure|p2a: Ogerpon
|-damage|p2a: Ogerpon|0 fnt
|faint|p2a: Ogerpon
|
|upkeep
|
|t:|1769411323
|switch|p2a: Greninja|Greninja, M|100/100
|turn|7
|
|t:|1769411329
|move|p1a: Garganacl|Protect|p1a: Garganacl
|-singleturn|p1a: Garganacl|Protect
|move|p2a: Greninja|Dark Pulse|p1a: Garganacl
|-activate|p1a: Garganacl|move: Protect
|
|upkeep
|turn|8
|-message|zigachad forfeited.
|
|win|SDLU
|raw|SDLU's rating: 1316 &rarr; <strong>1338</strong><br />(+22 for winning)
|raw|zigachad's rating: 1352 &rarr; <strong>1330</strong><br />(-22 for losing)
|l|☆zigachad
|player|p2|
|l|☆SDLU
|player|p1|
