|j|☆enderpop
|j|☆Nowa Man
|t:|1769433805
|gametype|singles
|player|p1|enderpop|ethan|1086
|player|p2|Nowa Man|hiker-gen4|1113
|gen|9
|tier|[Gen 9] OU
|rated|
|rule|HP Percentage Mod: HP is shown in percentages
|rule|Endless Battle Clause: Forcing endless battles is banned
|rule|Species Clause: Limit one of each Pokémon
|rule|OHKO Clause: OHKO moves are banned
|rule|Evasion Items Clause: Evasion items are banned
|rule|Evasion Moves Clause: Evasion moves are banned
|rule|Evasion Abilities Clause: Evasion abilities are banned
|rule|Sleep Moves Clause: Sleep-inducing moves are banned
|clearpoke
|poke|p1|Salamence, M|
|poke|p1|Skeledirge, F|
|poke|p1|Meowscarada, F|
|poke|p1|Weavile, F|
|poke|p1|Walking Wake|
|poke|p1|Hydreigon, M|
|poke|p2|Ditto|
|poke|p2|Staraptor, F|
|poke|p2|Zoroark-Hisui, F|
|poke|p2|Tauros, M|
|poke|p2|Cinccino, F|
|poke|p2|Ursaluna, M|
|teampreview
|inactive|Battle timer is ON: inactive players will automatically lose when time's up. (requested by enderpop)
|
|t:|1769433819
|teamsize|p1|6
|teamsize|p2|6
|start
|switch|p1a: Meowscarada|Meowscarada, F|100/100
|switch|p2a: Tauros|Tauros, M|100/100
|turn|1
|
|t:|1769433831
|-terastallize|p1a: Meowscarada|Steel
|move|p1a: Meowscarada|Flower Trick|p2a: Tauros
|-crit|p2a: Tauros
|-damage|p2a: Tauros|39/100
|move|p2a: Tauros|Body Slam|p1a: Meowscarada
|-resisted|p1a: Meowscarada
|-damage|p1a: Meowscarada|49/100
|
|upkeep
|turn|2
|
|t:|1769433844
|switch|p2a: Ditto|Ditto|100/100
|-transform|p2a: Ditto|p1a: Meowscarada|[from] ability: Imposter
|move|p1a: Meowscarada|Flower Trick|p2a: Ditto
|-resisted|p2a: Ditto
|-crit|p2a: Ditto
|-damage|p2a: Ditto|63/100
|
|upkeep
|-start|p2a: Ditto|typechange|Grass/Dark|[silent]
|turn|3
|
|t:|1769433855
|move|p2a: Ditto|Flower Trick|p1a: Meowscarada
|-start|p2a: Ditto|typechange|Grass|[from] ability: Protean
|-resisted|p1a: Meowscarada
|-crit|p1a: Meowscarada
|-damage|p1a: Meowscarada|11/100
|move|p1a: Meowscarada|Triple Axel|p2a: Ditto
|-supereffective|p2a: Ditto
|-damage|p2a: Ditto|43/100
|-supereffective|p2a: Ditto
|-damage|p2a: Ditto|8/100
|-supereffective|p2a: Ditto
|-damage|p2a: Ditto|0 fnt
|faint|p2a: Ditto
|-hitcount|p2: Ditto|3
|
|upkeep
|
|t:|1769433869
|switch|p2a: Staraptor|Staraptor, F|100/100
|turn|4
|
|t:|1769433874
|move|p2a: Staraptor|Quick Attack|p1a: Meowscarada
|-resisted|p1a: Meowscarada
|-damage|p1a: Meowscarada|0 fnt
|faint|p1a: Meowscarada
|
|upkeep
|
|t:|1769433878
|switch|p1a: Skeledirge|Skeledirge, F|100/100
|turn|5
|
|t:|1769433882
|move|p2a: Staraptor|Brave Bird|p1a: Skeledirge
|-damage|p1a: Skeledirge|42/100
|-damage|p2a: Staraptor|79/100|[from] Recoil
|move|p1a: Skeledirge|Torch Song|p2a: Staraptor
|-damage|p2a: Staraptor|34/100
|-boost|p1a: Skeledirge|spa|1
|
|-heal|p2a: Staraptor|40/100|[from] item: Leftovers
|-heal|p1a: Skeledirge|48/100|[from] item: Leftovers
|upkeep
|turn|6
|
|t:|1769433895
|move|p2a: Staraptor|Brave Bird|p1a: Skeledirge
|-damage|p1a: Skeledirge|0 fnt
|faint|p1a: Skeledirge
|-damage|p2a: Staraptor|23/100|[from] Recoil
|
|-heal|p2a: Staraptor|29/100|[from] item: Leftovers
|upkeep
|
|t:|1769433900
|switch|p1a: Weavile|Weavile, F|100/100
|-ability|p1a: Weavile|Pressure
|turn|7
|
|t:|1769433908
|move|p1a: Weavile|Ice Spinner|p2a: Staraptor
|-supereffective|p2a: Staraptor
|-crit|p2a: Staraptor
|-damage|p2a: Staraptor|0 fnt
|faint|p2a: Staraptor
|
|upkeep
|
|t:|1769433920
|switch|p2a: Tauros|Tauros, M|39/100
|turn|8
|
|t:|1769433928
|move|p1a: Weavile|Knock Off|p2a: Tauros
|-damage|p2a: Tauros|0 fnt
|-enditem|p2a: Tauros|Life Orb|[from] move: Knock Off|[of] p1a: Weavile
|faint|p2a: Tauros
|
|upkeep
|
|t:|1769433941
|switch|p2a: Ursaluna|Ursaluna, M|100/100
|turn|9
|
|t:|1769433961
|move|p1a: Weavile|Knock Off|p2a: Ursaluna
|-damage|p2a: Ursaluna|67/100
|-enditem|p2a: Ursaluna|Flame Orb|[from] move: Knock Off|[of] p1a: Weavile
|move|p2a: Ursaluna|Drain Punch|p1a: Weavile
|-supereffective|p1a: Weavile
|-damage|p1a: Weavile|0 fnt
|-heal|p2a: Ursaluna|97/100|[from] drain|[of] p1a: Weavile
|faint|p1a: Weavile
|
|upkeep
|
|t:|1769433968
|switch|p1a: Walking Wake|Walking Wake|100/100
|-enditem|p1a: Walking Wake|Booster Energy
|-activate|p1a: Walking Wake|ability: Protosynthesis|[fromitem]
|-start|p1a: Walking Wake|protosynthesisspa
|turn|10
|
|t:|1769433982
|move|p1a: Walking Wake|Hydro Steam|p2a: Ursaluna
|-supereffective|p2a: Ursaluna
|-damage|p2a: Ursaluna|0 fnt
|faint|p2a: Ursaluna
|
|upkeep
|
|t:|1769433997
|switch|p2a: Cinccino|Cinccino, F|100/100
|turn|11
|
|t:|1769434004
|move|p2a: Cinccino|Hyper Voice|p1a: Walking Wake
|-damage|p1a: Walking Wake|32/100
|-damage|p2a: Cinccino|91/100|[from] item: Life Orb
|move|p1a: Walking Wake|Draco Meteor|p2a: Cinccino
|-damage|p2a: Cinccino|0 fnt
|-unboost|p1a: Walking Wake|spa|2
|replace|p2a: Zoroark|Zoroark-Hisui, F
|-end|p2a: Zoroark|Illusion
|faint|p2a: Zoroark
|
|upkeep
|
|t:|1769434016
|switch|p2a: Cinccino|Cinccino, F|100/100
|turn|12
|
|t:|1769434022
|-terastallize|p2a: Cinccino|Grass
|move|p2a: Cinccino|Tidy Up|p2a: Cinccino
|-boost|p2a: Cinccino|atk|1
|-boost|p2a: Cinccino|spe|1
|move|p1a: Walking Wake|Draco Meteor|p2a: Cinccino
|-damage|p2a: Cinccino|27/100
|-unboost|p1a: Walking Wake|spa|2
|
|upkeep
|turn|13
|
|t:|1769434034
|move|p2a: Cinccino|Bullet Seed|p1a: Walking Wake
|-damage|p1a: Walking Wake|5/100
|-damage|p1a: Walking Wake|0 fnt
|faint|p1a: Walking Wake
|-end|p1a: Walking Wake|Protosynthesis|[silent]
|-hitcount|p1: Walking Wake|2
|
|upkeep
|
|t:|1769434038
|switch|p1a: Salamence|Salamence, M|100/100
|-ability|p1a: Salamence|Intimidate|boost
|-unboost|p2a: Cinccino|atk|1
|turn|14
|
|t:|1769434043
|move|p2a: Cinccino|Rock Blast|p1a: Salamence
|-supereffective|p1a: Salamence
|-damage|p1a: Salamence|72/100
|-supereffective|p1a: Salamence
|-damage|p1a: Salamence|41/100
|-supereffective|p1a: Salamence
|-damage|p1a: Salamence|12/100
|-supereffective|p1a: Salamence
|-damage|p1a: Salamence|0 fnt
|faint|p1a: Salamence
|-hitcount|p1: Salamence|4
|
|upkeep
|
|t:|1769434051
|switch|p1a: Hydreigon|Hydreigon, M|100/100
|turn|15
|
|t:|1769434058
|move|p2a: Cinccino|Rock Blast|p1a: Hydreigon
|-damage|p1a: Hydreigon|89/100
|-damage|p1a: Hydreigon|76/100
|-damage|p1a: Hydreigon|64/100
|-damage|p1a: Hydreigon|52/100
|-damage|p1a: Hydreigon|40/100
|-hitcount|p1a: Hydreigon|5
|move|p1a: Hydreigon|Dark Pulse|p2a: Cinccino
|-damage|p2a: Cinccino|0 fnt
|faint|p2a: Cinccino
|
|win|enderpop
|raw|enderpop's rating: 1086 &rarr; <strong>1115</strong><br />(+29 for winning)
|raw|Nowa Man's rating: 1113 &rarr; <strong>1086</strong><br />(-27 for losing)
|l|☆Nowa Man
|player|p2|
|l|☆enderpop
|player|p1|
