|j|☆Ayaan07
|j|☆Gen8Trihard
|t:|1769419975
|gametype|singles
|player|p1|Ayaan07|pokemonranger-gen4|1497
|player|p2|Gen8Trihard|fisherman|1523
|gen|9
|tier|[Gen 9] OU
|rated|
|rule|HP Percentage Mod: HP is shown in percentages
|rule|Endless Battle Clause: Forcing endless battles is banned
|rule|Species Clause: Limit one of each Pokémon
|rule|OHKO Clause: OHKO moves are banned
|rule|Evasion Items Clause: Evasion items are banned
|rule|Evasion Moves Clause: Evasion moves are banned
|rule|Evasion Abilities Clause: Evasion abilities are banned
|rule|Sleep Moves Clause: Sleep-inducing moves are banned
|clearpoke
|poke|p1|Iron Moth|
|poke|p1|Galvantula, M|
|poke|p1|Zamazenta-*|
|poke|p1|Ogerpon-Wellspring, F|
|poke|p1|Iron Treads|
|poke|p1|Gholdengo|
|poke|p2|Dondozo, F|
|poke|p2|Blissey, F|
|poke|p2|Corviknight, F|
|poke|p2|Weezing-Galar, F|
|poke|p2|Gliscor, F|
|poke|p2|Toxapex, M|
|teampreview
|inactive|Battle timer is ON: inactive players will automatically lose when time's up. (requested by Gen8Trihard)
|c|☆Ayaan07|Do i know you?
|
|t:|1769419988
|teamsize|p1|6
|teamsize|p2|6
|start
|switch|p1a: Under your bed|Galvantula, M, shiny|100/100
|switch|p2a: Gliscor|Gliscor, F|100/100
|turn|1
|
|t:|1769420004
|move|p1a: Under your bed|Energy Ball|p2a: Gliscor
|-damage|p2a: Gliscor|77/100
|move|p2a: Gliscor|Spikes|p1a: Under your bed
|-sidestart|p1: Ayaan07|Spikes
|
|-status|p2a: Gliscor|tox|[from] item: Toxic Orb
|upkeep
|turn|2
|c|☆Gen8Trihard|idk do you?
|
|t:|1769420013
|switch|p1a: Vacuum cleaner|Iron Treads|100/100
|-damage|p1a: Vacuum cleaner|88/100|[from] Spikes
|-enditem|p1a: Vacuum cleaner|Booster Energy
|-activate|p1a: Vacuum cleaner|ability: Quark Drive|[fromitem]
|-start|p1a: Vacuum cleaner|quarkdrivespe
|move|p2a: Gliscor|Earthquake|p1a: Vacuum cleaner
|-supereffective|p1a: Vacuum cleaner
|-damage|p1a: Vacuum cleaner|23/100
|
|-heal|p2a: Gliscor|90/100 tox|[from] ability: Poison Heal
|upkeep
|turn|3
|
|t:|1769420036
|-end|p1a: Vacuum cleaner|Quark Drive|[silent]
|switch|p1a: Under your bed|Galvantula, M, shiny|100/100
|-damage|p1a: Under your bed|88/100|[from] Spikes
|move|p2a: Gliscor|Earthquake|p1a: Under your bed
|-damage|p1a: Under your bed|33/100
|
|-heal|p2a: Gliscor|100/100 tox|[from] ability: Poison Heal
|upkeep
|turn|4
|
|t:|1769420047
|move|p1a: Under your bed|Sticky Web|p2a: Gliscor
|-sidestart|p2: Gen8Trihard|move: Sticky Web
|move|p2a: Gliscor|Knock Off|p1a: Under your bed
|-damage|p1a: Under your bed|0 fnt
|-enditem|p1a: Under your bed|Focus Sash|[from] move: Knock Off|[of] p2a: Gliscor
|faint|p1a: Under your bed
|
|upkeep
|c|☆Ayaan07|I seen a same team before
|
|t:|1769420060
|switch|p1a: Cat???|Ogerpon-Wellspring, F|100/100
|-damage|p1a: Cat???|88/100|[from] Spikes
|turn|5
|
|t:|1769420066
|switch|p2a: Toxapex|Toxapex, M|100/100
|-activate|p2a: Toxapex|move: Sticky Web
|-unboost|p2a: Toxapex|spe|1
|move|p1a: Cat???|Ivy Cudgel|p2a: Toxapex|[anim] Ivy Cudgel Water
|-resisted|p2a: Toxapex
|-damage|p2a: Toxapex|79/100
|
|-heal|p2a: Toxapex|85/100|[from] item: Leftovers
|upkeep
|turn|6
|
|t:|1769420079
|switch|p1a: Vacuum cleaner|Iron Treads|23/100
|-damage|p1a: Vacuum cleaner|10/100|[from] Spikes
|move|p2a: Toxapex|Poison Jab|p1a: Vacuum cleaner
|-immune|p1a: Vacuum cleaner
|
|-heal|p2a: Toxapex|92/100|[from] item: Leftovers
|upkeep
|turn|7
|
|t:|1769420088
|switch|p2a: Gliscor|Gliscor, F|100/100 tox
|move|p1a: Vacuum cleaner|Rapid Spin|p2a: Gliscor
|-damage|p2a: Gliscor|91/100 tox
|-boost|p1a: Vacuum cleaner|spe|1
|-sideend|p1: Ayaan07|Spikes|[from] move: Rapid Spin|[of] p1a: Vacuum cleaner
|
|-heal|p2a: Gliscor|100/100 tox|[from] ability: Poison Heal
|upkeep
|turn|8
|
|t:|1769420096
|move|p1a: Vacuum cleaner|Steel Beam|p2a: Gliscor
|-damage|p2a: Gliscor|62/100 tox
|-damage|p1a: Vacuum cleaner|0 fnt|[from] steelbeam
|faint|p1a: Vacuum cleaner
|-end|p1a: Vacuum cleaner|Quark Drive|[silent]
|move|p2a: Gliscor|Knock Off|p1: Vacuum cleaner|[notarget]
|-fail|p2a: Gliscor
|
|-heal|p2a: Gliscor|75/100 tox|[from] ability: Poison Heal
|upkeep
|
|t:|1769420102
|switch|p1a: Cat???|Ogerpon-Wellspring, F|88/100
|turn|9
|
|t:|1769420107
|switch|p2a: Toxapex|Toxapex, M|100/100
|-activate|p2a: Toxapex|move: Sticky Web
|-unboost|p2a: Toxapex|spe|1
|move|p1a: Cat???|Swords Dance|p1a: Cat???
|-boost|p1a: Cat???|atk|2
|
|upkeep
|turn|10
|
|t:|1769420122
|move|p1a: Cat???|Horn Leech|p2a: Toxapex
|-crit|p2a: Toxapex
|-damage|p2a: Toxapex|0 fnt
|-heal|p1a: Cat???|100/100|[from] drain|[of] p2a: Toxapex
|faint|p2a: Toxapex
|
|upkeep
|
|t:|1769420125
|switch|p2a: Dondozo|Dondozo, F|100/100
|-activate|p2a: Dondozo|move: Sticky Web
|-unboost|p2a: Dondozo|spe|1
|turn|11
|c|☆Ayaan07|WHAT
|
|t:|1769420135
|-terastallize|p2a: Dondozo|Dragon
|move|p1a: Cat???|Play Rough|p2a: Dondozo
|-supereffective|p2a: Dondozo
|-damage|p2a: Dondozo|70/100
|move|p2a: Dondozo|Body Press|p1a: Cat???
|-damage|p1a: Cat???|66/100
|
|-heal|p2a: Dondozo|76/100|[from] item: Leftovers
|upkeep
|turn|12
|
|t:|1769420153
|switch|p1a: Cyber Moth|Iron Moth|100/100
|-enditem|p1a: Cyber Moth|Booster Energy
|-activate|p1a: Cyber Moth|ability: Quark Drive|[fromitem]
|-start|p1a: Cyber Moth|quarkdrivespa
|move|p2a: Dondozo|Body Press|p1a: Cyber Moth
|-resisted|p1a: Cyber Moth
|-damage|p1a: Cyber Moth|75/100
|
|-heal|p2a: Dondozo|83/100|[from] item: Leftovers
|upkeep
|turn|13
|
|t:|1769420166
|switch|p2a: Blissey|Blissey, F|100/100
|-activate|p2a: Blissey|move: Sticky Web
|-unboost|p2a: Blissey|spe|1
|move|p1a: Cyber Moth|U-turn|p2a: Blissey
|-damage|p2a: Blissey|89/100
|
|t:|1769420175
|-end|p1a: Cyber Moth|Quark Drive|[silent]
|switch|p1a: Cat???|Ogerpon-Wellspring, F|66/100|[from] U-turn
|
|-heal|p2a: Blissey|95/100|[from] item: Leftovers
|upkeep
|turn|14
|
|t:|1769420181
|switch|p2a: Corviknight|Corviknight, F|100/100
|-ability|p2a: Corviknight|Pressure
|move|p1a: Cat???|Horn Leech|p2a: Corviknight
|-resisted|p2a: Corviknight
|-damage|p2a: Corviknight|94/100
|-heal|p1a: Cat???|70/100|[from] drain|[of] p2a: Corviknight
|
|-heal|p2a: Corviknight|100/100|[from] item: Leftovers
|upkeep
|turn|15
|
|t:|1769420191
|move|p1a: Cat???|Swords Dance|p1a: Cat???
|-boost|p1a: Cat???|atk|2
|move|p2a: Corviknight|Iron Defense|p2a: Corviknight
|-boost|p2a: Corviknight|def|2
|
|upkeep
|turn|16
|
|t:|1769420198
|-terastallize|p1a: Cat???|Water
|detailschange|p1a: Cat???|Ogerpon-Wellspring-Tera, F, tera:Water
|-ability|p1a: Cat???|Embody Aspect (Wellspring)|boost
|-boost|p1a: Cat???|spd|1
|move|p1a: Cat???|Ivy Cudgel|p2a: Corviknight|[anim] Ivy Cudgel Water
|-damage|p2a: Corviknight|49/100
|move|p2a: Corviknight|Body Press|p1a: Cat???
|-damage|p1a: Cat???|4/100
|
|-heal|p2a: Corviknight|56/100|[from] item: Leftovers
|upkeep
|turn|17
|
|t:|1769420211
|switch|p2a: Dondozo|Dondozo, F, tera:Dragon|83/100
|-activate|p2a: Dondozo|move: Sticky Web
|-unboost|p2a: Dondozo|spe|1
|move|p1a: Cat???|Ivy Cudgel|p2a: Dondozo|[anim] Ivy Cudgel Water
|-resisted|p2a: Dondozo
|-damage|p2a: Dondozo|64/100
|
|-heal|p2a: Dondozo|70/100|[from] item: Leftovers
|upkeep
|turn|18
|
|t:|1769420226
|move|p1a: Cat???|Play Rough|p2a: Dondozo
|-supereffective|p2a: Dondozo
|-crit|p2a: Dondozo
|-damage|p2a: Dondozo|20/100
|move|p2a: Dondozo|Body Press|p1a: Cat???
|-damage|p1a: Cat???|0 fnt
|faint|p1a: Cat???
|detailschange|p1: Cat???|Ogerpon-Wellspring, F|[silent]
|
|-heal|p2a: Dondozo|26/100|[from] item: Leftovers
|upkeep
|
|t:|1769420233
|switch|p1a: Let's sell it|Gholdengo|100/100
|-item|p1a: Let's sell it|Air Balloon
|turn|19
|
|t:|1769420238
|switch|p2a: Blissey|Blissey, F|95/100
|-activate|p2a: Blissey|move: Sticky Web
|-unboost|p2a: Blissey|spe|1
|move|p1a: Let's sell it|Nasty Plot|p1a: Let's sell it
|-boost|p1a: Let's sell it|spa|2
|
|-heal|p2a: Blissey|100/100|[from] item: Leftovers
|upkeep
|turn|20
|
|t:|1769420245
|move|p1a: Let's sell it|Nasty Plot|p1a: Let's sell it
|-boost|p1a: Let's sell it|spa|2
|move|p2a: Blissey|Calm Mind|p2a: Blissey
|-boost|p2a: Blissey|spa|1
|-boost|p2a: Blissey|spd|1
|
|upkeep
|turn|21
|
|t:|1769420252
|move|p1a: Let's sell it|Make It Rain|p2a: Blissey
|-damage|p2a: Blissey|59/100
|-unboost|p1a: Let's sell it|spa|1
|move|p2a: Blissey|Calm Mind|p2a: Blissey
|-boost|p2a: Blissey|spa|1
|-boost|p2a: Blissey|spd|1
|
|-heal|p2a: Blissey|65/100|[from] item: Leftovers
|upkeep
|turn|22
|
|t:|1769420263
|switch|p1a: Gud Boi|Zamazenta|100/100
|-ability|p1a: Gud Boi|Dauntless Shield|boost
|-boost|p1a: Gud Boi|def|1
|move|p2a: Blissey|Calm Mind|p2a: Blissey
|-boost|p2a: Blissey|spa|1
|-boost|p2a: Blissey|spd|1
|
|-heal|p2a: Blissey|72/100|[from] item: Leftovers
|upkeep
|turn|23
|
|t:|1769420275
|switch|p2a: Weezing|Weezing-Galar, F|100/100
|-ability|p2a: Weezing|Neutralizing Gas
|move|p1a: Gud Boi|Heavy Slam|p2a: Weezing
|-supereffective|p2a: Weezing
|-damage|p2a: Weezing|60/100
|
|upkeep
|turn|24
|
|t:|1769420286
|move|p1a: Gud Boi|Heavy Slam|p2a: Weezing
|-supereffective|p2a: Weezing
|-damage|p2a: Weezing|21/100
|move|p2a: Weezing|Will-O-Wisp|p1a: Gud Boi
|-status|p1a: Gud Boi|brn
|
|-damage|p1a: Gud Boi|94/100 brn|[from] brn
|upkeep
|turn|25
|
|t:|1769420301
|move|p1a: Gud Boi|Iron Defense|p1a: Gud Boi
|-boost|p1a: Gud Boi|def|2
|move|p2a: Weezing|Pain Split|p1a: Gud Boi
|-sethp|p1a: Gud Boi|58/100 brn|[from] move: Pain Split|[silent]
|-sethp|p2a: Weezing|56/100|[from] move: Pain Split
|
|-heal|p1a: Gud Boi|64/100 brn|[from] item: Leftovers
|-damage|p1a: Gud Boi|58/100 brn|[from] brn
|upkeep
|turn|26
|
|t:|1769420308
|-end|p2a: Weezing|ability: Neutralizing Gas
|switch|p2a: Corviknight|Corviknight, F|56/100
|-ability|p2a: Corviknight|Pressure
|move|p1a: Gud Boi|Heavy Slam|p2a: Corviknight
|-resisted|p2a: Corviknight
|-damage|p2a: Corviknight|53/100
|
|-heal|p1a: Gud Boi|64/100 brn|[from] item: Leftovers
|-heal|p2a: Corviknight|60/100|[from] item: Leftovers
|-damage|p1a: Gud Boi|58/100 brn|[from] brn
|upkeep
|turn|27
|
|t:|1769420313
|move|p1a: Gud Boi|Iron Defense|p1a: Gud Boi
|-boost|p1a: Gud Boi|def|2
|move|p2a: Corviknight|Iron Defense|p2a: Corviknight
|-boost|p2a: Corviknight|def|2
|
|-heal|p1a: Gud Boi|64/100 brn|[from] item: Leftovers
|-heal|p2a: Corviknight|66/100|[from] item: Leftovers
|-damage|p1a: Gud Boi|58/100 brn|[from] brn
|upkeep
|turn|28
|
|t:|1769420320
|move|p1a: Gud Boi|Body Press|p2a: Corviknight
|-damage|p2a: Corviknight|46/100
|move|p2a: Corviknight|Roost|p2a: Corviknight
|-heal|p2a: Corviknight|96/100
|-singleturn|p2a: Corviknight|move: Roost
|
|-heal|p1a: Gud Boi|64/100 brn|[from] item: Leftovers
|-heal|p2a: Corviknight|100/100|[from] item: Leftovers
|-damage|p1a: Gud Boi|58/100 brn|[from] brn
|upkeep
|turn|29
|
|t:|1769420326
|move|p1a: Gud Boi|Body Press|p2a: Corviknight
|-damage|p2a: Corviknight|77/100
|move|p2a: Corviknight|Iron Defense|p2a: Corviknight
|-boost|p2a: Corviknight|def|2
|
|-heal|p1a: Gud Boi|64/100 brn|[from] item: Leftovers
|-heal|p2a: Corviknight|83/100|[from] item: Leftovers
|-damage|p1a: Gud Boi|58/100 brn|[from] brn
|upkeep
|turn|30
|
|t:|1769420332
|switch|p1a: Cyber Moth|Iron Moth|75/100
|move|p2a: Corviknight|Iron Defense|p2a: Corviknight
|-boost|p2a: Corviknight|def|2
|
|-heal|p2a: Corviknight|89/100|[from] item: Leftovers
|upkeep
|turn|31
|
|t:|1769420336
|move|p1a: Cyber Moth|Fiery Dance|p2a: Corviknight
|-supereffective|p2a: Corviknight
|-damage|p2a: Corviknight|3/100
|move|p2a: Corviknight|Body Press|p1a: Cyber Moth
|-resisted|p1a: Cyber Moth
|-damage|p1a: Cyber Moth|0 fnt
|faint|p1a: Cyber Moth
|-end|p1a: Cyber Moth|Quark Drive|[silent]
|
|-heal|p2a: Corviknight|9/100|[from] item: Leftovers
|upkeep
|
|t:|1769420343
|switch|p1a: Let's sell it|Gholdengo|100/100
|-item|p1a: Let's sell it|Air Balloon
|turn|32
|
|t:|1769420348
|switch|p2a: Blissey|Blissey, F|72/100
|-activate|p2a: Blissey|move: Sticky Web
|-unboost|p2a: Blissey|spe|1
|move|p1a: Let's sell it|Nasty Plot|p1a: Let's sell it
|-boost|p1a: Let's sell it|spa|2
|
|-heal|p2a: Blissey|78/100|[from] item: Leftovers
|upkeep
|turn|33
|
|t:|1769420359
|move|p1a: Let's sell it|Make It Rain|p2a: Blissey
|-damage|p2a: Blissey|40/100
|-unboost|p1a: Let's sell it|spa|1
|move|p2a: Blissey|Calm Mind|p2a: Blissey
|-boost|p2a: Blissey|spa|1
|-boost|p2a: Blissey|spd|1
|
|-heal|p2a: Blissey|47/100|[from] item: Leftovers
|upkeep
|turn|34
|
|t:|1769420363
|switch|p1a: Gud Boi|Zamazenta|58/100 brn
|move|p2a: Blissey|Soft-Boiled|p2a: Blissey
|-heal|p2a: Blissey|97/100
|
|-heal|p1a: Gud Boi|64/100 brn|[from] item: Leftovers
|-heal|p2a: Blissey|100/100|[from] item: Leftovers
|-damage|p1a: Gud Boi|58/100 brn|[from] brn
|upkeep
|turn|35
|
|t:|1769420376
|switch|p1a: Let's sell it|Gholdengo|100/100
|-item|p1a: Let's sell it|Air Balloon
|switch|p2a: Dondozo|Dondozo, F, tera:Dragon|26/100
|-activate|p2a: Dondozo|move: Sticky Web
|-unboost|p2a: Dondozo|spe|1
|
|-heal|p2a: Dondozo|32/100|[from] item: Leftovers
|upkeep
|turn|36
|c|☆Ayaan07|Btw may i ask something?
|
|t:|1769420388
|switch|p2a: Blissey|Blissey, F|100/100
|-activate|p2a: Blissey|move: Sticky Web
|-unboost|p2a: Blissey|spe|1
|move|p1a: Let's sell it|Nasty Plot|p1a: Let's sell it
|-boost|p1a: Let's sell it|spa|2
|
|upkeep
|turn|37
|
|t:|1769420394
|move|p1a: Let's sell it|Nasty Plot|p1a: Let's sell it
|-boost|p1a: Let's sell it|spa|2
|move|p2a: Blissey|Stealth Rock|p1a: Let's sell it
|-sidestart|p1: Ayaan07|move: Stealth Rock
|
|upkeep
|turn|38
|
|t:|1769420397
|move|p1a: Let's sell it|Nasty Plot|p1a: Let's sell it
|-boost|p1a: Let's sell it|spa|2
|move|p2a: Blissey|Calm Mind|p2a: Blissey
|-boost|p2a: Blissey|spa|1
|-boost|p2a: Blissey|spd|1
|
|upkeep
|turn|39
|c|☆Gen8Trihard|what?
|
|t:|1769420408
|move|p1a: Let's sell it|Make It Rain|p2a: Blissey
|-damage|p2a: Blissey|52/100
|-unboost|p1a: Let's sell it|spa|1
|move|p2a: Blissey|Calm Mind|p2a: Blissey
|-boost|p2a: Blissey|spa|1
|-boost|p2a: Blissey|spd|1
|
|-heal|p2a: Blissey|58/100|[from] item: Leftovers
|upkeep
|turn|40
|
|t:|1769420420
|move|p1a: Let's sell it|Make It Rain|p2a: Blissey
|-damage|p2a: Blissey|26/100
|-unboost|p1a: Let's sell it|spa|1
|move|p2a: Blissey|Soft-Boiled|p2a: Blissey
|-heal|p2a: Blissey|76/100
|
|-heal|p2a: Blissey|82/100|[from] item: Leftovers
|upkeep
|turn|41
|c|☆Gen8Trihard|what did you want to ask
|
|t:|1769420433
|move|p1a: Let's sell it|Dazzling Gleam|p2a: Blissey
|-damage|p2a: Blissey|70/100
|move|p2a: Blissey|Calm Mind|p2a: Blissey
|-boost|p2a: Blissey|spa|1
|-boost|p2a: Blissey|spd|1
|
|-heal|p2a: Blissey|76/100|[from] item: Leftovers
|upkeep
|turn|42
|
|t:|1769420442
|switch|p1a: Gud Boi|Zamazenta|58/100 brn
|-damage|p1a: Gud Boi|52/100 brn|[from] Stealth Rock
|move|p2a: Blissey|Calm Mind|p2a: Blissey
|-boost|p2a: Blissey|spa|1
|-boost|p2a: Blissey|spd|1
|
|-heal|p1a: Gud Boi|58/100 brn|[from] item: Leftovers
|-heal|p2a: Blissey|82/100|[from] item: Leftovers
|-damage|p1a: Gud Boi|52/100 brn|[from] brn
|upkeep
|turn|43
|c|☆Ayaan07|Like what's the benefit of stall?
|
|t:|1769420456
|switch|p2a: Dondozo|Dondozo, F, tera:Dragon|32/100
|-activate|p2a: Dondozo|move: Sticky Web
|-unboost|p2a: Dondozo|spe|1
|move|p1a: Gud Boi|Body Press|p2a: Dondozo
|-damage|p2a: Dondozo|23/100
|
|-heal|p1a: Gud Boi|58/100 brn|[from] item: Leftovers
|-heal|p2a: Dondozo|29/100|[from] item: Leftovers
|-damage|p1a: Gud Boi|52/100 brn|[from] brn
|upkeep
|turn|44
|
|t:|1769420466
|switch|p1a: Let's sell it|Gholdengo|100/100
|-damage|p1a: Let's sell it|94/100|[from] Stealth Rock
|-item|p1a: Let's sell it|Air Balloon
|move|p2a: Dondozo|Rest|p2a: Dondozo
|-status|p2a: Dondozo|slp|[from] move: Rest
|-heal|p2a: Dondozo|100/100 slp|[silent]
|
|upkeep
|turn|45
|l|☆Ayaan07
|inactive|Ayaan07 disconnected and has a minute to reconnect!
|player|p1|
|c|☆Gen8Trihard|so basically why i think it is fun and myself have a really unfun time agafinst it
|inactive|Ayaan07 has 30 seconds to reconnect!
|j|☆Ayaan07
|inactive|Ayaan07 reconnected and has 115 seconds left.
|player|p1|Ayaan07|pokemonranger-gen4|
|
|t:|1769420508
|switch|p1a: Gud Boi|Zamazenta|52/100 brn
|-damage|p1a: Gud Boi|45/100 brn|[from] Stealth Rock
|switch|p2a: Blissey|Blissey, F|82/100
|-activate|p2a: Blissey|move: Sticky Web
|-unboost|p2a: Blissey|spe|1
|
|-heal|p1a: Gud Boi|52/100 brn|[from] item: Leftovers
|-heal|p2a: Blissey|89/100|[from] item: Leftovers
|-damage|p1a: Gud Boi|45/100 brn|[from] brn
|upkeep
|turn|46
|c|☆Ayaan07|Awwwwe respect for you dude
|c|☆Ayaan07|Have a nice day
|inactive|Gen8Trihard has 120 seconds left.
|c|☆Gen8Trihard|oh you came back
|inactive|Gen8Trihard has 90 seconds left.
|c|☆Ayaan07|Yeah just my net went off
|c|☆Gen8Trihard|sorry
|c|☆Gen8Trihard|but what i was saying
|c|☆Ayaan07|Nah its fine dude :3
|c|☆Gen8Trihard|you have checks for pokemon
|c|☆Gen8Trihard|like walls
|c|☆Gen8Trihard|and its unfun running into walls right
|inactive|Gen8Trihard has 60 seconds left.
|c|☆Gen8Trihard|thats why people dislike it
|
|t:|1769420605
|switch|p2a: Dondozo|Dondozo, F, tera:Dragon|100/100 slp
|-activate|p2a: Dondozo|move: Sticky Web
|-unboost|p2a: Dondozo|spe|1
|move|p1a: Gud Boi|Body Press|p2a: Dondozo
|-damage|p2a: Dondozo|91/100 slp
|
|-heal|p1a: Gud Boi|52/100 brn|[from] item: Leftovers
|-heal|p2a: Dondozo|97/100 slp|[from] item: Leftovers
|-damage|p1a: Gud Boi|45/100 brn|[from] brn
|upkeep
|turn|47
|c|☆Ayaan07|Awww thanks, your also very goof
|c|☆Ayaan07|Like planning and moves
|inactive|Ayaan07 has 90 seconds left.
|c|☆Ayaan07|Nah for me it's just a archetype
|
|t:|1769420634
|switch|p1a: Let's sell it|Gholdengo|94/100
|-damage|p1a: Let's sell it|88/100|[from] Stealth Rock
|-item|p1a: Let's sell it|Air Balloon
|cant|p2a: Dondozo|slp
|move|p2a: Dondozo|Sleep Talk|p2a: Dondozo
|move|p2a: Dondozo|Rest||[from] move: Sleep Talk|[still]
|-fail|p2a: Dondozo
|
|-heal|p2a: Dondozo|100/100 slp|[from] item: Leftovers
|upkeep
|turn|48
|c|☆Gen8Trihard|i think HO is also fun
|
|t:|1769420647
|switch|p2a: Blissey|Blissey, F|89/100
|-activate|p2a: Blissey|move: Sticky Web
|-unboost|p2a: Blissey|spe|1
|move|p1a: Let's sell it|Dazzling Gleam|p2a: Blissey
|-damage|p2a: Blissey|80/100
|
|-heal|p2a: Blissey|86/100|[from] item: Leftovers
|upkeep
|turn|49
|c|☆Gen8Trihard|until i run into something that can block my HO
|c|☆Gen8Trihard|and then im having a really bad time
|
|t:|1769420658
|switch|p1a: Gud Boi|Zamazenta|45/100 brn
|-damage|p1a: Gud Boi|39/100 brn|[from] Stealth Rock
|move|p2a: Blissey|Calm Mind|p2a: Blissey
|-boost|p2a: Blissey|spa|1
|-boost|p2a: Blissey|spd|1
|
|-heal|p1a: Gud Boi|45/100 brn|[from] item: Leftovers
|-heal|p2a: Blissey|93/100|[from] item: Leftovers
|-damage|p1a: Gud Boi|39/100 brn|[from] brn
|upkeep
|turn|50
|inactive|Ayaan07 has 90 seconds left.
|
|t:|1769420667
|switch|p2a: Dondozo|Dondozo, F, tera:Dragon|100/100 slp
|-activate|p2a: Dondozo|move: Sticky Web
|-unboost|p2a: Dondozo|spe|1
|move|p1a: Gud Boi|Body Press|p2a: Dondozo
|-damage|p2a: Dondozo|92/100 slp
|
|-heal|p1a: Gud Boi|45/100 brn|[from] item: Leftovers
|-heal|p2a: Dondozo|98/100 slp|[from] item: Leftovers
|-damage|p1a: Gud Boi|39/100 brn|[from] brn
|upkeep
|turn|51
|inactive|Gen8Trihard has 90 seconds left.
|
|t:|1769420674
|switch|p1a: Let's sell it|Gholdengo|88/100
|-damage|p1a: Let's sell it|82/100|[from] Stealth Rock
|-item|p1a: Let's sell it|Air Balloon
|cant|p2a: Dondozo|slp
|move|p2a: Dondozo|Sleep Talk|p2a: Dondozo
|move|p2a: Dondozo|Body Press|p1a: Let's sell it|[from] move: Sleep Talk
|-immune|p1a: Let's sell it
|
|-heal|p2a: Dondozo|100/100 slp|[from] item: Leftovers
|upkeep
|turn|52
|
|t:|1769420683
|switch|p2a: Blissey|Blissey, F|93/100
|-activate|p2a: Blissey|move: Sticky Web
|-unboost|p2a: Blissey|spe|1
|move|p1a: Let's sell it|Dazzling Gleam|p2a: Blissey
|-damage|p2a: Blissey|84/100
|
|-heal|p2a: Blissey|91/100|[from] item: Leftovers
|upkeep
|turn|53
|
|t:|1769420686
|switch|p1a: Gud Boi|Zamazenta|39/100 brn
|-damage|p1a: Gud Boi|33/100 brn|[from] Stealth Rock
|move|p2a: Blissey|Seismic Toss|p1a: Gud Boi
|-damage|p1a: Gud Boi|2/100 brn
|
|-heal|p1a: Gud Boi|8/100 brn|[from] item: Leftovers
|-heal|p2a: Blissey|97/100|[from] item: Leftovers
|-damage|p1a: Gud Boi|2/100 brn|[from] brn
|upkeep
|turn|54
|c|☆Ayaan07|Sorry bro I have to leave
|c|☆Ayaan07|Have a nice day
|c|☆Ayaan07|Gotta go to market
|inactive|Ayaan07 has 90 seconds left.
|c|☆Ayaan07|Awwww i wise you have a good time later
|c|☆Ayaan07|Buuuiiii
|-message|Ayaan07 forfeited.
|
|win|Gen8Trihard
|raw|Ayaan07's rating: 1497 &rarr; <strong>1478</strong><br />(-19 for losing)
|raw|Gen8Trihard's rating: 1523 &rarr; <strong>1542</strong><br />(+19 for winning)
|l|☆Ayaan07
|player|p1|
|c|☆Gen8Trihard|gg
|l|☆Gen8Trihard
|player|p2|
