|j|☆anythingenjoyer
|j|☆NO1Griefer
|t:|1769405884
|gametype|singles
|player|p1|anythingenjoyer|volkner|1086
|player|p2|NO1Griefer|cameraman|1111
|gen|9
|tier|[Gen 9] OU
|rated|
|rule|HP Percentage Mod: HP is shown in percentages
|rule|Endless Battle Clause: Forcing endless battles is banned
|rule|Species Clause: Limit one of each Pokémon
|rule|OHKO Clause: OHKO moves are banned
|rule|Evasion Items Clause: Evasion items are banned
|rule|Evasion Moves Clause: Evasion moves are banned
|rule|Evasion Abilities Clause: Evasion abilities are banned
|rule|Sleep Moves Clause: Sleep-inducing moves are banned
|clearpoke
|poke|p1|Ceruledge, F|
|poke|p1|Gliscor, F|
|poke|p1|Dragonite, F|
|poke|p1|Gholdengo|
|poke|p1|Rillaboom, M|
|poke|p1|Maushold-Four|
|poke|p2|Grimmsnarl, M|
|poke|p2|Dragonite, F|
|poke|p2|Golem-Alola, F|
|poke|p2|Azelf|
|poke|p2|Metagross|
|poke|p2|Overqwil, F|
|teampreview
|
|t:|1769405897
|teamsize|p1|6
|teamsize|p2|6
|start
|switch|p1a: Gliscor|Gliscor, F|100/100
|switch|p2a: Overqwil|Overqwil, F|100/100
|-ability|p2a: Overqwil|Intimidate|boost
|-unboost|p1a: Gliscor|atk|1
|turn|1
|
|t:|1769405906
|switch|p2a: Azelf|Azelf, shiny|100/100
|move|p1a: Gliscor|Swords Dance|p1a: Gliscor
|-boost|p1a: Gliscor|atk|2
|
|-status|p1a: Gliscor|tox|[from] item: Toxic Orb
|upkeep
|turn|2
|
|t:|1769405921
|move|p2a: Azelf|U-turn|p1a: Gliscor
|-resisted|p1a: Gliscor
|-damage|p1a: Gliscor|85/100 tox
|
|t:|1769405925
|switch|p2a: Overqwil|Overqwil, F|100/100|[from] U-turn
|-ability|p2a: Overqwil|Intimidate|boost
|-unboost|p1a: Gliscor|atk|1
|move|p1a: Gliscor|Agility|p1a: Gliscor
|-boost|p1a: Gliscor|spe|2
|
|-heal|p1a: Gliscor|97/100 tox|[from] ability: Poison Heal
|upkeep
|turn|3
|
|t:|1769405936
|move|p1a: Gliscor|Swords Dance|p1a: Gliscor
|-boost|p1a: Gliscor|atk|2
|move|p2a: Overqwil|Self-Destruct|p1a: Gliscor
|-damage|p1a: Gliscor|7/100 tox
|faint|p2a: Overqwil
|
|-heal|p1a: Gliscor|19/100 tox|[from] ability: Poison Heal
|upkeep
|
|t:|1769405946
|switch|p2a: Azelf|Azelf, shiny|100/100
|turn|4
|
|t:|1769405952
|move|p1a: Gliscor|Knock Off|p2a: Azelf
|-supereffective|p2a: Azelf
|-damage|p2a: Azelf|0 fnt
|-enditem|p2a: Azelf|Choice Band|[from] move: Knock Off|[of] p1a: Gliscor
|faint|p2a: Azelf
|
|-heal|p1a: Gliscor|32/100 tox|[from] ability: Poison Heal
|upkeep
|
|t:|1769405961
|switch|p2a: Grimmsnarl|Grimmsnarl, M, shiny|100/100
|turn|5
|
|t:|1769405964
|move|p2a: Grimmsnarl|Reflect|p2a: Grimmsnarl
|-sidestart|p2: NO1Griefer|Reflect
|move|p1a: Gliscor|Earthquake|p2a: Grimmsnarl
|-damage|p2a: Grimmsnarl|64/100
|
|-heal|p1a: Gliscor|44/100 tox|[from] ability: Poison Heal
|upkeep
|turn|6
|
|t:|1769405968
|move|p2a: Grimmsnarl|Parting Shot|p1a: Gliscor
|-unboost|p1a: Gliscor|atk|1
|-unboost|p1a: Gliscor|spa|1
|
|t:|1769405978
|switch|p2a: Dragonite|Dragonite, F, shiny|100/100|[from] Parting Shot
|move|p1a: Gliscor|Knock Off|p2a: Dragonite
|-damage|p2a: Dragonite|90/100
|-enditem|p2a: Dragonite|Weakness Policy|[from] move: Knock Off|[of] p1a: Gliscor
|
|-heal|p1a: Gliscor|57/100 tox|[from] ability: Poison Heal
|upkeep
|turn|7
|
|t:|1769405984
|move|p1a: Gliscor|Swords Dance|p1a: Gliscor
|-boost|p1a: Gliscor|atk|2
|move|p2a: Dragonite|Dragon Dance|p2a: Dragonite
|-boost|p2a: Dragonite|atk|1
|-boost|p2a: Dragonite|spe|1
|
|-heal|p1a: Gliscor|69/100 tox|[from] ability: Poison Heal
|upkeep
|turn|8
|
|t:|1769405987
|move|p1a: Gliscor|Knock Off|p2a: Dragonite
|-damage|p2a: Dragonite|66/100
|move|p2a: Dragonite|Dragon Dance|p2a: Dragonite
|-boost|p2a: Dragonite|atk|1
|-boost|p2a: Dragonite|spe|1
|
|-heal|p1a: Gliscor|81/100 tox|[from] ability: Poison Heal
|upkeep
|turn|9
|
|t:|1769405992
|move|p1a: Gliscor|Knock Off|p2a: Dragonite
|-damage|p2a: Dragonite|43/100
|move|p2a: Dragonite|Dragon Dance|p2a: Dragonite
|-boost|p2a: Dragonite|atk|1
|-boost|p2a: Dragonite|spe|1
|
|-heal|p1a: Gliscor|94/100 tox|[from] ability: Poison Heal
|upkeep
|turn|10
|
|t:|1769405995
|move|p2a: Dragonite|Ice Spinner|p1a: Gliscor
|-supereffective|p1a: Gliscor
|-damage|p1a: Gliscor|0 fnt
|faint|p1a: Gliscor
|
|upkeep
|
|t:|1769406014
|switch|p1a: Gholdengo|Gholdengo|100/100
|turn|11
|
|t:|1769406025
|move|p2a: Dragonite|Fire Punch|p1a: Gholdengo
|-supereffective|p1a: Gholdengo
|-damage|p1a: Gholdengo|0 fnt
|faint|p1a: Gholdengo
|
|upkeep
|
|t:|1769406039
|switch|p1a: Rillaboom|Rillaboom, M|100/100
|-fieldstart|move: Grassy Terrain|[from] ability: Grassy Surge|[of] p1a: Rillaboom
|turn|12
|
|t:|1769406045
|move|p1a: Rillaboom|Grassy Glide|p2a: Dragonite
|-resisted|p2a: Dragonite
|-damage|p2a: Dragonite|35/100
|move|p2a: Dragonite|Ice Spinner|p1a: Rillaboom
|-supereffective|p1a: Rillaboom
|-damage|p1a: Rillaboom|0 fnt
|-fieldend|move: Grassy Terrain
|faint|p1a: Rillaboom
|
|-sideend|p2: NO1Griefer|Reflect
|upkeep
|
|t:|1769406048
|switch|p1a: Dragonite|Dragonite, F|100/100
|turn|13
|
|t:|1769406066
|-terastallize|p1a: Dragonite|Normal
|move|p1a: Dragonite|Extreme Speed|p2a: Dragonite
|-damage|p2a: Dragonite|0 fnt
|faint|p2a: Dragonite
|
|upkeep
|
|t:|1769406073
|switch|p2a: Grimmsnarl|Grimmsnarl, M, shiny|64/100
|turn|14
|
|t:|1769406079
|move|p2a: Grimmsnarl|Reflect|p2a: Grimmsnarl
|-sidestart|p2: NO1Griefer|Reflect
|move|p1a: Dragonite|Earthquake|p2a: Grimmsnarl
|-crit|p2a: Grimmsnarl
|-damage|p2a: Grimmsnarl|13/100
|
|upkeep
|turn|15
|
|t:|1769406088
|move|p1a: Dragonite|Dragon Dance|p1a: Dragonite
|-boost|p1a: Dragonite|atk|1
|-boost|p1a: Dragonite|spe|1
|move|p2a: Grimmsnarl|Spirit Break|p1a: Dragonite
|-damage|p1a: Dragonite|83/100
|-unboost|p1a: Dragonite|spa|1
|
|upkeep
|turn|16
|
|t:|1769406093
|move|p2a: Grimmsnarl|Parting Shot|p1a: Dragonite
|-unboost|p1a: Dragonite|atk|1
|-unboost|p1a: Dragonite|spa|1
|
|t:|1769406097
|switch|p2a: Metagross|Metagross, shiny|100/100|[from] Parting Shot
|move|p1a: Dragonite|Fire Punch|p2a: Metagross
|-supereffective|p2a: Metagross
|-damage|p2a: Metagross|78/100
|
|upkeep
|turn|17
|
|t:|1769406110
|-terastallize|p2a: Metagross|Normal
|move|p1a: Dragonite|Dragon Dance|p1a: Dragonite
|-boost|p1a: Dragonite|atk|1
|-boost|p1a: Dragonite|spe|1
|move|p2a: Metagross|Explosion|p1a: Dragonite
|-damage|p1a: Dragonite|0 fnt
|faint|p2a: Metagross
|faint|p1a: Dragonite
|
|upkeep
|
|t:|1769406121
|switch|p1a: Maushold|Maushold-Four|100/100
|switch|p2a: Golem|Golem-Alola, F, shiny|100/100
|turn|18
|
|t:|1769406127
|move|p1a: Maushold|Tidy Up|p1a: Maushold
|-boost|p1a: Maushold|atk|1
|-boost|p1a: Maushold|spe|1
|move|p2a: Golem|Body Slam|p1a: Maushold
|-damage|p1a: Maushold|0 fnt
|faint|p1a: Maushold
|
|upkeep
|
|t:|1769406132
|switch|p1a: Ceruledge|Ceruledge, F|100/100
|turn|19
|
|t:|1769406135
|move|p1a: Ceruledge|Close Combat|p2a: Golem
|-supereffective|p2a: Golem
|-damage|p2a: Golem|71/100
|-unboost|p1a: Ceruledge|def|1
|-unboost|p1a: Ceruledge|spd|1
|move|p2a: Golem|Body Slam|p1a: Ceruledge
|-damage|p1a: Ceruledge|0 fnt
|faint|p1a: Ceruledge
|
|win|NO1Griefer
|raw|anythingenjoyer's rating: 1086 &rarr; <strong>1065</strong><br />(-21 for losing)
|raw|NO1Griefer's rating: 1111 &rarr; <strong>1134</strong><br />(+23 for winning)
|l|☆NO1Griefer
|player|p2|
|l|☆anythingenjoyer
|player|p1|
