|j|☆NeoNight81
|j|‽Jdjdjdjdosjed
|t:|1769386691
|gametype|singles
|player|p1|NeoNight81|101|1066
|player|p2|Jdjdjdjdosjed|lucian|1111
|gen|9
|tier|[Gen 9] OU
|rated|
|rule|HP Percentage Mod: HP is shown in percentages
|rule|Endless Battle Clause: Forcing endless battles is banned
|rule|Species Clause: Limit one of each Pokémon
|rule|OHKO Clause: OHKO moves are banned
|rule|Evasion Items Clause: Evasion items are banned
|rule|Evasion Moves Clause: Evasion moves are banned
|rule|Evasion Abilities Clause: Evasion abilities are banned
|rule|Sleep Moves Clause: Sleep-inducing moves are banned
|clearpoke
|poke|p1|Iron Jugulis|
|poke|p1|Sandaconda, F|
|poke|p1|Gallade, M|
|poke|p1|Bellossom, M|
|poke|p1|Alcremie-Mint-Cream, F|
|poke|p1|Haxorus, M|
|poke|p2|Darkrai|
|poke|p2|Great Tusk|
|poke|p2|Ogerpon-Wellspring, F|
|poke|p2|Gholdengo|
|poke|p2|Dragonite, F|
|poke|p2|Ting-Lu|
|teampreview
|inactive|Battle timer is ON: inactive players will automatically lose when time's up. (requested by Jdjdjdjdosjed)
|
|t:|1769386708
|teamsize|p1|6
|teamsize|p2|6
|start
|switch|p1a: Alcremie|Alcremie-Mint-Cream, F|100/100
|switch|p2a: Ogerpon|Ogerpon-Wellspring, F|100/100
|turn|1
|
|t:|1769386716
|move|p2a: Ogerpon|Knock Off|p1a: Alcremie
|-resisted|p1a: Alcremie
|-damage|p1a: Alcremie|65/100
|-enditem|p1a: Alcremie|Expert Belt|[from] move: Knock Off|[of] p2a: Ogerpon
|move|p1a: Alcremie|Calm Mind|p1a: Alcremie
|-boost|p1a: Alcremie|spa|1
|-boost|p1a: Alcremie|spd|1
|
|upkeep
|turn|2
|
|t:|1769386724
|-terastallize|p2a: Ogerpon|Water
|detailschange|p2a: Ogerpon|Ogerpon-Wellspring-Tera, F, tera:Water
|-ability|p2a: Ogerpon|Embody Aspect (Wellspring)|boost
|-boost|p2a: Ogerpon|spd|1
|move|p2a: Ogerpon|Ivy Cudgel|p1a: Alcremie|[anim] Ivy Cudgel Water
|-damage|p1a: Alcremie|0 fnt
|faint|p1a: Alcremie
|
|upkeep
|
|t:|1769386735
|switch|p1a: Bellossom|Bellossom, M|100/100
|turn|3
|
|t:|1769386739
|move|p2a: Ogerpon|U-turn|p1a: Bellossom
|-supereffective|p1a: Bellossom
|-damage|p1a: Bellossom|35/100
|
|t:|1769386745
|switch|p2a: Dragonite|Dragonite, F|100/100|[from] U-turn
|move|p1a: Bellossom|Sunny Day|p1a: Bellossom
|-weather|SunnyDay
|
|-weather|SunnyDay|[upkeep]
|upkeep
|turn|4
|
|t:|1769386756
|move|p2a: Dragonite|Extreme Speed|p1a: Bellossom
|-damage|p1a: Bellossom|0 fnt
|faint|p1a: Bellossom
|
|-weather|SunnyDay|[upkeep]
|upkeep
|
|t:|1769386776
|switch|p1a: Iron Jugulis|Iron Jugulis|100/100
|-enditem|p1a: Iron Jugulis|Booster Energy
|-activate|p1a: Iron Jugulis|ability: Quark Drive|[fromitem]
|-start|p1a: Iron Jugulis|quarkdrivespa
|turn|5
|
|t:|1769386781
|move|p1a: Iron Jugulis|Dragon Pulse|p2a: Dragonite
|-supereffective|p2a: Dragonite
|-damage|p2a: Dragonite|67/100
|move|p2a: Dragonite|Dragon Tail|p1a: Iron Jugulis
|-damage|p1a: Iron Jugulis|66/100
|-end|p1a: Iron Jugulis|Quark Drive|[silent]
|drag|p1a: Haxorus|Haxorus, M|100/100
|-ability|p1a: Haxorus|Mold Breaker
|
|-weather|SunnyDay|[upkeep]
|upkeep
|turn|6
|
|t:|1769386799
|switch|p2a: Great Tusk|Great Tusk|100/100
|-activate|p2a: Great Tusk|ability: Protosynthesis
|-start|p2a: Great Tusk|protosynthesisatk
|move|p1a: Haxorus|Dragon Claw|p2a: Great Tusk
|-damage|p2a: Great Tusk|67/100
|
|-weather|SunnyDay|[upkeep]
|upkeep
|turn|7
|
|t:|1769386812
|move|p1a: Haxorus|Earthquake|p2a: Great Tusk
|-damage|p2a: Great Tusk|41/100
|move|p2a: Great Tusk|Stealth Rock|p1a: Haxorus
|-sidestart|p1: NeoNight81|move: Stealth Rock
|
|-weather|SunnyDay|[upkeep]
|upkeep
|turn|8
|
|t:|1769386819
|move|p1a: Haxorus|Dragon Claw|p2a: Great Tusk
|-damage|p2a: Great Tusk|9/100
|move|p2a: Great Tusk|Rapid Spin|p1a: Haxorus
|-damage|p1a: Haxorus|71/100
|-boost|p2a: Great Tusk|spe|1
|
|-weather|SunnyDay|[upkeep]
|upkeep
|turn|9
|
|t:|1769386828
|move|p2a: Great Tusk|Ice Spinner|p1a: Haxorus
|-supereffective|p1a: Haxorus
|-damage|p1a: Haxorus|0 fnt
|faint|p1a: Haxorus
|
|-weather|SunnyDay|[upkeep]
|upkeep
|-message|NeoNight81 forfeited.
|
|win|Jdjdjdjdosjed
|raw|NeoNight81's rating: 1066 &rarr; <strong>1049</strong><br />(-17 for losing)
|raw|Jdjdjdjdosjed's rating: 1111 &rarr; <strong>1133</strong><br />(+22 for winning)
|l|☆NeoNight81
|player|p1|
|l|‽Jdjdjdjdosjed
|player|p2|
