|j|☆dj istivi
|j|☆i love skarmory
|t:|1769375737
|gametype|singles
|player|p1|dj istivi|picnicker|
|player|p2|i love skarmory|101|
|gen|9
|tier|[Gen 9] OU
|rule|HP Percentage Mod: HP is shown in percentages
|rule|Endless Battle Clause: Forcing endless battles is banned
|rule|Species Clause: Limit one of each Pokémon
|rule|OHKO Clause: OHKO moves are banned
|rule|Evasion Items Clause: Evasion items are banned
|rule|Evasion Moves Clause: Evasion moves are banned
|rule|Evasion Abilities Clause: Evasion abilities are banned
|rule|Sleep Moves Clause: Sleep-inducing moves are banned
|clearpoke
|poke|p1|Glimmora, F|
|poke|p1|Dragonite, M|
|poke|p1|Gholdengo|
|poke|p1|Darkrai|
|poke|p1|Samurott-Hisui, M|
|poke|p1|Great Tusk|
|poke|p2|Kyurem|
|poke|p2|Corviknight, F|
|poke|p2|Slowking-Galar, M|
|poke|p2|Iron Valiant|
|poke|p2|Kingambit, M|
|poke|p2|Great Tusk|
|teampreview
|
|t:|1769375748
|teamsize|p1|6
|teamsize|p2|6
|start
|switch|p1a: Glimmora|Glimmora, F|100/100
|switch|p2a: Great Tusk|Great Tusk|100/100
|turn|1
|c|☆dj istivi|esse meu time
|c|☆dj istivi|é ayra
|
|t:|1769375758
|switch|p1a: Gholdengo|Gholdengo|100/100
|-item|p1a: Gholdengo|Air Balloon
|move|p2a: Great Tusk|Earthquake|p1a: Gholdengo
|-immune|p1a: Gholdengo
|
|upkeep
|turn|2
|
|t:|1769375782
|-end|p2a: Great Tusk|Protosynthesis|[silent]
|switch|p2a: Kingambit|Kingambit, M|100/100
|move|p1a: Gholdengo|Make It Rain|p2a: Kingambit
|-resisted|p2a: Kingambit
|-damage|p2a: Kingambit|75/100
|-unboost|p1a: Gholdengo|spa|1
|
|upkeep
|turn|3
|
|t:|1769375790
|switch|p1a: Glimmora|Glimmora, F|100/100
|-end|p2a: Kingambit|fallenundefined|[silent]
|switch|p2a: Kyurem|Kyurem|100/100
|-ability|p2a: Kyurem|Pressure
|
|upkeep
|turn|4
|
|t:|1769375796
|move|p2a: Kyurem|Freeze-Dry|p1a: Glimmora
|-damage|p1a: Glimmora|26/100
|move|p1a: Glimmora|Meteor Beam||[still]
|-prepare|p1a: Glimmora|Meteor Beam
|-boost|p1a: Glimmora|spa|1
|-enditem|p1a: Glimmora|Power Herb
|-anim|p1a: Glimmora|Meteor Beam|p2a: Kyurem
|-supereffective|p2a: Kyurem
|-damage|p2a: Kyurem|0 fnt
|faint|p2a: Kyurem
|
|upkeep
|c|☆dj istivi|AURA
|c|☆dj istivi|kkkkkkkkkkkkk
|c|☆i love skarmory|mds tropa olha esse cara
|
|t:|1769375813
|switch|p2a: Great Tusk|Great Tusk|100/100
|turn|5
|
|t:|1769375817
|move|p1a: Glimmora|Mortal Spin|p2a: Great Tusk
|-resisted|p2a: Great Tusk
|-damage|p2a: Great Tusk|98/100
|-status|p2a: Great Tusk|psn
|move|p2a: Great Tusk|Ice Spinner|p1a: Glimmora
|-crit|p1a: Glimmora
|-damage|p1a: Glimmora|0 fnt
|-activate|p1a: Glimmora|ability: Toxic Debris
|-sidestart|p2: i love skarmory|move: Toxic Spikes
|faint|p1a: Glimmora
|
|-damage|p2a: Great Tusk|86/100 psn|[from] psn
|upkeep
|c|☆i love skarmory|merece ban
|
|t:|1769375825
|switch|p1a: Samurott|Samurott-Hisui, M|100/100
|turn|6
|
|t:|1769375829
|move|p2a: Great Tusk|Close Combat|p1a: Samurott
|-supereffective|p1a: Samurott
|-crit|p1a: Samurott
|-damage|p1a: Samurott|0 fnt
|-unboost|p2a: Great Tusk|def|1
|-unboost|p2a: Great Tusk|spd|1
|faint|p1a: Samurott
|
|-damage|p2a: Great Tusk|74/100 psn|[from] psn
|upkeep
|c|☆dj istivi|rouibou
|c|☆dj istivi|mano
|c|☆dj istivi|mano
|c|☆dj istivi|ladrao
|c|☆dj istivi|ladrao
|
|t:|1769375843
|switch|p1a: Great Tusk|Great Tusk|100/100
|-enditem|p1a: Great Tusk|Booster Energy
|-activate|p1a: Great Tusk|ability: Protosynthesis|[fromitem]
|-start|p1a: Great Tusk|protosynthesisspe
|turn|7
|
|t:|1769375847
|move|p1a: Great Tusk|Bulk Up|p1a: Great Tusk
|-boost|p1a: Great Tusk|atk|1
|-boost|p1a: Great Tusk|def|1
|move|p2a: Great Tusk|Rapid Spin|p1a: Great Tusk
|-damage|p1a: Great Tusk|94/100
|-boost|p2a: Great Tusk|spe|1
|-sideend|p2: i love skarmory|Toxic Spikes|[from] move: Rapid Spin|[of] p2a: Great Tusk
|
|-damage|p2a: Great Tusk|61/100 psn|[from] psn
|upkeep
|turn|8
|
|t:|1769375849
|-end|p2a: Great Tusk|Protosynthesis|[silent]
|switch|p2a: Corviknight|Corviknight, F|100/100
|-ability|p2a: Corviknight|Pressure
|move|p1a: Great Tusk|Bulk Up|p1a: Great Tusk
|-boost|p1a: Great Tusk|atk|1
|-boost|p1a: Great Tusk|def|1
|
|upkeep
|turn|9
|
|t:|1769375855
|move|p1a: Great Tusk|Taunt|p2a: Corviknight
|-start|p2a: Corviknight|move: Taunt
|move|p2a: Corviknight|U-turn|p1a: Great Tusk
|-resisted|p1a: Great Tusk
|-damage|p1a: Great Tusk|92/100
|
|t:|1769375859
|switch|p2a: Iron Valiant|Iron Valiant|100/100|[from] U-turn
|-enditem|p2a: Iron Valiant|Booster Energy
|-activate|p2a: Iron Valiant|ability: Quark Drive|[fromitem]
|-start|p2a: Iron Valiant|quarkdrivespe
|
|upkeep
|turn|10
|c|☆i love skarmory|da tera
|
|t:|1769375868
|-terastallize|p1a: Great Tusk|Ghost
|move|p2a: Iron Valiant|Moonblast|p1a: Great Tusk
|-damage|p1a: Great Tusk|30/100
|move|p1a: Great Tusk|Headlong Rush|p2a: Iron Valiant
|-damage|p2a: Iron Valiant|0 fnt
|-unboost|p1a: Great Tusk|def|1
|-unboost|p1a: Great Tusk|spd|1
|faint|p2a: Iron Valiant
|-end|p2a: Iron Valiant|Quark Drive|[silent]
|
|upkeep
|c|☆dj istivi|dei
|
|t:|1769375873
|switch|p2a: Kingambit|Kingambit, M|75/100
|-activate|p2a: Kingambit|ability: Supreme Overlord
|-start|p2a: Kingambit|fallen2|[silent]
|turn|11
|c|☆dj istivi|la ele
|
|t:|1769375881
|move|p1a: Great Tusk|Bulk Up|p1a: Great Tusk
|-boost|p1a: Great Tusk|atk|1
|-boost|p1a: Great Tusk|def|1
|move|p2a: Kingambit|Kowtow Cleave|p1a: Great Tusk
|-supereffective|p1a: Great Tusk
|-damage|p1a: Great Tusk|0 fnt
|faint|p1a: Great Tusk
|-end|p1a: Great Tusk|Protosynthesis|[silent]
|
|upkeep
|
|t:|1769375886
|switch|p1a: Dragonite|Dragonite, M|100/100
|turn|12
|c|☆i love skarmory|???
|
|t:|1769375897
|-end|p2a: Kingambit|fallen2|[silent]
|switch|p2a: Corviknight|Corviknight, F|100/100
|-ability|p2a: Corviknight|Pressure
|move|p1a: Dragonite|Dragon Dance|p1a: Dragonite
|-boost|p1a: Dragonite|atk|1
|-boost|p1a: Dragonite|spe|1
|
|upkeep
|turn|13
|
|t:|1769375904
|move|p1a: Dragonite|Dragon Dance|p1a: Dragonite
|-boost|p1a: Dragonite|atk|1
|-boost|p1a: Dragonite|spe|1
|move|p2a: Corviknight|U-turn|p1a: Dragonite
|-resisted|p1a: Dragonite
|-crit|p1a: Dragonite
|-damage|p1a: Dragonite|94/100
|c|☆dj istivi|swa,pe
|c|☆dj istivi|agr
|c|☆dj istivi|agr
|c|☆dj istivi|agr
|c|☆dj istivi|agr
|c|☆dj istivi|agr
|c|☆dj istivi|agr
|c|☆dj istivi|agr
|c|☆dj istivi|ahgr
|c|☆dj istivi|agr
|c|☆dj istivi|agr
|c|☆dj istivi|agr
|c|☆dj istivi|agr
|c|☆dj istivi|agr
|c|☆dj istivi|aghr[a
|c|☆dj istivi|agr
|c|☆dj istivi|agr[
|c|☆dj istivi|aghr
|c|☆dj istivi|agr
|c|☆dj istivi|agr
|c|☆dj istivi|aghr
|c|☆dj istivi|agr
|c|☆dj istivi|agr[
|c|☆dj istivi|agr[
|c|☆dj istivi|agra
|c|☆dj istivi|vai
|c|☆dj istivi|FDP
|c|☆dj istivi|VA
|
|t:|1769375949
|switch|p2a: Great Tusk|Great Tusk|61/100 psn|[from] U-turn
|
|-heal|p1a: Dragonite|100/100|[from] item: Leftovers
|-damage|p2a: Great Tusk|49/100 psn|[from] psn
|upkeep
|turn|14
|
|t:|1769375954
|move|p1a: Dragonite|Earthquake|p2a: Great Tusk
|-damage|p2a: Great Tusk|3/100 psn
|move|p2a: Great Tusk|Ice Spinner|p1a: Dragonite
|-supereffective|p1a: Dragonite
|-damage|p1a: Dragonite|50/100
|
|-heal|p1a: Dragonite|56/100|[from] item: Leftovers
|-damage|p2a: Great Tusk|0 fnt|[from] psn
|faint|p2a: Great Tusk
|-end|p2a: Great Tusk|Protosynthesis|[silent]
|upkeep
|c|☆dj istivi|SWMP
|c|☆dj istivi|ME ROUBOU AINDA
|c|☆dj istivi|ERA ROLL
|c|☆dj istivi|DSPS
|c|☆dj istivi|S
|
|t:|1769375966
|switch|p2a: Slowking|Slowking-Galar, M|100/100
|turn|15
|c|☆dj istivi|S
|
|t:|1769375970
|-terastallize|p2a: Slowking|Water
|move|p1a: Dragonite|Earthquake|p2a: Slowking
|-damage|p2a: Slowking|22/100
|move|p2a: Slowking|Ice Beam|p1a: Dragonite
|-supereffective|p1a: Dragonite
|-damage|p1a: Dragonite|0 fnt
|faint|p1a: Dragonite
|
|upkeep
|
|t:|1769375974
|switch|p1a: Darkrai|Darkrai|100/100
|turn|16
|
|t:|1769375979
|switch|p2a: Corviknight|Corviknight, F|100/100
|-ability|p2a: Corviknight|Pressure
|move|p1a: Darkrai|Dark Pulse|p2a: Corviknight
|-crit|p2a: Corviknight
|-damage|p2a: Corviknight|40/100
|
|upkeep
|turn|17
|
|t:|1769375984
|move|p1a: Darkrai|Dark Pulse|p2a: Corviknight
|-crit|p2a: Corviknight
|-damage|p2a: Corviknight|0 fnt
|faint|p2a: Corviknight
|
|upkeep
|
|t:|1769375986
|switch|p2a: Kingambit|Kingambit, M|75/100
|-activate|p2a: Kingambit|ability: Supreme Overlord
|-start|p2a: Kingambit|fallen4|[silent]
|turn|18
|c|☆i love skarmory|nao roubaxxx
|
|t:|1769375992
|move|p1a: Darkrai|Dark Pulse|p2a: Kingambit
|-resisted|p2a: Kingambit
|-damage|p2a: Kingambit|53/100
|move|p2a: Kingambit|Iron Head|p1a: Darkrai
|-damage|p1a: Darkrai|12/100
|
|upkeep
|turn|19
|c|☆i love skarmory|nao é pra roubaxx
|
|t:|1769375998
|move|p2a: Kingambit|Sucker Punch|p1a: Darkrai
|-resisted|p1a: Darkrai
|-damage|p1a: Darkrai|0 fnt
|faint|p1a: Darkrai
|
|upkeep
|
|t:|1769376000
|switch|p1a: Gholdengo|Gholdengo|100/100
|-item|p1a: Gholdengo|Air Balloon
|turn|20
|c|☆dj istivi|TENHO TERA
|c|☆i love skarmory|GG
|c|☆dj istivi|LXRÇ
|c|☆i love skarmory|tem n
|c|☆dj istivi|RLX
|c|☆dj istivi|RLX
|c|☆dj istivi|RLX
|c|☆dj istivi|TENHO sdim
|c|☆i love skarmory|se n tiver golpe status
|c|☆i love skarmory|ce perde
|
|t:|1769376020
|move|p1a: Gholdengo|Make It Rain|p2a: Kingambit
|-resisted|p2a: Kingambit
|-damage|p2a: Kingambit|30/100
|-unboost|p1a: Gholdengo|spa|1
|move|p2a: Kingambit|Iron Head|p1a: Gholdengo
|-resisted|p1a: Gholdengo
|-damage|p1a: Gholdengo|78/100
|-enditem|p1a: Gholdengo|Air Balloon
|
|upkeep
|turn|21
|c|☆dj istivi|kkkkkkkkkkkk
|c|☆dj istivi|kkkkkkkk
|
|t:|1769376028
|move|p1a: Gholdengo|Recover|p1a: Gholdengo
|-heal|p1a: Gholdengo|100/100
|move|p2a: Kingambit|Kowtow Cleave|p1a: Gholdengo
|-supereffective|p1a: Gholdengo
|-damage|p1a: Gholdengo|0 fnt
|faint|p1a: Gholdengo
|
|win|i love skarmory
|c|☆i love skarmory|farmo
