|j|☆Yaoshi
|j|☆tuanquewang
|t:|1769360462
|gametype|singles
|player|p1|Yaoshi|silver-masters|1712
|player|p2|tuanquewang|backersf|1784
|gen|9
|tier|[Gen 9] OU
|rated|
|rule|HP Percentage Mod: HP is shown in percentages
|rule|Endless Battle Clause: Forcing endless battles is banned
|rule|Species Clause: Limit one of each Pokémon
|rule|OHKO Clause: OHKO moves are banned
|rule|Evasion Items Clause: Evasion items are banned
|rule|Evasion Moves Clause: Evasion moves are banned
|rule|Evasion Abilities Clause: Evasion abilities are banned
|rule|Sleep Moves Clause: Sleep-inducing moves are banned
|clearpoke
|poke|p1|Cinderace, F|
|poke|p1|Darkrai|
|poke|p1|Dragonite, F|
|poke|p1|Snorlax, F|
|poke|p1|Primarina, M|
|poke|p1|Skarmory, M|
|poke|p2|Cinderace, M|
|poke|p2|Slowking-Galar, M|
|poke|p2|Alomomola, F|
|poke|p2|Scizor, M|
|poke|p2|Hydrapple, F|
|poke|p2|Sandy Shocks|
|teampreview
|inactive|Battle timer is ON: inactive players will automatically lose when time's up. (requested by Yaoshi)
|inactive|tuanquewang also wants the timer to be on.
|
|t:|1769360475
|teamsize|p1|6
|teamsize|p2|6
|start
|switch|p1a: One Hit Wonder|Cinderace, F|100/100
|switch|p2a: Scizor|Scizor, M|100/100
|turn|1
|
|t:|1769360480
|switch|p2a: Alomomola|Alomomola, F|100/100
|move|p1a: One Hit Wonder|Pyro Ball|p2a: Alomomola
|-resisted|p2a: Alomomola
|-damage|p2a: Alomomola|85/100
|
|-heal|p2a: Alomomola|91/100|[from] item: Leftovers
|upkeep
|turn|2
|
|t:|1769360483
|switch|p1a: Oz Smith|Skarmory, M, shiny|100/100
|move|p2a: Alomomola|Flip Turn|p1a: Oz Smith
|-damage|p1a: Oz Smith|90/100
|-damage|p2a: Alomomola|74/100|[from] item: Rocky Helmet|[of] p1a: Oz Smith
|
|t:|1769360487
|switch|p2a: Sandy Shocks|Sandy Shocks, shiny|100/100|[from] Flip Turn
|
|upkeep
|turn|3
|
|t:|1769360506
|switch|p1a: Homerun|Snorlax, F, shiny|100/100
|move|p2a: Sandy Shocks|Volt Switch|p1a: Homerun
|-crit|p1a: Homerun
|-damage|p1a: Homerun|76/100
|
|t:|1769360515
|-end|p2a: Sandy Shocks|Protosynthesis|[silent]
|switch|p2a: Hydrapple|Hydrapple, F, shiny|100/100|[from] Volt Switch
|
|upkeep
|turn|4
|
|t:|1769360528
|move|p2a: Hydrapple|Draco Meteor|p1a: Homerun
|-crit|p1a: Homerun
|-damage|p1a: Homerun|0 fnt
|-unboost|p2a: Hydrapple|spa|2
|faint|p1a: Homerun
|
|upkeep
|
|t:|1769360531
|switch|p1a: Babe Ruth|Darkrai, shiny|100/100
|turn|5
|
|t:|1769360540
|switch|p2a: Slowking|Slowking-Galar, M|100/100
|move|p1a: Babe Ruth|Dark Pulse|p2a: Slowking
|-supereffective|p2a: Slowking
|-damage|p2a: Slowking|53/100
|
|-heal|p2a: Slowking|59/100|[from] item: Black Sludge
|upkeep
|turn|6
|
|t:|1769360566
|move|p1a: Babe Ruth|Dark Pulse|p2a: Slowking
|-supereffective|p2a: Slowking
|-damage|p2a: Slowking|14/100
|-prepare|p2a: Slowking|Chilly Reception|[premajor]
|move|p2a: Slowking|Chilly Reception|p2a: Slowking
|-weather|Snowscape
|
|t:|1769360574
|switch|p2a: Scizor|Scizor, M|100/100|[from] Chilly Reception
|
|-weather|Snowscape|[upkeep]
|upkeep
|turn|7
|
|t:|1769360584
|move|p1a: Babe Ruth|Will-O-Wisp|p2a: Scizor
|-status|p2a: Scizor|brn
|move|p2a: Scizor|U-turn|p1a: Babe Ruth
|-supereffective|p1a: Babe Ruth
|-damage|p1a: Babe Ruth|22/100
|
|t:|1769360588
|switch|p2a: Sandy Shocks|Sandy Shocks, shiny|100/100|[from] U-turn
|
|-weather|Snowscape|[upkeep]
|-heal|p1a: Babe Ruth|28/100|[from] item: Leftovers
|upkeep
|turn|8
|
|t:|1769360600
|move|p2a: Sandy Shocks|Volt Switch|p1a: Babe Ruth
|-damage|p1a: Babe Ruth|0 fnt
|faint|p1a: Babe Ruth
|
|t:|1769360603
|-end|p2a: Sandy Shocks|Protosynthesis|[silent]
|switch|p2a: Slowking|Slowking-Galar, M|47/100|[from] Volt Switch
|
|-weather|Snowscape|[upkeep]
|-heal|p2a: Slowking|53/100|[from] item: Black Sludge
|upkeep
|
|t:|1769360614
|switch|p1a: One Hit Wonder|Cinderace, F|100/100
|turn|9
|
|t:|1769360617
|move|p1a: One Hit Wonder|Pyro Ball|p2a: Slowking
|-damage|p2a: Slowking|0 fnt
|faint|p2a: Slowking
|
|-weather|Snowscape|[upkeep]
|upkeep
|
|t:|1769360632
|switch|p2a: Sandy Shocks|Sandy Shocks, shiny|100/100
|turn|10
|
|t:|1769360640
|switch|p1a: Ayami Sato|Primarina, M, shiny|100/100
|move|p2a: Sandy Shocks|Volt Switch|p1a: Ayami Sato
|-supereffective|p1a: Ayami Sato
|-damage|p1a: Ayami Sato|31/100
|
|t:|1769360647
|-end|p2a: Sandy Shocks|Protosynthesis|[silent]
|switch|p2a: Scizor|Scizor, M|100/100 brn|[from] Volt Switch
|
|-weather|none
|-heal|p1a: Ayami Sato|37/100|[from] item: Leftovers
|-damage|p2a: Scizor|94/100 brn|[from] brn
|upkeep
|turn|11
|
|t:|1769360651
|switch|p1a: Oz Smith|Skarmory, M, shiny|90/100
|move|p2a: Scizor|U-turn|p1a: Oz Smith
|-resisted|p1a: Oz Smith
|-damage|p1a: Oz Smith|85/100
|-damage|p2a: Scizor|78/100 brn|[from] item: Rocky Helmet|[of] p1a: Oz Smith
|
|t:|1769360655
|switch|p2a: Sandy Shocks|Sandy Shocks, shiny|100/100|[from] U-turn
|
|upkeep
|turn|12
|
|t:|1769360657
|switch|p1a: Ayami Sato|Primarina, M, shiny|37/100
|move|p2a: Sandy Shocks|Volt Switch|p1a: Ayami Sato
|-supereffective|p1a: Ayami Sato
|-damage|p1a: Ayami Sato|0 fnt
|faint|p1a: Ayami Sato
|
|t:|1769360665
|-end|p2a: Sandy Shocks|Protosynthesis|[silent]
|switch|p2a: Hydrapple|Hydrapple, F, shiny|100/100|[from] Volt Switch
|
|upkeep
|
|t:|1769360672
|switch|p1a: Ohtani|Dragonite, F|100/100
|turn|13
|
|t:|1769360676
|-terastallize|p2a: Hydrapple|Water
|move|p1a: Ohtani|Outrage|p2a: Hydrapple
|-damage|p2a: Hydrapple|25/100
|move|p2a: Hydrapple|Draco Meteor|p1a: Ohtani
|-supereffective|p1a: Ohtani
|-damage|p1a: Ohtani|1/100
|-unboost|p2a: Hydrapple|spa|2
|
|upkeep
|turn|14
|
|t:|1769360688
|switch|p2a: Scizor|Scizor, M|78/100 brn
|move|p1a: Ohtani|Outrage|p2a: Scizor|[from] lockedmove
|-resisted|p2a: Scizor
|-damage|p2a: Scizor|29/100 brn
|-start|p1a: Ohtani|confusion|[fatigue]
|
|-damage|p2a: Scizor|23/100 brn|[from] brn
|upkeep
|turn|15
|
|t:|1769360694
|switch|p1a: Oz Smith|Skarmory, M, shiny|85/100
|move|p2a: Scizor|U-turn|p1a: Oz Smith
|-resisted|p1a: Oz Smith
|-damage|p1a: Oz Smith|81/100
|-damage|p2a: Scizor|6/100 brn|[from] item: Rocky Helmet|[of] p1a: Oz Smith
|
|t:|1769360698
|switch|p2a: Sandy Shocks|Sandy Shocks, shiny|100/100|[from] U-turn
|
|upkeep
|turn|16
|
|t:|1769360705
|-terastallize|p1a: Oz Smith|Dragon
|move|p2a: Sandy Shocks|Volt Switch|p1a: Oz Smith
|-resisted|p1a: Oz Smith
|-damage|p1a: Oz Smith|52/100
|
|t:|1769360708
|-end|p2a: Sandy Shocks|Protosynthesis|[silent]
|switch|p2a: Hydrapple|Hydrapple, F, shiny, tera:Water|58/100|[from] Volt Switch
|move|p1a: Oz Smith|Roost|p1a: Oz Smith
|-heal|p1a: Oz Smith|100/100
|
|upkeep
|turn|17
|
|t:|1769360714
|move|p2a: Hydrapple|Draco Meteor|p1a: Oz Smith
|-supereffective|p1a: Oz Smith
|-ability|p1a: Oz Smith|Sturdy
|-damage|p1a: Oz Smith|1/100
|-unboost|p2a: Hydrapple|spa|2
|move|p1a: Oz Smith|Whirlwind|p2a: Hydrapple
|drag|p2a: Cinderace|Cinderace, M|100/100
|
|upkeep
|turn|18
|
|t:|1769360720
|move|p2a: Cinderace|U-turn|p1a: Oz Smith
|-start|p2a: Cinderace|typechange|Bug|[from] ability: Libero
|-damage|p1a: Oz Smith|0 fnt
|-damage|p2a: Cinderace|84/100|[from] item: Rocky Helmet|[of] p1a: Oz Smith
|faint|p1a: Oz Smith
|
|t:|1769360723
|switch|p2a: Alomomola|Alomomola, F|100/100|[from] U-turn
|
|upkeep
|
|t:|1769360730
|switch|p1a: One Hit Wonder|Cinderace, F|100/100
|turn|19
|-message|Yaoshi forfeited.
|
|win|tuanquewang
|raw|Yaoshi's rating: 1712 &rarr; <strong>1696</strong><br />(-16 for losing)
|raw|tuanquewang's rating: 1784 &rarr; <strong>1800</strong><br />(+16 for winning)
|l|☆Yaoshi
|player|p1|
|l|☆tuanquewang
|player|p2|
