|j|☆moa2fou
|j|☆KenjiShiguma
|t:|1769371236
|gametype|singles
|player|p1|moa2fou|170|1110
|player|p2|KenjiShiguma|pokemonbreeder-gen4|1116
|gen|9
|tier|[Gen 9] OU
|rated|
|rule|HP Percentage Mod: HP is shown in percentages
|rule|Endless Battle Clause: Forcing endless battles is banned
|rule|Species Clause: Limit one of each Pokémon
|rule|OHKO Clause: OHKO moves are banned
|rule|Evasion Items Clause: Evasion items are banned
|rule|Evasion Moves Clause: Evasion moves are banned
|rule|Evasion Abilities Clause: Evasion abilities are banned
|rule|Sleep Moves Clause: Sleep-inducing moves are banned
|clearpoke
|poke|p1|Garganacl, M|
|poke|p1|Darkrai|
|poke|p1|Great Tusk|
|poke|p1|Hatterene, F|
|poke|p1|Tornadus-Therian, M|
|poke|p1|Dragonite, M|
|poke|p2|Bisharp, M|
|poke|p2|Muk-Alola, M|
|poke|p2|Gastrodon, M|
|poke|p2|Rotom-Mow|
|poke|p2|Weezing, F|
|poke|p2|Gallade, M|
|teampreview
|
|t:|1769371245
|teamsize|p1|6
|teamsize|p2|6
|start
|switch|p1a: Garganacl|Garganacl, M|100/100
|switch|p2a: Gastrodon|Gastrodon, M|100/100
|turn|1
|
|t:|1769371253
|move|p1a: Garganacl|Stealth Rock|p2a: Gastrodon
|-sidestart|p2: KenjiShiguma|move: Stealth Rock
|move|p2a: Gastrodon|Stealth Rock|p1a: Garganacl
|-sidestart|p1: moa2fou|move: Stealth Rock
|
|upkeep
|turn|2
|
|t:|1769371265
|switch|p2a: Gallade|Gallade, M|100/100
|-damage|p2a: Gallade|94/100|[from] Stealth Rock
|move|p1a: Garganacl|Salt Cure|p2a: Gallade
|-resisted|p2a: Gallade
|-damage|p2a: Gallade|81/100
|-start|p2a: Gallade|Salt Cure
|
|-damage|p2a: Gallade|69/100|[from] Salt Cure
|upkeep
|turn|3
|
|t:|1769371276
|switch|p1a: Hatterene|Hatterene, F|100/100
|-damage|p1a: Hatterene|88/100|[from] Stealth Rock
|move|p2a: Gallade|Sacred Sword|p1a: Hatterene
|-resisted|p1a: Hatterene
|-crit|p1a: Hatterene
|-damage|p1a: Hatterene|69/100
|-damage|p2a: Gallade|52/100|[from] item: Rocky Helmet|[of] p1a: Hatterene
|
|-damage|p2a: Gallade|40/100|[from] Salt Cure
|upkeep
|turn|4
|
|t:|1769371290
|switch|p2a: Muk|Muk-Alola, M|100/100
|-damage|p2a: Muk|88/100|[from] Stealth Rock
|move|p1a: Hatterene|Nuzzle|p2a: Muk
|-damage|p2a: Muk|84/100
|-status|p2a: Muk|par
|-enditem|p2a: Muk|Red Card|[of] p1a: Hatterene
|drag|p1a: Tornadus|Tornadus-Therian, M, shiny|100/100
|-damage|p1a: Tornadus|76/100|[from] Stealth Rock
|
|upkeep
|turn|5
|
|t:|1769371306
|switch|p1a: Great Tusk|Great Tusk|100/100
|-damage|p1a: Great Tusk|98/100|[from] Stealth Rock
|-enditem|p1a: Great Tusk|Booster Energy
|-activate|p1a: Great Tusk|ability: Protosynthesis|[fromitem]
|-start|p1a: Great Tusk|protosynthesisatk
|cant|p2a: Muk|par
|
|upkeep
|turn|6
|
|t:|1769371318
|switch|p2a: Weezing|Weezing, F|100/100
|-damage|p2a: Weezing|88/100|[from] Stealth Rock
|move|p1a: Great Tusk|Rapid Spin|p2a: Weezing
|-damage|p2a: Weezing|74/100
|-boost|p1a: Great Tusk|spe|1
|-sideend|p1: moa2fou|Stealth Rock|[from] move: Rapid Spin|[of] p1a: Great Tusk
|
|-heal|p2a: Weezing|80/100|[from] item: Black Sludge
|upkeep
|turn|7
|
|t:|1769371331
|-terastallize|p1a: Great Tusk|Ice
|move|p1a: Great Tusk|Ice Spinner|p2a: Weezing
|-damage|p2a: Weezing|47/100
|move|p2a: Weezing|Toxic|p1a: Great Tusk
|-status|p1a: Great Tusk|tox
|
|-heal|p2a: Weezing|53/100|[from] item: Black Sludge
|-damage|p1a: Great Tusk|91/100 tox|[from] psn
|upkeep
|turn|8
|
|t:|1769371343
|move|p1a: Great Tusk|Ice Spinner|p2a: Weezing
|-damage|p2a: Weezing|20/100
|move|p2a: Weezing|Flamethrower|p1a: Great Tusk
|-supereffective|p1a: Great Tusk
|-damage|p1a: Great Tusk|33/100 tox
|
|-heal|p2a: Weezing|26/100|[from] item: Black Sludge
|-damage|p1a: Great Tusk|21/100 tox|[from] psn
|upkeep
|turn|9
|
|t:|1769371359
|switch|p2a: Bisharp|Bisharp, M|100/100
|-damage|p2a: Bisharp|94/100|[from] Stealth Rock
|move|p1a: Great Tusk|Ice Spinner|p2a: Bisharp
|-resisted|p2a: Bisharp
|-damage|p2a: Bisharp|68/100
|-damage|p1a: Great Tusk|4/100 tox|[from] item: Rocky Helmet|[of] p2a: Bisharp
|
|-damage|p1a: Great Tusk|0 fnt|[from] psn
|faint|p1a: Great Tusk
|-end|p1a: Great Tusk|Protosynthesis|[silent]
|upkeep
|
|t:|1769371376
|switch|p1a: Tornadus|Tornadus-Therian, M, shiny|100/100
|turn|10
|
|t:|1769371379
|switch|p2a: Gastrodon|Gastrodon, M|100/100
|-damage|p2a: Gastrodon|94/100|[from] Stealth Rock
|move|p1a: Tornadus|Heat Wave|p2a: Gastrodon
|-resisted|p2a: Gastrodon
|-damage|p2a: Gastrodon|87/100
|
|-heal|p2a: Gastrodon|93/100|[from] item: Leftovers
|upkeep
|turn|11
|
|t:|1769371390
|switch|p1a: Dragonite|Dragonite, M|100/100
|move|p2a: Gastrodon|Spikes|p1a: Dragonite
|-sidestart|p1: moa2fou|Spikes
|
|-heal|p2a: Gastrodon|99/100|[from] item: Leftovers
|upkeep
|turn|12
|
|t:|1769371398
|switch|p2a: Gallade|Gallade, M|40/100
|-damage|p2a: Gallade|34/100|[from] Stealth Rock
|move|p1a: Dragonite|Dragon Dance|p1a: Dragonite
|-boost|p1a: Dragonite|atk|1
|-boost|p1a: Dragonite|spe|1
|-enditem|p2a: Gallade|Mirror Herb
|-boost|p2a: Gallade|atk|1|[from] item: Mirror Herb
|-boost|p2a: Gallade|spe|1|[from] item: Mirror Herb
|
|upkeep
|turn|13
|
|t:|1769371409
|move|p1a: Dragonite|Extreme Speed|p2a: Gallade
|-damage|p2a: Gallade|0 fnt
|faint|p2a: Gallade
|
|upkeep
|
|t:|1769371415
|switch|p2a: Bisharp|Bisharp, M|68/100
|-damage|p2a: Bisharp|62/100|[from] Stealth Rock
|turn|14
|
|t:|1769371421
|-terastallize|p2a: Bisharp|Dark
|move|p1a: Dragonite|Earthquake|p2a: Bisharp
|-damage|p2a: Bisharp|3/100
|move|p2a: Bisharp|Assurance|p1a: Dragonite
|-damage|p1a: Dragonite|77/100
|
|upkeep
|turn|15
|
|t:|1769371429
|move|p1a: Dragonite|Extreme Speed|p2a: Bisharp
|-damage|p2a: Bisharp|0 fnt
|-damage|p1a: Dragonite|61/100|[from] item: Rocky Helmet|[of] p2a: Bisharp
|faint|p2a: Bisharp
|
|upkeep
|
|t:|1769371435
|switch|p2a: Weezing|Weezing, F|26/100
|-damage|p2a: Weezing|14/100|[from] Stealth Rock
|turn|16
|
|t:|1769371440
|move|p1a: Dragonite|Extreme Speed|p2a: Weezing
|-damage|p2a: Weezing|0 fnt
|faint|p2a: Weezing
|
|upkeep
|
|t:|1769371450
|switch|p2a: Muk|Muk-Alola, M|84/100 par
|-damage|p2a: Muk|71/100 par|[from] Stealth Rock
|turn|17
|
|t:|1769371456
|move|p1a: Dragonite|Earthquake|p2a: Muk
|-supereffective|p2a: Muk
|-damage|p2a: Muk|0 fnt
|faint|p2a: Muk
|
|upkeep
|
|t:|1769371465
|switch|p2a: Rotom|Rotom-Mow|100/100
|-damage|p2a: Rotom|88/100|[from] Stealth Rock
|turn|18
|
|t:|1769371471
|move|p1a: Dragonite|Extreme Speed|p2a: Rotom
|-damage|p2a: Rotom|18/100
|move|p2a: Rotom|Thunderbolt|p1a: Dragonite
|-damage|p1a: Dragonite|2/100
|
|upkeep
|turn|19
|-message|KenjiShiguma forfeited.
|
|win|moa2fou
|raw|moa2fou's rating: 1110 &rarr; <strong>1135</strong><br />(+25 for winning)
|raw|KenjiShiguma's rating: 1116 &rarr; <strong>1091</strong><br />(-25 for losing)
|l|☆KenjiShiguma
|player|p2|
|l|☆moa2fou
|player|p1|
