|j|☆plolaa
|j|☆gab_fifou
|t:|1769412138
|gametype|singles
|player|p1|plolaa|preschooler|1120
|player|p2|gab_fifou|1|1161
|gen|9
|tier|[Gen 9] OU
|rated|
|rule|HP Percentage Mod: HP is shown in percentages
|rule|Endless Battle Clause: Forcing endless battles is banned
|rule|Species Clause: Limit one of each Pokémon
|rule|OHKO Clause: OHKO moves are banned
|rule|Evasion Items Clause: Evasion items are banned
|rule|Evasion Moves Clause: Evasion moves are banned
|rule|Evasion Abilities Clause: Evasion abilities are banned
|rule|Sleep Moves Clause: Sleep-inducing moves are banned
|clearpoke
|poke|p1|Pelipper, M|
|poke|p1|Politoed, F|
|poke|p1|Manaphy|
|poke|p1|Whiscash, M|
|poke|p1|Golduck, F|
|poke|p1|Barraskewda, F|
|poke|p2|Kyurem|
|poke|p2|Kingambit, M|
|poke|p2|Pecharunt|
|poke|p2|Raging Bolt|
|poke|p2|Deoxys-Speed|
|poke|p2|Gholdengo|
|teampreview
|inactive|Battle timer is ON: inactive players will automatically lose when time's up. (requested by plolaa)
|
|t:|1769412160
|teamsize|p1|6
|teamsize|p2|6
|start
|switch|p1a: Politoed|Politoed, F|100/100
|switch|p2a: Deoxys|Deoxys-Speed|100/100
|-ability|p2a: Deoxys|Pressure
|-weather|RainDance|[from] ability: Drizzle|[of] p1a: Politoed
|turn|1
|
|t:|1769412172
|move|p2a: Deoxys|Knock Off|p1a: Politoed
|-damage|p1a: Politoed|75/100
|-enditem|p1a: Politoed|Damp Rock|[from] move: Knock Off|[of] p2a: Deoxys
|move|p1a: Politoed|Weather Ball|p2a: Deoxys
|-damage|p2a: Deoxys|13/100
|
|-weather|RainDance|[upkeep]
|upkeep
|turn|2
|
|t:|1769412184
|move|p2a: Deoxys|Stealth Rock|p1a: Politoed
|-sidestart|p1: plolaa|move: Stealth Rock
|move|p1a: Politoed|Weather Ball|p2a: Deoxys
|-damage|p2a: Deoxys|0 fnt
|faint|p2a: Deoxys
|
|-weather|RainDance|[upkeep]
|upkeep
|
|t:|1769412199
|switch|p2a: Raging Bolt|Raging Bolt|100/100
|turn|3
|
|t:|1769412204
|move|p2a: Raging Bolt|Draco Meteor|p1a: Politoed
|-damage|p1a: Politoed|0 fnt
|-unboost|p2a: Raging Bolt|spa|2
|faint|p1a: Politoed
|
|-weather|RainDance|[upkeep]
|upkeep
|
|t:|1769412209
|switch|p1a: Whiscash|Whiscash, M|100/100
|-damage|p1a: Whiscash|94/100|[from] Stealth Rock
|turn|4
|
|t:|1769412222
|-end|p2a: Raging Bolt|Protosynthesis|[silent]
|switch|p2a: Kyurem|Kyurem|100/100
|-ability|p2a: Kyurem|Pressure
|move|p1a: Whiscash|Whirlpool|p2a: Kyurem
|-resisted|p2a: Kyurem
|-damage|p2a: Kyurem|93/100
|-activate|p2a: Kyurem|move: Whirlpool|[of] p1a: Whiscash
|
|-weather|RainDance|[upkeep]
|-damage|p2a: Kyurem|81/100|[from] move: Whirlpool|[partiallytrapped]
|upkeep
|turn|5
|
|t:|1769412235
|move|p2a: Kyurem|Dragon Dance|p2a: Kyurem
|-boost|p2a: Kyurem|atk|1
|-boost|p2a: Kyurem|spe|1
|move|p1a: Whiscash|Spark|p2a: Kyurem
|-resisted|p2a: Kyurem
|-damage|p2a: Kyurem|72/100
|-status|p2a: Kyurem|par
|
|-weather|RainDance|[upkeep]
|-damage|p2a: Kyurem|60/100 par|[from] move: Whirlpool|[partiallytrapped]
|upkeep
|turn|6
|
|t:|1769412247
|move|p2a: Kyurem|Icicle Spear|p1a: Whiscash
|-damage|p1a: Whiscash|74/100
|-damage|p1a: Whiscash|52/100
|-damage|p1a: Whiscash|30/100
|-damage|p1a: Whiscash|9/100
|-damage|p1a: Whiscash|0 fnt
|faint|p1a: Whiscash
|-hitcount|p1: Whiscash|5
|
|-weather|RainDance|[upkeep]
|-end|p2a: Kyurem|Whirlpool|[partiallytrapped]|[silent]
|upkeep
|
|t:|1769412259
|switch|p1a: Manaphy|Manaphy|100/100
|-damage|p1a: Manaphy|88/100|[from] Stealth Rock
|turn|7
|
|t:|1769412272
|switch|p2a: Raging Bolt|Raging Bolt|100/100
|move|p1a: Manaphy|Heart Swap|p2a: Raging Bolt
|-swapboost|p1a: Manaphy|p2a: Raging Bolt|[from] move: Heart Swap
|
|-weather|RainDance|[upkeep]
|-heal|p1a: Manaphy|94/100|[from] item: Leftovers
|upkeep
|turn|8
|
|t:|1769412290
|move|p2a: Raging Bolt|Thunderbolt|p1a: Manaphy
|-supereffective|p1a: Manaphy
|-damage|p1a: Manaphy|0 fnt
|faint|p1a: Manaphy
|
|-weather|none
|upkeep
|
|t:|1769412296
|switch|p1a: Pelipper|Pelipper, M|100/100
|-damage|p1a: Pelipper|76/100|[from] Stealth Rock
|-weather|RainDance|[from] ability: Drizzle|[of] p1a: Pelipper
|turn|9
|
|t:|1769412299
|move|p2a: Raging Bolt|Thunderbolt|p1a: Pelipper
|-supereffective|p1a: Pelipper
|-damage|p1a: Pelipper|0 fnt
|faint|p1a: Pelipper
|
|-weather|RainDance|[upkeep]
|upkeep
|
|t:|1769412302
|switch|p1a: Barraskewda|Barraskewda, F|100/100
|-damage|p1a: Barraskewda|88/100|[from] Stealth Rock
|turn|10
|
|t:|1769412305
|-terastallize|p1a: Barraskewda|Water
|move|p1a: Barraskewda|Liquidation|p2a: Raging Bolt
|-resisted|p2a: Raging Bolt
|-damage|p2a: Raging Bolt|53/100
|move|p2a: Raging Bolt|Thunderbolt|p1a: Barraskewda
|-supereffective|p1a: Barraskewda
|-damage|p1a: Barraskewda|0 fnt
|faint|p1a: Barraskewda
|
|-weather|RainDance|[upkeep]
|upkeep
|
|t:|1769412313
|switch|p1a: Golduck|Golduck, F|100/100
|-damage|p1a: Golduck|88/100|[from] Stealth Rock
|turn|11
|
|t:|1769412317
|move|p1a: Golduck|Cross Chop|p2a: Raging Bolt
|-damage|p2a: Raging Bolt|24/100
|move|p2a: Raging Bolt|Thunderbolt|p1a: Golduck
|-supereffective|p1a: Golduck
|-damage|p1a: Golduck|0 fnt
|faint|p1a: Golduck
|
|win|gab_fifou
|raw|plolaa's rating: 1120 &rarr; <strong>1098</strong><br />(-22 for losing)
|raw|gab_fifou's rating: 1161 &rarr; <strong>1183</strong><br />(+22 for winning)
|l|☆plolaa
|player|p1|
|l|☆gab_fifou
|player|p2|
