|j|☆Malkuth55
|j|☆jungle and savage
|t:|1769414615
|gametype|singles
|player|p1|Malkuth55|hilda-wonderlauncher|1159
|player|p2|jungle and savage|lucas|1151
|gen|9
|tier|[Gen 9] OU
|rated|
|rule|HP Percentage Mod: HP is shown in percentages
|rule|Endless Battle Clause: Forcing endless battles is banned
|rule|Species Clause: Limit one of each Pokémon
|rule|OHKO Clause: OHKO moves are banned
|rule|Evasion Items Clause: Evasion items are banned
|rule|Evasion Moves Clause: Evasion moves are banned
|rule|Evasion Abilities Clause: Evasion abilities are banned
|rule|Sleep Moves Clause: Sleep-inducing moves are banned
|clearpoke
|poke|p1|Araquanid, F|
|poke|p1|Quaquaval, M|
|poke|p1|Garchomp, F|
|poke|p1|Gliscor, F|
|poke|p1|Moltres|
|poke|p1|Serperior, F|
|poke|p2|Ariados, F|
|poke|p2|Flygon, F|
|poke|p2|Sandaconda, M|
|poke|p2|Overqwil, F|
|poke|p2|Heracross, M|
|poke|p2|Zarude|
|teampreview
|inactive|Battle timer is ON: inactive players will automatically lose when time's up. (requested by jungle and savage)
|
|t:|1769414636
|teamsize|p1|6
|teamsize|p2|6
|start
|switch|p1a: Quaquaval|Quaquaval, M, shiny|100/100
|switch|p2a: Sandaconda|Sandaconda, M|100/100
|turn|1
|
|t:|1769414647
|switch|p2a: Overqwil|Overqwil, F|100/100
|-ability|p2a: Overqwil|Intimidate|boost
|-unboost|p1a: Quaquaval|atk|1
|move|p1a: Quaquaval|Aqua Step|p2a: Overqwil
|-damage|p2a: Overqwil|67/100
|-boost|p1a: Quaquaval|spe|1
|
|-heal|p2a: Overqwil|73/100|[from] item: Black Sludge
|upkeep
|turn|2
|
|t:|1769414659
|move|p1a: Quaquaval|Close Combat|p2a: Overqwil
|-damage|p2a: Overqwil|27/100
|-unboost|p1a: Quaquaval|def|1
|-unboost|p1a: Quaquaval|spd|1
|move|p2a: Overqwil|Barb Barrage|p1a: Quaquaval
|-damage|p1a: Quaquaval|42/100
|
|-heal|p2a: Overqwil|33/100|[from] item: Black Sludge
|upkeep
|turn|3
|
|t:|1769414679
|move|p2a: Overqwil|Aqua Jet|p1a: Quaquaval
|-resisted|p1a: Quaquaval
|-damage|p1a: Quaquaval|28/100
|move|p1a: Quaquaval|Close Combat|p2a: Overqwil
|-damage|p2a: Overqwil|0 fnt
|-unboost|p1a: Quaquaval|def|1
|-unboost|p1a: Quaquaval|spd|1
|faint|p2a: Overqwil
|-ability|p1a: Quaquaval|Moxie|boost
|-boost|p1a: Quaquaval|atk|1
|
|upkeep
|
|t:|1769414693
|switch|p2a: Ariados|Ariados, F|100/100
|turn|4
|
|t:|1769414711
|move|p1a: Quaquaval|Close Combat|p2a: Ariados
|-resisted|p2a: Ariados
|-damage|p2a: Ariados|79/100
|-unboost|p1a: Quaquaval|def|1
|-unboost|p1a: Quaquaval|spd|1
|move|p2a: Ariados|Megahorn|p1a: Quaquaval
|-resisted|p1a: Quaquaval
|-damage|p1a: Quaquaval|0 fnt
|faint|p1a: Quaquaval
|
|upkeep
|inactive|Malkuth55 has 120 seconds left.
|
|t:|1769414733
|switch|p1a: Moltres|Moltres, shiny|100/100
|turn|5
|
|t:|1769414742
|switch|p2a: Flygon|Flygon, F|100/100
|move|p1a: Moltres|Hurricane|p2a: Flygon|[miss]
|-miss|p1a: Moltres|p2a: Flygon
|
|upkeep
|turn|6
|
|t:|1769414749
|move|p2a: Flygon|Dragon Dance|p2a: Flygon
|-boost|p2a: Flygon|atk|1
|-boost|p2a: Flygon|spe|1
|move|p1a: Moltres|Will-O-Wisp|p2a: Flygon
|-status|p2a: Flygon|brn
|
|-damage|p2a: Flygon|95/100 brn|[from] brn
|upkeep
|turn|7
|
|t:|1769414759
|move|p2a: Flygon|Stone Edge|p1a: Moltres
|-supereffective|p1a: Moltres
|-damage|p1a: Moltres|0 fnt
|faint|p1a: Moltres
|-damage|p2a: Flygon|85/100 brn|[from] item: Life Orb
|
|-damage|p2a: Flygon|79/100 brn|[from] brn
|upkeep
|
|t:|1769414769
|switch|p1a: Araquanid|Araquanid, F, shiny|100/100
|turn|8
|
|t:|1769414773
|move|p2a: Flygon|Stone Edge|p1a: Araquanid
|-supereffective|p1a: Araquanid
|-damage|p1a: Araquanid|46/100
|-damage|p2a: Flygon|69/100 brn|[from] item: Life Orb
|move|p1a: Araquanid|Sticky Web|p2a: Flygon
|-sidestart|p2: jungle and savage|move: Sticky Web
|
|-damage|p2a: Flygon|63/100 brn|[from] brn
|upkeep
|turn|9
|
|t:|1769414781
|move|p1a: Araquanid|Endure|p1a: Araquanid
|-singleturn|p1a: Araquanid|move: Endure
|move|p2a: Flygon|Stone Edge|p1a: Araquanid
|-supereffective|p1a: Araquanid
|-crit|p1a: Araquanid
|-activate|p1a: Araquanid|move: Endure
|-damage|p1a: Araquanid|1/100
|-damage|p2a: Flygon|53/100 brn|[from] item: Life Orb
|
|-damage|p2a: Flygon|47/100 brn|[from] brn
|upkeep
|turn|10
|-enditem|p1a: Araquanid|Custap Berry|[eat]
|-activate|p1a: Araquanid|item: Custap Berry|[consumed]
|
|t:|1769414792
|move|p1a: Araquanid|Endeavor|p2a: Flygon
|-damage|p2a: Flygon|1/100 brn
|move|p2a: Flygon|Earthquake|p1a: Araquanid
|-resisted|p1a: Araquanid
|-damage|p1a: Araquanid|0 fnt
|faint|p1a: Araquanid
|-damage|p2a: Flygon|0 fnt|[from] item: Life Orb
|faint|p2a: Flygon
|
|upkeep
|
|t:|1769414806
|switch|p2a: Zarude|Zarude|100/100
|switch|p1a: Garchomp|Garchomp, F, shiny|100/100
|-activate|p2a: Zarude|move: Sticky Web
|-unboost|p2a: Zarude|spe|1
|turn|11
|
|t:|1769414813
|move|p2a: Zarude|Knock Off|p1a: Garchomp
|-damage|p1a: Garchomp|67/100
|-damage|p2a: Zarude|88/100|[from] ability: Rough Skin|[of] p1a: Garchomp
|-damage|p2a: Zarude|72/100|[from] item: Rocky Helmet|[of] p1a: Garchomp
|-enditem|p1a: Garchomp|Rocky Helmet|[from] move: Knock Off|[of] p2a: Zarude
|move|p1a: Garchomp|Stealth Rock|p2a: Zarude
|-sidestart|p2: jungle and savage|move: Stealth Rock
|
|upkeep
|turn|12
|
|t:|1769414822
|switch|p2a: Sandaconda|Sandaconda, M|100/100
|-activate|p2a: Sandaconda|move: Sticky Web
|-unboost|p2a: Sandaconda|spe|1
|-damage|p2a: Sandaconda|94/100|[from] Stealth Rock
|move|p1a: Garchomp|Draco Meteor|p2a: Sandaconda
|-crit|p2a: Sandaconda
|-damage|p2a: Sandaconda|5/100
|-unboost|p1a: Garchomp|spa|2
|
|-heal|p2a: Sandaconda|11/100|[from] item: Leftovers
|upkeep
|turn|13
|
|t:|1769414834
|switch|p2a: Ariados|Ariados, F|79/100
|-activate|p2a: Ariados|move: Sticky Web
|-unboost|p2a: Ariados|spe|1
|-damage|p2a: Ariados|54/100|[from] Stealth Rock
|move|p1a: Garchomp|Draco Meteor|p2a: Ariados
|-damage|p2a: Ariados|31/100
|-unboost|p1a: Garchomp|spa|2
|
|upkeep
|turn|14
|
|t:|1769414846
|move|p1a: Garchomp|Draco Meteor|p2a: Ariados
|-crit|p2a: Ariados
|-damage|p2a: Ariados|0 fnt
|-unboost|p1a: Garchomp|spa|2
|faint|p2a: Ariados
|
|upkeep
|
|t:|1769414853
|switch|p2a: Heracross|Heracross, M|100/100
|-activate|p2a: Heracross|move: Sticky Web
|-unboost|p2a: Heracross|spe|1
|-damage|p2a: Heracross|88/100|[from] Stealth Rock
|turn|15
|
|t:|1769414860
|move|p1a: Garchomp|Draco Meteor|p2a: Heracross
|-crit|p2a: Heracross
|-damage|p2a: Heracross|9/100
|move|p2a: Heracross|Earthquake|p1a: Garchomp
|-damage|p1a: Garchomp|41/100
|
|-status|p2a: Heracross|brn|[from] item: Flame Orb
|upkeep
|turn|16
|-message|jungle and savage forfeited.
|
|win|Malkuth55
|raw|Malkuth55's rating: 1159 &rarr; <strong>1183</strong><br />(+24 for winning)
|raw|jungle and savage's rating: 1151 &rarr; <strong>1127</strong><br />(-24 for losing)
|l|☆jungle and savage
|player|p2|
|l|☆Malkuth55
|player|p1|
