|j|☆kielsama
|j|☆OP Sand
|t:|1769407853
|gametype|singles
|player|p1|kielsama|169|1716
|player|p2|OP Sand|giovanni-masters|1657
|gen|9
|tier|[Gen 9] OU
|rated|
|rule|HP Percentage Mod: HP is shown in percentages
|rule|Endless Battle Clause: Forcing endless battles is banned
|rule|Species Clause: Limit one of each Pokémon
|rule|OHKO Clause: OHKO moves are banned
|rule|Evasion Items Clause: Evasion items are banned
|rule|Evasion Moves Clause: Evasion moves are banned
|rule|Evasion Abilities Clause: Evasion abilities are banned
|rule|Sleep Moves Clause: Sleep-inducing moves are banned
|clearpoke
|poke|p1|Araquanid, F|
|poke|p1|Gholdengo|
|poke|p1|Iron Moth|
|poke|p1|Iron Valiant|
|poke|p1|Raging Bolt|
|poke|p1|Kingambit, F|
|poke|p2|Excadrill, F|
|poke|p2|Tyranitar, M|
|poke|p2|Kyurem|
|poke|p2|Hawlucha, F|
|poke|p2|Pawmot, M|
|poke|p2|Skarmory, M|
|teampreview
|inactive|Battle timer is ON: inactive players will automatically lose when time's up. (requested by OP Sand)
|j| KappaHalo
|
|t:|1769407874
|teamsize|p1|6
|teamsize|p2|6
|start
|switch|p1a: SUPA|Kingambit, F|100/100
|switch|p2a: Itachi|Hawlucha, F, shiny|100/100
|-ability|p2a: Itachi|Mold Breaker
|-item|p1a: SUPA|Air Balloon
|turn|1
|
|t:|1769407880
|-end|p1a: SUPA|fallenundefined|[silent]
|switch|p1a: TREE?|Gholdengo|100/100
|-item|p1a: TREE?|Air Balloon
|move|p2a: Itachi|Brave Bird|p1a: TREE?
|-resisted|p1a: TREE?
|-damage|p1a: TREE?|72/100
|-enditem|p1a: TREE?|Air Balloon
|-damage|p2a: Itachi|90/100|[from] Recoil
|
|upkeep
|turn|2
|
|t:|1769407891
|switch|p2a: Skarmory|Skarmory, M, shiny|100/100
|switch|p1a: QUIL|Araquanid, F|100/100
|
|upkeep
|turn|3
|
|t:|1769407901
|switch|p2a: Frieza|Kyurem, shiny|100/100
|-ability|p2a: Frieza|Pressure
|move|p1a: QUIL|Sticky Web|p2a: Frieza
|-sidestart|p2: OP Sand|move: Sticky Web
|
|upkeep
|turn|4
|j| Daniel Gaming 234
|
|t:|1769407923
|move|p2a: Frieza|Freeze-Dry|p1a: QUIL
|-supereffective|p1a: QUIL
|-damage|p1a: QUIL|34/100
|move|p1a: QUIL|Lunge|p2a: Frieza
|-damage|p2a: Frieza|79/100
|-unboost|p2a: Frieza|atk|1
|
|upkeep
|turn|5
|
|t:|1769407937
|switch|p1a: CALA|Iron Moth|100/100
|-enditem|p1a: CALA|Booster Energy
|-activate|p1a: CALA|ability: Quark Drive|[fromitem]
|-start|p1a: CALA|quarkdrivespa
|move|p2a: Frieza|Freeze-Dry|p1a: CALA
|-resisted|p1a: CALA
|-damage|p1a: CALA|79/100
|
|upkeep
|turn|6
|inactive|kielsama has 120 seconds left.
|
|t:|1769407972
|move|p1a: CALA|Fiery Dance|p2a: Frieza
|-damage|p2a: Frieza|22/100
|-boost|p1a: CALA|spa|1
|move|p2a: Frieza|Earth Power|p1a: CALA
|-supereffective|p1a: CALA
|-damage|p1a: CALA|0 fnt
|faint|p1a: CALA
|-end|p1a: CALA|Quark Drive|[silent]
|
|upkeep
|j| WhatColorIsThis?
|
|t:|1769407985
|switch|p1a: QUZZ|Iron Valiant|100/100
|-enditem|p1a: QUZZ|Booster Energy
|-activate|p1a: QUZZ|ability: Quark Drive|[fromitem]
|-start|p1a: QUZZ|quarkdrivespa
|turn|7
|
|t:|1769407999
|switch|p2a: Skarmory|Skarmory, M, shiny|100/100
|move|p1a: QUZZ|Shadow Ball|p2a: Skarmory
|-damage|p2a: Skarmory|50/100
|
|upkeep
|turn|8
|
|t:|1769408009
|switch|p2a: Shukaku|Tyranitar, M, shiny|100/100
|-activate|p2a: Shukaku|move: Sticky Web
|-unboost|p2a: Shukaku|spe|1
|-weather|Sandstorm|[from] ability: Sand Stream|[of] p2a: Shukaku
|move|p1a: QUZZ|Shadow Ball|p2a: Shukaku
|-resisted|p2a: Shukaku
|-damage|p2a: Shukaku|87/100
|
|-weather|Sandstorm|[upkeep]
|-damage|p1a: QUZZ|94/100|[from] Sandstorm
|upkeep
|turn|9
|
|t:|1769408018
|switch|p2a: OP|Excadrill, F|100/100
|-activate|p2a: OP|move: Sticky Web
|-unboost|p2a: OP|spe|1
|move|p1a: QUZZ|Moonblast|p2a: OP
|-resisted|p2a: OP
|-damage|p2a: OP|53/100
|
|-weather|Sandstorm|[upkeep]
|-damage|p1a: QUZZ|88/100|[from] Sandstorm
|upkeep
|turn|10
|j| just-jaype
|inactive|kielsama has 120 seconds left.
|
|t:|1769408026
|-terastallize|p2a: OP|Fire
|move|p1a: QUZZ|Vacuum Wave|p2a: OP
|-damage|p2a: OP|18/100
|move|p2a: OP|Iron Head|p1a: QUZZ
|-supereffective|p1a: QUZZ
|-damage|p1a: QUZZ|0 fnt
|faint|p1a: QUZZ
|-end|p1a: QUZZ|Quark Drive|[silent]
|
|-weather|Sandstorm|[upkeep]
|upkeep
|inactive|kielsama has 120 seconds left.
|
|t:|1769408036
|switch|p1a: DELI|Raging Bolt|100/100
|-enditem|p1a: DELI|Booster Energy
|-activate|p1a: DELI|ability: Protosynthesis|[fromitem]
|-start|p1a: DELI|protosynthesisspa
|turn|11
|
|t:|1769408041
|move|p1a: DELI|Thunderclap|p2a: OP
|-damage|p2a: OP|0 fnt
|faint|p2a: OP
|
|-weather|Sandstorm|[upkeep]
|-damage|p1a: DELI|94/100|[from] Sandstorm
|upkeep
|
|t:|1769408044
|switch|p2a: Itachi|Hawlucha, F, shiny|90/100
|-ability|p2a: Itachi|Mold Breaker
|turn|12
|c| just-jaype|Since when is Zwebs this spammed?
|
|t:|1769408050
|move|p2a: Itachi|Encore|p1a: DELI
|-start|p1a: DELI|Encore
|move|p1a: DELI|Thunderclap||[still]
|-fail|p1a: DELI
|
|-weather|Sandstorm|[upkeep]
|-damage|p2a: Itachi|84/100|[from] Sandstorm
|-damage|p1a: DELI|88/100|[from] Sandstorm
|upkeep
|turn|13
|l| just-jaype
|
|t:|1769408057
|-end|p1a: DELI|Protosynthesis|[silent]
|switch|p1a: QUIL|Araquanid, F|34/100
|move|p2a: Itachi|Defog|p1a: QUIL
|-unboost|p1a: QUIL|evasion|1
|-sideend|p2: OP Sand|Sticky Web|[from] move: Defog|[of] p2a: Itachi
|
|-weather|Sandstorm|[upkeep]
|-damage|p2a: Itachi|78/100|[from] Sandstorm
|-damage|p1a: QUIL|28/100|[from] Sandstorm
|upkeep
|turn|14
|j| just-jaype
|inactive|kielsama has 120 seconds left.
|c|☆OP Sand|I respect the webs
|
|t:|1769408098
|move|p2a: Itachi|Brave Bird|p1a: QUIL
|-supereffective|p1a: QUIL
|-damage|p1a: QUIL|0 fnt
|faint|p1a: QUIL
|-damage|p2a: Itachi|68/100|[from] Recoil
|
|-weather|Sandstorm|[upkeep]
|-damage|p2a: Itachi|62/100|[from] Sandstorm
|upkeep
|
|t:|1769408101
|switch|p1a: DELI|Raging Bolt|88/100
|turn|15
|c|☆OP Sand|but it takes more skill to keep webs on me
|c|☆OP Sand|not boasting—respectfully
|
|t:|1769408130
|switch|p2a: Porunga|Pawmot, M|100/100
|move|p1a: DELI|Thunderbolt|p2a: Porunga
|-immune|p2a: Porunga|[from] ability: Volt Absorb
|
|-weather|none
|upkeep
|turn|16
|
|t:|1769408141
|move|p2a: Porunga|Revival Blessing|p2a: Porunga
|-enditem|p2a: Porunga|Leppa Berry|[eat]
|-activate|p2a: Porunga|item: Leppa Berry|Revival Blessing|[consumed]
|
|t:|1769408144
|-heal|p2: OP|50/100|[from] move: Revival Blessing
|move|p1a: DELI|Calm Mind|p1a: DELI
|-boost|p1a: DELI|spa|1
|-boost|p1a: DELI|spd|1
|
|upkeep
|turn|17
|
|t:|1769408153
|switch|p2a: Frieza|Kyurem, shiny|22/100
|-ability|p2a: Frieza|Pressure
|move|p1a: DELI|Thunderbolt|p2a: Frieza
|-resisted|p2a: Frieza
|-damage|p2a: Frieza|0 fnt
|faint|p2a: Frieza
|
|upkeep
|
|t:|1769408161
|switch|p2a: OP|Excadrill, F|50/100
|turn|18
|l| just-jaype
|
|t:|1769408184
|-terastallize|p1a: DELI|Ghost
|move|p2a: OP|Earthquake|p1a: DELI
|-damage|p1a: DELI|8/100
|move|p1a: DELI|Dragon Pulse|p2a: OP
|-resisted|p2a: OP
|-damage|p2a: OP|0 fnt
|faint|p2a: OP
|
|upkeep
|
|t:|1769408191
|switch|p2a: Shukaku|Tyranitar, M, shiny|87/100
|-weather|Sandstorm|[from] ability: Sand Stream|[of] p2a: Shukaku
|turn|19
|
|t:|1769408195
|move|p1a: DELI|Dragon Pulse|p2a: Shukaku
|-damage|p2a: Shukaku|38/100
|move|p2a: Shukaku|Ice Beam|p1a: DELI
|-damage|p1a: DELI|0 fnt
|faint|p1a: DELI
|-end|p1a: DELI|Protosynthesis|[silent]
|
|-weather|Sandstorm|[upkeep]
|upkeep
|
|t:|1769408208
|switch|p1a: SUPA|Kingambit, F|100/100
|-activate|p1a: SUPA|ability: Supreme Overlord
|-start|p1a: SUPA|fallen4|[silent]
|-item|p1a: SUPA|Air Balloon
|turn|20
|
|t:|1769408218
|move|p1a: SUPA|Swords Dance|p1a: SUPA
|-boost|p1a: SUPA|atk|2
|move|p2a: Shukaku|Roar|p1a: SUPA
|-end|p1a: SUPA|fallen4|[silent]
|drag|p1a: TREE?|Gholdengo|72/100
|
|-weather|Sandstorm|[upkeep]
|upkeep
|turn|21
|
|t:|1769408231
|switch|p2a: Porunga|Pawmot, M|100/100
|move|p1a: TREE?|Make It Rain|p2a: Porunga
|-resisted|p2a: Porunga
|-damage|p2a: Porunga|58/100
|-unboost|p1a: TREE?|spa|1
|
|-weather|Sandstorm|[upkeep]
|-damage|p2a: Porunga|52/100|[from] Sandstorm
|upkeep
|turn|22
|
|t:|1769408238
|move|p2a: Porunga|Revival Blessing|p2a: Porunga
|
|t:|1769408241
|-heal|p2: OP|50/100|[from] move: Revival Blessing
|move|p1a: TREE?|Nasty Plot|p1a: TREE?
|-boost|p1a: TREE?|spa|2
|
|-weather|Sandstorm|[upkeep]
|-damage|p2a: Porunga|46/100|[from] Sandstorm
|upkeep
|turn|23
|
|t:|1769408247
|switch|p2a: Skarmory|Skarmory, M, shiny|50/100
|move|p1a: TREE?|Psyshock|p2a: Skarmory
|-resisted|p2a: Skarmory
|-damage|p2a: Skarmory|37/100
|
|-weather|Sandstorm|[upkeep]
|upkeep
|turn|24
|
|t:|1769408265
|move|p1a: TREE?|Shadow Ball|p2a: Skarmory
|-damage|p2a: Skarmory|0 fnt
|faint|p2a: Skarmory
|
|-weather|Sandstorm|[upkeep]
|upkeep
|
|t:|1769408271
|switch|p2a: OP|Excadrill, F|50/100
|turn|25
|
|t:|1769408274
|switch|p1a: SUPA|Kingambit, F|100/100
|-activate|p1a: SUPA|ability: Supreme Overlord
|-start|p1a: SUPA|fallen4|[silent]
|-item|p1a: SUPA|Air Balloon
|move|p2a: OP|Earthquake|p1a: SUPA
|-immune|p1a: SUPA
|
|-weather|Sandstorm|[upkeep]
|upkeep
|turn|26
|j| graylv
|
|t:|1769408290
|switch|p2a: Porunga|Pawmot, M|46/100
|move|p1a: SUPA|Sucker Punch||[still]
|-fail|p1a: SUPA
|
|-weather|none
|upkeep
|turn|27
|l| graylv
|
|t:|1769408296
|-end|p1a: SUPA|fallen4|[silent]
|switch|p1a: TREE?|Gholdengo|72/100
|move|p2a: Porunga|Rest|p2a: Porunga
|-status|p2a: Porunga|slp|[from] move: Rest
|-heal|p2a: Porunga|100/100 slp|[silent]
|
|upkeep
|turn|28
|
|t:|1769408307
|cant|p2a: Porunga|slp
|move|p2a: Porunga|Sleep Talk|p2a: Porunga
|move|p2a: Porunga|Rest||[from] move: Sleep Talk|[still]
|-fail|p2a: Porunga
|move|p1a: TREE?|Nasty Plot|p1a: TREE?
|-boost|p1a: TREE?|spa|2
|
|upkeep
|turn|29
|
|t:|1769408317
|switch|p2a: Shukaku|Tyranitar, M, shiny|38/100
|-weather|Sandstorm|[from] ability: Sand Stream|[of] p2a: Shukaku
|move|p1a: TREE?|Shadow Ball|p2a: Shukaku
|-resisted|p2a: Shukaku
|-damage|p2a: Shukaku|8/100
|
|-weather|Sandstorm|[upkeep]
|upkeep
|turn|30
|
|t:|1769408336
|move|p1a: TREE?|Shadow Ball|p2a: Shukaku
|-resisted|p2a: Shukaku
|-crit|p2a: Shukaku
|-damage|p2a: Shukaku|0 fnt
|faint|p2a: Shukaku
|
|-weather|Sandstorm|[upkeep]
|upkeep
|
|t:|1769408341
|switch|p2a: OP|Excadrill, F|50/100
|turn|31
|
|t:|1769408354
|switch|p1a: SUPA|Kingambit, F|100/100
|-activate|p1a: SUPA|ability: Supreme Overlord
|-start|p1a: SUPA|fallen4|[silent]
|-item|p1a: SUPA|Air Balloon
|move|p2a: OP|Earthquake|p1a: SUPA
|-immune|p1a: SUPA
|
|-weather|Sandstorm|[upkeep]
|upkeep
|turn|32
|
|t:|1769408370
|switch|p2a: Porunga|Pawmot, M|100/100 slp
|-end|p1a: SUPA|fallen4|[silent]
|switch|p1a: TREE?|Gholdengo|72/100
|
|-weather|Sandstorm|[upkeep]
|-damage|p2a: Porunga|95/100 slp|[from] Sandstorm
|upkeep
|turn|33
|
|t:|1769408382
|switch|p2a: Itachi|Hawlucha, F, shiny|62/100
|-ability|p2a: Itachi|Mold Breaker
|move|p1a: TREE?|Shadow Ball|p2a: Itachi
|-crit|p2a: Itachi
|-damage|p2a: Itachi|0 fnt
|faint|p2a: Itachi
|
|-weather|Sandstorm|[upkeep]
|upkeep
|
|t:|1769408387
|switch|p2a: OP|Excadrill, F|50/100
|turn|34
|
|t:|1769408395
|switch|p1a: SUPA|Kingambit, F|100/100
|-activate|p1a: SUPA|ability: Supreme Overlord
|-start|p1a: SUPA|fallen4|[silent]
|-item|p1a: SUPA|Air Balloon
|move|p2a: OP|Iron Head|p1a: SUPA
|-resisted|p1a: SUPA
|-damage|p1a: SUPA|72/100
|-enditem|p1a: SUPA|Air Balloon
|
|-weather|Sandstorm|[upkeep]
|upkeep
|turn|35
|
|t:|1769408405
|switch|p2a: Porunga|Pawmot, M|95/100 slp
|move|p1a: SUPA|Sucker Punch||[still]
|-fail|p1a: SUPA
|
|-weather|Sandstorm|[upkeep]
|-damage|p2a: Porunga|89/100 slp|[from] Sandstorm
|upkeep
|turn|36
|
|t:|1769408408
|cant|p2a: Porunga|slp
|move|p2a: Porunga|Sleep Talk|p2a: Porunga
|move|p2a: Porunga|Rest||[from] move: Sleep Talk|[still]
|-fail|p2a: Porunga
|move|p1a: SUPA|Kowtow Cleave|p2a: Porunga
|-resisted|p2a: Porunga
|-damage|p2a: Porunga|44/100 slp
|
|-weather|none
|upkeep
|turn|37
|
|t:|1769408417
|-curestatus|p2a: Porunga|slp|[msg]
|move|p2a: Porunga|Sleep Talk||[still]
|-fail|p2a: Porunga
|move|p1a: SUPA|Kowtow Cleave|p2a: Porunga
|-resisted|p2a: Porunga
|-damage|p2a: Porunga|0 fnt
|faint|p2a: Porunga
|
|upkeep
|c|☆kielsama|so much skill lmao
|c|☆OP Sand|Oop
|c|☆OP Sand|i mistapped
|l| KappaHalo
|c|☆OP Sand|Lol
|inactive|OP Sand has 120 seconds left.
|c|☆OP Sand|yeah I mistapped gg
|c|☆kielsama|lucky defog on an unexpected mon with defog
|c|☆kielsama|"i got so much skill"
|c|☆OP Sand|Do not talk shit brother off a mistap
|c|☆OP Sand|respect your place
|c|☆kielsama|?
|c|☆kielsama|u talk shit on a defog stfu
|inactive|OP Sand has 90 seconds left.
|c|☆OP Sand|respect ur place
|l| WhatColorIsThis?
|c|☆kielsama|ur 1600
|c|☆OP Sand|k
|c|☆OP Sand|ill let u think that
|-message|OP Sand forfeited.
|
|win|kielsama
|raw|kielsama's rating: 1716 &rarr; <strong>1733</strong><br />(+17 for winning)
|raw|OP Sand's rating: 1657 &rarr; <strong>1640</strong><br />(-17 for losing)
|l|☆OP Sand
|player|p2|
|l|☆kielsama
|player|p1|
