|j|☆4hboh
|j|☆mewcrr
|t:|1769426462
|gametype|singles
|player|p1|4hboh|102|1143
|player|p2|mewcrr|265|1091
|gen|9
|tier|[Gen 9] OU
|rated|
|rule|HP Percentage Mod: HP is shown in percentages
|rule|Endless Battle Clause: Forcing endless battles is banned
|rule|Species Clause: Limit one of each Pokémon
|rule|OHKO Clause: OHKO moves are banned
|rule|Evasion Items Clause: Evasion items are banned
|rule|Evasion Moves Clause: Evasion moves are banned
|rule|Evasion Abilities Clause: Evasion abilities are banned
|rule|Sleep Moves Clause: Sleep-inducing moves are banned
|clearpoke
|poke|p1|Forretress, M|
|poke|p1|Hippowdon, M|
|poke|p1|Gastrodon, M|
|poke|p1|Appletun, M|
|poke|p1|Coalossal, F|
|poke|p1|Dondozo, F|
|poke|p2|Darkrai|
|poke|p2|Tyranitar, F|
|poke|p2|Tornadus-Therian, M|
|poke|p2|Hydrapple, M|
|poke|p2|Toxapex, M|
|poke|p2|Ogerpon-Wellspring, F|
|teampreview
|
|t:|1769426471
|teamsize|p1|6
|teamsize|p2|6
|start
|switch|p1a: Forretress|Forretress, M|100/100
|switch|p2a: Darkrai|Darkrai|100/100
|turn|1
|
|t:|1769426496
|move|p2a: Darkrai|Focus Blast|p1a: Forretress|[miss]
|-miss|p2a: Darkrai|p1a: Forretress
|move|p1a: Forretress|Stealth Rock|p2a: Darkrai
|-sidestart|p2: mewcrr|move: Stealth Rock
|
|upkeep
|turn|2
|
|t:|1769426511
|switch|p1a: Appletun|Appletun, M|100/100
|move|p2a: Darkrai|Focus Blast|p1a: Appletun|[miss]
|-miss|p2a: Darkrai|p1a: Appletun
|
|upkeep
|turn|3
|
|t:|1769426522
|switch|p2a: Toxapex|Toxapex, M|100/100
|-damage|p2a: Toxapex|88/100|[from] Stealth Rock
|move|p1a: Appletun|Leech Seed|p2a: Toxapex
|-start|p2a: Toxapex|move: Leech Seed
|
|-heal|p2a: Toxapex|94/100|[from] item: Black Sludge
|-damage|p2a: Toxapex|82/100|[from] Leech Seed|[of] p1a: Appletun
|upkeep
|turn|4
|
|t:|1769426535
|move|p2a: Toxapex|Toxic|p1a: Appletun
|-status|p1a: Appletun|tox
|move|p1a: Appletun|Apple Acid|p2a: Toxapex
|-damage|p2a: Toxapex|59/100
|-unboost|p2a: Toxapex|spd|1
|
|-heal|p2a: Toxapex|65/100|[from] item: Black Sludge
|-damage|p2a: Toxapex|52/100|[from] Leech Seed|[of] p1a: Appletun
|-damage|p1a: Appletun|94/100 tox|[from] psn
|upkeep
|turn|5
|
|t:|1769426557
|switch|p2a: Tornadus|Tornadus-Therian, M|100/100
|-damage|p2a: Tornadus|76/100|[from] Stealth Rock
|move|p1a: Appletun|Apple Acid|p2a: Tornadus
|-resisted|p2a: Tornadus
|-damage|p2a: Tornadus|67/100
|-unboost|p2a: Tornadus|spd|1
|
|-heal|p1a: Appletun|100/100 tox|[from] item: Leftovers
|-damage|p1a: Appletun|88/100 tox|[from] psn
|upkeep
|turn|6
|
|t:|1769426638
|switch|p1a: Coalossal|Coalossal, F|100/100
|move|p2a: Tornadus|U-turn|p1a: Coalossal
|-resisted|p1a: Coalossal
|-damage|p1a: Coalossal|96/100
|
|t:|1769426644
|switch|p2a: Toxapex|Toxapex, M|86/100|[from] U-turn
|-damage|p2a: Toxapex|73/100|[from] Stealth Rock
|
|-heal|p2a: Toxapex|79/100|[from] item: Black Sludge
|upkeep
|turn|7
|
|t:|1769426664
|switch|p1a: Forretress|Forretress, M|100/100
|move|p2a: Toxapex|Toxic|p1a: Forretress
|-immune|p1a: Forretress
|
|-heal|p2a: Toxapex|86/100|[from] item: Black Sludge
|upkeep
|turn|8
|
|t:|1769426676
|switch|p2a: Tornadus|Tornadus-Therian, M|99/100
|-damage|p2a: Tornadus|75/100|[from] Stealth Rock
|move|p1a: Forretress|Spikes|p2a: Tornadus
|-sidestart|p2: mewcrr|Spikes
|
|upkeep
|turn|9
|
|t:|1769426702
|switch|p1a: Coalossal|Coalossal, F|96/100
|move|p2a: Tornadus|Heat Wave|p1a: Coalossal
|-resisted|p1a: Coalossal
|-damage|p1a: Coalossal|92/100
|
|upkeep
|turn|10
|
|t:|1769426711
|move|p2a: Tornadus|U-turn|p1a: Coalossal
|-resisted|p1a: Coalossal
|-damage|p1a: Coalossal|87/100
|
|t:|1769426714
|switch|p2a: Toxapex|Toxapex, M|100/100|[from] U-turn
|-damage|p2a: Toxapex|88/100|[from] Stealth Rock
|-damage|p2a: Toxapex|75/100|[from] Spikes
|move|p1a: Coalossal|Power Gem|p2a: Toxapex
|-damage|p2a: Toxapex|57/100
|
|-heal|p2a: Toxapex|64/100|[from] item: Black Sludge
|upkeep
|turn|11
|
|t:|1769426728
|switch|p1a: Forretress|Forretress, M|100/100
|move|p2a: Toxapex|Recover|p2a: Toxapex
|-heal|p2a: Toxapex|100/100
|
|upkeep
|turn|12
|inactive|Battle timer is ON: inactive players will automatically lose when time's up. (requested by 4hboh)
|inactive|mewcrr has 120 seconds left.
|
|t:|1769426795
|move|p2a: Toxapex|Toxic Spikes|p1a: Forretress
|-sidestart|p1: 4hboh|move: Toxic Spikes
|move|p1a: Forretress|Spikes|p2a: Toxapex
|-sidestart|p2: mewcrr|Spikes
|
|upkeep
|turn|13
|
|t:|1769426800
|move|p2a: Toxapex|Toxic Spikes|p1a: Forretress
|-sidestart|p1: 4hboh|move: Toxic Spikes
|move|p1a: Forretress|Spikes|p2a: Toxapex
|-sidestart|p2: mewcrr|Spikes
|
|upkeep
|turn|14
|
|t:|1769426814
|switch|p2a: Hydrapple|Hydrapple, M|100/100
|move|p1a: Forretress|Rapid Spin|p2a: Hydrapple
|-damage|p2a: Hydrapple|93/100
|-boost|p1a: Forretress|spe|1
|-sideend|p1: 4hboh|Toxic Spikes|[from] move: Rapid Spin|[of] p1a: Forretress
|
|upkeep
|turn|15
|
|t:|1769426826
|move|p2a: Hydrapple|Earth Power|p1a: Forretress
|-damage|p1a: Forretress|60/100
|-unboost|p1a: Forretress|spd|1
|move|p1a: Forretress|Volt Switch|p2a: Hydrapple
|-resisted|p2a: Hydrapple
|-damage|p2a: Hydrapple|91/100
|inactive|4hboh has 120 seconds left.
|
|t:|1769426864
|switch|p1a: Coalossal|Coalossal, F|87/100|[from] Volt Switch
|
|upkeep
|turn|16
|inactive|4hboh has 120 seconds left.
|inactive|mewcrr has 120 seconds left.
|
|t:|1769426897
|move|p2a: Hydrapple|Earth Power|p1a: Coalossal
|-supereffective|p1a: Coalossal
|-damage|p1a: Coalossal|18/100
|move|p1a: Coalossal|Will-O-Wisp|p2a: Hydrapple|[miss]
|-miss|p1a: Coalossal|p2a: Hydrapple
|
|upkeep
|turn|17
|inactive|4hboh has 120 seconds left.
|
|t:|1769426905
|switch|p1a: Appletun|Appletun, M|88/100 tox
|move|p2a: Hydrapple|Earth Power|p1a: Appletun
|-resisted|p1a: Appletun
|-damage|p1a: Appletun|73/100 tox
|
|-heal|p1a: Appletun|79/100 tox|[from] item: Leftovers
|-damage|p1a: Appletun|73/100 tox|[from] psn
|upkeep
|turn|18
|inactive|mewcrr has 120 seconds left.
|
|t:|1769426921
|-terastallize|p1a: Appletun|Grass
|move|p2a: Hydrapple|Draco Meteor|p1a: Appletun
|-damage|p1a: Appletun|14/100 tox
|-unboost|p2a: Hydrapple|spa|2
|move|p1a: Appletun|Dragon Tail|p2a: Hydrapple
|-supereffective|p2a: Hydrapple
|-damage|p2a: Hydrapple|64/100
|drag|p2a: Tyranitar|Tyranitar, F|100/100
|-damage|p2a: Tyranitar|88/100|[from] Stealth Rock
|-damage|p2a: Tyranitar|63/100|[from] Spikes
|-weather|Sandstorm|[from] ability: Sand Stream|[of] p2a: Tyranitar
|
|-weather|Sandstorm|[upkeep]
|-damage|p1a: Appletun|8/100 tox|[from] Sandstorm
|-heal|p2a: Tyranitar|69/100|[from] item: Leftovers
|-heal|p1a: Appletun|14/100 tox|[from] item: Leftovers
|-damage|p1a: Appletun|2/100 tox|[from] psn
|upkeep
|turn|19
|inactive|mewcrr has 120 seconds left.
|inactive|4hboh has 120 seconds left.
|inactive|mewcrr has 90 seconds left.
|
|t:|1769426975
|switch|p1a: Hippowdon|Hippowdon, M|100/100
|move|p2a: Tyranitar|Stealth Rock|p1a: Hippowdon
|-sidestart|p1: 4hboh|move: Stealth Rock
|
|-weather|Sandstorm|[upkeep]
|-heal|p2a: Tyranitar|76/100|[from] item: Leftovers
|upkeep
|turn|20
|inactive|4hboh has 120 seconds left.
|
|t:|1769426987
|move|p2a: Tyranitar|Knock Off|p1a: Hippowdon
|-damage|p1a: Hippowdon|78/100
|-damage|p2a: Tyranitar|59/100|[from] item: Rocky Helmet|[of] p1a: Hippowdon
|-enditem|p1a: Hippowdon|Rocky Helmet|[from] move: Knock Off|[of] p2a: Tyranitar
|move|p1a: Hippowdon|Whirlwind|p2a: Tyranitar
|drag|p2a: Hydrapple|Hydrapple, M|97/100
|
|-weather|Sandstorm|[upkeep]
|-damage|p2a: Hydrapple|91/100|[from] Sandstorm
|upkeep
|turn|21
|inactive|4hboh has 120 seconds left.
|inactive|mewcrr has 60 seconds left.
|
|t:|1769427021
|move|p2a: Hydrapple|Giga Drain|p1a: Hippowdon
|-supereffective|p1a: Hippowdon
|-damage|p1a: Hippowdon|5/100
|-heal|p2a: Hydrapple|100/100|[from] drain|[of] p1a: Hippowdon
|move|p1a: Hippowdon|Whirlwind|p2a: Hydrapple
|drag|p2a: Tornadus|Tornadus-Therian, M|100/100
|-damage|p2a: Tornadus|76/100|[from] Stealth Rock
|
|-weather|Sandstorm|[upkeep]
|-damage|p2a: Tornadus|69/100|[from] Sandstorm
|upkeep
|turn|22
|inactive|mewcrr has 60 seconds left.
|
|t:|1769427054
|switch|p1a: Dondozo|Dondozo, F|100/100
|-damage|p1a: Dondozo|88/100|[from] Stealth Rock
|move|p2a: Tornadus|Knock Off|p1a: Dondozo
|-damage|p1a: Dondozo|79/100
|-enditem|p1a: Dondozo|Leftovers|[from] move: Knock Off|[of] p2a: Tornadus
|
|-weather|none
|upkeep
|turn|23
|
|t:|1769427063
|move|p2a: Tornadus|Heat Wave|p1a: Dondozo
|-resisted|p1a: Dondozo
|-damage|p1a: Dondozo|69/100
|move|p1a: Dondozo|Wave Crash|p2a: Tornadus
|-damage|p2a: Tornadus|20/100
|-damage|p1a: Dondozo|57/100|[from] Recoil
|
|upkeep
|turn|24
|
|t:|1769427072
|move|p2a: Tornadus|U-turn|p1a: Dondozo
|-damage|p1a: Dondozo|50/100
|
|t:|1769427075
|switch|p2a: Toxapex|Toxapex, M|100/100|[from] U-turn
|-damage|p2a: Toxapex|88/100|[from] Stealth Rock
|-damage|p2a: Toxapex|63/100|[from] Spikes
|move|p1a: Dondozo|Body Press|p2a: Toxapex
|-resisted|p2a: Toxapex
|-damage|p2a: Toxapex|55/100
|
|-heal|p2a: Toxapex|61/100|[from] item: Black Sludge
|upkeep
|turn|25
|inactive|4hboh has 120 seconds left.
|inactive|mewcrr has 60 seconds left.
|
|t:|1769427092
|move|p2a: Toxapex|Toxic|p1a: Dondozo
|-status|p1a: Dondozo|tox
|move|p1a: Dondozo|Rest|p1a: Dondozo
|-status|p1a: Dondozo|slp|[from] move: Rest
|-heal|p1a: Dondozo|100/100 slp|[silent]
|
|-heal|p2a: Toxapex|68/100|[from] item: Black Sludge
|upkeep
|turn|26
|inactive|4hboh has 120 seconds left.
|inactive|mewcrr has 30 seconds left.
|
|t:|1769427123
|switch|p1a: Forretress|Forretress, M|60/100
|-damage|p1a: Forretress|48/100|[from] Stealth Rock
|move|p2a: Toxapex|Toxic|p1a: Forretress
|-immune|p1a: Forretress
|
|-heal|p2a: Toxapex|74/100|[from] item: Black Sludge
|-heal|p1a: Forretress|54/100|[from] item: Leftovers
|upkeep
|turn|27
|inactive|mewcrr has 30 seconds left.
|
|t:|1769427140
|switch|p2a: Ogerpon|Ogerpon-Wellspring, F|100/100
|-damage|p2a: Ogerpon|88/100|[from] Stealth Rock
|-damage|p2a: Ogerpon|63/100|[from] Spikes
|move|p1a: Forretress|Rapid Spin|p2a: Ogerpon
|-damage|p2a: Ogerpon|49/100
|-boost|p1a: Forretress|spe|1
|-sideend|p1: 4hboh|Stealth Rock|[from] move: Rapid Spin|[of] p1a: Forretress
|
|-heal|p1a: Forretress|60/100|[from] item: Leftovers
|upkeep
|turn|28
|inactive|mewcrr has 30 seconds left.
|inactive|mewcrr has 20 seconds left.
|inactive|mewcrr has 15 seconds left.
|inactive|mewcrr has 10 seconds left.
|inactive|mewcrr has 5 seconds left.
|
|t:|1769427174
|move|p2a: Ogerpon|Ivy Cudgel|p1a: Forretress|[anim] Ivy Cudgel Water
|-damage|p1a: Forretress|24/100
|move|p1a: Forretress|Volt Switch|p2a: Ogerpon
|-damage|p2a: Ogerpon|36/100
|inactive|4hboh has 120 seconds left.
|
|t:|1769427198
|switch|p1a: Dondozo|Dondozo, F|100/100 slp|[from] Volt Switch
|
|upkeep
|turn|29
|inactive|mewcrr has 20 seconds left this turn.
|
|t:|1769427202
|move|p2a: Ogerpon|Power Whip|p1a: Dondozo
|-supereffective|p1a: Dondozo
|-damage|p1a: Dondozo|41/100 slp
|cant|p1a: Dondozo|slp
|move|p1a: Dondozo|Sleep Talk|p1a: Dondozo
|move|p1a: Dondozo|Wave Crash|p2a: Ogerpon|[from] move: Sleep Talk
|-heal|p2a: Ogerpon|61/100|[from] ability: Water Absorb|[of] p1a: Dondozo
|
|upkeep
|turn|30
|inactive|mewcrr has 30 seconds left this turn.
|inactive|4hboh has 120 seconds left.
|-message|4hboh forfeited.
|
|win|mewcrr
|raw|4hboh's rating: 1143 &rarr; <strong>1114</strong><br />(-29 for losing)
|raw|mewcrr's rating: 1091 &rarr; <strong>1121</strong><br />(+30 for winning)
|l|☆4hboh
|player|p1|
|l|☆mewcrr
|player|p2|
