|j|☆timmytohns
|j|‽InkwellRans
|t:|1769412318
|gametype|singles
|player|p1|timmytohns|101|1214
|player|p2|InkwellRans|hilbert|1191
|gen|9
|tier|[Gen 9] OU
|rated|
|rule|HP Percentage Mod: HP is shown in percentages
|rule|Endless Battle Clause: Forcing endless battles is banned
|rule|Species Clause: Limit one of each Pokémon
|rule|OHKO Clause: OHKO moves are banned
|rule|Evasion Items Clause: Evasion items are banned
|rule|Evasion Moves Clause: Evasion moves are banned
|rule|Evasion Abilities Clause: Evasion abilities are banned
|rule|Sleep Moves Clause: Sleep-inducing moves are banned
|clearpoke
|poke|p1|Ogerpon-Wellspring, F|
|poke|p1|Dragonite, F|
|poke|p1|Deoxys-Speed|
|poke|p1|Gholdengo|
|poke|p1|Samurott-Hisui, M|
|poke|p1|Zamazenta-*|
|poke|p2|Weezing-Galar, M|
|poke|p2|Ninetales, F|
|poke|p2|Sylveon, F|
|poke|p2|Serperior, F|
|poke|p2|Dragonite, F|
|poke|p2|Mimikyu, F|
|teampreview
|
|t:|1769412321
|teamsize|p1|6
|teamsize|p2|6
|start
|switch|p1a: Deoxys|Deoxys-Speed|100/100
|switch|p2a: Mimikyu|Mimikyu, F|100/100
|-ability|p1a: Deoxys|Pressure
|turn|1
|inactive|Battle timer is ON: inactive players will automatically lose when time's up. (requested by timmytohns)
|inactive|InkwellRans also wants the timer to be on.
|
|t:|1769412327
|move|p1a: Deoxys|Taunt|p2a: Mimikyu
|-start|p2a: Mimikyu|move: Taunt
|cant|p2a: Mimikyu|move: Taunt|Swords Dance
|
|upkeep
|turn|2
|
|t:|1769412331
|move|p2a: Mimikyu|Shadow Sneak|p1a: Deoxys
|-supereffective|p1a: Deoxys
|-damage|p1a: Deoxys|60/100
|move|p1a: Deoxys|Stealth Rock|p2a: Mimikyu
|-sidestart|p2: InkwellRans|move: Stealth Rock
|
|upkeep
|turn|3
|
|t:|1769412336
|move|p2a: Mimikyu|Shadow Sneak|p1a: Deoxys
|-supereffective|p1a: Deoxys
|-damage|p1a: Deoxys|18/100
|move|p1a: Deoxys|Knock Off|p2a: Mimikyu
|-activate|p2a: Mimikyu|ability: Disguise
|-damage|p2a: Mimikyu|100/100
|-enditem|p2a: Mimikyu|Weakness Policy|[from] move: Knock Off|[of] p1a: Deoxys
|detailschange|p2a: Mimikyu|Mimikyu-Busted, F
|-damage|p2a: Mimikyu|88/100|[from] pokemon: Mimikyu-Busted
|
|-end|p2a: Mimikyu|move: Taunt
|upkeep
|turn|4
|
|t:|1769412347
|move|p1a: Deoxys|Taunt|p2a: Mimikyu
|-start|p2a: Mimikyu|move: Taunt
|cant|p2a: Mimikyu|move: Taunt|Swords Dance
|
|upkeep
|turn|5
|
|t:|1769412351
|move|p2a: Mimikyu|Shadow Sneak|p1a: Deoxys
|-supereffective|p1a: Deoxys
|-damage|p1a: Deoxys|0 fnt
|faint|p1a: Deoxys
|
|upkeep
|
|t:|1769412359
|switch|p1a: Samurott|Samurott-Hisui, M|100/100
|turn|6
|
|t:|1769412361
|move|p1a: Samurott|Ceaseless Edge|p2a: Mimikyu
|-damage|p2a: Mimikyu|13/100
|-sidestart|p2: InkwellRans|Spikes
|move|p2a: Mimikyu|Drain Punch|p1a: Samurott
|-supereffective|p1a: Samurott
|-damage|p1a: Samurott|43/100
|-heal|p2a: Mimikyu|50/100|[from] drain|[of] p1a: Samurott
|
|-end|p2a: Mimikyu|move: Taunt
|upkeep
|turn|7
|
|t:|1769412371
|move|p1a: Samurott|Ceaseless Edge|p2a: Mimikyu
|-damage|p2a: Mimikyu|0 fnt
|-sidestart|p2: InkwellRans|Spikes
|faint|p2a: Mimikyu
|
|upkeep
|
|t:|1769412375
|switch|p2a: Weezing|Weezing-Galar, M|100/100
|-damage|p2a: Weezing|88/100|[from] Stealth Rock
|turn|8
|
|t:|1769412380
|switch|p1a: Gholdengo|Gholdengo|100/100
|-item|p1a: Gholdengo|Air Balloon
|move|p2a: Weezing|Defog|p1a: Gholdengo
|-immune|p1a: Gholdengo|[from] ability: Good as Gold
|
|-heal|p2a: Weezing|94/100|[from] item: Black Sludge
|upkeep
|turn|9
|
|t:|1769412395
|move|p1a: Gholdengo|Nasty Plot|p1a: Gholdengo
|-boost|p1a: Gholdengo|spa|2
|move|p2a: Weezing|Flamethrower|p1a: Gholdengo
|-supereffective|p1a: Gholdengo
|-damage|p1a: Gholdengo|60/100
|-enditem|p1a: Gholdengo|Air Balloon
|
|-heal|p2a: Weezing|100/100|[from] item: Black Sludge
|upkeep
|turn|10
|
|t:|1769412404
|move|p1a: Gholdengo|Make It Rain|p2a: Weezing
|-supereffective|p2a: Weezing
|-crit|p2a: Weezing
|-damage|p2a: Weezing|0 fnt
|-unboost|p1a: Gholdengo|spa|1
|faint|p2a: Weezing
|
|upkeep
|
|t:|1769412412
|switch|p2a: Ninetales|Ninetales, F|100/100
|-damage|p2a: Ninetales|76/100|[from] Stealth Rock
|-damage|p2a: Ninetales|59/100|[from] Spikes
|-weather|SunnyDay|[from] ability: Drought|[of] p2a: Ninetales
|turn|11
|
|t:|1769412415
|move|p2a: Ninetales|Flamethrower|p1a: Gholdengo
|-supereffective|p1a: Gholdengo
|-damage|p1a: Gholdengo|0 fnt
|faint|p1a: Gholdengo
|
|-weather|SunnyDay|[upkeep]
|upkeep
|
|t:|1769412438
|switch|p1a: Ogerpon|Ogerpon-Wellspring, F|100/100
|turn|12
|
|t:|1769412442
|move|p1a: Ogerpon|Ivy Cudgel|p2a: Ninetales|[anim] Ivy Cudgel Water
|-supereffective|p2a: Ninetales
|-damage|p2a: Ninetales|0 fnt
|faint|p2a: Ninetales
|
|-weather|SunnyDay|[upkeep]
|upkeep
|
|t:|1769412447
|switch|p2a: Dragonite|Dragonite, F|100/100
|-damage|p2a: Dragonite|76/100|[from] Stealth Rock
|turn|13
|
|t:|1769412456
|switch|p1a: Zamazenta|Zamazenta|100/100
|-ability|p1a: Zamazenta|Dauntless Shield|boost
|-boost|p1a: Zamazenta|def|1
|move|p2a: Dragonite|Dragon Dance|p2a: Dragonite
|-boost|p2a: Dragonite|atk|1
|-boost|p2a: Dragonite|spe|1
|
|-weather|SunnyDay|[upkeep]
|upkeep
|turn|14
|
|t:|1769412463
|move|p2a: Dragonite|Earthquake|p1a: Zamazenta
|-damage|p1a: Zamazenta|72/100
|move|p1a: Zamazenta|Roar|p2a: Dragonite
|drag|p2a: Sylveon|Sylveon, F|100/100
|-damage|p2a: Sylveon|88/100|[from] Stealth Rock
|-damage|p2a: Sylveon|72/100|[from] Spikes
|
|-weather|SunnyDay|[upkeep]
|-heal|p1a: Zamazenta|78/100|[from] item: Leftovers
|-heal|p2a: Sylveon|78/100|[from] item: Leftovers
|upkeep
|turn|15
|
|t:|1769412482
|move|p2a: Sylveon|Hyper Voice|p1a: Zamazenta
|-supereffective|p1a: Zamazenta
|-damage|p1a: Zamazenta|3/100
|move|p1a: Zamazenta|Roar|p2a: Sylveon
|drag|p2a: Serperior|Serperior, F|100/100
|-damage|p2a: Serperior|88/100|[from] Stealth Rock
|-damage|p2a: Serperior|72/100|[from] Spikes
|
|-weather|none
|-heal|p1a: Zamazenta|9/100|[from] item: Leftovers
|upkeep
|turn|16
|
|t:|1769412491
|move|p1a: Zamazenta|Body Press|p2a: Serperior
|-damage|p2a: Serperior|11/100
|move|p2a: Serperior|Leaf Storm|p1a: Zamazenta
|-damage|p1a: Zamazenta|0 fnt
|-boost|p2a: Serperior|spa|2
|faint|p1a: Zamazenta
|-damage|p2a: Serperior|1/100|[from] item: Life Orb
|
|upkeep
|
|t:|1769412500
|switch|p1a: Samurott|Samurott-Hisui, M|43/100
|turn|17
|
|t:|1769412504
|move|p1a: Samurott|Aqua Jet|p2a: Serperior
|-resisted|p2a: Serperior
|-damage|p2a: Serperior|0 fnt
|faint|p2a: Serperior
|
|upkeep
|
|t:|1769412509
|switch|p2a: Sylveon|Sylveon, F|78/100
|-damage|p2a: Sylveon|65/100|[from] Stealth Rock
|-damage|p2a: Sylveon|49/100|[from] Spikes
|turn|18
|
|t:|1769412514
|move|p1a: Samurott|Aqua Cutter|p2a: Sylveon
|-damage|p2a: Sylveon|0 fnt
|faint|p2a: Sylveon
|
|upkeep
|-message|InkwellRans forfeited.
|
|win|timmytohns
|raw|timmytohns's rating: 1234 &rarr; <strong>1256</strong><br />(+22 for winning)
|raw|InkwellRans's rating: 1191 &rarr; <strong>1169</strong><br />(-22 for losing)
|l|‽InkwellRans
|player|p2|
|c|☆timmytohns|gg
|l|☆timmytohns
|player|p1|
