|j|☆Goofy time67
|j|☆ASRAyeetASRA
|t:|1769339889
|gametype|singles
|player|p1|Goofy time67|1|1222
|player|p2|ASRAyeetASRA|169|1232
|gen|9
|tier|[Gen 9] OU
|rated|
|rule|HP Percentage Mod: HP is shown in percentages
|rule|Endless Battle Clause: Forcing endless battles is banned
|rule|Species Clause: Limit one of each Pokémon
|rule|OHKO Clause: OHKO moves are banned
|rule|Evasion Items Clause: Evasion items are banned
|rule|Evasion Moves Clause: Evasion moves are banned
|rule|Evasion Abilities Clause: Evasion abilities are banned
|rule|Sleep Moves Clause: Sleep-inducing moves are banned
|clearpoke
|poke|p1|Skarmory, M|
|poke|p1|Slowking-Galar, M|
|poke|p1|Kyurem|
|poke|p1|Great Tusk|
|poke|p1|Tornadus-Therian, M|
|poke|p1|Regigigas|
|poke|p2|Raging Bolt|
|poke|p2|Gholdengo|
|poke|p2|Glimmora, M|
|poke|p2|Ting-Lu|
|poke|p2|Ogerpon-Wellspring, F|
|poke|p2|Clefable, M|
|teampreview
|inactive|Battle timer is ON: inactive players will automatically lose when time's up. (requested by ASRAyeetASRA)
|c|☆Goofy time67|Glhf
|
|t:|1769339905
|teamsize|p1|6
|teamsize|p2|6
|start
|switch|p1a: Slowking|Slowking-Galar, M|100/100
|switch|p2a: Raging Bolt|Raging Bolt|100/100
|turn|1
|
|t:|1769339916
|move|p2a: Raging Bolt|Draco Meteor|p1a: Slowking
|-damage|p1a: Slowking|17/100
|-unboost|p2a: Raging Bolt|spa|2
|move|p1a: Slowking|Sludge Bomb|p2a: Raging Bolt
|-damage|p2a: Raging Bolt|69/100
|
|-heal|p1a: Slowking|23/100|[from] item: Black Sludge
|upkeep
|turn|2
|
|t:|1769339924
|switch|p1a: Great Tusk|Great Tusk|100/100
|move|p2a: Raging Bolt|Draco Meteor|p1a: Great Tusk
|-crit|p1a: Great Tusk
|-damage|p1a: Great Tusk|0 fnt
|-unboost|p2a: Raging Bolt|spa|2
|faint|p1a: Great Tusk
|-end|p1a: Great Tusk|Protosynthesis|[silent]
|
|upkeep
|c|☆ASRAyeetASRA|lol
|
|t:|1769339933
|switch|p1a: Kyurem|Kyurem|100/100
|-ability|p1a: Kyurem|Pressure
|turn|3
|c|☆ASRAyeetASRA|thats fucked
|
|t:|1769339945
|-end|p2a: Raging Bolt|Protosynthesis|[silent]
|switch|p2a: Clefable|Clefable, M, shiny|100/100
|move|p1a: Kyurem|Freeze-Dry|p2a: Clefable
|-damage|p2a: Clefable|66/100
|
|-heal|p2a: Clefable|72/100|[from] item: Leftovers
|upkeep
|turn|4
|
|t:|1769339951
|switch|p1a: Slowking|Slowking-Galar, M|57/100
|move|p2a: Clefable|Protect||[still]
|-fail|p2a: Clefable
|
|-heal|p2a: Clefable|78/100|[from] item: Leftovers
|-heal|p1a: Slowking|63/100|[from] item: Black Sludge
|upkeep
|turn|5
|
|t:|1769339963
|switch|p2a: Gholdengo|Gholdengo, shiny|100/100
|-item|p2a: Gholdengo|Air Balloon
|switch|p1a: Kyurem|Kyurem|100/100
|-ability|p1a: Kyurem|Pressure
|
|upkeep
|turn|6
|
|t:|1769339981
|switch|p1a: Tornadus|Tornadus-Therian, M|100/100
|move|p2a: Gholdengo|Make It Rain|p1a: Tornadus
|-damage|p1a: Tornadus|34/100
|-unboost|p2a: Gholdengo|spa|1
|
|upkeep
|turn|7
|
|t:|1769339991
|move|p1a: Tornadus|U-turn|p2a: Gholdengo
|-resisted|p2a: Gholdengo
|-damage|p2a: Gholdengo|95/100
|-enditem|p2a: Gholdengo|Air Balloon
|-damage|p1a: Tornadus|24/100|[from] item: Life Orb
|
|t:|1769340004
|switch|p1a: Skarmory|Skarmory, M|100/100|[from] U-turn
|move|p2a: Gholdengo|Shadow Ball|p1a: Skarmory
|-damage|p1a: Skarmory|72/100
|-unboost|p1a: Skarmory|spd|1
|
|upkeep
|turn|8
|
|t:|1769340015
|move|p2a: Gholdengo|Nasty Plot|p2a: Gholdengo
|-boost|p2a: Gholdengo|spa|2
|move|p1a: Skarmory|Spikes|p2a: Gholdengo
|-sidestart|p2: ASRAyeetASRA|Spikes
|
|upkeep
|turn|9
|
|t:|1769340025
|move|p2a: Gholdengo|Shadow Ball|p1a: Skarmory
|-damage|p1a: Skarmory|0 fnt
|faint|p1a: Skarmory
|
|upkeep
|
|t:|1769340037
|switch|p1a: Tornadus|Tornadus-Therian, M|58/100
|turn|10
|
|t:|1769340042
|move|p1a: Tornadus|Hurricane|p2a: Gholdengo
|-resisted|p2a: Gholdengo
|-damage|p2a: Gholdengo|64/100
|-damage|p1a: Tornadus|48/100|[from] item: Life Orb
|move|p2a: Gholdengo|Shadow Ball|p1a: Tornadus
|-damage|p1a: Tornadus|0 fnt
|faint|p1a: Tornadus
|
|upkeep
|
|t:|1769340051
|switch|p1a: the king|Regigigas, shiny|100/100
|-start|p1a: the king|ability: Slow Start
|turn|11
|
|t:|1769340055
|move|p2a: Gholdengo|Focus Blast|p1a: the king|[miss]
|-miss|p2a: Gholdengo|p1a: the king
|move|p1a: the king|Knock Off|p2a: Gholdengo
|-supereffective|p2a: Gholdengo
|-damage|p2a: Gholdengo|33/100
|
|upkeep
|turn|12
|
|t:|1769340063
|-terastallize|p1a: the king|Ghost
|move|p2a: Gholdengo|Focus Blast|p1a: the king
|-immune|p1a: the king
|move|p1a: the king|Knock Off|p2a: Gholdengo
|-supereffective|p2a: Gholdengo
|-damage|p2a: Gholdengo|7/100
|
|upkeep
|turn|13
|
|t:|1769340068
|move|p2a: Gholdengo|Shadow Ball|p1a: the king
|-supereffective|p1a: the king
|-damage|p1a: the king|8/100
|-unboost|p1a: the king|spd|1
|move|p1a: the king|Knock Off|p2a: Gholdengo
|-supereffective|p2a: Gholdengo
|-damage|p2a: Gholdengo|0 fnt
|faint|p2a: Gholdengo
|
|-heal|p1a: the king|14/100|[from] item: Leftovers
|upkeep
|
|t:|1769340072
|switch|p2a: Glimmora|Glimmora, M, shiny|100/100
|-damage|p2a: Glimmora|88/100|[from] Spikes
|turn|14
|
|t:|1769340077
|move|p2a: Glimmora|Mortal Spin|p1a: the king
|-resisted|p1a: the king
|-damage|p1a: the king|12/100
|-status|p1a: the king|psn
|-sideend|p2: ASRAyeetASRA|Spikes|[from] move: Mortal Spin|[of] p2a: Glimmora
|move|p1a: the king|Body Slam|p2a: Glimmora
|-resisted|p2a: Glimmora
|-damage|p2a: Glimmora|74/100
|-status|p2a: Glimmora|par
|-activate|p2a: Glimmora|ability: Toxic Debris
|-sidestart|p1: Goofy time67|move: Toxic Spikes
|
|-heal|p1a: the king|18/100 psn|[from] item: Leftovers
|-damage|p1a: the king|6/100 psn|[from] psn
|upkeep
|turn|15
|
|t:|1769340087
|move|p2a: Glimmora|Stealth Rock|p1a: the king
|-sidestart|p1: Goofy time67|move: Stealth Rock
|move|p1a: the king|Knock Off|p2a: Glimmora
|-damage|p2a: Glimmora|51/100 par
|-activate|p2a: Glimmora|ability: Toxic Debris
|-sidestart|p1: Goofy time67|move: Toxic Spikes
|-enditem|p2a: Glimmora|Focus Sash|[from] move: Knock Off|[of] p1a: the king
|
|-heal|p1a: the king|12/100 psn|[from] item: Leftovers
|-damage|p1a: the king|0 fnt|[from] psn
|faint|p1a: the king
|upkeep
|
|t:|1769340091
|switch|p1a: Kyurem|Kyurem|100/100
|-ability|p1a: Kyurem|Pressure
|turn|16
|
|t:|1769340097
|move|p1a: Kyurem|Earth Power|p2a: Glimmora
|-supereffective|p2a: Glimmora
|-damage|p2a: Glimmora|0 fnt
|faint|p2a: Glimmora
|
|upkeep
|
|t:|1769340105
|switch|p2a: Ting-Lu|Ting-Lu, shiny|100/100
|-ability|p2a: Ting-Lu|Vessel of Ruin
|turn|17
|
|t:|1769340115
|-terastallize|p2a: Ting-Lu|Water
|move|p1a: Kyurem|Ice Beam|p2a: Ting-Lu
|-resisted|p2a: Ting-Lu
|-damage|p2a: Ting-Lu|92/100
|move|p2a: Ting-Lu|Spikes|p1a: Kyurem
|-sidestart|p1: Goofy time67|Spikes
|
|-heal|p2a: Ting-Lu|98/100|[from] item: Leftovers
|upkeep
|turn|18
|
|t:|1769340120
|move|p1a: Kyurem|Freeze-Dry|p2a: Ting-Lu
|-supereffective|p2a: Ting-Lu
|-damage|p2a: Ting-Lu|72/100
|move|p2a: Ting-Lu|Spikes|p1a: Kyurem
|-sidestart|p1: Goofy time67|Spikes
|
|-heal|p2a: Ting-Lu|78/100|[from] item: Leftovers
|upkeep
|turn|19
|
|t:|1769340127
|move|p1a: Kyurem|Freeze-Dry|p2a: Ting-Lu
|-supereffective|p2a: Ting-Lu
|-damage|p2a: Ting-Lu|50/100
|move|p2a: Ting-Lu|Spikes|p1a: Kyurem
|-sidestart|p1: Goofy time67|Spikes
|
|-heal|p2a: Ting-Lu|57/100|[from] item: Leftovers
|upkeep
|turn|20
|
|t:|1769340133
|move|p1a: Kyurem|Freeze-Dry|p2a: Ting-Lu
|-supereffective|p2a: Ting-Lu
|-crit|p2a: Ting-Lu
|-damage|p2a: Ting-Lu|12/100
|move|p2a: Ting-Lu|Whirlwind|p1a: Kyurem
|drag|p1a: Slowking|Slowking-Galar, M|96/100
|-sideend|p1: Goofy time67|move: Toxic Spikes|[of] p1a: Slowking
|-damage|p1a: Slowking|83/100|[from] Stealth Rock
|-damage|p1a: Slowking|59/100|[from] Spikes
|
|-heal|p2a: Ting-Lu|18/100|[from] item: Leftovers
|-heal|p1a: Slowking|65/100|[from] item: Black Sludge
|upkeep
|turn|21
|
|t:|1769340138
|move|p2a: Ting-Lu|Earthquake|p1a: Slowking
|-supereffective|p1a: Slowking
|-damage|p1a: Slowking|0 fnt
|faint|p1a: Slowking
|
|-heal|p2a: Ting-Lu|24/100|[from] item: Leftovers
|upkeep
|
|t:|1769340140
|switch|p1a: Kyurem|Kyurem|100/100
|-ability|p1a: Kyurem|Pressure
|turn|22
|
|t:|1769340147
|move|p1a: Kyurem|Freeze-Dry|p2a: Ting-Lu
|-supereffective|p2a: Ting-Lu
|-damage|p2a: Ting-Lu|0 fnt
|faint|p2a: Ting-Lu
|
|upkeep
|
|t:|1769340162
|switch|p2a: Ogerpon|Ogerpon-Wellspring, F|100/100
|turn|23
|
|t:|1769340166
|move|p2a: Ogerpon|Play Rough|p1a: Kyurem
|-supereffective|p1a: Kyurem
|-damage|p1a: Kyurem|40/100
|move|p1a: Kyurem|Freeze-Dry|p2a: Ogerpon
|-supereffective|p2a: Ogerpon
|-damage|p2a: Ogerpon|0 fnt
|faint|p2a: Ogerpon
|
|upkeep
|
|t:|1769340169
|switch|p2a: Raging Bolt|Raging Bolt|69/100
|turn|24
|
|t:|1769340176
|move|p2a: Raging Bolt|Thunderclap|p1a: Kyurem
|-resisted|p1a: Kyurem
|-damage|p1a: Kyurem|10/100
|move|p1a: Kyurem|Freeze-Dry|p2a: Raging Bolt
|-supereffective|p2a: Raging Bolt
|-damage|p2a: Raging Bolt|15/100
|
|upkeep
|turn|25
|
|t:|1769340180
|move|p2a: Raging Bolt|Thunderclap|p1a: Kyurem
|-resisted|p1a: Kyurem
|-damage|p1a: Kyurem|0 fnt
|faint|p1a: Kyurem
|
|win|ASRAyeetASRA
|raw|Goofy time67's rating: 1222 &rarr; <strong>1198</strong><br />(-24 for losing)
|raw|ASRAyeetASRA's rating: 1232 &rarr; <strong>1256</strong><br />(+24 for winning)
|c|☆ASRAyeetASRA|gg
|l|☆Goofy time67
|player|p1|
|c|☆ASRAyeetASRA|rng diff
|l|☆ASRAyeetASRA
|player|p2|
