|j|☆Zetious
|j|☆TrentMercer
|t:|1769421928
|gametype|singles
|player|p1|Zetious|iris-gen5bw2|1496
|player|p2|TrentMercer|cynthia|1479
|gen|9
|tier|[Gen 9] OU
|rated|
|rule|HP Percentage Mod: HP is shown in percentages
|rule|Endless Battle Clause: Forcing endless battles is banned
|rule|Species Clause: Limit one of each Pokémon
|rule|OHKO Clause: OHKO moves are banned
|rule|Evasion Items Clause: Evasion items are banned
|rule|Evasion Moves Clause: Evasion moves are banned
|rule|Evasion Abilities Clause: Evasion abilities are banned
|rule|Sleep Moves Clause: Sleep-inducing moves are banned
|clearpoke
|poke|p1|Hatterene, F|
|poke|p1|Ursaluna, M|
|poke|p1|Porygon2|
|poke|p1|Cresselia, F|
|poke|p1|Iron Hands|
|poke|p1|Volcanion|
|poke|p2|Great Tusk|
|poke|p2|Mandibuzz, F|
|poke|p2|Slowking-Galar, M|
|poke|p2|Dragapult, M|
|poke|p2|Heatran, M|
|poke|p2|Iron Valiant|
|teampreview
|inactive|Battle timer is ON: inactive players will automatically lose when time's up. (requested by Zetious)
|
|t:|1769421937
|teamsize|p1|6
|teamsize|p2|6
|start
|switch|p1a: TARS|Porygon2|100/100
|switch|p2a: Heatran|Heatran, M|100/100
|-item|p2a: Heatran|Air Balloon
|-ability|p1a: TARS|Download|boost
|-boost|p1a: TARS|atk|1
|turn|1
|
|t:|1769421957
|move|p2a: Heatran|Taunt|p1a: TARS
|-start|p1a: TARS|move: Taunt
|cant|p1a: TARS|move: Taunt|Trick Room
|
|upkeep
|turn|2
|
|t:|1769421970
|move|p2a: Heatran|Magma Storm|p1a: TARS|[miss]
|-miss|p2a: Heatran|p1a: TARS
|move|p1a: TARS|Tera Blast|p2a: Heatran
|-resisted|p2a: Heatran
|-damage|p2a: Heatran|80/100
|-enditem|p2a: Heatran|Air Balloon
|
|upkeep
|turn|3
|
|t:|1769421981
|-terastallize|p1a: TARS|Ground
|move|p2a: Heatran|Magma Storm|p1a: TARS|[miss]
|-miss|p2a: Heatran|p1a: TARS
|move|p1a: TARS|Tera Blast|p2a: Heatran|[anim] Tera Blast Ground
|-supereffective|p2a: Heatran
|-damage|p2a: Heatran|0 fnt
|faint|p2a: Heatran
|
|-end|p1a: TARS|move: Taunt
|upkeep
|c|☆TrentMercer|nice
|
|t:|1769422000
|switch|p2a: Slowking|Slowking-Galar, M|100/100
|turn|4
|
|t:|1769422005
|switch|p1a: Brand|Hatterene, F, shiny|100/100
|move|p2a: Slowking|Ice Beam|p1a: Brand
|-damage|p1a: Brand|73/100
|
|upkeep
|turn|5
|
|t:|1769422012
|switch|p1a: Miller|Cresselia, F, shiny|100/100
|move|p2a: Slowking|Sludge Bomb|p1a: Miller
|-damage|p1a: Miller|73/100
|-status|p1a: Miller|psn
|
|-damage|p1a: Miller|61/100 psn|[from] psn
|upkeep
|turn|6
|
|t:|1769422017
|move|p2a: Slowking|Sludge Bomb|p1a: Miller
|-damage|p1a: Miller|34/100 psn
|move|p1a: Miller|Trick Room|p1a: Miller
|-fieldstart|move: Trick Room|[of] p1a: Miller
|
|-damage|p1a: Miller|22/100 psn|[from] psn
|upkeep
|turn|7
|
|t:|1769422020
|switch|p1a: Mann|Ursaluna, M|100/100
|move|p2a: Slowking|Sludge Bomb|p1a: Mann
|-resisted|p1a: Mann
|-damage|p1a: Mann|81/100
|
|-status|p1a: Mann|brn|[from] item: Flame Orb
|upkeep
|turn|8
|
|t:|1769422029
|switch|p2a: Mandibuzz|Mandibuzz, F|100/100
|move|p1a: Mann|Facade|p2a: Mandibuzz
|-damage|p2a: Mandibuzz|25/100
|
|-damage|p1a: Mann|75/100 brn|[from] brn
|upkeep
|turn|9
|
|t:|1769422037
|move|p1a: Mann|Fire Punch|p2a: Mandibuzz
|-damage|p2a: Mandibuzz|0 fnt
|faint|p2a: Mandibuzz
|
|-damage|p1a: Mann|69/100 brn|[from] brn
|upkeep
|
|t:|1769422040
|switch|p2a: Great Tusk|Great Tusk|100/100
|-enditem|p2a: Great Tusk|Booster Energy
|-activate|p2a: Great Tusk|ability: Protosynthesis|[fromitem]
|-start|p2a: Great Tusk|protosynthesisatk
|turn|10
|
|t:|1769422050
|move|p1a: Mann|Facade|p2a: Great Tusk
|-damage|p2a: Great Tusk|1/100
|move|p2a: Great Tusk|Ice Spinner|p1a: Mann
|-supereffective|p1a: Mann
|-damage|p1a: Mann|13/100 brn
|
|-damage|p1a: Mann|7/100 brn|[from] brn
|-fieldend|move: Trick Room
|upkeep
|turn|11
|
|t:|1769422065
|switch|p1a: Miller|Cresselia, F, shiny|22/100 psn
|move|p2a: Great Tusk|Stealth Rock|p1a: Miller
|-sidestart|p1: Zetious|move: Stealth Rock
|
|-damage|p1a: Miller|9/100 psn|[from] psn
|upkeep
|turn|12
|
|t:|1769422071
|move|p2a: Great Tusk|Ice Spinner|p1a: Miller
|-damage|p1a: Miller|0 fnt
|faint|p1a: Miller
|
|upkeep
|
|t:|1769422078
|switch|p1a: Brand|Hatterene, F, shiny|73/100
|-damage|p1a: Brand|61/100|[from] Stealth Rock
|turn|13
|
|t:|1769422098
|move|p2a: Great Tusk|Headlong Rush|p1a: Brand
|-damage|p1a: Brand|0 fnt
|-unboost|p2a: Great Tusk|def|1
|-unboost|p2a: Great Tusk|spd|1
|faint|p1a: Brand
|
|upkeep
|
|t:|1769422101
|switch|p1a: TARS|Porygon2, tera:Ground|100/100
|-damage|p1a: TARS|94/100|[from] Stealth Rock
|-ability|p1a: TARS|Download|boost
|-boost|p1a: TARS|spa|1
|turn|14
|
|t:|1769422107
|move|p2a: Great Tusk|Ice Spinner|p1a: TARS
|-supereffective|p1a: TARS
|-damage|p1a: TARS|44/100
|move|p1a: TARS|Trick Room|p1a: TARS
|-fieldstart|move: Trick Room|[of] p1a: TARS
|
|upkeep
|turn|15
|
|t:|1769422112
|-end|p2a: Great Tusk|Protosynthesis|[silent]
|switch|p2a: Slowking|Slowking-Galar, M|100/100
|move|p1a: TARS|Ice Beam|p2a: Slowking
|-damage|p2a: Slowking|79/100
|
|upkeep
|turn|16
|
|t:|1769422125
|-terastallize|p2a: Slowking|Grass
|move|p2a: Slowking|Ice Beam|p1a: TARS
|-supereffective|p1a: TARS
|-damage|p1a: TARS|8/100
|move|p1a: TARS|Tera Blast|p2a: Slowking|[anim] Tera Blast Ground
|-resisted|p2a: Slowking
|-damage|p2a: Slowking|65/100
|
|upkeep
|turn|17
|
|t:|1769422132
|move|p2a: Slowking|Sludge Bomb|p1a: TARS
|-resisted|p1a: TARS
|-damage|p1a: TARS|0 fnt
|faint|p1a: TARS
|
|upkeep
|
|t:|1769422138
|switch|p1a: Saturn|Volcanion|100/100
|-damage|p1a: Saturn|76/100|[from] Stealth Rock
|turn|18
|
|t:|1769422143
|move|p2a: Slowking|Sludge Bomb|p1a: Saturn
|-damage|p1a: Saturn|33/100
|move|p1a: Saturn|Flamethrower|p2a: Slowking
|-supereffective|p2a: Slowking
|-damage|p2a: Slowking|0 fnt
|faint|p2a: Slowking
|
|-fieldend|move: Trick Room
|upkeep
|
|t:|1769422151
|switch|p2a: Great Tusk|Great Tusk|1/100
|turn|19
|
|t:|1769422154
|move|p2a: Great Tusk|Headlong Rush|p1a: Saturn
|-supereffective|p1a: Saturn
|-damage|p1a: Saturn|0 fnt
|-unboost|p2a: Great Tusk|def|1
|-unboost|p2a: Great Tusk|spd|1
|faint|p1a: Saturn
|
|upkeep
|
|t:|1769422160
|switch|p1a: CASE|Iron Hands|100/100
|-damage|p1a: CASE|94/100|[from] Stealth Rock
|-enditem|p1a: CASE|Booster Energy
|-activate|p1a: CASE|ability: Quark Drive|[fromitem]
|-start|p1a: CASE|quarkdriveatk
|turn|20
|
|t:|1769422162
|move|p2a: Great Tusk|Headlong Rush|p1a: CASE
|-supereffective|p1a: CASE
|-damage|p1a: CASE|15/100
|-unboost|p2a: Great Tusk|def|1
|-unboost|p2a: Great Tusk|spd|1
|move|p1a: CASE|Drain Punch|p2a: Great Tusk
|-damage|p2a: Great Tusk|0 fnt
|-heal|p1a: CASE|16/100|[from] drain|[of] p2a: Great Tusk
|faint|p2a: Great Tusk
|-end|p2a: Great Tusk|Protosynthesis|[silent]
|
|upkeep
|
|t:|1769422165
|switch|p2a: Iron Valiant|Iron Valiant, shiny|100/100
|turn|21
|c|☆TrentMercer|ez
|
|t:|1769422170
|move|p2a: Iron Valiant|Moonblast|p1a: CASE
|-supereffective|p1a: CASE
|-damage|p1a: CASE|0 fnt
|faint|p1a: CASE
|-end|p1a: CASE|Quark Drive|[silent]
|
|upkeep
|
|t:|1769422172
|switch|p1a: Mann|Ursaluna, M|7/100 brn
|-damage|p1a: Mann|1/100 brn|[from] Stealth Rock
|turn|22
|
|t:|1769422177
|move|p2a: Iron Valiant|Moonblast|p1a: Mann
|-damage|p1a: Mann|0 fnt
|faint|p1a: Mann
|
|win|TrentMercer
|raw|Zetious's rating: 1496 &rarr; <strong>1475</strong><br />(-21 for losing)
|raw|TrentMercer's rating: 1479 &rarr; <strong>1500</strong><br />(+21 for winning)
|l|☆Zetious
|player|p1|
|l|☆TrentMercer
|player|p2|
