|j|☆rekka auto
|j|☆Synergistic soul
|t:|1769371880
|gametype|singles
|player|p1|rekka auto|drayden|1525
|player|p2|Synergistic soul|gentleman-gen1|1549
|gen|9
|tier|[Gen 9] OU
|rated|
|rule|HP Percentage Mod: HP is shown in percentages
|rule|Endless Battle Clause: Forcing endless battles is banned
|rule|Species Clause: Limit one of each Pokémon
|rule|OHKO Clause: OHKO moves are banned
|rule|Evasion Items Clause: Evasion items are banned
|rule|Evasion Moves Clause: Evasion moves are banned
|rule|Evasion Abilities Clause: Evasion abilities are banned
|rule|Sleep Moves Clause: Sleep-inducing moves are banned
|clearpoke
|poke|p1|Grimmsnarl, M|
|poke|p1|Okidogi, M|
|poke|p1|Hatterene, F|
|poke|p1|Dragonite, M|
|poke|p1|Gholdengo|
|poke|p1|Scizor, M|
|poke|p2|Frosmoth, M|
|poke|p2|Cinccino, M|
|poke|p2|Incineroar, F|
|poke|p2|Weezing-Galar, M|
|poke|p2|Sinistcha|
|poke|p2|Alomomola, F|
|teampreview
|inactive|Battle timer is ON: inactive players will automatically lose when time's up. (requested by Synergistic soul)
|inactive|rekka auto also wants the timer to be on.
|
|t:|1769371900
|teamsize|p1|6
|teamsize|p2|6
|start
|switch|p1a: Grimmsnarl|Grimmsnarl, M|100/100
|switch|p2a: Incineroar|Incineroar, F|100/100
|-ability|p2a: Incineroar|Intimidate|boost
|-unboost|p1a: Grimmsnarl|atk|1
|turn|1
|inactive|rekka auto has 120 seconds left.
|
|t:|1769371952
|switch|p1a: Hatterene|Hatterene, F|100/100
|move|p2a: Incineroar|Will-O-Wisp|p1a: Hatterene
|move|p1a: Hatterene|Will-O-Wisp|p2a: Incineroar|[from] ability: Magic Bounce
|-immune|p2a: Incineroar
|
|upkeep
|turn|2
|
|t:|1769371957
|move|p2a: Incineroar|Parting Shot|p1a: Hatterene
|move|p1a: Hatterene|Parting Shot|p2a: Incineroar|[from] ability: Magic Bounce
|-unboost|p2a: Incineroar|atk|1
|-unboost|p2a: Incineroar|spa|1
|
|t:|1769371964
|switch|p1a: Dragonite|Dragonite, M|100/100|[from] Parting Shot
|
|upkeep
|turn|3
|
|t:|1769371976
|switch|p1a: Hatterene|Hatterene, F|100/100
|move|p2a: Incineroar|Will-O-Wisp|p1a: Hatterene
|move|p1a: Hatterene|Will-O-Wisp|p2a: Incineroar|[from] ability: Magic Bounce
|-immune|p2a: Incineroar
|
|upkeep
|turn|4
|
|t:|1769371981
|move|p2a: Incineroar|Parting Shot|p1a: Hatterene
|move|p1a: Hatterene|Parting Shot|p2a: Incineroar|[from] ability: Magic Bounce
|-unboost|p2a: Incineroar|atk|1
|-unboost|p2a: Incineroar|spa|1
|
|t:|1769371994
|switch|p1a: Okidogi|Okidogi, M|100/100|[from] Parting Shot
|
|upkeep
|turn|5
|
|t:|1769372001
|switch|p1a: Hatterene|Hatterene, F|100/100
|switch|p2a: Weezing|Weezing-Galar, M|100/100
|-ability|p2a: Weezing|Neutralizing Gas
|
|upkeep
|turn|6
|inactive|rekka auto has 120 seconds left.
|
|t:|1769372012
|move|p2a: Weezing|Toxic|p1a: Hatterene
|-status|p1a: Hatterene|tox
|move|p1a: Hatterene|Nuzzle|p2a: Weezing
|-damage|p2a: Weezing|98/100
|-status|p2a: Weezing|par
|
|-damage|p1a: Hatterene|95/100 tox|[from] psn
|upkeep
|turn|7
|
|t:|1769372021
|-end|p2a: Weezing|ability: Neutralizing Gas
|switch|p2a: Alomomola|Alomomola, F|100/100
|move|p1a: Hatterene|Calm Mind|p1a: Hatterene
|-boost|p1a: Hatterene|spa|1
|-boost|p1a: Hatterene|spd|1
|
|-heal|p1a: Hatterene|100/100 tox|[from] item: Leftovers
|-damage|p1a: Hatterene|89/100 tox|[from] psn
|upkeep
|turn|8
|
|t:|1769372026
|move|p1a: Hatterene|Nuzzle|p2a: Alomomola
|-supereffective|p2a: Alomomola
|-damage|p2a: Alomomola|96/100
|-status|p2a: Alomomola|par
|-damage|p1a: Hatterene|72/100 tox|[from] item: Rocky Helmet|[of] p2a: Alomomola
|move|p2a: Alomomola|Mirror Coat||[still]
|-fail|p2a: Alomomola
|
|-heal|p1a: Hatterene|78/100 tox|[from] item: Leftovers
|-damage|p1a: Hatterene|60/100 tox|[from] psn
|upkeep
|turn|9
|
|t:|1769372032
|switch|p1a: Grimmsnarl|Grimmsnarl, M|100/100
|move|p2a: Alomomola|Flip Turn|p1a: Grimmsnarl
|-damage|p1a: Grimmsnarl|86/100
|
|t:|1769372034
|switch|p2a: Incineroar|Incineroar, F|100/100|[from] Flip Turn
|-ability|p2a: Incineroar|Intimidate|boost
|-unboost|p1a: Grimmsnarl|atk|1
|
|upkeep
|turn|10
|
|t:|1769372037
|switch|p1a: Hatterene|Hatterene, F|60/100 tox
|move|p2a: Incineroar|Knock Off|p1a: Hatterene
|-damage|p1a: Hatterene|28/100 tox
|-enditem|p1a: Hatterene|Leftovers|[from] move: Knock Off|[of] p2a: Incineroar
|
|-damage|p1a: Hatterene|22/100 tox|[from] psn
|upkeep
|turn|11
|
|t:|1769372044
|move|p2a: Incineroar|Flare Blitz|p1a: Hatterene
|-damage|p1a: Hatterene|0 fnt
|faint|p1a: Hatterene
|-damage|p2a: Incineroar|95/100|[from] Recoil
|
|upkeep
|
|t:|1769372069
|switch|p1a: Dragonite|Dragonite, M|100/100
|turn|12
|
|t:|1769372076
|-terastallize|p1a: Dragonite|Fire
|move|p1a: Dragonite|Dragon Dance|p1a: Dragonite
|-boost|p1a: Dragonite|atk|1
|-boost|p1a: Dragonite|spe|1
|move|p2a: Incineroar|Will-O-Wisp|p1a: Dragonite
|-immune|p1a: Dragonite
|
|upkeep
|turn|13
|
|t:|1769372082
|switch|p2a: Alomomola|Alomomola, F|100/100 par
|move|p1a: Dragonite|Encore||[still]
|-fail|p1a: Dragonite
|
|upkeep
|turn|14
|
|t:|1769372084
|move|p1a: Dragonite|Dragon Dance|p1a: Dragonite
|-boost|p1a: Dragonite|atk|1
|-boost|p1a: Dragonite|spe|1
|move|p2a: Alomomola|Flip Turn|p1a: Dragonite
|-supereffective|p1a: Dragonite
|-damage|p1a: Dragonite|83/100
|
|t:|1769372086
|switch|p2a: Weezing|Weezing-Galar, M|98/100 par|[from] Flip Turn
|-ability|p2a: Weezing|Neutralizing Gas
|
|upkeep
|turn|15
|
|t:|1769372091
|move|p1a: Dragonite|Fire Punch|p2a: Weezing
|-damage|p2a: Weezing|39/100 par
|move|p2a: Weezing|Toxic|p1a: Dragonite
|-status|p1a: Dragonite|tox
|
|-damage|p1a: Dragonite|77/100 tox|[from] psn
|upkeep
|turn|16
|
|t:|1769372097
|-end|p2a: Weezing|ability: Neutralizing Gas
|switch|p2a: Alomomola|Alomomola, F|100/100 par
|move|p1a: Dragonite|Scale Shot|p2a: Alomomola
|-damage|p2a: Alomomola|82/100 par
|-damage|p2a: Alomomola|62/100 par
|-damage|p2a: Alomomola|45/100 par
|-damage|p2a: Alomomola|27/100 par
|-damage|p2a: Alomomola|10/100 par
|-hitcount|p2a: Alomomola|5
|-unboost|p1a: Dragonite|def|1
|-boost|p1a: Dragonite|spe|1
|
|-damage|p1a: Dragonite|64/100 tox|[from] psn
|upkeep
|turn|17
|
|t:|1769372103
|switch|p2a: Incineroar|Incineroar, F|95/100
|-ability|p2a: Incineroar|Intimidate|boost
|-unboost|p1a: Dragonite|atk|1
|move|p1a: Dragonite|Fire Punch|p2a: Incineroar
|-resisted|p2a: Incineroar
|-damage|p2a: Incineroar|74/100
|
|-damage|p1a: Dragonite|46/100 tox|[from] psn
|upkeep
|turn|18
|
|t:|1769372124
|switch|p2a: Weezing|Weezing-Galar, M|39/100 par
|-ability|p2a: Weezing|Neutralizing Gas
|move|p1a: Dragonite|Dragon Dance|p1a: Dragonite
|-boost|p1a: Dragonite|atk|1
|-boost|p1a: Dragonite|spe|1
|
|-damage|p1a: Dragonite|21/100 tox|[from] psn
|upkeep
|turn|19
|
|t:|1769372129
|move|p1a: Dragonite|Fire Punch|p2a: Weezing
|-damage|p2a: Weezing|0 fnt
|faint|p2a: Weezing
|-end|p2a: Weezing|ability: Neutralizing Gas
|
|-damage|p1a: Dragonite|0 fnt|[from] psn
|faint|p1a: Dragonite
|upkeep
|
|t:|1769372141
|switch|p1a: Okidogi|Okidogi, M|100/100
|switch|p2a: Alomomola|Alomomola, F|43/100 par
|turn|20
|
|t:|1769372149
|move|p1a: Okidogi|Bulk Up|p1a: Okidogi
|-boost|p1a: Okidogi|atk|1
|-boost|p1a: Okidogi|def|1
|move|p2a: Alomomola|Flip Turn|p1a: Okidogi
|-damage|p1a: Okidogi|91/100
|
|t:|1769372151
|switch|p2a: Incineroar|Incineroar, F|74/100|[from] Flip Turn
|-ability|p2a: Incineroar|Intimidate|boost
|-ability|p1a: Okidogi|Guard Dog|boost
|-boost|p1a: Okidogi|atk|1
|
|-heal|p1a: Okidogi|97/100|[from] item: Leftovers
|upkeep
|turn|21
|
|t:|1769372165
|move|p1a: Okidogi|Drain Punch|p2a: Incineroar
|-supereffective|p2a: Incineroar
|-damage|p2a: Incineroar|0 fnt
|-heal|p1a: Okidogi|100/100|[from] drain|[of] p2a: Incineroar
|faint|p2a: Incineroar
|
|upkeep
|
|t:|1769372168
|switch|p2a: Sinistcha|Sinistcha|100/100
|turn|22
|
|t:|1769372176
|move|p1a: Okidogi|Knock Off|p2a: Sinistcha
|-supereffective|p2a: Sinistcha
|-enditem|p2a: Sinistcha|Colbur Berry|[eat]
|-enditem|p2a: Sinistcha|Colbur Berry|[weaken]
|-damage|p2a: Sinistcha|62/100
|move|p2a: Sinistcha|Strength Sap|p1a: Okidogi
|-unboost|p1a: Okidogi|atk|1
|-heal|p2a: Sinistcha|100/100
|
|upkeep
|turn|23
|
|t:|1769372186
|move|p1a: Okidogi|Bulk Up|p1a: Okidogi
|-boost|p1a: Okidogi|atk|1
|-boost|p1a: Okidogi|def|1
|move|p2a: Sinistcha|Scald|p1a: Okidogi
|-damage|p1a: Okidogi|83/100
|
|-heal|p1a: Okidogi|89/100|[from] item: Leftovers
|upkeep
|turn|24
|
|t:|1769372191
|move|p1a: Okidogi|Gunk Shot|p2a: Sinistcha
|-damage|p2a: Sinistcha|37/100
|-status|p2a: Sinistcha|psn
|move|p2a: Sinistcha|Strength Sap|p1a: Okidogi
|-unboost|p1a: Okidogi|atk|1
|-heal|p2a: Sinistcha|100/100 psn
|
|-heal|p1a: Okidogi|95/100|[from] item: Leftovers
|-damage|p2a: Sinistcha|88/100 psn|[from] psn
|upkeep
|turn|25
|
|t:|1769372195
|move|p1a: Okidogi|Bulk Up|p1a: Okidogi
|-boost|p1a: Okidogi|atk|1
|-boost|p1a: Okidogi|def|1
|move|p2a: Sinistcha|Strength Sap|p1a: Okidogi
|-unboost|p1a: Okidogi|atk|1
|-heal|p2a: Sinistcha|100/100 psn
|
|-heal|p1a: Okidogi|100/100|[from] item: Leftovers
|-damage|p2a: Sinistcha|88/100 psn|[from] psn
|upkeep
|turn|26
|
|t:|1769372199
|move|p1a: Okidogi|Bulk Up|p1a: Okidogi
|-boost|p1a: Okidogi|atk|1
|-boost|p1a: Okidogi|def|1
|move|p2a: Sinistcha|Strength Sap|p1a: Okidogi
|-unboost|p1a: Okidogi|atk|1
|-heal|p2a: Sinistcha|100/100 psn
|
|-damage|p2a: Sinistcha|88/100 psn|[from] psn
|upkeep
|turn|27
|
|t:|1769372201
|move|p1a: Okidogi|Bulk Up|p1a: Okidogi
|-boost|p1a: Okidogi|atk|1
|-boost|p1a: Okidogi|def|1
|move|p2a: Sinistcha|Strength Sap|p1a: Okidogi
|-unboost|p1a: Okidogi|atk|1
|-heal|p2a: Sinistcha|100/100 psn
|
|-damage|p2a: Sinistcha|88/100 psn|[from] psn
|upkeep
|turn|28
|
|t:|1769372205
|switch|p2a: Cinccino|Cinccino, M|100/100
|move|p1a: Okidogi|Bulk Up|p1a: Okidogi
|-boost|p1a: Okidogi|atk|1
|-boost|p1a: Okidogi|def|1
|
|upkeep
|turn|29
|
|t:|1769372208
|move|p2a: Cinccino|Encore|p1a: Okidogi
|-start|p1a: Okidogi|Encore
|move|p1a: Okidogi|Bulk Up|p1a: Okidogi
|-boost|p1a: Okidogi|atk|1
|-boost|p1a: Okidogi|def|0
|
|upkeep
|turn|30
|
|t:|1769372212
|move|p2a: Cinccino|Tail Slap|p1a: Okidogi
|-damage|p1a: Okidogi|97/100
|-damage|p1a: Okidogi|94/100
|-damage|p1a: Okidogi|90/100
|-damage|p1a: Okidogi|87/100
|-hitcount|p1a: Okidogi|4
|move|p1a: Okidogi|Bulk Up|p1a: Okidogi
|-boost|p1a: Okidogi|atk|1
|-boost|p1a: Okidogi|def|0
|
|-heal|p1a: Okidogi|93/100|[from] item: Leftovers
|upkeep
|turn|31
|
|t:|1769372217
|move|p2a: Cinccino|Tidy Up|p2a: Cinccino
|-boost|p2a: Cinccino|atk|1
|-boost|p2a: Cinccino|spe|1
|move|p1a: Okidogi|Bulk Up|p1a: Okidogi
|-boost|p1a: Okidogi|atk|1
|-boost|p1a: Okidogi|def|0
|
|-heal|p1a: Okidogi|99/100|[from] item: Leftovers
|-end|p1a: Okidogi|Encore
|upkeep
|turn|32
|
|t:|1769372224
|switch|p1a: Grimmsnarl|Grimmsnarl, M|86/100
|move|p2a: Cinccino|Encore||[still]
|-fail|p2a: Cinccino
|
|upkeep
|turn|33
|
|t:|1769372227
|move|p1a: Grimmsnarl|Reflect|p1a: Grimmsnarl
|-sidestart|p1: rekka auto|Reflect
|move|p2a: Cinccino|Tail Slap|p1a: Grimmsnarl
|-damage|p1a: Grimmsnarl|77/100
|-damage|p1a: Grimmsnarl|67/100
|-damage|p1a: Grimmsnarl|58/100
|-damage|p1a: Grimmsnarl|48/100
|-hitcount|p1a: Grimmsnarl|4
|
|upkeep
|turn|34
|
|t:|1769372241
|move|p1a: Grimmsnarl|Parting Shot|p2a: Cinccino
|-unboost|p2a: Cinccino|atk|1
|-unboost|p2a: Cinccino|spa|1
|
|t:|1769372243
|switch|p1a: Gholdengo|Gholdengo|100/100|[from] Parting Shot
|move|p2a: Cinccino|Tidy Up|p2a: Cinccino
|-boost|p2a: Cinccino|atk|1
|-boost|p2a: Cinccino|spe|1
|
|upkeep
|turn|35
|
|t:|1769372251
|switch|p2a: Alomomola|Alomomola, F|76/100 par
|move|p1a: Gholdengo|Nasty Plot|p1a: Gholdengo
|-boost|p1a: Gholdengo|spa|2
|
|upkeep
|turn|36
|
|t:|1769372256
|move|p1a: Gholdengo|Nasty Plot|p1a: Gholdengo
|-boost|p1a: Gholdengo|spa|2
|move|p2a: Alomomola|Flip Turn|p1a: Gholdengo
|-damage|p1a: Gholdengo|95/100
|
|t:|1769372260
|switch|p2a: Frosmoth|Frosmoth, M|100/100|[from] Flip Turn
|
|upkeep
|turn|37
|
|t:|1769372274
|-terastallize|p2a: Frosmoth|Electric
|move|p1a: Gholdengo|Shadow Ball|p2a: Frosmoth
|-damage|p2a: Frosmoth|58/100
|move|p2a: Frosmoth|Quiver Dance|p2a: Frosmoth
|-boost|p2a: Frosmoth|spa|1
|-boost|p2a: Frosmoth|spd|1
|-boost|p2a: Frosmoth|spe|1
|
|-heal|p2a: Frosmoth|64/100|[from] item: Leftovers
|upkeep
|turn|38
|
|t:|1769372278
|move|p2a: Frosmoth|Quiver Dance|p2a: Frosmoth
|-boost|p2a: Frosmoth|spa|1
|-boost|p2a: Frosmoth|spd|1
|-boost|p2a: Frosmoth|spe|1
|move|p1a: Gholdengo|Shadow Ball|p2a: Frosmoth
|-damage|p2a: Frosmoth|43/100
|
|-heal|p2a: Frosmoth|49/100|[from] item: Leftovers
|upkeep
|turn|39
|
|t:|1769372285
|move|p2a: Frosmoth|Substitute|p2a: Frosmoth
|-start|p2a: Frosmoth|Substitute
|-damage|p2a: Frosmoth|25/100
|move|p1a: Gholdengo|Shadow Ball|p2a: Frosmoth
|-activate|p2a: Frosmoth|move: Substitute|[damage]
|
|-heal|p2a: Frosmoth|31/100|[from] item: Leftovers
|upkeep
|turn|40
|
|t:|1769372291
|move|p2a: Frosmoth|Quiver Dance|p2a: Frosmoth
|-boost|p2a: Frosmoth|spa|1
|-boost|p2a: Frosmoth|spd|1
|-boost|p2a: Frosmoth|spe|1
|move|p1a: Gholdengo|Shadow Ball|p2a: Frosmoth
|-end|p2a: Frosmoth|Substitute
|
|-heal|p2a: Frosmoth|37/100|[from] item: Leftovers
|-sideend|p1: rekka auto|Reflect
|upkeep
|turn|41
|
|t:|1769372294
|switch|p1a: Grimmsnarl|Grimmsnarl, M|48/100
|move|p2a: Frosmoth|Substitute|p2a: Frosmoth
|-start|p2a: Frosmoth|Substitute
|-damage|p2a: Frosmoth|12/100
|
|-heal|p2a: Frosmoth|18/100|[from] item: Leftovers
|upkeep
|turn|42
|
|t:|1769372298
|move|p1a: Grimmsnarl|Light Screen|p1a: Grimmsnarl
|-sidestart|p1: rekka auto|move: Light Screen
|move|p2a: Frosmoth|Ice Beam|p1a: Grimmsnarl
|-damage|p1a: Grimmsnarl|0 fnt
|faint|p1a: Grimmsnarl
|
|-heal|p2a: Frosmoth|24/100|[from] item: Leftovers
|upkeep
|
|t:|1769372302
|switch|p1a: Scizor|Scizor, M|100/100
|turn|43
|
|t:|1769372306
|move|p2a: Frosmoth|Tera Blast|p1a: Scizor|[anim] Tera Blast Electric
|-crit|p1a: Scizor
|-damage|p1a: Scizor|0 fnt
|faint|p1a: Scizor
|
|-heal|p2a: Frosmoth|31/100|[from] item: Leftovers
|upkeep
|-message|rekka auto forfeited.
|
|win|Synergistic soul
|raw|rekka auto's rating: 1525 &rarr; <strong>1506</strong><br />(-19 for losing)
|raw|Synergistic soul's rating: 1549 &rarr; <strong>1568</strong><br />(+19 for winning)
|l|☆rekka auto
|player|p1|
|l|☆Synergistic soul
|player|p2|
