|j|☆lovrdu94
|j|☆qwp1027
|t:|1769323994
|gametype|singles
|player|p1|lovrdu94|265|1317
|player|p2|qwp1027|gloria-league|1328
|gen|9
|tier|[Gen 9] OU
|rated|
|rule|HP Percentage Mod: HP is shown in percentages
|rule|Endless Battle Clause: Forcing endless battles is banned
|rule|Species Clause: Limit one of each Pokémon
|rule|OHKO Clause: OHKO moves are banned
|rule|Evasion Items Clause: Evasion items are banned
|rule|Evasion Moves Clause: Evasion moves are banned
|rule|Evasion Abilities Clause: Evasion abilities are banned
|rule|Sleep Moves Clause: Sleep-inducing moves are banned
|clearpoke
|poke|p1|Vaporeon, M|
|poke|p1|Diancie|
|poke|p1|Ursaluna, F|
|poke|p1|Mandibuzz, F|
|poke|p1|Armarouge, F|
|poke|p1|Tinkaton, F|
|poke|p2|Deoxys-Speed|
|poke|p2|Ceruledge, F|
|poke|p2|Zamazenta-*|
|poke|p2|Moltres-Galar|
|poke|p2|Glimmora, F|
|poke|p2|Ogerpon-Wellspring, F|
|teampreview
|inactive|Battle timer is ON: inactive players will automatically lose when time's up. (requested by qwp1027)
|
|t:|1769324003
|teamsize|p1|6
|teamsize|p2|6
|start
|switch|p1a: Aurasphere|Armarouge, F|100/100
|switch|p2a: Deoxys|Deoxys-Speed|100/100
|-ability|p2a: Deoxys|Pressure
|turn|1
|
|t:|1769324009
|move|p2a: Deoxys|Light Screen|p2a: Deoxys
|-sidestart|p2: qwp1027|move: Light Screen
|move|p1a: Aurasphere|Armor Cannon|p2a: Deoxys
|-damage|p2a: Deoxys|59/100
|-unboost|p1a: Aurasphere|def|1
|-unboost|p1a: Aurasphere|spd|1
|
|upkeep
|turn|2
|
|t:|1769324016
|move|p2a: Deoxys|Reflect|p2a: Deoxys
|-sidestart|p2: qwp1027|Reflect
|move|p1a: Aurasphere|Armor Cannon|p2a: Deoxys
|-damage|p2a: Deoxys|18/100
|-unboost|p1a: Aurasphere|def|1
|-unboost|p1a: Aurasphere|spd|1
|
|upkeep
|turn|3
|
|t:|1769324025
|switch|p2a: Ogerpon|Ogerpon-Wellspring, F|100/100
|move|p1a: Aurasphere|Armor Cannon|p2a: Ogerpon
|-damage|p2a: Ogerpon|61/100
|-unboost|p1a: Aurasphere|def|1
|-unboost|p1a: Aurasphere|spd|1
|
|upkeep
|turn|4
|
|t:|1769324030
|move|p2a: Ogerpon|U-turn|p1a: Aurasphere
|-damage|p1a: Aurasphere|27/100
|-ability|p1a: Aurasphere|Weak Armor|boost
|-unboost|p1a: Aurasphere|def|1
|-boost|p1a: Aurasphere|spe|2
|
|t:|1769324036
|switch|p2a: Glimmora|Glimmora, F|100/100|[from] U-turn
|move|p1a: Aurasphere|Armor Cannon|p2a: Glimmora
|-resisted|p2a: Glimmora
|-damage|p2a: Glimmora|80/100
|-unboost|p1a: Aurasphere|def|1
|-unboost|p1a: Aurasphere|spd|1
|
|upkeep
|turn|5
|
|t:|1769324043
|move|p1a: Aurasphere|Psyshock|p2a: Glimmora
|-supereffective|p2a: Glimmora
|-damage|p2a: Glimmora|32/100
|move|p2a: Glimmora|Sludge Wave|p1a: Aurasphere
|-damage|p1a: Aurasphere|0 fnt
|faint|p1a: Aurasphere
|
|upkeep
|
|t:|1769324047
|switch|p1a: Toxic|Vaporeon, M|100/100
|turn|6
|l|☆lovrdu94
|inactive|lovrdu94 disconnected and has a minute to reconnect!
|player|p1|
|j|☆lovrdu94
|inactive|lovrdu94 reconnected and has 125 seconds left.
|player|p1|lovrdu94|265|
|inactive|lovrdu94 has 120 seconds left.
|
|t:|1769324078
|switch|p2a: Ogerpon|Ogerpon-Wellspring, F|61/100
|move|p1a: Toxic|Scald|p2a: Ogerpon
|-heal|p2a: Ogerpon|86/100|[from] ability: Water Absorb|[of] p1a: Toxic
|
|upkeep
|turn|7
|
|t:|1769324084
|switch|p1a: U turn|Mandibuzz, F|100/100
|move|p2a: Ogerpon|Wood Hammer|p1a: U turn
|-resisted|p1a: U turn
|-damage|p1a: U turn|82/100
|-damage|p2a: Ogerpon|69/100|[from] item: Rocky Helmet|[of] p1a: U turn
|-damage|p2a: Ogerpon|60/100|[from] Recoil
|
|upkeep
|turn|8
|
|t:|1769324093
|move|p2a: Ogerpon|U-turn|p1a: U turn
|-damage|p1a: U turn|65/100
|-damage|p2a: Ogerpon|44/100|[from] item: Rocky Helmet|[of] p1a: U turn
|
|t:|1769324097
|switch|p2a: Ceruledge|Ceruledge, F, shiny|100/100|[from] U-turn
|move|p1a: U turn|Foul Play|p2a: Ceruledge
|-supereffective|p2a: Ceruledge
|-damage|p2a: Ceruledge|33/100
|-ability|p2a: Ceruledge|Weak Armor|boost
|-unboost|p2a: Ceruledge|def|1
|-boost|p2a: Ceruledge|spe|2
|
|-sideend|p2: qwp1027|move: Light Screen
|upkeep
|turn|9
|
|t:|1769324104
|move|p2a: Ceruledge|Close Combat|p1a: U turn
|-damage|p1a: U turn|34/100
|-unboost|p2a: Ceruledge|def|1
|-unboost|p2a: Ceruledge|spd|1
|-damage|p2a: Ceruledge|17/100|[from] item: Rocky Helmet|[of] p1a: U turn
|-damage|p2a: Ceruledge|7/100|[from] item: Life Orb
|move|p1a: U turn|Foul Play|p2a: Ceruledge
|-supereffective|p2a: Ceruledge
|-damage|p2a: Ceruledge|0 fnt
|faint|p2a: Ceruledge
|
|-sideend|p2: qwp1027|Reflect
|upkeep
|
|t:|1769324109
|switch|p2a: Ogerpon|Ogerpon-Wellspring, F|44/100
|turn|10
|
|t:|1769324113
|move|p2a: Ogerpon|Ivy Cudgel|p1a: U turn|[anim] Ivy Cudgel Water
|-damage|p1a: U turn|0 fnt
|faint|p1a: U turn
|
|upkeep
|
|t:|1769324137
|switch|p1a: Toxic|Vaporeon, M|100/100
|turn|11
|
|t:|1769324140
|-terastallize|p1a: Toxic|Poison
|move|p2a: Ogerpon|Wood Hammer|p1a: Toxic
|-resisted|p1a: Toxic
|-damage|p1a: Toxic|61/100
|-damage|p2a: Ogerpon|24/100|[from] Recoil
|move|p1a: Toxic|Acid Armor|p1a: Toxic
|-boost|p1a: Toxic|def|2
|
|-heal|p1a: Toxic|68/100|[from] item: Leftovers
|upkeep
|turn|12
|
|t:|1769324146
|move|p2a: Ogerpon|U-turn|p1a: Toxic
|-resisted|p1a: Toxic
|-damage|p1a: Toxic|59/100
|
|t:|1769324150
|switch|p2a: Glimmora|Glimmora, F|32/100|[from] U-turn
|move|p1a: Toxic|Calm Mind|p1a: Toxic
|-boost|p1a: Toxic|spa|1
|-boost|p1a: Toxic|spd|1
|
|-heal|p1a: Toxic|66/100|[from] item: Leftovers
|upkeep
|turn|13
|
|t:|1769324156
|move|p2a: Glimmora|Stealth Rock|p1a: Toxic
|-sidestart|p1: lovrdu94|move: Stealth Rock
|move|p1a: Toxic|Scald|p2a: Glimmora
|-supereffective|p2a: Glimmora
|-damage|p2a: Glimmora|0 fnt
|faint|p2a: Glimmora
|
|-heal|p1a: Toxic|72/100|[from] item: Leftovers
|upkeep
|
|t:|1769324158
|switch|p2a: Deoxys|Deoxys-Speed|18/100
|-ability|p2a: Deoxys|Pressure
|turn|14
|
|t:|1769324160
|move|p2a: Deoxys|Psycho Boost|p1a: Toxic
|-supereffective|p1a: Toxic
|-damage|p1a: Toxic|34/100
|-unboost|p2a: Deoxys|spa|2
|move|p1a: Toxic|Scald|p2a: Deoxys
|-damage|p2a: Deoxys|0 fnt
|faint|p2a: Deoxys
|
|-heal|p1a: Toxic|41/100|[from] item: Leftovers
|upkeep
|
|t:|1769324166
|switch|p2a: Zamazenta|Zamazenta, shiny|100/100
|-ability|p2a: Zamazenta|Dauntless Shield|boost
|-boost|p2a: Zamazenta|def|1
|turn|15
|
|t:|1769324169
|move|p1a: Toxic|Stored Power|p2a: Zamazenta
|-supereffective|p2a: Zamazenta
|-damage|p2a: Zamazenta|27/100
|move|p2a: Zamazenta|Roar|p1a: Toxic
|drag|p1a: Stealth Rock|Diancie|100/100
|-damage|p1a: Stealth Rock|88/100|[from] Stealth Rock
|
|-heal|p2a: Zamazenta|33/100|[from] item: Leftovers
|upkeep
|turn|16
|
|t:|1769324174
|move|p2a: Zamazenta|Heavy Slam|p1a: Stealth Rock
|-supereffective|p1a: Stealth Rock
|-damage|p1a: Stealth Rock|0 fnt
|faint|p1a: Stealth Rock
|
|-heal|p2a: Zamazenta|39/100|[from] item: Leftovers
|upkeep
|
|t:|1769324183
|switch|p1a: Toxic|Vaporeon, M, tera:Poison|41/100
|-damage|p1a: Toxic|28/100|[from] Stealth Rock
|turn|17
|
|t:|1769324191
|move|p2a: Zamazenta|Body Press|p1a: Toxic
|-resisted|p1a: Toxic
|-damage|p1a: Toxic|1/100
|move|p1a: Toxic|Scald|p2a: Zamazenta
|-damage|p2a: Zamazenta|12/100
|-status|p2a: Zamazenta|brn
|
|-heal|p2a: Zamazenta|18/100 brn|[from] item: Leftovers
|-heal|p1a: Toxic|7/100|[from] item: Leftovers
|-damage|p2a: Zamazenta|12/100 brn|[from] brn
|upkeep
|turn|18
|
|t:|1769324199
|switch|p2a: Ogerpon|Ogerpon-Wellspring, F|24/100
|move|p1a: Toxic|Acid Armor|p1a: Toxic
|-boost|p1a: Toxic|def|2
|
|-heal|p1a: Toxic|13/100|[from] item: Leftovers
|upkeep
|turn|19
|
|t:|1769324204
|-terastallize|p2a: Ogerpon|Water
|detailschange|p2a: Ogerpon|Ogerpon-Wellspring-Tera, F, tera:Water
|-ability|p2a: Ogerpon|Embody Aspect (Wellspring)|boost
|-boost|p2a: Ogerpon|spd|1
|move|p2a: Ogerpon|Ivy Cudgel|p1a: Toxic|[anim] Ivy Cudgel Water
|-heal|p1a: Toxic|38/100|[from] ability: Water Absorb|[of] p2a: Ogerpon
|move|p1a: Toxic|Stored Power|p2a: Ogerpon
|-damage|p2a: Ogerpon|11/100
|
|-heal|p1a: Toxic|45/100|[from] item: Leftovers
|upkeep
|turn|20
|-message|qwp1027 forfeited.
|
|win|lovrdu94
|raw|lovrdu94's rating: 1317 &rarr; <strong>1338</strong><br />(+21 for winning)
|raw|qwp1027's rating: 1328 &rarr; <strong>1307</strong><br />(-21 for losing)
|l|☆qwp1027
|player|p2|
|l|☆lovrdu94
|player|p1|
