|j|☆Gambix
|j|☆LilacTRW
|t:|1769412223
|gametype|singles
|player|p1|Gambix|blackbelt|1271
|player|p2|LilacTRW|doubleteam|1264
|gen|9
|tier|[Gen 9] OU
|rated|
|rule|HP Percentage Mod: HP is shown in percentages
|rule|Endless Battle Clause: Forcing endless battles is banned
|rule|Species Clause: Limit one of each Pokémon
|rule|OHKO Clause: OHKO moves are banned
|rule|Evasion Items Clause: Evasion items are banned
|rule|Evasion Moves Clause: Evasion moves are banned
|rule|Evasion Abilities Clause: Evasion abilities are banned
|rule|Sleep Moves Clause: Sleep-inducing moves are banned
|clearpoke
|poke|p1|Garganacl, F|
|poke|p1|Gholdengo|
|poke|p1|Great Tusk|
|poke|p1|Gliscor, M|
|poke|p1|Dragapult, F|
|poke|p1|Kingambit, M|
|poke|p2|Slowking-Galar, F|
|poke|p2|Ursaluna, F|
|poke|p2|Cinderace, F|
|poke|p2|Ogerpon-Wellspring, F|
|poke|p2|Dragonite, M|
|poke|p2|Armarouge, M|
|teampreview
|
|t:|1769412241
|teamsize|p1|6
|teamsize|p2|6
|start
|switch|p1a: Great Tusk|Great Tusk, shiny|100/100
|switch|p2a: ivy cuckold|Ogerpon-Wellspring, F|100/100
|turn|1
|
|t:|1769412255
|move|p2a: ivy cuckold|Ivy Cudgel|p1a: Great Tusk|[anim] Ivy Cudgel Water
|-supereffective|p1a: Great Tusk
|-damage|p1a: Great Tusk|49/100
|move|p1a: Great Tusk|Stealth Rock|p2a: ivy cuckold
|-sidestart|p2: LilacTRW|move: Stealth Rock
|
|upkeep
|turn|2
|
|t:|1769412275
|move|p2a: ivy cuckold|Ivy Cudgel|p1a: Great Tusk|[anim] Ivy Cudgel Water
|-supereffective|p1a: Great Tusk
|-damage|p1a: Great Tusk|0 fnt
|faint|p1a: Great Tusk
|-end|p1a: Great Tusk|Protosynthesis|[silent]
|
|upkeep
|inactive|Battle timer is ON: inactive players will automatically lose when time's up. (requested by LilacTRW)
|inactive|Gambix has 120 seconds left.
|inactive|Gambix has 90 seconds left.
|
|t:|1769412353
|switch|p1a: Gliscor|Gliscor, M|100/100
|turn|3
|
|t:|1769412382
|switch|p2a: ket fein|Slowking-Galar, F|100/100
|-damage|p2a: ket fein|88/100|[from] Stealth Rock
|move|p1a: Gliscor|Spikes|p2a: ket fein
|-sidestart|p2: LilacTRW|Spikes
|
|-status|p1a: Gliscor|tox|[from] item: Toxic Orb
|upkeep
|turn|4
|
|t:|1769412403
|move|p1a: Gliscor|Spikes|p2a: ket fein
|-sidestart|p2: LilacTRW|Spikes
|move|p2a: ket fein|Trick Room|p2a: ket fein
|-fieldstart|move: Trick Room|[of] p2a: ket fein
|
|upkeep
|turn|5
|inactive|LilacTRW has 120 seconds left.
|inactive|LilacTRW has 90 seconds left.
|
|t:|1769412481
|move|p1a: Gliscor|Earthquake|p2a: ket fein
|-supereffective|p2a: ket fein
|-damage|p2a: ket fein|25/100
|-prepare|p2a: ket fein|Chilly Reception|[premajor]
|move|p2a: ket fein|Chilly Reception|p2a: ket fein
|-weather|Snowscape
|
|t:|1769412486
|switch|p2a: triple axel victim|Dragonite, M|100/100|[from] Chilly Reception
|-damage|p2a: triple axel victim|76/100|[from] Stealth Rock
|
|-weather|Snowscape|[upkeep]
|-heal|p2a: triple axel victim|82/100|[from] item: Leftovers
|upkeep
|turn|6
|
|t:|1769412495
|move|p2a: triple axel victim|Blizzard|p1a: Gliscor
|-supereffective|p1a: Gliscor
|-damage|p1a: Gliscor|0 fnt
|faint|p1a: Gliscor
|
|-weather|Snowscape|[upkeep]
|-heal|p2a: triple axel victim|88/100|[from] item: Leftovers
|upkeep
|
|t:|1769412504
|switch|p1a: Kingambit|Kingambit, M, shiny|100/100
|-activate|p1a: Kingambit|ability: Supreme Overlord
|-start|p1a: Kingambit|fallen2|[silent]
|turn|7
|inactive|LilacTRW has 60 seconds left.
|
|t:|1769412536
|switch|p2a: trick room crutch|Ursaluna, F|100/100
|-damage|p2a: trick room crutch|94/100|[from] Stealth Rock
|-damage|p2a: trick room crutch|78/100|[from] Spikes
|move|p1a: Kingambit|Swords Dance|p1a: Kingambit
|-boost|p1a: Kingambit|atk|2
|
|-weather|Snowscape|[upkeep]
|-status|p2a: trick room crutch|brn|[from] item: Flame Orb
|upkeep
|turn|8
|inactive|LilacTRW has 60 seconds left.
|
|t:|1769412552
|-terastallize|p1a: Kingambit|Dark
|move|p2a: trick room crutch|Headlong Rush|p1a: Kingambit
|-damage|p1a: Kingambit|15/100
|-unboost|p2a: trick room crutch|def|1
|-unboost|p2a: trick room crutch|spd|1
|move|p1a: Kingambit|Kowtow Cleave|p2a: trick room crutch
|-damage|p2a: trick room crutch|0 fnt
|faint|p2a: trick room crutch
|
|-weather|Snowscape|[upkeep]
|-fieldend|move: Trick Room
|upkeep
|
|t:|1769412575
|switch|p2a: goober|Armarouge, M|100/100
|-damage|p2a: goober|76/100|[from] Stealth Rock
|-damage|p2a: goober|59/100|[from] Spikes
|turn|9
|
|t:|1769412581
|move|p2a: goober|Endure|p2a: goober
|-singleturn|p2a: goober|move: Endure
|move|p1a: Kingambit|Sucker Punch||[still]
|-fail|p1a: Kingambit
|
|-weather|none
|upkeep
|turn|10
|
|t:|1769412591
|switch|p2a: ket fein|Slowking-Galar, F|58/100
|-damage|p2a: ket fein|46/100|[from] Stealth Rock
|-damage|p2a: ket fein|29/100|[from] Spikes
|move|p1a: Kingambit|Sucker Punch||[still]
|-fail|p1a: Kingambit
|
|upkeep
|turn|11
|
|t:|1769412613
|move|p1a: Kingambit|Kowtow Cleave|p2a: ket fein
|-supereffective|p2a: ket fein
|-damage|p2a: ket fein|0 fnt
|faint|p2a: ket fein
|
|upkeep
|inactive|LilacTRW has 30 seconds left.
|inactive|LilacTRW has 20 seconds left.
|inactive|LilacTRW has 15 seconds left.
|inactive|LilacTRW has 10 seconds left.
|inactive|LilacTRW has 5 seconds left.
|
|t:|1769412652
|switch|p2a: triple axel victim|Dragonite, M|88/100
|-damage|p2a: triple axel victim|63/100|[from] Stealth Rock
|turn|12
|inactive|LilacTRW has 15 seconds left this turn.
|inactive|LilacTRW has 10 seconds left.
|
|t:|1769412672
|move|p1a: Kingambit|Sucker Punch||[still]
|-fail|p1a: Kingambit
|move|p2a: triple axel victim|Dragon Dance|p2a: triple axel victim
|-boost|p2a: triple axel victim|atk|1
|-boost|p2a: triple axel victim|spe|1
|
|-heal|p2a: triple axel victim|70/100|[from] item: Leftovers
|upkeep
|turn|13
|inactive|LilacTRW has 20 seconds left this turn.
|inactive|LilacTRW has 15 seconds left.
|
|t:|1769412680
|move|p2a: triple axel victim|Extreme Speed|p1a: Kingambit
|-damage|p1a: Kingambit|0 fnt
|faint|p1a: Kingambit
|-end|p1a: Kingambit|fallen2|[silent]
|
|-heal|p2a: triple axel victim|76/100|[from] item: Leftovers
|upkeep
|
|t:|1769412689
|switch|p1a: Gholdengo|Gholdengo|100/100
|-item|p1a: Gholdengo|Air Balloon
|turn|14
|inactive|LilacTRW has 30 seconds left this turn.
|
|t:|1769412697
|switch|p2a: encara messi|Cinderace, F|100/100
|move|p1a: Gholdengo|Make It Rain|p2a: encara messi
|-resisted|p2a: encara messi
|-damage|p2a: encara messi|53/100
|-unboost|p1a: Gholdengo|spa|1
|
|upkeep
|turn|15
|inactive|LilacTRW has 30 seconds left.
|
|t:|1769412705
|switch|p1a: Garganacl|Garganacl, F|100/100
|move|p2a: encara messi|Court Change|p2a: encara messi
|-start|p2a: encara messi|typechange|Normal|[from] ability: Libero
|-swapsideconditions
|-activate|p2a: encara messi|move: Court Change
|
|upkeep
|turn|16
|inactive|LilacTRW has 30 seconds left.
|
|t:|1769412716
|move|p2a: encara messi|U-turn|p1a: Garganacl
|-damage|p1a: Garganacl|85/100
|inactive|LilacTRW has 30 seconds left.
|
|t:|1769412722
|switch|p2a: goober|Armarouge, M|59/100|[from] U-turn
|move|p1a: Garganacl|Salt Cure|p2a: goober
|-supereffective|p2a: goober
|-damage|p2a: goober|28/100
|-start|p2a: goober|Salt Cure
|-ability|p2a: goober|Weak Armor|boost
|-unboost|p2a: goober|def|1
|-boost|p2a: goober|spe|2
|-enditem|p2a: goober|Weakness Policy
|-boost|p2a: goober|atk|2|[from] item: Weakness Policy
|-boost|p2a: goober|spa|2|[from] item: Weakness Policy
|
|-heal|p1a: Garganacl|91/100|[from] item: Leftovers
|-damage|p2a: goober|16/100|[from] Salt Cure
|upkeep
|turn|17
|inactive|LilacTRW has 30 seconds left.
|
|t:|1769412738
|move|p1a: Garganacl|Protect|p1a: Garganacl
|-singleturn|p1a: Garganacl|Protect
|move|p2a: goober|Armor Cannon|p1a: Garganacl
|-activate|p1a: Garganacl|move: Protect
|
|-heal|p1a: Garganacl|97/100|[from] item: Leftovers
|-damage|p2a: goober|3/100|[from] Salt Cure
|upkeep
|turn|18
|inactive|LilacTRW has 30 seconds left.
|
|t:|1769412756
|move|p2a: goober|Armor Cannon|p1a: Garganacl
|-resisted|p1a: Garganacl
|-damage|p1a: Garganacl|56/100
|-unboost|p2a: goober|def|1
|-unboost|p2a: goober|spd|1
|move|p1a: Garganacl|Iron Defense|p1a: Garganacl
|-boost|p1a: Garganacl|def|2
|
|-heal|p1a: Garganacl|62/100|[from] item: Leftovers
|-damage|p2a: goober|0 fnt|[from] Salt Cure
|faint|p2a: goober
|upkeep
|inactive|LilacTRW has 30 seconds left.
|inactive|LilacTRW has 20 seconds left.
|inactive|LilacTRW has 15 seconds left.
|
|t:|1769412781
|switch|p2a: encara messi|Cinderace, F|53/100
|turn|19
|inactive|LilacTRW has 25 seconds left this turn.
|
|t:|1769412785
|move|p1a: Garganacl|Protect|p1a: Garganacl
|-singleturn|p1a: Garganacl|Protect
|move|p2a: encara messi|High Jump Kick|p1a: Garganacl
|-start|p2a: encara messi|typechange|Fighting|[from] ability: Libero
|-activate|p1a: Garganacl|move: Protect
|-damage|p2a: encara messi|3/100|[from] highjumpkick
|
|-heal|p1a: Garganacl|69/100|[from] item: Leftovers
|upkeep
|turn|20
|
|t:|1769412795
|move|p1a: Garganacl|Protect|p1a: Garganacl
|-singleturn|p1a: Garganacl|Protect
|move|p2a: encara messi|High Jump Kick|p1a: Garganacl
|-activate|p1a: Garganacl|move: Protect
|-damage|p2a: encara messi|0 fnt|[from] highjumpkick
|faint|p2a: encara messi
|
|-heal|p1a: Garganacl|75/100|[from] item: Leftovers
|upkeep
|inactive|LilacTRW has 30 seconds left.
|
|t:|1769412814
|switch|p2a: triple axel victim|Dragonite, M|76/100
|turn|21
|
|t:|1769412818
|move|p2a: triple axel victim|Dragon Dance|p2a: triple axel victim
|-boost|p2a: triple axel victim|atk|1
|-boost|p2a: triple axel victim|spe|1
|move|p1a: Garganacl|Salt Cure|p2a: triple axel victim
|-supereffective|p2a: triple axel victim
|-damage|p2a: triple axel victim|46/100
|-start|p2a: triple axel victim|Salt Cure
|
|-heal|p2a: triple axel victim|52/100|[from] item: Leftovers
|-heal|p1a: Garganacl|81/100|[from] item: Leftovers
|-damage|p2a: triple axel victim|40/100|[from] Salt Cure
|upkeep
|turn|22
|
|t:|1769412834
|move|p2a: triple axel victim|Roost|p2a: triple axel victim
|-heal|p2a: triple axel victim|90/100
|-singleturn|p2a: triple axel victim|move: Roost
|move|p1a: Garganacl|Salt Cure|p2a: triple axel victim
|-crit|p2a: triple axel victim
|-damage|p2a: triple axel victim|66/100
|
|-heal|p2a: triple axel victim|73/100|[from] item: Leftovers
|-heal|p1a: Garganacl|87/100|[from] item: Leftovers
|-damage|p2a: triple axel victim|60/100|[from] Salt Cure
|upkeep
|turn|23
|inactive|LilacTRW has 30 seconds left.
|
|t:|1769412859
|move|p2a: triple axel victim|Dragon Dance|p2a: triple axel victim
|-boost|p2a: triple axel victim|atk|1
|-boost|p2a: triple axel victim|spe|1
|move|p1a: Garganacl|Iron Defense|p1a: Garganacl
|-boost|p1a: Garganacl|def|2
|
|-heal|p2a: triple axel victim|66/100|[from] item: Leftovers
|-heal|p1a: Garganacl|93/100|[from] item: Leftovers
|-damage|p2a: triple axel victim|54/100|[from] Salt Cure
|upkeep
|turn|24
|
|t:|1769412869
|move|p2a: triple axel victim|Dragon Dance|p2a: triple axel victim
|-boost|p2a: triple axel victim|atk|1
|-boost|p2a: triple axel victim|spe|1
|move|p1a: Garganacl|Salt Cure|p2a: triple axel victim
|-supereffective|p2a: triple axel victim
|-damage|p2a: triple axel victim|22/100
|
|-heal|p2a: triple axel victim|29/100|[from] item: Leftovers
|-heal|p1a: Garganacl|99/100|[from] item: Leftovers
|-damage|p2a: triple axel victim|16/100|[from] Salt Cure
|upkeep
|turn|25
|
|t:|1769412881
|move|p1a: Garganacl|Protect|p1a: Garganacl
|-singleturn|p1a: Garganacl|Protect
|move|p2a: triple axel victim|Roost|p2a: triple axel victim
|-heal|p2a: triple axel victim|66/100
|-singleturn|p2a: triple axel victim|move: Roost
|
|-heal|p2a: triple axel victim|73/100|[from] item: Leftovers
|-heal|p1a: Garganacl|100/100|[from] item: Leftovers
|-damage|p2a: triple axel victim|60/100|[from] Salt Cure
|upkeep
|turn|26
|
|t:|1769412895
|move|p2a: triple axel victim|Dragon Dance|p2a: triple axel victim
|-boost|p2a: triple axel victim|atk|1
|-boost|p2a: triple axel victim|spe|1
|move|p1a: Garganacl|Salt Cure|p2a: triple axel victim
|-supereffective|p2a: triple axel victim
|-damage|p2a: triple axel victim|32/100
|
|-heal|p2a: triple axel victim|38/100|[from] item: Leftovers
|-damage|p2a: triple axel victim|26/100|[from] Salt Cure
|upkeep
|turn|27
|
|t:|1769412917
|move|p2a: triple axel victim|Roost|p2a: triple axel victim
|-heal|p2a: triple axel victim|76/100
|-singleturn|p2a: triple axel victim|move: Roost
|move|p1a: Garganacl|Salt Cure|p2a: triple axel victim
|-damage|p2a: triple axel victim|60/100
|
|-heal|p2a: triple axel victim|66/100|[from] item: Leftovers
|-damage|p2a: triple axel victim|54/100|[from] Salt Cure
|upkeep
|turn|28
|
|t:|1769412930
|move|p2a: triple axel victim|Dragon Dance|p2a: triple axel victim
|-boost|p2a: triple axel victim|atk|1
|-boost|p2a: triple axel victim|spe|1
|move|p1a: Garganacl|Iron Defense|p1a: Garganacl
|-boost|p1a: Garganacl|def|2
|
|-heal|p2a: triple axel victim|60/100|[from] item: Leftovers
|-damage|p2a: triple axel victim|48/100|[from] Salt Cure
|upkeep
|turn|29
|inactive|LilacTRW has 30 seconds left.
|
|t:|1769412956
|move|p2a: triple axel victim|Roost|p2a: triple axel victim
|-heal|p2a: triple axel victim|98/100
|-singleturn|p2a: triple axel victim|move: Roost
|move|p1a: Garganacl|Salt Cure|p2a: triple axel victim
|-damage|p2a: triple axel victim|82/100
|
|-heal|p2a: triple axel victim|88/100|[from] item: Leftovers
|-damage|p2a: triple axel victim|76/100|[from] Salt Cure
|upkeep
|turn|30
|inactive|Gambix has 120 seconds left.
|
|t:|1769413013
|move|p2a: triple axel victim|Dragon Dance|p2a: triple axel victim
|-boost|p2a: triple axel victim|atk|1
|-boost|p2a: triple axel victim|spe|1
|move|p1a: Garganacl|Salt Cure|p2a: triple axel victim
|-supereffective|p2a: triple axel victim
|-damage|p2a: triple axel victim|44/100
|
|-heal|p2a: triple axel victim|50/100|[from] item: Leftovers
|-damage|p2a: triple axel victim|37/100|[from] Salt Cure
|upkeep
|turn|31
|inactive|Gambix has 90 seconds left.
|inactive|LilacTRW has 30 seconds left.
|
|t:|1769413049
|move|p2a: triple axel victim|Roost|p2a: triple axel victim
|-heal|p2a: triple axel victim|87/100
|-singleturn|p2a: triple axel victim|move: Roost
|move|p1a: Garganacl|Salt Cure|p2a: triple axel victim
|-damage|p2a: triple axel victim|74/100
|
|-heal|p2a: triple axel victim|80/100|[from] item: Leftovers
|-damage|p2a: triple axel victim|67/100|[from] Salt Cure
|upkeep
|turn|32
|inactive|LilacTRW has 30 seconds left.
|inactive|LilacTRW has 20 seconds left.
|inactive|Gambix has 60 seconds left.
|inactive|LilacTRW has 15 seconds left.
|inactive|Gambix has 30 seconds left.
|
|t:|1769413102
|move|p2a: triple axel victim|Blizzard|p1a: Garganacl|[miss]
|-miss|p2a: triple axel victim|p1a: Garganacl
|move|p1a: Garganacl|Salt Cure|p2a: triple axel victim
|-supereffective|p2a: triple axel victim
|-damage|p2a: triple axel victim|35/100
|
|-heal|p2a: triple axel victim|41/100|[from] item: Leftovers
|-damage|p2a: triple axel victim|29/100|[from] Salt Cure
|upkeep
|turn|33
|inactive|LilacTRW has 25 seconds left this turn.
|inactive|LilacTRW has 20 seconds left.
|inactive|Gambix has 30 seconds left.
|
|t:|1769413112
|move|p2a: triple axel victim|Roost|p2a: triple axel victim
|-heal|p2a: triple axel victim|79/100
|-singleturn|p2a: triple axel victim|move: Roost
|move|p1a: Garganacl|Salt Cure|p2a: triple axel victim
|-damage|p2a: triple axel victim|65/100
|
|-heal|p2a: triple axel victim|71/100|[from] item: Leftovers
|-damage|p2a: triple axel victim|59/100|[from] Salt Cure
|upkeep
|turn|34
|inactive|LilacTRW has 30 seconds left this turn.
|inactive|Gambix has 30 seconds left.
|inactive|LilacTRW has 20 seconds left.
|inactive|LilacTRW has 15 seconds left.
|inactive|LilacTRW has 10 seconds left.
|
|t:|1769413136
|move|p2a: triple axel victim|Blizzard|p1a: Garganacl|[miss]
|-miss|p2a: triple axel victim|p1a: Garganacl
|move|p1a: Garganacl|Salt Cure|p2a: triple axel victim
|-supereffective|p2a: triple axel victim
|-damage|p2a: triple axel victim|29/100
|
|-heal|p2a: triple axel victim|35/100|[from] item: Leftovers
|-damage|p2a: triple axel victim|22/100|[from] Salt Cure
|upkeep
|turn|35
|inactive|LilacTRW has 20 seconds left this turn.
|inactive|Gambix has 30 seconds left.
|
|t:|1769413152
|move|p2a: triple axel victim|Roost|p2a: triple axel victim
|-heal|p2a: triple axel victim|73/100
|-singleturn|p2a: triple axel victim|move: Roost
|move|p1a: Garganacl|Salt Cure|p2a: triple axel victim
|-damage|p2a: triple axel victim|58/100
|
|-heal|p2a: triple axel victim|65/100|[from] item: Leftovers
|-damage|p2a: triple axel victim|52/100|[from] Salt Cure
|upkeep
|turn|36
|inactive|LilacTRW has 30 seconds left this turn.
|inactive|Gambix has 30 seconds left.
|inactive|LilacTRW has 20 seconds left.
|inactive|Gambix has 20 seconds left.
|
|t:|1769413167
|move|p2a: triple axel victim|Blizzard|p1a: Garganacl
|-damage|p1a: Garganacl|85/100
|move|p1a: Garganacl|Salt Cure|p2a: triple axel victim
|-supereffective|p2a: triple axel victim
|-damage|p2a: triple axel victim|22/100
|
|-heal|p2a: triple axel victim|28/100|[from] item: Leftovers
|-heal|p1a: Garganacl|91/100|[from] item: Leftovers
|-damage|p2a: triple axel victim|16/100|[from] Salt Cure
|upkeep
|turn|37
|inactive|Gambix has 30 seconds left this turn.
|inactive|LilacTRW has 30 seconds left this turn.
|inactive|Gambix has 20 seconds left.
|inactive|LilacTRW has 20 seconds left.
|inactive|LilacTRW has 15 seconds left.
|
|t:|1769413185
|move|p2a: triple axel victim|Roost|p2a: triple axel victim
|-heal|p2a: triple axel victim|66/100
|-singleturn|p2a: triple axel victim|move: Roost
|move|p1a: Garganacl|Salt Cure|p2a: triple axel victim
|-damage|p2a: triple axel victim|51/100
|
|-heal|p2a: triple axel victim|57/100|[from] item: Leftovers
|-heal|p1a: Garganacl|98/100|[from] item: Leftovers
|-damage|p2a: triple axel victim|45/100|[from] Salt Cure
|upkeep
|turn|38
|inactive|Gambix has 30 seconds left this turn.
|inactive|LilacTRW has 25 seconds left this turn.
|inactive|LilacTRW has 20 seconds left.
|inactive|Gambix has 20 seconds left.
|
|t:|1769413196
|move|p2a: triple axel victim|Extreme Speed|p1a: Garganacl
|-resisted|p1a: Garganacl
|-damage|p1a: Garganacl|86/100
|move|p1a: Garganacl|Salt Cure|p2a: triple axel victim
|-supereffective|p2a: triple axel victim
|-damage|p2a: triple axel victim|14/100
|
|-heal|p2a: triple axel victim|21/100|[from] item: Leftovers
|-heal|p1a: Garganacl|92/100|[from] item: Leftovers
|-damage|p2a: triple axel victim|8/100|[from] Salt Cure
|upkeep
|turn|39
|inactive|Gambix has 30 seconds left this turn.
|inactive|LilacTRW has 30 seconds left this turn.
|inactive|Gambix has 20 seconds left.
|
|t:|1769413209
|move|p1a: Garganacl|Protect|p1a: Garganacl
|-singleturn|p1a: Garganacl|Protect
|move|p2a: triple axel victim|Extreme Speed|p1a: Garganacl
|-activate|p1a: Garganacl|move: Protect
|
|-heal|p2a: triple axel victim|14/100|[from] item: Leftovers
|-heal|p1a: Garganacl|99/100|[from] item: Leftovers
|-damage|p2a: triple axel victim|2/100|[from] Salt Cure
|upkeep
|turn|40
|inactive|Gambix has 30 seconds left this turn.
|inactive|LilacTRW has 30 seconds left.
|inactive|Gambix has 20 seconds left.
|
|t:|1769413220
|move|p2a: triple axel victim|Extreme Speed|p1a: Garganacl
|-resisted|p1a: Garganacl
|-damage|p1a: Garganacl|89/100
|move|p1a: Garganacl|Recover|p1a: Garganacl
|-heal|p1a: Garganacl|100/100
|
|-heal|p2a: triple axel victim|8/100|[from] item: Leftovers
|-damage|p2a: triple axel victim|0 fnt|[from] Salt Cure
|faint|p2a: triple axel victim
|upkeep
|inactive|LilacTRW has 30 seconds left this turn.
|
|t:|1769413230
|switch|p2a: ivy cuckold|Ogerpon-Wellspring, F|100/100
|turn|41
|
|t:|1769413234
|-terastallize|p2a: ivy cuckold|Water
|detailschange|p2a: ivy cuckold|Ogerpon-Wellspring-Tera, F, tera:Water
|-ability|p2a: ivy cuckold|Embody Aspect (Wellspring)|boost
|-boost|p2a: ivy cuckold|spd|1
|move|p2a: ivy cuckold|Ivy Cudgel|p1a: Garganacl|[anim] Ivy Cudgel Water
|-supereffective|p1a: Garganacl
|-damage|p1a: Garganacl|72/100
|move|p1a: Garganacl|Salt Cure|p2a: ivy cuckold
|-damage|p2a: ivy cuckold|83/100
|-start|p2a: ivy cuckold|Salt Cure
|
|-heal|p1a: Garganacl|78/100|[from] item: Leftovers
|-damage|p2a: ivy cuckold|58/100|[from] Salt Cure
|upkeep
|turn|42
|
|t:|1769413248
|move|p2a: ivy cuckold|Horn Leech|p1a: Garganacl
|-supereffective|p1a: Garganacl
|-damage|p1a: Garganacl|64/100
|-heal|p2a: ivy cuckold|68/100|[from] drain|[of] p1a: Garganacl
|move|p1a: Garganacl|Salt Cure|p2a: ivy cuckold
|-damage|p2a: ivy cuckold|50/100
|
|-heal|p1a: Garganacl|70/100|[from] item: Leftovers
|-damage|p2a: ivy cuckold|26/100|[from] Salt Cure
|upkeep
|turn|43
|inactive|LilacTRW has 30 seconds left.
|inactive|LilacTRW has 20 seconds left.
|
|t:|1769413278
|move|p2a: ivy cuckold|Horn Leech|p1a: Garganacl
|-supereffective|p1a: Garganacl
|-damage|p1a: Garganacl|55/100
|-heal|p2a: ivy cuckold|36/100|[from] drain|[of] p1a: Garganacl
|move|p1a: Garganacl|Recover|p1a: Garganacl
|-heal|p1a: Garganacl|100/100
|
|-damage|p2a: ivy cuckold|11/100|[from] Salt Cure
|upkeep
|turn|44
|inactive|LilacTRW has 30 seconds left this turn.
|
|t:|1769413288
|move|p1a: Garganacl|Protect|p1a: Garganacl
|-singleturn|p1a: Garganacl|Protect
|move|p2a: ivy cuckold|Horn Leech|p1a: Garganacl
|-activate|p1a: Garganacl|move: Protect
|
|-damage|p2a: ivy cuckold|0 fnt|[from] Salt Cure
|faint|p2a: ivy cuckold
|detailschange|p2: ivy cuckold|Ogerpon-Wellspring, F|[silent]
|
|win|Gambix
|raw|Gambix's rating: 1271 &rarr; <strong>1295</strong><br />(+24 for winning)
|raw|LilacTRW's rating: 1264 &rarr; <strong>1240</strong><br />(-24 for losing)
|l|☆LilacTRW
|player|p2|
|l|☆Gambix
|player|p1|
