|j|☆rogerrc93
|j|☆PrimeXStriker
|t:|1769348940
|gametype|singles
|player|p1|rogerrc93|picnicker|1469
|player|p2|PrimeXStriker|bruno|1444
|gen|9
|tier|[Gen 9] OU
|rated|
|rule|HP Percentage Mod: HP is shown in percentages
|rule|Endless Battle Clause: Forcing endless battles is banned
|rule|Species Clause: Limit one of each Pokémon
|rule|OHKO Clause: OHKO moves are banned
|rule|Evasion Items Clause: Evasion items are banned
|rule|Evasion Moves Clause: Evasion moves are banned
|rule|Evasion Abilities Clause: Evasion abilities are banned
|rule|Sleep Moves Clause: Sleep-inducing moves are banned
|clearpoke
|poke|p1|Meowscarada, M|
|poke|p1|Volcanion|
|poke|p1|Iron Moth|
|poke|p1|Corviknight, M|
|poke|p1|Clodsire, M|
|poke|p1|Maushold-Four|
|poke|p2|Ceruledge, F|
|poke|p2|Scream Tail|
|poke|p2|Hydreigon, M|
|poke|p2|Great Tusk|
|poke|p2|Ting-Lu|
|poke|p2|Decidueye, F|
|teampreview
|inactive|Battle timer is ON: inactive players will automatically lose when time's up. (requested by PrimeXStriker)
|l|☆rogerrc93
|inactive|rogerrc93 disconnected and has a minute to reconnect!
|player|p1|
|inactive|rogerrc93 has 30 seconds to reconnect!
|l|☆PrimeXStriker
|inactive|PrimeXStriker disconnected and has a minute to reconnect!
|player|p2|
|inactive|rogerrc93 has 20 seconds to reconnect!
|j|☆rogerrc93
|inactive|rogerrc93 reconnected and has 105 seconds left.
|player|p1|rogerrc93|picnicker|
|j|☆PrimeXStriker
|inactive|PrimeXStriker reconnected.
|player|p2|PrimeXStriker|bruno|
|
|t:|1769349007
|teamsize|p1|6
|teamsize|p2|6
|start
|switch|p1a: Volcanion|Volcanion|100/100
|switch|p2a: Scream Tail|Scream Tail|100/100
|-enditem|p2a: Scream Tail|Booster Energy
|-activate|p2a: Scream Tail|ability: Protosynthesis|[fromitem]
|-start|p2a: Scream Tail|protosynthesisspe
|turn|1
|
|t:|1769349018
|move|p2a: Scream Tail|Stealth Rock|p1a: Volcanion
|-sidestart|p1: rogerrc93|move: Stealth Rock
|move|p1a: Volcanion|Steam Eruption|p2a: Scream Tail|[miss]
|-miss|p1a: Volcanion|p2a: Scream Tail
|
|upkeep
|turn|2
|
|t:|1769349025
|move|p2a: Scream Tail|Thunder Wave|p1a: Volcanion
|-status|p1a: Volcanion|par
|cant|p1a: Volcanion|par
|
|upkeep
|turn|3
|c|☆rogerrc93|Omfg
|
|t:|1769349045
|-end|p2a: Scream Tail|Protosynthesis|[silent]
|switch|p2a: Hydreigon|Hydreigon, M|100/100
|cant|p1a: Volcanion|par
|
|upkeep
|turn|4
|
|t:|1769349050
|move|p2a: Hydreigon|Dark Pulse|p1a: Volcanion
|-damage|p1a: Volcanion|74/100 par
|move|p1a: Volcanion|Steam Eruption|p2a: Hydreigon
|-resisted|p2a: Hydreigon
|-damage|p2a: Hydreigon|64/100
|-status|p2a: Hydreigon|brn
|
|-damage|p2a: Hydreigon|58/100 brn|[from] brn
|upkeep
|turn|5
|
|t:|1769349058
|move|p2a: Hydreigon|Dark Pulse|p1a: Volcanion
|-damage|p1a: Volcanion|48/100 par
|cant|p1a: Volcanion|flinch
|
|-damage|p2a: Hydreigon|52/100 brn|[from] brn
|upkeep
|turn|6
|
|t:|1769349062
|move|p2a: Hydreigon|Dark Pulse|p1a: Volcanion
|-damage|p1a: Volcanion|22/100 par
|move|p1a: Volcanion|Flash Cannon|p2a: Hydreigon
|-damage|p2a: Hydreigon|17/100 brn
|-unboost|p2a: Hydreigon|spd|1
|
|-damage|p2a: Hydreigon|11/100 brn|[from] brn
|upkeep
|turn|7
|
|t:|1769349074
|move|p2a: Hydreigon|Dark Pulse|p1a: Volcanion
|-damage|p1a: Volcanion|0 fnt
|faint|p1a: Volcanion
|
|-damage|p2a: Hydreigon|5/100 brn|[from] brn
|upkeep
|
|t:|1769349081
|switch|p1a: Meowscarada|Meowscarada, M|100/100
|-damage|p1a: Meowscarada|88/100|[from] Stealth Rock
|turn|8
|
|t:|1769349087
|switch|p2a: Great Tusk|Great Tusk|100/100
|move|p1a: Meowscarada|Knock Off|p2a: Great Tusk
|-start|p1a: Meowscarada|typechange|Dark|[from] ability: Protean
|-resisted|p2a: Great Tusk
|-damage|p2a: Great Tusk|90/100
|-damage|p1a: Meowscarada|72/100|[from] item: Rocky Helmet|[of] p2a: Great Tusk
|-enditem|p2a: Great Tusk|Rocky Helmet|[from] move: Knock Off|[of] p1a: Meowscarada
|
|upkeep
|turn|9
|
|t:|1769349096
|switch|p1a: Corviknight|Corviknight, M, shiny|100/100
|-damage|p1a: Corviknight|88/100|[from] Stealth Rock
|-ability|p1a: Corviknight|Pressure
|move|p2a: Great Tusk|Knock Off|p1a: Corviknight
|-damage|p1a: Corviknight|72/100
|-damage|p2a: Great Tusk|73/100|[from] item: Rocky Helmet|[of] p1a: Corviknight
|-enditem|p1a: Corviknight|Rocky Helmet|[from] move: Knock Off|[of] p2a: Great Tusk
|
|upkeep
|turn|10
|
|t:|1769349105
|-end|p2a: Great Tusk|Protosynthesis|[silent]
|switch|p2a: Ceruledge|Ceruledge, F|100/100
|move|p1a: Corviknight|Defog|p2a: Ceruledge
|-unboost|p2a: Ceruledge|evasion|1
|-sideend|p1: rogerrc93|Stealth Rock|[from] move: Defog|[of] p1a: Corviknight
|
|upkeep
|turn|11
|
|t:|1769349110
|switch|p1a: Maushold|Maushold-Four|100/100
|move|p2a: Ceruledge|Bitter Blade|p1a: Maushold
|-damage|p1a: Maushold|10/100
|-damage|p2a: Ceruledge|91/100|[from] item: Life Orb
|
|upkeep
|turn|12
|
|t:|1769349130
|switch|p1a: Corviknight|Corviknight, M, shiny|72/100
|-ability|p1a: Corviknight|Pressure
|switch|p2a: Great Tusk|Great Tusk|73/100
|
|upkeep
|turn|13
|
|t:|1769349143
|-end|p2a: Great Tusk|Protosynthesis|[silent]
|switch|p2a: Ting-Lu|Ting-Lu|100/100
|-ability|p2a: Ting-Lu|Vessel of Ruin
|move|p1a: Corviknight|Brave Bird|p2a: Ting-Lu
|-damage|p2a: Ting-Lu|78/100
|-damage|p1a: Corviknight|62/100|[from] Recoil
|
|-heal|p2a: Ting-Lu|84/100|[from] item: Leftovers
|upkeep
|turn|14
|
|t:|1769349151
|move|p1a: Corviknight|Bulk Up|p1a: Corviknight
|-boost|p1a: Corviknight|atk|1
|-boost|p1a: Corviknight|def|1
|move|p2a: Ting-Lu|Spikes|p1a: Corviknight
|-sidestart|p1: rogerrc93|Spikes
|
|-heal|p2a: Ting-Lu|90/100|[from] item: Leftovers
|upkeep
|turn|15
|
|t:|1769349156
|move|p1a: Corviknight|Defog|p2a: Ting-Lu
|-unboost|p2a: Ting-Lu|evasion|1
|-sideend|p1: rogerrc93|Spikes|[from] move: Defog|[of] p1a: Corviknight
|move|p2a: Ting-Lu|Whirlwind|p1a: Corviknight
|drag|p1a: Meowscarada|Meowscarada, M|72/100
|
|-heal|p2a: Ting-Lu|96/100|[from] item: Leftovers
|upkeep
|turn|16
|
|t:|1769349165
|move|p1a: Meowscarada|Trick|p2a: Ting-Lu
|-start|p1a: Meowscarada|typechange|Psychic|[from] ability: Protean
|-activate|p1a: Meowscarada|move: Trick|[of] p2a: Ting-Lu
|-item|p2a: Ting-Lu|Choice Scarf|[from] move: Trick
|-item|p1a: Meowscarada|Leftovers|[from] move: Trick
|move|p2a: Ting-Lu|Spikes|p1a: Meowscarada
|-sidestart|p1: rogerrc93|Spikes
|
|-heal|p1a: Meowscarada|78/100|[from] item: Leftovers
|upkeep
|turn|17
|
|t:|1769349184
|switch|p2a: Hydreigon|Hydreigon, M|5/100 brn
|move|p1a: Meowscarada|Triple Axel|p2a: Hydreigon
|-supereffective|p2a: Hydreigon
|-damage|p2a: Hydreigon|0 fnt
|faint|p2a: Hydreigon
|-hitcount|p2: Hydreigon|1
|
|-heal|p1a: Meowscarada|84/100|[from] item: Leftovers
|upkeep
|
|t:|1769349197
|switch|p2a: Decidueye|Decidueye, F|100/100
|turn|18
|
|t:|1769349206
|move|p2a: Decidueye|Shadow Sneak|p1a: Meowscarada
|-supereffective|p1a: Meowscarada
|-damage|p1a: Meowscarada|19/100
|move|p1a: Meowscarada|Triple Axel|p2a: Decidueye
|-supereffective|p2a: Decidueye
|-crit|p2a: Decidueye
|-damage|p2a: Decidueye|77/100
|-hitcount|p2a: Decidueye|1
|
|-heal|p1a: Meowscarada|25/100|[from] item: Leftovers
|-heal|p2a: Decidueye|83/100|[from] item: Leftovers
|upkeep
|turn|19
|
|t:|1769349215
|switch|p1a: Maushold|Maushold-Four|10/100
|-damage|p1a: Maushold|0 fnt|[from] Spikes
|faint|p1a: Maushold
|move|p2a: Decidueye|Shadow Sneak|p1: Maushold|[notarget]
|-fail|p2a: Decidueye
|
|-heal|p2a: Decidueye|89/100|[from] item: Leftovers
|upkeep
|
|t:|1769349222
|switch|p1a: Iron Moth|Iron Moth|100/100
|-damage|p1a: Iron Moth|88/100|[from] Spikes
|-enditem|p1a: Iron Moth|Booster Energy
|-activate|p1a: Iron Moth|ability: Quark Drive|[fromitem]
|-start|p1a: Iron Moth|quarkdrivespe
|turn|20
|
|t:|1769349227
|switch|p2a: Ting-Lu|Ting-Lu|96/100
|-ability|p2a: Ting-Lu|Vessel of Ruin
|move|p1a: Iron Moth|Fiery Dance|p2a: Ting-Lu
|-damage|p2a: Ting-Lu|78/100
|-boost|p1a: Iron Moth|spa|1
|
|upkeep
|turn|21
|
|t:|1769349236
|-terastallize|p1a: Iron Moth|Flying
|move|p1a: Iron Moth|Fiery Dance|p2a: Ting-Lu
|-damage|p2a: Ting-Lu|53/100
|-boost|p1a: Iron Moth|spa|1
|move|p2a: Ting-Lu|Earthquake|p1a: Iron Moth
|-immune|p1a: Iron Moth
|
|upkeep
|turn|22
|
|t:|1769349247
|switch|p2a: Scream Tail|Scream Tail|100/100
|move|p1a: Iron Moth|Fiery Dance|p2a: Scream Tail
|-damage|p2a: Scream Tail|35/100
|
|upkeep
|turn|23
|c|☆rogerrc93|Gg
|
|t:|1769349258
|move|p1a: Iron Moth|Fiery Dance|p2a: Scream Tail
|-damage|p2a: Scream Tail|0 fnt
|-boost|p1a: Iron Moth|spa|1
|faint|p2a: Scream Tail
|-end|p2a: Scream Tail|Protosynthesis|[silent]
|
|upkeep
|
|t:|1769349262
|switch|p2a: Ting-Lu|Ting-Lu|53/100
|-ability|p2a: Ting-Lu|Vessel of Ruin
|turn|24
|
|t:|1769349267
|move|p1a: Iron Moth|Bug Buzz|p2a: Ting-Lu
|-supereffective|p2a: Ting-Lu
|-damage|p2a: Ting-Lu|0 fnt
|faint|p2a: Ting-Lu
|
|upkeep
|
|t:|1769349274
|switch|p2a: Decidueye|Decidueye, F|89/100
|turn|25
|
|t:|1769349277
|move|p2a: Decidueye|Shadow Sneak|p1a: Iron Moth
|-damage|p1a: Iron Moth|56/100
|move|p1a: Iron Moth|Sludge Wave|p2a: Decidueye
|-damage|p2a: Decidueye|0 fnt
|faint|p2a: Decidueye
|
|upkeep
|
|t:|1769349282
|switch|p2a: Ceruledge|Ceruledge, F|91/100
|turn|26
|
|t:|1769349285
|-terastallize|p2a: Ceruledge|Ghost
|move|p2a: Ceruledge|Shadow Sneak|p1a: Iron Moth
|-damage|p1a: Iron Moth|0 fnt
|faint|p1a: Iron Moth
|-end|p1a: Iron Moth|Quark Drive|[silent]
|-damage|p2a: Ceruledge|81/100|[from] item: Life Orb
|
|upkeep
|
|t:|1769349296
|switch|p1a: Meowscarada|Meowscarada, M|25/100
|-damage|p1a: Meowscarada|12/100|[from] Spikes
|turn|27
|
|t:|1769349299
|move|p2a: Ceruledge|Shadow Sneak|p1a: Meowscarada
|-resisted|p1a: Meowscarada
|-damage|p1a: Meowscarada|0 fnt
|faint|p1a: Meowscarada
|-damage|p2a: Ceruledge|71/100|[from] item: Life Orb
|
|upkeep
|
|t:|1769349303
|switch|p1a: Clodsire|Clodsire, M|100/100
|-damage|p1a: Clodsire|88/100|[from] Spikes
|turn|28
|
|t:|1769349306
|switch|p2a: Great Tusk|Great Tusk|73/100
|move|p1a: Clodsire|Toxic|p2a: Great Tusk
|-status|p2a: Great Tusk|tox
|
|-heal|p1a: Clodsire|94/100|[from] item: Leftovers
|-damage|p2a: Great Tusk|67/100 tox|[from] psn
|upkeep
|turn|29
|
|t:|1769349310
|-end|p2a: Great Tusk|Protosynthesis|[silent]
|switch|p2a: Ceruledge|Ceruledge, F, tera:Ghost|71/100
|switch|p1a: Corviknight|Corviknight, M, shiny|62/100
|-ability|p1a: Corviknight|Pressure
|
|upkeep
|turn|30
|
|t:|1769349316
|move|p2a: Ceruledge|Poltergeist||[still]
|-fail|p2a: Ceruledge
|move|p1a: Corviknight|Bulk Up|p1a: Corviknight
|-boost|p1a: Corviknight|atk|1
|-boost|p1a: Corviknight|def|1
|
|upkeep
|turn|31
|
|t:|1769349320
|move|p2a: Ceruledge|Swords Dance|p2a: Ceruledge
|-boost|p2a: Ceruledge|atk|2
|move|p1a: Corviknight|Bulk Up|p1a: Corviknight
|-boost|p1a: Corviknight|atk|1
|-boost|p1a: Corviknight|def|1
|
|upkeep
|turn|32
|
|t:|1769349323
|move|p2a: Ceruledge|Bitter Blade|p1a: Corviknight
|-supereffective|p1a: Corviknight
|-damage|p1a: Corviknight|0 fnt
|-heal|p2a: Ceruledge|100/100|[from] drain|[of] p1a: Corviknight
|faint|p1a: Corviknight
|-damage|p2a: Ceruledge|91/100|[from] item: Life Orb
|
|upkeep
|
|t:|1769349326
|switch|p1a: Clodsire|Clodsire, M|94/100
|-damage|p1a: Clodsire|82/100|[from] Spikes
|turn|33
|
|t:|1769349329
|move|p2a: Ceruledge|Poltergeist|p1a: Clodsire|[miss]
|-miss|p2a: Ceruledge|p1a: Clodsire
|move|p1a: Clodsire|Earthquake|p2a: Ceruledge
|-damage|p2a: Ceruledge|52/100
|-ability|p2a: Ceruledge|Weak Armor|boost
|-unboost|p2a: Ceruledge|def|1
|-boost|p2a: Ceruledge|spe|2
|
|-heal|p1a: Clodsire|88/100|[from] item: Leftovers
|upkeep
|turn|34
|
|t:|1769349336
|move|p2a: Ceruledge|Poltergeist|p1a: Clodsire
|-activate|p1a: Clodsire|move: Poltergeist|Leftovers
|-damage|p1a: Clodsire|0 fnt
|faint|p1a: Clodsire
|-damage|p2a: Ceruledge|42/100|[from] item: Life Orb
|
|win|PrimeXStriker
|raw|rogerrc93's rating: 1469 &rarr; <strong>1448</strong><br />(-21 for losing)
|raw|PrimeXStriker's rating: 1444 &rarr; <strong>1465</strong><br />(+21 for winning)
|l|☆PrimeXStriker
|player|p2|
|l|☆rogerrc93
|player|p1|
