|j|☆aaruuuuuuuuu
|j|☆arnoldafricaus
|t:|1769438996
|gametype|singles
|player|p1|aaruuuuuuuuu|266|1210
|player|p2|arnoldafricaus|flint|1218
|gen|9
|tier|[Gen 9] OU
|rated|
|rule|HP Percentage Mod: HP is shown in percentages
|rule|Endless Battle Clause: Forcing endless battles is banned
|rule|Species Clause: Limit one of each Pokémon
|rule|OHKO Clause: OHKO moves are banned
|rule|Evasion Items Clause: Evasion items are banned
|rule|Evasion Moves Clause: Evasion moves are banned
|rule|Evasion Abilities Clause: Evasion abilities are banned
|rule|Sleep Moves Clause: Sleep-inducing moves are banned
|clearpoke
|poke|p1|Pikachu, M|
|poke|p1|Arbok, M|
|poke|p1|Weezing, F|
|poke|p1|Dugtrio, F|
|poke|p1|Houndoom, M|
|poke|p1|Magikarp, F|
|poke|p2|Kingambit, F|
|poke|p2|Ting-Lu|
|poke|p2|Iron Crown|
|poke|p2|Lokix, M|
|poke|p2|Great Tusk|
|poke|p2|Ogerpon-Wellspring, F|
|teampreview
|inactive|Battle timer is ON: inactive players will automatically lose when time's up. (requested by arnoldafricaus)
|
|t:|1769439011
|teamsize|p1|6
|teamsize|p2|6
|start
|switch|p1a: Weezing|Weezing, F|100/100
|switch|p2a: Ting-Lu|Ting-Lu, shiny|100/100
|-ability|p2a: Ting-Lu|Vessel of Ruin
|turn|1
|
|t:|1769439019
|move|p2a: Ting-Lu|Stealth Rock|p1a: Weezing
|-sidestart|p1: aaruuuuuuuuu|move: Stealth Rock
|move|p1a: Weezing|Will-O-Wisp|p2a: Ting-Lu
|-status|p2a: Ting-Lu|brn
|
|-damage|p2a: Ting-Lu|94/100 brn|[from] brn
|upkeep
|turn|2
|
|t:|1769439027
|move|p2a: Ting-Lu|Ruination|p1a: Weezing
|-damage|p1a: Weezing|50/100
|move|p1a: Weezing|Curse|p1a: Weezing
|-unboost|p1a: Weezing|spe|1
|-boost|p1a: Weezing|atk|1
|-boost|p1a: Weezing|def|1
|
|-heal|p2a: Ting-Lu|100/100 brn|[from] item: Leftovers
|-heal|p1a: Weezing|56/100|[from] item: Leftovers
|-damage|p2a: Ting-Lu|94/100 brn|[from] brn
|upkeep
|turn|3
|
|t:|1769439054
|move|p2a: Ting-Lu|Body Press|p1a: Weezing
|-resisted|p1a: Weezing
|-damage|p1a: Weezing|53/100
|move|p1a: Weezing|Curse|p1a: Weezing
|-unboost|p1a: Weezing|spe|1
|-boost|p1a: Weezing|atk|1
|-boost|p1a: Weezing|def|1
|
|-heal|p2a: Ting-Lu|100/100 brn|[from] item: Leftovers
|-heal|p1a: Weezing|59/100|[from] item: Leftovers
|-damage|p2a: Ting-Lu|94/100 brn|[from] brn
|upkeep
|turn|4
|
|t:|1769439069
|move|p2a: Ting-Lu|Ruination|p1a: Weezing
|-damage|p1a: Weezing|30/100
|move|p1a: Weezing|Curse|p1a: Weezing
|-unboost|p1a: Weezing|spe|1
|-boost|p1a: Weezing|atk|1
|-boost|p1a: Weezing|def|1
|
|-heal|p2a: Ting-Lu|100/100 brn|[from] item: Leftovers
|-heal|p1a: Weezing|36/100|[from] item: Leftovers
|-damage|p2a: Ting-Lu|94/100 brn|[from] brn
|upkeep
|turn|5
|inactive|arnoldafricaus has 120 seconds left.
|
|t:|1769439090
|move|p2a: Ting-Lu|Earthquake|p1a: Weezing
|-immune|p1a: Weezing|[from] ability: Levitate
|move|p1a: Weezing|Curse|p1a: Weezing
|-unboost|p1a: Weezing|spe|1
|-boost|p1a: Weezing|atk|1
|-boost|p1a: Weezing|def|1
|
|-heal|p2a: Ting-Lu|100/100 brn|[from] item: Leftovers
|-heal|p1a: Weezing|42/100|[from] item: Leftovers
|-damage|p2a: Ting-Lu|94/100 brn|[from] brn
|upkeep
|turn|6
|
|t:|1769439099
|move|p2a: Ting-Lu|Ruination|p1a: Weezing
|-damage|p1a: Weezing|21/100
|move|p1a: Weezing|Gunk Shot|p2a: Ting-Lu|[miss]
|-miss|p1a: Weezing|p2a: Ting-Lu
|
|-heal|p2a: Ting-Lu|100/100 brn|[from] item: Leftovers
|-heal|p1a: Weezing|27/100|[from] item: Leftovers
|-damage|p2a: Ting-Lu|94/100 brn|[from] brn
|upkeep
|turn|7
|
|t:|1769439109
|move|p2a: Ting-Lu|Ruination|p1a: Weezing
|-damage|p1a: Weezing|14/100
|move|p1a: Weezing|Curse|p1a: Weezing
|-unboost|p1a: Weezing|spe|1
|-boost|p1a: Weezing|atk|1
|-boost|p1a: Weezing|def|1
|
|-heal|p2a: Ting-Lu|100/100 brn|[from] item: Leftovers
|-heal|p1a: Weezing|20/100|[from] item: Leftovers
|-damage|p2a: Ting-Lu|94/100 brn|[from] brn
|upkeep
|turn|8
|inactive|arnoldafricaus has 120 seconds left.
|
|t:|1769439129
|switch|p2a: Iron Crown|Iron Crown|100/100
|-enditem|p2a: Iron Crown|Booster Energy
|-activate|p2a: Iron Crown|ability: Quark Drive|[fromitem]
|-start|p2a: Iron Crown|quarkdrivespa
|move|p1a: Weezing|Gunk Shot|p2a: Iron Crown
|-immune|p2a: Iron Crown
|
|-heal|p1a: Weezing|26/100|[from] item: Leftovers
|upkeep
|turn|9
|inactive|arnoldafricaus has 120 seconds left.
|
|t:|1769439141
|move|p2a: Iron Crown|Psychic Noise|p1a: Weezing
|-supereffective|p1a: Weezing
|-damage|p1a: Weezing|0 fnt
|faint|p1a: Weezing
|
|upkeep
|
|t:|1769439150
|switch|p1a: Dugtrio|Dugtrio, F|100/100
|-damage|p1a: Dugtrio|94/100|[from] Stealth Rock
|turn|10
|inactive|arnoldafricaus has 120 seconds left.
|
|t:|1769439168
|move|p1a: Dugtrio|Hone Claws|p1a: Dugtrio
|-boost|p1a: Dugtrio|atk|1
|-boost|p1a: Dugtrio|accuracy|1
|move|p2a: Iron Crown|Psychic Noise|p1a: Dugtrio
|-damage|p1a: Dugtrio|0 fnt
|faint|p1a: Dugtrio
|
|upkeep
|inactive|aaruuuuuuuuu has 120 seconds left.
|
|t:|1769439200
|switch|p1a: Houndoom|Houndoom, M|100/100
|-damage|p1a: Houndoom|76/100|[from] Stealth Rock
|turn|11
|c|☆arnoldafricaus|what is the meaning of your team ?
|
|t:|1769439210
|-terastallize|p1a: Houndoom|Fire
|move|p2a: Iron Crown|Volt Switch|p1a: Houndoom
|-damage|p1a: Houndoom|32/100
|
|t:|1769439220
|-end|p2a: Iron Crown|Quark Drive|[silent]
|switch|p2a: Ting-Lu|Ting-Lu, shiny|94/100 brn|[from] Volt Switch
|-ability|p2a: Ting-Lu|Vessel of Ruin
|move|p1a: Houndoom|Flamethrower|p2a: Ting-Lu
|-damage|p2a: Ting-Lu|71/100 brn
|
|-heal|p2a: Ting-Lu|77/100 brn|[from] item: Leftovers
|-damage|p2a: Ting-Lu|71/100 brn|[from] brn
|upkeep
|turn|12
|
|t:|1769439239
|switch|p1a: Magikarp|Magikarp, F|100/100
|-damage|p1a: Magikarp|88/100|[from] Stealth Rock
|move|p2a: Ting-Lu|Earthquake|p1a: Magikarp
|-damage|p1a: Magikarp|35/100
|
|-heal|p2a: Ting-Lu|77/100 brn|[from] item: Leftovers
|-damage|p2a: Ting-Lu|71/100 brn|[from] brn
|upkeep
|turn|13
|
|t:|1769439252
|move|p1a: Magikarp|Flail|p2a: Ting-Lu
|-damage|p2a: Ting-Lu|65/100 brn
|move|p2a: Ting-Lu|Earthquake|p1a: Magikarp
|-damage|p1a: Magikarp|0 fnt
|faint|p1a: Magikarp
|
|-heal|p2a: Ting-Lu|72/100 brn|[from] item: Leftovers
|-damage|p2a: Ting-Lu|65/100 brn|[from] brn
|upkeep
|
|t:|1769439256
|switch|p1a: Arbok|Arbok, M|100/100
|-damage|p1a: Arbok|88/100|[from] Stealth Rock
|-ability|p1a: Arbok|Intimidate|boost
|-unboost|p2a: Ting-Lu|atk|1
|turn|14
|
|t:|1769439275
|move|p1a: Arbok|Coil|p1a: Arbok
|-boost|p1a: Arbok|atk|1
|-boost|p1a: Arbok|def|1
|-boost|p1a: Arbok|accuracy|1
|move|p2a: Ting-Lu|Earthquake|p1a: Arbok
|-supereffective|p1a: Arbok
|-damage|p1a: Arbok|64/100
|
|-heal|p1a: Arbok|70/100|[from] item: Leftovers
|-heal|p2a: Ting-Lu|72/100 brn|[from] item: Leftovers
|-damage|p2a: Ting-Lu|65/100 brn|[from] brn
|upkeep
|turn|15
|
|t:|1769439285
|move|p1a: Arbok|Coil|p1a: Arbok
|-boost|p1a: Arbok|atk|1
|-boost|p1a: Arbok|def|1
|-boost|p1a: Arbok|accuracy|1
|move|p2a: Ting-Lu|Ruination|p1a: Arbok
|-damage|p1a: Arbok|35/100
|
|-heal|p1a: Arbok|42/100|[from] item: Leftovers
|-heal|p2a: Ting-Lu|72/100 brn|[from] item: Leftovers
|-damage|p2a: Ting-Lu|65/100 brn|[from] brn
|upkeep
|turn|16
|
|t:|1769439298
|switch|p2a: Iron Crown|Iron Crown|100/100
|move|p1a: Arbok|Gunk Shot|p2a: Iron Crown
|-immune|p2a: Iron Crown
|
|-heal|p1a: Arbok|48/100|[from] item: Leftovers
|upkeep
|turn|17
|
|t:|1769439305
|move|p2a: Iron Crown|Psychic Noise|p1a: Arbok
|-supereffective|p1a: Arbok
|-damage|p1a: Arbok|0 fnt
|faint|p1a: Arbok
|
|upkeep
|
|t:|1769439311
|switch|p1a: Pikachu|Pikachu, M|100/100
|-damage|p1a: Pikachu|88/100|[from] Stealth Rock
|turn|18
|
|t:|1769439319
|-end|p2a: Iron Crown|Quark Drive|[silent]
|switch|p2a: Ting-Lu|Ting-Lu, shiny|65/100 brn
|-ability|p2a: Ting-Lu|Vessel of Ruin
|move|p1a: Pikachu|Fake Out|p2a: Ting-Lu
|-damage|p2a: Ting-Lu|57/100 brn
|
|-heal|p2a: Ting-Lu|63/100 brn|[from] item: Leftovers
|-damage|p2a: Ting-Lu|57/100 brn|[from] brn
|upkeep
|turn|19
|
|t:|1769439328
|move|p1a: Pikachu|Trailblaze|p2a: Ting-Lu
|-supereffective|p2a: Ting-Lu
|-damage|p2a: Ting-Lu|36/100 brn
|-boost|p1a: Pikachu|spe|1
|move|p2a: Ting-Lu|Ruination|p1a: Pikachu
|-damage|p1a: Pikachu|45/100
|
|-heal|p2a: Ting-Lu|42/100 brn|[from] item: Leftovers
|-damage|p2a: Ting-Lu|36/100 brn|[from] brn
|upkeep
|turn|20
|
|t:|1769439342
|move|p1a: Pikachu|Knock Off|p2a: Ting-Lu
|-resisted|p2a: Ting-Lu
|-damage|p2a: Ting-Lu|25/100 brn
|-enditem|p2a: Ting-Lu|Leftovers|[from] move: Knock Off|[of] p1a: Pikachu
|move|p2a: Ting-Lu|Earthquake|p1a: Pikachu
|-supereffective|p1a: Pikachu
|-damage|p1a: Pikachu|0 fnt
|faint|p1a: Pikachu
|
|-damage|p2a: Ting-Lu|19/100 brn|[from] brn
|upkeep
|
|t:|1769439355
|switch|p1a: Houndoom|Houndoom, M, tera:Fire|32/100
|-damage|p1a: Houndoom|8/100|[from] Stealth Rock
|turn|21
|
|t:|1769439364
|switch|p2a: Ogerpon|Ogerpon-Wellspring, F|100/100
|move|p1a: Houndoom|Trailblaze|p2a: Ogerpon
|-damage|p2a: Ogerpon|85/100
|-boost|p1a: Houndoom|spe|1
|
|upkeep
|turn|22
|
|t:|1769439373
|move|p1a: Houndoom|Sludge Bomb|p2a: Ogerpon
|-supereffective|p2a: Ogerpon
|-damage|p2a: Ogerpon|22/100
|-status|p2a: Ogerpon|psn
|move|p2a: Ogerpon|Ivy Cudgel|p1a: Houndoom|[anim] Ivy Cudgel Water
|-supereffective|p1a: Houndoom
|-damage|p1a: Houndoom|0 fnt
|faint|p1a: Houndoom
|
|win|arnoldafricaus
|raw|aaruuuuuuuuu's rating: 1210 &rarr; <strong>1186</strong><br />(-24 for losing)
|raw|arnoldafricaus's rating: 1218 &rarr; <strong>1242</strong><br />(+24 for winning)
|l|☆aaruuuuuuuuu
|player|p1|
|l|☆arnoldafricaus
|player|p2|
