|j|☆poloniumew
|j|☆acidosis
|t:|1769303361
|gametype|singles
|player|p1|poloniumew|serena-masters3|1519
|player|p2|acidosis|169|1509
|gen|9
|tier|[Gen 9] OU
|rated|
|rule|HP Percentage Mod: HP is shown in percentages
|rule|Endless Battle Clause: Forcing endless battles is banned
|rule|Species Clause: Limit one of each Pokémon
|rule|OHKO Clause: OHKO moves are banned
|rule|Evasion Items Clause: Evasion items are banned
|rule|Evasion Moves Clause: Evasion moves are banned
|rule|Evasion Abilities Clause: Evasion abilities are banned
|rule|Sleep Moves Clause: Sleep-inducing moves are banned
|clearpoke
|poke|p1|Kyurem|
|poke|p1|Zapdos|
|poke|p1|Alomomola, F|
|poke|p1|Slowking-Galar, M|
|poke|p1|Samurott-Hisui, M|
|poke|p1|Great Tusk|
|poke|p2|Dragonite, M|
|poke|p2|Great Tusk|
|poke|p2|Grimmsnarl, M|
|poke|p2|Braviary-Hisui, M|
|poke|p2|Darkrai|
|poke|p2|Manaphy|
|teampreview
|inactive|Battle timer is ON: inactive players will automatically lose when time's up. (requested by poloniumew)
|
|t:|1769303369
|teamsize|p1|6
|teamsize|p2|6
|start
|switch|p1a: Kyurem|Kyurem|100/100
|switch|p2a: Grimmsnarl|Grimmsnarl, M, shiny|100/100
|-ability|p1a: Kyurem|Pressure
|turn|1
|
|t:|1769303375
|move|p2a: Grimmsnarl|Reflect|p2a: Grimmsnarl
|-sidestart|p2: acidosis|Reflect
|move|p1a: Kyurem|Substitute|p1a: Kyurem
|-start|p1a: Kyurem|Substitute
|-damage|p1a: Kyurem|75/100
|
|-heal|p1a: Kyurem|82/100|[from] item: Leftovers
|upkeep
|turn|2
|
|t:|1769303380
|move|p1a: Kyurem|Freeze-Dry|p2a: Grimmsnarl
|-damage|p2a: Grimmsnarl|65/100
|move|p2a: Grimmsnarl|Spirit Break|p1a: Kyurem
|-supereffective|p1a: Kyurem
|-end|p1a: Kyurem|Substitute
|
|-heal|p1a: Kyurem|88/100|[from] item: Leftovers
|upkeep
|turn|3
|
|t:|1769303389
|move|p1a: Kyurem|Protect|p1a: Kyurem
|-singleturn|p1a: Kyurem|Protect
|move|p2a: Grimmsnarl|Thunder Wave|p1a: Kyurem
|-activate|p1a: Kyurem|move: Protect
|
|-heal|p1a: Kyurem|94/100|[from] item: Leftovers
|upkeep
|turn|4
|
|t:|1769303394
|switch|p1a: Zapdos|Zapdos|100/100
|move|p2a: Grimmsnarl|Thunder Wave|p1a: Zapdos
|-immune|p1a: Zapdos
|
|upkeep
|turn|5
|
|t:|1769303398
|move|p2a: Grimmsnarl|Light Screen|p2a: Grimmsnarl
|-sidestart|p2: acidosis|move: Light Screen
|move|p1a: Zapdos|Thunder Wave|p2a: Grimmsnarl
|-status|p2a: Grimmsnarl|par
|
|upkeep
|turn|6
|
|t:|1769303411
|switch|p2a: Manaphy|Manaphy, shiny|100/100
|move|p1a: Zapdos|Hurricane|p2a: Manaphy
|-damage|p2a: Manaphy|76/100
|
|upkeep
|turn|7
|
|t:|1769303417
|move|p2a: Manaphy|Hydro Pump|p1a: Zapdos
|-damage|p1a: Zapdos|52/100
|move|p1a: Zapdos|Volt Switch|p2a: Manaphy
|-supereffective|p2a: Manaphy
|-damage|p2a: Manaphy|44/100
|
|t:|1769303424
|switch|p1a: Slowking|Slowking-Galar, M|100/100|[from] Volt Switch
|
|upkeep
|turn|8
|
|t:|1769303427
|move|p2a: Manaphy|Supersonic|p1a: Slowking
|-start|p1a: Slowking|confusion
|-activate|p1a: Slowking|confusion
|move|p1a: Slowking|Sludge Bomb|p2a: Manaphy
|-damage|p2a: Manaphy|29/100
|-status|p2a: Manaphy|psn
|
|-damage|p2a: Manaphy|17/100 psn|[from] psn
|-sideend|p2: acidosis|Reflect
|upkeep
|turn|9
|
|t:|1769303434
|move|p2a: Manaphy|Tail Glow|p2a: Manaphy
|-boost|p2a: Manaphy|spa|3
|-prepare|p1a: Slowking|Chilly Reception|[premajor]
|-activate|p1a: Slowking|confusion
|move|p1a: Slowking|Chilly Reception|p1a: Slowking
|-weather|Snowscape
|
|t:|1769303443
|switch|p1a: Kyurem|Kyurem|94/100|[from] Chilly Reception
|-ability|p1a: Kyurem|Pressure
|
|-weather|Snowscape|[upkeep]
|-heal|p1a: Kyurem|99/100|[from] item: Leftovers
|-damage|p2a: Manaphy|5/100 psn|[from] psn
|upkeep
|turn|10
|
|t:|1769303449
|switch|p2a: Grimmsnarl|Grimmsnarl, M, shiny|65/100 par
|move|p1a: Kyurem|Protect||[still]
|-fail|p1a: Kyurem
|
|-weather|Snowscape|[upkeep]
|-heal|p1a: Kyurem|100/100|[from] item: Leftovers
|upkeep
|turn|11
|
|t:|1769303461
|switch|p1a: Zapdos|Zapdos|52/100
|move|p2a: Grimmsnarl|Thunder Wave|p1a: Zapdos
|-immune|p1a: Zapdos
|
|-weather|Snowscape|[upkeep]
|upkeep
|turn|12
|
|t:|1769303465
|move|p2a: Grimmsnarl|Reflect|p2a: Grimmsnarl
|-sidestart|p2: acidosis|Reflect
|move|p1a: Zapdos|Roost|p1a: Zapdos
|-heal|p1a: Zapdos|100/100
|-singleturn|p1a: Zapdos|move: Roost
|
|-weather|Snowscape|[upkeep]
|-sideend|p2: acidosis|move: Light Screen
|upkeep
|turn|13
|
|t:|1769303469
|move|p2a: Grimmsnarl|Light Screen|p2a: Grimmsnarl
|-sidestart|p2: acidosis|move: Light Screen
|move|p1a: Zapdos|Volt Switch|p2a: Grimmsnarl
|-damage|p2a: Grimmsnarl|50/100 par
|
|t:|1769303473
|switch|p1a: Great Tusk|Great Tusk|100/100|[from] Volt Switch
|
|-weather|none
|upkeep
|turn|14
|
|t:|1769303478
|-end|p1a: Great Tusk|Protosynthesis|[silent]
|switch|p1a: Zapdos|Zapdos|100/100
|switch|p2a: Braviary|Braviary-Hisui, M, shiny|100/100
|
|upkeep
|turn|15
|
|t:|1769303489
|move|p1a: Zapdos|Volt Switch|p2a: Braviary
|-supereffective|p2a: Braviary
|-damage|p2a: Braviary|62/100
|
|t:|1769303492
|switch|p1a: Slowking|Slowking-Galar, M|100/100|[from] Volt Switch
|move|p2a: Braviary|Calm Mind|p2a: Braviary
|-boost|p2a: Braviary|spa|1
|-boost|p2a: Braviary|spd|1
|
|-heal|p2a: Braviary|68/100|[from] item: Leftovers
|upkeep
|turn|16
|
|t:|1769303499
|move|p2a: Braviary|Esper Wing|p1a: Slowking
|-damage|p1a: Slowking|64/100
|-boost|p2a: Braviary|spe|1
|move|p1a: Slowking|Sludge Bomb|p2a: Braviary
|-damage|p2a: Braviary|53/100
|
|-heal|p2a: Braviary|60/100|[from] item: Leftovers
|upkeep
|turn|17
|
|t:|1769303506
|move|p2a: Braviary|Calm Mind|p2a: Braviary
|-boost|p2a: Braviary|spa|1
|-boost|p2a: Braviary|spd|1
|-prepare|p1a: Slowking|Chilly Reception|[premajor]
|move|p1a: Slowking|Chilly Reception|p1a: Slowking
|-weather|Snowscape
|
|t:|1769303516
|switch|p1a: Samurott|Samurott-Hisui, M|100/100|[from] Chilly Reception
|
|-weather|Snowscape|[upkeep]
|-heal|p2a: Braviary|66/100|[from] item: Leftovers
|upkeep
|turn|18
|
|t:|1769303523
|-terastallize|p2a: Braviary|Fairy
|move|p2a: Braviary|Hurricane|p1a: Samurott|[miss]
|-miss|p2a: Braviary|p1a: Samurott
|move|p1a: Samurott|Knock Off|p2a: Braviary
|-resisted|p2a: Braviary
|-damage|p2a: Braviary|54/100
|-enditem|p2a: Braviary|Leftovers|[from] move: Knock Off|[of] p1a: Samurott
|
|-weather|Snowscape|[upkeep]
|upkeep
|turn|19
|
|t:|1769303540
|move|p2a: Braviary|Roost|p2a: Braviary
|-heal|p2a: Braviary|100/100
|move|p1a: Samurott|Flip Turn|p2a: Braviary
|-damage|p2a: Braviary|85/100
|
|t:|1769303546
|switch|p1a: Slowking|Slowking-Galar, M|97/100|[from] Flip Turn
|
|-weather|Snowscape|[upkeep]
|-sideend|p2: acidosis|Reflect
|upkeep
|turn|20
|j| averyradiant
|l| averyradiant
|
|t:|1769303554
|move|p2a: Braviary|Hurricane|p1a: Slowking|[miss]
|-miss|p2a: Braviary|p1a: Slowking
|move|p1a: Slowking|Sludge Bomb|p2a: Braviary
|-supereffective|p2a: Braviary
|-damage|p2a: Braviary|63/100
|
|-weather|Snowscape|[upkeep]
|-sideend|p2: acidosis|move: Light Screen
|upkeep
|turn|21
|
|t:|1769303558
|move|p2a: Braviary|Hurricane|p1a: Slowking
|-damage|p1a: Slowking|35/100
|move|p1a: Slowking|Sludge Bomb|p2a: Braviary
|-supereffective|p2a: Braviary
|-damage|p2a: Braviary|19/100
|-status|p2a: Braviary|psn
|
|-weather|none
|-damage|p2a: Braviary|7/100 psn|[from] psn
|upkeep
|turn|22
|
|t:|1769303568
|switch|p1a: Samurott|Samurott-Hisui, M|100/100
|move|p2a: Braviary|Roost|p2a: Braviary
|-heal|p2a: Braviary|57/100 psn
|
|-damage|p2a: Braviary|45/100 psn|[from] psn
|upkeep
|turn|23
|
|t:|1769303576
|move|p2a: Braviary|Hurricane|p1a: Samurott
|-damage|p1a: Samurott|16/100
|move|p1a: Samurott|Razor Shell|p2a: Braviary
|-damage|p2a: Braviary|0 fnt
|faint|p2a: Braviary
|
|upkeep
|
|t:|1769303585
|switch|p2a: Grimmsnarl|Grimmsnarl, M, shiny|50/100 par
|turn|24
|-message|acidosis forfeited.
|
|win|poloniumew
|raw|poloniumew's rating: 1519 &rarr; <strong>1538</strong><br />(+19 for winning)
|raw|acidosis's rating: 1509 &rarr; <strong>1490</strong><br />(-19 for losing)
|l|☆acidosis
|player|p2|
|l|☆poloniumew
|player|p1|
