|j|☆alexismarelli
|j|☆zbot500
|t:|1769293468
|gametype|singles
|player|p1|alexismarelli|102|1126
|player|p2|zbot500|101|1162
|gen|9
|tier|[Gen 9] OU
|rated|
|rule|HP Percentage Mod: HP is shown in percentages
|rule|Endless Battle Clause: Forcing endless battles is banned
|rule|Species Clause: Limit one of each Pokémon
|rule|OHKO Clause: OHKO moves are banned
|rule|Evasion Items Clause: Evasion items are banned
|rule|Evasion Moves Clause: Evasion moves are banned
|rule|Evasion Abilities Clause: Evasion abilities are banned
|rule|Sleep Moves Clause: Sleep-inducing moves are banned
|clearpoke
|poke|p1|Smeargle, F|
|poke|p1|Furret, M|
|poke|p1|Gumshoos, M|
|poke|p1|Persian, F|
|poke|p1|Zangoose, F|
|poke|p1|Greedent, M|
|poke|p2|Torkoal, F|
|poke|p2|Hatterene, F|
|poke|p2|Raging Bolt|
|poke|p2|Slither Wing|
|poke|p2|Venusaur, F|
|poke|p2|Walking Wake|
|teampreview
|
|t:|1769293474
|teamsize|p1|6
|teamsize|p2|6
|start
|switch|p1a: Smeargle|Smeargle, F|100/100
|switch|p2a: Hat Girl|Hatterene, F|100/100
|-item|p2a: Hat Girl|Air Balloon
|turn|1
|inactive|Battle timer is ON: inactive players will automatically lose when time's up. (requested by zbot500)
|
|t:|1769293481
|move|p1a: Smeargle|Shell Smash|p1a: Smeargle
|-unboost|p1a: Smeargle|def|1
|-unboost|p1a: Smeargle|spd|1
|-boost|p1a: Smeargle|atk|2
|-boost|p1a: Smeargle|spa|2
|-boost|p1a: Smeargle|spe|2
|move|p2a: Hat Girl|Trick Room|p2a: Hat Girl
|-fieldstart|move: Trick Room|[of] p2a: Hat Girl
|
|upkeep
|turn|2
|c|☆zbot500|speed set up against trick room
|c|☆zbot500|play of the century
|
|t:|1769293510
|move|p2a: Hat Girl|Psychic Noise|p1a: Smeargle
|-enditem|p1a: Smeargle|Focus Sash
|-damage|p1a: Smeargle|1/100
|-start|p1a: Smeargle|move: Heal Block
|move|p1a: Smeargle|Population Bomb|p2a: Hat Girl
|-damage|p2a: Hat Girl|88/100
|-enditem|p2a: Hat Girl|Air Balloon
|-crit|p2a: Hat Girl
|-damage|p2a: Hat Girl|71/100
|-damage|p2a: Hat Girl|60/100
|-damage|p2a: Hat Girl|50/100
|-damage|p2a: Hat Girl|39/100
|-damage|p2a: Hat Girl|27/100
|-damage|p2a: Hat Girl|16/100
|-damage|p2a: Hat Girl|3/100
|-damage|p2a: Hat Girl|0 fnt
|faint|p2a: Hat Girl
|-hitcount|p2: Hat Girl|9
|
|upkeep
|
|t:|1769293529
|switch|p2a: Turtle Boy|Torkoal, F|100/100
|-weather|SunnyDay|[from] ability: Drought|[of] p2a: Turtle Boy
|turn|3
|
|t:|1769293543
|move|p1a: Smeargle|Burning Bulwark|p1a: Smeargle
|-singleturn|p1a: Smeargle|move: Protect
|move|p2a: Turtle Boy|Eruption|p1a: Smeargle
|-activate|p1a: Smeargle|move: Protect
|
|-weather|SunnyDay|[upkeep]
|-end|p1a: Smeargle|move: Heal Block
|upkeep
|turn|4
|
|t:|1769293551
|move|p1a: Smeargle|Burning Bulwark||[still]
|-fail|p1a: Smeargle
|move|p2a: Turtle Boy|Eruption|p1a: Smeargle
|-damage|p1a: Smeargle|0 fnt
|faint|p1a: Smeargle
|
|-weather|SunnyDay|[upkeep]
|upkeep
|
|t:|1769293557
|switch|p1a: Greedent|Greedent, M|100/100
|turn|5
|
|t:|1769293560
|move|p2a: Turtle Boy|Eruption|p1a: Greedent
|-damage|p1a: Greedent|3/100
|-enditem|p1a: Greedent|Sitrus Berry|[eat]
|-heal|p1a: Greedent|28/100|[from] item: Sitrus Berry
|-heal|p1a: Greedent|62/100|[from] ability: Cheek Pouch
|move|p1a: Greedent|Earthquake|p2a: Turtle Boy
|-supereffective|p2a: Turtle Boy
|-damage|p2a: Turtle Boy|50/100
|
|-weather|SunnyDay|[upkeep]
|-fieldend|move: Trick Room
|upkeep
|turn|6
|
|t:|1769293580
|move|p1a: Greedent|Earthquake|p2a: Turtle Boy
|-supereffective|p2a: Turtle Boy
|-damage|p2a: Turtle Boy|0 fnt
|faint|p2a: Turtle Boy
|
|-weather|SunnyDay|[upkeep]
|upkeep
|
|t:|1769293591
|switch|p2a: Wing King|Slither Wing|100/100
|-activate|p2a: Wing King|ability: Protosynthesis
|-start|p2a: Wing King|protosynthesisatk
|turn|7
|
|t:|1769293600
|move|p2a: Wing King|First Impression|p1a: Greedent
|-damage|p1a: Greedent|6/100
|move|p1a: Greedent|Body Slam|p2a: Wing King
|-damage|p2a: Wing King|49/100
|-status|p2a: Wing King|par
|
|-weather|SunnyDay|[upkeep]
|upkeep
|turn|8
|
|t:|1769293613
|move|p2a: Wing King|U-turn|p1a: Greedent
|-damage|p1a: Greedent|0 fnt
|faint|p1a: Greedent
|
|t:|1769293619
|-end|p2a: Wing King|Protosynthesis|[silent]
|switch|p2a: The Bolt|Raging Bolt|100/100|[from] U-turn
|-activate|p2a: The Bolt|ability: Protosynthesis
|-start|p2a: The Bolt|protosynthesisspa
|
|-weather|SunnyDay|[upkeep]
|upkeep
|
|t:|1769293623
|switch|p1a: Furret|Furret, M|100/100
|-item|p2a: The Bolt|Life Orb|[from] ability: Frisk|[of] p1a: Furret
|turn|9
|
|t:|1769293629
|move|p1a: Furret|Trick|p2a: The Bolt
|-activate|p1a: Furret|move: Trick|[of] p2a: The Bolt
|-item|p2a: The Bolt|Choice Scarf|[from] move: Trick
|-item|p1a: Furret|Life Orb|[from] move: Trick
|move|p2a: The Bolt|Solar Beam||[still]
|-prepare|p2a: The Bolt|Solar Beam
|-anim|p2a: The Bolt|Solar Beam|p1a: Furret
|-damage|p1a: Furret|0 fnt
|faint|p1a: Furret
|
|-weather|SunnyDay|[upkeep]
|upkeep
|
|t:|1769293640
|switch|p1a: Gumshoos|Gumshoos, M|100/100
|turn|10
|
|t:|1769293644
|move|p2a: The Bolt|Solar Beam||[still]
|-prepare|p2a: The Bolt|Solar Beam
|-anim|p2a: The Bolt|Solar Beam|p1a: Gumshoos
|-damage|p1a: Gumshoos|18/100
|move|p1a: Gumshoos|Ice Fang|p2a: The Bolt
|-supereffective|p2a: The Bolt
|-damage|p2a: The Bolt|20/100
|-damage|p1a: Gumshoos|8/100|[from] item: Life Orb
|
|-weather|none
|-end|p2a: The Bolt|Protosynthesis
|upkeep
|turn|11
|
|t:|1769293655
|-end|p2a: The Bolt|Protosynthesis|[silent]
|switch|p2a: The Wakester|Walking Wake|100/100
|move|p1a: Gumshoos|Ice Fang|p2a: The Wakester
|-crit|p2a: The Wakester
|-damage|p2a: The Wakester|36/100
|-damage|p1a: Gumshoos|0 fnt|[from] item: Life Orb
|faint|p1a: Gumshoos
|
|upkeep
|
|t:|1769293660
|switch|p1a: Persian|Persian, F|100/100
|turn|12
|
|t:|1769293671
|move|p1a: Persian|Fake Out|p2a: The Wakester
|-crit|p2a: The Wakester
|-damage|p2a: The Wakester|0 fnt
|faint|p2a: The Wakester
|-end|p2a: The Wakester|Protosynthesis|[silent]
|
|upkeep
|
|t:|1769293676
|switch|p2a: The Bolt|Raging Bolt|20/100
|turn|13
|
|t:|1769293681
|move|p2a: The Bolt|Thunderclap|p1a: Persian
|-damage|p1a: Persian|22/100
|move|p1a: Persian|U-turn|p2a: The Bolt
|-damage|p2a: The Bolt|4/100
|
|t:|1769293685
|switch|p1a: Zangoose|Zangoose, F|100/100|[from] U-turn
|
|-status|p1a: Zangoose|tox|[from] item: Toxic Orb
|upkeep
|turn|14
|
|t:|1769293690
|move|p2a: The Bolt|Thunderclap|p1a: Zangoose
|-damage|p1a: Zangoose|22/100 tox
|move|p1a: Zangoose|Quick Attack|p2a: The Bolt
|-crit|p2a: The Bolt
|-damage|p2a: The Bolt|0 fnt
|faint|p2a: The Bolt
|-end|p2a: The Bolt|Protosynthesis|[silent]
|
|-damage|p1a: Zangoose|16/100 tox|[from] psn
|upkeep
|
|t:|1769293698
|switch|p2a: Wing King|Slither Wing|49/100 par
|turn|15
|
|t:|1769293705
|switch|p1a: Persian|Persian, F|22/100
|move|p2a: Wing King|First Impression|p1a: Persian
|-damage|p1a: Persian|0 fnt
|faint|p1a: Persian
|
|upkeep
|
|t:|1769293707
|switch|p1a: Zangoose|Zangoose, F|16/100 tox
|turn|16
|
|t:|1769293716
|-terastallize|p1a: Zangoose|Normal
|move|p1a: Zangoose|Facade|p2a: Wing King
|-damage|p2a: Wing King|0 fnt
|faint|p2a: Wing King
|-end|p2a: Wing King|Protosynthesis|[silent]
|
|-damage|p1a: Zangoose|10/100 tox|[from] psn
|upkeep
|
|t:|1769293723
|switch|p2a: Kermit|Venusaur, F|100/100
|turn|17
|
|t:|1769293729
|move|p1a: Zangoose|Facade|p2a: Kermit
|-damage|p2a: Kermit|0 fnt
|faint|p2a: Kermit
|
|win|alexismarelli
|raw|alexismarelli's rating: 1126 &rarr; <strong>1154</strong><br />(+28 for winning)
|raw|zbot500's rating: 1162 &rarr; <strong>1134</strong><br />(-28 for losing)
|l|☆alexismarelli
|player|p1|
|l|☆zbot500
|player|p2|
