|j|☆user_36739535
|j|☆SoyGomezLoco
|t:|1769411454
|gametype|singles
|player|p1|user_36739535|170|1285
|player|p2|SoyGomezLoco|hiker-gen4|1230
|gen|9
|tier|[Gen 9] OU
|rated|
|rule|HP Percentage Mod: HP is shown in percentages
|rule|Endless Battle Clause: Forcing endless battles is banned
|rule|Species Clause: Limit one of each Pokémon
|rule|OHKO Clause: OHKO moves are banned
|rule|Evasion Items Clause: Evasion items are banned
|rule|Evasion Moves Clause: Evasion moves are banned
|rule|Evasion Abilities Clause: Evasion abilities are banned
|rule|Sleep Moves Clause: Sleep-inducing moves are banned
|clearpoke
|poke|p1|Landorus-Therian, M|
|poke|p1|Heatran, M|
|poke|p1|Tsareena, F|
|poke|p1|Pecharunt|
|poke|p1|Samurott-Hisui, F|
|poke|p1|Dragonite, M|
|poke|p2|Samurott-Hisui, M|
|poke|p2|Glimmora, F|
|poke|p2|Corviknight, F|
|poke|p2|Ceruledge, F|
|poke|p2|Great Tusk|
|poke|p2|Polteageist-Antique|
|teampreview
|
|t:|1769411462
|teamsize|p1|6
|teamsize|p2|6
|start
|switch|p1a: Heatran|Heatran, M|100/100
|switch|p2a: Samurott|Samurott-Hisui, M|100/100
|turn|1
|
|t:|1769411468
|move|p2a: Samurott|Swords Dance|p2a: Samurott
|-boost|p2a: Samurott|atk|2
|move|p1a: Heatran|Stealth Rock|p2a: Samurott
|-sidestart|p2: SoyGomezLoco|move: Stealth Rock
|
|upkeep
|turn|2
|
|t:|1769411475
|move|p2a: Samurott|Swords Dance|p2a: Samurott
|-boost|p2a: Samurott|atk|2
|move|p1a: Heatran|Earth Power|p2a: Samurott
|-damage|p2a: Samurott|70/100
|-unboost|p2a: Samurott|spd|1
|
|upkeep
|turn|3
|
|t:|1769411485
|move|p2a: Samurott|Aqua Jet|p1a: Heatran
|-supereffective|p1a: Heatran
|-damage|p1a: Heatran|0 fnt
|faint|p1a: Heatran
|
|upkeep
|
|t:|1769411489
|switch|p1a: Tsareena|Tsareena, F|100/100
|turn|4
|
|t:|1769411495
|-terastallize|p2a: Samurott|Ghost
|move|p2a: Samurott|Ceaseless Edge|p1a: Tsareena
|-damage|p1a: Tsareena|0 fnt
|-sidestart|p1: user_36739535|Spikes
|faint|p1a: Tsareena
|
|upkeep
|
|t:|1769411502
|switch|p1a: Samurott|Samurott-Hisui, F, shiny|100/100
|-damage|p1a: Samurott|88/100|[from] Spikes
|turn|5
|
|t:|1769411506
|move|p2a: Samurott|Sucker Punch|p1a: Samurott
|-resisted|p1a: Samurott
|-damage|p1a: Samurott|20/100
|move|p1a: Samurott|Knock Off|p2a: Samurott
|-supereffective|p2a: Samurott
|-damage|p2a: Samurott|0 fnt
|-enditem|p2a: Samurott|Sitrus Berry|[from] move: Knock Off|[of] p1a: Samurott
|faint|p2a: Samurott
|
|upkeep
|
|t:|1769411515
|switch|p2a: Great Tusk|Great Tusk|100/100
|-damage|p2a: Great Tusk|98/100|[from] Stealth Rock
|-enditem|p2a: Great Tusk|Booster Energy
|-activate|p2a: Great Tusk|ability: Protosynthesis|[fromitem]
|-start|p2a: Great Tusk|protosynthesisatk
|turn|6
|
|t:|1769411522
|switch|p1a: Pecharunt|Pecharunt|100/100
|-damage|p1a: Pecharunt|88/100|[from] Spikes
|move|p2a: Great Tusk|Rapid Spin|p1a: Pecharunt
|-immune|p1a: Pecharunt
|
|upkeep
|turn|7
|
|t:|1769411530
|move|p2a: Great Tusk|Headlong Rush|p1a: Pecharunt
|-supereffective|p1a: Pecharunt
|-crit|p1a: Pecharunt
|-damage|p1a: Pecharunt|0 fnt
|-unboost|p2a: Great Tusk|def|1
|-unboost|p2a: Great Tusk|spd|1
|-damage|p2a: Great Tusk|81/100|[from] item: Rocky Helmet|[of] p1a: Pecharunt
|faint|p1a: Pecharunt
|
|upkeep
|
|t:|1769411537
|switch|p1a: Landorus|Landorus-Therian, M|100/100
|-ability|p1a: Landorus|Intimidate|boost
|-unboost|p2a: Great Tusk|atk|1
|turn|8
|
|t:|1769411542
|-terastallize|p1a: Landorus|Flying
|move|p1a: Landorus|Tera Blast|p2a: Great Tusk|[anim] Tera Blast Flying
|-supereffective|p2a: Great Tusk
|-damage|p2a: Great Tusk|0 fnt
|faint|p2a: Great Tusk
|-end|p2a: Great Tusk|Protosynthesis|[silent]
|
|upkeep
|
|t:|1769411552
|switch|p2a: Corviknight|Corviknight, F|100/100
|-damage|p2a: Corviknight|88/100|[from] Stealth Rock
|turn|9
|
|t:|1769411558
|move|p1a: Landorus|Tera Blast|p2a: Corviknight|[anim] Tera Blast Flying
|-resisted|p2a: Corviknight
|-damage|p2a: Corviknight|53/100
|move|p2a: Corviknight|Iron Defense|p2a: Corviknight
|-boost|p2a: Corviknight|def|2
|
|-heal|p2a: Corviknight|59/100|[from] item: Leftovers
|upkeep
|turn|10
|
|t:|1769411566
|move|p1a: Landorus|Tera Blast|p2a: Corviknight|[anim] Tera Blast Flying
|-resisted|p2a: Corviknight
|-damage|p2a: Corviknight|40/100
|move|p2a: Corviknight|Iron Defense|p2a: Corviknight
|-boost|p2a: Corviknight|def|2
|
|-heal|p2a: Corviknight|46/100|[from] item: Leftovers
|upkeep
|turn|11
|
|t:|1769411575
|switch|p1a: Dragonite|Dragonite, M, shiny|100/100
|move|p2a: Corviknight|Roost|p2a: Corviknight
|-heal|p2a: Corviknight|96/100
|-singleturn|p2a: Corviknight|move: Roost
|
|-heal|p2a: Corviknight|100/100|[from] item: Leftovers
|upkeep
|turn|12
|
|t:|1769411584
|move|p2a: Corviknight|Body Press|p1a: Dragonite
|-resisted|p1a: Dragonite
|-damage|p1a: Dragonite|88/100
|move|p1a: Dragonite|Dragon Tail|p2a: Corviknight|[miss]
|-miss|p1a: Dragonite|p2a: Corviknight
|
|upkeep
|turn|13
|
|t:|1769411592
|move|p2a: Corviknight|Body Press|p1a: Dragonite
|-resisted|p1a: Dragonite
|-damage|p1a: Dragonite|62/100
|move|p1a: Dragonite|Dragon Tail|p2a: Corviknight
|-resisted|p2a: Corviknight
|-damage|p2a: Corviknight|95/100
|drag|p2a: Ceruledge|Ceruledge, F|100/100
|
|upkeep
|turn|14
|
|t:|1769411602
|move|p2a: Ceruledge|Swords Dance|p2a: Ceruledge
|-boost|p2a: Ceruledge|atk|2
|move|p1a: Dragonite|Roost|p1a: Dragonite
|-heal|p1a: Dragonite|100/100
|-singleturn|p1a: Dragonite|move: Roost
|
|upkeep
|turn|15
|
|t:|1769411610
|move|p2a: Ceruledge|Poltergeist|p1a: Dragonite
|-activate|p1a: Dragonite|move: Poltergeist|Heavy-Duty Boots
|-damage|p1a: Dragonite|46/100
|move|p1a: Dragonite|Dragon Tail|p2a: Ceruledge
|-damage|p2a: Ceruledge|47/100
|-ability|p2a: Ceruledge|Weak Armor|boost
|-unboost|p2a: Ceruledge|def|1
|-boost|p2a: Ceruledge|spe|2
|drag|p2a: Corviknight|Corviknight, F|95/100
|-damage|p2a: Corviknight|83/100|[from] Stealth Rock
|
|-heal|p2a: Corviknight|89/100|[from] item: Leftovers
|upkeep
|turn|16
|
|t:|1769411625
|switch|p1a: Samurott|Samurott-Hisui, F, shiny|20/100
|-damage|p1a: Samurott|7/100|[from] Spikes
|move|p2a: Corviknight|Brave Bird|p1a: Samurott
|-damage|p1a: Samurott|0 fnt
|faint|p1a: Samurott
|-damage|p2a: Corviknight|87/100|[from] Recoil
|
|-heal|p2a: Corviknight|93/100|[from] item: Leftovers
|upkeep
|
|t:|1769411631
|switch|p1a: Dragonite|Dragonite, M, shiny|46/100
|turn|17
|
|t:|1769411638
|move|p2a: Corviknight|Body Press|p1a: Dragonite
|-resisted|p1a: Dragonite
|-damage|p1a: Dragonite|37/100
|move|p1a: Dragonite|Dragon Tail|p2a: Corviknight
|-resisted|p2a: Corviknight
|-damage|p2a: Corviknight|78/100
|drag|p2a: Glimmora|Glimmora, F|100/100
|-damage|p2a: Glimmora|88/100|[from] Stealth Rock
|
|upkeep
|turn|18
|
|t:|1769411649
|move|p2a: Glimmora|Stealth Rock|p1a: Dragonite
|-sidestart|p1: user_36739535|move: Stealth Rock
|move|p1a: Dragonite|Earthquake|p2a: Glimmora
|-supereffective|p2a: Glimmora
|-damage|p2a: Glimmora|0 fnt
|-activate|p2a: Glimmora|ability: Toxic Debris
|-sidestart|p1: user_36739535|move: Toxic Spikes
|faint|p2a: Glimmora
|
|upkeep
|
|t:|1769411658
|switch|p2a: Polteageist|Polteageist-Antique|100/100
|-damage|p2a: Polteageist|88/100|[from] Stealth Rock
|turn|19
|
|t:|1769411666
|move|p2a: Polteageist|Strength Sap|p1a: Dragonite
|-unboost|p1a: Dragonite|atk|1
|-heal|p2a: Polteageist|100/100
|move|p1a: Dragonite|Dragon Tail|p2a: Polteageist
|-damage|p2a: Polteageist|63/100
|drag|p2a: Ceruledge|Ceruledge, F|47/100
|
|upkeep
|turn|20
|
|t:|1769411675
|move|p2a: Ceruledge|Bitter Blade|p1a: Dragonite
|-resisted|p1a: Dragonite
|-damage|p1a: Dragonite|12/100
|-heal|p2a: Ceruledge|64/100|[from] drain|[of] p1a: Dragonite
|move|p1a: Dragonite|Roost|p1a: Dragonite
|-heal|p1a: Dragonite|62/100
|-singleturn|p1a: Dragonite|move: Roost
|
|upkeep
|turn|21
|
|t:|1769411684
|move|p2a: Ceruledge|Swords Dance|p2a: Ceruledge
|-boost|p2a: Ceruledge|atk|2
|move|p1a: Dragonite|Dragon Tail|p2a: Ceruledge|[miss]
|-miss|p1a: Dragonite|p2a: Ceruledge
|
|upkeep
|turn|22
|
|t:|1769411691
|move|p2a: Ceruledge|Poltergeist|p1a: Dragonite
|-activate|p1a: Dragonite|move: Poltergeist|Heavy-Duty Boots
|-damage|p1a: Dragonite|0 fnt
|faint|p1a: Dragonite
|
|upkeep
|
|t:|1769411695
|switch|p1a: Landorus|Landorus-Therian, M, tera:Flying|100/100
|-damage|p1a: Landorus|76/100|[from] Stealth Rock
|-ability|p1a: Landorus|Intimidate|boost
|-unboost|p2a: Ceruledge|atk|1
|turn|23
|
|t:|1769411703
|move|p1a: Landorus|Stone Edge|p2a: Ceruledge
|-supereffective|p2a: Ceruledge
|-damage|p2a: Ceruledge|0 fnt
|faint|p2a: Ceruledge
|
|upkeep
|
|t:|1769411710
|switch|p2a: Corviknight|Corviknight, F|78/100
|-damage|p2a: Corviknight|65/100|[from] Stealth Rock
|turn|24
|
|t:|1769411714
|move|p1a: Landorus|Stone Edge|p2a: Corviknight
|-damage|p2a: Corviknight|18/100
|move|p2a: Corviknight|Iron Defense|p2a: Corviknight
|-boost|p2a: Corviknight|def|2
|
|-heal|p2a: Corviknight|24/100|[from] item: Leftovers
|upkeep
|turn|25
|
|t:|1769411723
|move|p1a: Landorus|Stone Edge|p2a: Corviknight
|-damage|p2a: Corviknight|0 fnt
|faint|p2a: Corviknight
|
|upkeep
|
|t:|1769411728
|switch|p2a: Polteageist|Polteageist-Antique|63/100
|-damage|p2a: Polteageist|50/100|[from] Stealth Rock
|turn|26
|
|t:|1769411732
|move|p1a: Landorus|Stone Edge|p2a: Polteageist
|-damage|p2a: Polteageist|0 fnt
|faint|p2a: Polteageist
|
|win|user_36739535
|raw|user_36739535's rating: 1285 &rarr; <strong>1306</strong><br />(+21 for winning)
|raw|SoyGomezLoco's rating: 1230 &rarr; <strong>1209</strong><br />(-21 for losing)
|l|☆SoyGomezLoco
|player|p2|
|l|☆user_36739535
|player|p1|
