|j|☆goon100
|j|☆Pichonidas
|t:|1769295468
|gametype|singles
|player|p1|goon100|169|1364
|player|p2|Pichonidas|falkner|1338
|gen|9
|tier|[Gen 9] OU
|rated|
|rule|HP Percentage Mod: HP is shown in percentages
|rule|Endless Battle Clause: Forcing endless battles is banned
|rule|Species Clause: Limit one of each Pokémon
|rule|OHKO Clause: OHKO moves are banned
|rule|Evasion Items Clause: Evasion items are banned
|rule|Evasion Moves Clause: Evasion moves are banned
|rule|Evasion Abilities Clause: Evasion abilities are banned
|rule|Sleep Moves Clause: Sleep-inducing moves are banned
|clearpoke
|poke|p1|Cinderace, F|
|poke|p1|Pecharunt|
|poke|p1|Deoxys-Speed|
|poke|p1|Dragonite, M|
|poke|p1|Golem-Alola, F|
|poke|p1|Ting-Lu|
|poke|p2|Dragapult, M|
|poke|p2|Glimmora, M|
|poke|p2|Comfey, M|
|poke|p2|Kingambit, M|
|poke|p2|Ogerpon-Wellspring, F|
|poke|p2|Blaziken, M|
|teampreview
|j| ZambiaZard
|inactive|Battle timer is ON: inactive players will automatically lose when time's up. (requested by Pichonidas)
|inactive|goon100 has 120 seconds left.
|
|t:|1769295505
|teamsize|p1|6
|teamsize|p2|6
|start
|switch|p1a: Ting-Lu|Ting-Lu|100/100
|switch|p2a: Ogerpon|Ogerpon-Wellspring, F|100/100
|-ability|p1a: Ting-Lu|Vessel of Ruin
|turn|1
|
|t:|1769295512
|switch|p1a: Pecharunt|Pecharunt|100/100
|move|p2a: Ogerpon|Taunt|p1a: Pecharunt
|-start|p1a: Pecharunt|move: Taunt
|
|upkeep
|turn|2
|
|t:|1769295522
|move|p2a: Ogerpon|U-turn|p1a: Pecharunt
|-resisted|p1a: Pecharunt
|-damage|p1a: Pecharunt|97/100
|-damage|p2a: Ogerpon|84/100|[from] item: Rocky Helmet|[of] p1a: Pecharunt
|
|t:|1769295526
|switch|p2a: Glimmora|Glimmora, M, shiny|100/100|[from] U-turn
|move|p1a: Pecharunt|Shadow Ball|p2a: Glimmora
|-damage|p2a: Glimmora|74/100
|-enditem|p2a: Glimmora|Red Card|[of] p1a: Pecharunt
|drag|p1a: Dragonite|Dragonite, M|100/100
|
|upkeep
|turn|3
|
|t:|1769295538
|switch|p1a: Ting-Lu|Ting-Lu|100/100
|-ability|p1a: Ting-Lu|Vessel of Ruin
|move|p2a: Glimmora|Mortal Spin|p1a: Ting-Lu
|-resisted|p1a: Ting-Lu
|-damage|p1a: Ting-Lu|99/100
|-status|p1a: Ting-Lu|psn
|
|-heal|p1a: Ting-Lu|100/100 psn|[from] item: Leftovers
|-damage|p1a: Ting-Lu|88/100 psn|[from] psn
|upkeep
|turn|4
|
|t:|1769295547
|move|p2a: Glimmora|Stealth Rock|p1a: Ting-Lu
|-sidestart|p1: goon100|move: Stealth Rock
|move|p1a: Ting-Lu|Earthquake|p2a: Glimmora
|-supereffective|p2a: Glimmora
|-damage|p2a: Glimmora|0 fnt
|-activate|p2a: Glimmora|ability: Toxic Debris
|-sidestart|p1: goon100|move: Toxic Spikes
|faint|p2a: Glimmora
|
|-heal|p1a: Ting-Lu|94/100 psn|[from] item: Leftovers
|-damage|p1a: Ting-Lu|82/100 psn|[from] psn
|upkeep
|
|t:|1769295554
|switch|p2a: Ogerpon|Ogerpon-Wellspring, F|84/100
|turn|5
|
|t:|1769295561
|switch|p1a: Pecharunt|Pecharunt|97/100
|-damage|p1a: Pecharunt|85/100|[from] Stealth Rock
|-sideend|p1: goon100|move: Toxic Spikes|[of] p1a: Pecharunt
|move|p2a: Ogerpon|Ivy Cudgel|p1a: Pecharunt|[anim] Ivy Cudgel Water
|-damage|p1a: Pecharunt|55/100
|
|upkeep
|turn|6
|
|t:|1769295572
|move|p2a: Ogerpon|Spikes|p1a: Pecharunt
|-sidestart|p1: goon100|Spikes
|move|p1a: Pecharunt|Malignant Chain|p2a: Ogerpon
|-supereffective|p2a: Ogerpon
|-damage|p2a: Ogerpon|13/100
|
|upkeep
|turn|7
|
|t:|1769295587
|switch|p1a: Cinderace|Cinderace, F|100/100
|move|p2a: Ogerpon|Spikes|p1a: Cinderace
|-sidestart|p1: goon100|Spikes
|
|upkeep
|turn|8
|
|t:|1769295593
|move|p1a: Cinderace|Court Change|p1a: Cinderace
|-start|p1a: Cinderace|typechange|Normal|[from] ability: Libero
|-swapsideconditions
|-activate|p1a: Cinderace|move: Court Change
|move|p2a: Ogerpon|Ivy Cudgel|p1a: Cinderace|[anim] Ivy Cudgel Water
|-damage|p1a: Cinderace|21/100
|
|upkeep
|turn|9
|
|t:|1769295601
|move|p1a: Cinderace|U-turn|p2a: Ogerpon
|-supereffective|p2a: Ogerpon
|-damage|p2a: Ogerpon|0 fnt
|faint|p2a: Ogerpon
|
|t:|1769295610
|switch|p1a: Deoxys|Deoxys-Speed|100/100|[from] U-turn
|-ability|p1a: Deoxys|Pressure
|
|upkeep
|
|t:|1769295615
|switch|p2a: Comfey|Comfey, M, shiny|100/100
|-damage|p2a: Comfey|88/100|[from] Stealth Rock
|-damage|p2a: Comfey|72/100|[from] Spikes
|turn|10
|
|t:|1769295633
|move|p1a: Deoxys|Nasty Plot|p1a: Deoxys
|-boost|p1a: Deoxys|spa|2
|move|p2a: Comfey|Substitute|p2a: Comfey
|-start|p2a: Comfey|Substitute
|-damage|p2a: Comfey|47/100
|
|upkeep
|turn|11
|
|t:|1769295641
|move|p1a: Deoxys|Thunderbolt|p2a: Comfey
|-end|p2a: Comfey|Substitute
|move|p2a: Comfey|Calm Mind|p2a: Comfey
|-boost|p2a: Comfey|spa|1
|-boost|p2a: Comfey|spd|1
|
|upkeep
|turn|12
|
|t:|1769295648
|-terastallize|p2a: Comfey|Ground
|move|p2a: Comfey|Draining Kiss|p1a: Deoxys
|-damage|p1a: Deoxys|46/100
|-heal|p2a: Comfey|84/100|[from] drain|[of] p1a: Deoxys
|-damage|p2a: Comfey|75/100|[from] item: Life Orb
|move|p1a: Deoxys|Psycho Boost|p2a: Comfey
|-damage|p2a: Comfey|0 fnt
|-unboost|p1a: Deoxys|spa|2
|faint|p2a: Comfey
|
|upkeep
|
|t:|1769295663
|switch|p2a: Kingambit|Kingambit, M, shiny|100/100
|-damage|p2a: Kingambit|94/100|[from] Stealth Rock
|-damage|p2a: Kingambit|78/100|[from] Spikes
|-activate|p2a: Kingambit|ability: Supreme Overlord
|-start|p2a: Kingambit|fallen3|[silent]
|turn|13
|
|t:|1769295676
|switch|p1a: Cinderace|Cinderace, F|21/100
|move|p2a: Kingambit|Swords Dance|p2a: Kingambit
|-boost|p2a: Kingambit|atk|2
|
|-heal|p2a: Kingambit|84/100|[from] item: Leftovers
|upkeep
|turn|14
|
|t:|1769295688
|move|p2a: Kingambit|Sucker Punch|p1a: Cinderace
|-damage|p1a: Cinderace|0 fnt
|faint|p1a: Cinderace
|
|-heal|p2a: Kingambit|90/100|[from] item: Leftovers
|upkeep
|
|t:|1769295696
|switch|p1a: Golem|Golem-Alola, F|100/100
|turn|15
|
|t:|1769295704
|move|p1a: Golem|Brick Break|p2a: Kingambit
|-supereffective|p2a: Kingambit
|-damage|p2a: Kingambit|0 fnt
|faint|p2a: Kingambit
|-end|p2a: Kingambit|fallen3|[silent]
|
|upkeep
|
|t:|1769295708
|switch|p2a: Blaziken|Blaziken, M, shiny|100/100
|-damage|p2a: Blaziken|88/100|[from] Stealth Rock
|-damage|p2a: Blaziken|72/100|[from] Spikes
|turn|16
|
|t:|1769295717
|move|p2a: Blaziken|Knock Off|p1a: Golem
|-damage|p1a: Golem|60/100
|-enditem|p1a: Golem|Choice Band|[from] move: Knock Off|[of] p2a: Blaziken
|-damage|p2a: Blaziken|62/100|[from] item: Life Orb
|move|p1a: Golem|Brick Break|p2a: Blaziken
|-damage|p2a: Blaziken|27/100
|
|-ability|p2a: Blaziken|Speed Boost|boost
|-boost|p2a: Blaziken|spe|1
|upkeep
|turn|17
|
|t:|1769295725
|move|p2a: Blaziken|Close Combat|p1a: Golem
|-supereffective|p1a: Golem
|-damage|p1a: Golem|0 fnt
|-unboost|p2a: Blaziken|def|1
|-unboost|p2a: Blaziken|spd|1
|faint|p1a: Golem
|-damage|p2a: Blaziken|17/100|[from] item: Life Orb
|
|-ability|p2a: Blaziken|Speed Boost|boost
|-boost|p2a: Blaziken|spe|1
|upkeep
|
|t:|1769295731
|switch|p1a: Dragonite|Dragonite, M|100/100
|turn|18
|
|t:|1769295734
|move|p1a: Dragonite|Extreme Speed|p2a: Blaziken
|-damage|p2a: Blaziken|0 fnt
|faint|p2a: Blaziken
|
|upkeep
|
|t:|1769295737
|switch|p2a: Dragapult|Dragapult, M, shiny|100/100
|-damage|p2a: Dragapult|88/100|[from] Stealth Rock
|-damage|p2a: Dragapult|72/100|[from] Spikes
|turn|19
|
|t:|1769295745
|move|p2a: Dragapult|Dragon Darts|p1a: Dragonite
|-supereffective|p1a: Dragonite
|-damage|p1a: Dragonite|77/100
|-anim|p2a: Dragapult|Dragon Darts|p1a: Dragonite
|-supereffective|p1a: Dragonite
|-damage|p1a: Dragonite|26/100
|-damage|p2a: Dragapult|62/100|[from] item: Life Orb
|move|p1a: Dragonite|Earthquake|p2a: Dragapult
|-damage|p2a: Dragapult|8/100
|
|upkeep
|turn|20
|
|t:|1769295753
|move|p2a: Dragapult|Dragon Darts|p1a: Dragonite
|-supereffective|p1a: Dragonite
|-damage|p1a: Dragonite|0 fnt
|faint|p1a: Dragonite
|-damage|p2a: Dragapult|0 fnt|[from] item: Life Orb
|faint|p2a: Dragapult
|
|win|goon100
|raw|goon100's rating: 1364 &rarr; <strong>1383</strong><br />(+19 for winning)
|raw|Pichonidas's rating: 1338 &rarr; <strong>1319</strong><br />(-19 for losing)
|l|☆Pichonidas
|player|p2|
|l|☆goon100
|player|p1|
|l| ZambiaZard
