|j|☆alexxledain
|j|☆Moltov91
|t:|1769423348
|gametype|singles
|player|p1|alexxledain|ninjaboy|1207
|player|p2|Moltov91|102|1200
|gen|9
|tier|[Gen 9] OU
|rated|
|rule|HP Percentage Mod: HP is shown in percentages
|rule|Endless Battle Clause: Forcing endless battles is banned
|rule|Species Clause: Limit one of each Pokémon
|rule|OHKO Clause: OHKO moves are banned
|rule|Evasion Items Clause: Evasion items are banned
|rule|Evasion Moves Clause: Evasion moves are banned
|rule|Evasion Abilities Clause: Evasion abilities are banned
|rule|Sleep Moves Clause: Sleep-inducing moves are banned
|clearpoke
|poke|p1|Gallade, M|
|poke|p1|Moltres|
|poke|p1|Slowking-Galar, M|
|poke|p1|Raging Bolt|
|poke|p1|Meowscarada, M|
|poke|p1|Iron Treads|
|poke|p2|Weavile, M|
|poke|p2|Donphan, F|
|poke|p2|Garchomp, M|
|poke|p2|Heatran, F|
|poke|p2|Slowking, F|
|poke|p2|Jolteon, M|
|teampreview
|
|t:|1769423360
|teamsize|p1|6
|teamsize|p2|6
|start
|switch|p1a: Meowscarada|Meowscarada, M|100/100
|switch|p2a: Donphan|Donphan, F|100/100
|turn|1
|
|t:|1769423378
|switch|p2a: Heatran|Heatran, F|100/100
|move|p1a: Meowscarada|Triple Axel|p2a: Heatran
|-start|p1a: Meowscarada|typechange|Ice|[from] ability: Protean
|-resisted|p2a: Heatran
|-damage|p2a: Heatran|98/100
|-resisted|p2a: Heatran
|-damage|p2a: Heatran|95/100
|-resisted|p2a: Heatran
|-damage|p2a: Heatran|89/100
|-hitcount|p2a: Heatran|3
|
|upkeep
|turn|2
|
|t:|1769423401
|switch|p1a: Moltres|Moltres|100/100
|move|p2a: Heatran|Magma Storm|p1a: Moltres
|-resisted|p1a: Moltres
|-damage|p1a: Moltres|70/100
|-activate|p1a: Moltres|move: Magma Storm|[of] p2a: Heatran
|
|-damage|p1a: Moltres|57/100|[from] move: Magma Storm|[partiallytrapped]
|upkeep
|turn|3
|
|t:|1769423412
|switch|p2a: Slowking|Slowking, F|100/100
|move|p1a: Moltres|Roost|p1a: Moltres
|-heal|p1a: Moltres|100/100
|-singleturn|p1a: Moltres|move: Roost
|
|-end|p1a: Moltres|Magma Storm|[partiallytrapped]|[silent]
|upkeep
|turn|4
|
|t:|1769423422
|move|p1a: Moltres|U-turn|p2a: Slowking
|-supereffective|p2a: Slowking
|-damage|p2a: Slowking|70/100
|
|t:|1769423427
|switch|p1a: Meowscarada|Meowscarada, M|100/100|[from] U-turn
|move|p2a: Slowking|Thunder Wave|p1a: Meowscarada
|-status|p1a: Meowscarada|par
|
|upkeep
|turn|5
|
|t:|1769423438
|switch|p2a: Heatran|Heatran, F|89/100
|cant|p1a: Meowscarada|par
|
|upkeep
|turn|6
|
|t:|1769423451
|move|p1a: Meowscarada|Knock Off|p2a: Heatran
|-start|p1a: Meowscarada|typechange|Dark|[from] ability: Protean
|-damage|p2a: Heatran|52/100
|-enditem|p2a: Heatran|Heavy-Duty Boots|[from] move: Knock Off|[of] p1a: Meowscarada
|move|p2a: Heatran|Magma Storm|p1a: Meowscarada
|-damage|p1a: Meowscarada|17/100 par
|-activate|p1a: Meowscarada|move: Magma Storm|[of] p2a: Heatran
|
|-damage|p1a: Meowscarada|5/100 par|[from] move: Magma Storm|[partiallytrapped]
|upkeep
|turn|7
|
|t:|1769423463
|switch|p2a: Donphan|Donphan, F|100/100
|cant|p1a: Meowscarada|par
|
|-end|p1a: Meowscarada|Magma Storm|[partiallytrapped]|[silent]
|upkeep
|turn|8
|
|t:|1769423470
|move|p1a: Meowscarada|Knock Off|p2a: Donphan
|-damage|p2a: Donphan|74/100
|-enditem|p2a: Donphan|Heavy-Duty Boots|[from] move: Knock Off|[of] p1a: Meowscarada
|move|p2a: Donphan|Earthquake|p1a: Meowscarada
|-damage|p1a: Meowscarada|0 fnt
|faint|p1a: Meowscarada
|
|upkeep
|inactive|Battle timer is ON: inactive players will automatically lose when time's up. (requested by Moltov91)
|
|t:|1769423484
|switch|p1a: Gallade|Gallade, M, shiny|100/100
|turn|9
|
|t:|1769423498
|switch|p2a: Garchomp|Garchomp, M|100/100
|move|p1a: Gallade|Leaf Blade|p2a: Garchomp
|-damage|p2a: Garchomp|33/100
|-damage|p1a: Gallade|88/100|[from] ability: Rough Skin|[of] p2a: Garchomp
|
|upkeep
|turn|10
|
|t:|1769423509
|switch|p1a: Moltres|Moltres|100/100
|-terastallize|p2a: Garchomp|Fire
|move|p2a: Garchomp|Scale Shot|p1a: Moltres
|-damage|p1a: Moltres|90/100
|-damage|p1a: Moltres|82/100
|-damage|p1a: Moltres|73/100
|-damage|p1a: Moltres|63/100
|-damage|p1a: Moltres|54/100
|-hitcount|p1a: Moltres|5
|-unboost|p2a: Garchomp|def|1
|-boost|p2a: Garchomp|spe|1
|
|upkeep
|turn|11
|
|t:|1769423527
|move|p2a: Garchomp|Scale Shot|p1a: Moltres
|-damage|p1a: Moltres|44/100
|-damage|p1a: Moltres|36/100
|-damage|p1a: Moltres|27/100
|-damage|p1a: Moltres|17/100
|-hitcount|p1a: Moltres|4
|-unboost|p2a: Garchomp|def|1
|-boost|p2a: Garchomp|spe|1
|move|p1a: Moltres|Will-O-Wisp|p2a: Garchomp
|-immune|p2a: Garchomp
|
|upkeep
|turn|12
|
|t:|1769423543
|move|p2a: Garchomp|Scale Shot|p1a: Moltres
|-damage|p1a: Moltres|9/100
|-damage|p1a: Moltres|0 fnt
|faint|p1a: Moltres
|-hitcount|p1: Moltres|2
|-unboost|p2a: Garchomp|def|1
|-boost|p2a: Garchomp|spe|1
|
|upkeep
|
|t:|1769423556
|switch|p1a: Raging Bolt|Raging Bolt|100/100
|-enditem|p1a: Raging Bolt|Booster Energy
|-activate|p1a: Raging Bolt|ability: Protosynthesis|[fromitem]
|-start|p1a: Raging Bolt|protosynthesisspa
|turn|13
|
|t:|1769423566
|switch|p2a: Jolteon|Jolteon, M|100/100
|-terastallize|p1a: Raging Bolt|Dragon
|move|p1a: Raging Bolt|Thunderbolt|p2a: Jolteon
|-immune|p2a: Jolteon|[from] ability: Volt Absorb
|
|upkeep
|turn|14
|
|t:|1769423575
|-end|p1a: Raging Bolt|Protosynthesis|[silent]
|switch|p1a: Iron Treads|Iron Treads|100/100
|move|p2a: Jolteon|Alluring Voice|p1a: Iron Treads
|-resisted|p1a: Iron Treads
|-damage|p1a: Iron Treads|73/100
|
|upkeep
|turn|15
|
|t:|1769423585
|switch|p2a: Donphan|Donphan, F|74/100
|move|p1a: Iron Treads|Earthquake|p2a: Donphan
|-damage|p2a: Donphan|46/100
|
|upkeep
|turn|16
|
|t:|1769423591
|move|p1a: Iron Treads|Ice Spinner|p2a: Donphan
|-supereffective|p2a: Donphan
|-damage|p2a: Donphan|18/100
|move|p2a: Donphan|Earthquake|p1a: Iron Treads
|-supereffective|p1a: Iron Treads
|-damage|p1a: Iron Treads|0 fnt
|faint|p1a: Iron Treads
|-end|p1a: Iron Treads|Quark Drive|[silent]
|
|upkeep
|
|t:|1769423604
|switch|p1a: Gallade|Gallade, M, shiny|88/100
|turn|17
|
|t:|1769423614
|switch|p2a: Slowking|Slowking, F|100/100
|move|p1a: Gallade|Sacred Sword|p2a: Slowking
|-resisted|p2a: Slowking
|-damage|p2a: Slowking|49/100
|
|upkeep
|turn|18
|
|t:|1769423621
|move|p1a: Gallade|Sacred Sword|p2a: Slowking
|-resisted|p2a: Slowking
|-damage|p2a: Slowking|0 fnt
|faint|p2a: Slowking
|
|upkeep
|
|t:|1769423627
|switch|p2a: Jolteon|Jolteon, M|100/100
|turn|19
|
|t:|1769423632
|switch|p1a: Slowking|Slowking-Galar, M|100/100
|move|p2a: Jolteon|Alluring Voice|p1a: Slowking
|-resisted|p1a: Slowking
|-damage|p1a: Slowking|90/100
|
|-heal|p1a: Slowking|96/100|[from] item: Leftovers
|upkeep
|turn|20
|
|t:|1769423644
|switch|p2a: Donphan|Donphan, F|18/100
|-prepare|p1a: Slowking|Chilly Reception|[premajor]
|move|p1a: Slowking|Chilly Reception|p1a: Slowking
|-weather|Snowscape
|
|t:|1769423650
|switch|p1a: Gallade|Gallade, M, shiny|88/100|[from] Chilly Reception
|
|-weather|Snowscape|[upkeep]
|upkeep
|turn|21
|
|t:|1769423670
|move|p1a: Gallade|Sacred Sword|p2a: Donphan
|-damage|p2a: Donphan|0 fnt
|faint|p2a: Donphan
|
|-weather|Snowscape|[upkeep]
|upkeep
|
|t:|1769423675
|switch|p2a: Garchomp|Garchomp, M, tera:Fire|33/100
|turn|22
|
|t:|1769423688
|move|p2a: Garchomp|Scale Shot|p1a: Gallade
|-damage|p1a: Gallade|65/100
|-damage|p1a: Gallade|41/100
|-damage|p1a: Gallade|19/100
|-damage|p1a: Gallade|0 fnt
|faint|p1a: Gallade
|-hitcount|p1: Gallade|4
|-unboost|p2a: Garchomp|def|1
|-boost|p2a: Garchomp|spe|1
|
|-weather|Snowscape|[upkeep]
|upkeep
|-message|alexxledain forfeited.
|
|win|Moltov91
|raw|alexxledain's rating: 1207 &rarr; <strong>1181</strong><br />(-26 for losing)
|raw|Moltov91's rating: 1200 &rarr; <strong>1226</strong><br />(+26 for winning)
|l|☆alexxledain
|player|p1|
|l|☆Moltov91
|player|p2|
