|j|☆cospway
|j|☆Furiousjulian
|t:|1769378536
|gametype|singles
|player|p1|cospway|iris-gen5bw2|1642
|player|p2|Furiousjulian|blackbelt|1544
|gen|9
|tier|[Gen 9] OU
|rated|
|rule|HP Percentage Mod: HP is shown in percentages
|rule|Endless Battle Clause: Forcing endless battles is banned
|rule|Species Clause: Limit one of each Pokémon
|rule|OHKO Clause: OHKO moves are banned
|rule|Evasion Items Clause: Evasion items are banned
|rule|Evasion Moves Clause: Evasion moves are banned
|rule|Evasion Abilities Clause: Evasion abilities are banned
|rule|Sleep Moves Clause: Sleep-inducing moves are banned
|clearpoke
|poke|p1|Cresselia, F|
|poke|p1|Mew|
|poke|p1|Kingambit, M|
|poke|p1|Gholdengo|
|poke|p1|Azumarill, M|
|poke|p1|Hoopa-Unbound|
|poke|p2|Rillaboom, M|
|poke|p2|Kleavor, M|
|poke|p2|Hawlucha, M|
|poke|p2|Clefable, F|
|poke|p2|Skeledirge, F|
|poke|p2|Goodra-Hisui, M|
|teampreview
|
|t:|1769378554
|teamsize|p1|6
|teamsize|p2|6
|start
|switch|p1a: Mew|Mew|100/100
|switch|p2a: Hidan|Kleavor, M|100/100
|turn|1
|
|t:|1769378559
|move|p2a: Hidan|U-turn|p1a: Mew
|-supereffective|p1a: Mew
|-damage|p1a: Mew|41/100
|inactive|Battle timer is ON: inactive players will automatically lose when time's up. (requested by cospway)
|
|t:|1769378568
|switch|p2a: Monkey King:Enma|Rillaboom, M|100/100|[from] U-turn
|-fieldstart|move: Grassy Terrain|[from] ability: Grassy Surge|[of] p2a: Monkey King:Enma
|move|p1a: Mew|Stealth Rock|p2a: Monkey King:Enma
|-sidestart|p2: Furiousjulian|move: Stealth Rock
|
|-heal|p1a: Mew|47/100|[from] Grassy Terrain
|upkeep
|turn|2
|
|t:|1769378582
|move|p2a: Monkey King:Enma|Knock Off|p1a: Mew
|-supereffective|p1a: Mew
|-enditem|p1a: Mew|Colbur Berry|[eat]
|-enditem|p1a: Mew|Colbur Berry|[weaken]
|-damage|p1a: Mew|11/100
|move|p1a: Mew|Trick Room|p1a: Mew
|-fieldstart|move: Trick Room|[of] p1a: Mew
|
|-heal|p1a: Mew|17/100|[from] Grassy Terrain
|upkeep
|turn|3
|
|t:|1769378589
|move|p2a: Monkey King:Enma|Knock Off|p1a: Mew
|-supereffective|p1a: Mew
|-damage|p1a: Mew|0 fnt
|faint|p1a: Mew
|
|upkeep
|inactive|cospway has 120 seconds left.
|
|t:|1769378626
|switch|p1a: Kingambit|Kingambit, M|100/100
|-activate|p1a: Kingambit|ability: Supreme Overlord
|-start|p1a: Kingambit|fallen1|[silent]
|turn|4
|
|t:|1769378634
|switch|p2a: Sanshouo|Skeledirge, F|100/100
|move|p1a: Kingambit|Swords Dance|p1a: Kingambit
|-boost|p1a: Kingambit|atk|2
|
|upkeep
|turn|5
|
|t:|1769378641
|move|p1a: Kingambit|Kowtow Cleave|p2a: Sanshouo
|-supereffective|p2a: Sanshouo
|-damage|p2a: Sanshouo|29/100
|move|p2a: Sanshouo|Will-O-Wisp|p1a: Kingambit
|-status|p1a: Kingambit|brn
|
|-heal|p2a: Sanshouo|35/100|[from] Grassy Terrain
|-damage|p1a: Kingambit|94/100 brn|[from] brn
|-fieldend|move: Grassy Terrain
|upkeep
|turn|6
|
|t:|1769378667
|-terastallize|p2a: Sanshouo|Grass
|move|p1a: Kingambit|Kowtow Cleave|p2a: Sanshouo
|-damage|p2a: Sanshouo|17/100
|move|p2a: Sanshouo|Slack Off|p2a: Sanshouo
|-heal|p2a: Sanshouo|67/100
|
|-heal|p1a: Kingambit|100/100 brn|[from] item: Leftovers
|-damage|p1a: Kingambit|94/100 brn|[from] brn
|-fieldend|move: Trick Room
|upkeep
|turn|7
|
|t:|1769378681
|-end|p1a: Kingambit|fallen1|[silent]
|switch|p1a: Cresselia|Cresselia, F|100/100
|move|p2a: Sanshouo|Slack Off|p2a: Sanshouo
|-heal|p2a: Sanshouo|100/100
|
|upkeep
|turn|8
|inactive|Furiousjulian has 120 seconds left.
|inactive|cospway has 120 seconds left.
|
|t:|1769378708
|switch|p1a: Gholdengo|Gholdengo|100/100
|move|p2a: Sanshouo|Will-O-Wisp|p1a: Gholdengo
|-immune|p1a: Gholdengo|[from] ability: Good as Gold
|
|upkeep
|turn|9
|
|t:|1769378715
|switch|p2a: Katsuyu|Goodra-Hisui, M|100/100
|-damage|p2a: Katsuyu|94/100|[from] Stealth Rock
|move|p1a: Gholdengo|Make It Rain|p2a: Katsuyu
|-resisted|p2a: Katsuyu
|-damage|p2a: Katsuyu|69/100
|-unboost|p1a: Gholdengo|spa|1
|
|upkeep
|turn|10
|
|t:|1769378727
|switch|p1a: Hoopa|Hoopa-Unbound|100/100
|move|p2a: Katsuyu|Flash Cannon|p1a: Hoopa
|-damage|p1a: Hoopa|68/100
|
|upkeep
|turn|11
|
|t:|1769378740
|switch|p2a: Sanshouo|Skeledirge, F, tera:Grass|100/100
|move|p1a: Hoopa|Drain Punch|p2a: Sanshouo
|-damage|p2a: Sanshouo|79/100
|-heal|p1a: Hoopa|80/100|[from] drain|[of] p2a: Sanshouo
|
|upkeep
|turn|12
|
|t:|1769378747
|move|p2a: Sanshouo|Torch Song|p1a: Hoopa
|-damage|p1a: Hoopa|57/100
|-boost|p2a: Sanshouo|spa|1
|move|p1a: Hoopa|Trick Room|p1a: Hoopa
|-fieldstart|move: Trick Room|[of] p1a: Hoopa
|-enditem|p1a: Hoopa|Room Service
|-unboost|p1a: Hoopa|spe|1|[from] item: Room Service
|
|upkeep
|turn|13
|
|t:|1769378756
|move|p1a: Hoopa|Hyperspace Fury|p2a: Sanshouo
|-damage|p2a: Sanshouo|37/100
|-unboost|p1a: Hoopa|def|1
|-item|p1a: Hoopa|Heavy-Duty Boots|[from] ability: Magician|[of] p2a: Sanshouo
|move|p2a: Sanshouo|Torch Song|p1a: Hoopa
|-damage|p1a: Hoopa|20/100
|-boost|p2a: Sanshouo|spa|1
|
|upkeep
|turn|14
|
|t:|1769378773
|switch|p2a: Sakura|Clefable, F|100/100
|move|p1a: Hoopa|Hyperspace Fury|p2a: Sakura
|-resisted|p2a: Sakura
|-damage|p2a: Sakura|75/100
|-unboost|p1a: Hoopa|def|1
|
|upkeep
|turn|15
|
|t:|1769378788
|move|p1a: Hoopa|Psychic|p2a: Sakura
|-damage|p2a: Sakura|26/100
|move|p2a: Sakura|Moonlight|p2a: Sakura
|-heal|p2a: Sakura|76/100
|
|upkeep
|turn|16
|
|t:|1769378810
|move|p1a: Hoopa|Psychic|p2a: Sakura
|-damage|p2a: Sakura|32/100
|move|p2a: Sakura|Calm Mind|p2a: Sakura
|-boost|p2a: Sakura|spa|1
|-boost|p2a: Sakura|spd|1
|
|-fieldend|move: Trick Room
|upkeep
|turn|17
|
|t:|1769378818
|move|p2a: Sakura|Moonlight|p2a: Sakura
|-heal|p2a: Sakura|82/100
|move|p1a: Hoopa|Hyperspace Fury|p2a: Sakura
|-resisted|p2a: Sakura
|-damage|p2a: Sakura|58/100
|-unboost|p1a: Hoopa|def|1
|
|upkeep
|turn|18
|
|t:|1769378827
|switch|p1a: Gholdengo|Gholdengo|100/100
|move|p2a: Sakura|Moonlight|p2a: Sakura
|-heal|p2a: Sakura|100/100
|
|upkeep
|turn|19
|
|t:|1769378844
|move|p2a: Sakura|Flamethrower|p1a: Gholdengo
|-supereffective|p1a: Gholdengo
|-damage|p1a: Gholdengo|29/100
|move|p1a: Gholdengo|Make It Rain|p2a: Sakura
|-supereffective|p2a: Sakura
|-damage|p2a: Sakura|0 fnt
|-unboost|p1a: Gholdengo|spa|1
|faint|p2a: Sakura
|
|upkeep
|inactive|Furiousjulian has 120 seconds left.
|
|t:|1769378864
|switch|p2a: Deidara's c3|Hawlucha, M|100/100
|-damage|p2a: Deidara's c3|88/100|[from] Stealth Rock
|turn|20
|inactive|Furiousjulian has 120 seconds left.
|
|t:|1769378883
|switch|p2a: Monkey King:Enma|Rillaboom, M|100/100
|-damage|p2a: Monkey King:Enma|88/100|[from] Stealth Rock
|-fieldstart|move: Grassy Terrain|[from] ability: Grassy Surge|[of] p2a: Monkey King:Enma
|switch|p1a: Cresselia|Cresselia, F|100/100
|
|-heal|p2a: Monkey King:Enma|94/100|[from] Grassy Terrain
|upkeep
|turn|21
|inactive|Furiousjulian has 120 seconds left.
|
|t:|1769378894
|move|p2a: Monkey King:Enma|Wood Hammer|p1a: Cresselia
|-damage|p1a: Cresselia|29/100
|-damage|p2a: Monkey King:Enma|69/100|[from] Recoil
|move|p1a: Cresselia|Trick Room|p1a: Cresselia
|-fieldstart|move: Trick Room|[of] p1a: Cresselia
|
|-heal|p2a: Monkey King:Enma|75/100|[from] Grassy Terrain
|upkeep
|turn|22
|
|t:|1769378902
|move|p1a: Cresselia|Lunar Dance|p1a: Cresselia
|faint|p1a: Cresselia
|move|p2a: Monkey King:Enma|Wood Hammer|p1: Cresselia|[notarget]
|-fail|p2a: Monkey King:Enma
|
|-heal|p2a: Monkey King:Enma|81/100|[from] Grassy Terrain
|upkeep
|
|t:|1769378909
|switch|p1a: Kingambit|Kingambit, M|94/100 brn
|-heal|p1a: Kingambit|100/100|[from] move: Lunar Dance
|-activate|p1a: Kingambit|ability: Supreme Overlord
|-start|p1a: Kingambit|fallen2|[silent]
|turn|23
|
|t:|1769378919
|switch|p2a: Deidara's c3|Hawlucha, M|88/100
|-damage|p2a: Deidara's c3|76/100|[from] Stealth Rock
|-enditem|p2a: Deidara's c3|Grassy Seed
|-boost|p2a: Deidara's c3|def|1|[from] item: Grassy Seed
|move|p1a: Kingambit|Swords Dance|p1a: Kingambit
|-boost|p1a: Kingambit|atk|2
|
|upkeep
|turn|24
|
|t:|1769378928
|-terastallize|p1a: Kingambit|Fairy
|move|p1a: Kingambit|Tera Blast|p2a: Deidara's c3|[anim] Tera Blast Fairy
|-supereffective|p2a: Deidara's c3
|-damage|p2a: Deidara's c3|0 fnt
|faint|p2a: Deidara's c3
|
|-fieldend|move: Grassy Terrain
|upkeep
|
|t:|1769378935
|switch|p2a: Sanshouo|Skeledirge, F, tera:Grass|37/100
|-damage|p2a: Sanshouo|25/100|[from] Stealth Rock
|turn|25
|
|t:|1769378939
|move|p1a: Kingambit|Kowtow Cleave|p2a: Sanshouo
|-damage|p2a: Sanshouo|0 fnt
|faint|p2a: Sanshouo
|
|-fieldend|move: Trick Room
|upkeep
|
|t:|1769378945
|switch|p2a: Katsuyu|Goodra-Hisui, M|69/100
|-damage|p2a: Katsuyu|63/100|[from] Stealth Rock
|turn|26
|
|t:|1769378952
|move|p2a: Katsuyu|Flash Cannon|p1a: Kingambit
|-supereffective|p1a: Kingambit
|-damage|p1a: Kingambit|26/100
|move|p1a: Kingambit|Tera Blast|p2a: Katsuyu|[anim] Tera Blast Fairy
|-damage|p2a: Katsuyu|0 fnt
|faint|p2a: Katsuyu
|
|-heal|p1a: Kingambit|32/100|[from] item: Leftovers
|upkeep
|
|t:|1769378961
|switch|p2a: Monkey King:Enma|Rillaboom, M|81/100
|-damage|p2a: Monkey King:Enma|69/100|[from] Stealth Rock
|-fieldstart|move: Grassy Terrain|[from] ability: Grassy Surge|[of] p2a: Monkey King:Enma
|turn|27
|
|t:|1769378967
|move|p2a: Monkey King:Enma|Grassy Glide|p1a: Kingambit
|-damage|p1a: Kingambit|0 fnt
|faint|p1a: Kingambit
|-end|p1a: Kingambit|fallen2|[silent]
|
|-heal|p2a: Monkey King:Enma|75/100|[from] Grassy Terrain
|upkeep
|
|t:|1769378974
|switch|p1a: Gholdengo|Gholdengo|29/100
|turn|28
|inactive|Furiousjulian has 120 seconds left.
|
|t:|1769379019
|move|p2a: Monkey King:Enma|Grassy Glide|p1a: Gholdengo
|-resisted|p1a: Gholdengo
|-damage|p1a: Gholdengo|3/100
|move|p1a: Gholdengo|Make It Rain|p2a: Monkey King:Enma
|-damage|p2a: Monkey King:Enma|0 fnt
|-unboost|p1a: Gholdengo|spa|1
|faint|p2a: Monkey King:Enma
|
|-heal|p1a: Gholdengo|9/100|[from] Grassy Terrain
|upkeep
|-message|Furiousjulian forfeited.
|
|win|cospway
|raw|cospway's rating: 1642 &rarr; <strong>1657</strong><br />(+15 for winning)
|raw|Furiousjulian's rating: 1544 &rarr; <strong>1529</strong><br />(-15 for losing)
|l|☆Furiousjulian
|player|p2|
|l|☆cospway
|player|p1|
