|j|☆BentoBo
|j|☆mangge
|t:|1769311312
|gametype|singles
|player|p1|BentoBo|burglar|1055
|player|p2|mangge|red|1068
|gen|9
|tier|[Gen 9] OU
|rated|
|rule|HP Percentage Mod: HP is shown in percentages
|rule|Endless Battle Clause: Forcing endless battles is banned
|rule|Species Clause: Limit one of each Pokémon
|rule|OHKO Clause: OHKO moves are banned
|rule|Evasion Items Clause: Evasion items are banned
|rule|Evasion Moves Clause: Evasion moves are banned
|rule|Evasion Abilities Clause: Evasion abilities are banned
|rule|Sleep Moves Clause: Sleep-inducing moves are banned
|clearpoke
|poke|p1|Eevee, M|
|poke|p1|Medicham, M|
|poke|p2|Gholdengo|
|poke|p2|Rillaboom, M|
|poke|p2|Great Tusk|
|poke|p2|Volcanion|
|poke|p2|Dragonite, F|
|poke|p2|Iron Moth|
|teampreview
|inactive|Battle timer is ON: inactive players will automatically lose when time's up. (requested by BentoBo)
|
|t:|1769311323
|teamsize|p1|2
|teamsize|p2|6
|start
|switch|p1a: Medicham|Medicham, M|100/100
|switch|p2a: Great Tusk|Great Tusk|100/100
|-enditem|p2a: Great Tusk|Booster Energy
|-activate|p2a: Great Tusk|ability: Protosynthesis|[fromitem]
|-start|p2a: Great Tusk|protosynthesisatk
|turn|1
|
|t:|1769311333
|move|p2a: Great Tusk|Stealth Rock|p1a: Medicham
|-sidestart|p1: BentoBo|move: Stealth Rock
|move|p1a: Medicham|Trailblaze|p2a: Great Tusk
|-supereffective|p2a: Great Tusk
|-damage|p2a: Great Tusk|72/100
|-boost|p1a: Medicham|spe|1
|
|upkeep
|turn|2
|
|t:|1769311343
|move|p1a: Medicham|Psycho Cut|p2a: Great Tusk
|-supereffective|p2a: Great Tusk
|-damage|p2a: Great Tusk|3/100
|move|p2a: Great Tusk|Ice Spinner|p1a: Medicham
|-damage|p1a: Medicham|53/100
|
|upkeep
|turn|3
|
|t:|1769311350
|move|p1a: Medicham|Trailblaze|p2a: Great Tusk
|-supereffective|p2a: Great Tusk
|-damage|p2a: Great Tusk|0 fnt
|-boost|p1a: Medicham|spe|1
|faint|p2a: Great Tusk
|-end|p2a: Great Tusk|Protosynthesis|[silent]
|
|upkeep
|
|t:|1769311358
|switch|p2a: Volcanion|Volcanion|100/100
|turn|4
|
|t:|1769311369
|-terastallize|p2a: Volcanion|Fire
|move|p1a: Medicham|Psycho Cut|p2a: Volcanion
|-damage|p2a: Volcanion|49/100
|move|p2a: Volcanion|Fire Blast|p1a: Medicham
|-damage|p1a: Medicham|0 fnt
|faint|p1a: Medicham
|-heal|p2a: Volcanion|56/100|[from] item: Shell Bell|[of] p1: Medicham
|
|upkeep
|c|☆BentoBo|Look like I don’t have a choice
|inactive|BentoBo has 120 seconds left.
|c|☆BentoBo|Go Eevee fuck their shit up!!
|n|‽BentoBo|bentobo
|c|~|/log BentoBo was locked from talking by Artemis. (☆BentoBo: Go [[Pokemon]] fuck their shit up!!)
|c|~|/raw <small>This action was done automatically. Want to learn more about the AI? <a href="https://www.smogon.com/forums/threads/3570628/#post-9056769">Visit the information thread</a>.</small>
|
|t:|1769311412
|switch|p1a: Eevee|Eevee, M|100/100
|-damage|p1a: Eevee|88/100|[from] Stealth Rock
|turn|5
|
|t:|1769311422
|move|p1a: Eevee|Protect|p1a: Eevee
|-singleturn|p1a: Eevee|Protect
|move|p2a: Volcanion|Fire Blast|p1a: Eevee
|-activate|p1a: Eevee|move: Protect
|
|upkeep
|turn|6
|
|t:|1769311429
|move|p2a: Volcanion|Body Press|p1a: Eevee
|-supereffective|p1a: Eevee
|-damage|p1a: Eevee|3/100
|-heal|p2a: Volcanion|65/100|[from] item: Shell Bell|[of] p1a: Eevee
|move|p1a: Eevee|Last Resort|p2a: Volcanion
|-damage|p2a: Volcanion|16/100
|
|upkeep
|turn|7
|
|t:|1769311440
|switch|p2a: Rillaboom|Rillaboom, M|100/100
|-fieldstart|move: Grassy Terrain|[from] ability: Grassy Surge|[of] p2a: Rillaboom
|-terastallize|p1a: Eevee|Ghost
|move|p1a: Eevee|Last Resort|p2a: Rillaboom
|-damage|p2a: Rillaboom|48/100
|
|-heal|p2a: Rillaboom|54/100|[from] Grassy Terrain
|-heal|p1a: Eevee|9/100|[from] Grassy Terrain
|upkeep
|turn|8
|inactive|BentoBo has 120 seconds left.
|
|t:|1769311452
|move|p1a: Eevee|Protect|p1a: Eevee
|-singleturn|p1a: Eevee|Protect
|move|p2a: Rillaboom|Grassy Glide|p1a: Eevee
|-activate|p1a: Eevee|move: Protect
|
|-heal|p2a: Rillaboom|60/100|[from] Grassy Terrain
|-heal|p1a: Eevee|15/100|[from] Grassy Terrain
|upkeep
|turn|9
|
|t:|1769311461
|move|p1a: Eevee|Protect||[still]
|-fail|p1a: Eevee
|move|p2a: Rillaboom|Grassy Glide|p1a: Eevee
|-damage|p1a: Eevee|0 fnt
|faint|p1a: Eevee
|-heal|p2a: Rillaboom|61/100|[from] item: Shell Bell|[of] p1: Eevee
|
|win|mangge
