|j|☆vcxzasdfgh
|j|☆MucusLover49
|t:|1769346004
|gametype|singles
|player|p1|vcxzasdfgh|101|1075
|player|p2|MucusLover49|drayden|1077
|gen|9
|tier|[Gen 9] OU
|rated|
|rule|HP Percentage Mod: HP is shown in percentages
|rule|Endless Battle Clause: Forcing endless battles is banned
|rule|Species Clause: Limit one of each Pokémon
|rule|OHKO Clause: OHKO moves are banned
|rule|Evasion Items Clause: Evasion items are banned
|rule|Evasion Moves Clause: Evasion moves are banned
|rule|Evasion Abilities Clause: Evasion abilities are banned
|rule|Sleep Moves Clause: Sleep-inducing moves are banned
|clearpoke
|poke|p1|Squawkabilly-Blue, M|
|poke|p1|Metagross|
|poke|p1|Landorus-Therian, M|
|poke|p1|Smeargle, F|
|poke|p1|Cinderace, F|
|poke|p1|Dragonite, F|
|poke|p2|Alomomola, F|
|poke|p2|Milotic, F|
|poke|p2|Slowking-Galar, M|
|poke|p2|Landorus-Therian, M|
|poke|p2|Noivern, F|
|poke|p2|Kingambit, F|
|teampreview
|inactive|Battle timer is ON: inactive players will automatically lose when time's up. (requested by MucusLover49)
|
|t:|1769346017
|teamsize|p1|6
|teamsize|p2|6
|start
|switch|p1a: Smeargle|Smeargle, F|100/100
|switch|p2a: Kingambit|Kingambit, F|100/100
|-item|p2a: Kingambit|Air Balloon
|turn|1
|
|t:|1769346036
|-end|p2a: Kingambit|fallenundefined|[silent]
|switch|p2a: Alomomola|Alomomola, F|100/100
|move|p1a: Smeargle|Stone Axe|p2a: Alomomola|[miss]
|-miss|p1a: Smeargle|p2a: Alomomola
|
|upkeep
|turn|2
|
|t:|1769346044
|move|p1a: Smeargle|Burning Bulwark|p1a: Smeargle
|-singleturn|p1a: Smeargle|move: Protect
|move|p2a: Alomomola|Flip Turn|p1a: Smeargle
|-activate|p1a: Smeargle|move: Protect
|-status|p2a: Alomomola|brn
|
|-damage|p2a: Alomomola|94/100 brn|[from] brn
|upkeep
|turn|3
|
|t:|1769346054
|move|p1a: Smeargle|Stone Axe|p2a: Alomomola
|-damage|p2a: Alomomola|90/100 brn
|-sidestart|p2: MucusLover49|move: Stealth Rock
|move|p2a: Alomomola|Flip Turn|p1a: Smeargle
|-damage|p1a: Smeargle|79/100
|
|t:|1769346062
|switch|p2a: Milotic|Milotic, F|100/100|[from] Flip Turn
|-damage|p2a: Milotic|88/100|[from] Stealth Rock
|
|-status|p2a: Milotic|brn|[from] item: Flame Orb
|upkeep
|turn|4
|
|t:|1769346070
|move|p1a: Smeargle|Salt Cure|p2a: Milotic
|-damage|p2a: Milotic|86/100 brn
|-start|p2a: Milotic|Salt Cure
|move|p2a: Milotic|Ice Beam|p1a: Smeargle
|-damage|p1a: Smeargle|37/100
|
|-damage|p2a: Milotic|80/100 brn|[from] brn
|-damage|p2a: Milotic|55/100 brn|[from] Salt Cure
|upkeep
|turn|5
|
|t:|1769346081
|move|p1a: Smeargle|Burning Bulwark|p1a: Smeargle
|-singleturn|p1a: Smeargle|move: Protect
|move|p2a: Milotic|Ice Beam|p1a: Smeargle
|-activate|p1a: Smeargle|move: Protect
|
|-damage|p2a: Milotic|49/100 brn|[from] brn
|-damage|p2a: Milotic|24/100 brn|[from] Salt Cure
|upkeep
|turn|6
|
|t:|1769346094
|switch|p2a: Alomomola|Alomomola, F|100/100 brn
|-damage|p2a: Alomomola|88/100 brn|[from] Stealth Rock
|move|p1a: Smeargle|Ceaseless Edge|p2a: Alomomola
|-damage|p2a: Alomomola|84/100 brn
|-sidestart|p2: MucusLover49|Spikes
|
|-heal|p2a: Alomomola|90/100 brn|[from] item: Leftovers
|-damage|p2a: Alomomola|84/100 brn|[from] brn
|upkeep
|turn|7
|
|t:|1769346110
|switch|p1a: Squawkabilly|Squawkabilly-Blue, M|100/100
|move|p2a: Alomomola|Wish|p2a: Alomomola
|
|-heal|p2a: Alomomola|90/100 brn|[from] item: Leftovers
|-damage|p2a: Alomomola|84/100 brn|[from] brn
|upkeep
|turn|8
|
|t:|1769346119
|move|p1a: Squawkabilly|U-turn|p2a: Alomomola
|-damage|p2a: Alomomola|60/100 brn
|
|t:|1769346122
|switch|p1a: Metagross|Metagross|100/100|[from] U-turn
|move|p2a: Alomomola|Flip Turn|p1a: Metagross
|-damage|p1a: Metagross|94/100
|
|t:|1769346133
|switch|p2a: Milotic|Milotic, F|24/100 brn|[from] Flip Turn
|-damage|p2a: Milotic|12/100 brn|[from] Stealth Rock
|-damage|p2a: Milotic|0 fnt|[from] Spikes
|faint|p2a: Milotic
|
|upkeep
|
|t:|1769346143
|switch|p2a: Landorus|Landorus-Therian, M|100/100
|-damage|p2a: Landorus|88/100|[from] Stealth Rock
|-ability|p2a: Landorus|Intimidate|boost
|-fail|p1a: Metagross|unboost|[from] ability: Clear Body|[of] p1a: Metagross
|turn|9
|
|t:|1769346163
|switch|p1a: Landorus|Landorus-Therian, M|100/100
|-ability|p1a: Landorus|Intimidate|boost
|-unboost|p2a: Landorus|atk|1
|move|p2a: Landorus|U-turn|p1a: Landorus
|-resisted|p1a: Landorus
|-damage|p1a: Landorus|90/100
|
|t:|1769346170
|switch|p2a: Alomomola|Alomomola, F|94/100 brn|[from] U-turn
|-damage|p2a: Alomomola|81/100 brn|[from] Stealth Rock
|-damage|p2a: Alomomola|69/100 brn|[from] Spikes
|
|-heal|p2a: Alomomola|75/100 brn|[from] item: Leftovers
|-damage|p2a: Alomomola|69/100 brn|[from] brn
|upkeep
|turn|10
|
|t:|1769346183
|move|p1a: Landorus|U-turn|p2a: Alomomola
|-damage|p2a: Alomomola|49/100 brn
|
|t:|1769346193
|switch|p1a: Squawkabilly|Squawkabilly-Blue, M|100/100|[from] U-turn
|move|p2a: Alomomola|Scald|p1a: Squawkabilly
|-damage|p1a: Squawkabilly|71/100
|
|-heal|p2a: Alomomola|55/100 brn|[from] item: Leftovers
|-damage|p2a: Alomomola|49/100 brn|[from] brn
|upkeep
|turn|11
|
|t:|1769346204
|move|p1a: Squawkabilly|U-turn|p2a: Alomomola
|-damage|p2a: Alomomola|28/100 brn
|
|t:|1769346211
|switch|p1a: Smeargle|Smeargle, F|37/100|[from] U-turn
|move|p2a: Alomomola|Flip Turn|p1a: Smeargle
|-damage|p1a: Smeargle|17/100
|
|t:|1769346219
|switch|p2a: Landorus|Landorus-Therian, M|88/100|[from] Flip Turn
|-damage|p2a: Landorus|75/100|[from] Stealth Rock
|-ability|p2a: Landorus|Intimidate|boost
|-fail|p1a: Smeargle|unboost|Attack|[from] ability: Own Tempo|[of] p1a: Smeargle
|
|upkeep
|turn|12
|
|t:|1769346237
|move|p1a: Smeargle|Burning Bulwark|p1a: Smeargle
|-singleturn|p1a: Smeargle|move: Protect
|move|p2a: Landorus|Earthquake|p1a: Smeargle
|-activate|p1a: Smeargle|move: Protect
|
|upkeep
|turn|13
|
|t:|1769346247
|switch|p2a: Alomomola|Alomomola, F|61/100 brn
|-damage|p2a: Alomomola|49/100 brn|[from] Stealth Rock
|-damage|p2a: Alomomola|37/100 brn|[from] Spikes
|move|p1a: Smeargle|Ceaseless Edge|p2a: Alomomola|[miss]
|-miss|p1a: Smeargle|p2a: Alomomola
|
|-heal|p2a: Alomomola|43/100 brn|[from] item: Leftovers
|-damage|p2a: Alomomola|37/100 brn|[from] brn
|upkeep
|turn|14
|
|t:|1769346260
|move|p1a: Smeargle|Salt Cure|p2a: Alomomola
|-damage|p2a: Alomomola|34/100 brn
|-start|p2a: Alomomola|Salt Cure
|move|p2a: Alomomola|Wish|p2a: Alomomola
|
|-heal|p2a: Alomomola|40/100 brn|[from] item: Leftovers
|-damage|p2a: Alomomola|34/100 brn|[from] brn
|-damage|p2a: Alomomola|9/100 brn|[from] Salt Cure
|upkeep
|turn|15
|
|t:|1769346277
|switch|p2a: Noivern|Noivern, F, shiny|100/100
|move|p1a: Smeargle|Ceaseless Edge|p2a: Noivern
|-damage|p2a: Noivern|94/100
|-sidestart|p2: MucusLover49|Spikes
|
|-heal|p2a: Noivern|100/100|[from] move: Wish|[wisher] Alomomola
|upkeep
|turn|16
|
|t:|1769346292
|-terastallize|p1a: Smeargle|Ghost
|move|p2a: Noivern|Flamethrower|p1a: Smeargle
|-damage|p1a: Smeargle|0 fnt
|faint|p1a: Smeargle
|
|upkeep
|
|t:|1769346302
|switch|p1a: Landorus|Landorus-Therian, M|90/100
|-ability|p1a: Landorus|Intimidate|boost
|-unboost|p2a: Noivern|atk|1
|turn|17
|
|t:|1769346316
|-terastallize|p2a: Noivern|Normal
|move|p1a: Landorus|Rock Slide|p2a: Noivern|[miss]
|-miss|p1a: Landorus|p2a: Noivern
|move|p2a: Noivern|Boomburst|p1a: Landorus
|-damage|p1a: Landorus|2/100
|
|upkeep
|turn|18
|
|t:|1769346326
|move|p1a: Landorus|Rock Slide|p2a: Noivern
|-damage|p2a: Noivern|63/100
|cant|p2a: Noivern|flinch
|
|upkeep
|turn|19
|
|t:|1769346332
|move|p1a: Landorus|Rock Slide|p2a: Noivern
|-damage|p2a: Noivern|24/100
|cant|p2a: Noivern|flinch
|
|upkeep
|turn|20
|
|t:|1769346342
|switch|p2a: Landorus|Landorus-Therian, M|75/100
|-damage|p2a: Landorus|63/100|[from] Stealth Rock
|-ability|p2a: Landorus|Intimidate|boost
|-unboost|p1a: Landorus|atk|1
|move|p1a: Landorus|Rock Slide|p2a: Landorus
|-crit|p2a: Landorus
|-damage|p2a: Landorus|10/100
|
|upkeep
|turn|21
|
|t:|1769346353
|move|p1a: Landorus|Rock Slide|p2a: Landorus
|-damage|p2a: Landorus|0 fnt
|faint|p2a: Landorus
|
|upkeep
|
|t:|1769346357
|switch|p2a: Alomomola|Alomomola, F|42/100 brn
|-damage|p2a: Alomomola|30/100 brn|[from] Stealth Rock
|-damage|p2a: Alomomola|13/100 brn|[from] Spikes
|turn|22
|
|t:|1769346363
|move|p1a: Landorus|Rock Slide|p2a: Alomomola
|-damage|p2a: Alomomola|0 fnt
|faint|p2a: Alomomola
|
|upkeep
|
|t:|1769346370
|switch|p2a: Kingambit|Kingambit, F|100/100
|-damage|p2a: Kingambit|94/100|[from] Stealth Rock
|-activate|p2a: Kingambit|ability: Supreme Overlord
|-start|p2a: Kingambit|fallen3|[silent]
|-item|p2a: Kingambit|Air Balloon
|turn|23
|
|t:|1769346376
|move|p1a: Landorus|Rock Slide|p2a: Kingambit
|-resisted|p2a: Kingambit
|-damage|p2a: Kingambit|88/100
|-enditem|p2a: Kingambit|Air Balloon
|cant|p2a: Kingambit|flinch
|
|upkeep
|turn|24
|
|t:|1769346387
|switch|p1a: Squawkabilly|Squawkabilly-Blue, M|71/100
|move|p2a: Kingambit|Sucker Punch||[still]
|-fail|p2a: Kingambit
|
|upkeep
|turn|25
|
|t:|1769346396
|move|p1a: Squawkabilly|U-turn|p2a: Kingambit|[miss]
|-miss|p1a: Squawkabilly|p2a: Kingambit
|move|p2a: Kingambit|Swords Dance|p2a: Kingambit
|-boost|p2a: Kingambit|atk|2
|
|upkeep
|turn|26
|
|t:|1769346406
|switch|p1a: Landorus|Landorus-Therian, M|2/100
|-ability|p1a: Landorus|Intimidate|boost
|-unboost|p2a: Kingambit|atk|1
|move|p2a: Kingambit|Sucker Punch||[still]
|-fail|p2a: Kingambit
|
|upkeep
|turn|27
|
|t:|1769346416
|switch|p1a: Squawkabilly|Squawkabilly-Blue, M|71/100
|move|p2a: Kingambit|Sucker Punch||[still]
|-fail|p2a: Kingambit
|
|upkeep
|turn|28
|
|t:|1769346424
|move|p1a: Squawkabilly|Quick Attack|p2a: Kingambit
|-resisted|p2a: Kingambit
|-damage|p2a: Kingambit|78/100
|move|p2a: Kingambit|Sucker Punch||[still]
|-fail|p2a: Kingambit
|
|upkeep
|turn|29
|
|t:|1769346431
|move|p1a: Squawkabilly|Quick Attack|p2a: Kingambit
|-resisted|p2a: Kingambit
|-damage|p2a: Kingambit|68/100
|move|p2a: Kingambit|Iron Head|p1a: Squawkabilly
|-damage|p1a: Squawkabilly|0 fnt
|faint|p1a: Squawkabilly
|
|upkeep
|
|t:|1769346440
|switch|p1a: Dragonite|Dragonite, F|100/100
|turn|30
|
|t:|1769346447
|move|p1a: Dragonite|Earthquake|p2a: Kingambit
|-supereffective|p2a: Kingambit
|-damage|p2a: Kingambit|0 fnt
|faint|p2a: Kingambit
|-end|p2a: Kingambit|fallen3|[silent]
|
|upkeep
|
|t:|1769346454
|switch|p2a: Noivern|Noivern, F, shiny, tera:Normal|24/100
|turn|31
|
|t:|1769346462
|move|p2a: Noivern|Boomburst|p1a: Dragonite
|-damage|p1a: Dragonite|69/100
|move|p1a: Dragonite|Earthquake|p2a: Noivern
|-damage|p2a: Noivern|0 fnt
|faint|p2a: Noivern
|
|upkeep
|
|t:|1769346467
|switch|p2a: Slowking|Slowking-Galar, M|100/100
|-damage|p2a: Slowking|88/100|[from] Stealth Rock
|-damage|p2a: Slowking|72/100|[from] Spikes
|turn|32
|-message|MucusLover49 forfeited.
|
|win|vcxzasdfgh
|raw|vcxzasdfgh's rating: 1075 &rarr; <strong>1104</strong><br />(+29 for winning)
|raw|MucusLover49's rating: 1077 &rarr; <strong>1055</strong><br />(-22 for losing)
|l|☆MucusLover49
|player|p2|
