|inactive|Battle timer is ON: inactive players will automatically lose when time's up.
|t:|1769307657
|gametype|singles
|player|p1|mentalsoft|#puwcvchina|
|player|p2|Runo|unknownf|
|gen|9
|tier|[Gen 9] OU
|rule|HP Percentage Mod: HP is shown in percentages
|rule|Endless Battle Clause: Forcing endless battles is banned
|rule|Species Clause: Limit one of each Pokémon
|rule|OHKO Clause: OHKO moves are banned
|rule|Evasion Items Clause: Evasion items are banned
|rule|Evasion Moves Clause: Evasion moves are banned
|rule|Evasion Abilities Clause: Evasion abilities are banned
|rule|Sleep Moves Clause: Sleep-inducing moves are banned
|clearpoke
|poke|p1|Garganacl, M|
|poke|p1|Hatterene, F|
|poke|p1|Dragonite, M|
|poke|p1|Iron Treads|
|poke|p1|Ogerpon-Wellspring, F|
|poke|p1|Zamazenta-*|
|poke|p2|Zamazenta-*|
|poke|p2|Kyurem|
|poke|p2|Iron Treads|
|poke|p2|Hatterene, F|
|poke|p2|Tornadus-Therian, M|
|poke|p2|Kingambit, M|
|teampreview
|c|☆mentalsoft|hf
|c|☆Runo|hf
|inactive|Runo has 270 seconds left.
|inactive|Runo has 240 seconds left.
|inactive|Runo has 210 seconds left.
|inactive|Runo has 180 seconds left.
|
|t:|1769307784
|teamsize|p1|6
|teamsize|p2|6
|start
|switch|p1a: Hatterene|Hatterene, F|100/100
|switch|p2a: Kyurem|Kyurem|100/100
|-ability|p2a: Kyurem|Pressure
|turn|1
|inactive|Runo has 240 seconds left.
|
|t:|1769307799
|switch|p2a: Iron Treads|Iron Treads|100/100
|move|p1a: Hatterene|Draining Kiss|p2a: Iron Treads
|-resisted|p2a: Iron Treads
|-crit|p2a: Iron Treads
|-damage|p2a: Iron Treads|75/100
|
|-heal|p2a: Iron Treads|81/100|[from] item: Leftovers
|upkeep
|turn|2
|inactive|Runo has 240 seconds left.
|
|t:|1769307828
|switch|p1a: Ogerpon|Ogerpon-Wellspring, F|100/100
|move|p2a: Iron Treads|Knock Off|p1a: Ogerpon
|-damage|p1a: Ogerpon|73/100
|
|-heal|p2a: Iron Treads|88/100|[from] item: Leftovers
|upkeep
|turn|3
|inactive|mentalsoft has 270 seconds left.
|inactive|mentalsoft has 240 seconds left.
|
|t:|1769307882
|-end|p2a: Iron Treads|Quark Drive|[silent]
|switch|p2a: Kyurem|Kyurem|100/100
|-ability|p2a: Kyurem|Pressure
|move|p1a: Ogerpon|Knock Off|p2a: Kyurem
|-damage|p2a: Kyurem|66/100
|-enditem|p2a: Kyurem|Assault Vest|[from] move: Knock Off|[of] p1a: Ogerpon
|
|upkeep
|turn|4
|inactive|mentalsoft has 240 seconds left.
|
|t:|1769307908
|switch|p1a: Garganacl|Garganacl, M|100/100
|move|p2a: Kyurem|Ice Beam|p1a: Garganacl
|-damage|p1a: Garganacl|63/100
|
|-heal|p1a: Garganacl|70/100|[from] item: Leftovers
|upkeep
|turn|5
|inactive|Runo has 210 seconds left.
|
|t:|1769307927
|move|p2a: Kyurem|Earth Power|p1a: Garganacl
|-supereffective|p1a: Garganacl
|-damage|p1a: Garganacl|20/100
|move|p1a: Garganacl|Recover|p1a: Garganacl
|-heal|p1a: Garganacl|70/100
|
|-heal|p1a: Garganacl|76/100|[from] item: Leftovers
|upkeep
|turn|6
|inactive|mentalsoft has 210 seconds left.
|
|t:|1769307950
|move|p1a: Garganacl|Protect|p1a: Garganacl
|-singleturn|p1a: Garganacl|Protect
|move|p2a: Kyurem|Earth Power|p1a: Garganacl
|-activate|p1a: Garganacl|move: Protect
|
|-heal|p1a: Garganacl|82/100|[from] item: Leftovers
|upkeep
|turn|7
|inactive|mentalsoft has 210 seconds left.
|inactive|Runo has 210 seconds left.
|
|t:|1769307970
|-terastallize|p1a: Garganacl|Ghost
|move|p2a: Kyurem|Earth Power|p1a: Garganacl
|-damage|p1a: Garganacl|58/100
|move|p1a: Garganacl|Salt Cure|p2a: Kyurem
|-supereffective|p2a: Kyurem
|-damage|p2a: Kyurem|42/100
|-start|p2a: Kyurem|Salt Cure
|
|-heal|p1a: Garganacl|64/100|[from] item: Leftovers
|-damage|p2a: Kyurem|30/100|[from] Salt Cure
|upkeep
|turn|8
|inactive|Runo has 210 seconds left.
|
|t:|1769307989
|switch|p2a: Hatterene|Hatterene, F|100/100
|move|p1a: Garganacl|Recover|p1a: Garganacl
|-heal|p1a: Garganacl|100/100
|
|upkeep
|turn|9
|
|t:|1769308006
|switch|p1a: Iron Treads|Iron Treads|100/100
|move|p2a: Hatterene|Psychic Noise|p1a: Iron Treads
|-resisted|p1a: Iron Treads
|-damage|p1a: Iron Treads|91/100
|-start|p1a: Iron Treads|move: Heal Block
|
|upkeep
|turn|10
|inactive|mentalsoft has 180 seconds left.
|
|t:|1769308026
|switch|p2a: Tornadus|Tornadus-Therian, M|100/100
|move|p1a: Iron Treads|Knock Off|p2a: Tornadus
|-damage|p2a: Tornadus|65/100
|-enditem|p2a: Tornadus|Life Orb|[from] move: Knock Off|[of] p1a: Iron Treads
|
|-end|p1a: Iron Treads|move: Heal Block
|upkeep
|turn|11
|inactive|mentalsoft has 180 seconds left.
|inactive|Runo has 210 seconds left.
|
|t:|1769308061
|switch|p2a: Zamazenta|Zamazenta|100/100
|-ability|p2a: Zamazenta|Dauntless Shield|boost
|-boost|p2a: Zamazenta|def|1
|move|p1a: Iron Treads|Rapid Spin|p2a: Zamazenta
|-damage|p2a: Zamazenta|94/100
|-boost|p1a: Iron Treads|spe|1
|
|-heal|p2a: Zamazenta|99/100|[from] item: Leftovers
|upkeep
|turn|12
|inactive|Runo has 210 seconds left.
|inactive|mentalsoft has 150 seconds left.
|
|t:|1769308083
|-end|p1a: Iron Treads|Quark Drive|[silent]
|switch|p1a: Garganacl|Garganacl, M, tera:Ghost|100/100
|move|p2a: Zamazenta|Crunch|p1a: Garganacl
|-supereffective|p1a: Garganacl
|-damage|p1a: Garganacl|73/100
|
|-heal|p2a: Zamazenta|100/100|[from] item: Leftovers
|-heal|p1a: Garganacl|79/100|[from] item: Leftovers
|upkeep
|turn|13
|
|t:|1769308090
|switch|p2a: Hatterene|Hatterene, F|100/100
|move|p1a: Garganacl|Salt Cure|p2a: Hatterene
|-damage|p2a: Hatterene|89/100
|-start|p2a: Hatterene|Salt Cure
|
|-heal|p1a: Garganacl|85/100|[from] item: Leftovers
|-damage|p2a: Hatterene|77/100|[from] Salt Cure
|upkeep
|turn|14
|inactive|Runo has 210 seconds left.
|
|t:|1769308122
|move|p1a: Garganacl|Protect|p1a: Garganacl
|-singleturn|p1a: Garganacl|Protect
|move|p2a: Hatterene|Psychic Noise|p1a: Garganacl
|-activate|p1a: Garganacl|move: Protect
|
|-heal|p1a: Garganacl|91/100|[from] item: Leftovers
|-damage|p2a: Hatterene|65/100|[from] Salt Cure
|upkeep
|turn|15
|inactive|mentalsoft has 150 seconds left.
|
|t:|1769308147
|switch|p1a: Iron Treads|Iron Treads|91/100
|move|p2a: Hatterene|Pain Split|p1a: Iron Treads
|-sethp|p1a: Iron Treads|72/100|[from] move: Pain Split|[silent]
|-sethp|p2a: Hatterene|87/100|[from] move: Pain Split
|
|-damage|p2a: Hatterene|75/100|[from] Salt Cure
|upkeep
|turn|16
|inactive|mentalsoft has 150 seconds left.
|inactive|Runo has 180 seconds left.
|
|t:|1769308179
|-end|p1a: Iron Treads|Quark Drive|[silent]
|switch|p1a: Hatterene|Hatterene, F|100/100
|switch|p2a: Tornadus|Tornadus-Therian, M|98/100
|
|upkeep
|turn|17
|inactive|mentalsoft has 120 seconds left.
|
|t:|1769308216
|switch|p2a: Iron Treads|Iron Treads|88/100
|move|p1a: Hatterene|Nuzzle|p2a: Iron Treads
|-immune|p2a: Iron Treads
|
|-heal|p2a: Iron Treads|94/100|[from] item: Leftovers
|upkeep
|turn|18
|
|t:|1769308239
|move|p2a: Iron Treads|Stealth Rock|p1a: Hatterene
|move|p1a: Hatterene|Stealth Rock|p2a: Iron Treads|[from] ability: Magic Bounce
|-sidestart|p2: Runo|move: Stealth Rock
|move|p1a: Hatterene|Psychic Noise|p2a: Iron Treads
|-resisted|p2a: Iron Treads
|-damage|p2a: Iron Treads|70/100
|-start|p2a: Iron Treads|move: Heal Block
|
|upkeep
|turn|19
|
|t:|1769308246
|move|p2a: Iron Treads|Stealth Rock|p1a: Hatterene
|move|p1a: Hatterene|Stealth Rock||[from] ability: Magic Bounce|[still]
|-fail|p1a: Hatterene
|move|p1a: Hatterene|Psychic Noise|p2a: Iron Treads
|-resisted|p2a: Iron Treads
|-damage|p2a: Iron Treads|48/100
|
|-end|p2a: Iron Treads|move: Heal Block
|upkeep
|turn|20
|
|t:|1769308254
|move|p2a: Iron Treads|Stealth Rock|p1a: Hatterene
|move|p1a: Hatterene|Stealth Rock||[from] ability: Magic Bounce|[still]
|-fail|p1a: Hatterene
|move|p1a: Hatterene|Psychic Noise|p2a: Iron Treads
|-resisted|p2a: Iron Treads
|-damage|p2a: Iron Treads|24/100
|-start|p2a: Iron Treads|move: Heal Block
|
|upkeep
|turn|21
|
|t:|1769308263
|move|p2a: Iron Treads|Rapid Spin|p1a: Hatterene
|-damage|p1a: Hatterene|88/100
|-boost|p2a: Iron Treads|spe|1
|-sideend|p2: Runo|Stealth Rock|[from] move: Rapid Spin|[of] p2a: Iron Treads
|move|p1a: Hatterene|Psychic Noise|p2a: Iron Treads
|-resisted|p2a: Iron Treads
|-damage|p2a: Iron Treads|0 fnt
|faint|p2a: Iron Treads
|-end|p2a: Iron Treads|Quark Drive|[silent]
|
|upkeep
|
|t:|1769308277
|switch|p2a: Kingambit|Kingambit, M|100/100
|-activate|p2a: Kingambit|ability: Supreme Overlord
|-start|p2a: Kingambit|fallen1|[silent]
|turn|22
|inactive|mentalsoft has 120 seconds left.
|inactive|mentalsoft has 90 seconds left.
|
|t:|1769308317
|switch|p1a: Ogerpon|Ogerpon-Wellspring, F|73/100
|move|p2a: Kingambit|Swords Dance|p2a: Kingambit
|-boost|p2a: Kingambit|atk|2
|
|upkeep
|turn|23
|inactive|mentalsoft has 90 seconds left.
|
|t:|1769308351
|move|p2a: Kingambit|Sucker Punch|p1a: Ogerpon
|-damage|p1a: Ogerpon|0 fnt
|faint|p1a: Ogerpon
|
|upkeep
|inactive|mentalsoft has 60 seconds left.
|
|t:|1769308367
|switch|p1a: Zamazenta|Zamazenta|100/100
|-ability|p1a: Zamazenta|Dauntless Shield|boost
|-boost|p1a: Zamazenta|def|1
|turn|24
|inactive|mentalsoft has 60 seconds left.
|inactive|mentalsoft has 30 seconds left.
|
|t:|1769308408
|-terastallize|p2a: Kingambit|Fairy
|move|p2a: Kingambit|Sucker Punch||[still]
|-fail|p2a: Kingambit
|move|p1a: Zamazenta|Iron Defense|p1a: Zamazenta
|-boost|p1a: Zamazenta|def|2
|
|upkeep
|turn|25
|inactive|mentalsoft has 30 seconds left.
|inactive|Runo has 240 seconds left.
|inactive|mentalsoft has 20 seconds left.
|inactive|mentalsoft has 15 seconds left.
|
|t:|1769308430
|move|p1a: Zamazenta|Body Press|p2a: Kingambit
|-resisted|p2a: Kingambit
|-damage|p2a: Kingambit|62/100
|move|p2a: Kingambit|Swords Dance|p2a: Kingambit
|-boost|p2a: Kingambit|atk|2
|
|upkeep
|turn|26
|inactive|mentalsoft has 25 seconds left this turn.
|
|t:|1769308434
|move|p1a: Zamazenta|Iron Defense|p1a: Zamazenta
|-boost|p1a: Zamazenta|def|2
|move|p2a: Kingambit|Tera Blast|p1a: Zamazenta|[anim] Tera Blast Fairy
|-supereffective|p1a: Zamazenta
|-damage|p1a: Zamazenta|31/100
|
|-heal|p1a: Zamazenta|37/100|[from] item: Leftovers
|upkeep
|turn|27
|
|t:|1769308443
|move|p1a: Zamazenta|Body Press|p2a: Kingambit
|-resisted|p2a: Kingambit
|-damage|p2a: Kingambit|8/100
|move|p2a: Kingambit|Tera Blast|p1a: Zamazenta|[anim] Tera Blast Fairy
|-supereffective|p1a: Zamazenta
|-damage|p1a: Zamazenta|0 fnt
|faint|p1a: Zamazenta
|
|upkeep
|
|t:|1769308452
|switch|p1a: Dragonite|Dragonite, M|100/100
|turn|28
|
|t:|1769308462
|-end|p2a: Kingambit|fallen1|[silent]
|switch|p2a: Hatterene|Hatterene, F|75/100
|move|p1a: Dragonite|Extreme Speed|p2a: Hatterene
|-damage|p2a: Hatterene|48/100
|-damage|p1a: Dragonite|84/100|[from] item: Rocky Helmet|[of] p2a: Hatterene
|
|upkeep
|turn|29
|
|t:|1769308469
|switch|p1a: Iron Treads|Iron Treads|72/100
|switch|p2a: Tornadus|Tornadus-Therian, M|100/100
|
|upkeep
|turn|30
|inactive|Runo has 270 seconds left.
|
|t:|1769308499
|move|p2a: Tornadus|Nasty Plot|p2a: Tornadus
|-boost|p2a: Tornadus|spa|2
|move|p1a: Iron Treads|Ice Spinner|p2a: Tornadus
|-supereffective|p2a: Tornadus
|-damage|p2a: Tornadus|47/100
|
|upkeep
|turn|31
|
|t:|1769308506
|move|p2a: Tornadus|Focus Blast|p1a: Iron Treads
|-supereffective|p1a: Iron Treads
|-damage|p1a: Iron Treads|0 fnt
|faint|p1a: Iron Treads
|-end|p1a: Iron Treads|Quark Drive|[silent]
|
|upkeep
|inactive|mentalsoft has 30 seconds left.
|
|t:|1769308524
|switch|p1a: Garganacl|Garganacl, M, tera:Ghost|91/100
|turn|32
|inactive|mentalsoft has 30 seconds left.
|inactive|Runo has 270 seconds left.
|inactive|mentalsoft has 20 seconds left.
|
|t:|1769308548
|switch|p2a: Kyurem|Kyurem|30/100
|-ability|p2a: Kyurem|Pressure
|move|p1a: Garganacl|Protect||[still]
|-fail|p1a: Garganacl
|
|-heal|p1a: Garganacl|98/100|[from] item: Leftovers
|upkeep
|turn|33
|inactive|mentalsoft has 30 seconds left this turn.
|inactive|mentalsoft has 20 seconds left.
|inactive|mentalsoft has 15 seconds left.
|inactive|mentalsoft has 10 seconds left.
|inactive|mentalsoft has 5 seconds left.
|
|t:|1769308577
|switch|p2a: Hatterene|Hatterene, F|48/100
|move|p1a: Garganacl|Salt Cure|p2a: Hatterene
|-damage|p2a: Hatterene|36/100
|-start|p2a: Hatterene|Salt Cure
|
|-heal|p1a: Garganacl|100/100|[from] item: Leftovers
|-damage|p2a: Hatterene|23/100|[from] Salt Cure
|upkeep
|turn|34
|inactive|mentalsoft has 15 seconds left this turn.
|
|t:|1769308586
|move|p1a: Garganacl|Protect|p1a: Garganacl
|-singleturn|p1a: Garganacl|Protect
|move|p2a: Hatterene|Pain Split|p1a: Garganacl
|-activate|p1a: Garganacl|move: Protect
|
|-damage|p2a: Hatterene|11/100|[from] Salt Cure
|upkeep
|turn|35
|inactive|mentalsoft has 25 seconds left this turn.
|inactive|mentalsoft has 20 seconds left.
|inactive|mentalsoft has 15 seconds left.
|
|t:|1769308597
|move|p1a: Garganacl|Protect||[still]
|-fail|p1a: Garganacl
|move|p2a: Hatterene|Pain Split|p1a: Garganacl
|-sethp|p1a: Garganacl|55/100|[from] move: Pain Split|[silent]
|-sethp|p2a: Hatterene|69/100|[from] move: Pain Split
|
|-heal|p1a: Garganacl|61/100|[from] item: Leftovers
|-damage|p2a: Hatterene|57/100|[from] Salt Cure
|upkeep
|turn|36
|inactive|mentalsoft has 25 seconds left this turn.
|inactive|mentalsoft has 20 seconds left.
|
|t:|1769308606
|switch|p1a: Hatterene|Hatterene, F|88/100
|move|p2a: Hatterene|Psychic Noise|p1a: Hatterene
|-resisted|p1a: Hatterene
|-damage|p1a: Hatterene|70/100
|
|-damage|p2a: Hatterene|45/100|[from] Salt Cure
|upkeep
|turn|37
|inactive|mentalsoft has 30 seconds left this turn.
|
|t:|1769308616
|move|p1a: Hatterene|Draining Kiss|p2a: Hatterene
|-damage|p2a: Hatterene|21/100
|-heal|p1a: Hatterene|88/100|[from] drain|[of] p2a: Hatterene
|-damage|p1a: Hatterene|72/100|[from] item: Rocky Helmet|[of] p2a: Hatterene
|move|p2a: Hatterene|Nuzzle|p1a: Hatterene
|-damage|p1a: Hatterene|68/100
|
|-damage|p2a: Hatterene|9/100|[from] Salt Cure
|upkeep
|turn|38
|
|t:|1769308620
|move|p1a: Hatterene|Draining Kiss|p2a: Hatterene
|-damage|p2a: Hatterene|0 fnt
|-heal|p1a: Hatterene|75/100|[from] drain|[of] p2a: Hatterene
|-damage|p1a: Hatterene|58/100|[from] item: Rocky Helmet|[of] p2a: Hatterene
|faint|p2a: Hatterene
|
|upkeep
|
|t:|1769308633
|switch|p2a: Kyurem|Kyurem|30/100
|-ability|p2a: Kyurem|Pressure
|turn|39
|
|t:|1769308642
|move|p2a: Kyurem|Ice Beam|p1a: Hatterene
|-damage|p1a: Hatterene|6/100
|move|p1a: Hatterene|Draining Kiss|p2a: Kyurem
|-supereffective|p2a: Kyurem
|-damage|p2a: Kyurem|0 fnt
|-heal|p1a: Hatterene|35/100|[from] drain|[of] p2a: Kyurem
|faint|p2a: Kyurem
|
|upkeep
|
|t:|1769308649
|switch|p2a: Kingambit|Kingambit, M, tera:Fairy|8/100
|-activate|p2a: Kingambit|ability: Supreme Overlord
|-start|p2a: Kingambit|fallen3|[silent]
|turn|40
|
|t:|1769308663
|move|p2a: Kingambit|Tera Blast|p1a: Hatterene|[anim] Tera Blast Fairy
|-damage|p1a: Hatterene|0 fnt
|faint|p1a: Hatterene
|
|upkeep
|
|t:|1769308668
|switch|p1a: Dragonite|Dragonite, M|84/100
|turn|41
|inactive|mentalsoft has 60 seconds left.
|inactive|mentalsoft has 30 seconds left.
|inactive|Runo has 270 seconds left.
|inactive|mentalsoft has 20 seconds left.
|
|t:|1769308717
|switch|p1a: Garganacl|Garganacl, M, tera:Ghost|61/100
|move|p2a: Kingambit|Tera Blast|p1a: Garganacl|[anim] Tera Blast Fairy
|-damage|p1a: Garganacl|22/100
|
|-heal|p1a: Garganacl|28/100|[from] item: Leftovers
|upkeep
|turn|42
|inactive|mentalsoft has 30 seconds left this turn.
|inactive|mentalsoft has 20 seconds left.
|
|t:|1769308729
|move|p2a: Kingambit|Tera Blast|p1a: Garganacl|[anim] Tera Blast Fairy
|-damage|p1a: Garganacl|0 fnt
|faint|p1a: Garganacl
|
|upkeep
|inactive|mentalsoft has 25 seconds left this turn.
|
|t:|1769308731
|switch|p1a: Dragonite|Dragonite, M|84/100
|turn|43
|
|t:|1769308734
|move|p1a: Dragonite|Extreme Speed|p2a: Kingambit
|-damage|p2a: Kingambit|0 fnt
|faint|p2a: Kingambit
|-end|p2a: Kingambit|fallen3|[silent]
|
|upkeep
|
|t:|1769308737
|switch|p2a: Zamazenta|Zamazenta|100/100
|turn|44
|
|t:|1769308753
|move|p2a: Zamazenta|Iron Defense|p2a: Zamazenta
|-boost|p2a: Zamazenta|def|2
|move|p1a: Dragonite|Dragon Dance|p1a: Dragonite
|-boost|p1a: Dragonite|atk|1
|-boost|p1a: Dragonite|spe|1
|
|upkeep
|turn|45
|
|t:|1769308766
|move|p2a: Zamazenta|Iron Defense|p2a: Zamazenta
|-boost|p2a: Zamazenta|def|2
|move|p1a: Dragonite|Dragon Dance|p1a: Dragonite
|-boost|p1a: Dragonite|atk|1
|-boost|p1a: Dragonite|spe|1
|
|upkeep
|turn|46
|
|t:|1769308773
|move|p1a: Dragonite|Roost|p1a: Dragonite
|-heal|p1a: Dragonite|100/100
|-singleturn|p1a: Dragonite|move: Roost
|move|p2a: Zamazenta|Body Press|p1a: Dragonite
|-damage|p1a: Dragonite|51/100
|-damage|p2a: Zamazenta|84/100|[from] item: Rocky Helmet|[of] p1a: Dragonite
|
|-heal|p2a: Zamazenta|90/100|[from] item: Leftovers
|upkeep
|turn|47
|
|t:|1769308778
|move|p1a: Dragonite|Roost|p1a: Dragonite
|-heal|p1a: Dragonite|100/100
|-singleturn|p1a: Dragonite|move: Roost
|move|p2a: Zamazenta|Iron Defense|p2a: Zamazenta
|-boost|p2a: Zamazenta|def|2
|
|-heal|p2a: Zamazenta|96/100|[from] item: Leftovers
|upkeep
|turn|48
|
|t:|1769308782
|move|p1a: Dragonite|Dragon Dance|p1a: Dragonite
|-boost|p1a: Dragonite|atk|1
|-boost|p1a: Dragonite|spe|1
|move|p2a: Zamazenta|Body Press|p1a: Dragonite
|-resisted|p1a: Dragonite
|-damage|p1a: Dragonite|70/100
|-damage|p2a: Zamazenta|80/100|[from] item: Rocky Helmet|[of] p1a: Dragonite
|
|-heal|p2a: Zamazenta|86/100|[from] item: Leftovers
|upkeep
|turn|49
|
|t:|1769308789
|move|p1a: Dragonite|Roost|p1a: Dragonite
|-heal|p1a: Dragonite|100/100
|-singleturn|p1a: Dragonite|move: Roost
|move|p2a: Zamazenta|Body Press|p1a: Dragonite
|-damage|p1a: Dragonite|39/100
|-damage|p2a: Zamazenta|70/100|[from] item: Rocky Helmet|[of] p1a: Dragonite
|
|-heal|p2a: Zamazenta|76/100|[from] item: Leftovers
|upkeep
|turn|50
|c|☆Runo|gg
|
|t:|1769308799
|move|p1a: Dragonite|Earthquake|p2a: Zamazenta
|-damage|p2a: Zamazenta|58/100
|move|p2a: Zamazenta|Body Press|p1a: Dragonite
|-resisted|p1a: Dragonite
|-damage|p1a: Dragonite|0 fnt
|-damage|p2a: Zamazenta|42/100|[from] item: Rocky Helmet|[of] p1a: Dragonite
|faint|p1a: Dragonite
|
|win|Runo
|c|☆mentalsoft|gg
|player|p1|
