|j|☆scrappyflamigo
|j|☆industriedutabac
|t:|1769344986
|gametype|singles
|player|p1|scrappyflamigo|diantha|1529
|player|p2|industriedutabac|101|1559
|gen|9
|tier|[Gen 9] OU
|rated|
|rule|HP Percentage Mod: HP is shown in percentages
|rule|Endless Battle Clause: Forcing endless battles is banned
|rule|Species Clause: Limit one of each Pokémon
|rule|OHKO Clause: OHKO moves are banned
|rule|Evasion Items Clause: Evasion items are banned
|rule|Evasion Moves Clause: Evasion moves are banned
|rule|Evasion Abilities Clause: Evasion abilities are banned
|rule|Sleep Moves Clause: Sleep-inducing moves are banned
|clearpoke
|poke|p1|Great Tusk|
|poke|p1|Pecharunt|
|poke|p1|Iron Valiant|
|poke|p1|Iron Crown|
|poke|p1|Samurott-Hisui, M|
|poke|p1|Dragonite, M|
|poke|p2|Gliscor, M|
|poke|p2|Ogerpon-Wellspring, F|
|poke|p2|Lokix, F|
|poke|p2|Weezing-Galar, M|
|poke|p2|Tyranitar, F|
|poke|p2|Excadrill, M|
|teampreview
|inactive|Battle timer is ON: inactive players will automatically lose when time's up. (requested by scrappyflamigo)
|inactive|scrappyflamigo has 120 seconds left.
|inactive|scrappyflamigo has 90 seconds left.
|
|t:|1769345063
|teamsize|p1|6
|teamsize|p2|6
|start
|switch|p1a: Iron Valiant|Iron Valiant, shiny|100/100
|switch|p2a: Lokix|Lokix, F|100/100
|turn|1
|
|t:|1769345072
|switch|p2a: Weezing|Weezing-Galar, M|100/100
|-ability|p2a: Weezing|Neutralizing Gas
|-item|p2a: Weezing|Air Balloon
|move|p1a: Iron Valiant|Moonblast|p2a: Weezing
|-resisted|p2a: Weezing
|-damage|p2a: Weezing|50/100
|-enditem|p2a: Weezing|Air Balloon
|
|upkeep
|turn|2
|inactive|scrappyflamigo has 120 seconds left.
|
|t:|1769345109
|-end|p1a: Iron Valiant|Quark Drive|[silent]
|switch|p1a: Iron Crown|Iron Crown|100/100
|move|p2a: Weezing|Strange Steam|p1a: Iron Crown
|-resisted|p1a: Iron Crown
|-damage|p1a: Iron Crown|92/100
|
|upkeep
|turn|3
|inactive|scrappyflamigo has 120 seconds left.
|
|t:|1769345127
|move|p1a: Iron Crown|Volt Switch|p2a: Weezing
|-damage|p2a: Weezing|20/100
|
|t:|1769345142
|-end|p1a: Iron Crown|Quark Drive|[silent]
|switch|p1a: Pecharunt|Pecharunt|100/100|[from] Volt Switch
|move|p2a: Weezing|Pain Split|p1a: Pecharunt
|-sethp|p1a: Pecharunt|59/100|[from] move: Pain Split|[silent]
|-sethp|p2a: Weezing|67/100|[from] move: Pain Split
|
|upkeep
|turn|4
|
|t:|1769345150
|-end|p2a: Weezing|ability: Neutralizing Gas
|switch|p2a: Gliscor|Gliscor, M|100/100
|move|p1a: Pecharunt|Malignant Chain|p2a: Gliscor
|-resisted|p2a: Gliscor
|-damage|p2a: Gliscor|81/100
|-status|p2a: Gliscor|tox
|-start|p2a: Gliscor|confusion|[from] ability: Poison Puppeteer|[of] p1a: Pecharunt
|
|-heal|p2a: Gliscor|93/100 tox|[from] ability: Poison Heal
|upkeep
|turn|5
|
|t:|1769345170
|switch|p2a: Tyranitar|Tyranitar, F|100/100
|-weather|Sandstorm|[from] ability: Sand Stream|[of] p2a: Tyranitar
|move|p1a: Pecharunt|Recover|p1a: Pecharunt
|-heal|p1a: Pecharunt|100/100
|
|-weather|Sandstorm|[upkeep]
|-damage|p1a: Pecharunt|94/100|[from] Sandstorm
|upkeep
|turn|6
|inactive|scrappyflamigo has 120 seconds left.
|
|t:|1769345177
|move|p1a: Pecharunt|Parting Shot|p2a: Tyranitar
|-unboost|p2a: Tyranitar|atk|1
|-unboost|p2a: Tyranitar|spa|1
|
|t:|1769345180
|switch|p1a: Great Tusk|Great Tusk|100/100|[from] Parting Shot
|move|p2a: Tyranitar|Knock Off|p1a: Great Tusk
|-resisted|p1a: Great Tusk
|-damage|p1a: Great Tusk|89/100
|-enditem|p1a: Great Tusk|Heavy-Duty Boots|[from] move: Knock Off|[of] p2a: Tyranitar
|
|-weather|Sandstorm|[upkeep]
|upkeep
|turn|7
|
|t:|1769345191
|switch|p2a: Lokix|Lokix, F|100/100
|move|p1a: Great Tusk|Ice Spinner|p2a: Lokix
|-damage|p2a: Lokix|61/100
|
|-weather|Sandstorm|[upkeep]
|-damage|p2a: Lokix|55/100|[from] Sandstorm
|upkeep
|turn|8
|
|t:|1769345202
|move|p2a: Lokix|Leech Life|p1a: Great Tusk
|-resisted|p1a: Great Tusk
|-damage|p1a: Great Tusk|56/100
|-heal|p2a: Lokix|77/100|[from] drain|[of] p1a: Great Tusk
|-damage|p2a: Lokix|67/100|[from] item: Life Orb
|move|p1a: Great Tusk|Stealth Rock|p2a: Lokix
|-sidestart|p2: industriedutabac|move: Stealth Rock
|
|-weather|Sandstorm|[upkeep]
|-damage|p2a: Lokix|61/100|[from] Sandstorm
|upkeep
|turn|9
|
|t:|1769345210
|move|p2a: Lokix|U-turn|p1a: Great Tusk
|-resisted|p1a: Great Tusk
|-damage|p1a: Great Tusk|26/100
|-damage|p2a: Lokix|51/100|[from] item: Life Orb
|
|t:|1769345221
|switch|p2a: Excadrill|Excadrill, M|100/100|[from] U-turn
|-damage|p2a: Excadrill|97/100|[from] Stealth Rock
|-item|p2a: Excadrill|Air Balloon
|move|p1a: Great Tusk|Headlong Rush|p2a: Excadrill
|-immune|p2a: Excadrill
|
|-weather|Sandstorm|[upkeep]
|upkeep
|turn|10
|
|t:|1769345231
|-end|p1a: Great Tusk|Protosynthesis|[silent]
|switch|p1a: Pecharunt|Pecharunt|94/100
|move|p2a: Excadrill|Swords Dance|p2a: Excadrill
|-boost|p2a: Excadrill|atk|2
|
|-weather|Sandstorm|[upkeep]
|-damage|p1a: Pecharunt|88/100|[from] Sandstorm
|upkeep
|turn|11
|
|t:|1769345256
|-terastallize|p1a: Pecharunt|Ghost
|move|p2a: Excadrill|Earthquake|p1a: Pecharunt
|-damage|p1a: Pecharunt|31/100
|move|p1a: Pecharunt|Shadow Ball|p2a: Excadrill
|-damage|p2a: Excadrill|56/100
|-unboost|p2a: Excadrill|spd|1
|-enditem|p2a: Excadrill|Air Balloon
|
|-weather|Sandstorm|[upkeep]
|-damage|p1a: Pecharunt|25/100|[from] Sandstorm
|upkeep
|turn|12
|
|t:|1769345264
|switch|p1a: Great Tusk|Great Tusk|26/100
|move|p2a: Excadrill|Earthquake|p1a: Great Tusk
|-damage|p1a: Great Tusk|0 fnt
|faint|p1a: Great Tusk
|-end|p1a: Great Tusk|Protosynthesis|[silent]
|
|-weather|none
|upkeep
|
|t:|1769345273
|switch|p1a: Samurott|Samurott-Hisui, M, shiny|100/100
|turn|13
|
|t:|1769345288
|switch|p2a: Weezing|Weezing-Galar, M|67/100
|-ability|p2a: Weezing|Neutralizing Gas
|-damage|p2a: Weezing|54/100|[from] Stealth Rock
|move|p1a: Samurott|Sucker Punch||[still]
|-fail|p1a: Samurott
|
|upkeep
|turn|14
|
|t:|1769345297
|move|p1a: Samurott|Flip Turn|p2a: Weezing
|-damage|p2a: Weezing|35/100
|
|t:|1769345302
|switch|p1a: Pecharunt|Pecharunt, tera:Ghost|25/100|[from] Flip Turn
|move|p2a: Weezing|Will-O-Wisp|p1a: Pecharunt
|-status|p1a: Pecharunt|brn
|
|-damage|p1a: Pecharunt|18/100 brn|[from] brn
|upkeep
|turn|15
|
|t:|1769345310
|move|p1a: Pecharunt|Parting Shot|p2a: Weezing
|-unboost|p2a: Weezing|atk|1
|-unboost|p2a: Weezing|spa|1
|
|t:|1769345316
|switch|p1a: Iron Crown|Iron Crown|92/100|[from] Parting Shot
|move|p2a: Weezing|Defog|p1a: Iron Crown
|-unboost|p1a: Iron Crown|evasion|1
|-sideend|p2: industriedutabac|Stealth Rock|[from] move: Defog|[of] p2a: Weezing
|
|upkeep
|turn|16
|
|t:|1769345332
|move|p1a: Iron Crown|Tachyon Cutter|p2a: Weezing
|-supereffective|p2a: Weezing
|-damage|p2a: Weezing|0 fnt
|faint|p2a: Weezing
|-end|p2a: Weezing|ability: Neutralizing Gas
|-hitcount|p2: Weezing|1
|
|upkeep
|
|t:|1769345337
|switch|p2a: Ogerpon|Ogerpon-Wellspring, F|100/100
|turn|17
|
|t:|1769345349
|move|p1a: Iron Crown|Volt Switch|p2a: Ogerpon
|-damage|p2a: Ogerpon|75/100
|
|t:|1769345354
|-end|p1a: Iron Crown|Quark Drive|[silent]
|switch|p1a: Pecharunt|Pecharunt, tera:Ghost|18/100 brn|[from] Volt Switch
|move|p2a: Ogerpon|Trailblaze|p1a: Pecharunt
|-damage|p1a: Pecharunt|5/100 brn
|-boost|p2a: Ogerpon|spe|1
|-damage|p2a: Ogerpon|58/100|[from] item: Rocky Helmet|[of] p1a: Pecharunt
|
|-damage|p1a: Pecharunt|0 fnt|[from] brn
|faint|p1a: Pecharunt
|upkeep
|
|t:|1769345360
|switch|p1a: Dragonite|Dragonite, M|100/100
|turn|18
|
|t:|1769345365
|move|p2a: Ogerpon|Play Rough|p1a: Dragonite
|-supereffective|p1a: Dragonite
|-damage|p1a: Dragonite|58/100
|move|p1a: Dragonite|Dragon Dance|p1a: Dragonite
|-boost|p1a: Dragonite|atk|1
|-boost|p1a: Dragonite|spe|1
|
|upkeep
|turn|19
|
|t:|1769345371
|switch|p2a: Tyranitar|Tyranitar, F|100/100
|-weather|Sandstorm|[from] ability: Sand Stream|[of] p2a: Tyranitar
|move|p1a: Dragonite|Roost|p1a: Dragonite
|-heal|p1a: Dragonite|100/100
|-singleturn|p1a: Dragonite|move: Roost
|
|-weather|Sandstorm|[upkeep]
|-damage|p1a: Dragonite|94/100|[from] Sandstorm
|upkeep
|turn|20
|
|t:|1769345379
|move|p1a: Dragonite|Roost|p1a: Dragonite
|-heal|p1a: Dragonite|100/100
|-singleturn|p1a: Dragonite|move: Roost
|move|p2a: Tyranitar|Ice Beam|p1a: Dragonite
|-supereffective|p1a: Dragonite
|-damage|p1a: Dragonite|82/100
|
|-weather|Sandstorm|[upkeep]
|-damage|p1a: Dragonite|76/100|[from] Sandstorm
|upkeep
|turn|21
|
|t:|1769345385
|move|p1a: Dragonite|Earthquake|p2a: Tyranitar
|-supereffective|p2a: Tyranitar
|-crit|p2a: Tyranitar
|-damage|p2a: Tyranitar|0 fnt
|faint|p2a: Tyranitar
|
|-weather|Sandstorm|[upkeep]
|-damage|p1a: Dragonite|70/100|[from] Sandstorm
|upkeep
|
|t:|1769345391
|switch|p2a: Excadrill|Excadrill, M|56/100
|turn|22
|
|t:|1769345394
|move|p2a: Excadrill|Rock Slide|p1a: Dragonite
|-supereffective|p1a: Dragonite
|-damage|p1a: Dragonite|5/100
|move|p1a: Dragonite|Earthquake|p2a: Excadrill
|-supereffective|p2a: Excadrill
|-damage|p2a: Excadrill|0 fnt
|faint|p2a: Excadrill
|
|-weather|Sandstorm|[upkeep]
|-damage|p1a: Dragonite|0 fnt|[from] Sandstorm
|faint|p1a: Dragonite
|upkeep
|
|t:|1769345411
|switch|p1a: Iron Valiant|Iron Valiant, shiny|100/100
|switch|p2a: Gliscor|Gliscor, M|93/100 tox
|turn|23
|
|t:|1769345421
|-end|p1a: Iron Valiant|Quark Drive|[silent]
|switch|p1a: Samurott|Samurott-Hisui, M, shiny|100/100
|move|p2a: Gliscor|Protect||[still]
|-fail|p2a: Gliscor
|
|-weather|Sandstorm|[upkeep]
|-damage|p1a: Samurott|94/100|[from] Sandstorm
|-heal|p2a: Gliscor|100/100 tox|[from] ability: Poison Heal
|upkeep
|turn|24
|
|t:|1769345430
|move|p2a: Gliscor|Toxic|p1a: Samurott
|-status|p1a: Samurott|tox
|move|p1a: Samurott|Ceaseless Edge|p2a: Gliscor
|-damage|p2a: Gliscor|50/100 tox
|-sidestart|p2: industriedutabac|Spikes
|
|-weather|Sandstorm|[upkeep]
|-damage|p1a: Samurott|88/100 tox|[from] Sandstorm
|-heal|p2a: Gliscor|63/100 tox|[from] ability: Poison Heal
|-damage|p1a: Samurott|82/100 tox|[from] psn
|upkeep
|turn|25
|
|t:|1769345440
|move|p2a: Gliscor|Protect|p2a: Gliscor
|-singleturn|p2a: Gliscor|Protect
|move|p1a: Samurott|Ceaseless Edge|p2a: Gliscor
|-activate|p2a: Gliscor|move: Protect
|
|-weather|Sandstorm|[upkeep]
|-damage|p1a: Samurott|76/100 tox|[from] Sandstorm
|-heal|p2a: Gliscor|75/100 tox|[from] ability: Poison Heal
|-damage|p1a: Samurott|63/100 tox|[from] psn
|upkeep
|turn|26
|
|t:|1769345446
|move|p2a: Gliscor|Substitute|p2a: Gliscor
|-start|p2a: Gliscor|Substitute
|-damage|p2a: Gliscor|50/100 tox
|move|p1a: Samurott|Ceaseless Edge|p2a: Gliscor
|-end|p2a: Gliscor|Substitute
|-sidestart|p2: industriedutabac|Spikes
|
|-weather|none
|-heal|p2a: Gliscor|63/100 tox|[from] ability: Poison Heal
|-damage|p1a: Samurott|44/100 tox|[from] psn
|upkeep
|turn|27
|
|t:|1769345456
|move|p2a: Gliscor|Protect|p2a: Gliscor
|-singleturn|p2a: Gliscor|Protect
|move|p1a: Samurott|Ceaseless Edge|p2a: Gliscor
|-activate|p2a: Gliscor|move: Protect
|
|-heal|p2a: Gliscor|75/100 tox|[from] ability: Poison Heal
|-damage|p1a: Samurott|20/100 tox|[from] psn
|upkeep
|turn|28
|
|t:|1769345459
|move|p2a: Gliscor|Earthquake|p1a: Samurott
|-damage|p1a: Samurott|0 fnt
|faint|p1a: Samurott
|
|-heal|p2a: Gliscor|88/100 tox|[from] ability: Poison Heal
|upkeep
|
|t:|1769345474
|switch|p1a: Iron Crown|Iron Crown|92/100
|turn|29
|
|t:|1769345489
|switch|p2a: Ogerpon|Ogerpon-Wellspring, F|58/100
|-damage|p2a: Ogerpon|42/100|[from] Spikes
|move|p1a: Iron Crown|Tachyon Cutter|p2a: Ogerpon
|-resisted|p2a: Ogerpon
|-damage|p2a: Ogerpon|28/100
|-resisted|p2a: Ogerpon
|-damage|p2a: Ogerpon|13/100
|-hitcount|p2a: Ogerpon|2
|
|upkeep
|turn|30
|
|t:|1769345498
|move|p1a: Iron Crown|Volt Switch|p2a: Ogerpon
|-crit|p2a: Ogerpon
|-damage|p2a: Ogerpon|0 fnt
|faint|p2a: Ogerpon
|
|t:|1769345501
|-end|p1a: Iron Crown|Quark Drive|[silent]
|switch|p1a: Iron Valiant|Iron Valiant, shiny|100/100|[from] Volt Switch
|
|upkeep
|
|t:|1769345505
|switch|p2a: Gliscor|Gliscor, M|88/100 tox
|turn|31
|
|t:|1769345508
|move|p2a: Gliscor|Protect|p2a: Gliscor
|-singleturn|p2a: Gliscor|Protect
|move|p1a: Iron Valiant|Shadow Ball|p2a: Gliscor
|-activate|p2a: Gliscor|move: Protect
|
|-heal|p2a: Gliscor|99/100 tox|[from] ability: Poison Heal
|upkeep
|turn|32
|
|t:|1769345513
|-end|p1a: Iron Valiant|Quark Drive|[silent]
|switch|p1a: Iron Crown|Iron Crown|92/100
|move|p2a: Gliscor|Toxic|p1a: Iron Crown
|-immune|p1a: Iron Crown
|
|-heal|p2a: Gliscor|100/100 tox|[from] ability: Poison Heal
|upkeep
|turn|33
|
|t:|1769345519
|move|p1a: Iron Crown|Tachyon Cutter|p2a: Gliscor
|-damage|p2a: Gliscor|68/100 tox
|-damage|p2a: Gliscor|35/100 tox
|-hitcount|p2a: Gliscor|2
|move|p2a: Gliscor|Earthquake|p1a: Iron Crown
|-supereffective|p1a: Iron Crown
|-damage|p1a: Iron Crown|28/100
|
|-heal|p2a: Gliscor|48/100 tox|[from] ability: Poison Heal
|upkeep
|turn|34
|
|t:|1769345526
|move|p2a: Gliscor|Protect|p2a: Gliscor
|-singleturn|p2a: Gliscor|Protect
|move|p1a: Iron Crown|Tachyon Cutter|p2a: Gliscor
|-activate|p2a: Gliscor|move: Protect
|
|-heal|p2a: Gliscor|60/100 tox|[from] ability: Poison Heal
|upkeep
|turn|35
|
|t:|1769345529
|-terastallize|p2a: Gliscor|Water
|move|p1a: Iron Crown|Tachyon Cutter|p2a: Gliscor
|-resisted|p2a: Gliscor
|-damage|p2a: Gliscor|45/100 tox
|-resisted|p2a: Gliscor
|-damage|p2a: Gliscor|29/100 tox
|-hitcount|p2a: Gliscor|2
|move|p2a: Gliscor|Earthquake|p1a: Iron Crown
|-supereffective|p1a: Iron Crown
|-damage|p1a: Iron Crown|0 fnt
|faint|p1a: Iron Crown
|-end|p1a: Iron Crown|Quark Drive|[silent]
|
|-heal|p2a: Gliscor|41/100 tox|[from] ability: Poison Heal
|upkeep
|
|t:|1769345538
|switch|p1a: Iron Valiant|Iron Valiant, shiny|100/100
|turn|36
|
|t:|1769345541
|move|p2a: Gliscor|Protect|p2a: Gliscor
|-singleturn|p2a: Gliscor|Protect
|move|p1a: Iron Valiant|Moonblast|p2a: Gliscor
|-activate|p2a: Gliscor|move: Protect
|
|-heal|p2a: Gliscor|54/100 tox|[from] ability: Poison Heal
|upkeep
|turn|37
|
|t:|1769345544
|move|p2a: Gliscor|Protect||[still]
|-fail|p2a: Gliscor
|move|p1a: Iron Valiant|Moonblast|p2a: Gliscor
|-damage|p2a: Gliscor|0 fnt
|faint|p2a: Gliscor
|
|upkeep
|
|t:|1769345546
|switch|p2a: Lokix|Lokix, F|51/100
|-damage|p2a: Lokix|35/100|[from] Spikes
|turn|38
|
|t:|1769345549
|move|p2a: Lokix|Sucker Punch|p1a: Iron Valiant
|-resisted|p1a: Iron Valiant
|-damage|p1a: Iron Valiant|77/100
|-damage|p2a: Lokix|25/100|[from] item: Life Orb
|move|p1a: Iron Valiant|Moonblast|p2a: Lokix
|-supereffective|p2a: Lokix
|-damage|p2a: Lokix|0 fnt
|faint|p2a: Lokix
|
|win|scrappyflamigo
|raw|scrappyflamigo's rating: 1529 &rarr; <strong>1551</strong><br />(+22 for winning)
|raw|industriedutabac's rating: 1559 &rarr; <strong>1537</strong><br />(-22 for losing)
|c|☆scrappyflamigo|ggwp
|l|☆industriedutabac
|player|p2|
