|j|☆x-xj1x-x
|j|☆kevinbassonon5
|t:|1769341526
|gametype|singles
|player|p1|x-xj1x-x|ghetsis|1079
|player|p2|kevinbassonon5|lusamine-nihilego|1078
|gen|9
|tier|[Gen 9] OU
|rated|
|rule|HP Percentage Mod: HP is shown in percentages
|rule|Endless Battle Clause: Forcing endless battles is banned
|rule|Species Clause: Limit one of each Pokémon
|rule|OHKO Clause: OHKO moves are banned
|rule|Evasion Items Clause: Evasion items are banned
|rule|Evasion Moves Clause: Evasion moves are banned
|rule|Evasion Abilities Clause: Evasion abilities are banned
|rule|Sleep Moves Clause: Sleep-inducing moves are banned
|clearpoke
|poke|p1|Maushold|
|poke|p1|Cloyster, F|
|poke|p1|Spiritomb, F|
|poke|p1|Swalot, F|
|poke|p1|Thundurus, M|
|poke|p1|Overqwil, M|
|poke|p2|Ninetales, F|
|poke|p2|Walking Wake|
|poke|p2|Hatterene, F|
|poke|p2|Great Tusk|
|poke|p2|Venusaur, M|
|poke|p2|Kingambit, F|
|teampreview
|inactive|Battle timer is ON: inactive players will automatically lose when time's up. (requested by x-xj1x-x)
|
|t:|1769341532
|teamsize|p1|6
|teamsize|p2|6
|start
|switch|p1a: Spiritomb|Spiritomb, F|100/100
|switch|p2a: Ninetales|Ninetales, F|100/100
|-weather|SunnyDay|[from] ability: Drought|[of] p2a: Ninetales
|turn|1
|
|t:|1769341550
|switch|p2a: Hatterene|Hatterene, F|100/100
|move|p1a: Spiritomb|Snarl|p2a: Hatterene
|-damage|p2a: Hatterene|83/100
|-unboost|p2a: Hatterene|spa|1
|-enditem|p2a: Hatterene|Eject Button
|
|t:|1769341570
|switch|p2a: Walking Wake|Walking Wake|100/100
|-activate|p2a: Walking Wake|ability: Protosynthesis
|-start|p2a: Walking Wake|protosynthesisspe
|
|-weather|SunnyDay|[upkeep]
|upkeep
|turn|2
|inactive|kevinbassonon5 has 120 seconds left.
|
|t:|1769341591
|-terastallize|p2a: Walking Wake|Water
|move|p2a: Walking Wake|Hydro Steam|p1a: Spiritomb
|-damage|p1a: Spiritomb|0 fnt
|faint|p1a: Spiritomb
|
|-weather|SunnyDay|[upkeep]
|upkeep
|
|t:|1769341600
|switch|p1a: Swalot|Swalot, F|100/100
|turn|3
|
|t:|1769341605
|move|p2a: Walking Wake|Hydro Steam|p1a: Swalot
|-damage|p1a: Swalot|0 fnt
|faint|p1a: Swalot
|
|-weather|SunnyDay|[upkeep]
|upkeep
|
|t:|1769341610
|switch|p1a: Cloyster|Cloyster, F|100/100
|turn|4
|
|t:|1769341617
|-end|p2a: Walking Wake|Protosynthesis|[silent]
|switch|p2a: Great Tusk|Great Tusk|100/100
|-activate|p2a: Great Tusk|ability: Protosynthesis
|-start|p2a: Great Tusk|protosynthesisspe
|move|p1a: Cloyster|Rock Blast|p2a: Great Tusk
|-resisted|p2a: Great Tusk
|-damage|p2a: Great Tusk|99/100
|-resisted|p2a: Great Tusk
|-damage|p2a: Great Tusk|98/100
|-resisted|p2a: Great Tusk
|-damage|p2a: Great Tusk|97/100
|-resisted|p2a: Great Tusk
|-damage|p2a: Great Tusk|96/100
|-resisted|p2a: Great Tusk
|-damage|p2a: Great Tusk|95/100
|-hitcount|p2a: Great Tusk|5
|
|-weather|SunnyDay|[upkeep]
|upkeep
|turn|5
|inactive|x-xj1x-x has 120 seconds left.
|
|t:|1769341649
|move|p2a: Great Tusk|Bulk Up|p2a: Great Tusk
|-boost|p2a: Great Tusk|atk|1
|-boost|p2a: Great Tusk|def|1
|move|p1a: Cloyster|Whirlpool|p2a: Great Tusk
|-supereffective|p2a: Great Tusk
|-damage|p2a: Great Tusk|79/100
|-activate|p2a: Great Tusk|move: Whirlpool|[of] p1a: Cloyster
|
|-weather|SunnyDay|[upkeep]
|-damage|p2a: Great Tusk|67/100|[from] move: Whirlpool|[partiallytrapped]
|upkeep
|turn|6
|inactive|x-xj1x-x has 120 seconds left.
|
|t:|1769341670
|switch|p1a: Thundurus|Thundurus, M|100/100
|move|p2a: Great Tusk|Rapid Spin|p1a: Thundurus
|-crit|p1a: Thundurus
|-damage|p1a: Thundurus|59/100
|-boost|p2a: Great Tusk|spe|1
|-end|p2a: Great Tusk|Whirlpool|[partiallytrapped]
|
|-weather|SunnyDay|[upkeep]
|upkeep
|turn|7
|
|t:|1769341698
|move|p2a: Great Tusk|Temper Flare|p1a: Thundurus
|-damage|p1a: Thundurus|0 fnt
|faint|p1a: Thundurus
|
|-weather|SunnyDay|[upkeep]
|upkeep
|inactive|x-xj1x-x has 90 seconds left.
|l|☆x-xj1x-x
|inactive|x-xj1x-x disconnected and has a minute to reconnect!
|player|p1|
|inactive|x-xj1x-x has 30 seconds to reconnect!
|inactive|x-xj1x-x has 20 seconds to reconnect!
|inactive|x-xj1x-x has 15 seconds to reconnect!
|inactive|x-xj1x-x has 10 seconds to reconnect!
|inactive|x-xj1x-x has 5 seconds to reconnect!
|-message|x-xj1x-x lost due to inactivity.
|
|win|kevinbassonon5
|raw|x-xj1x-x's rating: 1079 &rarr; <strong>1057</strong><br />(-22 for losing)
|raw|kevinbassonon5's rating: 1078 &rarr; <strong>1106</strong><br />(+28 for winning)
