|j|☆readwarninglabel
|j|☆Rabum Alal
|t:|1769363017
|gametype|singles
|player|p1|readwarninglabel|sierra|1136
|player|p2|Rabum Alal|brock-gen1|1159
|gen|9
|tier|[Gen 9] OU
|rated|
|rule|HP Percentage Mod: HP is shown in percentages
|rule|Endless Battle Clause: Forcing endless battles is banned
|rule|Species Clause: Limit one of each Pokémon
|rule|OHKO Clause: OHKO moves are banned
|rule|Evasion Items Clause: Evasion items are banned
|rule|Evasion Moves Clause: Evasion moves are banned
|rule|Evasion Abilities Clause: Evasion abilities are banned
|rule|Sleep Moves Clause: Sleep-inducing moves are banned
|clearpoke
|poke|p1|Glimmora, F|
|poke|p1|Meowscarada, M|
|poke|p1|Iron Valiant|
|poke|p1|Blissey, F|
|poke|p1|Milotic, M|
|poke|p1|Mismagius, M|
|poke|p2|Landorus-Therian, M|
|poke|p2|Scizor, F|
|poke|p2|Great Tusk|
|poke|p2|Primarina, F|
|poke|p2|Kingambit, F|
|poke|p2|Enamorus, F|
|teampreview
|
|t:|1769363033
|teamsize|p1|6
|teamsize|p2|6
|start
|switch|p1a: Meowscarada|Meowscarada, M|100/100
|switch|p2a: Landorus|Landorus-Therian, M|100/100
|-ability|p2a: Landorus|Intimidate|boost
|-unboost|p1a: Meowscarada|atk|1
|turn|1
|c|☆Rabum Alal|hi
|
|t:|1769363056
|switch|p2a: Scizor|Scizor, F|100/100
|move|p1a: Meowscarada|Triple Axel|p2a: Scizor
|-start|p1a: Meowscarada|typechange|Ice|[from] ability: Protean
|-resisted|p2a: Scizor
|-damage|p2a: Scizor|95/100
|-resisted|p2a: Scizor
|-damage|p2a: Scizor|85/100
|-resisted|p2a: Scizor
|-damage|p2a: Scizor|70/100
|-hitcount|p2a: Scizor|3
|
|upkeep
|turn|2
|c|☆Rabum Alal|have fun
|
|t:|1769363072
|switch|p1a: Milotic|Milotic, M|100/100
|move|p2a: Scizor|Knock Off|p1a: Milotic
|-damage|p1a: Milotic|66/100
|-enditem|p1a: Milotic|Flame Orb|[from] move: Knock Off|[of] p2a: Scizor
|-damage|p2a: Scizor|60/100|[from] item: Life Orb
|
|upkeep
|turn|3
|
|t:|1769363099
|switch|p2a: Primarina|Primarina, F|100/100
|move|p1a: Milotic|Scald|p2a: Primarina
|-resisted|p2a: Primarina
|-damage|p2a: Primarina|92/100
|-status|p2a: Primarina|brn
|
|-damage|p2a: Primarina|86/100 brn|[from] brn
|upkeep
|turn|4
|
|t:|1769363110
|move|p2a: Primarina|Flip Turn|p1a: Milotic
|-resisted|p1a: Milotic
|-damage|p1a: Milotic|63/100
|c|☆Rabum Alal|do you speak english?
|
|t:|1769363133
|switch|p2a: Scizor|Scizor, F|60/100|[from] Flip Turn
|move|p1a: Milotic|Recover|p1a: Milotic
|-heal|p1a: Milotic|100/100
|
|upkeep
|turn|5
|
|t:|1769363150
|move|p2a: Scizor|Swords Dance|p2a: Scizor
|-boost|p2a: Scizor|atk|2
|move|p1a: Milotic|Scald|p2a: Scizor
|-damage|p2a: Scizor|21/100
|
|upkeep
|turn|6
|
|t:|1769363161
|move|p2a: Scizor|Close Combat|p1a: Milotic
|-damage|p1a: Milotic|12/100
|-unboost|p2a: Scizor|def|1
|-unboost|p2a: Scizor|spd|1
|-damage|p2a: Scizor|11/100|[from] item: Life Orb
|move|p1a: Milotic|Haze|p1a: Milotic
|-clearallboost
|
|upkeep
|turn|7
|
|t:|1769363171
|move|p2a: Scizor|Knock Off|p1a: Milotic
|-damage|p1a: Milotic|0 fnt
|faint|p1a: Milotic
|-damage|p2a: Scizor|1/100|[from] item: Life Orb
|
|upkeep
|
|t:|1769363185
|switch|p1a: Blissey|Blissey, F|100/100
|turn|8
|
|t:|1769363199
|switch|p1a: Mismagius|Mismagius, M|100/100
|move|p2a: Scizor|Close Combat|p1a: Mismagius
|-immune|p1a: Mismagius
|
|upkeep
|turn|9
|
|t:|1769363220
|switch|p1a: Iron Valiant|Iron Valiant|100/100
|-enditem|p1a: Iron Valiant|Booster Energy
|-activate|p1a: Iron Valiant|ability: Quark Drive|[fromitem]
|-start|p1a: Iron Valiant|quarkdrivespe
|move|p2a: Scizor|Bullet Punch|p1a: Iron Valiant
|-supereffective|p1a: Iron Valiant
|-damage|p1a: Iron Valiant|0 fnt
|faint|p1a: Iron Valiant
|-end|p1a: Iron Valiant|Quark Drive|[silent]
|-damage|p2a: Scizor|0 fnt|[from] item: Life Orb
|faint|p2a: Scizor
|
|upkeep
|
|t:|1769363239
|switch|p1a: Blissey|Blissey, F|100/100
|switch|p2a: Landorus|Landorus-Therian, M|100/100
|-ability|p2a: Landorus|Intimidate|boost
|-unboost|p1a: Blissey|atk|1
|turn|10
|-message|readwarninglabel forfeited.
|
|win|Rabum Alal
|raw|readwarninglabel's rating: 1136 &rarr; <strong>1113</strong><br />(-23 for losing)
|raw|Rabum Alal's rating: 1159 &rarr; <strong>1182</strong><br />(+23 for winning)
|l|☆readwarninglabel
|player|p1|
|l|☆Rabum Alal
|player|p2|
