|j|☆zero-warc
|j|☆KillerZodiac03
|t:|1769355062
|gametype|singles
|player|p1|zero-warc|hugh|
|player|p2|KillerZodiac03|ghetsis-gen5bw|
|gen|9
|tier|[Gen 9] OU
|rule|HP Percentage Mod: HP is shown in percentages
|rule|Endless Battle Clause: Forcing endless battles is banned
|rule|Species Clause: Limit one of each Pokémon
|rule|OHKO Clause: OHKO moves are banned
|rule|Evasion Items Clause: Evasion items are banned
|rule|Evasion Moves Clause: Evasion moves are banned
|rule|Evasion Abilities Clause: Evasion abilities are banned
|rule|Sleep Moves Clause: Sleep-inducing moves are banned
|clearpoke
|poke|p1|Darkrai|
|poke|p1|Moltres|
|poke|p1|Great Tusk|
|poke|p1|Slowking-Galar, F|
|poke|p1|Ogerpon-Wellspring, F|
|poke|p1|Enamorus, F|
|poke|p2|Garganacl, M|
|poke|p2|Garchomp, M|
|poke|p2|Ribombee, M|
|poke|p2|Zoroark-Hisui, M|
|poke|p2|Volcanion|
|poke|p2|Ogerpon-Wellspring, F|
|teampreview
|
|t:|1769355145
|teamsize|p1|6
|teamsize|p2|6
|start
|switch|p1a: Slowking|Slowking-Galar, F|100/100
|switch|p2a: Ribombee|Ribombee, M|100/100
|turn|1
|
|t:|1769355157
|move|p2a: Ribombee|Sticky Web|p1a: Slowking
|-sidestart|p1: zero-warc|move: Sticky Web
|move|p1a: Slowking|Sludge Wave|p2a: Ribombee
|-supereffective|p2a: Ribombee
|-enditem|p2a: Ribombee|Focus Sash
|-damage|p2a: Ribombee|1/100
|
|upkeep
|turn|2
|
|t:|1769355181
|move|p2a: Ribombee|Stun Spore|p1a: Slowking
|-status|p1a: Slowking|par
|move|p1a: Slowking|Ice Beam|p2a: Ribombee
|-damage|p2a: Ribombee|0 fnt
|faint|p2a: Ribombee
|
|upkeep
|
|t:|1769355236
|switch|p2a: Garchomp|Garchomp, M|100/100
|turn|3
|
|t:|1769355271
|switch|p1a: Great Tusk|Great Tusk|100/100
|-activate|p1a: Great Tusk|move: Sticky Web
|-unboost|p1a: Great Tusk|spe|1
|move|p2a: Garchomp|Swords Dance|p2a: Garchomp
|-boost|p2a: Garchomp|atk|2
|
|upkeep
|turn|4
|
|t:|1769355280
|move|p2a: Garchomp|Scale Shot|p1a: Great Tusk
|-damage|p1a: Great Tusk|84/100
|-damage|p1a: Great Tusk|68/100
|-damage|p1a: Great Tusk|52/100
|-damage|p1a: Great Tusk|36/100
|-hitcount|p1a: Great Tusk|4
|-unboost|p2a: Garchomp|def|1
|-boost|p2a: Garchomp|spe|1
|move|p1a: Great Tusk|Ice Spinner|p2a: Garchomp
|-supereffective|p2a: Garchomp
|-damage|p2a: Garchomp|0 fnt
|-damage|p1a: Great Tusk|23/100|[from] ability: Rough Skin|[of] p2a: Garchomp
|faint|p2a: Garchomp
|
|upkeep
|
|t:|1769355293
|switch|p2a: Garganacl|Garganacl, M, shiny|100/100
|turn|5
|
|t:|1769355322
|move|p2a: Garganacl|Nasty Plot|p2a: Garganacl
|-boost|p2a: Garganacl|spa|2
|move|p1a: Great Tusk|Rapid Spin|p2a: Garganacl
|-immune|p2a: Garganacl
|
|upkeep
|turn|6
|
|t:|1769355344
|move|p2a: Garganacl|Hyper Voice|p1a: Great Tusk
|-crit|p1a: Great Tusk
|-damage|p1a: Great Tusk|0 fnt
|faint|p1a: Great Tusk
|-end|p1a: Great Tusk|Protosynthesis|[silent]
|
|upkeep
|
|t:|1769355348
|switch|p1a: Enamorus|Enamorus, F|100/100
|turn|7
|
|t:|1769355351
|-terastallize|p1a: Enamorus|Fairy
|move|p1a: Enamorus|Moonblast|p2a: Garganacl
|-damage|p2a: Garganacl|0 fnt
|replace|p2a: Zoroark|Zoroark-Hisui, M
|-end|p2a: Zoroark|Illusion
|faint|p2a: Zoroark
|
|upkeep
|
|t:|1769355365
|switch|p2a: Volcanion|Volcanion|100/100
|turn|8
|
|t:|1769355369
|switch|p1a: Slowking|Slowking-Galar, F|100/100 par
|-activate|p1a: Slowking|move: Sticky Web
|-unboost|p1a: Slowking|spe|1
|move|p2a: Volcanion|Flame Charge|p1a: Slowking
|-damage|p1a: Slowking|78/100 par
|-boost|p2a: Volcanion|spe|1
|
|upkeep
|turn|9
|
|t:|1769355377
|move|p2a: Volcanion|Earth Power|p1a: Slowking
|-supereffective|p1a: Slowking
|-damage|p1a: Slowking|44/100 par
|move|p1a: Slowking|Sludge Wave|p2a: Volcanion
|-crit|p2a: Volcanion
|-damage|p2a: Volcanion|39/100
|-status|p2a: Volcanion|psn
|
|-damage|p2a: Volcanion|27/100 psn|[from] psn
|upkeep
|turn|10
|
|t:|1769355391
|move|p2a: Volcanion|Steam Eruption|p1a: Slowking
|-damage|p1a: Slowking|14/100 par
|move|p1a: Slowking|Sludge Wave|p2a: Volcanion
|-damage|p2a: Volcanion|0 fnt
|faint|p2a: Volcanion
|
|upkeep
|
|t:|1769355398
|switch|p2a: Garganacl|Garganacl, M, shiny|100/100
|turn|11
|
|t:|1769355416
|move|p2a: Garganacl|Iron Defense|p2a: Garganacl
|-boost|p2a: Garganacl|def|2
|move|p1a: Slowking|Psyshock|p2a: Garganacl
|-damage|p2a: Garganacl|87/100
|
|-heal|p2a: Garganacl|93/100|[from] item: Leftovers
|upkeep
|turn|12
|
|t:|1769355463
|move|p2a: Garganacl|Iron Defense|p2a: Garganacl
|-boost|p2a: Garganacl|def|2
|move|p1a: Slowking|Sludge Wave|p2a: Garganacl
|-resisted|p2a: Garganacl
|-damage|p2a: Garganacl|76/100
|
|-heal|p2a: Garganacl|82/100|[from] item: Leftovers
|upkeep
|turn|13
|
|t:|1769355475
|move|p2a: Garganacl|Recover|p2a: Garganacl
|-heal|p2a: Garganacl|100/100
|move|p1a: Slowking|Ice Beam|p2a: Garganacl
|-damage|p2a: Garganacl|79/100
|
|-heal|p2a: Garganacl|85/100|[from] item: Leftovers
|upkeep
|turn|14
|
|t:|1769355488
|move|p2a: Garganacl|Salt Cure|p1a: Slowking
|-damage|p1a: Slowking|0 fnt
|faint|p1a: Slowking
|
|-heal|p2a: Garganacl|91/100|[from] item: Leftovers
|upkeep
|
|t:|1769355490
|switch|p1a: Moltres|Moltres|100/100
|turn|15
|
|t:|1769355495
|move|p2a: Garganacl|Salt Cure|p1a: Moltres
|-supereffective|p1a: Moltres
|-damage|p1a: Moltres|59/100
|-start|p1a: Moltres|Salt Cure
|move|p1a: Moltres|Roar|p2a: Garganacl
|drag|p2a: Ogerpon|Ogerpon-Wellspring, F|100/100
|
|-damage|p1a: Moltres|46/100|[from] Salt Cure
|upkeep
|turn|16
|
|t:|1769355506
|move|p2a: Ogerpon|Spiky Shield|p2a: Ogerpon
|-singleturn|p2a: Ogerpon|move: Protect
|move|p1a: Moltres|Flamethrower|p2a: Ogerpon
|-activate|p2a: Ogerpon|move: Protect
|
|-damage|p1a: Moltres|34/100|[from] Salt Cure
|upkeep
|turn|17
|
|t:|1769355514
|switch|p1a: Ogerpon|Ogerpon-Wellspring, F|100/100
|-activate|p1a: Ogerpon|move: Sticky Web
|-unboost|p1a: Ogerpon|spe|1
|-terastallize|p2a: Ogerpon|Water
|detailschange|p2a: Ogerpon|Ogerpon-Wellspring-Tera, F, tera:Water
|-ability|p2a: Ogerpon|Embody Aspect (Wellspring)|boost
|-boost|p2a: Ogerpon|spd|1
|move|p2a: Ogerpon|Swords Dance|p2a: Ogerpon
|-boost|p2a: Ogerpon|atk|2
|
|upkeep
|turn|18
|
|t:|1769355526
|switch|p1a: Moltres|Moltres|34/100
|move|p2a: Ogerpon|Horn Leech|p1a: Moltres
|-resisted|p1a: Moltres
|-damage|p1a: Moltres|18/100
|
|upkeep
|turn|19
|
|t:|1769355533
|move|p2a: Ogerpon|Swords Dance|p2a: Ogerpon
|-boost|p2a: Ogerpon|atk|2
|move|p1a: Moltres|Flamethrower|p2a: Ogerpon
|-resisted|p2a: Ogerpon
|-damage|p2a: Ogerpon|86/100
|
|upkeep
|turn|20
|
|t:|1769355540
|move|p2a: Ogerpon|Ivy Cudgel|p1a: Moltres|[anim] Ivy Cudgel Water
|-supereffective|p1a: Moltres
|-damage|p1a: Moltres|0 fnt
|faint|p1a: Moltres
|
|upkeep
|
|t:|1769355542
|switch|p1a: Enamorus|Enamorus, F, tera:Fairy|100/100
|-activate|p1a: Enamorus|move: Sticky Web
|-boost|p1a: Enamorus|spe|1
|turn|21
|
|t:|1769355548
|move|p1a: Enamorus|Moonblast|p2a: Ogerpon
|-damage|p2a: Ogerpon|29/100
|move|p2a: Ogerpon|Ivy Cudgel|p1a: Enamorus|[anim] Ivy Cudgel Water
|-damage|p1a: Enamorus|0 fnt
|faint|p1a: Enamorus
|
|upkeep
|
|t:|1769355562
|switch|p1a: Ogerpon|Ogerpon-Wellspring, F|100/100
|-activate|p1a: Ogerpon|move: Sticky Web
|-unboost|p1a: Ogerpon|spe|1
|turn|22
|
|t:|1769355567
|move|p2a: Ogerpon|Horn Leech|p1a: Ogerpon
|-damage|p1a: Ogerpon|0 fnt
|-heal|p2a: Ogerpon|79/100|[from] drain|[of] p1a: Ogerpon
|faint|p1a: Ogerpon
|
|upkeep
|
|t:|1769355569
|switch|p1a: Darkrai|Darkrai|100/100
|-activate|p1a: Darkrai|move: Sticky Web
|-unboost|p1a: Darkrai|spe|1
|turn|23
|
|t:|1769355603
|move|p2a: Ogerpon|Horn Leech|p1a: Darkrai
|-damage|p1a: Darkrai|0 fnt
|-heal|p2a: Ogerpon|100/100|[from] drain|[of] p1a: Darkrai
|faint|p1a: Darkrai
|
|win|KillerZodiac03
|c|☆KillerZodiac03|gg
