|j|☆kimmmmmmm66
|j|☆WANGHAF 67
|t:|1769428315
|gametype|singles
|player|p1|kimmmmmmm66|169|1356
|player|p2|WANGHAF 67|rancher|1376
|gen|9
|tier|[Gen 9] OU
|rated|
|rule|HP Percentage Mod: HP is shown in percentages
|rule|Endless Battle Clause: Forcing endless battles is banned
|rule|Species Clause: Limit one of each Pokémon
|rule|OHKO Clause: OHKO moves are banned
|rule|Evasion Items Clause: Evasion items are banned
|rule|Evasion Moves Clause: Evasion moves are banned
|rule|Evasion Abilities Clause: Evasion abilities are banned
|rule|Sleep Moves Clause: Sleep-inducing moves are banned
|clearpoke
|poke|p1|Dragapult, M|
|poke|p1|Lokix, M|
|poke|p1|Espeon, M|
|poke|p1|Sinistcha|
|poke|p1|Incineroar, M|
|poke|p1|Glimmora, F|
|poke|p2|Grimmsnarl, M|
|poke|p2|Great Tusk|
|poke|p2|Kyurem|
|poke|p2|Ogerpon, F|
|poke|p2|Gliscor, F|
|poke|p2|Kingambit, M|
|teampreview
|inactive|Battle timer is ON: inactive players will automatically lose when time's up. (requested by kimmmmmmm66)
|
|t:|1769428333
|teamsize|p1|6
|teamsize|p2|6
|start
|switch|p1a: Lokix|Lokix, M|100/100
|switch|p2a: Gliscor|Gliscor, F|100/100
|turn|1
|
|t:|1769428338
|move|p2a: Gliscor|Protect|p2a: Gliscor
|-singleturn|p2a: Gliscor|Protect
|move|p1a: Lokix|U-turn|p2a: Gliscor
|-activate|p2a: Gliscor|move: Protect
|
|-status|p2a: Gliscor|tox|[from] item: Toxic Orb
|upkeep
|turn|2
|
|t:|1769428351
|move|p1a: Lokix|U-turn|p2a: Gliscor
|-resisted|p2a: Gliscor
|-damage|p2a: Gliscor|63/100 tox
|
|t:|1769428354
|switch|p1a: Espeon|Espeon, M|100/100|[from] U-turn
|move|p2a: Gliscor|Facade|p1a: Espeon
|-crit|p1a: Espeon
|-damage|p1a: Espeon|18/100
|
|-heal|p2a: Gliscor|75/100 tox|[from] ability: Poison Heal
|upkeep
|turn|3
|
|t:|1769428360
|move|p1a: Espeon|Psychic Noise|p2a: Gliscor
|-damage|p2a: Gliscor|42/100 tox
|-start|p2a: Gliscor|move: Heal Block
|move|p2a: Gliscor|Knock Off|p1a: Espeon
|-supereffective|p1a: Espeon
|-damage|p1a: Espeon|0 fnt
|-enditem|p1a: Espeon|Light Clay|[from] move: Knock Off|[of] p2a: Gliscor
|faint|p1a: Espeon
|
|upkeep
|
|t:|1769428364
|switch|p1a: Lokix|Lokix, M|100/100
|turn|4
|
|t:|1769428367
|move|p2a: Gliscor|Protect|p2a: Gliscor
|-singleturn|p2a: Gliscor|Protect
|move|p1a: Lokix|Throat Chop|p2a: Gliscor
|-activate|p2a: Gliscor|move: Protect
|
|-end|p2a: Gliscor|move: Heal Block
|upkeep
|turn|5
|
|t:|1769428380
|switch|p2a: Grimmsnarl|Grimmsnarl, M|100/100
|move|p1a: Lokix|Throat Chop|p2a: Grimmsnarl
|-resisted|p2a: Grimmsnarl
|-damage|p2a: Grimmsnarl|74/100
|-start|p2a: Grimmsnarl|Throat Chop|[silent]
|
|upkeep
|turn|6
|
|t:|1769428386
|switch|p1a: Incineroar|Incineroar, M|100/100
|-ability|p1a: Incineroar|Intimidate|boost
|-unboost|p2a: Grimmsnarl|atk|1
|move|p2a: Grimmsnarl|Light Screen|p2a: Grimmsnarl
|-sidestart|p2: WANGHAF 67|move: Light Screen
|
|-end|p2a: Grimmsnarl|Throat Chop|[silent]
|upkeep
|turn|7
|
|t:|1769428391
|move|p1a: Incineroar|Fake Out|p2a: Grimmsnarl
|-damage|p2a: Grimmsnarl|63/100
|cant|p2a: Grimmsnarl|flinch
|
|upkeep
|turn|8
|
|t:|1769428393
|move|p2a: Grimmsnarl|Reflect|p2a: Grimmsnarl
|-sidestart|p2: WANGHAF 67|Reflect
|move|p1a: Incineroar|Knock Off|p2a: Grimmsnarl
|-resisted|p2a: Grimmsnarl
|-damage|p2a: Grimmsnarl|59/100
|-enditem|p2a: Grimmsnarl|Light Clay|[from] move: Knock Off|[of] p1a: Incineroar
|
|upkeep
|turn|9
|
|t:|1769428396
|switch|p2a: Gliscor|Gliscor, F|42/100 tox
|move|p1a: Incineroar|Flare Blitz|p2a: Gliscor
|-damage|p2a: Gliscor|24/100 tox
|-damage|p1a: Incineroar|95/100|[from] Recoil
|
|-heal|p2a: Gliscor|36/100 tox|[from] ability: Poison Heal
|upkeep
|turn|10
|
|t:|1769428407
|move|p2a: Gliscor|Swords Dance|p2a: Gliscor
|-boost|p2a: Gliscor|atk|2
|move|p1a: Incineroar|Parting Shot|p2a: Gliscor
|-unboost|p2a: Gliscor|atk|1
|-unboost|p2a: Gliscor|spa|1
|
|t:|1769428410
|switch|p1a: Dragapult|Dragapult, M|100/100|[from] Parting Shot
|
|-heal|p2a: Gliscor|49/100 tox|[from] ability: Poison Heal
|upkeep
|turn|11
|
|t:|1769428414
|move|p2a: Gliscor|Protect|p2a: Gliscor
|-singleturn|p2a: Gliscor|Protect
|move|p1a: Dragapult|Dragon Darts|p2a: Gliscor
|-activate|p2a: Gliscor|move: Protect
|
|-heal|p2a: Gliscor|61/100 tox|[from] ability: Poison Heal
|upkeep
|turn|12
|j| Amphi N enjoyer
|
|t:|1769428418
|move|p1a: Dragapult|Dragon Darts|p2a: Gliscor
|-damage|p2a: Gliscor|43/100 tox
|-anim|p1a: Dragapult|Dragon Darts|p2a: Gliscor
|-damage|p2a: Gliscor|23/100 tox
|move|p2a: Gliscor|Knock Off|p1a: Dragapult
|-supereffective|p1a: Dragapult
|-damage|p1a: Dragapult|8/100
|-enditem|p1a: Dragapult|Expert Belt|[from] move: Knock Off|[of] p2a: Gliscor
|
|-heal|p2a: Gliscor|35/100 tox|[from] ability: Poison Heal
|upkeep
|turn|13
|
|t:|1769428423
|move|p2a: Gliscor|Protect|p2a: Gliscor
|-singleturn|p2a: Gliscor|Protect
|move|p1a: Dragapult|U-turn|p2a: Gliscor
|-activate|p2a: Gliscor|move: Protect
|
|-heal|p2a: Gliscor|48/100 tox|[from] ability: Poison Heal
|-sideend|p2: WANGHAF 67|move: Light Screen
|upkeep
|turn|14
|
|t:|1769428427
|move|p1a: Dragapult|U-turn|p2a: Gliscor
|-resisted|p2a: Gliscor
|-damage|p2a: Gliscor|39/100 tox
|
|t:|1769428432
|switch|p1a: Incineroar|Incineroar, M|95/100|[from] U-turn
|-ability|p1a: Incineroar|Intimidate|boost
|-unboost|p2a: Gliscor|atk|1
|move|p2a: Gliscor|Knock Off|p1a: Incineroar
|-resisted|p1a: Incineroar
|-damage|p1a: Incineroar|85/100
|-enditem|p1a: Incineroar|Sitrus Berry|[from] move: Knock Off|[of] p2a: Gliscor
|
|-heal|p2a: Gliscor|51/100 tox|[from] ability: Poison Heal
|upkeep
|turn|15
|
|t:|1769428443
|move|p2a: Gliscor|Swords Dance|p2a: Gliscor
|-boost|p2a: Gliscor|atk|2
|move|p1a: Incineroar|Parting Shot|p2a: Gliscor
|-unboost|p2a: Gliscor|atk|1
|-unboost|p2a: Gliscor|spa|1
|
|t:|1769428445
|switch|p1a: Glimmora|Glimmora, F|100/100|[from] Parting Shot
|
|-heal|p2a: Gliscor|64/100 tox|[from] ability: Poison Heal
|-sideend|p2: WANGHAF 67|Reflect
|upkeep
|turn|16
|
|t:|1769428451
|move|p2a: Gliscor|Swords Dance|p2a: Gliscor
|-boost|p2a: Gliscor|atk|2
|move|p1a: Glimmora|Power Gem|p2a: Gliscor
|-damage|p2a: Gliscor|33/100 tox
|
|-heal|p2a: Gliscor|45/100 tox|[from] ability: Poison Heal
|upkeep
|turn|17
|
|t:|1769428458
|move|p2a: Gliscor|Knock Off|p1a: Glimmora
|-damage|p1a: Glimmora|65/100
|-damage|p2a: Gliscor|29/100 tox|[from] item: Rocky Helmet|[of] p1a: Glimmora
|-activate|p1a: Glimmora|ability: Toxic Debris
|-sidestart|p2: WANGHAF 67|move: Toxic Spikes
|-enditem|p1a: Glimmora|Rocky Helmet|[from] move: Knock Off|[of] p2a: Gliscor
|move|p1a: Glimmora|Power Gem|p2a: Gliscor
|-damage|p2a: Gliscor|0 fnt
|faint|p2a: Gliscor
|
|upkeep
|
|t:|1769428466
|switch|p2a: Great Tusk|Great Tusk|100/100
|turn|18
|
|t:|1769428470
|move|p1a: Glimmora|Spiky Shield|p1a: Glimmora
|-singleturn|p1a: Glimmora|move: Protect
|move|p2a: Great Tusk|Headlong Rush|p1a: Glimmora
|-activate|p1a: Glimmora|move: Protect
|-damage|p2a: Great Tusk|88/100|[from] Spiky Shield|[of] p1a: Glimmora
|
|upkeep
|turn|19
|
|t:|1769428492
|-terastallize|p1a: Glimmora|Grass
|move|p2a: Great Tusk|Headlong Rush|p1a: Glimmora
|-resisted|p1a: Glimmora
|-damage|p1a: Glimmora|48/100
|-unboost|p2a: Great Tusk|def|1
|-unboost|p2a: Great Tusk|spd|1
|-activate|p1a: Glimmora|ability: Toxic Debris
|-sidestart|p2: WANGHAF 67|move: Toxic Spikes
|move|p1a: Glimmora|Mortal Spin|p2a: Great Tusk
|-resisted|p2a: Great Tusk
|-damage|p2a: Great Tusk|85/100
|-status|p2a: Great Tusk|psn
|
|-damage|p2a: Great Tusk|73/100 psn|[from] psn
|upkeep
|turn|20
|
|t:|1769428500
|move|p2a: Great Tusk|Rapid Spin|p1a: Glimmora
|-damage|p1a: Glimmora|36/100
|-boost|p2a: Great Tusk|spe|1
|-sideend|p2: WANGHAF 67|Toxic Spikes|[from] move: Rapid Spin|[of] p2a: Great Tusk
|move|p1a: Glimmora|Stealth Rock|p2a: Great Tusk
|-sidestart|p2: WANGHAF 67|move: Stealth Rock
|
|-damage|p2a: Great Tusk|60/100 psn|[from] psn
|upkeep
|turn|21
|
|t:|1769428504
|move|p1a: Glimmora|Spiky Shield|p1a: Glimmora
|-singleturn|p1a: Glimmora|move: Protect
|move|p2a: Great Tusk|Ice Spinner|p1a: Glimmora
|-activate|p1a: Glimmora|move: Protect
|-damage|p2a: Great Tusk|48/100 psn|[from] Spiky Shield|[of] p1a: Glimmora
|
|-damage|p2a: Great Tusk|36/100 psn|[from] psn
|upkeep
|turn|22
|
|t:|1769428509
|switch|p1a: Incineroar|Incineroar, M|85/100
|-ability|p1a: Incineroar|Intimidate|boost
|-unboost|p2a: Great Tusk|atk|1
|move|p2a: Great Tusk|Ice Spinner|p1a: Incineroar
|-resisted|p1a: Incineroar
|-crit|p1a: Incineroar
|-damage|p1a: Incineroar|70/100
|
|-damage|p2a: Great Tusk|23/100 psn|[from] psn
|upkeep
|turn|23
|
|t:|1769428516
|-end|p2a: Great Tusk|Protosynthesis|[silent]
|switch|p2a: Grimmsnarl|Grimmsnarl, M|59/100
|-damage|p2a: Grimmsnarl|47/100|[from] Stealth Rock
|move|p1a: Incineroar|Fake Out|p2a: Grimmsnarl
|-damage|p2a: Grimmsnarl|38/100
|
|upkeep
|turn|24
|
|t:|1769428523
|move|p2a: Grimmsnarl|Reflect|p2a: Grimmsnarl
|-sidestart|p2: WANGHAF 67|Reflect
|move|p1a: Incineroar|Flare Blitz|p2a: Grimmsnarl
|-crit|p2a: Grimmsnarl
|-damage|p2a: Grimmsnarl|0 fnt
|faint|p2a: Grimmsnarl
|-damage|p1a: Incineroar|57/100|[from] Recoil
|
|upkeep
|
|t:|1769428532
|switch|p2a: Kyurem|Kyurem|100/100
|-damage|p2a: Kyurem|75/100|[from] Stealth Rock
|-ability|p2a: Kyurem|Pressure
|turn|25
|
|t:|1769428536
|move|p2a: Kyurem|Substitute|p2a: Kyurem
|-start|p2a: Kyurem|Substitute
|-damage|p2a: Kyurem|50/100
|move|p1a: Incineroar|Knock Off|p2a: Kyurem
|-activate|p2a: Kyurem|move: Substitute|[damage]
|
|-heal|p2a: Kyurem|57/100|[from] item: Leftovers
|upkeep
|turn|26
|
|t:|1769428541
|move|p2a: Kyurem|Earth Power|p1a: Incineroar
|-supereffective|p1a: Incineroar
|-damage|p1a: Incineroar|16/100
|move|p1a: Incineroar|Parting Shot|p2a: Kyurem
|-unboost|p2a: Kyurem|atk|1
|-unboost|p2a: Kyurem|spa|1
|
|t:|1769428545
|switch|p1a: Dragapult|Dragapult, M|8/100|[from] Parting Shot
|
|-heal|p2a: Kyurem|63/100|[from] item: Leftovers
|upkeep
|turn|27
|
|t:|1769428549
|move|p1a: Dragapult|Dragon Darts|p2a: Kyurem
|-supereffective|p2a: Kyurem
|-damage|p2a: Kyurem|14/100
|-anim|p1a: Dragapult|Dragon Darts|p2a: Kyurem
|-supereffective|p2a: Kyurem
|-damage|p2a: Kyurem|0 fnt
|faint|p2a: Kyurem
|
|upkeep
|
|t:|1769428562
|switch|p2a: Kingambit|Kingambit, M|100/100
|-damage|p2a: Kingambit|94/100|[from] Stealth Rock
|-activate|p2a: Kingambit|ability: Supreme Overlord
|-start|p2a: Kingambit|fallen3|[silent]
|turn|28
|
|t:|1769428568
|move|p2a: Kingambit|Sucker Punch|p1a: Dragapult
|-supereffective|p1a: Dragapult
|-damage|p1a: Dragapult|0 fnt
|faint|p1a: Dragapult
|
|-heal|p2a: Kingambit|100/100|[from] item: Leftovers
|-sideend|p2: WANGHAF 67|Reflect
|upkeep
|
|t:|1769428571
|switch|p1a: Incineroar|Incineroar, M|16/100
|-ability|p1a: Incineroar|Intimidate|boost
|-unboost|p2a: Kingambit|atk|1
|turn|29
|
|t:|1769428576
|-end|p2a: Kingambit|fallen3|[silent]
|switch|p2a: Great Tusk|Great Tusk|23/100 psn
|move|p1a: Incineroar|Fake Out|p2a: Great Tusk
|-damage|p2a: Great Tusk|16/100 psn
|
|-damage|p2a: Great Tusk|4/100 psn|[from] psn
|upkeep
|turn|30
|
|t:|1769428585
|switch|p1a: Glimmora|Glimmora, F, tera:Grass|36/100
|move|p2a: Great Tusk|Stealth Rock|p1a: Glimmora
|-sidestart|p1: kimmmmmmm66|move: Stealth Rock
|
|-damage|p2a: Great Tusk|0 fnt|[from] psn
|faint|p2a: Great Tusk
|-end|p2a: Great Tusk|Protosynthesis|[silent]
|upkeep
|
|t:|1769428592
|switch|p2a: Ogerpon|Ogerpon, F|100/100
|-damage|p2a: Ogerpon|88/100|[from] Stealth Rock
|turn|31
|
|t:|1769428595
|move|p1a: Glimmora|Spiky Shield|p1a: Glimmora
|-singleturn|p1a: Glimmora|move: Protect
|move|p2a: Ogerpon|U-turn|p1a: Glimmora
|-activate|p1a: Glimmora|move: Protect
|-damage|p2a: Ogerpon|76/100|[from] Spiky Shield|[of] p1a: Glimmora
|
|upkeep
|turn|32
|
|t:|1769428600
|move|p2a: Ogerpon|U-turn|p1a: Glimmora
|-supereffective|p1a: Glimmora
|-damage|p1a: Glimmora|0 fnt
|-activate|p1a: Glimmora|ability: Toxic Debris
|-sidestart|p2: WANGHAF 67|move: Toxic Spikes
|faint|p1a: Glimmora
|
|t:|1769428603
|switch|p2a: Kingambit|Kingambit, M|100/100|[from] U-turn
|-damage|p2a: Kingambit|94/100|[from] Stealth Rock
|-activate|p2a: Kingambit|ability: Supreme Overlord
|-start|p2a: Kingambit|fallen4|[silent]
|
|-heal|p2a: Kingambit|100/100|[from] item: Leftovers
|upkeep
|
|t:|1769428605
|switch|p1a: Incineroar|Incineroar, M|16/100
|-damage|p1a: Incineroar|0 fnt|[from] Stealth Rock
|faint|p1a: Incineroar
|
|t:|1769428609
|switch|p1a: Lokix|Lokix, M|100/100
|-damage|p1a: Lokix|75/100|[from] Stealth Rock
|turn|33
|
|t:|1769428623
|move|p1a: Lokix|U-turn|p2a: Kingambit
|-damage|p2a: Kingambit|66/100
|
|t:|1769428627
|switch|p1a: Sinistcha|Sinistcha|100/100|[from] U-turn
|-damage|p1a: Sinistcha|88/100|[from] Stealth Rock
|move|p2a: Kingambit|Iron Head|p1a: Sinistcha
|-damage|p1a: Sinistcha|29/100
|
|-heal|p2a: Kingambit|72/100|[from] item: Leftovers
|upkeep
|turn|34
|
|t:|1769428641
|move|p1a: Sinistcha|Strength Sap|p2a: Kingambit
|-unboost|p2a: Kingambit|atk|1
|-heal|p1a: Sinistcha|100/100
|move|p2a: Kingambit|Kowtow Cleave|p1a: Sinistcha
|-supereffective|p1a: Sinistcha
|-damage|p1a: Sinistcha|18/100
|
|-heal|p2a: Kingambit|78/100|[from] item: Leftovers
|upkeep
|turn|35
|
|t:|1769428647
|move|p1a: Sinistcha|Strength Sap|p2a: Kingambit
|-unboost|p2a: Kingambit|atk|1
|-heal|p1a: Sinistcha|96/100
|move|p2a: Kingambit|Swords Dance|p2a: Kingambit
|-boost|p2a: Kingambit|atk|2
|
|-heal|p2a: Kingambit|84/100|[from] item: Leftovers
|upkeep
|turn|36
|
|t:|1769428653
|move|p1a: Sinistcha|Matcha Gotcha|p2a: Kingambit
|-resisted|p2a: Kingambit
|-damage|p2a: Kingambit|55/100
|-heal|p1a: Sinistcha|100/100|[from] drain|[of] p2a: Kingambit
|-damage|p1a: Sinistcha|91/100|[from] item: Life Orb
|move|p2a: Kingambit|Swords Dance|p2a: Kingambit
|-boost|p2a: Kingambit|atk|2
|
|-heal|p2a: Kingambit|62/100|[from] item: Leftovers
|upkeep
|turn|37
|
|t:|1769428663
|move|p2a: Kingambit|Sucker Punch|p1a: Sinistcha
|-supereffective|p1a: Sinistcha
|-damage|p1a: Sinistcha|0 fnt
|faint|p1a: Sinistcha
|
|-heal|p2a: Kingambit|68/100|[from] item: Leftovers
|upkeep
|
|t:|1769428666
|switch|p1a: Lokix|Lokix, M|75/100
|-damage|p1a: Lokix|50/100|[from] Stealth Rock
|turn|38
|
|t:|1769428670
|move|p2a: Kingambit|Sucker Punch|p1a: Lokix
|-resisted|p1a: Lokix
|-damage|p1a: Lokix|0 fnt
|faint|p1a: Lokix
|
|win|WANGHAF 67
|raw|kimmmmmmm66's rating: 1356 &rarr; <strong>1337</strong><br />(-19 for losing)
|raw|WANGHAF 67's rating: 1376 &rarr; <strong>1395</strong><br />(+19 for winning)
|l|☆kimmmmmmm66
|player|p1|
|l|☆WANGHAF 67
|player|p2|
