|j|☆pinguitc
|j|☆JoseWolf22
|t:|1769389591
|gametype|singles
|player|p1|pinguitc|twins-gen4|
|player|p2|JoseWolf22|ghetsis|
|gen|9
|tier|[Gen 9] OU
|rule|HP Percentage Mod: HP is shown in percentages
|rule|Endless Battle Clause: Forcing endless battles is banned
|rule|Species Clause: Limit one of each Pokémon
|rule|OHKO Clause: OHKO moves are banned
|rule|Evasion Items Clause: Evasion items are banned
|rule|Evasion Moves Clause: Evasion moves are banned
|rule|Evasion Abilities Clause: Evasion abilities are banned
|rule|Sleep Moves Clause: Sleep-inducing moves are banned
|clearpoke
|poke|p1|Deoxys-Speed|
|poke|p1|Ceruledge, F|
|poke|p1|Zamazenta-*|
|poke|p1|Ogerpon-Wellspring, F|
|poke|p1|Glimmora, M|
|poke|p1|Moltres-Galar|
|poke|p2|Zamazenta-*|
|poke|p2|Ogerpon-Wellspring, F|
|poke|p2|Slowking-Galar, M|
|poke|p2|Great Tusk|
|poke|p2|Kingambit, M|
|poke|p2|Moltres|
|teampreview
|inactive|Battle timer is ON: inactive players will automatically lose when time's up. (requested by JoseWolf22)
|
|t:|1769389612
|teamsize|p1|6
|teamsize|p2|6
|start
|switch|p1a: Ceruledge|Ceruledge, F|100/100
|switch|p2a: Kingambit|Kingambit, M|100/100
|turn|1
|
|t:|1769389622
|move|p1a: Ceruledge|Bitter Blade|p2a: Kingambit
|-supereffective|p2a: Kingambit
|-damage|p2a: Kingambit|22/100
|move|p2a: Kingambit|Kowtow Cleave|p1a: Ceruledge
|-supereffective|p1a: Ceruledge
|-enditem|p1a: Ceruledge|Focus Sash
|-damage|p1a: Ceruledge|1/100
|-ability|p1a: Ceruledge|Weak Armor|boost
|-unboost|p1a: Ceruledge|def|1
|-boost|p1a: Ceruledge|spe|2
|
|-heal|p2a: Kingambit|28/100|[from] item: Leftovers
|upkeep
|turn|2
|inactive|pinguitc has 270 seconds left.
|
|t:|1769389652
|move|p1a: Ceruledge|Shadow Sneak|p2a: Kingambit
|-resisted|p2a: Kingambit
|-damage|p2a: Kingambit|20/100
|move|p2a: Kingambit|Sucker Punch||[still]
|-fail|p2a: Kingambit
|
|-heal|p2a: Kingambit|26/100|[from] item: Leftovers
|upkeep
|turn|3
|
|t:|1769389662
|move|p2a: Kingambit|Sucker Punch||[still]
|-fail|p2a: Kingambit
|move|p1a: Ceruledge|Swords Dance|p1a: Ceruledge
|-boost|p1a: Ceruledge|atk|2
|
|-heal|p2a: Kingambit|32/100|[from] item: Leftovers
|upkeep
|turn|4
|
|t:|1769389671
|-end|p2a: Kingambit|fallenundefined|[silent]
|switch|p2a: Great Tusk|Great Tusk|100/100
|move|p1a: Ceruledge|Shadow Sneak|p2a: Great Tusk
|-damage|p2a: Great Tusk|68/100
|-damage|p1a: Ceruledge|0 fnt|[from] item: Rocky Helmet|[of] p2a: Great Tusk
|faint|p1a: Ceruledge
|
|upkeep
|inactive|pinguitc has 270 seconds left.
|inactive|pinguitc has 240 seconds left.
|inactive|pinguitc has 210 seconds left.
|
|t:|1769389762
|switch|p1a: Ogerpon|Ogerpon-Wellspring, F|100/100
|turn|5
|
|t:|1769389783
|move|p1a: Ogerpon|Ivy Cudgel|p2a: Great Tusk|[anim] Ivy Cudgel Water
|-supereffective|p2a: Great Tusk
|-damage|p2a: Great Tusk|0 fnt
|faint|p2a: Great Tusk
|-end|p2a: Great Tusk|Protosynthesis|[silent]
|
|upkeep
|
|t:|1769389793
|switch|p2a: Ogerpon|Ogerpon-Wellspring, F|100/100
|turn|6
|inactive|pinguitc has 180 seconds left.
|
|t:|1769389832
|switch|p1a: Moltres|Moltres-Galar|100/100
|move|p2a: Ogerpon|Ivy Cudgel|p1a: Moltres|[anim] Ivy Cudgel Water
|-damage|p1a: Moltres|50/100
|-ability|p1a: Moltres|Berserk|boost
|-boost|p1a: Moltres|spa|1
|
|upkeep
|turn|7
|inactive|pinguitc has 150 seconds left.
|
|t:|1769389858
|move|p2a: Ogerpon|U-turn|p1a: Moltres
|-damage|p1a: Moltres|29/100
|
|t:|1769389867
|switch|p2a: Slowking|Slowking-Galar, M|100/100|[from] U-turn
|move|p1a: Moltres|Agility|p1a: Moltres
|-boost|p1a: Moltres|spe|2
|
|upkeep
|turn|8
|inactive|pinguitc has 150 seconds left.
|
|t:|1769389891
|move|p1a: Moltres|Hurricane|p2a: Slowking
|-damage|p2a: Slowking|68/100
|-start|p2a: Slowking|confusion
|-activate|p2a: Slowking|confusion
|move|p2a: Slowking|Sludge Bomb|p1a: Moltres
|-damage|p1a: Moltres|0 fnt
|faint|p1a: Moltres
|
|upkeep
|inactive|pinguitc has 120 seconds left.
|
|t:|1769389936
|switch|p1a: Glimmora|Glimmora, M|100/100
|turn|9
|
|t:|1769389944
|-terastallize|p2a: Slowking|Fairy
|move|p1a: Glimmora|Meteor Beam||[still]
|-prepare|p1a: Glimmora|Meteor Beam
|-boost|p1a: Glimmora|spa|1
|-enditem|p1a: Glimmora|Power Herb
|-anim|p1a: Glimmora|Meteor Beam|p2a: Slowking
|-damage|p2a: Slowking|19/100
|-end|p2a: Slowking|confusion
|move|p2a: Slowking|Psychic Noise|p1a: Glimmora
|-supereffective|p1a: Glimmora
|-damage|p1a: Glimmora|8/100
|-start|p1a: Glimmora|move: Heal Block
|
|upkeep
|turn|10
|inactive|pinguitc has 120 seconds left.
|inactive|pinguitc has 90 seconds left.
|c|☆pinguitc|quita timer
|c|☆pinguitc|porfavor
|c|☆pinguitc|te lo ruego
|
|t:|1769389999
|switch|p2a: Kingambit|Kingambit, M|32/100
|-activate|p2a: Kingambit|ability: Supreme Overlord
|-start|p2a: Kingambit|fallen1|[silent]
|move|p1a: Glimmora|Meteor Beam||[still]
|-prepare|p1a: Glimmora|Meteor Beam
|-boost|p1a: Glimmora|spa|1
|
|-heal|p2a: Kingambit|39/100|[from] item: Leftovers
|-end|p1a: Glimmora|move: Heal Block
|upkeep
|turn|11
|
|t:|1769390012
|move|p2a: Kingambit|Sucker Punch|p1a: Glimmora
|-damage|p1a: Glimmora|0 fnt
|-activate|p1a: Glimmora|ability: Toxic Debris
|-sidestart|p2: JoseWolf22|move: Toxic Spikes
|faint|p1a: Glimmora
|
|-heal|p2a: Kingambit|45/100|[from] item: Leftovers
|upkeep
|inactiveoff|Battle timer is now OFF.
|
|t:|1769390031
|switch|p1a: Ogerpon|Ogerpon-Wellspring, F|100/100
|turn|12
|
|t:|1769390053
|move|p2a: Kingambit|Sucker Punch|p1a: Ogerpon
|-damage|p1a: Ogerpon|52/100
|move|p1a: Ogerpon|Ivy Cudgel|p2a: Kingambit|[anim] Ivy Cudgel Water
|-damage|p2a: Kingambit|0 fnt
|faint|p2a: Kingambit
|-end|p2a: Kingambit|fallen1|[silent]
|
|upkeep
|
|t:|1769390061
|switch|p2a: Zamazenta|Zamazenta|100/100
|-ability|p2a: Zamazenta|Dauntless Shield|boost
|-boost|p2a: Zamazenta|def|1
|turn|13
|
|t:|1769390067
|switch|p1a: Deoxys|Deoxys-Speed|100/100
|-ability|p1a: Deoxys|Pressure
|move|p2a: Zamazenta|Close Combat|p1a: Deoxys
|-resisted|p1a: Deoxys
|-damage|p1a: Deoxys|66/100
|-unboost|p2a: Zamazenta|def|1
|-unboost|p2a: Zamazenta|spd|1
|
|upkeep
|turn|14
|
|t:|1769390097
|switch|p2a: Slowking|Slowking-Galar, M, tera:Fairy|52/100
|-status|p2a: Slowking|psn
|move|p1a: Deoxys|Psycho Boost|p2a: Slowking
|-damage|p2a: Slowking|30/100 psn
|-unboost|p1a: Deoxys|spa|2
|
|-damage|p2a: Slowking|18/100 psn|[from] psn
|upkeep
|turn|15
|
|t:|1769390135
|move|p1a: Deoxys|Light Screen|p1a: Deoxys
|-sidestart|p1: pinguitc|move: Light Screen
|move|p2a: Slowking|Sludge Bomb|p1a: Deoxys
|-damage|p1a: Deoxys|36/100
|
|-damage|p2a: Slowking|5/100 psn|[from] psn
|upkeep
|turn|16
|
|t:|1769390143
|move|p1a: Deoxys|Reflect|p1a: Deoxys
|-sidestart|p1: pinguitc|Reflect
|move|p2a: Slowking|Sludge Bomb|p1a: Deoxys
|-damage|p1a: Deoxys|6/100
|-status|p1a: Deoxys|psn
|
|-damage|p1a: Deoxys|0 fnt|[from] psn
|faint|p1a: Deoxys
|-damage|p2a: Slowking|0 fnt|[from] psn
|faint|p2a: Slowking
|upkeep
|
|t:|1769390181
|switch|p1a: Zamazenta|Zamazenta|100/100
|switch|p2a: Zamazenta|Zamazenta|100/100
|-ability|p1a: Zamazenta|Dauntless Shield|boost
|-boost|p1a: Zamazenta|def|1
|turn|17
|
|t:|1769390188
|switch|p2a: Moltres|Moltres|100/100
|move|p1a: Zamazenta|Iron Defense|p1a: Zamazenta
|-boost|p1a: Zamazenta|def|2
|
|upkeep
|turn|18
|
|t:|1769390196
|move|p2a: Moltres|Will-O-Wisp|p1a: Zamazenta
|-status|p1a: Zamazenta|brn
|move|p1a: Zamazenta|Roar|p2a: Moltres
|drag|p2a: Zamazenta|Zamazenta|100/100
|
|-damage|p1a: Zamazenta|94/100 brn|[from] brn
|upkeep
|turn|19
|
|t:|1769390207
|switch|p2a: Moltres|Moltres|100/100
|move|p1a: Zamazenta|Iron Defense|p1a: Zamazenta
|-boost|p1a: Zamazenta|def|2
|
|-heal|p1a: Zamazenta|100/100 brn|[from] item: Leftovers
|-damage|p1a: Zamazenta|94/100 brn|[from] brn
|upkeep
|turn|20
|
|t:|1769390216
|move|p1a: Zamazenta|Iron Defense|p1a: Zamazenta
|-boost|p1a: Zamazenta|def|1
|move|p2a: Moltres|Flamethrower|p1a: Zamazenta
|-damage|p1a: Zamazenta|78/100 brn
|
|-heal|p1a: Zamazenta|84/100 brn|[from] item: Leftovers
|-damage|p1a: Zamazenta|78/100 brn|[from] brn
|upkeep
|turn|21
|
|t:|1769390226
|move|p1a: Zamazenta|Body Press|p2a: Moltres
|-resisted|p2a: Moltres
|-damage|p2a: Moltres|73/100
|move|p2a: Moltres|Flamethrower|p1a: Zamazenta
|-damage|p1a: Zamazenta|62/100 brn
|
|-heal|p1a: Zamazenta|68/100 brn|[from] item: Leftovers
|-damage|p1a: Zamazenta|62/100 brn|[from] brn
|upkeep
|turn|22
|
|t:|1769390240
|move|p2a: Moltres|Flamethrower|p1a: Zamazenta
|-damage|p1a: Zamazenta|44/100 brn
|move|p1a: Zamazenta|Roar|p2a: Moltres
|drag|p2a: Zamazenta|Zamazenta|100/100
|
|-heal|p1a: Zamazenta|50/100 brn|[from] item: Leftovers
|-damage|p1a: Zamazenta|44/100 brn|[from] brn
|-sideend|p1: pinguitc|move: Light Screen
|upkeep
|turn|23
|
|t:|1769390251
|switch|p2a: Moltres|Moltres|73/100
|move|p1a: Zamazenta|Body Press|p2a: Moltres
|-resisted|p2a: Moltres
|-damage|p2a: Moltres|46/100
|
|-heal|p1a: Zamazenta|50/100 brn|[from] item: Leftovers
|-damage|p1a: Zamazenta|44/100 brn|[from] brn
|-sideend|p1: pinguitc|Reflect
|upkeep
|turn|24
|
|t:|1769390261
|switch|p1a: Ogerpon|Ogerpon-Wellspring, F|52/100
|move|p2a: Moltres|Roost|p2a: Moltres
|-heal|p2a: Moltres|96/100
|-singleturn|p2a: Moltres|move: Roost
|
|upkeep
|turn|25
|
|t:|1769390287
|switch|p2a: Zamazenta|Zamazenta|100/100
|-terastallize|p1a: Ogerpon|Water
|detailschange|p1a: Ogerpon|Ogerpon-Wellspring-Tera, F, tera:Water
|-ability|p1a: Ogerpon|Embody Aspect (Wellspring)|boost
|-boost|p1a: Ogerpon|spd|1
|move|p1a: Ogerpon|Ivy Cudgel|p2a: Zamazenta|[anim] Ivy Cudgel Water
|-damage|p2a: Zamazenta|22/100
|
|upkeep
|turn|26
|
|t:|1769390300
|switch|p1a: Zamazenta|Zamazenta|44/100 brn
|move|p2a: Zamazenta|Close Combat|p1a: Zamazenta
|-damage|p1a: Zamazenta|0 fnt
|-unboost|p2a: Zamazenta|def|1
|-unboost|p2a: Zamazenta|spd|1
|faint|p1a: Zamazenta
|
|upkeep
|
|t:|1769390303
|switch|p1a: Ogerpon|Ogerpon-Wellspring-Tera, F, tera:Water|52/100
|-ability|p1a: Ogerpon|Embody Aspect (Wellspring)|boost
|-boost|p1a: Ogerpon|spd|1
|turn|27
|inactive|Battle timer is ON: inactive players will automatically lose when time's up. (requested by pinguitc)
|
|t:|1769390312
|move|p2a: Zamazenta|Close Combat|p1a: Ogerpon
|-damage|p1a: Ogerpon|0 fnt
|-unboost|p2a: Zamazenta|def|1
|-unboost|p2a: Zamazenta|spd|1
|faint|p1a: Ogerpon
|detailschange|p1: Ogerpon|Ogerpon-Wellspring, F|[silent]
|
|win|JoseWolf22
