|badge|p1|bronze|gen9ou|100-8
|uhtml|medal-msg|<div class="broadcast-blue">Curious what those medals under the avatar are? PS now has Ladder Seasons! For more information, check out the <a href="https://www.smogon.com/forums/threads/3740067/">thread on Smogon.</a></div>
|j|☆CambridgeFoulPlay
|j|☆Johnny tots
|t:|1769383389
|gametype|singles
|player|p1|CambridgeFoulPlay|266|1742
|player|p2|Johnny tots|169|1854
|gen|9
|tier|[Gen 9] OU
|rated|
|rule|HP Percentage Mod: HP is shown in percentages
|rule|Endless Battle Clause: Forcing endless battles is banned
|rule|Species Clause: Limit one of each Pokémon
|rule|OHKO Clause: OHKO moves are banned
|rule|Evasion Items Clause: Evasion items are banned
|rule|Evasion Moves Clause: Evasion moves are banned
|rule|Evasion Abilities Clause: Evasion abilities are banned
|rule|Sleep Moves Clause: Sleep-inducing moves are banned
|clearpoke
|poke|p1|Hydrapple, M|
|poke|p1|Tyranitar, F|
|poke|p1|Moltres|
|poke|p1|Zamazenta-*|
|poke|p1|Slowking-Galar, F|
|poke|p1|Excadrill, F|
|poke|p2|Klefki, F|
|poke|p2|Manaphy|
|poke|p2|Kyurem|
|poke|p2|Cinderace, F|
|poke|p2|Iron Valiant|
|poke|p2|Clefable, M|
|teampreview
|c|☆CambridgeFoulPlay|hf
|inactive|Battle timer is ON: inactive players will automatically lose when time's up. (requested by CambridgeFoulPlay)
|j| Box Scammer
|c|☆Johnny tots|Huh
|j| shedtailhater
|c|☆Johnny tots|someone said u were bot
|
|t:|1769383423
|teamsize|p1|6
|teamsize|p2|6
|start
|switch|p1a: Tyranitar|Tyranitar, F|100/100
|switch|p2a: Klefki|Klefki, F|100/100
|-weather|Sandstorm|[from] ability: Sand Stream|[of] p1a: Tyranitar
|turn|1
|
|t:|1769383426
|move|p2a: Klefki|Reflect|p2a: Klefki
|-sidestart|p2: Johnny tots|Reflect
|move|p1a: Tyranitar|Stealth Rock|p2a: Klefki
|-sidestart|p2: Johnny tots|move: Stealth Rock
|
|-weather|Sandstorm|[upkeep]
|upkeep
|turn|2
|j| TOMBDADDY
|
|t:|1769383433
|move|p2a: Klefki|Light Screen|p2a: Klefki
|-sidestart|p2: Johnny tots|move: Light Screen
|move|p1a: Tyranitar|Thunder Wave|p2a: Klefki|[miss]
|-miss|p1a: Tyranitar|p2a: Klefki
|
|-weather|Sandstorm|[upkeep]
|upkeep
|turn|3
|
|t:|1769383437
|move|p2a: Klefki|Spikes|p1a: Tyranitar
|-sidestart|p1: CambridgeFoulPlay|Spikes
|move|p1a: Tyranitar|Thunder Wave|p2a: Klefki|[miss]
|-miss|p1a: Tyranitar|p2a: Klefki
|
|-weather|Sandstorm|[upkeep]
|upkeep
|turn|4
|
|t:|1769383442
|switch|p2a: Manaphy|Manaphy|100/100
|-damage|p2a: Manaphy|88/100|[from] Stealth Rock
|move|p1a: Tyranitar|Thunder Wave|p2a: Manaphy
|-status|p2a: Manaphy|par
|
|-weather|Sandstorm|[upkeep]
|-damage|p2a: Manaphy|82/100 par|[from] Sandstorm
|-heal|p2a: Manaphy|88/100 par|[from] item: Leftovers
|upkeep
|turn|5
|
|t:|1769383445
|move|p1a: Tyranitar|Knock Off|p2a: Manaphy
|-damage|p2a: Manaphy|71/100 par
|-enditem|p2a: Manaphy|Leftovers|[from] move: Knock Off|[of] p1a: Tyranitar
|cant|p2a: Manaphy|par
|
|-weather|Sandstorm|[upkeep]
|-damage|p2a: Manaphy|64/100 par|[from] Sandstorm
|upkeep
|turn|6
|l| TOMBDADDY
|
|t:|1769383448
|move|p1a: Tyranitar|Knock Off|p2a: Manaphy
|-damage|p2a: Manaphy|51/100 par
|move|p2a: Manaphy|Take Heart|p2a: Manaphy
|-boost|p2a: Manaphy|spa|1
|-boost|p2a: Manaphy|spd|1
|-curestatus|p2a: Manaphy|par|[msg]
|
|-weather|Sandstorm|[upkeep]
|-damage|p2a: Manaphy|44/100|[from] Sandstorm
|upkeep
|turn|7
|
|t:|1769383451
|switch|p1a: Hydrapple|Hydrapple, M|100/100
|move|p2a: Manaphy|Scald|p1a: Hydrapple
|-resisted|p1a: Hydrapple
|-damage|p1a: Hydrapple|87/100
|-status|p1a: Hydrapple|brn
|
|-weather|Sandstorm|[upkeep]
|-damage|p2a: Manaphy|38/100|[from] Sandstorm
|-damage|p1a: Hydrapple|80/100 brn|[from] Sandstorm
|-damage|p1a: Hydrapple|74/100 brn|[from] brn
|upkeep
|turn|8
|j| FirstLightSoulja
|
|t:|1769383456
|move|p2a: Manaphy|Take Heart|p2a: Manaphy
|-boost|p2a: Manaphy|spa|1
|-boost|p2a: Manaphy|spd|1
|move|p1a: Hydrapple|Giga Drain|p2a: Manaphy
|-supereffective|p2a: Manaphy
|-damage|p2a: Manaphy|23/100
|-heal|p1a: Hydrapple|81/100 brn|[from] drain|[of] p2a: Manaphy
|
|-weather|none
|-damage|p1a: Hydrapple|75/100 brn|[from] brn
|-sideend|p2: Johnny tots|Reflect
|upkeep
|turn|9
|
|t:|1769383458
|switch|p1a: Tyranitar|Tyranitar, F|100/100
|-damage|p1a: Tyranitar|88/100|[from] Spikes
|-weather|Sandstorm|[from] ability: Sand Stream|[of] p1a: Tyranitar
|move|p2a: Manaphy|Stored Power|p1a: Tyranitar
|-immune|p1a: Tyranitar
|
|-weather|Sandstorm|[upkeep]
|-damage|p2a: Manaphy|16/100|[from] Sandstorm
|-sideend|p2: Johnny tots|move: Light Screen
|upkeep
|turn|10
|
|t:|1769383460
|move|p2a: Manaphy|Scald|p1a: Tyranitar
|-supereffective|p1a: Tyranitar
|-crit|p1a: Tyranitar
|-damage|p1a: Tyranitar|0 fnt
|faint|p1a: Tyranitar
|
|-weather|Sandstorm|[upkeep]
|-damage|p2a: Manaphy|10/100|[from] Sandstorm
|upkeep
|
|t:|1769383462
|switch|p1a: Excadrill|Excadrill, F|100/100
|-item|p1a: Excadrill|Air Balloon
|turn|11
|
|t:|1769383467
|move|p1a: Excadrill|Rapid Spin|p2a: Manaphy
|-damage|p2a: Manaphy|0 fnt
|-boost|p1a: Excadrill|spe|1
|-sideend|p1: CambridgeFoulPlay|Spikes|[from] move: Rapid Spin|[of] p1a: Excadrill
|faint|p2a: Manaphy
|
|-weather|Sandstorm|[upkeep]
|upkeep
|
|t:|1769383470
|switch|p2a: Klefki|Klefki, F|100/100
|-damage|p2a: Klefki|95/100|[from] Stealth Rock
|turn|12
|
|t:|1769383472
|move|p2a: Klefki|Reflect|p2a: Klefki
|-sidestart|p2: Johnny tots|Reflect
|move|p1a: Excadrill|Swords Dance|p1a: Excadrill
|-boost|p1a: Excadrill|atk|2
|
|-weather|Sandstorm|[upkeep]
|upkeep
|turn|13
|j| double lead paint
|
|t:|1769383481
|switch|p2a: Clefable|Clefable, M|100/100
|move|p1a: Excadrill|Earthquake|p2a: Clefable
|-crit|p2a: Clefable
|-damage|p2a: Clefable|0 fnt
|faint|p2a: Clefable
|
|-weather|Sandstorm|[upkeep]
|upkeep
|
|t:|1769383499
|switch|p2a: Iron Valiant|Iron Valiant|100/100
|-damage|p2a: Iron Valiant|94/100|[from] Stealth Rock
|-enditem|p2a: Iron Valiant|Booster Energy
|-activate|p2a: Iron Valiant|ability: Quark Drive|[fromitem]
|-start|p2a: Iron Valiant|quarkdrivespe
|turn|14
|
|t:|1769383506
|move|p1a: Excadrill|Iron Head|p2a: Iron Valiant
|-supereffective|p2a: Iron Valiant
|-damage|p2a: Iron Valiant|0 fnt
|faint|p2a: Iron Valiant
|-end|p2a: Iron Valiant|Quark Drive|[silent]
|
|-weather|Sandstorm|[upkeep]
|upkeep
|-message|Johnny tots forfeited.
|
|win|CambridgeFoulPlay
|raw|CambridgeFoulPlay's rating: 1742 &rarr; <strong>1768</strong><br />(+26 for winning)
|raw|Johnny tots's rating: 1854 &rarr; <strong>1828</strong><br />(-26 for losing)
|c|☆CambridgeFoulPlay|gg
|l|☆Johnny tots
|player|p2|
|l|☆CambridgeFoulPlay
|player|p1|
|l| double lead paint
|l| FirstLightSoulja
|l| Box Scammer
|l| shedtailhater
