|j|☆qweralt
|j|☆DcBaker
|t:|1769357233
|gametype|singles
|player|p1|qweralt|brycenman|1259
|player|p2|DcBaker|pokemonrangerf|1257
|gen|9
|tier|[Gen 9] OU
|rated|
|rule|HP Percentage Mod: HP is shown in percentages
|rule|Endless Battle Clause: Forcing endless battles is banned
|rule|Species Clause: Limit one of each Pokémon
|rule|OHKO Clause: OHKO moves are banned
|rule|Evasion Items Clause: Evasion items are banned
|rule|Evasion Moves Clause: Evasion moves are banned
|rule|Evasion Abilities Clause: Evasion abilities are banned
|rule|Sleep Moves Clause: Sleep-inducing moves are banned
|clearpoke
|poke|p1|Pecharunt|
|poke|p1|Mabosstiff, F|
|poke|p1|Volcanion|
|poke|p1|Iron Valiant|
|poke|p1|Landorus-Therian, M|
|poke|p1|Deoxys-Speed|
|poke|p2|Deoxys-Speed|
|poke|p2|Ceruledge, M|
|poke|p2|Zamazenta-*|
|poke|p2|Ogerpon-Wellspring, F|
|poke|p2|Glimmora, M|
|poke|p2|Moltres-Galar|
|teampreview
|inactive|Battle timer is ON: inactive players will automatically lose when time's up. (requested by DcBaker)
|
|t:|1769357246
|teamsize|p1|6
|teamsize|p2|6
|start
|switch|p1a: Landorus|Landorus-Therian, M|100/100
|switch|p2a: gimmie|Glimmora, M|100/100
|-ability|p1a: Landorus|Intimidate|boost
|-unboost|p2a: gimmie|atk|1
|turn|1
|
|t:|1769357268
|switch|p2a: 1/151|Ogerpon-Wellspring, F|100/100
|move|p1a: Landorus|Earthquake|p2a: 1/151
|-resisted|p2a: 1/151
|-damage|p2a: 1/151|68/100
|
|upkeep
|turn|2
|
|t:|1769357287
|switch|p1a: Volcanion|Volcanion|100/100
|move|p2a: 1/151|Ivy Cudgel|p1a: Volcanion|[anim] Ivy Cudgel Water
|-immune|p1a: Volcanion|[from] ability: Water Absorb
|
|upkeep
|turn|3
|
|t:|1769357295
|switch|p2a: gimmie|Glimmora, M|100/100
|move|p1a: Volcanion|Flamethrower|p2a: gimmie
|-resisted|p2a: gimmie
|-crit|p2a: gimmie
|-damage|p2a: gimmie|57/100
|
|upkeep
|turn|4
|
|t:|1769357302
|move|p2a: gimmie|Meteor Beam||[still]
|-prepare|p2a: gimmie|Meteor Beam
|-boost|p2a: gimmie|spa|1
|-enditem|p2a: gimmie|Power Herb
|-anim|p2a: gimmie|Meteor Beam|p1a: Volcanion
|-supereffective|p1a: Volcanion
|-damage|p1a: Volcanion|0 fnt
|faint|p1a: Volcanion
|
|upkeep
|
|t:|1769357312
|switch|p1a: Landorus|Landorus-Therian, M|100/100
|-ability|p1a: Landorus|Intimidate|boost
|-unboost|p2a: gimmie|atk|1
|turn|5
|
|t:|1769357320
|move|p1a: Landorus|Earthquake|p2a: gimmie
|-supereffective|p2a: gimmie
|-damage|p2a: gimmie|0 fnt
|-activate|p2a: gimmie|ability: Toxic Debris
|-sidestart|p1: qweralt|move: Toxic Spikes
|faint|p2a: gimmie
|
|upkeep
|
|t:|1769357323
|switch|p2a: 1/151|Ogerpon-Wellspring, F|68/100
|turn|6
|
|t:|1769357327
|switch|p1a: Pecharunt|Pecharunt|100/100
|-sideend|p1: qweralt|move: Toxic Spikes|[of] p1a: Pecharunt
|move|p2a: 1/151|Ivy Cudgel|p1a: Pecharunt|[anim] Ivy Cudgel Water
|-damage|p1a: Pecharunt|52/100
|
|upkeep
|turn|7
|
|t:|1769357341
|switch|p2a: DEO|Deoxys-Speed|100/100
|-ability|p2a: DEO|Pressure
|move|p1a: Pecharunt|Malignant Chain|p2a: DEO
|-damage|p2a: DEO|53/100
|-status|p2a: DEO|tox
|-start|p2a: DEO|confusion|[from] ability: Poison Puppeteer|[of] p1a: Pecharunt
|
|-damage|p2a: DEO|47/100 tox|[from] psn
|upkeep
|turn|8
|
|t:|1769357351
|-activate|p2a: DEO|confusion
|-damage|p2a: DEO|39/100 tox|[from] confusion
|move|p1a: Pecharunt|Shadow Ball|p2a: DEO
|-supereffective|p2a: DEO
|-damage|p2a: DEO|0 fnt
|faint|p2a: DEO
|
|upkeep
|
|t:|1769357355
|switch|p2a: mo|Moltres-Galar|100/100
|turn|9
|
|t:|1769357366
|switch|p1a: Iron Valiant|Iron Valiant|100/100
|-enditem|p1a: Iron Valiant|Booster Energy
|-activate|p1a: Iron Valiant|ability: Quark Drive|[fromitem]
|-start|p1a: Iron Valiant|quarkdrivespe
|move|p2a: mo|Nasty Plot|p2a: mo
|-boost|p2a: mo|spa|2
|
|upkeep
|turn|10
|
|t:|1769357379
|move|p1a: Iron Valiant|Encore|p2a: mo
|-start|p2a: mo|Encore
|move|p2a: mo|Nasty Plot|p2a: mo
|-boost|p2a: mo|spa|2
|
|upkeep
|turn|11
|
|t:|1769357391
|switch|p2a: ZAHM|Zamazenta|100/100
|-ability|p2a: ZAHM|Dauntless Shield|boost
|-boost|p2a: ZAHM|def|1
|move|p1a: Iron Valiant|Moonblast|p2a: ZAHM
|-supereffective|p2a: ZAHM
|-crit|p2a: ZAHM
|-damage|p2a: ZAHM|0 fnt
|faint|p2a: ZAHM
|
|upkeep
|
|t:|1769357397
|switch|p2a: mo|Moltres-Galar|100/100
|turn|12
|
|t:|1769357410
|move|p1a: Iron Valiant|Moonblast|p2a: mo
|-supereffective|p2a: mo
|-damage|p2a: mo|35/100
|-unboost|p2a: mo|spa|1
|-ability|p2a: mo|Berserk|boost
|-boost|p2a: mo|spa|1
|-enditem|p2a: mo|Sitrus Berry|[eat]
|-heal|p2a: mo|60/100|[from] item: Sitrus Berry
|move|p2a: mo|Tera Blast|p1a: Iron Valiant
|-damage|p1a: Iron Valiant|48/100
|
|upkeep
|turn|13
|
|t:|1769357426
|-terastallize|p2a: mo|Fairy
|move|p1a: Iron Valiant|Moonblast|p2a: mo
|-damage|p2a: mo|28/100
|-unboost|p2a: mo|spa|1
|-ability|p2a: mo|Berserk|boost
|-boost|p2a: mo|spa|1
|move|p2a: mo|Tera Blast|p1a: Iron Valiant|[anim] Tera Blast Fairy
|-supereffective|p1a: Iron Valiant
|-damage|p1a: Iron Valiant|0 fnt
|faint|p1a: Iron Valiant
|-end|p1a: Iron Valiant|Quark Drive|[silent]
|
|upkeep
|
|t:|1769357441
|switch|p1a: Landorus|Landorus-Therian, M|100/100
|-ability|p1a: Landorus|Intimidate|boost
|-unboost|p2a: mo|atk|1
|turn|14
|
|t:|1769357450
|move|p1a: Landorus|Earthquake|p2a: mo
|-damage|p2a: mo|0 fnt
|faint|p2a: mo
|
|upkeep
|
|t:|1769357454
|switch|p2a: 1/151|Ogerpon-Wellspring, F|68/100
|turn|15
|
|t:|1769357458
|switch|p1a: Pecharunt|Pecharunt|52/100
|move|p2a: 1/151|Ivy Cudgel|p1a: Pecharunt|[anim] Ivy Cudgel Water
|-damage|p1a: Pecharunt|7/100
|
|upkeep
|turn|16
|
|t:|1769357467
|move|p2a: 1/151|Horn Leech|p1a: Pecharunt
|-resisted|p1a: Pecharunt
|-damage|p1a: Pecharunt|0 fnt
|-heal|p2a: 1/151|71/100|[from] drain|[of] p1a: Pecharunt
|faint|p1a: Pecharunt
|
|upkeep
|
|t:|1769357478
|switch|p1a: Mabosstiff|Mabosstiff, F, shiny|100/100
|-ability|p1a: Mabosstiff|Intimidate|boost
|-unboost|p2a: 1/151|atk|1
|turn|17
|
|t:|1769357488
|move|p2a: 1/151|Horn Leech|p1a: Mabosstiff
|-damage|p1a: Mabosstiff|69/100
|-heal|p2a: 1/151|90/100|[from] drain|[of] p1a: Mabosstiff
|-enditem|p1a: Mabosstiff|Kee Berry|[eat]
|-boost|p1a: Mabosstiff|def|1|[from] item: Kee Berry
|move|p1a: Mabosstiff|Jaw Lock|p2a: 1/151
|-damage|p2a: 1/151|28/100
|-activate|p1a: Mabosstiff|trapped
|-activate|p2a: 1/151|trapped
|
|upkeep
|turn|18
|
|t:|1769357501
|move|p2a: 1/151|Play Rough|p1a: Mabosstiff
|-supereffective|p1a: Mabosstiff
|-damage|p1a: Mabosstiff|35/100
|move|p1a: Mabosstiff|Trailblaze|p2a: 1/151
|-damage|p2a: 1/151|5/100
|-boost|p1a: Mabosstiff|spe|1
|
|upkeep
|turn|19
|
|t:|1769357507
|move|p1a: Mabosstiff|Trailblaze|p2a: 1/151
|-damage|p2a: 1/151|0 fnt
|-boost|p1a: Mabosstiff|spe|1
|faint|p2a: 1/151
|
|upkeep
|
|t:|1769357509
|switch|p2a: Sara|Ceruledge, M|100/100
|turn|20
|
|t:|1769357535
|move|p1a: Mabosstiff|Jaw Lock|p2a: Sara
|-supereffective|p2a: Sara
|-damage|p2a: Sara|0 fnt
|faint|p2a: Sara
|
|win|qweralt
|raw|qweralt's rating: 1259 &rarr; <strong>1284</strong><br />(+25 for winning)
|raw|DcBaker's rating: 1257 &rarr; <strong>1232</strong><br />(-25 for losing)
