|j|☆TitleVII
|j|☆xxHaxmaster
|t:|1769433510
|gametype|singles
|player|p1|TitleVII|101|1434
|player|p2|xxHaxmaster|benga|1392
|gen|9
|tier|[Gen 9] OU
|rated|
|rule|HP Percentage Mod: HP is shown in percentages
|rule|Endless Battle Clause: Forcing endless battles is banned
|rule|Species Clause: Limit one of each Pokémon
|rule|OHKO Clause: OHKO moves are banned
|rule|Evasion Items Clause: Evasion items are banned
|rule|Evasion Moves Clause: Evasion moves are banned
|rule|Evasion Abilities Clause: Evasion abilities are banned
|rule|Sleep Moves Clause: Sleep-inducing moves are banned
|clearpoke
|poke|p1|Gholdengo|
|poke|p1|Dragonite, F|
|poke|p1|Raging Bolt|
|poke|p1|Great Tusk|
|poke|p1|Iron Valiant|
|poke|p1|Ting-Lu|
|poke|p2|Munkidori, M|
|poke|p2|Rillaboom, M|
|poke|p2|Samurott-Hisui, F|
|poke|p2|Tornadus-Therian, M|
|poke|p2|Heatran, M|
|poke|p2|Raging Bolt|
|teampreview
|
|t:|1769433522
|teamsize|p1|6
|teamsize|p2|6
|start
|switch|p1a: Ting-Lu|Ting-Lu|100/100
|switch|p2a: Munkidori|Munkidori, M|100/100
|-ability|p1a: Ting-Lu|Vessel of Ruin
|turn|1
|
|t:|1769433527
|move|p2a: Munkidori|U-turn|p1a: Ting-Lu
|-supereffective|p1a: Ting-Lu
|-damage|p1a: Ting-Lu|90/100
|-status|p1a: Ting-Lu|tox|[from] ability: Toxic Chain|[of] p2a: Munkidori
|inactive|Battle timer is ON: inactive players will automatically lose when time's up. (requested by xxHaxmaster)
|
|t:|1769433531
|switch|p2a: Tornadus|Tornadus-Therian, M|100/100|[from] U-turn
|move|p1a: Ting-Lu|Earthquake|p2a: Tornadus
|-immune|p2a: Tornadus
|
|-heal|p1a: Ting-Lu|96/100 tox|[from] item: Leftovers
|-damage|p1a: Ting-Lu|90/100 tox|[from] psn
|upkeep
|turn|2
|inactive|TitleVII has 120 seconds left.
|
|t:|1769433569
|switch|p1a: Raging Bolt|Raging Bolt|100/100
|move|p2a: Tornadus|Nasty Plot|p2a: Tornadus
|-boost|p2a: Tornadus|spa|2
|
|upkeep
|turn|3
|inactive|TitleVII has 120 seconds left.
|
|t:|1769433577
|move|p2a: Tornadus|Bleakwind Storm|p1a: Raging Bolt|[miss]
|-miss|p2a: Tornadus|p1a: Raging Bolt
|move|p1a: Raging Bolt|Thunderbolt|p2a: Tornadus
|-supereffective|p2a: Tornadus
|-damage|p2a: Tornadus|0 fnt
|faint|p2a: Tornadus
|
|upkeep
|
|t:|1769433584
|switch|p2a: Heatran|Heatran, M|100/100
|turn|4
|
|t:|1769433593
|move|p2a: Heatran|Magma Storm|p1a: Raging Bolt|[miss]
|-miss|p2a: Heatran|p1a: Raging Bolt
|move|p1a: Raging Bolt|Thunderbolt|p2a: Heatran
|-damage|p2a: Heatran|21/100
|
|-heal|p2a: Heatran|27/100|[from] item: Leftovers
|upkeep
|turn|5
|
|t:|1769433598
|move|p2a: Heatran|Protect|p2a: Heatran
|-singleturn|p2a: Heatran|Protect
|move|p1a: Raging Bolt|Thunderbolt|p2a: Heatran
|-activate|p2a: Heatran|move: Protect
|
|-heal|p2a: Heatran|33/100|[from] item: Leftovers
|upkeep
|turn|6
|inactive|TitleVII has 120 seconds left.
|
|t:|1769433635
|move|p2a: Heatran|Stealth Rock|p1a: Raging Bolt
|-sidestart|p1: TitleVII|move: Stealth Rock
|move|p1a: Raging Bolt|Thunderbolt|p2a: Heatran
|-damage|p2a: Heatran|0 fnt
|faint|p2a: Heatran
|
|upkeep
|
|t:|1769433651
|switch|p2a: Munkidori|Munkidori, M|100/100
|turn|7
|inactive|TitleVII has 120 seconds left.
|
|t:|1769433656
|move|p2a: Munkidori|Sludge Bomb|p1a: Raging Bolt
|-damage|p1a: Raging Bolt|59/100
|-status|p1a: Raging Bolt|tox|[from] ability: Toxic Chain|[of] p2a: Munkidori
|move|p1a: Raging Bolt|Thunderbolt|p2a: Munkidori
|-damage|p2a: Munkidori|39/100
|
|-damage|p1a: Raging Bolt|53/100 tox|[from] psn
|upkeep
|turn|8
|
|t:|1769433665
|move|p2a: Munkidori|U-turn|p1a: Raging Bolt
|-damage|p1a: Raging Bolt|44/100 tox
|
|t:|1769433668
|switch|p2a: Raging Bolt|Raging Bolt|100/100|[from] U-turn
|-enditem|p2a: Raging Bolt|Booster Energy
|-activate|p2a: Raging Bolt|ability: Protosynthesis|[fromitem]
|-start|p2a: Raging Bolt|protosynthesisspa
|move|p1a: Raging Bolt|Thunderbolt|p2a: Raging Bolt
|-resisted|p2a: Raging Bolt
|-damage|p2a: Raging Bolt|80/100
|
|-damage|p1a: Raging Bolt|32/100 tox|[from] psn
|upkeep
|turn|9
|
|t:|1769433681
|-end|p1a: Raging Bolt|Protosynthesis|[silent]
|switch|p1a: Ting-Lu|Ting-Lu|90/100 tox
|-damage|p1a: Ting-Lu|83/100 tox|[from] Stealth Rock
|-ability|p1a: Ting-Lu|Vessel of Ruin
|-terastallize|p2a: Raging Bolt|Fairy
|move|p2a: Raging Bolt|Calm Mind|p2a: Raging Bolt
|-boost|p2a: Raging Bolt|spa|1
|-boost|p2a: Raging Bolt|spd|1
|
|-heal|p1a: Ting-Lu|90/100 tox|[from] item: Leftovers
|-damage|p1a: Ting-Lu|83/100 tox|[from] psn
|upkeep
|turn|10
|
|t:|1769433686
|move|p2a: Raging Bolt|Dragon Pulse|p1a: Ting-Lu
|-crit|p1a: Ting-Lu
|-damage|p1a: Ting-Lu|13/100 tox
|move|p1a: Ting-Lu|Whirlwind|p2a: Raging Bolt
|-end|p2a: Raging Bolt|Protosynthesis|[silent]
|drag|p2a: Rillaboom|Rillaboom, M|100/100
|-fieldstart|move: Grassy Terrain|[from] ability: Grassy Surge|[of] p2a: Rillaboom
|
|-heal|p1a: Ting-Lu|19/100 tox|[from] Grassy Terrain
|-heal|p1a: Ting-Lu|25/100 tox|[from] item: Leftovers
|-damage|p1a: Ting-Lu|13/100 tox|[from] psn
|upkeep
|turn|11
|
|t:|1769433694
|move|p2a: Rillaboom|Knock Off|p1a: Ting-Lu
|-resisted|p1a: Ting-Lu
|-damage|p1a: Ting-Lu|5/100 tox
|-enditem|p1a: Ting-Lu|Leftovers|[from] move: Knock Off|[of] p2a: Rillaboom
|move|p1a: Ting-Lu|Stealth Rock|p2a: Rillaboom
|-sidestart|p2: xxHaxmaster|move: Stealth Rock
|
|-heal|p1a: Ting-Lu|11/100 tox|[from] Grassy Terrain
|-damage|p1a: Ting-Lu|0 fnt|[from] psn
|faint|p1a: Ting-Lu
|upkeep
|
|t:|1769433701
|switch|p1a: Dragonite|Dragonite, F|100/100
|turn|12
|
|t:|1769433704
|move|p2a: Rillaboom|Knock Off|p1a: Dragonite
|-damage|p1a: Dragonite|80/100
|-enditem|p1a: Dragonite|Heavy-Duty Boots|[from] move: Knock Off|[of] p2a: Rillaboom
|move|p1a: Dragonite|Dragon Dance|p1a: Dragonite
|-boost|p1a: Dragonite|atk|1
|-boost|p1a: Dragonite|spe|1
|
|upkeep
|turn|13
|
|t:|1769433714
|move|p1a: Dragonite|Outrage|p2a: Rillaboom
|-damage|p2a: Rillaboom|0 fnt
|faint|p2a: Rillaboom
|
|upkeep
|
|t:|1769433718
|switch|p2a: Raging Bolt|Raging Bolt, tera:Fairy|80/100
|-damage|p2a: Raging Bolt|68/100|[from] Stealth Rock
|turn|14
|
|t:|1769433721
|move|p1a: Dragonite|Outrage|p2a: Raging Bolt|[from] lockedmove
|-immune|p2a: Raging Bolt
|move|p2a: Raging Bolt|Dragon Pulse|p1a: Dragonite
|-supereffective|p1a: Dragonite
|-damage|p1a: Dragonite|0 fnt
|faint|p1a: Dragonite
|
|-heal|p2a: Raging Bolt|74/100|[from] Grassy Terrain
|-fieldend|move: Grassy Terrain
|upkeep
|
|t:|1769433723
|switch|p1a: Iron Valiant|Iron Valiant|100/100
|-damage|p1a: Iron Valiant|94/100|[from] Stealth Rock
|-enditem|p1a: Iron Valiant|Booster Energy
|-activate|p1a: Iron Valiant|ability: Quark Drive|[fromitem]
|-start|p1a: Iron Valiant|quarkdrivespe
|turn|15
|
|t:|1769433730
|move|p1a: Iron Valiant|Moonblast|p2a: Raging Bolt
|-damage|p2a: Raging Bolt|31/100
|move|p2a: Raging Bolt|Thunderbolt|p1a: Iron Valiant
|-damage|p1a: Iron Valiant|0 fnt
|faint|p1a: Iron Valiant
|-end|p1a: Iron Valiant|Quark Drive|[silent]
|
|upkeep
|
|t:|1769433733
|switch|p1a: Gholdengo|Gholdengo|100/100
|-damage|p1a: Gholdengo|94/100|[from] Stealth Rock
|turn|16
|
|t:|1769433738
|-end|p2a: Raging Bolt|Protosynthesis|[silent]
|switch|p2a: Samurott|Samurott-Hisui, F|100/100
|-damage|p2a: Samurott|88/100|[from] Stealth Rock
|move|p1a: Gholdengo|Shadow Ball|p2a: Samurott
|-resisted|p2a: Samurott
|-damage|p2a: Samurott|66/100
|-unboost|p2a: Samurott|spd|1
|
|upkeep
|turn|17
|
|t:|1769433747
|switch|p1a: Raging Bolt|Raging Bolt|32/100 tox
|-damage|p1a: Raging Bolt|19/100 tox|[from] Stealth Rock
|move|p2a: Samurott|Razor Shell|p1a: Raging Bolt
|-resisted|p1a: Raging Bolt
|-crit|p1a: Raging Bolt
|-damage|p1a: Raging Bolt|0 fnt
|faint|p1a: Raging Bolt
|-end|p1a: Raging Bolt|Protosynthesis|[silent]
|
|upkeep
|
|t:|1769433750
|switch|p1a: Great Tusk|Great Tusk|100/100
|-damage|p1a: Great Tusk|97/100|[from] Stealth Rock
|turn|18
|
|t:|1769433758
|switch|p2a: Raging Bolt|Raging Bolt, tera:Fairy|31/100
|-damage|p2a: Raging Bolt|19/100|[from] Stealth Rock
|-terastallize|p1a: Great Tusk|Ice
|move|p1a: Great Tusk|Rapid Spin|p2a: Raging Bolt
|-crit|p2a: Raging Bolt
|-damage|p2a: Raging Bolt|0 fnt
|-boost|p1a: Great Tusk|spe|1
|-sideend|p1: TitleVII|Stealth Rock|[from] move: Rapid Spin|[of] p1a: Great Tusk
|faint|p2a: Raging Bolt
|-end|p2a: Raging Bolt|Protosynthesis|[silent]
|
|upkeep
|
|t:|1769433768
|switch|p2a: Samurott|Samurott-Hisui, F|66/100
|-damage|p2a: Samurott|53/100|[from] Stealth Rock
|turn|19
|
|t:|1769433772
|move|p2a: Samurott|Sucker Punch|p1a: Great Tusk
|-damage|p1a: Great Tusk|79/100
|move|p1a: Great Tusk|Close Combat|p2a: Samurott
|-supereffective|p2a: Samurott
|-crit|p2a: Samurott
|-damage|p2a: Samurott|0 fnt
|-unboost|p1a: Great Tusk|def|1
|-unboost|p1a: Great Tusk|spd|1
|faint|p2a: Samurott
|
|upkeep
|
|t:|1769433776
|switch|p2a: Munkidori|Munkidori, M|39/100
|-damage|p2a: Munkidori|27/100|[from] Stealth Rock
|turn|20
|
|t:|1769433783
|move|p2a: Munkidori|Psychic Noise|p1a: Great Tusk
|-damage|p1a: Great Tusk|23/100
|-start|p1a: Great Tusk|move: Heal Block
|-status|p1a: Great Tusk|tox|[from] ability: Toxic Chain|[of] p2a: Munkidori
|move|p1a: Great Tusk|Ice Spinner|p2a: Munkidori
|-damage|p2a: Munkidori|0 fnt
|faint|p2a: Munkidori
|
|win|TitleVII
|raw|TitleVII's rating: 1434 &rarr; <strong>1452</strong><br />(+18 for winning)
|raw|xxHaxmaster's rating: 1392 &rarr; <strong>1374</strong><br />(-18 for losing)
|l|☆TitleVII
|player|p1|
|l|☆xxHaxmaster
|player|p2|
