|j|☆Mojonduroman
|j|☆KenjiShiguma
|t:|1769360521
|gametype|singles
|player|p1|Mojonduroman|170|1130
|player|p2|KenjiShiguma|pokemonbreeder-gen4|1104
|gen|9
|tier|[Gen 9] OU
|rated|
|rule|HP Percentage Mod: HP is shown in percentages
|rule|Endless Battle Clause: Forcing endless battles is banned
|rule|Species Clause: Limit one of each Pokémon
|rule|OHKO Clause: OHKO moves are banned
|rule|Evasion Items Clause: Evasion items are banned
|rule|Evasion Moves Clause: Evasion moves are banned
|rule|Evasion Abilities Clause: Evasion abilities are banned
|rule|Sleep Moves Clause: Sleep-inducing moves are banned
|clearpoke
|poke|p1|Moltres-Galar|
|poke|p1|Ogerpon-Wellspring, F|
|poke|p1|Deoxys-Speed|
|poke|p1|Zamazenta-*|
|poke|p1|Glimmora, M|
|poke|p1|Armarouge, M|
|poke|p2|Ambipom, M|
|poke|p2|Greedent, F|
|poke|p2|Dusknoir, M|
|poke|p2|Mismagius, M|
|poke|p2|Lucario, F|
|poke|p2|Forretress, M|
|teampreview
|
|t:|1769360538
|teamsize|p1|6
|teamsize|p2|6
|start
|switch|p1a: Deoxys|Deoxys-Speed|100/100
|switch|p2a: Lucario|Lucario, F|100/100
|-ability|p1a: Deoxys|Pressure
|turn|1
|
|t:|1769360547
|move|p1a: Deoxys|Reflect|p1a: Deoxys
|-sidestart|p1: Mojonduroman|Reflect
|move|p2a: Lucario|Dark Pulse|p1a: Deoxys
|-supereffective|p1a: Deoxys
|-crit|p1a: Deoxys
|-damage|p1a: Deoxys|0 fnt
|faint|p1a: Deoxys
|
|upkeep
|
|t:|1769360557
|switch|p1a: Moltres|Moltres-Galar|100/100
|turn|2
|
|t:|1769360563
|switch|p2a: Dusknoir|Dusknoir, M|100/100
|-ability|p2a: Dusknoir|Pressure
|move|p1a: Moltres|Agility|p1a: Moltres
|-boost|p1a: Moltres|spe|2
|
|upkeep
|turn|3
|
|t:|1769360574
|move|p1a: Moltres|Nasty Plot|p1a: Moltres
|-boost|p1a: Moltres|spa|2
|move|p2a: Dusknoir|Will-O-Wisp|p1a: Moltres
|-status|p1a: Moltres|brn
|
|-damage|p1a: Moltres|94/100 brn|[from] brn
|upkeep
|turn|4
|
|t:|1769360583
|move|p1a: Moltres|Fiery Wrath|p2a: Dusknoir
|-supereffective|p2a: Dusknoir
|-damage|p2a: Dusknoir|0 fnt
|faint|p2a: Dusknoir
|
|-damage|p1a: Moltres|88/100 brn|[from] brn
|upkeep
|
|t:|1769360593
|switch|p2a: Ambipom|Ambipom, M|100/100
|turn|5
|
|t:|1769360607
|move|p2a: Ambipom|Fake Out|p1a: Moltres
|-damage|p1a: Moltres|71/100 brn
|cant|p1a: Moltres|flinch
|
|-damage|p1a: Moltres|65/100 brn|[from] brn
|upkeep
|turn|6
|
|t:|1769360618
|switch|p2a: Greedent|Greedent, F|100/100
|move|p1a: Moltres|Fiery Wrath|p2a: Greedent
|-crit|p2a: Greedent
|-damage|p2a: Greedent|0 fnt
|faint|p2a: Greedent
|
|-damage|p1a: Moltres|59/100 brn|[from] brn
|upkeep
|
|t:|1769360627
|switch|p2a: Ambipom|Ambipom, M|100/100
|turn|7
|
|t:|1769360646
|move|p2a: Ambipom|Fake Out|p1a: Moltres
|-damage|p1a: Moltres|40/100 brn
|-ability|p1a: Moltres|Berserk|boost
|-boost|p1a: Moltres|spa|1
|-enditem|p1a: Moltres|Sitrus Berry|[eat]
|-heal|p1a: Moltres|65/100 brn|[from] item: Sitrus Berry
|cant|p1a: Moltres|flinch
|
|-damage|p1a: Moltres|59/100 brn|[from] brn
|upkeep
|turn|8
|
|t:|1769360660
|switch|p2a: Forretress|Forretress, M|100/100
|move|p1a: Moltres|Fiery Wrath|p2a: Forretress
|-ability|p2a: Forretress|Sturdy
|-damage|p2a: Forretress|1/100
|
|-damage|p1a: Moltres|53/100 brn|[from] brn
|-sideend|p1: Mojonduroman|Reflect
|upkeep
|turn|9
|
|t:|1769360671
|move|p1a: Moltres|Fiery Wrath|p2a: Forretress
|-damage|p2a: Forretress|0 fnt
|faint|p2a: Forretress
|
|-damage|p1a: Moltres|46/100 brn|[from] brn
|upkeep
|
|t:|1769360678
|switch|p2a: Ambipom|Ambipom, M|100/100
|turn|10
|
|t:|1769360684
|-terastallize|p2a: Ambipom|Normal
|move|p2a: Ambipom|Fake Out|p1a: Moltres
|-damage|p1a: Moltres|3/100 brn
|cant|p1a: Moltres|flinch
|
|-damage|p1a: Moltres|0 fnt|[from] brn
|faint|p1a: Moltres
|upkeep
|
|t:|1769360693
|switch|p1a: Shannon|Armarouge, M|100/100
|turn|11
|
|t:|1769360696
|move|p2a: Ambipom|Last Resort|p1a: Shannon
|-damage|p1a: Shannon|0 fnt
|faint|p1a: Shannon
|
|upkeep
|
|t:|1769360700
|switch|p1a: Zamazenta|Zamazenta|100/100
|-ability|p1a: Zamazenta|Dauntless Shield|boost
|-boost|p1a: Zamazenta|def|1
|turn|12
|
|t:|1769360705
|switch|p2a: Mismagius|Mismagius, M|100/100
|move|p1a: Zamazenta|Body Press|p2a: Mismagius
|-immune|p2a: Mismagius
|
|upkeep
|turn|13
|
|t:|1769360711
|-terastallize|p1a: Zamazenta|Steel
|move|p1a: Zamazenta|Heavy Slam|p2a: Mismagius
|-damage|p2a: Mismagius|0 fnt
|faint|p2a: Mismagius
|
|upkeep
|
|t:|1769360718
|switch|p2a: Lucario|Lucario, F|100/100
|turn|14
|
|t:|1769360721
|move|p1a: Zamazenta|Body Press|p2a: Lucario
|-supereffective|p2a: Lucario
|-damage|p2a: Lucario|0 fnt
|faint|p2a: Lucario
|
|upkeep
|
|t:|1769360726
|switch|p2a: Ambipom|Ambipom, M, tera:Normal|100/100
|turn|15
|
|t:|1769360729
|move|p2a: Ambipom|Fake Out|p1a: Zamazenta
|-resisted|p1a: Zamazenta
|-damage|p1a: Zamazenta|90/100
|cant|p1a: Zamazenta|flinch
|
|-heal|p1a: Zamazenta|96/100|[from] item: Leftovers
|upkeep
|turn|16
|
|t:|1769360738
|move|p1a: Zamazenta|Body Press|p2a: Ambipom
|-supereffective|p2a: Ambipom
|-damage|p2a: Ambipom|0 fnt
|faint|p2a: Ambipom
|
|win|Mojonduroman
|raw|Mojonduroman's rating: 1130 &rarr; <strong>1153</strong><br />(+23 for winning)
|raw|KenjiShiguma's rating: 1104 &rarr; <strong>1081</strong><br />(-23 for losing)
|l|☆Mojonduroman
|player|p1|
|l|☆KenjiShiguma
|player|p2|
