|j|☆the tay
|j|☆Anony1Moose11
|t:|1769414314
|gametype|singles
|player|p1|the tay|raihan-masters|1387
|player|p2|Anony1Moose11|karen|1311
|gen|9
|tier|[Gen 9] OU
|rated|
|rule|HP Percentage Mod: HP is shown in percentages
|rule|Endless Battle Clause: Forcing endless battles is banned
|rule|Species Clause: Limit one of each Pokémon
|rule|OHKO Clause: OHKO moves are banned
|rule|Evasion Items Clause: Evasion items are banned
|rule|Evasion Moves Clause: Evasion moves are banned
|rule|Evasion Abilities Clause: Evasion abilities are banned
|rule|Sleep Moves Clause: Sleep-inducing moves are banned
|clearpoke
|poke|p1|Iron Hands|
|poke|p1|Zamazenta-*|
|poke|p1|Lokix, M|
|poke|p1|Iron Moth|
|poke|p1|Ogerpon-Wellspring, F|
|poke|p1|Zoroark, F|
|poke|p2|Hoopa-Unbound|
|poke|p2|Indeedee, M|
|poke|p2|Hatterene, F|
|poke|p2|Ursaluna, F|
|poke|p2|Iron Hands|
|poke|p2|Mimikyu, F|
|teampreview
|inactive|Battle timer is ON: inactive players will automatically lose when time's up. (requested by Anony1Moose11)
|inactive|the tay has 120 seconds left.
|
|t:|1769414369
|teamsize|p1|6
|teamsize|p2|6
|start
|switch|p1a: Lokix|Lokix, M|100/100
|switch|p2a: Indeedee|Indeedee, M|100/100
|-fieldstart|move: Psychic Terrain|[from] ability: Psychic Surge|[of] p2a: Indeedee
|turn|1
|inactive|Anony1Moose11 has 120 seconds left.
|
|t:|1769414401
|switch|p2a: Iron Hands|Iron Hands|100/100
|-enditem|p2a: Iron Hands|Booster Energy
|-activate|p2a: Iron Hands|ability: Quark Drive|[fromitem]
|-start|p2a: Iron Hands|quarkdriveatk
|move|p1a: Lokix|Nasty Plot|p1a: Lokix
|-boost|p1a: Lokix|spa|2
|
|upkeep
|turn|2
|inactive|Anony1Moose11 has 120 seconds left.
|
|t:|1769414413
|move|p1a: Lokix|Psychic|p2a: Iron Hands
|-supereffective|p2a: Iron Hands
|-damage|p2a: Iron Hands|0 fnt
|faint|p2a: Iron Hands
|-end|p2a: Iron Hands|Quark Drive|[silent]
|
|upkeep
|inactive|Anony1Moose11 has 120 seconds left.
|
|t:|1769414428
|switch|p2a: Mimikyu|Mimikyu, F|100/100
|turn|3
|
|t:|1769414444
|move|p1a: Lokix|Dark Pulse|p2a: Mimikyu
|-activate|p2a: Mimikyu|ability: Disguise
|-damage|p2a: Mimikyu|100/100
|detailschange|p2a: Mimikyu|Mimikyu-Busted, F
|-damage|p2a: Mimikyu|88/100|[from] pokemon: Mimikyu-Busted
|-enditem|p2a: Mimikyu|Red Card|[of] p1a: Lokix
|drag|p1a: Iron Moth|Iron Moth|100/100
|-enditem|p1a: Iron Moth|Booster Energy
|-activate|p1a: Iron Moth|ability: Quark Drive|[fromitem]
|-start|p1a: Iron Moth|quarkdrivespe
|move|p2a: Mimikyu|Trick Room|p2a: Mimikyu
|-fieldstart|move: Trick Room|[of] p2a: Mimikyu
|
|upkeep
|turn|4
|inactive|Anony1Moose11 has 120 seconds left.
|
|t:|1769414467
|switch|p2a: Ursaluna|Ursaluna, F|100/100
|move|p1a: Iron Moth|Sludge Wave|p2a: Ursaluna
|-resisted|p2a: Ursaluna
|-damage|p2a: Ursaluna|78/100
|
|-status|p2a: Ursaluna|brn|[from] item: Flame Orb
|upkeep
|turn|5
|inactive|Anony1Moose11 has 120 seconds left.
|
|t:|1769414477
|move|p2a: Ursaluna|Facade|p1a: Iron Moth
|-damage|p1a: Iron Moth|0 fnt
|faint|p1a: Iron Moth
|-end|p1a: Iron Moth|Quark Drive|[silent]
|
|-damage|p2a: Ursaluna|72/100 brn|[from] brn
|upkeep
|
|t:|1769414487
|switch|p1a: Lokix|Lokix, M|100/100
|turn|6
|
|t:|1769414494
|move|p1a: Lokix|First Impression|p2a: Ursaluna
|-activate|p2a: Ursaluna|move: Psychic Terrain
|move|p2a: Ursaluna|Facade|p1a: Lokix
|-damage|p1a: Lokix|0 fnt
|faint|p1a: Lokix
|
|-damage|p2a: Ursaluna|66/100 brn|[from] brn
|upkeep
|inactive|the tay has 120 seconds left.
|
|t:|1769414524
|switch|p1a: Zamazenta|Zamazenta|100/100
|turn|7
|
|t:|1769414540
|-terastallize|p1a: Zamazenta|Ghost
|move|p2a: Ursaluna|Facade|p1a: Zamazenta
|-immune|p1a: Zamazenta
|move|p1a: Zamazenta|Nasty Plot|p1a: Zamazenta
|-boost|p1a: Zamazenta|spa|2
|
|-damage|p2a: Ursaluna|60/100 brn|[from] brn
|-fieldend|move: Trick Room
|upkeep
|turn|8
|inactive|the tay has 120 seconds left.
|
|t:|1769414554
|switch|p2a: Hoopa|Hoopa-Unbound|100/100
|-enditem|p2a: Hoopa|Psychic Seed
|-boost|p2a: Hoopa|spd|1|[from] item: Psychic Seed
|move|p1a: Zamazenta|Psychic|p2a: Hoopa
|-immune|p2a: Hoopa
|
|-fieldend|move: Psychic Terrain
|upkeep
|turn|9
|
|t:|1769414564
|move|p1a: Zamazenta|Dark Pulse|p2a: Hoopa
|-damage|p2a: Hoopa|63/100
|cant|p2a: Hoopa|flinch
|
|upkeep
|turn|10
|
|t:|1769414576
|move|p1a: Zamazenta|Dark Pulse|p2a: Hoopa
|-damage|p2a: Hoopa|26/100
|move|p2a: Hoopa|Hyperspace Fury|p1a: Zamazenta
|-supereffective|p1a: Zamazenta
|-enditem|p1a: Zamazenta|Focus Sash
|-damage|p1a: Zamazenta|1/100
|-unboost|p2a: Hoopa|def|1
|replace|p1a: Zoroark|Zoroark, F
|-end|p1a: Zoroark|Illusion
|
|upkeep
|turn|11
|inactive|Anony1Moose11 has 120 seconds left.
|
|t:|1769414603
|switch|p2a: Hatterene|Hatterene, F|100/100
|move|p1a: Zoroark|Dark Pulse|p2a: Hatterene
|-damage|p2a: Hatterene|17/100
|
|upkeep
|turn|12
|inactive|Anony1Moose11 has 120 seconds left.
|
|t:|1769414613
|move|p1a: Zoroark|Dark Pulse|p2a: Hatterene
|-damage|p2a: Hatterene|0 fnt
|faint|p2a: Hatterene
|
|upkeep
|inactive|Anony1Moose11 has 120 seconds left.
|
|t:|1769414631
|switch|p2a: Indeedee|Indeedee, M|100/100
|-fieldstart|move: Psychic Terrain|[from] ability: Psychic Surge|[of] p2a: Indeedee
|turn|13
|
|t:|1769414639
|-terastallize|p2a: Indeedee|Fairy
|move|p1a: Zoroark|Dark Pulse|p2a: Indeedee
|-resisted|p2a: Indeedee
|-damage|p2a: Indeedee|61/100
|move|p2a: Indeedee|Expanding Force|p1a: Zoroark
|-damage|p1a: Zoroark|0 fnt
|faint|p1a: Zoroark
|
|upkeep
|
|t:|1769414664
|switch|p1a: Ogerpon|Ogerpon-Wellspring, F|100/100
|turn|14
|inactive|Anony1Moose11 has 120 seconds left.
|
|t:|1769414677
|switch|p2a: Mimikyu|Mimikyu-Busted, F|88/100
|move|p1a: Ogerpon|Ivy Cudgel|p2a: Mimikyu|[anim] Ivy Cudgel Water
|-damage|p2a: Mimikyu|10/100
|
|upkeep
|turn|15
|
|t:|1769414686
|move|p1a: Ogerpon|Trailblaze|p2a: Mimikyu
|-damage|p2a: Mimikyu|0 fnt
|-boost|p1a: Ogerpon|spe|1
|faint|p2a: Mimikyu
|
|upkeep
|
|t:|1769414694
|switch|p2a: Indeedee|Indeedee, M, tera:Fairy|61/100
|turn|16
|
|t:|1769414706
|move|p1a: Ogerpon|Ivy Cudgel|p2a: Indeedee|[anim] Ivy Cudgel Water
|-damage|p2a: Indeedee|0 fnt
|faint|p2a: Indeedee
|
|upkeep
|-message|Anony1Moose11 forfeited.
|
|win|the tay
|raw|the tay's rating: 1387 &rarr; <strong>1403</strong><br />(+16 for winning)
|raw|Anony1Moose11's rating: 1311 &rarr; <strong>1295</strong><br />(-16 for losing)
|l|☆Anony1Moose11
|player|p2|
|l|☆the tay
|player|p1|
