|j|☆rabiafan'girl'
|j|☆el lieceeee
|t:|1769343588
|gametype|singles
|player|p1|rabiafan'girl'|medium|1317
|player|p2|el lieceeee|cyrus|1253
|gen|9
|tier|[Gen 9] OU
|rated|
|rule|HP Percentage Mod: HP is shown in percentages
|rule|Endless Battle Clause: Forcing endless battles is banned
|rule|Species Clause: Limit one of each Pokémon
|rule|OHKO Clause: OHKO moves are banned
|rule|Evasion Items Clause: Evasion items are banned
|rule|Evasion Moves Clause: Evasion moves are banned
|rule|Evasion Abilities Clause: Evasion abilities are banned
|rule|Sleep Moves Clause: Sleep-inducing moves are banned
|clearpoke
|poke|p1|Slowking-Galar, M|
|poke|p1|Decidueye-Hisui, F|
|poke|p1|Latios, M|
|poke|p1|Gholdengo|
|poke|p1|Blissey, F|
|poke|p1|Lokix, M|
|poke|p2|Cinderace, F|
|poke|p2|Kingambit, M|
|poke|p2|Hatterene, F|
|poke|p2|Raging Bolt|
|poke|p2|Landorus-Therian, M|
|poke|p2|Ogerpon-Wellspring, F|
|teampreview
|inactive|Battle timer is ON: inactive players will automatically lose when time's up. (requested by rabiafan'girl')
|
|t:|1769343600
|teamsize|p1|6
|teamsize|p2|6
|start
|switch|p1a: Gholdengo|Gholdengo|100/100
|switch|p2a: Hatterene|Hatterene, F|100/100
|turn|1
|
|t:|1769343619
|-terastallize|p2a: Hatterene|Steel
|move|p1a: Gholdengo|Trick|p2a: Hatterene
|-activate|p1a: Gholdengo|move: Trick|[of] p2a: Hatterene
|-item|p2a: Hatterene|Choice Scarf|[from] move: Trick
|-item|p1a: Gholdengo|Leftovers|[from] move: Trick
|move|p2a: Hatterene|Nuzzle|p1a: Gholdengo
|-damage|p1a: Gholdengo|96/100
|-status|p1a: Gholdengo|par
|
|-heal|p1a: Gholdengo|100/100 par|[from] item: Leftovers
|upkeep
|turn|2
|
|t:|1769343633
|switch|p2a: Raging Bolt|Raging Bolt|100/100
|-enditem|p2a: Raging Bolt|Booster Energy
|-activate|p2a: Raging Bolt|ability: Protosynthesis|[fromitem]
|-start|p2a: Raging Bolt|protosynthesisspa
|move|p1a: Gholdengo|Make It Rain|p2a: Raging Bolt
|-resisted|p2a: Raging Bolt
|-damage|p2a: Raging Bolt|71/100
|-unboost|p1a: Gholdengo|spa|1
|
|upkeep
|turn|3
|
|t:|1769343639
|switch|p1a: Decidueye|Decidueye-Hisui, F|100/100
|move|p2a: Raging Bolt|Calm Mind|p2a: Raging Bolt
|-boost|p2a: Raging Bolt|spa|1
|-boost|p2a: Raging Bolt|spd|1
|
|upkeep
|turn|4
|
|t:|1769343644
|move|p2a: Raging Bolt|Dragon Pulse|p1a: Decidueye
|-damage|p1a: Decidueye|45/100
|move|p1a: Decidueye|Triple Arrows|p2a: Raging Bolt
|-damage|p2a: Raging Bolt|37/100
|
|upkeep
|turn|5
|
|t:|1769343650
|move|p2a: Raging Bolt|Dragon Pulse|p1a: Decidueye
|-damage|p1a: Decidueye|0 fnt
|faint|p1a: Decidueye
|
|upkeep
|
|t:|1769343653
|switch|p1a: Lokix|Lokix, M|100/100
|turn|6
|
|t:|1769343657
|move|p1a: Lokix|First Impression|p2a: Raging Bolt
|-damage|p2a: Raging Bolt|0 fnt
|faint|p2a: Raging Bolt
|-end|p2a: Raging Bolt|Protosynthesis|[silent]
|
|upkeep
|
|t:|1769343660
|switch|p2a: Landorus|Landorus-Therian, M|100/100
|-ability|p2a: Landorus|Intimidate|boost
|-unboost|p1a: Lokix|atk|1
|turn|7
|
|t:|1769343669
|switch|p1a: Latios|Latios, M|100/100
|move|p2a: Landorus|U-turn|p1a: Latios
|-supereffective|p1a: Latios
|-damage|p1a: Latios|24/100
|
|t:|1769343678
|switch|p2a: Hatterene|Hatterene, F, tera:Steel|100/100|[from] U-turn
|
|upkeep
|turn|8
|
|t:|1769343685
|switch|p1a: Gholdengo|Gholdengo|100/100 par
|move|p2a: Hatterene|Draining Kiss|p1a: Gholdengo
|-resisted|p1a: Gholdengo
|-damage|p1a: Gholdengo|86/100 par
|
|-heal|p1a: Gholdengo|92/100 par|[from] item: Leftovers
|upkeep
|turn|9
|
|t:|1769343693
|switch|p2a: Kingambit|Kingambit, M|100/100
|-activate|p2a: Kingambit|ability: Supreme Overlord
|-start|p2a: Kingambit|fallen1|[silent]
|-item|p2a: Kingambit|Air Balloon
|cant|p1a: Gholdengo|par
|
|-heal|p1a: Gholdengo|98/100 par|[from] item: Leftovers
|upkeep
|turn|10
|
|t:|1769343703
|move|p2a: Kingambit|Swords Dance|p2a: Kingambit
|-boost|p2a: Kingambit|atk|2
|move|p1a: Gholdengo|Make It Rain|p2a: Kingambit
|-resisted|p2a: Kingambit
|-damage|p2a: Kingambit|65/100
|-unboost|p1a: Gholdengo|spa|1
|-enditem|p2a: Kingambit|Air Balloon
|
|-heal|p1a: Gholdengo|100/100 par|[from] item: Leftovers
|upkeep
|turn|11
|
|t:|1769343712
|switch|p1a: Lokix|Lokix, M|100/100
|move|p2a: Kingambit|Sucker Punch||[still]
|-fail|p2a: Kingambit
|
|upkeep
|turn|12
|
|t:|1769343715
|move|p1a: Lokix|First Impression|p2a: Kingambit
|-damage|p2a: Kingambit|19/100
|move|p2a: Kingambit|Iron Head|p1a: Lokix
|-damage|p1a: Lokix|0 fnt
|faint|p1a: Lokix
|
|upkeep
|-message|rabiafan'girl' forfeited.
|
|win|el lieceeee
|raw|rabiafan&apos;girl&apos;'s rating: 1317 &rarr; <strong>1293</strong><br />(-24 for losing)
|raw|el lieceeee's rating: 1253 &rarr; <strong>1283</strong><br />(+30 for winning)
|l|☆rabiafan'girl'
|player|p1|
|l|☆el lieceeee
|player|p2|
