|j|☆znquanuo
|j|☆Martin2792
|t:|1769380300
|gametype|singles
|player|p1|znquanuo|ingo|1269
|player|p2|Martin2792|anabel-gen7|1211
|gen|9
|tier|[Gen 9] OU
|rated|
|rule|HP Percentage Mod: HP is shown in percentages
|rule|Endless Battle Clause: Forcing endless battles is banned
|rule|Species Clause: Limit one of each Pokémon
|rule|OHKO Clause: OHKO moves are banned
|rule|Evasion Items Clause: Evasion items are banned
|rule|Evasion Moves Clause: Evasion moves are banned
|rule|Evasion Abilities Clause: Evasion abilities are banned
|rule|Sleep Moves Clause: Sleep-inducing moves are banned
|clearpoke
|poke|p1|Garganacl, F|
|poke|p1|Ninetales-Alola, F|
|poke|p1|Frosmoth, F|
|poke|p1|Zamazenta-*|
|poke|p1|Corviknight, F|
|poke|p1|Sandy Shocks|
|poke|p2|Hydrapple, M|
|poke|p2|Corviknight, M|
|poke|p2|Ogerpon-Wellspring, F|
|poke|p2|Weavile, F|
|poke|p2|Great Tusk|
|poke|p2|Mismagius, F|
|teampreview
|
|t:|1769380313
|teamsize|p1|6
|teamsize|p2|6
|start
|switch|p1a: Ninetales|Ninetales-Alola, F|100/100
|switch|p2a: Izutsumi|Weavile, F|100/100
|-weather|Snowscape|[from] ability: Snow Warning|[of] p1a: Ninetales
|turn|1
|
|t:|1769380329
|move|p2a: Izutsumi|Swords Dance|p2a: Izutsumi
|-boost|p2a: Izutsumi|atk|2
|move|p1a: Ninetales|Aurora Veil|p1a: Ninetales
|-sidestart|p1: znquanuo|move: Aurora Veil
|
|-weather|Snowscape|[upkeep]
|upkeep
|turn|2
|
|t:|1769380335
|move|p2a: Izutsumi|Knock Off|p1a: Ninetales
|-resisted|p1a: Ninetales
|-damage|p1a: Ninetales|81/100
|-enditem|p1a: Ninetales|Light Clay|[from] move: Knock Off|[of] p2a: Izutsumi
|move|p1a: Ninetales|Moonblast|p2a: Izutsumi
|-supereffective|p2a: Izutsumi
|-crit|p2a: Izutsumi
|-enditem|p2a: Izutsumi|Focus Sash
|-damage|p2a: Izutsumi|1/100
|
|-weather|Snowscape|[upkeep]
|upkeep
|turn|3
|
|t:|1769380342
|move|p2a: Izutsumi|Reversal|p1a: Ninetales
|-damage|p1a: Ninetales|27/100
|move|p1a: Ninetales|Moonblast|p2a: Izutsumi
|-supereffective|p2a: Izutsumi
|-damage|p2a: Izutsumi|0 fnt
|faint|p2a: Izutsumi
|
|-weather|Snowscape|[upkeep]
|upkeep
|
|t:|1769380348
|switch|p2a: Raven Beak|Corviknight, M, shiny|100/100
|turn|4
|
|t:|1769380362
|switch|p1a: Garganacl|Garganacl, F|100/100
|move|p2a: Raven Beak|Agility|p2a: Raven Beak
|-boost|p2a: Raven Beak|spe|2
|
|-weather|Snowscape|[upkeep]
|upkeep
|turn|5
|
|t:|1769380369
|-terastallize|p2a: Raven Beak|Dark
|move|p2a: Raven Beak|Bulk Up|p2a: Raven Beak
|-boost|p2a: Raven Beak|atk|1
|-boost|p2a: Raven Beak|def|1
|move|p1a: Garganacl|Salt Cure|p2a: Raven Beak
|-damage|p2a: Raven Beak|92/100
|-start|p2a: Raven Beak|Salt Cure
|
|-weather|none
|-damage|p2a: Raven Beak|80/100|[from] Salt Cure
|upkeep
|turn|6
|
|t:|1769380376
|move|p2a: Raven Beak|Bulk Up|p2a: Raven Beak
|-boost|p2a: Raven Beak|atk|1
|-boost|p2a: Raven Beak|def|1
|move|p1a: Garganacl|Curse|p1a: Garganacl
|-unboost|p1a: Garganacl|spe|1
|-boost|p1a: Garganacl|atk|1
|-boost|p1a: Garganacl|def|1
|
|-damage|p2a: Raven Beak|68/100|[from] Salt Cure
|upkeep
|turn|7
|
|t:|1769380383
|move|p2a: Raven Beak|Agility|p2a: Raven Beak
|-boost|p2a: Raven Beak|spe|2
|move|p1a: Garganacl|Curse|p1a: Garganacl
|-unboost|p1a: Garganacl|spe|1
|-boost|p1a: Garganacl|atk|1
|-boost|p1a: Garganacl|def|1
|
|-damage|p2a: Raven Beak|55/100|[from] Salt Cure
|upkeep
|turn|8
|
|t:|1769380401
|move|p2a: Raven Beak|Bulk Up|p2a: Raven Beak
|-boost|p2a: Raven Beak|atk|1
|-boost|p2a: Raven Beak|def|1
|move|p1a: Garganacl|Earthquake|p2a: Raven Beak
|-damage|p2a: Raven Beak|38/100
|
|-damage|p2a: Raven Beak|26/100|[from] Salt Cure
|-sideend|p1: znquanuo|move: Aurora Veil
|upkeep
|turn|9
|
|t:|1769380408
|move|p2a: Raven Beak|Power Trip|p1a: Garganacl
|-crit|p1a: Garganacl
|-damage|p1a: Garganacl|0 fnt
|faint|p1a: Garganacl
|
|-damage|p2a: Raven Beak|13/100|[from] Salt Cure
|upkeep
|
|t:|1769380418
|switch|p1a: Zamazenta|Zamazenta|100/100
|-ability|p1a: Zamazenta|Dauntless Shield|boost
|-boost|p1a: Zamazenta|def|1
|turn|10
|
|t:|1769380428
|move|p2a: Raven Beak|Power Trip|p1a: Zamazenta
|-resisted|p1a: Zamazenta
|-damage|p1a: Zamazenta|56/100
|move|p1a: Zamazenta|Body Press|p2a: Raven Beak
|-supereffective|p2a: Raven Beak
|-damage|p2a: Raven Beak|0 fnt
|faint|p2a: Raven Beak
|
|-heal|p1a: Zamazenta|62/100|[from] item: Leftovers
|upkeep
|
|t:|1769380439
|switch|p2a: Mismagius|Mismagius, F|100/100
|turn|11
|
|t:|1769380455
|switch|p1a: Sandy Shocks|Sandy Shocks|100/100
|move|p2a: Mismagius|Dazzling Gleam|p1a: Sandy Shocks
|-damage|p1a: Sandy Shocks|54/100
|
|upkeep
|turn|12
|
|t:|1769380464
|switch|p2a: Great Tusk|Great Tusk|100/100
|move|p1a: Sandy Shocks|Volt Switch|p2a: Great Tusk
|-immune|p2a: Great Tusk
|
|upkeep
|turn|13
|
|t:|1769380471
|-terastallize|p1a: Sandy Shocks|Ice
|move|p1a: Sandy Shocks|Tera Blast|p2a: Great Tusk|[anim] Tera Blast Ice
|-supereffective|p2a: Great Tusk
|-damage|p2a: Great Tusk|0 fnt
|faint|p2a: Great Tusk
|-end|p2a: Great Tusk|Protosynthesis|[silent]
|
|upkeep
|
|t:|1769380477
|switch|p2a: Mismagius|Mismagius, F|100/100
|turn|14
|
|t:|1769380487
|move|p1a: Sandy Shocks|Volt Switch|p2a: Mismagius
|-damage|p2a: Mismagius|55/100
|
|t:|1769380494
|-end|p1a: Sandy Shocks|Protosynthesis|[silent]
|switch|p1a: Ninetales|Ninetales-Alola, F|27/100|[from] Volt Switch
|-weather|Snowscape|[from] ability: Snow Warning|[of] p1a: Ninetales
|move|p2a: Mismagius|Shadow Ball|p1a: Ninetales
|-damage|p1a: Ninetales|0 fnt
|faint|p1a: Ninetales
|
|-weather|Snowscape|[upkeep]
|upkeep
|
|t:|1769380497
|switch|p1a: Frosmoth|Frosmoth, F|100/100
|turn|15
|
|t:|1769380509
|switch|p2a: Ogerpon|Ogerpon-Wellspring, F|100/100
|move|p1a: Frosmoth|Quiver Dance|p1a: Frosmoth
|-boost|p1a: Frosmoth|spa|1
|-boost|p1a: Frosmoth|spd|1
|-boost|p1a: Frosmoth|spe|1
|
|-weather|Snowscape|[upkeep]
|upkeep
|turn|16
|
|t:|1769380517
|move|p2a: Ogerpon|Focus Energy|p2a: Ogerpon
|-start|p2a: Ogerpon|move: Focus Energy
|move|p1a: Frosmoth|Quiver Dance|p1a: Frosmoth
|-boost|p1a: Frosmoth|spa|1
|-boost|p1a: Frosmoth|spd|1
|-boost|p1a: Frosmoth|spe|1
|
|-weather|Snowscape|[upkeep]
|upkeep
|turn|17
|
|t:|1769380523
|move|p2a: Ogerpon|Ivy Cudgel|p1a: Frosmoth|[anim] Ivy Cudgel Water
|-crit|p1a: Frosmoth
|-damage|p1a: Frosmoth|5/100
|move|p1a: Frosmoth|Giga Drain|p2a: Ogerpon
|-damage|p2a: Ogerpon|55/100
|-heal|p1a: Frosmoth|25/100|[from] drain|[of] p2a: Ogerpon
|
|-weather|Snowscape|[upkeep]
|upkeep
|turn|18
|
|t:|1769380550
|move|p2a: Ogerpon|Ivy Cudgel|p1a: Frosmoth|[anim] Ivy Cudgel Water
|-crit|p1a: Frosmoth
|-damage|p1a: Frosmoth|0 fnt
|faint|p1a: Frosmoth
|
|-weather|none
|upkeep
|
|t:|1769380555
|switch|p1a: Corviknight|Corviknight, F|100/100
|-ability|p1a: Corviknight|Pressure
|turn|19
|
|t:|1769380561
|move|p2a: Ogerpon|Ivy Cudgel|p1a: Corviknight|[anim] Ivy Cudgel Water
|-crit|p1a: Corviknight
|-damage|p1a: Corviknight|43/100
|move|p1a: Corviknight|Brave Bird|p2a: Ogerpon
|-supereffective|p2a: Ogerpon
|-damage|p2a: Ogerpon|0 fnt
|faint|p2a: Ogerpon
|-damage|p1a: Corviknight|30/100|[from] Recoil
|
|upkeep
|
|t:|1769380571
|switch|p2a: Mismagius|Mismagius, F|55/100
|turn|20
|
|t:|1769380586
|move|p2a: Mismagius|Shadow Ball|p1a: Corviknight
|-crit|p1a: Corviknight
|-damage|p1a: Corviknight|0 fnt
|faint|p1a: Corviknight
|
|upkeep
|
|t:|1769380594
|switch|p1a: Zamazenta|Zamazenta|62/100
|turn|21
|
|t:|1769380598
|move|p1a: Zamazenta|Crunch|p2a: Mismagius
|-supereffective|p2a: Mismagius
|-damage|p2a: Mismagius|0 fnt
|faint|p2a: Mismagius
|
|-heal|p1a: Zamazenta|69/100|[from] item: Leftovers
|upkeep
|
|t:|1769380601
|switch|p2a: Hydrapple|Hydrapple, M|100/100
|turn|22
|
|t:|1769380607
|move|p1a: Zamazenta|Body Press|p2a: Hydrapple
|-damage|p2a: Hydrapple|81/100
|move|p2a: Hydrapple|Fickle Beam|p1a: Zamazenta
|-damage|p1a: Zamazenta|45/100
|
|-heal|p1a: Zamazenta|51/100|[from] item: Leftovers
|upkeep
|turn|23
|
|t:|1769380614
|move|p1a: Zamazenta|Body Press|p2a: Hydrapple
|-damage|p2a: Hydrapple|61/100
|move|p2a: Hydrapple|Nasty Plot|p2a: Hydrapple
|-boost|p2a: Hydrapple|spa|2
|
|-heal|p1a: Zamazenta|57/100|[from] item: Leftovers
|upkeep
|turn|24
|
|t:|1769380619
|move|p1a: Zamazenta|Body Press|p2a: Hydrapple
|-damage|p2a: Hydrapple|44/100
|move|p2a: Hydrapple|Giga Drain|p1a: Zamazenta
|-damage|p1a: Zamazenta|9/100
|-heal|p2a: Hydrapple|67/100|[from] drain|[of] p1a: Zamazenta
|
|-heal|p1a: Zamazenta|15/100|[from] item: Leftovers
|upkeep
|turn|25
|
|t:|1769380626
|move|p1a: Zamazenta|Body Press|p2a: Hydrapple
|-damage|p2a: Hydrapple|47/100
|move|p2a: Hydrapple|Giga Drain|p1a: Zamazenta
|-damage|p1a: Zamazenta|0 fnt
|-heal|p2a: Hydrapple|54/100|[from] drain|[of] p1a: Zamazenta
|faint|p1a: Zamazenta
|
|upkeep
|
|t:|1769380633
|switch|p1a: Sandy Shocks|Sandy Shocks, tera:Ice|54/100
|turn|26
|
|t:|1769380636
|move|p1a: Sandy Shocks|Tera Blast|p2a: Hydrapple|[anim] Tera Blast Ice
|-supereffective|p2a: Hydrapple
|-damage|p2a: Hydrapple|0 fnt
|faint|p2a: Hydrapple
|
|win|znquanuo
|raw|znquanuo's rating: 1269 &rarr; <strong>1290</strong><br />(+21 for winning)
|raw|Martin2792's rating: 1211 &rarr; <strong>1190</strong><br />(-21 for losing)
|l|☆Martin2792
|player|p2|
|l|☆znquanuo
|player|p1|
