|j|☆Igoodnamename
|j|‽RickliePicklie
|t:|1769397173
|gametype|singles
|player|p1|Igoodnamename|266|1546
|player|p2|RickliePicklie|169|1477
|gen|9
|tier|[Gen 9] OU
|rated|
|rule|HP Percentage Mod: HP is shown in percentages
|rule|Endless Battle Clause: Forcing endless battles is banned
|rule|Species Clause: Limit one of each Pokémon
|rule|OHKO Clause: OHKO moves are banned
|rule|Evasion Items Clause: Evasion items are banned
|rule|Evasion Moves Clause: Evasion moves are banned
|rule|Evasion Abilities Clause: Evasion abilities are banned
|rule|Sleep Moves Clause: Sleep-inducing moves are banned
|clearpoke
|poke|p1|Umbreon, M|
|poke|p1|Primarina, M|
|poke|p1|Great Tusk|
|poke|p1|Gholdengo|
|poke|p1|Meowscarada, M|
|poke|p1|Garganacl, F|
|poke|p2|Pecharunt|
|poke|p2|Ogerpon-Wellspring, F|
|poke|p2|Moltres|
|poke|p2|Raging Bolt|
|poke|p2|Samurott-Hisui, M|
|poke|p2|Gholdengo|
|teampreview
|
|t:|1769397193
|teamsize|p1|6
|teamsize|p2|6
|start
|switch|p1a: Garganacl|Garganacl, F|100/100
|switch|p2a: Moltres|Moltres|100/100
|turn|1
|
|t:|1769397197
|-terastallize|p1a: Garganacl|Dragon
|move|p2a: Moltres|U-turn|p1a: Garganacl
|-damage|p1a: Garganacl|91/100
|
|t:|1769397203
|switch|p2a: Pecharunt|Pecharunt|100/100|[from] U-turn
|move|p1a: Garganacl|Salt Cure|p2a: Pecharunt
|-damage|p2a: Pecharunt|92/100
|-start|p2a: Pecharunt|Salt Cure
|
|-heal|p1a: Garganacl|98/100|[from] item: Leftovers
|-damage|p2a: Pecharunt|79/100|[from] Salt Cure
|upkeep
|turn|2
|
|t:|1769397208
|move|p2a: Pecharunt|Nasty Plot|p2a: Pecharunt
|-boost|p2a: Pecharunt|spa|2
|move|p1a: Garganacl|Stealth Rock|p2a: Pecharunt
|-sidestart|p2: RickliePicklie|move: Stealth Rock
|
|-heal|p1a: Garganacl|100/100|[from] item: Leftovers
|-damage|p2a: Pecharunt|67/100|[from] Salt Cure
|upkeep
|turn|3
|
|t:|1769397220
|switch|p1a: Gholdengo|Gholdengo|100/100
|move|p2a: Pecharunt|Malignant Chain|p1a: Gholdengo
|-immune|p1a: Gholdengo
|
|-damage|p2a: Pecharunt|54/100|[from] Salt Cure
|upkeep
|turn|4
|
|t:|1769397226
|move|p1a: Gholdengo|Make It Rain|p2a: Pecharunt
|-damage|p2a: Pecharunt|0 fnt
|-unboost|p1a: Gholdengo|spa|1
|faint|p2a: Pecharunt
|
|upkeep
|
|t:|1769397232
|switch|p2a: Samurott|Samurott-Hisui, M|100/100
|-damage|p2a: Samurott|88/100|[from] Stealth Rock
|turn|5
|
|t:|1769397236
|switch|p1a: Meowscarada|Meowscarada, M|100/100
|move|p2a: Samurott|Ceaseless Edge|p1a: Meowscarada
|-resisted|p1a: Meowscarada
|-damage|p1a: Meowscarada|67/100
|-sidestart|p1: Igoodnamename|Spikes
|
|upkeep
|turn|6
|
|t:|1769397240
|switch|p2a: Moltres|Moltres|100/100
|move|p1a: Meowscarada|Knock Off|p2a: Moltres
|-start|p1a: Meowscarada|typechange|Dark|[from] ability: Protean
|-damage|p2a: Moltres|33/100
|-enditem|p2a: Moltres|Heavy-Duty Boots|[from] move: Knock Off|[of] p1a: Meowscarada
|
|upkeep
|turn|7
|
|t:|1769397248
|switch|p1a: Garganacl|Garganacl, F, tera:Dragon|100/100
|-damage|p1a: Garganacl|88/100|[from] Spikes
|move|p2a: Moltres|Roost|p2a: Moltres
|-heal|p2a: Moltres|84/100
|-singleturn|p2a: Moltres|move: Roost
|
|-heal|p1a: Garganacl|94/100|[from] item: Leftovers
|upkeep
|turn|8
|
|t:|1769397263
|move|p2a: Moltres|U-turn|p1a: Garganacl
|-damage|p1a: Garganacl|85/100
|
|t:|1769397267
|switch|p2a: Samurott|Samurott-Hisui, M|88/100|[from] U-turn
|-damage|p2a: Samurott|76/100|[from] Stealth Rock
|move|p1a: Garganacl|Salt Cure|p2a: Samurott
|-damage|p2a: Samurott|59/100
|-start|p2a: Samurott|Salt Cure
|
|-heal|p1a: Garganacl|91/100|[from] item: Leftovers
|-damage|p2a: Samurott|34/100|[from] Salt Cure
|upkeep
|turn|9
|
|t:|1769397278
|move|p1a: Garganacl|Protect|p1a: Garganacl
|-singleturn|p1a: Garganacl|Protect
|move|p2a: Samurott|Ceaseless Edge|p1a: Garganacl
|-activate|p1a: Garganacl|move: Protect
|
|-heal|p1a: Garganacl|98/100|[from] item: Leftovers
|-damage|p2a: Samurott|9/100|[from] Salt Cure
|upkeep
|turn|10
|
|t:|1769397285
|move|p2a: Samurott|Ceaseless Edge|p1a: Garganacl
|-damage|p1a: Garganacl|66/100
|-sidestart|p1: Igoodnamename|Spikes
|move|p1a: Garganacl|Recover|p1a: Garganacl
|-heal|p1a: Garganacl|100/100
|
|-damage|p2a: Samurott|0 fnt|[from] Salt Cure
|faint|p2a: Samurott
|upkeep
|
|t:|1769397288
|switch|p2a: Raging Bolt|Raging Bolt|100/100
|-damage|p2a: Raging Bolt|88/100|[from] Stealth Rock
|-enditem|p2a: Raging Bolt|Booster Energy
|-activate|p2a: Raging Bolt|ability: Protosynthesis|[fromitem]
|-start|p2a: Raging Bolt|protosynthesisspa
|turn|11
|
|t:|1769397295
|switch|p1a: Gholdengo|Gholdengo|100/100
|-damage|p1a: Gholdengo|84/100|[from] Spikes
|move|p2a: Raging Bolt|Thunderbolt|p1a: Gholdengo
|-damage|p1a: Gholdengo|8/100
|
|upkeep
|turn|12
|
|t:|1769397298
|move|p2a: Raging Bolt|Thunderclap||[still]
|-fail|p2a: Raging Bolt
|move|p1a: Gholdengo|Trick|p2a: Raging Bolt
|-activate|p1a: Gholdengo|move: Trick|[of] p2a: Raging Bolt
|-item|p2a: Raging Bolt|Choice Scarf|[from] move: Trick
|-enditem|p1a: Gholdengo|Choice Scarf|[silent]|[from] move: Trick
|
|upkeep
|turn|13
|
|t:|1769397311
|move|p2a: Raging Bolt|Draco Meteor|p1a: Gholdengo
|-resisted|p1a: Gholdengo
|-crit|p1a: Gholdengo
|-damage|p1a: Gholdengo|0 fnt
|-unboost|p2a: Raging Bolt|spa|2
|faint|p1a: Gholdengo
|
|upkeep
|
|t:|1769397315
|switch|p1a: Primarina|Primarina, M|100/100
|-damage|p1a: Primarina|84/100|[from] Spikes
|turn|14
|
|t:|1769397319
|-end|p2a: Raging Bolt|Protosynthesis|[silent]
|switch|p2a: Gholdengo|Gholdengo|100/100
|-damage|p2a: Gholdengo|94/100|[from] Stealth Rock
|-item|p2a: Gholdengo|Air Balloon
|move|p1a: Primarina|Moonblast|p2a: Gholdengo
|-resisted|p2a: Gholdengo
|-damage|p2a: Gholdengo|67/100
|-enditem|p2a: Gholdengo|Air Balloon
|
|upkeep
|turn|15
|
|t:|1769397327
|move|p2a: Gholdengo|Make It Rain|p1a: Primarina
|-damage|p1a: Primarina|52/100
|-unboost|p2a: Gholdengo|spa|1
|move|p1a: Primarina|Moonblast|p2a: Gholdengo
|-resisted|p2a: Gholdengo
|-damage|p2a: Gholdengo|39/100
|-unboost|p2a: Gholdengo|spa|1
|
|upkeep
|turn|16
|
|t:|1769397330
|move|p2a: Gholdengo|Recover|p2a: Gholdengo
|-heal|p2a: Gholdengo|89/100
|move|p1a: Primarina|Surf|p2a: Gholdengo
|-damage|p2a: Gholdengo|37/100
|
|upkeep
|turn|17
|
|t:|1769397334
|move|p2a: Gholdengo|Recover|p2a: Gholdengo
|-heal|p2a: Gholdengo|87/100
|move|p1a: Primarina|Surf|p2a: Gholdengo
|-damage|p2a: Gholdengo|42/100
|
|upkeep
|turn|18
|j| HIAFH
|
|t:|1769397337
|switch|p2a: Ogerpon|Ogerpon-Wellspring, F|100/100
|-damage|p2a: Ogerpon|88/100|[from] Stealth Rock
|move|p1a: Primarina|Moonblast|p2a: Ogerpon
|-damage|p2a: Ogerpon|25/100
|-unboost|p2a: Ogerpon|spa|1
|
|upkeep
|turn|19
|
|t:|1769397341
|switch|p1a: Meowscarada|Meowscarada, M|67/100
|-damage|p1a: Meowscarada|50/100|[from] Spikes
|move|p2a: Ogerpon|Power Whip|p1a: Meowscarada
|-resisted|p1a: Meowscarada
|-damage|p1a: Meowscarada|0 fnt
|faint|p1a: Meowscarada
|
|upkeep
|
|t:|1769397348
|switch|p1a: Garganacl|Garganacl, F, tera:Dragon|100/100
|-damage|p1a: Garganacl|84/100|[from] Spikes
|turn|20
|
|t:|1769397357
|switch|p2a: Gholdengo|Gholdengo|42/100
|-damage|p2a: Gholdengo|36/100|[from] Stealth Rock
|move|p1a: Garganacl|Salt Cure|p2a: Gholdengo
|-resisted|p2a: Gholdengo
|-damage|p2a: Gholdengo|31/100
|-start|p2a: Gholdengo|Salt Cure
|
|-heal|p1a: Garganacl|90/100|[from] item: Leftovers
|-damage|p2a: Gholdengo|6/100|[from] Salt Cure
|upkeep
|turn|21
|
|t:|1769397363
|switch|p1a: Umbreon|Umbreon, M|100/100
|-damage|p1a: Umbreon|84/100|[from] Spikes
|move|p2a: Gholdengo|Recover|p2a: Gholdengo
|-heal|p2a: Gholdengo|56/100
|
|-heal|p1a: Umbreon|90/100|[from] item: Leftovers
|-damage|p2a: Gholdengo|31/100|[from] Salt Cure
|upkeep
|turn|22
|
|t:|1769397368
|switch|p2a: Moltres|Moltres|84/100
|-damage|p2a: Moltres|34/100|[from] Stealth Rock
|move|p1a: Umbreon|Foul Play|p2a: Moltres
|-damage|p2a: Moltres|6/100
|
|-heal|p1a: Umbreon|96/100|[from] item: Leftovers
|upkeep
|turn|23
|
|t:|1769397371
|move|p2a: Moltres|Roost|p2a: Moltres
|-heal|p2a: Moltres|56/100
|-singleturn|p2a: Moltres|move: Roost
|move|p1a: Umbreon|Toxic|p2a: Moltres
|-status|p2a: Moltres|tox
|
|-heal|p1a: Umbreon|100/100|[from] item: Leftovers
|-damage|p2a: Moltres|50/100 tox|[from] psn
|upkeep
|turn|24
|
|t:|1769397374
|switch|p1a: Garganacl|Garganacl, F, tera:Dragon|90/100
|-damage|p1a: Garganacl|74/100|[from] Spikes
|move|p2a: Moltres|Roost|p2a: Moltres
|-heal|p2a: Moltres|100/100 tox
|-singleturn|p2a: Moltres|move: Roost
|
|-heal|p1a: Garganacl|80/100|[from] item: Leftovers
|-damage|p2a: Moltres|88/100 tox|[from] psn
|upkeep
|turn|25
|
|t:|1769397380
|move|p2a: Moltres|U-turn|p1a: Garganacl
|-damage|p1a: Garganacl|71/100
|
|t:|1769397384
|switch|p2a: Gholdengo|Gholdengo|31/100|[from] U-turn
|-damage|p2a: Gholdengo|25/100|[from] Stealth Rock
|move|p1a: Garganacl|Salt Cure|p2a: Gholdengo
|-resisted|p2a: Gholdengo
|-damage|p2a: Gholdengo|20/100
|-start|p2a: Gholdengo|Salt Cure
|
|-heal|p1a: Garganacl|77/100|[from] item: Leftovers
|-damage|p2a: Gholdengo|0 fnt|[from] Salt Cure
|faint|p2a: Gholdengo
|upkeep
|
|t:|1769397386
|switch|p2a: Raging Bolt|Raging Bolt|88/100
|-damage|p2a: Raging Bolt|76/100|[from] Stealth Rock
|turn|26
|
|t:|1769397390
|move|p1a: Garganacl|Protect|p1a: Garganacl
|-singleturn|p1a: Garganacl|Protect
|move|p2a: Raging Bolt|Thunderbolt|p1a: Garganacl
|-activate|p1a: Garganacl|move: Protect
|
|-heal|p1a: Garganacl|83/100|[from] item: Leftovers
|upkeep
|turn|27
|-message|RickliePicklie forfeited.
|
|win|Igoodnamename
|raw|Igoodnamename's rating: 1546 &rarr; <strong>1562</strong><br />(+16 for winning)
|raw|RickliePicklie's rating: 1477 &rarr; <strong>1461</strong><br />(-16 for losing)
|l|‽RickliePicklie
|player|p2|
|c|☆Igoodnamename|ggs
