|j|‽pospo
|j|☆Bobforce1
|t:|1769342243
|gametype|singles
|player|p1|pospo|blaine|1416
|player|p2|Bobforce1|169|1393
|gen|9
|tier|[Gen 9] OU
|rated|
|rule|HP Percentage Mod: HP is shown in percentages
|rule|Endless Battle Clause: Forcing endless battles is banned
|rule|Species Clause: Limit one of each Pokémon
|rule|OHKO Clause: OHKO moves are banned
|rule|Evasion Items Clause: Evasion items are banned
|rule|Evasion Moves Clause: Evasion moves are banned
|rule|Evasion Abilities Clause: Evasion abilities are banned
|rule|Sleep Moves Clause: Sleep-inducing moves are banned
|clearpoke
|poke|p1|Hoopa-Unbound|
|poke|p1|Slowking-Galar, F|
|poke|p1|Alomomola, F|
|poke|p1|Zamazenta-*|
|poke|p1|Great Tusk|
|poke|p1|Kingambit, F|
|poke|p2|Porygon2|
|poke|p2|Rillaboom, M|
|poke|p2|Bronzong|
|poke|p2|Ursaluna, F|
|poke|p2|Iron Hands|
|poke|p2|Volcanion|
|teampreview
|
|t:|1769342257
|teamsize|p1|6
|teamsize|p2|6
|start
|switch|p1a: Slowking|Slowking-Galar, F|100/100
|switch|p2a: Rillaboom|Rillaboom, M|100/100
|-fieldstart|move: Grassy Terrain|[from] ability: Grassy Surge|[of] p2a: Rillaboom
|turn|1
|
|t:|1769342295
|switch|p1a: Kingambit|Kingambit, F|100/100
|move|p2a: Rillaboom|Knock Off|p1a: Kingambit
|-resisted|p1a: Kingambit
|-damage|p1a: Kingambit|88/100
|-enditem|p1a: Kingambit|Leftovers|[from] move: Knock Off|[of] p2a: Rillaboom
|
|-heal|p1a: Kingambit|94/100|[from] Grassy Terrain
|upkeep
|turn|2
|
|t:|1769342304
|move|p2a: Rillaboom|Low Kick|p1a: Kingambit
|-supereffective|p1a: Kingambit
|-damage|p1a: Kingambit|0 fnt
|faint|p1a: Kingambit
|-end|p1a: Kingambit|fallenundefined|[silent]
|
|upkeep
|
|t:|1769342319
|switch|p1a: Hoopa|Hoopa-Unbound|100/100
|turn|3
|
|t:|1769342325
|move|p1a: Hoopa|Hyperspace Fury|p2a: Rillaboom
|-damage|p2a: Rillaboom|2/100
|-unboost|p1a: Hoopa|def|1
|move|p2a: Rillaboom|U-turn|p1a: Hoopa
|-supereffective|p1a: Hoopa
|-damage|p1a: Hoopa|0 fnt
|faint|p1a: Hoopa
|
|t:|1769342347
|switch|p2a: Bronzong|Bronzong|100/100|[from] U-turn
|-enditem|p2a: Bronzong|Grassy Seed
|-boost|p2a: Bronzong|def|1|[from] item: Grassy Seed
|
|upkeep
|
|t:|1769342364
|switch|p1a: Alomomola|Alomomola, F|100/100
|turn|4
|
|t:|1769342370
|move|p1a: Alomomola|Tickle|p2a: Bronzong
|-unboost|p2a: Bronzong|atk|1
|-unboost|p2a: Bronzong|def|1
|move|p2a: Bronzong|Trick Room|p2a: Bronzong
|-fieldstart|move: Trick Room|[of] p2a: Bronzong
|
|upkeep
|turn|5
|
|t:|1769342376
|move|p2a: Bronzong|Psychic Noise|p1a: Alomomola
|-damage|p1a: Alomomola|80/100
|-start|p1a: Alomomola|move: Heal Block
|move|p1a: Alomomola|Tickle|p2a: Bronzong
|-unboost|p2a: Bronzong|atk|1
|-unboost|p2a: Bronzong|def|1
|
|upkeep
|turn|6
|
|t:|1769342391
|move|p2a: Bronzong|Psychic Noise|p1a: Alomomola
|-damage|p1a: Alomomola|62/100
|move|p1a: Alomomola|Tickle|p2a: Bronzong
|-unboost|p2a: Bronzong|atk|1
|-unboost|p2a: Bronzong|def|1
|
|-end|p1a: Alomomola|move: Heal Block
|upkeep
|turn|7
|
|t:|1769342404
|move|p2a: Bronzong|Psychic Noise|p1a: Alomomola
|-damage|p1a: Alomomola|43/100
|-start|p1a: Alomomola|move: Heal Block
|move|p1a: Alomomola|Tickle|p2a: Bronzong
|-unboost|p2a: Bronzong|atk|1
|-unboost|p2a: Bronzong|def|1
|
|upkeep
|turn|8
|
|t:|1769342413
|move|p2a: Bronzong|Recycle|p2a: Bronzong
|-item|p2a: Bronzong|Grassy Seed|[from] move: Recycle
|-enditem|p2a: Bronzong|Grassy Seed
|-boost|p2a: Bronzong|def|1|[from] item: Grassy Seed
|move|p1a: Alomomola|Flip Turn|p2a: Bronzong
|-damage|p2a: Bronzong|69/100
|
|t:|1769342427
|switch|p1a: Zamazenta|Zamazenta|100/100|[from] Flip Turn
|-ability|p1a: Zamazenta|Dauntless Shield|boost
|-boost|p1a: Zamazenta|def|1
|
|-heal|p2a: Bronzong|76/100|[from] Grassy Terrain
|-fieldend|move: Trick Room
|-fieldend|move: Grassy Terrain
|upkeep
|turn|9
|
|t:|1769342448
|switch|p2a: Rillaboom|Rillaboom, M|2/100
|-fieldstart|move: Grassy Terrain|[from] ability: Grassy Surge|[of] p2a: Rillaboom
|-terastallize|p1a: Zamazenta|Steel
|move|p1a: Zamazenta|Iron Defense|p1a: Zamazenta
|-boost|p1a: Zamazenta|def|2
|
|-heal|p2a: Rillaboom|8/100|[from] Grassy Terrain
|upkeep
|turn|10
|
|t:|1769342458
|move|p1a: Zamazenta|Body Press|p2a: Rillaboom
|-damage|p2a: Rillaboom|0 fnt
|faint|p2a: Rillaboom
|
|upkeep
|
|t:|1769342463
|switch|p2a: Bronzong|Bronzong|76/100
|turn|11
|
|t:|1769342472
|move|p1a: Zamazenta|Crunch|p2a: Bronzong
|-supereffective|p2a: Bronzong
|-damage|p2a: Bronzong|37/100
|move|p2a: Bronzong|Trick Room|p2a: Bronzong
|-fieldstart|move: Trick Room|[of] p2a: Bronzong
|
|-heal|p2a: Bronzong|43/100|[from] Grassy Terrain
|upkeep
|turn|12
|
|t:|1769342482
|move|p2a: Bronzong|Psychic Noise|p1a: Zamazenta
|-resisted|p1a: Zamazenta
|-damage|p1a: Zamazenta|91/100
|-start|p1a: Zamazenta|move: Heal Block
|move|p1a: Zamazenta|Body Press|p2a: Bronzong
|-damage|p2a: Bronzong|0 fnt
|faint|p2a: Bronzong
|
|upkeep
|
|t:|1769342504
|switch|p2a: Volcanion|Volcanion|100/100
|turn|13
|
|t:|1769342516
|switch|p1a: Slowking|Slowking-Galar, F|100/100
|move|p2a: Volcanion|Flamethrower|p1a: Slowking
|-damage|p1a: Slowking|59/100
|
|-heal|p1a: Slowking|65/100|[from] Grassy Terrain
|upkeep
|turn|14
|
|t:|1769342528
|switch|p2a: Ursaluna|Ursaluna, F|100/100
|move|p1a: Slowking|Future Sight|p2a: Ursaluna
|-start|p1a: Slowking|move: Future Sight
|
|-heal|p1a: Slowking|71/100|[from] Grassy Terrain
|-status|p2a: Ursaluna|brn|[from] item: Flame Orb
|upkeep
|turn|15
|
|t:|1769342536
|switch|p1a: Great Tusk|Great Tusk|100/100
|move|p2a: Ursaluna|Headlong Rush|p1a: Great Tusk
|-damage|p1a: Great Tusk|19/100
|-unboost|p2a: Ursaluna|def|1
|-unboost|p2a: Ursaluna|spd|1
|
|-heal|p1a: Great Tusk|25/100|[from] Grassy Terrain
|-damage|p2a: Ursaluna|94/100 brn|[from] brn
|-fieldend|move: Trick Room
|upkeep
|turn|16
|
|t:|1769342575
|move|p1a: Great Tusk|Headlong Rush|p2a: Ursaluna
|-damage|p2a: Ursaluna|25/100 brn
|-unboost|p1a: Great Tusk|def|1
|-unboost|p1a: Great Tusk|spd|1
|move|p2a: Ursaluna|Facade|p1a: Great Tusk
|-damage|p1a: Great Tusk|0 fnt
|faint|p1a: Great Tusk
|-end|p1a: Great Tusk|Protosynthesis|[silent]
|
|-end|p2a: Ursaluna|move: Future Sight
|-damage|p2a: Ursaluna|0 fnt
|faint|p2a: Ursaluna
|-fieldend|move: Grassy Terrain
|upkeep
|
|t:|1769342587
|switch|p1a: Slowking|Slowking-Galar, F|100/100
|switch|p2a: Porygon2|Porygon2|100/100
|-ability|p2a: Porygon2|Download|boost
|-boost|p2a: Porygon2|atk|1
|turn|17
|
|t:|1769342594
|move|p1a: Slowking|Future Sight|p2a: Porygon2
|-start|p1a: Slowking|move: Future Sight
|move|p2a: Porygon2|Trick Room|p2a: Porygon2
|-fieldstart|move: Trick Room|[of] p2a: Porygon2
|
|upkeep
|turn|18
|
|t:|1769342607
|-terastallize|p2a: Porygon2|Ground
|move|p1a: Slowking|Sludge Bomb|p2a: Porygon2
|-resisted|p2a: Porygon2
|-damage|p2a: Porygon2|90/100
|-status|p2a: Porygon2|psn
|move|p2a: Porygon2|Tera Blast|p1a: Slowking|[anim] Tera Blast Ground
|-supereffective|p1a: Slowking
|-damage|p1a: Slowking|51/100
|
|-damage|p2a: Porygon2|77/100 psn|[from] psn
|upkeep
|turn|19
|
|t:|1769342629
|switch|p1a: Alomomola|Alomomola, F|76/100
|move|p2a: Porygon2|Tera Blast|p1a: Alomomola|[anim] Tera Blast Ground
|-damage|p1a: Alomomola|44/100
|
|-end|p2a: Porygon2|move: Future Sight
|-damage|p2a: Porygon2|49/100 psn
|-damage|p2a: Porygon2|37/100 psn|[from] psn
|upkeep
|turn|20
|
|t:|1769342639
|switch|p2a: Volcanion|Volcanion|100/100
|move|p1a: Alomomola|Protect||[still]
|-fail|p1a: Alomomola
|
|upkeep
|turn|21
|
|t:|1769342649
|move|p1a: Alomomola|Wish|p1a: Alomomola
|move|p2a: Volcanion|Steam Eruption|p1a: Alomomola
|-resisted|p1a: Alomomola
|-damage|p1a: Alomomola|0 fnt
|faint|p1a: Alomomola
|
|-fieldend|move: Trick Room
|upkeep
|
|t:|1769342656
|switch|p1a: Slowking|Slowking-Galar, F|84/100
|turn|22
|
|t:|1769342669
|move|p2a: Volcanion|Steam Eruption|p1a: Slowking
|-damage|p1a: Slowking|24/100
|-status|p1a: Slowking|brn
|move|p1a: Slowking|Future Sight|p2a: Volcanion
|-start|p1a: Slowking|move: Future Sight
|
|-heal|p1a: Slowking|84/100 brn|[from] move: Wish|[wisher] Alomomola
|-damage|p1a: Slowking|78/100 brn|[from] brn
|upkeep
|turn|23
|
|t:|1769342683
|switch|p2a: Porygon2|Porygon2, tera:Ground|37/100 psn
|-ability|p2a: Porygon2|Download|boost
|-boost|p2a: Porygon2|atk|1
|move|p1a: Slowking|Sludge Bomb|p2a: Porygon2
|-resisted|p2a: Porygon2
|-damage|p2a: Porygon2|26/100 psn
|
|-damage|p2a: Porygon2|14/100 psn|[from] psn
|-damage|p1a: Slowking|72/100 brn|[from] brn
|upkeep
|turn|24
|
|t:|1769342692
|move|p1a: Slowking|Sludge Bomb|p2a: Porygon2
|-resisted|p2a: Porygon2
|-damage|p2a: Porygon2|4/100 psn
|move|p2a: Porygon2|Trick Room|p2a: Porygon2
|-fieldstart|move: Trick Room|[of] p2a: Porygon2
|
|-end|p2a: Porygon2|move: Future Sight
|-damage|p2a: Porygon2|0 fnt
|faint|p2a: Porygon2
|-damage|p1a: Slowking|66/100 brn|[from] brn
|upkeep
|
|t:|1769342716
|switch|p2a: Volcanion|Volcanion|100/100
|turn|25
|
|t:|1769342724
|move|p1a: Slowking|Future Sight|p2a: Volcanion
|-start|p1a: Slowking|move: Future Sight
|move|p2a: Volcanion|Earth Power|p1a: Slowking
|-supereffective|p1a: Slowking
|-damage|p1a: Slowking|3/100 brn
|
|-damage|p1a: Slowking|0 fnt|[from] brn
|faint|p1a: Slowking
|upkeep
|
|t:|1769342734
|switch|p1a: Zamazenta|Zamazenta, tera:Steel|91/100
|turn|26
|
|t:|1769342742
|move|p2a: Volcanion|Earth Power|p1a: Zamazenta
|-supereffective|p1a: Zamazenta
|-damage|p1a: Zamazenta|8/100
|move|p1a: Zamazenta|Body Press|p2a: Volcanion
|-damage|p2a: Volcanion|69/100
|
|-heal|p1a: Zamazenta|14/100|[from] item: Leftovers
|upkeep
|turn|27
|
|t:|1769342749
|move|p2a: Volcanion|Earth Power|p1a: Zamazenta
|-supereffective|p1a: Zamazenta
|-damage|p1a: Zamazenta|0 fnt
|faint|p1a: Zamazenta
|
|win|Bobforce1
|raw|pospo's rating: 1416 &rarr; <strong>1395</strong><br />(-21 for losing)
|raw|Bobforce1's rating: 1393 &rarr; <strong>1414</strong><br />(+21 for winning)
|c|☆Bobforce1|gg
|l|‽pospo
|player|p1|
|l|☆Bobforce1
|player|p2|
