|j|☆elassie
|j|☆alexxledain
|t:|1769428791
|gametype|singles
|player|p1|elassie|emmet|1276
|player|p2|alexxledain|backpacker|1267
|gen|9
|tier|[Gen 9] OU
|rated|
|rule|HP Percentage Mod: HP is shown in percentages
|rule|Endless Battle Clause: Forcing endless battles is banned
|rule|Species Clause: Limit one of each Pokémon
|rule|OHKO Clause: OHKO moves are banned
|rule|Evasion Items Clause: Evasion items are banned
|rule|Evasion Moves Clause: Evasion moves are banned
|rule|Evasion Abilities Clause: Evasion abilities are banned
|rule|Sleep Moves Clause: Sleep-inducing moves are banned
|clearpoke
|poke|p1|Hatterene, F|
|poke|p1|Corviknight, M|
|poke|p1|Slowking-Galar, F|
|poke|p1|Garganacl, F|
|poke|p1|Kyurem|
|poke|p1|Gliscor, M|
|poke|p2|Gallade, M|
|poke|p2|Slowking-Galar, M|
|poke|p2|Raging Bolt|
|poke|p2|Meowscarada, F|
|poke|p2|Gliscor, F|
|poke|p2|Cinderace, M|
|teampreview
|inactive|Battle timer is ON: inactive players will automatically lose when time's up. (requested by elassie)
|
|t:|1769428810
|teamsize|p1|6
|teamsize|p2|6
|start
|switch|p1a: Garganacl|Garganacl, F, shiny|100/100
|switch|p2a: Meowscarada|Meowscarada, F|100/100
|turn|1
|
|t:|1769428822
|-terastallize|p1a: Garganacl|Grass
|move|p2a: Meowscarada|U-turn|p1a: Garganacl
|-start|p2a: Meowscarada|typechange|Bug|[from] ability: Protean
|-supereffective|p1a: Garganacl
|-damage|p1a: Garganacl|53/100
|
|t:|1769428836
|switch|p2a: Gallade|Gallade, M, shiny|100/100|[from] U-turn
|move|p1a: Garganacl|Iron Defense|p1a: Garganacl
|-boost|p1a: Garganacl|def|2
|
|-heal|p1a: Garganacl|59/100|[from] item: Leftovers
|upkeep
|turn|2
|
|t:|1769428849
|move|p2a: Gallade|Sacred Sword|p1a: Garganacl
|-damage|p1a: Garganacl|0 fnt
|faint|p1a: Garganacl
|
|upkeep
|
|t:|1769428865
|switch|p1a: Hatterene|Hatterene, F|100/100
|turn|3
|
|t:|1769428869
|switch|p2a: Slowking|Slowking-Galar, M|100/100
|move|p1a: Hatterene|Draining Kiss|p2a: Slowking
|-resisted|p2a: Slowking
|-damage|p2a: Slowking|94/100
|
|-heal|p2a: Slowking|100/100|[from] item: Leftovers
|upkeep
|turn|4
|
|t:|1769428886
|switch|p1a: Gliscor|Gliscor, M|100/100
|-prepare|p2a: Slowking|Chilly Reception|[premajor]
|move|p2a: Slowking|Chilly Reception|p2a: Slowking
|-weather|Snowscape
|
|t:|1769428892
|switch|p2a: Meowscarada|Meowscarada, F|100/100|[from] Chilly Reception
|
|-weather|Snowscape|[upkeep]
|-status|p1a: Gliscor|tox|[from] item: Toxic Orb
|upkeep
|turn|5
|inactive|elassie has 120 seconds left.
|
|t:|1769428930
|move|p1a: Gliscor|Protect|p1a: Gliscor
|-singleturn|p1a: Gliscor|Protect
|move|p2a: Meowscarada|Triple Axel|p1a: Gliscor
|-start|p2a: Meowscarada|typechange|Ice|[from] ability: Protean
|-activate|p1a: Gliscor|move: Protect
|
|-weather|Snowscape|[upkeep]
|upkeep
|turn|6
|inactive|elassie has 120 seconds left.
|
|t:|1769428944
|switch|p2a: Slowking|Slowking-Galar, M|100/100
|switch|p1a: Corviknight|Corviknight, M|100/100
|-ability|p1a: Corviknight|Pressure
|
|-weather|Snowscape|[upkeep]
|upkeep
|turn|7
|
|t:|1769428959
|switch|p1a: Slowking|Slowking-Galar, F|100/100
|-prepare|p2a: Slowking|Chilly Reception|[premajor]
|move|p2a: Slowking|Chilly Reception|p2a: Slowking
|
|t:|1769428968
|switch|p2a: Gallade|Gallade, M, shiny|100/100|[from] Chilly Reception
|
|-weather|Snowscape|[upkeep]
|upkeep
|turn|8
|
|t:|1769428978
|move|p2a: Gallade|Night Slash|p1a: Slowking
|-supereffective|p1a: Slowking
|-damage|p1a: Slowking|0 fnt
|faint|p1a: Slowking
|
|-weather|none
|upkeep
|
|t:|1769428987
|switch|p1a: Gliscor|Gliscor, M|100/100 tox
|turn|9
|-message|elassie forfeited.
|
|win|alexxledain
|raw|elassie's rating: 1276 &rarr; <strong>1250</strong><br />(-26 for losing)
|raw|alexxledain's rating: 1267 &rarr; <strong>1293</strong><br />(+26 for winning)
|l|☆elassie
|player|p1|
|l|☆alexxledain
|player|p2|
