|j|☆newbeg
|j|☆jsxlllll
|t:|1769437508
|gametype|singles
|player|p1|newbeg|169|1695
|player|p2|jsxlllll|cynthia-gen4|1630
|gen|9
|tier|[Gen 9] OU
|rated|
|rule|HP Percentage Mod: HP is shown in percentages
|rule|Endless Battle Clause: Forcing endless battles is banned
|rule|Species Clause: Limit one of each Pokémon
|rule|OHKO Clause: OHKO moves are banned
|rule|Evasion Items Clause: Evasion items are banned
|rule|Evasion Moves Clause: Evasion moves are banned
|rule|Evasion Abilities Clause: Evasion abilities are banned
|rule|Sleep Moves Clause: Sleep-inducing moves are banned
|clearpoke
|poke|p1|Kyurem|
|poke|p1|Iron Moth|
|poke|p1|Kingambit, M|
|poke|p1|Landorus-Therian, M|
|poke|p1|Hatterene, F|
|poke|p1|Zamazenta-*|
|poke|p2|Sandy Shocks|
|poke|p2|Scizor, F|
|poke|p2|Manaphy|
|poke|p2|Latios, M|
|poke|p2|Ogerpon, F|
|poke|p2|Iron Jugulis|
|teampreview
|inactive|Battle timer is ON: inactive players will automatically lose when time's up. (requested by newbeg)
|
|t:|1769437522
|teamsize|p1|6
|teamsize|p2|6
|start
|switch|p1a: Hatterene|Hatterene, F|100/100
|switch|p2a: Sandy Shocks|Sandy Shocks|100/100
|-enditem|p2a: Sandy Shocks|Booster Energy
|-activate|p2a: Sandy Shocks|ability: Protosynthesis|[fromitem]
|-start|p2a: Sandy Shocks|protosynthesisspe
|turn|1
|
|t:|1769437525
|move|p2a: Sandy Shocks|Discharge|p1a: Hatterene
|-damage|p1a: Hatterene|61/100
|move|p1a: Hatterene|Psychic Noise|p2a: Sandy Shocks
|-damage|p2a: Sandy Shocks|60/100
|-start|p2a: Sandy Shocks|move: Heal Block
|
|upkeep
|turn|2
|
|t:|1769437530
|switch|p1a: Landorus|Landorus-Therian, M|100/100
|-ability|p1a: Landorus|Intimidate|boost
|-unboost|p2a: Sandy Shocks|atk|1
|move|p2a: Sandy Shocks|Discharge|p1a: Landorus
|-immune|p1a: Landorus
|
|-end|p2a: Sandy Shocks|move: Heal Block
|upkeep
|turn|3
|
|t:|1769437534
|move|p2a: Sandy Shocks|Stealth Rock|p1a: Landorus
|-sidestart|p1: newbeg|move: Stealth Rock
|move|p1a: Landorus|Stealth Rock|p2a: Sandy Shocks
|-sidestart|p2: jsxlllll|move: Stealth Rock
|
|upkeep
|turn|4
|
|t:|1769437540
|move|p2a: Sandy Shocks|Spikes|p1a: Landorus
|-sidestart|p1: newbeg|Spikes
|move|p1a: Landorus|Earthquake|p2a: Sandy Shocks
|-supereffective|p2a: Sandy Shocks
|-damage|p2a: Sandy Shocks|0 fnt
|faint|p2a: Sandy Shocks
|-end|p2a: Sandy Shocks|Protosynthesis|[silent]
|
|upkeep
|
|t:|1769437545
|switch|p2a: Latios|Latios, M|100/100
|-damage|p2a: Latios|88/100|[from] Stealth Rock
|turn|5
|
|t:|1769437550
|switch|p1a: Kingambit|Kingambit, M|100/100
|-damage|p1a: Kingambit|94/100|[from] Stealth Rock
|-damage|p1a: Kingambit|82/100|[from] Spikes
|move|p2a: Latios|Agility|p2a: Latios
|-boost|p2a: Latios|spe|2
|
|-heal|p1a: Kingambit|88/100|[from] item: Leftovers
|upkeep
|turn|6
|
|t:|1769437556
|-terastallize|p2a: Latios|Fighting
|move|p2a: Latios|Calm Mind|p2a: Latios
|-boost|p2a: Latios|spa|1
|-boost|p2a: Latios|spd|1
|move|p1a: Kingambit|Swords Dance|p1a: Kingambit
|-boost|p1a: Kingambit|atk|2
|
|-heal|p1a: Kingambit|94/100|[from] item: Leftovers
|upkeep
|turn|7
|
|t:|1769437562
|-terastallize|p1a: Kingambit|Ghost
|move|p2a: Latios|Aura Sphere|p1a: Kingambit
|-immune|p1a: Kingambit
|move|p1a: Kingambit|Iron Head|p2a: Latios
|-damage|p2a: Latios|3/100
|
|-heal|p1a: Kingambit|100/100|[from] item: Leftovers
|upkeep
|turn|8
|
|t:|1769437567
|move|p1a: Kingambit|Sucker Punch|p2a: Latios
|-resisted|p2a: Latios
|-damage|p2a: Latios|0 fnt
|faint|p2a: Latios
|
|upkeep
|
|t:|1769437572
|switch|p2a: Scizor|Scizor, F|100/100
|-damage|p2a: Scizor|88/100|[from] Stealth Rock
|turn|9
|
|t:|1769437577
|move|p1a: Kingambit|Sucker Punch|p2a: Scizor
|-damage|p2a: Scizor|4/100
|-enditem|p2a: Scizor|Sitrus Berry|[eat]
|-heal|p2a: Scizor|29/100|[from] item: Sitrus Berry
|move|p2a: Scizor|Knock Off|p1a: Kingambit
|-supereffective|p1a: Kingambit
|-damage|p1a: Kingambit|43/100
|-enditem|p1a: Kingambit|Leftovers|[from] move: Knock Off|[of] p2a: Scizor
|
|upkeep
|turn|10
|
|t:|1769437581
|move|p2a: Scizor|Bullet Punch|p1a: Kingambit
|-damage|p1a: Kingambit|19/100
|move|p1a: Kingambit|Low Kick|p2a: Scizor
|-damage|p2a: Scizor|0 fnt
|faint|p2a: Scizor
|
|upkeep
|
|t:|1769437587
|switch|p2a: Iron Jugulis|Iron Jugulis|100/100
|-damage|p2a: Iron Jugulis|76/100|[from] Stealth Rock
|-enditem|p2a: Iron Jugulis|Booster Energy
|-activate|p2a: Iron Jugulis|ability: Quark Drive|[fromitem]
|-start|p2a: Iron Jugulis|quarkdrivespe
|turn|11
|
|t:|1769437589
|move|p1a: Kingambit|Sucker Punch|p2a: Iron Jugulis
|-resisted|p2a: Iron Jugulis
|-damage|p2a: Iron Jugulis|30/100
|move|p2a: Iron Jugulis|Dark Pulse|p1a: Kingambit
|-supereffective|p1a: Kingambit
|-damage|p1a: Kingambit|0 fnt
|faint|p1a: Kingambit
|-end|p1a: Kingambit|fallenundefined|[silent]
|
|upkeep
|
|t:|1769437594
|switch|p1a: Iron Moth|Iron Moth|100/100
|-damage|p1a: Iron Moth|76/100|[from] Stealth Rock
|-damage|p1a: Iron Moth|63/100|[from] Spikes
|-enditem|p1a: Iron Moth|Booster Energy
|-activate|p1a: Iron Moth|ability: Quark Drive|[fromitem]
|-start|p1a: Iron Moth|quarkdrivespe
|turn|12
|
|t:|1769437600
|move|p1a: Iron Moth|Fiery Dance|p2a: Iron Jugulis
|-damage|p2a: Iron Jugulis|0 fnt
|faint|p2a: Iron Jugulis
|-end|p2a: Iron Jugulis|Quark Drive|[silent]
|
|upkeep
|
|t:|1769437602
|switch|p2a: Manaphy|Manaphy|100/100
|-damage|p2a: Manaphy|88/100|[from] Stealth Rock
|turn|13
|
|t:|1769437605
|move|p1a: Iron Moth|Sludge Wave|p2a: Manaphy
|-damage|p2a: Manaphy|37/100
|-enditem|p2a: Manaphy|Sitrus Berry|[eat]
|-heal|p2a: Manaphy|62/100|[from] item: Sitrus Berry
|move|p2a: Manaphy|Tail Glow|p2a: Manaphy
|-boost|p2a: Manaphy|spa|3
|
|upkeep
|turn|14
|
|t:|1769437609
|move|p1a: Iron Moth|Sludge Wave|p2a: Manaphy
|-damage|p2a: Manaphy|12/100
|move|p2a: Manaphy|Surf|p1a: Iron Moth
|-supereffective|p1a: Iron Moth
|-damage|p1a: Iron Moth|0 fnt
|faint|p1a: Iron Moth
|-end|p1a: Iron Moth|Quark Drive|[silent]
|
|upkeep
|
|t:|1769437611
|switch|p1a: Zamazenta|Zamazenta|100/100
|-damage|p1a: Zamazenta|95/100|[from] Stealth Rock
|-damage|p1a: Zamazenta|82/100|[from] Spikes
|-ability|p1a: Zamazenta|Dauntless Shield|boost
|-boost|p1a: Zamazenta|def|1
|turn|15
|
|t:|1769437623
|move|p1a: Zamazenta|Body Press|p2a: Manaphy
|-damage|p2a: Manaphy|0 fnt
|faint|p2a: Manaphy
|
|-heal|p1a: Zamazenta|88/100|[from] item: Leftovers
|upkeep
|
|t:|1769437625
|switch|p2a: Ogerpon|Ogerpon, F|100/100
|-damage|p2a: Ogerpon|88/100|[from] Stealth Rock
|turn|16
|
|t:|1769437629
|move|p1a: Zamazenta|Iron Defense|p1a: Zamazenta
|-boost|p1a: Zamazenta|def|2
|-enditem|p2a: Ogerpon|Mirror Herb
|-boost|p2a: Ogerpon|def|2|[from] item: Mirror Herb
|move|p2a: Ogerpon|Ivy Cudgel|p1a: Zamazenta
|-damage|p1a: Zamazenta|73/100
|
|-heal|p1a: Zamazenta|79/100|[from] item: Leftovers
|upkeep
|turn|17
|
|t:|1769437635
|move|p1a: Zamazenta|Body Press|p2a: Ogerpon
|-damage|p2a: Ogerpon|33/100
|move|p2a: Ogerpon|Encore|p1a: Zamazenta
|-start|p1a: Zamazenta|Encore
|
|-heal|p1a: Zamazenta|85/100|[from] item: Leftovers
|upkeep
|turn|18
|
|t:|1769437640
|move|p1a: Zamazenta|Body Press|p2a: Ogerpon
|-damage|p2a: Ogerpon|0 fnt
|faint|p2a: Ogerpon
|
|win|newbeg
|raw|newbeg's rating: 1695 &rarr; <strong>1711</strong><br />(+16 for winning)
|raw|jsxlllll's rating: 1630 &rarr; <strong>1614</strong><br />(-16 for losing)
|l|☆jsxlllll
|player|p2|
|l|☆newbeg
|player|p1|
