|j|☆Laughrjx
|j|☆soulreadss
|t:|1769323967
|gametype|singles
|player|p1|Laughrjx|170|1279
|player|p2|soulreadss|101|1243
|gen|9
|tier|[Gen 9] OU
|rated|
|rule|HP Percentage Mod: HP is shown in percentages
|rule|Endless Battle Clause: Forcing endless battles is banned
|rule|Species Clause: Limit one of each Pokémon
|rule|OHKO Clause: OHKO moves are banned
|rule|Evasion Items Clause: Evasion items are banned
|rule|Evasion Moves Clause: Evasion moves are banned
|rule|Evasion Abilities Clause: Evasion abilities are banned
|rule|Sleep Moves Clause: Sleep-inducing moves are banned
|clearpoke
|poke|p1|Ceruledge, M|
|poke|p1|Great Tusk|
|poke|p1|Greninja-*, M|
|poke|p1|Iron Moth|
|poke|p1|Grimmsnarl, M|
|poke|p1|Rillaboom, M|
|poke|p2|Ceruledge, M|
|poke|p2|Kyurem|
|poke|p2|Primarina, F|
|poke|p2|Great Tusk|
|poke|p2|Zapdos|
|poke|p2|Deoxys-Speed|
|teampreview
|inactive|Battle timer is ON: inactive players will automatically lose when time's up. (requested by Laughrjx)
|
|t:|1769323984
|teamsize|p1|6
|teamsize|p2|6
|start
|switch|p1a: Green goblin|Grimmsnarl, M|100/100
|switch|p2a: Ceruledge|Ceruledge, M|100/100
|turn|1
|
|t:|1769323996
|move|p1a: Green goblin|Reflect|p1a: Green goblin
|-sidestart|p1: Laughrjx|Reflect
|move|p2a: Ceruledge|Swords Dance|p2a: Ceruledge
|-boost|p2a: Ceruledge|atk|2
|
|upkeep
|turn|2
|
|t:|1769324002
|move|p1a: Green goblin|Parting Shot|p2a: Ceruledge
|-unboost|p2a: Ceruledge|atk|1
|-unboost|p2a: Ceruledge|spa|1
|
|t:|1769324005
|switch|p1a: Naruto|Greninja, M|100/100|[from] Parting Shot
|move|p2a: Ceruledge|Poltergeist|p1a: Naruto
|-activate|p1a: Naruto|move: Poltergeist|Life Orb
|-resisted|p1a: Naruto
|-damage|p1a: Naruto|66/100
|
|upkeep
|turn|3
|inactive|soulreadss has 120 seconds left.
|
|t:|1769324043
|switch|p2a: Zapdos|Zapdos|100/100
|move|p1a: Naruto|Dark Pulse|p2a: Zapdos
|-damage|p2a: Zapdos|57/100
|-damage|p1a: Naruto|57/100|[from] item: Life Orb
|
|upkeep
|turn|4
|inactive|soulreadss has 120 seconds left.
|
|t:|1769324050
|move|p1a: Naruto|Ice Beam|p2a: Zapdos
|-supereffective|p2a: Zapdos
|-damage|p2a: Zapdos|0 fnt
|faint|p2a: Zapdos
|-ability|p1a: Naruto|Battle Bond|boost
|-boost|p1a: Naruto|atk|1
|-boost|p1a: Naruto|spa|1
|-boost|p1a: Naruto|spe|1
|-activate|p1a: Naruto|ability: Battle Bond
|-damage|p1a: Naruto|47/100|[from] item: Life Orb
|
|upkeep
|inactive|soulreadss has 120 seconds left.
|inactive|soulreadss has 90 seconds left.
|
|t:|1769324089
|switch|p2a: Kyurem|Kyurem|100/100
|-ability|p2a: Kyurem|Pressure
|turn|5
|
|t:|1769324096
|move|p1a: Naruto|Dark Pulse|p2a: Kyurem
|-damage|p2a: Kyurem|33/100
|-damage|p1a: Naruto|37/100|[from] item: Life Orb
|move|p2a: Kyurem|Freeze-Dry|p1a: Naruto
|-supereffective|p1a: Naruto
|-damage|p1a: Naruto|0 fnt
|faint|p1a: Naruto
|
|upkeep
|
|t:|1769324105
|switch|p1a: Ultimate big chill|Iron Moth|100/100
|turn|6
|
|t:|1769324124
|switch|p2a: Great Tusk|Great Tusk|100/100
|move|p1a: Ultimate big chill|Fiery Dance|p2a: Great Tusk
|-damage|p2a: Great Tusk|46/100
|-boost|p1a: Ultimate big chill|spa|1
|
|-heal|p2a: Great Tusk|53/100|[from] item: Leftovers
|upkeep
|turn|7
|inactive|soulreadss has 90 seconds left.
|
|t:|1769324148
|-terastallize|p2a: Great Tusk|Water
|move|p1a: Ultimate big chill|Fiery Dance|p2a: Great Tusk
|-resisted|p2a: Great Tusk
|-damage|p2a: Great Tusk|12/100
|-boost|p1a: Ultimate big chill|spa|1
|move|p2a: Great Tusk|Earthquake|p1a: Ultimate big chill
|-supereffective|p1a: Ultimate big chill
|-damage|p1a: Ultimate big chill|0 fnt
|faint|p1a: Ultimate big chill
|-end|p1a: Ultimate big chill|Quark Drive|[silent]
|
|-heal|p2a: Great Tusk|19/100|[from] item: Leftovers
|upkeep
|
|t:|1769324160
|switch|p1a: Starforce|Ceruledge, M|100/100
|turn|8
|inactive|soulreadss has 90 seconds left.
|
|t:|1769324199
|-terastallize|p1a: Starforce|Flying
|move|p1a: Starforce|Swords Dance|p1a: Starforce
|-boost|p1a: Starforce|atk|2
|move|p2a: Great Tusk|Knock Off|p1a: Starforce
|-damage|p1a: Starforce|79/100
|-ability|p1a: Starforce|Weak Armor|boost
|-unboost|p1a: Starforce|def|1
|-boost|p1a: Starforce|spe|2
|-enditem|p1a: Starforce|Focus Sash|[from] move: Knock Off|[of] p2a: Great Tusk
|
|-heal|p2a: Great Tusk|25/100|[from] item: Leftovers
|-sideend|p1: Laughrjx|Reflect
|upkeep
|turn|9
|
|t:|1769324209
|move|p1a: Starforce|Bitter Blade|p2a: Great Tusk
|-resisted|p2a: Great Tusk
|-damage|p2a: Great Tusk|4/100
|-heal|p1a: Starforce|95/100|[from] drain|[of] p2a: Great Tusk
|move|p2a: Great Tusk|Stealth Rock|p1a: Starforce
|-sidestart|p1: Laughrjx|move: Stealth Rock
|
|-heal|p2a: Great Tusk|10/100|[from] item: Leftovers
|upkeep
|turn|10
|
|t:|1769324223
|move|p1a: Starforce|Swords Dance|p1a: Starforce
|-boost|p1a: Starforce|atk|2
|move|p2a: Great Tusk|Knock Off|p1a: Starforce
|-damage|p1a: Starforce|54/100
|-ability|p1a: Starforce|Weak Armor|boost
|-unboost|p1a: Starforce|def|1
|-boost|p1a: Starforce|spe|2
|
|-heal|p2a: Great Tusk|17/100|[from] item: Leftovers
|upkeep
|turn|11
|
|t:|1769324234
|move|p1a: Starforce|Bitter Blade|p2a: Great Tusk
|-resisted|p2a: Great Tusk
|-damage|p2a: Great Tusk|0 fnt
|-heal|p1a: Starforce|66/100|[from] drain|[of] p2a: Great Tusk
|faint|p2a: Great Tusk
|-end|p2a: Great Tusk|Protosynthesis|[silent]
|
|upkeep
|inactive|soulreadss has 60 seconds left.
|
|t:|1769324258
|switch|p2a: Primarina|Primarina, F|100/100
|turn|12
|
|t:|1769324269
|move|p1a: Starforce|Bitter Blade|p2a: Primarina
|-resisted|p2a: Primarina
|-damage|p2a: Primarina|20/100
|-heal|p1a: Starforce|100/100|[from] drain|[of] p2a: Primarina
|move|p2a: Primarina|Moonblast|p1a: Starforce
|-damage|p1a: Starforce|33/100
|
|upkeep
|turn|13
|
|t:|1769324280
|switch|p2a: Ceruledge|Ceruledge, M|100/100
|move|p1a: Starforce|Bitter Blade|p2a: Ceruledge
|-resisted|p2a: Ceruledge
|-damage|p2a: Ceruledge|6/100
|-heal|p1a: Starforce|81/100|[from] drain|[of] p2a: Ceruledge
|-ability|p2a: Ceruledge|Weak Armor|boost
|-unboost|p2a: Ceruledge|def|1
|-boost|p2a: Ceruledge|spe|2
|
|upkeep
|turn|14
|
|t:|1769324290
|move|p1a: Starforce|Shadow Sneak|p2a: Ceruledge
|-supereffective|p2a: Ceruledge
|-damage|p2a: Ceruledge|0 fnt
|faint|p2a: Ceruledge
|
|upkeep
|
|t:|1769324295
|switch|p2a: Deoxys|Deoxys-Speed|100/100
|-ability|p2a: Deoxys|Pressure
|turn|15
|
|t:|1769324303
|move|p1a: Starforce|Bitter Blade|p2a: Deoxys
|-damage|p2a: Deoxys|0 fnt
|-heal|p1a: Starforce|100/100|[from] drain|[of] p2a: Deoxys
|faint|p2a: Deoxys
|
|upkeep
|
|t:|1769324307
|switch|p2a: Kyurem|Kyurem|33/100
|-ability|p2a: Kyurem|Pressure
|turn|16
|
|t:|1769324310
|move|p1a: Starforce|Bitter Blade|p2a: Kyurem
|-crit|p2a: Kyurem
|-damage|p2a: Kyurem|0 fnt
|faint|p2a: Kyurem
|
|upkeep
|inactive|soulreadss has 60 seconds left.
|l|☆Laughrjx
|inactive|Laughrjx disconnected and has a minute to reconnect!
|player|p1|
|j|☆Laughrjx
|inactive|Laughrjx reconnected.
|player|p1|Laughrjx|170|
|inactive|soulreadss has 30 seconds left.
|inactive|soulreadss has 20 seconds left.
|inactive|soulreadss has 15 seconds left.
|inactive|soulreadss has 10 seconds left.
|inactive|soulreadss has 5 seconds left.
|-message|soulreadss lost due to inactivity.
|
|win|Laughrjx
|raw|Laughrjx's rating: 1279 &rarr; <strong>1301</strong><br />(+22 for winning)
|raw|soulreadss's rating: 1243 &rarr; <strong>1221</strong><br />(-22 for losing)
