|j|‽swaqfeq
|j|☆SquilliamTG
|t:|1769406693
|gametype|singles
|player|p1|swaqfeq|266|1537
|player|p2|SquilliamTG|silver|1586
|gen|9
|tier|[Gen 9] OU
|rated|
|rule|HP Percentage Mod: HP is shown in percentages
|rule|Endless Battle Clause: Forcing endless battles is banned
|rule|Species Clause: Limit one of each Pokémon
|rule|OHKO Clause: OHKO moves are banned
|rule|Evasion Items Clause: Evasion items are banned
|rule|Evasion Moves Clause: Evasion moves are banned
|rule|Evasion Abilities Clause: Evasion abilities are banned
|rule|Sleep Moves Clause: Sleep-inducing moves are banned
|clearpoke
|poke|p1|Jolteon, M|
|poke|p1|Slowking-Galar, F|
|poke|p1|Great Tusk|
|poke|p1|Moltres|
|poke|p1|Kingambit, F|
|poke|p1|Hydrapple, F|
|poke|p2|Great Tusk|
|poke|p2|Magnezone|
|poke|p2|Slowking-Galar, M|
|poke|p2|Dragonite, F|
|poke|p2|Alomomola, F|
|poke|p2|Zamazenta-*|
|teampreview
|inactive|Battle timer is ON: inactive players will automatically lose when time's up. (requested by SquilliamTG)
|
|t:|1769406723
|teamsize|p1|6
|teamsize|p2|6
|start
|switch|p1a: Great Tusk|Great Tusk|100/100
|switch|p2a: Great Tusk|Great Tusk|100/100
|turn|1
|
|t:|1769406748
|move|p2a: Great Tusk|Stealth Rock|p1a: Great Tusk
|-sidestart|p1: swaqfeq|move: Stealth Rock
|move|p1a: Great Tusk|Stealth Rock|p2a: Great Tusk
|-sidestart|p2: SquilliamTG|move: Stealth Rock
|
|upkeep
|turn|2
|
|t:|1769406755
|move|p2a: Great Tusk|Rapid Spin|p1a: Great Tusk
|-damage|p1a: Great Tusk|92/100
|-boost|p2a: Great Tusk|spe|1
|-damage|p2a: Great Tusk|84/100|[from] item: Rocky Helmet|[of] p1a: Great Tusk
|-sideend|p2: SquilliamTG|Stealth Rock|[from] move: Rapid Spin|[of] p2a: Great Tusk
|move|p1a: Great Tusk|Rapid Spin|p2a: Great Tusk
|-damage|p2a: Great Tusk|74/100
|-boost|p1a: Great Tusk|spe|1
|-sideend|p1: swaqfeq|Stealth Rock|[from] move: Rapid Spin|[of] p1a: Great Tusk
|
|upkeep
|turn|3
|
|t:|1769406765
|-end|p2a: Great Tusk|Protosynthesis|[silent]
|switch|p2a: Alomomola|Alomomola, F|100/100
|move|p1a: Great Tusk|Stealth Rock|p2a: Alomomola
|-sidestart|p2: SquilliamTG|move: Stealth Rock
|
|upkeep
|turn|4
|
|t:|1769406771
|-end|p1a: Great Tusk|Protosynthesis|[silent]
|switch|p1a: Slowking|Slowking-Galar, F|100/100
|move|p2a: Alomomola|Flip Turn|p1a: Slowking
|-damage|p1a: Slowking|82/100
|
|t:|1769406778
|switch|p2a: Great Tusk|Great Tusk|74/100|[from] Flip Turn
|
|upkeep
|turn|5
|
|t:|1769406785
|switch|p1a: Great Tusk|Great Tusk|92/100
|move|p2a: Great Tusk|Stealth Rock|p1a: Great Tusk
|-sidestart|p1: swaqfeq|move: Stealth Rock
|
|upkeep
|turn|6
|
|t:|1769406789
|move|p2a: Great Tusk|Ice Spinner|p1a: Great Tusk
|-supereffective|p1a: Great Tusk
|-damage|p1a: Great Tusk|65/100
|-damage|p2a: Great Tusk|58/100|[from] item: Rocky Helmet|[of] p1a: Great Tusk
|move|p1a: Great Tusk|Rapid Spin|p2a: Great Tusk
|-damage|p2a: Great Tusk|46/100
|-boost|p1a: Great Tusk|spe|1
|-sideend|p1: swaqfeq|Stealth Rock|[from] move: Rapid Spin|[of] p1a: Great Tusk
|
|upkeep
|turn|7
|
|t:|1769406803
|-end|p2a: Great Tusk|Protosynthesis|[silent]
|switch|p2a: Alomomola|Alomomola, F|100/100
|move|p1a: Great Tusk|Stealth Rock||[still]
|-fail|p1a: Great Tusk
|
|upkeep
|turn|8
|
|t:|1769406810
|-end|p1a: Great Tusk|Protosynthesis|[silent]
|switch|p1a: Hydrapple|Hydrapple, F|100/100
|move|p2a: Alomomola|Flip Turn|p1a: Hydrapple
|-resisted|p1a: Hydrapple
|-damage|p1a: Hydrapple|98/100
|
|t:|1769406820
|switch|p2a: Slowking|Slowking-Galar, M|100/100|[from] Flip Turn
|
|upkeep
|turn|9
|
|t:|1769406827
|switch|p1a: Slowking|Slowking-Galar, F|100/100
|move|p2a: Slowking|Future Sight|p1a: Slowking
|-start|p2a: Slowking|move: Future Sight
|
|upkeep
|turn|10
|
|t:|1769406835
|switch|p2a: Great Tusk|Great Tusk|46/100
|move|p1a: Slowking|Psyshock|p2a: Great Tusk
|-supereffective|p2a: Great Tusk
|-damage|p2a: Great Tusk|0 fnt
|faint|p2a: Great Tusk
|-end|p2a: Great Tusk|Protosynthesis|[silent]
|
|upkeep
|
|t:|1769406846
|switch|p2a: Dragonite|Dragonite, F|100/100
|turn|11
|
|t:|1769406849
|move|p2a: Dragonite|Dragon Dance|p2a: Dragonite
|-boost|p2a: Dragonite|atk|1
|-boost|p2a: Dragonite|spe|1
|move|p1a: Slowking|Ice Beam|p2a: Dragonite
|-supereffective|p2a: Dragonite
|-damage|p2a: Dragonite|41/100
|
|-end|p1a: Slowking|move: Future Sight
|-damage|p1a: Slowking|80/100
|upkeep
|turn|12
|
|t:|1769406859
|switch|p1a: Great Tusk|Great Tusk|65/100
|move|p2a: Dragonite|Earthquake|p1a: Great Tusk
|-damage|p1a: Great Tusk|41/100
|
|upkeep
|turn|13
|
|t:|1769406866
|move|p2a: Dragonite|Earthquake|p1a: Great Tusk
|-damage|p1a: Great Tusk|16/100
|move|p1a: Great Tusk|Ice Spinner|p2a: Dragonite
|-supereffective|p2a: Dragonite
|-damage|p2a: Dragonite|0 fnt
|faint|p2a: Dragonite
|
|upkeep
|
|t:|1769406883
|switch|p2a: Magnezone|Magnezone|100/100
|-damage|p2a: Magnezone|94/100|[from] Stealth Rock
|turn|14
|
|t:|1769406888
|move|p2a: Magnezone|Flash Cannon|p1a: Great Tusk
|-damage|p1a: Great Tusk|0 fnt
|faint|p1a: Great Tusk
|-end|p1a: Great Tusk|Protosynthesis|[silent]
|
|upkeep
|
|t:|1769406897
|switch|p1a: Hydrapple|Hydrapple, F|100/100
|turn|15
|
|t:|1769406902
|-terastallize|p2a: Magnezone|Flying
|move|p2a: Magnezone|Flash Cannon|p1a: Hydrapple
|-damage|p1a: Hydrapple|39/100
|move|p1a: Hydrapple|Earth Power|p2a: Magnezone
|-immune|p2a: Magnezone
|
|upkeep
|turn|16
|
|t:|1769406911
|switch|p2a: Zamazenta|Zamazenta|100/100
|-damage|p2a: Zamazenta|94/100|[from] Stealth Rock
|-ability|p2a: Zamazenta|Dauntless Shield|boost
|-boost|p2a: Zamazenta|def|1
|switch|p1a: Moltres|Moltres|100/100
|
|upkeep
|turn|17
|
|t:|1769406920
|move|p2a: Zamazenta|Stone Edge|p1a: Moltres
|-supereffective|p1a: Moltres
|-damage|p1a: Moltres|0 fnt
|faint|p1a: Moltres
|
|upkeep
|
|t:|1769406926
|switch|p1a: Slowking|Slowking-Galar, F|100/100
|turn|18
|
|t:|1769406932
|switch|p2a: Slowking|Slowking-Galar, M|100/100
|move|p1a: Slowking|Psyshock|p2a: Slowking
|-damage|p2a: Slowking|64/100
|
|upkeep
|turn|19
|
|t:|1769406939
|move|p1a: Slowking|Psyshock|p2a: Slowking
|-damage|p2a: Slowking|26/100
|move|p2a: Slowking|Future Sight|p1a: Slowking
|-start|p2a: Slowking|move: Future Sight
|
|upkeep
|turn|20
|
|t:|1769406943
|switch|p2a: Alomomola|Alomomola, F|100/100
|move|p1a: Slowking|Flamethrower|p2a: Alomomola
|-resisted|p2a: Alomomola
|-damage|p2a: Alomomola|86/100
|
|upkeep
|turn|21
|
|t:|1769406950
|move|p2a: Alomomola|Flip Turn|p1a: Slowking
|-damage|p1a: Slowking|83/100
|
|t:|1769406953
|switch|p2a: Zamazenta|Zamazenta|94/100|[from] Flip Turn
|-damage|p2a: Zamazenta|88/100|[from] Stealth Rock
|move|p1a: Slowking|Sludge Bomb|p2a: Zamazenta
|-damage|p2a: Zamazenta|55/100
|-status|p2a: Zamazenta|psn
|
|-end|p1a: Slowking|move: Future Sight
|-damage|p1a: Slowking|61/100
|-damage|p2a: Zamazenta|42/100 psn|[from] psn
|upkeep
|turn|22
|
|t:|1769406964
|move|p2a: Zamazenta|Crunch|p1a: Slowking
|-supereffective|p1a: Slowking
|-damage|p1a: Slowking|0 fnt
|faint|p1a: Slowking
|
|-damage|p2a: Zamazenta|30/100 psn|[from] psn
|upkeep
|
|t:|1769406969
|switch|p1a: Hydrapple|Hydrapple, F|72/100
|turn|23
|
|t:|1769406978
|switch|p2a: Magnezone|Magnezone, tera:Flying|94/100
|-damage|p2a: Magnezone|70/100|[from] Stealth Rock
|move|p1a: Hydrapple|Earth Power|p2a: Magnezone
|-immune|p2a: Magnezone
|
|upkeep
|turn|24
|j| firecharmander004
|
|t:|1769406985
|move|p2a: Magnezone|Flash Cannon|p1a: Hydrapple
|-damage|p1a: Hydrapple|7/100
|move|p1a: Hydrapple|Fickle Beam|p2a: Magnezone|[anim] Fickle Beam All Out
|-activate|p1a: Hydrapple|move: Fickle Beam
|-damage|p2a: Magnezone|0 fnt
|faint|p2a: Magnezone
|
|upkeep
|
|t:|1769406996
|switch|p2a: Alomomola|Alomomola, F|100/100
|turn|25
|
|t:|1769407001
|switch|p1a: Jolteon|Jolteon, M|100/100
|move|p2a: Alomomola|Body Slam|p1a: Jolteon
|-damage|p1a: Jolteon|74/100
|
|upkeep
|turn|26
|
|t:|1769407009
|switch|p2a: Slowking|Slowking-Galar, M|59/100
|move|p1a: Jolteon|Thunderbolt|p2a: Slowking
|-damage|p2a: Slowking|37/100
|
|upkeep
|turn|27
|
|t:|1769407015
|move|p1a: Jolteon|Volt Switch|p2a: Slowking
|-damage|p2a: Slowking|19/100
|
|t:|1769407018
|switch|p1a: Kingambit|Kingambit, F|100/100|[from] Volt Switch
|-activate|p1a: Kingambit|ability: Supreme Overlord
|-start|p1a: Kingambit|fallen3|[silent]
|-prepare|p2a: Slowking|Chilly Reception|[premajor]
|move|p2a: Slowking|Chilly Reception|p2a: Slowking
|-weather|Snowscape
|
|t:|1769407026
|switch|p2a: Alomomola|Alomomola, F|100/100|[from] Chilly Reception
|
|-weather|Snowscape|[upkeep]
|upkeep
|turn|28
|
|t:|1769407030
|-end|p1a: Kingambit|fallen3|[silent]
|switch|p1a: Jolteon|Jolteon, M|74/100
|move|p2a: Alomomola|Wish|p2a: Alomomola
|
|-weather|Snowscape|[upkeep]
|upkeep
|turn|29
|
|t:|1769407040
|move|p1a: Jolteon|Volt Switch|p2a: Alomomola
|-supereffective|p2a: Alomomola
|-damage|p2a: Alomomola|23/100
|
|t:|1769407043
|switch|p1a: Hydrapple|Hydrapple, F|40/100|[from] Volt Switch
|move|p2a: Alomomola|Flip Turn|p1a: Hydrapple
|-resisted|p1a: Hydrapple
|-damage|p1a: Hydrapple|38/100
|
|t:|1769407049
|switch|p2a: Zamazenta|Zamazenta|30/100 psn|[from] Flip Turn
|-damage|p2a: Zamazenta|24/100 psn|[from] Stealth Rock
|
|-weather|Snowscape|[upkeep]
|-heal|p2a: Zamazenta|100/100 psn|[from] move: Wish|[wisher] Alomomola
|-damage|p2a: Zamazenta|88/100 psn|[from] psn
|upkeep
|turn|30
|
|t:|1769407059
|-terastallize|p1a: Hydrapple|Poison
|move|p2a: Zamazenta|Close Combat|p1a: Hydrapple
|-resisted|p1a: Hydrapple
|-damage|p1a: Hydrapple|13/100
|-unboost|p2a: Zamazenta|def|1
|-unboost|p2a: Zamazenta|spd|1
|move|p1a: Hydrapple|Giga Drain|p2a: Zamazenta
|-damage|p2a: Zamazenta|44/100 psn
|-heal|p1a: Hydrapple|30/100|[from] drain|[of] p2a: Zamazenta
|
|-weather|Snowscape|[upkeep]
|-damage|p2a: Zamazenta|31/100 psn|[from] psn
|upkeep
|turn|31
|
|t:|1769407071
|switch|p2a: Slowking|Slowking-Galar, M|52/100
|move|p1a: Hydrapple|Earth Power|p2a: Slowking
|-supereffective|p2a: Slowking
|-damage|p2a: Slowking|23/100
|
|-weather|none
|upkeep
|turn|32
|
|t:|1769407079
|move|p1a: Hydrapple|Earth Power|p2a: Slowking
|-supereffective|p2a: Slowking
|-damage|p2a: Slowking|0 fnt
|faint|p2a: Slowking
|
|upkeep
|
|t:|1769407084
|switch|p2a: Zamazenta|Zamazenta|31/100 psn
|-damage|p2a: Zamazenta|25/100 psn|[from] Stealth Rock
|turn|33
|
|t:|1769407090
|move|p2a: Zamazenta|Stone Edge|p1a: Hydrapple
|-damage|p1a: Hydrapple|5/100
|move|p1a: Hydrapple|Giga Drain|p2a: Zamazenta
|-damage|p2a: Zamazenta|0 fnt
|-heal|p1a: Hydrapple|15/100|[from] drain|[of] p2a: Zamazenta
|faint|p2a: Zamazenta
|
|upkeep
|-message|SquilliamTG forfeited.
|
|win|swaqfeq
|raw|swaqfeq's rating: 1537 &rarr; <strong>1560</strong><br />(+23 for winning)
|raw|SquilliamTG's rating: 1586 &rarr; <strong>1563</strong><br />(-23 for losing)
|l|☆SquilliamTG
|player|p2|
|l|‽swaqfeq
|player|p1|
|l| firecharmander004
