|j|☆Aheter
|j|☆zooot1
|t:|1769445033
|gametype|singles
|player|p1|Aheter|emmet|1258
|player|p2|zooot1|102|1347
|gen|9
|tier|[Gen 9] OU
|rated|
|rule|HP Percentage Mod: HP is shown in percentages
|rule|Endless Battle Clause: Forcing endless battles is banned
|rule|Species Clause: Limit one of each Pokémon
|rule|OHKO Clause: OHKO moves are banned
|rule|Evasion Items Clause: Evasion items are banned
|rule|Evasion Moves Clause: Evasion moves are banned
|rule|Evasion Abilities Clause: Evasion abilities are banned
|rule|Sleep Moves Clause: Sleep-inducing moves are banned
|clearpoke
|poke|p1|Glimmora, M|
|poke|p1|Gyarados, M|
|poke|p1|Politoed, M|
|poke|p1|Araquanid, M|
|poke|p1|Delphox, F|
|poke|p1|Cloyster, M|
|poke|p2|Moltres-Galar|
|poke|p2|Great Tusk|
|poke|p2|Kyurem|
|poke|p2|Iron Crown|
|poke|p2|Hatterene, F|
|poke|p2|Pecharunt|
|teampreview
|inactive|Battle timer is ON: inactive players will automatically lose when time's up. (requested by Aheter)
|
|t:|1769445041
|teamsize|p1|6
|teamsize|p2|6
|start
|switch|p1a: Politoed|Politoed, M, shiny|100/100
|switch|p2a: Iron Crown|Iron Crown|100/100
|-weather|RainDance|[from] ability: Drizzle|[of] p1a: Politoed
|turn|1
|
|t:|1769445070
|move|p2a: Iron Crown|Volt Switch|p1a: Politoed
|-supereffective|p1a: Politoed
|-damage|p1a: Politoed|21/100
|
|t:|1769445072
|-end|p2a: Iron Crown|Quark Drive|[silent]
|switch|p2a: Hatterene|Hatterene, F|100/100|[from] Volt Switch
|move|p1a: Politoed|Earth Power|p2a: Hatterene
|-damage|p2a: Hatterene|76/100
|
|-weather|RainDance|[upkeep]
|-heal|p2a: Hatterene|82/100|[from] item: Leftovers
|upkeep
|turn|2
|
|t:|1769445079
|switch|p1a: Araquanid|Araquanid, M, shiny|100/100
|move|p2a: Hatterene|Calm Mind|p2a: Hatterene
|-boost|p2a: Hatterene|spa|1
|-boost|p2a: Hatterene|spd|1
|
|-weather|RainDance|[upkeep]
|-heal|p2a: Hatterene|88/100|[from] item: Leftovers
|upkeep
|turn|3
|
|t:|1769445087
|-terastallize|p1a: Araquanid|Water
|move|p1a: Araquanid|Liquidation|p2a: Hatterene
|-damage|p2a: Hatterene|0 fnt
|faint|p2a: Hatterene
|
|-weather|RainDance|[upkeep]
|upkeep
|
|t:|1769445094
|switch|p2a: Pecharunt|Pecharunt|100/100
|turn|4
|
|t:|1769445104
|move|p2a: Pecharunt|Foul Play|p1a: Araquanid
|-damage|p1a: Araquanid|73/100
|move|p1a: Araquanid|Liquidation|p2a: Pecharunt
|-damage|p2a: Pecharunt|34/100
|
|-weather|RainDance|[upkeep]
|upkeep
|turn|5
|
|t:|1769445109
|move|p2a: Pecharunt|Malignant Chain|p1a: Araquanid
|-damage|p1a: Araquanid|57/100
|-status|p1a: Araquanid|tox
|-start|p1a: Araquanid|confusion|[from] ability: Poison Puppeteer|[of] p2a: Pecharunt
|-activate|p1a: Araquanid|confusion
|-damage|p1a: Araquanid|46/100 tox|[from] confusion
|
|-weather|RainDance|[upkeep]
|-damage|p1a: Araquanid|40/100 tox|[from] psn
|upkeep
|turn|6
|
|t:|1769445118
|move|p2a: Pecharunt|Recover|p2a: Pecharunt
|-heal|p2a: Pecharunt|84/100
|-activate|p1a: Araquanid|confusion
|move|p1a: Araquanid|Liquidation|p2a: Pecharunt
|-damage|p2a: Pecharunt|24/100
|
|-weather|RainDance|[upkeep]
|-damage|p1a: Araquanid|28/100 tox|[from] psn
|upkeep
|turn|7
|
|t:|1769445123
|move|p2a: Pecharunt|Recover|p2a: Pecharunt
|-heal|p2a: Pecharunt|74/100
|-activate|p1a: Araquanid|confusion
|-damage|p1a: Araquanid|17/100 tox|[from] confusion
|
|-weather|RainDance|[upkeep]
|-damage|p1a: Araquanid|0 fnt|[from] psn
|faint|p1a: Araquanid
|upkeep
|
|t:|1769445134
|switch|p1a: Glimmora|Glimmora, M, shiny|100/100
|turn|8
|
|t:|1769445145
|move|p1a: Glimmora|Meteor Beam||[still]
|-prepare|p1a: Glimmora|Meteor Beam
|-boost|p1a: Glimmora|spa|1
|-enditem|p1a: Glimmora|Power Herb
|-anim|p1a: Glimmora|Meteor Beam|p2a: Pecharunt|[miss]
|-miss|p1a: Glimmora|p2a: Pecharunt
|move|p2a: Pecharunt|Parting Shot|p1a: Glimmora
|-unboost|p1a: Glimmora|atk|1
|-unboost|p1a: Glimmora|spa|1
|
|t:|1769445154
|switch|p2a: Great Tusk|Great Tusk|100/100|[from] Parting Shot
|
|-weather|none
|upkeep
|turn|9
|
|t:|1769445169
|switch|p1a: Politoed|Politoed, M, shiny|21/100
|-weather|RainDance|[from] ability: Drizzle|[of] p1a: Politoed
|move|p2a: Great Tusk|Headlong Rush|p1a: Politoed
|-damage|p1a: Politoed|0 fnt
|-unboost|p2a: Great Tusk|def|1
|-unboost|p2a: Great Tusk|spd|1
|faint|p1a: Politoed
|
|-weather|RainDance|[upkeep]
|upkeep
|
|t:|1769445174
|switch|p1a: Gyarados|Gyarados, M, shiny|100/100
|turn|10
|
|t:|1769445180
|-end|p2a: Great Tusk|Protosynthesis|[silent]
|switch|p2a: Pecharunt|Pecharunt|74/100
|move|p1a: Gyarados|Dragon Dance|p1a: Gyarados
|-boost|p1a: Gyarados|atk|1
|-boost|p1a: Gyarados|spe|1
|
|-weather|RainDance|[upkeep]
|upkeep
|turn|11
|
|t:|1769445194
|move|p1a: Gyarados|Waterfall|p2a: Pecharunt
|-damage|p2a: Pecharunt|10/100
|-damage|p1a: Gyarados|91/100|[from] item: Life Orb
|move|p2a: Pecharunt|Malignant Chain|p1a: Gyarados
|-damage|p1a: Gyarados|56/100
|-status|p1a: Gyarados|tox
|-start|p1a: Gyarados|confusion|[from] ability: Poison Puppeteer|[of] p2a: Pecharunt
|
|-weather|RainDance|[upkeep]
|-damage|p1a: Gyarados|50/100 tox|[from] psn
|upkeep
|turn|12
|
|t:|1769445198
|-activate|p1a: Gyarados|confusion
|move|p1a: Gyarados|Waterfall|p2a: Pecharunt
|-damage|p2a: Pecharunt|0 fnt
|faint|p2a: Pecharunt
|-ability|p1a: Gyarados|Moxie|boost
|-boost|p1a: Gyarados|atk|1
|-damage|p1a: Gyarados|40/100 tox|[from] item: Life Orb
|
|-weather|RainDance|[upkeep]
|-damage|p1a: Gyarados|28/100 tox|[from] psn
|upkeep
|
|t:|1769445202
|switch|p2a: Moltres|Moltres-Galar|100/100
|turn|13
|
|t:|1769445206
|-activate|p1a: Gyarados|confusion
|move|p1a: Gyarados|Waterfall|p2a: Moltres
|-damage|p2a: Moltres|0 fnt
|faint|p2a: Moltres
|-ability|p1a: Gyarados|Moxie|boost
|-boost|p1a: Gyarados|atk|1
|-damage|p1a: Gyarados|18/100 tox|[from] item: Life Orb
|
|-weather|RainDance|[upkeep]
|-damage|p1a: Gyarados|0 fnt|[from] psn
|faint|p1a: Gyarados
|upkeep
|
|t:|1769445215
|switch|p1a: Glimmora|Glimmora, M, shiny|100/100
|switch|p2a: Iron Crown|Iron Crown|100/100
|turn|14
|
|t:|1769445225
|move|p2a: Iron Crown|Tachyon Cutter|p1a: Glimmora
|-supereffective|p1a: Glimmora
|-damage|p1a: Glimmora|0 fnt
|faint|p1a: Glimmora
|-hitcount|p1: Glimmora|1
|
|-weather|RainDance|[upkeep]
|upkeep
|
|t:|1769445229
|switch|p1a: Delphox|Delphox, F, shiny|100/100
|turn|15
|
|t:|1769445232
|-end|p2a: Iron Crown|Quark Drive|[silent]
|switch|p2a: Great Tusk|Great Tusk|100/100
|move|p1a: Delphox|Agility|p1a: Delphox
|-boost|p1a: Delphox|spe|2
|
|-weather|RainDance|[upkeep]
|upkeep
|turn|16
|
|t:|1769445243
|move|p1a: Delphox|Calm Mind|p1a: Delphox
|-boost|p1a: Delphox|spa|1
|-boost|p1a: Delphox|spd|1
|move|p2a: Great Tusk|Stealth Rock|p1a: Delphox
|-sidestart|p1: Aheter|move: Stealth Rock
|
|-weather|none
|upkeep
|turn|17
|
|t:|1769445249
|move|p1a: Delphox|Stored Power|p2a: Great Tusk
|-supereffective|p2a: Great Tusk
|-damage|p2a: Great Tusk|0 fnt
|faint|p2a: Great Tusk
|-end|p2a: Great Tusk|Protosynthesis|[silent]
|
|upkeep
|
|t:|1769445254
|switch|p2a: Kyurem|Kyurem|100/100
|-ability|p2a: Kyurem|Pressure
|turn|18
|
|t:|1769445261
|-terastallize|p2a: Kyurem|Ground
|move|p1a: Delphox|Calm Mind|p1a: Delphox
|-boost|p1a: Delphox|spa|1
|-boost|p1a: Delphox|spd|1
|move|p2a: Kyurem|Tera Blast|p1a: Delphox|[anim] Tera Blast Ground
|-supereffective|p1a: Delphox
|-damage|p1a: Delphox|0 fnt
|faint|p1a: Delphox
|
|upkeep
|
|t:|1769445269
|switch|p1a: Cloyster|Cloyster, M, shiny|100/100
|-damage|p1a: Cloyster|76/100|[from] Stealth Rock
|turn|19
|
|t:|1769445276
|move|p2a: Kyurem|Scale Shot|p1a: Cloyster
|-damage|p1a: Cloyster|64/100
|-damage|p1a: Cloyster|52/100
|-damage|p1a: Cloyster|40/100
|-damage|p1a: Cloyster|27/100
|-damage|p1a: Cloyster|16/100
|-hitcount|p1a: Cloyster|5
|-unboost|p2a: Kyurem|def|1
|-boost|p2a: Kyurem|spe|1
|move|p1a: Cloyster|Shell Smash|p1a: Cloyster
|-unboost|p1a: Cloyster|def|1
|-unboost|p1a: Cloyster|spd|1
|-boost|p1a: Cloyster|atk|2
|-boost|p1a: Cloyster|spa|2
|-boost|p1a: Cloyster|spe|2
|-enditem|p1a: Cloyster|White Herb
|-clearnegativeboost|p1a: Cloyster|[silent]
|
|upkeep
|turn|20
|
|t:|1769445288
|move|p1a: Cloyster|Icicle Spear|p2a: Kyurem
|-supereffective|p2a: Kyurem
|-damage|p2a: Kyurem|37/100
|-supereffective|p2a: Kyurem
|-damage|p2a: Kyurem|0 fnt
|faint|p2a: Kyurem
|-hitcount|p2: Kyurem|2
|
|upkeep
|
|t:|1769445294
|switch|p2a: Iron Crown|Iron Crown|100/100
|turn|21
|
|t:|1769445298
|move|p1a: Cloyster|Drill Run|p2a: Iron Crown
|-supereffective|p2a: Iron Crown
|-damage|p2a: Iron Crown|0 fnt
|faint|p2a: Iron Crown
|-end|p2a: Iron Crown|Quark Drive|[silent]
|
|win|Aheter
|raw|Aheter's rating: 1258 &rarr; <strong>1289</strong><br />(+31 for winning)
|raw|zooot1's rating: 1347 &rarr; <strong>1322</strong><br />(-25 for losing)
|l|☆zooot1
|player|p2|
|l|☆Aheter
|player|p1|
