|j|☆CaptainDadd
|j|☆Red the pikamon
|t:|1769408373
|gametype|singles
|player|p1|CaptainDadd|chuck|1095
|player|p2|Red the pikamon|red|1070
|gen|9
|tier|[Gen 9] OU
|rated|
|rule|HP Percentage Mod: HP is shown in percentages
|rule|Endless Battle Clause: Forcing endless battles is banned
|rule|Species Clause: Limit one of each Pokémon
|rule|OHKO Clause: OHKO moves are banned
|rule|Evasion Items Clause: Evasion items are banned
|rule|Evasion Moves Clause: Evasion moves are banned
|rule|Evasion Abilities Clause: Evasion abilities are banned
|rule|Sleep Moves Clause: Sleep-inducing moves are banned
|clearpoke
|poke|p1|Scizor, F|
|poke|p1|Milotic, M|
|poke|p1|Clefable, M|
|poke|p1|Sceptile, M|
|poke|p1|Arcanine-Hisui, M|
|poke|p1|Pawmot, M|
|poke|p2|Pikachu, M|
|poke|p2|Charizard, F|
|poke|p2|Venusaur, M|
|poke|p2|Blastoise, M|
|poke|p2|Snorlax, M|
|poke|p2|Dragonite, F|
|teampreview
|c|☆CaptainDadd|What a fun team
|
|t:|1769408393
|teamsize|p1|6
|teamsize|p2|6
|start
|switch|p1a: Pawmot|Pawmot, M, shiny|100/100
|switch|p2a: Pikachu|Pikachu, M|100/100
|turn|1
|
|t:|1769408412
|move|p1a: Pawmot|Fake Out|p2a: Pikachu
|-damage|p2a: Pikachu|49/100
|-damage|p1a: Pawmot|91/100|[from] item: Life Orb
|cant|p2a: Pikachu|flinch
|
|upkeep
|turn|2
|
|t:|1769408430
|move|p1a: Pawmot|Mach Punch|p2a: Pikachu
|-damage|p2a: Pikachu|0 fnt
|faint|p2a: Pikachu
|-damage|p1a: Pawmot|81/100|[from] item: Life Orb
|
|upkeep
|
|t:|1769408438
|switch|p2a: Venusaur|Venusaur, M|100/100
|turn|3
|
|t:|1769408442
|move|p1a: Pawmot|Ice Punch|p2a: Venusaur
|-supereffective|p2a: Venusaur
|-damage|p2a: Venusaur|46/100
|-damage|p1a: Pawmot|71/100|[from] item: Life Orb
|move|p2a: Venusaur|Substitute|p2a: Venusaur
|-start|p2a: Venusaur|Substitute
|-damage|p2a: Venusaur|21/100
|
|-heal|p2a: Venusaur|27/100|[from] item: Black Sludge
|upkeep
|turn|4
|
|t:|1769408459
|move|p1a: Pawmot|Ice Punch|p2a: Venusaur
|-supereffective|p2a: Venusaur
|-end|p2a: Venusaur|Substitute
|-damage|p1a: Pawmot|61/100|[from] item: Life Orb
|move|p2a: Venusaur|Giga Drain|p1a: Pawmot
|-damage|p1a: Pawmot|7/100
|-heal|p2a: Venusaur|53/100|[from] drain|[of] p1a: Pawmot
|
|-heal|p2a: Venusaur|59/100|[from] item: Black Sludge
|upkeep
|turn|5
|
|t:|1769408476
|switch|p2a: Charizard|Charizard, F|100/100
|move|p1a: Pawmot|Ice Punch|p2a: Charizard
|-damage|p2a: Charizard|46/100
|-damage|p1a: Pawmot|0 fnt|[from] item: Life Orb
|faint|p1a: Pawmot
|
|upkeep
|
|t:|1769408489
|switch|p1a: Milotic|Milotic, M, shiny|100/100
|turn|6
|
|t:|1769408493
|switch|p2a: Venusaur|Venusaur, M|59/100
|move|p1a: Milotic|Scald|p2a: Venusaur
|-resisted|p2a: Venusaur
|-damage|p2a: Venusaur|46/100
|-status|p2a: Venusaur|brn
|
|-heal|p2a: Venusaur|52/100 brn|[from] item: Black Sludge
|-damage|p2a: Venusaur|46/100 brn|[from] brn
|-status|p1a: Milotic|brn|[from] item: Flame Orb
|upkeep
|turn|7
|
|t:|1769408506
|move|p2a: Venusaur|Leech Seed|p1a: Milotic
|-start|p1a: Milotic|move: Leech Seed
|move|p1a: Milotic|Ice Beam|p2a: Venusaur
|-supereffective|p2a: Venusaur
|-damage|p2a: Venusaur|8/100 brn
|
|-heal|p2a: Venusaur|14/100 brn|[from] item: Black Sludge
|-damage|p1a: Milotic|88/100 brn|[from] Leech Seed|[of] p2a: Venusaur
|-heal|p2a: Venusaur|27/100 brn|[silent]
|-damage|p2a: Venusaur|21/100 brn|[from] brn
|-damage|p1a: Milotic|82/100 brn|[from] brn
|upkeep
|turn|8
|
|t:|1769408518
|move|p2a: Venusaur|Giga Drain|p1a: Milotic
|-supereffective|p1a: Milotic
|-damage|p1a: Milotic|27/100 brn
|-heal|p2a: Venusaur|51/100 brn|[from] drain|[of] p1a: Milotic
|move|p1a: Milotic|Ice Beam|p2a: Venusaur
|-supereffective|p2a: Venusaur
|-damage|p2a: Venusaur|15/100 brn
|
|-heal|p2a: Venusaur|21/100 brn|[from] item: Black Sludge
|-damage|p1a: Milotic|14/100 brn|[from] Leech Seed|[of] p2a: Venusaur
|-heal|p2a: Venusaur|34/100 brn|[silent]
|-damage|p2a: Venusaur|28/100 brn|[from] brn
|-damage|p1a: Milotic|8/100 brn|[from] brn
|upkeep
|turn|9
|
|t:|1769408535
|switch|p1a: Scizor|Scizor, F, shiny|100/100
|move|p2a: Venusaur|Giga Drain|p1a: Scizor
|-resisted|p1a: Scizor
|-damage|p1a: Scizor|95/100
|-heal|p2a: Venusaur|30/100 brn|[from] drain|[of] p1a: Scizor
|
|-heal|p2a: Venusaur|36/100 brn|[from] item: Black Sludge
|-damage|p2a: Venusaur|30/100 brn|[from] brn
|upkeep
|turn|10
|
|t:|1769408549
|switch|p2a: Charizard|Charizard, F|46/100
|move|p1a: Scizor|Dual Wingbeat|p2a: Charizard
|-damage|p2a: Charizard|17/100
|-damage|p2a: Charizard|0 fnt
|faint|p2a: Charizard
|-hitcount|p2: Charizard|2
|
|upkeep
|
|t:|1769408558
|switch|p2a: Blastoise|Blastoise, M|100/100
|turn|11
|
|t:|1769408575
|move|p2a: Blastoise|Shell Smash|p2a: Blastoise
|-unboost|p2a: Blastoise|def|1
|-unboost|p2a: Blastoise|spd|1
|-boost|p2a: Blastoise|atk|2
|-boost|p2a: Blastoise|spa|2
|-boost|p2a: Blastoise|spe|2
|-enditem|p2a: Blastoise|White Herb
|-clearnegativeboost|p2a: Blastoise|[silent]
|move|p1a: Scizor|Trailblaze|p2a: Blastoise
|-supereffective|p2a: Blastoise
|-damage|p2a: Blastoise|42/100
|-boost|p1a: Scizor|spe|1
|
|upkeep
|turn|12
|
|t:|1769408591
|move|p2a: Blastoise|Surf|p1a: Scizor
|-damage|p1a: Scizor|46/100
|move|p1a: Scizor|Trailblaze|p2a: Blastoise
|-supereffective|p2a: Blastoise
|-damage|p2a: Blastoise|0 fnt
|-boost|p1a: Scizor|spe|1
|faint|p2a: Blastoise
|
|upkeep
|
|t:|1769408612
|switch|p2a: Dragonite|Dragonite, F|100/100
|turn|13
|
|t:|1769408617
|move|p1a: Scizor|Bullet Punch|p2a: Dragonite
|-damage|p2a: Dragonite|83/100
|move|p2a: Dragonite|Earthquake|p1a: Scizor
|-damage|p1a: Scizor|0 fnt
|faint|p1a: Scizor
|
|upkeep
|
|t:|1769408633
|switch|p1a: Clefable|Clefable, M, shiny|100/100
|turn|14
|
|t:|1769408637
|switch|p2a: Venusaur|Venusaur, M|30/100 brn
|move|p1a: Clefable|Cosmic Power|p1a: Clefable
|-boost|p1a: Clefable|def|1
|-boost|p1a: Clefable|spd|1
|
|-heal|p2a: Venusaur|36/100 brn|[from] item: Black Sludge
|-damage|p2a: Venusaur|30/100 brn|[from] brn
|upkeep
|turn|15
|
|t:|1769408648
|-terastallize|p1a: Clefable|Psychic
|move|p2a: Venusaur|Leech Seed|p1a: Clefable
|-start|p1a: Clefable|move: Leech Seed
|move|p1a: Clefable|Cosmic Power|p1a: Clefable
|-boost|p1a: Clefable|def|1
|-boost|p1a: Clefable|spd|1
|
|-heal|p2a: Venusaur|36/100 brn|[from] item: Black Sludge
|-damage|p2a: Venusaur|30/100 brn|[from] brn
|upkeep
|turn|16
|
|t:|1769408673
|move|p2a: Venusaur|Substitute|p2a: Venusaur
|-start|p2a: Venusaur|Substitute
|-damage|p2a: Venusaur|5/100 brn
|move|p1a: Clefable|Cosmic Power|p1a: Clefable
|-boost|p1a: Clefable|def|1
|-boost|p1a: Clefable|spd|1
|
|-heal|p2a: Venusaur|11/100 brn|[from] item: Black Sludge
|-damage|p2a: Venusaur|5/100 brn|[from] brn
|upkeep
|turn|17
|
|t:|1769408692
|move|p2a: Venusaur|Sludge Bomb|p1a: Clefable
|-damage|p1a: Clefable|89/100
|-status|p1a: Clefable|psn
|move|p1a: Clefable|Cosmic Power|p1a: Clefable
|-boost|p1a: Clefable|def|1
|-boost|p1a: Clefable|spd|1
|
|-heal|p2a: Venusaur|11/100 brn|[from] item: Black Sludge
|-heal|p1a: Clefable|95/100 psn|[from] item: Leftovers
|-damage|p2a: Venusaur|5/100 brn|[from] brn
|upkeep
|turn|18
|
|t:|1769408710
|move|p2a: Venusaur|Giga Drain|p1a: Clefable
|-damage|p1a: Clefable|82/100 psn
|-heal|p2a: Venusaur|12/100 brn|[from] drain|[of] p1a: Clefable
|move|p1a: Clefable|Cosmic Power|p1a: Clefable
|-boost|p1a: Clefable|def|1
|-boost|p1a: Clefable|spd|1
|
|-heal|p2a: Venusaur|18/100 brn|[from] item: Black Sludge
|-heal|p1a: Clefable|89/100 psn|[from] item: Leftovers
|-damage|p2a: Venusaur|12/100 brn|[from] brn
|upkeep
|turn|19
|
|t:|1769408728
|move|p2a: Venusaur|Giga Drain|p1a: Clefable
|-damage|p1a: Clefable|78/100 psn
|-heal|p2a: Venusaur|18/100 brn|[from] drain|[of] p1a: Clefable
|move|p1a: Clefable|Cosmic Power|p1a: Clefable
|-boost|p1a: Clefable|def|1
|-boost|p1a: Clefable|spd|1
|
|-heal|p2a: Venusaur|24/100 brn|[from] item: Black Sludge
|-heal|p1a: Clefable|84/100 psn|[from] item: Leftovers
|-damage|p2a: Venusaur|18/100 brn|[from] brn
|upkeep
|turn|20
|
|t:|1769408741
|move|p2a: Venusaur|Giga Drain|p1a: Clefable
|-damage|p1a: Clefable|75/100 psn
|-heal|p2a: Venusaur|23/100 brn|[from] drain|[of] p1a: Clefable
|move|p1a: Clefable|Stored Power|p2a: Venusaur
|-supereffective|p2a: Venusaur
|-end|p2a: Venusaur|Substitute
|
|-heal|p2a: Venusaur|29/100 brn|[from] item: Black Sludge
|-heal|p1a: Clefable|81/100 psn|[from] item: Leftovers
|-damage|p2a: Venusaur|23/100 brn|[from] brn
|upkeep
|turn|21
|n|☆Red the pikamon|redthepikamon
|c|☆Red the pikamon|welp
|c|☆Red the pikamon|gg
|
|t:|1769408803
|move|p2a: Venusaur|Substitute|p2a: Venusaur
|-fail|p2a: Venusaur|move: Substitute|[weak]
|move|p1a: Clefable|Stored Power|p2a: Venusaur
|-supereffective|p2a: Venusaur
|-damage|p2a: Venusaur|0 fnt
|faint|p2a: Venusaur
|
|-heal|p1a: Clefable|87/100 psn|[from] item: Leftovers
|upkeep
|
|t:|1769408819
|switch|p2a: Snorlax|Snorlax, M|100/100
|turn|22
|
|t:|1769408825
|move|p1a: Clefable|Stored Power|p2a: Snorlax
|-damage|p2a: Snorlax|63/100
|move|p2a: Snorlax|Curse|p2a: Snorlax
|-unboost|p2a: Snorlax|spe|1
|-boost|p2a: Snorlax|atk|1
|-boost|p2a: Snorlax|def|1
|
|-heal|p1a: Clefable|93/100 psn|[from] item: Leftovers
|-heal|p2a: Snorlax|69/100|[from] item: Leftovers
|upkeep
|turn|23
|
|t:|1769408836
|move|p1a: Clefable|Stored Power|p2a: Snorlax
|-damage|p2a: Snorlax|30/100
|move|p2a: Snorlax|Rest|p2a: Snorlax
|-status|p2a: Snorlax|slp|[from] move: Rest
|-heal|p2a: Snorlax|100/100 slp|[silent]
|
|-heal|p1a: Clefable|99/100 psn|[from] item: Leftovers
|upkeep
|turn|24
|
|t:|1769408846
|move|p1a: Clefable|Stored Power|p2a: Snorlax
|-damage|p2a: Snorlax|60/100 slp
|cant|p2a: Snorlax|slp
|move|p2a: Snorlax|Sleep Talk|p2a: Snorlax
|move|p2a: Snorlax|Curse|p2a: Snorlax|[from] move: Sleep Talk
|-unboost|p2a: Snorlax|spe|1
|-boost|p2a: Snorlax|atk|1
|-boost|p2a: Snorlax|def|1
|
|-heal|p1a: Clefable|100/100 psn|[from] item: Leftovers
|-heal|p2a: Snorlax|66/100 slp|[from] item: Leftovers
|upkeep
|turn|25
|
|t:|1769408859
|move|p1a: Clefable|Stored Power|p2a: Snorlax
|-damage|p2a: Snorlax|25/100 slp
|cant|p2a: Snorlax|slp
|move|p2a: Snorlax|Sleep Talk|p2a: Snorlax
|move|p2a: Snorlax|Curse|p2a: Snorlax|[from] move: Sleep Talk
|-unboost|p2a: Snorlax|spe|1
|-boost|p2a: Snorlax|atk|1
|-boost|p2a: Snorlax|def|1
|
|-heal|p2a: Snorlax|31/100 slp|[from] item: Leftovers
|upkeep
|turn|26
|
|t:|1769408872
|move|p1a: Clefable|Stored Power|p2a: Snorlax
|-damage|p2a: Snorlax|0 fnt
|faint|p2a: Snorlax
|
|upkeep
|
|t:|1769408878
|switch|p2a: Dragonite|Dragonite, F|83/100
|turn|27
|
|t:|1769408884
|-terastallize|p2a: Dragonite|Normal
|move|p2a: Dragonite|Extreme Speed|p1a: Clefable
|-damage|p1a: Clefable|92/100 psn
|move|p1a: Clefable|Moonblast|p2a: Dragonite
|-damage|p2a: Dragonite|48/100
|
|-heal|p1a: Clefable|98/100 psn|[from] item: Leftovers
|upkeep
|turn|28
|
|t:|1769408896
|move|p2a: Dragonite|Dragon Dance|p2a: Dragonite
|-boost|p2a: Dragonite|atk|1
|-boost|p2a: Dragonite|spe|1
|move|p1a: Clefable|Stored Power|p2a: Dragonite
|-damage|p2a: Dragonite|0 fnt
|faint|p2a: Dragonite
|
|win|CaptainDadd
|raw|CaptainDadd's rating: 1095 &rarr; <strong>1119</strong><br />(+24 for winning)
|raw|Red the pikamon's rating: 1070 &rarr; <strong>1051</strong><br />(-19 for losing)
|l|☆Red the pikamon
|player|p2|
|l|☆CaptainDadd
|player|p1|
