|j|☆biggruse04
|j|☆c0nnla
|t:|1769392318
|gametype|singles
|player|p1|biggruse04|lady-gen4|1098
|player|p2|c0nnla|102|1087
|gen|9
|tier|[Gen 9] OU
|rated|
|rule|HP Percentage Mod: HP is shown in percentages
|rule|Endless Battle Clause: Forcing endless battles is banned
|rule|Species Clause: Limit one of each Pokémon
|rule|OHKO Clause: OHKO moves are banned
|rule|Evasion Items Clause: Evasion items are banned
|rule|Evasion Moves Clause: Evasion moves are banned
|rule|Evasion Abilities Clause: Evasion abilities are banned
|rule|Sleep Moves Clause: Sleep-inducing moves are banned
|clearpoke
|poke|p1|Zapdos-Galar|
|poke|p1|Ting-Lu|
|poke|p1|Meowscarada, M|
|poke|p1|Gholdengo|
|poke|p1|Kyurem|
|poke|p1|Quaquaval, M|
|poke|p2|Clodsire, F|
|poke|p2|Tinkaton, F|
|poke|p2|Glimmora, M|
|poke|p2|Kingambit, M|
|poke|p2|Garganacl, M|
|poke|p2|Hatterene, F|
|teampreview
|c|☆c0nnla|hello
|c|☆c0nnla|glhf
|inactive|Battle timer is ON: inactive players will automatically lose when time's up. (requested by c0nnla)
|
|t:|1769392330
|teamsize|p1|6
|teamsize|p2|6
|start
|switch|p1a: bigey bonk|Quaquaval, M, shiny|100/100
|switch|p2a: Chalcan|Glimmora, M|100/100
|turn|1
|
|t:|1769392344
|move|p2a: Chalcan|Stealth Rock|p1a: bigey bonk
|-sidestart|p1: biggruse04|move: Stealth Rock
|move|p1a: bigey bonk|Aqua Step|p2a: Chalcan
|-supereffective|p2a: Chalcan
|-enditem|p2a: Chalcan|Focus Sash
|-damage|p2a: Chalcan|1/100
|-boost|p1a: bigey bonk|spe|1
|-activate|p2a: Chalcan|ability: Toxic Debris
|-sidestart|p1: biggruse04|move: Toxic Spikes
|-damage|p1a: bigey bonk|91/100|[from] item: Life Orb
|
|upkeep
|turn|2
|
|t:|1769392354
|move|p1a: bigey bonk|Aqua Step|p2a: Chalcan
|-supereffective|p2a: Chalcan
|-damage|p2a: Chalcan|0 fnt
|-boost|p1a: bigey bonk|spe|1
|-activate|p2a: Chalcan|ability: Toxic Debris
|-sidestart|p1: biggruse04|move: Toxic Spikes
|faint|p2a: Chalcan
|-ability|p1a: bigey bonk|Moxie|boost
|-boost|p1a: bigey bonk|atk|1
|-damage|p1a: bigey bonk|81/100|[from] item: Life Orb
|
|upkeep
|
|t:|1769392364
|switch|p2a: Mary Dahl|Tinkaton, F|100/100
|-ability|p2a: Mary Dahl|Mold Breaker
|-item|p2a: Mary Dahl|Air Balloon
|turn|3
|
|t:|1769392371
|move|p1a: bigey bonk|Close Combat|p2a: Mary Dahl
|-damage|p2a: Mary Dahl|0 fnt
|-unboost|p1a: bigey bonk|def|1
|-unboost|p1a: bigey bonk|spd|1
|-enditem|p2a: Mary Dahl|Air Balloon
|faint|p2a: Mary Dahl
|-ability|p1a: bigey bonk|Moxie|boost
|-boost|p1a: bigey bonk|atk|1
|-damage|p1a: bigey bonk|71/100|[from] item: Life Orb
|
|upkeep
|
|t:|1769392389
|switch|p2a: Ramses|Garganacl, M, shiny|100/100
|turn|4
|
|t:|1769392414
|-terastallize|p2a: Ramses|Water
|move|p1a: bigey bonk|Close Combat|p2a: Ramses
|-damage|p2a: Ramses|0 fnt
|-unboost|p1a: bigey bonk|def|1
|-unboost|p1a: bigey bonk|spd|1
|faint|p2a: Ramses
|-ability|p1a: bigey bonk|Moxie|boost
|-boost|p1a: bigey bonk|atk|1
|-damage|p1a: bigey bonk|61/100|[from] item: Life Orb
|
|upkeep
|
|t:|1769392423
|switch|p2a: Glynda|Hatterene, F, shiny|100/100
|turn|5
|
|t:|1769392427
|move|p1a: bigey bonk|Aqua Step|p2a: Glynda
|-damage|p2a: Glynda|0 fnt
|-boost|p1a: bigey bonk|spe|1
|faint|p2a: Glynda
|-ability|p1a: bigey bonk|Moxie|boost
|-boost|p1a: bigey bonk|atk|1
|-damage|p1a: bigey bonk|51/100|[from] item: Life Orb
|
|upkeep
|
|t:|1769392434
|switch|p2a: Eclair|Clodsire, F|100/100
|turn|6
|
|t:|1769392437
|move|p1a: bigey bonk|Close Combat|p2a: Eclair
|-resisted|p2a: Eclair
|-damage|p2a: Eclair|61/100
|-unboost|p1a: bigey bonk|def|1
|-unboost|p1a: bigey bonk|spd|1
|-damage|p1a: bigey bonk|41/100|[from] item: Life Orb
|move|p2a: Eclair|Toxic|p1a: bigey bonk
|-status|p1a: bigey bonk|tox
|
|-damage|p1a: bigey bonk|35/100 tox|[from] psn
|upkeep
|turn|7
|
|t:|1769392447
|move|p1a: bigey bonk|Aqua Step|p2a: Eclair
|-supereffective|p2a: Eclair
|-damage|p2a: Eclair|0 fnt
|-boost|p1a: bigey bonk|spe|1
|faint|p2a: Eclair
|-ability|p1a: bigey bonk|Moxie|boost
|-boost|p1a: bigey bonk|atk|1
|-damage|p1a: bigey bonk|25/100 tox|[from] item: Life Orb
|
|-damage|p1a: bigey bonk|12/100 tox|[from] psn
|upkeep
|
|t:|1769392456
|switch|p2a: Shogi|Kingambit, M|100/100
|-activate|p2a: Shogi|ability: Supreme Overlord
|-start|p2a: Shogi|fallen5|[silent]
|turn|8
|
|t:|1769392460
|move|p2a: Shogi|Sucker Punch|p1a: bigey bonk
|-resisted|p1a: bigey bonk
|-damage|p1a: bigey bonk|0 fnt
|faint|p1a: bigey bonk
|
|upkeep
|
|t:|1769392464
|switch|p1a: money man|Gholdengo, shiny|100/100
|-damage|p1a: money man|94/100|[from] Stealth Rock
|-item|p1a: money man|Air Balloon
|turn|9
|
|t:|1769392470
|-terastallize|p1a: money man|Fairy
|move|p1a: money man|Make It Rain|p2a: Shogi
|-resisted|p2a: Shogi
|-damage|p2a: Shogi|62/100
|-unboost|p1a: money man|spa|1
|move|p2a: Shogi|Swords Dance|p2a: Shogi
|-boost|p2a: Shogi|atk|2
|
|-heal|p2a: Shogi|68/100|[from] item: Leftovers
|upkeep
|turn|10
|
|t:|1769392481
|move|p2a: Shogi|Sucker Punch||[still]
|-fail|p2a: Shogi
|move|p1a: money man|Thunder Wave|p2a: Shogi
|-status|p2a: Shogi|par
|
|-heal|p2a: Shogi|74/100 par|[from] item: Leftovers
|upkeep
|turn|11
|
|t:|1769392488
|cant|p2a: Shogi|par
|move|p1a: money man|Nasty Plot|p1a: money man
|-boost|p1a: money man|spa|2
|
|-heal|p2a: Shogi|80/100 par|[from] item: Leftovers
|upkeep
|turn|12
|
|t:|1769392494
|move|p1a: money man|Nasty Plot|p1a: money man
|-boost|p1a: money man|spa|2
|move|p2a: Shogi|Kowtow Cleave|p1a: money man
|-resisted|p1a: money man
|-damage|p1a: money man|5/100
|-enditem|p1a: money man|Air Balloon
|
|-heal|p2a: Shogi|86/100 par|[from] item: Leftovers
|upkeep
|turn|13
|
|t:|1769392504
|cant|p2a: Shogi|par
|move|p1a: money man|Make It Rain|p2a: Shogi
|-resisted|p2a: Shogi
|-damage|p2a: Shogi|0 fnt
|-unboost|p1a: money man|spa|1
|faint|p2a: Shogi
|-end|p2a: Shogi|fallen5|[silent]
|
|win|biggruse04
|raw|biggruse04's rating: 1098 &rarr; <strong>1122</strong><br />(+24 for winning)
|raw|c0nnla's rating: 1087 &rarr; <strong>1065</strong><br />(-22 for losing)
|c|☆c0nnla|gg
