|j|☆BIG NlGER RAPlST
|j|☆kittycat 1413
|t:|1769341235
|gametype|singles
|player|p1|BIG NlGER RAPlST|101|1294
|player|p2|kittycat 1413|caitlin|1336
|gen|9
|tier|[Gen 9] OU
|rated|
|rule|HP Percentage Mod: HP is shown in percentages
|rule|Endless Battle Clause: Forcing endless battles is banned
|rule|Species Clause: Limit one of each Pokémon
|rule|OHKO Clause: OHKO moves are banned
|rule|Evasion Items Clause: Evasion items are banned
|rule|Evasion Moves Clause: Evasion moves are banned
|rule|Evasion Abilities Clause: Evasion abilities are banned
|rule|Sleep Moves Clause: Sleep-inducing moves are banned
|clearpoke
|poke|p1|Barraskewda, F|
|poke|p1|Iron Treads|
|poke|p1|Hatterene, F|
|poke|p1|Zapdos|
|poke|p1|Pelipper, M|
|poke|p1|Toxicroak, F|
|poke|p2|Azelf|
|poke|p2|Tinkaton, F|
|poke|p2|Samurott-Hisui, M|
|poke|p2|Iron Moth|
|poke|p2|Meowscarada, F|
|poke|p2|Garchomp, M|
|teampreview
|
|t:|1769341247
|teamsize|p1|6
|teamsize|p2|6
|start
|switch|p1a: Barraskewda|Barraskewda, F, shiny|100/100
|switch|p2a: bonk|Tinkaton, F|100/100
|-ability|p2a: bonk|Mold Breaker
|-item|p2a: bonk|Air Balloon
|turn|1
|
|t:|1769341255
|move|p1a: Barraskewda|Flip Turn|p2a: bonk
|-crit|p2a: bonk
|-damage|p2a: bonk|9/100
|-enditem|p2a: bonk|Air Balloon
|
|t:|1769341261
|switch|p1a: Hatterene|Hatterene, F, shiny|100/100|[from] Flip Turn
|move|p2a: bonk|Stealth Rock|p1a: Hatterene
|-sidestart|p1: BIG NlGER RAPlST|move: Stealth Rock
|
|upkeep
|turn|2
|
|t:|1769341266
|switch|p1a: Pelipper|Pelipper, M, shiny|100/100
|-damage|p1a: Pelipper|76/100|[from] Stealth Rock
|-weather|RainDance|[from] ability: Drizzle|[of] p1a: Pelipper
|move|p2a: bonk|Gigaton Hammer|p1a: Pelipper
|-resisted|p1a: Pelipper
|-damage|p1a: Pelipper|47/100
|
|-weather|RainDance|[upkeep]
|upkeep
|turn|3
|
|t:|1769341273
|move|p2a: bonk|Thunder Wave|p1a: Pelipper|[miss]
|-miss|p2a: bonk|p1a: Pelipper
|move|p1a: Pelipper|Roost|p1a: Pelipper
|-heal|p1a: Pelipper|97/100
|-singleturn|p1a: Pelipper|move: Roost
|
|-weather|RainDance|[upkeep]
|upkeep
|turn|4
|
|t:|1769341278
|switch|p1a: Iron Treads|Iron Treads, shiny|100/100
|-damage|p1a: Iron Treads|97/100|[from] Stealth Rock
|move|p2a: bonk|Thunder Wave|p1a: Iron Treads
|-immune|p1a: Iron Treads
|
|-weather|RainDance|[upkeep]
|-heal|p1a: Iron Treads|100/100|[from] item: Leftovers
|upkeep
|turn|5
|
|t:|1769341286
|switch|p2a: azzy|Azelf|100/100
|move|p1a: Iron Treads|Rapid Spin|p2a: azzy
|-damage|p2a: azzy|77/100
|-boost|p1a: Iron Treads|spe|1
|-sideend|p1: BIG NlGER RAPlST|Stealth Rock|[from] move: Rapid Spin|[of] p1a: Iron Treads
|
|-weather|RainDance|[upkeep]
|upkeep
|turn|6
|
|t:|1769341304
|move|p1a: Iron Treads|Stealth Rock|p2a: azzy
|-sidestart|p2: kittycat 1413|move: Stealth Rock
|move|p2a: azzy|Fire Blast|p1a: Iron Treads
|-supereffective|p1a: Iron Treads
|-damage|p1a: Iron Treads|71/100
|
|-weather|RainDance|[upkeep]
|-heal|p1a: Iron Treads|78/100|[from] item: Leftovers
|upkeep
|turn|7
|
|t:|1769341317
|move|p1a: Iron Treads|Volt Switch|p2a: azzy
|-damage|p2a: azzy|58/100
|
|t:|1769341320
|-end|p1a: Iron Treads|Quark Drive|[silent]
|switch|p1a: Hatterene|Hatterene, F, shiny|100/100|[from] Volt Switch
|move|p2a: azzy|Metronome|p2a: azzy
|move|p2a: azzy|Psyblade|p1a: Hatterene|[from] move: Metronome
|-resisted|p1a: Hatterene
|-damage|p1a: Hatterene|86/100
|-enditem|p1a: Hatterene|Eject Button
|
|t:|1769341327
|switch|p1a: Barraskewda|Barraskewda, F, shiny|100/100
|
|-weather|RainDance|[upkeep]
|upkeep
|turn|8
|
|t:|1769341332
|move|p1a: Barraskewda|Flip Turn|p2a: azzy
|-damage|p2a: azzy|0 fnt
|faint|p2a: azzy
|
|t:|1769341336
|switch|p1a: Zapdos|Zapdos, shiny|100/100|[from] Flip Turn
|
|-weather|RainDance|[upkeep]
|upkeep
|
|t:|1769341344
|switch|p2a: glomp|Garchomp, M|100/100
|-damage|p2a: glomp|94/100|[from] Stealth Rock
|turn|9
|
|t:|1769341350
|-terastallize|p1a: Zapdos|Flying
|move|p2a: glomp|Iron Head|p1a: Zapdos
|-damage|p1a: Zapdos|66/100
|cant|p1a: Zapdos|flinch
|
|-weather|none
|upkeep
|turn|10
|
|t:|1769341356
|switch|p1a: Pelipper|Pelipper, M, shiny|97/100
|-weather|RainDance|[from] ability: Drizzle|[of] p1a: Pelipper
|move|p2a: glomp|Iron Head|p1a: Pelipper
|-resisted|p1a: Pelipper
|-damage|p1a: Pelipper|82/100
|
|-weather|RainDance|[upkeep]
|upkeep
|turn|11
|
|t:|1769341366
|switch|p1a: Iron Treads|Iron Treads, shiny|78/100
|move|p2a: glomp|Dragon Claw|p1a: Iron Treads
|-resisted|p1a: Iron Treads
|-damage|p1a: Iron Treads|63/100
|
|-weather|RainDance|[upkeep]
|-heal|p1a: Iron Treads|69/100|[from] item: Leftovers
|upkeep
|turn|12
|
|t:|1769341375
|switch|p2a: bonk|Tinkaton, F|9/100
|-damage|p2a: bonk|3/100|[from] Stealth Rock
|-ability|p2a: bonk|Mold Breaker
|move|p1a: Iron Treads|Earthquake|p2a: bonk
|-supereffective|p2a: bonk
|-damage|p2a: bonk|0 fnt
|faint|p2a: bonk
|
|-weather|RainDance|[upkeep]
|-heal|p1a: Iron Treads|75/100|[from] item: Leftovers
|upkeep
|
|t:|1769341382
|switch|p2a: moff|Iron Moth|100/100
|-damage|p2a: moff|76/100|[from] Stealth Rock
|-enditem|p2a: moff|Booster Energy
|-activate|p2a: moff|ability: Quark Drive|[fromitem]
|-start|p2a: moff|quarkdrivespa
|turn|13
|
|t:|1769341391
|move|p2a: moff|Fiery Dance|p1a: Iron Treads
|-supereffective|p1a: Iron Treads
|-damage|p1a: Iron Treads|28/100
|move|p1a: Iron Treads|Earthquake|p2a: moff
|-supereffective|p2a: moff
|-damage|p2a: moff|0 fnt
|faint|p2a: moff
|-end|p2a: moff|Quark Drive|[silent]
|
|-weather|RainDance|[upkeep]
|-heal|p1a: Iron Treads|35/100|[from] item: Leftovers
|upkeep
|
|t:|1769341394
|switch|p2a: glomp|Garchomp, M|94/100
|-damage|p2a: glomp|88/100|[from] Stealth Rock
|turn|14
|
|t:|1769341406
|move|p2a: glomp|Iron Head|p1a: Iron Treads
|-resisted|p1a: Iron Treads
|-crit|p1a: Iron Treads
|-damage|p1a: Iron Treads|18/100
|cant|p1a: Iron Treads|flinch
|
|-weather|RainDance|[upkeep]
|-heal|p1a: Iron Treads|25/100|[from] item: Leftovers
|upkeep
|turn|15
|
|t:|1769341414
|move|p2a: glomp|Earthquake|p1a: Iron Treads
|-supereffective|p1a: Iron Treads
|-damage|p1a: Iron Treads|0 fnt
|faint|p1a: Iron Treads
|-end|p1a: Iron Treads|Quark Drive|[silent]
|
|-weather|RainDance|[upkeep]
|upkeep
|
|t:|1769341418
|switch|p1a: Barraskewda|Barraskewda, F, shiny|100/100
|turn|16
|
|t:|1769341428
|move|p1a: Barraskewda|Flip Turn|p2a: glomp
|-damage|p2a: glomp|19/100
|-damage|p1a: Barraskewda|88/100|[from] ability: Rough Skin|[of] p2a: glomp
|-damage|p1a: Barraskewda|72/100|[from] item: Rocky Helmet|[of] p2a: glomp
|
|t:|1769341435
|switch|p1a: Hatterene|Hatterene, F, shiny|86/100|[from] Flip Turn
|move|p2a: glomp|Iron Head|p1a: Hatterene
|-supereffective|p1a: Hatterene
|-crit|p1a: Hatterene
|-damage|p1a: Hatterene|17/100
|
|-weather|RainDance|[upkeep]
|upkeep
|turn|17
|
|t:|1769341441
|move|p2a: glomp|Iron Head|p1a: Hatterene
|-supereffective|p1a: Hatterene
|-damage|p1a: Hatterene|0 fnt
|faint|p1a: Hatterene
|
|-weather|none
|upkeep
|
|t:|1769341444
|switch|p1a: Barraskewda|Barraskewda, F, shiny|72/100
|turn|18
|
|t:|1769341447
|move|p1a: Barraskewda|Flip Turn|p2a: glomp
|-damage|p2a: glomp|0 fnt
|-damage|p1a: Barraskewda|60/100|[from] ability: Rough Skin|[of] p2a: glomp
|-damage|p1a: Barraskewda|43/100|[from] item: Rocky Helmet|[of] p2a: glomp
|faint|p2a: glomp
|
|t:|1769341450
|switch|p1a: Pelipper|Pelipper, M, shiny|82/100|[from] Flip Turn
|-weather|RainDance|[from] ability: Drizzle|[of] p1a: Pelipper
|
|-weather|RainDance|[upkeep]
|upkeep
|
|t:|1769341459
|switch|p2a: maow|Meowscarada, F|100/100
|-damage|p2a: maow|88/100|[from] Stealth Rock
|turn|19
|
|t:|1769341469
|-terastallize|p2a: maow|Dark
|move|p2a: maow|Knock Off|p1a: Pelipper
|-damage|p1a: Pelipper|1/100
|-enditem|p1a: Pelipper|Damp Rock|[from] move: Knock Off|[of] p2a: maow
|-damage|p2a: maow|78/100|[from] item: Life Orb
|move|p1a: Pelipper|U-turn|p2a: maow
|-supereffective|p2a: maow
|-damage|p2a: maow|48/100
|
|t:|1769341477
|switch|p1a: Barraskewda|Barraskewda, F, shiny|43/100|[from] U-turn
|
|-weather|RainDance|[upkeep]
|upkeep
|turn|20
|
|t:|1769341484
|move|p1a: Barraskewda|Close Combat|p2a: maow
|-supereffective|p2a: maow
|-damage|p2a: maow|0 fnt
|-unboost|p1a: Barraskewda|def|1
|-unboost|p1a: Barraskewda|spd|1
|faint|p2a: maow
|
|-weather|RainDance|[upkeep]
|upkeep
|
|t:|1769341486
|switch|p2a: scary|Samurott-Hisui, M|100/100
|-damage|p2a: scary|88/100|[from] Stealth Rock
|turn|21
|
|t:|1769341492
|move|p1a: Barraskewda|Close Combat|p2a: scary
|-supereffective|p2a: scary
|-damage|p2a: scary|0 fnt
|-unboost|p1a: Barraskewda|def|1
|-unboost|p1a: Barraskewda|spd|1
|faint|p2a: scary
|
|win|BIG NlGER RAPlST
|raw|BIG NlGER RAPlST's rating: 1294 &rarr; <strong>1322</strong><br />(+28 for winning)
|raw|kittycat 1413's rating: 1336 &rarr; <strong>1314</strong><br />(-22 for losing)
|l|☆kittycat 1413
|player|p2|
