|j|☆Paleodan
|j|☆justraffe
|t:|1769319971
|gametype|singles
|player|p1|Paleodan|adaman|1536
|player|p2|justraffe|elesa-masters3|1557
|gen|9
|tier|[Gen 9] OU
|rated|
|rule|HP Percentage Mod: HP is shown in percentages
|rule|Endless Battle Clause: Forcing endless battles is banned
|rule|Species Clause: Limit one of each Pokémon
|rule|OHKO Clause: OHKO moves are banned
|rule|Evasion Items Clause: Evasion items are banned
|rule|Evasion Moves Clause: Evasion moves are banned
|rule|Evasion Abilities Clause: Evasion abilities are banned
|rule|Sleep Moves Clause: Sleep-inducing moves are banned
|clearpoke
|poke|p1|Samurott-Hisui, F|
|poke|p1|Gholdengo|
|poke|p1|Landorus-Therian, M|
|poke|p1|Iron Valiant|
|poke|p1|Ogerpon-Wellspring, F|
|poke|p1|Iron Treads|
|poke|p2|Gliscor, F|
|poke|p2|Gholdengo|
|poke|p2|Ogerpon-Cornerstone, F|
|poke|p2|Dondozo, F|
|poke|p2|Cresselia, F|
|poke|p2|Cinderace, F|
|teampreview
|inactive|Battle timer is ON: inactive players will automatically lose when time's up. (requested by justraffe)
|c|☆Paleodan|glhf
|inactive|Paleodan has 120 seconds left.
|inactive|justraffe has 120 seconds left.
|
|t:|1769320013
|teamsize|p1|6
|teamsize|p2|6
|start
|switch|p1a: Landorus|Landorus-Therian, M|100/100
|switch|p2a: Cinderace|Cinderace, F|100/100
|-ability|p1a: Landorus|Intimidate|boost
|-unboost|p2a: Cinderace|atk|1
|turn|1
|
|t:|1769320022
|switch|p2a: Gliscor|Gliscor, F, shiny|100/100
|move|p1a: Landorus|U-turn|p2a: Gliscor
|-resisted|p2a: Gliscor
|-damage|p2a: Gliscor|94/100
|
|t:|1769320030
|switch|p1a: Iron Treads|Iron Treads|100/100|[from] U-turn
|
|-status|p2a: Gliscor|tox|[from] item: Toxic Orb
|upkeep
|turn|2
|
|t:|1769320042
|switch|p2a: Dondozo|Dondozo, F|100/100
|move|p1a: Iron Treads|Ice Spinner|p2a: Dondozo
|-resisted|p2a: Dondozo
|-crit|p2a: Dondozo
|-damage|p2a: Dondozo|93/100
|
|-heal|p2a: Dondozo|99/100|[from] item: Leftovers
|upkeep
|turn|3
|
|t:|1769320047
|move|p1a: Iron Treads|Knock Off|p2a: Dondozo
|-damage|p2a: Dondozo|86/100
|-enditem|p2a: Dondozo|Leftovers|[from] move: Knock Off|[of] p1a: Iron Treads
|move|p2a: Dondozo|Body Press|p1a: Iron Treads
|-supereffective|p1a: Iron Treads
|-damage|p1a: Iron Treads|51/100
|
|upkeep
|turn|4
|
|t:|1769320062
|-end|p1a: Iron Treads|Quark Drive|[silent]
|switch|p1a: Gholdengo|Gholdengo|100/100
|-item|p1a: Gholdengo|Air Balloon
|move|p2a: Dondozo|Liquidation|p1a: Gholdengo
|-damage|p1a: Gholdengo|81/100
|-enditem|p1a: Gholdengo|Air Balloon
|
|upkeep
|turn|5
|
|t:|1769320073
|switch|p2a: Gliscor|Gliscor, F, shiny|94/100 tox
|move|p1a: Gholdengo|Recover|p1a: Gholdengo
|-heal|p1a: Gholdengo|100/100
|
|-heal|p2a: Gliscor|100/100 tox|[from] ability: Poison Heal
|upkeep
|turn|6
|
|t:|1769320087
|move|p2a: Gliscor|U-turn|p1a: Gholdengo
|-resisted|p1a: Gholdengo
|-damage|p1a: Gholdengo|98/100
|
|t:|1769320091
|switch|p2a: Cinderace|Cinderace, F|100/100|[from] U-turn
|move|p1a: Gholdengo|Hex|p2a: Cinderace
|-damage|p2a: Cinderace|63/100
|
|upkeep
|turn|7
|
|t:|1769320097
|move|p2a: Cinderace|Pyro Ball|p1a: Gholdengo
|-supereffective|p1a: Gholdengo
|-damage|p1a: Gholdengo|9/100
|move|p1a: Gholdengo|Thunder Wave|p2a: Cinderace
|-status|p2a: Cinderace|par
|
|upkeep
|turn|8
|
|t:|1769320105
|switch|p1a: Landorus|Landorus-Therian, M|100/100
|-ability|p1a: Landorus|Intimidate|boost
|-unboost|p2a: Cinderace|atk|1
|move|p2a: Cinderace|Sucker Punch||[still]
|-fail|p2a: Cinderace
|
|upkeep
|turn|9
|
|t:|1769320111
|switch|p2a: Gliscor|Gliscor, F, shiny|100/100 tox
|move|p1a: Landorus|Stealth Rock|p2a: Gliscor
|-sidestart|p2: justraffe|move: Stealth Rock
|
|upkeep
|turn|10
|
|t:|1769320120
|move|p1a: Landorus|Smack Down|p2a: Gliscor
|-damage|p2a: Gliscor|91/100 tox
|-start|p2a: Gliscor|Smack Down
|move|p2a: Gliscor|U-turn|p1a: Landorus
|-resisted|p1a: Landorus
|-damage|p1a: Landorus|93/100
|-damage|p2a: Gliscor|75/100 tox|[from] item: Rocky Helmet|[of] p1a: Landorus
|
|t:|1769320134
|switch|p2a: Dondozo|Dondozo, F|86/100|[from] U-turn
|-damage|p2a: Dondozo|73/100|[from] Stealth Rock
|
|upkeep
|turn|11
|
|t:|1769320149
|move|p1a: Landorus|U-turn|p2a: Dondozo
|-damage|p2a: Dondozo|64/100
|
|t:|1769320154
|switch|p1a: Ogerpon|Ogerpon-Wellspring, F|100/100|[from] U-turn
|move|p2a: Dondozo|Body Press|p1a: Ogerpon
|-crit|p1a: Ogerpon
|-damage|p1a: Ogerpon|43/100
|
|upkeep
|turn|12
|
|t:|1769320166
|move|p1a: Ogerpon|Power Whip|p2a: Dondozo
|-supereffective|p2a: Dondozo
|-damage|p2a: Dondozo|2/100
|move|p2a: Dondozo|Rest|p2a: Dondozo
|-status|p2a: Dondozo|slp|[from] move: Rest
|-heal|p2a: Dondozo|100/100 slp|[silent]
|
|upkeep
|turn|13
|
|t:|1769320188
|switch|p1a: Samurott|Samurott-Hisui, F|100/100
|switch|p2a: Gliscor|Gliscor, F, shiny|75/100 tox
|-damage|p2a: Gliscor|62/100 tox|[from] Stealth Rock
|
|-heal|p2a: Gliscor|75/100 tox|[from] ability: Poison Heal
|upkeep
|turn|14
|
|t:|1769320194
|move|p2a: Gliscor|Protect|p2a: Gliscor
|-singleturn|p2a: Gliscor|Protect
|move|p1a: Samurott|Ceaseless Edge|p2a: Gliscor
|-activate|p2a: Gliscor|move: Protect
|
|-heal|p2a: Gliscor|87/100 tox|[from] ability: Poison Heal
|upkeep
|turn|15
|
|t:|1769320204
|move|p2a: Gliscor|U-turn|p1a: Samurott
|-supereffective|p1a: Samurott
|-damage|p1a: Samurott|67/100
|
|t:|1769320207
|switch|p2a: Dondozo|Dondozo, F|100/100 slp|[from] U-turn
|-damage|p2a: Dondozo|88/100 slp|[from] Stealth Rock
|move|p1a: Samurott|Ceaseless Edge|p2a: Dondozo
|-damage|p2a: Dondozo|70/100 slp
|-sidestart|p2: justraffe|Spikes
|
|upkeep
|turn|16
|
|t:|1769320210
|move|p1a: Samurott|Ceaseless Edge|p2a: Dondozo
|-damage|p2a: Dondozo|51/100 slp
|-sidestart|p2: justraffe|Spikes
|cant|p2a: Dondozo|slp
|move|p2a: Dondozo|Sleep Talk|p2a: Dondozo
|move|p2a: Dondozo|Body Press|p1a: Samurott|[from] move: Sleep Talk
|-supereffective|p1a: Samurott
|-damage|p1a: Samurott|4/100
|
|upkeep
|turn|17
|
|t:|1769320220
|move|p1a: Samurott|Ceaseless Edge|p2a: Dondozo
|-damage|p2a: Dondozo|34/100 slp
|-sidestart|p2: justraffe|Spikes
|cant|p2a: Dondozo|slp
|move|p2a: Dondozo|Sleep Talk|p2a: Dondozo
|move|p2a: Dondozo|Liquidation|p1a: Samurott|[from] move: Sleep Talk
|-resisted|p1a: Samurott
|-damage|p1a: Samurott|0 fnt
|faint|p1a: Samurott
|
|upkeep
|
|t:|1769320233
|switch|p1a: Gholdengo|Gholdengo|9/100
|turn|18
|
|t:|1769320239
|switch|p2a: Gliscor|Gliscor, F, shiny|87/100 tox
|-damage|p2a: Gliscor|75/100 tox|[from] Stealth Rock
|move|p1a: Gholdengo|Recover|p1a: Gholdengo
|-heal|p1a: Gholdengo|59/100
|
|-heal|p2a: Gliscor|87/100 tox|[from] ability: Poison Heal
|upkeep
|turn|19
|
|t:|1769320249
|move|p2a: Gliscor|Earthquake|p1a: Gholdengo
|-supereffective|p1a: Gholdengo
|-damage|p1a: Gholdengo|9/100
|move|p1a: Gholdengo|Recover|p1a: Gholdengo
|-heal|p1a: Gholdengo|59/100
|
|-heal|p2a: Gliscor|99/100 tox|[from] ability: Poison Heal
|upkeep
|turn|20
|
|t:|1769320256
|move|p2a: Gliscor|Earthquake|p1a: Gholdengo
|-supereffective|p1a: Gholdengo
|-crit|p1a: Gholdengo
|-damage|p1a: Gholdengo|0 fnt
|faint|p1a: Gholdengo
|
|-heal|p2a: Gliscor|100/100 tox|[from] ability: Poison Heal
|upkeep
|
|t:|1769320266
|switch|p1a: Landorus|Landorus-Therian, M|93/100
|-ability|p1a: Landorus|Intimidate|boost
|-unboost|p2a: Gliscor|atk|1
|turn|21
|
|t:|1769320271
|move|p1a: Landorus|Smack Down|p2a: Gliscor
|-damage|p2a: Gliscor|91/100 tox
|-start|p2a: Gliscor|Smack Down
|move|p2a: Gliscor|Toxic|p1a: Landorus
|-status|p1a: Landorus|tox
|
|-damage|p1a: Landorus|87/100 tox|[from] psn
|-heal|p2a: Gliscor|100/100 tox|[from] ability: Poison Heal
|upkeep
|turn|22
|
|t:|1769320277
|move|p2a: Gliscor|Protect|p2a: Gliscor
|-singleturn|p2a: Gliscor|Protect
|move|p1a: Landorus|Earthquake|p2a: Gliscor
|-activate|p2a: Gliscor|move: Protect
|
|-damage|p1a: Landorus|75/100 tox|[from] psn
|upkeep
|turn|23
|
|t:|1769320285
|move|p1a: Landorus|Earthquake|p2a: Gliscor
|-damage|p2a: Gliscor|73/100 tox
|move|p2a: Gliscor|Toxic|p1a: Landorus
|-fail|p1a: Landorus|tox
|
|-damage|p1a: Landorus|57/100 tox|[from] psn
|-heal|p2a: Gliscor|86/100 tox|[from] ability: Poison Heal
|upkeep
|turn|24
|
|t:|1769320293
|switch|p1a: Iron Valiant|Iron Valiant|100/100
|-enditem|p1a: Iron Valiant|Booster Energy
|-activate|p1a: Iron Valiant|ability: Quark Drive|[fromitem]
|-start|p1a: Iron Valiant|quarkdrivespe
|move|p2a: Gliscor|Toxic|p1a: Iron Valiant
|-status|p1a: Iron Valiant|tox
|
|-damage|p1a: Iron Valiant|94/100 tox|[from] psn
|-heal|p2a: Gliscor|98/100 tox|[from] ability: Poison Heal
|upkeep
|turn|25
|
|t:|1769320300
|move|p1a: Iron Valiant|Encore|p2a: Gliscor
|-start|p2a: Gliscor|Encore
|move|p2a: Gliscor|Toxic|p1a: Iron Valiant
|-fail|p1a: Iron Valiant|tox
|
|-damage|p1a: Iron Valiant|82/100 tox|[from] psn
|-heal|p2a: Gliscor|100/100 tox|[from] ability: Poison Heal
|upkeep
|turn|26
|
|t:|1769320305
|-end|p1a: Iron Valiant|Quark Drive|[silent]
|switch|p1a: Iron Treads|Iron Treads|51/100
|switch|p2a: Cresselia|Cresselia, F|100/100
|-damage|p2a: Cresselia|88/100|[from] Stealth Rock
|
|-heal|p2a: Cresselia|94/100|[from] item: Leftovers
|upkeep
|turn|27
|
|t:|1769320311
|switch|p2a: Gliscor|Gliscor, F, shiny|100/100 tox
|-damage|p2a: Gliscor|88/100 tox|[from] Stealth Rock
|move|p1a: Iron Treads|Knock Off|p2a: Gliscor
|-damage|p2a: Gliscor|70/100 tox
|-enditem|p2a: Gliscor|Toxic Orb|[from] move: Knock Off|[of] p1a: Iron Treads
|
|-heal|p2a: Gliscor|82/100 tox|[from] ability: Poison Heal
|upkeep
|turn|28
|
|t:|1769320317
|move|p2a: Gliscor|Protect|p2a: Gliscor
|-singleturn|p2a: Gliscor|Protect
|move|p1a: Iron Treads|Ice Spinner|p2a: Gliscor
|-activate|p2a: Gliscor|move: Protect
|
|-heal|p2a: Gliscor|95/100 tox|[from] ability: Poison Heal
|upkeep
|turn|29
|
|t:|1769320326
|switch|p2a: Cresselia|Cresselia, F|94/100
|-damage|p2a: Cresselia|82/100|[from] Stealth Rock
|move|p1a: Iron Treads|Ice Spinner|p2a: Cresselia
|-damage|p2a: Cresselia|64/100
|
|-heal|p2a: Cresselia|70/100|[from] item: Leftovers
|upkeep
|turn|30
|
|t:|1769320333
|move|p1a: Iron Treads|Ice Spinner|p2a: Cresselia
|-damage|p2a: Cresselia|52/100
|move|p2a: Cresselia|Calm Mind|p2a: Cresselia
|-boost|p2a: Cresselia|spa|1
|-boost|p2a: Cresselia|spd|1
|
|-heal|p2a: Cresselia|58/100|[from] item: Leftovers
|upkeep
|turn|31
|
|t:|1769320337
|move|p1a: Iron Treads|Knock Off|p2a: Cresselia
|-supereffective|p2a: Cresselia
|-damage|p2a: Cresselia|12/100
|-enditem|p2a: Cresselia|Leftovers|[from] move: Knock Off|[of] p1a: Iron Treads
|move|p2a: Cresselia|Stored Power|p1a: Iron Treads
|-resisted|p1a: Iron Treads
|-damage|p1a: Iron Treads|34/100
|
|upkeep
|turn|32
|
|t:|1769320342
|move|p1a: Iron Treads|Ice Spinner|p2a: Cresselia
|-damage|p2a: Cresselia|0 fnt
|faint|p2a: Cresselia
|
|upkeep
|
|t:|1769320358
|switch|p2a: Ogerpon|Ogerpon-Cornerstone, F|100/100
|-damage|p2a: Ogerpon|88/100|[from] Stealth Rock
|-damage|p2a: Ogerpon|63/100|[from] Spikes
|turn|33
|
|t:|1769320370
|move|p2a: Ogerpon|Low Kick|p1a: Iron Treads
|-supereffective|p1a: Iron Treads
|-damage|p1a: Iron Treads|0 fnt
|faint|p1a: Iron Treads
|-end|p1a: Iron Treads|Quark Drive|[silent]
|
|upkeep
|
|t:|1769320374
|switch|p1a: Landorus|Landorus-Therian, M|57/100 tox
|-ability|p1a: Landorus|Intimidate|boost
|-unboost|p2a: Ogerpon|atk|1
|turn|34
|
|t:|1769320381
|move|p2a: Ogerpon|Ivy Cudgel|p1a: Landorus|[anim] Ivy Cudgel Rock
|-damage|p1a: Landorus|18/100 tox
|move|p1a: Landorus|U-turn|p2a: Ogerpon
|-supereffective|p2a: Ogerpon
|-damage|p2a: Ogerpon|7/100
|
|t:|1769320386
|switch|p1a: Iron Valiant|Iron Valiant|82/100 tox|[from] U-turn
|
|-damage|p1a: Iron Valiant|76/100 tox|[from] psn
|upkeep
|turn|35
|
|t:|1769320390
|switch|p2a: Gholdengo|Gholdengo|100/100
|-damage|p2a: Gholdengo|94/100|[from] Stealth Rock
|-damage|p2a: Gholdengo|70/100|[from] Spikes
|move|p1a: Iron Valiant|Moonblast|p2a: Gholdengo
|-resisted|p2a: Gholdengo
|-damage|p2a: Gholdengo|47/100
|
|-damage|p1a: Iron Valiant|63/100 tox|[from] psn
|upkeep
|turn|36
|
|t:|1769320395
|move|p1a: Iron Valiant|Knock Off|p2a: Gholdengo
|-supereffective|p2a: Gholdengo
|-crit|p2a: Gholdengo
|-enditem|p2a: Gholdengo|Colbur Berry|[eat]
|-enditem|p2a: Gholdengo|Colbur Berry|[weaken]
|-damage|p2a: Gholdengo|4/100
|move|p2a: Gholdengo|Recover|p2a: Gholdengo
|-heal|p2a: Gholdengo|54/100
|
|-damage|p1a: Iron Valiant|44/100 tox|[from] psn
|upkeep
|turn|37
|
|t:|1769320403
|switch|p2a: Gliscor|Gliscor, F, shiny|95/100 tox
|-damage|p2a: Gliscor|82/100 tox|[from] Stealth Rock
|move|p1a: Iron Valiant|Encore||[still]
|-fail|p1a: Iron Valiant
|
|-damage|p1a: Iron Valiant|20/100 tox|[from] psn
|-heal|p2a: Gliscor|95/100 tox|[from] ability: Poison Heal
|upkeep
|turn|38
|
|t:|1769320412
|move|p1a: Iron Valiant|Moonblast|p2a: Gliscor
|-damage|p2a: Gliscor|38/100 tox
|-unboost|p2a: Gliscor|spa|1
|move|p2a: Gliscor|U-turn|p1a: Iron Valiant
|-resisted|p1a: Iron Valiant
|-damage|p1a: Iron Valiant|15/100 tox
|
|t:|1769320433
|switch|p2a: Gholdengo|Gholdengo|54/100|[from] U-turn
|-damage|p2a: Gholdengo|48/100|[from] Stealth Rock
|-damage|p2a: Gholdengo|23/100|[from] Spikes
|
|-damage|p1a: Iron Valiant|0 fnt|[from] psn
|faint|p1a: Iron Valiant
|-end|p1a: Iron Valiant|Quark Drive|[silent]
|upkeep
|
|t:|1769320436
|switch|p1a: Ogerpon|Ogerpon-Wellspring, F|43/100
|turn|39
|
|t:|1769320441
|move|p1a: Ogerpon|Ivy Cudgel|p2a: Gholdengo|[anim] Ivy Cudgel Water
|-damage|p2a: Gholdengo|0 fnt
|faint|p2a: Gholdengo
|
|upkeep
|
|t:|1769320450
|switch|p2a: Cinderace|Cinderace, F|63/100 par
|turn|40
|
|t:|1769320456
|-terastallize|p1a: Ogerpon|Water
|detailschange|p1a: Ogerpon|Ogerpon-Wellspring-Tera, F, tera:Water
|-ability|p1a: Ogerpon|Embody Aspect (Wellspring)|boost
|-boost|p1a: Ogerpon|spd|1
|move|p2a: Cinderace|Sucker Punch|p1a: Ogerpon
|-start|p2a: Cinderace|typechange|Dark|[from] ability: Libero
|-damage|p1a: Ogerpon|2/100
|move|p1a: Ogerpon|Ivy Cudgel|p2a: Cinderace|[anim] Ivy Cudgel Water
|-damage|p2a: Cinderace|0 fnt
|faint|p2a: Cinderace
|
|upkeep
|
|t:|1769320468
|switch|p2a: Gliscor|Gliscor, F, shiny|38/100 tox
|-damage|p2a: Gliscor|25/100 tox|[from] Stealth Rock
|turn|41
|
|t:|1769320491
|move|p2a: Gliscor|Protect|p2a: Gliscor
|-singleturn|p2a: Gliscor|Protect
|move|p1a: Ogerpon|Ivy Cudgel|p2a: Gliscor|[anim] Ivy Cudgel Water
|-activate|p2a: Gliscor|move: Protect
|
|-heal|p2a: Gliscor|38/100 tox|[from] ability: Poison Heal
|upkeep
|turn|42
|
|t:|1769320499
|-terastallize|p2a: Gliscor|Water
|move|p1a: Ogerpon|Ivy Cudgel|p2a: Gliscor|[anim] Ivy Cudgel Water
|-resisted|p2a: Gliscor
|-damage|p2a: Gliscor|13/100 tox
|move|p2a: Gliscor|Earthquake|p1a: Ogerpon
|-damage|p1a: Ogerpon|0 fnt
|faint|p1a: Ogerpon
|detailschange|p1: Ogerpon|Ogerpon-Wellspring, F|[silent]
|
|-heal|p2a: Gliscor|26/100 tox|[from] ability: Poison Heal
|upkeep
|
|t:|1769320501
|switch|p1a: Landorus|Landorus-Therian, M|18/100 tox
|-ability|p1a: Landorus|Intimidate|boost
|-unboost|p2a: Gliscor|atk|1
|turn|43
|
|t:|1769320508
|move|p2a: Gliscor|Protect|p2a: Gliscor
|-singleturn|p2a: Gliscor|Protect
|move|p1a: Landorus|Earthquake|p2a: Gliscor
|-activate|p2a: Gliscor|move: Protect
|
|-damage|p1a: Landorus|12/100 tox|[from] psn
|-heal|p2a: Gliscor|38/100 tox|[from] ability: Poison Heal
|upkeep
|turn|44
|
|t:|1769320513
|switch|p2a: Ogerpon|Ogerpon-Cornerstone, F|7/100
|-damage|p2a: Ogerpon|0 fnt|[from] Stealth Rock
|faint|p2a: Ogerpon
|move|p1a: Landorus|Earthquake|p2: Ogerpon|[notarget]
|-fail|p1a: Landorus
|
|-damage|p1a: Landorus|0 fnt|[from] psn
|faint|p1a: Landorus
|
|win|justraffe
|raw|Paleodan's rating: 1536 &rarr; <strong>1517</strong><br />(-19 for losing)
|raw|justraffe's rating: 1557 &rarr; <strong>1576</strong><br />(+19 for winning)
|c|☆Paleodan|gg
|c|☆justraffe|Gg
|l|☆justraffe
|player|p2|
|l|☆Paleodan
|player|p1|
