|j|☆CambridgeFoulPlay
|j|☆Nikator98
|t:|1769352603
|gametype|singles
|player|p1|CambridgeFoulPlay|266|1707
|player|p2|Nikator98|giovanni|1771
|gen|9
|tier|[Gen 9] OU
|rated|
|rule|HP Percentage Mod: HP is shown in percentages
|rule|Endless Battle Clause: Forcing endless battles is banned
|rule|Species Clause: Limit one of each Pokémon
|rule|OHKO Clause: OHKO moves are banned
|rule|Evasion Items Clause: Evasion items are banned
|rule|Evasion Moves Clause: Evasion moves are banned
|rule|Evasion Abilities Clause: Evasion abilities are banned
|rule|Sleep Moves Clause: Sleep-inducing moves are banned
|clearpoke
|poke|p1|Hydrapple, M|
|poke|p1|Tyranitar, F|
|poke|p1|Moltres|
|poke|p1|Zamazenta-*|
|poke|p1|Slowking-Galar, F|
|poke|p1|Excadrill, F|
|poke|p2|Metagross|
|poke|p2|Great Tusk|
|poke|p2|Haxorus, M|
|poke|p2|Iron Moth|
|poke|p2|Zoroark-Hisui, M|
|poke|p2|Ninetales-Alola, F|
|teampreview
|c|☆CambridgeFoulPlay|hf
|inactive|Battle timer is ON: inactive players will automatically lose when time's up. (requested by CambridgeFoulPlay)
|c|☆Nikator98|hf
|
|t:|1769352626
|teamsize|p1|6
|teamsize|p2|6
|start
|switch|p1a: Zamazenta|Zamazenta|100/100
|switch|p2a: Kumaryia|Great Tusk, shiny|100/100
|-ability|p1a: Zamazenta|Dauntless Shield|boost
|-boost|p1a: Zamazenta|def|1
|turn|1
|
|t:|1769352632
|move|p1a: Zamazenta|Iron Defense|p1a: Zamazenta
|-boost|p1a: Zamazenta|def|2
|move|p2a: Kumaryia|Bitter Malice|p1a: Zamazenta
|-damage|p1a: Zamazenta|43/100
|-unboost|p1a: Zamazenta|atk|1
|
|-heal|p1a: Zamazenta|49/100|[from] item: Leftovers
|upkeep
|turn|2
|
|t:|1769352641
|move|p1a: Zamazenta|Crunch|p2a: Kumaryia
|-supereffective|p2a: Kumaryia
|-damage|p2a: Kumaryia|38/100
|replace|p2a: Van Helsing|Zoroark-Hisui, M, shiny
|-end|p2a: Van Helsing|Illusion
|move|p2a: Van Helsing|Bitter Malice|p1a: Zamazenta
|-damage|p1a: Zamazenta|0 fnt
|faint|p1a: Zamazenta
|
|upkeep
|
|t:|1769352644
|switch|p1a: Hydrapple|Hydrapple, M|100/100
|turn|3
|
|t:|1769352666
|switch|p2a: Arquillian Sentry|Metagross|100/100
|move|p1a: Hydrapple|Earth Power|p2a: Arquillian Sentry
|-supereffective|p2a: Arquillian Sentry
|-damage|p2a: Arquillian Sentry|50/100
|
|upkeep
|turn|4
|
|t:|1769352676
|move|p2a: Arquillian Sentry|Stealth Rock|p1a: Hydrapple
|-sidestart|p1: CambridgeFoulPlay|move: Stealth Rock
|move|p1a: Hydrapple|Earth Power|p2a: Arquillian Sentry
|-supereffective|p2a: Arquillian Sentry
|-damage|p2a: Arquillian Sentry|1/100
|
|upkeep
|turn|5
|-enditem|p2a: Arquillian Sentry|Custap Berry|[eat]
|-activate|p2a: Arquillian Sentry|item: Custap Berry|[consumed]
|
|t:|1769352687
|move|p2a: Arquillian Sentry|Explosion|p1a: Hydrapple
|-damage|p1a: Hydrapple|40/100
|faint|p2a: Arquillian Sentry
|move|p1a: Hydrapple|Earth Power|p2: Arquillian Sentry|[notarget]
|-fail|p1a: Hydrapple
|
|upkeep
|inactive|Nikator98 has 120 seconds left.
|
|t:|1769352712
|switch|p2a: Lacelle|Haxorus, M, shiny|100/100
|-ability|p2a: Lacelle|Mold Breaker
|turn|6
|
|t:|1769352717
|-terastallize|p1a: Hydrapple|Poison
|move|p2a: Lacelle|Scale Shot|p1a: Hydrapple
|-damage|p1a: Hydrapple|30/100
|-damage|p1a: Hydrapple|20/100
|-damage|p1a: Hydrapple|12/100
|-crit|p1a: Hydrapple
|-damage|p1a: Hydrapple|0 fnt
|faint|p1a: Hydrapple
|-hitcount|p1: Hydrapple|4
|-unboost|p2a: Lacelle|def|1
|-boost|p2a: Lacelle|spe|1
|
|upkeep
|
|t:|1769352720
|switch|p1a: Tyranitar|Tyranitar, F|100/100
|-damage|p1a: Tyranitar|88/100|[from] Stealth Rock
|-weather|Sandstorm|[from] ability: Sand Stream|[of] p1a: Tyranitar
|turn|7
|j| MakX70
|
|t:|1769352732
|move|p2a: Lacelle|Close Combat|p1a: Tyranitar
|-supereffective|p1a: Tyranitar
|-damage|p1a: Tyranitar|0 fnt
|-unboost|p2a: Lacelle|def|1
|-unboost|p2a: Lacelle|spd|1
|faint|p1a: Tyranitar
|
|-weather|Sandstorm|[upkeep]
|-damage|p2a: Lacelle|94/100|[from] Sandstorm
|upkeep
|
|t:|1769352735
|switch|p1a: Excadrill|Excadrill, F|100/100
|-damage|p1a: Excadrill|97/100|[from] Stealth Rock
|-item|p1a: Excadrill|Air Balloon
|turn|8
|
|t:|1769352746
|switch|p2a: Kumaryia|Great Tusk, shiny|38/100
|move|p1a: Excadrill|Earthquake|p2a: Kumaryia
|-damage|p2a: Kumaryia|0 fnt
|replace|p2a: Van Helsing|Zoroark-Hisui, M, shiny
|-end|p2a: Van Helsing|Illusion
|faint|p2a: Van Helsing
|
|-weather|Sandstorm|[upkeep]
|upkeep
|
|t:|1769352754
|switch|p2a: Asfaloth|Ninetales-Alola, F, shiny|100/100
|-weather|Snowscape|[from] ability: Snow Warning|[of] p2a: Asfaloth
|turn|9
|
|t:|1769352763
|move|p2a: Asfaloth|Aurora Veil|p2a: Asfaloth
|-sidestart|p2: Nikator98|move: Aurora Veil
|move|p1a: Excadrill|Rapid Spin|p2a: Asfaloth
|-damage|p2a: Asfaloth|93/100
|-boost|p1a: Excadrill|spe|1
|-sideend|p1: CambridgeFoulPlay|Stealth Rock|[from] move: Rapid Spin|[of] p1a: Excadrill
|
|-weather|Snowscape|[upkeep]
|upkeep
|turn|10
|
|t:|1769352771
|move|p1a: Excadrill|Earthquake|p2a: Asfaloth
|-damage|p2a: Asfaloth|71/100
|move|p2a: Asfaloth|Freeze-Dry|p1a: Excadrill
|-damage|p1a: Excadrill|66/100
|-enditem|p1a: Excadrill|Air Balloon
|
|-weather|Snowscape|[upkeep]
|upkeep
|turn|11
|
|t:|1769352780
|switch|p2a: Kumaryia|Great Tusk, shiny|100/100
|move|p1a: Excadrill|Earthquake|p2a: Kumaryia
|-damage|p2a: Kumaryia|80/100
|
|-weather|Snowscape|[upkeep]
|upkeep
|turn|12
|
|t:|1769352794
|switch|p1a: Moltres|Moltres|100/100
|move|p2a: Kumaryia|Knock Off|p1a: Moltres
|-damage|p1a: Moltres|78/100
|-enditem|p1a: Moltres|Heavy-Duty Boots|[from] move: Knock Off|[of] p2a: Kumaryia
|
|-weather|Snowscape|[upkeep]
|upkeep
|turn|13
|
|t:|1769352805
|-end|p2a: Kumaryia|Protosynthesis|[silent]
|switch|p2a: Gothmog|Iron Moth|100/100
|-enditem|p2a: Gothmog|Booster Energy
|-activate|p2a: Gothmog|ability: Quark Drive|[fromitem]
|-start|p2a: Gothmog|quarkdrivespe
|move|p1a: Moltres|Roost|p1a: Moltres
|-heal|p1a: Moltres|100/100
|-singleturn|p1a: Moltres|move: Roost
|
|-weather|none
|upkeep
|turn|14
|
|t:|1769352815
|switch|p1a: Slowking|Slowking-Galar, F|100/100
|move|p2a: Gothmog|Sludge Wave|p1a: Slowking
|-resisted|p1a: Slowking
|-damage|p1a: Slowking|88/100
|
|upkeep
|turn|15
|
|t:|1769352837
|-end|p2a: Gothmog|Quark Drive|[silent]
|switch|p2a: Asfaloth|Ninetales-Alola, F, shiny|71/100
|-weather|Snowscape|[from] ability: Snow Warning|[of] p2a: Asfaloth
|move|p1a: Slowking|Psyshock|p2a: Asfaloth
|-damage|p2a: Asfaloth|57/100
|
|-weather|Snowscape|[upkeep]
|upkeep
|turn|16
|
|t:|1769352845
|move|p2a: Asfaloth|Encore|p1a: Slowking
|-start|p1a: Slowking|Encore
|move|p1a: Slowking|Psyshock|p2a: Asfaloth
|-damage|p2a: Asfaloth|44/100
|
|-weather|Snowscape|[upkeep]
|-sideend|p2: Nikator98|move: Aurora Veil
|upkeep
|turn|17
|
|t:|1769352851
|move|p2a: Asfaloth|Aurora Veil|p2a: Asfaloth
|-sidestart|p2: Nikator98|move: Aurora Veil
|move|p1a: Slowking|Psyshock|p2a: Asfaloth
|-damage|p2a: Asfaloth|30/100
|
|-weather|Snowscape|[upkeep]
|upkeep
|turn|18
|
|t:|1769352857
|switch|p1a: Moltres|Moltres|100/100
|move|p2a: Asfaloth|Freeze-Dry|p1a: Moltres
|-damage|p1a: Moltres|75/100
|
|-weather|Snowscape|[upkeep]
|upkeep
|turn|19
|
|t:|1769352869
|switch|p2a: Gothmog|Iron Moth|100/100
|move|p1a: Moltres|Roost|p1a: Moltres
|-heal|p1a: Moltres|100/100
|-singleturn|p1a: Moltres|move: Roost
|
|-weather|none
|upkeep
|turn|20
|
|t:|1769352877
|switch|p1a: Slowking|Slowking-Galar, F|100/100
|move|p2a: Gothmog|Fiery Dance|p1a: Slowking
|-damage|p1a: Slowking|80/100
|-boost|p2a: Gothmog|spa|1
|
|upkeep
|turn|21
|
|t:|1769352884
|move|p2a: Gothmog|Fiery Dance|p1a: Slowking
|-damage|p1a: Slowking|50/100
|move|p1a: Slowking|Psyshock|p2a: Gothmog
|-supereffective|p2a: Gothmog
|-crit|p2a: Gothmog
|-damage|p2a: Gothmog|0 fnt
|faint|p2a: Gothmog
|-end|p2a: Gothmog|Quark Drive|[silent]
|
|upkeep
|inactive|Nikator98 has 120 seconds left.
|
|t:|1769352916
|switch|p2a: Lacelle|Haxorus, M, shiny|94/100
|-ability|p2a: Lacelle|Mold Breaker
|turn|22
|
|t:|1769352922
|switch|p1a: Moltres|Moltres|100/100
|move|p2a: Lacelle|Swords Dance|p2a: Lacelle
|-boost|p2a: Lacelle|atk|2
|
|upkeep
|turn|23
|
|t:|1769352930
|move|p2a: Lacelle|Scale Shot|p1a: Moltres
|-damage|p1a: Moltres|80/100
|-damage|p1a: Moltres|62/100
|-damage|p1a: Moltres|41/100
|-damage|p1a: Moltres|19/100
|-hitcount|p1a: Moltres|4
|-unboost|p2a: Lacelle|def|1
|-boost|p2a: Lacelle|spe|1
|move|p1a: Moltres|Roar|p2a: Lacelle
|drag|p2a: Asfaloth|Ninetales-Alola, F, shiny|30/100
|-weather|Snowscape|[from] ability: Snow Warning|[of] p2a: Asfaloth
|
|-weather|Snowscape|[upkeep]
|upkeep
|turn|24
|
|t:|1769352944
|switch|p1a: Slowking|Slowking-Galar, F|83/100
|move|p2a: Asfaloth|Freeze-Dry|p1a: Slowking
|-damage|p1a: Slowking|71/100
|
|-weather|Snowscape|[upkeep]
|-sideend|p2: Nikator98|move: Aurora Veil
|upkeep
|turn|25
|
|t:|1769352951
|move|p2a: Asfaloth|Aurora Veil|p2a: Asfaloth
|-sidestart|p2: Nikator98|move: Aurora Veil
|move|p1a: Slowking|Flamethrower|p2a: Asfaloth
|-supereffective|p2a: Asfaloth
|-damage|p2a: Asfaloth|5/100
|
|-weather|Snowscape|[upkeep]
|upkeep
|turn|26
|
|t:|1769352959
|switch|p1a: Moltres|Moltres|19/100
|move|p2a: Asfaloth|Encore||[still]
|-fail|p2a: Asfaloth
|
|-weather|Snowscape|[upkeep]
|upkeep
|turn|27
|
|t:|1769352964
|switch|p1a: Slowking|Slowking-Galar, F|100/100
|move|p2a: Asfaloth|Freeze-Dry|p1a: Slowking
|-damage|p1a: Slowking|88/100
|
|-weather|none
|upkeep
|turn|28
|j| omoqaqqwq
|
|t:|1769352974
|switch|p2a: Kumaryia|Great Tusk, shiny|80/100
|move|p1a: Slowking|Sludge Bomb|p2a: Kumaryia
|-resisted|p2a: Kumaryia
|-damage|p2a: Kumaryia|67/100
|
|upkeep
|turn|29
|
|t:|1769352984
|switch|p1a: Moltres|Moltres|19/100
|move|p2a: Kumaryia|Knock Off|p1a: Moltres
|-damage|p1a: Moltres|2/100
|
|upkeep
|turn|30
|
|t:|1769352990
|switch|p1a: Slowking|Slowking-Galar, F|100/100
|move|p2a: Kumaryia|Rapid Spin|p1a: Slowking
|-damage|p1a: Slowking|87/100
|-boost|p2a: Kumaryia|spe|1
|
|upkeep
|turn|31
|
|t:|1769352996
|switch|p1a: Excadrill|Excadrill, F|66/100
|move|p2a: Kumaryia|Knock Off|p1a: Excadrill
|-damage|p1a: Excadrill|34/100
|
|upkeep
|turn|32
|l| omoqaqqwq
|
|t:|1769353003
|switch|p1a: Slowking|Slowking-Galar, F|100/100
|move|p2a: Kumaryia|Ice Spinner|p1a: Slowking
|-damage|p1a: Slowking|80/100
|
|-sideend|p2: Nikator98|move: Aurora Veil
|upkeep
|turn|33
|
|t:|1769353011
|switch|p1a: Moltres|Moltres|2/100
|move|p2a: Kumaryia|Headlong Rush|p1a: Moltres
|-immune|p1a: Moltres
|
|upkeep
|turn|34
|
|t:|1769353018
|switch|p1a: Slowking|Slowking-Galar, F|100/100
|move|p2a: Kumaryia|Ice Spinner|p1a: Slowking
|-damage|p1a: Slowking|80/100
|
|upkeep
|turn|35
|
|t:|1769353024
|switch|p1a: Moltres|Moltres|2/100
|move|p2a: Kumaryia|Knock Off|p1a: Moltres
|-damage|p1a: Moltres|0 fnt
|-status|p2a: Kumaryia|brn|[from] ability: Flame Body|[of] p1a: Moltres
|faint|p1a: Moltres
|
|-damage|p2a: Kumaryia|61/100 brn|[from] brn
|upkeep
|
|t:|1769353025
|switch|p1a: Slowking|Slowking-Galar, F|100/100
|turn|36
|
|t:|1769353036
|move|p2a: Kumaryia|Headlong Rush|p1a: Slowking
|-supereffective|p1a: Slowking
|-damage|p1a: Slowking|52/100
|-unboost|p2a: Kumaryia|def|1
|-unboost|p2a: Kumaryia|spd|1
|move|p1a: Slowking|Ice Beam|p2a: Kumaryia
|-supereffective|p2a: Kumaryia
|-damage|p2a: Kumaryia|0 fnt
|faint|p2a: Kumaryia
|-end|p2a: Kumaryia|Protosynthesis|[silent]
|
|upkeep
|
|t:|1769353046
|switch|p2a: Asfaloth|Ninetales-Alola, F, shiny|5/100
|-weather|Snowscape|[from] ability: Snow Warning|[of] p2a: Asfaloth
|turn|37
|
|t:|1769353050
|switch|p1a: Excadrill|Excadrill, F|34/100
|move|p2a: Asfaloth|Aurora Veil|p2a: Asfaloth
|-sidestart|p2: Nikator98|move: Aurora Veil
|
|-weather|Snowscape|[upkeep]
|upkeep
|turn|38
|
|t:|1769353060
|move|p2a: Asfaloth|Freeze-Dry|p1a: Excadrill
|-damage|p1a: Excadrill|4/100
|move|p1a: Excadrill|Rapid Spin|p2a: Asfaloth
|-damage|p2a: Asfaloth|0 fnt
|-boost|p1a: Excadrill|spe|1
|faint|p2a: Asfaloth
|
|-weather|Snowscape|[upkeep]
|upkeep
|
|t:|1769353067
|switch|p2a: Lacelle|Haxorus, M, shiny|94/100
|-ability|p2a: Lacelle|Mold Breaker
|turn|39
|
|t:|1769353073
|move|p1a: Excadrill|Iron Head|p2a: Lacelle
|-damage|p2a: Lacelle|69/100
|move|p2a: Lacelle|Iron Head|p1a: Excadrill
|-resisted|p1a: Excadrill
|-damage|p1a: Excadrill|0 fnt
|faint|p1a: Excadrill
|
|-weather|Snowscape|[upkeep]
|upkeep
|
|t:|1769353076
|switch|p1a: Slowking|Slowking-Galar, F|86/100
|turn|40
|
|t:|1769353094
|-terastallize|p2a: Lacelle|Steel
|move|p2a: Lacelle|Swords Dance|p2a: Lacelle
|-boost|p2a: Lacelle|atk|2
|move|p1a: Slowking|Ice Beam|p2a: Lacelle
|-resisted|p2a: Lacelle
|-damage|p2a: Lacelle|60/100
|
|-weather|Snowscape|[upkeep]
|upkeep
|turn|41
|
|t:|1769353103
|move|p2a: Lacelle|Scale Shot|p1a: Slowking
|-crit|p1a: Slowking
|-damage|p1a: Slowking|53/100
|-damage|p1a: Slowking|32/100
|-damage|p1a: Slowking|7/100
|-damage|p1a: Slowking|0 fnt
|faint|p1a: Slowking
|-hitcount|p1: Slowking|4
|
|win|Nikator98
|raw|CambridgeFoulPlay's rating: 1707 &rarr; <strong>1691</strong><br />(-16 for losing)
|raw|Nikator98's rating: 1771 &rarr; <strong>1787</strong><br />(+16 for winning)
|c|☆CambridgeFoulPlay|gg
|l|☆CambridgeFoulPlay
|player|p1|
|c|☆Nikator98|gg
|l| MakX70
