|j|☆freezentic
|j|☆kuraiyagare
|t:|1769440595
|gametype|singles
|player|p1|freezentic|kimonogirl|1334
|player|p2|kuraiyagare|mars|1310
|gen|9
|tier|[Gen 9] OU
|rated|
|rule|HP Percentage Mod: HP is shown in percentages
|rule|Endless Battle Clause: Forcing endless battles is banned
|rule|Species Clause: Limit one of each Pokémon
|rule|OHKO Clause: OHKO moves are banned
|rule|Evasion Items Clause: Evasion items are banned
|rule|Evasion Moves Clause: Evasion moves are banned
|rule|Evasion Abilities Clause: Evasion abilities are banned
|rule|Sleep Moves Clause: Sleep-inducing moves are banned
|clearpoke
|poke|p1|Ribombee, F|
|poke|p1|Great Tusk|
|poke|p1|Gholdengo|
|poke|p1|Manaphy|
|poke|p1|Kingambit, F|
|poke|p1|Iron Moth|
|poke|p2|Bastiodon, M|
|poke|p2|Gardevoir, M|
|poke|p2|Talonflame, F|
|poke|p2|Drifblim, F|
|poke|p2|Gyarados, M|
|poke|p2|Houndoom, M|
|teampreview
|inactive|Battle timer is ON: inactive players will automatically lose when time's up. (requested by freezentic)
|inactive|kuraiyagare has 120 seconds left.
|
|t:|1769440651
|teamsize|p1|6
|teamsize|p2|6
|start
|switch|p1a: Ribombee|Ribombee, F|100/100
|switch|p2a: Gardenia|Gardevoir, M|100/100
|-ability|p2a: Gardenia|Shield Dust|Trace|[from] ability: Trace|[of] p1a: Ribombee
|turn|1
|
|t:|1769440660
|move|p1a: Ribombee|Sticky Web|p2a: Gardenia
|-sidestart|p2: kuraiyagare|move: Sticky Web
|move|p2a: Gardenia|Moonblast|p1a: Ribombee
|-damage|p1a: Ribombee|13/100
|
|upkeep
|turn|2
|
|t:|1769440669
|move|p1a: Ribombee|Moonblast|p2a: Gardenia
|-crit|p2a: Gardenia
|-damage|p2a: Gardenia|37/100
|move|p2a: Gardenia|Moonblast|p1a: Ribombee
|-damage|p1a: Ribombee|0 fnt
|faint|p1a: Ribombee
|
|upkeep
|
|t:|1769440674
|switch|p1a: Iron Moth|Iron Moth|100/100
|-enditem|p1a: Iron Moth|Booster Energy
|-activate|p1a: Iron Moth|ability: Quark Drive|[fromitem]
|-start|p1a: Iron Moth|quarkdrivespe
|turn|3
|
|t:|1769440685
|move|p1a: Iron Moth|Fiery Dance|p2a: Gardenia
|-damage|p2a: Gardenia|0 fnt
|faint|p2a: Gardenia
|
|upkeep
|
|t:|1769440689
|switch|p2a: Bastiodon|Bastiodon, M|100/100
|-activate|p2a: Bastiodon|move: Sticky Web
|-unboost|p2a: Bastiodon|spe|1
|turn|4
|
|t:|1769440699
|move|p1a: Iron Moth|Substitute|p1a: Iron Moth
|-start|p1a: Iron Moth|Substitute
|-damage|p1a: Iron Moth|76/100
|move|p2a: Bastiodon|Stealth Rock|p1a: Iron Moth
|-sidestart|p1: freezentic|move: Stealth Rock
|
|upkeep
|turn|5
|
|t:|1769440704
|move|p1a: Iron Moth|Energy Ball|p2a: Bastiodon
|-damage|p2a: Bastiodon|74/100
|-unboost|p2a: Bastiodon|spd|1
|move|p2a: Bastiodon|Roar|p1a: Iron Moth
|-end|p1a: Iron Moth|Quark Drive|[silent]
|drag|p1a: Gholdengo|Gholdengo|100/100
|-damage|p1a: Gholdengo|94/100|[from] Stealth Rock
|-item|p1a: Gholdengo|Air Balloon
|
|upkeep
|turn|6
|
|t:|1769440719
|move|p1a: Gholdengo|Shadow Ball|p2a: Bastiodon
|-damage|p2a: Bastiodon|24/100
|-unboost|p2a: Bastiodon|spd|1
|move|p2a: Bastiodon|Metal Burst|p1a: Gholdengo
|-damage|p1a: Gholdengo|17/100
|-enditem|p1a: Gholdengo|Air Balloon
|
|upkeep
|turn|7
|
|t:|1769440723
|move|p1a: Gholdengo|Shadow Ball|p2a: Bastiodon
|-damage|p2a: Bastiodon|0 fnt
|faint|p2a: Bastiodon
|
|upkeep
|
|t:|1769440749
|switch|p2a: Vatra|Talonflame, F|100/100
|turn|8
|
|t:|1769440753
|move|p2a: Vatra|Brave Bird|p1a: Gholdengo
|-resisted|p1a: Gholdengo
|-damage|p1a: Gholdengo|0 fnt
|faint|p1a: Gholdengo
|-damage|p2a: Vatra|95/100|[from] Recoil
|
|upkeep
|
|t:|1769440763
|switch|p1a: Great Tusk|Great Tusk|100/100
|-damage|p1a: Great Tusk|98/100|[from] Stealth Rock
|turn|9
|
|t:|1769440768
|switch|p2a: drifflim|Drifblim, F|100/100
|-terastallize|p1a: Great Tusk|Electric
|move|p1a: Great Tusk|Rapid Spin|p2a: drifflim
|-immune|p2a: drifflim
|
|-heal|p1a: Great Tusk|100/100|[from] item: Leftovers
|upkeep
|turn|10
|
|t:|1769440782
|move|p1a: Great Tusk|Ice Spinner|p2a: drifflim
|-supereffective|p2a: drifflim
|-damage|p2a: drifflim|31/100
|-enditem|p2a: drifflim|Weakness Policy
|-boost|p2a: drifflim|atk|2|[from] item: Weakness Policy
|-boost|p2a: drifflim|spa|2|[from] item: Weakness Policy
|move|p2a: drifflim|Strength Sap|p1a: Great Tusk
|-unboost|p1a: Great Tusk|atk|1
|-heal|p2a: drifflim|100/100
|
|upkeep
|turn|11
|
|t:|1769440790
|move|p2a: drifflim|Calm Mind|p2a: drifflim
|-boost|p2a: drifflim|spa|1
|-boost|p2a: drifflim|spd|1
|move|p1a: Great Tusk|Ice Spinner|p2a: drifflim
|-supereffective|p2a: drifflim
|-crit|p2a: drifflim
|-damage|p2a: drifflim|1/100
|
|upkeep
|turn|12
|
|t:|1769440795
|move|p2a: drifflim|Strength Sap|p1a: Great Tusk
|-unboost|p1a: Great Tusk|atk|1
|-heal|p2a: drifflim|55/100
|move|p1a: Great Tusk|Ice Spinner|p2a: drifflim
|-supereffective|p2a: drifflim
|-damage|p2a: drifflim|22/100
|
|upkeep
|turn|13
|
|t:|1769440797
|move|p2a: drifflim|Strength Sap|p1a: Great Tusk
|-unboost|p1a: Great Tusk|atk|1
|-heal|p2a: drifflim|63/100
|move|p1a: Great Tusk|Ice Spinner|p2a: drifflim
|-supereffective|p2a: drifflim
|-damage|p2a: drifflim|37/100
|
|upkeep
|turn|14
|
|t:|1769440799
|move|p2a: drifflim|Strength Sap|p1a: Great Tusk
|-unboost|p1a: Great Tusk|atk|1
|-heal|p2a: drifflim|69/100
|move|p1a: Great Tusk|Ice Spinner|p2a: drifflim
|-supereffective|p2a: drifflim
|-crit|p2a: drifflim
|-damage|p2a: drifflim|0 fnt
|faint|p2a: drifflim
|
|upkeep
|
|t:|1769440803
|switch|p2a: ue shita|Gyarados, M|100/100
|turn|15
|
|t:|1769440811
|move|p1a: Great Tusk|Ice Spinner|p2a: ue shita
|-damage|p2a: ue shita|89/100
|move|p2a: ue shita|Dragon Dance|p2a: ue shita
|-boost|p2a: ue shita|atk|1
|-boost|p2a: ue shita|spe|1
|
|-heal|p2a: ue shita|95/100|[from] item: Leftovers
|upkeep
|turn|16
|inactive|kuraiyagare has 120 seconds left.
|
|t:|1769440843
|-terastallize|p2a: ue shita|Ground
|move|p2a: ue shita|Earthquake|p1a: Great Tusk
|-supereffective|p1a: Great Tusk
|-damage|p1a: Great Tusk|0 fnt
|faint|p1a: Great Tusk
|-end|p1a: Great Tusk|Protosynthesis|[silent]
|-ability|p2a: ue shita|Moxie|boost
|-boost|p2a: ue shita|atk|1
|
|-heal|p2a: ue shita|100/100|[from] item: Leftovers
|upkeep
|
|t:|1769440850
|switch|p1a: Manaphy|Manaphy|100/100
|-damage|p1a: Manaphy|88/100|[from] Stealth Rock
|turn|17
|
|t:|1769440853
|move|p2a: ue shita|Earthquake|p1a: Manaphy
|-damage|p1a: Manaphy|1/100
|move|p1a: Manaphy|Acid Armor|p1a: Manaphy
|-boost|p1a: Manaphy|def|2
|
|-heal|p1a: Manaphy|7/100|[from] item: Leftovers
|upkeep
|turn|18
|
|t:|1769440858
|move|p2a: ue shita|Earthquake|p1a: Manaphy
|-damage|p1a: Manaphy|0 fnt
|faint|p1a: Manaphy
|-ability|p2a: ue shita|Moxie|boost
|-boost|p2a: ue shita|atk|1
|
|upkeep
|
|t:|1769440866
|switch|p1a: Iron Moth|Iron Moth|76/100
|-damage|p1a: Iron Moth|51/100|[from] Stealth Rock
|turn|19
|
|t:|1769440869
|move|p2a: ue shita|Earthquake|p1a: Iron Moth
|-supereffective|p1a: Iron Moth
|-damage|p1a: Iron Moth|0 fnt
|faint|p1a: Iron Moth
|-end|p1a: Iron Moth|Quark Drive|[silent]
|-ability|p2a: ue shita|Moxie|boost
|-boost|p2a: ue shita|atk|1
|
|upkeep
|
|t:|1769440871
|switch|p1a: Kingambit|Kingambit, F|100/100
|-damage|p1a: Kingambit|94/100|[from] Stealth Rock
|-activate|p1a: Kingambit|ability: Supreme Overlord
|-start|p1a: Kingambit|fallen5|[silent]
|turn|20
|
|t:|1769440874
|move|p2a: ue shita|Earthquake|p1a: Kingambit
|-supereffective|p1a: Kingambit
|-damage|p1a: Kingambit|0 fnt
|faint|p1a: Kingambit
|-end|p1a: Kingambit|fallen5|[silent]
|
|win|kuraiyagare
|raw|freezentic's rating: 1334 &rarr; <strong>1313</strong><br />(-21 for losing)
|raw|kuraiyagare's rating: 1310 &rarr; <strong>1331</strong><br />(+21 for winning)
|l|☆kuraiyagare
|player|p2|
|l|☆freezentic
|player|p1|
