|j|☆Hollowedeyes
|j|☆Arthurbacanudo
|t:|1769318180
|gametype|singles
|player|p1|Hollowedeyes|hiker-gen4|1089
|player|p2|Arthurbacanudo|2|1111
|gen|9
|tier|[Gen 9] OU
|rated|
|rule|HP Percentage Mod: HP is shown in percentages
|rule|Endless Battle Clause: Forcing endless battles is banned
|rule|Species Clause: Limit one of each Pokémon
|rule|OHKO Clause: OHKO moves are banned
|rule|Evasion Items Clause: Evasion items are banned
|rule|Evasion Moves Clause: Evasion moves are banned
|rule|Evasion Abilities Clause: Evasion abilities are banned
|rule|Sleep Moves Clause: Sleep-inducing moves are banned
|clearpoke
|poke|p1|Iron Hands|
|poke|p1|Ogerpon-Wellspring, F|
|poke|p1|Iron Moth|
|poke|p1|Corviknight, M|
|poke|p1|Landorus-Therian, M|
|poke|p1|Kyurem|
|poke|p2|Gardevoir, F|
|poke|p2|Ampharos, M|
|poke|p2|Dragapult, M|
|poke|p2|Milotic, F|
|poke|p2|Great Tusk|
|poke|p2|Blaziken, F|
|teampreview
|inactive|Battle timer is ON: inactive players will automatically lose when time's up. (requested by Hollowedeyes)
|
|t:|1769318199
|teamsize|p1|6
|teamsize|p2|6
|start
|switch|p1a: Landorus|Landorus-Therian, M|100/100
|switch|p2a: Blaziken|Blaziken, F|100/100
|-ability|p1a: Landorus|Intimidate|boost
|-unboost|p2a: Blaziken|atk|1
|turn|1
|
|t:|1769318211
|switch|p2a: Milotic|Milotic, F|100/100
|move|p1a: Landorus|Stealth Rock|p2a: Milotic
|-sidestart|p2: Arthurbacanudo|move: Stealth Rock
|
|upkeep
|turn|2
|
|t:|1769318219
|move|p1a: Landorus|U-turn|p2a: Milotic
|-damage|p2a: Milotic|77/100
|
|t:|1769318224
|switch|p1a: Iron Hands|Iron Hands|100/100|[from] U-turn
|move|p2a: Milotic|Hydro Pump|p1a: Iron Hands
|-damage|p1a: Iron Hands|62/100
|-damage|p2a: Milotic|67/100|[from] item: Life Orb
|
|upkeep
|turn|3
|
|t:|1769318233
|move|p2a: Milotic|Blizzard|p1a: Iron Hands|[miss]
|-miss|p2a: Milotic|p1a: Iron Hands
|move|p1a: Iron Hands|Supercell Slam|p2a: Milotic
|-supereffective|p2a: Milotic
|-damage|p2a: Milotic|0 fnt
|faint|p2a: Milotic
|
|upkeep
|
|t:|1769318244
|switch|p2a: Great Tusk|Great Tusk|100/100
|-damage|p2a: Great Tusk|98/100|[from] Stealth Rock
|turn|4
|
|t:|1769318252
|move|p2a: Great Tusk|Headlong Rush|p1a: Iron Hands
|-supereffective|p1a: Iron Hands
|-damage|p1a: Iron Hands|0 fnt
|-unboost|p2a: Great Tusk|def|1
|-unboost|p2a: Great Tusk|spd|1
|faint|p1a: Iron Hands
|-end|p1a: Iron Hands|Quark Drive|[silent]
|
|-heal|p2a: Great Tusk|100/100|[from] item: Leftovers
|upkeep
|
|t:|1769318259
|switch|p1a: Ogerpon|Ogerpon-Wellspring, F|100/100
|turn|5
|
|t:|1769318271
|move|p1a: Ogerpon|Ivy Cudgel|p2a: Great Tusk|[anim] Ivy Cudgel Water
|-supereffective|p2a: Great Tusk
|-damage|p2a: Great Tusk|0 fnt
|faint|p2a: Great Tusk
|-end|p2a: Great Tusk|Protosynthesis|[silent]
|
|upkeep
|
|t:|1769318282
|switch|p2a: Ampharos|Ampharos, M|100/100
|-damage|p2a: Ampharos|88/100|[from] Stealth Rock
|turn|6
|
|t:|1769318291
|move|p1a: Ogerpon|Stomping Tantrum|p2a: Ampharos
|-supereffective|p2a: Ampharos
|-damage|p2a: Ampharos|26/100
|move|p2a: Ampharos|Thunderbolt|p1a: Ogerpon
|-damage|p1a: Ogerpon|42/100
|
|-heal|p2a: Ampharos|32/100|[from] item: Leftovers
|upkeep
|turn|7
|
|t:|1769318301
|move|p1a: Ogerpon|Stomping Tantrum|p2a: Ampharos
|-supereffective|p2a: Ampharos
|-damage|p2a: Ampharos|0 fnt
|-status|p1a: Ogerpon|par|[from] ability: Static|[of] p2a: Ampharos
|faint|p2a: Ampharos
|
|upkeep
|
|t:|1769318309
|switch|p2a: Dragapult|Dragapult, M|100/100
|-damage|p2a: Dragapult|88/100|[from] Stealth Rock
|turn|8
|
|t:|1769318338
|move|p2a: Dragapult|Dragon Darts|p1a: Ogerpon
|-damage|p1a: Ogerpon|0 fnt
|faint|p1a: Ogerpon
|-damage|p2a: Dragapult|78/100|[from] item: Life Orb
|
|upkeep
|inactive|Hollowedeyes has 120 seconds left.
|
|t:|1769318352
|switch|p1a: Corviknight|Corviknight, M|100/100
|turn|9
|
|t:|1769318359
|move|p2a: Dragapult|Dragon Dance|p2a: Dragapult
|-boost|p2a: Dragapult|atk|1
|-boost|p2a: Dragapult|spe|1
|move|p1a: Corviknight|Bulk Up|p1a: Corviknight
|-boost|p1a: Corviknight|atk|1
|-boost|p1a: Corviknight|def|1
|
|upkeep
|turn|10
|
|t:|1769318377
|move|p2a: Dragapult|Dragon Rush|p1a: Corviknight|[miss]
|-miss|p2a: Dragapult|p1a: Corviknight
|move|p1a: Corviknight|Bulk Up|p1a: Corviknight
|-boost|p1a: Corviknight|atk|1
|-boost|p1a: Corviknight|def|1
|
|upkeep
|turn|11
|inactive|Hollowedeyes has 120 seconds left.
|
|t:|1769318410
|move|p2a: Dragapult|Dragon Rush|p1a: Corviknight
|-resisted|p1a: Corviknight
|-damage|p1a: Corviknight|79/100
|-damage|p2a: Dragapult|69/100|[from] item: Life Orb
|move|p1a: Corviknight|Bulk Up|p1a: Corviknight
|-boost|p1a: Corviknight|atk|1
|-boost|p1a: Corviknight|def|1
|
|-heal|p1a: Corviknight|86/100|[from] item: Leftovers
|upkeep
|turn|12
|
|t:|1769318422
|move|p2a: Dragapult|Phantom Force||[still]
|-prepare|p2a: Dragapult|Phantom Force
|move|p1a: Corviknight|Bulk Up|p1a: Corviknight
|-boost|p1a: Corviknight|atk|1
|-boost|p1a: Corviknight|def|1
|
|-heal|p1a: Corviknight|92/100|[from] item: Leftovers
|upkeep
|turn|13
|
|t:|1769318432
|move|p2a: Dragapult|Phantom Force|p1a: Corviknight|[from] lockedmove
|-damage|p1a: Corviknight|68/100
|-damage|p2a: Dragapult|59/100|[from] item: Life Orb
|move|p1a: Corviknight|Bulk Up|p1a: Corviknight
|-boost|p1a: Corviknight|atk|1
|-boost|p1a: Corviknight|def|1
|
|-heal|p1a: Corviknight|74/100|[from] item: Leftovers
|upkeep
|turn|14
|
|t:|1769318445
|switch|p2a: Blaziken|Blaziken, F|100/100
|-damage|p2a: Blaziken|88/100|[from] Stealth Rock
|move|p1a: Corviknight|Bulk Up|p1a: Corviknight
|-boost|p1a: Corviknight|atk|1
|-boost|p1a: Corviknight|def|1
|
|-heal|p1a: Corviknight|80/100|[from] item: Leftovers
|upkeep
|turn|15
|
|t:|1769318456
|move|p2a: Blaziken|Sunny Day|p2a: Blaziken
|-weather|SunnyDay
|move|p1a: Corviknight|Drill Peck|p2a: Blaziken
|-supereffective|p2a: Blaziken
|-damage|p2a: Blaziken|0 fnt
|faint|p2a: Blaziken
|
|-weather|SunnyDay|[upkeep]
|-heal|p1a: Corviknight|86/100|[from] item: Leftovers
|upkeep
|-message|Arthurbacanudo forfeited.
|
|win|Hollowedeyes
|raw|Hollowedeyes's rating: 1089 &rarr; <strong>1117</strong><br />(+28 for winning)
|raw|Arthurbacanudo's rating: 1111 &rarr; <strong>1084</strong><br />(-27 for losing)
|l|☆Arthurbacanudo
|player|p2|
|l|☆Hollowedeyes
|player|p1|
