|badge|p2|bronze|gen9ou|100-8
|uhtml|medal-msg|<div class="broadcast-blue">Curious what those medals under the avatar are? PS now has Ladder Seasons! For more information, check out the <a href="https://www.smogon.com/forums/threads/3740067/">thread on Smogon.</a></div>
|j|‽machopped unc
|j|☆oh YEAAHH!!
|t:|1769342842
|gametype|singles
|player|p1|machopped unc|clown|1814
|player|p2|oh YEAAHH!!|170|1857
|gen|9
|tier|[Gen 9] OU
|rated|
|rule|HP Percentage Mod: HP is shown in percentages
|rule|Endless Battle Clause: Forcing endless battles is banned
|rule|Species Clause: Limit one of each Pokémon
|rule|OHKO Clause: OHKO moves are banned
|rule|Evasion Items Clause: Evasion items are banned
|rule|Evasion Moves Clause: Evasion moves are banned
|rule|Evasion Abilities Clause: Evasion abilities are banned
|rule|Sleep Moves Clause: Sleep-inducing moves are banned
|clearpoke
|poke|p1|Gholdengo|
|poke|p1|Iron Valiant|
|poke|p1|Ribombee, M|
|poke|p1|Dragonite, F|
|poke|p1|Glimmora, F|
|poke|p1|Kingambit, M|
|poke|p2|Dragapult, F|
|poke|p2|Kyurem|
|poke|p2|Tornadus-Therian, M|
|poke|p2|Zamazenta-*|
|poke|p2|Iron Treads|
|poke|p2|Hatterene, F|
|teampreview
|
|t:|1769342857
|teamsize|p1|6
|teamsize|p2|6
|start
|switch|p1a: Ribombee|Ribombee, M|100/100
|switch|p2a: Iron Treads|Iron Treads|100/100
|turn|1
|
|t:|1769342864
|move|p1a: Ribombee|Stun Spore|p2a: Iron Treads
|-status|p2a: Iron Treads|par
|cant|p2a: Iron Treads|par
|
|upkeep
|turn|2
|
|t:|1769342873
|-end|p2a: Iron Treads|Quark Drive|[silent]
|switch|p2a: Hatterene|Hatterene, F|100/100
|move|p1a: Ribombee|Sticky Web|p2a: Hatterene
|move|p2a: Hatterene|Sticky Web|p1a: Ribombee|[from] ability: Magic Bounce
|-sidestart|p1: machopped unc|move: Sticky Web
|
|upkeep
|turn|3
|
|t:|1769342883
|move|p1a: Ribombee|Skill Swap|p2a: Hatterene
|-activate|p1a: Ribombee|move: Skill Swap|Magic Bounce|Shield Dust|[of] p2a: Hatterene
|move|p2a: Hatterene|Future Sight|p1a: Ribombee
|-start|p2a: Hatterene|move: Future Sight
|
|upkeep
|turn|4
|
|t:|1769342890
|switch|p2a: Iron Treads|Iron Treads|100/100 par
|move|p1a: Ribombee|Sticky Web|p2a: Iron Treads
|-sidestart|p2: oh YEAAHH!!|move: Sticky Web
|
|upkeep
|turn|5
|
|t:|1769342897
|switch|p1a: Gholdengo|Gholdengo|100/100
|-item|p1a: Gholdengo|Air Balloon
|move|p2a: Iron Treads|Knock Off|p1a: Gholdengo
|-supereffective|p1a: Gholdengo
|-damage|p1a: Gholdengo|45/100
|-enditem|p1a: Gholdengo|Air Balloon
|
|-end|p1a: Gholdengo|move: Future Sight
|-resisted|p1a: Gholdengo
|-damage|p1a: Gholdengo|11/100
|upkeep
|turn|6
|
|t:|1769342907
|-end|p2a: Iron Treads|Quark Drive|[silent]
|switch|p2a: Tornadus|Tornadus-Therian, M|100/100
|move|p1a: Gholdengo|Shadow Ball|p2a: Tornadus
|-damage|p2a: Tornadus|80/100
|
|upkeep
|turn|7
|
|t:|1769342913
|move|p1a: Gholdengo|Shadow Ball|p2a: Tornadus
|-damage|p2a: Tornadus|61/100
|move|p2a: Tornadus|Knock Off|p1a: Gholdengo
|-supereffective|p1a: Gholdengo
|-damage|p1a: Gholdengo|0 fnt
|faint|p1a: Gholdengo
|
|upkeep
|
|t:|1769342919
|switch|p1a: Glimmora|Glimmora, F|100/100
|-activate|p1a: Glimmora|move: Sticky Web
|-unboost|p1a: Glimmora|spe|1
|turn|8
|
|t:|1769342924
|switch|p2a: Iron Treads|Iron Treads|100/100 par
|-activate|p2a: Iron Treads|move: Sticky Web
|-unboost|p2a: Iron Treads|spe|1
|move|p1a: Glimmora|Meteor Beam||[still]
|-prepare|p1a: Glimmora|Meteor Beam
|-boost|p1a: Glimmora|spa|1
|-enditem|p1a: Glimmora|Power Herb
|-anim|p1a: Glimmora|Meteor Beam|p2a: Iron Treads
|-resisted|p2a: Iron Treads
|-damage|p2a: Iron Treads|83/100 par
|
|-heal|p2a: Iron Treads|90/100 par|[from] item: Leftovers
|upkeep
|turn|9
|
|t:|1769342929
|move|p1a: Glimmora|Earth Power|p2a: Iron Treads
|-supereffective|p2a: Iron Treads
|-damage|p2a: Iron Treads|8/100 par
|move|p2a: Iron Treads|Earthquake|p1a: Glimmora
|-supereffective|p1a: Glimmora
|-damage|p1a: Glimmora|0 fnt
|-activate|p1a: Glimmora|ability: Toxic Debris
|-sidestart|p2: oh YEAAHH!!|move: Toxic Spikes
|faint|p1a: Glimmora
|
|-heal|p2a: Iron Treads|14/100 par|[from] item: Leftovers
|upkeep
|j| Fart Stinky
|
|t:|1769342953
|switch|p1a: Dragonite|Dragonite, F|100/100
|turn|10
|
|t:|1769342960
|move|p1a: Dragonite|Fire Punch|p2a: Iron Treads
|-supereffective|p2a: Iron Treads
|-damage|p2a: Iron Treads|0 fnt
|faint|p2a: Iron Treads
|-end|p2a: Iron Treads|Quark Drive|[silent]
|
|upkeep
|
|t:|1769342972
|switch|p2a: Kyurem|Kyurem|100/100
|-activate|p2a: Kyurem|move: Sticky Web
|-unboost|p2a: Kyurem|spe|1
|-status|p2a: Kyurem|psn
|-ability|p2a: Kyurem|Pressure
|turn|11
|inactive|Battle timer is ON: inactive players will automatically lose when time's up. (requested by machopped unc)
|
|t:|1769342978
|move|p1a: Dragonite|Scale Shot|p2a: Kyurem
|-supereffective|p2a: Kyurem
|-damage|p2a: Kyurem|74/100 psn
|-supereffective|p2a: Kyurem
|-damage|p2a: Kyurem|48/100 psn
|-supereffective|p2a: Kyurem
|-damage|p2a: Kyurem|20/100 psn
|-supereffective|p2a: Kyurem
|-damage|p2a: Kyurem|0 fnt
|faint|p2a: Kyurem
|-hitcount|p2: Kyurem|4
|-unboost|p1a: Dragonite|def|1
|-boost|p1a: Dragonite|spe|1
|
|upkeep
|
|t:|1769342989
|switch|p2a: Hatterene|Hatterene, F|100/100
|-activate|p2a: Hatterene|move: Sticky Web
|-unboost|p2a: Hatterene|spe|1
|-status|p2a: Hatterene|psn
|turn|12
|
|t:|1769342997
|switch|p1a: Ribombee|Ribombee, M|100/100
|-activate|p1a: Ribombee|move: Sticky Web
|-unboost|p1a: Ribombee|spe|1
|move|p2a: Hatterene|Nuzzle|p1a: Ribombee
|-damage|p1a: Ribombee|92/100
|
|-damage|p2a: Hatterene|88/100 psn|[from] psn
|upkeep
|turn|13
|
|t:|1769343011
|move|p1a: Ribombee|Stun Spore|p2a: Hatterene
|move|p2a: Hatterene|Stun Spore|p1a: Ribombee|[from] ability: Magic Bounce|[miss]
|-miss|p2a: Hatterene|p1a: Ribombee
|move|p2a: Hatterene|Draining Kiss|p1a: Ribombee
|-damage|p1a: Ribombee|53/100
|-heal|p2a: Hatterene|100/100 psn|[from] drain|[of] p1a: Ribombee
|
|-damage|p2a: Hatterene|88/100 psn|[from] psn
|upkeep
|turn|14
|
|t:|1769343019
|move|p1a: Ribombee|Moonblast|p2a: Hatterene
|-damage|p2a: Hatterene|45/100 psn
|move|p2a: Hatterene|Future Sight|p1a: Ribombee
|-start|p2a: Hatterene|move: Future Sight
|
|-heal|p2a: Hatterene|51/100 psn|[from] item: Leftovers
|-damage|p2a: Hatterene|39/100 psn|[from] psn
|upkeep
|turn|15
|l| Fart Stinky
|inactive|oh YEAAHH!! has 120 seconds left.
|
|t:|1769343059
|move|p1a: Ribombee|Stun Spore|p2a: Hatterene
|move|p2a: Hatterene|Stun Spore|p1a: Ribombee|[from] ability: Magic Bounce|[miss]
|-miss|p2a: Hatterene|p1a: Ribombee
|move|p2a: Hatterene|Draining Kiss|p1a: Ribombee
|-damage|p1a: Ribombee|16/100
|-heal|p2a: Hatterene|62/100 psn|[from] drain|[of] p1a: Ribombee
|
|-heal|p2a: Hatterene|67/100 psn|[from] item: Leftovers
|-damage|p2a: Hatterene|55/100 psn|[from] psn
|upkeep
|turn|16
|inactive|oh YEAAHH!! has 120 seconds left.
|
|t:|1769343073
|move|p1a: Ribombee|Moonblast|p2a: Hatterene
|-damage|p2a: Hatterene|11/100 psn
|move|p2a: Hatterene|Draining Kiss|p1a: Ribombee
|-damage|p1a: Ribombee|0 fnt
|-heal|p2a: Hatterene|20/100 psn|[from] drain|[of] p1a: Ribombee
|faint|p1a: Ribombee
|
|-hint|Future Sight did not hit because the target is fainted.
|-heal|p2a: Hatterene|26/100 psn|[from] item: Leftovers
|-damage|p2a: Hatterene|14/100 psn|[from] psn
|upkeep
|
|t:|1769343092
|switch|p1a: Kingambit|Kingambit, M|100/100
|-activate|p1a: Kingambit|move: Sticky Web
|-unboost|p1a: Kingambit|spe|1
|-activate|p1a: Kingambit|ability: Supreme Overlord
|-start|p1a: Kingambit|fallen3|[silent]
|turn|17
|
|t:|1769343102
|move|p1a: Kingambit|Iron Head|p2a: Hatterene
|-supereffective|p2a: Hatterene
|-damage|p2a: Hatterene|0 fnt
|faint|p2a: Hatterene
|
|upkeep
|inactive|oh YEAAHH!! has 120 seconds left.
|
|t:|1769343114
|switch|p2a: Zamazenta|Zamazenta|100/100
|-activate|p2a: Zamazenta|move: Sticky Web
|-unboost|p2a: Zamazenta|spe|1
|-status|p2a: Zamazenta|psn
|-ability|p2a: Zamazenta|Dauntless Shield|boost
|-boost|p2a: Zamazenta|def|1
|turn|18
|
|t:|1769343122
|move|p2a: Zamazenta|Body Press|p1a: Kingambit
|-supereffective|p1a: Kingambit
|-damage|p1a: Kingambit|0 fnt
|faint|p1a: Kingambit
|-end|p1a: Kingambit|fallen3|[silent]
|
|-damage|p2a: Zamazenta|88/100 psn|[from] psn
|upkeep
|
|t:|1769343125
|switch|p1a: Iron Valiant|Iron Valiant|100/100
|-activate|p1a: Iron Valiant|move: Sticky Web
|-unboost|p1a: Iron Valiant|spe|1
|-enditem|p1a: Iron Valiant|Booster Energy
|-activate|p1a: Iron Valiant|ability: Quark Drive|[fromitem]
|-start|p1a: Iron Valiant|quarkdrivespa
|turn|19
|
|t:|1769343134
|switch|p2a: Tornadus|Tornadus-Therian, M|94/100
|move|p1a: Iron Valiant|Moonblast|p2a: Tornadus
|-damage|p2a: Tornadus|63/100
|
|upkeep
|turn|20
|
|t:|1769343142
|-terastallize|p1a: Iron Valiant|Electric
|move|p2a: Tornadus|Bleakwind Storm|p1a: Iron Valiant
|-resisted|p1a: Iron Valiant
|-damage|p1a: Iron Valiant|67/100
|-unboost|p1a: Iron Valiant|spe|1
|move|p1a: Iron Valiant|Thunderbolt|p2a: Tornadus
|-supereffective|p2a: Tornadus
|-damage|p2a: Tornadus|2/100
|
|upkeep
|turn|21
|
|t:|1769343156
|move|p2a: Tornadus|Heat Wave|p1a: Iron Valiant
|-damage|p1a: Iron Valiant|25/100
|move|p1a: Iron Valiant|Moonblast|p2a: Tornadus
|-damage|p2a: Tornadus|0 fnt
|faint|p2a: Tornadus
|
|upkeep
|
|t:|1769343177
|switch|p2a: Dragapult|Dragapult, F|100/100
|-activate|p2a: Dragapult|move: Sticky Web
|-fail|p2a: Dragapult|unboost|[from] ability: Clear Body|[of] p2a: Dragapult
|-status|p2a: Dragapult|psn
|turn|22
|
|t:|1769343182
|move|p2a: Dragapult|Dragon Darts|p1a: Iron Valiant
|-damage|p1a: Iron Valiant|0 fnt
|faint|p1a: Iron Valiant
|-end|p1a: Iron Valiant|Quark Drive|[silent]
|
|-damage|p2a: Dragapult|88/100 psn|[from] psn
|upkeep
|-message|machopped unc forfeited.
|
|win|oh YEAAHH!!
|raw|machopped unc's rating: 1814 &rarr; <strong>1796</strong><br />(-18 for losing)
|raw|oh YEAAHH!!'s rating: 1857 &rarr; <strong>1875</strong><br />(+18 for winning)
|l|‽machopped unc
|player|p1|
