|j|☆roommate108
|j|☆ratca
|t:|1769323418
|gametype|singles
|player|p1|roommate108|101|1422
|player|p2|ratca|101|1468
|gen|9
|tier|[Gen 9] OU
|rated|
|rule|HP Percentage Mod: HP is shown in percentages
|rule|Endless Battle Clause: Forcing endless battles is banned
|rule|Species Clause: Limit one of each Pokémon
|rule|OHKO Clause: OHKO moves are banned
|rule|Evasion Items Clause: Evasion items are banned
|rule|Evasion Moves Clause: Evasion moves are banned
|rule|Evasion Abilities Clause: Evasion abilities are banned
|rule|Sleep Moves Clause: Sleep-inducing moves are banned
|clearpoke
|poke|p1|Great Tusk|
|poke|p1|Brambleghast, M|
|poke|p1|Moltres|
|poke|p1|Ting-Lu|
|poke|p1|Kleavor, F|
|poke|p1|Dragapult, F|
|poke|p2|Hydrapple, M|
|poke|p2|Corviknight, F|
|poke|p2|Blissey, F|
|poke|p2|Dondozo, M|
|poke|p2|Clodsire, F|
|poke|p2|Gliscor, M|
|teampreview
|inactive|Battle timer is ON: inactive players will automatically lose when time's up. (requested by roommate108)
|
|t:|1769323435
|teamsize|p1|6
|teamsize|p2|6
|start
|switch|p1a: Kleavor|Kleavor, F|100/100
|switch|p2a: Gliscor|Gliscor, M|100/100
|turn|1
|
|t:|1769323444
|move|p2a: Gliscor|Protect|p2a: Gliscor
|-singleturn|p2a: Gliscor|Protect
|move|p1a: Kleavor|Stone Axe|p2a: Gliscor
|-activate|p2a: Gliscor|move: Protect
|
|-status|p2a: Gliscor|tox|[from] item: Toxic Orb
|upkeep
|turn|2
|
|t:|1769323453
|move|p1a: Kleavor|Stone Axe|p2a: Gliscor
|-damage|p2a: Gliscor|68/100 tox
|-sidestart|p2: ratca|move: Stealth Rock
|move|p2a: Gliscor|Knock Off|p1a: Kleavor
|-damage|p1a: Kleavor|75/100
|-enditem|p1a: Kleavor|Focus Sash|[from] move: Knock Off|[of] p2a: Gliscor
|
|-heal|p2a: Gliscor|81/100 tox|[from] ability: Poison Heal
|upkeep
|turn|3
|
|t:|1769323462
|move|p1a: Kleavor|U-turn|p2a: Gliscor
|-resisted|p2a: Gliscor
|-damage|p2a: Gliscor|70/100 tox
|
|t:|1769323470
|switch|p1a: Ting-Lu|Ting-Lu|100/100|[from] U-turn
|-ability|p1a: Ting-Lu|Vessel of Ruin
|move|p2a: Gliscor|Spikes|p1a: Ting-Lu
|-sidestart|p1: roommate108|Spikes
|
|-heal|p2a: Gliscor|83/100 tox|[from] ability: Poison Heal
|upkeep
|turn|4
|
|t:|1769323478
|move|p2a: Gliscor|Toxic|p1a: Ting-Lu
|-status|p1a: Ting-Lu|tox
|move|p1a: Ting-Lu|Spikes|p2a: Gliscor
|-sidestart|p2: ratca|Spikes
|
|-heal|p2a: Gliscor|95/100 tox|[from] ability: Poison Heal
|-damage|p1a: Ting-Lu|94/100 tox|[from] psn
|upkeep
|turn|5
|
|t:|1769323491
|move|p2a: Gliscor|Knock Off|p1a: Ting-Lu
|-resisted|p1a: Ting-Lu
|-damage|p1a: Ting-Lu|89/100 tox
|-enditem|p1a: Ting-Lu|Leftovers|[from] move: Knock Off|[of] p2a: Gliscor
|move|p1a: Ting-Lu|Whirlwind|p2a: Gliscor
|drag|p2a: Blissey|Blissey, F|100/100
|
|-damage|p1a: Ting-Lu|76/100 tox|[from] psn
|upkeep
|turn|6
|
|t:|1769323501
|move|p2a: Blissey|Stealth Rock|p1a: Ting-Lu
|-sidestart|p1: roommate108|move: Stealth Rock
|move|p1a: Ting-Lu|Whirlwind|p2a: Blissey
|drag|p2a: Corviknight|Corviknight, F|100/100
|-damage|p2a: Corviknight|88/100|[from] Stealth Rock
|-ability|p2a: Corviknight|Pressure
|
|-heal|p2a: Corviknight|94/100|[from] item: Leftovers
|-damage|p1a: Ting-Lu|58/100 tox|[from] psn
|upkeep
|turn|7
|
|t:|1769323511
|move|p2a: Corviknight|Iron Head|p1a: Ting-Lu
|-damage|p1a: Ting-Lu|45/100 tox
|move|p1a: Ting-Lu|Whirlwind|p2a: Corviknight
|drag|p2a: Clodsire|Clodsire, F|100/100
|-damage|p2a: Clodsire|94/100|[from] Stealth Rock
|-damage|p2a: Clodsire|82/100|[from] Spikes
|
|-heal|p2a: Clodsire|88/100|[from] item: Black Sludge
|-damage|p1a: Ting-Lu|20/100 tox|[from] psn
|upkeep
|turn|8
|
|t:|1769323521
|switch|p2a: Hydrapple|Hydrapple, M|100/100
|-damage|p2a: Hydrapple|88/100|[from] Stealth Rock
|-damage|p2a: Hydrapple|76/100|[from] Spikes
|move|p1a: Ting-Lu|Spikes|p2a: Hydrapple
|-sidestart|p2: ratca|Spikes
|
|-damage|p1a: Ting-Lu|0 fnt|[from] psn
|faint|p1a: Ting-Lu
|upkeep
|
|t:|1769323532
|switch|p1a: Dragapult|Dragapult, F|100/100
|-damage|p1a: Dragapult|88/100|[from] Spikes
|-damage|p1a: Dragapult|76/100|[from] Stealth Rock
|turn|9
|
|t:|1769323538
|switch|p2a: Blissey|Blissey, F|100/100
|move|p1a: Dragapult|Draco Meteor|p2a: Blissey
|-damage|p2a: Blissey|70/100
|-unboost|p1a: Dragapult|spa|2
|
|upkeep
|turn|10
|
|t:|1769323552
|switch|p1a: Kleavor|Kleavor, F|75/100
|-damage|p1a: Kleavor|62/100|[from] Spikes
|-damage|p1a: Kleavor|37/100|[from] Stealth Rock
|move|p2a: Blissey|Soft-Boiled|p2a: Blissey
|-heal|p2a: Blissey|100/100
|
|upkeep
|turn|11
|
|t:|1769323563
|switch|p2a: Corviknight|Corviknight, F|94/100
|-damage|p2a: Corviknight|82/100|[from] Stealth Rock
|-ability|p2a: Corviknight|Pressure
|move|p1a: Kleavor|Stone Axe|p2a: Corviknight|[miss]
|-miss|p1a: Kleavor|p2a: Corviknight
|
|-heal|p2a: Corviknight|88/100|[from] item: Leftovers
|upkeep
|turn|12
|
|t:|1769323573
|move|p1a: Kleavor|Tailwind|p1a: Kleavor
|-sidestart|p1: roommate108|move: Tailwind
|move|p2a: Corviknight|Iron Head|p1a: Kleavor
|-supereffective|p1a: Kleavor
|-damage|p1a: Kleavor|0 fnt
|faint|p1a: Kleavor
|
|-heal|p2a: Corviknight|94/100|[from] item: Leftovers
|upkeep
|
|t:|1769323580
|switch|p1a: Dragapult|Dragapult, F|76/100
|-damage|p1a: Dragapult|64/100|[from] Spikes
|-damage|p1a: Dragapult|51/100|[from] Stealth Rock
|turn|13
|
|t:|1769323585
|switch|p2a: Blissey|Blissey, F|100/100
|move|p1a: Dragapult|U-turn|p2a: Blissey
|-damage|p2a: Blissey|84/100
|
|t:|1769323588
|switch|p1a: Brambleghast|Brambleghast, M|100/100|[from] U-turn
|-damage|p1a: Brambleghast|88/100|[from] Spikes
|-damage|p1a: Brambleghast|76/100|[from] Stealth Rock
|-ability|p1a: Brambleghast|Wind Rider|boost
|-boost|p1a: Brambleghast|atk|1
|
|upkeep
|turn|14
|
|t:|1769323598
|switch|p2a: Hydrapple|Hydrapple, M|100/100
|-damage|p2a: Hydrapple|88/100|[from] Stealth Rock
|-damage|p2a: Hydrapple|72/100|[from] Spikes
|move|p1a: Brambleghast|Power Whip|p2a: Hydrapple
|-resisted|p2a: Hydrapple
|-damage|p2a: Hydrapple|54/100
|-damage|p1a: Brambleghast|66/100|[from] item: Life Orb
|
|upkeep
|turn|15
|
|t:|1769323608
|move|p1a: Brambleghast|Poltergeist|p2a: Hydrapple
|-activate|p2a: Hydrapple|move: Poltergeist|Life Orb
|-damage|p2a: Hydrapple|0 fnt
|faint|p2a: Hydrapple
|-damage|p1a: Brambleghast|56/100|[from] item: Life Orb
|
|-sideend|p1: roommate108|move: Tailwind
|upkeep
|
|t:|1769323620
|switch|p2a: Corviknight|Corviknight, F|94/100
|-damage|p2a: Corviknight|82/100|[from] Stealth Rock
|-ability|p2a: Corviknight|Pressure
|turn|16
|
|t:|1769323625
|move|p1a: Brambleghast|Poltergeist|p2a: Corviknight
|-activate|p2a: Corviknight|move: Poltergeist|Leftovers
|-damage|p2a: Corviknight|16/100
|-damage|p1a: Brambleghast|46/100|[from] item: Life Orb
|move|p2a: Corviknight|Iron Head|p1a: Brambleghast
|-damage|p1a: Brambleghast|0 fnt
|faint|p1a: Brambleghast
|
|-heal|p2a: Corviknight|22/100|[from] item: Leftovers
|upkeep
|
|t:|1769323634
|switch|p1a: Great Tusk|Great Tusk|100/100
|-damage|p1a: Great Tusk|88/100|[from] Spikes
|-damage|p1a: Great Tusk|85/100|[from] Stealth Rock
|-enditem|p1a: Great Tusk|Booster Energy
|-activate|p1a: Great Tusk|ability: Protosynthesis|[fromitem]
|-start|p1a: Great Tusk|protosynthesisatk
|turn|17
|
|t:|1769323641
|move|p1a: Great Tusk|Knock Off|p2a: Corviknight
|-damage|p2a: Corviknight|0 fnt
|-enditem|p2a: Corviknight|Leftovers|[from] move: Knock Off|[of] p1a: Great Tusk
|faint|p2a: Corviknight
|
|upkeep
|
|t:|1769323649
|switch|p2a: Dondozo|Dondozo, M|100/100
|-damage|p2a: Dondozo|88/100|[from] Stealth Rock
|-damage|p2a: Dondozo|72/100|[from] Spikes
|turn|18
|
|t:|1769323658
|-terastallize|p1a: Great Tusk|Ground
|move|p1a: Great Tusk|Headlong Rush|p2a: Dondozo
|-damage|p2a: Dondozo|19/100
|-unboost|p1a: Great Tusk|def|1
|-unboost|p1a: Great Tusk|spd|1
|move|p2a: Dondozo|Curse|p2a: Dondozo
|-unboost|p2a: Dondozo|spe|1
|-boost|p2a: Dondozo|atk|1
|-boost|p2a: Dondozo|def|1
|
|-heal|p2a: Dondozo|25/100|[from] item: Leftovers
|upkeep
|turn|19
|
|t:|1769323669
|move|p1a: Great Tusk|Headlong Rush|p2a: Dondozo
|-damage|p2a: Dondozo|0 fnt
|-unboost|p1a: Great Tusk|def|1
|-unboost|p1a: Great Tusk|spd|1
|faint|p2a: Dondozo
|
|upkeep
|
|t:|1769323675
|switch|p2a: Gliscor|Gliscor, M|95/100 tox
|-damage|p2a: Gliscor|83/100 tox|[from] Stealth Rock
|turn|20
|
|t:|1769323683
|move|p1a: Great Tusk|Knock Off|p2a: Gliscor
|-damage|p2a: Gliscor|56/100 tox
|-enditem|p2a: Gliscor|Toxic Orb|[from] move: Knock Off|[of] p1a: Great Tusk
|move|p2a: Gliscor|Toxic|p1a: Great Tusk|[miss]
|-miss|p2a: Gliscor|p1a: Great Tusk
|
|-heal|p2a: Gliscor|68/100 tox|[from] ability: Poison Heal
|upkeep
|turn|21
|
|t:|1769323691
|move|p1a: Great Tusk|Head Smash|p2a: Gliscor
|-damage|p2a: Gliscor|23/100 tox
|-damage|p1a: Great Tusk|64/100|[from] Recoil
|move|p2a: Gliscor|Toxic|p1a: Great Tusk
|-status|p1a: Great Tusk|tox
|
|-damage|p1a: Great Tusk|57/100 tox|[from] psn
|-heal|p2a: Gliscor|35/100 tox|[from] ability: Poison Heal
|upkeep
|turn|22
|
|t:|1769323700
|move|p2a: Gliscor|Protect|p2a: Gliscor
|-singleturn|p2a: Gliscor|Protect
|move|p1a: Great Tusk|Rapid Spin|p2a: Gliscor
|-activate|p2a: Gliscor|move: Protect
|
|-damage|p1a: Great Tusk|45/100 tox|[from] psn
|-heal|p2a: Gliscor|48/100 tox|[from] ability: Poison Heal
|upkeep
|turn|23
|
|t:|1769323717
|move|p2a: Gliscor|Protect||[still]
|-fail|p2a: Gliscor
|move|p1a: Great Tusk|Head Smash|p2a: Gliscor|[miss]
|-miss|p1a: Great Tusk|p2a: Gliscor
|
|-damage|p1a: Great Tusk|26/100 tox|[from] psn
|-heal|p2a: Gliscor|60/100 tox|[from] ability: Poison Heal
|upkeep
|turn|24
|-message|roommate108 forfeited.
|
|win|ratca
|raw|roommate108's rating: 1422 &rarr; <strong>1405</strong><br />(-17 for losing)
|raw|ratca's rating: 1468 &rarr; <strong>1485</strong><br />(+17 for winning)
|l|☆roommate108
|player|p1|
|l|☆ratca
|player|p2|
