|j|☆peregrine23
|j|☆THESWIMMER974
|t:|1769434295
|gametype|singles
|player|p1|peregrine23|firebreather|1181
|player|p2|THESWIMMER974|swimmer|1175
|gen|9
|tier|[Gen 9] OU
|rated|
|rule|HP Percentage Mod: HP is shown in percentages
|rule|Endless Battle Clause: Forcing endless battles is banned
|rule|Species Clause: Limit one of each Pokémon
|rule|OHKO Clause: OHKO moves are banned
|rule|Evasion Items Clause: Evasion items are banned
|rule|Evasion Moves Clause: Evasion moves are banned
|rule|Evasion Abilities Clause: Evasion abilities are banned
|rule|Sleep Moves Clause: Sleep-inducing moves are banned
|clearpoke
|poke|p1|Gholdengo|
|poke|p1|Alomomola, F|
|poke|p1|Great Tusk|
|poke|p1|Slowking-Galar, M|
|poke|p1|Rillaboom, F|
|poke|p1|Hoopa-Unbound|
|poke|p2|Pelipper, M|
|poke|p2|Barraskewda, M|
|poke|p2|Landorus-Therian, M|
|poke|p2|Corviknight, F|
|poke|p2|Goodra-Hisui, F|
|poke|p2|Golduck, F|
|teampreview
|inactive|Battle timer is ON: inactive players will automatically lose when time's up. (requested by peregrine23)
|
|t:|1769434324
|teamsize|p1|6
|teamsize|p2|6
|start
|switch|p1a: Gholdengo|Gholdengo|100/100
|switch|p2a: ZOIZO|Pelipper, M|100/100
|-weather|RainDance|[from] ability: Drizzle|[of] p2a: ZOIZO
|turn|1
|
|t:|1769434333
|move|p1a: Gholdengo|Thunder Wave|p2a: ZOIZO
|-status|p2a: ZOIZO|par
|cant|p2a: ZOIZO|par
|
|-weather|RainDance|[upkeep]
|upkeep
|turn|2
|
|t:|1769434340
|move|p1a: Gholdengo|Hex|p2a: ZOIZO
|-damage|p2a: ZOIZO|12/100 par
|move|p2a: ZOIZO|U-turn|p1a: Gholdengo
|-resisted|p1a: Gholdengo
|-damage|p1a: Gholdengo|99/100
|
|t:|1769434346
|switch|p2a: ROCKET|Barraskewda, M|100/100|[from] U-turn
|
|-weather|RainDance|[upkeep]
|-heal|p1a: Gholdengo|100/100|[from] item: Leftovers
|upkeep
|turn|3
|
|t:|1769434352
|move|p2a: ROCKET|Flip Turn|p1a: Gholdengo
|-damage|p1a: Gholdengo|49/100
|-damage|p2a: ROCKET|91/100|[from] item: Life Orb
|
|t:|1769434356
|switch|p2a: TIGER|Landorus-Therian, M|100/100|[from] Flip Turn
|-ability|p2a: TIGER|Intimidate|boost
|-unboost|p1a: Gholdengo|atk|1
|move|p1a: Gholdengo|Thunder Wave|p2a: TIGER
|-immune|p2a: TIGER
|
|-weather|RainDance|[upkeep]
|-heal|p1a: Gholdengo|56/100|[from] item: Leftovers
|upkeep
|turn|4
|
|t:|1769434375
|switch|p1a: Alomomola|Alomomola, F|100/100
|move|p2a: TIGER|Earthquake|p1a: Alomomola
|-damage|p1a: Alomomola|66/100
|
|-weather|RainDance|[upkeep]
|upkeep
|turn|5
|
|t:|1769434383
|move|p2a: TIGER|Stealth Rock|p1a: Alomomola
|-sidestart|p1: peregrine23|move: Stealth Rock
|move|p1a: Alomomola|Tickle|p2a: TIGER
|-unboost|p2a: TIGER|atk|1
|-unboost|p2a: TIGER|def|1
|
|-weather|RainDance|[upkeep]
|upkeep
|turn|6
|
|t:|1769434391
|switch|p2a: DUCKY|Golduck, F|100/100
|move|p1a: Alomomola|Wish|p1a: Alomomola
|
|-weather|RainDance|[upkeep]
|upkeep
|turn|7
|
|t:|1769434400
|switch|p1a: Gholdengo|Gholdengo|56/100
|-damage|p1a: Gholdengo|49/100|[from] Stealth Rock
|move|p2a: DUCKY|Nasty Plot|p2a: DUCKY
|-boost|p2a: DUCKY|spa|2
|
|-weather|RainDance|[upkeep]
|-heal|p1a: Gholdengo|100/100|[from] move: Wish|[wisher] Alomomola
|upkeep
|turn|8
|
|t:|1769434410
|move|p2a: DUCKY|Surf|p1a: Gholdengo
|-damage|p1a: Gholdengo|0 fnt
|faint|p1a: Gholdengo
|
|-weather|none
|upkeep
|
|t:|1769434415
|switch|p1a: Rillaboom|Rillaboom, F|100/100
|-damage|p1a: Rillaboom|88/100|[from] Stealth Rock
|-fieldstart|move: Grassy Terrain|[from] ability: Grassy Surge|[of] p1a: Rillaboom
|turn|9
|
|t:|1769434425
|switch|p2a: TIGER|Landorus-Therian, M|100/100
|-ability|p2a: TIGER|Intimidate|boost
|-unboost|p1a: Rillaboom|atk|1
|move|p1a: Rillaboom|Grassy Glide|p2a: TIGER
|-damage|p2a: TIGER|50/100
|
|-heal|p1a: Rillaboom|94/100|[from] Grassy Terrain
|upkeep
|turn|10
|
|t:|1769434435
|move|p1a: Rillaboom|Grassy Glide|p2a: TIGER
|-crit|p2a: TIGER
|-damage|p2a: TIGER|0 fnt
|faint|p2a: TIGER
|
|-heal|p1a: Rillaboom|100/100|[from] Grassy Terrain
|upkeep
|
|t:|1769434445
|switch|p2a: CROW|Corviknight, F|100/100
|turn|11
|
|t:|1769434452
|switch|p1a: Alomomola|Alomomola, F|99/100
|move|p2a: CROW|U-turn|p1a: Alomomola
|-damage|p1a: Alomomola|91/100
|
|t:|1769434457
|switch|p2a: DUCKY|Golduck, F|100/100|[from] U-turn
|
|-heal|p1a: Alomomola|97/100|[from] Grassy Terrain
|upkeep
|turn|12
|
|t:|1769434467
|move|p2a: DUCKY|Nasty Plot|p2a: DUCKY
|-boost|p2a: DUCKY|spa|2
|move|p1a: Alomomola|Flip Turn|p2a: DUCKY
|-resisted|p2a: DUCKY
|-damage|p2a: DUCKY|90/100
|
|t:|1769434473
|switch|p1a: Rillaboom|Rillaboom, F|100/100|[from] Flip Turn
|-damage|p1a: Rillaboom|88/100|[from] Stealth Rock
|
|-heal|p1a: Rillaboom|94/100|[from] Grassy Terrain
|-heal|p2a: DUCKY|96/100|[from] Grassy Terrain
|upkeep
|turn|13
|
|t:|1769434483
|switch|p2a: CROW|Corviknight, F|100/100
|move|p1a: Rillaboom|Grassy Glide|p2a: CROW
|-resisted|p2a: CROW
|-damage|p2a: CROW|92/100
|-damage|p1a: Rillaboom|78/100|[from] item: Rocky Helmet|[of] p2a: CROW
|
|-heal|p1a: Rillaboom|84/100|[from] Grassy Terrain
|-fieldend|move: Grassy Terrain
|upkeep
|turn|14
|
|t:|1769434494
|switch|p1a: Alomomola|Alomomola, F|100/100
|move|p2a: CROW|U-turn|p1a: Alomomola
|-damage|p1a: Alomomola|91/100
|
|t:|1769434500
|switch|p2a: SLOBBER|Goodra-Hisui, F|100/100|[from] U-turn
|
|upkeep
|turn|15
|
|t:|1769434509
|move|p1a: Alomomola|Wish|p1a: Alomomola
|move|p2a: SLOBBER|Thunderbolt|p1a: Alomomola
|-supereffective|p1a: Alomomola
|-damage|p1a: Alomomola|37/100
|-status|p1a: Alomomola|par
|
|upkeep
|turn|16
|
|t:|1769434517
|switch|p1a: Great Tusk|Great Tusk|100/100
|move|p2a: SLOBBER|Dragon Pulse|p1a: Great Tusk
|-damage|p1a: Great Tusk|36/100
|
|-heal|p1a: Great Tusk|95/100|[from] move: Wish|[wisher] Alomomola
|upkeep
|turn|17
|
|t:|1769434530
|switch|p2a: ZOIZO|Pelipper, M|12/100 par
|-weather|RainDance|[from] ability: Drizzle|[of] p2a: ZOIZO
|move|p1a: Great Tusk|Headlong Rush|p2a: ZOIZO
|-immune|p2a: ZOIZO
|
|-weather|RainDance|[upkeep]
|upkeep
|turn|18
|
|t:|1769434539
|move|p1a: Great Tusk|Rapid Spin|p2a: ZOIZO
|-damage|p2a: ZOIZO|0 fnt
|-boost|p1a: Great Tusk|spe|1
|-sideend|p1: peregrine23|Stealth Rock|[from] move: Rapid Spin|[of] p1a: Great Tusk
|faint|p2a: ZOIZO
|
|-weather|RainDance|[upkeep]
|upkeep
|
|t:|1769434546
|switch|p2a: DUCKY|Golduck, F|96/100
|turn|19
|
|t:|1769434555
|move|p2a: DUCKY|Nasty Plot|p2a: DUCKY
|-boost|p2a: DUCKY|spa|2
|move|p1a: Great Tusk|Stealth Rock|p2a: DUCKY
|-sidestart|p2: THESWIMMER974|move: Stealth Rock
|
|-weather|RainDance|[upkeep]
|upkeep
|turn|20
|
|t:|1769434568
|-end|p1a: Great Tusk|Protosynthesis|[silent]
|switch|p1a: Alomomola|Alomomola, F|71/100 par
|move|p2a: DUCKY|Surf|p1a: Alomomola
|-resisted|p1a: Alomomola
|-damage|p1a: Alomomola|11/100 par
|
|-weather|RainDance|[upkeep]
|upkeep
|turn|21
|
|t:|1769434578
|move|p2a: DUCKY|Surf|p1a: Alomomola
|-resisted|p1a: Alomomola
|-damage|p1a: Alomomola|0 fnt
|faint|p1a: Alomomola
|
|-weather|RainDance|[upkeep]
|upkeep
|
|t:|1769434583
|switch|p1a: Rillaboom|Rillaboom, F|84/100
|-fieldstart|move: Grassy Terrain|[from] ability: Grassy Surge|[of] p1a: Rillaboom
|turn|22
|
|t:|1769434596
|switch|p2a: CROW|Corviknight, F|92/100
|-damage|p2a: CROW|79/100|[from] Stealth Rock
|move|p1a: Rillaboom|Grassy Glide|p2a: CROW
|-resisted|p2a: CROW
|-crit|p2a: CROW
|-damage|p2a: CROW|66/100
|-damage|p1a: Rillaboom|68/100|[from] item: Rocky Helmet|[of] p2a: CROW
|
|-weather|RainDance|[upkeep]
|-heal|p1a: Rillaboom|74/100|[from] Grassy Terrain
|upkeep
|turn|23
|
|t:|1769434623
|switch|p1a: Slowking|Slowking-Galar, M|100/100
|move|p2a: CROW|U-turn|p1a: Slowking
|-damage|p1a: Slowking|89/100
|
|t:|1769434629
|switch|p2a: ROCKET|Barraskewda, M|91/100|[from] U-turn
|-damage|p2a: ROCKET|78/100|[from] Stealth Rock
|
|-weather|RainDance|[upkeep]
|-heal|p2a: ROCKET|85/100|[from] Grassy Terrain
|-heal|p1a: Slowking|95/100|[from] Grassy Terrain
|upkeep
|turn|24
|
|t:|1769434640
|move|p2a: ROCKET|Liquidation|p1a: Slowking
|-damage|p1a: Slowking|12/100
|-damage|p2a: ROCKET|75/100|[from] item: Life Orb
|move|p1a: Slowking|Toxic|p2a: ROCKET
|-status|p2a: ROCKET|tox
|
|-weather|none
|-heal|p2a: ROCKET|81/100 tox|[from] Grassy Terrain
|-heal|p1a: Slowking|18/100|[from] Grassy Terrain
|-damage|p2a: ROCKET|75/100 tox|[from] psn
|upkeep
|turn|25
|inactive|peregrine23 has 120 seconds left.
|
|t:|1769434664
|move|p2a: ROCKET|Flip Turn|p1a: Slowking
|-damage|p1a: Slowking|0 fnt
|faint|p1a: Slowking
|-damage|p2a: ROCKET|65/100 tox|[from] item: Life Orb
|inactive|THESWIMMER974 has 120 seconds left.
|
|t:|1769434680
|switch|p2a: CROW|Corviknight, F|66/100|[from] Flip Turn
|-damage|p2a: CROW|54/100|[from] Stealth Rock
|
|upkeep
|
|t:|1769434687
|switch|p1a: Great Tusk|Great Tusk|95/100
|turn|26
|
|t:|1769434693
|move|p1a: Great Tusk|Knock Off|p2a: CROW
|-damage|p2a: CROW|38/100
|-damage|p1a: Great Tusk|79/100|[from] item: Rocky Helmet|[of] p2a: CROW
|-enditem|p2a: CROW|Rocky Helmet|[from] move: Knock Off|[of] p1a: Great Tusk
|move|p2a: CROW|Brave Bird|p1a: Great Tusk
|-supereffective|p1a: Great Tusk
|-damage|p1a: Great Tusk|32/100
|-damage|p2a: CROW|22/100|[from] Recoil
|
|-heal|p1a: Great Tusk|38/100|[from] Grassy Terrain
|-fieldend|move: Grassy Terrain
|upkeep
|turn|27
|inactive|peregrine23 has 120 seconds left.
|
|t:|1769434723
|move|p1a: Great Tusk|Rapid Spin|p2a: CROW
|-resisted|p2a: CROW
|-damage|p2a: CROW|18/100
|-boost|p1a: Great Tusk|spe|1
|move|p2a: CROW|Roost|p2a: CROW
|-heal|p2a: CROW|68/100
|-singleturn|p2a: CROW|move: Roost
|
|upkeep
|turn|28
|
|t:|1769434732
|move|p1a: Great Tusk|Headlong Rush|p2a: CROW
|-immune|p2a: CROW
|move|p2a: CROW|Brave Bird|p1a: Great Tusk
|-supereffective|p1a: Great Tusk
|-damage|p1a: Great Tusk|0 fnt
|faint|p1a: Great Tusk
|-end|p1a: Great Tusk|Protosynthesis|[silent]
|-damage|p2a: CROW|55/100|[from] Recoil
|
|upkeep
|
|t:|1769434740
|switch|p1a: Rillaboom|Rillaboom, F|74/100
|-fieldstart|move: Grassy Terrain|[from] ability: Grassy Surge|[of] p1a: Rillaboom
|turn|29
|inactive|peregrine23 has 120 seconds left.
|
|t:|1769434751
|move|p1a: Rillaboom|Wood Hammer|p2a: CROW
|-resisted|p2a: CROW
|-damage|p2a: CROW|36/100
|-damage|p1a: Rillaboom|66/100|[from] Recoil
|move|p2a: CROW|U-turn|p1a: Rillaboom
|-supereffective|p1a: Rillaboom
|-damage|p1a: Rillaboom|34/100
|inactive|THESWIMMER974 has 120 seconds left.
|inactive|THESWIMMER974 has 90 seconds left.
|
|t:|1769434825
|switch|p2a: SLOBBER|Goodra-Hisui, F|100/100|[from] U-turn
|-damage|p2a: SLOBBER|94/100|[from] Stealth Rock
|
|-heal|p1a: Rillaboom|40/100|[from] Grassy Terrain
|-heal|p2a: SLOBBER|100/100|[from] Grassy Terrain
|upkeep
|turn|30
|inactive|THESWIMMER974 has 60 seconds left.
|
|t:|1769434867
|move|p1a: Rillaboom|Wood Hammer|p2a: SLOBBER
|-resisted|p2a: SLOBBER
|-damage|p2a: SLOBBER|68/100
|-ability|p2a: SLOBBER|Gooey
|-unboost|p1a: Rillaboom|spe|1
|-damage|p1a: Rillaboom|28/100|[from] Recoil
|move|p2a: SLOBBER|Dragon Pulse|p1a: Rillaboom
|-damage|p1a: Rillaboom|0 fnt
|faint|p1a: Rillaboom
|
|-heal|p2a: SLOBBER|74/100|[from] Grassy Terrain
|upkeep
|inactive|peregrine23 has 120 seconds left.
|
|t:|1769434878
|switch|p1a: Hoopa|Hoopa-Unbound|100/100
|-enditem|p1a: Hoopa|Grassy Seed
|-boost|p1a: Hoopa|def|1|[from] item: Grassy Seed
|turn|31
|inactive|THESWIMMER974 has 60 seconds left.
|inactive|peregrine23 has 120 seconds left.
|
|t:|1769434901
|move|p1a: Hoopa|Hyperspace Fury|p2a: SLOBBER
|-damage|p2a: SLOBBER|18/100
|-unboost|p1a: Hoopa|def|1
|-item|p1a: Hoopa|Assault Vest|[from] ability: Magician|[of] p2a: SLOBBER
|move|p2a: SLOBBER|Flash Cannon|p1a: Hoopa
|-damage|p1a: Hoopa|80/100
|
|-heal|p1a: Hoopa|86/100|[from] Grassy Terrain
|-heal|p2a: SLOBBER|24/100|[from] Grassy Terrain
|upkeep
|turn|32
|inactive|peregrine23 has 120 seconds left.
|
|t:|1769434923
|move|p1a: Hoopa|Drain Punch|p2a: SLOBBER
|-supereffective|p2a: SLOBBER
|-damage|p2a: SLOBBER|0 fnt
|-heal|p1a: Hoopa|99/100|[from] drain|[of] p2a: SLOBBER
|-ability|p2a: SLOBBER|Gooey
|-unboost|p1a: Hoopa|spe|1
|faint|p2a: SLOBBER
|
|-heal|p1a: Hoopa|100/100|[from] Grassy Terrain
|upkeep
|inactive|THESWIMMER974 has 30 seconds left.
|
|t:|1769434939
|switch|p2a: CROW|Corviknight, F|36/100
|-damage|p2a: CROW|24/100|[from] Stealth Rock
|turn|33
|inactive|THESWIMMER974 has 30 seconds left.
|
|t:|1769434948
|move|p2a: CROW|U-turn|p1a: Hoopa
|-supereffective|p1a: Hoopa
|-damage|p1a: Hoopa|44/100
|inactive|THESWIMMER974 has 30 seconds left.
|
|t:|1769434960
|switch|p2a: DUCKY|Golduck, F|96/100|[from] U-turn
|move|p1a: Hoopa|Drain Punch|p2a: DUCKY
|-crit|p2a: DUCKY
|-damage|p2a: DUCKY|42/100
|-heal|p1a: Hoopa|68/100|[from] drain|[of] p2a: DUCKY
|
|-heal|p2a: DUCKY|48/100|[from] Grassy Terrain
|-heal|p1a: Hoopa|74/100|[from] Grassy Terrain
|-fieldend|move: Grassy Terrain
|upkeep
|turn|34
|inactive|THESWIMMER974 has 30 seconds left.
|
|t:|1769434974
|move|p2a: DUCKY|Surf|p1a: Hoopa
|-damage|p1a: Hoopa|53/100
|move|p1a: Hoopa|Knock Off|p2a: DUCKY
|-damage|p2a: DUCKY|0 fnt
|-enditem|p2a: DUCKY|Heavy-Duty Boots|[from] move: Knock Off|[of] p1a: Hoopa
|faint|p2a: DUCKY
|
|upkeep
|inactive|THESWIMMER974 has 30 seconds left this turn.
|inactive|THESWIMMER974 has 20 seconds left.
|
|t:|1769434988
|switch|p2a: CROW|Corviknight, F|24/100
|-damage|p2a: CROW|11/100|[from] Stealth Rock
|turn|35
|inactive|THESWIMMER974 has 30 seconds left this turn.
|
|t:|1769434993
|-terastallize|p1a: Hoopa|Fighting
|move|p2a: CROW|U-turn|p1a: Hoopa
|-resisted|p1a: Hoopa
|-damage|p1a: Hoopa|47/100
|inactive|THESWIMMER974 has 30 seconds left.
|
|t:|1769435001
|switch|p2a: ROCKET|Barraskewda, M|65/100 tox|[from] U-turn
|-damage|p2a: ROCKET|53/100 tox|[from] Stealth Rock
|move|p1a: Hoopa|Drain Punch|p2a: ROCKET
|-damage|p2a: ROCKET|0 fnt
|-heal|p1a: Hoopa|67/100|[from] drain|[of] p2a: ROCKET
|faint|p2a: ROCKET
|
|upkeep
|inactive|THESWIMMER974 has 30 seconds left.
|
|t:|1769435011
|switch|p2a: CROW|Corviknight, F|11/100
|-damage|p2a: CROW|0 fnt|[from] Stealth Rock
|faint|p2a: CROW
|
|win|peregrine23
|raw|peregrine23's rating: 1181 &rarr; <strong>1206</strong><br />(+25 for winning)
|raw|THESWIMMER974's rating: 1175 &rarr; <strong>1150</strong><br />(-25 for losing)
|l|☆THESWIMMER974
|player|p2|
|c|☆peregrine23|ggwp
|l|☆peregrine23
|player|p1|
