|j|☆Matawo376
|j|☆Manuhker
|t:|1769350853
|gametype|singles
|player|p1|Matawo376|cynthia-gen4|1358
|player|p2|Manuhker|pryce|1344
|gen|9
|tier|[Gen 9] OU
|rated|
|rule|HP Percentage Mod: HP is shown in percentages
|rule|Endless Battle Clause: Forcing endless battles is banned
|rule|Species Clause: Limit one of each Pokémon
|rule|OHKO Clause: OHKO moves are banned
|rule|Evasion Items Clause: Evasion items are banned
|rule|Evasion Moves Clause: Evasion moves are banned
|rule|Evasion Abilities Clause: Evasion abilities are banned
|rule|Sleep Moves Clause: Sleep-inducing moves are banned
|clearpoke
|poke|p1|Darkrai|
|poke|p1|Pecharunt|
|poke|p1|Primarina, M|
|poke|p1|Gliscor, F|
|poke|p1|Cinderace, F|
|poke|p1|Zapdos|
|poke|p2|Houndoom, F|
|poke|p2|Sinistcha-Masterpiece|
|poke|p2|Toxapex, M|
|poke|p2|Cryogonal|
|poke|p2|Landorus-Therian, M|
|poke|p2|Metagross|
|teampreview
|inactive|Battle timer is ON: inactive players will automatically lose when time's up. (requested by Matawo376)
|
|t:|1769350867
|teamsize|p1|6
|teamsize|p2|6
|start
|switch|p1a: Primarina|Primarina, M|100/100
|switch|p2a: Houndoom|Houndoom, F|100/100
|turn|1
|
|t:|1769350872
|switch|p2a: Toxapex|Toxapex, M|100/100
|move|p1a: Primarina|Moonblast|p2a: Toxapex
|-resisted|p2a: Toxapex
|-damage|p2a: Toxapex|84/100
|-unboost|p2a: Toxapex|spa|1
|
|upkeep
|turn|2
|
|t:|1769350878
|switch|p1a: Gliscor|Gliscor, F|100/100
|move|p2a: Toxapex|Ice Beam|p1a: Gliscor
|-supereffective|p1a: Gliscor
|-damage|p1a: Gliscor|70/100
|
|-status|p1a: Gliscor|tox|[from] item: Toxic Orb
|upkeep
|turn|3
|
|t:|1769350887
|move|p1a: Gliscor|Earthquake|p2a: Toxapex
|-supereffective|p2a: Toxapex
|-damage|p2a: Toxapex|30/100
|move|p2a: Toxapex|Ice Beam|p1a: Gliscor
|-supereffective|p1a: Gliscor
|-damage|p1a: Gliscor|44/100 tox
|
|-heal|p1a: Gliscor|56/100 tox|[from] ability: Poison Heal
|upkeep
|turn|4
|
|t:|1769350894
|switch|p2a: Landorus|Landorus-Therian, M|100/100
|-ability|p2a: Landorus|Intimidate|boost
|-unboost|p1a: Gliscor|atk|1
|move|p1a: Gliscor|Swords Dance|p1a: Gliscor
|-boost|p1a: Gliscor|atk|2
|
|-heal|p1a: Gliscor|69/100 tox|[from] ability: Poison Heal
|upkeep
|turn|5
|
|t:|1769350900
|move|p2a: Landorus|Stealth Rock|p1a: Gliscor
|-sidestart|p1: Matawo376|move: Stealth Rock
|move|p1a: Gliscor|Facade|p2a: Landorus
|-damage|p2a: Landorus|47/100
|
|-heal|p1a: Gliscor|81/100 tox|[from] ability: Poison Heal
|upkeep
|turn|6
|
|t:|1769350908
|switch|p2a: Sinistcha|Sinistcha-Masterpiece|100/100
|move|p1a: Gliscor|Facade|p2a: Sinistcha
|-immune|p2a: Sinistcha
|
|-heal|p1a: Gliscor|94/100 tox|[from] ability: Poison Heal
|upkeep
|turn|7
|
|t:|1769350918
|switch|p1a: Pecharunt|Pecharunt|100/100
|-damage|p1a: Pecharunt|88/100|[from] Stealth Rock
|move|p2a: Sinistcha|Strength Sap|p1a: Pecharunt
|-unboost|p1a: Pecharunt|atk|1
|
|-heal|p1a: Pecharunt|94/100|[from] item: Black Sludge
|upkeep
|turn|8
|
|t:|1769350924
|switch|p2a: Toxapex|Toxapex, M|64/100
|move|p1a: Pecharunt|Malignant Chain|p2a: Toxapex
|-resisted|p2a: Toxapex
|-damage|p2a: Toxapex|56/100
|
|-heal|p1a: Pecharunt|99/100|[from] item: Black Sludge
|upkeep
|turn|9
|
|t:|1769350936
|switch|p2a: Landorus|Landorus-Therian, M|47/100
|-ability|p2a: Landorus|Intimidate|boost
|-unboost|p1a: Pecharunt|atk|1
|move|p1a: Pecharunt|Parting Shot|p2a: Landorus
|-unboost|p2a: Landorus|atk|1
|-unboost|p2a: Landorus|spa|1
|
|t:|1769350951
|switch|p1a: Darkrai|Darkrai|100/100|[from] Parting Shot
|-damage|p1a: Darkrai|88/100|[from] Stealth Rock
|
|upkeep
|turn|10
|
|t:|1769350955
|move|p2a: Landorus|U-turn|p1a: Darkrai
|-supereffective|p1a: Darkrai
|-damage|p1a: Darkrai|40/100
|
|t:|1769350964
|switch|p2a: Cryogonal|Cryogonal|100/100|[from] U-turn
|move|p1a: Darkrai|Dark Pulse|p2a: Cryogonal
|-damage|p2a: Cryogonal|67/100
|-damage|p1a: Darkrai|30/100|[from] item: Life Orb
|
|upkeep
|turn|11
|
|t:|1769350974
|switch|p1a: Primarina|Primarina, M|100/100
|-damage|p1a: Primarina|88/100|[from] Stealth Rock
|move|p2a: Cryogonal|Freeze-Dry|p1a: Primarina
|-supereffective|p1a: Primarina
|-damage|p1a: Primarina|65/100
|-status|p1a: Primarina|frz
|
|upkeep
|turn|12
|
|t:|1769350980
|move|p2a: Cryogonal|Freeze-Dry|p1a: Primarina
|-supereffective|p1a: Primarina
|-damage|p1a: Primarina|41/100 frz
|cant|p1a: Primarina|frz
|
|upkeep
|turn|13
|
|t:|1769350985
|move|p2a: Cryogonal|Freeze-Dry|p1a: Primarina
|-supereffective|p1a: Primarina
|-damage|p1a: Primarina|18/100 frz
|-curestatus|p1a: Primarina|frz|[msg]
|move|p1a: Primarina|Moonblast|p2a: Cryogonal
|-damage|p2a: Cryogonal|38/100
|-unboost|p2a: Cryogonal|spa|1
|
|upkeep
|turn|14
|
|t:|1769351001
|move|p2a: Cryogonal|Recover|p2a: Cryogonal
|-heal|p2a: Cryogonal|88/100
|move|p1a: Primarina|Moonblast|p2a: Cryogonal
|-damage|p2a: Cryogonal|59/100
|
|upkeep
|turn|15
|
|t:|1769351011
|move|p2a: Cryogonal|Recover|p2a: Cryogonal
|-heal|p2a: Cryogonal|100/100
|move|p1a: Primarina|Flip Turn|p2a: Cryogonal
|-damage|p2a: Cryogonal|69/100
|
|t:|1769351019
|switch|p1a: Gliscor|Gliscor, F|94/100 tox|[from] Flip Turn
|-damage|p1a: Gliscor|81/100 tox|[from] Stealth Rock
|
|-heal|p1a: Gliscor|94/100 tox|[from] ability: Poison Heal
|upkeep
|turn|16
|
|t:|1769351024
|switch|p2a: Landorus|Landorus-Therian, M|47/100
|-ability|p2a: Landorus|Intimidate|boost
|-unboost|p1a: Gliscor|atk|1
|-terastallize|p1a: Gliscor|Water
|move|p1a: Gliscor|Swords Dance|p1a: Gliscor
|-boost|p1a: Gliscor|atk|2
|
|-heal|p1a: Gliscor|100/100 tox|[from] ability: Poison Heal
|upkeep
|turn|17
|
|t:|1769351031
|move|p2a: Landorus|Earthquake|p1a: Gliscor
|-damage|p1a: Gliscor|51/100 tox
|move|p1a: Gliscor|Facade|p2a: Landorus
|-damage|p2a: Landorus|0 fnt
|faint|p2a: Landorus
|
|-heal|p1a: Gliscor|64/100 tox|[from] ability: Poison Heal
|upkeep
|
|t:|1769351035
|switch|p2a: Sinistcha|Sinistcha-Masterpiece|100/100
|turn|18
|
|t:|1769351041
|switch|p1a: Primarina|Primarina, M|18/100
|-damage|p1a: Primarina|5/100|[from] Stealth Rock
|move|p2a: Sinistcha|Shadow Ball|p1a: Primarina
|-damage|p1a: Primarina|0 fnt
|faint|p1a: Primarina
|
|upkeep
|
|t:|1769351053
|switch|p1a: Darkrai|Darkrai|30/100
|-damage|p1a: Darkrai|18/100|[from] Stealth Rock
|turn|19
|
|t:|1769351062
|switch|p2a: Cryogonal|Cryogonal|69/100
|move|p1a: Darkrai|Dark Pulse|p2a: Cryogonal
|-damage|p2a: Cryogonal|40/100
|-damage|p1a: Darkrai|8/100|[from] item: Life Orb
|
|upkeep
|turn|20
|
|t:|1769351072
|move|p1a: Darkrai|Psyshock|p2a: Cryogonal
|-crit|p2a: Cryogonal
|-damage|p2a: Cryogonal|0 fnt
|faint|p2a: Cryogonal
|-damage|p1a: Darkrai|0 fnt|[from] item: Life Orb
|faint|p1a: Darkrai
|
|upkeep
|
|t:|1769351081
|switch|p1a: Cinderace|Cinderace, F|100/100
|switch|p2a: Houndoom|Houndoom, F|100/100
|turn|21
|
|t:|1769351089
|move|p1a: Cinderace|Court Change|p1a: Cinderace
|-start|p1a: Cinderace|typechange|Normal|[from] ability: Libero
|-swapsideconditions
|-activate|p1a: Cinderace|move: Court Change
|move|p2a: Houndoom|Dark Pulse|p1a: Cinderace
|-crit|p1a: Cinderace
|-damage|p1a: Cinderace|10/100
|
|upkeep
|turn|22
|
|t:|1769351098
|switch|p2a: Toxapex|Toxapex, M|89/100
|move|p1a: Cinderace|U-turn|p2a: Toxapex
|-resisted|p2a: Toxapex
|-damage|p2a: Toxapex|82/100
|
|t:|1769351104
|switch|p1a: Gliscor|Gliscor, F, tera:Water|64/100 tox|[from] U-turn
|
|-heal|p1a: Gliscor|76/100 tox|[from] ability: Poison Heal
|upkeep
|turn|23
|
|t:|1769351113
|switch|p2a: Sinistcha|Sinistcha-Masterpiece|100/100
|-damage|p2a: Sinistcha|88/100|[from] Stealth Rock
|move|p1a: Gliscor|Earthquake|p2a: Sinistcha
|-resisted|p2a: Sinistcha
|-damage|p2a: Sinistcha|76/100
|
|-heal|p2a: Sinistcha|82/100|[from] item: Leftovers
|-heal|p1a: Gliscor|89/100 tox|[from] ability: Poison Heal
|upkeep
|turn|24
|
|t:|1769351121
|switch|p1a: Pecharunt|Pecharunt|99/100
|move|p2a: Sinistcha|Shadow Ball|p1a: Pecharunt
|-supereffective|p1a: Pecharunt
|-damage|p1a: Pecharunt|37/100
|-unboost|p1a: Pecharunt|spd|1
|
|-heal|p1a: Pecharunt|43/100|[from] item: Black Sludge
|-heal|p2a: Sinistcha|88/100|[from] item: Leftovers
|upkeep
|turn|25
|
|t:|1769351146
|switch|p2a: Toxapex|Toxapex, M|100/100
|move|p1a: Pecharunt|Malignant Chain|p2a: Toxapex
|-resisted|p2a: Toxapex
|-damage|p2a: Toxapex|92/100
|
|-heal|p1a: Pecharunt|49/100|[from] item: Black Sludge
|upkeep
|turn|26
|
|t:|1769351155
|switch|p2a: Metagross|Metagross|100/100
|-damage|p2a: Metagross|95/100|[from] Stealth Rock
|move|p1a: Pecharunt|Parting Shot|p2a: Metagross
|-fail|p2a: Metagross|unboost|[from] ability: Clear Body|[of] p2a: Metagross
|
|-heal|p1a: Pecharunt|55/100|[from] item: Black Sludge
|upkeep
|turn|27
|
|t:|1769351170
|switch|p1a: Gliscor|Gliscor, F, tera:Water|89/100 tox
|move|p2a: Metagross|Agility|p2a: Metagross
|-boost|p2a: Metagross|spe|2
|
|-heal|p1a: Gliscor|100/100 tox|[from] ability: Poison Heal
|upkeep
|turn|28
|
|t:|1769351174
|-terastallize|p2a: Metagross|Electric
|move|p2a: Metagross|Thunder Punch|p1a: Gliscor
|-supereffective|p1a: Gliscor
|-crit|p1a: Gliscor
|-damage|p1a: Gliscor|0 fnt
|faint|p1a: Gliscor
|
|upkeep
|
|t:|1769351181
|switch|p1a: Pecharunt|Pecharunt|55/100
|turn|29
|
|t:|1769351184
|move|p2a: Metagross|Psychic Fangs|p1a: Pecharunt
|-supereffective|p1a: Pecharunt
|-damage|p1a: Pecharunt|10/100
|move|p1a: Pecharunt|Malignant Chain|p2a: Metagross
|-damage|p2a: Metagross|60/100
|
|-heal|p1a: Pecharunt|17/100|[from] item: Black Sludge
|upkeep
|turn|30
|
|t:|1769351192
|move|p2a: Metagross|Psychic Fangs|p1a: Pecharunt
|-supereffective|p1a: Pecharunt
|-damage|p1a: Pecharunt|0 fnt
|faint|p1a: Pecharunt
|
|upkeep
|
|t:|1769351198
|switch|p1a: Zapdos|Zapdos|100/100
|turn|31
|
|t:|1769351207
|move|p2a: Metagross|Psychic Fangs|p1a: Zapdos
|-damage|p1a: Zapdos|37/100
|move|p1a: Zapdos|Heat Wave|p2a: Metagross
|-damage|p2a: Metagross|0 fnt
|faint|p2a: Metagross
|
|upkeep
|
|t:|1769351216
|switch|p2a: Houndoom|Houndoom, F|100/100
|-damage|p2a: Houndoom|76/100|[from] Stealth Rock
|turn|32
|
|t:|1769351220
|switch|p1a: Cinderace|Cinderace, F|10/100
|move|p2a: Houndoom|Dark Pulse|p1a: Cinderace
|-damage|p1a: Cinderace|0 fnt
|faint|p1a: Cinderace
|
|upkeep
|
|t:|1769351222
|switch|p1a: Zapdos|Zapdos|37/100
|turn|33
|
|t:|1769351231
|move|p1a: Zapdos|Discharge|p2a: Houndoom
|-damage|p2a: Houndoom|0 fnt
|faint|p2a: Houndoom
|
|upkeep
|
|t:|1769351234
|switch|p2a: Sinistcha|Sinistcha-Masterpiece|88/100
|-damage|p2a: Sinistcha|75/100|[from] Stealth Rock
|turn|34
|
|t:|1769351238
|move|p1a: Zapdos|Discharge|p2a: Sinistcha
|-resisted|p2a: Sinistcha
|-damage|p2a: Sinistcha|43/100
|-status|p2a: Sinistcha|par
|move|p2a: Sinistcha|Shadow Ball|p1a: Zapdos
|-damage|p1a: Zapdos|0 fnt
|faint|p1a: Zapdos
|
|win|Manuhker
|raw|Matawo376's rating: 1358 &rarr; <strong>1337</strong><br />(-21 for losing)
|raw|Manuhker's rating: 1344 &rarr; <strong>1365</strong><br />(+21 for winning)
|l|☆Matawo376
|player|p1|
|l|☆Manuhker
|player|p2|
