|j|☆furkanbolukbasi
|j|☆Zong200
|t:|1769355998
|gametype|singles
|player|p1|furkanbolukbasi|xerosic|1720
|player|p2|Zong200|169|1645
|gen|9
|tier|[Gen 9] OU
|rated|
|rule|HP Percentage Mod: HP is shown in percentages
|rule|Endless Battle Clause: Forcing endless battles is banned
|rule|Species Clause: Limit one of each Pokémon
|rule|OHKO Clause: OHKO moves are banned
|rule|Evasion Items Clause: Evasion items are banned
|rule|Evasion Moves Clause: Evasion moves are banned
|rule|Evasion Abilities Clause: Evasion abilities are banned
|rule|Sleep Moves Clause: Sleep-inducing moves are banned
|clearpoke
|poke|p1|Pecharunt|
|poke|p1|Mabosstiff, F|
|poke|p1|Volcanion|
|poke|p1|Iron Valiant|
|poke|p1|Landorus-Therian, M|
|poke|p1|Deoxys-Speed|
|poke|p2|Darkrai|
|poke|p2|Volcanion|
|poke|p2|Great Tusk|
|poke|p2|Scizor, M|
|poke|p2|Iron Valiant|
|poke|p2|Zapdos|
|teampreview
|
|t:|1769356004
|teamsize|p1|6
|teamsize|p2|6
|start
|switch|p1a: Deoxys|Deoxys-Speed|100/100
|switch|p2a: Scizor|Scizor, M|100/100
|-ability|p1a: Deoxys|Pressure
|turn|1
|
|t:|1769356010
|switch|p1a: Landorus|Landorus-Therian, M|100/100
|-ability|p1a: Landorus|Intimidate|boost
|-unboost|p2a: Scizor|atk|1
|move|p2a: Scizor|U-turn|p1a: Landorus
|-resisted|p1a: Landorus
|-crit|p1a: Landorus
|-damage|p1a: Landorus|58/100
|-damage|p2a: Scizor|84/100|[from] item: Rocky Helmet|[of] p1a: Landorus
|
|t:|1769356014
|switch|p2a: Darkrai|Darkrai|100/100|[from] U-turn
|
|upkeep
|turn|2
|
|t:|1769356023
|switch|p1a: Volcanion|Volcanion|100/100
|move|p2a: Darkrai|Ice Beam|p1a: Volcanion
|-resisted|p1a: Volcanion
|-damage|p1a: Volcanion|93/100
|
|-heal|p1a: Volcanion|99/100|[from] item: Leftovers
|upkeep
|turn|3
|
|t:|1769356031
|switch|p2a: Zapdos|Zapdos|100/100
|switch|p1a: Landorus|Landorus-Therian, M|58/100
|-ability|p1a: Landorus|Intimidate|boost
|-unboost|p2a: Zapdos|atk|1
|
|upkeep
|turn|4
|
|t:|1769356033
|move|p1a: Landorus|Stealth Rock|p2a: Zapdos
|-sidestart|p2: Zong200|move: Stealth Rock
|move|p2a: Zapdos|Hurricane|p1a: Landorus
|-damage|p1a: Landorus|5/100
|
|upkeep
|turn|5
|
|t:|1769356042
|move|p1a: Landorus|Taunt|p2a: Zapdos
|-start|p2a: Zapdos|move: Taunt
|move|p2a: Zapdos|U-turn|p1a: Landorus
|-resisted|p1a: Landorus
|-damage|p1a: Landorus|2/100
|-damage|p2a: Zapdos|84/100|[from] item: Rocky Helmet|[of] p1a: Landorus
|
|t:|1769356046
|switch|p2a: Great Tusk|Great Tusk|100/100|[from] U-turn
|-damage|p2a: Great Tusk|98/100|[from] Stealth Rock
|-enditem|p2a: Great Tusk|Booster Energy
|-activate|p2a: Great Tusk|ability: Protosynthesis|[fromitem]
|-start|p2a: Great Tusk|protosynthesisspe
|
|upkeep
|turn|6
|
|t:|1769356051
|switch|p1a: Pecharunt|Pecharunt|100/100
|move|p2a: Great Tusk|Headlong Rush|p1a: Pecharunt
|-supereffective|p1a: Pecharunt
|-damage|p1a: Pecharunt|32/100
|-unboost|p2a: Great Tusk|def|1
|-unboost|p2a: Great Tusk|spd|1
|
|upkeep
|turn|7
|
|t:|1769356054
|move|p2a: Great Tusk|Headlong Rush|p1a: Pecharunt
|-supereffective|p1a: Pecharunt
|-damage|p1a: Pecharunt|0 fnt
|-unboost|p2a: Great Tusk|def|1
|-unboost|p2a: Great Tusk|spd|1
|faint|p1a: Pecharunt
|
|upkeep
|
|t:|1769356058
|switch|p1a: Mabosstiff|Mabosstiff, F|100/100
|-ability|p1a: Mabosstiff|Intimidate|boost
|-unboost|p2a: Great Tusk|atk|1
|turn|8
|
|t:|1769356062
|-terastallize|p1a: Mabosstiff|Bug
|move|p2a: Great Tusk|Stealth Rock|p1a: Mabosstiff
|-sidestart|p1: furkanbolukbasi|move: Stealth Rock
|move|p1a: Mabosstiff|Jaw Lock|p2a: Great Tusk
|-resisted|p2a: Great Tusk
|-damage|p2a: Great Tusk|71/100
|-activate|p1a: Mabosstiff|trapped
|-activate|p2a: Great Tusk|trapped
|
|upkeep
|turn|9
|
|t:|1769356074
|move|p2a: Great Tusk|Rapid Spin|p1a: Mabosstiff
|-damage|p1a: Mabosstiff|90/100
|-boost|p2a: Great Tusk|spe|1
|-sideend|p2: Zong200|Stealth Rock|[from] move: Rapid Spin|[of] p2a: Great Tusk
|-enditem|p1a: Mabosstiff|Kee Berry|[eat]
|-boost|p1a: Mabosstiff|def|1|[from] item: Kee Berry
|move|p1a: Mabosstiff|Trailblaze|p2a: Great Tusk
|-supereffective|p2a: Great Tusk
|-damage|p2a: Great Tusk|27/100
|-boost|p1a: Mabosstiff|spe|1
|
|upkeep
|turn|10
|
|t:|1769356077
|move|p2a: Great Tusk|Headlong Rush|p1a: Mabosstiff
|-resisted|p1a: Mabosstiff
|-damage|p1a: Mabosstiff|78/100
|-unboost|p2a: Great Tusk|def|1
|-unboost|p2a: Great Tusk|spd|1
|move|p1a: Mabosstiff|Hone Claws|p1a: Mabosstiff
|-boost|p1a: Mabosstiff|atk|1
|-boost|p1a: Mabosstiff|accuracy|1
|
|upkeep
|turn|11
|
|t:|1769356082
|move|p2a: Great Tusk|Headlong Rush|p1a: Mabosstiff
|-resisted|p1a: Mabosstiff
|-damage|p1a: Mabosstiff|66/100
|-unboost|p2a: Great Tusk|def|1
|-unboost|p2a: Great Tusk|spd|1
|move|p1a: Mabosstiff|Hone Claws|p1a: Mabosstiff
|-boost|p1a: Mabosstiff|atk|1
|-boost|p1a: Mabosstiff|accuracy|1
|
|upkeep
|turn|12
|
|t:|1769356084
|move|p2a: Great Tusk|Headlong Rush|p1a: Mabosstiff
|-resisted|p1a: Mabosstiff
|-damage|p1a: Mabosstiff|54/100
|-unboost|p2a: Great Tusk|def|1
|-unboost|p2a: Great Tusk|spd|1
|move|p1a: Mabosstiff|Hone Claws|p1a: Mabosstiff
|-boost|p1a: Mabosstiff|atk|1
|-boost|p1a: Mabosstiff|accuracy|1
|
|upkeep
|turn|13
|
|t:|1769356091
|move|p2a: Great Tusk|Headlong Rush|p1a: Mabosstiff
|-resisted|p1a: Mabosstiff
|-damage|p1a: Mabosstiff|41/100
|-unboost|p2a: Great Tusk|def|1
|-unboost|p2a: Great Tusk|spd|1
|move|p1a: Mabosstiff|Rest|p1a: Mabosstiff
|-status|p1a: Mabosstiff|slp|[from] move: Rest
|-heal|p1a: Mabosstiff|100/100 slp|[silent]
|
|upkeep
|turn|14
|
|t:|1769356095
|move|p2a: Great Tusk|Ice Spinner|p1a: Mabosstiff
|-damage|p1a: Mabosstiff|90/100 slp
|cant|p1a: Mabosstiff|slp
|
|upkeep
|turn|15
|
|t:|1769356097
|move|p2a: Great Tusk|Ice Spinner|p1a: Mabosstiff
|-damage|p1a: Mabosstiff|79/100 slp
|cant|p1a: Mabosstiff|slp
|
|upkeep
|turn|16
|
|t:|1769356100
|move|p2a: Great Tusk|Ice Spinner|p1a: Mabosstiff
|-damage|p1a: Mabosstiff|69/100 slp
|-curestatus|p1a: Mabosstiff|slp|[msg]
|move|p1a: Mabosstiff|Hone Claws|p1a: Mabosstiff
|-boost|p1a: Mabosstiff|atk|1
|-boost|p1a: Mabosstiff|accuracy|1
|
|upkeep
|turn|17
|
|t:|1769356105
|move|p2a: Great Tusk|Ice Spinner|p1a: Mabosstiff
|-damage|p1a: Mabosstiff|57/100
|move|p1a: Mabosstiff|Hone Claws|p1a: Mabosstiff
|-boost|p1a: Mabosstiff|atk|1
|-boost|p1a: Mabosstiff|accuracy|1
|
|upkeep
|turn|18
|
|t:|1769356107
|move|p2a: Great Tusk|Ice Spinner|p1a: Mabosstiff
|-damage|p1a: Mabosstiff|46/100
|move|p1a: Mabosstiff|Rest|p1a: Mabosstiff
|-status|p1a: Mabosstiff|slp|[from] move: Rest
|-heal|p1a: Mabosstiff|100/100 slp|[silent]
|
|upkeep
|turn|19
|
|t:|1769356109
|move|p2a: Great Tusk|Ice Spinner|p1a: Mabosstiff
|-damage|p1a: Mabosstiff|89/100 slp
|cant|p1a: Mabosstiff|slp
|
|upkeep
|turn|20
|
|t:|1769356110
|move|p2a: Great Tusk|Ice Spinner|p1a: Mabosstiff
|-damage|p1a: Mabosstiff|77/100 slp
|cant|p1a: Mabosstiff|slp
|
|upkeep
|turn|21
|
|t:|1769356112
|move|p2a: Great Tusk|Ice Spinner|p1a: Mabosstiff
|-crit|p1a: Mabosstiff
|-damage|p1a: Mabosstiff|43/100 slp
|-curestatus|p1a: Mabosstiff|slp|[msg]
|move|p1a: Mabosstiff|Hone Claws|p1a: Mabosstiff
|-boost|p1a: Mabosstiff|atk|1
|-boost|p1a: Mabosstiff|accuracy|1
|
|upkeep
|turn|22
|
|t:|1769356115
|move|p2a: Great Tusk|Headlong Rush|p1a: Mabosstiff
|-resisted|p1a: Mabosstiff
|-damage|p1a: Mabosstiff|31/100
|move|p1a: Mabosstiff|Rest|p1a: Mabosstiff
|-status|p1a: Mabosstiff|slp|[from] move: Rest
|-heal|p1a: Mabosstiff|100/100 slp|[silent]
|
|upkeep
|turn|23
|
|t:|1769356117
|move|p2a: Great Tusk|Ice Spinner|p1a: Mabosstiff
|-damage|p1a: Mabosstiff|89/100 slp
|cant|p1a: Mabosstiff|slp
|
|upkeep
|turn|24
|
|t:|1769356119
|move|p2a: Great Tusk|Ice Spinner|p1a: Mabosstiff
|-damage|p1a: Mabosstiff|77/100 slp
|cant|p1a: Mabosstiff|slp
|
|upkeep
|turn|25
|
|t:|1769356120
|move|p2a: Great Tusk|Ice Spinner|p1a: Mabosstiff
|-damage|p1a: Mabosstiff|66/100 slp
|-curestatus|p1a: Mabosstiff|slp|[msg]
|move|p1a: Mabosstiff|Trailblaze|p2a: Great Tusk
|-supereffective|p2a: Great Tusk
|-damage|p2a: Great Tusk|0 fnt
|-boost|p1a: Mabosstiff|spe|1
|faint|p2a: Great Tusk
|-end|p2a: Great Tusk|Protosynthesis|[silent]
|
|upkeep
|
|t:|1769356126
|switch|p2a: Zapdos|Zapdos|84/100
|turn|26
|
|t:|1769356131
|move|p1a: Mabosstiff|Jaw Lock|p2a: Zapdos
|-damage|p2a: Zapdos|0 fnt
|faint|p2a: Zapdos
|
|upkeep
|
|t:|1769356140
|switch|p2a: Volcanion|Volcanion|100/100
|turn|27
|
|t:|1769356142
|move|p1a: Mabosstiff|Jaw Lock|p2a: Volcanion
|-damage|p2a: Volcanion|0 fnt
|faint|p2a: Volcanion
|
|upkeep
|
|t:|1769356148
|switch|p2a: Iron Valiant|Iron Valiant|100/100
|-enditem|p2a: Iron Valiant|Booster Energy
|-activate|p2a: Iron Valiant|ability: Quark Drive|[fromitem]
|-start|p2a: Iron Valiant|quarkdrivespe
|turn|28
|
|t:|1769356151
|move|p2a: Iron Valiant|Moonblast|p1a: Mabosstiff
|-damage|p1a: Mabosstiff|6/100
|move|p1a: Mabosstiff|Trailblaze|p2a: Iron Valiant
|-damage|p2a: Iron Valiant|14/100
|-boost|p1a: Mabosstiff|spe|1
|
|upkeep
|turn|29
|
|t:|1769356159
|move|p1a: Mabosstiff|Trailblaze|p2a: Iron Valiant
|-damage|p2a: Iron Valiant|0 fnt
|-boost|p1a: Mabosstiff|spe|1
|faint|p2a: Iron Valiant
|-end|p2a: Iron Valiant|Quark Drive|[silent]
|
|upkeep
|
|t:|1769356161
|switch|p2a: Scizor|Scizor, M|84/100
|turn|30
|
|t:|1769356165
|move|p2a: Scizor|Bullet Punch|p1a: Mabosstiff
|-damage|p1a: Mabosstiff|0 fnt
|faint|p1a: Mabosstiff
|
|upkeep
|
|t:|1769356171
|switch|p1a: Volcanion|Volcanion|99/100
|-damage|p1a: Volcanion|74/100|[from] Stealth Rock
|turn|31
|
|t:|1769356174
|move|p2a: Scizor|Bullet Punch|p1a: Volcanion
|-resisted|p1a: Volcanion
|-damage|p1a: Volcanion|64/100
|move|p1a: Volcanion|Flamethrower|p2a: Scizor
|-supereffective|p2a: Scizor
|-damage|p2a: Scizor|0 fnt
|faint|p2a: Scizor
|
|-heal|p1a: Volcanion|70/100|[from] item: Leftovers
|upkeep
|
|t:|1769356176
|switch|p2a: Darkrai|Darkrai|100/100
|turn|32
|
|t:|1769356181
|move|p2a: Darkrai|Nasty Plot|p2a: Darkrai
|-boost|p2a: Darkrai|spa|2
|move|p1a: Volcanion|Steam Eruption|p2a: Darkrai
|-damage|p2a: Darkrai|31/100
|
|-heal|p1a: Volcanion|76/100|[from] item: Leftovers
|upkeep
|turn|33
|
|t:|1769356183
|move|p2a: Darkrai|Dark Pulse|p1a: Volcanion
|-damage|p1a: Volcanion|0 fnt
|faint|p1a: Volcanion
|
|upkeep
|
|t:|1769356186
|switch|p1a: Deoxys|Deoxys-Speed|100/100
|-damage|p1a: Deoxys|88/100|[from] Stealth Rock
|-ability|p1a: Deoxys|Pressure
|turn|34
|
|t:|1769356192
|-terastallize|p2a: Darkrai|Poison
|move|p1a: Deoxys|Superpower|p2a: Darkrai
|-resisted|p2a: Darkrai
|-damage|p2a: Darkrai|10/100
|-unboost|p1a: Deoxys|atk|1
|-unboost|p1a: Deoxys|def|1
|-enditem|p1a: Deoxys|Eject Pack
|
|t:|1769356195
|switch|p1a: Landorus|Landorus-Therian, M|2/100
|-damage|p1a: Landorus|0 fnt|[from] Stealth Rock
|faint|p1a: Landorus
|move|p2a: Darkrai|Dark Pulse|p1: Landorus|[notarget]
|-fail|p2a: Darkrai
|
|upkeep
|
|t:|1769356196
|switch|p1a: Iron Valiant|Iron Valiant|100/100
|-damage|p1a: Iron Valiant|94/100|[from] Stealth Rock
|-enditem|p1a: Iron Valiant|Booster Energy
|-activate|p1a: Iron Valiant|ability: Quark Drive|[fromitem]
|-start|p1a: Iron Valiant|quarkdrivespe
|turn|35
|
|t:|1769356200
|move|p1a: Iron Valiant|Close Combat|p2a: Darkrai
|-resisted|p2a: Darkrai
|-damage|p2a: Darkrai|0 fnt
|-unboost|p1a: Iron Valiant|def|1
|-unboost|p1a: Iron Valiant|spd|1
|faint|p2a: Darkrai
|
|win|furkanbolukbasi
|raw|furkanbolukbasi's rating: 1720 &rarr; <strong>1736</strong><br />(+16 for winning)
|raw|Zong200's rating: 1645 &rarr; <strong>1629</strong><br />(-16 for losing)
|l|☆furkanbolukbasi
|player|p1|
|l|☆Zong200
|player|p2|
