|j|☆Aimsss
|j|☆iVolker
|t:|1769413883
|gametype|singles
|player|p1|Aimsss|266|1313
|player|p2|iVolker|102|1254
|gen|9
|tier|[Gen 9] OU
|rated|
|rule|HP Percentage Mod: HP is shown in percentages
|rule|Endless Battle Clause: Forcing endless battles is banned
|rule|Species Clause: Limit one of each Pokémon
|rule|OHKO Clause: OHKO moves are banned
|rule|Evasion Items Clause: Evasion items are banned
|rule|Evasion Moves Clause: Evasion moves are banned
|rule|Evasion Abilities Clause: Evasion abilities are banned
|rule|Sleep Moves Clause: Sleep-inducing moves are banned
|clearpoke
|poke|p1|Dragapult, M|
|poke|p1|Kingambit, F|
|poke|p1|Hawlucha, M|
|poke|p1|Glimmora, F|
|poke|p1|Chesnaught, M|
|poke|p1|Gallade, M|
|poke|p2|Alomomola, M|
|poke|p2|Enamorus, F|
|poke|p2|Great Tusk|
|poke|p2|Iron Crown|
|poke|p2|Pecharunt|
|poke|p2|Lokix, M|
|teampreview
|inactive|Battle timer is ON: inactive players will automatically lose when time's up. (requested by iVolker)
|
|t:|1769413910
|teamsize|p1|6
|teamsize|p2|6
|start
|switch|p1a: Gallade|Gallade, M, shiny|100/100
|switch|p2a: Sneakin'|Enamorus, F|100/100
|turn|1
|
|t:|1769413933
|move|p2a: Sneakin'|Moonblast|p1a: Gallade
|-supereffective|p1a: Gallade
|-damage|p1a: Gallade|0 fnt
|faint|p1a: Gallade
|
|upkeep
|
|t:|1769413938
|switch|p1a: Glimmora|Glimmora, F|100/100
|-item|p1a: Glimmora|Air Balloon
|turn|2
|inactive|iVolker has 120 seconds left.
|
|t:|1769413970
|switch|p2a: Whatcha Doing|Iron Crown|100/100
|move|p1a: Glimmora|Stealth Rock|p2a: Whatcha Doing
|-sidestart|p2: iVolker|move: Stealth Rock
|
|upkeep
|turn|3
|
|t:|1769413976
|switch|p1a: Kingambit|Kingambit, F|100/100
|move|p2a: Whatcha Doing|Tachyon Cutter|p1a: Kingambit
|-resisted|p1a: Kingambit
|-damage|p1a: Kingambit|88/100
|-resisted|p1a: Kingambit
|-damage|p1a: Kingambit|75/100
|-hitcount|p1a: Kingambit|2
|
|upkeep
|turn|4
|
|t:|1769413985
|move|p2a: Whatcha Doing|Volt Switch|p1a: Kingambit
|-damage|p1a: Kingambit|52/100
|
|t:|1769413993
|-end|p2a: Whatcha Doing|Quark Drive|[silent]
|switch|p2a: These Walls|Great Tusk|100/100|[from] Volt Switch
|-damage|p2a: These Walls|98/100|[from] Stealth Rock
|move|p1a: Kingambit|Swords Dance|p1a: Kingambit
|-boost|p1a: Kingambit|atk|2
|
|upkeep
|turn|5
|
|t:|1769414001
|move|p2a: These Walls|Rapid Spin|p1a: Kingambit
|-resisted|p1a: Kingambit
|-damage|p1a: Kingambit|46/100
|-boost|p2a: These Walls|spe|1
|-sideend|p2: iVolker|Stealth Rock|[from] move: Rapid Spin|[of] p2a: These Walls
|move|p1a: Kingambit|Iron Head|p2a: These Walls
|-damage|p2a: These Walls|30/100
|-damage|p1a: Kingambit|29/100|[from] item: Rocky Helmet|[of] p2a: These Walls
|
|upkeep
|turn|6
|
|t:|1769414010
|move|p1a: Kingambit|Sucker Punch|p2a: These Walls
|-resisted|p2a: These Walls
|-damage|p2a: These Walls|1/100
|-damage|p1a: Kingambit|12/100|[from] item: Rocky Helmet|[of] p2a: These Walls
|move|p2a: These Walls|Headlong Rush|p1a: Kingambit
|-supereffective|p1a: Kingambit
|-damage|p1a: Kingambit|0 fnt
|-unboost|p2a: These Walls|def|1
|-unboost|p2a: These Walls|spd|1
|faint|p1a: Kingambit
|
|upkeep
|
|t:|1769414023
|switch|p1a: Glimmora|Glimmora, F|100/100
|-item|p1a: Glimmora|Air Balloon
|turn|7
|
|t:|1769414033
|move|p2a: These Walls|Stealth Rock|p1a: Glimmora
|-sidestart|p1: Aimsss|move: Stealth Rock
|move|p1a: Glimmora|Energy Ball|p2a: These Walls
|-supereffective|p2a: These Walls
|-damage|p2a: These Walls|0 fnt
|faint|p2a: These Walls
|-end|p2a: These Walls|Protosynthesis|[silent]
|
|upkeep
|
|t:|1769414042
|switch|p2a: Whatcha Doing|Iron Crown|100/100
|turn|8
|
|t:|1769414046
|switch|p1a: Dragapult|Dragapult, M|100/100
|move|p2a: Whatcha Doing|Tachyon Cutter|p1a: Dragapult
|-damage|p1a: Dragapult|67/100
|-damage|p1a: Dragapult|30/100
|-hitcount|p1a: Dragapult|2
|
|upkeep
|turn|9
|
|t:|1769414056
|move|p1a: Dragapult|Shadow Ball|p2a: Whatcha Doing
|-supereffective|p2a: Whatcha Doing
|-damage|p2a: Whatcha Doing|53/100
|-unboost|p2a: Whatcha Doing|spd|1
|move|p2a: Whatcha Doing|Tachyon Cutter|p1a: Dragapult
|-damage|p1a: Dragapult|0 fnt
|faint|p1a: Dragapult
|-hitcount|p1: Dragapult|1
|
|upkeep
|
|t:|1769414069
|switch|p1a: Chesnaught|Chesnaught, M|100/100
|-damage|p1a: Chesnaught|94/100|[from] Stealth Rock
|turn|10
|
|t:|1769414076
|move|p2a: Whatcha Doing|Volt Switch|p1a: Chesnaught
|-resisted|p1a: Chesnaught
|-damage|p1a: Chesnaught|85/100
|
|t:|1769414100
|-end|p2a: Whatcha Doing|Quark Drive|[silent]
|switch|p2a: Sneakin'|Enamorus, F|100/100|[from] Volt Switch
|move|p1a: Chesnaught|Belly Drum|p1a: Chesnaught
|-damage|p1a: Chesnaught|35/100
|-setboost|p1a: Chesnaught|atk|6|[from] move: Belly Drum
|-enditem|p1a: Chesnaught|Sitrus Berry|[eat]
|-heal|p1a: Chesnaught|60/100|[from] item: Sitrus Berry
|
|upkeep
|turn|11
|
|t:|1769414120
|-terastallize|p2a: Sneakin'|Stellar
|move|p2a: Sneakin'|Tera Blast|p1a: Chesnaught|[anim] Tera Blast Stellar
|-damage|p1a: Chesnaught|6/100
|-boost|p2a: Sneakin'|atk|1
|-boost|p2a: Sneakin'|spa|1
|move|p1a: Chesnaught|Knock Off|p2a: Sneakin'
|-resisted|p2a: Sneakin'
|-damage|p2a: Sneakin'|29/100
|-enditem|p2a: Sneakin'|Choice Specs|[from] move: Knock Off|[of] p1a: Chesnaught
|
|upkeep
|turn|12
|
|t:|1769414131
|move|p2a: Sneakin'|Tera Blast|p1a: Chesnaught|[anim] Tera Blast Stellar
|-damage|p1a: Chesnaught|0 fnt
|-boost|p2a: Sneakin'|atk|1
|-boost|p2a: Sneakin'|spa|1
|faint|p1a: Chesnaught
|
|upkeep
|
|t:|1769414138
|switch|p1a: Glimmora|Glimmora, F|100/100
|-damage|p1a: Glimmora|88/100|[from] Stealth Rock
|-item|p1a: Glimmora|Air Balloon
|turn|13
|
|t:|1769414144
|move|p2a: Sneakin'|Tera Blast|p1a: Glimmora|[anim] Tera Blast Stellar
|-damage|p1a: Glimmora|18/100
|-boost|p2a: Sneakin'|atk|1
|-boost|p2a: Sneakin'|spa|1
|-enditem|p1a: Glimmora|Air Balloon
|move|p1a: Glimmora|Sludge Bomb|p2a: Sneakin'
|-supereffective|p2a: Sneakin'
|-damage|p2a: Sneakin'|0 fnt
|faint|p2a: Sneakin'
|
|upkeep
|
|t:|1769414159
|switch|p2a: Whatcha Doing|Iron Crown|53/100
|turn|14
|
|t:|1769414177
|move|p2a: Whatcha Doing|Tachyon Cutter|p1a: Glimmora
|-supereffective|p1a: Glimmora
|-damage|p1a: Glimmora|0 fnt
|faint|p1a: Glimmora
|-hitcount|p1: Glimmora|1
|
|upkeep
|
|t:|1769414183
|switch|p1a: Hawlucha|Hawlucha, M|100/100
|-damage|p1a: Hawlucha|88/100|[from] Stealth Rock
|turn|15
|
|t:|1769414191
|move|p2a: Whatcha Doing|Psychic Noise|p1a: Hawlucha
|-supereffective|p1a: Hawlucha
|-damage|p1a: Hawlucha|0 fnt
|faint|p1a: Hawlucha
|
|win|iVolker
|raw|Aimsss's rating: 1313 &rarr; <strong>1290</strong><br />(-23 for losing)
|raw|iVolker's rating: 1254 &rarr; <strong>1283</strong><br />(+29 for winning)
|l|☆Aimsss
|player|p1|
|l|☆iVolker
|player|p2|
