|j|☆kingbananamuffin
|j|☆resi deux
|t:|1769393119
|gametype|singles
|player|p1|kingbananamuffin|pokemonbreederf|1245
|player|p2|resi deux|101|1203
|gen|9
|tier|[Gen 9] OU
|rated|
|rule|HP Percentage Mod: HP is shown in percentages
|rule|Endless Battle Clause: Forcing endless battles is banned
|rule|Species Clause: Limit one of each Pokémon
|rule|OHKO Clause: OHKO moves are banned
|rule|Evasion Items Clause: Evasion items are banned
|rule|Evasion Moves Clause: Evasion moves are banned
|rule|Evasion Abilities Clause: Evasion abilities are banned
|rule|Sleep Moves Clause: Sleep-inducing moves are banned
|clearpoke
|poke|p1|Zapdos|
|poke|p1|Pelipper, M|
|poke|p1|Ogerpon-Wellspring, F|
|poke|p1|Iron Treads|
|poke|p1|Barraskewda, F|
|poke|p1|Kyurem|
|poke|p2|Heatran, M|
|poke|p2|Kyurem|
|poke|p2|Weezing-Galar, M|
|poke|p2|Rillaboom, F|
|poke|p2|Great Tusk|
|poke|p2|Clefable, M|
|teampreview
|
|t:|1769393135
|teamsize|p1|6
|teamsize|p2|6
|start
|switch|p1a: Barraskewda|Barraskewda, F|100/100
|switch|p2a: Kyurem|Kyurem|100/100
|-ability|p2a: Kyurem|Pressure
|turn|1
|
|t:|1769393155
|move|p1a: Barraskewda|Close Combat|p2a: Kyurem
|-supereffective|p2a: Kyurem
|-damage|p2a: Kyurem|0 fnt
|-unboost|p1a: Barraskewda|def|1
|-unboost|p1a: Barraskewda|spd|1
|faint|p2a: Kyurem
|
|upkeep
|
|t:|1769393166
|switch|p2a: Rillaboom|Rillaboom, F|100/100
|-fieldstart|move: Grassy Terrain|[from] ability: Grassy Surge|[of] p2a: Rillaboom
|turn|2
|
|t:|1769393171
|switch|p1a: Zapdos|Zapdos|100/100
|move|p2a: Rillaboom|Swords Dance|p2a: Rillaboom
|-boost|p2a: Rillaboom|atk|2
|
|upkeep
|turn|3
|
|t:|1769393176
|move|p1a: Zapdos|Hurricane|p2a: Rillaboom
|-supereffective|p2a: Rillaboom
|-damage|p2a: Rillaboom|0 fnt
|faint|p2a: Rillaboom
|-damage|p1a: Zapdos|91/100|[from] item: Life Orb
|
|upkeep
|
|t:|1769393183
|switch|p2a: Heatran|Heatran, M|100/100
|-item|p2a: Heatran|Air Balloon
|turn|4
|
|t:|1769393186
|move|p1a: Zapdos|Volt Switch|p2a: Heatran
|-damage|p2a: Heatran|54/100
|-enditem|p2a: Heatran|Air Balloon
|-damage|p1a: Zapdos|81/100|[from] item: Life Orb
|
|t:|1769393196
|switch|p1a: Pelipper|Pelipper, M|100/100|[from] Volt Switch
|-weather|RainDance|[from] ability: Drizzle|[of] p1a: Pelipper
|move|p2a: Heatran|Magma Storm|p1a: Pelipper|[miss]
|-miss|p2a: Heatran|p1a: Pelipper
|
|-weather|RainDance|[upkeep]
|-heal|p2a: Heatran|60/100|[from] Grassy Terrain
|upkeep
|turn|5
|
|t:|1769393205
|switch|p2a: Clefable|Clefable, M|100/100
|move|p1a: Pelipper|U-turn|p2a: Clefable
|-resisted|p2a: Clefable
|-damage|p2a: Clefable|95/100
|-damage|p1a: Pelipper|84/100|[from] item: Rocky Helmet|[of] p2a: Clefable
|
|t:|1769393229
|switch|p1a: Barraskewda|Barraskewda, F|100/100|[from] U-turn
|
|-weather|RainDance|[upkeep]
|-heal|p2a: Clefable|100/100|[from] Grassy Terrain
|upkeep
|turn|6
|
|t:|1769393235
|-terastallize|p1a: Barraskewda|Water
|move|p1a: Barraskewda|Liquidation|p2a: Clefable
|-damage|p2a: Clefable|0 fnt
|-damage|p1a: Barraskewda|84/100|[from] item: Rocky Helmet|[of] p2a: Clefable
|faint|p2a: Clefable
|
|-weather|RainDance|[upkeep]
|-heal|p1a: Barraskewda|90/100|[from] Grassy Terrain
|-fieldend|move: Grassy Terrain
|upkeep
|
|t:|1769393242
|switch|p2a: Weezing|Weezing-Galar, M|100/100
|turn|7
|
|t:|1769393248
|move|p1a: Barraskewda|Liquidation|p2a: Weezing
|-damage|p2a: Weezing|10/100
|-unboost|p2a: Weezing|def|1
|move|p2a: Weezing|Sludge Bomb|p1a: Barraskewda
|-damage|p1a: Barraskewda|25/100
|
|-weather|RainDance|[upkeep]
|-heal|p2a: Weezing|16/100|[from] item: Black Sludge
|upkeep
|turn|8
|
|t:|1769393263
|move|p1a: Barraskewda|Liquidation|p2a: Weezing
|-damage|p2a: Weezing|0 fnt
|faint|p2a: Weezing
|
|-weather|RainDance|[upkeep]
|upkeep
|
|t:|1769393269
|switch|p2a: Great Tusk|Great Tusk|100/100
|-enditem|p2a: Great Tusk|Booster Energy
|-activate|p2a: Great Tusk|ability: Protosynthesis|[fromitem]
|-start|p2a: Great Tusk|protosynthesisatk
|turn|9
|
|t:|1769393279
|-terastallize|p2a: Great Tusk|Ice
|move|p1a: Barraskewda|Liquidation|p2a: Great Tusk
|-damage|p2a: Great Tusk|0 fnt
|faint|p2a: Great Tusk
|-end|p2a: Great Tusk|Protosynthesis|[silent]
|
|-weather|RainDance|[upkeep]
|upkeep
|
|t:|1769393285
|switch|p2a: Heatran|Heatran, M|60/100
|turn|10
|
|t:|1769393286
|move|p1a: Barraskewda|Liquidation|p2a: Heatran
|-supereffective|p2a: Heatran
|-crit|p2a: Heatran
|-damage|p2a: Heatran|0 fnt
|faint|p2a: Heatran
|
|win|kingbananamuffin
|raw|kingbananamuffin's rating: 1245 &rarr; <strong>1267</strong><br />(+22 for winning)
|raw|resi deux's rating: 1203 &rarr; <strong>1181</strong><br />(-22 for losing)
|l|☆resi deux
|player|p2|
