|j|☆rat pig
|j|☆Tumbletown
|t:|1769405233
|gametype|singles
|player|p1|rat pig|chuck|1682
|player|p2|Tumbletown|hilda|1676
|gen|9
|tier|[Gen 9] OU
|rated|
|rule|HP Percentage Mod: HP is shown in percentages
|rule|Endless Battle Clause: Forcing endless battles is banned
|rule|Species Clause: Limit one of each Pokémon
|rule|OHKO Clause: OHKO moves are banned
|rule|Evasion Items Clause: Evasion items are banned
|rule|Evasion Moves Clause: Evasion moves are banned
|rule|Evasion Abilities Clause: Evasion abilities are banned
|rule|Sleep Moves Clause: Sleep-inducing moves are banned
|clearpoke
|poke|p1|Darkrai|
|poke|p1|Tyranitar, F|
|poke|p1|Excadrill, M|
|poke|p1|Ogerpon-Cornerstone, F|
|poke|p1|Tornadus-Therian, M|
|poke|p1|Pecharunt|
|poke|p2|Barraskewda, F|
|poke|p2|Pelipper, F|
|poke|p2|Raging Bolt|
|poke|p2|Iron Treads|
|poke|p2|Zapdos|
|poke|p2|Indeedee, M|
|teampreview
|inactive|Battle timer is ON: inactive players will automatically lose when time's up. (requested by rat pig)
|
|t:|1769405251
|teamsize|p1|6
|teamsize|p2|6
|start
|switch|p1a: Tyranitar|Tyranitar, F|100/100
|switch|p2a: Raging Bolt|Raging Bolt|100/100
|-weather|Sandstorm|[from] ability: Sand Stream|[of] p1a: Tyranitar
|turn|1
|
|t:|1769405271
|-end|p2a: Raging Bolt|Protosynthesis|[silent]
|switch|p2a: Iron Treads|Iron Treads|100/100
|-item|p2a: Iron Treads|Air Balloon
|move|p1a: Tyranitar|Knock Off|p2a: Iron Treads
|-damage|p2a: Iron Treads|37/100
|-enditem|p2a: Iron Treads|Air Balloon
|
|-weather|Sandstorm|[upkeep]
|upkeep
|turn|2
|inactive|rat pig has 120 seconds left.
|inactive|rat pig has 90 seconds left.
|
|t:|1769405332
|switch|p1a: Ogerpon|Ogerpon-Cornerstone, F|100/100
|move|p2a: Iron Treads|Earthquake|p1a: Ogerpon
|-damage|p1a: Ogerpon|52/100
|
|-weather|Sandstorm|[upkeep]
|upkeep
|turn|3
|inactive|rat pig has 90 seconds left.
|
|t:|1769405345
|-end|p2a: Iron Treads|Quark Drive|[silent]
|switch|p2a: Zapdos|Zapdos|100/100
|move|p1a: Ogerpon|Low Kick|p2a: Zapdos
|-resisted|p2a: Zapdos
|-damage|p2a: Zapdos|81/100
|
|-weather|Sandstorm|[upkeep]
|-damage|p2a: Zapdos|75/100|[from] Sandstorm
|upkeep
|turn|4
|
|t:|1769405352
|move|p1a: Ogerpon|Ivy Cudgel|p2a: Zapdos|[anim] Ivy Cudgel Rock
|-supereffective|p2a: Zapdos
|-damage|p2a: Zapdos|0 fnt
|faint|p2a: Zapdos
|
|-weather|Sandstorm|[upkeep]
|upkeep
|
|t:|1769405355
|switch|p2a: Barraskewda|Barraskewda, F, shiny|100/100
|turn|5
|
|t:|1769405363
|switch|p1a: Pecharunt|Pecharunt|100/100
|move|p2a: Barraskewda|Liquidation|p1a: Pecharunt
|-damage|p1a: Pecharunt|65/100
|-unboost|p1a: Pecharunt|def|1
|
|-weather|none
|upkeep
|turn|6
|
|t:|1769405387
|switch|p2a: Iron Treads|Iron Treads|37/100
|move|p1a: Pecharunt|Malignant Chain|p2a: Iron Treads
|-immune|p2a: Iron Treads
|
|upkeep
|turn|7
|
|t:|1769405393
|switch|p1a: Ogerpon|Ogerpon-Cornerstone, F|52/100
|move|p2a: Iron Treads|Stealth Rock|p1a: Ogerpon
|-sidestart|p1: rat pig|move: Stealth Rock
|
|upkeep
|turn|8
|
|t:|1769405414
|-end|p2a: Iron Treads|Quark Drive|[silent]
|switch|p2a: Raging Bolt|Raging Bolt|100/100
|move|p1a: Ogerpon|Low Kick|p2a: Raging Bolt
|-damage|p2a: Raging Bolt|62/100
|
|upkeep
|turn|9
|inactive|rat pig has 90 seconds left.
|
|t:|1769405434
|switch|p1a: Tornadus|Tornadus-Therian, M|100/100
|-damage|p1a: Tornadus|76/100|[from] Stealth Rock
|move|p2a: Raging Bolt|Draco Meteor|p1a: Tornadus
|-damage|p1a: Tornadus|18/100
|-unboost|p2a: Raging Bolt|spa|2
|
|upkeep
|turn|10
|
|t:|1769405444
|switch|p1a: Tyranitar|Tyranitar, F|100/100
|-damage|p1a: Tyranitar|88/100|[from] Stealth Rock
|-weather|Sandstorm|[from] ability: Sand Stream|[of] p1a: Tyranitar
|move|p2a: Raging Bolt|Thunderclap||[still]
|-fail|p2a: Raging Bolt
|
|-weather|Sandstorm|[upkeep]
|-damage|p2a: Raging Bolt|56/100|[from] Sandstorm
|upkeep
|turn|11
|inactive|rat pig has 90 seconds left.
|inactive|Tumbletown has 120 seconds left.
|
|t:|1769405485
|-end|p2a: Raging Bolt|Protosynthesis|[silent]
|switch|p2a: Iron Treads|Iron Treads|37/100
|move|p1a: Tyranitar|Knock Off|p2a: Iron Treads
|-damage|p2a: Iron Treads|0 fnt
|faint|p2a: Iron Treads
|-end|p2a: Iron Treads|Quark Drive|[silent]
|
|-weather|Sandstorm|[upkeep]
|upkeep
|
|t:|1769405490
|switch|p2a: Barraskewda|Barraskewda, F, shiny|100/100
|turn|12
|inactive|rat pig has 90 seconds left.
|inactive|Tumbletown has 120 seconds left.
|
|t:|1769405527
|switch|p1a: Pecharunt|Pecharunt|65/100
|-terastallize|p2a: Barraskewda|Water
|move|p2a: Barraskewda|Flip Turn|p1a: Pecharunt
|-damage|p1a: Pecharunt|34/100
|
|t:|1769405548
|switch|p2a: Raging Bolt|Raging Bolt|56/100|[from] Flip Turn
|
|-weather|Sandstorm|[upkeep]
|-damage|p1a: Pecharunt|28/100|[from] Sandstorm
|-damage|p2a: Raging Bolt|49/100|[from] Sandstorm
|upkeep
|turn|13
|
|t:|1769405556
|move|p1a: Pecharunt|Parting Shot|p2a: Raging Bolt
|-unboost|p2a: Raging Bolt|atk|1
|-unboost|p2a: Raging Bolt|spa|1
|
|t:|1769405559
|switch|p1a: Excadrill|Excadrill, M|100/100|[from] Parting Shot
|-damage|p1a: Excadrill|97/100|[from] Stealth Rock
|move|p2a: Raging Bolt|Thunderbolt|p1a: Excadrill
|-immune|p1a: Excadrill
|
|-weather|Sandstorm|[upkeep]
|-damage|p2a: Raging Bolt|43/100|[from] Sandstorm
|-heal|p1a: Excadrill|100/100|[from] item: Leftovers
|upkeep
|turn|14
|
|t:|1769405573
|-end|p2a: Raging Bolt|Protosynthesis|[silent]
|switch|p2a: Pelipper|Pelipper, F|100/100
|-weather|RainDance|[from] ability: Drizzle|[of] p2a: Pelipper
|move|p1a: Excadrill|Rapid Spin|p2a: Pelipper
|-damage|p2a: Pelipper|84/100
|-boost|p1a: Excadrill|spe|1
|-sideend|p1: rat pig|Stealth Rock|[from] move: Rapid Spin|[of] p1a: Excadrill
|
|-weather|RainDance|[upkeep]
|upkeep
|turn|15
|
|t:|1769405581
|move|p1a: Excadrill|Stealth Rock|p2a: Pelipper
|-sidestart|p2: Tumbletown|move: Stealth Rock
|move|p2a: Pelipper|U-turn|p1a: Excadrill
|-resisted|p1a: Excadrill
|-damage|p1a: Excadrill|94/100
|
|t:|1769405584
|switch|p2a: Barraskewda|Barraskewda, F, shiny, tera:Water|100/100|[from] U-turn
|-damage|p2a: Barraskewda|88/100|[from] Stealth Rock
|
|-weather|RainDance|[upkeep]
|-heal|p1a: Excadrill|100/100|[from] item: Leftovers
|upkeep
|turn|16
|inactive|rat pig has 90 seconds left.
|
|t:|1769405606
|switch|p1a: Tornadus|Tornadus-Therian, M|51/100
|move|p2a: Barraskewda|Liquidation|p1a: Tornadus
|-damage|p1a: Tornadus|0 fnt
|faint|p1a: Tornadus
|
|-weather|RainDance|[upkeep]
|upkeep
|
|t:|1769405612
|switch|p1a: Tyranitar|Tyranitar, F|88/100
|-weather|Sandstorm|[from] ability: Sand Stream|[of] p1a: Tyranitar
|turn|17
|
|t:|1769405627
|-terastallize|p1a: Tyranitar|Flying
|move|p2a: Barraskewda|Liquidation|p1a: Tyranitar
|-damage|p1a: Tyranitar|0 fnt
|faint|p1a: Tyranitar
|
|-weather|Sandstorm|[upkeep]
|-damage|p2a: Barraskewda|82/100|[from] Sandstorm
|upkeep
|j| Daniel Gaming 234
|
|t:|1769405635
|switch|p1a: Excadrill|Excadrill, M|100/100
|turn|18
|
|t:|1769405646
|switch|p1a: Pecharunt|Pecharunt|28/100
|switch|p2a: Pelipper|Pelipper, F|84/100
|-damage|p2a: Pelipper|59/100|[from] Stealth Rock
|-weather|RainDance|[from] ability: Drizzle|[of] p2a: Pelipper
|
|-weather|RainDance|[upkeep]
|upkeep
|turn|19
|
|t:|1769405661
|move|p1a: Pecharunt|Recover|p1a: Pecharunt
|-heal|p1a: Pecharunt|78/100
|move|p2a: Pelipper|U-turn|p1a: Pecharunt
|-resisted|p1a: Pecharunt
|-crit|p1a: Pecharunt
|-damage|p1a: Pecharunt|77/100
|
|t:|1769405675
|switch|p2a: Raging Bolt|Raging Bolt|43/100|[from] U-turn
|
|-weather|RainDance|[upkeep]
|upkeep
|turn|20
|
|t:|1769405686
|move|p1a: Pecharunt|Parting Shot|p2a: Raging Bolt
|-unboost|p2a: Raging Bolt|atk|1
|-unboost|p2a: Raging Bolt|spa|1
|c| Daniel Gaming 234|Where is sucker punch darkrai when you need him most
|
|t:|1769405692
|switch|p1a: Excadrill|Excadrill, M|100/100|[from] Parting Shot
|move|p2a: Raging Bolt|Draco Meteor|p1a: Excadrill
|-resisted|p1a: Excadrill
|-damage|p1a: Excadrill|64/100
|-unboost|p2a: Raging Bolt|spa|2
|
|-weather|RainDance|[upkeep]
|-heal|p1a: Excadrill|70/100|[from] item: Leftovers
|upkeep
|turn|21
|j|+Mengy ㋛
|inactive|Tumbletown has 120 seconds left.
|inactive|Tumbletown has 90 seconds left.
|
|t:|1769405757
|move|p1a: Excadrill|Rapid Spin|p2a: Raging Bolt
|-damage|p2a: Raging Bolt|28/100
|-boost|p1a: Excadrill|spe|1
|move|p2a: Raging Bolt|Draco Meteor|p1a: Excadrill
|-resisted|p1a: Excadrill
|-damage|p1a: Excadrill|51/100
|-unboost|p2a: Raging Bolt|spa|2
|
|-weather|RainDance|[upkeep]
|-heal|p1a: Excadrill|57/100|[from] item: Leftovers
|upkeep
|turn|22
|inactive|Tumbletown has 90 seconds left.
|
|t:|1769405765
|-end|p2a: Raging Bolt|Protosynthesis|[silent]
|switch|p2a: Indeedee|Indeedee, M|100/100
|-damage|p2a: Indeedee|88/100|[from] Stealth Rock
|-fieldstart|move: Psychic Terrain|[from] ability: Psychic Surge|[of] p2a: Indeedee
|move|p1a: Excadrill|Rapid Spin|p2a: Indeedee
|-damage|p2a: Indeedee|47/100
|-boost|p1a: Excadrill|spe|1
|
|-weather|RainDance|[upkeep]
|-heal|p1a: Excadrill|63/100|[from] item: Leftovers
|upkeep
|turn|23
|
|t:|1769405778
|move|p1a: Excadrill|Earthquake|p2a: Indeedee
|-damage|p2a: Indeedee|0 fnt
|faint|p2a: Indeedee
|
|-weather|RainDance|[upkeep]
|-heal|p1a: Excadrill|69/100|[from] item: Leftovers
|upkeep
|
|t:|1769405780
|switch|p2a: Barraskewda|Barraskewda, F, shiny, tera:Water|82/100
|-damage|p2a: Barraskewda|70/100|[from] Stealth Rock
|turn|24
|inactive|rat pig has 120 seconds left.
|inactive|rat pig has 90 seconds left.
|
|t:|1769405822
|switch|p1a: Ogerpon|Ogerpon-Cornerstone, F|52/100
|move|p2a: Barraskewda|Liquidation|p1a: Ogerpon
|-damage|p1a: Ogerpon|0 fnt
|faint|p1a: Ogerpon
|
|-weather|RainDance|[upkeep]
|upkeep
|
|t:|1769405827
|switch|p1a: Pecharunt|Pecharunt|77/100
|turn|25
|inactive|Tumbletown has 120 seconds left.
|inactive|rat pig has 90 seconds left.
|
|t:|1769405842
|switch|p2a: Raging Bolt|Raging Bolt|28/100
|move|p1a: Pecharunt|Recover|p1a: Pecharunt
|-heal|p1a: Pecharunt|100/100
|
|-weather|none
|upkeep
|turn|26
|inactive|Tumbletown has 120 seconds left.
|
|t:|1769405853
|-end|p2a: Raging Bolt|Protosynthesis|[silent]
|switch|p2a: Pelipper|Pelipper, F|59/100
|-damage|p2a: Pelipper|35/100|[from] Stealth Rock
|-weather|RainDance|[from] ability: Drizzle|[of] p2a: Pelipper
|move|p1a: Pecharunt|Parting Shot|p2a: Pelipper
|-unboost|p2a: Pelipper|atk|1
|-unboost|p2a: Pelipper|spa|1
|inactive|rat pig has 90 seconds left.
|
|t:|1769405880
|switch|p1a: Darkrai|Darkrai|100/100|[from] Parting Shot
|
|-weather|RainDance|[upkeep]
|-fieldend|move: Psychic Terrain
|upkeep
|turn|27
|
|t:|1769405888
|move|p1a: Darkrai|Dark Pulse|p2a: Pelipper
|-damage|p2a: Pelipper|0 fnt
|faint|p2a: Pelipper
|
|-weather|RainDance|[upkeep]
|upkeep
|
|t:|1769405890
|switch|p2a: Barraskewda|Barraskewda, F, shiny, tera:Water|70/100
|-damage|p2a: Barraskewda|58/100|[from] Stealth Rock
|turn|28
|inactive|rat pig has 90 seconds left.
|
|t:|1769405903
|move|p2a: Barraskewda|Liquidation|p1a: Darkrai
|-damage|p1a: Darkrai|0 fnt
|faint|p1a: Darkrai
|
|-weather|RainDance|[upkeep]
|upkeep
|
|t:|1769405907
|switch|p1a: Pecharunt|Pecharunt|100/100
|turn|29
|
|t:|1769405913
|move|p2a: Barraskewda|Liquidation|p1a: Pecharunt
|-damage|p1a: Pecharunt|40/100
|move|p1a: Pecharunt|Malignant Chain|p2a: Barraskewda
|-damage|p2a: Barraskewda|0 fnt
|faint|p2a: Barraskewda
|
|-weather|RainDance|[upkeep]
|upkeep
|
|t:|1769405915
|switch|p2a: Raging Bolt|Raging Bolt|28/100
|turn|30
|
|t:|1769405921
|move|p1a: Pecharunt|Malignant Chain|p2a: Raging Bolt
|-damage|p2a: Raging Bolt|3/100
|move|p2a: Raging Bolt|Draco Meteor|p1a: Pecharunt
|-damage|p1a: Pecharunt|0 fnt
|-unboost|p2a: Raging Bolt|spa|2
|faint|p1a: Pecharunt
|
|-weather|RainDance|[upkeep]
|upkeep
|
|t:|1769405924
|switch|p1a: Excadrill|Excadrill, M|69/100
|turn|31
|c|☆Tumbletown|Gg
|c| Daniel Gaming 234|Damn 60% is baby damage
|j| KappaHalo
|
|t:|1769405931
|move|p1a: Excadrill|Rapid Spin|p2a: Raging Bolt
|-damage|p2a: Raging Bolt|0 fnt
|-boost|p1a: Excadrill|spe|1
|faint|p2a: Raging Bolt
|-end|p2a: Raging Bolt|Protosynthesis|[silent]
|
|win|rat pig
|raw|rat pig's rating: 1682 &rarr; <strong>1702</strong><br />(+20 for winning)
|raw|Tumbletown's rating: 1676 &rarr; <strong>1656</strong><br />(-20 for losing)
|l|☆Tumbletown
|player|p2|
|l| KappaHalo
|l|☆rat pig
|player|p1|
