|j|☆zhal1314
|j|☆Fhantazy
|t:|1769350313
|gametype|singles
|player|p1|zhal1314|101|1363
|player|p2|Fhantazy|1|1354
|gen|9
|tier|[Gen 9] OU
|rated|
|rule|HP Percentage Mod: HP is shown in percentages
|rule|Endless Battle Clause: Forcing endless battles is banned
|rule|Species Clause: Limit one of each Pokémon
|rule|OHKO Clause: OHKO moves are banned
|rule|Evasion Items Clause: Evasion items are banned
|rule|Evasion Moves Clause: Evasion moves are banned
|rule|Evasion Abilities Clause: Evasion abilities are banned
|rule|Sleep Moves Clause: Sleep-inducing moves are banned
|clearpoke
|poke|p1|Corviknight, M|
|poke|p1|Primarina, F|
|poke|p1|Dragapult, M|
|poke|p1|Ursaluna, F|
|poke|p1|Chansey, F|
|poke|p1|Cinderace, M|
|poke|p2|Ting-Lu|
|poke|p2|Zamazenta-*|
|poke|p2|Kyurem|
|poke|p2|Cinderace, F|
|poke|p2|Delibird, M|
|poke|p2|Darkrai|
|teampreview
|inactive|Battle timer is ON: inactive players will automatically lose when time's up. (requested by zhal1314)
|
|t:|1769350333
|teamsize|p1|6
|teamsize|p2|6
|start
|switch|p1a: Primarina|Primarina, F|100/100
|switch|p2a: Ting-Lu|Ting-Lu|100/100
|-ability|p2a: Ting-Lu|Vessel of Ruin
|turn|1
|
|t:|1769350336
|move|p1a: Primarina|Whirlpool|p2a: Ting-Lu
|-supereffective|p2a: Ting-Lu
|-damage|p2a: Ting-Lu|83/100
|-activate|p2a: Ting-Lu|move: Whirlpool|[of] p1a: Primarina
|-enditem|p2a: Ting-Lu|Red Card|[of] p1a: Primarina
|drag|p1a: Corviknight|Corviknight, M|100/100
|-ability|p1a: Corviknight|Pressure
|move|p2a: Ting-Lu|Stealth Rock|p1a: Corviknight
|-sidestart|p1: zhal1314|move: Stealth Rock
|
|-end|p2a: Ting-Lu|Whirlpool|[partiallytrapped]|[silent]
|upkeep
|turn|2
|
|t:|1769350343
|switch|p2a: Cinderace|Cinderace, F|100/100
|move|p1a: Corviknight|Defog|p2a: Cinderace
|-unboost|p2a: Cinderace|evasion|1
|-sideend|p1: zhal1314|Stealth Rock|[from] move: Defog|[of] p1a: Corviknight
|
|upkeep
|turn|3
|
|t:|1769350349
|switch|p1a: Ursaluna|Ursaluna, F|100/100
|move|p2a: Cinderace|U-turn|p1a: Ursaluna
|-start|p2a: Cinderace|typechange|Bug|[from] ability: Libero
|-damage|p1a: Ursaluna|74/100
|
|t:|1769350353
|switch|p2a: Kyurem|Kyurem|100/100|[from] U-turn
|-ability|p2a: Kyurem|Pressure
|
|-heal|p1a: Ursaluna|80/100|[from] item: Leftovers
|upkeep
|turn|4
|
|t:|1769350357
|switch|p1a: Chansey|Chansey, F|100/100
|move|p2a: Kyurem|Ice Beam|p1a: Chansey
|-damage|p1a: Chansey|82/100
|
|upkeep
|turn|5
|
|t:|1769350362
|switch|p2a: Ting-Lu|Ting-Lu|83/100
|-ability|p2a: Ting-Lu|Vessel of Ruin
|move|p1a: Chansey|Seismic Toss|p2a: Ting-Lu
|-damage|p2a: Ting-Lu|64/100
|
|upkeep
|turn|6
|
|t:|1769350369
|move|p1a: Chansey|Seismic Toss|p2a: Ting-Lu
|-damage|p2a: Ting-Lu|44/100
|move|p2a: Ting-Lu|Stealth Rock|p1a: Chansey
|-sidestart|p1: zhal1314|move: Stealth Rock
|
|upkeep
|turn|7
|
|t:|1769350373
|move|p1a: Chansey|Seismic Toss|p2a: Ting-Lu
|-damage|p2a: Ting-Lu|25/100
|move|p2a: Ting-Lu|Ruination|p1a: Chansey
|-damage|p1a: Chansey|41/100
|
|upkeep
|turn|8
|
|t:|1769350376
|move|p1a: Chansey|Seismic Toss|p2a: Ting-Lu
|-damage|p2a: Ting-Lu|5/100
|move|p2a: Ting-Lu|Earthquake|p1a: Chansey
|-damage|p1a: Chansey|14/100
|
|upkeep
|turn|9
|
|t:|1769350380
|move|p1a: Chansey|Soft-Boiled|p1a: Chansey
|-heal|p1a: Chansey|64/100
|move|p2a: Ting-Lu|Ruination|p1a: Chansey
|-damage|p1a: Chansey|32/100
|
|upkeep
|turn|10
|
|t:|1769350386
|move|p1a: Chansey|Soft-Boiled|p1a: Chansey
|-heal|p1a: Chansey|82/100
|move|p2a: Ting-Lu|Ruination|p1a: Chansey
|-damage|p1a: Chansey|41/100
|
|upkeep
|turn|11
|
|t:|1769350394
|switch|p1a: Corviknight|Corviknight, M|100/100
|-damage|p1a: Corviknight|88/100|[from] Stealth Rock
|-ability|p1a: Corviknight|Pressure
|move|p2a: Ting-Lu|Ruination|p1a: Corviknight
|-damage|p1a: Corviknight|44/100
|
|upkeep
|turn|12
|
|t:|1769350403
|move|p1a: Corviknight|Defog|p2a: Ting-Lu
|-unboost|p2a: Ting-Lu|evasion|1
|-sideend|p1: zhal1314|Stealth Rock|[from] move: Defog|[of] p1a: Corviknight
|move|p2a: Ting-Lu|Ruination|p1a: Corviknight
|-damage|p1a: Corviknight|22/100
|
|upkeep
|turn|13
|
|t:|1769350406
|move|p1a: Corviknight|Roost|p1a: Corviknight
|-heal|p1a: Corviknight|72/100
|-singleturn|p1a: Corviknight|move: Roost
|move|p2a: Ting-Lu|Earthquake|p1a: Corviknight
|-supereffective|p1a: Corviknight
|-damage|p1a: Corviknight|31/100
|
|upkeep
|turn|14
|
|t:|1769350416
|switch|p2a: Cinderace|Cinderace, F|100/100
|move|p1a: Corviknight|Body Press|p2a: Cinderace
|-damage|p2a: Cinderace|60/100
|
|upkeep
|turn|15
|
|t:|1769350422
|switch|p1a: Ursaluna|Ursaluna, F|80/100
|move|p2a: Cinderace|Pyro Ball|p1a: Ursaluna
|-damage|p1a: Ursaluna|41/100
|
|-heal|p1a: Ursaluna|48/100|[from] item: Leftovers
|upkeep
|turn|16
|
|t:|1769350429
|move|p2a: Cinderace|U-turn|p1a: Ursaluna
|-start|p2a: Cinderace|typechange|Bug|[from] ability: Libero
|-damage|p1a: Ursaluna|22/100
|
|t:|1769350436
|switch|p2a: Delibird|Delibird, M|100/100|[from] U-turn
|move|p1a: Ursaluna|Rest|p1a: Ursaluna
|-status|p1a: Ursaluna|slp|[from] move: Rest
|-heal|p1a: Ursaluna|100/100 slp|[silent]
|
|upkeep
|turn|17
|
|t:|1769350443
|switch|p1a: Chansey|Chansey, F|41/100
|move|p2a: Delibird|Ice Spinner|p1a: Chansey|[miss]
|-miss|p2a: Delibird|p1a: Chansey
|
|upkeep
|turn|18
|
|t:|1769350447
|switch|p1a: Corviknight|Corviknight, M|31/100
|-ability|p1a: Corviknight|Pressure
|move|p2a: Delibird|Ice Spinner|p1a: Corviknight
|-damage|p1a: Corviknight|0 fnt
|-damage|p2a: Delibird|84/100|[from] item: Rocky Helmet|[of] p1a: Corviknight
|faint|p1a: Corviknight
|
|upkeep
|
|t:|1769350453
|switch|p1a: Cinderace|Cinderace, M|100/100
|turn|19
|
|t:|1769350461
|switch|p2a: Zamazenta|Zamazenta|100/100
|-ability|p2a: Zamazenta|Dauntless Shield|boost
|-boost|p2a: Zamazenta|def|1
|move|p1a: Cinderace|Pyro Ball|p2a: Zamazenta
|-damage|p2a: Zamazenta|64/100
|
|upkeep
|turn|20
|
|t:|1769350464
|move|p2a: Zamazenta|Stone Edge|p1a: Cinderace|[miss]
|-miss|p2a: Zamazenta|p1a: Cinderace
|move|p1a: Cinderace|Will-O-Wisp|p2a: Zamazenta
|-status|p2a: Zamazenta|brn
|
|-damage|p2a: Zamazenta|58/100 brn|[from] brn
|upkeep
|turn|21
|
|t:|1769350470
|switch|p1a: Primarina|Primarina, F|100/100
|move|p2a: Zamazenta|Close Combat|p1a: Primarina
|-resisted|p1a: Primarina
|-damage|p1a: Primarina|79/100
|-unboost|p2a: Zamazenta|def|1
|-unboost|p2a: Zamazenta|spd|1
|
|-heal|p1a: Primarina|85/100|[from] item: Leftovers
|-damage|p2a: Zamazenta|52/100 brn|[from] brn
|upkeep
|turn|22
|
|t:|1769350475
|move|p2a: Zamazenta|Heavy Slam|p1a: Primarina
|-damage|p1a: Primarina|63/100
|move|p1a: Primarina|Psychic Noise|p2a: Zamazenta
|-damage|p2a: Zamazenta|11/100 brn
|-start|p2a: Zamazenta|move: Heal Block
|
|-heal|p1a: Primarina|69/100|[from] item: Leftovers
|-damage|p2a: Zamazenta|5/100 brn|[from] brn
|upkeep
|turn|23
|
|t:|1769350482
|move|p2a: Zamazenta|Heavy Slam|p1a: Primarina
|-damage|p1a: Primarina|46/100
|move|p1a: Primarina|Moonblast|p2a: Zamazenta
|-supereffective|p2a: Zamazenta
|-damage|p2a: Zamazenta|0 fnt
|faint|p2a: Zamazenta
|
|-heal|p1a: Primarina|53/100|[from] item: Leftovers
|upkeep
|
|t:|1769350488
|switch|p2a: Cinderace|Cinderace, F|60/100
|turn|24
|
|t:|1769350491
|switch|p1a: Ursaluna|Ursaluna, F|100/100 slp
|move|p2a: Cinderace|Gunk Shot|p1a: Ursaluna|[miss]
|-start|p2a: Cinderace|typechange|Poison|[from] ability: Libero
|-miss|p2a: Cinderace|p1a: Ursaluna
|
|upkeep
|turn|25
|
|t:|1769350496
|move|p2a: Cinderace|U-turn|p1a: Ursaluna
|-damage|p1a: Ursaluna|83/100 slp
|
|t:|1769350500
|switch|p2a: Ting-Lu|Ting-Lu|5/100|[from] U-turn
|-ability|p2a: Ting-Lu|Vessel of Ruin
|cant|p1a: Ursaluna|slp
|move|p1a: Ursaluna|Sleep Talk|p1a: Ursaluna
|move|p1a: Ursaluna|Body Slam|p2a: Ting-Lu|[from] move: Sleep Talk
|-damage|p2a: Ting-Lu|0 fnt
|faint|p2a: Ting-Lu
|
|-heal|p1a: Ursaluna|90/100 slp|[from] item: Leftovers
|upkeep
|
|t:|1769350502
|switch|p2a: Delibird|Delibird, M|84/100
|turn|26
|
|t:|1769350507
|move|p2a: Delibird|Ice Spinner|p1a: Ursaluna
|-supereffective|p1a: Ursaluna
|-damage|p1a: Ursaluna|12/100 slp
|cant|p1a: Ursaluna|slp
|move|p1a: Ursaluna|Sleep Talk|p1a: Ursaluna
|move|p1a: Ursaluna|Body Slam|p2a: Delibird|[from] move: Sleep Talk
|-damage|p2a: Delibird|0 fnt
|faint|p2a: Delibird
|
|-heal|p1a: Ursaluna|18/100 slp|[from] item: Leftovers
|upkeep
|
|t:|1769350511
|switch|p2a: Kyurem|Kyurem|100/100
|-ability|p2a: Kyurem|Pressure
|turn|27
|
|t:|1769350516
|move|p2a: Kyurem|Ice Beam|p1a: Ursaluna
|-supereffective|p1a: Ursaluna
|-damage|p1a: Ursaluna|0 fnt
|faint|p1a: Ursaluna
|
|upkeep
|
|t:|1769350518
|switch|p1a: Chansey|Chansey, F|41/100
|turn|28
|
|t:|1769350521
|switch|p2a: Cinderace|Cinderace, F|60/100
|move|p1a: Chansey|Soft-Boiled|p1a: Chansey
|-heal|p1a: Chansey|91/100
|
|upkeep
|turn|29
|
|t:|1769350525
|-terastallize|p2a: Cinderace|Fire
|move|p2a: Cinderace|Pyro Ball|p1a: Chansey
|-damage|p1a: Chansey|41/100
|move|p1a: Chansey|Thunder Wave|p2a: Cinderace
|-status|p2a: Cinderace|par
|
|upkeep
|turn|30
|
|t:|1769350531
|switch|p1a: Primarina|Primarina, F|53/100
|move|p2a: Cinderace|Pyro Ball|p1a: Primarina
|-resisted|p1a: Primarina
|-damage|p1a: Primarina|3/100
|
|-heal|p1a: Primarina|9/100|[from] item: Leftovers
|upkeep
|turn|31
|
|t:|1769350542
|switch|p2a: Kyurem|Kyurem|100/100
|-ability|p2a: Kyurem|Pressure
|move|p1a: Primarina|Psychic Noise|p2a: Kyurem
|-resisted|p2a: Kyurem
|-damage|p2a: Kyurem|80/100
|-start|p2a: Kyurem|move: Heal Block
|
|-heal|p1a: Primarina|15/100|[from] item: Leftovers
|upkeep
|turn|32
|
|t:|1769350549
|move|p2a: Kyurem|Ice Beam|p1a: Primarina
|-resisted|p1a: Primarina
|-crit|p1a: Primarina
|-damage|p1a: Primarina|0 fnt
|faint|p1a: Primarina
|
|-end|p2a: Kyurem|move: Heal Block
|upkeep
|
|t:|1769350552
|switch|p1a: Chansey|Chansey, F|41/100
|turn|33
|
|t:|1769350557
|switch|p2a: Cinderace|Cinderace, F, tera:Fire|60/100 par
|move|p1a: Chansey|Soft-Boiled|p1a: Chansey
|-heal|p1a: Chansey|91/100
|
|upkeep
|turn|34
|
|t:|1769350564
|switch|p1a: Cinderace|Cinderace, M|100/100
|cant|p2a: Cinderace|par
|
|upkeep
|turn|35
|
|t:|1769350570
|switch|p2a: Kyurem|Kyurem|80/100
|-ability|p2a: Kyurem|Pressure
|move|p1a: Cinderace|Sucker Punch||[still]
|-fail|p1a: Cinderace
|
|upkeep
|turn|36
|
|t:|1769350576
|move|p1a: Cinderace|Pyro Ball|p2a: Kyurem
|-damage|p2a: Kyurem|28/100
|move|p2a: Kyurem|Draco Meteor|p1a: Cinderace
|-damage|p1a: Cinderace|0 fnt
|-unboost|p2a: Kyurem|spa|2
|faint|p1a: Cinderace
|
|upkeep
|
|t:|1769350582
|switch|p1a: Dragapult|Dragapult, M|100/100
|turn|37
|
|t:|1769350585
|move|p1a: Dragapult|Dragon Darts|p2a: Kyurem
|-supereffective|p2a: Kyurem
|-damage|p2a: Kyurem|0 fnt
|faint|p2a: Kyurem
|
|upkeep
|
|t:|1769350586
|switch|p2a: Darkrai|Darkrai|100/100
|turn|38
|l|☆zhal1314
|inactive|zhal1314 disconnected and has a minute to reconnect!
|player|p1|
|j|☆zhal1314
|inactive|zhal1314 reconnected and has 100 seconds left.
|player|p1|zhal1314|101|
|
|t:|1769350646
|switch|p1a: Chansey|Chansey, F|91/100
|switch|p2a: Cinderace|Cinderace, F, tera:Fire|60/100 par
|
|upkeep
|turn|39
|
|t:|1769350653
|move|p2a: Cinderace|Pyro Ball|p1a: Chansey
|-damage|p1a: Chansey|36/100
|move|p1a: Chansey|Seismic Toss|p2a: Cinderace
|-damage|p2a: Cinderace|27/100 par
|
|upkeep
|turn|40
|
|t:|1769350661
|switch|p1a: Dragapult|Dragapult, M|100/100
|cant|p2a: Cinderace|par
|
|upkeep
|turn|41
|
|t:|1769350666
|switch|p2a: Darkrai|Darkrai|100/100
|move|p1a: Dragapult|Hex|p2a: Darkrai
|-resisted|p2a: Darkrai
|-damage|p2a: Darkrai|83/100
|
|upkeep
|turn|42
|inactive|zhal1314 has 120 seconds left.
|
|t:|1769350671
|move|p1a: Dragapult|Substitute|p1a: Dragapult
|-start|p1a: Dragapult|Substitute
|-damage|p1a: Dragapult|76/100
|move|p2a: Darkrai|Dark Pulse|p1a: Dragapult
|-supereffective|p1a: Dragapult
|-end|p1a: Dragapult|Substitute
|
|-heal|p1a: Dragapult|82/100|[from] item: Leftovers
|upkeep
|turn|43
|
|t:|1769350674
|move|p1a: Dragapult|Dragon Darts|p2a: Darkrai
|-crit|p2a: Darkrai
|-damage|p2a: Darkrai|36/100
|-anim|p1a: Dragapult|Dragon Darts|p2a: Darkrai
|-damage|p2a: Darkrai|7/100
|move|p2a: Darkrai|Dark Pulse|p1a: Dragapult
|-supereffective|p1a: Dragapult
|-damage|p1a: Dragapult|0 fnt
|faint|p1a: Dragapult
|
|upkeep
|
|t:|1769350677
|switch|p1a: Chansey|Chansey, F|36/100
|turn|44
|
|t:|1769350680
|move|p2a: Darkrai|Focus Blast|p1a: Chansey
|-supereffective|p1a: Chansey
|-damage|p1a: Chansey|8/100
|move|p1a: Chansey|Soft-Boiled|p1a: Chansey
|-heal|p1a: Chansey|58/100
|
|upkeep
|turn|45
|
|t:|1769350686
|move|p2a: Darkrai|Ice Beam|p1a: Chansey
|-damage|p1a: Chansey|49/100
|-status|p1a: Chansey|frz
|cant|p1a: Chansey|frz
|
|upkeep
|turn|46
|
|t:|1769350690
|switch|p2a: Cinderace|Cinderace, F, tera:Fire|27/100 par
|cant|p1a: Chansey|frz
|
|upkeep
|turn|47
|
|t:|1769350692
|move|p2a: Cinderace|Pyro Ball|p1a: Chansey
|-damage|p1a: Chansey|0 fnt
|faint|p1a: Chansey
|
|win|Fhantazy
|raw|zhal1314's rating: 1363 &rarr; <strong>1342</strong><br />(-21 for losing)
|raw|Fhantazy's rating: 1337 &rarr; <strong>1358</strong><br />(+21 for winning)
|l|☆Fhantazy
|player|p2|
|l|☆zhal1314
|player|p1|
