|j|☆fart0s
|j|☆victory_sakik
|t:|1769442976
|gametype|singles
|player|p1|fart0s|skierf|1440
|player|p2|victory_sakik|170|1413
|gen|9
|tier|[Gen 9] OU
|rated|
|rule|HP Percentage Mod: HP is shown in percentages
|rule|Endless Battle Clause: Forcing endless battles is banned
|rule|Species Clause: Limit one of each Pokémon
|rule|OHKO Clause: OHKO moves are banned
|rule|Evasion Items Clause: Evasion items are banned
|rule|Evasion Moves Clause: Evasion moves are banned
|rule|Evasion Abilities Clause: Evasion abilities are banned
|rule|Sleep Moves Clause: Sleep-inducing moves are banned
|clearpoke
|poke|p1|Great Tusk|
|poke|p1|Glimmora, F|
|poke|p1|Ogerpon-Wellspring, F|
|poke|p1|Kingambit, M|
|poke|p1|Volcanion|
|poke|p1|Dragapult, F|
|poke|p2|Flygon, F|
|poke|p2|Azelf|
|poke|p2|Goodra-Hisui, F|
|poke|p2|Braviary, M|
|poke|p2|Zamazenta-*|
|poke|p2|Primarina, M|
|teampreview
|inactive|Battle timer is ON: inactive players will automatically lose when time's up. (requested by fart0s)
|
|t:|1769442981
|teamsize|p1|6
|teamsize|p2|6
|start
|switch|p1a: Great Tusk|Great Tusk|100/100
|switch|p2a: Azelf|Azelf|100/100
|turn|1
|
|t:|1769442987
|move|p2a: Azelf|Stealth Rock|p1a: Great Tusk
|-sidestart|p1: fart0s|move: Stealth Rock
|move|p1a: Great Tusk|Supercell Slam|p2a: Azelf
|-damage|p2a: Azelf|20/100
|
|upkeep
|turn|2
|
|t:|1769442997
|-end|p1a: Great Tusk|Protosynthesis|[silent]
|switch|p1a: Kingambit|Kingambit, M|100/100
|-damage|p1a: Kingambit|94/100|[from] Stealth Rock
|move|p2a: Azelf|Explosion|p1a: Kingambit
|-resisted|p1a: Kingambit
|-damage|p1a: Kingambit|65/100
|faint|p2a: Azelf
|
|upkeep
|
|t:|1769443008
|switch|p2a: Flygon|Flygon, F|100/100
|turn|3
|
|t:|1769443026
|-terastallize|p1a: Kingambit|Dark
|move|p2a: Flygon|Dragon Dance|p2a: Flygon
|-boost|p2a: Flygon|atk|1
|-boost|p2a: Flygon|spe|1
|move|p1a: Kingambit|Kowtow Cleave|p2a: Flygon
|-damage|p2a: Flygon|3/100
|
|upkeep
|turn|4
|inactive|victory_sakik has 120 seconds left.
|
|t:|1769443079
|move|p1a: Kingambit|Sucker Punch||[still]
|-fail|p1a: Kingambit
|move|p2a: Flygon|Dragon Dance|p2a: Flygon
|-boost|p2a: Flygon|atk|1
|-boost|p2a: Flygon|spe|1
|
|upkeep
|turn|5
|
|t:|1769443087
|move|p1a: Kingambit|Sucker Punch||[still]
|-fail|p1a: Kingambit
|move|p2a: Flygon|Dragon Dance|p2a: Flygon
|-boost|p2a: Flygon|atk|1
|-boost|p2a: Flygon|spe|1
|
|upkeep
|turn|6
|
|t:|1769443090
|move|p1a: Kingambit|Sucker Punch|p2a: Flygon
|-damage|p2a: Flygon|0 fnt
|faint|p2a: Flygon
|
|upkeep
|
|t:|1769443093
|switch|p2a: Primarina|Primarina, M|100/100
|turn|7
|
|t:|1769443098
|-end|p1a: Kingambit|fallenundefined|[silent]
|switch|p1a: Volcanion|Volcanion|100/100
|-damage|p1a: Volcanion|76/100|[from] Stealth Rock
|move|p2a: Primarina|Moonblast|p1a: Volcanion
|-resisted|p1a: Volcanion
|-damage|p1a: Volcanion|62/100
|
|upkeep
|turn|8
|
|t:|1769443104
|switch|p2a: Goodra|Goodra-Hisui, F|100/100
|move|p1a: Volcanion|Sludge Bomb|p2a: Goodra
|-immune|p2a: Goodra
|
|upkeep
|turn|9
|
|t:|1769443109
|move|p1a: Volcanion|Earth Power|p2a: Goodra
|-supereffective|p2a: Goodra
|-damage|p2a: Goodra|66/100
|move|p2a: Goodra|Acid Armor|p2a: Goodra
|-boost|p2a: Goodra|def|2
|
|-heal|p2a: Goodra|72/100|[from] item: Leftovers
|upkeep
|turn|10
|
|t:|1769443114
|move|p1a: Volcanion|Earth Power|p2a: Goodra
|-supereffective|p2a: Goodra
|-damage|p2a: Goodra|36/100
|move|p2a: Goodra|Knock Off|p1a: Volcanion
|-damage|p1a: Volcanion|46/100
|-enditem|p1a: Volcanion|Assault Vest|[from] move: Knock Off|[of] p2a: Goodra
|
|-heal|p2a: Goodra|42/100|[from] item: Leftovers
|upkeep
|turn|11
|
|t:|1769443120
|move|p1a: Volcanion|Earth Power|p2a: Goodra
|-supereffective|p2a: Goodra
|-damage|p2a: Goodra|7/100
|move|p2a: Goodra|Body Press|p1a: Volcanion
|-damage|p1a: Volcanion|17/100
|
|-heal|p2a: Goodra|13/100|[from] item: Leftovers
|upkeep
|turn|12
|
|t:|1769443125
|switch|p2a: Braviary|Braviary, M|100/100
|move|p1a: Volcanion|Earth Power|p2a: Braviary
|-immune|p2a: Braviary
|
|upkeep
|turn|13
|
|t:|1769443130
|move|p2a: Braviary|Brave Bird|p1a: Volcanion
|-damage|p1a: Volcanion|0 fnt
|faint|p1a: Volcanion
|-damage|p2a: Braviary|95/100|[from] Recoil
|
|upkeep
|
|t:|1769443132
|switch|p1a: Glimmora|Glimmora, F|100/100
|-damage|p1a: Glimmora|88/100|[from] Stealth Rock
|turn|14
|
|t:|1769443139
|switch|p2a: Primarina|Primarina, M|100/100
|move|p1a: Glimmora|Mortal Spin|p2a: Primarina
|-supereffective|p2a: Primarina
|-damage|p2a: Primarina|85/100
|-status|p2a: Primarina|psn
|-sideend|p1: fart0s|Stealth Rock|[from] move: Mortal Spin|[of] p1a: Glimmora
|
|-heal|p1a: Glimmora|94/100|[from] item: Leftovers
|-heal|p2a: Primarina|91/100 psn|[from] item: Leftovers
|-damage|p2a: Primarina|79/100 psn|[from] psn
|upkeep
|turn|15
|
|t:|1769443142
|move|p1a: Glimmora|Spiky Shield|p1a: Glimmora
|-singleturn|p1a: Glimmora|move: Protect
|move|p2a: Primarina|Surf|p1a: Glimmora
|-activate|p1a: Glimmora|move: Protect
|
|-heal|p1a: Glimmora|100/100|[from] item: Leftovers
|-heal|p2a: Primarina|85/100 psn|[from] item: Leftovers
|-damage|p2a: Primarina|72/100 psn|[from] psn
|upkeep
|turn|16
|
|t:|1769443147
|switch|p1a: Ogerpon|Ogerpon-Wellspring, F|100/100
|move|p2a: Primarina|Moonblast|p1a: Ogerpon
|-damage|p1a: Ogerpon|54/100
|
|-heal|p2a: Primarina|79/100 psn|[from] item: Leftovers
|-damage|p2a: Primarina|66/100 psn|[from] psn
|upkeep
|turn|17
|
|t:|1769443151
|move|p1a: Ogerpon|Horn Leech|p2a: Primarina
|-supereffective|p2a: Primarina
|-damage|p2a: Primarina|0 fnt
|-heal|p1a: Ogerpon|94/100|[from] drain|[of] p2a: Primarina
|faint|p2a: Primarina
|
|upkeep
|inactive|victory_sakik has 120 seconds left.
|inactive|victory_sakik has 90 seconds left.
|inactive|victory_sakik has 60 seconds left.
|
|t:|1769443242
|switch|p2a: Braviary|Braviary, M|95/100
|turn|18
|
|t:|1769443245
|move|p2a: Braviary|Brave Bird|p1a: Ogerpon
|-supereffective|p1a: Ogerpon
|-damage|p1a: Ogerpon|0 fnt
|faint|p1a: Ogerpon
|-damage|p2a: Braviary|68/100|[from] Recoil
|
|upkeep
|
|t:|1769443248
|switch|p1a: Glimmora|Glimmora, F|100/100
|turn|19
|
|t:|1769443252
|switch|p2a: Zamazenta|Zamazenta|100/100
|-ability|p2a: Zamazenta|Dauntless Shield|boost
|-boost|p2a: Zamazenta|def|1
|move|p1a: Glimmora|Toxic|p2a: Zamazenta
|-status|p2a: Zamazenta|tox
|
|-damage|p2a: Zamazenta|94/100 tox|[from] psn
|upkeep
|turn|20
|
|t:|1769443261
|move|p2a: Zamazenta|Close Combat|p1a: Glimmora
|-damage|p1a: Glimmora|36/100
|-unboost|p2a: Zamazenta|def|1
|-unboost|p2a: Zamazenta|spd|1
|-activate|p1a: Glimmora|ability: Toxic Debris
|-sidestart|p2: victory_sakik|move: Toxic Spikes
|move|p1a: Glimmora|Earth Power|p2a: Zamazenta
|-damage|p2a: Zamazenta|56/100 tox
|
|-heal|p1a: Glimmora|43/100|[from] item: Leftovers
|-damage|p2a: Zamazenta|44/100 tox|[from] psn
|upkeep
|turn|21
|
|t:|1769443269
|move|p1a: Glimmora|Spiky Shield|p1a: Glimmora
|-singleturn|p1a: Glimmora|move: Protect
|move|p2a: Zamazenta|Close Combat|p1a: Glimmora
|-activate|p1a: Glimmora|move: Protect
|-damage|p2a: Zamazenta|32/100 tox|[from] Spiky Shield|[of] p1a: Glimmora
|
|-heal|p1a: Glimmora|49/100|[from] item: Leftovers
|-damage|p2a: Zamazenta|13/100 tox|[from] psn
|upkeep
|turn|22
|
|t:|1769443277
|switch|p2a: Braviary|Braviary, M|68/100
|switch|p1a: Dragapult|Dragapult, F|100/100
|
|upkeep
|turn|23
|inactive|victory_sakik has 120 seconds left.
|
|t:|1769443283
|move|p2a: Braviary|Brave Bird|p1a: Dragapult
|-damage|p1a: Dragapult|1/100
|-damage|p2a: Braviary|37/100|[from] Recoil
|move|p1a: Dragapult|Draco Meteor|p2a: Braviary
|-damage|p2a: Braviary|0 fnt
|-unboost|p1a: Dragapult|spa|2
|faint|p2a: Braviary
|
|upkeep
|
|t:|1769443287
|switch|p2a: Zamazenta|Zamazenta|13/100 tox
|turn|24
|
|t:|1769443290
|move|p1a: Dragapult|Draco Meteor|p2a: Zamazenta
|-damage|p2a: Zamazenta|0 fnt
|-unboost|p1a: Dragapult|spa|2
|faint|p2a: Zamazenta
|
|upkeep
|
|t:|1769443293
|switch|p2a: Goodra|Goodra-Hisui, F|13/100
|turn|25
|
|t:|1769443296
|-terastallize|p2a: Goodra|Fairy
|move|p1a: Dragapult|Draco Meteor|p2a: Goodra
|-immune|p2a: Goodra
|move|p2a: Goodra|Rest|p2a: Goodra
|-status|p2a: Goodra|slp|[from] move: Rest
|-heal|p2a: Goodra|100/100 slp|[silent]
|
|upkeep
|turn|26
|
|t:|1769443300
|switch|p1a: Kingambit|Kingambit, M, tera:Dark|65/100
|-activate|p1a: Kingambit|ability: Supreme Overlord
|-start|p1a: Kingambit|fallen2|[silent]
|cant|p2a: Goodra|slp
|
|upkeep
|turn|27
|
|t:|1769443302
|cant|p2a: Goodra|slp
|move|p1a: Kingambit|Iron Head|p2a: Goodra
|-supereffective|p2a: Goodra
|-damage|p2a: Goodra|0 fnt
|-ability|p2a: Goodra|Gooey
|-unboost|p1a: Kingambit|spe|1
|faint|p2a: Goodra
|
|win|fart0s
|raw|fart0s's rating: 1440 &rarr; <strong>1458</strong><br />(+18 for winning)
|raw|victory_sakik's rating: 1413 &rarr; <strong>1395</strong><br />(-18 for losing)
|l|☆victory_sakik
|player|p2|
|l|☆fart0s
|player|p1|
