|j|☆Synergistic soul
|j|☆suaiaj
|t:|1769383147
|gametype|singles
|player|p1|Synergistic soul|gentleman-gen1|1589
|player|p2|suaiaj|wallace|1578
|gen|9
|tier|[Gen 9] OU
|rated|
|rule|HP Percentage Mod: HP is shown in percentages
|rule|Endless Battle Clause: Forcing endless battles is banned
|rule|Species Clause: Limit one of each Pokémon
|rule|OHKO Clause: OHKO moves are banned
|rule|Evasion Items Clause: Evasion items are banned
|rule|Evasion Moves Clause: Evasion moves are banned
|rule|Evasion Abilities Clause: Evasion abilities are banned
|rule|Sleep Moves Clause: Sleep-inducing moves are banned
|clearpoke
|poke|p1|Frosmoth, M|
|poke|p1|Cinccino, M|
|poke|p1|Incineroar, M|
|poke|p1|Weezing-Galar, F|
|poke|p1|Sinistcha|
|poke|p1|Alomomola, M|
|poke|p2|Tyranitar, F|
|poke|p2|Gholdengo|
|poke|p2|Sandy Shocks|
|poke|p2|Kyurem|
|poke|p2|Landorus-Therian, M|
|poke|p2|Hatterene, F|
|teampreview
|inactive|Battle timer is ON: inactive players will automatically lose when time's up. (requested by Synergistic soul)
|
|t:|1769383169
|teamsize|p1|6
|teamsize|p2|6
|start
|switch|p1a: Incineroar|Incineroar, M|100/100
|switch|p2a: Tyranitar|Tyranitar, F|100/100
|-weather|Sandstorm|[from] ability: Sand Stream|[of] p2a: Tyranitar
|-ability|p1a: Incineroar|Intimidate|boost
|-unboost|p2a: Tyranitar|atk|1
|turn|1
|
|t:|1769383177
|move|p2a: Tyranitar|Stone Edge|p1a: Incineroar
|-supereffective|p1a: Incineroar
|-damage|p1a: Incineroar|21/100
|move|p1a: Incineroar|Will-O-Wisp|p2a: Tyranitar
|-status|p2a: Tyranitar|brn
|
|-weather|Sandstorm|[upkeep]
|-damage|p1a: Incineroar|15/100|[from] Sandstorm
|-damage|p2a: Tyranitar|94/100 brn|[from] brn
|upkeep
|turn|2
|
|t:|1769383185
|switch|p2a: Sandy Shocks|Sandy Shocks|100/100
|-enditem|p2a: Sandy Shocks|Booster Energy
|-activate|p2a: Sandy Shocks|ability: Protosynthesis|[fromitem]
|-start|p2a: Sandy Shocks|protosynthesisspe
|switch|p1a: Alomomola|Alomomola, M|100/100
|
|-weather|Sandstorm|[upkeep]
|-damage|p1a: Alomomola|94/100|[from] Sandstorm
|upkeep
|turn|3
|
|t:|1769383191
|move|p2a: Sandy Shocks|Stealth Rock|p1a: Alomomola
|-sidestart|p1: Synergistic soul|move: Stealth Rock
|move|p1a: Alomomola|Wish|p1a: Alomomola
|
|-weather|Sandstorm|[upkeep]
|-damage|p1a: Alomomola|88/100|[from] Sandstorm
|upkeep
|turn|4
|
|t:|1769383196
|move|p2a: Sandy Shocks|Discharge|p1a: Alomomola
|-supereffective|p1a: Alomomola
|-crit|p1a: Alomomola
|-damage|p1a: Alomomola|0 fnt
|faint|p1a: Alomomola
|
|-weather|Sandstorm|[upkeep]
|upkeep
|c|☆Synergistic soul|i clicked mirror coat
|inactive|Synergistic soul has 120 seconds left.
|
|t:|1769383234
|switch|p1a: Cinccino|Cinccino, M|100/100
|-damage|p1a: Cinccino|88/100|[from] Stealth Rock
|turn|5
|
|t:|1769383246
|move|p2a: Sandy Shocks|Discharge|p1a: Cinccino
|-damage|p1a: Cinccino|22/100
|move|p1a: Cinccino|Tidy Up|p1a: Cinccino
|-sideend|p1: Synergistic soul|Stealth Rock
|-activate|p1a: Cinccino|move: Tidy Up
|-boost|p1a: Cinccino|atk|1
|-boost|p1a: Cinccino|spe|1
|
|-weather|none
|upkeep
|turn|6
|
|t:|1769383257
|-end|p2a: Sandy Shocks|Protosynthesis|[silent]
|switch|p2a: Tyranitar|Tyranitar, F|94/100 brn
|-weather|Sandstorm|[from] ability: Sand Stream|[of] p2a: Tyranitar
|move|p1a: Cinccino|Triple Axel|p2a: Tyranitar|[miss]
|-miss|p1a: Cinccino|p2a: Tyranitar
|
|-weather|Sandstorm|[upkeep]
|-damage|p1a: Cinccino|16/100|[from] Sandstorm
|-damage|p2a: Tyranitar|88/100 brn|[from] brn
|upkeep
|turn|7
|
|t:|1769383272
|switch|p1a: Sinistcha|Sinistcha|100/100
|move|p2a: Tyranitar|Knock Off|p1a: Sinistcha
|-supereffective|p1a: Sinistcha
|-enditem|p1a: Sinistcha|Colbur Berry|[eat]
|-enditem|p1a: Sinistcha|Colbur Berry|[weaken]
|-damage|p1a: Sinistcha|73/100
|
|-weather|Sandstorm|[upkeep]
|-damage|p1a: Sinistcha|67/100|[from] Sandstorm
|-damage|p2a: Tyranitar|82/100 brn|[from] brn
|upkeep
|turn|8
|
|t:|1769383281
|switch|p2a: Gholdengo|Gholdengo|100/100
|-item|p2a: Gholdengo|Air Balloon
|move|p1a: Sinistcha|Calm Mind|p1a: Sinistcha
|-boost|p1a: Sinistcha|spa|1
|-boost|p1a: Sinistcha|spd|1
|
|-weather|Sandstorm|[upkeep]
|-damage|p1a: Sinistcha|61/100|[from] Sandstorm
|upkeep
|turn|9
|
|t:|1769383291
|switch|p1a: Frosmoth|Frosmoth, M|100/100
|move|p2a: Gholdengo|Thunder Wave|p1a: Frosmoth
|-status|p1a: Frosmoth|par
|
|-weather|Sandstorm|[upkeep]
|-damage|p1a: Frosmoth|94/100 par|[from] Sandstorm
|-heal|p1a: Frosmoth|100/100 par|[from] item: Leftovers
|upkeep
|turn|10
|
|t:|1769383295
|move|p2a: Gholdengo|Hex|p1a: Frosmoth
|-damage|p1a: Frosmoth|77/100 par
|move|p1a: Frosmoth|Quiver Dance|p1a: Frosmoth
|-boost|p1a: Frosmoth|spa|1
|-boost|p1a: Frosmoth|spd|1
|-boost|p1a: Frosmoth|spe|1
|
|-weather|none
|-heal|p1a: Frosmoth|83/100 par|[from] item: Leftovers
|upkeep
|turn|11
|
|t:|1769383298
|switch|p2a: Tyranitar|Tyranitar, F|82/100 brn
|-weather|Sandstorm|[from] ability: Sand Stream|[of] p2a: Tyranitar
|move|p1a: Frosmoth|Substitute|p1a: Frosmoth
|-start|p1a: Frosmoth|Substitute
|-damage|p1a: Frosmoth|58/100 par
|
|-weather|Sandstorm|[upkeep]
|-damage|p1a: Frosmoth|52/100 par|[from] Sandstorm
|-heal|p1a: Frosmoth|58/100 par|[from] item: Leftovers
|-damage|p2a: Tyranitar|76/100 brn|[from] brn
|upkeep
|turn|12
|
|t:|1769383302
|move|p2a: Tyranitar|Fire Punch|p1a: Frosmoth
|-supereffective|p1a: Frosmoth
|-end|p1a: Frosmoth|Substitute
|move|p1a: Frosmoth|Ice Beam|p2a: Tyranitar
|-damage|p2a: Tyranitar|41/100 brn
|
|-weather|Sandstorm|[upkeep]
|-damage|p1a: Frosmoth|52/100 par|[from] Sandstorm
|-heal|p1a: Frosmoth|58/100 par|[from] item: Leftovers
|-damage|p2a: Tyranitar|35/100 brn|[from] brn
|upkeep
|turn|13
|
|t:|1769383306
|switch|p1a: Weezing|Weezing-Galar, F|100/100
|-ability|p1a: Weezing|Neutralizing Gas
|move|p2a: Tyranitar|Fire Punch|p1a: Weezing
|-damage|p1a: Weezing|87/100
|
|-weather|Sandstorm|[upkeep]
|-damage|p1a: Weezing|81/100|[from] Sandstorm
|-damage|p2a: Tyranitar|29/100 brn|[from] brn
|upkeep
|turn|14
|
|t:|1769383313
|move|p2a: Tyranitar|Fire Punch|p1a: Weezing
|-damage|p1a: Weezing|67/100
|move|p1a: Weezing|Strange Steam|p2a: Tyranitar
|-supereffective|p2a: Tyranitar
|-damage|p2a: Tyranitar|0 fnt
|faint|p2a: Tyranitar
|
|-weather|Sandstorm|[upkeep]
|-damage|p1a: Weezing|61/100|[from] Sandstorm
|upkeep
|
|t:|1769383316
|switch|p2a: Sandy Shocks|Sandy Shocks|100/100
|turn|15
|
|t:|1769383318
|move|p2a: Sandy Shocks|Stealth Rock|p1a: Weezing
|-sidestart|p1: Synergistic soul|move: Stealth Rock
|move|p1a: Weezing|Pain Split|p2a: Sandy Shocks
|-sethp|p2a: Sandy Shocks|82/100|[from] move: Pain Split|[silent]
|-sethp|p1a: Weezing|79/100|[from] move: Pain Split
|
|-weather|none
|upkeep
|turn|16
|
|t:|1769383329
|move|p2a: Sandy Shocks|Earth Power|p1a: Weezing
|-supereffective|p1a: Weezing
|-enditem|p1a: Weezing|Shuca Berry|[eat]
|-enditem|p1a: Weezing|Shuca Berry|[weaken]
|-damage|p1a: Weezing|17/100
|move|p1a: Weezing|Defog|p2a: Sandy Shocks
|-unboost|p2a: Sandy Shocks|evasion|1
|-sideend|p1: Synergistic soul|Stealth Rock|[from] move: Defog|[of] p1a: Weezing
|
|upkeep
|turn|17
|
|t:|1769383335
|move|p2a: Sandy Shocks|Stealth Rock|p1a: Weezing
|-sidestart|p1: Synergistic soul|move: Stealth Rock
|move|p1a: Weezing|Defog|p2a: Sandy Shocks
|-unboost|p2a: Sandy Shocks|evasion|1
|-sideend|p1: Synergistic soul|Stealth Rock|[from] move: Defog|[of] p1a: Weezing
|
|upkeep
|turn|18
|
|t:|1769383342
|move|p2a: Sandy Shocks|Stealth Rock|p1a: Weezing
|-sidestart|p1: Synergistic soul|move: Stealth Rock
|move|p1a: Weezing|Toxic|p2a: Sandy Shocks
|-status|p2a: Sandy Shocks|tox
|
|-damage|p2a: Sandy Shocks|75/100 tox|[from] psn
|upkeep
|turn|19
|
|t:|1769383346
|move|p2a: Sandy Shocks|Earth Power|p1a: Weezing
|-supereffective|p1a: Weezing
|-damage|p1a: Weezing|0 fnt
|faint|p1a: Weezing
|-end|p1a: Weezing|ability: Neutralizing Gas
|
|-damage|p2a: Sandy Shocks|63/100 tox|[from] psn
|upkeep
|
|t:|1769383349
|switch|p1a: Cinccino|Cinccino, M|16/100
|-damage|p1a: Cinccino|4/100|[from] Stealth Rock
|turn|20
|
|t:|1769383358
|move|p1a: Cinccino|Triple Axel|p2a: Sandy Shocks
|-supereffective|p2a: Sandy Shocks
|-damage|p2a: Sandy Shocks|43/100 tox
|-supereffective|p2a: Sandy Shocks
|-damage|p2a: Sandy Shocks|7/100 tox
|-supereffective|p2a: Sandy Shocks
|-damage|p2a: Sandy Shocks|0 fnt
|faint|p2a: Sandy Shocks
|-end|p2a: Sandy Shocks|Protosynthesis|[silent]
|-hitcount|p2: Sandy Shocks|3
|
|upkeep
|
|t:|1769383363
|switch|p2a: Landorus|Landorus-Therian, M|100/100
|-ability|p2a: Landorus|Intimidate|boost
|-unboost|p1a: Cinccino|atk|1
|turn|21
|
|t:|1769383365
|move|p2a: Landorus|U-turn|p1a: Cinccino
|-damage|p1a: Cinccino|0 fnt
|faint|p1a: Cinccino
|
|t:|1769383370
|switch|p2a: Hatterene|Hatterene, F|100/100|[from] U-turn
|
|upkeep
|
|t:|1769383373
|switch|p1a: Incineroar|Incineroar, M|15/100
|-ability|p1a: Incineroar|Intimidate|boost
|-unboost|p2a: Hatterene|atk|1
|turn|22
|
|t:|1769383379
|move|p1a: Incineroar|Knock Off|p2a: Hatterene
|-damage|p2a: Hatterene|57/100
|-enditem|p2a: Hatterene|Assault Vest|[from] move: Knock Off|[of] p1a: Incineroar
|move|p2a: Hatterene|Dazzling Gleam|p1a: Incineroar
|-damage|p1a: Incineroar|0 fnt
|faint|p1a: Incineroar
|
|upkeep
|
|t:|1769383387
|switch|p1a: Frosmoth|Frosmoth, M|58/100 par
|-damage|p1a: Frosmoth|8/100 par|[from] Stealth Rock
|turn|23
|
|t:|1769383390
|move|p2a: Hatterene|Mystical Fire|p1a: Frosmoth
|-supereffective|p1a: Frosmoth
|-damage|p1a: Frosmoth|0 fnt
|faint|p1a: Frosmoth
|
|upkeep
|
|t:|1769383391
|switch|p1a: Sinistcha|Sinistcha|61/100
|-damage|p1a: Sinistcha|49/100|[from] Stealth Rock
|turn|24
|
|t:|1769383395
|move|p1a: Sinistcha|Calm Mind|p1a: Sinistcha
|-boost|p1a: Sinistcha|spa|1
|-boost|p1a: Sinistcha|spd|1
|move|p2a: Hatterene|Nuzzle|p1a: Sinistcha
|-resisted|p1a: Sinistcha
|-damage|p1a: Sinistcha|48/100
|-status|p1a: Sinistcha|par
|
|upkeep
|turn|25
|
|t:|1769383398
|move|p2a: Hatterene|Mystical Fire|p1a: Sinistcha
|-supereffective|p1a: Sinistcha
|-damage|p1a: Sinistcha|27/100 par
|-unboost|p1a: Sinistcha|spa|1
|move|p1a: Sinistcha|Strength Sap|p2a: Hatterene
|move|p2a: Hatterene|Strength Sap|p1a: Sinistcha|[from] ability: Magic Bounce
|-unboost|p1a: Sinistcha|atk|1
|-heal|p2a: Hatterene|94/100
|
|upkeep
|turn|26
|-message|Synergistic soul forfeited.
|
|win|suaiaj
|raw|Synergistic soul's rating: 1589 &rarr; <strong>1568</strong><br />(-21 for losing)
|raw|suaiaj's rating: 1578 &rarr; <strong>1599</strong><br />(+21 for winning)
|l|☆Synergistic soul
|player|p1|
|l|☆suaiaj
|player|p2|
