|j|☆kevinsuw
|j|☆ayush6984
|t:|1769442706
|gametype|singles
|player|p1|kevinsuw|266|1360
|player|p2|ayush6984|102|1306
|gen|9
|tier|[Gen 9] OU
|rated|
|rule|HP Percentage Mod: HP is shown in percentages
|rule|Endless Battle Clause: Forcing endless battles is banned
|rule|Species Clause: Limit one of each Pokémon
|rule|OHKO Clause: OHKO moves are banned
|rule|Evasion Items Clause: Evasion items are banned
|rule|Evasion Moves Clause: Evasion moves are banned
|rule|Evasion Abilities Clause: Evasion abilities are banned
|rule|Sleep Moves Clause: Sleep-inducing moves are banned
|clearpoke
|poke|p1|Slowking-Galar, M|
|poke|p1|Tornadus-Therian, M|
|poke|p1|Hydrapple, M|
|poke|p1|Mienshao, M|
|poke|p1|Klawf, M|
|poke|p1|Slowbro, M|
|poke|p2|Gholdengo|
|poke|p2|Ogerpon, F|
|poke|p2|Rillaboom, M|
|poke|p2|Samurott-Hisui, F|
|poke|p2|Glimmora, M|
|poke|p2|Raging Bolt|
|teampreview
|
|t:|1769442713
|teamsize|p1|6
|teamsize|p2|6
|start
|switch|p1a: Klawf|Klawf, M|100/100
|switch|p2a: Ogerpon|Ogerpon, F|100/100
|turn|1
|inactive|Battle timer is ON: inactive players will automatically lose when time's up. (requested by ayush6984)
|
|t:|1769442743
|move|p2a: Ogerpon|Ivy Cudgel|p1a: Klawf
|-supereffective|p1a: Klawf
|-damage|p1a: Klawf|0 fnt
|faint|p1a: Klawf
|
|upkeep
|
|t:|1769442750
|switch|p1a: Tornadus|Tornadus-Therian, M|100/100
|turn|2
|
|t:|1769442757
|switch|p2a: Glimmora|Glimmora, M|100/100
|move|p1a: Tornadus|U-turn|p2a: Glimmora
|-resisted|p2a: Glimmora
|-damage|p2a: Glimmora|94/100
|-activate|p2a: Glimmora|ability: Toxic Debris
|-sidestart|p1: kevinsuw|move: Toxic Spikes
|-enditem|p2a: Glimmora|Red Card|[of] p1a: Tornadus
|drag|p1a: Slowbro|Slowbro, M|100/100
|-status|p1a: Slowbro|psn
|
|-damage|p1a: Slowbro|88/100 psn|[from] psn
|upkeep
|turn|3
|
|t:|1769442772
|move|p2a: Glimmora|Stealth Rock|p1a: Slowbro
|-sidestart|p1: kevinsuw|move: Stealth Rock
|move|p1a: Slowbro|Scald|p2a: Glimmora
|-supereffective|p2a: Glimmora
|-damage|p2a: Glimmora|50/100
|
|-damage|p1a: Slowbro|76/100 psn|[from] psn
|upkeep
|turn|4
|
|t:|1769442785
|switch|p2a: Rillaboom|Rillaboom, M|100/100
|-fieldstart|move: Grassy Terrain|[from] ability: Grassy Surge|[of] p2a: Rillaboom
|move|p1a: Slowbro|Scald|p2a: Rillaboom
|-resisted|p2a: Rillaboom
|-crit|p2a: Rillaboom
|-damage|p2a: Rillaboom|72/100
|
|-heal|p2a: Rillaboom|79/100|[from] Grassy Terrain
|-heal|p1a: Slowbro|82/100 psn|[from] Grassy Terrain
|-damage|p1a: Slowbro|69/100 psn|[from] psn
|upkeep
|turn|5
|inactive|kevinsuw has 120 seconds left.
|inactive|kevinsuw has 90 seconds left.
|
|t:|1769442851
|move|p2a: Rillaboom|Grassy Glide|p1a: Slowbro
|-supereffective|p1a: Slowbro
|-damage|p1a: Slowbro|4/100 psn
|-damage|p2a: Rillaboom|62/100|[from] item: Rocky Helmet|[of] p1a: Slowbro
|-damage|p2a: Rillaboom|52/100|[from] item: Life Orb
|move|p1a: Slowbro|Scald|p2a: Rillaboom
|-resisted|p2a: Rillaboom
|-damage|p2a: Rillaboom|33/100
|
|-heal|p2a: Rillaboom|39/100|[from] Grassy Terrain
|-heal|p1a: Slowbro|10/100 psn|[from] Grassy Terrain
|-damage|p1a: Slowbro|0 fnt|[from] psn
|faint|p1a: Slowbro
|upkeep
|
|t:|1769442865
|switch|p1a: Tornadus|Tornadus-Therian, M|100/100
|-damage|p1a: Tornadus|75/100|[from] Stealth Rock
|turn|6
|
|t:|1769442882
|switch|p2a: Glimmora|Glimmora, M|50/100
|move|p1a: Tornadus|Air Slash|p2a: Glimmora
|-resisted|p2a: Glimmora
|-damage|p2a: Glimmora|25/100
|
|-heal|p2a: Glimmora|32/100|[from] Grassy Terrain
|upkeep
|turn|7
|
|t:|1769442890
|-terastallize|p1a: Tornadus|Flying
|move|p1a: Tornadus|Air Slash|p2a: Glimmora
|-resisted|p2a: Glimmora
|-damage|p2a: Glimmora|3/100
|move|p2a: Glimmora|Power Gem|p1a: Tornadus
|-supereffective|p1a: Tornadus
|-damage|p1a: Tornadus|0 fnt
|faint|p1a: Tornadus
|
|-heal|p2a: Glimmora|9/100|[from] Grassy Terrain
|upkeep
|-message|kevinsuw forfeited.
|
|win|ayush6984
|raw|kevinsuw's rating: 1360 &rarr; <strong>1337</strong><br />(-23 for losing)
|raw|ayush6984's rating: 1306 &rarr; <strong>1329</strong><br />(+23 for winning)
|l|☆kevinsuw
|player|p1|
|l|☆ayush6984
|player|p2|
