|j|☆trash dz
|j|☆brigade loco
|t:|1769351683
|gametype|singles
|player|p1|trash dz|elesa|1409
|player|p2|brigade loco|2|1453
|gen|9
|tier|[Gen 9] OU
|rated|
|rule|HP Percentage Mod: HP is shown in percentages
|rule|Endless Battle Clause: Forcing endless battles is banned
|rule|Species Clause: Limit one of each Pokémon
|rule|OHKO Clause: OHKO moves are banned
|rule|Evasion Items Clause: Evasion items are banned
|rule|Evasion Moves Clause: Evasion moves are banned
|rule|Evasion Abilities Clause: Evasion abilities are banned
|rule|Sleep Moves Clause: Sleep-inducing moves are banned
|clearpoke
|poke|p1|Araquanid, M|
|poke|p1|Raging Bolt|
|poke|p1|Iron Moth|
|poke|p1|Great Tusk|
|poke|p1|Gholdengo|
|poke|p1|Kingambit, F|
|poke|p2|Great Tusk|
|poke|p2|Slowking, F|
|poke|p2|Skarmory, M|
|poke|p2|Muk-Alola, M|
|poke|p2|Cetitan, F|
|poke|p2|Electrode-Hisui|
|teampreview
|
|t:|1769351693
|teamsize|p1|6
|teamsize|p2|6
|start
|switch|p1a: Araquanid|Araquanid, M|100/100
|switch|p2a: Chairman|Electrode-Hisui|100/100
|turn|1
|
|t:|1769351703
|move|p2a: Chairman|Volt Switch|p1a: Araquanid
|-supereffective|p1a: Araquanid
|-damage|p1a: Araquanid|57/100
|
|t:|1769351723
|switch|p2a: Mf Doom|Muk-Alola, M, shiny|100/100|[from] Volt Switch
|move|p1a: Araquanid|Sticky Web|p2a: Mf Doom
|-sidestart|p2: brigade loco|move: Sticky Web
|
|upkeep
|turn|2
|
|t:|1769351732
|move|p2a: Mf Doom|Poison Jab|p1a: Araquanid
|-damage|p1a: Araquanid|32/100
|-status|p1a: Araquanid|psn|[from] ability: Poison Touch|[of] p2a: Mf Doom
|move|p1a: Araquanid|Liquidation|p2a: Mf Doom
|-damage|p2a: Mf Doom|53/100
|
|-heal|p2a: Mf Doom|59/100|[from] item: Leftovers
|-damage|p1a: Araquanid|19/100 psn|[from] psn
|upkeep
|turn|3
|-enditem|p1a: Araquanid|Custap Berry|[eat]
|-activate|p1a: Araquanid|item: Custap Berry|[consumed]
|
|t:|1769351740
|switch|p2a: Rite Birb|Skarmory, M|100/100
|move|p1a: Araquanid|Liquidation|p2a: Rite Birb
|-damage|p2a: Rite Birb|72/100
|-damage|p1a: Araquanid|3/100 psn|[from] item: Rocky Helmet|[of] p2a: Rite Birb
|
|-damage|p1a: Araquanid|0 fnt|[from] psn
|faint|p1a: Araquanid
|upkeep
|
|t:|1769351749
|switch|p1a: Iron Moth|Iron Moth|100/100
|-enditem|p1a: Iron Moth|Booster Energy
|-activate|p1a: Iron Moth|ability: Quark Drive|[fromitem]
|-start|p1a: Iron Moth|quarkdrivespa
|turn|4
|inactive|Battle timer is ON: inactive players will automatically lose when time's up. (requested by trash dz)
|
|t:|1769351813
|switch|p2a: Snac|Slowking, F, shiny|100/100
|-activate|p2a: Snac|move: Sticky Web
|-unboost|p2a: Snac|spe|1
|move|p1a: Iron Moth|Fiery Dance|p2a: Snac
|-resisted|p2a: Snac
|-damage|p2a: Snac|81/100
|-boost|p1a: Iron Moth|spa|1
|
|upkeep
|turn|5
|
|t:|1769351831
|move|p1a: Iron Moth|Sludge Wave|p2a: Snac
|-damage|p2a: Snac|8/100
|move|p2a: Snac|Future Sight|p1a: Iron Moth
|-start|p2a: Snac|move: Future Sight
|
|upkeep
|turn|6
|
|t:|1769351843
|switch|p2a: Mf Doom|Muk-Alola, M, shiny|59/100
|-activate|p2a: Mf Doom|move: Sticky Web
|-unboost|p2a: Mf Doom|spe|1
|move|p1a: Iron Moth|Fiery Dance|p2a: Mf Doom
|-damage|p2a: Mf Doom|6/100
|
|-heal|p2a: Mf Doom|12/100|[from] item: Leftovers
|upkeep
|turn|7
|
|t:|1769351854
|move|p1a: Iron Moth|Fiery Dance|p2a: Mf Doom
|-damage|p2a: Mf Doom|0 fnt
|faint|p2a: Mf Doom
|
|-end|p1a: Iron Moth|move: Future Sight
|-supereffective|p1a: Iron Moth
|-damage|p1a: Iron Moth|12/100
|upkeep
|inactive|brigade loco has 120 seconds left.
|
|t:|1769351894
|switch|p2a: Snac|Slowking, F, shiny|41/100
|-activate|p2a: Snac|move: Sticky Web
|-unboost|p2a: Snac|spe|1
|turn|8
|
|t:|1769351903
|switch|p2a: Rite Birb|Skarmory, M|72/100
|move|p1a: Iron Moth|Sludge Wave|p2a: Rite Birb
|-immune|p2a: Rite Birb
|
|upkeep
|turn|9
|
|t:|1769351908
|move|p1a: Iron Moth|Fiery Dance|p2a: Rite Birb
|-supereffective|p2a: Rite Birb
|-damage|p2a: Rite Birb|0 fnt
|-boost|p1a: Iron Moth|spa|1
|faint|p2a: Rite Birb
|
|upkeep
|inactive|brigade loco has 120 seconds left.
|
|t:|1769351927
|switch|p2a: Tankzilla|Cetitan, F, shiny|100/100
|-activate|p2a: Tankzilla|move: Sticky Web
|-unboost|p2a: Tankzilla|spe|1
|turn|10
|
|t:|1769351937
|move|p2a: Tankzilla|Ice Shard|p1a: Iron Moth
|-resisted|p1a: Iron Moth
|-damage|p1a: Iron Moth|0 fnt
|faint|p1a: Iron Moth
|-end|p1a: Iron Moth|Quark Drive|[silent]
|
|upkeep
|
|t:|1769351945
|switch|p1a: Great Tusk|Great Tusk|100/100
|-enditem|p1a: Great Tusk|Booster Energy
|-activate|p1a: Great Tusk|ability: Protosynthesis|[fromitem]
|-start|p1a: Great Tusk|protosynthesisatk
|turn|11
|
|t:|1769351953
|switch|p2a: El tusko|Great Tusk|100/100
|move|p1a: Great Tusk|Head Smash|p2a: El tusko
|-resisted|p2a: El tusko
|-damage|p2a: El tusko|89/100
|-damage|p1a: Great Tusk|95/100|[from] Recoil
|
|upkeep
|turn|12
|
|t:|1769351960
|move|p2a: El tusko|Rapid Spin|p1a: Great Tusk
|-damage|p1a: Great Tusk|82/100
|-boost|p2a: El tusko|spe|1
|-sideend|p2: brigade loco|Sticky Web|[from] move: Rapid Spin|[of] p2a: El tusko
|move|p1a: Great Tusk|Ice Spinner|p2a: El tusko
|-supereffective|p2a: El tusko
|-damage|p2a: El tusko|33/100
|
|upkeep
|turn|13
|
|t:|1769351967
|move|p2a: El tusko|Ice Spinner|p1a: Great Tusk
|-supereffective|p1a: Great Tusk
|-damage|p1a: Great Tusk|42/100
|move|p1a: Great Tusk|Ice Spinner|p2a: El tusko
|-supereffective|p2a: El tusko
|-damage|p2a: El tusko|0 fnt
|faint|p2a: El tusko
|-end|p2a: El tusko|Protosynthesis|[silent]
|
|upkeep
|
|t:|1769351972
|switch|p2a: Chairman|Electrode-Hisui|100/100
|turn|14
|
|t:|1769351986
|-end|p1a: Great Tusk|Protosynthesis|[silent]
|switch|p1a: Raging Bolt|Raging Bolt|100/100
|-enditem|p1a: Raging Bolt|Booster Energy
|-activate|p1a: Raging Bolt|ability: Protosynthesis|[fromitem]
|-start|p1a: Raging Bolt|protosynthesisspa
|move|p2a: Chairman|Leaf Storm|p1a: Raging Bolt
|-resisted|p1a: Raging Bolt
|-damage|p1a: Raging Bolt|77/100
|-unboost|p2a: Chairman|spa|2
|
|upkeep
|turn|15
|
|t:|1769352012
|move|p2a: Chairman|Volt Switch|p1a: Raging Bolt
|-resisted|p1a: Raging Bolt
|-damage|p1a: Raging Bolt|74/100
|
|t:|1769352014
|switch|p2a: Snac|Slowking, F, shiny|75/100|[from] Volt Switch
|move|p1a: Raging Bolt|Dragon Pulse|p2a: Snac
|-damage|p2a: Snac|30/100
|
|upkeep
|turn|16
|
|t:|1769352028
|move|p1a: Raging Bolt|Dragon Pulse|p2a: Snac
|-damage|p2a: Snac|0 fnt
|faint|p2a: Snac
|
|upkeep
|
|t:|1769352032
|switch|p2a: Tankzilla|Cetitan, F, shiny|100/100
|turn|17
|
|t:|1769352050
|-terastallize|p1a: Raging Bolt|Bug
|move|p2a: Tankzilla|Belly Drum|p2a: Tankzilla
|-damage|p2a: Tankzilla|50/100
|-setboost|p2a: Tankzilla|atk|6|[from] move: Belly Drum
|-enditem|p2a: Tankzilla|Sitrus Berry|[eat]
|-heal|p2a: Tankzilla|75/100|[from] item: Sitrus Berry
|move|p1a: Raging Bolt|Thunderbolt|p2a: Tankzilla
|-damage|p2a: Tankzilla|2/100
|
|upkeep
|turn|18
|
|t:|1769352063
|move|p2a: Tankzilla|Ice Shard|p1a: Raging Bolt
|-damage|p1a: Raging Bolt|3/100
|move|p1a: Raging Bolt|Thunderbolt|p2a: Tankzilla
|-damage|p2a: Tankzilla|0 fnt
|faint|p2a: Tankzilla
|
|upkeep
|
|t:|1769352070
|switch|p2a: Chairman|Electrode-Hisui|100/100
|turn|19
|
|t:|1769352077
|move|p1a: Raging Bolt|Thunderclap|p2a: Chairman
|-resisted|p2a: Chairman
|-damage|p2a: Chairman|81/100
|move|p2a: Chairman|Volt Switch|p1a: Raging Bolt
|-damage|p1a: Raging Bolt|0 fnt
|faint|p1a: Raging Bolt
|-end|p1a: Raging Bolt|Protosynthesis|[silent]
|
|upkeep
|
|t:|1769352082
|switch|p1a: Gholdengo|Gholdengo|100/100
|-item|p1a: Gholdengo|Air Balloon
|turn|20
|
|t:|1769352094
|-terastallize|p2a: Chairman|Fire
|move|p2a: Chairman|Tera Blast|p1a: Gholdengo|[anim] Tera Blast Fire
|-supereffective|p1a: Gholdengo
|-damage|p1a: Gholdengo|18/100
|-enditem|p1a: Gholdengo|Air Balloon
|move|p1a: Gholdengo|Shadow Ball|p2a: Chairman
|-damage|p2a: Chairman|13/100
|
|upkeep
|turn|21
|
|t:|1769352103
|move|p2a: Chairman|Tera Blast|p1a: Gholdengo|[anim] Tera Blast Fire
|-supereffective|p1a: Gholdengo
|-damage|p1a: Gholdengo|0 fnt
|faint|p1a: Gholdengo
|
|upkeep
|
|t:|1769352106
|switch|p1a: Kingambit|Kingambit, F|100/100
|-activate|p1a: Kingambit|ability: Supreme Overlord
|-start|p1a: Kingambit|fallen4|[silent]
|turn|22
|
|t:|1769352110
|move|p1a: Kingambit|Sucker Punch||[still]
|-fail|p1a: Kingambit
|move|p2a: Chairman|Taunt|p1a: Kingambit
|-start|p1a: Kingambit|move: Taunt
|
|upkeep
|turn|23
|
|t:|1769352114
|move|p1a: Kingambit|Sucker Punch||[still]
|-fail|p1a: Kingambit
|move|p2a: Chairman|Taunt||[still]
|-fail|p2a: Chairman
|
|upkeep
|turn|24
|
|t:|1769352117
|move|p1a: Kingambit|Sucker Punch||[still]
|-fail|p1a: Kingambit
|move|p2a: Chairman|Taunt||[still]
|-fail|p2a: Chairman
|
|upkeep
|turn|25
|
|t:|1769352119
|move|p1a: Kingambit|Sucker Punch||[still]
|-fail|p1a: Kingambit
|move|p2a: Chairman|Taunt||[still]
|-fail|p2a: Chairman
|
|-end|p1a: Kingambit|move: Taunt
|upkeep
|turn|26
|
|t:|1769352124
|move|p1a: Kingambit|Sucker Punch|p2a: Chairman
|-damage|p2a: Chairman|0 fnt
|-damage|p1a: Kingambit|76/100|[from] ability: Aftermath|[of] p2a: Chairman
|faint|p2a: Chairman
|
|win|trash dz
|raw|trash dz's rating: 1409 &rarr; <strong>1432</strong><br />(+23 for winning)
|raw|brigade loco's rating: 1453 &rarr; <strong>1430</strong><br />(-23 for losing)
|l|☆brigade loco
|player|p2|
