|j|☆ingw
|j|☆my password broke
|t:|1769332250
|gametype|singles
|player|p1|ingw|101|1372
|player|p2|my password broke|clown|1453
|gen|9
|tier|[Gen 9] OU
|rated|
|rule|HP Percentage Mod: HP is shown in percentages
|rule|Endless Battle Clause: Forcing endless battles is banned
|rule|Species Clause: Limit one of each Pokémon
|rule|OHKO Clause: OHKO moves are banned
|rule|Evasion Items Clause: Evasion items are banned
|rule|Evasion Moves Clause: Evasion moves are banned
|rule|Evasion Abilities Clause: Evasion abilities are banned
|rule|Sleep Moves Clause: Sleep-inducing moves are banned
|clearpoke
|poke|p1|Torkoal, F|
|poke|p1|Lilligant-Hisui, F|
|poke|p1|Walking Wake|
|poke|p1|Great Tusk|
|poke|p1|Hoopa-Unbound|
|poke|p1|Glimmora, M|
|poke|p2|Iron Valiant|
|poke|p2|Excadrill, M|
|poke|p2|Tyranitar, M|
|poke|p2|Tornadus-Therian, M|
|poke|p2|Ogerpon-Cornerstone, F|
|poke|p2|Toxapex, M|
|teampreview
|inactive|Battle timer is ON: inactive players will automatically lose when time's up. (requested by ingw)
|
|t:|1769332271
|teamsize|p1|6
|teamsize|p2|6
|start
|switch|p1a: Walking Wake|Walking Wake|100/100
|switch|p2a: Excadrill|Excadrill, M, shiny|100/100
|turn|1
|
|t:|1769332282
|switch|p2a: Toxapex|Toxapex, M, shiny|100/100
|move|p1a: Walking Wake|Hydro Steam|p2a: Toxapex
|-resisted|p2a: Toxapex
|-damage|p2a: Toxapex|78/100
|-enditem|p2a: Toxapex|Eject Button
|inactive|my password broke has 120 seconds left.
|
|t:|1769332318
|switch|p2a: Iron Valiant|Iron Valiant, shiny|100/100
|
|upkeep
|turn|2
|inactive|my password broke has 120 seconds left.
|
|t:|1769332356
|-end|p1a: Walking Wake|Protosynthesis|[silent]
|switch|p1a: Torkoal|Torkoal, F|100/100
|-weather|SunnyDay|[from] ability: Drought|[of] p1a: Torkoal
|move|p2a: Iron Valiant|Shadow Ball|p1a: Torkoal
|-damage|p1a: Torkoal|59/100
|
|-weather|SunnyDay|[upkeep]
|upkeep
|turn|3
|inactive|my password broke has 90 seconds left.
|inactive|my password broke has 60 seconds left.
|
|t:|1769332406
|-terastallize|p2a: Iron Valiant|Ghost
|move|p2a: Iron Valiant|Shadow Ball|p1a: Torkoal
|-damage|p1a: Torkoal|5/100
|move|p1a: Torkoal|Weather Ball|p2a: Iron Valiant
|-damage|p2a: Iron Valiant|16/100
|
|-weather|SunnyDay|[upkeep]
|upkeep
|turn|4
|inactive|my password broke has 60 seconds left.
|
|t:|1769332431
|switch|p1a: Hoopa|Hoopa-Unbound|100/100
|move|p2a: Iron Valiant|Shadow Ball|p1a: Hoopa
|-damage|p1a: Hoopa|58/100
|-unboost|p1a: Hoopa|spd|1
|
|-weather|SunnyDay|[upkeep]
|upkeep
|turn|5
|
|t:|1769332445
|switch|p1a: Great Tusk|Great Tusk|100/100
|-activate|p1a: Great Tusk|ability: Protosynthesis
|-start|p1a: Great Tusk|protosynthesisdef
|move|p2a: Iron Valiant|Shadow Ball|p1a: Great Tusk
|-damage|p1a: Great Tusk|20/100
|
|-weather|SunnyDay|[upkeep]
|upkeep
|turn|6
|
|t:|1769332461
|move|p2a: Iron Valiant|Shadow Ball|p1a: Great Tusk
|-damage|p1a: Great Tusk|0 fnt
|faint|p1a: Great Tusk
|-end|p1a: Great Tusk|Protosynthesis|[silent]
|
|-weather|SunnyDay|[upkeep]
|upkeep
|
|t:|1769332463
|switch|p1a: Lilligant|Lilligant-Hisui, F, shiny|100/100
|turn|7
|
|t:|1769332467
|-end|p2a: Iron Valiant|Quark Drive|[silent]
|switch|p2a: Toxapex|Toxapex, M, shiny|100/100
|move|p1a: Lilligant|Solar Blade||[still]
|-prepare|p1a: Lilligant|Solar Blade
|-anim|p1a: Lilligant|Solar Blade|p2a: Toxapex
|-damage|p2a: Toxapex|59/100
|
|-weather|SunnyDay|[upkeep]
|upkeep
|turn|8
|
|t:|1769332475
|move|p1a: Lilligant|Solar Blade||[still]
|-prepare|p1a: Lilligant|Solar Blade
|-anim|p1a: Lilligant|Solar Blade|p2a: Toxapex
|-damage|p2a: Toxapex|15/100
|move|p2a: Toxapex|Toxic Spikes|p1a: Lilligant
|-sidestart|p1: ingw|move: Toxic Spikes
|
|-weather|SunnyDay|[upkeep]
|upkeep
|turn|9
|
|t:|1769332483
|switch|p2a: Tornadus|Tornadus-Therian, M, shiny|100/100
|move|p1a: Lilligant|Solar Blade||[still]
|-prepare|p1a: Lilligant|Solar Blade
|-anim|p1a: Lilligant|Solar Blade|p2a: Tornadus
|-resisted|p2a: Tornadus
|-damage|p2a: Tornadus|60/100
|
|-weather|none
|upkeep
|turn|10
|
|t:|1769332499
|switch|p1a: Torkoal|Torkoal, F|5/100
|-status|p1a: Torkoal|psn
|-weather|SunnyDay|[from] ability: Drought|[of] p1a: Torkoal
|move|p2a: Tornadus|Bleakwind Storm|p1a: Torkoal
|-damage|p1a: Torkoal|0 fnt
|faint|p1a: Torkoal
|
|-weather|SunnyDay|[upkeep]
|upkeep
|inactive|ingw has 120 seconds left.
|
|t:|1769332530
|switch|p1a: Glimmora|Glimmora, M|100/100
|-sideend|p1: ingw|move: Toxic Spikes|[of] p1a: Glimmora
|turn|11
|
|t:|1769332540
|switch|p2a: Tyranitar|Tyranitar, M, shiny|100/100
|-weather|Sandstorm|[from] ability: Sand Stream|[of] p2a: Tyranitar
|move|p1a: Glimmora|Meteor Beam||[still]
|-prepare|p1a: Glimmora|Meteor Beam
|-boost|p1a: Glimmora|spa|1
|-enditem|p1a: Glimmora|Power Herb
|-anim|p1a: Glimmora|Meteor Beam|p2a: Tyranitar
|-damage|p2a: Tyranitar|38/100
|
|-weather|Sandstorm|[upkeep]
|upkeep
|turn|12
|
|t:|1769332554
|move|p1a: Glimmora|Earth Power|p2a: Tyranitar
|-supereffective|p2a: Tyranitar
|-damage|p2a: Tyranitar|0 fnt
|faint|p2a: Tyranitar
|
|-weather|Sandstorm|[upkeep]
|upkeep
|
|t:|1769332559
|switch|p2a: Excadrill|Excadrill, M, shiny|100/100
|turn|13
|inactive|ingw has 120 seconds left.
|
|t:|1769332613
|switch|p1a: Hoopa|Hoopa-Unbound|58/100
|move|p2a: Excadrill|Earthquake|p1a: Hoopa
|-damage|p1a: Hoopa|0 fnt
|faint|p1a: Hoopa
|
|-weather|Sandstorm|[upkeep]
|upkeep
|
|t:|1769332623
|switch|p1a: Walking Wake|Walking Wake|100/100
|turn|14
|
|t:|1769332631
|switch|p2a: Toxapex|Toxapex, M, shiny|49/100
|move|p1a: Walking Wake|Hydro Steam|p2a: Toxapex
|-resisted|p2a: Toxapex
|-damage|p2a: Toxapex|28/100
|
|-weather|Sandstorm|[upkeep]
|-damage|p1a: Walking Wake|94/100|[from] Sandstorm
|-damage|p2a: Toxapex|22/100|[from] Sandstorm
|upkeep
|turn|15
|
|t:|1769332640
|move|p1a: Walking Wake|Hydro Steam|p2a: Toxapex
|-resisted|p2a: Toxapex
|-damage|p2a: Toxapex|3/100
|move|p2a: Toxapex|Recover|p2a: Toxapex
|-heal|p2a: Toxapex|53/100
|
|-weather|Sandstorm|[upkeep]
|-damage|p1a: Walking Wake|88/100|[from] Sandstorm
|-damage|p2a: Toxapex|47/100|[from] Sandstorm
|upkeep
|turn|16
|inactive|ingw has 120 seconds left.
|
|t:|1769332647
|move|p1a: Walking Wake|Hydro Steam|p2a: Toxapex
|-resisted|p2a: Toxapex
|-damage|p2a: Toxapex|25/100
|move|p2a: Toxapex|Recover|p2a: Toxapex
|-heal|p2a: Toxapex|75/100
|
|-weather|Sandstorm|[upkeep]
|-damage|p1a: Walking Wake|82/100|[from] Sandstorm
|-damage|p2a: Toxapex|69/100|[from] Sandstorm
|upkeep
|turn|17
|
|t:|1769332652
|-end|p1a: Walking Wake|Protosynthesis|[silent]
|switch|p1a: Glimmora|Glimmora, M|100/100
|move|p2a: Toxapex|Toxic|p1a: Glimmora
|-immune|p1a: Glimmora
|
|-weather|Sandstorm|[upkeep]
|-damage|p2a: Toxapex|64/100|[from] Sandstorm
|upkeep
|turn|18
|inactive|my password broke has 120 seconds left.
|
|t:|1769332671
|switch|p2a: Tornadus|Tornadus-Therian, M, shiny|93/100
|move|p1a: Glimmora|Meteor Beam||[still]
|-prepare|p1a: Glimmora|Meteor Beam
|-boost|p1a: Glimmora|spa|1
|
|-weather|none
|upkeep
|turn|19
|inactive|my password broke has 120 seconds left.
|
|t:|1769332679
|switch|p2a: Toxapex|Toxapex, M, shiny|97/100
|move|p1a: Glimmora|Meteor Beam|p2a: Toxapex|[from] lockedmove
|-damage|p2a: Toxapex|32/100
|
|upkeep
|turn|20
|
|t:|1769332688
|switch|p2a: Tornadus|Tornadus-Therian, M, shiny|100/100
|move|p1a: Glimmora|Earth Power|p2a: Tornadus
|-immune|p2a: Tornadus
|
|upkeep
|turn|21
|
|t:|1769332703
|move|p2a: Tornadus|Bleakwind Storm|p1a: Glimmora
|-resisted|p1a: Glimmora
|-damage|p1a: Glimmora|52/100
|-unboost|p1a: Glimmora|spe|1
|move|p1a: Glimmora|Sludge Wave|p2a: Tornadus
|-damage|p2a: Tornadus|7/100
|
|upkeep
|turn|22
|
|t:|1769332710
|switch|p2a: Toxapex|Toxapex, M, shiny|66/100
|move|p1a: Glimmora|Spikes|p2a: Toxapex
|-sidestart|p2: my password broke|Spikes
|
|upkeep
|turn|23
|
|t:|1769332721
|switch|p2a: Tornadus|Tornadus-Therian, M, shiny|40/100
|move|p1a: Glimmora|Earth Power|p2a: Tornadus
|-immune|p2a: Tornadus
|
|upkeep
|turn|24
|
|t:|1769332728
|switch|p2a: Excadrill|Excadrill, M, shiny|100/100
|-damage|p2a: Excadrill|88/100|[from] Spikes
|move|p1a: Glimmora|Sludge Wave|p2a: Excadrill
|-immune|p2a: Excadrill
|
|-heal|p2a: Excadrill|94/100|[from] item: Leftovers
|upkeep
|turn|25
|
|t:|1769332739
|switch|p1a: Lilligant|Lilligant-Hisui, F, shiny|100/100
|move|p2a: Excadrill|Earthquake|p1a: Lilligant
|-resisted|p1a: Lilligant
|-damage|p1a: Lilligant|55/100
|
|-heal|p2a: Excadrill|99/100|[from] item: Leftovers
|upkeep
|turn|26
|
|t:|1769332754
|switch|p2a: Toxapex|Toxapex, M, shiny|99/100
|-damage|p2a: Toxapex|87/100|[from] Spikes
|move|p1a: Lilligant|Acrobatics|p2a: Toxapex
|-damage|p2a: Toxapex|74/100
|
|upkeep
|turn|27
|
|t:|1769332768
|switch|p1a: Glimmora|Glimmora, M|52/100
|move|p2a: Toxapex|Toxic Spikes|p1a: Glimmora
|-sidestart|p1: ingw|move: Toxic Spikes
|
|upkeep
|turn|28
|
|t:|1769332783
|switch|p2a: Excadrill|Excadrill, M, shiny|99/100
|-damage|p2a: Excadrill|88/100|[from] Spikes
|move|p1a: Glimmora|Spikes|p2a: Excadrill
|-sidestart|p2: my password broke|Spikes
|
|-heal|p2a: Excadrill|94/100|[from] item: Leftovers
|upkeep
|turn|29
|
|t:|1769332792
|switch|p1a: Lilligant|Lilligant-Hisui, F, shiny|55/100
|-status|p1a: Lilligant|psn
|move|p2a: Excadrill|Earthquake|p1a: Lilligant
|-resisted|p1a: Lilligant
|-damage|p1a: Lilligant|12/100 psn
|
|-heal|p2a: Excadrill|99/100|[from] item: Leftovers
|-damage|p1a: Lilligant|0 fnt|[from] psn
|faint|p1a: Lilligant
|upkeep
|
|t:|1769332794
|switch|p1a: Glimmora|Glimmora, M|52/100
|-sideend|p1: ingw|move: Toxic Spikes|[of] p1a: Glimmora
|turn|30
|
|t:|1769332799
|-terastallize|p1a: Glimmora|Ghost
|move|p1a: Glimmora|Earth Power|p2a: Excadrill
|-supereffective|p2a: Excadrill
|-damage|p2a: Excadrill|17/100
|move|p2a: Excadrill|Earthquake|p1a: Glimmora
|-damage|p1a: Glimmora|0 fnt
|-activate|p1a: Glimmora|ability: Toxic Debris
|-sidestart|p2: my password broke|move: Toxic Spikes
|faint|p1a: Glimmora
|
|-heal|p2a: Excadrill|23/100|[from] item: Leftovers
|upkeep
|
|t:|1769332807
|switch|p1a: Walking Wake|Walking Wake|82/100
|turn|31
|
|t:|1769332816
|move|p1a: Walking Wake|Hydro Steam|p2a: Excadrill
|-supereffective|p2a: Excadrill
|-crit|p2a: Excadrill
|-damage|p2a: Excadrill|0 fnt
|faint|p2a: Excadrill
|
|upkeep
|
|t:|1769332824
|switch|p2a: Iron Valiant|Iron Valiant, shiny, tera:Ghost|16/100
|-damage|p2a: Iron Valiant|0 fnt|[from] Spikes
|faint|p2a: Iron Valiant
|-end|p2a: Iron Valiant|Quark Drive|[silent]
|
|t:|1769332831
|switch|p2a: Toxapex|Toxapex, M, shiny|100/100
|-damage|p2a: Toxapex|84/100|[from] Spikes
|-sideend|p2: my password broke|move: Toxic Spikes|[of] p2a: Toxapex
|turn|32
|
|t:|1769332836
|move|p1a: Walking Wake|Hydro Steam|p2a: Toxapex
|-resisted|p2a: Toxapex
|-damage|p2a: Toxapex|64/100
|move|p2a: Toxapex|Toxic|p1a: Walking Wake
|-status|p1a: Walking Wake|tox
|
|-damage|p1a: Walking Wake|76/100 tox|[from] psn
|upkeep
|turn|33
|
|t:|1769332838
|move|p1a: Walking Wake|Hydro Steam|p2a: Toxapex
|-resisted|p2a: Toxapex
|-damage|p2a: Toxapex|42/100
|move|p2a: Toxapex|Recover|p2a: Toxapex
|-heal|p2a: Toxapex|92/100
|
|-damage|p1a: Walking Wake|64/100 tox|[from] psn
|upkeep
|turn|34
|-message|ingw forfeited.
|
|win|my password broke
|raw|ingw's rating: 1372 &rarr; <strong>1357</strong><br />(-15 for losing)
|raw|my password broke's rating: 1453 &rarr; <strong>1468</strong><br />(+15 for winning)
|l|☆ingw
|player|p1|
