|j|☆JD2Sleepy
|j|☆qways
|t:|1769297924
|gametype|singles
|player|p1|JD2Sleepy|blue|1568
|player|p2|qways|265|1595
|gen|9
|tier|[Gen 9] OU
|rated|
|rule|HP Percentage Mod: HP is shown in percentages
|rule|Endless Battle Clause: Forcing endless battles is banned
|rule|Species Clause: Limit one of each Pokémon
|rule|OHKO Clause: OHKO moves are banned
|rule|Evasion Items Clause: Evasion items are banned
|rule|Evasion Moves Clause: Evasion moves are banned
|rule|Evasion Abilities Clause: Evasion abilities are banned
|rule|Sleep Moves Clause: Sleep-inducing moves are banned
|clearpoke
|poke|p1|Pelipper, F|
|poke|p1|Toxicroak, M|
|poke|p1|Iron Treads|
|poke|p1|Raging Bolt|
|poke|p1|Hatterene, F|
|poke|p1|Kingambit, F|
|poke|p2|Glimmora, F|
|poke|p2|Great Tusk|
|poke|p2|Ogerpon-Wellspring, F|
|poke|p2|Zamazenta-*|
|poke|p2|Gholdengo|
|poke|p2|Enamorus, F|
|teampreview
|
|t:|1769297934
|teamsize|p1|6
|teamsize|p2|6
|start
|switch|p1a: Treàdy Wày|Iron Treads|100/100
|switch|p2a: Gholdengo|Gholdengo|100/100
|-item|p2a: Gholdengo|Air Balloon
|turn|1
|
|t:|1769297939
|move|p1a: Treàdy Wày|Knock Off|p2a: Gholdengo
|-supereffective|p2a: Gholdengo
|-damage|p2a: Gholdengo|69/100
|-enditem|p2a: Gholdengo|Air Balloon
|move|p2a: Gholdengo|Shadow Ball|p1a: Treàdy Wày
|-damage|p1a: Treàdy Wày|55/100
|-unboost|p1a: Treàdy Wày|spd|1
|
|upkeep
|turn|2
|
|t:|1769297967
|switch|p2a: Ogerpon|Ogerpon-Wellspring, F|100/100
|move|p1a: Treàdy Wày|Stealth Rock|p2a: Ogerpon
|-sidestart|p2: qways|move: Stealth Rock
|
|upkeep
|turn|3
|
|t:|1769297977
|switch|p2a: Glimmora|Glimmora, F|100/100
|-damage|p2a: Glimmora|88/100|[from] Stealth Rock
|-end|p1a: Treàdy Wày|Quark Drive|[silent]
|switch|p1a: Marshal D Teach|Toxicroak, M|100/100
|
|upkeep
|turn|4
|
|t:|1769297985
|switch|p1a: Komi|Hatterene, F|100/100
|move|p2a: Glimmora|Earth Power|p1a: Komi
|-damage|p1a: Komi|75/100
|-enditem|p1a: Komi|Eject Button
|
|t:|1769297989
|switch|p1a: Treàdy Wày|Iron Treads|55/100
|
|upkeep
|turn|5
|
|t:|1769297995
|-end|p1a: Treàdy Wày|Quark Drive|[silent]
|switch|p1a: Drizzy|Pelipper, F|100/100
|-weather|RainDance|[from] ability: Drizzle|[of] p1a: Drizzy
|switch|p2a: Enamorus|Enamorus, F|100/100
|
|-weather|RainDance|[upkeep]
|upkeep
|turn|6
|
|t:|1769298000
|move|p2a: Enamorus|Moonblast|p1a: Drizzy
|-damage|p1a: Drizzy|55/100
|-unboost|p1a: Drizzy|spa|1
|move|p1a: Drizzy|Surf|p2a: Enamorus
|-damage|p2a: Enamorus|54/100
|
|-weather|RainDance|[upkeep]
|upkeep
|turn|7
|
|t:|1769298005
|move|p2a: Enamorus|Moonblast|p1a: Drizzy
|-damage|p1a: Drizzy|7/100
|move|p1a: Drizzy|U-turn|p2a: Enamorus
|-resisted|p2a: Enamorus
|-crit|p2a: Enamorus
|-damage|p2a: Enamorus|49/100
|
|t:|1769298012
|switch|p1a: Komi|Hatterene, F|75/100|[from] U-turn
|
|-weather|RainDance|[upkeep]
|upkeep
|turn|8
|
|t:|1769298050
|move|p2a: Enamorus|Moonblast|p1a: Komi
|-damage|p1a: Komi|18/100
|move|p1a: Komi|Dazzling Gleam|p2a: Enamorus
|-damage|p2a: Enamorus|0 fnt
|faint|p2a: Enamorus
|
|-weather|RainDance|[upkeep]
|upkeep
|
|t:|1769298066
|switch|p2a: Glimmora|Glimmora, F|88/100
|-damage|p2a: Glimmora|76/100|[from] Stealth Rock
|turn|9
|
|t:|1769298070
|move|p2a: Glimmora|Power Gem|p1a: Komi
|-damage|p1a: Komi|0 fnt
|faint|p1a: Komi
|
|-weather|none
|upkeep
|
|t:|1769298073
|switch|p1a: Treàdy Wày|Iron Treads|55/100
|turn|10
|
|t:|1769298089
|switch|p2a: Ogerpon|Ogerpon-Wellspring, F|100/100
|-damage|p2a: Ogerpon|88/100|[from] Stealth Rock
|move|p1a: Treàdy Wày|Earth Power|p2a: Ogerpon
|-resisted|p2a: Ogerpon
|-damage|p2a: Ogerpon|69/100
|
|upkeep
|turn|11
|
|t:|1769298094
|switch|p2a: Glimmora|Glimmora, F|76/100
|-damage|p2a: Glimmora|63/100|[from] Stealth Rock
|-end|p1a: Treàdy Wày|Quark Drive|[silent]
|switch|p1a: Marshal D Teach|Toxicroak, M|100/100
|
|upkeep
|turn|12
|
|t:|1769298104
|switch|p1a: Drizzy|Pelipper, F|7/100
|-weather|RainDance|[from] ability: Drizzle|[of] p1a: Drizzy
|move|p2a: Glimmora|Stealth Rock|p1a: Drizzy
|-sidestart|p1: JD2Sleepy|move: Stealth Rock
|
|-weather|RainDance|[upkeep]
|upkeep
|turn|13
|
|t:|1769298108
|switch|p1a: Treàdy Wày|Iron Treads|55/100
|move|p2a: Glimmora|Power Gem|p1a: Treàdy Wày
|-resisted|p1a: Treàdy Wày
|-damage|p1a: Treàdy Wày|43/100
|
|-weather|RainDance|[upkeep]
|upkeep
|turn|14
|
|t:|1769298111
|-terastallize|p2a: Glimmora|Ghost
|move|p1a: Treàdy Wày|Earth Power|p2a: Glimmora
|-damage|p2a: Glimmora|28/100
|-enditem|p2a: Glimmora|Red Card|[of] p1a: Treàdy Wày
|-end|p1a: Treàdy Wày|Quark Drive|[silent]
|drag|p1a: All Dae|Raging Bolt|100/100
|-damage|p1a: All Dae|88/100|[from] Stealth Rock
|-enditem|p1a: All Dae|Booster Energy
|-activate|p1a: All Dae|ability: Protosynthesis|[fromitem]
|-start|p1a: All Dae|protosynthesisspa
|move|p2a: Glimmora|Earth Power|p1a: All Dae
|-supereffective|p1a: All Dae
|-damage|p1a: All Dae|42/100
|
|-weather|RainDance|[upkeep]
|upkeep
|turn|15
|
|t:|1769298121
|move|p2a: Glimmora|Spikes|p1a: All Dae
|-sidestart|p1: JD2Sleepy|Spikes
|move|p1a: All Dae|Dragon Pulse|p2a: Glimmora
|-damage|p2a: Glimmora|0 fnt
|faint|p2a: Glimmora
|
|-weather|RainDance|[upkeep]
|upkeep
|
|t:|1769298135
|switch|p2a: Great Tusk|Great Tusk|100/100
|-damage|p2a: Great Tusk|98/100|[from] Stealth Rock
|-enditem|p2a: Great Tusk|Booster Energy
|-activate|p2a: Great Tusk|ability: Protosynthesis|[fromitem]
|-start|p2a: Great Tusk|protosynthesisspe
|turn|16
|
|t:|1769298138
|move|p2a: Great Tusk|Ice Spinner|p1a: All Dae
|-supereffective|p1a: All Dae
|-damage|p1a: All Dae|0 fnt
|faint|p1a: All Dae
|-end|p1a: All Dae|Protosynthesis|[silent]
|
|-weather|none
|upkeep
|
|t:|1769298158
|switch|p1a: Treàdy Wày|Iron Treads|43/100
|turn|17
|
|t:|1769298181
|-terastallize|p1a: Treàdy Wày|Ghost
|move|p2a: Great Tusk|Headlong Rush|p1a: Treàdy Wày
|-crit|p1a: Treàdy Wày
|-damage|p1a: Treàdy Wày|0 fnt
|-unboost|p2a: Great Tusk|def|1
|-unboost|p2a: Great Tusk|spd|1
|faint|p1a: Treàdy Wày
|-end|p1a: Treàdy Wày|Quark Drive|[silent]
|
|upkeep
|-message|JD2Sleepy forfeited.
|
|win|qways
|raw|JD2Sleepy's rating: 1568 &rarr; <strong>1551</strong><br />(-17 for losing)
|raw|qways's rating: 1612 &rarr; <strong>1629</strong><br />(+17 for winning)
|l|☆JD2Sleepy
|player|p1|
|l|☆qways
|player|p2|
