|j|☆Mimmyky
|j|☆erikkolloss
|t:|1769343678
|gametype|singles
|player|p1|Mimmyky|waitress-gen4|1164
|player|p2|erikkolloss|2|1170
|gen|9
|tier|[Gen 9] OU
|rated|
|rule|HP Percentage Mod: HP is shown in percentages
|rule|Endless Battle Clause: Forcing endless battles is banned
|rule|Species Clause: Limit one of each Pokémon
|rule|OHKO Clause: OHKO moves are banned
|rule|Evasion Items Clause: Evasion items are banned
|rule|Evasion Moves Clause: Evasion moves are banned
|rule|Evasion Abilities Clause: Evasion abilities are banned
|rule|Sleep Moves Clause: Sleep-inducing moves are banned
|clearpoke
|poke|p1|Scizor, F|
|poke|p1|Raging Bolt|
|poke|p1|Great Tusk|
|poke|p1|Meowscarada, M|
|poke|p1|Moltres|
|poke|p1|Slowking-Galar, M|
|poke|p2|Greedent, F|
|poke|p2|Primarina, M|
|poke|p2|Cinderace, F|
|poke|p2|Pelipper, F|
|poke|p2|Landorus-Therian, M|
|poke|p2|Lokix, M|
|teampreview
|inactive|Battle timer is ON: inactive players will automatically lose when time's up. (requested by Mimmyky)
|
|t:|1769343694
|teamsize|p1|6
|teamsize|p2|6
|start
|switch|p1a: Meowscarada|Meowscarada, M|100/100
|switch|p2a: Cinderace|Cinderace, F|100/100
|turn|1
|
|t:|1769343700
|move|p1a: Meowscarada|U-turn|p2a: Cinderace
|-start|p1a: Meowscarada|typechange|Bug|[from] ability: Protean
|-resisted|p2a: Cinderace
|-damage|p2a: Cinderace|82/100
|
|t:|1769343706
|switch|p1a: Moltres|Moltres|100/100|[from] U-turn
|move|p2a: Cinderace|Will-O-Wisp|p1a: Moltres|[miss]
|-miss|p2a: Cinderace|p1a: Moltres
|
|upkeep
|turn|2
|
|t:|1769343717
|move|p2a: Cinderace|U-turn|p1a: Moltres
|-start|p2a: Cinderace|typechange|Bug|[from] ability: Libero
|-resisted|p1a: Moltres
|-damage|p1a: Moltres|96/100
|
|t:|1769343720
|switch|p2a: Primarina|Primarina, M|100/100|[from] U-turn
|move|p1a: Moltres|U-turn|p2a: Primarina
|-resisted|p2a: Primarina
|-damage|p2a: Primarina|92/100
|
|t:|1769343739
|switch|p1a: Slowking|Slowking-Galar, M|100/100|[from] U-turn
|
|-heal|p2a: Primarina|98/100|[from] item: Leftovers
|upkeep
|turn|3
|
|t:|1769343750
|move|p2a: Primarina|Flip Turn|p1a: Slowking
|-damage|p1a: Slowking|87/100
|
|t:|1769343755
|switch|p2a: Landorus|Landorus-Therian, M|100/100|[from] Flip Turn
|-ability|p2a: Landorus|Intimidate|boost
|-unboost|p1a: Slowking|atk|1
|move|p1a: Slowking|Future Sight|p2a: Landorus
|-start|p1a: Slowking|move: Future Sight
|
|upkeep
|turn|4
|
|t:|1769343766
|move|p2a: Landorus|U-turn|p1a: Slowking
|-damage|p1a: Slowking|61/100
|
|t:|1769343768
|switch|p2a: Lokix|Lokix, M|100/100|[from] U-turn
|move|p1a: Slowking|Ice Beam|p2a: Lokix
|-damage|p2a: Lokix|57/100
|
|upkeep
|turn|5
|
|t:|1769343777
|switch|p1a: Moltres|Moltres|96/100
|move|p2a: Lokix|Knock Off|p1a: Moltres
|-damage|p1a: Moltres|50/100
|-status|p2a: Lokix|brn|[from] ability: Flame Body|[of] p1a: Moltres
|-enditem|p1a: Moltres|Heavy-Duty Boots|[from] move: Knock Off|[of] p2a: Lokix
|
|-end|p2a: Lokix|move: Future Sight
|-immune|p2a: Lokix
|-damage|p2a: Lokix|51/100 brn|[from] brn
|upkeep
|turn|6
|
|t:|1769343795
|move|p2a: Lokix|Knock Off|p1a: Moltres
|-damage|p1a: Moltres|33/100
|move|p1a: Moltres|Roost|p1a: Moltres
|-heal|p1a: Moltres|83/100
|-singleturn|p1a: Moltres|move: Roost
|
|-damage|p2a: Lokix|45/100 brn|[from] brn
|upkeep
|turn|7
|
|t:|1769343802
|switch|p2a: Primarina|Primarina, M|98/100
|move|p1a: Moltres|Will-O-Wisp|p2a: Primarina
|-status|p2a: Primarina|brn
|
|-heal|p2a: Primarina|100/100 brn|[from] item: Leftovers
|-damage|p2a: Primarina|94/100 brn|[from] brn
|upkeep
|turn|8
|
|t:|1769343814
|switch|p1a: Slowking|Slowking-Galar, M|94/100
|move|p2a: Primarina|Surf|p1a: Slowking
|-damage|p1a: Slowking|64/100
|
|-heal|p2a: Primarina|100/100 brn|[from] item: Leftovers
|-damage|p2a: Primarina|94/100 brn|[from] brn
|upkeep
|turn|9
|
|t:|1769343821
|move|p2a: Primarina|Surf|p1a: Slowking
|-damage|p1a: Slowking|34/100
|move|p1a: Slowking|Sludge Bomb|p2a: Primarina
|-supereffective|p2a: Primarina
|-crit|p2a: Primarina
|-damage|p2a: Primarina|5/100 brn
|
|-heal|p2a: Primarina|11/100 brn|[from] item: Leftovers
|-damage|p2a: Primarina|5/100 brn|[from] brn
|upkeep
|turn|10
|
|t:|1769343831
|switch|p1a: Meowscarada|Meowscarada, M|100/100
|move|p2a: Primarina|Flip Turn|p1a: Meowscarada
|-resisted|p1a: Meowscarada
|-damage|p1a: Meowscarada|92/100
|
|t:|1769343837
|switch|p2a: Lokix|Lokix, M|45/100 brn|[from] Flip Turn
|
|-damage|p2a: Lokix|39/100 brn|[from] brn
|upkeep
|turn|11
|
|t:|1769343842
|switch|p1a: Moltres|Moltres|83/100
|move|p2a: Lokix|U-turn|p1a: Moltres
|-resisted|p1a: Moltres
|-damage|p1a: Moltres|73/100
|
|t:|1769343846
|switch|p2a: Pelipper|Pelipper, F|100/100|[from] U-turn
|-weather|RainDance|[from] ability: Drizzle|[of] p2a: Pelipper
|
|-weather|RainDance|[upkeep]
|upkeep
|turn|12
|
|t:|1769343854
|switch|p1a: Raging Bolt|Raging Bolt|100/100
|move|p2a: Pelipper|Weather Ball|p1a: Raging Bolt
|-resisted|p1a: Raging Bolt
|-damage|p1a: Raging Bolt|54/100
|
|-weather|RainDance|[upkeep]
|upkeep
|turn|13
|
|t:|1769343871
|switch|p2a: Primarina|Primarina, M|5/100 brn
|-terastallize|p1a: Raging Bolt|Dragon
|move|p1a: Raging Bolt|Dragon Pulse|p2a: Primarina
|-immune|p2a: Primarina
|
|-weather|RainDance|[upkeep]
|-heal|p2a: Primarina|11/100 brn|[from] item: Leftovers
|-damage|p2a: Primarina|5/100 brn|[from] brn
|upkeep
|turn|14
|
|t:|1769343880
|move|p1a: Raging Bolt|Dragon Pulse|p2a: Primarina
|-immune|p2a: Primarina
|move|p2a: Primarina|Moonblast|p1a: Raging Bolt
|-supereffective|p1a: Raging Bolt
|-damage|p1a: Raging Bolt|0 fnt
|faint|p1a: Raging Bolt
|-end|p1a: Raging Bolt|Protosynthesis|[silent]
|
|-weather|RainDance|[upkeep]
|-heal|p2a: Primarina|11/100 brn|[from] item: Leftovers
|-damage|p2a: Primarina|5/100 brn|[from] brn
|upkeep
|c|☆erikkolloss|Umm
|
|t:|1769343891
|switch|p1a: Meowscarada|Meowscarada, M|92/100
|turn|15
|
|t:|1769343903
|move|p1a: Meowscarada|U-turn|p2a: Primarina
|-start|p1a: Meowscarada|typechange|Bug|[from] ability: Protean
|-resisted|p2a: Primarina
|-damage|p2a: Primarina|0 fnt
|faint|p2a: Primarina
|
|t:|1769343916
|switch|p1a: Great Tusk|Great Tusk|100/100|[from] U-turn
|
|-weather|none
|upkeep
|
|t:|1769343919
|switch|p2a: Pelipper|Pelipper, F|100/100
|-weather|RainDance|[from] ability: Drizzle|[of] p2a: Pelipper
|turn|16
|
|t:|1769343925
|move|p1a: Great Tusk|Head Smash|p2a: Pelipper|[miss]
|-miss|p1a: Great Tusk|p2a: Pelipper
|move|p2a: Pelipper|Weather Ball|p1a: Great Tusk
|-supereffective|p1a: Great Tusk
|-damage|p1a: Great Tusk|0 fnt
|faint|p1a: Great Tusk
|-end|p1a: Great Tusk|Protosynthesis|[silent]
|
|-weather|RainDance|[upkeep]
|upkeep
|
|t:|1769343933
|switch|p1a: Meowscarada|Meowscarada, M|92/100
|turn|17
|
|t:|1769343952
|switch|p2a: Lokix|Lokix, M|39/100 brn
|move|p1a: Meowscarada|Triple Axel|p2a: Lokix|[miss]
|-start|p1a: Meowscarada|typechange|Ice|[from] ability: Protean
|-miss|p1a: Meowscarada|p2a: Lokix
|
|-weather|RainDance|[upkeep]
|-damage|p2a: Lokix|33/100 brn|[from] brn
|upkeep
|turn|18
|
|t:|1769343959
|move|p1a: Meowscarada|Triple Axel|p2a: Lokix|[miss]
|-miss|p1a: Meowscarada|p2a: Lokix
|move|p2a: Lokix|Knock Off|p1a: Meowscarada
|-damage|p1a: Meowscarada|32/100
|-enditem|p1a: Meowscarada|Choice Scarf|[from] move: Knock Off|[of] p2a: Lokix
|
|-weather|RainDance|[upkeep]
|-damage|p2a: Lokix|27/100 brn|[from] brn
|upkeep
|turn|19
|c|☆erikkolloss|Damn
|
|t:|1769343972
|move|p1a: Meowscarada|U-turn|p2a: Lokix
|-supereffective|p2a: Lokix
|-damage|p2a: Lokix|0 fnt
|faint|p2a: Lokix
|
|t:|1769343980
|switch|p1a: Slowking|Slowking-Galar, M|68/100|[from] U-turn
|
|-weather|RainDance|[upkeep]
|upkeep
|
|t:|1769343983
|switch|p2a: Landorus|Landorus-Therian, M|100/100
|-ability|p2a: Landorus|Intimidate|boost
|-unboost|p1a: Slowking|atk|1
|turn|20
|
|t:|1769343986
|switch|p1a: Moltres|Moltres|73/100
|move|p2a: Landorus|Stealth Rock|p1a: Moltres
|-sidestart|p1: Mimmyky|move: Stealth Rock
|
|-weather|none
|upkeep
|turn|21
|
|t:|1769344001
|switch|p2a: Cinderace|Cinderace, F|82/100
|move|p1a: Moltres|U-turn|p2a: Cinderace
|-resisted|p2a: Cinderace
|-damage|p2a: Cinderace|73/100
|
|t:|1769344015
|switch|p1a: Slowking|Slowking-Galar, M|100/100|[from] U-turn
|
|upkeep
|turn|22
|
|t:|1769344020
|move|p2a: Cinderace|Pyro Ball|p1a: Slowking
|-damage|p1a: Slowking|55/100
|move|p1a: Slowking|Sludge Bomb|p2a: Cinderace
|-damage|p2a: Cinderace|32/100
|
|upkeep
|turn|23
|
|t:|1769344032
|switch|p1a: Moltres|Moltres|73/100
|-damage|p1a: Moltres|23/100|[from] Stealth Rock
|move|p2a: Cinderace|Pyro Ball|p1a: Moltres
|-resisted|p1a: Moltres
|-damage|p1a: Moltres|6/100
|
|upkeep
|turn|24
|
|t:|1769344043
|move|p2a: Cinderace|Pyro Ball|p1a: Moltres
|-resisted|p1a: Moltres
|-damage|p1a: Moltres|0 fnt
|faint|p1a: Moltres
|
|upkeep
|
|t:|1769344052
|switch|p1a: Meowscarada|Meowscarada, M|32/100
|-damage|p1a: Meowscarada|20/100|[from] Stealth Rock
|turn|25
|
|t:|1769344056
|switch|p2a: Greedent|Greedent, F|100/100
|move|p1a: Meowscarada|Knock Off|p2a: Greedent
|-start|p1a: Meowscarada|typechange|Dark|[from] ability: Protean
|-damage|p2a: Greedent|74/100
|-enditem|p2a: Greedent|Sitrus Berry|[from] move: Knock Off|[of] p1a: Meowscarada
|
|upkeep
|turn|26
|
|t:|1769344075
|switch|p1a: Slowking|Slowking-Galar, M|89/100
|switch|p2a: Cinderace|Cinderace, F|32/100
|
|upkeep
|turn|27
|
|t:|1769344080
|move|p2a: Cinderace|Will-O-Wisp|p1a: Slowking
|-status|p1a: Slowking|brn
|move|p1a: Slowking|Sludge Bomb|p2a: Cinderace
|-damage|p2a: Cinderace|0 fnt
|faint|p2a: Cinderace
|
|-damage|p1a: Slowking|83/100 brn|[from] brn
|upkeep
|
|t:|1769344084
|switch|p2a: Landorus|Landorus-Therian, M|100/100
|-ability|p2a: Landorus|Intimidate|boost
|-unboost|p1a: Slowking|atk|1
|turn|28
|
|t:|1769344095
|move|p2a: Landorus|Earthquake|p1a: Slowking
|-supereffective|p1a: Slowking
|-damage|p1a: Slowking|0 fnt
|faint|p1a: Slowking
|
|upkeep
|
|t:|1769344100
|switch|p1a: Scizor|Scizor, F|100/100
|-damage|p1a: Scizor|88/100|[from] Stealth Rock
|turn|29
|
|t:|1769344116
|move|p1a: Scizor|Bullet Punch|p2a: Landorus
|-damage|p2a: Landorus|43/100
|move|p2a: Landorus|Earthquake|p1a: Scizor
|-damage|p1a: Scizor|14/100
|
|-heal|p2a: Landorus|49/100|[from] item: Leftovers
|upkeep
|turn|30
|
|t:|1769344125
|move|p1a: Scizor|Bullet Punch|p2a: Landorus
|-damage|p2a: Landorus|0 fnt
|faint|p2a: Landorus
|
|upkeep
|
|t:|1769344127
|switch|p2a: Greedent|Greedent, F|74/100
|turn|31
|
|t:|1769344130
|move|p1a: Scizor|Bullet Punch|p2a: Greedent
|-damage|p2a: Greedent|47/100
|move|p2a: Greedent|Body Press|p1a: Scizor
|-damage|p1a: Scizor|0 fnt
|faint|p1a: Scizor
|
|upkeep
|
|t:|1769344135
|switch|p1a: Meowscarada|Meowscarada, M|20/100
|-damage|p1a: Meowscarada|8/100|[from] Stealth Rock
|turn|32
|
|t:|1769344140
|move|p1a: Meowscarada|Triple Axel|p2a: Greedent
|-start|p1a: Meowscarada|typechange|Ice|[from] ability: Protean
|-damage|p2a: Greedent|42/100
|-damage|p2a: Greedent|31/100
|-damage|p2a: Greedent|16/100
|-hitcount|p2a: Greedent|3
|move|p2a: Greedent|Body Press|p1a: Meowscarada
|-supereffective|p1a: Meowscarada
|-damage|p1a: Meowscarada|0 fnt
|faint|p1a: Meowscarada
|
|win|erikkolloss
|raw|Mimmyky's rating: 1164 &rarr; <strong>1139</strong><br />(-25 for losing)
|raw|erikkolloss's rating: 1170 &rarr; <strong>1195</strong><br />(+25 for winning)
|l|☆Mimmyky
|player|p1|
|l|☆erikkolloss
|player|p2|
