|j|☆pundeh_1001
|j|☆ikun ngm
|t:|1769440358
|gametype|singles
|player|p1|pundeh_1001|2|1346
|player|p2|ikun ngm|swimmer-gen4|1324
|gen|9
|tier|[Gen 9] OU
|rated|
|rule|HP Percentage Mod: HP is shown in percentages
|rule|Endless Battle Clause: Forcing endless battles is banned
|rule|Species Clause: Limit one of each Pokémon
|rule|OHKO Clause: OHKO moves are banned
|rule|Evasion Items Clause: Evasion items are banned
|rule|Evasion Moves Clause: Evasion moves are banned
|rule|Evasion Abilities Clause: Evasion abilities are banned
|rule|Sleep Moves Clause: Sleep-inducing moves are banned
|clearpoke
|poke|p1|Moltres|
|poke|p1|Gholdengo|
|poke|p1|Kyurem|
|poke|p1|Slowking-Galar, M|
|poke|p1|Ogerpon-Wellspring, F|
|poke|p1|Great Tusk|
|poke|p2|Brambleghast, F|
|poke|p2|Whimsicott, F|
|poke|p2|Alomomola, F|
|poke|p2|Kleavor, F|
|poke|p2|Dragonite, F|
|poke|p2|Kyurem|
|teampreview
|inactive|Battle timer is ON: inactive players will automatically lose when time's up. (requested by pundeh_1001)
|
|t:|1769440369
|teamsize|p1|6
|teamsize|p2|6
|start
|switch|p1a: Moltres|Moltres|100/100
|switch|p2a: Kleavor|Kleavor, F|100/100
|turn|1
|
|t:|1769440379
|switch|p1a: Great Tusk|Great Tusk|100/100
|move|p2a: Kleavor|Aerial Ace|p1a: Great Tusk
|-supereffective|p1a: Great Tusk
|-damage|p1a: Great Tusk|51/100
|
|upkeep
|turn|2
|
|t:|1769440384
|move|p1a: Great Tusk|Stealth Rock|p2a: Kleavor
|-sidestart|p2: ikun ngm|move: Stealth Rock
|move|p2a: Kleavor|Aerial Ace|p1a: Great Tusk
|-supereffective|p1a: Great Tusk
|-damage|p1a: Great Tusk|6/100
|
|upkeep
|turn|3
|
|t:|1769440389
|move|p1a: Great Tusk|Knock Off|p2a: Kleavor
|-damage|p2a: Kleavor|55/100
|-enditem|p2a: Kleavor|Focus Sash|[from] move: Knock Off|[of] p1a: Great Tusk
|move|p2a: Kleavor|Stone Axe|p1a: Great Tusk
|-resisted|p1a: Great Tusk
|-crit|p1a: Great Tusk
|-damage|p1a: Great Tusk|0 fnt
|-sidestart|p1: pundeh_1001|move: Stealth Rock
|faint|p1a: Great Tusk
|-end|p1a: Great Tusk|Protosynthesis|[silent]
|
|upkeep
|
|t:|1769440397
|switch|p1a: Ogerpon|Ogerpon-Wellspring, F|100/100
|-damage|p1a: Ogerpon|88/100|[from] Stealth Rock
|turn|4
|
|t:|1769440399
|move|p1a: Ogerpon|Swords Dance|p1a: Ogerpon
|-boost|p1a: Ogerpon|atk|2
|move|p2a: Kleavor|Tailwind|p2a: Kleavor
|-sidestart|p2: ikun ngm|move: Tailwind
|
|upkeep
|turn|5
|
|t:|1769440405
|move|p2a: Kleavor|Aerial Ace|p1a: Ogerpon
|-supereffective|p1a: Ogerpon
|-damage|p1a: Ogerpon|1/100
|move|p1a: Ogerpon|Horn Leech|p2a: Kleavor
|-damage|p2a: Kleavor|0 fnt
|-heal|p1a: Ogerpon|27/100|[from] drain|[of] p2a: Kleavor
|faint|p2a: Kleavor
|
|upkeep
|
|t:|1769440408
|switch|p2a: Brambleghast|Brambleghast, F|100/100
|-damage|p2a: Brambleghast|88/100|[from] Stealth Rock
|-ability|p2a: Brambleghast|Wind Rider|boost
|-boost|p2a: Brambleghast|atk|1
|turn|6
|
|t:|1769440416
|move|p2a: Brambleghast|Rapid Spin|p1a: Ogerpon
|-damage|p1a: Ogerpon|0 fnt
|-boost|p2a: Brambleghast|spe|1
|-sideend|p2: ikun ngm|Stealth Rock|[from] move: Rapid Spin|[of] p2a: Brambleghast
|faint|p1a: Ogerpon
|-damage|p2a: Brambleghast|78/100|[from] item: Life Orb
|
|upkeep
|
|t:|1769440419
|switch|p1a: Slowking|Slowking-Galar, M|100/100
|turn|7
|
|t:|1769440422
|move|p2a: Brambleghast|Poltergeist|p1a: Slowking
|-activate|p1a: Slowking|move: Poltergeist|Heavy-Duty Boots
|-supereffective|p1a: Slowking
|-damage|p1a: Slowking|0 fnt
|faint|p1a: Slowking
|-damage|p2a: Brambleghast|68/100|[from] item: Life Orb
|
|-sideend|p2: ikun ngm|move: Tailwind
|upkeep
|
|t:|1769440427
|switch|p1a: Kyurem|Kyurem|100/100
|-damage|p1a: Kyurem|76/100|[from] Stealth Rock
|-ability|p1a: Kyurem|Pressure
|turn|8
|
|t:|1769440429
|move|p2a: Brambleghast|Poltergeist|p1a: Kyurem
|-activate|p1a: Kyurem|move: Poltergeist|Loaded Dice
|-damage|p1a: Kyurem|0 fnt
|faint|p1a: Kyurem
|-damage|p2a: Brambleghast|58/100|[from] item: Life Orb
|
|upkeep
|-message|pundeh_1001 forfeited.
|
|win|ikun ngm
|raw|pundeh_1001's rating: 1346 &rarr; <strong>1325</strong><br />(-21 for losing)
|raw|ikun ngm's rating: 1324 &rarr; <strong>1345</strong><br />(+21 for winning)
|l|☆pundeh_1001
|player|p1|
|l|☆ikun ngm
|player|p2|
