|j|‽LT_Alt1
|j|☆wugui2026
|t:|1769409401
|gametype|singles
|player|p1|LT_Alt1|169|1653
|player|p2|wugui2026|266|1558
|gen|9
|tier|[Gen 9] OU
|rated|
|rule|HP Percentage Mod: HP is shown in percentages
|rule|Endless Battle Clause: Forcing endless battles is banned
|rule|Species Clause: Limit one of each Pokémon
|rule|OHKO Clause: OHKO moves are banned
|rule|Evasion Items Clause: Evasion items are banned
|rule|Evasion Moves Clause: Evasion moves are banned
|rule|Evasion Abilities Clause: Evasion abilities are banned
|rule|Sleep Moves Clause: Sleep-inducing moves are banned
|clearpoke
|poke|p1|Darkrai|
|poke|p1|Slowking-Galar, F|
|poke|p1|Gholdengo|
|poke|p1|Iron Treads|
|poke|p1|Raging Bolt|
|poke|p1|Gliscor, M|
|poke|p2|Serperior, F|
|poke|p2|Samurott-Hisui, F|
|poke|p2|Iron Treads|
|poke|p2|Gholdengo|
|poke|p2|Moltres|
|poke|p2|Dragonite, F|
|teampreview
|
|t:|1769409409
|teamsize|p1|6
|teamsize|p2|6
|start
|switch|p1a: Darkrai|Darkrai|100/100
|switch|p2a: Samurott|Samurott-Hisui, F|100/100
|turn|1
|
|t:|1769409415
|move|p1a: Darkrai|Focus Blast|p2a: Samurott
|-supereffective|p2a: Samurott
|-damage|p2a: Samurott|2/100
|move|p2a: Samurott|Sacred Sword|p1a: Darkrai
|-supereffective|p1a: Darkrai
|-damage|p1a: Darkrai|0 fnt
|faint|p1a: Darkrai
|
|upkeep
|
|t:|1769409426
|switch|p1a: Iron Treads|Iron Treads|100/100
|turn|2
|
|t:|1769409430
|switch|p2a: Serperior|Serperior, F|100/100
|move|p1a: Iron Treads|Rock Tomb|p2a: Serperior
|-damage|p2a: Serperior|83/100
|-boost|p2a: Serperior|spe|1
|
|-heal|p2a: Serperior|89/100|[from] item: Leftovers
|upkeep
|turn|3
|
|t:|1769409444
|move|p2a: Serperior|Leech Seed|p1a: Iron Treads
|-start|p1a: Iron Treads|move: Leech Seed
|move|p1a: Iron Treads|Ice Spinner|p2a: Serperior
|-supereffective|p2a: Serperior
|-damage|p2a: Serperior|42/100
|
|-heal|p2a: Serperior|48/100|[from] item: Leftovers
|-damage|p1a: Iron Treads|88/100|[from] Leech Seed|[of] p2a: Serperior
|-heal|p2a: Serperior|63/100|[silent]
|upkeep
|turn|4
|
|t:|1769409450
|-end|p1a: Iron Treads|Quark Drive|[silent]
|switch|p1a: Slowking|Slowking-Galar, F|100/100
|move|p2a: Serperior|Leaf Storm|p1a: Slowking
|-resisted|p1a: Slowking
|-damage|p1a: Slowking|88/100
|-boost|p2a: Serperior|spa|2
|
|-heal|p2a: Serperior|69/100|[from] item: Leftovers
|-heal|p1a: Slowking|94/100|[from] item: Leftovers
|upkeep
|turn|5
|
|t:|1769409457
|move|p2a: Serperior|Glare|p1a: Slowking
|-status|p1a: Slowking|par
|move|p1a: Slowking|Ice Beam|p2a: Serperior
|-supereffective|p2a: Serperior
|-damage|p2a: Serperior|17/100
|
|-heal|p2a: Serperior|24/100|[from] item: Leftovers
|-heal|p1a: Slowking|100/100 par|[from] item: Leftovers
|upkeep
|turn|6
|
|t:|1769409464
|switch|p2a: Iron Treads|Iron Treads|100/100
|-item|p2a: Iron Treads|Air Balloon
|move|p1a: Slowking|Ice Beam|p2a: Iron Treads
|-damage|p2a: Iron Treads|69/100
|-enditem|p2a: Iron Treads|Air Balloon
|
|upkeep
|turn|7
|
|t:|1769409473
|move|p2a: Iron Treads|Stealth Rock|p1a: Slowking
|-sidestart|p1: LT_Alt1|move: Stealth Rock
|-prepare|p1a: Slowking|Chilly Reception|[premajor]
|move|p1a: Slowking|Chilly Reception|p1a: Slowking
|-weather|Snowscape
|
|t:|1769409475
|switch|p1a: Iron Treads|Iron Treads|88/100|[from] Chilly Reception
|
|-weather|Snowscape|[upkeep]
|upkeep
|turn|8
|
|t:|1769409481
|move|p1a: Iron Treads|Earthquake|p2a: Iron Treads
|-supereffective|p2a: Iron Treads
|-damage|p2a: Iron Treads|5/100
|move|p2a: Iron Treads|Earthquake|p1a: Iron Treads
|-supereffective|p1a: Iron Treads
|-damage|p1a: Iron Treads|20/100
|
|-weather|Snowscape|[upkeep]
|upkeep
|turn|9
|
|t:|1769409488
|move|p2a: Iron Treads|Earthquake|p1a: Iron Treads
|-supereffective|p1a: Iron Treads
|-damage|p1a: Iron Treads|0 fnt
|faint|p1a: Iron Treads
|-end|p1a: Iron Treads|Quark Drive|[silent]
|
|-weather|Snowscape|[upkeep]
|upkeep
|
|t:|1769409493
|switch|p1a: Gliscor|Gliscor, M|100/100
|-damage|p1a: Gliscor|88/100|[from] Stealth Rock
|turn|10
|
|t:|1769409501
|move|p2a: Iron Treads|Ice Spinner|p1a: Gliscor
|-supereffective|p1a: Gliscor
|-crit|p1a: Gliscor
|-damage|p1a: Gliscor|0 fnt
|faint|p1a: Gliscor
|
|-weather|Snowscape|[upkeep]
|upkeep
|
|t:|1769409504
|switch|p1a: Gholdengo|Gholdengo|100/100
|-damage|p1a: Gholdengo|94/100|[from] Stealth Rock
|turn|11
|
|t:|1769409507
|move|p1a: Gholdengo|Shadow Ball|p2a: Iron Treads
|-damage|p2a: Iron Treads|0 fnt
|faint|p2a: Iron Treads
|-end|p2a: Iron Treads|Quark Drive|[silent]
|
|-weather|none
|upkeep
|
|t:|1769409517
|switch|p2a: feida|Dragonite, F, shiny|100/100
|turn|12
|
|t:|1769409523
|move|p1a: Gholdengo|Shadow Ball|p2a: feida
|-damage|p2a: feida|78/100
|move|p2a: feida|Earthquake|p1a: Gholdengo
|-supereffective|p1a: Gholdengo
|-damage|p1a: Gholdengo|0 fnt
|faint|p1a: Gholdengo
|
|upkeep
|
|t:|1769409531
|switch|p1a: Raging Bolt|Raging Bolt|100/100
|-damage|p1a: Raging Bolt|88/100|[from] Stealth Rock
|turn|13
|
|t:|1769409540
|-terastallize|p1a: Raging Bolt|Bug
|move|p2a: feida|Extreme Speed|p1a: Raging Bolt
|-damage|p1a: Raging Bolt|62/100
|move|p1a: Raging Bolt|Calm Mind|p1a: Raging Bolt
|-boost|p1a: Raging Bolt|spa|1
|-boost|p1a: Raging Bolt|spd|1
|
|-heal|p1a: Raging Bolt|69/100|[from] item: Leftovers
|upkeep
|turn|14
|
|t:|1769409550
|move|p2a: feida|Extreme Speed|p1a: Raging Bolt
|-damage|p1a: Raging Bolt|41/100
|move|p1a: Raging Bolt|Calm Mind|p1a: Raging Bolt
|-boost|p1a: Raging Bolt|spa|1
|-boost|p1a: Raging Bolt|spd|1
|
|-heal|p1a: Raging Bolt|47/100|[from] item: Leftovers
|upkeep
|turn|15
|
|t:|1769409560
|move|p2a: feida|Extreme Speed|p1a: Raging Bolt
|-damage|p1a: Raging Bolt|21/100
|move|p1a: Raging Bolt|Thunderbolt|p2a: feida
|-damage|p2a: feida|0 fnt
|faint|p2a: feida
|
|-heal|p1a: Raging Bolt|27/100|[from] item: Leftovers
|upkeep
|
|t:|1769409566
|switch|p2a: Samurott|Samurott-Hisui, F|2/100
|turn|16
|
|t:|1769409570
|move|p1a: Raging Bolt|Thunderclap|p2a: Samurott
|-supereffective|p2a: Samurott
|-damage|p2a: Samurott|0 fnt
|faint|p2a: Samurott
|
|-heal|p1a: Raging Bolt|34/100|[from] item: Leftovers
|upkeep
|
|t:|1769409574
|switch|p2a: Gholdengo|Gholdengo|100/100
|-item|p2a: Gholdengo|Air Balloon
|turn|17
|
|t:|1769409578
|move|p1a: Raging Bolt|Thunderbolt|p2a: Gholdengo
|-damage|p2a: Gholdengo|4/100
|-enditem|p2a: Gholdengo|Air Balloon
|move|p2a: Gholdengo|Make It Rain|p1a: Raging Bolt
|-damage|p1a: Raging Bolt|11/100
|-unboost|p2a: Gholdengo|spa|1
|
|-heal|p1a: Raging Bolt|17/100|[from] item: Leftovers
|upkeep
|turn|18
|j| WhatColorIsThis?
|l| WhatColorIsThis?
|
|t:|1769409589
|move|p1a: Raging Bolt|Thunderbolt|p2a: Gholdengo
|-damage|p2a: Gholdengo|0 fnt
|faint|p2a: Gholdengo
|
|-heal|p1a: Raging Bolt|23/100|[from] item: Leftovers
|upkeep
|
|t:|1769409591
|switch|p2a: Moltres|Moltres|100/100
|turn|19
|
|t:|1769409596
|-terastallize|p2a: Moltres|Grass
|move|p1a: Raging Bolt|Thunderbolt|p2a: Moltres
|-resisted|p2a: Moltres
|-damage|p2a: Moltres|43/100
|move|p2a: Moltres|Hurricane|p1a: Raging Bolt|[miss]
|-miss|p2a: Moltres|p1a: Raging Bolt
|
|-heal|p1a: Raging Bolt|29/100|[from] item: Leftovers
|upkeep
|turn|20
|
|t:|1769409602
|move|p1a: Raging Bolt|Thunderbolt|p2a: Moltres
|-resisted|p2a: Moltres
|-damage|p2a: Moltres|0 fnt
|faint|p2a: Moltres
|
|-heal|p1a: Raging Bolt|35/100|[from] item: Leftovers
|upkeep
|
|t:|1769409605
|switch|p2a: Serperior|Serperior, F|24/100
|turn|21
|
|t:|1769409608
|move|p2a: Serperior|Glare|p1a: Raging Bolt
|-status|p1a: Raging Bolt|par
|move|p1a: Raging Bolt|Thunderbolt|p2a: Serperior
|-resisted|p2a: Serperior
|-damage|p2a: Serperior|0 fnt
|faint|p2a: Serperior
|
|win|LT_Alt1
|raw|LT_Alt1's rating: 1653 &rarr; <strong>1668</strong><br />(+15 for winning)
|raw|wugui2026's rating: 1558 &rarr; <strong>1543</strong><br />(-15 for losing)
|l|☆wugui2026
|player|p2|
