|j|☆CambridgeFoulPlay
|j|☆Palm X
|t:|1769330104
|gametype|singles
|player|p1|CambridgeFoulPlay|266|1672
|player|p2|Palm X|caitlin|1589
|gen|9
|tier|[Gen 9] OU
|rated|
|rule|HP Percentage Mod: HP is shown in percentages
|rule|Endless Battle Clause: Forcing endless battles is banned
|rule|Species Clause: Limit one of each Pokémon
|rule|OHKO Clause: OHKO moves are banned
|rule|Evasion Items Clause: Evasion items are banned
|rule|Evasion Moves Clause: Evasion moves are banned
|rule|Evasion Abilities Clause: Evasion abilities are banned
|rule|Sleep Moves Clause: Sleep-inducing moves are banned
|clearpoke
|poke|p1|Hydrapple, M|
|poke|p1|Tyranitar, F|
|poke|p1|Moltres|
|poke|p1|Zamazenta-*|
|poke|p1|Slowking-Galar, F|
|poke|p1|Excadrill, F|
|poke|p2|Great Tusk|
|poke|p2|Slowking-Galar, M|
|poke|p2|Cinderace, M|
|poke|p2|Kyurem|
|poke|p2|Enamorus, F|
|poke|p2|Kingambit, F|
|teampreview
|inactive|Battle timer is ON: inactive players will automatically lose when time's up. (requested by Palm X)
|c|☆CambridgeFoulPlay|hf
|inactive|CambridgeFoulPlay also wants the timer to be on.
|c|☆Palm X|u2
|
|t:|1769330120
|teamsize|p1|6
|teamsize|p2|6
|start
|switch|p1a: Slowking|Slowking-Galar, F|100/100
|switch|p2a: Cinderace|Cinderace, M|100/100
|turn|1
|
|t:|1769330125
|move|p2a: Cinderace|Will-O-Wisp|p1a: Slowking
|-status|p1a: Slowking|brn
|move|p1a: Slowking|Sludge Bomb|p2a: Cinderace
|-damage|p2a: Cinderace|55/100
|
|-damage|p1a: Slowking|94/100 brn|[from] brn
|upkeep
|turn|2
|
|t:|1769330129
|switch|p2a: Slowking|Slowking-Galar, M|100/100
|move|p1a: Slowking|Sludge Bomb|p2a: Slowking
|-resisted|p2a: Slowking
|-damage|p2a: Slowking|91/100
|
|-damage|p1a: Slowking|88/100 brn|[from] brn
|upkeep
|turn|3
|
|t:|1769330133
|move|p1a: Slowking|Psyshock|p2a: Slowking
|-damage|p2a: Slowking|57/100
|-prepare|p2a: Slowking|Chilly Reception|[premajor]
|move|p2a: Slowking|Chilly Reception|p2a: Slowking
|-weather|Snowscape
|
|t:|1769330137
|switch|p2a: Great Tusk|Great Tusk|100/100|[from] Chilly Reception
|
|-weather|Snowscape|[upkeep]
|-damage|p1a: Slowking|82/100 brn|[from] brn
|upkeep
|turn|4
|
|t:|1769330141
|switch|p1a: Moltres|Moltres|100/100
|move|p2a: Great Tusk|Knock Off|p1a: Moltres
|-damage|p1a: Moltres|82/100
|-status|p2a: Great Tusk|brn|[from] ability: Flame Body|[of] p1a: Moltres
|-enditem|p1a: Moltres|Heavy-Duty Boots|[from] move: Knock Off|[of] p2a: Great Tusk
|
|-weather|Snowscape|[upkeep]
|-damage|p2a: Great Tusk|94/100 brn|[from] brn
|upkeep
|turn|5
|
|t:|1769330151
|move|p2a: Great Tusk|Rapid Spin|p1a: Moltres
|-damage|p1a: Moltres|76/100
|-boost|p2a: Great Tusk|spe|1
|move|p1a: Moltres|Flamethrower|p2a: Great Tusk
|-damage|p2a: Great Tusk|48/100 brn
|
|-weather|Snowscape|[upkeep]
|-heal|p2a: Great Tusk|55/100 brn|[from] item: Leftovers
|-damage|p2a: Great Tusk|48/100 brn|[from] brn
|upkeep
|turn|6
|
|t:|1769330154
|-end|p2a: Great Tusk|Protosynthesis|[silent]
|switch|p2a: Slowking|Slowking-Galar, M|91/100
|move|p1a: Moltres|Flamethrower|p2a: Slowking
|-damage|p2a: Slowking|69/100
|
|-weather|Snowscape|[upkeep]
|upkeep
|turn|7
|
|t:|1769330158
|move|p1a: Moltres|Flamethrower|p2a: Slowking
|-damage|p2a: Slowking|46/100
|move|p2a: Slowking|Sludge Bomb|p1a: Moltres
|-damage|p1a: Moltres|42/100
|
|-weather|none
|upkeep
|turn|8
|
|t:|1769330163
|move|p1a: Moltres|Roost|p1a: Moltres
|-heal|p1a: Moltres|92/100
|-singleturn|p1a: Moltres|move: Roost
|-prepare|p2a: Slowking|Chilly Reception|[premajor]
|move|p2a: Slowking|Chilly Reception|p2a: Slowking
|-weather|Snowscape
|
|t:|1769330165
|switch|p2a: Kyurem|Kyurem|100/100|[from] Chilly Reception
|-ability|p2a: Kyurem|Pressure
|
|-weather|Snowscape|[upkeep]
|upkeep
|turn|9
|
|t:|1769330171
|switch|p1a: Tyranitar|Tyranitar, F|100/100
|-weather|Sandstorm|[from] ability: Sand Stream|[of] p1a: Tyranitar
|move|p2a: Kyurem|Substitute|p2a: Kyurem
|-start|p2a: Kyurem|Substitute
|-damage|p2a: Kyurem|76/100
|
|-weather|Sandstorm|[upkeep]
|-damage|p2a: Kyurem|70/100|[from] Sandstorm
|-heal|p2a: Kyurem|76/100|[from] item: Leftovers
|upkeep
|turn|10
|
|t:|1769330179
|move|p2a: Kyurem|Protect|p2a: Kyurem
|-singleturn|p2a: Kyurem|Protect
|move|p1a: Tyranitar|Knock Off|p2a: Kyurem
|-activate|p2a: Kyurem|move: Protect
|
|-weather|Sandstorm|[upkeep]
|-damage|p2a: Kyurem|70/100|[from] Sandstorm
|-heal|p2a: Kyurem|76/100|[from] item: Leftovers
|upkeep
|turn|11
|
|t:|1769330183
|move|p2a: Kyurem|Earth Power|p1a: Tyranitar
|-supereffective|p1a: Tyranitar
|-damage|p1a: Tyranitar|71/100
|move|p1a: Tyranitar|Knock Off|p2a: Kyurem
|-end|p2a: Kyurem|Substitute
|
|-weather|Sandstorm|[upkeep]
|-damage|p2a: Kyurem|70/100|[from] Sandstorm
|-heal|p2a: Kyurem|76/100|[from] item: Leftovers
|upkeep
|turn|12
|
|t:|1769330196
|switch|p2a: Great Tusk|Great Tusk|48/100 brn
|move|p1a: Tyranitar|Knock Off|p2a: Great Tusk
|-resisted|p2a: Great Tusk
|-damage|p2a: Great Tusk|38/100 brn
|-enditem|p2a: Great Tusk|Leftovers|[from] move: Knock Off|[of] p1a: Tyranitar
|
|-weather|Sandstorm|[upkeep]
|-damage|p2a: Great Tusk|31/100 brn|[from] brn
|upkeep
|turn|13
|
|t:|1769330202
|switch|p1a: Excadrill|Excadrill, F|100/100
|-item|p1a: Excadrill|Air Balloon
|move|p2a: Great Tusk|Earthquake|p1a: Excadrill
|-immune|p1a: Excadrill
|
|-weather|Sandstorm|[upkeep]
|-damage|p2a: Great Tusk|25/100 brn|[from] brn
|upkeep
|turn|14
|
|t:|1769330207
|move|p1a: Excadrill|Swords Dance|p1a: Excadrill
|-boost|p1a: Excadrill|atk|2
|move|p2a: Great Tusk|Knock Off|p1a: Excadrill
|-crit|p1a: Excadrill
|-damage|p1a: Excadrill|70/100
|-enditem|p1a: Excadrill|Air Balloon
|
|-weather|Sandstorm|[upkeep]
|-damage|p2a: Great Tusk|19/100 brn|[from] brn
|upkeep
|turn|15
|
|t:|1769330210
|move|p1a: Excadrill|Iron Head|p2a: Great Tusk
|-damage|p2a: Great Tusk|0 fnt
|faint|p2a: Great Tusk
|-end|p2a: Great Tusk|Protosynthesis|[silent]
|
|-weather|Sandstorm|[upkeep]
|upkeep
|
|t:|1769330216
|switch|p2a: Kyurem|Kyurem|76/100
|-ability|p2a: Kyurem|Pressure
|turn|16
|
|t:|1769330220
|move|p2a: Kyurem|Protect|p2a: Kyurem
|-singleturn|p2a: Kyurem|Protect
|move|p1a: Excadrill|Iron Head|p2a: Kyurem
|-activate|p2a: Kyurem|move: Protect
|
|-weather|none
|-heal|p2a: Kyurem|82/100|[from] item: Leftovers
|upkeep
|turn|17
|
|t:|1769330230
|move|p1a: Excadrill|Iron Head|p2a: Kyurem
|-supereffective|p2a: Kyurem
|-damage|p2a: Kyurem|0 fnt
|faint|p2a: Kyurem
|
|upkeep
|
|t:|1769330234
|switch|p2a: Cinderace|Cinderace, M|55/100
|turn|18
|
|t:|1769330237
|-terastallize|p1a: Excadrill|Fire
|move|p2a: Cinderace|Will-O-Wisp|p1a: Excadrill|[miss]
|-miss|p2a: Cinderace|p1a: Excadrill
|move|p1a: Excadrill|Rapid Spin|p2a: Cinderace
|-damage|p2a: Cinderace|15/100
|-boost|p1a: Excadrill|spe|1
|
|upkeep
|turn|19
|
|t:|1769330241
|move|p1a: Excadrill|Rapid Spin|p2a: Cinderace
|-damage|p2a: Cinderace|0 fnt
|-boost|p1a: Excadrill|spe|1
|faint|p2a: Cinderace
|
|upkeep
|
|t:|1769330248
|switch|p2a: Enamorus|Enamorus, F|100/100
|turn|20
|
|t:|1769330252
|move|p1a: Excadrill|Iron Head|p2a: Enamorus
|-supereffective|p2a: Enamorus
|-damage|p2a: Enamorus|0 fnt
|faint|p2a: Enamorus
|
|upkeep
|-message|Palm X forfeited.
|
|win|CambridgeFoulPlay
|raw|CambridgeFoulPlay's rating: 1672 &rarr; <strong>1687</strong><br />(+15 for winning)
|raw|Palm X's rating: 1589 &rarr; <strong>1574</strong><br />(-15 for losing)
|c|☆CambridgeFoulPlay|gg
|l|☆Palm X
|player|p2|
|l|☆CambridgeFoulPlay
|player|p1|
