|j|☆thehailgod
|j|☆Phillip Blevin
|t:|1769410469
|gametype|singles
|player|p1|thehailgod|plasmagruntf|1347
|player|p2|Phillip Blevin|265|1431
|gen|9
|tier|[Gen 9] OU
|rated|
|rule|HP Percentage Mod: HP is shown in percentages
|rule|Endless Battle Clause: Forcing endless battles is banned
|rule|Species Clause: Limit one of each Pokémon
|rule|OHKO Clause: OHKO moves are banned
|rule|Evasion Items Clause: Evasion items are banned
|rule|Evasion Moves Clause: Evasion moves are banned
|rule|Evasion Abilities Clause: Evasion abilities are banned
|rule|Sleep Moves Clause: Sleep-inducing moves are banned
|clearpoke
|poke|p1|Tyranitar, F|
|poke|p1|Gholdengo|
|poke|p1|Zamazenta-*|
|poke|p1|Rillaboom, M|
|poke|p1|Garchomp, M|
|poke|p1|Zapdos|
|poke|p2|Iron Hands|
|poke|p2|Mandibuzz, F|
|poke|p2|Garganacl, M|
|poke|p2|Rillaboom, M|
|poke|p2|Alomomola, F|
|poke|p2|Dragapult, F|
|teampreview
|inactive|Battle timer is ON: inactive players will automatically lose when time's up. (requested by Phillip Blevin)
|
|t:|1769410473
|teamsize|p1|6
|teamsize|p2|6
|start
|switch|p1a: Zapdos|Zapdos|100/100
|switch|p2a: Dragapult|Dragapult, F|100/100
|turn|1
|
|t:|1769410481
|switch|p2a: Garganacl|Garganacl, M|100/100
|move|p1a: Zapdos|Volt Switch|p2a: Garganacl
|-damage|p2a: Garganacl|80/100
|
|t:|1769410498
|switch|p1a: Garchomp|Garchomp, M|100/100|[from] Volt Switch
|
|-heal|p2a: Garganacl|86/100|[from] item: Leftovers
|upkeep
|turn|2
|
|t:|1769410508
|move|p1a: Garchomp|Stealth Rock|p2a: Garganacl
|-sidestart|p2: Phillip Blevin|move: Stealth Rock
|move|p2a: Garganacl|Stealth Rock|p1a: Garchomp
|-sidestart|p1: thehailgod|move: Stealth Rock
|
|-heal|p2a: Garganacl|93/100|[from] item: Leftovers
|upkeep
|turn|3
|
|t:|1769410511
|switch|p2a: Alomomola|Alomomola, F|100/100
|move|p1a: Garchomp|Spikes|p2a: Alomomola
|-sidestart|p2: Phillip Blevin|Spikes
|
|upkeep
|turn|4
|
|t:|1769410515
|move|p2a: Alomomola|Scald|p1a: Garchomp
|-damage|p1a: Garchomp|89/100
|move|p1a: Garchomp|Dragon Tail|p2a: Alomomola|[miss]
|-miss|p1a: Garchomp|p2a: Alomomola
|
|upkeep
|turn|5
|
|t:|1769410519
|switch|p1a: Zapdos|Zapdos|100/100
|move|p2a: Alomomola|Scald|p1a: Zapdos
|-damage|p1a: Zapdos|87/100
|
|upkeep
|turn|6
|
|t:|1769410522
|move|p2a: Alomomola|Protect|p2a: Alomomola
|-singleturn|p2a: Alomomola|Protect
|move|p1a: Zapdos|Volt Switch|p2a: Alomomola
|-activate|p2a: Alomomola|move: Protect
|
|upkeep
|turn|7
|
|t:|1769410525
|move|p1a: Zapdos|Volt Switch|p2a: Alomomola
|-supereffective|p2a: Alomomola
|-damage|p2a: Alomomola|27/100
|
|t:|1769410534
|switch|p1a: Garchomp|Garchomp, M|89/100|[from] Volt Switch
|-damage|p1a: Garchomp|83/100|[from] Stealth Rock
|move|p2a: Alomomola|Wish|p2a: Alomomola
|
|upkeep
|turn|8
|
|t:|1769410540
|move|p2a: Alomomola|Protect|p2a: Alomomola
|-singleturn|p2a: Alomomola|Protect
|move|p1a: Garchomp|Dragon Tail|p2a: Alomomola
|-activate|p2a: Alomomola|move: Protect
|
|-heal|p2a: Alomomola|77/100|[from] move: Wish|[wisher] Alomomola
|upkeep
|turn|9
|
|t:|1769410543
|move|p1a: Garchomp|Spikes|p2a: Alomomola
|-sidestart|p2: Phillip Blevin|Spikes
|move|p2a: Alomomola|Wish|p2a: Alomomola
|
|upkeep
|turn|10
|
|t:|1769410549
|move|p1a: Garchomp|Spikes|p2a: Alomomola
|-sidestart|p2: Phillip Blevin|Spikes
|move|p2a: Alomomola|Scald|p1a: Garchomp
|-damage|p1a: Garchomp|71/100
|-status|p1a: Garchomp|brn
|
|-heal|p2a: Alomomola|100/100|[from] move: Wish|[wisher] Alomomola
|-damage|p1a: Garchomp|65/100 brn|[from] brn
|upkeep
|turn|11
|
|t:|1769410551
|move|p2a: Alomomola|Scald|p1a: Garchomp
|-damage|p1a: Garchomp|52/100 brn
|move|p1a: Garchomp|Dragon Tail|p2a: Alomomola
|-damage|p2a: Alomomola|93/100
|drag|p2a: Rillaboom|Rillaboom, M|100/100
|-damage|p2a: Rillaboom|88/100|[from] Stealth Rock
|-damage|p2a: Rillaboom|63/100|[from] Spikes
|-fieldstart|move: Grassy Terrain|[from] ability: Grassy Surge|[of] p2a: Rillaboom
|
|-heal|p1a: Garchomp|58/100 brn|[from] Grassy Terrain
|-heal|p2a: Rillaboom|69/100|[from] Grassy Terrain
|-damage|p1a: Garchomp|52/100 brn|[from] brn
|upkeep
|turn|12
|
|t:|1769410558
|switch|p2a: Mandibuzz|Mandibuzz, F|100/100
|move|p1a: Garchomp|Dragon Tail|p2a: Mandibuzz
|-crit|p2a: Mandibuzz
|-damage|p2a: Mandibuzz|89/100
|drag|p2a: Garganacl|Garganacl, M|93/100
|-damage|p2a: Garganacl|80/100|[from] Stealth Rock
|-damage|p2a: Garganacl|55/100|[from] Spikes
|
|-heal|p1a: Garchomp|58/100 brn|[from] Grassy Terrain
|-heal|p2a: Garganacl|61/100|[from] Grassy Terrain
|-heal|p2a: Garganacl|68/100|[from] item: Leftovers
|-damage|p1a: Garchomp|52/100 brn|[from] brn
|upkeep
|turn|13
|
|t:|1769410573
|move|p2a: Garganacl|Recover|p2a: Garganacl
|-heal|p2a: Garganacl|100/100
|move|p1a: Garchomp|Dragon Tail|p2a: Garganacl
|-damage|p2a: Garganacl|92/100
|drag|p2a: Rillaboom|Rillaboom, M|69/100
|-damage|p2a: Rillaboom|57/100|[from] Stealth Rock
|-damage|p2a: Rillaboom|32/100|[from] Spikes
|
|-heal|p1a: Garchomp|58/100 brn|[from] Grassy Terrain
|-heal|p2a: Rillaboom|38/100|[from] Grassy Terrain
|-damage|p1a: Garchomp|52/100 brn|[from] brn
|upkeep
|turn|14
|
|t:|1769410577
|move|p2a: Rillaboom|Grassy Glide|p1a: Garchomp
|-damage|p1a: Garchomp|26/100 brn
|-damage|p2a: Rillaboom|25/100|[from] ability: Rough Skin|[of] p1a: Garchomp
|-damage|p2a: Rillaboom|9/100|[from] item: Rocky Helmet|[of] p1a: Garchomp
|move|p1a: Garchomp|Dragon Tail|p2a: Rillaboom
|-damage|p2a: Rillaboom|0 fnt
|faint|p2a: Rillaboom
|
|-heal|p1a: Garchomp|32/100 brn|[from] Grassy Terrain
|-damage|p1a: Garchomp|26/100 brn|[from] brn
|upkeep
|
|t:|1769410582
|switch|p2a: Mandibuzz|Mandibuzz, F|89/100
|turn|15
|
|t:|1769410588
|switch|p1a: Gholdengo|Gholdengo|100/100
|-damage|p1a: Gholdengo|94/100|[from] Stealth Rock
|-item|p1a: Gholdengo|Air Balloon
|move|p2a: Mandibuzz|Foul Play|p1a: Gholdengo
|-supereffective|p1a: Gholdengo
|-damage|p1a: Gholdengo|72/100
|-enditem|p1a: Gholdengo|Air Balloon
|
|-heal|p1a: Gholdengo|78/100|[from] Grassy Terrain
|upkeep
|turn|16
|
|t:|1769410594
|switch|p2a: Alomomola|Alomomola, F|100/100
|move|p1a: Gholdengo|Thunder Wave|p2a: Alomomola
|-status|p2a: Alomomola|par
|
|-heal|p1a: Gholdengo|84/100|[from] Grassy Terrain
|upkeep
|turn|17
|
|t:|1769410598
|move|p1a: Gholdengo|Hex|p2a: Alomomola
|-damage|p2a: Alomomola|35/100 par
|move|p2a: Alomomola|Flip Turn|p1a: Gholdengo
|-damage|p1a: Gholdengo|72/100
|
|t:|1769410609
|switch|p2a: Dragapult|Dragapult, F|100/100|[from] Flip Turn
|-damage|p2a: Dragapult|88/100|[from] Stealth Rock
|-damage|p2a: Dragapult|63/100|[from] Spikes
|
|-heal|p2a: Dragapult|69/100|[from] Grassy Terrain
|-heal|p1a: Gholdengo|78/100|[from] Grassy Terrain
|upkeep
|turn|18
|
|t:|1769410615
|switch|p1a: Garchomp|Garchomp, M|26/100 brn
|-damage|p1a: Garchomp|20/100 brn|[from] Stealth Rock
|-terastallize|p2a: Dragapult|Ghost
|move|p2a: Dragapult|Tera Blast|p1a: Garchomp|[anim] Tera Blast Ghost
|-damage|p1a: Garchomp|0 fnt
|faint|p1a: Garchomp
|
|-heal|p2a: Dragapult|75/100|[from] Grassy Terrain
|-fieldend|move: Grassy Terrain
|upkeep
|
|t:|1769410622
|switch|p1a: Tyranitar|Tyranitar, F|100/100
|-weather|Sandstorm|[from] ability: Sand Stream|[of] p1a: Tyranitar
|turn|19
|
|t:|1769410629
|switch|p2a: Iron Hands|Iron Hands|100/100
|-damage|p2a: Iron Hands|94/100|[from] Stealth Rock
|-damage|p2a: Iron Hands|69/100|[from] Spikes
|move|p1a: Tyranitar|Knock Off|p2a: Iron Hands
|-resisted|p2a: Iron Hands
|-crit|p2a: Iron Hands
|-damage|p2a: Iron Hands|45/100
|-enditem|p2a: Iron Hands|Assault Vest|[from] move: Knock Off|[of] p1a: Tyranitar
|
|-weather|Sandstorm|[upkeep]
|-damage|p2a: Iron Hands|38/100|[from] Sandstorm
|upkeep
|turn|20
|
|t:|1769410651
|switch|p1a: Zapdos|Zapdos|87/100
|move|p2a: Iron Hands|Supercell Slam|p1a: Zapdos
|-damage|p1a: Zapdos|15/100
|
|-weather|Sandstorm|[upkeep]
|-damage|p1a: Zapdos|9/100|[from] Sandstorm
|-damage|p2a: Iron Hands|32/100|[from] Sandstorm
|upkeep
|turn|21
|
|t:|1769410659
|move|p1a: Zapdos|Roost|p1a: Zapdos
|-heal|p1a: Zapdos|59/100
|-singleturn|p1a: Zapdos|move: Roost
|move|p2a: Iron Hands|Earthquake|p1a: Zapdos
|-supereffective|p1a: Zapdos
|-damage|p1a: Zapdos|0 fnt
|faint|p1a: Zapdos
|
|-weather|Sandstorm|[upkeep]
|-damage|p2a: Iron Hands|26/100|[from] Sandstorm
|upkeep
|c|☆thehailgod|Good click
|inactive|thehailgod has 120 seconds left.
|
|t:|1769410680
|switch|p1a: Rillaboom|Rillaboom, M|100/100
|-fieldstart|move: Grassy Terrain|[from] ability: Grassy Surge|[of] p1a: Rillaboom
|turn|22
|
|t:|1769410682
|move|p1a: Rillaboom|Grassy Glide|p2a: Iron Hands
|-damage|p2a: Iron Hands|0 fnt
|faint|p2a: Iron Hands
|-end|p2a: Iron Hands|Quark Drive|[silent]
|
|-weather|Sandstorm|[upkeep]
|-damage|p1a: Rillaboom|94/100|[from] Sandstorm
|-heal|p1a: Rillaboom|100/100|[from] Grassy Terrain
|upkeep
|
|t:|1769410686
|switch|p2a: Mandibuzz|Mandibuzz, F|89/100
|turn|23
|
|t:|1769410692
|move|p1a: Rillaboom|U-turn|p2a: Mandibuzz
|-damage|p2a: Mandibuzz|74/100
|
|t:|1769410694
|switch|p1a: Gholdengo|Gholdengo|78/100|[from] U-turn
|-damage|p1a: Gholdengo|72/100|[from] Stealth Rock
|move|p2a: Mandibuzz|Foul Play|p1a: Gholdengo
|-supereffective|p1a: Gholdengo
|-damage|p1a: Gholdengo|51/100
|
|-weather|none
|-heal|p1a: Gholdengo|57/100|[from] Grassy Terrain
|upkeep
|turn|24
|
|t:|1769410704
|move|p1a: Gholdengo|Make It Rain|p2a: Mandibuzz
|-damage|p2a: Mandibuzz|30/100
|-unboost|p1a: Gholdengo|spa|1
|move|p2a: Mandibuzz|Foul Play|p1a: Gholdengo
|-supereffective|p1a: Gholdengo
|-damage|p1a: Gholdengo|34/100
|
|-heal|p1a: Gholdengo|41/100|[from] Grassy Terrain
|upkeep
|turn|25
|
|t:|1769410711
|move|p1a: Gholdengo|Hex|p2a: Mandibuzz
|-resisted|p2a: Mandibuzz
|-damage|p2a: Mandibuzz|21/100
|move|p2a: Mandibuzz|Roost|p2a: Mandibuzz
|-heal|p2a: Mandibuzz|71/100
|-singleturn|p2a: Mandibuzz|move: Roost
|
|-heal|p1a: Gholdengo|47/100|[from] Grassy Terrain
|-heal|p2a: Mandibuzz|77/100|[from] Grassy Terrain
|upkeep
|turn|26
|
|t:|1769410714
|move|p1a: Gholdengo|Thunder Wave|p2a: Mandibuzz
|-status|p2a: Mandibuzz|par
|move|p2a: Mandibuzz|Foul Play|p1a: Gholdengo
|-supereffective|p1a: Gholdengo
|-damage|p1a: Gholdengo|26/100
|
|-heal|p1a: Gholdengo|32/100|[from] Grassy Terrain
|-fieldend|move: Grassy Terrain
|upkeep
|turn|27
|
|t:|1769410719
|switch|p2a: Garganacl|Garganacl, M|92/100
|-damage|p2a: Garganacl|79/100|[from] Stealth Rock
|-damage|p2a: Garganacl|54/100|[from] Spikes
|move|p1a: Gholdengo|Recover|p1a: Gholdengo
|-heal|p1a: Gholdengo|82/100
|
|-heal|p2a: Garganacl|61/100|[from] item: Leftovers
|upkeep
|turn|28
|
|t:|1769410723
|move|p1a: Gholdengo|Make It Rain|p2a: Garganacl
|-supereffective|p2a: Garganacl
|-damage|p2a: Garganacl|19/100
|-unboost|p1a: Gholdengo|spa|1
|move|p2a: Garganacl|Recover|p2a: Garganacl
|-heal|p2a: Garganacl|69/100
|
|-heal|p2a: Garganacl|75/100|[from] item: Leftovers
|upkeep
|turn|29
|
|t:|1769410740
|switch|p1a: Tyranitar|Tyranitar, F|100/100
|-weather|Sandstorm|[from] ability: Sand Stream|[of] p1a: Tyranitar
|move|p2a: Garganacl|Salt Cure|p1a: Tyranitar
|-damage|p1a: Tyranitar|89/100
|-start|p1a: Tyranitar|Salt Cure
|
|-weather|Sandstorm|[upkeep]
|-heal|p2a: Garganacl|81/100|[from] item: Leftovers
|-damage|p1a: Tyranitar|76/100|[from] Salt Cure
|upkeep
|turn|30
|
|t:|1769410746
|move|p1a: Tyranitar|Knock Off|p2a: Garganacl
|-damage|p2a: Garganacl|50/100
|-enditem|p2a: Garganacl|Leftovers|[from] move: Knock Off|[of] p1a: Tyranitar
|move|p2a: Garganacl|Iron Defense|p2a: Garganacl
|-boost|p2a: Garganacl|def|2
|
|-weather|Sandstorm|[upkeep]
|-damage|p1a: Tyranitar|64/100|[from] Salt Cure
|upkeep
|turn|31
|
|t:|1769410752
|-terastallize|p1a: Tyranitar|Fighting
|move|p1a: Tyranitar|Low Kick|p2a: Garganacl
|-supereffective|p2a: Garganacl
|-damage|p2a: Garganacl|5/100
|move|p2a: Garganacl|Recover|p2a: Garganacl
|-heal|p2a: Garganacl|55/100
|
|-weather|Sandstorm|[upkeep]
|-damage|p1a: Tyranitar|58/100|[from] Sandstorm
|-damage|p1a: Tyranitar|45/100|[from] Salt Cure
|upkeep
|turn|32
|
|t:|1769410759
|move|p1a: Tyranitar|Low Kick|p2a: Garganacl
|-supereffective|p2a: Garganacl
|-damage|p2a: Garganacl|13/100
|move|p2a: Garganacl|Recover|p2a: Garganacl
|-heal|p2a: Garganacl|63/100
|
|-weather|Sandstorm|[upkeep]
|-damage|p1a: Tyranitar|39/100|[from] Sandstorm
|-damage|p1a: Tyranitar|26/100|[from] Salt Cure
|upkeep
|turn|33
|
|t:|1769410762
|move|p1a: Tyranitar|Low Kick|p2a: Garganacl
|-supereffective|p2a: Garganacl
|-damage|p2a: Garganacl|21/100
|move|p2a: Garganacl|Recover|p2a: Garganacl
|-heal|p2a: Garganacl|71/100
|
|-weather|none
|-damage|p1a: Tyranitar|14/100|[from] Salt Cure
|upkeep
|turn|34
|
|t:|1769410764
|move|p1a: Tyranitar|Low Kick|p2a: Garganacl
|-supereffective|p2a: Garganacl
|-damage|p2a: Garganacl|28/100
|move|p2a: Garganacl|Recover|p2a: Garganacl
|-heal|p2a: Garganacl|78/100
|
|-damage|p1a: Tyranitar|2/100|[from] Salt Cure
|upkeep
|turn|35
|
|t:|1769410767
|move|p1a: Tyranitar|Low Kick|p2a: Garganacl
|-supereffective|p2a: Garganacl
|-damage|p2a: Garganacl|36/100
|move|p2a: Garganacl|Recover|p2a: Garganacl
|-heal|p2a: Garganacl|86/100
|
|-damage|p1a: Tyranitar|0 fnt|[from] Salt Cure
|faint|p1a: Tyranitar
|upkeep
|
|t:|1769410772
|switch|p1a: Rillaboom|Rillaboom, M|100/100
|-fieldstart|move: Grassy Terrain|[from] ability: Grassy Surge|[of] p1a: Rillaboom
|turn|36
|
|t:|1769410776
|move|p1a: Rillaboom|Wood Hammer|p2a: Garganacl
|-supereffective|p2a: Garganacl
|-damage|p2a: Garganacl|27/100
|-damage|p1a: Rillaboom|78/100|[from] Recoil
|move|p2a: Garganacl|Salt Cure|p1a: Rillaboom
|-damage|p1a: Rillaboom|63/100
|-start|p1a: Rillaboom|Salt Cure
|
|-heal|p1a: Rillaboom|69/100|[from] Grassy Terrain
|-heal|p2a: Garganacl|34/100|[from] Grassy Terrain
|-damage|p1a: Rillaboom|57/100|[from] Salt Cure
|upkeep
|turn|37
|
|t:|1769410783
|move|p1a: Rillaboom|U-turn|p2a: Garganacl
|-damage|p2a: Garganacl|25/100
|
|t:|1769410786
|switch|p1a: Gholdengo|Gholdengo|82/100|[from] U-turn
|-damage|p1a: Gholdengo|76/100|[from] Stealth Rock
|move|p2a: Garganacl|Recover|p2a: Garganacl
|-heal|p2a: Garganacl|75/100
|
|-heal|p1a: Gholdengo|82/100|[from] Grassy Terrain
|-heal|p2a: Garganacl|81/100|[from] Grassy Terrain
|upkeep
|turn|38
|
|t:|1769410790
|switch|p2a: Alomomola|Alomomola, F|69/100 par
|move|p1a: Gholdengo|Make It Rain|p2a: Alomomola
|-resisted|p2a: Alomomola
|-damage|p2a: Alomomola|39/100 par
|-unboost|p1a: Gholdengo|spa|1
|
|-heal|p1a: Gholdengo|88/100|[from] Grassy Terrain
|-heal|p2a: Alomomola|46/100 par|[from] Grassy Terrain
|upkeep
|turn|39
|
|t:|1769410794
|switch|p1a: Rillaboom|Rillaboom, M|57/100
|cant|p2a: Alomomola|par
|
|-heal|p1a: Rillaboom|63/100|[from] Grassy Terrain
|-heal|p2a: Alomomola|52/100 par|[from] Grassy Terrain
|upkeep
|turn|40
|
|t:|1769410805
|move|p2a: Alomomola|Protect|p2a: Alomomola
|-singleturn|p2a: Alomomola|Protect
|move|p1a: Rillaboom|U-turn|p2a: Alomomola
|-activate|p2a: Alomomola|move: Protect
|
|-heal|p1a: Rillaboom|69/100|[from] Grassy Terrain
|-heal|p2a: Alomomola|58/100 par|[from] Grassy Terrain
|-fieldend|move: Grassy Terrain
|upkeep
|turn|41
|
|t:|1769410809
|switch|p2a: Mandibuzz|Mandibuzz, F|77/100 par
|move|p1a: Rillaboom|Knock Off|p2a: Mandibuzz
|-resisted|p2a: Mandibuzz
|-damage|p2a: Mandibuzz|66/100 par
|-enditem|p2a: Mandibuzz|Heavy-Duty Boots|[from] move: Knock Off|[of] p1a: Rillaboom
|
|upkeep
|turn|42
|
|t:|1769410819
|move|p1a: Rillaboom|U-turn|p2a: Mandibuzz
|-crit|p2a: Mandibuzz
|-damage|p2a: Mandibuzz|44/100 par
|
|t:|1769410822
|switch|p1a: Gholdengo|Gholdengo|88/100|[from] U-turn
|-damage|p1a: Gholdengo|82/100|[from] Stealth Rock
|move|p2a: Mandibuzz|Roost|p2a: Mandibuzz
|-heal|p2a: Mandibuzz|94/100 par
|-singleturn|p2a: Mandibuzz|move: Roost
|
|upkeep
|turn|43
|
|t:|1769410828
|move|p1a: Gholdengo|Hex|p2a: Mandibuzz
|-resisted|p2a: Mandibuzz
|-damage|p2a: Mandibuzz|69/100 par
|move|p2a: Mandibuzz|Foul Play|p1a: Gholdengo
|-supereffective|p1a: Gholdengo
|-damage|p1a: Gholdengo|62/100
|
|upkeep
|turn|44
|
|t:|1769410836
|switch|p2a: Alomomola|Alomomola, F|91/100 par
|move|p1a: Gholdengo|Hex|p2a: Alomomola
|-damage|p2a: Alomomola|29/100 par
|
|upkeep
|turn|45
|
|t:|1769410842
|move|p1a: Gholdengo|Make It Rain|p2a: Alomomola
|-resisted|p2a: Alomomola
|-damage|p2a: Alomomola|0 fnt
|-unboost|p1a: Gholdengo|spa|1
|faint|p2a: Alomomola
|
|upkeep
|
|t:|1769410845
|switch|p2a: Dragapult|Dragapult, F, tera:Ghost|75/100
|-damage|p2a: Dragapult|63/100|[from] Stealth Rock
|-damage|p2a: Dragapult|38/100|[from] Spikes
|turn|46
|
|t:|1769410850
|move|p2a: Dragapult|Tera Blast|p1a: Gholdengo|[anim] Tera Blast Ghost
|-supereffective|p1a: Gholdengo
|-damage|p1a: Gholdengo|0 fnt
|faint|p1a: Gholdengo
|
|upkeep
|
|t:|1769410853
|switch|p1a: Rillaboom|Rillaboom, M|69/100
|-fieldstart|move: Grassy Terrain|[from] ability: Grassy Surge|[of] p1a: Rillaboom
|turn|47
|
|t:|1769410864
|switch|p2a: Mandibuzz|Mandibuzz, F|69/100 par
|-damage|p2a: Mandibuzz|44/100 par|[from] Stealth Rock
|move|p1a: Rillaboom|Grassy Glide|p2a: Mandibuzz
|-resisted|p2a: Mandibuzz
|-damage|p2a: Mandibuzz|33/100 par
|
|-heal|p1a: Rillaboom|75/100|[from] Grassy Terrain
|upkeep
|turn|48
|
|t:|1769410873
|move|p1a: Rillaboom|Wood Hammer|p2a: Mandibuzz
|-resisted|p2a: Mandibuzz
|-damage|p2a: Mandibuzz|9/100 par
|-damage|p1a: Rillaboom|65/100|[from] Recoil
|cant|p2a: Mandibuzz|par
|
|-heal|p1a: Rillaboom|71/100|[from] Grassy Terrain
|upkeep
|turn|49
|
|t:|1769410881
|move|p1a: Rillaboom|Grassy Glide|p2a: Mandibuzz
|-resisted|p2a: Mandibuzz
|-damage|p2a: Mandibuzz|0 fnt
|faint|p2a: Mandibuzz
|
|-heal|p1a: Rillaboom|77/100|[from] Grassy Terrain
|upkeep
|c|☆Phillip Blevin|gg
|
|t:|1769410885
|switch|p2a: Garganacl|Garganacl, M|81/100
|-damage|p2a: Garganacl|69/100|[from] Stealth Rock
|-damage|p2a: Garganacl|44/100|[from] Spikes
|turn|50
|
|t:|1769410891
|move|p1a: Rillaboom|Wood Hammer|p2a: Garganacl
|-supereffective|p2a: Garganacl
|-damage|p2a: Garganacl|0 fnt
|faint|p2a: Garganacl
|-damage|p1a: Rillaboom|60/100|[from] Recoil
|
|-heal|p1a: Rillaboom|67/100|[from] Grassy Terrain
|upkeep
|
|t:|1769410897
|switch|p2a: Dragapult|Dragapult, F, tera:Ghost|38/100
|-damage|p2a: Dragapult|26/100|[from] Stealth Rock
|-damage|p2a: Dragapult|1/100|[from] Spikes
|turn|51
|c|☆thehailgod|Gg
|
|t:|1769410903
|move|p1a: Rillaboom|Grassy Glide|p2a: Dragapult
|-damage|p2a: Dragapult|0 fnt
|faint|p2a: Dragapult
|
|win|thehailgod
|raw|thehailgod's rating: 1347 &rarr; <strong>1372</strong><br />(+25 for winning)
|raw|Phillip Blevin's rating: 1431 &rarr; <strong>1406</strong><br />(-25 for losing)
