|j|☆danisoldado
|j|☆Cactuino
|t:|1769352628
|gametype|singles
|player|p1|danisoldado|ethan|1369
|player|p2|Cactuino|guzma|1365
|gen|9
|tier|[Gen 9] OU
|rated|
|rule|HP Percentage Mod: HP is shown in percentages
|rule|Endless Battle Clause: Forcing endless battles is banned
|rule|Species Clause: Limit one of each Pokémon
|rule|OHKO Clause: OHKO moves are banned
|rule|Evasion Items Clause: Evasion items are banned
|rule|Evasion Moves Clause: Evasion moves are banned
|rule|Evasion Abilities Clause: Evasion abilities are banned
|rule|Sleep Moves Clause: Sleep-inducing moves are banned
|clearpoke
|poke|p1|Sableye, M|
|poke|p1|Minior|
|poke|p1|Glimmora, F|
|poke|p1|Muk-Alola, M|
|poke|p1|Porygon2|
|poke|p1|Rotom-Heat|
|poke|p2|Ogerpon-Cornerstone, F|
|poke|p2|Hatterene, F|
|poke|p2|Zapdos|
|poke|p2|Kingambit, M|
|poke|p2|Iron Treads|
|poke|p2|Okidogi, M|
|teampreview
|inactive|Battle timer is ON: inactive players will automatically lose when time's up. (requested by danisoldado)
|
|t:|1769352638
|teamsize|p1|6
|teamsize|p2|6
|start
|switch|p1a: G4|Muk-Alola, M|100/100
|switch|p2a: Zapdos|Zapdos|100/100
|turn|1
|
|t:|1769352654
|move|p2a: Zapdos|Discharge|p1a: G4
|-damage|p1a: G4|82/100
|move|p1a: G4|Knock Off|p2a: Zapdos
|-damage|p2a: Zapdos|68/100
|-enditem|p2a: Zapdos|Heavy-Duty Boots|[from] move: Knock Off|[of] p1a: G4
|
|upkeep
|turn|2
|
|t:|1769352660
|move|p2a: Zapdos|Discharge|p1a: G4
|-damage|p1a: G4|64/100
|move|p1a: G4|Ice Punch|p2a: Zapdos
|-supereffective|p2a: Zapdos
|-damage|p2a: Zapdos|29/100
|
|upkeep
|turn|3
|
|t:|1769352667
|move|p2a: Zapdos|U-turn|p1a: G4
|-damage|p1a: G4|50/100
|
|t:|1769352671
|switch|p2a: Iron Treads|Iron Treads|100/100|[from] U-turn
|-item|p2a: Iron Treads|Air Balloon
|move|p1a: G4|Poison Jab|p2a: Iron Treads
|-immune|p2a: Iron Treads
|
|upkeep
|turn|4
|
|t:|1769352679
|switch|p1a: Libs|Porygon2|100/100
|-ability|p1a: Libs|Download|boost
|-boost|p1a: Libs|spa|1
|move|p2a: Iron Treads|Earthquake|p1a: Libs
|-damage|p1a: Libs|78/100
|
|upkeep
|turn|5
|
|t:|1769352687
|-end|p2a: Iron Treads|Quark Drive|[silent]
|switch|p2a: Okidogi|Okidogi, M|100/100
|move|p1a: Libs|Ice Beam|p2a: Okidogi
|-damage|p2a: Okidogi|80/100
|
|upkeep
|turn|6
|
|t:|1769352705
|move|p2a: Okidogi|Drain Punch|p1a: Libs
|-supereffective|p1a: Libs
|-damage|p1a: Libs|36/100
|-heal|p2a: Okidogi|100/100|[from] drain|[of] p1a: Libs
|move|p1a: Libs|Recover|p1a: Libs
|-heal|p1a: Libs|86/100
|
|upkeep
|turn|7
|
|t:|1769352717
|move|p2a: Okidogi|Knock Off|p1a: Libs
|-damage|p1a: Libs|69/100
|-enditem|p1a: Libs|Eviolite|[from] move: Knock Off|[of] p2a: Okidogi
|move|p1a: Libs|Ice Beam|p2a: Okidogi
|-damage|p2a: Okidogi|76/100
|
|upkeep
|turn|8
|
|t:|1769352724
|switch|p1a: Amatista|Sableye, M|100/100
|move|p2a: Okidogi|Drain Punch|p1a: Amatista
|-immune|p1a: Amatista
|
|upkeep
|turn|9
|
|t:|1769352736
|move|p2a: Okidogi|Knock Off|p1a: Amatista
|-damage|p1a: Amatista|67/100
|-damage|p2a: Okidogi|60/100|[from] item: Rocky Helmet|[of] p1a: Amatista
|-status|p1a: Amatista|tox|[from] ability: Toxic Chain|[of] p2a: Okidogi
|-enditem|p1a: Amatista|Rocky Helmet|[from] move: Knock Off|[of] p2a: Okidogi
|move|p1a: Amatista|Knock Off|p2a: Okidogi
|-resisted|p2a: Okidogi
|-damage|p2a: Okidogi|50/100
|-enditem|p2a: Okidogi|Assault Vest|[from] move: Knock Off|[of] p1a: Amatista
|
|-damage|p1a: Amatista|61/100 tox|[from] psn
|upkeep
|turn|10
|
|t:|1769352747
|switch|p2a: Zapdos|Zapdos|29/100
|move|p1a: Amatista|Will-O-Wisp|p2a: Zapdos
|-status|p2a: Zapdos|brn
|
|-damage|p1a: Amatista|49/100 tox|[from] psn
|-damage|p2a: Zapdos|23/100 brn|[from] brn
|upkeep
|turn|11
|
|t:|1769352756
|move|p1a: Amatista|Recover|p1a: Amatista
|-heal|p1a: Amatista|99/100 tox
|move|p2a: Zapdos|Roost|p2a: Zapdos
|-heal|p2a: Zapdos|73/100 brn
|-singleturn|p2a: Zapdos|move: Roost
|
|-damage|p1a: Amatista|80/100 tox|[from] psn
|-damage|p2a: Zapdos|67/100 brn|[from] brn
|upkeep
|turn|12
|
|t:|1769352765
|switch|p1a: G4|Muk-Alola, M|50/100
|move|p2a: Zapdos|Discharge|p1a: G4
|-damage|p1a: G4|31/100
|
|-damage|p2a: Zapdos|61/100 brn|[from] brn
|upkeep
|turn|13
|
|t:|1769352776
|move|p2a: Zapdos|Discharge|p1a: G4
|-damage|p1a: G4|14/100
|-status|p1a: G4|par
|move|p1a: G4|Ice Punch|p2a: Zapdos
|-supereffective|p2a: Zapdos
|-damage|p2a: Zapdos|23/100 brn
|
|-damage|p2a: Zapdos|17/100 brn|[from] brn
|upkeep
|turn|14
|
|t:|1769352788
|move|p2a: Zapdos|Discharge|p1a: G4
|-damage|p1a: G4|0 fnt
|faint|p1a: G4
|
|-damage|p2a: Zapdos|11/100 brn|[from] brn
|upkeep
|
|t:|1769352795
|switch|p1a: Condrito|Minior|100/100
|-formechange|p1a: Condrito|Minior-Meteor||[from] ability: Shields Down
|turn|15
|
|t:|1769352801
|-terastallize|p1a: Condrito|Ground
|move|p1a: Condrito|Shell Smash|p1a: Condrito
|-unboost|p1a: Condrito|def|1
|-unboost|p1a: Condrito|spd|1
|-boost|p1a: Condrito|atk|2
|-boost|p1a: Condrito|spa|2
|-boost|p1a: Condrito|spe|2
|-enditem|p1a: Condrito|White Herb
|-clearnegativeboost|p1a: Condrito|[silent]
|move|p2a: Zapdos|Discharge|p1a: Condrito
|-immune|p1a: Condrito
|
|-damage|p2a: Zapdos|5/100 brn|[from] brn
|upkeep
|turn|16
|
|t:|1769352816
|move|p1a: Condrito|Acrobatics|p2a: Zapdos
|-resisted|p2a: Zapdos
|-damage|p2a: Zapdos|0 fnt
|faint|p2a: Zapdos
|
|upkeep
|
|t:|1769352823
|switch|p2a: Ogerpon|Ogerpon-Cornerstone, F|100/100
|turn|17
|
|t:|1769352852
|move|p1a: Condrito|Earthquake|p2a: Ogerpon
|-damage|p2a: Ogerpon|11/100
|move|p2a: Ogerpon|Power Whip|p1a: Condrito
|-supereffective|p1a: Condrito
|-damage|p1a: Condrito|0 fnt
|faint|p1a: Condrito
|
|upkeep
|
|t:|1769352859
|switch|p1a: Libs|Porygon2|69/100
|-ability|p1a: Libs|Download|boost
|-boost|p1a: Libs|atk|1
|turn|18
|inactive|Cactuino has 120 seconds left.
|
|t:|1769352898
|move|p2a: Ogerpon|Superpower|p1a: Libs
|-supereffective|p1a: Libs
|-damage|p1a: Libs|0 fnt
|-unboost|p2a: Ogerpon|atk|1
|-unboost|p2a: Ogerpon|def|1
|faint|p1a: Libs
|
|upkeep
|
|t:|1769352917
|switch|p1a: Amatista|Sableye, M|80/100 tox
|turn|19
|
|t:|1769352925
|move|p2a: Ogerpon|Ivy Cudgel|p1a: Amatista|[anim] Ivy Cudgel Rock
|-damage|p1a: Amatista|41/100 tox
|move|p1a: Amatista|Knock Off|p2a: Ogerpon
|-damage|p2a: Ogerpon|0 fnt
|faint|p2a: Ogerpon
|
|-damage|p1a: Amatista|35/100 tox|[from] psn
|upkeep
|
|t:|1769352928
|switch|p2a: Okidogi|Okidogi, M|50/100
|turn|20
|
|t:|1769352934
|move|p1a: Amatista|Will-O-Wisp|p2a: Okidogi
|-status|p2a: Okidogi|brn
|move|p2a: Okidogi|Gunk Shot|p1a: Amatista
|-resisted|p1a: Amatista
|-damage|p1a: Amatista|19/100 tox
|
|-damage|p1a: Amatista|7/100 tox|[from] psn
|-damage|p2a: Okidogi|44/100 brn|[from] brn
|upkeep
|turn|21
|
|t:|1769352954
|move|p1a: Amatista|Recover|p1a: Amatista
|-heal|p1a: Amatista|57/100 tox
|move|p2a: Okidogi|Knock Off|p1a: Amatista
|-damage|p1a: Amatista|44/100 tox
|
|-damage|p1a: Amatista|25/100 tox|[from] psn
|-damage|p2a: Okidogi|38/100 brn|[from] brn
|upkeep
|turn|22
|
|t:|1769352969
|switch|p2a: Hatterene|Hatterene, F|100/100
|move|p1a: Amatista|Knock Off|p2a: Hatterene
|-damage|p2a: Hatterene|80/100
|-damage|p1a: Amatista|8/100 tox|[from] item: Rocky Helmet|[of] p2a: Hatterene
|-enditem|p2a: Hatterene|Rocky Helmet|[from] move: Knock Off|[of] p1a: Amatista
|
|-damage|p1a: Amatista|0 fnt|[from] psn
|faint|p1a: Amatista
|upkeep
|
|t:|1769352988
|switch|p1a: Cusoflor|Glimmora, F|100/100
|turn|23
|
|t:|1769353001
|move|p1a: Cusoflor|Power Gem|p2a: Hatterene
|-damage|p2a: Hatterene|38/100
|move|p2a: Hatterene|Psychic Noise|p1a: Cusoflor
|-supereffective|p1a: Cusoflor
|-damage|p1a: Cusoflor|10/100
|-start|p1a: Cusoflor|move: Heal Block
|
|upkeep
|turn|24
|
|t:|1769353009
|switch|p2a: Iron Treads|Iron Treads|100/100
|-item|p2a: Iron Treads|Air Balloon
|move|p1a: Cusoflor|Power Gem|p2a: Iron Treads
|-resisted|p2a: Iron Treads
|-damage|p2a: Iron Treads|85/100
|-enditem|p2a: Iron Treads|Air Balloon
|
|-end|p1a: Cusoflor|move: Heal Block
|upkeep
|turn|25
|
|t:|1769353018
|switch|p1a: Muffle|Rotom-Heat|100/100
|move|p2a: Iron Treads|Earthquake|p1a: Muffle
|-immune|p1a: Muffle|[from] ability: Levitate
|
|upkeep
|turn|26
|
|t:|1769353028
|-end|p2a: Iron Treads|Quark Drive|[silent]
|switch|p2a: Okidogi|Okidogi, M|38/100 brn
|move|p1a: Muffle|Nasty Plot|p1a: Muffle
|-boost|p1a: Muffle|spa|2
|
|-damage|p2a: Okidogi|31/100 brn|[from] brn
|upkeep
|turn|27
|
|t:|1769353035
|move|p1a: Muffle|Thunderbolt|p2a: Okidogi
|-damage|p2a: Okidogi|0 fnt
|faint|p2a: Okidogi
|
|upkeep
|
|t:|1769353051
|switch|p2a: Kingambit|Kingambit, M|100/100
|-activate|p2a: Kingambit|ability: Supreme Overlord
|-start|p2a: Kingambit|fallen3|[silent]
|turn|28
|
|t:|1769353059
|move|p1a: Muffle|Overheat|p2a: Kingambit
|-supereffective|p2a: Kingambit
|-damage|p2a: Kingambit|0 fnt
|-unboost|p1a: Muffle|spa|2
|faint|p2a: Kingambit
|-end|p2a: Kingambit|fallen3|[silent]
|
|upkeep
|-message|Cactuino forfeited.
|
|win|danisoldado
|raw|danisoldado's rating: 1369 &rarr; <strong>1388</strong><br />(+19 for winning)
|raw|Cactuino's rating: 1345 &rarr; <strong>1326</strong><br />(-19 for losing)
|l|☆Cactuino
|player|p2|
|l|☆danisoldado
|player|p1|
