|j|☆choicesocks
|j|☆kyuremhardwin
|t:|1769409980
|gametype|singles
|player|p1|choicesocks|265|1347
|player|p2|kyuremhardwin|265|1388
|gen|9
|tier|[Gen 9] OU
|rated|
|rule|HP Percentage Mod: HP is shown in percentages
|rule|Endless Battle Clause: Forcing endless battles is banned
|rule|Species Clause: Limit one of each Pokémon
|rule|OHKO Clause: OHKO moves are banned
|rule|Evasion Items Clause: Evasion items are banned
|rule|Evasion Moves Clause: Evasion moves are banned
|rule|Evasion Abilities Clause: Evasion abilities are banned
|rule|Sleep Moves Clause: Sleep-inducing moves are banned
|clearpoke
|poke|p1|Garchomp, F|
|poke|p1|Samurott-Hisui, M|
|poke|p1|Glimmora, F|
|poke|p1|Gholdengo|
|poke|p1|Iron Valiant|
|poke|p1|Dragapult, M|
|poke|p2|Weezing-Galar, F|
|poke|p2|Blissey, F|
|poke|p2|Talonflame, M|
|poke|p2|Kyurem|
|poke|p2|Dondozo, M|
|poke|p2|Cresselia, F|
|teampreview
|
|t:|1769409987
|teamsize|p1|6
|teamsize|p2|6
|start
|switch|p1a: Samurott|Samurott-Hisui, M|100/100
|switch|p2a: Kyurem|Kyurem|100/100
|-ability|p2a: Kyurem|Pressure
|turn|1
|
|t:|1769409998
|move|p2a: Kyurem|Substitute|p2a: Kyurem
|-start|p2a: Kyurem|Substitute
|-damage|p2a: Kyurem|75/100
|move|p1a: Samurott|Ceaseless Edge|p2a: Kyurem
|-end|p2a: Kyurem|Substitute
|-sidestart|p2: kyuremhardwin|Spikes
|
|-heal|p2a: Kyurem|82/100|[from] item: Leftovers
|upkeep
|turn|2
|
|t:|1769410007
|move|p2a: Kyurem|Protect|p2a: Kyurem
|-singleturn|p2a: Kyurem|Protect
|move|p1a: Samurott|Ceaseless Edge|p2a: Kyurem
|-activate|p2a: Kyurem|move: Protect
|
|-heal|p2a: Kyurem|88/100|[from] item: Leftovers
|upkeep
|turn|3
|
|t:|1769410035
|switch|p2a: Weezing|Weezing-Galar, F|100/100
|-ability|p2a: Weezing|Neutralizing Gas
|-damage|p2a: Weezing|88/100|[from] Spikes
|move|p1a: Samurott|Ceaseless Edge|p2a: Weezing
|-resisted|p2a: Weezing
|-damage|p2a: Weezing|77/100
|-sidestart|p2: kyuremhardwin|Spikes
|
|-heal|p2a: Weezing|83/100|[from] item: Leftovers
|upkeep
|turn|4
|inactive|Battle timer is ON: inactive players will automatically lose when time's up. (requested by kyuremhardwin)
|
|t:|1769410049
|switch|p1a: Gholdengo|Gholdengo|100/100
|move|p2a: Weezing|Defog|p1a: Gholdengo
|-unboost|p1a: Gholdengo|evasion|1
|-sideend|p2: kyuremhardwin|Spikes|[from] move: Defog|[of] p2a: Weezing
|
|-heal|p2a: Weezing|89/100|[from] item: Leftovers
|upkeep
|turn|5
|
|t:|1769410062
|-end|p2a: Weezing|ability: Neutralizing Gas
|switch|p2a: Cresselia|Cresselia, F|100/100
|move|p1a: Gholdengo|Trick|p2a: Cresselia
|-activate|p1a: Gholdengo|move: Trick|[of] p2a: Cresselia
|-item|p2a: Cresselia|Choice Scarf|[from] move: Trick
|-item|p1a: Gholdengo|Choice Scarf|[from] move: Trick
|
|upkeep
|turn|6
|
|t:|1769410071
|switch|p2a: Talonflame|Talonflame, M|100/100
|move|p1a: Gholdengo|Shadow Ball|p2a: Talonflame
|-damage|p2a: Talonflame|46/100
|
|upkeep
|turn|7
|
|t:|1769410078
|switch|p2a: Blissey.exe|Blissey, F|100/100
|move|p1a: Gholdengo|Shadow Ball|p2a: Blissey.exe
|-immune|p2a: Blissey.exe
|
|upkeep
|turn|8
|
|t:|1769410098
|switch|p1a: Samurott|Samurott-Hisui, M|100/100
|switch|p2a: Kyurem|Kyurem|88/100
|-ability|p2a: Kyurem|Pressure
|
|-heal|p2a: Kyurem|94/100|[from] item: Leftovers
|upkeep
|turn|9
|
|t:|1769410108
|move|p2a: Kyurem|Protect|p2a: Kyurem
|-singleturn|p2a: Kyurem|Protect
|move|p1a: Samurott|Knock Off|p2a: Kyurem
|-activate|p2a: Kyurem|move: Protect
|
|-heal|p2a: Kyurem|99/100|[from] item: Leftovers
|upkeep
|turn|10
|
|t:|1769410116
|switch|p2a: Weezing|Weezing-Galar, F|89/100
|-ability|p2a: Weezing|Neutralizing Gas
|move|p1a: Samurott|Knock Off|p2a: Weezing
|-resisted|p2a: Weezing
|-damage|p2a: Weezing|74/100
|-enditem|p2a: Weezing|Leftovers|[from] move: Knock Off|[of] p1a: Samurott
|
|upkeep
|turn|11
|
|t:|1769410127
|switch|p1a: Gholdengo|Gholdengo|100/100
|move|p2a: Weezing|Will-O-Wisp|p1a: Gholdengo
|-status|p1a: Gholdengo|brn
|
|-damage|p1a: Gholdengo|94/100 brn|[from] brn
|upkeep
|turn|12
|
|t:|1769410136
|-end|p2a: Weezing|ability: Neutralizing Gas
|switch|p2a: Cresselia|Cresselia, F|100/100
|move|p1a: Gholdengo|Trick|p2a: Cresselia
|-activate|p1a: Gholdengo|move: Trick|[of] p2a: Cresselia
|-item|p2a: Cresselia|Choice Scarf|[from] move: Trick
|-item|p1a: Gholdengo|Choice Scarf|[from] move: Trick
|
|-damage|p1a: Gholdengo|88/100 brn|[from] brn
|upkeep
|turn|13
|
|t:|1769410146
|move|p2a: Cresselia|Thunderbolt|p1a: Gholdengo
|-damage|p1a: Gholdengo|70/100 brn
|move|p1a: Gholdengo|Trick|p2a: Cresselia
|-activate|p1a: Gholdengo|move: Trick|[of] p2a: Cresselia
|-item|p2a: Cresselia|Choice Scarf|[from] move: Trick
|-item|p1a: Gholdengo|Choice Scarf|[from] move: Trick
|
|-damage|p1a: Gholdengo|64/100 brn|[from] brn
|upkeep
|turn|14
|
|t:|1769410156
|switch|p2a: Talonflame|Talonflame, M|46/100
|switch|p1a: Garchomp|Garchomp, F|100/100
|
|upkeep
|turn|15
|
|t:|1769410170
|move|p1a: Garchomp|Scale Shot|p2a: Talonflame
|-damage|p2a: Talonflame|34/100
|-damage|p2a: Talonflame|23/100
|-damage|p2a: Talonflame|11/100
|-damage|p2a: Talonflame|0 fnt
|faint|p2a: Talonflame
|-hitcount|p2: Talonflame|4
|-unboost|p1a: Garchomp|def|1
|-boost|p1a: Garchomp|spe|1
|
|upkeep
|
|t:|1769410179
|switch|p2a: Kyurem|Kyurem|99/100
|-ability|p2a: Kyurem|Pressure
|turn|16
|
|t:|1769410189
|switch|p1a: Samurott|Samurott-Hisui, M|100/100
|-terastallize|p2a: Kyurem|Ground
|move|p2a: Kyurem|Freeze-Dry|p1a: Samurott
|-supereffective|p1a: Samurott
|-enditem|p1a: Samurott|Focus Sash
|-damage|p1a: Samurott|1/100
|
|-heal|p2a: Kyurem|100/100|[from] item: Leftovers
|upkeep
|turn|17
|
|t:|1769410201
|move|p1a: Samurott|Aqua Jet|p2a: Kyurem
|-supereffective|p2a: Kyurem
|-crit|p2a: Kyurem
|-damage|p2a: Kyurem|45/100
|move|p2a: Kyurem|Freeze-Dry|p1a: Samurott
|-supereffective|p1a: Samurott
|-damage|p1a: Samurott|0 fnt
|faint|p1a: Samurott
|
|-heal|p2a: Kyurem|51/100|[from] item: Leftovers
|upkeep
|inactive|choicesocks has 120 seconds left.
|
|t:|1769410239
|switch|p1a: Dragapult|Dragapult, M|100/100
|turn|18
|
|t:|1769410245
|move|p2a: Kyurem|Protect|p2a: Kyurem
|-singleturn|p2a: Kyurem|Protect
|move|p1a: Dragapult|Dragon Darts|p2a: Kyurem
|-activate|p2a: Kyurem|move: Protect
|
|-heal|p2a: Kyurem|57/100|[from] item: Leftovers
|upkeep
|turn|19
|inactive|choicesocks has 120 seconds left.
|
|t:|1769410274
|switch|p1a: Gholdengo|Gholdengo|64/100 brn
|switch|p2a: Weezing|Weezing-Galar, F|74/100
|-ability|p2a: Weezing|Neutralizing Gas
|
|-damage|p1a: Gholdengo|58/100 brn|[from] brn
|upkeep
|turn|20
|
|t:|1769410289
|-end|p2a: Weezing|ability: Neutralizing Gas
|switch|p2a: Cresselia|Cresselia, F|100/100
|move|p1a: Gholdengo|Make It Rain|p2a: Cresselia
|-damage|p2a: Cresselia|60/100
|-unboost|p1a: Gholdengo|spa|1
|
|-damage|p1a: Gholdengo|52/100 brn|[from] brn
|upkeep
|turn|21
|
|t:|1769410302
|switch|p1a: Dragapult|Dragapult, M|100/100
|move|p2a: Cresselia|Ice Beam|p1a: Dragapult
|-supereffective|p1a: Dragapult
|-damage|p1a: Dragapult|54/100
|
|upkeep
|turn|22
|
|t:|1769410317
|switch|p2a: Weezing|Weezing-Galar, F|74/100
|-ability|p2a: Weezing|Neutralizing Gas
|move|p1a: Dragapult|U-turn|p2a: Weezing
|-resisted|p2a: Weezing
|-damage|p2a: Weezing|68/100
|inactive|choicesocks has 90 seconds left.
|
|t:|1769410339
|switch|p1a: Garchomp|Garchomp, F|100/100|[from] U-turn
|
|upkeep
|turn|23
|inactive|choicesocks has 90 seconds left.
|
|t:|1769410358
|-end|p2a: Weezing|ability: Neutralizing Gas
|switch|p2a: Cresselia|Cresselia, F|60/100
|-terastallize|p1a: Garchomp|Fire
|move|p1a: Garchomp|Swords Dance|p1a: Garchomp
|-boost|p1a: Garchomp|atk|2
|
|upkeep
|turn|24
|
|t:|1769410369
|move|p2a: Cresselia|Trick|p1a: Garchomp
|-activate|p2a: Cresselia|move: Trick|[of] p1a: Garchomp
|-item|p1a: Garchomp|Choice Scarf|[from] move: Trick
|-item|p2a: Cresselia|Loaded Dice|[from] move: Trick
|move|p1a: Garchomp|Scale Shot|p2a: Cresselia
|-damage|p2a: Cresselia|43/100
|-damage|p2a: Cresselia|24/100
|-damage|p2a: Cresselia|6/100
|-hitcount|p2a: Cresselia|3
|-unboost|p1a: Garchomp|def|1
|-boost|p1a: Garchomp|spe|1
|
|upkeep
|turn|25
|
|t:|1769410382
|switch|p2a: Weezing|Weezing-Galar, F|68/100
|-ability|p2a: Weezing|Neutralizing Gas
|move|p1a: Garchomp|Scale Shot|p2a: Weezing
|-immune|p2a: Weezing
|
|upkeep
|turn|26
|
|t:|1769410394
|switch|p1a: Gholdengo|Gholdengo|52/100 brn
|move|p2a: Weezing|Sludge Bomb|p1a: Gholdengo
|-immune|p1a: Gholdengo
|
|-damage|p1a: Gholdengo|46/100 brn|[from] brn
|upkeep
|turn|27
|
|t:|1769410410
|move|p1a: Gholdengo|Make It Rain|p2a: Weezing
|-supereffective|p2a: Weezing
|-damage|p2a: Weezing|0 fnt
|-unboost|p1a: Gholdengo|spa|1
|faint|p2a: Weezing
|-end|p2a: Weezing|ability: Neutralizing Gas
|
|-damage|p1a: Gholdengo|40/100 brn|[from] brn
|upkeep
|
|t:|1769410417
|switch|p2a: Kyurem|Kyurem, tera:Ground|57/100
|-ability|p2a: Kyurem|Pressure
|turn|28
|
|t:|1769410426
|switch|p1a: Glimmora|Glimmora, F|100/100
|move|p2a: Kyurem|Substitute|p2a: Kyurem
|-start|p2a: Kyurem|Substitute
|-damage|p2a: Kyurem|32/100
|
|-heal|p2a: Kyurem|39/100|[from] item: Leftovers
|upkeep
|turn|29
|inactive|choicesocks has 90 seconds left.
|
|t:|1769410449
|move|p2a: Kyurem|Earth Power|p1a: Glimmora
|-supereffective|p1a: Glimmora
|-enditem|p1a: Glimmora|Focus Sash
|-damage|p1a: Glimmora|1/100
|move|p1a: Glimmora|Stealth Rock|p2a: Kyurem
|-sidestart|p2: kyuremhardwin|move: Stealth Rock
|
|-heal|p2a: Kyurem|45/100|[from] item: Leftovers
|upkeep
|turn|30
|
|t:|1769410460
|move|p2a: Kyurem|Freeze-Dry|p1a: Glimmora
|-damage|p1a: Glimmora|0 fnt
|faint|p1a: Glimmora
|
|-heal|p2a: Kyurem|51/100|[from] item: Leftovers
|upkeep
|
|t:|1769410468
|switch|p1a: Dragapult|Dragapult, M|54/100
|turn|31
|
|t:|1769410472
|move|p2a: Kyurem|Protect|p2a: Kyurem
|-singleturn|p2a: Kyurem|Protect
|move|p1a: Dragapult|Dragon Darts|p2a: Kyurem
|-activate|p2a: Kyurem|move: Protect
|
|-heal|p2a: Kyurem|57/100|[from] item: Leftovers
|upkeep
|turn|32
|inactive|choicesocks has 90 seconds left.
|
|t:|1769410493
|move|p1a: Dragapult|Dragon Darts|p2a: Kyurem
|-damage|p2a: Kyurem|22/100
|-anim|p1a: Dragapult|Dragon Darts|p2a: Kyurem
|-crit|p2a: Kyurem
|-damage|p2a: Kyurem|0 fnt
|faint|p2a: Kyurem
|
|upkeep
|
|t:|1769410496
|switch|p2a: Dondozo|Dondozo, M|100/100
|-damage|p2a: Dondozo|88/100|[from] Stealth Rock
|turn|33
|
|t:|1769410506
|move|p1a: Dragapult|Dragon Darts|p2a: Dondozo
|-damage|p2a: Dondozo|73/100
|-anim|p1a: Dragapult|Dragon Darts|p2a: Dondozo
|-damage|p2a: Dondozo|55/100
|move|p2a: Dondozo|Wave Crash|p1a: Dragapult
|-resisted|p1a: Dragapult
|-damage|p1a: Dragapult|24/100
|-damage|p2a: Dondozo|49/100|[from] Recoil
|
|-heal|p2a: Dondozo|55/100|[from] item: Leftovers
|upkeep
|turn|34
|inactive|choicesocks has 90 seconds left.
|
|t:|1769410519
|move|p2a: Dondozo|Protect|p2a: Dondozo
|-singleturn|p2a: Dondozo|Protect
|move|p1a: Dragapult|Dragon Darts|p2a: Dondozo
|-activate|p2a: Dondozo|move: Protect
|
|-heal|p2a: Dondozo|61/100|[from] item: Leftovers
|upkeep
|turn|35
|inactive|choicesocks has 90 seconds left.
|
|t:|1769410535
|move|p1a: Dragapult|Dragon Darts|p2a: Dondozo
|-damage|p2a: Dondozo|45/100
|-anim|p1a: Dragapult|Dragon Darts|p2a: Dondozo
|-damage|p2a: Dondozo|27/100
|move|p2a: Dondozo|Wave Crash|p1a: Dragapult
|-resisted|p1a: Dragapult
|-damage|p1a: Dragapult|0 fnt
|faint|p1a: Dragapult
|-damage|p2a: Dondozo|23/100|[from] Recoil
|
|-heal|p2a: Dondozo|29/100|[from] item: Leftovers
|upkeep
|
|t:|1769410547
|switch|p1a: Gholdengo|Gholdengo|40/100 brn
|turn|36
|
|t:|1769410554
|move|p2a: Dondozo|Protect|p2a: Dondozo
|-singleturn|p2a: Dondozo|Protect
|move|p1a: Gholdengo|Trick|p2a: Dondozo
|-activate|p2a: Dondozo|move: Protect
|
|-heal|p2a: Dondozo|35/100|[from] item: Leftovers
|-damage|p1a: Gholdengo|34/100 brn|[from] brn
|upkeep
|turn|37
|
|t:|1769410565
|move|p1a: Gholdengo|Trick|p2a: Dondozo
|-activate|p1a: Gholdengo|move: Trick|[of] p2a: Dondozo
|-item|p2a: Dondozo|Choice Scarf|[from] move: Trick
|-item|p1a: Gholdengo|Leftovers|[from] move: Trick
|move|p2a: Dondozo|Rest|p2a: Dondozo
|-status|p2a: Dondozo|slp|[from] move: Rest
|-heal|p2a: Dondozo|100/100 slp|[silent]
|
|-heal|p1a: Gholdengo|40/100 brn|[from] item: Leftovers
|-damage|p1a: Gholdengo|34/100 brn|[from] brn
|upkeep
|turn|38
|inactive|choicesocks has 90 seconds left.
|
|t:|1769410584
|switch|p1a: Iron Valiant|Iron Valiant|100/100
|-enditem|p1a: Iron Valiant|Booster Energy
|-activate|p1a: Iron Valiant|ability: Quark Drive|[fromitem]
|-start|p1a: Iron Valiant|quarkdrivespe
|switch|p2a: Blissey.exe|Blissey, F|100/100
|-damage|p2a: Blissey.exe|88/100|[from] Stealth Rock
|
|-heal|p2a: Blissey.exe|94/100|[from] item: Leftovers
|upkeep
|turn|39
|
|t:|1769410600
|-end|p1a: Iron Valiant|Quark Drive|[silent]
|switch|p1a: Garchomp|Garchomp, F, tera:Fire|100/100
|move|p2a: Blissey.exe|Calm Mind|p2a: Blissey.exe
|-boost|p2a: Blissey.exe|spa|1
|-boost|p2a: Blissey.exe|spd|1
|
|-heal|p2a: Blissey.exe|99/100|[from] item: Leftovers
|upkeep
|turn|40
|
|t:|1769410609
|switch|p2a: Dondozo|Dondozo, M|100/100 slp
|-damage|p2a: Dondozo|88/100 slp|[from] Stealth Rock
|move|p1a: Garchomp|Earthquake|p2a: Dondozo
|-damage|p2a: Dondozo|66/100 slp
|
|upkeep
|turn|41
|
|t:|1769410617
|switch|p1a: Iron Valiant|Iron Valiant|100/100
|cant|p2a: Dondozo|slp
|
|upkeep
|turn|42
|inactive|choicesocks has 90 seconds left.
|
|t:|1769410627
|cant|p2a: Dondozo|slp
|move|p1a: Iron Valiant|Thunderbolt|p2a: Dondozo
|-supereffective|p2a: Dondozo
|-damage|p2a: Dondozo|10/100 slp
|
|upkeep
|turn|43
|-message|kyuremhardwin forfeited.
|
|win|choicesocks
|raw|choicesocks's rating: 1347 &rarr; <strong>1369</strong><br />(+22 for winning)
|raw|kyuremhardwin's rating: 1388 &rarr; <strong>1366</strong><br />(-22 for losing)
|l|☆kyuremhardwin
|player|p2|
|l|☆choicesocks
|player|p1|
