|j|☆Quarantinoo
|j|☆Spartior1
|t:|1769321100
|gametype|singles
|player|p1|Quarantinoo|101|1372
|player|p2|Spartior1|1|1336
|gen|9
|tier|[Gen 9] OU
|rated|
|rule|HP Percentage Mod: HP is shown in percentages
|rule|Endless Battle Clause: Forcing endless battles is banned
|rule|Species Clause: Limit one of each Pokémon
|rule|OHKO Clause: OHKO moves are banned
|rule|Evasion Items Clause: Evasion items are banned
|rule|Evasion Moves Clause: Evasion moves are banned
|rule|Evasion Abilities Clause: Evasion abilities are banned
|rule|Sleep Moves Clause: Sleep-inducing moves are banned
|clearpoke
|poke|p1|Bronzong|
|poke|p1|Clodsire, M|
|poke|p1|Gholdengo|
|poke|p1|Pecharunt|
|poke|p1|Chesnaught, F|
|poke|p1|Weavile, M|
|poke|p2|Indeedee, M|
|poke|p2|Hatterene, F|
|poke|p2|Ursaluna, F|
|poke|p2|Iron Hands|
|poke|p2|Hoopa-Unbound|
|poke|p2|Mimikyu, M|
|teampreview
|inactive|Battle timer is ON: inactive players will automatically lose when time's up. (requested by Quarantinoo)
|inactive|Spartior1 also wants the timer to be on.
|
|t:|1769321119
|teamsize|p1|6
|teamsize|p2|6
|start
|switch|p1a: Bronzong|Bronzong|100/100
|switch|p2a: Indeedee|Indeedee, M|100/100
|-fieldstart|move: Psychic Terrain|[from] ability: Psychic Surge|[of] p2a: Indeedee
|turn|1
|
|t:|1769321127
|move|p1a: Bronzong|Stealth Rock|p2a: Indeedee
|-sidestart|p2: Spartior1|move: Stealth Rock
|move|p2a: Indeedee|Trick Room|p2a: Indeedee
|-fieldstart|move: Trick Room|[of] p2a: Indeedee
|
|upkeep
|turn|2
|
|t:|1769321153
|switch|p2a: Hoopa|Hoopa-Unbound|100/100
|-damage|p2a: Hoopa|88/100|[from] Stealth Rock
|-enditem|p2a: Hoopa|Psychic Seed
|-boost|p2a: Hoopa|spd|1|[from] item: Psychic Seed
|move|p1a: Bronzong|Iron Head|p2a: Hoopa
|-damage|p2a: Hoopa|59/100
|
|upkeep
|turn|3
|inactive|Quarantinoo has 120 seconds left.
|inactive|Quarantinoo has 90 seconds left.
|
|t:|1769321213
|switch|p1a: Pecharunt|Pecharunt|100/100
|move|p2a: Hoopa|Hyperspace Fury|p1a: Pecharunt
|-supereffective|p1a: Pecharunt
|-damage|p1a: Pecharunt|49/100
|-unboost|p2a: Hoopa|def|1
|-item|p2a: Hoopa|Heavy-Duty Boots|[from] ability: Magician|[of] p1a: Pecharunt
|
|upkeep
|turn|4
|inactive|Quarantinoo has 60 seconds left.
|
|t:|1769321244
|-terastallize|p1a: Pecharunt|Dark
|move|p2a: Hoopa|Expanding Force|p1a: Pecharunt
|-immune|p1a: Pecharunt
|move|p1a: Pecharunt|Foul Play|p2a: Hoopa
|-damage|p2a: Hoopa|0 fnt
|faint|p2a: Hoopa
|
|upkeep
|
|t:|1769321249
|switch|p2a: Hatterene|Hatterene, F|100/100
|-damage|p2a: Hatterene|88/100|[from] Stealth Rock
|turn|5
|
|t:|1769321257
|-terastallize|p2a: Hatterene|Stellar
|move|p2a: Hatterene|Draining Kiss|p1a: Pecharunt
|-supereffective|p1a: Pecharunt
|-damage|p1a: Pecharunt|0 fnt
|-heal|p2a: Hatterene|100/100|[from] drain|[of] p1a: Pecharunt
|faint|p1a: Pecharunt
|-damage|p2a: Hatterene|91/100|[from] item: Life Orb
|
|-fieldend|move: Trick Room
|upkeep
|inactive|Quarantinoo has 60 seconds left.
|
|t:|1769321271
|switch|p1a: Bronzong|Bronzong|100/100
|turn|6
|
|t:|1769321274
|move|p1a: Bronzong|Stealth Rock|p2a: Hatterene
|move|p2a: Hatterene|Stealth Rock|p1a: Bronzong|[from] ability: Magic Bounce
|-sidestart|p1: Quarantinoo|move: Stealth Rock
|move|p2a: Hatterene|Trick Room|p2a: Hatterene
|-fieldstart|move: Trick Room|[of] p2a: Hatterene
|
|upkeep
|turn|7
|c|☆Spartior1|Why...?
|c|☆Quarantinoo|Misclikc
|c|☆Quarantinoo|obviously
|inactive|Quarantinoo has 60 seconds left.
|c|☆Quarantinoo|im on a tiny phone
|c|☆Spartior1|Ah, I see
|
|t:|1769321320
|move|p2a: Hatterene|Mystical Fire|p1a: Bronzong
|-supereffective|p1a: Bronzong
|-damage|p1a: Bronzong|41/100
|-unboost|p1a: Bronzong|spa|1
|-damage|p2a: Hatterene|81/100|[from] item: Life Orb
|move|p1a: Bronzong|Iron Head|p2a: Hatterene
|-supereffective|p2a: Hatterene
|-damage|p2a: Hatterene|24/100
|
|-heal|p1a: Bronzong|48/100|[from] item: Leftovers
|upkeep
|turn|8
|
|t:|1769321335
|switch|p1a: Clodsire|Clodsire, M|100/100
|-damage|p1a: Clodsire|94/100|[from] Stealth Rock
|move|p2a: Hatterene|Mystical Fire|p1a: Clodsire
|-damage|p1a: Clodsire|74/100
|-unboost|p1a: Clodsire|spa|1
|-damage|p2a: Hatterene|14/100|[from] item: Life Orb
|
|-heal|p1a: Clodsire|80/100|[from] item: Leftovers
|-fieldend|move: Psychic Terrain
|upkeep
|turn|9
|
|t:|1769321347
|move|p2a: Hatterene|Expanding Force|p1a: Clodsire
|-supereffective|p1a: Clodsire
|-damage|p1a: Clodsire|0 fnt
|faint|p1a: Clodsire
|-damage|p2a: Hatterene|5/100|[from] item: Life Orb
|
|upkeep
|inactive|Quarantinoo has 30 seconds left.
|
|t:|1769321360
|switch|p1a: Weavile|Weavile, M|100/100
|-ability|p1a: Weavile|Pressure
|turn|10
|
|t:|1769321369
|move|p1a: Weavile|Ice Shard|p2a: Hatterene
|-damage|p2a: Hatterene|0 fnt
|faint|p2a: Hatterene
|
|-fieldend|move: Trick Room
|upkeep
|
|t:|1769321372
|switch|p2a: Indeedee|Indeedee, M|100/100
|-damage|p2a: Indeedee|88/100|[from] Stealth Rock
|-fieldstart|move: Psychic Terrain|[from] ability: Psychic Surge|[of] p2a: Indeedee
|turn|11
|
|t:|1769321375
|move|p1a: Weavile|Knock Off|p2a: Indeedee
|-supereffective|p2a: Indeedee
|-crit|p2a: Indeedee
|-damage|p2a: Indeedee|0 fnt
|-enditem|p2a: Indeedee|Terrain Extender|[from] move: Knock Off|[of] p1a: Weavile
|faint|p2a: Indeedee
|
|upkeep
|
|t:|1769321379
|switch|p2a: Mimikyu|Mimikyu, M|100/100
|-damage|p2a: Mimikyu|88/100|[from] Stealth Rock
|turn|12
|inactive|Quarantinoo has 60 seconds left.
|
|t:|1769321391
|switch|p1a: Chesnaught|Chesnaught, F|100/100
|-damage|p1a: Chesnaught|94/100|[from] Stealth Rock
|move|p2a: Mimikyu|Trick Room|p2a: Mimikyu
|-fieldstart|move: Trick Room|[of] p2a: Mimikyu
|
|upkeep
|turn|13
|inactive|Quarantinoo has 60 seconds left.
|
|t:|1769321399
|switch|p2a: LEBRON|Iron Hands, shiny|100/100
|-damage|p2a: LEBRON|94/100|[from] Stealth Rock
|-enditem|p2a: LEBRON|Booster Energy
|-activate|p2a: LEBRON|ability: Quark Drive|[fromitem]
|-start|p2a: LEBRON|quarkdriveatk
|move|p1a: Chesnaught|Iron Defense|p1a: Chesnaught
|-boost|p1a: Chesnaught|def|2
|
|upkeep
|turn|14
|
|t:|1769321408
|move|p2a: LEBRON|Ice Punch|p1a: Chesnaught
|-supereffective|p1a: Chesnaught
|-damage|p1a: Chesnaught|72/100
|-damage|p2a: LEBRON|78/100|[from] item: Rocky Helmet|[of] p1a: Chesnaught
|move|p1a: Chesnaught|Iron Defense|p1a: Chesnaught
|-boost|p1a: Chesnaught|def|2
|
|upkeep
|turn|15
|
|t:|1769321413
|move|p2a: LEBRON|Ice Punch|p1a: Chesnaught
|-supereffective|p1a: Chesnaught
|-damage|p1a: Chesnaught|57/100
|-damage|p2a: LEBRON|61/100|[from] item: Rocky Helmet|[of] p1a: Chesnaught
|move|p1a: Chesnaught|Iron Defense|p1a: Chesnaught
|-boost|p1a: Chesnaught|def|2
|
|upkeep
|turn|16
|
|t:|1769321418
|move|p2a: LEBRON|Ice Punch|p1a: Chesnaught
|-supereffective|p1a: Chesnaught
|-damage|p1a: Chesnaught|46/100
|-damage|p2a: LEBRON|44/100|[from] item: Rocky Helmet|[of] p1a: Chesnaught
|move|p1a: Chesnaught|Synthesis|p1a: Chesnaught
|-heal|p1a: Chesnaught|96/100
|
|-fieldend|move: Trick Room
|upkeep
|turn|17
|
|t:|1769321424
|move|p1a: Chesnaught|Body Press|p2a: LEBRON
|-damage|p2a: LEBRON|0 fnt
|faint|p2a: LEBRON
|-end|p2a: LEBRON|Quark Drive|[silent]
|
|upkeep
|
|t:|1769321426
|switch|p2a: Mimikyu|Mimikyu, M|88/100
|-damage|p2a: Mimikyu|76/100|[from] Stealth Rock
|turn|18
|
|t:|1769321432
|move|p1a: Chesnaught|Knock Off|p2a: Mimikyu
|-activate|p2a: Mimikyu|ability: Disguise
|-damage|p2a: Mimikyu|76/100
|-enditem|p2a: Mimikyu|Red Card|[from] move: Knock Off|[of] p1a: Chesnaught
|detailschange|p2a: Mimikyu|Mimikyu-Busted, M
|-damage|p2a: Mimikyu|63/100|[from] pokemon: Mimikyu-Busted
|move|p2a: Mimikyu|Trick Room|p2a: Mimikyu
|-fieldstart|move: Trick Room|[of] p2a: Mimikyu
|
|-fieldend|move: Psychic Terrain
|upkeep
|turn|19
|
|t:|1769321448
|switch|p2a: Ursaluna|Ursaluna, F|100/100
|-damage|p2a: Ursaluna|94/100|[from] Stealth Rock
|move|p1a: Chesnaught|Knock Off|p2a: Ursaluna
|-damage|p2a: Ursaluna|79/100
|-enditem|p2a: Ursaluna|Flame Orb|[from] move: Knock Off|[of] p1a: Chesnaught
|
|upkeep
|turn|20
|
|t:|1769321459
|move|p2a: Ursaluna|Facade|p1a: Chesnaught
|-damage|p1a: Chesnaught|89/100
|-damage|p2a: Ursaluna|62/100|[from] item: Rocky Helmet|[of] p1a: Chesnaught
|move|p1a: Chesnaught|Body Press|p2a: Ursaluna
|-supereffective|p2a: Ursaluna
|-damage|p2a: Ursaluna|0 fnt
|faint|p2a: Ursaluna
|
|upkeep
|-message|Spartior1 forfeited.
|
|win|Quarantinoo
|raw|Quarantinoo's rating: 1372 &rarr; <strong>1390</strong><br />(+18 for winning)
|raw|Spartior1's rating: 1336 &rarr; <strong>1318</strong><br />(-18 for losing)
|c|☆Quarantinoo|Gg
|l|☆Spartior1
|player|p2|
|l|☆Quarantinoo
|player|p1|
