|j|☆dragn2
|j|☆little infinity
|t:|1769356530
|gametype|singles
|player|p1|dragn2|265|1383
|player|p2|little infinity|miku-ghost|1356
|gen|9
|tier|[Gen 9] OU
|rated|
|rule|HP Percentage Mod: HP is shown in percentages
|rule|Endless Battle Clause: Forcing endless battles is banned
|rule|Species Clause: Limit one of each Pokémon
|rule|OHKO Clause: OHKO moves are banned
|rule|Evasion Items Clause: Evasion items are banned
|rule|Evasion Moves Clause: Evasion moves are banned
|rule|Evasion Abilities Clause: Evasion abilities are banned
|rule|Sleep Moves Clause: Sleep-inducing moves are banned
|clearpoke
|poke|p1|Landorus-Therian, M|
|poke|p1|Rillaboom, F|
|poke|p1|Blaziken, M|
|poke|p1|Samurott-Hisui, F|
|poke|p1|Clefable, M|
|poke|p1|Gholdengo|
|poke|p2|Ceruledge, F|
|poke|p2|Gholdengo|
|poke|p2|Dragapult, M|
|poke|p2|Palossand, M|
|poke|p2|Gengar, M|
|poke|p2|Sinistcha|
|teampreview
|inactive|Battle timer is ON: inactive players will automatically lose when time's up. (requested by dragn2)
|
|t:|1769356547
|teamsize|p1|6
|teamsize|p2|6
|start
|switch|p1a: Landorus|Landorus-Therian, M|100/100
|switch|p2a: Dark Tower|Palossand, M, shiny|100/100
|-ability|p1a: Landorus|Intimidate|boost
|-unboost|p2a: Dark Tower|atk|1
|turn|1
|
|t:|1769356560
|move|p1a: Landorus|Swords Dance|p1a: Landorus
|-boost|p1a: Landorus|atk|2
|move|p2a: Dark Tower|Stealth Rock|p1a: Landorus
|-sidestart|p1: dragn2|move: Stealth Rock
|
|upkeep
|turn|2
|
|t:|1769356567
|move|p1a: Landorus|Earthquake|p2a: Dark Tower
|-damage|p2a: Dark Tower|34/100
|move|p2a: Dark Tower|Giga Drain|p1a: Landorus
|-damage|p1a: Landorus|79/100
|-heal|p2a: Dark Tower|43/100|[from] drain|[of] p1a: Landorus
|
|upkeep
|turn|3
|
|t:|1769356580
|move|p1a: Landorus|Earthquake|p2a: Dark Tower
|-damage|p2a: Dark Tower|0 fnt
|faint|p2a: Dark Tower
|
|upkeep
|
|t:|1769356588
|switch|p2a: Blood Vine|Sinistcha, shiny|100/100
|turn|4
|
|t:|1769356594
|move|p1a: Landorus|Stone Edge|p2a: Blood Vine
|-damage|p2a: Blood Vine|48/100
|move|p2a: Blood Vine|Strength Sap|p1a: Landorus
|-unboost|p1a: Landorus|atk|1
|-heal|p2a: Blood Vine|100/100
|
|upkeep
|turn|5
|
|t:|1769356606
|move|p1a: Landorus|U-turn|p2a: Blood Vine
|-damage|p2a: Blood Vine|74/100
|
|t:|1769356610
|switch|p1a: Gholdengo|Gholdengo|100/100|[from] U-turn
|-damage|p1a: Gholdengo|94/100|[from] Stealth Rock
|-item|p1a: Gholdengo|Air Balloon
|move|p2a: Blood Vine|Matcha Gotcha|p1a: Gholdengo
|-resisted|p1a: Gholdengo
|-damage|p1a: Gholdengo|75/100
|-heal|p2a: Blood Vine|82/100|[from] drain|[of] p1a: Gholdengo
|-enditem|p1a: Gholdengo|Air Balloon
|
|-heal|p2a: Blood Vine|88/100|[from] item: Leftovers
|upkeep
|turn|6
|
|t:|1769356625
|switch|p2a: Crypt Keeper|Gholdengo, shiny|100/100
|move|p1a: Gholdengo|Nasty Plot|p1a: Gholdengo
|-boost|p1a: Gholdengo|spa|2
|
|upkeep
|turn|7
|
|t:|1769356631
|-terastallize|p1a: Gholdengo|Fairy
|move|p1a: Gholdengo|Shadow Ball|p2a: Crypt Keeper
|-supereffective|p2a: Crypt Keeper
|-damage|p2a: Crypt Keeper|0 fnt
|faint|p2a: Crypt Keeper
|
|upkeep
|
|t:|1769356639
|switch|p2a: Hell Knight|Ceruledge, F, shiny|100/100
|turn|8
|
|t:|1769356647
|-terastallize|p2a: Hell Knight|Bug
|move|p1a: Gholdengo|Shadow Ball|p2a: Hell Knight
|-damage|p2a: Hell Knight|44/100
|move|p2a: Hell Knight|Bitter Blade|p1a: Gholdengo
|-damage|p1a: Gholdengo|30/100
|-heal|p2a: Hell Knight|64/100|[from] drain|[of] p1a: Gholdengo
|
|upkeep
|turn|9
|
|t:|1769356656
|move|p1a: Gholdengo|Make It Rain|p2a: Hell Knight
|-damage|p2a: Hell Knight|0 fnt
|-unboost|p1a: Gholdengo|spa|1
|faint|p2a: Hell Knight
|
|upkeep
|
|t:|1769356662
|switch|p2a: Evil Twin|Gengar, M, shiny|100/100
|turn|10
|
|t:|1769356666
|move|p2a: Evil Twin|Sludge Wave|p1a: Gholdengo
|-supereffective|p1a: Gholdengo
|-damage|p1a: Gholdengo|0 fnt
|faint|p1a: Gholdengo
|
|upkeep
|
|t:|1769356671
|switch|p1a: Samurott|Samurott-Hisui, F|100/100
|-damage|p1a: Samurott|88/100|[from] Stealth Rock
|turn|11
|
|t:|1769356676
|move|p2a: Evil Twin|Sludge Wave|p1a: Samurott
|-damage|p1a: Samurott|53/100
|move|p1a: Samurott|Knock Off|p2a: Evil Twin
|-supereffective|p2a: Evil Twin
|-damage|p2a: Evil Twin|0 fnt
|-start|p1a: Samurott|Disable|Knock Off|[from] ability: Cursed Body|[of] p2a: Evil Twin
|-enditem|p2a: Evil Twin|Choice Scarf|[from] move: Knock Off|[of] p1a: Samurott
|faint|p2a: Evil Twin
|
|upkeep
|
|t:|1769356685
|switch|p2a: Dust Devil|Dragapult, M, shiny|100/100
|turn|12
|
|t:|1769356688
|move|p2a: Dust Devil|Dragon Darts|p1a: Samurott
|-damage|p1a: Samurott|26/100
|-anim|p2a: Dust Devil|Dragon Darts|p1a: Samurott
|-damage|p1a: Samurott|0 fnt
|faint|p1a: Samurott
|
|upkeep
|
|t:|1769356696
|switch|p1a: Clefable|Clefable, M|100/100
|turn|13
|
|t:|1769356701
|move|p2a: Dust Devil|Substitute|p2a: Dust Devil
|-start|p2a: Dust Devil|Substitute
|-damage|p2a: Dust Devil|76/100
|move|p1a: Clefable|Thunder Wave||[still]
|-fail|p1a: Clefable
|
|-heal|p2a: Dust Devil|82/100|[from] item: Leftovers
|upkeep
|turn|14
|
|t:|1769356710
|move|p2a: Dust Devil|Phantom Force||[still]
|-prepare|p2a: Dust Devil|Phantom Force
|move|p1a: Clefable|Moonblast|p2a: Dust Devil|[miss]
|-miss|p1a: Clefable|p2a: Dust Devil
|
|-heal|p2a: Dust Devil|88/100|[from] item: Leftovers
|upkeep
|turn|15
|
|t:|1769356717
|move|p2a: Dust Devil|Phantom Force|p1a: Clefable|[from] lockedmove
|-crit|p1a: Clefable
|-damage|p1a: Clefable|48/100
|move|p1a: Clefable|Moonblast|p2a: Dust Devil
|-supereffective|p2a: Dust Devil
|-end|p2a: Dust Devil|Substitute
|
|-heal|p2a: Dust Devil|94/100|[from] item: Leftovers
|-heal|p1a: Clefable|54/100|[from] item: Leftovers
|upkeep
|turn|16
|
|t:|1769356731
|move|p2a: Dust Devil|Phantom Force||[still]
|-prepare|p2a: Dust Devil|Phantom Force
|move|p1a: Clefable|Moonblast|p2a: Dust Devil|[miss]
|-miss|p1a: Clefable|p2a: Dust Devil
|
|-heal|p2a: Dust Devil|99/100|[from] item: Leftovers
|-heal|p1a: Clefable|60/100|[from] item: Leftovers
|upkeep
|turn|17
|
|t:|1769356738
|move|p2a: Dust Devil|Phantom Force|p1a: Clefable|[from] lockedmove
|-damage|p1a: Clefable|25/100
|move|p1a: Clefable|Moonblast|p2a: Dust Devil
|-supereffective|p2a: Dust Devil
|-damage|p2a: Dust Devil|16/100
|
|-heal|p2a: Dust Devil|22/100|[from] item: Leftovers
|-heal|p1a: Clefable|31/100|[from] item: Leftovers
|upkeep
|turn|18
|
|t:|1769356747
|move|p2a: Dust Devil|Phantom Force||[still]
|-prepare|p2a: Dust Devil|Phantom Force
|move|p1a: Clefable|Moonlight|p1a: Clefable
|-heal|p1a: Clefable|81/100
|
|-heal|p2a: Dust Devil|28/100|[from] item: Leftovers
|-heal|p1a: Clefable|87/100|[from] item: Leftovers
|upkeep
|turn|19
|
|t:|1769356753
|move|p2a: Dust Devil|Phantom Force|p1a: Clefable|[from] lockedmove
|-damage|p1a: Clefable|49/100
|move|p1a: Clefable|Moonblast|p2a: Dust Devil
|-supereffective|p2a: Dust Devil
|-damage|p2a: Dust Devil|0 fnt
|faint|p2a: Dust Devil
|
|-heal|p1a: Clefable|56/100|[from] item: Leftovers
|upkeep
|
|t:|1769356762
|switch|p2a: Blood Vine|Sinistcha, shiny|88/100
|turn|20
|
|t:|1769356765
|move|p2a: Blood Vine|Calm Mind|p2a: Blood Vine
|-boost|p2a: Blood Vine|spa|1
|-boost|p2a: Blood Vine|spd|1
|move|p1a: Clefable|Thunder Wave|p2a: Blood Vine
|-status|p2a: Blood Vine|par
|
|-heal|p1a: Clefable|62/100|[from] item: Leftovers
|-heal|p2a: Blood Vine|94/100 par|[from] item: Leftovers
|upkeep
|turn|21
|
|t:|1769356778
|switch|p1a: Blaziken|Blaziken, M|100/100
|-damage|p1a: Blaziken|88/100|[from] Stealth Rock
|move|p2a: Blood Vine|Shadow Ball|p1a: Blaziken
|-damage|p1a: Blaziken|18/100
|-unboost|p1a: Blaziken|spd|1
|
|-heal|p2a: Blood Vine|100/100 par|[from] item: Leftovers
|upkeep
|turn|22
|
|t:|1769356795
|move|p1a: Blaziken|Flare Blitz|p2a: Blood Vine
|-supereffective|p2a: Blood Vine
|-damage|p2a: Blood Vine|32/100 par
|-damage|p1a: Blaziken|0 fnt|[from] Recoil
|faint|p1a: Blaziken
|move|p2a: Blood Vine|Strength Sap|p1: Blaziken|[notarget]
|-fail|p2a: Blood Vine
|
|-heal|p2a: Blood Vine|38/100 par|[from] item: Leftovers
|upkeep
|
|t:|1769356808
|switch|p1a: Rillaboom|Rillaboom, F|100/100
|-damage|p1a: Rillaboom|88/100|[from] Stealth Rock
|-fieldstart|move: Grassy Terrain|[from] ability: Grassy Surge|[of] p1a: Rillaboom
|turn|23
|
|t:|1769356814
|move|p1a: Rillaboom|Wood Hammer|p2a: Blood Vine
|-resisted|p2a: Blood Vine
|-damage|p2a: Blood Vine|0 fnt
|faint|p2a: Blood Vine
|-damage|p1a: Rillaboom|76/100|[from] Recoil
|
|win|dragn2
|raw|dragn2's rating: 1383 &rarr; <strong>1401</strong><br />(+18 for winning)
|raw|little infinity's rating: 1356 &rarr; <strong>1338</strong><br />(-18 for losing)
|l|☆little infinity
|player|p2|
|l|☆dragn2
|player|p1|
