|j|☆EIscube875
|j|☆lolcano46
|t:|1769310182
|gametype|singles
|player|p1|EIscube875|brawly|1557
|player|p2|lolcano46|fisherman-gen4|1564
|gen|9
|tier|[Gen 9] OU
|rated|
|rule|HP Percentage Mod: HP is shown in percentages
|rule|Endless Battle Clause: Forcing endless battles is banned
|rule|Species Clause: Limit one of each Pokémon
|rule|OHKO Clause: OHKO moves are banned
|rule|Evasion Items Clause: Evasion items are banned
|rule|Evasion Moves Clause: Evasion moves are banned
|rule|Evasion Abilities Clause: Evasion abilities are banned
|rule|Sleep Moves Clause: Sleep-inducing moves are banned
|clearpoke
|poke|p1|Excadrill, F|
|poke|p1|Tyranitar, F|
|poke|p1|Tinkaton, F|
|poke|p1|Sinistcha|
|poke|p1|Moltres|
|poke|p1|Ogerpon-Wellspring, F|
|poke|p2|Azelf|
|poke|p2|Ogerpon-Wellspring, F|
|poke|p2|Scizor, M|
|poke|p2|Gengar, M|
|poke|p2|Raging Bolt|
|poke|p2|Cinderace, M|
|teampreview
|inactive|Battle timer is ON: inactive players will automatically lose when time's up. (requested by lolcano46)
|
|t:|1769310185
|teamsize|p1|6
|teamsize|p2|6
|start
|switch|p1a: Tyranitar|Tyranitar, F|100/100
|switch|p2a: Cinderace|Cinderace, M|100/100
|-weather|Sandstorm|[from] ability: Sand Stream|[of] p1a: Tyranitar
|turn|1
|
|t:|1769310191
|switch|p1a: Moltres|Moltres|100/100
|move|p2a: Cinderace|Will-O-Wisp|p1a: Moltres|[miss]
|-miss|p2a: Cinderace|p1a: Moltres
|
|-weather|Sandstorm|[upkeep]
|-damage|p2a: Cinderace|95/100|[from] Sandstorm
|-damage|p1a: Moltres|94/100|[from] Sandstorm
|upkeep
|turn|2
|
|t:|1769310198
|move|p2a: Cinderace|Pyro Ball|p1a: Moltres
|-resisted|p1a: Moltres
|-damage|p1a: Moltres|73/100
|move|p1a: Moltres|U-turn|p2a: Cinderace
|-resisted|p2a: Cinderace
|-damage|p2a: Cinderace|84/100
|
|t:|1769310207
|switch|p1a: Excadrill|Excadrill, F|100/100|[from] U-turn
|
|-weather|Sandstorm|[upkeep]
|-damage|p2a: Cinderace|78/100|[from] Sandstorm
|upkeep
|turn|3
|
|t:|1769310215
|switch|p2a: Azelf|Azelf|100/100
|move|p1a: Excadrill|Substitute|p1a: Excadrill
|-start|p1a: Excadrill|Substitute
|-damage|p1a: Excadrill|76/100
|
|-weather|Sandstorm|[upkeep]
|-damage|p2a: Azelf|94/100|[from] Sandstorm
|-heal|p1a: Excadrill|82/100|[from] item: Leftovers
|upkeep
|turn|4
|
|t:|1769310222
|move|p1a: Excadrill|Rock Slide|p2a: Azelf
|-damage|p2a: Azelf|49/100
|cant|p2a: Azelf|flinch
|
|-weather|Sandstorm|[upkeep]
|-damage|p2a: Azelf|43/100|[from] Sandstorm
|-heal|p1a: Excadrill|88/100|[from] item: Leftovers
|upkeep
|turn|5
|
|t:|1769310232
|move|p1a: Excadrill|Rock Slide|p2a: Azelf|[miss]
|-miss|p1a: Excadrill|p2a: Azelf
|move|p2a: Azelf|Flamethrower|p1a: Excadrill
|-supereffective|p1a: Excadrill
|-end|p1a: Excadrill|Substitute
|
|-weather|none
|-heal|p1a: Excadrill|94/100|[from] item: Leftovers
|upkeep
|turn|6
|
|t:|1769310242
|switch|p1a: Tyranitar|Tyranitar, F|100/100
|-weather|Sandstorm|[from] ability: Sand Stream|[of] p1a: Tyranitar
|move|p2a: Azelf|Flamethrower|p1a: Tyranitar
|-resisted|p1a: Tyranitar
|-damage|p1a: Tyranitar|91/100
|
|-weather|Sandstorm|[upkeep]
|-damage|p2a: Azelf|37/100|[from] Sandstorm
|upkeep
|turn|7
|
|t:|1769310253
|switch|p1a: Moltres|Moltres|73/100
|move|p2a: Azelf|Dazzling Gleam|p1a: Moltres
|-resisted|p1a: Moltres
|-damage|p1a: Moltres|59/100
|
|-weather|Sandstorm|[upkeep]
|-damage|p2a: Azelf|31/100|[from] Sandstorm
|-damage|p1a: Moltres|53/100|[from] Sandstorm
|upkeep
|turn|8
|
|t:|1769310260
|move|p2a: Azelf|Thunderbolt|p1a: Moltres
|-supereffective|p1a: Moltres
|-damage|p1a: Moltres|0 fnt
|faint|p1a: Moltres
|
|-weather|Sandstorm|[upkeep]
|-damage|p2a: Azelf|25/100|[from] Sandstorm
|upkeep
|
|t:|1769310265
|switch|p1a: Excadrill|Excadrill, F|94/100
|turn|9
|
|t:|1769310272
|move|p1a: Excadrill|Rock Slide|p2a: Azelf
|-damage|p2a: Azelf|0 fnt
|faint|p2a: Azelf
|
|-weather|Sandstorm|[upkeep]
|-heal|p1a: Excadrill|99/100|[from] item: Leftovers
|upkeep
|
|t:|1769310277
|switch|p2a: Cinderace|Cinderace, M|78/100
|turn|10
|
|t:|1769310279
|move|p2a: Cinderace|Sucker Punch|p1a: Excadrill
|-start|p2a: Cinderace|typechange|Dark|[from] ability: Libero
|-damage|p1a: Excadrill|53/100
|move|p1a: Excadrill|Earthquake|p2a: Cinderace
|-damage|p2a: Cinderace|0 fnt
|faint|p2a: Cinderace
|
|-weather|none
|-heal|p1a: Excadrill|59/100|[from] item: Leftovers
|upkeep
|
|t:|1769310286
|switch|p2a: Ogerpon|Ogerpon-Wellspring, F|100/100
|turn|11
|
|t:|1769310294
|switch|p1a: Ogerpon|Ogerpon-Wellspring, F|100/100
|move|p2a: Ogerpon|Swords Dance|p2a: Ogerpon
|-boost|p2a: Ogerpon|atk|2
|
|upkeep
|turn|12
|
|t:|1769310300
|move|p2a: Ogerpon|Horn Leech|p1a: Ogerpon
|-damage|p1a: Ogerpon|0 fnt
|faint|p1a: Ogerpon
|
|upkeep
|
|t:|1769310308
|switch|p1a: Tinkaton|Tinkaton, F|100/100
|-ability|p1a: Tinkaton|Mold Breaker
|-item|p1a: Tinkaton|Air Balloon
|turn|13
|
|t:|1769310314
|move|p2a: Ogerpon|Ivy Cudgel|p1a: Tinkaton|[anim] Ivy Cudgel Water
|-damage|p1a: Tinkaton|0 fnt
|-enditem|p1a: Tinkaton|Air Balloon
|faint|p1a: Tinkaton
|
|upkeep
|
|t:|1769310326
|switch|p1a: Tyranitar|Tyranitar, F|91/100
|-weather|Sandstorm|[from] ability: Sand Stream|[of] p1a: Tyranitar
|turn|14
|
|t:|1769310331
|move|p2a: Ogerpon|Ivy Cudgel|p1a: Tyranitar|[anim] Ivy Cudgel Water
|-supereffective|p1a: Tyranitar
|-damage|p1a: Tyranitar|0 fnt
|faint|p1a: Tyranitar
|
|-weather|Sandstorm|[upkeep]
|-damage|p2a: Ogerpon|95/100|[from] Sandstorm
|upkeep
|
|t:|1769310334
|switch|p1a: Sinistcha|Sinistcha|100/100
|turn|15
|
|t:|1769310340
|switch|p2a: Gengar|Gengar, M|100/100
|move|p1a: Sinistcha|Strength Sap|p2a: Gengar
|-unboost|p2a: Gengar|atk|1
|
|-weather|Sandstorm|[upkeep]
|-damage|p2a: Gengar|94/100|[from] Sandstorm
|-damage|p1a: Sinistcha|94/100|[from] Sandstorm
|upkeep
|turn|16
|-message|EIscube875 forfeited.
|
|win|lolcano46
|raw|EIscube875's rating: 1557 &rarr; <strong>1537</strong><br />(-20 for losing)
|raw|lolcano46's rating: 1564 &rarr; <strong>1584</strong><br />(+20 for winning)
|l|☆EIscube875
|player|p1|
