|j|☆OP Sand
|j|☆Napple09
|t:|1769317884
|gametype|singles
|player|p1|OP Sand|giovanni-masters|1586
|player|p2|Napple09|pokemonbreeder-gen6|1624
|gen|9
|tier|[Gen 9] OU
|rated|
|rule|HP Percentage Mod: HP is shown in percentages
|rule|Endless Battle Clause: Forcing endless battles is banned
|rule|Species Clause: Limit one of each Pokémon
|rule|OHKO Clause: OHKO moves are banned
|rule|Evasion Items Clause: Evasion items are banned
|rule|Evasion Moves Clause: Evasion moves are banned
|rule|Evasion Abilities Clause: Evasion abilities are banned
|rule|Sleep Moves Clause: Sleep-inducing moves are banned
|clearpoke
|poke|p1|Excadrill, M|
|poke|p1|Tyranitar, M|
|poke|p1|Kyurem|
|poke|p1|Hawlucha, M|
|poke|p1|Pawmot, F|
|poke|p1|Leavanny, M|
|poke|p2|Hydrapple, M|
|poke|p2|Great Tusk|
|poke|p2|Lokix, F|
|poke|p2|Cinderace, F|
|poke|p2|Alomomola, M|
|poke|p2|Slowking-Galar, M|
|teampreview
|inactive|Battle timer is ON: inactive players will automatically lose when time's up. (requested by OP Sand)
|
|t:|1769317895
|teamsize|p1|6
|teamsize|p2|6
|start
|switch|p1a: Leavanny|Leavanny, M|100/100
|switch|p2a: 【 Cindy 】|Cinderace, F|100/100
|turn|1
|
|t:|1769317901
|move|p1a: Leavanny|Knock Off|p2a: 【 Cindy 】
|-damage|p2a: 【 Cindy 】|60/100
|-enditem|p2a: 【 Cindy 】|Heavy-Duty Boots|[from] move: Knock Off|[of] p1a: Leavanny
|move|p2a: 【 Cindy 】|Pyro Ball|p1a: Leavanny
|-supereffective|p1a: Leavanny
|-crit|p1a: Leavanny
|-damage|p1a: Leavanny|0 fnt
|faint|p1a: Leavanny
|
|upkeep
|
|t:|1769317907
|switch|p1a: The sandstorm|Tyranitar, M, shiny|100/100
|-weather|Sandstorm|[from] ability: Sand Stream|[of] p1a: The sandstorm
|turn|2
|
|t:|1769317914
|-terastallize|p1a: The sandstorm|Ghost
|move|p2a: 【 Cindy 】|U-turn|p1a: The sandstorm
|-resisted|p1a: The sandstorm
|-damage|p1a: The sandstorm|95/100
|
|t:|1769317922
|switch|p2a: 【 Luffy 】|Lokix, F|100/100|[from] U-turn
|move|p1a: The sandstorm|Stealth Rock|p2a: 【 Luffy 】
|-sidestart|p2: Napple09|move: Stealth Rock
|
|-weather|Sandstorm|[upkeep]
|-damage|p2a: 【 Luffy 】|94/100|[from] Sandstorm
|-damage|p1a: The sandstorm|89/100|[from] Sandstorm
|upkeep
|turn|3
|
|t:|1769317931
|switch|p1a: Itachi|Hawlucha, M, shiny|100/100
|-ability|p1a: Itachi|Mold Breaker
|move|p2a: 【 Luffy 】|Knock Off|p1a: Itachi
|-resisted|p1a: Itachi
|-damage|p1a: Itachi|5/100
|-enditem|p1a: Itachi|Red Card|[from] move: Knock Off|[of] p2a: 【 Luffy 】
|
|-weather|Sandstorm|[upkeep]
|-damage|p1a: Itachi|0 fnt|[from] Sandstorm
|-damage|p2a: 【 Luffy 】|88/100|[from] Sandstorm
|faint|p1a: Itachi
|upkeep
|
|t:|1769317937
|switch|p1a: OP|Excadrill, M|100/100
|turn|4
|j| aarer
|
|t:|1769317945
|switch|p2a: 【 Tusky 】|Great Tusk|100/100
|-damage|p2a: 【 Tusky 】|97/100|[from] Stealth Rock
|move|p1a: OP|Earthquake|p2a: 【 Tusky 】
|-damage|p2a: 【 Tusky 】|43/100
|
|-weather|Sandstorm|[upkeep]
|upkeep
|turn|5
|
|t:|1769317955
|-end|p2a: 【 Tusky 】|Protosynthesis|[silent]
|switch|p2a: 【 Syrup 】|Hydrapple, M|100/100
|-damage|p2a: 【 Syrup 】|88/100|[from] Stealth Rock
|move|p1a: OP|Earthquake|p2a: 【 Syrup 】
|-resisted|p2a: 【 Syrup 】
|-damage|p2a: 【 Syrup 】|55/100
|
|-weather|Sandstorm|[upkeep]
|-damage|p2a: 【 Syrup 】|49/100|[from] Sandstorm
|upkeep
|turn|6
|inactive|OP Sand has 120 seconds left.
|inactive|Napple09 has 120 seconds left.
|
|t:|1769318012
|move|p1a: OP|Earthquake|p2a: 【 Syrup 】
|-resisted|p2a: 【 Syrup 】
|-damage|p2a: 【 Syrup 】|16/100
|move|p2a: 【 Syrup 】|Fickle Beam|p1a: OP
|-resisted|p1a: OP
|-damage|p1a: OP|60/100
|-damage|p2a: 【 Syrup 】|6/100|[from] item: Life Orb
|
|-weather|Sandstorm|[upkeep]
|-damage|p2a: 【 Syrup 】|0 fnt|[from] Sandstorm
|faint|p2a: 【 Syrup 】
|upkeep
|j| sixlegoat
|l| sixlegoat
|inactive|Napple09 has 90 seconds left.
|
|t:|1769318033
|switch|p2a: 【 Luffy 】|Lokix, F|88/100
|-damage|p2a: 【 Luffy 】|64/100|[from] Stealth Rock
|turn|7
|inactive|Napple09 has 90 seconds left.
|
|t:|1769318042
|switch|p1a: Frieza|Kyurem, shiny|100/100
|-ability|p1a: Frieza|Pressure
|move|p2a: 【 Luffy 】|First Impression|p1a: Frieza
|-damage|p1a: Frieza|42/100
|
|-weather|Sandstorm|[upkeep]
|-damage|p1a: Frieza|35/100|[from] Sandstorm
|-damage|p2a: 【 Luffy 】|58/100|[from] Sandstorm
|upkeep
|turn|8
|
|t:|1769318051
|switch|p2a: 【 Eepy 】|Slowking-Galar, M|100/100
|-damage|p2a: 【 Eepy 】|88/100|[from] Stealth Rock
|move|p1a: Frieza|Earth Power|p2a: 【 Eepy 】
|-supereffective|p2a: 【 Eepy 】
|-damage|p2a: 【 Eepy 】|30/100
|
|-weather|Sandstorm|[upkeep]
|-damage|p1a: Frieza|29/100|[from] Sandstorm
|-damage|p2a: 【 Eepy 】|24/100|[from] Sandstorm
|-heal|p2a: 【 Eepy 】|30/100|[from] item: Black Sludge
|upkeep
|turn|9
|
|t:|1769318064
|switch|p2a: 【 Momo 】|Alomomola, M|100/100
|-damage|p2a: 【 Momo 】|88/100|[from] Stealth Rock
|move|p1a: Frieza|Freeze-Dry|p2a: 【 Momo 】
|-supereffective|p2a: 【 Momo 】
|-damage|p2a: 【 Momo 】|33/100
|
|-weather|none
|upkeep
|turn|10
|inactive|Napple09 has 90 seconds left.
|
|t:|1769318082
|switch|p2a: 【 Eepy 】|Slowking-Galar, M|63/100
|-damage|p2a: 【 Eepy 】|51/100|[from] Stealth Rock
|move|p1a: Frieza|Freeze-Dry|p2a: 【 Eepy 】
|-damage|p2a: 【 Eepy 】|23/100
|
|-heal|p2a: 【 Eepy 】|29/100|[from] item: Black Sludge
|upkeep
|turn|11
|inactive|Napple09 has 90 seconds left.
|
|t:|1769318092
|move|p1a: Frieza|Earth Power|p2a: 【 Eepy 】
|-supereffective|p2a: 【 Eepy 】
|-damage|p2a: 【 Eepy 】|0 fnt
|faint|p2a: 【 Eepy 】
|
|upkeep
|
|t:|1769318094
|switch|p2a: 【 Cindy 】|Cinderace, F|60/100
|-damage|p2a: 【 Cindy 】|35/100|[from] Stealth Rock
|turn|12
|
|t:|1769318100
|switch|p1a: The sandstorm|Tyranitar, M, shiny, tera:Ghost|89/100
|-weather|Sandstorm|[from] ability: Sand Stream|[of] p1a: The sandstorm
|move|p2a: 【 Cindy 】|Pyro Ball|p1a: The sandstorm
|-damage|p1a: The sandstorm|54/100
|-status|p1a: The sandstorm|brn
|
|-weather|Sandstorm|[upkeep]
|-damage|p2a: 【 Cindy 】|29/100|[from] Sandstorm
|-damage|p1a: The sandstorm|48/100 brn|[from] Sandstorm
|-damage|p1a: The sandstorm|42/100 brn|[from] brn
|upkeep
|turn|13
|
|t:|1769318117
|move|p2a: 【 Cindy 】|Court Change|p2a: 【 Cindy 】
|-swapsideconditions
|-activate|p2a: 【 Cindy 】|move: Court Change
|move|p1a: The sandstorm|Stealth Rock|p2a: 【 Cindy 】
|-sidestart|p2: Napple09|move: Stealth Rock
|
|-weather|Sandstorm|[upkeep]
|-damage|p2a: 【 Cindy 】|22/100|[from] Sandstorm
|-damage|p1a: The sandstorm|36/100 brn|[from] Sandstorm
|-damage|p1a: The sandstorm|29/100 brn|[from] brn
|upkeep
|turn|14
|
|t:|1769318123
|switch|p1a: Frieza|Kyurem, shiny|29/100
|-damage|p1a: Frieza|4/100|[from] Stealth Rock
|-ability|p1a: Frieza|Pressure
|move|p2a: 【 Cindy 】|Pyro Ball|p1a: Frieza
|-damage|p1a: Frieza|0 fnt
|faint|p1a: Frieza
|
|-weather|Sandstorm|[upkeep]
|-damage|p2a: 【 Cindy 】|16/100|[from] Sandstorm
|upkeep
|
|t:|1769318125
|switch|p1a: OP|Excadrill, M|60/100
|-damage|p1a: OP|57/100|[from] Stealth Rock
|turn|15
|j| Samurajen
|
|t:|1769318136
|switch|p2a: 【 Tusky 】|Great Tusk|43/100
|-damage|p2a: 【 Tusky 】|40/100|[from] Stealth Rock
|move|p1a: OP|Earthquake|p2a: 【 Tusky 】
|-damage|p2a: 【 Tusky 】|0 fnt
|faint|p2a: 【 Tusky 】
|-end|p2a: 【 Tusky 】|Protosynthesis|[silent]
|
|-weather|Sandstorm|[upkeep]
|upkeep
|
|t:|1769318154
|switch|p2a: 【 Luffy 】|Lokix, F|58/100
|-damage|p2a: 【 Luffy 】|33/100|[from] Stealth Rock
|turn|16
|
|t:|1769318160
|switch|p1a: The sandstorm|Tyranitar, M, shiny, tera:Ghost|29/100 brn
|-damage|p1a: The sandstorm|17/100 brn|[from] Stealth Rock
|move|p2a: 【 Luffy 】|First Impression|p1a: The sandstorm
|-resisted|p1a: The sandstorm
|-crit|p1a: The sandstorm
|-damage|p1a: The sandstorm|0 fnt
|faint|p1a: The sandstorm
|
|-weather|Sandstorm|[upkeep]
|-damage|p2a: 【 Luffy 】|27/100|[from] Sandstorm
|upkeep
|
|t:|1769318161
|switch|p1a: OP|Excadrill, M|57/100
|-damage|p1a: OP|54/100|[from] Stealth Rock
|turn|17
|
|t:|1769318166
|switch|p2a: 【 Cindy 】|Cinderace, F|16/100
|-damage|p2a: 【 Cindy 】|0 fnt|[from] Stealth Rock
|faint|p2a: 【 Cindy 】
|move|p1a: OP|Earthquake|p2: 【 Cindy 】|[notarget]
|-fail|p1a: OP
|
|-weather|Sandstorm|[upkeep]
|upkeep
|
|t:|1769318168
|switch|p2a: 【 Luffy 】|Lokix, F|27/100
|-damage|p2a: 【 Luffy 】|2/100|[from] Stealth Rock
|turn|18
|
|t:|1769318176
|move|p2a: 【 Luffy 】|First Impression|p1a: OP
|-resisted|p1a: OP
|-damage|p1a: OP|0 fnt
|faint|p1a: OP
|
|-weather|Sandstorm|[upkeep]
|-damage|p2a: 【 Luffy 】|0 fnt|[from] Sandstorm
|faint|p2a: 【 Luffy 】
|upkeep
|
|t:|1769318179
|switch|p2a: 【 Momo 】|Alomomola, M|66/100
|switch|p1a: Porunga|Pawmot, F|100/100
|-damage|p1a: Porunga|95/100|[from] Stealth Rock
|-damage|p2a: 【 Momo 】|54/100|[from] Stealth Rock
|turn|19
|-message|Napple09 forfeited.
|
|win|OP Sand
|raw|OP Sand's rating: 1586 &rarr; <strong>1608</strong><br />(+22 for winning)
|raw|Napple09's rating: 1624 &rarr; <strong>1602</strong><br />(-22 for losing)
|l|☆Napple09
|player|p2|
|l|☆OP Sand
|player|p1|
|l| aarer
