|j|☆Yaoshi
|j|☆sancorv1
|t:|1769381458
|gametype|singles
|player|p1|Yaoshi|silver-masters|1478
|player|p2|sancorv1|doctor|1521
|gen|9
|tier|[Gen 9] OU
|rated|
|rule|HP Percentage Mod: HP is shown in percentages
|rule|Endless Battle Clause: Forcing endless battles is banned
|rule|Species Clause: Limit one of each Pokémon
|rule|OHKO Clause: OHKO moves are banned
|rule|Evasion Items Clause: Evasion items are banned
|rule|Evasion Moves Clause: Evasion moves are banned
|rule|Evasion Abilities Clause: Evasion abilities are banned
|rule|Sleep Moves Clause: Sleep-inducing moves are banned
|clearpoke
|poke|p1|Cinderace, F|
|poke|p1|Darkrai|
|poke|p1|Dragonite, F|
|poke|p1|Snorlax, F|
|poke|p1|Primarina, M|
|poke|p1|Skarmory, M|
|poke|p2|Tyranitar, F|
|poke|p2|Excadrill, M|
|poke|p2|Tornadus-Therian, M|
|poke|p2|Kyurem|
|poke|p2|Alomomola, F|
|poke|p2|Great Tusk|
|teampreview
|inactive|Battle timer is ON: inactive players will automatically lose when time's up. (requested by Yaoshi)
|
|t:|1769381476
|teamsize|p1|6
|teamsize|p2|6
|start
|switch|p1a: Babe Ruth|Darkrai, shiny|100/100
|switch|p2a: Tornadus|Tornadus-Therian, M|100/100
|turn|1
|
|t:|1769381488
|switch|p1a: Ayami Sato|Primarina, M, shiny|100/100
|switch|p2a: Alomomola|Alomomola, F|100/100
|
|upkeep
|turn|2
|
|t:|1769381492
|move|p2a: Alomomola|Protect|p2a: Alomomola
|-singleturn|p2a: Alomomola|Protect
|move|p1a: Ayami Sato|Calm Mind|p1a: Ayami Sato
|-boost|p1a: Ayami Sato|spa|1
|-boost|p1a: Ayami Sato|spd|1
|
|upkeep
|turn|3
|
|t:|1769381497
|move|p1a: Ayami Sato|Calm Mind|p1a: Ayami Sato
|-boost|p1a: Ayami Sato|spa|1
|-boost|p1a: Ayami Sato|spd|1
|move|p2a: Alomomola|Flip Turn|p1a: Ayami Sato
|-resisted|p1a: Ayami Sato
|-damage|p1a: Ayami Sato|94/100
|
|t:|1769381517
|switch|p2a: Kyurem|Kyurem|100/100|[from] Flip Turn
|-ability|p2a: Kyurem|Pressure
|
|-heal|p1a: Ayami Sato|99/100|[from] item: Leftovers
|upkeep
|turn|4
|
|t:|1769381524
|move|p2a: Kyurem|Freeze-Dry|p1a: Ayami Sato
|-supereffective|p1a: Ayami Sato
|-damage|p1a: Ayami Sato|56/100
|move|p1a: Ayami Sato|Calm Mind|p1a: Ayami Sato
|-boost|p1a: Ayami Sato|spa|1
|-boost|p1a: Ayami Sato|spd|1
|
|-heal|p1a: Ayami Sato|62/100|[from] item: Leftovers
|upkeep
|turn|5
|
|t:|1769381530
|move|p2a: Kyurem|Freeze-Dry|p1a: Ayami Sato
|-supereffective|p1a: Ayami Sato
|-damage|p1a: Ayami Sato|26/100
|move|p1a: Ayami Sato|Draining Kiss|p2a: Kyurem
|-supereffective|p2a: Kyurem
|-crit|p2a: Kyurem
|-damage|p2a: Kyurem|0 fnt
|-heal|p1a: Ayami Sato|100/100|[from] drain|[of] p2a: Kyurem
|faint|p2a: Kyurem
|
|upkeep
|
|t:|1769381547
|switch|p2a: Tyranitar|Tyranitar, F|100/100
|-weather|Sandstorm|[from] ability: Sand Stream|[of] p2a: Tyranitar
|turn|6
|
|t:|1769381551
|move|p1a: Ayami Sato|Draining Kiss|p2a: Tyranitar
|-supereffective|p2a: Tyranitar
|-crit|p2a: Tyranitar
|-damage|p2a: Tyranitar|29/100
|move|p2a: Tyranitar|Thunder Wave|p1a: Ayami Sato
|-status|p1a: Ayami Sato|par
|
|-weather|Sandstorm|[upkeep]
|-damage|p1a: Ayami Sato|94/100 par|[from] Sandstorm
|-heal|p1a: Ayami Sato|100/100 par|[from] item: Leftovers
|upkeep
|turn|7
|
|t:|1769381554
|move|p2a: Tyranitar|Knock Off|p1a: Ayami Sato
|-resisted|p1a: Ayami Sato
|-damage|p1a: Ayami Sato|84/100 par
|-enditem|p1a: Ayami Sato|Leftovers|[from] move: Knock Off|[of] p2a: Tyranitar
|move|p1a: Ayami Sato|Draining Kiss|p2a: Tyranitar
|-supereffective|p2a: Tyranitar
|-damage|p2a: Tyranitar|0 fnt
|-heal|p1a: Ayami Sato|100/100 par|[from] drain|[of] p2a: Tyranitar
|faint|p2a: Tyranitar
|
|-weather|Sandstorm|[upkeep]
|-damage|p1a: Ayami Sato|94/100 par|[from] Sandstorm
|upkeep
|
|t:|1769381562
|switch|p2a: Excadrill|Excadrill, M|100/100
|-item|p2a: Excadrill|Air Balloon
|turn|8
|
|t:|1769381568
|move|p2a: Excadrill|Earthquake|p1a: Ayami Sato
|-damage|p1a: Ayami Sato|42/100 par
|move|p1a: Ayami Sato|Psychic Noise|p2a: Excadrill
|-supereffective|p2a: Excadrill
|-damage|p2a: Excadrill|0 fnt
|-enditem|p2a: Excadrill|Air Balloon
|faint|p2a: Excadrill
|
|-weather|Sandstorm|[upkeep]
|-damage|p1a: Ayami Sato|36/100 par|[from] Sandstorm
|upkeep
|
|t:|1769381571
|switch|p2a: Great Tusk|Great Tusk|100/100
|-enditem|p2a: Great Tusk|Booster Energy
|-activate|p2a: Great Tusk|ability: Protosynthesis|[fromitem]
|-start|p2a: Great Tusk|protosynthesisspe
|turn|9
|
|t:|1769381574
|move|p2a: Great Tusk|Headlong Rush|p1a: Ayami Sato
|-damage|p1a: Ayami Sato|0 fnt
|-unboost|p2a: Great Tusk|def|1
|-unboost|p2a: Great Tusk|spd|1
|faint|p1a: Ayami Sato
|
|-weather|Sandstorm|[upkeep]
|upkeep
|
|t:|1769381579
|switch|p1a: Ohtani|Dragonite, F|100/100
|turn|10
|
|t:|1769381585
|-end|p2a: Great Tusk|Protosynthesis|[silent]
|switch|p2a: Alomomola|Alomomola, F|100/100
|-terastallize|p1a: Ohtani|Normal
|move|p1a: Ohtani|Extreme Speed|p2a: Alomomola
|-damage|p2a: Alomomola|60/100
|
|-weather|Sandstorm|[upkeep]
|-damage|p1a: Ohtani|94/100|[from] Sandstorm
|-damage|p2a: Alomomola|54/100|[from] Sandstorm
|upkeep
|turn|11
|
|t:|1769381603
|switch|p1a: Babe Ruth|Darkrai, shiny|100/100
|move|p2a: Alomomola|Wish|p2a: Alomomola
|
|-weather|Sandstorm|[upkeep]
|-damage|p1a: Babe Ruth|94/100|[from] Sandstorm
|-damage|p2a: Alomomola|48/100|[from] Sandstorm
|-heal|p1a: Babe Ruth|100/100|[from] item: Leftovers
|upkeep
|turn|12
|
|t:|1769381608
|move|p2a: Alomomola|Protect|p2a: Alomomola
|-singleturn|p2a: Alomomola|Protect
|move|p1a: Babe Ruth|Dark Pulse|p2a: Alomomola
|-activate|p2a: Alomomola|move: Protect
|
|-weather|Sandstorm|[upkeep]
|-damage|p1a: Babe Ruth|94/100|[from] Sandstorm
|-damage|p2a: Alomomola|42/100|[from] Sandstorm
|-heal|p2a: Alomomola|92/100|[from] move: Wish|[wisher] Alomomola
|-heal|p1a: Babe Ruth|100/100|[from] item: Leftovers
|upkeep
|turn|13
|
|t:|1769381617
|move|p1a: Babe Ruth|Will-O-Wisp|p2a: Alomomola
|-status|p2a: Alomomola|brn
|move|p2a: Alomomola|Flip Turn|p1a: Babe Ruth
|-damage|p1a: Babe Ruth|91/100
|
|t:|1769381624
|switch|p2a: Tornadus|Tornadus-Therian, M|100/100|[from] Flip Turn
|
|-weather|none
|-heal|p1a: Babe Ruth|97/100|[from] item: Leftovers
|upkeep
|turn|14
|
|t:|1769381627
|-terastallize|p2a: Tornadus|Steel
|move|p1a: Babe Ruth|Dark Pulse|p2a: Tornadus
|-damage|p2a: Tornadus|48/100
|cant|p2a: Tornadus|flinch
|
|-heal|p1a: Babe Ruth|100/100|[from] item: Leftovers
|upkeep
|turn|15
|
|t:|1769381634
|switch|p2a: Alomomola|Alomomola, F|100/100 brn
|move|p1a: Babe Ruth|Focus Blast|p2a: Alomomola
|-damage|p2a: Alomomola|55/100 brn
|
|-damage|p2a: Alomomola|49/100 brn|[from] brn
|upkeep
|turn|16
|
|t:|1769381636
|move|p1a: Babe Ruth|Dark Pulse|p2a: Alomomola
|-damage|p2a: Alomomola|0 fnt
|faint|p2a: Alomomola
|
|upkeep
|
|t:|1769381638
|switch|p2a: Tornadus|Tornadus-Therian, M, tera:Steel|81/100
|turn|17
|
|t:|1769381641
|move|p1a: Babe Ruth|Focus Blast|p2a: Tornadus|[miss]
|-miss|p1a: Babe Ruth|p2a: Tornadus
|move|p2a: Tornadus|Bleakwind Storm|p1a: Babe Ruth
|-damage|p1a: Babe Ruth|42/100
|
|-heal|p1a: Babe Ruth|48/100|[from] item: Leftovers
|upkeep
|turn|18
|
|t:|1769381645
|move|p1a: Babe Ruth|Focus Blast|p2a: Tornadus
|-supereffective|p2a: Tornadus
|-damage|p2a: Tornadus|0 fnt
|faint|p2a: Tornadus
|
|-heal|p1a: Babe Ruth|54/100|[from] item: Leftovers
|upkeep
|
|t:|1769381648
|switch|p2a: Great Tusk|Great Tusk|100/100
|turn|19
|
|t:|1769381651
|move|p1a: Babe Ruth|Will-O-Wisp|p2a: Great Tusk
|-status|p2a: Great Tusk|brn
|move|p2a: Great Tusk|Rapid Spin|p1a: Babe Ruth
|-damage|p1a: Babe Ruth|45/100
|-boost|p2a: Great Tusk|spe|1
|
|-heal|p1a: Babe Ruth|51/100|[from] item: Leftovers
|-damage|p2a: Great Tusk|94/100 brn|[from] brn
|upkeep
|turn|20
|
|t:|1769381654
|switch|p1a: Oz Smith|Skarmory, M, shiny|100/100
|move|p2a: Great Tusk|Bulk Up|p2a: Great Tusk
|-boost|p2a: Great Tusk|atk|1
|-boost|p2a: Great Tusk|def|1
|
|-damage|p2a: Great Tusk|88/100 brn|[from] brn
|upkeep
|turn|21
|
|t:|1769381659
|move|p2a: Great Tusk|Bulk Up|p2a: Great Tusk
|-boost|p2a: Great Tusk|atk|1
|-boost|p2a: Great Tusk|def|1
|move|p1a: Oz Smith|Brave Bird|p2a: Great Tusk
|-supereffective|p2a: Great Tusk
|-damage|p2a: Great Tusk|66/100 brn
|-damage|p1a: Oz Smith|91/100|[from] Recoil
|
|-damage|p2a: Great Tusk|60/100 brn|[from] brn
|upkeep
|turn|22
|
|t:|1769381661
|move|p2a: Great Tusk|Ice Spinner|p1a: Oz Smith
|-damage|p1a: Oz Smith|76/100
|-damage|p2a: Great Tusk|43/100 brn|[from] item: Rocky Helmet|[of] p1a: Oz Smith
|move|p1a: Oz Smith|Brave Bird|p2a: Great Tusk
|-supereffective|p2a: Great Tusk
|-damage|p2a: Great Tusk|22/100 brn
|-damage|p1a: Oz Smith|67/100|[from] Recoil
|
|-damage|p2a: Great Tusk|16/100 brn|[from] brn
|upkeep
|turn|23
|
|t:|1769381664
|move|p2a: Great Tusk|Ice Spinner|p1a: Oz Smith
|-damage|p1a: Oz Smith|53/100
|-damage|p2a: Great Tusk|0 fnt|[from] item: Rocky Helmet|[of] p1a: Oz Smith
|faint|p2a: Great Tusk
|-end|p2a: Great Tusk|Protosynthesis|[silent]
|
|win|Yaoshi
|raw|Yaoshi's rating: 1478 &rarr; <strong>1500</strong><br />(+22 for winning)
|raw|sancorv1's rating: 1521 &rarr; <strong>1499</strong><br />(-22 for losing)
