|j|☆TyranitarPrimallll
|j|☆tonytonique
|t:|1769341925
|gametype|singles
|player|p1|TyranitarPrimallll|blue|1294
|player|p2|tonytonique|169|1253
|gen|9
|tier|[Gen 9] OU
|rated|
|rule|HP Percentage Mod: HP is shown in percentages
|rule|Endless Battle Clause: Forcing endless battles is banned
|rule|Species Clause: Limit one of each Pokémon
|rule|OHKO Clause: OHKO moves are banned
|rule|Evasion Items Clause: Evasion items are banned
|rule|Evasion Moves Clause: Evasion moves are banned
|rule|Evasion Abilities Clause: Evasion abilities are banned
|rule|Sleep Moves Clause: Sleep-inducing moves are banned
|clearpoke
|poke|p1|Iron Valiant|
|poke|p1|Great Tusk|
|poke|p1|Dragonite, M|
|poke|p1|Deoxys-Speed|
|poke|p1|Glimmora, M|
|poke|p1|Kingambit, M|
|poke|p2|Great Tusk|
|poke|p2|Espeon, F|
|poke|p2|Enamorus, F|
|poke|p2|Registeel|
|poke|p2|Kleavor, F|
|poke|p2|Greninja-*, M|
|teampreview
|inactive|Battle timer is ON: inactive players will automatically lose when time's up. (requested by tonytonique)
|
|t:|1769341941
|teamsize|p1|6
|teamsize|p2|6
|start
|switch|p1a: Deoxys|Deoxys-Speed|100/100
|switch|p2a: Greninja|Greninja, M|100/100
|-ability|p1a: Deoxys|Pressure
|turn|1
|
|t:|1769341946
|move|p1a: Deoxys|Light Screen|p1a: Deoxys
|-sidestart|p1: TyranitarPrimallll|move: Light Screen
|move|p2a: Greninja|Dark Pulse|p1a: Deoxys
|-supereffective|p1a: Deoxys
|-damage|p1a: Deoxys|41/100
|-damage|p2a: Greninja|91/100|[from] item: Life Orb
|
|upkeep
|turn|2
|
|t:|1769341956
|move|p1a: Deoxys|Reflect|p1a: Deoxys
|-sidestart|p1: TyranitarPrimallll|Reflect
|move|p2a: Greninja|Hydro Pump|p1a: Deoxys
|-damage|p1a: Deoxys|0 fnt
|faint|p1a: Deoxys
|-ability|p2a: Greninja|Battle Bond|boost
|-boost|p2a: Greninja|atk|1
|-boost|p2a: Greninja|spa|1
|-boost|p2a: Greninja|spe|1
|-activate|p2a: Greninja|ability: Battle Bond
|-damage|p2a: Greninja|81/100|[from] item: Life Orb
|
|upkeep
|
|t:|1769341962
|switch|p1a: Kingambit|Kingambit, M|100/100
|-activate|p1a: Kingambit|ability: Supreme Overlord
|-start|p1a: Kingambit|fallen1|[silent]
|turn|3
|
|t:|1769341973
|switch|p2a: Great Tusk|Great Tusk|100/100
|move|p1a: Kingambit|Low Kick|p2a: Great Tusk
|-damage|p2a: Great Tusk|60/100
|
|upkeep
|turn|4
|
|t:|1769341984
|-end|p1a: Kingambit|fallen1|[silent]
|switch|p1a: Glimmora|Glimmora, M|100/100
|move|p2a: Great Tusk|Headlong Rush|p1a: Glimmora
|-supereffective|p1a: Glimmora
|-damage|p1a: Glimmora|0 fnt
|-unboost|p2a: Great Tusk|def|1
|-unboost|p2a: Great Tusk|spd|1
|-activate|p1a: Glimmora|ability: Toxic Debris
|-sidestart|p2: tonytonique|move: Toxic Spikes
|faint|p1a: Glimmora
|
|upkeep
|
|t:|1769341991
|switch|p1a: Dragonite|Dragonite, M|100/100
|turn|5
|
|t:|1769342003
|move|p2a: Great Tusk|Ice Spinner|p1a: Dragonite
|-supereffective|p1a: Dragonite
|-damage|p1a: Dragonite|72/100
|move|p1a: Dragonite|Dragon Dance|p1a: Dragonite
|-boost|p1a: Dragonite|atk|1
|-boost|p1a: Dragonite|spe|1
|
|-heal|p1a: Dragonite|79/100|[from] item: Leftovers
|upkeep
|turn|6
|
|t:|1769342012
|-terastallize|p1a: Dragonite|Flying
|move|p1a: Dragonite|Tera Blast|p2a: Great Tusk|[anim] Tera Blast Flying
|-supereffective|p2a: Great Tusk
|-damage|p2a: Great Tusk|0 fnt
|faint|p2a: Great Tusk
|-end|p2a: Great Tusk|Protosynthesis|[silent]
|
|-heal|p1a: Dragonite|85/100|[from] item: Leftovers
|upkeep
|
|t:|1769342036
|switch|p2a: Registeel|Registeel|100/100
|turn|7
|inactive|TyranitarPrimallll has 120 seconds left.
|
|t:|1769342072
|move|p1a: Dragonite|Substitute|p1a: Dragonite
|-start|p1a: Dragonite|Substitute
|-damage|p1a: Dragonite|60/100
|move|p2a: Registeel|Iron Defense|p2a: Registeel
|-boost|p2a: Registeel|def|2
|
|-heal|p1a: Dragonite|66/100|[from] item: Leftovers
|upkeep
|turn|8
|inactive|TyranitarPrimallll has 120 seconds left.
|
|t:|1769342079
|move|p1a: Dragonite|Earthquake|p2a: Registeel
|-supereffective|p2a: Registeel
|-damage|p2a: Registeel|67/100
|move|p2a: Registeel|Iron Defense|p2a: Registeel
|-boost|p2a: Registeel|def|2
|
|-heal|p1a: Dragonite|72/100|[from] item: Leftovers
|-heal|p2a: Registeel|74/100|[from] item: Leftovers
|-sideend|p1: TyranitarPrimallll|move: Light Screen
|upkeep
|turn|9
|
|t:|1769342084
|move|p1a: Dragonite|Earthquake|p2a: Registeel
|-supereffective|p2a: Registeel
|-damage|p2a: Registeel|48/100
|move|p2a: Registeel|Iron Defense|p2a: Registeel
|-boost|p2a: Registeel|def|2
|
|-heal|p1a: Dragonite|79/100|[from] item: Leftovers
|-heal|p2a: Registeel|54/100|[from] item: Leftovers
|-sideend|p1: TyranitarPrimallll|Reflect
|upkeep
|turn|10
|
|t:|1769342089
|move|p1a: Dragonite|Earthquake|p2a: Registeel
|-supereffective|p2a: Registeel
|-damage|p2a: Registeel|36/100
|move|p2a: Registeel|Body Press|p1a: Dragonite
|-resisted|p1a: Dragonite
|-end|p1a: Dragonite|Substitute
|
|-heal|p1a: Dragonite|85/100|[from] item: Leftovers
|-heal|p2a: Registeel|42/100|[from] item: Leftovers
|upkeep
|turn|11
|
|t:|1769342096
|move|p1a: Dragonite|Earthquake|p2a: Registeel
|-supereffective|p2a: Registeel
|-damage|p2a: Registeel|23/100
|move|p2a: Registeel|Body Press|p1a: Dragonite
|-resisted|p1a: Dragonite
|-damage|p1a: Dragonite|22/100
|
|-heal|p1a: Dragonite|29/100|[from] item: Leftovers
|-heal|p2a: Registeel|29/100|[from] item: Leftovers
|upkeep
|turn|12
|
|t:|1769342100
|move|p1a: Dragonite|Earthquake|p2a: Registeel
|-supereffective|p2a: Registeel
|-damage|p2a: Registeel|11/100
|move|p2a: Registeel|Body Press|p1a: Dragonite
|-resisted|p1a: Dragonite
|-damage|p1a: Dragonite|0 fnt
|faint|p1a: Dragonite
|
|-heal|p2a: Registeel|17/100|[from] item: Leftovers
|upkeep
|
|t:|1769342104
|switch|p1a: Iron Valiant|Iron Valiant|100/100
|-enditem|p1a: Iron Valiant|Booster Energy
|-activate|p1a: Iron Valiant|ability: Quark Drive|[fromitem]
|-start|p1a: Iron Valiant|quarkdrivespe
|turn|13
|
|t:|1769342111
|move|p1a: Iron Valiant|Close Combat|p2a: Registeel
|-supereffective|p2a: Registeel
|-damage|p2a: Registeel|0 fnt
|-unboost|p1a: Iron Valiant|def|1
|-unboost|p1a: Iron Valiant|spd|1
|faint|p2a: Registeel
|
|upkeep
|
|t:|1769342124
|switch|p2a: Kleavor|Kleavor, F|100/100
|-status|p2a: Kleavor|psn
|turn|14
|
|t:|1769342129
|move|p1a: Iron Valiant|Moonblast|p2a: Kleavor
|-damage|p2a: Kleavor|61/100 psn
|-unboost|p2a: Kleavor|spa|1
|move|p2a: Kleavor|Dual Wingbeat|p1a: Iron Valiant
|-supereffective|p1a: Iron Valiant
|-damage|p1a: Iron Valiant|42/100
|-supereffective|p1a: Iron Valiant
|-damage|p1a: Iron Valiant|0 fnt
|faint|p1a: Iron Valiant
|-end|p1a: Iron Valiant|Quark Drive|[silent]
|-hitcount|p1: Iron Valiant|2
|
|-damage|p2a: Kleavor|49/100 psn|[from] psn
|upkeep
|
|t:|1769342137
|switch|p1a: Great Tusk|Great Tusk|100/100
|-enditem|p1a: Great Tusk|Booster Energy
|-activate|p1a: Great Tusk|ability: Protosynthesis|[fromitem]
|-start|p1a: Great Tusk|protosynthesisspe
|turn|15
|
|t:|1769342146
|switch|p2a: Espeon|Espeon, F|100/100
|-status|p2a: Espeon|psn
|move|p1a: Great Tusk|Bulk Up|p1a: Great Tusk
|-boost|p1a: Great Tusk|atk|1
|-boost|p1a: Great Tusk|def|1
|
|-damage|p2a: Espeon|88/100 psn|[from] psn
|upkeep
|turn|16
|
|t:|1769342155
|move|p1a: Great Tusk|Headlong Rush|p2a: Espeon
|-damage|p2a: Espeon|0 fnt
|-unboost|p1a: Great Tusk|def|1
|-unboost|p1a: Great Tusk|spd|1
|faint|p2a: Espeon
|
|upkeep
|
|t:|1769342168
|switch|p2a: Enamorus|Enamorus, F|100/100
|turn|17
|
|t:|1769342171
|move|p2a: Enamorus|Moonblast|p1a: Great Tusk
|-supereffective|p1a: Great Tusk
|-damage|p1a: Great Tusk|0 fnt
|faint|p1a: Great Tusk
|-end|p1a: Great Tusk|Protosynthesis|[silent]
|
|upkeep
|
|t:|1769342174
|switch|p1a: Kingambit|Kingambit, M|100/100
|-activate|p1a: Kingambit|ability: Supreme Overlord
|-start|p1a: Kingambit|fallen5|[silent]
|turn|18
|
|t:|1769342177
|move|p2a: Enamorus|Moonblast|p1a: Kingambit
|-damage|p1a: Kingambit|32/100
|-unboost|p1a: Kingambit|spa|1
|move|p1a: Kingambit|Iron Head|p2a: Enamorus
|-supereffective|p2a: Enamorus
|-damage|p2a: Enamorus|0 fnt
|faint|p2a: Enamorus
|
|upkeep
|
|t:|1769342185
|switch|p2a: Greninja|Greninja, M|81/100
|-status|p2a: Greninja|psn
|turn|19
|
|t:|1769342193
|-terastallize|p2a: Greninja|Water
|move|p2a: Greninja|Water Shuriken|p1a: Kingambit
|-damage|p1a: Kingambit|18/100
|-crit|p1a: Kingambit
|-damage|p1a: Kingambit|0 fnt
|faint|p1a: Kingambit
|-end|p1a: Kingambit|fallen5|[silent]
|-hitcount|p1: Kingambit|2
|-damage|p2a: Greninja|71/100 psn|[from] item: Life Orb
|
|win|tonytonique
|raw|TyranitarPrimallll's rating: 1294 &rarr; <strong>1266</strong><br />(-28 for losing)
|raw|tonytonique's rating: 1253 &rarr; <strong>1281</strong><br />(+28 for winning)
|l|☆TyranitarPrimallll
|player|p1|
|l|☆tonytonique
|player|p2|
