|j|☆lean_z1p3
|j|☆enderpop
|t:|1769342547
|gametype|singles
|player|p1|lean_z1p3|valerie|1136
|player|p2|enderpop|ethan|1124
|gen|9
|tier|[Gen 9] OU
|rated|
|rule|HP Percentage Mod: HP is shown in percentages
|rule|Endless Battle Clause: Forcing endless battles is banned
|rule|Species Clause: Limit one of each Pokémon
|rule|OHKO Clause: OHKO moves are banned
|rule|Evasion Items Clause: Evasion items are banned
|rule|Evasion Moves Clause: Evasion moves are banned
|rule|Evasion Abilities Clause: Evasion abilities are banned
|rule|Sleep Moves Clause: Sleep-inducing moves are banned
|clearpoke
|poke|p1|Iron Treads|
|poke|p1|Gholdengo|
|poke|p1|Infernape, M|
|poke|p1|Rillaboom, M|
|poke|p1|Greninja-*, M|
|poke|p1|Salamence, M|
|poke|p2|Chandelure, M|
|poke|p2|Ninetales-Alola, F|
|poke|p2|Hawlucha, M|
|poke|p2|Weavile, F|
|poke|p2|Dragapult, M|
|poke|p2|Raichu-Alola, F|
|teampreview
|inactive|Battle timer is ON: inactive players will automatically lose when time's up. (requested by lean_z1p3)
|
|t:|1769342563
|teamsize|p1|6
|teamsize|p2|6
|start
|switch|p1a: golden_ficello.mp4|Gholdengo, shiny|100/100
|switch|p2a: Raichu|Raichu-Alola, F|100/100
|turn|1
|inactive|enderpop has 120 seconds left.
|
|t:|1769342598
|move|p1a: golden_ficello.mp4|Shadow Ball|p2a: Raichu
|-supereffective|p2a: Raichu
|-damage|p2a: Raichu|22/100
|move|p2a: Raichu|Psychic|p1a: golden_ficello.mp4
|-resisted|p1a: golden_ficello.mp4
|-damage|p1a: golden_ficello.mp4|77/100
|
|upkeep
|turn|2
|inactive|enderpop has 120 seconds left.
|
|t:|1769342611
|move|p1a: golden_ficello.mp4|Shadow Ball|p2a: Raichu
|-supereffective|p2a: Raichu
|-damage|p2a: Raichu|0 fnt
|faint|p2a: Raichu
|
|upkeep
|inactive|enderpop has 120 seconds left.
|
|t:|1769342619
|switch|p2a: Hawlucha|Hawlucha, M|100/100
|turn|3
|inactive|lean_z1p3 has 120 seconds left.
|
|t:|1769342653
|-terastallize|p2a: Hawlucha|Dark
|move|p1a: golden_ficello.mp4|Shadow Ball|p2a: Hawlucha
|-resisted|p2a: Hawlucha
|-damage|p2a: Hawlucha|65/100
|move|p2a: Hawlucha|Throat Chop|p1a: golden_ficello.mp4
|-supereffective|p1a: golden_ficello.mp4
|-damage|p1a: golden_ficello.mp4|2/100
|-start|p1a: golden_ficello.mp4|Throat Chop|[silent]
|
|upkeep
|turn|4
|inactive|lean_z1p3 has 120 seconds left.
|
|t:|1769342664
|switch|p1a: fire_monkey.mp4|Infernape, M|100/100
|move|p2a: Hawlucha|X-Scissor|p1a: fire_monkey.mp4
|-resisted|p1a: fire_monkey.mp4
|-damage|p1a: fire_monkey.mp4|92/100
|
|upkeep
|turn|5
|inactive|lean_z1p3 has 120 seconds left.
|
|t:|1769342675
|switch|p2a: Chandelure|Chandelure, M, shiny|100/100
|move|p1a: fire_monkey.mp4|Fire Blast|p2a: Chandelure
|-start|p2a: Chandelure|ability: Flash Fire
|
|upkeep
|turn|6
|inactive|lean_z1p3 has 120 seconds left.
|
|t:|1769342687
|switch|p1a: ugly_dragon.mp4|Salamence, M|100/100
|move|p2a: Chandelure|Shadow Ball|p1a: ugly_dragon.mp4
|-damage|p1a: ugly_dragon.mp4|44/100
|
|upkeep
|turn|7
|inactive|lean_z1p3 has 120 seconds left.
|
|t:|1769342707
|move|p1a: ugly_dragon.mp4|Dual Wingbeat|p2a: Chandelure
|-damage|p2a: Chandelure|71/100
|-damage|p2a: Chandelure|39/100
|-hitcount|p2a: Chandelure|2
|move|p2a: Chandelure|Shadow Ball|p1a: ugly_dragon.mp4
|-damage|p1a: ugly_dragon.mp4|0 fnt
|faint|p1a: ugly_dragon.mp4
|
|upkeep
|
|t:|1769342712
|switch|p1a: ninja_frog.mp4|Greninja, M|100/100
|turn|8
|
|t:|1769342727
|move|p1a: ninja_frog.mp4|U-turn|p2a: Chandelure
|-start|p1a: ninja_frog.mp4|typechange|Bug|[from] ability: Protean
|-resisted|p2a: Chandelure
|-damage|p2a: Chandelure|31/100
|inactive|lean_z1p3 has 120 seconds left.
|
|t:|1769342747
|switch|p1a: fire_monkey.mp4|Infernape, M|92/100|[from] U-turn
|move|p2a: Chandelure|Energy Ball|p1a: fire_monkey.mp4
|-resisted|p1a: fire_monkey.mp4
|-damage|p1a: fire_monkey.mp4|65/100
|
|upkeep
|turn|9
|inactive|lean_z1p3 has 120 seconds left.
|inactive|lean_z1p3 has 90 seconds left.
|
|t:|1769342791
|move|p1a: fire_monkey.mp4|Nasty Plot|p1a: fire_monkey.mp4
|-boost|p1a: fire_monkey.mp4|spa|2
|move|p2a: Chandelure|Psychic|p1a: fire_monkey.mp4
|-supereffective|p1a: fire_monkey.mp4
|-damage|p1a: fire_monkey.mp4|0 fnt
|faint|p1a: fire_monkey.mp4
|
|upkeep
|
|t:|1769342794
|switch|p1a: ninja_frog.mp4|Greninja, M|100/100
|turn|10
|
|t:|1769342799
|move|p1a: ninja_frog.mp4|Surf|p2a: Chandelure
|-start|p1a: ninja_frog.mp4|typechange|Water|[from] ability: Protean
|-supereffective|p2a: Chandelure
|-damage|p2a: Chandelure|0 fnt
|faint|p2a: Chandelure
|
|upkeep
|
|t:|1769342813
|switch|p2a: Ninetales|Ninetales-Alola, F|100/100
|-weather|Snowscape|[from] ability: Snow Warning|[of] p2a: Ninetales
|turn|11
|
|t:|1769342832
|switch|p1a: iron_wheel.mp4|Iron Treads|100/100
|-enditem|p1a: iron_wheel.mp4|Booster Energy
|-activate|p1a: iron_wheel.mp4|ability: Quark Drive|[fromitem]
|-start|p1a: iron_wheel.mp4|quarkdrivespe
|move|p2a: Ninetales|Aurora Veil|p2a: Ninetales
|-sidestart|p2: enderpop|move: Aurora Veil
|
|-weather|Snowscape|[upkeep]
|upkeep
|turn|12
|
|t:|1769342845
|move|p1a: iron_wheel.mp4|Stealth Rock|p2a: Ninetales
|-sidestart|p2: enderpop|move: Stealth Rock
|move|p2a: Ninetales|Blizzard|p1a: iron_wheel.mp4
|-damage|p1a: iron_wheel.mp4|18/100
|-damage|p2a: Ninetales|91/100|[from] item: Life Orb
|
|-weather|Snowscape|[upkeep]
|upkeep
|turn|13
|
|t:|1769342854
|move|p1a: iron_wheel.mp4|Knock Off|p2a: Ninetales
|-resisted|p2a: Ninetales
|-damage|p2a: Ninetales|84/100
|-enditem|p2a: Ninetales|Life Orb|[from] move: Knock Off|[of] p1a: iron_wheel.mp4
|move|p2a: Ninetales|Blizzard|p1a: iron_wheel.mp4
|-damage|p1a: iron_wheel.mp4|0 fnt
|faint|p1a: iron_wheel.mp4
|-end|p1a: iron_wheel.mp4|Quark Drive|[silent]
|
|-weather|Snowscape|[upkeep]
|upkeep
|
|t:|1769342863
|switch|p1a: golden_ficello.mp4|Gholdengo, shiny|2/100
|turn|14
|
|t:|1769342868
|move|p1a: golden_ficello.mp4|Make It Rain|p2a: Ninetales
|-supereffective|p2a: Ninetales
|-damage|p2a: Ninetales|0 fnt
|-unboost|p1a: golden_ficello.mp4|spa|1
|faint|p2a: Ninetales
|
|-weather|Snowscape|[upkeep]
|upkeep
|
|t:|1769342888
|switch|p2a: Hawlucha|Hawlucha, M, tera:Dark|65/100
|-damage|p2a: Hawlucha|53/100|[from] Stealth Rock
|turn|15
|
|t:|1769342893
|switch|p1a: ninja_frog.mp4|Greninja, M|100/100
|move|p2a: Hawlucha|Throat Chop|p1a: ninja_frog.mp4
|-resisted|p1a: ninja_frog.mp4
|-damage|p1a: ninja_frog.mp4|74/100
|-start|p1a: ninja_frog.mp4|Throat Chop|[silent]
|
|-weather|none
|-sideend|p2: enderpop|move: Aurora Veil
|upkeep
|turn|16
|
|t:|1769342897
|move|p1a: ninja_frog.mp4|U-turn|p2a: Hawlucha
|-start|p1a: ninja_frog.mp4|typechange|Bug|[from] ability: Protean
|-supereffective|p2a: Hawlucha
|-damage|p2a: Hawlucha|0 fnt
|faint|p2a: Hawlucha
|
|t:|1769342906
|switch|p1a: golden_ficello.mp4|Gholdengo, shiny|2/100|[from] U-turn
|
|upkeep
|
|t:|1769342910
|switch|p2a: Dragapult|Dragapult, M|100/100
|-damage|p2a: Dragapult|88/100|[from] Stealth Rock
|turn|17
|
|t:|1769342918
|move|p1a: golden_ficello.mp4|Shadow Ball|p2a: Dragapult
|-supereffective|p2a: Dragapult
|-damage|p2a: Dragapult|0 fnt
|faint|p2a: Dragapult
|
|upkeep
|-message|enderpop forfeited.
|
|win|lean_z1p3
|raw|lean_z1p3's rating: 1136 &rarr; <strong>1160</strong><br />(+24 for winning)
|raw|enderpop's rating: 1124 &rarr; <strong>1100</strong><br />(-24 for losing)
|l|☆enderpop
|player|p2|
|l|☆lean_z1p3
|player|p1|
