|j|☆Luisowbro
|j|☆WaveHunts
|t:|1769446749
|gametype|singles
|player|p1|Luisowbro|ingo|1558
|player|p2|WaveHunts|ghetsis|1566
|gen|9
|tier|[Gen 9] OU
|rated|
|rule|HP Percentage Mod: HP is shown in percentages
|rule|Endless Battle Clause: Forcing endless battles is banned
|rule|Species Clause: Limit one of each Pokémon
|rule|OHKO Clause: OHKO moves are banned
|rule|Evasion Items Clause: Evasion items are banned
|rule|Evasion Moves Clause: Evasion moves are banned
|rule|Evasion Abilities Clause: Evasion abilities are banned
|rule|Sleep Moves Clause: Sleep-inducing moves are banned
|clearpoke
|poke|p1|Haxorus, M|
|poke|p1|Moltres-Galar|
|poke|p1|Mamoswine, M|
|poke|p1|Scizor, M|
|poke|p1|Volcanion|
|poke|p1|Ninetales-Alola, F|
|poke|p2|Clefable, F|
|poke|p2|Ting-Lu|
|poke|p2|Gholdengo|
|poke|p2|Dragonite, M|
|poke|p2|Tornadus-Therian, M|
|poke|p2|Kingambit, M|
|teampreview
|inactive|Battle timer is ON: inactive players will automatically lose when time's up. (requested by Luisowbro)
|
|t:|1769446783
|teamsize|p1|6
|teamsize|p2|6
|start
|switch|p1a: Mamoswine|Mamoswine, M|100/100
|switch|p2a: Clefable|Clefable, F, shiny|100/100
|turn|1
|
|t:|1769446790
|switch|p1a: Scizor|Scizor, M|100/100
|move|p2a: Clefable|Stealth Rock|p1a: Scizor
|-sidestart|p1: Luisowbro|move: Stealth Rock
|
|upkeep
|turn|2
|
|t:|1769446807
|switch|p2a: Tornadus|Tornadus-Therian, M|100/100
|move|p1a: Scizor|U-turn|p2a: Tornadus
|-resisted|p2a: Tornadus
|-damage|p2a: Tornadus|61/100
|
|t:|1769446813
|switch|p1a: Mamoswine|Mamoswine, M|100/100|[from] U-turn
|-damage|p1a: Mamoswine|88/100|[from] Stealth Rock
|
|upkeep
|turn|3
|
|t:|1769446832
|switch|p2a: Clefable|Clefable, F, shiny|100/100
|move|p1a: Mamoswine|Icicle Crash|p2a: Clefable
|-damage|p2a: Clefable|61/100
|
|-heal|p2a: Clefable|68/100|[from] item: Leftovers
|upkeep
|turn|4
|
|t:|1769446840
|move|p1a: Mamoswine|Icicle Crash|p2a: Clefable
|-damage|p2a: Clefable|30/100
|move|p2a: Clefable|Knock Off|p1a: Mamoswine
|-damage|p1a: Mamoswine|71/100
|-enditem|p1a: Mamoswine|Choice Scarf|[from] move: Knock Off|[of] p2a: Clefable
|
|-heal|p2a: Clefable|36/100|[from] item: Leftovers
|upkeep
|turn|5
|
|t:|1769446854
|switch|p2a: Tornadus|Tornadus-Therian, M|94/100
|move|p1a: Mamoswine|Knock Off|p2a: Tornadus
|-damage|p2a: Tornadus|43/100
|-enditem|p2a: Tornadus|Heavy-Duty Boots|[from] move: Knock Off|[of] p1a: Mamoswine
|
|upkeep
|turn|6
|
|t:|1769446860
|switch|p1a: Scizor|Scizor, M|100/100
|-damage|p1a: Scizor|88/100|[from] Stealth Rock
|move|p2a: Tornadus|Focus Blast|p1a: Scizor
|-damage|p1a: Scizor|42/100
|
|upkeep
|turn|7
|
|t:|1769446871
|switch|p2a: Clefable|Clefable, F, shiny|36/100
|move|p1a: Scizor|Bullet Punch|p2a: Clefable
|-supereffective|p2a: Clefable
|-damage|p2a: Clefable|0 fnt
|faint|p2a: Clefable
|
|upkeep
|
|t:|1769446884
|switch|p2a: Tornadus|Tornadus-Therian, M|76/100
|turn|8
|
|t:|1769446890
|switch|p1a: Volcanion|Volcanion|100/100
|-damage|p1a: Volcanion|76/100|[from] Stealth Rock
|move|p2a: Tornadus|Heat Wave|p1a: Volcanion
|-resisted|p1a: Volcanion
|-damage|p1a: Volcanion|71/100
|
|upkeep
|turn|9
|
|t:|1769446904
|move|p2a: Tornadus|Bleakwind Storm|p1a: Volcanion
|-damage|p1a: Volcanion|37/100
|move|p1a: Volcanion|Steam Eruption|p2a: Tornadus
|-damage|p2a: Tornadus|0 fnt
|faint|p2a: Tornadus
|
|upkeep
|
|t:|1769446913
|switch|p2a: Dragonite|Dragonite, M|100/100
|turn|10
|
|t:|1769446915
|switch|p1a: Ninetales|Ninetales-Alola, F, shiny|100/100
|-damage|p1a: Ninetales|76/100|[from] Stealth Rock
|-weather|Snowscape|[from] ability: Snow Warning|[of] p1a: Ninetales
|move|p2a: Dragonite|Dragon Dance|p2a: Dragonite
|-boost|p2a: Dragonite|atk|1
|-boost|p2a: Dragonite|spe|1
|
|-weather|Snowscape|[upkeep]
|upkeep
|turn|11
|
|t:|1769446938
|-terastallize|p2a: Dragonite|Flying
|move|p2a: Dragonite|Tera Blast|p1a: Ninetales|[anim] Tera Blast Flying
|-damage|p1a: Ninetales|3/100
|move|p1a: Ninetales|Aurora Veil|p1a: Ninetales
|-sidestart|p1: Luisowbro|move: Aurora Veil
|
|-weather|Snowscape|[upkeep]
|upkeep
|turn|12
|
|t:|1769446946
|move|p2a: Dragonite|Fire Punch|p1a: Ninetales
|-supereffective|p1a: Ninetales
|-damage|p1a: Ninetales|0 fnt
|faint|p1a: Ninetales
|
|-weather|Snowscape|[upkeep]
|upkeep
|
|t:|1769446958
|switch|p1a: Mamoswine|Mamoswine, M|71/100
|-damage|p1a: Mamoswine|58/100|[from] Stealth Rock
|turn|13
|
|t:|1769446977
|move|p2a: Dragonite|Dragon Dance|p2a: Dragonite
|-boost|p2a: Dragonite|atk|1
|-boost|p2a: Dragonite|spe|1
|move|p1a: Mamoswine|Icicle Crash|p2a: Dragonite
|-supereffective|p2a: Dragonite
|-damage|p2a: Dragonite|44/100
|
|-weather|Snowscape|[upkeep]
|upkeep
|turn|14
|
|t:|1769446984
|move|p2a: Dragonite|Tera Blast|p1a: Mamoswine|[anim] Tera Blast Flying
|-damage|p1a: Mamoswine|15/100
|move|p1a: Mamoswine|Icicle Crash|p2a: Dragonite
|-supereffective|p2a: Dragonite
|-crit|p2a: Dragonite
|-damage|p2a: Dragonite|0 fnt
|faint|p2a: Dragonite
|
|-weather|none
|upkeep
|
|t:|1769446996
|switch|p2a: Gholdengo|Gholdengo, shiny|100/100
|turn|15
|
|t:|1769447001
|move|p1a: Mamoswine|Earthquake|p2a: Gholdengo
|-supereffective|p2a: Gholdengo
|-damage|p2a: Gholdengo|0 fnt
|faint|p2a: Gholdengo
|
|upkeep
|
|t:|1769447004
|switch|p2a: Ting-Lu|Ting-Lu, shiny|100/100
|-ability|p2a: Ting-Lu|Vessel of Ruin
|turn|16
|
|t:|1769447012
|move|p1a: Mamoswine|Icicle Crash|p2a: Ting-Lu
|-supereffective|p2a: Ting-Lu
|-damage|p2a: Ting-Lu|51/100
|move|p2a: Ting-Lu|Earthquake|p1a: Mamoswine
|-damage|p1a: Mamoswine|0 fnt
|faint|p1a: Mamoswine
|
|-heal|p2a: Ting-Lu|57/100|[from] item: Leftovers
|upkeep
|
|t:|1769447021
|switch|p1a: Volcanion|Volcanion|37/100
|-damage|p1a: Volcanion|12/100|[from] Stealth Rock
|turn|17
|
|t:|1769447031
|move|p1a: Volcanion|Steam Eruption|p2a: Ting-Lu
|-supereffective|p2a: Ting-Lu
|-damage|p2a: Ting-Lu|2/100
|move|p2a: Ting-Lu|Whirlwind|p1a: Volcanion
|drag|p1a: Scizor|Scizor, M|42/100
|-damage|p1a: Scizor|30/100|[from] Stealth Rock
|
|-heal|p2a: Ting-Lu|9/100|[from] item: Leftovers
|upkeep
|turn|18
|
|t:|1769447043
|move|p1a: Scizor|Bullet Punch|p2a: Ting-Lu
|-damage|p2a: Ting-Lu|0 fnt
|faint|p2a: Ting-Lu
|
|-sideend|p1: Luisowbro|move: Aurora Veil
|upkeep
|
|t:|1769447045
|switch|p2a: Kingambit|Kingambit, M|100/100
|turn|19
|
|t:|1769447063
|-terastallize|p1a: Scizor|Steel
|move|p1a: Scizor|Bullet Punch|p2a: Kingambit
|-resisted|p2a: Kingambit
|-damage|p2a: Kingambit|77/100
|move|p2a: Kingambit|Swords Dance|p2a: Kingambit
|-boost|p2a: Kingambit|atk|2
|
|upkeep
|turn|20
|
|t:|1769447081
|move|p1a: Scizor|Bullet Punch|p2a: Kingambit
|-resisted|p2a: Kingambit
|-damage|p2a: Kingambit|55/100
|move|p2a: Kingambit|Swords Dance|p2a: Kingambit
|-boost|p2a: Kingambit|atk|2
|
|upkeep
|turn|21
|
|t:|1769447088
|move|p1a: Scizor|Bullet Punch|p2a: Kingambit
|-resisted|p2a: Kingambit
|-damage|p2a: Kingambit|28/100
|move|p2a: Kingambit|Kowtow Cleave|p1a: Scizor
|-damage|p1a: Scizor|0 fnt
|faint|p1a: Scizor
|
|upkeep
|
|t:|1769447094
|switch|p1a: Haxorus|Haxorus, M, shiny|100/100
|-damage|p1a: Haxorus|88/100|[from] Stealth Rock
|-ability|p1a: Haxorus|Mold Breaker
|turn|22
|
|t:|1769447100
|move|p1a: Haxorus|First Impression|p2a: Kingambit
|-damage|p2a: Kingambit|3/100
|move|p2a: Kingambit|Kowtow Cleave|p1a: Haxorus
|-damage|p1a: Haxorus|0 fnt
|faint|p1a: Haxorus
|
|upkeep
|
|t:|1769447109
|switch|p1a: Moltres|Moltres-Galar, shiny|100/100
|-damage|p1a: Moltres|75/100|[from] Stealth Rock
|turn|23
|
|t:|1769447114
|move|p2a: Kingambit|Sucker Punch|p1a: Moltres
|-resisted|p1a: Moltres
|-damage|p1a: Moltres|4/100
|-ability|p1a: Moltres|Berserk|boost
|-boost|p1a: Moltres|spa|1
|-enditem|p1a: Moltres|Sitrus Berry|[eat]
|-heal|p1a: Moltres|29/100|[from] item: Sitrus Berry
|move|p1a: Moltres|Fiery Wrath|p2a: Kingambit
|-resisted|p2a: Kingambit
|-crit|p2a: Kingambit
|-damage|p2a: Kingambit|0 fnt
|faint|p2a: Kingambit
|
|win|Luisowbro
|raw|Luisowbro's rating: 1558 &rarr; <strong>1578</strong><br />(+20 for winning)
|raw|WaveHunts's rating: 1566 &rarr; <strong>1546</strong><br />(-20 for losing)
|l|☆WaveHunts
|player|p2|
|l|☆Luisowbro
|player|p1|
