|j|☆MechaSixVII
|j|☆depecos
|t:|1769293373
|gametype|singles
|player|p1|MechaSixVII|1|1251
|player|p2|depecos|265|1272
|gen|9
|tier|[Gen 9] OU
|rated|
|rule|HP Percentage Mod: HP is shown in percentages
|rule|Endless Battle Clause: Forcing endless battles is banned
|rule|Species Clause: Limit one of each Pokémon
|rule|OHKO Clause: OHKO moves are banned
|rule|Evasion Items Clause: Evasion items are banned
|rule|Evasion Moves Clause: Evasion moves are banned
|rule|Evasion Abilities Clause: Evasion abilities are banned
|rule|Sleep Moves Clause: Sleep-inducing moves are banned
|clearpoke
|poke|p1|Gengar, M|
|poke|p1|Kleavor, F|
|poke|p1|Porygon-Z|
|poke|p1|Scizor, F|
|poke|p1|Malamar, M|
|poke|p1|Mimikyu, M|
|poke|p2|Sudowoodo, F|
|poke|p2|Okidogi, M|
|poke|p2|Gholdengo|
|poke|p2|Mimikyu, F|
|poke|p2|Great Tusk|
|poke|p2|Kingambit, F|
|teampreview
|j| ZEROdrifter
|inactive|Battle timer is ON: inactive players will automatically lose when time's up. (requested by depecos)
|
|t:|1769293393
|teamsize|p1|6
|teamsize|p2|6
|start
|switch|p1a: Gengar|Gengar, M|100/100
|switch|p2a: Harvest Staff|Sudowoodo, F|100/100
|turn|1
|
|t:|1769293399
|move|p1a: Gengar|Will-O-Wisp|p2a: Harvest Staff
|-status|p2a: Harvest Staff|brn
|move|p2a: Harvest Staff|Stealth Rock|p1a: Gengar
|-sidestart|p1: MechaSixVII|move: Stealth Rock
|
|-damage|p2a: Harvest Staff|94/100 brn|[from] brn
|upkeep
|turn|2
|
|t:|1769293407
|move|p1a: Gengar|Hex|p2a: Harvest Staff
|-damage|p2a: Harvest Staff|0 fnt
|faint|p2a: Harvest Staff
|
|upkeep
|
|t:|1769293412
|switch|p2a: Affliction|Mimikyu, F, shiny|100/100
|turn|3
|
|t:|1769293415
|move|p2a: Affliction|Swords Dance|p2a: Affliction
|-boost|p2a: Affliction|atk|2
|move|p1a: Gengar|Will-O-Wisp|p2a: Affliction
|-status|p2a: Affliction|brn
|
|-damage|p2a: Affliction|95/100 brn|[from] brn
|upkeep
|turn|4
|
|t:|1769293426
|move|p2a: Affliction|Shadow Claw|p1a: Gengar
|-supereffective|p1a: Gengar
|-damage|p1a: Gengar|0 fnt
|faint|p1a: Gengar
|-damage|p2a: Affliction|85/100 brn|[from] item: Life Orb
|
|-damage|p2a: Affliction|79/100 brn|[from] brn
|upkeep
|
|t:|1769293441
|switch|p1a: Malamar|Malamar, M|100/100
|-damage|p1a: Malamar|88/100|[from] Stealth Rock
|turn|5
|
|t:|1769293451
|move|p1a: Malamar|Disable|p2a: Affliction
|-start|p2a: Affliction|Disable|Shadow Claw
|move|p2a: Affliction|Play Rough|p1a: Malamar
|-supereffective|p1a: Malamar
|-damage|p1a: Malamar|0 fnt
|faint|p1a: Malamar
|-damage|p2a: Affliction|69/100 brn|[from] item: Life Orb
|
|-damage|p2a: Affliction|63/100 brn|[from] brn
|upkeep
|
|t:|1769293462
|switch|p1a: Kleavor|Kleavor, F|100/100
|-damage|p1a: Kleavor|76/100|[from] Stealth Rock
|turn|6
|
|t:|1769293466
|move|p2a: Affliction|Play Rough|p1a: Kleavor
|-damage|p1a: Kleavor|19/100
|-damage|p2a: Affliction|53/100 brn|[from] item: Life Orb
|move|p1a: Kleavor|Stone Axe|p2a: Affliction
|-activate|p2a: Affliction|ability: Disguise
|-damage|p2a: Affliction|53/100 brn
|-sidestart|p2: depecos|move: Stealth Rock
|detailschange|p2a: Affliction|Mimikyu-Busted, F, shiny
|-damage|p2a: Affliction|40/100 brn|[from] pokemon: Mimikyu-Busted
|
|-damage|p2a: Affliction|34/100 brn|[from] brn
|upkeep
|turn|7
|
|t:|1769293478
|move|p2a: Affliction|Shadow Sneak|p1a: Kleavor
|-damage|p1a: Kleavor|0 fnt
|faint|p1a: Kleavor
|-damage|p2a: Affliction|24/100 brn|[from] item: Life Orb
|
|-damage|p2a: Affliction|18/100 brn|[from] brn
|upkeep
|
|t:|1769293486
|switch|p1a: Scizor|Scizor, F|100/100
|-damage|p1a: Scizor|88/100|[from] Stealth Rock
|turn|8
|
|t:|1769293501
|move|p2a: Affliction|Shadow Sneak|p1a: Scizor
|-damage|p1a: Scizor|68/100
|-damage|p2a: Affliction|8/100 brn|[from] item: Life Orb
|move|p1a: Scizor|Bullet Punch|p2a: Affliction
|-supereffective|p2a: Affliction
|-damage|p2a: Affliction|0 fnt
|faint|p2a: Affliction
|
|upkeep
|
|t:|1769293504
|switch|p2a: Grax|Great Tusk|100/100
|-damage|p2a: Grax|98/100|[from] Stealth Rock
|-enditem|p2a: Grax|Booster Energy
|-activate|p2a: Grax|ability: Protosynthesis|[fromitem]
|-start|p2a: Grax|protosynthesisspe
|turn|9
|
|t:|1769293514
|-terastallize|p1a: Scizor|Flying
|move|p2a: Grax|Bulk Up|p2a: Grax
|-boost|p2a: Grax|atk|1
|-boost|p2a: Grax|def|1
|move|p1a: Scizor|Dual Wingbeat|p2a: Grax
|-supereffective|p2a: Grax
|-damage|p2a: Grax|70/100
|-supereffective|p2a: Grax
|-damage|p2a: Grax|42/100
|-hitcount|p2a: Grax|2
|
|upkeep
|turn|10
|
|t:|1769293525
|move|p2a: Grax|Rapid Spin|p1a: Scizor
|-damage|p1a: Scizor|47/100
|-boost|p2a: Grax|spe|1
|-sideend|p2: depecos|Stealth Rock|[from] move: Rapid Spin|[of] p2a: Grax
|move|p1a: Scizor|Dual Wingbeat|p2a: Grax
|-supereffective|p2a: Grax
|-damage|p2a: Grax|11/100
|-supereffective|p2a: Grax
|-damage|p2a: Grax|0 fnt
|faint|p2a: Grax
|-end|p2a: Grax|Protosynthesis|[silent]
|-hitcount|p2: Grax|2
|
|upkeep
|
|t:|1769293529
|switch|p2a: Aorta|Okidogi, M|100/100
|turn|11
|
|t:|1769293539
|move|p2a: Aorta|Ice Punch|p1a: Scizor
|-supereffective|p1a: Scizor
|-damage|p1a: Scizor|0 fnt
|faint|p1a: Scizor
|
|upkeep
|
|t:|1769293546
|switch|p1a: Porygon-Z|Porygon-Z|100/100
|-damage|p1a: Porygon-Z|88/100|[from] Stealth Rock
|-item|p1a: Porygon-Z|Air Balloon
|turn|12
|
|t:|1769293551
|move|p1a: Porygon-Z|Tri Attack|p2a: Aorta
|-damage|p2a: Aorta|45/100
|move|p2a: Aorta|Drain Punch|p1a: Porygon-Z
|-supereffective|p1a: Porygon-Z
|-damage|p1a: Porygon-Z|0 fnt
|-heal|p2a: Aorta|81/100|[from] drain|[of] p1a: Porygon-Z
|-enditem|p1a: Porygon-Z|Air Balloon
|faint|p1a: Porygon-Z
|
|upkeep
|-message|MechaSixVII forfeited.
|
|win|depecos
|raw|MechaSixVII's rating: 1251 &rarr; <strong>1228</strong><br />(-23 for losing)
|raw|depecos's rating: 1272 &rarr; <strong>1295</strong><br />(+23 for winning)
|l|☆depecos
|player|p2|
|l| ZEROdrifter
