|j|☆Alerjake
|j|☆gingerninger
|t:|1769309399
|gametype|singles
|player|p1|Alerjake|1|1391
|player|p2|gingerninger|170|1424
|gen|9
|tier|[Gen 9] OU
|rated|
|rule|HP Percentage Mod: HP is shown in percentages
|rule|Endless Battle Clause: Forcing endless battles is banned
|rule|Species Clause: Limit one of each Pokémon
|rule|OHKO Clause: OHKO moves are banned
|rule|Evasion Items Clause: Evasion items are banned
|rule|Evasion Moves Clause: Evasion moves are banned
|rule|Evasion Abilities Clause: Evasion abilities are banned
|rule|Sleep Moves Clause: Sleep-inducing moves are banned
|clearpoke
|poke|p1|Ceruledge, F|
|poke|p1|Ninetales-Alola, F|
|poke|p1|Raging Bolt|
|poke|p1|Iron Crown|
|poke|p1|Hydreigon, F|
|poke|p1|Iron Treads|
|poke|p2|Kingambit, F|
|poke|p2|Iron Treads|
|poke|p2|Necrozma|
|poke|p2|Pecharunt|
|poke|p2|Enamorus, F|
|poke|p2|Samurott-Hisui, F|
|teampreview
|inactive|Battle timer is ON: inactive players will automatically lose when time's up. (requested by Alerjake)
|
|t:|1769309405
|teamsize|p1|6
|teamsize|p2|6
|start
|switch|p1a: Ninetales|Ninetales-Alola, F|100/100
|switch|p2a: Samurott|Samurott-Hisui, F, shiny|100/100
|-weather|Snowscape|[from] ability: Snow Warning|[of] p1a: Ninetales
|turn|1
|
|t:|1769309416
|move|p1a: Ninetales|Aurora Veil|p1a: Ninetales
|-sidestart|p1: Alerjake|move: Aurora Veil
|move|p2a: Samurott|Knock Off|p1a: Ninetales
|-resisted|p1a: Ninetales
|-damage|p1a: Ninetales|86/100
|-enditem|p1a: Ninetales|Light Clay|[from] move: Knock Off|[of] p2a: Samurott
|
|-weather|Snowscape|[upkeep]
|upkeep
|turn|2
|
|t:|1769309428
|switch|p1a: Hydreigon|Hydreigon, F|100/100
|switch|p2a: Pecharunt|Pecharunt|100/100
|-item|p2a: Pecharunt|Air Balloon
|
|-weather|Snowscape|[upkeep]
|upkeep
|turn|3
|
|t:|1769309435
|-terastallize|p1a: Hydreigon|Steel
|move|p1a: Hydreigon|Substitute|p1a: Hydreigon
|-start|p1a: Hydreigon|Substitute
|-damage|p1a: Hydreigon|76/100
|move|p2a: Pecharunt|Malignant Chain|p1a: Hydreigon
|-immune|p1a: Hydreigon
|
|-weather|Snowscape|[upkeep]
|-heal|p1a: Hydreigon|82/100|[from] item: Leftovers
|upkeep
|turn|4
|
|t:|1769309446
|move|p1a: Hydreigon|Nasty Plot|p1a: Hydreigon
|-boost|p1a: Hydreigon|spa|2
|move|p2a: Pecharunt|Shadow Ball|p1a: Hydreigon
|-activate|p1a: Hydreigon|move: Substitute|[damage]
|
|-weather|Snowscape|[upkeep]
|-heal|p1a: Hydreigon|88/100|[from] item: Leftovers
|upkeep
|turn|5
|
|t:|1769309455
|switch|p2a: Enamorus|Enamorus, F, shiny|100/100
|move|p1a: Hydreigon|Nasty Plot|p1a: Hydreigon
|-boost|p1a: Hydreigon|spa|2
|
|-weather|none
|-heal|p1a: Hydreigon|94/100|[from] item: Leftovers
|upkeep
|turn|6
|
|t:|1769309466
|move|p2a: Enamorus|Mystical Fire|p1a: Hydreigon
|-supereffective|p1a: Hydreigon
|-end|p1a: Hydreigon|Substitute
|move|p1a: Hydreigon|Flash Cannon|p2a: Enamorus
|-supereffective|p2a: Enamorus
|-damage|p2a: Enamorus|0 fnt
|faint|p2a: Enamorus
|
|-heal|p1a: Hydreigon|99/100|[from] item: Leftovers
|upkeep
|
|t:|1769309490
|switch|p2a: Iron Treads|Iron Treads|100/100
|turn|7
|
|t:|1769309496
|move|p2a: Iron Treads|Ice Spinner|p1a: Hydreigon
|-resisted|p1a: Hydreigon
|-damage|p1a: Hydreigon|93/100
|move|p1a: Hydreigon|Dragon Pulse|p2a: Iron Treads
|-resisted|p2a: Iron Treads
|-damage|p2a: Iron Treads|34/100
|
|-heal|p1a: Hydreigon|99/100|[from] item: Leftovers
|upkeep
|turn|8
|
|t:|1769309511
|move|p2a: Iron Treads|Ice Spinner|p1a: Hydreigon
|-resisted|p1a: Hydreigon
|-damage|p1a: Hydreigon|93/100
|move|p1a: Hydreigon|Substitute|p1a: Hydreigon
|-start|p1a: Hydreigon|Substitute
|-damage|p1a: Hydreigon|68/100
|
|-heal|p1a: Hydreigon|74/100|[from] item: Leftovers
|-sideend|p1: Alerjake|move: Aurora Veil
|upkeep
|turn|9
|-message|gingerninger forfeited.
|
|win|Alerjake
|raw|Alerjake's rating: 1391 &rarr; <strong>1413</strong><br />(+22 for winning)
|raw|gingerninger's rating: 1424 &rarr; <strong>1402</strong><br />(-22 for losing)
