|j|☆f4l1l0u
|j|☆oliverMDF
|t:|1769443109
|gametype|singles
|player|p1|f4l1l0u|pokemaniac|1027
|player|p2|oliverMDF|169|1027
|gen|9
|tier|[Gen 9] OU
|rated|
|rule|HP Percentage Mod: HP is shown in percentages
|rule|Endless Battle Clause: Forcing endless battles is banned
|rule|Species Clause: Limit one of each Pokémon
|rule|OHKO Clause: OHKO moves are banned
|rule|Evasion Items Clause: Evasion items are banned
|rule|Evasion Moves Clause: Evasion moves are banned
|rule|Evasion Abilities Clause: Evasion abilities are banned
|rule|Sleep Moves Clause: Sleep-inducing moves are banned
|clearpoke
|poke|p1|Clodsire, F|
|poke|p1|Quaquaval, F|
|poke|p1|Maushold-Four|
|poke|p1|Gardevoir, M|
|poke|p1|Cinderace, M|
|poke|p1|Sinistcha-Masterpiece|
|poke|p2|Samurott-Hisui, M|
|poke|p2|Zamazenta-*|
|poke|p2|Hatterene, F|
|poke|p2|Raging Bolt|
|poke|p2|Ogerpon-Wellspring, F|
|poke|p2|Gholdengo|
|teampreview
|
|t:|1769443123
|teamsize|p1|6
|teamsize|p2|6
|start
|switch|p1a: Bassirou|Clodsire, F|100/100
|switch|p2a: Ogerpon|Ogerpon-Wellspring, F|100/100
|turn|1
|
|t:|1769443144
|move|p2a: Ogerpon|U-turn|p1a: Bassirou
|-resisted|p1a: Bassirou
|-damage|p1a: Bassirou|90/100
|
|t:|1769443150
|switch|p2a: Gholdengo|Gholdengo|100/100|[from] U-turn
|move|p1a: Bassirou|Poison Jab|p2a: Gholdengo
|-immune|p2a: Gholdengo
|
|-heal|p1a: Bassirou|97/100|[from] item: Leftovers
|upkeep
|turn|2
|
|t:|1769443166
|move|p2a: Gholdengo|Make It Rain|p1a: Bassirou
|-damage|p1a: Bassirou|38/100
|-unboost|p2a: Gholdengo|spa|1
|-damage|p2a: Gholdengo|91/100|[from] item: Life Orb
|move|p1a: Bassirou|Amnesia|p1a: Bassirou
|-boost|p1a: Bassirou|spd|2
|
|-heal|p1a: Bassirou|45/100|[from] item: Leftovers
|upkeep
|turn|3
|
|t:|1769443181
|move|p2a: Gholdengo|Shadow Ball|p1a: Bassirou
|-damage|p1a: Bassirou|24/100
|-unboost|p1a: Bassirou|spd|1
|-damage|p2a: Gholdengo|81/100|[from] item: Life Orb
|move|p1a: Bassirou|Recover|p1a: Bassirou
|-heal|p1a: Bassirou|74/100
|
|-heal|p1a: Bassirou|80/100|[from] item: Leftovers
|upkeep
|turn|4
|
|t:|1769443190
|move|p2a: Gholdengo|Shadow Ball|p1a: Bassirou
|-damage|p1a: Bassirou|52/100
|-damage|p2a: Gholdengo|71/100|[from] item: Life Orb
|move|p1a: Bassirou|Amnesia|p1a: Bassirou
|-boost|p1a: Bassirou|spd|2
|
|-heal|p1a: Bassirou|58/100|[from] item: Leftovers
|upkeep
|turn|5
|
|t:|1769443200
|move|p2a: Gholdengo|Shadow Ball|p1a: Bassirou
|-damage|p1a: Bassirou|42/100
|-damage|p2a: Gholdengo|61/100|[from] item: Life Orb
|move|p1a: Bassirou|Amnesia|p1a: Bassirou
|-boost|p1a: Bassirou|spd|2
|
|-heal|p1a: Bassirou|48/100|[from] item: Leftovers
|upkeep
|turn|6
|
|t:|1769443208
|move|p2a: Gholdengo|Shadow Ball|p1a: Bassirou
|-damage|p1a: Bassirou|36/100
|-unboost|p1a: Bassirou|spd|1
|-damage|p2a: Gholdengo|51/100|[from] item: Life Orb
|move|p1a: Bassirou|Recover|p1a: Bassirou
|-heal|p1a: Bassirou|86/100
|
|-heal|p1a: Bassirou|93/100|[from] item: Leftovers
|upkeep
|turn|7
|
|t:|1769443218
|move|p2a: Gholdengo|Focus Blast|p1a: Bassirou|[miss]
|-miss|p2a: Gholdengo|p1a: Bassirou
|move|p1a: Bassirou|Earthquake|p2a: Gholdengo
|-supereffective|p2a: Gholdengo
|-damage|p2a: Gholdengo|0 fnt
|faint|p2a: Gholdengo
|
|-heal|p1a: Bassirou|99/100|[from] item: Leftovers
|upkeep
|
|t:|1769443249
|switch|p2a: Hatterene|Hatterene, F|100/100
|turn|8
|
|t:|1769443254
|move|p2a: Hatterene|Nuzzle|p1a: Bassirou
|-immune|p1a: Bassirou
|move|p1a: Bassirou|Poison Jab|p2a: Hatterene
|-supereffective|p2a: Hatterene
|-damage|p2a: Hatterene|53/100
|-damage|p1a: Bassirou|82/100|[from] item: Rocky Helmet|[of] p2a: Hatterene
|
|-heal|p1a: Bassirou|88/100|[from] item: Leftovers
|upkeep
|turn|9
|
|t:|1769443265
|move|p2a: Hatterene|Pain Split|p1a: Bassirou
|-sethp|p1a: Bassirou|63/100|[from] move: Pain Split|[silent]
|-sethp|p2a: Hatterene|91/100|[from] move: Pain Split
|move|p1a: Bassirou|Poison Jab|p2a: Hatterene
|-supereffective|p2a: Hatterene
|-damage|p2a: Hatterene|38/100
|-damage|p1a: Bassirou|46/100|[from] item: Rocky Helmet|[of] p2a: Hatterene
|
|-heal|p1a: Bassirou|52/100|[from] item: Leftovers
|upkeep
|turn|10
|
|t:|1769443275
|move|p2a: Hatterene|Pain Split|p1a: Bassirou
|-sethp|p1a: Bassirou|39/100|[from] move: Pain Split|[silent]
|-sethp|p2a: Hatterene|57/100|[from] move: Pain Split
|move|p1a: Bassirou|Recover|p1a: Bassirou
|-heal|p1a: Bassirou|89/100
|
|-heal|p1a: Bassirou|95/100|[from] item: Leftovers
|upkeep
|turn|11
|
|t:|1769443287
|move|p2a: Hatterene|Psychic Noise|p1a: Bassirou
|-supereffective|p1a: Bassirou
|-damage|p1a: Bassirou|79/100
|-start|p1a: Bassirou|move: Heal Block
|move|p1a: Bassirou|Poison Jab|p2a: Hatterene
|-supereffective|p2a: Hatterene
|-damage|p2a: Hatterene|10/100
|-damage|p1a: Bassirou|63/100|[from] item: Rocky Helmet|[of] p2a: Hatterene
|
|upkeep
|turn|12
|
|t:|1769443298
|move|p2a: Hatterene|Pain Split|p1a: Bassirou
|-sethp|p1a: Bassirou|35/100|[from] move: Pain Split|[silent]
|-sethp|p2a: Hatterene|50/100|[from] move: Pain Split
|move|p1a: Bassirou|Poison Jab|p2a: Hatterene
|-supereffective|p2a: Hatterene
|-damage|p2a: Hatterene|5/100
|-status|p2a: Hatterene|psn
|-damage|p1a: Bassirou|18/100|[from] item: Rocky Helmet|[of] p2a: Hatterene
|
|-damage|p2a: Hatterene|0 fnt|[from] psn
|faint|p2a: Hatterene
|-end|p1a: Bassirou|move: Heal Block
|upkeep
|
|t:|1769443313
|switch|p2a: Zamazenta|Zamazenta|100/100
|-ability|p2a: Zamazenta|Dauntless Shield|boost
|-boost|p2a: Zamazenta|def|1
|turn|13
|
|t:|1769443319
|move|p2a: Zamazenta|Body Press|p1a: Bassirou
|-resisted|p1a: Bassirou
|-damage|p1a: Bassirou|6/100
|move|p1a: Bassirou|Recover|p1a: Bassirou
|-heal|p1a: Bassirou|56/100
|
|-heal|p1a: Bassirou|62/100|[from] item: Leftovers
|upkeep
|turn|14
|
|t:|1769443327
|move|p1a: Bassirou|Poison Jab|p2a: Zamazenta
|-damage|p2a: Zamazenta|85/100
|-status|p2a: Zamazenta|psn
|move|p2a: Zamazenta|Roar|p1a: Bassirou
|drag|p1a: Mégazord|Quaquaval, F|100/100
|
|-heal|p2a: Zamazenta|91/100 psn|[from] item: Leftovers
|-damage|p2a: Zamazenta|79/100 psn|[from] psn
|upkeep
|turn|15
|
|t:|1769443344
|switch|p1a: Bassirou|Clodsire, F|62/100
|move|p2a: Zamazenta|Iron Defense|p2a: Zamazenta
|-boost|p2a: Zamazenta|def|2
|
|-heal|p2a: Zamazenta|85/100 psn|[from] item: Leftovers
|-heal|p1a: Bassirou|68/100|[from] item: Leftovers
|-damage|p2a: Zamazenta|73/100 psn|[from] psn
|upkeep
|turn|16
|
|t:|1769443355
|move|p2a: Zamazenta|Iron Defense|p2a: Zamazenta
|-boost|p2a: Zamazenta|def|2
|move|p1a: Bassirou|Poison Jab|p2a: Zamazenta
|-damage|p2a: Zamazenta|59/100 psn
|
|-heal|p2a: Zamazenta|65/100 psn|[from] item: Leftovers
|-heal|p1a: Bassirou|74/100|[from] item: Leftovers
|-damage|p2a: Zamazenta|53/100 psn|[from] psn
|upkeep
|turn|17
|
|t:|1769443364
|move|p2a: Zamazenta|Body Press|p1a: Bassirou
|-resisted|p1a: Bassirou
|-damage|p1a: Bassirou|60/100
|move|p1a: Bassirou|Poison Jab|p2a: Zamazenta
|-damage|p2a: Zamazenta|39/100 psn
|
|-heal|p2a: Zamazenta|45/100 psn|[from] item: Leftovers
|-heal|p1a: Bassirou|67/100|[from] item: Leftovers
|-damage|p2a: Zamazenta|33/100 psn|[from] psn
|upkeep
|turn|18
|
|t:|1769443372
|move|p1a: Bassirou|Recover|p1a: Bassirou
|-heal|p1a: Bassirou|100/100
|move|p2a: Zamazenta|Roar|p1a: Bassirou
|drag|p1a: Pessi|Cinderace, M, shiny|100/100
|
|-heal|p2a: Zamazenta|39/100 psn|[from] item: Leftovers
|-damage|p2a: Zamazenta|27/100 psn|[from] psn
|upkeep
|turn|19
|
|t:|1769443381
|move|p1a: Pessi|U-turn|p2a: Zamazenta
|-start|p1a: Pessi|typechange|Bug|[from] ability: Libero
|-resisted|p2a: Zamazenta
|-damage|p2a: Zamazenta|24/100 psn
|
|t:|1769443386
|switch|p1a: Bassirou|Clodsire, F|100/100|[from] U-turn
|move|p2a: Zamazenta|Body Press|p1a: Bassirou
|-resisted|p1a: Bassirou
|-damage|p1a: Bassirou|88/100
|
|-heal|p2a: Zamazenta|30/100 psn|[from] item: Leftovers
|-heal|p1a: Bassirou|94/100|[from] item: Leftovers
|-damage|p2a: Zamazenta|18/100 psn|[from] psn
|upkeep
|turn|20
|
|t:|1769443400
|move|p1a: Bassirou|Earthquake|p2a: Zamazenta
|-damage|p2a: Zamazenta|0 fnt
|faint|p2a: Zamazenta
|
|-heal|p1a: Bassirou|99/100|[from] item: Leftovers
|upkeep
|
|t:|1769443410
|switch|p2a: Raging Bolt|Raging Bolt|100/100
|-enditem|p2a: Raging Bolt|Booster Energy
|-activate|p2a: Raging Bolt|ability: Protosynthesis|[fromitem]
|-start|p2a: Raging Bolt|protosynthesisspa
|turn|21
|
|t:|1769443415
|move|p2a: Raging Bolt|Dragon Pulse|p1a: Bassirou
|-damage|p1a: Bassirou|50/100
|move|p1a: Bassirou|Amnesia|p1a: Bassirou
|-boost|p1a: Bassirou|spd|2
|
|-heal|p1a: Bassirou|57/100|[from] item: Leftovers
|upkeep
|turn|22
|
|t:|1769443423
|move|p2a: Raging Bolt|Calm Mind|p2a: Raging Bolt
|-boost|p2a: Raging Bolt|spa|1
|-boost|p2a: Raging Bolt|spd|1
|move|p1a: Bassirou|Recover|p1a: Bassirou
|-heal|p1a: Bassirou|100/100
|
|upkeep
|turn|23
|
|t:|1769443431
|move|p2a: Raging Bolt|Dragon Pulse|p1a: Bassirou
|-damage|p1a: Bassirou|76/100
|move|p1a: Bassirou|Earthquake|p2a: Raging Bolt
|-supereffective|p2a: Raging Bolt
|-damage|p2a: Raging Bolt|48/100
|
|-heal|p1a: Bassirou|82/100|[from] item: Leftovers
|upkeep
|turn|24
|
|t:|1769443439
|move|p2a: Raging Bolt|Dragon Pulse|p1a: Bassirou
|-damage|p1a: Bassirou|59/100
|move|p1a: Bassirou|Earthquake|p2a: Raging Bolt
|-supereffective|p2a: Raging Bolt
|-damage|p2a: Raging Bolt|0 fnt
|faint|p2a: Raging Bolt
|-end|p2a: Raging Bolt|Protosynthesis|[silent]
|
|-heal|p1a: Bassirou|65/100|[from] item: Leftovers
|upkeep
|
|t:|1769443448
|switch|p2a: Samurott|Samurott-Hisui, M|100/100
|turn|25
|
|t:|1769443454
|move|p2a: Samurott|Knock Off|p1a: Bassirou
|-damage|p1a: Bassirou|33/100
|-enditem|p1a: Bassirou|Leftovers|[from] move: Knock Off|[of] p2a: Samurott
|move|p1a: Bassirou|Poison Jab|p2a: Samurott
|-damage|p2a: Samurott|75/100
|
|upkeep
|turn|26
|
|t:|1769443462
|move|p2a: Samurott|Ceaseless Edge|p1a: Bassirou
|-damage|p1a: Bassirou|1/100
|-sidestart|p1: f4l1l0u|Spikes
|move|p1a: Bassirou|Recover|p1a: Bassirou
|-heal|p1a: Bassirou|51/100
|
|upkeep
|turn|27
|
|t:|1769443467
|move|p2a: Samurott|Ceaseless Edge|p1a: Bassirou
|-damage|p1a: Bassirou|19/100
|-sidestart|p1: f4l1l0u|Spikes
|move|p1a: Bassirou|Recover|p1a: Bassirou
|-heal|p1a: Bassirou|69/100
|
|upkeep
|turn|28
|
|t:|1769443474
|move|p2a: Samurott|Ceaseless Edge|p1a: Bassirou
|-damage|p1a: Bassirou|37/100
|-sidestart|p1: f4l1l0u|Spikes
|move|p1a: Bassirou|Poison Jab|p2a: Samurott
|-damage|p2a: Samurott|53/100
|-status|p2a: Samurott|psn
|
|-damage|p2a: Samurott|41/100 psn|[from] psn
|upkeep
|turn|29
|
|t:|1769443485
|-terastallize|p2a: Samurott|Poison
|move|p2a: Samurott|Ceaseless Edge|p1a: Bassirou
|-damage|p1a: Bassirou|7/100
|move|p1a: Bassirou|Poison Jab|p2a: Samurott
|-resisted|p2a: Samurott
|-damage|p2a: Samurott|29/100 psn
|
|-damage|p2a: Samurott|17/100 psn|[from] psn
|upkeep
|turn|30
|
|t:|1769443494
|move|p2a: Samurott|Ceaseless Edge|p1a: Bassirou
|-damage|p1a: Bassirou|0 fnt
|faint|p1a: Bassirou
|
|-damage|p2a: Samurott|5/100 psn|[from] psn
|upkeep
|
|t:|1769443504
|switch|p1a: Mégazord|Quaquaval, F|100/100
|-damage|p1a: Mégazord|76/100|[from] Spikes
|turn|31
|
|t:|1769443508
|move|p1a: Mégazord|Aqua Step|p2a: Samurott
|-damage|p2a: Samurott|0 fnt
|-boost|p1a: Mégazord|spe|1
|faint|p2a: Samurott
|-ability|p1a: Mégazord|Moxie|boost
|-boost|p1a: Mégazord|atk|1
|
|upkeep
|
|t:|1769443514
|switch|p2a: Ogerpon|Ogerpon-Wellspring, F|100/100
|turn|32
|
|t:|1769443520
|move|p1a: Mégazord|Close Combat|p2a: Ogerpon
|-damage|p2a: Ogerpon|0 fnt
|-unboost|p1a: Mégazord|def|1
|-unboost|p1a: Mégazord|spd|1
|faint|p2a: Ogerpon
|
|win|f4l1l0u
|raw|f4l1l0u's rating: 1027 &rarr; <strong>1063</strong><br />(+36 for winning)
|raw|oliverMDF's rating: 1027 &rarr; <strong>1013</strong><br />(-14 for losing)
|l|☆oliverMDF
|player|p2|
