|j|☆Jrmoore896
|j|‽booger2shoes
|t:|1769426935
|gametype|singles
|player|p1|Jrmoore896|red|1419
|player|p2|booger2shoes|101|1386
|gen|9
|tier|[Gen 9] OU
|rated|
|rule|HP Percentage Mod: HP is shown in percentages
|rule|Endless Battle Clause: Forcing endless battles is banned
|rule|Species Clause: Limit one of each Pokémon
|rule|OHKO Clause: OHKO moves are banned
|rule|Evasion Items Clause: Evasion items are banned
|rule|Evasion Moves Clause: Evasion moves are banned
|rule|Evasion Abilities Clause: Evasion abilities are banned
|rule|Sleep Moves Clause: Sleep-inducing moves are banned
|clearpoke
|poke|p1|Gholdengo|
|poke|p1|Hatterene, F|
|poke|p1|Dragapult, M|
|poke|p1|Weezing-Galar, M|
|poke|p1|Blissey, F|
|poke|p1|Kyurem|
|poke|p2|Samurott-Hisui, F|
|poke|p2|Gliscor, F|
|poke|p2|Iron Moth|
|poke|p2|Rillaboom, F|
|poke|p2|Primarina, M|
|poke|p2|Ting-Lu|
|teampreview
|inactive|Battle timer is ON: inactive players will automatically lose when time's up. (requested by Jrmoore896)
|
|t:|1769426946
|teamsize|p1|6
|teamsize|p2|6
|start
|switch|p1a: Dragapult|Dragapult, M|100/100
|switch|p2a: Samurott|Samurott-Hisui, F|100/100
|turn|1
|
|t:|1769426953
|move|p1a: Dragapult|U-turn|p2a: Samurott
|-supereffective|p2a: Samurott
|-damage|p2a: Samurott|6/100
|
|t:|1769426958
|switch|p1a: Weezing|Weezing-Galar, M|100/100|[from] U-turn
|-ability|p1a: Weezing|Neutralizing Gas
|move|p2a: Samurott|Ceaseless Edge|p1a: Weezing
|-resisted|p1a: Weezing
|-damage|p1a: Weezing|90/100
|-sidestart|p1: Jrmoore896|Spikes
|
|upkeep
|turn|2
|
|t:|1769426981
|move|p2a: Samurott|Taunt|p1a: Weezing
|-start|p1a: Weezing|move: Taunt
|cant|p1a: Weezing|move: Taunt|Will-O-Wisp
|
|upkeep
|turn|3
|inactive|booger2shoes has 120 seconds left.
|
|t:|1769427012
|move|p2a: Samurott|Aqua Cutter|p1a: Weezing
|-damage|p1a: Weezing|70/100
|move|p1a: Weezing|Strange Steam|p2a: Samurott
|-supereffective|p2a: Samurott
|-damage|p2a: Samurott|0 fnt
|faint|p2a: Samurott
|
|upkeep
|
|t:|1769427022
|switch|p2a: Gliscor|Gliscor, F|100/100
|turn|4
|
|t:|1769427029
|-end|p1a: Weezing|ability: Neutralizing Gas
|switch|p1a: Hatterene|Hatterene, F|100/100
|-damage|p1a: Hatterene|88/100|[from] Spikes
|move|p2a: Gliscor|Earthquake|p1a: Hatterene
|-damage|p1a: Hatterene|61/100
|
|-heal|p1a: Hatterene|67/100|[from] item: Leftovers
|-status|p2a: Gliscor|tox|[from] item: Toxic Orb
|upkeep
|turn|5
|inactive|booger2shoes has 120 seconds left.
|
|t:|1769427053
|move|p2a: Gliscor|Earthquake|p1a: Hatterene
|-damage|p1a: Hatterene|40/100
|move|p1a: Hatterene|Calm Mind|p1a: Hatterene
|-boost|p1a: Hatterene|spa|1
|-boost|p1a: Hatterene|spd|1
|
|-heal|p1a: Hatterene|46/100|[from] item: Leftovers
|upkeep
|turn|6
|
|t:|1769427061
|move|p2a: Gliscor|U-turn|p1a: Hatterene
|-damage|p1a: Hatterene|34/100
|
|t:|1769427063
|switch|p2a: Iron Moth|Iron Moth|100/100|[from] U-turn
|-enditem|p2a: Iron Moth|Booster Energy
|-activate|p2a: Iron Moth|ability: Quark Drive|[fromitem]
|-start|p2a: Iron Moth|quarkdrivespe
|move|p1a: Hatterene|Draining Kiss|p2a: Iron Moth
|-resisted|p2a: Iron Moth
|-damage|p2a: Iron Moth|93/100
|-heal|p1a: Hatterene|40/100|[from] drain|[of] p2a: Iron Moth
|
|-heal|p1a: Hatterene|46/100|[from] item: Leftovers
|upkeep
|turn|7
|inactive|booger2shoes has 120 seconds left.
|
|t:|1769427079
|switch|p1a: Blissey|Blissey, F|100/100
|-damage|p1a: Blissey|88/100|[from] Spikes
|move|p2a: Iron Moth|Sludge Wave|p1a: Blissey
|-damage|p1a: Blissey|70/100
|-status|p1a: Blissey|psn
|
|-damage|p1a: Blissey|58/100 psn|[from] psn
|upkeep
|turn|8
|inactive|booger2shoes has 120 seconds left.
|
|t:|1769427091
|-end|p2a: Iron Moth|Quark Drive|[silent]
|switch|p2a: Gliscor|Gliscor, F|100/100 tox
|move|p1a: Blissey|Trick|p2a: Gliscor
|-activate|p1a: Blissey|move: Trick|[of] p2a: Gliscor
|-item|p2a: Gliscor|Choice Scarf|[from] move: Trick
|-item|p1a: Blissey|Toxic Orb|[from] move: Trick
|
|-damage|p1a: Blissey|46/100 psn|[from] psn
|upkeep
|turn|9
|inactive|booger2shoes has 120 seconds left.
|inactive|Jrmoore896 has 120 seconds left.
|
|t:|1769427121
|move|p2a: Gliscor|Earthquake|p1a: Blissey
|-damage|p1a: Blissey|14/100 psn
|move|p1a: Blissey|Soft-Boiled|p1a: Blissey
|-heal|p1a: Blissey|64/100 psn
|
|-damage|p1a: Blissey|52/100 psn|[from] psn
|upkeep
|turn|10
|inactive|Jrmoore896 has 120 seconds left.
|
|t:|1769427157
|-curestatus|p1a: Blissey|psn|[from] ability: Natural Cure
|switch|p1a: Kyurem|Kyurem, shiny|100/100
|-damage|p1a: Kyurem|88/100|[from] Spikes
|-ability|p1a: Kyurem|Pressure
|move|p2a: Gliscor|Earthquake|p1a: Kyurem
|-damage|p1a: Kyurem|54/100
|
|upkeep
|turn|11
|inactive|booger2shoes has 120 seconds left.
|inactive|Jrmoore896 has 90 seconds left.
|
|t:|1769427179
|switch|p2a: Iron Moth|Iron Moth|93/100
|move|p1a: Kyurem|Earth Power|p2a: Iron Moth
|-supereffective|p2a: Iron Moth
|-damage|p2a: Iron Moth|0 fnt
|faint|p2a: Iron Moth
|-end|p2a: Iron Moth|Quark Drive|[silent]
|
|upkeep
|
|t:|1769427184
|switch|p2a: Gliscor|Gliscor, F|100/100 tox
|turn|12
|inactive|Jrmoore896 has 90 seconds left.
|
|t:|1769427209
|switch|p1a: Dragapult|Dragapult, M|100/100
|-damage|p1a: Dragapult|88/100|[from] Spikes
|move|p2a: Gliscor|Earthquake|p1a: Dragapult
|-damage|p1a: Dragapult|42/100
|
|upkeep
|turn|13
|
|t:|1769427220
|move|p1a: Dragapult|Dragon Darts|p2a: Gliscor
|-damage|p2a: Gliscor|70/100 tox
|-anim|p1a: Dragapult|Dragon Darts|p2a: Gliscor
|-damage|p2a: Gliscor|41/100 tox
|move|p2a: Gliscor|Earthquake|p1a: Dragapult
|-damage|p1a: Dragapult|0 fnt
|faint|p1a: Dragapult
|
|-heal|p2a: Gliscor|54/100 tox|[from] ability: Poison Heal
|upkeep
|
|t:|1769427232
|switch|p1a: Weezing|Weezing-Galar, M|70/100
|-ability|p1a: Weezing|Neutralizing Gas
|turn|14
|
|t:|1769427242
|switch|p2a: Rillaboom|Rillaboom, F|100/100
|move|p1a: Weezing|Defog|p2a: Rillaboom
|-unboost|p2a: Rillaboom|evasion|1
|-sideend|p1: Jrmoore896|Spikes|[from] move: Defog|[of] p1a: Weezing
|
|upkeep
|turn|15
|
|t:|1769427259
|move|p2a: Rillaboom|Knock Off|p1a: Weezing
|-resisted|p1a: Weezing
|-damage|p1a: Weezing|58/100
|-enditem|p1a: Weezing|Heavy-Duty Boots|[from] move: Knock Off|[of] p2a: Rillaboom
|move|p1a: Weezing|Will-O-Wisp|p2a: Rillaboom
|-status|p2a: Rillaboom|brn
|
|-damage|p2a: Rillaboom|94/100 brn|[from] brn
|upkeep
|turn|16
|
|t:|1769427271
|move|p2a: Rillaboom|U-turn|p1a: Weezing
|-resisted|p1a: Weezing
|-damage|p1a: Weezing|57/100
|
|t:|1769427278
|switch|p2a: Primarina|Primarina, M|100/100|[from] U-turn
|move|p1a: Weezing|Pain Split|p2a: Primarina
|-sethp|p2a: Primarina|80/100|[from] move: Pain Split|[silent]
|-sethp|p1a: Weezing|77/100|[from] move: Pain Split
|
|-heal|p2a: Primarina|86/100|[from] item: Leftovers
|upkeep
|turn|17
|inactive|Jrmoore896 has 90 seconds left.
|
|t:|1769427301
|switch|p2a: Ting-Lu|Ting-Lu|100/100
|-end|p1a: Weezing|ability: Neutralizing Gas
|-ability|p2a: Ting-Lu|Vessel of Ruin
|switch|p1a: Blissey|Blissey, F|52/100
|
|-status|p1a: Blissey|tox|[from] item: Toxic Orb
|upkeep
|turn|18
|inactive|Jrmoore896 has 90 seconds left.
|
|t:|1769427312
|move|p1a: Blissey|Trick|p2a: Ting-Lu
|-activate|p1a: Blissey|move: Trick|[of] p2a: Ting-Lu
|-item|p2a: Ting-Lu|Toxic Orb|[from] move: Trick
|-item|p1a: Blissey|Leftovers|[from] move: Trick
|move|p2a: Ting-Lu|Earthquake|p1a: Blissey
|-damage|p1a: Blissey|17/100 tox
|
|-heal|p1a: Blissey|23/100 tox|[from] item: Leftovers
|-damage|p1a: Blissey|17/100 tox|[from] psn
|-status|p2a: Ting-Lu|tox|[from] item: Toxic Orb
|upkeep
|turn|19
|inactive|Jrmoore896 has 90 seconds left.
|
|t:|1769427326
|move|p1a: Blissey|Soft-Boiled|p1a: Blissey
|-heal|p1a: Blissey|67/100 tox
|move|p2a: Ting-Lu|Earthquake|p1a: Blissey
|-damage|p1a: Blissey|30/100 tox
|
|-heal|p1a: Blissey|36/100 tox|[from] item: Leftovers
|-damage|p1a: Blissey|23/100 tox|[from] psn
|-damage|p2a: Ting-Lu|94/100 tox|[from] psn
|upkeep
|turn|20
|inactive|Jrmoore896 has 90 seconds left.
|
|t:|1769427337
|-curestatus|p1a: Blissey|tox|[from] ability: Natural Cure
|switch|p1a: Kyurem|Kyurem, shiny|54/100
|-ability|p1a: Kyurem|Pressure
|move|p2a: Ting-Lu|Earthquake|p1a: Kyurem
|-damage|p1a: Kyurem|18/100
|
|-damage|p2a: Ting-Lu|82/100 tox|[from] psn
|upkeep
|turn|21
|inactive|Jrmoore896 has 90 seconds left.
|
|t:|1769427352
|switch|p2a: Primarina|Primarina, M|86/100
|move|p1a: Kyurem|Ice Beam|p2a: Primarina
|-resisted|p2a: Primarina
|-damage|p2a: Primarina|56/100
|
|-heal|p2a: Primarina|62/100|[from] item: Leftovers
|upkeep
|turn|22
|inactive|Jrmoore896 has 90 seconds left.
|
|t:|1769427362
|switch|p1a: Gholdengo|Gholdengo|100/100
|move|p2a: Primarina|Psychic Noise|p1a: Gholdengo
|-damage|p1a: Gholdengo|56/100
|-start|p1a: Gholdengo|move: Heal Block
|
|-heal|p2a: Primarina|68/100|[from] item: Leftovers
|upkeep
|turn|23
|inactive|Jrmoore896 has 90 seconds left.
|
|t:|1769427381
|-terastallize|p1a: Gholdengo|Steel
|move|p1a: Gholdengo|Make It Rain|p2a: Primarina
|-damage|p2a: Primarina|0 fnt
|-unboost|p1a: Gholdengo|spa|1
|faint|p2a: Primarina
|
|-end|p1a: Gholdengo|move: Heal Block
|upkeep
|
|t:|1769427385
|switch|p2a: Gliscor|Gliscor, F|54/100 tox
|turn|24
|inactive|Jrmoore896 has 90 seconds left.
|
|t:|1769427397
|switch|p1a: Blissey|Blissey, F|23/100
|move|p2a: Gliscor|Earthquake|p1a: Blissey
|-damage|p1a: Blissey|0 fnt
|faint|p1a: Blissey
|
|-heal|p2a: Gliscor|66/100 tox|[from] ability: Poison Heal
|upkeep
|inactive|Jrmoore896 has 90 seconds left.
|
|t:|1769427407
|switch|p1a: Hatterene|Hatterene, F|46/100
|turn|25
|inactive|booger2shoes has 120 seconds left.
|
|t:|1769427440
|switch|p2a: Rillaboom|Rillaboom, F|94/100 brn
|move|p1a: Hatterene|Draining Kiss|p2a: Rillaboom
|-damage|p2a: Rillaboom|78/100 brn
|-heal|p1a: Hatterene|62/100|[from] drain|[of] p2a: Rillaboom
|
|-heal|p1a: Hatterene|68/100|[from] item: Leftovers
|-damage|p2a: Rillaboom|71/100 brn|[from] brn
|upkeep
|turn|26
|
|t:|1769427451
|move|p2a: Rillaboom|Knock Off|p1a: Hatterene
|-damage|p1a: Hatterene|52/100
|-enditem|p1a: Hatterene|Leftovers|[from] move: Knock Off|[of] p2a: Rillaboom
|move|p1a: Hatterene|Calm Mind|p1a: Hatterene
|-boost|p1a: Hatterene|spa|1
|-boost|p1a: Hatterene|spd|1
|
|-damage|p2a: Rillaboom|65/100 brn|[from] brn
|upkeep
|turn|27
|inactive|booger2shoes has 120 seconds left.
|
|t:|1769427474
|move|p2a: Rillaboom|U-turn|p1a: Hatterene
|-damage|p1a: Hatterene|42/100
|
|t:|1769427476
|switch|p2a: Ting-Lu|Ting-Lu|82/100 tox|[from] U-turn
|-ability|p2a: Ting-Lu|Vessel of Ruin
|move|p1a: Hatterene|Draining Kiss|p2a: Ting-Lu
|-supereffective|p2a: Ting-Lu
|-damage|p2a: Ting-Lu|55/100 tox
|-heal|p1a: Hatterene|75/100|[from] drain|[of] p2a: Ting-Lu
|
|-damage|p2a: Ting-Lu|49/100 tox|[from] psn
|upkeep
|turn|28
|
|t:|1769427490
|-terastallize|p2a: Ting-Lu|Water
|move|p2a: Ting-Lu|Rest|p2a: Ting-Lu
|-status|p2a: Ting-Lu|slp|[from] move: Rest
|-heal|p2a: Ting-Lu|100/100 slp|[silent]
|move|p1a: Hatterene|Draining Kiss|p2a: Ting-Lu
|-damage|p2a: Ting-Lu|86/100 slp
|-heal|p1a: Hatterene|92/100|[from] drain|[of] p2a: Ting-Lu
|
|upkeep
|turn|29
|
|t:|1769427500
|cant|p2a: Ting-Lu|slp
|move|p2a: Ting-Lu|Sleep Talk|p2a: Ting-Lu
|move|p2a: Ting-Lu|Rest||[from] move: Sleep Talk|[still]
|-fail|p2a: Ting-Lu
|move|p1a: Hatterene|Calm Mind|p1a: Hatterene
|-boost|p1a: Hatterene|spa|1
|-boost|p1a: Hatterene|spd|1
|
|upkeep
|turn|30
|
|t:|1769427509
|cant|p2a: Ting-Lu|slp
|move|p2a: Ting-Lu|Sleep Talk|p2a: Ting-Lu
|move|p2a: Ting-Lu|Earthquake|p1a: Hatterene|[from] move: Sleep Talk
|-damage|p1a: Hatterene|61/100
|move|p1a: Hatterene|Calm Mind|p1a: Hatterene
|-boost|p1a: Hatterene|spa|1
|-boost|p1a: Hatterene|spd|1
|
|upkeep
|turn|31
|inactive|Jrmoore896 has 120 seconds left.
|
|t:|1769427519
|-curestatus|p2a: Ting-Lu|slp|[msg]
|move|p2a: Ting-Lu|Earthquake|p1a: Hatterene
|-damage|p1a: Hatterene|33/100
|move|p1a: Hatterene|Draining Kiss|p2a: Ting-Lu
|-damage|p2a: Ting-Lu|61/100
|-heal|p1a: Hatterene|63/100|[from] drain|[of] p2a: Ting-Lu
|
|-status|p2a: Ting-Lu|tox|[from] item: Toxic Orb
|upkeep
|turn|32
|inactive|Jrmoore896 has 120 seconds left.
|
|t:|1769427530
|move|p2a: Ting-Lu|Ruination|p1a: Hatterene
|-damage|p1a: Hatterene|32/100
|move|p1a: Hatterene|Draining Kiss|p2a: Ting-Lu
|-damage|p2a: Ting-Lu|40/100 tox
|-heal|p1a: Hatterene|58/100|[from] drain|[of] p2a: Ting-Lu
|
|-damage|p2a: Ting-Lu|34/100 tox|[from] psn
|upkeep
|turn|33
|
|t:|1769427539
|move|p2a: Ting-Lu|Rest|p2a: Ting-Lu
|-status|p2a: Ting-Lu|slp|[from] move: Rest
|-heal|p2a: Ting-Lu|100/100 slp|[silent]
|move|p1a: Hatterene|Draining Kiss|p2a: Ting-Lu
|-damage|p2a: Ting-Lu|77/100 slp
|-heal|p1a: Hatterene|86/100|[from] drain|[of] p2a: Ting-Lu
|
|upkeep
|turn|34
|
|t:|1769427548
|cant|p2a: Ting-Lu|slp
|move|p2a: Ting-Lu|Sleep Talk|p2a: Ting-Lu
|move|p2a: Ting-Lu|Rest||[from] move: Sleep Talk|[still]
|-fail|p2a: Ting-Lu
|move|p1a: Hatterene|Calm Mind|p1a: Hatterene
|-boost|p1a: Hatterene|spa|1
|-boost|p1a: Hatterene|spd|1
|
|upkeep
|turn|35
|
|t:|1769427557
|cant|p2a: Ting-Lu|slp
|move|p2a: Ting-Lu|Sleep Talk|p2a: Ting-Lu
|move|p2a: Ting-Lu|Earthquake|p1a: Hatterene|[from] move: Sleep Talk
|-damage|p1a: Hatterene|58/100
|move|p1a: Hatterene|Stored Power|p2a: Ting-Lu
|-damage|p2a: Ting-Lu|0 fnt
|faint|p2a: Ting-Lu
|
|upkeep
|
|t:|1769427563
|switch|p2a: Gliscor|Gliscor, F|66/100 tox
|turn|36
|
|t:|1769427570
|move|p2a: Gliscor|Earthquake|p1a: Hatterene
|-damage|p1a: Hatterene|33/100
|move|p1a: Hatterene|Draining Kiss|p2a: Gliscor
|-damage|p2a: Gliscor|6/100 tox
|-heal|p1a: Hatterene|83/100|[from] drain|[of] p2a: Gliscor
|
|-heal|p2a: Gliscor|19/100 tox|[from] ability: Poison Heal
|upkeep
|turn|37
|-message|booger2shoes forfeited.
|
|win|Jrmoore896
|raw|Jrmoore896's rating: 1397 &rarr; <strong>1416</strong><br />(+19 for winning)
|raw|booger2shoes's rating: 1386 &rarr; <strong>1367</strong><br />(-19 for losing)
|l|‽booger2shoes
|player|p2|
