|j|☆36hpdc
|j|☆HollowMcrowav
|t:|1769418396
|gametype|singles
|player|p1|36hpdc|101|1230
|player|p2|HollowMcrowav|miku-ghost|1231
|gen|9
|tier|[Gen 9] OU
|rated|
|rule|HP Percentage Mod: HP is shown in percentages
|rule|Endless Battle Clause: Forcing endless battles is banned
|rule|Species Clause: Limit one of each Pokémon
|rule|OHKO Clause: OHKO moves are banned
|rule|Evasion Items Clause: Evasion items are banned
|rule|Evasion Moves Clause: Evasion moves are banned
|rule|Evasion Abilities Clause: Evasion abilities are banned
|rule|Sleep Moves Clause: Sleep-inducing moves are banned
|clearpoke
|poke|p1|Dusclops, F|
|poke|p1|Klefki, M|
|poke|p1|Conkeldurr, M|
|poke|p1|Ursaluna, F|
|poke|p1|Kingdra, M|
|poke|p1|Politoed, M|
|poke|p2|Tyranitar, M|
|poke|p2|Excadrill, M|
|poke|p2|Iron Valiant|
|poke|p2|Ogerpon, F|
|poke|p2|Zapdos|
|poke|p2|Toxapex, F|
|teampreview
|
|t:|1769418427
|teamsize|p1|6
|teamsize|p2|6
|start
|switch|p1a: Conkeldurr|Conkeldurr, M|100/100
|switch|p2a: Excadrill|Excadrill, M, shiny|100/100
|turn|1
|
|t:|1769418437
|switch|p2a: Toxapex|Toxapex, F|100/100
|move|p1a: Conkeldurr|Ice Punch|p2a: Toxapex
|-resisted|p2a: Toxapex
|-damage|p2a: Toxapex|90/100
|-enditem|p2a: Toxapex|Eject Button
|
|t:|1769418454
|switch|p2a: Iron Valiant|Iron Valiant|100/100
|
|-status|p1a: Conkeldurr|brn|[from] item: Flame Orb
|upkeep
|turn|2
|
|t:|1769418464
|switch|p1a: Klefki|Klefki, M|100/100
|move|p2a: Iron Valiant|Moonblast|p1a: Klefki
|-resisted|p1a: Klefki
|-damage|p1a: Klefki|64/100
|
|upkeep
|turn|3
|
|t:|1769418474
|-end|p2a: Iron Valiant|Quark Drive|[silent]
|switch|p2a: Excadrill|Excadrill, M, shiny|100/100
|move|p1a: Klefki|Switcheroo|p2a: Excadrill
|-activate|p1a: Klefki|move: Trick|[of] p2a: Excadrill
|-item|p2a: Excadrill|Choice Scarf|[from] move: Switcheroo
|-item|p1a: Klefki|Leftovers|[from] move: Switcheroo
|
|-heal|p1a: Klefki|70/100|[from] item: Leftovers
|upkeep
|turn|4
|
|t:|1769418482
|move|p1a: Klefki|Magnet Rise|p1a: Klefki
|-start|p1a: Klefki|Magnet Rise
|move|p2a: Excadrill|Earthquake|p1a: Klefki
|-immune|p1a: Klefki
|
|-heal|p1a: Klefki|76/100|[from] item: Leftovers
|upkeep
|turn|5
|
|t:|1769418500
|switch|p2a: Zapdos|Zapdos|100/100
|move|p1a: Klefki|Spikes|p2a: Zapdos
|-sidestart|p2: HollowMcrowav|Spikes
|
|-heal|p1a: Klefki|82/100|[from] item: Leftovers
|upkeep
|turn|6
|
|t:|1769418508
|move|p1a: Klefki|Spikes|p2a: Zapdos
|-sidestart|p2: HollowMcrowav|Spikes
|move|p2a: Zapdos|Heat Wave|p1a: Klefki
|-supereffective|p1a: Klefki
|-damage|p1a: Klefki|22/100
|
|-heal|p1a: Klefki|28/100|[from] item: Leftovers
|upkeep
|turn|7
|
|t:|1769418516
|move|p1a: Klefki|Spikes|p2a: Zapdos
|-sidestart|p2: HollowMcrowav|Spikes
|move|p2a: Zapdos|Volt Switch|p1a: Klefki
|-damage|p1a: Klefki|0 fnt
|faint|p1a: Klefki
|
|t:|1769418523
|switch|p2a: Excadrill|Excadrill, M, shiny|100/100|[from] Volt Switch
|-damage|p2a: Excadrill|76/100|[from] Spikes
|
|upkeep
|
|t:|1769418529
|switch|p1a: Conkeldurr|Conkeldurr, M|100/100 brn
|turn|8
|
|t:|1769418533
|move|p1a: Conkeldurr|Mach Punch|p2a: Excadrill
|-supereffective|p2a: Excadrill
|-damage|p2a: Excadrill|0 fnt
|faint|p2a: Excadrill
|
|-damage|p1a: Conkeldurr|94/100 brn|[from] brn
|upkeep
|-message|HollowMcrowav forfeited.
|
|win|36hpdc
|raw|36hpdc's rating: 1230 &rarr; <strong>1255</strong><br />(+25 for winning)
|raw|HollowMcrowav's rating: 1231 &rarr; <strong>1206</strong><br />(-25 for losing)
|l|☆HollowMcrowav
|player|p2|
|l|☆36hpdc
|player|p1|
