|j|☆Gameboyrob
|j|☆chronos556
|t:|1769437008
|gametype|singles
|player|p1|Gameboyrob|petrel|1481
|player|p2|chronos556|169|1426
|gen|9
|tier|[Gen 9] OU
|rated|
|rule|HP Percentage Mod: HP is shown in percentages
|rule|Endless Battle Clause: Forcing endless battles is banned
|rule|Species Clause: Limit one of each Pokémon
|rule|OHKO Clause: OHKO moves are banned
|rule|Evasion Items Clause: Evasion items are banned
|rule|Evasion Moves Clause: Evasion moves are banned
|rule|Evasion Abilities Clause: Evasion abilities are banned
|rule|Sleep Moves Clause: Sleep-inducing moves are banned
|clearpoke
|poke|p1|Ninetales, F|
|poke|p1|Ceruledge, F|
|poke|p1|Venusaur, F|
|poke|p1|Hatterene, F|
|poke|p1|Great Tusk|
|poke|p1|Walking Wake|
|poke|p2|Ting-Lu|
|poke|p2|Ogerpon-Wellspring, F|
|poke|p2|Zamazenta-*|
|poke|p2|Raging Bolt|
|poke|p2|Cyclizar, M|
|poke|p2|Gholdengo|
|teampreview
|inactive|Battle timer is ON: inactive players will automatically lose when time's up. (requested by chronos556)
|inactive|Gameboyrob also wants the timer to be on.
|
|t:|1769437033
|teamsize|p1|6
|teamsize|p2|6
|start
|switch|p1a: Kurama Chakra Mode|Ninetales, F|100/100
|switch|p2a: Gerald|Raging Bolt|100/100
|-weather|SunnyDay|[from] ability: Drought|[of] p1a: Kurama Chakra Mode
|-activate|p2a: Gerald|ability: Protosynthesis
|-start|p2a: Gerald|protosynthesisspa
|turn|1
|
|t:|1769437045
|switch|p1a: Die w A Smile|Hatterene, F|100/100
|move|p2a: Gerald|Draco Meteor|p1a: Die w A Smile
|-immune|p1a: Die w A Smile
|
|-weather|SunnyDay|[upkeep]
|upkeep
|turn|2
|c|☆chronos556|Oh wait its you again
|
|t:|1769437074
|move|p2a: Gerald|Thunderbolt|p1a: Die w A Smile
|-damage|p1a: Die w A Smile|32/100
|-enditem|p1a: Die w A Smile|Eject Button
|inactive|Gameboyrob has 120 seconds left.
|
|t:|1769437100
|switch|p1a: Venu Vidi Vici|Venusaur, F|100/100
|
|-weather|SunnyDay|[upkeep]
|upkeep
|turn|3
|inactive|Gameboyrob has 120 seconds left.
|
|t:|1769437107
|move|p1a: Venu Vidi Vici|Sludge Bomb|p2a: Gerald
|-damage|p2a: Gerald|54/100
|-status|p2a: Gerald|psn
|-damage|p1a: Venu Vidi Vici|91/100|[from] item: Life Orb
|move|p2a: Gerald|Draco Meteor|p1a: Venu Vidi Vici
|-damage|p1a: Venu Vidi Vici|0 fnt
|-unboost|p2a: Gerald|spa|2
|faint|p1a: Venu Vidi Vici
|
|-weather|SunnyDay|[upkeep]
|-heal|p2a: Gerald|60/100 psn|[from] item: Leftovers
|-damage|p2a: Gerald|48/100 psn|[from] psn
|upkeep
|inactive|Gameboyrob has 120 seconds left.
|
|t:|1769437123
|switch|p1a: Lynrd Spynrd|Great Tusk|100/100
|-activate|p1a: Lynrd Spynrd|ability: Protosynthesis
|-start|p1a: Lynrd Spynrd|protosynthesisspe
|turn|4
|
|t:|1769437128
|move|p1a: Lynrd Spynrd|Stealth Rock|p2a: Gerald
|-sidestart|p2: chronos556|move: Stealth Rock
|move|p2a: Gerald|Draco Meteor|p1a: Lynrd Spynrd|[miss]
|-miss|p2a: Gerald|p1a: Lynrd Spynrd
|
|-weather|SunnyDay|[upkeep]
|-heal|p2a: Gerald|54/100 psn|[from] item: Leftovers
|-damage|p2a: Gerald|41/100 psn|[from] psn
|upkeep
|turn|5
|inactive|Gameboyrob has 120 seconds left.
|
|t:|1769437137
|move|p1a: Lynrd Spynrd|Knock Off|p2a: Gerald
|-damage|p2a: Gerald|20/100 psn
|-enditem|p2a: Gerald|Leftovers|[from] move: Knock Off|[of] p1a: Lynrd Spynrd
|move|p2a: Gerald|Draco Meteor|p1a: Lynrd Spynrd
|-crit|p1a: Lynrd Spynrd
|-damage|p1a: Lynrd Spynrd|0 fnt
|-unboost|p2a: Gerald|spa|2
|faint|p1a: Lynrd Spynrd
|-end|p1a: Lynrd Spynrd|Protosynthesis|[silent]
|
|-weather|SunnyDay|[upkeep]
|-damage|p2a: Gerald|7/100 psn|[from] psn
|upkeep
|inactive|Gameboyrob has 120 seconds left.
|
|t:|1769437157
|switch|p1a: Slayboi Carti|Ceruledge, F|100/100
|turn|6
|
|t:|1769437160
|move|p2a: Gerald|Thunderclap||[still]
|-fail|p2a: Gerald
|move|p1a: Slayboi Carti|Swords Dance|p1a: Slayboi Carti
|-boost|p1a: Slayboi Carti|atk|2
|
|-weather|SunnyDay|[upkeep]
|-damage|p2a: Gerald|0 fnt|[from] psn
|faint|p2a: Gerald
|-end|p2a: Gerald|Protosynthesis|[silent]
|upkeep
|
|t:|1769437174
|switch|p2a: Fishbowl|Ting-Lu|100/100
|-damage|p2a: Fishbowl|94/100|[from] Stealth Rock
|-ability|p2a: Fishbowl|Vessel of Ruin
|turn|7
|
|t:|1769437180
|move|p1a: Slayboi Carti|Solar Blade||[still]
|-prepare|p1a: Slayboi Carti|Solar Blade
|-anim|p1a: Slayboi Carti|Solar Blade|p2a: Fishbowl
|-supereffective|p2a: Fishbowl
|-damage|p2a: Fishbowl|0 fnt
|faint|p2a: Fishbowl
|
|-weather|SunnyDay|[upkeep]
|upkeep
|
|t:|1769437195
|switch|p2a: Mr. Monopoly|Gholdengo|100/100
|-damage|p2a: Mr. Monopoly|94/100|[from] Stealth Rock
|turn|8
|
|t:|1769437202
|move|p2a: Mr. Monopoly|Shadow Ball|p1a: Slayboi Carti
|-supereffective|p1a: Slayboi Carti
|-enditem|p1a: Slayboi Carti|Focus Sash
|-damage|p1a: Slayboi Carti|1/100
|move|p1a: Slayboi Carti|Bitter Blade|p2a: Mr. Monopoly
|-supereffective|p2a: Mr. Monopoly
|-damage|p2a: Mr. Monopoly|0 fnt
|-heal|p1a: Slayboi Carti|53/100|[from] drain|[of] p2a: Mr. Monopoly
|faint|p2a: Mr. Monopoly
|
|-weather|none
|upkeep
|
|t:|1769437213
|switch|p2a: Bonk|Ogerpon-Wellspring, F|100/100
|-damage|p2a: Bonk|88/100|[from] Stealth Rock
|turn|9
|
|t:|1769437222
|move|p2a: Bonk|Ivy Cudgel|p1a: Slayboi Carti|[anim] Ivy Cudgel Water
|-supereffective|p1a: Slayboi Carti
|-damage|p1a: Slayboi Carti|0 fnt
|faint|p1a: Slayboi Carti
|
|upkeep
|
|t:|1769437225
|switch|p1a: Kurama Chakra Mode|Ninetales, F|100/100
|-weather|SunnyDay|[from] ability: Drought|[of] p1a: Kurama Chakra Mode
|turn|10
|
|t:|1769437235
|switch|p2a: Crocs|Cyclizar, M|100/100
|move|p1a: Kurama Chakra Mode|Will-O-Wisp|p2a: Crocs
|-status|p2a: Crocs|brn
|
|-weather|SunnyDay|[upkeep]
|-damage|p2a: Crocs|94/100 brn|[from] brn
|upkeep
|turn|11
|
|t:|1769437250
|switch|p1a: Die w A Smile|Hatterene, F|32/100
|move|p2a: Crocs|Rapid Spin|p1a: Die w A Smile
|-damage|p1a: Die w A Smile|23/100
|-boost|p2a: Crocs|spe|1
|-sideend|p2: chronos556|Stealth Rock|[from] move: Rapid Spin|[of] p2a: Crocs
|
|-weather|SunnyDay|[upkeep]
|-damage|p2a: Crocs|88/100 brn|[from] brn
|upkeep
|turn|12
|
|t:|1769437279
|move|p2a: Crocs|U-turn|p1a: Die w A Smile
|-damage|p1a: Die w A Smile|15/100
|
|t:|1769437289
|switch|p2a: Bonk|Ogerpon-Wellspring, F|88/100|[from] U-turn
|move|p1a: Die w A Smile|Psychic Noise|p2a: Bonk
|-damage|p2a: Bonk|52/100
|-start|p2a: Bonk|move: Heal Block
|
|-weather|SunnyDay|[upkeep]
|upkeep
|turn|13
|inactive|chronos556 has 120 seconds left.
|
|t:|1769437317
|move|p2a: Bonk|Wood Hammer|p1a: Die w A Smile
|-damage|p1a: Die w A Smile|0 fnt
|faint|p1a: Die w A Smile
|-damage|p2a: Bonk|47/100|[from] Recoil
|
|-weather|SunnyDay|[upkeep]
|-end|p2a: Bonk|move: Heal Block
|upkeep
|
|t:|1769437334
|switch|p1a: Kurama Chakra Mode|Ninetales, F|100/100
|turn|14
|inactive|chronos556 has 120 seconds left.
|
|t:|1769437340
|switch|p2a: Crocs|Cyclizar, M|100/100 brn
|move|p1a: Kurama Chakra Mode|Flamethrower|p2a: Crocs
|-resisted|p2a: Crocs
|-damage|p2a: Crocs|68/100 brn
|
|-weather|SunnyDay|[upkeep]
|-damage|p2a: Crocs|62/100 brn|[from] brn
|upkeep
|turn|15
|
|t:|1769437345
|switch|p1a: Dubya|Walking Wake|100/100
|-activate|p1a: Dubya|ability: Protosynthesis
|-start|p1a: Dubya|protosynthesisspa
|move|p2a: Crocs|Knock Off|p1a: Dubya
|-damage|p1a: Dubya|85/100
|-enditem|p1a: Dubya|Choice Specs|[from] move: Knock Off|[of] p2a: Crocs
|
|-weather|SunnyDay|[upkeep]
|-damage|p2a: Crocs|56/100 brn|[from] brn
|upkeep
|turn|16
|
|t:|1769437356
|move|p2a: Crocs|Rapid Spin|p1a: Dubya
|-damage|p1a: Dubya|74/100
|-boost|p2a: Crocs|spe|1
|move|p1a: Dubya|Dragon Pulse|p2a: Crocs
|-supereffective|p2a: Crocs
|-damage|p2a: Crocs|0 fnt
|faint|p2a: Crocs
|
|-weather|SunnyDay|[upkeep]
|upkeep
|
|t:|1769437358
|switch|p2a: Shieldoge|Zamazenta|100/100
|-ability|p2a: Shieldoge|Dauntless Shield|boost
|-boost|p2a: Shieldoge|def|1
|turn|17
|
|t:|1769437369
|-terastallize|p1a: Dubya|Water
|move|p2a: Shieldoge|Close Combat|p1a: Dubya
|-damage|p1a: Dubya|0 fnt
|-unboost|p2a: Shieldoge|def|1
|-unboost|p2a: Shieldoge|spd|1
|faint|p1a: Dubya
|-end|p1a: Dubya|Protosynthesis|[silent]
|
|-weather|none
|upkeep
|
|t:|1769437373
|switch|p1a: Kurama Chakra Mode|Ninetales, F|100/100
|-weather|SunnyDay|[from] ability: Drought|[of] p1a: Kurama Chakra Mode
|turn|18
|
|t:|1769437383
|move|p2a: Shieldoge|Close Combat|p1a: Kurama Chakra Mode
|-damage|p1a: Kurama Chakra Mode|0 fnt
|-unboost|p2a: Shieldoge|def|1
|-unboost|p2a: Shieldoge|spd|1
|faint|p1a: Kurama Chakra Mode
|
|win|chronos556
|raw|Gameboyrob's rating: 1481 &rarr; <strong>1458</strong><br />(-23 for losing)
|raw|chronos556's rating: 1426 &rarr; <strong>1449</strong><br />(+23 for winning)
|l|☆Gameboyrob
|player|p1|
|l|☆chronos556
|player|p2|
