|j|☆c0nnla
|j|☆shadow09
|t:|1769325446
|gametype|singles
|player|p1|c0nnla|266|1183
|player|p2|shadow09|riley|1229
|gen|9
|tier|[Gen 9] OU
|rated|
|rule|HP Percentage Mod: HP is shown in percentages
|rule|Endless Battle Clause: Forcing endless battles is banned
|rule|Species Clause: Limit one of each Pokémon
|rule|OHKO Clause: OHKO moves are banned
|rule|Evasion Items Clause: Evasion items are banned
|rule|Evasion Moves Clause: Evasion moves are banned
|rule|Evasion Abilities Clause: Evasion abilities are banned
|rule|Sleep Moves Clause: Sleep-inducing moves are banned
|clearpoke
|poke|p1|Clodsire, F|
|poke|p1|Tinkaton, F|
|poke|p1|Glimmora, F|
|poke|p1|Kingambit, M|
|poke|p1|Garganacl, M|
|poke|p1|Hatterene, F|
|poke|p2|Lucario, M|
|poke|p2|Espeon, F|
|poke|p2|Corviknight, M|
|poke|p2|Garchomp, M|
|poke|p2|Gardevoir, F|
|poke|p2|Milotic, F|
|teampreview
|c|☆c0nnla|hello
|c|☆c0nnla|glhf
|inactive|Battle timer is ON: inactive players will automatically lose when time's up. (requested by shadow09)
|
|t:|1769325453
|teamsize|p1|6
|teamsize|p2|6
|start
|switch|p1a: Chalcan|Glimmora, F|100/100
|switch|p2a: Espeon|Espeon, F|100/100
|turn|1
|
|t:|1769325461
|move|p2a: Espeon|Light Screen|p2a: Espeon
|-sidestart|p2: shadow09|move: Light Screen
|move|p1a: Chalcan|Light Screen|p1a: Chalcan
|-sidestart|p1: c0nnla|move: Light Screen
|
|upkeep
|turn|2
|
|t:|1769325479
|move|p2a: Espeon|Thunder Wave|p1a: Chalcan
|-status|p1a: Chalcan|par
|move|p1a: Chalcan|Stealth Rock|p2a: Espeon
|move|p2a: Espeon|Stealth Rock|p1a: Chalcan|[from] ability: Magic Bounce
|-sidestart|p1: c0nnla|move: Stealth Rock
|
|upkeep
|turn|3
|
|t:|1769325485
|move|p2a: Espeon|Reflect|p2a: Espeon
|-sidestart|p2: shadow09|Reflect
|move|p1a: Chalcan|Mortal Spin|p2a: Espeon
|-damage|p2a: Espeon|95/100
|-status|p2a: Espeon|psn
|-sideend|p1: c0nnla|Stealth Rock|[from] move: Mortal Spin|[of] p1a: Chalcan
|
|-damage|p2a: Espeon|83/100 psn|[from] psn
|upkeep
|turn|4
|
|t:|1769325504
|move|p2a: Espeon|Psychic Noise|p1a: Chalcan
|-supereffective|p1a: Chalcan
|-damage|p1a: Chalcan|52/100 par
|-start|p1a: Chalcan|move: Heal Block
|move|p1a: Chalcan|Power Gem|p2a: Espeon
|-damage|p2a: Espeon|59/100 psn
|
|-damage|p2a: Espeon|47/100 psn|[from] psn
|upkeep
|turn|5
|
|t:|1769325514
|move|p2a: Espeon|Psychic Noise|p1a: Chalcan
|-supereffective|p1a: Chalcan
|-damage|p1a: Chalcan|0 fnt
|faint|p1a: Chalcan
|
|-damage|p2a: Espeon|35/100 psn|[from] psn
|-sideend|p1: c0nnla|move: Light Screen
|upkeep
|
|t:|1769325525
|switch|p1a: Ramses|Garganacl, M, shiny|100/100
|turn|6
|
|t:|1769325528
|move|p2a: Espeon|Psychic Noise|p1a: Ramses
|-damage|p1a: Ramses|75/100
|-start|p1a: Ramses|move: Heal Block
|move|p1a: Ramses|Salt Cure|p2a: Espeon
|-damage|p2a: Espeon|23/100 psn
|-start|p2a: Espeon|Salt Cure
|
|-damage|p2a: Espeon|10/100 psn|[from] psn
|-damage|p2a: Espeon|0 fnt|[from] Salt Cure
|faint|p2a: Espeon
|upkeep
|
|t:|1769325534
|switch|p2a: Garchomp|Garchomp, M, shiny|100/100
|turn|7
|
|t:|1769325544
|switch|p1a: Mary Dahl|Tinkaton, F|100/100
|-ability|p1a: Mary Dahl|Mold Breaker
|-item|p1a: Mary Dahl|Air Balloon
|move|p2a: Garchomp|Earthquake|p1a: Mary Dahl
|-immune|p1a: Mary Dahl
|
|upkeep
|turn|8
|
|t:|1769325560
|move|p2a: Garchomp|Iron Head|p1a: Mary Dahl
|-damage|p1a: Mary Dahl|66/100
|-enditem|p1a: Mary Dahl|Air Balloon
|cant|p1a: Mary Dahl|flinch
|
|-sideend|p2: shadow09|move: Light Screen
|upkeep
|turn|9
|
|t:|1769325567
|move|p2a: Garchomp|Swords Dance|p2a: Garchomp
|-boost|p2a: Garchomp|atk|2
|move|p1a: Mary Dahl|Gigaton Hammer|p2a: Garchomp
|-damage|p2a: Garchomp|78/100
|
|upkeep
|turn|10
|
|t:|1769325573
|move|p2a: Garchomp|Earthquake|p1a: Mary Dahl
|-supereffective|p1a: Mary Dahl
|-damage|p1a: Mary Dahl|0 fnt
|faint|p1a: Mary Dahl
|
|-sideend|p2: shadow09|Reflect
|upkeep
|
|t:|1769325581
|switch|p1a: Glynda|Hatterene, F, shiny|100/100
|turn|11
|
|t:|1769325610
|move|p2a: Garchomp|Iron Head|p1a: Glynda
|-supereffective|p1a: Glynda
|-damage|p1a: Glynda|7/100
|cant|p1a: Glynda|flinch
|
|-heal|p1a: Glynda|13/100|[from] item: Leftovers
|upkeep
|turn|12
|
|t:|1769325621
|move|p2a: Garchomp|Earthquake|p1a: Glynda
|-damage|p1a: Glynda|0 fnt
|faint|p1a: Glynda
|
|upkeep
|
|t:|1769325626
|switch|p1a: Ramses|Garganacl, M, shiny|75/100
|turn|13
|
|t:|1769325635
|move|p2a: Garchomp|Scale Shot|p1a: Ramses
|-damage|p1a: Ramses|57/100
|-damage|p1a: Ramses|39/100
|-damage|p1a: Ramses|21/100
|-damage|p1a: Ramses|2/100
|-hitcount|p1a: Ramses|4
|-unboost|p2a: Garchomp|def|1
|-boost|p2a: Garchomp|spe|1
|move|p1a: Ramses|Recover|p1a: Ramses
|-heal|p1a: Ramses|52/100
|
|-heal|p1a: Ramses|58/100|[from] item: Leftovers
|upkeep
|turn|14
|
|t:|1769325653
|move|p2a: Garchomp|Earthquake|p1a: Ramses
|-supereffective|p1a: Ramses
|-damage|p1a: Ramses|0 fnt
|faint|p1a: Ramses
|
|upkeep
|
|t:|1769325659
|switch|p1a: Eclair|Clodsire, F|100/100
|turn|15
|
|t:|1769325666
|move|p2a: Garchomp|Earthquake|p1a: Eclair
|-supereffective|p1a: Eclair
|-damage|p1a: Eclair|0 fnt
|faint|p1a: Eclair
|
|upkeep
|
|t:|1769325672
|switch|p1a: Shogi|Kingambit, M|100/100
|-activate|p1a: Shogi|ability: Supreme Overlord
|-start|p1a: Shogi|fallen5|[silent]
|turn|16
|
|t:|1769325683
|-terastallize|p1a: Shogi|Fairy
|move|p1a: Shogi|Sucker Punch||[still]
|-fail|p1a: Shogi
|move|p2a: Garchomp|Swords Dance|p2a: Garchomp
|-boost|p2a: Garchomp|atk|2
|
|upkeep
|turn|17
|
|t:|1769325690
|-terastallize|p2a: Garchomp|Steel
|move|p1a: Shogi|Sucker Punch|p2a: Garchomp
|-damage|p2a: Garchomp|0 fnt
|-damage|p1a: Shogi|88/100|[from] ability: Rough Skin|[of] p2a: Garchomp
|faint|p2a: Garchomp
|
|-heal|p1a: Shogi|94/100|[from] item: Leftovers
|upkeep
|
|t:|1769325698
|switch|p2a: Corviknight|Corviknight, M, shiny|100/100
|turn|18
|
|t:|1769325702
|move|p2a: Corviknight|Iron Head|p1a: Shogi
|-supereffective|p1a: Shogi
|-damage|p1a: Shogi|50/100
|move|p1a: Shogi|Swords Dance|p1a: Shogi
|-boost|p1a: Shogi|atk|2
|
|-heal|p1a: Shogi|57/100|[from] item: Leftovers
|upkeep
|turn|19
|
|t:|1769325711
|move|p1a: Shogi|Sucker Punch|p2a: Corviknight
|-damage|p2a: Corviknight|1/100
|move|p2a: Corviknight|Iron Head|p1a: Shogi
|-supereffective|p1a: Shogi
|-damage|p1a: Shogi|12/100
|
|-heal|p2a: Corviknight|8/100|[from] item: Leftovers
|-heal|p1a: Shogi|18/100|[from] item: Leftovers
|upkeep
|turn|20
|
|t:|1769325719
|move|p1a: Shogi|Sucker Punch||[still]
|-fail|p1a: Shogi
|move|p2a: Corviknight|Agility|p2a: Corviknight
|-boost|p2a: Corviknight|spe|2
|
|-heal|p2a: Corviknight|14/100|[from] item: Leftovers
|-heal|p1a: Shogi|24/100|[from] item: Leftovers
|upkeep
|turn|21
|
|t:|1769325727
|move|p1a: Shogi|Sucker Punch|p2a: Corviknight
|-damage|p2a: Corviknight|0 fnt
|faint|p2a: Corviknight
|
|-heal|p1a: Shogi|31/100|[from] item: Leftovers
|upkeep
|
|t:|1769325729
|switch|p2a: Lucario|Lucario, M|100/100
|turn|22
|c|☆shadow09|gg
|
|t:|1769325734
|move|p1a: Shogi|Sucker Punch|p2a: Lucario
|-resisted|p2a: Lucario
|-enditem|p2a: Lucario|Focus Sash
|-damage|p2a: Lucario|1/100
|move|p2a: Lucario|Close Combat|p1a: Shogi
|-resisted|p1a: Shogi
|-damage|p1a: Shogi|6/100
|-unboost|p2a: Lucario|def|1
|-unboost|p2a: Lucario|spd|1
|
|-heal|p1a: Shogi|12/100|[from] item: Leftovers
|upkeep
|turn|23
|
|t:|1769325745
|move|p2a: Lucario|Extreme Speed|p1a: Shogi
|-damage|p1a: Shogi|0 fnt
|faint|p1a: Shogi
|-end|p1a: Shogi|fallen5|[silent]
|
|win|shadow09
|raw|c0nnla's rating: 1183 &rarr; <strong>1161</strong><br />(-22 for losing)
|raw|shadow09's rating: 1229 &rarr; <strong>1251</strong><br />(+22 for winning)
|c|☆c0nnla|gg
|l|☆c0nnla
|player|p1|
|l|☆shadow09
|player|p2|
