|j|☆1337muffin1337
|j|☆55 tacos
|t:|1769413327
|gametype|singles
|player|p1|1337muffin1337|misty|1074
|player|p2|55 tacos|red|1136
|gen|9
|tier|[Gen 9] OU
|rated|
|rule|HP Percentage Mod: HP is shown in percentages
|rule|Endless Battle Clause: Forcing endless battles is banned
|rule|Species Clause: Limit one of each Pokémon
|rule|OHKO Clause: OHKO moves are banned
|rule|Evasion Items Clause: Evasion items are banned
|rule|Evasion Moves Clause: Evasion moves are banned
|rule|Evasion Abilities Clause: Evasion abilities are banned
|rule|Sleep Moves Clause: Sleep-inducing moves are banned
|clearpoke
|poke|p1|Volcanion|
|poke|p1|Venusaur, F|
|poke|p1|Blastoise, M|
|poke|p1|Darkrai|
|poke|p1|Iron Treads|
|poke|p1|Conkeldurr, M|
|poke|p2|Rillaboom, M|
|poke|p2|Raikou|
|poke|p2|Dragonite, M|
|poke|p2|Toxapex, F|
|poke|p2|Iron Valiant|
|poke|p2|Talonflame, F|
|teampreview
|inactive|Battle timer is ON: inactive players will automatically lose when time's up. (requested by 55 tacos)
|
|t:|1769413338
|teamsize|p1|6
|teamsize|p2|6
|start
|switch|p1a: Volcanion|Volcanion|100/100
|switch|p2a: Rillaboom|Rillaboom, M, shiny|100/100
|-fieldstart|move: Grassy Terrain|[from] ability: Grassy Surge|[of] p2a: Rillaboom
|turn|1
|
|t:|1769413353
|move|p2a: Rillaboom|U-turn|p1a: Volcanion
|-resisted|p1a: Volcanion
|-damage|p1a: Volcanion|91/100
|-damage|p2a: Rillaboom|84/100|[from] item: Rocky Helmet|[of] p1a: Volcanion
|
|t:|1769413382
|switch|p2a: Toxapex|Toxapex, F, shiny|100/100|[from] U-turn
|move|p1a: Volcanion|Flamethrower|p2a: Toxapex
|-resisted|p2a: Toxapex
|-damage|p2a: Toxapex|80/100
|
|-heal|p1a: Volcanion|97/100|[from] Grassy Terrain
|-heal|p2a: Toxapex|86/100|[from] Grassy Terrain
|-heal|p2a: Toxapex|92/100|[from] item: Leftovers
|upkeep
|turn|2
|
|t:|1769413399
|move|p1a: Volcanion|Sunny Day|p1a: Volcanion
|-weather|SunnyDay
|move|p2a: Toxapex|Toxic|p1a: Volcanion
|-status|p1a: Volcanion|tox
|
|-weather|SunnyDay|[upkeep]
|-heal|p1a: Volcanion|100/100 tox|[from] Grassy Terrain
|-heal|p2a: Toxapex|99/100|[from] Grassy Terrain
|-heal|p2a: Toxapex|100/100|[from] item: Leftovers
|-damage|p1a: Volcanion|94/100 tox|[from] psn
|upkeep
|turn|3
|
|t:|1769413412
|switch|p1a: Venusaur|Venusaur, F, shiny|100/100
|move|p2a: Toxapex|Toxic|p1a: Venusaur
|-immune|p1a: Venusaur
|
|-weather|SunnyDay|[upkeep]
|upkeep
|turn|4
|
|t:|1769413426
|switch|p2a: Raikou|Raikou, shiny|100/100
|-enditem|p2a: Raikou|Grassy Seed
|-boost|p2a: Raikou|def|1|[from] item: Grassy Seed
|move|p1a: Venusaur|Giga Drain|p2a: Raikou
|-damage|p2a: Raikou|58/100
|
|-weather|SunnyDay|[upkeep]
|-heal|p2a: Raikou|64/100|[from] Grassy Terrain
|upkeep
|turn|5
|
|t:|1769413436
|move|p1a: Venusaur|Sludge Bomb|p2a: Raikou
|-damage|p2a: Raikou|28/100
|move|p2a: Raikou|Calm Mind|p2a: Raikou
|-boost|p2a: Raikou|spa|1
|-boost|p2a: Raikou|spd|1
|
|-weather|SunnyDay|[upkeep]
|-heal|p2a: Raikou|34/100|[from] Grassy Terrain
|upkeep
|turn|6
|
|t:|1769413444
|move|p1a: Venusaur|Toxic|p2a: Raikou
|-status|p2a: Raikou|tox
|move|p2a: Raikou|Discharge|p1a: Venusaur
|-resisted|p1a: Venusaur
|-damage|p1a: Venusaur|72/100
|-status|p1a: Venusaur|par
|
|-weather|none
|-heal|p2a: Raikou|40/100 tox|[from] Grassy Terrain
|-heal|p1a: Venusaur|78/100 par|[from] Grassy Terrain
|-heal|p1a: Venusaur|84/100 par|[from] item: Leftovers
|-damage|p2a: Raikou|34/100 tox|[from] psn
|upkeep
|turn|7
|
|t:|1769413456
|move|p2a: Raikou|Calm Mind|p2a: Raikou
|-boost|p2a: Raikou|spa|1
|-boost|p2a: Raikou|spd|1
|cant|p1a: Venusaur|par
|
|-heal|p2a: Raikou|40/100 tox|[from] Grassy Terrain
|-heal|p1a: Venusaur|90/100 par|[from] Grassy Terrain
|-heal|p1a: Venusaur|97/100 par|[from] item: Leftovers
|-damage|p2a: Raikou|28/100 tox|[from] psn
|upkeep
|turn|8
|
|t:|1769413469
|switch|p1a: Iron Treads|Iron Treads|100/100
|-enditem|p1a: Iron Treads|Booster Energy
|-activate|p1a: Iron Treads|ability: Quark Drive|[fromitem]
|-start|p1a: Iron Treads|quarkdrivespe
|move|p2a: Raikou|Discharge|p1a: Iron Treads
|-immune|p1a: Iron Treads
|
|-heal|p2a: Raikou|34/100 tox|[from] Grassy Terrain
|-damage|p2a: Raikou|15/100 tox|[from] psn
|-fieldend|move: Grassy Terrain
|upkeep
|turn|9
|
|t:|1769413480
|move|p1a: Iron Treads|Earthquake|p2a: Raikou
|-supereffective|p2a: Raikou
|-damage|p2a: Raikou|0 fnt
|faint|p2a: Raikou
|
|upkeep
|
|t:|1769413488
|switch|p2a: Rillaboom|Rillaboom, M, shiny|84/100
|-fieldstart|move: Grassy Terrain|[from] ability: Grassy Surge|[of] p2a: Rillaboom
|turn|10
|
|t:|1769413497
|-end|p1a: Iron Treads|Quark Drive|[silent]
|switch|p1a: Volcanion|Volcanion|94/100 tox
|move|p2a: Rillaboom|U-turn|p1a: Volcanion
|-resisted|p1a: Volcanion
|-damage|p1a: Volcanion|85/100 tox
|-damage|p2a: Rillaboom|68/100|[from] item: Rocky Helmet|[of] p1a: Volcanion
|
|t:|1769413517
|switch|p2a: Talonflame|Talonflame, F|100/100|[from] U-turn
|
|-heal|p1a: Volcanion|91/100 tox|[from] Grassy Terrain
|-damage|p1a: Volcanion|85/100 tox|[from] psn
|upkeep
|turn|11
|
|t:|1769413527
|-terastallize|p2a: Talonflame|Ground
|move|p2a: Talonflame|Tera Blast|p1a: Volcanion|[anim] Tera Blast Ground
|-supereffective|p1a: Volcanion
|-crit|p1a: Volcanion
|-damage|p1a: Volcanion|12/100 tox
|move|p1a: Volcanion|Steam Eruption|p2a: Talonflame
|-supereffective|p2a: Talonflame
|-damage|p2a: Talonflame|0 fnt
|faint|p2a: Talonflame
|
|-heal|p1a: Volcanion|18/100 tox|[from] Grassy Terrain
|-damage|p1a: Volcanion|6/100 tox|[from] psn
|upkeep
|
|t:|1769413547
|switch|p2a: Iron Valiant|Iron Valiant|100/100
|-enditem|p2a: Iron Valiant|Booster Energy
|-activate|p2a: Iron Valiant|ability: Quark Drive|[fromitem]
|-start|p2a: Iron Valiant|quarkdrivespe
|turn|12
|
|t:|1769413554
|move|p2a: Iron Valiant|Knock Off|p1a: Volcanion
|-damage|p1a: Volcanion|0 fnt
|-damage|p2a: Iron Valiant|84/100|[from] item: Rocky Helmet|[of] p1a: Volcanion
|-enditem|p1a: Volcanion|Rocky Helmet|[from] move: Knock Off|[of] p2a: Iron Valiant
|faint|p1a: Volcanion
|
|-heal|p2a: Iron Valiant|90/100|[from] Grassy Terrain
|upkeep
|
|t:|1769413579
|switch|p1a: Conkeldurr|Conkeldurr, M|100/100
|turn|13
|
|t:|1769413591
|move|p2a: Iron Valiant|Moonblast|p1a: Conkeldurr
|-supereffective|p1a: Conkeldurr
|-damage|p1a: Conkeldurr|0 fnt
|faint|p1a: Conkeldurr
|
|-heal|p2a: Iron Valiant|96/100|[from] Grassy Terrain
|upkeep
|
|t:|1769413602
|switch|p1a: Venusaur|Venusaur, F, shiny|97/100 par
|turn|14
|
|t:|1769413621
|-end|p2a: Iron Valiant|Quark Drive|[silent]
|switch|p2a: Toxapex|Toxapex, F, shiny|100/100
|cant|p1a: Venusaur|par
|
|-heal|p1a: Venusaur|100/100 par|[from] Grassy Terrain
|upkeep
|turn|15
|
|t:|1769413633
|switch|p1a: Iron Treads|Iron Treads|100/100
|move|p2a: Toxapex|Hydro Pump|p1a: Iron Treads
|-supereffective|p1a: Iron Treads
|-damage|p1a: Iron Treads|33/100
|
|-heal|p1a: Iron Treads|39/100|[from] Grassy Terrain
|upkeep
|turn|16
|
|t:|1769413640
|move|p1a: Iron Treads|Supercell Slam|p2a: Toxapex
|-supereffective|p2a: Toxapex
|-damage|p2a: Toxapex|64/100
|move|p2a: Toxapex|Hydro Pump|p1a: Iron Treads|[miss]
|-miss|p2a: Toxapex|p1a: Iron Treads
|
|-heal|p1a: Iron Treads|46/100|[from] Grassy Terrain
|-heal|p2a: Toxapex|70/100|[from] Grassy Terrain
|-heal|p2a: Toxapex|76/100|[from] item: Leftovers
|upkeep
|turn|17
|
|t:|1769413650
|-terastallize|p1a: Iron Treads|Electric
|move|p2a: Toxapex|Protect|p2a: Toxapex
|-singleturn|p2a: Toxapex|Protect
|move|p1a: Iron Treads|Supercell Slam|p2a: Toxapex
|-activate|p2a: Toxapex|move: Protect
|-damage|p1a: Iron Treads|0 fnt|[from] supercellslam
|faint|p1a: Iron Treads
|-end|p1a: Iron Treads|Quark Drive|[silent]
|
|-heal|p2a: Toxapex|82/100|[from] Grassy Terrain
|-heal|p2a: Toxapex|89/100|[from] item: Leftovers
|-fieldend|move: Grassy Terrain
|upkeep
|
|t:|1769413661
|switch|p1a: Darkrai|Darkrai|100/100
|turn|18
|
|t:|1769413678
|move|p1a: Darkrai|Psychic|p2a: Toxapex
|-supereffective|p2a: Toxapex
|-damage|p2a: Toxapex|30/100
|move|p2a: Toxapex|Toxic|p1a: Darkrai
|-status|p1a: Darkrai|tox
|
|-heal|p2a: Toxapex|36/100|[from] item: Leftovers
|-damage|p1a: Darkrai|94/100 tox|[from] psn
|upkeep
|turn|19
|
|t:|1769413686
|move|p2a: Toxapex|Protect|p2a: Toxapex
|-singleturn|p2a: Toxapex|Protect
|move|p1a: Darkrai|Nasty Plot|p1a: Darkrai
|-boost|p1a: Darkrai|spa|2
|
|-heal|p2a: Toxapex|43/100|[from] item: Leftovers
|-damage|p1a: Darkrai|82/100 tox|[from] psn
|upkeep
|turn|20
|
|t:|1769413700
|switch|p2a: Dragonite|Dragonite, M, shiny|100/100
|move|p1a: Darkrai|Psychic|p2a: Dragonite
|-damage|p2a: Dragonite|65/100
|
|-damage|p1a: Darkrai|64/100 tox|[from] psn
|upkeep
|turn|21
|
|t:|1769413708
|move|p1a: Darkrai|Dark Pulse|p2a: Dragonite
|-damage|p2a: Dragonite|0 fnt
|faint|p2a: Dragonite
|
|-damage|p1a: Darkrai|40/100 tox|[from] psn
|upkeep
|
|t:|1769413712
|switch|p2a: Rillaboom|Rillaboom, M, shiny|68/100
|-fieldstart|move: Grassy Terrain|[from] ability: Grassy Surge|[of] p2a: Rillaboom
|turn|22
|
|t:|1769413716
|move|p2a: Rillaboom|Grassy Glide|p1a: Darkrai
|-damage|p1a: Darkrai|0 fnt
|faint|p1a: Darkrai
|
|-heal|p2a: Rillaboom|74/100|[from] Grassy Terrain
|upkeep
|
|t:|1769413722
|switch|p1a: Blastoise|Blastoise, M|100/100
|turn|23
|
|t:|1769413730
|move|p2a: Rillaboom|Leech Seed|p1a: Blastoise
|-start|p1a: Blastoise|move: Leech Seed
|move|p1a: Blastoise|Ice Beam|p2a: Rillaboom
|-supereffective|p2a: Rillaboom
|-damage|p2a: Rillaboom|0 fnt
|faint|p2a: Rillaboom
|
|upkeep
|inactive|55 tacos has 120 seconds left.
|
|t:|1769413763
|switch|p2a: Iron Valiant|Iron Valiant|96/100
|turn|24
|
|t:|1769413771
|move|p2a: Iron Valiant|Knock Off|p1a: Blastoise
|-damage|p1a: Blastoise|68/100
|-enditem|p1a: Blastoise|Icicle Plate|[from] move: Knock Off|[of] p2a: Iron Valiant
|move|p1a: Blastoise|Hydro Pump|p2a: Iron Valiant
|-damage|p2a: Iron Valiant|1/100
|
|-heal|p2a: Iron Valiant|7/100|[from] Grassy Terrain
|-heal|p1a: Blastoise|74/100|[from] Grassy Terrain
|-damage|p1a: Blastoise|62/100|[from] Leech Seed|[of] p2a: Iron Valiant
|-heal|p2a: Iron Valiant|22/100|[silent]
|upkeep
|turn|25
|
|t:|1769413781
|move|p2a: Iron Valiant|Moonblast|p1a: Blastoise
|-damage|p1a: Blastoise|22/100
|move|p1a: Blastoise|Ice Beam|p2a: Iron Valiant
|-damage|p2a: Iron Valiant|0 fnt
|faint|p2a: Iron Valiant
|-end|p2a: Iron Valiant|Quark Drive|[silent]
|
|-heal|p1a: Blastoise|28/100|[from] Grassy Terrain
|upkeep
|
|t:|1769413786
|switch|p2a: Toxapex|Toxapex, F, shiny|76/100
|turn|26
|
|t:|1769413797
|move|p1a: Blastoise|Earthquake|p2a: Toxapex
|-supereffective|p2a: Toxapex
|-crit|p2a: Toxapex
|-damage|p2a: Toxapex|60/100
|move|p2a: Toxapex|Recover|p2a: Toxapex
|-heal|p2a: Toxapex|100/100
|
|-heal|p1a: Blastoise|34/100|[from] Grassy Terrain
|-damage|p1a: Blastoise|22/100|[from] Leech Seed|[of] p2a: Toxapex
|upkeep
|turn|27
|
|t:|1769413805
|switch|p1a: Venusaur|Venusaur, F, shiny|100/100 par
|move|p2a: Toxapex|Hydro Pump|p1a: Venusaur
|-resisted|p1a: Venusaur
|-damage|p1a: Venusaur|89/100 par
|
|-heal|p1a: Venusaur|95/100 par|[from] Grassy Terrain
|-heal|p1a: Venusaur|100/100 par|[from] item: Leftovers
|upkeep
|turn|28
|-message|55 tacos forfeited.
|
|win|1337muffin1337
|raw|1337muffin1337's rating: 1074 &rarr; <strong>1108</strong><br />(+34 for winning)
|raw|55 tacos's rating: 1136 &rarr; <strong>1107</strong><br />(-29 for losing)
|l|☆55 tacos
|player|p2|
|l|☆1337muffin1337
|player|p1|
