|j|☆flordelflakko4rial
|j|‽InkwellRans
|t:|1769412810
|gametype|singles
|player|p1|flordelflakko4rial|silver|1219
|player|p2|InkwellRans|hilbert|1194
|gen|9
|tier|[Gen 9] OU
|rated|
|rule|HP Percentage Mod: HP is shown in percentages
|rule|Endless Battle Clause: Forcing endless battles is banned
|rule|Species Clause: Limit one of each Pokémon
|rule|OHKO Clause: OHKO moves are banned
|rule|Evasion Items Clause: Evasion items are banned
|rule|Evasion Moves Clause: Evasion moves are banned
|rule|Evasion Abilities Clause: Evasion abilities are banned
|rule|Sleep Moves Clause: Sleep-inducing moves are banned
|clearpoke
|poke|p1|Kingambit, M|
|poke|p1|Rotom-Wash|
|poke|p1|Dragapult, M|
|poke|p1|Corviknight, M|
|poke|p1|Garchomp, F|
|poke|p1|Sinistcha|
|poke|p2|Weezing-Galar, F|
|poke|p2|Ninetales, F|
|poke|p2|Sylveon, F|
|poke|p2|Serperior, M|
|poke|p2|Dragonite, F|
|poke|p2|Mimikyu, F|
|teampreview
|inactive|Battle timer is ON: inactive players will automatically lose when time's up. (requested by InkwellRans)
|
|t:|1769412822
|teamsize|p1|6
|teamsize|p2|6
|start
|switch|p1a: Rotom|Rotom-Wash, shiny|100/100
|switch|p2a: Mimikyu|Mimikyu, F|100/100
|turn|1
|
|t:|1769412828
|move|p2a: Mimikyu|Swords Dance|p2a: Mimikyu
|-boost|p2a: Mimikyu|atk|2
|move|p1a: Rotom|Volt Switch|p2a: Mimikyu
|-activate|p2a: Mimikyu|ability: Disguise
|-damage|p2a: Mimikyu|100/100
|detailschange|p2a: Mimikyu|Mimikyu-Busted, F
|-damage|p2a: Mimikyu|88/100|[from] pokemon: Mimikyu-Busted
|
|t:|1769412845
|switch|p1a: Kingambit|Kingambit, M, shiny|100/100|[from] Volt Switch
|
|upkeep
|turn|2
|
|t:|1769412855
|move|p2a: Mimikyu|Drain Punch|p1a: Kingambit
|-supereffective|p1a: Kingambit
|-damage|p1a: Kingambit|0 fnt
|-heal|p2a: Mimikyu|100/100|[from] drain|[of] p1a: Kingambit
|faint|p1a: Kingambit
|-end|p1a: Kingambit|fallenundefined|[silent]
|
|upkeep
|
|t:|1769412859
|switch|p1a: Dragapult|Dragapult, M|100/100
|turn|3
|
|t:|1769412863
|move|p1a: Dragapult|Shadow Ball|p2a: Mimikyu
|-supereffective|p2a: Mimikyu
|-crit|p2a: Mimikyu
|-damage|p2a: Mimikyu|0 fnt
|faint|p2a: Mimikyu
|
|upkeep
|
|t:|1769412870
|switch|p2a: Ninetales|Ninetales, F|100/100
|-weather|SunnyDay|[from] ability: Drought|[of] p2a: Ninetales
|turn|4
|
|t:|1769412874
|move|p1a: Dragapult|Shadow Ball|p2a: Ninetales
|-damage|p2a: Ninetales|39/100
|-unboost|p2a: Ninetales|spd|1
|move|p2a: Ninetales|Dark Pulse|p1a: Dragapult
|-supereffective|p1a: Dragapult
|-damage|p1a: Dragapult|44/100
|
|-weather|SunnyDay|[upkeep]
|upkeep
|turn|5
|
|t:|1769412881
|move|p1a: Dragapult|Shadow Ball|p2a: Ninetales
|-damage|p2a: Ninetales|0 fnt
|faint|p2a: Ninetales
|
|-weather|SunnyDay|[upkeep]
|upkeep
|
|t:|1769412889
|switch|p2a: Sylveon|Sylveon, F|100/100
|turn|6
|
|t:|1769412899
|move|p1a: Dragapult|Shadow Ball|p2a: Sylveon
|-damage|p2a: Sylveon|69/100
|move|p2a: Sylveon|Calm Mind|p2a: Sylveon
|-boost|p2a: Sylveon|spa|1
|-boost|p2a: Sylveon|spd|1
|
|-weather|SunnyDay|[upkeep]
|-heal|p2a: Sylveon|75/100|[from] item: Leftovers
|upkeep
|turn|7
|
|t:|1769412908
|switch|p1a: Sinistcha|Sinistcha|100/100
|move|p2a: Sylveon|Calm Mind|p2a: Sylveon
|-boost|p2a: Sylveon|spa|1
|-boost|p2a: Sylveon|spd|1
|
|-weather|SunnyDay|[upkeep]
|-heal|p2a: Sylveon|81/100|[from] item: Leftovers
|upkeep
|turn|8
|
|t:|1769412919
|switch|p1a: Corviknight|Corviknight, M, shiny|100/100
|-ability|p1a: Corviknight|Pressure
|move|p2a: Sylveon|Shadow Ball|p1a: Corviknight
|-damage|p1a: Corviknight|66/100
|-unboost|p1a: Corviknight|spd|1
|
|-weather|none
|-heal|p1a: Corviknight|72/100|[from] item: Leftovers
|-heal|p2a: Sylveon|87/100|[from] item: Leftovers
|upkeep
|turn|9
|
|t:|1769412930
|-terastallize|p2a: Sylveon|Steel
|move|p1a: Corviknight|Brave Bird|p2a: Sylveon
|-resisted|p2a: Sylveon
|-damage|p2a: Sylveon|63/100
|-damage|p1a: Corviknight|64/100|[from] Recoil
|move|p2a: Sylveon|Shadow Ball|p1a: Corviknight
|-damage|p1a: Corviknight|9/100
|
|-heal|p1a: Corviknight|15/100|[from] item: Leftovers
|-heal|p2a: Sylveon|69/100|[from] item: Leftovers
|upkeep
|turn|10
|
|t:|1769412942
|switch|p1a: Rotom|Rotom-Wash, shiny|100/100
|move|p2a: Sylveon|Hyper Voice|p1a: Rotom
|-damage|p1a: Rotom|3/100
|
|-heal|p1a: Rotom|9/100|[from] item: Leftovers
|-heal|p2a: Sylveon|75/100|[from] item: Leftovers
|upkeep
|turn|11
|
|t:|1769412948
|move|p1a: Rotom|Protect|p1a: Rotom
|-singleturn|p1a: Rotom|Protect
|move|p2a: Sylveon|Draining Kiss|p1a: Rotom
|-activate|p1a: Rotom|move: Protect
|
|-heal|p1a: Rotom|15/100|[from] item: Leftovers
|-heal|p2a: Sylveon|81/100|[from] item: Leftovers
|upkeep
|turn|12
|
|t:|1769412957
|move|p1a: Rotom|Will-O-Wisp|p2a: Sylveon
|-status|p2a: Sylveon|brn
|move|p2a: Sylveon|Draining Kiss|p1a: Rotom
|-damage|p1a: Rotom|0 fnt
|-heal|p2a: Sylveon|90/100 brn|[from] drain|[of] p1a: Rotom
|faint|p1a: Rotom
|
|-heal|p2a: Sylveon|96/100 brn|[from] item: Leftovers
|-damage|p2a: Sylveon|90/100 brn|[from] brn
|upkeep
|
|t:|1769412969
|switch|p1a: Dragapult|Dragapult, M|44/100
|turn|13
|
|t:|1769412972
|move|p1a: Dragapult|Flamethrower|p2a: Sylveon
|-supereffective|p2a: Sylveon
|-damage|p2a: Sylveon|63/100 brn
|move|p2a: Sylveon|Draining Kiss|p1a: Dragapult
|-supereffective|p1a: Dragapult
|-damage|p1a: Dragapult|0 fnt
|-heal|p2a: Sylveon|89/100 brn|[from] drain|[of] p1a: Dragapult
|faint|p1a: Dragapult
|
|-heal|p2a: Sylveon|96/100 brn|[from] item: Leftovers
|-damage|p2a: Sylveon|89/100 brn|[from] brn
|upkeep
|
|t:|1769412981
|switch|p1a: Garchomp|Garchomp, F|100/100
|turn|14
|
|t:|1769412986
|move|p1a: Garchomp|Earthquake|p2a: Sylveon
|-supereffective|p2a: Sylveon
|-damage|p2a: Sylveon|0 fnt
|faint|p2a: Sylveon
|-damage|p1a: Garchomp|91/100|[from] item: Life Orb
|
|upkeep
|
|t:|1769412989
|switch|p2a: Dragonite|Dragonite, F|100/100
|turn|15
|
|t:|1769412992
|-terastallize|p1a: Garchomp|Fairy
|move|p1a: Garchomp|Dragon Claw|p2a: Dragonite
|-supereffective|p2a: Dragonite
|-damage|p2a: Dragonite|0 fnt
|faint|p2a: Dragonite
|-damage|p1a: Garchomp|81/100|[from] item: Life Orb
|
|upkeep
|
|t:|1769412997
|switch|p2a: Serperior|Serperior, M|100/100
|turn|16
|
|t:|1769413007
|switch|p1a: Corviknight|Corviknight, M, shiny|15/100
|-ability|p1a: Corviknight|Pressure
|move|p2a: Serperior|Leaf Storm|p1a: Corviknight|[miss]
|-miss|p2a: Serperior|p1a: Corviknight
|
|-heal|p1a: Corviknight|21/100|[from] item: Leftovers
|upkeep
|turn|17
|
|t:|1769413014
|move|p2a: Serperior|Leaf Storm|p1a: Corviknight
|-resisted|p1a: Corviknight
|-damage|p1a: Corviknight|10/100
|-boost|p2a: Serperior|spa|2
|-damage|p2a: Serperior|91/100|[from] item: Life Orb
|move|p1a: Corviknight|Brave Bird|p2a: Serperior
|-supereffective|p2a: Serperior
|-damage|p2a: Serperior|0 fnt
|faint|p2a: Serperior
|-damage|p1a: Corviknight|0 fnt|[from] Recoil
|faint|p1a: Corviknight
|
|upkeep
|-message|InkwellRans forfeited.
|
|win|flordelflakko4rial
|raw|flordelflakko4rial's rating: 1219 &rarr; <strong>1242</strong><br />(+23 for winning)
|raw|InkwellRans's rating: 1194 &rarr; <strong>1171</strong><br />(-23 for losing)
|l|‽InkwellRans
|player|p2|
|l|☆flordelflakko4rial
|player|p1|
