|j|☆Grorgegamer
|j|☆LYHtyt
|t:|1769408787
|gametype|singles
|player|p1|Grorgegamer|veteran|1254
|player|p2|LYHtyt|hilbert|1284
|gen|9
|tier|[Gen 9] OU
|rated|
|rule|HP Percentage Mod: HP is shown in percentages
|rule|Endless Battle Clause: Forcing endless battles is banned
|rule|Species Clause: Limit one of each Pokémon
|rule|OHKO Clause: OHKO moves are banned
|rule|Evasion Items Clause: Evasion items are banned
|rule|Evasion Moves Clause: Evasion moves are banned
|rule|Evasion Abilities Clause: Evasion abilities are banned
|rule|Sleep Moves Clause: Sleep-inducing moves are banned
|clearpoke
|poke|p1|Arcanine-Hisui, M|
|poke|p1|Iron Boulder|
|poke|p1|Iron Treads|
|poke|p1|Indeedee, M|
|poke|p1|Hawlucha, F|
|poke|p1|Alomomola, F|
|poke|p2|Samurott-Hisui, F|
|poke|p2|Dragonite, F|
|poke|p2|Iron Valiant|
|poke|p2|Scizor, M|
|poke|p2|Garchomp, M|
|poke|p2|Kingambit, M|
|teampreview
|inactive|Battle timer is ON: inactive players will automatically lose when time's up. (requested by Grorgegamer)
|
|t:|1769408796
|teamsize|p1|6
|teamsize|p2|6
|start
|switch|p1a: Iron Treads|Iron Treads|100/100
|switch|p2a: Iron Valiant|Iron Valiant|100/100
|-enditem|p2a: Iron Valiant|Booster Energy
|-activate|p2a: Iron Valiant|ability: Quark Drive|[fromitem]
|-start|p2a: Iron Valiant|quarkdrivespe
|turn|1
|
|t:|1769408807
|-end|p2a: Iron Valiant|Quark Drive|[silent]
|switch|p2a: Garchomp|Garchomp, M|100/100
|move|p1a: Iron Treads|Stealth Rock|p2a: Garchomp
|-sidestart|p2: LYHtyt|move: Stealth Rock
|
|upkeep
|turn|2
|
|t:|1769408814
|move|p2a: Garchomp|Earthquake|p1a: Iron Treads
|-supereffective|p1a: Iron Treads
|-damage|p1a: Iron Treads|3/100
|move|p1a: Iron Treads|Heavy Slam|p2a: Garchomp
|-damage|p2a: Garchomp|73/100
|-damage|p1a: Iron Treads|0 fnt|[from] ability: Rough Skin|[of] p2a: Garchomp
|faint|p1a: Iron Treads
|-end|p1a: Iron Treads|Quark Drive|[silent]
|
|upkeep
|
|t:|1769408824
|switch|p1a: Alomomola|Alomomola, F|100/100
|turn|3
|
|t:|1769408834
|switch|p2a: Iron Valiant|Iron Valiant|100/100
|-damage|p2a: Iron Valiant|94/100|[from] Stealth Rock
|move|p1a: Alomomola|Scald|p2a: Iron Valiant
|-damage|p2a: Iron Valiant|72/100
|
|upkeep
|turn|4
|
|t:|1769408844
|move|p2a: Iron Valiant|Thunderbolt|p1a: Alomomola
|-supereffective|p1a: Alomomola
|-damage|p1a: Alomomola|31/100
|move|p1a: Alomomola|Flip Turn|p2a: Iron Valiant
|-damage|p2a: Iron Valiant|52/100
|
|t:|1769408851
|switch|p1a: Arcanine|Arcanine-Hisui, M|100/100|[from] Flip Turn
|
|upkeep
|turn|5
|
|t:|1769408860
|-end|p2a: Iron Valiant|Quark Drive|[silent]
|switch|p2a: Garchomp|Garchomp, M|73/100
|-damage|p2a: Garchomp|67/100|[from] Stealth Rock
|move|p1a: Arcanine|Extreme Speed|p2a: Garchomp
|-damage|p2a: Garchomp|30/100
|-damage|p1a: Arcanine|88/100|[from] ability: Rough Skin|[of] p2a: Garchomp
|
|upkeep
|turn|6
|
|t:|1769408873
|switch|p2a: Scizor|Scizor, M|100/100
|-damage|p2a: Scizor|88/100|[from] Stealth Rock
|move|p1a: Arcanine|Extreme Speed|p2a: Scizor
|-resisted|p2a: Scizor
|-damage|p2a: Scizor|71/100
|
|upkeep
|turn|7
|
|t:|1769408887
|switch|p1a: Hawlucha|Hawlucha, F|100/100
|switch|p2a: Dragonite|Dragonite, F|100/100
|-damage|p2a: Dragonite|76/100|[from] Stealth Rock
|
|upkeep
|turn|8
|
|t:|1769408899
|-terastallize|p2a: Dragonite|Normal
|move|p2a: Dragonite|Extreme Speed|p1a: Hawlucha
|-damage|p1a: Hawlucha|0 fnt
|faint|p1a: Hawlucha
|
|upkeep
|
|t:|1769408907
|switch|p1a: Iron Boulder|Iron Boulder|100/100
|-enditem|p1a: Iron Boulder|Booster Energy
|-activate|p1a: Iron Boulder|ability: Quark Drive|[fromitem]
|-start|p1a: Iron Boulder|quarkdriveatk
|turn|9
|
|t:|1769408912
|move|p2a: Dragonite|Extreme Speed|p1a: Iron Boulder
|-resisted|p1a: Iron Boulder
|-damage|p1a: Iron Boulder|56/100
|move|p1a: Iron Boulder|Sacred Sword|p2a: Dragonite
|-supereffective|p2a: Dragonite
|-damage|p2a: Dragonite|0 fnt
|faint|p2a: Dragonite
|
|upkeep
|
|t:|1769408919
|switch|p2a: Garchomp|Garchomp, M|30/100
|-damage|p2a: Garchomp|24/100|[from] Stealth Rock
|turn|10
|
|t:|1769408934
|move|p2a: Garchomp|Earthquake|p1a: Iron Boulder
|-supereffective|p1a: Iron Boulder
|-damage|p1a: Iron Boulder|0 fnt
|faint|p1a: Iron Boulder
|-end|p1a: Iron Boulder|Quark Drive|[silent]
|
|upkeep
|
|t:|1769408940
|switch|p1a: Arcanine|Arcanine-Hisui, M|88/100
|turn|11
|
|t:|1769408944
|move|p1a: Arcanine|Extreme Speed|p2a: Garchomp
|-damage|p2a: Garchomp|0 fnt
|-damage|p1a: Arcanine|76/100|[from] ability: Rough Skin|[of] p2a: Garchomp
|faint|p2a: Garchomp
|
|upkeep
|
|t:|1769408952
|switch|p2a: Samurott|Samurott-Hisui, F|100/100
|-damage|p2a: Samurott|88/100|[from] Stealth Rock
|turn|12
|
|t:|1769408960
|switch|p1a: Alomomola|Alomomola, F|64/100
|move|p2a: Samurott|Razor Shell|p1a: Alomomola
|-resisted|p1a: Alomomola
|-damage|p1a: Alomomola|51/100
|
|-heal|p1a: Alomomola|57/100|[from] item: Leftovers
|upkeep
|turn|13
|
|t:|1769408971
|switch|p2a: Iron Valiant|Iron Valiant|52/100
|-damage|p2a: Iron Valiant|46/100|[from] Stealth Rock
|move|p1a: Alomomola|Flip Turn|p2a: Iron Valiant
|-damage|p2a: Iron Valiant|27/100
|
|t:|1769408978
|switch|p1a: Arcanine|Arcanine-Hisui, M|76/100|[from] Flip Turn
|
|upkeep
|turn|14
|
|t:|1769408994
|-end|p2a: Iron Valiant|Quark Drive|[silent]
|switch|p2a: Samurott|Samurott-Hisui, F|88/100
|-damage|p2a: Samurott|76/100|[from] Stealth Rock
|move|p1a: Arcanine|Extreme Speed|p2a: Samurott
|-damage|p2a: Samurott|24/100
|
|upkeep
|turn|15
|
|t:|1769409015
|switch|p2a: Scizor|Scizor, M|71/100
|-damage|p2a: Scizor|58/100|[from] Stealth Rock
|move|p1a: Arcanine|Extreme Speed|p2a: Scizor
|-resisted|p2a: Scizor
|-damage|p2a: Scizor|39/100
|
|upkeep
|turn|16
|
|t:|1769409023
|switch|p1a: Alomomola|Alomomola, F|90/100
|move|p2a: Scizor|Close Combat|p1a: Alomomola
|-damage|p1a: Alomomola|54/100
|-unboost|p2a: Scizor|def|1
|-unboost|p2a: Scizor|spd|1
|
|-heal|p1a: Alomomola|60/100|[from] item: Leftovers
|upkeep
|turn|17
|
|t:|1769409035
|switch|p2a: Kingambit|Kingambit, M|100/100
|-damage|p2a: Kingambit|94/100|[from] Stealth Rock
|-activate|p2a: Kingambit|ability: Supreme Overlord
|-start|p2a: Kingambit|fallen2|[silent]
|move|p1a: Alomomola|Scald|p2a: Kingambit
|-damage|p2a: Kingambit|80/100
|-status|p2a: Kingambit|brn
|
|-heal|p1a: Alomomola|67/100|[from] item: Leftovers
|-damage|p2a: Kingambit|74/100 brn|[from] brn
|upkeep
|turn|18
|
|t:|1769409048
|move|p2a: Kingambit|Sucker Punch||[still]
|-fail|p2a: Kingambit
|move|p1a: Alomomola|Wish|p1a: Alomomola
|
|-heal|p1a: Alomomola|73/100|[from] item: Leftovers
|-damage|p2a: Kingambit|68/100 brn|[from] brn
|upkeep
|turn|19
|
|t:|1769409057
|move|p2a: Kingambit|Sucker Punch|p1a: Alomomola
|-damage|p1a: Alomomola|56/100
|-damage|p2a: Kingambit|58/100 brn|[from] item: Life Orb
|move|p1a: Alomomola|Flip Turn|p2a: Kingambit
|-damage|p2a: Kingambit|47/100 brn
|
|t:|1769409064
|switch|p1a: Arcanine|Arcanine-Hisui, M|76/100|[from] Flip Turn
|
|-heal|p1a: Arcanine|100/100|[from] move: Wish|[wisher] Alomomola
|-damage|p2a: Kingambit|40/100 brn|[from] brn
|upkeep
|turn|20
|
|t:|1769409073
|switch|p1a: Indeedee|Indeedee, M|100/100
|-fieldstart|move: Psychic Terrain|[from] ability: Psychic Surge|[of] p1a: Indeedee
|-end|p2a: Kingambit|fallen2|[silent]
|switch|p2a: Scizor|Scizor, M|39/100
|-damage|p2a: Scizor|26/100|[from] Stealth Rock
|
|upkeep
|turn|21
|
|t:|1769409089
|move|p1a: Indeedee|Expanding Force|p2a: Scizor
|-resisted|p2a: Scizor
|-damage|p2a: Scizor|0 fnt
|faint|p2a: Scizor
|
|upkeep
|
|t:|1769409095
|switch|p2a: Kingambit|Kingambit, M|40/100 brn
|-damage|p2a: Kingambit|34/100 brn|[from] Stealth Rock
|-activate|p2a: Kingambit|ability: Supreme Overlord
|-start|p2a: Kingambit|fallen3|[silent]
|turn|22
|
|t:|1769409103
|move|p1a: Indeedee|Energy Ball|p2a: Kingambit
|-resisted|p2a: Kingambit
|-damage|p2a: Kingambit|21/100 brn
|move|p2a: Kingambit|Shadow Claw|p1a: Indeedee
|-immune|p1a: Indeedee
|
|-damage|p2a: Kingambit|14/100 brn|[from] brn
|upkeep
|turn|23
|
|t:|1769409117
|move|p1a: Indeedee|Energy Ball|p2a: Kingambit
|-resisted|p2a: Kingambit
|-damage|p2a: Kingambit|2/100 brn
|move|p2a: Kingambit|Iron Head|p1a: Indeedee
|-damage|p1a: Indeedee|17/100
|-damage|p2a: Kingambit|0 fnt|[from] item: Life Orb
|faint|p2a: Kingambit
|-end|p2a: Kingambit|fallen3|[silent]
|
|upkeep
|
|t:|1769409132
|switch|p2a: Iron Valiant|Iron Valiant|27/100
|-damage|p2a: Iron Valiant|20/100|[from] Stealth Rock
|turn|24
|
|t:|1769409143
|switch|p1a: Alomomola|Alomomola, F|89/100
|move|p2a: Iron Valiant|Thunderbolt|p1a: Alomomola
|-supereffective|p1a: Alomomola
|-damage|p1a: Alomomola|20/100
|
|-heal|p1a: Alomomola|26/100|[from] item: Leftovers
|upkeep
|turn|25
|
|t:|1769409157
|move|p2a: Iron Valiant|Aura Sphere|p1a: Alomomola
|-damage|p1a: Alomomola|0 fnt
|faint|p1a: Alomomola
|
|upkeep
|
|t:|1769409163
|switch|p1a: Arcanine|Arcanine-Hisui, M|100/100
|turn|26
|
|t:|1769409173
|-end|p2a: Iron Valiant|Quark Drive|[silent]
|switch|p2a: Samurott|Samurott-Hisui, F|24/100
|-damage|p2a: Samurott|11/100|[from] Stealth Rock
|move|p1a: Arcanine|Extreme Speed|p2a: Samurott
|-activate|p2a: Samurott|move: Psychic Terrain
|
|upkeep
|turn|27
|
|t:|1769409181
|switch|p1a: Indeedee|Indeedee, M|17/100
|move|p2a: Samurott|Razor Shell|p1a: Indeedee
|-damage|p1a: Indeedee|0 fnt
|faint|p1a: Indeedee
|
|-fieldend|move: Psychic Terrain
|upkeep
|
|t:|1769409190
|switch|p1a: Arcanine|Arcanine-Hisui, M|100/100
|turn|28
|
|t:|1769409194
|move|p1a: Arcanine|Extreme Speed|p2a: Samurott
|-damage|p2a: Samurott|0 fnt
|faint|p2a: Samurott
|
|upkeep
|
|t:|1769409197
|switch|p2a: Iron Valiant|Iron Valiant|20/100
|-damage|p2a: Iron Valiant|14/100|[from] Stealth Rock
|turn|29
|
|t:|1769409203
|move|p1a: Arcanine|Extreme Speed|p2a: Iron Valiant
|-damage|p2a: Iron Valiant|0 fnt
|faint|p2a: Iron Valiant
|-end|p2a: Iron Valiant|Quark Drive|[silent]
|
|win|Grorgegamer
|raw|Grorgegamer's rating: 1254 &rarr; <strong>1281</strong><br />(+27 for winning)
|raw|LYHtyt's rating: 1284 &rarr; <strong>1257</strong><br />(-27 for losing)
|l|☆Grorgegamer
|player|p1|
