|j|☆barukashi r
|j|☆YaBoiDon
|t:|1769438317
|gametype|singles
|player|p1|barukashi r|169|1346
|player|p2|YaBoiDon|265|1363
|gen|9
|tier|[Gen 9] OU
|rated|
|rule|HP Percentage Mod: HP is shown in percentages
|rule|Endless Battle Clause: Forcing endless battles is banned
|rule|Species Clause: Limit one of each Pokémon
|rule|OHKO Clause: OHKO moves are banned
|rule|Evasion Items Clause: Evasion items are banned
|rule|Evasion Moves Clause: Evasion moves are banned
|rule|Evasion Abilities Clause: Evasion abilities are banned
|rule|Sleep Moves Clause: Sleep-inducing moves are banned
|clearpoke
|poke|p1|Tinkaton, F|
|poke|p1|Ogerpon, F|
|poke|p1|Great Tusk|
|poke|p1|Pecharunt|
|poke|p1|Alomomola, M|
|poke|p1|Hydreigon, M|
|poke|p2|Pawmot, F|
|poke|p2|Ceruledge, F|
|poke|p2|Lokix, M|
|poke|p2|Garganacl, M|
|poke|p2|Gholdengo|
|poke|p2|Bellibolt, M|
|teampreview
|inactive|Battle timer is ON: inactive players will automatically lose when time's up. (requested by barukashi r)
|
|t:|1769438362
|teamsize|p1|6
|teamsize|p2|6
|start
|switch|p1a: Alomomola|Alomomola, M, shiny|100/100
|switch|p2a: Garganacl|Garganacl, M|100/100
|turn|1
|
|t:|1769438369
|move|p1a: Alomomola|Flip Turn|p2a: Garganacl
|-supereffective|p2a: Garganacl
|-damage|p2a: Garganacl|78/100
|
|t:|1769438377
|switch|p1a: Ogerpon|Ogerpon, F|100/100|[from] Flip Turn
|move|p2a: Garganacl|Salt Cure|p1a: Ogerpon
|-damage|p1a: Ogerpon|82/100
|-start|p1a: Ogerpon|Salt Cure
|
|-heal|p2a: Garganacl|84/100|[from] item: Leftovers
|-damage|p1a: Ogerpon|69/100|[from] Salt Cure
|upkeep
|turn|2
|
|t:|1769438390
|move|p2a: Garganacl|Protect|p2a: Garganacl
|-singleturn|p2a: Garganacl|Protect
|move|p1a: Ogerpon|Knock Off|p2a: Garganacl
|-activate|p2a: Garganacl|move: Protect
|
|-heal|p2a: Garganacl|90/100|[from] item: Leftovers
|-damage|p1a: Ogerpon|57/100|[from] Salt Cure
|upkeep
|turn|3
|inactive|YaBoiDon has 120 seconds left.
|
|t:|1769438439
|switch|p2a: Lokix|Lokix, M|100/100
|move|p1a: Ogerpon|Knock Off|p2a: Lokix
|-resisted|p2a: Lokix
|-damage|p2a: Lokix|67/100
|-enditem|p2a: Lokix|Life Orb|[from] move: Knock Off|[of] p1a: Ogerpon
|
|-damage|p1a: Ogerpon|45/100|[from] Salt Cure
|upkeep
|turn|4
|
|t:|1769438466
|switch|p1a: Tinkaton|Tinkaton, F, shiny|100/100
|-item|p1a: Tinkaton|Air Balloon
|move|p2a: Lokix|First Impression|p1a: Tinkaton
|-resisted|p1a: Tinkaton
|-damage|p1a: Tinkaton|73/100
|-enditem|p1a: Tinkaton|Air Balloon
|
|upkeep
|turn|5
|
|t:|1769438480
|switch|p2a: Bellibolt|Bellibolt, M|100/100
|move|p1a: Tinkaton|Stealth Rock|p2a: Bellibolt
|-sidestart|p2: YaBoiDon|move: Stealth Rock
|
|upkeep
|turn|6
|
|t:|1769438497
|move|p1a: Tinkaton|Gigaton Hammer|p2a: Bellibolt
|-resisted|p2a: Bellibolt
|-damage|p2a: Bellibolt|79/100
|-start|p2a: Bellibolt|Charge|Gigaton Hammer|[from] ability: Electromorphosis
|move|p2a: Bellibolt|Chilling Water|p1a: Tinkaton
|-damage|p1a: Tinkaton|56/100
|-unboost|p1a: Tinkaton|atk|1
|
|-heal|p2a: Bellibolt|85/100|[from] item: Leftovers
|upkeep
|turn|7
|
|t:|1769438509
|switch|p1a: Pecharunt|Pecharunt|100/100
|move|p2a: Bellibolt|Chilling Water|p1a: Pecharunt
|-damage|p1a: Pecharunt|85/100
|-unboost|p1a: Pecharunt|atk|1
|
|-heal|p2a: Bellibolt|91/100|[from] item: Leftovers
|upkeep
|turn|8
|
|t:|1769438512
|move|p1a: Pecharunt|Malignant Chain|p2a: Bellibolt
|-crit|p2a: Bellibolt
|-damage|p2a: Bellibolt|41/100
|-start|p2a: Bellibolt|Charge|Malignant Chain|[from] ability: Electromorphosis
|move|p2a: Bellibolt|Parabolic Charge|p1a: Pecharunt
|-damage|p1a: Pecharunt|21/100
|-heal|p2a: Bellibolt|75/100|[from] drain|[of] p1a: Pecharunt
|-end|p2a: Bellibolt|Charge|[silent]
|
|-heal|p2a: Bellibolt|81/100|[from] item: Leftovers
|upkeep
|turn|9
|inactive|YaBoiDon has 120 seconds left.
|
|t:|1769438523
|move|p2a: Bellibolt|Protect|p2a: Bellibolt
|-singleturn|p2a: Bellibolt|Protect
|move|p1a: Pecharunt|Recover|p1a: Pecharunt
|-heal|p1a: Pecharunt|71/100
|
|-heal|p2a: Bellibolt|87/100|[from] item: Leftovers
|upkeep
|turn|10
|
|t:|1769438533
|switch|p2a: Garganacl|Garganacl, M|90/100
|-damage|p2a: Garganacl|78/100|[from] Stealth Rock
|move|p1a: Pecharunt|Malignant Chain|p2a: Garganacl
|-resisted|p2a: Garganacl
|-damage|p2a: Garganacl|68/100
|
|-heal|p2a: Garganacl|75/100|[from] item: Leftovers
|upkeep
|turn|11
|
|t:|1769438540
|move|p1a: Pecharunt|Malignant Chain|p2a: Garganacl
|-resisted|p2a: Garganacl
|-damage|p2a: Garganacl|64/100
|move|p2a: Garganacl|Stealth Rock|p1a: Pecharunt
|-sidestart|p1: barukashi r|move: Stealth Rock
|
|-heal|p2a: Garganacl|70/100|[from] item: Leftovers
|upkeep
|turn|12
|
|t:|1769438546
|move|p1a: Pecharunt|Parting Shot|p2a: Garganacl
|-unboost|p2a: Garganacl|atk|1
|-unboost|p2a: Garganacl|spa|1
|
|t:|1769438554
|switch|p1a: Great Tusk|Great Tusk, shiny|100/100|[from] Parting Shot
|move|p2a: Garganacl|Salt Cure|p1a: Great Tusk
|-resisted|p1a: Great Tusk
|-crit|p1a: Great Tusk
|-damage|p1a: Great Tusk|97/100
|-start|p1a: Great Tusk|Salt Cure
|
|-heal|p2a: Garganacl|76/100|[from] item: Leftovers
|-damage|p1a: Great Tusk|84/100|[from] Salt Cure
|upkeep
|turn|13
|
|t:|1769438579
|move|p2a: Garganacl|Protect|p2a: Garganacl
|-singleturn|p2a: Garganacl|Protect
|move|p1a: Great Tusk|Close Combat|p2a: Garganacl
|-activate|p2a: Garganacl|move: Protect
|
|-heal|p2a: Garganacl|82/100|[from] item: Leftovers
|-damage|p1a: Great Tusk|72/100|[from] Salt Cure
|upkeep
|turn|14
|
|t:|1769438594
|switch|p2a: Gholdengo|Gholdengo|100/100
|-damage|p2a: Gholdengo|94/100|[from] Stealth Rock
|move|p1a: Great Tusk|Headlong Rush|p2a: Gholdengo
|-supereffective|p2a: Gholdengo
|-damage|p2a: Gholdengo|0 fnt
|-unboost|p1a: Great Tusk|def|1
|-unboost|p1a: Great Tusk|spd|1
|faint|p2a: Gholdengo
|
|-damage|p1a: Great Tusk|60/100|[from] Salt Cure
|upkeep
|inactive|YaBoiDon has 120 seconds left.
|
|t:|1769438610
|switch|p2a: Pawmot|Pawmot, F|100/100
|-damage|p2a: Pawmot|94/100|[from] Stealth Rock
|turn|15
|
|t:|1769438623
|move|p2a: Pawmot|Ice Punch|p1a: Great Tusk
|-supereffective|p1a: Great Tusk
|-damage|p1a: Great Tusk|0 fnt
|faint|p1a: Great Tusk
|-end|p1a: Great Tusk|Protosynthesis|[silent]
|-damage|p2a: Pawmot|85/100|[from] item: Life Orb
|
|upkeep
|
|t:|1769438645
|switch|p1a: Pecharunt|Pecharunt|71/100
|-damage|p1a: Pecharunt|58/100|[from] Stealth Rock
|turn|16
|inactive|YaBoiDon has 120 seconds left.
|
|t:|1769438671
|switch|p2a: Garganacl|Garganacl, M|82/100
|-damage|p2a: Garganacl|70/100|[from] Stealth Rock
|move|p1a: Pecharunt|Recover|p1a: Pecharunt
|-heal|p1a: Pecharunt|100/100
|
|-heal|p2a: Garganacl|76/100|[from] item: Leftovers
|upkeep
|turn|17
|inactive|YaBoiDon has 120 seconds left.
|
|t:|1769438678
|move|p1a: Pecharunt|Parting Shot|p2a: Garganacl
|-unboost|p2a: Garganacl|atk|1
|-unboost|p2a: Garganacl|spa|1
|
|t:|1769438681
|switch|p1a: Alomomola|Alomomola, M, shiny|100/100|[from] Parting Shot
|-damage|p1a: Alomomola|88/100|[from] Stealth Rock
|move|p2a: Garganacl|Salt Cure|p1a: Alomomola
|-damage|p1a: Alomomola|81/100
|-start|p1a: Alomomola|Salt Cure
|
|-heal|p2a: Garganacl|82/100|[from] item: Leftovers
|-damage|p1a: Alomomola|56/100|[from] Salt Cure
|upkeep
|turn|18
|
|t:|1769438689
|move|p1a: Alomomola|Flip Turn|p2a: Garganacl
|-supereffective|p2a: Garganacl
|-damage|p2a: Garganacl|62/100
|
|t:|1769438709
|switch|p1a: Hydreigon|Hydreigon, M, shiny|100/100|[from] Flip Turn
|-damage|p1a: Hydreigon|88/100|[from] Stealth Rock
|move|p2a: Garganacl|Salt Cure|p1a: Hydreigon
|-damage|p1a: Hydreigon|77/100
|-start|p1a: Hydreigon|Salt Cure
|
|-heal|p2a: Garganacl|68/100|[from] item: Leftovers
|-damage|p1a: Hydreigon|64/100|[from] Salt Cure
|upkeep
|turn|19
|inactive|barukashi r has 120 seconds left.
|
|t:|1769438736
|move|p2a: Garganacl|Protect|p2a: Garganacl
|-singleturn|p2a: Garganacl|Protect
|move|p1a: Hydreigon|Flash Cannon|p2a: Garganacl
|-activate|p2a: Garganacl|move: Protect
|
|-heal|p2a: Garganacl|74/100|[from] item: Leftovers
|-damage|p1a: Hydreigon|52/100|[from] Salt Cure
|upkeep
|turn|20
|inactive|YaBoiDon has 120 seconds left.
|
|t:|1769438769
|switch|p2a: Ceruledge|Ceruledge, F|100/100
|-damage|p2a: Ceruledge|76/100|[from] Stealth Rock
|move|p1a: Hydreigon|Flash Cannon|p2a: Ceruledge
|-resisted|p2a: Ceruledge
|-crit|p2a: Ceruledge
|-damage|p2a: Ceruledge|58/100
|
|-damage|p1a: Hydreigon|40/100|[from] Salt Cure
|upkeep
|turn|21
|inactive|YaBoiDon has 120 seconds left.
|inactive|barukashi r has 120 seconds left.
|inactive|barukashi r has 90 seconds left.
|
|t:|1769438829
|move|p1a: Hydreigon|Flash Cannon|p2a: Ceruledge
|-resisted|p2a: Ceruledge
|-damage|p2a: Ceruledge|45/100
|move|p2a: Ceruledge|Bitter Blade|p1a: Hydreigon
|-resisted|p1a: Hydreigon
|-damage|p1a: Hydreigon|11/100
|-heal|p2a: Ceruledge|59/100|[from] drain|[of] p1a: Hydreigon
|
|-damage|p1a: Hydreigon|0 fnt|[from] Salt Cure
|faint|p1a: Hydreigon
|upkeep
|
|t:|1769438844
|switch|p1a: Ogerpon|Ogerpon, F|45/100
|-damage|p1a: Ogerpon|32/100|[from] Stealth Rock
|turn|22
|inactive|YaBoiDon has 120 seconds left.
|
|t:|1769438869
|move|p2a: Ceruledge|Shadow Sneak|p1a: Ogerpon
|-damage|p1a: Ogerpon|1/100
|move|p1a: Ogerpon|Rock Tomb|p2a: Ceruledge
|-supereffective|p2a: Ceruledge
|-damage|p2a: Ceruledge|0 fnt
|faint|p2a: Ceruledge
|
|upkeep
|
|t:|1769438873
|switch|p2a: Lokix|Lokix, M|67/100
|-damage|p2a: Lokix|42/100|[from] Stealth Rock
|turn|23
|
|t:|1769438879
|move|p2a: Lokix|First Impression|p1a: Ogerpon
|-supereffective|p1a: Ogerpon
|-damage|p1a: Ogerpon|0 fnt
|faint|p1a: Ogerpon
|
|upkeep
|inactive|barukashi r has 90 seconds left.
|
|t:|1769438891
|switch|p1a: Pecharunt|Pecharunt|100/100
|-damage|p1a: Pecharunt|88/100|[from] Stealth Rock
|turn|24
|
|t:|1769438898
|switch|p2a: Garganacl|Garganacl, M|74/100
|-damage|p2a: Garganacl|62/100|[from] Stealth Rock
|move|p1a: Pecharunt|Malignant Chain|p2a: Garganacl
|-resisted|p2a: Garganacl
|-damage|p2a: Garganacl|51/100
|
|-heal|p2a: Garganacl|57/100|[from] item: Leftovers
|upkeep
|turn|25
|
|t:|1769438905
|move|p1a: Pecharunt|Shadow Ball|p2a: Garganacl
|-damage|p2a: Garganacl|49/100
|move|p2a: Garganacl|Salt Cure|p1a: Pecharunt
|-crit|p1a: Pecharunt
|-damage|p1a: Pecharunt|78/100
|-start|p1a: Pecharunt|Salt Cure
|
|-heal|p2a: Garganacl|55/100|[from] item: Leftovers
|-damage|p1a: Pecharunt|65/100|[from] Salt Cure
|upkeep
|turn|26
|inactive|barukashi r has 90 seconds left.
|
|t:|1769438930
|move|p1a: Pecharunt|Recover|p1a: Pecharunt
|-heal|p1a: Pecharunt|100/100
|move|p2a: Garganacl|Recover|p2a: Garganacl
|-heal|p2a: Garganacl|100/100
|
|-damage|p1a: Pecharunt|88/100|[from] Salt Cure
|upkeep
|turn|27
|
|t:|1769438948
|move|p1a: Pecharunt|Shadow Ball|p2a: Garganacl
|-damage|p2a: Garganacl|92/100
|move|p2a: Garganacl|Salt Cure|p1a: Pecharunt
|-damage|p1a: Pecharunt|82/100
|
|-heal|p2a: Garganacl|98/100|[from] item: Leftovers
|-damage|p1a: Pecharunt|69/100|[from] Salt Cure
|upkeep
|turn|28
|
|t:|1769438957
|move|p1a: Pecharunt|Shadow Ball|p2a: Garganacl
|-damage|p2a: Garganacl|90/100
|move|p2a: Garganacl|Salt Cure|p1a: Pecharunt
|-damage|p1a: Pecharunt|62/100
|
|-heal|p2a: Garganacl|96/100|[from] item: Leftovers
|-damage|p1a: Pecharunt|50/100|[from] Salt Cure
|upkeep
|turn|29
|
|t:|1769438960
|move|p1a: Pecharunt|Recover|p1a: Pecharunt
|-heal|p1a: Pecharunt|99/100
|move|p2a: Garganacl|Salt Cure|p1a: Pecharunt
|-damage|p1a: Pecharunt|94/100
|
|-heal|p2a: Garganacl|100/100|[from] item: Leftovers
|-damage|p1a: Pecharunt|81/100|[from] Salt Cure
|upkeep
|turn|30
|
|t:|1769438965
|move|p1a: Pecharunt|Shadow Ball|p2a: Garganacl
|-damage|p2a: Garganacl|92/100
|move|p2a: Garganacl|Salt Cure|p1a: Pecharunt
|-damage|p1a: Pecharunt|74/100
|
|-heal|p2a: Garganacl|99/100|[from] item: Leftovers
|-damage|p1a: Pecharunt|61/100|[from] Salt Cure
|upkeep
|turn|31
|
|t:|1769438972
|move|p1a: Pecharunt|Shadow Ball|p2a: Garganacl
|-damage|p2a: Garganacl|90/100
|move|p2a: Garganacl|Salt Cure|p1a: Pecharunt
|-damage|p1a: Pecharunt|54/100
|
|-heal|p2a: Garganacl|96/100|[from] item: Leftovers
|-damage|p1a: Pecharunt|42/100|[from] Salt Cure
|upkeep
|turn|32
|
|t:|1769438979
|move|p1a: Pecharunt|Recover|p1a: Pecharunt
|-heal|p1a: Pecharunt|92/100
|move|p2a: Garganacl|Salt Cure|p1a: Pecharunt
|-damage|p1a: Pecharunt|85/100
|
|-heal|p2a: Garganacl|100/100|[from] item: Leftovers
|-damage|p1a: Pecharunt|73/100|[from] Salt Cure
|upkeep
|turn|33
|
|t:|1769438983
|move|p1a: Pecharunt|Shadow Ball|p2a: Garganacl
|-crit|p2a: Garganacl
|-damage|p2a: Garganacl|89/100
|move|p2a: Garganacl|Salt Cure|p1a: Pecharunt
|-damage|p1a: Pecharunt|66/100
|
|-heal|p2a: Garganacl|95/100|[from] item: Leftovers
|-damage|p1a: Pecharunt|54/100|[from] Salt Cure
|upkeep
|turn|34
|
|t:|1769438994
|move|p1a: Pecharunt|Shadow Ball|p2a: Garganacl
|-damage|p2a: Garganacl|86/100
|move|p2a: Garganacl|Salt Cure|p1a: Pecharunt
|-damage|p1a: Pecharunt|48/100
|
|-heal|p2a: Garganacl|92/100|[from] item: Leftovers
|-damage|p1a: Pecharunt|35/100|[from] Salt Cure
|upkeep
|turn|35
|
|t:|1769438997
|move|p1a: Pecharunt|Recover|p1a: Pecharunt
|-heal|p1a: Pecharunt|85/100
|move|p2a: Garganacl|Salt Cure|p1a: Pecharunt
|-damage|p1a: Pecharunt|78/100
|
|-heal|p2a: Garganacl|98/100|[from] item: Leftovers
|-damage|p1a: Pecharunt|66/100|[from] Salt Cure
|upkeep
|turn|36
|c|☆barukashi r|Not even 1 spddrop :(
|
|t:|1769439011
|move|p1a: Pecharunt|Shadow Ball|p2a: Garganacl
|-damage|p2a: Garganacl|90/100
|move|p2a: Garganacl|Salt Cure|p1a: Pecharunt
|-damage|p1a: Pecharunt|60/100
|
|-heal|p2a: Garganacl|96/100|[from] item: Leftovers
|-damage|p1a: Pecharunt|47/100|[from] Salt Cure
|upkeep
|turn|37
|
|t:|1769439013
|move|p2a: Garganacl|Protect|p2a: Garganacl
|-singleturn|p2a: Garganacl|Protect
|move|p1a: Pecharunt|Shadow Ball|p2a: Garganacl
|-activate|p2a: Garganacl|move: Protect
|
|-heal|p2a: Garganacl|100/100|[from] item: Leftovers
|-damage|p1a: Pecharunt|35/100|[from] Salt Cure
|upkeep
|turn|38
|
|t:|1769439022
|move|p1a: Pecharunt|Shadow Ball|p2a: Garganacl
|-damage|p2a: Garganacl|92/100
|move|p2a: Garganacl|Salt Cure|p1a: Pecharunt
|-damage|p1a: Pecharunt|28/100
|
|-heal|p2a: Garganacl|99/100|[from] item: Leftovers
|-damage|p1a: Pecharunt|16/100|[from] Salt Cure
|upkeep
|turn|39
|
|t:|1769439028
|move|p2a: Garganacl|Protect|p2a: Garganacl
|-singleturn|p2a: Garganacl|Protect
|move|p1a: Pecharunt|Recover|p1a: Pecharunt
|-heal|p1a: Pecharunt|66/100
|
|-heal|p2a: Garganacl|100/100|[from] item: Leftovers
|-damage|p1a: Pecharunt|54/100|[from] Salt Cure
|upkeep
|turn|40
|
|t:|1769439033
|move|p1a: Pecharunt|Recover|p1a: Pecharunt
|-heal|p1a: Pecharunt|100/100
|move|p2a: Garganacl|Salt Cure|p1a: Pecharunt
|-damage|p1a: Pecharunt|93/100
|
|-damage|p1a: Pecharunt|81/100|[from] Salt Cure
|upkeep
|turn|41
|
|t:|1769439035
|move|p2a: Garganacl|Protect|p2a: Garganacl
|-singleturn|p2a: Garganacl|Protect
|move|p1a: Pecharunt|Shadow Ball|p2a: Garganacl
|-activate|p2a: Garganacl|move: Protect
|
|-damage|p1a: Pecharunt|69/100|[from] Salt Cure
|upkeep
|turn|42
|
|t:|1769439060
|move|p1a: Pecharunt|Malignant Chain|p2a: Garganacl
|-resisted|p2a: Garganacl
|-damage|p2a: Garganacl|90/100
|move|p2a: Garganacl|Salt Cure|p1a: Pecharunt
|-damage|p1a: Pecharunt|62/100
|
|-heal|p2a: Garganacl|97/100|[from] item: Leftovers
|-damage|p1a: Pecharunt|50/100|[from] Salt Cure
|upkeep
|turn|43
|
|t:|1769439065
|move|p1a: Pecharunt|Shadow Ball|p2a: Garganacl
|-damage|p2a: Garganacl|89/100
|move|p2a: Garganacl|Stealth Rock||[still]
|-fail|p2a: Garganacl
|
|-heal|p2a: Garganacl|95/100|[from] item: Leftovers
|-damage|p1a: Pecharunt|37/100|[from] Salt Cure
|upkeep
|turn|44
|-message|barukashi r forfeited.
|
|win|YaBoiDon
|raw|barukashi r's rating: 1346 &rarr; <strong>1327</strong><br />(-19 for losing)
|raw|YaBoiDon's rating: 1363 &rarr; <strong>1382</strong><br />(+19 for winning)
|l|☆barukashi r
|player|p1|
|l|☆YaBoiDon
|player|p2|
