|j|☆Jonpollonmorcillon
|j|☆Zyneso
|t:|1769348794
|gametype|singles
|player|p1|Jonpollonmorcillon|harlequin|1192
|player|p2|Zyneso|roxie|1163
|gen|9
|tier|[Gen 9] OU
|rated|
|rule|HP Percentage Mod: HP is shown in percentages
|rule|Endless Battle Clause: Forcing endless battles is banned
|rule|Species Clause: Limit one of each Pokémon
|rule|OHKO Clause: OHKO moves are banned
|rule|Evasion Items Clause: Evasion items are banned
|rule|Evasion Moves Clause: Evasion moves are banned
|rule|Evasion Abilities Clause: Evasion abilities are banned
|rule|Sleep Moves Clause: Sleep-inducing moves are banned
|clearpoke
|poke|p1|Bronzong|
|poke|p1|Ursaluna, M|
|poke|p1|Volcanion|
|poke|p1|Hatterene, F|
|poke|p1|Porygon2|
|poke|p1|Breloom, M|
|poke|p2|Torkoal, M|
|poke|p2|Walking Wake|
|poke|p2|Raging Bolt|
|poke|p2|Venusaur, M|
|poke|p2|Great Tusk|
|poke|p2|Kingambit, M|
|teampreview
|
|t:|1769348825
|teamsize|p1|6
|teamsize|p2|6
|start
|switch|p1a: Porygon2|Porygon2|100/100
|switch|p2a: Torkoal|Torkoal, M|100/100
|-ability|p1a: Porygon2|Download|boost
|-boost|p1a: Porygon2|spa|1
|-weather|SunnyDay|[from] ability: Drought|[of] p2a: Torkoal
|turn|1
|
|t:|1769348833
|move|p2a: Torkoal|Body Press|p1a: Porygon2
|-supereffective|p1a: Porygon2
|-damage|p1a: Porygon2|61/100
|move|p1a: Porygon2|Trick Room|p1a: Porygon2
|-fieldstart|move: Trick Room|[of] p1a: Porygon2
|
|-weather|SunnyDay|[upkeep]
|upkeep
|turn|2
|
|t:|1769348848
|switch|p1a: Hatterene|Hatterene, F|100/100
|move|p2a: Torkoal|Body Press|p1a: Hatterene
|-resisted|p1a: Hatterene
|-damage|p1a: Hatterene|95/100
|
|-weather|SunnyDay|[upkeep]
|-heal|p1a: Hatterene|100/100|[from] item: Leftovers
|upkeep
|turn|3
|
|t:|1769348871
|move|p1a: Hatterene|Psychic|p2a: Torkoal
|-damage|p2a: Torkoal|46/100
|move|p2a: Torkoal|Lava Plume|p1a: Hatterene
|-damage|p1a: Hatterene|62/100
|
|-weather|SunnyDay|[upkeep]
|-heal|p1a: Hatterene|68/100|[from] item: Leftovers
|upkeep
|turn|4
|
|t:|1769348896
|switch|p2a: Kingambit|Kingambit, M|100/100
|move|p1a: Hatterene|Calm Mind|p1a: Hatterene
|-boost|p1a: Hatterene|spa|1
|-boost|p1a: Hatterene|spd|1
|
|-weather|SunnyDay|[upkeep]
|-heal|p1a: Hatterene|74/100|[from] item: Leftovers
|upkeep
|turn|5
|
|t:|1769348910
|move|p1a: Hatterene|Draining Kiss|p2a: Kingambit
|-damage|p2a: Kingambit|64/100
|-heal|p1a: Hatterene|100/100|[from] drain|[of] p2a: Kingambit
|move|p2a: Kingambit|Iron Head|p1a: Hatterene
|-supereffective|p1a: Hatterene
|-damage|p1a: Hatterene|36/100
|
|-weather|SunnyDay|[upkeep]
|-heal|p1a: Hatterene|42/100|[from] item: Leftovers
|-fieldend|move: Trick Room
|upkeep
|turn|6
|
|t:|1769348922
|switch|p1a: Bronzong|Bronzong|100/100
|move|p2a: Kingambit|Iron Head|p1a: Bronzong
|-resisted|p1a: Bronzong
|-damage|p1a: Bronzong|82/100
|
|-weather|SunnyDay|[upkeep]
|-heal|p1a: Bronzong|88/100|[from] item: Leftovers
|upkeep
|turn|7
|
|t:|1769348931
|move|p2a: Kingambit|Swords Dance|p2a: Kingambit
|-boost|p2a: Kingambit|atk|2
|move|p1a: Bronzong|Trick Room|p1a: Bronzong
|-fieldstart|move: Trick Room|[of] p1a: Bronzong
|
|-weather|SunnyDay|[upkeep]
|-heal|p1a: Bronzong|94/100|[from] item: Leftovers
|upkeep
|turn|8
|
|t:|1769348942
|move|p1a: Bronzong|Stealth Rock|p2a: Kingambit
|-sidestart|p2: Zyneso|move: Stealth Rock
|move|p2a: Kingambit|Kowtow Cleave|p1a: Bronzong
|-supereffective|p1a: Bronzong
|-damage|p1a: Bronzong|0 fnt
|faint|p1a: Bronzong
|
|-weather|none
|upkeep
|
|t:|1769348952
|switch|p1a: Breloom|Breloom, M|100/100
|turn|9
|
|t:|1769348957
|move|p2a: Kingambit|Sucker Punch|p1a: Breloom
|-resisted|p1a: Breloom
|-damage|p1a: Breloom|40/100
|move|p1a: Breloom|Close Combat|p2a: Kingambit
|-supereffective|p2a: Kingambit
|-damage|p2a: Kingambit|0 fnt
|-unboost|p1a: Breloom|def|1
|-unboost|p1a: Breloom|spd|1
|faint|p2a: Kingambit
|-end|p2a: Kingambit|fallenundefined|[silent]
|
|-status|p1a: Breloom|tox|[from] item: Toxic Orb
|upkeep
|
|t:|1769348967
|switch|p2a: Torkoal|Torkoal, M|46/100
|-damage|p2a: Torkoal|21/100|[from] Stealth Rock
|-weather|SunnyDay|[from] ability: Drought|[of] p2a: Torkoal
|turn|10
|
|t:|1769348993
|switch|p1a: Hatterene|Hatterene, F|42/100
|move|p2a: Torkoal|Lava Plume|p1a: Hatterene
|-damage|p1a: Hatterene|2/100
|
|-weather|SunnyDay|[upkeep]
|-heal|p1a: Hatterene|8/100|[from] item: Leftovers
|upkeep
|turn|11
|
|t:|1769349006
|move|p1a: Hatterene|Draining Kiss|p2a: Torkoal
|-resisted|p2a: Torkoal
|-damage|p2a: Torkoal|7/100
|-heal|p1a: Hatterene|20/100|[from] drain|[of] p2a: Torkoal
|move|p2a: Torkoal|Rapid Spin|p1a: Hatterene
|-damage|p1a: Hatterene|14/100
|-boost|p2a: Torkoal|spe|1
|-sideend|p2: Zyneso|Stealth Rock|[from] move: Rapid Spin|[of] p2a: Torkoal
|
|-weather|SunnyDay|[upkeep]
|-heal|p1a: Hatterene|20/100|[from] item: Leftovers
|-fieldend|move: Trick Room
|upkeep
|turn|12
|
|t:|1769349055
|move|p2a: Torkoal|Lava Plume|p1a: Hatterene
|-damage|p1a: Hatterene|0 fnt
|faint|p1a: Hatterene
|
|-weather|SunnyDay|[upkeep]
|upkeep
|inactive|Battle timer is ON: inactive players will automatically lose when time's up. (requested by Zyneso)
|
|t:|1769349061
|switch|p1a: Porygon2|Porygon2|61/100
|-ability|p1a: Porygon2|Download|boost
|-boost|p1a: Porygon2|spa|1
|turn|13
|
|t:|1769349073
|switch|p2a: Venusaur|Venusaur, M|100/100
|move|p1a: Porygon2|Trick Room|p1a: Porygon2
|-fieldstart|move: Trick Room|[of] p1a: Porygon2
|
|-weather|SunnyDay|[upkeep]
|upkeep
|turn|14
|
|t:|1769349092
|move|p1a: Porygon2|Recover|p1a: Porygon2
|-heal|p1a: Porygon2|100/100
|move|p2a: Venusaur|Growth|p2a: Venusaur
|-boost|p2a: Venusaur|atk|2
|-boost|p2a: Venusaur|spa|2
|
|-weather|SunnyDay|[upkeep]
|upkeep
|turn|15
|
|t:|1769349106
|move|p1a: Porygon2|Ice Beam|p2a: Venusaur
|-supereffective|p2a: Venusaur
|-damage|p2a: Venusaur|4/100
|move|p2a: Venusaur|Growth|p2a: Venusaur
|-boost|p2a: Venusaur|atk|2
|-boost|p2a: Venusaur|spa|2
|
|-weather|SunnyDay|[upkeep]
|upkeep
|turn|16
|
|t:|1769349127
|switch|p2a: Walking Wake|Walking Wake|100/100
|-activate|p2a: Walking Wake|ability: Protosynthesis
|-start|p2a: Walking Wake|protosynthesisspe
|move|p1a: Porygon2|Ice Beam|p2a: Walking Wake
|-damage|p2a: Walking Wake|51/100
|
|-weather|SunnyDay|[upkeep]
|upkeep
|turn|17
|
|t:|1769349139
|-terastallize|p2a: Walking Wake|Water
|move|p1a: Porygon2|Tri Attack|p2a: Walking Wake
|-damage|p2a: Walking Wake|0 fnt
|faint|p2a: Walking Wake
|-end|p2a: Walking Wake|Protosynthesis|[silent]
|
|-weather|none
|-fieldend|move: Trick Room
|upkeep
|
|t:|1769349145
|switch|p2a: Torkoal|Torkoal, M|7/100
|-weather|SunnyDay|[from] ability: Drought|[of] p2a: Torkoal
|turn|18
|-message|Zyneso forfeited.
|
|win|Jonpollonmorcillon
|raw|Jonpollonmorcillon's rating: 1192 &rarr; <strong>1215</strong><br />(+23 for winning)
|raw|Zyneso's rating: 1163 &rarr; <strong>1140</strong><br />(-23 for losing)
|l|☆Zyneso
|player|p2|
