|j|☆randomman1407
|j|☆mageofthesouth2
|t:|1769404485
|gametype|singles
|player|p1|randomman1407|hiker-gen4|1066
|player|p2|mageofthesouth2|hilda|1073
|gen|9
|tier|[Gen 9] OU
|rated|
|rule|HP Percentage Mod: HP is shown in percentages
|rule|Endless Battle Clause: Forcing endless battles is banned
|rule|Species Clause: Limit one of each Pokémon
|rule|OHKO Clause: OHKO moves are banned
|rule|Evasion Items Clause: Evasion items are banned
|rule|Evasion Moves Clause: Evasion moves are banned
|rule|Evasion Abilities Clause: Evasion abilities are banned
|rule|Sleep Moves Clause: Sleep-inducing moves are banned
|clearpoke
|poke|p1|Slowking-Galar, F|
|poke|p1|Kyurem|
|poke|p1|Great Tusk|
|poke|p1|Dragapult, M|
|poke|p1|Heatran, F|
|poke|p1|Alomomola, F|
|poke|p2|Kyurem|
|poke|p2|Mimikyu, M|
|poke|p2|Blaziken, F|
|poke|p2|Zapdos|
|poke|p2|Vaporeon, M|
|poke|p2|Weezing-Galar, F|
|teampreview
|inactive|Battle timer is ON: inactive players will automatically lose when time's up. (requested by randomman1407)
|j| Gentlemen Fabian
|
|t:|1769404500
|teamsize|p1|6
|teamsize|p2|6
|start
|switch|p1a: Heatran|Heatran, F|100/100
|switch|p2a: Kyurem|Kyurem|100/100
|-ability|p2a: Kyurem|Pressure
|turn|1
|
|t:|1769404516
|move|p2a: Kyurem|Draco Meteor|p1a: Heatran
|-resisted|p1a: Heatran
|-damage|p1a: Heatran|83/100
|-unboost|p2a: Kyurem|spa|2
|move|p1a: Heatran|Stealth Rock|p2a: Kyurem
|-sidestart|p2: mageofthesouth2|move: Stealth Rock
|
|-heal|p1a: Heatran|89/100|[from] item: Leftovers
|upkeep
|turn|2
|
|t:|1769404526
|switch|p2a: Zapdos|Zapdos|100/100
|-damage|p2a: Zapdos|76/100|[from] Stealth Rock
|move|p1a: Heatran|Magma Storm|p2a: Zapdos
|-damage|p2a: Zapdos|29/100
|-activate|p2a: Zapdos|move: Magma Storm|[of] p1a: Heatran
|
|-heal|p2a: Zapdos|35/100|[from] item: Leftovers
|-heal|p1a: Heatran|95/100|[from] item: Leftovers
|-damage|p2a: Zapdos|23/100|[from] move: Magma Storm|[partiallytrapped]
|upkeep
|turn|3
|
|t:|1769404544
|switch|p1a: Great Tusk|Great Tusk|100/100
|move|p2a: Zapdos|Rain Dance|p2a: Zapdos
|-weather|RainDance
|
|-weather|RainDance|[upkeep]
|-heal|p2a: Zapdos|29/100|[from] item: Leftovers
|-end|p2a: Zapdos|Magma Storm|[partiallytrapped]|[silent]
|upkeep
|turn|4
|
|t:|1769404555
|move|p1a: Great Tusk|Ice Spinner|p2a: Zapdos
|-supereffective|p2a: Zapdos
|-damage|p2a: Zapdos|0 fnt
|-status|p1a: Great Tusk|par|[from] ability: Static|[of] p2a: Zapdos
|faint|p2a: Zapdos
|
|-weather|RainDance|[upkeep]
|upkeep
|
|t:|1769404562
|switch|p2a: Vaporeon|Vaporeon, M, shiny|100/100
|-damage|p2a: Vaporeon|88/100|[from] Stealth Rock
|turn|5
|
|t:|1769404570
|-end|p1a: Great Tusk|Protosynthesis|[silent]
|switch|p1a: Slowking|Slowking-Galar, F|100/100
|move|p2a: Vaporeon|Weather Ball|p1a: Slowking
|-damage|p1a: Slowking|53/100
|
|-weather|RainDance|[upkeep]
|upkeep
|turn|6
|
|t:|1769404580
|move|p2a: Vaporeon|Weather Ball|p1a: Slowking
|-crit|p1a: Slowking
|-damage|p1a: Slowking|0 fnt
|faint|p1a: Slowking
|
|-weather|RainDance|[upkeep]
|upkeep
|
|t:|1769404591
|switch|p1a: Kyurem|Kyurem|100/100
|-ability|p1a: Kyurem|Pressure
|turn|7
|
|t:|1769404598
|move|p1a: Kyurem|Freeze-Dry|p2a: Vaporeon
|-supereffective|p2a: Vaporeon
|-damage|p2a: Vaporeon|4/100
|move|p2a: Vaporeon|Weather Ball|p1a: Kyurem
|-resisted|p1a: Kyurem
|-damage|p1a: Kyurem|62/100
|
|-weather|none
|upkeep
|turn|8
|
|t:|1769404614
|switch|p2a: Blaziken|Blaziken, F, shiny|100/100
|-damage|p2a: Blaziken|88/100|[from] Stealth Rock
|move|p1a: Kyurem|Freeze-Dry|p2a: Blaziken
|-resisted|p2a: Blaziken
|-damage|p2a: Blaziken|46/100
|
|upkeep
|turn|9
|
|t:|1769404624
|switch|p1a: Alomomola|Alomomola, F|100/100
|move|p2a: Blaziken|Flare Blitz|p1a: Alomomola
|-resisted|p1a: Alomomola
|-damage|p1a: Alomomola|78/100
|-damage|p2a: Blaziken|35/100|[from] Recoil
|
|-ability|p2a: Blaziken|Speed Boost|boost
|-boost|p2a: Blaziken|spe|1
|upkeep
|turn|10
|
|t:|1769404639
|switch|p2a: Kyurem|Kyurem|100/100
|-damage|p2a: Kyurem|76/100|[from] Stealth Rock
|-ability|p2a: Kyurem|Pressure
|move|p1a: Alomomola|Flip Turn|p2a: Kyurem
|-resisted|p2a: Kyurem
|-damage|p2a: Kyurem|68/100
|
|t:|1769404648
|switch|p1a: Dragapult|Dragapult, M|100/100|[from] Flip Turn
|
|upkeep
|turn|11
|
|t:|1769404654
|move|p1a: Dragapult|Dragon Darts|p2a: Kyurem
|-supereffective|p2a: Kyurem
|-damage|p2a: Kyurem|0 fnt
|faint|p2a: Kyurem
|
|upkeep
|
|t:|1769404659
|switch|p2a: Mimikyu|Mimikyu, M, shiny|100/100
|-damage|p2a: Mimikyu|88/100|[from] Stealth Rock
|turn|12
|
|t:|1769404666
|switch|p1a: Heatran|Heatran, F|95/100
|move|p2a: Mimikyu|Shadow Claw|p1a: Heatran
|-crit|p1a: Heatran
|-damage|p1a: Heatran|55/100
|
|-heal|p1a: Heatran|62/100|[from] item: Leftovers
|upkeep
|turn|13
|
|t:|1769404677
|move|p2a: Mimikyu|Shadow Claw|p1a: Heatran
|-damage|p1a: Heatran|35/100
|move|p1a: Heatran|Taunt|p2a: Mimikyu
|-start|p2a: Mimikyu|move: Taunt
|
|-heal|p1a: Heatran|41/100|[from] item: Leftovers
|upkeep
|turn|14
|
|t:|1769404687
|move|p2a: Mimikyu|Play Rough|p1a: Heatran
|-resisted|p1a: Heatran
|-damage|p1a: Heatran|33/100
|-unboost|p1a: Heatran|atk|1
|move|p1a: Heatran|Magma Storm|p2a: Mimikyu
|-activate|p2a: Mimikyu|ability: Disguise
|-damage|p2a: Mimikyu|88/100
|-activate|p2a: Mimikyu|move: Magma Storm|[of] p1a: Heatran
|detailschange|p2a: Mimikyu|Mimikyu-Busted, M, shiny
|-damage|p2a: Mimikyu|76/100|[from] pokemon: Mimikyu-Busted
|
|-heal|p1a: Heatran|40/100|[from] item: Leftovers
|-damage|p2a: Mimikyu|63/100|[from] move: Magma Storm|[partiallytrapped]
|upkeep
|turn|15
|
|t:|1769404695
|move|p2a: Mimikyu|Shadow Claw|p1a: Heatran
|-damage|p1a: Heatran|12/100
|move|p1a: Heatran|Magma Storm|p2a: Mimikyu
|-damage|p2a: Mimikyu|8/100
|
|-heal|p1a: Heatran|19/100|[from] item: Leftovers
|-damage|p2a: Mimikyu|0 fnt|[from] move: Magma Storm|[partiallytrapped]
|faint|p2a: Mimikyu
|upkeep
|
|t:|1769404706
|switch|p2a: Vaporeon|Vaporeon, M, shiny|4/100
|-damage|p2a: Vaporeon|0 fnt|[from] Stealth Rock
|faint|p2a: Vaporeon
|
|t:|1769404711
|switch|p2a: Blaziken|Blaziken, F, shiny|35/100
|-damage|p2a: Blaziken|22/100|[from] Stealth Rock
|turn|16
|
|t:|1769404718
|move|p2a: Blaziken|Blaze Kick|p1a: Heatran
|-start|p1a: Heatran|ability: Flash Fire
|move|p1a: Heatran|Earth Power|p2a: Blaziken
|-supereffective|p2a: Blaziken
|-damage|p2a: Blaziken|0 fnt
|faint|p2a: Blaziken
|
|-heal|p1a: Heatran|25/100|[from] item: Leftovers
|upkeep
|
|t:|1769404728
|switch|p2a: Weezing|Weezing-Galar, F|100/100
|-ability|p2a: Weezing|Neutralizing Gas
|-damage|p2a: Weezing|88/100|[from] Stealth Rock
|turn|17
|
|t:|1769404737
|move|p1a: Heatran|Earth Power|p2a: Weezing
|-supereffective|p2a: Weezing
|-damage|p2a: Weezing|36/100
|move|p2a: Weezing|Sludge Bomb|p1a: Heatran
|-immune|p1a: Heatran
|
|-heal|p1a: Heatran|31/100|[from] item: Leftovers
|-heal|p2a: Weezing|42/100|[from] item: Black Sludge
|upkeep
|turn|18
|
|t:|1769404746
|move|p1a: Heatran|Earth Power|p2a: Weezing
|-supereffective|p2a: Weezing
|-damage|p2a: Weezing|0 fnt
|faint|p2a: Weezing
|-end|p2a: Weezing|ability: Neutralizing Gas
|
|win|randomman1407
|raw|randomman1407's rating: 1066 &rarr; <strong>1097</strong><br />(+31 for winning)
|raw|mageofthesouth2's rating: 1073 &rarr; <strong>1052</strong><br />(-21 for losing)
|l|☆randomman1407
|player|p1|
|l|☆mageofthesouth2
|player|p2|
