|j|☆Spud Webbs
|j|☆CambridgeFoulPlay
|t:|1769373253
|gametype|singles
|player|p1|Spud Webbs|101|1587
|player|p2|CambridgeFoulPlay|266|1726
|gen|9
|tier|[Gen 9] OU
|rated|
|rule|HP Percentage Mod: HP is shown in percentages
|rule|Endless Battle Clause: Forcing endless battles is banned
|rule|Species Clause: Limit one of each Pokémon
|rule|OHKO Clause: OHKO moves are banned
|rule|Evasion Items Clause: Evasion items are banned
|rule|Evasion Moves Clause: Evasion moves are banned
|rule|Evasion Abilities Clause: Evasion abilities are banned
|rule|Sleep Moves Clause: Sleep-inducing moves are banned
|clearpoke
|poke|p1|Glimmora, M|
|poke|p1|Iron Moth|
|poke|p1|Iron Valiant|
|poke|p1|Dragapult, M|
|poke|p1|Ogerpon-Cornerstone, F|
|poke|p1|Gholdengo|
|poke|p2|Hydrapple, M|
|poke|p2|Tyranitar, F|
|poke|p2|Moltres|
|poke|p2|Zamazenta-*|
|poke|p2|Slowking-Galar, M|
|poke|p2|Excadrill, F|
|teampreview
|c|☆CambridgeFoulPlay|hf
|inactive|Battle timer is ON: inactive players will automatically lose when time's up. (requested by CambridgeFoulPlay)
|
|t:|1769373262
|teamsize|p1|6
|teamsize|p2|6
|start
|switch|p1a: OGER|Ogerpon-Cornerstone, F|100/100
|switch|p2a: Slowking|Slowking-Galar, M|100/100
|turn|1
|
|t:|1769373265
|move|p1a: OGER|Swords Dance|p1a: OGER
|-boost|p1a: OGER|atk|2
|move|p2a: Slowking|Ice Beam|p1a: OGER
|-supereffective|p1a: OGER
|-damage|p1a: OGER|47/100
|
|upkeep
|turn|2
|
|t:|1769373269
|switch|p2a: Zamazenta|Zamazenta|100/100
|-ability|p2a: Zamazenta|Dauntless Shield|boost
|-boost|p2a: Zamazenta|def|1
|move|p1a: OGER|Ivy Cudgel|p2a: Zamazenta|[anim] Ivy Cudgel Rock
|-resisted|p2a: Zamazenta
|-damage|p2a: Zamazenta|70/100
|
|-heal|p2a: Zamazenta|76/100|[from] item: Leftovers
|upkeep
|turn|3
|
|t:|1769373277
|switch|p1a: Pile O' Vomit|Glimmora, M|100/100
|move|p2a: Zamazenta|Body Press|p1a: Pile O' Vomit
|-damage|p1a: Pile O' Vomit|39/100
|-activate|p1a: Pile O' Vomit|ability: Toxic Debris
|-sidestart|p2: CambridgeFoulPlay|move: Toxic Spikes
|-enditem|p1a: Pile O' Vomit|Red Card|[of] p2a: Zamazenta
|drag|p2a: Excadrill|Excadrill, F|100/100
|-item|p2a: Excadrill|Air Balloon
|
|upkeep
|turn|4
|
|t:|1769373280
|switch|p1a: Dragapult|Dragapult, M|100/100
|move|p2a: Excadrill|Iron Head|p1a: Dragapult
|-damage|p1a: Dragapult|41/100
|-enditem|p1a: Dragapult|Red Card|[of] p2a: Excadrill
|drag|p2a: Moltres|Moltres|100/100
|
|upkeep
|turn|5
|
|t:|1769373284
|switch|p2a: Slowking|Slowking-Galar, M|100/100
|-sideend|p2: CambridgeFoulPlay|move: Toxic Spikes|[of] p2a: Slowking
|move|p1a: Dragapult|Thief|p2a: Slowking
|-supereffective|p2a: Slowking
|-damage|p2a: Slowking|67/100
|-enditem|p2a: Slowking|Assault Vest|[silent]|[from] move: Thief|[of] p1a: Dragapult
|-item|p1a: Dragapult|Assault Vest|[from] move: Thief|[of] p2a: Slowking
|
|upkeep
|turn|6
|
|t:|1769373288
|switch|p2a: Moltres|Moltres|100/100
|move|p1a: Dragapult|Dragon Darts|p2a: Moltres
|-crit|p2a: Moltres
|-damage|p2a: Moltres|74/100
|-anim|p1a: Dragapult|Dragon Darts|p2a: Moltres
|-damage|p2a: Moltres|56/100
|
|upkeep
|turn|7
|
|t:|1769373291
|move|p1a: Dragapult|Dragon Darts|p2a: Moltres
|-damage|p2a: Moltres|37/100
|-anim|p1a: Dragapult|Dragon Darts|p2a: Moltres
|-damage|p2a: Moltres|18/100
|move|p2a: Moltres|Roost|p2a: Moltres
|-heal|p2a: Moltres|68/100
|-singleturn|p2a: Moltres|move: Roost
|
|upkeep
|turn|8
|
|t:|1769373294
|move|p1a: Dragapult|Dragon Darts|p2a: Moltres
|-damage|p2a: Moltres|50/100
|-anim|p1a: Dragapult|Dragon Darts|p2a: Moltres
|-damage|p2a: Moltres|32/100
|move|p2a: Moltres|Roost|p2a: Moltres
|-heal|p2a: Moltres|82/100
|-singleturn|p2a: Moltres|move: Roost
|
|upkeep
|turn|9
|
|t:|1769373298
|switch|p1a: Pile O' Vomit|Glimmora, M|39/100
|move|p2a: Moltres|Roost|p2a: Moltres
|-heal|p2a: Moltres|100/100
|-singleturn|p2a: Moltres|move: Roost
|
|upkeep
|turn|10
|
|t:|1769373300
|switch|p2a: Excadrill|Excadrill, F|100/100
|-item|p2a: Excadrill|Air Balloon
|move|p1a: Pile O' Vomit|Stealth Rock|p2a: Excadrill
|-sidestart|p2: CambridgeFoulPlay|move: Stealth Rock
|
|upkeep
|turn|11
|
|t:|1769373305
|move|p2a: Excadrill|Earthquake|p1a: Pile O' Vomit
|-supereffective|p1a: Pile O' Vomit
|-damage|p1a: Pile O' Vomit|0 fnt
|-activate|p1a: Pile O' Vomit|ability: Toxic Debris
|-sidestart|p2: CambridgeFoulPlay|move: Toxic Spikes
|faint|p1a: Pile O' Vomit
|
|upkeep
|
|t:|1769373309
|switch|p1a: Dragapult|Dragapult, M|41/100
|turn|12
|
|t:|1769373312
|move|p1a: Dragapult|Dragon Darts|p2a: Excadrill
|-resisted|p2a: Excadrill
|-damage|p2a: Excadrill|81/100
|-enditem|p2a: Excadrill|Air Balloon
|-anim|p1a: Dragapult|Dragon Darts|p2a: Excadrill
|-resisted|p2a: Excadrill
|-damage|p2a: Excadrill|63/100
|move|p2a: Excadrill|Earthquake|p1a: Dragapult
|-damage|p1a: Dragapult|0 fnt
|faint|p1a: Dragapult
|
|upkeep
|
|t:|1769373315
|switch|p1a: OGER|Ogerpon-Cornerstone, F|47/100
|turn|13
|
|t:|1769373318
|switch|p2a: Slowking|Slowking-Galar, M|99/100
|-damage|p2a: Slowking|88/100|[from] Stealth Rock
|-sideend|p2: CambridgeFoulPlay|move: Toxic Spikes|[of] p2a: Slowking
|move|p1a: OGER|Power Whip|p2a: Slowking
|-resisted|p2a: Slowking
|-damage|p2a: Slowking|60/100
|
|upkeep
|turn|14
|
|t:|1769373324
|switch|p2a: Zamazenta|Zamazenta|76/100
|-damage|p2a: Zamazenta|70/100|[from] Stealth Rock
|move|p1a: OGER|Swords Dance|p1a: OGER
|-boost|p1a: OGER|atk|2
|
|-heal|p2a: Zamazenta|76/100|[from] item: Leftovers
|upkeep
|turn|15
|
|t:|1769373326
|switch|p1a: what is love?|Gholdengo|100/100
|move|p2a: Zamazenta|Body Press|p1a: what is love?
|-immune|p1a: what is love?
|
|-heal|p2a: Zamazenta|82/100|[from] item: Leftovers
|upkeep
|turn|16
|
|t:|1769373332
|switch|p1a: Mr Bones|Iron Valiant|100/100
|-enditem|p1a: Mr Bones|Booster Energy
|-activate|p1a: Mr Bones|ability: Quark Drive|[fromitem]
|-start|p1a: Mr Bones|quarkdriveatk
|move|p2a: Zamazenta|Crunch|p1a: Mr Bones
|-resisted|p1a: Mr Bones
|-damage|p1a: Mr Bones|93/100
|
|-heal|p2a: Zamazenta|88/100|[from] item: Leftovers
|upkeep
|turn|17
|
|t:|1769373336
|switch|p2a: Moltres|Moltres|100/100
|move|p1a: Mr Bones|Swords Dance|p1a: Mr Bones
|-boost|p1a: Mr Bones|atk|2
|
|upkeep
|turn|18
|
|t:|1769373340
|move|p1a: Mr Bones|Swords Dance|p1a: Mr Bones
|-boost|p1a: Mr Bones|atk|2
|move|p2a: Moltres|Flamethrower|p1a: Mr Bones
|-damage|p1a: Mr Bones|22/100
|
|upkeep
|turn|19
|
|t:|1769373343
|move|p1a: Mr Bones|Knock Off|p2a: Moltres
|-damage|p2a: Moltres|0 fnt
|-status|p1a: Mr Bones|brn|[from] ability: Flame Body|[of] p2a: Moltres
|-enditem|p2a: Moltres|Heavy-Duty Boots|[from] move: Knock Off|[of] p1a: Mr Bones
|faint|p2a: Moltres
|
|-damage|p1a: Mr Bones|16/100 brn|[from] brn
|upkeep
|
|t:|1769373346
|switch|p2a: Zamazenta|Zamazenta|88/100
|-damage|p2a: Zamazenta|82/100|[from] Stealth Rock
|turn|20
|
|t:|1769373349
|-end|p1a: Mr Bones|Quark Drive|[silent]
|switch|p1a: what is love?|Gholdengo|100/100
|move|p2a: Zamazenta|Body Press|p1a: what is love?
|-immune|p1a: what is love?
|
|-heal|p2a: Zamazenta|88/100|[from] item: Leftovers
|upkeep
|turn|21
|
|t:|1769373351
|move|p2a: Zamazenta|Crunch|p1a: what is love?
|-supereffective|p1a: what is love?
|-damage|p1a: what is love?|66/100
|move|p1a: what is love?|Nasty Plot|p1a: what is love?
|-boost|p1a: what is love?|spa|2
|
|-heal|p2a: Zamazenta|94/100|[from] item: Leftovers
|upkeep
|turn|22
|
|t:|1769373354
|move|p2a: Zamazenta|Crunch|p1a: what is love?
|-supereffective|p1a: what is love?
|-damage|p1a: what is love?|34/100
|move|p1a: what is love?|Recover|p1a: what is love?
|-heal|p1a: what is love?|84/100
|
|-heal|p2a: Zamazenta|100/100|[from] item: Leftovers
|upkeep
|turn|23
|
|t:|1769373357
|switch|p2a: Tyranitar|Tyranitar, F|100/100
|-damage|p2a: Tyranitar|88/100|[from] Stealth Rock
|-weather|Sandstorm|[from] ability: Sand Stream|[of] p2a: Tyranitar
|move|p1a: what is love?|Nasty Plot|p1a: what is love?
|-boost|p1a: what is love?|spa|2
|
|-weather|Sandstorm|[upkeep]
|upkeep
|turn|24
|
|t:|1769373364
|-terastallize|p1a: what is love?|Fairy
|move|p1a: what is love?|Dazzling Gleam|p2a: Tyranitar
|-supereffective|p2a: Tyranitar
|-damage|p2a: Tyranitar|0 fnt
|faint|p2a: Tyranitar
|
|-weather|Sandstorm|[upkeep]
|-damage|p1a: what is love?|78/100|[from] Sandstorm
|upkeep
|
|t:|1769373365
|switch|p2a: Excadrill|Excadrill, F|63/100
|-damage|p2a: Excadrill|60/100|[from] Stealth Rock
|turn|25
|
|t:|1769373370
|move|p2a: Excadrill|Iron Head|p1a: what is love?
|-supereffective|p1a: what is love?
|-damage|p1a: what is love?|14/100
|move|p1a: what is love?|Shadow Ball|p2a: Excadrill
|-damage|p2a: Excadrill|0 fnt
|faint|p2a: Excadrill
|
|-weather|Sandstorm|[upkeep]
|-damage|p1a: what is love?|8/100|[from] Sandstorm
|upkeep
|
|t:|1769373371
|switch|p2a: Zamazenta|Zamazenta|100/100
|-damage|p2a: Zamazenta|94/100|[from] Stealth Rock
|turn|26
|
|t:|1769373375
|switch|p1a: Mr Bones|Iron Valiant|16/100 brn
|move|p2a: Zamazenta|Body Press|p1a: Mr Bones
|-resisted|p1a: Mr Bones
|-damage|p1a: Mr Bones|0 fnt
|faint|p1a: Mr Bones
|-end|p1a: Mr Bones|Quark Drive|[silent]
|
|-weather|Sandstorm|[upkeep]
|-damage|p2a: Zamazenta|88/100|[from] Sandstorm
|-heal|p2a: Zamazenta|94/100|[from] item: Leftovers
|upkeep
|
|t:|1769373382
|switch|p1a: Turkdcken|Iron Moth|100/100
|-enditem|p1a: Turkdcken|Booster Energy
|-activate|p1a: Turkdcken|ability: Quark Drive|[fromitem]
|-start|p1a: Turkdcken|quarkdrivespe
|turn|27
|
|t:|1769373385
|move|p1a: Turkdcken|Fiery Dance|p2a: Zamazenta
|-damage|p2a: Zamazenta|57/100
|-boost|p1a: Turkdcken|spa|1
|move|p2a: Zamazenta|Roar|p1a: Turkdcken
|-end|p1a: Turkdcken|Quark Drive|[silent]
|drag|p1a: what is love?|Gholdengo, tera:Fairy|8/100
|
|-weather|Sandstorm|[upkeep]
|-damage|p2a: Zamazenta|51/100|[from] Sandstorm
|-damage|p1a: what is love?|2/100|[from] Sandstorm
|-heal|p2a: Zamazenta|57/100|[from] item: Leftovers
|upkeep
|turn|28
|
|t:|1769373390
|switch|p1a: OGER|Ogerpon-Cornerstone, F|47/100
|move|p2a: Zamazenta|Crunch|p1a: OGER
|-damage|p1a: OGER|18/100
|-unboost|p1a: OGER|def|1
|
|-weather|Sandstorm|[upkeep]
|-damage|p2a: Zamazenta|51/100|[from] Sandstorm
|-heal|p2a: Zamazenta|57/100|[from] item: Leftovers
|upkeep
|turn|29
|
|t:|1769373397
|move|p2a: Zamazenta|Iron Defense|p2a: Zamazenta
|-boost|p2a: Zamazenta|def|2
|move|p1a: OGER|Power Whip|p2a: Zamazenta
|-damage|p2a: Zamazenta|31/100
|
|-weather|Sandstorm|[upkeep]
|-damage|p2a: Zamazenta|25/100|[from] Sandstorm
|-heal|p2a: Zamazenta|31/100|[from] item: Leftovers
|upkeep
|turn|30
|
|t:|1769373399
|move|p2a: Zamazenta|Body Press|p1a: OGER
|-supereffective|p1a: OGER
|-damage|p1a: OGER|0 fnt
|faint|p1a: OGER
|
|-weather|none
|-heal|p2a: Zamazenta|37/100|[from] item: Leftovers
|upkeep
|
|t:|1769373400
|switch|p1a: what is love?|Gholdengo, tera:Fairy|2/100
|turn|31
|
|t:|1769373410
|move|p2a: Zamazenta|Body Press|p1a: what is love?
|-resisted|p1a: what is love?
|-damage|p1a: what is love?|0 fnt
|faint|p1a: what is love?
|
|-heal|p2a: Zamazenta|44/100|[from] item: Leftovers
|upkeep
|
|t:|1769373412
|switch|p1a: Turkdcken|Iron Moth|100/100
|turn|32
|
|t:|1769373414
|-terastallize|p2a: Zamazenta|Fire
|move|p2a: Zamazenta|Body Press|p1a: Turkdcken
|-resisted|p1a: Turkdcken
|-damage|p1a: Turkdcken|46/100
|move|p1a: Turkdcken|Fiery Dance|p2a: Zamazenta
|-resisted|p2a: Zamazenta
|-damage|p2a: Zamazenta|23/100
|
|-heal|p2a: Zamazenta|29/100|[from] item: Leftovers
|upkeep
|turn|33
|
|t:|1769373416
|move|p2a: Zamazenta|Body Press|p1a: Turkdcken
|-resisted|p1a: Turkdcken
|-damage|p1a: Turkdcken|0 fnt
|faint|p1a: Turkdcken
|-end|p1a: Turkdcken|Quark Drive|[silent]
|
|win|CambridgeFoulPlay
|raw|Spud Webbs's rating: 1587 &rarr; <strong>1575</strong><br />(-12 for losing)
|raw|CambridgeFoulPlay's rating: 1726 &rarr; <strong>1738</strong><br />(+12 for winning)
|c|☆CambridgeFoulPlay|gg
