|j|☆monoev
|j|☆InfinityPokeRang3r
|t:|1769294645
|gametype|singles
|player|p1|monoev|youngcouple-gen4dp|1343
|player|p2|InfinityPokeRang3r|ingo|1358
|gen|9
|tier|[Gen 9] OU
|rated|
|rule|HP Percentage Mod: HP is shown in percentages
|rule|Endless Battle Clause: Forcing endless battles is banned
|rule|Species Clause: Limit one of each Pokémon
|rule|OHKO Clause: OHKO moves are banned
|rule|Evasion Items Clause: Evasion items are banned
|rule|Evasion Moves Clause: Evasion moves are banned
|rule|Evasion Abilities Clause: Evasion abilities are banned
|rule|Sleep Moves Clause: Sleep-inducing moves are banned
|clearpoke
|poke|p1|Ceruledge, F|
|poke|p1|Corviknight, F|
|poke|p1|Chansey, F|
|poke|p1|Greninja-*, M|
|poke|p1|Rhyperior, F|
|poke|p1|Dragapult, M|
|poke|p2|Dragapult, F|
|poke|p2|Araquanid, F|
|poke|p2|Iron Valiant|
|poke|p2|Rotom-Heat|
|poke|p2|Iron Treads|
|poke|p2|Skarmory, M|
|teampreview
|inactive|Battle timer is ON: inactive players will automatically lose when time's up. (requested by monoev)
|
|t:|1769294652
|teamsize|p1|6
|teamsize|p2|6
|start
|switch|p1a: Dragapult|Dragapult, M|100/100
|switch|p2a: Araquanid|Araquanid, F, shiny|100/100
|turn|1
|
|t:|1769294664
|move|p1a: Dragapult|U-turn|p2a: Araquanid
|-damage|p2a: Araquanid|82/100
|
|t:|1769294674
|switch|p1a: Corviknight|Corviknight, F|100/100|[from] U-turn
|move|p2a: Araquanid|Sticky Web|p1a: Corviknight
|-sidestart|p1: monoev|move: Sticky Web
|
|upkeep
|turn|2
|
|t:|1769294680
|switch|p2a: Rotom|Rotom-Heat|100/100
|move|p1a: Corviknight|Defog|p2a: Rotom
|-unboost|p2a: Rotom|evasion|1
|-sideend|p1: monoev|Sticky Web|[from] move: Defog|[of] p1a: Corviknight
|
|upkeep
|turn|3
|
|t:|1769294689
|switch|p1a: Chansey|Chansey, F|100/100
|move|p2a: Rotom|Overheat|p1a: Chansey
|-damage|p1a: Chansey|75/100
|-unboost|p2a: Rotom|spa|2
|
|upkeep
|turn|4
|
|t:|1769294697
|switch|p2a: Skarmory|Skarmory, M|100/100
|move|p1a: Chansey|Charm|p2a: Skarmory
|-unboost|p2a: Skarmory|atk|2
|
|upkeep
|turn|5
|
|t:|1769294708
|switch|p1a: Ceruledge|Ceruledge, F, shiny|100/100
|move|p2a: Skarmory|Body Press|p1a: Ceruledge
|-immune|p1a: Ceruledge
|
|upkeep
|turn|6
|
|t:|1769294712
|move|p1a: Ceruledge|Bulk Up|p1a: Ceruledge
|-boost|p1a: Ceruledge|atk|1
|-boost|p1a: Ceruledge|def|1
|move|p2a: Skarmory|Whirlwind|p1a: Ceruledge
|drag|p1a: Dragapult|Dragapult, M|100/100
|
|upkeep
|turn|7
|
|t:|1769294715
|move|p1a: Dragapult|Fire Blast|p2a: Skarmory
|-supereffective|p2a: Skarmory
|-damage|p2a: Skarmory|7/100
|move|p2a: Skarmory|Stealth Rock|p1a: Dragapult
|-sidestart|p1: monoev|move: Stealth Rock
|
|upkeep
|turn|8
|
|t:|1769294724
|switch|p2a: Araquanid|Araquanid, F, shiny|82/100
|move|p1a: Dragapult|Fire Blast|p2a: Araquanid
|-damage|p2a: Araquanid|63/100
|
|upkeep
|turn|9
|
|t:|1769294731
|switch|p1a: Corviknight|Corviknight, F|100/100
|-damage|p1a: Corviknight|88/100|[from] Stealth Rock
|move|p2a: Araquanid|Liquidation|p1a: Corviknight
|-damage|p1a: Corviknight|48/100
|-damage|p2a: Araquanid|46/100|[from] item: Rocky Helmet|[of] p1a: Corviknight
|
|upkeep
|turn|10
|
|t:|1769294742
|move|p1a: Corviknight|Roost|p1a: Corviknight
|-heal|p1a: Corviknight|98/100
|-singleturn|p1a: Corviknight|move: Roost
|move|p2a: Araquanid|Liquidation|p1a: Corviknight
|-damage|p1a: Corviknight|58/100
|-damage|p2a: Araquanid|30/100|[from] item: Rocky Helmet|[of] p1a: Corviknight
|
|upkeep
|turn|11
|
|t:|1769294752
|switch|p2a: Rotom|Rotom-Heat|100/100
|move|p1a: Corviknight|Defog|p2a: Rotom
|-unboost|p2a: Rotom|evasion|1
|-sideend|p1: monoev|Stealth Rock|[from] move: Defog|[of] p1a: Corviknight
|
|upkeep
|turn|12
|
|t:|1769294765
|switch|p1a: Chansey|Chansey, F|75/100
|move|p2a: Rotom|Volt Switch|p1a: Chansey
|-damage|p1a: Chansey|61/100
|
|t:|1769294781
|switch|p2a: Dragapult|Dragapult, F|100/100|[from] Volt Switch
|
|upkeep
|turn|13
|
|t:|1769294785
|move|p2a: Dragapult|Substitute|p2a: Dragapult
|-start|p2a: Dragapult|Substitute
|-damage|p2a: Dragapult|76/100
|move|p1a: Chansey|Thunder Wave||[still]
|-fail|p1a: Chansey
|
|-heal|p2a: Dragapult|82/100|[from] item: Leftovers
|upkeep
|turn|14
|
|t:|1769294791
|move|p2a: Dragapult|Dragon Dance|p2a: Dragapult
|-boost|p2a: Dragapult|atk|1
|-boost|p2a: Dragapult|spe|1
|move|p1a: Chansey|Soft-Boiled|p1a: Chansey
|-heal|p1a: Chansey|100/100
|
|-heal|p2a: Dragapult|88/100|[from] item: Leftovers
|upkeep
|turn|15
|
|t:|1769294796
|switch|p1a: Corviknight|Corviknight, F|58/100
|move|p2a: Dragapult|Dragon Dance|p2a: Dragapult
|-boost|p2a: Dragapult|atk|1
|-boost|p2a: Dragapult|spe|1
|
|-heal|p2a: Dragapult|94/100|[from] item: Leftovers
|upkeep
|turn|16
|
|t:|1769294800
|move|p2a: Dragapult|Dragon Dance|p2a: Dragapult
|-boost|p2a: Dragapult|atk|1
|-boost|p2a: Dragapult|spe|1
|move|p1a: Corviknight|Brave Bird|p2a: Dragapult
|-end|p2a: Dragapult|Substitute
|-damage|p1a: Corviknight|51/100|[from] Recoil|[of] p2a: Dragapult
|
|-heal|p2a: Dragapult|99/100|[from] item: Leftovers
|upkeep
|turn|17
|
|t:|1769294821
|move|p2a: Dragapult|Substitute|p2a: Dragapult
|-start|p2a: Dragapult|Substitute
|-damage|p2a: Dragapult|75/100
|move|p1a: Corviknight|Brave Bird|p2a: Dragapult
|-end|p2a: Dragapult|Substitute
|-damage|p1a: Corviknight|45/100|[from] Recoil|[of] p2a: Dragapult
|
|-heal|p2a: Dragapult|81/100|[from] item: Leftovers
|upkeep
|turn|18
|
|t:|1769294829
|move|p2a: Dragapult|Dragon Darts|p1a: Corviknight
|-resisted|p1a: Corviknight
|-damage|p1a: Corviknight|26/100
|-anim|p2a: Dragapult|Dragon Darts|p1a: Corviknight
|-resisted|p1a: Corviknight
|-damage|p1a: Corviknight|8/100
|move|p1a: Corviknight|Brave Bird|p2a: Dragapult
|-damage|p2a: Dragapult|32/100
|-damage|p1a: Corviknight|0 fnt|[from] Recoil
|faint|p1a: Corviknight
|
|-heal|p2a: Dragapult|38/100|[from] item: Leftovers
|upkeep
|
|t:|1769294833
|switch|p1a: Ceruledge|Ceruledge, F, shiny|100/100
|turn|19
|
|t:|1769294840
|move|p1a: Ceruledge|Shadow Sneak|p2a: Dragapult
|-supereffective|p2a: Dragapult
|-damage|p2a: Dragapult|0 fnt
|faint|p2a: Dragapult
|
|upkeep
|
|t:|1769294849
|switch|p2a: Rotom|Rotom-Heat|100/100
|turn|20
|
|t:|1769294857
|move|p2a: Rotom|Volt Switch|p1a: Ceruledge
|-damage|p1a: Ceruledge|47/100
|
|t:|1769294865
|switch|p2a: Araquanid|Araquanid, F, shiny|30/100|[from] Volt Switch
|move|p1a: Ceruledge|Bulk Up|p1a: Ceruledge
|-boost|p1a: Ceruledge|atk|1
|-boost|p1a: Ceruledge|def|1
|
|-heal|p1a: Ceruledge|53/100|[from] item: Leftovers
|upkeep
|turn|21
|
|t:|1769294870
|move|p1a: Ceruledge|Bitter Blade|p2a: Araquanid
|-damage|p2a: Araquanid|0 fnt
|-heal|p1a: Ceruledge|70/100|[from] drain|[of] p2a: Araquanid
|faint|p2a: Araquanid
|
|-heal|p1a: Ceruledge|76/100|[from] item: Leftovers
|upkeep
|
|t:|1769294875
|switch|p2a: Iron Treads|Iron Treads|100/100
|turn|22
|
|t:|1769294878
|-terastallize|p1a: Ceruledge|Bug
|move|p2a: Iron Treads|Earthquake|p1a: Ceruledge
|-resisted|p1a: Ceruledge
|-damage|p1a: Ceruledge|53/100
|move|p1a: Ceruledge|Bitter Blade|p2a: Iron Treads
|-supereffective|p2a: Iron Treads
|-damage|p2a: Iron Treads|0 fnt
|-heal|p1a: Ceruledge|100/100|[from] drain|[of] p2a: Iron Treads
|faint|p2a: Iron Treads
|-end|p2a: Iron Treads|Quark Drive|[silent]
|
|upkeep
|c|☆monoev|gg
|
|t:|1769294890
|switch|p2a: Rotom|Rotom-Heat|100/100
|turn|23
|
|t:|1769294895
|move|p2a: Rotom|Trick|p1a: Ceruledge
|-activate|p2a: Rotom|move: Trick|[of] p1a: Ceruledge
|-item|p1a: Ceruledge|Choice Specs|[from] move: Trick
|-item|p2a: Rotom|Leftovers|[from] move: Trick
|move|p1a: Ceruledge|Bitter Blade|p2a: Rotom
|-resisted|p2a: Rotom
|-damage|p2a: Rotom|53/100
|
|-heal|p2a: Rotom|59/100|[from] item: Leftovers
|upkeep
|turn|24
|
|t:|1769294902
|move|p2a: Rotom|Discharge|p1a: Ceruledge
|-damage|p1a: Ceruledge|57/100
|-status|p1a: Ceruledge|par
|move|p1a: Ceruledge|Bitter Blade|p2a: Rotom
|-resisted|p2a: Rotom
|-damage|p2a: Rotom|11/100
|-heal|p1a: Ceruledge|77/100 par|[from] drain|[of] p2a: Rotom
|
|-heal|p2a: Rotom|18/100|[from] item: Leftovers
|upkeep
|turn|25
|
|t:|1769294910
|move|p2a: Rotom|Discharge|p1a: Ceruledge
|-damage|p1a: Ceruledge|36/100 par
|cant|p1a: Ceruledge|par
|
|-heal|p2a: Rotom|24/100|[from] item: Leftovers
|upkeep
|turn|26
|
|t:|1769294914
|move|p2a: Rotom|Discharge|p1a: Ceruledge
|-damage|p1a: Ceruledge|0 fnt
|faint|p1a: Ceruledge
|
|-heal|p2a: Rotom|30/100|[from] item: Leftovers
|upkeep
|
|t:|1769294918
|switch|p1a: Greninja|Greninja, M|100/100
|turn|27
|
|t:|1769294928
|move|p1a: Greninja|Water Shuriken|p2a: Rotom
|-supereffective|p2a: Rotom
|-damage|p2a: Rotom|12/100
|-supereffective|p2a: Rotom
|-damage|p2a: Rotom|0 fnt
|faint|p2a: Rotom
|-ability|p1a: Greninja|Battle Bond|boost
|-boost|p1a: Greninja|atk|1
|-boost|p1a: Greninja|spa|1
|-boost|p1a: Greninja|spe|1
|-activate|p1a: Greninja|ability: Battle Bond
|-hitcount|p2: Rotom|2
|
|upkeep
|
|t:|1769294932
|switch|p2a: Iron Valiant|Iron Valiant|100/100
|-enditem|p2a: Iron Valiant|Booster Energy
|-activate|p2a: Iron Valiant|ability: Quark Drive|[fromitem]
|-start|p2a: Iron Valiant|quarkdrivespe
|turn|28
|
|t:|1769294941
|move|p1a: Greninja|Water Shuriken|p2a: Iron Valiant
|-damage|p2a: Iron Valiant|79/100
|-damage|p2a: Iron Valiant|58/100
|-damage|p2a: Iron Valiant|36/100
|-damage|p2a: Iron Valiant|15/100
|-damage|p2a: Iron Valiant|0 fnt
|faint|p2a: Iron Valiant
|-end|p2a: Iron Valiant|Quark Drive|[silent]
|-hitcount|p2: Iron Valiant|5
|
|upkeep
|
|t:|1769294949
|switch|p2a: Skarmory|Skarmory, M|7/100
|turn|29
|
|t:|1769294951
|move|p1a: Greninja|Hydro Pump|p2a: Skarmory
|-damage|p2a: Skarmory|0 fnt
|faint|p2a: Skarmory
|
|win|monoev
|raw|monoev's rating: 1343 &rarr; <strong>1364</strong><br />(+21 for winning)
|raw|InfinityPokeRang3r's rating: 1358 &rarr; <strong>1337</strong><br />(-21 for losing)
|l|☆monoev
|player|p1|
|c|☆InfinityPokeRang3r|gg
|l|☆InfinityPokeRang3r
|player|p2|
