|j|☆siakam
|j|☆lv0ry
|t:|1769406311
|gametype|singles
|player|p1|siakam|102|1323
|player|p2|lv0ry|102|1376
|gen|9
|tier|[Gen 9] OU
|rated|
|rule|HP Percentage Mod: HP is shown in percentages
|rule|Endless Battle Clause: Forcing endless battles is banned
|rule|Species Clause: Limit one of each Pokémon
|rule|OHKO Clause: OHKO moves are banned
|rule|Evasion Items Clause: Evasion items are banned
|rule|Evasion Moves Clause: Evasion moves are banned
|rule|Evasion Abilities Clause: Evasion abilities are banned
|rule|Sleep Moves Clause: Sleep-inducing moves are banned
|clearpoke
|poke|p1|Gholdengo|
|poke|p1|Ogerpon, F|
|poke|p1|Rillaboom, M|
|poke|p1|Samurott-Hisui, M|
|poke|p1|Glimmora, M|
|poke|p1|Raging Bolt|
|poke|p2|Eelektross, M|
|poke|p2|Deoxys-Speed|
|poke|p2|Iron Valiant|
|poke|p2|Pecharunt|
|poke|p2|Dragonite, M|
|poke|p2|Kingambit, F|
|teampreview
|inactive|Battle timer is ON: inactive players will automatically lose when time's up. (requested by lv0ry)
|
|t:|1769406330
|teamsize|p1|6
|teamsize|p2|6
|start
|switch|p1a: Glimmora|Glimmora, M, shiny|100/100
|switch|p2a: Deoxys|Deoxys-Speed|100/100
|-ability|p2a: Deoxys|Pressure
|turn|1
|
|t:|1769406338
|move|p2a: Deoxys|Taunt|p1a: Glimmora
|-start|p1a: Glimmora|move: Taunt
|move|p1a: Glimmora|Power Gem|p2a: Deoxys
|-damage|p2a: Deoxys|55/100
|
|upkeep
|turn|2
|
|t:|1769406347
|move|p2a: Deoxys|Light Screen|p2a: Deoxys
|-sidestart|p2: lv0ry|move: Light Screen
|move|p1a: Glimmora|Mortal Spin|p2a: Deoxys
|-damage|p2a: Deoxys|47/100
|-status|p2a: Deoxys|psn
|
|-damage|p2a: Deoxys|35/100 psn|[from] psn
|upkeep
|turn|3
|
|t:|1769406355
|move|p2a: Deoxys|Reflect|p2a: Deoxys
|-sidestart|p2: lv0ry|Reflect
|move|p1a: Glimmora|Power Gem|p2a: Deoxys
|-damage|p2a: Deoxys|13/100 psn
|
|-damage|p2a: Deoxys|0 fnt|[from] psn
|faint|p2a: Deoxys
|-end|p1a: Glimmora|move: Taunt
|upkeep
|
|t:|1769406367
|switch|p2a: Eelektross|Eelektross, M|100/100
|turn|4
|
|t:|1769406373
|move|p1a: Glimmora|Stealth Rock|p2a: Eelektross
|-sidestart|p2: lv0ry|move: Stealth Rock
|move|p2a: Eelektross|Coil|p2a: Eelektross
|-boost|p2a: Eelektross|atk|1
|-boost|p2a: Eelektross|def|1
|-boost|p2a: Eelektross|accuracy|1
|
|upkeep
|turn|5
|
|t:|1769406384
|move|p1a: Glimmora|Mortal Spin|p2a: Eelektross
|-damage|p2a: Eelektross|98/100
|-status|p2a: Eelektross|psn
|move|p2a: Eelektross|Coil|p2a: Eelektross
|-boost|p2a: Eelektross|atk|1
|-boost|p2a: Eelektross|def|1
|-boost|p2a: Eelektross|accuracy|1
|
|-heal|p2a: Eelektross|100/100 psn|[from] item: Leftovers
|-damage|p2a: Eelektross|88/100 psn|[from] psn
|upkeep
|turn|6
|
|t:|1769406398
|move|p1a: Glimmora|Power Gem|p2a: Eelektross
|-damage|p2a: Eelektross|74/100 psn
|move|p2a: Eelektross|Dragon Tail|p1a: Glimmora
|-damage|p1a: Glimmora|73/100
|-activate|p1a: Glimmora|ability: Toxic Debris
|-sidestart|p2: lv0ry|move: Toxic Spikes
|drag|p1a: Rillaboom|Rillaboom, M, shiny|100/100
|-fieldstart|move: Grassy Terrain|[from] ability: Grassy Surge|[of] p1a: Rillaboom
|
|-heal|p2a: Eelektross|80/100 psn|[from] item: Leftovers
|-damage|p2a: Eelektross|68/100 psn|[from] psn
|upkeep
|turn|7
|
|t:|1769406415
|move|p1a: Rillaboom|Grassy Glide|p2a: Eelektross
|-damage|p2a: Eelektross|55/100 psn
|-damage|p1a: Rillaboom|91/100|[from] item: Life Orb
|move|p2a: Eelektross|Dragon Tail|p1a: Rillaboom
|-damage|p1a: Rillaboom|56/100
|drag|p1a: Samurott|Samurott-Hisui, M, shiny|100/100
|
|-heal|p2a: Eelektross|61/100 psn|[from] item: Leftovers
|-damage|p2a: Eelektross|48/100 psn|[from] psn
|upkeep
|turn|8
|
|t:|1769406431
|move|p1a: Samurott|Knock Off|p2a: Eelektross
|-damage|p2a: Eelektross|33/100 psn
|-enditem|p2a: Eelektross|Leftovers|[from] move: Knock Off|[of] p1a: Samurott
|move|p2a: Eelektross|Drain Punch|p1a: Samurott
|-supereffective|p1a: Samurott
|-damage|p1a: Samurott|0 fnt
|-heal|p2a: Eelektross|76/100 psn|[from] drain|[of] p1a: Samurott
|faint|p1a: Samurott
|
|-damage|p2a: Eelektross|64/100 psn|[from] psn
|upkeep
|inactive|siakam has 120 seconds left.
|
|t:|1769406447
|switch|p1a: Gholdengo|Gholdengo, shiny|100/100
|-enditem|p1a: Gholdengo|Grassy Seed
|-boost|p1a: Gholdengo|def|1|[from] item: Grassy Seed
|turn|9
|
|t:|1769406457
|move|p1a: Gholdengo|Shadow Ball|p2a: Eelektross
|-damage|p2a: Eelektross|49/100 psn
|-unboost|p2a: Eelektross|spd|1
|move|p2a: Eelektross|Supercell Slam|p1a: Gholdengo
|-damage|p1a: Gholdengo|64/100
|
|-heal|p1a: Gholdengo|70/100|[from] Grassy Terrain
|-damage|p2a: Eelektross|37/100 psn|[from] psn
|-sideend|p2: lv0ry|move: Light Screen
|upkeep
|turn|10
|
|t:|1769406470
|move|p1a: Gholdengo|Shadow Ball|p2a: Eelektross
|-damage|p2a: Eelektross|0 fnt
|faint|p2a: Eelektross
|
|-heal|p1a: Gholdengo|76/100|[from] Grassy Terrain
|-sideend|p2: lv0ry|Reflect
|-fieldend|move: Grassy Terrain
|upkeep
|
|t:|1769406475
|switch|p2a: Dragonite|Dragonite, M|100/100
|turn|11
|
|t:|1769406479
|move|p2a: Dragonite|Earthquake|p1a: Gholdengo
|-supereffective|p1a: Gholdengo
|-damage|p1a: Gholdengo|40/100
|move|p1a: Gholdengo|Dazzling Gleam|p2a: Dragonite
|-supereffective|p2a: Dragonite
|-damage|p2a: Dragonite|77/100
|
|upkeep
|turn|12
|
|t:|1769406488
|move|p2a: Dragonite|Tera Blast|p1a: Gholdengo
|-immune|p1a: Gholdengo
|move|p1a: Gholdengo|Recover|p1a: Gholdengo
|-heal|p1a: Gholdengo|90/100
|
|upkeep
|turn|13
|
|t:|1769406500
|-terastallize|p2a: Dragonite|Flying
|-terastallize|p1a: Gholdengo|Fairy
|move|p2a: Dragonite|Dragon Dance|p2a: Dragonite
|-boost|p2a: Dragonite|atk|1
|-boost|p2a: Dragonite|spe|1
|move|p1a: Gholdengo|Dazzling Gleam|p2a: Dragonite
|-damage|p2a: Dragonite|42/100
|
|upkeep
|turn|14
|
|t:|1769406513
|move|p2a: Dragonite|Tera Blast|p1a: Gholdengo|[anim] Tera Blast Flying
|-damage|p1a: Gholdengo|51/100
|move|p1a: Gholdengo|Shadow Ball|p2a: Dragonite
|-damage|p2a: Dragonite|5/100
|
|upkeep
|turn|15
|
|t:|1769406519
|move|p2a: Dragonite|Tera Blast|p1a: Gholdengo|[anim] Tera Blast Flying
|-damage|p1a: Gholdengo|8/100
|move|p1a: Gholdengo|Recover|p1a: Gholdengo
|-heal|p1a: Gholdengo|58/100
|
|upkeep
|turn|16
|
|t:|1769406524
|move|p2a: Dragonite|Tera Blast|p1a: Gholdengo|[anim] Tera Blast Flying
|-damage|p1a: Gholdengo|14/100
|move|p1a: Gholdengo|Recover|p1a: Gholdengo
|-heal|p1a: Gholdengo|64/100
|
|upkeep
|turn|17
|
|t:|1769406534
|switch|p1a: Raging Bolt|Raging Bolt|100/100
|-enditem|p1a: Raging Bolt|Booster Energy
|-activate|p1a: Raging Bolt|ability: Protosynthesis|[fromitem]
|-start|p1a: Raging Bolt|protosynthesisspa
|move|p2a: Dragonite|Tera Blast|p1a: Raging Bolt|[anim] Tera Blast Flying
|-resisted|p1a: Raging Bolt
|-damage|p1a: Raging Bolt|58/100
|
|upkeep
|turn|18
|
|t:|1769406543
|move|p2a: Dragonite|Extreme Speed|p1a: Raging Bolt
|-damage|p1a: Raging Bolt|18/100
|move|p1a: Raging Bolt|Thunderbolt|p2a: Dragonite
|-supereffective|p2a: Dragonite
|-damage|p2a: Dragonite|0 fnt
|faint|p2a: Dragonite
|
|upkeep
|
|t:|1769406552
|switch|p2a: Pecharunt|Pecharunt|100/100
|-sideend|p2: lv0ry|move: Toxic Spikes|[of] p2a: Pecharunt
|turn|19
|
|t:|1769406560
|move|p1a: Raging Bolt|Thunderclap|p2a: Pecharunt
|-damage|p2a: Pecharunt|44/100
|move|p2a: Pecharunt|Malignant Chain|p1a: Raging Bolt
|-damage|p1a: Raging Bolt|0 fnt
|faint|p1a: Raging Bolt
|-end|p1a: Raging Bolt|Protosynthesis|[silent]
|
|upkeep
|
|t:|1769406579
|switch|p1a: Gholdengo|Gholdengo, shiny, tera:Fairy|64/100
|turn|20
|
|t:|1769406583
|move|p2a: Pecharunt|Malignant Chain|p1a: Gholdengo
|-supereffective|p1a: Gholdengo
|-damage|p1a: Gholdengo|7/100
|-status|p1a: Gholdengo|tox
|-start|p1a: Gholdengo|confusion|[from] ability: Poison Puppeteer|[of] p2a: Pecharunt
|-activate|p1a: Gholdengo|confusion
|move|p1a: Gholdengo|Shadow Ball|p2a: Pecharunt
|-supereffective|p2a: Pecharunt
|-damage|p2a: Pecharunt|0 fnt
|faint|p2a: Pecharunt
|
|-damage|p1a: Gholdengo|0 fnt|[from] psn
|faint|p1a: Gholdengo
|upkeep
|
|t:|1769406608
|switch|p2a: Kingambit|Kingambit, F|100/100
|switch|p1a: Glimmora|Glimmora, M, shiny|73/100
|-damage|p2a: Kingambit|94/100|[from] Stealth Rock
|-activate|p2a: Kingambit|ability: Supreme Overlord
|-start|p2a: Kingambit|fallen4|[silent]
|turn|21
|
|t:|1769406621
|move|p1a: Glimmora|Earth Power|p2a: Kingambit
|-supereffective|p2a: Kingambit
|-damage|p2a: Kingambit|45/100
|move|p2a: Kingambit|Iron Head|p1a: Glimmora
|-supereffective|p1a: Glimmora
|-damage|p1a: Glimmora|0 fnt
|-activate|p1a: Glimmora|ability: Toxic Debris
|-sidestart|p2: lv0ry|move: Toxic Spikes
|faint|p1a: Glimmora
|
|upkeep
|inactive|siakam has 120 seconds left.
|
|t:|1769406636
|switch|p1a: Ogerpon|Ogerpon, F|100/100
|turn|22
|
|t:|1769406643
|move|p1a: Ogerpon|Superpower|p2a: Kingambit
|-supereffective|p2a: Kingambit
|-damage|p2a: Kingambit|0 fnt
|-unboost|p1a: Ogerpon|atk|1
|-unboost|p1a: Ogerpon|def|1
|faint|p2a: Kingambit
|-end|p2a: Kingambit|fallen4|[silent]
|
|upkeep
|
|t:|1769406647
|switch|p2a: Iron Valiant|Iron Valiant|100/100
|-damage|p2a: Iron Valiant|94/100|[from] Stealth Rock
|-status|p2a: Iron Valiant|psn
|-enditem|p2a: Iron Valiant|Booster Energy
|-activate|p2a: Iron Valiant|ability: Quark Drive|[fromitem]
|-start|p2a: Iron Valiant|quarkdrivespe
|turn|23
|
|t:|1769406660
|move|p2a: Iron Valiant|Calm Mind|p2a: Iron Valiant
|-boost|p2a: Iron Valiant|spa|1
|-boost|p2a: Iron Valiant|spd|1
|move|p1a: Ogerpon|Superpower|p2a: Iron Valiant
|-resisted|p2a: Iron Valiant
|-damage|p2a: Iron Valiant|68/100 psn
|-unboost|p1a: Ogerpon|atk|1
|-unboost|p1a: Ogerpon|def|1
|
|-damage|p2a: Iron Valiant|55/100 psn|[from] psn
|upkeep
|turn|24
|
|t:|1769406669
|move|p2a: Iron Valiant|Moonblast|p1a: Ogerpon
|-damage|p1a: Ogerpon|18/100
|move|p1a: Ogerpon|Superpower|p2a: Iron Valiant
|-resisted|p2a: Iron Valiant
|-damage|p2a: Iron Valiant|36/100 psn
|-unboost|p1a: Ogerpon|atk|1
|-unboost|p1a: Ogerpon|def|1
|
|-damage|p2a: Iron Valiant|24/100 psn|[from] psn
|upkeep
|turn|25
|c|☆siakam|gg
|
|t:|1769406678
|move|p2a: Iron Valiant|Moonblast|p1a: Ogerpon
|-damage|p1a: Ogerpon|0 fnt
|faint|p1a: Ogerpon
|
|-damage|p2a: Iron Valiant|12/100 psn|[from] psn
|upkeep
|
|t:|1769406684
|switch|p1a: Rillaboom|Rillaboom, M, shiny|56/100
|-fieldstart|move: Grassy Terrain|[from] ability: Grassy Surge|[of] p1a: Rillaboom
|turn|26
|
|t:|1769406690
|move|p1a: Rillaboom|Grassy Glide|p2a: Iron Valiant
|-damage|p2a: Iron Valiant|0 fnt
|faint|p2a: Iron Valiant
|-end|p2a: Iron Valiant|Quark Drive|[silent]
|-damage|p1a: Rillaboom|46/100|[from] item: Life Orb
|
|win|siakam
|raw|siakam's rating: 1323 &rarr; <strong>1346</strong><br />(+23 for winning)
|raw|lv0ry's rating: 1376 &rarr; <strong>1353</strong><br />(-23 for losing)
|l|☆siakam
|player|p1|
|l|☆lv0ry
|player|p2|
