|j|☆Azumaya Koyuki
|j|☆domo gamer
|t:|1769297810
|gametype|singles
|player|p1|Azumaya Koyuki|zinnia-masters|1080
|player|p2|domo gamer|170|1146
|gen|9
|tier|[Gen 9] OU
|rated|
|rule|HP Percentage Mod: HP is shown in percentages
|rule|Endless Battle Clause: Forcing endless battles is banned
|rule|Species Clause: Limit one of each Pokémon
|rule|OHKO Clause: OHKO moves are banned
|rule|Evasion Items Clause: Evasion items are banned
|rule|Evasion Moves Clause: Evasion moves are banned
|rule|Evasion Abilities Clause: Evasion abilities are banned
|rule|Sleep Moves Clause: Sleep-inducing moves are banned
|clearpoke
|poke|p1|Iron Valiant|
|poke|p1|Excadrill, M|
|poke|p1|Tyranitar, M|
|poke|p1|Tornadus-Therian, M|
|poke|p1|Ogerpon-Cornerstone, F|
|poke|p1|Toxapex, M|
|poke|p2|Glimmora, F|
|poke|p2|Whiscash, M|
|poke|p2|Clefable, F|
|poke|p2|Scyther, M|
|poke|p2|Skeledirge, F|
|poke|p2|Gholdengo|
|teampreview
|
|t:|1769297834
|teamsize|p1|6
|teamsize|p2|6
|start
|switch|p1a: Tyranitar|Tyranitar, M, shiny|100/100
|switch|p2a: Glimmora|Glimmora, F|100/100
|-weather|Sandstorm|[from] ability: Sand Stream|[of] p1a: Tyranitar
|turn|1
|
|t:|1769297852
|move|p2a: Glimmora|Stealth Rock|p1a: Tyranitar
|-sidestart|p1: Azumaya Koyuki|move: Stealth Rock
|move|p1a: Tyranitar|Knock Off|p2a: Glimmora
|-damage|p2a: Glimmora|43/100
|-activate|p2a: Glimmora|ability: Toxic Debris
|-sidestart|p1: Azumaya Koyuki|move: Toxic Spikes
|-enditem|p2a: Glimmora|Focus Sash|[from] move: Knock Off|[of] p1a: Tyranitar
|
|-weather|Sandstorm|[upkeep]
|upkeep
|turn|2
|
|t:|1769297865
|move|p2a: Glimmora|Mortal Spin|p1a: Tyranitar
|-resisted|p1a: Tyranitar
|-damage|p1a: Tyranitar|98/100
|-status|p1a: Tyranitar|psn
|move|p1a: Tyranitar|Stealth Rock|p2a: Glimmora
|-sidestart|p2: domo gamer|move: Stealth Rock
|
|-weather|Sandstorm|[upkeep]
|-damage|p1a: Tyranitar|86/100 psn|[from] psn
|upkeep
|turn|3
|
|t:|1769297874
|move|p2a: Glimmora|Mortal Spin|p1a: Tyranitar
|-resisted|p1a: Tyranitar
|-damage|p1a: Tyranitar|83/100 psn
|-sideend|p2: domo gamer|Stealth Rock|[from] move: Mortal Spin|[of] p2a: Glimmora
|move|p1a: Tyranitar|Knock Off|p2a: Glimmora
|-damage|p2a: Glimmora|4/100
|-activate|p2a: Glimmora|ability: Toxic Debris
|-sidestart|p1: Azumaya Koyuki|move: Toxic Spikes
|
|-weather|Sandstorm|[upkeep]
|-damage|p1a: Tyranitar|71/100 psn|[from] psn
|upkeep
|turn|4
|
|t:|1769297887
|move|p2a: Glimmora|Spikes|p1a: Tyranitar
|-sidestart|p1: Azumaya Koyuki|Spikes
|move|p1a: Tyranitar|Stealth Rock|p2a: Glimmora
|-sidestart|p2: domo gamer|move: Stealth Rock
|
|-weather|Sandstorm|[upkeep]
|-damage|p1a: Tyranitar|58/100 psn|[from] psn
|upkeep
|turn|5
|
|t:|1769297899
|switch|p1a: Excadrill|Excadrill, M, shiny|100/100
|-damage|p1a: Excadrill|97/100|[from] Stealth Rock
|-damage|p1a: Excadrill|85/100|[from] Spikes
|move|p2a: Glimmora|Mortal Spin|p1a: Excadrill
|-immune|p1a: Excadrill
|
|-weather|Sandstorm|[upkeep]
|-heal|p1a: Excadrill|91/100|[from] item: Leftovers
|upkeep
|turn|6
|
|t:|1769297911
|switch|p2a: Scyther|Scyther, M|100/100
|-damage|p2a: Scyther|50/100|[from] Stealth Rock
|move|p1a: Excadrill|Substitute|p1a: Excadrill
|-start|p1a: Excadrill|Substitute
|-damage|p1a: Excadrill|66/100
|
|-weather|Sandstorm|[upkeep]
|-damage|p2a: Scyther|44/100|[from] Sandstorm
|-heal|p1a: Excadrill|72/100|[from] item: Leftovers
|upkeep
|turn|7
|
|t:|1769297925
|-terastallize|p2a: Scyther|Flying
|move|p1a: Excadrill|Rapid Spin|p2a: Scyther
|-damage|p2a: Scyther|26/100
|-boost|p1a: Excadrill|spe|1
|-sideend|p1: Azumaya Koyuki|Spikes|[from] move: Rapid Spin|[of] p1a: Excadrill
|-sideend|p1: Azumaya Koyuki|Toxic Spikes|[from] move: Rapid Spin|[of] p1a: Excadrill
|-sideend|p1: Azumaya Koyuki|Stealth Rock|[from] move: Rapid Spin|[of] p1a: Excadrill
|move|p2a: Scyther|Dual Wingbeat|p1a: Excadrill
|-resisted|p1a: Excadrill
|-end|p1a: Excadrill|Substitute
|-resisted|p1a: Excadrill
|-damage|p1a: Excadrill|42/100
|-hitcount|p1a: Excadrill|2
|
|-weather|Sandstorm|[upkeep]
|-damage|p2a: Scyther|20/100|[from] Sandstorm
|-heal|p1a: Excadrill|48/100|[from] item: Leftovers
|upkeep
|turn|8
|
|t:|1769297943
|move|p1a: Excadrill|Rapid Spin|p2a: Scyther
|-damage|p2a: Scyther|1/100
|-boost|p1a: Excadrill|spe|1
|move|p2a: Scyther|Dual Wingbeat|p1a: Excadrill
|-resisted|p1a: Excadrill
|-damage|p1a: Excadrill|21/100
|-resisted|p1a: Excadrill
|-damage|p1a: Excadrill|0 fnt
|faint|p1a: Excadrill
|-hitcount|p1: Excadrill|2
|
|-weather|none
|upkeep
|
|t:|1769297958
|switch|p1a: Tornadus|Tornadus-Therian, M, shiny|100/100
|turn|9
|
|t:|1769297973
|move|p1a: Tornadus|Heat Wave|p2a: Scyther
|-damage|p2a: Scyther|0 fnt
|faint|p2a: Scyther
|
|upkeep
|
|t:|1769297978
|switch|p2a: Clefable|Clefable, F|100/100
|turn|10
|
|t:|1769297987
|switch|p1a: Tyranitar|Tyranitar, M, shiny|58/100 psn
|-weather|Sandstorm|[from] ability: Sand Stream|[of] p1a: Tyranitar
|move|p2a: Clefable|Thunder Wave||[still]
|-fail|p2a: Clefable
|
|-weather|Sandstorm|[upkeep]
|-damage|p1a: Tyranitar|46/100 psn|[from] psn
|upkeep
|turn|11
|
|t:|1769298004
|move|p1a: Tyranitar|Knock Off|p2a: Clefable
|-resisted|p2a: Clefable
|-damage|p2a: Clefable|72/100
|-enditem|p2a: Clefable|Leftovers|[from] move: Knock Off|[of] p1a: Tyranitar
|move|p2a: Clefable|Moonblast|p1a: Tyranitar
|-supereffective|p1a: Tyranitar
|-damage|p1a: Tyranitar|0 fnt
|faint|p1a: Tyranitar
|
|-weather|Sandstorm|[upkeep]
|upkeep
|
|t:|1769298014
|switch|p1a: Ogerpon|Ogerpon-Cornerstone, F|100/100
|turn|12
|
|t:|1769298024
|-terastallize|p1a: Ogerpon|Rock
|detailschange|p1a: Ogerpon|Ogerpon-Cornerstone-Tera, F, tera:Rock
|-ability|p1a: Ogerpon|Embody Aspect (Cornerstone)|boost
|-boost|p1a: Ogerpon|def|1
|move|p1a: Ogerpon|Ivy Cudgel|p2a: Clefable|[anim] Ivy Cudgel Rock
|-damage|p2a: Clefable|0 fnt
|faint|p2a: Clefable
|
|-weather|Sandstorm|[upkeep]
|upkeep
|
|t:|1769298034
|switch|p2a: Whiscash|Whiscash, M|100/100
|-damage|p2a: Whiscash|94/100|[from] Stealth Rock
|turn|13
|
|t:|1769298041
|move|p1a: Ogerpon|Power Whip|p2a: Whiscash
|-supereffective|p2a: Whiscash
|-damage|p2a: Whiscash|0 fnt
|faint|p2a: Whiscash
|
|-weather|Sandstorm|[upkeep]
|upkeep
|
|t:|1769298048
|switch|p2a: Gholdengo|Gholdengo|100/100
|-damage|p2a: Gholdengo|94/100|[from] Stealth Rock
|turn|14
|
|t:|1769298055
|move|p1a: Ogerpon|Knock Off|p2a: Gholdengo
|-supereffective|p2a: Gholdengo
|-damage|p2a: Gholdengo|8/100
|-enditem|p2a: Gholdengo|Choice Specs|[from] move: Knock Off|[of] p1a: Ogerpon
|move|p2a: Gholdengo|Make It Rain|p1a: Ogerpon
|-supereffective|p1a: Ogerpon
|-crit|p1a: Ogerpon
|-damage|p1a: Ogerpon|0 fnt
|-unboost|p2a: Gholdengo|spa|1
|faint|p1a: Ogerpon
|detailschange|p1: Ogerpon|Ogerpon-Cornerstone, F|[silent]
|
|-weather|Sandstorm|[upkeep]
|upkeep
|
|t:|1769298062
|switch|p1a: Iron Valiant|Iron Valiant, shiny|100/100
|turn|15
|
|t:|1769298076
|move|p1a: Iron Valiant|Shadow Ball|p2a: Gholdengo
|-supereffective|p2a: Gholdengo
|-damage|p2a: Gholdengo|0 fnt
|faint|p2a: Gholdengo
|
|-weather|Sandstorm|[upkeep]
|-damage|p1a: Iron Valiant|94/100|[from] Sandstorm
|upkeep
|
|t:|1769298084
|switch|p2a: Glimmora|Glimmora, F|4/100
|-damage|p2a: Glimmora|0 fnt|[from] Stealth Rock
|faint|p2a: Glimmora
|
|t:|1769298089
|switch|p2a: Skeledirge|Skeledirge, F|100/100
|-damage|p2a: Skeledirge|76/100|[from] Stealth Rock
|turn|16
|
|t:|1769298097
|move|p1a: Iron Valiant|Shadow Ball|p2a: Skeledirge
|-supereffective|p2a: Skeledirge
|-damage|p2a: Skeledirge|0 fnt
|faint|p2a: Skeledirge
|
|win|Azumaya Koyuki
|raw|Azumaya Koyuki's rating: 1080 &rarr; <strong>1113</strong><br />(+33 for winning)
|raw|domo gamer's rating: 1146 &rarr; <strong>1116</strong><br />(-30 for losing)
|l|☆Azumaya Koyuki
|player|p1|
|l|☆domo gamer
|player|p2|
