|j|☆Hoenn's Fury
|j|☆Supa Dupa Hoopa
|t:|1769317483
|gametype|singles
|player|p1|Hoenn's Fury|steven|1223
|player|p2|Supa Dupa Hoopa|102|1307
|gen|9
|tier|[Gen 9] OU
|rated|
|rule|HP Percentage Mod: HP is shown in percentages
|rule|Endless Battle Clause: Forcing endless battles is banned
|rule|Species Clause: Limit one of each Pokémon
|rule|OHKO Clause: OHKO moves are banned
|rule|Evasion Items Clause: Evasion items are banned
|rule|Evasion Moves Clause: Evasion moves are banned
|rule|Evasion Abilities Clause: Evasion abilities are banned
|rule|Sleep Moves Clause: Sleep-inducing moves are banned
|clearpoke
|poke|p1|Kyurem|
|poke|p1|Zamazenta-*|
|poke|p1|Hoopa-Unbound|
|poke|p1|Glimmora, F|
|poke|p1|Gholdengo|
|poke|p1|Clefable, F|
|poke|p2|Great Tusk|
|poke|p2|Dragapult, M|
|poke|p2|Corviknight, M|
|poke|p2|Alomomola, F|
|poke|p2|Meowscarada, F|
|poke|p2|Toxtricity-Low-Key, M|
|teampreview
|inactive|Battle timer is ON: inactive players will automatically lose when time's up. (requested by Hoenn's Fury)
|
|t:|1769317490
|teamsize|p1|6
|teamsize|p2|6
|start
|switch|p1a: Free Hazards!|Glimmora, F|100/100
|switch|p2a: Meowscarada|Meowscarada, F|100/100
|turn|1
|
|t:|1769317514
|move|p2a: Meowscarada|Flower Trick|p1a: Free Hazards!
|-start|p2a: Meowscarada|typechange|Grass|[from] ability: Protean
|-crit|p1a: Free Hazards!
|-damage|p1a: Free Hazards!|45/100
|-activate|p1a: Free Hazards!|ability: Toxic Debris
|-sidestart|p2: Supa Dupa Hoopa|move: Toxic Spikes
|move|p1a: Free Hazards!|Stealth Rock|p2a: Meowscarada
|-sidestart|p2: Supa Dupa Hoopa|move: Stealth Rock
|
|upkeep
|turn|2
|
|t:|1769317525
|move|p2a: Meowscarada|Flower Trick|p1a: Free Hazards!
|-crit|p1a: Free Hazards!
|-damage|p1a: Free Hazards!|0 fnt
|-activate|p1a: Free Hazards!|ability: Toxic Debris
|-sidestart|p2: Supa Dupa Hoopa|move: Toxic Spikes
|faint|p1a: Free Hazards!
|
|upkeep
|
|t:|1769317542
|switch|p1a: Zacianzamenta|Zamazenta|100/100
|-ability|p1a: Zacianzamenta|Dauntless Shield|boost
|-boost|p1a: Zacianzamenta|def|1
|turn|3
|
|t:|1769317549
|switch|p2a: Corviknight|Corviknight, M|100/100
|-damage|p2a: Corviknight|88/100|[from] Stealth Rock
|-ability|p2a: Corviknight|Pressure
|move|p1a: Zacianzamenta|Howl|p1a: Zacianzamenta
|-boost|p1a: Zacianzamenta|atk|1
|
|-heal|p2a: Corviknight|94/100|[from] item: Leftovers
|upkeep
|turn|4
|
|t:|1769317561
|switch|p1a: Frigo Cheeseheads|Gholdengo|100/100
|-item|p1a: Frigo Cheeseheads|Air Balloon
|move|p2a: Corviknight|Bulk Up|p2a: Corviknight
|-boost|p2a: Corviknight|atk|1
|-boost|p2a: Corviknight|def|1
|
|-heal|p2a: Corviknight|100/100|[from] item: Leftovers
|upkeep
|turn|5
|
|t:|1769317570
|switch|p2a: Toxtricity|Toxtricity-Low-Key, M|100/100
|-sideend|p2: Supa Dupa Hoopa|move: Toxic Spikes|[of] p2a: Toxtricity
|-damage|p2a: Toxtricity|88/100|[from] Stealth Rock
|move|p1a: Frigo Cheeseheads|Nasty Plot|p1a: Frigo Cheeseheads
|-boost|p1a: Frigo Cheeseheads|spa|2
|
|upkeep
|turn|6
|
|t:|1769317582
|move|p2a: Toxtricity|Volt Switch|p1a: Frigo Cheeseheads
|-damage|p1a: Frigo Cheeseheads|56/100
|-enditem|p1a: Frigo Cheeseheads|Air Balloon
|
|t:|1769317589
|switch|p2a: Alomomola|Alomomola, F|100/100|[from] Volt Switch
|-damage|p2a: Alomomola|88/100|[from] Stealth Rock
|move|p1a: Frigo Cheeseheads|Shadow Ball|p2a: Alomomola
|-damage|p2a: Alomomola|43/100
|
|upkeep
|turn|7
|
|t:|1769317600
|switch|p2a: Meowscarada|Meowscarada, F|100/100
|-damage|p2a: Meowscarada|88/100|[from] Stealth Rock
|move|p1a: Frigo Cheeseheads|Shadow Ball|p2a: Meowscarada
|-resisted|p2a: Meowscarada
|-damage|p2a: Meowscarada|16/100
|
|upkeep
|turn|8
|
|t:|1769317615
|move|p2a: Meowscarada|Knock Off|p1a: Frigo Cheeseheads
|-start|p2a: Meowscarada|typechange|Dark|[from] ability: Protean
|-supereffective|p1a: Frigo Cheeseheads
|-damage|p1a: Frigo Cheeseheads|0 fnt
|faint|p1a: Frigo Cheeseheads
|
|upkeep
|
|t:|1769317621
|switch|p1a: Zacianzamenta|Zamazenta|100/100
|turn|9
|
|t:|1769317629
|switch|p2a: Alomomola|Alomomola, F|76/100
|-damage|p2a: Alomomola|64/100|[from] Stealth Rock
|move|p1a: Zacianzamenta|Iron Head|p2a: Alomomola
|-resisted|p2a: Alomomola
|-damage|p2a: Alomomola|54/100
|
|upkeep
|turn|10
|
|t:|1769317639
|switch|p1a: Ha Ha!|Clefable, F|100/100
|move|p2a: Alomomola|Flip Turn|p1a: Ha Ha!
|-damage|p1a: Ha Ha!|82/100
|
|t:|1769317645
|switch|p2a: Toxtricity|Toxtricity-Low-Key, M|88/100|[from] Flip Turn
|-damage|p2a: Toxtricity|76/100|[from] Stealth Rock
|
|upkeep
|turn|11
|
|t:|1769317661
|-terastallize|p1a: Ha Ha!|Steel
|move|p2a: Toxtricity|Sludge Bomb|p1a: Ha Ha!
|-immune|p1a: Ha Ha!
|move|p1a: Ha Ha!|Ice Beam|p2a: Toxtricity
|-damage|p2a: Toxtricity|22/100
|
|upkeep
|turn|12
|
|t:|1769317675
|switch|p2a: Alomomola|Alomomola, F|87/100
|-damage|p2a: Alomomola|75/100|[from] Stealth Rock
|move|p1a: Ha Ha!|Moonblast|p2a: Alomomola
|-damage|p2a: Alomomola|47/100
|
|upkeep
|turn|13
|
|t:|1769317683
|move|p1a: Ha Ha!|Thunderbolt|p2a: Alomomola
|-supereffective|p2a: Alomomola
|-crit|p2a: Alomomola
|-damage|p2a: Alomomola|0 fnt
|faint|p2a: Alomomola
|
|upkeep
|
|t:|1769317690
|switch|p2a: Great Tusk|Great Tusk|100/100
|-damage|p2a: Great Tusk|98/100|[from] Stealth Rock
|-enditem|p2a: Great Tusk|Booster Energy
|-activate|p2a: Great Tusk|ability: Protosynthesis|[fromitem]
|-start|p2a: Great Tusk|protosynthesisatk
|turn|14
|
|t:|1769317696
|move|p2a: Great Tusk|Earthquake|p1a: Ha Ha!
|-supereffective|p1a: Ha Ha!
|-damage|p1a: Ha Ha!|0 fnt
|faint|p1a: Ha Ha!
|
|upkeep
|
|t:|1769317704
|switch|p1a: Hoopa-Hax|Hoopa-Unbound|100/100
|turn|15
|
|t:|1769317719
|move|p1a: Hoopa-Hax|Psychic|p2a: Great Tusk
|-supereffective|p2a: Great Tusk
|-damage|p2a: Great Tusk|0 fnt
|faint|p2a: Great Tusk
|-end|p2a: Great Tusk|Protosynthesis|[silent]
|
|upkeep
|
|t:|1769317731
|switch|p2a: Dragapult|Dragapult, M|100/100
|-damage|p2a: Dragapult|88/100|[from] Stealth Rock
|turn|16
|
|t:|1769317736
|move|p2a: Dragapult|U-turn|p1a: Hoopa-Hax
|-supereffective|p1a: Hoopa-Hax
|-damage|p1a: Hoopa-Hax|0 fnt
|faint|p1a: Hoopa-Hax
|
|t:|1769317748
|switch|p2a: Meowscarada|Meowscarada, F|16/100|[from] U-turn
|-damage|p2a: Meowscarada|3/100|[from] Stealth Rock
|
|upkeep
|
|t:|1769317754
|switch|p1a: Zacianzamenta|Zamazenta|100/100
|turn|17
|
|t:|1769317759
|move|p2a: Meowscarada|Trick|p1a: Zacianzamenta
|-start|p2a: Meowscarada|typechange|Psychic|[from] ability: Protean
|-activate|p2a: Meowscarada|move: Trick|[of] p1a: Zacianzamenta
|-item|p1a: Zacianzamenta|Choice Scarf|[from] move: Trick
|-item|p2a: Meowscarada|Leftovers|[from] move: Trick
|move|p1a: Zacianzamenta|Crunch|p2a: Meowscarada
|-supereffective|p2a: Meowscarada
|-damage|p2a: Meowscarada|0 fnt
|faint|p2a: Meowscarada
|
|upkeep
|
|t:|1769317770
|switch|p2a: Corviknight|Corviknight, M|100/100
|-damage|p2a: Corviknight|88/100|[from] Stealth Rock
|-ability|p2a: Corviknight|Pressure
|turn|18
|
|t:|1769317780
|move|p1a: Zacianzamenta|Crunch|p2a: Corviknight
|-damage|p2a: Corviknight|72/100
|move|p2a: Corviknight|Body Press|p1a: Zacianzamenta
|-damage|p1a: Zacianzamenta|77/100
|
|-heal|p2a: Corviknight|78/100|[from] item: Leftovers
|upkeep
|turn|19
|
|t:|1769317787
|move|p1a: Zacianzamenta|Crunch|p2a: Corviknight
|-damage|p2a: Corviknight|63/100
|move|p2a: Corviknight|Bulk Up|p2a: Corviknight
|-boost|p2a: Corviknight|atk|1
|-boost|p2a: Corviknight|def|1
|
|-heal|p2a: Corviknight|69/100|[from] item: Leftovers
|upkeep
|turn|20
|
|t:|1769317795
|move|p1a: Zacianzamenta|Crunch|p2a: Corviknight
|-damage|p2a: Corviknight|59/100
|move|p2a: Corviknight|Body Press|p1a: Zacianzamenta
|-damage|p1a: Zacianzamenta|40/100
|
|-heal|p2a: Corviknight|65/100|[from] item: Leftovers
|upkeep
|turn|21
|
|t:|1769317802
|move|p1a: Zacianzamenta|Crunch|p2a: Corviknight
|-damage|p2a: Corviknight|55/100
|move|p2a: Corviknight|Roost|p2a: Corviknight
|-heal|p2a: Corviknight|100/100
|-singleturn|p2a: Corviknight|move: Roost
|
|upkeep
|turn|22
|
|t:|1769317808
|move|p1a: Zacianzamenta|Crunch|p2a: Corviknight
|-damage|p2a: Corviknight|90/100
|move|p2a: Corviknight|Bulk Up|p2a: Corviknight
|-boost|p2a: Corviknight|atk|1
|-boost|p2a: Corviknight|def|1
|
|-heal|p2a: Corviknight|97/100|[from] item: Leftovers
|upkeep
|turn|23
|
|t:|1769317816
|move|p1a: Zacianzamenta|Crunch|p2a: Corviknight
|-damage|p2a: Corviknight|88/100
|move|p2a: Corviknight|Body Press|p1a: Zacianzamenta
|-damage|p1a: Zacianzamenta|0 fnt
|faint|p1a: Zacianzamenta
|
|-heal|p2a: Corviknight|95/100|[from] item: Leftovers
|upkeep
|
|t:|1769317821
|switch|p1a: Kyurem-Gray|Kyurem, shiny|100/100
|-ability|p1a: Kyurem-Gray|Pressure
|turn|24
|
|t:|1769317826
|move|p1a: Kyurem-Gray|Icicle Spear|p2a: Corviknight
|-damage|p2a: Corviknight|91/100
|-damage|p2a: Corviknight|86/100
|-damage|p2a: Corviknight|81/100
|-damage|p2a: Corviknight|77/100
|-damage|p2a: Corviknight|72/100
|-hitcount|p2a: Corviknight|5
|move|p2a: Corviknight|Body Press|p1a: Kyurem-Gray
|-supereffective|p1a: Kyurem-Gray
|-damage|p1a: Kyurem-Gray|13/100
|
|-heal|p2a: Corviknight|78/100|[from] item: Leftovers
|upkeep
|turn|25
|
|t:|1769317838
|move|p1a: Kyurem-Gray|Icicle Spear|p2a: Corviknight
|-damage|p2a: Corviknight|74/100
|-damage|p2a: Corviknight|69/100
|-damage|p2a: Corviknight|65/100
|-damage|p2a: Corviknight|60/100
|-hitcount|p2a: Corviknight|4
|move|p2a: Corviknight|Body Press|p1a: Kyurem-Gray
|-supereffective|p1a: Kyurem-Gray
|-damage|p1a: Kyurem-Gray|0 fnt
|faint|p1a: Kyurem-Gray
|
|win|Supa Dupa Hoopa
|raw|Hoenn&apos;s Fury's rating: 1223 &rarr; <strong>1204</strong><br />(-19 for losing)
|raw|Supa Dupa Hoopa's rating: 1307 &rarr; <strong>1322</strong><br />(+15 for winning)
|l|☆Hoenn's Fury
|player|p1|
