|j|☆Chief_Ironside
|j|☆Hard salami
|t:|1769307157
|gametype|singles
|player|p1|Chief_Ironside|170|1335
|player|p2|Hard salami|ltsurge|1363
|gen|9
|tier|[Gen 9] OU
|rated|
|rule|HP Percentage Mod: HP is shown in percentages
|rule|Endless Battle Clause: Forcing endless battles is banned
|rule|Species Clause: Limit one of each Pokémon
|rule|OHKO Clause: OHKO moves are banned
|rule|Evasion Items Clause: Evasion items are banned
|rule|Evasion Moves Clause: Evasion moves are banned
|rule|Evasion Abilities Clause: Evasion abilities are banned
|rule|Sleep Moves Clause: Sleep-inducing moves are banned
|clearpoke
|poke|p1|Pelipper, M|
|poke|p1|Barraskewda, M|
|poke|p1|Rillaboom, M|
|poke|p1|Corviknight, F|
|poke|p1|Ting-Lu|
|poke|p1|Zapdos|
|poke|p2|Dudunsparce-*, M|
|poke|p2|Gyarados, M|
|poke|p2|Oricorio-Sensu, F|
|poke|p2|Kingambit, F|
|poke|p2|Iron Valiant|
|poke|p2|Arcanine-Hisui, F|
|teampreview
|inactive|Battle timer is ON: inactive players will automatically lose when time's up. (requested by Chief_Ironside)
|
|t:|1769307179
|teamsize|p1|6
|teamsize|p2|6
|start
|switch|p1a: Zapdos|Zapdos|100/100
|switch|p2a: God|Dudunsparce-Three-Segment, M|100/100
|turn|1
|
|t:|1769307190
|move|p1a: Zapdos|Volt Switch|p2a: God
|-damage|p2a: God|64/100
|
|t:|1769307196
|switch|p1a: Corviknight|Corviknight, F|100/100|[from] Volt Switch
|-ability|p1a: Corviknight|Pressure
|move|p2a: God|Boomburst|p1a: Corviknight
|-resisted|p1a: Corviknight
|-damage|p1a: Corviknight|53/100
|
|upkeep
|turn|2
|
|t:|1769307202
|move|p2a: God|Boomburst|p1a: Corviknight
|-resisted|p1a: Corviknight
|-damage|p1a: Corviknight|6/100
|move|p1a: Corviknight|Body Press|p2a: God
|-supereffective|p2a: God
|-damage|p2a: God|9/100
|
|upkeep
|turn|3
|
|t:|1769307207
|switch|p1a: Ting-Lu|Ting-Lu|100/100
|-ability|p1a: Ting-Lu|Vessel of Ruin
|move|p2a: God|Boomburst|p1a: Ting-Lu
|-damage|p1a: Ting-Lu|61/100
|
|-heal|p1a: Ting-Lu|67/100|[from] item: Leftovers
|upkeep
|turn|4
|
|t:|1769307216
|move|p2a: God|Boomburst|p1a: Ting-Lu
|-damage|p1a: Ting-Lu|29/100
|move|p1a: Ting-Lu|Whirlwind|p2a: God
|drag|p2a: Tusk Eater|Gyarados, M|100/100
|
|-heal|p1a: Ting-Lu|36/100|[from] item: Leftovers
|upkeep
|turn|5
|
|t:|1769307223
|move|p2a: Tusk Eater|Waterfall|p1a: Ting-Lu
|-supereffective|p1a: Ting-Lu
|-damage|p1a: Ting-Lu|0 fnt
|faint|p1a: Ting-Lu
|-ability|p2a: Tusk Eater|Moxie|boost
|-boost|p2a: Tusk Eater|atk|1
|
|upkeep
|
|t:|1769307226
|switch|p1a: Zapdos|Zapdos|100/100
|turn|6
|
|t:|1769307244
|switch|p2a: God|Dudunsparce-Three-Segment, M|9/100
|move|p1a: Zapdos|Volt Switch|p2a: God
|-damage|p2a: God|0 fnt
|faint|p2a: God
|
|t:|1769307251
|switch|p1a: Pelipper|Pelipper, M|100/100|[from] Volt Switch
|-weather|RainDance|[from] ability: Drizzle|[of] p1a: Pelipper
|
|-weather|RainDance|[upkeep]
|upkeep
|inactive|Hard salami has 120 seconds left.
|
|t:|1769307282
|switch|p2a: Arcanine|Arcanine-Hisui, F|100/100
|turn|7
|inactive|Hard salami has 120 seconds left.
|
|t:|1769307301
|switch|p1a: Corviknight|Corviknight, F|6/100
|-ability|p1a: Corviknight|Pressure
|move|p2a: Arcanine|Head Smash|p1a: Corviknight
|-damage|p1a: Corviknight|0 fnt
|-damage|p2a: Arcanine|84/100|[from] item: Rocky Helmet|[of] p1a: Corviknight
|faint|p1a: Corviknight
|
|-weather|RainDance|[upkeep]
|upkeep
|
|t:|1769307307
|switch|p1a: Barraskewda|Barraskewda, M|100/100
|turn|8
|
|t:|1769307316
|switch|p2a: Tusk Eater|Gyarados, M|100/100
|move|p1a: Barraskewda|Liquidation|p2a: Tusk Eater
|-resisted|p2a: Tusk Eater
|-damage|p2a: Tusk Eater|48/100
|
|-weather|RainDance|[upkeep]
|-heal|p2a: Tusk Eater|55/100|[from] item: Leftovers
|upkeep
|turn|9
|
|t:|1769307323
|-terastallize|p1a: Barraskewda|Water
|move|p1a: Barraskewda|Liquidation|p2a: Tusk Eater
|-resisted|p2a: Tusk Eater
|-crit|p2a: Tusk Eater
|-damage|p2a: Tusk Eater|0 fnt
|faint|p2a: Tusk Eater
|
|-weather|RainDance|[upkeep]
|upkeep
|
|t:|1769307328
|switch|p2a: Arcanine|Arcanine-Hisui, F|84/100
|turn|10
|
|t:|1769307330
|-terastallize|p2a: Arcanine|Normal
|move|p2a: Arcanine|Extreme Speed|p1a: Barraskewda
|-damage|p1a: Barraskewda|0 fnt
|faint|p1a: Barraskewda
|
|-weather|RainDance|[upkeep]
|upkeep
|
|t:|1769307336
|switch|p1a: Pelipper|Pelipper, M|100/100
|turn|11
|
|t:|1769307348
|move|p2a: Arcanine|Extreme Speed|p1a: Pelipper
|-damage|p1a: Pelipper|58/100
|move|p1a: Pelipper|U-turn|p2a: Arcanine
|-damage|p2a: Arcanine|74/100
|
|t:|1769307351
|switch|p1a: Rillaboom|Rillaboom, M|100/100|[from] U-turn
|-fieldstart|move: Grassy Terrain|[from] ability: Grassy Surge|[of] p1a: Rillaboom
|
|-weather|RainDance|[upkeep]
|-heal|p2a: Arcanine|80/100|[from] Grassy Terrain
|upkeep
|turn|12
|
|t:|1769307357
|switch|p2a: Spinner|Oricorio-Sensu, F|100/100
|move|p1a: Rillaboom|Grassy Glide|p2a: Spinner
|-resisted|p2a: Spinner
|-damage|p2a: Spinner|55/100
|
|-weather|RainDance|[upkeep]
|upkeep
|turn|13
|
|t:|1769307362
|switch|p1a: Zapdos|Zapdos|100/100
|move|p2a: Spinner|Air Slash|p1a: Zapdos
|-resisted|p1a: Zapdos
|-damage|p1a: Zapdos|81/100
|
|-weather|none
|upkeep
|turn|14
|
|t:|1769307367
|move|p1a: Zapdos|Volt Switch|p2a: Spinner
|-supereffective|p2a: Spinner
|-damage|p2a: Spinner|0 fnt
|faint|p2a: Spinner
|
|t:|1769307371
|switch|p1a: Pelipper|Pelipper, M|58/100|[from] Volt Switch
|-weather|RainDance|[from] ability: Drizzle|[of] p1a: Pelipper
|
|-weather|RainDance|[upkeep]
|upkeep
|
|t:|1769307400
|switch|p2a: Arcanine|Arcanine-Hisui, F, tera:Normal|80/100
|turn|15
|
|t:|1769307405
|move|p2a: Arcanine|Head Smash|p1a: Pelipper
|-supereffective|p1a: Pelipper
|-damage|p1a: Pelipper|0 fnt
|faint|p1a: Pelipper
|
|-weather|RainDance|[upkeep]
|-heal|p2a: Arcanine|86/100|[from] Grassy Terrain
|-fieldend|move: Grassy Terrain
|upkeep
|
|t:|1769307408
|switch|p1a: Rillaboom|Rillaboom, M|100/100
|-fieldstart|move: Grassy Terrain|[from] ability: Grassy Surge|[of] p1a: Rillaboom
|turn|16
|
|t:|1769307419
|move|p1a: Rillaboom|Grassy Glide|p2a: Arcanine
|-damage|p2a: Arcanine|5/100
|move|p2a: Arcanine|Head Smash|p1a: Rillaboom
|-damage|p1a: Rillaboom|0 fnt
|faint|p1a: Rillaboom
|
|-weather|RainDance|[upkeep]
|-heal|p2a: Arcanine|11/100|[from] Grassy Terrain
|upkeep
|-message|Chief_Ironside forfeited.
|
|win|Hard salami
|raw|Chief_Ironside's rating: 1335 &rarr; <strong>1317</strong><br />(-18 for losing)
|raw|Hard salami's rating: 1363 &rarr; <strong>1381</strong><br />(+18 for winning)
|l|☆Chief_Ironside
|player|p1|
|l|☆Hard salami
|player|p2|
