|j|☆jarrodbennett
|j|☆kianchimchar
|t:|1769392215
|gametype|singles
|player|p1|jarrodbennett|102|1418
|player|p2|kianchimchar|unknown|1441
|gen|9
|tier|[Gen 9] OU
|rated|
|rule|HP Percentage Mod: HP is shown in percentages
|rule|Endless Battle Clause: Forcing endless battles is banned
|rule|Species Clause: Limit one of each Pokémon
|rule|OHKO Clause: OHKO moves are banned
|rule|Evasion Items Clause: Evasion items are banned
|rule|Evasion Moves Clause: Evasion moves are banned
|rule|Evasion Abilities Clause: Evasion abilities are banned
|rule|Sleep Moves Clause: Sleep-inducing moves are banned
|clearpoke
|poke|p1|Ribombee, F|
|poke|p1|Cinderace, M|
|poke|p1|Serperior, F|
|poke|p1|Hitmonlee, M|
|poke|p1|Empoleon, M|
|poke|p1|Kingambit, M|
|poke|p2|Dragonite, F|
|poke|p2|Smeargle, F|
|poke|p2|Zoroark-Hisui, F|
|poke|p2|Scizor, F|
|poke|p2|Kyurem|
|poke|p2|Ditto|
|teampreview
|
|t:|1769392293
|teamsize|p1|6
|teamsize|p2|6
|start
|switch|p1a: Ya Like Jazz?|Ribombee, F|100/100
|switch|p2a: Scizor|Scizor, F, shiny|100/100
|turn|1
|inactive|Battle timer is ON: inactive players will automatically lose when time's up. (requested by kianchimchar)
|
|t:|1769392300
|move|p2a: Scizor|Trick|p1a: Ya Like Jazz?
|-activate|p2a: Scizor|move: Trick|[of] p1a: Ya Like Jazz?
|-item|p1a: Ya Like Jazz?|Choice Scarf|[from] move: Trick
|-item|p2a: Scizor|Focus Sash|[from] move: Trick
|move|p1a: Ya Like Jazz?|Sticky Web|p2a: Scizor
|-sidestart|p2: kianchimchar|move: Sticky Web
|
|upkeep
|turn|2
|
|t:|1769392308
|switch|p1a: What's Up Doc?|Cinderace, M|100/100
|move|p2a: Scizor|Hyper Voice|p1a: What's Up Doc?
|-damage|p1a: What's Up Doc?|29/100
|
|upkeep
|turn|3
|
|t:|1769392316
|switch|p2a: Scizor|Scizor, F, shiny|100/100
|-activate|p2a: Scizor|move: Sticky Web
|-unboost|p2a: Scizor|spe|1
|move|p1a: What's Up Doc?|Court Change|p1a: What's Up Doc?
|-start|p1a: What's Up Doc?|typechange|Normal|[from] ability: Libero
|-swapsideconditions
|-activate|p1a: What's Up Doc?|move: Court Change
|
|upkeep
|turn|4
|
|t:|1769392327
|move|p1a: What's Up Doc?|Pyro Ball|p2a: Scizor
|-supereffective|p2a: Scizor
|-damage|p2a: Scizor|0 fnt
|faint|p2a: Scizor
|
|upkeep
|
|t:|1769392337
|switch|p2a: Ditto|Ditto|100/100
|-transform|p2a: Ditto|p1a: What's Up Doc?|[from] ability: Imposter
|turn|5
|
|t:|1769392342
|move|p2a: Ditto|Pyro Ball|p1a: What's Up Doc?
|-start|p2a: Ditto|typechange|Fire|[from] ability: Libero
|-damage|p1a: What's Up Doc?|0 fnt
|faint|p1a: What's Up Doc?
|-damage|p2a: Ditto|90/100|[from] item: Life Orb
|
|upkeep
|
|t:|1769392351
|switch|p1a: Kickin' Nugget|Hitmonlee, M|100/100
|-activate|p1a: Kickin' Nugget|move: Sticky Web
|-unboost|p1a: Kickin' Nugget|spe|1
|-enditem|p1a: Kickin' Nugget|White Herb
|-clearnegativeboost|p1a: Kickin' Nugget|[silent]
|turn|6
|
|t:|1769392357
|move|p1a: Kickin' Nugget|Close Combat|p2a: Ditto
|-damage|p2a: Ditto|0 fnt
|-unboost|p1a: Kickin' Nugget|def|1
|-unboost|p1a: Kickin' Nugget|spd|1
|faint|p2a: Ditto
|
|upkeep
|
|t:|1769392365
|switch|p2a: Smeargle|Smeargle, F|100/100
|turn|7
|
|t:|1769392368
|move|p1a: Kickin' Nugget|Knock Off|p2a: Smeargle
|-enditem|p2a: Smeargle|Focus Sash
|-damage|p2a: Smeargle|1/100
|move|p2a: Smeargle|Glare|p1a: Kickin' Nugget
|-status|p1a: Kickin' Nugget|par
|
|upkeep
|turn|8
|
|t:|1769392376
|move|p1a: Kickin' Nugget|Knock Off|p2a: Smeargle
|-damage|p2a: Smeargle|0 fnt
|faint|p2a: Smeargle
|
|upkeep
|
|t:|1769392383
|switch|p2a: one man army|Dragonite, F, shiny|100/100
|turn|9
|
|t:|1769392388
|move|p2a: one man army|Hyper Voice|p1a: Kickin' Nugget
|-damage|p1a: Kickin' Nugget|17/100 par
|cant|p1a: Kickin' Nugget|par
|
|upkeep
|turn|10
|
|t:|1769392394
|move|p2a: one man army|Hyper Voice|p1a: Kickin' Nugget
|-damage|p1a: Kickin' Nugget|0 fnt
|faint|p1a: Kickin' Nugget
|
|upkeep
|
|t:|1769392400
|switch|p1a: Ya Like Jazz?|Ribombee, F|100/100
|-activate|p1a: Ya Like Jazz?|move: Sticky Web
|-unboost|p1a: Ya Like Jazz?|spe|1
|turn|11
|
|t:|1769392404
|move|p1a: Ya Like Jazz?|Moonblast|p2a: one man army
|-damage|p2a: one man army|18/100
|-unboost|p2a: one man army|spa|1
|replace|p2a: Zoroark|Zoroark-Hisui, F
|-end|p2a: Zoroark|Illusion
|move|p2a: Zoroark|Flamethrower|p1a: Ya Like Jazz?
|-supereffective|p1a: Ya Like Jazz?
|-damage|p1a: Ya Like Jazz?|29/100
|
|upkeep
|turn|12
|
|t:|1769392413
|move|p1a: Ya Like Jazz?|Moonblast|p2a: Zoroark
|-damage|p2a: Zoroark|0 fnt
|faint|p2a: Zoroark
|
|upkeep
|
|t:|1769392415
|switch|p2a: Kyurem|Kyurem|100/100
|-ability|p2a: Kyurem|Pressure
|turn|13
|
|t:|1769392422
|move|p1a: Ya Like Jazz?|Moonblast|p2a: Kyurem
|-supereffective|p2a: Kyurem
|-damage|p2a: Kyurem|25/100
|move|p2a: Kyurem|Freeze-Dry|p1a: Ya Like Jazz?
|-damage|p1a: Ya Like Jazz?|0 fnt
|faint|p1a: Ya Like Jazz?
|
|upkeep
|
|t:|1769392430
|switch|p1a: Big Z|Empoleon, M|100/100
|-activate|p1a: Big Z|move: Sticky Web
|-unboost|p1a: Big Z|spe|1
|-ability|p1a: Big Z|Competitive|boost
|-boost|p1a: Big Z|spa|2
|turn|14
|
|t:|1769392436
|move|p1a: Big Z|Vacuum Wave|p2a: Kyurem
|-supereffective|p2a: Kyurem
|-damage|p2a: Kyurem|0 fnt
|faint|p2a: Kyurem
|
|upkeep
|
|t:|1769392438
|switch|p2a: one man army|Dragonite, F, shiny|100/100
|turn|15
|
|t:|1769392445
|-terastallize|p2a: one man army|Ghost
|-terastallize|p1a: Big Z|Ground
|move|p2a: one man army|Encore|p1a: Big Z
|-start|p1a: Big Z|Encore
|move|p1a: Big Z|Vacuum Wave|p2a: one man army
|-immune|p2a: one man army
|
|upkeep
|turn|16
|
|t:|1769392454
|switch|p1a: Slytherin|Serperior, F|100/100
|-activate|p1a: Slytherin|move: Sticky Web
|-boost|p1a: Slytherin|spe|1
|move|p2a: one man army|Dragon Dance|p2a: one man army
|-boost|p2a: one man army|atk|1
|-boost|p2a: one man army|spe|1
|
|upkeep
|turn|17
|
|t:|1769392462
|move|p1a: Slytherin|Leaf Storm|p2a: one man army
|-damage|p2a: one man army|76/100
|-boost|p1a: Slytherin|spa|2
|move|p2a: one man army|Tera Blast|p1a: Slytherin|[anim] Tera Blast Ghost
|-damage|p1a: Slytherin|26/100
|
|-heal|p2a: one man army|82/100|[from] item: Leftovers
|upkeep
|turn|18
|
|t:|1769392473
|move|p1a: Slytherin|Leaf Storm|p2a: one man army
|-damage|p2a: one man army|0 fnt
|-boost|p1a: Slytherin|spa|2
|faint|p2a: one man army
|
|win|jarrodbennett
|raw|jarrodbennett's rating: 1418 &rarr; <strong>1439</strong><br />(+21 for winning)
|raw|kianchimchar's rating: 1441 &rarr; <strong>1420</strong><br />(-21 for losing)
|l|☆kianchimchar
|player|p2|
|l|☆jarrodbennett
|player|p1|
