|j|☆headdrop2000
|j|☆Herecomesthatbull
|t:|1769313577
|gametype|singles
|player|p1|headdrop2000|brock|1076
|player|p2|Herecomesthatbull|1|1084
|gen|9
|tier|[Gen 9] OU
|rated|
|rule|HP Percentage Mod: HP is shown in percentages
|rule|Endless Battle Clause: Forcing endless battles is banned
|rule|Species Clause: Limit one of each Pokémon
|rule|OHKO Clause: OHKO moves are banned
|rule|Evasion Items Clause: Evasion items are banned
|rule|Evasion Moves Clause: Evasion moves are banned
|rule|Evasion Abilities Clause: Evasion abilities are banned
|rule|Sleep Moves Clause: Sleep-inducing moves are banned
|clearpoke
|poke|p1|Gengar, M|
|poke|p1|Quagsire, M|
|poke|p1|Ludicolo, M|
|poke|p1|Scrafty, M|
|poke|p1|Coalossal, F|
|poke|p1|Leavanny, F|
|poke|p2|Weavile, M|
|poke|p2|Sandy Shocks|
|poke|p2|Hoopa-Unbound|
|poke|p2|Latios, M|
|poke|p2|Suicune|
|poke|p2|Gholdengo|
|teampreview
|
|t:|1769313618
|teamsize|p1|6
|teamsize|p2|6
|start
|switch|p1a: Leavanny|Leavanny, F|100/100
|switch|p2a: Latios|Latios, M|100/100
|turn|1
|inactive|Battle timer is ON: inactive players will automatically lose when time's up. (requested by headdrop2000)
|
|t:|1769313628
|move|p2a: Latios|Psychic|p1a: Leavanny
|-damage|p1a: Leavanny|42/100
|move|p1a: Leavanny|Sticky Web|p2a: Latios
|-sidestart|p2: Herecomesthatbull|move: Sticky Web
|
|upkeep
|turn|2
|
|t:|1769313637
|move|p2a: Latios|Psychic|p1a: Leavanny
|-crit|p1a: Leavanny
|-damage|p1a: Leavanny|0 fnt
|faint|p1a: Leavanny
|
|upkeep
|
|t:|1769313642
|switch|p1a: Gengar|Gengar, M|100/100
|turn|3
|
|t:|1769313672
|switch|p2a: Hoopa|Hoopa-Unbound|100/100
|-activate|p2a: Hoopa|move: Sticky Web
|-unboost|p2a: Hoopa|spe|1
|move|p1a: Gengar|Sludge Wave|p2a: Hoopa
|-damage|p2a: Hoopa|70/100
|-status|p2a: Hoopa|psn
|
|-damage|p2a: Hoopa|57/100 psn|[from] psn
|upkeep
|turn|4
|
|t:|1769313690
|switch|p1a: Coalossal|Coalossal, F|100/100
|move|p2a: Hoopa|Knock Off|p1a: Coalossal
|-damage|p1a: Coalossal|71/100
|-enditem|p1a: Coalossal|Heavy-Duty Boots|[from] move: Knock Off|[of] p2a: Hoopa
|
|-damage|p2a: Hoopa|45/100 psn|[from] psn
|upkeep
|turn|5
|
|t:|1769313699
|move|p2a: Hoopa|Drain Punch|p1a: Coalossal
|-supereffective|p1a: Coalossal
|-damage|p1a: Coalossal|39/100
|-heal|p2a: Hoopa|67/100 psn|[from] drain|[of] p1a: Coalossal
|move|p1a: Coalossal|Flamethrower|p2a: Hoopa
|-damage|p2a: Hoopa|50/100 psn
|
|-damage|p2a: Hoopa|38/100 psn|[from] psn
|upkeep
|turn|6
|
|t:|1769313710
|switch|p1a: Gengar|Gengar, M|100/100
|move|p2a: Hoopa|Drain Punch|p1a: Gengar
|-immune|p1a: Gengar
|
|-damage|p2a: Hoopa|26/100 psn|[from] psn
|upkeep
|turn|7
|
|t:|1769313723
|switch|p2a: Suicune|Suicune|100/100
|-activate|p2a: Suicune|move: Sticky Web
|-unboost|p2a: Suicune|spe|1
|move|p1a: Gengar|Sludge Wave|p2a: Suicune
|-damage|p2a: Suicune|64/100
|
|upkeep
|turn|8
|
|t:|1769313731
|switch|p1a: Quagsire|Quagsire, M|100/100
|move|p2a: Suicune|Shadow Ball|p1a: Quagsire
|-damage|p1a: Quagsire|78/100
|
|upkeep
|turn|9
|
|t:|1769313739
|move|p2a: Suicune|Calm Mind|p2a: Suicune
|-boost|p2a: Suicune|spa|1
|-boost|p2a: Suicune|spd|1
|move|p1a: Quagsire|Earthquake|p2a: Suicune
|-damage|p2a: Suicune|42/100
|
|upkeep
|turn|10
|
|t:|1769313746
|move|p2a: Suicune|Calm Mind|p2a: Suicune
|-boost|p2a: Suicune|spa|1
|-boost|p2a: Suicune|spd|1
|move|p1a: Quagsire|Recover|p1a: Quagsire
|-heal|p1a: Quagsire|100/100
|
|upkeep
|turn|11
|
|t:|1769313753
|move|p2a: Suicune|Shadow Ball|p1a: Quagsire
|-damage|p1a: Quagsire|79/100
|move|p1a: Quagsire|Toxic|p2a: Suicune
|-status|p2a: Suicune|tox
|
|-damage|p2a: Suicune|35/100 tox|[from] psn
|upkeep
|turn|12
|
|t:|1769313763
|move|p2a: Suicune|Scald|p1a: Quagsire
|-damage|p1a: Quagsire|47/100
|move|p1a: Quagsire|Earthquake|p2a: Suicune
|-damage|p2a: Suicune|14/100 tox
|
|-damage|p2a: Suicune|2/100 tox|[from] psn
|upkeep
|turn|13
|
|t:|1769313770
|move|p2a: Suicune|Scald|p1a: Quagsire
|-damage|p1a: Quagsire|14/100
|move|p1a: Quagsire|Recover|p1a: Quagsire
|-heal|p1a: Quagsire|64/100
|
|-damage|p2a: Suicune|0 fnt|[from] psn
|faint|p2a: Suicune
|upkeep
|
|t:|1769313796
|switch|p2a: Latios|Latios, M|100/100
|turn|14
|inactive|Herecomesthatbull has 120 seconds left.
|
|t:|1769313819
|move|p2a: Latios|Dragon Dance|p2a: Latios
|-boost|p2a: Latios|atk|1
|-boost|p2a: Latios|spe|1
|move|p1a: Quagsire|Toxic|p2a: Latios
|-status|p2a: Latios|tox
|
|-damage|p2a: Latios|95/100 tox|[from] psn
|upkeep
|turn|15
|
|t:|1769313827
|move|p2a: Latios|Draco Meteor|p1a: Quagsire
|-damage|p1a: Quagsire|0 fnt
|-unboost|p2a: Latios|spa|2
|faint|p1a: Quagsire
|
|-damage|p2a: Latios|83/100 tox|[from] psn
|upkeep
|
|t:|1769313835
|switch|p1a: Gengar|Gengar, M|100/100
|turn|16
|
|t:|1769313849
|move|p1a: Gengar|Thunder|p2a: Latios|[miss]
|-miss|p1a: Gengar|p2a: Latios
|move|p2a: Latios|Psychic|p1a: Gengar
|-supereffective|p1a: Gengar
|-damage|p1a: Gengar|22/100
|
|-damage|p2a: Latios|65/100 tox|[from] psn
|upkeep
|turn|17
|
|t:|1769313856
|move|p1a: Gengar|Thunder|p2a: Latios
|-resisted|p2a: Latios
|-damage|p2a: Latios|44/100 tox
|move|p2a: Latios|Psychic|p1a: Gengar
|-supereffective|p1a: Gengar
|-damage|p1a: Gengar|0 fnt
|faint|p1a: Gengar
|
|-damage|p2a: Latios|20/100 tox|[from] psn
|upkeep
|
|t:|1769313868
|switch|p1a: Ludicolo|Ludicolo, M|100/100
|turn|18
|
|t:|1769313877
|move|p2a: Latios|Draco Meteor|p1a: Ludicolo
|-damage|p1a: Ludicolo|64/100
|-unboost|p2a: Latios|spa|2
|move|p1a: Ludicolo|Ice Beam|p2a: Latios
|-supereffective|p2a: Latios
|-damage|p2a: Latios|0 fnt
|faint|p2a: Latios
|-damage|p1a: Ludicolo|54/100|[from] item: Life Orb
|
|upkeep
|
|t:|1769313894
|switch|p2a: Gholdengo|Gholdengo|100/100
|-activate|p2a: Gholdengo|move: Sticky Web
|-unboost|p2a: Gholdengo|spe|1
|turn|19
|
|t:|1769313905
|move|p1a: Ludicolo|Giga Drain|p2a: Gholdengo
|-resisted|p2a: Gholdengo
|-damage|p2a: Gholdengo|73/100
|-heal|p1a: Ludicolo|68/100|[from] drain|[of] p2a: Gholdengo
|-damage|p1a: Ludicolo|58/100|[from] item: Life Orb
|move|p2a: Gholdengo|Thunderbolt|p1a: Ludicolo
|-crit|p1a: Ludicolo
|-damage|p1a: Ludicolo|6/100
|
|-heal|p2a: Gholdengo|79/100|[from] item: Leftovers
|upkeep
|turn|20
|
|t:|1769313916
|move|p1a: Ludicolo|Hydro Pump|p2a: Gholdengo|[miss]
|-miss|p1a: Ludicolo|p2a: Gholdengo
|move|p2a: Gholdengo|Make It Rain|p1a: Ludicolo
|-resisted|p1a: Ludicolo
|-damage|p1a: Ludicolo|0 fnt
|-unboost|p2a: Gholdengo|spa|1
|faint|p1a: Ludicolo
|
|-heal|p2a: Gholdengo|85/100|[from] item: Leftovers
|upkeep
|
|t:|1769313926
|switch|p1a: Scrafty|Scrafty, M|100/100
|turn|21
|
|t:|1769313938
|move|p2a: Gholdengo|Make It Rain|p1a: Scrafty
|-crit|p1a: Scrafty
|-damage|p1a: Scrafty|13/100
|-unboost|p2a: Gholdengo|spa|1
|move|p1a: Scrafty|Knock Off|p2a: Gholdengo
|-supereffective|p2a: Gholdengo
|-damage|p2a: Gholdengo|0 fnt
|-enditem|p2a: Gholdengo|Leftovers|[from] move: Knock Off|[of] p1a: Scrafty
|faint|p2a: Gholdengo
|-ability|p1a: Scrafty|Moxie|boost
|-boost|p1a: Scrafty|atk|1
|
|-heal|p1a: Scrafty|19/100|[from] item: Leftovers
|upkeep
|
|t:|1769313946
|switch|p2a: Weavile|Weavile, M|100/100
|-ability|p2a: Weavile|Pressure
|turn|22
|
|t:|1769313954
|move|p2a: Weavile|Low Kick|p1a: Scrafty
|-supereffective|p1a: Scrafty
|-damage|p1a: Scrafty|0 fnt
|faint|p1a: Scrafty
|
|upkeep
|
|t:|1769313957
|switch|p1a: Coalossal|Coalossal, F|39/100
|turn|23
|
|t:|1769313964
|move|p2a: Weavile|Knock Off|p1a: Coalossal
|-damage|p1a: Coalossal|19/100
|move|p1a: Coalossal|Rock Slide|p2a: Weavile
|-supereffective|p2a: Weavile
|-damage|p2a: Weavile|24/100
|
|upkeep
|turn|24
|
|t:|1769313971
|move|p2a: Weavile|Low Kick|p1a: Coalossal
|-supereffective|p1a: Coalossal
|-damage|p1a: Coalossal|0 fnt
|faint|p1a: Coalossal
|
|win|Herecomesthatbull
|raw|headdrop2000's rating: 1076 &rarr; <strong>1055</strong><br />(-21 for losing)
|raw|Herecomesthatbull's rating: 1084 &rarr; <strong>1111</strong><br />(+27 for winning)
|l|☆Herecomesthatbull
|player|p2|
|l|☆headdrop2000
|player|p1|
