|j|☆joepeter
|j|☆mainteemotank
|t:|1769412334
|gametype|singles
|player|p1|joepeter|1|1089
|player|p2|mainteemotank|2|1051
|gen|9
|tier|[Gen 9] OU
|rated|
|rule|HP Percentage Mod: HP is shown in percentages
|rule|Endless Battle Clause: Forcing endless battles is banned
|rule|Species Clause: Limit one of each Pokémon
|rule|OHKO Clause: OHKO moves are banned
|rule|Evasion Items Clause: Evasion items are banned
|rule|Evasion Moves Clause: Evasion moves are banned
|rule|Evasion Abilities Clause: Evasion abilities are banned
|rule|Sleep Moves Clause: Sleep-inducing moves are banned
|clearpoke
|poke|p1|Qwilfish, F|
|poke|p1|Sandy Shocks|
|poke|p1|Barraskewda, M|
|poke|p1|Eelektross, M|
|poke|p1|Lokix, F|
|poke|p1|Spidops, F|
|poke|p2|Jolteon, F|
|poke|p2|Swampert, F|
|poke|p2|Lucario, M|
|poke|p2|Samurott-Hisui, F|
|poke|p2|Dragapult, F|
|poke|p2|Leavanny, F|
|teampreview
|inactive|Battle timer is ON: inactive players will automatically lose when time's up. (requested by joepeter)
|
|t:|1769412344
|teamsize|p1|6
|teamsize|p2|6
|start
|switch|p1a: Spidops|Spidops, F|100/100
|switch|p2a: Samurott|Samurott-Hisui, F|100/100
|turn|1
|
|t:|1769412358
|move|p1a: Spidops|Silk Trap|p1a: Spidops
|-singleturn|p1a: Spidops|Protect
|move|p2a: Samurott|Ceaseless Edge|p1a: Spidops
|-activate|p1a: Spidops|move: Protect
|-unboost|p2a: Samurott|spe|1
|
|upkeep
|turn|2
|
|t:|1769412382
|move|p2a: Samurott|Ceaseless Edge|p1a: Spidops
|-damage|p1a: Spidops|50/100
|-sidestart|p1: joepeter|Spikes
|move|p1a: Spidops|Sticky Web|p2a: Samurott
|-sidestart|p2: mainteemotank|move: Sticky Web
|
|upkeep
|turn|3
|
|t:|1769412398
|move|p2a: Samurott|Flip Turn|p1a: Spidops
|-damage|p1a: Spidops|21/100
|
|t:|1769412402
|switch|p2a: Swampert|Swampert, F|100/100|[from] Flip Turn
|-activate|p2a: Swampert|move: Sticky Web
|-unboost|p2a: Swampert|spe|1
|move|p1a: Spidops|Circle Throw|p2a: Swampert
|-damage|p2a: Swampert|87/100
|drag|p2a: Lucario|Lucario, M|100/100
|-activate|p2a: Lucario|move: Sticky Web
|-unboost|p2a: Lucario|spe|1
|
|upkeep
|turn|4
|
|t:|1769412422
|move|p2a: Lucario|Meteor Mash|p1a: Spidops
|-damage|p1a: Spidops|0 fnt
|faint|p1a: Spidops
|-damage|p2a: Lucario|91/100|[from] item: Life Orb
|
|upkeep
|
|t:|1769412442
|switch|p1a: Eelektross|Eelektross, M|100/100
|turn|5
|
|t:|1769412454
|move|p2a: Lucario|Trailblaze|p1a: Eelektross
|-damage|p1a: Eelektross|83/100
|-boost|p2a: Lucario|spe|1
|-damage|p2a: Lucario|74/100|[from] item: Rocky Helmet|[of] p1a: Eelektross
|-damage|p2a: Lucario|64/100|[from] item: Life Orb
|move|p1a: Eelektross|Flamethrower|p2a: Lucario
|-supereffective|p2a: Lucario
|-damage|p2a: Lucario|0 fnt
|faint|p2a: Lucario
|
|upkeep
|
|t:|1769412469
|switch|p2a: Samurott|Samurott-Hisui, F|100/100
|-activate|p2a: Samurott|move: Sticky Web
|-unboost|p2a: Samurott|spe|1
|turn|6
|
|t:|1769412480
|move|p2a: Samurott|Aqua Cutter|p1a: Eelektross
|-damage|p1a: Eelektross|40/100
|move|p1a: Eelektross|Thunderbolt|p2a: Samurott
|-supereffective|p2a: Samurott
|-damage|p2a: Samurott|0 fnt
|faint|p2a: Samurott
|
|upkeep
|
|t:|1769412489
|switch|p2a: Jolteon|Jolteon, F|100/100
|-activate|p2a: Jolteon|move: Sticky Web
|-unboost|p2a: Jolteon|spe|1
|turn|7
|
|t:|1769412503
|move|p2a: Jolteon|Electroweb|p1a: Eelektross
|-resisted|p1a: Eelektross
|-damage|p1a: Eelektross|24/100
|-unboost|p1a: Eelektross|spe|1
|move|p1a: Eelektross|Flamethrower|p2a: Jolteon
|-damage|p2a: Jolteon|67/100
|
|-status|p2a: Jolteon|brn|[from] item: Flame Orb
|upkeep
|turn|8
|
|t:|1769412516
|move|p2a: Jolteon|Alluring Voice|p1a: Eelektross
|-damage|p1a: Eelektross|0 fnt
|faint|p1a: Eelektross
|
|-damage|p2a: Jolteon|61/100 brn|[from] brn
|upkeep
|
|t:|1769412529
|switch|p1a: Lokix|Lokix, F|100/100
|-damage|p1a: Lokix|88/100|[from] Spikes
|turn|9
|
|t:|1769412545
|-terastallize|p1a: Lokix|Stellar
|move|p1a: Lokix|First Impression|p2a: Jolteon
|-damage|p2a: Jolteon|0 fnt
|faint|p2a: Jolteon
|
|upkeep
|
|t:|1769412554
|switch|p2a: Swampert|Swampert, F|87/100
|-activate|p2a: Swampert|move: Sticky Web
|-unboost|p2a: Swampert|spe|1
|turn|10
|
|t:|1769412567
|switch|p1a: Qwilfish|Qwilfish, F|100/100
|-ability|p1a: Qwilfish|Intimidate|boost
|-unboost|p2a: Swampert|atk|1
|-item|p1a: Qwilfish|Air Balloon
|move|p2a: Swampert|Earthquake|p1a: Qwilfish
|-immune|p1a: Qwilfish
|
|upkeep
|turn|11
|l|☆joepeter
|inactive|joepeter disconnected and has a minute to reconnect!
|player|p1|
|inactive|joepeter has 30 seconds to reconnect!
|inactive|joepeter has 20 seconds to reconnect!
|j|☆joepeter
|inactive|joepeter reconnected and has 90 seconds left.
|player|p1|joepeter|1|
|
|t:|1769412628
|move|p1a: Qwilfish|Liquidation|p2a: Swampert
|-damage|p2a: Swampert|61/100
|move|p2a: Swampert|Ice Punch|p1a: Qwilfish
|-resisted|p1a: Qwilfish
|-damage|p1a: Qwilfish|94/100
|-enditem|p1a: Qwilfish|Air Balloon
|
|upkeep
|turn|12
|
|t:|1769412646
|switch|p2a: Leavanny|Leavanny, F|100/100
|-activate|p2a: Leavanny|move: Sticky Web
|-unboost|p2a: Leavanny|spe|1
|move|p1a: Qwilfish|Toxic|p2a: Leavanny
|-status|p2a: Leavanny|tox
|
|-damage|p2a: Leavanny|94/100 tox|[from] psn
|upkeep
|turn|13
|
|t:|1769412663
|move|p2a: Leavanny|Leaf Blade|p1a: Qwilfish
|-damage|p1a: Qwilfish|59/100
|move|p1a: Qwilfish|Gunk Shot|p2a: Leavanny|[miss]
|-miss|p1a: Qwilfish|p2a: Leavanny
|
|-damage|p2a: Leavanny|82/100 tox|[from] psn
|upkeep
|turn|14
|
|t:|1769412673
|move|p2a: Leavanny|Leaf Blade|p1a: Qwilfish
|-crit|p1a: Qwilfish
|-damage|p1a: Qwilfish|12/100
|move|p1a: Qwilfish|Gunk Shot|p2a: Leavanny
|-supereffective|p2a: Leavanny
|-damage|p2a: Leavanny|0 fnt
|faint|p2a: Leavanny
|
|upkeep
|inactive|mainteemotank has 120 seconds left.
|
|t:|1769412684
|switch|p2a: Dragapult|Dragapult, F|100/100
|-activate|p2a: Dragapult|move: Sticky Web
|-fail|p2a: Dragapult|unboost|[from] ability: Clear Body|[of] p2a: Dragapult
|turn|15
|
|t:|1769412697
|move|p2a: Dragapult|Dragon Dance|p2a: Dragapult
|-boost|p2a: Dragapult|atk|1
|-boost|p2a: Dragapult|spe|1
|move|p1a: Qwilfish|Toxic|p2a: Dragapult
|-status|p2a: Dragapult|tox
|
|-damage|p2a: Dragapult|95/100 tox|[from] psn
|upkeep
|turn|16
|
|t:|1769412707
|move|p2a: Dragapult|Dragon Darts|p1a: Qwilfish
|-damage|p1a: Qwilfish|0 fnt
|faint|p1a: Qwilfish
|-damage|p2a: Dragapult|85/100 tox|[from] item: Life Orb
|
|-damage|p2a: Dragapult|73/100 tox|[from] psn
|upkeep
|
|t:|1769412718
|switch|p1a: Lokix|Lokix, F, tera:Stellar|88/100
|-damage|p1a: Lokix|76/100|[from] Spikes
|turn|17
|
|t:|1769412727
|move|p1a: Lokix|Sucker Punch|p2a: Dragapult
|-supereffective|p2a: Dragapult
|-damage|p2a: Dragapult|0 fnt
|faint|p2a: Dragapult
|
|upkeep
|
|t:|1769412733
|switch|p2a: Swampert|Swampert, F|61/100
|-activate|p2a: Swampert|move: Sticky Web
|-unboost|p2a: Swampert|spe|1
|turn|18
|
|t:|1769412738
|move|p1a: Lokix|Sucker Punch|p2a: Swampert
|-damage|p2a: Swampert|19/100
|move|p2a: Swampert|Earthquake|p1a: Lokix
|-resisted|p1a: Lokix
|-damage|p1a: Lokix|36/100
|
|upkeep
|turn|19
|-message|mainteemotank forfeited.
|
|win|joepeter
|raw|joepeter's rating: 1089 &rarr; <strong>1113</strong><br />(+24 for winning)
|raw|mainteemotank's rating: 1051 &rarr; <strong>1035</strong><br />(-16 for losing)
|l|☆mainteemotank
|player|p2|
|l|☆joepeter
|player|p1|
