|j|☆rugster555
|j|☆sampoke19
|t:|1769411251
|gametype|singles
|player|p1|rugster555|ninjaboy|1456
|player|p2|sampoke19|265|1573
|gen|9
|tier|[Gen 9] OU
|rated|
|rule|HP Percentage Mod: HP is shown in percentages
|rule|Endless Battle Clause: Forcing endless battles is banned
|rule|Species Clause: Limit one of each Pokémon
|rule|OHKO Clause: OHKO moves are banned
|rule|Evasion Items Clause: Evasion items are banned
|rule|Evasion Moves Clause: Evasion moves are banned
|rule|Evasion Abilities Clause: Evasion abilities are banned
|rule|Sleep Moves Clause: Sleep-inducing moves are banned
|clearpoke
|poke|p1|Kyurem|
|poke|p1|Cinderace, M|
|poke|p1|Tornadus-Therian, M|
|poke|p1|Hatterene, F|
|poke|p1|Great Tusk|
|poke|p1|Kingambit, F|
|poke|p2|Blastoise, M|
|poke|p2|Ceruledge, M|
|poke|p2|Kingambit, F|
|poke|p2|Volcanion|
|poke|p2|Great Tusk|
|poke|p2|Dragonite, M|
|teampreview
|inactive|Battle timer is ON: inactive players will automatically lose when time's up. (requested by rugster555)
|
|t:|1769411255
|teamsize|p1|6
|teamsize|p2|6
|start
|switch|p1a: Great Tusk|Great Tusk|100/100
|switch|p2a: Great Tusk|Great Tusk|100/100
|-enditem|p2a: Great Tusk|Booster Energy
|-activate|p2a: Great Tusk|ability: Protosynthesis|[fromitem]
|-start|p2a: Great Tusk|protosynthesisspe
|turn|1
|
|t:|1769411264
|move|p2a: Great Tusk|Stealth Rock|p1a: Great Tusk
|-sidestart|p1: rugster555|move: Stealth Rock
|move|p1a: Great Tusk|Stealth Rock|p2a: Great Tusk
|-sidestart|p2: sampoke19|move: Stealth Rock
|
|upkeep
|turn|2
|
|t:|1769411269
|move|p2a: Great Tusk|Rapid Spin|p1a: Great Tusk
|-crit|p1a: Great Tusk
|-damage|p1a: Great Tusk|87/100
|-boost|p2a: Great Tusk|spe|1
|-damage|p2a: Great Tusk|84/100|[from] item: Rocky Helmet|[of] p1a: Great Tusk
|-sideend|p2: sampoke19|Stealth Rock|[from] move: Rapid Spin|[of] p2a: Great Tusk
|move|p1a: Great Tusk|Rapid Spin|p2a: Great Tusk
|-damage|p2a: Great Tusk|74/100
|-boost|p1a: Great Tusk|spe|1
|-sideend|p1: rugster555|Stealth Rock|[from] move: Rapid Spin|[of] p1a: Great Tusk
|
|upkeep
|turn|3
|
|t:|1769411279
|move|p2a: Great Tusk|Stealth Rock|p1a: Great Tusk
|-sidestart|p1: rugster555|move: Stealth Rock
|move|p1a: Great Tusk|Stealth Rock|p2a: Great Tusk
|-sidestart|p2: sampoke19|move: Stealth Rock
|
|upkeep
|turn|4
|
|t:|1769411285
|move|p2a: Great Tusk|Rapid Spin|p1a: Great Tusk
|-damage|p1a: Great Tusk|78/100
|-boost|p2a: Great Tusk|spe|1
|-damage|p2a: Great Tusk|58/100|[from] item: Rocky Helmet|[of] p1a: Great Tusk
|-sideend|p2: sampoke19|Stealth Rock|[from] move: Rapid Spin|[of] p2a: Great Tusk
|move|p1a: Great Tusk|Ice Spinner|p2a: Great Tusk
|-supereffective|p2a: Great Tusk
|-damage|p2a: Great Tusk|25/100
|
|upkeep
|turn|5
|
|t:|1769411294
|-end|p2a: Great Tusk|Protosynthesis|[silent]
|switch|p2a: Ceruledge|Ceruledge, M|100/100
|move|p1a: Great Tusk|Stealth Rock|p2a: Ceruledge
|-sidestart|p2: sampoke19|move: Stealth Rock
|
|upkeep
|turn|6
|
|t:|1769411301
|move|p1a: Great Tusk|Headlong Rush|p2a: Ceruledge
|-supereffective|p2a: Ceruledge
|-enditem|p2a: Ceruledge|Focus Sash
|-damage|p2a: Ceruledge|1/100
|-unboost|p1a: Great Tusk|def|1
|-unboost|p1a: Great Tusk|spd|1
|-ability|p2a: Ceruledge|Weak Armor|boost
|-unboost|p2a: Ceruledge|def|1
|-boost|p2a: Ceruledge|spe|2
|move|p2a: Ceruledge|Swords Dance|p2a: Ceruledge
|-boost|p2a: Ceruledge|atk|2
|
|upkeep
|turn|7
|
|t:|1769411327
|move|p2a: Ceruledge|Bitter Blade|p1a: Great Tusk
|-damage|p1a: Great Tusk|0 fnt
|-heal|p2a: Ceruledge|59/100|[from] drain|[of] p1a: Great Tusk
|-damage|p2a: Ceruledge|42/100|[from] item: Rocky Helmet|[of] p1a: Great Tusk
|faint|p1a: Great Tusk
|-end|p1a: Great Tusk|Protosynthesis|[silent]
|
|upkeep
|
|t:|1769411333
|switch|p1a: Kingambit|Kingambit, F, shiny|100/100
|-damage|p1a: Kingambit|94/100|[from] Stealth Rock
|-activate|p1a: Kingambit|ability: Supreme Overlord
|-start|p1a: Kingambit|fallen1|[silent]
|turn|8
|
|t:|1769411338
|move|p2a: Ceruledge|Shadow Sneak|p1a: Kingambit
|-resisted|p1a: Kingambit
|-damage|p1a: Kingambit|77/100
|move|p1a: Kingambit|Kowtow Cleave|p2a: Ceruledge
|-supereffective|p2a: Ceruledge
|-damage|p2a: Ceruledge|0 fnt
|faint|p2a: Ceruledge
|
|-heal|p1a: Kingambit|83/100|[from] item: Leftovers
|upkeep
|
|t:|1769411357
|switch|p2a: Volcanion|Volcanion|100/100
|-damage|p2a: Volcanion|76/100|[from] Stealth Rock
|turn|9
|
|t:|1769411363
|-end|p1a: Kingambit|fallen1|[silent]
|switch|p1a: Tornadus|Tornadus-Therian, M|100/100
|-damage|p1a: Tornadus|76/100|[from] Stealth Rock
|move|p2a: Volcanion|Fire Blast|p1a: Tornadus|[miss]
|-miss|p2a: Volcanion|p1a: Tornadus
|
|upkeep
|turn|10
|
|t:|1769411371
|move|p2a: Volcanion|Fire Blast|p1a: Tornadus
|-damage|p1a: Tornadus|39/100
|move|p1a: Tornadus|Knock Off|p2a: Volcanion
|-damage|p2a: Volcanion|57/100
|-enditem|p2a: Volcanion|Choice Scarf|[from] move: Knock Off|[of] p1a: Tornadus
|
|upkeep
|turn|11
|
|t:|1769411382
|switch|p1a: Kyurem|Kyurem, shiny|100/100
|-damage|p1a: Kyurem|76/100|[from] Stealth Rock
|-ability|p1a: Kyurem|Pressure
|move|p2a: Volcanion|Steam Eruption|p1a: Kyurem
|-resisted|p1a: Kyurem
|-damage|p1a: Kyurem|47/100
|
|upkeep
|turn|12
|j| nitroLazer120
|
|t:|1769411394
|move|p1a: Kyurem|Earth Power|p2a: Volcanion
|-supereffective|p2a: Volcanion
|-damage|p2a: Volcanion|0 fnt
|faint|p2a: Volcanion
|
|upkeep
|
|t:|1769411400
|switch|p2a: Kingambit|Kingambit, F|100/100
|-damage|p2a: Kingambit|94/100|[from] Stealth Rock
|-activate|p2a: Kingambit|ability: Supreme Overlord
|-start|p2a: Kingambit|fallen2|[silent]
|turn|13
|
|t:|1769411409
|switch|p1a: Cinderace|Cinderace, M, shiny|100/100
|move|p2a: Kingambit|Iron Head|p1a: Cinderace
|-resisted|p1a: Cinderace
|-damage|p1a: Cinderace|66/100
|
|upkeep
|turn|14
|
|t:|1769411418
|-terastallize|p2a: Kingambit|Flying
|move|p1a: Cinderace|Will-O-Wisp|p2a: Kingambit
|-status|p2a: Kingambit|brn
|move|p2a: Kingambit|Kowtow Cleave|p1a: Cinderace
|-damage|p1a: Cinderace|28/100
|
|-damage|p2a: Kingambit|88/100 brn|[from] brn
|upkeep
|turn|15
|
|t:|1769411429
|move|p1a: Cinderace|U-turn|p2a: Kingambit
|-start|p1a: Cinderace|typechange|Bug|[from] ability: Libero
|-resisted|p2a: Kingambit
|-damage|p2a: Kingambit|76/100 brn
|
|t:|1769411434
|switch|p1a: Hatterene|Hatterene, F|100/100|[from] U-turn
|-damage|p1a: Hatterene|88/100|[from] Stealth Rock
|move|p2a: Kingambit|Kowtow Cleave|p1a: Hatterene
|-damage|p1a: Hatterene|62/100
|
|-heal|p1a: Hatterene|68/100|[from] item: Leftovers
|-damage|p2a: Kingambit|70/100 brn|[from] brn
|upkeep
|turn|16
|j| nana baba
|
|t:|1769411449
|move|p2a: Kingambit|Iron Head|p1a: Hatterene
|-supereffective|p1a: Hatterene
|-damage|p1a: Hatterene|18/100
|move|p1a: Hatterene|Draining Kiss|p2a: Kingambit
|-damage|p2a: Kingambit|51/100 brn
|-heal|p1a: Hatterene|33/100|[from] drain|[of] p2a: Kingambit
|
|-heal|p1a: Hatterene|39/100|[from] item: Leftovers
|-damage|p2a: Kingambit|45/100 brn|[from] brn
|upkeep
|-enditem|p2a: Kingambit|Sitrus Berry|[eat]
|-heal|p2a: Kingambit|70/100 brn|[from] item: Sitrus Berry
|turn|17
|
|t:|1769411463
|-terastallize|p1a: Hatterene|Flying
|move|p2a: Kingambit|Iron Head|p1a: Hatterene
|-damage|p1a: Hatterene|16/100
|move|p1a: Hatterene|Pain Split|p2a: Kingambit
|-sethp|p2a: Kingambit|42/100 brn|[from] move: Pain Split|[silent]
|-sethp|p1a: Hatterene|46/100|[from] move: Pain Split
|
|-heal|p1a: Hatterene|52/100|[from] item: Leftovers
|-damage|p2a: Kingambit|36/100 brn|[from] brn
|upkeep
|turn|18
|
|t:|1769411475
|move|p2a: Kingambit|Iron Head|p1a: Hatterene
|-damage|p1a: Hatterene|28/100
|cant|p1a: Hatterene|flinch
|
|-heal|p1a: Hatterene|34/100|[from] item: Leftovers
|-damage|p2a: Kingambit|30/100 brn|[from] brn
|upkeep
|turn|19
|
|t:|1769411484
|move|p2a: Kingambit|Swords Dance|p2a: Kingambit
|-boost|p2a: Kingambit|atk|2
|move|p1a: Hatterene|Draining Kiss|p2a: Kingambit
|-damage|p2a: Kingambit|10/100 brn
|-heal|p1a: Hatterene|51/100|[from] drain|[of] p2a: Kingambit
|
|-heal|p1a: Hatterene|57/100|[from] item: Leftovers
|-damage|p2a: Kingambit|3/100 brn|[from] brn
|upkeep
|turn|20
|
|t:|1769411505
|move|p2a: Kingambit|Kowtow Cleave|p1a: Hatterene
|-damage|p1a: Hatterene|3/100
|move|p1a: Hatterene|Draining Kiss|p2a: Kingambit
|-damage|p2a: Kingambit|0 fnt
|-heal|p1a: Hatterene|6/100|[from] drain|[of] p2a: Kingambit
|faint|p2a: Kingambit
|-end|p2a: Kingambit|fallen2|[silent]
|
|-heal|p1a: Hatterene|12/100|[from] item: Leftovers
|upkeep
|
|t:|1769411516
|switch|p2a: Great Tusk|Great Tusk|25/100
|-damage|p2a: Great Tusk|22/100|[from] Stealth Rock
|turn|21
|
|t:|1769411525
|move|p2a: Great Tusk|Rapid Spin|p1a: Hatterene
|-damage|p1a: Hatterene|0 fnt
|-boost|p2a: Great Tusk|spe|1
|-sideend|p2: sampoke19|Stealth Rock|[from] move: Rapid Spin|[of] p2a: Great Tusk
|faint|p1a: Hatterene
|
|upkeep
|
|t:|1769411535
|switch|p1a: Tornadus|Tornadus-Therian, M|72/100
|-damage|p1a: Tornadus|47/100|[from] Stealth Rock
|turn|22
|
|t:|1769411541
|switch|p1a: Kingambit|Kingambit, F, shiny|83/100
|-damage|p1a: Kingambit|77/100|[from] Stealth Rock
|-activate|p1a: Kingambit|ability: Supreme Overlord
|-start|p1a: Kingambit|fallen2|[silent]
|move|p2a: Great Tusk|Close Combat|p1a: Kingambit
|-supereffective|p1a: Kingambit
|-damage|p1a: Kingambit|0 fnt
|-unboost|p2a: Great Tusk|def|1
|-unboost|p2a: Great Tusk|spd|1
|faint|p1a: Kingambit
|-end|p1a: Kingambit|fallen2|[silent]
|
|upkeep
|
|t:|1769411553
|switch|p1a: Tornadus|Tornadus-Therian, M|81/100
|-damage|p1a: Tornadus|56/100|[from] Stealth Rock
|turn|23
|
|t:|1769411560
|move|p2a: Great Tusk|Close Combat|p1a: Tornadus
|-resisted|p1a: Tornadus
|-damage|p1a: Tornadus|26/100
|-unboost|p2a: Great Tusk|def|1
|-unboost|p2a: Great Tusk|spd|1
|move|p1a: Tornadus|Bleakwind Storm|p2a: Great Tusk|[miss]
|-miss|p1a: Tornadus|p2a: Great Tusk
|
|upkeep
|turn|24
|-message|rugster555 forfeited.
|
|win|sampoke19
|raw|rugster555's rating: 1456 &rarr; <strong>1442</strong><br />(-14 for losing)
|raw|sampoke19's rating: 1573 &rarr; <strong>1587</strong><br />(+14 for winning)
|l|☆rugster555
|player|p1|
|l|☆sampoke19
|player|p2|
