|j|☆dream-on3344
|j|☆Hard salami
|t:|1769307181
|gametype|singles
|player|p1|dream-on3344|alder|1325
|player|p2|Hard salami|ltsurge|1363
|gen|9
|tier|[Gen 9] OU
|rated|
|rule|HP Percentage Mod: HP is shown in percentages
|rule|Endless Battle Clause: Forcing endless battles is banned
|rule|Species Clause: Limit one of each Pokémon
|rule|OHKO Clause: OHKO moves are banned
|rule|Evasion Items Clause: Evasion items are banned
|rule|Evasion Moves Clause: Evasion moves are banned
|rule|Evasion Abilities Clause: Evasion abilities are banned
|rule|Sleep Moves Clause: Sleep-inducing moves are banned
|clearpoke
|poke|p1|Ting-Lu|
|poke|p1|Pecharunt|
|poke|p1|Iron Valiant|
|poke|p1|Raging Bolt|
|poke|p1|Corviknight, M|
|poke|p1|Arcanine-Hisui, F|
|poke|p2|Dudunsparce-*, F|
|poke|p2|Gyarados, M|
|poke|p2|Oricorio-Sensu, M|
|poke|p2|Kingambit, F|
|poke|p2|Iron Valiant|
|poke|p2|Arcanine-Hisui, M|
|teampreview
|
|t:|1769307211
|teamsize|p1|6
|teamsize|p2|6
|start
|switch|p1a: KTCHAU!|Raging Bolt|100/100
|switch|p2a: Arcanine|Arcanine-Hisui, M|100/100
|turn|1
|inactive|Battle timer is ON: inactive players will automatically lose when time's up. (requested by Hard salami)
|
|t:|1769307221
|-end|p1a: KTCHAU!|Protosynthesis|[silent]
|switch|p1a: Hungry|Ting-Lu|100/100
|-ability|p1a: Hungry|Vessel of Ruin
|move|p2a: Arcanine|Head Smash|p1a: Hungry
|-resisted|p1a: Hungry
|-damage|p1a: Hungry|77/100
|
|-heal|p1a: Hungry|83/100|[from] item: Leftovers
|upkeep
|turn|2
|
|t:|1769307233
|switch|p2a: Spinner|Oricorio-Sensu, M|100/100
|move|p1a: Hungry|Spikes|p2a: Spinner
|-sidestart|p2: Hard salami|Spikes
|
|-heal|p1a: Hungry|89/100|[from] item: Leftovers
|upkeep
|turn|3
|
|t:|1769307239
|move|p2a: Spinner|Quiver Dance|p2a: Spinner
|-boost|p2a: Spinner|spa|1
|-boost|p2a: Spinner|spd|1
|-boost|p2a: Spinner|spe|1
|move|p1a: Hungry|Whirlwind|p2a: Spinner
|drag|p2a: King Candy|Kingambit, F|100/100
|-damage|p2a: King Candy|88/100|[from] Spikes
|
|-heal|p2a: King Candy|94/100|[from] item: Leftovers
|-heal|p1a: Hungry|95/100|[from] item: Leftovers
|upkeep
|turn|4
|
|t:|1769307257
|-end|p2a: King Candy|fallenundefined|[silent]
|switch|p2a: Tusk Eater|Gyarados, M|100/100
|move|p1a: Hungry|Earthquake|p2a: Tusk Eater
|-immune|p2a: Tusk Eater
|
|-heal|p1a: Hungry|100/100|[from] item: Leftovers
|upkeep
|turn|5
|
|t:|1769307261
|move|p2a: Tusk Eater|Waterfall|p1a: Hungry
|-supereffective|p1a: Hungry
|-damage|p1a: Hungry|74/100
|move|p1a: Hungry|Whirlwind|p2a: Tusk Eater
|drag|p2a: King Candy|Kingambit, F|94/100
|-damage|p2a: King Candy|82/100|[from] Spikes
|
|-heal|p2a: King Candy|88/100|[from] item: Leftovers
|-heal|p1a: Hungry|80/100|[from] item: Leftovers
|upkeep
|turn|6
|
|t:|1769307269
|move|p2a: King Candy|Iron Head|p1a: Hungry
|-damage|p1a: Hungry|63/100
|cant|p1a: Hungry|flinch
|
|-heal|p2a: King Candy|94/100|[from] item: Leftovers
|-heal|p1a: Hungry|69/100|[from] item: Leftovers
|upkeep
|turn|7
|
|t:|1769307274
|-end|p2a: King Candy|fallenundefined|[silent]
|switch|p2a: Tusk Eater|Gyarados, M|100/100
|move|p1a: Hungry|Ruination|p2a: Tusk Eater|[miss]
|-miss|p1a: Hungry|p2a: Tusk Eater
|
|-heal|p1a: Hungry|75/100|[from] item: Leftovers
|upkeep
|turn|8
|
|t:|1769307293
|switch|p1a: KTCHAU!|Raging Bolt|100/100
|move|p2a: Tusk Eater|Waterfall|p1a: KTCHAU!
|-resisted|p1a: KTCHAU!
|-damage|p1a: KTCHAU!|86/100
|
|upkeep
|turn|9
|
|t:|1769307307
|switch|p2a: God|Dudunsparce-Three-Segment, F|100/100
|-damage|p2a: God|88/100|[from] Spikes
|move|p1a: KTCHAU!|Volt Switch|p2a: God
|-damage|p2a: God|30/100
|-damage|p1a: KTCHAU!|76/100|[from] item: Life Orb
|
|t:|1769307327
|-end|p1a: KTCHAU!|Protosynthesis|[silent]
|switch|p1a: Mambo|Arcanine-Hisui, F, shiny|100/100|[from] Volt Switch
|
|upkeep
|turn|10
|
|t:|1769307339
|move|p1a: Mambo|Head Smash|p2a: God|[miss]
|-miss|p1a: Mambo|p2a: God
|move|p2a: God|Earth Power|p1a: Mambo
|-supereffective|p1a: Mambo
|-damage|p1a: Mambo|0 fnt
|faint|p1a: Mambo
|
|upkeep
|inactive|dream-on3344 has 120 seconds left.
|
|t:|1769307356
|switch|p1a: Dark Momotaro|Pecharunt|100/100
|turn|11
|inactive|dream-on3344 has 120 seconds left.
|
|t:|1769307377
|move|p1a: Dark Momotaro|Malignant Chain|p2a: God
|-damage|p2a: God|0 fnt
|faint|p2a: God
|
|upkeep
|
|t:|1769307390
|switch|p2a: Arcanine|Arcanine-Hisui, M|100/100
|-damage|p2a: Arcanine|88/100|[from] Spikes
|turn|12
|inactive|dream-on3344 has 120 seconds left.
|
|t:|1769307413
|move|p2a: Arcanine|Flare Blitz|p1a: Dark Momotaro
|-damage|p1a: Dark Momotaro|53/100
|move|p1a: Dark Momotaro|Malignant Chain|p2a: Arcanine
|-resisted|p2a: Arcanine
|-damage|p2a: Arcanine|62/100
|-status|p2a: Arcanine|tox
|-start|p2a: Arcanine|confusion|[from] ability: Poison Puppeteer|[of] p1a: Dark Momotaro
|
|-heal|p1a: Dark Momotaro|59/100|[from] item: Leftovers
|-damage|p2a: Arcanine|56/100 tox|[from] psn
|upkeep
|turn|13
|
|t:|1769307428
|-activate|p2a: Arcanine|confusion
|move|p2a: Arcanine|Flare Blitz|p1a: Dark Momotaro
|-damage|p1a: Dark Momotaro|10/100
|move|p1a: Dark Momotaro|Recover|p1a: Dark Momotaro
|-heal|p1a: Dark Momotaro|60/100
|
|-heal|p1a: Dark Momotaro|66/100|[from] item: Leftovers
|-damage|p2a: Arcanine|44/100 tox|[from] psn
|upkeep
|turn|14
|
|t:|1769307436
|switch|p2a: King Candy|Kingambit, F|94/100
|-damage|p2a: King Candy|82/100|[from] Spikes
|-activate|p2a: King Candy|ability: Supreme Overlord
|-start|p2a: King Candy|fallen1|[silent]
|move|p1a: Dark Momotaro|Recover|p1a: Dark Momotaro
|-heal|p1a: Dark Momotaro|100/100
|
|-heal|p2a: King Candy|88/100|[from] item: Leftovers
|upkeep
|turn|15
|
|t:|1769307443
|move|p1a: Dark Momotaro|Parting Shot|p2a: King Candy
|-unboost|p2a: King Candy|atk|1
|-unboost|p2a: King Candy|spa|1
|
|t:|1769307452
|switch|p1a: Jubileu|Corviknight, M|100/100|[from] Parting Shot
|-ability|p1a: Jubileu|Pressure
|move|p2a: King Candy|Swords Dance|p2a: King Candy
|-boost|p2a: King Candy|atk|2
|
|-heal|p2a: King Candy|94/100|[from] item: Leftovers
|upkeep
|turn|16
|
|t:|1769307461
|-end|p2a: King Candy|fallen1|[silent]
|switch|p2a: Spinner|Oricorio-Sensu, M|100/100
|move|p1a: Jubileu|U-turn|p2a: Spinner
|-resisted|p2a: Spinner
|-damage|p2a: Spinner|95/100
|
|t:|1769307473
|switch|p1a: KTCHAU!|Raging Bolt|76/100|[from] U-turn
|
|upkeep
|turn|17
|
|t:|1769307485
|-terastallize|p2a: Spinner|Ground
|move|p2a: Spinner|Quiver Dance|p2a: Spinner
|-boost|p2a: Spinner|spa|1
|-boost|p2a: Spinner|spd|1
|-boost|p2a: Spinner|spe|1
|move|p1a: KTCHAU!|Volt Switch|p2a: Spinner
|-immune|p2a: Spinner
|
|upkeep
|turn|18
|
|t:|1769307495
|-end|p1a: KTCHAU!|Protosynthesis|[silent]
|switch|p1a: Jubileu|Corviknight, M|100/100
|-ability|p1a: Jubileu|Pressure
|move|p2a: Spinner|Air Slash|p1a: Jubileu
|-resisted|p1a: Jubileu
|-damage|p1a: Jubileu|77/100
|
|-heal|p1a: Jubileu|83/100|[from] item: Leftovers
|upkeep
|turn|19
|
|t:|1769307502
|switch|p2a: Arcanine|Arcanine-Hisui, M|44/100 tox
|-damage|p2a: Arcanine|32/100 tox|[from] Spikes
|move|p1a: Jubileu|Brave Bird|p2a: Arcanine
|-resisted|p2a: Arcanine
|-damage|p2a: Arcanine|10/100 tox
|-damage|p1a: Jubileu|78/100|[from] Recoil
|
|-heal|p1a: Jubileu|84/100|[from] item: Leftovers
|-damage|p2a: Arcanine|4/100 tox|[from] psn
|upkeep
|turn|20
|
|t:|1769307511
|switch|p1a: Hungry|Ting-Lu|75/100
|-ability|p1a: Hungry|Vessel of Ruin
|move|p2a: Arcanine|Flare Blitz|p1a: Hungry
|-damage|p1a: Hungry|41/100
|
|-heal|p1a: Hungry|47/100|[from] item: Leftovers
|-damage|p2a: Arcanine|0 fnt|[from] psn
|faint|p2a: Arcanine
|upkeep
|
|t:|1769307527
|switch|p2a: The Finale|Iron Valiant|100/100
|-damage|p2a: The Finale|88/100|[from] Spikes
|-enditem|p2a: The Finale|Booster Energy
|-activate|p2a: The Finale|ability: Quark Drive|[fromitem]
|-start|p2a: The Finale|quarkdrivespe
|turn|21
|
|t:|1769307538
|-end|p2a: The Finale|Quark Drive|[silent]
|switch|p2a: Spinner|Oricorio-Sensu, M, tera:Ground|95/100
|switch|p1a: Dark Momotaro|Pecharunt|100/100
|
|upkeep
|turn|22
|
|t:|1769307548
|switch|p2a: Tusk Eater|Gyarados, M|100/100
|move|p1a: Dark Momotaro|Malignant Chain|p2a: Tusk Eater
|-damage|p2a: Tusk Eater|62/100
|-status|p2a: Tusk Eater|tox
|-start|p2a: Tusk Eater|confusion|[from] ability: Poison Puppeteer|[of] p1a: Dark Momotaro
|
|-heal|p2a: Tusk Eater|68/100 tox|[from] item: Leftovers
|-damage|p2a: Tusk Eater|62/100 tox|[from] psn
|upkeep
|turn|23
|l|☆Hard salami
|inactive|Hard salami disconnected and has a minute to reconnect!
|player|p2|
|inactive|Hard salami has 30 seconds to reconnect!
|inactive|Hard salami has 20 seconds to reconnect!
|inactive|Hard salami has 15 seconds to reconnect!
|inactive|Hard salami has 10 seconds to reconnect!
|inactive|Hard salami has 5 seconds to reconnect!
|-message|Hard salami lost due to inactivity.
|
|win|dream-on3344
|raw|dream-on3344's rating: 1325 &rarr; <strong>1348</strong><br />(+23 for winning)
|raw|Hard salami's rating: 1381 &rarr; <strong>1358</strong><br />(-23 for losing)
|l|☆dream-on3344
|player|p1|
