|j|☆CazadorJM
|j|☆brickforbrains
|t:|1769443088
|gametype|singles
|player|p1|CazadorJM|170|1536
|player|p2|brickforbrains|clerk|1543
|gen|9
|tier|[Gen 9] OU
|rated|
|rule|HP Percentage Mod: HP is shown in percentages
|rule|Endless Battle Clause: Forcing endless battles is banned
|rule|Species Clause: Limit one of each Pokémon
|rule|OHKO Clause: OHKO moves are banned
|rule|Evasion Items Clause: Evasion items are banned
|rule|Evasion Moves Clause: Evasion moves are banned
|rule|Evasion Abilities Clause: Evasion abilities are banned
|rule|Sleep Moves Clause: Sleep-inducing moves are banned
|clearpoke
|poke|p1|Garganacl, F|
|poke|p1|Weezing-Galar, F|
|poke|p1|Zamazenta-*|
|poke|p1|Scizor, M|
|poke|p1|Dragapult, M|
|poke|p1|Latias, F|
|poke|p2|Landorus-Therian, M|
|poke|p2|Revavroom, F|
|poke|p2|Kyurem|
|poke|p2|Hatterene, F|
|poke|p2|Iron Valiant|
|poke|p2|Dragonite, M|
|teampreview
|inactive|Battle timer is ON: inactive players will automatically lose when time's up. (requested by brickforbrains)
|inactive|CazadorJM has 120 seconds left.
|inactive|CazadorJM has 90 seconds left.
|inactive|CazadorJM has 60 seconds left.
|
|t:|1769443206
|teamsize|p1|6
|teamsize|p2|6
|start
|switch|p1a: Scizor|Scizor, M|100/100
|switch|p2a: Landorus|Landorus-Therian, M|100/100
|-ability|p2a: Landorus|Intimidate|boost
|-unboost|p1a: Scizor|atk|1
|turn|1
|
|t:|1769443211
|move|p2a: Landorus|Stealth Rock|p1a: Scizor
|-sidestart|p1: CazadorJM|move: Stealth Rock
|move|p1a: Scizor|Knock Off|p2a: Landorus
|-damage|p2a: Landorus|67/100
|-damage|p1a: Scizor|84/100|[from] item: Rocky Helmet|[of] p2a: Landorus
|-enditem|p2a: Landorus|Rocky Helmet|[from] move: Knock Off|[of] p1a: Scizor
|
|upkeep
|turn|2
|inactive|CazadorJM has 90 seconds left.
|
|t:|1769443262
|move|p2a: Landorus|Earth Power|p1a: Scizor
|-crit|p1a: Scizor
|-damage|p1a: Scizor|24/100
|move|p1a: Scizor|Knock Off|p2a: Landorus
|-damage|p2a: Landorus|45/100
|
|upkeep
|turn|3
|
|t:|1769443271
|switch|p1a: Latias|Latias, F|100/100
|-damage|p1a: Latias|88/100|[from] Stealth Rock
|move|p2a: Landorus|Earth Power|p1a: Latias
|-immune|p1a: Latias|[from] ability: Levitate
|
|upkeep
|turn|4
|
|t:|1769443275
|move|p2a: Landorus|U-turn|p1a: Latias
|-supereffective|p1a: Latias
|-damage|p1a: Latias|57/100
|-enditem|p1a: Latias|Weakness Policy
|-boost|p1a: Latias|atk|2|[from] item: Weakness Policy
|-boost|p1a: Latias|spa|2|[from] item: Weakness Policy
|
|t:|1769443281
|switch|p2a: Dragonite|Dragonite, M|100/100|[from] U-turn
|move|p1a: Latias|Calm Mind|p1a: Latias
|-boost|p1a: Latias|spa|1
|-boost|p1a: Latias|spd|1
|
|upkeep
|turn|5
|inactive|CazadorJM has 90 seconds left.
|
|t:|1769443320
|-terastallize|p1a: Latias|Poison
|move|p1a: Latias|Recover|p1a: Latias
|-heal|p1a: Latias|100/100
|move|p2a: Dragonite|Scale Shot|p1a: Latias
|-damage|p1a: Latias|90/100
|-damage|p1a: Latias|79/100
|-damage|p1a: Latias|68/100
|-damage|p1a: Latias|58/100
|-damage|p1a: Latias|47/100
|-hitcount|p1a: Latias|5
|-unboost|p2a: Dragonite|def|1
|-boost|p2a: Dragonite|spe|1
|
|upkeep
|turn|6
|
|t:|1769443329
|move|p2a: Dragonite|Scale Shot|p1a: Latias
|-damage|p1a: Latias|37/100
|-damage|p1a: Latias|26/100
|-damage|p1a: Latias|15/100
|-damage|p1a: Latias|3/100
|-hitcount|p1a: Latias|4
|-unboost|p2a: Dragonite|def|1
|-boost|p2a: Dragonite|spe|1
|move|p1a: Latias|Stored Power|p2a: Dragonite
|-damage|p2a: Dragonite|30/100
|
|upkeep
|turn|7
|
|t:|1769443338
|move|p2a: Dragonite|Scale Shot|p1a: Latias
|-damage|p1a: Latias|0 fnt
|faint|p1a: Latias
|-hitcount|p1: Latias|1
|-unboost|p2a: Dragonite|def|1
|-boost|p2a: Dragonite|spe|1
|
|upkeep
|
|t:|1769443340
|switch|p1a: Zamazenta|Zamazenta, shiny|100/100
|-damage|p1a: Zamazenta|94/100|[from] Stealth Rock
|-ability|p1a: Zamazenta|Dauntless Shield|boost
|-boost|p1a: Zamazenta|def|1
|turn|8
|
|t:|1769443348
|move|p2a: Dragonite|Scale Shot|p1a: Zamazenta
|-damage|p1a: Zamazenta|88/100
|-damage|p1a: Zamazenta|81/100
|-damage|p1a: Zamazenta|74/100
|-damage|p1a: Zamazenta|67/100
|-hitcount|p1a: Zamazenta|4
|-unboost|p2a: Dragonite|def|1
|-boost|p2a: Dragonite|spe|1
|move|p1a: Zamazenta|Iron Defense|p1a: Zamazenta
|-boost|p1a: Zamazenta|def|2
|
|-heal|p1a: Zamazenta|73/100|[from] item: Leftovers
|upkeep
|turn|9
|inactive|CazadorJM has 90 seconds left.
|
|t:|1769443364
|move|p2a: Dragonite|Encore|p1a: Zamazenta
|-start|p1a: Zamazenta|Encore
|move|p1a: Zamazenta|Iron Defense|p1a: Zamazenta
|-boost|p1a: Zamazenta|def|2
|
|-heal|p1a: Zamazenta|80/100|[from] item: Leftovers
|upkeep
|turn|10
|
|t:|1769443367
|switch|p2a: Iron Valiant|Iron Valiant|100/100
|-enditem|p2a: Iron Valiant|Booster Energy
|-activate|p2a: Iron Valiant|ability: Quark Drive|[fromitem]
|-start|p2a: Iron Valiant|quarkdrivespe
|switch|p1a: Garganacl|Garganacl, F|100/100
|-damage|p1a: Garganacl|88/100|[from] Stealth Rock
|
|-heal|p1a: Garganacl|94/100|[from] item: Leftovers
|upkeep
|turn|11
|
|t:|1769443375
|move|p2a: Iron Valiant|Calm Mind|p2a: Iron Valiant
|-boost|p2a: Iron Valiant|spa|1
|-boost|p2a: Iron Valiant|spd|1
|move|p1a: Garganacl|Salt Cure|p2a: Iron Valiant
|-resisted|p2a: Iron Valiant
|-damage|p2a: Iron Valiant|91/100
|-start|p2a: Iron Valiant|Salt Cure
|
|-heal|p1a: Garganacl|100/100|[from] item: Leftovers
|-damage|p2a: Iron Valiant|79/100|[from] Salt Cure
|upkeep
|turn|12
|
|t:|1769443383
|move|p2a: Iron Valiant|Encore|p1a: Garganacl
|-start|p1a: Garganacl|Encore
|move|p1a: Garganacl|Salt Cure|p2a: Iron Valiant
|-resisted|p2a: Iron Valiant
|-damage|p2a: Iron Valiant|69/100
|
|-damage|p2a: Iron Valiant|57/100|[from] Salt Cure
|upkeep
|turn|13
|
|t:|1769443385
|move|p2a: Iron Valiant|Calm Mind|p2a: Iron Valiant
|-boost|p2a: Iron Valiant|spa|1
|-boost|p2a: Iron Valiant|spd|1
|move|p1a: Garganacl|Salt Cure|p2a: Iron Valiant
|-resisted|p2a: Iron Valiant
|-damage|p2a: Iron Valiant|48/100
|
|-damage|p2a: Iron Valiant|36/100|[from] Salt Cure
|upkeep
|turn|14
|
|t:|1769443387
|move|p2a: Iron Valiant|Moonblast|p1a: Garganacl
|-damage|p1a: Garganacl|38/100
|move|p1a: Garganacl|Salt Cure|p2a: Iron Valiant
|-resisted|p2a: Iron Valiant
|-damage|p2a: Iron Valiant|27/100
|
|-heal|p1a: Garganacl|44/100|[from] item: Leftovers
|-damage|p2a: Iron Valiant|15/100|[from] Salt Cure
|-end|p1a: Garganacl|Encore
|upkeep
|turn|15
|
|t:|1769443390
|move|p1a: Garganacl|Protect|p1a: Garganacl
|-singleturn|p1a: Garganacl|Protect
|move|p2a: Iron Valiant|Moonblast|p1a: Garganacl
|-activate|p1a: Garganacl|move: Protect
|
|-heal|p1a: Garganacl|50/100|[from] item: Leftovers
|-damage|p2a: Iron Valiant|2/100|[from] Salt Cure
|upkeep
|turn|16
|
|t:|1769443399
|move|p1a: Garganacl|Protect||[still]
|-fail|p1a: Garganacl
|move|p2a: Iron Valiant|Moonblast|p1a: Garganacl
|-damage|p1a: Garganacl|0 fnt
|faint|p1a: Garganacl
|
|-damage|p2a: Iron Valiant|0 fnt|[from] Salt Cure
|faint|p2a: Iron Valiant
|-end|p2a: Iron Valiant|Quark Drive|[silent]
|upkeep
|
|t:|1769443408
|switch|p2a: Hatterene|Hatterene, F|100/100
|switch|p1a: Weezing|Weezing-Galar, F|100/100
|-ability|p1a: Weezing|Neutralizing Gas
|turn|17
|
|t:|1769443411
|move|p1a: Weezing|Defog|p2a: Hatterene
|-unboost|p2a: Hatterene|evasion|1
|-sideend|p1: CazadorJM|Stealth Rock|[from] move: Defog|[of] p1a: Weezing
|move|p2a: Hatterene|Psyshock|p1a: Weezing
|-supereffective|p1a: Weezing
|-damage|p1a: Weezing|45/100
|
|upkeep
|turn|18
|
|t:|1769443433
|move|p1a: Weezing|Sludge Bomb|p2a: Hatterene
|-supereffective|p2a: Hatterene
|-damage|p2a: Hatterene|68/100
|move|p2a: Hatterene|Psyshock|p1a: Weezing
|-supereffective|p1a: Weezing
|-damage|p1a: Weezing|0 fnt
|faint|p1a: Weezing
|-end|p1a: Weezing|ability: Neutralizing Gas
|
|upkeep
|
|t:|1769443442
|switch|p1a: Scizor|Scizor, M|24/100
|turn|19
|
|t:|1769443446
|switch|p2a: Revavroom|Revavroom, F|100/100
|-item|p2a: Revavroom|Air Balloon
|move|p1a: Scizor|Bullet Punch|p2a: Revavroom
|-resisted|p2a: Revavroom
|-damage|p2a: Revavroom|67/100
|-enditem|p2a: Revavroom|Air Balloon
|
|upkeep
|turn|20
|inactive|CazadorJM has 120 seconds left.
|
|t:|1769443505
|switch|p1a: Dragapult|Dragapult, M|100/100
|move|p2a: Revavroom|Shift Gear|p2a: Revavroom
|-boost|p2a: Revavroom|spe|2
|-boost|p2a: Revavroom|atk|1
|
|upkeep
|turn|21
|
|t:|1769443511
|move|p2a: Revavroom|Iron Head|p1a: Dragapult
|-damage|p1a: Dragapult|15/100
|move|p1a: Dragapult|Will-O-Wisp|p2a: Revavroom|[miss]
|-miss|p1a: Dragapult|p2a: Revavroom
|
|upkeep
|turn|22
|
|t:|1769443515
|move|p2a: Revavroom|Iron Head|p1a: Dragapult
|-damage|p1a: Dragapult|0 fnt
|faint|p1a: Dragapult
|
|upkeep
|
|t:|1769443517
|switch|p1a: Scizor|Scizor, M|24/100
|turn|23
|
|t:|1769443521
|move|p1a: Scizor|Bullet Punch|p2a: Revavroom
|-resisted|p2a: Revavroom
|-damage|p2a: Revavroom|33/100
|move|p2a: Revavroom|Iron Head|p1a: Scizor
|-resisted|p1a: Scizor
|-damage|p1a: Scizor|0 fnt
|faint|p1a: Scizor
|
|upkeep
|
|t:|1769443523
|switch|p1a: Zamazenta|Zamazenta, shiny|80/100
|turn|24
|
|t:|1769443526
|move|p2a: Revavroom|Iron Head|p1a: Zamazenta
|-crit|p1a: Zamazenta
|-damage|p1a: Zamazenta|15/100
|move|p1a: Zamazenta|Iron Defense|p1a: Zamazenta
|-boost|p1a: Zamazenta|def|2
|
|-heal|p1a: Zamazenta|21/100|[from] item: Leftovers
|upkeep
|turn|25
|
|t:|1769443530
|move|p2a: Revavroom|Iron Head|p1a: Zamazenta
|-crit|p1a: Zamazenta
|-damage|p1a: Zamazenta|0 fnt
|faint|p1a: Zamazenta
|
|win|brickforbrains
|raw|CazadorJM's rating: 1536 &rarr; <strong>1516</strong><br />(-20 for losing)
|raw|brickforbrains's rating: 1543 &rarr; <strong>1563</strong><br />(+20 for winning)
|l|☆CazadorJM
|player|p1|
|l|☆brickforbrains
|player|p2|
