|j|☆hjhjhjf
|j|☆HokageNarudo
|t:|1769310694
|gametype|singles
|player|p1|hjhjhjf|cynthia|1496
|player|p2|HokageNarudo|miku-fairy|1591
|gen|9
|tier|[Gen 9] OU
|rated|
|rule|HP Percentage Mod: HP is shown in percentages
|rule|Endless Battle Clause: Forcing endless battles is banned
|rule|Species Clause: Limit one of each Pokémon
|rule|OHKO Clause: OHKO moves are banned
|rule|Evasion Items Clause: Evasion items are banned
|rule|Evasion Moves Clause: Evasion moves are banned
|rule|Evasion Abilities Clause: Evasion abilities are banned
|rule|Sleep Moves Clause: Sleep-inducing moves are banned
|clearpoke
|poke|p1|Altaria, F|
|poke|p1|Heatran, M|
|poke|p1|Alomomola, M|
|poke|p1|Zamazenta-*|
|poke|p1|Rillaboom, M|
|poke|p1|Hatterene, F|
|poke|p2|Dragonite, M|
|poke|p2|Hatterene, F|
|poke|p2|Alomomola, F|
|poke|p2|Gholdengo|
|poke|p2|Zamazenta-*|
|poke|p2|Great Tusk|
|teampreview
|inactive|Battle timer is ON: inactive players will automatically lose when time's up. (requested by hjhjhjf)
|inactive|HokageNarudo has 120 seconds left.
|
|t:|1769310737
|teamsize|p1|6
|teamsize|p2|6
|start
|switch|p1a: Heatran|Heatran, M|100/100
|switch|p2a: Gholdengo|Gholdengo|100/100
|turn|1
|
|t:|1769310746
|move|p2a: Gholdengo|Trick|p1a: Heatran
|-activate|p2a: Gholdengo|move: Trick|[of] p1a: Heatran
|-item|p1a: Heatran|Choice Scarf|[from] move: Trick
|-item|p2a: Gholdengo|Leftovers|[from] move: Trick
|move|p1a: Heatran|Magma Storm|p2a: Gholdengo
|-supereffective|p2a: Gholdengo
|-damage|p2a: Gholdengo|7/100
|-activate|p2a: Gholdengo|move: Magma Storm|[of] p1a: Heatran
|
|-heal|p2a: Gholdengo|13/100|[from] item: Leftovers
|-damage|p2a: Gholdengo|0 fnt|[from] move: Magma Storm|[partiallytrapped]
|faint|p2a: Gholdengo
|upkeep
|
|t:|1769310753
|switch|p2a: Alomomola|Alomomola, F|100/100
|turn|2
|
|t:|1769310760
|move|p1a: Heatran|Magma Storm|p2a: Alomomola
|-resisted|p2a: Alomomola
|-crit|p2a: Alomomola
|-damage|p2a: Alomomola|61/100
|-activate|p2a: Alomomola|move: Magma Storm|[of] p1a: Heatran
|move|p2a: Alomomola|Flip Turn|p1a: Heatran
|-supereffective|p1a: Heatran
|-damage|p1a: Heatran|75/100
|
|t:|1769310771
|switch|p2a: Dragonite|Dragonite, M|100/100|[from] Flip Turn
|
|upkeep
|turn|3
|
|t:|1769310775
|switch|p1a: Altaria|Altaria, F|100/100
|move|p2a: Dragonite|Dragon Dance|p2a: Dragonite
|-boost|p2a: Dragonite|atk|1
|-boost|p2a: Dragonite|spe|1
|
|upkeep
|turn|4
|
|t:|1769310804
|-terastallize|p2a: Dragonite|Fairy
|move|p2a: Dragonite|Dragon Dance|p2a: Dragonite
|-boost|p2a: Dragonite|atk|1
|-boost|p2a: Dragonite|spe|1
|move|p1a: Altaria|Will-O-Wisp|p2a: Dragonite
|-status|p2a: Dragonite|brn
|
|-damage|p2a: Dragonite|94/100 brn|[from] brn
|upkeep
|turn|5
|
|t:|1769310816
|switch|p1a: Zamazenta|Zamazenta|100/100
|-ability|p1a: Zamazenta|Dauntless Shield|boost
|-boost|p1a: Zamazenta|def|1
|move|p2a: Dragonite|Dragon Dance|p2a: Dragonite
|-boost|p2a: Dragonite|atk|1
|-boost|p2a: Dragonite|spe|1
|
|-damage|p2a: Dragonite|88/100 brn|[from] brn
|upkeep
|turn|6
|
|t:|1769310819
|move|p2a: Dragonite|Tera Blast|p1a: Zamazenta|[anim] Tera Blast Fairy
|-supereffective|p1a: Zamazenta
|-damage|p1a: Zamazenta|30/100
|move|p1a: Zamazenta|Heavy Slam|p2a: Dragonite
|-supereffective|p2a: Dragonite
|-crit|p2a: Dragonite
|-damage|p2a: Dragonite|32/100 brn
|-damage|p1a: Zamazenta|20/100|[from] item: Life Orb
|
|-damage|p2a: Dragonite|26/100 brn|[from] brn
|upkeep
|turn|7
|
|t:|1769310829
|switch|p1a: Heatran|Heatran, M|75/100
|move|p2a: Dragonite|Earthquake|p1a: Heatran
|-supereffective|p1a: Heatran
|-damage|p1a: Heatran|0 fnt
|faint|p1a: Heatran
|
|-damage|p2a: Dragonite|19/100 brn|[from] brn
|upkeep
|
|t:|1769310835
|switch|p1a: Alomomola|Alomomola, M|100/100
|turn|8
|
|t:|1769310838
|move|p2a: Dragonite|Tera Blast|p1a: Alomomola|[anim] Tera Blast Fairy
|-damage|p1a: Alomomola|69/100
|move|p1a: Alomomola|Flip Turn|p2a: Dragonite
|-damage|p2a: Dragonite|1/100 brn
|
|t:|1769310846
|switch|p1a: Hatterene|Hatterene, F|100/100|[from] Flip Turn
|
|-damage|p2a: Dragonite|0 fnt|[from] brn
|faint|p2a: Dragonite
|upkeep
|
|t:|1769310855
|switch|p2a: Hatterene|Hatterene, F|100/100
|turn|9
|
|t:|1769310858
|move|p1a: Hatterene|Nuzzle|p2a: Hatterene
|-damage|p2a: Hatterene|96/100
|-status|p2a: Hatterene|par
|move|p2a: Hatterene|Nuzzle|p1a: Hatterene
|-damage|p1a: Hatterene|96/100
|-status|p1a: Hatterene|par
|
|upkeep
|turn|10
|
|t:|1769310869
|move|p1a: Hatterene|Draining Kiss|p2a: Hatterene
|-damage|p2a: Hatterene|79/100 par
|-heal|p1a: Hatterene|100/100 par|[from] drain|[of] p2a: Hatterene
|move|p2a: Hatterene|Draining Kiss|p1a: Hatterene
|-damage|p1a: Hatterene|81/100 par
|-heal|p2a: Hatterene|94/100 par|[from] drain|[of] p1a: Hatterene
|
|upkeep
|turn|11
|
|t:|1769310874
|move|p1a: Hatterene|Draining Kiss|p2a: Hatterene
|-damage|p2a: Hatterene|77/100 par
|-heal|p1a: Hatterene|94/100 par|[from] drain|[of] p2a: Hatterene
|cant|p2a: Hatterene|par
|
|upkeep
|turn|12
|
|t:|1769310880
|switch|p1a: Rillaboom|Rillaboom, M|100/100
|-fieldstart|move: Grassy Terrain|[from] ability: Grassy Surge|[of] p1a: Rillaboom
|move|p2a: Hatterene|Mystical Fire|p1a: Rillaboom
|-supereffective|p1a: Rillaboom
|-damage|p1a: Rillaboom|30/100
|-unboost|p1a: Rillaboom|spa|1
|
|-heal|p1a: Rillaboom|36/100|[from] Grassy Terrain
|-heal|p2a: Hatterene|83/100 par|[from] Grassy Terrain
|upkeep
|turn|13
|
|t:|1769310888
|move|p1a: Rillaboom|U-turn|p2a: Hatterene
|-damage|p2a: Hatterene|41/100 par
|
|t:|1769310891
|switch|p1a: Hatterene|Hatterene, F|94/100 par|[from] U-turn
|move|p2a: Hatterene|Mystical Fire|p1a: Hatterene
|-damage|p1a: Hatterene|75/100 par
|-unboost|p1a: Hatterene|spa|1
|
|-heal|p1a: Hatterene|81/100 par|[from] Grassy Terrain
|-heal|p2a: Hatterene|47/100 par|[from] Grassy Terrain
|upkeep
|turn|14
|
|t:|1769310897
|move|p1a: Hatterene|Mystical Fire|p2a: Hatterene
|-damage|p2a: Hatterene|34/100 par
|-unboost|p2a: Hatterene|spa|1
|move|p2a: Hatterene|Draining Kiss|p1a: Hatterene
|-damage|p1a: Hatterene|71/100 par
|-heal|p2a: Hatterene|43/100 par|[from] drain|[of] p1a: Hatterene
|
|-heal|p1a: Hatterene|77/100 par|[from] Grassy Terrain
|-heal|p2a: Hatterene|49/100 par|[from] Grassy Terrain
|upkeep
|turn|15
|
|t:|1769310906
|move|p1a: Hatterene|Draining Kiss|p2a: Hatterene
|-damage|p2a: Hatterene|36/100 par
|-heal|p1a: Hatterene|86/100 par|[from] drain|[of] p2a: Hatterene
|move|p2a: Hatterene|Mystical Fire|p1a: Hatterene
|-damage|p1a: Hatterene|75/100 par
|-unboost|p1a: Hatterene|spa|1
|
|-heal|p1a: Hatterene|81/100 par|[from] Grassy Terrain
|-heal|p2a: Hatterene|42/100 par|[from] Grassy Terrain
|upkeep
|turn|16
|
|t:|1769310911
|move|p1a: Hatterene|Mystical Fire|p2a: Hatterene
|-damage|p2a: Hatterene|34/100 par
|-unboost|p2a: Hatterene|spa|1
|cant|p2a: Hatterene|par
|
|-heal|p1a: Hatterene|87/100 par|[from] Grassy Terrain
|-heal|p2a: Hatterene|40/100 par|[from] Grassy Terrain
|-fieldend|move: Grassy Terrain
|upkeep
|turn|17
|
|t:|1769310914
|move|p1a: Hatterene|Mystical Fire|p2a: Hatterene
|-damage|p2a: Hatterene|31/100 par
|-unboost|p2a: Hatterene|spa|1
|move|p2a: Hatterene|Draining Kiss|p1a: Hatterene
|-damage|p1a: Hatterene|80/100 par
|-heal|p2a: Hatterene|36/100 par|[from] drain|[of] p1a: Hatterene
|
|upkeep
|turn|18
|
|t:|1769310921
|switch|p2a: Alomomola|Alomomola, F|95/100
|move|p1a: Hatterene|Mystical Fire|p2a: Alomomola
|-resisted|p2a: Alomomola
|-damage|p2a: Alomomola|87/100
|-unboost|p2a: Alomomola|spa|1
|
|-heal|p2a: Alomomola|93/100|[from] item: Leftovers
|upkeep
|turn|19
|
|t:|1769310927
|switch|p1a: Rillaboom|Rillaboom, M|36/100
|-fieldstart|move: Grassy Terrain|[from] ability: Grassy Surge|[of] p1a: Rillaboom
|move|p2a: Alomomola|Wish|p2a: Alomomola
|
|-heal|p1a: Rillaboom|42/100|[from] Grassy Terrain
|-heal|p2a: Alomomola|99/100|[from] Grassy Terrain
|-heal|p2a: Alomomola|100/100|[from] item: Leftovers
|upkeep
|turn|20
|
|t:|1769310950
|switch|p2a: Hatterene|Hatterene, F|36/100 par
|move|p1a: Rillaboom|Wood Hammer|p2a: Hatterene
|-crit|p2a: Hatterene
|-damage|p2a: Hatterene|0 fnt
|faint|p2a: Hatterene
|-damage|p1a: Rillaboom|31/100|[from] Recoil
|
|-heal|p1a: Rillaboom|37/100|[from] Grassy Terrain
|upkeep
|
|t:|1769310960
|switch|p2a: Great Tusk|Great Tusk|100/100
|-enditem|p2a: Great Tusk|Booster Energy
|-activate|p2a: Great Tusk|ability: Protosynthesis|[fromitem]
|-start|p2a: Great Tusk|protosynthesisatk
|turn|21
|
|t:|1769310965
|switch|p1a: Alomomola|Alomomola, M|100/100
|move|p2a: Great Tusk|Headlong Rush|p1a: Alomomola
|-damage|p1a: Alomomola|56/100
|-unboost|p2a: Great Tusk|def|1
|-unboost|p2a: Great Tusk|spd|1
|
|-heal|p1a: Alomomola|62/100|[from] Grassy Terrain
|upkeep
|turn|22
|
|t:|1769310971
|-end|p2a: Great Tusk|Protosynthesis|[silent]
|switch|p2a: Alomomola|Alomomola, F|100/100
|move|p1a: Alomomola|Flip Turn|p2a: Alomomola
|-resisted|p2a: Alomomola
|-damage|p2a: Alomomola|96/100
|
|t:|1769310975
|switch|p1a: Rillaboom|Rillaboom, M|37/100|[from] Flip Turn
|
|-heal|p1a: Rillaboom|43/100|[from] Grassy Terrain
|-heal|p2a: Alomomola|100/100|[from] Grassy Terrain
|upkeep
|turn|23
|
|t:|1769310979
|move|p1a: Rillaboom|Wood Hammer|p2a: Alomomola
|-supereffective|p2a: Alomomola
|-damage|p2a: Alomomola|0 fnt
|faint|p2a: Alomomola
|-damage|p1a: Rillaboom|0 fnt|[from] Recoil
|faint|p1a: Rillaboom
|
|-fieldend|move: Grassy Terrain
|upkeep
|
|t:|1769310986
|switch|p1a: Altaria|Altaria, F|100/100
|switch|p2a: Great Tusk|Great Tusk|100/100
|turn|24
|
|t:|1769310988
|move|p2a: Great Tusk|Ice Spinner|p1a: Altaria
|-supereffective|p1a: Altaria
|-damage|p1a: Altaria|17/100
|move|p1a: Altaria|Will-O-Wisp|p2a: Great Tusk
|-status|p2a: Great Tusk|brn
|
|-damage|p2a: Great Tusk|94/100 brn|[from] brn
|upkeep
|turn|25
|
|t:|1769310997
|switch|p1a: Alomomola|Alomomola, M|95/100
|move|p2a: Great Tusk|Ice Spinner|p1a: Alomomola
|-resisted|p1a: Alomomola
|-damage|p1a: Alomomola|92/100
|
|-damage|p2a: Great Tusk|88/100 brn|[from] brn
|upkeep
|turn|26
|
|t:|1769310999
|move|p2a: Great Tusk|Knock Off|p1a: Alomomola
|-damage|p1a: Alomomola|83/100
|-enditem|p1a: Alomomola|Heavy-Duty Boots|[from] move: Knock Off|[of] p2a: Great Tusk
|move|p1a: Alomomola|Wish|p1a: Alomomola
|
|-damage|p2a: Great Tusk|82/100 brn|[from] brn
|upkeep
|turn|27
|
|t:|1769311005
|move|p2a: Great Tusk|Headlong Rush|p1a: Alomomola
|-damage|p1a: Alomomola|65/100
|-unboost|p2a: Great Tusk|def|1
|-unboost|p2a: Great Tusk|spd|1
|move|p1a: Alomomola|Flip Turn|p2a: Great Tusk
|-supereffective|p2a: Great Tusk
|-damage|p2a: Great Tusk|46/100 brn
|
|t:|1769311008
|switch|p1a: Altaria|Altaria, F|17/100|[from] Flip Turn
|
|-heal|p1a: Altaria|92/100|[from] move: Wish|[wisher] Alomomola
|-damage|p2a: Great Tusk|40/100 brn|[from] brn
|upkeep
|turn|28
|
|t:|1769311011
|switch|p1a: Alomomola|Alomomola, M|99/100
|move|p2a: Great Tusk|Ice Spinner|p1a: Alomomola
|-resisted|p1a: Alomomola
|-damage|p1a: Alomomola|95/100
|
|-damage|p2a: Great Tusk|33/100 brn|[from] brn
|upkeep
|turn|29
|
|t:|1769311014
|-end|p2a: Great Tusk|Protosynthesis|[silent]
|switch|p2a: Zamazenta|Zamazenta|100/100
|-ability|p2a: Zamazenta|Dauntless Shield|boost
|-boost|p2a: Zamazenta|def|1
|move|p1a: Alomomola|Wish|p1a: Alomomola
|
|upkeep
|turn|30
|
|t:|1769311018
|move|p2a: Zamazenta|Substitute|p2a: Zamazenta
|-start|p2a: Zamazenta|Substitute
|-damage|p2a: Zamazenta|75/100
|move|p1a: Alomomola|Flip Turn|p2a: Zamazenta
|-activate|p2a: Zamazenta|move: Substitute|[damage]
|
|t:|1769311024
|switch|p1a: Hatterene|Hatterene, F|80/100 par|[from] Flip Turn
|
|-heal|p1a: Hatterene|100/100 par|[from] move: Wish|[wisher] Alomomola
|-heal|p2a: Zamazenta|82/100|[from] item: Leftovers
|upkeep
|turn|31
|
|t:|1769311031
|move|p2a: Zamazenta|Iron Defense|p2a: Zamazenta
|-boost|p2a: Zamazenta|def|2
|move|p1a: Hatterene|Draining Kiss|p2a: Zamazenta
|-supereffective|p2a: Zamazenta
|-end|p2a: Zamazenta|Substitute
|
|-heal|p2a: Zamazenta|88/100|[from] item: Leftovers
|upkeep
|turn|32
|
|t:|1769311033
|move|p2a: Zamazenta|Substitute|p2a: Zamazenta
|-start|p2a: Zamazenta|Substitute
|-damage|p2a: Zamazenta|63/100
|move|p1a: Hatterene|Draining Kiss|p2a: Zamazenta
|-supereffective|p2a: Zamazenta
|-end|p2a: Zamazenta|Substitute
|
|-heal|p2a: Zamazenta|69/100|[from] item: Leftovers
|upkeep
|turn|33
|
|t:|1769311036
|move|p2a: Zamazenta|Substitute|p2a: Zamazenta
|-start|p2a: Zamazenta|Substitute
|-damage|p2a: Zamazenta|44/100
|cant|p1a: Hatterene|par
|
|-heal|p2a: Zamazenta|50/100|[from] item: Leftovers
|upkeep
|turn|34
|
|t:|1769311038
|move|p2a: Zamazenta|Crunch|p1a: Hatterene
|-damage|p1a: Hatterene|78/100 par
|move|p1a: Hatterene|Draining Kiss|p2a: Zamazenta
|-supereffective|p2a: Zamazenta
|-end|p2a: Zamazenta|Substitute
|-heal|p1a: Hatterene|100/100 par|[from] drain|[of] p2a: Zamazenta
|
|-heal|p2a: Zamazenta|56/100|[from] item: Leftovers
|upkeep
|turn|35
|
|t:|1769311043
|move|p2a: Zamazenta|Substitute|p2a: Zamazenta
|-start|p2a: Zamazenta|Substitute
|-damage|p2a: Zamazenta|31/100
|move|p1a: Hatterene|Draining Kiss|p2a: Zamazenta
|-supereffective|p2a: Zamazenta
|-end|p2a: Zamazenta|Substitute
|
|-heal|p2a: Zamazenta|38/100|[from] item: Leftovers
|upkeep
|turn|36
|
|t:|1769311049
|move|p2a: Zamazenta|Substitute|p2a: Zamazenta
|-start|p2a: Zamazenta|Substitute
|-damage|p2a: Zamazenta|13/100
|move|p1a: Hatterene|Draining Kiss|p2a: Zamazenta
|-supereffective|p2a: Zamazenta
|-end|p2a: Zamazenta|Substitute
|
|-heal|p2a: Zamazenta|19/100|[from] item: Leftovers
|upkeep
|turn|37
|
|t:|1769311051
|move|p2a: Zamazenta|Crunch|p1a: Hatterene
|-damage|p1a: Hatterene|76/100 par
|cant|p1a: Hatterene|par
|
|-heal|p2a: Zamazenta|25/100|[from] item: Leftovers
|upkeep
|turn|38
|c|☆hjhjhjf|gg
|
|t:|1769311060
|move|p2a: Zamazenta|Crunch|p1a: Hatterene
|-damage|p1a: Hatterene|51/100 par
|move|p1a: Hatterene|Draining Kiss|p2a: Zamazenta
|-supereffective|p2a: Zamazenta
|-damage|p2a: Zamazenta|0 fnt
|-heal|p1a: Hatterene|73/100 par|[from] drain|[of] p2a: Zamazenta
|faint|p2a: Zamazenta
|
|upkeep
|
|t:|1769311064
|switch|p2a: Great Tusk|Great Tusk|33/100 brn
|turn|39
|c|☆HokageNarudo|gg
|-message|HokageNarudo forfeited.
|
|win|hjhjhjf
|raw|hjhjhjf's rating: 1496 &rarr; <strong>1521</strong><br />(+25 for winning)
|raw|HokageNarudo's rating: 1591 &rarr; <strong>1566</strong><br />(-25 for losing)
|l|☆HokageNarudo
|player|p2|
