|j|☆levi6969
|j|☆nickita7
|t:|1769364084
|gametype|singles
|player|p1|levi6969|1|1148
|player|p2|nickita7|miku-ground|1102
|gen|9
|tier|[Gen 9] OU
|rated|
|rule|HP Percentage Mod: HP is shown in percentages
|rule|Endless Battle Clause: Forcing endless battles is banned
|rule|Species Clause: Limit one of each Pokémon
|rule|OHKO Clause: OHKO moves are banned
|rule|Evasion Items Clause: Evasion items are banned
|rule|Evasion Moves Clause: Evasion moves are banned
|rule|Evasion Abilities Clause: Evasion abilities are banned
|rule|Sleep Moves Clause: Sleep-inducing moves are banned
|clearpoke
|poke|p1|Hitmonchan, M|
|poke|p1|Orthworm, F|
|poke|p1|Porygon2|
|poke|p1|Ursaluna, M|
|poke|p1|Hatterene, F|
|poke|p1|Tentacruel, F|
|poke|p2|Sandaconda, M|
|poke|p2|Klefki, M|
|poke|p2|Slowking-Galar, F|
|poke|p2|Indeedee-F, F|
|poke|p2|Hawlucha, F|
|poke|p2|Iron Valiant|
|teampreview
|
|t:|1769364108
|teamsize|p1|6
|teamsize|p2|6
|start
|switch|p1a: Tentacruel|Tentacruel, F, shiny|100/100
|switch|p2a: Sandaconda|Sandaconda, M|100/100
|turn|1
|
|t:|1769364114
|move|p1a: Tentacruel|Surf|p2a: Sandaconda
|-supereffective|p2a: Sandaconda
|-damage|p2a: Sandaconda|33/100
|move|p2a: Sandaconda|Glare|p1a: Tentacruel
|-status|p1a: Tentacruel|par
|
|-heal|p2a: Sandaconda|39/100|[from] item: Leftovers
|upkeep
|turn|2
|
|t:|1769364119
|move|p2a: Sandaconda|Stealth Rock|p1a: Tentacruel
|-sidestart|p1: levi6969|move: Stealth Rock
|cant|p1a: Tentacruel|par
|
|-heal|p2a: Sandaconda|45/100|[from] item: Leftovers
|upkeep
|turn|3
|
|t:|1769364124
|move|p2a: Sandaconda|Earthquake|p1a: Tentacruel
|-supereffective|p1a: Tentacruel
|-damage|p1a: Tentacruel|28/100 par
|move|p1a: Tentacruel|Rapid Spin|p2a: Sandaconda
|-damage|p2a: Sandaconda|40/100
|-boost|p1a: Tentacruel|spe|1
|-sideend|p1: levi6969|Stealth Rock|[from] move: Rapid Spin|[of] p1a: Tentacruel
|
|-heal|p2a: Sandaconda|46/100|[from] item: Leftovers
|upkeep
|turn|4
|
|t:|1769364130
|move|p1a: Tentacruel|Surf|p2a: Sandaconda
|-supereffective|p2a: Sandaconda
|-damage|p2a: Sandaconda|0 fnt
|faint|p2a: Sandaconda
|
|upkeep
|inactive|Battle timer is ON: inactive players will automatically lose when time's up. (requested by levi6969)
|
|t:|1769364135
|switch|p2a: Indeedee|Indeedee-F, F|100/100
|-fieldstart|move: Psychic Terrain|[from] ability: Psychic Surge|[of] p2a: Indeedee
|turn|5
|
|t:|1769364138
|move|p2a: Indeedee|Light Screen|p2a: Indeedee
|-sidestart|p2: nickita7|move: Light Screen
|move|p1a: Tentacruel|Toxic Spikes|p2a: Indeedee
|-sidestart|p2: nickita7|move: Toxic Spikes
|
|upkeep
|turn|6
|
|t:|1769364145
|move|p2a: Indeedee|Reflect|p2a: Indeedee
|-sidestart|p2: nickita7|Reflect
|cant|p1a: Tentacruel|par
|
|upkeep
|turn|7
|
|t:|1769364148
|move|p2a: Indeedee|Alluring Voice|p1a: Tentacruel
|-resisted|p1a: Tentacruel
|-damage|p1a: Tentacruel|21/100 par
|move|p1a: Tentacruel|Toxic Spikes|p2a: Indeedee
|-sidestart|p2: nickita7|move: Toxic Spikes
|
|upkeep
|turn|8
|
|t:|1769364156
|switch|p2a: Slowking|Slowking-Galar, F|100/100
|-sideend|p2: nickita7|move: Toxic Spikes|[of] p2a: Slowking
|move|p1a: Tentacruel|Sludge Bomb|p2a: Slowking
|-resisted|p2a: Slowking
|-damage|p2a: Slowking|95/100
|
|-heal|p2a: Slowking|100/100|[from] item: Black Sludge
|upkeep
|turn|9
|
|t:|1769364163
|cant|p1a: Tentacruel|par
|move|p2a: Slowking|Future Sight|p1a: Tentacruel
|-start|p2a: Slowking|move: Future Sight
|
|-sideend|p2: nickita7|move: Light Screen
|upkeep
|turn|10
|
|t:|1769364166
|cant|p1a: Tentacruel|par
|move|p2a: Slowking|Hex|p1a: Tentacruel
|-damage|p1a: Tentacruel|0 fnt
|faint|p1a: Tentacruel
|
|-sideend|p2: nickita7|Reflect
|upkeep
|
|t:|1769364172
|switch|p1a: Ursaluna|Ursaluna, M, shiny|100/100
|turn|11
|
|t:|1769364183
|move|p1a: Ursaluna|Body Slam|p2a: Slowking
|-damage|p2a: Slowking|59/100
|-status|p2a: Slowking|par
|move|p2a: Slowking|Trick|p1a: Ursaluna
|-activate|p2a: Slowking|move: Trick|[of] p1a: Ursaluna
|-item|p1a: Ursaluna|Black Sludge|[from] move: Trick
|-item|p2a: Slowking|Leftovers|[from] move: Trick
|
|-end|p1a: Ursaluna|move: Future Sight
|-damage|p1a: Ursaluna|47/100
|-damage|p1a: Ursaluna|35/100|[from] item: Black Sludge
|-heal|p2a: Slowking|65/100 par|[from] item: Leftovers
|upkeep
|turn|12
|
|t:|1769364199
|move|p1a: Ursaluna|Body Slam|p2a: Slowking
|-damage|p2a: Slowking|22/100 par
|cant|p2a: Slowking|par
|
|-damage|p1a: Ursaluna|22/100|[from] item: Black Sludge
|-heal|p2a: Slowking|28/100 par|[from] item: Leftovers
|-fieldend|move: Psychic Terrain
|upkeep
|turn|13
|
|t:|1769364205
|switch|p2a: Indeedee|Indeedee-F, F|100/100
|-fieldstart|move: Psychic Terrain|[from] ability: Psychic Surge|[of] p2a: Indeedee
|move|p1a: Ursaluna|Body Slam|p2a: Indeedee
|-damage|p2a: Indeedee|39/100
|
|-damage|p1a: Ursaluna|10/100|[from] item: Black Sludge
|upkeep
|turn|14
|
|t:|1769364213
|move|p2a: Indeedee|Reflect|p2a: Indeedee
|-sidestart|p2: nickita7|Reflect
|move|p1a: Ursaluna|Body Slam|p2a: Indeedee
|-damage|p2a: Indeedee|10/100
|
|-damage|p1a: Ursaluna|0 fnt|[from] item: Black Sludge
|faint|p1a: Ursaluna
|upkeep
|
|t:|1769364225
|switch|p1a: Orthworm|Orthworm, F, shiny|100/100
|turn|15
|
|t:|1769364243
|move|p2a: Indeedee|Light Screen|p2a: Indeedee
|-sidestart|p2: nickita7|move: Light Screen
|move|p1a: Orthworm|Stealth Rock|p2a: Indeedee
|-sidestart|p2: nickita7|move: Stealth Rock
|
|upkeep
|turn|16
|
|t:|1769364252
|switch|p2a: Klefki|Klefki, M|100/100
|-damage|p2a: Klefki|95/100|[from] Stealth Rock
|move|p1a: Orthworm|Iron Defense|p1a: Orthworm
|-boost|p1a: Orthworm|def|2
|
|upkeep
|turn|17
|
|t:|1769364260
|move|p2a: Klefki|Thunder Wave|p1a: Orthworm
|-activate|p1a: Orthworm|move: Psychic Terrain
|move|p1a: Orthworm|Heavy Slam|p2a: Klefki
|-damage|p2a: Klefki|81/100
|-enditem|p2a: Klefki|Red Card|[of] p1a: Orthworm
|drag|p1a: Hitmonchan|Hitmonchan, M|100/100
|
|upkeep
|turn|18
|
|t:|1769364273
|-terastallize|p1a: Hitmonchan|Steel
|move|p1a: Hitmonchan|Swords Dance|p1a: Hitmonchan
|-boost|p1a: Hitmonchan|atk|2
|move|p2a: Klefki|Dazzling Gleam|p1a: Hitmonchan
|-resisted|p1a: Hitmonchan
|-crit|p1a: Hitmonchan
|-damage|p1a: Hitmonchan|77/100
|
|-sideend|p2: nickita7|Reflect
|upkeep
|turn|19
|
|t:|1769364279
|move|p2a: Klefki|Spikes|p1a: Hitmonchan
|-sidestart|p1: levi6969|Spikes
|move|p1a: Hitmonchan|Drain Punch|p2a: Klefki
|-damage|p2a: Klefki|5/100
|-heal|p1a: Hitmonchan|100/100|[from] drain|[of] p2a: Klefki
|
|-sideend|p2: nickita7|move: Light Screen
|upkeep
|turn|20
|inactive|nickita7 has 120 seconds left.
|
|t:|1769364311
|move|p2a: Klefki|Spikes|p1a: Hitmonchan
|-sidestart|p1: levi6969|Spikes
|move|p1a: Hitmonchan|Drain Punch|p2a: Klefki
|-damage|p2a: Klefki|0 fnt
|faint|p2a: Klefki
|
|-fieldend|move: Psychic Terrain
|upkeep
|inactive|nickita7 has 120 seconds left.
|
|t:|1769364344
|switch|p2a: Indeedee|Indeedee-F, F|10/100
|-damage|p2a: Indeedee|0 fnt|[from] Stealth Rock
|faint|p2a: Indeedee
|
|t:|1769364353
|switch|p2a: Iron Valiant|Iron Valiant|100/100
|-damage|p2a: Iron Valiant|94/100|[from] Stealth Rock
|-enditem|p2a: Iron Valiant|Booster Energy
|-activate|p2a: Iron Valiant|ability: Quark Drive|[fromitem]
|-start|p2a: Iron Valiant|quarkdrivespe
|turn|21
|
|t:|1769364359
|move|p1a: Hitmonchan|Bullet Punch|p2a: Iron Valiant
|-supereffective|p2a: Iron Valiant
|-damage|p2a: Iron Valiant|0 fnt
|faint|p2a: Iron Valiant
|-end|p2a: Iron Valiant|Quark Drive|[silent]
|
|upkeep
|-message|nickita7 forfeited.
|
|win|levi6969
|raw|levi6969's rating: 1148 &rarr; <strong>1170</strong><br />(+22 for winning)
|raw|nickita7's rating: 1102 &rarr; <strong>1080</strong><br />(-22 for losing)
|l|☆nickita7
|player|p2|
