|j|‽SpeedySebas
|j|☆WickedVictory
|t:|1769407176
|gametype|singles
|player|p1|SpeedySebas|102|1086
|player|p2|WickedVictory|giovanni|1090
|gen|9
|tier|[Gen 9] OU
|rated|
|rule|HP Percentage Mod: HP is shown in percentages
|rule|Endless Battle Clause: Forcing endless battles is banned
|rule|Species Clause: Limit one of each Pokémon
|rule|OHKO Clause: OHKO moves are banned
|rule|Evasion Items Clause: Evasion items are banned
|rule|Evasion Moves Clause: Evasion moves are banned
|rule|Evasion Abilities Clause: Evasion abilities are banned
|rule|Sleep Moves Clause: Sleep-inducing moves are banned
|clearpoke
|poke|p1|Sandy Shocks|
|poke|p1|Flapple, M|
|poke|p1|Meowscarada, M|
|poke|p1|Iron Valiant|
|poke|p1|Dragapult, M|
|poke|p1|Greninja-*, M|
|poke|p2|Garganacl, F|
|poke|p2|Decidueye-Hisui, M|
|poke|p2|Araquanid, F|
|poke|p2|Sudowoodo, L1, F|
|poke|p2|Kingambit, F|
|poke|p2|Rillaboom, M|
|teampreview
|j| MasterCheekz
|
|t:|1769407183
|teamsize|p1|6
|teamsize|p2|6
|start
|switch|p1a: Iron Valiant|Iron Valiant|100/100
|switch|p2a: Sudowoodo|Sudowoodo, L1, F|100/100
|-enditem|p1a: Iron Valiant|Booster Energy
|-activate|p1a: Iron Valiant|ability: Quark Drive|[fromitem]
|-start|p1a: Iron Valiant|quarkdrivespe
|turn|1
|
|t:|1769407193
|move|p1a: Iron Valiant|Moonblast|p2a: Sudowoodo
|-ability|p2a: Sudowoodo|Sturdy
|-damage|p2a: Sudowoodo|9/100
|move|p2a: Sudowoodo|Endeavor|p1a: Iron Valiant
|-damage|p1a: Iron Valiant|1/100
|-heal|p2a: Sudowoodo|100/100|[from] item: Shell Bell|[of] p1a: Iron Valiant
|
|upkeep
|turn|2
|
|t:|1769407201
|move|p2a: Sudowoodo|Sucker Punch|p1a: Iron Valiant
|-resisted|p1a: Iron Valiant
|-damage|p1a: Iron Valiant|0 fnt
|faint|p1a: Iron Valiant
|-end|p1a: Iron Valiant|Quark Drive|[silent]
|
|upkeep
|
|t:|1769407213
|switch|p1a: Greninja|Greninja, M|100/100
|turn|3
|
|t:|1769407221
|switch|p2a: Rillaboom|Rillaboom, M|100/100
|-fieldstart|move: Grassy Terrain|[from] ability: Grassy Surge|[of] p2a: Rillaboom
|move|p1a: Greninja|Ice Beam|p2a: Rillaboom
|-supereffective|p2a: Rillaboom
|-damage|p2a: Rillaboom|61/100
|
|-heal|p2a: Rillaboom|68/100|[from] Grassy Terrain
|upkeep
|turn|4
|
|t:|1769407237
|move|p2a: Rillaboom|Fake Out|p1a: Greninja
|-damage|p1a: Greninja|78/100
|cant|p1a: Greninja|flinch
|
|-heal|p1a: Greninja|84/100|[from] Grassy Terrain
|-heal|p2a: Rillaboom|74/100|[from] Grassy Terrain
|upkeep
|turn|5
|
|t:|1769407243
|move|p1a: Greninja|Ice Beam|p2a: Rillaboom
|-supereffective|p2a: Rillaboom
|-damage|p2a: Rillaboom|36/100
|move|p2a: Rillaboom|Drain Punch|p1a: Greninja
|-supereffective|p1a: Greninja
|-damage|p1a: Greninja|8/100
|-heal|p2a: Rillaboom|63/100|[from] drain|[of] p1a: Greninja
|
|-heal|p1a: Greninja|13/100|[from] Grassy Terrain
|-heal|p2a: Rillaboom|69/100|[from] Grassy Terrain
|upkeep
|turn|6
|
|t:|1769407253
|move|p2a: Rillaboom|Grassy Glide|p1a: Greninja
|-supereffective|p1a: Greninja
|-damage|p1a: Greninja|0 fnt
|faint|p1a: Greninja
|
|-heal|p2a: Rillaboom|75/100|[from] Grassy Terrain
|upkeep
|
|t:|1769407259
|switch|p1a: Dragapult|Dragapult, M|100/100
|turn|7
|
|t:|1769407264
|switch|p2a: Kingambit|Kingambit, F|100/100
|move|p1a: Dragapult|Flamethrower|p2a: Kingambit
|-supereffective|p2a: Kingambit
|-damage|p2a: Kingambit|57/100
|-damage|p1a: Dragapult|91/100|[from] item: Life Orb
|
|-heal|p1a: Dragapult|97/100|[from] Grassy Terrain
|-heal|p2a: Kingambit|63/100|[from] Grassy Terrain
|-fieldend|move: Grassy Terrain
|upkeep
|turn|8
|
|t:|1769407274
|move|p2a: Kingambit|Protect|p2a: Kingambit
|-singleturn|p2a: Kingambit|Protect
|move|p1a: Dragapult|Flamethrower|p2a: Kingambit
|-activate|p2a: Kingambit|move: Protect
|
|upkeep
|turn|9
|
|t:|1769407282
|-terastallize|p2a: Kingambit|Dark
|move|p2a: Kingambit|Sucker Punch|p1a: Dragapult
|-supereffective|p1a: Dragapult
|-damage|p1a: Dragapult|0 fnt
|faint|p1a: Dragapult
|
|upkeep
|
|t:|1769407288
|switch|p1a: Meowscarada|Meowscarada, M|100/100
|turn|10
|l| MasterCheekz
|
|t:|1769407350
|-end|p2a: Kingambit|fallenundefined|[silent]
|switch|p2a: Rillaboom|Rillaboom, M|75/100
|-fieldstart|move: Grassy Terrain|[from] ability: Grassy Surge|[of] p2a: Rillaboom
|move|p1a: Meowscarada|Spikes|p2a: Rillaboom
|-start|p1a: Meowscarada|typechange|Ground|[from] ability: Protean
|-sidestart|p2: WickedVictory|Spikes
|
|-heal|p2a: Rillaboom|81/100|[from] Grassy Terrain
|upkeep
|turn|11
|
|t:|1769407362
|move|p2a: Rillaboom|Grassy Glide|p1a: Meowscarada
|-supereffective|p1a: Meowscarada
|-damage|p1a: Meowscarada|0 fnt
|faint|p1a: Meowscarada
|
|-heal|p2a: Rillaboom|87/100|[from] Grassy Terrain
|upkeep
|
|t:|1769407368
|switch|p1a: Sandy Shocks|Sandy Shocks|100/100
|turn|12
|
|t:|1769407372
|move|p2a: Rillaboom|Grassy Glide|p1a: Sandy Shocks
|-supereffective|p1a: Sandy Shocks
|-damage|p1a: Sandy Shocks|33/100
|move|p1a: Sandy Shocks|Gravity|p1a: Sandy Shocks
|-fieldstart|move: Gravity
|
|-heal|p1a: Sandy Shocks|39/100|[from] Grassy Terrain
|-heal|p2a: Rillaboom|94/100|[from] Grassy Terrain
|upkeep
|turn|13
|
|t:|1769407388
|move|p1a: Sandy Shocks|Stealth Rock|p2a: Rillaboom
|-sidestart|p2: WickedVictory|move: Stealth Rock
|move|p2a: Rillaboom|U-turn|p1a: Sandy Shocks
|-damage|p1a: Sandy Shocks|15/100
|
|t:|1769407392
|switch|p2a: Kingambit|Kingambit, F, tera:Dark|63/100|[from] U-turn
|-damage|p2a: Kingambit|50/100|[from] Spikes
|-damage|p2a: Kingambit|38/100|[from] Stealth Rock
|
|-heal|p1a: Sandy Shocks|21/100|[from] Grassy Terrain
|-heal|p2a: Kingambit|44/100|[from] Grassy Terrain
|upkeep
|turn|14
|
|t:|1769407402
|move|p2a: Kingambit|Sucker Punch|p1a: Sandy Shocks
|-damage|p1a: Sandy Shocks|0 fnt
|faint|p1a: Sandy Shocks
|-end|p1a: Sandy Shocks|Protosynthesis|[silent]
|
|-heal|p2a: Kingambit|50/100|[from] Grassy Terrain
|-fieldend|move: Grassy Terrain
|upkeep
|
|t:|1769407407
|switch|p1a: Flapple|Flapple, M|100/100
|turn|15
|
|t:|1769407414
|-terastallize|p1a: Flapple|Grass
|move|p2a: Kingambit|Protect|p2a: Kingambit
|-singleturn|p2a: Kingambit|Protect
|move|p1a: Flapple|Grav Apple|p2a: Kingambit
|-activate|p2a: Kingambit|move: Protect
|
|upkeep
|turn|16
|
|t:|1769407427
|move|p2a: Kingambit|Sucker Punch|p1a: Flapple
|-damage|p1a: Flapple|42/100
|move|p1a: Flapple|Grav Apple|p2a: Kingambit
|-damage|p2a: Kingambit|0 fnt
|faint|p2a: Kingambit
|-end|p2a: Kingambit|fallenundefined|[silent]
|
|-fieldend|move: Gravity
|upkeep
|
|t:|1769407435
|switch|p2a: Garganacl|Garganacl, F|100/100
|-damage|p2a: Garganacl|88/100|[from] Spikes
|-damage|p2a: Garganacl|76/100|[from] Stealth Rock
|turn|17
|
|t:|1769407444
|move|p1a: Flapple|Grav Apple|p2a: Garganacl
|-supereffective|p2a: Garganacl
|-damage|p2a: Garganacl|0 fnt
|faint|p2a: Garganacl
|
|upkeep
|
|t:|1769407450
|switch|p2a: Sudowoodo|Sudowoodo, L1, F|100/100
|-damage|p2a: Sudowoodo|92/100|[from] Spikes
|-damage|p2a: Sudowoodo|84/100|[from] Stealth Rock
|turn|18
|
|t:|1769407468
|switch|p2a: Decidueye|Decidueye-Hisui, M|100/100
|-damage|p2a: Decidueye|88/100|[from] Spikes
|-damage|p2a: Decidueye|82/100|[from] Stealth Rock
|move|p1a: Flapple|Grav Apple|p2a: Decidueye
|-resisted|p2a: Decidueye
|-damage|p2a: Decidueye|30/100
|-unboost|p2a: Decidueye|def|1
|
|-heal|p2a: Decidueye|37/100|[from] item: Leftovers
|upkeep
|turn|19
|
|t:|1769407485
|move|p1a: Flapple|Grav Apple|p2a: Decidueye
|-resisted|p2a: Decidueye
|-damage|p2a: Decidueye|0 fnt
|faint|p2a: Decidueye
|
|upkeep
|
|t:|1769407491
|switch|p2a: Rillaboom|Rillaboom, M|94/100
|-damage|p2a: Rillaboom|81/100|[from] Spikes
|-damage|p2a: Rillaboom|69/100|[from] Stealth Rock
|-fieldstart|move: Grassy Terrain|[from] ability: Grassy Surge|[of] p2a: Rillaboom
|turn|20
|
|t:|1769407497
|move|p2a: Rillaboom|Fake Out|p1a: Flapple
|-damage|p1a: Flapple|25/100
|cant|p1a: Flapple|flinch
|
|-heal|p1a: Flapple|31/100|[from] Grassy Terrain
|-heal|p2a: Rillaboom|75/100|[from] Grassy Terrain
|upkeep
|turn|21
|
|t:|1769407510
|move|p1a: Flapple|Grav Apple|p2a: Rillaboom
|-resisted|p2a: Rillaboom
|-damage|p2a: Rillaboom|18/100
|-unboost|p2a: Rillaboom|def|1
|move|p2a: Rillaboom|U-turn|p1a: Flapple
|-supereffective|p1a: Flapple
|-damage|p1a: Flapple|0 fnt
|faint|p1a: Flapple
|
|win|WickedVictory
|raw|SpeedySebas's rating: 1086 &rarr; <strong>1063</strong><br />(-23 for losing)
|raw|WickedVictory's rating: 1090 &rarr; <strong>1116</strong><br />(+26 for winning)
|l|‽SpeedySebas
|player|p1|
|l|☆WickedVictory
|player|p2|
