|j|☆Banixito
|j|☆hairynet2211
|t:|1769317579
|gametype|singles
|player|p1|Banixito|silver|1272
|player|p2|hairynet2211|266|1238
|gen|9
|tier|[Gen 9] OU
|rated|
|rule|HP Percentage Mod: HP is shown in percentages
|rule|Endless Battle Clause: Forcing endless battles is banned
|rule|Species Clause: Limit one of each Pokémon
|rule|OHKO Clause: OHKO moves are banned
|rule|Evasion Items Clause: Evasion items are banned
|rule|Evasion Moves Clause: Evasion moves are banned
|rule|Evasion Abilities Clause: Evasion abilities are banned
|rule|Sleep Moves Clause: Sleep-inducing moves are banned
|clearpoke
|poke|p1|Dragonite, M|
|poke|p1|Pecharunt|
|poke|p1|Gliscor, F|
|poke|p1|Ribombee, M|
|poke|p1|Porygon2|
|poke|p1|Darkrai|
|poke|p2|Corviknight, M|
|poke|p2|Gliscor, M|
|poke|p2|Ogerpon-Wellspring, F|
|poke|p2|Moltres|
|poke|p2|Kingambit, F|
|poke|p2|Blaziken, M|
|teampreview
|inactive|Battle timer is ON: inactive players will automatically lose when time's up. (requested by hairynet2211)
|
|t:|1769317600
|teamsize|p1|6
|teamsize|p2|6
|start
|switch|p1a: Ribombee|Ribombee, M|100/100
|switch|p2a: Blaziken|Blaziken, M|100/100
|turn|1
|
|t:|1769317610
|move|p2a: Blaziken|Protect|p2a: Blaziken
|-singleturn|p2a: Blaziken|Protect
|move|p1a: Ribombee|Stun Spore|p2a: Blaziken
|-activate|p2a: Blaziken|move: Protect
|
|-ability|p2a: Blaziken|Speed Boost|boost
|-boost|p2a: Blaziken|spe|1
|upkeep
|turn|2
|
|t:|1769317627
|move|p2a: Blaziken|Flare Blitz|p1a: Ribombee
|-supereffective|p1a: Ribombee
|-enditem|p1a: Ribombee|Focus Sash
|-damage|p1a: Ribombee|1/100
|-damage|p2a: Blaziken|72/100|[from] Recoil
|-damage|p2a: Blaziken|62/100|[from] item: Life Orb
|move|p1a: Ribombee|Stun Spore|p2a: Blaziken|[miss]
|-miss|p1a: Ribombee|p2a: Blaziken
|
|-ability|p2a: Blaziken|Speed Boost|boost
|-boost|p2a: Blaziken|spe|1
|upkeep
|turn|3
|
|t:|1769317641
|move|p2a: Blaziken|Flare Blitz|p1a: Ribombee
|-supereffective|p1a: Ribombee
|-damage|p1a: Ribombee|0 fnt
|faint|p1a: Ribombee
|-damage|p2a: Blaziken|62/100|[from] Recoil
|-damage|p2a: Blaziken|52/100|[from] item: Life Orb
|
|-ability|p2a: Blaziken|Speed Boost|boost
|-boost|p2a: Blaziken|spe|1
|upkeep
|
|t:|1769317653
|switch|p1a: Gliscor|Gliscor, F|100/100
|turn|4
|
|t:|1769317659
|move|p2a: Blaziken|Swords Dance|p2a: Blaziken
|-boost|p2a: Blaziken|atk|2
|move|p1a: Gliscor|Swords Dance|p1a: Gliscor
|-boost|p1a: Gliscor|atk|2
|
|-ability|p2a: Blaziken|Speed Boost|boost
|-boost|p2a: Blaziken|spe|1
|-status|p1a: Gliscor|tox|[from] item: Toxic Orb
|upkeep
|turn|5
|
|t:|1769317672
|move|p2a: Blaziken|Flare Blitz|p1a: Gliscor
|-damage|p1a: Gliscor|0 fnt
|faint|p1a: Gliscor
|-damage|p2a: Blaziken|13/100|[from] Recoil
|-damage|p2a: Blaziken|3/100|[from] item: Life Orb
|
|-ability|p2a: Blaziken|Speed Boost|boost
|-boost|p2a: Blaziken|spe|1
|upkeep
|
|t:|1769317680
|switch|p1a: Dragonite|Dragonite, M|100/100
|turn|6
|
|t:|1769317685
|move|p2a: Blaziken|Protect|p2a: Blaziken
|-singleturn|p2a: Blaziken|Protect
|move|p1a: Dragonite|Extreme Speed|p2a: Blaziken
|-activate|p2a: Blaziken|move: Protect
|
|-ability|p2a: Blaziken|Speed Boost|boost
|-boost|p2a: Blaziken|spe|1
|upkeep
|turn|7
|
|t:|1769317695
|switch|p2a: Corviknight|Corviknight, M|100/100
|move|p1a: Dragonite|Dragon Dance|p1a: Dragonite
|-boost|p1a: Dragonite|atk|1
|-boost|p1a: Dragonite|spe|1
|
|upkeep
|turn|8
|
|t:|1769317707
|move|p1a: Dragonite|Ice Spinner|p2a: Corviknight
|-damage|p2a: Corviknight|74/100
|-damage|p1a: Dragonite|84/100|[from] item: Rocky Helmet|[of] p2a: Corviknight
|move|p2a: Corviknight|U-turn|p1a: Dragonite
|-resisted|p1a: Dragonite
|-damage|p1a: Dragonite|76/100
|
|t:|1769317717
|switch|p2a: Moltres|Moltres|100/100|[from] U-turn
|-ability|p2a: Moltres|Pressure
|
|upkeep
|turn|9
|inactive|Banixito has 120 seconds left.
|
|t:|1769317752
|move|p1a: Dragonite|Extreme Speed|p2a: Moltres
|-damage|p2a: Moltres|62/100
|move|p2a: Moltres|Air Slash|p1a: Dragonite
|-damage|p1a: Dragonite|35/100
|
|upkeep
|turn|10
|inactive|Banixito has 120 seconds left.
|
|t:|1769317791
|switch|p1a: Porygon2|Porygon2|100/100
|-ability|p1a: Porygon2|Pressure|Trace|[from] ability: Trace|[of] p2a: Moltres
|-ability|p1a: Porygon2|Pressure
|move|p2a: Moltres|Air Slash|p1a: Porygon2
|-damage|p1a: Porygon2|81/100
|
|upkeep
|turn|11
|
|t:|1769317806
|move|p2a: Moltres|Overheat|p1a: Porygon2
|-damage|p1a: Porygon2|45/100
|-unboost|p2a: Moltres|spa|2
|move|p1a: Porygon2|Thunder Wave|p2a: Moltres
|-status|p2a: Moltres|par
|
|upkeep
|turn|12
|
|t:|1769317815
|move|p1a: Porygon2|Recover|p1a: Porygon2
|-heal|p1a: Porygon2|95/100
|cant|p2a: Moltres|par
|
|upkeep
|turn|13
|
|t:|1769317821
|move|p1a: Porygon2|Thunderbolt|p2a: Moltres
|-supereffective|p2a: Moltres
|-damage|p2a: Moltres|21/100 par
|move|p2a: Moltres|U-turn|p1a: Porygon2
|-damage|p1a: Porygon2|85/100
|
|t:|1769317828
|switch|p2a: Blaziken|Blaziken, M|3/100|[from] U-turn
|
|upkeep
|turn|14
|inactive|Banixito has 120 seconds left.
|
|t:|1769317834
|switch|p1a: Dragonite|Dragonite, M|35/100
|move|p2a: Blaziken|Close Combat|p1a: Dragonite
|-resisted|p1a: Dragonite
|-damage|p1a: Dragonite|0 fnt
|-unboost|p2a: Blaziken|def|1
|-unboost|p2a: Blaziken|spd|1
|faint|p1a: Dragonite
|-damage|p2a: Blaziken|0 fnt|[from] item: Life Orb
|faint|p2a: Blaziken
|
|upkeep
|inactive|Banixito has 120 seconds left.
|
|t:|1769317859
|switch|p1a: Porygon2|Porygon2|85/100
|switch|p2a: Moltres|Moltres|21/100 par
|-ability|p1a: Porygon2|Pressure|Trace|[from] ability: Trace|[of] p2a: Moltres
|-ability|p1a: Porygon2|Pressure
|-ability|p2a: Moltres|Pressure
|turn|15
|
|t:|1769317869
|move|p1a: Porygon2|Thunderbolt|p2a: Moltres
|-supereffective|p2a: Moltres
|-damage|p2a: Moltres|0 fnt
|faint|p2a: Moltres
|
|upkeep
|
|t:|1769317875
|switch|p2a: Gliscor|Gliscor, M|100/100
|turn|16
|
|t:|1769317882
|move|p2a: Gliscor|Taunt|p1a: Porygon2
|-start|p1a: Porygon2|move: Taunt
|move|p1a: Porygon2|Ice Beam|p2a: Gliscor
|-supereffective|p2a: Gliscor
|-damage|p2a: Gliscor|0 fnt
|faint|p2a: Gliscor
|
|upkeep
|
|t:|1769317891
|switch|p2a: Kingambit|Kingambit, F|100/100
|-activate|p2a: Kingambit|ability: Supreme Overlord
|-start|p2a: Kingambit|fallen3|[silent]
|turn|17
|
|t:|1769317899
|move|p1a: Porygon2|Thunderbolt|p2a: Kingambit
|-damage|p2a: Kingambit|80/100
|move|p2a: Kingambit|Swords Dance|p2a: Kingambit
|-boost|p2a: Kingambit|atk|2
|
|upkeep
|turn|18
|inactive|Banixito has 120 seconds left.
|
|t:|1769317924
|switch|p1a: Darkrai|Darkrai|100/100
|move|p2a: Kingambit|Swords Dance|p2a: Kingambit
|-boost|p2a: Kingambit|atk|2
|
|upkeep
|turn|19
|
|t:|1769317930
|-terastallize|p1a: Darkrai|Fire
|move|p1a: Darkrai|Tera Blast|p2a: Kingambit|[anim] Tera Blast Fire
|-supereffective|p2a: Kingambit
|-damage|p2a: Kingambit|0 fnt
|faint|p2a: Kingambit
|-end|p2a: Kingambit|fallen3|[silent]
|
|upkeep
|
|t:|1769317937
|switch|p2a: Ogerpon|Ogerpon-Wellspring, F|100/100
|turn|20
|
|t:|1769317943
|switch|p1a: Pecharunt|Pecharunt|100/100
|move|p2a: Ogerpon|Ivy Cudgel|p1a: Pecharunt|[anim] Ivy Cudgel Water
|-damage|p1a: Pecharunt|73/100
|
|upkeep
|turn|21
|
|t:|1769317952
|-terastallize|p2a: Ogerpon|Water
|detailschange|p2a: Ogerpon|Ogerpon-Wellspring-Tera, F, tera:Water
|-ability|p2a: Ogerpon|Embody Aspect (Wellspring)|boost
|-boost|p2a: Ogerpon|spd|1
|move|p2a: Ogerpon|Leech Seed|p1a: Pecharunt
|-start|p1a: Pecharunt|move: Leech Seed
|move|p1a: Pecharunt|Recover|p1a: Pecharunt
|-heal|p1a: Pecharunt|100/100
|
|-damage|p1a: Pecharunt|88/100|[from] Leech Seed|[of] p2a: Ogerpon
|upkeep
|turn|22
|
|t:|1769317969
|move|p2a: Ogerpon|Taunt|p1a: Pecharunt
|-start|p1a: Pecharunt|move: Taunt
|move|p1a: Pecharunt|Malignant Chain|p2a: Ogerpon
|-damage|p2a: Ogerpon|77/100
|
|-damage|p1a: Pecharunt|76/100|[from] Leech Seed|[of] p2a: Ogerpon
|-heal|p2a: Ogerpon|92/100|[silent]
|upkeep
|turn|23
|
|t:|1769317979
|move|p2a: Ogerpon|Ivy Cudgel|p1a: Pecharunt|[anim] Ivy Cudgel Water
|-damage|p1a: Pecharunt|35/100
|move|p1a: Pecharunt|Malignant Chain|p2a: Ogerpon
|-damage|p2a: Ogerpon|67/100
|
|-damage|p1a: Pecharunt|23/100|[from] Leech Seed|[of] p2a: Ogerpon
|-heal|p2a: Ogerpon|83/100|[silent]
|upkeep
|turn|24
|
|t:|1769317988
|switch|p1a: Porygon2|Porygon2|85/100
|move|p2a: Ogerpon|Ivy Cudgel|p1a: Porygon2|[anim] Ivy Cudgel Water
|-crit|p1a: Porygon2
|-damage|p1a: Porygon2|10/100
|
|upkeep
|turn|25
|
|t:|1769318003
|move|p2a: Ogerpon|Ivy Cudgel|p1a: Porygon2|[anim] Ivy Cudgel Water
|-crit|p1a: Porygon2
|-damage|p1a: Porygon2|0 fnt
|faint|p1a: Porygon2
|
|upkeep
|
|t:|1769318013
|switch|p1a: Darkrai|Darkrai, tera:Fire|100/100
|turn|26
|
|t:|1769318019
|move|p1a: Darkrai|Dark Pulse|p2a: Ogerpon
|-damage|p2a: Ogerpon|46/100
|move|p2a: Ogerpon|Ivy Cudgel|p1a: Darkrai|[anim] Ivy Cudgel Water
|-supereffective|p1a: Darkrai
|-crit|p1a: Darkrai
|-damage|p1a: Darkrai|0 fnt
|faint|p1a: Darkrai
|
|upkeep
|
|t:|1769318024
|switch|p1a: Pecharunt|Pecharunt|23/100
|turn|27
|
|t:|1769318033
|move|p2a: Ogerpon|Ivy Cudgel|p1a: Pecharunt|[anim] Ivy Cudgel Water
|-damage|p1a: Pecharunt|0 fnt
|faint|p1a: Pecharunt
|
|win|hairynet2211
|raw|Banixito's rating: 1272 &rarr; <strong>1245</strong><br />(-27 for losing)
|raw|hairynet2211's rating: 1238 &rarr; <strong>1265</strong><br />(+27 for winning)
|l|☆Banixito
|player|p1|
|l|☆hairynet2211
|player|p2|
