|j|☆G-recike
|j|☆unreal092
|t:|1769297116
|gametype|singles
|player|p1|G-recike|colress|1324
|player|p2|unreal092|depotagent|1356
|gen|9
|tier|[Gen 9] OU
|rated|
|rule|HP Percentage Mod: HP is shown in percentages
|rule|Endless Battle Clause: Forcing endless battles is banned
|rule|Species Clause: Limit one of each Pokémon
|rule|OHKO Clause: OHKO moves are banned
|rule|Evasion Items Clause: Evasion items are banned
|rule|Evasion Moves Clause: Evasion moves are banned
|rule|Evasion Abilities Clause: Evasion abilities are banned
|rule|Sleep Moves Clause: Sleep-inducing moves are banned
|clearpoke
|poke|p1|Hatterene, F|
|poke|p1|Kleavor, M|
|poke|p1|Rillaboom, F|
|poke|p1|Torkoal, F|
|poke|p1|Walking Wake|
|poke|p1|Kingambit, M|
|poke|p2|Forretress, M|
|poke|p2|Infernape, M|
|poke|p2|Samurott-Hisui, M|
|poke|p2|Garchomp, F|
|poke|p2|Serperior, M|
|poke|p2|Metagross|
|teampreview
|
|t:|1769297125
|teamsize|p1|6
|teamsize|p2|6
|start
|switch|p1a: Hibiki|Rillaboom, F|100/100
|switch|p2a: Master Chief|Forretress, M|100/100
|-fieldstart|move: Grassy Terrain|[from] ability: Grassy Surge|[of] p1a: Hibiki
|turn|1
|
|t:|1769297132
|switch|p1a: Utopia|Hatterene, F|100/100
|-enditem|p1a: Utopia|Grassy Seed
|-boost|p1a: Utopia|def|1|[from] item: Grassy Seed
|move|p2a: Master Chief|Gyro Ball|p1a: Utopia
|-supereffective|p1a: Utopia
|-damage|p1a: Utopia|87/100
|
|-heal|p1a: Utopia|93/100|[from] Grassy Terrain
|upkeep
|turn|2
|
|t:|1769297146
|switch|p2a: Metagross|Metagross|100/100
|move|p1a: Utopia|Mystical Fire|p2a: Metagross
|-supereffective|p2a: Metagross
|-damage|p2a: Metagross|65/100
|
|-heal|p2a: Metagross|71/100|[from] Grassy Terrain
|-heal|p1a: Utopia|99/100|[from] Grassy Terrain
|upkeep
|turn|3
|
|t:|1769297154
|switch|p1a: Fornalha|Torkoal, F|100/100
|-weather|SunnyDay|[from] ability: Drought|[of] p1a: Fornalha
|move|p2a: Metagross|Heavy Slam|p1a: Fornalha
|-resisted|p1a: Fornalha
|-damage|p1a: Fornalha|79/100
|
|-weather|SunnyDay|[upkeep]
|-heal|p2a: Metagross|77/100|[from] Grassy Terrain
|-heal|p1a: Fornalha|85/100|[from] Grassy Terrain
|upkeep
|turn|4
|
|t:|1769297175
|move|p2a: Metagross|Earthquake|p1a: Fornalha
|-supereffective|p1a: Fornalha
|-damage|p1a: Fornalha|61/100
|move|p1a: Fornalha|Will-O-Wisp|p2a: Metagross
|-status|p2a: Metagross|brn
|
|-weather|SunnyDay|[upkeep]
|-heal|p2a: Metagross|83/100 brn|[from] Grassy Terrain
|-heal|p1a: Fornalha|68/100|[from] Grassy Terrain
|-damage|p2a: Metagross|77/100 brn|[from] brn
|upkeep
|turn|5
|
|t:|1769297186
|move|p2a: Metagross|Earthquake|p1a: Fornalha
|-supereffective|p1a: Fornalha
|-damage|p1a: Fornalha|57/100
|move|p1a: Fornalha|Lava Plume|p2a: Metagross
|-supereffective|p2a: Metagross
|-damage|p2a: Metagross|22/100 brn
|
|-weather|SunnyDay|[upkeep]
|-heal|p2a: Metagross|28/100 brn|[from] Grassy Terrain
|-heal|p1a: Fornalha|63/100|[from] Grassy Terrain
|-damage|p2a: Metagross|22/100 brn|[from] brn
|upkeep
|turn|6
|
|t:|1769297195
|move|p2a: Metagross|Psychic Fangs|p1a: Fornalha
|-damage|p1a: Fornalha|50/100
|move|p1a: Fornalha|Lava Plume|p2a: Metagross
|-supereffective|p2a: Metagross
|-damage|p2a: Metagross|0 fnt
|faint|p2a: Metagross
|
|-weather|SunnyDay|[upkeep]
|-heal|p1a: Fornalha|56/100|[from] Grassy Terrain
|upkeep
|
|t:|1769297203
|switch|p2a: Gogeta|Infernape, M|100/100
|turn|7
|
|t:|1769297206
|move|p2a: Gogeta|Nasty Plot|p2a: Gogeta
|-boost|p2a: Gogeta|spa|2
|move|p1a: Fornalha|Body Press|p2a: Gogeta
|-damage|p2a: Gogeta|54/100
|
|-weather|SunnyDay|[upkeep]
|-heal|p2a: Gogeta|61/100|[from] Grassy Terrain
|-heal|p1a: Fornalha|62/100|[from] Grassy Terrain
|upkeep
|turn|8
|
|t:|1769297216
|switch|p1a: Walking Wake|Walking Wake|100/100
|-activate|p1a: Walking Wake|ability: Protosynthesis
|-start|p1a: Walking Wake|protosynthesisspe
|move|p2a: Gogeta|Nasty Plot|p2a: Gogeta
|-boost|p2a: Gogeta|spa|2
|
|-weather|SunnyDay|[upkeep]
|-heal|p2a: Gogeta|67/100|[from] Grassy Terrain
|-fieldend|move: Grassy Terrain
|upkeep
|turn|9
|
|t:|1769297225
|move|p2a: Gogeta|Vacuum Wave|p1a: Walking Wake
|-damage|p1a: Walking Wake|36/100
|move|p1a: Walking Wake|Hydro Steam|p2a: Gogeta
|-supereffective|p2a: Gogeta
|-damage|p2a: Gogeta|0 fnt
|faint|p2a: Gogeta
|
|-weather|SunnyDay|[upkeep]
|upkeep
|
|t:|1769297233
|switch|p2a: Yujiro|Samurott-Hisui, M, shiny|100/100
|turn|10
|
|t:|1769297238
|move|p2a: Yujiro|Sucker Punch|p1a: Walking Wake
|-damage|p1a: Walking Wake|0 fnt
|faint|p1a: Walking Wake
|-end|p1a: Walking Wake|Protosynthesis|[silent]
|
|-weather|none
|upkeep
|
|t:|1769297241
|switch|p1a: Kleavor|Kleavor, M|100/100
|turn|11
|
|t:|1769297245
|switch|p2a: Master Chief|Forretress, M|100/100
|move|p1a: Kleavor|U-turn|p2a: Master Chief
|-resisted|p2a: Master Chief
|-damage|p2a: Master Chief|91/100
|
|t:|1769297249
|switch|p1a: Utopia|Hatterene, F|99/100|[from] U-turn
|
|upkeep
|turn|12
|
|t:|1769297258
|move|p1a: Utopia|Mystical Fire|p2a: Master Chief
|-supereffective|p2a: Master Chief
|-damage|p2a: Master Chief|0 fnt
|faint|p2a: Master Chief
|
|upkeep
|
|t:|1769297265
|switch|p2a: Garchomp|Garchomp, F|100/100
|turn|13
|
|t:|1769297269
|-terastallize|p2a: Garchomp|Fire
|move|p2a: Garchomp|Swords Dance|p2a: Garchomp
|-boost|p2a: Garchomp|atk|2
|move|p1a: Utopia|Draining Kiss|p2a: Garchomp
|-resisted|p2a: Garchomp
|-damage|p2a: Garchomp|86/100
|-heal|p1a: Utopia|100/100|[from] drain|[of] p2a: Garchomp
|-damage|p1a: Utopia|88/100|[from] ability: Rough Skin|[of] p2a: Garchomp
|
|upkeep
|turn|14
|
|t:|1769297278
|switch|p1a: Hibiki|Rillaboom, F|100/100
|-fieldstart|move: Grassy Terrain|[from] ability: Grassy Surge|[of] p1a: Hibiki
|move|p2a: Garchomp|Earthquake|p1a: Hibiki
|-resisted|p1a: Hibiki
|-damage|p1a: Hibiki|70/100
|
|-heal|p2a: Garchomp|93/100|[from] Grassy Terrain
|-heal|p1a: Hibiki|76/100|[from] Grassy Terrain
|upkeep
|turn|15
|
|t:|1769297289
|switch|p1a: Utopia|Hatterene, F|88/100
|move|p2a: Garchomp|Scale Shot|p1a: Utopia
|-immune|p1a: Utopia
|
|-heal|p2a: Garchomp|99/100|[from] Grassy Terrain
|-heal|p1a: Utopia|94/100|[from] Grassy Terrain
|upkeep
|turn|16
|
|t:|1769297300
|move|p2a: Garchomp|Swords Dance|p2a: Garchomp
|-boost|p2a: Garchomp|atk|2
|move|p1a: Utopia|Psyshock|p2a: Garchomp
|-damage|p2a: Garchomp|56/100
|
|-heal|p2a: Garchomp|62/100|[from] Grassy Terrain
|-heal|p1a: Utopia|99/100|[from] Grassy Terrain
|upkeep
|turn|17
|
|t:|1769297307
|move|p2a: Garchomp|Fire Fang|p1a: Utopia
|-damage|p1a: Utopia|0 fnt
|faint|p1a: Utopia
|
|-heal|p2a: Garchomp|68/100|[from] Grassy Terrain
|upkeep
|
|t:|1769297310
|switch|p1a: Kleavor|Kleavor, M|100/100
|turn|18
|
|t:|1769297322
|move|p1a: Kleavor|Stone Axe|p2a: Garchomp
|-supereffective|p2a: Garchomp
|-damage|p2a: Garchomp|0 fnt
|-damage|p1a: Kleavor|88/100|[from] ability: Rough Skin|[of] p2a: Garchomp
|-sidestart|p2: unreal092|move: Stealth Rock
|faint|p2a: Garchomp
|
|-heal|p1a: Kleavor|94/100|[from] Grassy Terrain
|upkeep
|
|t:|1769297331
|switch|p2a: Rapier|Serperior, M|100/100
|-damage|p2a: Rapier|88/100|[from] Stealth Rock
|turn|19
|
|t:|1769297334
|switch|p1a: Fornalha|Torkoal, F|62/100
|-weather|SunnyDay|[from] ability: Drought|[of] p1a: Fornalha
|move|p2a: Rapier|Leaf Storm|p1a: Fornalha
|-resisted|p1a: Fornalha
|-damage|p1a: Fornalha|19/100
|-boost|p2a: Rapier|spa|2
|
|-weather|SunnyDay|[upkeep]
|-heal|p2a: Rapier|94/100|[from] Grassy Terrain
|-heal|p2a: Rapier|100/100|[from] item: Leftovers
|-heal|p1a: Fornalha|25/100|[from] Grassy Terrain
|upkeep
|turn|20
|
|t:|1769297347
|move|p2a: Rapier|Leaf Storm|p1a: Fornalha
|-resisted|p1a: Fornalha
|-damage|p1a: Fornalha|0 fnt
|-boost|p2a: Rapier|spa|2
|faint|p1a: Fornalha
|
|-weather|SunnyDay|[upkeep]
|upkeep
|
|t:|1769297349
|switch|p1a: Kleavor|Kleavor, M|94/100
|turn|21
|
|t:|1769297365
|move|p1a: Kleavor|X-Scissor|p2a: Rapier
|-supereffective|p2a: Rapier
|-damage|p2a: Rapier|0 fnt
|faint|p2a: Rapier
|
|-weather|SunnyDay|[upkeep]
|-heal|p1a: Kleavor|99/100|[from] Grassy Terrain
|-fieldend|move: Grassy Terrain
|upkeep
|
|t:|1769297372
|switch|p2a: Yujiro|Samurott-Hisui, M, shiny|100/100
|-damage|p2a: Yujiro|88/100|[from] Stealth Rock
|turn|22
|
|t:|1769297378
|move|p2a: Yujiro|Sucker Punch|p1a: Kleavor
|-damage|p1a: Kleavor|51/100
|move|p1a: Kleavor|X-Scissor|p2a: Yujiro
|-supereffective|p2a: Yujiro
|-damage|p2a: Yujiro|0 fnt
|faint|p2a: Yujiro
|
|win|G-recike
|raw|G-recike's rating: 1324 &rarr; <strong>1346</strong><br />(+22 for winning)
|raw|unreal092's rating: 1356 &rarr; <strong>1334</strong><br />(-22 for losing)
|l|☆unreal092
|player|p2|
|l|☆G-recike
|player|p1|
