|j|☆Nirvana91.
|j|☆theteen
|t:|1769368830
|gametype|singles
|player|p1|Nirvana91.|266|1214
|player|p2|theteen|265|1175
|gen|9
|tier|[Gen 9] OU
|rated|
|rule|HP Percentage Mod: HP is shown in percentages
|rule|Endless Battle Clause: Forcing endless battles is banned
|rule|Species Clause: Limit one of each Pokémon
|rule|OHKO Clause: OHKO moves are banned
|rule|Evasion Items Clause: Evasion items are banned
|rule|Evasion Moves Clause: Evasion moves are banned
|rule|Evasion Abilities Clause: Evasion abilities are banned
|rule|Sleep Moves Clause: Sleep-inducing moves are banned
|clearpoke
|poke|p1|Gholdengo|
|poke|p1|Iron Treads|
|poke|p1|Moltres|
|poke|p1|Samurott-Hisui, M|
|poke|p1|Sinistcha|
|poke|p1|Ting-Lu|
|poke|p2|Dragapult, F|
|poke|p2|Rotom-Wash|
|poke|p2|Ting-Lu|
|poke|p2|Kyurem|
|poke|p2|Great Tusk|
|poke|p2|Corviknight, F|
|teampreview
|inactive|Battle timer is ON: inactive players will automatically lose when time's up. (requested by Nirvana91.)
|inactive|theteen has 120 seconds left.
|
|t:|1769368866
|teamsize|p1|6
|teamsize|p2|6
|start
|switch|p1a: Moltres|Moltres|100/100
|switch|p2a: Great Tusk|Great Tusk|100/100
|-enditem|p2a: Great Tusk|Booster Energy
|-activate|p2a: Great Tusk|ability: Protosynthesis|[fromitem]
|-start|p2a: Great Tusk|protosynthesisspe
|turn|1
|l|☆Nirvana91.
|inactive|Nirvana91. disconnected and has a minute to reconnect!
|player|p1|
|j|☆Nirvana91.
|inactive|Nirvana91. reconnected and has 130 seconds left.
|player|p1|Nirvana91.|266|
|
|t:|1769368893
|move|p2a: Great Tusk|Bulk Up|p2a: Great Tusk
|-boost|p2a: Great Tusk|atk|1
|-boost|p2a: Great Tusk|def|1
|move|p1a: Moltres|Will-O-Wisp|p2a: Great Tusk
|-status|p2a: Great Tusk|brn
|
|-damage|p2a: Great Tusk|94/100 brn|[from] brn
|upkeep
|turn|2
|
|t:|1769368905
|move|p2a: Great Tusk|Bulk Up|p2a: Great Tusk
|-boost|p2a: Great Tusk|atk|1
|-boost|p2a: Great Tusk|def|1
|move|p1a: Moltres|Flamethrower|p2a: Great Tusk
|-damage|p2a: Great Tusk|44/100 brn
|
|-damage|p2a: Great Tusk|37/100 brn|[from] brn
|upkeep
|turn|3
|
|t:|1769368923
|move|p2a: Great Tusk|Close Combat|p1a: Moltres
|-resisted|p1a: Moltres
|-damage|p1a: Moltres|81/100
|-unboost|p2a: Great Tusk|def|1
|-unboost|p2a: Great Tusk|spd|1
|move|p1a: Moltres|Flamethrower|p2a: Great Tusk
|-damage|p2a: Great Tusk|0 fnt
|faint|p2a: Great Tusk
|-end|p2a: Great Tusk|Protosynthesis|[silent]
|
|upkeep
|inactive|theteen has 120 seconds left.
|
|t:|1769368936
|switch|p2a: Rotom|Rotom-Wash|100/100
|turn|4
|inactive|theteen has 120 seconds left.
|inactive|Nirvana91. has 120 seconds left.
|
|t:|1769368966
|move|p1a: Moltres|U-turn|p2a: Rotom
|-damage|p2a: Rotom|86/100
|
|t:|1769368975
|switch|p1a: Iron Treads|Iron Treads|100/100|[from] U-turn
|move|p2a: Rotom|Volt Switch|p1a: Iron Treads
|-immune|p1a: Iron Treads
|
|upkeep
|turn|5
|inactive|Nirvana91. has 120 seconds left.
|
|t:|1769368988
|-end|p1a: Iron Treads|Quark Drive|[silent]
|switch|p1a: Sinistcha|Sinistcha|100/100
|move|p2a: Rotom|Hydro Pump|p1a: Sinistcha
|-resisted|p1a: Sinistcha
|-damage|p1a: Sinistcha|68/100
|
|upkeep
|turn|6
|inactive|Nirvana91. has 120 seconds left.
|
|t:|1769369000
|move|p2a: Rotom|Dark Pulse|p1a: Sinistcha
|-supereffective|p1a: Sinistcha
|-damage|p1a: Sinistcha|2/100
|move|p1a: Sinistcha|Calm Mind|p1a: Sinistcha
|-boost|p1a: Sinistcha|spa|1
|-boost|p1a: Sinistcha|spd|1
|
|upkeep
|turn|7
|inactive|Nirvana91. has 120 seconds left.
|
|t:|1769369015
|move|p2a: Rotom|Volt Switch|p1a: Sinistcha
|-resisted|p1a: Sinistcha
|-damage|p1a: Sinistcha|0 fnt
|faint|p1a: Sinistcha
|
|t:|1769369024
|switch|p2a: Moody Blues|Dragapult, F|100/100|[from] Volt Switch
|
|upkeep
|
|t:|1769369030
|switch|p1a: Moltres|Moltres|81/100
|turn|8
|inactive|theteen has 120 seconds left.
|
|t:|1769369057
|-terastallize|p2a: Moody Blues|Ghost
|-terastallize|p1a: Moltres|Fairy
|move|p2a: Moody Blues|Tera Blast|p1a: Moltres|[anim] Tera Blast Ghost
|-crit|p1a: Moltres
|-damage|p1a: Moltres|0 fnt
|faint|p1a: Moltres
|
|upkeep
|
|t:|1769369068
|switch|p1a: Samurott|Samurott-Hisui, M|100/100
|turn|9
|c|☆theteen|I see what you tried
|inactive|theteen has 120 seconds left.
|
|t:|1769369084
|switch|p2a: Corviknight|Corviknight, F|100/100
|-ability|p2a: Corviknight|Pressure
|move|p1a: Samurott|Ceaseless Edge|p2a: Corviknight|[miss]
|-miss|p1a: Samurott|p2a: Corviknight
|
|upkeep
|turn|10
|-message|Nirvana91. forfeited.
|
|win|theteen
|raw|Nirvana91.'s rating: 1214 &rarr; <strong>1186</strong><br />(-28 for losing)
|raw|theteen's rating: 1175 &rarr; <strong>1203</strong><br />(+28 for winning)
