|j|☆Exilos
|j|☆BIGBODY55
|t:|1769316056
|gametype|singles
|player|p1|Exilos|shelly|1288
|player|p2|BIGBODY55|thorton|1293
|gen|9
|tier|[Gen 9] OU
|rated|
|rule|HP Percentage Mod: HP is shown in percentages
|rule|Endless Battle Clause: Forcing endless battles is banned
|rule|Species Clause: Limit one of each Pokémon
|rule|OHKO Clause: OHKO moves are banned
|rule|Evasion Items Clause: Evasion items are banned
|rule|Evasion Moves Clause: Evasion moves are banned
|rule|Evasion Abilities Clause: Evasion abilities are banned
|rule|Sleep Moves Clause: Sleep-inducing moves are banned
|clearpoke
|poke|p1|Kyurem|
|poke|p1|Scizor, M|
|poke|p1|Raging Bolt|
|poke|p1|Corviknight, M|
|poke|p1|Slowking-Galar, M|
|poke|p1|Primarina, F|
|poke|p2|Gogoat, M|
|poke|p2|Zarude|
|poke|p2|Rillaboom, F|
|poke|p2|Kingambit, F|
|poke|p2|Hawlucha, F|
|poke|p2|Iron Moth|
|teampreview
|inactive|Battle timer is ON: inactive players will automatically lose when time's up. (requested by Exilos)
|
|t:|1769316064
|teamsize|p1|6
|teamsize|p2|6
|start
|switch|p1a: Primarina|Primarina, F|100/100
|switch|p2a: Rillaboom|Rillaboom, F|100/100
|-fieldstart|move: Grassy Terrain|[from] ability: Grassy Surge|[of] p2a: Rillaboom
|turn|1
|
|t:|1769316070
|switch|p1a: Corviknight|Corviknight, M|100/100
|-ability|p1a: Corviknight|Pressure
|move|p2a: Rillaboom|Knock Off|p1a: Corviknight
|-damage|p1a: Corviknight|78/100
|-damage|p2a: Rillaboom|84/100|[from] item: Rocky Helmet|[of] p1a: Corviknight
|-enditem|p1a: Corviknight|Rocky Helmet|[from] move: Knock Off|[of] p2a: Rillaboom
|
|-heal|p2a: Rillaboom|90/100|[from] Grassy Terrain
|upkeep
|turn|2
|
|t:|1769316096
|switch|p2a: Kingambit|Kingambit, F, shiny|100/100
|move|p1a: Corviknight|Brave Bird|p2a: Kingambit
|-resisted|p2a: Kingambit
|-damage|p2a: Kingambit|87/100
|-damage|p1a: Corviknight|73/100|[from] Recoil
|
|-heal|p2a: Kingambit|93/100|[from] Grassy Terrain
|upkeep
|turn|3
|
|t:|1769316108
|-end|p2a: Kingambit|fallenundefined|[silent]
|switch|p2a: Hawlucha|Hawlucha, F|100/100
|-enditem|p2a: Hawlucha|Grassy Seed
|-boost|p2a: Hawlucha|def|1|[from] item: Grassy Seed
|move|p1a: Corviknight|U-turn|p2a: Hawlucha
|-resisted|p2a: Hawlucha
|-damage|p2a: Hawlucha|97/100
|
|t:|1769316115
|switch|p1a: Primarina|Primarina, F|100/100|[from] U-turn
|
|upkeep
|turn|4
|
|t:|1769316126
|-terastallize|p2a: Hawlucha|Flying
|move|p2a: Hawlucha|Swords Dance|p2a: Hawlucha
|-boost|p2a: Hawlucha|atk|2
|move|p1a: Primarina|Draining Kiss|p2a: Hawlucha
|-damage|p2a: Hawlucha|66/100
|
|upkeep
|turn|5
|
|t:|1769316137
|move|p2a: Hawlucha|Acrobatics|p1a: Primarina
|-damage|p1a: Primarina|0 fnt
|faint|p1a: Primarina
|
|upkeep
|inactive|Exilos has 120 seconds left.
|
|t:|1769316163
|switch|p1a: Raging Bolt|Raging Bolt|100/100
|-enditem|p1a: Raging Bolt|Booster Energy
|-activate|p1a: Raging Bolt|ability: Protosynthesis|[fromitem]
|-start|p1a: Raging Bolt|protosynthesisspa
|turn|6
|
|t:|1769316170
|move|p2a: Hawlucha|Swords Dance|p2a: Hawlucha
|-boost|p2a: Hawlucha|atk|2
|move|p1a: Raging Bolt|Thunderbolt|p2a: Hawlucha
|-supereffective|p2a: Hawlucha
|-damage|p2a: Hawlucha|0 fnt
|faint|p2a: Hawlucha
|
|upkeep
|
|t:|1769316179
|switch|p2a: Gogoat|Gogoat, M|100/100
|turn|7
|
|t:|1769316186
|move|p1a: Raging Bolt|Dragon Pulse|p2a: Gogoat
|-damage|p2a: Gogoat|59/100
|move|p2a: Gogoat|Wild Charge|p1a: Raging Bolt
|-resisted|p1a: Raging Bolt
|-damage|p1a: Raging Bolt|94/100
|-damage|p2a: Gogoat|58/100|[from] Recoil
|
|-heal|p1a: Raging Bolt|99/100|[from] Grassy Terrain
|-heal|p2a: Gogoat|64/100|[from] Grassy Terrain
|upkeep
|turn|8
|
|t:|1769316194
|move|p1a: Raging Bolt|Dragon Pulse|p2a: Gogoat
|-damage|p2a: Gogoat|21/100
|move|p2a: Gogoat|Play Rough|p1a: Raging Bolt
|-supereffective|p1a: Raging Bolt
|-crit|p1a: Raging Bolt
|-damage|p1a: Raging Bolt|19/100
|
|-heal|p1a: Raging Bolt|26/100|[from] Grassy Terrain
|-heal|p2a: Gogoat|27/100|[from] Grassy Terrain
|-fieldend|move: Grassy Terrain
|upkeep
|turn|9
|
|t:|1769316199
|switch|p2a: Kingambit|Kingambit, F, shiny|93/100
|-activate|p2a: Kingambit|ability: Supreme Overlord
|-start|p2a: Kingambit|fallen1|[silent]
|move|p1a: Raging Bolt|Dragon Pulse|p2a: Kingambit
|-resisted|p2a: Kingambit
|-damage|p2a: Kingambit|60/100
|
|upkeep
|turn|10
|
|t:|1769316204
|move|p1a: Raging Bolt|Thunderclap|p2a: Kingambit
|-damage|p2a: Kingambit|9/100
|move|p2a: Kingambit|Sucker Punch||[still]
|-fail|p2a: Kingambit
|
|upkeep
|turn|11
|
|t:|1769316212
|-end|p2a: Kingambit|fallen1|[silent]
|switch|p2a: Rillaboom|Rillaboom, F|90/100
|-fieldstart|move: Grassy Terrain|[from] ability: Grassy Surge|[of] p2a: Rillaboom
|move|p1a: Raging Bolt|Thunderclap||[still]
|-fail|p1a: Raging Bolt
|
|-heal|p1a: Raging Bolt|32/100|[from] Grassy Terrain
|-heal|p2a: Rillaboom|96/100|[from] Grassy Terrain
|upkeep
|turn|12
|
|t:|1769316233
|move|p1a: Raging Bolt|Dragon Pulse|p2a: Rillaboom
|-damage|p2a: Rillaboom|17/100
|move|p2a: Rillaboom|Stomping Tantrum|p1a: Raging Bolt
|-supereffective|p1a: Raging Bolt
|-damage|p1a: Raging Bolt|0 fnt
|faint|p1a: Raging Bolt
|-end|p1a: Raging Bolt|Protosynthesis|[silent]
|
|-heal|p2a: Rillaboom|23/100|[from] Grassy Terrain
|upkeep
|
|t:|1769316245
|switch|p1a: Corviknight|Corviknight, M|73/100
|-ability|p1a: Corviknight|Pressure
|turn|13
|
|t:|1769316255
|switch|p2a: Kingambit|Kingambit, F, shiny|9/100
|-activate|p2a: Kingambit|ability: Supreme Overlord
|-start|p2a: Kingambit|fallen1|[silent]
|move|p1a: Corviknight|U-turn|p2a: Kingambit
|-damage|p2a: Kingambit|0 fnt
|faint|p2a: Kingambit
|-end|p2a: Kingambit|fallen1|[silent]
|
|t:|1769316262
|switch|p1a: Slowking|Slowking-Galar, M|100/100|[from] U-turn
|
|upkeep
|
|t:|1769316265
|switch|p2a: Zarude|Zarude|100/100
|turn|14
|
|t:|1769316270
|move|p2a: Zarude|Knock Off|p1a: Slowking
|-supereffective|p1a: Slowking
|-crit|p1a: Slowking
|-damage|p1a: Slowking|0 fnt
|-enditem|p1a: Slowking|Assault Vest|[from] move: Knock Off|[of] p2a: Zarude
|faint|p1a: Slowking
|
|upkeep
|
|t:|1769316274
|switch|p1a: Corviknight|Corviknight, M|73/100
|-ability|p1a: Corviknight|Pressure
|turn|15
|inactive|BIGBODY55 has 120 seconds left.
|
|t:|1769316305
|switch|p2a: Gogoat|Gogoat, M|27/100
|move|p1a: Corviknight|U-turn|p2a: Gogoat
|-supereffective|p2a: Gogoat
|-damage|p2a: Gogoat|0 fnt
|faint|p2a: Gogoat
|
|t:|1769316312
|switch|p1a: Scizor|Scizor, M|100/100|[from] U-turn
|
|upkeep
|
|t:|1769316314
|switch|p2a: Dorito|Iron Moth, shiny|100/100
|-enditem|p2a: Dorito|Booster Energy
|-activate|p2a: Dorito|ability: Quark Drive|[fromitem]
|-start|p2a: Dorito|quarkdrivespe
|turn|16
|
|t:|1769316331
|move|p1a: Scizor|Bullet Punch|p2a: Dorito
|-resisted|p2a: Dorito
|-damage|p2a: Dorito|63/100
|move|p2a: Dorito|Substitute|p2a: Dorito
|-start|p2a: Dorito|Substitute
|-damage|p2a: Dorito|38/100
|
|-heal|p2a: Dorito|44/100|[from] Grassy Terrain
|upkeep
|turn|17
|
|t:|1769316336
|move|p1a: Scizor|Bullet Punch|p2a: Dorito
|-resisted|p2a: Dorito
|-end|p2a: Dorito|Substitute
|move|p2a: Dorito|Fiery Dance|p1a: Scizor
|-supereffective|p1a: Scizor
|-crit|p1a: Scizor
|-damage|p1a: Scizor|0 fnt
|faint|p1a: Scizor
|
|-heal|p2a: Dorito|50/100|[from] Grassy Terrain
|upkeep
|
|t:|1769316347
|switch|p1a: Kyurem|Kyurem|100/100
|-ability|p1a: Kyurem|Pressure
|turn|18
|
|t:|1769316350
|move|p2a: Dorito|Dazzling Gleam|p1a: Kyurem
|-supereffective|p1a: Kyurem
|-damage|p1a: Kyurem|53/100
|move|p1a: Kyurem|Dragon Dance|p1a: Kyurem
|-boost|p1a: Kyurem|atk|1
|-boost|p1a: Kyurem|spe|1
|
|-heal|p2a: Dorito|56/100|[from] Grassy Terrain
|-heal|p1a: Kyurem|59/100|[from] Grassy Terrain
|-fieldend|move: Grassy Terrain
|upkeep
|turn|19
|
|t:|1769316358
|move|p2a: Dorito|Sludge Wave|p1a: Kyurem
|-damage|p1a: Kyurem|16/100
|move|p1a: Kyurem|Scale Shot|p2a: Dorito
|-damage|p2a: Dorito|26/100
|-damage|p2a: Dorito|0 fnt
|faint|p2a: Dorito
|-end|p2a: Dorito|Quark Drive|[silent]
|-hitcount|p2: Dorito|2
|-unboost|p1a: Kyurem|def|1
|-boost|p1a: Kyurem|spe|1
|
|upkeep
|
|t:|1769316362
|switch|p2a: Rillaboom|Rillaboom, F|23/100
|-fieldstart|move: Grassy Terrain|[from] ability: Grassy Surge|[of] p2a: Rillaboom
|turn|20
|
|t:|1769316379
|move|p2a: Rillaboom|Grassy Glide|p1a: Kyurem
|-resisted|p1a: Kyurem
|-damage|p1a: Kyurem|0 fnt
|faint|p1a: Kyurem
|
|-heal|p2a: Rillaboom|29/100|[from] Grassy Terrain
|upkeep
|
|t:|1769316381
|switch|p1a: Corviknight|Corviknight, M|73/100
|-ability|p1a: Corviknight|Pressure
|turn|21
|
|t:|1769316387
|move|p2a: Rillaboom|Wood Hammer|p1a: Corviknight
|-resisted|p1a: Corviknight
|-damage|p1a: Corviknight|60/100
|-damage|p2a: Rillaboom|25/100|[from] Recoil
|move|p1a: Corviknight|Brave Bird|p2a: Rillaboom
|-supereffective|p2a: Rillaboom
|-damage|p2a: Rillaboom|0 fnt
|faint|p2a: Rillaboom
|-damage|p1a: Corviknight|52/100|[from] Recoil
|
|upkeep
|
|t:|1769316390
|switch|p2a: Zarude|Zarude|100/100
|turn|22
|
|t:|1769316400
|move|p2a: Zarude|Swords Dance|p2a: Zarude
|-boost|p2a: Zarude|atk|2
|move|p1a: Corviknight|Brave Bird|p2a: Zarude
|-supereffective|p2a: Zarude
|-damage|p2a: Zarude|27/100
|-damage|p1a: Corviknight|30/100|[from] Recoil
|
|-heal|p2a: Zarude|33/100|[from] Grassy Terrain
|-heal|p2a: Zarude|39/100|[from] item: Leftovers
|upkeep
|turn|23
|c|☆BIGBODY55|Gg
|
|t:|1769316409
|move|p2a: Zarude|Knock Off|p1a: Corviknight
|-crit|p1a: Corviknight
|-damage|p1a: Corviknight|0 fnt
|faint|p1a: Corviknight
|
|win|BIGBODY55
|raw|Exilos's rating: 1288 &rarr; <strong>1263</strong><br />(-25 for losing)
|raw|BIGBODY55's rating: 1293 &rarr; <strong>1318</strong><br />(+25 for winning)
