|j|☆Patxongo
|j|☆DcBaker
|t:|1769389996
|gametype|singles
|player|p1|Patxongo|lyra|1256
|player|p2|DcBaker|pokemonrangerf|1226
|gen|9
|tier|[Gen 9] OU
|rated|
|rule|HP Percentage Mod: HP is shown in percentages
|rule|Endless Battle Clause: Forcing endless battles is banned
|rule|Species Clause: Limit one of each Pokémon
|rule|OHKO Clause: OHKO moves are banned
|rule|Evasion Items Clause: Evasion items are banned
|rule|Evasion Moves Clause: Evasion moves are banned
|rule|Evasion Abilities Clause: Evasion abilities are banned
|rule|Sleep Moves Clause: Sleep-inducing moves are banned
|clearpoke
|poke|p1|Ogerpon-Wellspring, F|
|poke|p1|Kingambit, F|
|poke|p1|Landorus-Therian, M|
|poke|p1|Glimmora, F|
|poke|p1|Dragapult, F|
|poke|p1|Iron Valiant|
|poke|p2|Hydrapple, M|
|poke|p2|Gliscor, M|
|poke|p2|Slowking-Galar, M|
|poke|p2|Cinderace, M|
|poke|p2|Kingambit, M|
|poke|p2|Iron Valiant|
|teampreview
|inactive|Battle timer is ON: inactive players will automatically lose when time's up. (requested by DcBaker)
|
|t:|1769390024
|teamsize|p1|6
|teamsize|p2|6
|start
|switch|p1a: Glimmora|Glimmora, F|100/100
|switch|p2a: CP3|Gliscor, M, shiny|100/100
|turn|1
|
|t:|1769390040
|move|p2a: CP3|Earthquake|p1a: Glimmora
|-supereffective|p1a: Glimmora
|-enditem|p1a: Glimmora|Focus Sash
|-damage|p1a: Glimmora|1/100
|-activate|p1a: Glimmora|ability: Toxic Debris
|-sidestart|p2: DcBaker|move: Toxic Spikes
|move|p1a: Glimmora|Spikes|p2a: CP3
|-sidestart|p2: DcBaker|Spikes
|
|-status|p2a: CP3|tox|[from] item: Toxic Orb
|upkeep
|turn|2
|
|t:|1769390052
|move|p2a: CP3|Swords Dance|p2a: CP3
|-boost|p2a: CP3|atk|2
|move|p1a: Glimmora|Toxic Spikes|p2a: CP3
|-sidestart|p2: DcBaker|move: Toxic Spikes
|
|upkeep
|turn|3
|
|t:|1769390060
|move|p2a: CP3|Swords Dance|p2a: CP3
|-boost|p2a: CP3|atk|2
|move|p1a: Glimmora|Spikes|p2a: CP3
|-sidestart|p2: DcBaker|Spikes
|
|upkeep
|turn|4
|
|t:|1769390068
|move|p2a: CP3|Protect|p2a: CP3
|-singleturn|p2a: CP3|Protect
|move|p1a: Glimmora|Spikes|p2a: CP3
|-sidestart|p2: DcBaker|Spikes
|
|upkeep
|turn|5
|
|t:|1769390075
|switch|p1a: Landorus|Landorus-Therian, M|100/100
|-ability|p1a: Landorus|Intimidate|boost
|-unboost|p2a: CP3|atk|1
|move|p2a: CP3|Tera Blast|p1a: Landorus
|-damage|p1a: Landorus|92/100
|
|upkeep
|turn|6
|
|t:|1769390085
|move|p2a: CP3|Tera Blast|p1a: Landorus
|-damage|p1a: Landorus|82/100
|move|p1a: Landorus|Stealth Rock|p2a: CP3
|-sidestart|p2: DcBaker|move: Stealth Rock
|
|upkeep
|turn|7
|
|t:|1769390092
|move|p2a: CP3|Swords Dance|p2a: CP3
|-boost|p2a: CP3|atk|2
|move|p1a: Landorus|Taunt|p2a: CP3
|-start|p2a: CP3|move: Taunt
|
|upkeep
|turn|8
|
|t:|1769390101
|move|p2a: CP3|Tera Blast|p1a: Landorus
|-damage|p1a: Landorus|73/100
|move|p1a: Landorus|U-turn|p2a: CP3
|-resisted|p2a: CP3
|-damage|p2a: CP3|89/100 tox
|
|t:|1769390105
|switch|p1a: Ogerpon|Ogerpon-Wellspring, F|100/100|[from] U-turn
|
|-heal|p2a: CP3|100/100 tox|[from] ability: Poison Heal
|upkeep
|turn|9
|
|t:|1769390125
|-terastallize|p2a: CP3|Fairy
|move|p1a: Ogerpon|Ivy Cudgel|p2a: CP3|[anim] Ivy Cudgel Water
|-damage|p2a: CP3|45/100 tox
|move|p2a: CP3|Tera Blast|p1a: Ogerpon|[anim] Tera Blast Fairy
|-damage|p1a: Ogerpon|0 fnt
|faint|p1a: Ogerpon
|
|-heal|p2a: CP3|57/100 tox|[from] ability: Poison Heal
|upkeep
|
|t:|1769390144
|switch|p1a: Dragapult|Dragapult, F|100/100
|turn|10
|
|t:|1769390153
|-terastallize|p1a: Dragapult|Ghost
|move|p1a: Dragapult|Shadow Ball|p2a: CP3
|-damage|p2a: CP3|0 fnt
|faint|p2a: CP3
|
|upkeep
|
|t:|1769390165
|switch|p2a: IShowSpeed|Cinderace, M, shiny|100/100
|turn|11
|
|t:|1769390169
|move|p1a: Dragapult|Shadow Ball|p2a: IShowSpeed
|-damage|p2a: IShowSpeed|3/100
|-unboost|p2a: IShowSpeed|spd|1
|move|p2a: IShowSpeed|Court Change|p2a: IShowSpeed
|-start|p2a: IShowSpeed|typechange|Normal|[from] ability: Libero
|-swapsideconditions
|-activate|p2a: IShowSpeed|move: Court Change
|
|upkeep
|turn|12
|c|☆DcBaker|HOLY
|
|t:|1769390182
|move|p2a: IShowSpeed|Sucker Punch|p1a: Dragapult
|-supereffective|p1a: Dragapult
|-damage|p1a: Dragapult|36/100
|move|p1a: Dragapult|Shadow Ball|p2a: IShowSpeed
|-immune|p2a: IShowSpeed
|
|upkeep
|turn|13
|-message|Patxongo forfeited.
|
|win|DcBaker
|raw|Patxongo's rating: 1256 &rarr; <strong>1229</strong><br />(-27 for losing)
|raw|DcBaker's rating: 1226 &rarr; <strong>1253</strong><br />(+27 for winning)
