|j|☆cospway
|j|☆xXMoooXx
|t:|1769322449
|gametype|singles
|player|p1|cospway|iris-gen5bw2|1301
|player|p2|xXMoooXx|2|1274
|gen|9
|tier|[Gen 9] OU
|rated|
|rule|HP Percentage Mod: HP is shown in percentages
|rule|Endless Battle Clause: Forcing endless battles is banned
|rule|Species Clause: Limit one of each Pokémon
|rule|OHKO Clause: OHKO moves are banned
|rule|Evasion Items Clause: Evasion items are banned
|rule|Evasion Moves Clause: Evasion moves are banned
|rule|Evasion Abilities Clause: Evasion abilities are banned
|rule|Sleep Moves Clause: Sleep-inducing moves are banned
|clearpoke
|poke|p1|Cresselia, F|
|poke|p1|Jirachi|
|poke|p1|Gholdengo|
|poke|p1|Kingambit, M|
|poke|p1|Hoopa-Unbound|
|poke|p1|Azumarill, F|
|poke|p2|Mandibuzz, F|
|poke|p2|Lokix, M|
|poke|p2|Ogerpon, F|
|poke|p2|Gholdengo|
|poke|p2|Heatran, F|
|poke|p2|Rotom-Wash|
|teampreview
|inactive|Battle timer is ON: inactive players will automatically lose when time's up. (requested by cospway)
|
|t:|1769322471
|teamsize|p1|6
|teamsize|p2|6
|start
|switch|p1a: Jirachi|Jirachi|100/100
|switch|p2a: Lokix|Lokix, M|100/100
|turn|1
|
|t:|1769322481
|switch|p2a: Mandibuzz|Mandibuzz, F|100/100
|move|p1a: Jirachi|Trick Room|p1a: Jirachi
|-fieldstart|move: Trick Room|[of] p1a: Jirachi
|
|upkeep
|turn|2
|
|t:|1769322496
|move|p2a: Mandibuzz|Toxic|p1a: Jirachi
|-immune|p1a: Jirachi
|move|p1a: Jirachi|Stealth Rock|p2a: Mandibuzz
|-sidestart|p2: xXMoooXx|move: Stealth Rock
|
|upkeep
|turn|3
|
|t:|1769322501
|move|p2a: Mandibuzz|Defog|p1a: Jirachi
|-unboost|p1a: Jirachi|evasion|1
|-sideend|p2: xXMoooXx|Stealth Rock|[from] move: Defog|[of] p2a: Mandibuzz
|move|p1a: Jirachi|U-turn|p2a: Mandibuzz
|-damage|p2a: Mandibuzz|91/100
|-damage|p1a: Jirachi|84/100|[from] item: Rocky Helmet|[of] p2a: Mandibuzz
|
|t:|1769322516
|switch|p1a: Kingambit|Kingambit, M|100/100|[from] U-turn
|
|upkeep
|turn|4
|
|t:|1769322543
|switch|p2a: Heatran|Heatran, F|100/100
|move|p1a: Kingambit|Swords Dance|p1a: Kingambit
|-boost|p1a: Kingambit|atk|2
|
|upkeep
|turn|5
|
|t:|1769322550
|move|p2a: Heatran|Protect|p2a: Heatran
|-singleturn|p2a: Heatran|Protect
|move|p1a: Kingambit|Kowtow Cleave|p2a: Heatran
|-activate|p2a: Heatran|move: Protect
|
|-fieldend|move: Trick Room
|upkeep
|turn|6
|
|t:|1769322560
|-terastallize|p1a: Kingambit|Fairy
|move|p2a: Heatran|Magma Storm|p1a: Kingambit
|-damage|p1a: Kingambit|58/100
|-activate|p1a: Kingambit|move: Magma Storm|[of] p2a: Heatran
|move|p1a: Kingambit|Kowtow Cleave|p2a: Heatran
|-damage|p2a: Heatran|14/100
|
|-heal|p2a: Heatran|20/100|[from] item: Leftovers
|-heal|p1a: Kingambit|64/100|[from] item: Leftovers
|-damage|p1a: Kingambit|52/100|[from] move: Magma Storm|[partiallytrapped]
|upkeep
|turn|7
|
|t:|1769322578
|move|p1a: Kingambit|Sucker Punch|p2a: Heatran
|-damage|p2a: Heatran|0 fnt
|faint|p2a: Heatran
|
|-heal|p1a: Kingambit|58/100|[from] item: Leftovers
|-end|p1a: Kingambit|Magma Storm|[partiallytrapped]|[silent]
|upkeep
|inactive|xXMoooXx has 120 seconds left.
|
|t:|1769322601
|switch|p2a: Rotom|Rotom-Wash|100/100
|turn|8
|
|t:|1769322612
|-end|p1a: Kingambit|fallenundefined|[silent]
|switch|p1a: Gholdengo|Gholdengo|100/100
|-item|p1a: Gholdengo|Air Balloon
|move|p2a: Rotom|Will-O-Wisp|p1a: Gholdengo
|-immune|p1a: Gholdengo|[from] ability: Good as Gold
|
|upkeep
|turn|9
|
|t:|1769322638
|switch|p1a: Jirachi|Jirachi|84/100
|move|p2a: Rotom|Volt Switch|p1a: Jirachi
|-damage|p1a: Jirachi|63/100
|
|t:|1769322648
|switch|p2a: Lokix|Lokix, M|100/100|[from] Volt Switch
|
|upkeep
|turn|10
|
|t:|1769322661
|move|p2a: Lokix|Knock Off|p1a: Jirachi
|-supereffective|p1a: Jirachi
|-enditem|p1a: Jirachi|Colbur Berry|[eat]
|-enditem|p1a: Jirachi|Colbur Berry|[weaken]
|-damage|p1a: Jirachi|26/100
|-damage|p2a: Lokix|91/100|[from] item: Life Orb
|move|p1a: Jirachi|Trick Room|p1a: Jirachi
|-fieldstart|move: Trick Room|[of] p1a: Jirachi
|
|upkeep
|turn|11
|
|t:|1769322672
|move|p2a: Lokix|Sucker Punch||[still]
|-fail|p2a: Lokix
|move|p1a: Jirachi|Stealth Rock|p2a: Lokix
|-sidestart|p2: xXMoooXx|move: Stealth Rock
|
|upkeep
|turn|12
|
|t:|1769322684
|move|p2a: Lokix|Sucker Punch|p1a: Jirachi
|-supereffective|p1a: Jirachi
|-damage|p1a: Jirachi|0 fnt
|faint|p1a: Jirachi
|-damage|p2a: Lokix|81/100|[from] item: Life Orb
|
|upkeep
|
|t:|1769322703
|switch|p1a: Kingambit|Kingambit, M, tera:Fairy|58/100
|-activate|p1a: Kingambit|ability: Supreme Overlord
|-start|p1a: Kingambit|fallen1|[silent]
|turn|13
|
|t:|1769322717
|move|p1a: Kingambit|Tera Blast|p2a: Lokix|[anim] Tera Blast Fairy
|-supereffective|p2a: Lokix
|-damage|p2a: Lokix|0 fnt
|faint|p2a: Lokix
|
|-heal|p1a: Kingambit|64/100|[from] item: Leftovers
|upkeep
|
|t:|1769322727
|switch|p2a: Rotom|Rotom-Wash|100/100
|-damage|p2a: Rotom|88/100|[from] Stealth Rock
|turn|14
|
|t:|1769322742
|move|p1a: Kingambit|Tera Blast|p2a: Rotom|[anim] Tera Blast Fairy
|-damage|p2a: Rotom|33/100
|move|p2a: Rotom|Volt Switch|p1a: Kingambit
|-damage|p1a: Kingambit|40/100
|
|t:|1769322761
|switch|p2a: Ogerpon|Ogerpon, F|100/100|[from] Volt Switch
|-damage|p2a: Ogerpon|88/100|[from] Stealth Rock
|
|-heal|p1a: Kingambit|46/100|[from] item: Leftovers
|-fieldend|move: Trick Room
|upkeep
|turn|15
|
|t:|1769322775
|move|p2a: Ogerpon|Horn Leech|p1a: Kingambit
|-damage|p1a: Kingambit|3/100
|-heal|p2a: Ogerpon|100/100|[from] drain|[of] p1a: Kingambit
|move|p1a: Kingambit|Tera Blast|p2a: Ogerpon|[anim] Tera Blast Fairy
|-damage|p2a: Ogerpon|27/100
|
|-heal|p1a: Kingambit|9/100|[from] item: Leftovers
|upkeep
|turn|16
|
|t:|1769322784
|switch|p2a: Mandibuzz|Mandibuzz, F|91/100
|-damage|p2a: Mandibuzz|66/100|[from] Stealth Rock
|move|p1a: Kingambit|Sucker Punch||[still]
|-fail|p1a: Kingambit
|
|-heal|p1a: Kingambit|16/100|[from] item: Leftovers
|upkeep
|turn|17
|
|t:|1769322799
|-end|p1a: Kingambit|fallen1|[silent]
|switch|p1a: Cresselia|Cresselia, F|100/100
|move|p2a: Mandibuzz|Defog|p1a: Cresselia
|-unboost|p1a: Cresselia|evasion|1
|-sideend|p2: xXMoooXx|Stealth Rock|[from] move: Defog|[of] p2a: Mandibuzz
|
|upkeep
|turn|18
|
|t:|1769322807
|move|p2a: Mandibuzz|Toxic|p1a: Cresselia
|-status|p1a: Cresselia|tox
|move|p1a: Cresselia|Trick Room|p1a: Cresselia
|-fieldstart|move: Trick Room|[of] p1a: Cresselia
|
|-damage|p1a: Cresselia|94/100 tox|[from] psn
|upkeep
|turn|19
|
|t:|1769322814
|move|p1a: Cresselia|Lunar Dance|p1a: Cresselia
|faint|p1a: Cresselia
|move|p2a: Mandibuzz|Roost|p2a: Mandibuzz
|-heal|p2a: Mandibuzz|100/100
|-singleturn|p2a: Mandibuzz|move: Roost
|
|upkeep
|
|t:|1769322821
|switch|p1a: Kingambit|Kingambit, M, tera:Fairy|16/100
|-heal|p1a: Kingambit|100/100|[from] move: Lunar Dance
|-activate|p1a: Kingambit|ability: Supreme Overlord
|-start|p1a: Kingambit|fallen2|[silent]
|turn|20
|
|t:|1769322829
|move|p1a: Kingambit|Tera Blast|p2a: Mandibuzz|[anim] Tera Blast Fairy
|-supereffective|p2a: Mandibuzz
|-damage|p2a: Mandibuzz|35/100
|move|p2a: Mandibuzz|Toxic|p1a: Kingambit
|-status|p1a: Kingambit|tox
|
|-damage|p1a: Kingambit|94/100 tox|[from] psn
|upkeep
|turn|21
|
|t:|1769322844
|switch|p2a: Rotom|Rotom-Wash|33/100
|move|p1a: Kingambit|Tera Blast|p2a: Rotom|[anim] Tera Blast Fairy
|-damage|p2a: Rotom|0 fnt
|faint|p2a: Rotom
|
|-heal|p1a: Kingambit|100/100 tox|[from] item: Leftovers
|-damage|p1a: Kingambit|88/100 tox|[from] psn
|upkeep
|
|t:|1769322846
|switch|p2a: Gholdengo|Gholdengo|100/100
|turn|22
|
|t:|1769322855
|-terastallize|p2a: Gholdengo|Fairy
|move|p1a: Kingambit|Kowtow Cleave|p2a: Gholdengo
|-resisted|p2a: Gholdengo
|-damage|p2a: Gholdengo|74/100
|move|p2a: Gholdengo|Make It Rain|p1a: Kingambit
|-supereffective|p1a: Kingambit
|-damage|p1a: Kingambit|0 fnt
|-unboost|p2a: Gholdengo|spa|1
|faint|p1a: Kingambit
|-end|p1a: Kingambit|fallen2|[silent]
|
|-heal|p2a: Gholdengo|80/100|[from] item: Leftovers
|-fieldend|move: Trick Room
|upkeep
|
|t:|1769322868
|switch|p1a: Hoopa|Hoopa-Unbound|100/100
|turn|23
|
|t:|1769322875
|move|p2a: Gholdengo|Thunder Wave|p1a: Hoopa
|-status|p1a: Hoopa|par
|move|p1a: Hoopa|Trick Room|p1a: Hoopa
|-fieldstart|move: Trick Room|[of] p1a: Hoopa
|-enditem|p1a: Hoopa|Room Service
|-unboost|p1a: Hoopa|spe|1|[from] item: Room Service
|
|-heal|p2a: Gholdengo|86/100|[from] item: Leftovers
|upkeep
|turn|24
|
|t:|1769322897
|move|p1a: Hoopa|Gunk Shot|p2a: Gholdengo
|-supereffective|p2a: Gholdengo
|-damage|p2a: Gholdengo|0 fnt
|faint|p2a: Gholdengo
|-item|p1a: Hoopa|Leftovers|[from] ability: Magician|[of] p2: Gholdengo
|
|upkeep
|
|t:|1769322901
|switch|p2a: Mandibuzz|Mandibuzz, F|35/100
|turn|25
|
|t:|1769322908
|move|p1a: Hoopa|Gunk Shot|p2a: Mandibuzz
|-damage|p2a: Mandibuzz|6/100
|-status|p2a: Mandibuzz|psn
|move|p2a: Mandibuzz|Roost|p2a: Mandibuzz
|-heal|p2a: Mandibuzz|56/100 psn
|-singleturn|p2a: Mandibuzz|move: Roost
|
|-damage|p2a: Mandibuzz|44/100 psn|[from] psn
|upkeep
|turn|26
|
|t:|1769322918
|move|p1a: Hoopa|Focus Blast|p2a: Mandibuzz|[miss]
|-miss|p1a: Hoopa|p2a: Mandibuzz
|move|p2a: Mandibuzz|Roost|p2a: Mandibuzz
|-heal|p2a: Mandibuzz|94/100 psn
|-singleturn|p2a: Mandibuzz|move: Roost
|
|-damage|p2a: Mandibuzz|81/100 psn|[from] psn
|upkeep
|turn|27
|
|t:|1769322928
|cant|p1a: Hoopa|par
|move|p2a: Mandibuzz|Foul Play|p1a: Hoopa
|-damage|p1a: Hoopa|13/100 par
|
|-heal|p1a: Hoopa|19/100 par|[from] item: Leftovers
|-damage|p2a: Mandibuzz|69/100 psn|[from] psn
|-fieldend|move: Trick Room
|upkeep
|turn|28
|
|t:|1769322938
|move|p2a: Mandibuzz|Foul Play|p1a: Hoopa
|-damage|p1a: Hoopa|0 fnt
|faint|p1a: Hoopa
|
|-damage|p2a: Mandibuzz|57/100 psn|[from] psn
|upkeep
|
|t:|1769322943
|switch|p1a: Azumarill|Azumarill, F|100/100
|turn|29
|
|t:|1769322950
|switch|p2a: Ogerpon|Ogerpon, F|27/100
|move|p1a: Azumarill|Play Rough|p2a: Ogerpon|[miss]
|-miss|p1a: Azumarill|p2a: Ogerpon
|
|upkeep
|turn|30
|
|t:|1769322957
|switch|p1a: Gholdengo|Gholdengo|100/100
|-item|p1a: Gholdengo|Air Balloon
|move|p2a: Ogerpon|Horn Leech|p1a: Gholdengo
|-resisted|p1a: Gholdengo
|-damage|p1a: Gholdengo|74/100
|-heal|p2a: Ogerpon|44/100|[from] drain|[of] p1a: Gholdengo
|-enditem|p1a: Gholdengo|Air Balloon
|
|upkeep
|turn|31
|
|t:|1769322969
|move|p2a: Ogerpon|Horn Leech|p1a: Gholdengo
|-resisted|p1a: Gholdengo
|-damage|p1a: Gholdengo|49/100
|-heal|p2a: Ogerpon|59/100|[from] drain|[of] p1a: Gholdengo
|move|p1a: Gholdengo|Make It Rain|p2a: Ogerpon
|-damage|p2a: Ogerpon|0 fnt
|-unboost|p1a: Gholdengo|spa|1
|faint|p2a: Ogerpon
|
|upkeep
|
|t:|1769322976
|switch|p2a: Mandibuzz|Mandibuzz, F|57/100 psn
|turn|32
|
|t:|1769322985
|switch|p1a: Azumarill|Azumarill, F|100/100
|move|p2a: Mandibuzz|Foul Play|p1a: Azumarill
|-resisted|p1a: Azumarill
|-damage|p1a: Azumarill|85/100
|
|-damage|p2a: Mandibuzz|44/100 psn|[from] psn
|upkeep
|turn|33
|
|t:|1769322992
|move|p2a: Mandibuzz|Toxic|p1a: Azumarill|[miss]
|-miss|p2a: Mandibuzz|p1a: Azumarill
|move|p1a: Azumarill|Play Rough|p2a: Mandibuzz
|-supereffective|p2a: Mandibuzz
|-damage|p2a: Mandibuzz|0 fnt
|-damage|p1a: Azumarill|68/100|[from] item: Rocky Helmet|[of] p2a: Mandibuzz
|faint|p2a: Mandibuzz
|
|win|cospway
|raw|cospway's rating: 1301 &rarr; <strong>1319</strong><br />(+18 for winning)
|raw|xXMoooXx's rating: 1274 &rarr; <strong>1251</strong><br />(-23 for losing)
|l|☆cospway
|player|p1|
