|j|☆Unscripted testing
|j|☆spunder_policy
|t:|1769310390
|gametype|singles
|player|p1|Unscripted testing|caitlin-masters|1715
|player|p2|spunder_policy|169|1759
|gen|9
|tier|[Gen 9] OU
|rated|
|rule|HP Percentage Mod: HP is shown in percentages
|rule|Endless Battle Clause: Forcing endless battles is banned
|rule|Species Clause: Limit one of each Pokémon
|rule|OHKO Clause: OHKO moves are banned
|rule|Evasion Items Clause: Evasion items are banned
|rule|Evasion Moves Clause: Evasion moves are banned
|rule|Evasion Abilities Clause: Evasion abilities are banned
|rule|Sleep Moves Clause: Sleep-inducing moves are banned
|clearpoke
|poke|p1|Tinkaton, F|
|poke|p1|Ogerpon, F|
|poke|p1|Great Tusk|
|poke|p1|Pecharunt|
|poke|p1|Alomomola, M|
|poke|p1|Hydreigon, M|
|poke|p2|Zoroark-Hisui, F|
|poke|p2|Mesprit|
|poke|p2|Alomomola, M|
|poke|p2|Goodra-Hisui, M|
|poke|p2|Thundurus, M|
|poke|p2|Blaziken, M|
|teampreview
|inactive|Battle timer is ON: inactive players will automatically lose when time's up. (requested by spunder_policy)
|j| ihategroundtypes
|l| ihategroundtypes
|
|t:|1769310415
|teamsize|p1|6
|teamsize|p2|6
|start
|switch|p1a: Anonymous|Ogerpon, F|100/100
|switch|p2a: Mesprit|Mesprit|100/100
|turn|1
|
|t:|1769310421
|-terastallize|p2a: Mesprit|Steel
|move|p1a: Anonymous|U-turn|p2a: Mesprit
|-resisted|p2a: Mesprit
|-damage|p2a: Mesprit|88/100
|
|t:|1769310426
|switch|p1a: Smile.exe|Tinkaton, F, shiny|100/100|[from] U-turn
|-item|p1a: Smile.exe|Air Balloon
|move|p2a: Mesprit|Stealth Rock|p1a: Smile.exe
|-sidestart|p1: Unscripted testing|move: Stealth Rock
|
|upkeep
|turn|2
|
|t:|1769310431
|switch|p2a: Thundurus|Thundurus, M|100/100
|move|p1a: Smile.exe|Encore||[still]
|-fail|p1a: Smile.exe
|
|upkeep
|turn|3
|
|t:|1769310433
|move|p2a: Thundurus|Thunder Wave|p1a: Smile.exe
|-status|p1a: Smile.exe|par
|move|p1a: Smile.exe|Stealth Rock|p2a: Thundurus
|-sidestart|p2: spunder_policy|move: Stealth Rock
|
|upkeep
|turn|4
|
|t:|1769310438
|move|p2a: Thundurus|Volt Switch|p1a: Smile.exe
|-damage|p1a: Smile.exe|69/100 par
|-enditem|p1a: Smile.exe|Air Balloon
|
|t:|1769310446
|switch|p2a: Mesprit|Mesprit, tera:Steel|88/100|[from] Volt Switch
|move|p1a: Smile.exe|Encore||[still]
|-fail|p1a: Smile.exe
|
|upkeep
|turn|5
|
|t:|1769310451
|switch|p2a: Thundurus|Thundurus, M|100/100
|move|p1a: Smile.exe|Gigaton Hammer|p2a: Thundurus
|-resisted|p2a: Thundurus
|-damage|p2a: Thundurus|64/100
|
|upkeep
|turn|6
|
|t:|1769310459
|move|p2a: Thundurus|Volt Switch|p1a: Smile.exe
|-damage|p1a: Smile.exe|39/100 par
|
|t:|1769310462
|switch|p2a: Mesprit|Mesprit, tera:Steel|88/100|[from] Volt Switch
|move|p1a: Smile.exe|Ice Hammer|p2a: Mesprit
|-resisted|p2a: Mesprit
|-damage|p2a: Mesprit|80/100
|-unboost|p1a: Smile.exe|spe|1
|
|upkeep
|turn|7
|
|t:|1769310469
|switch|p1a: Pisces|Alomomola, M, shiny|100/100
|-damage|p1a: Pisces|88/100|[from] Stealth Rock
|move|p2a: Mesprit|Psychic Noise|p1a: Pisces
|-damage|p1a: Pisces|74/100
|-start|p1a: Pisces|move: Heal Block
|
|upkeep
|turn|8
|
|t:|1769310476
|switch|p1a: Smile.exe|Tinkaton, F, shiny|39/100 par
|-damage|p1a: Smile.exe|33/100 par|[from] Stealth Rock
|move|p2a: Mesprit|U-turn|p1a: Smile.exe
|-resisted|p1a: Smile.exe
|-damage|p1a: Smile.exe|28/100 par
|-enditem|p2a: Mesprit|Heavy-Duty Boots|[silent]|[from] ability: Pickpocket|[of] p2a: Mesprit
|-item|p1a: Smile.exe|Heavy-Duty Boots|[from] ability: Pickpocket|[of] p2a: Mesprit
|
|t:|1769310481
|switch|p2a: Blaziken|Blaziken, M|100/100|[from] U-turn
|
|upkeep
|turn|9
|
|t:|1769310486
|switch|p1a: Overseer|Pecharunt|100/100
|-damage|p1a: Overseer|88/100|[from] Stealth Rock
|move|p2a: Blaziken|U-turn|p1a: Overseer
|-resisted|p1a: Overseer
|-damage|p1a: Overseer|86/100
|-damage|p2a: Blaziken|84/100|[from] item: Rocky Helmet|[of] p1a: Overseer
|
|t:|1769310488
|switch|p2a: Thundurus|Thundurus, M|100/100|[from] U-turn
|
|upkeep
|turn|10
|
|t:|1769310494
|switch|p1a: Smile.exe|Tinkaton, F, shiny|28/100 par
|move|p2a: Thundurus|Hex|p1a: Smile.exe
|-damage|p1a: Smile.exe|0 fnt
|faint|p1a: Smile.exe
|
|upkeep
|
|t:|1769310498
|switch|p1a: Hybrid|Hydreigon, M, shiny|100/100
|-damage|p1a: Hybrid|88/100|[from] Stealth Rock
|turn|11
|
|t:|1769310501
|move|p2a: Thundurus|Focus Blast|p1a: Hybrid
|-supereffective|p1a: Hybrid
|-damage|p1a: Hybrid|0 fnt
|faint|p1a: Hybrid
|
|upkeep
|
|t:|1769310504
|switch|p1a: Anonymous|Ogerpon, F|100/100
|-damage|p1a: Anonymous|88/100|[from] Stealth Rock
|turn|12
|
|t:|1769310509
|switch|p2a: Mesprit|Mesprit, tera:Steel|80/100
|-damage|p2a: Mesprit|74/100|[from] Stealth Rock
|move|p1a: Anonymous|Knock Off|p2a: Mesprit
|-damage|p2a: Mesprit|51/100
|
|upkeep
|turn|13
|
|t:|1769310513
|switch|p1a: Overseer|Pecharunt|86/100
|-damage|p1a: Overseer|74/100|[from] Stealth Rock
|move|p2a: Mesprit|U-turn|p1a: Overseer
|-resisted|p1a: Overseer
|-damage|p1a: Overseer|72/100
|-damage|p2a: Mesprit|35/100|[from] item: Rocky Helmet|[of] p1a: Overseer
|
|t:|1769310516
|switch|p2a: Alomomola|Alomomola, M|100/100|[from] U-turn
|
|upkeep
|turn|14
|
|t:|1769310518
|move|p1a: Overseer|Malignant Chain|p2a: Alomomola
|-damage|p2a: Alomomola|79/100
|move|p2a: Alomomola|Wish|p2a: Alomomola
|
|upkeep
|turn|15
|
|t:|1769310524
|switch|p2a: Mesprit|Mesprit, tera:Steel|35/100
|-damage|p2a: Mesprit|29/100|[from] Stealth Rock
|move|p1a: Overseer|Shadow Ball|p2a: Mesprit
|-damage|p2a: Mesprit|8/100
|
|-heal|p2a: Mesprit|82/100|[from] move: Wish|[wisher] Alomomola
|upkeep
|turn|16
|
|t:|1769310527
|switch|p1a: Pisces|Alomomola, M, shiny|100/100
|-damage|p1a: Pisces|88/100|[from] Stealth Rock
|move|p2a: Mesprit|Psychic Noise|p1a: Pisces
|-damage|p1a: Pisces|74/100
|-start|p1a: Pisces|move: Heal Block
|
|upkeep
|turn|17
|
|t:|1769310530
|move|p2a: Mesprit|U-turn|p1a: Pisces
|-damage|p1a: Pisces|62/100
|
|t:|1769310532
|switch|p2a: Thundurus|Thundurus, M|64/100|[from] U-turn
|move|p1a: Pisces|Flip Turn|p2a: Thundurus
|-damage|p2a: Thundurus|45/100
|
|t:|1769310536
|switch|p1a: Behemoth|Great Tusk, shiny|100/100|[from] Flip Turn
|
|upkeep
|turn|18
|
|t:|1769310541
|move|p2a: Thundurus|U-turn|p1a: Behemoth
|-resisted|p1a: Behemoth
|-damage|p1a: Behemoth|95/100
|
|t:|1769310542
|switch|p2a: Alomomola|Alomomola, M|100/100|[from] U-turn
|move|p1a: Behemoth|Rapid Spin|p2a: Alomomola
|-damage|p2a: Alomomola|88/100
|-boost|p1a: Behemoth|spe|1
|-sideend|p1: Unscripted testing|Stealth Rock|[from] move: Rapid Spin|[of] p1a: Behemoth
|
|upkeep
|turn|19
|
|t:|1769310545
|-end|p1a: Behemoth|Protosynthesis|[silent]
|switch|p1a: Overseer|Pecharunt|72/100
|move|p2a: Alomomola|Wish|p2a: Alomomola
|
|upkeep
|turn|20
|
|t:|1769310550
|switch|p2a: Mesprit|Mesprit, tera:Steel|82/100
|-damage|p2a: Mesprit|75/100|[from] Stealth Rock
|move|p1a: Overseer|Malignant Chain|p2a: Mesprit
|-immune|p2a: Mesprit
|
|-heal|p2a: Mesprit|100/100|[from] move: Wish|[wisher] Alomomola
|upkeep
|turn|21
|
|t:|1769310553
|switch|p1a: Pisces|Alomomola, M, shiny|95/100
|move|p2a: Mesprit|Stealth Rock|p1a: Pisces
|-sidestart|p1: Unscripted testing|move: Stealth Rock
|
|upkeep
|turn|22
|
|t:|1769310557
|switch|p2a: Goodra|Goodra-Hisui, M|100/100
|move|p1a: Pisces|Flip Turn|p2a: Goodra
|-resisted|p2a: Goodra
|-damage|p2a: Goodra|95/100
|
|t:|1769310559
|switch|p1a: Behemoth|Great Tusk, shiny|95/100|[from] Flip Turn
|
|upkeep
|turn|23
|
|t:|1769310562
|move|p1a: Behemoth|Close Combat|p2a: Goodra
|-supereffective|p2a: Goodra
|-damage|p2a: Goodra|0 fnt
|-unboost|p1a: Behemoth|def|1
|-unboost|p1a: Behemoth|spd|1
|faint|p2a: Goodra
|
|upkeep
|
|t:|1769310565
|switch|p2a: Alomomola|Alomomola, M|100/100
|turn|24
|
|t:|1769310568
|move|p2a: Alomomola|Will-O-Wisp|p1a: Behemoth
|-status|p1a: Behemoth|brn
|move|p1a: Behemoth|Rapid Spin|p2a: Alomomola
|-immune|p2a: Alomomola
|
|-damage|p1a: Behemoth|89/100 brn|[from] brn
|upkeep
|turn|25
|-message|Unscripted testing forfeited.
|
|win|spunder_policy
|raw|Unscripted testing's rating: 1715 &rarr; <strong>1698</strong><br />(-17 for losing)
|raw|spunder_policy's rating: 1759 &rarr; <strong>1776</strong><br />(+17 for winning)
|l|☆Unscripted testing
|player|p1|
|j|☆Unscripted testing
|player|p1|Unscripted testing|caitlin-masters|
|l|☆Unscripted testing
|player|p1|
|l|☆spunder_policy
|player|p2|
