|j|☆lLukasFrehwright
|j|☆Pasito
|t:|1769403678
|gametype|singles
|player|p1|lLukasFrehwright|265|1179
|player|p2|Pasito|cynthia-gen4|1208
|gen|9
|tier|[Gen 9] OU
|rated|
|rule|HP Percentage Mod: HP is shown in percentages
|rule|Endless Battle Clause: Forcing endless battles is banned
|rule|Species Clause: Limit one of each Pokémon
|rule|OHKO Clause: OHKO moves are banned
|rule|Evasion Items Clause: Evasion items are banned
|rule|Evasion Moves Clause: Evasion moves are banned
|rule|Evasion Abilities Clause: Evasion abilities are banned
|rule|Sleep Moves Clause: Sleep-inducing moves are banned
|clearpoke
|poke|p1|Araquanid, F|
|poke|p1|Gholdengo|
|poke|p1|Iron Moth|
|poke|p1|Iron Valiant|
|poke|p1|Raging Bolt|
|poke|p1|Kingambit, F|
|poke|p2|Slowking-Galar, F|
|poke|p2|Zamazenta-*|
|poke|p2|Kingambit, M|
|poke|p2|Enamorus, F|
|poke|p2|Dondozo, F|
|poke|p2|Cinderace, F|
|teampreview
|
|t:|1769403718
|teamsize|p1|6
|teamsize|p2|6
|start
|switch|p1a: QUIL|Araquanid, F|100/100
|switch|p2a: Cinderace|Cinderace, F|100/100
|turn|1
|inactive|Battle timer is ON: inactive players will automatically lose when time's up. (requested by lLukasFrehwright)
|
|t:|1769403726
|move|p2a: Cinderace|U-turn|p1a: QUIL
|-start|p2a: Cinderace|typechange|Bug|[from] ability: Libero
|-damage|p1a: QUIL|69/100
|inactive|Pasito has 120 seconds left.
|
|t:|1769403764
|switch|p2a: Slowking|Slowking-Galar, F|100/100|[from] U-turn
|move|p1a: QUIL|Surf|p2a: Slowking
|-crit|p2a: Slowking
|-damage|p2a: Slowking|71/100
|
|upkeep
|turn|2
|inactive|lLukasFrehwright has 120 seconds left.
|inactive|lLukasFrehwright has 90 seconds left.
|
|t:|1769403826
|move|p1a: QUIL|Sticky Web|p2a: Slowking
|-sidestart|p2: Pasito|move: Sticky Web
|-prepare|p2a: Slowking|Chilly Reception|[premajor]
|move|p2a: Slowking|Chilly Reception|p2a: Slowking
|-weather|Snowscape
|inactive|Pasito has 120 seconds left.
|
|t:|1769403843
|switch|p2a: Enamorus|Enamorus, F|100/100|[from] Chilly Reception
|
|-weather|Snowscape|[upkeep]
|upkeep
|turn|3
|inactive|lLukasFrehwright has 90 seconds left.
|
|t:|1769403860
|move|p2a: Enamorus|Moonblast|p1a: QUIL
|-damage|p1a: QUIL|35/100
|move|p1a: QUIL|Surf|p2a: Enamorus
|-damage|p2a: Enamorus|49/100
|
|-weather|Snowscape|[upkeep]
|upkeep
|turn|4
|inactive|lLukasFrehwright has 90 seconds left.
|
|t:|1769403897
|move|p2a: Enamorus|Moonblast|p1a: QUIL
|-damage|p1a: QUIL|3/100
|move|p1a: QUIL|Surf|p2a: Enamorus
|-damage|p2a: Enamorus|0 fnt
|faint|p2a: Enamorus
|
|-weather|Snowscape|[upkeep]
|upkeep
|
|t:|1769403911
|switch|p2a: Cinderace|Cinderace, F|100/100
|turn|5
|-enditem|p1a: QUIL|Custap Berry|[eat]
|-activate|p1a: QUIL|item: Custap Berry|[consumed]
|
|t:|1769403923
|move|p1a: QUIL|Endeavor|p2a: Cinderace
|-damage|p2a: Cinderace|3/100
|move|p2a: Cinderace|Court Change|p2a: Cinderace
|-start|p2a: Cinderace|typechange|Normal|[from] ability: Libero
|-swapsideconditions
|-activate|p2a: Cinderace|move: Court Change
|
|-weather|Snowscape|[upkeep]
|upkeep
|turn|6
|
|t:|1769403933
|move|p2a: Cinderace|U-turn|p1a: QUIL
|-damage|p1a: QUIL|0 fnt
|faint|p1a: QUIL
|
|t:|1769403942
|switch|p2a: Zamazenta|Zamazenta|100/100|[from] U-turn
|-ability|p2a: Zamazenta|Dauntless Shield|boost
|-boost|p2a: Zamazenta|def|1
|
|-weather|none
|upkeep
|inactive|lLukasFrehwright has 90 seconds left.
|
|t:|1769403974
|switch|p1a: QUZZ|Iron Valiant|100/100
|-activate|p1a: QUZZ|move: Sticky Web
|-unboost|p1a: QUZZ|spe|1
|-enditem|p1a: QUZZ|Booster Energy
|-activate|p1a: QUZZ|ability: Quark Drive|[fromitem]
|-start|p1a: QUZZ|quarkdrivespa
|turn|7
|
|t:|1769403990
|move|p2a: Zamazenta|Heavy Slam|p1a: QUZZ
|-supereffective|p1a: QUZZ
|-damage|p1a: QUZZ|0 fnt
|faint|p1a: QUZZ
|-end|p1a: QUZZ|Quark Drive|[silent]
|
|upkeep
|inactive|lLukasFrehwright has 60 seconds left.
|
|t:|1769404012
|switch|p1a: TREE?|Gholdengo|100/100
|-item|p1a: TREE?|Air Balloon
|turn|8
|inactive|lLukasFrehwright has 60 seconds left.
|
|t:|1769404029
|move|p2a: Zamazenta|Heavy Slam|p1a: TREE?
|-resisted|p1a: TREE?
|-damage|p1a: TREE?|66/100
|-enditem|p1a: TREE?|Air Balloon
|move|p1a: TREE?|Psyshock|p2a: Zamazenta
|-supereffective|p2a: Zamazenta
|-damage|p2a: Zamazenta|64/100
|
|upkeep
|turn|9
|inactive|lLukasFrehwright has 60 seconds left.
|
|t:|1769404043
|switch|p2a: Kingambit|Kingambit, M|100/100
|-activate|p2a: Kingambit|ability: Supreme Overlord
|-start|p2a: Kingambit|fallen1|[silent]
|move|p1a: TREE?|Psyshock|p2a: Kingambit
|-immune|p2a: Kingambit
|
|upkeep
|turn|10
|inactive|lLukasFrehwright has 60 seconds left.
|
|t:|1769404065
|switch|p1a: CALA|Iron Moth|100/100
|-activate|p1a: CALA|move: Sticky Web
|-unboost|p1a: CALA|spe|1
|-enditem|p1a: CALA|Booster Energy
|-activate|p1a: CALA|ability: Quark Drive|[fromitem]
|-start|p1a: CALA|quarkdrivespa
|move|p2a: Kingambit|Swords Dance|p2a: Kingambit
|-boost|p2a: Kingambit|atk|2
|
|upkeep
|turn|11
|
|t:|1769404075
|move|p2a: Kingambit|Sucker Punch|p1a: CALA
|-damage|p1a: CALA|0 fnt
|faint|p1a: CALA
|-end|p1a: CALA|Quark Drive|[silent]
|
|upkeep
|
|t:|1769404080
|switch|p1a: DELI|Raging Bolt|100/100
|-activate|p1a: DELI|move: Sticky Web
|-unboost|p1a: DELI|spe|1
|-enditem|p1a: DELI|Booster Energy
|-activate|p1a: DELI|ability: Protosynthesis|[fromitem]
|-start|p1a: DELI|protosynthesisspa
|turn|12
|inactive|lLukasFrehwright has 60 seconds left.
|
|t:|1769404095
|move|p1a: DELI|Thunderclap|p2a: Kingambit
|-damage|p2a: Kingambit|48/100
|move|p2a: Kingambit|Kowtow Cleave|p1a: DELI
|-damage|p1a: DELI|0 fnt
|faint|p1a: DELI
|-end|p1a: DELI|Protosynthesis|[silent]
|
|-heal|p2a: Kingambit|54/100|[from] item: Leftovers
|upkeep
|inactive|lLukasFrehwright has 60 seconds left.
|
|t:|1769404107
|switch|p1a: SUPA|Kingambit, F|100/100
|-activate|p1a: SUPA|ability: Supreme Overlord
|-start|p1a: SUPA|fallen4|[silent]
|-item|p1a: SUPA|Air Balloon
|turn|13
|inactive|lLukasFrehwright has 60 seconds left.
|
|t:|1769404124
|move|p1a: SUPA|Iron Head|p2a: Kingambit
|-resisted|p2a: Kingambit
|-damage|p2a: Kingambit|32/100
|move|p2a: Kingambit|Kowtow Cleave|p1a: SUPA
|-resisted|p1a: SUPA
|-damage|p1a: SUPA|55/100
|-enditem|p1a: SUPA|Air Balloon
|
|-heal|p2a: Kingambit|38/100|[from] item: Leftovers
|upkeep
|turn|14
|
|t:|1769404134
|move|p2a: Kingambit|Sucker Punch||[still]
|-fail|p2a: Kingambit
|move|p1a: SUPA|Swords Dance|p1a: SUPA
|-boost|p1a: SUPA|atk|2
|
|-heal|p2a: Kingambit|44/100|[from] item: Leftovers
|upkeep
|turn|15
|inactive|lLukasFrehwright has 60 seconds left.
|
|t:|1769404141
|move|p1a: SUPA|Kowtow Cleave|p2a: Kingambit
|-resisted|p2a: Kingambit
|-damage|p2a: Kingambit|0 fnt
|faint|p2a: Kingambit
|-end|p2a: Kingambit|fallen1|[silent]
|
|upkeep
|
|t:|1769404148
|switch|p2a: Zamazenta|Zamazenta|64/100
|turn|16
|inactive|lLukasFrehwright has 60 seconds left.
|
|t:|1769404178
|switch|p2a: Cinderace|Cinderace, F|3/100
|-terastallize|p1a: SUPA|Fire
|move|p1a: SUPA|Kowtow Cleave|p2a: Cinderace
|-damage|p2a: Cinderace|0 fnt
|faint|p2a: Cinderace
|
|upkeep
|
|t:|1769404191
|switch|p2a: Dondozo|Dondozo, F|100/100
|turn|17
|
|t:|1769404200
|move|p1a: SUPA|Iron Head|p2a: Dondozo
|-resisted|p2a: Dondozo
|-damage|p2a: Dondozo|87/100
|move|p2a: Dondozo|Curse|p2a: Dondozo
|-unboost|p2a: Dondozo|spe|1
|-boost|p2a: Dondozo|atk|1
|-boost|p2a: Dondozo|def|1
|
|-heal|p2a: Dondozo|93/100|[from] item: Leftovers
|upkeep
|turn|18
|
|t:|1769404211
|move|p1a: SUPA|Swords Dance|p1a: SUPA
|-boost|p1a: SUPA|atk|2
|move|p2a: Dondozo|Waterfall|p1a: SUPA
|-supereffective|p1a: SUPA
|-damage|p1a: SUPA|0 fnt
|faint|p1a: SUPA
|-end|p1a: SUPA|fallen4|[silent]
|
|-heal|p2a: Dondozo|99/100|[from] item: Leftovers
|upkeep
|inactive|lLukasFrehwright has 60 seconds left.
|
|t:|1769404222
|switch|p1a: TREE?|Gholdengo|66/100
|-activate|p1a: TREE?|move: Sticky Web
|-unboost|p1a: TREE?|spe|1
|turn|19
|inactive|lLukasFrehwright has 60 seconds left.
|
|t:|1769404237
|move|p1a: TREE?|Make It Rain|p2a: Dondozo
|-resisted|p2a: Dondozo
|-damage|p2a: Dondozo|70/100
|-unboost|p1a: TREE?|spa|1
|move|p2a: Dondozo|Waterfall|p1a: TREE?
|-damage|p1a: TREE?|20/100
|
|-heal|p2a: Dondozo|76/100|[from] item: Leftovers
|upkeep
|turn|20
|inactive|lLukasFrehwright has 60 seconds left.
|
|t:|1769404249
|move|p1a: TREE?|Shadow Ball|p2a: Dondozo
|-damage|p2a: Dondozo|33/100
|move|p2a: Dondozo|Waterfall|p1a: TREE?
|-damage|p1a: TREE?|0 fnt
|faint|p1a: TREE?
|
|win|Pasito
|raw|lLukasFrehwright's rating: 1179 &rarr; <strong>1156</strong><br />(-23 for losing)
|raw|Pasito's rating: 1208 &rarr; <strong>1231</strong><br />(+23 for winning)
|l|☆Pasito
|player|p2|
|l|☆lLukasFrehwright
|player|p1|
