|j|☆ElTulaMan
|j|☆lbdrinkingpower
|t:|1769347789
|gametype|singles
|player|p1|ElTulaMan|266|1399
|player|p2|lbdrinkingpower|rocketgrunt|1438
|gen|9
|tier|[Gen 9] OU
|rated|
|rule|HP Percentage Mod: HP is shown in percentages
|rule|Endless Battle Clause: Forcing endless battles is banned
|rule|Species Clause: Limit one of each Pokémon
|rule|OHKO Clause: OHKO moves are banned
|rule|Evasion Items Clause: Evasion items are banned
|rule|Evasion Moves Clause: Evasion moves are banned
|rule|Evasion Abilities Clause: Evasion abilities are banned
|rule|Sleep Moves Clause: Sleep-inducing moves are banned
|clearpoke
|poke|p1|Staraptor, F|
|poke|p1|Wattrel, F|
|poke|p1|Garchomp, F|
|poke|p1|Slowking-Galar, F|
|poke|p1|Gliscor, F|
|poke|p1|Corviknight, M|
|poke|p2|Corviknight, M|
|poke|p2|Ogerpon-Wellspring, F|
|poke|p2|Dragapult, M|
|poke|p2|Darkrai|
|poke|p2|Great Tusk|
|poke|p2|Slowking-Galar, M|
|teampreview
|inactive|Battle timer is ON: inactive players will automatically lose when time's up. (requested by ElTulaMan)
|inactive|lbdrinkingpower has 120 seconds left.
|
|t:|1769347894
|teamsize|p1|6
|teamsize|p2|6
|start
|switch|p1a: Staraptor|Staraptor, F|100/100
|switch|p2a: Darkrai|Darkrai|100/100
|turn|1
|
|t:|1769347899
|move|p1a: Staraptor|U-turn|p2a: Darkrai
|-supereffective|p2a: Darkrai
|-crit|p2a: Darkrai
|-damage|p2a: Darkrai|25/100
|
|t:|1769347904
|switch|p1a: Corviknight|Corviknight, M|100/100|[from] U-turn
|-ability|p1a: Corviknight|Pressure
|move|p2a: Darkrai|Ice Beam|p1a: Corviknight
|-damage|p1a: Corviknight|64/100
|-status|p1a: Corviknight|frz
|
|upkeep
|turn|2
|
|t:|1769347910
|move|p2a: Darkrai|Ice Beam|p1a: Corviknight
|-damage|p1a: Corviknight|26/100 frz
|cant|p1a: Corviknight|frz
|
|upkeep
|turn|3
|
|t:|1769347914
|move|p2a: Darkrai|Ice Beam|p1a: Corviknight
|-damage|p1a: Corviknight|0 fnt
|faint|p1a: Corviknight
|
|upkeep
|
|t:|1769347916
|switch|p1a: Staraptor|Staraptor, F|100/100
|turn|4
|
|t:|1769347919
|switch|p2a: Corviknight|Corviknight, M|100/100
|-ability|p2a: Corviknight|Pressure
|move|p1a: Staraptor|U-turn|p2a: Corviknight
|-resisted|p2a: Corviknight
|-damage|p2a: Corviknight|98/100
|-damage|p1a: Staraptor|84/100|[from] item: Rocky Helmet|[of] p2a: Corviknight
|
|t:|1769347922
|switch|p1a: Garchomp|Garchomp, F|100/100|[from] U-turn
|
|upkeep
|turn|5
|
|t:|1769347926
|move|p1a: Garchomp|Stealth Rock|p2a: Corviknight
|-sidestart|p2: lbdrinkingpower|move: Stealth Rock
|move|p2a: Corviknight|Iron Defense|p2a: Corviknight
|-boost|p2a: Corviknight|def|2
|
|upkeep
|turn|6
|
|t:|1769347930
|move|p2a: Corviknight|Body Press|p1a: Garchomp
|-damage|p1a: Garchomp|69/100
|-damage|p2a: Corviknight|86/100|[from] ability: Rough Skin|[of] p1a: Garchomp
|-damage|p2a: Corviknight|69/100|[from] item: Rocky Helmet|[of] p1a: Garchomp
|move|p1a: Garchomp|Dragon Tail|p2a: Corviknight
|-resisted|p2a: Corviknight
|-damage|p2a: Corviknight|65/100
|-damage|p1a: Garchomp|53/100|[from] item: Rocky Helmet|[of] p2a: Corviknight
|drag|p2a: Dragapult|Dragapult, M|100/100
|
|upkeep
|turn|7
|
|t:|1769347938
|switch|p1a: Slowking|Slowking-Galar, F|100/100
|move|p2a: Dragapult|Dragon Darts|p1a: Slowking
|-damage|p1a: Slowking|77/100
|-anim|p2a: Dragapult|Dragon Darts|p1a: Slowking
|-damage|p1a: Slowking|54/100
|
|upkeep
|turn|8
|
|t:|1769347947
|switch|p1a: Gliscor|Gliscor, F|100/100
|move|p2a: Dragapult|U-turn|p1a: Gliscor
|-resisted|p1a: Gliscor
|-damage|p1a: Gliscor|93/100
|
|t:|1769347953
|switch|p2a: Darkrai|Darkrai|25/100|[from] U-turn
|-damage|p2a: Darkrai|13/100|[from] Stealth Rock
|
|-status|p1a: Gliscor|tox|[from] item: Toxic Orb
|upkeep
|turn|9
|
|t:|1769347958
|move|p1a: Gliscor|Protect|p1a: Gliscor
|-singleturn|p1a: Gliscor|Protect
|move|p2a: Darkrai|Ice Beam|p1a: Gliscor
|-activate|p1a: Gliscor|move: Protect
|
|-heal|p1a: Gliscor|100/100 tox|[from] ability: Poison Heal
|upkeep
|turn|10
|
|t:|1769347980
|switch|p1a: Slowking|Slowking-Galar, F|88/100
|move|p2a: Darkrai|Ice Beam|p1a: Slowking
|-damage|p1a: Slowking|57/100
|
|upkeep
|turn|11
|
|t:|1769347990
|switch|p2a: Corviknight|Corviknight, M|65/100
|-damage|p2a: Corviknight|53/100|[from] Stealth Rock
|-ability|p2a: Corviknight|Pressure
|-prepare|p1a: Slowking|Chilly Reception|[premajor]
|move|p1a: Slowking|Chilly Reception|p1a: Slowking
|-weather|Snowscape
|
|t:|1769348007
|switch|p1a: Wattrel|Wattrel, F|100/100|[from] Chilly Reception
|
|-weather|Snowscape|[upkeep]
|upkeep
|turn|12
|
|t:|1769348033
|move|p1a: Wattrel|Thunderbolt|p2a: Corviknight
|-supereffective|p2a: Corviknight
|-damage|p2a: Corviknight|4/100
|move|p2a: Corviknight|Roost|p2a: Corviknight
|-heal|p2a: Corviknight|54/100
|-singleturn|p2a: Corviknight|move: Roost
|
|-weather|Snowscape|[upkeep]
|upkeep
|turn|13
|
|t:|1769348040
|switch|p2a: Great Tusk|Great Tusk, shiny|100/100
|move|p1a: Wattrel|Thunderbolt|p2a: Great Tusk
|-immune|p2a: Great Tusk
|
|-weather|Snowscape|[upkeep]
|upkeep
|turn|14
|
|t:|1769348050
|move|p2a: Great Tusk|Rapid Spin|p1a: Wattrel
|-damage|p1a: Wattrel|38/100
|-boost|p2a: Great Tusk|spe|1
|-sideend|p2: lbdrinkingpower|Stealth Rock|[from] move: Rapid Spin|[of] p2a: Great Tusk
|move|p1a: Wattrel|Endeavor|p2a: Great Tusk
|-damage|p2a: Great Tusk|23/100
|
|-weather|Snowscape|[upkeep]
|upkeep
|turn|15
|
|t:|1769348059
|move|p1a: Wattrel|Quick Attack|p2a: Great Tusk
|-damage|p2a: Great Tusk|20/100
|move|p2a: Great Tusk|Knock Off|p1a: Wattrel
|-damage|p1a: Wattrel|0 fnt
|-enditem|p1a: Wattrel|Focus Sash|[from] move: Knock Off|[of] p2a: Great Tusk
|faint|p1a: Wattrel
|
|-weather|none
|upkeep
|
|t:|1769348063
|switch|p1a: Staraptor|Staraptor, F|84/100
|turn|16
|
|t:|1769348071
|-end|p2a: Great Tusk|Protosynthesis|[silent]
|switch|p2a: Corviknight|Corviknight, M|54/100
|-ability|p2a: Corviknight|Pressure
|move|p1a: Staraptor|Brave Bird|p2a: Corviknight
|-resisted|p2a: Corviknight
|-damage|p2a: Corviknight|37/100
|-damage|p1a: Staraptor|67/100|[from] item: Rocky Helmet|[of] p2a: Corviknight
|-damage|p1a: Staraptor|61/100|[from] Recoil
|
|upkeep
|turn|17
|
|t:|1769348078
|switch|p1a: Garchomp|Garchomp, F|53/100
|move|p2a: Corviknight|Roost|p2a: Corviknight
|-heal|p2a: Corviknight|87/100
|-singleturn|p2a: Corviknight|move: Roost
|
|upkeep
|turn|18
|-message|ElTulaMan forfeited.
|
|win|lbdrinkingpower
|raw|ElTulaMan's rating: 1399 &rarr; <strong>1381</strong><br />(-18 for losing)
|raw|lbdrinkingpower's rating: 1438 &rarr; <strong>1456</strong><br />(+18 for winning)
|l|☆ElTulaMan
|player|p1|
|l|☆lbdrinkingpower
|player|p2|
