|j|☆guoqiushi
|j|☆SDLU
|t:|1769319224
|gametype|singles
|player|p1|guoqiushi|n|1456
|player|p2|SDLU|265|1414
|gen|9
|tier|[Gen 9] OU
|rated|
|rule|HP Percentage Mod: HP is shown in percentages
|rule|Endless Battle Clause: Forcing endless battles is banned
|rule|Species Clause: Limit one of each Pokémon
|rule|OHKO Clause: OHKO moves are banned
|rule|Evasion Items Clause: Evasion items are banned
|rule|Evasion Moves Clause: Evasion moves are banned
|rule|Evasion Abilities Clause: Evasion abilities are banned
|rule|Sleep Moves Clause: Sleep-inducing moves are banned
|clearpoke
|poke|p1|Zoroark, M|
|poke|p1|Great Tusk|
|poke|p1|Moltres|
|poke|p1|Dragonite, F|
|poke|p1|Gholdengo|
|poke|p1|Glimmora, M|
|poke|p2|Dragapult, F|
|poke|p2|Rotom-Wash|
|poke|p2|Skeledirge, M|
|poke|p2|Garganacl, M|
|poke|p2|Corviknight, M|
|poke|p2|Ogerpon, F|
|teampreview
|inactive|Battle timer is ON: inactive players will automatically lose when time's up. (requested by SDLU)
|
|t:|1769319237
|teamsize|p1|6
|teamsize|p2|6
|start
|switch|p1a: Glimmora|Glimmora, M|100/100
|switch|p2a: Rotom|Rotom-Wash|100/100
|turn|1
|
|t:|1769319244
|switch|p1a: Dragonite|Dragonite, F|100/100
|move|p2a: Rotom|Hydro Pump|p1a: Dragonite|[miss]
|-miss|p2a: Rotom|p1a: Dragonite
|
|upkeep
|turn|2
|
|t:|1769319258
|move|p2a: Rotom|Hydro Pump|p1a: Dragonite
|-resisted|p1a: Dragonite
|-damage|p1a: Dragonite|78/100
|move|p1a: Dragonite|Dragon Dance|p1a: Dragonite
|-boost|p1a: Dragonite|atk|1
|-boost|p1a: Dragonite|spe|1
|
|-heal|p1a: Dragonite|84/100|[from] item: Leftovers
|upkeep
|turn|3
|
|t:|1769319266
|switch|p2a: Skeledirge|Skeledirge, M|100/100
|move|p1a: Dragonite|Dragon Dance|p1a: Dragonite
|-boost|p1a: Dragonite|atk|1
|-boost|p1a: Dragonite|spe|1
|
|-heal|p1a: Dragonite|91/100|[from] item: Leftovers
|upkeep
|turn|4
|
|t:|1769319271
|move|p1a: Dragonite|Earthquake|p2a: Skeledirge
|-supereffective|p2a: Skeledirge
|-damage|p2a: Skeledirge|55/100
|move|p2a: Skeledirge|Will-O-Wisp|p1a: Dragonite
|-status|p1a: Dragonite|brn
|
|-heal|p1a: Dragonite|97/100 brn|[from] item: Leftovers
|-damage|p1a: Dragonite|91/100 brn|[from] brn
|upkeep
|turn|5
|
|t:|1769319276
|move|p1a: Dragonite|Earthquake|p2a: Skeledirge
|-supereffective|p2a: Skeledirge
|-damage|p2a: Skeledirge|33/100
|move|p2a: Skeledirge|Slack Off|p2a: Skeledirge
|-heal|p2a: Skeledirge|83/100
|
|-heal|p1a: Dragonite|97/100 brn|[from] item: Leftovers
|-damage|p1a: Dragonite|91/100 brn|[from] brn
|upkeep
|turn|6
|
|t:|1769319283
|switch|p1a: Glimmora|Glimmora, M|100/100
|move|p2a: Skeledirge|Slack Off|p2a: Skeledirge
|-heal|p2a: Skeledirge|100/100
|
|upkeep
|turn|7
|
|t:|1769319290
|switch|p2a: Garganacl|Garganacl, M|100/100
|move|p1a: Glimmora|Spikes|p2a: Garganacl
|-sidestart|p2: SDLU|Spikes
|
|upkeep
|turn|8
|
|t:|1769319297
|move|p1a: Glimmora|Earth Power|p2a: Garganacl
|-supereffective|p2a: Garganacl
|-damage|p2a: Garganacl|57/100
|move|p2a: Garganacl|Salt Cure|p1a: Glimmora
|-damage|p1a: Glimmora|84/100
|-start|p1a: Glimmora|Salt Cure
|-activate|p1a: Glimmora|ability: Toxic Debris
|-sidestart|p2: SDLU|move: Toxic Spikes
|
|-heal|p2a: Garganacl|64/100|[from] item: Leftovers
|-damage|p1a: Glimmora|71/100|[from] Salt Cure
|upkeep
|turn|9
|
|t:|1769319313
|move|p2a: Garganacl|Protect|p2a: Garganacl
|-singleturn|p2a: Garganacl|Protect
|move|p1a: Glimmora|Earth Power|p2a: Garganacl
|-activate|p2a: Garganacl|move: Protect
|
|-heal|p2a: Garganacl|70/100|[from] item: Leftovers
|-damage|p1a: Glimmora|59/100|[from] Salt Cure
|upkeep
|turn|10
|
|t:|1769319321
|switch|p2a: Rotom|Rotom-Wash|100/100
|move|p1a: Glimmora|Earth Power|p2a: Rotom
|-immune|p2a: Rotom|[from] ability: Levitate
|
|-damage|p1a: Glimmora|46/100|[from] Salt Cure
|upkeep
|turn|11
|
|t:|1769319327
|switch|p1a: Dragonite|Dragonite, F|91/100 brn
|move|p2a: Rotom|Volt Switch|p1a: Dragonite
|-damage|p1a: Dragonite|35/100 brn
|
|t:|1769319351
|switch|p2a: Skeledirge|Skeledirge, M|100/100|[from] Volt Switch
|
|-heal|p1a: Dragonite|41/100 brn|[from] item: Leftovers
|-damage|p1a: Dragonite|35/100 brn|[from] brn
|upkeep
|turn|12
|
|t:|1769319355
|switch|p1a: Glimmora|Glimmora, M|46/100
|move|p2a: Skeledirge|Torch Song|p1a: Glimmora
|-resisted|p1a: Glimmora
|-damage|p1a: Glimmora|25/100
|-boost|p2a: Skeledirge|spa|1
|
|upkeep
|turn|13
|
|t:|1769319365
|switch|p2a: Corviknight|Corviknight, M|100/100
|move|p1a: Glimmora|Power Gem|p2a: Corviknight
|-damage|p2a: Corviknight|74/100
|
|-heal|p2a: Corviknight|80/100|[from] item: Leftovers
|upkeep
|turn|14
|
|t:|1769319372
|switch|p1a: Gholdengo|Gholdengo|100/100
|move|p2a: Corviknight|Body Press|p1a: Gholdengo
|-immune|p1a: Gholdengo
|
|-heal|p2a: Corviknight|86/100|[from] item: Leftovers
|upkeep
|turn|15
|
|t:|1769319382
|move|p1a: Gholdengo|Make It Rain|p2a: Corviknight
|-resisted|p2a: Corviknight
|-damage|p2a: Corviknight|66/100
|-unboost|p1a: Gholdengo|spa|1
|move|p2a: Corviknight|U-turn|p1a: Gholdengo
|-resisted|p1a: Gholdengo
|-damage|p1a: Gholdengo|97/100
|
|t:|1769319385
|switch|p2a: Dragapult|Dragapult, F|100/100|[from] U-turn
|-damage|p2a: Dragapult|88/100|[from] Spikes
|-status|p2a: Dragapult|psn
|
|-damage|p2a: Dragapult|76/100 psn|[from] psn
|upkeep
|turn|16
|
|t:|1769319394
|switch|p1a: Great Tusk|Great Tusk|100/100
|move|p2a: Dragapult|U-turn|p1a: Great Tusk
|-supereffective|p1a: Great Tusk
|-damage|p1a: Great Tusk|0 fnt
|replace|p1a: Zoroark|Zoroark, M
|-end|p1a: Zoroark|Illusion
|faint|p1a: Zoroark
|
|t:|1769319410
|switch|p2a: Corviknight|Corviknight, M|66/100|[from] U-turn
|
|-heal|p2a: Corviknight|72/100|[from] item: Leftovers
|upkeep
|
|t:|1769319419
|switch|p1a: Moltres|Moltres|100/100
|turn|17
|
|t:|1769319424
|switch|p2a: Rotom|Rotom-Wash|100/100
|move|p1a: Moltres|Flamethrower|p2a: Rotom
|-resisted|p2a: Rotom
|-damage|p2a: Rotom|80/100
|
|upkeep
|turn|18
|
|t:|1769319434
|switch|p1a: Dragonite|Dragonite, F|35/100 brn
|move|p2a: Rotom|Hydro Pump|p1a: Dragonite|[miss]
|-miss|p2a: Rotom|p1a: Dragonite
|
|-heal|p1a: Dragonite|41/100 brn|[from] item: Leftovers
|-damage|p1a: Dragonite|35/100 brn|[from] brn
|upkeep
|turn|19
|
|t:|1769319440
|switch|p2a: Skeledirge|Skeledirge, M|100/100
|move|p1a: Dragonite|Extreme Speed|p2a: Skeledirge
|-immune|p2a: Skeledirge
|
|-heal|p1a: Dragonite|41/100 brn|[from] item: Leftovers
|-damage|p1a: Dragonite|35/100 brn|[from] brn
|upkeep
|turn|20
|
|t:|1769319450
|switch|p1a: Glimmora|Glimmora, M|25/100
|move|p2a: Skeledirge|Torch Song|p1a: Glimmora
|-resisted|p1a: Glimmora
|-damage|p1a: Glimmora|6/100
|-boost|p2a: Skeledirge|spa|1
|
|upkeep
|turn|21
|
|t:|1769319457
|move|p1a: Glimmora|Power Gem|p2a: Skeledirge
|-supereffective|p2a: Skeledirge
|-damage|p2a: Skeledirge|18/100
|move|p2a: Skeledirge|Shadow Ball|p1a: Glimmora
|-damage|p1a: Glimmora|0 fnt
|faint|p1a: Glimmora
|
|upkeep
|
|t:|1769319465
|switch|p1a: Dragonite|Dragonite, F|35/100 brn
|turn|22
|
|t:|1769319470
|switch|p2a: Rotom|Rotom-Wash|80/100
|move|p1a: Dragonite|Earthquake|p2a: Rotom
|-immune|p2a: Rotom|[from] ability: Levitate
|
|-heal|p1a: Dragonite|41/100 brn|[from] item: Leftovers
|-damage|p1a: Dragonite|35/100 brn|[from] brn
|upkeep
|turn|23
|
|t:|1769319476
|move|p2a: Rotom|Shadow Ball|p1a: Dragonite
|-damage|p1a: Dragonite|0 fnt
|faint|p1a: Dragonite
|
|upkeep
|
|t:|1769319481
|switch|p1a: Moltres|Moltres|100/100
|turn|24
|
|t:|1769319490
|switch|p2a: Garganacl|Garganacl, M|70/100
|-damage|p2a: Garganacl|57/100|[from] Spikes
|move|p1a: Moltres|U-turn|p2a: Garganacl
|-damage|p2a: Garganacl|48/100
|
|t:|1769319494
|switch|p1a: Gholdengo|Gholdengo|97/100|[from] U-turn
|
|-heal|p2a: Garganacl|54/100|[from] item: Leftovers
|upkeep
|turn|25
|
|t:|1769319496
|move|p2a: Garganacl|Protect|p2a: Garganacl
|-singleturn|p2a: Garganacl|Protect
|move|p1a: Gholdengo|Make It Rain|p2a: Garganacl
|-activate|p2a: Garganacl|move: Protect
|
|-heal|p2a: Garganacl|60/100|[from] item: Leftovers
|upkeep
|turn|26
|
|t:|1769319508
|switch|p1a: Great Tusk|Great Tusk|100/100
|switch|p2a: Rotom|Rotom-Wash|80/100
|
|upkeep
|turn|27
|
|t:|1769319519
|-terastallize|p1a: Great Tusk|Water
|move|p1a: Great Tusk|Stealth Rock|p2a: Rotom
|-sidestart|p2: SDLU|move: Stealth Rock
|move|p2a: Rotom|Hydro Pump|p1a: Great Tusk
|-resisted|p1a: Great Tusk
|-damage|p1a: Great Tusk|45/100
|
|upkeep
|turn|28
|
|t:|1769319527
|move|p1a: Great Tusk|Knock Off|p2a: Rotom
|-damage|p2a: Rotom|50/100
|-enditem|p2a: Rotom|Choice Specs|[from] move: Knock Off|[of] p1a: Great Tusk
|move|p2a: Rotom|Hydro Pump|p1a: Great Tusk|[miss]
|-miss|p2a: Rotom|p1a: Great Tusk
|
|upkeep
|turn|29
|
|t:|1769319533
|-end|p1a: Great Tusk|Protosynthesis|[silent]
|switch|p1a: Gholdengo|Gholdengo|97/100
|move|p2a: Rotom|Volt Switch|p1a: Gholdengo
|-damage|p1a: Gholdengo|59/100
|
|t:|1769319538
|switch|p2a: Dragapult|Dragapult, F|76/100 psn|[from] Volt Switch
|-damage|p2a: Dragapult|64/100 psn|[from] Spikes
|-damage|p2a: Dragapult|51/100 psn|[from] Stealth Rock
|
|-damage|p2a: Dragapult|39/100 psn|[from] psn
|upkeep
|turn|30
|
|t:|1769319543
|-terastallize|p2a: Dragapult|Ghost
|move|p2a: Dragapult|Tera Blast|p1a: Gholdengo|[anim] Tera Blast Ghost
|-supereffective|p1a: Gholdengo
|-damage|p1a: Gholdengo|0 fnt
|faint|p1a: Gholdengo
|
|-damage|p2a: Dragapult|27/100 psn|[from] psn
|upkeep
|
|t:|1769319570
|switch|p1a: Moltres|Moltres|100/100
|turn|31
|
|t:|1769319574
|move|p2a: Dragapult|Tera Blast|p1a: Moltres|[anim] Tera Blast Ghost
|-damage|p1a: Moltres|26/100
|move|p1a: Moltres|Flamethrower|p2a: Dragapult
|-damage|p2a: Dragapult|0 fnt
|faint|p2a: Dragapult
|
|upkeep
|
|t:|1769319593
|switch|p2a: Ogerpon|Ogerpon, F|100/100
|-damage|p2a: Ogerpon|88/100|[from] Spikes
|-status|p2a: Ogerpon|psn
|-damage|p2a: Ogerpon|76/100 psn|[from] Stealth Rock
|turn|32
|
|t:|1769319597
|move|p2a: Ogerpon|Knock Off|p1a: Moltres
|-damage|p1a: Moltres|0 fnt
|-enditem|p1a: Moltres|Heavy-Duty Boots|[from] move: Knock Off|[of] p2a: Ogerpon
|faint|p1a: Moltres
|
|-damage|p2a: Ogerpon|64/100 psn|[from] psn
|upkeep
|
|t:|1769319600
|switch|p1a: Great Tusk|Great Tusk, tera:Water|45/100
|turn|33
|
|t:|1769319602
|move|p2a: Ogerpon|Ivy Cudgel|p1a: Great Tusk
|-supereffective|p1a: Great Tusk
|-damage|p1a: Great Tusk|0 fnt
|faint|p1a: Great Tusk
|-end|p1a: Great Tusk|Protosynthesis|[silent]
|
|win|SDLU
|raw|guoqiushi's rating: 1456 &rarr; <strong>1434</strong><br />(-22 for losing)
|raw|SDLU's rating: 1414 &rarr; <strong>1436</strong><br />(+22 for winning)
|l|☆SDLU
|player|p2|
|l|☆guoqiushi
|player|p1|
