|j|☆The Hamm
|j|☆Breezy55
|t:|1769304969
|gametype|singles
|player|p1|The Hamm|artist-gen4|1121
|player|p2|Breezy55|102|1174
|gen|9
|tier|[Gen 9] OU
|rated|
|rule|HP Percentage Mod: HP is shown in percentages
|rule|Endless Battle Clause: Forcing endless battles is banned
|rule|Species Clause: Limit one of each Pokémon
|rule|OHKO Clause: OHKO moves are banned
|rule|Evasion Items Clause: Evasion items are banned
|rule|Evasion Moves Clause: Evasion moves are banned
|rule|Evasion Abilities Clause: Evasion abilities are banned
|rule|Sleep Moves Clause: Sleep-inducing moves are banned
|clearpoke
|poke|p1|Slowbro, M|
|poke|p1|Houndoom, F|
|poke|p1|Vileplume, F|
|poke|p1|Scizor, M|
|poke|p1|Porygon-Z|
|poke|p1|Flygon, F|
|poke|p2|Hitmonchan, M|
|poke|p2|Lucario, M|
|poke|p2|Conkeldurr, M|
|poke|p2|Kingambit, M|
|poke|p2|Landorus-Therian, M|
|poke|p2|Deoxys-Speed|
|teampreview
|inactive|Battle timer is ON: inactive players will automatically lose when time's up. (requested by The Hamm)
|
|t:|1769304973
|teamsize|p1|6
|teamsize|p2|6
|start
|switch|p1a: Porygon-Z|Porygon-Z|100/100
|switch|p2a: Deoxys|Deoxys-Speed|100/100
|-ability|p2a: Deoxys|Pressure
|turn|1
|
|t:|1769304981
|switch|p1a: Scizor|Scizor, M|100/100
|move|p2a: Deoxys|Knock Off|p1a: Scizor
|-damage|p1a: Scizor|76/100
|-enditem|p1a: Scizor|Heavy-Duty Boots|[from] move: Knock Off|[of] p2a: Deoxys
|
|upkeep
|turn|2
|
|t:|1769304988
|switch|p2a: Landorus|Landorus-Therian, M|100/100
|-ability|p2a: Landorus|Intimidate|boost
|-unboost|p1a: Scizor|atk|1
|move|p1a: Scizor|Light Screen|p1a: Scizor
|-sidestart|p1: The Hamm|move: Light Screen
|
|upkeep
|turn|3
|
|t:|1769304995
|switch|p1a: Slowbro|Slowbro, M|100/100
|move|p2a: Landorus|Stealth Rock|p1a: Slowbro
|-sidestart|p1: The Hamm|move: Stealth Rock
|
|upkeep
|turn|4
|
|t:|1769305002
|move|p2a: Landorus|U-turn|p1a: Slowbro
|-supereffective|p1a: Slowbro
|-damage|p1a: Slowbro|77/100
|
|t:|1769305007
|switch|p2a: Kingambit|Kingambit, M|100/100|[from] U-turn
|move|p1a: Slowbro|Future Sight|p2a: Kingambit
|-start|p1a: Slowbro|move: Future Sight
|
|upkeep
|turn|5
|
|t:|1769305014
|move|p2a: Kingambit|Kowtow Cleave|p1a: Slowbro
|-supereffective|p1a: Slowbro
|-enditem|p1a: Slowbro|Colbur Berry|[eat]
|-enditem|p1a: Slowbro|Colbur Berry|[weaken]
|-damage|p1a: Slowbro|45/100
|move|p1a: Slowbro|Body Press|p2a: Kingambit
|-supereffective|p2a: Kingambit
|-damage|p2a: Kingambit|8/100
|
|-heal|p2a: Kingambit|14/100|[from] item: Leftovers
|upkeep
|turn|6
|
|t:|1769305022
|switch|p1a: Vileplume|Vileplume, F|100/100
|-damage|p1a: Vileplume|88/100|[from] Stealth Rock
|move|p2a: Kingambit|Kowtow Cleave|p1a: Vileplume
|-damage|p1a: Vileplume|47/100
|-damage|p2a: Kingambit|0 fnt|[from] item: Rocky Helmet|[of] p1a: Vileplume
|faint|p2a: Kingambit
|-end|p2a: Kingambit|fallenundefined|[silent]
|
|-hint|Future Sight did not hit because the target is fainted.
|-sideend|p1: The Hamm|move: Light Screen
|upkeep
|
|t:|1769305032
|switch|p2a: Deoxys|Deoxys-Speed|100/100
|-ability|p2a: Deoxys|Pressure
|turn|7
|
|t:|1769305043
|switch|p1a: Scizor|Scizor, M|76/100
|-damage|p1a: Scizor|64/100|[from] Stealth Rock
|move|p2a: Deoxys|Knock Off|p1a: Scizor
|-damage|p1a: Scizor|47/100
|
|upkeep
|turn|8
|
|t:|1769305055
|switch|p2a: Conkeldurr|Conkeldurr, M|100/100
|move|p1a: Scizor|Defog|p2a: Conkeldurr
|-unboost|p2a: Conkeldurr|evasion|1
|-sideend|p1: The Hamm|Stealth Rock|[from] move: Defog|[of] p1a: Scizor
|
|upkeep
|turn|9
|
|t:|1769305061
|switch|p1a: Slowbro|Slowbro, M|79/100
|move|p2a: Conkeldurr|Bulk Up|p2a: Conkeldurr
|-boost|p2a: Conkeldurr|atk|1
|-boost|p2a: Conkeldurr|def|1
|
|upkeep
|turn|10
|
|t:|1769305067
|move|p2a: Conkeldurr|Earthquake|p1a: Slowbro
|-damage|p1a: Slowbro|44/100
|move|p1a: Slowbro|Thunder Wave|p2a: Conkeldurr
|-status|p2a: Conkeldurr|par
|
|upkeep
|turn|11
|
|t:|1769305072
|move|p1a: Slowbro|Future Sight|p2a: Conkeldurr
|-start|p1a: Slowbro|move: Future Sight
|move|p2a: Conkeldurr|Earthquake|p1a: Slowbro
|-damage|p1a: Slowbro|9/100
|
|upkeep
|turn|12
|
|t:|1769305077
|switch|p1a: Flygon|Flygon, F|100/100
|move|p2a: Conkeldurr|Mach Punch|p1a: Flygon
|-damage|p1a: Flygon|41/100
|
|upkeep
|turn|13
|
|t:|1769305088
|-terastallize|p2a: Conkeldurr|Steel
|move|p2a: Conkeldurr|Mach Punch|p1a: Flygon
|-damage|p1a: Flygon|0 fnt
|faint|p1a: Flygon
|
|-end|p2a: Conkeldurr|move: Future Sight
|-resisted|p2a: Conkeldurr
|-damage|p2a: Conkeldurr|77/100 par
|-heal|p2a: Conkeldurr|83/100 par|[from] item: Leftovers
|upkeep
|
|t:|1769305105
|switch|p1a: Houndoom|Houndoom, F|100/100
|turn|14
|
|t:|1769305109
|-terastallize|p1a: Houndoom|Fairy
|cant|p2a: Conkeldurr|par
|move|p1a: Houndoom|Overheat|p2a: Conkeldurr
|-supereffective|p2a: Conkeldurr
|-damage|p2a: Conkeldurr|0 fnt
|-unboost|p1a: Houndoom|spa|2
|faint|p2a: Conkeldurr
|-enditem|p1a: Houndoom|Eject Pack
|
|t:|1769305114
|switch|p1a: Slowbro|Slowbro, M|42/100
|
|upkeep
|
|t:|1769305125
|switch|p2a: Landorus|Landorus-Therian, M|100/100
|-ability|p2a: Landorus|Intimidate|boost
|-unboost|p1a: Slowbro|atk|1
|turn|15
|
|t:|1769305134
|move|p2a: Landorus|Stealth Rock|p1a: Slowbro
|-sidestart|p1: The Hamm|move: Stealth Rock
|move|p1a: Slowbro|Ice Beam|p2a: Landorus
|-supereffective|p2a: Landorus
|-damage|p2a: Landorus|15/100
|
|upkeep
|turn|16
|
|t:|1769305139
|switch|p1a: Vileplume|Vileplume, F|47/100
|-damage|p1a: Vileplume|34/100|[from] Stealth Rock
|move|p2a: Landorus|U-turn|p1a: Vileplume
|-damage|p1a: Vileplume|20/100
|-damage|p2a: Landorus|0 fnt|[from] item: Rocky Helmet|[of] p1a: Vileplume
|faint|p2a: Landorus
|
|upkeep
|
|t:|1769305147
|switch|p2a: Deoxys|Deoxys-Speed|100/100
|-ability|p2a: Deoxys|Pressure
|turn|17
|
|t:|1769305154
|switch|p1a: Houndoom|Houndoom, F, tera:Fairy|100/100
|-damage|p1a: Houndoom|88/100|[from] Stealth Rock
|move|p2a: Deoxys|Knock Off|p1a: Houndoom
|-resisted|p1a: Houndoom
|-damage|p1a: Houndoom|75/100
|
|upkeep
|turn|18
|
|t:|1769305164
|move|p2a: Deoxys|Psycho Boost|p1a: Houndoom
|-damage|p1a: Houndoom|24/100
|-unboost|p2a: Deoxys|spa|2
|move|p1a: Houndoom|Toxic|p2a: Deoxys
|-status|p2a: Deoxys|tox
|
|-damage|p2a: Deoxys|94/100 tox|[from] psn
|upkeep
|turn|19
|
|t:|1769305174
|switch|p2a: Lucario|Lucario, M|100/100
|move|p1a: Houndoom|Pain Split|p2a: Lucario
|-sethp|p2a: Lucario|65/100|[from] move: Pain Split|[silent]
|-sethp|p1a: Houndoom|52/100|[from] move: Pain Split
|
|upkeep
|turn|20
|
|t:|1769305184
|move|p2a: Lucario|Extreme Speed|p1a: Houndoom
|-damage|p1a: Houndoom|14/100
|move|p1a: Houndoom|Overheat|p2a: Lucario
|-supereffective|p2a: Lucario
|-damage|p2a: Lucario|0 fnt
|-unboost|p1a: Houndoom|spa|2
|faint|p2a: Lucario
|
|upkeep
|
|t:|1769305192
|switch|p2a: Deoxys|Deoxys-Speed|94/100 tox
|-ability|p2a: Deoxys|Pressure
|turn|21
|
|t:|1769305205
|move|p2a: Deoxys|Psycho Boost|p1a: Houndoom
|-damage|p1a: Houndoom|0 fnt
|-unboost|p2a: Deoxys|spa|2
|faint|p1a: Houndoom
|
|-damage|p2a: Deoxys|88/100 tox|[from] psn
|upkeep
|
|t:|1769305212
|switch|p1a: Scizor|Scizor, M|47/100
|-damage|p1a: Scizor|34/100|[from] Stealth Rock
|turn|22
|
|t:|1769305216
|move|p2a: Deoxys|Superpower|p1a: Scizor
|-damage|p1a: Scizor|5/100
|-unboost|p2a: Deoxys|atk|1
|-unboost|p2a: Deoxys|def|1
|move|p1a: Scizor|Defog|p2a: Deoxys
|-unboost|p2a: Deoxys|evasion|1
|-sideend|p1: The Hamm|Stealth Rock|[from] move: Defog|[of] p1a: Scizor
|
|-damage|p2a: Deoxys|76/100 tox|[from] psn
|upkeep
|turn|23
|
|t:|1769305225
|switch|p2a: Hitmonchan|Hitmonchan, M|100/100
|move|p1a: Scizor|Bullet Punch|p2a: Hitmonchan
|-damage|p2a: Hitmonchan|67/100
|
|upkeep
|turn|24
|
|t:|1769305231
|switch|p1a: Vileplume|Vileplume, F|20/100
|move|p2a: Hitmonchan|Mach Punch|p1a: Vileplume
|-resisted|p1a: Vileplume
|-damage|p1a: Vileplume|11/100
|-damage|p2a: Hitmonchan|50/100|[from] item: Rocky Helmet|[of] p1a: Vileplume
|
|upkeep
|turn|25
|
|t:|1769305237
|move|p2a: Hitmonchan|Knock Off|p1a: Vileplume
|-damage|p1a: Vileplume|0 fnt
|-damage|p2a: Hitmonchan|34/100|[from] item: Rocky Helmet|[of] p1a: Vileplume
|-enditem|p1a: Vileplume|Rocky Helmet|[from] move: Knock Off|[of] p2a: Hitmonchan
|faint|p1a: Vileplume
|
|upkeep
|
|t:|1769305244
|switch|p1a: Slowbro|Slowbro, M|76/100
|turn|26
|
|t:|1769305250
|move|p2a: Hitmonchan|Knock Off|p1a: Slowbro
|-supereffective|p1a: Slowbro
|-damage|p1a: Slowbro|53/100
|move|p1a: Slowbro|Ice Beam|p2a: Hitmonchan
|-damage|p2a: Hitmonchan|19/100
|
|upkeep
|turn|27
|
|t:|1769305257
|switch|p2a: Deoxys|Deoxys-Speed|76/100 tox
|-ability|p2a: Deoxys|Pressure
|move|p1a: Slowbro|Body Press|p2a: Deoxys
|-resisted|p2a: Deoxys
|-damage|p2a: Deoxys|55/100 tox
|
|-damage|p2a: Deoxys|49/100 tox|[from] psn
|upkeep
|turn|28
|-message|Breezy55 forfeited.
|
|win|The Hamm
|raw|The Hamm's rating: 1121 &rarr; <strong>1150</strong><br />(+29 for winning)
|raw|Breezy55's rating: 1174 &rarr; <strong>1145</strong><br />(-29 for losing)
|l|☆Breezy55
|player|p2|
|l|☆The Hamm
|player|p1|
