|j|☆ppbloodboy2
|j|☆HonkingHonker
|t:|1769433218
|gametype|singles
|player|p1|ppbloodboy2|rocketgrunt|1247
|player|p2|HonkingHonker|gambler|1264
|gen|9
|tier|[Gen 9] OU
|rated|
|rule|HP Percentage Mod: HP is shown in percentages
|rule|Endless Battle Clause: Forcing endless battles is banned
|rule|Species Clause: Limit one of each Pokémon
|rule|OHKO Clause: OHKO moves are banned
|rule|Evasion Items Clause: Evasion items are banned
|rule|Evasion Moves Clause: Evasion moves are banned
|rule|Evasion Abilities Clause: Evasion abilities are banned
|rule|Sleep Moves Clause: Sleep-inducing moves are banned
|clearpoke
|poke|p1|Dodrio, M|
|poke|p1|Cinderace, F|
|poke|p1|Pecharunt|
|poke|p1|Hariyama, F|
|poke|p1|Haxorus, F|
|poke|p1|Weavile, M|
|poke|p2|Hawlucha, M|
|poke|p2|Gholdengo|
|poke|p2|Krookodile, F|
|poke|p2|Jirachi|
|poke|p2|Inteleon, F|
|poke|p2|Grimmsnarl, M|
|teampreview
|
|t:|1769433237
|teamsize|p1|6
|teamsize|p2|6
|start
|switch|p1a: Hariyama|Hariyama, F|100/100
|switch|p2a: Inteleon|Inteleon, F|100/100
|turn|1
|
|t:|1769433242
|switch|p2a: Gholdengo|Gholdengo|100/100
|-item|p2a: Gholdengo|Air Balloon
|move|p1a: Hariyama|Belly Drum|p1a: Hariyama
|-damage|p1a: Hariyama|51/100
|-setboost|p1a: Hariyama|atk|6|[from] move: Belly Drum
|
|upkeep
|turn|2
|
|t:|1769433254
|move|p1a: Hariyama|Bullet Punch|p2a: Gholdengo
|-resisted|p2a: Gholdengo
|-damage|p2a: Gholdengo|80/100
|-enditem|p2a: Gholdengo|Air Balloon
|move|p2a: Gholdengo|Make It Rain|p1a: Hariyama
|-damage|p1a: Hariyama|0 fnt
|-unboost|p2a: Gholdengo|spa|1
|faint|p1a: Hariyama
|
|upkeep
|
|t:|1769433263
|switch|p1a: Cinderace|Cinderace, F|100/100
|turn|3
|
|t:|1769433269
|switch|p2a: Grimmsnarl|Grimmsnarl, M|100/100
|move|p1a: Cinderace|Pyro Ball|p2a: Grimmsnarl
|-damage|p2a: Grimmsnarl|27/100
|
|upkeep
|turn|4
|
|t:|1769433277
|move|p2a: Grimmsnarl|Parting Shot|p1a: Cinderace
|-unboost|p1a: Cinderace|atk|1
|-unboost|p1a: Cinderace|spa|1
|
|t:|1769433282
|switch|p2a: Inteleon|Inteleon, F|100/100|[from] Parting Shot
|move|p1a: Cinderace|U-turn|p2a: Inteleon
|-start|p1a: Cinderace|typechange|Bug|[from] ability: Libero
|-damage|p2a: Inteleon|60/100
|
|t:|1769433294
|switch|p1a: Weavile|Weavile, M|100/100|[from] U-turn
|-ability|p1a: Weavile|Pressure
|
|upkeep
|turn|5
|
|t:|1769433314
|switch|p2a: Grimmsnarl|Grimmsnarl, M|27/100
|move|p1a: Weavile|Knock Off|p2a: Grimmsnarl
|-resisted|p2a: Grimmsnarl
|-crit|p2a: Grimmsnarl
|-damage|p2a: Grimmsnarl|0 fnt
|-enditem|p2a: Grimmsnarl|Light Clay|[from] move: Knock Off|[of] p1a: Weavile
|faint|p2a: Grimmsnarl
|
|upkeep
|
|t:|1769433338
|switch|p2a: Jirachi|Jirachi|100/100
|turn|6
|
|t:|1769433344
|switch|p1a: Pecharunt|Pecharunt|100/100
|move|p2a: Jirachi|Thunder Wave|p1a: Pecharunt
|-status|p1a: Pecharunt|par
|
|upkeep
|turn|7
|
|t:|1769433352
|move|p2a: Jirachi|Zen Headbutt|p1a: Pecharunt
|-supereffective|p1a: Pecharunt
|-damage|p1a: Pecharunt|77/100 par
|-damage|p2a: Jirachi|84/100|[from] item: Rocky Helmet|[of] p1a: Pecharunt
|move|p1a: Pecharunt|Shadow Ball|p2a: Jirachi
|-supereffective|p2a: Jirachi
|-damage|p2a: Jirachi|43/100
|-unboost|p2a: Jirachi|spd|1
|
|-heal|p2a: Jirachi|50/100|[from] item: Leftovers
|upkeep
|turn|8
|
|t:|1769433367
|switch|p2a: Krookodile|Krookodile, F, shiny|100/100
|move|p1a: Pecharunt|Parting Shot|p2a: Krookodile
|-unboost|p2a: Krookodile|atk|1
|-unboost|p2a: Krookodile|spa|1
|
|t:|1769433375
|switch|p1a: Weavile|Weavile, M|100/100|[from] Parting Shot
|-ability|p1a: Weavile|Pressure
|
|upkeep
|turn|9
|
|t:|1769433403
|switch|p2a: Gholdengo|Gholdengo|80/100
|move|p1a: Weavile|Ice Spinner|p2a: Gholdengo
|-resisted|p2a: Gholdengo
|-damage|p2a: Gholdengo|60/100
|
|upkeep
|turn|10
|
|t:|1769433411
|switch|p1a: Pecharunt|Pecharunt|77/100 par
|move|p2a: Gholdengo|Make It Rain|p1a: Pecharunt
|-damage|p1a: Pecharunt|25/100 par
|-unboost|p2a: Gholdengo|spa|1
|
|upkeep
|turn|11
|inactive|Battle timer is ON: inactive players will automatically lose when time's up. (requested by ppbloodboy2)
|
|t:|1769433439
|move|p2a: Gholdengo|Make It Rain|p1a: Pecharunt
|-damage|p1a: Pecharunt|0 fnt
|-unboost|p2a: Gholdengo|spa|1
|faint|p1a: Pecharunt
|
|upkeep
|
|t:|1769433448
|switch|p1a: Cinderace|Cinderace, F|100/100
|turn|12
|
|t:|1769433451
|move|p1a: Cinderace|Pyro Ball|p2a: Gholdengo
|-supereffective|p2a: Gholdengo
|-damage|p2a: Gholdengo|0 fnt
|faint|p2a: Gholdengo
|
|upkeep
|
|t:|1769433457
|switch|p2a: Inteleon|Inteleon, F|60/100
|turn|13
|
|t:|1769433463
|move|p1a: Cinderace|Sucker Punch|p2a: Inteleon
|-start|p1a: Cinderace|typechange|Dark|[from] ability: Libero
|-crit|p2a: Inteleon
|-damage|p2a: Inteleon|0 fnt
|faint|p2a: Inteleon
|
|upkeep
|
|t:|1769433472
|switch|p2a: Krookodile|Krookodile, F, shiny|100/100
|turn|14
|
|t:|1769433479
|move|p1a: Cinderace|U-turn|p2a: Krookodile
|-supereffective|p2a: Krookodile
|-damage|p2a: Krookodile|49/100
|
|t:|1769433484
|switch|p1a: Dodrio|Dodrio, M|100/100|[from] U-turn
|move|p2a: Krookodile|Scale Shot|p1a: Dodrio
|-damage|p1a: Dodrio|86/100
|-damage|p1a: Dodrio|71/100
|-damage|p1a: Dodrio|58/100
|-damage|p1a: Dodrio|42/100
|-damage|p1a: Dodrio|28/100
|-hitcount|p1a: Dodrio|5
|-unboost|p2a: Krookodile|def|1
|-boost|p2a: Krookodile|spe|1
|
|upkeep
|turn|15
|
|t:|1769433501
|move|p1a: Dodrio|Endure|p1a: Dodrio
|-singleturn|p1a: Dodrio|move: Endure
|move|p2a: Krookodile|Gunk Shot|p1a: Dodrio|[miss]
|-miss|p2a: Krookodile|p1a: Dodrio
|
|upkeep
|turn|16
|
|t:|1769433506
|move|p2a: Krookodile|Gunk Shot|p1a: Dodrio|[miss]
|-miss|p2a: Krookodile|p1a: Dodrio
|move|p1a: Dodrio|Stomping Tantrum|p2a: Krookodile
|-damage|p2a: Krookodile|10/100
|
|upkeep
|turn|17
|
|t:|1769433515
|move|p2a: Krookodile|Gunk Shot|p1a: Dodrio
|-damage|p1a: Dodrio|0 fnt
|faint|p1a: Dodrio
|-ability|p2a: Krookodile|Moxie|boost
|-boost|p2a: Krookodile|atk|1
|
|upkeep
|
|t:|1769433519
|switch|p1a: Cinderace|Cinderace, F|100/100
|turn|18
|
|t:|1769433526
|move|p1a: Cinderace|Sucker Punch|p2a: Krookodile
|-start|p1a: Cinderace|typechange|Dark|[from] ability: Libero
|-resisted|p2a: Krookodile
|-damage|p2a: Krookodile|0 fnt
|faint|p2a: Krookodile
|
|upkeep
|
|t:|1769433531
|switch|p2a: Hawlucha|Hawlucha, M|100/100
|turn|19
|
|t:|1769433535
|move|p1a: Cinderace|U-turn|p2a: Hawlucha
|-resisted|p2a: Hawlucha
|-damage|p2a: Hawlucha|93/100
|
|t:|1769433538
|switch|p1a: Weavile|Weavile, M|100/100|[from] U-turn
|-ability|p1a: Weavile|Pressure
|move|p2a: Hawlucha|Close Combat|p1a: Weavile
|-supereffective|p1a: Weavile
|-damage|p1a: Weavile|0 fnt
|-unboost|p2a: Hawlucha|def|1
|-unboost|p2a: Hawlucha|spd|1
|faint|p1a: Weavile
|
|upkeep
|
|t:|1769433543
|switch|p1a: Haxorus|Haxorus, F|100/100
|-ability|p1a: Haxorus|Mold Breaker
|turn|20
|
|t:|1769433556
|switch|p2a: Jirachi|Jirachi|50/100
|-terastallize|p1a: Haxorus|Dragon
|move|p1a: Haxorus|Outrage|p2a: Jirachi
|-resisted|p2a: Jirachi
|-damage|p2a: Jirachi|17/100
|
|-heal|p2a: Jirachi|23/100|[from] item: Leftovers
|upkeep
|turn|21
|
|t:|1769433568
|-terastallize|p2a: Jirachi|Fairy
|move|p1a: Haxorus|Outrage|p2a: Jirachi|[from] lockedmove
|-immune|p2a: Jirachi
|-start|p1a: Haxorus|confusion|[fatigue]
|move|p2a: Jirachi|Thunder Wave|p1a: Haxorus
|-status|p1a: Haxorus|par
|
|-heal|p2a: Jirachi|29/100|[from] item: Leftovers
|upkeep
|turn|22
|
|t:|1769433583
|move|p2a: Jirachi|Ice Punch|p1a: Haxorus
|-supereffective|p1a: Haxorus
|-damage|p1a: Haxorus|57/100 par
|-activate|p1a: Haxorus|confusion
|move|p1a: Haxorus|Outrage|p2a: Jirachi
|-immune|p2a: Jirachi
|
|-heal|p2a: Jirachi|35/100|[from] item: Leftovers
|upkeep
|turn|23
|
|t:|1769433588
|switch|p1a: Cinderace|Cinderace, F|100/100
|move|p2a: Jirachi|Ice Punch|p1a: Cinderace
|-resisted|p1a: Cinderace
|-damage|p1a: Cinderace|88/100
|
|-heal|p2a: Jirachi|42/100|[from] item: Leftovers
|upkeep
|turn|24
|
|t:|1769433591
|move|p1a: Cinderace|Pyro Ball|p2a: Jirachi
|-damage|p2a: Jirachi|3/100
|-status|p2a: Jirachi|brn
|move|p2a: Jirachi|Thunder Wave|p1a: Cinderace
|-status|p1a: Cinderace|par
|
|-heal|p2a: Jirachi|10/100 brn|[from] item: Leftovers
|-damage|p2a: Jirachi|3/100 brn|[from] brn
|upkeep
|turn|25
|
|t:|1769433599
|move|p2a: Jirachi|Zen Headbutt|p1a: Cinderace
|-damage|p1a: Cinderace|68/100 par
|cant|p1a: Cinderace|flinch
|
|-heal|p2a: Jirachi|10/100 brn|[from] item: Leftovers
|-damage|p2a: Jirachi|3/100 brn|[from] brn
|upkeep
|turn|26
|
|t:|1769433602
|move|p1a: Cinderace|Sucker Punch|p2a: Jirachi
|-start|p1a: Cinderace|typechange|Dark|[from] ability: Libero
|-resisted|p2a: Jirachi
|-damage|p2a: Jirachi|0 fnt
|faint|p2a: Jirachi
|
|upkeep
|
|t:|1769433604
|switch|p2a: Hawlucha|Hawlucha, M|93/100
|turn|27
|
|t:|1769433608
|move|p2a: Hawlucha|Close Combat|p1a: Cinderace
|-supereffective|p1a: Cinderace
|-crit|p1a: Cinderace
|-damage|p1a: Cinderace|0 fnt
|-unboost|p2a: Hawlucha|def|1
|-unboost|p2a: Hawlucha|spd|1
|faint|p1a: Cinderace
|
|upkeep
|
|t:|1769433611
|switch|p1a: Haxorus|Haxorus, F, tera:Dragon|57/100 par
|-ability|p1a: Haxorus|Mold Breaker
|turn|28
|
|t:|1769433618
|move|p2a: Hawlucha|Endure|p2a: Hawlucha
|-singleturn|p2a: Hawlucha|move: Endure
|move|p1a: Haxorus|Outrage|p2a: Hawlucha
|-activate|p2a: Hawlucha|move: Endure
|-damage|p2a: Hawlucha|1/100
|-enditem|p2a: Hawlucha|Liechi Berry|[eat]
|-boost|p2a: Hawlucha|atk|1|[from] item: Liechi Berry
|
|upkeep
|turn|29
|
|t:|1769433624
|move|p2a: Hawlucha|Close Combat|p1a: Haxorus
|-damage|p1a: Haxorus|0 fnt
|-unboost|p2a: Hawlucha|def|1
|-unboost|p2a: Hawlucha|spd|1
|faint|p1a: Haxorus
|
|win|HonkingHonker
|raw|ppbloodboy2's rating: 1247 &rarr; <strong>1223</strong><br />(-24 for losing)
|raw|HonkingHonker's rating: 1264 &rarr; <strong>1288</strong><br />(+24 for winning)
|c|☆HonkingHonker|gg
|c|☆ppbloodboy2|gg
|l|☆ppbloodboy2
|player|p1|
|l|☆HonkingHonker
|player|p2|
