|j|☆myout
|j|☆l'ultime rion
|t:|1757923289
|gametype|singles
|player|p1|myout|hexmaniac-gen6|1239
|player|p2|l'ultime rion|101|1189
|gen|9
|tier|[Gen 9] OU
|rated|
|rule|HP Percentage Mod: HP is shown in percentages
|rule|Endless Battle Clause: Forcing endless battles is banned
|rule|Species Clause: Limit one of each Pokémon
|rule|OHKO Clause: OHKO moves are banned
|rule|Evasion Items Clause: Evasion items are banned
|rule|Evasion Moves Clause: Evasion moves are banned
|rule|Evasion Abilities Clause: Evasion abilities are banned
|rule|Sleep Moves Clause: Sleep-inducing moves are banned
|clearpoke
|poke|p1|Delphox, M|
|poke|p1|Indeedee, M|
|poke|p1|Slowking-Galar, F|
|poke|p1|Kleavor, M|
|poke|p1|Iron Valiant|
|poke|p1|Great Tusk|
|poke|p2|Glimmora, M|
|poke|p2|Kingambit, F|
|poke|p2|Walking Wake|
|poke|p2|Great Tusk|
|poke|p2|Enamorus, F|
|poke|p2|Iron Crown|
|teampreview
|inactive|Battle timer is ON: inactive players will automatically lose when time's up. (requested by myout)
|
|t:|1757923294
|teamsize|p1|6
|teamsize|p2|6
|start
|switch|p1a: Indeedee|Indeedee, M|100/100
|switch|p2a: Glimmora|Glimmora, M|100/100
|-fieldstart|move: Psychic Terrain|[from] ability: Psychic Surge|[of] p1a: Indeedee
|turn|1
|
|t:|1757923301
|move|p1a: Indeedee|Expanding Force|p2a: Glimmora
|-supereffective|p2a: Glimmora
|-enditem|p2a: Glimmora|Focus Sash
|-damage|p2a: Glimmora|1/100
|move|p2a: Glimmora|Stealth Rock|p1a: Indeedee
|-sidestart|p1: myout|move: Stealth Rock
|
|upkeep
|turn|2
|
|t:|1757923308
|move|p1a: Indeedee|Dazzling Gleam|p2a: Glimmora
|-resisted|p2a: Glimmora
|-damage|p2a: Glimmora|0 fnt
|faint|p2a: Glimmora
|
|upkeep
|
|t:|1757923314
|switch|p2a: Iron Crown|Iron Crown|100/100
|turn|3
|
|t:|1757923321
|switch|p1a: Slowking|Slowking-Galar, F|100/100
|move|p2a: Iron Crown|Future Sight|p1a: Slowking
|-start|p2a: Iron Crown|move: Future Sight
|
|upkeep
|turn|4
|
|t:|1757923328
|move|p2a: Iron Crown|Volt Switch|p1a: Slowking
|-damage|p1a: Slowking|86/100
|
|t:|1757923335
|-end|p2a: Iron Crown|Quark Drive|[silent]
|switch|p2a: Walking Wake|Walking Wake|100/100|[from] Volt Switch
|-prepare|p1a: Slowking|Chilly Reception|[premajor]
|move|p1a: Slowking|Chilly Reception|p1a: Slowking
|-weather|Snowscape
|inactive|myout has 120 seconds left.
|
|t:|1757923374
|switch|p1a: Kleavor|Kleavor, M|100/100|[from] Chilly Reception
|-damage|p1a: Kleavor|76/100|[from] Stealth Rock
|
|-weather|Snowscape|[upkeep]
|upkeep
|turn|5
|
|t:|1757923385
|move|p1a: Kleavor|X-Scissor|p2a: Walking Wake
|-damage|p2a: Walking Wake|31/100
|move|p2a: Walking Wake|Hydro Steam|p1a: Kleavor
|-supereffective|p1a: Kleavor
|-damage|p1a: Kleavor|0 fnt
|faint|p1a: Kleavor
|
|-weather|Snowscape|[upkeep]
|-hint|Future Sight did not hit because the target is fainted.
|upkeep
|
|t:|1757923397
|switch|p1a: Slowking|Slowking-Galar, F|100/100
|turn|6
|
|t:|1757923406
|-end|p2a: Walking Wake|Protosynthesis|[silent]
|switch|p2a: Iron Crown|Iron Crown|100/100
|move|p1a: Slowking|Sludge Bomb|p2a: Iron Crown
|-immune|p2a: Iron Crown
|
|-weather|Snowscape|[upkeep]
|upkeep
|turn|7
|
|t:|1757923419
|move|p2a: Iron Crown|Future Sight|p1a: Slowking
|-start|p2a: Iron Crown|move: Future Sight
|-prepare|p1a: Slowking|Chilly Reception|[premajor]
|move|p1a: Slowking|Chilly Reception|p1a: Slowking
|
|t:|1757923422
|switch|p1a: Delphox|Delphox, M, shiny|100/100|[from] Chilly Reception
|-damage|p1a: Delphox|76/100|[from] Stealth Rock
|
|-weather|Snowscape|[upkeep]
|upkeep
|turn|8
|
|t:|1757923431
|move|p1a: Delphox|Overheat|p2a: Iron Crown|[miss]
|-miss|p1a: Delphox|p2a: Iron Crown
|move|p2a: Iron Crown|Volt Switch|p1a: Delphox
|-damage|p1a: Delphox|50/100
|
|t:|1757923438
|-end|p2a: Iron Crown|Quark Drive|[silent]
|switch|p2a: Great Tusk|Great Tusk|100/100|[from] Volt Switch
|
|-weather|none
|-fieldend|move: Psychic Terrain
|upkeep
|turn|9
|
|t:|1757923447
|move|p1a: Delphox|Expanding Force|p2a: Great Tusk
|-supereffective|p2a: Great Tusk
|-damage|p2a: Great Tusk|0 fnt
|faint|p2a: Great Tusk
|-end|p2a: Great Tusk|Protosynthesis|[silent]
|
|-end|p1a: Delphox|move: Future Sight
|-resisted|p1a: Delphox
|-damage|p1a: Delphox|17/100
|upkeep
|
|t:|1757923457
|switch|p2a: Enamorus|Enamorus, F|100/100
|turn|10
|
|t:|1757923480
|switch|p1a: Slowking|Slowking-Galar, F|100/100
|move|p2a: Enamorus|Earth Power|p1a: Slowking
|-supereffective|p1a: Slowking
|-damage|p1a: Slowking|63/100
|
|upkeep
|turn|11
|
|t:|1757923490
|switch|p2a: Iron Crown|Iron Crown|100/100
|move|p1a: Slowking|Sludge Bomb|p2a: Iron Crown
|-immune|p2a: Iron Crown
|
|upkeep
|turn|12
|
|t:|1757923502
|move|p2a: Iron Crown|Tachyon Cutter|p1a: Slowking
|-damage|p1a: Slowking|47/100
|-damage|p1a: Slowking|33/100
|-hitcount|p1a: Slowking|2
|-prepare|p1a: Slowking|Chilly Reception|[premajor]
|move|p1a: Slowking|Chilly Reception|p1a: Slowking
|-weather|Snowscape
|
|t:|1757923509
|switch|p1a: Great Tusk|Great Tusk|100/100|[from] Chilly Reception
|-damage|p1a: Great Tusk|98/100|[from] Stealth Rock
|
|-weather|Snowscape|[upkeep]
|upkeep
|turn|13
|
|t:|1757923519
|-end|p2a: Iron Crown|Quark Drive|[silent]
|switch|p2a: Enamorus|Enamorus, F|100/100
|move|p1a: Great Tusk|Rapid Spin|p2a: Enamorus
|-damage|p2a: Enamorus|78/100
|-boost|p1a: Great Tusk|spe|1
|-sideend|p1: myout|Stealth Rock|[from] move: Rapid Spin|[of] p1a: Great Tusk
|
|-weather|Snowscape|[upkeep]
|upkeep
|turn|14
|
|t:|1757923539
|move|p2a: Enamorus|Moonblast|p1a: Great Tusk
|-supereffective|p1a: Great Tusk
|-damage|p1a: Great Tusk|0 fnt
|faint|p1a: Great Tusk
|-end|p1a: Great Tusk|Protosynthesis|[silent]
|
|-weather|Snowscape|[upkeep]
|upkeep
|
|t:|1757923554
|switch|p1a: Slowking|Slowking-Galar, F|66/100
|turn|15
|
|t:|1757923562
|switch|p2a: Iron Crown|Iron Crown|100/100
|move|p1a: Slowking|Thunder Wave|p2a: Iron Crown
|-status|p2a: Iron Crown|par
|
|-weather|Snowscape|[upkeep]
|upkeep
|turn|16
|
|t:|1757923579
|move|p2a: Iron Crown|Future Sight|p1a: Slowking
|-start|p2a: Iron Crown|move: Future Sight
|move|p1a: Slowking|Future Sight|p2a: Iron Crown
|-start|p1a: Slowking|move: Future Sight
|
|-weather|none
|upkeep
|turn|17
|
|t:|1757923587
|switch|p1a: Indeedee|Indeedee, M|100/100
|-fieldstart|move: Psychic Terrain|[from] ability: Psychic Surge|[of] p1a: Indeedee
|move|p2a: Iron Crown|Future Sight||[still]
|-fail|p2a: Iron Crown
|
|upkeep
|turn|18
|
|t:|1757923605
|move|p1a: Indeedee|Healing Wish|p1a: Indeedee
|faint|p1a: Indeedee
|move|p2a: Iron Crown|Volt Switch|p1: Indeedee|[notarget]
|-fail|p2a: Iron Crown
|
|-hint|Future Sight did not hit because the target is fainted.
|-end|p2a: Iron Crown|move: Future Sight
|-resisted|p2a: Iron Crown
|-damage|p2a: Iron Crown|91/100 par
|upkeep
|
|t:|1757923608
|switch|p1a: Delphox|Delphox, M, shiny|17/100
|-heal|p1a: Delphox|100/100|[from] move: Healing Wish
|turn|19
|
|t:|1757923618
|-end|p2a: Iron Crown|Quark Drive|[silent]
|switch|p2a: Enamorus|Enamorus, F|78/100
|move|p1a: Delphox|Overheat|p2a: Enamorus
|-damage|p2a: Enamorus|0 fnt
|-unboost|p1a: Delphox|spa|2
|faint|p2a: Enamorus
|-enditem|p1a: Delphox|Eject Pack
|
|t:|1757923626
|switch|p1a: Slowking|Slowking-Galar, F|99/100
|
|upkeep
|
|t:|1757923638
|switch|p2a: Kingambit|Kingambit, F|100/100
|-activate|p2a: Kingambit|ability: Supreme Overlord
|-start|p2a: Kingambit|fallen3|[silent]
|turn|20
|
|t:|1757923646
|move|p2a: Kingambit|Swords Dance|p2a: Kingambit
|-boost|p2a: Kingambit|atk|2
|move|p1a: Slowking|Thunder Wave|p2a: Kingambit
|-status|p2a: Kingambit|par
|
|upkeep
|turn|21
|
|t:|1757923657
|cant|p2a: Kingambit|par
|-prepare|p1a: Slowking|Chilly Reception|[premajor]
|move|p1a: Slowking|Chilly Reception|p1a: Slowking
|-weather|Snowscape
|
|t:|1757923661
|switch|p1a: Delphox|Delphox, M, shiny|100/100|[from] Chilly Reception
|
|-weather|Snowscape|[upkeep]
|upkeep
|turn|22
|
|t:|1757923684
|-terastallize|p1a: Delphox|Fire
|move|p2a: Kingambit|Sucker Punch|p1a: Delphox
|-activate|p1a: Delphox|move: Psychic Terrain
|move|p1a: Delphox|Flamethrower|p2a: Kingambit
|-supereffective|p2a: Kingambit
|-damage|p2a: Kingambit|0 fnt
|faint|p2a: Kingambit
|-end|p2a: Kingambit|fallen3|[silent]
|-item|p1a: Delphox|Leftovers|[from] ability: Magician|[of] p2: Kingambit
|
|-weather|Snowscape|[upkeep]
|upkeep
|
|t:|1757923698
|switch|p2a: Walking Wake|Walking Wake|31/100
|turn|23
|
|t:|1757923707
|switch|p1a: Slowking|Slowking-Galar, F|100/100
|move|p2a: Walking Wake|Hydro Steam|p1a: Slowking
|-damage|p1a: Slowking|62/100
|
|-weather|Snowscape|[upkeep]
|upkeep
|turn|24
|
|t:|1757923715
|move|p2a: Walking Wake|Hydro Steam|p1a: Slowking
|-damage|p1a: Slowking|22/100
|-prepare|p1a: Slowking|Chilly Reception|[premajor]
|move|p1a: Slowking|Chilly Reception|p1a: Slowking
|
|t:|1757923716
|switch|p1a: Iron Valiant|Iron Valiant|100/100|[from] Chilly Reception
|-enditem|p1a: Iron Valiant|Booster Energy
|-activate|p1a: Iron Valiant|ability: Quark Drive|[fromitem]
|-start|p1a: Iron Valiant|quarkdrivespe
|
|-weather|Snowscape|[upkeep]
|-fieldend|move: Psychic Terrain
|upkeep
|turn|25
|
|t:|1757923728
|-end|p2a: Walking Wake|Protosynthesis|[silent]
|switch|p2a: Iron Crown|Iron Crown|91/100 par
|move|p1a: Iron Valiant|Moonblast|p2a: Iron Crown
|-resisted|p2a: Iron Crown
|-damage|p2a: Iron Crown|75/100 par
|
|-weather|none
|upkeep
|turn|26
|
|t:|1757923751
|move|p1a: Iron Valiant|Shadow Ball|p2a: Iron Crown
|-supereffective|p2a: Iron Crown
|-damage|p2a: Iron Crown|42/100 par
|move|p2a: Iron Crown|Tachyon Cutter|p1a: Iron Valiant
|-supereffective|p1a: Iron Valiant
|-damage|p1a: Iron Valiant|9/100
|-supereffective|p1a: Iron Valiant
|-damage|p1a: Iron Valiant|0 fnt
|faint|p1a: Iron Valiant
|-end|p1a: Iron Valiant|Quark Drive|[silent]
|-hitcount|p1: Iron Valiant|2
|
|upkeep
|
|t:|1757923754
|switch|p1a: Slowking|Slowking-Galar, F|56/100
|turn|27
|
|t:|1757923769
|switch|p1a: Delphox|Delphox, M, shiny, tera:Fire|100/100
|move|p2a: Iron Crown|Future Sight|p1a: Delphox
|-start|p2a: Iron Crown|move: Future Sight
|
|upkeep
|turn|28
|
|t:|1757923774
|move|p1a: Delphox|Flamethrower|p2a: Iron Crown
|-supereffective|p2a: Iron Crown
|-damage|p2a: Iron Crown|0 fnt
|faint|p2a: Iron Crown
|-end|p2a: Iron Crown|Quark Drive|[silent]
|
|upkeep
|
|t:|1757923779
|switch|p2a: Walking Wake|Walking Wake|31/100
|turn|29
|
|t:|1757923784
|-terastallize|p2a: Walking Wake|Water
|move|p1a: Delphox|Expanding Force|p2a: Walking Wake
|-damage|p2a: Walking Wake|0 fnt
|faint|p2a: Walking Wake
|-end|p2a: Walking Wake|Protosynthesis|[silent]
|
|win|myout
|raw|myout's rating: 1239 &rarr; <strong>1260</strong><br />(+21 for winning)
|raw|l&apos;ultime rion's rating: 1189 &rarr; <strong>1168</strong><br />(-21 for losing)
|l|☆l'ultime rion
|player|p2|
|l|☆myout
|player|p1|
