|j|☆Nubaidpros7
|j|☆leezee-yy
|t:|1757851741
|gametype|singles
|player|p1|Nubaidpros7|102|1437
|player|p2|leezee-yy|steven|1394
|gen|9
|tier|[Gen 9] OU
|rated|
|rule|HP Percentage Mod: HP is shown in percentages
|rule|Endless Battle Clause: Forcing endless battles is banned
|rule|Species Clause: Limit one of each Pokémon
|rule|OHKO Clause: OHKO moves are banned
|rule|Evasion Items Clause: Evasion items are banned
|rule|Evasion Moves Clause: Evasion moves are banned
|rule|Evasion Abilities Clause: Evasion abilities are banned
|rule|Sleep Moves Clause: Sleep-inducing moves are banned
|clearpoke
|poke|p1|Ogerpon-Wellspring, F|
|poke|p1|Kingambit, M|
|poke|p1|Landorus-Therian, M|
|poke|p1|Glimmora, F|
|poke|p1|Dragapult, M|
|poke|p1|Iron Valiant|
|poke|p2|Gengar, M|
|poke|p2|Conkeldurr, F|
|poke|p2|Metagross|
|poke|p2|Zapdos|
|poke|p2|Meowscarada, M|
|poke|p2|Zamazenta-*|
|teampreview
|inactive|Battle timer is ON: inactive players will automatically lose when time's up. (requested by Nubaidpros7)
|inactive|leezee-yy also wants the timer to be on.
|
|t:|1757851772
|teamsize|p1|6
|teamsize|p2|6
|start
|switch|p1a: Kingambit|Kingambit, M|100/100
|switch|p2a: Gengar|Gengar, M|100/100
|turn|1
|
|t:|1757851778
|move|p2a: Gengar|Focus Blast|p1a: Kingambit
|-supereffective|p1a: Kingambit
|-damage|p1a: Kingambit|0 fnt
|faint|p1a: Kingambit
|-end|p1a: Kingambit|fallenundefined|[silent]
|
|upkeep
|
|t:|1757851782
|switch|p1a: Glimmora|Glimmora, F|100/100
|turn|2
|
|t:|1757851785
|move|p2a: Gengar|Encore||[still]
|-fail|p2a: Gengar
|move|p1a: Glimmora|Spikes|p2a: Gengar
|-sidestart|p2: leezee-yy|Spikes
|
|upkeep
|turn|3
|
|t:|1757851790
|move|p2a: Gengar|Shadow Ball|p1a: Glimmora
|-damage|p1a: Glimmora|46/100
|move|p1a: Glimmora|Spikes|p2a: Gengar
|-sidestart|p2: leezee-yy|Spikes
|
|upkeep
|turn|4
|
|t:|1757851797
|move|p2a: Gengar|Shadow Ball|p1a: Glimmora
|-damage|p1a: Glimmora|0 fnt
|faint|p1a: Glimmora
|
|upkeep
|
|t:|1757851810
|switch|p1a: Landorus|Landorus-Therian, M|100/100
|-ability|p1a: Landorus|Intimidate|boost
|-unboost|p2a: Gengar|atk|1
|turn|5
|
|t:|1757851816
|switch|p2a: Zapdos|Zapdos|100/100
|move|p1a: Landorus|U-turn|p2a: Zapdos
|-resisted|p2a: Zapdos
|-damage|p2a: Zapdos|93/100
|-damage|p1a: Landorus|84/100|[from] item: Rocky Helmet|[of] p2a: Zapdos
|-status|p1a: Landorus|par|[from] ability: Static|[of] p2a: Zapdos
|
|t:|1757851825
|switch|p1a: Dragapult|Dragapult, M|100/100|[from] U-turn
|
|upkeep
|turn|6
|
|t:|1757851828
|move|p1a: Dragapult|Draco Meteor|p2a: Zapdos
|-damage|p2a: Zapdos|5/100
|-unboost|p1a: Dragapult|spa|2
|move|p2a: Zapdos|U-turn|p1a: Dragapult
|-resisted|p1a: Dragapult
|-damage|p1a: Dragapult|92/100
|
|t:|1757851832
|switch|p2a: Conkeldurr|Conkeldurr, F|100/100|[from] U-turn
|-damage|p2a: Conkeldurr|84/100|[from] Spikes
|
|-heal|p2a: Conkeldurr|90/100|[from] item: Leftovers
|upkeep
|turn|7
|
|t:|1757851836
|switch|p1a: Landorus|Landorus-Therian, M|84/100 par
|-ability|p1a: Landorus|Intimidate|boost
|-unboost|p2a: Conkeldurr|atk|1
|move|p2a: Conkeldurr|Defog|p1a: Landorus
|-unboost|p1a: Landorus|evasion|1
|-sideend|p2: leezee-yy|Spikes|[from] move: Defog|[of] p2a: Conkeldurr
|
|-heal|p2a: Conkeldurr|96/100|[from] item: Leftovers
|upkeep
|turn|8
|
|t:|1757851851
|move|p1a: Landorus|U-turn|p2a: Conkeldurr
|-resisted|p2a: Conkeldurr
|-damage|p2a: Conkeldurr|86/100
|
|t:|1757851870
|switch|p1a: Iron Valiant|Iron Valiant|100/100|[from] U-turn
|-enditem|p1a: Iron Valiant|Booster Energy
|-activate|p1a: Iron Valiant|ability: Quark Drive|[fromitem]
|-start|p1a: Iron Valiant|quarkdrivespe
|move|p2a: Conkeldurr|Ice Punch|p1a: Iron Valiant
|-damage|p1a: Iron Valiant|68/100
|
|-heal|p2a: Conkeldurr|92/100|[from] item: Leftovers
|upkeep
|turn|9
|
|t:|1757851884
|switch|p2a: Zapdos|Zapdos|5/100
|move|p1a: Iron Valiant|Swords Dance|p1a: Iron Valiant
|-boost|p1a: Iron Valiant|atk|2
|
|upkeep
|turn|10
|
|t:|1757851888
|move|p1a: Iron Valiant|Spirit Break|p2a: Zapdos
|-damage|p2a: Zapdos|0 fnt
|-damage|p1a: Iron Valiant|52/100|[from] item: Rocky Helmet|[of] p2a: Zapdos
|-status|p1a: Iron Valiant|par|[from] ability: Static|[of] p2a: Zapdos
|faint|p2a: Zapdos
|
|upkeep
|
|t:|1757851898
|switch|p2a: Metagross|Metagross, shiny|100/100
|turn|11
|
|t:|1757851910
|-terastallize|p1a: Iron Valiant|Steel
|move|p2a: Metagross|Bullet Punch|p1a: Iron Valiant
|-resisted|p1a: Iron Valiant
|-damage|p1a: Iron Valiant|35/100 par
|cant|p1a: Iron Valiant|par
|
|upkeep
|turn|12
|inactive|leezee-yy has 120 seconds left.
|
|t:|1757851943
|switch|p2a: Zamazenta|Zamazenta|100/100
|-ability|p2a: Zamazenta|Dauntless Shield|boost
|-boost|p2a: Zamazenta|def|1
|move|p1a: Iron Valiant|Knock Off|p2a: Zamazenta
|-resisted|p2a: Zamazenta
|-damage|p2a: Zamazenta|81/100
|-enditem|p2a: Zamazenta|Assault Vest|[from] move: Knock Off|[of] p1a: Iron Valiant
|
|upkeep
|turn|13
|
|t:|1757851949
|-end|p1a: Iron Valiant|Quark Drive|[silent]
|switch|p1a: Landorus|Landorus-Therian, M|84/100 par
|-ability|p1a: Landorus|Intimidate|boost
|-unboost|p2a: Zamazenta|atk|1
|move|p2a: Zamazenta|Close Combat|p1a: Landorus
|-resisted|p1a: Landorus
|-damage|p1a: Landorus|66/100 par
|-unboost|p2a: Zamazenta|def|1
|-unboost|p2a: Zamazenta|spd|1
|-damage|p2a: Zamazenta|65/100|[from] item: Rocky Helmet|[of] p1a: Landorus
|
|upkeep
|turn|14
|
|t:|1757851952
|move|p2a: Zamazenta|Ice Fang|p1a: Landorus
|-supereffective|p1a: Landorus
|-damage|p1a: Landorus|13/100 par
|-damage|p2a: Zamazenta|48/100|[from] item: Rocky Helmet|[of] p1a: Landorus
|move|p1a: Landorus|Stealth Rock|p2a: Zamazenta
|-sidestart|p2: leezee-yy|move: Stealth Rock
|
|upkeep
|turn|15
|
|t:|1757851956
|move|p2a: Zamazenta|Ice Fang|p1a: Landorus
|-supereffective|p1a: Landorus
|-damage|p1a: Landorus|0 fnt
|-damage|p2a: Zamazenta|32/100|[from] item: Rocky Helmet|[of] p1a: Landorus
|faint|p1a: Landorus
|
|upkeep
|
|t:|1757851960
|switch|p1a: Dragapult|Dragapult, M|92/100
|turn|16
|
|t:|1757851967
|move|p1a: Dragapult|Shadow Ball|p2a: Zamazenta
|-damage|p2a: Zamazenta|0 fnt
|faint|p2a: Zamazenta
|
|upkeep
|
|t:|1757851972
|switch|p2a: Meowscarada|Meowscarada, M|100/100
|-damage|p2a: Meowscarada|88/100|[from] Stealth Rock
|turn|17
|
|t:|1757851980
|switch|p1a: Iron Valiant|Iron Valiant, tera:Steel|35/100 par
|move|p2a: Meowscarada|U-turn|p1a: Iron Valiant
|-start|p2a: Meowscarada|typechange|Bug|[from] ability: Protean
|-resisted|p1a: Iron Valiant
|-damage|p1a: Iron Valiant|4/100 par
|
|t:|1757851986
|switch|p2a: Metagross|Metagross, shiny|100/100|[from] U-turn
|-damage|p2a: Metagross|94/100|[from] Stealth Rock
|
|-heal|p2a: Metagross|100/100|[from] item: Leftovers
|upkeep
|turn|18
|
|t:|1757851989
|move|p2a: Metagross|Bullet Punch|p1a: Iron Valiant
|-resisted|p1a: Iron Valiant
|-damage|p1a: Iron Valiant|0 fnt
|faint|p1a: Iron Valiant
|-end|p1a: Iron Valiant|Quark Drive|[silent]
|
|upkeep
|
|t:|1757852004
|switch|p1a: Dragapult|Dragapult, M|92/100
|turn|19
|
|t:|1757852007
|-terastallize|p2a: Metagross|Dark
|move|p1a: Dragapult|Shadow Ball|p2a: Metagross
|-resisted|p2a: Metagross
|-damage|p2a: Metagross|75/100
|move|p2a: Metagross|Knock Off|p1a: Dragapult
|-supereffective|p1a: Dragapult
|-damage|p1a: Dragapult|0 fnt
|-enditem|p1a: Dragapult|Choice Specs|[from] move: Knock Off|[of] p2a: Metagross
|faint|p1a: Dragapult
|
|-heal|p2a: Metagross|81/100|[from] item: Leftovers
|upkeep
|
|t:|1757852014
|switch|p1a: Ogerpon|Ogerpon-Wellspring, F|100/100
|turn|20
|
|t:|1757852016
|move|p1a: Ogerpon|Play Rough|p2a: Metagross
|-supereffective|p2a: Metagross
|-damage|p2a: Metagross|25/100
|move|p2a: Metagross|Psychic Fangs|p1a: Ogerpon
|-damage|p1a: Ogerpon|39/100
|
|-heal|p2a: Metagross|31/100|[from] item: Leftovers
|upkeep
|turn|21
|-message|Nubaidpros7 forfeited.
|
|win|leezee-yy
|raw|Nubaidpros7's rating: 1437 &rarr; <strong>1415</strong><br />(-22 for losing)
|raw|leezee-yy's rating: 1394 &rarr; <strong>1416</strong><br />(+22 for winning)
|l|☆Nubaidpros7
|player|p1|
|l|☆leezee-yy
|player|p2|
