|j|☆plk1234
|j|☆rain224
|t:|1757943988
|gametype|singles
|player|p1|plk1234|101|1392
|player|p2|rain224|101|1411
|gen|9
|tier|[Gen 9] OU
|rated|
|rule|HP Percentage Mod: HP is shown in percentages
|rule|Endless Battle Clause: Forcing endless battles is banned
|rule|Species Clause: Limit one of each Pokémon
|rule|OHKO Clause: OHKO moves are banned
|rule|Evasion Items Clause: Evasion items are banned
|rule|Evasion Moves Clause: Evasion moves are banned
|rule|Evasion Abilities Clause: Evasion abilities are banned
|rule|Sleep Moves Clause: Sleep-inducing moves are banned
|clearpoke
|poke|p1|Blastoise, F|
|poke|p1|Manaphy|
|poke|p1|Dragonite, M|
|poke|p1|Decidueye, F|
|poke|p1|Zapdos-Galar|
|poke|p1|Heatran, M|
|poke|p2|Raging Bolt|
|poke|p2|Ogerpon-Wellspring, F|
|poke|p2|Hatterene, F|
|poke|p2|Landorus-Therian, M|
|poke|p2|Kingambit, F|
|poke|p2|Zamazenta-*|
|teampreview
|inactive|Battle timer is ON: inactive players will automatically lose when time's up. (requested by rain224)
|
|t:|1757944004
|teamsize|p1|6
|teamsize|p2|6
|start
|switch|p1a: Zapdos|Zapdos-Galar|100/100
|switch|p2a: Ogerpon|Ogerpon-Wellspring, F|100/100
|turn|1
|
|t:|1757944024
|switch|p2a: Raging Bolt|Raging Bolt|100/100
|move|p1a: Zapdos|Brave Bird|p2a: Raging Bolt
|-resisted|p2a: Raging Bolt
|-damage|p2a: Raging Bolt|71/100
|-damage|p1a: Zapdos|88/100|[from] Recoil
|
|upkeep
|turn|2
|
|t:|1757944038
|switch|p1a: Decidueye|Decidueye, F|100/100
|move|p2a: Raging Bolt|Volt Switch|p1a: Decidueye
|-resisted|p1a: Decidueye
|-damage|p1a: Decidueye|71/100
|
|t:|1757944052
|-end|p2a: Raging Bolt|Protosynthesis|[silent]
|switch|p2a: Hatterene|Hatterene, F|100/100|[from] Volt Switch
|
|upkeep
|turn|3
|
|t:|1757944058
|move|p1a: Decidueye|Shadow Sneak|p2a: Hatterene
|-supereffective|p2a: Hatterene
|-damage|p2a: Hatterene|57/100
|move|p2a: Hatterene|Nuzzle|p1a: Decidueye
|-resisted|p1a: Decidueye
|-damage|p1a: Decidueye|69/100
|-status|p1a: Decidueye|par
|
|upkeep
|turn|4
|
|t:|1757944076
|switch|p2a: Zamazenta|Zamazenta|100/100
|-ability|p2a: Zamazenta|Dauntless Shield|boost
|-boost|p2a: Zamazenta|def|1
|cant|p1a: Decidueye|par
|
|upkeep
|turn|5
|
|t:|1757944084
|switch|p1a: Heatran|Heatran, M|100/100
|-item|p1a: Heatran|Air Balloon
|move|p2a: Zamazenta|Iron Defense|p2a: Zamazenta
|-boost|p2a: Zamazenta|def|2
|
|upkeep
|turn|6
|
|t:|1757944093
|move|p2a: Zamazenta|Body Press|p1a: Heatran
|-supereffective|p1a: Heatran
|-damage|p1a: Heatran|0 fnt
|-enditem|p1a: Heatran|Air Balloon
|faint|p1a: Heatran
|
|upkeep
|
|t:|1757944104
|switch|p1a: Decidueye|Decidueye, F|69/100 par
|turn|7
|
|t:|1757944109
|move|p2a: Zamazenta|Crunch|p1a: Decidueye
|-supereffective|p1a: Decidueye
|-damage|p1a: Decidueye|5/100 par
|move|p1a: Decidueye|Leaf Blade|p2a: Zamazenta
|-damage|p2a: Zamazenta|88/100
|
|-heal|p2a: Zamazenta|94/100|[from] item: Leftovers
|upkeep
|turn|8
|
|t:|1757944119
|move|p1a: Decidueye|Shadow Sneak|p2a: Zamazenta
|-damage|p2a: Zamazenta|88/100
|move|p2a: Zamazenta|Iron Defense|p2a: Zamazenta
|-boost|p2a: Zamazenta|def|2
|
|-heal|p2a: Zamazenta|94/100|[from] item: Leftovers
|upkeep
|turn|9
|
|t:|1757944127
|move|p2a: Zamazenta|Iron Defense|p2a: Zamazenta
|-boost|p2a: Zamazenta|def|1
|move|p1a: Decidueye|Leaf Blade|p2a: Zamazenta
|-crit|p2a: Zamazenta
|-damage|p2a: Zamazenta|46/100
|
|-heal|p2a: Zamazenta|52/100|[from] item: Leftovers
|upkeep
|turn|10
|
|t:|1757944136
|move|p1a: Decidueye|Shadow Sneak|p2a: Zamazenta
|-damage|p2a: Zamazenta|48/100
|move|p2a: Zamazenta|Crunch|p1a: Decidueye
|-supereffective|p1a: Decidueye
|-damage|p1a: Decidueye|0 fnt
|faint|p1a: Decidueye
|
|-heal|p2a: Zamazenta|55/100|[from] item: Leftovers
|upkeep
|
|t:|1757944148
|switch|p1a: Manaphy|Manaphy|100/100
|turn|11
|
|t:|1757944154
|-terastallize|p1a: Manaphy|Poison
|move|p2a: Zamazenta|Body Press|p1a: Manaphy
|-resisted|p1a: Manaphy
|-damage|p1a: Manaphy|51/100
|move|p1a: Manaphy|Acid Armor|p1a: Manaphy
|-boost|p1a: Manaphy|def|2
|
|-heal|p2a: Zamazenta|61/100|[from] item: Leftovers
|-heal|p1a: Manaphy|57/100|[from] item: Leftovers
|upkeep
|turn|12
|
|t:|1757944166
|move|p1a: Manaphy|Scald|p2a: Zamazenta
|-damage|p2a: Zamazenta|38/100
|move|p2a: Zamazenta|Roar|p1a: Manaphy
|drag|p1a: Blastoise|Blastoise, F|100/100
|
|-heal|p2a: Zamazenta|44/100|[from] item: Leftovers
|upkeep
|turn|13
|
|t:|1757944178
|move|p2a: Zamazenta|Body Press|p1a: Blastoise
|-damage|p1a: Blastoise|0 fnt
|faint|p1a: Blastoise
|
|-heal|p2a: Zamazenta|50/100|[from] item: Leftovers
|upkeep
|
|t:|1757944186
|switch|p1a: Manaphy|Manaphy, tera:Poison|57/100
|turn|14
|
|t:|1757944189
|move|p2a: Zamazenta|Body Press|p1a: Manaphy
|-resisted|p1a: Manaphy
|-damage|p1a: Manaphy|8/100
|move|p1a: Manaphy|Scald|p2a: Zamazenta
|-damage|p2a: Zamazenta|25/100
|-status|p2a: Zamazenta|brn
|
|-heal|p2a: Zamazenta|31/100 brn|[from] item: Leftovers
|-heal|p1a: Manaphy|14/100|[from] item: Leftovers
|-damage|p2a: Zamazenta|25/100 brn|[from] brn
|upkeep
|turn|15
|-message|plk1234 forfeited.
|
|win|rain224
|raw|plk1234's rating: 1392 &rarr; <strong>1373</strong><br />(-19 for losing)
|raw|rain224's rating: 1411 &rarr; <strong>1430</strong><br />(+19 for winning)
|l|☆rain224
|player|p2|
|l|☆plk1234
|player|p1|
