|j|☆ILFangzor
|j|☆Carpe Toadem
|t:|1757915810
|gametype|singles
|player|p1|ILFangzor|hilbert-masters|1426
|player|p2|Carpe Toadem|blue|1399
|gen|9
|tier|[Gen 9] OU
|rated|
|rule|HP Percentage Mod: HP is shown in percentages
|rule|Endless Battle Clause: Forcing endless battles is banned
|rule|Species Clause: Limit one of each Pokémon
|rule|OHKO Clause: OHKO moves are banned
|rule|Evasion Items Clause: Evasion items are banned
|rule|Evasion Moves Clause: Evasion moves are banned
|rule|Evasion Abilities Clause: Evasion abilities are banned
|rule|Sleep Moves Clause: Sleep-inducing moves are banned
|clearpoke
|poke|p1|Lycanroc-Dusk, M|
|poke|p1|Sinistcha|
|poke|p1|Alomomola, M|
|poke|p1|Clodsire, M|
|poke|p1|Mandibuzz, F|
|poke|p1|Iron Crown|
|poke|p2|Pelipper, F|
|poke|p2|Corviknight, M|
|poke|p2|Excadrill, M|
|poke|p2|Sinistcha|
|poke|p2|Tyranitar, F|
|poke|p2|Hoopa-Unbound|
|teampreview
|inactive|Battle timer is ON: inactive players will automatically lose when time's up. (requested by Carpe Toadem)
|inactive|ILFangzor also wants the timer to be on.
|
|t:|1757915817
|teamsize|p1|6
|teamsize|p2|6
|start
|switch|p1a: Iron Crown|Iron Crown|100/100
|switch|p2a: HP|Hoopa-Unbound|100/100
|turn|1
|
|t:|1757915823
|move|p1a: Iron Crown|Volt Switch|p2a: HP
|-damage|p2a: HP|81/100
|
|t:|1757915829
|-end|p1a: Iron Crown|Quark Drive|[silent]
|switch|p1a: Alomomola|Alomomola, M|100/100|[from] Volt Switch
|move|p2a: HP|Knock Off|p1a: Alomomola
|-damage|p1a: Alomomola|72/100
|-enditem|p1a: Alomomola|Leftovers|[from] move: Knock Off|[of] p2a: HP
|
|upkeep
|turn|2
|
|t:|1757915852
|move|p2a: HP|Psychic Noise|p1a: Alomomola
|-damage|p1a: Alomomola|16/100
|-start|p1a: Alomomola|move: Heal Block
|move|p1a: Alomomola|Flip Turn|p2a: HP
|-damage|p2a: HP|61/100
|
|t:|1757915863
|switch|p1a: Mandibuzz|Mandibuzz, F|100/100|[from] Flip Turn
|
|upkeep
|turn|3
|
|t:|1757915870
|switch|p2a: plpr|Pelipper, F|100/100
|-weather|RainDance|[from] ability: Drizzle|[of] p2a: plpr
|move|p1a: Mandibuzz|U-turn|p2a: plpr
|-resisted|p2a: plpr
|-damage|p2a: plpr|95/100
|
|t:|1757915876
|switch|p1a: Iron Crown|Iron Crown|100/100|[from] U-turn
|
|-weather|RainDance|[upkeep]
|upkeep
|turn|4
|
|t:|1757915890
|switch|p2a: SNSCH|Sinistcha|100/100
|move|p1a: Iron Crown|Tachyon Cutter|p2a: SNSCH
|-damage|p2a: SNSCH|53/100
|-damage|p2a: SNSCH|8/100
|-hitcount|p2a: SNSCH|2
|
|-weather|RainDance|[upkeep]
|-heal|p2a: SNSCH|14/100|[from] item: Leftovers
|upkeep
|turn|5
|
|t:|1757915896
|move|p1a: Iron Crown|Tachyon Cutter|p2a: SNSCH
|-damage|p2a: SNSCH|0 fnt
|faint|p2a: SNSCH
|-hitcount|p2: SNSCH|1
|
|-weather|RainDance|[upkeep]
|upkeep
|
|t:|1757915900
|switch|p2a: HP|Hoopa-Unbound|61/100
|turn|6
|
|t:|1757915907
|-end|p1a: Iron Crown|Quark Drive|[silent]
|switch|p1a: Mandibuzz|Mandibuzz, F|100/100
|move|p2a: HP|Knock Off|p1a: Mandibuzz
|-resisted|p1a: Mandibuzz
|-damage|p1a: Mandibuzz|83/100
|-enditem|p1a: Mandibuzz|Heavy-Duty Boots|[from] move: Knock Off|[of] p2a: HP
|
|-weather|RainDance|[upkeep]
|upkeep
|turn|7
|
|t:|1757915913
|switch|p2a: CRVNT|Corviknight, M|100/100
|move|p1a: Mandibuzz|U-turn|p2a: CRVNT
|-resisted|p2a: CRVNT
|-damage|p2a: CRVNT|99/100
|-damage|p1a: Mandibuzz|66/100|[from] item: Rocky Helmet|[of] p2a: CRVNT
|
|t:|1757915919
|switch|p1a: Iron Crown|Iron Crown|100/100|[from] U-turn
|
|-weather|none
|upkeep
|turn|8
|
|t:|1757915926
|move|p1a: Iron Crown|Volt Switch|p2a: CRVNT
|-supereffective|p2a: CRVNT
|-damage|p2a: CRVNT|31/100
|
|t:|1757915929
|-end|p1a: Iron Crown|Quark Drive|[silent]
|switch|p1a: Mandibuzz|Mandibuzz, F|66/100|[from] Volt Switch
|move|p2a: CRVNT|U-turn|p1a: Mandibuzz
|-damage|p1a: Mandibuzz|56/100
|
|t:|1757915935
|switch|p2a: TRNTR|Tyranitar, F|100/100|[from] U-turn
|-weather|Sandstorm|[from] ability: Sand Stream|[of] p2a: TRNTR
|
|-weather|Sandstorm|[upkeep]
|upkeep
|turn|9
|
|t:|1757915958
|switch|p1a: Clodsire|Clodsire, M|100/100
|move|p2a: TRNTR|Ice Punch|p1a: Clodsire
|-supereffective|p1a: Clodsire
|-damage|p1a: Clodsire|37/100
|
|-weather|Sandstorm|[upkeep]
|-heal|p1a: Clodsire|43/100|[from] item: Leftovers
|upkeep
|turn|10
|
|t:|1757915972
|move|p2a: TRNTR|Ice Punch|p1a: Clodsire
|-supereffective|p1a: Clodsire
|-damage|p1a: Clodsire|0 fnt
|faint|p1a: Clodsire
|
|-weather|Sandstorm|[upkeep]
|upkeep
|
|t:|1757915975
|switch|p1a: Alomomola|Alomomola, M|49/100
|turn|11
|
|t:|1757915982
|switch|p2a: CRVNT|Corviknight, M|31/100
|move|p1a: Alomomola|Wish|p1a: Alomomola
|
|-weather|Sandstorm|[upkeep]
|-damage|p1a: Alomomola|43/100|[from] Sandstorm
|upkeep
|turn|12
|
|t:|1757915991
|switch|p1a: Sinistcha|Sinistcha|100/100
|move|p2a: CRVNT|Roost|p2a: CRVNT
|-heal|p2a: CRVNT|81/100
|-singleturn|p2a: CRVNT|move: Roost
|
|-weather|none
|upkeep
|turn|13
|
|t:|1757915994
|move|p1a: Sinistcha|Calm Mind|p1a: Sinistcha
|-boost|p1a: Sinistcha|spa|1
|-boost|p1a: Sinistcha|spd|1
|move|p2a: CRVNT|U-turn|p1a: Sinistcha
|-crit|p1a: Sinistcha
|-damage|p1a: Sinistcha|84/100
|
|t:|1757915997
|switch|p2a: HP|Hoopa-Unbound|61/100|[from] U-turn
|
|-heal|p1a: Sinistcha|90/100|[from] item: Leftovers
|upkeep
|turn|14
|
|t:|1757916001
|move|p2a: HP|Knock Off|p1a: Sinistcha
|-supereffective|p1a: Sinistcha
|-damage|p1a: Sinistcha|21/100
|-enditem|p1a: Sinistcha|Leftovers|[from] move: Knock Off|[of] p2a: HP
|move|p1a: Sinistcha|Strength Sap|p2a: HP
|-unboost|p2a: HP|atk|1
|-heal|p1a: Sinistcha|100/100
|
|upkeep
|turn|15
|
|t:|1757916006
|move|p1a: Sinistcha|Calm Mind|p1a: Sinistcha
|-boost|p1a: Sinistcha|spa|1
|-boost|p1a: Sinistcha|spd|1
|move|p2a: HP|Psychic Noise|p1a: Sinistcha
|-damage|p1a: Sinistcha|71/100
|-start|p1a: Sinistcha|move: Heal Block
|
|upkeep
|turn|16
|
|t:|1757916013
|move|p1a: Sinistcha|Shadow Ball|p2a: HP
|-damage|p2a: HP|28/100
|move|p2a: HP|Knock Off|p1a: Sinistcha
|-supereffective|p1a: Sinistcha
|-damage|p1a: Sinistcha|39/100
|
|-end|p1a: Sinistcha|move: Heal Block
|upkeep
|turn|17
|
|t:|1757916019
|move|p2a: HP|Psychic Noise|p1a: Sinistcha
|-damage|p1a: Sinistcha|12/100
|-start|p1a: Sinistcha|move: Heal Block
|cant|p1a: Sinistcha|move: Heal Block|Strength Sap
|
|upkeep
|turn|18
|
|t:|1757916028
|switch|p1a: Mandibuzz|Mandibuzz, F|56/100
|move|p2a: HP|Psychic Noise|p1a: Mandibuzz
|-immune|p1a: Mandibuzz
|
|upkeep
|turn|19
|
|t:|1757916033
|switch|p2a: plpr|Pelipper, F|95/100
|-weather|RainDance|[from] ability: Drizzle|[of] p2a: plpr
|move|p1a: Mandibuzz|Knock Off|p2a: plpr
|-damage|p2a: plpr|69/100
|-enditem|p2a: plpr|Choice Specs|[from] move: Knock Off|[of] p1a: Mandibuzz
|
|-weather|RainDance|[upkeep]
|upkeep
|turn|20
|
|t:|1757916040
|move|p1a: Mandibuzz|Roost|p1a: Mandibuzz
|-heal|p1a: Mandibuzz|100/100
|-singleturn|p1a: Mandibuzz|move: Roost
|move|p2a: plpr|Hurricane|p1a: Mandibuzz
|-damage|p1a: Mandibuzz|66/100
|-start|p1a: Mandibuzz|confusion
|
|-weather|RainDance|[upkeep]
|upkeep
|turn|21
|
|t:|1757916045
|-activate|p1a: Mandibuzz|confusion
|-damage|p1a: Mandibuzz|61/100|[from] confusion
|move|p2a: plpr|U-turn|p1a: Mandibuzz
|-damage|p1a: Mandibuzz|55/100
|
|t:|1757916048
|switch|p2a: TRNTR|Tyranitar, F|100/100|[from] U-turn
|-weather|Sandstorm|[from] ability: Sand Stream|[of] p2a: TRNTR
|
|-weather|Sandstorm|[upkeep]
|upkeep
|turn|22
|
|t:|1757916054
|switch|p1a: Alomomola|Alomomola, M|77/100
|move|p2a: TRNTR|Stone Edge|p1a: Alomomola|[miss]
|-miss|p2a: TRNTR|p1a: Alomomola
|
|-weather|Sandstorm|[upkeep]
|-damage|p1a: Alomomola|70/100|[from] Sandstorm
|upkeep
|turn|23
|
|t:|1757916061
|switch|p2a: plpr|Pelipper, F|69/100
|-weather|RainDance|[from] ability: Drizzle|[of] p2a: plpr
|move|p1a: Alomomola|Wish|p1a: Alomomola
|
|-weather|RainDance|[upkeep]
|upkeep
|turn|24
|
|t:|1757916069
|move|p2a: plpr|Hurricane|p1a: Alomomola
|-damage|p1a: Alomomola|14/100
|-start|p1a: Alomomola|confusion
|-activate|p1a: Alomomola|confusion
|move|p1a: Alomomola|Flip Turn|p2a: plpr
|-resisted|p2a: plpr
|-damage|p2a: plpr|57/100
|
|t:|1757916073
|switch|p1a: Sinistcha|Sinistcha|12/100|[from] Flip Turn
|
|-weather|RainDance|[upkeep]
|-heal|p1a: Sinistcha|90/100|[from] move: Wish|[wisher] Alomomola
|upkeep
|turn|25
|
|t:|1757916077
|switch|p1a: Iron Crown|Iron Crown|100/100
|move|p2a: plpr|Hurricane|p1a: Iron Crown
|-resisted|p1a: Iron Crown
|-damage|p1a: Iron Crown|75/100
|-start|p1a: Iron Crown|confusion
|
|-weather|RainDance|[upkeep]
|upkeep
|turn|26
|
|t:|1757916087
|switch|p2a: TRNTR|Tyranitar, F|100/100
|-weather|Sandstorm|[from] ability: Sand Stream|[of] p2a: TRNTR
|-activate|p1a: Iron Crown|confusion
|move|p1a: Iron Crown|Tachyon Cutter|p2a: TRNTR
|-supereffective|p2a: TRNTR
|-damage|p2a: TRNTR|72/100
|-supereffective|p2a: TRNTR
|-damage|p2a: TRNTR|47/100
|-hitcount|p2a: TRNTR|2
|
|-weather|Sandstorm|[upkeep]
|upkeep
|turn|27
|
|t:|1757916095
|-end|p1a: Iron Crown|confusion
|move|p1a: Iron Crown|Tachyon Cutter|p2a: TRNTR
|-supereffective|p2a: TRNTR
|-damage|p2a: TRNTR|18/100
|-supereffective|p2a: TRNTR
|-damage|p2a: TRNTR|0 fnt
|faint|p2a: TRNTR
|-hitcount|p2: TRNTR|2
|
|-weather|Sandstorm|[upkeep]
|upkeep
|
|t:|1757916099
|switch|p2a: EXCDRLL|Excadrill, M|100/100
|-item|p2a: EXCDRLL|Air Balloon
|turn|28
|
|t:|1757916104
|move|p2a: EXCDRLL|Swords Dance|p2a: EXCDRLL
|-boost|p2a: EXCDRLL|atk|2
|move|p1a: Iron Crown|Tachyon Cutter|p2a: EXCDRLL
|-resisted|p2a: EXCDRLL
|-damage|p2a: EXCDRLL|73/100
|-enditem|p2a: EXCDRLL|Air Balloon
|-resisted|p2a: EXCDRLL
|-damage|p2a: EXCDRLL|49/100
|-hitcount|p2a: EXCDRLL|2
|
|-weather|Sandstorm|[upkeep]
|upkeep
|turn|29
|
|t:|1757916116
|move|p2a: EXCDRLL|Earthquake|p1a: Iron Crown
|-supereffective|p1a: Iron Crown
|-damage|p1a: Iron Crown|0 fnt
|faint|p1a: Iron Crown
|-end|p1a: Iron Crown|Quark Drive|[silent]
|
|-weather|Sandstorm|[upkeep]
|upkeep
|
|t:|1757916120
|switch|p1a: Sinistcha|Sinistcha|90/100
|turn|30
|
|t:|1757916126
|move|p2a: EXCDRLL|Iron Head|p1a: Sinistcha
|-damage|p1a: Sinistcha|27/100
|move|p1a: Sinistcha|Matcha Gotcha|p2a: EXCDRLL
|-damage|p2a: EXCDRLL|6/100
|-heal|p1a: Sinistcha|49/100|[from] drain|[of] p2a: EXCDRLL
|
|-weather|none
|upkeep
|turn|31
|
|t:|1757916144
|switch|p1a: Mandibuzz|Mandibuzz, F|55/100
|move|p2a: EXCDRLL|Iron Head|p1a: Mandibuzz
|-damage|p1a: Mandibuzz|0 fnt
|faint|p1a: Mandibuzz
|
|upkeep
|
|t:|1757916148
|switch|p1a: Lycanroc|Lycanroc-Dusk, M|100/100
|turn|32
|
|t:|1757916155
|move|p1a: Lycanroc|Close Combat|p2a: EXCDRLL
|-supereffective|p2a: EXCDRLL
|-damage|p2a: EXCDRLL|0 fnt
|-unboost|p1a: Lycanroc|def|1
|-unboost|p1a: Lycanroc|spd|1
|faint|p2a: EXCDRLL
|-damage|p1a: Lycanroc|91/100|[from] item: Life Orb
|
|upkeep
|
|t:|1757916158
|switch|p2a: CRVNT|Corviknight, M|81/100
|turn|33
|
|t:|1757916162
|switch|p1a: Alomomola|Alomomola, M|47/100
|move|p2a: CRVNT|U-turn|p1a: Alomomola
|-damage|p1a: Alomomola|39/100
|
|t:|1757916164
|switch|p2a: HP|Hoopa-Unbound|28/100|[from] U-turn
|
|upkeep
|turn|34
|
|t:|1757916171
|move|p1a: Alomomola|Protect|p1a: Alomomola
|-singleturn|p1a: Alomomola|Protect
|move|p2a: HP|Drain Punch|p1a: Alomomola
|-activate|p1a: Alomomola|move: Protect
|
|upkeep
|turn|35
|
|t:|1757916178
|move|p2a: HP|Psychic Noise|p1a: Alomomola
|-damage|p1a: Alomomola|0 fnt
|faint|p1a: Alomomola
|
|upkeep
|
|t:|1757916183
|switch|p1a: Lycanroc|Lycanroc-Dusk, M|91/100
|turn|36
|
|t:|1757916189
|switch|p2a: CRVNT|Corviknight, M|81/100
|move|p1a: Lycanroc|Close Combat|p2a: CRVNT
|-damage|p2a: CRVNT|41/100
|-unboost|p1a: Lycanroc|def|1
|-unboost|p1a: Lycanroc|spd|1
|-damage|p1a: Lycanroc|74/100|[from] item: Rocky Helmet|[of] p2a: CRVNT
|-damage|p1a: Lycanroc|64/100|[from] item: Life Orb
|
|upkeep
|turn|37
|
|t:|1757916194
|move|p1a: Lycanroc|Close Combat|p2a: CRVNT
|-damage|p2a: CRVNT|0 fnt
|-unboost|p1a: Lycanroc|def|1
|-unboost|p1a: Lycanroc|spd|1
|-damage|p1a: Lycanroc|48/100|[from] item: Rocky Helmet|[of] p2a: CRVNT
|faint|p2a: CRVNT
|-damage|p1a: Lycanroc|38/100|[from] item: Life Orb
|
|upkeep
|
|t:|1757916198
|switch|p2a: plpr|Pelipper, F|57/100
|-weather|RainDance|[from] ability: Drizzle|[of] p2a: plpr
|turn|38
|
|t:|1757916206
|-terastallize|p1a: Lycanroc|Psychic
|-terastallize|p2a: plpr|Water
|move|p1a: Lycanroc|Psychic Fangs|p2a: plpr
|-damage|p2a: plpr|0 fnt
|faint|p2a: plpr
|-damage|p1a: Lycanroc|28/100|[from] item: Life Orb
|
|-weather|RainDance|[upkeep]
|upkeep
|
|t:|1757916211
|switch|p2a: HP|Hoopa-Unbound|28/100
|turn|39
|c|☆Carpe Toadem|Gg
|-message|Carpe Toadem forfeited.
|
|win|ILFangzor
|raw|ILFangzor's rating: 1426 &rarr; <strong>1444</strong><br />(+18 for winning)
|raw|Carpe Toadem's rating: 1399 &rarr; <strong>1381</strong><br />(-18 for losing)
|l|☆Carpe Toadem
|player|p2|
