|j|☆Latin Playboy
|j|‽theonlydork
|t:|1757904002
|gametype|singles
|player|p1|Latin Playboy|bertha|1632
|player|p2|theonlydork|101|1577
|gen|9
|tier|[Gen 9] OU
|rated|
|rule|HP Percentage Mod: HP is shown in percentages
|rule|Endless Battle Clause: Forcing endless battles is banned
|rule|Species Clause: Limit one of each Pokémon
|rule|OHKO Clause: OHKO moves are banned
|rule|Evasion Items Clause: Evasion items are banned
|rule|Evasion Moves Clause: Evasion moves are banned
|rule|Evasion Abilities Clause: Evasion abilities are banned
|rule|Sleep Moves Clause: Sleep-inducing moves are banned
|clearpoke
|poke|p1|Indeedee, M|
|poke|p1|Polteageist-Antique|
|poke|p1|Iron Valiant|
|poke|p1|Cinderace, F|
|poke|p1|Iron Boulder|
|poke|p1|Kyurem|
|poke|p2|Raging Bolt|
|poke|p2|Great Tusk|
|poke|p2|Kingambit, M|
|poke|p2|Slowking-Galar, M|
|poke|p2|Ogerpon-Wellspring, F|
|poke|p2|Enamorus, F|
|teampreview
|inactive|Battle timer is ON: inactive players will automatically lose when time's up. (requested by Latin Playboy)
|
|t:|1757904022
|teamsize|p1|6
|teamsize|p2|6
|start
|switch|p1a: Cinderace|Cinderace, F|100/100
|switch|p2a: Slowking|Slowking-Galar, M, shiny|100/100
|turn|1
|
|t:|1757904027
|move|p1a: Cinderace|Pyro Ball|p2a: Slowking
|-damage|p2a: Slowking|61/100
|move|p2a: Slowking|Sludge Bomb|p1a: Cinderace
|-damage|p1a: Cinderace|48/100
|-status|p1a: Cinderace|psn
|
|-damage|p1a: Cinderace|35/100 psn|[from] psn
|upkeep
|turn|2
|
|t:|1757904038
|move|p1a: Cinderace|U-turn|p2a: Slowking
|-start|p1a: Cinderace|typechange|Bug|[from] ability: Libero
|-damage|p2a: Slowking|37/100
|
|t:|1757904042
|switch|p1a: Indeedee|Indeedee, M|100/100|[from] U-turn
|-fieldstart|move: Psychic Terrain|[from] ability: Psychic Surge|[of] p1a: Indeedee
|move|p2a: Slowking|Psychic Noise|p1a: Indeedee
|-resisted|p1a: Indeedee
|-damage|p1a: Indeedee|75/100
|-start|p1a: Indeedee|move: Heal Block
|
|upkeep
|turn|3
|
|t:|1757904054
|switch|p1a: Cinderace|Cinderace, F|35/100 psn
|switch|p2a: Kingambit|Kingambit, M, shiny|100/100
|
|-damage|p1a: Cinderace|23/100 psn|[from] psn
|upkeep
|turn|4
|
|t:|1757904062
|-end|p2a: Kingambit|fallenundefined|[silent]
|switch|p2a: Great Tusk|Great Tusk, shiny|100/100
|move|p1a: Cinderace|U-turn|p2a: Great Tusk
|-start|p1a: Cinderace|typechange|Bug|[from] ability: Libero
|-resisted|p2a: Great Tusk
|-damage|p2a: Great Tusk|89/100
|
|t:|1757904077
|switch|p1a: Polteageist|Polteageist-Antique|100/100|[from] U-turn
|
|upkeep
|turn|5
|
|t:|1757904084
|move|p2a: Great Tusk|Ice Spinner|p1a: Polteageist
|-damage|p1a: Polteageist|47/100
|-ability|p1a: Polteageist|Weak Armor|boost
|-unboost|p1a: Polteageist|def|1
|-boost|p1a: Polteageist|spe|2
|-fieldend|move: Psychic Terrain
|move|p1a: Polteageist|Shell Smash|p1a: Polteageist
|-unboost|p1a: Polteageist|def|1
|-unboost|p1a: Polteageist|spd|1
|-boost|p1a: Polteageist|atk|2
|-boost|p1a: Polteageist|spa|2
|-boost|p1a: Polteageist|spe|2
|
|upkeep
|turn|6
|
|t:|1757904103
|-end|p2a: Great Tusk|Protosynthesis|[silent]
|switch|p2a: Ogerpon|Ogerpon-Wellspring, F|100/100
|move|p1a: Polteageist|Shadow Ball|p2a: Ogerpon
|-damage|p2a: Ogerpon|0 fnt
|faint|p2a: Ogerpon
|
|upkeep
|
|t:|1757904109
|switch|p2a: Slowking|Slowking-Galar, M, shiny|70/100
|turn|7
|
|t:|1757904124
|switch|p2a: Raging Bolt|Raging Bolt|100/100
|move|p1a: Polteageist|Shadow Ball|p2a: Raging Bolt
|-damage|p2a: Raging Bolt|15/100
|
|upkeep
|turn|8
|
|t:|1757904130
|switch|p1a: Indeedee|Indeedee, M|75/100
|-fieldstart|move: Psychic Terrain|[from] ability: Psychic Surge|[of] p1a: Indeedee
|move|p2a: Raging Bolt|Volt Switch|p1a: Indeedee
|-damage|p1a: Indeedee|0 fnt
|faint|p1a: Indeedee
|
|t:|1757904137
|-end|p2a: Raging Bolt|Protosynthesis|[silent]
|switch|p2a: Enamorus|Enamorus, F, shiny|100/100|[from] Volt Switch
|
|upkeep
|
|t:|1757904157
|switch|p1a: Iron Boulder|Iron Boulder|100/100
|-enditem|p1a: Iron Boulder|Booster Energy
|-activate|p1a: Iron Boulder|ability: Quark Drive|[fromitem]
|-start|p1a: Iron Boulder|quarkdrivespe
|turn|9
|inactive|theonlydork has 120 seconds left.
|inactive|Latin Playboy has 120 seconds left.
|inactive|theonlydork has 90 seconds left.
|
|t:|1757904220
|move|p1a: Iron Boulder|Swords Dance|p1a: Iron Boulder
|-boost|p1a: Iron Boulder|atk|2
|move|p2a: Enamorus|Earth Power|p1a: Iron Boulder
|-supereffective|p1a: Iron Boulder
|-damage|p1a: Iron Boulder|27/100
|
|upkeep
|turn|10
|inactive|Latin Playboy has 120 seconds left.
|
|t:|1757904230
|switch|p2a: Raging Bolt|Raging Bolt|15/100
|move|p1a: Iron Boulder|Psycho Cut|p2a: Raging Bolt
|-crit|p2a: Raging Bolt
|-damage|p2a: Raging Bolt|0 fnt
|faint|p2a: Raging Bolt
|-end|p2a: Raging Bolt|Protosynthesis|[silent]
|
|upkeep
|
|t:|1757904237
|switch|p2a: Slowking|Slowking-Galar, M, shiny|100/100
|turn|11
|
|t:|1757904245
|move|p1a: Iron Boulder|Mighty Cleave|p2a: Slowking
|-crit|p2a: Slowking
|-damage|p2a: Slowking|0 fnt
|faint|p2a: Slowking
|
|upkeep
|
|t:|1757904251
|switch|p2a: Great Tusk|Great Tusk, shiny|89/100
|turn|12
|
|t:|1757904262
|-terastallize|p2a: Great Tusk|Ice
|move|p1a: Iron Boulder|Psycho Cut|p2a: Great Tusk
|-damage|p2a: Great Tusk|21/100
|move|p2a: Great Tusk|Stealth Rock|p1a: Iron Boulder
|-sidestart|p1: Latin Playboy|move: Stealth Rock
|
|upkeep
|turn|13
|
|t:|1757904274
|-end|p2a: Great Tusk|Protosynthesis|[silent]
|switch|p2a: Kingambit|Kingambit, M, shiny|100/100
|-activate|p2a: Kingambit|ability: Supreme Overlord
|-start|p2a: Kingambit|fallen3|[silent]
|move|p1a: Iron Boulder|Close Combat|p2a: Kingambit
|-supereffective|p2a: Kingambit
|-damage|p2a: Kingambit|0 fnt
|-unboost|p1a: Iron Boulder|def|1
|-unboost|p1a: Iron Boulder|spd|1
|faint|p2a: Kingambit
|-end|p2a: Kingambit|fallen3|[silent]
|
|upkeep
|
|t:|1757904286
|switch|p2a: Enamorus|Enamorus, F, shiny|100/100
|turn|14
|
|t:|1757904289
|move|p1a: Iron Boulder|Mighty Cleave|p2a: Enamorus
|-supereffective|p2a: Enamorus
|-damage|p2a: Enamorus|0 fnt
|faint|p2a: Enamorus
|
|upkeep
|-message|theonlydork forfeited.
|
|win|Latin Playboy
|raw|Latin Playboy's rating: 1632 &rarr; <strong>1649</strong><br />(+17 for winning)
|raw|theonlydork's rating: 1577 &rarr; <strong>1560</strong><br />(-17 for losing)
|l|‽theonlydork
|player|p2|
|l|☆Latin Playboy
|player|p1|
