|j|☆mister_ttar
|j|☆aceman2798
|t:|1757962872
|gametype|singles
|player|p1|mister_ttar|101|1579
|player|p2|aceman2798|sada-ai|1738
|gen|9
|tier|[Gen 9] OU
|rated|
|rule|HP Percentage Mod: HP is shown in percentages
|rule|Endless Battle Clause: Forcing endless battles is banned
|rule|Species Clause: Limit one of each Pokémon
|rule|OHKO Clause: OHKO moves are banned
|rule|Evasion Items Clause: Evasion items are banned
|rule|Evasion Moves Clause: Evasion moves are banned
|rule|Evasion Abilities Clause: Evasion abilities are banned
|rule|Sleep Moves Clause: Sleep-inducing moves are banned
|clearpoke
|poke|p1|Flamigo, M|
|poke|p1|Ting-Lu|
|poke|p1|Gholdengo|
|poke|p1|Dragapult, M|
|poke|p1|Kyurem|
|poke|p1|Great Tusk|
|poke|p2|Keldeo-Resolute|
|poke|p2|Dragapult, F|
|poke|p2|Slowking-Galar, M|
|poke|p2|Kingambit, F|
|poke|p2|Zapdos|
|poke|p2|Iron Treads|
|teampreview
|inactive|Battle timer is ON: inactive players will automatically lose when time's up. (requested by mister_ttar)
|inactive|aceman2798 has 120 seconds left.
|
|t:|1757962912
|teamsize|p1|6
|teamsize|p2|6
|start
|switch|p1a: Flamigo|Flamigo, M|100/100
|switch|p2a: Zapdos|Zapdos|100/100
|turn|1
|
|t:|1757962925
|switch|p1a: Ting-Lu|Ting-Lu|100/100
|-ability|p1a: Ting-Lu|Vessel of Ruin
|move|p2a: Zapdos|U-turn|p1a: Ting-Lu
|-supereffective|p1a: Ting-Lu
|-damage|p1a: Ting-Lu|85/100
|
|t:|1757962932
|switch|p2a: Keldeo|Keldeo-Resolute|100/100|[from] U-turn
|
|-heal|p1a: Ting-Lu|91/100|[from] item: Leftovers
|upkeep
|turn|2
|
|t:|1757962940
|switch|p1a: Dragapult|Dragapult, M|100/100
|move|p2a: Keldeo|Calm Mind|p2a: Keldeo
|-boost|p2a: Keldeo|spa|1
|-boost|p2a: Keldeo|spd|1
|
|upkeep
|turn|3
|
|t:|1757962952
|switch|p2a: Slowking|Slowking-Galar, M|100/100
|move|p1a: Dragapult|Dragon Darts|p2a: Slowking
|-damage|p2a: Slowking|78/100
|-anim|p1a: Dragapult|Dragon Darts|p2a: Slowking
|-damage|p2a: Slowking|57/100
|
|-heal|p2a: Slowking|63/100|[from] item: Black Sludge
|upkeep
|turn|4
|
|t:|1757962961
|move|p1a: Dragapult|U-turn|p2a: Slowking
|-damage|p2a: Slowking|43/100
|
|t:|1757962968
|switch|p1a: Ting-Lu|Ting-Lu|91/100|[from] U-turn
|-ability|p1a: Ting-Lu|Vessel of Ruin
|move|p2a: Slowking|Trick|p1a: Ting-Lu
|-activate|p2a: Slowking|move: Trick|[of] p1a: Ting-Lu
|-item|p1a: Ting-Lu|Black Sludge|[from] move: Trick
|-item|p2a: Slowking|Leftovers|[from] move: Trick
|
|-damage|p1a: Ting-Lu|78/100|[from] item: Black Sludge
|-heal|p2a: Slowking|49/100|[from] item: Leftovers
|upkeep
|turn|5
|
|t:|1757962974
|switch|p2a: Zapdos|Zapdos|100/100
|move|p1a: Ting-Lu|Spikes|p2a: Zapdos
|-sidestart|p2: aceman2798|Spikes
|
|-damage|p1a: Ting-Lu|66/100|[from] item: Black Sludge
|upkeep
|turn|6
|
|t:|1757962983
|move|p2a: Zapdos|U-turn|p1a: Ting-Lu
|-supereffective|p1a: Ting-Lu
|-damage|p1a: Ting-Lu|51/100
|
|t:|1757962993
|switch|p2a: Dragapult|Dragapult, F|100/100|[from] U-turn
|-damage|p2a: Dragapult|88/100|[from] Spikes
|move|p1a: Ting-Lu|Ruination|p2a: Dragapult
|-damage|p2a: Dragapult|44/100
|
|-damage|p1a: Ting-Lu|38/100|[from] item: Black Sludge
|upkeep
|turn|7
|
|t:|1757963002
|switch|p2a: Zapdos|Zapdos|100/100
|move|p1a: Ting-Lu|Earthquake|p2a: Zapdos
|-immune|p2a: Zapdos
|
|-damage|p1a: Ting-Lu|26/100|[from] item: Black Sludge
|upkeep
|turn|8
|
|t:|1757963006
|move|p2a: Zapdos|Hurricane|p1a: Ting-Lu
|-damage|p1a: Ting-Lu|8/100
|move|p1a: Ting-Lu|Spikes|p2a: Zapdos
|-sidestart|p2: aceman2798|Spikes
|
|-damage|p1a: Ting-Lu|0 fnt|[from] item: Black Sludge
|faint|p1a: Ting-Lu
|upkeep
|
|t:|1757963009
|switch|p1a: Kyurem|Kyurem|100/100
|-ability|p1a: Kyurem|Pressure
|turn|9
|
|t:|1757963024
|switch|p2a: Kingambit|Kingambit, F|100/100
|-damage|p2a: Kingambit|84/100|[from] Spikes
|move|p1a: Kyurem|Dragon Dance|p1a: Kyurem
|-boost|p1a: Kyurem|atk|1
|-boost|p1a: Kyurem|spe|1
|
|-heal|p2a: Kingambit|90/100|[from] item: Leftovers
|upkeep
|turn|10
|
|t:|1757963049
|-terastallize|p1a: Kyurem|Fire
|-terastallize|p2a: Kingambit|Fighting
|move|p1a: Kyurem|Tera Blast|p2a: Kingambit|[anim] Tera Blast Fire
|-damage|p2a: Kingambit|44/100
|move|p2a: Kingambit|Low Kick|p1a: Kyurem
|-damage|p1a: Kyurem|29/100
|
|-heal|p2a: Kingambit|50/100|[from] item: Leftovers
|upkeep
|turn|11
|
|t:|1757963059
|move|p2a: Kingambit|Sucker Punch|p1a: Kyurem
|-damage|p1a: Kyurem|0 fnt
|faint|p1a: Kyurem
|
|-heal|p2a: Kingambit|56/100|[from] item: Leftovers
|upkeep
|
|t:|1757963062
|switch|p1a: Great Tusk|Great Tusk|100/100
|turn|12
|
|t:|1757963083
|-end|p2a: Kingambit|fallenundefined|[silent]
|switch|p2a: Zapdos|Zapdos|100/100
|move|p1a: Great Tusk|Headlong Rush|p2a: Zapdos
|-immune|p2a: Zapdos
|
|upkeep
|turn|13
|
|t:|1757963087
|move|p1a: Great Tusk|Knock Off|p2a: Zapdos
|-damage|p2a: Zapdos|82/100
|-enditem|p2a: Zapdos|Heavy-Duty Boots|[from] move: Knock Off|[of] p1a: Great Tusk
|move|p2a: Zapdos|Hurricane|p1a: Great Tusk
|-supereffective|p1a: Great Tusk
|-damage|p1a: Great Tusk|0 fnt
|faint|p1a: Great Tusk
|-end|p1a: Great Tusk|Protosynthesis|[silent]
|
|upkeep
|
|t:|1757963094
|switch|p1a: Dragapult|Dragapult, M|100/100
|turn|14
|
|t:|1757963100
|move|p1a: Dragapult|Will-O-Wisp|p2a: Zapdos
|-status|p2a: Zapdos|brn
|move|p2a: Zapdos|Hurricane|p1a: Dragapult
|-damage|p1a: Dragapult|36/100
|
|-damage|p2a: Zapdos|76/100 brn|[from] brn
|upkeep
|turn|15
|inactive|aceman2798 has 120 seconds left.
|inactive|aceman2798 has 90 seconds left.
|
|t:|1757963189
|switch|p2a: Slowking|Slowking-Galar, M|82/100
|-damage|p2a: Slowking|66/100|[from] Spikes
|move|p1a: Dragapult|Hex|p2a: Slowking
|-supereffective|p2a: Slowking
|-damage|p2a: Slowking|34/100
|
|-heal|p2a: Slowking|40/100|[from] item: Leftovers
|upkeep
|turn|16
|inactive|mister_ttar has 120 seconds left.
|
|t:|1757963223
|move|p1a: Dragapult|Will-O-Wisp|p2a: Slowking
|-status|p2a: Slowking|brn
|move|p2a: Slowking|Psyshock|p1a: Dragapult
|-damage|p1a: Dragapult|0 fnt
|faint|p1a: Dragapult
|
|-heal|p2a: Slowking|46/100 brn|[from] item: Leftovers
|-damage|p2a: Slowking|40/100 brn|[from] brn
|upkeep
|inactive|mister_ttar has 120 seconds left.
|
|t:|1757963236
|switch|p1a: Gholdengo|Gholdengo|100/100
|-item|p1a: Gholdengo|Air Balloon
|turn|17
|
|t:|1757963243
|move|p1a: Gholdengo|Shadow Ball|p2a: Slowking
|-supereffective|p2a: Slowking
|-damage|p2a: Slowking|0 fnt
|faint|p2a: Slowking
|
|upkeep
|
|t:|1757963253
|switch|p2a: Dragapult|Dragapult, F|44/100
|-damage|p2a: Dragapult|28/100|[from] Spikes
|turn|18
|
|t:|1757963257
|switch|p1a: Flamigo|Flamigo, M|100/100
|move|p2a: Dragapult|Phantom Force||[still]
|-prepare|p2a: Dragapult|Phantom Force
|
|upkeep
|turn|19
|
|t:|1757963267
|move|p1a: Flamigo|Close Combat|p2a: Dragapult|[miss]
|-miss|p1a: Flamigo|p2a: Dragapult
|move|p2a: Dragapult|Phantom Force|p1a: Flamigo|[from] lockedmove
|-damage|p1a: Flamigo|4/100
|
|upkeep
|turn|20
|
|t:|1757963271
|switch|p2a: Zapdos|Zapdos|76/100 brn
|move|p1a: Flamigo|Close Combat|p2a: Zapdos
|-resisted|p2a: Zapdos
|-damage|p2a: Zapdos|54/100 brn
|-unboost|p1a: Flamigo|def|1
|-unboost|p1a: Flamigo|spd|1
|
|-damage|p2a: Zapdos|48/100 brn|[from] brn
|upkeep
|turn|21
|-message|mister_ttar forfeited.
|
|win|aceman2798
|raw|mister_ttar's rating: 1579 &rarr; <strong>1568</strong><br />(-11 for losing)
|raw|aceman2798's rating: 1738 &rarr; <strong>1749</strong><br />(+11 for winning)
|l|☆mister_ttar
|player|p1|
