|j|☆pkamash1
|j|☆8daniel8
|t:|1757910859
|gametype|singles
|player|p1|pkamash1|102|1315
|player|p2|8daniel8|koga|1439
|gen|9
|tier|[Gen 9] OU
|rated|
|rule|HP Percentage Mod: HP is shown in percentages
|rule|Endless Battle Clause: Forcing endless battles is banned
|rule|Species Clause: Limit one of each Pokémon
|rule|OHKO Clause: OHKO moves are banned
|rule|Evasion Items Clause: Evasion items are banned
|rule|Evasion Moves Clause: Evasion moves are banned
|rule|Evasion Abilities Clause: Evasion abilities are banned
|rule|Sleep Moves Clause: Sleep-inducing moves are banned
|clearpoke
|poke|p1|Gliscor, M|
|poke|p1|Dondozo, M|
|poke|p1|Slowking-Galar, M|
|poke|p1|Corviknight, M|
|poke|p1|Darkrai|
|poke|p1|Kyurem|
|poke|p2|Dragapult, M|
|poke|p2|Mandibuzz, F|
|poke|p2|Empoleon, M|
|poke|p2|Okidogi, M|
|poke|p2|Electrode-Hisui|
|poke|p2|Comfey, M|
|teampreview
|inactive|Battle timer is ON: inactive players will automatically lose when time's up. (requested by 8daniel8)
|inactive|pkamash1 also wants the timer to be on.
|
|t:|1757910881
|teamsize|p1|6
|teamsize|p2|6
|start
|switch|p1a: Gliscor|Gliscor, M|100/100
|switch|p2a: Dragapult|Dragapult, M|100/100
|turn|1
|
|t:|1757910888
|move|p2a: Dragapult|Dragon Dance|p2a: Dragapult
|-boost|p2a: Dragapult|atk|1
|-boost|p2a: Dragapult|spe|1
|move|p1a: Gliscor|Knock Off|p2a: Dragapult
|-supereffective|p2a: Dragapult
|-damage|p2a: Dragapult|36/100
|-enditem|p2a: Dragapult|Life Orb|[from] move: Knock Off|[of] p1a: Gliscor
|
|-status|p1a: Gliscor|tox|[from] item: Toxic Orb
|upkeep
|turn|2
|
|t:|1757910897
|move|p2a: Dragapult|Dragon Darts|p1a: Gliscor
|-damage|p1a: Gliscor|75/100 tox
|-anim|p2a: Dragapult|Dragon Darts|p1a: Gliscor
|-damage|p1a: Gliscor|50/100 tox
|move|p1a: Gliscor|Knock Off|p2a: Dragapult
|-supereffective|p2a: Dragapult
|-damage|p2a: Dragapult|0 fnt
|faint|p2a: Dragapult
|
|-heal|p1a: Gliscor|62/100 tox|[from] ability: Poison Heal
|upkeep
|
|t:|1757910910
|switch|p2a: Okidogi|Okidogi, M|100/100
|turn|3
|
|t:|1757910913
|move|p2a: Okidogi|Bulk Up|p2a: Okidogi
|-boost|p2a: Okidogi|atk|1
|-boost|p2a: Okidogi|def|1
|move|p1a: Gliscor|Earthquake|p2a: Okidogi
|-supereffective|p2a: Okidogi
|-damage|p2a: Okidogi|65/100
|
|-heal|p2a: Okidogi|71/100|[from] item: Leftovers
|-heal|p1a: Gliscor|75/100 tox|[from] ability: Poison Heal
|upkeep
|turn|4
|
|t:|1757910938
|switch|p1a: Slowking|Slowking-Galar, M|100/100
|move|p2a: Okidogi|Bulk Up|p2a: Okidogi
|-boost|p2a: Okidogi|atk|1
|-boost|p2a: Okidogi|def|1
|
|-heal|p2a: Okidogi|77/100|[from] item: Leftovers
|upkeep
|turn|5
|
|t:|1757910948
|move|p2a: Okidogi|Knock Off|p1a: Slowking
|-supereffective|p1a: Slowking
|-damage|p1a: Slowking|0 fnt
|-enditem|p1a: Slowking|Leftovers|[from] move: Knock Off|[of] p2a: Okidogi
|faint|p1a: Slowking
|
|-heal|p2a: Okidogi|83/100|[from] item: Leftovers
|upkeep
|inactive|pkamash1 has 120 seconds left.
|
|t:|1757910969
|switch|p1a: Gliscor|Gliscor, M|75/100 tox
|turn|6
|
|t:|1757910974
|move|p1a: Gliscor|Protect|p1a: Gliscor
|-singleturn|p1a: Gliscor|Protect
|move|p2a: Okidogi|Bulk Up|p2a: Okidogi
|-boost|p2a: Okidogi|atk|1
|-boost|p2a: Okidogi|def|1
|
|-heal|p2a: Okidogi|89/100|[from] item: Leftovers
|-heal|p1a: Gliscor|87/100 tox|[from] ability: Poison Heal
|upkeep
|turn|7
|
|t:|1757910985
|move|p2a: Okidogi|Knock Off|p1a: Gliscor
|-damage|p1a: Gliscor|48/100 tox
|-enditem|p1a: Gliscor|Toxic Orb|[from] move: Knock Off|[of] p2a: Okidogi
|move|p1a: Gliscor|Knock Off|p2a: Okidogi
|-resisted|p2a: Okidogi
|-damage|p2a: Okidogi|86/100
|-enditem|p2a: Okidogi|Leftovers|[from] move: Knock Off|[of] p1a: Gliscor
|
|-heal|p1a: Gliscor|60/100 tox|[from] ability: Poison Heal
|upkeep
|turn|8
|
|t:|1757910996
|move|p2a: Okidogi|Gunk Shot|p1a: Gliscor
|-resisted|p1a: Gliscor
|-damage|p1a: Gliscor|22/100 tox
|move|p1a: Gliscor|Earthquake|p2a: Okidogi
|-supereffective|p2a: Okidogi
|-damage|p2a: Okidogi|66/100
|
|-heal|p1a: Gliscor|34/100 tox|[from] ability: Poison Heal
|upkeep
|turn|9
|
|t:|1757911006
|move|p1a: Gliscor|Protect|p1a: Gliscor
|-singleturn|p1a: Gliscor|Protect
|move|p2a: Okidogi|Drain Punch|p1a: Gliscor
|-activate|p1a: Gliscor|move: Protect
|
|-heal|p1a: Gliscor|47/100 tox|[from] ability: Poison Heal
|upkeep
|turn|10
|
|t:|1757911014
|move|p2a: Okidogi|Drain Punch|p1a: Gliscor
|-resisted|p1a: Gliscor
|-damage|p1a: Gliscor|23/100 tox
|-heal|p2a: Okidogi|77/100|[from] drain|[of] p1a: Gliscor
|move|p1a: Gliscor|Earthquake|p2a: Okidogi
|-supereffective|p2a: Okidogi
|-damage|p2a: Okidogi|58/100
|
|-heal|p1a: Gliscor|35/100 tox|[from] ability: Poison Heal
|upkeep
|turn|11
|
|t:|1757911038
|move|p2a: Okidogi|Bulk Up|p2a: Okidogi
|-boost|p2a: Okidogi|atk|1
|-boost|p2a: Okidogi|def|1
|move|p1a: Gliscor|Earthquake|p2a: Okidogi
|-supereffective|p2a: Okidogi
|-damage|p2a: Okidogi|40/100
|
|-heal|p1a: Gliscor|48/100 tox|[from] ability: Poison Heal
|upkeep
|turn|12
|
|t:|1757911049
|move|p2a: Okidogi|Bulk Up|p2a: Okidogi
|-boost|p2a: Okidogi|atk|1
|-boost|p2a: Okidogi|def|1
|move|p1a: Gliscor|Earthquake|p2a: Okidogi
|-supereffective|p2a: Okidogi
|-damage|p2a: Okidogi|25/100
|
|-heal|p1a: Gliscor|60/100 tox|[from] ability: Poison Heal
|upkeep
|turn|13
|
|t:|1757911058
|move|p2a: Okidogi|Drain Punch|p1a: Gliscor
|-resisted|p1a: Gliscor
|-damage|p1a: Gliscor|26/100 tox
|-heal|p2a: Okidogi|42/100|[from] drain|[of] p1a: Gliscor
|move|p1a: Gliscor|Earthquake|p2a: Okidogi
|-supereffective|p2a: Okidogi
|-damage|p2a: Okidogi|27/100
|
|-heal|p1a: Gliscor|38/100 tox|[from] ability: Poison Heal
|upkeep
|turn|14
|
|t:|1757911068
|move|p1a: Gliscor|Protect|p1a: Gliscor
|-singleturn|p1a: Gliscor|Protect
|move|p2a: Okidogi|Drain Punch|p1a: Gliscor
|-activate|p1a: Gliscor|move: Protect
|
|-heal|p1a: Gliscor|50/100 tox|[from] ability: Poison Heal
|upkeep
|turn|15
|
|t:|1757911086
|move|p2a: Okidogi|Drain Punch|p1a: Gliscor
|-resisted|p1a: Gliscor
|-damage|p1a: Gliscor|20/100 tox
|-heal|p2a: Okidogi|41/100|[from] drain|[of] p1a: Gliscor
|move|p1a: Gliscor|Earthquake|p2a: Okidogi
|-supereffective|p2a: Okidogi
|-damage|p2a: Okidogi|27/100
|
|-heal|p1a: Gliscor|32/100 tox|[from] ability: Poison Heal
|upkeep
|turn|16
|
|t:|1757911097
|move|p1a: Gliscor|Protect|p1a: Gliscor
|-singleturn|p1a: Gliscor|Protect
|move|p2a: Okidogi|Bulk Up|p2a: Okidogi
|-boost|p2a: Okidogi|atk|1
|-boost|p2a: Okidogi|def|1
|
|-heal|p1a: Gliscor|45/100 tox|[from] ability: Poison Heal
|upkeep
|turn|17
|
|t:|1757911105
|move|p2a: Okidogi|Drain Punch|p1a: Gliscor
|-resisted|p1a: Gliscor
|-damage|p1a: Gliscor|9/100 tox
|-heal|p2a: Okidogi|43/100|[from] drain|[of] p1a: Gliscor
|move|p1a: Gliscor|Earthquake|p2a: Okidogi
|-supereffective|p2a: Okidogi
|-damage|p2a: Okidogi|30/100
|
|-heal|p1a: Gliscor|22/100 tox|[from] ability: Poison Heal
|upkeep
|turn|18
|
|t:|1757911116
|move|p2a: Okidogi|Drain Punch|p1a: Gliscor
|-resisted|p1a: Gliscor
|-damage|p1a: Gliscor|0 fnt
|-heal|p2a: Okidogi|40/100|[from] drain|[of] p1a: Gliscor
|faint|p1a: Gliscor
|
|upkeep
|
|t:|1757911123
|switch|p1a: Darkrai|Darkrai|100/100
|turn|19
|
|t:|1757911128
|-terastallize|p1a: Darkrai|Poison
|move|p1a: Darkrai|Ice Beam|p2a: Okidogi
|-damage|p2a: Okidogi|0 fnt
|faint|p2a: Okidogi
|-damage|p1a: Darkrai|91/100|[from] item: Life Orb
|
|upkeep
|
|t:|1757911142
|switch|p2a: Electrode|Electrode-Hisui|100/100
|turn|20
|
|t:|1757911147
|switch|p1a: Kyurem|Kyurem|100/100
|-ability|p1a: Kyurem|Pressure
|move|p2a: Electrode|Volt Switch|p1a: Kyurem
|-resisted|p1a: Kyurem
|-damage|p1a: Kyurem|89/100
|
|t:|1757911156
|switch|p2a: Comfey|Comfey, M|100/100|[from] Volt Switch
|
|upkeep
|turn|21
|
|t:|1757911162
|switch|p1a: Corviknight|Corviknight, M|100/100
|-ability|p1a: Corviknight|Pressure
|move|p2a: Comfey|Leech Seed|p1a: Corviknight
|-start|p1a: Corviknight|move: Leech Seed
|
|-damage|p1a: Corviknight|88/100|[from] Leech Seed|[of] p2a: Comfey
|upkeep
|turn|22
|
|t:|1757911171
|move|p2a: Comfey|Calm Mind|p2a: Comfey
|-boost|p2a: Comfey|spa|1
|-boost|p2a: Comfey|spd|1
|move|p1a: Corviknight|U-turn|p2a: Comfey
|-resisted|p2a: Comfey
|-damage|p2a: Comfey|93/100
|
|t:|1757911178
|switch|p1a: Darkrai|Darkrai, tera:Poison|91/100|[from] U-turn
|
|upkeep
|turn|23
|
|t:|1757911185
|switch|p2a: Empoleon|Empoleon, M|100/100
|move|p1a: Darkrai|Sludge Bomb|p2a: Empoleon
|-immune|p2a: Empoleon
|
|upkeep
|turn|24
|
|t:|1757911194
|switch|p1a: Corviknight|Corviknight, M|88/100
|-ability|p1a: Corviknight|Pressure
|move|p2a: Empoleon|Flip Turn|p1a: Corviknight
|-damage|p1a: Corviknight|79/100
|
|t:|1757911201
|switch|p2a: Electrode|Electrode-Hisui|100/100|[from] Flip Turn
|
|-heal|p1a: Corviknight|85/100|[from] item: Leftovers
|upkeep
|turn|25
|
|t:|1757911210
|switch|p1a: Kyurem|Kyurem|89/100
|-ability|p1a: Kyurem|Pressure
|move|p2a: Electrode|Volt Switch|p1a: Kyurem
|-resisted|p1a: Kyurem
|-damage|p1a: Kyurem|76/100
|
|t:|1757911218
|switch|p2a: Comfey|Comfey, M|93/100|[from] Volt Switch
|
|upkeep
|turn|26
|
|t:|1757911226
|move|p1a: Kyurem|Icicle Spear|p2a: Comfey
|-damage|p2a: Comfey|78/100
|-damage|p2a: Comfey|63/100
|-damage|p2a: Comfey|48/100
|-damage|p2a: Comfey|33/100
|-hitcount|p2a: Comfey|4
|move|p2a: Comfey|Leech Seed|p1a: Kyurem
|-start|p1a: Kyurem|move: Leech Seed
|
|-damage|p1a: Kyurem|64/100|[from] Leech Seed|[of] p2a: Comfey
|-heal|p2a: Comfey|54/100|[silent]
|upkeep
|turn|27
|
|t:|1757911237
|move|p2a: Comfey|Draining Kiss|p1a: Kyurem
|-supereffective|p1a: Kyurem
|-damage|p1a: Kyurem|32/100
|-heal|p2a: Comfey|94/100|[from] drain|[of] p1a: Kyurem
|move|p1a: Kyurem|Icicle Spear|p2a: Comfey
|-damage|p2a: Comfey|80/100
|-damage|p2a: Comfey|66/100
|-damage|p2a: Comfey|52/100
|-damage|p2a: Comfey|36/100
|-damage|p2a: Comfey|22/100
|-hitcount|p2a: Comfey|5
|
|-damage|p1a: Kyurem|19/100|[from] Leech Seed|[of] p2a: Comfey
|-heal|p2a: Comfey|43/100|[silent]
|upkeep
|turn|28
|
|t:|1757911251
|move|p1a: Kyurem|Icicle Spear|p2a: Comfey
|-damage|p2a: Comfey|26/100
|-damage|p2a: Comfey|10/100
|-damage|p2a: Comfey|0 fnt
|faint|p2a: Comfey
|-hitcount|p2: Comfey|3
|
|upkeep
|
|t:|1757911258
|switch|p2a: Electrode|Electrode-Hisui|100/100
|turn|29
|
|t:|1757911263
|move|p2a: Electrode|Electro Ball|p1a: Kyurem
|-resisted|p1a: Kyurem
|-damage|p1a: Kyurem|5/100
|move|p1a: Kyurem|Icicle Spear|p2a: Electrode
|-supereffective|p2a: Electrode
|-damage|p2a: Electrode|45/100
|-supereffective|p2a: Electrode
|-damage|p2a: Electrode|0 fnt
|faint|p2a: Electrode
|-hitcount|p2: Electrode|2
|
|upkeep
|
|t:|1757911273
|switch|p2a: Empoleon|Empoleon, M|100/100
|turn|30
|
|t:|1757911281
|move|p1a: Kyurem|Scale Shot|p2a: Empoleon
|-resisted|p2a: Empoleon
|-damage|p2a: Empoleon|94/100
|-resisted|p2a: Empoleon
|-damage|p2a: Empoleon|86/100
|-resisted|p2a: Empoleon
|-damage|p2a: Empoleon|79/100
|-resisted|p2a: Empoleon
|-damage|p2a: Empoleon|72/100
|-hitcount|p2a: Empoleon|4
|-unboost|p1a: Kyurem|def|1
|-boost|p1a: Kyurem|spe|1
|move|p2a: Empoleon|Flash Cannon|p1a: Kyurem
|-supereffective|p1a: Kyurem
|-damage|p1a: Kyurem|0 fnt
|faint|p1a: Kyurem
|
|-heal|p2a: Empoleon|78/100|[from] item: Leftovers
|upkeep
|
|t:|1757911302
|switch|p1a: Corviknight|Corviknight, M|85/100
|-ability|p1a: Corviknight|Pressure
|turn|31
|
|t:|1757911307
|move|p1a: Corviknight|Body Press|p2a: Empoleon
|-supereffective|p2a: Empoleon
|-damage|p2a: Empoleon|27/100
|move|p2a: Empoleon|Whirlpool|p1a: Corviknight
|-damage|p1a: Corviknight|71/100
|-activate|p1a: Corviknight|move: Whirlpool|[of] p2a: Empoleon
|
|-heal|p1a: Corviknight|77/100|[from] item: Leftovers
|-heal|p2a: Empoleon|34/100|[from] item: Leftovers
|-damage|p1a: Corviknight|64/100|[from] move: Whirlpool|[partiallytrapped]
|upkeep
|turn|32
|-message|8daniel8 forfeited.
|
|win|pkamash1
|raw|pkamash1's rating: 1315 &rarr; <strong>1342</strong><br />(+27 for winning)
|raw|8daniel8's rating: 1439 &rarr; <strong>1412</strong><br />(-27 for losing)
|l|☆8daniel8
|player|p2|
|l|☆pkamash1
|player|p1|
