|j|☆l0ganst3r
|j|☆AcheronRecusant8
|t:|1757829645
|gametype|singles
|player|p1|l0ganst3r|sailor|1114
|player|p2|AcheronRecusant8|n|1151
|gen|9
|tier|[Gen 9] OU
|rated|
|rule|HP Percentage Mod: HP is shown in percentages
|rule|Endless Battle Clause: Forcing endless battles is banned
|rule|Species Clause: Limit one of each Pokémon
|rule|OHKO Clause: OHKO moves are banned
|rule|Evasion Items Clause: Evasion items are banned
|rule|Evasion Moves Clause: Evasion moves are banned
|rule|Evasion Abilities Clause: Evasion abilities are banned
|rule|Sleep Moves Clause: Sleep-inducing moves are banned
|clearpoke
|poke|p1|Malamar, M|
|poke|p1|Morpeko, F|
|poke|p1|Crawdaunt, F|
|poke|p1|Corviknight, F|
|poke|p1|Hariyama, M|
|poke|p1|Weezing-Galar, M|
|poke|p2|Samurott-Hisui, F|
|poke|p2|Kingambit, M|
|poke|p2|Raging Bolt|
|poke|p2|Gliscor, M|
|poke|p2|Great Tusk|
|poke|p2|Dragapult, F|
|teampreview
|inactive|Battle timer is ON: inactive players will automatically lose when time's up. (requested by AcheronRecusant8)
|
|t:|1757829674
|teamsize|p1|6
|teamsize|p2|6
|start
|switch|p1a: Crawdaunt|Crawdaunt, F|100/100
|switch|p2a: low int specimen|Samurott-Hisui, F|100/100
|turn|1
|
|t:|1757829682
|move|p2a: low int specimen|Ceaseless Edge|p1a: Crawdaunt
|-resisted|p1a: Crawdaunt
|-damage|p1a: Crawdaunt|75/100
|-sidestart|p1: l0ganst3r|Spikes
|move|p1a: Crawdaunt|Swords Dance|p1a: Crawdaunt
|-boost|p1a: Crawdaunt|atk|2
|
|-heal|p1a: Crawdaunt|81/100|[from] item: Leftovers
|upkeep
|turn|2
|
|t:|1757829692
|move|p2a: low int specimen|Ceaseless Edge|p1a: Crawdaunt
|-resisted|p1a: Crawdaunt
|-damage|p1a: Crawdaunt|55/100
|-sidestart|p1: l0ganst3r|Spikes
|move|p1a: Crawdaunt|Knock Off|p2a: low int specimen
|-resisted|p2a: low int specimen
|-damage|p2a: low int specimen|9/100
|-enditem|p2a: low int specimen|Focus Sash|[from] move: Knock Off|[of] p1a: Crawdaunt
|
|-heal|p1a: Crawdaunt|61/100|[from] item: Leftovers
|upkeep
|turn|3
|
|t:|1757829700
|move|p2a: low int specimen|Aqua Jet|p1a: Crawdaunt
|-resisted|p1a: Crawdaunt
|-damage|p1a: Crawdaunt|50/100
|move|p1a: Crawdaunt|Aqua Jet|p2a: low int specimen
|-resisted|p2a: low int specimen
|-damage|p2a: low int specimen|0 fnt
|faint|p2a: low int specimen
|
|-heal|p1a: Crawdaunt|56/100|[from] item: Leftovers
|upkeep
|
|t:|1757829704
|switch|p2a: Odd|Raging Bolt|100/100
|-enditem|p2a: Odd|Booster Energy
|-activate|p2a: Odd|ability: Protosynthesis|[fromitem]
|-start|p2a: Odd|protosynthesisspa
|turn|4
|
|t:|1757829712
|move|p2a: Odd|Thunderbolt|p1a: Crawdaunt
|-supereffective|p1a: Crawdaunt
|-damage|p1a: Crawdaunt|0 fnt
|faint|p1a: Crawdaunt
|
|upkeep
|
|t:|1757829719
|switch|p1a: Weezing|Weezing-Galar, M, shiny|100/100
|-ability|p1a: Weezing|Neutralizing Gas
|-item|p1a: Weezing|Air Balloon
|turn|5
|
|t:|1757829730
|-terastallize|p2a: Odd|Flying
|move|p2a: Odd|Calm Mind|p2a: Odd
|-boost|p2a: Odd|spa|1
|-boost|p2a: Odd|spd|1
|move|p1a: Weezing|Defog|p2a: Odd
|-unboost|p2a: Odd|evasion|1
|-sideend|p1: l0ganst3r|Spikes|[from] move: Defog|[of] p1a: Weezing
|
|upkeep
|turn|6
|
|t:|1757829740
|move|p2a: Odd|Thunderbolt|p1a: Weezing
|-damage|p1a: Weezing|0 fnt
|-enditem|p1a: Weezing|Air Balloon
|faint|p1a: Weezing
|-end|p1a: Weezing|ability: Neutralizing Gas
|
|upkeep
|
|t:|1757829748
|switch|p1a: Morpeko|Morpeko, F|100/100
|turn|7
|
|t:|1757829752
|move|p1a: Morpeko|Fake Out|p2a: Odd
|-damage|p2a: Odd|91/100
|cant|p2a: Odd|flinch
|
|-formechange|p1a: Morpeko|Morpeko-Hangry||[from] ability: Hunger Switch
|upkeep
|turn|8
|
|t:|1757829763
|-terastallize|p1a: Morpeko|Electric
|move|p1a: Morpeko|Aura Wheel|p2a: Odd
|-damage|p2a: Odd|51/100
|-boost|p1a: Morpeko|spe|1
|move|p2a: Odd|Dragon Pulse|p1a: Morpeko
|-damage|p1a: Morpeko|0 fnt
|faint|p1a: Morpeko
|detailschange|p1: Morpeko|Morpeko, F|[silent]
|
|upkeep
|
|t:|1757829775
|switch|p1a: Hariyama|Hariyama, M, shiny|100/100
|turn|9
|
|t:|1757829780
|move|p2a: Odd|Thunderbolt|p1a: Hariyama
|-damage|p1a: Hariyama|0 fnt
|faint|p1a: Hariyama
|
|upkeep
|-message|l0ganst3r forfeited.
|
|win|AcheronRecusant8
|raw|l0ganst3r's rating: 1114 &rarr; <strong>1092</strong><br />(-22 for losing)
|raw|AcheronRecusant8's rating: 1151 &rarr; <strong>1173</strong><br />(+22 for winning)
|l|☆l0ganst3r
|player|p1|
|l|☆AcheronRecusant8
|player|p2|
