|badge|p2|bronze|gen9ru|100-6
|uhtml|medal-msg|<div class="broadcast-blue">Curious what those medals under the avatar are? PS now has Ladder Seasons! For more information, check out the <a href="https://www.smogon.com/forums/threads/3740067/">thread on Smogon.</a></div>
|j|☆Redemfion
|j|‽malk tyme
|t:|1757949724
|gametype|singles
|player|p1|Redemfion|169|1400
|player|p2|malk tyme|265|1460
|gen|9
|tier|[Gen 9] OU
|rated|
|rule|HP Percentage Mod: HP is shown in percentages
|rule|Endless Battle Clause: Forcing endless battles is banned
|rule|Species Clause: Limit one of each Pokémon
|rule|OHKO Clause: OHKO moves are banned
|rule|Evasion Items Clause: Evasion items are banned
|rule|Evasion Moves Clause: Evasion moves are banned
|rule|Evasion Abilities Clause: Evasion abilities are banned
|rule|Sleep Moves Clause: Sleep-inducing moves are banned
|clearpoke
|poke|p1|Deoxys-Speed|
|poke|p1|Araquanid, M|
|poke|p1|Great Tusk|
|poke|p1|Gholdengo|
|poke|p1|Enamorus, F|
|poke|p1|Iron Moth|
|poke|p2|Golem, F|
|poke|p2|Clawitzer, M|
|poke|p2|Cinderace, M|
|poke|p2|Zapdos|
|poke|p2|Clefable, M|
|poke|p2|Tinkaton, F|
|teampreview
|inactive|Battle timer is ON: inactive players will automatically lose when time's up. (requested by Redemfion)
|inactive|malk tyme has 120 seconds left.
|inactive|malk tyme has 90 seconds left.
|
|t:|1757949832
|teamsize|p1|6
|teamsize|p2|6
|start
|switch|p1a: Chemin d'or|Araquanid, M|100/100
|switch|p2a: Tinkaton|Tinkaton, F|100/100
|-ability|p2a: Tinkaton|Mold Breaker
|turn|1
|
|t:|1757949839
|move|p2a: Tinkaton|Swords Dance|p2a: Tinkaton
|-boost|p2a: Tinkaton|atk|2
|move|p1a: Chemin d'or|Surf|p2a: Tinkaton
|-damage|p2a: Tinkaton|48/100
|
|upkeep
|turn|2
|inactive|malk tyme has 120 seconds left.
|inactive|malk tyme has 90 seconds left.
|
|t:|1757949915
|move|p2a: Tinkaton|Play Rough|p1a: Chemin d'or
|-damage|p1a: Chemin d'or|34/100
|-enditem|p1a: Chemin d'or|Red Card|[of] p2a: Tinkaton
|drag|p2a: Golem|Golem, F|100/100
|move|p1a: Chemin d'or|Surf|p2a: Golem
|-supereffective|p2a: Golem
|-ability|p2a: Golem|Sturdy
|-damage|p2a: Golem|1/100
|
|upkeep
|turn|3
|
|t:|1757949926
|move|p2a: Golem|Earthquake|p1a: Chemin d'or
|-resisted|p1a: Chemin d'or
|-damage|p1a: Chemin d'or|0 fnt
|faint|p1a: Chemin d'or
|
|upkeep
|
|t:|1757949933
|switch|p1a: Ciao|Iron Moth|100/100
|-enditem|p1a: Ciao|Booster Energy
|-activate|p1a: Ciao|ability: Quark Drive|[fromitem]
|-start|p1a: Ciao|quarkdrivespa
|turn|4
|inactive|malk tyme has 90 seconds left.
|
|t:|1757949939
|move|p1a: Ciao|Fiery Dance|p2a: Golem
|-resisted|p2a: Golem
|-damage|p2a: Golem|0 fnt
|-boost|p1a: Ciao|spa|1
|faint|p2a: Golem
|
|upkeep
|
|t:|1757949942
|switch|p2a: Clawitzer|Clawitzer, M|100/100
|turn|5
|
|t:|1757949951
|move|p1a: Ciao|Energy Ball|p2a: Clawitzer
|-supereffective|p2a: Clawitzer
|-damage|p2a: Clawitzer|5/100
|move|p2a: Clawitzer|Hydro Pump|p1a: Ciao
|-supereffective|p1a: Ciao
|-damage|p1a: Ciao|0 fnt
|faint|p1a: Ciao
|-end|p1a: Ciao|Quark Drive|[silent]
|
|upkeep
|
|t:|1757949964
|switch|p1a: Rude Boy|Great Tusk|100/100
|-enditem|p1a: Rude Boy|Booster Energy
|-activate|p1a: Rude Boy|ability: Protosynthesis|[fromitem]
|-start|p1a: Rude Boy|protosynthesisatk
|turn|6
|inactive|malk tyme has 90 seconds left.
|
|t:|1757950012
|switch|p2a: Zapdos|Zapdos|100/100
|move|p1a: Rude Boy|Rapid Spin|p2a: Zapdos
|-damage|p2a: Zapdos|85/100
|-boost|p1a: Rude Boy|spe|1
|-status|p1a: Rude Boy|par|[from] ability: Static|[of] p2a: Zapdos
|
|upkeep
|turn|7
|
|t:|1757950025
|move|p2a: Zapdos|Hurricane|p1a: Rude Boy
|-supereffective|p1a: Rude Boy
|-damage|p1a: Rude Boy|0 fnt
|faint|p1a: Rude Boy
|-end|p1a: Rude Boy|Protosynthesis|[silent]
|
|upkeep
|
|t:|1757950030
|switch|p1a: Millionaire|Gholdengo|100/100
|-item|p1a: Millionaire|Air Balloon
|turn|8
|
|t:|1757950036
|move|p1a: Millionaire|Shadow Ball|p2a: Zapdos
|-damage|p2a: Zapdos|42/100
|-unboost|p2a: Zapdos|spd|1
|move|p2a: Zapdos|Discharge|p1a: Millionaire
|-damage|p1a: Millionaire|64/100
|-enditem|p1a: Millionaire|Air Balloon
|
|upkeep
|turn|9
|
|t:|1757950046
|move|p1a: Millionaire|Shadow Ball|p2a: Zapdos
|-damage|p2a: Zapdos|0 fnt
|faint|p2a: Zapdos
|
|upkeep
|
|t:|1757950048
|switch|p2a: Cinderace|Cinderace, M|100/100
|turn|10
|
|t:|1757950060
|move|p2a: Cinderace|Pyro Ball|p1a: Millionaire|[miss]
|-miss|p2a: Cinderace|p1a: Millionaire
|move|p1a: Millionaire|Shadow Ball|p2a: Cinderace
|-damage|p2a: Cinderace|40/100
|
|upkeep
|turn|11
|inactive|malk tyme has 120 seconds left.
|
|t:|1757950068
|move|p2a: Cinderace|Pyro Ball|p1a: Millionaire
|-supereffective|p1a: Millionaire
|-damage|p1a: Millionaire|0 fnt
|faint|p1a: Millionaire
|
|upkeep
|
|t:|1757950072
|switch|p1a: Laboratoire|Deoxys-Speed|100/100
|-ability|p1a: Laboratoire|Pressure
|turn|12
|
|t:|1757950082
|switch|p2a: Clawitzer|Clawitzer, M|5/100
|move|p1a: Laboratoire|Focus Blast|p2a: Clawitzer
|-damage|p2a: Clawitzer|0 fnt
|faint|p2a: Clawitzer
|-damage|p1a: Laboratoire|91/100|[from] item: Life Orb
|
|upkeep
|
|t:|1757950093
|switch|p2a: Tinkaton|Tinkaton, F|48/100
|-ability|p2a: Tinkaton|Mold Breaker
|turn|13
|
|t:|1757950101
|move|p1a: Laboratoire|Focus Blast|p2a: Tinkaton
|-damage|p2a: Tinkaton|1/100
|-damage|p1a: Laboratoire|81/100|[from] item: Life Orb
|move|p2a: Tinkaton|Play Rough|p1a: Laboratoire
|-damage|p1a: Laboratoire|39/100
|
|upkeep
|turn|14
|
|t:|1757950107
|move|p1a: Laboratoire|Dark Pulse|p2a: Tinkaton
|-resisted|p2a: Tinkaton
|-crit|p2a: Tinkaton
|-damage|p2a: Tinkaton|0 fnt
|faint|p2a: Tinkaton
|-damage|p1a: Laboratoire|29/100|[from] item: Life Orb
|
|upkeep
|
|t:|1757950115
|switch|p2a: Clefable|Clefable, M|100/100
|turn|15
|
|t:|1757950133
|move|p1a: Laboratoire|Psycho Boost|p2a: Clefable
|-damage|p2a: Clefable|36/100
|-unboost|p1a: Laboratoire|spa|2
|-damage|p1a: Laboratoire|19/100|[from] item: Life Orb
|move|p2a: Clefable|Moonblast|p1a: Laboratoire
|-damage|p1a: Laboratoire|0 fnt
|faint|p1a: Laboratoire
|
|-heal|p2a: Clefable|42/100|[from] item: Leftovers
|upkeep
|
|t:|1757950141
|switch|p1a: Escorte|Enamorus, F|100/100
|turn|16
|
|t:|1757950152
|-terastallize|p1a: Escorte|Fairy
|move|p1a: Escorte|Moonblast|p2a: Clefable
|-damage|p2a: Clefable|0 fnt
|faint|p2a: Clefable
|-damage|p1a: Escorte|91/100|[from] item: Life Orb
|
|upkeep
|
|t:|1757950170
|switch|p2a: Cinderace|Cinderace, M|40/100
|turn|17
|
|t:|1757950173
|move|p2a: Cinderace|Gunk Shot|p1a: Escorte
|-start|p2a: Cinderace|typechange|Poison|[from] ability: Libero
|-supereffective|p1a: Escorte
|-damage|p1a: Escorte|0 fnt
|faint|p1a: Escorte
|
|win|malk tyme
|raw|Redemfion's rating: 1400 &rarr; <strong>1383</strong><br />(-17 for losing)
|raw|malk tyme's rating: 1460 &rarr; <strong>1477</strong><br />(+17 for winning)
|l|☆Redemfion
|player|p1|
|l|‽malk tyme
|player|p2|
