|j|☆never_win_true
|j|☆poketrep
|t:|1757917105
|gametype|singles
|player|p1|never_win_true|unknown|1446
|player|p2|poketrep|swimmerf|1406
|gen|9
|tier|[Gen 9] OU
|rated|
|rule|HP Percentage Mod: HP is shown in percentages
|rule|Endless Battle Clause: Forcing endless battles is banned
|rule|Species Clause: Limit one of each Pokémon
|rule|OHKO Clause: OHKO moves are banned
|rule|Evasion Items Clause: Evasion items are banned
|rule|Evasion Moves Clause: Evasion moves are banned
|rule|Evasion Abilities Clause: Evasion abilities are banned
|rule|Sleep Moves Clause: Sleep-inducing moves are banned
|clearpoke
|poke|p1|Kingambit, M|
|poke|p1|Hatterene, F|
|poke|p1|Rillaboom, M|
|poke|p1|Raging Bolt|
|poke|p1|Cinderace, F|
|poke|p1|Enamorus, F|
|poke|p2|Rabsca, F|
|poke|p2|Slowking-Galar, M|
|poke|p2|Ursaluna, M|
|poke|p2|Azumarill, M|
|poke|p2|Mimikyu, F|
|poke|p2|Kingambit, M|
|teampreview
|
|t:|1757917110
|teamsize|p1|6
|teamsize|p2|6
|start
|switch|p1a: Cinderace|Cinderace, F|100/100
|switch|p2a: Chad|Azumarill, M|100/100
|turn|1
|
|t:|1757917115
|switch|p2a: Burr|Slowking-Galar, M|100/100
|move|p1a: Cinderace|Will-O-Wisp|p2a: Burr
|-status|p2a: Burr|brn
|
|-damage|p2a: Burr|94/100 brn|[from] brn
|upkeep
|turn|2
|
|t:|1757917123
|move|p1a: Cinderace|U-turn|p2a: Burr
|-start|p1a: Cinderace|typechange|Bug|[from] ability: Libero
|-damage|p2a: Burr|62/100 brn
|
|t:|1757917130
|switch|p1a: Rillaboom|Rillaboom, M|100/100|[from] U-turn
|-fieldstart|move: Grassy Terrain|[from] ability: Grassy Surge|[of] p1a: Rillaboom
|move|p2a: Burr|Trick Room|p2a: Burr
|-fieldstart|move: Trick Room|[of] p2a: Burr
|
|-heal|p2a: Burr|68/100 brn|[from] Grassy Terrain
|-damage|p2a: Burr|62/100 brn|[from] brn
|upkeep
|turn|3
|
|t:|1757917139
|move|p2a: Burr|Sludge Wave|p1a: Rillaboom
|-supereffective|p1a: Rillaboom
|-damage|p1a: Rillaboom|0 fnt
|faint|p1a: Rillaboom
|-damage|p2a: Burr|52/100 brn|[from] item: Life Orb
|
|-heal|p2a: Burr|58/100 brn|[from] Grassy Terrain
|-damage|p2a: Burr|52/100 brn|[from] brn
|upkeep
|
|t:|1757917149
|switch|p1a: Hatterene|Hatterene, F|100/100
|-enditem|p1a: Hatterene|Grassy Seed
|-boost|p1a: Hatterene|def|1|[from] item: Grassy Seed
|turn|4
|
|t:|1757917159
|-terastallize|p1a: Hatterene|Poison
|move|p2a: Burr|Sludge Wave|p1a: Hatterene
|-resisted|p1a: Hatterene
|-damage|p1a: Hatterene|69/100
|-damage|p2a: Burr|42/100 brn|[from] item: Life Orb
|move|p1a: Hatterene|Calm Mind|p1a: Hatterene
|-boost|p1a: Hatterene|spa|1
|-boost|p1a: Hatterene|spd|1
|
|-heal|p2a: Burr|48/100 brn|[from] Grassy Terrain
|-heal|p1a: Hatterene|75/100|[from] Grassy Terrain
|-damage|p2a: Burr|42/100 brn|[from] brn
|upkeep
|turn|5
|
|t:|1757917170
|switch|p2a: Village Crusher|Ursaluna, M|100/100
|move|p1a: Hatterene|Calm Mind|p1a: Hatterene
|-boost|p1a: Hatterene|spa|1
|-boost|p1a: Hatterene|spd|1
|
|-heal|p1a: Hatterene|81/100|[from] Grassy Terrain
|-status|p2a: Village Crusher|brn|[from] item: Flame Orb
|upkeep
|turn|6
|
|t:|1757917178
|move|p1a: Hatterene|Stored Power|p2a: Village Crusher
|-damage|p2a: Village Crusher|13/100 brn
|move|p2a: Village Crusher|Headlong Rush|p1a: Hatterene
|-supereffective|p1a: Hatterene
|-damage|p1a: Hatterene|0 fnt
|-unboost|p2a: Village Crusher|def|1
|-unboost|p2a: Village Crusher|spd|1
|faint|p1a: Hatterene
|
|-heal|p2a: Village Crusher|19/100 brn|[from] Grassy Terrain
|-damage|p2a: Village Crusher|13/100 brn|[from] brn
|-fieldend|move: Trick Room
|-fieldend|move: Grassy Terrain
|upkeep
|
|t:|1757917190
|switch|p1a: Cinderace|Cinderace, F|100/100
|turn|7
|
|t:|1757917212
|switch|p2a: Chad|Azumarill, M|100/100
|move|p1a: Cinderace|Pyro Ball|p2a: Chad
|-resisted|p2a: Chad
|-damage|p2a: Chad|71/100
|
|upkeep
|turn|8
|
|t:|1757917230
|move|p2a: Chad|Aqua Jet|p1a: Cinderace
|-supereffective|p1a: Cinderace
|-damage|p1a: Cinderace|30/100
|move|p1a: Cinderace|Will-O-Wisp|p2a: Chad
|-status|p2a: Chad|brn
|
|-damage|p2a: Chad|65/100 brn|[from] brn
|upkeep
|turn|9
|
|t:|1757917238
|move|p1a: Cinderace|U-turn|p2a: Chad
|-start|p1a: Cinderace|typechange|Bug|[from] ability: Libero
|-resisted|p2a: Chad
|-damage|p2a: Chad|47/100 brn
|
|t:|1757917242
|switch|p1a: Raging Bolt|Raging Bolt|100/100|[from] U-turn
|-enditem|p1a: Raging Bolt|Booster Energy
|-activate|p1a: Raging Bolt|ability: Protosynthesis|[fromitem]
|-start|p1a: Raging Bolt|protosynthesisspa
|move|p2a: Chad|Knock Off|p1a: Raging Bolt
|-damage|p1a: Raging Bolt|90/100
|
|-damage|p2a: Chad|41/100 brn|[from] brn
|upkeep
|turn|10
|
|t:|1757917252
|move|p1a: Raging Bolt|Calm Mind|p1a: Raging Bolt
|-boost|p1a: Raging Bolt|spa|1
|-boost|p1a: Raging Bolt|spd|1
|move|p2a: Chad|Play Rough|p1a: Raging Bolt
|-supereffective|p1a: Raging Bolt
|-damage|p1a: Raging Bolt|43/100
|
|-damage|p2a: Chad|35/100 brn|[from] brn
|upkeep
|turn|11
|
|t:|1757917260
|-terastallize|p2a: Chad|Grass
|move|p1a: Raging Bolt|Thunderbolt|p2a: Chad
|-resisted|p2a: Chad
|-damage|p2a: Chad|0 fnt
|faint|p2a: Chad
|
|upkeep
|
|t:|1757917267
|switch|p2a: Decoy|Mimikyu, F|100/100
|turn|12
|
|t:|1757917270
|move|p1a: Raging Bolt|Thunderbolt|p2a: Decoy
|-activate|p2a: Decoy|ability: Disguise
|-damage|p2a: Decoy|100/100
|detailschange|p2a: Decoy|Mimikyu-Busted, F
|-damage|p2a: Decoy|88/100|[from] pokemon: Mimikyu-Busted
|move|p2a: Decoy|Trick Room|p2a: Decoy
|-fieldstart|move: Trick Room|[of] p2a: Decoy
|
|upkeep
|turn|13
|
|t:|1757917278
|move|p1a: Raging Bolt|Thunderclap||[still]
|-fail|p1a: Raging Bolt
|move|p2a: Decoy|Destiny Bond|p2a: Decoy
|-singlemove|p2a: Decoy|Destiny Bond
|
|upkeep
|turn|14
|
|t:|1757917288
|switch|p2a: Village Crusher|Ursaluna, M|13/100 brn
|move|p1a: Raging Bolt|Thunderclap||[still]
|-fail|p1a: Raging Bolt
|
|-damage|p2a: Village Crusher|7/100 brn|[from] brn
|upkeep
|turn|15
|
|t:|1757917300
|move|p2a: Village Crusher|Facade|p1a: Raging Bolt
|-damage|p1a: Raging Bolt|0 fnt
|faint|p1a: Raging Bolt
|-end|p1a: Raging Bolt|Protosynthesis|[silent]
|
|-damage|p2a: Village Crusher|1/100 brn|[from] brn
|upkeep
|
|t:|1757917306
|switch|p1a: Kingambit|Kingambit, M|100/100
|-activate|p1a: Kingambit|ability: Supreme Overlord
|-start|p1a: Kingambit|fallen3|[silent]
|turn|16
|
|t:|1757917312
|switch|p2a: Decoy|Mimikyu-Busted, F|88/100
|move|p1a: Kingambit|Sucker Punch||[still]
|-fail|p1a: Kingambit
|
|-fieldend|move: Trick Room
|upkeep
|turn|17
|
|t:|1757917318
|-end|p1a: Kingambit|fallen3|[silent]
|switch|p1a: Cinderace|Cinderace, F|30/100
|move|p2a: Decoy|Destiny Bond|p2a: Decoy
|-singlemove|p2a: Decoy|Destiny Bond
|
|upkeep
|turn|18
|
|t:|1757917324
|move|p1a: Cinderace|Will-O-Wisp|p2a: Decoy
|-status|p2a: Decoy|brn
|move|p2a: Decoy|Trick Room|p2a: Decoy
|-fieldstart|move: Trick Room|[of] p2a: Decoy
|
|-damage|p2a: Decoy|82/100 brn|[from] brn
|upkeep
|turn|19
|
|t:|1757917333
|switch|p2a: Village Crusher|Ursaluna, M|1/100 brn
|move|p1a: Cinderace|Pyro Ball|p2a: Village Crusher
|-damage|p2a: Village Crusher|0 fnt
|faint|p2a: Village Crusher
|
|upkeep
|
|t:|1757917336
|switch|p2a: Shogun|Kingambit, M|100/100
|-activate|p2a: Shogun|ability: Supreme Overlord
|-start|p2a: Shogun|fallen2|[silent]
|turn|20
|
|t:|1757917342
|move|p2a: Shogun|Iron Head|p1a: Cinderace
|-resisted|p1a: Cinderace
|-damage|p1a: Cinderace|0 fnt
|faint|p1a: Cinderace
|
|upkeep
|
|t:|1757917347
|switch|p1a: Kingambit|Kingambit, M|100/100
|-activate|p1a: Kingambit|ability: Supreme Overlord
|-start|p1a: Kingambit|fallen4|[silent]
|turn|21
|
|t:|1757917351
|move|p2a: Shogun|Low Kick|p1a: Kingambit
|-supereffective|p1a: Kingambit
|-damage|p1a: Kingambit|0 fnt
|faint|p1a: Kingambit
|-end|p1a: Kingambit|fallen4|[silent]
|
|upkeep
|
|t:|1757917356
|switch|p1a: Enamorus|Enamorus, F|100/100
|turn|22
|
|t:|1757917359
|move|p2a: Shogun|Iron Head|p1a: Enamorus
|-supereffective|p1a: Enamorus
|-damage|p1a: Enamorus|0 fnt
|faint|p1a: Enamorus
|
|win|poketrep
|raw|never_win_true's rating: 1446 &rarr; <strong>1424</strong><br />(-22 for losing)
|raw|poketrep's rating: 1406 &rarr; <strong>1428</strong><br />(+22 for winning)
|l|☆never_win_true
|player|p1|
|l|☆poketrep
|player|p2|
