|j|☆summerise
|j|☆kekkoba
|t:|1757813189
|gametype|singles
|player|p1|summerise|bugcatcher-gen4dp|1265
|player|p2|kekkoba|iris-gen5bw2|1217
|gen|9
|tier|[Gen 9] OU
|rated|
|rule|HP Percentage Mod: HP is shown in percentages
|rule|Endless Battle Clause: Forcing endless battles is banned
|rule|Species Clause: Limit one of each Pokémon
|rule|OHKO Clause: OHKO moves are banned
|rule|Evasion Items Clause: Evasion items are banned
|rule|Evasion Moves Clause: Evasion moves are banned
|rule|Evasion Abilities Clause: Evasion abilities are banned
|rule|Sleep Moves Clause: Sleep-inducing moves are banned
|clearpoke
|poke|p1|Dragapult, M|
|poke|p1|Moltres|
|poke|p1|Ogerpon-Cornerstone, F|
|poke|p1|Zamazenta-*|
|poke|p1|Darkrai|
|poke|p1|Hatterene, F|
|poke|p2|Weavile, M|
|poke|p2|Garchomp, M|
|poke|p2|Gliscor, F|
|poke|p2|Kingambit, F|
|poke|p2|Primarina, F|
|poke|p2|Iron Moth|
|teampreview
|inactive|Battle timer is ON: inactive players will automatically lose when time's up. (requested by summerise)
|
|t:|1757813199
|teamsize|p1|6
|teamsize|p2|6
|start
|switch|p1a: Dragapult|Dragapult, M|100/100
|switch|p2a: Nitrogen|Iron Moth|100/100
|-enditem|p2a: Nitrogen|Booster Energy
|-activate|p2a: Nitrogen|ability: Quark Drive|[fromitem]
|-start|p2a: Nitrogen|quarkdrivespe
|turn|1
|
|t:|1757813211
|move|p2a: Nitrogen|Dazzling Gleam|p1a: Dragapult
|-supereffective|p1a: Dragapult
|-damage|p1a: Dragapult|33/100
|move|p1a: Dragapult|Dragon Darts|p2a: Nitrogen
|-damage|p2a: Nitrogen|50/100
|-anim|p1a: Dragapult|Dragon Darts|p2a: Nitrogen
|-damage|p2a: Nitrogen|0 fnt
|faint|p2a: Nitrogen
|-end|p2a: Nitrogen|Quark Drive|[silent]
|-damage|p1a: Dragapult|23/100|[from] item: Life Orb
|
|upkeep
|
|t:|1757813220
|switch|p2a: Armada|Weavile, M, shiny|100/100
|turn|2
|
|t:|1757813226
|move|p2a: Armada|Ice Shard|p1a: Dragapult
|-supereffective|p1a: Dragapult
|-damage|p1a: Dragapult|0 fnt
|faint|p1a: Dragapult
|
|upkeep
|
|t:|1757813231
|switch|p1a: Moltres|Moltres|100/100
|turn|3
|
|t:|1757813235
|move|p2a: Armada|Knock Off|p1a: Moltres
|-damage|p1a: Moltres|53/100
|-enditem|p1a: Moltres|Heavy-Duty Boots|[from] move: Knock Off|[of] p2a: Armada
|move|p1a: Moltres|Overheat|p2a: Armada
|-supereffective|p2a: Armada
|-enditem|p2a: Armada|Focus Sash
|-damage|p2a: Armada|1/100
|-unboost|p1a: Moltres|spa|2
|
|upkeep
|turn|4
|
|t:|1757813244
|move|p2a: Armada|Triple Axel|p1a: Moltres
|-damage|p1a: Moltres|43/100
|-damage|p1a: Moltres|24/100
|-damage|p1a: Moltres|0 fnt
|faint|p1a: Moltres
|-hitcount|p1: Moltres|3
|
|upkeep
|
|t:|1757813258
|switch|p1a: Zamazenta|Zamazenta|100/100
|-ability|p1a: Zamazenta|Dauntless Shield|boost
|-boost|p1a: Zamazenta|def|1
|turn|5
|
|t:|1757813263
|move|p1a: Zamazenta|Iron Defense|p1a: Zamazenta
|-boost|p1a: Zamazenta|def|2
|move|p2a: Armada|Knock Off|p1a: Zamazenta
|-resisted|p1a: Zamazenta
|-damage|p1a: Zamazenta|92/100
|-enditem|p1a: Zamazenta|Leftovers|[from] move: Knock Off|[of] p2a: Armada
|
|upkeep
|turn|6
|
|t:|1757813272
|move|p1a: Zamazenta|Iron Defense|p1a: Zamazenta
|-boost|p1a: Zamazenta|def|2
|move|p2a: Armada|Low Kick|p1a: Zamazenta
|-damage|p1a: Zamazenta|83/100
|
|upkeep
|turn|7
|
|t:|1757813286
|move|p1a: Zamazenta|Body Press|p2a: Armada
|-supereffective|p2a: Armada
|-damage|p2a: Armada|0 fnt
|faint|p2a: Armada
|
|upkeep
|
|t:|1757813296
|switch|p2a: Marth|Garchomp, M|100/100
|turn|8
|
|t:|1757813302
|move|p1a: Zamazenta|Body Press|p2a: Marth
|-damage|p2a: Marth|37/100
|-damage|p1a: Zamazenta|71/100|[from] ability: Rough Skin|[of] p2a: Marth
|-damage|p1a: Zamazenta|54/100|[from] item: Rocky Helmet|[of] p2a: Marth
|move|p2a: Marth|Dragon Tail|p1a: Zamazenta
|-damage|p1a: Zamazenta|49/100
|drag|p1a: Darkrai|Darkrai|100/100
|
|upkeep
|turn|9
|
|t:|1757813315
|switch|p2a: splosh|Primarina, F, shiny|100/100
|move|p1a: Darkrai|Ice Beam|p2a: splosh
|-resisted|p2a: splosh
|-damage|p2a: splosh|86/100
|-damage|p1a: Darkrai|91/100|[from] item: Life Orb
|
|upkeep
|turn|10
|
|t:|1757813330
|move|p1a: Darkrai|Sludge Bomb|p2a: splosh
|-supereffective|p2a: splosh
|-damage|p2a: splosh|32/100
|-damage|p1a: Darkrai|81/100|[from] item: Life Orb
|move|p2a: splosh|Surf|p1a: Darkrai
|-damage|p1a: Darkrai|0 fnt
|faint|p1a: Darkrai
|
|upkeep
|
|t:|1757813339
|switch|p1a: Ogerpon|Ogerpon-Cornerstone, F|100/100
|turn|11
|
|t:|1757813346
|-terastallize|p2a: splosh|Steel
|move|p1a: Ogerpon|Horn Leech|p2a: splosh
|-resisted|p2a: splosh
|-damage|p2a: splosh|5/100
|move|p2a: splosh|Surf|p1a: Ogerpon
|-damage|p1a: Ogerpon|13/100
|
|upkeep
|turn|12
|
|t:|1757813354
|move|p1a: Ogerpon|Ivy Cudgel|p2a: splosh|[anim] Ivy Cudgel Rock
|-resisted|p2a: splosh
|-damage|p2a: splosh|0 fnt
|faint|p2a: splosh
|
|upkeep
|
|t:|1757813362
|switch|p2a: Marth|Garchomp, M|37/100
|turn|13
|
|t:|1757813371
|move|p1a: Ogerpon|Play Rough|p2a: Marth
|-supereffective|p2a: Marth
|-damage|p2a: Marth|0 fnt
|-damage|p1a: Ogerpon|1/100|[from] ability: Rough Skin|[of] p2a: Marth
|-damage|p1a: Ogerpon|0 fnt|[from] item: Rocky Helmet|[of] p2a: Marth
|faint|p2a: Marth
|faint|p1a: Ogerpon
|
|upkeep
|
|t:|1757813383
|switch|p1a: Zamazenta|Zamazenta|49/100
|switch|p2a: Homme en colère|Kingambit, F, shiny|100/100
|turn|14
|
|t:|1757813387
|move|p1a: Zamazenta|Body Press|p2a: Homme en colère
|-supereffective|p2a: Homme en colère
|-damage|p2a: Homme en colère|0 fnt
|faint|p2a: Homme en colère
|
|upkeep
|
|t:|1757813391
|switch|p2a: Cancer|Gliscor, F, shiny|100/100
|turn|15
|
|t:|1757813398
|move|p1a: Zamazenta|Iron Defense|p1a: Zamazenta
|-boost|p1a: Zamazenta|def|2
|move|p2a: Cancer|Swords Dance|p2a: Cancer
|-boost|p2a: Cancer|atk|2
|
|-status|p2a: Cancer|tox|[from] item: Toxic Orb
|upkeep
|turn|16
|
|t:|1757813404
|move|p1a: Zamazenta|Iron Defense|p1a: Zamazenta
|-boost|p1a: Zamazenta|def|2
|move|p2a: Cancer|Facade|p1a: Zamazenta
|-damage|p1a: Zamazenta|33/100
|
|upkeep
|turn|17
|
|t:|1757813411
|move|p1a: Zamazenta|Iron Defense|p1a: Zamazenta
|-boost|p1a: Zamazenta|def|2
|move|p2a: Cancer|Swords Dance|p2a: Cancer
|-boost|p2a: Cancer|atk|2
|
|upkeep
|turn|18
|
|t:|1757813416
|move|p2a: Cancer|Protect|p2a: Cancer
|-singleturn|p2a: Cancer|Protect
|move|p1a: Zamazenta|Body Press|p2a: Cancer
|-activate|p2a: Cancer|move: Protect
|
|upkeep
|turn|19
|
|t:|1757813421
|move|p1a: Zamazenta|Body Press|p2a: Cancer
|-resisted|p2a: Cancer
|-crit|p2a: Cancer
|-damage|p2a: Cancer|24/100 tox
|move|p2a: Cancer|Swords Dance|p2a: Cancer
|-boost|p2a: Cancer|atk|2
|
|-heal|p2a: Cancer|36/100 tox|[from] ability: Poison Heal
|upkeep
|turn|20
|
|t:|1757813429
|move|p2a: Cancer|Protect|p2a: Cancer
|-singleturn|p2a: Cancer|Protect
|move|p1a: Zamazenta|Body Press|p2a: Cancer
|-activate|p2a: Cancer|move: Protect
|
|-heal|p2a: Cancer|49/100 tox|[from] ability: Poison Heal
|upkeep
|turn|21
|
|t:|1757813436
|move|p1a: Zamazenta|Body Press|p2a: Cancer
|-resisted|p2a: Cancer
|-damage|p2a: Cancer|0 fnt
|faint|p2a: Cancer
|
|win|summerise
|raw|summerise's rating: 1265 &rarr; <strong>1287</strong><br />(+22 for winning)
|raw|kekkoba's rating: 1217 &rarr; <strong>1195</strong><br />(-22 for losing)
|l|☆kekkoba
|player|p2|
