|j|☆kekeyu
|j|☆leezee-yy
|t:|1757928187
|gametype|singles
|player|p1|kekeyu|backersf|1411
|player|p2|leezee-yy|steven|1509
|gen|9
|tier|[Gen 9] OU
|rated|
|rule|HP Percentage Mod: HP is shown in percentages
|rule|Endless Battle Clause: Forcing endless battles is banned
|rule|Species Clause: Limit one of each Pokémon
|rule|OHKO Clause: OHKO moves are banned
|rule|Evasion Items Clause: Evasion items are banned
|rule|Evasion Moves Clause: Evasion moves are banned
|rule|Evasion Abilities Clause: Evasion abilities are banned
|rule|Sleep Moves Clause: Sleep-inducing moves are banned
|clearpoke
|poke|p1|Alomomola, F|
|poke|p1|Corviknight, F|
|poke|p1|Ting-Lu|
|poke|p1|Slowking-Galar, F|
|poke|p1|Cinderace, M|
|poke|p1|Clefable, M|
|poke|p2|Samurott-Hisui, M|
|poke|p2|Kommo-o, M|
|poke|p2|Blaziken, M|
|poke|p2|Rotom-Wash|
|poke|p2|Gengar, M|
|poke|p2|Maushold-Four|
|teampreview
|inactive|Battle timer is ON: inactive players will automatically lose when time's up. (requested by leezee-yy)
|
|t:|1757928199
|teamsize|p1|6
|teamsize|p2|6
|start
|switch|p1a: Cinderace|Cinderace, M, shiny|100/100
|switch|p2a: Rotom|Rotom-Wash|100/100
|turn|1
|
|t:|1757928208
|move|p1a: Cinderace|U-turn|p2a: Rotom
|-start|p1a: Cinderace|typechange|Bug|[from] ability: Libero
|-damage|p2a: Rotom|44/100
|-damage|p1a: Cinderace|91/100|[from] item: Life Orb
|
|t:|1757928215
|switch|p1a: Slowking|Slowking-Galar, F|100/100|[from] U-turn
|move|p2a: Rotom|Hydro Pump|p1a: Slowking
|-damage|p1a: Slowking|73/100
|
|upkeep
|turn|2
|
|t:|1757928223
|switch|p2a: Samurott|Samurott-Hisui, M, shiny|100/100
|move|p1a: Slowking|Sludge Bomb|p2a: Samurott
|-damage|p2a: Samurott|45/100
|
|upkeep
|turn|3
|
|t:|1757928228
|switch|p1a: Alomomola|Alomomola, F|100/100
|move|p2a: Samurott|Ceaseless Edge|p1a: Alomomola
|-damage|p1a: Alomomola|69/100
|-damage|p2a: Samurott|28/100|[from] item: Rocky Helmet|[of] p1a: Alomomola
|-sidestart|p1: kekeyu|Spikes
|
|upkeep
|turn|4
|
|t:|1757928241
|switch|p2a: Rotom|Rotom-Wash|44/100
|move|p1a: Alomomola|Flip Turn|p2a: Rotom
|-resisted|p2a: Rotom
|-damage|p2a: Rotom|35/100
|
|t:|1757928249
|switch|p1a: Cinderace|Cinderace, M, shiny|91/100|[from] Flip Turn
|-damage|p1a: Cinderace|78/100|[from] Spikes
|
|upkeep
|turn|5
|
|t:|1757928258
|move|p1a: Cinderace|U-turn|p2a: Rotom
|-start|p1a: Cinderace|typechange|Bug|[from] ability: Libero
|-damage|p2a: Rotom|0 fnt
|faint|p2a: Rotom
|-damage|p1a: Cinderace|68/100|[from] item: Life Orb
|
|t:|1757928269
|switch|p1a: Alomomola|Alomomola, F|100/100|[from] U-turn
|-damage|p1a: Alomomola|88/100|[from] Spikes
|
|upkeep
|
|t:|1757928282
|switch|p2a: Kommo-o|Kommo-o, M|100/100
|turn|6
|
|t:|1757928297
|move|p2a: Kommo-o|Clangorous Soul|p2a: Kommo-o
|-boost|p2a: Kommo-o|atk|1
|-boost|p2a: Kommo-o|def|1
|-boost|p2a: Kommo-o|spa|1
|-boost|p2a: Kommo-o|spd|1
|-boost|p2a: Kommo-o|spe|1
|-damage|p2a: Kommo-o|68/100
|move|p1a: Alomomola|Flip Turn|p2a: Kommo-o
|-resisted|p2a: Kommo-o
|-damage|p2a: Kommo-o|63/100
|
|t:|1757928306
|switch|p1a: Clefable|Clefable, M|100/100|[from] Flip Turn
|-damage|p1a: Clefable|88/100|[from] Spikes
|
|-heal|p2a: Kommo-o|70/100|[from] item: Leftovers
|upkeep
|turn|7
|
|t:|1757928320
|-terastallize|p2a: Kommo-o|Steel
|move|p2a: Kommo-o|Clangorous Soul|p2a: Kommo-o
|-boost|p2a: Kommo-o|atk|1
|-boost|p2a: Kommo-o|def|1
|-boost|p2a: Kommo-o|spa|1
|-boost|p2a: Kommo-o|spd|1
|-boost|p2a: Kommo-o|spe|1
|-damage|p2a: Kommo-o|37/100
|move|p1a: Clefable|Ice Beam|p2a: Kommo-o
|-resisted|p2a: Kommo-o
|-damage|p2a: Kommo-o|25/100
|
|-heal|p2a: Kommo-o|31/100|[from] item: Leftovers
|upkeep
|turn|8
|
|t:|1757928327
|move|p2a: Kommo-o|Iron Head|p1a: Clefable
|-supereffective|p1a: Clefable
|-damage|p1a: Clefable|3/100
|cant|p1a: Clefable|flinch
|
|-heal|p2a: Kommo-o|38/100|[from] item: Leftovers
|upkeep
|turn|9
|
|t:|1757928335
|move|p2a: Kommo-o|Drain Punch|p1a: Clefable
|-resisted|p1a: Clefable
|-damage|p1a: Clefable|0 fnt
|-heal|p2a: Kommo-o|39/100|[from] drain|[of] p1a: Clefable
|faint|p1a: Clefable
|
|-heal|p2a: Kommo-o|45/100|[from] item: Leftovers
|upkeep
|
|t:|1757928344
|switch|p1a: Corviknight|Corviknight, F, shiny|100/100
|-ability|p1a: Corviknight|Pressure
|turn|10
|
|t:|1757928357
|move|p2a: Kommo-o|Drain Punch|p1a: Corviknight
|-damage|p1a: Corviknight|57/100
|-heal|p2a: Kommo-o|70/100|[from] drain|[of] p1a: Corviknight
|move|p1a: Corviknight|Iron Defense|p1a: Corviknight
|-boost|p1a: Corviknight|def|2
|
|-heal|p2a: Kommo-o|76/100|[from] item: Leftovers
|-heal|p1a: Corviknight|63/100|[from] item: Leftovers
|upkeep
|turn|11
|
|t:|1757928364
|move|p2a: Kommo-o|Drain Punch|p1a: Corviknight
|-damage|p1a: Corviknight|41/100
|-heal|p2a: Kommo-o|89/100|[from] drain|[of] p1a: Corviknight
|move|p1a: Corviknight|Iron Defense|p1a: Corviknight
|-boost|p1a: Corviknight|def|2
|
|-heal|p2a: Kommo-o|95/100|[from] item: Leftovers
|-heal|p1a: Corviknight|47/100|[from] item: Leftovers
|upkeep
|turn|12
|
|t:|1757928391
|move|p2a: Kommo-o|Clangorous Soul|p2a: Kommo-o
|-boost|p2a: Kommo-o|atk|1
|-boost|p2a: Kommo-o|def|1
|-boost|p2a: Kommo-o|spa|1
|-boost|p2a: Kommo-o|spd|1
|-boost|p2a: Kommo-o|spe|1
|-damage|p2a: Kommo-o|62/100
|move|p1a: Corviknight|Roost|p1a: Corviknight
|-heal|p1a: Corviknight|97/100
|-singleturn|p1a: Corviknight|move: Roost
|
|-heal|p2a: Kommo-o|68/100|[from] item: Leftovers
|-heal|p1a: Corviknight|100/100|[from] item: Leftovers
|upkeep
|turn|13
|
|t:|1757928397
|move|p2a: Kommo-o|Drain Punch|p1a: Corviknight
|-damage|p1a: Corviknight|82/100
|-heal|p2a: Kommo-o|79/100|[from] drain|[of] p1a: Corviknight
|move|p1a: Corviknight|Body Press|p2a: Kommo-o
|-supereffective|p2a: Kommo-o
|-damage|p2a: Kommo-o|32/100
|
|-heal|p2a: Kommo-o|38/100|[from] item: Leftovers
|-heal|p1a: Corviknight|88/100|[from] item: Leftovers
|upkeep
|turn|14
|
|t:|1757928404
|switch|p2a: Gengar|Gengar, M|100/100
|move|p1a: Corviknight|Body Press|p2a: Gengar
|-immune|p2a: Gengar
|
|-heal|p1a: Corviknight|94/100|[from] item: Leftovers
|upkeep
|turn|15
|
|t:|1757928409
|switch|p1a: Ting-Lu|Ting-Lu|100/100
|-damage|p1a: Ting-Lu|88/100|[from] Spikes
|-ability|p1a: Ting-Lu|Vessel of Ruin
|move|p2a: Gengar|Encore||[still]
|-fail|p2a: Gengar
|
|-heal|p1a: Ting-Lu|94/100|[from] item: Leftovers
|upkeep
|turn|16
|
|t:|1757928411
|move|p2a: Gengar|Focus Blast|p1a: Ting-Lu
|-supereffective|p1a: Ting-Lu
|-damage|p1a: Ting-Lu|60/100
|move|p1a: Ting-Lu|Stealth Rock|p2a: Gengar
|-sidestart|p2: leezee-yy|move: Stealth Rock
|
|-heal|p1a: Ting-Lu|66/100|[from] item: Leftovers
|upkeep
|turn|17
|
|t:|1757928416
|move|p2a: Gengar|Encore|p1a: Ting-Lu
|-start|p1a: Ting-Lu|Encore
|move|p1a: Ting-Lu|Stealth Rock||[still]
|-fail|p1a: Ting-Lu
|
|-heal|p1a: Ting-Lu|72/100|[from] item: Leftovers
|upkeep
|turn|18
|
|t:|1757928419
|switch|p1a: Slowking|Slowking-Galar, F|100/100
|-damage|p1a: Slowking|88/100|[from] Spikes
|move|p2a: Gengar|Shadow Ball|p1a: Slowking
|-supereffective|p1a: Slowking
|-damage|p1a: Slowking|39/100
|
|upkeep
|turn|19
|
|t:|1757928431
|switch|p1a: Ting-Lu|Ting-Lu|72/100
|-damage|p1a: Ting-Lu|60/100|[from] Spikes
|-ability|p1a: Ting-Lu|Vessel of Ruin
|move|p2a: Gengar|Sludge Bomb|p1a: Ting-Lu
|-resisted|p1a: Ting-Lu
|-damage|p1a: Ting-Lu|50/100
|
|-heal|p1a: Ting-Lu|56/100|[from] item: Leftovers
|upkeep
|turn|20
|
|t:|1757928442
|move|p2a: Gengar|Focus Blast|p1a: Ting-Lu
|-supereffective|p1a: Ting-Lu
|-damage|p1a: Ting-Lu|24/100
|move|p1a: Ting-Lu|Earthquake|p2a: Gengar
|-supereffective|p2a: Gengar
|-enditem|p2a: Gengar|Focus Sash
|-damage|p2a: Gengar|1/100
|
|-heal|p1a: Ting-Lu|31/100|[from] item: Leftovers
|upkeep
|turn|21
|
|t:|1757928464
|move|p2a: Gengar|Shadow Ball|p1a: Ting-Lu
|-resisted|p1a: Ting-Lu
|-damage|p1a: Ting-Lu|23/100
|move|p1a: Ting-Lu|Earthquake|p2a: Gengar
|-supereffective|p2a: Gengar
|-damage|p2a: Gengar|0 fnt
|-start|p1a: Ting-Lu|Disable|Earthquake|[from] ability: Cursed Body|[of] p2a: Gengar
|faint|p2a: Gengar
|
|-heal|p1a: Ting-Lu|29/100|[from] item: Leftovers
|upkeep
|
|t:|1757928468
|switch|p2a: Maushold|Maushold-Four|100/100
|-damage|p2a: Maushold|88/100|[from] Stealth Rock
|turn|22
|
|t:|1757928478
|switch|p1a: Alomomola|Alomomola, F|100/100
|-damage|p1a: Alomomola|88/100|[from] Spikes
|move|p2a: Maushold|Tidy Up|p2a: Maushold
|-sideend|p2: leezee-yy|Stealth Rock
|-sideend|p1: kekeyu|Spikes
|-activate|p2a: Maushold|move: Tidy Up
|-boost|p2a: Maushold|atk|1
|-boost|p2a: Maushold|spe|1
|
|upkeep
|turn|23
|
|t:|1757928483
|move|p2a: Maushold|Tidy Up|p2a: Maushold
|-boost|p2a: Maushold|atk|1
|-boost|p2a: Maushold|spe|1
|move|p1a: Alomomola|Flip Turn|p2a: Maushold
|-damage|p2a: Maushold|64/100
|
|t:|1757928486
|switch|p1a: Corviknight|Corviknight, F, shiny|94/100|[from] Flip Turn
|-ability|p1a: Corviknight|Pressure
|
|-heal|p1a: Corviknight|99/100|[from] item: Leftovers
|upkeep
|turn|24
|
|t:|1757928502
|move|p2a: Maushold|Tidy Up|p2a: Maushold
|-boost|p2a: Maushold|atk|1
|-boost|p2a: Maushold|spe|1
|move|p1a: Corviknight|Body Press|p2a: Maushold
|-supereffective|p2a: Maushold
|-damage|p2a: Maushold|0 fnt
|faint|p2a: Maushold
|
|-heal|p1a: Corviknight|100/100|[from] item: Leftovers
|upkeep
|
|t:|1757928506
|switch|p2a: Blaziken|Blaziken, M|100/100
|turn|25
|
|t:|1757928522
|-terastallize|p1a: Corviknight|Fighting
|move|p2a: Blaziken|Swords Dance|p2a: Blaziken
|-boost|p2a: Blaziken|atk|2
|move|p1a: Corviknight|Iron Defense|p1a: Corviknight
|-boost|p1a: Corviknight|def|2
|
|-ability|p2a: Blaziken|Speed Boost|boost
|-boost|p2a: Blaziken|spe|1
|upkeep
|turn|26
|
|t:|1757928527
|move|p2a: Blaziken|Swords Dance|p2a: Blaziken
|-boost|p2a: Blaziken|atk|2
|move|p1a: Corviknight|Iron Defense|p1a: Corviknight
|-boost|p1a: Corviknight|def|2
|
|-ability|p2a: Blaziken|Speed Boost|boost
|-boost|p2a: Blaziken|spe|1
|upkeep
|turn|27
|
|t:|1757928532
|move|p2a: Blaziken|Flare Blitz|p1a: Corviknight
|-damage|p1a: Corviknight|64/100
|-damage|p2a: Blaziken|86/100|[from] Recoil
|move|p1a: Corviknight|Body Press|p2a: Blaziken
|-damage|p2a: Blaziken|0 fnt
|faint|p2a: Blaziken
|
|-heal|p1a: Corviknight|70/100|[from] item: Leftovers
|upkeep
|-message|leezee-yy forfeited.
|
|win|kekeyu
|raw|kekeyu's rating: 1411 &rarr; <strong>1436</strong><br />(+25 for winning)
|raw|leezee-yy's rating: 1509 &rarr; <strong>1484</strong><br />(-25 for losing)
|l|☆leezee-yy
|player|p2|
|l|☆kekeyu
|player|p1|
