|j|☆she's not noob
|j|☆randomteamslolllll
|t:|1757860763
|gametype|singles
|player|p1|she's not noob|sada-ai|1184
|player|p2|randomteamslolllll|ethan|1183
|gen|9
|tier|[Gen 9] OU
|rated|
|rule|HP Percentage Mod: HP is shown in percentages
|rule|Endless Battle Clause: Forcing endless battles is banned
|rule|Species Clause: Limit one of each Pokémon
|rule|OHKO Clause: OHKO moves are banned
|rule|Evasion Items Clause: Evasion items are banned
|rule|Evasion Moves Clause: Evasion moves are banned
|rule|Evasion Abilities Clause: Evasion abilities are banned
|rule|Sleep Moves Clause: Sleep-inducing moves are banned
|clearpoke
|poke|p1|Glimmora, M|
|poke|p1|Darkrai|
|poke|p1|Iron Valiant|
|poke|p1|Gholdengo|
|poke|p1|Dragonite, F|
|poke|p1|Kingambit, F|
|poke|p2|Malamar, F|
|poke|p2|Ribombee, M|
|poke|p2|Cinderace, F|
|poke|p2|Kingambit, M|
|poke|p2|Serperior, F|
|poke|p2|Gholdengo|
|teampreview
|inactive|Battle timer is ON: inactive players will automatically lose when time's up. (requested by randomteamslolllll)
|
|t:|1757860773
|teamsize|p1|6
|teamsize|p2|6
|start
|switch|p1a: Glimmora|Glimmora, M|100/100
|switch|p2a: Ribombee|Ribombee, M|100/100
|turn|1
|
|t:|1757860776
|move|p2a: Ribombee|Skill Swap|p1a: Glimmora
|-activate|p2a: Ribombee|move: Skill Swap|Toxic Debris|Honey Gather|[of] p1a: Glimmora
|move|p1a: Glimmora|Power Gem|p2a: Ribombee
|-supereffective|p2a: Ribombee
|-crit|p2a: Ribombee
|-enditem|p2a: Ribombee|Focus Sash
|-damage|p2a: Ribombee|1/100
|
|upkeep
|turn|2
|
|t:|1757860783
|switch|p2a: Gholdengo|Gholdengo|100/100
|-item|p2a: Gholdengo|Air Balloon
|move|p1a: Glimmora|Mortal Spin|p2a: Gholdengo
|-immune|p2a: Gholdengo
|
|upkeep
|turn|3
|
|t:|1757860789
|move|p1a: Glimmora|Stealth Rock|p2a: Gholdengo
|-sidestart|p2: randomteamslolllll|move: Stealth Rock
|move|p2a: Gholdengo|Shadow Ball|p1a: Glimmora
|-damage|p1a: Glimmora|48/100
|
|upkeep
|turn|4
|
|t:|1757860796
|move|p1a: Glimmora|Power Gem|p2a: Gholdengo
|-resisted|p2a: Gholdengo
|-damage|p2a: Gholdengo|74/100
|-enditem|p2a: Gholdengo|Air Balloon
|move|p2a: Gholdengo|Shadow Ball|p1a: Glimmora
|-damage|p1a: Glimmora|0 fnt
|faint|p1a: Glimmora
|
|upkeep
|
|t:|1757860806
|switch|p1a: Darkrai|Darkrai|100/100
|turn|5
|
|t:|1757860811
|move|p1a: Darkrai|Nasty Plot|p1a: Darkrai
|-boost|p1a: Darkrai|spa|2
|move|p2a: Gholdengo|Focus Blast|p1a: Darkrai
|-supereffective|p1a: Darkrai
|-damage|p1a: Darkrai|0 fnt
|faint|p1a: Darkrai
|
|upkeep
|
|t:|1757860821
|switch|p1a: Dragonite|Dragonite, F|100/100
|turn|6
|
|t:|1757860825
|move|p2a: Gholdengo|Dazzling Gleam|p1a: Dragonite
|-supereffective|p1a: Dragonite
|-damage|p1a: Dragonite|71/100
|move|p1a: Dragonite|Dragon Dance|p1a: Dragonite
|-boost|p1a: Dragonite|atk|1
|-boost|p1a: Dragonite|spe|1
|
|upkeep
|turn|7
|
|t:|1757860829
|-terastallize|p1a: Dragonite|Normal
|move|p1a: Dragonite|Dragon Dance|p1a: Dragonite
|-boost|p1a: Dragonite|atk|1
|-boost|p1a: Dragonite|spe|1
|move|p2a: Gholdengo|Dazzling Gleam|p1a: Dragonite
|-damage|p1a: Dragonite|42/100
|
|upkeep
|turn|8
|
|t:|1757860839
|move|p1a: Dragonite|Earthquake|p2a: Gholdengo
|-supereffective|p2a: Gholdengo
|-damage|p2a: Gholdengo|0 fnt
|faint|p2a: Gholdengo
|
|upkeep
|
|t:|1757860845
|switch|p2a: Kingambit|Kingambit, M|100/100
|-damage|p2a: Kingambit|94/100|[from] Stealth Rock
|turn|9
|
|t:|1757860849
|move|p2a: Kingambit|Sucker Punch|p1a: Dragonite
|-damage|p1a: Dragonite|0 fnt
|faint|p1a: Dragonite
|-damage|p2a: Kingambit|84/100|[from] item: Life Orb
|
|upkeep
|
|t:|1757860852
|switch|p1a: Iron Valiant|Iron Valiant|100/100
|-enditem|p1a: Iron Valiant|Booster Energy
|-activate|p1a: Iron Valiant|ability: Quark Drive|[fromitem]
|-start|p1a: Iron Valiant|quarkdrivespe
|turn|10
|
|t:|1757860862
|move|p1a: Iron Valiant|Close Combat|p2a: Kingambit
|-supereffective|p2a: Kingambit
|-damage|p2a: Kingambit|0 fnt
|-unboost|p1a: Iron Valiant|def|1
|-unboost|p1a: Iron Valiant|spd|1
|faint|p2a: Kingambit
|
|upkeep
|
|t:|1757860871
|switch|p2a: Cinderace|Cinderace, F|100/100
|turn|11
|
|t:|1757860877
|move|p1a: Iron Valiant|Swords Dance|p1a: Iron Valiant
|-boost|p1a: Iron Valiant|atk|2
|move|p2a: Cinderace|Court Change|p2a: Cinderace
|-swapsideconditions
|-activate|p2a: Cinderace|move: Court Change
|
|upkeep
|turn|12
|
|t:|1757860880
|move|p1a: Iron Valiant|Close Combat|p2a: Cinderace
|-damage|p2a: Cinderace|0 fnt
|-unboost|p1a: Iron Valiant|def|1
|-unboost|p1a: Iron Valiant|spd|1
|faint|p2a: Cinderace
|
|upkeep
|
|t:|1757860885
|switch|p2a: Malamar|Malamar, F|100/100
|turn|13
|
|t:|1757860890
|move|p1a: Iron Valiant|Spirit Break|p2a: Malamar
|-supereffective|p2a: Malamar
|-damage|p2a: Malamar|0 fnt
|faint|p2a: Malamar
|
|upkeep
|
|t:|1757860893
|switch|p2a: Serperior|Serperior, F|100/100
|turn|14
|
|t:|1757860896
|-terastallize|p2a: Serperior|Fire
|move|p1a: Iron Valiant|Close Combat|p2a: Serperior
|-damage|p2a: Serperior|0 fnt
|-unboost|p1a: Iron Valiant|def|1
|-unboost|p1a: Iron Valiant|spd|1
|faint|p2a: Serperior
|
|upkeep
|
|t:|1757860899
|switch|p2a: Ribombee|Ribombee, M|1/100
|turn|15
|
|t:|1757860902
|move|p1a: Iron Valiant|Spirit Break|p2a: Ribombee
|-damage|p2a: Ribombee|0 fnt
|faint|p2a: Ribombee
|
|win|she's not noob
|raw|she&apos;s not noob's rating: 1184 &rarr; <strong>1209</strong><br />(+25 for winning)
|raw|randomteamslolllll's rating: 1183 &rarr; <strong>1158</strong><br />(-25 for losing)
