|j|☆GatosLover
|j|☆Nave_08
|t:|1757831531
|gametype|singles
|player|p1|GatosLover|marnie|1288
|player|p2|Nave_08|170|1322
|gen|9
|tier|[Gen 9] OU
|rated|
|rule|HP Percentage Mod: HP is shown in percentages
|rule|Endless Battle Clause: Forcing endless battles is banned
|rule|Species Clause: Limit one of each Pokémon
|rule|OHKO Clause: OHKO moves are banned
|rule|Evasion Items Clause: Evasion items are banned
|rule|Evasion Moves Clause: Evasion moves are banned
|rule|Evasion Abilities Clause: Evasion abilities are banned
|rule|Sleep Moves Clause: Sleep-inducing moves are banned
|clearpoke
|poke|p1|Malamar, F|
|poke|p1|Cresselia, F|
|poke|p1|Porygon2|
|poke|p1|Ursaluna, F|
|poke|p1|Hatterene, F|
|poke|p1|Torkoal, F|
|poke|p2|Scizor, F|
|poke|p2|Kyurem|
|poke|p2|Ogerpon-Cornerstone, F|
|poke|p2|Primarina, F|
|poke|p2|Landorus-Therian, M|
|poke|p2|Cinderace, F|
|teampreview
|inactive|Battle timer is ON: inactive players will automatically lose when time's up. (requested by Nave_08)
|inactive|Nave_08 has 120 seconds left.
|
|t:|1757831571
|teamsize|p1|6
|teamsize|p2|6
|start
|switch|p1a: G.U.Y.|Porygon2|100/100
|switch|p2a: Scizor|Scizor, F|100/100
|-ability|p1a: G.U.Y.|Download|boost
|-boost|p1a: G.U.Y.|spa|1
|turn|1
|inactive|Nave_08 has 120 seconds left.
|
|t:|1757831618
|move|p2a: Scizor|U-turn|p1a: G.U.Y.
|-damage|p1a: G.U.Y.|59/100
|
|t:|1757831627
|switch|p2a: Primarina|Primarina, F|100/100|[from] U-turn
|move|p1a: G.U.Y.|Trick Room|p1a: G.U.Y.
|-fieldstart|move: Trick Room|[of] p1a: G.U.Y.
|
|upkeep
|turn|2
|
|t:|1757831637
|switch|p1a: Aura|Ursaluna, F|100/100
|move|p2a: Primarina|Surf|p1a: Aura
|-supereffective|p1a: Aura
|-damage|p1a: Aura|18/100
|
|-status|p1a: Aura|brn|[from] item: Flame Orb
|upkeep
|turn|3
|
|t:|1757831649
|switch|p2a: Landorus|Landorus-Therian, M|100/100
|-ability|p2a: Landorus|Intimidate|boost
|-unboost|p1a: Aura|atk|1
|move|p1a: Aura|Facade|p2a: Landorus
|-damage|p2a: Landorus|16/100
|-damage|p1a: Aura|1/100 brn|[from] item: Rocky Helmet|[of] p2a: Landorus
|
|-damage|p1a: Aura|0 fnt|[from] brn
|faint|p1a: Aura
|upkeep
|
|t:|1757831657
|switch|p1a: Artpop|Torkoal, F|100/100
|-weather|SunnyDay|[from] ability: Drought|[of] p1a: Artpop
|turn|4
|
|t:|1757831663
|move|p1a: Artpop|Solar Beam||[still]
|-prepare|p1a: Artpop|Solar Beam
|-anim|p1a: Artpop|Solar Beam|p2a: Landorus
|-crit|p2a: Landorus
|-damage|p2a: Landorus|0 fnt
|faint|p2a: Landorus
|
|-weather|SunnyDay|[upkeep]
|upkeep
|
|t:|1757831672
|switch|p2a: Kyurem|Kyurem|100/100
|-ability|p2a: Kyurem|Pressure
|turn|5
|
|t:|1757831677
|switch|p1a: G.U.Y.|Porygon2|59/100
|-ability|p1a: G.U.Y.|Download|boost
|-boost|p1a: G.U.Y.|atk|1
|move|p2a: Kyurem|Earth Power|p1a: G.U.Y.
|-damage|p1a: G.U.Y.|42/100
|
|-weather|SunnyDay|[upkeep]
|-fieldend|move: Trick Room
|upkeep
|turn|6
|
|t:|1757831685
|move|p2a: Kyurem|Ice Beam|p1a: G.U.Y.
|-damage|p1a: G.U.Y.|19/100
|move|p1a: G.U.Y.|Recover|p1a: G.U.Y.
|-heal|p1a: G.U.Y.|69/100
|
|-weather|SunnyDay|[upkeep]
|upkeep
|turn|7
|
|t:|1757831690
|move|p2a: Kyurem|Draco Meteor|p1a: G.U.Y.
|-damage|p1a: G.U.Y.|37/100
|-unboost|p2a: Kyurem|spa|2
|move|p1a: G.U.Y.|Trick Room|p1a: G.U.Y.
|-fieldstart|move: Trick Room|[of] p1a: G.U.Y.
|
|-weather|SunnyDay|[upkeep]
|upkeep
|turn|8
|
|t:|1757831696
|switch|p2a: Ogerpon|Ogerpon-Cornerstone, F|100/100
|move|p1a: G.U.Y.|Recover|p1a: G.U.Y.
|-heal|p1a: G.U.Y.|87/100
|
|-weather|none
|upkeep
|turn|9
|
|t:|1757831706
|switch|p1a: Artpop|Torkoal, F|100/100
|-weather|SunnyDay|[from] ability: Drought|[of] p1a: Artpop
|move|p2a: Ogerpon|Low Kick|p1a: Artpop
|-damage|p1a: Artpop|75/100
|
|-weather|SunnyDay|[upkeep]
|upkeep
|turn|10
|
|t:|1757831723
|move|p1a: Artpop|Eruption|p2a: Ogerpon
|-ability|p2a: Ogerpon|Sturdy
|-damage|p2a: Ogerpon|1/100
|move|p2a: Ogerpon|Ivy Cudgel|p1a: Artpop|[anim] Ivy Cudgel Rock
|-supereffective|p1a: Artpop
|-damage|p1a: Artpop|0 fnt
|faint|p1a: Artpop
|
|-weather|SunnyDay|[upkeep]
|upkeep
|
|t:|1757831729
|switch|p1a: PARTYNAUSEOUS|Malamar, F|100/100
|-enditem|p1a: PARTYNAUSEOUS|Room Service
|-boost|p1a: PARTYNAUSEOUS|spe|1|[from] item: Room Service
|turn|11
|
|t:|1757831737
|switch|p2a: Scizor|Scizor, F|100/100
|move|p1a: PARTYNAUSEOUS|Superpower|p2a: Scizor
|-damage|p2a: Scizor|64/100
|-boost|p1a: PARTYNAUSEOUS|atk|1
|-boost|p1a: PARTYNAUSEOUS|def|1
|
|-weather|SunnyDay|[upkeep]
|-fieldend|move: Trick Room
|upkeep
|turn|12
|
|t:|1757831743
|-terastallize|p1a: PARTYNAUSEOUS|Fighting
|move|p1a: PARTYNAUSEOUS|Superpower|p2a: Scizor
|-damage|p2a: Scizor|0 fnt
|-boost|p1a: PARTYNAUSEOUS|atk|1
|-boost|p1a: PARTYNAUSEOUS|def|1
|faint|p2a: Scizor
|
|-weather|SunnyDay|[upkeep]
|upkeep
|
|t:|1757831748
|switch|p2a: Primarina|Primarina, F|100/100
|turn|13
|
|t:|1757831754
|move|p1a: PARTYNAUSEOUS|Psycho Cut|p2a: Primarina
|-damage|p2a: Primarina|17/100
|move|p2a: Primarina|Moonblast|p1a: PARTYNAUSEOUS
|-supereffective|p1a: PARTYNAUSEOUS
|-damage|p1a: PARTYNAUSEOUS|0 fnt
|faint|p1a: PARTYNAUSEOUS
|
|-weather|none
|upkeep
|
|t:|1757831762
|switch|p1a: G.U.Y.|Porygon2|87/100
|-ability|p1a: G.U.Y.|Download|boost
|-boost|p1a: G.U.Y.|atk|1
|turn|14
|
|t:|1757831771
|move|p2a: Primarina|Flip Turn|p1a: G.U.Y.
|-damage|p1a: G.U.Y.|71/100
|
|t:|1757831780
|switch|p2a: Ogerpon|Ogerpon-Cornerstone, F|1/100|[from] Flip Turn
|move|p1a: G.U.Y.|Trick Room|p1a: G.U.Y.
|-fieldstart|move: Trick Room|[of] p1a: G.U.Y.
|
|upkeep
|turn|15
|
|t:|1757831787
|move|p1a: G.U.Y.|Tera Blast|p2a: Ogerpon
|-resisted|p2a: Ogerpon
|-damage|p2a: Ogerpon|0 fnt
|faint|p2a: Ogerpon
|
|upkeep
|
|t:|1757831793
|switch|p2a: Cinderace|Cinderace, F|100/100
|turn|16
|
|t:|1757831803
|move|p1a: G.U.Y.|Tera Blast|p2a: Cinderace
|-damage|p2a: Cinderace|55/100
|move|p2a: Cinderace|Pyro Ball|p1a: G.U.Y.
|-damage|p1a: G.U.Y.|32/100
|
|upkeep
|turn|17
|
|t:|1757831821
|move|p2a: Cinderace|Sucker Punch||[still]
|-fail|p2a: Cinderace
|move|p1a: G.U.Y.|Recover|p1a: G.U.Y.
|-heal|p1a: G.U.Y.|82/100
|
|upkeep
|turn|18
|
|t:|1757831832
|move|p1a: G.U.Y.|Tera Blast|p2a: Cinderace
|-damage|p2a: Cinderace|9/100
|move|p2a: Cinderace|U-turn|p1a: G.U.Y.
|-start|p2a: Cinderace|typechange|Bug|[from] ability: Libero
|-damage|p1a: G.U.Y.|58/100
|
|t:|1757831837
|switch|p2a: Kyurem|Kyurem|100/100|[from] U-turn
|-ability|p2a: Kyurem|Pressure
|
|-fieldend|move: Trick Room
|upkeep
|turn|19
|inactive|GatosLover has 120 seconds left.
|
|t:|1757831877
|move|p2a: Kyurem|Ice Beam|p1a: G.U.Y.
|-crit|p1a: G.U.Y.
|-damage|p1a: G.U.Y.|24/100
|-status|p1a: G.U.Y.|frz
|cant|p1a: G.U.Y.|frz
|
|upkeep
|turn|20
|inactive|GatosLover has 120 seconds left.
|
|t:|1757831883
|move|p2a: Kyurem|Ice Beam|p1a: G.U.Y.
|-crit|p1a: G.U.Y.
|-damage|p1a: G.U.Y.|0 fnt
|faint|p1a: G.U.Y.
|
|upkeep
|
|t:|1757831888
|switch|p1a: Venus|Cresselia, F|100/100
|turn|21
|
|t:|1757831892
|move|p2a: Kyurem|Ice Beam|p1a: Venus
|-damage|p1a: Venus|71/100
|move|p1a: Venus|Trick Room|p1a: Venus
|-fieldstart|move: Trick Room|[of] p1a: Venus
|
|upkeep
|turn|22
|
|t:|1757831899
|-terastallize|p2a: Kyurem|Ice
|move|p1a: Venus|Moonblast|p2a: Kyurem
|-damage|p2a: Kyurem|85/100
|-unboost|p2a: Kyurem|spa|1
|move|p2a: Kyurem|Ice Beam|p1a: Venus
|-damage|p1a: Venus|44/100
|
|upkeep
|turn|23
|
|t:|1757831907
|switch|p1a: Mary Jane Holland|Hatterene, F|100/100
|switch|p2a: Primarina|Primarina, F|17/100
|
|upkeep
|turn|24
|
|t:|1757831913
|move|p1a: Mary Jane Holland|Psyshock|p2a: Primarina
|-damage|p2a: Primarina|0 fnt
|faint|p2a: Primarina
|
|upkeep
|
|t:|1757831916
|switch|p2a: Kyurem|Kyurem, tera:Ice|85/100
|-ability|p2a: Kyurem|Pressure
|turn|25
|
|t:|1757831921
|move|p1a: Mary Jane Holland|Mystical Fire|p2a: Kyurem
|-supereffective|p2a: Kyurem
|-damage|p2a: Kyurem|29/100
|-unboost|p2a: Kyurem|spa|1
|move|p2a: Kyurem|Ice Beam|p1a: Mary Jane Holland
|-damage|p1a: Mary Jane Holland|53/100
|-status|p1a: Mary Jane Holland|frz
|
|-heal|p1a: Mary Jane Holland|59/100 frz|[from] item: Leftovers
|-fieldend|move: Trick Room
|upkeep
|turn|26
|
|t:|1757831929
|switch|p2a: Cinderace|Cinderace, F|9/100
|switch|p1a: Venus|Cresselia, F|44/100
|
|upkeep
|turn|27
|
|t:|1757831933
|move|p2a: Cinderace|Pyro Ball|p1a: Venus
|-damage|p1a: Venus|11/100
|move|p1a: Venus|Trick Room|p1a: Venus
|-fieldstart|move: Trick Room|[of] p1a: Venus
|
|upkeep
|turn|28
|
|t:|1757831937
|move|p1a: Venus|Lunar Dance|p1a: Venus
|faint|p1a: Venus
|move|p2a: Cinderace|Pyro Ball|p1: Venus|[notarget]
|-fail|p2a: Cinderace
|
|upkeep
|
|t:|1757831940
|switch|p1a: Mary Jane Holland|Hatterene, F|59/100 frz
|-heal|p1a: Mary Jane Holland|100/100|[from] move: Lunar Dance
|turn|29
|
|t:|1757831944
|move|p2a: Cinderace|Sucker Punch|p1a: Mary Jane Holland
|-start|p2a: Cinderace|typechange|Dark|[from] ability: Libero
|-damage|p1a: Mary Jane Holland|65/100
|move|p1a: Mary Jane Holland|Draining Kiss|p2a: Cinderace
|-supereffective|p2a: Cinderace
|-damage|p2a: Cinderace|0 fnt
|-heal|p1a: Mary Jane Holland|71/100|[from] drain|[of] p2a: Cinderace
|faint|p2a: Cinderace
|
|-heal|p1a: Mary Jane Holland|77/100|[from] item: Leftovers
|upkeep
|
|t:|1757831950
|switch|p2a: Kyurem|Kyurem, tera:Ice|29/100
|-ability|p2a: Kyurem|Pressure
|turn|30
|
|t:|1757831952
|move|p1a: Mary Jane Holland|Mystical Fire|p2a: Kyurem
|-supereffective|p2a: Kyurem
|-damage|p2a: Kyurem|0 fnt
|faint|p2a: Kyurem
|
|win|GatosLover
|raw|GatosLover's rating: 1317 &rarr; <strong>1337</strong><br />(+20 for winning)
|raw|Nave_08's rating: 1322 &rarr; <strong>1302</strong><br />(-20 for losing)
|l|☆Nave_08
|player|p2|
