|badge|p1|bronze|gen9randombattle|100-6
|uhtml|medal-msg|<div class="broadcast-blue">Curious what those medals under the avatar are? PS now has Ladder Seasons! For more information, check out the <a href="https://www.smogon.com/forums/threads/3740067/">thread on Smogon.</a></div>
|j|☆larp legion
|j|☆omari p
|t:|1757819102
|gametype|singles
|player|p1|larp legion|#scl5spartans|1678
|player|p2|omari p|pokemonrangerf|1656
|gen|9
|tier|[Gen 9] OU
|rated|
|rule|HP Percentage Mod: HP is shown in percentages
|rule|Endless Battle Clause: Forcing endless battles is banned
|rule|Species Clause: Limit one of each Pokémon
|rule|OHKO Clause: OHKO moves are banned
|rule|Evasion Items Clause: Evasion items are banned
|rule|Evasion Moves Clause: Evasion moves are banned
|rule|Evasion Abilities Clause: Evasion abilities are banned
|rule|Sleep Moves Clause: Sleep-inducing moves are banned
|clearpoke
|poke|p1|Primarina, F|
|poke|p1|Gholdengo|
|poke|p1|Corviknight, M|
|poke|p1|Cinderace, F|
|poke|p1|Rotom-Wash|
|poke|p1|Ting-Lu|
|poke|p2|Ting-Lu|
|poke|p2|Glastrier|
|poke|p2|Thundurus-Therian, M|
|poke|p2|Cinderace, M|
|poke|p2|Latios, M|
|poke|p2|Corviknight, F|
|teampreview
|inactive|Battle timer is ON: inactive players will automatically lose when time's up. (requested by omari p)
|
|t:|1757819128
|teamsize|p1|6
|teamsize|p2|6
|start
|switch|p1a: Gholdengo|Gholdengo|100/100
|switch|p2a: Thundurus|Thundurus-Therian, M|100/100
|turn|1
|
|t:|1757819130
|move|p2a: Thundurus|Nasty Plot|p2a: Thundurus
|-boost|p2a: Thundurus|spa|2
|move|p1a: Gholdengo|Shadow Ball|p2a: Thundurus
|-damage|p2a: Thundurus|17/100
|
|-heal|p2a: Thundurus|24/100|[from] item: Leftovers
|upkeep
|turn|2
|inactive|larp legion has 120 seconds left.
|inactive|larp legion has 90 seconds left.
|
|t:|1757819197
|move|p2a: Thundurus|Thunderbolt|p1a: Gholdengo
|-damage|p1a: Gholdengo|0 fnt
|faint|p1a: Gholdengo
|
|-heal|p2a: Thundurus|30/100|[from] item: Leftovers
|upkeep
|
|t:|1757819199
|switch|p1a: Cinderace|Cinderace, F|100/100
|turn|3
|inactive|omari p has 120 seconds left.
|inactive|omari p has 90 seconds left.
|
|t:|1757819283
|switch|p2a: Cinderace|Cinderace, M|100/100
|move|p1a: Cinderace|Pyro Ball|p2a: Cinderace
|-resisted|p2a: Cinderace
|-damage|p2a: Cinderace|68/100
|
|upkeep
|turn|4
|
|t:|1757819293
|move|p1a: Cinderace|U-turn|p2a: Cinderace
|-resisted|p2a: Cinderace
|-damage|p2a: Cinderace|54/100
|
|t:|1757819297
|switch|p1a: Rotom|Rotom-Wash|100/100|[from] U-turn
|move|p2a: Cinderace|Pyro Ball|p1a: Rotom
|-resisted|p1a: Rotom
|-damage|p1a: Rotom|57/100
|
|-heal|p1a: Rotom|63/100|[from] item: Leftovers
|upkeep
|turn|5
|inactive|omari p has 90 seconds left.
|inactive|omari p has 60 seconds left.
|
|t:|1757819342
|move|p2a: Cinderace|High Jump Kick|p1a: Rotom
|-start|p2a: Cinderace|typechange|Fighting|[from] ability: Libero
|-damage|p1a: Rotom|0 fnt
|faint|p1a: Rotom
|
|upkeep
|
|t:|1757819352
|switch|p1a: Cinderace|Cinderace, F|100/100
|turn|6
|inactive|omari p has 60 seconds left.
|
|t:|1757819367
|switch|p2a: Ting-Lu|Ting-Lu|100/100
|-ability|p2a: Ting-Lu|Vessel of Ruin
|move|p1a: Cinderace|Pyro Ball|p2a: Ting-Lu
|-damage|p2a: Ting-Lu|75/100
|
|upkeep
|turn|7
|inactive|omari p has 60 seconds left.
|inactive|larp legion has 90 seconds left.
|
|t:|1757819398
|move|p1a: Cinderace|U-turn|p2a: Ting-Lu
|-supereffective|p2a: Ting-Lu
|-damage|p2a: Ting-Lu|54/100
|-enditem|p2a: Ting-Lu|Weakness Policy
|-boost|p2a: Ting-Lu|atk|2|[from] item: Weakness Policy
|-boost|p2a: Ting-Lu|spa|2|[from] item: Weakness Policy
|
|t:|1757819401
|switch|p1a: Corviknight|Corviknight, M|100/100|[from] U-turn
|-ability|p1a: Corviknight|Pressure
|move|p2a: Ting-Lu|Earthquake|p1a: Corviknight
|-immune|p1a: Corviknight
|
|upkeep
|turn|8
|inactive|larp legion has 90 seconds left.
|inactive|larp legion has 60 seconds left.
|
|t:|1757819450
|switch|p1a: Primarina|Primarina, F|100/100
|move|p2a: Ting-Lu|Stone Edge|p1a: Primarina|[miss]
|-miss|p2a: Ting-Lu|p1a: Primarina
|
|upkeep
|turn|9
|
|t:|1757819456
|move|p1a: Primarina|Surf|p2a: Ting-Lu
|-supereffective|p2a: Ting-Lu
|-damage|p2a: Ting-Lu|0 fnt
|faint|p2a: Ting-Lu
|
|upkeep
|
|t:|1757819460
|switch|p2a: Thundurus|Thundurus-Therian, M|30/100
|turn|10
|
|t:|1757819479
|switch|p1a: Ting-Lu|Ting-Lu|100/100
|-ability|p1a: Ting-Lu|Vessel of Ruin
|move|p2a: Thundurus|Thunderbolt|p1a: Ting-Lu
|-immune|p1a: Ting-Lu
|
|-heal|p2a: Thundurus|36/100|[from] item: Leftovers
|upkeep
|turn|11
|
|t:|1757819482
|move|p2a: Thundurus|Nasty Plot|p2a: Thundurus
|-boost|p2a: Thundurus|spa|2
|move|p1a: Ting-Lu|Stealth Rock|p2a: Thundurus
|-sidestart|p2: omari p|move: Stealth Rock
|
|-heal|p2a: Thundurus|42/100|[from] item: Leftovers
|upkeep
|turn|12
|
|t:|1757819485
|move|p2a: Thundurus|Focus Blast|p1a: Ting-Lu
|-supereffective|p1a: Ting-Lu
|-damage|p1a: Ting-Lu|17/100
|move|p1a: Ting-Lu|Whirlwind|p2a: Thundurus
|drag|p2a: Glastrier|Glastrier|100/100
|-damage|p2a: Glastrier|76/100|[from] Stealth Rock
|
|-heal|p1a: Ting-Lu|23/100|[from] item: Leftovers
|-heal|p2a: Glastrier|82/100|[from] item: Leftovers
|upkeep
|turn|13
|inactive|larp legion has 90 seconds left.
|
|t:|1757819497
|move|p2a: Glastrier|Icicle Crash|p1a: Ting-Lu
|-supereffective|p1a: Ting-Lu
|-damage|p1a: Ting-Lu|0 fnt
|faint|p1a: Ting-Lu
|-ability|p2a: Glastrier|Chilling Neigh|boost
|-boost|p2a: Glastrier|atk|1
|
|-heal|p2a: Glastrier|88/100|[from] item: Leftovers
|upkeep
|
|t:|1757819509
|switch|p1a: Primarina|Primarina, F|100/100
|turn|14
|
|t:|1757819515
|move|p1a: Primarina|Hydro Pump|p2a: Glastrier
|-damage|p2a: Glastrier|19/100
|move|p2a: Glastrier|High Horsepower|p1a: Primarina
|-damage|p1a: Primarina|20/100
|
|-heal|p2a: Glastrier|25/100|[from] item: Leftovers
|upkeep
|turn|15
|
|t:|1757819520
|move|p1a: Primarina|Hydro Pump|p2a: Glastrier|[miss]
|-miss|p1a: Primarina|p2a: Glastrier
|move|p2a: Glastrier|Icicle Crash|p1a: Primarina
|-resisted|p1a: Primarina
|-damage|p1a: Primarina|0 fnt
|faint|p1a: Primarina
|-ability|p2a: Glastrier|Chilling Neigh|boost
|-boost|p2a: Glastrier|atk|1
|
|-heal|p2a: Glastrier|31/100|[from] item: Leftovers
|upkeep
|
|t:|1757819523
|switch|p1a: Cinderace|Cinderace, F|100/100
|turn|16
|j| player killer8
|
|t:|1757819541
|-terastallize|p2a: Glastrier|Fire
|move|p1a: Cinderace|Pyro Ball|p2a: Glastrier
|-resisted|p2a: Glastrier
|-damage|p2a: Glastrier|14/100
|move|p2a: Glastrier|High Horsepower|p1a: Cinderace
|-supereffective|p1a: Cinderace
|-damage|p1a: Cinderace|0 fnt
|faint|p1a: Cinderace
|-ability|p2a: Glastrier|Chilling Neigh|boost
|-boost|p2a: Glastrier|atk|1
|
|-heal|p2a: Glastrier|20/100|[from] item: Leftovers
|upkeep
|
|t:|1757819544
|switch|p1a: Corviknight|Corviknight, M|100/100
|-ability|p1a: Corviknight|Pressure
|turn|17
|
|t:|1757819548
|move|p1a: Corviknight|Iron Defense|p1a: Corviknight
|-boost|p1a: Corviknight|def|2
|move|p2a: Glastrier|Close Combat|p1a: Corviknight
|-damage|p1a: Corviknight|66/100
|-unboost|p2a: Glastrier|def|1
|-unboost|p2a: Glastrier|spd|1
|
|-heal|p1a: Corviknight|72/100|[from] item: Leftovers
|-heal|p2a: Glastrier|26/100|[from] item: Leftovers
|upkeep
|turn|18
|
|t:|1757819550
|switch|p2a: Latios|Latios, M|100/100
|-damage|p2a: Latios|88/100|[from] Stealth Rock
|move|p1a: Corviknight|Iron Defense|p1a: Corviknight
|-boost|p1a: Corviknight|def|2
|
|-heal|p1a: Corviknight|78/100|[from] item: Leftovers
|upkeep
|turn|19
|
|t:|1757819553
|move|p2a: Latios|Trick|p1a: Corviknight
|-activate|p2a: Latios|move: Trick|[of] p1a: Corviknight
|-item|p1a: Corviknight|Choice Scarf|[from] move: Trick
|-item|p2a: Latios|Leftovers|[from] move: Trick
|move|p1a: Corviknight|Body Press|p2a: Latios
|-resisted|p2a: Latios
|-damage|p2a: Latios|33/100
|
|-heal|p2a: Latios|39/100|[from] item: Leftovers
|upkeep
|turn|20
|
|t:|1757819555
|move|p2a: Latios|Ice Beam|p1a: Corviknight
|-damage|p1a: Corviknight|48/100
|move|p1a: Corviknight|Body Press|p2a: Latios
|-resisted|p2a: Latios
|-crit|p2a: Latios
|-damage|p2a: Latios|0 fnt
|faint|p2a: Latios
|
|upkeep
|
|t:|1757819563
|switch|p2a: Cinderace|Cinderace, M|54/100
|-damage|p2a: Cinderace|29/100|[from] Stealth Rock
|turn|21
|
|t:|1757819566
|-terastallize|p1a: Corviknight|Ghost
|move|p2a: Cinderace|Pyro Ball|p1a: Corviknight
|-damage|p1a: Corviknight|32/100
|move|p1a: Corviknight|Body Press|p2a: Cinderace
|-damage|p2a: Cinderace|0 fnt
|faint|p2a: Cinderace
|
|upkeep
|
|t:|1757819572
|switch|p2a: Corviknight|Corviknight, F|100/100
|-damage|p2a: Corviknight|88/100|[from] Stealth Rock
|-ability|p2a: Corviknight|Pressure
|turn|22
|
|t:|1757819575
|move|p1a: Corviknight|Body Press|p2a: Corviknight
|-damage|p2a: Corviknight|28/100
|-damage|p1a: Corviknight|16/100|[from] item: Rocky Helmet|[of] p2a: Corviknight
|move|p2a: Corviknight|Iron Defense|p2a: Corviknight
|-boost|p2a: Corviknight|def|2
|
|upkeep
|turn|23
|
|t:|1757819578
|move|p1a: Corviknight|Body Press|p2a: Corviknight
|-damage|p2a: Corviknight|0 fnt
|-damage|p1a: Corviknight|0 fnt|[from] item: Rocky Helmet|[of] p2a: Corviknight
|faint|p2a: Corviknight
|faint|p1a: Corviknight
|
|win|omari p
|raw|larp legion's rating: 1678 &rarr; <strong>1657</strong><br />(-21 for losing)
|raw|omari p's rating: 1656 &rarr; <strong>1677</strong><br />(+21 for winning)
|l|☆omari p
|player|p2|
|j| zReptar
|l| zReptar
|l| player killer8
|j| Raining Drawing
|l| Raining Drawing
|l| larplegion
|j|☆larp legion
