|j|☆him duncan
|j|☆ImageryBless
|t:|1757910774
|gametype|singles
|player|p1|him duncan|1|1348
|player|p2|ImageryBless|170|1395
|gen|9
|tier|[Gen 9] OU
|rated|
|rule|HP Percentage Mod: HP is shown in percentages
|rule|Endless Battle Clause: Forcing endless battles is banned
|rule|Species Clause: Limit one of each Pokémon
|rule|OHKO Clause: OHKO moves are banned
|rule|Evasion Items Clause: Evasion items are banned
|rule|Evasion Moves Clause: Evasion moves are banned
|rule|Evasion Abilities Clause: Evasion abilities are banned
|rule|Sleep Moves Clause: Sleep-inducing moves are banned
|clearpoke
|poke|p1|Volcanion|
|poke|p1|Alomomola, F|
|poke|p1|Gliscor, F|
|poke|p1|Kingambit, F|
|poke|p1|Zamazenta-*|
|poke|p1|Glimmora, M|
|poke|p2|Iron Moth|
|poke|p2|Ting-Lu|
|poke|p2|Torkoal, M|
|poke|p2|Walking Wake|
|poke|p2|Great Tusk|
|poke|p2|Slither Wing|
|teampreview
|inactive|Battle timer is ON: inactive players will automatically lose when time's up. (requested by him duncan)
|
|t:|1757910792
|teamsize|p1|6
|teamsize|p2|6
|start
|switch|p1a: Glimmora|Glimmora, M|100/100
|switch|p2a: Walking Wake|Walking Wake|100/100
|turn|1
|
|t:|1757910805
|switch|p1a: Alomomola|Alomomola, F|100/100
|move|p2a: Walking Wake|Draco Meteor|p1a: Alomomola
|-damage|p1a: Alomomola|13/100
|-unboost|p2a: Walking Wake|spa|2
|
|upkeep
|turn|2
|
|t:|1757910815
|switch|p1a: Gliscor|Gliscor, F|100/100
|move|p2a: Walking Wake|Draco Meteor|p1a: Gliscor
|-damage|p1a: Gliscor|58/100
|-unboost|p2a: Walking Wake|spa|2
|
|-status|p1a: Gliscor|tox|[from] item: Toxic Orb
|upkeep
|turn|3
|
|t:|1757910830
|-end|p2a: Walking Wake|Protosynthesis|[silent]
|switch|p2a: Great Tusk|Great Tusk|100/100
|move|p1a: Gliscor|Knock Off|p2a: Great Tusk
|-resisted|p2a: Great Tusk
|-damage|p2a: Great Tusk|94/100
|-enditem|p2a: Great Tusk|Heavy-Duty Boots|[from] move: Knock Off|[of] p1a: Gliscor
|
|-heal|p1a: Gliscor|70/100 tox|[from] ability: Poison Heal
|upkeep
|turn|4
|
|t:|1757910837
|move|p2a: Great Tusk|Ice Spinner|p1a: Gliscor
|-supereffective|p1a: Gliscor
|-damage|p1a: Gliscor|0 fnt
|faint|p1a: Gliscor
|
|upkeep
|
|t:|1757910843
|switch|p1a: Glimmora|Glimmora, M|100/100
|turn|5
|
|t:|1757910861
|switch|p1a: Zamazenta|Zamazenta|100/100
|-ability|p1a: Zamazenta|Dauntless Shield|boost
|-boost|p1a: Zamazenta|def|1
|move|p2a: Great Tusk|Headlong Rush|p1a: Zamazenta
|-damage|p1a: Zamazenta|68/100
|-unboost|p2a: Great Tusk|def|1
|-unboost|p2a: Great Tusk|spd|1
|
|upkeep
|turn|6
|
|t:|1757910882
|-end|p2a: Great Tusk|Protosynthesis|[silent]
|switch|p2a: Torkoal|Torkoal, M|100/100
|-weather|SunnyDay|[from] ability: Drought|[of] p2a: Torkoal
|move|p1a: Zamazenta|Close Combat|p2a: Torkoal
|-damage|p2a: Torkoal|59/100
|-unboost|p1a: Zamazenta|def|1
|-unboost|p1a: Zamazenta|spd|1
|-damage|p1a: Zamazenta|58/100|[from] item: Life Orb
|
|-weather|SunnyDay|[upkeep]
|upkeep
|turn|7
|
|t:|1757910891
|move|p1a: Zamazenta|Stone Edge|p2a: Torkoal|[miss]
|-miss|p1a: Zamazenta|p2a: Torkoal
|move|p2a: Torkoal|Stealth Rock|p1a: Zamazenta
|-sidestart|p1: him duncan|move: Stealth Rock
|
|-weather|SunnyDay|[upkeep]
|upkeep
|turn|8
|
|t:|1757910894
|move|p1a: Zamazenta|Stone Edge|p2a: Torkoal
|-supereffective|p2a: Torkoal
|-damage|p2a: Torkoal|5/100
|-damage|p1a: Zamazenta|48/100|[from] item: Life Orb
|move|p2a: Torkoal|Will-O-Wisp|p1a: Zamazenta
|-status|p1a: Zamazenta|brn
|
|-weather|SunnyDay|[upkeep]
|-damage|p1a: Zamazenta|42/100 brn|[from] brn
|upkeep
|turn|9
|-message|him duncan forfeited.
|
|win|ImageryBless
|raw|him duncan's rating: 1348 &rarr; <strong>1331</strong><br />(-17 for losing)
|raw|ImageryBless's rating: 1395 &rarr; <strong>1412</strong><br />(+17 for winning)
|l|☆him duncan
|player|p1|
|l|☆ImageryBless
|player|p2|
