|j|☆Fafnir_24
|j|☆lkjfie
|inactive|Battle timer is ON: inactive players will automatically lose when time's up.
|t:|1757929956
|gametype|singles
|player|p1|Fafnir_24|scientist-gen9|
|player|p2|lkjfie|marlon|
|gen|9
|tier|[Gen 9] OU
|rated|Tournament battle
|rule|HP Percentage Mod: HP is shown in percentages
|rule|Endless Battle Clause: Forcing endless battles is banned
|rule|Species Clause: Limit one of each Pokémon
|rule|OHKO Clause: OHKO moves are banned
|rule|Evasion Items Clause: Evasion items are banned
|rule|Evasion Moves Clause: Evasion moves are banned
|rule|Evasion Abilities Clause: Evasion abilities are banned
|rule|Sleep Moves Clause: Sleep-inducing moves are banned
|raw|<div class="infobox"><details class="readmore" open><summary><strong>1 custom rule:</strong></summary> +Koraidon</details></div>
|clearpoke
|poke|p1|Kingambit, F|
|poke|p1|Thundurus, M|
|poke|p1|Okidogi, M|
|poke|p1|Great Tusk|
|poke|p1|Iron Valiant|
|poke|p1|Koraidon|
|poke|p2|Hatterene, F|
|poke|p2|Raging Bolt|
|poke|p2|Slither Wing|
|poke|p2|Venusaur, F|
|poke|p2|Walking Wake|
|poke|p2|Koraidon|
|teampreview
|j|*Lady Monita ☀
|inactive|lkjfie also wants the timer to be on.
|inactive|Fafnir_24 also wants the timer to be on.
|j| I despise gliscor
|l| I despise gliscor
|
|t:|1757929970
|teamsize|p1|6
|teamsize|p2|6
|start
|switch|p1a: Thundurus|Thundurus, M|100/100
|switch|p2a: Koraidon|Koraidon|100/100
|-weather|SunnyDay|[from] ability: Orichalcum Pulse|[of] p2a: Koraidon
|-activate|p2a: Koraidon|Orichalcum Pulse|[source]
|turn|1
|j| gas litten
|j| gfredu18
|
|t:|1757929977
|switch|p2a: Raging Bolt|Raging Bolt|100/100
|-activate|p2a: Raging Bolt|ability: Protosynthesis
|-start|p2a: Raging Bolt|protosynthesisspa
|move|p1a: Thundurus|Thunder Wave|p2a: Raging Bolt
|-immune|p2a: Raging Bolt
|
|-weather|SunnyDay|[upkeep]
|upkeep
|turn|2
|
|t:|1757929990
|switch|p1a: Great Tusk|Great Tusk|100/100
|-activate|p1a: Great Tusk|ability: Protosynthesis
|-start|p1a: Great Tusk|protosynthesisatk
|move|p2a: Raging Bolt|Weather Ball|p1a: Great Tusk
|-damage|p1a: Great Tusk|0 fnt
|faint|p1a: Great Tusk
|-end|p1a: Great Tusk|Protosynthesis|[silent]
|-damage|p2a: Raging Bolt|91/100|[from] item: Life Orb
|
|-weather|SunnyDay|[upkeep]
|upkeep
|
|t:|1757929999
|switch|p1a: Koraidon|Koraidon|100/100
|-activate|p1a: Koraidon|ability: Orichalcum Pulse
|turn|3
|
|t:|1757930004
|-terastallize|p2a: Raging Bolt|Ghost
|move|p1a: Koraidon|Scale Shot|p2a: Raging Bolt
|-damage|p2a: Raging Bolt|74/100
|-damage|p2a: Raging Bolt|56/100
|-damage|p2a: Raging Bolt|40/100
|-damage|p2a: Raging Bolt|23/100
|-hitcount|p2a: Raging Bolt|4
|-unboost|p1a: Koraidon|def|1
|-boost|p1a: Koraidon|spe|1
|move|p2a: Raging Bolt|Dragon Pulse|p1a: Koraidon
|-supereffective|p1a: Koraidon
|-damage|p1a: Koraidon|0 fnt
|faint|p1a: Koraidon
|-damage|p2a: Raging Bolt|13/100|[from] item: Life Orb
|
|-weather|SunnyDay|[upkeep]
|upkeep
|l| gfredu18
|
|t:|1757930018
|switch|p1a: Thundurus|Thundurus, M|100/100
|turn|4
|
|t:|1757930025
|move|p2a: Raging Bolt|Thunderclap|p1a: Thundurus
|-enditem|p1a: Thundurus|Focus Sash
|-damage|p1a: Thundurus|1/100
|-damage|p2a: Raging Bolt|3/100|[from] item: Life Orb
|move|p1a: Thundurus|Psychic|p2a: Raging Bolt
|-damage|p2a: Raging Bolt|0 fnt
|faint|p2a: Raging Bolt
|-end|p2a: Raging Bolt|Protosynthesis|[silent]
|
|-weather|SunnyDay|[upkeep]
|upkeep
|l|☆lkjfie
|inactive|lkjfie disconnected and has a minute to reconnect!
|player|p2|
|j|☆lkjfie
|inactive|lkjfie reconnected and has 130 seconds left.
|player|p2|lkjfie|marlon|
|inactive|lkjfie has 120 seconds left.
|
|t:|1757930058
|switch|p2a: Hatterene|Hatterene, F|100/100
|-item|p2a: Hatterene|Air Balloon
|turn|5
|
|t:|1757930069
|move|p1a: Thundurus|Thunderbolt|p2a: Hatterene
|-damage|p2a: Hatterene|56/100
|-enditem|p2a: Hatterene|Air Balloon
|move|p2a: Hatterene|Psychic Noise|p1a: Thundurus
|-damage|p1a: Thundurus|0 fnt
|faint|p1a: Thundurus
|
|-weather|none
|upkeep
|
|t:|1757930072
|switch|p1a: Okidogi|Okidogi, M|100/100
|turn|6
|
|t:|1757930077
|move|p1a: Okidogi|Poison Jab|p2a: Hatterene
|-supereffective|p2a: Hatterene
|-damage|p2a: Hatterene|0 fnt
|faint|p2a: Hatterene
|-damage|p1a: Okidogi|91/100|[from] item: Life Orb
|
|upkeep
|
|t:|1757930084
|switch|p2a: Koraidon|Koraidon|100/100
|-weather|SunnyDay|[from] ability: Orichalcum Pulse|[of] p2a: Koraidon
|-activate|p2a: Koraidon|Orichalcum Pulse|[source]
|turn|7
|
|t:|1757930094
|move|p2a: Koraidon|Flame Charge|p1a: Okidogi
|-damage|p1a: Okidogi|54/100
|-boost|p2a: Koraidon|spe|1
|move|p1a: Okidogi|High Horsepower|p2a: Koraidon
|-damage|p2a: Koraidon|63/100
|-damage|p1a: Okidogi|45/100|[from] item: Life Orb
|
|-weather|SunnyDay|[upkeep]
|upkeep
|turn|8
|
|t:|1757930100
|move|p2a: Koraidon|Dragon Claw|p1a: Okidogi
|-crit|p1a: Okidogi
|-damage|p1a: Okidogi|0 fnt
|faint|p1a: Okidogi
|
|-weather|SunnyDay|[upkeep]
|upkeep
|
|t:|1757930103
|switch|p1a: Kingambit|Kingambit, F|100/100
|-activate|p1a: Kingambit|ability: Supreme Overlord
|-start|p1a: Kingambit|fallen4|[silent]
|turn|9
|
|t:|1757930109
|-end|p1a: Kingambit|fallen4|[silent]
|switch|p1a: Iron Valiant|Iron Valiant|100/100
|-enditem|p1a: Iron Valiant|Booster Energy
|-activate|p1a: Iron Valiant|ability: Quark Drive|[fromitem]
|-start|p1a: Iron Valiant|quarkdrivespe
|move|p2a: Koraidon|Swords Dance|p2a: Koraidon
|-boost|p2a: Koraidon|atk|2
|
|-weather|SunnyDay|[upkeep]
|upkeep
|turn|10
|
|t:|1757930117
|move|p2a: Koraidon|Flame Charge|p1a: Iron Valiant
|-crit|p1a: Iron Valiant
|-damage|p1a: Iron Valiant|0 fnt
|-boost|p2a: Koraidon|spe|1
|faint|p1a: Iron Valiant
|-end|p1a: Iron Valiant|Quark Drive|[silent]
|
|-weather|SunnyDay|[upkeep]
|upkeep
|
|t:|1757930119
|switch|p1a: Kingambit|Kingambit, F|100/100
|-activate|p1a: Kingambit|ability: Supreme Overlord
|-start|p1a: Kingambit|fallen5|[silent]
|turn|11
|
|t:|1757930124
|-terastallize|p1a: Kingambit|Dark
|move|p1a: Kingambit|Sucker Punch|p2a: Koraidon
|-resisted|p2a: Koraidon
|-damage|p2a: Koraidon|18/100
|move|p2a: Koraidon|Flame Charge|p1a: Kingambit
|-damage|p1a: Kingambit|47/100
|-boost|p2a: Koraidon|spe|1
|
|-weather|none
|upkeep
|turn|12
|
|t:|1757930130
|move|p1a: Kingambit|Sucker Punch|p2a: Koraidon
|-resisted|p2a: Koraidon
|-damage|p2a: Koraidon|0 fnt
|faint|p2a: Koraidon
|
|upkeep
|
|t:|1757930134
|switch|p2a: Slither Wing|Slither Wing|100/100
|turn|13
|
|t:|1757930137
|move|p2a: Slither Wing|First Impression|p1a: Kingambit
|-supereffective|p1a: Kingambit
|-damage|p1a: Kingambit|0 fnt
|faint|p1a: Kingambit
|-end|p1a: Kingambit|fallen5|[silent]
|
|win|lkjfie
|n|☆Fafnir_24|fafnir24
|n|*Lady Monita ☀|ladymonita
|n| gas litten|gaslitten
|n|☆lkjfie|lkjfie
