|j|☆CrockPokes
|j|☆Djabov64
|t:|1757842991
|gametype|singles
|player|p1|CrockPokes|li|1201
|player|p2|Djabov64|102|1244
|gen|9
|tier|[Gen 9] OU
|rated|
|rule|HP Percentage Mod: HP is shown in percentages
|rule|Endless Battle Clause: Forcing endless battles is banned
|rule|Species Clause: Limit one of each Pokémon
|rule|OHKO Clause: OHKO moves are banned
|rule|Evasion Items Clause: Evasion items are banned
|rule|Evasion Moves Clause: Evasion moves are banned
|rule|Evasion Abilities Clause: Evasion abilities are banned
|rule|Sleep Moves Clause: Sleep-inducing moves are banned
|clearpoke
|poke|p1|Iron Valiant|
|poke|p1|Skeledirge, M|
|poke|p1|Garganacl, M|
|poke|p1|Ogerpon-Wellspring, F|
|poke|p1|Ampharos, M|
|poke|p1|Corviknight, M|
|poke|p2|Deoxys-Speed|
|poke|p2|Gholdengo|
|poke|p2|Iron Treads|
|poke|p2|Dragonite, M|
|poke|p2|Iron Moth|
|poke|p2|Samurott-Hisui, F|
|teampreview
|
|t:|1757842996
|teamsize|p1|6
|teamsize|p2|6
|start
|switch|p1a: Garganacl|Garganacl, M|100/100
|switch|p2a: Iron Treads|Iron Treads|100/100
|-enditem|p2a: Iron Treads|Booster Energy
|-activate|p2a: Iron Treads|ability: Quark Drive|[fromitem]
|-start|p2a: Iron Treads|quarkdrivespe
|turn|1
|
|t:|1757843005
|switch|p1a: Ogerpon|Ogerpon-Wellspring, F|100/100
|move|p2a: Iron Treads|Stealth Rock|p1a: Ogerpon
|-sidestart|p1: CrockPokes|move: Stealth Rock
|
|upkeep
|turn|2
|
|t:|1757843013
|move|p2a: Iron Treads|Knock Off|p1a: Ogerpon
|-damage|p1a: Ogerpon|80/100
|move|p1a: Ogerpon|Wood Hammer|p2a: Iron Treads
|-damage|p2a: Iron Treads|46/100
|-damage|p1a: Ogerpon|56/100|[from] Recoil
|
|upkeep
|turn|3
|
|t:|1757843028
|-end|p2a: Iron Treads|Quark Drive|[silent]
|switch|p2a: Iron Moth|Iron Moth|100/100
|-enditem|p2a: Iron Moth|Booster Energy
|-activate|p2a: Iron Moth|ability: Quark Drive|[fromitem]
|-start|p2a: Iron Moth|quarkdrivespe
|move|p1a: Ogerpon|Ivy Cudgel|p2a: Iron Moth|[anim] Ivy Cudgel Water
|-supereffective|p2a: Iron Moth
|-damage|p2a: Iron Moth|0 fnt
|faint|p2a: Iron Moth
|-end|p2a: Iron Moth|Quark Drive|[silent]
|
|upkeep
|
|t:|1757843039
|switch|p2a: Dragonite|Dragonite, M|100/100
|turn|4
|
|t:|1757843044
|move|p1a: Ogerpon|Play Rough|p2a: Dragonite
|-supereffective|p2a: Dragonite
|-damage|p2a: Dragonite|64/100
|move|p2a: Dragonite|Dragon Dance|p2a: Dragonite
|-boost|p2a: Dragonite|atk|1
|-boost|p2a: Dragonite|spe|1
|
|upkeep
|turn|5
|
|t:|1757843056
|-terastallize|p2a: Dragonite|Normal
|move|p2a: Dragonite|Dragon Dance|p2a: Dragonite
|-boost|p2a: Dragonite|atk|1
|-boost|p2a: Dragonite|spe|1
|move|p1a: Ogerpon|Play Rough|p2a: Dragonite
|-damage|p2a: Dragonite|23/100
|
|upkeep
|turn|6
|
|t:|1757843070
|move|p2a: Dragonite|Extreme Speed|p1a: Ogerpon
|-damage|p1a: Ogerpon|0 fnt
|faint|p1a: Ogerpon
|
|upkeep
|
|t:|1757843073
|switch|p1a: Ampharos|Ampharos, M|100/100
|-damage|p1a: Ampharos|88/100|[from] Stealth Rock
|-item|p1a: Ampharos|Air Balloon
|turn|7
|
|t:|1757843080
|move|p2a: Dragonite|Earthquake|p1a: Ampharos
|-immune|p1a: Ampharos
|move|p1a: Ampharos|Focus Blast|p2a: Dragonite|[miss]
|-miss|p1a: Ampharos|p2a: Dragonite
|
|upkeep
|turn|8
|
|t:|1757843093
|move|p2a: Dragonite|Ice Spinner|p1a: Ampharos
|-damage|p1a: Ampharos|33/100
|-enditem|p1a: Ampharos|Air Balloon
|move|p1a: Ampharos|Focus Blast|p2a: Dragonite
|-supereffective|p2a: Dragonite
|-damage|p2a: Dragonite|0 fnt
|faint|p2a: Dragonite
|
|upkeep
|
|t:|1757843109
|switch|p2a: Gholdengo|Gholdengo|100/100
|-item|p2a: Gholdengo|Air Balloon
|turn|9
|
|t:|1757843115
|move|p2a: Gholdengo|Nasty Plot|p2a: Gholdengo
|-boost|p2a: Gholdengo|spa|2
|move|p1a: Ampharos|Thunderbolt|p2a: Gholdengo
|-damage|p2a: Gholdengo|50/100
|-enditem|p2a: Gholdengo|Air Balloon
|
|upkeep
|turn|10
|
|t:|1757843123
|move|p2a: Gholdengo|Shadow Ball|p1a: Ampharos
|-damage|p1a: Ampharos|0 fnt
|faint|p1a: Ampharos
|
|upkeep
|
|t:|1757843131
|switch|p1a: Skeledirge|Skeledirge, M|100/100
|turn|11
|
|t:|1757843135
|-terastallize|p1a: Skeledirge|Electric
|move|p2a: Gholdengo|Shadow Ball|p1a: Skeledirge
|-damage|p1a: Skeledirge|65/100
|move|p1a: Skeledirge|Shadow Ball|p2a: Gholdengo
|-supereffective|p2a: Gholdengo
|-damage|p2a: Gholdengo|0 fnt
|faint|p2a: Gholdengo
|
|upkeep
|
|t:|1757843148
|switch|p2a: Samurott|Samurott-Hisui, F|100/100
|turn|12
|
|t:|1757843154
|move|p2a: Samurott|Razor Shell|p1a: Skeledirge
|-damage|p1a: Skeledirge|21/100
|-unboost|p1a: Skeledirge|def|1
|move|p1a: Skeledirge|Tera Blast|p2a: Samurott|[anim] Tera Blast Electric
|-supereffective|p2a: Samurott
|-enditem|p2a: Samurott|Focus Sash
|-damage|p2a: Samurott|1/100
|
|upkeep
|turn|13
|
|t:|1757843164
|move|p2a: Samurott|Knock Off|p1a: Skeledirge
|-damage|p1a: Skeledirge|0 fnt
|-enditem|p1a: Skeledirge|Heavy-Duty Boots|[from] move: Knock Off|[of] p2a: Samurott
|faint|p1a: Skeledirge
|
|upkeep
|
|t:|1757843170
|switch|p1a: Iron Valiant|Iron Valiant, shiny|100/100
|-damage|p1a: Iron Valiant|94/100|[from] Stealth Rock
|-enditem|p1a: Iron Valiant|Booster Energy
|-activate|p1a: Iron Valiant|ability: Quark Drive|[fromitem]
|-start|p1a: Iron Valiant|quarkdrivespe
|turn|14
|
|t:|1757843178
|move|p1a: Iron Valiant|Psyshock|p2a: Samurott
|-immune|p2a: Samurott
|move|p2a: Samurott|Knock Off|p1a: Iron Valiant
|-resisted|p1a: Iron Valiant
|-damage|p1a: Iron Valiant|85/100
|
|upkeep
|turn|15
|
|t:|1757843187
|move|p1a: Iron Valiant|Thunderbolt|p2a: Samurott
|-supereffective|p2a: Samurott
|-damage|p2a: Samurott|0 fnt
|faint|p2a: Samurott
|
|upkeep
|
|t:|1757843192
|switch|p2a: Iron Treads|Iron Treads|46/100
|turn|16
|
|t:|1757843197
|move|p1a: Iron Valiant|Aura Sphere|p2a: Iron Treads
|-supereffective|p2a: Iron Treads
|-damage|p2a: Iron Treads|0 fnt
|faint|p2a: Iron Treads
|-end|p2a: Iron Treads|Quark Drive|[silent]
|
|upkeep
|
|t:|1757843203
|switch|p2a: Deoxys|Deoxys-Speed|100/100
|-ability|p2a: Deoxys|Pressure
|turn|17
|
|t:|1757843222
|move|p1a: Iron Valiant|Psyshock|p2a: Deoxys
|-resisted|p2a: Deoxys
|-damage|p2a: Deoxys|79/100
|move|p2a: Deoxys|Psycho Boost|p1a: Iron Valiant
|-supereffective|p1a: Iron Valiant
|-damage|p1a: Iron Valiant|0 fnt
|-unboost|p2a: Deoxys|spa|2
|faint|p1a: Iron Valiant
|-end|p1a: Iron Valiant|Quark Drive|[silent]
|-damage|p2a: Deoxys|69/100|[from] item: Life Orb
|
|upkeep
|
|t:|1757843226
|switch|p1a: Garganacl|Garganacl, M|100/100
|-damage|p1a: Garganacl|88/100|[from] Stealth Rock
|turn|18
|
|t:|1757843241
|move|p2a: Deoxys|Knock Off|p1a: Garganacl
|-damage|p1a: Garganacl|71/100
|-enditem|p1a: Garganacl|Leftovers|[from] move: Knock Off|[of] p2a: Deoxys
|-damage|p2a: Deoxys|59/100|[from] item: Life Orb
|move|p1a: Garganacl|Salt Cure|p2a: Deoxys
|-damage|p2a: Deoxys|37/100
|-start|p2a: Deoxys|Salt Cure
|
|-damage|p2a: Deoxys|25/100|[from] Salt Cure
|upkeep
|turn|19
|c|☆CrockPokes|gg
|
|t:|1757843252
|move|p2a: Deoxys|Superpower|p1a: Garganacl
|-supereffective|p1a: Garganacl
|-damage|p1a: Garganacl|28/100
|-unboost|p2a: Deoxys|atk|1
|-unboost|p2a: Deoxys|def|1
|-damage|p2a: Deoxys|15/100|[from] item: Life Orb
|move|p1a: Garganacl|Recover|p1a: Garganacl
|-heal|p1a: Garganacl|78/100
|
|-damage|p2a: Deoxys|2/100|[from] Salt Cure
|upkeep
|turn|20
|-message|Djabov64 forfeited.
|
|win|CrockPokes
|raw|CrockPokes's rating: 1201 &rarr; <strong>1229</strong><br />(+28 for winning)
|raw|Djabov64's rating: 1244 &rarr; <strong>1216</strong><br />(-28 for losing)
|l|☆Djabov64
|player|p2|
|c|☆CrockPokes|gg
|l|☆CrockPokes
|player|p1|
