|j|☆darktrainerben
|j|☆tserola
|t:|1757901250
|gametype|singles
|player|p1|darktrainerben|gambler|1127
|player|p2|tserola|170|1124
|gen|9
|tier|[Gen 9] OU
|rated|
|rule|HP Percentage Mod: HP is shown in percentages
|rule|Endless Battle Clause: Forcing endless battles is banned
|rule|Species Clause: Limit one of each Pokémon
|rule|OHKO Clause: OHKO moves are banned
|rule|Evasion Items Clause: Evasion items are banned
|rule|Evasion Moves Clause: Evasion moves are banned
|rule|Evasion Abilities Clause: Evasion abilities are banned
|rule|Sleep Moves Clause: Sleep-inducing moves are banned
|clearpoke
|poke|p1|Toxtricity, M|
|poke|p1|Honchkrow, F|
|poke|p1|Weezing-Galar, F|
|poke|p1|Ogerpon-Wellspring, F|
|poke|p1|Malamar, M|
|poke|p1|Rabsca, M|
|poke|p2|Corviknight, F|
|poke|p2|Dragonite, M|
|poke|p2|Kingambit, M|
|poke|p2|Clefable, M|
|poke|p2|Pecharunt|
|poke|p2|Moltres|
|teampreview
|c|☆darktrainerben|Hi
|
|t:|1757901260
|teamsize|p1|6
|teamsize|p2|6
|start
|switch|p1a: Me when no malamar|Ogerpon-Wellspring, F|100/100
|switch|p2a: Dragonite|Dragonite, M|100/100
|turn|1
|
|t:|1757901269
|move|p1a: Me when no malamar|Swords Dance|p1a: Me when no malamar
|-boost|p1a: Me when no malamar|atk|2
|move|p2a: Dragonite|Dragon Claw|p1a: Me when no malamar
|-damage|p1a: Me when no malamar|8/100
|
|upkeep
|turn|2
|
|t:|1757901283
|move|p1a: Me when no malamar|Spiky Shield|p1a: Me when no malamar
|-singleturn|p1a: Me when no malamar|move: Protect
|move|p2a: Dragonite|Dragon Claw|p1a: Me when no malamar
|-activate|p1a: Me when no malamar|move: Protect
|-damage|p2a: Dragonite|88/100|[from] Spiky Shield|[of] p1a: Me when no malamar
|
|upkeep
|turn|3
|
|t:|1757901295
|move|p1a: Me when no malamar|Ivy Cudgel|p2a: Dragonite|[anim] Ivy Cudgel Water
|-resisted|p2a: Dragonite
|-damage|p2a: Dragonite|23/100
|move|p2a: Dragonite|Dragon Claw|p1a: Me when no malamar
|-damage|p1a: Me when no malamar|0 fnt
|faint|p1a: Me when no malamar
|
|upkeep
|
|t:|1757901305
|switch|p1a: Shell-by|Weezing-Galar, F, shiny|100/100
|turn|4
|
|t:|1757901310
|switch|p2a: Moltres|Moltres|100/100
|move|p1a: Shell-by|Play Rough|p2a: Moltres
|-resisted|p2a: Moltres
|-damage|p2a: Moltres|83/100
|
|upkeep
|turn|5
|
|t:|1757901321
|switch|p1a: Pal-amar|Malamar, M, shiny|100/100
|move|p2a: Moltres|Flamethrower|p1a: Pal-amar
|-damage|p1a: Pal-amar|48/100
|-status|p1a: Pal-amar|brn
|
|-heal|p1a: Pal-amar|54/100 brn|[from] item: Leftovers
|-damage|p1a: Pal-amar|48/100 brn|[from] brn
|upkeep
|turn|6
|c|☆darktrainerben|ok
|
|t:|1757901335
|move|p2a: Moltres|U-turn|p1a: Pal-amar
|-supereffective|p1a: Pal-amar
|-damage|p1a: Pal-amar|0 fnt
|faint|p1a: Pal-amar
|
|t:|1757901356
|switch|p2a: Pecharunt|Pecharunt|100/100|[from] U-turn
|-item|p2a: Pecharunt|Air Balloon
|
|upkeep
|
|t:|1757901366
|switch|p1a: Unorthodox|Honchkrow, F, shiny|100/100
|turn|7
|
|t:|1757901379
|switch|p2a: Corviknight|Corviknight, F|100/100
|-ability|p2a: Corviknight|Pressure
|move|p1a: Unorthodox|Night Slash|p2a: Corviknight
|-damage|p2a: Corviknight|55/100
|
|-heal|p2a: Corviknight|61/100|[from] item: Leftovers
|upkeep
|turn|8
|c|☆darktrainerben|My bird is better than yours
|
|t:|1757901400
|move|p1a: Unorthodox|Night Slash|p2a: Corviknight
|-damage|p2a: Corviknight|13/100
|move|p2a: Corviknight|Roost|p2a: Corviknight
|-heal|p2a: Corviknight|63/100
|-singleturn|p2a: Corviknight|move: Roost
|
|-heal|p2a: Corviknight|70/100|[from] item: Leftovers
|upkeep
|turn|9
|
|t:|1757901416
|switch|p2a: Clefable|Clefable, M|100/100
|move|p1a: Unorthodox|Night Slash|p2a: Clefable
|-resisted|p2a: Clefable
|-damage|p2a: Clefable|70/100
|
|-heal|p2a: Clefable|76/100|[from] item: Leftovers
|upkeep
|turn|10
|
|t:|1757901428
|move|p1a: Unorthodox|Night Slash|p2a: Clefable
|-resisted|p2a: Clefable
|-damage|p2a: Clefable|45/100
|move|p2a: Clefable|Cosmic Power|p2a: Clefable
|-boost|p2a: Clefable|def|1
|-boost|p2a: Clefable|spd|1
|
|-heal|p2a: Clefable|51/100|[from] item: Leftovers
|upkeep
|turn|11
|c|☆darktrainerben|What the hell crit
|
|t:|1757901440
|move|p1a: Unorthodox|Night Slash|p2a: Clefable
|-resisted|p2a: Clefable
|-crit|p2a: Clefable
|-damage|p2a: Clefable|0 fnt
|faint|p2a: Clefable
|
|upkeep
|c|☆darktrainerben|Thank you
|
|t:|1757901462
|switch|p2a: Dragonite|Dragonite, M|23/100
|turn|12
|
|t:|1757901466
|move|p2a: Dragonite|Extreme Speed|p1a: Unorthodox
|-damage|p1a: Unorthodox|32/100
|move|p1a: Unorthodox|Night Slash|p2a: Dragonite
|-crit|p2a: Dragonite
|-damage|p2a: Dragonite|0 fnt
|faint|p2a: Dragonite
|
|upkeep
|
|t:|1757901472
|switch|p2a: Kingambit|Kingambit, M|100/100
|-activate|p2a: Kingambit|ability: Supreme Overlord
|-start|p2a: Kingambit|fallen2|[silent]
|turn|13
|
|t:|1757901484
|switch|p1a: Shell-by|Weezing-Galar, F, shiny|100/100
|move|p2a: Kingambit|Swords Dance|p2a: Kingambit
|-boost|p2a: Kingambit|atk|2
|
|upkeep
|turn|14
|
|t:|1757901493
|move|p2a: Kingambit|Iron Head|p1a: Shell-by
|-supereffective|p1a: Shell-by
|-damage|p1a: Shell-by|0 fnt
|faint|p1a: Shell-by
|-damage|p2a: Kingambit|91/100|[from] item: Life Orb
|
|upkeep
|
|t:|1757901504
|switch|p1a: Unorthodox|Honchkrow, F, shiny|32/100
|turn|15
|
|t:|1757901509
|move|p2a: Kingambit|Sucker Punch|p1a: Unorthodox
|-resisted|p1a: Unorthodox
|-damage|p1a: Unorthodox|0 fnt
|faint|p1a: Unorthodox
|-damage|p2a: Kingambit|81/100|[from] item: Life Orb
|
|upkeep
|
|t:|1757901517
|switch|p1a: Bugga|Rabsca, M|100/100
|turn|16
|
|t:|1757901523
|move|p2a: Kingambit|Sucker Punch||[still]
|-fail|p2a: Kingambit
|move|p1a: Bugga|Revival Blessing|p1a: Bugga
|-enditem|p1a: Bugga|Leppa Berry|[eat]
|-activate|p1a: Bugga|item: Leppa Berry|Revival Blessing|[consumed]
|
|t:|1757901532
|-heal|p1: Shell-by|50/100|[from] move: Revival Blessing
|
|upkeep
|turn|17
|
|t:|1757901541
|move|p2a: Kingambit|Lash Out|p1a: Bugga
|-supereffective|p1a: Bugga
|-damage|p1a: Bugga|0 fnt
|faint|p1a: Bugga
|-damage|p2a: Kingambit|71/100|[from] item: Life Orb
|
|upkeep
|
|t:|1757901553
|switch|p1a: Blink-182|Toxtricity, M|100/100
|turn|18
|
|t:|1757901559
|move|p1a: Blink-182|Shift Gear|p1a: Blink-182
|-boost|p1a: Blink-182|spe|2
|-boost|p1a: Blink-182|atk|1
|move|p2a: Kingambit|Lash Out|p1a: Blink-182
|-damage|p1a: Blink-182|0 fnt
|faint|p1a: Blink-182
|-damage|p2a: Kingambit|61/100|[from] item: Life Orb
|
|upkeep
|
|t:|1757901574
|switch|p1a: Shell-by|Weezing-Galar, F, shiny|50/100
|turn|19
|
|t:|1757901582
|move|p2a: Kingambit|Iron Head|p1a: Shell-by
|-supereffective|p1a: Shell-by
|-damage|p1a: Shell-by|0 fnt
|faint|p1a: Shell-by
|-damage|p2a: Kingambit|51/100|[from] item: Life Orb
|
|win|tserola
|raw|darktrainerben's rating: 1127 &rarr; <strong>1102</strong><br />(-25 for losing)
|raw|tserola's rating: 1124 &rarr; <strong>1149</strong><br />(+25 for winning)
|c|☆darktrainerben|Gg
|l|☆tserola
|player|p2|
|l|☆darktrainerben
|player|p1|
