|j|☆CC Foot Soldier
|j|☆Eight Five
|t:|1757869662
|gametype|singles
|player|p1|CC Foot Soldier|waiter-gen4|1462
|player|p2|Eight Five|170|1421
|gen|9
|tier|[Gen 9] OU
|rated|
|rule|HP Percentage Mod: HP is shown in percentages
|rule|Endless Battle Clause: Forcing endless battles is banned
|rule|Species Clause: Limit one of each Pokémon
|rule|OHKO Clause: OHKO moves are banned
|rule|Evasion Items Clause: Evasion items are banned
|rule|Evasion Moves Clause: Evasion moves are banned
|rule|Evasion Abilities Clause: Evasion abilities are banned
|rule|Sleep Moves Clause: Sleep-inducing moves are banned
|clearpoke
|poke|p1|Araquanid, F|
|poke|p1|Gholdengo|
|poke|p1|Enamorus, F|
|poke|p1|Raging Bolt|
|poke|p1|Iron Valiant|
|poke|p1|Kingambit, F|
|poke|p2|Excadrill, M|
|poke|p2|Tyranitar, F|
|poke|p2|Mandibuzz, F|
|poke|p2|Amoonguss, F|
|poke|p2|Weezing-Galar, M|
|poke|p2|Keldeo-Resolute|
|teampreview
|inactive|Battle timer is ON: inactive players will automatically lose when time's up. (requested by Eight Five)
|
|t:|1757869680
|teamsize|p1|6
|teamsize|p2|6
|start
|switch|p1a: Enamorus|Enamorus, F|100/100
|switch|p2a: Tyranitar|Tyranitar, F|100/100
|-weather|Sandstorm|[from] ability: Sand Stream|[of] p2a: Tyranitar
|turn|1
|
|t:|1757869689
|switch|p2a: Amoonguss|Amoonguss, F|100/100
|move|p1a: Enamorus|Moonblast|p2a: Amoonguss
|-resisted|p2a: Amoonguss
|-damage|p2a: Amoonguss|64/100
|
|-weather|Sandstorm|[upkeep]
|-damage|p1a: Enamorus|94/100|[from] Sandstorm
|-damage|p2a: Amoonguss|58/100|[from] Sandstorm
|upkeep
|turn|2
|
|t:|1757869710
|switch|p1a: Gholdengo|Gholdengo|100/100
|-item|p1a: Gholdengo|Air Balloon
|move|p2a: Amoonguss|Sludge Bomb|p1a: Gholdengo
|-immune|p1a: Gholdengo
|
|-weather|Sandstorm|[upkeep]
|-damage|p2a: Amoonguss|52/100|[from] Sandstorm
|upkeep
|turn|3
|
|t:|1757869724
|switch|p1a: Araquanid|Araquanid, F|100/100
|switch|p2a: Mandibuzz|Mandibuzz, F|100/100
|
|-weather|Sandstorm|[upkeep]
|-damage|p1a: Araquanid|94/100|[from] Sandstorm
|upkeep
|turn|4
|
|t:|1757869736
|move|p2a: Mandibuzz|U-turn|p1a: Araquanid
|-damage|p1a: Araquanid|85/100
|
|t:|1757869741
|switch|p2a: Tyranitar|Tyranitar, F|100/100|[from] U-turn
|move|p1a: Araquanid|Surf|p2a: Tyranitar
|-supereffective|p2a: Tyranitar
|-damage|p2a: Tyranitar|73/100
|
|-weather|Sandstorm|[upkeep]
|-damage|p1a: Araquanid|79/100|[from] Sandstorm
|upkeep
|turn|5
|
|t:|1757869758
|move|p2a: Tyranitar|Stone Edge|p1a: Araquanid
|-supereffective|p1a: Araquanid
|-damage|p1a: Araquanid|11/100
|move|p1a: Araquanid|Liquidation|p2a: Tyranitar
|-supereffective|p2a: Tyranitar
|-damage|p2a: Tyranitar|0 fnt
|faint|p2a: Tyranitar
|
|-weather|Sandstorm|[upkeep]
|-damage|p1a: Araquanid|5/100|[from] Sandstorm
|upkeep
|
|t:|1757869780
|switch|p2a: Excadrill|Excadrill, M|100/100
|turn|6
|-enditem|p1a: Araquanid|Custap Berry|[eat]
|-activate|p1a: Araquanid|item: Custap Berry|[consumed]
|
|t:|1757869792
|move|p1a: Araquanid|Liquidation|p2a: Excadrill
|-supereffective|p2a: Excadrill
|-damage|p2a: Excadrill|0 fnt
|faint|p2a: Excadrill
|
|-weather|Sandstorm|[upkeep]
|-damage|p1a: Araquanid|0 fnt|[from] Sandstorm
|faint|p1a: Araquanid
|upkeep
|-message|Eight Five forfeited.
|
|win|CC Foot Soldier
|raw|CC Foot Soldier's rating: 1462 &rarr; <strong>1480</strong><br />(+18 for winning)
|raw|Eight Five's rating: 1421 &rarr; <strong>1403</strong><br />(-18 for losing)
|l|☆Eight Five
|player|p2|
|l|☆CC Foot Soldier
|player|p1|
