|j|☆M.C.9
|j|☆Actually_Apollo
|t:|1757886137
|gametype|singles
|player|p1|M.C.9|n|1203
|player|p2|Actually_Apollo|morty|1173
|gen|9
|tier|[Gen 9] OU
|rated|
|rule|HP Percentage Mod: HP is shown in percentages
|rule|Endless Battle Clause: Forcing endless battles is banned
|rule|Species Clause: Limit one of each Pokémon
|rule|OHKO Clause: OHKO moves are banned
|rule|Evasion Items Clause: Evasion items are banned
|rule|Evasion Moves Clause: Evasion moves are banned
|rule|Evasion Abilities Clause: Evasion abilities are banned
|rule|Sleep Moves Clause: Sleep-inducing moves are banned
|clearpoke
|poke|p1|Ogerpon-Wellspring, F|
|poke|p1|Meowscarada, F|
|poke|p1|Sinistcha|
|poke|p1|Amoonguss, M|
|poke|p1|Whimsicott, M|
|poke|p1|Rillaboom, M|
|poke|p2|Floatzel, F|
|poke|p2|Barraskewda, M|
|poke|p2|Iron Treads|
|poke|p2|Dragalge, F|
|poke|p2|Kingambit, M|
|poke|p2|Pelipper, F|
|teampreview
|inactive|Battle timer is ON: inactive players will automatically lose when time's up. (requested by Actually_Apollo)
|inactive|M.C.9 also wants the timer to be on.
|
|t:|1757886161
|teamsize|p1|6
|teamsize|p2|6
|start
|switch|p1a: Meowscarada|Meowscarada, F|100/100
|switch|p2a: Dragalge|Dragalge, F|100/100
|turn|1
|
|t:|1757886179
|-terastallize|p1a: Meowscarada|Dark
|move|p1a: Meowscarada|Knock Off|p2a: Dragalge
|-damage|p2a: Dragalge|48/100
|-status|p1a: Meowscarada|psn|[from] ability: Poison Point|[of] p2a: Dragalge
|-enditem|p2a: Dragalge|Leftovers|[from] move: Knock Off|[of] p1a: Meowscarada
|move|p2a: Dragalge|Sludge Bomb|p1a: Meowscarada
|-damage|p1a: Meowscarada|54/100 psn
|
|-damage|p1a: Meowscarada|42/100 psn|[from] psn
|upkeep
|turn|2
|
|t:|1757886208
|switch|p2a: Pelipper|Pelipper, F|100/100
|-weather|RainDance|[from] ability: Drizzle|[of] p2a: Pelipper
|move|p1a: Meowscarada|Triple Axel|p2a: Pelipper
|-damage|p2a: Pelipper|96/100
|-damage|p2a: Pelipper|86/100
|-damage|p2a: Pelipper|70/100
|-hitcount|p2a: Pelipper|3
|
|-weather|RainDance|[upkeep]
|-damage|p1a: Meowscarada|30/100 psn|[from] psn
|upkeep
|turn|3
|
|t:|1757886225
|move|p1a: Meowscarada|Knock Off|p2a: Pelipper
|-damage|p2a: Pelipper|23/100
|-enditem|p2a: Pelipper|Damp Rock|[from] move: Knock Off|[of] p1a: Meowscarada
|move|p2a: Pelipper|Roost|p2a: Pelipper
|-heal|p2a: Pelipper|74/100
|-singleturn|p2a: Pelipper|move: Roost
|
|-weather|RainDance|[upkeep]
|-damage|p1a: Meowscarada|18/100 psn|[from] psn
|upkeep
|turn|4
|
|t:|1757886239
|move|p1a: Meowscarada|U-turn|p2a: Pelipper
|-resisted|p2a: Pelipper
|-damage|p2a: Pelipper|65/100
|
|t:|1757886252
|switch|p1a: Whimsicott|Whimsicott, M|100/100|[from] U-turn
|move|p2a: Pelipper|Roost|p2a: Pelipper
|-heal|p2a: Pelipper|100/100
|-singleturn|p2a: Pelipper|move: Roost
|
|-weather|RainDance|[upkeep]
|upkeep
|turn|5
|
|t:|1757886262
|switch|p2a: Iron Treads|Iron Treads|100/100
|move|p1a: Whimsicott|Tailwind|p1a: Whimsicott
|-sidestart|p1: M.C.9|move: Tailwind
|
|-weather|RainDance|[upkeep]
|upkeep
|turn|6
|
|t:|1757886272
|move|p1a: Whimsicott|U-turn|p2a: Iron Treads
|-resisted|p2a: Iron Treads
|-crit|p2a: Iron Treads
|-damage|p2a: Iron Treads|94/100
|
|t:|1757886275
|switch|p1a: Rillaboom|Rillaboom, M|100/100|[from] U-turn
|-fieldstart|move: Grassy Terrain|[from] ability: Grassy Surge|[of] p1a: Rillaboom
|move|p2a: Iron Treads|Stealth Rock|p1a: Rillaboom
|-sidestart|p1: M.C.9|move: Stealth Rock
|
|-weather|RainDance|[upkeep]
|-heal|p2a: Iron Treads|100/100|[from] Grassy Terrain
|upkeep
|turn|7
|inactive|Actually_Apollo has 120 seconds left.
|
|t:|1757886333
|-end|p2a: Iron Treads|Quark Drive|[silent]
|switch|p2a: Kingambit|Kingambit, M|100/100
|move|p1a: Rillaboom|Wood Hammer|p2a: Kingambit
|-resisted|p2a: Kingambit
|-damage|p2a: Kingambit|56/100
|-damage|p1a: Rillaboom|83/100|[from] Recoil
|
|-weather|RainDance|[upkeep]
|-heal|p1a: Rillaboom|89/100|[from] Grassy Terrain
|-heal|p2a: Kingambit|62/100|[from] Grassy Terrain
|upkeep
|turn|8
|
|t:|1757886349
|move|p1a: Rillaboom|Wood Hammer|p2a: Kingambit
|-resisted|p2a: Kingambit
|-damage|p2a: Kingambit|12/100
|-damage|p1a: Rillaboom|70/100|[from] Recoil
|move|p2a: Kingambit|Iron Head|p1a: Rillaboom
|-damage|p1a: Rillaboom|20/100
|
|-weather|RainDance|[upkeep]
|-heal|p1a: Rillaboom|26/100|[from] Grassy Terrain
|-heal|p2a: Kingambit|18/100|[from] Grassy Terrain
|-sideend|p1: M.C.9|move: Tailwind
|upkeep
|turn|9
|
|t:|1757886363
|move|p2a: Kingambit|Sucker Punch|p1a: Rillaboom
|-damage|p1a: Rillaboom|0 fnt
|faint|p1a: Rillaboom
|
|-weather|none
|-heal|p2a: Kingambit|24/100|[from] Grassy Terrain
|upkeep
|inactive|M.C.9 has 120 seconds left.
|inactive|M.C.9 has 90 seconds left.
|
|t:|1757886437
|switch|p1a: Amoonguss|Amoonguss, M|100/100
|turn|10
|inactive|Actually_Apollo has 90 seconds left.
|
|t:|1757886467
|-end|p2a: Kingambit|fallenundefined|[silent]
|switch|p2a: Pelipper|Pelipper, F|100/100
|-weather|RainDance|[from] ability: Drizzle|[of] p2a: Pelipper
|move|p1a: Amoonguss|Foul Play|p2a: Pelipper
|-damage|p2a: Pelipper|92/100
|
|-weather|RainDance|[upkeep]
|-fieldend|move: Grassy Terrain
|upkeep
|turn|11
|inactive|Actually_Apollo has 90 seconds left.
|
|t:|1757886482
|move|p2a: Pelipper|Hurricane|p1a: Amoonguss
|-supereffective|p1a: Amoonguss
|-damage|p1a: Amoonguss|36/100
|move|p1a: Amoonguss|Toxic|p2a: Pelipper
|-status|p2a: Pelipper|tox
|
|-weather|RainDance|[upkeep]
|-damage|p2a: Pelipper|86/100 tox|[from] psn
|upkeep
|turn|12
|
|t:|1757886495
|switch|p1a: Whimsicott|Whimsicott, M|100/100
|-damage|p1a: Whimsicott|88/100|[from] Stealth Rock
|move|p2a: Pelipper|Hurricane|p1a: Whimsicott
|-supereffective|p1a: Whimsicott
|-damage|p1a: Whimsicott|0 fnt
|faint|p1a: Whimsicott
|
|-weather|RainDance|[upkeep]
|-damage|p2a: Pelipper|74/100 tox|[from] psn
|upkeep
|inactive|M.C.9 has 60 seconds left.
|inactive|M.C.9 has 30 seconds left.
|
|t:|1757886552
|switch|p1a: Meowscarada|Meowscarada, F, tera:Dark|18/100 psn
|turn|13
|inactive|Actually_Apollo has 90 seconds left.
|inactive|Actually_Apollo has 60 seconds left.
|
|t:|1757886609
|switch|p2a: Barraskewda|Barraskewda, M|100/100
|move|p1a: Meowscarada|Knock Off|p2a: Barraskewda
|-damage|p2a: Barraskewda|0 fnt
|-enditem|p2a: Barraskewda|Choice Band|[from] move: Knock Off|[of] p1a: Meowscarada
|faint|p2a: Barraskewda
|
|-weather|RainDance|[upkeep]
|-damage|p1a: Meowscarada|5/100 psn|[from] psn
|upkeep
|inactive|Actually_Apollo has 60 seconds left.
|
|t:|1757886630
|switch|p2a: Floatzel|Floatzel, F|100/100
|turn|14
|
|t:|1757886640
|switch|p1a: Ogerpon|Ogerpon-Wellspring, F|100/100
|-damage|p1a: Ogerpon|88/100|[from] Stealth Rock
|move|p2a: Floatzel|Ice Spinner|p1a: Ogerpon
|-damage|p1a: Ogerpon|37/100
|
|-weather|none
|upkeep
|turn|15
|
|t:|1757886662
|move|p1a: Ogerpon|Power Whip|p2a: Floatzel
|-supereffective|p2a: Floatzel
|-damage|p2a: Floatzel|0 fnt
|faint|p2a: Floatzel
|
|upkeep
|
|t:|1757886668
|switch|p2a: Pelipper|Pelipper, F|74/100 tox
|-weather|RainDance|[from] ability: Drizzle|[of] p2a: Pelipper
|turn|16
|
|t:|1757886676
|move|p1a: Ogerpon|Power Whip|p2a: Pelipper
|-damage|p2a: Pelipper|24/100 tox
|move|p2a: Pelipper|U-turn|p1a: Ogerpon
|-supereffective|p1a: Ogerpon
|-damage|p1a: Ogerpon|15/100
|
|t:|1757886684
|switch|p2a: Dragalge|Dragalge, F|48/100|[from] U-turn
|
|-weather|RainDance|[upkeep]
|upkeep
|turn|17
|
|t:|1757886705
|move|p1a: Ogerpon|Play Rough|p2a: Dragalge
|-damage|p2a: Dragalge|15/100
|-status|p1a: Ogerpon|psn|[from] ability: Poison Point|[of] p2a: Dragalge
|move|p2a: Dragalge|Sludge Bomb|p1a: Ogerpon
|-supereffective|p1a: Ogerpon
|-crit|p1a: Ogerpon
|-damage|p1a: Ogerpon|0 fnt
|faint|p1a: Ogerpon
|
|-weather|RainDance|[upkeep]
|upkeep
|
|t:|1757886718
|switch|p1a: Sinistcha|Sinistcha|100/100
|turn|18
|
|t:|1757886723
|move|p1a: Sinistcha|Calm Mind|p1a: Sinistcha
|-boost|p1a: Sinistcha|spa|1
|-boost|p1a: Sinistcha|spd|1
|move|p2a: Dragalge|Dragon Tail|p1a: Sinistcha
|-damage|p1a: Sinistcha|89/100
|drag|p1a: Meowscarada|Meowscarada, F, tera:Dark|5/100 psn
|
|-weather|RainDance|[upkeep]
|-damage|p1a: Meowscarada|0 fnt|[from] psn
|faint|p1a: Meowscarada
|upkeep
|
|t:|1757886737
|switch|p1a: Amoonguss|Amoonguss, M|69/100
|turn|19
|
|t:|1757886745
|move|p2a: Dragalge|Toxic Spikes|p1a: Amoonguss
|-sidestart|p1: M.C.9|move: Toxic Spikes
|move|p1a: Amoonguss|Foul Play|p2a: Dragalge
|-damage|p2a: Dragalge|1/100
|
|-weather|RainDance|[upkeep]
|upkeep
|turn|20
|
|t:|1757886759
|move|p2a: Dragalge|Toxic Spikes|p1a: Amoonguss
|-sidestart|p1: M.C.9|move: Toxic Spikes
|move|p1a: Amoonguss|Foul Play|p2a: Dragalge
|-damage|p2a: Dragalge|0 fnt
|faint|p2a: Dragalge
|
|-weather|none
|upkeep
|
|t:|1757886767
|switch|p2a: Pelipper|Pelipper, F|24/100 tox
|-weather|RainDance|[from] ability: Drizzle|[of] p2a: Pelipper
|turn|21
|
|t:|1757886784
|move|p2a: Pelipper|Hurricane|p1a: Amoonguss
|-supereffective|p1a: Amoonguss
|-damage|p1a: Amoonguss|0 fnt
|faint|p1a: Amoonguss
|
|-weather|RainDance|[upkeep]
|-damage|p2a: Pelipper|18/100 tox|[from] psn
|upkeep
|
|t:|1757886791
|switch|p1a: Sinistcha|Sinistcha|89/100
|turn|22
|
|t:|1757886811
|move|p1a: Sinistcha|Calm Mind|p1a: Sinistcha
|-boost|p1a: Sinistcha|spa|1
|-boost|p1a: Sinistcha|spd|1
|move|p2a: Pelipper|Hurricane|p1a: Sinistcha
|-supereffective|p1a: Sinistcha
|-damage|p1a: Sinistcha|33/100
|
|-weather|RainDance|[upkeep]
|-damage|p2a: Pelipper|5/100 tox|[from] psn
|upkeep
|turn|23
|
|t:|1757886828
|move|p1a: Sinistcha|Matcha Gotcha|p2a: Pelipper
|-damage|p2a: Pelipper|0 fnt
|-heal|p1a: Sinistcha|35/100|[from] drain|[of] p2a: Pelipper
|faint|p2a: Pelipper
|
|-weather|RainDance|[upkeep]
|upkeep
|inactive|Actually_Apollo has 120 seconds left.
|
|t:|1757886865
|switch|p2a: Kingambit|Kingambit, M|24/100
|-activate|p2a: Kingambit|ability: Supreme Overlord
|-start|p2a: Kingambit|fallen4|[silent]
|turn|24
|
|t:|1757886870
|move|p1a: Sinistcha|Matcha Gotcha|p2a: Kingambit
|-resisted|p2a: Kingambit
|-damage|p2a: Kingambit|0 fnt
|-heal|p1a: Sinistcha|49/100|[from] drain|[of] p2a: Kingambit
|faint|p2a: Kingambit
|-end|p2a: Kingambit|fallen4|[silent]
|
|-weather|RainDance|[upkeep]
|upkeep
|-message|Actually_Apollo forfeited.
|
|win|M.C.9
|raw|M.C.9's rating: 1203 &rarr; <strong>1226</strong><br />(+23 for winning)
|raw|Actually_Apollo's rating: 1173 &rarr; <strong>1150</strong><br />(-23 for losing)
|l|☆Actually_Apollo
|player|p2|
