|j|☆Darknes
|j|☆GrapeIU
|t:|1757909947
|gametype|singles
|player|p1|Darknes|acetrainerf-gen4|1338
|player|p2|GrapeIU|2|1403
|gen|9
|tier|[Gen 9] OU
|rated|
|rule|HP Percentage Mod: HP is shown in percentages
|rule|Endless Battle Clause: Forcing endless battles is banned
|rule|Species Clause: Limit one of each Pokémon
|rule|OHKO Clause: OHKO moves are banned
|rule|Evasion Items Clause: Evasion items are banned
|rule|Evasion Moves Clause: Evasion moves are banned
|rule|Evasion Abilities Clause: Evasion abilities are banned
|rule|Sleep Moves Clause: Sleep-inducing moves are banned
|clearpoke
|poke|p1|Scizor, F|
|poke|p1|Volcanion|
|poke|p1|Landorus-Therian, M|
|poke|p1|Ninetales-Alola, M|
|poke|p1|Thundurus-Therian, M|
|poke|p1|Iron Valiant|
|poke|p2|Gliscor, F|
|poke|p2|Ting-Lu|
|poke|p2|Weavile, F|
|poke|p2|Dragonite, F|
|poke|p2|Corviknight, F|
|poke|p2|Clefable, F|
|teampreview
|inactive|Battle timer is ON: inactive players will automatically lose when time's up. (requested by Darknes)
|
|t:|1757909967
|teamsize|p1|6
|teamsize|p2|6
|start
|switch|p1a: Landorus|Landorus-Therian, M, shiny|100/100
|switch|p2a: Weavile|Weavile, F|100/100
|-ability|p2a: Weavile|Pressure
|-ability|p1a: Landorus|Intimidate|boost
|-unboost|p2a: Weavile|atk|1
|turn|1
|
|t:|1757909977
|switch|p2a: Gliscor|Gliscor, F|100/100
|switch|p1a: Volcanion|Volcanion|100/100
|
|-status|p2a: Gliscor|tox|[from] item: Toxic Orb
|upkeep
|turn|2
|
|t:|1757909984
|move|p2a: Gliscor|Protect|p2a: Gliscor
|-singleturn|p2a: Gliscor|Protect
|move|p1a: Volcanion|Steam Eruption|p2a: Gliscor
|-activate|p2a: Gliscor|move: Protect
|
|upkeep
|turn|3
|
|t:|1757910011
|switch|p1a: Scizor|Scizor, F, shiny|100/100
|switch|p2a: Dragonite|Dragonite, F|100/100
|
|upkeep
|turn|4
|
|t:|1757910023
|switch|p2a: Gliscor|Gliscor, F|100/100 tox
|move|p1a: Scizor|Bug Bite|p2a: Gliscor
|-resisted|p2a: Gliscor
|-damage|p2a: Gliscor|81/100 tox
|
|-heal|p2a: Gliscor|93/100 tox|[from] ability: Poison Heal
|upkeep
|turn|5
|
|t:|1757910030
|move|p2a: Gliscor|Knock Off|p1a: Scizor
|-damage|p1a: Scizor|77/100
|-enditem|p1a: Scizor|Leftovers|[from] move: Knock Off|[of] p2a: Gliscor
|move|p1a: Scizor|Swords Dance|p1a: Scizor
|-boost|p1a: Scizor|atk|2
|
|-heal|p2a: Gliscor|100/100 tox|[from] ability: Poison Heal
|upkeep
|turn|6
|
|t:|1757910037
|move|p2a: Gliscor|Swords Dance|p2a: Gliscor
|-boost|p2a: Gliscor|atk|2
|move|p1a: Scizor|Bug Bite|p2a: Gliscor
|-resisted|p2a: Gliscor
|-damage|p2a: Gliscor|57/100 tox
|
|-heal|p2a: Gliscor|70/100 tox|[from] ability: Poison Heal
|upkeep
|turn|7
|
|t:|1757910047
|move|p2a: Gliscor|Facade|p1a: Scizor
|-resisted|p1a: Scizor
|-damage|p1a: Scizor|49/100
|move|p1a: Scizor|Bug Bite|p2a: Gliscor
|-resisted|p2a: Gliscor
|-damage|p2a: Gliscor|30/100 tox
|
|-heal|p2a: Gliscor|43/100 tox|[from] ability: Poison Heal
|upkeep
|turn|8
|
|t:|1757910056
|move|p2a: Gliscor|Protect|p2a: Gliscor
|-singleturn|p2a: Gliscor|Protect
|move|p1a: Scizor|Swords Dance|p1a: Scizor
|-boost|p1a: Scizor|atk|2
|
|-heal|p2a: Gliscor|55/100 tox|[from] ability: Poison Heal
|upkeep
|turn|9
|
|t:|1757910062
|switch|p2a: Clefable|Clefable, F|100/100
|move|p1a: Scizor|Bullet Punch|p2a: Clefable
|-supereffective|p2a: Clefable
|-damage|p2a: Clefable|50/100
|
|upkeep
|turn|10
|
|t:|1757910070
|switch|p2a: Corviknight|Corviknight, F|100/100
|-ability|p2a: Corviknight|Pressure
|move|p1a: Scizor|Bullet Punch|p2a: Corviknight
|-resisted|p2a: Corviknight
|-damage|p2a: Corviknight|69/100
|-damage|p1a: Scizor|32/100|[from] item: Rocky Helmet|[of] p2a: Corviknight
|
|upkeep
|turn|11
|
|t:|1757910079
|switch|p1a: Ninetales|Ninetales-Alola, M, shiny|100/100
|-weather|Snowscape|[from] ability: Snow Warning|[of] p1a: Ninetales
|move|p2a: Corviknight|Iron Defense|p2a: Corviknight
|-boost|p2a: Corviknight|def|2
|
|-weather|Snowscape|[upkeep]
|upkeep
|turn|12
|
|t:|1757910083
|move|p1a: Ninetales|Encore|p2a: Corviknight
|-start|p2a: Corviknight|Encore
|move|p2a: Corviknight|Iron Defense|p2a: Corviknight
|-boost|p2a: Corviknight|def|2
|
|-weather|Snowscape|[upkeep]
|upkeep
|turn|13
|
|t:|1757910088
|switch|p2a: Clefable|Clefable, F|50/100
|move|p1a: Ninetales|Aurora Veil|p1a: Ninetales
|-sidestart|p1: Darknes|move: Aurora Veil
|
|-weather|Snowscape|[upkeep]
|upkeep
|turn|14
|
|t:|1757910097
|switch|p1a: Volcanion|Volcanion|100/100
|move|p2a: Clefable|Moonlight|p2a: Clefable
|-heal|p2a: Clefable|75/100
|
|-weather|Snowscape|[upkeep]
|upkeep
|turn|15
|
|t:|1757910102
|move|p1a: Volcanion|Sludge Wave|p2a: Clefable
|-supereffective|p2a: Clefable
|-damage|p2a: Clefable|11/100
|move|p2a: Clefable|Thunder Wave|p1a: Volcanion
|-status|p1a: Volcanion|par
|
|-weather|none
|upkeep
|turn|16
|
|t:|1757910115
|switch|p2a: Dragonite|Dragonite, F|100/100
|cant|p1a: Volcanion|par
|
|upkeep
|turn|17
|
|t:|1757910122
|switch|p2a: Weavile|Weavile, F|100/100
|-ability|p2a: Weavile|Pressure
|switch|p1a: Landorus|Landorus-Therian, M, shiny|100/100
|-ability|p1a: Landorus|Intimidate|boost
|-unboost|p2a: Weavile|atk|1
|
|upkeep
|turn|18
|
|t:|1757910133
|switch|p1a: Ninetales|Ninetales-Alola, M, shiny|100/100
|-weather|Snowscape|[from] ability: Snow Warning|[of] p1a: Ninetales
|move|p2a: Weavile|Icicle Crash|p1a: Ninetales
|-resisted|p1a: Ninetales
|-damage|p1a: Ninetales|94/100
|
|-weather|Snowscape|[upkeep]
|upkeep
|turn|19
|
|t:|1757910142
|move|p2a: Weavile|Knock Off|p1a: Ninetales
|-resisted|p1a: Ninetales
|-crit|p1a: Ninetales
|-damage|p1a: Ninetales|60/100
|-enditem|p1a: Ninetales|Light Clay|[from] move: Knock Off|[of] p2a: Weavile
|move|p1a: Ninetales|Freeze-Dry|p2a: Weavile
|-resisted|p2a: Weavile
|-damage|p2a: Weavile|83/100
|
|-weather|Snowscape|[upkeep]
|upkeep
|turn|20
|
|t:|1757910154
|move|p2a: Weavile|Knock Off|p1a: Ninetales
|-resisted|p1a: Ninetales
|-damage|p1a: Ninetales|54/100
|move|p1a: Ninetales|Moonblast|p2a: Weavile
|-supereffective|p2a: Weavile
|-damage|p2a: Weavile|0 fnt
|faint|p2a: Weavile
|
|-weather|Snowscape|[upkeep]
|-sideend|p1: Darknes|move: Aurora Veil
|upkeep
|
|t:|1757910160
|switch|p2a: Corviknight|Corviknight, F|69/100
|-ability|p2a: Corviknight|Pressure
|turn|21
|
|t:|1757910167
|switch|p1a: Volcanion|Volcanion|100/100 par
|move|p2a: Corviknight|Roost|p2a: Corviknight
|-heal|p2a: Corviknight|100/100
|-singleturn|p2a: Corviknight|move: Roost
|
|-weather|Snowscape|[upkeep]
|upkeep
|turn|22
|
|t:|1757910175
|switch|p2a: Ting-Lu|Ting-Lu|100/100
|-ability|p2a: Ting-Lu|Vessel of Ruin
|cant|p1a: Volcanion|par
|
|-weather|none
|upkeep
|turn|23
|
|t:|1757910182
|move|p1a: Volcanion|Steam Eruption|p2a: Ting-Lu
|-supereffective|p2a: Ting-Lu
|-damage|p2a: Ting-Lu|51/100
|move|p2a: Ting-Lu|Stealth Rock|p1a: Volcanion
|-sidestart|p1: Darknes|move: Stealth Rock
|
|-heal|p2a: Ting-Lu|58/100|[from] item: Leftovers
|upkeep
|turn|24
|
|t:|1757910189
|move|p1a: Volcanion|Steam Eruption|p2a: Ting-Lu
|-supereffective|p2a: Ting-Lu
|-damage|p2a: Ting-Lu|13/100
|move|p2a: Ting-Lu|Earthquake|p1a: Volcanion
|-supereffective|p1a: Volcanion
|-damage|p1a: Volcanion|24/100 par
|
|-heal|p2a: Ting-Lu|19/100|[from] item: Leftovers
|upkeep
|turn|25
|
|t:|1757910195
|cant|p1a: Volcanion|par
|move|p2a: Ting-Lu|Earthquake|p1a: Volcanion
|-supereffective|p1a: Volcanion
|-crit|p1a: Volcanion
|-damage|p1a: Volcanion|0 fnt
|faint|p1a: Volcanion
|
|-heal|p2a: Ting-Lu|25/100|[from] item: Leftovers
|upkeep
|
|t:|1757910202
|switch|p1a: Ninetales|Ninetales-Alola, M, shiny|54/100
|-damage|p1a: Ninetales|29/100|[from] Stealth Rock
|-weather|Snowscape|[from] ability: Snow Warning|[of] p1a: Ninetales
|turn|26
|
|t:|1757910206
|switch|p2a: Clefable|Clefable, F|11/100
|move|p1a: Ninetales|Aurora Veil|p1a: Ninetales
|-sidestart|p1: Darknes|move: Aurora Veil
|
|-weather|Snowscape|[upkeep]
|upkeep
|turn|27
|
|t:|1757910210
|move|p1a: Ninetales|Moonblast|p2a: Clefable
|-damage|p2a: Clefable|0 fnt
|faint|p2a: Clefable
|
|-weather|Snowscape|[upkeep]
|upkeep
|
|t:|1757910221
|switch|p2a: Gliscor|Gliscor, F|55/100 tox
|turn|28
|
|t:|1757910225
|move|p2a: Gliscor|Protect|p2a: Gliscor
|-singleturn|p2a: Gliscor|Protect
|move|p1a: Ninetales|Freeze-Dry|p2a: Gliscor
|-activate|p2a: Gliscor|move: Protect
|
|-weather|Snowscape|[upkeep]
|-heal|p2a: Gliscor|68/100 tox|[from] ability: Poison Heal
|upkeep
|turn|29
|
|t:|1757910233
|switch|p2a: Corviknight|Corviknight, F|100/100
|-ability|p2a: Corviknight|Pressure
|move|p1a: Ninetales|Encore||[still]
|-fail|p1a: Ninetales
|
|-weather|Snowscape|[upkeep]
|upkeep
|turn|30
|
|t:|1757910243
|switch|p1a: Thundurus|Thundurus-Therian, M, shiny|100/100
|-damage|p1a: Thundurus|76/100|[from] Stealth Rock
|move|p2a: Corviknight|Iron Defense|p2a: Corviknight
|-boost|p2a: Corviknight|def|2
|
|-weather|none
|-sideend|p1: Darknes|move: Aurora Veil
|upkeep
|turn|31
|
|t:|1757910251
|switch|p2a: Gliscor|Gliscor, F|68/100 tox
|-terastallize|p1a: Thundurus|Ice
|move|p1a: Thundurus|Tera Blast|p2a: Gliscor|[anim] Tera Blast Ice
|-supereffective|p2a: Gliscor
|-damage|p2a: Gliscor|0 fnt
|faint|p2a: Gliscor
|
|upkeep
|
|t:|1757910265
|switch|p2a: Dragonite|Dragonite, F|100/100
|turn|32
|
|t:|1757910268
|-terastallize|p2a: Dragonite|Normal
|move|p1a: Thundurus|Tera Blast|p2a: Dragonite|[anim] Tera Blast Ice
|-damage|p2a: Dragonite|81/100
|move|p2a: Dragonite|Dragon Dance|p2a: Dragonite
|-boost|p2a: Dragonite|atk|1
|-boost|p2a: Dragonite|spe|1
|
|upkeep
|turn|33
|
|t:|1757910277
|switch|p1a: Landorus|Landorus-Therian, M, shiny|100/100
|-damage|p1a: Landorus|88/100|[from] Stealth Rock
|-ability|p1a: Landorus|Intimidate|boost
|-unboost|p2a: Dragonite|atk|1
|move|p2a: Dragonite|Dragon Dance|p2a: Dragonite
|-boost|p2a: Dragonite|atk|1
|-boost|p2a: Dragonite|spe|1
|
|upkeep
|turn|34
|
|t:|1757910286
|switch|p1a: Thundurus|Thundurus-Therian, M, shiny, tera:Ice|76/100
|-damage|p1a: Thundurus|51/100|[from] Stealth Rock
|move|p2a: Dragonite|Extreme Speed|p1a: Thundurus
|-damage|p1a: Thundurus|0 fnt
|faint|p1a: Thundurus
|
|upkeep
|
|t:|1757910292
|switch|p1a: Iron Valiant|Iron Valiant, shiny|100/100
|-damage|p1a: Iron Valiant|94/100|[from] Stealth Rock
|-enditem|p1a: Iron Valiant|Booster Energy
|-activate|p1a: Iron Valiant|ability: Quark Drive|[fromitem]
|-start|p1a: Iron Valiant|quarkdrivespe
|turn|35
|
|t:|1757910300
|move|p2a: Dragonite|Extreme Speed|p1a: Iron Valiant
|-damage|p1a: Iron Valiant|9/100
|move|p1a: Iron Valiant|Drain Punch|p2a: Dragonite
|-supereffective|p2a: Dragonite
|-damage|p2a: Dragonite|9/100
|-heal|p1a: Iron Valiant|57/100|[from] drain|[of] p2a: Dragonite
|
|upkeep
|turn|36
|
|t:|1757910312
|-end|p1a: Iron Valiant|Quark Drive|[silent]
|switch|p1a: Landorus|Landorus-Therian, M, shiny|88/100
|-damage|p1a: Landorus|76/100|[from] Stealth Rock
|-ability|p1a: Landorus|Intimidate|boost
|-unboost|p2a: Dragonite|atk|1
|move|p2a: Dragonite|Roost|p2a: Dragonite
|-heal|p2a: Dragonite|59/100
|
|upkeep
|turn|37
|
|t:|1757910320
|move|p2a: Dragonite|Roost|p2a: Dragonite
|-heal|p2a: Dragonite|100/100
|move|p1a: Landorus|Scorching Sands|p2a: Dragonite
|-damage|p2a: Dragonite|89/100
|
|upkeep
|turn|38
|
|t:|1757910327
|move|p2a: Dragonite|Dragon Dance|p2a: Dragonite
|-boost|p2a: Dragonite|atk|1
|-boost|p2a: Dragonite|spe|1
|move|p1a: Landorus|Scorching Sands|p2a: Dragonite
|-damage|p2a: Dragonite|65/100
|
|upkeep
|turn|39
|
|t:|1757910334
|move|p2a: Dragonite|Roost|p2a: Dragonite
|-heal|p2a: Dragonite|100/100
|move|p1a: Landorus|Scorching Sands|p2a: Dragonite
|-damage|p2a: Dragonite|89/100
|
|upkeep
|turn|40
|
|t:|1757910340
|move|p2a: Dragonite|Dragon Dance|p2a: Dragonite
|-boost|p2a: Dragonite|atk|1
|-boost|p2a: Dragonite|spe|1
|move|p1a: Landorus|Scorching Sands|p2a: Dragonite
|-damage|p2a: Dragonite|64/100
|-status|p2a: Dragonite|brn
|
|-damage|p2a: Dragonite|58/100 brn|[from] brn
|upkeep
|turn|41
|
|t:|1757910349
|switch|p1a: Scizor|Scizor, F, shiny|32/100
|-damage|p1a: Scizor|20/100|[from] Stealth Rock
|move|p2a: Dragonite|Roost|p2a: Dragonite
|-heal|p2a: Dragonite|100/100 brn
|
|-damage|p2a: Dragonite|94/100 brn|[from] brn
|upkeep
|turn|42
|
|t:|1757910356
|move|p2a: Dragonite|Extreme Speed|p1a: Scizor
|-resisted|p1a: Scizor
|-damage|p1a: Scizor|0 fnt
|faint|p1a: Scizor
|
|-damage|p2a: Dragonite|88/100 brn|[from] brn
|upkeep
|
|t:|1757910363
|switch|p1a: Landorus|Landorus-Therian, M, shiny|76/100
|-damage|p1a: Landorus|64/100|[from] Stealth Rock
|-ability|p1a: Landorus|Intimidate|boost
|-unboost|p2a: Dragonite|atk|1
|turn|43
|
|t:|1757910369
|move|p2a: Dragonite|Dragon Dance|p2a: Dragonite
|-boost|p2a: Dragonite|atk|1
|-boost|p2a: Dragonite|spe|1
|move|p1a: Landorus|U-turn|p2a: Dragonite
|-damage|p2a: Dragonite|65/100 brn
|
|t:|1757910377
|switch|p1a: Iron Valiant|Iron Valiant, shiny|57/100|[from] U-turn
|-damage|p1a: Iron Valiant|51/100|[from] Stealth Rock
|
|-damage|p2a: Dragonite|59/100 brn|[from] brn
|upkeep
|turn|44
|
|t:|1757910381
|move|p2a: Dragonite|Extreme Speed|p1a: Iron Valiant
|-damage|p1a: Iron Valiant|0 fnt
|faint|p1a: Iron Valiant
|-end|p1a: Iron Valiant|Quark Drive|[silent]
|
|-damage|p2a: Dragonite|52/100 brn|[from] brn
|upkeep
|-message|Darknes forfeited.
|
|win|GrapeIU
|raw|Darknes's rating: 1338 &rarr; <strong>1322</strong><br />(-16 for losing)
|raw|GrapeIU's rating: 1403 &rarr; <strong>1419</strong><br />(+16 for winning)
|l|☆Darknes
|player|p1|
|l|☆GrapeIU
|player|p2|
