|badge|p2|silver|gen9uu|30-6
|uhtml|medal-msg|<div class="broadcast-blue">Curious what those medals under the avatar are? PS now has Ladder Seasons! For more information, check out the <a href="https://www.smogon.com/forums/threads/3740067/">thread on Smogon.</a></div>
|j|☆sahsingh
|j|☆ulky
|t:|1757954850
|gametype|singles
|player|p1|sahsingh|101|1694
|player|p2|ulky|rosa|1792
|gen|9
|tier|[Gen 9] OU
|rated|
|rule|HP Percentage Mod: HP is shown in percentages
|rule|Endless Battle Clause: Forcing endless battles is banned
|rule|Species Clause: Limit one of each Pokémon
|rule|OHKO Clause: OHKO moves are banned
|rule|Evasion Items Clause: Evasion items are banned
|rule|Evasion Moves Clause: Evasion moves are banned
|rule|Evasion Abilities Clause: Evasion abilities are banned
|rule|Sleep Moves Clause: Sleep-inducing moves are banned
|clearpoke
|poke|p1|Tyranitar, M|
|poke|p1|Excadrill, F|
|poke|p1|Keldeo-Resolute|
|poke|p1|Tornadus-Therian, M|
|poke|p1|Heatran, F|
|poke|p1|Hydrapple, M|
|poke|p2|Garganacl, F|
|poke|p2|Dragapult, F|
|poke|p2|Ogerpon-Wellspring, F|
|poke|p2|Moltres|
|poke|p2|Zamazenta-*|
|poke|p2|Iron Treads|
|teampreview
|inactive|Battle timer is ON: inactive players will automatically lose when time's up. (requested by ulky)
|
|t:|1757954883
|teamsize|p1|6
|teamsize|p2|6
|start
|switch|p1a: Hydrapple|Hydrapple, M|100/100
|switch|p2a: Garganacl|Garganacl, F|100/100
|turn|1
|
|t:|1757954891
|switch|p2a: Moltres|Moltres|100/100
|move|p1a: Hydrapple|Nasty Plot|p1a: Hydrapple
|-boost|p1a: Hydrapple|spa|2
|
|upkeep
|turn|2
|
|t:|1757954898
|move|p2a: Moltres|Will-O-Wisp|p1a: Hydrapple
|-status|p1a: Hydrapple|brn
|move|p1a: Hydrapple|Fickle Beam|p2a: Moltres
|-damage|p2a: Moltres|40/100
|
|-damage|p1a: Hydrapple|94/100 brn|[from] brn
|upkeep
|turn|3
|
|t:|1757954908
|move|p2a: Moltres|Roost|p2a: Moltres
|-heal|p2a: Moltres|90/100
|-singleturn|p2a: Moltres|move: Roost
|move|p1a: Hydrapple|Earth Power|p2a: Moltres
|-supereffective|p2a: Moltres
|-damage|p2a: Moltres|9/100
|
|-damage|p1a: Hydrapple|88/100 brn|[from] brn
|upkeep
|turn|4
|
|t:|1757954918
|switch|p2a: Iron Treads|Iron Treads|100/100
|move|p1a: Hydrapple|Fickle Beam|p2a: Iron Treads
|-resisted|p2a: Iron Treads
|-crit|p2a: Iron Treads
|-damage|p2a: Iron Treads|62/100
|
|-heal|p2a: Iron Treads|68/100|[from] item: Leftovers
|-damage|p1a: Hydrapple|82/100 brn|[from] brn
|upkeep
|turn|5
|
|t:|1757954925
|move|p2a: Iron Treads|Knock Off|p1a: Hydrapple
|-damage|p1a: Hydrapple|68/100 brn
|-damage|p2a: Iron Treads|52/100|[from] item: Rocky Helmet|[of] p1a: Hydrapple
|-enditem|p1a: Hydrapple|Rocky Helmet|[from] move: Knock Off|[of] p2a: Iron Treads
|move|p1a: Hydrapple|Earth Power|p2a: Iron Treads
|-supereffective|p2a: Iron Treads
|-damage|p2a: Iron Treads|0 fnt
|faint|p2a: Iron Treads
|-end|p2a: Iron Treads|Quark Drive|[silent]
|
|-damage|p1a: Hydrapple|62/100 brn|[from] brn
|upkeep
|
|t:|1757954928
|switch|p2a: Dragapult|Dragapult, F|100/100
|turn|6
|
|t:|1757954934
|switch|p1a: Heatran|Heatran, F|100/100
|move|p2a: Dragapult|Will-O-Wisp|p1a: Heatran
|-immune|p1a: Heatran
|
|upkeep
|turn|7
|
|t:|1757954939
|move|p2a: Dragapult|U-turn|p1a: Heatran
|-resisted|p1a: Heatran
|-damage|p1a: Heatran|97/100
|
|t:|1757954943
|switch|p2a: Garganacl|Garganacl, F|100/100|[from] U-turn
|move|p1a: Heatran|Stealth Rock|p2a: Garganacl
|-sidestart|p2: ulky|move: Stealth Rock
|
|-heal|p1a: Heatran|100/100|[from] item: Leftovers
|upkeep
|turn|8
|
|t:|1757954953
|move|p1a: Heatran|Taunt|p2a: Garganacl
|-start|p2a: Garganacl|move: Taunt
|move|p2a: Garganacl|Salt Cure|p1a: Heatran
|-damage|p1a: Heatran|88/100
|-start|p1a: Heatran|Salt Cure
|
|-heal|p1a: Heatran|94/100|[from] item: Leftovers
|-damage|p1a: Heatran|69/100|[from] Salt Cure
|upkeep
|turn|9
|
|t:|1757954958
|switch|p1a: Hydrapple|Hydrapple, M|96/100 brn
|move|p2a: Garganacl|Salt Cure|p1a: Hydrapple
|-damage|p1a: Hydrapple|88/100 brn
|-start|p1a: Hydrapple|Salt Cure
|
|-damage|p1a: Hydrapple|82/100 brn|[from] brn
|-damage|p1a: Hydrapple|69/100 brn|[from] Salt Cure
|upkeep
|turn|10
|
|t:|1757954966
|switch|p2a: Dragapult|Dragapult, F|100/100
|move|p1a: Hydrapple|Giga Drain|p2a: Dragapult
|-resisted|p2a: Dragapult
|-damage|p2a: Dragapult|80/100
|-heal|p1a: Hydrapple|77/100 brn|[from] drain|[of] p2a: Dragapult
|
|-damage|p1a: Hydrapple|71/100 brn|[from] brn
|-damage|p1a: Hydrapple|59/100 brn|[from] Salt Cure
|upkeep
|turn|11
|
|t:|1757954975
|switch|p1a: Heatran|Heatran, F|69/100
|move|p2a: Dragapult|U-turn|p1a: Heatran
|-resisted|p1a: Heatran
|-damage|p1a: Heatran|66/100
|-status|p2a: Dragapult|brn|[from] ability: Flame Body|[of] p1a: Heatran
|
|t:|1757954980
|switch|p2a: Zamazenta|Zamazenta|100/100|[from] U-turn
|-damage|p2a: Zamazenta|94/100|[from] Stealth Rock
|-ability|p2a: Zamazenta|Dauntless Shield|boost
|-boost|p2a: Zamazenta|def|1
|
|-heal|p1a: Heatran|72/100|[from] item: Leftovers
|upkeep
|turn|12
|
|t:|1757954993
|switch|p1a: Tornadus|Tornadus-Therian, M|100/100
|move|p2a: Zamazenta|Ice Fang|p1a: Tornadus
|-supereffective|p1a: Tornadus
|-damage|p1a: Tornadus|44/100
|
|upkeep
|turn|13
|
|t:|1757955011
|switch|p1a: Heatran|Heatran, F|72/100
|move|p2a: Zamazenta|Ice Fang|p1a: Heatran|[miss]
|-miss|p2a: Zamazenta|p1a: Heatran
|
|-heal|p1a: Heatran|78/100|[from] item: Leftovers
|upkeep
|turn|14
|
|t:|1757955022
|switch|p1a: Tornadus|Tornadus-Therian, M|77/100
|move|p2a: Zamazenta|Close Combat|p1a: Tornadus
|-resisted|p1a: Tornadus
|-damage|p1a: Tornadus|41/100
|-unboost|p2a: Zamazenta|def|1
|-unboost|p2a: Zamazenta|spd|1
|
|upkeep
|turn|15
|
|t:|1757955043
|switch|p1a: Heatran|Heatran, F|78/100
|move|p2a: Zamazenta|Close Combat|p1a: Heatran
|-supereffective|p1a: Heatran
|-damage|p1a: Heatran|0 fnt
|-unboost|p2a: Zamazenta|def|1
|-unboost|p2a: Zamazenta|spd|1
|-status|p2a: Zamazenta|brn|[from] ability: Flame Body|[of] p1a: Heatran
|faint|p1a: Heatran
|
|-damage|p2a: Zamazenta|88/100 brn|[from] brn
|upkeep
|
|t:|1757955052
|switch|p1a: Tornadus|Tornadus-Therian, M|74/100
|turn|16
|
|t:|1757955058
|switch|p2a: Garganacl|Garganacl, F|100/100
|-damage|p2a: Garganacl|88/100|[from] Stealth Rock
|move|p1a: Tornadus|U-turn|p2a: Garganacl
|-damage|p2a: Garganacl|78/100
|
|t:|1757955075
|switch|p1a: Hydrapple|Hydrapple, M|92/100 brn|[from] U-turn
|
|-heal|p2a: Garganacl|84/100|[from] item: Leftovers
|-damage|p1a: Hydrapple|86/100 brn|[from] brn
|upkeep
|turn|17
|
|t:|1757955083
|move|p1a: Hydrapple|Giga Drain|p2a: Garganacl
|-supereffective|p2a: Garganacl
|-damage|p2a: Garganacl|47/100
|-heal|p1a: Hydrapple|100/100 brn|[from] drain|[of] p2a: Garganacl
|move|p2a: Garganacl|Salt Cure|p1a: Hydrapple
|-damage|p1a: Hydrapple|93/100 brn
|-start|p1a: Hydrapple|Salt Cure
|
|-heal|p2a: Garganacl|53/100|[from] item: Leftovers
|-damage|p1a: Hydrapple|87/100 brn|[from] brn
|-damage|p1a: Hydrapple|75/100 brn|[from] Salt Cure
|upkeep
|turn|18
|
|t:|1757955087
|move|p1a: Hydrapple|Nasty Plot|p1a: Hydrapple
|-boost|p1a: Hydrapple|spa|2
|move|p2a: Garganacl|Recover|p2a: Garganacl
|-heal|p2a: Garganacl|100/100
|
|-damage|p1a: Hydrapple|69/100 brn|[from] brn
|-damage|p1a: Hydrapple|56/100 brn|[from] Salt Cure
|upkeep
|turn|19
|
|t:|1757955092
|switch|p2a: Moltres|Moltres|9/100
|move|p1a: Hydrapple|Giga Drain|p2a: Moltres
|-resisted|p2a: Moltres
|-damage|p2a: Moltres|0 fnt
|-heal|p1a: Hydrapple|60/100 brn|[from] drain|[of] p2a: Moltres
|faint|p2a: Moltres
|
|-damage|p1a: Hydrapple|54/100 brn|[from] brn
|-damage|p1a: Hydrapple|42/100 brn|[from] Salt Cure
|upkeep
|
|t:|1757955097
|switch|p2a: Dragapult|Dragapult, F|80/100 brn
|turn|20
|
|t:|1757955105
|switch|p1a: Tyranitar|Tyranitar, M|100/100
|-weather|Sandstorm|[from] ability: Sand Stream|[of] p1a: Tyranitar
|move|p2a: Dragapult|Draco Meteor|p1a: Tyranitar
|-damage|p1a: Tyranitar|65/100
|-unboost|p2a: Dragapult|spa|2
|
|-weather|Sandstorm|[upkeep]
|-damage|p2a: Dragapult|74/100 brn|[from] Sandstorm
|-damage|p2a: Dragapult|68/100 brn|[from] brn
|upkeep
|turn|21
|
|t:|1757955120
|move|p2a: Dragapult|U-turn|p1a: Tyranitar
|-supereffective|p1a: Tyranitar
|-damage|p1a: Tyranitar|49/100
|
|t:|1757955121
|switch|p2a: Zamazenta|Zamazenta|88/100 brn|[from] U-turn
|-damage|p2a: Zamazenta|82/100 brn|[from] Stealth Rock
|move|p1a: Tyranitar|Knock Off|p2a: Zamazenta
|-resisted|p2a: Zamazenta
|-damage|p2a: Zamazenta|45/100 brn
|-enditem|p2a: Zamazenta|Expert Belt|[from] move: Knock Off|[of] p1a: Tyranitar
|
|-weather|Sandstorm|[upkeep]
|-damage|p2a: Zamazenta|39/100 brn|[from] Sandstorm
|-damage|p2a: Zamazenta|33/100 brn|[from] brn
|upkeep
|turn|22
|
|t:|1757955134
|switch|p2a: Garganacl|Garganacl, F|100/100
|-damage|p2a: Garganacl|88/100|[from] Stealth Rock
|switch|p1a: Tornadus|Tornadus-Therian, M|100/100
|
|-weather|Sandstorm|[upkeep]
|-damage|p1a: Tornadus|94/100|[from] Sandstorm
|-heal|p2a: Garganacl|94/100|[from] item: Leftovers
|upkeep
|turn|23
|
|t:|1757955145
|move|p1a: Tornadus|U-turn|p2a: Garganacl
|-damage|p2a: Garganacl|84/100
|
|t:|1757955149
|switch|p1a: Hydrapple|Hydrapple, M|75/100 brn|[from] U-turn
|move|p2a: Garganacl|Iron Defense|p2a: Garganacl
|-boost|p2a: Garganacl|def|2
|
|-weather|Sandstorm|[upkeep]
|-damage|p1a: Hydrapple|69/100 brn|[from] Sandstorm
|-heal|p2a: Garganacl|91/100|[from] item: Leftovers
|-damage|p1a: Hydrapple|63/100 brn|[from] brn
|upkeep
|turn|24
|
|t:|1757955154
|move|p1a: Hydrapple|Nasty Plot|p1a: Hydrapple
|-boost|p1a: Hydrapple|spa|2
|move|p2a: Garganacl|Body Press|p1a: Hydrapple
|-damage|p1a: Hydrapple|38/100 brn
|
|-weather|none
|-heal|p2a: Garganacl|97/100|[from] item: Leftovers
|-damage|p1a: Hydrapple|32/100 brn|[from] brn
|upkeep
|turn|25
|
|t:|1757955165
|switch|p2a: Zamazenta|Zamazenta|33/100 brn
|-damage|p2a: Zamazenta|27/100 brn|[from] Stealth Rock
|move|p1a: Hydrapple|Giga Drain|p2a: Zamazenta
|-damage|p2a: Zamazenta|0 fnt
|-heal|p1a: Hydrapple|43/100 brn|[from] drain|[of] p2a: Zamazenta
|faint|p2a: Zamazenta
|
|-damage|p1a: Hydrapple|36/100 brn|[from] brn
|upkeep
|
|t:|1757955167
|switch|p2a: Dragapult|Dragapult, F|68/100 brn
|turn|26
|
|t:|1757955176
|switch|p1a: Tornadus|Tornadus-Therian, M|100/100
|move|p2a: Dragapult|Will-O-Wisp|p1a: Tornadus
|-status|p1a: Tornadus|brn
|
|-damage|p2a: Dragapult|62/100 brn|[from] brn
|-damage|p1a: Tornadus|94/100 brn|[from] brn
|upkeep
|turn|27
|
|t:|1757955188
|move|p2a: Dragapult|Hex|p1a: Tornadus
|-damage|p1a: Tornadus|39/100 brn
|move|p1a: Tornadus|U-turn|p2a: Dragapult
|-resisted|p2a: Dragapult
|-damage|p2a: Dragapult|57/100 brn
|
|t:|1757955195
|switch|p1a: Tyranitar|Tyranitar, M|49/100|[from] U-turn
|-weather|Sandstorm|[from] ability: Sand Stream|[of] p1a: Tyranitar
|
|-weather|Sandstorm|[upkeep]
|-damage|p2a: Dragapult|51/100 brn|[from] Sandstorm
|-damage|p2a: Dragapult|45/100 brn|[from] brn
|upkeep
|turn|28
|
|t:|1757955213
|move|p2a: Dragapult|Will-O-Wisp|p1a: Tyranitar
|-status|p1a: Tyranitar|brn
|move|p1a: Tyranitar|Knock Off|p2a: Dragapult
|-supereffective|p2a: Dragapult
|-damage|p2a: Dragapult|0 fnt
|-enditem|p2a: Dragapult|Heavy-Duty Boots|[from] move: Knock Off|[of] p1a: Tyranitar
|faint|p2a: Dragapult
|
|-weather|Sandstorm|[upkeep]
|-damage|p1a: Tyranitar|43/100 brn|[from] brn
|upkeep
|
|t:|1757955216
|switch|p2a: Garganacl|Garganacl, F|97/100
|-damage|p2a: Garganacl|84/100|[from] Stealth Rock
|turn|29
|
|t:|1757955225
|move|p1a: Tyranitar|Knock Off|p2a: Garganacl
|-crit|p2a: Garganacl
|-damage|p2a: Garganacl|38/100
|-enditem|p2a: Garganacl|Leftovers|[from] move: Knock Off|[of] p1a: Tyranitar
|move|p2a: Garganacl|Salt Cure|p1a: Tyranitar
|-damage|p1a: Tyranitar|30/100 brn
|-start|p1a: Tyranitar|Salt Cure
|
|-weather|Sandstorm|[upkeep]
|-damage|p1a: Tyranitar|24/100 brn|[from] brn
|-damage|p1a: Tyranitar|12/100 brn|[from] Salt Cure
|upkeep
|turn|30
|
|t:|1757955230
|switch|p1a: Hydrapple|Hydrapple, M|70/100 brn
|move|p2a: Garganacl|Recover|p2a: Garganacl
|-heal|p2a: Garganacl|88/100
|
|-weather|Sandstorm|[upkeep]
|-damage|p1a: Hydrapple|64/100 brn|[from] Sandstorm
|-damage|p1a: Hydrapple|58/100 brn|[from] brn
|upkeep
|turn|31
|
|t:|1757955235
|move|p1a: Hydrapple|Nasty Plot|p1a: Hydrapple
|-boost|p1a: Hydrapple|spa|2
|move|p2a: Garganacl|Salt Cure|p1a: Hydrapple
|-damage|p1a: Hydrapple|50/100 brn
|-start|p1a: Hydrapple|Salt Cure
|
|-weather|none
|-damage|p1a: Hydrapple|44/100 brn|[from] brn
|-damage|p1a: Hydrapple|32/100 brn|[from] Salt Cure
|upkeep
|turn|32
|
|t:|1757955238
|move|p1a: Hydrapple|Giga Drain|p2a: Garganacl
|-supereffective|p2a: Garganacl
|-damage|p2a: Garganacl|12/100
|-heal|p1a: Hydrapple|69/100 brn|[from] drain|[of] p2a: Garganacl
|move|p2a: Garganacl|Body Press|p1a: Hydrapple
|-damage|p1a: Hydrapple|56/100 brn
|
|-damage|p1a: Hydrapple|50/100 brn|[from] brn
|-damage|p1a: Hydrapple|37/100 brn|[from] Salt Cure
|upkeep
|turn|33
|
|t:|1757955243
|move|p1a: Hydrapple|Giga Drain|p2a: Garganacl
|-supereffective|p2a: Garganacl
|-damage|p2a: Garganacl|0 fnt
|-heal|p1a: Hydrapple|43/100 brn|[from] drain|[of] p2a: Garganacl
|faint|p2a: Garganacl
|
|-damage|p1a: Hydrapple|37/100 brn|[from] brn
|-damage|p1a: Hydrapple|25/100 brn|[from] Salt Cure
|upkeep
|
|t:|1757955244
|switch|p2a: Ogerpon|Ogerpon-Wellspring, F|100/100
|-damage|p2a: Ogerpon|88/100|[from] Stealth Rock
|turn|34
|
|t:|1757955249
|move|p2a: Ogerpon|Swords Dance|p2a: Ogerpon
|-boost|p2a: Ogerpon|atk|2
|move|p1a: Hydrapple|Giga Drain|p2a: Ogerpon
|-damage|p2a: Ogerpon|25/100
|-heal|p1a: Hydrapple|52/100 brn|[from] drain|[of] p2a: Ogerpon
|
|-damage|p1a: Hydrapple|46/100 brn|[from] brn
|-damage|p1a: Hydrapple|34/100 brn|[from] Salt Cure
|upkeep
|turn|35
|
|t:|1757955264
|switch|p1a: Tyranitar|Tyranitar, M|12/100 brn
|-weather|Sandstorm|[from] ability: Sand Stream|[of] p1a: Tyranitar
|move|p2a: Ogerpon|Synthesis|p2a: Ogerpon
|-heal|p2a: Ogerpon|50/100
|
|-weather|Sandstorm|[upkeep]
|-damage|p2a: Ogerpon|44/100|[from] Sandstorm
|-damage|p1a: Tyranitar|6/100 brn|[from] brn
|upkeep
|turn|36
|
|t:|1757955272
|move|p2a: Ogerpon|Trailblaze|p1a: Tyranitar
|-supereffective|p1a: Tyranitar
|-crit|p1a: Tyranitar
|-damage|p1a: Tyranitar|0 fnt
|-boost|p2a: Ogerpon|spe|1
|faint|p1a: Tyranitar
|
|-weather|Sandstorm|[upkeep]
|-damage|p2a: Ogerpon|37/100|[from] Sandstorm
|upkeep
|inactive|sahsingh has 120 seconds left.
|
|t:|1757955307
|switch|p1a: Hydrapple|Hydrapple, M|67/100 brn
|turn|37
|
|t:|1757955314
|-terastallize|p2a: Ogerpon|Water
|detailschange|p2a: Ogerpon|Ogerpon-Wellspring-Tera, F, tera:Water
|-ability|p2a: Ogerpon|Embody Aspect (Wellspring)|boost
|-boost|p2a: Ogerpon|spd|1
|move|p2a: Ogerpon|Ivy Cudgel|p1a: Hydrapple|[anim] Ivy Cudgel Water
|-resisted|p1a: Hydrapple
|-crit|p1a: Hydrapple
|-damage|p1a: Hydrapple|37/100 brn
|move|p1a: Hydrapple|Giga Drain|p2a: Ogerpon
|-supereffective|p2a: Ogerpon
|-damage|p2a: Ogerpon|0 fnt
|-heal|p1a: Hydrapple|53/100 brn|[from] drain|[of] p2a: Ogerpon
|faint|p2a: Ogerpon
|detailschange|p2: Ogerpon|Ogerpon-Wellspring, F|[silent]
|
|win|sahsingh
|raw|sahsingh's rating: 1694 &rarr; <strong>1720</strong><br />(+26 for winning)
|raw|ulky's rating: 1811 &rarr; <strong>1785</strong><br />(-26 for losing)
|l|☆ulky
|player|p2|
|l|☆sahsingh
|player|p1|
