|j|☆Apoiguespm
|j|☆touhoukhoa
|t:|1757787867
|gametype|singles
|player|p1|Apoiguespm|101|1658
|player|p2|touhoukhoa|burglar|1680
|gen|9
|tier|[Gen 9] OU
|rated|
|rule|HP Percentage Mod: HP is shown in percentages
|rule|Endless Battle Clause: Forcing endless battles is banned
|rule|Species Clause: Limit one of each Pokémon
|rule|OHKO Clause: OHKO moves are banned
|rule|Evasion Items Clause: Evasion items are banned
|rule|Evasion Moves Clause: Evasion moves are banned
|rule|Evasion Abilities Clause: Evasion abilities are banned
|rule|Sleep Moves Clause: Sleep-inducing moves are banned
|clearpoke
|poke|p1|Indeedee-F, F|
|poke|p1|Hatterene, F|
|poke|p1|Polteageist|
|poke|p1|Armarouge, M|
|poke|p1|Deoxys-Speed|
|poke|p1|Slowking-Galar, M|
|poke|p2|Zamazenta-*|
|poke|p2|Glimmora, M|
|poke|p2|Araquanid, M|
|poke|p2|Dragapult, F|
|poke|p2|Kingambit, M|
|poke|p2|Landorus-Therian, M|
|teampreview
|inactive|Battle timer is ON: inactive players will automatically lose when time's up. (requested by Apoiguespm)
|
|t:|1757787894
|teamsize|p1|6
|teamsize|p2|6
|start
|switch|p1a: Indeedee|Indeedee-F, F|100/100
|switch|p2a: Dragapult|Dragapult, F|100/100
|turn|1
|c|☆touhoukhoa|interesting ability
|c|☆Apoiguespm|im gonna kill myself
|
|t:|1757787915
|move|p2a: Dragapult|U-turn|p1a: Indeedee
|-supereffective|p1a: Indeedee
|-damage|p1a: Indeedee|50/100
|
|t:|1757787919
|switch|p2a: Araquanid|Araquanid, M|100/100|[from] U-turn
|move|p1a: Indeedee|Shadow Ball|p2a: Araquanid
|-damage|p2a: Araquanid|81/100
|-unboost|p2a: Araquanid|spd|1
|
|upkeep
|turn|2
|
|t:|1757787929
|switch|p1a: Slowking|Slowking-Galar, M|100/100
|move|p2a: Araquanid|Liquidation|p1a: Slowking
|-damage|p1a: Slowking|7/100
|
|upkeep
|turn|3
|
|t:|1757787932
|move|p2a: Araquanid|Liquidation|p1a: Slowking
|-damage|p1a: Slowking|0 fnt
|faint|p1a: Slowking
|
|upkeep
|
|t:|1757787935
|switch|p1a: Polteageist|Polteageist|100/100
|turn|4
|
|t:|1757787937
|move|p1a: Polteageist|Shell Smash|p1a: Polteageist
|-unboost|p1a: Polteageist|def|1
|-unboost|p1a: Polteageist|spd|1
|-boost|p1a: Polteageist|atk|2
|-boost|p1a: Polteageist|spa|2
|-boost|p1a: Polteageist|spe|2
|move|p2a: Araquanid|Liquidation|p1a: Polteageist
|-enditem|p1a: Polteageist|Focus Sash
|-damage|p1a: Polteageist|1/100
|-ability|p1a: Polteageist|Weak Armor|boost
|-unboost|p1a: Polteageist|def|1
|-boost|p1a: Polteageist|spe|2
|
|upkeep
|turn|5
|
|t:|1757787946
|switch|p2a: Kingambit|Kingambit, M|100/100
|move|p1a: Polteageist|Stored Power|p2a: Kingambit
|-immune|p2a: Kingambit
|
|upkeep
|turn|6
|
|t:|1757787950
|move|p2a: Kingambit|Sucker Punch||[still]
|-fail|p2a: Kingambit
|move|p1a: Polteageist|Shell Smash|p1a: Polteageist
|-unboost|p1a: Polteageist|def|1
|-unboost|p1a: Polteageist|spd|1
|-boost|p1a: Polteageist|atk|2
|-boost|p1a: Polteageist|spa|2
|-boost|p1a: Polteageist|spe|2
|
|upkeep
|turn|7
|
|t:|1757787953
|move|p2a: Kingambit|Sucker Punch||[still]
|-fail|p2a: Kingambit
|move|p1a: Polteageist|Shell Smash|p1a: Polteageist
|-unboost|p1a: Polteageist|def|1
|-unboost|p1a: Polteageist|spd|1
|-boost|p1a: Polteageist|atk|2
|-boost|p1a: Polteageist|spa|2
|-boost|p1a: Polteageist|spe|0
|
|upkeep
|turn|8
|
|t:|1757787956
|move|p2a: Kingambit|Sucker Punch||[still]
|-fail|p2a: Kingambit
|move|p1a: Polteageist|Shell Smash|p1a: Polteageist
|-unboost|p1a: Polteageist|def|1
|-unboost|p1a: Polteageist|spd|1
|-boost|p1a: Polteageist|atk|0
|-boost|p1a: Polteageist|spa|0
|-boost|p1a: Polteageist|spe|0
|
|upkeep
|turn|9
|
|t:|1757787959
|move|p2a: Kingambit|Sucker Punch||[still]
|-fail|p2a: Kingambit
|move|p1a: Polteageist|Shell Smash|p1a: Polteageist
|-unboost|p1a: Polteageist|def|1
|-unboost|p1a: Polteageist|spd|1
|-boost|p1a: Polteageist|atk|0
|-boost|p1a: Polteageist|spa|0
|-boost|p1a: Polteageist|spe|0
|
|upkeep
|turn|10
|
|t:|1757787962
|move|p2a: Kingambit|Sucker Punch||[still]
|-fail|p2a: Kingambit
|move|p1a: Polteageist|Shell Smash|p1a: Polteageist
|-unboost|p1a: Polteageist|def|0
|-unboost|p1a: Polteageist|spd|1
|-boost|p1a: Polteageist|atk|0
|-boost|p1a: Polteageist|spa|0
|-boost|p1a: Polteageist|spe|0
|
|upkeep
|turn|11
|
|t:|1757787964
|move|p2a: Kingambit|Sucker Punch||[still]
|-fail|p2a: Kingambit
|move|p1a: Polteageist|Shell Smash|p1a: Polteageist
|-unboost|p1a: Polteageist|def|0
|-unboost|p1a: Polteageist|spd|0
|-boost|p1a: Polteageist|atk|0
|-boost|p1a: Polteageist|spa|0
|-boost|p1a: Polteageist|spe|0
|
|upkeep
|turn|12
|
|t:|1757787966
|move|p1a: Polteageist|Shell Smash|p1a: Polteageist
|-unboost|p1a: Polteageist|def|0
|-unboost|p1a: Polteageist|spd|0
|-boost|p1a: Polteageist|atk|0
|-boost|p1a: Polteageist|spa|0
|-boost|p1a: Polteageist|spe|0
|move|p2a: Kingambit|Kowtow Cleave|p1a: Polteageist
|-supereffective|p1a: Polteageist
|-damage|p1a: Polteageist|0 fnt
|faint|p1a: Polteageist
|
|upkeep
|
|t:|1757787971
|switch|p1a: Hatterene|Hatterene, F|100/100
|turn|13
|
|t:|1757787976
|-terastallize|p1a: Hatterene|Water
|move|p2a: Kingambit|Kowtow Cleave|p1a: Hatterene
|-damage|p1a: Hatterene|33/100
|move|p1a: Hatterene|Mystical Fire|p2a: Kingambit
|-supereffective|p2a: Kingambit
|-damage|p2a: Kingambit|21/100
|-unboost|p2a: Kingambit|spa|1
|-damage|p1a: Hatterene|23/100|[from] item: Life Orb
|
|upkeep
|turn|14
|
|t:|1757787979
|move|p2a: Kingambit|Kowtow Cleave|p1a: Hatterene
|-damage|p1a: Hatterene|0 fnt
|faint|p1a: Hatterene
|
|upkeep
|-message|Apoiguespm forfeited.
|
|win|touhoukhoa
|raw|Apoiguespm's rating: 1658 &rarr; <strong>1639</strong><br />(-19 for losing)
|raw|touhoukhoa's rating: 1680 &rarr; <strong>1699</strong><br />(+19 for winning)
|l|☆Apoiguespm
|player|p1|
|l|☆touhoukhoa
|player|p2|
