|j|☆Mythpunk
|j|☆cczx sandstorm
|t:|1757915529
|gametype|singles
|player|p1|Mythpunk|zinnia|1092
|player|p2|cczx sandstorm|169|1073
|gen|9
|tier|[Gen 9] OU
|rated|
|rule|HP Percentage Mod: HP is shown in percentages
|rule|Endless Battle Clause: Forcing endless battles is banned
|rule|Species Clause: Limit one of each Pokémon
|rule|OHKO Clause: OHKO moves are banned
|rule|Evasion Items Clause: Evasion items are banned
|rule|Evasion Moves Clause: Evasion moves are banned
|rule|Evasion Abilities Clause: Evasion abilities are banned
|rule|Sleep Moves Clause: Sleep-inducing moves are banned
|clearpoke
|poke|p1|Ceruledge, F|
|poke|p1|Decidueye-Hisui, F|
|poke|p1|Scizor, F|
|poke|p1|Hoopa-Unbound|
|poke|p1|Walking Wake|
|poke|p1|Clodsire, M|
|poke|p2|Tyranitar, M|
|poke|p2|Excadrill, M|
|poke|p2|Scizor, F|
|poke|p2|Gastrodon, M|
|poke|p2|Clefable, F|
|poke|p2|Skarmory, F|
|teampreview
|c|☆Mythpunk|gl hf!
|
|t:|1757915538
|teamsize|p1|6
|teamsize|p2|6
|start
|switch|p1a: Stardust Platinum|Hoopa-Unbound|100/100
|switch|p2a: Clefable|Clefable, F|100/100
|turn|1
|
|t:|1757915546
|move|p1a: Stardust Platinum|Knock Off|p2a: Clefable
|-resisted|p2a: Clefable
|-damage|p2a: Clefable|60/100
|-damage|p1a: Stardust Platinum|84/100|[from] item: Rocky Helmet|[of] p2a: Clefable
|-enditem|p2a: Clefable|Rocky Helmet|[from] move: Knock Off|[of] p1a: Stardust Platinum
|move|p2a: Clefable|Calm Mind|p2a: Clefable
|-boost|p2a: Clefable|spa|1
|-boost|p2a: Clefable|spd|1
|
|upkeep
|turn|2
|
|t:|1757915556
|-terastallize|p1a: Stardust Platinum|Psychic
|move|p1a: Stardust Platinum|Zen Headbutt|p2a: Clefable
|-damage|p2a: Clefable|0 fnt
|faint|p2a: Clefable
|
|upkeep
|
|t:|1757915563
|switch|p2a: Tyranitar|Tyranitar, M|100/100
|-weather|Sandstorm|[from] ability: Sand Stream|[of] p2a: Tyranitar
|turn|3
|
|t:|1757915569
|move|p1a: Stardust Platinum|Drain Punch|p2a: Tyranitar
|-supereffective|p2a: Tyranitar
|-damage|p2a: Tyranitar|0 fnt
|-heal|p1a: Stardust Platinum|100/100|[from] drain|[of] p2a: Tyranitar
|faint|p2a: Tyranitar
|
|-weather|Sandstorm|[upkeep]
|-damage|p1a: Stardust Platinum|95/100|[from] Sandstorm
|upkeep
|
|t:|1757915579
|switch|p2a: Excadrill|Excadrill, M|100/100
|turn|4
|
|t:|1757915583
|move|p2a: Excadrill|Earthquake|p1a: Stardust Platinum
|-damage|p1a: Stardust Platinum|0 fnt
|faint|p1a: Stardust Platinum
|-damage|p2a: Excadrill|91/100|[from] item: Life Orb
|
|-weather|Sandstorm|[upkeep]
|upkeep
|
|t:|1757915589
|switch|p1a: Calibarn|Ceruledge, F|100/100
|turn|5
|
|t:|1757915594
|-terastallize|p2a: Excadrill|Ground
|move|p2a: Excadrill|Earthquake|p1a: Calibarn
|-supereffective|p1a: Calibarn
|-crit|p1a: Calibarn
|-enditem|p1a: Calibarn|Focus Sash
|-damage|p1a: Calibarn|1/100
|-ability|p1a: Calibarn|Weak Armor|boost
|-unboost|p1a: Calibarn|def|1
|-boost|p1a: Calibarn|spe|2
|-damage|p2a: Excadrill|81/100|[from] item: Life Orb
|move|p1a: Calibarn|Bitter Blade|p2a: Excadrill
|-damage|p2a: Excadrill|12/100
|-heal|p1a: Calibarn|44/100|[from] drain|[of] p2a: Excadrill
|
|-weather|Sandstorm|[upkeep]
|-damage|p1a: Calibarn|37/100|[from] Sandstorm
|upkeep
|turn|6
|
|t:|1757915611
|move|p1a: Calibarn|Shadow Sneak|p2a: Excadrill
|-damage|p2a: Excadrill|0 fnt
|faint|p2a: Excadrill
|
|-weather|Sandstorm|[upkeep]
|-damage|p1a: Calibarn|31/100|[from] Sandstorm
|upkeep
|
|t:|1757915619
|switch|p2a: Gastrodon|Gastrodon, M|100/100
|turn|7
|
|t:|1757915627
|switch|p1a: Hajime|Decidueye-Hisui, F|100/100
|move|p2a: Gastrodon|Earth Power|p1a: Hajime
|-resisted|p1a: Hajime
|-damage|p1a: Hajime|84/100
|
|-weather|none
|-heal|p1a: Hajime|90/100|[from] item: Leftovers
|upkeep
|turn|8
|
|t:|1757915637
|switch|p2a: Skarmory|Skarmory, F|100/100
|move|p1a: Hajime|Bulk Up|p1a: Hajime
|-boost|p1a: Hajime|atk|1
|-boost|p1a: Hajime|def|1
|
|-heal|p1a: Hajime|96/100|[from] item: Leftovers
|upkeep
|turn|9
|
|t:|1757915647
|move|p2a: Skarmory|Stealth Rock|p1a: Hajime
|-sidestart|p1: Mythpunk|move: Stealth Rock
|move|p1a: Hajime|Close Combat|p2a: Skarmory
|-damage|p2a: Skarmory|52/100
|-unboost|p1a: Hajime|def|1
|-unboost|p1a: Hajime|spd|1
|
|-heal|p1a: Hajime|100/100|[from] item: Leftovers
|upkeep
|turn|10
|
|t:|1757915657
|move|p1a: Hajime|Bulk Up|p1a: Hajime
|-boost|p1a: Hajime|atk|1
|-boost|p1a: Hajime|def|1
|move|p2a: Skarmory|Whirlwind|p1a: Hajime
|drag|p1a: Angry Bangry|Walking Wake|100/100
|-damage|p1a: Angry Bangry|88/100|[from] Stealth Rock
|-enditem|p1a: Angry Bangry|Booster Energy
|-activate|p1a: Angry Bangry|ability: Protosynthesis|[fromitem]
|-start|p1a: Angry Bangry|protosynthesisspa
|
|upkeep
|turn|11
|
|t:|1757915669
|move|p1a: Angry Bangry|Substitute|p1a: Angry Bangry
|-start|p1a: Angry Bangry|Substitute
|-damage|p1a: Angry Bangry|63/100
|move|p2a: Skarmory|Roost|p2a: Skarmory
|-heal|p2a: Skarmory|100/100
|-singleturn|p2a: Skarmory|move: Roost
|
|upkeep
|turn|12
|
|t:|1757915678
|move|p1a: Angry Bangry|Hydro Pump|p2a: Skarmory
|-ability|p2a: Skarmory|Sturdy
|-damage|p2a: Skarmory|1/100
|-enditem|p2a: Skarmory|Sitrus Berry|[eat]
|-heal|p2a: Skarmory|26/100|[from] item: Sitrus Berry
|move|p2a: Skarmory|Body Press|p1a: Angry Bangry
|-crit|p1a: Angry Bangry
|-end|p1a: Angry Bangry|Substitute
|
|upkeep
|turn|13
|
|t:|1757915689
|move|p1a: Angry Bangry|Hydro Pump|p2a: Skarmory
|-damage|p2a: Skarmory|0 fnt
|faint|p2a: Skarmory
|
|upkeep
|
|t:|1757915697
|switch|p2a: Scizor|Scizor, F|100/100
|turn|14
|
|t:|1757915700
|switch|p2a: Gastrodon|Gastrodon, M|100/100
|move|p1a: Angry Bangry|Hydro Pump|p2a: Gastrodon
|-ability|p2a: Gastrodon|Storm Drain|boost
|-boost|p2a: Gastrodon|spa|1
|
|upkeep
|turn|15
|
|t:|1757915710
|switch|p2a: Scizor|Scizor, F|100/100
|move|p1a: Angry Bangry|Draco Meteor|p2a: Scizor
|-resisted|p2a: Scizor
|-damage|p2a: Scizor|39/100
|-unboost|p1a: Angry Bangry|spa|2
|
|-heal|p2a: Scizor|45/100|[from] item: Leftovers
|upkeep
|turn|16
|
|t:|1757915723
|-end|p1a: Angry Bangry|Protosynthesis|[silent]
|switch|p1a: Puddle Buddy|Clodsire, M|100/100
|-damage|p1a: Puddle Buddy|94/100|[from] Stealth Rock
|move|p2a: Scizor|Swords Dance|p2a: Scizor
|-boost|p2a: Scizor|atk|2
|
|-heal|p2a: Scizor|51/100|[from] item: Leftovers
|-heal|p1a: Puddle Buddy|100/100|[from] item: Leftovers
|upkeep
|turn|17
|
|t:|1757915736
|move|p2a: Scizor|X-Scissor|p1a: Puddle Buddy
|-resisted|p1a: Puddle Buddy
|-damage|p1a: Puddle Buddy|82/100
|move|p1a: Puddle Buddy|Ancient Power|p2a: Scizor
|-damage|p2a: Scizor|36/100
|
|-heal|p2a: Scizor|42/100|[from] item: Leftovers
|-heal|p1a: Puddle Buddy|89/100|[from] item: Leftovers
|upkeep
|turn|18
|
|t:|1757915746
|move|p2a: Scizor|Swords Dance|p2a: Scizor
|-boost|p2a: Scizor|atk|2
|move|p1a: Puddle Buddy|Ancient Power|p2a: Scizor
|-damage|p2a: Scizor|26/100
|
|-heal|p2a: Scizor|32/100|[from] item: Leftovers
|-heal|p1a: Puddle Buddy|95/100|[from] item: Leftovers
|upkeep
|turn|19
|
|t:|1757915755
|move|p2a: Scizor|Bullet Punch|p1a: Puddle Buddy
|-damage|p1a: Puddle Buddy|77/100
|move|p1a: Puddle Buddy|Ancient Power|p2a: Scizor
|-damage|p2a: Scizor|15/100
|
|-heal|p2a: Scizor|21/100|[from] item: Leftovers
|-heal|p1a: Puddle Buddy|84/100|[from] item: Leftovers
|upkeep
|turn|20
|
|t:|1757915763
|move|p2a: Scizor|Close Combat|p1a: Puddle Buddy
|-resisted|p1a: Puddle Buddy
|-damage|p1a: Puddle Buddy|64/100
|-unboost|p2a: Scizor|def|1
|-unboost|p2a: Scizor|spd|1
|move|p1a: Puddle Buddy|Ancient Power|p2a: Scizor
|-damage|p2a: Scizor|7/100
|
|-heal|p2a: Scizor|13/100|[from] item: Leftovers
|-heal|p1a: Puddle Buddy|70/100|[from] item: Leftovers
|upkeep
|turn|21
|
|t:|1757915775
|switch|p2a: Gastrodon|Gastrodon, M|100/100
|move|p1a: Puddle Buddy|Ancient Power|p2a: Gastrodon
|-resisted|p2a: Gastrodon
|-damage|p2a: Gastrodon|96/100
|
|-heal|p1a: Puddle Buddy|77/100|[from] item: Leftovers
|upkeep
|turn|22
|
|t:|1757915785
|move|p2a: Gastrodon|Amnesia|p2a: Gastrodon
|-boost|p2a: Gastrodon|spd|2
|move|p1a: Puddle Buddy|Toxic|p2a: Gastrodon
|-status|p2a: Gastrodon|tox
|
|-heal|p1a: Puddle Buddy|83/100|[from] item: Leftovers
|-damage|p2a: Gastrodon|90/100 tox|[from] psn
|upkeep
|turn|23
|
|t:|1757915794
|move|p2a: Gastrodon|Earth Power|p1a: Puddle Buddy
|-supereffective|p1a: Puddle Buddy
|-damage|p1a: Puddle Buddy|32/100
|move|p1a: Puddle Buddy|Ancient Power|p2a: Gastrodon
|-resisted|p2a: Gastrodon
|-damage|p2a: Gastrodon|85/100 tox
|
|-heal|p1a: Puddle Buddy|39/100|[from] item: Leftovers
|-damage|p2a: Gastrodon|72/100 tox|[from] psn
|upkeep
|turn|24
|
|t:|1757915804
|switch|p1a: Hajime|Decidueye-Hisui, F|100/100
|-damage|p1a: Hajime|95/100|[from] Stealth Rock
|move|p2a: Gastrodon|Earth Power|p1a: Hajime
|-resisted|p1a: Hajime
|-crit|p1a: Hajime
|-damage|p1a: Hajime|72/100
|
|-heal|p1a: Hajime|78/100|[from] item: Leftovers
|-damage|p2a: Gastrodon|54/100 tox|[from] psn
|upkeep
|turn|25
|
|t:|1757915815
|move|p1a: Hajime|Close Combat|p2a: Gastrodon
|-damage|p2a: Gastrodon|0 fnt
|-unboost|p1a: Hajime|def|1
|-unboost|p1a: Hajime|spd|1
|faint|p2a: Gastrodon
|
|-heal|p1a: Hajime|84/100|[from] item: Leftovers
|upkeep
|
|t:|1757915824
|switch|p2a: Scizor|Scizor, F|13/100
|turn|26
|
|t:|1757915827
|move|p2a: Scizor|Bullet Punch|p1a: Hajime
|-damage|p1a: Hajime|48/100
|move|p1a: Hajime|Close Combat|p2a: Scizor
|-damage|p2a: Scizor|0 fnt
|-unboost|p1a: Hajime|def|1
|-unboost|p1a: Hajime|spd|1
|faint|p2a: Scizor
|
|win|Mythpunk
|raw|Mythpunk's rating: 1092 &rarr; <strong>1117</strong><br />(+25 for winning)
|raw|cczx sandstorm's rating: 1073 &rarr; <strong>1053</strong><br />(-20 for losing)
|c|☆Mythpunk|gg wp
|l|☆cczx sandstorm
|player|p2|
|l|☆Mythpunk
|player|p1|
