|j|☆VibrantApple
|j|☆magikarp soup
|t:|1757853108
|gametype|singles
|player|p1|VibrantApple|cyclistf|1577
|player|p2|magikarp soup|169|1581
|gen|9
|tier|[Gen 9] OU
|rated|
|rule|HP Percentage Mod: HP is shown in percentages
|rule|Endless Battle Clause: Forcing endless battles is banned
|rule|Species Clause: Limit one of each Pokémon
|rule|OHKO Clause: OHKO moves are banned
|rule|Evasion Items Clause: Evasion items are banned
|rule|Evasion Moves Clause: Evasion moves are banned
|rule|Evasion Abilities Clause: Evasion abilities are banned
|rule|Sleep Moves Clause: Sleep-inducing moves are banned
|clearpoke
|poke|p1|Gliscor, F|
|poke|p1|Dondozo, F|
|poke|p1|Blissey, F|
|poke|p1|Dragonite, F|
|poke|p1|Alomomola, F|
|poke|p1|Clodsire, F|
|poke|p2|Garganacl, M|
|poke|p2|Pecharunt|
|poke|p2|Gliscor, M|
|poke|p2|Zamazenta-*|
|poke|p2|Corviknight, M|
|poke|p2|Iron Valiant|
|teampreview
|inactive|Battle timer is ON: inactive players will automatically lose when time's up. (requested by VibrantApple)
|inactive|magikarp soup has 120 seconds left.
|
|t:|1757853163
|teamsize|p1|6
|teamsize|p2|6
|start
|switch|p1a: Gliscor|Gliscor, F|100/100
|switch|p2a: Gliscor|Gliscor, M|100/100
|turn|1
|
|t:|1757853170
|move|p1a: Gliscor|Protect|p1a: Gliscor
|-singleturn|p1a: Gliscor|Protect
|move|p2a: Gliscor|Knock Off|p1a: Gliscor
|-activate|p1a: Gliscor|move: Protect
|
|-status|p2a: Gliscor|tox|[from] item: Toxic Orb
|-status|p1a: Gliscor|tox|[from] item: Toxic Orb
|upkeep
|turn|2
|
|t:|1757853179
|move|p2a: Gliscor|Stealth Rock|p1a: Gliscor
|-sidestart|p1: VibrantApple|move: Stealth Rock
|move|p1a: Gliscor|Spikes|p2a: Gliscor
|-sidestart|p2: magikarp soup|Spikes
|
|upkeep
|turn|3
|
|t:|1757853186
|move|p2a: Gliscor|Knock Off|p1a: Gliscor
|-damage|p1a: Gliscor|83/100 tox
|-enditem|p1a: Gliscor|Toxic Orb|[from] move: Knock Off|[of] p2a: Gliscor
|move|p1a: Gliscor|Knock Off|p2a: Gliscor
|-damage|p2a: Gliscor|83/100 tox
|-enditem|p2a: Gliscor|Toxic Orb|[from] move: Knock Off|[of] p1a: Gliscor
|
|-heal|p2a: Gliscor|96/100 tox|[from] ability: Poison Heal
|-heal|p1a: Gliscor|95/100 tox|[from] ability: Poison Heal
|upkeep
|turn|4
|
|t:|1757853202
|switch|p2a: Corviknight|Corviknight, M|100/100
|-ability|p2a: Corviknight|Pressure
|move|p1a: Gliscor|Spikes|p2a: Corviknight
|-sidestart|p2: magikarp soup|Spikes
|
|-heal|p1a: Gliscor|100/100 tox|[from] ability: Poison Heal
|upkeep
|turn|5
|j| brown xmas
|
|t:|1757853214
|move|p1a: Gliscor|Knock Off|p2a: Corviknight
|-damage|p2a: Corviknight|84/100
|-enditem|p2a: Corviknight|Leftovers|[from] move: Knock Off|[of] p1a: Gliscor
|move|p2a: Corviknight|Defog|p1a: Gliscor
|-unboost|p1a: Gliscor|evasion|1
|-sideend|p1: VibrantApple|Stealth Rock|[from] move: Defog|[of] p2a: Corviknight
|-sideend|p2: magikarp soup|Spikes|[from] move: Defog|[of] p2a: Corviknight
|
|upkeep
|turn|6
|
|t:|1757853225
|switch|p2a: Garganacl|Garganacl, M|100/100
|move|p1a: Gliscor|Spikes|p2a: Garganacl
|-sidestart|p2: magikarp soup|Spikes
|
|upkeep
|turn|7
|
|t:|1757853248
|switch|p2a: Gliscor|Gliscor, M|96/100 tox
|move|p1a: Gliscor|Knock Off|p2a: Gliscor
|-damage|p2a: Gliscor|85/100 tox
|
|-heal|p2a: Gliscor|98/100 tox|[from] ability: Poison Heal
|upkeep
|turn|8
|
|t:|1757853271
|switch|p1a: Alomomola|Alomomola, F|100/100
|move|p2a: Gliscor|Stealth Rock|p1a: Alomomola
|-sidestart|p1: VibrantApple|move: Stealth Rock
|
|-heal|p2a: Gliscor|100/100 tox|[from] ability: Poison Heal
|upkeep
|turn|9
|
|t:|1757853280
|move|p2a: Gliscor|Toxic|p1a: Alomomola
|-status|p1a: Alomomola|tox
|move|p1a: Alomomola|Scald|p2a: Gliscor
|-supereffective|p2a: Gliscor
|-damage|p2a: Gliscor|78/100 tox
|
|-heal|p2a: Gliscor|90/100 tox|[from] ability: Poison Heal
|-damage|p1a: Alomomola|94/100 tox|[from] psn
|upkeep
|turn|10
|
|t:|1757853292
|move|p2a: Gliscor|Knock Off|p1a: Alomomola
|-damage|p1a: Alomomola|83/100 tox
|-enditem|p1a: Alomomola|Heavy-Duty Boots|[from] move: Knock Off|[of] p2a: Gliscor
|move|p1a: Alomomola|Flip Turn|p2a: Gliscor
|-supereffective|p2a: Gliscor
|-damage|p2a: Gliscor|63/100 tox
|
|t:|1757853302
|switch|p1a: Gliscor|Gliscor, F|100/100 tox|[from] Flip Turn
|-damage|p1a: Gliscor|88/100 tox|[from] Stealth Rock
|
|-heal|p2a: Gliscor|75/100 tox|[from] ability: Poison Heal
|-heal|p1a: Gliscor|100/100 tox|[from] ability: Poison Heal
|upkeep
|turn|11
|
|t:|1757853315
|switch|p1a: Alomomola|Alomomola, F|100/100 tox
|-damage|p1a: Alomomola|88/100 tox|[from] Stealth Rock
|move|p2a: Gliscor|Stealth Rock||[still]
|-fail|p2a: Gliscor
|
|-heal|p2a: Gliscor|88/100 tox|[from] ability: Poison Heal
|-damage|p1a: Alomomola|82/100 tox|[from] psn
|upkeep
|turn|12
|
|t:|1757853324
|switch|p2a: Corviknight|Corviknight, M|84/100
|-ability|p2a: Corviknight|Pressure
|switch|p1a: Gliscor|Gliscor, F|100/100 tox
|-damage|p1a: Gliscor|88/100 tox|[from] Stealth Rock
|
|-heal|p1a: Gliscor|100/100 tox|[from] ability: Poison Heal
|upkeep
|turn|13
|
|t:|1757853340
|switch|p2a: Gliscor|Gliscor, M|88/100 tox
|move|p1a: Gliscor|Protect||[still]
|-fail|p1a: Gliscor
|
|-heal|p2a: Gliscor|100/100 tox|[from] ability: Poison Heal
|upkeep
|turn|14
|
|t:|1757853346
|switch|p1a: Alomomola|Alomomola, F|100/100 tox
|-damage|p1a: Alomomola|88/100 tox|[from] Stealth Rock
|switch|p2a: Corviknight|Corviknight, M|84/100
|-ability|p2a: Corviknight|Pressure
|
|-damage|p1a: Alomomola|82/100 tox|[from] psn
|upkeep
|turn|15
|
|t:|1757853365
|switch|p2a: Gliscor|Gliscor, M|100/100 tox
|move|p1a: Alomomola|Flip Turn|p2a: Gliscor
|-supereffective|p2a: Gliscor
|-damage|p2a: Gliscor|76/100 tox
|
|t:|1757853371
|switch|p1a: Blissey|Blissey, F|100/100|[from] Flip Turn
|
|-heal|p2a: Gliscor|89/100 tox|[from] ability: Poison Heal
|upkeep
|turn|16
|
|t:|1757853376
|switch|p1a: Alomomola|Alomomola, F|100/100 tox
|-damage|p1a: Alomomola|88/100 tox|[from] Stealth Rock
|move|p2a: Gliscor|Knock Off|p1a: Alomomola
|-damage|p1a: Alomomola|80/100 tox
|
|-heal|p2a: Gliscor|100/100 tox|[from] ability: Poison Heal
|-damage|p1a: Alomomola|74/100 tox|[from] psn
|upkeep
|turn|17
|
|t:|1757853380
|switch|p2a: Corviknight|Corviknight, M|84/100
|-ability|p2a: Corviknight|Pressure
|switch|p1a: Gliscor|Gliscor, F|100/100 tox
|-damage|p1a: Gliscor|88/100 tox|[from] Stealth Rock
|
|-heal|p1a: Gliscor|100/100 tox|[from] ability: Poison Heal
|upkeep
|turn|18
|
|t:|1757853384
|move|p1a: Gliscor|Spikes|p2a: Corviknight
|-sidestart|p2: magikarp soup|Spikes
|move|p2a: Corviknight|Iron Head|p1a: Gliscor
|-damage|p1a: Gliscor|83/100 tox
|
|-heal|p1a: Gliscor|95/100 tox|[from] ability: Poison Heal
|upkeep
|turn|19
|
|t:|1757853391
|switch|p1a: Alomomola|Alomomola, F|100/100 tox
|-damage|p1a: Alomomola|88/100 tox|[from] Stealth Rock
|switch|p2a: Gliscor|Gliscor, M|100/100 tox
|
|-damage|p1a: Alomomola|82/100 tox|[from] psn
|upkeep
|turn|20
|
|t:|1757853396
|switch|p2a: Corviknight|Corviknight, M|84/100
|-ability|p2a: Corviknight|Pressure
|switch|p1a: Gliscor|Gliscor, F|95/100 tox
|-damage|p1a: Gliscor|83/100 tox|[from] Stealth Rock
|
|-heal|p1a: Gliscor|95/100 tox|[from] ability: Poison Heal
|upkeep
|turn|21
|l| brown xmas
|
|t:|1757853402
|switch|p1a: Alomomola|Alomomola, F|100/100 tox
|-damage|p1a: Alomomola|88/100 tox|[from] Stealth Rock
|switch|p2a: Gliscor|Gliscor, M|100/100 tox
|
|-damage|p1a: Alomomola|82/100 tox|[from] psn
|upkeep
|turn|22
|
|t:|1757853405
|switch|p2a: Corviknight|Corviknight, M|84/100
|-ability|p2a: Corviknight|Pressure
|move|p1a: Alomomola|Flip Turn|p2a: Corviknight
|-damage|p2a: Corviknight|72/100
|
|t:|1757853407
|switch|p1a: Blissey|Blissey, F|100/100|[from] Flip Turn
|
|upkeep
|turn|23
|
|t:|1757853418
|switch|p2a: Pecharunt|Pecharunt|100/100
|move|p1a: Blissey|Stealth Rock|p2a: Pecharunt
|-sidestart|p2: magikarp soup|move: Stealth Rock
|
|upkeep
|turn|24
|
|t:|1757853424
|switch|p1a: Clodsire|Clodsire, F|100/100
|move|p2a: Pecharunt|Parting Shot|p1a: Clodsire
|-unboost|p1a: Clodsire|atk|1
|-unboost|p1a: Clodsire|spa|1
|
|t:|1757853428
|switch|p2a: Gliscor|Gliscor, M|100/100 tox|[from] Parting Shot
|-damage|p2a: Gliscor|88/100 tox|[from] Stealth Rock
|
|-heal|p2a: Gliscor|100/100 tox|[from] ability: Poison Heal
|upkeep
|turn|25
|
|t:|1757853432
|switch|p1a: Gliscor|Gliscor, F|95/100 tox
|-damage|p1a: Gliscor|83/100 tox|[from] Stealth Rock
|move|p2a: Gliscor|Knock Off|p1a: Gliscor
|-damage|p1a: Gliscor|72/100 tox
|
|-heal|p1a: Gliscor|84/100 tox|[from] ability: Poison Heal
|upkeep
|turn|26
|
|t:|1757853436
|switch|p1a: Alomomola|Alomomola, F|100/100 tox
|-damage|p1a: Alomomola|88/100 tox|[from] Stealth Rock
|switch|p2a: Corviknight|Corviknight, M|72/100
|-damage|p2a: Corviknight|59/100|[from] Stealth Rock
|-ability|p2a: Corviknight|Pressure
|
|-damage|p1a: Alomomola|82/100 tox|[from] psn
|upkeep
|turn|27
|
|t:|1757853440
|move|p2a: Corviknight|Defog|p1a: Alomomola
|-unboost|p1a: Alomomola|evasion|1
|-sideend|p1: VibrantApple|Stealth Rock|[from] move: Defog|[of] p2a: Corviknight
|-sideend|p2: magikarp soup|Spikes|[from] move: Defog|[of] p2a: Corviknight
|-sideend|p2: magikarp soup|Stealth Rock|[from] move: Defog|[of] p2a: Corviknight
|move|p1a: Alomomola|Scald|p2a: Corviknight
|-damage|p2a: Corviknight|50/100
|
|-damage|p1a: Alomomola|70/100 tox|[from] psn
|upkeep
|turn|28
|j| brown xmas
|
|t:|1757853445
|move|p2a: Corviknight|Roost|p2a: Corviknight
|-heal|p2a: Corviknight|99/100
|-singleturn|p2a: Corviknight|move: Roost
|move|p1a: Alomomola|Scald|p2a: Corviknight
|-damage|p2a: Corviknight|90/100
|
|-damage|p1a: Alomomola|51/100 tox|[from] psn
|upkeep
|turn|29
|
|t:|1757853448
|switch|p1a: Gliscor|Gliscor, F|84/100 tox
|move|p2a: Corviknight|U-turn|p1a: Gliscor
|-resisted|p1a: Gliscor
|-damage|p1a: Gliscor|79/100 tox
|l| brown xmas
|
|t:|1757853453
|switch|p2a: Iron Valiant|Iron Valiant|100/100|[from] U-turn
|
|-heal|p1a: Gliscor|92/100 tox|[from] ability: Poison Heal
|upkeep
|turn|30
|
|t:|1757853460
|switch|p1a: Clodsire|Clodsire, F|100/100
|move|p2a: Iron Valiant|Trick|p1a: Clodsire
|-activate|p2a: Iron Valiant|move: Trick|[of] p1a: Clodsire
|-item|p1a: Clodsire|Choice Scarf|[from] move: Trick
|-item|p2a: Iron Valiant|Heavy-Duty Boots|[from] move: Trick
|
|upkeep
|turn|31
|
|t:|1757853472
|-end|p2a: Iron Valiant|Quark Drive|[silent]
|switch|p2a: Gliscor|Gliscor, M|100/100 tox
|switch|p1a: Gliscor|Gliscor, F|92/100 tox
|
|-heal|p1a: Gliscor|100/100 tox|[from] ability: Poison Heal
|upkeep
|turn|32
|
|t:|1757853478
|switch|p1a: Alomomola|Alomomola, F|84/100 tox
|move|p2a: Gliscor|Stealth Rock|p1a: Alomomola
|-sidestart|p1: VibrantApple|move: Stealth Rock
|
|-damage|p1a: Alomomola|78/100 tox|[from] psn
|upkeep
|turn|33
|
|t:|1757853492
|switch|p2a: Pecharunt|Pecharunt|100/100
|move|p1a: Alomomola|Flip Turn|p2a: Pecharunt
|-damage|p2a: Pecharunt|93/100
|
|t:|1757853494
|switch|p1a: Blissey|Blissey, F|100/100|[from] Flip Turn
|
|upkeep
|turn|34
|
|t:|1757853499
|move|p2a: Pecharunt|Malignant Chain|p1a: Blissey
|-crit|p1a: Blissey
|-damage|p1a: Blissey|87/100
|move|p1a: Blissey|Stealth Rock|p2a: Pecharunt
|-sidestart|p2: magikarp soup|move: Stealth Rock
|
|upkeep
|turn|35
|
|t:|1757853505
|switch|p1a: Clodsire|Clodsire, F|100/100
|-damage|p1a: Clodsire|94/100|[from] Stealth Rock
|move|p2a: Pecharunt|Parting Shot|p1a: Clodsire
|-unboost|p1a: Clodsire|atk|1
|-unboost|p1a: Clodsire|spa|1
|
|t:|1757853508
|switch|p2a: Garganacl|Garganacl, M|100/100|[from] Parting Shot
|-damage|p2a: Garganacl|88/100|[from] Stealth Rock
|
|-heal|p2a: Garganacl|94/100|[from] item: Leftovers
|upkeep
|turn|36
|
|t:|1757853520
|move|p1a: Clodsire|Earthquake|p2a: Garganacl
|-supereffective|p2a: Garganacl
|-damage|p2a: Garganacl|72/100
|move|p2a: Garganacl|Curse|p2a: Garganacl
|-unboost|p2a: Garganacl|spe|1
|-boost|p2a: Garganacl|atk|1
|-boost|p2a: Garganacl|def|1
|
|-heal|p2a: Garganacl|78/100|[from] item: Leftovers
|upkeep
|turn|37
|
|t:|1757853533
|switch|p1a: Gliscor|Gliscor, F|100/100 tox
|-damage|p1a: Gliscor|88/100 tox|[from] Stealth Rock
|move|p2a: Garganacl|Curse|p2a: Garganacl
|-unboost|p2a: Garganacl|spe|1
|-boost|p2a: Garganacl|atk|1
|-boost|p2a: Garganacl|def|1
|
|-heal|p2a: Garganacl|84/100|[from] item: Leftovers
|-heal|p1a: Gliscor|100/100 tox|[from] ability: Poison Heal
|upkeep
|turn|38
|
|t:|1757853538
|move|p1a: Gliscor|Knock Off|p2a: Garganacl
|-damage|p2a: Garganacl|77/100
|-enditem|p2a: Garganacl|Leftovers|[from] move: Knock Off|[of] p1a: Gliscor
|move|p2a: Garganacl|Salt Cure|p1a: Gliscor
|-damage|p1a: Gliscor|80/100 tox
|-start|p1a: Gliscor|Salt Cure
|
|-heal|p1a: Gliscor|93/100 tox|[from] ability: Poison Heal
|-damage|p1a: Gliscor|80/100 tox|[from] Salt Cure
|upkeep
|turn|39
|
|t:|1757853553
|switch|p1a: Dragonite|Dragonite, F|100/100
|move|p2a: Garganacl|Curse|p2a: Garganacl
|-unboost|p2a: Garganacl|spe|1
|-boost|p2a: Garganacl|atk|1
|-boost|p2a: Garganacl|def|1
|
|upkeep
|turn|40
|
|t:|1757853558
|move|p2a: Garganacl|Salt Cure|p1a: Dragonite
|-supereffective|p1a: Dragonite
|-damage|p1a: Dragonite|79/100
|-start|p1a: Dragonite|Salt Cure
|move|p1a: Dragonite|Dragon Tail|p2a: Garganacl|[miss]
|-miss|p1a: Dragonite|p2a: Garganacl
|
|-damage|p1a: Dragonite|67/100|[from] Salt Cure
|upkeep
|turn|41
|j| impersonxtor
|
|t:|1757853562
|move|p2a: Garganacl|Salt Cure|p1a: Dragonite
|-supereffective|p1a: Dragonite
|-damage|p1a: Dragonite|20/100
|move|p1a: Dragonite|Dragon Tail|p2a: Garganacl
|-damage|p2a: Garganacl|70/100
|drag|p2a: Iron Valiant|Iron Valiant|100/100
|
|-damage|p1a: Dragonite|7/100|[from] Salt Cure
|upkeep
|turn|42
|
|t:|1757853573
|switch|p1a: Clodsire|Clodsire, F|94/100
|-damage|p1a: Clodsire|88/100|[from] Stealth Rock
|move|p2a: Iron Valiant|Moonblast|p1a: Clodsire
|-resisted|p1a: Clodsire
|-damage|p1a: Clodsire|77/100
|-unboost|p1a: Clodsire|spa|1
|
|upkeep
|turn|43
|
|t:|1757853580
|-end|p2a: Iron Valiant|Quark Drive|[silent]
|switch|p2a: Garganacl|Garganacl, M|70/100
|-damage|p2a: Garganacl|58/100|[from] Stealth Rock
|move|p1a: Clodsire|Recover|p1a: Clodsire
|-heal|p1a: Clodsire|100/100
|
|upkeep
|turn|44
|
|t:|1757853588
|switch|p1a: Alomomola|Alomomola, F|100/100 tox
|-damage|p1a: Alomomola|88/100 tox|[from] Stealth Rock
|move|p2a: Garganacl|Recover|p2a: Garganacl
|-heal|p2a: Garganacl|100/100
|
|-damage|p1a: Alomomola|82/100 tox|[from] psn
|upkeep
|turn|45
|
|t:|1757853591
|move|p1a: Alomomola|Wish|p1a: Alomomola
|move|p2a: Garganacl|Curse|p2a: Garganacl
|-unboost|p2a: Garganacl|spe|1
|-boost|p2a: Garganacl|atk|1
|-boost|p2a: Garganacl|def|1
|
|-damage|p1a: Alomomola|70/100 tox|[from] psn
|upkeep
|turn|46
|
|t:|1757853594
|move|p1a: Alomomola|Flip Turn|p2a: Garganacl
|-supereffective|p2a: Garganacl
|-damage|p2a: Garganacl|86/100
|
|t:|1757853600
|switch|p1a: Gliscor|Gliscor, F|80/100 tox|[from] Flip Turn
|-damage|p1a: Gliscor|68/100 tox|[from] Stealth Rock
|move|p2a: Garganacl|Salt Cure|p1a: Gliscor
|-damage|p1a: Gliscor|52/100 tox
|-start|p1a: Gliscor|Salt Cure
|
|-heal|p1a: Gliscor|100/100 tox|[from] move: Wish|[wisher] Alomomola
|-damage|p1a: Gliscor|88/100 tox|[from] Salt Cure
|upkeep
|turn|47
|
|t:|1757853608
|switch|p1a: Dondozo|Dondozo, F|100/100
|move|p2a: Garganacl|Salt Cure|p1a: Dondozo
|-damage|p1a: Dondozo|95/100
|-start|p1a: Dondozo|Salt Cure
|
|-damage|p1a: Dondozo|70/100|[from] Salt Cure
|upkeep
|turn|48
|
|t:|1757853616
|-terastallize|p1a: Dondozo|Fighting
|-terastallize|p2a: Garganacl|Water
|move|p1a: Dondozo|Waterfall|p2a: Garganacl
|-resisted|p2a: Garganacl
|-damage|p2a: Garganacl|76/100
|cant|p2a: Garganacl|flinch
|
|-damage|p1a: Dondozo|57/100|[from] Salt Cure
|upkeep
|turn|49
|
|t:|1757853630
|move|p1a: Dondozo|Curse|p1a: Dondozo
|-unboost|p1a: Dondozo|spe|1
|-boost|p1a: Dondozo|atk|1
|-boost|p1a: Dondozo|def|1
|move|p2a: Garganacl|Earthquake|p1a: Dondozo
|-damage|p1a: Dondozo|50/100
|
|-damage|p1a: Dondozo|38/100|[from] Salt Cure
|upkeep
|turn|50
|
|t:|1757853637
|switch|p2a: Iron Valiant|Iron Valiant|100/100
|move|p1a: Dondozo|Rest|p1a: Dondozo
|-status|p1a: Dondozo|slp|[from] move: Rest
|-heal|p1a: Dondozo|100/100 slp|[silent]
|
|-damage|p1a: Dondozo|88/100 slp|[from] Salt Cure
|upkeep
|turn|51
|
|t:|1757853642
|switch|p1a: Clodsire|Clodsire, F|100/100
|-damage|p1a: Clodsire|94/100|[from] Stealth Rock
|move|p2a: Iron Valiant|Moonblast|p1a: Clodsire
|-resisted|p1a: Clodsire
|-damage|p1a: Clodsire|84/100
|-unboost|p1a: Clodsire|spa|1
|
|upkeep
|turn|52
|
|t:|1757853651
|-end|p2a: Iron Valiant|Quark Drive|[silent]
|switch|p2a: Pecharunt|Pecharunt|93/100
|move|p1a: Clodsire|Toxic|p2a: Pecharunt
|-immune|p2a: Pecharunt
|
|upkeep
|turn|53
|
|t:|1757853656
|switch|p1a: Blissey|Blissey, F|87/100
|move|p2a: Pecharunt|Parting Shot|p1a: Blissey
|-unboost|p1a: Blissey|atk|1
|-unboost|p1a: Blissey|spa|1
|
|t:|1757853659
|switch|p2a: Garganacl|Garganacl, M, tera:Water|76/100|[from] Parting Shot
|-damage|p2a: Garganacl|64/100|[from] Stealth Rock
|
|upkeep
|turn|54
|
|t:|1757853665
|switch|p1a: Alomomola|Alomomola, F|100/100 tox
|-damage|p1a: Alomomola|88/100 tox|[from] Stealth Rock
|move|p2a: Garganacl|Salt Cure|p1a: Alomomola
|-damage|p1a: Alomomola|81/100 tox
|-start|p1a: Alomomola|Salt Cure
|
|-damage|p1a: Alomomola|75/100 tox|[from] psn
|-damage|p1a: Alomomola|50/100 tox|[from] Salt Cure
|upkeep
|turn|55
|
|t:|1757853672
|switch|p1a: Clodsire|Clodsire, F|84/100
|-damage|p1a: Clodsire|78/100|[from] Stealth Rock
|move|p2a: Garganacl|Salt Cure|p1a: Clodsire
|-resisted|p1a: Clodsire
|-damage|p1a: Clodsire|70/100
|-start|p1a: Clodsire|Salt Cure
|
|-damage|p1a: Clodsire|58/100|[from] Salt Cure
|upkeep
|turn|56
|
|t:|1757853676
|move|p1a: Clodsire|Recover|p1a: Clodsire
|-heal|p1a: Clodsire|100/100
|move|p2a: Garganacl|Earthquake|p1a: Clodsire
|-supereffective|p1a: Clodsire
|-damage|p1a: Clodsire|47/100
|
|-damage|p1a: Clodsire|35/100|[from] Salt Cure
|upkeep
|turn|57
|
|t:|1757853685
|switch|p1a: Gliscor|Gliscor, F|88/100 tox
|-damage|p1a: Gliscor|75/100 tox|[from] Stealth Rock
|move|p2a: Garganacl|Salt Cure|p1a: Gliscor
|-damage|p1a: Gliscor|65/100 tox
|-start|p1a: Gliscor|Salt Cure
|
|-heal|p1a: Gliscor|78/100 tox|[from] ability: Poison Heal
|-damage|p1a: Gliscor|65/100 tox|[from] Salt Cure
|upkeep
|turn|58
|j| wgw2333
|
|t:|1757853689
|move|p1a: Gliscor|Spikes|p2a: Garganacl
|-sidestart|p2: magikarp soup|Spikes
|move|p2a: Garganacl|Curse|p2a: Garganacl
|-unboost|p2a: Garganacl|spe|1
|-boost|p2a: Garganacl|atk|1
|-boost|p2a: Garganacl|def|1
|
|-heal|p1a: Gliscor|78/100 tox|[from] ability: Poison Heal
|-damage|p1a: Gliscor|65/100 tox|[from] Salt Cure
|upkeep
|turn|59
|
|t:|1757853695
|switch|p1a: Dondozo|Dondozo, F, tera:Fighting|88/100 slp
|move|p2a: Garganacl|Salt Cure|p1a: Dondozo
|-resisted|p1a: Dondozo
|-damage|p1a: Dondozo|85/100 slp
|-start|p1a: Dondozo|Salt Cure
|
|-damage|p1a: Dondozo|73/100 slp|[from] Salt Cure
|upkeep
|turn|60
|
|t:|1757853699
|cant|p1a: Dondozo|slp
|move|p2a: Garganacl|Earthquake|p1a: Dondozo
|-damage|p1a: Dondozo|63/100 slp
|
|-damage|p1a: Dondozo|50/100 slp|[from] Salt Cure
|upkeep
|turn|61
|
|t:|1757853704
|switch|p2a: Iron Valiant|Iron Valiant|100/100
|cant|p1a: Dondozo|slp
|
|-damage|p1a: Dondozo|38/100 slp|[from] Salt Cure
|upkeep
|turn|62
|
|t:|1757853712
|switch|p1a: Blissey|Blissey, F|87/100
|move|p2a: Iron Valiant|Close Combat|p1a: Blissey
|-supereffective|p1a: Blissey
|-damage|p1a: Blissey|0 fnt
|-unboost|p2a: Iron Valiant|def|1
|-unboost|p2a: Iron Valiant|spd|1
|faint|p1a: Blissey
|
|upkeep
|-message|VibrantApple forfeited.
|
|win|magikarp soup
|raw|VibrantApple's rating: 1577 &rarr; <strong>1557</strong><br />(-20 for losing)
|raw|magikarp soup's rating: 1581 &rarr; <strong>1601</strong><br />(+20 for winning)
|l|☆VibrantApple
|player|p1|
