|j|☆CoffinSquad
|j|☆cchang21
|t:|1757835532
|gametype|singles
|player|p1|CoffinSquad|byron|1099
|player|p2|cchang21|emmet|1140
|gen|9
|tier|[Gen 9] OU
|rated|
|rule|HP Percentage Mod: HP is shown in percentages
|rule|Endless Battle Clause: Forcing endless battles is banned
|rule|Species Clause: Limit one of each Pokémon
|rule|OHKO Clause: OHKO moves are banned
|rule|Evasion Items Clause: Evasion items are banned
|rule|Evasion Moves Clause: Evasion moves are banned
|rule|Evasion Abilities Clause: Evasion abilities are banned
|rule|Sleep Moves Clause: Sleep-inducing moves are banned
|clearpoke
|poke|p1|Dragapult, M|
|poke|p1|Darkrai|
|poke|p1|Zapdos|
|poke|p1|Great Tusk|
|poke|p1|Araquanid, M|
|poke|p1|Gliscor, M|
|poke|p2|Iron Moth|
|poke|p2|Meowscarada, F|
|poke|p2|Glimmora, M|
|poke|p2|Zapdos|
|poke|p2|Great Tusk|
|poke|p2|Sylveon, M|
|teampreview
|inactive|Battle timer is ON: inactive players will automatically lose when time's up. (requested by cchang21)
|
|t:|1757835558
|teamsize|p1|6
|teamsize|p2|6
|start
|switch|p1a: Araquanid|Araquanid, M, shiny|100/100
|switch|p2a: Glimmora|Glimmora, M|100/100
|turn|1
|
|t:|1757835567
|move|p2a: Glimmora|Stealth Rock|p1a: Araquanid
|-sidestart|p1: CoffinSquad|move: Stealth Rock
|move|p1a: Araquanid|Sticky Web|p2a: Glimmora
|-sidestart|p2: cchang21|move: Sticky Web
|
|upkeep
|turn|2
|
|t:|1757835572
|move|p2a: Glimmora|Power Gem|p1a: Araquanid
|-supereffective|p1a: Araquanid
|-damage|p1a: Araquanid|33/100
|move|p1a: Araquanid|Surf|p2a: Glimmora
|-supereffective|p2a: Glimmora
|-enditem|p2a: Glimmora|Focus Sash
|-damage|p2a: Glimmora|1/100
|
|upkeep
|turn|3
|
|t:|1757835588
|switch|p1a: Great Tusk|Great Tusk, shiny|100/100
|move|p2a: Glimmora|Power Gem|p1a: Great Tusk
|-resisted|p1a: Great Tusk
|-damage|p1a: Great Tusk|84/100
|
|upkeep
|turn|4
|
|t:|1757835595
|move|p1a: Great Tusk|Rapid Spin|p2a: Glimmora
|-resisted|p2a: Glimmora
|-damage|p2a: Glimmora|0 fnt
|-boost|p1a: Great Tusk|spe|1
|-activate|p2a: Glimmora|ability: Toxic Debris
|-sidestart|p1: CoffinSquad|move: Toxic Spikes
|-sideend|p1: CoffinSquad|Toxic Spikes|[from] move: Rapid Spin|[of] p1a: Great Tusk
|-sideend|p1: CoffinSquad|Stealth Rock|[from] move: Rapid Spin|[of] p1a: Great Tusk
|faint|p2a: Glimmora
|
|upkeep
|
|t:|1757835608
|switch|p2a: Meowscarada|Meowscarada, F|100/100
|turn|5
|
|t:|1757835624
|move|p1a: Great Tusk|Ice Spinner|p2a: Meowscarada
|-supereffective|p2a: Meowscarada
|-damage|p2a: Meowscarada|19/100
|move|p2a: Meowscarada|Flower Trick|p1a: Great Tusk
|-start|p2a: Meowscarada|typechange|Grass|[from] ability: Protean
|-supereffective|p1a: Great Tusk
|-crit|p1a: Great Tusk
|-damage|p1a: Great Tusk|16/100
|
|upkeep
|turn|6
|
|t:|1757835633
|move|p1a: Great Tusk|Ice Spinner|p2a: Meowscarada
|-supereffective|p2a: Meowscarada
|-damage|p2a: Meowscarada|0 fnt
|faint|p2a: Meowscarada
|
|upkeep
|
|t:|1757835643
|switch|p2a: Zapdos|Zapdos|100/100
|turn|7
|
|t:|1757835649
|-end|p1a: Great Tusk|Protosynthesis|[silent]
|switch|p1a: Gliscor|Gliscor, M, shiny|100/100
|move|p2a: Zapdos|Hurricane|p1a: Gliscor|[miss]
|-miss|p2a: Zapdos|p1a: Gliscor
|
|-status|p1a: Gliscor|tox|[from] item: Toxic Orb
|upkeep
|turn|8
|
|t:|1757835657
|switch|p2a: Great Tusk|Great Tusk|100/100
|-activate|p2a: Great Tusk|move: Sticky Web
|-unboost|p2a: Great Tusk|spe|1
|move|p1a: Gliscor|Toxic|p2a: Great Tusk
|-status|p2a: Great Tusk|tox
|
|-damage|p2a: Great Tusk|94/100 tox|[from] psn
|upkeep
|turn|9
|
|t:|1757835668
|move|p1a: Gliscor|Spikes|p2a: Great Tusk
|-sidestart|p2: cchang21|Spikes
|move|p2a: Great Tusk|Rapid Spin|p1a: Gliscor
|-damage|p1a: Gliscor|88/100 tox
|-boost|p2a: Great Tusk|spe|1
|-sideend|p2: cchang21|Spikes|[from] move: Rapid Spin|[of] p2a: Great Tusk
|-sideend|p2: cchang21|Sticky Web|[from] move: Rapid Spin|[of] p2a: Great Tusk
|
|-damage|p2a: Great Tusk|82/100 tox|[from] psn
|-heal|p1a: Gliscor|100/100 tox|[from] ability: Poison Heal
|upkeep
|turn|10
|
|t:|1757835678
|move|p2a: Great Tusk|Rapid Spin|p1a: Gliscor
|-damage|p1a: Gliscor|89/100 tox
|-boost|p2a: Great Tusk|spe|1
|move|p1a: Gliscor|Knock Off|p2a: Great Tusk
|-resisted|p2a: Great Tusk
|-damage|p2a: Great Tusk|75/100 tox
|-damage|p1a: Gliscor|72/100 tox|[from] item: Rocky Helmet|[of] p2a: Great Tusk
|-enditem|p2a: Great Tusk|Rocky Helmet|[from] move: Knock Off|[of] p1a: Gliscor
|
|-damage|p2a: Great Tusk|57/100 tox|[from] psn
|-heal|p1a: Gliscor|85/100 tox|[from] ability: Poison Heal
|upkeep
|turn|11
|
|t:|1757835690
|move|p1a: Gliscor|Protect|p1a: Gliscor
|-singleturn|p1a: Gliscor|Protect
|move|p2a: Great Tusk|Ice Spinner|p1a: Gliscor
|-activate|p1a: Gliscor|move: Protect
|
|-damage|p2a: Great Tusk|32/100 tox|[from] psn
|-heal|p1a: Gliscor|97/100 tox|[from] ability: Poison Heal
|upkeep
|turn|12
|
|t:|1757835710
|switch|p1a: Araquanid|Araquanid, M, shiny|33/100
|move|p2a: Great Tusk|Ice Spinner|p1a: Araquanid
|-resisted|p1a: Araquanid
|-damage|p1a: Araquanid|21/100
|
|-damage|p2a: Great Tusk|1/100 tox|[from] psn
|upkeep
|turn|13
|-enditem|p1a: Araquanid|Custap Berry|[eat]
|-activate|p1a: Araquanid|item: Custap Berry|[consumed]
|
|t:|1757835722
|move|p1a: Araquanid|Sticky Web|p2a: Great Tusk
|-sidestart|p2: cchang21|move: Sticky Web
|move|p2a: Great Tusk|Headlong Rush|p1a: Araquanid
|-resisted|p1a: Araquanid
|-damage|p1a: Araquanid|0 fnt
|-unboost|p2a: Great Tusk|def|1
|-unboost|p2a: Great Tusk|spd|1
|faint|p1a: Araquanid
|
|-damage|p2a: Great Tusk|0 fnt|[from] psn
|faint|p2a: Great Tusk
|-end|p2a: Great Tusk|Protosynthesis|[silent]
|upkeep
|
|t:|1757835735
|switch|p2a: Zapdos|Zapdos|100/100
|switch|p1a: Gliscor|Gliscor, M, shiny|97/100 tox
|turn|14
|
|t:|1757835741
|switch|p2a: Iron Moth|Iron Moth|100/100
|-activate|p2a: Iron Moth|move: Sticky Web
|-unboost|p2a: Iron Moth|spe|1
|-enditem|p2a: Iron Moth|Booster Energy
|-activate|p2a: Iron Moth|ability: Quark Drive|[fromitem]
|-start|p2a: Iron Moth|quarkdrivespa
|move|p1a: Gliscor|Toxic|p2a: Iron Moth
|-immune|p2a: Iron Moth
|
|-heal|p1a: Gliscor|100/100 tox|[from] ability: Poison Heal
|upkeep
|turn|15
|
|t:|1757835754
|-terastallize|p2a: Iron Moth|Fairy
|move|p2a: Iron Moth|Fiery Dance|p1a: Gliscor
|-damage|p1a: Gliscor|52/100 tox
|-boost|p2a: Iron Moth|spa|1
|move|p1a: Gliscor|Knock Off|p2a: Iron Moth
|-resisted|p2a: Iron Moth
|-damage|p2a: Iron Moth|90/100
|
|-heal|p1a: Gliscor|64/100 tox|[from] ability: Poison Heal
|upkeep
|turn|16
|
|t:|1757835777
|switch|p1a: Zapdos|Zapdos|100/100
|move|p2a: Iron Moth|Fiery Dance|p1a: Zapdos
|-damage|p1a: Zapdos|26/100
|-boost|p2a: Iron Moth|spa|1
|
|upkeep
|turn|17
|inactive|CoffinSquad has 120 seconds left.
|
|t:|1757835794
|move|p1a: Zapdos|Roost|p1a: Zapdos
|-heal|p1a: Zapdos|76/100
|-singleturn|p1a: Zapdos|move: Roost
|move|p2a: Iron Moth|Fiery Dance|p1a: Zapdos
|-damage|p1a: Zapdos|0 fnt
|faint|p1a: Zapdos
|
|upkeep
|inactive|CoffinSquad has 120 seconds left.
|
|t:|1757835806
|switch|p1a: Great Tusk|Great Tusk, shiny|16/100
|turn|18
|inactive|CoffinSquad has 120 seconds left.
|
|t:|1757835818
|move|p1a: Great Tusk|Headlong Rush|p2a: Iron Moth
|-damage|p2a: Iron Moth|7/100
|-unboost|p1a: Great Tusk|def|1
|-unboost|p1a: Great Tusk|spd|1
|move|p2a: Iron Moth|Fiery Dance|p1a: Great Tusk
|-damage|p1a: Great Tusk|0 fnt
|-boost|p2a: Iron Moth|spa|1
|faint|p1a: Great Tusk
|-end|p1a: Great Tusk|Protosynthesis|[silent]
|
|upkeep
|
|t:|1757835833
|switch|p1a: Dragapult|Dragapult, M, shiny|100/100
|turn|19
|
|t:|1757835841
|move|p1a: Dragapult|Shadow Ball|p2a: Iron Moth
|-damage|p2a: Iron Moth|0 fnt
|faint|p2a: Iron Moth
|-end|p2a: Iron Moth|Quark Drive|[silent]
|
|upkeep
|
|t:|1757835860
|switch|p2a: Sylveon|Sylveon, M|100/100
|-activate|p2a: Sylveon|move: Sticky Web
|-unboost|p2a: Sylveon|spe|1
|turn|20
|
|t:|1757835867
|-terastallize|p1a: Dragapult|Ghost
|move|p1a: Dragapult|Shadow Ball|p2a: Sylveon
|-damage|p2a: Sylveon|63/100
|move|p2a: Sylveon|Hyper Voice|p1a: Dragapult
|-damage|p1a: Dragapult|44/100
|
|-heal|p2a: Sylveon|70/100|[from] item: Leftovers
|upkeep
|turn|21
|
|t:|1757835880
|switch|p1a: Gliscor|Gliscor, M, shiny|64/100 tox
|move|p2a: Sylveon|Wish|p2a: Sylveon
|
|-heal|p2a: Sylveon|76/100|[from] item: Leftovers
|-heal|p1a: Gliscor|77/100 tox|[from] ability: Poison Heal
|upkeep
|turn|22
|
|t:|1757835892
|move|p1a: Gliscor|Toxic|p2a: Sylveon
|-status|p2a: Sylveon|tox
|move|p2a: Sylveon|Hyper Voice|p1a: Gliscor
|-damage|p1a: Gliscor|40/100 tox
|
|-heal|p2a: Sylveon|100/100 tox|[from] move: Wish|[wisher] Sylveon
|-heal|p1a: Gliscor|52/100 tox|[from] ability: Poison Heal
|-damage|p2a: Sylveon|94/100 tox|[from] psn
|upkeep
|turn|23
|
|t:|1757835901
|switch|p2a: Zapdos|Zapdos|100/100
|move|p1a: Gliscor|Protect||[still]
|-fail|p1a: Gliscor
|
|-heal|p1a: Gliscor|65/100 tox|[from] ability: Poison Heal
|upkeep
|turn|24
|
|t:|1757835909
|move|p2a: Zapdos|Hurricane|p1a: Gliscor
|-damage|p1a: Gliscor|27/100 tox
|move|p1a: Gliscor|Toxic|p2a: Zapdos|[miss]
|-miss|p1a: Gliscor|p2a: Zapdos
|
|-heal|p1a: Gliscor|40/100 tox|[from] ability: Poison Heal
|upkeep
|turn|25
|
|t:|1757835917
|move|p1a: Gliscor|Protect|p1a: Gliscor
|-singleturn|p1a: Gliscor|Protect
|move|p2a: Zapdos|Hurricane|p1a: Gliscor
|-activate|p1a: Gliscor|move: Protect
|
|-heal|p1a: Gliscor|52/100 tox|[from] ability: Poison Heal
|upkeep
|turn|26
|
|t:|1757835925
|move|p2a: Zapdos|Hurricane|p1a: Gliscor
|-damage|p1a: Gliscor|16/100 tox
|move|p1a: Gliscor|Toxic|p2a: Zapdos
|-status|p2a: Zapdos|tox
|
|-damage|p2a: Zapdos|94/100 tox|[from] psn
|-heal|p1a: Gliscor|28/100 tox|[from] ability: Poison Heal
|upkeep
|turn|27
|
|t:|1757835933
|move|p1a: Gliscor|Protect|p1a: Gliscor
|-singleturn|p1a: Gliscor|Protect
|move|p2a: Zapdos|Hurricane|p1a: Gliscor
|-activate|p1a: Gliscor|move: Protect
|
|-damage|p2a: Zapdos|82/100 tox|[from] psn
|-heal|p1a: Gliscor|41/100 tox|[from] ability: Poison Heal
|upkeep
|turn|28
|
|t:|1757835944
|move|p2a: Zapdos|Hurricane|p1a: Gliscor
|-damage|p1a: Gliscor|0 fnt
|faint|p1a: Gliscor
|
|-damage|p2a: Zapdos|64/100 tox|[from] psn
|upkeep
|
|t:|1757835958
|switch|p1a: Dragapult|Dragapult, M, shiny, tera:Ghost|44/100
|turn|29
|
|t:|1757835962
|move|p1a: Dragapult|Shadow Ball|p2a: Zapdos
|-damage|p2a: Zapdos|0 fnt
|faint|p2a: Zapdos
|
|upkeep
|
|t:|1757835965
|switch|p2a: Sylveon|Sylveon, M|94/100 tox
|-activate|p2a: Sylveon|move: Sticky Web
|-unboost|p2a: Sylveon|spe|1
|turn|30
|
|t:|1757835982
|move|p1a: Dragapult|Shadow Ball|p2a: Sylveon
|-damage|p2a: Sylveon|60/100 tox
|-unboost|p2a: Sylveon|spd|1
|move|p2a: Sylveon|Wish|p2a: Sylveon
|
|-heal|p2a: Sylveon|66/100 tox|[from] item: Leftovers
|-damage|p2a: Sylveon|60/100 tox|[from] psn
|upkeep
|turn|31
|
|t:|1757835990
|move|p1a: Dragapult|Shadow Ball|p2a: Sylveon
|-damage|p2a: Sylveon|6/100 tox
|move|p2a: Sylveon|Hyper Voice|p1a: Dragapult
|-damage|p1a: Dragapult|0 fnt
|faint|p1a: Dragapult
|
|-heal|p2a: Sylveon|56/100 tox|[from] move: Wish|[wisher] Sylveon
|-heal|p2a: Sylveon|62/100 tox|[from] item: Leftovers
|-damage|p2a: Sylveon|50/100 tox|[from] psn
|upkeep
|
|t:|1757836001
|switch|p1a: Darkrai|Darkrai, shiny|100/100
|turn|32
|
|t:|1757836004
|move|p1a: Darkrai|Sludge Bomb|p2a: Sylveon
|-supereffective|p2a: Sylveon
|-damage|p2a: Sylveon|0 fnt
|faint|p2a: Sylveon
|-damage|p1a: Darkrai|91/100|[from] item: Life Orb
|
|win|CoffinSquad
|raw|CoffinSquad's rating: 1099 &rarr; <strong>1127</strong><br />(+28 for winning)
|raw|cchang21's rating: 1140 &rarr; <strong>1112</strong><br />(-28 for losing)
|l|☆cchang21
|player|p2|
|c|☆CoffinSquad|gg
