|j|☆LooksGoodToMe
|j|☆sdv38
|t:|1757910796
|gametype|singles
|player|p1|LooksGoodToMe|169|1262
|player|p2|sdv38|169|1234
|gen|9
|tier|[Gen 9] OU
|rated|
|rule|HP Percentage Mod: HP is shown in percentages
|rule|Endless Battle Clause: Forcing endless battles is banned
|rule|Species Clause: Limit one of each Pokémon
|rule|OHKO Clause: OHKO moves are banned
|rule|Evasion Items Clause: Evasion items are banned
|rule|Evasion Moves Clause: Evasion moves are banned
|rule|Evasion Abilities Clause: Evasion abilities are banned
|rule|Sleep Moves Clause: Sleep-inducing moves are banned
|clearpoke
|poke|p1|Gholdengo|
|poke|p1|Primarina, M|
|poke|p1|Moltres|
|poke|p1|Ursaluna, F|
|poke|p1|Hydreigon, M|
|poke|p1|Toxtricity, M|
|poke|p2|Blaziken, M|
|poke|p2|Ursaluna, M|
|poke|p2|Mimikyu, M|
|poke|p2|Indeedee, M|
|poke|p2|Hatterene, F|
|poke|p2|Hoopa-Unbound|
|teampreview
|inactive|Battle timer is ON: inactive players will automatically lose when time's up. (requested by LooksGoodToMe)
|c|☆LooksGoodToMe|hf
|
|t:|1757910809
|teamsize|p1|6
|teamsize|p2|6
|start
|switch|p1a: Hydreigon|Hydreigon, M|100/100
|switch|p2a: Indeedee|Indeedee, M|100/100
|-fieldstart|move: Psychic Terrain|[from] ability: Psychic Surge|[of] p2a: Indeedee
|turn|1
|
|t:|1757910822
|switch|p2a: Hoopa|Hoopa-Unbound|100/100
|-enditem|p2a: Hoopa|Psychic Seed
|-boost|p2a: Hoopa|spd|1|[from] item: Psychic Seed
|move|p1a: Hydreigon|Dark Pulse|p2a: Hoopa
|-damage|p2a: Hoopa|67/100
|
|upkeep
|turn|2
|
|t:|1757910831
|move|p1a: Hydreigon|Dark Pulse|p2a: Hoopa
|-damage|p2a: Hoopa|36/100
|move|p2a: Hoopa|Trick Room|p2a: Hoopa
|-fieldstart|move: Trick Room|[of] p2a: Hoopa
|
|upkeep
|turn|3
|
|t:|1757910840
|move|p2a: Hoopa|Focus Blast|p1a: Hydreigon
|-supereffective|p1a: Hydreigon
|-damage|p1a: Hydreigon|3/100
|-item|p2a: Hoopa|Choice Specs|[from] ability: Magician|[of] p1a: Hydreigon
|move|p1a: Hydreigon|Dark Pulse|p2a: Hoopa
|-damage|p2a: Hoopa|13/100
|
|upkeep
|turn|4
|
|t:|1757910850
|move|p2a: Hoopa|Hyperspace Fury|p1a: Hydreigon
|-resisted|p1a: Hydreigon
|-damage|p1a: Hydreigon|0 fnt
|-unboost|p2a: Hoopa|def|1
|faint|p1a: Hydreigon
|
|upkeep
|
|t:|1757910859
|switch|p1a: Primarina|Primarina, M|100/100
|turn|5
|
|t:|1757910874
|switch|p2a: Hatterene|Hatterene, F|100/100
|move|p1a: Primarina|Surf|p2a: Hatterene
|-damage|p2a: Hatterene|59/100
|
|upkeep
|turn|6
|
|t:|1757910885
|-terastallize|p2a: Hatterene|Stellar
|move|p2a: Hatterene|Expanding Force|p1a: Primarina
|-damage|p1a: Primarina|0 fnt
|faint|p1a: Primarina
|-damage|p2a: Hatterene|49/100|[from] item: Life Orb
|
|-fieldend|move: Trick Room
|upkeep
|
|t:|1757910894
|switch|p1a: Ursaluna|Ursaluna, F|100/100
|turn|7
|
|t:|1757910903
|move|p1a: Ursaluna|Earthquake|p2a: Hatterene
|-damage|p2a: Hatterene|0 fnt
|faint|p2a: Hatterene
|
|-status|p1a: Ursaluna|brn|[from] item: Flame Orb
|upkeep
|
|t:|1757910906
|switch|p2a: Mimikyu|Mimikyu, M|100/100
|turn|8
|
|t:|1757910915
|switch|p1a: Moltres|Moltres|100/100
|move|p2a: Mimikyu|Trick Room|p2a: Mimikyu
|-fieldstart|move: Trick Room|[of] p2a: Mimikyu
|
|-fieldend|move: Psychic Terrain
|upkeep
|turn|9
|
|t:|1757910928
|switch|p2a: Ursaluna|Ursaluna, M|100/100
|move|p1a: Moltres|Flamethrower|p2a: Ursaluna
|-damage|p2a: Ursaluna|66/100
|
|-status|p2a: Ursaluna|brn|[from] item: Flame Orb
|upkeep
|turn|10
|
|t:|1757910938
|switch|p1a: Gholdengo|Gholdengo|100/100
|move|p2a: Ursaluna|Supercell Slam|p1a: Gholdengo
|-crit|p1a: Gholdengo
|-damage|p1a: Gholdengo|8/100
|
|-heal|p1a: Gholdengo|14/100|[from] item: Leftovers
|-damage|p2a: Ursaluna|60/100 brn|[from] brn
|upkeep
|turn|11
|
|t:|1757910948
|switch|p1a: Ursaluna|Ursaluna, F|100/100 brn
|move|p2a: Ursaluna|Headlong Rush|p1a: Ursaluna
|-damage|p1a: Ursaluna|12/100 brn
|-unboost|p2a: Ursaluna|def|1
|-unboost|p2a: Ursaluna|spd|1
|
|-damage|p2a: Ursaluna|54/100 brn|[from] brn
|-damage|p1a: Ursaluna|6/100 brn|[from] brn
|upkeep
|turn|12
|
|t:|1757910957
|switch|p1a: Gholdengo|Gholdengo|14/100
|move|p2a: Ursaluna|Ice Punch|p1a: Gholdengo
|-resisted|p1a: Gholdengo
|-damage|p1a: Gholdengo|0 fnt
|faint|p1a: Gholdengo
|
|-damage|p2a: Ursaluna|48/100 brn|[from] brn
|-fieldend|move: Trick Room
|upkeep
|
|t:|1757910966
|switch|p1a: Toxtricity|Toxtricity, M|100/100
|turn|13
|
|t:|1757910975
|switch|p1a: Moltres|Moltres|100/100
|move|p2a: Ursaluna|Facade|p1a: Moltres
|-crit|p1a: Moltres
|-damage|p1a: Moltres|0 fnt
|faint|p1a: Moltres
|
|-damage|p2a: Ursaluna|42/100 brn|[from] brn
|upkeep
|
|t:|1757910982
|switch|p1a: Toxtricity|Toxtricity, M|100/100
|turn|14
|
|t:|1757910990
|move|p1a: Toxtricity|Boomburst|p2a: Ursaluna
|-damage|p2a: Ursaluna|0 fnt
|faint|p2a: Ursaluna
|
|upkeep
|
|t:|1757910994
|switch|p2a: Mimikyu|Mimikyu, M|100/100
|turn|15
|
|t:|1757911000
|switch|p1a: Ursaluna|Ursaluna, F|6/100 brn
|move|p2a: Mimikyu|Trick Room|p2a: Mimikyu
|-fieldstart|move: Trick Room|[of] p2a: Mimikyu
|
|-damage|p1a: Ursaluna|0 fnt|[from] brn
|faint|p1a: Ursaluna
|upkeep
|
|t:|1757911006
|switch|p1a: Toxtricity|Toxtricity, M|100/100
|turn|16
|
|t:|1757911010
|move|p1a: Toxtricity|Psychic Noise|p2a: Mimikyu
|-activate|p2a: Mimikyu|ability: Disguise
|-damage|p2a: Mimikyu|100/100
|-start|p2a: Mimikyu|move: Heal Block
|detailschange|p2a: Mimikyu|Mimikyu-Busted, M
|-damage|p2a: Mimikyu|88/100|[from] pokemon: Mimikyu-Busted
|move|p2a: Mimikyu|Curse|p1a: Toxtricity
|-start|p1a: Toxtricity|Curse|[of] p2a: Mimikyu
|-damage|p2a: Mimikyu|38/100
|
|-damage|p1a: Toxtricity|76/100|[from] Curse
|upkeep
|turn|17
|
|t:|1757911015
|move|p1a: Toxtricity|Psychic Noise|p2a: Mimikyu
|-damage|p2a: Mimikyu|0 fnt
|faint|p2a: Mimikyu
|
|-damage|p1a: Toxtricity|51/100|[from] Curse
|upkeep
|
|t:|1757911022
|switch|p2a: Hoopa|Hoopa-Unbound|13/100
|turn|18
|
|t:|1757911032
|move|p2a: Hoopa|Expanding Force|p1a: Toxtricity
|-supereffective|p1a: Toxtricity
|-damage|p1a: Toxtricity|0 fnt
|faint|p1a: Toxtricity
|
|win|sdv38
|raw|LooksGoodToMe's rating: 1262 &rarr; <strong>1235</strong><br />(-27 for losing)
|raw|sdv38's rating: 1234 &rarr; <strong>1261</strong><br />(+27 for winning)
|c|☆LooksGoodToMe|gg
|l|☆sdv38
|player|p2|
|l|☆LooksGoodToMe
|player|p1|
