|j|☆Kaleor
|j|☆H0llo
|t:|1757851564
|gametype|singles
|player|p1|Kaleor|swimmer-gen4dp|1539
|player|p2|H0llo|idol|1508
|gen|9
|tier|[Gen 9] OU
|rated|
|rule|HP Percentage Mod: HP is shown in percentages
|rule|Endless Battle Clause: Forcing endless battles is banned
|rule|Species Clause: Limit one of each Pokémon
|rule|OHKO Clause: OHKO moves are banned
|rule|Evasion Items Clause: Evasion items are banned
|rule|Evasion Moves Clause: Evasion moves are banned
|rule|Evasion Abilities Clause: Evasion abilities are banned
|rule|Sleep Moves Clause: Sleep-inducing moves are banned
|clearpoke
|poke|p1|Kyurem|
|poke|p1|Iron Treads|
|poke|p1|Ursaluna, M|
|poke|p1|Polteageist|
|poke|p1|Hatterene, F|
|poke|p1|Ninetales-Alola, M|
|poke|p2|Gliscor, F|
|poke|p2|Alomomola, F|
|poke|p2|Pecharunt|
|poke|p2|Great Tusk|
|poke|p2|Weavile, F|
|poke|p2|Iron Crown|
|teampreview
|inactive|Battle timer is ON: inactive players will automatically lose when time's up. (requested by Kaleor)
|inactive|H0llo also wants the timer to be on.
|
|t:|1757851578
|teamsize|p1|6
|teamsize|p2|6
|start
|switch|p1a: Ninetales|Ninetales-Alola, M|100/100
|switch|p2a: Iron Crown|Iron Crown|100/100
|-weather|Snowscape|[from] ability: Snow Warning|[of] p1a: Ninetales
|turn|1
|
|t:|1757851596
|move|p1a: Ninetales|Aurora Veil|p1a: Ninetales
|-sidestart|p1: Kaleor|move: Aurora Veil
|move|p2a: Iron Crown|Tachyon Cutter|p1a: Ninetales
|-supereffective|p1a: Ninetales
|-damage|p1a: Ninetales|32/100
|-supereffective|p1a: Ninetales
|-damage|p1a: Ninetales|0 fnt
|faint|p1a: Ninetales
|-hitcount|p1: Ninetales|2
|
|-weather|Snowscape|[upkeep]
|upkeep
|
|t:|1757851601
|switch|p1a: Ursaluna|Ursaluna, M|100/100
|turn|2
|
|t:|1757851610
|-end|p2a: Iron Crown|Quark Drive|[silent]
|switch|p2a: Gliscor|Gliscor, F|100/100
|move|p1a: Ursaluna|Swords Dance|p1a: Ursaluna
|-boost|p1a: Ursaluna|atk|2
|
|-weather|Snowscape|[upkeep]
|-status|p2a: Gliscor|tox|[from] item: Toxic Orb
|-status|p1a: Ursaluna|brn|[from] item: Flame Orb
|upkeep
|turn|3
|
|t:|1757851622
|move|p2a: Gliscor|Protect|p2a: Gliscor
|-singleturn|p2a: Gliscor|Protect
|move|p1a: Ursaluna|Facade|p2a: Gliscor
|-activate|p2a: Gliscor|move: Protect
|
|-weather|Snowscape|[upkeep]
|-damage|p1a: Ursaluna|94/100 brn|[from] brn
|upkeep
|turn|4
|
|t:|1757851650
|move|p2a: Gliscor|Spikes|p1a: Ursaluna
|-sidestart|p1: Kaleor|Spikes
|move|p1a: Ursaluna|Headlong Rush|p2a: Gliscor
|-immune|p2a: Gliscor
|
|-weather|Snowscape|[upkeep]
|-damage|p1a: Ursaluna|88/100 brn|[from] brn
|upkeep
|turn|5
|
|t:|1757851654
|move|p2a: Gliscor|Protect|p2a: Gliscor
|-singleturn|p2a: Gliscor|Protect
|move|p1a: Ursaluna|Facade|p2a: Gliscor
|-activate|p2a: Gliscor|move: Protect
|
|-weather|none
|-damage|p1a: Ursaluna|82/100 brn|[from] brn
|upkeep
|turn|6
|
|t:|1757851661
|switch|p2a: Alomomola|Alomomola, F|100/100
|move|p1a: Ursaluna|Headlong Rush|p2a: Alomomola
|-damage|p2a: Alomomola|0 fnt
|-unboost|p1a: Ursaluna|def|1
|-unboost|p1a: Ursaluna|spd|1
|faint|p2a: Alomomola
|
|-damage|p1a: Ursaluna|76/100 brn|[from] brn
|upkeep
|
|t:|1757851667
|switch|p2a: Great Tusk|Great Tusk|100/100
|turn|7
|
|t:|1757851670
|move|p2a: Great Tusk|Ice Spinner|p1a: Ursaluna
|-supereffective|p1a: Ursaluna
|-damage|p1a: Ursaluna|43/100 brn
|move|p1a: Ursaluna|Facade|p2a: Great Tusk
|-damage|p2a: Great Tusk|0 fnt
|-damage|p1a: Ursaluna|27/100 brn|[from] item: Rocky Helmet|[of] p2a: Great Tusk
|faint|p2a: Great Tusk
|-end|p2a: Great Tusk|Protosynthesis|[silent]
|
|-damage|p1a: Ursaluna|20/100 brn|[from] brn
|upkeep
|
|t:|1757851685
|switch|p2a: Pecharunt|Pecharunt|100/100
|turn|8
|
|t:|1757851689
|move|p2a: Pecharunt|Foul Play|p1a: Ursaluna
|-damage|p1a: Ursaluna|0 fnt
|faint|p1a: Ursaluna
|
|-sideend|p1: Kaleor|move: Aurora Veil
|upkeep
|
|t:|1757851694
|switch|p1a: Iron Treads|Iron Treads|100/100
|-damage|p1a: Iron Treads|88/100|[from] Spikes
|turn|9
|
|t:|1757851699
|move|p1a: Iron Treads|Stealth Rock|p2a: Pecharunt
|-sidestart|p2: H0llo|move: Stealth Rock
|move|p2a: Pecharunt|Parting Shot|p1a: Iron Treads
|-unboost|p1a: Iron Treads|atk|1
|-unboost|p1a: Iron Treads|spa|1
|
|t:|1757851701
|switch|p2a: Gliscor|Gliscor, F|100/100 tox|[from] Parting Shot
|-damage|p2a: Gliscor|88/100 tox|[from] Stealth Rock
|
|-heal|p1a: Iron Treads|94/100|[from] item: Leftovers
|-heal|p2a: Gliscor|100/100 tox|[from] ability: Poison Heal
|upkeep
|turn|10
|
|t:|1757851705
|move|p1a: Iron Treads|Rapid Spin|p2a: Gliscor
|-damage|p2a: Gliscor|94/100 tox
|-boost|p1a: Iron Treads|spe|1
|-sideend|p1: Kaleor|Spikes|[from] move: Rapid Spin|[of] p1a: Iron Treads
|move|p2a: Gliscor|Earthquake|p1a: Iron Treads
|-supereffective|p1a: Iron Treads
|-damage|p1a: Iron Treads|31/100
|
|-heal|p1a: Iron Treads|37/100|[from] item: Leftovers
|-heal|p2a: Gliscor|100/100 tox|[from] ability: Poison Heal
|upkeep
|turn|11
|
|t:|1757851709
|-end|p1a: Iron Treads|Quark Drive|[silent]
|switch|p1a: Hatterene|Hatterene, F|100/100
|move|p2a: Gliscor|Earthquake|p1a: Hatterene
|-damage|p1a: Hatterene|75/100
|-enditem|p1a: Hatterene|Eject Button
|
|t:|1757851711
|switch|p1a: Polteageist|Polteageist|100/100
|
|upkeep
|turn|12
|
|t:|1757851716
|move|p2a: Gliscor|Earthquake|p1a: Polteageist
|-damage|p1a: Polteageist|43/100
|-ability|p1a: Polteageist|Weak Armor|boost
|-unboost|p1a: Polteageist|def|1
|-boost|p1a: Polteageist|spe|2
|move|p1a: Polteageist|Shell Smash|p1a: Polteageist
|-unboost|p1a: Polteageist|def|1
|-unboost|p1a: Polteageist|spd|1
|-boost|p1a: Polteageist|atk|2
|-boost|p1a: Polteageist|spa|2
|-boost|p1a: Polteageist|spe|2
|
|upkeep
|turn|13
|
|t:|1757851731
|move|p1a: Polteageist|Stored Power|p2a: Gliscor
|-damage|p2a: Gliscor|0 fnt
|faint|p2a: Gliscor
|
|upkeep
|
|t:|1757851732
|switch|p2a: Weavile|Weavile, F|100/100
|-ability|p2a: Weavile|Pressure
|turn|14
|
|t:|1757851744
|-terastallize|p2a: Weavile|Ice
|move|p2a: Weavile|Ice Shard|p1a: Polteageist
|-damage|p1a: Polteageist|0 fnt
|faint|p1a: Polteageist
|
|upkeep
|
|t:|1757851752
|switch|p1a: Hatterene|Hatterene, F|75/100
|turn|15
|
|t:|1757851755
|move|p2a: Weavile|Triple Axel|p1a: Hatterene
|-damage|p1a: Hatterene|64/100
|-damage|p1a: Hatterene|40/100
|-damage|p1a: Hatterene|9/100
|-hitcount|p1a: Hatterene|3
|move|p1a: Hatterene|Nuzzle|p2a: Weavile
|-damage|p2a: Weavile|94/100
|-status|p2a: Weavile|par
|
|upkeep
|turn|16
|
|t:|1757851763
|move|p2a: Weavile|Ice Shard|p1a: Hatterene
|-damage|p1a: Hatterene|0 fnt
|faint|p1a: Hatterene
|
|upkeep
|
|t:|1757851765
|switch|p1a: Kyurem|Kyurem|100/100
|-ability|p1a: Kyurem|Pressure
|turn|17
|
|t:|1757851772
|-terastallize|p1a: Kyurem|Fire
|move|p1a: Kyurem|Dragon Dance|p1a: Kyurem
|-boost|p1a: Kyurem|atk|1
|-boost|p1a: Kyurem|spe|1
|move|p2a: Weavile|Knock Off|p1a: Kyurem
|-damage|p1a: Kyurem|58/100
|-enditem|p1a: Kyurem|Loaded Dice|[from] move: Knock Off|[of] p2a: Weavile
|
|upkeep
|turn|18
|
|t:|1757851779
|move|p1a: Kyurem|Tera Blast|p2a: Weavile|[anim] Tera Blast Fire
|-supereffective|p2a: Weavile
|-damage|p2a: Weavile|0 fnt
|faint|p2a: Weavile
|
|upkeep
|
|t:|1757851781
|switch|p2a: Pecharunt|Pecharunt|100/100
|turn|19
|
|t:|1757851786
|move|p1a: Kyurem|Icicle Spear|p2a: Pecharunt
|-damage|p2a: Pecharunt|91/100
|-damage|p2a: Pecharunt|80/100
|-hitcount|p2a: Pecharunt|2
|move|p2a: Pecharunt|Foul Play|p1a: Kyurem
|-damage|p1a: Kyurem|7/100
|
|upkeep
|turn|20
|j| Nikator98
|
|t:|1757851799
|move|p1a: Kyurem|Icicle Spear|p2a: Pecharunt
|-damage|p2a: Pecharunt|70/100
|-damage|p2a: Pecharunt|60/100
|-damage|p2a: Pecharunt|50/100
|-hitcount|p2a: Pecharunt|3
|move|p2a: Pecharunt|Recover|p2a: Pecharunt
|-heal|p2a: Pecharunt|100/100
|
|upkeep
|turn|21
|
|t:|1757851805
|move|p1a: Kyurem|Icicle Spear|p2a: Pecharunt
|-damage|p2a: Pecharunt|91/100
|-damage|p2a: Pecharunt|82/100
|-damage|p2a: Pecharunt|70/100
|-hitcount|p2a: Pecharunt|3
|move|p2a: Pecharunt|Foul Play|p1a: Kyurem
|-damage|p1a: Kyurem|0 fnt
|faint|p1a: Kyurem
|
|upkeep
|
|t:|1757851806
|switch|p1a: Iron Treads|Iron Treads|37/100
|turn|22
|
|t:|1757851813
|move|p1a: Iron Treads|Earthquake|p2a: Pecharunt
|-supereffective|p2a: Pecharunt
|-damage|p2a: Pecharunt|19/100
|move|p2a: Pecharunt|Recover|p2a: Pecharunt
|-heal|p2a: Pecharunt|69/100
|
|-heal|p1a: Iron Treads|43/100|[from] item: Leftovers
|upkeep
|turn|23
|
|t:|1757851820
|move|p1a: Iron Treads|Earthquake|p2a: Pecharunt
|-supereffective|p2a: Pecharunt
|-damage|p2a: Pecharunt|20/100
|move|p2a: Pecharunt|Foul Play|p1a: Iron Treads
|-crit|p1a: Iron Treads
|-damage|p1a: Iron Treads|2/100
|
|-heal|p1a: Iron Treads|8/100|[from] item: Leftovers
|upkeep
|turn|24
|
|t:|1757851825
|move|p1a: Iron Treads|Earthquake|p2a: Pecharunt
|-supereffective|p2a: Pecharunt
|-damage|p2a: Pecharunt|0 fnt
|faint|p2a: Pecharunt
|
|-heal|p1a: Iron Treads|14/100|[from] item: Leftovers
|upkeep
|
|t:|1757851827
|switch|p2a: Iron Crown|Iron Crown|100/100
|-damage|p2a: Iron Crown|94/100|[from] Stealth Rock
|turn|25
|
|t:|1757851829
|move|p1a: Iron Treads|Earthquake|p2a: Iron Crown
|-supereffective|p2a: Iron Crown
|-damage|p2a: Iron Crown|1/100
|move|p2a: Iron Crown|Tachyon Cutter|p1a: Iron Treads
|-resisted|p1a: Iron Treads
|-damage|p1a: Iron Treads|0 fnt
|faint|p1a: Iron Treads
|-end|p1a: Iron Treads|Quark Drive|[silent]
|-hitcount|p1: Iron Treads|1
|
|win|H0llo
|raw|Kaleor's rating: 1539 &rarr; <strong>1517</strong><br />(-22 for losing)
|raw|H0llo's rating: 1508 &rarr; <strong>1530</strong><br />(+22 for winning)
|l|☆Kaleor
|player|p1|
|l|☆H0llo
|player|p2|
|l| Nikator98
