|j|☆Alastor_D
|j|☆constant sorrow
|t:|1757910558
|gametype|singles
|player|p1|Alastor_D|alder|1412
|player|p2|constant sorrow|iris-gen5bw2|1391
|gen|9
|tier|[Gen 9] OU
|rated|
|rule|HP Percentage Mod: HP is shown in percentages
|rule|Endless Battle Clause: Forcing endless battles is banned
|rule|Species Clause: Limit one of each Pokémon
|rule|OHKO Clause: OHKO moves are banned
|rule|Evasion Items Clause: Evasion items are banned
|rule|Evasion Moves Clause: Evasion moves are banned
|rule|Evasion Abilities Clause: Evasion abilities are banned
|rule|Sleep Moves Clause: Sleep-inducing moves are banned
|clearpoke
|poke|p1|Ogerpon, F|
|poke|p1|Rillaboom, M|
|poke|p1|Great Tusk|
|poke|p1|Gholdengo|
|poke|p1|Moltres|
|poke|p1|Samurott-Hisui, F|
|poke|p2|Donphan, M|
|poke|p2|Hitmontop, M|
|poke|p2|Yanmega, M|
|poke|p2|Porygon2|
|poke|p2|Mimikyu, F|
|poke|p2|Toucannon, M|
|teampreview
|
|t:|1757910565
|teamsize|p1|6
|teamsize|p2|6
|start
|switch|p1a: Samurott|Samurott-Hisui, F|100/100
|switch|p2a: Toucannon|Toucannon, M|100/100
|turn|1
|
|t:|1757910585
|-singleturn|p2a: Toucannon|move: Beak Blast
|move|p1a: Samurott|Ceaseless Edge|p2a: Toucannon
|-damage|p2a: Toucannon|47/100
|-status|p1a: Samurott|brn
|-sidestart|p2: constant sorrow|Spikes
|move|p2a: Toucannon|Beak Blast|p1a: Samurott
|-damage|p1a: Samurott|39/100 brn
|
|-damage|p1a: Samurott|33/100 brn|[from] brn
|upkeep
|turn|2
|
|t:|1757910598
|move|p1a: Samurott|Ceaseless Edge|p2a: Toucannon
|-damage|p2a: Toucannon|23/100
|-sidestart|p2: constant sorrow|Spikes
|move|p2a: Toucannon|Bullet Seed|p1a: Samurott
|-supereffective|p1a: Samurott
|-damage|p1a: Samurott|15/100 brn
|-supereffective|p1a: Samurott
|-damage|p1a: Samurott|0 fnt
|faint|p1a: Samurott
|-hitcount|p1: Samurott|2
|
|upkeep
|
|t:|1757910609
|switch|p1a: Great Tusk|Great Tusk|100/100
|turn|3
|
|t:|1757910614
|-singleturn|p2a: Toucannon|move: Beak Blast
|move|p1a: Great Tusk|Ice Spinner|p2a: Toucannon
|-supereffective|p2a: Toucannon
|-damage|p2a: Toucannon|0 fnt
|-status|p1a: Great Tusk|brn
|faint|p2a: Toucannon
|
|-damage|p1a: Great Tusk|94/100 brn|[from] brn
|upkeep
|
|t:|1757910621
|switch|p2a: Donphan|Donphan, M|100/100
|turn|4
|
|t:|1757910627
|move|p1a: Great Tusk|Stealth Rock|p2a: Donphan
|-sidestart|p2: constant sorrow|move: Stealth Rock
|move|p2a: Donphan|Knock Off|p1a: Great Tusk
|-resisted|p1a: Great Tusk
|-damage|p1a: Great Tusk|81/100 brn
|-enditem|p1a: Great Tusk|Heavy-Duty Boots|[from] move: Knock Off|[of] p2a: Donphan
|
|-damage|p1a: Great Tusk|75/100 brn|[from] brn
|upkeep
|turn|5
|
|t:|1757910640
|move|p1a: Great Tusk|Ice Spinner|p2a: Donphan
|-supereffective|p2a: Donphan
|-damage|p2a: Donphan|80/100
|move|p2a: Donphan|Knock Off|p1a: Great Tusk
|-resisted|p1a: Great Tusk
|-damage|p1a: Great Tusk|66/100 brn
|
|-damage|p1a: Great Tusk|60/100 brn|[from] brn
|upkeep
|turn|6
|
|t:|1757910652
|move|p1a: Great Tusk|Ice Spinner|p2a: Donphan
|-supereffective|p2a: Donphan
|-damage|p2a: Donphan|58/100
|move|p2a: Donphan|Rapid Spin|p1a: Great Tusk
|-damage|p1a: Great Tusk|47/100 brn
|-boost|p2a: Donphan|spe|1
|-sideend|p2: constant sorrow|Spikes|[from] move: Rapid Spin|[of] p2a: Donphan
|-sideend|p2: constant sorrow|Stealth Rock|[from] move: Rapid Spin|[of] p2a: Donphan
|
|-damage|p1a: Great Tusk|41/100 brn|[from] brn
|upkeep
|turn|7
|
|t:|1757910662
|move|p1a: Great Tusk|Stealth Rock|p2a: Donphan
|-sidestart|p2: constant sorrow|move: Stealth Rock
|move|p2a: Donphan|Rapid Spin|p1a: Great Tusk
|-damage|p1a: Great Tusk|27/100 brn
|-boost|p2a: Donphan|spe|1
|-sideend|p2: constant sorrow|Stealth Rock|[from] move: Rapid Spin|[of] p2a: Donphan
|
|-damage|p1a: Great Tusk|21/100 brn|[from] brn
|upkeep
|turn|8
|
|t:|1757910672
|-end|p1a: Great Tusk|Protosynthesis|[silent]
|switch|p1a: Gholdengo|Gholdengo|100/100
|-item|p1a: Gholdengo|Air Balloon
|move|p2a: Donphan|Ice Shard|p1a: Gholdengo
|-resisted|p1a: Gholdengo
|-damage|p1a: Gholdengo|92/100
|-enditem|p1a: Gholdengo|Air Balloon
|
|upkeep
|turn|9
|
|t:|1757910681
|move|p1a: Gholdengo|Make It Rain|p2a: Donphan
|-damage|p2a: Donphan|0 fnt
|-unboost|p1a: Gholdengo|spa|1
|faint|p2a: Donphan
|
|upkeep
|
|t:|1757910688
|switch|p2a: Porygon2|Porygon2, shiny|100/100
|-ability|p2a: Porygon2|Download|boost
|-boost|p2a: Porygon2|spa|1
|turn|10
|
|t:|1757910696
|move|p1a: Gholdengo|Nasty Plot|p1a: Gholdengo
|-boost|p1a: Gholdengo|spa|2
|move|p2a: Porygon2|Agility|p2a: Porygon2
|-boost|p2a: Porygon2|spe|2
|
|upkeep
|turn|11
|
|t:|1757910704
|-terastallize|p2a: Porygon2|Ghost
|move|p2a: Porygon2|Tera Blast|p1a: Gholdengo|[anim] Tera Blast Ghost
|-supereffective|p1a: Gholdengo
|-damage|p1a: Gholdengo|0 fnt
|faint|p1a: Gholdengo
|
|upkeep
|
|t:|1757910719
|switch|p1a: Rillaboom|Rillaboom, M|100/100
|-fieldstart|move: Grassy Terrain|[from] ability: Grassy Surge|[of] p1a: Rillaboom
|turn|12
|
|t:|1757910725
|move|p1a: Rillaboom|Grassy Glide|p2a: Porygon2
|-damage|p2a: Porygon2|65/100
|move|p2a: Porygon2|Ice Beam|p1a: Rillaboom
|-supereffective|p1a: Rillaboom
|-damage|p1a: Rillaboom|0 fnt
|faint|p1a: Rillaboom
|
|-heal|p2a: Porygon2|72/100|[from] Grassy Terrain
|upkeep
|
|t:|1757910735
|switch|p1a: Ogerpon|Ogerpon, F|100/100
|turn|13
|
|t:|1757910739
|-terastallize|p1a: Ogerpon|Grass
|detailschange|p1a: Ogerpon|Ogerpon-Teal-Tera, F, tera:Grass
|-ability|p1a: Ogerpon|Embody Aspect (Teal)|boost
|-boost|p1a: Ogerpon|spe|1
|move|p1a: Ogerpon|Ivy Cudgel|p2a: Porygon2
|-damage|p2a: Porygon2|0 fnt
|faint|p2a: Porygon2
|
|upkeep
|
|t:|1757910746
|switch|p2a: Yanmega|Yanmega, M|100/100
|turn|14
|
|t:|1757910751
|switch|p1a: Moltres|Moltres|100/100
|move|p2a: Yanmega|Bug Buzz|p1a: Moltres
|-resisted|p1a: Moltres
|-damage|p1a: Moltres|88/100
|-enditem|p2a: Yanmega|Throat Spray
|-boost|p2a: Yanmega|spa|1|[from] item: Throat Spray
|
|-ability|p2a: Yanmega|Speed Boost|boost
|-boost|p2a: Yanmega|spe|1
|upkeep
|turn|15
|
|t:|1757910764
|move|p2a: Yanmega|Air Slash|p1a: Moltres
|-damage|p1a: Moltres|23/100
|move|p1a: Moltres|Flamethrower|p2a: Yanmega
|-supereffective|p2a: Yanmega
|-damage|p2a: Yanmega|0 fnt
|faint|p2a: Yanmega
|
|upkeep
|
|t:|1757910772
|switch|p2a: Mimikyu|Mimikyu, F|100/100
|turn|16
|
|t:|1757910777
|move|p2a: Mimikyu|Shadow Sneak|p1a: Moltres
|-damage|p1a: Moltres|7/100
|-damage|p2a: Mimikyu|91/100|[from] item: Life Orb
|move|p1a: Moltres|Flamethrower|p2a: Mimikyu
|-activate|p2a: Mimikyu|ability: Disguise
|-damage|p2a: Mimikyu|91/100
|detailschange|p2a: Mimikyu|Mimikyu-Busted, F
|-damage|p2a: Mimikyu|78/100|[from] pokemon: Mimikyu-Busted
|
|-heal|p2a: Mimikyu|84/100|[from] Grassy Terrain
|upkeep
|turn|17
|
|t:|1757910792
|move|p2a: Mimikyu|Swords Dance|p2a: Mimikyu
|-boost|p2a: Mimikyu|atk|2
|move|p1a: Moltres|Roost|p1a: Moltres
|-heal|p1a: Moltres|57/100
|-singleturn|p1a: Moltres|move: Roost
|
|-heal|p2a: Mimikyu|90/100|[from] Grassy Terrain
|-heal|p1a: Moltres|63/100|[from] Grassy Terrain
|upkeep
|turn|18
|
|t:|1757910801
|move|p2a: Mimikyu|Swords Dance|p2a: Mimikyu
|-boost|p2a: Mimikyu|atk|2
|move|p1a: Moltres|Flamethrower|p2a: Mimikyu
|-damage|p2a: Mimikyu|42/100
|
|-heal|p2a: Mimikyu|48/100|[from] Grassy Terrain
|upkeep
|turn|19
|
|t:|1757910810
|move|p2a: Mimikyu|Play Rough|p1a: Moltres
|-resisted|p1a: Moltres
|-damage|p1a: Moltres|8/100
|-status|p2a: Mimikyu|brn|[from] ability: Flame Body|[of] p1a: Moltres
|-damage|p2a: Mimikyu|38/100 brn|[from] item: Life Orb
|move|p1a: Moltres|Flamethrower|p2a: Mimikyu
|-damage|p2a: Mimikyu|0 fnt
|faint|p2a: Mimikyu
|
|-fieldend|move: Grassy Terrain
|upkeep
|
|t:|1757910814
|switch|p2a: Hitmontop|Hitmontop, M|100/100
|turn|20
|
|t:|1757910824
|move|p1a: Moltres|Roost|p1a: Moltres
|-heal|p1a: Moltres|58/100
|-singleturn|p1a: Moltres|move: Roost
|move|p2a: Hitmontop|Earthquake|p1a: Moltres
|-supereffective|p1a: Moltres
|-damage|p1a: Moltres|18/100
|
|upkeep
|turn|21
|
|t:|1757910835
|move|p2a: Hitmontop|Mach Punch|p1a: Moltres
|-resisted|p1a: Moltres
|-damage|p1a: Moltres|9/100
|move|p1a: Moltres|Will-O-Wisp|p2a: Hitmontop
|-status|p2a: Hitmontop|brn
|
|-damage|p2a: Hitmontop|95/100 brn|[from] brn
|upkeep
|turn|22
|-message|constant sorrow forfeited.
|
|win|Alastor_D
|raw|Alastor_D's rating: 1412 &rarr; <strong>1431</strong><br />(+19 for winning)
|raw|constant sorrow's rating: 1391 &rarr; <strong>1372</strong><br />(-19 for losing)
|l|☆constant sorrow
|player|p2|
|l|☆Alastor_D
|player|p1|
