|j|☆Ceeds1
|j|☆EdgingCeaselesslly
|t:|1757830723
|gametype|singles
|player|p1|Ceeds1|266|1563
|player|p2|EdgingCeaselesslly|265|1637
|gen|9
|tier|[Gen 9] OU
|rated|
|rule|HP Percentage Mod: HP is shown in percentages
|rule|Endless Battle Clause: Forcing endless battles is banned
|rule|Species Clause: Limit one of each Pokémon
|rule|OHKO Clause: OHKO moves are banned
|rule|Evasion Items Clause: Evasion items are banned
|rule|Evasion Moves Clause: Evasion moves are banned
|rule|Evasion Abilities Clause: Evasion abilities are banned
|rule|Sleep Moves Clause: Sleep-inducing moves are banned
|clearpoke
|poke|p1|Iron Moth|
|poke|p1|Corviknight, M|
|poke|p1|Ting-Lu|
|poke|p1|Darkrai|
|poke|p1|Glimmora, M|
|poke|p1|Ogerpon-Wellspring, F|
|poke|p2|Landorus-Therian, M|
|poke|p2|Samurott-Hisui, M|
|poke|p2|Scizor, M|
|poke|p2|Latios, M|
|poke|p2|Zamazenta-*|
|poke|p2|Pecharunt|
|teampreview
|inactive|Battle timer is ON: inactive players will automatically lose when time's up. (requested by EdgingCeaselesslly)
|inactive|Ceeds1 has 120 seconds left.
|
|t:|1757830778
|teamsize|p1|6
|teamsize|p2|6
|start
|switch|p1a: Ogerpon|Ogerpon-Wellspring, F|100/100
|switch|p2a: Landorus|Landorus-Therian, M|100/100
|-ability|p2a: Landorus|Intimidate|boost
|-unboost|p1a: Ogerpon|atk|1
|turn|1
|j| Nodragondanceinrb
|
|t:|1757830789
|switch|p2a: Pecharunt|Pecharunt|100/100
|move|p1a: Ogerpon|Ivy Cudgel|p2a: Pecharunt|[anim] Ivy Cudgel Water
|-damage|p2a: Pecharunt|76/100
|
|upkeep
|turn|2
|
|t:|1757830802
|switch|p1a: Glimmora|Glimmora, M|100/100
|move|p2a: Pecharunt|Malignant Chain|p1a: Glimmora
|-resisted|p1a: Glimmora
|-damage|p1a: Glimmora|90/100
|
|upkeep
|turn|3
|
|t:|1757830807
|move|p2a: Pecharunt|Parting Shot|p1a: Glimmora
|-unboost|p1a: Glimmora|atk|1
|-unboost|p1a: Glimmora|spa|1
|
|t:|1757830813
|switch|p2a: Landorus|Landorus-Therian, M|100/100|[from] Parting Shot
|-ability|p2a: Landorus|Intimidate|boost
|-unboost|p1a: Glimmora|atk|1
|move|p1a: Glimmora|Stealth Rock|p2a: Landorus
|-sidestart|p2: EdgingCeaselesslly|move: Stealth Rock
|
|upkeep
|turn|4
|
|t:|1757830821
|switch|p1a: Ogerpon|Ogerpon-Wellspring, F|100/100
|move|p2a: Landorus|Earthquake|p1a: Ogerpon
|-resisted|p1a: Ogerpon
|-damage|p1a: Ogerpon|70/100
|
|upkeep
|turn|5
|
|t:|1757830835
|switch|p2a: Pecharunt|Pecharunt|76/100
|move|p1a: Ogerpon|Horn Leech|p2a: Pecharunt
|-resisted|p2a: Pecharunt
|-damage|p2a: Pecharunt|64/100
|-heal|p1a: Ogerpon|77/100|[from] drain|[of] p2a: Pecharunt
|
|upkeep
|turn|6
|
|t:|1757830856
|switch|p1a: Corviknight|Corviknight, M|100/100
|-ability|p1a: Corviknight|Pressure
|move|p2a: Pecharunt|Malignant Chain|p1a: Corviknight
|-immune|p1a: Corviknight
|
|upkeep
|turn|7
|
|t:|1757830860
|move|p2a: Pecharunt|Parting Shot|p1a: Corviknight
|-unboost|p1a: Corviknight|atk|1
|-unboost|p1a: Corviknight|spa|1
|
|t:|1757830862
|switch|p2a: Landorus|Landorus-Therian, M|100/100|[from] Parting Shot
|-damage|p2a: Landorus|88/100|[from] Stealth Rock
|-ability|p2a: Landorus|Intimidate|boost
|-unboost|p1a: Corviknight|atk|1
|move|p1a: Corviknight|U-turn|p2a: Landorus
|-resisted|p2a: Landorus
|-damage|p2a: Landorus|85/100
|-damage|p1a: Corviknight|84/100|[from] item: Rocky Helmet|[of] p2a: Landorus
|
|t:|1757830881
|switch|p1a: Ogerpon|Ogerpon-Wellspring, F|77/100|[from] U-turn
|
|upkeep
|turn|8
|inactive|EdgingCeaselesslly has 120 seconds left.
|
|t:|1757830916
|switch|p2a: Zamazenta|Zamazenta|100/100
|-damage|p2a: Zamazenta|94/100|[from] Stealth Rock
|-ability|p2a: Zamazenta|Dauntless Shield|boost
|-boost|p2a: Zamazenta|def|1
|move|p1a: Ogerpon|Ivy Cudgel|p2a: Zamazenta|[anim] Ivy Cudgel Water
|-crit|p2a: Zamazenta
|-damage|p2a: Zamazenta|27/100
|
|-heal|p2a: Zamazenta|33/100|[from] item: Leftovers
|upkeep
|turn|9
|inactive|EdgingCeaselesslly has 120 seconds left.
|inactive|Ceeds1 has 120 seconds left.
|
|t:|1757830954
|switch|p1a: Glimmora|Glimmora, M|90/100
|move|p2a: Zamazenta|Iron Defense|p2a: Zamazenta
|-boost|p2a: Zamazenta|def|2
|
|-heal|p2a: Zamazenta|39/100|[from] item: Leftovers
|upkeep
|turn|10
|inactive|Ceeds1 has 120 seconds left.
|
|t:|1757830968
|move|p2a: Zamazenta|Body Press|p1a: Glimmora
|-damage|p1a: Glimmora|0 fnt
|-activate|p1a: Glimmora|ability: Toxic Debris
|-sidestart|p2: EdgingCeaselesslly|move: Toxic Spikes
|faint|p1a: Glimmora
|
|-heal|p2a: Zamazenta|45/100|[from] item: Leftovers
|upkeep
|
|t:|1757830974
|switch|p1a: Iron Moth|Iron Moth|100/100
|-enditem|p1a: Iron Moth|Booster Energy
|-activate|p1a: Iron Moth|ability: Quark Drive|[fromitem]
|-start|p1a: Iron Moth|quarkdrivespe
|turn|11
|
|t:|1757830978
|switch|p2a: Samurott|Samurott-Hisui, M|100/100
|-damage|p2a: Samurott|88/100|[from] Stealth Rock
|-status|p2a: Samurott|psn
|move|p1a: Iron Moth|Fiery Dance|p2a: Samurott
|-resisted|p2a: Samurott
|-damage|p2a: Samurott|69/100 psn
|
|-damage|p2a: Samurott|56/100 psn|[from] psn
|upkeep
|turn|12
|inactive|Ceeds1 has 120 seconds left.
|
|t:|1757830997
|-terastallize|p1a: Iron Moth|Grass
|move|p1a: Iron Moth|Fiery Dance|p2a: Samurott
|-resisted|p2a: Samurott
|-damage|p2a: Samurott|37/100 psn
|-boost|p1a: Iron Moth|spa|1
|move|p2a: Samurott|Ceaseless Edge|p1a: Iron Moth
|-damage|p1a: Iron Moth|36/100
|-sidestart|p1: Ceeds1|Spikes
|
|-damage|p2a: Samurott|24/100 psn|[from] psn
|upkeep
|turn|13
|inactive|Ceeds1 has 120 seconds left.
|
|t:|1757831013
|move|p1a: Iron Moth|Energy Ball|p2a: Samurott
|-supereffective|p2a: Samurott
|-damage|p2a: Samurott|0 fnt
|faint|p2a: Samurott
|
|upkeep
|
|t:|1757831018
|switch|p2a: Scizor|Scizor, M|100/100
|turn|14
|
|t:|1757831026
|-end|p1a: Iron Moth|Quark Drive|[silent]
|switch|p1a: Corviknight|Corviknight, M|84/100
|-ability|p1a: Corviknight|Pressure
|move|p2a: Scizor|Bullet Punch|p1a: Corviknight
|-resisted|p1a: Corviknight
|-damage|p1a: Corviknight|73/100
|-damage|p2a: Scizor|84/100|[from] item: Rocky Helmet|[of] p1a: Corviknight
|
|upkeep
|turn|15
|inactive|EdgingCeaselesslly has 120 seconds left.
|
|t:|1757831077
|-terastallize|p2a: Scizor|Electric
|move|p2a: Scizor|Tera Blast|p1a: Corviknight|[anim] Tera Blast Electric
|-supereffective|p1a: Corviknight
|-crit|p1a: Corviknight
|-damage|p1a: Corviknight|0 fnt
|faint|p1a: Corviknight
|
|upkeep
|
|t:|1757831087
|switch|p1a: Ting-Lu|Ting-Lu|100/100
|-damage|p1a: Ting-Lu|88/100|[from] Spikes
|-ability|p1a: Ting-Lu|Vessel of Ruin
|turn|16
|
|t:|1757831096
|switch|p2a: Landorus|Landorus-Therian, M|85/100
|-damage|p2a: Landorus|72/100|[from] Stealth Rock
|-ability|p2a: Landorus|Intimidate|boost
|-unboost|p1a: Ting-Lu|atk|1
|move|p1a: Ting-Lu|Spikes|p2a: Landorus
|-sidestart|p2: EdgingCeaselesslly|Spikes
|
|-heal|p1a: Ting-Lu|94/100|[from] item: Leftovers
|upkeep
|turn|17
|
|t:|1757831117
|switch|p1a: Iron Moth|Iron Moth, tera:Grass|36/100
|-damage|p1a: Iron Moth|23/100|[from] Spikes
|move|p2a: Landorus|Earthquake|p1a: Iron Moth
|-resisted|p1a: Iron Moth
|-damage|p1a: Iron Moth|0 fnt
|faint|p1a: Iron Moth
|-end|p1a: Iron Moth|Quark Drive|[silent]
|
|upkeep
|
|t:|1757831122
|switch|p1a: Ogerpon|Ogerpon-Wellspring, F|77/100
|-damage|p1a: Ogerpon|65/100|[from] Spikes
|turn|18
|
|t:|1757831146
|move|p1a: Ogerpon|Play Rough|p2a: Landorus
|-damage|p2a: Landorus|39/100
|-damage|p1a: Ogerpon|48/100|[from] item: Rocky Helmet|[of] p2a: Landorus
|move|p2a: Landorus|U-turn|p1a: Ogerpon
|-supereffective|p1a: Ogerpon
|-damage|p1a: Ogerpon|0 fnt
|faint|p1a: Ogerpon
|
|t:|1757831153
|switch|p2a: Pecharunt|Pecharunt|64/100|[from] U-turn
|-sideend|p2: EdgingCeaselesslly|move: Toxic Spikes|[of] p2a: Pecharunt
|
|upkeep
|
|t:|1757831156
|switch|p1a: Darkrai|Darkrai|100/100
|turn|19
|
|t:|1757831161
|move|p1a: Darkrai|Dark Pulse|p2a: Pecharunt
|-supereffective|p2a: Pecharunt
|-damage|p2a: Pecharunt|0 fnt
|faint|p2a: Pecharunt
|
|upkeep
|
|t:|1757831165
|switch|p2a: Zamazenta|Zamazenta|45/100
|-damage|p2a: Zamazenta|39/100|[from] Stealth Rock
|-damage|p2a: Zamazenta|27/100|[from] Spikes
|turn|20
|
|t:|1757831169
|move|p2a: Zamazenta|Body Press|p1a: Darkrai
|-supereffective|p1a: Darkrai
|-damage|p1a: Darkrai|0 fnt
|faint|p1a: Darkrai
|
|-heal|p2a: Zamazenta|33/100|[from] item: Leftovers
|upkeep
|-message|Ceeds1 forfeited.
|
|win|EdgingCeaselesslly
|raw|Ceeds1's rating: 1563 &rarr; <strong>1547</strong><br />(-16 for losing)
|raw|EdgingCeaselesslly's rating: 1637 &rarr; <strong>1653</strong><br />(+16 for winning)
|l|☆Ceeds1
|player|p1|
|l|☆EdgingCeaselesslly
|player|p2|
|l| Nodragondanceinrb
