|j|‽tasty sardine 408
|j|☆BorderofSeal
|t:|1757875915
|gametype|singles
|player|p1|tasty sardine 408|harlequin|1544
|player|p2|BorderofSeal|265|1673
|gen|9
|tier|[Gen 9] OU
|rated|
|rule|HP Percentage Mod: HP is shown in percentages
|rule|Endless Battle Clause: Forcing endless battles is banned
|rule|Species Clause: Limit one of each Pokémon
|rule|OHKO Clause: OHKO moves are banned
|rule|Evasion Items Clause: Evasion items are banned
|rule|Evasion Moves Clause: Evasion moves are banned
|rule|Evasion Abilities Clause: Evasion abilities are banned
|rule|Sleep Moves Clause: Sleep-inducing moves are banned
|clearpoke
|poke|p1|Umbreon, F|
|poke|p1|Serperior, M|
|poke|p1|Cresselia, F|
|poke|p1|Revavroom, M|
|poke|p1|Skeledirge, F|
|poke|p1|Manaphy|
|poke|p2|Tornadus-Therian, M|
|poke|p2|Slowking-Galar, M|
|poke|p2|Ogerpon-Wellspring, F|
|poke|p2|Kyurem|
|poke|p2|Kingambit, F|
|poke|p2|Iron Treads|
|teampreview
|inactive|Battle timer is ON: inactive players will automatically lose when time's up. (requested by BorderofSeal)
|j| GracieVGC
|
|t:|1757875926
|teamsize|p1|6
|teamsize|p2|6
|start
|switch|p1a: Serperior|Serperior, M, shiny|100/100
|switch|p2a: Tornadus|Tornadus-Therian, M|100/100
|turn|1
|
|t:|1757875934
|-terastallize|p1a: Serperior|Electric
|move|p2a: Tornadus|Bleakwind Storm|p1a: Serperior
|-resisted|p1a: Serperior
|-damage|p1a: Serperior|76/100
|-boost|p1a: Serperior|spe|1
|move|p1a: Serperior|Glare|p2a: Tornadus
|-status|p2a: Tornadus|par
|
|-heal|p1a: Serperior|82/100|[from] item: Leftovers
|upkeep
|turn|2
|
|t:|1757875942
|move|p1a: Serperior|Leaf Storm|p2a: Tornadus
|-resisted|p2a: Tornadus
|-damage|p2a: Tornadus|87/100 par
|-boost|p1a: Serperior|spa|2
|move|p2a: Tornadus|Knock Off|p1a: Serperior
|-damage|p1a: Serperior|62/100
|-enditem|p1a: Serperior|Leftovers|[from] move: Knock Off|[of] p2a: Tornadus
|
|upkeep
|turn|3
|
|t:|1757875948
|switch|p2a: Iron Tusk|Iron Treads|100/100
|-enditem|p2a: Iron Tusk|Booster Energy
|-activate|p2a: Iron Tusk|ability: Quark Drive|[fromitem]
|-start|p2a: Iron Tusk|quarkdrivespe
|move|p1a: Serperior|Synthesis|p1a: Serperior
|-heal|p1a: Serperior|100/100
|
|upkeep
|turn|4
|
|t:|1757875952
|move|p1a: Serperior|Leaf Storm|p2a: Iron Tusk
|-damage|p2a: Iron Tusk|0 fnt
|-boost|p1a: Serperior|spa|2
|faint|p2a: Iron Tusk
|-end|p2a: Iron Tusk|Quark Drive|[silent]
|
|upkeep
|
|t:|1757875973
|switch|p2a: Kingambit|Kingambit, F|100/100
|-activate|p2a: Kingambit|ability: Supreme Overlord
|-start|p2a: Kingambit|fallen1|[silent]
|turn|5
|
|t:|1757875977
|move|p1a: Serperior|Tera Blast|p2a: Kingambit|[anim] Tera Blast Electric
|-damage|p2a: Kingambit|39/100
|move|p2a: Kingambit|Kowtow Cleave|p1a: Serperior
|-damage|p1a: Serperior|42/100
|
|upkeep
|turn|6
|
|t:|1757875984
|move|p1a: Serperior|Synthesis|p1a: Serperior
|-heal|p1a: Serperior|92/100
|move|p2a: Kingambit|Kowtow Cleave|p1a: Serperior
|-damage|p1a: Serperior|29/100
|
|upkeep
|turn|7
|
|t:|1757875989
|move|p2a: Kingambit|Sucker Punch||[still]
|-fail|p2a: Kingambit
|move|p1a: Serperior|Synthesis|p1a: Serperior
|-heal|p1a: Serperior|79/100
|
|upkeep
|turn|8
|
|t:|1757875992
|move|p1a: Serperior|Tera Blast|p2a: Kingambit|[anim] Tera Blast Electric
|-damage|p2a: Kingambit|0 fnt
|faint|p2a: Kingambit
|-end|p2a: Kingambit|fallen1|[silent]
|
|upkeep
|
|t:|1757876000
|switch|p2a: Kyurem|Kyurem|100/100
|-ability|p2a: Kyurem|Pressure
|turn|9
|
|t:|1757876008
|move|p1a: Serperior|Tera Blast|p2a: Kyurem|[anim] Tera Blast Electric
|-resisted|p2a: Kyurem
|-damage|p2a: Kyurem|70/100
|move|p2a: Kyurem|Earth Power|p1a: Serperior
|-supereffective|p1a: Serperior
|-damage|p1a: Serperior|17/100
|
|upkeep
|turn|10
|
|t:|1757876014
|move|p1a: Serperior|Tera Blast|p2a: Kyurem|[anim] Tera Blast Electric
|-resisted|p2a: Kyurem
|-damage|p2a: Kyurem|37/100
|move|p2a: Kyurem|Freeze-Dry|p1a: Serperior
|-damage|p1a: Serperior|0 fnt
|faint|p1a: Serperior
|
|upkeep
|
|t:|1757876017
|switch|p1a: Revavroom|Revavroom, M, shiny|100/100
|-item|p1a: Revavroom|Air Balloon
|turn|11
|
|t:|1757876022
|switch|p2a: Slowking|Slowking-Galar, M|100/100
|move|p1a: Revavroom|Shift Gear|p1a: Revavroom
|-boost|p1a: Revavroom|spe|2
|-boost|p1a: Revavroom|atk|1
|
|upkeep
|turn|12
|
|t:|1757876026
|move|p1a: Revavroom|High Horsepower|p2a: Slowking
|-supereffective|p2a: Slowking
|-damage|p2a: Slowking|26/100
|move|p2a: Slowking|Thunder Wave|p1a: Revavroom
|-status|p1a: Revavroom|par
|
|upkeep
|turn|13
|
|t:|1757876031
|move|p1a: Revavroom|High Horsepower|p2a: Slowking
|-supereffective|p2a: Slowking
|-damage|p2a: Slowking|0 fnt
|faint|p2a: Slowking
|
|upkeep
|
|t:|1757876038
|switch|p2a: Tornadus|Tornadus-Therian, M|100/100 par
|turn|14
|
|t:|1757876041
|cant|p1a: Revavroom|par
|move|p2a: Tornadus|Heat Wave|p1a: Revavroom
|-supereffective|p1a: Revavroom
|-damage|p1a: Revavroom|52/100 par
|-enditem|p1a: Revavroom|Air Balloon
|
|upkeep
|turn|15
|
|t:|1757876047
|move|p1a: Revavroom|Iron Head|p2a: Tornadus
|-damage|p2a: Tornadus|14/100 par
|cant|p2a: Tornadus|flinch
|
|upkeep
|turn|16
|
|t:|1757876051
|cant|p1a: Revavroom|par
|move|p2a: Tornadus|U-turn|p1a: Revavroom
|-resisted|p1a: Revavroom
|-damage|p1a: Revavroom|49/100 par
|
|t:|1757876054
|switch|p2a: Kyurem|Kyurem|37/100|[from] U-turn
|-ability|p2a: Kyurem|Pressure
|
|upkeep
|turn|17
|
|t:|1757876057
|move|p2a: Kyurem|Earth Power|p1a: Revavroom
|-supereffective|p1a: Revavroom
|-crit|p1a: Revavroom
|-damage|p1a: Revavroom|0 fnt
|faint|p1a: Revavroom
|
|upkeep
|
|t:|1757876062
|switch|p1a: Umbreon|Umbreon, F, shiny|100/100
|turn|18
|
|t:|1757876067
|switch|p2a: Tornadus|Tornadus-Therian, M|47/100 par
|move|p1a: Umbreon|Foul Play|p2a: Tornadus
|-damage|p2a: Tornadus|4/100 par
|
|upkeep
|turn|19
|
|t:|1757876070
|move|p2a: Tornadus|Knock Off|p1a: Umbreon
|-resisted|p1a: Umbreon
|-damage|p1a: Umbreon|93/100
|-enditem|p1a: Umbreon|Leftovers|[from] move: Knock Off|[of] p2a: Tornadus
|move|p1a: Umbreon|Foul Play|p2a: Tornadus
|-damage|p2a: Tornadus|0 fnt
|faint|p2a: Tornadus
|
|upkeep
|
|t:|1757876076
|switch|p2a: Kyurem|Kyurem|37/100
|-ability|p2a: Kyurem|Pressure
|turn|20
|
|t:|1757876079
|move|p2a: Kyurem|Freeze-Dry|p1a: Umbreon
|-damage|p1a: Umbreon|72/100
|move|p1a: Umbreon|Foul Play|p2a: Kyurem
|-damage|p2a: Kyurem|7/100
|
|upkeep
|turn|21
|
|t:|1757876084
|move|p2a: Kyurem|Draco Meteor|p1a: Umbreon|[miss]
|-miss|p2a: Kyurem|p1a: Umbreon
|move|p1a: Umbreon|Wish|p1a: Umbreon
|
|upkeep
|turn|22
|
|t:|1757876088
|move|p2a: Kyurem|Blizzard|p1a: Umbreon|[miss]
|-miss|p2a: Kyurem|p1a: Umbreon
|move|p1a: Umbreon|Foul Play|p2a: Kyurem
|-damage|p2a: Kyurem|0 fnt
|faint|p2a: Kyurem
|
|-heal|p1a: Umbreon|100/100|[from] move: Wish|[wisher] Umbreon
|upkeep
|
|t:|1757876092
|switch|p2a: Ogerpon|Ogerpon-Wellspring, F|100/100
|turn|23
|
|t:|1757876094
|move|p2a: Ogerpon|Ivy Cudgel|p1a: Umbreon|[anim] Ivy Cudgel Water
|-damage|p1a: Umbreon|62/100
|move|p1a: Umbreon|Foul Play|p2a: Ogerpon
|-damage|p2a: Ogerpon|35/100
|
|upkeep
|turn|24
|
|t:|1757876108
|move|p2a: Ogerpon|Horn Leech|p1a: Umbreon
|-damage|p1a: Umbreon|30/100
|-heal|p2a: Ogerpon|57/100|[from] drain|[of] p1a: Umbreon
|move|p1a: Umbreon|Foul Play|p2a: Ogerpon
|-damage|p2a: Ogerpon|0 fnt
|faint|p2a: Ogerpon
|
|win|tasty sardine 408
|raw|tasty sardine 408's rating: 1544 &rarr; <strong>1571</strong><br />(+27 for winning)
|raw|BorderofSeal's rating: 1673 &rarr; <strong>1646</strong><br />(-27 for losing)
|l|‽tasty sardine 408
|player|p1|
|l|☆BorderofSeal
|player|p2|
|l| GracieVGC
