|j|☆kaever
|j|☆B/CFan
|t:|1757917539
|gametype|singles
|player|p1|kaever|2|1228
|player|p2|B/CFan|2|1259
|gen|9
|tier|[Gen 9] OU
|rated|
|rule|HP Percentage Mod: HP is shown in percentages
|rule|Endless Battle Clause: Forcing endless battles is banned
|rule|Species Clause: Limit one of each Pokémon
|rule|OHKO Clause: OHKO moves are banned
|rule|Evasion Items Clause: Evasion items are banned
|rule|Evasion Moves Clause: Evasion moves are banned
|rule|Evasion Abilities Clause: Evasion abilities are banned
|rule|Sleep Moves Clause: Sleep-inducing moves are banned
|clearpoke
|poke|p1|Iron Thorns|
|poke|p1|Landorus-Therian, M|
|poke|p1|Araquanid, M|
|poke|p1|Kyurem|
|poke|p1|Pecharunt|
|poke|p1|Corviknight, F|
|poke|p2|Hydreigon, M|
|poke|p2|Araquanid, M|
|poke|p2|Corviknight, M|
|poke|p2|Hatterene, F|
|poke|p2|Iron Hands|
|poke|p2|Iron Treads|
|teampreview
|inactive|Battle timer is ON: inactive players will automatically lose when time's up. (requested by kaever)
|
|t:|1757917555
|teamsize|p1|6
|teamsize|p2|6
|start
|switch|p1a: Landorus|Landorus-Therian, M|100/100
|switch|p2a: Araquanid|Araquanid, M|100/100
|-ability|p1a: Landorus|Intimidate|boost
|-unboost|p2a: Araquanid|atk|1
|turn|1
|
|t:|1757917567
|switch|p2a: Hatterene|Hatterene, F|100/100
|move|p1a: Landorus|Stone Edge|p2a: Hatterene
|-damage|p2a: Hatterene|58/100
|
|upkeep
|turn|2
|
|t:|1757917572
|move|p1a: Landorus|Stone Edge|p2a: Hatterene
|-damage|p2a: Hatterene|12/100
|move|p2a: Hatterene|Draining Kiss|p1a: Landorus
|-damage|p1a: Landorus|68/100
|-heal|p2a: Hatterene|37/100|[from] drain|[of] p1a: Landorus
|
|upkeep
|turn|3
|
|t:|1757917580
|move|p1a: Landorus|Stone Edge|p2a: Hatterene|[miss]
|-miss|p1a: Landorus|p2a: Hatterene
|move|p2a: Hatterene|Draining Kiss|p1a: Landorus
|-damage|p1a: Landorus|32/100
|-heal|p2a: Hatterene|64/100|[from] drain|[of] p1a: Landorus
|
|upkeep
|turn|4
|
|t:|1757917586
|switch|p1a: Corviknight|Corviknight, F, shiny|100/100
|-ability|p1a: Corviknight|Pressure
|move|p2a: Hatterene|Draining Kiss|p1a: Corviknight
|-resisted|p1a: Corviknight
|-damage|p1a: Corviknight|89/100
|-heal|p2a: Hatterene|75/100|[from] drain|[of] p1a: Corviknight
|
|-heal|p1a: Corviknight|95/100|[from] item: Leftovers
|upkeep
|turn|5
|
|t:|1757917592
|move|p1a: Corviknight|Brave Bird|p2a: Hatterene
|-damage|p2a: Hatterene|32/100
|-damage|p1a: Corviknight|79/100|[from] item: Rocky Helmet|[of] p2a: Hatterene
|-damage|p1a: Corviknight|67/100|[from] Recoil
|move|p2a: Hatterene|Nuzzle|p1a: Corviknight
|-supereffective|p1a: Corviknight
|-damage|p1a: Corviknight|63/100
|-status|p1a: Corviknight|par
|
|-heal|p1a: Corviknight|69/100 par|[from] item: Leftovers
|upkeep
|turn|6
|
|t:|1757917604
|switch|p2a: Iron Treads|Iron Treads|100/100
|-enditem|p2a: Iron Treads|Booster Energy
|-activate|p2a: Iron Treads|ability: Quark Drive|[fromitem]
|-start|p2a: Iron Treads|quarkdriveatk
|cant|p1a: Corviknight|par
|
|-heal|p1a: Corviknight|75/100 par|[from] item: Leftovers
|upkeep
|turn|7
|
|t:|1757917612
|move|p2a: Iron Treads|Knock Off|p1a: Corviknight
|-damage|p1a: Corviknight|48/100 par
|-enditem|p1a: Corviknight|Leftovers|[from] move: Knock Off|[of] p2a: Iron Treads
|cant|p1a: Corviknight|par
|
|upkeep
|turn|8
|
|t:|1757917618
|move|p2a: Iron Treads|Rapid Spin|p1a: Corviknight
|-resisted|p1a: Corviknight
|-damage|p1a: Corviknight|41/100 par
|-boost|p2a: Iron Treads|spe|1
|move|p1a: Corviknight|Body Press|p2a: Iron Treads
|-supereffective|p2a: Iron Treads
|-damage|p2a: Iron Treads|56/100
|
|upkeep
|turn|9
|
|t:|1757917624
|move|p2a: Iron Treads|Iron Head|p1a: Corviknight
|-resisted|p1a: Corviknight
|-damage|p1a: Corviknight|25/100 par
|move|p1a: Corviknight|Body Press|p2a: Iron Treads
|-supereffective|p2a: Iron Treads
|-damage|p2a: Iron Treads|11/100
|
|upkeep
|turn|10
|
|t:|1757917630
|switch|p1a: Landorus|Landorus-Therian, M|32/100
|-ability|p1a: Landorus|Intimidate|boost
|-unboost|p2a: Iron Treads|atk|1
|move|p2a: Iron Treads|Iron Head|p1a: Landorus
|-damage|p1a: Landorus|0 fnt
|faint|p1a: Landorus
|
|upkeep
|
|t:|1757917638
|switch|p1a: Corviknight|Corviknight, F, shiny|25/100 par
|-ability|p1a: Corviknight|Pressure
|turn|11
|
|t:|1757917640
|move|p2a: Iron Treads|Iron Head|p1a: Corviknight
|-resisted|p1a: Corviknight
|-damage|p1a: Corviknight|14/100 par
|move|p1a: Corviknight|Roost|p1a: Corviknight
|-heal|p1a: Corviknight|64/100 par
|-singleturn|p1a: Corviknight|move: Roost
|
|upkeep
|turn|12
|
|t:|1757917650
|-end|p2a: Iron Treads|Quark Drive|[silent]
|switch|p2a: Iron Hands|Iron Hands|100/100
|cant|p1a: Corviknight|par
|
|upkeep
|turn|13
|
|t:|1757917653
|move|p2a: Iron Hands|Supercell Slam|p1a: Corviknight
|-supereffective|p1a: Corviknight
|-damage|p1a: Corviknight|0 fnt
|faint|p1a: Corviknight
|
|upkeep
|
|t:|1757917659
|switch|p1a: Pecharunt|Pecharunt|100/100
|turn|14
|
|t:|1757917667
|move|p1a: Pecharunt|Malignant Chain|p2a: Iron Hands
|-damage|p2a: Iron Hands|83/100
|-status|p2a: Iron Hands|tox
|-start|p2a: Iron Hands|confusion|[from] ability: Poison Puppeteer|[of] p1a: Pecharunt
|-activate|p2a: Iron Hands|confusion
|-damage|p2a: Iron Hands|72/100 tox|[from] confusion
|
|-damage|p2a: Iron Hands|66/100 tox|[from] psn
|upkeep
|turn|15
|
|t:|1757917675
|move|p1a: Pecharunt|Parting Shot|p2a: Iron Hands
|-unboost|p2a: Iron Hands|atk|1
|-unboost|p2a: Iron Hands|spa|1
|
|t:|1757917678
|switch|p1a: Araquanid|Araquanid, M|100/100|[from] Parting Shot
|-activate|p2a: Iron Hands|confusion
|move|p2a: Iron Hands|Volt Switch|p1a: Araquanid
|-supereffective|p1a: Araquanid
|-damage|p1a: Araquanid|86/100
|
|t:|1757917685
|-end|p2a: Iron Hands|Quark Drive|[silent]
|switch|p2a: Hatterene|Hatterene, F|32/100|[from] Volt Switch
|
|upkeep
|turn|16
|
|t:|1757917695
|move|p1a: Araquanid|Surf|p2a: Hatterene
|-damage|p2a: Hatterene|0 fnt
|faint|p2a: Hatterene
|
|upkeep
|
|t:|1757917698
|switch|p2a: Araquanid|Araquanid, M|100/100
|turn|17
|
|t:|1757917704
|switch|p1a: The THorn|Iron Thorns, shiny|100/100
|move|p2a: Araquanid|Sticky Web|p1a: The THorn
|-sidestart|p1: kaever|move: Sticky Web
|
|upkeep
|turn|18
|inactive|kaever has 120 seconds left.
|
|t:|1757917759
|-terastallize|p1a: The THorn|Bug
|move|p1a: The THorn|Dragon Dance|p1a: The THorn
|-boost|p1a: The THorn|atk|1
|-boost|p1a: The THorn|spe|1
|move|p2a: Araquanid|Liquidation|p1a: The THorn
|-damage|p1a: The THorn|25/100
|
|upkeep
|turn|19
|
|t:|1757917765
|move|p1a: The THorn|Rock Blast|p2a: Araquanid
|-supereffective|p2a: Araquanid
|-damage|p2a: Araquanid|52/100
|-supereffective|p2a: Araquanid
|-damage|p2a: Araquanid|4/100
|-supereffective|p2a: Araquanid
|-damage|p2a: Araquanid|0 fnt
|faint|p2a: Araquanid
|-hitcount|p2: Araquanid|3
|
|upkeep
|
|t:|1757917767
|switch|p2a: Corviknight|Corviknight, M|100/100
|turn|20
|
|t:|1757917791
|move|p1a: The THorn|Rock Blast|p2a: Corviknight|[miss]
|-miss|p1a: The THorn|p2a: Corviknight
|move|p2a: Corviknight|Brave Bird|p1a: The THorn
|-supereffective|p1a: The THorn
|-damage|p1a: The THorn|0 fnt
|faint|p1a: The THorn
|-end|p1a: The THorn|Quark Drive|[silent]
|-damage|p2a: Corviknight|93/100|[from] Recoil
|
|-heal|p2a: Corviknight|99/100|[from] item: Leftovers
|upkeep
|
|t:|1757917793
|switch|p1a: Araquanid|Araquanid, M|86/100
|-activate|p1a: Araquanid|move: Sticky Web
|-unboost|p1a: Araquanid|spe|1
|turn|21
|
|t:|1757917799
|switch|p2a: Hydreigon|Hydreigon, M|100/100
|move|p1a: Araquanid|Endure||[still]
|-fail|p1a: Araquanid
|
|upkeep
|turn|22
|
|t:|1757917804
|-terastallize|p2a: Hydreigon|Steel
|move|p2a: Hydreigon|Focus Energy|p2a: Hydreigon
|-start|p2a: Hydreigon|move: Focus Energy
|move|p1a: Araquanid|Sticky Web|p2a: Hydreigon
|-sidestart|p2: B/CFan|move: Sticky Web
|
|upkeep
|turn|23
|inactive|kaever has 120 seconds left.
|
|t:|1757917812
|move|p1a: Araquanid|Endure|p1a: Araquanid
|-singleturn|p1a: Araquanid|move: Endure
|move|p2a: Hydreigon|Draco Meteor|p1a: Araquanid
|-crit|p1a: Araquanid
|-damage|p1a: Araquanid|11/100
|-unboost|p2a: Hydreigon|spa|2
|
|upkeep
|turn|24
|-enditem|p1a: Araquanid|Custap Berry|[eat]
|-activate|p1a: Araquanid|item: Custap Berry|[consumed]
|
|t:|1757917818
|move|p1a: Araquanid|Endeavor|p2a: Hydreigon
|-damage|p2a: Hydreigon|12/100
|move|p2a: Hydreigon|Dark Pulse|p1a: Araquanid
|-crit|p1a: Araquanid
|-damage|p1a: Araquanid|0 fnt
|faint|p1a: Araquanid
|
|upkeep
|inactive|kaever has 120 seconds left.
|
|t:|1757917829
|switch|p1a: Pecharunt|Pecharunt|100/100
|turn|25
|
|t:|1757917834
|move|p2a: Hydreigon|Dark Pulse|p1a: Pecharunt
|-supereffective|p1a: Pecharunt
|-crit|p1a: Pecharunt
|-damage|p1a: Pecharunt|0 fnt
|faint|p1a: Pecharunt
|
|upkeep
|
|t:|1757917837
|switch|p1a: Kyurem|Kyurem, shiny|100/100
|-activate|p1a: Kyurem|move: Sticky Web
|-unboost|p1a: Kyurem|spe|1
|-ability|p1a: Kyurem|Pressure
|turn|26
|
|t:|1757917848
|move|p2a: Hydreigon|Draco Meteor|p1a: Kyurem
|-supereffective|p1a: Kyurem
|-crit|p1a: Kyurem
|-damage|p1a: Kyurem|0 fnt
|-unboost|p2a: Hydreigon|spa|2
|faint|p1a: Kyurem
|
|win|B/CFan
|raw|kaever's rating: 1228 &rarr; <strong>1205</strong><br />(-23 for losing)
|raw|B&#x2f;CFan's rating: 1259 &rarr; <strong>1282</strong><br />(+23 for winning)
|l|☆kaever
|player|p1|
|l|☆B/CFan
|player|p2|
