|j|☆Lych0966
|j|☆MiahOD
|t:|1757830597
|gametype|singles
|player|p1|Lych0966|giovanni|1367
|player|p2|MiahOD|marlon|1387
|gen|9
|tier|[Gen 9] OU
|rated|
|rule|HP Percentage Mod: HP is shown in percentages
|rule|Endless Battle Clause: Forcing endless battles is banned
|rule|Species Clause: Limit one of each Pokémon
|rule|OHKO Clause: OHKO moves are banned
|rule|Evasion Items Clause: Evasion items are banned
|rule|Evasion Moves Clause: Evasion moves are banned
|rule|Evasion Abilities Clause: Evasion abilities are banned
|rule|Sleep Moves Clause: Sleep-inducing moves are banned
|clearpoke
|poke|p1|Landorus-Therian, M|
|poke|p1|Greninja-*, M|
|poke|p1|Dragonite, M|
|poke|p1|Meowscarada, F|
|poke|p1|Iron Valiant|
|poke|p1|Cinderace, F|
|poke|p2|Samurott-Hisui, M|
|poke|p2|Ogerpon-Cornerstone, F|
|poke|p2|Clefable, F|
|poke|p2|Skeledirge, M|
|poke|p2|Latios, M|
|poke|p2|Iron Treads|
|teampreview
|inactive|Battle timer is ON: inactive players will automatically lose when time's up. (requested by MiahOD)
|
|t:|1757830605
|teamsize|p1|6
|teamsize|p2|6
|start
|switch|p1a: TRAVELO|Meowscarada, F|100/100
|switch|p2a: Samurott|Samurott-Hisui, M, shiny|100/100
|turn|1
|
|t:|1757830628
|switch|p2a: Skeledirge|Skeledirge, M, shiny|100/100
|move|p1a: TRAVELO|Flower Trick|p2a: Skeledirge
|-start|p1a: TRAVELO|typechange|Grass|[from] ability: Protean
|-resisted|p2a: Skeledirge
|-crit|p2a: Skeledirge
|-damage|p2a: Skeledirge|73/100
|
|-heal|p2a: Skeledirge|79/100|[from] item: Leftovers
|upkeep
|turn|2
|
|t:|1757830641
|switch|p1a: FERNANDO|Landorus-Therian, M|100/100
|-ability|p1a: FERNANDO|Intimidate|boost
|-unboost|p2a: Skeledirge|atk|1
|move|p2a: Skeledirge|Torch Song|p1a: FERNANDO
|-damage|p1a: FERNANDO|63/100
|-boost|p2a: Skeledirge|spa|1
|
|-heal|p2a: Skeledirge|85/100|[from] item: Leftovers
|upkeep
|turn|3
|inactive|MiahOD has 120 seconds left.
|
|t:|1757830662
|switch|p2a: Samurott|Samurott-Hisui, M, shiny|100/100
|move|p1a: FERNANDO|U-turn|p2a: Samurott
|-supereffective|p2a: Samurott
|-damage|p2a: Samurott|24/100
|
|t:|1757830667
|switch|p1a: TRAVELO|Meowscarada, F|100/100|[from] U-turn
|
|upkeep
|turn|4
|
|t:|1757830680
|switch|p2a: Clefable|Clefable, F, shiny|100/100
|move|p1a: TRAVELO|U-turn|p2a: Clefable
|-start|p1a: TRAVELO|typechange|Bug|[from] ability: Protean
|-resisted|p2a: Clefable
|-damage|p2a: Clefable|82/100
|-damage|p1a: TRAVELO|84/100|[from] item: Rocky Helmet|[of] p2a: Clefable
|
|t:|1757830690
|switch|p1a: Chef.CRETIN|Cinderace, F|100/100|[from] U-turn
|
|upkeep
|turn|5
|
|t:|1757830698
|move|p1a: Chef.CRETIN|Pyro Ball|p2a: Clefable
|-damage|p2a: Clefable|37/100
|move|p2a: Clefable|Thunder Wave|p1a: Chef.CRETIN
|-status|p1a: Chef.CRETIN|par
|
|upkeep
|turn|6
|
|t:|1757830708
|switch|p2a: Skeledirge|Skeledirge, M, shiny|85/100
|move|p1a: Chef.CRETIN|U-turn|p2a: Skeledirge
|-start|p1a: Chef.CRETIN|typechange|Bug|[from] ability: Libero
|-resisted|p2a: Skeledirge
|-damage|p2a: Skeledirge|78/100
|
|t:|1757830716
|switch|p1a: FERNANDO|Landorus-Therian, M|63/100|[from] U-turn
|-ability|p1a: FERNANDO|Intimidate|boost
|-unboost|p2a: Skeledirge|atk|1
|
|-heal|p2a: Skeledirge|84/100|[from] item: Leftovers
|upkeep
|turn|7
|
|t:|1757830728
|move|p1a: FERNANDO|Earthquake|p2a: Skeledirge
|-supereffective|p2a: Skeledirge
|-damage|p2a: Skeledirge|0 fnt
|faint|p2a: Skeledirge
|
|upkeep
|
|t:|1757830732
|switch|p2a: Latios|Latios, M, shiny|100/100
|turn|8
|
|t:|1757830745
|switch|p1a: Chef.CRETIN|Cinderace, F|100/100 par
|move|p2a: Latios|Psychic Noise|p1a: Chef.CRETIN
|-damage|p1a: Chef.CRETIN|20/100 par
|-start|p1a: Chef.CRETIN|move: Heal Block
|
|upkeep
|turn|9
|
|t:|1757830756
|move|p2a: Latios|Psychic Noise|p1a: Chef.CRETIN
|-damage|p1a: Chef.CRETIN|0 fnt
|faint|p1a: Chef.CRETIN
|
|upkeep
|
|t:|1757830766
|switch|p1a: FERNANDO|Landorus-Therian, M|63/100
|-ability|p1a: FERNANDO|Intimidate|boost
|-unboost|p2a: Latios|atk|1
|turn|10
|
|t:|1757830770
|-terastallize|p1a: FERNANDO|Ice
|move|p1a: FERNANDO|Tera Blast|p2a: Latios|[anim] Tera Blast Ice
|-supereffective|p2a: Latios
|-damage|p2a: Latios|0 fnt
|faint|p2a: Latios
|
|upkeep
|
|t:|1757830778
|switch|p2a: Samurott|Samurott-Hisui, M, shiny|24/100
|turn|11
|
|t:|1757830784
|switch|p1a: CARTMAN|Dragonite, M|100/100
|move|p2a: Samurott|Ceaseless Edge|p1a: CARTMAN
|-damage|p1a: CARTMAN|80/100
|-sidestart|p1: Lych0966|Spikes
|
|upkeep
|turn|12
|
|t:|1757830795
|move|p2a: Samurott|Ceaseless Edge|p1a: CARTMAN
|-damage|p1a: CARTMAN|32/100
|-sidestart|p1: Lych0966|Spikes
|move|p1a: CARTMAN|Dragon Dance|p1a: CARTMAN
|-boost|p1a: CARTMAN|atk|1
|-boost|p1a: CARTMAN|spe|1
|
|upkeep
|turn|13
|
|t:|1757830803
|move|p1a: CARTMAN|Extreme Speed|p2a: Samurott
|-damage|p2a: Samurott|0 fnt
|faint|p2a: Samurott
|
|upkeep
|
|t:|1757830806
|switch|p2a: Ogerpon|Ogerpon-Cornerstone, F|100/100
|turn|14
|
|t:|1757830810
|move|p1a: CARTMAN|Earthquake|p2a: Ogerpon
|-damage|p2a: Ogerpon|18/100
|move|p2a: Ogerpon|Ivy Cudgel|p1a: CARTMAN|[anim] Ivy Cudgel Rock
|-supereffective|p1a: CARTMAN
|-damage|p1a: CARTMAN|0 fnt
|faint|p1a: CARTMAN
|
|upkeep
|
|t:|1757830816
|switch|p1a: FERNANDO|Landorus-Therian, M, tera:Ice|63/100
|-damage|p1a: FERNANDO|46/100|[from] Spikes
|-ability|p1a: FERNANDO|Intimidate|boost
|-unboost|p2a: Ogerpon|atk|1
|turn|15
|
|t:|1757830832
|move|p1a: FERNANDO|Earthquake|p2a: Ogerpon
|-damage|p2a: Ogerpon|0 fnt
|faint|p2a: Ogerpon
|
|upkeep
|
|t:|1757830835
|switch|p2a: Clefable|Clefable, F, shiny|37/100
|turn|16
|
|t:|1757830843
|move|p1a: FERNANDO|Earthquake|p2a: Clefable
|-damage|p2a: Clefable|0 fnt
|faint|p2a: Clefable
|
|upkeep
|
|t:|1757830845
|switch|p2a: Iron Treads|Iron Treads, shiny|100/100
|turn|17
|
|t:|1757830854
|-terastallize|p2a: Iron Treads|Ghost
|move|p1a: FERNANDO|Earthquake|p2a: Iron Treads
|-damage|p2a: Iron Treads|39/100
|move|p2a: Iron Treads|Stealth Rock|p1a: FERNANDO
|-sidestart|p1: Lych0966|move: Stealth Rock
|
|upkeep
|turn|18
|
|t:|1757830862
|move|p1a: FERNANDO|Earthquake|p2a: Iron Treads
|-damage|p2a: Iron Treads|0 fnt
|faint|p2a: Iron Treads
|-end|p2a: Iron Treads|Quark Drive|[silent]
|
|win|Lych0966
|raw|Lych0966's rating: 1367 &rarr; <strong>1388</strong><br />(+21 for winning)
|raw|MiahOD's rating: 1387 &rarr; <strong>1366</strong><br />(-21 for losing)
|l|☆MiahOD
|player|p2|
|l|☆Lych0966
|player|p1|
