|j|☆Weyselb
|j|☆ddd980
|t:|1757862233
|gametype|singles
|player|p1|Weyselb|pokemaniac|1452
|player|p2|ddd980|ghetsis|1479
|gen|9
|tier|[Gen 9] OU
|rated|
|rule|HP Percentage Mod: HP is shown in percentages
|rule|Endless Battle Clause: Forcing endless battles is banned
|rule|Species Clause: Limit one of each Pokémon
|rule|OHKO Clause: OHKO moves are banned
|rule|Evasion Items Clause: Evasion items are banned
|rule|Evasion Moves Clause: Evasion moves are banned
|rule|Evasion Abilities Clause: Evasion abilities are banned
|rule|Sleep Moves Clause: Sleep-inducing moves are banned
|clearpoke
|poke|p1|Scizor, F|
|poke|p1|Primarina, M|
|poke|p1|Raging Bolt|
|poke|p1|Kyurem|
|poke|p1|Corviknight, M|
|poke|p1|Cinderace, M|
|poke|p2|Zoroark-Hisui, F|
|poke|p2|Ceruledge, F|
|poke|p2|Dragapult, M|
|poke|p2|Sinistcha-Masterpiece|
|poke|p2|Sableye, M|
|poke|p2|Drifblim, M|
|teampreview
|inactive|Battle timer is ON: inactive players will automatically lose when time's up. (requested by ddd980)
|
|t:|1757862260
|teamsize|p1|6
|teamsize|p2|6
|start
|switch|p1a: Primarina|Primarina, M|100/100
|switch|p2a: Ceruledge|Ceruledge, F|100/100
|turn|1
|
|t:|1757862265
|move|p2a: Ceruledge|Shadow Ball|p1a: Primarina
|-damage|p1a: Primarina|59/100
|move|p1a: Primarina|Psychic Noise|p2a: Ceruledge
|-damage|p2a: Ceruledge|41/100
|-start|p2a: Ceruledge|move: Heal Block
|replace|p2a: Zoroark|Zoroark-Hisui, F
|-end|p2a: Zoroark|Illusion
|
|upkeep
|turn|2
|
|t:|1757862274
|switch|p2a: Sinistcha|Sinistcha-Masterpiece|100/100
|move|p1a: Primarina|Flip Turn|p2a: Sinistcha
|-resisted|p2a: Sinistcha
|-damage|p2a: Sinistcha|96/100
|
|t:|1757862283
|switch|p1a: Scizor|Scizor, F|100/100|[from] Flip Turn
|
|upkeep
|turn|3
|
|t:|1757862288
|move|p1a: Scizor|Knock Off|p2a: Sinistcha
|-supereffective|p2a: Sinistcha
|-damage|p2a: Sinistcha|21/100
|-enditem|p2a: Sinistcha|Lum Berry|[from] move: Knock Off|[of] p1a: Scizor
|move|p2a: Sinistcha|Calm Mind|p2a: Sinistcha
|-boost|p2a: Sinistcha|spa|1
|-boost|p2a: Sinistcha|spd|1
|
|upkeep
|turn|4
|
|t:|1757862295
|move|p1a: Scizor|Knock Off|p2a: Sinistcha
|-supereffective|p2a: Sinistcha
|-damage|p2a: Sinistcha|0 fnt
|faint|p2a: Sinistcha
|
|upkeep
|
|t:|1757862299
|switch|p2a: Ceruledge|Ceruledge, F|100/100
|turn|5
|
|t:|1757862319
|switch|p1a: Cinderace|Cinderace, M|100/100
|move|p2a: Ceruledge|Bitter Blade|p1a: Cinderace
|-resisted|p1a: Cinderace
|-damage|p1a: Cinderace|73/100
|
|upkeep
|turn|6
|
|t:|1757862332
|move|p1a: Cinderace|U-turn|p2a: Ceruledge
|-resisted|p2a: Ceruledge
|-damage|p2a: Ceruledge|94/100
|-ability|p2a: Ceruledge|Weak Armor|boost
|-unboost|p2a: Ceruledge|def|1
|-boost|p2a: Ceruledge|spe|2
|
|t:|1757862344
|switch|p1a: Primarina|Primarina, M|59/100|[from] U-turn
|move|p2a: Ceruledge|Swords Dance|p2a: Ceruledge
|-boost|p2a: Ceruledge|atk|2
|
|upkeep
|turn|7
|
|t:|1757862348
|-terastallize|p2a: Ceruledge|Fire
|move|p2a: Ceruledge|Bitter Blade|p1a: Primarina
|-resisted|p1a: Primarina
|-damage|p1a: Primarina|0 fnt
|-heal|p2a: Ceruledge|100/100|[from] drain|[of] p1a: Primarina
|faint|p1a: Primarina
|
|upkeep
|
|t:|1757862360
|switch|p1a: Raging Bolt|Raging Bolt|100/100
|turn|8
|
|t:|1757862363
|move|p2a: Ceruledge|Bitter Blade|p1a: Raging Bolt
|-resisted|p1a: Raging Bolt
|-damage|p1a: Raging Bolt|44/100
|move|p1a: Raging Bolt|Volt Switch|p2a: Ceruledge
|-damage|p2a: Ceruledge|27/100
|
|t:|1757862369
|-end|p1a: Raging Bolt|Protosynthesis|[silent]
|switch|p1a: Scizor|Scizor, F|100/100|[from] Volt Switch
|
|upkeep
|turn|9
|
|t:|1757862379
|-terastallize|p1a: Scizor|Steel
|move|p1a: Scizor|Bullet Punch|p2a: Ceruledge
|-resisted|p2a: Ceruledge
|-damage|p2a: Ceruledge|0 fnt
|faint|p2a: Ceruledge
|
|upkeep
|
|t:|1757862383
|switch|p2a: Sableye|Sableye, M|100/100
|turn|10
|
|t:|1757862386
|move|p1a: Scizor|Bullet Punch|p2a: Sableye
|-damage|p2a: Sableye|31/100
|move|p2a: Sableye|Will-O-Wisp|p1a: Scizor
|-status|p1a: Scizor|brn
|
|-heal|p2a: Sableye|37/100|[from] item: Leftovers
|-damage|p1a: Scizor|94/100 brn|[from] brn
|upkeep
|turn|11
|
|t:|1757862391
|move|p1a: Scizor|Bullet Punch|p2a: Sableye
|-damage|p2a: Sableye|1/100
|move|p2a: Sableye|Recover|p2a: Sableye
|-heal|p2a: Sableye|51/100
|
|-heal|p2a: Sableye|57/100|[from] item: Leftovers
|-damage|p1a: Scizor|88/100 brn|[from] brn
|upkeep
|turn|12
|
|t:|1757862403
|switch|p1a: Raging Bolt|Raging Bolt|44/100
|move|p2a: Sableye|Recover|p2a: Sableye
|-heal|p2a: Sableye|100/100
|
|upkeep
|turn|13
|
|t:|1757862408
|move|p2a: Sableye|Will-O-Wisp|p1a: Raging Bolt
|-status|p1a: Raging Bolt|brn
|move|p1a: Raging Bolt|Volt Switch|p2a: Sableye
|-damage|p2a: Sableye|7/100
|
|t:|1757862411
|-end|p1a: Raging Bolt|Protosynthesis|[silent]
|switch|p1a: Scizor|Scizor, F, tera:Steel|88/100 brn|[from] Volt Switch
|
|-heal|p2a: Sableye|14/100|[from] item: Leftovers
|-damage|p1a: Scizor|82/100 brn|[from] brn
|upkeep
|turn|14
|
|t:|1757862416
|switch|p2a: Drifblim|Drifblim, M|100/100
|move|p1a: Scizor|Knock Off|p2a: Drifblim
|-supereffective|p2a: Drifblim
|-damage|p2a: Drifblim|35/100
|-enditem|p2a: Drifblim|Heavy-Duty Boots|[from] move: Knock Off|[of] p1a: Scizor
|
|-damage|p1a: Scizor|76/100 brn|[from] brn
|upkeep
|turn|15
|
|t:|1757862423
|switch|p1a: Cinderace|Cinderace, M|73/100
|move|p2a: Drifblim|Strength Sap|p1a: Cinderace
|-unboost|p1a: Cinderace|atk|1
|-heal|p2a: Drifblim|90/100
|
|upkeep
|turn|16
|
|t:|1757862431
|move|p1a: Cinderace|Pyro Ball|p2a: Drifblim
|-damage|p2a: Drifblim|45/100
|move|p2a: Drifblim|Calm Mind|p2a: Drifblim
|-boost|p2a: Drifblim|spa|1
|-boost|p2a: Drifblim|spd|1
|
|upkeep
|turn|17
|
|t:|1757862438
|move|p1a: Cinderace|Pyro Ball|p2a: Drifblim
|-damage|p2a: Drifblim|2/100
|move|p2a: Drifblim|Strength Sap|p1a: Cinderace
|-unboost|p1a: Cinderace|atk|1
|-heal|p2a: Drifblim|38/100
|
|upkeep
|turn|18
|
|t:|1757862445
|move|p1a: Cinderace|Will-O-Wisp|p2a: Drifblim
|-status|p2a: Drifblim|brn
|move|p2a: Drifblim|Strength Sap|p1a: Cinderace
|-unboost|p1a: Cinderace|atk|1
|-heal|p2a: Drifblim|66/100 brn
|
|-damage|p2a: Drifblim|60/100 brn|[from] brn
|upkeep
|turn|19
|
|t:|1757862454
|move|p1a: Cinderace|Pyro Ball|p2a: Drifblim
|-damage|p2a: Drifblim|33/100 brn
|move|p2a: Drifblim|Calm Mind|p2a: Drifblim
|-boost|p2a: Drifblim|spa|1
|-boost|p2a: Drifblim|spd|1
|
|-damage|p2a: Drifblim|27/100 brn|[from] brn
|upkeep
|turn|20
|
|t:|1757862459
|move|p1a: Cinderace|Pyro Ball|p2a: Drifblim
|-damage|p2a: Drifblim|0 fnt
|faint|p2a: Drifblim
|
|upkeep
|
|t:|1757862461
|switch|p2a: Dragapult|Dragapult, M|100/100
|turn|21
|
|t:|1757862465
|move|p2a: Dragapult|Dragon Dance|p2a: Dragapult
|-boost|p2a: Dragapult|atk|1
|-boost|p2a: Dragapult|spe|1
|move|p1a: Cinderace|Will-O-Wisp|p2a: Dragapult
|-status|p2a: Dragapult|brn
|
|-damage|p2a: Dragapult|95/100 brn|[from] brn
|upkeep
|turn|22
|
|t:|1757862468
|move|p2a: Dragapult|Dragon Dance|p2a: Dragapult
|-boost|p2a: Dragapult|atk|1
|-boost|p2a: Dragapult|spe|1
|move|p1a: Cinderace|U-turn|p2a: Dragapult
|-resisted|p2a: Dragapult
|-damage|p2a: Dragapult|89/100 brn
|
|t:|1757862488
|switch|p1a: Scizor|Scizor, F, tera:Steel|76/100 brn|[from] U-turn
|
|-damage|p2a: Dragapult|84/100 brn|[from] brn
|-damage|p1a: Scizor|70/100 brn|[from] brn
|upkeep
|turn|23
|
|t:|1757862491
|move|p1a: Scizor|Bullet Punch|p2a: Dragapult
|-damage|p2a: Dragapult|36/100 brn
|move|p2a: Dragapult|Phantom Force||[still]
|-prepare|p2a: Dragapult|Phantom Force
|
|-damage|p2a: Dragapult|30/100 brn|[from] brn
|-damage|p1a: Scizor|64/100 brn|[from] brn
|upkeep
|turn|24
|
|t:|1757862498
|switch|p1a: Cinderace|Cinderace, M|73/100
|move|p2a: Dragapult|Phantom Force|p1a: Cinderace|[from] lockedmove
|-damage|p1a: Cinderace|8/100
|-damage|p2a: Dragapult|20/100 brn|[from] item: Life Orb
|
|-damage|p2a: Dragapult|14/100 brn|[from] brn
|upkeep
|turn|25
|
|t:|1757862506
|move|p2a: Dragapult|Dragon Darts|p1a: Cinderace
|-damage|p1a: Cinderace|0 fnt
|faint|p1a: Cinderace
|-damage|p2a: Dragapult|4/100 brn|[from] item: Life Orb
|
|-damage|p2a: Dragapult|0 fnt|[from] brn
|faint|p2a: Dragapult
|upkeep
|
|t:|1757862513
|switch|p2a: Sableye|Sableye, M|41/100
|switch|p1a: Raging Bolt|Raging Bolt|44/100 brn
|turn|26
|
|t:|1757862517
|move|p2a: Sableye|Shadow Ball|p1a: Raging Bolt
|-damage|p1a: Raging Bolt|0 fnt
|faint|p1a: Raging Bolt
|-end|p1a: Raging Bolt|Protosynthesis|[silent]
|
|upkeep
|
|t:|1757862526
|switch|p1a: Scizor|Scizor, F, tera:Steel|64/100 brn
|turn|27
|
|t:|1757862530
|move|p2a: Sableye|Shadow Ball|p1a: Scizor
|-damage|p1a: Scizor|0 fnt
|faint|p1a: Scizor
|
|upkeep
|
|t:|1757862536
|switch|p1a: Kyurem|Kyurem|100/100
|-ability|p1a: Kyurem|Pressure
|turn|28
|
|t:|1757862538
|move|p2a: Sableye|Shadow Ball|p1a: Kyurem
|-damage|p1a: Kyurem|44/100
|-unboost|p1a: Kyurem|spd|1
|move|p1a: Kyurem|Dragon Dance|p1a: Kyurem
|-boost|p1a: Kyurem|atk|1
|-boost|p1a: Kyurem|spe|1
|
|upkeep
|turn|29
|
|t:|1757862543
|move|p1a: Kyurem|Icicle Spear|p2a: Sableye
|-damage|p2a: Sableye|0 fnt
|replace|p2a: Zoroark|Zoroark-Hisui, F
|-end|p2a: Zoroark|Illusion
|faint|p2a: Zoroark
|-hitcount|p2: Zoroark|1
|
|upkeep
|
|t:|1757862545
|switch|p2a: Sableye|Sableye, M|14/100
|turn|30
|
|t:|1757862549
|move|p2a: Sableye|Recover|p2a: Sableye
|-heal|p2a: Sableye|64/100
|move|p1a: Kyurem|Icicle Spear|p2a: Sableye
|-damage|p2a: Sableye|45/100
|-damage|p2a: Sableye|25/100
|-damage|p2a: Sableye|4/100
|-damage|p2a: Sableye|0 fnt
|faint|p2a: Sableye
|-hitcount|p2: Sableye|4
|
|win|Weyselb
|raw|Weyselb's rating: 1452 &rarr; <strong>1474</strong><br />(+22 for winning)
|raw|ddd980's rating: 1479 &rarr; <strong>1457</strong><br />(-22 for losing)
|l|☆ddd980
|player|p2|
|l|☆Weyselb
|player|p1|
