|j|☆champ bogar
|j|☆Joao v9898
|t:|1757873222
|gametype|singles
|player|p1|champ bogar|cynthia-masters3|1675
|player|p2|Joao v9898|hilbert|1631
|gen|9
|tier|[Gen 9] OU
|rated|
|rule|HP Percentage Mod: HP is shown in percentages
|rule|Endless Battle Clause: Forcing endless battles is banned
|rule|Species Clause: Limit one of each Pokémon
|rule|OHKO Clause: OHKO moves are banned
|rule|Evasion Items Clause: Evasion items are banned
|rule|Evasion Moves Clause: Evasion moves are banned
|rule|Evasion Abilities Clause: Evasion abilities are banned
|rule|Sleep Moves Clause: Sleep-inducing moves are banned
|clearpoke
|poke|p1|Garchomp, M|
|poke|p1|Darkrai|
|poke|p1|Deoxys-Speed|
|poke|p1|Clodsire, F|
|poke|p1|Corviknight, M|
|poke|p1|Cinderace, F|
|poke|p2|Slowking-Galar, M|
|poke|p2|Kyurem|
|poke|p2|Great Tusk|
|poke|p2|Samurott-Hisui, M|
|poke|p2|Landorus-Therian, M|
|poke|p2|Kingambit, M|
|teampreview
|inactive|Battle timer is ON: inactive players will automatically lose when time's up. (requested by champ bogar)
|inactive|Joao v9898 also wants the timer to be on.
|
|t:|1757873242
|teamsize|p1|6
|teamsize|p2|6
|start
|switch|p1a: Cinderace|Cinderace, F|100/100
|switch|p2a: Samurott|Samurott-Hisui, M|100/100
|turn|1
|
|t:|1757873245
|move|p1a: Cinderace|U-turn|p2a: Samurott
|-start|p1a: Cinderace|typechange|Bug|[from] ability: Libero
|-supereffective|p2a: Samurott
|-damage|p2a: Samurott|31/100
|
|t:|1757873247
|switch|p1a: Garchomp|Garchomp, M|100/100|[from] U-turn
|move|p2a: Samurott|Ceaseless Edge|p1a: Garchomp
|-damage|p1a: Garchomp|74/100
|-damage|p2a: Samurott|19/100|[from] ability: Rough Skin|[of] p1a: Garchomp
|-damage|p2a: Samurott|2/100|[from] item: Rocky Helmet|[of] p1a: Garchomp
|-sidestart|p1: champ bogar|Spikes
|
|upkeep
|turn|2
|
|t:|1757873253
|move|p2a: Samurott|Razor Shell|p1a: Garchomp
|-damage|p1a: Garchomp|44/100
|-unboost|p1a: Garchomp|def|1
|-damage|p2a: Samurott|0 fnt|[from] ability: Rough Skin|[of] p1a: Garchomp
|faint|p2a: Samurott
|move|p1a: Garchomp|Dragon Tail|p2: Samurott|[notarget]
|-fail|p1a: Garchomp
|
|upkeep
|
|t:|1757873260
|switch|p2a: Great Tusk|Great Tusk|100/100
|turn|3
|
|t:|1757873263
|switch|p1a: Corviknight|Corviknight, M|100/100
|-ability|p1a: Corviknight|Pressure
|move|p2a: Great Tusk|Stealth Rock|p1a: Corviknight
|-sidestart|p1: champ bogar|move: Stealth Rock
|
|upkeep
|turn|4
|
|t:|1757873267
|-end|p2a: Great Tusk|Protosynthesis|[silent]
|switch|p2a: Slowking|Slowking-Galar, M|100/100
|move|p1a: Corviknight|U-turn|p2a: Slowking
|-damage|p2a: Slowking|86/100
|
|t:|1757873270
|switch|p1a: Cinderace|Cinderace, F|100/100|[from] U-turn
|
|-heal|p2a: Slowking|92/100|[from] item: Black Sludge
|upkeep
|turn|5
|
|t:|1757873273
|switch|p2a: Great Tusk|Great Tusk|100/100
|move|p1a: Cinderace|Court Change|p1a: Cinderace
|-start|p1a: Cinderace|typechange|Normal|[from] ability: Libero
|-swapsideconditions
|-activate|p1a: Cinderace|move: Court Change
|
|upkeep
|turn|6
|
|t:|1757873275
|move|p1a: Cinderace|U-turn|p2a: Great Tusk
|-resisted|p2a: Great Tusk
|-damage|p2a: Great Tusk|94/100
|-damage|p1a: Cinderace|84/100|[from] item: Rocky Helmet|[of] p2a: Great Tusk
|
|t:|1757873276
|switch|p1a: Garchomp|Garchomp, M|44/100|[from] U-turn
|move|p2a: Great Tusk|Rapid Spin|p1a: Garchomp
|-damage|p1a: Garchomp|35/100
|-boost|p2a: Great Tusk|spe|1
|-damage|p2a: Great Tusk|81/100|[from] ability: Rough Skin|[of] p1a: Garchomp
|-damage|p2a: Great Tusk|65/100|[from] item: Rocky Helmet|[of] p1a: Garchomp
|-sideend|p2: Joao v9898|Spikes|[from] move: Rapid Spin|[of] p2a: Great Tusk
|-sideend|p2: Joao v9898|Stealth Rock|[from] move: Rapid Spin|[of] p2a: Great Tusk
|
|upkeep
|turn|7
|
|t:|1757873279
|move|p2a: Great Tusk|Headlong Rush|p1a: Garchomp
|-damage|p1a: Garchomp|0 fnt
|-unboost|p2a: Great Tusk|def|1
|-unboost|p2a: Great Tusk|spd|1
|-damage|p2a: Great Tusk|52/100|[from] ability: Rough Skin|[of] p1a: Garchomp
|-damage|p2a: Great Tusk|36/100|[from] item: Rocky Helmet|[of] p1a: Garchomp
|faint|p1a: Garchomp
|
|upkeep
|
|t:|1757873282
|switch|p1a: Deoxys|Deoxys-Speed, shiny|100/100
|-ability|p1a: Deoxys|Pressure
|turn|8
|
|t:|1757873285
|move|p1a: Deoxys|Ice Beam|p2a: Great Tusk
|-supereffective|p2a: Great Tusk
|-damage|p2a: Great Tusk|0 fnt
|faint|p2a: Great Tusk
|-end|p2a: Great Tusk|Protosynthesis|[silent]
|-damage|p1a: Deoxys|91/100|[from] item: Life Orb
|
|upkeep
|
|t:|1757873288
|switch|p2a: Slowking|Slowking-Galar, M|100/100
|turn|9
|
|t:|1757873291
|switch|p1a: Clodsire|Clodsire, F|100/100
|move|p2a: Slowking|Trick|p1a: Clodsire
|-activate|p2a: Slowking|move: Trick|[of] p1a: Clodsire
|-item|p1a: Clodsire|Black Sludge|[from] move: Trick
|-item|p2a: Slowking|Leftovers|[from] move: Trick
|
|upkeep
|turn|10
|
|t:|1757873298
|move|p1a: Clodsire|Earthquake|p2a: Slowking
|-supereffective|p2a: Slowking
|-damage|p2a: Slowking|44/100
|move|p2a: Slowking|Future Sight|p1a: Clodsire
|-start|p2a: Slowking|move: Future Sight
|
|-heal|p2a: Slowking|50/100|[from] item: Leftovers
|upkeep
|turn|11
|
|t:|1757873303
|switch|p2a: Landorus|Landorus-Therian, M|100/100
|-ability|p2a: Landorus|Intimidate|boost
|-unboost|p1a: Clodsire|atk|1
|move|p1a: Clodsire|Toxic|p2a: Landorus
|-status|p2a: Landorus|tox
|
|-damage|p2a: Landorus|95/100 tox|[from] psn
|upkeep
|turn|12
|
|t:|1757873306
|switch|p1a: Corviknight|Corviknight, M|100/100
|-ability|p1a: Corviknight|Pressure
|move|p2a: Landorus|Earthquake|p1a: Corviknight
|-immune|p1a: Corviknight
|
|-end|p1a: Corviknight|move: Future Sight
|-resisted|p1a: Corviknight
|-damage|p1a: Corviknight|80/100
|-damage|p2a: Landorus|83/100 tox|[from] psn
|upkeep
|turn|13
|
|t:|1757873309
|switch|p2a: Slowking|Slowking-Galar, M|83/100
|move|p1a: Corviknight|U-turn|p2a: Slowking
|-damage|p2a: Slowking|69/100
|
|t:|1757873312
|switch|p1a: Darkrai|Darkrai|100/100|[from] U-turn
|
|-heal|p2a: Slowking|75/100|[from] item: Leftovers
|upkeep
|turn|14
|
|t:|1757873315
|-terastallize|p1a: Darkrai|Dark
|move|p1a: Darkrai|Dark Pulse|p2a: Slowking
|-supereffective|p2a: Slowking
|-damage|p2a: Slowking|0 fnt
|faint|p2a: Slowking
|
|upkeep
|
|t:|1757873321
|switch|p2a: Landorus|Landorus-Therian, M|83/100 tox
|-ability|p2a: Landorus|Intimidate|boost
|-unboost|p1a: Darkrai|atk|1
|turn|15
|
|t:|1757873324
|switch|p1a: Corviknight|Corviknight, M|80/100
|-ability|p1a: Corviknight|Pressure
|move|p2a: Landorus|U-turn|p1a: Corviknight
|-resisted|p1a: Corviknight
|-damage|p1a: Corviknight|76/100
|-damage|p2a: Landorus|66/100 tox|[from] item: Rocky Helmet|[of] p1a: Corviknight
|
|t:|1757873327
|switch|p2a: Dreamfyre|Kyurem|100/100|[from] U-turn
|-ability|p2a: Dreamfyre|Pressure
|
|upkeep
|turn|16
|
|t:|1757873331
|move|p2a: Dreamfyre|Blizzard|p1a: Corviknight
|-damage|p1a: Corviknight|0 fnt
|faint|p1a: Corviknight
|
|upkeep
|
|t:|1757873336
|switch|p1a: Cinderace|Cinderace, F|84/100
|turn|17
|
|t:|1757873339
|switch|p2a: Landorus|Landorus-Therian, M|66/100 tox
|-ability|p2a: Landorus|Intimidate|boost
|-unboost|p1a: Cinderace|atk|1
|move|p1a: Cinderace|Pyro Ball|p2a: Landorus
|-damage|p2a: Landorus|23/100 tox
|
|-damage|p2a: Landorus|17/100 tox|[from] psn
|upkeep
|turn|18
|
|t:|1757873342
|move|p1a: Cinderace|Sucker Punch|p2a: Landorus
|-start|p1a: Cinderace|typechange|Dark|[from] ability: Libero
|-damage|p2a: Landorus|0 fnt
|faint|p2a: Landorus
|
|upkeep
|
|t:|1757873345
|switch|p2a: Dreamfyre|Kyurem|100/100
|-ability|p2a: Dreamfyre|Pressure
|turn|19
|
|t:|1757873347
|move|p1a: Cinderace|Pyro Ball|p2a: Dreamfyre
|-damage|p2a: Dreamfyre|76/100
|move|p2a: Dreamfyre|Blizzard|p1a: Cinderace
|-damage|p1a: Cinderace|0 fnt
|faint|p1a: Cinderace
|
|upkeep
|
|t:|1757873350
|switch|p1a: Darkrai|Darkrai, tera:Dark|100/100
|turn|20
|
|t:|1757873352
|move|p1a: Darkrai|Dark Pulse|p2a: Dreamfyre
|-damage|p2a: Dreamfyre|0 fnt
|faint|p2a: Dreamfyre
|
|upkeep
|
|t:|1757873356
|switch|p2a: Kingambit|Kingambit, M|100/100
|-activate|p2a: Kingambit|ability: Supreme Overlord
|-start|p2a: Kingambit|fallen5|[silent]
|turn|21
|
|t:|1757873361
|switch|p1a: Clodsire|Clodsire, F|100/100
|-terastallize|p2a: Kingambit|Bug
|move|p2a: Kingambit|Swords Dance|p2a: Kingambit
|-boost|p2a: Kingambit|atk|2
|
|upkeep
|turn|22
|
|t:|1757873365
|move|p2a: Kingambit|Iron Head|p1a: Clodsire
|-damage|p1a: Clodsire|0 fnt
|faint|p1a: Clodsire
|
|upkeep
|
|t:|1757873371
|switch|p1a: Darkrai|Darkrai, tera:Dark|100/100
|turn|23
|
|t:|1757873375
|move|p1a: Darkrai|Dark Pulse|p2a: Kingambit
|-damage|p2a: Kingambit|13/100
|move|p2a: Kingambit|Iron Head|p1a: Darkrai
|-damage|p1a: Darkrai|0 fnt
|faint|p1a: Darkrai
|
|-heal|p2a: Kingambit|20/100|[from] item: Leftovers
|upkeep
|
|t:|1757873377
|switch|p1a: Deoxys|Deoxys-Speed, shiny|91/100
|-ability|p1a: Deoxys|Pressure
|turn|24
|
|t:|1757873379
|move|p2a: Kingambit|Sucker Punch||[still]
|-fail|p2a: Kingambit
|move|p1a: Deoxys|Substitute|p1a: Deoxys
|-start|p1a: Deoxys|Substitute
|-damage|p1a: Deoxys|66/100
|
|-heal|p2a: Kingambit|26/100|[from] item: Leftovers
|upkeep
|turn|25
|c|☆Joao v9898|goood
|
|t:|1757873388
|move|p2a: Kingambit|Sucker Punch|p1a: Deoxys
|-supereffective|p1a: Deoxys
|-end|p1a: Deoxys|Substitute
|move|p1a: Deoxys|Ice Beam|p2a: Kingambit
|-damage|p2a: Kingambit|0 fnt
|faint|p2a: Kingambit
|-end|p2a: Kingambit|fallen5|[silent]
|-damage|p1a: Deoxys|56/100|[from] item: Life Orb
|
|win|champ bogar
|raw|champ bogar's rating: 1675 &rarr; <strong>1692</strong><br />(+17 for winning)
|raw|Joao v9898's rating: 1631 &rarr; <strong>1614</strong><br />(-17 for losing)
|c|☆champ bogar|gg
|c|☆Joao v9898|gg
