|j|☆monkeyooooooo
|j|☆Naz-sama
|t:|1757916307
|gametype|singles
|player|p1|monkeyooooooo|swimmerf-gen4|1556
|player|p2|Naz-sama|lady|1552
|gen|9
|tier|[Gen 9] OU
|rated|
|rule|HP Percentage Mod: HP is shown in percentages
|rule|Endless Battle Clause: Forcing endless battles is banned
|rule|Species Clause: Limit one of each Pokémon
|rule|OHKO Clause: OHKO moves are banned
|rule|Evasion Items Clause: Evasion items are banned
|rule|Evasion Moves Clause: Evasion moves are banned
|rule|Evasion Abilities Clause: Evasion abilities are banned
|rule|Sleep Moves Clause: Sleep-inducing moves are banned
|clearpoke
|poke|p1|Ogerpon-Wellspring, F|
|poke|p1|Alomomola, M|
|poke|p1|Darkrai|
|poke|p1|Iron Treads|
|poke|p1|Slowking-Galar, M|
|poke|p1|Zapdos-Galar|
|poke|p2|Pelipper, F|
|poke|p2|Iron Treads|
|poke|p2|Hatterene, F|
|poke|p2|Toxicroak, M|
|poke|p2|Barraskewda, F|
|poke|p2|Talonflame, M|
|teampreview
|inactive|Battle timer is ON: inactive players will automatically lose when time's up. (requested by Naz-sama)
|
|t:|1757916333
|teamsize|p1|6
|teamsize|p2|6
|start
|switch|p1a: Ogerpon|Ogerpon-Wellspring, F|100/100
|switch|p2a: Pelipper|Pelipper, F|100/100
|-weather|RainDance|[from] ability: Drizzle|[of] p2a: Pelipper
|turn|1
|
|t:|1757916339
|move|p1a: Ogerpon|Swords Dance|p1a: Ogerpon
|-boost|p1a: Ogerpon|atk|2
|move|p2a: Pelipper|U-turn|p1a: Ogerpon
|-supereffective|p1a: Ogerpon
|-damage|p1a: Ogerpon|77/100
|
|t:|1757916350
|switch|p2a: Talonflame|Talonflame, M|100/100|[from] U-turn
|
|-weather|RainDance|[upkeep]
|upkeep
|turn|2
|
|t:|1757916365
|move|p2a: Talonflame|Hurricane|p1a: Ogerpon
|-supereffective|p1a: Ogerpon
|-damage|p1a: Ogerpon|0 fnt
|faint|p1a: Ogerpon
|
|-weather|RainDance|[upkeep]
|upkeep
|
|t:|1757916370
|switch|p1a: Slowking|Slowking-Galar, M, shiny|100/100
|turn|3
|
|t:|1757916383
|switch|p2a: Hatterene|Hatterene, F|100/100
|move|p1a: Slowking|Psychic Noise|p2a: Hatterene
|-resisted|p2a: Hatterene
|-damage|p2a: Hatterene|84/100
|-start|p2a: Hatterene|move: Heal Block
|-enditem|p2a: Hatterene|Eject Button
|
|t:|1757916390
|switch|p2a: Barraskewda|Barraskewda, F|100/100
|
|-weather|RainDance|[upkeep]
|upkeep
|turn|4
|
|t:|1757916394
|switch|p1a: Alomomola|Alomomola, M, shiny|100/100
|move|p2a: Barraskewda|Liquidation|p1a: Alomomola
|-resisted|p1a: Alomomola
|-damage|p1a: Alomomola|72/100
|-unboost|p1a: Alomomola|def|1
|-damage|p2a: Barraskewda|84/100|[from] item: Rocky Helmet|[of] p1a: Alomomola
|
|-weather|RainDance|[upkeep]
|upkeep
|turn|5
|
|t:|1757916402
|move|p2a: Barraskewda|Liquidation|p1a: Alomomola
|-resisted|p1a: Alomomola
|-damage|p1a: Alomomola|31/100
|-damage|p2a: Barraskewda|68/100|[from] item: Rocky Helmet|[of] p1a: Alomomola
|move|p1a: Alomomola|Flip Turn|p2a: Barraskewda
|-resisted|p2a: Barraskewda
|-damage|p2a: Barraskewda|45/100
|
|t:|1757916414
|switch|p1a: Slowking|Slowking-Galar, M, shiny|100/100|[from] Flip Turn
|
|-weather|RainDance|[upkeep]
|upkeep
|turn|6
|
|t:|1757916422
|switch|p2a: Iron Treads|Iron Treads|100/100
|switch|p1a: Alomomola|Alomomola, M, shiny|64/100
|
|-weather|RainDance|[upkeep]
|upkeep
|turn|7
|
|t:|1757916428
|move|p2a: Iron Treads|Stealth Rock|p1a: Alomomola
|-sidestart|p1: monkeyooooooo|move: Stealth Rock
|move|p1a: Alomomola|Flip Turn|p2a: Iron Treads
|-supereffective|p2a: Iron Treads
|-damage|p2a: Iron Treads|66/100
|
|t:|1757916431
|switch|p1a: Iron Treads|Iron Treads|100/100|[from] Flip Turn
|-damage|p1a: Iron Treads|98/100|[from] Stealth Rock
|-item|p1a: Iron Treads|Air Balloon
|
|-weather|RainDance|[upkeep]
|-heal|p2a: Iron Treads|72/100|[from] item: Leftovers
|upkeep
|turn|8
|
|t:|1757916443
|move|p1a: Iron Treads|Rapid Spin|p2a: Iron Treads
|-resisted|p2a: Iron Treads
|-damage|p2a: Iron Treads|66/100
|-boost|p1a: Iron Treads|spe|1
|-sideend|p1: monkeyooooooo|Stealth Rock|[from] move: Rapid Spin|[of] p1a: Iron Treads
|move|p2a: Iron Treads|Rapid Spin|p1a: Iron Treads
|-resisted|p1a: Iron Treads
|-damage|p1a: Iron Treads|92/100
|-boost|p2a: Iron Treads|spe|1
|-enditem|p1a: Iron Treads|Air Balloon
|
|-weather|none
|-heal|p2a: Iron Treads|72/100|[from] item: Leftovers
|upkeep
|turn|9
|
|t:|1757916473
|-end|p1a: Iron Treads|Quark Drive|[silent]
|switch|p1a: Zapdos|Zapdos-Galar, shiny|100/100
|-end|p2a: Iron Treads|Quark Drive|[silent]
|switch|p2a: Talonflame|Talonflame, M|100/100
|
|upkeep
|turn|10
|j| king of spycrabs
|inactive|Naz-sama has 120 seconds left.
|
|t:|1757916500
|switch|p2a: Pelipper|Pelipper, F|100/100
|-weather|RainDance|[from] ability: Drizzle|[of] p2a: Pelipper
|switch|p1a: Alomomola|Alomomola, M, shiny|97/100
|
|-weather|RainDance|[upkeep]
|upkeep
|turn|11
|inactive|Naz-sama has 120 seconds left.
|
|t:|1757916515
|move|p2a: Pelipper|Surf|p1a: Alomomola
|-resisted|p1a: Alomomola
|-damage|p1a: Alomomola|70/100
|move|p1a: Alomomola|Flip Turn|p2a: Pelipper
|-resisted|p2a: Pelipper
|-damage|p2a: Pelipper|88/100
|
|t:|1757916527
|switch|p1a: Slowking|Slowking-Galar, M, shiny|100/100|[from] Flip Turn
|
|-weather|RainDance|[upkeep]
|upkeep
|turn|12
|inactive|Naz-sama has 120 seconds left.
|
|t:|1757916545
|move|p2a: Pelipper|Hurricane|p1a: Slowking
|-damage|p1a: Slowking|83/100
|move|p1a: Slowking|Psychic Noise|p2a: Pelipper
|-damage|p2a: Pelipper|51/100
|-start|p2a: Pelipper|move: Heal Block
|
|-weather|RainDance|[upkeep]
|upkeep
|turn|13
|
|t:|1757916552
|move|p2a: Pelipper|U-turn|p1a: Slowking
|-damage|p1a: Slowking|73/100
|
|t:|1757916555
|switch|p2a: Iron Treads|Iron Treads|72/100|[from] U-turn
|move|p1a: Slowking|Sludge Bomb|p2a: Iron Treads
|-immune|p2a: Iron Treads
|
|-weather|RainDance|[upkeep]
|-heal|p2a: Iron Treads|79/100|[from] item: Leftovers
|upkeep
|turn|14
|inactive|Naz-sama has 120 seconds left.
|
|t:|1757916574
|switch|p1a: Alomomola|Alomomola, M, shiny|100/100
|move|p2a: Iron Treads|Earthquake|p1a: Alomomola
|-damage|p1a: Alomomola|80/100
|
|-weather|RainDance|[upkeep]
|-heal|p2a: Iron Treads|85/100|[from] item: Leftovers
|upkeep
|turn|15
|inactive|Naz-sama has 120 seconds left.
|
|t:|1757916595
|move|p2a: Iron Treads|Stealth Rock|p1a: Alomomola
|-sidestart|p1: monkeyooooooo|move: Stealth Rock
|move|p1a: Alomomola|Scald|p2a: Iron Treads
|-supereffective|p2a: Iron Treads
|-damage|p2a: Iron Treads|53/100
|
|-weather|RainDance|[upkeep]
|-heal|p2a: Iron Treads|59/100|[from] item: Leftovers
|upkeep
|turn|16
|
|t:|1757916601
|move|p2a: Iron Treads|Volt Switch|p1a: Alomomola
|-supereffective|p1a: Alomomola
|-damage|p1a: Alomomola|53/100
|
|t:|1757916605
|-end|p2a: Iron Treads|Quark Drive|[silent]
|switch|p2a: Toxicroak|Toxicroak, M|100/100|[from] Volt Switch
|move|p1a: Alomomola|Flip Turn|p2a: Toxicroak
|-immune|p2a: Toxicroak|[from] ability: Dry Skin
|
|-weather|RainDance|[upkeep]
|upkeep
|turn|17
|inactive|Naz-sama has 120 seconds left.
|
|t:|1757916614
|switch|p1a: Iron Treads|Iron Treads|92/100
|-damage|p1a: Iron Treads|89/100|[from] Stealth Rock
|move|p2a: Toxicroak|Knock Off|p1a: Iron Treads
|-damage|p1a: Iron Treads|76/100
|
|-weather|none
|upkeep
|turn|18
|inactive|Naz-sama has 120 seconds left.
|
|t:|1757916635
|move|p1a: Iron Treads|Rapid Spin|p2a: Toxicroak
|-damage|p2a: Toxicroak|87/100
|-boost|p1a: Iron Treads|spe|1
|-damage|p1a: Iron Treads|59/100|[from] item: Rocky Helmet|[of] p2a: Toxicroak
|-sideend|p1: monkeyooooooo|Stealth Rock|[from] move: Rapid Spin|[of] p1a: Iron Treads
|move|p2a: Toxicroak|Drain Punch|p1a: Iron Treads
|-supereffective|p1a: Iron Treads
|-damage|p1a: Iron Treads|16/100
|-heal|p2a: Toxicroak|100/100|[from] drain|[of] p1a: Iron Treads
|
|upkeep
|turn|19
|
|t:|1757916641
|-end|p1a: Iron Treads|Quark Drive|[silent]
|switch|p1a: Alomomola|Alomomola, M, shiny|86/100
|move|p2a: Toxicroak|Drain Punch|p1a: Alomomola
|-damage|p1a: Alomomola|72/100
|-damage|p2a: Toxicroak|84/100|[from] item: Rocky Helmet|[of] p1a: Alomomola
|
|upkeep
|turn|20
|inactive|Naz-sama has 120 seconds left.
|
|t:|1757916647
|move|p2a: Toxicroak|Knock Off|p1a: Alomomola
|-damage|p1a: Alomomola|60/100
|-damage|p2a: Toxicroak|68/100|[from] item: Rocky Helmet|[of] p1a: Alomomola
|-enditem|p1a: Alomomola|Rocky Helmet|[from] move: Knock Off|[of] p2a: Toxicroak
|move|p1a: Alomomola|Wish|p1a: Alomomola
|
|upkeep
|turn|21
|inactive|Naz-sama has 120 seconds left.
|
|t:|1757916659
|move|p2a: Toxicroak|Drain Punch|p1a: Alomomola
|-damage|p1a: Alomomola|44/100
|-heal|p2a: Toxicroak|79/100|[from] drain|[of] p1a: Alomomola
|move|p1a: Alomomola|Acrobatics|p2a: Toxicroak
|-supereffective|p2a: Toxicroak
|-damage|p2a: Toxicroak|45/100
|-damage|p1a: Alomomola|27/100|[from] item: Rocky Helmet|[of] p2a: Toxicroak
|
|-heal|p1a: Alomomola|77/100|[from] move: Wish|[wisher] Alomomola
|upkeep
|turn|22
|
|t:|1757916664
|move|p2a: Toxicroak|Toxic|p1a: Alomomola
|-status|p1a: Alomomola|tox
|move|p1a: Alomomola|Acrobatics|p2a: Toxicroak
|-supereffective|p2a: Toxicroak
|-damage|p2a: Toxicroak|6/100
|-damage|p1a: Alomomola|61/100 tox|[from] item: Rocky Helmet|[of] p2a: Toxicroak
|
|-damage|p1a: Alomomola|55/100 tox|[from] psn
|upkeep
|turn|23
|
|t:|1757916673
|switch|p2a: Iron Treads|Iron Treads|59/100
|move|p1a: Alomomola|Wish|p1a: Alomomola
|
|-heal|p2a: Iron Treads|66/100|[from] item: Leftovers
|-damage|p1a: Alomomola|42/100 tox|[from] psn
|upkeep
|turn|24
|
|t:|1757916685
|switch|p1a: Iron Treads|Iron Treads|16/100
|move|p2a: Iron Treads|Earthquake|p1a: Iron Treads
|-supereffective|p1a: Iron Treads
|-damage|p1a: Iron Treads|0 fnt
|faint|p1a: Iron Treads
|-end|p1a: Iron Treads|Quark Drive|[silent]
|
|-heal|p2a: Iron Treads|72/100|[from] item: Leftovers
|upkeep
|
|t:|1757916701
|switch|p1a: Darkrai|Darkrai, shiny|100/100
|turn|25
|
|t:|1757916708
|move|p1a: Darkrai|Dark Pulse|p2a: Iron Treads
|-damage|p2a: Iron Treads|36/100
|move|p2a: Iron Treads|Volt Switch|p1a: Darkrai
|-damage|p1a: Darkrai|87/100
|
|t:|1757916718
|-end|p2a: Iron Treads|Quark Drive|[silent]
|switch|p2a: Pelipper|Pelipper, F|51/100|[from] Volt Switch
|-weather|RainDance|[from] ability: Drizzle|[of] p2a: Pelipper
|
|-weather|RainDance|[upkeep]
|upkeep
|turn|26
|
|t:|1757916724
|move|p1a: Darkrai|Dark Pulse|p2a: Pelipper
|-damage|p2a: Pelipper|8/100
|move|p2a: Pelipper|U-turn|p1a: Darkrai
|-supereffective|p1a: Darkrai
|-damage|p1a: Darkrai|64/100
|
|t:|1757916730
|switch|p2a: Talonflame|Talonflame, M|100/100|[from] U-turn
|
|-weather|RainDance|[upkeep]
|upkeep
|turn|27
|
|t:|1757916732
|move|p2a: Talonflame|Hurricane|p1a: Darkrai
|-damage|p1a: Darkrai|0 fnt
|faint|p1a: Darkrai
|
|-weather|RainDance|[upkeep]
|upkeep
|
|t:|1757916739
|switch|p1a: Slowking|Slowking-Galar, M, shiny|100/100
|turn|28
|
|t:|1757916752
|switch|p2a: Iron Treads|Iron Treads|36/100
|move|p1a: Slowking|Psychic Noise|p2a: Iron Treads
|-resisted|p2a: Iron Treads
|-damage|p2a: Iron Treads|23/100
|-start|p2a: Iron Treads|move: Heal Block
|
|-weather|RainDance|[upkeep]
|upkeep
|turn|29
|
|t:|1757916761
|switch|p1a: Alomomola|Alomomola, M, shiny|75/100 tox
|move|p2a: Iron Treads|Stealth Rock|p1a: Alomomola
|-sidestart|p1: monkeyooooooo|move: Stealth Rock
|
|-weather|RainDance|[upkeep]
|-damage|p1a: Alomomola|69/100 tox|[from] psn
|-end|p2a: Iron Treads|move: Heal Block
|upkeep
|turn|30
|-message|monkeyooooooo forfeited.
|
|win|Naz-sama
|raw|monkeyooooooo's rating: 1556 &rarr; <strong>1536</strong><br />(-20 for losing)
|raw|Naz-sama's rating: 1552 &rarr; <strong>1572</strong><br />(+20 for winning)
|l|☆monkeyooooooo
|player|p1|
|l|☆Naz-sama
|player|p2|
