|j|☆LucyLikePizza
|j|☆Primary Trout
|t:|1757859202
|gametype|singles
|player|p1|LucyLikePizza|iris-gen5bw2|1519
|player|p2|Primary Trout|marshal|1458
|gen|9
|tier|[Gen 9] OU
|rated|
|rule|HP Percentage Mod: HP is shown in percentages
|rule|Endless Battle Clause: Forcing endless battles is banned
|rule|Species Clause: Limit one of each Pokémon
|rule|OHKO Clause: OHKO moves are banned
|rule|Evasion Items Clause: Evasion items are banned
|rule|Evasion Moves Clause: Evasion moves are banned
|rule|Evasion Abilities Clause: Evasion abilities are banned
|rule|Sleep Moves Clause: Sleep-inducing moves are banned
|clearpoke
|poke|p1|Thundurus, M|
|poke|p1|Great Tusk|
|poke|p1|Jirachi|
|poke|p1|Toxapex, F|
|poke|p1|Rillaboom, F|
|poke|p1|Enamorus, F|
|poke|p2|Magnezone|
|poke|p2|Shaymin|
|poke|p2|Alomomola, F|
|poke|p2|Dragapult, F|
|poke|p2|Clefable, F|
|poke|p2|Landorus-Therian, M|
|teampreview
|inactive|Battle timer is ON: inactive players will automatically lose when time's up. (requested by Primary Trout)
|inactive|LucyLikePizza has 120 seconds left.
|inactive|LucyLikePizza has 90 seconds left.
|
|t:|1757859287
|teamsize|p1|6
|teamsize|p2|6
|start
|switch|p1a: Thundurus|Thundurus, M|100/100
|switch|p2a: KIRK COUSINS|Landorus-Therian, M, shiny|100/100
|-ability|p2a: KIRK COUSINS|Intimidate|boost
|-unboost|p1a: Thundurus|atk|1
|turn|1
|
|t:|1757859294
|move|p2a: KIRK COUSINS|U-turn|p1a: Thundurus
|-resisted|p1a: Thundurus
|-damage|p1a: Thundurus|82/100
|
|t:|1757859297
|switch|p2a: BLITZ|Shaymin|100/100|[from] U-turn
|move|p1a: Thundurus|Grass Knot|p2a: BLITZ
|-resisted|p2a: BLITZ
|-damage|p2a: BLITZ|97/100
|
|-heal|p2a: BLITZ|100/100|[from] item: Leftovers
|upkeep
|turn|2
|
|t:|1757859312
|switch|p2a: KIRK COUSINS|Landorus-Therian, M, shiny|100/100
|-ability|p2a: KIRK COUSINS|Intimidate|boost
|-unboost|p1a: Thundurus|atk|1
|move|p1a: Thundurus|Thunder Wave|p2a: KIRK COUSINS
|-immune|p2a: KIRK COUSINS
|
|upkeep
|turn|3
|
|t:|1757859318
|switch|p1a: Toxapex|Toxapex, F|100/100
|move|p2a: KIRK COUSINS|Stealth Rock|p1a: Toxapex
|-sidestart|p1: LucyLikePizza|move: Stealth Rock
|
|upkeep
|turn|4
|
|t:|1757859323
|switch|p2a: ZONE COVERAGE|Magnezone|100/100
|move|p1a: Toxapex|Toxic Spikes|p2a: ZONE COVERAGE
|-sidestart|p2: Primary Trout|move: Toxic Spikes
|
|upkeep
|turn|5
|
|t:|1757859328
|switch|p1a: Thundurus|Thundurus, M|82/100
|move|p2a: ZONE COVERAGE|Flash Cannon|p1a: Thundurus
|-resisted|p1a: Thundurus
|-damage|p1a: Thundurus|37/100
|
|upkeep
|turn|6
|
|t:|1757859332
|move|p1a: Thundurus|Discharge|p2a: ZONE COVERAGE
|-resisted|p2a: ZONE COVERAGE
|-damage|p2a: ZONE COVERAGE|76/100
|move|p2a: ZONE COVERAGE|Flash Cannon|p1a: Thundurus
|-resisted|p1a: Thundurus
|-damage|p1a: Thundurus|0 fnt
|faint|p1a: Thundurus
|
|upkeep
|
|t:|1757859342
|switch|p1a: Jirachi|Jirachi|100/100
|-damage|p1a: Jirachi|94/100|[from] Stealth Rock
|turn|7
|
|t:|1757859350
|switch|p2a: CHEER SQUAD|Alomomola, F|100/100
|move|p1a: Jirachi|Calm Mind|p1a: Jirachi
|-boost|p1a: Jirachi|spa|1
|-boost|p1a: Jirachi|spd|1
|
|-heal|p1a: Jirachi|100/100|[from] item: Leftovers
|upkeep
|turn|8
|
|t:|1757859358
|move|p1a: Jirachi|Calm Mind|p1a: Jirachi
|-boost|p1a: Jirachi|spa|1
|-boost|p1a: Jirachi|spd|1
|move|p2a: CHEER SQUAD|Flip Turn|p1a: Jirachi
|-damage|p1a: Jirachi|88/100
|
|t:|1757859363
|switch|p2a: BLUE 32 BLUE 32|Dragapult, F|100/100|[from] Flip Turn
|-status|p2a: BLUE 32 BLUE 32|psn
|
|-heal|p1a: Jirachi|94/100|[from] item: Leftovers
|-damage|p2a: BLUE 32 BLUE 32|88/100 psn|[from] psn
|upkeep
|turn|9
|
|t:|1757859371
|-terastallize|p2a: BLUE 32 BLUE 32|Ghost
|-terastallize|p1a: Jirachi|Fairy
|move|p2a: BLUE 32 BLUE 32|Tera Blast|p1a: Jirachi|[anim] Tera Blast Ghost
|-damage|p1a: Jirachi|32/100
|move|p1a: Jirachi|Calm Mind|p1a: Jirachi
|-boost|p1a: Jirachi|spa|1
|-boost|p1a: Jirachi|spd|1
|
|-heal|p1a: Jirachi|39/100|[from] item: Leftovers
|-damage|p2a: BLUE 32 BLUE 32|76/100 psn|[from] psn
|upkeep
|turn|10
|
|t:|1757859378
|move|p2a: BLUE 32 BLUE 32|Tera Blast|p1a: Jirachi|[anim] Tera Blast Ghost
|-damage|p1a: Jirachi|0 fnt
|faint|p1a: Jirachi
|
|-damage|p2a: BLUE 32 BLUE 32|64/100 psn|[from] psn
|upkeep
|
|t:|1757859385
|switch|p1a: Rillaboom|Rillaboom, F|100/100
|-fieldstart|move: Grassy Terrain|[from] ability: Grassy Surge|[of] p1a: Rillaboom
|turn|11
|
|t:|1757859390
|switch|p2a: KIRK COUSINS|Landorus-Therian, M, shiny|100/100
|-ability|p2a: KIRK COUSINS|Intimidate|boost
|-unboost|p1a: Rillaboom|atk|1
|move|p1a: Rillaboom|Grassy Glide|p2a: KIRK COUSINS
|-damage|p2a: KIRK COUSINS|73/100
|
|upkeep
|turn|12
|
|t:|1757859394
|switch|p1a: Great Tusk|Great Tusk|100/100
|-damage|p1a: Great Tusk|98/100|[from] Stealth Rock
|move|p2a: KIRK COUSINS|U-turn|p1a: Great Tusk
|-resisted|p1a: Great Tusk
|-damage|p1a: Great Tusk|92/100
|
|t:|1757859400
|switch|p2a: CHEER CAPTAIN|Clefable, F|100/100|[from] U-turn
|-status|p2a: CHEER CAPTAIN|psn
|
|-heal|p1a: Great Tusk|98/100|[from] Grassy Terrain
|-heal|p1a: Great Tusk|100/100|[from] item: Leftovers
|upkeep
|turn|13
|
|t:|1757859405
|-end|p1a: Great Tusk|Protosynthesis|[silent]
|switch|p1a: Enamorus|Enamorus, F|100/100
|move|p2a: CHEER CAPTAIN|Moonblast|p1a: Enamorus
|-damage|p1a: Enamorus|18/100
|
|upkeep
|turn|14
|
|t:|1757859410
|move|p1a: Enamorus|Moonblast|p2a: CHEER CAPTAIN
|-damage|p2a: CHEER CAPTAIN|50/100 psn
|move|p2a: CHEER CAPTAIN|Moonblast|p1a: Enamorus
|-damage|p1a: Enamorus|0 fnt
|faint|p1a: Enamorus
|
|-heal|p2a: CHEER CAPTAIN|56/100 psn|[from] Grassy Terrain
|upkeep
|
|t:|1757859413
|switch|p1a: Rillaboom|Rillaboom, F|100/100
|turn|15
|
|t:|1757859416
|switch|p2a: BLITZ|Shaymin|100/100
|-status|p2a: BLITZ|psn
|move|p1a: Rillaboom|Swords Dance|p1a: Rillaboom
|-boost|p1a: Rillaboom|atk|2
|
|-damage|p2a: BLITZ|88/100 psn|[from] psn
|-fieldend|move: Grassy Terrain
|upkeep
|turn|16
|
|t:|1757859418
|move|p2a: BLITZ|Swords Dance|p2a: BLITZ
|-boost|p2a: BLITZ|atk|2
|move|p1a: Rillaboom|U-turn|p2a: BLITZ
|-supereffective|p2a: BLITZ
|-damage|p2a: BLITZ|0 fnt
|faint|p2a: BLITZ
|
|t:|1757859424
|switch|p1a: Great Tusk|Great Tusk|100/100|[from] U-turn
|-damage|p1a: Great Tusk|98/100|[from] Stealth Rock
|
|-heal|p1a: Great Tusk|100/100|[from] item: Leftovers
|upkeep
|
|t:|1757859429
|switch|p2a: CHEER SQUAD|Alomomola, F|100/100
|turn|17
|
|t:|1757859432
|-end|p1a: Great Tusk|Protosynthesis|[silent]
|switch|p1a: Toxapex|Toxapex, F|100/100
|-damage|p1a: Toxapex|88/100|[from] Stealth Rock
|move|p2a: CHEER SQUAD|Scald|p1a: Toxapex
|-resisted|p1a: Toxapex
|-damage|p1a: Toxapex|82/100
|
|upkeep
|turn|18
|
|t:|1757859438
|switch|p1a: Rillaboom|Rillaboom, F|100/100
|-fieldstart|move: Grassy Terrain|[from] ability: Grassy Surge|[of] p1a: Rillaboom
|move|p2a: CHEER SQUAD|Wish|p2a: CHEER SQUAD
|
|upkeep
|turn|19
|
|t:|1757859442
|move|p1a: Rillaboom|Swords Dance|p1a: Rillaboom
|-boost|p1a: Rillaboom|atk|2
|move|p2a: CHEER SQUAD|Flip Turn|p1a: Rillaboom
|-resisted|p1a: Rillaboom
|-damage|p1a: Rillaboom|93/100
|
|t:|1757859446
|switch|p2a: KIRK COUSINS|Landorus-Therian, M, shiny|73/100|[from] Flip Turn
|-ability|p2a: KIRK COUSINS|Intimidate|boost
|-unboost|p1a: Rillaboom|atk|1
|
|-heal|p2a: KIRK COUSINS|100/100|[from] move: Wish|[wisher] CHEER SQUAD
|-heal|p1a: Rillaboom|99/100|[from] Grassy Terrain
|upkeep
|turn|20
|
|t:|1757859449
|switch|p1a: Toxapex|Toxapex, F|100/100
|-damage|p1a: Toxapex|88/100|[from] Stealth Rock
|move|p2a: KIRK COUSINS|U-turn|p1a: Toxapex
|-resisted|p1a: Toxapex
|-damage|p1a: Toxapex|80/100
|-damage|p2a: KIRK COUSINS|84/100|[from] item: Rocky Helmet|[of] p1a: Toxapex
|
|t:|1757859452
|switch|p2a: ZONE COVERAGE|Magnezone|76/100|[from] U-turn
|
|-heal|p2a: ZONE COVERAGE|82/100|[from] Grassy Terrain
|-heal|p1a: Toxapex|87/100|[from] Grassy Terrain
|upkeep
|turn|21
|
|t:|1757859456
|switch|p1a: Great Tusk|Great Tusk|100/100
|-damage|p1a: Great Tusk|98/100|[from] Stealth Rock
|move|p2a: ZONE COVERAGE|Thunderbolt|p1a: Great Tusk
|-immune|p1a: Great Tusk
|
|-heal|p1a: Great Tusk|100/100|[from] Grassy Terrain
|-heal|p2a: ZONE COVERAGE|88/100|[from] Grassy Terrain
|upkeep
|turn|22
|
|t:|1757859463
|switch|p2a: CHEER SQUAD|Alomomola, F|100/100
|move|p1a: Great Tusk|Ice Spinner|p2a: CHEER SQUAD
|-resisted|p2a: CHEER SQUAD
|-damage|p2a: CHEER SQUAD|95/100
|-fieldend|move: Grassy Terrain
|
|upkeep
|turn|23
|
|t:|1757859467
|move|p1a: Great Tusk|Bulk Up|p1a: Great Tusk
|-boost|p1a: Great Tusk|atk|1
|-boost|p1a: Great Tusk|def|1
|move|p2a: CHEER SQUAD|Flip Turn|p1a: Great Tusk
|-supereffective|p1a: Great Tusk
|-damage|p1a: Great Tusk|90/100
|
|t:|1757859470
|switch|p2a: KIRK COUSINS|Landorus-Therian, M, shiny|84/100|[from] Flip Turn
|-ability|p2a: KIRK COUSINS|Intimidate|boost
|-unboost|p1a: Great Tusk|atk|1
|
|-heal|p1a: Great Tusk|97/100|[from] item: Leftovers
|upkeep
|turn|24
|
|t:|1757859474
|move|p2a: KIRK COUSINS|Grass Knot|p1a: Great Tusk
|-supereffective|p1a: Great Tusk
|-damage|p1a: Great Tusk|15/100
|move|p1a: Great Tusk|Ice Spinner|p2a: KIRK COUSINS
|-supereffective|p2a: KIRK COUSINS
|-damage|p2a: KIRK COUSINS|0 fnt
|faint|p2a: KIRK COUSINS
|
|-heal|p1a: Great Tusk|21/100|[from] item: Leftovers
|upkeep
|
|t:|1757859476
|switch|p2a: BLUE 32 BLUE 32|Dragapult, F, tera:Ghost|64/100 psn
|turn|25
|
|t:|1757859485
|-end|p1a: Great Tusk|Protosynthesis|[silent]
|switch|p1a: Toxapex|Toxapex, F|100/100
|-damage|p1a: Toxapex|88/100|[from] Stealth Rock
|move|p2a: BLUE 32 BLUE 32|Tera Blast|p1a: Toxapex|[anim] Tera Blast Ghost
|-damage|p1a: Toxapex|40/100
|
|-damage|p2a: BLUE 32 BLUE 32|51/100 psn|[from] psn
|upkeep
|turn|26
|
|t:|1757859489
|move|p2a: BLUE 32 BLUE 32|Tera Blast|p1a: Toxapex|[anim] Tera Blast Ghost
|-damage|p1a: Toxapex|0 fnt
|faint|p1a: Toxapex
|
|-damage|p2a: BLUE 32 BLUE 32|39/100 psn|[from] psn
|upkeep
|
|t:|1757859491
|switch|p1a: Rillaboom|Rillaboom, F|99/100
|-fieldstart|move: Grassy Terrain|[from] ability: Grassy Surge|[of] p1a: Rillaboom
|turn|27
|
|t:|1757859498
|move|p1a: Rillaboom|Grassy Glide|p2a: BLUE 32 BLUE 32
|-damage|p2a: BLUE 32 BLUE 32|0 fnt
|faint|p2a: BLUE 32 BLUE 32
|
|-heal|p1a: Rillaboom|100/100|[from] Grassy Terrain
|upkeep
|
|t:|1757859502
|switch|p2a: ZONE COVERAGE|Magnezone|88/100
|turn|28
|
|t:|1757859508
|move|p1a: Rillaboom|Knock Off|p2a: ZONE COVERAGE
|-damage|p2a: ZONE COVERAGE|53/100
|-enditem|p2a: ZONE COVERAGE|Choice Specs|[from] move: Knock Off|[of] p1a: Rillaboom
|move|p2a: ZONE COVERAGE|Flash Cannon|p1a: Rillaboom
|-damage|p1a: Rillaboom|36/100
|
|-heal|p1a: Rillaboom|42/100|[from] Grassy Terrain
|-heal|p2a: ZONE COVERAGE|59/100|[from] Grassy Terrain
|upkeep
|turn|29
|
|t:|1757859516
|move|p1a: Rillaboom|Knock Off|p2a: ZONE COVERAGE
|-damage|p2a: ZONE COVERAGE|35/100
|move|p2a: ZONE COVERAGE|Flash Cannon|p1a: Rillaboom
|-damage|p1a: Rillaboom|0 fnt
|faint|p1a: Rillaboom
|
|-heal|p2a: ZONE COVERAGE|41/100|[from] Grassy Terrain
|upkeep
|
|t:|1757859518
|switch|p1a: Great Tusk|Great Tusk|21/100
|-damage|p1a: Great Tusk|18/100|[from] Stealth Rock
|turn|30
|
|t:|1757859520
|move|p1a: Great Tusk|High Horsepower|p2a: ZONE COVERAGE|[miss]
|-miss|p1a: Great Tusk|p2a: ZONE COVERAGE
|move|p2a: ZONE COVERAGE|Flash Cannon|p1a: Great Tusk
|-damage|p1a: Great Tusk|0 fnt
|faint|p1a: Great Tusk
|-end|p1a: Great Tusk|Protosynthesis|[silent]
|
|win|Primary Trout
|raw|LucyLikePizza's rating: 1519 &rarr; <strong>1496</strong><br />(-23 for losing)
|raw|Primary Trout's rating: 1458 &rarr; <strong>1481</strong><br />(+23 for winning)
|l|☆LucyLikePizza
|player|p1|
|l|☆Primary Trout
|player|p2|
