|j|☆kpo2022
|j|☆Simeonnn
|t:|1757829468
|gametype|singles
|player|p1|kpo2022|265|1113
|player|p2|Simeonnn|169|1125
|gen|9
|tier|[Gen 9] OU
|rated|
|rule|HP Percentage Mod: HP is shown in percentages
|rule|Endless Battle Clause: Forcing endless battles is banned
|rule|Species Clause: Limit one of each Pokémon
|rule|OHKO Clause: OHKO moves are banned
|rule|Evasion Items Clause: Evasion items are banned
|rule|Evasion Moves Clause: Evasion moves are banned
|rule|Evasion Abilities Clause: Evasion abilities are banned
|rule|Sleep Moves Clause: Sleep-inducing moves are banned
|clearpoke
|poke|p1|Sceptile, F|
|poke|p1|Pincurchin, M|
|poke|p1|Iron Treads|
|poke|p1|Iron Crown|
|poke|p1|Hawlucha, M|
|poke|p1|Raichu-Alola, M|
|poke|p2|Kingambit, M|
|poke|p2|Gholdengo|
|poke|p2|Tyranitar, F|
|poke|p2|Quaquaval, M|
|poke|p2|Cinderace, F|
|poke|p2|Dragapult, F|
|teampreview
|inactive|Battle timer is ON: inactive players will automatically lose when time's up. (requested by kpo2022)
|
|t:|1757829474
|teamsize|p1|6
|teamsize|p2|6
|start
|switch|p1a: Pincurchin|Pincurchin, M|100/100
|switch|p2a: Tyranitar|Tyranitar, F|100/100
|-weather|Sandstorm|[from] ability: Sand Stream|[of] p2a: Tyranitar
|-fieldstart|move: Electric Terrain|[from] ability: Electric Surge|[of] p1a: Pincurchin
|turn|1
|
|t:|1757829490
|switch|p1a: Sceptile|Sceptile, F|100/100
|-enditem|p1a: Sceptile|Electric Seed
|-boost|p1a: Sceptile|def|1|[from] item: Electric Seed
|move|p2a: Tyranitar|Earthquake|p1a: Sceptile
|-resisted|p1a: Sceptile
|-damage|p1a: Sceptile|84/100
|
|-weather|Sandstorm|[upkeep]
|-damage|p1a: Sceptile|78/100|[from] Sandstorm
|upkeep
|turn|2
|
|t:|1757829512
|switch|p2a: Cinderace|Cinderace, F|100/100
|move|p1a: Sceptile|Leaf Blade|p2a: Cinderace
|-resisted|p2a: Cinderace
|-damage|p2a: Cinderace|75/100
|
|-weather|Sandstorm|[upkeep]
|-damage|p1a: Sceptile|72/100|[from] Sandstorm
|-damage|p2a: Cinderace|69/100|[from] Sandstorm
|upkeep
|turn|3
|
|t:|1757829522
|move|p1a: Sceptile|Earthquake|p2a: Cinderace
|-supereffective|p2a: Cinderace
|-damage|p2a: Cinderace|0 fnt
|faint|p2a: Cinderace
|
|-weather|Sandstorm|[upkeep]
|-damage|p1a: Sceptile|66/100|[from] Sandstorm
|upkeep
|inactive|Simeonnn has 120 seconds left.
|
|t:|1757829550
|switch|p2a: Kingambit|Kingambit, M, shiny|100/100
|-activate|p2a: Kingambit|ability: Supreme Overlord
|-start|p2a: Kingambit|fallen1|[silent]
|turn|4
|
|t:|1757829563
|-terastallize|p2a: Kingambit|Flying
|move|p1a: Sceptile|Earthquake|p2a: Kingambit
|-immune|p2a: Kingambit
|move|p2a: Kingambit|Kowtow Cleave|p1a: Sceptile
|-damage|p1a: Sceptile|1/100
|
|-weather|Sandstorm|[upkeep]
|-damage|p1a: Sceptile|0 fnt|[from] Sandstorm
|-damage|p2a: Kingambit|94/100|[from] Sandstorm
|faint|p1a: Sceptile
|upkeep
|
|t:|1757829575
|switch|p1a: Raichu|Raichu-Alola, M|100/100
|turn|5
|
|t:|1757829583
|-end|p2a: Kingambit|fallen1|[silent]
|switch|p2a: Tyranitar|Tyranitar, F|100/100
|move|p1a: Raichu|Volt Switch|p2a: Tyranitar
|-damage|p2a: Tyranitar|84/100
|
|t:|1757829590
|switch|p1a: Hawlucha|Hawlucha, M|100/100|[from] Volt Switch
|-enditem|p1a: Hawlucha|Electric Seed
|-boost|p1a: Hawlucha|def|1|[from] item: Electric Seed
|
|-weather|none
|upkeep
|turn|6
|
|t:|1757829612
|switch|p2a: Gholdengo|Gholdengo, shiny|100/100
|move|p1a: Hawlucha|Close Combat|p2a: Gholdengo
|-immune|p2a: Gholdengo
|
|upkeep
|turn|7
|
|t:|1757829637
|move|p1a: Hawlucha|Acrobatics|p2a: Gholdengo
|-resisted|p2a: Gholdengo
|-damage|p2a: Gholdengo|76/100
|move|p2a: Gholdengo|Thunderbolt|p1a: Hawlucha
|-supereffective|p1a: Hawlucha
|-damage|p1a: Hawlucha|0 fnt
|faint|p1a: Hawlucha
|
|-heal|p2a: Gholdengo|82/100|[from] item: Leftovers
|upkeep
|
|t:|1757829643
|switch|p1a: Iron Crown|Iron Crown|100/100
|-activate|p1a: Iron Crown|ability: Quark Drive
|-start|p1a: Iron Crown|quarkdrivespa
|turn|8
|
|t:|1757829651
|move|p1a: Iron Crown|Tachyon Cutter|p2a: Gholdengo
|-resisted|p2a: Gholdengo
|-damage|p2a: Gholdengo|65/100
|-resisted|p2a: Gholdengo
|-damage|p2a: Gholdengo|48/100
|-hitcount|p2a: Gholdengo|2
|move|p2a: Gholdengo|Recover|p2a: Gholdengo
|-heal|p2a: Gholdengo|98/100
|
|-heal|p2a: Gholdengo|100/100|[from] item: Leftovers
|-fieldend|move: Electric Terrain
|-end|p1a: Iron Crown|Quark Drive
|upkeep
|-enditem|p1a: Iron Crown|Booster Energy
|-activate|p1a: Iron Crown|ability: Quark Drive|[fromitem]
|-start|p1a: Iron Crown|quarkdrivespa
|turn|9
|inactive|kpo2022 has 120 seconds left.
|
|t:|1757829678
|move|p1a: Iron Crown|Volt Switch|p2a: Gholdengo
|-damage|p2a: Gholdengo|67/100
|
|t:|1757829683
|-end|p1a: Iron Crown|Quark Drive|[silent]
|switch|p1a: Pincurchin|Pincurchin, M|100/100|[from] Volt Switch
|-fieldstart|move: Electric Terrain|[from] ability: Electric Surge|[of] p1a: Pincurchin
|move|p2a: Gholdengo|Shadow Ball|p1a: Pincurchin
|-damage|p1a: Pincurchin|40/100
|
|-heal|p2a: Gholdengo|74/100|[from] item: Leftovers
|upkeep
|turn|10
|
|t:|1757829691
|move|p2a: Gholdengo|Shadow Ball|p1a: Pincurchin
|-damage|p1a: Pincurchin|0 fnt
|faint|p1a: Pincurchin
|
|-heal|p2a: Gholdengo|80/100|[from] item: Leftovers
|upkeep
|
|t:|1757829696
|switch|p1a: Raichu|Raichu-Alola, M|100/100
|turn|11
|inactive|Simeonnn has 120 seconds left.
|
|t:|1757829727
|-terastallize|p1a: Raichu|Water
|move|p1a: Raichu|Surf|p2a: Gholdengo
|-damage|p2a: Gholdengo|18/100
|move|p2a: Gholdengo|Shadow Ball|p1a: Raichu
|-damage|p1a: Raichu|41/100
|
|-heal|p2a: Gholdengo|24/100|[from] item: Leftovers
|upkeep
|turn|12
|inactive|Simeonnn has 120 seconds left.
|
|t:|1757829738
|switch|p2a: Dragapult|Dragapult, F|100/100
|move|p1a: Raichu|Surf|p2a: Dragapult
|-resisted|p2a: Dragapult
|-damage|p2a: Dragapult|55/100
|
|upkeep
|turn|13
|
|t:|1757829745
|move|p1a: Raichu|Surf|p2a: Dragapult
|-resisted|p2a: Dragapult
|-damage|p2a: Dragapult|13/100
|move|p2a: Dragapult|Dragon Darts|p1a: Raichu
|-damage|p1a: Raichu|0 fnt
|faint|p1a: Raichu
|
|upkeep
|
|t:|1757829751
|switch|p1a: Iron Crown|Iron Crown|100/100
|-activate|p1a: Iron Crown|ability: Quark Drive
|-start|p1a: Iron Crown|quarkdrivespa
|turn|14
|
|t:|1757829769
|switch|p2a: Quaquaval|Quaquaval, M|100/100
|move|p1a: Iron Crown|Tachyon Cutter|p2a: Quaquaval
|-resisted|p2a: Quaquaval
|-damage|p2a: Quaquaval|80/100
|-resisted|p2a: Quaquaval
|-damage|p2a: Quaquaval|56/100
|-hitcount|p2a: Quaquaval|2
|
|upkeep
|turn|15
|
|t:|1757829779
|switch|p2a: Kingambit|Kingambit, M, shiny, tera:Flying|94/100
|-activate|p2a: Kingambit|ability: Supreme Overlord
|-start|p2a: Kingambit|fallen1|[silent]
|move|p1a: Iron Crown|Psychic|p2a: Kingambit
|-damage|p2a: Kingambit|54/100
|
|upkeep
|turn|16
|
|t:|1757829788
|move|p1a: Iron Crown|Tachyon Cutter|p2a: Kingambit
|-damage|p2a: Kingambit|30/100
|-damage|p2a: Kingambit|7/100
|-hitcount|p2a: Kingambit|2
|move|p2a: Kingambit|Kowtow Cleave|p1a: Iron Crown
|-supereffective|p1a: Iron Crown
|-damage|p1a: Iron Crown|0 fnt
|faint|p1a: Iron Crown
|-end|p1a: Iron Crown|Quark Drive|[silent]
|
|-fieldend|move: Electric Terrain
|upkeep
|
|t:|1757829795
|switch|p1a: Iron Treads|Iron Treads|100/100
|-enditem|p1a: Iron Treads|Booster Energy
|-activate|p1a: Iron Treads|ability: Quark Drive|[fromitem]
|-start|p1a: Iron Treads|quarkdrivedef
|turn|17
|
|t:|1757829802
|move|p2a: Kingambit|Sucker Punch|p1a: Iron Treads
|-damage|p1a: Iron Treads|81/100
|move|p1a: Iron Treads|Rapid Spin|p2a: Kingambit
|-damage|p2a: Kingambit|0 fnt
|-boost|p1a: Iron Treads|spe|1
|faint|p2a: Kingambit
|-end|p2a: Kingambit|fallen1|[silent]
|
|upkeep
|
|t:|1757829811
|switch|p2a: Quaquaval|Quaquaval, M|56/100
|turn|18
|
|t:|1757829825
|move|p1a: Iron Treads|Body Press|p2a: Quaquaval
|-damage|p2a: Quaquaval|23/100
|move|p2a: Quaquaval|Close Combat|p1a: Iron Treads
|-supereffective|p1a: Iron Treads
|-damage|p1a: Iron Treads|15/100
|-unboost|p2a: Quaquaval|def|1
|-unboost|p2a: Quaquaval|spd|1
|
|upkeep
|turn|19
|
|t:|1757829834
|switch|p2a: Gholdengo|Gholdengo, shiny|24/100
|move|p1a: Iron Treads|Body Press|p2a: Gholdengo
|-immune|p2a: Gholdengo
|
|-heal|p2a: Gholdengo|30/100|[from] item: Leftovers
|upkeep
|turn|20
|
|t:|1757829841
|move|p1a: Iron Treads|Earthquake|p2a: Gholdengo
|-supereffective|p2a: Gholdengo
|-crit|p2a: Gholdengo
|-damage|p2a: Gholdengo|0 fnt
|faint|p2a: Gholdengo
|
|upkeep
|
|t:|1757829844
|switch|p2a: Dragapult|Dragapult, F|13/100
|turn|21
|
|t:|1757829875
|move|p2a: Dragapult|Dragon Darts|p1a: Iron Treads
|-resisted|p1a: Iron Treads
|-damage|p1a: Iron Treads|10/100
|-anim|p2a: Dragapult|Dragon Darts|p1a: Iron Treads
|-resisted|p1a: Iron Treads
|-damage|p1a: Iron Treads|4/100
|move|p1a: Iron Treads|Earthquake|p2a: Dragapult
|-damage|p2a: Dragapult|0 fnt
|faint|p2a: Dragapult
|
|upkeep
|inactive|Simeonnn has 120 seconds left.
|
|t:|1757829886
|switch|p2a: Tyranitar|Tyranitar, F|84/100
|-weather|Sandstorm|[from] ability: Sand Stream|[of] p2a: Tyranitar
|turn|22
|
|t:|1757829889
|move|p1a: Iron Treads|Earthquake|p2a: Tyranitar
|-supereffective|p2a: Tyranitar
|-damage|p2a: Tyranitar|30/100
|move|p2a: Tyranitar|Earthquake|p1a: Iron Treads
|-supereffective|p1a: Iron Treads
|-damage|p1a: Iron Treads|0 fnt
|faint|p1a: Iron Treads
|-end|p1a: Iron Treads|Quark Drive|[silent]
|
|win|Simeonnn
|raw|kpo2022's rating: 1113 &rarr; <strong>1089</strong><br />(-24 for losing)
|raw|Simeonnn's rating: 1125 &rarr; <strong>1149</strong><br />(+24 for winning)
|l|☆kpo2022
|player|p1|
|l|☆Simeonnn
|player|p2|
