|j|☆PokemonGT7
|j|☆klapekboxedyou
|inactive|Battle timer is ON: inactive players will automatically lose when time's up.
|t:|1757857494
|gametype|singles
|player|p1|PokemonGT7|willow-casual|
|player|p2|klapekboxedyou|iris-gen5bw2|
|gen|9
|tier|[Gen 9] OU
|rated|Tournament battle
|rule|HP Percentage Mod: HP is shown in percentages
|rule|Endless Battle Clause: Forcing endless battles is banned
|rule|Species Clause: Limit one of each Pokémon
|rule|OHKO Clause: OHKO moves are banned
|rule|Evasion Items Clause: Evasion items are banned
|rule|Evasion Moves Clause: Evasion moves are banned
|rule|Evasion Abilities Clause: Evasion abilities are banned
|rule|Sleep Moves Clause: Sleep-inducing moves are banned
|raw|<div class="infobox"><details class="readmore" open><summary><strong>1 custom rule:</strong></summary> -wobbuffet</details></div>
|clearpoke
|poke|p1|Skiploom, F|
|poke|p1|Electivire, M|
|poke|p1|Malamar, M|
|poke|p2|Granbull, M|
|poke|p2|Inteleon, F|
|poke|p2|Munchlax, F|
|teampreview
|j|*Lady Monita ☀
|c|☆PokemonGT7|glhf
|c|☆klapekboxedyou|u2
|c|☆klapekboxedyou|ye i release donphan
|c|☆klapekboxedyou|crazy
|inactive|klapekboxedyou has 120 seconds left.
|
|t:|1757857529
|teamsize|p1|3
|teamsize|p2|3
|start
|switch|p1a: Malamar|Malamar, M|100/100
|switch|p2a: Inteleon|Inteleon, F|100/100
|turn|1
|c|☆PokemonGT7|Donphan's pretty mid ngl so not a bad shout
|c|☆klapekboxedyou|ye but he will full counter you
|
|t:|1757857555
|-terastallize|p1a: Malamar|Steel
|move|p2a: Inteleon|U-turn|p1a: Malamar
|-resisted|p1a: Malamar
|-damage|p1a: Malamar|94/100
|
|t:|1757857561
|switch|p2a: Granbull|Granbull, M, shiny|100/100|[from] U-turn
|-ability|p2a: Granbull|Intimidate|boost
|-boost|p1a: Malamar|atk|1
|move|p1a: Malamar|Superpower|p2a: Granbull
|-resisted|p2a: Granbull
|-damage|p2a: Granbull|79/100
|-boost|p1a: Malamar|atk|1
|-boost|p1a: Malamar|def|1
|
|-heal|p2a: Granbull|86/100|[from] item: Leftovers
|upkeep
|turn|2
|
|t:|1757857570
|move|p1a: Malamar|Psycho Cut|p2a: Granbull
|-damage|p2a: Granbull|35/100
|move|p2a: Granbull|Thunder Wave|p1a: Malamar
|-status|p1a: Malamar|par
|
|-heal|p2a: Granbull|41/100|[from] item: Leftovers
|upkeep
|turn|3
|
|t:|1757857576
|move|p2a: Granbull|Earthquake|p1a: Malamar
|-supereffective|p1a: Malamar
|-damage|p1a: Malamar|47/100 par
|move|p1a: Malamar|Psycho Cut|p2a: Granbull
|-crit|p2a: Granbull
|-damage|p2a: Granbull|0 fnt
|faint|p2a: Granbull
|
|upkeep
|
|t:|1757857579
|switch|p2a: Inteleon|Inteleon, F|100/100
|turn|4
|
|t:|1757857583
|move|p2a: Inteleon|Snipe Shot|p1a: Malamar
|-damage|p1a: Malamar|0 fnt
|faint|p1a: Malamar
|
|upkeep
|
|t:|1757857587
|switch|p1a: Skiploom|Skiploom, F|100/100
|turn|5
|
|t:|1757857591
|switch|p2a: Munchlax|Munchlax, F|100/100
|move|p1a: Skiploom|Leech Seed|p2a: Munchlax|[miss]
|-miss|p1a: Skiploom|p2a: Munchlax
|
|upkeep
|turn|6
|
|t:|1757857596
|move|p1a: Skiploom|Leech Seed|p2a: Munchlax
|-start|p2a: Munchlax|move: Leech Seed
|move|p2a: Munchlax|Body Slam|p1a: Skiploom
|-damage|p1a: Skiploom|73/100
|
|-damage|p2a: Munchlax|88/100|[from] Leech Seed|[of] p1a: Skiploom
|-heal|p1a: Skiploom|92/100|[silent]
|upkeep
|turn|7
|
|t:|1757857600
|move|p1a: Skiploom|Substitute|p1a: Skiploom
|-start|p1a: Skiploom|Substitute
|-damage|p1a: Skiploom|67/100
|move|p2a: Munchlax|Curse|p2a: Munchlax
|-unboost|p2a: Munchlax|spe|1
|-boost|p2a: Munchlax|atk|1
|-boost|p2a: Munchlax|def|1
|
|-damage|p2a: Munchlax|76/100|[from] Leech Seed|[of] p1a: Skiploom
|-heal|p1a: Skiploom|86/100|[silent]
|upkeep
|turn|8
|
|t:|1757857604
|move|p1a: Skiploom|Giga Drain|p2a: Munchlax
|-damage|p2a: Munchlax|67/100
|-heal|p1a: Skiploom|92/100|[from] drain|[of] p2a: Munchlax
|move|p2a: Munchlax|Body Slam|p1a: Skiploom
|-end|p1a: Skiploom|Substitute
|
|-damage|p2a: Munchlax|55/100|[from] Leech Seed|[of] p1a: Skiploom
|-heal|p1a: Skiploom|100/100|[silent]
|upkeep
|turn|9
|
|t:|1757857606
|move|p1a: Skiploom|Substitute|p1a: Skiploom
|-start|p1a: Skiploom|Substitute
|-damage|p1a: Skiploom|76/100
|move|p2a: Munchlax|Body Slam|p1a: Skiploom
|-end|p1a: Skiploom|Substitute
|
|-damage|p2a: Munchlax|42/100|[from] Leech Seed|[of] p1a: Skiploom
|-heal|p1a: Skiploom|94/100|[silent]
|upkeep
|turn|10
|
|t:|1757857610
|move|p1a: Skiploom|Substitute|p1a: Skiploom
|-start|p1a: Skiploom|Substitute
|-damage|p1a: Skiploom|69/100
|move|p2a: Munchlax|Rest|p2a: Munchlax
|-status|p2a: Munchlax|slp|[from] move: Rest
|-heal|p2a: Munchlax|100/100 slp|[silent]
|
|-damage|p2a: Munchlax|88/100 slp|[from] Leech Seed|[of] p1a: Skiploom
|-heal|p1a: Skiploom|88/100|[silent]
|upkeep
|turn|11
|
|t:|1757857615
|move|p1a: Skiploom|Giga Drain|p2a: Munchlax
|-damage|p2a: Munchlax|80/100 slp
|-heal|p1a: Skiploom|93/100|[from] drain|[of] p2a: Munchlax
|cant|p2a: Munchlax|slp
|move|p2a: Munchlax|Sleep Talk|p2a: Munchlax
|move|p2a: Munchlax|Rest||[from] move: Sleep Talk|[still]
|-fail|p2a: Munchlax
|
|-damage|p2a: Munchlax|68/100 slp|[from] Leech Seed|[of] p1a: Skiploom
|-heal|p1a: Skiploom|100/100|[silent]
|upkeep
|turn|12
|c|☆klapekboxedyou|not funny bro
|c|☆PokemonGT7|Well what else is Skiploom supposed to do
|c|☆PokemonGT7|It's not exactly a sweeper
|
|t:|1757857636
|move|p1a: Skiploom|Giga Drain|p2a: Munchlax
|-damage|p2a: Munchlax|59/100 slp
|cant|p2a: Munchlax|slp
|move|p2a: Munchlax|Sleep Talk|p2a: Munchlax
|move|p2a: Munchlax|Rest||[from] move: Sleep Talk|[still]
|-fail|p2a: Munchlax
|
|-damage|p2a: Munchlax|47/100 slp|[from] Leech Seed|[of] p1a: Skiploom
|upkeep
|turn|13
|
|t:|1757857644
|move|p1a: Skiploom|Strength Sap|p2a: Munchlax
|-unboost|p2a: Munchlax|atk|1
|-curestatus|p2a: Munchlax|slp|[msg]
|move|p2a: Munchlax|Sleep Talk||[still]
|-fail|p2a: Munchlax
|
|-damage|p2a: Munchlax|35/100|[from] Leech Seed|[of] p1a: Skiploom
|upkeep
|turn|14
|j| The impimp
|c|☆PokemonGT7|Rest always causes u to sleep for 2 turns
|c|☆PokemonGT7|Remember that next time
|inactive|PokemonGT7 has 120 seconds left.
|
|t:|1757857673
|move|p1a: Skiploom|Giga Drain|p2a: Munchlax
|-damage|p2a: Munchlax|26/100
|move|p2a: Munchlax|Rest|p2a: Munchlax
|-status|p2a: Munchlax|slp|[from] move: Rest
|-heal|p2a: Munchlax|100/100 slp|[silent]
|
|-damage|p2a: Munchlax|88/100 slp|[from] Leech Seed|[of] p1a: Skiploom
|upkeep
|turn|15
|c|☆klapekboxedyou|kk
|
|t:|1757857682
|switch|p1a: Electivire|Electivire, M|100/100
|cant|p2a: Munchlax|slp
|move|p2a: Munchlax|Sleep Talk|p2a: Munchlax
|move|p2a: Munchlax|Curse|p2a: Munchlax|[from] move: Sleep Talk
|-unboost|p2a: Munchlax|spe|1
|-boost|p2a: Munchlax|atk|1
|-boost|p2a: Munchlax|def|1
|
|-damage|p2a: Munchlax|76/100 slp|[from] Leech Seed|[of] p1a: Electivire
|upkeep
|turn|16
|
|t:|1757857688
|move|p1a: Electivire|Knock Off|p2a: Munchlax
|-damage|p2a: Munchlax|58/100 slp
|-enditem|p2a: Munchlax|Eviolite|[from] move: Knock Off|[of] p1a: Electivire
|-damage|p1a: Electivire|91/100|[from] item: Life Orb
|cant|p2a: Munchlax|slp
|
|-damage|p2a: Munchlax|46/100 slp|[from] Leech Seed|[of] p1a: Electivire
|-heal|p1a: Electivire|100/100|[silent]
|upkeep
|turn|17
|
|t:|1757857694
|move|p1a: Electivire|Bulk Up|p1a: Electivire
|-boost|p1a: Electivire|atk|1
|-boost|p1a: Electivire|def|1
|-curestatus|p2a: Munchlax|slp|[msg]
|move|p2a: Munchlax|Rest|p2a: Munchlax
|-status|p2a: Munchlax|slp|[from] move: Rest
|-heal|p2a: Munchlax|100/100 slp|[silent]
|
|-damage|p2a: Munchlax|88/100 slp|[from] Leech Seed|[of] p1a: Electivire
|upkeep
|turn|18
|
|t:|1757857699
|move|p1a: Electivire|Bulk Up|p1a: Electivire
|-boost|p1a: Electivire|atk|1
|-boost|p1a: Electivire|def|1
|cant|p2a: Munchlax|slp
|move|p2a: Munchlax|Sleep Talk|p2a: Munchlax
|move|p2a: Munchlax|Rest||[from] move: Sleep Talk|[still]
|-fail|p2a: Munchlax
|
|-damage|p2a: Munchlax|76/100 slp|[from] Leech Seed|[of] p1a: Electivire
|upkeep
|turn|19
|
|t:|1757857702
|move|p1a: Electivire|Bulk Up|p1a: Electivire
|-boost|p1a: Electivire|atk|1
|-boost|p1a: Electivire|def|1
|cant|p2a: Munchlax|slp
|move|p2a: Munchlax|Sleep Talk|p2a: Munchlax
|move|p2a: Munchlax|Body Slam|p1a: Electivire|[from] move: Sleep Talk
|-damage|p1a: Electivire|77/100
|
|-damage|p2a: Munchlax|63/100 slp|[from] Leech Seed|[of] p1a: Electivire
|-heal|p1a: Electivire|97/100|[silent]
|upkeep
|turn|20
|
|t:|1757857707
|move|p1a: Electivire|Bulk Up|p1a: Electivire
|-boost|p1a: Electivire|atk|1
|-boost|p1a: Electivire|def|1
|-curestatus|p2a: Munchlax|slp|[msg]
|move|p2a: Munchlax|Body Slam|p1a: Electivire
|-damage|p1a: Electivire|78/100
|
|-damage|p2a: Munchlax|51/100|[from] Leech Seed|[of] p1a: Electivire
|-heal|p1a: Electivire|98/100|[silent]
|upkeep
|turn|21
|
|t:|1757857712
|move|p1a: Electivire|Supercell Slam|p2a: Munchlax
|-damage|p2a: Munchlax|0 fnt
|faint|p2a: Munchlax
|-damage|p1a: Electivire|88/100|[from] item: Life Orb
|
|upkeep
|
|t:|1757857714
|switch|p2a: Inteleon|Inteleon, F|100/100
|turn|22
|c|☆PokemonGT7|gg
|c|☆PokemonGT7|If u play ur cards right u win here
|
|t:|1757857728
|-terastallize|p2a: Inteleon|Water
|move|p2a: Inteleon|Hydro Cannon|p1a: Electivire|[miss]
|-miss|p2a: Inteleon|p1a: Electivire
|move|p1a: Electivire|Thunder Wave|p2a: Inteleon
|-status|p2a: Inteleon|par
|
|upkeep
|turn|23
|c|☆klapekboxedyou|HE MISS
|c|☆PokemonGT7|Terrible idea
|c|☆PokemonGT7|Hydro Cannon's just a terrible move
|c|☆klapekboxedyou|nah
|c|☆klapekboxedyou|its good
|inactive|PokemonGT7 has 120 seconds left.
|c|☆PokemonGT7|Strong but a massive drawback
|
|t:|1757857762
|move|p1a: Electivire|Supercell Slam|p2a: Inteleon
|-supereffective|p2a: Inteleon
|-damage|p2a: Inteleon|0 fnt
|faint|p2a: Inteleon
|-damage|p1a: Electivire|78/100|[from] item: Life Orb
|
|win|PokemonGT7
|n|☆PokemonGT7|pokemongt7
|n|☆klapekboxedyou|klapekboxedyou
|n|*Lady Monita ☀|ladymonita
|n| The impimp|theimpimp
|l|*Lady Monita ☀
|c|☆PokemonGT7|gg
|c|☆klapekboxedyou|gg
