|j|☆kinsword
|j|☆plk1234
|t:|1757853241
|gametype|singles
|player|p1|kinsword|170|1352
|player|p2|plk1234|102|1350
|gen|9
|tier|[Gen 9] OU
|rated|
|rule|HP Percentage Mod: HP is shown in percentages
|rule|Endless Battle Clause: Forcing endless battles is banned
|rule|Species Clause: Limit one of each Pokémon
|rule|OHKO Clause: OHKO moves are banned
|rule|Evasion Items Clause: Evasion items are banned
|rule|Evasion Moves Clause: Evasion moves are banned
|rule|Evasion Abilities Clause: Evasion abilities are banned
|rule|Sleep Moves Clause: Sleep-inducing moves are banned
|clearpoke
|poke|p1|Tyranitar, F|
|poke|p1|Samurott, M|
|poke|p1|Zapdos-Galar|
|poke|p1|Excadrill, M|
|poke|p1|Enamorus-Therian, F|
|poke|p1|Overqwil, F|
|poke|p2|Blastoise, F|
|poke|p2|Manaphy|
|poke|p2|Dragonite, F|
|poke|p2|Decidueye, M|
|poke|p2|Zapdos-Galar|
|poke|p2|Heatran, M|
|teampreview
|inactive|Battle timer is ON: inactive players will automatically lose when time's up. (requested by plk1234)
|l|☆kinsword
|inactive|kinsword disconnected and has a minute to reconnect!
|player|p1|
|j|☆kinsword
|inactive|kinsword reconnected and has 135 seconds left.
|player|p1|kinsword|170|
|
|t:|1757853270
|teamsize|p1|6
|teamsize|p2|6
|start
|switch|p1a: Zapdos|Zapdos-Galar|100/100
|switch|p2a: Manaphy|Manaphy|100/100
|turn|1
|
|t:|1757853278
|move|p1a: Zapdos|Knock Off|p2a: Manaphy
|-damage|p2a: Manaphy|74/100
|-enditem|p2a: Manaphy|Leftovers|[from] move: Knock Off|[of] p1a: Zapdos
|move|p2a: Manaphy|Acid Armor|p2a: Manaphy
|-boost|p2a: Manaphy|def|2
|
|upkeep
|turn|2
|
|t:|1757853288
|switch|p1a: Overqwil|Overqwil, F|100/100
|-ability|p1a: Overqwil|Intimidate|boost
|-unboost|p2a: Manaphy|atk|1
|move|p2a: Manaphy|Calm Mind|p2a: Manaphy
|-boost|p2a: Manaphy|spa|1
|-boost|p2a: Manaphy|spd|1
|
|upkeep
|turn|3
|
|t:|1757853296
|move|p2a: Manaphy|Scald|p1a: Overqwil
|-damage|p1a: Overqwil|42/100
|-status|p1a: Overqwil|brn
|move|p1a: Overqwil|Toxic|p2a: Manaphy
|-status|p2a: Manaphy|tox
|
|-heal|p1a: Overqwil|48/100 brn|[from] item: Leftovers
|-damage|p2a: Manaphy|67/100 tox|[from] psn
|-damage|p1a: Overqwil|42/100 brn|[from] brn
|upkeep
|turn|4
|
|t:|1757853311
|move|p2a: Manaphy|Scald|p1a: Overqwil
|-damage|p1a: Overqwil|0 fnt
|faint|p1a: Overqwil
|
|-damage|p2a: Manaphy|55/100 tox|[from] psn
|upkeep
|
|t:|1757853318
|switch|p1a: Enamorus|Enamorus-Therian, F|100/100
|turn|5
|
|t:|1757853326
|move|p2a: Manaphy|Scald|p1a: Enamorus
|-damage|p1a: Enamorus|70/100
|move|p1a: Enamorus|Moonblast|p2a: Manaphy
|-damage|p2a: Manaphy|25/100 tox
|-unboost|p2a: Manaphy|spa|1
|
|-damage|p2a: Manaphy|7/100 tox|[from] psn
|upkeep
|turn|6
|
|t:|1757853339
|move|p2a: Manaphy|Scald|p1a: Enamorus
|-damage|p1a: Enamorus|50/100
|move|p1a: Enamorus|Moonblast|p2a: Manaphy
|-damage|p2a: Manaphy|0 fnt
|faint|p2a: Manaphy
|
|upkeep
|
|t:|1757853359
|switch|p2a: Blastoise|Blastoise, F|100/100
|turn|7
|
|t:|1757853366
|move|p2a: Blastoise|Shell Smash|p2a: Blastoise
|-unboost|p2a: Blastoise|def|1
|-unboost|p2a: Blastoise|spd|1
|-boost|p2a: Blastoise|atk|2
|-boost|p2a: Blastoise|spa|2
|-boost|p2a: Blastoise|spe|2
|-enditem|p2a: Blastoise|White Herb
|-clearnegativeboost|p2a: Blastoise|[silent]
|move|p1a: Enamorus|Moonblast|p2a: Blastoise
|-damage|p2a: Blastoise|56/100
|
|upkeep
|turn|8
|
|t:|1757853378
|move|p2a: Blastoise|Ice Beam|p1a: Enamorus
|-supereffective|p1a: Enamorus
|-damage|p1a: Enamorus|0 fnt
|faint|p1a: Enamorus
|
|upkeep
|
|t:|1757853386
|switch|p1a: Samurott|Samurott, M|100/100
|turn|9
|
|t:|1757853393
|move|p2a: Blastoise|Aura Sphere|p1a: Samurott
|-damage|p1a: Samurott|76/100
|move|p1a: Samurott|Megahorn|p2a: Blastoise
|-damage|p2a: Blastoise|26/100
|
|upkeep
|turn|10
|
|t:|1757853407
|move|p2a: Blastoise|Aura Sphere|p1a: Samurott
|-damage|p1a: Samurott|49/100
|move|p1a: Samurott|Megahorn|p2a: Blastoise
|-damage|p2a: Blastoise|0 fnt
|faint|p2a: Blastoise
|
|upkeep
|inactive|plk1234 has 120 seconds left.
|
|t:|1757853450
|switch|p2a: Decidueye|Decidueye, M|100/100
|turn|11
|
|t:|1757853460
|move|p1a: Samurott|Ice Beam|p2a: Decidueye
|-supereffective|p2a: Decidueye
|-damage|p2a: Decidueye|53/100
|move|p2a: Decidueye|Swords Dance|p2a: Decidueye
|-boost|p2a: Decidueye|atk|2
|
|upkeep
|turn|12
|
|t:|1757853468
|move|p1a: Samurott|Ice Beam|p2a: Decidueye
|-supereffective|p2a: Decidueye
|-crit|p2a: Decidueye
|-damage|p2a: Decidueye|0 fnt
|faint|p2a: Decidueye
|
|upkeep
|
|t:|1757853475
|switch|p2a: Zapdos|Zapdos-Galar|100/100
|turn|13
|inactive|plk1234 has 120 seconds left.
|
|t:|1757853484
|move|p2a: Zapdos|Brave Bird|p1a: Samurott
|-damage|p1a: Samurott|0 fnt
|faint|p1a: Samurott
|-damage|p2a: Zapdos|81/100|[from] Recoil
|
|upkeep
|
|t:|1757853491
|switch|p1a: Zapdos|Zapdos-Galar|100/100
|turn|14
|
|t:|1757853500
|move|p1a: Zapdos|Brave Bird|p2a: Zapdos
|-supereffective|p2a: Zapdos
|-crit|p2a: Zapdos
|-damage|p2a: Zapdos|0 fnt
|faint|p2a: Zapdos
|-damage|p1a: Zapdos|74/100|[from] Recoil
|
|upkeep
|
|t:|1757853509
|switch|p2a: Heatran|Heatran, M|100/100
|-item|p2a: Heatran|Air Balloon
|turn|15
|
|t:|1757853515
|switch|p1a: Tyranitar|Tyranitar, F|100/100
|-weather|Sandstorm|[from] ability: Sand Stream|[of] p1a: Tyranitar
|move|p2a: Heatran|Will-O-Wisp|p1a: Tyranitar
|-status|p1a: Tyranitar|brn
|
|-weather|Sandstorm|[upkeep]
|-damage|p1a: Tyranitar|94/100 brn|[from] brn
|upkeep
|turn|16
|
|t:|1757853528
|move|p1a: Tyranitar|Dragon Dance|p1a: Tyranitar
|-boost|p1a: Tyranitar|atk|1
|-boost|p1a: Tyranitar|spe|1
|move|p2a: Heatran|Earth Power|p1a: Tyranitar
|-supereffective|p1a: Tyranitar
|-damage|p1a: Tyranitar|59/100 brn
|
|-weather|Sandstorm|[upkeep]
|-damage|p1a: Tyranitar|53/100 brn|[from] brn
|upkeep
|turn|17
|
|t:|1757853539
|move|p1a: Tyranitar|Stone Edge|p2a: Heatran
|-damage|p2a: Heatran|63/100
|-enditem|p2a: Heatran|Air Balloon
|-damage|p1a: Tyranitar|43/100 brn|[from] item: Life Orb
|move|p2a: Heatran|Earth Power|p1a: Tyranitar
|-supereffective|p1a: Tyranitar
|-damage|p1a: Tyranitar|6/100 brn
|
|-weather|Sandstorm|[upkeep]
|-damage|p1a: Tyranitar|0 fnt|[from] brn
|faint|p1a: Tyranitar
|upkeep
|
|t:|1757853551
|switch|p1a: Excadrill|Excadrill, M|100/100
|-ability|p1a: Excadrill|Mold Breaker
|turn|18
|
|t:|1757853558
|-terastallize|p2a: Heatran|Grass
|move|p1a: Excadrill|Earthquake|p2a: Heatran
|-resisted|p2a: Heatran
|-damage|p2a: Heatran|45/100
|move|p2a: Heatran|Lava Plume|p1a: Excadrill
|-supereffective|p1a: Excadrill
|-damage|p1a: Excadrill|41/100
|-status|p1a: Excadrill|brn
|
|-weather|Sandstorm|[upkeep]
|-damage|p2a: Heatran|39/100|[from] Sandstorm
|-damage|p1a: Excadrill|35/100 brn|[from] brn
|upkeep
|turn|19
|
|t:|1757853574
|move|p1a: Excadrill|Iron Head|p2a: Heatran
|-damage|p2a: Heatran|25/100
|cant|p2a: Heatran|flinch
|
|-weather|none
|-damage|p1a: Excadrill|28/100 brn|[from] brn
|upkeep
|turn|20
|inactive|kinsword has 120 seconds left.
|
|t:|1757853622
|move|p1a: Excadrill|Iron Head|p2a: Heatran
|-damage|p2a: Heatran|9/100
|move|p2a: Heatran|Stealth Rock|p1a: Excadrill
|-sidestart|p1: kinsword|move: Stealth Rock
|
|-damage|p1a: Excadrill|22/100 brn|[from] brn
|upkeep
|turn|21
|
|t:|1757853630
|move|p1a: Excadrill|Iron Head|p2a: Heatran
|-damage|p2a: Heatran|0 fnt
|faint|p2a: Heatran
|
|-damage|p1a: Excadrill|16/100 brn|[from] brn
|upkeep
|
|t:|1757853637
|switch|p2a: Dragonite|Dragonite, F|100/100
|turn|22
|
|t:|1757853641
|move|p2a: Dragonite|Extreme Speed|p1a: Excadrill
|-resisted|p1a: Excadrill
|-damage|p1a: Excadrill|0 fnt
|faint|p1a: Excadrill
|
|upkeep
|inactive|kinsword has 120 seconds left.
|
|t:|1757853646
|switch|p1a: Zapdos|Zapdos-Galar|74/100
|-damage|p1a: Zapdos|62/100|[from] Stealth Rock
|turn|23
|
|t:|1757853652
|move|p2a: Dragonite|Extreme Speed|p1a: Zapdos
|-crit|p1a: Zapdos
|-damage|p1a: Zapdos|7/100
|move|p1a: Zapdos|Brave Bird|p2a: Dragonite
|-damage|p2a: Dragonite|70/100
|-damage|p1a: Zapdos|0 fnt|[from] Recoil
|faint|p1a: Zapdos
|
|win|plk1234
|raw|kinsword's rating: 1352 &rarr; <strong>1332</strong><br />(-20 for losing)
|raw|plk1234's rating: 1350 &rarr; <strong>1370</strong><br />(+20 for winning)
|l|☆kinsword
|player|p1|
|l|☆plk1234
|player|p2|
