|j|☆Vlazphemy
|j|☆KycPzilinG
|t:|1757917192
|gametype|singles
|player|p1|Vlazphemy|101|1272
|player|p2|KycPzilinG|101|1286
|gen|9
|tier|[Gen 9] OU
|rated|
|rule|HP Percentage Mod: HP is shown in percentages
|rule|Endless Battle Clause: Forcing endless battles is banned
|rule|Species Clause: Limit one of each Pokémon
|rule|OHKO Clause: OHKO moves are banned
|rule|Evasion Items Clause: Evasion items are banned
|rule|Evasion Moves Clause: Evasion moves are banned
|rule|Evasion Abilities Clause: Evasion abilities are banned
|rule|Sleep Moves Clause: Sleep-inducing moves are banned
|clearpoke
|poke|p1|Great Tusk|
|poke|p1|Iron Moth|
|poke|p1|Zapdos|
|poke|p1|Ogerpon-Wellspring, F|
|poke|p1|Dondozo, M|
|poke|p1|Slowking-Galar, F|
|poke|p2|Kleavor, M|
|poke|p2|Brambleghast, M|
|poke|p2|Moltres|
|poke|p2|Mamoswine, F|
|poke|p2|Pecharunt|
|poke|p2|Kingambit, M|
|teampreview
|inactive|Battle timer is ON: inactive players will automatically lose when time's up. (requested by Vlazphemy)
|
|t:|1757917223
|teamsize|p1|6
|teamsize|p2|6
|start
|switch|p1a: Zapdos|Zapdos|100/100
|switch|p2a: Kleavor|Kleavor, M|100/100
|-ability|p1a: Zapdos|Pressure
|turn|1
|
|t:|1757917229
|move|p2a: Kleavor|Stone Axe|p1a: Zapdos
|-supereffective|p1a: Zapdos
|-damage|p1a: Zapdos|12/100
|-sidestart|p1: Vlazphemy|move: Stealth Rock
|move|p1a: Zapdos|Heat Wave|p2a: Kleavor
|-damage|p2a: Kleavor|57/100
|
|upkeep
|turn|2
|
|t:|1757917242
|switch|p1a: Great Tusk|Great Tusk|100/100
|-damage|p1a: Great Tusk|98/100|[from] Stealth Rock
|move|p2a: Kleavor|Tailwind|p2a: Kleavor
|-sidestart|p2: KycPzilinG|move: Tailwind
|
|upkeep
|turn|3
|
|t:|1757917249
|switch|p2a: Brambleghast|Brambleghast, M, shiny|100/100
|-ability|p2a: Brambleghast|Wind Rider|boost
|-boost|p2a: Brambleghast|atk|1
|move|p1a: Great Tusk|Stealth Rock|p2a: Brambleghast
|-sidestart|p2: KycPzilinG|move: Stealth Rock
|
|upkeep
|turn|4
|
|t:|1757917255
|-end|p1a: Great Tusk|Protosynthesis|[silent]
|switch|p1a: Slowking|Slowking-Galar, F|100/100
|-damage|p1a: Slowking|88/100|[from] Stealth Rock
|move|p2a: Brambleghast|Rapid Spin|p1a: Slowking
|-damage|p1a: Slowking|60/100
|-boost|p2a: Brambleghast|spe|1
|-sideend|p2: KycPzilinG|Stealth Rock|[from] move: Rapid Spin|[of] p2a: Brambleghast
|-damage|p2a: Brambleghast|91/100|[from] item: Life Orb
|
|upkeep
|turn|5
|
|t:|1757917263
|move|p2a: Brambleghast|Poltergeist|p1a: Slowking
|-activate|p1a: Slowking|move: Poltergeist|Assault Vest
|-supereffective|p1a: Slowking
|-damage|p1a: Slowking|0 fnt
|faint|p1a: Slowking
|-damage|p2a: Brambleghast|81/100|[from] item: Life Orb
|
|-sideend|p2: KycPzilinG|move: Tailwind
|upkeep
|
|t:|1757917277
|switch|p1a: Dondozo|Dondozo, M|100/100
|-damage|p1a: Dondozo|88/100|[from] Stealth Rock
|turn|6
|
|t:|1757917295
|move|p2a: Brambleghast|Power Whip|p1a: Dondozo|[miss]
|-miss|p2a: Brambleghast|p1a: Dondozo
|move|p1a: Dondozo|Heavy Slam|p2a: Brambleghast
|-damage|p2a: Brambleghast|18/100
|
|-heal|p1a: Dondozo|94/100|[from] item: Leftovers
|upkeep
|turn|7
|
|t:|1757917303
|move|p2a: Brambleghast|Strength Sap|p1a: Dondozo
|-unboost|p1a: Dondozo|atk|1
|-heal|p2a: Brambleghast|100/100
|move|p1a: Dondozo|Heavy Slam|p2a: Brambleghast
|-damage|p2a: Brambleghast|63/100
|
|-heal|p1a: Dondozo|100/100|[from] item: Leftovers
|upkeep
|turn|8
|
|t:|1757917309
|switch|p1a: Zapdos|Zapdos|12/100
|-ability|p1a: Zapdos|Pressure
|move|p2a: Brambleghast|Strength Sap|p1a: Zapdos
|-unboost|p1a: Zapdos|atk|1
|-heal|p2a: Brambleghast|100/100
|
|upkeep
|turn|9
|
|t:|1757917314
|move|p2a: Brambleghast|Poltergeist|p1a: Zapdos
|-activate|p1a: Zapdos|move: Poltergeist|Heavy-Duty Boots
|-damage|p1a: Zapdos|0 fnt
|faint|p1a: Zapdos
|-damage|p2a: Brambleghast|91/100|[from] item: Life Orb
|
|upkeep
|
|t:|1757917320
|switch|p1a: Ogerpon|Ogerpon-Wellspring, F|100/100
|-damage|p1a: Ogerpon|88/100|[from] Stealth Rock
|turn|10
|
|t:|1757917336
|move|p2a: Brambleghast|Poltergeist|p1a: Ogerpon|[miss]
|-miss|p2a: Brambleghast|p1a: Ogerpon
|move|p1a: Ogerpon|Knock Off|p2a: Brambleghast
|-supereffective|p2a: Brambleghast
|-damage|p2a: Brambleghast|0 fnt
|-enditem|p2a: Brambleghast|Life Orb|[from] move: Knock Off|[of] p1a: Ogerpon
|faint|p2a: Brambleghast
|
|upkeep
|inactive|KycPzilinG has 120 seconds left.
|
|t:|1757917358
|switch|p2a: Moltres|Moltres|100/100
|turn|11
|
|t:|1757917363
|-terastallize|p2a: Moltres|Dragon
|move|p1a: Ogerpon|Ivy Cudgel|p2a: Moltres|[anim] Ivy Cudgel Water
|-resisted|p2a: Moltres
|-damage|p2a: Moltres|72/100
|move|p2a: Moltres|Hurricane|p1a: Ogerpon
|-supereffective|p1a: Ogerpon
|-damage|p1a: Ogerpon|0 fnt
|faint|p1a: Ogerpon
|
|upkeep
|
|t:|1757917372
|switch|p1a: Iron Moth|Iron Moth|100/100
|-damage|p1a: Iron Moth|76/100|[from] Stealth Rock
|-enditem|p1a: Iron Moth|Booster Energy
|-activate|p1a: Iron Moth|ability: Quark Drive|[fromitem]
|-start|p1a: Iron Moth|quarkdrivespa
|turn|12
|
|t:|1757917378
|move|p1a: Iron Moth|Sludge Wave|p2a: Moltres
|-damage|p2a: Moltres|2/100
|move|p2a: Moltres|Hurricane|p1a: Iron Moth
|-damage|p1a: Iron Moth|17/100
|
|upkeep
|turn|13
|
|t:|1757917384
|move|p1a: Iron Moth|Sludge Wave|p2a: Moltres
|-damage|p2a: Moltres|0 fnt
|faint|p2a: Moltres
|
|upkeep
|
|t:|1757917397
|switch|p2a: Mamoswine|Mamoswine, F|100/100
|turn|14
|
|t:|1757917402
|move|p1a: Iron Moth|Flamethrower|p2a: Mamoswine
|-supereffective|p2a: Mamoswine
|-enditem|p2a: Mamoswine|Focus Sash
|-damage|p2a: Mamoswine|1/100
|move|p2a: Mamoswine|Earthquake|p1a: Iron Moth
|-supereffective|p1a: Iron Moth
|-damage|p1a: Iron Moth|0 fnt
|faint|p1a: Iron Moth
|-end|p1a: Iron Moth|Quark Drive|[silent]
|
|upkeep
|
|t:|1757917411
|switch|p1a: Great Tusk|Great Tusk|98/100
|-damage|p1a: Great Tusk|95/100|[from] Stealth Rock
|turn|15
|
|t:|1757917418
|move|p1a: Great Tusk|Rapid Spin|p2a: Mamoswine
|-damage|p2a: Mamoswine|0 fnt
|-boost|p1a: Great Tusk|spe|1
|-sideend|p1: Vlazphemy|Stealth Rock|[from] move: Rapid Spin|[of] p1a: Great Tusk
|faint|p2a: Mamoswine
|
|upkeep
|
|t:|1757917423
|switch|p2a: Pecharunt|Pecharunt|100/100
|-item|p2a: Pecharunt|Air Balloon
|turn|16
|
|t:|1757917432
|move|p1a: Great Tusk|Stealth Rock|p2a: Pecharunt
|-sidestart|p2: KycPzilinG|move: Stealth Rock
|move|p2a: Pecharunt|Malignant Chain|p1a: Great Tusk
|-resisted|p1a: Great Tusk
|-damage|p1a: Great Tusk|67/100
|
|upkeep
|turn|17
|
|t:|1757917443
|move|p1a: Great Tusk|Earthquake|p2a: Pecharunt
|-immune|p2a: Pecharunt
|move|p2a: Pecharunt|Shadow Ball|p1a: Great Tusk
|-damage|p1a: Great Tusk|15/100
|-enditem|p1a: Great Tusk|Sitrus Berry|[eat]
|-heal|p1a: Great Tusk|40/100|[from] item: Sitrus Berry
|
|upkeep
|turn|18
|
|t:|1757917448
|move|p1a: Great Tusk|Earthquake|p2a: Pecharunt
|-immune|p2a: Pecharunt
|move|p2a: Pecharunt|Shadow Ball|p1a: Great Tusk
|-damage|p1a: Great Tusk|0 fnt
|faint|p1a: Great Tusk
|-end|p1a: Great Tusk|Protosynthesis|[silent]
|
|upkeep
|
|t:|1757917450
|switch|p1a: Dondozo|Dondozo, M|100/100
|turn|19
|
|t:|1757917463
|move|p2a: Pecharunt|Malignant Chain|p1a: Dondozo
|-damage|p1a: Dondozo|65/100
|-status|p1a: Dondozo|tox
|-start|p1a: Dondozo|confusion|[from] ability: Poison Puppeteer|[of] p2a: Pecharunt
|-activate|p1a: Dondozo|confusion
|-damage|p1a: Dondozo|59/100 tox|[from] confusion
|
|-heal|p1a: Dondozo|66/100 tox|[from] item: Leftovers
|-damage|p1a: Dondozo|59/100 tox|[from] psn
|upkeep
|turn|20
|
|t:|1757917466
|move|p2a: Pecharunt|Malignant Chain|p1a: Dondozo
|-damage|p1a: Dondozo|21/100 tox
|-activate|p1a: Dondozo|confusion
|move|p1a: Dondozo|Liquidation|p2a: Pecharunt
|-damage|p2a: Pecharunt|75/100
|-enditem|p2a: Pecharunt|Air Balloon
|
|-heal|p1a: Dondozo|27/100 tox|[from] item: Leftovers
|-damage|p1a: Dondozo|15/100 tox|[from] psn
|upkeep
|turn|21
|-message|Vlazphemy forfeited.
|
|win|KycPzilinG
|raw|Vlazphemy's rating: 1272 &rarr; <strong>1248</strong><br />(-24 for losing)
|raw|KycPzilinG's rating: 1286 &rarr; <strong>1310</strong><br />(+24 for winning)
|l|☆Vlazphemy
|player|p1|
|l|☆KycPzilinG
|player|p2|
