|j|☆Deep Dark Forest
|j|☆jeet999
|t:|1757837702
|gametype|singles
|player|p1|Deep Dark Forest|#scl1spartans|1584
|player|p2|jeet999|cynthia-masters|1584
|gen|9
|tier|[Gen 9] OU
|rated|
|rule|HP Percentage Mod: HP is shown in percentages
|rule|Endless Battle Clause: Forcing endless battles is banned
|rule|Species Clause: Limit one of each Pokémon
|rule|OHKO Clause: OHKO moves are banned
|rule|Evasion Items Clause: Evasion items are banned
|rule|Evasion Moves Clause: Evasion moves are banned
|rule|Evasion Abilities Clause: Evasion abilities are banned
|rule|Sleep Moves Clause: Sleep-inducing moves are banned
|clearpoke
|poke|p1|Lokix, M|
|poke|p1|Zamazenta-*|
|poke|p1|Ting-Lu|
|poke|p1|Latios, M|
|poke|p1|Skarmory, M|
|poke|p1|Slowking-Galar, F|
|poke|p2|Indeedee, M|
|poke|p2|Hatterene, F|
|poke|p2|Ursaluna, F|
|poke|p2|Iron Hands|
|poke|p2|Hoopa-Unbound|
|poke|p2|Mimikyu, F|
|teampreview
|inactive|Battle timer is ON: inactive players will automatically lose when time's up. (requested by jeet999)
|inactive|Deep Dark Forest has 120 seconds left.
|inactive|jeet999 has 120 seconds left.
|c|☆jeet999|how did you get the icon?
|inactive|Deep Dark Forest has 90 seconds left.
|c|☆Deep Dark Forest|from a smogon tour thing
|
|t:|1757837791
|teamsize|p1|6
|teamsize|p2|6
|start
|switch|p1a: Latios|Latios, M|100/100
|switch|p2a: LEBRON|Iron Hands, shiny|100/100
|-enditem|p2a: LEBRON|Booster Energy
|-activate|p2a: LEBRON|ability: Quark Drive|[fromitem]
|-start|p2a: LEBRON|quarkdriveatk
|turn|1
|
|t:|1757837806
|-end|p2a: LEBRON|Quark Drive|[silent]
|switch|p2a: Subaru|Indeedee, M, shiny|100/100
|-fieldstart|move: Psychic Terrain|[from] ability: Psychic Surge|[of] p2a: Subaru
|move|p1a: Latios|Luster Purge|p2a: Subaru
|-resisted|p2a: Subaru
|-damage|p2a: Subaru|66/100
|
|upkeep
|turn|2
|
|t:|1757837814
|move|p1a: Latios|Draco Meteor|p2a: Subaru
|-damage|p2a: Subaru|0 fnt
|-unboost|p1a: Latios|spa|2
|faint|p2a: Subaru
|
|upkeep
|
|t:|1757837824
|switch|p2a: King Von|Hoopa-Unbound|100/100
|-enditem|p2a: King Von|Psychic Seed
|-boost|p2a: King Von|spd|1|[from] item: Psychic Seed
|turn|3
|
|t:|1757837848
|switch|p1a: Ting-Lu|Ting-Lu|100/100
|-ability|p1a: Ting-Lu|Vessel of Ruin
|move|p2a: King Von|Trick Room|p2a: King Von
|-fieldstart|move: Trick Room|[of] p2a: King Von
|
|upkeep
|turn|4
|
|t:|1757837864
|move|p1a: Ting-Lu|Ruination|p2a: King Von
|-damage|p2a: King Von|51/100
|move|p2a: King Von|Focus Blast|p1a: Ting-Lu
|-supereffective|p1a: Ting-Lu
|-damage|p1a: Ting-Lu|60/100
|-item|p2a: King Von|Leftovers|[from] ability: Magician|[of] p1a: Ting-Lu
|
|-heal|p2a: King Von|57/100|[from] item: Leftovers
|upkeep
|turn|5
|
|t:|1757837874
|move|p1a: Ting-Lu|Earthquake|p2a: King Von
|-damage|p2a: King Von|12/100
|move|p2a: King Von|Focus Blast|p1a: Ting-Lu
|-supereffective|p1a: Ting-Lu
|-damage|p1a: Ting-Lu|18/100
|
|-heal|p2a: King Von|18/100|[from] item: Leftovers
|upkeep
|turn|6
|
|t:|1757837887
|move|p1a: Ting-Lu|Stealth Rock|p2a: King Von
|-sidestart|p2: jeet999|move: Stealth Rock
|move|p2a: King Von|Hyperspace Fury|p1a: Ting-Lu
|-resisted|p1a: Ting-Lu
|-damage|p1a: Ting-Lu|3/100
|-unboost|p2a: King Von|def|1
|
|-heal|p2a: King Von|24/100|[from] item: Leftovers
|upkeep
|turn|7
|
|t:|1757837894
|move|p1a: Ting-Lu|Earthquake|p2a: King Von
|-damage|p2a: King Von|0 fnt
|faint|p2a: King Von
|
|-fieldend|move: Trick Room
|upkeep
|
|t:|1757837900
|switch|p2a: Satella|Hatterene, F, shiny|100/100
|-damage|p2a: Satella|88/100|[from] Stealth Rock
|turn|8
|
|t:|1757837910
|move|p1a: Ting-Lu|Earthquake|p2a: Satella
|-damage|p2a: Satella|47/100
|move|p2a: Satella|Trick Room|p2a: Satella
|-fieldstart|move: Trick Room|[of] p2a: Satella
|
|-fieldend|move: Psychic Terrain
|upkeep
|turn|9
|
|t:|1757837916
|move|p2a: Satella|Draining Kiss|p1a: Ting-Lu
|-supereffective|p1a: Ting-Lu
|-damage|p1a: Ting-Lu|0 fnt
|-heal|p2a: Satella|49/100|[from] drain|[of] p1a: Ting-Lu
|faint|p1a: Ting-Lu
|-damage|p2a: Satella|39/100|[from] item: Life Orb
|
|upkeep
|
|t:|1757837928
|switch|p1a: Lokix|Lokix, M|100/100
|turn|10
|
|t:|1757837936
|move|p1a: Lokix|First Impression|p2a: Satella
|-crit|p2a: Satella
|-damage|p2a: Satella|0 fnt
|faint|p2a: Satella
|
|upkeep
|
|t:|1757837943
|switch|p2a: Crashout YN|Ursaluna, F, shiny|100/100
|-damage|p2a: Crashout YN|94/100|[from] Stealth Rock
|turn|11
|
|t:|1757837950
|move|p2a: Crashout YN|Supercell Slam|p1a: Lokix
|-damage|p1a: Lokix|44/100
|move|p1a: Lokix|Knock Off|p2a: Crashout YN
|-damage|p2a: Crashout YN|64/100
|-enditem|p2a: Crashout YN|Flame Orb|[from] move: Knock Off|[of] p1a: Lokix
|
|upkeep
|turn|12
|-message|jeet999 forfeited.
|
|win|Deep Dark Forest
|raw|Deep Dark Forest's rating: 1584 &rarr; <strong>1604</strong><br />(+20 for winning)
|raw|jeet999's rating: 1584 &rarr; <strong>1564</strong><br />(-20 for losing)
|l|☆jeet999
|player|p2|
|l|☆Deep Dark Forest
|player|p1|
