|j|☆ProfSheen
|j|☆hongbong
|t:|1757911900
|gametype|singles
|player|p1|ProfSheen|169|1505
|player|p2|hongbong|n|1446
|gen|9
|tier|[Gen 9] OU
|rated|
|rule|HP Percentage Mod: HP is shown in percentages
|rule|Endless Battle Clause: Forcing endless battles is banned
|rule|Species Clause: Limit one of each Pokémon
|rule|OHKO Clause: OHKO moves are banned
|rule|Evasion Items Clause: Evasion items are banned
|rule|Evasion Moves Clause: Evasion moves are banned
|rule|Evasion Abilities Clause: Evasion abilities are banned
|rule|Sleep Moves Clause: Sleep-inducing moves are banned
|clearpoke
|poke|p1|Ursaluna, M|
|poke|p1|Cresselia, F|
|poke|p1|Grimmsnarl, M|
|poke|p1|Zamazenta-*|
|poke|p1|Sinistcha-Masterpiece|
|poke|p1|Tentacruel, M|
|poke|p2|Blaziken, F|
|poke|p2|Tentacruel, F|
|poke|p2|Zoroark-Hisui, F|
|poke|p2|Lycanroc-Dusk, F|
|poke|p2|Ogerpon, F|
|poke|p2|Hoopa-Unbound|
|teampreview
|
|t:|1757911934
|teamsize|p1|6
|teamsize|p2|6
|start
|switch|p1a: Grimmsnarl|Grimmsnarl, M, shiny|100/100
|switch|p2a: Tentacruel|Tentacruel, F|100/100
|turn|1
|inactive|Battle timer is ON: inactive players will automatically lose when time's up. (requested by hongbong)
|
|t:|1757911943
|move|p1a: Grimmsnarl|Parting Shot|p2a: Tentacruel
|-fail|p2a: Tentacruel|unboost|[from] ability: Clear Body|[of] p2a: Tentacruel
|move|p2a: Tentacruel|Sludge Bomb|p1a: Grimmsnarl
|-supereffective|p1a: Grimmsnarl
|-damage|p1a: Grimmsnarl|46/100
|-status|p1a: Grimmsnarl|psn
|
|-damage|p1a: Grimmsnarl|33/100 psn|[from] psn
|upkeep
|turn|2
|
|t:|1757911951
|move|p1a: Grimmsnarl|Trick|p2a: Tentacruel
|-activate|p1a: Grimmsnarl|move: Trick|[of] p2a: Tentacruel
|-item|p2a: Tentacruel|Lagging Tail|[from] move: Trick
|-item|p1a: Grimmsnarl|Assault Vest|[from] move: Trick
|move|p2a: Tentacruel|Sludge Bomb|p1a: Grimmsnarl
|-supereffective|p1a: Grimmsnarl
|-damage|p1a: Grimmsnarl|0 fnt
|faint|p1a: Grimmsnarl
|
|upkeep
|
|t:|1757911957
|switch|p1a: Ursaluna|Ursaluna, M, shiny|100/100
|turn|3
|
|t:|1757911968
|move|p1a: Ursaluna|Supercell Slam|p2a: Tentacruel
|-supereffective|p2a: Tentacruel
|-damage|p2a: Tentacruel|13/100
|move|p2a: Tentacruel|Flip Turn|p1a: Ursaluna
|-supereffective|p1a: Ursaluna
|-damage|p1a: Ursaluna|81/100
|
|t:|1757911973
|switch|p2a: Ogerpon|Ogerpon, F|100/100|[from] Flip Turn
|
|-status|p1a: Ursaluna|brn|[from] item: Flame Orb
|upkeep
|turn|4
|
|t:|1757911991
|switch|p1a: Sinistcha|Sinistcha-Masterpiece, shiny|100/100
|move|p2a: Ogerpon|Ivy Cudgel|p1a: Sinistcha
|-resisted|p1a: Sinistcha
|-damage|p1a: Sinistcha|72/100
|
|upkeep
|turn|5
|
|t:|1757911999
|switch|p2a: Tentacruel|Tentacruel, F|13/100
|move|p1a: Sinistcha|Strength Sap|p2a: Tentacruel
|-fail|p2a: Tentacruel|unboost|[from] ability: Clear Body|[of] p2a: Tentacruel
|-heal|p1a: Sinistcha|100/100
|
|upkeep
|turn|6
|
|t:|1757912002
|move|p1a: Sinistcha|Matcha Gotcha|p2a: Tentacruel
|-damage|p2a: Tentacruel|0 fnt
|faint|p2a: Tentacruel
|
|upkeep
|
|t:|1757912005
|switch|p2a: Blaziken|Blaziken, F|100/100
|turn|7
|
|t:|1757912010
|move|p2a: Blaziken|Knock Off|p1a: Sinistcha
|-supereffective|p1a: Sinistcha
|-damage|p1a: Sinistcha|45/100
|-enditem|p1a: Sinistcha|Heavy-Duty Boots|[from] move: Knock Off|[of] p2a: Blaziken
|move|p1a: Sinistcha|Iron Defense|p1a: Sinistcha
|-boost|p1a: Sinistcha|def|2
|
|-ability|p2a: Blaziken|Speed Boost|boost
|-boost|p2a: Blaziken|spe|1
|upkeep
|turn|8
|
|t:|1757912017
|switch|p2a: Ogerpon|Ogerpon, F|100/100
|move|p1a: Sinistcha|Strength Sap|p2a: Ogerpon
|-unboost|p2a: Ogerpon|atk|1
|-ability|p2a: Ogerpon|Defiant|boost
|-boost|p2a: Ogerpon|atk|2
|-heal|p1a: Sinistcha|100/100
|
|upkeep
|turn|9
|
|t:|1757912022
|move|p2a: Ogerpon|Knock Off|p1a: Sinistcha
|-supereffective|p1a: Sinistcha
|-damage|p1a: Sinistcha|64/100
|move|p1a: Sinistcha|Shadow Ball|p2a: Ogerpon
|-damage|p2a: Ogerpon|63/100
|
|upkeep
|turn|10
|
|t:|1757912026
|switch|p2a: Lycanroc|Lycanroc-Dusk, F|100/100
|move|p1a: Sinistcha|Shadow Ball|p2a: Lycanroc
|-immune|p2a: Lycanroc
|
|upkeep
|turn|11
|
|t:|1757912037
|switch|p1a: Ursaluna|Ursaluna, M, shiny|81/100 brn
|move|p2a: Lycanroc|Shadow Ball|p1a: Ursaluna
|-immune|p1a: Ursaluna
|
|-damage|p1a: Ursaluna|75/100 brn|[from] brn
|upkeep
|turn|12
|
|t:|1757912050
|switch|p2a: Lycanroc|Lycanroc-Dusk, F|100/100
|switch|p1a: Tentacruel|Tentacruel, M|100/100
|
|upkeep
|turn|13
|
|t:|1757912056
|switch|p2a: Hoopa|Hoopa-Unbound|100/100
|move|p1a: Tentacruel|Flip Turn|p2a: Hoopa
|-crit|p2a: Hoopa
|-damage|p2a: Hoopa|66/100
|
|t:|1757912074
|switch|p1a: Ursaluna|Ursaluna, M, shiny|75/100 brn|[from] Flip Turn
|
|-damage|p1a: Ursaluna|69/100 brn|[from] brn
|upkeep
|turn|14
|
|t:|1757912077
|move|p2a: Hoopa|Focus Blast|p1a: Ursaluna
|-supereffective|p1a: Ursaluna
|-damage|p1a: Ursaluna|0 fnt
|faint|p1a: Ursaluna
|
|upkeep
|
|t:|1757912081
|switch|p1a: Zamazenta|Zamazenta, shiny|100/100
|-ability|p1a: Zamazenta|Dauntless Shield|boost
|-boost|p1a: Zamazenta|def|1
|turn|15
|
|t:|1757912087
|-terastallize|p1a: Zamazenta|Steel
|move|p1a: Zamazenta|Iron Defense|p1a: Zamazenta
|-boost|p1a: Zamazenta|def|2
|move|p2a: Hoopa|Focus Blast|p1a: Zamazenta
|-supereffective|p1a: Zamazenta
|-damage|p1a: Zamazenta|27/100
|
|-heal|p1a: Zamazenta|33/100|[from] item: Leftovers
|upkeep
|turn|16
|
|t:|1757912093
|move|p1a: Zamazenta|Body Press|p2a: Hoopa
|-damage|p2a: Hoopa|0 fnt
|faint|p2a: Hoopa
|
|-heal|p1a: Zamazenta|40/100|[from] item: Leftovers
|upkeep
|
|t:|1757912101
|switch|p2a: Blaziken|Blaziken, F|100/100
|turn|17
|
|t:|1757912105
|move|p1a: Zamazenta|Body Press|p2a: Blaziken
|-immune|p2a: Blaziken
|move|p2a: Blaziken|Shadow Ball|p1a: Zamazenta
|-damage|p1a: Zamazenta|0 fnt
|faint|p1a: Zamazenta
|
|upkeep
|
|t:|1757912114
|switch|p1a: Tentacruel|Tentacruel, M|100/100
|turn|18
|
|t:|1757912122
|switch|p2a: Blaziken|Blaziken, F|100/100
|move|p1a: Tentacruel|Rapid Spin|p2a: Blaziken
|-damage|p2a: Blaziken|89/100
|-boost|p1a: Tentacruel|spe|1
|
|upkeep
|turn|19
|
|t:|1757912126
|move|p1a: Tentacruel|Hydro Pump|p2a: Blaziken
|-supereffective|p2a: Blaziken
|-damage|p2a: Blaziken|0 fnt
|faint|p2a: Blaziken
|
|upkeep
|
|t:|1757912131
|switch|p2a: Ogerpon|Ogerpon, F|63/100
|turn|20
|
|t:|1757912134
|-terastallize|p2a: Ogerpon|Grass
|detailschange|p2a: Ogerpon|Ogerpon-Teal-Tera, F, tera:Grass
|-ability|p2a: Ogerpon|Embody Aspect (Teal)|boost
|-boost|p2a: Ogerpon|spe|1
|move|p2a: Ogerpon|Ivy Cudgel|p1a: Tentacruel
|-crit|p1a: Tentacruel
|-damage|p1a: Tentacruel|0 fnt
|faint|p1a: Tentacruel
|
|upkeep
|
|t:|1757912141
|switch|p1a: Sinistcha|Sinistcha-Masterpiece, shiny|64/100
|turn|21
|
|t:|1757912148
|move|p2a: Ogerpon|Ivy Cudgel|p1a: Sinistcha
|-resisted|p1a: Sinistcha
|-damage|p1a: Sinistcha|27/100
|move|p1a: Sinistcha|Strength Sap|p2a: Ogerpon
|-unboost|p2a: Ogerpon|atk|1
|-heal|p1a: Sinistcha|100/100
|
|upkeep
|turn|22
|
|t:|1757912150
|move|p2a: Ogerpon|Ivy Cudgel|p1a: Sinistcha
|-resisted|p1a: Sinistcha
|-damage|p1a: Sinistcha|78/100
|move|p1a: Sinistcha|Iron Defense|p1a: Sinistcha
|-boost|p1a: Sinistcha|def|2
|
|upkeep
|turn|23
|
|t:|1757912155
|switch|p2a: Ogerpon|Ogerpon-Teal-Tera, F|100/100
|move|p1a: Sinistcha|Shadow Ball|p2a: Ogerpon
|-immune|p2a: Ogerpon
|
|upkeep
|turn|24
|
|t:|1757912161
|switch|p1a: Cresselia|Cresselia, F|100/100
|move|p2a: Ogerpon|Shadow Ball|p1a: Cresselia
|-supereffective|p1a: Cresselia
|-damage|p1a: Cresselia|26/100
|-unboost|p1a: Cresselia|spd|1
|-enditem|p1a: Cresselia|Red Card|[of] p2a: Ogerpon
|drag|p2a: Ogerpon|Ogerpon-Teal-Tera, F, tera:Grass|63/100
|-ability|p2a: Ogerpon|Embody Aspect (Teal)|boost
|-boost|p2a: Ogerpon|spe|1
|
|upkeep
|turn|25
|
|t:|1757912166
|move|p2a: Ogerpon|U-turn|p1a: Cresselia
|-supereffective|p1a: Cresselia
|-damage|p1a: Cresselia|0 fnt
|faint|p1a: Cresselia
|
|t:|1757912168
|switch|p2a: Ogerpon|Ogerpon-Teal-Tera, F|100/100|[from] U-turn
|
|upkeep
|
|t:|1757912170
|switch|p1a: Sinistcha|Sinistcha-Masterpiece, shiny|78/100
|turn|26
|
|t:|1757912175
|move|p2a: Ogerpon|Shadow Ball|p1a: Sinistcha
|-supereffective|p1a: Sinistcha
|-damage|p1a: Sinistcha|0 fnt
|faint|p1a: Sinistcha
|
|win|hongbong
|raw|ProfSheen's rating: 1505 &rarr; <strong>1482</strong><br />(-23 for losing)
|raw|hongbong's rating: 1446 &rarr; <strong>1469</strong><br />(+23 for winning)
|l|☆ProfSheen
|player|p1|
|l|☆hongbong
|player|p2|
