|j|☆Master of voltage
|j|☆jumbolino
|t:|1757818298
|gametype|singles
|player|p1|Master of voltage|170|1055
|player|p2|jumbolino|2|1020
|gen|9
|tier|[Gen 9] OU
|rated|
|rule|HP Percentage Mod: HP is shown in percentages
|rule|Endless Battle Clause: Forcing endless battles is banned
|rule|Species Clause: Limit one of each Pokémon
|rule|OHKO Clause: OHKO moves are banned
|rule|Evasion Items Clause: Evasion items are banned
|rule|Evasion Moves Clause: Evasion moves are banned
|rule|Evasion Abilities Clause: Evasion abilities are banned
|rule|Sleep Moves Clause: Sleep-inducing moves are banned
|clearpoke
|poke|p1|Kingambit, M|
|poke|p1|Raging Bolt|
|poke|p1|Glimmora, F|
|poke|p1|Iron Valiant|
|poke|p1|Ogerpon-Wellspring, F|
|poke|p1|Meowscarada, F|
|poke|p2|Slowking-Galar, M|
|poke|p2|Skarmory, F|
|poke|p2|Sableye, F|
|poke|p2|Iron Moth|
|poke|p2|Pecharunt|
|poke|p2|Coalossal, M|
|teampreview
|
|t:|1757818304
|teamsize|p1|6
|teamsize|p2|6
|start
|switch|p1a: Glimmora|Glimmora, F|100/100
|switch|p2a: Pecharunt|Pecharunt|100/100
|turn|1
|
|t:|1757818312
|switch|p2a: Coalossal|Coalossal, M|100/100
|move|p1a: Glimmora|Stealth Rock|p2a: Coalossal
|-sidestart|p2: jumbolino|move: Stealth Rock
|
|upkeep
|turn|2
|
|t:|1757818323
|move|p1a: Glimmora|Mortal Spin|p2a: Coalossal
|-resisted|p2a: Coalossal
|-damage|p2a: Coalossal|99/100
|-status|p2a: Coalossal|psn
|move|p2a: Coalossal|Will-O-Wisp|p1a: Glimmora
|-status|p1a: Glimmora|brn
|
|-heal|p2a: Coalossal|100/100 psn|[from] item: Leftovers
|-damage|p2a: Coalossal|88/100 psn|[from] psn
|-damage|p1a: Glimmora|94/100 brn|[from] brn
|upkeep
|turn|3
|
|t:|1757818337
|switch|p1a: Ogerpon|Ogerpon-Wellspring, F|100/100
|move|p2a: Coalossal|Rapid Spin|p1a: Ogerpon
|-damage|p1a: Ogerpon|89/100
|-boost|p2a: Coalossal|spe|1
|-sideend|p2: jumbolino|Stealth Rock|[from] move: Rapid Spin|[of] p2a: Coalossal
|
|-heal|p2a: Coalossal|94/100 psn|[from] item: Leftovers
|-damage|p2a: Coalossal|82/100 psn|[from] psn
|upkeep
|turn|4
|
|t:|1757818349
|-terastallize|p2a: Coalossal|Steel
|move|p1a: Ogerpon|Ivy Cudgel|p2a: Coalossal|[anim] Ivy Cudgel Water
|-damage|p2a: Coalossal|51/100 psn
|move|p2a: Coalossal|Explosion|p1a: Ogerpon
|-damage|p1a: Ogerpon|24/100
|faint|p2a: Coalossal
|
|upkeep
|
|t:|1757818362
|switch|p2a: Pecharunt|Pecharunt|100/100
|turn|5
|
|t:|1757818376
|switch|p1a: Kingambit|Kingambit, M|100/100
|move|p2a: Pecharunt|Malignant Chain|p1a: Kingambit
|-immune|p1a: Kingambit
|
|upkeep
|turn|6
|
|t:|1757818384
|switch|p2a: Slowking|Slowking-Galar, M|100/100
|move|p1a: Kingambit|Kowtow Cleave|p2a: Slowking
|-supereffective|p2a: Slowking
|-damage|p2a: Slowking|0 fnt
|faint|p2a: Slowking
|
|upkeep
|
|t:|1757818396
|switch|p2a: Iron Moth|Iron Moth|100/100
|-enditem|p2a: Iron Moth|Booster Energy
|-activate|p2a: Iron Moth|ability: Quark Drive|[fromitem]
|-start|p2a: Iron Moth|quarkdrivespa
|turn|7
|
|t:|1757818402
|-end|p1a: Kingambit|fallenundefined|[silent]
|switch|p1a: Ogerpon|Ogerpon-Wellspring, F|24/100
|move|p2a: Iron Moth|Flare Blitz|p1a: Ogerpon
|-crit|p1a: Ogerpon
|-damage|p1a: Ogerpon|0 fnt
|faint|p1a: Ogerpon
|-damage|p2a: Iron Moth|93/100|[from] Recoil
|
|upkeep
|
|t:|1757818408
|switch|p1a: Iron Valiant|Iron Valiant|100/100
|turn|8
|
|t:|1757818414
|-end|p2a: Iron Moth|Quark Drive|[silent]
|switch|p2a: Skarmory|Skarmory, F|100/100
|move|p1a: Iron Valiant|Shadow Ball|p2a: Skarmory
|-damage|p2a: Skarmory|48/100
|-unboost|p2a: Skarmory|spd|1
|
|upkeep
|turn|9
|
|t:|1757818425
|move|p1a: Iron Valiant|Shadow Ball|p2a: Skarmory
|-damage|p2a: Skarmory|0 fnt
|faint|p2a: Skarmory
|
|upkeep
|-message|jumbolino forfeited.
|
|win|Master of voltage
|raw|Master of voltage's rating: 1055 &rarr; <strong>1084</strong><br />(+29 for winning)
|raw|jumbolino's rating: 1020 &rarr; <strong>1008</strong><br />(-12 for losing)
|l|☆jumbolino
|player|p2|
