|j|☆Clwredemption
|j|☆Turducken64
|t:|1757823001
|gametype|singles
|player|p1|Clwredemption|266|1506
|player|p2|Turducken64|hiker-gen4|1564
|gen|9
|tier|[Gen 9] OU
|rated|
|rule|HP Percentage Mod: HP is shown in percentages
|rule|Endless Battle Clause: Forcing endless battles is banned
|rule|Species Clause: Limit one of each Pokémon
|rule|OHKO Clause: OHKO moves are banned
|rule|Evasion Items Clause: Evasion items are banned
|rule|Evasion Moves Clause: Evasion moves are banned
|rule|Evasion Abilities Clause: Evasion abilities are banned
|rule|Sleep Moves Clause: Sleep-inducing moves are banned
|clearpoke
|poke|p1|Dragonite, M|
|poke|p1|Ting-Lu|
|poke|p1|Iron Moth|
|poke|p1|Iron Valiant|
|poke|p1|Kyurem|
|poke|p1|Gholdengo|
|poke|p2|Alomomola, M|
|poke|p2|Iron Hands|
|poke|p2|Sinistcha|
|poke|p2|Gliscor, M|
|poke|p2|Iron Treads|
|poke|p2|Latios, M|
|teampreview
|inactive|Battle timer is ON: inactive players will automatically lose when time's up. (requested by Turducken64)
|
|t:|1757823016
|teamsize|p1|6
|teamsize|p2|6
|start
|switch|p1a: Ting-Lu|Ting-Lu|100/100
|switch|p2a: Gliscor|Gliscor, M|100/100
|-ability|p1a: Ting-Lu|Vessel of Ruin
|turn|1
|
|t:|1757823025
|move|p2a: Gliscor|Spikes|p1a: Ting-Lu
|-sidestart|p1: Clwredemption|Spikes
|move|p1a: Ting-Lu|Stealth Rock|p2a: Gliscor
|-sidestart|p2: Turducken64|move: Stealth Rock
|
|-status|p2a: Gliscor|tox|[from] item: Toxic Orb
|upkeep
|turn|2
|
|t:|1757823032
|switch|p1a: Kyurem|Kyurem|100/100
|-damage|p1a: Kyurem|88/100|[from] Spikes
|-ability|p1a: Kyurem|Pressure
|move|p2a: Gliscor|Knock Off|p1a: Kyurem
|-damage|p1a: Kyurem|70/100
|-enditem|p1a: Kyurem|Loaded Dice|[from] move: Knock Off|[of] p2a: Gliscor
|
|upkeep
|turn|3
|
|t:|1757823043
|switch|p2a: Alomomola|Alomomola, M|100/100
|move|p1a: Kyurem|Dragon Dance|p1a: Kyurem
|-boost|p1a: Kyurem|atk|1
|-boost|p1a: Kyurem|spe|1
|
|upkeep
|turn|4
|
|t:|1757823045
|move|p1a: Kyurem|Dragon Dance|p1a: Kyurem
|-boost|p1a: Kyurem|atk|1
|-boost|p1a: Kyurem|spe|1
|move|p2a: Alomomola|Scald|p1a: Kyurem
|-resisted|p1a: Kyurem
|-damage|p1a: Kyurem|63/100
|-status|p1a: Kyurem|brn
|
|-damage|p1a: Kyurem|57/100 brn|[from] brn
|upkeep
|turn|5
|
|t:|1757823061
|move|p1a: Kyurem|Scale Shot|p2a: Alomomola
|-damage|p2a: Alomomola|92/100
|-damage|p2a: Alomomola|83/100
|-damage|p2a: Alomomola|75/100
|-hitcount|p2a: Alomomola|3
|-unboost|p1a: Kyurem|def|1
|-boost|p1a: Kyurem|spe|1
|move|p2a: Alomomola|Wish|p2a: Alomomola
|
|-damage|p1a: Kyurem|51/100 brn|[from] brn
|upkeep
|turn|6
|
|t:|1757823073
|switch|p1a: Ting-Lu|Ting-Lu|100/100
|-damage|p1a: Ting-Lu|88/100|[from] Spikes
|-ability|p1a: Ting-Lu|Vessel of Ruin
|move|p2a: Alomomola|Flip Turn|p1a: Ting-Lu
|-supereffective|p1a: Ting-Lu
|-damage|p1a: Ting-Lu|69/100
|-damage|p2a: Alomomola|58/100|[from] item: Rocky Helmet|[of] p1a: Ting-Lu
|
|t:|1757823076
|switch|p2a: Gliscor|Gliscor, M|100/100 tox|[from] Flip Turn
|-damage|p2a: Gliscor|88/100 tox|[from] Stealth Rock
|
|-heal|p2a: Gliscor|100/100 tox|[from] move: Wish|[wisher] Alomomola
|upkeep
|turn|7
|
|t:|1757823082
|move|p2a: Gliscor|Spikes|p1a: Ting-Lu
|-sidestart|p1: Clwredemption|Spikes
|move|p1a: Ting-Lu|Ruination|p2a: Gliscor
|-damage|p2a: Gliscor|50/100 tox
|
|-heal|p2a: Gliscor|63/100 tox|[from] ability: Poison Heal
|upkeep
|turn|8
|
|t:|1757823085
|switch|p1a: Kyurem|Kyurem|51/100 brn
|-damage|p1a: Kyurem|34/100 brn|[from] Spikes
|-ability|p1a: Kyurem|Pressure
|move|p2a: Gliscor|Spikes|p1a: Kyurem
|-sidestart|p1: Clwredemption|Spikes
|
|-heal|p2a: Gliscor|75/100 tox|[from] ability: Poison Heal
|-damage|p1a: Kyurem|28/100 brn|[from] brn
|upkeep
|turn|9
|-message|Clwredemption forfeited.
|
|win|Turducken64
|raw|Clwredemption's rating: 1506 &rarr; <strong>1489</strong><br />(-17 for losing)
|raw|Turducken64's rating: 1564 &rarr; <strong>1581</strong><br />(+17 for winning)
|l|☆Clwredemption
|player|p1|
|l|☆Turducken64
|player|p2|
