|j|☆KevinHaHa
|j|☆Iamgarbageee
|t:|1757899189
|gametype|singles
|player|p1|KevinHaHa|lucas|1402
|player|p2|Iamgarbageee|plumeria|1379
|gen|9
|tier|[Gen 9] OU
|rated|
|rule|HP Percentage Mod: HP is shown in percentages
|rule|Endless Battle Clause: Forcing endless battles is banned
|rule|Species Clause: Limit one of each Pokémon
|rule|OHKO Clause: OHKO moves are banned
|rule|Evasion Items Clause: Evasion items are banned
|rule|Evasion Moves Clause: Evasion moves are banned
|rule|Evasion Abilities Clause: Evasion abilities are banned
|rule|Sleep Moves Clause: Sleep-inducing moves are banned
|clearpoke
|poke|p1|Grimmsnarl, M|
|poke|p1|Araquanid, M|
|poke|p1|Pecharunt|
|poke|p1|Gholdengo|
|poke|p1|Dragapult, M|
|poke|p1|Kingambit, M|
|poke|p2|Slowking-Galar, M|
|poke|p2|Volcanion|
|poke|p2|Ursaluna, M|
|poke|p2|Scizor, M|
|poke|p2|Glastrier|
|poke|p2|Hatterene, F|
|teampreview
|inactive|Battle timer is ON: inactive players will automatically lose when time's up. (requested by Iamgarbageee)
|
|t:|1757899204
|teamsize|p1|6
|teamsize|p2|6
|start
|switch|p1a: Araquanid|Araquanid, M, shiny|100/100
|switch|p2a: Lil ladee|Hatterene, F, shiny|100/100
|turn|1
|
|t:|1757899210
|move|p1a: Araquanid|Surf|p2a: Lil ladee
|-damage|p2a: Lil ladee|40/100
|move|p2a: Lil ladee|Trick Room|p2a: Lil ladee
|-fieldstart|move: Trick Room|[of] p2a: Lil ladee
|
|-heal|p2a: Lil ladee|46/100|[from] item: Leftovers
|upkeep
|turn|2
|
|t:|1757899224
|switch|p2a: AssBlastToilet|Volcanion|100/100
|move|p1a: Araquanid|Surf|p2a: AssBlastToilet
|-immune|p2a: AssBlastToilet|[from] ability: Water Absorb
|
|upkeep
|turn|3
|
|t:|1757899238
|move|p1a: Araquanid|Sticky Web|p2a: AssBlastToilet
|-sidestart|p2: Iamgarbageee|move: Sticky Web
|move|p2a: AssBlastToilet|Sludge Wave|p1a: Araquanid
|-damage|p1a: Araquanid|54/100
|
|upkeep
|turn|4
|
|t:|1757899250
|switch|p2a: Gayleb Williams|Ursaluna, M, shiny|100/100
|-activate|p2a: Gayleb Williams|move: Sticky Web
|-unboost|p2a: Gayleb Williams|spe|1
|move|p1a: Araquanid|Mirror Coat||[still]
|-fail|p1a: Araquanid
|
|-status|p2a: Gayleb Williams|brn|[from] item: Flame Orb
|upkeep
|turn|5
|
|t:|1757899259
|move|p2a: Gayleb Williams|Supercell Slam|p1a: Araquanid
|-supereffective|p1a: Araquanid
|-damage|p1a: Araquanid|0 fnt
|faint|p1a: Araquanid
|
|-damage|p2a: Gayleb Williams|94/100 brn|[from] brn
|-fieldend|move: Trick Room
|upkeep
|
|t:|1757899269
|switch|p1a: Grimmsnarl|Grimmsnarl, M, shiny|100/100
|turn|6
|
|t:|1757899272
|switch|p2a: Lil ladee|Hatterene, F, shiny|46/100
|-activate|p2a: Lil ladee|move: Sticky Web
|-unboost|p2a: Lil ladee|spe|1
|move|p1a: Grimmsnarl|Reflect|p1a: Grimmsnarl
|-sidestart|p1: KevinHaHa|Reflect
|
|-heal|p2a: Lil ladee|52/100|[from] item: Leftovers
|upkeep
|turn|7
|
|t:|1757899280
|move|p1a: Grimmsnarl|Light Screen|p1a: Grimmsnarl
|-sidestart|p1: KevinHaHa|move: Light Screen
|move|p2a: Lil ladee|Trick Room|p2a: Lil ladee
|-fieldstart|move: Trick Room|[of] p2a: Lil ladee
|
|-heal|p2a: Lil ladee|58/100|[from] item: Leftovers
|upkeep
|turn|8
|
|t:|1757899292
|switch|p1a: Gholdengo|Gholdengo, shiny|100/100
|-item|p1a: Gholdengo|Air Balloon
|move|p2a: Lil ladee|Draining Kiss|p1a: Gholdengo
|-resisted|p1a: Gholdengo
|-crit|p1a: Gholdengo
|-damage|p1a: Gholdengo|78/100
|-heal|p2a: Lil ladee|78/100|[from] drain|[of] p1a: Gholdengo
|-enditem|p1a: Gholdengo|Air Balloon
|
|-heal|p2a: Lil ladee|84/100|[from] item: Leftovers
|upkeep
|turn|9
|
|t:|1757899302
|move|p2a: Lil ladee|Misty Explosion|p1a: Gholdengo
|-resisted|p1a: Gholdengo
|-damage|p1a: Gholdengo|63/100
|faint|p2a: Lil ladee
|move|p1a: Gholdengo|Nasty Plot|p1a: Gholdengo
|-boost|p1a: Gholdengo|spa|2
|
|upkeep
|
|t:|1757899308
|switch|p2a: AssBlastToilet|Volcanion|100/100
|-activate|p2a: AssBlastToilet|move: Sticky Web
|-unboost|p2a: AssBlastToilet|spe|1
|turn|10
|
|t:|1757899314
|move|p2a: AssBlastToilet|Earth Power|p1a: Gholdengo
|-supereffective|p1a: Gholdengo
|-crit|p1a: Gholdengo
|-damage|p1a: Gholdengo|0 fnt
|faint|p1a: Gholdengo
|
|upkeep
|
|t:|1757899320
|switch|p1a: Pecharunt|Pecharunt|100/100
|turn|11
|
|t:|1757899323
|move|p2a: AssBlastToilet|Earth Power|p1a: Pecharunt
|-supereffective|p1a: Pecharunt
|-damage|p1a: Pecharunt|49/100
|move|p1a: Pecharunt|Parting Shot|p2a: AssBlastToilet
|-unboost|p2a: AssBlastToilet|atk|1
|-unboost|p2a: AssBlastToilet|spa|1
|
|t:|1757899329
|switch|p1a: Grimmsnarl|Grimmsnarl, M, shiny|100/100|[from] Parting Shot
|
|-fieldend|move: Trick Room
|upkeep
|turn|12
|
|t:|1757899335
|switch|p2a: Chunkee|Slowking-Galar, M, shiny|100/100
|-activate|p2a: Chunkee|move: Sticky Web
|-unboost|p2a: Chunkee|spe|1
|move|p1a: Grimmsnarl|Parting Shot|p2a: Chunkee
|-unboost|p2a: Chunkee|atk|1
|-unboost|p2a: Chunkee|spa|1
|
|t:|1757899348
|switch|p1a: Kingambit|Kingambit, M, shiny|100/100|[from] Parting Shot
|-activate|p1a: Kingambit|ability: Supreme Overlord
|-start|p1a: Kingambit|fallen2|[silent]
|
|upkeep
|turn|13
|
|t:|1757899354
|-terastallize|p2a: Chunkee|Bug
|move|p1a: Kingambit|Swords Dance|p1a: Kingambit
|-boost|p1a: Kingambit|atk|2
|move|p2a: Chunkee|Trick Room|p2a: Chunkee
|-fieldstart|move: Trick Room|[of] p2a: Chunkee
|
|-sideend|p1: KevinHaHa|Reflect
|upkeep
|turn|14
|
|t:|1757899365
|-prepare|p2a: Chunkee|Chilly Reception|[premajor]
|move|p2a: Chunkee|Chilly Reception|p2a: Chunkee
|-weather|Snowscape
|
|t:|1757899368
|switch|p2a: Walmart Shimp|Scizor, M|100/100|[from] Chilly Reception
|-activate|p2a: Walmart Shimp|move: Sticky Web
|-unboost|p2a: Walmart Shimp|spe|1
|move|p1a: Kingambit|Kowtow Cleave|p2a: Walmart Shimp
|-damage|p2a: Walmart Shimp|0 fnt
|faint|p2a: Walmart Shimp
|
|-weather|Snowscape|[upkeep]
|-sideend|p1: KevinHaHa|move: Light Screen
|upkeep
|
|t:|1757899370
|switch|p2a: snowball|Glastrier|100/100
|-activate|p2a: snowball|move: Sticky Web
|-unboost|p2a: snowball|spe|1
|turn|15
|
|t:|1757899382
|-end|p1a: Kingambit|fallen2|[silent]
|switch|p1a: Pecharunt|Pecharunt|49/100
|move|p2a: snowball|High Horsepower|p1a: Pecharunt
|-supereffective|p1a: Pecharunt
|-damage|p1a: Pecharunt|14/100
|
|-weather|Snowscape|[upkeep]
|upkeep
|turn|16
|
|t:|1757899393
|switch|p1a: Grimmsnarl|Grimmsnarl, M, shiny|100/100
|move|p2a: snowball|Icicle Crash|p1a: Grimmsnarl
|-damage|p1a: Grimmsnarl|61/100
|
|-weather|Snowscape|[upkeep]
|upkeep
|turn|17
|
|t:|1757899399
|move|p1a: Grimmsnarl|Reflect|p1a: Grimmsnarl
|-sidestart|p1: KevinHaHa|Reflect
|move|p2a: snowball|Curse|p2a: snowball
|-unboost|p2a: snowball|spe|1
|-boost|p2a: snowball|atk|1
|-boost|p2a: snowball|def|1
|
|-weather|Snowscape|[upkeep]
|-fieldend|move: Trick Room
|upkeep
|turn|18
|
|t:|1757899406
|move|p1a: Grimmsnarl|Taunt|p2a: snowball
|-start|p2a: snowball|move: Taunt
|cant|p2a: snowball|move: Taunt|Curse
|
|-weather|none
|upkeep
|turn|19
|
|t:|1757899411
|move|p1a: Grimmsnarl|Light Screen|p1a: Grimmsnarl
|-sidestart|p1: KevinHaHa|move: Light Screen
|move|p2a: snowball|Icicle Crash|p1a: Grimmsnarl
|-damage|p1a: Grimmsnarl|27/100
|
|upkeep
|turn|20
|
|t:|1757899415
|move|p1a: Grimmsnarl|Parting Shot|p2a: snowball
|-unboost|p2a: snowball|atk|1
|-unboost|p2a: snowball|spa|1
|
|t:|1757899419
|switch|p1a: Pecharunt|Pecharunt|14/100|[from] Parting Shot
|move|p2a: snowball|High Horsepower|p1a: Pecharunt
|-supereffective|p1a: Pecharunt
|-damage|p1a: Pecharunt|0 fnt
|faint|p1a: Pecharunt
|-ability|p2a: snowball|Chilling Neigh|boost
|-boost|p2a: snowball|atk|1
|
|-end|p2a: snowball|move: Taunt
|upkeep
|
|t:|1757899433
|switch|p1a: Dragapult|Dragapult, M|100/100
|turn|21
|
|t:|1757899441
|-terastallize|p1a: Dragapult|Dragon
|move|p1a: Dragapult|Will-O-Wisp|p2a: snowball
|-status|p2a: snowball|brn
|move|p2a: snowball|Icicle Crash|p1a: Dragapult
|-supereffective|p1a: Dragapult
|-damage|p1a: Dragapult|43/100
|
|-damage|p2a: snowball|94/100 brn|[from] brn
|upkeep
|turn|22
|
|t:|1757899451
|move|p1a: Dragapult|Hex|p2a: snowball
|-damage|p2a: snowball|55/100 brn
|move|p2a: snowball|Icicle Crash|p1a: Dragapult
|-supereffective|p1a: Dragapult
|-damage|p1a: Dragapult|0 fnt
|faint|p1a: Dragapult
|-ability|p2a: snowball|Chilling Neigh|boost
|-boost|p2a: snowball|atk|1
|
|-damage|p2a: snowball|49/100 brn|[from] brn
|upkeep
|-message|KevinHaHa forfeited.
|
|win|Iamgarbageee
|raw|KevinHaHa's rating: 1402 &rarr; <strong>1381</strong><br />(-21 for losing)
|raw|Iamgarbageee's rating: 1379 &rarr; <strong>1400</strong><br />(+21 for winning)
|l|☆KevinHaHa
|player|p1|
|l|☆Iamgarbageee
|player|p2|
