|j|☆xyj7777
|j|☆itspaoloooo
|t:|1757904968
|gametype|singles
|player|p1|xyj7777|lucas|1170
|player|p2|itspaoloooo|hilbert-wonderlauncher|1129
|gen|9
|tier|[Gen 9] OU
|rated|
|rule|HP Percentage Mod: HP is shown in percentages
|rule|Endless Battle Clause: Forcing endless battles is banned
|rule|Species Clause: Limit one of each Pokémon
|rule|OHKO Clause: OHKO moves are banned
|rule|Evasion Items Clause: Evasion items are banned
|rule|Evasion Moves Clause: Evasion moves are banned
|rule|Evasion Abilities Clause: Evasion abilities are banned
|rule|Sleep Moves Clause: Sleep-inducing moves are banned
|clearpoke
|poke|p1|Cinderace, M|
|poke|p1|Dragonite, F|
|poke|p1|Corviknight, M|
|poke|p1|Landorus-Therian, M|
|poke|p1|Walking Wake|
|poke|p1|Pecharunt|
|poke|p2|Galvantula, M|
|poke|p2|Meganium, F|
|poke|p2|Sneasel, F|
|poke|p2|Donphan, M|
|poke|p2|Alomomola, F|
|poke|p2|Blaziken, M|
|teampreview
|inactive|Battle timer is ON: inactive players will automatically lose when time's up. (requested by itspaoloooo)
|
|t:|1757904977
|teamsize|p1|6
|teamsize|p2|6
|start
|switch|p1a: Landorus|Landorus-Therian, M|100/100
|switch|p2a: Galvantula|Galvantula, M|100/100
|-ability|p1a: Landorus|Intimidate|boost
|-unboost|p2a: Galvantula|atk|1
|turn|1
|
|t:|1757904984
|move|p2a: Galvantula|Sticky Web|p1a: Landorus
|-sidestart|p1: xyj7777|move: Sticky Web
|move|p1a: Landorus|Brick Break|p2a: Galvantula
|-resisted|p2a: Galvantula
|-damage|p2a: Galvantula|72/100
|
|upkeep
|turn|2
|
|t:|1757904999
|switch|p2a: Meganium|Meganium, F|100/100
|move|p1a: Landorus|Stealth Rock|p2a: Meganium
|-sidestart|p2: itspaoloooo|move: Stealth Rock
|
|upkeep
|turn|3
|inactive|xyj7777 has 120 seconds left.
|inactive|xyj7777 has 90 seconds left.
|inactive|xyj7777 has 60 seconds left.
|
|t:|1757905104
|move|p1a: Landorus|U-turn|p2a: Meganium
|-supereffective|p2a: Meganium
|-damage|p2a: Meganium|41/100
|-enditem|p2a: Meganium|Weakness Policy
|-boost|p2a: Meganium|atk|2|[from] item: Weakness Policy
|-boost|p2a: Meganium|spa|2|[from] item: Weakness Policy
|
|t:|1757905124
|switch|p1a: Corviknight|Corviknight, M|100/100|[from] U-turn
|move|p2a: Meganium|Trailblaze|p1a: Corviknight
|-resisted|p1a: Corviknight
|-damage|p1a: Corviknight|94/100
|-boost|p2a: Meganium|spe|1
|-damage|p2a: Meganium|24/100|[from] item: Rocky Helmet|[of] p1a: Corviknight
|
|upkeep
|turn|4
|
|t:|1757905140
|move|p2a: Meganium|Petal Blizzard|p1a: Corviknight
|-resisted|p1a: Corviknight
|-damage|p1a: Corviknight|77/100
|move|p1a: Corviknight|Defog|p2a: Meganium
|-unboost|p2a: Meganium|evasion|1
|-sideend|p2: itspaoloooo|Stealth Rock|[from] move: Defog|[of] p1a: Corviknight
|-sideend|p1: xyj7777|Sticky Web|[from] move: Defog|[of] p1a: Corviknight
|
|upkeep
|turn|5
|
|t:|1757905152
|move|p2a: Meganium|Earthquake|p1a: Corviknight
|-immune|p1a: Corviknight
|move|p1a: Corviknight|Body Press|p2a: Meganium
|-damage|p2a: Meganium|0 fnt
|faint|p2a: Meganium
|
|upkeep
|
|t:|1757905157
|switch|p2a: Sneasel|Sneasel, F, shiny|100/100
|turn|6
|
|t:|1757905172
|move|p1a: Corviknight|Body Press|p2a: Sneasel
|-supereffective|p2a: Sneasel
|-enditem|p2a: Sneasel|Focus Sash
|-damage|p2a: Sneasel|1/100
|-enditem|p1a: Corviknight|Rocky Helmet|[silent]|[from] ability: Pickpocket|[of] p1a: Corviknight
|-item|p2a: Sneasel|Rocky Helmet|[from] ability: Pickpocket|[of] p1a: Corviknight
|move|p2a: Sneasel|Counter|p1a: Corviknight
|-damage|p1a: Corviknight|0 fnt
|faint|p1a: Corviknight
|
|upkeep
|
|t:|1757905183
|switch|p1a: Dragonite|Dragonite, F|100/100
|turn|7
|
|t:|1757905193
|switch|p2a: Donphan|Donphan, M|100/100
|move|p1a: Dragonite|Extreme Speed|p2a: Donphan
|-damage|p2a: Donphan|70/100
|
|upkeep
|turn|8
|inactive|xyj7777 has 60 seconds left.
|
|t:|1757905214
|move|p1a: Dragonite|Ice Spinner|p2a: Donphan
|-supereffective|p2a: Donphan
|-damage|p2a: Donphan|15/100
|-enditem|p2a: Donphan|Liechi Berry|[eat]
|-boost|p2a: Donphan|atk|1|[from] item: Liechi Berry
|move|p2a: Donphan|Flail|p1a: Dragonite
|-damage|p1a: Dragonite|71/100
|
|-heal|p1a: Dragonite|78/100|[from] item: Leftovers
|upkeep
|turn|9
|inactive|xyj7777 has 30 seconds left.
|
|t:|1757905248
|move|p2a: Donphan|Endure|p2a: Donphan
|-singleturn|p2a: Donphan|move: Endure
|move|p1a: Dragonite|Ice Spinner|p2a: Donphan
|-supereffective|p2a: Donphan
|-activate|p2a: Donphan|move: Endure
|-damage|p2a: Donphan|1/100
|
|-heal|p1a: Dragonite|84/100|[from] item: Leftovers
|upkeep
|turn|10
|
|t:|1757905257
|move|p1a: Dragonite|Ice Spinner|p2a: Donphan
|-supereffective|p2a: Donphan
|-damage|p2a: Donphan|0 fnt
|faint|p2a: Donphan
|
|-heal|p1a: Dragonite|90/100|[from] item: Leftovers
|upkeep
|
|t:|1757905268
|switch|p2a: Blaziken|Blaziken, M|100/100
|turn|11
|
|t:|1757905276
|move|p1a: Dragonite|Dragon Dance|p1a: Dragonite
|-boost|p1a: Dragonite|atk|1
|-boost|p1a: Dragonite|spe|1
|move|p2a: Blaziken|Counter||[still]
|-fail|p2a: Blaziken
|
|-heal|p1a: Dragonite|96/100|[from] item: Leftovers
|-ability|p2a: Blaziken|Speed Boost|boost
|-boost|p2a: Blaziken|spe|1
|upkeep
|turn|12
|
|t:|1757905293
|move|p1a: Dragonite|Extreme Speed|p2a: Blaziken
|-damage|p2a: Blaziken|34/100
|move|p2a: Blaziken|Counter|p1a: Dragonite
|-damage|p1a: Dragonite|0 fnt
|faint|p1a: Dragonite
|
|-ability|p2a: Blaziken|Speed Boost|boost
|-boost|p2a: Blaziken|spe|1
|upkeep
|inactive|xyj7777 has 30 seconds left.
|inactive|xyj7777 has 20 seconds left.
|
|t:|1757905328
|switch|p1a: Walking Wake|Walking Wake|100/100
|-enditem|p1a: Walking Wake|Booster Energy
|-activate|p1a: Walking Wake|ability: Protosynthesis|[fromitem]
|-start|p1a: Walking Wake|protosynthesisspa
|turn|13
|inactive|xyj7777 has 30 seconds left this turn.
|
|t:|1757905344
|switch|p2a: Alomomola|Alomomola, F|100/100
|move|p1a: Walking Wake|Surf|p2a: Alomomola
|-resisted|p2a: Alomomola
|-damage|p2a: Alomomola|65/100
|
|-heal|p2a: Alomomola|71/100|[from] item: Leftovers
|upkeep
|turn|14
|inactive|xyj7777 has 30 seconds left.
|inactive|xyj7777 has 20 seconds left.
|inactive|xyj7777 has 15 seconds left.
|inactive|xyj7777 has 10 seconds left.
|inactive|xyj7777 has 5 seconds left.
|-message|xyj7777 lost due to inactivity.
|
|win|itspaoloooo
|raw|xyj7777's rating: 1170 &rarr; <strong>1142</strong><br />(-28 for losing)
|raw|itspaoloooo's rating: 1129 &rarr; <strong>1157</strong><br />(+28 for winning)
|l|☆xyj7777
|player|p1|
