|j|‽Pitoune901
|j|☆Karan8179
|t:|1757837196
|gametype|singles
|player|p1|Pitoune901|lucas|1193
|player|p2|Karan8179|red|1183
|gen|9
|tier|[Gen 9] OU
|rated|
|rule|HP Percentage Mod: HP is shown in percentages
|rule|Endless Battle Clause: Forcing endless battles is banned
|rule|Species Clause: Limit one of each Pokémon
|rule|OHKO Clause: OHKO moves are banned
|rule|Evasion Items Clause: Evasion items are banned
|rule|Evasion Moves Clause: Evasion moves are banned
|rule|Evasion Abilities Clause: Evasion abilities are banned
|rule|Sleep Moves Clause: Sleep-inducing moves are banned
|clearpoke
|poke|p1|Iron Crown|
|poke|p1|Samurott-Hisui, M|
|poke|p1|Zapdos|
|poke|p1|Dragapult, F|
|poke|p1|Great Tusk|
|poke|p1|Iron Boulder|
|poke|p2|Blaziken, M|
|poke|p2|Clawitzer, M|
|poke|p2|Flygon, M|
|poke|p2|Rhyperior, F|
|poke|p2|Pikachu-Kalos, M|
|poke|p2|Noivern, F|
|teampreview
|inactive|Battle timer is ON: inactive players will automatically lose when time's up. (requested by Karan8179)
|
|t:|1757837210
|teamsize|p1|6
|teamsize|p2|6
|start
|switch|p1a: Great Tusk|Great Tusk|100/100
|switch|p2a: Rhyperior|Rhyperior, F|100/100
|turn|1
|
|t:|1757837221
|move|p1a: Great Tusk|Ice Spinner|p2a: Rhyperior
|-supereffective|p2a: Rhyperior
|-damage|p2a: Rhyperior|80/100
|move|p2a: Rhyperior|Megahorn|p1a: Great Tusk
|-resisted|p1a: Great Tusk
|-damage|p1a: Great Tusk|88/100
|
|-heal|p2a: Rhyperior|86/100|[from] item: Leftovers
|upkeep
|turn|2
|
|t:|1757837234
|move|p1a: Great Tusk|Stealth Rock|p2a: Rhyperior
|-sidestart|p2: Karan8179|move: Stealth Rock
|move|p2a: Rhyperior|Earthquake|p1a: Great Tusk
|-damage|p1a: Great Tusk|54/100
|
|-heal|p2a: Rhyperior|92/100|[from] item: Leftovers
|upkeep
|turn|3
|
|t:|1757837243
|move|p1a: Great Tusk|Headlong Rush|p2a: Rhyperior
|-supereffective|p2a: Rhyperior
|-crit|p2a: Rhyperior
|-damage|p2a: Rhyperior|24/100
|-unboost|p1a: Great Tusk|def|1
|-unboost|p1a: Great Tusk|spd|1
|move|p2a: Rhyperior|Stealth Rock|p1a: Great Tusk
|-sidestart|p1: Pitoune901|move: Stealth Rock
|
|-heal|p2a: Rhyperior|30/100|[from] item: Leftovers
|upkeep
|turn|4
|
|t:|1757837256
|switch|p2a: Flygon|Flygon, M|100/100
|-damage|p2a: Flygon|95/100|[from] Stealth Rock
|move|p1a: Great Tusk|Headlong Rush|p2a: Flygon
|-immune|p2a: Flygon|[from] ability: Levitate
|
|-heal|p2a: Flygon|100/100|[from] item: Leftovers
|upkeep
|turn|5
|
|t:|1757837267
|move|p2a: Flygon|Air Slash|p1a: Great Tusk
|-supereffective|p1a: Great Tusk
|-damage|p1a: Great Tusk|0 fnt
|faint|p1a: Great Tusk
|-end|p1a: Great Tusk|Protosynthesis|[silent]
|
|upkeep
|
|t:|1757837279
|switch|p1a: Dragapult|Dragapult, F|100/100
|-damage|p1a: Dragapult|88/100|[from] Stealth Rock
|turn|6
|
|t:|1757837285
|move|p1a: Dragapult|Dragon Darts|p2a: Flygon
|-supereffective|p2a: Flygon
|-damage|p2a: Flygon|6/100
|-anim|p1a: Dragapult|Dragon Darts|p2a: Flygon
|-supereffective|p2a: Flygon
|-damage|p2a: Flygon|0 fnt
|faint|p2a: Flygon
|
|upkeep
|
|t:|1757837295
|switch|p2a: Noivern|Noivern, F|100/100
|-damage|p2a: Noivern|76/100|[from] Stealth Rock
|-item|p1a: Dragapult|Choice Band|[from] ability: Frisk|[of] p2a: Noivern
|turn|7
|
|t:|1757837301
|move|p2a: Noivern|Shadow Ball|p1a: Dragapult
|-supereffective|p1a: Dragapult
|-damage|p1a: Dragapult|23/100
|move|p1a: Dragapult|Dragon Darts|p2a: Noivern
|-supereffective|p2a: Noivern
|-damage|p2a: Noivern|0 fnt
|faint|p2a: Noivern
|
|upkeep
|
|t:|1757837315
|switch|p2a: Rhyperior|Rhyperior, F|30/100
|-damage|p2a: Rhyperior|24/100|[from] Stealth Rock
|turn|8
|
|t:|1757837321
|move|p1a: Dragapult|Dragon Darts|p2a: Rhyperior
|-damage|p2a: Rhyperior|6/100
|-anim|p1a: Dragapult|Dragon Darts|p2a: Rhyperior
|-damage|p2a: Rhyperior|0 fnt
|faint|p2a: Rhyperior
|
|upkeep
|
|t:|1757837328
|switch|p2a: Blaziken|Blaziken, M|100/100
|-damage|p2a: Blaziken|88/100|[from] Stealth Rock
|turn|9
|
|t:|1757837337
|switch|p1a: Zapdos|Zapdos, shiny|100/100
|move|p2a: Blaziken|Protect||[still]
|-fail|p2a: Blaziken
|
|-ability|p2a: Blaziken|Speed Boost|boost
|-boost|p2a: Blaziken|spe|1
|upkeep
|turn|10
|
|t:|1757837346
|move|p2a: Blaziken|Blaze Kick|p1a: Zapdos
|-damage|p1a: Zapdos|70/100
|move|p1a: Zapdos|U-turn|p2a: Blaziken
|-resisted|p2a: Blaziken
|-damage|p2a: Blaziken|83/100
|
|t:|1757837351
|switch|p1a: Samurott|Samurott-Hisui, M, shiny|100/100|[from] U-turn
|-damage|p1a: Samurott|88/100|[from] Stealth Rock
|
|-ability|p2a: Blaziken|Speed Boost|boost
|-boost|p2a: Blaziken|spe|1
|upkeep
|turn|11
|
|t:|1757837365
|-terastallize|p1a: Samurott|Poison
|move|p2a: Blaziken|Close Combat|p1a: Samurott
|-resisted|p1a: Samurott
|-damage|p1a: Samurott|48/100
|-unboost|p2a: Blaziken|def|1
|-unboost|p2a: Blaziken|spd|1
|move|p1a: Samurott|Ceaseless Edge|p2a: Blaziken
|-resisted|p2a: Blaziken
|-damage|p2a: Blaziken|32/100
|-sidestart|p2: Karan8179|Spikes
|
|-ability|p2a: Blaziken|Speed Boost|boost
|-boost|p2a: Blaziken|spe|1
|upkeep
|turn|12
|
|t:|1757837382
|-terastallize|p2a: Blaziken|Fire
|move|p2a: Blaziken|Blaze Kick|p1a: Samurott
|-damage|p1a: Samurott|0 fnt
|faint|p1a: Samurott
|
|-ability|p2a: Blaziken|Speed Boost|boost
|-boost|p2a: Blaziken|spe|1
|upkeep
|
|t:|1757837391
|switch|p1a: Iron Boulder|Iron Boulder|100/100
|-damage|p1a: Iron Boulder|88/100|[from] Stealth Rock
|-enditem|p1a: Iron Boulder|Booster Energy
|-activate|p1a: Iron Boulder|ability: Quark Drive|[fromitem]
|-start|p1a: Iron Boulder|quarkdrivespe
|turn|13
|
|t:|1757837399
|move|p2a: Blaziken|Protect|p2a: Blaziken
|-singleturn|p2a: Blaziken|Protect
|move|p1a: Iron Boulder|Mighty Cleave|p2a: Blaziken
|-supereffective|p2a: Blaziken
|-damage|p2a: Blaziken|0 fnt
|faint|p2a: Blaziken
|
|upkeep
|
|t:|1757837408
|switch|p2a: Clawitzer|Clawitzer, M|100/100
|-damage|p2a: Clawitzer|88/100|[from] Stealth Rock
|-damage|p2a: Clawitzer|76/100|[from] Spikes
|turn|14
|
|t:|1757837416
|move|p1a: Iron Boulder|Close Combat|p2a: Clawitzer
|-damage|p2a: Clawitzer|31/100
|-unboost|p1a: Iron Boulder|def|1
|-unboost|p1a: Iron Boulder|spd|1
|move|p2a: Clawitzer|Aura Sphere|p1a: Iron Boulder
|-damage|p1a: Iron Boulder|22/100
|
|upkeep
|turn|15
|
|t:|1757837426
|move|p1a: Iron Boulder|Close Combat|p2a: Clawitzer
|-damage|p2a: Clawitzer|0 fnt
|-unboost|p1a: Iron Boulder|def|1
|-unboost|p1a: Iron Boulder|spd|1
|faint|p2a: Clawitzer
|
|upkeep
|
|t:|1757837434
|switch|p2a: Pikachu|Pikachu-Kalos, M|100/100
|-damage|p2a: Pikachu|88/100|[from] Stealth Rock
|-damage|p2a: Pikachu|76/100|[from] Spikes
|turn|16
|
|t:|1757837441
|move|p1a: Iron Boulder|Mighty Cleave|p2a: Pikachu
|-damage|p2a: Pikachu|0 fnt
|faint|p2a: Pikachu
|
|win|Pitoune901
|raw|Pitoune901's rating: 1193 &rarr; <strong>1217</strong><br />(+24 for winning)
|raw|Karan8179's rating: 1183 &rarr; <strong>1159</strong><br />(-24 for losing)
|l|☆Karan8179
|player|p2|
|l|‽Pitoune901
|player|p1|
