|j|☆Palafinnieon
|j|☆solstic3
|t:|1757948891
|gametype|singles
|player|p1|Palafinnieon|grimsley|1554
|player|p2|solstic3|2|1635
|gen|9
|tier|[Gen 9] OU
|rated|
|rule|HP Percentage Mod: HP is shown in percentages
|rule|Endless Battle Clause: Forcing endless battles is banned
|rule|Species Clause: Limit one of each Pokémon
|rule|OHKO Clause: OHKO moves are banned
|rule|Evasion Items Clause: Evasion items are banned
|rule|Evasion Moves Clause: Evasion moves are banned
|rule|Evasion Abilities Clause: Evasion abilities are banned
|rule|Sleep Moves Clause: Sleep-inducing moves are banned
|clearpoke
|poke|p1|Smeargle, F|
|poke|p1|Cinderace, M|
|poke|p1|Zapdos-Galar|
|poke|p1|Gholdengo|
|poke|p1|Polteageist|
|poke|p1|Toxtricity, M|
|poke|p2|Dragonite, F|
|poke|p2|Hatterene, F|
|poke|p2|Great Tusk|
|poke|p2|Ogerpon-Wellspring, F|
|poke|p2|Iron Moth|
|poke|p2|Heatran, M|
|teampreview
|inactive|Battle timer is ON: inactive players will automatically lose when time's up. (requested by solstic3)
|
|t:|1757948913
|teamsize|p1|6
|teamsize|p2|6
|start
|switch|p1a: Toxtricity|Toxtricity, M|100/100
|switch|p2a: Ogerpon|Ogerpon-Wellspring, F|100/100
|turn|1
|
|t:|1757948921
|move|p2a: Ogerpon|U-turn|p1a: Toxtricity
|-resisted|p1a: Toxtricity
|-damage|p1a: Toxtricity|79/100
|
|t:|1757948925
|switch|p2a: Heatran|Heatran, M|100/100|[from] U-turn
|-item|p2a: Heatran|Air Balloon
|move|p1a: Toxtricity|Boomburst|p2a: Heatran
|-resisted|p2a: Heatran
|-damage|p2a: Heatran|77/100
|-enditem|p2a: Heatran|Air Balloon
|-enditem|p1a: Toxtricity|Throat Spray
|-boost|p1a: Toxtricity|spa|1|[from] item: Throat Spray
|
|upkeep
|turn|2
|
|t:|1757948930
|move|p1a: Toxtricity|Overdrive|p2a: Heatran
|-damage|p2a: Heatran|24/100
|move|p2a: Heatran|Earth Power|p1a: Toxtricity
|-supereffective|p1a: Toxtricity
|-damage|p1a: Toxtricity|0 fnt
|faint|p1a: Toxtricity
|
|upkeep
|
|t:|1757948937
|switch|p1a: Zapdos|Zapdos-Galar|100/100
|turn|3
|
|t:|1757948945
|switch|p2a: Iron Moth|Iron Moth|100/100
|-enditem|p2a: Iron Moth|Booster Energy
|-activate|p2a: Iron Moth|ability: Quark Drive|[fromitem]
|-start|p2a: Iron Moth|quarkdrivespe
|move|p1a: Zapdos|Thunderous Kick|p2a: Iron Moth
|-resisted|p2a: Iron Moth
|-damage|p2a: Iron Moth|67/100
|-unboost|p2a: Iron Moth|def|1
|
|upkeep
|turn|4
|
|t:|1757948953
|move|p2a: Iron Moth|Sludge Wave|p1a: Zapdos
|-damage|p1a: Zapdos|45/100
|move|p1a: Zapdos|Brave Bird|p2a: Iron Moth
|-damage|p2a: Iron Moth|0 fnt
|faint|p2a: Iron Moth
|-end|p2a: Iron Moth|Quark Drive|[silent]
|-damage|p1a: Zapdos|24/100|[from] Recoil
|
|upkeep
|
|t:|1757948956
|switch|p2a: Ogerpon|Ogerpon-Wellspring, F|100/100
|turn|5
|
|t:|1757948959
|move|p2a: Ogerpon|Ivy Cudgel|p1a: Zapdos|[anim] Ivy Cudgel Water
|-damage|p1a: Zapdos|0 fnt
|faint|p1a: Zapdos
|
|upkeep
|
|t:|1757948961
|switch|p1a: Smeargle|Smeargle, F|100/100
|turn|6
|
|t:|1757948965
|move|p2a: Ogerpon|U-turn|p1a: Smeargle
|-damage|p1a: Smeargle|28/100
|
|t:|1757948966
|switch|p2a: Hatterene|Hatterene, F|100/100|[from] U-turn
|move|p1a: Smeargle|Nuzzle|p2a: Hatterene
|-damage|p2a: Hatterene|99/100
|-status|p2a: Hatterene|par
|-damage|p1a: Smeargle|12/100|[from] item: Rocky Helmet|[of] p2a: Hatterene
|
|upkeep
|turn|7
|
|t:|1757948973
|move|p1a: Smeargle|Mortal Spin|p2a: Hatterene
|-supereffective|p2a: Hatterene
|-damage|p2a: Hatterene|94/100 par
|-damage|p1a: Smeargle|0 fnt|[from] item: Rocky Helmet|[of] p2a: Hatterene
|faint|p1a: Smeargle
|move|p2a: Hatterene|Psychic Noise|p1: Smeargle|[notarget]
|-fail|p2a: Hatterene
|
|upkeep
|
|t:|1757948977
|switch|p1a: Cinderace|Cinderace, M|100/100
|turn|8
|
|t:|1757948982
|move|p1a: Cinderace|Swords Dance|p1a: Cinderace
|-start|p1a: Cinderace|typechange|Normal|[from] ability: Libero
|-boost|p1a: Cinderace|atk|2
|cant|p2a: Hatterene|par
|
|upkeep
|turn|9
|
|t:|1757948985
|move|p1a: Cinderace|Double-Edge|p2a: Hatterene
|-damage|p2a: Hatterene|0 fnt
|-damage|p1a: Cinderace|84/100|[from] item: Rocky Helmet|[of] p2a: Hatterene
|faint|p2a: Hatterene
|-damage|p1a: Cinderace|51/100|[from] Recoil
|
|upkeep
|
|t:|1757948989
|switch|p2a: Great Tusk|Great Tusk|100/100
|-enditem|p2a: Great Tusk|Booster Energy
|-activate|p2a: Great Tusk|ability: Protosynthesis|[fromitem]
|-start|p2a: Great Tusk|protosynthesisatk
|turn|10
|
|t:|1757948992
|move|p1a: Cinderace|Double-Edge|p2a: Great Tusk
|-damage|p2a: Great Tusk|0 fnt
|faint|p2a: Great Tusk
|-end|p2a: Great Tusk|Protosynthesis|[silent]
|-damage|p1a: Cinderace|11/100|[from] Recoil
|
|upkeep
|
|t:|1757948997
|switch|p2a: Heatran|Heatran, M|24/100
|turn|11
|
|t:|1757949001
|move|p1a: Cinderace|Double-Edge|p2a: Heatran
|-resisted|p2a: Heatran
|-damage|p2a: Heatran|0 fnt
|faint|p2a: Heatran
|-damage|p1a: Cinderace|1/100|[from] Recoil
|
|upkeep
|
|t:|1757949005
|switch|p2a: Dragonite|Dragonite, F|100/100
|turn|12
|
|t:|1757949008
|move|p1a: Cinderace|Double-Edge|p2a: Dragonite
|-damage|p2a: Dragonite|27/100
|-damage|p1a: Cinderace|0 fnt|[from] Recoil
|faint|p1a: Cinderace
|move|p2a: Dragonite|Dragon Dance|p2a: Dragonite
|-boost|p2a: Dragonite|atk|1
|-boost|p2a: Dragonite|spe|1
|
|-heal|p2a: Dragonite|33/100|[from] item: Leftovers
|upkeep
|
|t:|1757949011
|switch|p1a: Gholdengo|Gholdengo|100/100
|-item|p1a: Gholdengo|Air Balloon
|turn|13
|
|t:|1757949027
|move|p2a: Dragonite|Roost|p2a: Dragonite
|-heal|p2a: Dragonite|83/100
|-singleturn|p2a: Dragonite|move: Roost
|move|p1a: Gholdengo|Dazzling Gleam|p2a: Dragonite
|-supereffective|p2a: Dragonite
|-damage|p2a: Dragonite|24/100
|
|-heal|p2a: Dragonite|30/100|[from] item: Leftovers
|upkeep
|turn|14
|
|t:|1757949031
|-terastallize|p2a: Dragonite|Fairy
|move|p2a: Dragonite|Roost|p2a: Dragonite
|-heal|p2a: Dragonite|80/100
|move|p1a: Gholdengo|Dazzling Gleam|p2a: Dragonite
|-damage|p2a: Dragonite|51/100
|
|-heal|p2a: Dragonite|57/100|[from] item: Leftovers
|upkeep
|turn|15
|
|t:|1757949036
|move|p2a: Dragonite|Roost|p2a: Dragonite
|-heal|p2a: Dragonite|100/100
|move|p1a: Gholdengo|Nasty Plot|p1a: Gholdengo
|-boost|p1a: Gholdengo|spa|2
|
|upkeep
|turn|16
|
|t:|1757949040
|move|p2a: Dragonite|Tera Blast|p1a: Gholdengo|[anim] Tera Blast Fairy
|-resisted|p1a: Gholdengo
|-damage|p1a: Gholdengo|61/100
|-enditem|p1a: Gholdengo|Air Balloon
|move|p1a: Gholdengo|Shadow Ball|p2a: Dragonite
|-damage|p2a: Dragonite|51/100
|
|-heal|p2a: Dragonite|57/100|[from] item: Leftovers
|upkeep
|turn|17
|
|t:|1757949050
|move|p2a: Dragonite|Earthquake|p1a: Gholdengo
|-supereffective|p1a: Gholdengo
|-damage|p1a: Gholdengo|0 fnt
|faint|p1a: Gholdengo
|
|-heal|p2a: Dragonite|63/100|[from] item: Leftovers
|upkeep
|
|t:|1757949052
|switch|p1a: Polteageist|Polteageist|100/100
|turn|18
|
|t:|1757949072
|move|p2a: Dragonite|Roost|p2a: Dragonite
|-heal|p2a: Dragonite|100/100
|move|p1a: Polteageist|Shell Smash|p1a: Polteageist
|-unboost|p1a: Polteageist|def|1
|-unboost|p1a: Polteageist|spd|1
|-boost|p1a: Polteageist|atk|2
|-boost|p1a: Polteageist|spa|2
|-boost|p1a: Polteageist|spe|2
|-enditem|p1a: Polteageist|White Herb
|-clearnegativeboost|p1a: Polteageist|[silent]
|
|upkeep
|turn|19
|
|t:|1757949078
|move|p1a: Polteageist|Stored Power|p2a: Dragonite
|-damage|p2a: Dragonite|63/100
|move|p2a: Dragonite|Tera Blast|p1a: Polteageist|[anim] Tera Blast Fairy
|-damage|p1a: Polteageist|25/100
|
|-heal|p2a: Dragonite|69/100|[from] item: Leftovers
|upkeep
|turn|20
|
|t:|1757949091
|move|p1a: Polteageist|Strength Sap|p2a: Dragonite
|-unboost|p2a: Dragonite|atk|1
|-heal|p1a: Polteageist|100/100
|move|p2a: Dragonite|Tera Blast|p1a: Polteageist|[anim] Tera Blast Fairy
|-damage|p1a: Polteageist|43/100
|
|-heal|p2a: Dragonite|75/100|[from] item: Leftovers
|upkeep
|turn|21
|
|t:|1757949100
|move|p1a: Polteageist|Strength Sap|p2a: Dragonite
|-unboost|p2a: Dragonite|atk|1
|-heal|p1a: Polteageist|100/100
|move|p2a: Dragonite|Dragon Dance|p2a: Dragonite
|-boost|p2a: Dragonite|atk|1
|-boost|p2a: Dragonite|spe|1
|
|-heal|p2a: Dragonite|81/100|[from] item: Leftovers
|upkeep
|turn|22
|
|t:|1757949105
|move|p2a: Dragonite|Dragon Dance|p2a: Dragonite
|-boost|p2a: Dragonite|atk|1
|-boost|p2a: Dragonite|spe|1
|move|p1a: Polteageist|Stored Power|p2a: Dragonite
|-damage|p2a: Dragonite|7/100
|
|-heal|p2a: Dragonite|13/100|[from] item: Leftovers
|upkeep
|turn|23
|
|t:|1757949109
|move|p2a: Dragonite|Tera Blast|p1a: Polteageist|[anim] Tera Blast Fairy
|-damage|p1a: Polteageist|17/100
|-start|p2a: Dragonite|Disable|Tera Blast|[from] ability: Cursed Body|[of] p1a: Polteageist
|move|p1a: Polteageist|Stored Power|p2a: Dragonite
|-damage|p2a: Dragonite|0 fnt
|faint|p2a: Dragonite
|
|upkeep
|
|t:|1757949112
|switch|p2a: Ogerpon|Ogerpon-Wellspring, F|100/100
|turn|24
|
|t:|1757949115
|move|p1a: Polteageist|Strength Sap|p2a: Ogerpon
|-unboost|p2a: Ogerpon|atk|1
|-heal|p1a: Polteageist|100/100
|move|p2a: Ogerpon|Encore|p1a: Polteageist
|-start|p1a: Polteageist|Encore
|
|upkeep
|turn|25
|
|t:|1757949123
|move|p1a: Polteageist|Strength Sap|p2a: Ogerpon
|-unboost|p2a: Ogerpon|atk|1
|move|p2a: Ogerpon|Ivy Cudgel|p1a: Polteageist|[anim] Ivy Cudgel Water
|-damage|p1a: Polteageist|63/100
|
|upkeep
|turn|26
|
|t:|1757949126
|move|p1a: Polteageist|Strength Sap|p2a: Ogerpon
|-unboost|p2a: Ogerpon|atk|1
|-heal|p1a: Polteageist|100/100
|move|p2a: Ogerpon|Ivy Cudgel|p1a: Polteageist|[anim] Ivy Cudgel Water
|-damage|p1a: Polteageist|71/100
|
|upkeep
|turn|27
|
|t:|1757949130
|move|p1a: Polteageist|Strength Sap|p2a: Ogerpon
|-unboost|p2a: Ogerpon|atk|1
|-heal|p1a: Polteageist|100/100
|move|p2a: Ogerpon|Ivy Cudgel|p1a: Polteageist|[anim] Ivy Cudgel Water
|-crit|p1a: Polteageist
|-damage|p1a: Polteageist|1/100
|
|-end|p1a: Polteageist|Encore
|upkeep
|turn|28
|
|t:|1757949139
|move|p1a: Polteageist|Stored Power|p2a: Ogerpon
|-damage|p2a: Ogerpon|0 fnt
|faint|p2a: Ogerpon
|
|win|Palafinnieon
|raw|Palafinnieon's rating: 1554 &rarr; <strong>1579</strong><br />(+25 for winning)
|raw|solstic3's rating: 1635 &rarr; <strong>1610</strong><br />(-25 for losing)
|l|☆solstic3
|player|p2|
