|j|☆shynitu
|j|☆suaiaj
|t:|1757913160
|gametype|singles
|player|p1|shynitu|juan|1086
|player|p2|suaiaj|steven|1142
|gen|9
|tier|[Gen 9] OU
|rated|
|rule|HP Percentage Mod: HP is shown in percentages
|rule|Endless Battle Clause: Forcing endless battles is banned
|rule|Species Clause: Limit one of each Pokémon
|rule|OHKO Clause: OHKO moves are banned
|rule|Evasion Items Clause: Evasion items are banned
|rule|Evasion Moves Clause: Evasion moves are banned
|rule|Evasion Abilities Clause: Evasion abilities are banned
|rule|Sleep Moves Clause: Sleep-inducing moves are banned
|clearpoke
|poke|p1|Honchkrow, M|
|poke|p1|Ceruledge, M|
|poke|p1|Hydrapple, F|
|poke|p1|Pawmot, F|
|poke|p1|Florges-White, F|
|poke|p1|Snorlax, M|
|poke|p2|Gallade, M|
|poke|p2|Raging Bolt|
|poke|p2|Garchomp, M|
|poke|p2|Gholdengo|
|poke|p2|Iron Jugulis|
|poke|p2|Iron Treads|
|teampreview
|
|t:|1757913169
|teamsize|p1|6
|teamsize|p2|6
|start
|switch|p1a: Snorlax|Snorlax, M, shiny|100/100
|switch|p2a: Iron Jugulis|Iron Jugulis|100/100
|-enditem|p2a: Iron Jugulis|Booster Energy
|-activate|p2a: Iron Jugulis|ability: Quark Drive|[fromitem]
|-start|p2a: Iron Jugulis|quarkdrivespa
|turn|1
|
|t:|1757913180
|move|p2a: Iron Jugulis|Dark Pulse|p1a: Snorlax
|-damage|p1a: Snorlax|63/100
|move|p1a: Snorlax|Curse|p1a: Snorlax
|-unboost|p1a: Snorlax|spe|1
|-boost|p1a: Snorlax|atk|1
|-boost|p1a: Snorlax|def|1
|
|-heal|p1a: Snorlax|69/100|[from] item: Leftovers
|upkeep
|turn|2
|
|t:|1757913190
|move|p2a: Iron Jugulis|Dark Pulse|p1a: Snorlax
|-damage|p1a: Snorlax|34/100
|move|p1a: Snorlax|Curse|p1a: Snorlax
|-unboost|p1a: Snorlax|spe|1
|-boost|p1a: Snorlax|atk|1
|-boost|p1a: Snorlax|def|1
|
|-heal|p1a: Snorlax|40/100|[from] item: Leftovers
|upkeep
|turn|3
|
|t:|1757913201
|move|p2a: Iron Jugulis|Dark Pulse|p1a: Snorlax
|-damage|p1a: Snorlax|6/100
|move|p1a: Snorlax|Rest|p1a: Snorlax
|-status|p1a: Snorlax|slp|[from] move: Rest
|-heal|p1a: Snorlax|100/100 slp|[silent]
|
|upkeep
|turn|4
|
|t:|1757913221
|move|p2a: Iron Jugulis|Dark Pulse|p1a: Snorlax
|-damage|p1a: Snorlax|65/100 slp
|cant|p1a: Snorlax|slp
|
|-heal|p1a: Snorlax|71/100 slp|[from] item: Leftovers
|upkeep
|turn|5
|
|t:|1757913231
|move|p2a: Iron Jugulis|Dark Pulse|p1a: Snorlax
|-damage|p1a: Snorlax|37/100 slp
|cant|p1a: Snorlax|slp
|
|-heal|p1a: Snorlax|43/100 slp|[from] item: Leftovers
|upkeep
|turn|6
|
|t:|1757913240
|move|p2a: Iron Jugulis|Dark Pulse|p1a: Snorlax
|-damage|p1a: Snorlax|7/100 slp
|-curestatus|p1a: Snorlax|slp|[msg]
|cant|p1a: Snorlax|flinch
|
|-heal|p1a: Snorlax|13/100|[from] item: Leftovers
|upkeep
|turn|7
|
|t:|1757913249
|move|p2a: Iron Jugulis|Dark Pulse|p1a: Snorlax
|-damage|p1a: Snorlax|0 fnt
|faint|p1a: Snorlax
|
|upkeep
|
|t:|1757913258
|switch|p1a: Pawmot|Pawmot, F, shiny|100/100
|-item|p1a: Pawmot|Air Balloon
|turn|8
|
|t:|1757913266
|move|p1a: Pawmot|Close Combat|p2a: Iron Jugulis
|-damage|p2a: Iron Jugulis|25/100
|-unboost|p1a: Pawmot|def|1
|-unboost|p1a: Pawmot|spd|1
|move|p2a: Iron Jugulis|Acrobatics|p1a: Pawmot
|-damage|p1a: Pawmot|0 fnt
|-enditem|p1a: Pawmot|Air Balloon
|faint|p1a: Pawmot
|
|upkeep
|
|t:|1757913279
|switch|p1a: Honchkrow|Honchkrow, M, shiny|100/100
|turn|9
|
|t:|1757913286
|move|p2a: Iron Jugulis|Dark Pulse|p1a: Honchkrow
|-resisted|p1a: Honchkrow
|-damage|p1a: Honchkrow|54/100
|move|p1a: Honchkrow|Drill Peck|p2a: Iron Jugulis
|-damage|p2a: Iron Jugulis|0 fnt
|faint|p2a: Iron Jugulis
|-end|p2a: Iron Jugulis|Quark Drive|[silent]
|
|upkeep
|
|t:|1757913295
|switch|p2a: Iron Treads|Iron Treads|100/100
|-enditem|p2a: Iron Treads|Booster Energy
|-activate|p2a: Iron Treads|ability: Quark Drive|[fromitem]
|-start|p2a: Iron Treads|quarkdriveatk
|turn|10
|
|t:|1757913306
|move|p1a: Honchkrow|Sucker Punch|p2a: Iron Treads
|-damage|p2a: Iron Treads|70/100
|move|p2a: Iron Treads|Ice Spinner|p1a: Honchkrow
|-supereffective|p1a: Honchkrow
|-damage|p1a: Honchkrow|0 fnt
|faint|p1a: Honchkrow
|
|upkeep
|
|t:|1757913314
|switch|p1a: Hydrapple|Hydrapple, F, shiny|100/100
|turn|11
|
|t:|1757913320
|move|p2a: Iron Treads|Ice Spinner|p1a: Hydrapple
|-supereffective|p1a: Hydrapple
|-damage|p1a: Hydrapple|0 fnt
|faint|p1a: Hydrapple
|
|upkeep
|
|t:|1757913326
|switch|p1a: Ceruledge|Ceruledge, M|100/100
|turn|12
|
|t:|1757913331
|move|p1a: Ceruledge|Bitter Blade|p2a: Iron Treads
|-supereffective|p2a: Iron Treads
|-damage|p2a: Iron Treads|3/100
|move|p2a: Iron Treads|Earthquake|p1a: Ceruledge
|-supereffective|p1a: Ceruledge
|-crit|p1a: Ceruledge
|-damage|p1a: Ceruledge|0 fnt
|faint|p1a: Ceruledge
|
|upkeep
|inactive|Battle timer is ON: inactive players will automatically lose when time's up. (requested by suaiaj)
|
|t:|1757913378
|switch|p1a: Florges|Florges-White, F, shiny|100/100
|turn|13
|-message|shynitu forfeited.
|
|win|suaiaj
|raw|shynitu's rating: 1086 &rarr; <strong>1067</strong><br />(-19 for losing)
|raw|suaiaj's rating: 1142 &rarr; <strong>1163</strong><br />(+21 for winning)
|l|☆shynitu
|player|p1|
|l|☆suaiaj
|player|p2|
