|j|☆Bill from Kanto
|j|☆Balllentus
|t:|1757798751
|gametype|singles
|player|p1|Bill from Kanto|fisherman-gen4|1000
|player|p2|Balllentus|preschooler|1000
|gen|9
|tier|[Gen 9] OU
|rated|
|rule|HP Percentage Mod: HP is shown in percentages
|rule|Endless Battle Clause: Forcing endless battles is banned
|rule|Species Clause: Limit one of each Pokémon
|rule|OHKO Clause: OHKO moves are banned
|rule|Evasion Items Clause: Evasion items are banned
|rule|Evasion Moves Clause: Evasion moves are banned
|rule|Evasion Abilities Clause: Evasion abilities are banned
|rule|Sleep Moves Clause: Sleep-inducing moves are banned
|clearpoke
|poke|p1|Decidueye, F|
|poke|p1|Jolteon, M|
|poke|p1|Greninja-*, M|
|poke|p1|Blaziken, M|
|poke|p1|Iron Valiant|
|poke|p1|Garchomp, F|
|poke|p2|Kyurem|
|poke|p2|Tyranitar, M|
|poke|p2|Blaziken, M|
|poke|p2|Zapdos|
|poke|p2|Corviknight, M|
|poke|p2|Samurott-Hisui, M|
|teampreview
|
|t:|1757798757
|teamsize|p1|6
|teamsize|p2|6
|start
|switch|p1a: Jolteon|Jolteon, M|100/100
|switch|p2a: Cracker|Tyranitar, M|100/100
|-weather|Sandstorm|[from] ability: Sand Stream|[of] p2a: Cracker
|turn|1
|inactive|Battle timer is ON: inactive players will automatically lose when time's up. (requested by Bill from Kanto)
|c|☆Balllentus|SINCE WHEN GARCHOMP WAS UNBANNED???
|
|t:|1757798780
|-terastallize|p2a: Cracker|Rock
|move|p1a: Jolteon|Alluring Voice|p2a: Cracker
|-damage|p2a: Cracker|86/100
|move|p2a: Cracker|Stone Edge|p1a: Jolteon
|-damage|p1a: Jolteon|0 fnt
|faint|p1a: Jolteon
|
|-weather|Sandstorm|[upkeep]
|upkeep
|c|☆Bill from Kanto|lmao idk bro
|
|t:|1757798789
|switch|p1a: Garchomp|Garchomp, F|100/100
|turn|2
|
|t:|1757798806
|move|p2a: Cracker|Stone Edge|p1a: Garchomp
|-resisted|p1a: Garchomp
|-damage|p1a: Garchomp|68/100
|move|p1a: Garchomp|Earthquake|p2a: Cracker
|-supereffective|p2a: Cracker
|-damage|p2a: Cracker|0 fnt
|faint|p2a: Cracker
|
|-weather|Sandstorm|[upkeep]
|upkeep
|
|t:|1757798815
|switch|p2a: Refrigarator|Kyurem|100/100
|-ability|p2a: Refrigarator|Pressure
|turn|3
|
|t:|1757798821
|-terastallize|p1a: Garchomp|Fairy
|move|p2a: Refrigarator|Dragon Claw|p1a: Garchomp
|-immune|p1a: Garchomp
|move|p1a: Garchomp|Dragon Claw|p2a: Refrigarator
|-supereffective|p2a: Refrigarator
|-damage|p2a: Refrigarator|28/100
|
|-weather|Sandstorm|[upkeep]
|-damage|p2a: Refrigarator|22/100|[from] Sandstorm
|-damage|p1a: Garchomp|62/100|[from] Sandstorm
|upkeep
|turn|4
|
|t:|1757798832
|move|p2a: Refrigarator|Iron Head|p1a: Garchomp
|-supereffective|p1a: Garchomp
|-damage|p1a: Garchomp|8/100
|-damage|p2a: Refrigarator|9/100|[from] ability: Rough Skin|[of] p1a: Garchomp
|move|p1a: Garchomp|Dragon Claw|p2a: Refrigarator
|-supereffective|p2a: Refrigarator
|-damage|p2a: Refrigarator|0 fnt
|faint|p2a: Refrigarator
|
|-weather|Sandstorm|[upkeep]
|-damage|p1a: Garchomp|2/100|[from] Sandstorm
|upkeep
|
|t:|1757798843
|switch|p2a: Microwave|Blaziken, M|100/100
|turn|5
|
|t:|1757798852
|switch|p1a: Iron Valiant|Iron Valiant|100/100
|-enditem|p1a: Iron Valiant|Booster Energy
|-activate|p1a: Iron Valiant|ability: Quark Drive|[fromitem]
|-start|p1a: Iron Valiant|quarkdriveatk
|move|p2a: Microwave|Close Combat|p1a: Iron Valiant
|-resisted|p1a: Iron Valiant
|-damage|p1a: Iron Valiant|68/100
|-unboost|p2a: Microwave|def|1
|-unboost|p2a: Microwave|spd|1
|
|-weather|none
|upkeep
|turn|6
|inactive|Balllentus has 120 seconds left.
|
|t:|1757798897
|move|p1a: Iron Valiant|Spirit Break|p2a: Microwave
|-damage|p2a: Microwave|12/100
|-unboost|p2a: Microwave|spa|1
|move|p2a: Microwave|Flare Blitz|p1a: Iron Valiant
|-damage|p1a: Iron Valiant|0 fnt
|faint|p1a: Iron Valiant
|-end|p1a: Iron Valiant|Quark Drive|[silent]
|-damage|p2a: Microwave|0 fnt|[from] Recoil
|faint|p2a: Microwave
|
|upkeep
|
|t:|1757798914
|switch|p1a: Greninja|Greninja, M, shiny|100/100
|switch|p2a: Thunder birb|Zapdos, shiny|100/100
|turn|7
|inactive|Bill from Kanto has 120 seconds left.
|
|t:|1757798949
|move|p1a: Greninja|Ice Beam|p2a: Thunder birb
|-supereffective|p2a: Thunder birb
|-damage|p2a: Thunder birb|48/100
|move|p2a: Thunder birb|Heat Wave|p1a: Greninja
|-resisted|p1a: Greninja
|-damage|p1a: Greninja|83/100
|
|upkeep
|turn|8
|c|☆Balllentus|hello
|c|☆Bill from Kanto|hi
|
|t:|1757798959
|move|p1a: Greninja|Ice Beam|p2a: Thunder birb
|-supereffective|p2a: Thunder birb
|-damage|p2a: Thunder birb|0 fnt
|faint|p2a: Thunder birb
|
|upkeep
|
|t:|1757798967
|switch|p2a: Funni Seal|Samurott-Hisui, M|100/100
|turn|9
|
|t:|1757798980
|move|p1a: Greninja|U-turn|p2a: Funni Seal
|-supereffective|p2a: Funni Seal
|-damage|p2a: Funni Seal|68/100
|c|☆Balllentus|I think im gonna lose lmao
|c|☆Bill from Kanto|lmao
|
|t:|1757798986
|switch|p1a: Decidueye|Decidueye, F, shiny|100/100|[from] U-turn
|move|p2a: Funni Seal|Ceaseless Edge|p1a: Decidueye
|-supereffective|p1a: Decidueye
|-damage|p1a: Decidueye|0 fnt
|-damage|p2a: Funni Seal|51/100|[from] item: Rocky Helmet|[of] p1a: Decidueye
|-sidestart|p1: Bill from Kanto|Spikes
|faint|p1a: Decidueye
|-damage|p2a: Funni Seal|41/100|[from] item: Life Orb
|
|upkeep
|c|☆Balllentus|If i do GG
|
|t:|1757798996
|switch|p1a: Blaziken|Blaziken, M|100/100
|-damage|p1a: Blaziken|88/100|[from] Spikes
|turn|10
|c|☆Bill from Kanto|if so gg
|c|☆Bill from Kanto|I'm gonna do something I probably shouldn't try lmao
|
|t:|1757799011
|move|p2a: Funni Seal|Razor Shell|p1a: Blaziken
|-supereffective|p1a: Blaziken
|-damage|p1a: Blaziken|0 fnt
|faint|p1a: Blaziken
|-damage|p2a: Funni Seal|31/100|[from] item: Life Orb
|
|upkeep
|c|☆Bill from Kanto|yeah didn't work lol
|
|t:|1757799021
|switch|p1a: Greninja|Greninja, M, shiny|83/100
|-damage|p1a: Greninja|71/100|[from] Spikes
|turn|11
|
|t:|1757799028
|move|p1a: Greninja|U-turn|p2a: Funni Seal
|-supereffective|p2a: Funni Seal
|-damage|p2a: Funni Seal|0 fnt
|faint|p2a: Funni Seal
|
|t:|1757799032
|switch|p1a: Garchomp|Garchomp, F, tera:Fairy|2/100|[from] U-turn
|-damage|p1a: Garchomp|0 fnt|[from] Spikes
|faint|p1a: Garchomp
|
|upkeep
|
|t:|1757799038
|switch|p1a: Greninja|Greninja, M, shiny|71/100
|switch|p2a: Uber eats delivery|Corviknight, M, shiny|100/100
|-damage|p1a: Greninja|59/100|[from] Spikes
|-ability|p2a: Uber eats delivery|Pressure
|turn|12
|c|☆Balllentus|(renember son dying is gay) ahh moment
|c|☆Bill from Kanto|😭
|
|t:|1757799062
|move|p1a: Greninja|Water Shuriken|p2a: Uber eats delivery
|-damage|p2a: Uber eats delivery|94/100
|-damage|p2a: Uber eats delivery|87/100
|-damage|p2a: Uber eats delivery|80/100
|-damage|p2a: Uber eats delivery|73/100
|-hitcount|p2a: Uber eats delivery|4
|move|p2a: Uber eats delivery|Brave Bird|p1a: Greninja
|-damage|p1a: Greninja|15/100
|-damage|p2a: Uber eats delivery|62/100|[from] Recoil
|
|upkeep
|turn|13
|c|☆Balllentus|FR tho
|c|☆Balllentus|ima send u as my friend now
|
|t:|1757799074
|move|p1a: Greninja|Ice Beam|p2a: Uber eats delivery
|-damage|p2a: Uber eats delivery|36/100
|move|p2a: Uber eats delivery|Brave Bird|p1a: Greninja
|-damage|p1a: Greninja|0 fnt
|faint|p1a: Greninja
|-damage|p2a: Uber eats delivery|32/100|[from] Recoil
|
|win|Balllentus
|raw|Bill from Kanto's rating: 1000 &rarr; <strong>1000</strong><br />(+0 for losing)
|raw|Balllentus's rating: 1000 &rarr; <strong>1040</strong><br />(+40 for winning)
|c|☆Bill from Kanto|alr
|c|☆Bill from Kanto|gg
|c|☆Balllentus|gg
