|j|☆TensonZheng
|j|☆420Pimmelberger
|t:|1757851073
|gametype|singles
|player|p1|TensonZheng|2|1108
|player|p2|420Pimmelberger|169|1161
|gen|9
|tier|[Gen 9] OU
|rated|
|rule|HP Percentage Mod: HP is shown in percentages
|rule|Endless Battle Clause: Forcing endless battles is banned
|rule|Species Clause: Limit one of each Pokémon
|rule|OHKO Clause: OHKO moves are banned
|rule|Evasion Items Clause: Evasion items are banned
|rule|Evasion Moves Clause: Evasion moves are banned
|rule|Evasion Abilities Clause: Evasion abilities are banned
|rule|Sleep Moves Clause: Sleep-inducing moves are banned
|clearpoke
|poke|p1|Cinderace, F|
|poke|p1|Slowking-Galar, M|
|poke|p1|Kingambit, F|
|poke|p1|Iron Valiant|
|poke|p1|Kyurem|
|poke|p1|Gliscor, F|
|poke|p2|Emboar, M|
|poke|p2|Galvantula, M|
|poke|p2|Cramorant, M|
|poke|p2|Quagsire, M|
|poke|p2|Goodra-Hisui, M|
|poke|p2|Gardevoir, F|
|teampreview
|
|t:|1757851079
|teamsize|p1|6
|teamsize|p2|6
|start
|switch|p1a: Slowking|Slowking-Galar, M|100/100
|switch|p2a: The Birb|Cramorant, M|100/100
|turn|1
|
|t:|1757851098
|move|p2a: The Birb|Surf|p1a: Slowking
|-formechange|p2a: The Birb|Cramorant-Gulping|
|-damage|p1a: Slowking|85/100
|-prepare|p1a: Slowking|Chilly Reception|[premajor]
|move|p1a: Slowking|Chilly Reception|p1a: Slowking
|-weather|Snowscape
|
|t:|1757851104
|switch|p1a: Kyurem|Kyurem|100/100|[from] Chilly Reception
|-ability|p1a: Kyurem|Pressure
|
|-weather|Snowscape|[upkeep]
|upkeep
|turn|2
|
|t:|1757851139
|switch|p2a: The Dragon|Goodra-Hisui, M|100/100
|move|p1a: Kyurem|Substitute|p1a: Kyurem
|-start|p1a: Kyurem|Substitute
|-damage|p1a: Kyurem|76/100
|
|-weather|Snowscape|[upkeep]
|-heal|p1a: Kyurem|82/100|[from] item: Leftovers
|upkeep
|turn|3
|
|t:|1757851148
|move|p1a: Kyurem|Dragon Dance|p1a: Kyurem
|-boost|p1a: Kyurem|atk|1
|-boost|p1a: Kyurem|spe|1
|move|p2a: The Dragon|Dragon Tail|p1a: Kyurem
|-supereffective|p1a: Kyurem
|-activate|p1a: Kyurem|move: Substitute|[damage]
|
|-weather|Snowscape|[upkeep]
|-heal|p1a: Kyurem|88/100|[from] item: Leftovers
|upkeep
|turn|4
|
|t:|1757851158
|switch|p2a: The Sire|Quagsire, M|100/100
|move|p1a: Kyurem|Dragon Dance|p1a: Kyurem
|-boost|p1a: Kyurem|atk|1
|-boost|p1a: Kyurem|spe|1
|
|-weather|Snowscape|[upkeep]
|-heal|p1a: Kyurem|94/100|[from] item: Leftovers
|upkeep
|turn|5
|
|t:|1757851170
|-terastallize|p1a: Kyurem|Electric
|move|p1a: Kyurem|Tera Blast|p2a: The Sire|[anim] Tera Blast Electric
|-immune|p2a: The Sire
|move|p2a: The Sire|Earthquake|p1a: Kyurem
|-supereffective|p1a: Kyurem
|-end|p1a: Kyurem|Substitute
|
|-weather|none
|-heal|p1a: Kyurem|99/100|[from] item: Leftovers
|upkeep
|turn|6
|
|t:|1757851185
|move|p1a: Kyurem|Substitute|p1a: Kyurem
|-start|p1a: Kyurem|Substitute
|-damage|p1a: Kyurem|75/100
|move|p2a: The Sire|Earthquake|p1a: Kyurem
|-supereffective|p1a: Kyurem
|-end|p1a: Kyurem|Substitute
|
|-heal|p1a: Kyurem|82/100|[from] item: Leftovers
|upkeep
|turn|7
|
|t:|1757851194
|move|p1a: Kyurem|Icicle Spear|p2a: The Sire
|-damage|p2a: The Sire|92/100
|-damage|p2a: The Sire|83/100
|-damage|p2a: The Sire|73/100
|-hitcount|p2a: The Sire|3
|move|p2a: The Sire|Earthquake|p1a: Kyurem
|-supereffective|p1a: Kyurem
|-damage|p1a: Kyurem|29/100
|
|-heal|p1a: Kyurem|35/100|[from] item: Leftovers
|-heal|p2a: The Sire|79/100|[from] item: Leftovers
|upkeep
|turn|8
|
|t:|1757851219
|move|p1a: Kyurem|Icicle Spear|p2a: The Sire
|-damage|p2a: The Sire|70/100
|-damage|p2a: The Sire|61/100
|-damage|p2a: The Sire|52/100
|-damage|p2a: The Sire|43/100
|-damage|p2a: The Sire|34/100
|-hitcount|p2a: The Sire|5
|move|p2a: The Sire|Earthquake|p1a: Kyurem
|-supereffective|p1a: Kyurem
|-damage|p1a: Kyurem|0 fnt
|faint|p1a: Kyurem
|
|-heal|p2a: The Sire|40/100|[from] item: Leftovers
|upkeep
|
|t:|1757851238
|switch|p1a: Gliscor|Gliscor, F|100/100
|turn|9
|
|t:|1757851244
|switch|p2a: The Dragon|Goodra-Hisui, M|100/100
|move|p1a: Gliscor|Stealth Rock|p2a: The Dragon
|-sidestart|p2: 420Pimmelberger|move: Stealth Rock
|
|upkeep
|turn|10
|
|t:|1757851253
|move|p1a: Gliscor|U-turn|p2a: The Dragon
|-resisted|p2a: The Dragon
|-damage|p2a: The Dragon|91/100
|
|t:|1757851265
|switch|p1a: Slowking|Slowking-Galar, M|100/100|[from] U-turn
|move|p2a: The Dragon|Ice Beam|p1a: Slowking
|-damage|p1a: Slowking|83/100
|
|upkeep
|turn|11
|
|t:|1757851278
|move|p1a: Slowking|Toxic|p2a: The Dragon
|-immune|p2a: The Dragon
|move|p2a: The Dragon|Dragon Tail|p1a: Slowking
|-damage|p1a: Slowking|64/100
|drag|p1a: Gliscor|Gliscor, F|100/100
|
|upkeep
|turn|12
|
|t:|1757851290
|move|p1a: Gliscor|U-turn|p2a: The Dragon
|-resisted|p2a: The Dragon
|-damage|p2a: The Dragon|81/100
|
|t:|1757851296
|switch|p1a: Iron Valiant|Iron Valiant|100/100|[from] U-turn
|-enditem|p1a: Iron Valiant|Booster Energy
|-activate|p1a: Iron Valiant|ability: Quark Drive|[fromitem]
|-start|p1a: Iron Valiant|quarkdrivespe
|move|p2a: The Dragon|Dragon Tail|p1a: Iron Valiant
|-immune|p1a: Iron Valiant
|
|upkeep
|turn|13
|
|t:|1757851321
|-terastallize|p2a: The Dragon|Fairy
|move|p1a: Iron Valiant|Moonblast|p2a: The Dragon
|-damage|p2a: The Dragon|61/100
|move|p2a: The Dragon|Flash Cannon|p1a: Iron Valiant
|-supereffective|p1a: Iron Valiant
|-damage|p1a: Iron Valiant|0 fnt
|faint|p1a: Iron Valiant
|-end|p1a: Iron Valiant|Quark Drive|[silent]
|
|upkeep
|
|t:|1757851333
|switch|p1a: Cinderace|Cinderace, F|100/100
|turn|14
|
|t:|1757851343
|switch|p2a: The Birb|Cramorant, M|100/100
|move|p1a: Cinderace|Sucker Punch||[still]
|-fail|p1a: Cinderace
|
|upkeep
|turn|15
|
|t:|1757851350
|move|p1a: Cinderace|U-turn|p2a: The Birb
|-start|p1a: Cinderace|typechange|Bug|[from] ability: Libero
|-resisted|p2a: The Birb
|-damage|p2a: The Birb|84/100
|
|t:|1757851356
|switch|p1a: Slowking|Slowking-Galar, M|98/100|[from] U-turn
|move|p2a: The Birb|Surf|p1a: Slowking
|-formechange|p2a: The Birb|Cramorant-Gulping|
|-damage|p1a: Slowking|81/100
|
|upkeep
|turn|16
|
|t:|1757851367
|move|p2a: The Birb|Defog|p1a: Slowking
|-unboost|p1a: Slowking|evasion|1
|-sideend|p2: 420Pimmelberger|Stealth Rock|[from] move: Defog|[of] p2a: The Birb
|move|p1a: Slowking|Toxic|p2a: The Birb
|-status|p2a: The Birb|tox
|
|-damage|p2a: The Birb|77/100 tox|[from] psn
|upkeep
|turn|17
|
|t:|1757851384
|move|p2a: The Birb|Surf|p1a: Slowking
|-damage|p1a: Slowking|65/100
|move|p1a: Slowking|Sludge Bomb|p2a: The Birb
|-damage|p2a: The Birb|41/100 tox
|-damage|p1a: Slowking|41/100|[from] ability: Gulp Missile|[of] p2a: The Birb
|-unboost|p1a: Slowking|def|1
|-formechange|p2a: The Birb|Cramorant|
|
|-damage|p2a: The Birb|28/100 tox|[from] psn
|upkeep
|turn|18
|
|t:|1757851411
|switch|p2a: The Spider|Galvantula, M|100/100
|move|p1a: Slowking|Sludge Bomb|p2a: The Spider
|-damage|p2a: The Spider|43/100
|
|upkeep
|turn|19
|
|t:|1757851422
|move|p2a: The Spider|Sticky Web|p1a: Slowking
|-sidestart|p1: TensonZheng|move: Sticky Web
|-prepare|p1a: Slowking|Chilly Reception|[premajor]
|move|p1a: Slowking|Chilly Reception|p1a: Slowking
|-weather|Snowscape
|
|t:|1757851435
|switch|p1a: Gliscor|Gliscor, F|100/100|[from] Chilly Reception
|
|-weather|Snowscape|[upkeep]
|upkeep
|turn|20
|
|t:|1757851444
|switch|p2a: The Birb|Cramorant, M|28/100 tox
|move|p1a: Gliscor|Earthquake|p2a: The Birb
|-immune|p2a: The Birb
|
|-weather|Snowscape|[upkeep]
|-damage|p2a: The Birb|22/100 tox|[from] psn
|upkeep
|turn|21
|
|t:|1757851453
|move|p1a: Gliscor|U-turn|p2a: The Birb
|-resisted|p2a: The Birb
|-damage|p2a: The Birb|13/100 tox
|
|t:|1757851458
|switch|p1a: Slowking|Slowking-Galar, M|74/100|[from] U-turn
|move|p2a: The Birb|Roost|p2a: The Birb
|-heal|p2a: The Birb|63/100 tox
|-singleturn|p2a: The Birb|move: Roost
|
|-weather|Snowscape|[upkeep]
|-damage|p2a: The Birb|51/100 tox|[from] psn
|upkeep
|turn|22
|
|t:|1757851467
|move|p2a: The Birb|Surf|p1a: Slowking
|-formechange|p2a: The Birb|Cramorant-Gulping|
|-damage|p1a: Slowking|56/100
|move|p1a: Slowking|Sludge Bomb|p2a: The Birb
|-damage|p2a: The Birb|14/100 tox
|-damage|p1a: Slowking|31/100|[from] ability: Gulp Missile|[of] p2a: The Birb
|-unboost|p1a: Slowking|def|1
|-formechange|p2a: The Birb|Cramorant|
|
|-weather|Snowscape|[upkeep]
|-damage|p2a: The Birb|0 fnt|[from] psn
|faint|p2a: The Birb
|upkeep
|
|t:|1757851480
|switch|p2a: The Pig|Emboar, M, shiny|100/100
|turn|23
|
|t:|1757851490
|move|p2a: The Pig|Knock Off|p1a: Slowking
|-supereffective|p1a: Slowking
|-damage|p1a: Slowking|0 fnt
|-enditem|p1a: Slowking|Heavy-Duty Boots|[from] move: Knock Off|[of] p2a: The Pig
|faint|p1a: Slowking
|
|-weather|none
|upkeep
|
|t:|1757851497
|switch|p1a: Cinderace|Cinderace, F|100/100
|turn|24
|
|t:|1757851514
|switch|p2a: The Fairy|Gardevoir, F|100/100
|-ability|p2a: The Fairy|Libero|Trace|[from] ability: Trace|[of] p1a: Cinderace
|move|p1a: Cinderace|U-turn|p2a: The Fairy
|-start|p1a: Cinderace|typechange|Bug|[from] ability: Libero
|-damage|p2a: The Fairy|42/100
|
|t:|1757851524
|switch|p1a: Gliscor|Gliscor, F|100/100|[from] U-turn
|
|upkeep
|turn|25
|
|t:|1757851531
|move|p2a: The Fairy|Trick|p1a: Gliscor
|-start|p2a: The Fairy|typechange|Psychic|[from] ability: Libero
|-activate|p2a: The Fairy|move: Trick|[of] p1a: Gliscor
|-item|p1a: Gliscor|Choice Scarf|[from] move: Trick
|-item|p2a: The Fairy|Leftovers|[from] move: Trick
|move|p1a: Gliscor|U-turn|p2a: The Fairy
|-supereffective|p2a: The Fairy
|-damage|p2a: The Fairy|0 fnt
|faint|p2a: The Fairy
|
|t:|1757851541
|switch|p1a: Kingambit|Kingambit, F|100/100|[from] U-turn
|-activate|p1a: Kingambit|move: Sticky Web
|-unboost|p1a: Kingambit|spe|1
|-activate|p1a: Kingambit|ability: Supreme Overlord
|-start|p1a: Kingambit|fallen3|[silent]
|
|upkeep
|
|t:|1757851561
|switch|p2a: The Sire|Quagsire, M|40/100
|turn|26
|
|t:|1757851574
|move|p2a: The Sire|Recover|p2a: The Sire
|-heal|p2a: The Sire|90/100
|move|p1a: Kingambit|Kowtow Cleave|p2a: The Sire
|-damage|p2a: The Sire|48/100
|
|-heal|p2a: The Sire|54/100|[from] item: Leftovers
|upkeep
|turn|27
|
|t:|1757851591
|move|p2a: The Sire|Recover|p2a: The Sire
|-heal|p2a: The Sire|100/100
|move|p1a: Kingambit|Iron Head|p2a: The Sire
|-resisted|p2a: The Sire
|-damage|p2a: The Sire|80/100
|
|-heal|p2a: The Sire|86/100|[from] item: Leftovers
|upkeep
|turn|28
|
|t:|1757851604
|move|p2a: The Sire|Earthquake|p1a: Kingambit
|-supereffective|p1a: Kingambit
|-damage|p1a: Kingambit|60/100
|move|p1a: Kingambit|Swords Dance|p1a: Kingambit
|-boost|p1a: Kingambit|atk|2
|
|-heal|p2a: The Sire|92/100|[from] item: Leftovers
|-heal|p1a: Kingambit|66/100|[from] item: Leftovers
|upkeep
|turn|29
|
|t:|1757851614
|move|p2a: The Sire|Earthquake|p1a: Kingambit
|-supereffective|p1a: Kingambit
|-damage|p1a: Kingambit|21/100
|move|p1a: Kingambit|Kowtow Cleave|p2a: The Sire
|-damage|p2a: The Sire|48/100
|
|-heal|p2a: The Sire|54/100|[from] item: Leftovers
|-heal|p1a: Kingambit|28/100|[from] item: Leftovers
|upkeep
|turn|30
|
|t:|1757851628
|-end|p1a: Kingambit|fallen3|[silent]
|switch|p1a: Gliscor|Gliscor, F|100/100
|move|p2a: The Sire|Recover|p2a: The Sire
|-heal|p2a: The Sire|100/100
|
|upkeep
|turn|31
|
|t:|1757851643
|switch|p2a: The Spider|Galvantula, M|43/100
|move|p1a: Gliscor|U-turn|p2a: The Spider
|-damage|p2a: The Spider|9/100
|
|t:|1757851649
|switch|p1a: Cinderace|Cinderace, F|100/100|[from] U-turn
|
|upkeep
|turn|32
|
|t:|1757851654
|switch|p2a: The Sire|Quagsire, M|100/100
|move|p1a: Cinderace|Court Change|p1a: Cinderace
|-start|p1a: Cinderace|typechange|Normal|[from] ability: Libero
|-swapsideconditions
|-activate|p1a: Cinderace|move: Court Change
|
|upkeep
|turn|33
|
|t:|1757851667
|move|p1a: Cinderace|U-turn|p2a: The Sire
|-damage|p2a: The Sire|85/100
|
|t:|1757851670
|switch|p1a: Gliscor|Gliscor, F|100/100|[from] U-turn
|move|p2a: The Sire|Stealth Rock|p1a: Gliscor
|-sidestart|p1: TensonZheng|move: Stealth Rock
|
|-heal|p2a: The Sire|91/100|[from] item: Leftovers
|upkeep
|turn|34
|
|t:|1757851685
|move|p1a: Gliscor|Taunt|p2a: The Sire
|-start|p2a: The Sire|move: Taunt
|move|p2a: The Sire|Earthquake|p1a: Gliscor
|-immune|p1a: Gliscor
|
|-heal|p2a: The Sire|97/100|[from] item: Leftovers
|upkeep
|turn|35
|
|t:|1757851707
|move|p1a: Gliscor|Taunt||[still]
|-fail|p1a: Gliscor
|move|p2a: The Sire|Earthquake|p1a: Gliscor
|-immune|p1a: Gliscor
|
|-heal|p2a: The Sire|100/100|[from] item: Leftovers
|upkeep
|turn|36
|
|t:|1757851726
|switch|p2a: The Dragon|Goodra-Hisui, M, tera:Fairy|61/100
|-activate|p2a: The Dragon|move: Sticky Web
|-unboost|p2a: The Dragon|spe|1
|move|p1a: Gliscor|Taunt|p2a: The Dragon
|-start|p2a: The Dragon|move: Taunt
|
|upkeep
|turn|37
|
|t:|1757851739
|switch|p1a: Cinderace|Cinderace, F|100/100
|move|p2a: The Dragon|Dragon Tail|p1a: Cinderace
|-damage|p1a: Cinderace|76/100
|drag|p1a: Kingambit|Kingambit, F|28/100
|-damage|p1a: Kingambit|21/100|[from] Stealth Rock
|-activate|p1a: Kingambit|ability: Supreme Overlord
|-start|p1a: Kingambit|fallen3|[silent]
|
|-heal|p1a: Kingambit|28/100|[from] item: Leftovers
|upkeep
|turn|38
|
|t:|1757851756
|switch|p2a: The Sire|Quagsire, M|100/100
|-activate|p2a: The Sire|move: Sticky Web
|-unboost|p2a: The Sire|spe|1
|move|p1a: Kingambit|Kowtow Cleave|p2a: The Sire
|-damage|p2a: The Sire|54/100
|
|-heal|p1a: Kingambit|34/100|[from] item: Leftovers
|-heal|p2a: The Sire|60/100|[from] item: Leftovers
|upkeep
|turn|39
|
|t:|1757851769
|-end|p1a: Kingambit|fallen3|[silent]
|switch|p1a: Gliscor|Gliscor, F|100/100
|-damage|p1a: Gliscor|88/100|[from] Stealth Rock
|move|p2a: The Sire|Recover|p2a: The Sire
|-heal|p2a: The Sire|100/100
|
|upkeep
|turn|40
|
|t:|1757851784
|move|p1a: Gliscor|Stealth Rock|p2a: The Sire
|-sidestart|p2: 420Pimmelberger|move: Stealth Rock
|move|p2a: The Sire|Stealth Rock||[still]
|-fail|p2a: The Sire
|
|upkeep
|turn|41
|
|t:|1757851798
|switch|p2a: The Spider|Galvantula, M|9/100
|move|p1a: Gliscor|Stealth Rock||[still]
|-fail|p1a: Gliscor
|
|upkeep
|turn|42
|
|t:|1757851810
|switch|p1a: Cinderace|Cinderace, F|76/100
|move|p2a: The Spider|Thunder Wave|p1a: Cinderace
|-status|p1a: Cinderace|par
|
|upkeep
|turn|43
|
|t:|1757851820
|switch|p2a: The Sire|Quagsire, M|100/100
|-activate|p2a: The Sire|move: Sticky Web
|-unboost|p2a: The Sire|spe|1
|-damage|p2a: The Sire|94/100|[from] Stealth Rock
|cant|p1a: Cinderace|par
|
|-heal|p2a: The Sire|100/100|[from] item: Leftovers
|upkeep
|turn|44
|
|t:|1757851838
|move|p1a: Cinderace|U-turn|p2a: The Sire
|-start|p1a: Cinderace|typechange|Bug|[from] ability: Libero
|-damage|p2a: The Sire|76/100
|
|t:|1757851843
|switch|p1a: Gliscor|Gliscor, F|88/100|[from] U-turn
|-damage|p1a: Gliscor|76/100|[from] Stealth Rock
|move|p2a: The Sire|Earthquake|p1a: Gliscor
|-immune|p1a: Gliscor
|
|-heal|p2a: The Sire|82/100|[from] item: Leftovers
|upkeep
|turn|45
|
|t:|1757851854
|move|p1a: Gliscor|U-turn|p2a: The Sire
|-damage|p2a: The Sire|69/100
|
|t:|1757851858
|switch|p1a: Cinderace|Cinderace, F|76/100 par|[from] U-turn
|move|p2a: The Sire|Stealth Rock||[still]
|-fail|p2a: The Sire
|
|-heal|p2a: The Sire|75/100|[from] item: Leftovers
|upkeep
|turn|46
|
|t:|1757851879
|move|p1a: Cinderace|U-turn|p2a: The Sire
|-start|p1a: Cinderace|typechange|Bug|[from] ability: Libero
|-damage|p2a: The Sire|54/100
|
|t:|1757851883
|switch|p1a: Gliscor|Gliscor, F|76/100|[from] U-turn
|-damage|p1a: Gliscor|63/100|[from] Stealth Rock
|move|p2a: The Sire|Stealth Rock||[still]
|-fail|p2a: The Sire
|
|-heal|p2a: The Sire|60/100|[from] item: Leftovers
|upkeep
|turn|47
|
|t:|1757851893
|move|p1a: Gliscor|Earthquake|p2a: The Sire
|-damage|p2a: The Sire|31/100
|move|p2a: The Sire|Earthquake|p1a: Gliscor
|-immune|p1a: Gliscor
|
|-heal|p2a: The Sire|37/100|[from] item: Leftovers
|upkeep
|turn|48
|
|t:|1757851901
|move|p1a: Gliscor|Earthquake|p2a: The Sire
|-damage|p2a: The Sire|10/100
|move|p2a: The Sire|Recover|p2a: The Sire
|-heal|p2a: The Sire|60/100
|
|-heal|p2a: The Sire|66/100|[from] item: Leftovers
|upkeep
|turn|49
|
|t:|1757851949
|switch|p2a: The Spider|Galvantula, M|9/100
|move|p1a: Gliscor|Earthquake|p2a: The Spider
|-damage|p2a: The Spider|0 fnt
|faint|p2a: The Spider
|
|upkeep
|
|t:|1757851955
|switch|p2a: The Dragon|Goodra-Hisui, M, tera:Fairy|61/100
|-activate|p2a: The Dragon|move: Sticky Web
|-unboost|p2a: The Dragon|spe|1
|-damage|p2a: The Dragon|49/100|[from] Stealth Rock
|turn|50
|
|t:|1757851968
|move|p1a: Gliscor|Earthquake|p2a: The Dragon
|-damage|p2a: The Dragon|12/100
|move|p2a: The Dragon|Ice Beam|p1a: Gliscor
|-supereffective|p1a: Gliscor
|-damage|p1a: Gliscor|0 fnt
|faint|p1a: Gliscor
|
|upkeep
|
|t:|1757851980
|switch|p1a: Cinderace|Cinderace, F|76/100 par
|turn|51
|
|t:|1757851991
|cant|p1a: Cinderace|par
|move|p2a: The Dragon|Dragon Tail|p1a: Cinderace
|-damage|p1a: Cinderace|49/100 par
|drag|p1a: Kingambit|Kingambit, F|34/100
|-damage|p1a: Kingambit|28/100|[from] Stealth Rock
|-activate|p1a: Kingambit|ability: Supreme Overlord
|-start|p1a: Kingambit|fallen4|[silent]
|
|-heal|p1a: Kingambit|34/100|[from] item: Leftovers
|upkeep
|turn|52
|
|t:|1757852007
|move|p1a: Kingambit|Kowtow Cleave|p2a: The Dragon
|-resisted|p2a: The Dragon
|-damage|p2a: The Dragon|0 fnt
|faint|p2a: The Dragon
|
|-heal|p1a: Kingambit|40/100|[from] item: Leftovers
|upkeep
|
|t:|1757852014
|switch|p2a: The Sire|Quagsire, M|66/100
|-activate|p2a: The Sire|move: Sticky Web
|-unboost|p2a: The Sire|spe|1
|-damage|p2a: The Sire|60/100|[from] Stealth Rock
|turn|53
|
|t:|1757852023
|move|p1a: Kingambit|Kowtow Cleave|p2a: The Sire
|-damage|p2a: The Sire|9/100
|move|p2a: The Sire|Earthquake|p1a: Kingambit
|-supereffective|p1a: Kingambit
|-damage|p1a: Kingambit|0 fnt
|faint|p1a: Kingambit
|-end|p1a: Kingambit|fallen4|[silent]
|
|-heal|p2a: The Sire|15/100|[from] item: Leftovers
|upkeep
|
|t:|1757852029
|switch|p1a: Cinderace|Cinderace, F|49/100 par
|turn|54
|
|t:|1757852037
|move|p1a: Cinderace|U-turn|p2a: The Sire
|-start|p1a: Cinderace|typechange|Bug|[from] ability: Libero
|-damage|p2a: The Sire|0 fnt
|faint|p2a: The Sire
|
|upkeep
|
|t:|1757852043
|switch|p2a: The Pig|Emboar, M, shiny|100/100
|-activate|p2a: The Pig|move: Sticky Web
|-unboost|p2a: The Pig|spe|1
|-damage|p2a: The Pig|88/100|[from] Stealth Rock
|turn|55
|inactive|Battle timer is ON: inactive players will automatically lose when time's up. (requested by 420Pimmelberger)
|
|t:|1757852057
|move|p1a: Cinderace|Sucker Punch|p2a: The Pig
|-resisted|p2a: The Pig
|-damage|p2a: The Pig|73/100
|move|p2a: The Pig|Flare Blitz|p1a: Cinderace
|-supereffective|p1a: Cinderace
|-crit|p1a: Cinderace
|-damage|p1a: Cinderace|0 fnt
|faint|p1a: Cinderace
|-damage|p2a: The Pig|60/100|[from] Recoil
|
|win|420Pimmelberger
|raw|TensonZheng's rating: 1108 &rarr; <strong>1087</strong><br />(-21 for losing)
|raw|420Pimmelberger's rating: 1161 &rarr; <strong>1182</strong><br />(+21 for winning)
|l|☆420Pimmelberger
|player|p2|
|l|☆TensonZheng
|player|p1|
