|j|☆ZeNiN_K1
|j|☆Monkartx
|t:|1757892081
|gametype|singles
|player|p1|ZeNiN_K1|acetrainer-gen4|1202
|player|p2|Monkartx|dancer|1215
|gen|9
|tier|[Gen 9] OU
|rated|
|rule|HP Percentage Mod: HP is shown in percentages
|rule|Endless Battle Clause: Forcing endless battles is banned
|rule|Species Clause: Limit one of each Pokémon
|rule|OHKO Clause: OHKO moves are banned
|rule|Evasion Items Clause: Evasion items are banned
|rule|Evasion Moves Clause: Evasion moves are banned
|rule|Evasion Abilities Clause: Evasion abilities are banned
|rule|Sleep Moves Clause: Sleep-inducing moves are banned
|clearpoke
|poke|p1|Zamazenta-*|
|poke|p1|Ninetales-Alola, F|
|poke|p1|Darkrai|
|poke|p1|Ceruledge, M|
|poke|p1|Gliscor, M|
|poke|p1|Hatterene, F|
|poke|p2|Greninja-*, M|
|poke|p2|Corviknight, F|
|poke|p2|Dragapult, M|
|poke|p2|Deoxys-Speed|
|poke|p2|Zamazenta-*|
|poke|p2|Forretress, F|
|teampreview
|inactive|Battle timer is ON: inactive players will automatically lose when time's up. (requested by Monkartx)
|
|t:|1757892109
|teamsize|p1|6
|teamsize|p2|6
|start
|switch|p1a: Ceruledge|Ceruledge, M|100/100
|switch|p2a: Forretress|Forretress, F|100/100
|turn|1
|
|t:|1757892116
|move|p1a: Ceruledge|Bulk Up|p1a: Ceruledge
|-boost|p1a: Ceruledge|atk|1
|-boost|p1a: Ceruledge|def|1
|move|p2a: Forretress|Stealth Rock|p1a: Ceruledge
|-sidestart|p1: ZeNiN_K1|move: Stealth Rock
|
|upkeep
|turn|2
|
|t:|1757892122
|move|p1a: Ceruledge|Bitter Blade|p2a: Forretress
|-supereffective|p2a: Forretress
|-ability|p2a: Forretress|Sturdy
|-damage|p2a: Forretress|1/100
|-enditem|p2a: Forretress|Red Card|[of] p1a: Ceruledge
|drag|p1a: Zamazenta|Zamazenta|100/100
|-damage|p1a: Zamazenta|94/100|[from] Stealth Rock
|-ability|p1a: Zamazenta|Dauntless Shield|boost
|-boost|p1a: Zamazenta|def|1
|move|p2a: Forretress|Spikes|p1a: Zamazenta
|-sidestart|p1: ZeNiN_K1|Spikes
|
|upkeep
|turn|3
|
|t:|1757892134
|move|p1a: Zamazenta|Body Press|p2a: Forretress
|-damage|p2a: Forretress|0 fnt
|faint|p2a: Forretress
|
|upkeep
|
|t:|1757892141
|switch|p2a: Deoxys|Deoxys-Speed|100/100
|-ability|p2a: Deoxys|Pressure
|turn|4
|
|t:|1757892151
|-terastallize|p1a: Zamazenta|Fire
|move|p2a: Deoxys|Nasty Plot|p2a: Deoxys
|-boost|p2a: Deoxys|spa|2
|move|p1a: Zamazenta|Crunch|p2a: Deoxys
|-supereffective|p2a: Deoxys
|-damage|p2a: Deoxys|32/100
|
|upkeep
|turn|5
|
|t:|1757892161
|move|p2a: Deoxys|Psycho Boost|p1a: Zamazenta
|-damage|p1a: Zamazenta|0 fnt
|-unboost|p2a: Deoxys|spa|2
|faint|p1a: Zamazenta
|
|upkeep
|
|t:|1757892165
|switch|p1a: Ceruledge|Ceruledge, M|100/100
|-damage|p1a: Ceruledge|76/100|[from] Stealth Rock
|-damage|p1a: Ceruledge|63/100|[from] Spikes
|turn|6
|
|t:|1757892174
|move|p1a: Ceruledge|Shadow Sneak|p2a: Deoxys
|-supereffective|p2a: Deoxys
|-damage|p2a: Deoxys|0 fnt
|faint|p2a: Deoxys
|
|upkeep
|
|t:|1757892182
|switch|p2a: Greninja|Greninja, M|100/100
|turn|7
|
|t:|1757892201
|switch|p1a: Hatterene|Hatterene, F|100/100
|-damage|p1a: Hatterene|88/100|[from] Stealth Rock
|-damage|p1a: Hatterene|76/100|[from] Spikes
|move|p2a: Greninja|Surf|p1a: Hatterene
|-damage|p1a: Hatterene|45/100
|-damage|p2a: Greninja|91/100|[from] item: Life Orb
|
|upkeep
|turn|8
|
|t:|1757892216
|move|p2a: Greninja|Dark Pulse|p1a: Hatterene
|-damage|p1a: Hatterene|14/100
|-damage|p2a: Greninja|81/100|[from] item: Life Orb
|cant|p1a: Hatterene|flinch
|
|upkeep
|turn|9
|
|t:|1757892233
|move|p2a: Greninja|Surf|p1a: Hatterene
|-damage|p1a: Hatterene|0 fnt
|faint|p1a: Hatterene
|-ability|p2a: Greninja|Battle Bond|boost
|-boost|p2a: Greninja|atk|1
|-boost|p2a: Greninja|spa|1
|-boost|p2a: Greninja|spe|1
|-activate|p2a: Greninja|ability: Battle Bond
|-damage|p2a: Greninja|71/100|[from] item: Life Orb
|
|upkeep
|
|t:|1757892235
|switch|p1a: Ninetales|Ninetales-Alola, F|100/100
|-damage|p1a: Ninetales|76/100|[from] Stealth Rock
|-damage|p1a: Ninetales|63/100|[from] Spikes
|-weather|Snowscape|[from] ability: Snow Warning|[of] p1a: Ninetales
|turn|10
|
|t:|1757892251
|-terastallize|p2a: Greninja|Poison
|move|p2a: Greninja|Sludge Wave|p1a: Ninetales
|-supereffective|p1a: Ninetales
|-damage|p1a: Ninetales|0 fnt
|faint|p1a: Ninetales
|-damage|p2a: Greninja|61/100|[from] item: Life Orb
|
|-weather|Snowscape|[upkeep]
|upkeep
|
|t:|1757892260
|switch|p1a: Gliscor|Gliscor, M|100/100
|-damage|p1a: Gliscor|88/100|[from] Stealth Rock
|turn|11
|
|t:|1757892271
|move|p2a: Greninja|Ice Beam|p1a: Gliscor
|-supereffective|p1a: Gliscor
|-damage|p1a: Gliscor|0 fnt
|faint|p1a: Gliscor
|-damage|p2a: Greninja|51/100|[from] item: Life Orb
|
|-weather|Snowscape|[upkeep]
|upkeep
|
|t:|1757892287
|switch|p1a: Darkrai|Darkrai|100/100
|-damage|p1a: Darkrai|88/100|[from] Stealth Rock
|-damage|p1a: Darkrai|76/100|[from] Spikes
|turn|12
|
|t:|1757892294
|move|p2a: Greninja|Sludge Wave|p1a: Darkrai
|-damage|p1a: Darkrai|0 fnt
|faint|p1a: Darkrai
|-damage|p2a: Greninja|42/100|[from] item: Life Orb
|
|-weather|Snowscape|[upkeep]
|upkeep
|
|t:|1757892296
|switch|p1a: Ceruledge|Ceruledge, M|63/100
|-damage|p1a: Ceruledge|38/100|[from] Stealth Rock
|-damage|p1a: Ceruledge|26/100|[from] Spikes
|turn|13
|
|t:|1757892303
|move|p1a: Ceruledge|Shadow Sneak|p2a: Greninja
|-damage|p2a: Greninja|14/100
|move|p2a: Greninja|Surf|p1a: Ceruledge
|-supereffective|p1a: Ceruledge
|-damage|p1a: Ceruledge|0 fnt
|faint|p1a: Ceruledge
|-damage|p2a: Greninja|4/100|[from] item: Life Orb
|
|win|Monkartx
|raw|ZeNiN_K1's rating: 1202 &rarr; <strong>1178</strong><br />(-24 for losing)
|raw|Monkartx's rating: 1215 &rarr; <strong>1239</strong><br />(+24 for winning)
|c|☆Monkartx|gg
