|j|☆Bel1saire
|j|☆Jon Mateo
|t:|1757926246
|gametype|singles
|player|p1|Bel1saire|hilbert-wonderlauncher|1263
|player|p2|Jon Mateo|266|1260
|gen|9
|tier|[Gen 9] OU
|rated|
|rule|HP Percentage Mod: HP is shown in percentages
|rule|Endless Battle Clause: Forcing endless battles is banned
|rule|Species Clause: Limit one of each Pokémon
|rule|OHKO Clause: OHKO moves are banned
|rule|Evasion Items Clause: Evasion items are banned
|rule|Evasion Moves Clause: Evasion moves are banned
|rule|Evasion Abilities Clause: Evasion abilities are banned
|rule|Sleep Moves Clause: Sleep-inducing moves are banned
|clearpoke
|poke|p1|Dragonite, M|
|poke|p1|Zamazenta-*|
|poke|p1|Landorus-Therian, M|
|poke|p1|Gholdengo|
|poke|p1|Darkrai|
|poke|p1|Hatterene, F|
|poke|p2|Ceruledge, M|
|poke|p2|Lokix, M|
|poke|p2|Ampharos, M|
|poke|p2|Quaquaval, F|
|poke|p2|Gardevoir, F|
|poke|p2|Garchomp, M|
|teampreview
|
|t:|1757926280
|teamsize|p1|6
|teamsize|p2|6
|start
|switch|p1a: Landorus|Landorus-Therian, M|100/100
|switch|p2a: Ampharos|Ampharos, M|100/100
|-ability|p1a: Landorus|Intimidate|boost
|-unboost|p2a: Ampharos|atk|1
|turn|1
|
|t:|1757926304
|move|p1a: Landorus|Earthquake|p2a: Ampharos
|-supereffective|p2a: Ampharos
|-damage|p2a: Ampharos|10/100
|-enditem|p2a: Ampharos|Sitrus Berry|[eat]
|-heal|p2a: Ampharos|35/100|[from] item: Sitrus Berry
|move|p2a: Ampharos|Ice Punch|p1a: Landorus
|-supereffective|p1a: Landorus
|-damage|p1a: Landorus|67/100
|-damage|p2a: Ampharos|19/100|[from] item: Rocky Helmet|[of] p1a: Landorus
|
|upkeep
|turn|2
|inactive|Battle timer is ON: inactive players will automatically lose when time's up. (requested by Bel1saire)
|
|t:|1757926372
|switch|p2a: Garchomp|Garchomp, M|100/100
|move|p1a: Landorus|Earthquake|p2a: Garchomp
|-damage|p2a: Garchomp|56/100
|
|upkeep
|turn|3
|
|t:|1757926397
|move|p1a: Landorus|Earthquake|p2a: Garchomp
|-damage|p2a: Garchomp|11/100
|move|p2a: Garchomp|Scale Shot|p1a: Landorus
|-damage|p1a: Landorus|53/100
|-crit|p1a: Landorus
|-damage|p1a: Landorus|33/100
|-damage|p1a: Landorus|21/100
|-damage|p1a: Landorus|7/100
|-hitcount|p1a: Landorus|4
|-unboost|p2a: Garchomp|def|1
|-boost|p2a: Garchomp|spe|1
|
|upkeep
|turn|4
|
|t:|1757926410
|move|p2a: Garchomp|Iron Head|p1a: Landorus
|-crit|p1a: Landorus
|-damage|p1a: Landorus|0 fnt
|-damage|p2a: Garchomp|0 fnt|[from] item: Rocky Helmet|[of] p1a: Landorus
|faint|p1a: Landorus
|faint|p2a: Garchomp
|
|upkeep
|inactive|Bel1saire has 120 seconds left.
|
|t:|1757926425
|switch|p1a: Gholdengo|Gholdengo|100/100
|switch|p2a: Ampharos|Ampharos, M|19/100
|turn|5
|inactive|Jon Mateo has 120 seconds left.
|
|t:|1757926459
|move|p1a: Gholdengo|Make It Rain|p2a: Ampharos
|-resisted|p2a: Ampharos
|-damage|p2a: Ampharos|0 fnt
|-unboost|p1a: Gholdengo|spa|1
|faint|p2a: Ampharos
|
|upkeep
|inactive|Jon Mateo has 120 seconds left.
|
|t:|1757926469
|switch|p2a: Quaquaval|Quaquaval, F|100/100
|turn|6
|
|t:|1757926479
|switch|p1a: Zamazenta|Zamazenta|100/100
|-ability|p1a: Zamazenta|Dauntless Shield|boost
|-boost|p1a: Zamazenta|def|1
|move|p2a: Quaquaval|U-turn|p1a: Zamazenta
|-resisted|p1a: Zamazenta
|-damage|p1a: Zamazenta|91/100
|
|t:|1757926486
|switch|p2a: Gardevoir|Gardevoir, F|100/100|[from] U-turn
|
|-heal|p1a: Zamazenta|97/100|[from] item: Leftovers
|upkeep
|turn|7
|
|t:|1757926503
|switch|p1a: Gholdengo|Gholdengo|100/100
|move|p2a: Gardevoir|Mystical Fire|p1a: Gholdengo
|-supereffective|p1a: Gholdengo
|-damage|p1a: Gholdengo|42/100
|-unboost|p1a: Gholdengo|spa|1
|
|upkeep
|turn|8
|
|t:|1757926509
|move|p2a: Gardevoir|Mystical Fire|p1a: Gholdengo
|-supereffective|p1a: Gholdengo
|-damage|p1a: Gholdengo|0 fnt
|faint|p1a: Gholdengo
|
|upkeep
|
|t:|1757926523
|switch|p1a: Hatterene|Hatterene, F|100/100
|turn|9
|
|t:|1757926540
|move|p2a: Gardevoir|Mystical Fire|p1a: Hatterene
|-damage|p1a: Hatterene|83/100
|-unboost|p1a: Hatterene|spa|1
|move|p1a: Hatterene|Mystical Fire|p2a: Gardevoir
|-damage|p2a: Gardevoir|83/100
|-unboost|p2a: Gardevoir|spa|1
|
|upkeep
|turn|10
|
|t:|1757926549
|move|p2a: Gardevoir|Mystical Fire|p1a: Hatterene
|-damage|p1a: Hatterene|72/100
|-unboost|p1a: Hatterene|spa|1
|move|p1a: Hatterene|Mystical Fire|p2a: Gardevoir
|-damage|p2a: Gardevoir|68/100
|-unboost|p2a: Gardevoir|spa|1
|
|upkeep
|turn|11
|
|t:|1757926562
|switch|p2a: Quaquaval|Quaquaval, F|100/100
|move|p1a: Hatterene|Psyshock|p2a: Quaquaval
|-supereffective|p2a: Quaquaval
|-damage|p2a: Quaquaval|47/100
|
|upkeep
|turn|12
|
|t:|1757926567
|move|p2a: Quaquaval|Aqua Step|p1a: Hatterene
|-damage|p1a: Hatterene|0 fnt
|-boost|p2a: Quaquaval|spe|1
|faint|p1a: Hatterene
|-ability|p2a: Quaquaval|Moxie|boost
|-boost|p2a: Quaquaval|atk|1
|
|upkeep
|
|t:|1757926574
|switch|p1a: Dragonite|Dragonite, M|100/100
|turn|13
|inactive|Jon Mateo has 120 seconds left.
|
|t:|1757926610
|-terastallize|p1a: Dragonite|Flying
|move|p2a: Quaquaval|Aqua Step|p1a: Dragonite
|-damage|p1a: Dragonite|49/100
|-boost|p2a: Quaquaval|spe|1
|move|p1a: Dragonite|Dragon Dance|p1a: Dragonite
|-boost|p1a: Dragonite|atk|1
|-boost|p1a: Dragonite|spe|1
|
|upkeep
|turn|14
|inactive|Jon Mateo has 120 seconds left.
|
|t:|1757926619
|move|p1a: Dragonite|Extreme Speed|p2a: Quaquaval
|-damage|p2a: Quaquaval|0 fnt
|faint|p2a: Quaquaval
|
|upkeep
|inactive|Jon Mateo has 120 seconds left.
|
|t:|1757926630
|switch|p2a: Lokix|Lokix, M|100/100
|turn|15
|inactive|Bel1saire has 120 seconds left.
|
|t:|1757926667
|switch|p1a: Zamazenta|Zamazenta|97/100
|move|p2a: Lokix|First Impression|p1a: Zamazenta
|-resisted|p1a: Zamazenta
|-crit|p1a: Zamazenta
|-damage|p1a: Zamazenta|53/100
|
|-heal|p1a: Zamazenta|59/100|[from] item: Leftovers
|upkeep
|turn|16
|inactive|Bel1saire has 120 seconds left.
|inactive|Jon Mateo has 120 seconds left.
|
|t:|1757926686
|move|p1a: Zamazenta|Iron Defense|p1a: Zamazenta
|-boost|p1a: Zamazenta|def|2
|move|p2a: Lokix|Axe Kick|p1a: Zamazenta|[miss]
|-miss|p2a: Lokix|p1a: Zamazenta
|-damage|p2a: Lokix|51/100|[from] highjumpkick
|
|-heal|p1a: Zamazenta|65/100|[from] item: Leftovers
|upkeep
|turn|17
|
|t:|1757926693
|move|p1a: Zamazenta|Iron Defense|p1a: Zamazenta
|-boost|p1a: Zamazenta|def|2
|move|p2a: Lokix|Axe Kick|p1a: Zamazenta
|-damage|p1a: Zamazenta|56/100
|-start|p1a: Zamazenta|confusion
|
|-heal|p1a: Zamazenta|62/100|[from] item: Leftovers
|upkeep
|turn|18
|
|t:|1757926698
|-activate|p1a: Zamazenta|confusion
|move|p1a: Zamazenta|Body Press|p2a: Lokix
|-damage|p2a: Lokix|0 fnt
|faint|p2a: Lokix
|
|-heal|p1a: Zamazenta|68/100|[from] item: Leftovers
|upkeep
|
|t:|1757926701
|switch|p2a: Gardevoir|Gardevoir, F|68/100
|turn|19
|
|t:|1757926706
|-activate|p1a: Zamazenta|confusion
|move|p1a: Zamazenta|Body Press|p2a: Gardevoir
|-resisted|p2a: Gardevoir
|-damage|p2a: Gardevoir|30/100
|move|p2a: Gardevoir|Moonblast|p1a: Zamazenta
|-supereffective|p1a: Zamazenta
|-damage|p1a: Zamazenta|0 fnt
|faint|p1a: Zamazenta
|
|upkeep
|
|t:|1757926713
|switch|p1a: Dragonite|Dragonite, M, tera:Flying|49/100
|turn|20
|
|t:|1757926721
|switch|p2a: Ceruledge|Ceruledge, M|100/100
|move|p1a: Dragonite|Tera Blast|p2a: Ceruledge|[anim] Tera Blast Flying
|-damage|p2a: Ceruledge|28/100
|-ability|p2a: Ceruledge|Weak Armor|boost
|-unboost|p2a: Ceruledge|def|1
|-boost|p2a: Ceruledge|spe|2
|
|upkeep
|turn|21
|inactive|Jon Mateo has 120 seconds left.
|
|t:|1757926763
|move|p2a: Ceruledge|Bitter Blade|p1a: Dragonite
|-damage|p1a: Dragonite|0 fnt
|-heal|p2a: Ceruledge|55/100|[from] drain|[of] p1a: Dragonite
|faint|p1a: Dragonite
|-damage|p2a: Ceruledge|45/100|[from] item: Life Orb
|
|upkeep
|
|t:|1757926773
|switch|p1a: Darkrai|Darkrai|100/100
|turn|22
|inactive|Jon Mateo has 120 seconds left.
|
|t:|1757926780
|-terastallize|p2a: Ceruledge|Fire
|move|p2a: Ceruledge|Bitter Blade|p1a: Darkrai
|-damage|p1a: Darkrai|5/100
|-heal|p2a: Ceruledge|97/100|[from] drain|[of] p1a: Darkrai
|-damage|p2a: Ceruledge|87/100|[from] item: Life Orb
|move|p1a: Darkrai|Dark Pulse|p2a: Ceruledge
|-damage|p2a: Ceruledge|46/100
|
|upkeep
|turn|23
|-message|Bel1saire forfeited.
|
|win|Jon Mateo
|raw|Bel1saire's rating: 1263 &rarr; <strong>1238</strong><br />(-25 for losing)
|raw|Jon Mateo's rating: 1260 &rarr; <strong>1285</strong><br />(+25 for winning)
|l|☆Bel1saire
|player|p1|
|l|☆Jon Mateo
|player|p2|
