|j|☆DARIEL-PROTOTYPE
|j|☆CDCS3 leal
|t:|1757796307
|gametype|singles
|player|p1|DARIEL-PROTOTYPE|ghetsis|1233
|player|p2|CDCS3 leal|bruno|1251
|gen|9
|tier|[Gen 9] OU
|rated|
|rule|HP Percentage Mod: HP is shown in percentages
|rule|Endless Battle Clause: Forcing endless battles is banned
|rule|Species Clause: Limit one of each Pokémon
|rule|OHKO Clause: OHKO moves are banned
|rule|Evasion Items Clause: Evasion items are banned
|rule|Evasion Moves Clause: Evasion moves are banned
|rule|Evasion Abilities Clause: Evasion abilities are banned
|rule|Sleep Moves Clause: Sleep-inducing moves are banned
|clearpoke
|poke|p1|Ogerpon-Cornerstone, F|
|poke|p1|Alomomola, M|
|poke|p1|Haxorus, M|
|poke|p1|Moltres|
|poke|p1|Great Tusk|
|poke|p1|Ting-Lu|
|poke|p2|Kyurem|
|poke|p2|Corviknight, F|
|poke|p2|Ting-Lu|
|poke|p2|Dondozo, F|
|poke|p2|Slowking-Galar, L99, M|
|poke|p2|Cinderace, F|
|teampreview
|inactive|Battle timer is ON: inactive players will automatically lose when time's up. (requested by DARIEL-PROTOTYPE)
|
|t:|1757796326
|teamsize|p1|6
|teamsize|p2|6
|start
|switch|p1a: Ting-Lu|Ting-Lu|100/100
|switch|p2a: Cinderace|Cinderace, F|100/100
|-ability|p1a: Ting-Lu|Vessel of Ruin
|turn|1
|
|t:|1757796332
|move|p2a: Cinderace|U-turn|p1a: Ting-Lu
|-start|p2a: Cinderace|typechange|Bug|[from] ability: Libero
|-supereffective|p1a: Ting-Lu
|-damage|p1a: Ting-Lu|74/100
|
|t:|1757796339
|switch|p2a: Dondozo|Dondozo, F|100/100|[from] U-turn
|move|p1a: Ting-Lu|Stealth Rock|p2a: Dondozo
|-sidestart|p2: CDCS3 leal|move: Stealth Rock
|
|-heal|p1a: Ting-Lu|80/100|[from] item: Leftovers
|upkeep
|turn|2
|
|t:|1757796347
|move|p1a: Ting-Lu|Ruination|p2a: Dondozo|[miss]
|-miss|p1a: Ting-Lu|p2a: Dondozo
|move|p2a: Dondozo|Waterfall|p1a: Ting-Lu
|-supereffective|p1a: Ting-Lu
|-damage|p1a: Ting-Lu|49/100
|
|-heal|p1a: Ting-Lu|56/100|[from] item: Leftovers
|upkeep
|turn|3
|
|t:|1757796353
|move|p1a: Ting-Lu|Ruination|p2a: Dondozo
|-damage|p2a: Dondozo|51/100
|move|p2a: Dondozo|Body Press|p1a: Ting-Lu
|-supereffective|p1a: Ting-Lu
|-damage|p1a: Ting-Lu|24/100
|
|-heal|p1a: Ting-Lu|31/100|[from] item: Leftovers
|-heal|p2a: Dondozo|57/100|[from] item: Leftovers
|upkeep
|turn|4
|
|t:|1757796365
|switch|p1a: Moltres|Moltres|100/100
|move|p2a: Dondozo|Body Press|p1a: Moltres
|-resisted|p1a: Moltres
|-damage|p1a: Moltres|90/100
|-status|p2a: Dondozo|brn|[from] ability: Flame Body|[of] p1a: Moltres
|
|-heal|p2a: Dondozo|63/100 brn|[from] item: Leftovers
|-damage|p2a: Dondozo|57/100 brn|[from] brn
|upkeep
|turn|5
|
|t:|1757796371
|move|p1a: Moltres|U-turn|p2a: Dondozo
|-crit|p2a: Dondozo
|-damage|p2a: Dondozo|45/100 brn
|
|t:|1757796375
|switch|p1a: Ting-Lu|Ting-Lu|31/100|[from] U-turn
|-ability|p1a: Ting-Lu|Vessel of Ruin
|move|p2a: Dondozo|Rest|p2a: Dondozo
|-status|p2a: Dondozo|slp|[from] move: Rest
|-heal|p2a: Dondozo|100/100 slp|[silent]
|
|-heal|p1a: Ting-Lu|37/100|[from] item: Leftovers
|upkeep
|turn|6
|
|t:|1757796392
|switch|p2a: Corviknight|Corviknight, F|100/100
|-damage|p2a: Corviknight|88/100|[from] Stealth Rock
|-ability|p2a: Corviknight|Pressure
|move|p1a: Ting-Lu|Spikes|p2a: Corviknight
|-sidestart|p2: CDCS3 leal|Spikes
|
|-heal|p1a: Ting-Lu|43/100|[from] item: Leftovers
|upkeep
|turn|7
|
|t:|1757796399
|switch|p1a: Moltres|Moltres|90/100
|move|p2a: Corviknight|Defog|p1a: Moltres
|-unboost|p1a: Moltres|evasion|1
|-sideend|p2: CDCS3 leal|Spikes|[from] move: Defog|[of] p2a: Corviknight
|-sideend|p2: CDCS3 leal|Stealth Rock|[from] move: Defog|[of] p2a: Corviknight
|
|upkeep
|turn|8
|
|t:|1757796408
|switch|p2a: Slowking|Slowking-Galar, L99, M|100/100
|move|p1a: Moltres|U-turn|p2a: Slowking
|-damage|p2a: Slowking|84/100
|
|t:|1757796412
|switch|p1a: Great Tusk|Great Tusk|100/100|[from] U-turn
|-enditem|p1a: Great Tusk|Booster Energy
|-activate|p1a: Great Tusk|ability: Protosynthesis|[fromitem]
|-start|p1a: Great Tusk|protosynthesisatk
|
|upkeep
|turn|9
|
|t:|1757796423
|switch|p2a: Dondozo|Dondozo, F|100/100 slp
|move|p1a: Great Tusk|Stealth Rock|p2a: Dondozo
|-sidestart|p2: CDCS3 leal|move: Stealth Rock
|
|upkeep
|turn|10
|
|t:|1757796426
|switch|p2a: Corviknight|Corviknight, F|88/100
|-damage|p2a: Corviknight|76/100|[from] Stealth Rock
|-ability|p2a: Corviknight|Pressure
|move|p1a: Great Tusk|Headlong Rush|p2a: Corviknight
|-immune|p2a: Corviknight
|
|upkeep
|turn|11
|
|t:|1757796434
|move|p1a: Great Tusk|Temper Flare|p2a: Corviknight
|-supereffective|p2a: Corviknight
|-damage|p2a: Corviknight|0 fnt
|-damage|p1a: Great Tusk|84/100|[from] item: Rocky Helmet|[of] p2a: Corviknight
|faint|p2a: Corviknight
|
|upkeep
|
|t:|1757796444
|switch|p2a: Dondozo|Dondozo, F|100/100 slp
|-damage|p2a: Dondozo|88/100 slp|[from] Stealth Rock
|turn|12
|
|t:|1757796447
|move|p1a: Great Tusk|Headlong Rush|p2a: Dondozo
|-damage|p2a: Dondozo|50/100 slp
|-unboost|p1a: Great Tusk|def|1
|-unboost|p1a: Great Tusk|spd|1
|cant|p2a: Dondozo|slp
|
|-heal|p2a: Dondozo|56/100 slp|[from] item: Leftovers
|upkeep
|turn|13
|
|t:|1757796464
|move|p1a: Great Tusk|Rapid Spin|p2a: Dondozo
|-damage|p2a: Dondozo|46/100 slp
|-boost|p1a: Great Tusk|spe|1
|cant|p2a: Dondozo|slp
|
|-heal|p2a: Dondozo|52/100 slp|[from] item: Leftovers
|upkeep
|turn|14
|
|t:|1757796471
|move|p1a: Great Tusk|Headlong Rush|p2a: Dondozo
|-damage|p2a: Dondozo|14/100 slp
|-unboost|p1a: Great Tusk|def|1
|-unboost|p1a: Great Tusk|spd|1
|-curestatus|p2a: Dondozo|slp|[msg]
|move|p2a: Dondozo|Rest|p2a: Dondozo
|-status|p2a: Dondozo|slp|[from] move: Rest
|-heal|p2a: Dondozo|100/100 slp|[silent]
|
|upkeep
|turn|15
|
|t:|1757796486
|switch|p2a: Ting-Lu|Ting-Lu|100/100
|-damage|p2a: Ting-Lu|94/100|[from] Stealth Rock
|-ability|p2a: Ting-Lu|Vessel of Ruin
|move|p1a: Great Tusk|Headlong Rush|p2a: Ting-Lu
|-damage|p2a: Ting-Lu|52/100
|-unboost|p1a: Great Tusk|def|1
|-unboost|p1a: Great Tusk|spd|1
|
|-heal|p2a: Ting-Lu|58/100|[from] item: Leftovers
|upkeep
|turn|16
|inactive|DARIEL-PROTOTYPE has 120 seconds left.
|
|t:|1757796533
|move|p1a: Great Tusk|Headlong Rush|p2a: Ting-Lu
|-damage|p2a: Ting-Lu|17/100
|-unboost|p1a: Great Tusk|def|1
|-unboost|p1a: Great Tusk|spd|1
|move|p2a: Ting-Lu|Rest|p2a: Ting-Lu
|-status|p2a: Ting-Lu|slp|[from] move: Rest
|-heal|p2a: Ting-Lu|100/100 slp|[silent]
|
|upkeep
|turn|17
|
|t:|1757796540
|move|p1a: Great Tusk|Headlong Rush|p2a: Ting-Lu
|-damage|p2a: Ting-Lu|52/100 slp
|-unboost|p1a: Great Tusk|def|1
|-unboost|p1a: Great Tusk|spd|1
|cant|p2a: Ting-Lu|slp
|move|p2a: Ting-Lu|Sleep Talk|p2a: Ting-Lu
|move|p2a: Ting-Lu|Throat Chop|p1a: Great Tusk|[from] move: Sleep Talk
|-resisted|p1a: Great Tusk
|-damage|p1a: Great Tusk|44/100
|-start|p1a: Great Tusk|Throat Chop|[silent]
|
|-heal|p2a: Ting-Lu|58/100 slp|[from] item: Leftovers
|upkeep
|turn|18
|
|t:|1757796550
|move|p1a: Great Tusk|Headlong Rush|p2a: Ting-Lu
|-damage|p2a: Ting-Lu|13/100 slp
|-unboost|p1a: Great Tusk|def|1
|-unboost|p1a: Great Tusk|spd|1
|cant|p2a: Ting-Lu|slp
|move|p2a: Ting-Lu|Sleep Talk|p2a: Ting-Lu
|move|p2a: Ting-Lu|Earthquake|p1a: Great Tusk|[from] move: Sleep Talk
|-damage|p1a: Great Tusk|0 fnt
|faint|p1a: Great Tusk
|-end|p1a: Great Tusk|Protosynthesis|[silent]
|
|-heal|p2a: Ting-Lu|19/100 slp|[from] item: Leftovers
|upkeep
|inactive|DARIEL-PROTOTYPE has 120 seconds left.
|
|t:|1757796555
|switch|p1a: Haxorus|Haxorus, M|100/100
|-ability|p1a: Haxorus|Mold Breaker
|turn|19
|
|t:|1757796563
|switch|p2a: Dondozo|Dondozo, F|100/100 slp
|-damage|p2a: Dondozo|88/100 slp|[from] Stealth Rock
|move|p1a: Haxorus|Dragon Dance|p1a: Haxorus
|-boost|p1a: Haxorus|atk|1
|-boost|p1a: Haxorus|spe|1
|
|-heal|p2a: Dondozo|94/100 slp|[from] item: Leftovers
|upkeep
|turn|20
|
|t:|1757796572
|move|p1a: Haxorus|Dragon Claw|p2a: Dondozo
|-damage|p2a: Dondozo|64/100 slp
|cant|p2a: Dondozo|slp
|
|-heal|p2a: Dondozo|70/100 slp|[from] item: Leftovers
|upkeep
|turn|21
|
|t:|1757796576
|move|p1a: Haxorus|Dragon Claw|p2a: Dondozo
|-damage|p2a: Dondozo|39/100 slp
|cant|p2a: Dondozo|slp
|
|-heal|p2a: Dondozo|45/100 slp|[from] item: Leftovers
|upkeep
|turn|22
|inactive|CDCS3 leal has 120 seconds left.
|
|t:|1757796610
|move|p1a: Haxorus|Dragon Claw|p2a: Dondozo
|-damage|p2a: Dondozo|14/100 slp
|-curestatus|p2a: Dondozo|slp|[msg]
|move|p2a: Dondozo|Rest|p2a: Dondozo
|-status|p2a: Dondozo|slp|[from] move: Rest
|-heal|p2a: Dondozo|100/100 slp|[silent]
|
|upkeep
|turn|23
|
|t:|1757796616
|switch|p1a: Ogerpon|Ogerpon-Cornerstone, F|100/100
|cant|p2a: Dondozo|slp
|
|upkeep
|turn|24
|
|t:|1757796630
|switch|p2a: Slowking|Slowking-Galar, L99, M|100/100
|move|p1a: Ogerpon|Trailblaze|p2a: Slowking
|-resisted|p2a: Slowking
|-damage|p2a: Slowking|84/100
|-boost|p1a: Ogerpon|spe|1
|
|upkeep
|turn|25
|inactive|CDCS3 leal has 120 seconds left.
|
|t:|1757796654
|move|p1a: Ogerpon|Stomping Tantrum|p2a: Slowking
|-supereffective|p2a: Slowking
|-damage|p2a: Slowking|21/100
|move|p2a: Slowking|Sludge Bomb|p1a: Ogerpon
|-damage|p1a: Ogerpon|64/100
|-status|p1a: Ogerpon|psn
|
|-damage|p1a: Ogerpon|52/100 psn|[from] psn
|upkeep
|turn|26
|inactive|CDCS3 leal has 120 seconds left.
|
|t:|1757796669
|switch|p2a: Ting-Lu|Ting-Lu|19/100 slp
|-damage|p2a: Ting-Lu|13/100 slp|[from] Stealth Rock
|-ability|p2a: Ting-Lu|Vessel of Ruin
|move|p1a: Ogerpon|Ivy Cudgel|p2a: Ting-Lu|[anim] Ivy Cudgel Rock
|-resisted|p2a: Ting-Lu
|-damage|p2a: Ting-Lu|0 fnt
|faint|p2a: Ting-Lu
|
|-damage|p1a: Ogerpon|40/100 psn|[from] psn
|upkeep
|inactive|CDCS3 leal has 120 seconds left.
|
|t:|1757796676
|switch|p2a: Kyurem|Kyurem|100/100
|-damage|p2a: Kyurem|76/100|[from] Stealth Rock
|-ability|p2a: Kyurem|Pressure
|turn|27
|
|t:|1757796679
|move|p2a: Kyurem|Protect|p2a: Kyurem
|-singleturn|p2a: Kyurem|Protect
|move|p1a: Ogerpon|Ivy Cudgel|p2a: Kyurem|[anim] Ivy Cudgel Rock
|-activate|p2a: Kyurem|move: Protect
|
|-heal|p2a: Kyurem|82/100|[from] item: Leftovers
|-damage|p1a: Ogerpon|27/100 psn|[from] psn
|upkeep
|turn|28
|
|t:|1757796696
|-terastallize|p1a: Ogerpon|Rock
|detailschange|p1a: Ogerpon|Ogerpon-Cornerstone-Tera, F, tera:Rock
|-ability|p1a: Ogerpon|Embody Aspect (Cornerstone)|boost
|-boost|p1a: Ogerpon|def|1
|-terastallize|p2a: Kyurem|Steel
|move|p1a: Ogerpon|Ivy Cudgel|p2a: Kyurem|[anim] Ivy Cudgel Rock
|-resisted|p2a: Kyurem
|-damage|p2a: Kyurem|46/100
|move|p2a: Kyurem|Icicle Spear|p1a: Ogerpon
|-damage|p1a: Ogerpon|14/100 psn
|-damage|p1a: Ogerpon|2/100 psn
|-damage|p1a: Ogerpon|0 fnt
|faint|p1a: Ogerpon
|detailschange|p1: Ogerpon|Ogerpon-Cornerstone, F|[silent]
|-hitcount|p1: Ogerpon|3
|
|-heal|p2a: Kyurem|52/100|[from] item: Leftovers
|upkeep
|
|t:|1757796709
|switch|p1a: Moltres|Moltres|90/100
|turn|29
|
|t:|1757796715
|move|p2a: Kyurem|Protect|p2a: Kyurem
|-singleturn|p2a: Kyurem|Protect
|move|p1a: Moltres|Will-O-Wisp|p2a: Kyurem
|-activate|p2a: Kyurem|move: Protect
|
|-heal|p2a: Kyurem|58/100|[from] item: Leftovers
|upkeep
|turn|30
|
|t:|1757796722
|switch|p2a: Slowking|Slowking-Galar, L99, M|54/100
|move|p1a: Moltres|U-turn|p2a: Slowking
|-damage|p2a: Slowking|38/100
|
|t:|1757796725
|switch|p1a: Ting-Lu|Ting-Lu|43/100|[from] U-turn
|-ability|p1a: Ting-Lu|Vessel of Ruin
|
|-heal|p1a: Ting-Lu|49/100|[from] item: Leftovers
|upkeep
|turn|31
|
|t:|1757796734
|switch|p2a: Dondozo|Dondozo, F|100/100 slp
|-damage|p2a: Dondozo|88/100 slp|[from] Stealth Rock
|move|p1a: Ting-Lu|Spikes|p2a: Dondozo
|-sidestart|p2: CDCS3 leal|Spikes
|
|-heal|p1a: Ting-Lu|55/100|[from] item: Leftovers
|-heal|p2a: Dondozo|94/100 slp|[from] item: Leftovers
|upkeep
|turn|32
|
|t:|1757796741
|move|p1a: Ting-Lu|Spikes|p2a: Dondozo
|-sidestart|p2: CDCS3 leal|Spikes
|cant|p2a: Dondozo|slp
|
|-heal|p1a: Ting-Lu|62/100|[from] item: Leftovers
|-heal|p2a: Dondozo|100/100 slp|[from] item: Leftovers
|upkeep
|turn|33
|
|t:|1757796749
|move|p1a: Ting-Lu|Spikes|p2a: Dondozo
|-sidestart|p2: CDCS3 leal|Spikes
|-curestatus|p2a: Dondozo|slp|[msg]
|move|p2a: Dondozo|Waterfall|p1a: Ting-Lu
|-supereffective|p1a: Ting-Lu
|-damage|p1a: Ting-Lu|35/100
|
|-heal|p1a: Ting-Lu|41/100|[from] item: Leftovers
|upkeep
|turn|34
|
|t:|1757796757
|move|p1a: Ting-Lu|Stealth Rock||[still]
|-fail|p1a: Ting-Lu
|move|p2a: Dondozo|Waterfall|p1a: Ting-Lu
|-supereffective|p1a: Ting-Lu
|-damage|p1a: Ting-Lu|12/100
|
|-heal|p1a: Ting-Lu|18/100|[from] item: Leftovers
|upkeep
|turn|35
|
|t:|1757796765
|switch|p2a: Cinderace|Cinderace, F|100/100
|move|p1a: Ting-Lu|Stomping Tantrum|p2a: Cinderace
|-supereffective|p2a: Cinderace
|-damage|p2a: Cinderace|0 fnt
|faint|p2a: Cinderace
|
|-heal|p1a: Ting-Lu|24/100|[from] item: Leftovers
|upkeep
|
|t:|1757796786
|switch|p2a: Dondozo|Dondozo, F|100/100
|-damage|p2a: Dondozo|88/100|[from] Stealth Rock
|-damage|p2a: Dondozo|63/100|[from] Spikes
|turn|36
|
|t:|1757796790
|move|p1a: Ting-Lu|Ruination|p2a: Dondozo
|-damage|p2a: Dondozo|32/100
|move|p2a: Dondozo|Waterfall|p1a: Ting-Lu
|-supereffective|p1a: Ting-Lu
|-damage|p1a: Ting-Lu|0 fnt
|faint|p1a: Ting-Lu
|
|-heal|p2a: Dondozo|38/100|[from] item: Leftovers
|upkeep
|
|t:|1757796796
|switch|p1a: Haxorus|Haxorus, M|100/100
|-ability|p1a: Haxorus|Mold Breaker
|turn|37
|
|t:|1757796804
|move|p1a: Haxorus|Dragon Claw|p2a: Dondozo
|-damage|p2a: Dondozo|17/100
|move|p2a: Dondozo|Curse|p2a: Dondozo
|-unboost|p2a: Dondozo|spe|1
|-boost|p2a: Dondozo|atk|1
|-boost|p2a: Dondozo|def|1
|
|-heal|p2a: Dondozo|23/100|[from] item: Leftovers
|upkeep
|turn|38
|
|t:|1757796831
|switch|p1a: Moltres|Moltres|90/100
|move|p2a: Dondozo|Curse|p2a: Dondozo
|-unboost|p2a: Dondozo|spe|1
|-boost|p2a: Dondozo|atk|1
|-boost|p2a: Dondozo|def|1
|
|-heal|p2a: Dondozo|30/100|[from] item: Leftovers
|upkeep
|turn|39
|
|t:|1757796838
|move|p1a: Moltres|Will-O-Wisp|p2a: Dondozo
|-status|p2a: Dondozo|brn
|move|p2a: Dondozo|Rest|p2a: Dondozo
|-status|p2a: Dondozo|slp|[from] move: Rest
|-heal|p2a: Dondozo|100/100 slp|[silent]
|
|upkeep
|turn|40
|
|t:|1757796849
|move|p1a: Moltres|Flamethrower|p2a: Dondozo
|-resisted|p2a: Dondozo
|-damage|p2a: Dondozo|79/100 slp
|cant|p2a: Dondozo|slp
|
|-heal|p2a: Dondozo|85/100 slp|[from] item: Leftovers
|upkeep
|turn|41
|
|t:|1757796854
|move|p1a: Moltres|Flamethrower|p2a: Dondozo
|-resisted|p2a: Dondozo
|-damage|p2a: Dondozo|64/100 slp
|cant|p2a: Dondozo|slp
|
|-heal|p2a: Dondozo|70/100 slp|[from] item: Leftovers
|upkeep
|turn|42
|
|t:|1757796858
|move|p1a: Moltres|Flamethrower|p2a: Dondozo
|-resisted|p2a: Dondozo
|-damage|p2a: Dondozo|50/100 slp
|-curestatus|p2a: Dondozo|slp|[msg]
|move|p2a: Dondozo|Waterfall|p1a: Moltres
|-supereffective|p1a: Moltres
|-damage|p1a: Moltres|7/100
|
|-heal|p2a: Dondozo|57/100|[from] item: Leftovers
|upkeep
|turn|43
|
|t:|1757796863
|move|p1a: Moltres|Flamethrower|p2a: Dondozo
|-resisted|p2a: Dondozo
|-damage|p2a: Dondozo|36/100
|-status|p2a: Dondozo|brn
|move|p2a: Dondozo|Rest|p2a: Dondozo
|-status|p2a: Dondozo|slp|[from] move: Rest
|-heal|p2a: Dondozo|100/100 slp|[silent]
|
|upkeep
|turn|44
|
|t:|1757796869
|move|p1a: Moltres|Flamethrower|p2a: Dondozo
|-resisted|p2a: Dondozo
|-damage|p2a: Dondozo|80/100 slp
|cant|p2a: Dondozo|slp
|
|-heal|p2a: Dondozo|86/100 slp|[from] item: Leftovers
|upkeep
|turn|45
|
|t:|1757796873
|move|p1a: Moltres|Roost|p1a: Moltres
|-heal|p1a: Moltres|57/100
|-singleturn|p1a: Moltres|move: Roost
|cant|p2a: Dondozo|slp
|
|-heal|p2a: Dondozo|92/100 slp|[from] item: Leftovers
|upkeep
|turn|46
|
|t:|1757796878
|move|p1a: Moltres|Roost|p1a: Moltres
|-heal|p1a: Moltres|100/100
|-singleturn|p1a: Moltres|move: Roost
|-curestatus|p2a: Dondozo|slp|[msg]
|move|p2a: Dondozo|Curse|p2a: Dondozo
|-unboost|p2a: Dondozo|spe|1
|-boost|p2a: Dondozo|atk|1
|-boost|p2a: Dondozo|def|1
|
|-heal|p2a: Dondozo|98/100|[from] item: Leftovers
|upkeep
|turn|47
|
|t:|1757796884
|move|p1a: Moltres|Flamethrower|p2a: Dondozo
|-resisted|p2a: Dondozo
|-damage|p2a: Dondozo|80/100
|move|p2a: Dondozo|Curse|p2a: Dondozo
|-unboost|p2a: Dondozo|spe|1
|-boost|p2a: Dondozo|atk|1
|-boost|p2a: Dondozo|def|1
|
|-heal|p2a: Dondozo|86/100|[from] item: Leftovers
|upkeep
|turn|48
|inactive|DARIEL-PROTOTYPE has 120 seconds left.
|
|t:|1757796926
|move|p1a: Moltres|Flamethrower|p2a: Dondozo
|-resisted|p2a: Dondozo
|-damage|p2a: Dondozo|66/100
|move|p2a: Dondozo|Waterfall|p1a: Moltres
|-supereffective|p1a: Moltres
|-damage|p1a: Moltres|0 fnt
|-status|p2a: Dondozo|brn|[from] ability: Flame Body|[of] p1a: Moltres
|faint|p1a: Moltres
|
|-heal|p2a: Dondozo|72/100 brn|[from] item: Leftovers
|-damage|p2a: Dondozo|66/100 brn|[from] brn
|upkeep
|
|t:|1757796939
|switch|p1a: Alomomola|Alomomola, M|100/100
|turn|49
|
|t:|1757796946
|move|p1a: Alomomola|Wish|p1a: Alomomola
|move|p2a: Dondozo|Curse|p2a: Dondozo
|-unboost|p2a: Dondozo|spe|1
|-boost|p2a: Dondozo|atk|1
|-boost|p2a: Dondozo|def|1
|
|-heal|p2a: Dondozo|72/100 brn|[from] item: Leftovers
|-damage|p2a: Dondozo|66/100 brn|[from] brn
|upkeep
|turn|50
|
|t:|1757796962
|move|p1a: Alomomola|Flip Turn|p2a: Dondozo
|-resisted|p2a: Dondozo
|-damage|p2a: Dondozo|66/100 brn
|
|t:|1757796964
|switch|p1a: Haxorus|Haxorus, M|100/100|[from] Flip Turn
|-ability|p1a: Haxorus|Mold Breaker
|move|p2a: Dondozo|Rest|p2a: Dondozo
|-status|p2a: Dondozo|slp|[from] move: Rest
|-heal|p2a: Dondozo|100/100 slp|[silent]
|
|upkeep
|turn|51
|
|t:|1757796970
|move|p1a: Haxorus|Dragon Dance|p1a: Haxorus
|-boost|p1a: Haxorus|atk|1
|-boost|p1a: Haxorus|spe|1
|cant|p2a: Dondozo|slp
|
|upkeep
|turn|52
|
|t:|1757796976
|move|p1a: Haxorus|Dragon Dance|p1a: Haxorus
|-boost|p1a: Haxorus|atk|1
|-boost|p1a: Haxorus|spe|1
|cant|p2a: Dondozo|slp
|
|upkeep
|turn|53
|
|t:|1757796979
|move|p1a: Haxorus|Dragon Dance|p1a: Haxorus
|-boost|p1a: Haxorus|atk|1
|-boost|p1a: Haxorus|spe|1
|-curestatus|p2a: Dondozo|slp|[msg]
|move|p2a: Dondozo|Body Press|p1a: Haxorus
|-damage|p1a: Haxorus|0 fnt
|faint|p1a: Haxorus
|
|upkeep
|
|t:|1757796981
|switch|p1a: Alomomola|Alomomola, M|100/100
|turn|54
|c|☆CDCS3 leal|gg
|c|☆DARIEL-PROTOTYPE|Forgot mold breaker gg
|inactive|DARIEL-PROTOTYPE has 120 seconds left.
|
|t:|1757797012
|move|p1a: Alomomola|Flip Turn|p2a: Dondozo
|-resisted|p2a: Dondozo
|-damage|p2a: Dondozo|99/100
|move|p2a: Dondozo|Body Press|p1a: Alomomola
|-damage|p1a: Alomomola|45/100
|
|-heal|p2a: Dondozo|100/100|[from] item: Leftovers
|upkeep
|turn|55
|
|t:|1757797025
|move|p1a: Alomomola|Flip Turn|p2a: Dondozo
|-resisted|p2a: Dondozo
|-damage|p2a: Dondozo|99/100
|move|p2a: Dondozo|Body Press|p1a: Alomomola
|-damage|p1a: Alomomola|0 fnt
|faint|p1a: Alomomola
|
|win|CDCS3 leal
|raw|DARIEL-PROTOTYPE's rating: 1233 &rarr; <strong>1209</strong><br />(-24 for losing)
|raw|CDCS3 leal's rating: 1251 &rarr; <strong>1275</strong><br />(+24 for winning)
