|j|☆biglilcuh
|j|☆aladdin2000
|t:|1757910061
|gametype|singles
|player|p1|biglilcuh|101|1396
|player|p2|aladdin2000|170|1337
|gen|9
|tier|[Gen 9] OU
|rated|
|rule|HP Percentage Mod: HP is shown in percentages
|rule|Endless Battle Clause: Forcing endless battles is banned
|rule|Species Clause: Limit one of each Pokémon
|rule|OHKO Clause: OHKO moves are banned
|rule|Evasion Items Clause: Evasion items are banned
|rule|Evasion Moves Clause: Evasion moves are banned
|rule|Evasion Abilities Clause: Evasion abilities are banned
|rule|Sleep Moves Clause: Sleep-inducing moves are banned
|clearpoke
|poke|p1|Pecharunt|
|poke|p1|Zapdos|
|poke|p1|Cinderace, M|
|poke|p1|Latios, M|
|poke|p1|Crawdaunt, F|
|poke|p1|Iron Treads|
|poke|p2|Garchomp, M|
|poke|p2|Primarina, F|
|poke|p2|Darkrai|
|poke|p2|Iron Boulder|
|poke|p2|Gengar, M|
|poke|p2|Scizor, M|
|teampreview
|inactive|Battle timer is ON: inactive players will automatically lose when time's up. (requested by biglilcuh)
|
|t:|1757910082
|teamsize|p1|6
|teamsize|p2|6
|start
|switch|p1a: Crawdaunt|Crawdaunt, F|100/100
|switch|p2a: Primarina|Primarina, F, shiny|100/100
|turn|1
|
|t:|1757910091
|move|p2a: Primarina|Psychic|p1a: Crawdaunt
|-immune|p1a: Crawdaunt
|move|p1a: Crawdaunt|Knock Off|p2a: Primarina
|-resisted|p2a: Primarina
|-damage|p2a: Primarina|56/100
|-enditem|p2a: Primarina|Leftovers|[from] move: Knock Off|[of] p1a: Crawdaunt
|
|upkeep
|turn|2
|
|t:|1757910098
|switch|p1a: Iron Treads|Iron Treads|100/100
|move|p2a: Primarina|Moonblast|p1a: Iron Treads
|-resisted|p1a: Iron Treads
|-damage|p1a: Iron Treads|81/100
|
|upkeep
|turn|3
|
|t:|1757910105
|move|p1a: Iron Treads|Volt Switch|p2a: Primarina
|-supereffective|p2a: Primarina
|-damage|p2a: Primarina|37/100
|
|t:|1757910111
|-end|p1a: Iron Treads|Quark Drive|[silent]
|switch|p1a: Latios|Latios, M|100/100|[from] Volt Switch
|move|p2a: Primarina|Psychic Noise|p1a: Latios
|-resisted|p1a: Latios
|-damage|p1a: Latios|81/100
|-start|p1a: Latios|move: Heal Block
|
|upkeep
|turn|4
|
|t:|1757910119
|move|p1a: Latios|Luster Purge|p2a: Primarina
|-crit|p2a: Primarina
|-damage|p2a: Primarina|0 fnt
|faint|p2a: Primarina
|
|-end|p1a: Latios|move: Heal Block
|upkeep
|
|t:|1757910123
|switch|p2a: Scizor|Scizor, M|100/100
|turn|5
|
|t:|1757910126
|switch|p1a: Pecharunt|Pecharunt|100/100
|move|p2a: Scizor|U-turn|p1a: Pecharunt
|-resisted|p1a: Pecharunt
|-damage|p1a: Pecharunt|95/100
|-damage|p2a: Scizor|84/100|[from] item: Rocky Helmet|[of] p1a: Pecharunt
|
|t:|1757910130
|switch|p2a: Garchomp|Garchomp, M|100/100|[from] U-turn
|
|upkeep
|turn|6
|
|t:|1757910136
|move|p2a: Garchomp|Scale Shot|p1a: Pecharunt
|-damage|p1a: Pecharunt|89/100
|-damage|p1a: Pecharunt|82/100
|-damage|p1a: Pecharunt|75/100
|-damage|p1a: Pecharunt|69/100
|-hitcount|p1a: Pecharunt|4
|-unboost|p2a: Garchomp|def|1
|-boost|p2a: Garchomp|spe|1
|move|p1a: Pecharunt|Foul Play|p2a: Garchomp
|-damage|p2a: Garchomp|55/100
|-damage|p1a: Pecharunt|56/100|[from] ability: Rough Skin|[of] p2a: Garchomp
|
|upkeep
|turn|7
|
|t:|1757910143
|-terastallize|p1a: Pecharunt|Dark
|move|p2a: Garchomp|Earthquake|p1a: Pecharunt
|-damage|p1a: Pecharunt|28/100
|move|p1a: Pecharunt|Foul Play|p2a: Garchomp
|-damage|p2a: Garchomp|0 fnt
|-damage|p1a: Pecharunt|15/100|[from] ability: Rough Skin|[of] p2a: Garchomp
|faint|p2a: Garchomp
|
|upkeep
|
|t:|1757910155
|switch|p2a: Scizor|Scizor, M|84/100
|turn|8
|
|t:|1757910158
|move|p2a: Scizor|Bullet Punch|p1a: Pecharunt
|-damage|p1a: Pecharunt|0 fnt
|-damage|p2a: Scizor|67/100|[from] item: Rocky Helmet|[of] p1a: Pecharunt
|faint|p1a: Pecharunt
|
|upkeep
|
|t:|1757910162
|switch|p1a: Crawdaunt|Crawdaunt, F|100/100
|turn|9
|
|t:|1757910166
|switch|p1a: Zapdos|Zapdos|100/100
|move|p2a: Scizor|U-turn|p1a: Zapdos
|-resisted|p1a: Zapdos
|-damage|p1a: Zapdos|78/100
|
|t:|1757910171
|switch|p2a: Iron Boulder|Iron Boulder|100/100|[from] U-turn
|-enditem|p2a: Iron Boulder|Booster Energy
|-activate|p2a: Iron Boulder|ability: Quark Drive|[fromitem]
|-start|p2a: Iron Boulder|quarkdrivespe
|
|upkeep
|turn|10
|
|t:|1757910183
|move|p2a: Iron Boulder|Mighty Cleave|p1a: Zapdos
|-supereffective|p1a: Zapdos
|-damage|p1a: Zapdos|0 fnt
|faint|p1a: Zapdos
|
|upkeep
|
|t:|1757910185
|switch|p1a: Crawdaunt|Crawdaunt, F|100/100
|turn|11
|
|t:|1757910189
|move|p2a: Iron Boulder|Close Combat|p1a: Crawdaunt
|-supereffective|p1a: Crawdaunt
|-damage|p1a: Crawdaunt|21/100
|-unboost|p2a: Iron Boulder|def|1
|-unboost|p2a: Iron Boulder|spd|1
|move|p1a: Crawdaunt|Crabhammer|p2a: Iron Boulder|[miss]
|-miss|p1a: Crawdaunt|p2a: Iron Boulder
|
|upkeep
|turn|12
|
|t:|1757910199
|move|p1a: Crawdaunt|Aqua Jet|p2a: Iron Boulder
|-supereffective|p2a: Iron Boulder
|-damage|p2a: Iron Boulder|0 fnt
|faint|p2a: Iron Boulder
|-end|p2a: Iron Boulder|Quark Drive|[silent]
|
|upkeep
|
|t:|1757910204
|switch|p2a: Scizor|Scizor, M|67/100
|turn|13
|
|t:|1757910209
|move|p2a: Scizor|U-turn|p1a: Crawdaunt
|-supereffective|p1a: Crawdaunt
|-damage|p1a: Crawdaunt|0 fnt
|faint|p1a: Crawdaunt
|
|t:|1757910214
|switch|p2a: Darkrai|Darkrai, shiny|100/100|[from] U-turn
|
|upkeep
|
|t:|1757910217
|switch|p1a: Iron Treads|Iron Treads|81/100
|turn|14
|
|t:|1757910221
|move|p2a: Darkrai|Dark Pulse|p1a: Iron Treads
|-damage|p1a: Iron Treads|51/100
|move|p1a: Iron Treads|Earthquake|p2a: Darkrai
|-damage|p2a: Darkrai|46/100
|
|upkeep
|turn|15
|
|t:|1757910231
|switch|p2a: Scizor|Scizor, M|67/100
|move|p1a: Iron Treads|Earthquake|p2a: Scizor
|-damage|p2a: Scizor|27/100
|
|upkeep
|turn|16
|
|t:|1757910237
|-end|p1a: Iron Treads|Quark Drive|[silent]
|switch|p1a: Cinderace|Cinderace, M|100/100
|move|p2a: Scizor|Brick Break|p1a: Cinderace
|-damage|p1a: Cinderace|66/100
|
|upkeep
|turn|17
|
|t:|1757910242
|move|p2a: Scizor|Bullet Punch|p1a: Cinderace
|-resisted|p1a: Cinderace
|-damage|p1a: Cinderace|48/100
|move|p1a: Cinderace|Pyro Ball|p2a: Scizor
|-supereffective|p2a: Scizor
|-damage|p2a: Scizor|0 fnt
|faint|p2a: Scizor
|
|upkeep
|
|t:|1757910249
|switch|p2a: Darkrai|Darkrai, shiny|46/100
|turn|18
|
|t:|1757910251
|move|p2a: Darkrai|Dark Pulse|p1a: Cinderace
|-damage|p1a: Cinderace|0 fnt
|faint|p1a: Cinderace
|
|upkeep
|
|t:|1757910254
|switch|p1a: Iron Treads|Iron Treads|51/100
|turn|19
|
|t:|1757910257
|move|p2a: Darkrai|Dark Pulse|p1a: Iron Treads
|-damage|p1a: Iron Treads|22/100
|move|p1a: Iron Treads|Earthquake|p2a: Darkrai
|-damage|p2a: Darkrai|0 fnt
|faint|p2a: Darkrai
|
|upkeep
|
|t:|1757910264
|switch|p2a: Gengar|Gengar, M|100/100
|turn|20
|
|t:|1757910267
|move|p2a: Gengar|Shadow Ball|p1a: Iron Treads
|-damage|p1a: Iron Treads|0 fnt
|faint|p1a: Iron Treads
|-end|p1a: Iron Treads|Quark Drive|[silent]
|
|upkeep
|
|t:|1757910269
|switch|p1a: Latios|Latios, M|81/100
|turn|21
|
|t:|1757910273
|-terastallize|p2a: Gengar|Dark
|move|p1a: Latios|Luster Purge|p2a: Gengar
|-immune|p2a: Gengar
|move|p2a: Gengar|Shadow Ball|p1a: Latios
|-supereffective|p1a: Latios
|-damage|p1a: Latios|0 fnt
|faint|p1a: Latios
|
|win|aladdin2000
|raw|biglilcuh's rating: 1396 &rarr; <strong>1373</strong><br />(-23 for losing)
|raw|aladdin2000's rating: 1337 &rarr; <strong>1360</strong><br />(+23 for winning)
|l|☆biglilcuh
|player|p1|
|c|☆aladdin2000|gg
|l|☆aladdin2000
|player|p2|
