|j|☆Gayroach
|j|☆emln
|t:|1757827762
|gametype|singles
|player|p1|Gayroach|bruno|1058
|player|p2|emln|swimmer|1098
|gen|9
|tier|[Gen 9] OU
|rated|
|rule|HP Percentage Mod: HP is shown in percentages
|rule|Endless Battle Clause: Forcing endless battles is banned
|rule|Species Clause: Limit one of each Pokémon
|rule|OHKO Clause: OHKO moves are banned
|rule|Evasion Items Clause: Evasion items are banned
|rule|Evasion Moves Clause: Evasion moves are banned
|rule|Evasion Abilities Clause: Evasion abilities are banned
|rule|Sleep Moves Clause: Sleep-inducing moves are banned
|clearpoke
|poke|p1|Primeape, M|
|poke|p1|Perrserker, M|
|poke|p1|Lycanroc-Midnight, F|
|poke|p1|Moltres-Galar|
|poke|p1|Krookodile, F|
|poke|p1|Tauros-Paldea-Aqua, M|
|poke|p2|Dragonite, F|
|poke|p2|Gholdengo|
|poke|p2|Great Tusk|
|poke|p2|Kingambit, F|
|poke|p2|Ogerpon-Wellspring, F|
|poke|p2|Iron Valiant|
|teampreview
|
|t:|1757827770
|teamsize|p1|6
|teamsize|p2|6
|start
|switch|p1a: Perrserker|Perrserker, M|100/100
|switch|p2a: elephant|Great Tusk|100/100
|turn|1
|
|t:|1757827782
|move|p2a: elephant|Stealth Rock|p1a: Perrserker
|-sidestart|p1: Gayroach|move: Stealth Rock
|move|p1a: Perrserker|U-turn|p2a: elephant
|-resisted|p2a: elephant
|-damage|p2a: elephant|89/100
|-damage|p1a: Perrserker|84/100|[from] item: Rocky Helmet|[of] p2a: elephant
|
|t:|1757827789
|switch|p1a: Moltres|Moltres-Galar|100/100|[from] U-turn
|-damage|p1a: Moltres|76/100|[from] Stealth Rock
|
|-heal|p1a: Moltres|82/100|[from] item: Leftovers
|upkeep
|turn|2
|
|t:|1757827809
|-end|p2a: elephant|Protosynthesis|[silent]
|switch|p2a: Charlie Kirk|Kingambit, F|100/100
|move|p1a: Moltres|Agility|p1a: Moltres
|-boost|p1a: Moltres|spe|2
|
|-heal|p1a: Moltres|88/100|[from] item: Leftovers
|upkeep
|turn|3
|inactive|Battle timer is ON: inactive players will automatically lose when time's up. (requested by emln)
|
|t:|1757827822
|move|p1a: Moltres|Fiery Wrath|p2a: Charlie Kirk
|-resisted|p2a: Charlie Kirk
|-damage|p2a: Charlie Kirk|75/100
|move|p2a: Charlie Kirk|Swords Dance|p2a: Charlie Kirk
|-boost|p2a: Charlie Kirk|atk|2
|
|-heal|p1a: Moltres|94/100|[from] item: Leftovers
|-heal|p2a: Charlie Kirk|81/100|[from] item: Leftovers
|upkeep
|turn|4
|
|t:|1757827839
|move|p1a: Moltres|Nasty Plot|p1a: Moltres
|-boost|p1a: Moltres|spa|2
|move|p2a: Charlie Kirk|Kowtow Cleave|p1a: Moltres
|-resisted|p1a: Moltres
|-crit|p1a: Moltres
|-damage|p1a: Moltres|11/100
|-ability|p1a: Moltres|Berserk|boost
|-boost|p1a: Moltres|spa|1
|
|-heal|p1a: Moltres|17/100|[from] item: Leftovers
|-heal|p2a: Charlie Kirk|87/100|[from] item: Leftovers
|upkeep
|turn|5
|
|t:|1757827852
|move|p1a: Moltres|Fiery Wrath|p2a: Charlie Kirk
|-resisted|p2a: Charlie Kirk
|-damage|p2a: Charlie Kirk|25/100
|cant|p2a: Charlie Kirk|flinch
|
|-heal|p1a: Moltres|23/100|[from] item: Leftovers
|-heal|p2a: Charlie Kirk|32/100|[from] item: Leftovers
|upkeep
|turn|6
|c|☆emln|omg
|inactive|emln has 120 seconds left.
|
|t:|1757827883
|-end|p2a: Charlie Kirk|fallenundefined|[silent]
|switch|p2a: Jarvis|Ogerpon-Wellspring, F|100/100
|move|p1a: Moltres|Fiery Wrath|p2a: Jarvis
|-damage|p2a: Jarvis|0 fnt
|faint|p2a: Jarvis
|
|-heal|p1a: Moltres|29/100|[from] item: Leftovers
|upkeep
|inactive|emln has 120 seconds left.
|
|t:|1757827890
|switch|p2a: elephant|Great Tusk|89/100
|turn|7
|
|t:|1757827899
|move|p1a: Moltres|Air Slash|p2a: elephant
|-supereffective|p2a: elephant
|-damage|p2a: elephant|0 fnt
|faint|p2a: elephant
|-end|p2a: elephant|Protosynthesis|[silent]
|
|-heal|p1a: Moltres|36/100|[from] item: Leftovers
|upkeep
|
|t:|1757827905
|switch|p2a: dragon|Dragonite, F|100/100
|turn|8
|
|t:|1757827911
|-terastallize|p2a: dragon|Normal
|move|p2a: dragon|Extreme Speed|p1a: Moltres
|-crit|p1a: Moltres
|-damage|p1a: Moltres|0 fnt
|faint|p1a: Moltres
|
|upkeep
|
|t:|1757827920
|switch|p1a: Primeape|Primeape, M|100/100
|-damage|p1a: Primeape|95/100|[from] Stealth Rock
|turn|9
|
|t:|1757827933
|move|p1a: Primeape|Bulk Up|p1a: Primeape
|-boost|p1a: Primeape|atk|1
|-boost|p1a: Primeape|def|1
|move|p2a: dragon|Dragon Dance|p2a: dragon
|-boost|p2a: dragon|atk|1
|-boost|p2a: dragon|spe|1
|
|-heal|p1a: Primeape|100/100|[from] item: Leftovers
|upkeep
|turn|10
|
|t:|1757827942
|move|p2a: dragon|Extreme Speed|p1a: Primeape
|-damage|p1a: Primeape|21/100
|move|p1a: Primeape|Taunt|p2a: dragon
|-start|p2a: dragon|move: Taunt
|
|-heal|p1a: Primeape|27/100|[from] item: Leftovers
|upkeep
|turn|11
|
|t:|1757827952
|move|p2a: dragon|Extreme Speed|p1a: Primeape
|-damage|p1a: Primeape|0 fnt
|faint|p1a: Primeape
|
|upkeep
|
|t:|1757827974
|switch|p1a: Lycanroc|Lycanroc-Midnight, F|100/100
|-damage|p1a: Lycanroc|88/100|[from] Stealth Rock
|turn|12
|
|t:|1757827984
|move|p1a: Lycanroc|Close Combat|p2a: dragon
|-supereffective|p2a: dragon
|-damage|p2a: dragon|57/100
|-unboost|p1a: Lycanroc|def|1
|-unboost|p1a: Lycanroc|spd|1
|move|p2a: dragon|Earthquake|p1a: Lycanroc
|-supereffective|p1a: Lycanroc
|-damage|p1a: Lycanroc|0 fnt
|faint|p1a: Lycanroc
|
|upkeep
|
|t:|1757827998
|switch|p1a: Krookodile|Krookodile, F|100/100
|-damage|p1a: Krookodile|94/100|[from] Stealth Rock
|turn|13
|
|t:|1757828009
|move|p2a: dragon|Extreme Speed|p1a: Krookodile
|-damage|p1a: Krookodile|16/100
|move|p1a: Krookodile|Hone Claws|p1a: Krookodile
|-boost|p1a: Krookodile|atk|1
|-boost|p1a: Krookodile|accuracy|1
|
|-end|p2a: dragon|move: Taunt
|upkeep
|turn|14
|-message|Gayroach forfeited.
|
|win|emln
|raw|Gayroach's rating: 1058 &rarr; <strong>1041</strong><br />(-17 for losing)
|raw|emln's rating: 1098 &rarr; <strong>1120</strong><br />(+22 for winning)
|l|☆Gayroach
|player|p1|
|l|☆emln
|player|p2|
