|j|‽Flocking glock
|j|☆ILFangzor
|t:|1757910441
|gametype|singles
|player|p1|Flocking glock|266|1396
|player|p2|ILFangzor|hilbert-masters|1363
|gen|9
|tier|[Gen 9] OU
|rated|
|rule|HP Percentage Mod: HP is shown in percentages
|rule|Endless Battle Clause: Forcing endless battles is banned
|rule|Species Clause: Limit one of each Pokémon
|rule|OHKO Clause: OHKO moves are banned
|rule|Evasion Items Clause: Evasion items are banned
|rule|Evasion Moves Clause: Evasion moves are banned
|rule|Evasion Abilities Clause: Evasion abilities are banned
|rule|Sleep Moves Clause: Sleep-inducing moves are banned
|clearpoke
|poke|p1|Samurott-Hisui, M|
|poke|p1|Great Tusk|
|poke|p1|Volcanion|
|poke|p1|Hydrapple, M|
|poke|p1|Gholdengo|
|poke|p1|Landorus-Therian, M|
|poke|p2|Lycanroc-Dusk, F|
|poke|p2|Sinistcha|
|poke|p2|Alomomola, F|
|poke|p2|Clodsire, F|
|poke|p2|Mandibuzz, F|
|poke|p2|Iron Crown|
|teampreview
|inactive|Battle timer is ON: inactive players will automatically lose when time's up. (requested by ILFangzor)
|inactive|ILFangzor has 120 seconds left.
|
|t:|1757910496
|teamsize|p1|6
|teamsize|p2|6
|start
|switch|p1a: Hydrapple|Hydrapple, M|100/100
|switch|p2a: Iron Crown|Iron Crown|100/100
|turn|1
|
|t:|1757910506
|move|p2a: Iron Crown|Tachyon Cutter|p1a: Hydrapple
|-damage|p1a: Hydrapple|63/100
|-damage|p1a: Hydrapple|25/100
|-hitcount|p1a: Hydrapple|2
|move|p1a: Hydrapple|Nasty Plot|p1a: Hydrapple
|-boost|p1a: Hydrapple|spa|2
|
|upkeep
|turn|2
|
|t:|1757910513
|switch|p1a: Samurott|Samurott-Hisui, M|100/100
|move|p2a: Iron Crown|Tachyon Cutter|p1a: Samurott
|-resisted|p1a: Samurott
|-damage|p1a: Samurott|88/100
|-resisted|p1a: Samurott
|-damage|p1a: Samurott|75/100
|-hitcount|p1a: Samurott|2
|
|upkeep
|turn|3
|
|t:|1757910519
|-end|p2a: Iron Crown|Quark Drive|[silent]
|switch|p2a: Mandibuzz|Mandibuzz, F|100/100
|switch|p1a: Hydrapple|Hydrapple, M|58/100
|
|upkeep
|turn|4
|
|t:|1757910525
|switch|p1a: Gholdengo|Gholdengo|100/100
|-item|p1a: Gholdengo|Air Balloon
|move|p2a: Mandibuzz|Knock Off|p1a: Gholdengo
|-supereffective|p1a: Gholdengo
|-damage|p1a: Gholdengo|55/100
|-enditem|p1a: Gholdengo|Air Balloon
|
|upkeep
|turn|5
|
|t:|1757910531
|move|p1a: Gholdengo|Recover|p1a: Gholdengo
|-heal|p1a: Gholdengo|100/100
|move|p2a: Mandibuzz|Knock Off|p1a: Gholdengo
|-supereffective|p1a: Gholdengo
|-damage|p1a: Gholdengo|70/100
|
|upkeep
|turn|6
|
|t:|1757910536
|move|p1a: Gholdengo|Nasty Plot|p1a: Gholdengo
|-boost|p1a: Gholdengo|spa|2
|move|p2a: Mandibuzz|Knock Off|p1a: Gholdengo
|-supereffective|p1a: Gholdengo
|-damage|p1a: Gholdengo|42/100
|
|upkeep
|turn|7
|
|t:|1757910540
|switch|p2a: Clodsire|Clodsire, F|100/100
|move|p1a: Gholdengo|Recover|p1a: Gholdengo
|-heal|p1a: Gholdengo|92/100
|
|upkeep
|turn|8
|
|t:|1757910543
|move|p1a: Gholdengo|Make It Rain|p2a: Clodsire
|-damage|p2a: Clodsire|66/100
|-unboost|p1a: Gholdengo|spa|1
|move|p2a: Clodsire|Stealth Rock|p1a: Gholdengo
|-sidestart|p1: Flocking glock|move: Stealth Rock
|
|-heal|p2a: Clodsire|72/100|[from] item: Leftovers
|upkeep
|turn|9
|
|t:|1757910552
|switch|p1a: Great Tusk|Great Tusk|100/100
|move|p2a: Clodsire|Earth Power|p1a: Great Tusk
|-damage|p1a: Great Tusk|74/100
|
|-heal|p2a: Clodsire|79/100|[from] item: Leftovers
|upkeep
|turn|10
|
|t:|1757910558
|-end|p1a: Great Tusk|Protosynthesis|[silent]
|switch|p1a: Gholdengo|Gholdengo|92/100
|-damage|p1a: Gholdengo|86/100|[from] Stealth Rock
|switch|p2a: Sinistcha|Sinistcha|100/100
|
|upkeep
|turn|11
|
|t:|1757910566
|switch|p2a: Clodsire|Clodsire, F|79/100
|move|p1a: Gholdengo|Shadow Ball|p2a: Clodsire
|-damage|p2a: Clodsire|58/100
|
|-heal|p2a: Clodsire|65/100|[from] item: Leftovers
|upkeep
|turn|12
|
|t:|1757910594
|move|p1a: Gholdengo|Make It Rain|p2a: Clodsire
|-damage|p2a: Clodsire|32/100
|-unboost|p1a: Gholdengo|spa|1
|move|p2a: Clodsire|Earth Power|p1a: Gholdengo
|-supereffective|p1a: Gholdengo
|-damage|p1a: Gholdengo|55/100
|
|-heal|p2a: Clodsire|38/100|[from] item: Leftovers
|upkeep
|turn|13
|
|t:|1757910605
|move|p1a: Gholdengo|Recover|p1a: Gholdengo
|-heal|p1a: Gholdengo|100/100
|move|p2a: Clodsire|Recover|p2a: Clodsire
|-heal|p2a: Clodsire|88/100
|
|-heal|p2a: Clodsire|94/100|[from] item: Leftovers
|upkeep
|turn|14
|
|t:|1757910609
|switch|p1a: Hydrapple|Hydrapple, M|91/100
|-damage|p1a: Hydrapple|79/100|[from] Stealth Rock
|move|p2a: Clodsire|Earth Power|p1a: Hydrapple
|-resisted|p1a: Hydrapple
|-damage|p1a: Hydrapple|72/100
|-unboost|p1a: Hydrapple|spd|1
|
|-heal|p2a: Clodsire|100/100|[from] item: Leftovers
|upkeep
|turn|15
|
|t:|1757910625
|switch|p1a: Gholdengo|Gholdengo|100/100
|-damage|p1a: Gholdengo|94/100|[from] Stealth Rock
|move|p2a: Clodsire|Toxic|p1a: Gholdengo
|-immune|p1a: Gholdengo|[from] ability: Good as Gold
|
|upkeep
|turn|16
|
|t:|1757910632
|switch|p1a: Hydrapple|Hydrapple, M|100/100
|-damage|p1a: Hydrapple|88/100|[from] Stealth Rock
|move|p2a: Clodsire|Toxic|p1a: Hydrapple
|-status|p1a: Hydrapple|tox
|
|-damage|p1a: Hydrapple|82/100 tox|[from] psn
|upkeep
|turn|17
|-message|Flocking glock forfeited.
|
|win|ILFangzor
|raw|Flocking glock's rating: 1396 &rarr; <strong>1374</strong><br />(-22 for losing)
|raw|ILFangzor's rating: 1363 &rarr; <strong>1385</strong><br />(+22 for winning)
|l|‽Flocking glock
|player|p1|
