|j|‽harc
|j|☆jstewartlambert
|t:|1757834899
|gametype|singles
|player|p1|harc|lady|1312
|player|p2|jstewartlambert|ltsurge|1267
|gen|9
|tier|[Gen 9] OU
|rated|
|rule|HP Percentage Mod: HP is shown in percentages
|rule|Endless Battle Clause: Forcing endless battles is banned
|rule|Species Clause: Limit one of each Pokémon
|rule|OHKO Clause: OHKO moves are banned
|rule|Evasion Items Clause: Evasion items are banned
|rule|Evasion Moves Clause: Evasion moves are banned
|rule|Evasion Abilities Clause: Evasion abilities are banned
|rule|Sleep Moves Clause: Sleep-inducing moves are banned
|clearpoke
|poke|p1|Dachsbun, M|
|poke|p1|Dondozo, M|
|poke|p1|Corviknight, F|
|poke|p1|Goodra, F|
|poke|p1|Reuniclus, M|
|poke|p1|Toedscruel, F|
|poke|p2|Clefable, F|
|poke|p2|Gliscor, M|
|poke|p2|Jirachi|
|poke|p2|Serperior, M|
|poke|p2|Enamorus, F|
|poke|p2|Kyurem|
|teampreview
|inactive|Battle timer is ON: inactive players will automatically lose when time's up. (requested by jstewartlambert)
|
|t:|1757834925
|teamsize|p1|6
|teamsize|p2|6
|start
|switch|p1a: Toedscruel|Toedscruel, F|100/100
|switch|p2a: freak BOB|Kyurem|100/100
|-ability|p2a: freak BOB|Pressure
|turn|1
|
|t:|1757834935
|-terastallize|p1a: Toedscruel|Water
|move|p2a: freak BOB|Dragon Dance|p2a: freak BOB
|-boost|p2a: freak BOB|atk|1
|-boost|p2a: freak BOB|spe|1
|move|p1a: Toedscruel|Toxic|p2a: freak BOB
|-status|p2a: freak BOB|tox
|
|-damage|p2a: freak BOB|94/100 tox|[from] psn
|upkeep
|turn|2
|
|t:|1757834946
|move|p2a: freak BOB|Icicle Spear|p1a: Toedscruel
|-resisted|p1a: Toedscruel
|-damage|p1a: Toedscruel|92/100
|-resisted|p1a: Toedscruel
|-damage|p1a: Toedscruel|83/100
|-resisted|p1a: Toedscruel
|-damage|p1a: Toedscruel|74/100
|-resisted|p1a: Toedscruel
|-damage|p1a: Toedscruel|66/100
|-hitcount|p1a: Toedscruel|4
|move|p1a: Toedscruel|Reflect|p1a: Toedscruel
|-sidestart|p1: harc|Reflect
|
|-damage|p2a: freak BOB|82/100 tox|[from] psn
|upkeep
|turn|3
|
|t:|1757834959
|move|p2a: freak BOB|Icicle Spear|p1a: Toedscruel
|-resisted|p1a: Toedscruel
|-damage|p1a: Toedscruel|62/100
|-resisted|p1a: Toedscruel
|-crit|p1a: Toedscruel
|-damage|p1a: Toedscruel|49/100
|-resisted|p1a: Toedscruel
|-damage|p1a: Toedscruel|45/100
|-resisted|p1a: Toedscruel
|-damage|p1a: Toedscruel|40/100
|-hitcount|p1a: Toedscruel|4
|move|p1a: Toedscruel|Reflect||[still]
|-fail|p1a: Toedscruel
|
|-damage|p2a: freak BOB|64/100 tox|[from] psn
|upkeep
|turn|4
|
|t:|1757834979
|move|p2a: freak BOB|Icicle Spear|p1a: Toedscruel
|-resisted|p1a: Toedscruel
|-damage|p1a: Toedscruel|36/100
|-resisted|p1a: Toedscruel
|-damage|p1a: Toedscruel|31/100
|-resisted|p1a: Toedscruel
|-damage|p1a: Toedscruel|27/100
|-resisted|p1a: Toedscruel
|-crit|p1a: Toedscruel
|-damage|p1a: Toedscruel|14/100
|-resisted|p1a: Toedscruel
|-damage|p1a: Toedscruel|10/100
|-hitcount|p1a: Toedscruel|5
|move|p1a: Toedscruel|Light Screen|p1a: Toedscruel
|-sidestart|p1: harc|move: Light Screen
|
|-damage|p2a: freak BOB|39/100 tox|[from] psn
|upkeep
|turn|5
|
|t:|1757834994
|switch|p1a: Dachsbun|Dachsbun, M|100/100
|move|p2a: freak BOB|Icicle Spear|p1a: Dachsbun
|-damage|p1a: Dachsbun|93/100
|-damage|p1a: Dachsbun|86/100
|-damage|p1a: Dachsbun|79/100
|-damage|p1a: Dachsbun|72/100
|-hitcount|p1a: Dachsbun|4
|
|-heal|p1a: Dachsbun|78/100|[from] item: Leftovers
|-damage|p2a: freak BOB|8/100 tox|[from] psn
|upkeep
|turn|6
|
|t:|1757835007
|move|p2a: freak BOB|Icicle Spear|p1a: Dachsbun
|-damage|p1a: Dachsbun|71/100
|-damage|p1a: Dachsbun|64/100
|-crit|p1a: Dachsbun
|-damage|p1a: Dachsbun|45/100
|-damage|p1a: Dachsbun|39/100
|-damage|p1a: Dachsbun|32/100
|-hitcount|p1a: Dachsbun|5
|move|p1a: Dachsbun|Wish|p1a: Dachsbun
|
|-heal|p1a: Dachsbun|38/100|[from] item: Leftovers
|-damage|p2a: freak BOB|0 fnt|[from] psn
|faint|p2a: freak BOB
|upkeep
|
|t:|1757835020
|switch|p2a: limp schlong|Serperior, M|100/100
|turn|7
|
|t:|1757835035
|switch|p1a: Goodra|Goodra, F|100/100
|move|p2a: limp schlong|Substitute|p2a: limp schlong
|-start|p2a: limp schlong|Substitute
|-damage|p2a: limp schlong|76/100
|
|-heal|p2a: limp schlong|82/100|[from] item: Leftovers
|upkeep
|turn|8
|
|t:|1757835046
|move|p2a: limp schlong|Glare|p1a: Goodra
|-status|p1a: Goodra|par
|cant|p1a: Goodra|par
|
|-heal|p2a: limp schlong|88/100|[from] item: Leftovers
|upkeep
|turn|9
|
|t:|1757835059
|move|p2a: limp schlong|Leaf Storm|p1a: Goodra
|-ability|p1a: Goodra|Sap Sipper|boost
|-boost|p1a: Goodra|atk|1
|move|p1a: Goodra|Ice Beam|p2a: limp schlong
|-supereffective|p2a: limp schlong
|-end|p2a: limp schlong|Substitute
|
|-heal|p2a: limp schlong|94/100|[from] item: Leftovers
|-sideend|p1: harc|Reflect
|upkeep
|turn|10
|
|t:|1757835070
|move|p2a: limp schlong|Substitute|p2a: limp schlong
|-start|p2a: limp schlong|Substitute
|-damage|p2a: limp schlong|70/100
|cant|p1a: Goodra|par
|
|-heal|p2a: limp schlong|76/100|[from] item: Leftovers
|upkeep
|turn|11
|
|t:|1757835078
|move|p2a: limp schlong|Tera Blast|p1a: Goodra
|-damage|p1a: Goodra|98/100 par
|move|p1a: Goodra|Knock Off|p2a: limp schlong
|-crit|p2a: limp schlong
|-end|p2a: limp schlong|Substitute
|
|-heal|p2a: limp schlong|82/100|[from] item: Leftovers
|-sideend|p1: harc|move: Light Screen
|upkeep
|turn|12
|
|t:|1757835088
|switch|p2a: idk whats goin on|Clefable, F|100/100
|move|p1a: Goodra|Flamethrower|p2a: idk whats goin on
|-damage|p2a: idk whats goin on|81/100
|
|-heal|p2a: idk whats goin on|87/100|[from] item: Leftovers
|upkeep
|turn|13
|
|t:|1757835096
|move|p2a: idk whats goin on|Calm Mind|p2a: idk whats goin on
|-boost|p2a: idk whats goin on|spa|1
|-boost|p2a: idk whats goin on|spd|1
|move|p1a: Goodra|Knock Off|p2a: idk whats goin on
|-resisted|p2a: idk whats goin on
|-damage|p2a: idk whats goin on|74/100
|-enditem|p2a: idk whats goin on|Leftovers|[from] move: Knock Off|[of] p1a: Goodra
|
|upkeep
|turn|14
|
|t:|1757835106
|switch|p1a: Dondozo|Dondozo, M|100/100
|move|p2a: idk whats goin on|Moonblast|p1a: Dondozo
|-damage|p1a: Dondozo|72/100
|
|-heal|p1a: Dondozo|78/100|[from] item: Leftovers
|upkeep
|turn|15
|
|t:|1757835116
|move|p2a: idk whats goin on|Thunder Wave|p1a: Dondozo
|-status|p1a: Dondozo|par
|move|p1a: Dondozo|Liquidation|p2a: idk whats goin on
|-damage|p2a: idk whats goin on|51/100
|
|-heal|p1a: Dondozo|84/100 par|[from] item: Leftovers
|upkeep
|turn|16
|
|t:|1757835130
|move|p2a: idk whats goin on|Moonblast|p1a: Dondozo
|-damage|p1a: Dondozo|53/100 par
|move|p1a: Dondozo|Liquidation|p2a: idk whats goin on
|-damage|p2a: idk whats goin on|29/100
|
|-heal|p1a: Dondozo|59/100 par|[from] item: Leftovers
|upkeep
|turn|17
|
|t:|1757835143
|move|p2a: idk whats goin on|Moonlight|p2a: idk whats goin on
|-heal|p2a: idk whats goin on|79/100
|move|p1a: Dondozo|Earthquake|p2a: idk whats goin on
|-damage|p2a: idk whats goin on|62/100
|
|-heal|p1a: Dondozo|65/100 par|[from] item: Leftovers
|upkeep
|turn|18
|
|t:|1757835165
|move|p2a: idk whats goin on|Moonblast|p1a: Dondozo
|-damage|p1a: Dondozo|35/100 par
|move|p1a: Dondozo|Liquidation|p2a: idk whats goin on
|-damage|p2a: idk whats goin on|38/100
|
|-heal|p1a: Dondozo|42/100 par|[from] item: Leftovers
|upkeep
|turn|19
|
|t:|1757835175
|switch|p1a: Toedscruel|Toedscruel, F, tera:Water|10/100
|move|p2a: idk whats goin on|Moonblast|p1a: Toedscruel
|-damage|p1a: Toedscruel|0 fnt
|faint|p1a: Toedscruel
|
|upkeep
|inactive|harc has 120 seconds left.
|
|t:|1757835204
|switch|p1a: Goodra|Goodra, F|98/100 par
|turn|20
|inactive|harc has 120 seconds left.
|
|t:|1757835217
|move|p2a: idk whats goin on|Moonblast|p1a: Goodra
|-supereffective|p1a: Goodra
|-damage|p1a: Goodra|67/100 par
|cant|p1a: Goodra|par
|
|upkeep
|turn|21
|inactive|harc has 120 seconds left.
|
|t:|1757835226
|switch|p1a: Corviknight|Corviknight, F|100/100
|-ability|p1a: Corviknight|Pressure
|move|p2a: idk whats goin on|Moonlight|p2a: idk whats goin on
|-heal|p2a: idk whats goin on|88/100
|
|upkeep
|turn|22
|
|t:|1757835234
|move|p1a: Corviknight|Bulk Up|p1a: Corviknight
|-boost|p1a: Corviknight|atk|1
|-boost|p1a: Corviknight|def|1
|move|p2a: idk whats goin on|Thunder Wave|p1a: Corviknight
|-status|p1a: Corviknight|par
|
|upkeep
|turn|23
|
|t:|1757835241
|move|p2a: idk whats goin on|Calm Mind|p2a: idk whats goin on
|-boost|p2a: idk whats goin on|spa|1
|-boost|p2a: idk whats goin on|spd|1
|move|p1a: Corviknight|Bulk Up|p1a: Corviknight
|-boost|p1a: Corviknight|atk|1
|-boost|p1a: Corviknight|def|1
|
|upkeep
|turn|24
|
|t:|1757835249
|move|p2a: idk whats goin on|Moonblast|p1a: Corviknight
|-resisted|p1a: Corviknight
|-damage|p1a: Corviknight|78/100 par
|move|p1a: Corviknight|Bulk Up|p1a: Corviknight
|-boost|p1a: Corviknight|atk|1
|-boost|p1a: Corviknight|def|1
|
|-heal|p1a: Corviknight|84/100 par|[from] item: Leftovers
|upkeep
|turn|25
|
|t:|1757835259
|switch|p2a: my gay uncle tim|Enamorus, F, shiny|100/100
|cant|p1a: Corviknight|par
|
|-heal|p1a: Corviknight|90/100 par|[from] item: Leftovers
|upkeep
|turn|26
|
|t:|1757835267
|move|p2a: my gay uncle tim|Mystical Fire|p1a: Corviknight
|-supereffective|p1a: Corviknight
|-damage|p1a: Corviknight|34/100 par
|-unboost|p1a: Corviknight|spa|1
|move|p1a: Corviknight|Power Trip|p2a: my gay uncle tim
|-resisted|p2a: my gay uncle tim
|-damage|p2a: my gay uncle tim|46/100
|
|-heal|p1a: Corviknight|41/100 par|[from] item: Leftovers
|upkeep
|turn|27
|
|t:|1757835278
|move|p2a: my gay uncle tim|Mystical Fire|p1a: Corviknight
|-supereffective|p1a: Corviknight
|-damage|p1a: Corviknight|0 fnt
|faint|p1a: Corviknight
|
|upkeep
|
|t:|1757835285
|switch|p1a: Dachsbun|Dachsbun, M|38/100
|turn|28
|
|t:|1757835290
|switch|p2a: limp schlong|Serperior, M|82/100
|move|p1a: Dachsbun|Wish|p1a: Dachsbun
|
|-heal|p2a: limp schlong|88/100|[from] item: Leftovers
|-heal|p1a: Dachsbun|44/100|[from] item: Leftovers
|upkeep
|turn|29
|
|t:|1757835299
|move|p1a: Dachsbun|Protect|p1a: Dachsbun
|-singleturn|p1a: Dachsbun|Protect
|move|p2a: limp schlong|Substitute|p2a: limp schlong
|-start|p2a: limp schlong|Substitute
|-damage|p2a: limp schlong|63/100
|
|-heal|p1a: Dachsbun|94/100|[from] move: Wish|[wisher] Dachsbun
|-heal|p2a: limp schlong|70/100|[from] item: Leftovers
|-heal|p1a: Dachsbun|99/100|[from] item: Leftovers
|upkeep
|turn|30
|
|t:|1757835310
|move|p2a: limp schlong|Tera Blast|p1a: Dachsbun
|-damage|p1a: Dachsbun|73/100
|move|p1a: Dachsbun|Wish|p1a: Dachsbun
|
|-heal|p2a: limp schlong|76/100|[from] item: Leftovers
|-heal|p1a: Dachsbun|79/100|[from] item: Leftovers
|upkeep
|turn|31
|
|t:|1757835320
|switch|p1a: Goodra|Goodra, F|67/100 par
|move|p2a: limp schlong|Leaf Storm|p1a: Goodra
|-ability|p1a: Goodra|Sap Sipper|boost
|-boost|p1a: Goodra|atk|1
|
|-heal|p1a: Goodra|100/100 par|[from] move: Wish|[wisher] Dachsbun
|-heal|p2a: limp schlong|82/100|[from] item: Leftovers
|upkeep
|turn|32
|
|t:|1757835333
|switch|p2a: idk whats goin on|Clefable, F|88/100
|move|p1a: Goodra|Knock Off|p2a: idk whats goin on
|-resisted|p2a: idk whats goin on
|-damage|p2a: idk whats goin on|79/100
|
|upkeep
|turn|33
|
|t:|1757835340
|move|p2a: idk whats goin on|Calm Mind|p2a: idk whats goin on
|-boost|p2a: idk whats goin on|spa|1
|-boost|p2a: idk whats goin on|spd|1
|move|p1a: Goodra|Flamethrower|p2a: idk whats goin on
|-damage|p2a: idk whats goin on|66/100
|
|upkeep
|turn|34
|
|t:|1757835347
|move|p2a: idk whats goin on|Calm Mind|p2a: idk whats goin on
|-boost|p2a: idk whats goin on|spa|1
|-boost|p2a: idk whats goin on|spd|1
|move|p1a: Goodra|Flamethrower|p2a: idk whats goin on
|-damage|p2a: idk whats goin on|55/100
|
|upkeep
|turn|35
|
|t:|1757835358
|switch|p1a: Dachsbun|Dachsbun, M|79/100
|move|p2a: idk whats goin on|Calm Mind|p2a: idk whats goin on
|-boost|p2a: idk whats goin on|spa|1
|-boost|p2a: idk whats goin on|spd|1
|
|-heal|p1a: Dachsbun|85/100|[from] item: Leftovers
|upkeep
|turn|36
|inactive|harc has 120 seconds left.
|
|t:|1757835401
|move|p1a: Dachsbun|Wish|p1a: Dachsbun
|move|p2a: idk whats goin on|Moonlight|p2a: idk whats goin on
|-heal|p2a: idk whats goin on|100/100
|
|-heal|p1a: Dachsbun|91/100|[from] item: Leftovers
|upkeep
|turn|37
|
|t:|1757835418
|switch|p1a: Dondozo|Dondozo, M|42/100 par
|move|p2a: idk whats goin on|Moonblast|p1a: Dondozo
|-damage|p1a: Dondozo|14/100 par
|-unboost|p1a: Dondozo|spa|1
|
|-heal|p1a: Dondozo|46/100 par|[from] move: Wish|[wisher] Dachsbun
|-heal|p1a: Dondozo|52/100 par|[from] item: Leftovers
|upkeep
|turn|38
|inactive|harc has 120 seconds left.
|
|t:|1757835431
|move|p2a: idk whats goin on|Moonblast|p1a: Dondozo
|-damage|p1a: Dondozo|25/100 par
|cant|p1a: Dondozo|par
|
|-heal|p1a: Dondozo|31/100 par|[from] item: Leftovers
|upkeep
|turn|39
|inactive|harc has 120 seconds left.
|
|t:|1757835439
|move|p2a: idk whats goin on|Moonblast|p1a: Dondozo
|-damage|p1a: Dondozo|0 fnt
|faint|p1a: Dondozo
|
|upkeep
|inactive|harc has 120 seconds left.
|-message|harc forfeited.
|
|win|jstewartlambert
|raw|harc's rating: 1312 &rarr; <strong>1289</strong><br />(-23 for losing)
|raw|jstewartlambert's rating: 1267 &rarr; <strong>1295</strong><br />(+28 for winning)
|l|‽harc
|player|p1|
|l|☆jstewartlambert
|player|p2|
