|j|☆Luisao
|j|☆Weyselb
|t:|1757813154
|gametype|singles
|player|p1|Luisao|2|1387
|player|p2|Weyselb|pokemaniac|1440
|gen|9
|tier|[Gen 9] OU
|rated|
|rule|HP Percentage Mod: HP is shown in percentages
|rule|Endless Battle Clause: Forcing endless battles is banned
|rule|Species Clause: Limit one of each Pokémon
|rule|OHKO Clause: OHKO moves are banned
|rule|Evasion Items Clause: Evasion items are banned
|rule|Evasion Moves Clause: Evasion moves are banned
|rule|Evasion Abilities Clause: Evasion abilities are banned
|rule|Sleep Moves Clause: Sleep-inducing moves are banned
|clearpoke
|poke|p1|Dragonite, M|
|poke|p1|Serperior, F|
|poke|p1|Donphan, M|
|poke|p1|Medicham, M|
|poke|p1|Scizor, M|
|poke|p1|Gengar, M|
|poke|p2|Meowscarada, F|
|poke|p2|Garganacl, F|
|poke|p2|Skarmory, F|
|poke|p2|Dragonite, F|
|poke|p2|Clodsire, F|
|poke|p2|Quaquaval, F|
|teampreview
|inactive|Battle timer is ON: inactive players will automatically lose when time's up. (requested by Luisao)
|
|t:|1757813175
|teamsize|p1|6
|teamsize|p2|6
|start
|switch|p1a: Medicham|Medicham, M, shiny|100/100
|switch|p2a: Meowscarada|Meowscarada, F|100/100
|turn|1
|
|t:|1757813181
|move|p1a: Medicham|Fake Out|p2a: Meowscarada
|-damage|p2a: Meowscarada|60/100
|-damage|p1a: Medicham|91/100|[from] item: Life Orb
|cant|p2a: Meowscarada|flinch
|
|upkeep
|turn|2
|
|t:|1757813189
|move|p1a: Medicham|Bullet Punch|p2a: Meowscarada
|-damage|p2a: Meowscarada|22/100
|-damage|p1a: Medicham|81/100|[from] item: Life Orb
|move|p2a: Meowscarada|U-turn|p1a: Medicham
|-start|p2a: Meowscarada|typechange|Bug|[from] ability: Protean
|-damage|p1a: Medicham|30/100
|
|t:|1757813194
|switch|p2a: Dragonite|Dragonite, F|100/100|[from] U-turn
|
|upkeep
|turn|3
|
|t:|1757813201
|move|p2a: Dragonite|Dragon Dance|p2a: Dragonite
|-boost|p2a: Dragonite|atk|1
|-boost|p2a: Dragonite|spe|1
|move|p1a: Medicham|Ice Punch|p2a: Dragonite
|-supereffective|p2a: Dragonite
|-damage|p2a: Dragonite|7/100
|-damage|p1a: Medicham|20/100|[from] item: Life Orb
|
|upkeep
|turn|4
|
|t:|1757813210
|switch|p1a: Donphan|Donphan, M|100/100
|move|p2a: Dragonite|Extreme Speed|p1a: Donphan
|-damage|p1a: Donphan|63/100
|
|-heal|p1a: Donphan|70/100|[from] item: Leftovers
|upkeep
|turn|5
|
|t:|1757813218
|switch|p2a: Skarmory|Skarmory, F|100/100
|move|p1a: Donphan|Ice Shard|p2a: Skarmory
|-damage|p2a: Skarmory|91/100
|
|-heal|p1a: Donphan|76/100|[from] item: Leftovers
|upkeep
|turn|6
|
|t:|1757813227
|move|p2a: Skarmory|Spikes|p1a: Donphan
|-sidestart|p1: Luisao|Spikes
|move|p1a: Donphan|Stealth Rock|p2a: Skarmory
|-sidestart|p2: Weyselb|move: Stealth Rock
|
|-heal|p1a: Donphan|82/100|[from] item: Leftovers
|upkeep
|turn|7
|
|t:|1757813236
|move|p2a: Skarmory|Spikes|p1a: Donphan
|-sidestart|p1: Luisao|Spikes
|move|p1a: Donphan|Rapid Spin|p2a: Skarmory
|-resisted|p2a: Skarmory
|-damage|p2a: Skarmory|85/100
|-boost|p1a: Donphan|spe|1
|-damage|p1a: Donphan|65/100|[from] item: Rocky Helmet|[of] p2a: Skarmory
|-sideend|p1: Luisao|Spikes|[from] move: Rapid Spin|[of] p1a: Donphan
|
|-heal|p1a: Donphan|72/100|[from] item: Leftovers
|upkeep
|turn|8
|
|t:|1757813247
|switch|p1a: Medicham|Medicham, M, shiny|20/100
|move|p2a: Skarmory|Spikes|p1a: Medicham
|-sidestart|p1: Luisao|Spikes
|
|upkeep
|turn|9
|
|t:|1757813257
|move|p1a: Medicham|High Jump Kick|p2a: Skarmory
|-damage|p2a: Skarmory|12/100
|-damage|p1a: Medicham|4/100|[from] item: Rocky Helmet|[of] p2a: Skarmory
|-damage|p1a: Medicham|0 fnt|[from] item: Life Orb
|faint|p1a: Medicham
|move|p2a: Skarmory|Roost|p2a: Skarmory
|-heal|p2a: Skarmory|62/100
|-singleturn|p2a: Skarmory|move: Roost
|
|upkeep
|
|t:|1757813267
|switch|p1a: Dragonite|Dragonite, M|100/100
|turn|10
|
|t:|1757813293
|switch|p2a: Garganacl|Garganacl, F|100/100
|-damage|p2a: Garganacl|88/100|[from] Stealth Rock
|move|p1a: Dragonite|Dragon Dance|p1a: Dragonite
|-boost|p1a: Dragonite|atk|1
|-boost|p1a: Dragonite|spe|1
|
|-heal|p2a: Garganacl|94/100|[from] item: Leftovers
|upkeep
|turn|11
|
|t:|1757813305
|move|p1a: Dragonite|Outrage|p2a: Garganacl
|-damage|p2a: Garganacl|31/100
|move|p2a: Garganacl|Salt Cure|p1a: Dragonite
|-supereffective|p1a: Dragonite
|-crit|p1a: Dragonite
|-damage|p1a: Dragonite|79/100
|-start|p1a: Dragonite|Salt Cure
|
|-heal|p1a: Dragonite|85/100|[from] item: Leftovers
|-heal|p2a: Garganacl|37/100|[from] item: Leftovers
|-damage|p1a: Dragonite|73/100|[from] Salt Cure
|upkeep
|turn|12
|
|t:|1757813322
|move|p2a: Garganacl|Protect|p2a: Garganacl
|-singleturn|p2a: Garganacl|Protect
|move|p1a: Dragonite|Outrage|p2a: Garganacl|[from] lockedmove
|-activate|p2a: Garganacl|move: Protect
|-start|p1a: Dragonite|confusion|[fatigue]
|
|-heal|p1a: Dragonite|79/100|[from] item: Leftovers
|-heal|p2a: Garganacl|43/100|[from] item: Leftovers
|-damage|p1a: Dragonite|67/100|[from] Salt Cure
|upkeep
|turn|13
|
|t:|1757813333
|-activate|p1a: Dragonite|confusion
|-damage|p1a: Dragonite|39/100|[from] confusion
|move|p2a: Garganacl|Recover|p2a: Garganacl
|-heal|p2a: Garganacl|93/100
|
|-heal|p1a: Dragonite|45/100|[from] item: Leftovers
|-heal|p2a: Garganacl|99/100|[from] item: Leftovers
|-damage|p1a: Dragonite|33/100|[from] Salt Cure
|upkeep
|turn|14
|
|t:|1757813342
|move|p2a: Garganacl|Protect|p2a: Garganacl
|-singleturn|p2a: Garganacl|Protect
|-activate|p1a: Dragonite|confusion
|-damage|p1a: Dragonite|7/100|[from] confusion
|
|-heal|p1a: Dragonite|13/100|[from] item: Leftovers
|-heal|p2a: Garganacl|100/100|[from] item: Leftovers
|-damage|p1a: Dragonite|1/100|[from] Salt Cure
|upkeep
|turn|15
|
|t:|1757813353
|move|p2a: Garganacl|Protect|p2a: Garganacl
|-singleturn|p2a: Garganacl|Protect
|-end|p1a: Dragonite|confusion
|move|p1a: Dragonite|Outrage|p2a: Garganacl
|-activate|p2a: Garganacl|move: Protect
|
|-heal|p1a: Dragonite|7/100|[from] item: Leftovers
|-damage|p1a: Dragonite|0 fnt|[from] Salt Cure
|faint|p1a: Dragonite
|upkeep
|
|t:|1757813366
|switch|p1a: Donphan|Donphan, M|72/100
|-damage|p1a: Donphan|59/100|[from] Spikes
|turn|16
|
|t:|1757813371
|switch|p2a: Skarmory|Skarmory, F|62/100
|-damage|p2a: Skarmory|50/100|[from] Stealth Rock
|move|p1a: Donphan|Rapid Spin|p2a: Skarmory
|-resisted|p2a: Skarmory
|-damage|p2a: Skarmory|45/100
|-boost|p1a: Donphan|spe|1
|-damage|p1a: Donphan|42/100|[from] item: Rocky Helmet|[of] p2a: Skarmory
|-sideend|p1: Luisao|Spikes|[from] move: Rapid Spin|[of] p1a: Donphan
|
|-heal|p1a: Donphan|49/100|[from] item: Leftovers
|upkeep
|turn|17
|
|t:|1757813383
|switch|p1a: Gengar|Gengar, M, shiny|100/100
|move|p2a: Skarmory|Roost|p2a: Skarmory
|-heal|p2a: Skarmory|95/100
|-singleturn|p2a: Skarmory|move: Roost
|
|upkeep
|turn|18
|
|t:|1757813393
|switch|p2a: Garganacl|Garganacl, F|100/100
|-damage|p2a: Garganacl|88/100|[from] Stealth Rock
|move|p1a: Gengar|Shadow Ball|p2a: Garganacl
|-damage|p2a: Garganacl|72/100
|
|-heal|p2a: Garganacl|78/100|[from] item: Leftovers
|upkeep
|turn|19
|
|t:|1757813403
|switch|p1a: Donphan|Donphan, M|49/100
|move|p2a: Garganacl|Salt Cure|p1a: Donphan
|-resisted|p1a: Donphan
|-damage|p1a: Donphan|43/100
|-start|p1a: Donphan|Salt Cure
|
|-heal|p1a: Donphan|50/100|[from] item: Leftovers
|-heal|p2a: Garganacl|85/100|[from] item: Leftovers
|-damage|p1a: Donphan|37/100|[from] Salt Cure
|upkeep
|turn|20
|
|t:|1757813413
|switch|p2a: Skarmory|Skarmory, F|95/100
|-damage|p2a: Skarmory|83/100|[from] Stealth Rock
|move|p1a: Donphan|Earthquake|p2a: Skarmory
|-immune|p2a: Skarmory
|
|-heal|p1a: Donphan|43/100|[from] item: Leftovers
|-damage|p1a: Donphan|31/100|[from] Salt Cure
|upkeep
|turn|21
|-message|Luisao forfeited.
|
|win|Weyselb
|raw|Luisao's rating: 1387 &rarr; <strong>1370</strong><br />(-17 for losing)
|raw|Weyselb's rating: 1440 &rarr; <strong>1457</strong><br />(+17 for winning)
|l|☆Luisao
|player|p1|
|l|☆Weyselb
|player|p2|
