|j|☆swimsuitmodel
|j|☆HGalliumh
|t:|1757912091
|gametype|singles
|player|p1|swimsuitmodel|tuberf|1589
|player|p2|HGalliumh|dawn|1578
|gen|9
|tier|[Gen 9] OU
|rated|
|rule|HP Percentage Mod: HP is shown in percentages
|rule|Endless Battle Clause: Forcing endless battles is banned
|rule|Species Clause: Limit one of each Pokémon
|rule|OHKO Clause: OHKO moves are banned
|rule|Evasion Items Clause: Evasion items are banned
|rule|Evasion Moves Clause: Evasion moves are banned
|rule|Evasion Abilities Clause: Evasion abilities are banned
|rule|Sleep Moves Clause: Sleep-inducing moves are banned
|clearpoke
|poke|p1|Blissey, F|
|poke|p1|Corviknight, F|
|poke|p1|Alomomola, M|
|poke|p1|Cyclizar, F|
|poke|p1|Dondozo, M|
|poke|p1|Gliscor, M|
|poke|p2|Primarina, F|
|poke|p2|Alomomola, F|
|poke|p2|Great Tusk|
|poke|p2|Mandibuzz, F|
|poke|p2|Gholdengo|
|poke|p2|Ceruledge, F|
|teampreview
|inactive|Battle timer is ON: inactive players will automatically lose when time's up. (requested by HGalliumh)
|
|t:|1757912129
|teamsize|p1|6
|teamsize|p2|6
|start
|switch|p1a: Gliscor|Gliscor, M|100/100
|switch|p2a: Primarina|Primarina, F|100/100
|turn|1
|
|t:|1757912137
|move|p1a: Gliscor|Toxic|p2a: Primarina
|-status|p2a: Primarina|tox
|move|p2a: Primarina|Surf|p1a: Gliscor
|-supereffective|p1a: Gliscor
|-damage|p1a: Gliscor|0 fnt
|faint|p1a: Gliscor
|
|-damage|p2a: Primarina|95/100 tox|[from] psn
|upkeep
|j| heatraniac
|
|t:|1757912154
|switch|p1a: Blissey|Blissey, F|100/100
|turn|2
|
|t:|1757912159
|switch|p2a: Gholdengo|Gholdengo|100/100
|move|p1a: Blissey|Calm Mind|p1a: Blissey
|-boost|p1a: Blissey|spa|1
|-boost|p1a: Blissey|spd|1
|
|upkeep
|turn|3
|
|t:|1757912162
|move|p2a: Gholdengo|Trick|p1a: Blissey
|-activate|p2a: Gholdengo|move: Trick|[of] p1a: Blissey
|-item|p1a: Blissey|Choice Scarf|[from] move: Trick
|-item|p2a: Gholdengo|Heavy-Duty Boots|[from] move: Trick
|move|p1a: Blissey|Flamethrower|p2a: Gholdengo
|-supereffective|p2a: Gholdengo
|-damage|p2a: Gholdengo|41/100
|-status|p2a: Gholdengo|brn
|
|-damage|p2a: Gholdengo|35/100 brn|[from] brn
|upkeep
|turn|4
|
|t:|1757912172
|switch|p2a: Ceruledge|Ceruledge, F|100/100
|move|p1a: Blissey|Flamethrower|p2a: Ceruledge
|-start|p2a: Ceruledge|ability: Flash Fire
|
|upkeep
|turn|5
|
|t:|1757912180
|-end|p2a: Ceruledge|ability: Flash Fire|[silent]
|switch|p2a: Primarina|Primarina, F|95/100 tox
|switch|p1a: Dondozo|Dondozo, M|100/100
|
|-damage|p2a: Primarina|89/100 tox|[from] psn
|upkeep
|turn|6
|
|t:|1757912185
|switch|p1a: Blissey|Blissey, F|100/100
|move|p2a: Primarina|Moonblast|p1a: Blissey
|-damage|p1a: Blissey|75/100
|
|-damage|p2a: Primarina|77/100 tox|[from] psn
|upkeep
|turn|7
|
|t:|1757912191
|move|p2a: Primarina|Moonblast|p1a: Blissey
|-damage|p1a: Blissey|49/100
|move|p1a: Blissey|Seismic Toss|p2a: Primarina
|-damage|p2a: Primarina|43/100 tox
|
|-damage|p2a: Primarina|25/100 tox|[from] psn
|upkeep
|turn|8
|
|t:|1757912204
|switch|p2a: Gholdengo|Gholdengo|35/100 brn
|move|p1a: Blissey|Seismic Toss|p2a: Gholdengo
|-immune|p2a: Gholdengo
|
|-damage|p2a: Gholdengo|29/100 brn|[from] brn
|upkeep
|turn|9
|
|t:|1757912209
|switch|p1a: Corviknight|Corviknight, F|100/100
|-ability|p1a: Corviknight|Pressure
|move|p2a: Gholdengo|Nasty Plot|p2a: Gholdengo
|-boost|p2a: Gholdengo|spa|2
|
|-damage|p2a: Gholdengo|23/100 brn|[from] brn
|upkeep
|turn|10
|
|t:|1757912217
|move|p2a: Gholdengo|Shadow Ball|p1a: Corviknight
|-damage|p1a: Corviknight|40/100
|move|p1a: Corviknight|Iron Head|p2a: Gholdengo
|-resisted|p2a: Gholdengo
|-damage|p2a: Gholdengo|8/100 brn
|
|-heal|p1a: Corviknight|46/100|[from] item: Leftovers
|-damage|p2a: Gholdengo|2/100 brn|[from] brn
|upkeep
|turn|11
|j| Shimeon91
|
|t:|1757912239
|switch|p2a: Ceruledge|Ceruledge, F|100/100
|switch|p1a: Cyclizar|Cyclizar, F|100/100
|
|upkeep
|turn|12
|
|t:|1757912245
|move|p1a: Cyclizar|Knock Off|p2a: Ceruledge
|-supereffective|p2a: Ceruledge
|-damage|p2a: Ceruledge|53/100
|-enditem|p2a: Ceruledge|Covert Cloak|[from] move: Knock Off|[of] p1a: Cyclizar
|move|p2a: Ceruledge|Bulk Up|p2a: Ceruledge
|-boost|p2a: Ceruledge|atk|1
|-boost|p2a: Ceruledge|def|1
|
|upkeep
|turn|13
|
|t:|1757912250
|switch|p1a: Dondozo|Dondozo, M|100/100
|move|p2a: Ceruledge|Bitter Blade|p1a: Dondozo
|-resisted|p1a: Dondozo
|-damage|p1a: Dondozo|92/100
|-heal|p2a: Ceruledge|59/100|[from] drain|[of] p1a: Dondozo
|
|upkeep
|turn|14
|
|t:|1757912257
|move|p2a: Ceruledge|Taunt|p1a: Dondozo
|-start|p1a: Dondozo|move: Taunt
|move|p1a: Dondozo|Waterfall|p2a: Ceruledge
|-supereffective|p2a: Ceruledge
|-damage|p2a: Ceruledge|0 fnt
|faint|p2a: Ceruledge
|
|upkeep
|-message|HGalliumh forfeited.
|
|win|swimsuitmodel
|raw|swimsuitmodel's rating: 1589 &rarr; <strong>1608</strong><br />(+19 for winning)
|raw|HGalliumh's rating: 1578 &rarr; <strong>1559</strong><br />(-19 for losing)
|l|☆HGalliumh
|player|p2|
|l|☆swimsuitmodel
|player|p1|
|l| heatraniac
|l| Shimeon91
