|j|☆the.ramen.gang
|j|☆kk826
|t:|1757873304
|gametype|singles
|player|p1|the.ramen.gang|101|1184
|player|p2|kk826|dancer|1174
|gen|9
|tier|[Gen 9] OU
|rated|
|rule|HP Percentage Mod: HP is shown in percentages
|rule|Endless Battle Clause: Forcing endless battles is banned
|rule|Species Clause: Limit one of each Pokémon
|rule|OHKO Clause: OHKO moves are banned
|rule|Evasion Items Clause: Evasion items are banned
|rule|Evasion Moves Clause: Evasion moves are banned
|rule|Evasion Abilities Clause: Evasion abilities are banned
|rule|Sleep Moves Clause: Sleep-inducing moves are banned
|clearpoke
|poke|p1|Squawkabilly, M|
|poke|p1|Conkeldurr, F|
|poke|p1|Scizor, M|
|poke|p1|Golurk|
|poke|p1|Alcremie, F|
|poke|p1|Dudunsparce-*, M|
|poke|p2|Gliscor, F|
|poke|p2|Primarina, F|
|poke|p2|Scizor, M|
|poke|p2|Dragapult, F|
|poke|p2|Okidogi, M|
|poke|p2|Serperior, M|
|teampreview
|
|t:|1757873308
|teamsize|p1|6
|teamsize|p2|6
|start
|switch|p1a: Conkeldurr|Conkeldurr, F|100/100
|switch|p2a: Serperior|Serperior, M|100/100
|turn|1
|inactive|Battle timer is ON: inactive players will automatically lose when time's up. (requested by the.ramen.gang)
|
|t:|1757873322
|move|p2a: Serperior|Leaf Storm|p1a: Conkeldurr
|-damage|p1a: Conkeldurr|78/100
|-boost|p2a: Serperior|spa|2
|move|p1a: Conkeldurr|Ice Punch|p2a: Serperior
|-supereffective|p2a: Serperior
|-damage|p2a: Serperior|22/100
|
|-heal|p2a: Serperior|28/100|[from] item: Leftovers
|upkeep
|turn|2
|
|t:|1757873342
|switch|p2a: Scizor|Scizor, M|100/100
|move|p1a: Conkeldurr|Ice Punch|p2a: Scizor
|-resisted|p2a: Scizor
|-damage|p2a: Scizor|81/100
|
|-heal|p2a: Scizor|87/100|[from] item: Leftovers
|upkeep
|turn|3
|
|t:|1757873355
|move|p2a: Scizor|U-turn|p1a: Conkeldurr
|-resisted|p1a: Conkeldurr
|-damage|p1a: Conkeldurr|59/100
|
|t:|1757873361
|switch|p2a: Dragapult|Dragapult, F|100/100|[from] U-turn
|move|p1a: Conkeldurr|Drain Punch|p2a: Dragapult
|-immune|p2a: Dragapult
|
|upkeep
|turn|4
|
|t:|1757873377
|switch|p2a: Primarina|Primarina, F|100/100
|move|p1a: Conkeldurr|Knock Off|p2a: Primarina
|-resisted|p2a: Primarina
|-crit|p2a: Primarina
|-damage|p2a: Primarina|59/100
|-enditem|p2a: Primarina|Life Orb|[from] move: Knock Off|[of] p1a: Conkeldurr
|
|upkeep
|turn|5
|
|t:|1757873389
|move|p2a: Primarina|Moonblast|p1a: Conkeldurr
|-supereffective|p1a: Conkeldurr
|-damage|p1a: Conkeldurr|0 fnt
|faint|p1a: Conkeldurr
|
|upkeep
|
|t:|1757873393
|switch|p1a: Golurk|Golurk|100/100
|turn|6
|
|t:|1757873402
|move|p2a: Primarina|Sparkling Aria|p1a: Golurk
|-supereffective|p1a: Golurk
|-damage|p1a: Golurk|0 fnt
|faint|p1a: Golurk
|
|upkeep
|
|t:|1757873407
|switch|p1a: Scizor|Scizor, M|100/100
|turn|7
|
|t:|1757873415
|move|p2a: Primarina|Sparkling Aria|p1a: Scizor
|-damage|p1a: Scizor|29/100
|move|p1a: Scizor|Swords Dance|p1a: Scizor
|-boost|p1a: Scizor|atk|2
|
|upkeep
|turn|8
|
|t:|1757873425
|move|p1a: Scizor|Bullet Punch|p2a: Primarina
|-damage|p2a: Primarina|0 fnt
|faint|p2a: Primarina
|
|upkeep
|
|t:|1757873438
|switch|p2a: Okidogi|Okidogi, M|100/100
|turn|9
|
|t:|1757873450
|move|p1a: Scizor|Bullet Punch|p2a: Okidogi
|-damage|p2a: Okidogi|39/100
|move|p2a: Okidogi|Close Combat|p1a: Scizor
|-damage|p1a: Scizor|0 fnt
|-unboost|p2a: Okidogi|def|1
|-unboost|p2a: Okidogi|spd|1
|faint|p1a: Scizor
|
|upkeep
|
|t:|1757873473
|switch|p1a: Squawkabilly|Squawkabilly, M|100/100
|turn|10
|
|t:|1757873477
|move|p2a: Okidogi|Close Combat|p1a: Squawkabilly
|-damage|p1a: Squawkabilly|0 fnt
|-unboost|p2a: Okidogi|def|1
|-unboost|p2a: Okidogi|spd|1
|faint|p1a: Squawkabilly
|
|upkeep
|
|t:|1757873484
|switch|p1a: Dudunsparce|Dudunsparce-Three-Segment, M|100/100
|turn|11
|
|t:|1757873488
|-terastallize|p1a: Dudunsparce|Ghost
|move|p2a: Okidogi|Close Combat|p1a: Dudunsparce
|-immune|p1a: Dudunsparce
|move|p1a: Dudunsparce|Calm Mind|p1a: Dudunsparce
|-boost|p1a: Dudunsparce|spa|1
|-boost|p1a: Dudunsparce|spd|1
|
|upkeep
|turn|12
|
|t:|1757873500
|switch|p2a: Gliscor|Gliscor, F|100/100
|move|p1a: Dudunsparce|Calm Mind|p1a: Dudunsparce
|-boost|p1a: Dudunsparce|spa|1
|-boost|p1a: Dudunsparce|spd|1
|
|-status|p2a: Gliscor|tox|[from] item: Toxic Orb
|upkeep
|turn|13
|
|t:|1757873511
|move|p2a: Gliscor|Knock Off|p1a: Dudunsparce
|-supereffective|p1a: Dudunsparce
|-damage|p1a: Dudunsparce|59/100
|-ability|p1a: Dudunsparce|Rattled|boost
|-boost|p1a: Dudunsparce|spe|1
|-enditem|p1a: Dudunsparce|Leftovers|[from] move: Knock Off|[of] p2a: Gliscor
|move|p1a: Dudunsparce|Calm Mind|p1a: Dudunsparce
|-boost|p1a: Dudunsparce|spa|1
|-boost|p1a: Dudunsparce|spd|1
|
|upkeep
|turn|14
|
|t:|1757873522
|move|p2a: Gliscor|Toxic|p1a: Dudunsparce
|-status|p1a: Dudunsparce|tox
|move|p1a: Dudunsparce|Roost|p1a: Dudunsparce
|-heal|p1a: Dudunsparce|100/100 tox
|
|-damage|p1a: Dudunsparce|94/100 tox|[from] psn
|upkeep
|turn|15
|
|t:|1757873532
|move|p2a: Gliscor|Knock Off|p1a: Dudunsparce
|-supereffective|p1a: Dudunsparce
|-damage|p1a: Dudunsparce|70/100 tox
|-ability|p1a: Dudunsparce|Rattled|boost
|-boost|p1a: Dudunsparce|spe|1
|move|p1a: Dudunsparce|Boomburst|p2a: Gliscor
|-damage|p2a: Gliscor|0 fnt
|faint|p2a: Gliscor
|
|-damage|p1a: Dudunsparce|57/100 tox|[from] psn
|upkeep
|
|t:|1757873555
|switch|p2a: Dragapult|Dragapult, F|100/100
|turn|16
|
|t:|1757873562
|move|p2a: Dragapult|Phantom Force||[still]
|-prepare|p2a: Dragapult|Phantom Force
|move|p1a: Dudunsparce|Roost|p1a: Dudunsparce
|-heal|p1a: Dudunsparce|100/100 tox
|
|-damage|p1a: Dudunsparce|82/100 tox|[from] psn
|upkeep
|turn|17
|
|t:|1757873571
|move|p2a: Dragapult|Phantom Force|p1a: Dudunsparce|[from] lockedmove
|-supereffective|p1a: Dudunsparce
|-crit|p1a: Dudunsparce
|-damage|p1a: Dudunsparce|0 fnt
|faint|p1a: Dudunsparce
|
|upkeep
|
|t:|1757873573
|switch|p1a: Alcremie|Alcremie, F|100/100
|turn|18
|
|t:|1757873582
|move|p2a: Dragapult|Phantom Force||[still]
|-prepare|p2a: Dragapult|Phantom Force
|move|p1a: Alcremie|Calm Mind|p1a: Alcremie
|-boost|p1a: Alcremie|spa|1
|-boost|p1a: Alcremie|spd|1
|
|upkeep
|turn|19
|
|t:|1757873588
|move|p2a: Dragapult|Phantom Force|p1a: Alcremie|[from] lockedmove
|-damage|p1a: Alcremie|47/100
|move|p1a: Alcremie|Alluring Voice|p2a: Dragapult
|-supereffective|p2a: Dragapult
|-damage|p2a: Dragapult|0 fnt
|faint|p2a: Dragapult
|
|-heal|p1a: Alcremie|53/100|[from] item: Leftovers
|upkeep
|
|t:|1757873605
|switch|p2a: Okidogi|Okidogi, M|39/100
|turn|20
|
|t:|1757873611
|move|p2a: Okidogi|Gunk Shot|p1a: Alcremie
|-supereffective|p1a: Alcremie
|-damage|p1a: Alcremie|0 fnt
|faint|p1a: Alcremie
|
|win|kk826
|raw|the.ramen.gang's rating: 1184 &rarr; <strong>1158</strong><br />(-26 for losing)
|raw|kk826's rating: 1174 &rarr; <strong>1200</strong><br />(+26 for winning)
|l|☆kk826
|player|p2|
