|j|☆cloud29
|j|☆wist_ful1
|t:|1757955013
|gametype|singles
|player|p1|cloud29|170|1083
|player|p2|wist_ful1|dawn-gen4pt|1145
|gen|9
|tier|[Gen 9] OU
|rated|
|rule|HP Percentage Mod: HP is shown in percentages
|rule|Endless Battle Clause: Forcing endless battles is banned
|rule|Species Clause: Limit one of each Pokémon
|rule|OHKO Clause: OHKO moves are banned
|rule|Evasion Items Clause: Evasion items are banned
|rule|Evasion Moves Clause: Evasion moves are banned
|rule|Evasion Abilities Clause: Evasion abilities are banned
|rule|Sleep Moves Clause: Sleep-inducing moves are banned
|clearpoke
|poke|p1|Dragonite, M|
|poke|p1|Clefable, M|
|poke|p1|Araquanid, F|
|poke|p1|Polteageist-Antique|
|poke|p1|Goodra-Hisui, F|
|poke|p1|Magcargo, F|
|poke|p2|Iron Valiant|
|poke|p2|Slowking-Galar, M|
|poke|p2|Clefable, F|
|poke|p2|Primarina, F|
|poke|p2|Corviknight, M|
|poke|p2|Gliscor, M|
|teampreview
|
|t:|1757955023
|teamsize|p1|6
|teamsize|p2|6
|start
|switch|p1a: Goodra|Goodra-Hisui, F|100/100
|switch|p2a: Corviknight|Corviknight, M|100/100
|-ability|p2a: Corviknight|Pressure
|turn|1
|
|t:|1757955031
|switch|p2a: Primarina|Primarina, F|100/100
|move|p1a: Goodra|Thunderbolt|p2a: Primarina
|-supereffective|p2a: Primarina
|-damage|p2a: Primarina|71/100
|
|upkeep
|turn|2
|
|t:|1757955040
|move|p1a: Goodra|Thunderbolt|p2a: Primarina
|-supereffective|p2a: Primarina
|-damage|p2a: Primarina|41/100
|move|p2a: Primarina|Surf|p1a: Goodra
|-resisted|p1a: Goodra
|-damage|p1a: Goodra|90/100
|
|upkeep
|turn|3
|
|t:|1757955047
|move|p1a: Goodra|Flash Cannon|p2a: Primarina
|-damage|p2a: Primarina|21/100
|move|p2a: Primarina|Draining Kiss|p1a: Goodra
|-damage|p1a: Goodra|77/100
|-heal|p2a: Primarina|32/100|[from] drain|[of] p1a: Goodra
|-ability|p1a: Goodra|Gooey
|-unboost|p2a: Primarina|spe|1
|
|upkeep
|turn|4
|
|t:|1757955056
|move|p1a: Goodra|Thunderbolt|p2a: Primarina
|-supereffective|p2a: Primarina
|-damage|p2a: Primarina|0 fnt
|faint|p2a: Primarina
|
|upkeep
|
|t:|1757955061
|switch|p2a: Gliscor|Gliscor, M|100/100
|turn|5
|
|t:|1757955067
|switch|p1a: Araquanid|Araquanid, F|100/100
|move|p2a: Gliscor|Knock Off|p1a: Araquanid
|-damage|p1a: Araquanid|77/100
|-enditem|p1a: Araquanid|Heavy-Duty Boots|[from] move: Knock Off|[of] p2a: Gliscor
|
|-status|p2a: Gliscor|tox|[from] item: Toxic Orb
|upkeep
|turn|6
|
|t:|1757955076
|move|p2a: Gliscor|Earthquake|p1a: Araquanid
|-resisted|p1a: Araquanid
|-damage|p1a: Araquanid|58/100
|move|p1a: Araquanid|Liquidation|p2a: Gliscor
|-supereffective|p2a: Gliscor
|-damage|p2a: Gliscor|10/100 tox
|
|-heal|p2a: Gliscor|23/100 tox|[from] ability: Poison Heal
|upkeep
|turn|7
|
|t:|1757955087
|move|p2a: Gliscor|Protect|p2a: Gliscor
|-singleturn|p2a: Gliscor|Protect
|move|p1a: Araquanid|Liquidation|p2a: Gliscor
|-activate|p2a: Gliscor|move: Protect
|
|-heal|p2a: Gliscor|35/100 tox|[from] ability: Poison Heal
|upkeep
|turn|8
|l|☆wist_ful1
|player|p2|
|j|☆wist_ful1
|player|p2|wist_ful1|dawn-gen4pt|
|inactive|Battle timer is ON: inactive players will automatically lose when time's up. (requested by cloud29)
|
|t:|1757955118
|switch|p2a: Corviknight|Corviknight, M|100/100
|-ability|p2a: Corviknight|Pressure
|move|p1a: Araquanid|Trailblaze|p2a: Corviknight
|-resisted|p2a: Corviknight
|-damage|p2a: Corviknight|99/100
|-boost|p1a: Araquanid|spe|1
|-damage|p1a: Araquanid|42/100|[from] item: Rocky Helmet|[of] p2a: Corviknight
|
|upkeep
|turn|9
|
|t:|1757955133
|move|p1a: Araquanid|Sticky Web|p2a: Corviknight
|-sidestart|p2: wist_ful1|move: Sticky Web
|move|p2a: Corviknight|Brave Bird|p1a: Araquanid
|-supereffective|p1a: Araquanid
|-damage|p1a: Araquanid|0 fnt
|faint|p1a: Araquanid
|-damage|p2a: Corviknight|87/100|[from] Recoil
|
|upkeep
|
|t:|1757955141
|switch|p1a: Goodra|Goodra-Hisui, F|77/100
|turn|10
|
|t:|1757955145
|move|p1a: Goodra|Flamethrower|p2a: Corviknight
|-supereffective|p2a: Corviknight
|-damage|p2a: Corviknight|32/100
|move|p2a: Corviknight|Defog|p1a: Goodra
|-unboost|p1a: Goodra|evasion|1
|-sideend|p2: wist_ful1|Sticky Web|[from] move: Defog|[of] p2a: Corviknight
|
|upkeep
|turn|11
|
|t:|1757955159
|switch|p2a: Gliscor|Gliscor, M|35/100 tox
|move|p1a: Goodra|Flamethrower|p2a: Gliscor
|-damage|p2a: Gliscor|8/100 tox
|
|-heal|p2a: Gliscor|20/100 tox|[from] ability: Poison Heal
|upkeep
|turn|12
|
|t:|1757955167
|move|p2a: Gliscor|Protect|p2a: Gliscor
|-singleturn|p2a: Gliscor|Protect
|move|p1a: Goodra|Flamethrower|p2a: Gliscor
|-activate|p2a: Gliscor|move: Protect
|
|-heal|p2a: Gliscor|33/100 tox|[from] ability: Poison Heal
|upkeep
|turn|13
|
|t:|1757955178
|move|p2a: Gliscor|Earthquake|p1a: Goodra
|-supereffective|p1a: Goodra
|-damage|p1a: Goodra|15/100
|move|p1a: Goodra|Flamethrower|p2a: Gliscor
|-damage|p2a: Gliscor|7/100 tox
|
|-heal|p2a: Gliscor|20/100 tox|[from] ability: Poison Heal
|upkeep
|turn|14
|
|t:|1757955204
|switch|p1a: Dragonite|Dragonite, M|100/100
|move|p2a: Gliscor|Protect||[still]
|-fail|p2a: Gliscor
|
|-heal|p2a: Gliscor|32/100 tox|[from] ability: Poison Heal
|upkeep
|turn|15
|
|t:|1757955212
|move|p1a: Dragonite|Ice Punch|p2a: Gliscor
|-supereffective|p2a: Gliscor
|-damage|p2a: Gliscor|0 fnt
|faint|p2a: Gliscor
|
|upkeep
|
|t:|1757955219
|switch|p2a: Clefable|Clefable, F|100/100
|turn|16
|
|t:|1757955229
|switch|p1a: Clefable|Clefable, M|100/100
|move|p2a: Clefable|Thunder Wave|p1a: Clefable
|-status|p1a: Clefable|par
|
|upkeep
|turn|17
|
|t:|1757955245
|move|p2a: Clefable|Stealth Rock|p1a: Clefable
|-sidestart|p1: cloud29|move: Stealth Rock
|move|p1a: Clefable|Alluring Voice|p2a: Clefable
|-damage|p2a: Clefable|52/100
|
|-heal|p2a: Clefable|58/100|[from] item: Leftovers
|upkeep
|turn|18
|
|t:|1757955253
|switch|p2a: Slowking|Slowking-Galar, M|100/100
|cant|p1a: Clefable|par
|
|upkeep
|turn|19
|
|t:|1757955278
|move|p2a: Slowking|Sludge Bomb|p1a: Clefable
|-supereffective|p1a: Clefable
|-damage|p1a: Clefable|26/100 par
|move|p1a: Clefable|Alluring Voice|p2a: Slowking
|-resisted|p2a: Slowking
|-damage|p2a: Slowking|82/100
|
|upkeep
|turn|20
|
|t:|1757955288
|move|p2a: Slowking|Sludge Bomb|p1a: Clefable
|-supereffective|p1a: Clefable
|-damage|p1a: Clefable|0 fnt
|faint|p1a: Clefable
|
|upkeep
|
|t:|1757955295
|switch|p1a: Dragonite|Dragonite, M|100/100
|-damage|p1a: Dragonite|76/100|[from] Stealth Rock
|turn|21
|
|t:|1757955299
|move|p1a: Dragonite|Dragon Dance|p1a: Dragonite
|-boost|p1a: Dragonite|atk|1
|-boost|p1a: Dragonite|spe|1
|move|p2a: Slowking|Ice Beam|p1a: Dragonite
|-supereffective|p1a: Dragonite
|-damage|p1a: Dragonite|0 fnt
|faint|p1a: Dragonite
|
|upkeep
|
|t:|1757955310
|switch|p1a: Magcargo|Magcargo, F|100/100
|-damage|p1a: Magcargo|76/100|[from] Stealth Rock
|-item|p1a: Magcargo|Air Balloon
|turn|22
|
|t:|1757955318
|move|p1a: Magcargo|Shell Smash|p1a: Magcargo
|-unboost|p1a: Magcargo|def|1
|-unboost|p1a: Magcargo|spd|1
|-boost|p1a: Magcargo|atk|2
|-boost|p1a: Magcargo|spa|2
|-boost|p1a: Magcargo|spe|2
|move|p2a: Slowking|Sludge Bomb|p1a: Magcargo
|-resisted|p1a: Magcargo
|-damage|p1a: Magcargo|29/100
|-status|p1a: Magcargo|psn
|-enditem|p1a: Magcargo|Air Balloon
|
|-damage|p1a: Magcargo|17/100 psn|[from] psn
|upkeep
|turn|23
|
|t:|1757955331
|move|p1a: Magcargo|Earth Power|p2a: Slowking
|-supereffective|p2a: Slowking
|-damage|p2a: Slowking|0 fnt
|faint|p2a: Slowking
|
|-damage|p1a: Magcargo|4/100 psn|[from] psn
|upkeep
|
|t:|1757955341
|switch|p2a: Corviknight|Corviknight, M|32/100
|-ability|p2a: Corviknight|Pressure
|turn|24
|
|t:|1757955346
|move|p1a: Magcargo|Flamethrower|p2a: Corviknight
|-supereffective|p2a: Corviknight
|-damage|p2a: Corviknight|0 fnt
|faint|p2a: Corviknight
|
|-damage|p1a: Magcargo|0 fnt|[from] psn
|faint|p1a: Magcargo
|upkeep
|
|t:|1757955361
|switch|p2a: Iron Valiant|Iron Valiant|100/100
|switch|p1a: Goodra|Goodra-Hisui, F|15/100
|-damage|p1a: Goodra|9/100|[from] Stealth Rock
|turn|25
|
|t:|1757955378
|move|p2a: Iron Valiant|Close Combat|p1a: Goodra
|-supereffective|p1a: Goodra
|-damage|p1a: Goodra|0 fnt
|-unboost|p2a: Iron Valiant|def|1
|-unboost|p2a: Iron Valiant|spd|1
|-ability|p1a: Goodra|Gooey
|-unboost|p2a: Iron Valiant|spe|1
|faint|p1a: Goodra
|
|upkeep
|
|t:|1757955387
|switch|p1a: Polteageist|Polteageist-Antique|100/100
|-damage|p1a: Polteageist|88/100|[from] Stealth Rock
|turn|26
|
|t:|1757955394
|-end|p2a: Iron Valiant|Quark Drive|[silent]
|switch|p2a: Clefable|Clefable, F|58/100
|move|p1a: Polteageist|Shadow Ball|p2a: Clefable
|-damage|p2a: Clefable|14/100
|
|-heal|p2a: Clefable|20/100|[from] item: Leftovers
|upkeep
|turn|27
|inactive|cloud29 has 120 seconds left.
|
|t:|1757955427
|move|p1a: Polteageist|Shadow Ball|p2a: Clefable
|-damage|p2a: Clefable|0 fnt
|faint|p2a: Clefable
|
|upkeep
|
|t:|1757955433
|switch|p2a: Iron Valiant|Iron Valiant|100/100
|turn|28
|c|☆cloud29|gg
|
|t:|1757955439
|move|p2a: Iron Valiant|Knock Off|p1a: Polteageist
|-supereffective|p1a: Polteageist
|-damage|p1a: Polteageist|0 fnt
|-enditem|p1a: Polteageist|White Herb|[from] move: Knock Off|[of] p2a: Iron Valiant
|faint|p1a: Polteageist
|
|win|wist_ful1
|raw|cloud29's rating: 1083 &rarr; <strong>1065</strong><br />(-18 for losing)
|raw|wist_ful1's rating: 1145 &rarr; <strong>1166</strong><br />(+21 for winning)
|c|☆wist_ful1|gh
|c|☆wist_ful1|gg
|l|☆cloud29
|player|p1|
|l|☆wist_ful1
|player|p2|
