|j|☆yesterdaymister
|j|☆kshuaib734
|t:|1757857118
|gametype|singles
|player|p1|yesterdaymister|striker|1641
|player|p2|kshuaib734|steven|1600
|gen|9
|tier|[Gen 9] OU
|rated|
|rule|HP Percentage Mod: HP is shown in percentages
|rule|Endless Battle Clause: Forcing endless battles is banned
|rule|Species Clause: Limit one of each Pokémon
|rule|OHKO Clause: OHKO moves are banned
|rule|Evasion Items Clause: Evasion items are banned
|rule|Evasion Moves Clause: Evasion moves are banned
|rule|Evasion Abilities Clause: Evasion abilities are banned
|rule|Sleep Moves Clause: Sleep-inducing moves are banned
|clearpoke
|poke|p1|Ninetales, M|
|poke|p1|Ceruledge, M|
|poke|p1|Venusaur, F|
|poke|p1|Hatterene, F|
|poke|p1|Great Tusk|
|poke|p1|Walking Wake|
|poke|p2|Tyranitar, F|
|poke|p2|Overqwil, M|
|poke|p2|Pelipper, M|
|poke|p2|Quaquaval, F|
|poke|p2|Kingdra, M|
|poke|p2|Excadrill, M|
|teampreview
|inactive|Battle timer is ON: inactive players will automatically lose when time's up. (requested by kshuaib734)
|inactive|yesterdaymister also wants the timer to be on.
|
|t:|1757857123
|teamsize|p1|6
|teamsize|p2|6
|start
|switch|p1a: chama|Walking Wake|100/100
|switch|p2a: King Tyrant|Tyranitar, F|100/100
|-weather|Sandstorm|[from] ability: Sand Stream|[of] p2a: King Tyrant
|turn|1
|
|t:|1757857129
|-terastallize|p1a: chama|Water
|move|p1a: chama|Hydro Steam|p2a: King Tyrant
|-supereffective|p2a: King Tyrant
|-damage|p2a: King Tyrant|0 fnt
|faint|p2a: King Tyrant
|
|-weather|Sandstorm|[upkeep]
|-damage|p1a: chama|94/100|[from] Sandstorm
|upkeep
|
|t:|1757857137
|switch|p2a: Tyrant's Legacy|Excadrill, M|100/100
|turn|2
|
|t:|1757857144
|-end|p1a: chama|Protosynthesis|[silent]
|switch|p1a: mignolet|Great Tusk|100/100
|move|p2a: Tyrant's Legacy|Earthquake|p1a: mignolet
|-damage|p1a: mignolet|54/100
|-damage|p2a: Tyrant's Legacy|91/100|[from] item: Life Orb
|
|-weather|Sandstorm|[upkeep]
|upkeep
|turn|3
|
|t:|1757857152
|-terastallize|p2a: Tyrant's Legacy|Ground
|move|p2a: Tyrant's Legacy|Earthquake|p1a: mignolet
|-damage|p1a: mignolet|0 fnt
|faint|p1a: mignolet
|-end|p1a: mignolet|Protosynthesis|[silent]
|-damage|p2a: Tyrant's Legacy|81/100|[from] item: Life Orb
|
|-weather|Sandstorm|[upkeep]
|upkeep
|
|t:|1757857165
|switch|p1a: arda guler|Ninetales, M|100/100
|-weather|SunnyDay|[from] ability: Drought|[of] p1a: arda guler
|turn|4
|
|t:|1757857169
|switch|p1a: maccabi|Hatterene, F|100/100
|switch|p2a: Tyrant's Downpour|Pelipper, M|100/100
|-weather|RainDance|[from] ability: Drizzle|[of] p2a: Tyrant's Downpour
|
|-weather|RainDance|[upkeep]
|upkeep
|turn|5
|
|t:|1757857176
|move|p2a: Tyrant's Downpour|U-turn|p1a: maccabi
|-damage|p1a: maccabi|93/100
|-enditem|p1a: maccabi|Eject Button
|
|t:|1757857179
|switch|p1a: chama|Walking Wake, tera:Water|94/100
|
|-weather|RainDance|[upkeep]
|upkeep
|turn|6
|
|t:|1757857190
|switch|p2a: Tyrant's Legacy|Excadrill, M, tera:Ground|81/100
|move|p1a: chama|Draco Meteor|p2a: Tyrant's Legacy
|-damage|p2a: Tyrant's Legacy|0 fnt
|-unboost|p1a: chama|spa|2
|faint|p2a: Tyrant's Legacy
|
|-weather|RainDance|[upkeep]
|upkeep
|
|t:|1757857199
|switch|p2a: Tyrant's Endgame|Quaquaval, F|100/100
|turn|7
|
|t:|1757857210
|-end|p1a: chama|Protosynthesis|[silent]
|switch|p1a: arda guler|Ninetales, M|100/100
|-weather|SunnyDay|[from] ability: Drought|[of] p1a: arda guler
|move|p2a: Tyrant's Endgame|Aqua Step|p1a: arda guler
|-supereffective|p1a: arda guler
|-damage|p1a: arda guler|36/100
|-boost|p2a: Tyrant's Endgame|spe|1
|-damage|p2a: Tyrant's Endgame|91/100|[from] item: Life Orb
|
|-weather|SunnyDay|[upkeep]
|upkeep
|turn|8
|
|t:|1757857226
|switch|p1a: maccabi|Hatterene, F|93/100
|move|p2a: Tyrant's Endgame|Aqua Step|p1a: maccabi
|-crit|p1a: maccabi
|-damage|p1a: maccabi|55/100
|-boost|p2a: Tyrant's Endgame|spe|1
|-damage|p2a: Tyrant's Endgame|81/100|[from] item: Life Orb
|
|-weather|SunnyDay|[upkeep]
|upkeep
|turn|9
|
|t:|1757857242
|switch|p2a: Tyrant's Downpour|Pelipper, M|100/100
|-weather|RainDance|[from] ability: Drizzle|[of] p2a: Tyrant's Downpour
|move|p1a: maccabi|Dazzling Gleam|p2a: Tyrant's Downpour
|-damage|p2a: Tyrant's Downpour|53/100
|
|-weather|RainDance|[upkeep]
|upkeep
|turn|10
|
|t:|1757857251
|move|p2a: Tyrant's Downpour|U-turn|p1a: maccabi
|-damage|p1a: maccabi|47/100
|
|t:|1757857257
|switch|p2a: Tyrant's Enforcer|Overqwil, M|100/100|[from] U-turn
|move|p1a: maccabi|Dazzling Gleam|p2a: Tyrant's Enforcer
|-damage|p2a: Tyrant's Enforcer|43/100
|
|-weather|RainDance|[upkeep]
|upkeep
|turn|11
|
|t:|1757857267
|move|p2a: Tyrant's Enforcer|Crunch|p1a: maccabi
|-damage|p1a: maccabi|12/100
|move|p1a: maccabi|Dazzling Gleam|p2a: Tyrant's Enforcer
|-crit|p2a: Tyrant's Enforcer
|-damage|p2a: Tyrant's Enforcer|0 fnt
|faint|p2a: Tyrant's Enforcer
|
|-weather|RainDance|[upkeep]
|upkeep
|
|t:|1757857274
|switch|p2a: Tyrant's Endgame|Quaquaval, F|81/100
|turn|12
|
|t:|1757857301
|switch|p1a: arda guler|Ninetales, M|36/100
|-weather|SunnyDay|[from] ability: Drought|[of] p1a: arda guler
|move|p2a: Tyrant's Endgame|Aqua Step|p1a: arda guler
|-supereffective|p1a: arda guler
|-damage|p1a: arda guler|0 fnt
|-boost|p2a: Tyrant's Endgame|spe|1
|faint|p1a: arda guler
|-ability|p2a: Tyrant's Endgame|Moxie|boost
|-boost|p2a: Tyrant's Endgame|atk|1
|-damage|p2a: Tyrant's Endgame|71/100|[from] item: Life Orb
|
|-weather|SunnyDay|[upkeep]
|upkeep
|
|t:|1757857308
|switch|p1a: lebron|Ceruledge, M|100/100
|turn|13
|
|t:|1757857317
|move|p2a: Tyrant's Endgame|Wave Crash|p1a: lebron
|-supereffective|p1a: lebron
|-enditem|p1a: lebron|Focus Sash
|-damage|p1a: lebron|1/100
|-ability|p1a: lebron|Weak Armor|boost
|-unboost|p1a: lebron|def|1
|-boost|p1a: lebron|spe|2
|-damage|p2a: Tyrant's Endgame|40/100|[from] Recoil
|-damage|p2a: Tyrant's Endgame|30/100|[from] item: Life Orb
|move|p1a: lebron|Solar Blade||[still]
|-prepare|p1a: lebron|Solar Blade
|-anim|p1a: lebron|Solar Blade|p2a: Tyrant's Endgame
|-supereffective|p2a: Tyrant's Endgame
|-damage|p2a: Tyrant's Endgame|0 fnt
|faint|p2a: Tyrant's Endgame
|
|-weather|SunnyDay|[upkeep]
|upkeep
|
|t:|1757857331
|switch|p2a: Tyrant's Downpour|Pelipper, M|53/100
|-weather|RainDance|[from] ability: Drizzle|[of] p2a: Tyrant's Downpour
|turn|14
|
|t:|1757857337
|move|p1a: lebron|Tera Blast|p2a: Tyrant's Downpour
|-damage|p2a: Tyrant's Downpour|38/100
|move|p2a: Tyrant's Downpour|U-turn|p1a: lebron
|-resisted|p1a: lebron
|-damage|p1a: lebron|0 fnt
|faint|p1a: lebron
|
|t:|1757857343
|switch|p2a: Tyrant's Vengeance|Kingdra, M|100/100|[from] U-turn
|
|-weather|RainDance|[upkeep]
|upkeep
|
|t:|1757857353
|switch|p1a: chama|Walking Wake, tera:Water|94/100
|turn|15
|
|t:|1757857365
|-end|p1a: chama|Protosynthesis|[silent]
|switch|p1a: maccabi|Hatterene, F|12/100
|move|p2a: Tyrant's Vengeance|Flip Turn|p1a: maccabi
|-damage|p1a: maccabi|0 fnt
|faint|p1a: maccabi
|
|t:|1757857371
|switch|p2a: Tyrant's Downpour|Pelipper, M|38/100|[from] Flip Turn
|
|-weather|RainDance|[upkeep]
|upkeep
|
|t:|1757857377
|switch|p1a: chama|Walking Wake, tera:Water|94/100
|turn|16
|
|t:|1757857385
|move|p1a: chama|Dragon Pulse|p2a: Tyrant's Downpour
|-damage|p2a: Tyrant's Downpour|0 fnt
|faint|p2a: Tyrant's Downpour
|
|-weather|RainDance|[upkeep]
|upkeep
|
|t:|1757857390
|switch|p2a: Tyrant's Vengeance|Kingdra, M|100/100
|turn|17
|
|t:|1757857394
|-end|p1a: chama|Protosynthesis|[silent]
|switch|p1a: hans vanaken|Venusaur, F|100/100
|move|p2a: Tyrant's Vengeance|Weather Ball|p1a: hans vanaken
|-resisted|p1a: hans vanaken
|-damage|p1a: hans vanaken|37/100
|
|-weather|RainDance|[upkeep]
|upkeep
|turn|18
|
|t:|1757857401
|move|p2a: Tyrant's Vengeance|Weather Ball|p1a: hans vanaken
|-resisted|p1a: hans vanaken
|-damage|p1a: hans vanaken|0 fnt
|faint|p1a: hans vanaken
|
|-weather|RainDance|[upkeep]
|upkeep
|
|t:|1757857403
|switch|p1a: chama|Walking Wake, tera:Water|94/100
|turn|19
|
|t:|1757857408
|move|p2a: Tyrant's Vengeance|Weather Ball|p1a: chama
|-resisted|p1a: chama
|-damage|p1a: chama|29/100
|move|p1a: chama|Dragon Pulse|p2a: Tyrant's Vengeance
|-supereffective|p2a: Tyrant's Vengeance
|-damage|p2a: Tyrant's Vengeance|0 fnt
|faint|p2a: Tyrant's Vengeance
|
|win|yesterdaymister
|raw|yesterdaymister's rating: 1641 &rarr; <strong>1659</strong><br />(+18 for winning)
|raw|kshuaib734's rating: 1600 &rarr; <strong>1582</strong><br />(-18 for losing)
|l|☆kshuaib734
|player|p2|
|l|☆yesterdaymister
|player|p1|
