|j|☆BALIGRE
|j|☆trrzno2
|t:|1757939762
|gametype|singles
|player|p1|BALIGRE|battlegirl-gen4|1516
|player|p2|trrzno2|artist|1537
|gen|9
|tier|[Gen 9] OU
|rated|
|rule|HP Percentage Mod: HP is shown in percentages
|rule|Endless Battle Clause: Forcing endless battles is banned
|rule|Species Clause: Limit one of each Pokémon
|rule|OHKO Clause: OHKO moves are banned
|rule|Evasion Items Clause: Evasion items are banned
|rule|Evasion Moves Clause: Evasion moves are banned
|rule|Evasion Abilities Clause: Evasion abilities are banned
|rule|Sleep Moves Clause: Sleep-inducing moves are banned
|clearpoke
|poke|p1|Walking Wake|
|poke|p1|Venusaur, M|
|poke|p1|Torkoal, F|
|poke|p1|Skarmory, F|
|poke|p1|Kingambit, M|
|poke|p1|Dragonite, M|
|poke|p2|Scizor, M|
|poke|p2|Ogerpon-Wellspring, F|
|poke|p2|Garganacl, F|
|poke|p2|Darkrai|
|poke|p2|Zapdos|
|poke|p2|Cinderace, F|
|teampreview
|inactive|Battle timer is ON: inactive players will automatically lose when time's up. (requested by BALIGRE)
|inactive|trrzno2 has 120 seconds left.
|inactive|trrzno2 has 90 seconds left.
|
|t:|1757939837
|teamsize|p1|6
|teamsize|p2|6
|start
|switch|p1a: Torkoal|Torkoal, F|100/100
|switch|p2a: Zapdos|Zapdos|100/100
|-weather|SunnyDay|[from] ability: Drought|[of] p1a: Torkoal
|turn|1
|
|t:|1757939855
|move|p2a: Zapdos|Thunder Wave|p1a: Torkoal
|-status|p1a: Torkoal|par
|move|p1a: Torkoal|Lava Plume|p2a: Zapdos
|-damage|p2a: Zapdos|62/100
|-status|p2a: Zapdos|brn
|
|-weather|SunnyDay|[upkeep]
|-damage|p2a: Zapdos|56/100 brn|[from] brn
|upkeep
|turn|2
|
|t:|1757939867
|move|p2a: Zapdos|Roost|p2a: Zapdos
|-heal|p2a: Zapdos|100/100 brn
|-singleturn|p2a: Zapdos|move: Roost
|move|p1a: Torkoal|Stealth Rock|p2a: Zapdos
|-sidestart|p2: trrzno2|move: Stealth Rock
|
|-weather|SunnyDay|[upkeep]
|-damage|p2a: Zapdos|94/100 brn|[from] brn
|upkeep
|turn|3
|
|t:|1757939886
|move|p2a: Zapdos|Volt Switch|p1a: Torkoal
|-damage|p1a: Torkoal|73/100 par
|
|t:|1757939892
|switch|p2a: Cinderace|Cinderace, F|100/100|[from] Volt Switch
|cant|p1a: Torkoal|par
|
|-weather|SunnyDay|[upkeep]
|upkeep
|turn|4
|
|t:|1757939903
|move|p2a: Cinderace|Court Change|p2a: Cinderace
|-start|p2a: Cinderace|typechange|Normal|[from] ability: Libero
|-swapsideconditions
|-activate|p2a: Cinderace|move: Court Change
|move|p1a: Torkoal|Body Press|p2a: Cinderace
|-supereffective|p2a: Cinderace
|-damage|p2a: Cinderace|23/100
|
|-weather|SunnyDay|[upkeep]
|upkeep
|turn|5
|
|t:|1757939921
|move|p2a: Cinderace|U-turn|p1a: Torkoal
|-resisted|p1a: Torkoal
|-damage|p1a: Torkoal|64/100 par
|
|t:|1757939923
|switch|p2a: Ogerpon|Ogerpon-Wellspring, F|100/100|[from] U-turn
|move|p1a: Torkoal|Rapid Spin|p2a: Ogerpon
|-damage|p2a: Ogerpon|90/100
|-boost|p1a: Torkoal|spe|1
|-sideend|p1: BALIGRE|Stealth Rock|[from] move: Rapid Spin|[of] p1a: Torkoal
|
|-weather|SunnyDay|[upkeep]
|upkeep
|turn|6
|
|t:|1757939935
|switch|p1a: Venusaur|Venusaur, M|100/100
|move|p2a: Ogerpon|Ivy Cudgel|p1a: Venusaur|[anim] Ivy Cudgel Water
|-resisted|p1a: Venusaur
|-damage|p1a: Venusaur|82/100
|
|-weather|SunnyDay|[upkeep]
|upkeep
|turn|7
|
|t:|1757939958
|switch|p2a: Zapdos|Zapdos|94/100 brn
|move|p1a: Venusaur|Sludge Bomb|p2a: Zapdos
|-damage|p2a: Zapdos|35/100 brn
|-damage|p1a: Venusaur|72/100|[from] item: Life Orb
|
|-weather|SunnyDay|[upkeep]
|-damage|p2a: Zapdos|29/100 brn|[from] brn
|upkeep
|turn|8
|
|t:|1757939971
|move|p1a: Venusaur|Sludge Bomb|p2a: Zapdos
|-damage|p2a: Zapdos|0 fnt
|faint|p2a: Zapdos
|-damage|p1a: Venusaur|62/100|[from] item: Life Orb
|
|-weather|none
|upkeep
|
|t:|1757939975
|switch|p2a: Cinderace|Cinderace, F|23/100
|turn|9
|
|t:|1757939990
|switch|p1a: Torkoal|Torkoal, F|64/100 par
|-weather|SunnyDay|[from] ability: Drought|[of] p1a: Torkoal
|move|p2a: Cinderace|Pyro Ball|p1a: Torkoal
|-resisted|p1a: Torkoal
|-damage|p1a: Torkoal|30/100 par
|
|-weather|SunnyDay|[upkeep]
|upkeep
|turn|10
|inactive|BALIGRE has 120 seconds left.
|
|t:|1757940019
|move|p2a: Cinderace|Pyro Ball|p1a: Torkoal
|-resisted|p1a: Torkoal
|-damage|p1a: Torkoal|0 fnt
|faint|p1a: Torkoal
|
|-weather|SunnyDay|[upkeep]
|upkeep
|
|t:|1757940029
|switch|p1a: Venusaur|Venusaur, M|62/100
|turn|11
|
|t:|1757940039
|switch|p2a: Scizor|Scizor, M|100/100
|move|p1a: Venusaur|Earth Power|p2a: Scizor
|-damage|p2a: Scizor|47/100
|-damage|p1a: Venusaur|52/100|[from] item: Life Orb
|
|-weather|SunnyDay|[upkeep]
|upkeep
|turn|12
|
|t:|1757940054
|move|p2a: Scizor|Bullet Punch|p1a: Venusaur
|-damage|p1a: Venusaur|0 fnt
|faint|p1a: Venusaur
|-damage|p2a: Scizor|37/100|[from] item: Life Orb
|
|-weather|SunnyDay|[upkeep]
|upkeep
|
|t:|1757940061
|switch|p1a: Walking Wake|Walking Wake|100/100
|-activate|p1a: Walking Wake|ability: Protosynthesis
|-start|p1a: Walking Wake|protosynthesisspa
|turn|13
|inactive|BALIGRE has 90 seconds left.
|
|t:|1757940088
|move|p1a: Walking Wake|Hydro Steam|p2a: Scizor
|-damage|p2a: Scizor|0 fnt
|faint|p2a: Scizor
|
|-weather|SunnyDay|[upkeep]
|upkeep
|
|t:|1757940093
|switch|p2a: Ogerpon|Ogerpon-Wellspring, F|90/100
|turn|14
|
|t:|1757940100
|-end|p1a: Walking Wake|Protosynthesis|[silent]
|switch|p1a: Skarmory|Skarmory, F|100/100
|-terastallize|p2a: Ogerpon|Water
|detailschange|p2a: Ogerpon|Ogerpon-Wellspring-Tera, F, tera:Water
|-ability|p2a: Ogerpon|Embody Aspect (Wellspring)|boost
|-boost|p2a: Ogerpon|spd|1
|move|p2a: Ogerpon|Horn Leech|p1a: Skarmory
|-resisted|p1a: Skarmory
|-damage|p1a: Skarmory|94/100
|-heal|p2a: Ogerpon|93/100|[from] drain|[of] p1a: Skarmory
|-damage|p2a: Ogerpon|77/100|[from] item: Rocky Helmet|[of] p1a: Skarmory
|
|-weather|SunnyDay|[upkeep]
|upkeep
|turn|15
|inactive|BALIGRE has 90 seconds left.
|
|t:|1757940120
|move|p2a: Ogerpon|Swords Dance|p2a: Ogerpon
|-boost|p2a: Ogerpon|atk|2
|move|p1a: Skarmory|Whirlwind|p2a: Ogerpon
|drag|p2a: Cinderace|Cinderace, F|23/100
|
|-weather|SunnyDay|[upkeep]
|upkeep
|turn|16
|inactive|BALIGRE has 90 seconds left.
|
|t:|1757940144
|move|p2a: Cinderace|Pyro Ball|p1a: Skarmory
|-supereffective|p1a: Skarmory
|-damage|p1a: Skarmory|0 fnt
|faint|p1a: Skarmory
|
|-weather|none
|upkeep
|
|t:|1757940152
|switch|p1a: Dragonite|Dragonite, M|100/100
|turn|17
|
|t:|1757940156
|move|p1a: Dragonite|Extreme Speed|p2a: Cinderace
|-damage|p2a: Cinderace|0 fnt
|faint|p2a: Cinderace
|
|upkeep
|
|t:|1757940160
|switch|p2a: Garganacl|Garganacl, F|100/100
|turn|18
|inactive|BALIGRE has 90 seconds left.
|
|t:|1757940186
|switch|p1a: Kingambit|Kingambit, M|100/100
|-activate|p1a: Kingambit|ability: Supreme Overlord
|-start|p1a: Kingambit|fallen3|[silent]
|move|p2a: Garganacl|Salt Cure|p1a: Kingambit
|-resisted|p1a: Kingambit
|-damage|p1a: Kingambit|96/100
|-start|p1a: Kingambit|Salt Cure
|
|-heal|p1a: Kingambit|100/100|[from] item: Leftovers
|-damage|p1a: Kingambit|75/100|[from] Salt Cure
|upkeep
|turn|19
|
|t:|1757940199
|move|p2a: Garganacl|Protect|p2a: Garganacl
|-singleturn|p2a: Garganacl|Protect
|move|p1a: Kingambit|Iron Head|p2a: Garganacl
|-activate|p2a: Garganacl|move: Protect
|
|-heal|p1a: Kingambit|82/100|[from] item: Leftovers
|-damage|p1a: Kingambit|57/100|[from] Salt Cure
|upkeep
|turn|20
|
|t:|1757940210
|move|p1a: Kingambit|Iron Head|p2a: Garganacl
|-supereffective|p2a: Garganacl
|-damage|p2a: Garganacl|20/100
|move|p2a: Garganacl|Recover|p2a: Garganacl
|-heal|p2a: Garganacl|70/100
|
|-heal|p1a: Kingambit|63/100|[from] item: Leftovers
|-heal|p2a: Garganacl|76/100|[from] item: Leftovers
|-damage|p1a: Kingambit|38/100|[from] Salt Cure
|upkeep
|turn|21
|j| poawh
|l| poawh
|inactive|BALIGRE has 60 seconds left.
|
|t:|1757940236
|move|p2a: Garganacl|Protect|p2a: Garganacl
|-singleturn|p2a: Garganacl|Protect
|move|p1a: Kingambit|Iron Head|p2a: Garganacl
|-activate|p2a: Garganacl|move: Protect
|
|-heal|p1a: Kingambit|44/100|[from] item: Leftovers
|-heal|p2a: Garganacl|82/100|[from] item: Leftovers
|-damage|p1a: Kingambit|19/100|[from] Salt Cure
|upkeep
|turn|22
|inactive|BALIGRE has 60 seconds left.
|
|t:|1757940249
|move|p1a: Kingambit|Iron Head|p2a: Garganacl
|-supereffective|p2a: Garganacl
|-damage|p2a: Garganacl|4/100
|cant|p2a: Garganacl|flinch
|
|-heal|p1a: Kingambit|25/100|[from] item: Leftovers
|-heal|p2a: Garganacl|11/100|[from] item: Leftovers
|-damage|p1a: Kingambit|0 fnt|[from] Salt Cure
|faint|p1a: Kingambit
|-end|p1a: Kingambit|fallen3|[silent]
|upkeep
|inactive|BALIGRE has 60 seconds left.
|
|t:|1757940261
|switch|p1a: Walking Wake|Walking Wake|100/100
|turn|23
|
|t:|1757940265
|move|p1a: Walking Wake|Dragon Pulse|p2a: Garganacl
|-damage|p2a: Garganacl|0 fnt
|faint|p2a: Garganacl
|
|upkeep
|
|t:|1757940272
|switch|p2a: Ogerpon|Ogerpon-Wellspring-Tera, F, tera:Water|77/100
|-ability|p2a: Ogerpon|Embody Aspect (Wellspring)|boost
|-boost|p2a: Ogerpon|spd|1
|turn|24
|
|t:|1757940278
|move|p1a: Walking Wake|Dragon Pulse|p2a: Ogerpon
|-damage|p2a: Ogerpon|33/100
|move|p2a: Ogerpon|Horn Leech|p1a: Walking Wake
|-damage|p1a: Walking Wake|59/100
|-heal|p2a: Ogerpon|53/100|[from] drain|[of] p1a: Walking Wake
|
|upkeep
|turn|25
|
|t:|1757940289
|move|p1a: Walking Wake|Dragon Pulse|p2a: Ogerpon
|-damage|p2a: Ogerpon|13/100
|move|p2a: Ogerpon|Horn Leech|p1a: Walking Wake
|-damage|p1a: Walking Wake|18/100
|-heal|p2a: Ogerpon|33/100|[from] drain|[of] p1a: Walking Wake
|
|upkeep
|turn|26
|
|t:|1757940296
|move|p1a: Walking Wake|Dragon Pulse|p2a: Ogerpon
|-damage|p2a: Ogerpon|0 fnt
|faint|p2a: Ogerpon
|detailschange|p2: Ogerpon|Ogerpon-Wellspring, F|[silent]
|
|upkeep
|
|t:|1757940298
|switch|p2a: Darkrai|Darkrai|100/100
|turn|27
|
|t:|1757940302
|move|p2a: Darkrai|Ice Beam|p1a: Walking Wake
|-damage|p1a: Walking Wake|0 fnt
|faint|p1a: Walking Wake
|-end|p1a: Walking Wake|Protosynthesis|[silent]
|
|upkeep
|
|t:|1757940307
|switch|p1a: Dragonite|Dragonite, M|100/100
|turn|28
|
|t:|1757940315
|-terastallize|p1a: Dragonite|Normal
|move|p1a: Dragonite|Extreme Speed|p2a: Darkrai
|-damage|p2a: Darkrai|41/100
|move|p2a: Darkrai|Ice Beam|p1a: Dragonite
|-damage|p1a: Dragonite|83/100
|
|upkeep
|turn|29
|
|t:|1757940322
|move|p1a: Dragonite|Extreme Speed|p2a: Darkrai
|-damage|p2a: Darkrai|0 fnt
|faint|p2a: Darkrai
|
|win|BALIGRE
|raw|BALIGRE's rating: 1516 &rarr; <strong>1537</strong><br />(+21 for winning)
|raw|trrzno2's rating: 1537 &rarr; <strong>1516</strong><br />(-21 for losing)
|c|☆trrzno2|gg
|c|☆BALIGRE|gg
|l|☆BALIGRE
|player|p1|
|l|☆trrzno2
|player|p2|
