|j|☆nfyhsueryfgius
|j|‽tasty sardine 408
|t:|1757809519
|gametype|singles
|player|p1|nfyhsueryfgius|ghetsis|1636
|player|p2|tasty sardine 408|harlequin|1623
|gen|9
|tier|[Gen 9] OU
|rated|
|rule|HP Percentage Mod: HP is shown in percentages
|rule|Endless Battle Clause: Forcing endless battles is banned
|rule|Species Clause: Limit one of each Pokémon
|rule|OHKO Clause: OHKO moves are banned
|rule|Evasion Items Clause: Evasion items are banned
|rule|Evasion Moves Clause: Evasion moves are banned
|rule|Evasion Abilities Clause: Evasion abilities are banned
|rule|Sleep Moves Clause: Sleep-inducing moves are banned
|clearpoke
|poke|p1|Great Tusk|
|poke|p1|Heatran, F|
|poke|p1|Weavile, F|
|poke|p1|Primarina, F|
|poke|p1|Ogerpon, F|
|poke|p1|Pecharunt|
|poke|p2|Umbreon, F|
|poke|p2|Serperior, M|
|poke|p2|Cresselia, F|
|poke|p2|Revavroom, M|
|poke|p2|Skeledirge, M|
|poke|p2|Manaphy|
|teampreview
|inactive|Battle timer is ON: inactive players will automatically lose when time's up. (requested by tasty sardine 408)
|
|t:|1757809531
|teamsize|p1|6
|teamsize|p2|6
|start
|switch|p1a: Primarina|Primarina, F|100/100
|switch|p2a: Serperior|Serperior, M, shiny|100/100
|turn|1
|
|t:|1757809541
|switch|p1a: Pecharunt|Pecharunt|100/100
|move|p2a: Serperior|Glare|p1a: Pecharunt
|-status|p1a: Pecharunt|par
|
|upkeep
|turn|2
|
|t:|1757809546
|switch|p2a: Manaphy|Manaphy, shiny|100/100
|move|p1a: Pecharunt|Malignant Chain|p2a: Manaphy
|-crit|p2a: Manaphy
|-damage|p2a: Manaphy|63/100
|
|-heal|p2a: Manaphy|69/100|[from] item: Leftovers
|upkeep
|turn|3
|
|t:|1757809550
|move|p2a: Manaphy|Take Heart|p2a: Manaphy
|-boost|p2a: Manaphy|spa|1
|-boost|p2a: Manaphy|spd|1
|cant|p1a: Pecharunt|par
|
|-heal|p2a: Manaphy|75/100|[from] item: Leftovers
|upkeep
|turn|4
|
|t:|1757809552
|move|p2a: Manaphy|Take Heart|p2a: Manaphy
|-boost|p2a: Manaphy|spa|1
|-boost|p2a: Manaphy|spd|1
|move|p1a: Pecharunt|Parting Shot|p2a: Manaphy
|-unboost|p2a: Manaphy|atk|1
|-unboost|p2a: Manaphy|spa|1
|
|t:|1757809554
|switch|p1a: Ogerpon|Ogerpon, F|100/100|[from] Parting Shot
|
|-heal|p2a: Manaphy|81/100|[from] item: Leftovers
|upkeep
|turn|5
|
|t:|1757809558
|-terastallize|p2a: Manaphy|Dragon
|move|p1a: Ogerpon|Ivy Cudgel|p2a: Manaphy
|-resisted|p2a: Manaphy
|-damage|p2a: Manaphy|51/100
|move|p2a: Manaphy|Acid Armor|p2a: Manaphy
|-boost|p2a: Manaphy|def|2
|
|-heal|p2a: Manaphy|58/100|[from] item: Leftovers
|upkeep
|turn|6
|
|t:|1757809569
|switch|p1a: Primarina|Primarina, F|100/100
|move|p2a: Manaphy|Scald|p1a: Primarina
|-resisted|p1a: Primarina
|-damage|p1a: Primarina|89/100
|-status|p1a: Primarina|brn
|
|-heal|p2a: Manaphy|64/100|[from] item: Leftovers
|-damage|p1a: Primarina|83/100 brn|[from] brn
|upkeep
|turn|7
|
|t:|1757809574
|move|p2a: Manaphy|Take Heart|p2a: Manaphy
|-boost|p2a: Manaphy|spa|1
|-boost|p2a: Manaphy|spd|1
|move|p1a: Primarina|Moonblast|p2a: Manaphy
|-supereffective|p2a: Manaphy
|-damage|p2a: Manaphy|31/100
|
|-heal|p2a: Manaphy|37/100|[from] item: Leftovers
|-damage|p1a: Primarina|77/100 brn|[from] brn
|upkeep
|turn|8
|
|t:|1757809579
|move|p2a: Manaphy|Stored Power|p1a: Primarina
|-damage|p1a: Primarina|40/100 brn
|move|p1a: Primarina|Moonblast|p2a: Manaphy
|-supereffective|p2a: Manaphy
|-damage|p2a: Manaphy|3/100
|
|-heal|p2a: Manaphy|9/100|[from] item: Leftovers
|-damage|p1a: Primarina|34/100 brn|[from] brn
|upkeep
|turn|9
|
|t:|1757809584
|move|p2a: Manaphy|Stored Power|p1a: Primarina
|-damage|p1a: Primarina|0 fnt
|faint|p1a: Primarina
|
|-heal|p2a: Manaphy|15/100|[from] item: Leftovers
|upkeep
|
|t:|1757809595
|switch|p1a: Weavile|Weavile, F|100/100
|-ability|p1a: Weavile|Pressure
|turn|10
|
|t:|1757809597
|move|p1a: Weavile|Knock Off|p2a: Manaphy
|-damage|p2a: Manaphy|0 fnt
|-enditem|p2a: Manaphy|Leftovers|[from] move: Knock Off|[of] p1a: Weavile
|faint|p2a: Manaphy
|
|upkeep
|
|t:|1757809601
|switch|p2a: Revavroom|Revavroom, M, shiny|100/100
|-item|p2a: Revavroom|Air Balloon
|turn|11
|
|t:|1757809605
|switch|p1a: Heatran|Heatran, F|100/100
|-item|p1a: Heatran|Air Balloon
|move|p2a: Revavroom|Shift Gear|p2a: Revavroom
|-boost|p2a: Revavroom|spe|2
|-boost|p2a: Revavroom|atk|1
|
|upkeep
|turn|12
|
|t:|1757809608
|move|p2a: Revavroom|Iron Head|p1a: Heatran
|-resisted|p1a: Heatran
|-damage|p1a: Heatran|84/100
|-enditem|p1a: Heatran|Air Balloon
|move|p1a: Heatran|Magma Storm|p2a: Revavroom|[miss]
|-miss|p1a: Heatran|p2a: Revavroom
|
|upkeep
|turn|13
|
|t:|1757809613
|switch|p1a: Great Tusk|Great Tusk|100/100
|move|p2a: Revavroom|High Horsepower|p1a: Great Tusk
|-damage|p1a: Great Tusk|67/100
|
|upkeep
|turn|14
|
|t:|1757809616
|move|p2a: Revavroom|Iron Head|p1a: Great Tusk
|-damage|p1a: Great Tusk|23/100
|move|p1a: Great Tusk|Rapid Spin|p2a: Revavroom
|-resisted|p2a: Revavroom
|-damage|p2a: Revavroom|92/100
|-boost|p1a: Great Tusk|spe|1
|-enditem|p2a: Revavroom|Air Balloon
|
|upkeep
|turn|15
|
|t:|1757809618
|move|p1a: Great Tusk|Headlong Rush|p2a: Revavroom
|-supereffective|p2a: Revavroom
|-damage|p2a: Revavroom|0 fnt
|-unboost|p1a: Great Tusk|def|1
|-unboost|p1a: Great Tusk|spd|1
|faint|p2a: Revavroom
|
|upkeep
|
|t:|1757809625
|switch|p2a: Cresselia|Cresselia, F, shiny|100/100
|turn|16
|
|t:|1757809629
|-end|p1a: Great Tusk|Protosynthesis|[silent]
|switch|p1a: Weavile|Weavile, F|100/100
|-ability|p1a: Weavile|Pressure
|move|p2a: Cresselia|Calm Mind|p2a: Cresselia
|-boost|p2a: Cresselia|spa|1
|-boost|p2a: Cresselia|spd|1
|
|upkeep
|turn|17
|
|t:|1757809631
|move|p1a: Weavile|Knock Off|p2a: Cresselia
|-supereffective|p2a: Cresselia
|-damage|p2a: Cresselia|22/100
|-enditem|p2a: Cresselia|Leftovers|[from] move: Knock Off|[of] p1a: Weavile
|move|p2a: Cresselia|Moonlight|p2a: Cresselia
|-heal|p2a: Cresselia|72/100
|
|upkeep
|turn|18
|
|t:|1757809633
|move|p1a: Weavile|Knock Off|p2a: Cresselia
|-supereffective|p2a: Cresselia
|-damage|p2a: Cresselia|26/100
|move|p2a: Cresselia|Moonlight|p2a: Cresselia
|-heal|p2a: Cresselia|76/100
|
|upkeep
|turn|19
|
|t:|1757809636
|move|p1a: Weavile|Knock Off|p2a: Cresselia
|-supereffective|p2a: Cresselia
|-damage|p2a: Cresselia|28/100
|move|p2a: Cresselia|Moonblast|p1a: Weavile
|-supereffective|p1a: Weavile
|-damage|p1a: Weavile|29/100
|
|upkeep
|turn|20
|
|t:|1757809638
|move|p1a: Weavile|Knock Off|p2a: Cresselia
|-supereffective|p2a: Cresselia
|-damage|p2a: Cresselia|0 fnt
|faint|p2a: Cresselia
|
|upkeep
|
|t:|1757809640
|switch|p2a: Umbreon|Umbreon, F, shiny|100/100
|turn|21
|
|t:|1757809642
|switch|p1a: Heatran|Heatran, F|84/100
|move|p2a: Umbreon|Foul Play|p1a: Heatran
|-damage|p1a: Heatran|63/100
|
|upkeep
|turn|22
|
|t:|1757809645
|move|p1a: Heatran|Stealth Rock|p2a: Umbreon
|-sidestart|p2: tasty sardine 408|move: Stealth Rock
|move|p2a: Umbreon|Foul Play|p1a: Heatran
|-damage|p1a: Heatran|40/100
|
|upkeep
|turn|23
|
|t:|1757809647
|move|p1a: Heatran|Magma Storm|p2a: Umbreon|[miss]
|-miss|p1a: Heatran|p2a: Umbreon
|move|p2a: Umbreon|Foul Play|p1a: Heatran
|-damage|p1a: Heatran|16/100
|
|upkeep
|turn|24
|
|t:|1757809650
|switch|p1a: Great Tusk|Great Tusk|23/100
|move|p2a: Umbreon|Foul Play|p1a: Great Tusk
|-resisted|p1a: Great Tusk
|-damage|p1a: Great Tusk|5/100
|
|upkeep
|turn|25
|
|t:|1757809652
|move|p1a: Great Tusk|Close Combat|p2a: Umbreon
|-supereffective|p2a: Umbreon
|-damage|p2a: Umbreon|11/100
|-unboost|p1a: Great Tusk|def|1
|-unboost|p1a: Great Tusk|spd|1
|move|p2a: Umbreon|Foul Play|p1a: Great Tusk
|-resisted|p1a: Great Tusk
|-damage|p1a: Great Tusk|0 fnt
|faint|p1a: Great Tusk
|-end|p1a: Great Tusk|Protosynthesis|[silent]
|
|-heal|p2a: Umbreon|17/100|[from] item: Leftovers
|upkeep
|
|t:|1757809657
|switch|p1a: Ogerpon|Ogerpon, F|100/100
|turn|26
|
|t:|1757809659
|move|p1a: Ogerpon|U-turn|p2a: Umbreon
|-supereffective|p2a: Umbreon
|-damage|p2a: Umbreon|0 fnt
|faint|p2a: Umbreon
|
|t:|1757809662
|switch|p1a: Weavile|Weavile, F|29/100|[from] U-turn
|-ability|p1a: Weavile|Pressure
|
|upkeep
|
|t:|1757809665
|switch|p2a: Skeledirge|Skeledirge, M, shiny|100/100
|turn|27
|
|t:|1757809669
|move|p1a: Weavile|Knock Off|p2a: Skeledirge
|-supereffective|p2a: Skeledirge
|-crit|p2a: Skeledirge
|-damage|p2a: Skeledirge|0 fnt
|-enditem|p2a: Skeledirge|Heavy-Duty Boots|[from] move: Knock Off|[of] p1a: Weavile
|faint|p2a: Skeledirge
|
|upkeep
|
|t:|1757809674
|switch|p2a: Serperior|Serperior, M, shiny|100/100
|-damage|p2a: Serperior|88/100|[from] Stealth Rock
|turn|28
|
|t:|1757809677
|move|p1a: Weavile|Knock Off|p2a: Serperior
|-damage|p2a: Serperior|22/100
|-enditem|p2a: Serperior|Leftovers|[from] move: Knock Off|[of] p1a: Weavile
|move|p2a: Serperior|Glare|p1a: Weavile
|-status|p1a: Weavile|par
|
|upkeep
|turn|29
|
|t:|1757809680
|move|p2a: Serperior|Synthesis|p2a: Serperior
|-heal|p2a: Serperior|72/100
|move|p1a: Weavile|Knock Off|p2a: Serperior
|-damage|p2a: Serperior|21/100
|
|upkeep
|turn|30
|
|t:|1757809682
|switch|p1a: Heatran|Heatran, F|16/100
|move|p2a: Serperior|Synthesis|p2a: Serperior
|-heal|p2a: Serperior|71/100
|
|upkeep
|turn|31
|
|t:|1757809685
|move|p2a: Serperior|Glare|p1a: Heatran
|-status|p1a: Heatran|par
|cant|p1a: Heatran|par
|
|upkeep
|turn|32
|
|t:|1757809687
|move|p2a: Serperior|Leaf Storm|p1a: Heatran
|-resisted|p1a: Heatran
|-damage|p1a: Heatran|8/100 par
|-boost|p2a: Serperior|spa|2
|move|p1a: Heatran|Taunt|p2a: Serperior
|-start|p2a: Serperior|move: Taunt
|
|upkeep
|turn|33
|
|t:|1757809691
|move|p2a: Serperior|Leaf Storm|p1a: Heatran
|-resisted|p1a: Heatran
|-damage|p1a: Heatran|0 fnt
|-boost|p2a: Serperior|spa|2
|faint|p1a: Heatran
|
|upkeep
|
|t:|1757809692
|switch|p1a: Weavile|Weavile, F|29/100 par
|-ability|p1a: Weavile|Pressure
|turn|34
|
|t:|1757809696
|move|p1a: Weavile|Ice Shard|p2a: Serperior
|-supereffective|p2a: Serperior
|-damage|p2a: Serperior|15/100
|move|p2a: Serperior|Tera Blast|p1a: Weavile
|-damage|p1a: Weavile|0 fnt
|faint|p1a: Weavile
|
|upkeep
|
|t:|1757809698
|switch|p1a: Ogerpon|Ogerpon, F|100/100
|turn|35
|
|t:|1757809703
|-terastallize|p1a: Ogerpon|Grass
|detailschange|p1a: Ogerpon|Ogerpon-Teal-Tera, F, tera:Grass
|-ability|p1a: Ogerpon|Embody Aspect (Teal)|boost
|-boost|p1a: Ogerpon|spe|1
|move|p1a: Ogerpon|U-turn|p2a: Serperior
|-supereffective|p2a: Serperior
|-damage|p2a: Serperior|0 fnt
|faint|p2a: Serperior
|
|win|nfyhsueryfgius
|raw|nfyhsueryfgius's rating: 1636 &rarr; <strong>1655</strong><br />(+19 for winning)
|raw|tasty sardine 408's rating: 1623 &rarr; <strong>1604</strong><br />(-19 for losing)
|l|☆nfyhsueryfgius
|player|p1|
|l|‽tasty sardine 408
|player|p2|
