|j|☆sado14
|j|☆ratonsuelo
|t:|1757872007
|gametype|singles
|player|p1|sado14|1|1091
|player|p2|ratonsuelo|102|1114
|gen|9
|tier|[Gen 9] OU
|rated|
|rule|HP Percentage Mod: HP is shown in percentages
|rule|Endless Battle Clause: Forcing endless battles is banned
|rule|Species Clause: Limit one of each Pokémon
|rule|OHKO Clause: OHKO moves are banned
|rule|Evasion Items Clause: Evasion items are banned
|rule|Evasion Moves Clause: Evasion moves are banned
|rule|Evasion Abilities Clause: Evasion abilities are banned
|rule|Sleep Moves Clause: Sleep-inducing moves are banned
|clearpoke
|poke|p1|Tornadus, M|
|poke|p1|Toxtricity, M|
|poke|p1|Iron Valiant|
|poke|p1|Arcanine-Hisui, M|
|poke|p1|Brambleghast, M|
|poke|p1|Hydreigon, M|
|poke|p2|Floatzel, F|
|poke|p2|Raging Bolt|
|poke|p2|Pelipper, F|
|poke|p2|Ogerpon-Wellspring, F|
|poke|p2|Kingambit, M|
|poke|p2|Weezing-Galar, M|
|teampreview
|inactive|Battle timer is ON: inactive players will automatically lose when time's up. (requested by sado14)
|
|t:|1757872020
|teamsize|p1|6
|teamsize|p2|6
|start
|switch|p1a: Tornadus|Tornadus, M, shiny|100/100
|switch|p2a: Bertrand Ndongo|Pelipper, F|100/100
|-weather|RainDance|[from] ability: Drizzle|[of] p2a: Bertrand Ndongo
|turn|1
|
|t:|1757872029
|move|p1a: Tornadus|Tailwind|p1a: Tornadus
|-sidestart|p1: sado14|move: Tailwind
|move|p2a: Bertrand Ndongo|U-turn|p1a: Tornadus
|-resisted|p1a: Tornadus
|-damage|p1a: Tornadus|95/100
|-enditem|p1a: Tornadus|Eject Button
|
|t:|1757872041
|switch|p1a: Toxtricity|Toxtricity, M, shiny|100/100
|
|-weather|RainDance|[upkeep]
|upkeep
|turn|2
|
|t:|1757872062
|-terastallize|p2a: Bertrand Ndongo|Ground
|move|p1a: Toxtricity|Boomburst|p2a: Bertrand Ndongo
|-damage|p2a: Bertrand Ndongo|0 fnt
|faint|p2a: Bertrand Ndongo
|
|-weather|RainDance|[upkeep]
|upkeep
|
|t:|1757872068
|switch|p2a: Dei v|Floatzel, F|100/100
|turn|3
|
|t:|1757872074
|move|p2a: Dei v|Wave Crash|p1a: Toxtricity
|-damage|p1a: Toxtricity|0 fnt
|faint|p1a: Toxtricity
|-damage|p2a: Dei v|70/100|[from] Recoil
|
|-weather|RainDance|[upkeep]
|upkeep
|
|t:|1757872077
|switch|p1a: Brambleghast|Brambleghast, M, shiny|100/100
|-ability|p1a: Brambleghast|Wind Rider|boost
|-boost|p1a: Brambleghast|atk|1
|turn|4
|
|t:|1757872086
|move|p2a: Dei v|Wave Crash|p1a: Brambleghast
|-resisted|p1a: Brambleghast
|-damage|p1a: Brambleghast|0 fnt
|faint|p1a: Brambleghast
|-damage|p2a: Dei v|44/100|[from] Recoil
|
|-weather|RainDance|[upkeep]
|-sideend|p1: sado14|move: Tailwind
|upkeep
|
|t:|1757872095
|switch|p1a: Hydreigon|Hydreigon, M, shiny|100/100
|turn|5
|
|t:|1757872098
|move|p2a: Dei v|Wave Crash|p1a: Hydreigon
|-resisted|p1a: Hydreigon
|-damage|p1a: Hydreigon|23/100
|-damage|p2a: Dei v|17/100|[from] Recoil
|move|p1a: Hydreigon|Stealth Rock|p2a: Dei v
|-sidestart|p2: ratonsuelo|move: Stealth Rock
|
|-weather|RainDance|[upkeep]
|upkeep
|turn|6
|
|t:|1757872104
|move|p2a: Dei v|Wave Crash|p1a: Hydreigon
|-resisted|p1a: Hydreigon
|-damage|p1a: Hydreigon|0 fnt
|faint|p1a: Hydreigon
|-damage|p2a: Dei v|10/100|[from] Recoil
|
|-weather|RainDance|[upkeep]
|upkeep
|
|t:|1757872108
|switch|p1a: Tornadus|Tornadus, M, shiny|95/100
|turn|7
|
|t:|1757872110
|move|p1a: Tornadus|Tailwind|p1a: Tornadus
|-sidestart|p1: sado14|move: Tailwind
|move|p2a: Dei v|Wave Crash|p1a: Tornadus
|-crit|p1a: Tornadus
|-damage|p1a: Tornadus|0 fnt
|faint|p1a: Tornadus
|-damage|p2a: Dei v|0 fnt|[from] Recoil
|faint|p2a: Dei v
|
|-weather|RainDance|[upkeep]
|upkeep
|
|t:|1757872117
|switch|p1a: Arcanine|Arcanine-Hisui, M, shiny|100/100
|switch|p2a: Abascal|Ogerpon-Wellspring, F|100/100
|-damage|p2a: Abascal|88/100|[from] Stealth Rock
|turn|8
|
|t:|1757872126
|-terastallize|p1a: Arcanine|Normal
|move|p1a: Arcanine|Double-Edge|p2a: Abascal
|-damage|p2a: Abascal|0 fnt
|faint|p2a: Abascal
|
|-weather|none
|upkeep
|
|t:|1757872132
|switch|p2a: Este es de podemos|Weezing-Galar, M|100/100
|-ability|p2a: Este es de podemos|Neutralizing Gas
|-damage|p2a: Este es de podemos|88/100|[from] Stealth Rock
|turn|9
|
|t:|1757872138
|move|p1a: Arcanine|Double-Edge|p2a: Este es de podemos
|-damage|p2a: Este es de podemos|31/100
|-damage|p1a: Arcanine|81/100|[from] Recoil
|move|p2a: Este es de podemos|Will-O-Wisp|p1a: Arcanine
|-status|p1a: Arcanine|brn
|
|-heal|p2a: Este es de podemos|37/100|[from] item: Leftovers
|-damage|p1a: Arcanine|75/100 brn|[from] brn
|upkeep
|turn|10
|
|t:|1757872141
|move|p1a: Arcanine|Double-Edge|p2a: Este es de podemos
|-crit|p2a: Este es de podemos
|-damage|p2a: Este es de podemos|0 fnt
|faint|p2a: Este es de podemos
|-end|p2a: Este es de podemos|ability: Neutralizing Gas
|
|-damage|p1a: Arcanine|69/100 brn|[from] brn
|-sideend|p1: sado14|move: Tailwind
|upkeep
|
|t:|1757872143
|switch|p2a: Rajoi|Raging Bolt|100/100
|-damage|p2a: Rajoi|88/100|[from] Stealth Rock
|turn|11
|
|t:|1757872150
|move|p2a: Rajoi|Volt Switch|p1a: Arcanine
|-damage|p1a: Arcanine|15/100 brn
|
|t:|1757872152
|-end|p2a: Rajoi|Protosynthesis|[silent]
|switch|p2a: Franco|Kingambit, M|100/100|[from] Volt Switch
|-damage|p2a: Franco|94/100|[from] Stealth Rock
|-activate|p2a: Franco|ability: Supreme Overlord
|-start|p2a: Franco|fallen4|[silent]
|move|p1a: Arcanine|Double-Edge|p2a: Franco
|-resisted|p2a: Franco
|-damage|p2a: Franco|79/100
|
|-damage|p1a: Arcanine|9/100 brn|[from] brn
|upkeep
|turn|12
|
|t:|1757872166
|move|p2a: Franco|Sucker Punch|p1a: Arcanine
|-damage|p1a: Arcanine|0 fnt
|faint|p1a: Arcanine
|
|upkeep
|
|t:|1757872168
|switch|p1a: Iron Valiant|Iron Valiant, shiny|100/100
|turn|13
|
|t:|1757872176
|move|p1a: Iron Valiant|Vacuum Wave|p2a: Franco
|-supereffective|p2a: Franco
|-damage|p2a: Franco|0 fnt
|faint|p2a: Franco
|-end|p2a: Franco|fallen4|[silent]
|
|upkeep
|
|t:|1757872178
|switch|p2a: Rajoi|Raging Bolt|88/100
|-damage|p2a: Rajoi|76/100|[from] Stealth Rock
|turn|14
|
|t:|1757872180
|move|p1a: Iron Valiant|Vacuum Wave|p2a: Rajoi
|-damage|p2a: Rajoi|45/100
|move|p2a: Rajoi|Thunder|p1a: Iron Valiant|[miss]
|-miss|p2a: Rajoi|p1a: Iron Valiant
|
|upkeep
|turn|15
|-message|ratonsuelo forfeited.
|
|win|sado14
|raw|sado14's rating: 1091 &rarr; <strong>1119</strong><br />(+28 for winning)
|raw|ratonsuelo's rating: 1114 &rarr; <strong>1087</strong><br />(-27 for losing)
|l|☆ratonsuelo
|player|p2|
|l|☆sado14
|player|p1|
