|j|☆tykcd
|j|☆harrisonharry
|t:|1757906413
|gametype|singles
|player|p1|tykcd|tuberf|1730
|player|p2|harrisonharry|2|1731
|gen|9
|tier|[Gen 9] OU
|rated|
|rule|HP Percentage Mod: HP is shown in percentages
|rule|Endless Battle Clause: Forcing endless battles is banned
|rule|Species Clause: Limit one of each Pokémon
|rule|OHKO Clause: OHKO moves are banned
|rule|Evasion Items Clause: Evasion items are banned
|rule|Evasion Moves Clause: Evasion moves are banned
|rule|Evasion Abilities Clause: Evasion abilities are banned
|rule|Sleep Moves Clause: Sleep-inducing moves are banned
|clearpoke
|poke|p1|Vaporeon, M|
|poke|p1|Slowking-Galar, M|
|poke|p1|Iron Valiant|
|poke|p1|Mandibuzz, F|
|poke|p1|Scizor, F|
|poke|p1|Great Tusk|
|poke|p2|Darkrai|
|poke|p2|Garchomp, F|
|poke|p2|Alomomola, M|
|poke|p2|Corviknight, M|
|poke|p2|Weezing-Galar, F|
|poke|p2|Ogerpon, F|
|teampreview
|
|t:|1757906451
|teamsize|p1|6
|teamsize|p2|6
|start
|switch|p1a: Great Tusk|Great Tusk|100/100
|switch|p2a: Ogerpon|Ogerpon, F|100/100
|turn|1
|
|t:|1757906464
|move|p2a: Ogerpon|Knock Off|p1a: Great Tusk
|-resisted|p1a: Great Tusk
|-damage|p1a: Great Tusk|90/100
|-damage|p2a: Ogerpon|84/100|[from] item: Rocky Helmet|[of] p1a: Great Tusk
|-enditem|p1a: Great Tusk|Rocky Helmet|[from] move: Knock Off|[of] p2a: Ogerpon
|move|p1a: Great Tusk|Ice Spinner|p2a: Ogerpon
|-supereffective|p2a: Ogerpon
|-damage|p2a: Ogerpon|21/100
|
|upkeep
|turn|2
|
|t:|1757906468
|-end|p1a: Great Tusk|Protosynthesis|[silent]
|switch|p1a: Mandibuzz|Mandibuzz, F|100/100
|move|p2a: Ogerpon|Ivy Cudgel|p1a: Mandibuzz
|-resisted|p1a: Mandibuzz
|-damage|p1a: Mandibuzz|87/100
|
|upkeep
|turn|3
|
|t:|1757906474
|move|p2a: Ogerpon|U-turn|p1a: Mandibuzz
|-damage|p1a: Mandibuzz|72/100
|
|t:|1757906476
|switch|p2a: Weezing|Weezing-Galar, F|100/100|[from] U-turn
|-ability|p2a: Weezing|Neutralizing Gas
|move|p1a: Mandibuzz|Foul Play|p2a: Weezing
|-resisted|p2a: Weezing
|-damage|p2a: Weezing|94/100
|
|-heal|p2a: Weezing|99/100|[from] item: Leftovers
|upkeep
|turn|4
|
|t:|1757906492
|switch|p1a: Slowking|Slowking-Galar, M|100/100
|move|p2a: Weezing|Will-O-Wisp|p1a: Slowking
|-status|p1a: Slowking|brn
|
|-heal|p2a: Weezing|100/100|[from] item: Leftovers
|-damage|p1a: Slowking|94/100 brn|[from] brn
|upkeep
|turn|5
|
|t:|1757906496
|-end|p2a: Weezing|ability: Neutralizing Gas
|switch|p2a: Alomomola|Alomomola, M|100/100
|move|p1a: Slowking|Psyshock|p2a: Alomomola
|-damage|p2a: Alomomola|72/100
|
|-damage|p1a: Slowking|88/100 brn|[from] brn
|upkeep
|turn|6
|
|t:|1757906503
|move|p1a: Slowking|Sludge Bomb|p2a: Alomomola
|-damage|p2a: Alomomola|52/100
|move|p2a: Alomomola|Mirror Coat|p1a: Slowking
|-damage|p1a: Slowking|35/100 brn
|
|-damage|p1a: Slowking|28/100 brn|[from] brn
|upkeep
|turn|7
|
|t:|1757906511
|switch|p1a: silksong|Vaporeon, M, shiny|100/100
|move|p2a: Alomomola|Flip Turn|p1a: silksong
|-immune|p1a: silksong|[from] ability: Water Absorb
|
|upkeep
|turn|8
|
|t:|1757906521
|switch|p2a: Ogerpon|Ogerpon, F|21/100
|move|p1a: silksong|Flip Turn|p2a: Ogerpon
|-resisted|p2a: Ogerpon
|-damage|p2a: Ogerpon|13/100
|
|t:|1757906527
|switch|p1a: Mandibuzz|Mandibuzz, F|72/100|[from] Flip Turn
|
|upkeep
|turn|9
|
|t:|1757906529
|move|p2a: Ogerpon|U-turn|p1a: Mandibuzz
|-damage|p1a: Mandibuzz|59/100
|
|t:|1757906532
|switch|p2a: Weezing|Weezing-Galar, F|100/100|[from] U-turn
|-ability|p2a: Weezing|Neutralizing Gas
|move|p1a: Mandibuzz|Foul Play|p2a: Weezing
|-resisted|p2a: Weezing
|-damage|p2a: Weezing|93/100
|
|-heal|p2a: Weezing|99/100|[from] item: Leftovers
|upkeep
|turn|10
|
|t:|1757906538
|move|p1a: Mandibuzz|Roost|p1a: Mandibuzz
|-heal|p1a: Mandibuzz|100/100
|-singleturn|p1a: Mandibuzz|move: Roost
|move|p2a: Weezing|Will-O-Wisp|p1a: Mandibuzz
|-status|p1a: Mandibuzz|brn
|
|-heal|p2a: Weezing|100/100|[from] item: Leftovers
|-damage|p1a: Mandibuzz|94/100 brn|[from] brn
|upkeep
|turn|11
|
|t:|1757906556
|switch|p1a: Slowking|Slowking-Galar, M|62/100 brn
|-end|p2a: Weezing|ability: Neutralizing Gas
|switch|p2a: Darkrai|Darkrai|100/100
|
|-damage|p1a: Slowking|56/100 brn|[from] brn
|upkeep
|turn|12
|
|t:|1757906565
|switch|p1a: Iron Valiant|Iron Valiant|100/100
|-enditem|p1a: Iron Valiant|Booster Energy
|-activate|p1a: Iron Valiant|ability: Quark Drive|[fromitem]
|-start|p1a: Iron Valiant|quarkdrivespe
|move|p2a: Darkrai|Dark Pulse|p1a: Iron Valiant
|-resisted|p1a: Iron Valiant
|-crit|p1a: Iron Valiant
|-damage|p1a: Iron Valiant|57/100
|
|upkeep
|turn|13
|
|t:|1757906574
|switch|p2a: Weezing|Weezing-Galar, F|100/100
|-ability|p2a: Weezing|Neutralizing Gas
|move|p1a: Iron Valiant|Moonblast|p2a: Weezing
|-resisted|p2a: Weezing
|-damage|p2a: Weezing|70/100
|-unboost|p2a: Weezing|spa|1
|
|-heal|p2a: Weezing|76/100|[from] item: Leftovers
|upkeep
|turn|14
|
|t:|1757906580
|move|p1a: Iron Valiant|Knock Off|p2a: Weezing
|-resisted|p2a: Weezing
|-damage|p2a: Weezing|67/100
|-enditem|p2a: Weezing|Leftovers|[from] move: Knock Off|[of] p1a: Iron Valiant
|move|p2a: Weezing|Sludge Bomb|p1a: Iron Valiant
|-supereffective|p1a: Iron Valiant
|-damage|p1a: Iron Valiant|0 fnt
|faint|p1a: Iron Valiant
|-end|p1a: Iron Valiant|Quark Drive|[silent]
|
|upkeep
|
|t:|1757906584
|switch|p1a: silksong|Vaporeon, M, shiny|100/100
|turn|15
|
|t:|1757906588
|move|p1a: silksong|Hydro Pump|p2a: Weezing
|-damage|p2a: Weezing|0 fnt
|faint|p2a: Weezing
|-end|p2a: Weezing|ability: Neutralizing Gas
|
|upkeep
|
|t:|1757906598
|switch|p2a: Ogerpon|Ogerpon, F|13/100
|turn|16
|
|t:|1757906603
|switch|p1a: Scizor|Scizor, F|100/100
|move|p2a: Ogerpon|U-turn|p1a: Scizor
|-resisted|p1a: Scizor
|-damage|p1a: Scizor|87/100
|
|t:|1757906606
|switch|p2a: Garchomp|Garchomp, F|100/100|[from] U-turn
|
|upkeep
|turn|17
|
|t:|1757906608
|move|p2a: Garchomp|Stealth Rock|p1a: Scizor
|-sidestart|p1: tykcd|move: Stealth Rock
|move|p1a: Scizor|U-turn|p2a: Garchomp
|-damage|p2a: Garchomp|62/100
|-damage|p1a: Scizor|75/100|[from] ability: Rough Skin|[of] p2a: Garchomp
|-damage|p1a: Scizor|59/100|[from] item: Rocky Helmet|[of] p2a: Garchomp
|
|t:|1757906610
|switch|p1a: Great Tusk|Great Tusk|90/100|[from] U-turn
|-damage|p1a: Great Tusk|87/100|[from] Stealth Rock
|
|upkeep
|turn|18
|j| wgw2333
|
|t:|1757906629
|switch|p2a: Corviknight|Corviknight, M|100/100
|-ability|p2a: Corviknight|Pressure
|move|p1a: Great Tusk|Stealth Rock|p2a: Corviknight
|-sidestart|p2: harrisonharry|move: Stealth Rock
|
|upkeep
|turn|19
|
|t:|1757906635
|-end|p1a: Great Tusk|Protosynthesis|[silent]
|switch|p1a: Slowking|Slowking-Galar, M|89/100 brn
|-damage|p1a: Slowking|76/100 brn|[from] Stealth Rock
|move|p2a: Corviknight|Brave Bird|p1a: Slowking
|-damage|p1a: Slowking|39/100 brn
|-damage|p2a: Corviknight|88/100|[from] Recoil
|
|-heal|p2a: Corviknight|94/100|[from] item: Leftovers
|-damage|p1a: Slowking|33/100 brn|[from] brn
|upkeep
|turn|20
|
|t:|1757906642
|switch|p1a: silksong|Vaporeon, M, shiny|100/100
|-damage|p1a: silksong|88/100|[from] Stealth Rock
|move|p2a: Corviknight|Brave Bird|p1a: silksong
|-damage|p1a: silksong|45/100
|-damage|p2a: Corviknight|80/100|[from] Recoil
|
|-heal|p2a: Corviknight|86/100|[from] item: Leftovers
|upkeep
|turn|21
|
|t:|1757906649
|switch|p2a: Alomomola|Alomomola, M|85/100
|-damage|p2a: Alomomola|72/100|[from] Stealth Rock
|move|p1a: silksong|Hydro Pump|p2a: Alomomola
|-resisted|p2a: Alomomola
|-damage|p2a: Alomomola|54/100
|
|upkeep
|turn|22
|
|t:|1757906657
|switch|p1a: Mandibuzz|Mandibuzz, F|94/100 brn
|move|p2a: Alomomola|Body Slam|p1a: Mandibuzz
|-damage|p1a: Mandibuzz|85/100 brn
|
|-damage|p1a: Mandibuzz|79/100 brn|[from] brn
|upkeep
|turn|23
|
|t:|1757906661
|move|p1a: Mandibuzz|Toxic|p2a: Alomomola
|-status|p2a: Alomomola|tox
|move|p2a: Alomomola|Flip Turn|p1a: Mandibuzz
|-damage|p1a: Mandibuzz|71/100 brn
|
|t:|1757906668
|switch|p2a: Darkrai|Darkrai|100/100|[from] Flip Turn
|-damage|p2a: Darkrai|88/100|[from] Stealth Rock
|
|-damage|p1a: Mandibuzz|64/100 brn|[from] brn
|upkeep
|turn|24
|
|t:|1757906671
|move|p2a: Darkrai|Ice Beam|p1a: Mandibuzz
|-supereffective|p1a: Mandibuzz
|-crit|p1a: Mandibuzz
|-damage|p1a: Mandibuzz|0 fnt
|faint|p1a: Mandibuzz
|
|upkeep
|
|t:|1757906676
|switch|p1a: silksong|Vaporeon, M, shiny|45/100
|-damage|p1a: silksong|33/100|[from] Stealth Rock
|turn|25
|
|t:|1757906679
|switch|p2a: Alomomola|Alomomola, M|87/100 tox
|-damage|p2a: Alomomola|74/100 tox|[from] Stealth Rock
|move|p1a: silksong|Hydro Pump|p2a: Alomomola|[miss]
|-miss|p1a: silksong|p2a: Alomomola
|
|-damage|p2a: Alomomola|68/100 tox|[from] psn
|upkeep
|turn|26
|
|t:|1757906684
|move|p1a: silksong|Hydro Pump|p2a: Alomomola
|-resisted|p2a: Alomomola
|-damage|p2a: Alomomola|49/100 tox
|move|p2a: Alomomola|Mirror Coat|p1a: silksong
|-damage|p1a: silksong|0 fnt
|faint|p1a: silksong
|
|-damage|p2a: Alomomola|37/100 tox|[from] psn
|upkeep
|
|t:|1757906686
|switch|p1a: Scizor|Scizor, F|59/100
|-damage|p1a: Scizor|46/100|[from] Stealth Rock
|turn|27
|
|t:|1757906689
|switch|p2a: Garchomp|Garchomp, F|62/100
|-damage|p2a: Garchomp|55/100|[from] Stealth Rock
|move|p1a: Scizor|Knock Off|p2a: Garchomp
|-damage|p2a: Garchomp|17/100
|-damage|p1a: Scizor|34/100|[from] ability: Rough Skin|[of] p2a: Garchomp
|-damage|p1a: Scizor|18/100|[from] item: Rocky Helmet|[of] p2a: Garchomp
|-enditem|p2a: Garchomp|Rocky Helmet|[from] move: Knock Off|[of] p1a: Scizor
|
|upkeep
|turn|28
|
|t:|1757906697
|move|p2a: Garchomp|Earthquake|p1a: Scizor
|-damage|p1a: Scizor|0 fnt
|faint|p1a: Scizor
|
|upkeep
|
|t:|1757906698
|switch|p1a: Great Tusk|Great Tusk|87/100
|-damage|p1a: Great Tusk|84/100|[from] Stealth Rock
|turn|29
|
|t:|1757906705
|move|p1a: Great Tusk|Rapid Spin|p2a: Garchomp
|-damage|p2a: Garchomp|9/100
|-boost|p1a: Great Tusk|spe|1
|-damage|p1a: Great Tusk|71/100|[from] ability: Rough Skin|[of] p2a: Garchomp
|-sideend|p1: tykcd|Stealth Rock|[from] move: Rapid Spin|[of] p1a: Great Tusk
|move|p2a: Garchomp|Dragon Tail|p1a: Great Tusk
|-damage|p1a: Great Tusk|53/100
|-end|p1a: Great Tusk|Protosynthesis|[silent]
|drag|p1a: Slowking|Slowking-Galar, M|66/100 brn
|
|-damage|p1a: Slowking|60/100 brn|[from] brn
|upkeep
|turn|30
|
|t:|1757906708
|switch|p1a: Great Tusk|Great Tusk|53/100
|move|p2a: Garchomp|Earthquake|p1a: Great Tusk
|-damage|p1a: Great Tusk|27/100
|
|upkeep
|turn|31
|
|t:|1757906714
|move|p1a: Great Tusk|Ice Spinner|p2a: Garchomp
|-supereffective|p2a: Garchomp
|-damage|p2a: Garchomp|0 fnt
|-damage|p1a: Great Tusk|15/100|[from] ability: Rough Skin|[of] p2a: Garchomp
|faint|p2a: Garchomp
|
|upkeep
|
|t:|1757906718
|switch|p2a: Darkrai|Darkrai|88/100
|-damage|p2a: Darkrai|76/100|[from] Stealth Rock
|turn|32
|
|t:|1757906725
|-end|p1a: Great Tusk|Protosynthesis|[silent]
|switch|p1a: Slowking|Slowking-Galar, M|93/100 brn
|move|p2a: Darkrai|Dark Pulse|p1a: Slowking
|-supereffective|p1a: Slowking
|-damage|p1a: Slowking|32/100 brn
|
|-damage|p1a: Slowking|26/100 brn|[from] brn
|upkeep
|turn|33
|-message|tykcd forfeited.
|
|win|harrisonharry
|raw|tykcd's rating: 1730 &rarr; <strong>1710</strong><br />(-20 for losing)
|raw|harrisonharry's rating: 1731 &rarr; <strong>1751</strong><br />(+20 for winning)
|l|☆tykcd
|player|p1|
|l|☆harrisonharry
|player|p2|
