|j|☆InfinityPokeRang3r
|j|☆AStupidAsian
|t:|1757858009
|gametype|singles
|player|p1|InfinityPokeRang3r|ingo|1372
|player|p2|AStupidAsian|sordward|1466
|gen|9
|tier|[Gen 9] OU
|rated|
|rule|HP Percentage Mod: HP is shown in percentages
|rule|Endless Battle Clause: Forcing endless battles is banned
|rule|Species Clause: Limit one of each Pokémon
|rule|OHKO Clause: OHKO moves are banned
|rule|Evasion Items Clause: Evasion items are banned
|rule|Evasion Moves Clause: Evasion moves are banned
|rule|Evasion Abilities Clause: Evasion abilities are banned
|rule|Sleep Moves Clause: Sleep-inducing moves are banned
|clearpoke
|poke|p1|Rillaboom, F|
|poke|p1|Arcanine-Hisui, F|
|poke|p1|Greninja-*, M|
|poke|p1|Landorus-Therian, M|
|poke|p1|Maushold-Four|
|poke|p1|Pecharunt|
|poke|p2|Great Tusk|
|poke|p2|Dragapult, M|
|poke|p2|Kingambit, M|
|poke|p2|Moltres|
|poke|p2|Slowking-Galar, M|
|poke|p2|Ogerpon-Wellspring, F|
|teampreview
|
|t:|1757858021
|teamsize|p1|6
|teamsize|p2|6
|start
|switch|p1a: Landorus|Landorus-Therian, M|100/100
|switch|p2a: He B2 fast|Dragapult, M|100/100
|-ability|p1a: Landorus|Intimidate|boost
|-unboost|p2a: He B2 fast|atk|1
|turn|1
|
|t:|1757858029
|move|p2a: He B2 fast|Draco Meteor|p1a: Landorus
|-damage|p1a: Landorus|0 fnt
|-unboost|p2a: He B2 fast|spa|2
|faint|p1a: Landorus
|
|upkeep
|
|t:|1757858049
|switch|p1a: Greninja|Greninja, M|100/100
|turn|2
|
|t:|1757858060
|switch|p2a: 2016 Lebron|Kingambit, M|100/100
|move|p1a: Greninja|Dark Pulse|p2a: 2016 Lebron
|-resisted|p2a: 2016 Lebron
|-damage|p2a: 2016 Lebron|74/100
|-damage|p1a: Greninja|91/100|[from] item: Life Orb
|
|-heal|p2a: 2016 Lebron|80/100|[from] item: Leftovers
|upkeep
|turn|3
|
|t:|1757858068
|move|p1a: Greninja|Hydro Pump|p2a: 2016 Lebron
|-damage|p2a: 2016 Lebron|7/100
|-damage|p1a: Greninja|81/100|[from] item: Life Orb
|move|p2a: 2016 Lebron|Iron Head|p1a: Greninja
|-resisted|p1a: Greninja
|-damage|p1a: Greninja|39/100
|
|-heal|p2a: 2016 Lebron|13/100|[from] item: Leftovers
|upkeep
|turn|4
|
|t:|1757858083
|-end|p2a: 2016 Lebron|fallenundefined|[silent]
|switch|p2a: Tomás Lavanini|Ogerpon-Wellspring, F|100/100
|move|p1a: Greninja|Ice Beam|p2a: Tomás Lavanini
|-damage|p2a: Tomás Lavanini|62/100
|-damage|p1a: Greninja|29/100|[from] item: Life Orb
|
|upkeep
|turn|5
|
|t:|1757858098
|switch|p1a: Pecharunt|Pecharunt|100/100
|-item|p1a: Pecharunt|Air Balloon
|move|p2a: Tomás Lavanini|U-turn|p1a: Pecharunt
|-resisted|p1a: Pecharunt
|-damage|p1a: Pecharunt|97/100
|-enditem|p1a: Pecharunt|Air Balloon
|
|t:|1757858104
|switch|p2a: Fatass Beyblade|Great Tusk|100/100|[from] U-turn
|
|upkeep
|turn|6
|
|t:|1757858111
|move|p2a: Fatass Beyblade|Stealth Rock|p1a: Pecharunt
|-sidestart|p1: InfinityPokeRang3r|move: Stealth Rock
|move|p1a: Pecharunt|Malignant Chain|p2a: Fatass Beyblade
|-resisted|p2a: Fatass Beyblade
|-damage|p2a: Fatass Beyblade|72/100
|
|upkeep
|turn|7
|
|t:|1757858118
|move|p2a: Fatass Beyblade|Headlong Rush|p1a: Pecharunt
|-supereffective|p1a: Pecharunt
|-damage|p1a: Pecharunt|17/100
|-unboost|p2a: Fatass Beyblade|def|1
|-unboost|p2a: Fatass Beyblade|spd|1
|move|p1a: Pecharunt|Malignant Chain|p2a: Fatass Beyblade
|-resisted|p2a: Fatass Beyblade
|-damage|p2a: Fatass Beyblade|29/100
|-status|p2a: Fatass Beyblade|tox
|-start|p2a: Fatass Beyblade|confusion|[from] ability: Poison Puppeteer|[of] p1a: Pecharunt
|
|-damage|p2a: Fatass Beyblade|22/100 tox|[from] psn
|upkeep
|turn|8
|
|t:|1757858127
|-end|p2a: Fatass Beyblade|Protosynthesis|[silent]
|switch|p2a: 2016 Lebron|Kingambit, M|13/100
|move|p1a: Pecharunt|Recover|p1a: Pecharunt
|-heal|p1a: Pecharunt|67/100
|
|-heal|p2a: 2016 Lebron|19/100|[from] item: Leftovers
|upkeep
|turn|9
|
|t:|1757858136
|-end|p2a: 2016 Lebron|fallenundefined|[silent]
|switch|p2a: Fatass Beyblade|Great Tusk|22/100 tox
|move|p1a: Pecharunt|Parting Shot|p2a: Fatass Beyblade
|-unboost|p2a: Fatass Beyblade|atk|1
|-unboost|p2a: Fatass Beyblade|spa|1
|
|t:|1757858142
|switch|p1a: Maushold|Maushold-Four|100/100|[from] Parting Shot
|-damage|p1a: Maushold|88/100|[from] Stealth Rock
|
|-damage|p2a: Fatass Beyblade|16/100 tox|[from] psn
|upkeep
|turn|10
|
|t:|1757858154
|move|p1a: Maushold|Tidy Up|p1a: Maushold
|-sideend|p1: InfinityPokeRang3r|Stealth Rock
|-activate|p1a: Maushold|move: Tidy Up
|-boost|p1a: Maushold|atk|1
|-boost|p1a: Maushold|spe|1
|move|p2a: Fatass Beyblade|Headlong Rush|p1a: Maushold
|-damage|p1a: Maushold|20/100
|-unboost|p2a: Fatass Beyblade|def|1
|-unboost|p2a: Fatass Beyblade|spd|1
|
|-damage|p2a: Fatass Beyblade|4/100 tox|[from] psn
|upkeep
|turn|11
|
|t:|1757858163
|move|p1a: Maushold|Bullet Seed|p2a: Fatass Beyblade
|-supereffective|p2a: Fatass Beyblade
|-damage|p2a: Fatass Beyblade|0 fnt
|faint|p2a: Fatass Beyblade
|-end|p2a: Fatass Beyblade|Protosynthesis|[silent]
|-hitcount|p2: Fatass Beyblade|1
|
|upkeep
|
|t:|1757858166
|switch|p2a: 2016 Lebron|Kingambit, M|19/100
|-activate|p2a: 2016 Lebron|ability: Supreme Overlord
|-start|p2a: 2016 Lebron|fallen1|[silent]
|turn|12
|
|t:|1757858178
|move|p2a: 2016 Lebron|Sucker Punch|p1a: Maushold
|-damage|p1a: Maushold|0 fnt
|faint|p1a: Maushold
|
|-heal|p2a: 2016 Lebron|25/100|[from] item: Leftovers
|upkeep
|
|t:|1757858188
|switch|p1a: Pecharunt|Pecharunt|67/100
|turn|13
|
|t:|1757858207
|move|p2a: 2016 Lebron|Sucker Punch||[still]
|-fail|p2a: 2016 Lebron
|move|p1a: Pecharunt|Parting Shot|p2a: 2016 Lebron
|-unboost|p2a: 2016 Lebron|atk|1
|-unboost|p2a: 2016 Lebron|spa|1
|
|t:|1757858214
|switch|p1a: Arcanine|Arcanine-Hisui, F|100/100|[from] Parting Shot
|
|-heal|p2a: 2016 Lebron|32/100|[from] item: Leftovers
|upkeep
|turn|14
|
|t:|1757858221
|-end|p2a: 2016 Lebron|fallen1|[silent]
|switch|p2a: Tough crowd Today|Slowking-Galar, M|100/100
|move|p1a: Arcanine|Flare Blitz|p2a: Tough crowd Today
|-damage|p2a: Tough crowd Today|39/100
|
|upkeep
|turn|15
|
|t:|1757858230
|switch|p2a: Steve|Moltres, shiny|100/100
|move|p1a: Arcanine|Flare Blitz|p2a: Steve
|-resisted|p2a: Steve
|-damage|p2a: Steve|79/100
|
|upkeep
|turn|16
|
|t:|1757858236
|switch|p2a: Tough crowd Today|Slowking-Galar, M|72/100
|move|p1a: Arcanine|Head Smash|p2a: Tough crowd Today|[miss]
|-miss|p1a: Arcanine|p2a: Tough crowd Today
|
|upkeep
|turn|17
|
|t:|1757858241
|move|p1a: Arcanine|Flare Blitz|p2a: Tough crowd Today
|-damage|p2a: Tough crowd Today|9/100
|move|p2a: Tough crowd Today|Sludge Bomb|p1a: Arcanine
|-resisted|p1a: Arcanine
|-damage|p1a: Arcanine|78/100
|
|upkeep
|turn|18
|
|t:|1757858252
|move|p1a: Arcanine|Extreme Speed|p2a: Tough crowd Today
|-crit|p2a: Tough crowd Today
|-damage|p2a: Tough crowd Today|0 fnt
|faint|p2a: Tough crowd Today
|
|upkeep
|
|t:|1757858255
|switch|p2a: Tomás Lavanini|Ogerpon-Wellspring, F|62/100
|turn|19
|
|t:|1757858261
|-terastallize|p1a: Arcanine|Normal
|move|p2a: Tomás Lavanini|Ivy Cudgel|p1a: Arcanine|[anim] Ivy Cudgel Water
|-damage|p1a: Arcanine|11/100
|move|p1a: Arcanine|Flare Blitz|p2a: Tomás Lavanini
|-crit|p2a: Tomás Lavanini
|-damage|p2a: Tomás Lavanini|0 fnt
|faint|p2a: Tomás Lavanini
|
|upkeep
|
|t:|1757858267
|switch|p2a: He B2 fast|Dragapult, M|100/100
|turn|20
|
|t:|1757858273
|move|p2a: He B2 fast|U-turn|p1a: Arcanine
|-damage|p1a: Arcanine|0 fnt
|faint|p1a: Arcanine
|
|t:|1757858278
|switch|p2a: 2016 Lebron|Kingambit, M|32/100|[from] U-turn
|-activate|p2a: 2016 Lebron|ability: Supreme Overlord
|-start|p2a: 2016 Lebron|fallen3|[silent]
|
|-heal|p2a: 2016 Lebron|38/100|[from] item: Leftovers
|upkeep
|
|t:|1757858282
|switch|p1a: Pecharunt|Pecharunt|67/100
|turn|21
|
|t:|1757858289
|move|p1a: Pecharunt|Recover|p1a: Pecharunt
|-heal|p1a: Pecharunt|100/100
|move|p2a: 2016 Lebron|Swords Dance|p2a: 2016 Lebron
|-boost|p2a: 2016 Lebron|atk|2
|
|-heal|p2a: 2016 Lebron|44/100|[from] item: Leftovers
|upkeep
|turn|22
|
|t:|1757858298
|move|p1a: Pecharunt|Parting Shot|p2a: 2016 Lebron
|-unboost|p2a: 2016 Lebron|atk|1
|-unboost|p2a: 2016 Lebron|spa|1
|
|t:|1757858302
|switch|p1a: Rillaboom|Rillaboom, F|100/100|[from] Parting Shot
|-fieldstart|move: Grassy Terrain|[from] ability: Grassy Surge|[of] p1a: Rillaboom
|move|p2a: 2016 Lebron|Swords Dance|p2a: 2016 Lebron
|-boost|p2a: 2016 Lebron|atk|2
|
|-heal|p2a: 2016 Lebron|50/100|[from] Grassy Terrain
|-heal|p2a: 2016 Lebron|56/100|[from] item: Leftovers
|upkeep
|turn|23
|
|t:|1757858310
|move|p1a: Rillaboom|Drain Punch|p2a: 2016 Lebron
|-supereffective|p2a: 2016 Lebron
|-damage|p2a: 2016 Lebron|0 fnt
|faint|p2a: 2016 Lebron
|-end|p2a: 2016 Lebron|fallen3|[silent]
|
|upkeep
|
|t:|1757858312
|switch|p2a: He B2 fast|Dragapult, M|100/100
|turn|24
|
|t:|1757858316
|switch|p1a: Pecharunt|Pecharunt|100/100
|-terastallize|p2a: He B2 fast|Ghost
|move|p2a: He B2 fast|Shadow Ball|p1a: Pecharunt
|-supereffective|p1a: Pecharunt
|-damage|p1a: Pecharunt|0 fnt
|faint|p1a: Pecharunt
|
|upkeep
|
|t:|1757858322
|switch|p1a: Rillaboom|Rillaboom, F|100/100
|turn|25
|
|t:|1757858326
|switch|p2a: Steve|Moltres, shiny|79/100
|move|p1a: Rillaboom|Knock Off|p2a: Steve
|-damage|p2a: Steve|46/100
|-enditem|p2a: Steve|Heavy-Duty Boots|[from] move: Knock Off|[of] p1a: Rillaboom
|
|upkeep
|turn|26
|
|t:|1757858341
|switch|p1a: Greninja|Greninja, M|29/100
|move|p2a: Steve|Flamethrower|p1a: Greninja
|-resisted|p1a: Greninja
|-damage|p1a: Greninja|0 fnt
|faint|p1a: Greninja
|
|-fieldend|move: Grassy Terrain
|upkeep
|
|t:|1757858347
|switch|p1a: Rillaboom|Rillaboom, F|100/100
|-fieldstart|move: Grassy Terrain|[from] ability: Grassy Surge|[of] p1a: Rillaboom
|turn|27
|
|t:|1757858351
|move|p1a: Rillaboom|Knock Off|p2a: Steve
|-damage|p2a: Steve|22/100
|-status|p1a: Rillaboom|brn|[from] ability: Flame Body|[of] p2a: Steve
|move|p2a: Steve|Flamethrower|p1a: Rillaboom
|-supereffective|p1a: Rillaboom
|-damage|p1a: Rillaboom|7/100 brn
|
|-heal|p1a: Rillaboom|13/100 brn|[from] Grassy Terrain
|-damage|p1a: Rillaboom|7/100 brn|[from] brn
|upkeep
|turn|28
|
|t:|1757858355
|move|p1a: Rillaboom|Knock Off|p2a: Steve
|-damage|p2a: Steve|11/100
|move|p2a: Steve|Roost|p2a: Steve
|-heal|p2a: Steve|61/100
|-singleturn|p2a: Steve|move: Roost
|
|-heal|p1a: Rillaboom|13/100 brn|[from] Grassy Terrain
|-heal|p2a: Steve|67/100|[from] Grassy Terrain
|-damage|p1a: Rillaboom|7/100 brn|[from] brn
|upkeep
|turn|29
|
|t:|1757858358
|move|p1a: Rillaboom|Knock Off|p2a: Steve
|-damage|p2a: Steve|56/100
|move|p2a: Steve|Roost|p2a: Steve
|-heal|p2a: Steve|100/100
|-singleturn|p2a: Steve|move: Roost
|
|-heal|p1a: Rillaboom|13/100 brn|[from] Grassy Terrain
|-damage|p1a: Rillaboom|7/100 brn|[from] brn
|upkeep
|turn|30
|
|t:|1757858363
|move|p1a: Rillaboom|Knock Off|p2a: Steve
|-crit|p2a: Steve
|-damage|p2a: Steve|84/100
|move|p2a: Steve|Roost|p2a: Steve
|-heal|p2a: Steve|100/100
|-singleturn|p2a: Steve|move: Roost
|
|-heal|p1a: Rillaboom|13/100 brn|[from] Grassy Terrain
|-damage|p1a: Rillaboom|7/100 brn|[from] brn
|upkeep
|turn|31
|-message|InfinityPokeRang3r forfeited.
|
|win|AStupidAsian
|raw|InfinityPokeRang3r's rating: 1372 &rarr; <strong>1357</strong><br />(-15 for losing)
|raw|AStupidAsian's rating: 1466 &rarr; <strong>1481</strong><br />(+15 for winning)
|l|☆InfinityPokeRang3r
|player|p1|
|l|☆AStupidAsian
|player|p2|
|j|☆AStupidAsian
|player|p2|AStupidAsian|sordward|
