|j|☆Fekliope
|j|☆Cryochronology
|t:|1757824558
|gametype|singles
|player|p1|Fekliope|shauntal|1254
|player|p2|Cryochronology|1|1255
|gen|9
|tier|[Gen 9] OU
|rated|
|rule|HP Percentage Mod: HP is shown in percentages
|rule|Endless Battle Clause: Forcing endless battles is banned
|rule|Species Clause: Limit one of each Pokémon
|rule|OHKO Clause: OHKO moves are banned
|rule|Evasion Items Clause: Evasion items are banned
|rule|Evasion Moves Clause: Evasion moves are banned
|rule|Evasion Abilities Clause: Evasion abilities are banned
|rule|Sleep Moves Clause: Sleep-inducing moves are banned
|clearpoke
|poke|p1|Incineroar, F|
|poke|p1|Quaquaval, F|
|poke|p1|Hydrapple, M|
|poke|p1|Gliscor, M|
|poke|p1|Hatterene, F|
|poke|p1|Galvantula, F|
|poke|p2|Deoxys-Speed|
|poke|p2|Dragonite, M|
|poke|p2|Darkrai|
|poke|p2|Araquanid, M|
|poke|p2|Iron Moth|
|poke|p2|Gholdengo|
|teampreview
|inactive|Battle timer is ON: inactive players will automatically lose when time's up. (requested by Fekliope)
|
|t:|1757824571
|teamsize|p1|6
|teamsize|p2|6
|start
|switch|p1a: Incineroar|Incineroar, F|100/100
|switch|p2a: Deoxys|Deoxys-Speed|100/100
|-ability|p2a: Deoxys|Pressure
|-ability|p1a: Incineroar|Intimidate|boost
|-unboost|p2a: Deoxys|atk|1
|turn|1
|
|t:|1757824594
|move|p1a: Incineroar|Fake Out|p2a: Deoxys
|-damage|p2a: Deoxys|87/100
|cant|p2a: Deoxys|flinch
|
|upkeep
|turn|2
|
|t:|1757824605
|move|p2a: Deoxys|Stealth Rock|p1a: Incineroar
|-sidestart|p1: Fekliope|move: Stealth Rock
|move|p1a: Incineroar|Knock Off|p2a: Deoxys
|-supereffective|p2a: Deoxys
|-enditem|p2a: Deoxys|Colbur Berry|[eat]
|-enditem|p2a: Deoxys|Colbur Berry|[weaken]
|-damage|p2a: Deoxys|40/100
|
|upkeep
|turn|3
|
|t:|1757824628
|move|p2a: Deoxys|Knock Off|p1a: Incineroar
|-resisted|p1a: Incineroar
|-damage|p1a: Incineroar|92/100
|-enditem|p1a: Incineroar|Weakness Policy|[from] move: Knock Off|[of] p2a: Deoxys
|move|p1a: Incineroar|Flame Charge|p2a: Deoxys
|-damage|p2a: Deoxys|14/100
|-boost|p1a: Incineroar|spe|1
|
|upkeep
|turn|4
|
|t:|1757824640
|switch|p2a: Araquanid|Araquanid, M|100/100
|move|p1a: Incineroar|Flame Charge|p2a: Araquanid
|-damage|p2a: Araquanid|88/100
|-boost|p1a: Incineroar|spe|1
|
|upkeep
|turn|5
|
|t:|1757824643
|move|p1a: Incineroar|Knock Off|p2a: Araquanid
|-damage|p2a: Araquanid|41/100
|-enditem|p2a: Araquanid|Custap Berry|[from] move: Knock Off|[of] p1a: Incineroar
|move|p2a: Araquanid|Surf|p1a: Incineroar
|-supereffective|p1a: Incineroar
|-damage|p1a: Incineroar|0 fnt
|faint|p1a: Incineroar
|
|upkeep
|
|t:|1757824649
|switch|p1a: Quaquaval|Quaquaval, F|100/100
|turn|6
|
|t:|1757824655
|move|p1a: Quaquaval|Rapid Spin|p2a: Araquanid
|-damage|p2a: Araquanid|24/100
|-boost|p1a: Quaquaval|spe|1
|-sideend|p1: Fekliope|Stealth Rock|[from] move: Rapid Spin|[of] p1a: Quaquaval
|move|p2a: Araquanid|Sticky Web|p1a: Quaquaval
|-sidestart|p1: Fekliope|move: Sticky Web
|
|upkeep
|turn|7
|
|t:|1757824660
|move|p1a: Quaquaval|Rapid Spin|p2a: Araquanid
|-damage|p2a: Araquanid|7/100
|-boost|p1a: Quaquaval|spe|1
|-sideend|p1: Fekliope|Sticky Web|[from] move: Rapid Spin|[of] p1a: Quaquaval
|move|p2a: Araquanid|Endeavor|p1a: Quaquaval
|-damage|p1a: Quaquaval|8/100
|
|upkeep
|turn|8
|
|t:|1757824664
|move|p1a: Quaquaval|Aqua Step|p2a: Araquanid
|-resisted|p2a: Araquanid
|-damage|p2a: Araquanid|0 fnt
|-boost|p1a: Quaquaval|spe|1
|faint|p2a: Araquanid
|-ability|p1a: Quaquaval|Moxie|boost
|-boost|p1a: Quaquaval|atk|1
|
|upkeep
|
|t:|1757824675
|switch|p2a: Dragonite|Dragonite, M|100/100
|turn|9
|
|t:|1757824685
|move|p2a: Dragonite|Extreme Speed|p1a: Quaquaval
|-damage|p1a: Quaquaval|0 fnt
|faint|p1a: Quaquaval
|
|upkeep
|
|t:|1757824689
|switch|p1a: Hatterene|Hatterene, F, shiny|100/100
|turn|10
|
|t:|1757824697
|switch|p2a: Iron Moth|Iron Moth|100/100
|-enditem|p2a: Iron Moth|Booster Energy
|-activate|p2a: Iron Moth|ability: Quark Drive|[fromitem]
|-start|p2a: Iron Moth|quarkdrivespe
|move|p1a: Hatterene|Nuzzle|p2a: Iron Moth
|-damage|p2a: Iron Moth|94/100
|-status|p2a: Iron Moth|par
|
|upkeep
|turn|11
|
|t:|1757824706
|switch|p1a: Gliscor|Gliscor, M|100/100
|move|p2a: Iron Moth|Fiery Dance|p1a: Gliscor
|-damage|p1a: Gliscor|40/100
|-boost|p2a: Iron Moth|spa|1
|
|-status|p1a: Gliscor|tox|[from] item: Toxic Orb
|upkeep
|turn|12
|
|t:|1757824711
|move|p1a: Gliscor|Earthquake|p2a: Iron Moth
|-supereffective|p2a: Iron Moth
|-damage|p2a: Iron Moth|0 fnt
|faint|p2a: Iron Moth
|-end|p2a: Iron Moth|Quark Drive|[silent]
|
|-heal|p1a: Gliscor|52/100 tox|[from] ability: Poison Heal
|upkeep
|
|t:|1757824717
|switch|p2a: Darkrai|Darkrai|100/100
|turn|13
|
|t:|1757824725
|move|p2a: Darkrai|Ice Beam|p1a: Gliscor
|-supereffective|p1a: Gliscor
|-damage|p1a: Gliscor|0 fnt
|faint|p1a: Gliscor
|
|upkeep
|
|t:|1757824727
|switch|p1a: Galvantula|Galvantula, F, shiny|100/100
|turn|14
|
|t:|1757824734
|switch|p2a: Deoxys|Deoxys-Speed|14/100
|-ability|p2a: Deoxys|Pressure
|move|p1a: Galvantula|Thunder Wave|p2a: Deoxys
|-status|p2a: Deoxys|par
|
|upkeep
|turn|15
|
|t:|1757824738
|move|p1a: Galvantula|Sticky Web|p2a: Deoxys
|-sidestart|p2: Cryochronology|move: Sticky Web
|move|p2a: Deoxys|Psychic Noise|p1a: Galvantula
|-damage|p1a: Galvantula|58/100
|-start|p1a: Galvantula|move: Heal Block
|
|upkeep
|turn|16
|
|t:|1757824742
|move|p1a: Galvantula|Bug Buzz|p2a: Deoxys
|-supereffective|p2a: Deoxys
|-damage|p2a: Deoxys|0 fnt
|faint|p2a: Deoxys
|
|-end|p1a: Galvantula|move: Heal Block
|upkeep
|
|t:|1757824753
|switch|p2a: Dragonite|Dragonite, M|100/100
|turn|17
|
|t:|1757824766
|-terastallize|p2a: Dragonite|Normal
|move|p2a: Dragonite|Extreme Speed|p1a: Galvantula
|-damage|p1a: Galvantula|0 fnt
|faint|p1a: Galvantula
|
|upkeep
|
|t:|1757824772
|switch|p1a: Hatterene|Hatterene, F, shiny|100/100
|turn|18
|
|t:|1757824777
|move|p2a: Dragonite|Dragon Dance|p2a: Dragonite
|-boost|p2a: Dragonite|atk|1
|-boost|p2a: Dragonite|spe|1
|move|p1a: Hatterene|Draining Kiss|p2a: Dragonite
|-damage|p2a: Dragonite|84/100
|
|upkeep
|turn|19
|
|t:|1757824780
|move|p2a: Dragonite|Dragon Dance|p2a: Dragonite
|-boost|p2a: Dragonite|atk|1
|-boost|p2a: Dragonite|spe|1
|move|p1a: Hatterene|Nuzzle|p2a: Dragonite
|-damage|p2a: Dragonite|80/100
|-status|p2a: Dragonite|par
|
|upkeep
|turn|20
|
|t:|1757824784
|move|p2a: Dragonite|Dragon Dance|p2a: Dragonite
|-boost|p2a: Dragonite|atk|1
|-boost|p2a: Dragonite|spe|1
|move|p1a: Hatterene|Calm Mind|p1a: Hatterene
|-boost|p1a: Hatterene|spa|1
|-boost|p1a: Hatterene|spd|1
|
|upkeep
|turn|21
|
|t:|1757824788
|cant|p2a: Dragonite|par
|move|p1a: Hatterene|Draining Kiss|p2a: Dragonite
|-damage|p2a: Dragonite|31/100 par
|
|upkeep
|turn|22
|
|t:|1757824793
|move|p2a: Dragonite|Extreme Speed|p1a: Hatterene
|-damage|p1a: Hatterene|0 fnt
|faint|p1a: Hatterene
|
|upkeep
|
|t:|1757824796
|switch|p1a: Hydrapple|Hydrapple, M|100/100
|turn|23
|
|t:|1757824801
|move|p2a: Dragonite|Ice Spinner|p1a: Hydrapple
|-supereffective|p1a: Hydrapple
|-damage|p1a: Hydrapple|0 fnt
|faint|p1a: Hydrapple
|
|win|Cryochronology
|raw|Fekliope's rating: 1254 &rarr; <strong>1229</strong><br />(-25 for losing)
|raw|Cryochronology's rating: 1255 &rarr; <strong>1280</strong><br />(+25 for winning)
|l|☆Fekliope
|player|p1|
|l|☆Cryochronology
|player|p2|
