|j|☆SittinGamer
|j|☆hongbong
|t:|1757912194
|gametype|singles
|player|p1|SittinGamer|dawn-gen4pt|1498
|player|p2|hongbong|n|1469
|gen|9
|tier|[Gen 9] OU
|rated|
|rule|HP Percentage Mod: HP is shown in percentages
|rule|Endless Battle Clause: Forcing endless battles is banned
|rule|Species Clause: Limit one of each Pokémon
|rule|OHKO Clause: OHKO moves are banned
|rule|Evasion Items Clause: Evasion items are banned
|rule|Evasion Moves Clause: Evasion moves are banned
|rule|Evasion Abilities Clause: Evasion abilities are banned
|rule|Sleep Moves Clause: Sleep-inducing moves are banned
|clearpoke
|poke|p1|Infernape, F|
|poke|p1|Samurott-Hisui, M|
|poke|p1|Gholdengo|
|poke|p1|Hatterene, F|
|poke|p1|Great Tusk|
|poke|p1|Zamazenta-*|
|poke|p2|Blaziken, M|
|poke|p2|Tentacruel, F|
|poke|p2|Zoroark-Hisui, M|
|poke|p2|Lycanroc-Dusk, F|
|poke|p2|Ogerpon, F|
|poke|p2|Hoopa-Unbound|
|teampreview
|
|t:|1757912214
|teamsize|p1|6
|teamsize|p2|6
|start
|switch|p1a: Infernape|Infernape, F|100/100
|switch|p2a: Ogerpon|Ogerpon, F|100/100
|turn|1
|
|t:|1757912220
|switch|p2a: Tentacruel|Tentacruel, F|100/100
|move|p1a: Infernape|Stealth Rock|p2a: Tentacruel
|-sidestart|p2: hongbong|move: Stealth Rock
|
|upkeep
|turn|2
|inactive|Battle timer is ON: inactive players will automatically lose when time's up. (requested by hongbong)
|
|t:|1757912223
|switch|p1a: Gholdengo|Gholdengo|100/100
|move|p2a: Tentacruel|Rapid Spin|p1a: Gholdengo
|-immune|p1a: Gholdengo
|
|upkeep
|turn|3
|
|t:|1757912228
|move|p1a: Gholdengo|Trick|p2a: Tentacruel
|-activate|p1a: Gholdengo|move: Trick|[of] p2a: Tentacruel
|-item|p2a: Tentacruel|Choice Scarf|[from] move: Trick
|-item|p1a: Gholdengo|Assault Vest|[from] move: Trick
|move|p2a: Tentacruel|Surf|p1a: Gholdengo
|-damage|p1a: Gholdengo|80/100
|
|upkeep
|turn|4
|
|t:|1757912236
|move|p2a: Tentacruel|Surf|p1a: Gholdengo
|-damage|p1a: Gholdengo|59/100
|move|p1a: Gholdengo|Make It Rain|p2a: Tentacruel
|-resisted|p2a: Tentacruel
|-damage|p2a: Tentacruel|77/100
|-unboost|p1a: Gholdengo|spa|1
|
|upkeep
|turn|5
|
|t:|1757912240
|switch|p1a: Samurott|Samurott-Hisui, M|100/100
|move|p2a: Tentacruel|Surf|p1a: Samurott
|-resisted|p1a: Samurott
|-crit|p1a: Samurott
|-damage|p1a: Samurott|84/100
|
|upkeep
|turn|6
|
|t:|1757912243
|switch|p2a: Blaziken|Blaziken, M|100/100
|-damage|p2a: Blaziken|88/100|[from] Stealth Rock
|move|p1a: Samurott|Ceaseless Edge|p2a: Blaziken
|-resisted|p2a: Blaziken
|-damage|p2a: Blaziken|58/100
|-sidestart|p2: hongbong|Spikes
|
|upkeep
|turn|7
|
|t:|1757912256
|move|p2a: Blaziken|Endure|p2a: Blaziken
|-singleturn|p2a: Blaziken|move: Endure
|move|p1a: Samurott|Razor Shell|p2a: Blaziken
|-supereffective|p2a: Blaziken
|-crit|p2a: Blaziken
|-activate|p2a: Blaziken|move: Endure
|-damage|p2a: Blaziken|1/100
|-unboost|p2a: Blaziken|def|1
|-enditem|p2a: Blaziken|Liechi Berry|[eat]
|-boost|p2a: Blaziken|atk|1|[from] item: Liechi Berry
|
|-ability|p2a: Blaziken|Speed Boost|boost
|-boost|p2a: Blaziken|spe|1
|upkeep
|turn|8
|
|t:|1757912261
|move|p2a: Blaziken|Upper Hand|p1a: Samurott
|-supereffective|p1a: Samurott
|-damage|p1a: Samurott|0 fnt
|faint|p1a: Samurott
|
|-ability|p2a: Blaziken|Speed Boost|boost
|-boost|p2a: Blaziken|spe|1
|upkeep
|
|t:|1757912267
|switch|p1a: Great Tusk|Great Tusk|100/100
|-enditem|p1a: Great Tusk|Booster Energy
|-activate|p1a: Great Tusk|ability: Protosynthesis|[fromitem]
|-start|p1a: Great Tusk|protosynthesisatk
|turn|9
|
|t:|1757912270
|move|p2a: Blaziken|Reversal|p1a: Great Tusk
|-damage|p1a: Great Tusk|0 fnt
|faint|p1a: Great Tusk
|-end|p1a: Great Tusk|Protosynthesis|[silent]
|
|-ability|p2a: Blaziken|Speed Boost|boost
|-boost|p2a: Blaziken|spe|1
|upkeep
|
|t:|1757912273
|switch|p1a: Zamazenta|Zamazenta|100/100
|-ability|p1a: Zamazenta|Dauntless Shield|boost
|-boost|p1a: Zamazenta|def|1
|turn|10
|
|t:|1757912276
|-terastallize|p2a: Blaziken|Fighting
|move|p2a: Blaziken|Reversal|p1a: Zamazenta
|-damage|p1a: Zamazenta|0 fnt
|faint|p1a: Zamazenta
|
|-ability|p2a: Blaziken|Speed Boost|boost
|-boost|p2a: Blaziken|spe|1
|upkeep
|
|t:|1757912280
|switch|p1a: Infernape|Infernape, F|100/100
|turn|11
|
|t:|1757912283
|move|p2a: Blaziken|Endure|p2a: Blaziken
|-singleturn|p2a: Blaziken|move: Endure
|move|p1a: Infernape|Vacuum Wave|p2a: Blaziken
|-activate|p2a: Blaziken|move: Endure
|-damage|p2a: Blaziken|1/100
|
|-ability|p2a: Blaziken|Speed Boost|boost
|-boost|p2a: Blaziken|spe|1
|upkeep
|turn|12
|
|t:|1757912287
|move|p2a: Blaziken|Reversal|p1a: Infernape
|-crit|p1a: Infernape
|-enditem|p1a: Infernape|Focus Sash
|-damage|p1a: Infernape|1/100
|move|p1a: Infernape|Knock Off|p2a: Blaziken
|-resisted|p2a: Blaziken
|-damage|p2a: Blaziken|0 fnt
|faint|p2a: Blaziken
|
|upkeep
|
|t:|1757912290
|switch|p2a: Tentacruel|Tentacruel, F|77/100
|-damage|p2a: Tentacruel|65/100|[from] Stealth Rock
|-damage|p2a: Tentacruel|52/100|[from] Spikes
|turn|13
|
|t:|1757912295
|switch|p1a: Gholdengo|Gholdengo|59/100
|move|p2a: Tentacruel|Surf|p1a: Gholdengo
|-damage|p1a: Gholdengo|37/100
|
|upkeep
|turn|14
|
|t:|1757912300
|move|p2a: Tentacruel|Surf|p1a: Gholdengo
|-damage|p1a: Gholdengo|16/100
|move|p1a: Gholdengo|Shadow Ball|p2a: Tentacruel
|-damage|p2a: Tentacruel|20/100
|
|upkeep
|turn|15
|
|t:|1757912302
|move|p2a: Tentacruel|Surf|p1a: Gholdengo
|-damage|p1a: Gholdengo|0 fnt
|faint|p1a: Gholdengo
|
|upkeep
|
|t:|1757912304
|switch|p1a: Hatterene|Hatterene, F|100/100
|turn|16
|
|t:|1757912311
|move|p2a: Tentacruel|Surf|p1a: Hatterene
|-damage|p1a: Hatterene|83/100
|move|p1a: Hatterene|Psychic Noise|p2a: Tentacruel
|-supereffective|p2a: Tentacruel
|-damage|p2a: Tentacruel|0 fnt
|faint|p2a: Tentacruel
|
|upkeep
|
|t:|1757912314
|switch|p2a: Ogerpon|Ogerpon, F|100/100
|-damage|p2a: Ogerpon|88/100|[from] Stealth Rock
|-damage|p2a: Ogerpon|76/100|[from] Spikes
|turn|17
|
|t:|1757912316
|move|p2a: Ogerpon|Ivy Cudgel|p1a: Hatterene
|-damage|p1a: Hatterene|3/100
|move|p1a: Hatterene|Draining Kiss|p2a: Ogerpon
|-damage|p2a: Ogerpon|44/100
|-heal|p1a: Hatterene|26/100|[from] drain|[of] p2a: Ogerpon
|
|upkeep
|turn|18
|
|t:|1757912322
|move|p2a: Ogerpon|Ivy Cudgel|p1a: Hatterene
|-damage|p1a: Hatterene|0 fnt
|faint|p1a: Hatterene
|
|upkeep
|
|t:|1757912323
|switch|p1a: Infernape|Infernape, F|1/100
|turn|19
|
|t:|1757912325
|move|p1a: Infernape|Vacuum Wave|p2a: Ogerpon
|-damage|p2a: Ogerpon|23/100
|move|p2a: Ogerpon|Ivy Cudgel|p1a: Infernape
|-resisted|p1a: Infernape
|-damage|p1a: Infernape|0 fnt
|faint|p1a: Infernape
|
|win|hongbong
|raw|SittinGamer's rating: 1498 &rarr; <strong>1476</strong><br />(-22 for losing)
|raw|hongbong's rating: 1469 &rarr; <strong>1491</strong><br />(+22 for winning)
|l|☆SittinGamer
|player|p1|
|l|☆hongbong
|player|p2|
