|j|☆kshuaib734
|j|☆CopiumBathTub
|t:|1757856485
|gametype|singles
|player|p1|kshuaib734|steven|1599
|player|p2|CopiumBathTub|psychic-gen4|1650
|gen|9
|tier|[Gen 9] OU
|rated|
|rule|HP Percentage Mod: HP is shown in percentages
|rule|Endless Battle Clause: Forcing endless battles is banned
|rule|Species Clause: Limit one of each Pokémon
|rule|OHKO Clause: OHKO moves are banned
|rule|Evasion Items Clause: Evasion items are banned
|rule|Evasion Moves Clause: Evasion moves are banned
|rule|Evasion Abilities Clause: Evasion abilities are banned
|rule|Sleep Moves Clause: Sleep-inducing moves are banned
|clearpoke
|poke|p1|Tyranitar, F|
|poke|p1|Overqwil, F|
|poke|p1|Pelipper, M|
|poke|p1|Quaquaval, M|
|poke|p1|Kingdra, F|
|poke|p1|Excadrill, F|
|poke|p2|Meowscarada, M|
|poke|p2|Gholdengo|
|poke|p2|Scizor, M|
|poke|p2|Ting-Lu|
|poke|p2|Kyurem|
|poke|p2|Great Tusk|
|teampreview
|inactive|Battle timer is ON: inactive players will automatically lose when time's up. (requested by kshuaib734)
|j| upuntil
|
|t:|1757856502
|teamsize|p1|6
|teamsize|p2|6
|start
|switch|p1a: King Tyrant|Tyranitar, F|100/100
|switch|p2a: Meowscarada|Meowscarada, M|100/100
|-weather|Sandstorm|[from] ability: Sand Stream|[of] p1a: King Tyrant
|turn|1
|
|t:|1757856511
|move|p2a: Meowscarada|Toxic Spikes|p1a: King Tyrant
|-start|p2a: Meowscarada|typechange|Poison|[from] ability: Protean
|-sidestart|p1: kshuaib734|move: Toxic Spikes
|move|p1a: King Tyrant|Ice Beam|p2a: Meowscarada
|-damage|p2a: Meowscarada|63/100
|
|-weather|Sandstorm|[upkeep]
|-damage|p2a: Meowscarada|56/100|[from] Sandstorm
|upkeep
|turn|2
|
|t:|1757856528
|switch|p2a: Ting-Lu|Ting-Lu|100/100
|-ability|p2a: Ting-Lu|Vessel of Ruin
|move|p1a: King Tyrant|Stealth Rock|p2a: Ting-Lu
|-sidestart|p2: CopiumBathTub|move: Stealth Rock
|
|-weather|Sandstorm|[upkeep]
|upkeep
|turn|3
|
|t:|1757856534
|move|p1a: King Tyrant|Knock Off|p2a: Ting-Lu
|-resisted|p2a: Ting-Lu
|-damage|p2a: Ting-Lu|89/100
|-enditem|p2a: Ting-Lu|Leftovers|[from] move: Knock Off|[of] p1a: King Tyrant
|move|p2a: Ting-Lu|Ruination|p1a: King Tyrant
|-damage|p1a: King Tyrant|50/100
|
|-weather|Sandstorm|[upkeep]
|upkeep
|turn|4
|
|t:|1757856543
|switch|p1a: Tyrant's Downpour|Pelipper, M|100/100
|-weather|RainDance|[from] ability: Drizzle|[of] p1a: Tyrant's Downpour
|move|p2a: Ting-Lu|Spikes|p1a: Tyrant's Downpour
|-sidestart|p1: kshuaib734|Spikes
|
|-weather|RainDance|[upkeep]
|upkeep
|turn|5
|
|t:|1757856550
|move|p2a: Ting-Lu|Ruination|p1a: Tyrant's Downpour
|-damage|p1a: Tyrant's Downpour|50/100
|move|p1a: Tyrant's Downpour|Weather Ball|p2a: Ting-Lu
|-supereffective|p2a: Ting-Lu
|-damage|p2a: Ting-Lu|50/100
|
|-weather|RainDance|[upkeep]
|upkeep
|turn|6
|
|t:|1757856559
|move|p2a: Ting-Lu|Spikes|p1a: Tyrant's Downpour
|-sidestart|p1: kshuaib734|Spikes
|move|p1a: Tyrant's Downpour|Weather Ball|p2a: Ting-Lu
|-supereffective|p2a: Ting-Lu
|-damage|p2a: Ting-Lu|5/100
|
|-weather|RainDance|[upkeep]
|upkeep
|turn|7
|
|t:|1757856565
|move|p2a: Ting-Lu|Spikes|p1a: Tyrant's Downpour
|-sidestart|p1: kshuaib734|Spikes
|move|p1a: Tyrant's Downpour|U-turn|p2a: Ting-Lu
|-supereffective|p2a: Ting-Lu
|-damage|p2a: Ting-Lu|0 fnt
|faint|p2a: Ting-Lu
|
|t:|1757856572
|switch|p1a: Tyrant's Enforcer|Overqwil, F|100/100|[from] U-turn
|-sideend|p1: kshuaib734|move: Toxic Spikes|[of] p1a: Tyrant's Enforcer
|-damage|p1a: Tyrant's Enforcer|75/100|[from] Spikes
|
|-weather|RainDance|[upkeep]
|upkeep
|
|t:|1757856578
|switch|p2a: Scizor|Scizor, M|100/100
|-damage|p2a: Scizor|88/100|[from] Stealth Rock
|turn|8
|
|t:|1757856584
|move|p1a: Tyrant's Enforcer|Spikes|p2a: Scizor
|-sidestart|p2: CopiumBathTub|Spikes
|move|p2a: Scizor|U-turn|p1a: Tyrant's Enforcer
|-damage|p1a: Tyrant's Enforcer|3/100
|-damage|p2a: Scizor|72/100|[from] item: Rocky Helmet|[of] p1a: Tyrant's Enforcer
|
|t:|1757856588
|switch|p2a: Great Tusk|Great Tusk|100/100|[from] U-turn
|-damage|p2a: Great Tusk|98/100|[from] Stealth Rock
|-damage|p2a: Great Tusk|85/100|[from] Spikes
|
|-weather|RainDance|[upkeep]
|-heal|p2a: Great Tusk|91/100|[from] item: Leftovers
|upkeep
|turn|9
|
|t:|1757856604
|move|p1a: Tyrant's Enforcer|Self-Destruct|p2a: Great Tusk
|-crit|p2a: Great Tusk
|-damage|p2a: Great Tusk|17/100
|faint|p1a: Tyrant's Enforcer
|move|p2a: Great Tusk|Rapid Spin|p1: Tyrant's Enforcer|[notarget]
|-fail|p2a: Great Tusk
|
|-weather|RainDance|[upkeep]
|-heal|p2a: Great Tusk|23/100|[from] item: Leftovers
|upkeep
|
|t:|1757856615
|switch|p1a: Tyrant's Vengeance|Kingdra, F|100/100
|-damage|p1a: Tyrant's Vengeance|75/100|[from] Spikes
|turn|10
|
|t:|1757856619
|-end|p2a: Great Tusk|Protosynthesis|[silent]
|switch|p2a: Meowscarada|Meowscarada, M|56/100
|-damage|p2a: Meowscarada|44/100|[from] Stealth Rock
|-damage|p2a: Meowscarada|32/100|[from] Spikes
|move|p1a: Tyrant's Vengeance|Weather Ball|p2a: Meowscarada
|-resisted|p2a: Meowscarada
|-damage|p2a: Meowscarada|0 fnt
|faint|p2a: Meowscarada
|
|-weather|RainDance|[upkeep]
|upkeep
|
|t:|1757856622
|switch|p2a: Kyurem|Kyurem|100/100
|-damage|p2a: Kyurem|75/100|[from] Stealth Rock
|-damage|p2a: Kyurem|63/100|[from] Spikes
|-ability|p2a: Kyurem|Pressure
|turn|11
|
|t:|1757856634
|move|p2a: Kyurem|Protect|p2a: Kyurem
|-singleturn|p2a: Kyurem|Protect
|move|p1a: Tyrant's Vengeance|Weather Ball|p2a: Kyurem
|-activate|p2a: Kyurem|move: Protect
|
|-weather|none
|-heal|p2a: Kyurem|69/100|[from] item: Leftovers
|upkeep
|turn|12
|
|t:|1757856642
|switch|p1a: King Tyrant|Tyranitar, F|50/100
|-damage|p1a: King Tyrant|25/100|[from] Spikes
|-weather|Sandstorm|[from] ability: Sand Stream|[of] p1a: King Tyrant
|move|p2a: Kyurem|Substitute|p2a: Kyurem
|-start|p2a: Kyurem|Substitute
|-damage|p2a: Kyurem|44/100
|
|-weather|Sandstorm|[upkeep]
|-damage|p2a: Kyurem|38/100|[from] Sandstorm
|-heal|p2a: Kyurem|44/100|[from] item: Leftovers
|upkeep
|turn|13
|
|t:|1757856653
|move|p2a: Kyurem|Protect|p2a: Kyurem
|-singleturn|p2a: Kyurem|Protect
|move|p1a: King Tyrant|Knock Off|p2a: Kyurem
|-activate|p2a: Kyurem|move: Protect
|
|-weather|Sandstorm|[upkeep]
|-damage|p2a: Kyurem|38/100|[from] Sandstorm
|-heal|p2a: Kyurem|44/100|[from] item: Leftovers
|upkeep
|turn|14
|
|t:|1757856664
|move|p2a: Kyurem|Earth Power|p1a: King Tyrant
|-supereffective|p1a: King Tyrant
|-damage|p1a: King Tyrant|0 fnt
|faint|p1a: King Tyrant
|
|-weather|Sandstorm|[upkeep]
|-damage|p2a: Kyurem|38/100|[from] Sandstorm
|-heal|p2a: Kyurem|44/100|[from] item: Leftovers
|upkeep
|
|t:|1757856672
|switch|p1a: Tyrant's Legacy|Excadrill, F|100/100
|-damage|p1a: Tyrant's Legacy|76/100|[from] Spikes
|turn|15
|
|t:|1757856682
|move|p2a: Kyurem|Protect|p2a: Kyurem
|-singleturn|p2a: Kyurem|Protect
|move|p1a: Tyrant's Legacy|Rapid Spin|p2a: Kyurem
|-activate|p2a: Kyurem|move: Protect
|
|-weather|Sandstorm|[upkeep]
|-damage|p2a: Kyurem|38/100|[from] Sandstorm
|-heal|p2a: Kyurem|44/100|[from] item: Leftovers
|upkeep
|turn|16
|
|t:|1757856692
|move|p1a: Tyrant's Legacy|Rapid Spin|p2a: Kyurem
|-end|p2a: Kyurem|Substitute
|-sideend|p1: kshuaib734|Spikes|[from] move: Rapid Spin|[of] p1a: Tyrant's Legacy
|-boost|p1a: Tyrant's Legacy|spe|1
|-damage|p1a: Tyrant's Legacy|66/100|[from] item: Life Orb
|move|p2a: Kyurem|Earth Power|p1a: Tyrant's Legacy
|-supereffective|p1a: Tyrant's Legacy
|-damage|p1a: Tyrant's Legacy|0 fnt
|faint|p1a: Tyrant's Legacy
|
|-weather|none
|-heal|p2a: Kyurem|50/100|[from] item: Leftovers
|upkeep
|
|t:|1757856704
|switch|p1a: Tyrant's Downpour|Pelipper, M|50/100
|-weather|RainDance|[from] ability: Drizzle|[of] p1a: Tyrant's Downpour
|turn|17
|
|t:|1757856708
|move|p2a: Kyurem|Protect|p2a: Kyurem
|-singleturn|p2a: Kyurem|Protect
|move|p1a: Tyrant's Downpour|Hurricane|p2a: Kyurem
|-activate|p2a: Kyurem|move: Protect
|
|-weather|RainDance|[upkeep]
|-heal|p2a: Kyurem|57/100|[from] item: Leftovers
|upkeep
|turn|18
|
|t:|1757856715
|move|p2a: Kyurem|Substitute|p2a: Kyurem
|-start|p2a: Kyurem|Substitute
|-damage|p2a: Kyurem|32/100
|move|p1a: Tyrant's Downpour|Hurricane|p2a: Kyurem
|-crit|p2a: Kyurem
|-end|p2a: Kyurem|Substitute
|
|-weather|RainDance|[upkeep]
|-heal|p2a: Kyurem|38/100|[from] item: Leftovers
|upkeep
|turn|19
|
|t:|1757856724
|move|p2a: Kyurem|Protect|p2a: Kyurem
|-singleturn|p2a: Kyurem|Protect
|move|p1a: Tyrant's Downpour|Hurricane|p2a: Kyurem
|-activate|p2a: Kyurem|move: Protect
|
|-weather|RainDance|[upkeep]
|-heal|p2a: Kyurem|44/100|[from] item: Leftovers
|upkeep
|turn|20
|
|t:|1757856731
|move|p2a: Kyurem|Freeze-Dry|p1a: Tyrant's Downpour
|-supereffective|p1a: Tyrant's Downpour
|-damage|p1a: Tyrant's Downpour|0 fnt
|faint|p1a: Tyrant's Downpour
|
|-weather|RainDance|[upkeep]
|-heal|p2a: Kyurem|50/100|[from] item: Leftovers
|upkeep
|
|t:|1757856738
|switch|p1a: Tyrant's Vengeance|Kingdra, F|75/100
|turn|21
|
|t:|1757856745
|move|p2a: Kyurem|Protect|p2a: Kyurem
|-singleturn|p2a: Kyurem|Protect
|move|p1a: Tyrant's Vengeance|Weather Ball|p2a: Kyurem
|-activate|p2a: Kyurem|move: Protect
|
|-weather|RainDance|[upkeep]
|-heal|p2a: Kyurem|56/100|[from] item: Leftovers
|upkeep
|turn|22
|
|t:|1757856754
|switch|p2a: Great Tusk|Great Tusk|23/100
|-damage|p2a: Great Tusk|20/100|[from] Stealth Rock
|-damage|p2a: Great Tusk|8/100|[from] Spikes
|-terastallize|p1a: Tyrant's Vengeance|Water
|move|p1a: Tyrant's Vengeance|Weather Ball|p2a: Great Tusk
|-supereffective|p2a: Great Tusk
|-damage|p2a: Great Tusk|0 fnt
|faint|p2a: Great Tusk
|-end|p2a: Great Tusk|Protosynthesis|[silent]
|
|-weather|RainDance|[upkeep]
|upkeep
|
|t:|1757856760
|switch|p2a: Scizor|Scizor, M|72/100
|-damage|p2a: Scizor|60/100|[from] Stealth Rock
|-damage|p2a: Scizor|47/100|[from] Spikes
|turn|23
|
|t:|1757856768
|move|p2a: Scizor|Bullet Punch|p1a: Tyrant's Vengeance
|-resisted|p1a: Tyrant's Vengeance
|-damage|p1a: Tyrant's Vengeance|44/100
|move|p1a: Tyrant's Vengeance|Weather Ball|p2a: Scizor
|-damage|p2a: Scizor|0 fnt
|faint|p2a: Scizor
|
|-weather|RainDance|[upkeep]
|upkeep
|
|t:|1757856771
|switch|p2a: Kyurem|Kyurem|56/100
|-damage|p2a: Kyurem|31/100|[from] Stealth Rock
|-damage|p2a: Kyurem|19/100|[from] Spikes
|-ability|p2a: Kyurem|Pressure
|turn|24
|
|t:|1757856781
|move|p2a: Kyurem|Protect|p2a: Kyurem
|-singleturn|p2a: Kyurem|Protect
|move|p1a: Tyrant's Vengeance|Weather Ball|p2a: Kyurem
|-activate|p2a: Kyurem|move: Protect
|
|-weather|none
|-heal|p2a: Kyurem|25/100|[from] item: Leftovers
|upkeep
|turn|25
|
|t:|1757856788
|move|p2a: Kyurem|Freeze-Dry|p1a: Tyrant's Vengeance
|-supereffective|p1a: Tyrant's Vengeance
|-damage|p1a: Tyrant's Vengeance|0 fnt
|faint|p1a: Tyrant's Vengeance
|
|-heal|p2a: Kyurem|31/100|[from] item: Leftovers
|upkeep
|
|t:|1757856794
|switch|p1a: Tyrant's Endgame|Quaquaval, M|100/100
|turn|26
|
|t:|1757856797
|move|p2a: Kyurem|Protect|p2a: Kyurem
|-singleturn|p2a: Kyurem|Protect
|move|p1a: Tyrant's Endgame|Aqua Step|p2a: Kyurem
|-activate|p2a: Kyurem|move: Protect
|
|-heal|p2a: Kyurem|38/100|[from] item: Leftovers
|upkeep
|turn|27
|
|t:|1757856804
|move|p2a: Kyurem|Freeze-Dry|p1a: Tyrant's Endgame
|-supereffective|p1a: Tyrant's Endgame
|-damage|p1a: Tyrant's Endgame|8/100
|move|p1a: Tyrant's Endgame|Aqua Step|p2a: Kyurem
|-resisted|p2a: Kyurem
|-damage|p2a: Kyurem|12/100
|-boost|p1a: Tyrant's Endgame|spe|1
|-damage|p1a: Tyrant's Endgame|0 fnt|[from] item: Life Orb
|faint|p1a: Tyrant's Endgame
|
|win|CopiumBathTub
|raw|kshuaib734's rating: 1599 &rarr; <strong>1581</strong><br />(-18 for losing)
|raw|CopiumBathTub's rating: 1627 &rarr; <strong>1645</strong><br />(+18 for winning)
|l|☆CopiumBathTub
|player|p2|
|l|☆kshuaib734
|player|p1|
