|j|☆Polgo
|j|‽klaris
|t:|1757860294
|gametype|singles
|player|p1|Polgo|swimmer-gen4|1081
|player|p2|klaris|veteranf|1122
|gen|9
|tier|[Gen 9] OU
|rated|
|rule|HP Percentage Mod: HP is shown in percentages
|rule|Endless Battle Clause: Forcing endless battles is banned
|rule|Species Clause: Limit one of each Pokémon
|rule|OHKO Clause: OHKO moves are banned
|rule|Evasion Items Clause: Evasion items are banned
|rule|Evasion Moves Clause: Evasion moves are banned
|rule|Evasion Abilities Clause: Evasion abilities are banned
|rule|Sleep Moves Clause: Sleep-inducing moves are banned
|clearpoke
|poke|p1|Krookodile, F|
|poke|p1|Ariados, F|
|poke|p1|Scrafty, F|
|poke|p1|Drifblim, M|
|poke|p1|Dewgong, F|
|poke|p2|Torkoal, M|
|poke|p2|Charizard, F|
|poke|p2|Great Tusk|
|poke|p2|Walking Wake|
|poke|p2|Farigiraf, M|
|poke|p2|Venusaur, M|
|teampreview
|
|t:|1757860302
|teamsize|p1|5
|teamsize|p2|6
|start
|switch|p1a: Krookodile|Krookodile, F|100/100
|switch|p2a: Farigiraf|Farigiraf, M|100/100
|turn|1
|
|t:|1757860312
|move|p1a: Krookodile|Taunt|p2a: Farigiraf
|-start|p2a: Farigiraf|move: Taunt
|cant|p2a: Farigiraf|move: Taunt|Trick Room
|
|upkeep
|turn|2
|
|t:|1757860324
|switch|p2a: Torkoal|Torkoal, M|100/100
|-weather|SunnyDay|[from] ability: Drought|[of] p2a: Torkoal
|move|p1a: Krookodile|Knock Off|p2a: Torkoal
|-crit|p2a: Torkoal
|-damage|p2a: Torkoal|51/100
|-enditem|p2a: Torkoal|Heat Rock|[from] move: Knock Off|[of] p1a: Krookodile
|
|-weather|SunnyDay|[upkeep]
|upkeep
|turn|3
|
|t:|1757860331
|switch|p2a: Charizard|Charizard, F, shiny|100/100
|move|p1a: Krookodile|Earthquake|p2a: Charizard
|-immune|p2a: Charizard
|
|-weather|SunnyDay|[upkeep]
|-damage|p2a: Charizard|88/100|[from] ability: Solar Power|[of] p2a: Charizard
|upkeep
|turn|4
|
|t:|1757860341
|switch|p1a: Dewgong|Dewgong, F, shiny|100/100
|move|p2a: Charizard|Flamethrower|p1a: Dewgong
|-damage|p1a: Dewgong|70/100
|
|-weather|SunnyDay|[upkeep]
|-damage|p2a: Charizard|76/100|[from] ability: Solar Power|[of] p2a: Charizard
|-heal|p1a: Dewgong|76/100|[from] item: Leftovers
|upkeep
|turn|5
|
|t:|1757860369
|switch|p2a: Venusaur|Venusaur, M, shiny|100/100
|move|p1a: Dewgong|Fake Out|p2a: Venusaur
|-damage|p2a: Venusaur|93/100
|
|-weather|SunnyDay|[upkeep]
|-heal|p1a: Dewgong|83/100|[from] item: Leftovers
|upkeep
|turn|6
|
|t:|1757860377
|move|p2a: Venusaur|Solar Beam||[still]
|-prepare|p2a: Venusaur|Solar Beam
|-anim|p2a: Venusaur|Solar Beam|p1a: Dewgong
|-supereffective|p1a: Dewgong
|-damage|p1a: Dewgong|0 fnt
|faint|p1a: Dewgong
|-damage|p2a: Venusaur|83/100|[from] item: Life Orb
|
|-weather|SunnyDay|[upkeep]
|upkeep
|
|t:|1757860384
|switch|p1a: Drifblim|Drifblim, M, shiny|100/100
|turn|7
|
|t:|1757860400
|move|p2a: Venusaur|Weather Ball|p1a: Drifblim
|-crit|p1a: Drifblim
|-damage|p1a: Drifblim|0 fnt
|faint|p1a: Drifblim
|-damage|p2a: Venusaur|73/100|[from] item: Life Orb
|
|-weather|SunnyDay|[upkeep]
|upkeep
|inactive|Battle timer is ON: inactive players will automatically lose when time's up. (requested by klaris)
|
|t:|1757860407
|switch|p1a: Ariados|Ariados, F|100/100
|turn|8
|
|t:|1757860417
|move|p2a: Venusaur|Weather Ball|p1a: Ariados
|-supereffective|p1a: Ariados
|-enditem|p1a: Ariados|Focus Sash
|-damage|p1a: Ariados|1/100
|-damage|p2a: Venusaur|63/100|[from] item: Life Orb
|move|p1a: Ariados|Megahorn|p2a: Venusaur
|-damage|p2a: Venusaur|0 fnt
|faint|p2a: Venusaur
|
|-weather|SunnyDay|[upkeep]
|upkeep
|
|t:|1757860422
|switch|p2a: Charizard|Charizard, F, shiny|76/100
|turn|9
|
|t:|1757860426
|move|p2a: Charizard|Flamethrower|p1a: Ariados
|-supereffective|p1a: Ariados
|-damage|p1a: Ariados|0 fnt
|faint|p1a: Ariados
|
|-weather|none
|upkeep
|
|t:|1757860433
|switch|p1a: Scrafty|Scrafty, F, shiny|100/100
|turn|10
|
|t:|1757860454
|move|p2a: Charizard|Flamethrower|p1a: Scrafty
|-damage|p1a: Scrafty|71/100
|move|p1a: Scrafty|Bulk Up|p1a: Scrafty
|-boost|p1a: Scrafty|atk|1
|-boost|p1a: Scrafty|def|1
|
|-heal|p1a: Scrafty|77/100|[from] item: Leftovers
|upkeep
|turn|11
|
|t:|1757860464
|move|p2a: Charizard|Hurricane|p1a: Scrafty
|-supereffective|p1a: Scrafty
|-damage|p1a: Scrafty|6/100
|move|p1a: Scrafty|Payback|p2a: Charizard
|-damage|p2a: Charizard|12/100
|
|-heal|p1a: Scrafty|12/100|[from] item: Leftovers
|upkeep
|turn|12
|
|t:|1757860472
|move|p2a: Charizard|Scorching Sands|p1a: Scrafty
|-damage|p1a: Scrafty|0 fnt
|faint|p1a: Scrafty
|
|upkeep
|
|t:|1757860475
|switch|p1a: Krookodile|Krookodile, F|100/100
|turn|13
|
|t:|1757860479
|move|p2a: Charizard|Will-O-Wisp|p1a: Krookodile
|-status|p1a: Krookodile|brn
|move|p1a: Krookodile|Knock Off|p2a: Charizard
|-damage|p2a: Charizard|0 fnt
|-enditem|p2a: Charizard|Heavy-Duty Boots|[from] move: Knock Off|[of] p1a: Krookodile
|faint|p2a: Charizard
|-ability|p1a: Krookodile|Moxie|boost
|-boost|p1a: Krookodile|atk|1
|
|-damage|p1a: Krookodile|94/100 brn|[from] brn
|upkeep
|
|t:|1757860484
|switch|p2a: Walking Wake|Walking Wake|100/100
|turn|14
|
|t:|1757860489
|-terastallize|p2a: Walking Wake|Water
|move|p2a: Walking Wake|Hydro Steam|p1a: Krookodile
|-supereffective|p1a: Krookodile
|-damage|p1a: Krookodile|0 fnt
|faint|p1a: Krookodile
|
|win|klaris
|raw|Polgo's rating: 1081 &rarr; <strong>1061</strong><br />(-20 for losing)
|raw|klaris's rating: 1122 &rarr; <strong>1144</strong><br />(+22 for winning)
|l|☆Polgo
|player|p1|
|l|‽klaris
|player|p2|
