|badge|p1|bronze|gen9doublesou|100-6
|uhtml|medal-msg|<div class="broadcast-blue">Curious what those medals under the avatar are? PS now has Ladder Seasons! For more information, check out the <a href="https://www.smogon.com/forums/threads/3740067/">thread on Smogon.</a></div>
|j|☆DaevEVtest
|j|☆zinc182000
|t:|1757788471
|gametype|singles
|player|p1|DaevEVtest|drayden|1516
|player|p2|zinc182000|1|1536
|gen|9
|tier|[Gen 9] OU
|rated|
|rule|HP Percentage Mod: HP is shown in percentages
|rule|Endless Battle Clause: Forcing endless battles is banned
|rule|Species Clause: Limit one of each Pokémon
|rule|OHKO Clause: OHKO moves are banned
|rule|Evasion Items Clause: Evasion items are banned
|rule|Evasion Moves Clause: Evasion moves are banned
|rule|Evasion Abilities Clause: Evasion abilities are banned
|rule|Sleep Moves Clause: Sleep-inducing moves are banned
|clearpoke
|poke|p1|Corviknight, M|
|poke|p1|Moltres-Galar|
|poke|p1|Great Tusk|
|poke|p1|Chandelure, F|
|poke|p1|Samurott-Hisui, M|
|poke|p1|Toxapex, F|
|poke|p2|Landorus-Therian, M|
|poke|p2|Samurott-Hisui, F|
|poke|p2|Pecharunt|
|poke|p2|Scizor, F|
|poke|p2|Latios, M|
|poke|p2|Zamazenta-*|
|teampreview
|inactive|Battle timer is ON: inactive players will automatically lose when time's up. (requested by zinc182000)
|
|t:|1757788475
|teamsize|p1|6
|teamsize|p2|6
|start
|switch|p1a: Toxapex|Toxapex, F, shiny|100/100
|switch|p2a: Landorus|Landorus-Therian, M|100/100
|-ability|p2a: Landorus|Intimidate|boost
|-unboost|p1a: Toxapex|atk|1
|turn|1
|
|t:|1757788478
|move|p2a: Landorus|Stealth Rock|p1a: Toxapex
|-sidestart|p1: DaevEVtest|move: Stealth Rock
|move|p1a: Toxapex|Infestation|p2a: Landorus
|-resisted|p2a: Landorus
|-damage|p2a: Landorus|99/100
|-activate|p2a: Landorus|move: Infestation|[of] p1a: Toxapex
|-damage|p1a: Toxapex|84/100|[from] item: Rocky Helmet|[of] p2a: Landorus
|
|-heal|p1a: Toxapex|90/100|[from] item: Black Sludge
|-damage|p2a: Landorus|87/100|[from] move: Infestation|[partiallytrapped]
|upkeep
|turn|2
|
|t:|1757788481
|move|p1a: Toxapex|Baneful Bunker|p1a: Toxapex
|-singleturn|p1a: Toxapex|move: Protect
|move|p2a: Landorus|Earthquake|p1a: Toxapex
|-activate|p1a: Toxapex|move: Protect
|
|-heal|p1a: Toxapex|97/100|[from] item: Black Sludge
|-damage|p2a: Landorus|75/100|[from] move: Infestation|[partiallytrapped]
|upkeep
|turn|3
|
|t:|1757788484
|move|p2a: Landorus|Earthquake|p1a: Toxapex
|-supereffective|p1a: Toxapex
|-damage|p1a: Toxapex|18/100
|move|p1a: Toxapex|Toxic Spikes|p2a: Landorus
|-sidestart|p2: zinc182000|move: Toxic Spikes
|
|-heal|p1a: Toxapex|24/100|[from] item: Black Sludge
|-damage|p2a: Landorus|62/100|[from] move: Infestation|[partiallytrapped]
|upkeep
|turn|4
|
|t:|1757788489
|move|p1a: Toxapex|Baneful Bunker|p1a: Toxapex
|-singleturn|p1a: Toxapex|move: Protect
|move|p2a: Landorus|Earthquake|p1a: Toxapex
|-activate|p1a: Toxapex|move: Protect
|
|-heal|p1a: Toxapex|30/100|[from] item: Black Sludge
|-damage|p2a: Landorus|50/100|[from] move: Infestation|[partiallytrapped]
|upkeep
|turn|5
|
|t:|1757788492
|switch|p1a: Corviknight|Corviknight, M, shiny|100/100
|-damage|p1a: Corviknight|88/100|[from] Stealth Rock
|-ability|p1a: Corviknight|Pressure
|move|p2a: Landorus|U-turn|p1a: Corviknight
|-resisted|p1a: Corviknight
|-damage|p1a: Corviknight|85/100
|-damage|p2a: Landorus|33/100|[from] item: Rocky Helmet|[of] p1a: Corviknight
|
|t:|1757788495
|switch|p2a: Pecharunt|Pecharunt|100/100|[from] U-turn
|-sideend|p2: zinc182000|move: Toxic Spikes|[of] p2a: Pecharunt
|
|upkeep
|turn|6
|
|t:|1757788497
|move|p2a: Pecharunt|Parting Shot|p1a: Corviknight
|-unboost|p1a: Corviknight|atk|1
|-unboost|p1a: Corviknight|spa|1
|
|t:|1757788499
|switch|p2a: Samurott|Samurott-Hisui, F|100/100|[from] Parting Shot
|move|p1a: Corviknight|Defog|p2a: Samurott
|-unboost|p2a: Samurott|evasion|1
|-sideend|p1: DaevEVtest|Stealth Rock|[from] move: Defog|[of] p1a: Corviknight
|
|upkeep
|turn|7
|
|t:|1757788502
|move|p2a: Samurott|Ceaseless Edge|p1a: Corviknight
|-crit|p1a: Corviknight
|-damage|p1a: Corviknight|41/100
|-damage|p2a: Samurott|84/100|[from] item: Rocky Helmet|[of] p1a: Corviknight
|-sidestart|p1: DaevEVtest|Spikes
|move|p1a: Corviknight|Body Press|p2a: Samurott
|-supereffective|p2a: Samurott
|-damage|p2a: Samurott|22/100
|
|upkeep
|turn|8
|
|t:|1757788511
|move|p2a: Samurott|Knock Off|p1a: Corviknight
|-damage|p1a: Corviknight|13/100
|-damage|p2a: Samurott|6/100|[from] item: Rocky Helmet|[of] p1a: Corviknight
|-enditem|p1a: Corviknight|Rocky Helmet|[from] move: Knock Off|[of] p2a: Samurott
|move|p1a: Corviknight|Roost|p1a: Corviknight
|-heal|p1a: Corviknight|63/100
|-singleturn|p1a: Corviknight|move: Roost
|
|upkeep
|turn|9
|
|t:|1757788519
|switch|p2a: Pecharunt|Pecharunt|100/100
|move|p1a: Corviknight|Defog|p2a: Pecharunt
|-unboost|p2a: Pecharunt|evasion|1
|-sideend|p1: DaevEVtest|Spikes|[from] move: Defog|[of] p1a: Corviknight
|
|upkeep
|turn|10
|
|t:|1757788526
|switch|p1a: Great Tusk|Great Tusk|100/100
|move|p2a: Pecharunt|Shadow Ball|p1a: Great Tusk
|-damage|p1a: Great Tusk|65/100
|
|upkeep
|turn|11
|
|t:|1757788529
|move|p1a: Great Tusk|Ice Spinner|p2a: Pecharunt
|-damage|p2a: Pecharunt|84/100
|move|p2a: Pecharunt|Parting Shot|p1a: Great Tusk
|-unboost|p1a: Great Tusk|atk|1
|-unboost|p1a: Great Tusk|spa|1
|
|t:|1757788534
|switch|p2a: Latios|Latios, M|100/100|[from] Parting Shot
|
|upkeep
|turn|12
|
|t:|1757788538
|-end|p1a: Great Tusk|Protosynthesis|[silent]
|switch|p1a: Samurott|Samurott-Hisui, M, shiny|100/100
|move|p2a: Latios|Draco Meteor|p1a: Samurott
|-damage|p1a: Samurott|0 fnt
|-unboost|p2a: Latios|spa|2
|faint|p1a: Samurott
|
|upkeep
|
|t:|1757788544
|switch|p1a: Toxapex|Toxapex, F, shiny|63/100
|turn|13
|
|t:|1757788551
|switch|p2a: Landorus|Landorus-Therian, M|33/100
|-ability|p2a: Landorus|Intimidate|boost
|-unboost|p1a: Toxapex|atk|1
|move|p1a: Toxapex|Infestation|p2a: Landorus
|-resisted|p2a: Landorus
|-damage|p2a: Landorus|32/100
|-activate|p2a: Landorus|move: Infestation|[of] p1a: Toxapex
|-damage|p1a: Toxapex|47/100|[from] item: Rocky Helmet|[of] p2a: Landorus
|
|-heal|p1a: Toxapex|53/100|[from] item: Black Sludge
|-damage|p2a: Landorus|20/100|[from] move: Infestation|[partiallytrapped]
|upkeep
|turn|14
|
|t:|1757788561
|move|p2a: Landorus|Stealth Rock|p1a: Toxapex
|-sidestart|p1: DaevEVtest|move: Stealth Rock
|move|p1a: Toxapex|Toxic Spikes|p2a: Landorus
|-sidestart|p2: zinc182000|move: Toxic Spikes
|
|-heal|p1a: Toxapex|59/100|[from] item: Black Sludge
|-damage|p2a: Landorus|7/100|[from] move: Infestation|[partiallytrapped]
|upkeep
|turn|15
|
|t:|1757788564
|move|p1a: Toxapex|Baneful Bunker|p1a: Toxapex
|-singleturn|p1a: Toxapex|move: Protect
|move|p2a: Landorus|Earthquake|p1a: Toxapex
|-activate|p1a: Toxapex|move: Protect
|
|-heal|p1a: Toxapex|66/100|[from] item: Black Sludge
|-damage|p2a: Landorus|0 fnt|[from] move: Infestation|[partiallytrapped]
|faint|p2a: Landorus
|upkeep
|
|t:|1757788566
|switch|p2a: Pecharunt|Pecharunt|84/100
|-sideend|p2: zinc182000|move: Toxic Spikes|[of] p2a: Pecharunt
|turn|16
|
|t:|1757788574
|move|p2a: Pecharunt|Shadow Ball|p1a: Toxapex
|-damage|p1a: Toxapex|50/100
|move|p1a: Toxapex|Infestation|p2a: Pecharunt
|-resisted|p2a: Pecharunt
|-damage|p2a: Pecharunt|84/100
|-activate|p2a: Pecharunt|move: Infestation|[of] p1a: Toxapex
|
|-heal|p1a: Toxapex|57/100|[from] item: Black Sludge
|-damage|p2a: Pecharunt|71/100|[from] move: Infestation|[partiallytrapped]
|upkeep
|turn|17
|
|t:|1757788578
|move|p1a: Toxapex|Baneful Bunker|p1a: Toxapex
|-singleturn|p1a: Toxapex|move: Protect
|move|p2a: Pecharunt|Parting Shot|p1a: Toxapex
|-activate|p1a: Toxapex|move: Protect
|
|-heal|p1a: Toxapex|63/100|[from] item: Black Sludge
|-damage|p2a: Pecharunt|59/100|[from] move: Infestation|[partiallytrapped]
|upkeep
|turn|18
|
|t:|1757788582
|move|p2a: Pecharunt|Parting Shot|p1a: Toxapex
|-unboost|p1a: Toxapex|atk|1
|-unboost|p1a: Toxapex|spa|1
|
|t:|1757788584
|switch|p2a: Samurott|Samurott-Hisui, F|6/100|[from] Parting Shot
|move|p1a: Toxapex|Toxic Spikes|p2a: Samurott
|-sidestart|p2: zinc182000|move: Toxic Spikes
|
|-heal|p1a: Toxapex|69/100|[from] item: Black Sludge
|upkeep
|turn|19
|
|t:|1757788587
|move|p1a: Toxapex|Baneful Bunker|p1a: Toxapex
|-singleturn|p1a: Toxapex|move: Protect
|move|p2a: Samurott|Ceaseless Edge|p1a: Toxapex
|-activate|p1a: Toxapex|move: Protect
|-status|p2a: Samurott|psn
|
|-heal|p1a: Toxapex|75/100|[from] item: Black Sludge
|-damage|p2a: Samurott|0 fnt|[from] psn
|faint|p2a: Samurott
|upkeep
|
|t:|1757788590
|switch|p2a: Pecharunt|Pecharunt|59/100
|-sideend|p2: zinc182000|move: Toxic Spikes|[of] p2a: Pecharunt
|turn|20
|
|t:|1757788592
|move|p2a: Pecharunt|Parting Shot|p1a: Toxapex
|-unboost|p1a: Toxapex|atk|1
|-unboost|p1a: Toxapex|spa|1
|
|t:|1757788594
|switch|p2a: Latios|Latios, M|100/100|[from] Parting Shot
|move|p1a: Toxapex|Toxic Spikes|p2a: Latios
|-sidestart|p2: zinc182000|move: Toxic Spikes
|
|-heal|p1a: Toxapex|82/100|[from] item: Black Sludge
|upkeep
|turn|21
|
|t:|1757788598
|move|p1a: Toxapex|Baneful Bunker|p1a: Toxapex
|-singleturn|p1a: Toxapex|move: Protect
|move|p2a: Latios|Psychic Noise|p1a: Toxapex
|-activate|p1a: Toxapex|move: Protect
|
|-heal|p1a: Toxapex|88/100|[from] item: Black Sludge
|upkeep
|turn|22
|
|t:|1757788603
|move|p2a: Latios|Calm Mind|p2a: Latios
|-boost|p2a: Latios|spa|1
|-boost|p2a: Latios|spd|1
|move|p1a: Toxapex|Infestation|p2a: Latios
|-supereffective|p2a: Latios
|-damage|p2a: Latios|99/100
|-activate|p2a: Latios|move: Infestation|[of] p1a: Toxapex
|
|-heal|p1a: Toxapex|94/100|[from] item: Black Sludge
|-damage|p2a: Latios|86/100|[from] move: Infestation|[partiallytrapped]
|upkeep
|turn|23
|
|t:|1757788609
|switch|p1a: Moltres|Moltres-Galar|100/100
|-damage|p1a: Moltres|76/100|[from] Stealth Rock
|move|p2a: Latios|Calm Mind|p2a: Latios
|-boost|p2a: Latios|spa|1
|-boost|p2a: Latios|spd|1
|
|-heal|p1a: Moltres|82/100|[from] item: Leftovers
|-end|p2a: Latios|Infestation|[partiallytrapped]|[silent]
|upkeep
|turn|24
|
|t:|1757788614
|switch|p1a: Corviknight|Corviknight, M, shiny|63/100
|-damage|p1a: Corviknight|50/100|[from] Stealth Rock
|-ability|p1a: Corviknight|Pressure
|move|p2a: Latios|Draco Meteor|p1a: Corviknight
|-resisted|p1a: Corviknight
|-damage|p1a: Corviknight|0 fnt
|-unboost|p2a: Latios|spa|2
|faint|p1a: Corviknight
|
|upkeep
|
|t:|1757788619
|switch|p1a: Moltres|Moltres-Galar|82/100
|-damage|p1a: Moltres|57/100|[from] Stealth Rock
|turn|25
|
|t:|1757788621
|move|p2a: Latios|Draco Meteor|p1a: Moltres
|-damage|p1a: Moltres|0 fnt
|-unboost|p2a: Latios|spa|2
|faint|p1a: Moltres
|
|upkeep
|
|t:|1757788627
|switch|p1a: Chandelure|Chandelure, F|100/100
|turn|26
|
|t:|1757788632
|switch|p2a: Pecharunt|Pecharunt|59/100
|-sideend|p2: zinc182000|move: Toxic Spikes|[of] p2a: Pecharunt
|move|p1a: Chandelure|Shadow Ball|p2a: Pecharunt
|-supereffective|p2a: Pecharunt
|-damage|p2a: Pecharunt|0 fnt
|faint|p2a: Pecharunt
|
|upkeep
|
|t:|1757788637
|switch|p2a: Zamazenta|Zamazenta|100/100
|-ability|p2a: Zamazenta|Dauntless Shield|boost
|-boost|p2a: Zamazenta|def|1
|turn|27
|
|t:|1757788646
|move|p2a: Zamazenta|Crunch|p1a: Chandelure
|-supereffective|p1a: Chandelure
|-damage|p1a: Chandelure|39/100
|move|p1a: Chandelure|Flamethrower|p2a: Zamazenta
|-damage|p2a: Zamazenta|56/100
|
|-heal|p2a: Zamazenta|62/100|[from] item: Leftovers
|upkeep
|turn|28
|
|t:|1757788652
|move|p2a: Zamazenta|Crunch|p1a: Chandelure
|-supereffective|p1a: Chandelure
|-damage|p1a: Chandelure|0 fnt
|-status|p2a: Zamazenta|brn|[from] ability: Flame Body|[of] p1a: Chandelure
|faint|p1a: Chandelure
|
|-heal|p2a: Zamazenta|68/100 brn|[from] item: Leftovers
|-damage|p2a: Zamazenta|62/100 brn|[from] brn
|upkeep
|
|t:|1757788657
|switch|p1a: Toxapex|Toxapex, F, shiny|100/100
|-damage|p1a: Toxapex|88/100|[from] Stealth Rock
|turn|29
|
|t:|1757788661
|switch|p2a: Scizor|Scizor, F|100/100
|move|p1a: Toxapex|Infestation|p2a: Scizor
|-resisted|p2a: Scizor
|-damage|p2a: Scizor|99/100
|-activate|p2a: Scizor|move: Infestation|[of] p1a: Toxapex
|
|-heal|p1a: Toxapex|94/100|[from] item: Black Sludge
|-damage|p2a: Scizor|86/100|[from] move: Infestation|[partiallytrapped]
|upkeep
|turn|30
|
|t:|1757788664
|move|p1a: Toxapex|Baneful Bunker|p1a: Toxapex
|-singleturn|p1a: Toxapex|move: Protect
|move|p2a: Scizor|Swords Dance|p2a: Scizor
|-boost|p2a: Scizor|atk|2
|
|-heal|p1a: Toxapex|100/100|[from] item: Black Sludge
|-damage|p2a: Scizor|74/100|[from] move: Infestation|[partiallytrapped]
|upkeep
|turn|31
|
|t:|1757788668
|move|p2a: Scizor|Swords Dance|p2a: Scizor
|-boost|p2a: Scizor|atk|2
|move|p1a: Toxapex|Infestation|p2a: Scizor
|-resisted|p2a: Scizor
|-damage|p2a: Scizor|72/100
|
|-damage|p2a: Scizor|60/100|[from] move: Infestation|[partiallytrapped]
|upkeep
|turn|32
|
|t:|1757788670
|move|p2a: Scizor|Swords Dance|p2a: Scizor
|-boost|p2a: Scizor|atk|2
|move|p1a: Toxapex|Infestation|p2a: Scizor
|-resisted|p2a: Scizor
|-damage|p2a: Scizor|57/100
|
|-damage|p2a: Scizor|45/100|[from] move: Infestation|[partiallytrapped]
|upkeep
|turn|33
|
|t:|1757788672
|move|p2a: Scizor|Knock Off|p1a: Toxapex
|-damage|p1a: Toxapex|0 fnt
|-enditem|p1a: Toxapex|Black Sludge|[from] move: Knock Off|[of] p2a: Scizor
|faint|p1a: Toxapex
|
|-end|p2a: Scizor|Infestation|[partiallytrapped]|[silent]
|upkeep
|-message|DaevEVtest forfeited.
|
|win|zinc182000
|raw|DaevEVtest's rating: 1516 &rarr; <strong>1497</strong><br />(-19 for losing)
|raw|zinc182000's rating: 1536 &rarr; <strong>1555</strong><br />(+19 for winning)
|l|☆DaevEVtest
|player|p1|
|l|☆zinc182000
|player|p2|
