|j|☆weiweihu
|j|☆NguyenKhoa1904
|t:|1757843816
|gametype|singles
|player|p1|weiweihu|cynthia|1464
|player|p2|NguyenKhoa1904|nate|1498
|gen|9
|tier|[Gen 9] OU
|rated|
|rule|HP Percentage Mod: HP is shown in percentages
|rule|Endless Battle Clause: Forcing endless battles is banned
|rule|Species Clause: Limit one of each Pokémon
|rule|OHKO Clause: OHKO moves are banned
|rule|Evasion Items Clause: Evasion items are banned
|rule|Evasion Moves Clause: Evasion moves are banned
|rule|Evasion Abilities Clause: Evasion abilities are banned
|rule|Sleep Moves Clause: Sleep-inducing moves are banned
|clearpoke
|poke|p1|Toedscruel, M|
|poke|p1|Skeledirge, F|
|poke|p1|Tyranitar, F|
|poke|p1|Ninetales-Alola, M|
|poke|p1|Ogerpon, F|
|poke|p1|Hydreigon, M|
|poke|p2|Kingambit, M|
|poke|p2|Deoxys-Speed|
|poke|p2|Great Tusk|
|poke|p2|Dragonite, M|
|poke|p2|Iron Moth|
|poke|p2|Primarina, F|
|teampreview
|inactive|Battle timer is ON: inactive players will automatically lose when time's up. (requested by weiweihu)
|
|t:|1757843819
|teamsize|p1|6
|teamsize|p2|6
|start
|switch|p1a: Ogerpon|Ogerpon, F|100/100
|switch|p2a: MOEBIUS|Deoxys-Speed|100/100
|-ability|p2a: MOEBIUS|Pressure
|turn|1
|
|t:|1757843823
|-terastallize|p1a: Ogerpon|Grass
|detailschange|p1a: Ogerpon|Ogerpon-Teal-Tera, F, tera:Grass
|-ability|p1a: Ogerpon|Embody Aspect (Teal)|boost
|-boost|p1a: Ogerpon|spe|1
|move|p1a: Ogerpon|U-turn|p2a: MOEBIUS
|-supereffective|p2a: MOEBIUS
|-damage|p2a: MOEBIUS|0 fnt
|faint|p2a: MOEBIUS
|
|t:|1757843829
|switch|p1a: Toedscruel|Toedscruel, M, shiny|100/100|[from] U-turn
|
|upkeep
|
|t:|1757843838
|switch|p2a: LANCELOT|Dragonite, M|100/100
|turn|2
|
|t:|1757843840
|move|p2a: LANCELOT|Ice Spinner|p1a: Toedscruel
|-supereffective|p1a: Toedscruel
|-enditem|p1a: Toedscruel|Focus Sash
|-damage|p1a: Toedscruel|1/100
|move|p1a: Toedscruel|Leech Seed|p2a: LANCELOT
|-start|p2a: LANCELOT|move: Leech Seed
|
|-damage|p2a: LANCELOT|88/100|[from] Leech Seed|[of] p1a: Toedscruel
|-heal|p1a: Toedscruel|12/100|[silent]
|upkeep
|turn|3
|
|t:|1757843845
|switch|p1a: Ninetales|Ninetales-Alola, M, shiny|100/100
|-weather|Snowscape|[from] ability: Snow Warning|[of] p1a: Ninetales
|switch|p2a: PYRE|Iron Moth|100/100
|-enditem|p2a: PYRE|Booster Energy
|-activate|p2a: PYRE|ability: Quark Drive|[fromitem]
|-start|p2a: PYRE|quarkdrivespe
|
|-weather|Snowscape|[upkeep]
|upkeep
|turn|4
|
|t:|1757843850
|switch|p1a: Tyranitar|Tyranitar, F, shiny|100/100
|-weather|Sandstorm|[from] ability: Sand Stream|[of] p1a: Tyranitar
|move|p2a: PYRE|Fiery Dance|p1a: Tyranitar
|-resisted|p1a: Tyranitar
|-damage|p1a: Tyranitar|89/100
|-boost|p2a: PYRE|spa|1
|
|-weather|Sandstorm|[upkeep]
|-damage|p2a: PYRE|95/100|[from] Sandstorm
|upkeep
|turn|5
|
|t:|1757843855
|-terastallize|p2a: PYRE|Ground
|move|p2a: PYRE|Tera Blast|p1a: Tyranitar|[anim] Tera Blast Ground
|-supereffective|p1a: Tyranitar
|-damage|p1a: Tyranitar|15/100
|-enditem|p1a: Tyranitar|Weakness Policy
|-boost|p1a: Tyranitar|atk|2|[from] item: Weakness Policy
|-boost|p1a: Tyranitar|spa|2|[from] item: Weakness Policy
|move|p1a: Tyranitar|Knock Off|p2a: PYRE
|-damage|p2a: PYRE|0 fnt
|faint|p2a: PYRE
|-end|p2a: PYRE|Quark Drive|[silent]
|
|-weather|Sandstorm|[upkeep]
|upkeep
|
|t:|1757843861
|switch|p2a: CELESTINE|Primarina, F, shiny|100/100
|turn|6
|
|t:|1757843865
|move|p1a: Tyranitar|Stone Edge|p2a: CELESTINE
|-crit|p2a: CELESTINE
|-damage|p2a: CELESTINE|0 fnt
|faint|p2a: CELESTINE
|
|-weather|Sandstorm|[upkeep]
|upkeep
|
|t:|1757843869
|switch|p2a: RAGNAROCK|Great Tusk|100/100
|-enditem|p2a: RAGNAROCK|Booster Energy
|-activate|p2a: RAGNAROCK|ability: Protosynthesis|[fromitem]
|-start|p2a: RAGNAROCK|protosynthesisatk
|turn|7
|
|t:|1757843874
|move|p2a: RAGNAROCK|Headlong Rush|p1a: Tyranitar
|-supereffective|p1a: Tyranitar
|-damage|p1a: Tyranitar|0 fnt
|-unboost|p2a: RAGNAROCK|def|1
|-unboost|p2a: RAGNAROCK|spd|1
|faint|p1a: Tyranitar
|
|-weather|Sandstorm|[upkeep]
|upkeep
|
|t:|1757843876
|switch|p1a: Ogerpon|Ogerpon-Teal-Tera, F, tera:Grass|100/100
|-ability|p1a: Ogerpon|Embody Aspect (Teal)|boost
|-boost|p1a: Ogerpon|spe|1
|turn|8
|
|t:|1757843882
|-end|p2a: RAGNAROCK|Protosynthesis|[silent]
|switch|p2a: LANCELOT|Dragonite, M|88/100
|move|p1a: Ogerpon|Ivy Cudgel|p2a: LANCELOT
|-resisted|p2a: LANCELOT
|-damage|p2a: LANCELOT|58/100
|
|-weather|none
|upkeep
|turn|9
|
|t:|1757843895
|switch|p1a: Toedscruel|Toedscruel, M, shiny|12/100
|move|p2a: LANCELOT|Fire Punch|p1a: Toedscruel
|-supereffective|p1a: Toedscruel
|-damage|p1a: Toedscruel|0 fnt
|faint|p1a: Toedscruel
|
|upkeep
|
|t:|1757843902
|switch|p1a: Skeledirge|Skeledirge, F, shiny|100/100
|turn|10
|c|☆NguyenKhoa1904|lucky guy
|
|t:|1757843910
|switch|p2a: RAGNAROCK|Great Tusk|100/100
|move|p1a: Skeledirge|Will-O-Wisp|p2a: RAGNAROCK
|-status|p2a: RAGNAROCK|brn
|
|-damage|p2a: RAGNAROCK|94/100 brn|[from] brn
|upkeep
|turn|11
|
|t:|1757843915
|move|p2a: RAGNAROCK|Headlong Rush|p1a: Skeledirge
|-supereffective|p1a: Skeledirge
|-damage|p1a: Skeledirge|60/100
|-unboost|p2a: RAGNAROCK|def|1
|-unboost|p2a: RAGNAROCK|spd|1
|move|p1a: Skeledirge|Fire Spin|p2a: RAGNAROCK
|-damage|p2a: RAGNAROCK|74/100 brn
|-activate|p2a: RAGNAROCK|move: Fire Spin|[of] p1a: Skeledirge
|
|-damage|p2a: RAGNAROCK|68/100 brn|[from] brn
|-damage|p2a: RAGNAROCK|55/100 brn|[from] move: Fire Spin|[partiallytrapped]
|upkeep
|turn|12
|
|t:|1757843918
|move|p2a: RAGNAROCK|Headlong Rush|p1a: Skeledirge
|-supereffective|p1a: Skeledirge
|-damage|p1a: Skeledirge|20/100
|-unboost|p2a: RAGNAROCK|def|1
|-unboost|p2a: RAGNAROCK|spd|1
|move|p1a: Skeledirge|Slack Off|p1a: Skeledirge
|-heal|p1a: Skeledirge|70/100
|
|-damage|p2a: RAGNAROCK|49/100 brn|[from] brn
|-damage|p2a: RAGNAROCK|37/100 brn|[from] move: Fire Spin|[partiallytrapped]
|upkeep
|turn|13
|
|t:|1757843922
|move|p2a: RAGNAROCK|Headlong Rush|p1a: Skeledirge
|-supereffective|p1a: Skeledirge
|-damage|p1a: Skeledirge|29/100
|-unboost|p2a: RAGNAROCK|def|1
|-unboost|p2a: RAGNAROCK|spd|1
|move|p1a: Skeledirge|Slack Off|p1a: Skeledirge
|-heal|p1a: Skeledirge|79/100
|
|-damage|p2a: RAGNAROCK|31/100 brn|[from] brn
|-damage|p2a: RAGNAROCK|18/100 brn|[from] move: Fire Spin|[partiallytrapped]
|upkeep
|turn|14
|
|t:|1757843927
|move|p2a: RAGNAROCK|Headlong Rush|p1a: Skeledirge
|-supereffective|p1a: Skeledirge
|-damage|p1a: Skeledirge|44/100
|-unboost|p2a: RAGNAROCK|def|1
|-unboost|p2a: RAGNAROCK|spd|1
|move|p1a: Skeledirge|Slack Off|p1a: Skeledirge
|-heal|p1a: Skeledirge|94/100
|
|-damage|p2a: RAGNAROCK|12/100 brn|[from] brn
|-damage|p2a: RAGNAROCK|0 fnt|[from] move: Fire Spin|[partiallytrapped]
|faint|p2a: RAGNAROCK
|-end|p2a: RAGNAROCK|Protosynthesis|[silent]
|upkeep
|
|t:|1757843930
|switch|p2a: IRONHIDE|Kingambit, M|100/100
|-activate|p2a: IRONHIDE|ability: Supreme Overlord
|-start|p2a: IRONHIDE|fallen4|[silent]
|turn|15
|
|t:|1757843934
|move|p1a: Skeledirge|Will-O-Wisp|p2a: IRONHIDE
|-status|p2a: IRONHIDE|brn
|move|p2a: IRONHIDE|Swords Dance|p2a: IRONHIDE
|-boost|p2a: IRONHIDE|atk|2
|
|-damage|p2a: IRONHIDE|94/100 brn|[from] brn
|upkeep
|turn|16
|
|t:|1757843937
|move|p1a: Skeledirge|Fire Spin|p2a: IRONHIDE
|-supereffective|p2a: IRONHIDE
|-damage|p2a: IRONHIDE|66/100 brn
|-activate|p2a: IRONHIDE|move: Fire Spin|[of] p1a: Skeledirge
|move|p2a: IRONHIDE|Swords Dance|p2a: IRONHIDE
|-boost|p2a: IRONHIDE|atk|2
|
|-heal|p2a: IRONHIDE|72/100 brn|[from] item: Leftovers
|-damage|p2a: IRONHIDE|66/100 brn|[from] brn
|-damage|p2a: IRONHIDE|53/100 brn|[from] move: Fire Spin|[partiallytrapped]
|upkeep
|turn|17
|
|t:|1757843943
|move|p1a: Skeledirge|Fire Spin|p2a: IRONHIDE
|-supereffective|p2a: IRONHIDE
|-damage|p2a: IRONHIDE|25/100 brn
|move|p2a: IRONHIDE|Kowtow Cleave|p1a: Skeledirge
|-supereffective|p1a: Skeledirge
|-damage|p1a: Skeledirge|53/100
|
|-heal|p2a: IRONHIDE|31/100 brn|[from] item: Leftovers
|-damage|p2a: IRONHIDE|25/100 brn|[from] brn
|-damage|p2a: IRONHIDE|13/100 brn|[from] move: Fire Spin|[partiallytrapped]
|upkeep
|turn|18
|
|t:|1757843946
|move|p1a: Skeledirge|Slack Off|p1a: Skeledirge
|-heal|p1a: Skeledirge|100/100
|move|p2a: IRONHIDE|Kowtow Cleave|p1a: Skeledirge
|-supereffective|p1a: Skeledirge
|-damage|p1a: Skeledirge|58/100
|
|-heal|p2a: IRONHIDE|19/100 brn|[from] item: Leftovers
|-damage|p2a: IRONHIDE|13/100 brn|[from] brn
|-damage|p2a: IRONHIDE|0 fnt|[from] move: Fire Spin|[partiallytrapped]
|faint|p2a: IRONHIDE
|-end|p2a: IRONHIDE|fallen4|[silent]
|upkeep
|-message|NguyenKhoa1904 forfeited.
|
|win|weiweihu
|raw|weiweihu's rating: 1464 &rarr; <strong>1486</strong><br />(+22 for winning)
|raw|NguyenKhoa1904's rating: 1498 &rarr; <strong>1476</strong><br />(-22 for losing)
|l|☆NguyenKhoa1904
|player|p2|
|l|☆weiweihu
|player|p1|
