|j|☆miscellandorus
|j|☆THRZ_Butter
|t:|1757913959
|gametype|singles
|player|p1|miscellandorus|265|1348
|player|p2|THRZ_Butter|janitor|1436
|gen|9
|tier|[Gen 9] OU
|rated|
|rule|HP Percentage Mod: HP is shown in percentages
|rule|Endless Battle Clause: Forcing endless battles is banned
|rule|Species Clause: Limit one of each Pokémon
|rule|OHKO Clause: OHKO moves are banned
|rule|Evasion Items Clause: Evasion items are banned
|rule|Evasion Moves Clause: Evasion moves are banned
|rule|Evasion Abilities Clause: Evasion abilities are banned
|rule|Sleep Moves Clause: Sleep-inducing moves are banned
|clearpoke
|poke|p1|Pincurchin, M|
|poke|p1|Iron Treads|
|poke|p1|Iron Hands|
|poke|p1|Iron Leaves|
|poke|p1|Iron Valiant|
|poke|p1|Iron Jugulis|
|poke|p2|Alomomola, F|
|poke|p2|Gliscor, M|
|poke|p2|Pecharunt|
|poke|p2|Gholdengo|
|poke|p2|Weavile, M|
|poke|p2|Great Tusk|
|teampreview
|
|t:|1757913970
|teamsize|p1|6
|teamsize|p2|6
|start
|switch|p1a: Pincurchin|Pincurchin, M|100/100
|switch|p2a: Gliscor|Gliscor, M|100/100
|-fieldstart|move: Electric Terrain|[from] ability: Electric Surge|[of] p1a: Pincurchin
|turn|1
|
|t:|1757913979
|switch|p1a: Iron Jugulis|Iron Jugulis|100/100
|-activate|p1a: Iron Jugulis|ability: Quark Drive
|-start|p1a: Iron Jugulis|quarkdrivespa
|move|p2a: Gliscor|Knock Off|p1a: Iron Jugulis
|-resisted|p1a: Iron Jugulis
|-damage|p1a: Iron Jugulis|87/100
|-enditem|p1a: Iron Jugulis|Choice Specs|[from] move: Knock Off|[of] p2a: Gliscor
|
|-status|p2a: Gliscor|tox|[from] item: Toxic Orb
|upkeep
|turn|2
|
|t:|1757913987
|move|p1a: Iron Jugulis|Hurricane|p2a: Gliscor|[miss]
|-miss|p1a: Iron Jugulis|p2a: Gliscor
|move|p2a: Gliscor|Toxic|p1a: Iron Jugulis
|-status|p1a: Iron Jugulis|tox
|
|-damage|p1a: Iron Jugulis|81/100 tox|[from] psn
|upkeep
|turn|3
|
|t:|1757913991
|move|p2a: Gliscor|Protect|p2a: Gliscor
|-singleturn|p2a: Gliscor|Protect
|move|p1a: Iron Jugulis|Dark Pulse|p2a: Gliscor
|-activate|p2a: Gliscor|move: Protect
|
|-damage|p1a: Iron Jugulis|69/100 tox|[from] psn
|upkeep
|turn|4
|
|t:|1757913995
|switch|p2a: Alomomola|Alomomola, F|100/100
|move|p1a: Iron Jugulis|Dark Pulse|p2a: Alomomola
|-damage|p2a: Alomomola|70/100
|
|-damage|p1a: Iron Jugulis|51/100 tox|[from] psn
|upkeep
|turn|5
|
|t:|1757914001
|-end|p1a: Iron Jugulis|Quark Drive|[silent]
|switch|p1a: Iron Hands|Iron Hands|100/100
|-activate|p1a: Iron Hands|ability: Quark Drive
|-start|p1a: Iron Hands|quarkdrivedef
|move|p2a: Alomomola|Mirror Coat||[still]
|-fail|p2a: Alomomola
|
|upkeep
|turn|6
|
|t:|1757914009
|switch|p2a: Gliscor|Gliscor, M|100/100 tox
|move|p1a: Iron Hands|Swords Dance|p1a: Iron Hands
|-boost|p1a: Iron Hands|atk|2
|
|upkeep
|turn|7
|
|t:|1757914029
|move|p2a: Gliscor|Toxic|p1a: Iron Hands
|-status|p1a: Iron Hands|tox
|move|p1a: Iron Hands|Ice Punch|p2a: Gliscor
|-supereffective|p2a: Gliscor
|-damage|p2a: Gliscor|0 fnt
|faint|p2a: Gliscor
|
|-damage|p1a: Iron Hands|94/100 tox|[from] psn
|upkeep
|
|t:|1757914040
|switch|p2a: Great Tusk|Great Tusk|100/100
|turn|8
|
|t:|1757914049
|-end|p1a: Iron Hands|Quark Drive|[silent]
|switch|p1a: Iron Jugulis|Iron Jugulis|51/100 tox
|-activate|p1a: Iron Jugulis|ability: Quark Drive
|-start|p1a: Iron Jugulis|quarkdrivespa
|move|p2a: Great Tusk|Headlong Rush|p1a: Iron Jugulis
|-immune|p1a: Iron Jugulis
|
|-damage|p1a: Iron Jugulis|45/100 tox|[from] psn
|-fieldend|move: Electric Terrain
|-end|p1a: Iron Jugulis|Quark Drive
|upkeep
|turn|9
|
|t:|1757914054
|-end|p2a: Great Tusk|Protosynthesis|[silent]
|switch|p2a: Alomomola|Alomomola, F|100/100
|move|p1a: Iron Jugulis|Hurricane|p2a: Alomomola|[miss]
|-miss|p1a: Iron Jugulis|p2a: Alomomola
|
|-damage|p1a: Iron Jugulis|33/100 tox|[from] psn
|upkeep
|turn|10
|
|t:|1757914060
|-end|p1a: Iron Jugulis|Quark Drive|[silent]
|switch|p1a: Pincurchin|Pincurchin, M|100/100
|-fieldstart|move: Electric Terrain|[from] ability: Electric Surge|[of] p1a: Pincurchin
|move|p2a: Alomomola|Flip Turn|p1a: Pincurchin
|-damage|p1a: Pincurchin|81/100
|
|t:|1757914067
|switch|p2a: Great Tusk|Great Tusk|100/100|[from] Flip Turn
|
|upkeep
|turn|11
|
|t:|1757914071
|switch|p1a: Iron Jugulis|Iron Jugulis|33/100 tox
|-activate|p1a: Iron Jugulis|ability: Quark Drive
|-start|p1a: Iron Jugulis|quarkdrivespa
|move|p2a: Great Tusk|Stealth Rock|p1a: Iron Jugulis
|-sidestart|p1: miscellandorus|move: Stealth Rock
|
|-damage|p1a: Iron Jugulis|27/100 tox|[from] psn
|upkeep
|turn|12
|
|t:|1757914076
|-end|p2a: Great Tusk|Protosynthesis|[silent]
|switch|p2a: Alomomola|Alomomola, F|100/100
|move|p1a: Iron Jugulis|Dark Pulse|p2a: Alomomola
|-crit|p2a: Alomomola
|-damage|p2a: Alomomola|55/100
|
|-damage|p1a: Iron Jugulis|14/100 tox|[from] psn
|upkeep
|turn|13
|
|t:|1757914083
|move|p1a: Iron Jugulis|Hurricane|p2a: Alomomola
|-damage|p2a: Alomomola|16/100
|move|p2a: Alomomola|Flip Turn|p1a: Iron Jugulis
|-damage|p1a: Iron Jugulis|0 fnt
|faint|p1a: Iron Jugulis
|-end|p1a: Iron Jugulis|Quark Drive|[silent]
|
|t:|1757914090
|switch|p2a: Gholdengo|Gholdengo|100/100|[from] Flip Turn
|
|upkeep
|
|t:|1757914110
|switch|p1a: Iron Treads|Iron Treads|100/100
|-damage|p1a: Iron Treads|98/100|[from] Stealth Rock
|-activate|p1a: Iron Treads|ability: Quark Drive
|-start|p1a: Iron Treads|quarkdrivespe
|turn|14
|
|t:|1757914124
|move|p1a: Iron Treads|Earthquake|p2a: Gholdengo
|-supereffective|p2a: Gholdengo
|-damage|p2a: Gholdengo|12/100
|move|p2a: Gholdengo|Shadow Ball|p1a: Iron Treads
|-damage|p1a: Iron Treads|35/100
|
|-heal|p1a: Iron Treads|41/100|[from] item: Leftovers
|upkeep
|turn|15
|
|t:|1757914138
|switch|p2a: Great Tusk|Great Tusk|100/100
|move|p1a: Iron Treads|Knock Off|p2a: Great Tusk
|-resisted|p2a: Great Tusk
|-damage|p2a: Great Tusk|93/100
|-damage|p1a: Iron Treads|25/100|[from] item: Rocky Helmet|[of] p2a: Great Tusk
|-enditem|p2a: Great Tusk|Rocky Helmet|[from] move: Knock Off|[of] p1a: Iron Treads
|
|-heal|p1a: Iron Treads|31/100|[from] item: Leftovers
|upkeep
|turn|16
|
|t:|1757914147
|-end|p2a: Great Tusk|Protosynthesis|[silent]
|switch|p2a: Pecharunt|Pecharunt|100/100
|move|p1a: Iron Treads|Stealth Rock|p2a: Pecharunt
|-sidestart|p2: THRZ_Butter|move: Stealth Rock
|
|-heal|p1a: Iron Treads|37/100|[from] item: Leftovers
|upkeep
|turn|17
|
|t:|1757914152
|move|p1a: Iron Treads|Earthquake|p2a: Pecharunt
|-supereffective|p2a: Pecharunt
|-damage|p2a: Pecharunt|51/100
|move|p2a: Pecharunt|Hex|p1a: Iron Treads
|-damage|p1a: Iron Treads|17/100
|
|-heal|p1a: Iron Treads|23/100|[from] item: Leftovers
|-fieldend|move: Electric Terrain
|-end|p1a: Iron Treads|Quark Drive
|upkeep
|turn|18
|
|t:|1757914165
|move|p2a: Pecharunt|Recover|p2a: Pecharunt
|-heal|p2a: Pecharunt|100/100
|move|p1a: Iron Treads|Earthquake|p2a: Pecharunt
|-supereffective|p2a: Pecharunt
|-damage|p2a: Pecharunt|53/100
|
|-heal|p1a: Iron Treads|29/100|[from] item: Leftovers
|upkeep
|turn|19
|
|t:|1757914169
|move|p2a: Pecharunt|Hex|p1a: Iron Treads
|-damage|p1a: Iron Treads|12/100
|move|p1a: Iron Treads|Earthquake|p2a: Pecharunt
|-supereffective|p2a: Pecharunt
|-damage|p2a: Pecharunt|5/100
|
|-heal|p1a: Iron Treads|19/100|[from] item: Leftovers
|upkeep
|turn|20
|
|t:|1757914173
|move|p2a: Pecharunt|Hex|p1a: Iron Treads
|-damage|p1a: Iron Treads|0 fnt
|faint|p1a: Iron Treads
|-end|p1a: Iron Treads|Quark Drive|[silent]
|
|upkeep
|
|t:|1757914185
|switch|p1a: Iron Valiant|Iron Valiant|100/100
|-damage|p1a: Iron Valiant|94/100|[from] Stealth Rock
|turn|21
|
|t:|1757914192
|move|p1a: Iron Valiant|Moonblast|p2a: Pecharunt
|-resisted|p2a: Pecharunt
|-crit|p2a: Pecharunt
|-damage|p2a: Pecharunt|0 fnt
|faint|p2a: Pecharunt
|
|upkeep
|
|t:|1757914197
|switch|p2a: Alomomola|Alomomola, F|49/100
|-damage|p2a: Alomomola|36/100|[from] Stealth Rock
|turn|22
|
|t:|1757914201
|switch|p2a: Gholdengo|Gholdengo|12/100
|-damage|p2a: Gholdengo|6/100|[from] Stealth Rock
|move|p1a: Iron Valiant|Moonblast|p2a: Gholdengo
|-resisted|p2a: Gholdengo
|-damage|p2a: Gholdengo|0 fnt
|faint|p2a: Gholdengo
|
|upkeep
|
|t:|1757914203
|switch|p2a: Alomomola|Alomomola, F|70/100
|-damage|p2a: Alomomola|57/100|[from] Stealth Rock
|turn|23
|
|t:|1757914206
|-end|p1a: Iron Valiant|Quark Drive|[silent]
|switch|p1a: Pincurchin|Pincurchin, M|81/100
|-damage|p1a: Pincurchin|69/100|[from] Stealth Rock
|-fieldstart|move: Electric Terrain|[from] ability: Electric Surge|[of] p1a: Pincurchin
|move|p2a: Alomomola|Scald|p1a: Pincurchin
|-damage|p1a: Pincurchin|57/100
|-status|p1a: Pincurchin|brn
|
|-damage|p1a: Pincurchin|51/100 brn|[from] brn
|upkeep
|turn|24
|
|t:|1757914212
|switch|p2a: Great Tusk|Great Tusk|93/100
|-damage|p2a: Great Tusk|90/100|[from] Stealth Rock
|switch|p1a: Iron Leaves|Iron Leaves|100/100
|-damage|p1a: Iron Leaves|88/100|[from] Stealth Rock
|-activate|p1a: Iron Leaves|ability: Quark Drive
|-start|p1a: Iron Leaves|quarkdrivespe
|
|-heal|p1a: Iron Leaves|94/100|[from] item: Leftovers
|upkeep
|turn|25
|
|t:|1757914220
|move|p1a: Iron Leaves|Psyblade|p2a: Great Tusk
|-supereffective|p2a: Great Tusk
|-damage|p2a: Great Tusk|15/100
|move|p2a: Great Tusk|Rapid Spin|p1a: Iron Leaves
|-damage|p1a: Iron Leaves|76/100
|-boost|p2a: Great Tusk|spe|1
|-sideend|p2: THRZ_Butter|Stealth Rock|[from] move: Rapid Spin|[of] p2a: Great Tusk
|
|-heal|p1a: Iron Leaves|83/100|[from] item: Leftovers
|upkeep
|turn|26
|
|t:|1757914228
|move|p1a: Iron Leaves|Psyblade|p2a: Great Tusk
|-supereffective|p2a: Great Tusk
|-damage|p2a: Great Tusk|0 fnt
|faint|p2a: Great Tusk
|-end|p2a: Great Tusk|Protosynthesis|[silent]
|
|-heal|p1a: Iron Leaves|89/100|[from] item: Leftovers
|upkeep
|
|t:|1757914230
|switch|p2a: Weavile|Weavile, M|100/100
|-ability|p2a: Weavile|Pressure
|turn|27
|
|t:|1757914235
|-terastallize|p1a: Iron Leaves|Electric
|move|p1a: Iron Leaves|Close Combat|p2a: Weavile
|-supereffective|p2a: Weavile
|-damage|p2a: Weavile|0 fnt
|-unboost|p1a: Iron Leaves|def|1
|-unboost|p1a: Iron Leaves|spd|1
|faint|p2a: Weavile
|
|-heal|p1a: Iron Leaves|95/100|[from] item: Leftovers
|upkeep
|-message|THRZ_Butter forfeited.
|
|win|miscellandorus
|raw|miscellandorus's rating: 1348 &rarr; <strong>1373</strong><br />(+25 for winning)
|raw|THRZ_Butter's rating: 1436 &rarr; <strong>1411</strong><br />(-25 for losing)
|l|☆THRZ_Butter
|player|p2|
