|j|☆ripwal21
|j|☆TJ13_SSB
|t:|1757909181
|gametype|singles
|player|p1|ripwal21|2|1205
|player|p2|TJ13_SSB|102|1228
|gen|9
|tier|[Gen 9] OU
|rated|
|rule|HP Percentage Mod: HP is shown in percentages
|rule|Endless Battle Clause: Forcing endless battles is banned
|rule|Species Clause: Limit one of each Pokémon
|rule|OHKO Clause: OHKO moves are banned
|rule|Evasion Items Clause: Evasion items are banned
|rule|Evasion Moves Clause: Evasion moves are banned
|rule|Evasion Abilities Clause: Evasion abilities are banned
|rule|Sleep Moves Clause: Sleep-inducing moves are banned
|clearpoke
|poke|p1|Indeedee, M|
|poke|p1|Hatterene, F|
|poke|p1|Ursaluna, F|
|poke|p1|Iron Hands|
|poke|p1|Hoopa-Unbound|
|poke|p1|Mimikyu, F|
|poke|p2|Great Tusk|
|poke|p2|Landorus-Therian, M|
|poke|p2|Heatran, F|
|poke|p2|Darkrai|
|poke|p2|Araquanid, M|
|poke|p2|Weezing-Galar, M|
|teampreview
|
|t:|1757909213
|teamsize|p1|6
|teamsize|p2|6
|start
|switch|p1a: LEBRON|Iron Hands, shiny|100/100
|switch|p2a: Weezing|Weezing-Galar, M|100/100
|-enditem|p1a: LEBRON|Booster Energy
|-activate|p1a: LEBRON|ability: Quark Drive|[fromitem]
|-start|p1a: LEBRON|quarkdriveatk
|turn|1
|
|t:|1757909232
|-end|p1a: LEBRON|Quark Drive|[silent]
|switch|p1a: Crashout YN|Ursaluna, F, shiny|100/100
|move|p2a: Weezing|Will-O-Wisp|p1a: Crashout YN
|-status|p1a: Crashout YN|brn
|
|-damage|p1a: Crashout YN|94/100 brn|[from] brn
|upkeep
|turn|2
|
|t:|1757909249
|move|p2a: Weezing|Strange Steam|p1a: Crashout YN
|-damage|p1a: Crashout YN|72/100 brn
|move|p1a: Crashout YN|Facade|p2a: Weezing
|-damage|p2a: Weezing|18/100
|
|-heal|p2a: Weezing|24/100|[from] item: Black Sludge
|-damage|p1a: Crashout YN|66/100 brn|[from] brn
|upkeep
|turn|3
|inactive|Battle timer is ON: inactive players will automatically lose when time's up. (requested by ripwal21)
|
|t:|1757909297
|switch|p2a: Great Tusk|Great Tusk|100/100
|move|p1a: Crashout YN|Headlong Rush|p2a: Great Tusk
|-damage|p2a: Great Tusk|23/100
|-unboost|p1a: Crashout YN|def|1
|-unboost|p1a: Crashout YN|spd|1
|
|-heal|p2a: Great Tusk|29/100|[from] item: Leftovers
|-damage|p1a: Crashout YN|59/100 brn|[from] brn
|upkeep
|turn|4
|
|t:|1757909313
|switch|p1a: Mimi|Mimikyu, F, shiny|100/100
|move|p2a: Great Tusk|Ice Spinner|p1a: Mimi
|-activate|p1a: Mimi|ability: Disguise
|-damage|p1a: Mimi|100/100
|detailschange|p1a: Mimi|Mimikyu-Busted, F, shiny
|-damage|p1a: Mimi|88/100|[from] pokemon: Mimikyu-Busted
|-enditem|p1a: Mimi|Red Card|[of] p2a: Great Tusk
|-end|p2a: Great Tusk|Protosynthesis|[silent]
|drag|p2a: Weezing|Weezing-Galar, M|24/100
|
|-heal|p2a: Weezing|30/100|[from] item: Black Sludge
|upkeep
|turn|5
|
|t:|1757909327
|move|p2a: Weezing|Toxic|p1a: Mimi
|-status|p1a: Mimi|tox
|move|p1a: Mimi|Trick Room|p1a: Mimi
|-fieldstart|move: Trick Room|[of] p1a: Mimi
|
|-heal|p2a: Weezing|36/100|[from] item: Black Sludge
|-damage|p1a: Mimi|82/100 tox|[from] psn
|upkeep
|turn|6
|
|t:|1757909338
|switch|p1a: Crashout YN|Ursaluna, F, shiny|59/100 brn
|move|p2a: Weezing|Strange Steam|p1a: Crashout YN
|-damage|p1a: Crashout YN|35/100 brn
|
|-heal|p2a: Weezing|42/100|[from] item: Black Sludge
|-damage|p1a: Crashout YN|29/100 brn|[from] brn
|upkeep
|turn|7
|inactive|TJ13_SSB has 120 seconds left.
|
|t:|1757909376
|move|p1a: Crashout YN|Headlong Rush|p2a: Weezing
|-immune|p2a: Weezing|[from] ability: Levitate
|move|p2a: Weezing|Strange Steam|p1a: Crashout YN
|-damage|p1a: Crashout YN|4/100 brn
|
|-heal|p2a: Weezing|48/100|[from] item: Black Sludge
|-damage|p1a: Crashout YN|0 fnt|[from] brn
|faint|p1a: Crashout YN
|upkeep
|-message|ripwal21 forfeited.
|
|win|TJ13_SSB
|raw|ripwal21's rating: 1205 &rarr; <strong>1182</strong><br />(-23 for losing)
|raw|TJ13_SSB's rating: 1228 &rarr; <strong>1251</strong><br />(+23 for winning)
|l|☆ripwal21
|player|p1|
|l|☆TJ13_SSB
|player|p2|
