|j|☆MadKingPropla201
|j|☆owl_with_scarf
|t:|1757837564
|gametype|singles
|player|p1|MadKingPropla201|veteran|1340
|player|p2|owl_with_scarf|#owlwithscarf|1434
|gen|9
|tier|[Gen 9] OU
|rated|
|rule|HP Percentage Mod: HP is shown in percentages
|rule|Endless Battle Clause: Forcing endless battles is banned
|rule|Species Clause: Limit one of each Pokémon
|rule|OHKO Clause: OHKO moves are banned
|rule|Evasion Items Clause: Evasion items are banned
|rule|Evasion Moves Clause: Evasion moves are banned
|rule|Evasion Abilities Clause: Evasion abilities are banned
|rule|Sleep Moves Clause: Sleep-inducing moves are banned
|clearpoke
|poke|p1|Enamorus, F|
|poke|p1|Dragonite, M|
|poke|p1|Iron Treads|
|poke|p1|Darkrai|
|poke|p1|Zamazenta-*|
|poke|p1|Slowking-Galar, M|
|poke|p2|Slowking, F|
|poke|p2|Hatterene, F|
|poke|p2|Raging Bolt|
|poke|p2|Comfey, F|
|poke|p2|Kingambit, M|
|poke|p2|Hydrapple, F|
|teampreview
|inactive|Battle timer is ON: inactive players will automatically lose when time's up. (requested by owl_with_scarf)
|inactive|MadKingPropla201 also wants the timer to be on.
|
|t:|1757837590
|teamsize|p1|6
|teamsize|p2|6
|start
|switch|p1a: Enamorus|Enamorus, F|100/100
|switch|p2a: Hatterene|Hatterene, F|100/100
|turn|1
|
|t:|1757837597
|-terastallize|p1a: Enamorus|Stellar
|move|p1a: Enamorus|Tera Blast|p2a: Hatterene|[anim] Tera Blast Stellar
|-damage|p2a: Hatterene|58/100
|-boost|p1a: Enamorus|atk|1
|-boost|p1a: Enamorus|spa|1
|move|p2a: Hatterene|Trick Room|p2a: Hatterene
|-fieldstart|move: Trick Room|[of] p2a: Hatterene
|
|upkeep
|turn|2
|
|t:|1757837607
|move|p2a: Hatterene|Psychic Noise|p1a: Enamorus
|-damage|p1a: Enamorus|42/100
|-start|p1a: Enamorus|move: Heal Block
|-damage|p2a: Hatterene|49/100|[from] item: Life Orb
|move|p1a: Enamorus|Sludge Bomb|p2a: Hatterene
|-supereffective|p2a: Hatterene
|-damage|p2a: Hatterene|0 fnt
|faint|p2a: Hatterene
|
|upkeep
|
|t:|1757837614
|switch|p2a: Kingambit|Kingambit, M|100/100
|-activate|p2a: Kingambit|ability: Supreme Overlord
|-start|p2a: Kingambit|fallen1|[silent]
|turn|3
|
|t:|1757837622
|move|p2a: Kingambit|Iron Head|p1a: Enamorus
|-supereffective|p1a: Enamorus
|-damage|p1a: Enamorus|0 fnt
|faint|p1a: Enamorus
|
|upkeep
|
|t:|1757837627
|switch|p1a: Zamazenta|Zamazenta|100/100
|-ability|p1a: Zamazenta|Dauntless Shield|boost
|-boost|p1a: Zamazenta|def|1
|turn|4
|
|t:|1757837634
|-end|p2a: Kingambit|fallen1|[silent]
|switch|p2a: Slowking|Slowking, F|100/100
|move|p1a: Zamazenta|Body Press|p2a: Slowking
|-resisted|p2a: Slowking
|-damage|p2a: Slowking|75/100
|
|upkeep
|turn|5
|
|t:|1757837640
|switch|p1a: Slowking|Slowking-Galar, M|100/100
|move|p2a: Slowking|Scald|p1a: Slowking
|-damage|p1a: Slowking|74/100
|-status|p1a: Slowking|brn
|
|-damage|p1a: Slowking|68/100 brn|[from] brn
|-fieldend|move: Trick Room
|upkeep
|turn|6
|
|t:|1757837652
|move|p1a: Slowking|Future Sight|p2a: Slowking
|-start|p1a: Slowking|move: Future Sight
|move|p2a: Slowking|Psyshock|p1a: Slowking
|-damage|p1a: Slowking|32/100 brn
|
|-damage|p1a: Slowking|26/100 brn|[from] brn
|upkeep
|turn|7
|
|t:|1757837661
|-prepare|p1a: Slowking|Chilly Reception|[premajor]
|move|p1a: Slowking|Chilly Reception|p1a: Slowking
|-weather|Snowscape
|
|t:|1757837664
|switch|p1a: Darkrai|Darkrai|100/100|[from] Chilly Reception
|move|p2a: Slowking|Scald|p1a: Darkrai
|-damage|p1a: Darkrai|54/100
|
|-weather|Snowscape|[upkeep]
|upkeep
|turn|8
|
|t:|1757837672
|move|p1a: Darkrai|Dark Pulse|p2a: Slowking
|-supereffective|p2a: Slowking
|-damage|p2a: Slowking|5/100
|-enditem|p2a: Slowking|Weakness Policy
|-boost|p2a: Slowking|atk|2|[from] item: Weakness Policy
|-boost|p2a: Slowking|spa|2|[from] item: Weakness Policy
|move|p2a: Slowking|Scald|p1a: Darkrai
|-damage|p1a: Darkrai|0 fnt
|faint|p1a: Darkrai
|
|-weather|Snowscape|[upkeep]
|-end|p2a: Slowking|move: Future Sight
|-resisted|p2a: Slowking
|-damage|p2a: Slowking|0 fnt
|faint|p2a: Slowking
|upkeep
|
|t:|1757837685
|switch|p1a: Slowking|Slowking-Galar, M|60/100 brn
|switch|p2a: Hydrapple|Hydrapple, F, shiny|100/100
|turn|9
|
|t:|1757837692
|move|p2a: Hydrapple|Nasty Plot|p2a: Hydrapple
|-boost|p2a: Hydrapple|spa|2
|move|p1a: Slowking|Sludge Wave|p2a: Hydrapple
|-supereffective|p2a: Hydrapple
|-damage|p2a: Hydrapple|25/100
|-status|p2a: Hydrapple|psn
|
|-weather|Snowscape|[upkeep]
|-damage|p2a: Hydrapple|13/100 psn|[from] psn
|-damage|p1a: Slowking|54/100 brn|[from] brn
|upkeep
|turn|10
|
|t:|1757837704
|move|p2a: Hydrapple|Fickle Beam|p1a: Slowking|[anim] Fickle Beam All Out
|-activate|p2a: Hydrapple|move: Fickle Beam
|-damage|p1a: Slowking|0 fnt
|faint|p1a: Slowking
|
|-weather|Snowscape|[upkeep]
|-damage|p2a: Hydrapple|0 fnt|[from] psn
|faint|p2a: Hydrapple
|upkeep
|
|t:|1757837717
|switch|p2a: Kingambit|Kingambit, M|100/100
|switch|p1a: Iron Treads|Iron Treads|100/100
|-activate|p2a: Kingambit|ability: Supreme Overlord
|-start|p2a: Kingambit|fallen3|[silent]
|-enditem|p1a: Iron Treads|Booster Energy
|-activate|p1a: Iron Treads|ability: Quark Drive|[fromitem]
|-start|p1a: Iron Treads|quarkdrivespe
|turn|11
|
|t:|1757837728
|move|p1a: Iron Treads|Earthquake|p2a: Kingambit
|-supereffective|p2a: Kingambit
|-damage|p2a: Kingambit|20/100
|move|p2a: Kingambit|Kowtow Cleave|p1a: Iron Treads
|-damage|p1a: Iron Treads|36/100
|
|-weather|none
|upkeep
|turn|12
|
|t:|1757837736
|move|p1a: Iron Treads|Stealth Rock|p2a: Kingambit
|-sidestart|p2: owl_with_scarf|move: Stealth Rock
|move|p2a: Kingambit|Kowtow Cleave|p1a: Iron Treads
|-damage|p1a: Iron Treads|0 fnt
|faint|p1a: Iron Treads
|-end|p1a: Iron Treads|Quark Drive|[silent]
|
|upkeep
|
|t:|1757837745
|switch|p1a: Dragonite|Dragonite, M|100/100
|turn|13
|
|t:|1757837765
|move|p1a: Dragonite|Dragon Dance|p1a: Dragonite
|-boost|p1a: Dragonite|atk|1
|-boost|p1a: Dragonite|spe|1
|move|p2a: Kingambit|Kowtow Cleave|p1a: Dragonite
|-damage|p1a: Dragonite|67/100
|
|upkeep
|turn|14
|
|t:|1757837772
|move|p1a: Dragonite|Extreme Speed|p2a: Kingambit
|-resisted|p2a: Kingambit
|-damage|p2a: Kingambit|0 fnt
|faint|p2a: Kingambit
|-end|p2a: Kingambit|fallen3|[silent]
|
|upkeep
|
|t:|1757837791
|switch|p2a: Comfey|Comfey, F|100/100
|-damage|p2a: Comfey|88/100|[from] Stealth Rock
|turn|15
|
|t:|1757837805
|move|p2a: Comfey|Draining Kiss|p1a: Dragonite
|-supereffective|p1a: Dragonite
|-damage|p1a: Dragonite|29/100
|-heal|p2a: Comfey|100/100|[from] drain|[of] p1a: Dragonite
|move|p1a: Dragonite|Earthquake|p2a: Comfey
|-damage|p2a: Comfey|39/100
|
|-heal|p2a: Comfey|46/100|[from] item: Leftovers
|upkeep
|turn|16
|
|t:|1757837819
|move|p2a: Comfey|Draining Kiss|p1a: Dragonite
|-supereffective|p1a: Dragonite
|-damage|p1a: Dragonite|0 fnt
|-heal|p2a: Comfey|68/100|[from] drain|[of] p1a: Dragonite
|faint|p1a: Dragonite
|
|-heal|p2a: Comfey|75/100|[from] item: Leftovers
|upkeep
|
|t:|1757837827
|switch|p1a: Zamazenta|Zamazenta|100/100
|turn|17
|
|t:|1757837832
|move|p2a: Comfey|Draining Kiss|p1a: Zamazenta
|-supereffective|p1a: Zamazenta
|-damage|p1a: Zamazenta|65/100
|-heal|p2a: Comfey|100/100|[from] drain|[of] p1a: Zamazenta
|move|p1a: Zamazenta|Play Rough|p2a: Comfey
|-damage|p2a: Comfey|67/100
|
|-heal|p1a: Zamazenta|72/100|[from] item: Leftovers
|-heal|p2a: Comfey|73/100|[from] item: Leftovers
|upkeep
|turn|18
|
|t:|1757837844
|move|p1a: Zamazenta|Play Rough|p2a: Comfey
|-damage|p2a: Comfey|39/100
|move|p2a: Comfey|Calm Mind|p2a: Comfey
|-boost|p2a: Comfey|spa|1
|-boost|p2a: Comfey|spd|1
|
|-heal|p1a: Zamazenta|78/100|[from] item: Leftovers
|-heal|p2a: Comfey|46/100|[from] item: Leftovers
|upkeep
|turn|19
|
|t:|1757837853
|move|p2a: Comfey|Draining Kiss|p1a: Zamazenta
|-supereffective|p1a: Zamazenta
|-damage|p1a: Zamazenta|31/100
|-heal|p2a: Comfey|83/100|[from] drain|[of] p1a: Zamazenta
|move|p1a: Zamazenta|Play Rough|p2a: Comfey
|-damage|p2a: Comfey|53/100
|
|-heal|p1a: Zamazenta|37/100|[from] item: Leftovers
|-heal|p2a: Comfey|60/100|[from] item: Leftovers
|upkeep
|turn|20
|-message|MadKingPropla201 forfeited.
|
|win|owl_with_scarf
|raw|MadKingPropla201's rating: 1340 &rarr; <strong>1324</strong><br />(-16 for losing)
|raw|owl_with_scarf's rating: 1411 &rarr; <strong>1427</strong><br />(+16 for winning)
