|j|☆Jmds900
|j|☆ctic858tx8yf
|t:|1757810518
|gametype|singles
|player|p1|Jmds900|101|1064
|player|p2|ctic858tx8yf|102|1111
|gen|9
|tier|[Gen 9] OU
|rated|
|rule|HP Percentage Mod: HP is shown in percentages
|rule|Endless Battle Clause: Forcing endless battles is banned
|rule|Species Clause: Limit one of each Pokémon
|rule|OHKO Clause: OHKO moves are banned
|rule|Evasion Items Clause: Evasion items are banned
|rule|Evasion Moves Clause: Evasion moves are banned
|rule|Evasion Abilities Clause: Evasion abilities are banned
|rule|Sleep Moves Clause: Sleep-inducing moves are banned
|clearpoke
|poke|p1|Poliwrath, F|
|poke|p1|Persian, F|
|poke|p1|Pelipper, M|
|poke|p1|Weezing, F|
|poke|p1|Ludicolo, M|
|poke|p1|Umbreon, F|
|poke|p2|Deoxys-Speed|
|poke|p2|Iron Crown|
|poke|p2|Ogerpon-Wellspring, F|
|poke|p2|Raging Bolt|
|poke|p2|Ceruledge, M|
|poke|p2|Iron Jugulis|
|teampreview
|
|t:|1757810524
|teamsize|p1|6
|teamsize|p2|6
|start
|switch|p1a: Persian|Persian, F|100/100
|switch|p2a: Deoxys|Deoxys-Speed|100/100
|-ability|p2a: Deoxys|Pressure
|turn|1
|inactive|Battle timer is ON: inactive players will automatically lose when time's up. (requested by ctic858tx8yf)
|
|t:|1757810531
|move|p1a: Persian|Fake Out|p2a: Deoxys
|-damage|p2a: Deoxys|82/100
|cant|p2a: Deoxys|flinch
|
|upkeep
|turn|2
|
|t:|1757810537
|move|p2a: Deoxys|Reflect|p2a: Deoxys
|-sidestart|p2: ctic858tx8yf|Reflect
|move|p1a: Persian|Taunt|p2a: Deoxys
|-start|p2a: Deoxys|move: Taunt
|
|upkeep
|turn|3
|
|t:|1757810543
|switch|p2a: Ceruledge|Ceruledge, M|100/100
|move|p1a: Persian|Knock Off|p2a: Ceruledge
|-supereffective|p2a: Ceruledge
|-damage|p2a: Ceruledge|79/100
|-ability|p2a: Ceruledge|Weak Armor|boost
|-unboost|p2a: Ceruledge|def|1
|-boost|p2a: Ceruledge|spe|2
|-enditem|p2a: Ceruledge|Life Orb|[from] move: Knock Off|[of] p1a: Persian
|
|upkeep
|turn|4
|
|t:|1757810561
|switch|p1a: Pelipper|Pelipper, M|100/100
|-weather|RainDance|[from] ability: Drizzle|[of] p1a: Pelipper
|move|p2a: Ceruledge|Swords Dance|p2a: Ceruledge
|-boost|p2a: Ceruledge|atk|2
|
|-weather|RainDance|[upkeep]
|upkeep
|turn|5
|
|t:|1757810571
|move|p2a: Ceruledge|Poltergeist|p1a: Pelipper
|-activate|p1a: Pelipper|move: Poltergeist|Damp Rock
|-damage|p1a: Pelipper|7/100
|move|p1a: Pelipper|Hurricane|p2a: Ceruledge
|-damage|p2a: Ceruledge|43/100
|-start|p2a: Ceruledge|confusion
|
|-weather|RainDance|[upkeep]
|upkeep
|turn|6
|
|t:|1757810583
|switch|p1a: Persian|Persian, F|100/100
|-activate|p2a: Ceruledge|confusion
|move|p2a: Ceruledge|Bitter Blade|p1a: Persian
|-damage|p1a: Persian|17/100
|-heal|p2a: Ceruledge|85/100|[from] drain|[of] p1a: Persian
|
|-weather|RainDance|[upkeep]
|upkeep
|turn|7
|
|t:|1757810596
|-end|p2a: Ceruledge|confusion
|move|p2a: Ceruledge|Swords Dance|p2a: Ceruledge
|-boost|p2a: Ceruledge|atk|2
|move|p1a: Persian|Knock Off|p2a: Ceruledge
|-supereffective|p2a: Ceruledge
|-damage|p2a: Ceruledge|63/100
|-ability|p2a: Ceruledge|Weak Armor|boost
|-unboost|p2a: Ceruledge|def|1
|-boost|p2a: Ceruledge|spe|2
|
|-weather|RainDance|[upkeep]
|upkeep
|turn|8
|
|t:|1757810610
|move|p2a: Ceruledge|Bitter Blade|p1a: Persian
|-damage|p1a: Persian|0 fnt
|-heal|p2a: Ceruledge|72/100|[from] drain|[of] p1a: Persian
|faint|p1a: Persian
|
|-weather|RainDance|[upkeep]
|upkeep
|
|t:|1757810618
|switch|p1a: Umbreon|Umbreon, F|100/100
|turn|9
|
|t:|1757810622
|move|p2a: Ceruledge|Bitter Blade|p1a: Umbreon
|-damage|p1a: Umbreon|50/100
|-heal|p2a: Ceruledge|100/100|[from] drain|[of] p1a: Umbreon
|move|p1a: Umbreon|Toxic|p2a: Ceruledge
|-status|p2a: Ceruledge|tox
|
|-weather|RainDance|[upkeep]
|-heal|p1a: Umbreon|56/100|[from] item: Leftovers
|-damage|p2a: Ceruledge|94/100 tox|[from] psn
|-sideend|p2: ctic858tx8yf|Reflect
|upkeep
|turn|10
|
|t:|1757810635
|move|p2a: Ceruledge|Bitter Blade|p1a: Umbreon
|-damage|p1a: Umbreon|8/100
|-heal|p2a: Ceruledge|100/100 tox|[from] drain|[of] p1a: Umbreon
|move|p1a: Umbreon|Wish|p1a: Umbreon
|
|-weather|RainDance|[upkeep]
|-heal|p1a: Umbreon|14/100|[from] item: Leftovers
|-damage|p2a: Ceruledge|88/100 tox|[from] psn
|upkeep
|turn|11
|
|t:|1757810645
|move|p1a: Umbreon|Protect|p1a: Umbreon
|-singleturn|p1a: Umbreon|Protect
|move|p2a: Ceruledge|Swords Dance|p2a: Ceruledge
|-boost|p2a: Ceruledge|atk|2
|
|-weather|none
|-heal|p1a: Umbreon|64/100|[from] move: Wish|[wisher] Umbreon
|-heal|p1a: Umbreon|70/100|[from] item: Leftovers
|-damage|p2a: Ceruledge|70/100 tox|[from] psn
|upkeep
|turn|12
|
|t:|1757810658
|move|p2a: Ceruledge|Bitter Blade|p1a: Umbreon
|-damage|p1a: Umbreon|0 fnt
|-heal|p2a: Ceruledge|100/100 tox|[from] drain|[of] p1a: Umbreon
|faint|p1a: Umbreon
|
|-damage|p2a: Ceruledge|76/100 tox|[from] psn
|upkeep
|
|t:|1757810667
|switch|p1a: Pelipper|Pelipper, M|7/100
|-weather|RainDance|[from] ability: Drizzle|[of] p1a: Pelipper
|turn|13
|
|t:|1757810672
|move|p2a: Ceruledge|Bitter Blade|p1a: Pelipper
|-resisted|p1a: Pelipper
|-damage|p1a: Pelipper|0 fnt
|-heal|p2a: Ceruledge|80/100 tox|[from] drain|[of] p1a: Pelipper
|faint|p1a: Pelipper
|
|-weather|RainDance|[upkeep]
|-damage|p2a: Ceruledge|49/100 tox|[from] psn
|upkeep
|
|t:|1757810683
|switch|p1a: Ludicolo|Ludicolo, M|100/100
|turn|14
|
|t:|1757810689
|move|p2a: Ceruledge|Bitter Blade|p1a: Ludicolo
|-damage|p1a: Ludicolo|0 fnt
|-heal|p2a: Ceruledge|95/100 tox|[from] drain|[of] p1a: Ludicolo
|faint|p1a: Ludicolo
|
|-weather|RainDance|[upkeep]
|-damage|p2a: Ceruledge|59/100 tox|[from] psn
|upkeep
|
|t:|1757810704
|switch|p1a: Poliwrath|Poliwrath, F|100/100
|turn|15
|
|t:|1757810713
|-terastallize|p1a: Poliwrath|Water
|move|p2a: Ceruledge|Poltergeist|p1a: Poliwrath
|-activate|p1a: Poliwrath|move: Poltergeist|Sitrus Berry
|-damage|p1a: Poliwrath|0 fnt
|faint|p1a: Poliwrath
|
|-weather|RainDance|[upkeep]
|-damage|p2a: Ceruledge|17/100 tox|[from] psn
|upkeep
|-message|Jmds900 forfeited.
|
|win|ctic858tx8yf
|raw|Jmds900's rating: 1064 &rarr; <strong>1047</strong><br />(-17 for losing)
|raw|ctic858tx8yf's rating: 1111 &rarr; <strong>1133</strong><br />(+22 for winning)
|l|☆Jmds900
|player|p1|
|l|☆ctic858tx8yf
|player|p2|
