|j|☆furgomi
|j|☆dispear04
|t:|1757943856
|gametype|singles
|player|p1|furgomi|170|1252
|player|p2|dispear04|liko|1224
|gen|9
|tier|[Gen 9] OU
|rated|
|rule|HP Percentage Mod: HP is shown in percentages
|rule|Endless Battle Clause: Forcing endless battles is banned
|rule|Species Clause: Limit one of each Pokémon
|rule|OHKO Clause: OHKO moves are banned
|rule|Evasion Items Clause: Evasion items are banned
|rule|Evasion Moves Clause: Evasion moves are banned
|rule|Evasion Abilities Clause: Evasion abilities are banned
|rule|Sleep Moves Clause: Sleep-inducing moves are banned
|clearpoke
|poke|p1|Slowking, F|
|poke|p1|Hydrapple, M|
|poke|p1|Garganacl, M|
|poke|p1|Staraptor, M|
|poke|p1|Raikou|
|poke|p1|Mandibuzz, F|
|poke|p2|Dragapult, F|
|poke|p2|Glastrier|
|poke|p2|Tinkaton, F|
|poke|p2|Ting-Lu|
|poke|p2|Iron Hands|
|poke|p2|Moltres|
|teampreview
|inactive|Battle timer is ON: inactive players will automatically lose when time's up. (requested by dispear04)
|l|☆dispear04
|inactive|dispear04 disconnected and has a minute to reconnect!
|player|p2|
|j|☆dispear04
|inactive|dispear04 reconnected and has 125 seconds left.
|player|p2|dispear04|liko|
|
|t:|1757943886
|teamsize|p1|6
|teamsize|p2|6
|start
|switch|p1a: Staraptor|Staraptor, M, shiny|100/100
|switch|p2a: Ting-Lu|Ting-Lu|100/100
|-ability|p2a: Ting-Lu|Vessel of Ruin
|turn|1
|
|t:|1757943893
|move|p1a: Staraptor|Close Combat|p2a: Ting-Lu
|-supereffective|p2a: Ting-Lu
|-damage|p2a: Ting-Lu|58/100
|-unboost|p1a: Staraptor|def|1
|-unboost|p1a: Staraptor|spd|1
|move|p2a: Ting-Lu|Spikes|p1a: Staraptor
|-sidestart|p1: furgomi|Spikes
|
|-heal|p2a: Ting-Lu|65/100|[from] item: Leftovers
|upkeep
|turn|2
|
|t:|1757943901
|move|p1a: Staraptor|Close Combat|p2a: Ting-Lu
|-supereffective|p2a: Ting-Lu
|-damage|p2a: Ting-Lu|19/100
|-unboost|p1a: Staraptor|def|1
|-unboost|p1a: Staraptor|spd|1
|move|p2a: Ting-Lu|Whirlwind|p1a: Staraptor
|drag|p1a: Mandibuzz|Mandibuzz, F|100/100
|
|-heal|p2a: Ting-Lu|25/100|[from] item: Leftovers
|upkeep
|turn|3
|
|t:|1757943912
|move|p1a: Mandibuzz|Defog|p2a: Ting-Lu
|-unboost|p2a: Ting-Lu|evasion|1
|-sideend|p1: furgomi|Spikes|[from] move: Defog|[of] p1a: Mandibuzz
|move|p2a: Ting-Lu|Spikes|p1a: Mandibuzz
|-sidestart|p1: furgomi|Spikes
|
|-heal|p2a: Ting-Lu|31/100|[from] item: Leftovers
|upkeep
|turn|4
|
|t:|1757943920
|switch|p1a: Staraptor|Staraptor, M, shiny|100/100
|move|p2a: Ting-Lu|Ruination|p1a: Staraptor|[miss]
|-miss|p2a: Ting-Lu|p1a: Staraptor
|
|-heal|p2a: Ting-Lu|38/100|[from] item: Leftovers
|upkeep
|turn|5
|
|t:|1757943934
|switch|p2a: Dragapult|Dragapult, F|100/100
|move|p1a: Staraptor|U-turn|p2a: Dragapult
|-resisted|p2a: Dragapult
|-damage|p2a: Dragapult|85/100
|
|t:|1757943940
|switch|p1a: Mandibuzz|Mandibuzz, F|100/100|[from] U-turn
|
|upkeep
|turn|6
|
|t:|1757943952
|move|p2a: Dragapult|Draco Meteor|p1a: Mandibuzz
|-damage|p1a: Mandibuzz|61/100
|-unboost|p2a: Dragapult|spa|2
|move|p1a: Mandibuzz|Foul Play|p2a: Dragapult
|-supereffective|p2a: Dragapult
|-damage|p2a: Dragapult|0 fnt
|faint|p2a: Dragapult
|
|upkeep
|
|t:|1757943963
|switch|p2a: Iron Hands|Iron Hands|100/100
|turn|7
|
|t:|1757943976
|switch|p1a: Hydrapple|Hydrapple, M, shiny|100/100
|-damage|p1a: Hydrapple|88/100|[from] Spikes
|move|p2a: Iron Hands|Swords Dance|p2a: Iron Hands
|-boost|p2a: Iron Hands|atk|2
|
|upkeep
|turn|8
|
|t:|1757943989
|-terastallize|p1a: Hydrapple|Water
|move|p2a: Iron Hands|Ice Punch|p1a: Hydrapple
|-resisted|p1a: Hydrapple
|-damage|p1a: Hydrapple|73/100
|-status|p1a: Hydrapple|frz
|-damage|p2a: Iron Hands|84/100|[from] item: Rocky Helmet|[of] p1a: Hydrapple
|cant|p1a: Hydrapple|frz
|
|upkeep
|turn|9
|
|t:|1757944001
|move|p2a: Iron Hands|Thunder Punch|p1a: Hydrapple
|-supereffective|p1a: Hydrapple
|-damage|p1a: Hydrapple|0 fnt
|-damage|p2a: Iron Hands|68/100|[from] item: Rocky Helmet|[of] p1a: Hydrapple
|faint|p1a: Hydrapple
|
|upkeep
|
|t:|1757944007
|switch|p1a: Staraptor|Staraptor, M, shiny|100/100
|turn|10
|
|t:|1757944013
|move|p1a: Staraptor|Final Gambit|p2a: Iron Hands
|-damage|p2a: Iron Hands|4/100
|faint|p1a: Staraptor
|move|p2a: Iron Hands|Thunder Punch|p1: Staraptor|[notarget]
|-fail|p2a: Iron Hands
|
|upkeep
|
|t:|1757944018
|switch|p1a: Raikou|Raikou, shiny|100/100
|-damage|p1a: Raikou|88/100|[from] Spikes
|turn|11
|
|t:|1757944024
|move|p1a: Raikou|Scald|p2a: Iron Hands
|-damage|p2a: Iron Hands|0 fnt
|faint|p2a: Iron Hands
|-end|p2a: Iron Hands|Quark Drive|[silent]
|
|upkeep
|c|☆dispear04|?????
|c|☆dispear04|it learns that
|c|☆dispear04|?
|
|t:|1757944046
|switch|p2a: Ting-Lu|Ting-Lu|38/100
|-ability|p2a: Ting-Lu|Vessel of Ruin
|turn|12
|
|t:|1757944052
|-terastallize|p2a: Ting-Lu|Water
|move|p1a: Raikou|Scald|p2a: Ting-Lu
|-resisted|p2a: Ting-Lu
|-damage|p2a: Ting-Lu|30/100
|move|p2a: Ting-Lu|Earthquake|p1a: Raikou
|-supereffective|p1a: Raikou
|-damage|p1a: Raikou|0 fnt
|faint|p1a: Raikou
|
|-heal|p2a: Ting-Lu|36/100|[from] item: Leftovers
|upkeep
|
|t:|1757944065
|switch|p1a: Mandibuzz|Mandibuzz, F|61/100
|turn|13
|
|t:|1757944071
|switch|p2a: Tinkaton|Tinkaton, F|100/100
|-item|p2a: Tinkaton|Air Balloon
|move|p1a: Mandibuzz|Defog|p2a: Tinkaton
|-unboost|p2a: Tinkaton|evasion|1
|-sideend|p1: furgomi|Spikes|[from] move: Defog|[of] p1a: Mandibuzz
|
|upkeep
|turn|14
|
|t:|1757944080
|switch|p1a: Slowking|Slowking, F, shiny|100/100
|move|p2a: Tinkaton|Gigaton Hammer|p1a: Slowking
|-resisted|p1a: Slowking
|-damage|p1a: Slowking|77/100
|
|upkeep
|turn|15
|
|t:|1757944089
|move|p2a: Tinkaton|Knock Off|p1a: Slowking
|-supereffective|p1a: Slowking
|-damage|p1a: Slowking|43/100
|-enditem|p1a: Slowking|Assault Vest|[from] move: Knock Off|[of] p2a: Tinkaton
|move|p1a: Slowking|Flamethrower|p2a: Tinkaton
|-supereffective|p2a: Tinkaton
|-damage|p2a: Tinkaton|68/100
|-enditem|p2a: Tinkaton|Air Balloon
|
|upkeep
|turn|16
|
|t:|1757944099
|move|p2a: Tinkaton|Gigaton Hammer|p1a: Slowking
|-resisted|p1a: Slowking
|-damage|p1a: Slowking|22/100
|move|p1a: Slowking|Scald|p2a: Tinkaton
|-damage|p2a: Tinkaton|44/100
|
|upkeep
|turn|17
|
|t:|1757944105
|switch|p1a: Mandibuzz|Mandibuzz, F|61/100
|move|p2a: Tinkaton|Knock Off|p1a: Mandibuzz
|-resisted|p1a: Mandibuzz
|-damage|p1a: Mandibuzz|56/100
|-enditem|p1a: Mandibuzz|Heavy-Duty Boots|[from] move: Knock Off|[of] p2a: Tinkaton
|
|upkeep
|turn|18
|
|t:|1757944112
|move|p2a: Tinkaton|Gigaton Hammer|p1a: Mandibuzz
|-damage|p1a: Mandibuzz|31/100
|move|p1a: Mandibuzz|Roost|p1a: Mandibuzz
|-heal|p1a: Mandibuzz|81/100
|-singleturn|p1a: Mandibuzz|move: Roost
|
|upkeep
|turn|19
|
|t:|1757944121
|move|p2a: Tinkaton|Encore|p1a: Mandibuzz
|-start|p1a: Mandibuzz|Encore
|move|p1a: Mandibuzz|Roost|p1a: Mandibuzz
|-heal|p1a: Mandibuzz|100/100
|-singleturn|p1a: Mandibuzz|move: Roost
|
|upkeep
|turn|20
|
|t:|1757944127
|switch|p2a: Glastrier|Glastrier|100/100
|switch|p1a: Slowking|Slowking, F, shiny|55/100
|
|upkeep
|turn|21
|
|t:|1757944135
|move|p2a: Glastrier|Swords Dance|p2a: Glastrier
|-boost|p2a: Glastrier|atk|2
|move|p1a: Slowking|Future Sight|p2a: Glastrier
|-start|p1a: Slowking|move: Future Sight
|
|upkeep
|turn|22
|
|t:|1757944143
|switch|p1a: Garganacl|Garganacl, M, shiny|100/100
|move|p2a: Glastrier|High Horsepower|p1a: Garganacl
|-supereffective|p1a: Garganacl
|-damage|p1a: Garganacl|9/100
|
|-heal|p1a: Garganacl|15/100|[from] item: Leftovers
|upkeep
|turn|23
|
|t:|1757944160
|move|p2a: Glastrier|High Horsepower|p1a: Garganacl
|-supereffective|p1a: Garganacl
|-damage|p1a: Garganacl|0 fnt
|faint|p1a: Garganacl
|-ability|p2a: Glastrier|Chilling Neigh|boost
|-boost|p2a: Glastrier|atk|1
|
|-end|p2a: Glastrier|move: Future Sight
|-damage|p2a: Glastrier|64/100
|upkeep
|
|t:|1757944167
|switch|p1a: Mandibuzz|Mandibuzz, F|100/100
|turn|24
|
|t:|1757944170
|move|p1a: Mandibuzz|Foul Play|p2a: Glastrier
|-damage|p2a: Glastrier|0 fnt
|faint|p2a: Glastrier
|
|upkeep
|
|t:|1757944174
|switch|p2a: Moltres|Moltres|100/100
|turn|25
|
|t:|1757944179
|switch|p1a: Slowking|Slowking, F, shiny|88/100
|move|p2a: Moltres|Will-O-Wisp|p1a: Slowking
|-status|p1a: Slowking|brn
|
|-damage|p1a: Slowking|82/100 brn|[from] brn
|upkeep
|turn|26
|
|t:|1757944191
|move|p2a: Moltres|U-turn|p1a: Slowking
|-supereffective|p1a: Slowking
|-damage|p1a: Slowking|52/100 brn
|
|t:|1757944194
|switch|p2a: Ting-Lu|Ting-Lu, tera:Water|36/100|[from] U-turn
|-ability|p2a: Ting-Lu|Vessel of Ruin
|move|p1a: Slowking|Scald|p2a: Ting-Lu
|-resisted|p2a: Ting-Lu
|-damage|p2a: Ting-Lu|30/100
|
|-heal|p2a: Ting-Lu|36/100|[from] item: Leftovers
|-damage|p1a: Slowking|46/100 brn|[from] brn
|upkeep
|turn|27
|
|t:|1757944204
|move|p2a: Ting-Lu|Ruination|p1a: Slowking
|-damage|p1a: Slowking|23/100 brn
|move|p1a: Slowking|Future Sight|p2a: Ting-Lu
|-start|p1a: Slowking|move: Future Sight
|
|-heal|p2a: Ting-Lu|43/100|[from] item: Leftovers
|-damage|p1a: Slowking|17/100 brn|[from] brn
|upkeep
|turn|28
|
|t:|1757944211
|switch|p1a: Mandibuzz|Mandibuzz, F|100/100
|move|p2a: Ting-Lu|Earthquake|p1a: Mandibuzz
|-immune|p1a: Mandibuzz
|
|-heal|p2a: Ting-Lu|49/100|[from] item: Leftovers
|upkeep
|turn|29
|
|t:|1757944218
|move|p1a: Mandibuzz|Foul Play|p2a: Ting-Lu
|-damage|p2a: Ting-Lu|30/100
|move|p2a: Ting-Lu|Ruination|p1a: Mandibuzz
|-damage|p1a: Mandibuzz|51/100
|
|-end|p2a: Ting-Lu|move: Future Sight
|-damage|p2a: Ting-Lu|13/100
|-heal|p2a: Ting-Lu|19/100|[from] item: Leftovers
|upkeep
|turn|30
|
|t:|1757944227
|move|p1a: Mandibuzz|Foul Play|p2a: Ting-Lu
|-damage|p2a: Ting-Lu|1/100
|move|p2a: Ting-Lu|Spikes|p1a: Mandibuzz
|-sidestart|p1: furgomi|Spikes
|
|-heal|p2a: Ting-Lu|7/100|[from] item: Leftovers
|upkeep
|turn|31
|
|t:|1757944240
|move|p1a: Mandibuzz|Foul Play|p2a: Ting-Lu
|-damage|p2a: Ting-Lu|0 fnt
|faint|p2a: Ting-Lu
|
|upkeep
|
|t:|1757944243
|switch|p2a: Moltres|Moltres|100/100
|turn|32
|
|t:|1757944248
|move|p2a: Moltres|Flamethrower|p1a: Mandibuzz
|-damage|p1a: Mandibuzz|25/100
|move|p1a: Mandibuzz|Defog|p2a: Moltres
|-unboost|p2a: Moltres|evasion|1
|-sideend|p1: furgomi|Spikes|[from] move: Defog|[of] p1a: Mandibuzz
|
|upkeep
|turn|33
|
|t:|1757944254
|move|p2a: Moltres|Flamethrower|p1a: Mandibuzz
|-damage|p1a: Mandibuzz|0 fnt
|faint|p1a: Mandibuzz
|
|upkeep
|
|t:|1757944258
|switch|p1a: Slowking|Slowking, F, shiny|50/100 brn
|turn|34
|
|t:|1757944261
|move|p2a: Moltres|U-turn|p1a: Slowking
|-supereffective|p1a: Slowking
|-damage|p1a: Slowking|22/100 brn
|
|t:|1757944264
|switch|p2a: Tinkaton|Tinkaton, F|44/100|[from] U-turn
|move|p1a: Slowking|Scald|p2a: Tinkaton
|-damage|p2a: Tinkaton|21/100
|
|-damage|p1a: Slowking|15/100 brn|[from] brn
|upkeep
|turn|35
|
|t:|1757944271
|move|p2a: Tinkaton|Gigaton Hammer|p1a: Slowking
|-resisted|p1a: Slowking
|-damage|p1a: Slowking|0 fnt
|faint|p1a: Slowking
|
|win|dispear04
|raw|furgomi's rating: 1252 &rarr; <strong>1225</strong><br />(-27 for losing)
|raw|dispear04's rating: 1224 &rarr; <strong>1251</strong><br />(+27 for winning)
|l|☆dispear04
|player|p2|
|l|☆furgomi
|player|p1|
