|j|☆maxseiji
|j|☆StarDio
|t:|1757930775
|gametype|singles
|player|p1|maxseiji|gambler|1533
|player|p2|StarDio|lance|1580
|gen|9
|tier|[Gen 9] OU
|rated|
|rule|HP Percentage Mod: HP is shown in percentages
|rule|Endless Battle Clause: Forcing endless battles is banned
|rule|Species Clause: Limit one of each Pokémon
|rule|OHKO Clause: OHKO moves are banned
|rule|Evasion Items Clause: Evasion items are banned
|rule|Evasion Moves Clause: Evasion moves are banned
|rule|Evasion Abilities Clause: Evasion abilities are banned
|rule|Sleep Moves Clause: Sleep-inducing moves are banned
|clearpoke
|poke|p1|Dragonite, M|
|poke|p1|Landorus-Therian, M|
|poke|p1|Iron Valiant|
|poke|p1|Kyurem|
|poke|p1|Hatterene, F|
|poke|p1|Ogerpon-Wellspring, F|
|poke|p2|Lokix, M|
|poke|p2|Iron Crown|
|poke|p2|Gliscor, F|
|poke|p2|Garganacl, F|
|poke|p2|Pecharunt|
|poke|p2|Cinderace, F|
|teampreview
|inactive|Battle timer is ON: inactive players will automatically lose when time's up. (requested by StarDio)
|
|t:|1757930785
|teamsize|p1|6
|teamsize|p2|6
|start
|switch|p1a: Kyurem|Kyurem|100/100
|switch|p2a: Cinderace|Cinderace, F|100/100
|-ability|p1a: Kyurem|Pressure
|turn|1
|
|t:|1757930789
|move|p2a: Cinderace|Will-O-Wisp|p1a: Kyurem
|-status|p1a: Kyurem|brn
|move|p1a: Kyurem|Draco Meteor|p2a: Cinderace
|-damage|p2a: Cinderace|0 fnt
|-unboost|p1a: Kyurem|spa|2
|faint|p2a: Cinderace
|
|-damage|p1a: Kyurem|94/100 brn|[from] brn
|upkeep
|
|t:|1757930794
|switch|p2a: Lokix|Lokix, M|100/100
|turn|2
|
|t:|1757930804
|move|p1a: Kyurem|Draco Meteor|p2a: Lokix
|-damage|p2a: Lokix|3/100
|-unboost|p1a: Kyurem|spa|2
|move|p2a: Lokix|Knock Off|p1a: Kyurem
|-damage|p1a: Kyurem|52/100 brn
|-enditem|p1a: Kyurem|Choice Specs|[from] move: Knock Off|[of] p2a: Lokix
|
|-damage|p1a: Kyurem|46/100 brn|[from] brn
|upkeep
|turn|3
|
|t:|1757930813
|switch|p1a: Landorus|Landorus-Therian, M|100/100
|-ability|p1a: Landorus|Intimidate|boost
|-unboost|p2a: Lokix|atk|1
|move|p2a: Lokix|Sucker Punch||[still]
|-fail|p2a: Lokix
|
|upkeep
|turn|4
|
|t:|1757930819
|move|p1a: Landorus|Stealth Rock|p2a: Lokix
|-sidestart|p2: StarDio|move: Stealth Rock
|move|p2a: Lokix|Knock Off|p1a: Landorus
|-damage|p1a: Landorus|71/100
|-damage|p2a: Lokix|0 fnt|[from] item: Rocky Helmet|[of] p1a: Landorus
|faint|p2a: Lokix
|
|upkeep
|
|t:|1757930827
|switch|p2a: Iron Crown|Iron Crown|100/100
|-damage|p2a: Iron Crown|94/100|[from] Stealth Rock
|turn|5
|
|t:|1757930836
|move|p2a: Iron Crown|Psyshock|p1a: Landorus
|-damage|p1a: Landorus|12/100
|move|p1a: Landorus|Earth Power|p2a: Iron Crown
|-supereffective|p2a: Iron Crown
|-damage|p2a: Iron Crown|36/100
|
|upkeep
|turn|6
|
|t:|1757930842
|move|p2a: Iron Crown|Psyshock|p1a: Landorus
|-damage|p1a: Landorus|0 fnt
|faint|p1a: Landorus
|
|upkeep
|
|t:|1757930845
|switch|p1a: Ogerpon|Ogerpon-Wellspring, F|100/100
|turn|7
|
|t:|1757930848
|-end|p2a: Iron Crown|Quark Drive|[silent]
|switch|p2a: Pecharunt|Pecharunt|100/100
|move|p1a: Ogerpon|Knock Off|p2a: Pecharunt
|-supereffective|p2a: Pecharunt
|-damage|p2a: Pecharunt|66/100
|-enditem|p2a: Pecharunt|Heavy-Duty Boots|[from] move: Knock Off|[of] p1a: Ogerpon
|
|upkeep
|turn|8
|
|t:|1757930861
|move|p1a: Ogerpon|U-turn|p2a: Pecharunt
|-resisted|p2a: Pecharunt
|-damage|p2a: Pecharunt|63/100
|
|t:|1757930869
|switch|p1a: Kyurem|Kyurem|46/100 brn|[from] U-turn
|-ability|p1a: Kyurem|Pressure
|move|p2a: Pecharunt|Malignant Chain|p1a: Kyurem
|-damage|p1a: Kyurem|15/100 brn
|
|-damage|p1a: Kyurem|8/100 brn|[from] brn
|upkeep
|turn|9
|
|t:|1757930878
|switch|p2a: Gliscor|Gliscor, F|100/100
|-damage|p2a: Gliscor|88/100|[from] Stealth Rock
|move|p1a: Kyurem|Ice Beam|p2a: Gliscor
|-supereffective|p2a: Gliscor
|-damage|p2a: Gliscor|0 fnt
|faint|p2a: Gliscor
|
|-damage|p1a: Kyurem|2/100 brn|[from] brn
|upkeep
|
|t:|1757930883
|switch|p2a: Garganacl|Garganacl, F|100/100
|-damage|p2a: Garganacl|88/100|[from] Stealth Rock
|turn|10
|
|t:|1757930892
|switch|p1a: Hatterene|Hatterene, F|100/100
|move|p2a: Garganacl|Protect||[still]
|-fail|p2a: Garganacl
|
|-heal|p2a: Garganacl|94/100|[from] item: Leftovers
|upkeep
|turn|11
|
|t:|1757930897
|switch|p2a: Iron Crown|Iron Crown|36/100
|-damage|p2a: Iron Crown|29/100|[from] Stealth Rock
|move|p1a: Hatterene|Psychic Noise|p2a: Iron Crown
|-resisted|p2a: Iron Crown
|-damage|p2a: Iron Crown|22/100
|-start|p2a: Iron Crown|move: Heal Block
|
|upkeep
|turn|12
|
|t:|1757930902
|switch|p1a: Ogerpon|Ogerpon-Wellspring, F|100/100
|move|p2a: Iron Crown|Tachyon Cutter|p1a: Ogerpon
|-resisted|p1a: Ogerpon
|-damage|p1a: Ogerpon|78/100
|-resisted|p1a: Ogerpon
|-damage|p1a: Ogerpon|57/100
|-hitcount|p1a: Ogerpon|2
|
|-end|p2a: Iron Crown|move: Heal Block
|upkeep
|turn|13
|
|t:|1757930905
|move|p1a: Ogerpon|Knock Off|p2a: Iron Crown
|-supereffective|p2a: Iron Crown
|-damage|p2a: Iron Crown|0 fnt
|-enditem|p2a: Iron Crown|Choice Specs|[from] move: Knock Off|[of] p1a: Ogerpon
|faint|p2a: Iron Crown
|-end|p2a: Iron Crown|Quark Drive|[silent]
|
|upkeep
|
|t:|1757930907
|switch|p2a: Pecharunt|Pecharunt|63/100
|-damage|p2a: Pecharunt|50/100|[from] Stealth Rock
|turn|14
|
|t:|1757930915
|move|p1a: Ogerpon|U-turn|p2a: Pecharunt
|-resisted|p2a: Pecharunt
|-damage|p2a: Pecharunt|47/100
|
|t:|1757930916
|switch|p1a: Iron Valiant|Iron Valiant|100/100|[from] U-turn
|-enditem|p1a: Iron Valiant|Booster Energy
|-activate|p1a: Iron Valiant|ability: Quark Drive|[fromitem]
|-start|p1a: Iron Valiant|quarkdrivespe
|move|p2a: Pecharunt|Recover|p2a: Pecharunt
|-heal|p2a: Pecharunt|97/100
|
|upkeep
|turn|15
|
|t:|1757930926
|move|p1a: Iron Valiant|Encore|p2a: Pecharunt
|-start|p2a: Pecharunt|Encore
|move|p2a: Pecharunt|Recover|p2a: Pecharunt
|-heal|p2a: Pecharunt|100/100
|
|upkeep
|turn|16
|
|t:|1757930932
|switch|p2a: Garganacl|Garganacl, F|94/100
|-damage|p2a: Garganacl|82/100|[from] Stealth Rock
|move|p1a: Iron Valiant|Knock Off|p2a: Garganacl
|-damage|p2a: Garganacl|63/100
|-enditem|p2a: Garganacl|Leftovers|[from] move: Knock Off|[of] p1a: Iron Valiant
|
|upkeep
|turn|17
|
|t:|1757930937
|-terastallize|p2a: Garganacl|Water
|move|p1a: Iron Valiant|Close Combat|p2a: Garganacl
|-damage|p2a: Garganacl|30/100
|-unboost|p1a: Iron Valiant|def|1
|-unboost|p1a: Iron Valiant|spd|1
|move|p2a: Garganacl|Salt Cure|p1a: Iron Valiant
|-resisted|p1a: Iron Valiant
|-damage|p1a: Iron Valiant|87/100
|-start|p1a: Iron Valiant|Salt Cure
|
|-damage|p1a: Iron Valiant|75/100|[from] Salt Cure
|upkeep
|turn|18
|
|t:|1757930953
|move|p2a: Garganacl|Protect|p2a: Garganacl
|-singleturn|p2a: Garganacl|Protect
|move|p1a: Iron Valiant|Moonblast|p2a: Garganacl
|-activate|p2a: Garganacl|move: Protect
|
|-damage|p1a: Iron Valiant|62/100|[from] Salt Cure
|upkeep
|turn|19
|
|t:|1757930959
|switch|p2a: Pecharunt|Pecharunt|100/100
|-damage|p2a: Pecharunt|88/100|[from] Stealth Rock
|move|p1a: Iron Valiant|Moonblast|p2a: Pecharunt
|-resisted|p2a: Pecharunt
|-damage|p2a: Pecharunt|65/100
|
|-damage|p1a: Iron Valiant|50/100|[from] Salt Cure
|upkeep
|turn|20
|
|t:|1757930971
|-end|p1a: Iron Valiant|Quark Drive|[silent]
|switch|p1a: Hatterene|Hatterene, F|100/100
|move|p2a: Pecharunt|Malignant Chain|p1a: Hatterene
|-supereffective|p1a: Hatterene
|-damage|p1a: Hatterene|31/100
|-enditem|p1a: Hatterene|Eject Button
|
|t:|1757930980
|switch|p1a: Kyurem|Kyurem|2/100 brn
|-ability|p1a: Kyurem|Pressure
|
|-damage|p1a: Kyurem|0 fnt|[from] brn
|faint|p1a: Kyurem
|upkeep
|
|t:|1757930997
|switch|p1a: Ogerpon|Ogerpon-Wellspring, F|57/100
|turn|21
|
|t:|1757931003
|move|p1a: Ogerpon|Ivy Cudgel|p2a: Pecharunt|[anim] Ivy Cudgel Water
|-damage|p2a: Pecharunt|37/100
|move|p2a: Pecharunt|Recover|p2a: Pecharunt
|-heal|p2a: Pecharunt|87/100
|
|upkeep
|turn|22
|
|t:|1757931009
|move|p1a: Ogerpon|Ivy Cudgel|p2a: Pecharunt|[anim] Ivy Cudgel Water
|-damage|p2a: Pecharunt|58/100
|move|p2a: Pecharunt|Malignant Chain|p1a: Ogerpon
|-supereffective|p1a: Ogerpon
|-damage|p1a: Ogerpon|0 fnt
|faint|p1a: Ogerpon
|
|upkeep
|
|t:|1757931013
|switch|p1a: Iron Valiant|Iron Valiant|50/100
|turn|23
|
|t:|1757931022
|move|p1a: Iron Valiant|Moonblast|p2a: Pecharunt
|-resisted|p2a: Pecharunt
|-damage|p2a: Pecharunt|34/100
|-unboost|p2a: Pecharunt|spa|1
|move|p2a: Pecharunt|Recover|p2a: Pecharunt
|-heal|p2a: Pecharunt|84/100
|
|upkeep
|turn|24
|
|t:|1757931027
|switch|p2a: Garganacl|Garganacl, F, tera:Water|30/100
|-damage|p2a: Garganacl|18/100|[from] Stealth Rock
|move|p1a: Iron Valiant|Encore||[still]
|-fail|p1a: Iron Valiant
|
|upkeep
|turn|25
|
|t:|1757931032
|move|p1a: Iron Valiant|Moonblast|p2a: Garganacl
|-damage|p2a: Garganacl|0 fnt
|faint|p2a: Garganacl
|
|upkeep
|
|t:|1757931034
|switch|p2a: Pecharunt|Pecharunt|84/100
|-damage|p2a: Pecharunt|72/100|[from] Stealth Rock
|turn|26
|
|t:|1757931049
|-terastallize|p1a: Iron Valiant|Steel
|move|p1a: Iron Valiant|Moonblast|p2a: Pecharunt
|-resisted|p2a: Pecharunt
|-damage|p2a: Pecharunt|47/100
|move|p2a: Pecharunt|Malignant Chain|p1a: Iron Valiant
|-immune|p1a: Iron Valiant
|
|upkeep
|turn|27
|
|t:|1757931058
|-end|p1a: Iron Valiant|Quark Drive|[silent]
|switch|p1a: Hatterene|Hatterene, F|31/100
|move|p2a: Pecharunt|Foul Play|p1a: Hatterene
|-damage|p1a: Hatterene|15/100
|
|upkeep
|turn|28
|
|t:|1757931067
|move|p2a: Pecharunt|Malignant Chain|p1a: Hatterene
|-supereffective|p1a: Hatterene
|-damage|p1a: Hatterene|0 fnt
|faint|p1a: Hatterene
|
|upkeep
|
|t:|1757931070
|switch|p1a: Dragonite|Dragonite, M|100/100
|turn|29
|
|t:|1757931074
|move|p1a: Dragonite|Earthquake|p2a: Pecharunt
|-supereffective|p2a: Pecharunt
|-damage|p2a: Pecharunt|12/100
|move|p2a: Pecharunt|Recover|p2a: Pecharunt
|-heal|p2a: Pecharunt|62/100
|
|upkeep
|turn|30
|
|t:|1757931080
|move|p1a: Dragonite|Earthquake|p2a: Pecharunt
|-supereffective|p2a: Pecharunt
|-damage|p2a: Pecharunt|23/100
|move|p2a: Pecharunt|Foul Play|p1a: Dragonite
|-damage|p1a: Dragonite|79/100
|
|upkeep
|turn|31
|
|t:|1757931084
|move|p1a: Dragonite|Earthquake|p2a: Pecharunt
|-supereffective|p2a: Pecharunt
|-damage|p2a: Pecharunt|0 fnt
|faint|p2a: Pecharunt
|
|win|maxseiji
|raw|maxseiji's rating: 1533 &rarr; <strong>1556</strong><br />(+23 for winning)
|raw|StarDio's rating: 1580 &rarr; <strong>1557</strong><br />(-23 for losing)
|l|☆StarDio
|player|p2|
|l|☆maxseiji
|player|p1|
