|j|☆AxeDarkMon117
|j|☆Soy_Daniel28
|t:|1757798986
|gametype|singles
|player|p1|AxeDarkMon117|ingo|1000
|player|p2|Soy_Daniel28|nate|1000
|gen|9
|tier|[Gen 9] OU
|rated|
|rule|HP Percentage Mod: HP is shown in percentages
|rule|Endless Battle Clause: Forcing endless battles is banned
|rule|Species Clause: Limit one of each Pokémon
|rule|OHKO Clause: OHKO moves are banned
|rule|Evasion Items Clause: Evasion items are banned
|rule|Evasion Moves Clause: Evasion moves are banned
|rule|Evasion Abilities Clause: Evasion abilities are banned
|rule|Sleep Moves Clause: Sleep-inducing moves are banned
|clearpoke
|poke|p1|Clodsire, M|
|poke|p1|Gyarados, M|
|poke|p1|Politoed, F|
|poke|p1|Pelipper, M|
|poke|p1|Zapdos|
|poke|p1|Raging Bolt|
|poke|p2|Pikachu, M|
|poke|p2|Greninja-*, M|
|poke|p2|Lucario, M|
|poke|p2|Dragonite, F|
|poke|p2|Torterra, F|
|poke|p2|Gengar, M|
|teampreview
|
|t:|1757798994
|teamsize|p1|6
|teamsize|p2|6
|start
|switch|p1a: Pelipper|Pelipper, M|100/100
|switch|p2a: Pikachu|Pikachu, M|100/100
|-weather|RainDance|[from] ability: Drizzle|[of] p1a: Pelipper
|turn|1
|
|t:|1757799008
|move|p2a: Pikachu|Thunderbolt|p1a: Pelipper
|-supereffective|p1a: Pelipper
|-enditem|p1a: Pelipper|Focus Sash
|-damage|p1a: Pelipper|1/100
|move|p1a: Pelipper|Hurricane|p2a: Pikachu
|-resisted|p2a: Pikachu
|-damage|p2a: Pikachu|43/100
|-start|p2a: Pikachu|confusion
|
|-weather|RainDance|[upkeep]
|upkeep
|turn|2
|
|t:|1757799020
|move|p1a: Pelipper|Protect|p1a: Pelipper
|-singleturn|p1a: Pelipper|Protect
|-activate|p2a: Pikachu|confusion
|move|p2a: Pikachu|Quick Attack|p1a: Pelipper
|-activate|p1a: Pelipper|move: Protect
|
|-weather|RainDance|[upkeep]
|upkeep
|turn|3
|
|t:|1757799035
|-activate|p2a: Pikachu|confusion
|-damage|p2a: Pikachu|23/100|[from] confusion
|move|p1a: Pelipper|Tailwind|p1a: Pelipper
|-sidestart|p1: AxeDarkMon117|move: Tailwind
|
|-weather|RainDance|[upkeep]
|upkeep
|turn|4
|
|t:|1757799046
|move|p1a: Pelipper|Protect|p1a: Pelipper
|-singleturn|p1a: Pelipper|Protect
|-activate|p2a: Pikachu|confusion
|-damage|p2a: Pikachu|5/100|[from] confusion
|
|-weather|RainDance|[upkeep]
|upkeep
|turn|5
|
|t:|1757799057
|switch|p2a: Greninja|Greninja, M|100/100
|move|p1a: Pelipper|Hurricane|p2a: Greninja
|-damage|p2a: Greninja|39/100
|-start|p2a: Greninja|confusion
|
|-weather|none
|upkeep
|turn|6
|
|t:|1757799069
|move|p1a: Pelipper|Protect|p1a: Pelipper
|-singleturn|p1a: Pelipper|Protect
|-activate|p2a: Greninja|confusion
|-damage|p2a: Greninja|25/100|[from] confusion
|
|-sideend|p1: AxeDarkMon117|move: Tailwind
|upkeep
|turn|7
|
|t:|1757799077
|-activate|p2a: Greninja|confusion
|-damage|p2a: Greninja|10/100|[from] confusion
|move|p1a: Pelipper|Tailwind|p1a: Pelipper
|-sidestart|p1: AxeDarkMon117|move: Tailwind
|
|upkeep
|turn|8
|
|t:|1757799095
|switch|p2a: Torterra|Torterra, F|100/100
|move|p1a: Pelipper|Hurricane|p2a: Torterra
|-supereffective|p2a: Torterra
|-damage|p2a: Torterra|15/100
|-start|p2a: Torterra|confusion
|
|-heal|p2a: Torterra|21/100|[from] item: Leftovers
|upkeep
|turn|9
|
|t:|1757799123
|move|p1a: Pelipper|Protect|p1a: Pelipper
|-singleturn|p1a: Pelipper|Protect
|-activate|p2a: Torterra|confusion
|move|p2a: Torterra|Razor Leaf|p1a: Pelipper
|-activate|p1a: Pelipper|move: Protect
|
|-heal|p2a: Torterra|27/100|[from] item: Leftovers
|upkeep
|turn|10
|
|t:|1757799132
|move|p1a: Pelipper|Hurricane|p2a: Torterra
|-supereffective|p2a: Torterra
|-damage|p2a: Torterra|0 fnt
|faint|p2a: Torterra
|
|-sideend|p1: AxeDarkMon117|move: Tailwind
|upkeep
|
|t:|1757799141
|switch|p2a: Dragonite|Dragonite, F|100/100
|turn|11
|
|t:|1757799151
|move|p1a: Pelipper|Blizzard|p2a: Dragonite
|-supereffective|p2a: Dragonite
|-damage|p2a: Dragonite|49/100
|-enditem|p2a: Dragonite|Weakness Policy
|-boost|p2a: Dragonite|atk|2|[from] item: Weakness Policy
|-boost|p2a: Dragonite|spa|2|[from] item: Weakness Policy
|move|p2a: Dragonite|Dragon Dance|p2a: Dragonite
|-boost|p2a: Dragonite|atk|1
|-boost|p2a: Dragonite|spe|1
|
|upkeep
|turn|12
|
|t:|1757799276
|move|p1a: Pelipper|Protect|p1a: Pelipper
|-singleturn|p1a: Pelipper|Protect
|move|p2a: Dragonite|Hurricane|p1a: Pelipper
|-activate|p1a: Pelipper|move: Protect
|
|upkeep
|turn|13
|
|t:|1757799287
|move|p2a: Dragonite|Dragon Dance|p2a: Dragonite
|-boost|p2a: Dragonite|atk|1
|-boost|p2a: Dragonite|spe|1
|move|p1a: Pelipper|Tailwind|p1a: Pelipper
|-sidestart|p1: AxeDarkMon117|move: Tailwind
|
|upkeep
|turn|14
|
|t:|1757799296
|move|p1a: Pelipper|Blizzard|p2a: Dragonite
|-supereffective|p2a: Dragonite
|-damage|p2a: Dragonite|0 fnt
|faint|p2a: Dragonite
|
|upkeep
|
|t:|1757799307
|switch|p2a: Gengar|Gengar, M|100/100
|turn|15
|
|t:|1757799314
|move|p1a: Pelipper|Hurricane|p2a: Gengar
|-damage|p2a: Gengar|19/100
|-start|p2a: Gengar|confusion
|-activate|p2a: Gengar|confusion
|-damage|p2a: Gengar|3/100|[from] confusion
|
|-heal|p2a: Gengar|9/100|[from] item: Black Sludge
|upkeep
|turn|16
|-message|Soy_Daniel28 forfeited.
|
|win|AxeDarkMon117
|raw|AxeDarkMon117's rating: 1000 &rarr; <strong>1040</strong><br />(+40 for winning)
|raw|Soy_Daniel28's rating: 1000 &rarr; <strong>1000</strong><br />(+0 for losing)
|l|☆Soy_Daniel28
|player|p2|
