|j|☆neopaq
|j|☆Aqautic_kami
|t:|1757833787
|gametype|singles
|player|p1|neopaq|gambler|1186
|player|p2|Aqautic_kami|2|1177
|gen|9
|tier|[Gen 9] OU
|rated|
|rule|HP Percentage Mod: HP is shown in percentages
|rule|Endless Battle Clause: Forcing endless battles is banned
|rule|Species Clause: Limit one of each Pokémon
|rule|OHKO Clause: OHKO moves are banned
|rule|Evasion Items Clause: Evasion items are banned
|rule|Evasion Moves Clause: Evasion moves are banned
|rule|Evasion Abilities Clause: Evasion abilities are banned
|rule|Sleep Moves Clause: Sleep-inducing moves are banned
|clearpoke
|poke|p1|Vespiquen, F|
|poke|p1|Great Tusk|
|poke|p1|Iron Crown|
|poke|p1|Samurott-Hisui, M|
|poke|p1|Indeedee-F, F|
|poke|p1|Gholdengo|
|poke|p2|Glimmora, M|
|poke|p2|Landorus-Therian, M|
|poke|p2|Corviknight, F|
|poke|p2|Walking Wake|
|poke|p2|Iron Valiant|
|poke|p2|Sinistcha-Masterpiece|
|teampreview
|
|t:|1757833794
|teamsize|p1|6
|teamsize|p2|6
|start
|switch|p1a: Indeedee|Indeedee-F, F|100/100
|switch|p2a: Glimmora|Glimmora, M|100/100
|-fieldstart|move: Psychic Terrain|[from] ability: Psychic Surge|[of] p1a: Indeedee
|turn|1
|
|t:|1757833805
|move|p2a: Glimmora|Stealth Rock|p1a: Indeedee
|-sidestart|p1: neopaq|move: Stealth Rock
|move|p1a: Indeedee|Light Screen|p1a: Indeedee
|-sidestart|p1: neopaq|move: Light Screen
|
|upkeep
|turn|2
|
|t:|1757833810
|move|p2a: Glimmora|Mortal Spin|p1a: Indeedee
|-damage|p1a: Indeedee|90/100
|-status|p1a: Indeedee|psn
|move|p1a: Indeedee|Psychic|p2a: Glimmora
|-supereffective|p2a: Glimmora
|-enditem|p2a: Glimmora|Focus Sash
|-damage|p2a: Glimmora|1/100
|
|-damage|p1a: Indeedee|78/100 psn|[from] psn
|upkeep
|turn|3
|
|t:|1757833820
|move|p2a: Glimmora|Sludge Wave|p1a: Indeedee
|-damage|p1a: Indeedee|54/100 psn
|move|p1a: Indeedee|Reflect|p1a: Indeedee
|-sidestart|p1: neopaq|Reflect
|
|-damage|p1a: Indeedee|42/100 psn|[from] psn
|upkeep
|turn|4
|
|t:|1757833825
|move|p2a: Glimmora|Sludge Wave|p1a: Indeedee
|-damage|p1a: Indeedee|19/100 psn
|move|p1a: Indeedee|Psychic|p2a: Glimmora
|-supereffective|p2a: Glimmora
|-damage|p2a: Glimmora|0 fnt
|faint|p2a: Glimmora
|
|-damage|p1a: Indeedee|7/100 psn|[from] psn
|upkeep
|
|t:|1757833832
|switch|p2a: Landorus|Landorus-Therian, M|100/100
|-ability|p2a: Landorus|Intimidate|boost
|-unboost|p1a: Indeedee|atk|1
|turn|5
|
|t:|1757833839
|switch|p1a: Vespiquen|Vespiquen, F, shiny|100/100
|-damage|p1a: Vespiquen|51/100|[from] Stealth Rock
|-ability|p1a: Vespiquen|Pressure
|-enditem|p1a: Vespiquen|Psychic Seed
|-boost|p1a: Vespiquen|spd|1|[from] item: Psychic Seed
|move|p2a: Landorus|U-turn|p1a: Vespiquen
|-resisted|p1a: Vespiquen
|-damage|p1a: Vespiquen|39/100
|
|t:|1757833852
|switch|p2a: Iron Valiant|Iron Valiant|100/100|[from] U-turn
|-enditem|p2a: Iron Valiant|Booster Energy
|-activate|p2a: Iron Valiant|ability: Quark Drive|[fromitem]
|-start|p2a: Iron Valiant|quarkdrivespe
|
|-sideend|p1: neopaq|move: Light Screen
|-fieldend|move: Psychic Terrain
|upkeep
|turn|6
|-message|neopaq forfeited.
|
|win|Aqautic_kami
|raw|neopaq's rating: 1186 &rarr; <strong>1160</strong><br />(-26 for losing)
|raw|Aqautic_kami's rating: 1177 &rarr; <strong>1203</strong><br />(+26 for winning)
|l|☆neopaq
|player|p1|
|l|☆Aqautic_kami
|player|p2|
