|j|☆OnArceus
|j|☆oehtwashere
|t:|1757860111
|gametype|singles
|player|p1|OnArceus|#scl2spartans|1756
|player|p2|oehtwashere|supernerd|1688
|gen|9
|tier|[Gen 9] OU
|rated|
|rule|HP Percentage Mod: HP is shown in percentages
|rule|Endless Battle Clause: Forcing endless battles is banned
|rule|Species Clause: Limit one of each Pokémon
|rule|OHKO Clause: OHKO moves are banned
|rule|Evasion Items Clause: Evasion items are banned
|rule|Evasion Moves Clause: Evasion moves are banned
|rule|Evasion Abilities Clause: Evasion abilities are banned
|rule|Sleep Moves Clause: Sleep-inducing moves are banned
|clearpoke
|poke|p1|Ursaluna, F|
|poke|p1|Meowscarada, F|
|poke|p1|Slowking-Galar, F|
|poke|p1|Great Tusk|
|poke|p1|Moltres|
|poke|p1|Gholdengo|
|poke|p2|Raikou|
|poke|p2|Samurott-Hisui, F|
|poke|p2|Gliscor, F|
|poke|p2|Zamazenta-*|
|poke|p2|Sinistcha|
|poke|p2|Scizor, F|
|teampreview
|inactive|Battle timer is ON: inactive players will automatically lose when time's up. (requested by oehtwashere)
|
|t:|1757860130
|teamsize|p1|6
|teamsize|p2|6
|start
|switch|p1a: Slowking|Slowking-Galar, F|100/100
|switch|p2a: Gliscor|Gliscor, F|100/100
|turn|1
|
|t:|1757860135
|move|p2a: Gliscor|Protect|p2a: Gliscor
|-singleturn|p2a: Gliscor|Protect
|move|p1a: Slowking|Toxic Spikes|p2a: Gliscor
|-sidestart|p2: oehtwashere|move: Toxic Spikes
|
|-status|p2a: Gliscor|tox|[from] item: Toxic Orb
|upkeep
|turn|2
|
|t:|1757860138
|move|p2a: Gliscor|Knock Off|p1a: Slowking
|-supereffective|p1a: Slowking
|-damage|p1a: Slowking|68/100
|-enditem|p1a: Slowking|Heavy-Duty Boots|[from] move: Knock Off|[of] p2a: Gliscor
|move|p1a: Slowking|Future Sight|p2a: Gliscor
|-start|p1a: Slowking|move: Future Sight
|
|upkeep
|turn|3
|
|t:|1757860143
|switch|p1a: Meowscarada|Meowscarada, F|100/100
|move|p2a: Gliscor|Stealth Rock|p1a: Meowscarada
|-sidestart|p1: OnArceus|move: Stealth Rock
|
|upkeep
|turn|4
|
|t:|1757860146
|move|p2a: Gliscor|Protect|p2a: Gliscor
|-singleturn|p2a: Gliscor|Protect
|move|p1a: Meowscarada|Spikes|p2a: Gliscor
|-sidestart|p2: oehtwashere|Spikes
|
|-end|p2a: Gliscor|move: Future Sight
|-damage|p2a: Gliscor|57/100 tox
|-heal|p2a: Gliscor|69/100 tox|[from] ability: Poison Heal
|upkeep
|turn|5
|
|t:|1757860156
|move|p1a: Meowscarada|Flower Trick|p2a: Gliscor
|-crit|p2a: Gliscor
|-damage|p2a: Gliscor|33/100 tox
|move|p2a: Gliscor|Knock Off|p1a: Meowscarada
|-resisted|p1a: Meowscarada
|-damage|p1a: Meowscarada|84/100
|-enditem|p1a: Meowscarada|Heavy-Duty Boots|[from] move: Knock Off|[of] p2a: Gliscor
|
|-heal|p2a: Gliscor|45/100 tox|[from] ability: Poison Heal
|upkeep
|turn|6
|
|t:|1757860172
|switch|p2a: Scizor|Scizor, F|100/100
|move|p1a: Meowscarada|Spikes|p2a: Scizor
|-sidestart|p2: oehtwashere|Spikes
|
|upkeep
|turn|7
|
|t:|1757860178
|move|p1a: Meowscarada|U-turn|p2a: Scizor
|-resisted|p2a: Scizor
|-damage|p2a: Scizor|88/100
|
|t:|1757860179
|switch|p1a: Great Tusk|Great Tusk|100/100|[from] U-turn
|-damage|p1a: Great Tusk|98/100|[from] Stealth Rock
|move|p2a: Scizor|U-turn|p1a: Great Tusk
|-resisted|p1a: Great Tusk
|-damage|p1a: Great Tusk|84/100
|-damage|p2a: Scizor|72/100|[from] item: Rocky Helmet|[of] p1a: Great Tusk
|
|t:|1757860185
|switch|p2a: Gliscor|Gliscor, F|45/100 tox|[from] U-turn
|
|-heal|p2a: Gliscor|58/100 tox|[from] ability: Poison Heal
|upkeep
|turn|8
|
|t:|1757860191
|move|p2a: Gliscor|Protect|p2a: Gliscor
|-singleturn|p2a: Gliscor|Protect
|move|p1a: Great Tusk|Stealth Rock|p2a: Gliscor
|-sidestart|p2: oehtwashere|move: Stealth Rock
|
|-heal|p2a: Gliscor|70/100 tox|[from] ability: Poison Heal
|upkeep
|turn|9
|
|t:|1757860196
|-end|p1a: Great Tusk|Protosynthesis|[silent]
|switch|p1a: Slowking|Slowking-Galar, F|100/100
|-damage|p1a: Slowking|88/100|[from] Stealth Rock
|switch|p2a: Sinistcha|Sinistcha|100/100
|
|upkeep
|turn|10
|
|t:|1757860201
|switch|p2a: Scizor|Scizor, F|72/100
|move|p1a: Slowking|Future Sight|p2a: Scizor
|-start|p1a: Slowking|move: Future Sight
|
|upkeep
|turn|11
|
|t:|1757860206
|switch|p1a: Great Tusk|Great Tusk|84/100
|-damage|p1a: Great Tusk|81/100|[from] Stealth Rock
|move|p2a: Scizor|Knock Off|p1a: Great Tusk
|-resisted|p1a: Great Tusk
|-damage|p1a: Great Tusk|67/100
|-damage|p2a: Scizor|55/100|[from] item: Rocky Helmet|[of] p1a: Great Tusk
|-enditem|p1a: Great Tusk|Rocky Helmet|[from] move: Knock Off|[of] p2a: Scizor
|
|upkeep
|turn|12
|
|t:|1757860218
|switch|p2a: Gliscor|Gliscor, F|70/100 tox
|-damage|p2a: Gliscor|58/100 tox|[from] Stealth Rock
|move|p1a: Great Tusk|Rapid Spin|p2a: Gliscor
|-damage|p2a: Gliscor|43/100 tox
|-boost|p1a: Great Tusk|spe|1
|-sideend|p1: OnArceus|Stealth Rock|[from] move: Rapid Spin|[of] p1a: Great Tusk
|
|-end|p2a: Gliscor|move: Future Sight
|-damage|p2a: Gliscor|0 fnt
|faint|p2a: Gliscor
|upkeep
|
|t:|1757860225
|switch|p2a: Sinistcha|Sinistcha|100/100
|turn|13
|
|t:|1757860228
|-end|p1a: Great Tusk|Protosynthesis|[silent]
|switch|p1a: Meowscarada|Meowscarada, F|84/100
|move|p2a: Sinistcha|Calm Mind|p2a: Sinistcha
|-boost|p2a: Sinistcha|spa|1
|-boost|p2a: Sinistcha|spd|1
|
|upkeep
|turn|14
|
|t:|1757860230
|move|p1a: Meowscarada|Knock Off|p2a: Sinistcha
|-supereffective|p2a: Sinistcha
|-damage|p2a: Sinistcha|40/100
|-enditem|p2a: Sinistcha|Heavy-Duty Boots|[from] move: Knock Off|[of] p1a: Meowscarada
|move|p2a: Sinistcha|Strength Sap|p1a: Meowscarada
|-unboost|p1a: Meowscarada|atk|1
|-heal|p2a: Sinistcha|100/100
|
|upkeep
|turn|15
|
|t:|1757860237
|move|p1a: Meowscarada|U-turn|p2a: Sinistcha
|-damage|p2a: Sinistcha|91/100
|
|t:|1757860242
|switch|p1a: Moltres|Moltres|100/100|[from] U-turn
|move|p2a: Sinistcha|Calm Mind|p2a: Sinistcha
|-boost|p2a: Sinistcha|spa|1
|-boost|p2a: Sinistcha|spd|1
|
|upkeep
|turn|16
|
|t:|1757860245
|move|p2a: Sinistcha|Shadow Ball|p1a: Moltres
|-damage|p1a: Moltres|33/100
|move|p1a: Moltres|Roar|p2a: Sinistcha
|drag|p2a: Rai Charles|Raikou|100/100
|-ability|p2a: Rai Charles|Pressure
|
|upkeep
|turn|17
|
|t:|1757860250
|switch|p1a: Ursaluna|Ursaluna, F|100/100
|move|p2a: Rai Charles|Scald|p1a: Ursaluna
|-supereffective|p1a: Ursaluna
|-damage|p1a: Ursaluna|70/100
|
|-heal|p1a: Ursaluna|76/100|[from] item: Leftovers
|upkeep
|turn|18
|
|t:|1757860267
|move|p2a: Rai Charles|Aura Sphere|p1a: Ursaluna
|-supereffective|p1a: Ursaluna
|-damage|p1a: Ursaluna|45/100
|move|p1a: Ursaluna|Bulk Up|p1a: Ursaluna
|-boost|p1a: Ursaluna|atk|1
|-boost|p1a: Ursaluna|def|1
|
|-heal|p1a: Ursaluna|51/100|[from] item: Leftovers
|upkeep
|turn|19
|j| huejack
|
|t:|1757860273
|switch|p2a: Sinistcha|Sinistcha|91/100
|-status|p2a: Sinistcha|psn
|-damage|p2a: Sinistcha|74/100 psn|[from] Spikes
|-damage|p2a: Sinistcha|62/100 psn|[from] Stealth Rock
|move|p1a: Ursaluna|Earthquake|p2a: Sinistcha
|-resisted|p2a: Sinistcha
|-damage|p2a: Sinistcha|40/100 psn
|
|-heal|p1a: Ursaluna|57/100|[from] item: Leftovers
|-damage|p2a: Sinistcha|28/100 psn|[from] psn
|upkeep
|turn|20
|
|t:|1757860278
|move|p1a: Ursaluna|Protect|p1a: Ursaluna
|-singleturn|p1a: Ursaluna|Protect
|move|p2a: Sinistcha|Strength Sap|p1a: Ursaluna
|-activate|p1a: Ursaluna|move: Protect
|
|-heal|p1a: Ursaluna|63/100|[from] item: Leftovers
|-damage|p2a: Sinistcha|15/100 psn|[from] psn
|upkeep
|turn|21
|
|t:|1757860282
|switch|p1a: Gholdengo|Gholdengo|100/100
|move|p2a: Sinistcha|Strength Sap|p1a: Gholdengo
|-immune|p1a: Gholdengo|[from] ability: Good as Gold
|
|-damage|p2a: Sinistcha|3/100 psn|[from] psn
|upkeep
|turn|22
|
|t:|1757860285
|move|p1a: Gholdengo|Shadow Ball|p2a: Sinistcha
|-supereffective|p2a: Sinistcha
|-damage|p2a: Sinistcha|0 fnt
|faint|p2a: Sinistcha
|
|upkeep
|
|t:|1757860287
|switch|p2a: Samurott|Samurott-Hisui, F|100/100
|turn|23
|
|t:|1757860307
|switch|p1a: Moltres|Moltres|33/100
|move|p2a: Samurott|Razor Shell|p1a: Moltres|[miss]
|-miss|p2a: Samurott|p1a: Moltres
|
|upkeep
|turn|24
|
|t:|1757860312
|move|p2a: Samurott|Razor Shell|p1a: Moltres
|-supereffective|p1a: Moltres
|-damage|p1a: Moltres|0 fnt
|faint|p1a: Moltres
|
|upkeep
|
|t:|1757860314
|switch|p1a: Meowscarada|Meowscarada, F|84/100
|turn|25
|
|t:|1757860316
|switch|p2a: Scizor|Scizor, F|55/100
|move|p1a: Meowscarada|Knock Off|p2a: Scizor
|-damage|p2a: Scizor|8/100
|-enditem|p2a: Scizor|Heavy-Duty Boots|[from] move: Knock Off|[of] p1a: Meowscarada
|
|upkeep
|turn|26
|
|t:|1757860322
|move|p2a: Scizor|Bullet Punch|p1a: Meowscarada
|-damage|p1a: Meowscarada|32/100
|move|p1a: Meowscarada|Knock Off|p2a: Scizor
|-damage|p2a: Scizor|0 fnt
|faint|p2a: Scizor
|
|upkeep
|
|t:|1757860326
|switch|p2a: Zamazenta|Zamazenta|100/100
|-ability|p2a: Zamazenta|Dauntless Shield|boost
|-boost|p2a: Zamazenta|def|1
|turn|27
|
|t:|1757860336
|switch|p1a: Slowking|Slowking-Galar, F|100/100
|move|p2a: Zamazenta|Ice Fang|p1a: Slowking
|-damage|p1a: Slowking|85/100
|
|upkeep
|turn|28
|
|t:|1757860339
|move|p2a: Zamazenta|Crunch|p1a: Slowking
|-supereffective|p1a: Slowking
|-damage|p1a: Slowking|49/100
|-prepare|p1a: Slowking|Chilly Reception|[premajor]
|move|p1a: Slowking|Chilly Reception|p1a: Slowking
|-weather|Snowscape
|
|t:|1757860345
|switch|p1a: Gholdengo|Gholdengo|100/100|[from] Chilly Reception
|
|-weather|Snowscape|[upkeep]
|upkeep
|turn|29
|
|t:|1757860348
|move|p1a: Gholdengo|Make It Rain|p2a: Zamazenta
|-damage|p2a: Zamazenta|42/100
|-unboost|p1a: Gholdengo|spa|1
|move|p2a: Zamazenta|Crunch|p1a: Gholdengo
|-supereffective|p1a: Gholdengo
|-damage|p1a: Gholdengo|43/100
|
|-weather|Snowscape|[upkeep]
|upkeep
|turn|30
|
|t:|1757860358
|switch|p1a: Great Tusk|Great Tusk|67/100
|move|p2a: Zamazenta|Crunch|p1a: Great Tusk
|-resisted|p1a: Great Tusk
|-damage|p1a: Great Tusk|58/100
|
|-weather|Snowscape|[upkeep]
|upkeep
|turn|31
|
|t:|1757860362
|move|p2a: Zamazenta|Ice Fang|p1a: Great Tusk
|-supereffective|p1a: Great Tusk
|-damage|p1a: Great Tusk|25/100
|move|p1a: Great Tusk|Rapid Spin|p2a: Zamazenta
|-damage|p2a: Zamazenta|32/100
|-boost|p1a: Great Tusk|spe|1
|
|-weather|Snowscape|[upkeep]
|upkeep
|turn|32
|
|t:|1757860376
|move|p1a: Great Tusk|Headlong Rush|p2a: Zamazenta
|-damage|p2a: Zamazenta|0 fnt
|-unboost|p1a: Great Tusk|def|1
|-unboost|p1a: Great Tusk|spd|1
|faint|p2a: Zamazenta
|
|-weather|none
|upkeep
|
|t:|1757860379
|switch|p2a: Rai Charles|Raikou|100/100
|-ability|p2a: Rai Charles|Pressure
|turn|33
|
|t:|1757860394
|-end|p1a: Great Tusk|Protosynthesis|[silent]
|switch|p1a: Slowking|Slowking-Galar, F|82/100
|move|p2a: Rai Charles|Scald|p1a: Slowking
|-damage|p1a: Slowking|63/100
|
|upkeep
|turn|34
|
|t:|1757860399
|move|p2a: Rai Charles|Volt Switch|p1a: Slowking
|-damage|p1a: Slowking|35/100
|
|t:|1757860401
|switch|p2a: Samurott|Samurott-Hisui, F|100/100|[from] Volt Switch
|-prepare|p1a: Slowking|Chilly Reception|[premajor]
|move|p1a: Slowking|Chilly Reception|p1a: Slowking
|-weather|Snowscape
|
|t:|1757860403
|switch|p1a: Meowscarada|Meowscarada, F|32/100|[from] Chilly Reception
|
|-weather|Snowscape|[upkeep]
|upkeep
|turn|35
|
|t:|1757860406
|move|p2a: Samurott|Sucker Punch|p1a: Meowscarada
|-resisted|p1a: Meowscarada
|-damage|p1a: Meowscarada|7/100
|move|p1a: Meowscarada|Flower Trick|p2a: Samurott
|-supereffective|p2a: Samurott
|-crit|p2a: Samurott
|-damage|p2a: Samurott|0 fnt
|faint|p2a: Samurott
|
|-weather|Snowscape|[upkeep]
|upkeep
|-message|oehtwashere forfeited.
|
|win|OnArceus
|raw|OnArceus's rating: 1756 &rarr; <strong>1772</strong><br />(+16 for winning)
|raw|oehtwashere's rating: 1688 &rarr; <strong>1672</strong><br />(-16 for losing)
|l|☆oehtwashere
|player|p2|
|l|☆OnArceus
|player|p1|
|l| huejack
