|j|☆hongbong
|j|☆HGalliumh
|t:|1757912950
|gametype|singles
|player|p1|hongbong|n|1498
|player|p2|HGalliumh|dawn|1574
|gen|9
|tier|[Gen 9] OU
|rated|
|rule|HP Percentage Mod: HP is shown in percentages
|rule|Endless Battle Clause: Forcing endless battles is banned
|rule|Species Clause: Limit one of each Pokémon
|rule|OHKO Clause: OHKO moves are banned
|rule|Evasion Items Clause: Evasion items are banned
|rule|Evasion Moves Clause: Evasion moves are banned
|rule|Evasion Abilities Clause: Evasion abilities are banned
|rule|Sleep Moves Clause: Sleep-inducing moves are banned
|clearpoke
|poke|p1|Blaziken, M|
|poke|p1|Tentacruel, M|
|poke|p1|Zoroark-Hisui, F|
|poke|p1|Lycanroc-Dusk, M|
|poke|p1|Ogerpon, F|
|poke|p1|Hoopa-Unbound|
|poke|p2|Primarina, M|
|poke|p2|Alomomola, M|
|poke|p2|Great Tusk|
|poke|p2|Mandibuzz, F|
|poke|p2|Gholdengo|
|poke|p2|Ceruledge, M|
|teampreview
|inactive|Battle timer is ON: inactive players will automatically lose when time's up. (requested by HGalliumh)
|
|t:|1757912982
|teamsize|p1|6
|teamsize|p2|6
|start
|switch|p1a: Lycanroc|Lycanroc-Dusk, M|100/100
|switch|p2a: Great Tusk|Great Tusk|100/100
|turn|1
|
|t:|1757912986
|-end|p2a: Great Tusk|Protosynthesis|[silent]
|switch|p2a: Alomomola|Alomomola, M|100/100
|move|p1a: Lycanroc|Grass Knot|p2a: Alomomola
|-supereffective|p2a: Alomomola
|-damage|p2a: Alomomola|68/100
|
|upkeep
|turn|2
|
|t:|1757912990
|switch|p1a: Tentacruel|Tentacruel, M|100/100
|move|p2a: Alomomola|Flip Turn|p1a: Tentacruel
|-resisted|p1a: Tentacruel
|-damage|p1a: Tentacruel|93/100
|
|t:|1757913005
|switch|p2a: Great Tusk|Great Tusk|100/100|[from] Flip Turn
|
|upkeep
|turn|3
|
|t:|1757913033
|switch|p1a: Ogerpon|Ogerpon, F|100/100
|move|p2a: Great Tusk|Headlong Rush|p1a: Ogerpon
|-resisted|p1a: Ogerpon
|-damage|p1a: Ogerpon|62/100
|-unboost|p2a: Great Tusk|def|1
|-unboost|p2a: Great Tusk|spd|1
|
|upkeep
|turn|4
|
|t:|1757913040
|-end|p2a: Great Tusk|Protosynthesis|[silent]
|switch|p2a: Mandibuzz|Mandibuzz, F|100/100
|move|p1a: Ogerpon|Ivy Cudgel|p2a: Mandibuzz
|-resisted|p2a: Mandibuzz
|-damage|p2a: Mandibuzz|81/100
|
|upkeep
|turn|5
|
|t:|1757913046
|switch|p1a: Blaziken|Blaziken, M|100/100
|move|p2a: Mandibuzz|U-turn|p1a: Blaziken
|-resisted|p1a: Blaziken
|-damage|p1a: Blaziken|97/100
|
|t:|1757913049
|switch|p2a: Primarina|Primarina, M|100/100|[from] U-turn
|
|upkeep
|turn|6
|
|t:|1757913052
|switch|p1a: Tentacruel|Tentacruel, M|93/100
|move|p2a: Primarina|Flip Turn|p1a: Tentacruel
|-resisted|p1a: Tentacruel
|-damage|p1a: Tentacruel|86/100
|
|t:|1757913055
|switch|p2a: Great Tusk|Great Tusk|100/100|[from] Flip Turn
|
|upkeep
|turn|7
|
|t:|1757913061
|switch|p1a: Lycanroc|Lycanroc-Dusk, M|100/100
|move|p2a: Great Tusk|Stealth Rock|p1a: Lycanroc
|-sidestart|p1: hongbong|move: Stealth Rock
|
|upkeep
|turn|8
|
|t:|1757913074
|-end|p2a: Great Tusk|Protosynthesis|[silent]
|switch|p2a: Alomomola|Alomomola, M|100/100
|move|p1a: Lycanroc|Close Combat|p2a: Alomomola
|-crit|p2a: Alomomola
|-damage|p2a: Alomomola|51/100
|-unboost|p1a: Lycanroc|def|1
|-unboost|p1a: Lycanroc|spd|1
|
|upkeep
|turn|9
|
|t:|1757913080
|move|p1a: Lycanroc|Stone Edge|p2a: Alomomola
|-damage|p2a: Alomomola|15/100
|move|p2a: Alomomola|Flip Turn|p1a: Lycanroc
|-supereffective|p1a: Lycanroc
|-damage|p1a: Lycanroc|19/100
|
|t:|1757913090
|switch|p2a: Ceruledge|Ceruledge, M|100/100|[from] Flip Turn
|
|upkeep
|turn|10
|
|t:|1757913094
|move|p1a: Lycanroc|Accelerock|p2a: Ceruledge
|-supereffective|p2a: Ceruledge
|-damage|p2a: Ceruledge|46/100
|move|p2a: Ceruledge|Shadow Sneak|p1a: Lycanroc
|-damage|p1a: Lycanroc|0 fnt
|faint|p1a: Lycanroc
|
|upkeep
|
|t:|1757913108
|switch|p1a: Blaziken|Blaziken, M|97/100
|-damage|p1a: Blaziken|84/100|[from] Stealth Rock
|turn|11
|
|t:|1757913113
|move|p1a: Blaziken|Knock Off|p2a: Ceruledge
|-supereffective|p2a: Ceruledge
|-damage|p2a: Ceruledge|0 fnt
|-enditem|p2a: Ceruledge|Covert Cloak|[from] move: Knock Off|[of] p1a: Blaziken
|faint|p2a: Ceruledge
|
|-ability|p1a: Blaziken|Speed Boost|boost
|-boost|p1a: Blaziken|spe|1
|upkeep
|
|t:|1757913117
|switch|p2a: Primarina|Primarina, M|100/100
|turn|12
|
|t:|1757913142
|move|p1a: Blaziken|Endure|p1a: Blaziken
|-singleturn|p1a: Blaziken|move: Endure
|move|p2a: Primarina|Moonblast|p1a: Blaziken
|-activate|p1a: Blaziken|move: Endure
|-damage|p1a: Blaziken|1/100
|-enditem|p1a: Blaziken|Liechi Berry|[eat]
|-boost|p1a: Blaziken|atk|1|[from] item: Liechi Berry
|
|-ability|p1a: Blaziken|Speed Boost|boost
|-boost|p1a: Blaziken|spe|1
|upkeep
|turn|13
|
|t:|1757913160
|switch|p2a: Gholdengo|Gholdengo|100/100
|move|p1a: Blaziken|Reversal|p2a: Gholdengo
|-immune|p2a: Gholdengo
|
|-ability|p1a: Blaziken|Speed Boost|boost
|-boost|p1a: Blaziken|spe|1
|upkeep
|turn|14
|
|t:|1757913170
|move|p1a: Blaziken|Knock Off|p2a: Gholdengo
|-supereffective|p2a: Gholdengo
|-damage|p2a: Gholdengo|0 fnt
|-enditem|p2a: Gholdengo|Choice Scarf|[from] move: Knock Off|[of] p1a: Blaziken
|faint|p2a: Gholdengo
|
|-ability|p1a: Blaziken|Speed Boost|boost
|-boost|p1a: Blaziken|spe|1
|upkeep
|
|t:|1757913172
|switch|p2a: Alomomola|Alomomola, M|48/100
|turn|15
|
|t:|1757913188
|move|p2a: Alomomola|Aqua Jet|p1a: Blaziken
|-supereffective|p1a: Blaziken
|-damage|p1a: Blaziken|0 fnt
|faint|p1a: Blaziken
|
|upkeep
|c|☆hongbong|wth
|
|t:|1757913196
|switch|p1a: Tentacruel|Tentacruel, M|86/100
|-damage|p1a: Tentacruel|74/100|[from] Stealth Rock
|turn|16
|
|t:|1757913204
|move|p1a: Tentacruel|Rapid Spin|p2a: Alomomola
|-damage|p2a: Alomomola|43/100
|-boost|p1a: Tentacruel|spe|1
|-sideend|p1: hongbong|Stealth Rock|[from] move: Rapid Spin|[of] p1a: Tentacruel
|move|p2a: Alomomola|Flip Turn|p1a: Tentacruel
|-resisted|p1a: Tentacruel
|-damage|p1a: Tentacruel|66/100
|
|t:|1757913209
|switch|p2a: Great Tusk|Great Tusk|100/100|[from] Flip Turn
|
|upkeep
|turn|17
|
|t:|1757913215
|move|p1a: Tentacruel|Surf|p2a: Great Tusk
|-supereffective|p2a: Great Tusk
|-damage|p2a: Great Tusk|26/100
|move|p2a: Great Tusk|Stealth Rock|p1a: Tentacruel
|-sidestart|p1: hongbong|move: Stealth Rock
|
|upkeep
|turn|18
|
|t:|1757913219
|move|p1a: Tentacruel|Surf|p2a: Great Tusk
|-supereffective|p2a: Great Tusk
|-crit|p2a: Great Tusk
|-damage|p2a: Great Tusk|0 fnt
|faint|p2a: Great Tusk
|-end|p2a: Great Tusk|Protosynthesis|[silent]
|
|upkeep
|
|t:|1757913225
|switch|p2a: Primarina|Primarina, M|100/100
|turn|19
|
|t:|1757913232
|-terastallize|p2a: Primarina|Fairy
|move|p1a: Tentacruel|Rapid Spin|p2a: Primarina
|-damage|p2a: Primarina|89/100
|-boost|p1a: Tentacruel|spe|1
|-sideend|p1: hongbong|Stealth Rock|[from] move: Rapid Spin|[of] p1a: Tentacruel
|move|p2a: Primarina|Moonblast|p1a: Tentacruel
|-resisted|p1a: Tentacruel
|-damage|p1a: Tentacruel|40/100
|
|upkeep
|turn|20
|
|t:|1757913236
|move|p1a: Tentacruel|Sludge Bomb|p2a: Primarina
|-supereffective|p2a: Primarina
|-damage|p2a: Primarina|39/100
|move|p2a: Primarina|Moonblast|p1a: Tentacruel
|-resisted|p1a: Tentacruel
|-damage|p1a: Tentacruel|15/100
|
|upkeep
|turn|21
|
|t:|1757913243
|switch|p2a: Alomomola|Alomomola, M|76/100
|move|p1a: Tentacruel|Sludge Bomb|p2a: Alomomola
|-damage|p2a: Alomomola|63/100
|
|upkeep
|turn|22
|
|t:|1757913247
|move|p1a: Tentacruel|Sludge Bomb|p2a: Alomomola
|-damage|p2a: Alomomola|49/100
|move|p2a: Alomomola|Flip Turn|p1a: Tentacruel
|-resisted|p1a: Tentacruel
|-damage|p1a: Tentacruel|8/100
|
|t:|1757913251
|switch|p2a: Primarina|Primarina, M, tera:Fairy|39/100|[from] Flip Turn
|
|upkeep
|turn|23
|
|t:|1757913253
|switch|p2a: Alomomola|Alomomola, M|82/100
|move|p1a: Tentacruel|Sludge Bomb|p2a: Alomomola
|-damage|p2a: Alomomola|70/100
|
|upkeep
|turn|24
|
|t:|1757913256
|move|p1a: Tentacruel|Sludge Bomb|p2a: Alomomola
|-damage|p2a: Alomomola|58/100
|move|p2a: Alomomola|Flip Turn|p1a: Tentacruel
|-resisted|p1a: Tentacruel
|-damage|p1a: Tentacruel|0 fnt
|faint|p1a: Tentacruel
|
|t:|1757913263
|switch|p2a: Primarina|Primarina, M, tera:Fairy|39/100|[from] Flip Turn
|
|upkeep
|
|t:|1757913268
|switch|p1a: Ogerpon|Ogerpon, F|62/100
|turn|25
|
|t:|1757913273
|switch|p2a: Mandibuzz|Mandibuzz, F|81/100
|move|p1a: Ogerpon|Ivy Cudgel|p2a: Mandibuzz
|-resisted|p2a: Mandibuzz
|-damage|p2a: Mandibuzz|61/100
|
|upkeep
|turn|26
|
|t:|1757913281
|switch|p1a: Hoopa|Hoopa-Unbound|100/100
|move|p2a: Mandibuzz|Roost|p2a: Mandibuzz
|-heal|p2a: Mandibuzz|100/100
|-singleturn|p2a: Mandibuzz|move: Roost
|
|upkeep
|turn|27
|
|t:|1757913286
|move|p1a: Hoopa|Nasty Plot|p1a: Hoopa
|-boost|p1a: Hoopa|spa|2
|move|p2a: Mandibuzz|U-turn|p1a: Hoopa
|-supereffective|p1a: Hoopa
|-damage|p1a: Hoopa|23/100
|
|t:|1757913291
|switch|p2a: Alomomola|Alomomola, M|91/100|[from] U-turn
|
|upkeep
|turn|28
|
|t:|1757913296
|move|p1a: Hoopa|Psyshock|p2a: Alomomola
|-damage|p2a: Alomomola|22/100
|move|p2a: Alomomola|Flip Turn|p1a: Hoopa
|-damage|p1a: Hoopa|0 fnt
|faint|p1a: Hoopa
|
|t:|1757913305
|switch|p2a: Primarina|Primarina, M, tera:Fairy|39/100|[from] Flip Turn
|
|upkeep
|
|t:|1757913307
|switch|p1a: Ogerpon|Ogerpon, F|100/100
|turn|29
|
|t:|1757913310
|switch|p2a: Mandibuzz|Mandibuzz, F|100/100
|move|p1a: Ogerpon|Hyper Voice|p2a: Mandibuzz
|-damage|p2a: Mandibuzz|40/100
|
|upkeep
|turn|30
|
|t:|1757913326
|switch|p2a: Primarina|Primarina, M, tera:Fairy|39/100
|move|p1a: Ogerpon|Hyper Voice|p2a: Primarina
|-damage|p2a: Primarina|0 fnt
|faint|p2a: Primarina
|
|upkeep
|
|t:|1757913329
|switch|p2a: Alomomola|Alomomola, M|55/100
|turn|31
|j| Lotus1089
|
|t:|1757913331
|replace|p1a: Zoroark|Zoroark-Hisui, F
|-end|p1a: Zoroark|Illusion
|-terastallize|p1a: Zoroark|Normal
|move|p1a: Zoroark|Hyper Voice|p2a: Alomomola
|-damage|p2a: Alomomola|10/100
|move|p2a: Alomomola|Mirror Coat|p1a: Zoroark
|-damage|p1a: Zoroark|0 fnt
|faint|p1a: Zoroark
|
|upkeep
|
|t:|1757913336
|switch|p1a: Ogerpon|Ogerpon, F|62/100
|turn|32
|c|☆hongbong|gg
|
|t:|1757913342
|move|p2a: Alomomola|Aqua Jet|p1a: Ogerpon
|-resisted|p1a: Ogerpon
|-damage|p1a: Ogerpon|55/100
|move|p1a: Ogerpon|Ivy Cudgel|p2a: Alomomola
|-supereffective|p2a: Alomomola
|-damage|p2a: Alomomola|0 fnt
|faint|p2a: Alomomola
|
|upkeep
|
|t:|1757913344
|switch|p2a: Mandibuzz|Mandibuzz, F|40/100
|turn|33
|
|t:|1757913346
|move|p1a: Ogerpon|Ivy Cudgel|p2a: Mandibuzz
|-resisted|p2a: Mandibuzz
|-crit|p2a: Mandibuzz
|-damage|p2a: Mandibuzz|9/100
|move|p2a: Mandibuzz|Roost|p2a: Mandibuzz
|-heal|p2a: Mandibuzz|59/100
|-singleturn|p2a: Mandibuzz|move: Roost
|
|upkeep
|turn|34
|
|t:|1757913351
|move|p1a: Ogerpon|Ivy Cudgel|p2a: Mandibuzz
|-resisted|p2a: Mandibuzz
|-damage|p2a: Mandibuzz|38/100
|move|p2a: Mandibuzz|Roost|p2a: Mandibuzz
|-heal|p2a: Mandibuzz|88/100
|-singleturn|p2a: Mandibuzz|move: Roost
|
|upkeep
|turn|35
|
|t:|1757913354
|move|p1a: Ogerpon|Ivy Cudgel|p2a: Mandibuzz
|-resisted|p2a: Mandibuzz
|-damage|p2a: Mandibuzz|66/100
|move|p2a: Mandibuzz|Toxic|p1a: Ogerpon
|-status|p1a: Ogerpon|tox
|
|-damage|p1a: Ogerpon|49/100 tox|[from] psn
|upkeep
|turn|36
|-message|hongbong forfeited.
|
|win|HGalliumh
|raw|hongbong's rating: 1498 &rarr; <strong>1482</strong><br />(-16 for losing)
|raw|HGalliumh's rating: 1574 &rarr; <strong>1590</strong><br />(+16 for winning)
|l|☆hongbong
|player|p1|
|l|☆HGalliumh
|player|p2|
|l| Lotus1089
