|j|☆prideofpokemon
|j|☆OR1IIII
|t:|1757924698
|gametype|singles
|player|p1|prideofpokemon|beauty-gen4dp|1307
|player|p2|OR1IIII|hilbert|1338
|gen|9
|tier|[Gen 9] OU
|rated|
|rule|HP Percentage Mod: HP is shown in percentages
|rule|Endless Battle Clause: Forcing endless battles is banned
|rule|Species Clause: Limit one of each Pokémon
|rule|OHKO Clause: OHKO moves are banned
|rule|Evasion Items Clause: Evasion items are banned
|rule|Evasion Moves Clause: Evasion moves are banned
|rule|Evasion Abilities Clause: Evasion abilities are banned
|rule|Sleep Moves Clause: Sleep-inducing moves are banned
|clearpoke
|poke|p1|Ting-Lu|
|poke|p1|Mew|
|poke|p1|Ogerpon-Wellspring, F|
|poke|p1|Dragapult, M|
|poke|p1|Clefable, M|
|poke|p1|Tornadus, M|
|poke|p2|Landorus-Therian, M|
|poke|p2|Zamazenta-*|
|poke|p2|Dragonite, M|
|poke|p2|Raging Bolt|
|poke|p2|Darkrai|
|poke|p2|Gholdengo|
|teampreview
|
|t:|1757924716
|teamsize|p1|6
|teamsize|p2|6
|start
|switch|p1a: Mew|Mew|100/100
|switch|p2a: Gholdengo|Gholdengo|100/100
|turn|1
|
|t:|1757924720
|move|p1a: Mew|Overheat|p2a: Gholdengo
|-supereffective|p2a: Gholdengo
|-damage|p2a: Gholdengo|23/100
|-unboost|p1a: Mew|spa|2
|-damage|p1a: Mew|91/100|[from] item: Life Orb
|move|p2a: Gholdengo|Thunder Wave|p1a: Mew
|-status|p1a: Mew|par
|-activate|p1a: Mew|ability: Synchronize
|-status|p2a: Gholdengo|par
|
|upkeep
|turn|2
|
|t:|1757924732
|cant|p1a: Mew|par
|move|p2a: Gholdengo|Recover|p2a: Gholdengo
|-heal|p2a: Gholdengo|73/100 par
|
|upkeep
|turn|3
|
|t:|1757924736
|move|p1a: Mew|Dragon Dance|p1a: Mew
|-boost|p1a: Mew|atk|1
|-boost|p1a: Mew|spe|1
|move|p2a: Gholdengo|Hex|p1a: Mew
|-supereffective|p1a: Mew
|-damage|p1a: Mew|0 fnt
|faint|p1a: Mew
|
|upkeep
|
|t:|1757924741
|switch|p1a: Ting-Lu|Ting-Lu|100/100
|-ability|p1a: Ting-Lu|Vessel of Ruin
|turn|4
|
|t:|1757924747
|switch|p2a: Landorus|Landorus-Therian, M|100/100
|-ability|p2a: Landorus|Intimidate|boost
|-unboost|p1a: Ting-Lu|atk|1
|move|p1a: Ting-Lu|Earthquake|p2a: Landorus
|-immune|p2a: Landorus
|
|upkeep
|turn|5
|
|t:|1757924750
|move|p2a: Landorus|Stealth Rock|p1a: Ting-Lu
|-sidestart|p1: prideofpokemon|move: Stealth Rock
|move|p1a: Ting-Lu|Ruination|p2a: Landorus
|-damage|p2a: Landorus|51/100
|-damage|p1a: Ting-Lu|91/100|[from] item: Life Orb
|
|upkeep
|turn|6
|
|t:|1757924755
|move|p2a: Landorus|Earthquake|p1a: Ting-Lu
|-damage|p1a: Ting-Lu|69/100
|move|p1a: Ting-Lu|Whirlwind|p2a: Landorus
|drag|p2a: Zamazenta|Zamazenta|100/100
|-ability|p2a: Zamazenta|Dauntless Shield|boost
|-boost|p2a: Zamazenta|def|1
|
|upkeep
|turn|7
|
|t:|1757924764
|switch|p1a: Clefable|Clefable, M|100/100
|-damage|p1a: Clefable|88/100|[from] Stealth Rock
|move|p2a: Zamazenta|Body Press|p1a: Clefable
|-resisted|p1a: Clefable
|-damage|p1a: Clefable|65/100
|
|-heal|p1a: Clefable|71/100|[from] item: Leftovers
|upkeep
|turn|8
|
|t:|1757924771
|move|p1a: Clefable|Flamethrower|p2a: Zamazenta
|-damage|p2a: Zamazenta|83/100
|move|p2a: Zamazenta|Roar|p1a: Clefable
|drag|p1a: Ting-Lu|Ting-Lu|69/100
|-damage|p1a: Ting-Lu|63/100|[from] Stealth Rock
|-ability|p1a: Ting-Lu|Vessel of Ruin
|
|-heal|p2a: Zamazenta|89/100|[from] item: Leftovers
|upkeep
|turn|9
|
|t:|1757924783
|move|p2a: Zamazenta|Iron Defense|p2a: Zamazenta
|-boost|p2a: Zamazenta|def|2
|move|p1a: Ting-Lu|Ruination|p2a: Zamazenta
|-damage|p2a: Zamazenta|45/100
|-damage|p1a: Ting-Lu|53/100|[from] item: Life Orb
|
|-heal|p2a: Zamazenta|51/100|[from] item: Leftovers
|upkeep
|turn|10
|
|t:|1757924788
|switch|p1a: Clefable|Clefable, M|71/100
|-damage|p1a: Clefable|59/100|[from] Stealth Rock
|move|p2a: Zamazenta|Body Press|p1a: Clefable
|-resisted|p1a: Clefable
|-crit|p1a: Clefable
|-damage|p1a: Clefable|4/100
|
|-heal|p2a: Zamazenta|57/100|[from] item: Leftovers
|-heal|p1a: Clefable|10/100|[from] item: Leftovers
|upkeep
|turn|11
|
|t:|1757924792
|move|p2a: Zamazenta|Crunch|p1a: Clefable
|-resisted|p1a: Clefable
|-damage|p1a: Clefable|1/100
|move|p1a: Clefable|Moonblast|p2a: Zamazenta
|-supereffective|p2a: Zamazenta
|-damage|p2a: Zamazenta|0 fnt
|faint|p2a: Zamazenta
|
|-heal|p1a: Clefable|7/100|[from] item: Leftovers
|upkeep
|
|t:|1757924801
|switch|p2a: Raging Bolt|Raging Bolt|100/100
|-enditem|p2a: Raging Bolt|Booster Energy
|-activate|p2a: Raging Bolt|ability: Protosynthesis|[fromitem]
|-start|p2a: Raging Bolt|protosynthesisspa
|turn|12
|
|t:|1757924805
|-terastallize|p2a: Raging Bolt|Flying
|move|p2a: Raging Bolt|Calm Mind|p2a: Raging Bolt
|-boost|p2a: Raging Bolt|spa|1
|-boost|p2a: Raging Bolt|spd|1
|move|p1a: Clefable|Moonlight|p1a: Clefable
|-heal|p1a: Clefable|57/100
|
|-heal|p1a: Clefable|63/100|[from] item: Leftovers
|upkeep
|turn|13
|
|t:|1757924817
|move|p2a: Raging Bolt|Thunderbolt|p1a: Clefable
|-damage|p1a: Clefable|0 fnt
|faint|p1a: Clefable
|
|upkeep
|
|t:|1757924833
|switch|p1a: Ting-Lu|Ting-Lu|53/100
|-damage|p1a: Ting-Lu|47/100|[from] Stealth Rock
|-ability|p1a: Ting-Lu|Vessel of Ruin
|turn|14
|
|t:|1757924839
|move|p2a: Raging Bolt|Dragon Pulse|p1a: Ting-Lu
|-damage|p1a: Ting-Lu|0 fnt
|faint|p1a: Ting-Lu
|
|upkeep
|
|t:|1757924845
|switch|p1a: Tornadus|Tornadus, M|100/100
|-damage|p1a: Tornadus|75/100|[from] Stealth Rock
|turn|15
|c|☆OR1IIII|ggwp
|
|t:|1757924851
|move|p1a: Tornadus|Fling|p2a: Raging Bolt
|-damage|p2a: Raging Bolt|94/100
|-status|p2a: Raging Bolt|par
|-enditem|p1a: Tornadus|Light Ball|[from] move: Fling
|move|p2a: Raging Bolt|Thunderbolt|p1a: Tornadus
|-supereffective|p1a: Tornadus
|-damage|p1a: Tornadus|0 fnt
|faint|p1a: Tornadus
|
|upkeep
|
|t:|1757924858
|switch|p1a: Dragapult|Dragapult, M|100/100
|-damage|p1a: Dragapult|88/100|[from] Stealth Rock
|turn|16
|
|t:|1757924865
|move|p2a: Raging Bolt|Thunderclap|p1a: Dragapult
|-resisted|p1a: Dragapult
|-damage|p1a: Dragapult|34/100
|move|p1a: Dragapult|Dragon Darts|p2a: Raging Bolt
|-damage|p2a: Raging Bolt|69/100 par
|-anim|p1a: Dragapult|Dragon Darts|p2a: Raging Bolt
|-damage|p2a: Raging Bolt|43/100 par
|
|upkeep
|turn|17
|
|t:|1757924871
|move|p2a: Raging Bolt|Thunderclap|p1a: Dragapult
|-resisted|p1a: Dragapult
|-damage|p1a: Dragapult|0 fnt
|faint|p1a: Dragapult
|
|upkeep
|
|t:|1757924874
|switch|p1a: Ogerpon|Ogerpon-Wellspring, F|100/100
|-damage|p1a: Ogerpon|88/100|[from] Stealth Rock
|turn|18
|
|t:|1757924882
|move|p1a: Ogerpon|Spikes|p2a: Raging Bolt
|-sidestart|p2: OR1IIII|Spikes
|move|p2a: Raging Bolt|Thunderbolt|p1a: Ogerpon
|-damage|p1a: Ogerpon|0 fnt
|faint|p1a: Ogerpon
|
|win|OR1IIII
|raw|prideofpokemon's rating: 1307 &rarr; <strong>1289</strong><br />(-18 for losing)
|raw|OR1IIII's rating: 1338 &rarr; <strong>1356</strong><br />(+18 for winning)
|l|☆prideofpokemon
|player|p1|
|l|☆OR1IIII
|player|p2|
