|j|☆dhasdbhjasbd
|j|☆souobrubo
|t:|1757872348
|gametype|singles
|player|p1|dhasdbhjasbd|dawn|1193
|player|p2|souobrubo|101|1206
|gen|9
|tier|[Gen 9] OU
|rated|
|rule|HP Percentage Mod: HP is shown in percentages
|rule|Endless Battle Clause: Forcing endless battles is banned
|rule|Species Clause: Limit one of each Pokémon
|rule|OHKO Clause: OHKO moves are banned
|rule|Evasion Items Clause: Evasion items are banned
|rule|Evasion Moves Clause: Evasion moves are banned
|rule|Evasion Abilities Clause: Evasion abilities are banned
|rule|Sleep Moves Clause: Sleep-inducing moves are banned
|clearpoke
|poke|p1|Darkrai|
|poke|p1|Moltres|
|poke|p1|Garchomp, F|
|poke|p1|Slowking-Galar, F|
|poke|p1|Great Tusk|
|poke|p1|Scizor, M|
|poke|p2|Scizor, M|
|poke|p2|Araquanid, F|
|poke|p2|Gliscor, M|
|poke|p2|Goodra-Hisui, M|
|poke|p2|Zoroark-Hisui, M|
|poke|p2|Florges-White, F|
|teampreview
|inactive|Battle timer is ON: inactive players will automatically lose when time's up. (requested by dhasdbhjasbd)
|
|t:|1757872385
|teamsize|p1|6
|teamsize|p2|6
|start
|switch|p1a: Scizor|Scizor, M, shiny|100/100
|switch|p2a: Araquanid|Araquanid, F|100/100
|turn|1
|
|t:|1757872391
|move|p1a: Scizor|Dual Wingbeat|p2a: Araquanid
|-supereffective|p2a: Araquanid
|-damage|p2a: Araquanid|49/100
|-supereffective|p2a: Araquanid
|-damage|p2a: Araquanid|0 fnt
|faint|p2a: Araquanid
|-hitcount|p2: Araquanid|2
|
|upkeep
|
|t:|1757872399
|switch|p2a: Florges|Florges-White, F, shiny|100/100
|turn|2
|
|t:|1757872403
|switch|p1a: Moltres|Moltres, shiny|100/100
|move|p2a: Florges|Burning Jealousy|p1a: Moltres
|-resisted|p1a: Moltres
|-damage|p1a: Moltres|84/100
|
|upkeep
|turn|3
|
|t:|1757872413
|switch|p2a: Gliscor|Gliscor, M|100/100
|move|p1a: Moltres|U-turn|p2a: Gliscor
|-resisted|p2a: Gliscor
|-damage|p2a: Gliscor|95/100
|
|t:|1757872423
|switch|p1a: Darkrai|Darkrai, shiny|100/100|[from] U-turn
|
|-status|p2a: Gliscor|tox|[from] item: Toxic Orb
|upkeep
|turn|4
|
|t:|1757872429
|move|p1a: Darkrai|Ice Beam|p2a: Gliscor
|-supereffective|p2a: Gliscor
|-damage|p2a: Gliscor|0 fnt
|faint|p2a: Gliscor
|-damage|p1a: Darkrai|91/100|[from] item: Life Orb
|
|upkeep
|
|t:|1757872435
|switch|p2a: Florges|Florges-White, F, shiny|100/100
|turn|5
|
|t:|1757872440
|-terastallize|p1a: Darkrai|Poison
|move|p1a: Darkrai|Nasty Plot|p1a: Darkrai
|-boost|p1a: Darkrai|spa|2
|move|p2a: Florges|Focus Blast|p1a: Darkrai|[miss]
|-miss|p2a: Florges|p1a: Darkrai
|
|upkeep
|turn|6
|
|t:|1757872448
|switch|p2a: Scizor|Scizor, M|100/100
|move|p1a: Darkrai|Nasty Plot|p1a: Darkrai
|-boost|p1a: Darkrai|spa|2
|
|upkeep
|turn|7
|
|t:|1757872456
|move|p1a: Darkrai|Dark Pulse|p2a: Scizor
|-damage|p2a: Scizor|0 fnt
|faint|p2a: Scizor
|-damage|p1a: Darkrai|81/100|[from] item: Life Orb
|
|upkeep
|
|t:|1757872464
|switch|p2a: Florges|Florges-White, F, shiny|100/100
|turn|8
|
|t:|1757872467
|-terastallize|p2a: Florges|Normal
|move|p1a: Darkrai|Sludge Bomb|p2a: Florges
|-damage|p2a: Florges|0 fnt
|replace|p2a: Zoroark|Zoroark-Hisui, M, shiny
|-end|p2a: Zoroark|Illusion
|faint|p2a: Zoroark
|-damage|p1a: Darkrai|71/100|[from] item: Life Orb
|
|upkeep
|-message|souobrubo forfeited.
|
|win|dhasdbhjasbd
|raw|dhasdbhjasbd's rating: 1193 &rarr; <strong>1219</strong><br />(+26 for winning)
|raw|souobrubo's rating: 1206 &rarr; <strong>1180</strong><br />(-26 for losing)
|l|☆souobrubo
|player|p2|
|l|☆dhasdbhjasbd
|player|p1|
