|j|☆gen 9 overly used
|j|☆Jirachi75
|t:|1757938082
|gametype|singles
|player|p1|gen 9 overly used|firebreather|1395
|player|p2|Jirachi75|169|1419
|gen|9
|tier|[Gen 9] OU
|rated|
|rule|HP Percentage Mod: HP is shown in percentages
|rule|Endless Battle Clause: Forcing endless battles is banned
|rule|Species Clause: Limit one of each Pokémon
|rule|OHKO Clause: OHKO moves are banned
|rule|Evasion Items Clause: Evasion items are banned
|rule|Evasion Moves Clause: Evasion moves are banned
|rule|Evasion Abilities Clause: Evasion abilities are banned
|rule|Sleep Moves Clause: Sleep-inducing moves are banned
|clearpoke
|poke|p1|Zamazenta-*|
|poke|p1|Ninetales-Alola, F|
|poke|p1|Darkrai|
|poke|p1|Ceruledge, M|
|poke|p1|Gliscor, M|
|poke|p1|Hatterene, F|
|poke|p2|Whimsicott, F|
|poke|p2|Alomomola, F|
|poke|p2|Volcanion|
|poke|p2|Great Tusk|
|poke|p2|Slowking-Galar, M|
|poke|p2|Arcanine-Hisui, F|
|teampreview
|
|t:|1757938102
|teamsize|p1|6
|teamsize|p2|6
|start
|switch|p1a: Ninetales|Ninetales-Alola, F|100/100
|switch|p2a: Arcanine|Arcanine-Hisui, F|100/100
|-weather|Snowscape|[from] ability: Snow Warning|[of] p1a: Ninetales
|turn|1
|
|t:|1757938114
|switch|p1a: Zamazenta|Zamazenta|100/100
|-ability|p1a: Zamazenta|Dauntless Shield|boost
|-boost|p1a: Zamazenta|def|1
|-terastallize|p2a: Arcanine|Fire
|move|p2a: Arcanine|Flare Blitz|p1a: Zamazenta
|-damage|p1a: Zamazenta|56/100
|
|-weather|Snowscape|[upkeep]
|upkeep
|turn|2
|
|t:|1757938124
|switch|p2a: Farfi|Whimsicott, F|100/100
|move|p1a: Zamazenta|Iron Defense|p1a: Zamazenta
|-boost|p1a: Zamazenta|def|2
|
|-weather|Snowscape|[upkeep]
|upkeep
|turn|3
|
|t:|1757938131
|switch|p1a: Hatterene|Hatterene, F|100/100
|move|p2a: Farfi|Encore|p1a: Hatterene
|move|p1a: Hatterene|Encore||[from] ability: Magic Bounce|[still]
|-fail|p1a: Hatterene
|
|-weather|Snowscape|[upkeep]
|upkeep
|turn|4
|
|t:|1757938138
|move|p2a: Farfi|U-turn|p1a: Hatterene
|-damage|p1a: Hatterene|92/100
|
|t:|1757938141
|switch|p2a: Slowking|Slowking-Galar, M|100/100|[from] U-turn
|move|p1a: Hatterene|Calm Mind|p1a: Hatterene
|-boost|p1a: Hatterene|spa|1
|-boost|p1a: Hatterene|spd|1
|
|-weather|Snowscape|[upkeep]
|-heal|p1a: Hatterene|98/100|[from] item: Leftovers
|upkeep
|turn|5
|
|t:|1757938149
|move|p1a: Hatterene|Psyshock|p2a: Slowking
|-damage|p2a: Slowking|43/100
|move|p2a: Slowking|Sludge Bomb|p1a: Hatterene
|-supereffective|p1a: Hatterene
|-damage|p1a: Hatterene|52/100
|
|-weather|none
|-heal|p1a: Hatterene|58/100|[from] item: Leftovers
|upkeep
|turn|6
|
|t:|1757938157
|switch|p2a: Arcanine|Arcanine-Hisui, F, tera:Fire|100/100
|move|p1a: Hatterene|Psyshock|p2a: Arcanine
|-damage|p2a: Arcanine|31/100
|
|-heal|p1a: Hatterene|64/100|[from] item: Leftovers
|upkeep
|turn|7
|
|t:|1757938164
|-terastallize|p1a: Hatterene|Water
|move|p2a: Arcanine|Flare Blitz|p1a: Hatterene
|-resisted|p1a: Hatterene
|-damage|p1a: Hatterene|30/100
|move|p1a: Hatterene|Psyshock|p2a: Arcanine
|-damage|p2a: Arcanine|0 fnt
|faint|p2a: Arcanine
|
|-heal|p1a: Hatterene|36/100|[from] item: Leftovers
|upkeep
|inactive|Battle timer is ON: inactive players will automatically lose when time's up. (requested by gen 9 overly used)
|
|t:|1757938173
|switch|p2a: Great Tusk|Great Tusk|100/100
|turn|8
|
|t:|1757938176
|move|p2a: Great Tusk|Body Press|p1a: Hatterene
|-damage|p1a: Hatterene|0 fnt
|faint|p1a: Hatterene
|
|upkeep
|
|t:|1757938184
|switch|p1a: Ninetales|Ninetales-Alola, F|100/100
|-weather|Snowscape|[from] ability: Snow Warning|[of] p1a: Ninetales
|turn|9
|
|t:|1757938194
|-end|p2a: Great Tusk|Protosynthesis|[silent]
|switch|p2a: Volcanion|Volcanion|100/100
|move|p1a: Ninetales|Aurora Veil|p1a: Ninetales
|-sidestart|p1: gen 9 overly used|move: Aurora Veil
|
|-weather|Snowscape|[upkeep]
|upkeep
|turn|10
|
|t:|1757938200
|switch|p1a: Ceruledge|Ceruledge, M|100/100
|move|p2a: Volcanion|Steam Eruption|p1a: Ceruledge
|-supereffective|p1a: Ceruledge
|-damage|p1a: Ceruledge|59/100
|
|-weather|Snowscape|[upkeep]
|upkeep
|turn|11
|
|t:|1757938217
|switch|p1a: Darkrai|Darkrai|100/100
|move|p2a: Volcanion|Steam Eruption|p1a: Darkrai
|-damage|p1a: Darkrai|65/100
|
|-weather|Snowscape|[upkeep]
|-heal|p1a: Darkrai|71/100|[from] item: Leftovers
|upkeep
|turn|12
|
|t:|1757938231
|move|p1a: Darkrai|Nasty Plot|p1a: Darkrai
|-boost|p1a: Darkrai|spa|2
|move|p2a: Volcanion|Steam Eruption|p1a: Darkrai
|-damage|p1a: Darkrai|34/100
|
|-weather|Snowscape|[upkeep]
|-heal|p1a: Darkrai|40/100|[from] item: Leftovers
|upkeep
|turn|13
|
|t:|1757938243
|move|p1a: Darkrai|Dark Pulse|p2a: Volcanion
|-damage|p2a: Volcanion|0 fnt
|faint|p2a: Volcanion
|
|-weather|none
|-heal|p1a: Darkrai|46/100|[from] item: Leftovers
|upkeep
|
|t:|1757938253
|switch|p2a: Great Tusk|Great Tusk|100/100
|turn|14
|
|t:|1757938258
|move|p1a: Darkrai|Focus Blast|p2a: Great Tusk|[miss]
|-miss|p1a: Darkrai|p2a: Great Tusk
|move|p2a: Great Tusk|Body Press|p1a: Darkrai
|-supereffective|p1a: Darkrai
|-damage|p1a: Darkrai|0 fnt
|faint|p1a: Darkrai
|
|upkeep
|
|t:|1757938262
|switch|p1a: Gliscor|Gliscor, M|100/100
|turn|15
|
|t:|1757938268
|move|p1a: Gliscor|Swords Dance|p1a: Gliscor
|-boost|p1a: Gliscor|atk|2
|move|p2a: Great Tusk|Knock Off|p1a: Gliscor
|-damage|p1a: Gliscor|87/100
|-enditem|p1a: Gliscor|Toxic Orb|[from] move: Knock Off|[of] p2a: Great Tusk
|
|upkeep
|turn|16
|
|t:|1757938276
|-end|p2a: Great Tusk|Protosynthesis|[silent]
|switch|p2a: Alomomola|Alomomola, F|100/100
|move|p1a: Gliscor|Substitute|p1a: Gliscor
|-start|p1a: Gliscor|Substitute
|-damage|p1a: Gliscor|63/100
|
|-sideend|p1: gen 9 overly used|move: Aurora Veil
|upkeep
|turn|17
|
|t:|1757938283
|move|p1a: Gliscor|Swords Dance|p1a: Gliscor
|-boost|p1a: Gliscor|atk|2
|move|p2a: Alomomola|Flip Turn|p1a: Gliscor
|-supereffective|p1a: Gliscor
|-end|p1a: Gliscor|Substitute
|
|t:|1757938288
|switch|p2a: Farfi|Whimsicott, F|100/100|[from] Flip Turn
|
|upkeep
|turn|18
|
|t:|1757938292
|move|p2a: Farfi|Encore|p1a: Gliscor
|-start|p1a: Gliscor|Encore
|move|p1a: Gliscor|Swords Dance|p1a: Gliscor
|-boost|p1a: Gliscor|atk|2
|
|upkeep
|turn|19
|-message|gen 9 overly used forfeited.
|
|win|Jirachi75
|raw|gen 9 overly used's rating: 1395 &rarr; <strong>1376</strong><br />(-19 for losing)
|raw|Jirachi75's rating: 1419 &rarr; <strong>1438</strong><br />(+19 for winning)
|l|☆gen 9 overly used
|player|p1|
