|j|☆meelll0
|j|☆mulinhan
|t:|1757909264
|gametype|singles
|player|p1|meelll0|roxie|1374
|player|p2|mulinhan|1|1303
|gen|9
|tier|[Gen 9] OU
|rated|
|rule|HP Percentage Mod: HP is shown in percentages
|rule|Endless Battle Clause: Forcing endless battles is banned
|rule|Species Clause: Limit one of each Pokémon
|rule|OHKO Clause: OHKO moves are banned
|rule|Evasion Items Clause: Evasion items are banned
|rule|Evasion Moves Clause: Evasion moves are banned
|rule|Evasion Abilities Clause: Evasion abilities are banned
|rule|Sleep Moves Clause: Sleep-inducing moves are banned
|clearpoke
|poke|p1|Ninetales, M|
|poke|p1|Walking Wake|
|poke|p1|Weavile, F|
|poke|p1|Raging Bolt|
|poke|p1|Dragonite, F|
|poke|p1|Great Tusk|
|poke|p2|Dragapult, M|
|poke|p2|Meowscarada, F|
|poke|p2|Iron Treads|
|poke|p2|Gardevoir, M|
|poke|p2|Zoroark-Hisui, F|
|poke|p2|Kingambit, F|
|teampreview
|inactive|Battle timer is ON: inactive players will automatically lose when time's up. (requested by meelll0)
|
|t:|1757909276
|teamsize|p1|6
|teamsize|p2|6
|start
|switch|p1a: Weavile|Weavile, F|100/100
|switch|p2a: Gardevoir|Gardevoir, M|100/100
|turn|1
|
|t:|1757909293
|move|p1a: Weavile|Triple Axel|p2a: Gardevoir
|-damage|p2a: Gardevoir|72/100
|replace|p2a: Zoroark|Zoroark-Hisui, F
|-end|p2a: Zoroark|Illusion
|-damage|p2a: Zoroark|7/100
|-damage|p2a: Zoroark|0 fnt
|faint|p2a: Zoroark
|-hitcount|p2: Zoroark|3
|
|upkeep
|
|t:|1757909309
|switch|p2a: Kingambit|Kingambit, F|100/100
|-activate|p2a: Kingambit|ability: Supreme Overlord
|-start|p2a: Kingambit|fallen1|[silent]
|turn|2
|
|t:|1757909315
|switch|p1a: Ninetales|Ninetales, M|100/100
|-weather|SunnyDay|[from] ability: Drought|[of] p1a: Ninetales
|move|p2a: Kingambit|Swords Dance|p2a: Kingambit
|-boost|p2a: Kingambit|atk|2
|
|-weather|SunnyDay|[upkeep]
|upkeep
|turn|3
|
|t:|1757909325
|-terastallize|p2a: Kingambit|Dark
|move|p1a: Ninetales|Encore|p2a: Kingambit
|-start|p2a: Kingambit|Encore
|move|p2a: Kingambit|Swords Dance|p2a: Kingambit
|-boost|p2a: Kingambit|atk|2
|
|-weather|SunnyDay|[upkeep]
|upkeep
|turn|4
|
|t:|1757909348
|-end|p2a: Kingambit|fallen1|[silent]
|switch|p2a: Iron Treads|Iron Treads|100/100
|move|p1a: Ninetales|Will-O-Wisp|p2a: Iron Treads
|-status|p2a: Iron Treads|brn
|
|-weather|SunnyDay|[upkeep]
|-damage|p2a: Iron Treads|94/100 brn|[from] brn
|upkeep
|turn|5
|
|t:|1757909375
|switch|p1a: Walking Wake|Walking Wake|100/100
|-activate|p1a: Walking Wake|ability: Protosynthesis
|-start|p1a: Walking Wake|protosynthesisspe
|move|p2a: Iron Treads|Earthquake|p1a: Walking Wake
|-damage|p1a: Walking Wake|79/100
|
|-weather|SunnyDay|[upkeep]
|-damage|p2a: Iron Treads|88/100 brn|[from] brn
|upkeep
|turn|6
|
|t:|1757909387
|move|p1a: Walking Wake|Weather Ball|p2a: Iron Treads
|-supereffective|p2a: Iron Treads
|-damage|p2a: Iron Treads|4/100 brn
|move|p2a: Iron Treads|Iron Head|p1a: Walking Wake
|-resisted|p1a: Walking Wake
|-damage|p1a: Walking Wake|71/100
|
|-weather|SunnyDay|[upkeep]
|-damage|p2a: Iron Treads|0 fnt|[from] brn
|faint|p2a: Iron Treads
|-end|p2a: Iron Treads|Quark Drive|[silent]
|upkeep
|inactive|mulinhan has 120 seconds left.
|
|t:|1757909404
|switch|p2a: Dragapult|Dragapult, M|100/100
|turn|7
|
|t:|1757909411
|-end|p1a: Walking Wake|Protosynthesis|[silent]
|switch|p1a: Weavile|Weavile, F|100/100
|move|p2a: Dragapult|Dragon Darts|p1a: Weavile
|-damage|p1a: Weavile|62/100
|-anim|p2a: Dragapult|Dragon Darts|p1a: Weavile
|-damage|p1a: Weavile|28/100
|
|-weather|SunnyDay|[upkeep]
|upkeep
|turn|8
|
|t:|1757909421
|move|p2a: Dragapult|Dragon Darts|p1a: Weavile
|-damage|p1a: Weavile|0 fnt
|faint|p1a: Weavile
|
|-weather|SunnyDay|[upkeep]
|upkeep
|
|t:|1757909425
|switch|p1a: Great Tusk|Great Tusk|100/100
|-activate|p1a: Great Tusk|ability: Protosynthesis
|-start|p1a: Great Tusk|protosynthesisdef
|turn|9
|
|t:|1757909433
|move|p2a: Dragapult|Will-O-Wisp|p1a: Great Tusk
|-status|p1a: Great Tusk|brn
|move|p1a: Great Tusk|Stealth Rock|p2a: Dragapult
|-sidestart|p2: mulinhan|move: Stealth Rock
|
|-weather|none
|-end|p1a: Great Tusk|Protosynthesis
|-damage|p1a: Great Tusk|94/100 brn|[from] brn
|upkeep
|turn|10
|
|t:|1757909438
|move|p2a: Dragapult|Hex|p1a: Great Tusk
|-damage|p1a: Great Tusk|19/100 brn
|move|p1a: Great Tusk|Knock Off|p2a: Dragapult
|-supereffective|p2a: Dragapult
|-damage|p2a: Dragapult|65/100
|-enditem|p2a: Dragapult|Leftovers|[from] move: Knock Off|[of] p1a: Great Tusk
|
|-damage|p1a: Great Tusk|12/100 brn|[from] brn
|upkeep
|turn|11
|
|t:|1757909449
|move|p2a: Dragapult|Dragon Darts|p1a: Great Tusk
|-damage|p1a: Great Tusk|3/100 brn
|-anim|p2a: Dragapult|Dragon Darts|p1a: Great Tusk
|-damage|p1a: Great Tusk|0 fnt
|faint|p1a: Great Tusk
|-end|p1a: Great Tusk|Protosynthesis|[silent]
|
|upkeep
|
|t:|1757909465
|switch|p1a: Ninetales|Ninetales, M|100/100
|-weather|SunnyDay|[from] ability: Drought|[of] p1a: Ninetales
|turn|12
|
|t:|1757909473
|switch|p1a: Dragonite|Dragonite, F|100/100
|move|p2a: Dragapult|Dragon Darts|p1a: Dragonite
|-supereffective|p1a: Dragonite
|-damage|p1a: Dragonite|72/100
|-anim|p2a: Dragapult|Dragon Darts|p1a: Dragonite
|-supereffective|p1a: Dragonite
|-damage|p1a: Dragonite|22/100
|
|-weather|SunnyDay|[upkeep]
|upkeep
|turn|13
|
|t:|1757909484
|move|p2a: Dragapult|Dragon Darts|p1a: Dragonite
|-supereffective|p1a: Dragonite
|-damage|p1a: Dragonite|0 fnt
|faint|p1a: Dragonite
|
|-weather|SunnyDay|[upkeep]
|upkeep
|
|t:|1757909486
|switch|p1a: Walking Wake|Walking Wake|71/100
|-activate|p1a: Walking Wake|ability: Protosynthesis
|-start|p1a: Walking Wake|protosynthesisspe
|turn|14
|inactive|meelll0 has 120 seconds left.
|
|t:|1757909516
|move|p1a: Walking Wake|Hydro Steam|p2a: Dragapult
|-resisted|p2a: Dragapult
|-damage|p2a: Dragapult|0 fnt
|faint|p2a: Dragapult
|
|-weather|SunnyDay|[upkeep]
|upkeep
|
|t:|1757909526
|switch|p2a: Kingambit|Kingambit, F, tera:Dark|100/100
|-damage|p2a: Kingambit|88/100|[from] Stealth Rock
|-activate|p2a: Kingambit|ability: Supreme Overlord
|-start|p2a: Kingambit|fallen3|[silent]
|turn|15
|inactive|meelll0 has 120 seconds left.
|
|t:|1757909548
|-end|p1a: Walking Wake|Protosynthesis|[silent]
|switch|p1a: Ninetales|Ninetales, M|100/100
|move|p2a: Kingambit|Kowtow Cleave|p1a: Ninetales
|-damage|p1a: Ninetales|0 fnt
|faint|p1a: Ninetales
|
|-weather|SunnyDay|[upkeep]
|upkeep
|
|t:|1757909555
|switch|p1a: Raging Bolt|Raging Bolt|100/100
|-activate|p1a: Raging Bolt|ability: Protosynthesis
|-start|p1a: Raging Bolt|protosynthesisspa
|turn|16
|inactive|meelll0 has 120 seconds left.
|
|t:|1757909565
|move|p1a: Raging Bolt|Thunderbolt|p2a: Kingambit
|-damage|p2a: Kingambit|26/100
|move|p2a: Kingambit|Kowtow Cleave|p1a: Raging Bolt
|-damage|p1a: Raging Bolt|5/100
|
|-weather|SunnyDay|[upkeep]
|upkeep
|turn|17
|
|t:|1757909574
|move|p1a: Raging Bolt|Thunderclap||[still]
|-fail|p1a: Raging Bolt
|move|p2a: Kingambit|Swords Dance|p2a: Kingambit
|-boost|p2a: Kingambit|atk|2
|
|-weather|SunnyDay|[upkeep]
|upkeep
|turn|18
|
|t:|1757909598
|move|p1a: Raging Bolt|Thunderclap|p2a: Kingambit
|-damage|p2a: Kingambit|0 fnt
|faint|p2a: Kingambit
|-end|p2a: Kingambit|fallen3|[silent]
|
|-weather|SunnyDay|[upkeep]
|upkeep
|
|t:|1757909602
|switch|p2a: Gardevoir|Gardevoir, M|100/100
|-damage|p2a: Gardevoir|88/100|[from] Stealth Rock
|turn|19
|
|t:|1757909620
|move|p2a: Gardevoir|Moonblast|p1a: Raging Bolt
|-supereffective|p1a: Raging Bolt
|-damage|p1a: Raging Bolt|0 fnt
|faint|p1a: Raging Bolt
|-end|p1a: Raging Bolt|Protosynthesis|[silent]
|
|-weather|none
|upkeep
|
|t:|1757909621
|switch|p1a: Walking Wake|Walking Wake|71/100
|turn|20
|
|t:|1757909631
|move|p2a: Gardevoir|Moonblast|p1a: Walking Wake
|-supereffective|p1a: Walking Wake
|-damage|p1a: Walking Wake|0 fnt
|faint|p1a: Walking Wake
|-end|p1a: Walking Wake|Protosynthesis|[silent]
|
|win|mulinhan
|raw|meelll0's rating: 1374 &rarr; <strong>1350</strong><br />(-24 for losing)
|raw|mulinhan's rating: 1303 &rarr; <strong>1327</strong><br />(+24 for winning)
|l|☆meelll0
|player|p1|
