|j|☆q up bro
|j|☆BeachLeak
|t:|1757788296
|gametype|singles
|player|p1|q up bro|266|1485
|player|p2|BeachLeak|archer|1513
|gen|9
|tier|[Gen 9] OU
|rated|
|rule|HP Percentage Mod: HP is shown in percentages
|rule|Endless Battle Clause: Forcing endless battles is banned
|rule|Species Clause: Limit one of each Pokémon
|rule|OHKO Clause: OHKO moves are banned
|rule|Evasion Items Clause: Evasion items are banned
|rule|Evasion Moves Clause: Evasion moves are banned
|rule|Evasion Abilities Clause: Evasion abilities are banned
|rule|Sleep Moves Clause: Sleep-inducing moves are banned
|clearpoke
|poke|p1|Great Tusk|
|poke|p1|Cinderace, M|
|poke|p1|Slowking-Galar, F|
|poke|p1|Gholdengo|
|poke|p1|Zapdos|
|poke|p1|Kyurem|
|poke|p2|Salamence, M|
|poke|p2|Tyranitar, M|
|poke|p2|Excadrill, F|
|poke|p2|Iron Crown|
|poke|p2|Azumarill, M|
|poke|p2|Zamazenta-*|
|teampreview
|l|☆q up bro
|player|p1|
|j|☆q up bro
|player|p1|q up bro|266|
|
|t:|1757788325
|teamsize|p1|6
|teamsize|p2|6
|start
|switch|p1a: Cinderace|Cinderace, M|100/100
|switch|p2a: Zamazenta|Zamazenta|100/100
|-ability|p2a: Zamazenta|Dauntless Shield|boost
|-boost|p2a: Zamazenta|def|1
|turn|1
|
|t:|1757788347
|move|p2a: Zamazenta|Close Combat|p1a: Cinderace
|-damage|p1a: Cinderace|14/100
|-unboost|p2a: Zamazenta|def|1
|-unboost|p2a: Zamazenta|spd|1
|-damage|p2a: Zamazenta|91/100|[from] item: Life Orb
|move|p1a: Cinderace|Will-O-Wisp|p2a: Zamazenta
|-status|p2a: Zamazenta|brn
|
|-damage|p2a: Zamazenta|84/100 brn|[from] brn
|upkeep
|turn|2
|inactive|Battle timer is ON: inactive players will automatically lose when time's up. (requested by BeachLeak)
|
|t:|1757788360
|switch|p1a: Zapdos|Zapdos|100/100
|move|p2a: Zamazenta|Stone Edge|p1a: Zapdos|[miss]
|-miss|p2a: Zamazenta|p1a: Zapdos
|
|-damage|p2a: Zamazenta|78/100 brn|[from] brn
|upkeep
|turn|3
|
|t:|1757788367
|move|p2a: Zamazenta|Stone Edge|p1a: Zapdos
|-supereffective|p1a: Zapdos
|-damage|p1a: Zapdos|72/100
|-damage|p2a: Zamazenta|68/100 brn|[from] item: Life Orb
|move|p1a: Zapdos|Hurricane|p2a: Zamazenta|[miss]
|-miss|p1a: Zapdos|p2a: Zamazenta
|
|-damage|p2a: Zamazenta|62/100 brn|[from] brn
|upkeep
|turn|4
|
|t:|1757788373
|move|p2a: Zamazenta|Stone Edge|p1a: Zapdos
|-supereffective|p1a: Zapdos
|-damage|p1a: Zapdos|44/100
|-damage|p2a: Zamazenta|52/100 brn|[from] item: Life Orb
|move|p1a: Zapdos|Roost|p1a: Zapdos
|-heal|p1a: Zapdos|94/100
|-singleturn|p1a: Zapdos|move: Roost
|
|-damage|p2a: Zamazenta|46/100 brn|[from] brn
|upkeep
|turn|5
|
|t:|1757788379
|move|p2a: Zamazenta|Stone Edge|p1a: Zapdos
|-supereffective|p1a: Zapdos
|-crit|p1a: Zapdos
|-damage|p1a: Zapdos|49/100
|-damage|p2a: Zamazenta|36/100 brn|[from] item: Life Orb
|move|p1a: Zapdos|Volt Switch|p2a: Zamazenta
|-damage|p2a: Zamazenta|0 fnt
|faint|p2a: Zamazenta
|
|t:|1757788391
|switch|p1a: Great Tusk|Great Tusk|100/100|[from] Volt Switch
|
|upkeep
|
|t:|1757788394
|switch|p2a: Sherbet|Salamence, M, shiny|100/100
|-ability|p2a: Sherbet|Intimidate|boost
|-unboost|p1a: Great Tusk|atk|1
|turn|6
|
|t:|1757788398
|move|p2a: Sherbet|Draco Meteor|p1a: Great Tusk
|-damage|p1a: Great Tusk|0 fnt
|-unboost|p2a: Sherbet|spa|2
|faint|p1a: Great Tusk
|-end|p1a: Great Tusk|Protosynthesis|[silent]
|
|upkeep
|
|t:|1757788402
|switch|p1a: Gholdengo|Gholdengo|100/100
|turn|7
|
|t:|1757788414
|switch|p2a: Excadrill|Excadrill, F|100/100
|-item|p2a: Excadrill|Air Balloon
|move|p1a: Gholdengo|Make It Rain|p2a: Excadrill
|-resisted|p2a: Excadrill
|-damage|p2a: Excadrill|36/100
|-unboost|p1a: Gholdengo|spa|1
|-enditem|p2a: Excadrill|Air Balloon
|
|upkeep
|turn|8
|
|t:|1757788433
|switch|p2a: Iron Crown|Iron Crown|100/100
|switch|p1a: Zapdos|Zapdos|49/100
|
|upkeep
|turn|9
|
|t:|1757788441
|move|p2a: Iron Crown|Psychic Noise|p1a: Zapdos
|-crit|p1a: Zapdos
|-damage|p1a: Zapdos|0 fnt
|faint|p1a: Zapdos
|
|upkeep
|
|t:|1757788446
|switch|p1a: Cinderace|Cinderace, M|14/100
|turn|10
|
|t:|1757788449
|move|p2a: Iron Crown|Psychic Noise|p1a: Cinderace
|-damage|p1a: Cinderace|0 fnt
|faint|p1a: Cinderace
|
|upkeep
|
|t:|1757788453
|switch|p1a: Gholdengo|Gholdengo|100/100
|turn|11
|
|t:|1757788460
|-end|p2a: Iron Crown|Quark Drive|[silent]
|switch|p2a: Tyranitar|Tyranitar, M, shiny|100/100
|-weather|Sandstorm|[from] ability: Sand Stream|[of] p2a: Tyranitar
|move|p1a: Gholdengo|Make It Rain|p2a: Tyranitar
|-supereffective|p2a: Tyranitar
|-damage|p2a: Tyranitar|0 fnt
|-unboost|p1a: Gholdengo|spa|1
|faint|p2a: Tyranitar
|
|-weather|Sandstorm|[upkeep]
|upkeep
|
|t:|1757788463
|switch|p2a: Excadrill|Excadrill, F|36/100
|turn|12
|
|t:|1757788472
|switch|p1a: Slowking|Slowking-Galar, F|100/100
|move|p2a: Excadrill|Earthquake|p1a: Slowking
|-supereffective|p1a: Slowking
|-enditem|p1a: Slowking|Shuca Berry|[eat]
|-enditem|p1a: Slowking|Shuca Berry|[weaken]
|-damage|p1a: Slowking|44/100
|
|-weather|Sandstorm|[upkeep]
|-damage|p1a: Slowking|38/100|[from] Sandstorm
|upkeep
|turn|13
|
|t:|1757788478
|move|p2a: Excadrill|Earthquake|p1a: Slowking
|-supereffective|p1a: Slowking
|-damage|p1a: Slowking|0 fnt
|faint|p1a: Slowking
|
|-weather|Sandstorm|[upkeep]
|upkeep
|
|t:|1757788480
|switch|p1a: Kyurem|Kyurem|100/100
|-ability|p1a: Kyurem|Pressure
|turn|14
|
|t:|1757788482
|move|p1a: Kyurem|Protect|p1a: Kyurem
|-singleturn|p1a: Kyurem|Protect
|move|p2a: Excadrill|Iron Head|p1a: Kyurem
|-activate|p1a: Kyurem|move: Protect
|
|-weather|Sandstorm|[upkeep]
|-damage|p1a: Kyurem|94/100|[from] Sandstorm
|-heal|p1a: Kyurem|100/100|[from] item: Leftovers
|upkeep
|turn|15
|
|t:|1757788489
|-terastallize|p1a: Kyurem|Ground
|move|p2a: Excadrill|Iron Head|p1a: Kyurem
|-damage|p1a: Kyurem|60/100
|move|p1a: Kyurem|Substitute|p1a: Kyurem
|-start|p1a: Kyurem|Substitute
|-damage|p1a: Kyurem|35/100
|
|-weather|none
|-heal|p1a: Kyurem|41/100|[from] item: Leftovers
|upkeep
|turn|16
|
|t:|1757788496
|move|p1a: Kyurem|Protect|p1a: Kyurem
|-singleturn|p1a: Kyurem|Protect
|move|p2a: Excadrill|Earthquake|p1a: Kyurem
|-activate|p1a: Kyurem|move: Protect
|
|-heal|p1a: Kyurem|47/100|[from] item: Leftovers
|upkeep
|turn|17
|
|t:|1757788501
|move|p1a: Kyurem|Earth Power|p2a: Excadrill
|-supereffective|p2a: Excadrill
|-damage|p2a: Excadrill|0 fnt
|faint|p2a: Excadrill
|
|-heal|p1a: Kyurem|53/100|[from] item: Leftovers
|upkeep
|
|t:|1757788507
|switch|p2a: Iron Crown|Iron Crown|100/100
|turn|18
|
|t:|1757788512
|move|p1a: Kyurem|Protect|p1a: Kyurem
|-singleturn|p1a: Kyurem|Protect
|move|p2a: Iron Crown|Tachyon Cutter|p1a: Kyurem
|-activate|p1a: Kyurem|move: Protect
|
|-heal|p1a: Kyurem|59/100|[from] item: Leftovers
|upkeep
|turn|19
|
|t:|1757788517
|switch|p1a: Gholdengo|Gholdengo|100/100
|move|p2a: Iron Crown|Tachyon Cutter|p1a: Gholdengo
|-resisted|p1a: Gholdengo
|-damage|p1a: Gholdengo|85/100
|-resisted|p1a: Gholdengo
|-damage|p1a: Gholdengo|71/100
|-hitcount|p1a: Gholdengo|2
|
|upkeep
|turn|20
|
|t:|1757788524
|-end|p2a: Iron Crown|Quark Drive|[silent]
|switch|p2a: Sherbet|Salamence, M, shiny|100/100
|-ability|p2a: Sherbet|Intimidate|boost
|-unboost|p1a: Gholdengo|atk|1
|move|p1a: Gholdengo|Shadow Ball|p2a: Sherbet
|-damage|p2a: Sherbet|16/100
|
|upkeep
|turn|21
|
|t:|1757788530
|move|p2a: Sherbet|Fire Blast|p1a: Gholdengo|[miss]
|-miss|p2a: Sherbet|p1a: Gholdengo
|move|p1a: Gholdengo|Shadow Ball|p2a: Sherbet
|-damage|p2a: Sherbet|0 fnt
|faint|p2a: Sherbet
|
|upkeep
|
|t:|1757788533
|switch|p2a: Iron Crown|Iron Crown|100/100
|turn|22
|
|t:|1757788544
|-terastallize|p2a: Iron Crown|Steel
|move|p2a: Iron Crown|Tachyon Cutter|p1a: Gholdengo
|-resisted|p1a: Gholdengo
|-damage|p1a: Gholdengo|52/100
|-resisted|p1a: Gholdengo
|-damage|p1a: Gholdengo|34/100
|-hitcount|p1a: Gholdengo|2
|move|p1a: Gholdengo|Shadow Ball|p2a: Iron Crown
|-crit|p2a: Iron Crown
|-damage|p2a: Iron Crown|4/100
|
|upkeep
|turn|23
|
|t:|1757788553
|move|p2a: Iron Crown|Tachyon Cutter|p1a: Gholdengo
|-resisted|p1a: Gholdengo
|-damage|p1a: Gholdengo|14/100
|-resisted|p1a: Gholdengo
|-damage|p1a: Gholdengo|0 fnt
|faint|p1a: Gholdengo
|-hitcount|p1: Gholdengo|2
|
|upkeep
|
|t:|1757788556
|switch|p1a: Kyurem|Kyurem, tera:Ground|59/100
|-ability|p1a: Kyurem|Pressure
|turn|24
|
|t:|1757788559
|move|p1a: Kyurem|Protect|p1a: Kyurem
|-singleturn|p1a: Kyurem|Protect
|move|p2a: Iron Crown|Tachyon Cutter|p1a: Kyurem
|-activate|p1a: Kyurem|move: Protect
|
|-heal|p1a: Kyurem|66/100|[from] item: Leftovers
|upkeep
|turn|25
|
|t:|1757788565
|move|p2a: Iron Crown|Tachyon Cutter|p1a: Kyurem
|-damage|p1a: Kyurem|32/100
|-damage|p1a: Kyurem|0 fnt
|faint|p1a: Kyurem
|-hitcount|p1: Kyurem|2
|
|win|BeachLeak
|raw|q up bro's rating: 1485 &rarr; <strong>1467</strong><br />(-18 for losing)
|raw|BeachLeak's rating: 1513 &rarr; <strong>1531</strong><br />(+18 for winning)
|l|☆BeachLeak
|player|p2|
|l|☆q up bro
|player|p1|
