|j|☆CopiumBathTub
|j|☆3idk
|t:|1757786445
|gametype|singles
|player|p1|CopiumBathTub|psychic-gen4|1695
|player|p2|3idk|lusamine-masters|1709
|gen|9
|tier|[Gen 9] OU
|rated|
|rule|HP Percentage Mod: HP is shown in percentages
|rule|Endless Battle Clause: Forcing endless battles is banned
|rule|Species Clause: Limit one of each Pokémon
|rule|OHKO Clause: OHKO moves are banned
|rule|Evasion Items Clause: Evasion items are banned
|rule|Evasion Moves Clause: Evasion moves are banned
|rule|Evasion Abilities Clause: Evasion abilities are banned
|rule|Sleep Moves Clause: Sleep-inducing moves are banned
|clearpoke
|poke|p1|Meowscarada, F|
|poke|p1|Gholdengo|
|poke|p1|Scizor, M|
|poke|p1|Ting-Lu|
|poke|p1|Kyurem|
|poke|p1|Great Tusk|
|poke|p2|Tyranitar, F|
|poke|p2|Excadrill, M|
|poke|p2|Keldeo-Resolute|
|poke|p2|Tornadus-Therian, M|
|poke|p2|Heatran, F|
|poke|p2|Hydrapple, M|
|teampreview
|inactive|Battle timer is ON: inactive players will automatically lose when time's up. (requested by 3idk)
|
|t:|1757786462
|teamsize|p1|6
|teamsize|p2|6
|start
|switch|p1a: Meowscarada|Meowscarada, F|100/100
|switch|p2a: Tornadus|Tornadus-Therian, M|100/100
|turn|1
|
|t:|1757786474
|switch|p2a: Heatran|Heatran, F|100/100
|move|p1a: Meowscarada|Toxic Spikes|p2a: Heatran
|-start|p1a: Meowscarada|typechange|Poison|[from] ability: Protean
|-sidestart|p2: 3idk|move: Toxic Spikes
|
|upkeep
|turn|2
|
|t:|1757786479
|switch|p1a: Ting-Lu|Ting-Lu|100/100
|-ability|p1a: Ting-Lu|Vessel of Ruin
|move|p2a: Heatran|Magma Storm|p1a: Ting-Lu
|-damage|p1a: Ting-Lu|83/100
|-activate|p1a: Ting-Lu|move: Magma Storm|[of] p2a: Heatran
|
|-heal|p1a: Ting-Lu|90/100|[from] item: Leftovers
|-damage|p1a: Ting-Lu|77/100|[from] move: Magma Storm|[partiallytrapped]
|upkeep
|turn|3
|
|t:|1757786487
|switch|p2a: Tornadus|Tornadus-Therian, M|100/100
|move|p1a: Ting-Lu|Ruination|p2a: Tornadus
|-damage|p2a: Tornadus|51/100
|
|-heal|p1a: Ting-Lu|83/100|[from] item: Leftovers
|-end|p1a: Ting-Lu|Magma Storm|[partiallytrapped]|[silent]
|upkeep
|turn|4
|
|t:|1757786492
|move|p2a: Tornadus|Taunt|p1a: Ting-Lu
|-start|p1a: Ting-Lu|move: Taunt
|cant|p1a: Ting-Lu|move: Taunt|Spikes
|
|-heal|p1a: Ting-Lu|90/100|[from] item: Leftovers
|upkeep
|turn|5
|
|t:|1757786496
|move|p2a: Tornadus|Bleakwind Storm|p1a: Ting-Lu
|-damage|p1a: Ting-Lu|74/100
|move|p1a: Ting-Lu|Ruination|p2a: Tornadus
|-damage|p2a: Tornadus|26/100
|
|-heal|p1a: Ting-Lu|81/100|[from] item: Leftovers
|upkeep
|turn|6
|
|t:|1757786501
|move|p2a: Tornadus|Bleakwind Storm|p1a: Ting-Lu
|-damage|p1a: Ting-Lu|65/100
|move|p1a: Ting-Lu|Ruination|p2a: Tornadus
|-damage|p2a: Tornadus|13/100
|
|-heal|p1a: Ting-Lu|72/100|[from] item: Leftovers
|-end|p1a: Ting-Lu|move: Taunt
|upkeep
|turn|7
|
|t:|1757786506
|move|p2a: Tornadus|Taunt|p1a: Ting-Lu
|-start|p1a: Ting-Lu|move: Taunt
|move|p1a: Ting-Lu|Ruination|p2a: Tornadus
|-damage|p2a: Tornadus|7/100
|
|-heal|p1a: Ting-Lu|78/100|[from] item: Leftovers
|upkeep
|turn|8
|
|t:|1757786508
|move|p2a: Tornadus|Bleakwind Storm|p1a: Ting-Lu
|-damage|p1a: Ting-Lu|63/100
|-unboost|p1a: Ting-Lu|spe|1
|move|p1a: Ting-Lu|Ruination|p2a: Tornadus
|-damage|p2a: Tornadus|4/100
|
|-heal|p1a: Ting-Lu|69/100|[from] item: Leftovers
|upkeep
|turn|9
|
|t:|1757786514
|move|p2a: Tornadus|Bleakwind Storm|p1a: Ting-Lu
|-damage|p1a: Ting-Lu|52/100
|move|p1a: Ting-Lu|Ruination|p2a: Tornadus
|-damage|p2a: Tornadus|2/100
|
|-heal|p1a: Ting-Lu|58/100|[from] item: Leftovers
|-end|p1a: Ting-Lu|move: Taunt
|upkeep
|turn|10
|
|t:|1757786522
|move|p2a: Tornadus|Taunt|p1a: Ting-Lu
|-start|p1a: Ting-Lu|move: Taunt
|move|p1a: Ting-Lu|Ruination|p2a: Tornadus
|-damage|p2a: Tornadus|1/100
|
|-heal|p1a: Ting-Lu|65/100|[from] item: Leftovers
|upkeep
|turn|11
|
|t:|1757786525
|move|p2a: Tornadus|Bleakwind Storm|p1a: Ting-Lu
|-damage|p1a: Ting-Lu|50/100
|-unboost|p1a: Ting-Lu|spe|1
|move|p1a: Ting-Lu|Ruination|p2a: Tornadus
|-damage|p2a: Tornadus|1/100
|
|-heal|p1a: Ting-Lu|56/100|[from] item: Leftovers
|upkeep
|turn|12
|
|t:|1757786532
|move|p2a: Tornadus|Bleakwind Storm|p1a: Ting-Lu|[miss]
|-miss|p2a: Tornadus|p1a: Ting-Lu
|move|p1a: Ting-Lu|Ruination|p2a: Tornadus|[miss]
|-miss|p1a: Ting-Lu|p2a: Tornadus
|
|-heal|p1a: Ting-Lu|62/100|[from] item: Leftovers
|-end|p1a: Ting-Lu|move: Taunt
|upkeep
|turn|13
|j| LifeIsALieee
|
|t:|1757786538
|move|p2a: Tornadus|Taunt|p1a: Ting-Lu
|-start|p1a: Ting-Lu|move: Taunt
|cant|p1a: Ting-Lu|move: Taunt|Spikes
|
|-heal|p1a: Ting-Lu|69/100|[from] item: Leftovers
|upkeep
|turn|14
|
|t:|1757786542
|move|p2a: Tornadus|Bleakwind Storm|p1a: Ting-Lu
|-damage|p1a: Ting-Lu|53/100
|-unboost|p1a: Ting-Lu|spe|1
|move|p1a: Ting-Lu|Ruination|p2a: Tornadus
|-damage|p2a: Tornadus|1/100
|
|-heal|p1a: Ting-Lu|59/100|[from] item: Leftovers
|upkeep
|turn|15
|
|t:|1757786551
|move|p2a: Tornadus|Bleakwind Storm|p1a: Ting-Lu
|-damage|p1a: Ting-Lu|43/100
|-unboost|p1a: Ting-Lu|spe|1
|move|p1a: Ting-Lu|Ruination|p2a: Tornadus
|-damage|p2a: Tornadus|0 fnt
|faint|p2a: Tornadus
|
|-heal|p1a: Ting-Lu|49/100|[from] item: Leftovers
|-end|p1a: Ting-Lu|move: Taunt
|upkeep
|c|☆3idk|ruination can ko?
|c|☆3idk|ic
|c|☆CopiumBathTub|Yeah
|inactive|3idk has 120 seconds left.
|
|t:|1757786587
|switch|p2a: Tyranitar|Tyranitar, F|100/100
|-status|p2a: Tyranitar|psn
|-weather|Sandstorm|[from] ability: Sand Stream|[of] p2a: Tyranitar
|turn|16
|inactive|3idk has 120 seconds left.
|
|t:|1757786597
|switch|p1a: Great Tusk|Great Tusk|100/100
|move|p2a: Tyranitar|Ice Punch|p1a: Great Tusk
|-supereffective|p1a: Great Tusk
|-damage|p1a: Great Tusk|33/100
|
|-weather|Sandstorm|[upkeep]
|-heal|p1a: Great Tusk|39/100|[from] item: Leftovers
|-damage|p2a: Tyranitar|88/100 psn|[from] psn
|upkeep
|turn|17
|
|t:|1757786605
|switch|p2a: Hydrapple|Hydrapple, M|100/100
|-status|p2a: Hydrapple|psn
|move|p1a: Great Tusk|Headlong Rush|p2a: Hydrapple
|-resisted|p2a: Hydrapple
|-damage|p2a: Hydrapple|85/100 psn
|-unboost|p1a: Great Tusk|def|1
|-unboost|p1a: Great Tusk|spd|1
|-damage|p1a: Great Tusk|22/100|[from] item: Rocky Helmet|[of] p2a: Hydrapple
|
|-weather|Sandstorm|[upkeep]
|-damage|p2a: Hydrapple|79/100 psn|[from] Sandstorm
|-heal|p1a: Great Tusk|29/100|[from] item: Leftovers
|-damage|p2a: Hydrapple|66/100 psn|[from] psn
|upkeep
|turn|18
|
|t:|1757786614
|switch|p2a: Heatran|Heatran, F|100/100
|move|p1a: Great Tusk|Ice Spinner|p2a: Heatran
|-resisted|p2a: Heatran
|-damage|p2a: Heatran|94/100
|
|-weather|Sandstorm|[upkeep]
|-heal|p1a: Great Tusk|35/100|[from] item: Leftovers
|-heal|p2a: Heatran|100/100|[from] item: Leftovers
|upkeep
|turn|19
|
|t:|1757786621
|switch|p2a: Excadrill|Excadrill, M|100/100
|-item|p2a: Excadrill|Air Balloon
|move|p1a: Great Tusk|Stealth Rock|p2a: Excadrill
|-sidestart|p2: 3idk|move: Stealth Rock
|
|-weather|Sandstorm|[upkeep]
|-heal|p1a: Great Tusk|41/100|[from] item: Leftovers
|upkeep
|turn|20
|
|t:|1757786627
|move|p2a: Excadrill|Earthquake|p1a: Great Tusk
|-damage|p1a: Great Tusk|0 fnt
|faint|p1a: Great Tusk
|-end|p1a: Great Tusk|Protosynthesis|[silent]
|
|-weather|none
|upkeep
|
|t:|1757786630
|switch|p1a: Meowscarada|Meowscarada, F|100/100
|turn|21
|
|t:|1757786635
|switch|p2a: Heatran|Heatran, F|100/100
|-damage|p2a: Heatran|88/100|[from] Stealth Rock
|move|p1a: Meowscarada|U-turn|p2a: Heatran
|-start|p1a: Meowscarada|typechange|Bug|[from] ability: Protean
|-resisted|p2a: Heatran
|-damage|p2a: Heatran|81/100
|
|t:|1757786638
|switch|p1a: Kyurem|Kyurem|100/100|[from] U-turn
|-ability|p1a: Kyurem|Pressure
|
|-heal|p2a: Heatran|88/100|[from] item: Leftovers
|upkeep
|turn|22
|
|t:|1757786647
|move|p1a: Kyurem|Substitute|p1a: Kyurem
|-start|p1a: Kyurem|Substitute
|-damage|p1a: Kyurem|75/100
|move|p2a: Heatran|Magma Storm|p1a: Kyurem
|-crit|p1a: Kyurem
|-end|p1a: Kyurem|Substitute
|
|-heal|p1a: Kyurem|82/100|[from] item: Leftovers
|-heal|p2a: Heatran|94/100|[from] item: Leftovers
|upkeep
|turn|23
|
|t:|1757786653
|switch|p2a: Keldeo|Keldeo-Resolute|100/100
|-status|p2a: Keldeo|psn
|-damage|p2a: Keldeo|94/100 psn|[from] Stealth Rock
|move|p1a: Kyurem|Protect||[still]
|-fail|p1a: Kyurem
|
|-heal|p1a: Kyurem|88/100|[from] item: Leftovers
|-damage|p2a: Keldeo|82/100 psn|[from] psn
|upkeep
|turn|24
|
|t:|1757786656
|switch|p1a: Gholdengo|Gholdengo|100/100
|-item|p1a: Gholdengo|Air Balloon
|move|p2a: Keldeo|Flip Turn|p1a: Gholdengo
|-damage|p1a: Gholdengo|89/100
|-enditem|p1a: Gholdengo|Air Balloon
|
|t:|1757786660
|switch|p2a: Heatran|Heatran, F|94/100|[from] Flip Turn
|-damage|p2a: Heatran|81/100|[from] Stealth Rock
|
|-heal|p2a: Heatran|88/100|[from] item: Leftovers
|upkeep
|turn|25
|
|t:|1757786666
|switch|p1a: Ting-Lu|Ting-Lu|49/100
|-ability|p1a: Ting-Lu|Vessel of Ruin
|switch|p2a: Excadrill|Excadrill, M|100/100
|-damage|p2a: Excadrill|97/100|[from] Stealth Rock
|-item|p2a: Excadrill|Air Balloon
|
|-heal|p1a: Ting-Lu|55/100|[from] item: Leftovers
|upkeep
|turn|26
|
|t:|1757786669
|move|p2a: Excadrill|Rapid Spin|p1a: Ting-Lu
|-damage|p1a: Ting-Lu|44/100
|-boost|p2a: Excadrill|spe|1
|-sideend|p2: 3idk|Toxic Spikes|[from] move: Rapid Spin|[of] p2a: Excadrill
|-sideend|p2: 3idk|Stealth Rock|[from] move: Rapid Spin|[of] p2a: Excadrill
|move|p1a: Ting-Lu|Ruination|p2a: Excadrill
|-damage|p2a: Excadrill|49/100
|-enditem|p2a: Excadrill|Air Balloon
|
|-heal|p1a: Ting-Lu|50/100|[from] item: Leftovers
|upkeep
|turn|27
|
|t:|1757786674
|switch|p2a: Hydrapple|Hydrapple, M|99/100 psn
|move|p1a: Ting-Lu|Earthquake|p2a: Hydrapple
|-resisted|p2a: Hydrapple
|-damage|p2a: Hydrapple|90/100 psn
|
|-heal|p1a: Ting-Lu|56/100|[from] item: Leftovers
|-damage|p2a: Hydrapple|78/100 psn|[from] psn
|upkeep
|turn|28
|
|t:|1757786677
|move|p1a: Ting-Lu|Spikes|p2a: Hydrapple
|-sidestart|p2: 3idk|Spikes
|move|p2a: Hydrapple|Nasty Plot|p2a: Hydrapple
|-boost|p2a: Hydrapple|spa|2
|
|-heal|p1a: Ting-Lu|62/100|[from] item: Leftovers
|-damage|p2a: Hydrapple|65/100 psn|[from] psn
|upkeep
|turn|29
|
|t:|1757786683
|switch|p1a: Scizor|Scizor, M|100/100
|move|p2a: Hydrapple|Giga Drain|p1a: Scizor
|-resisted|p1a: Scizor
|-crit|p1a: Scizor
|-damage|p1a: Scizor|69/100
|-heal|p2a: Hydrapple|77/100 psn|[from] drain|[of] p1a: Scizor
|
|-damage|p2a: Hydrapple|65/100 psn|[from] psn
|upkeep
|turn|30
|
|t:|1757786686
|move|p1a: Scizor|U-turn|p2a: Hydrapple
|-supereffective|p2a: Hydrapple
|-damage|p2a: Hydrapple|0 fnt
|-damage|p1a: Scizor|53/100|[from] item: Rocky Helmet|[of] p2a: Hydrapple
|faint|p2a: Hydrapple
|
|t:|1757786690
|switch|p1a: Meowscarada|Meowscarada, F|100/100|[from] U-turn
|
|upkeep
|
|t:|1757786698
|switch|p2a: Tyranitar|Tyranitar, F|88/100 psn
|-damage|p2a: Tyranitar|76/100 psn|[from] Spikes
|-weather|Sandstorm|[from] ability: Sand Stream|[of] p2a: Tyranitar
|turn|31
|
|t:|1757786701
|switch|p2a: Heatran|Heatran, F|88/100
|-damage|p2a: Heatran|75/100|[from] Spikes
|move|p1a: Meowscarada|U-turn|p2a: Heatran
|-start|p1a: Meowscarada|typechange|Bug|[from] ability: Protean
|-resisted|p2a: Heatran
|-damage|p2a: Heatran|68/100
|
|t:|1757786704
|switch|p1a: Kyurem|Kyurem|88/100|[from] U-turn
|-ability|p1a: Kyurem|Pressure
|
|-weather|Sandstorm|[upkeep]
|-damage|p1a: Kyurem|82/100|[from] Sandstorm
|-heal|p1a: Kyurem|88/100|[from] item: Leftovers
|-heal|p2a: Heatran|74/100|[from] item: Leftovers
|upkeep
|turn|32
|
|t:|1757786709
|move|p1a: Kyurem|Protect|p1a: Kyurem
|-singleturn|p1a: Kyurem|Protect
|move|p2a: Heatran|Magma Storm|p1a: Kyurem
|-activate|p1a: Kyurem|move: Protect
|
|-weather|Sandstorm|[upkeep]
|-damage|p1a: Kyurem|82/100|[from] Sandstorm
|-heal|p1a: Kyurem|88/100|[from] item: Leftovers
|-heal|p2a: Heatran|80/100|[from] item: Leftovers
|upkeep
|turn|33
|
|t:|1757786711
|move|p1a: Kyurem|Substitute|p1a: Kyurem
|-start|p1a: Kyurem|Substitute
|-damage|p1a: Kyurem|63/100
|move|p2a: Heatran|Earth Power|p1a: Kyurem
|-activate|p1a: Kyurem|move: Substitute|[damage]
|
|-weather|Sandstorm|[upkeep]
|-damage|p1a: Kyurem|57/100|[from] Sandstorm
|-heal|p1a: Kyurem|63/100|[from] item: Leftovers
|-heal|p2a: Heatran|87/100|[from] item: Leftovers
|upkeep
|turn|34
|
|t:|1757786714
|move|p1a: Kyurem|Protect|p1a: Kyurem
|-singleturn|p1a: Kyurem|Protect
|move|p2a: Heatran|Earth Power|p1a: Kyurem
|-activate|p1a: Kyurem|move: Protect
|
|-weather|Sandstorm|[upkeep]
|-damage|p1a: Kyurem|57/100|[from] Sandstorm
|-heal|p1a: Kyurem|63/100|[from] item: Leftovers
|-heal|p2a: Heatran|93/100|[from] item: Leftovers
|upkeep
|turn|35
|
|t:|1757786716
|move|p1a: Kyurem|Earth Power|p2a: Heatran
|-supereffective|p2a: Heatran
|-damage|p2a: Heatran|20/100
|move|p2a: Heatran|Earth Power|p1a: Kyurem
|-crit|p1a: Kyurem
|-end|p1a: Kyurem|Substitute
|
|-weather|none
|-heal|p1a: Kyurem|69/100|[from] item: Leftovers
|-heal|p2a: Heatran|26/100|[from] item: Leftovers
|upkeep
|turn|36
|
|t:|1757786720
|move|p1a: Kyurem|Substitute|p1a: Kyurem
|-start|p1a: Kyurem|Substitute
|-damage|p1a: Kyurem|44/100
|move|p2a: Heatran|Stealth Rock|p1a: Kyurem
|-sidestart|p1: CopiumBathTub|move: Stealth Rock
|
|-heal|p1a: Kyurem|50/100|[from] item: Leftovers
|-heal|p2a: Heatran|33/100|[from] item: Leftovers
|upkeep
|turn|37
|
|t:|1757786724
|move|p1a: Kyurem|Earth Power|p2a: Heatran
|-supereffective|p2a: Heatran
|-damage|p2a: Heatran|0 fnt
|faint|p2a: Heatran
|
|-heal|p1a: Kyurem|56/100|[from] item: Leftovers
|upkeep
|
|t:|1757786728
|switch|p2a: Tyranitar|Tyranitar, F|76/100 psn
|-damage|p2a: Tyranitar|64/100 psn|[from] Spikes
|-weather|Sandstorm|[from] ability: Sand Stream|[of] p2a: Tyranitar
|turn|38
|
|t:|1757786735
|move|p1a: Kyurem|Protect|p1a: Kyurem
|-singleturn|p1a: Kyurem|Protect
|move|p2a: Tyranitar|Knock Off|p1a: Kyurem
|-activate|p1a: Kyurem|move: Protect
|
|-weather|Sandstorm|[upkeep]
|-damage|p1a: Kyurem|50/100|[from] Sandstorm
|-heal|p1a: Kyurem|56/100|[from] item: Leftovers
|-damage|p2a: Tyranitar|51/100 psn|[from] psn
|upkeep
|turn|39
|
|t:|1757786738
|move|p1a: Kyurem|Earth Power|p2a: Tyranitar
|-supereffective|p2a: Tyranitar
|-damage|p2a: Tyranitar|9/100 psn
|move|p2a: Tyranitar|Knock Off|p1a: Kyurem
|-end|p1a: Kyurem|Substitute
|
|-weather|Sandstorm|[upkeep]
|-damage|p1a: Kyurem|50/100|[from] Sandstorm
|-heal|p1a: Kyurem|56/100|[from] item: Leftovers
|-damage|p2a: Tyranitar|0 fnt|[from] psn
|faint|p2a: Tyranitar
|upkeep
|
|t:|1757786742
|switch|p2a: Excadrill|Excadrill, M|49/100
|-damage|p2a: Excadrill|37/100|[from] Spikes
|turn|40
|
|t:|1757786747
|move|p1a: Kyurem|Protect|p1a: Kyurem
|-singleturn|p1a: Kyurem|Protect
|move|p2a: Excadrill|Earthquake|p1a: Kyurem
|-activate|p1a: Kyurem|move: Protect
|
|-weather|Sandstorm|[upkeep]
|-damage|p1a: Kyurem|50/100|[from] Sandstorm
|-heal|p1a: Kyurem|56/100|[from] item: Leftovers
|upkeep
|turn|41
|
|t:|1757786752
|switch|p1a: Meowscarada|Meowscarada, F|100/100
|-damage|p1a: Meowscarada|88/100|[from] Stealth Rock
|move|p2a: Excadrill|Earthquake|p1a: Meowscarada
|-resisted|p1a: Meowscarada
|-damage|p1a: Meowscarada|40/100
|
|-weather|Sandstorm|[upkeep]
|-damage|p1a: Meowscarada|34/100|[from] Sandstorm
|upkeep
|turn|42
|
|t:|1757786760
|switch|p1a: Ting-Lu|Ting-Lu|62/100
|-damage|p1a: Ting-Lu|56/100|[from] Stealth Rock
|-ability|p1a: Ting-Lu|Vessel of Ruin
|move|p2a: Excadrill|Rapid Spin|p1a: Ting-Lu
|-damage|p1a: Ting-Lu|45/100
|-boost|p2a: Excadrill|spe|1
|-sideend|p2: 3idk|Spikes|[from] move: Rapid Spin|[of] p2a: Excadrill
|
|-weather|none
|-heal|p1a: Ting-Lu|51/100|[from] item: Leftovers
|upkeep
|turn|43
|
|t:|1757786767
|move|p2a: Excadrill|Iron Head|p1a: Ting-Lu
|-damage|p1a: Ting-Lu|27/100
|move|p1a: Ting-Lu|Earthquake|p2a: Excadrill
|-supereffective|p2a: Excadrill
|-damage|p2a: Excadrill|0 fnt
|faint|p2a: Excadrill
|
|-heal|p1a: Ting-Lu|34/100|[from] item: Leftovers
|upkeep
|
|t:|1757786772
|switch|p2a: Keldeo|Keldeo-Resolute|82/100 psn
|turn|44
|-message|3idk forfeited.
|
|win|CopiumBathTub
|raw|CopiumBathTub's rating: 1695 &rarr; <strong>1716</strong><br />(+21 for winning)
|raw|3idk's rating: 1709 &rarr; <strong>1688</strong><br />(-21 for losing)
|l|☆3idk
|player|p2|
|l|☆CopiumBathTub
|player|p1|
|l| LifeIsALieee
