|j|☆piranha gaming
|j|☆McQueenloko
|t:|1757854748
|gametype|singles
|player|p1|piranha gaming|brendan-masters|1062
|player|p2|McQueenloko|hugh|1125
|gen|9
|tier|[Gen 9] OU
|rated|
|rule|HP Percentage Mod: HP is shown in percentages
|rule|Endless Battle Clause: Forcing endless battles is banned
|rule|Species Clause: Limit one of each Pokémon
|rule|OHKO Clause: OHKO moves are banned
|rule|Evasion Items Clause: Evasion items are banned
|rule|Evasion Moves Clause: Evasion moves are banned
|rule|Evasion Abilities Clause: Evasion abilities are banned
|rule|Sleep Moves Clause: Sleep-inducing moves are banned
|clearpoke
|poke|p1|Ninetales-Alola, F|
|poke|p1|Alomomola, M|
|poke|p1|Slowking-Galar, M|
|poke|p1|Zamazenta-*|
|poke|p1|Kingambit, M|
|poke|p1|Corviknight, M|
|poke|p2|Ogerpon-Wellspring, F|
|poke|p2|Pecharunt|
|poke|p2|Corviknight, F|
|poke|p2|Hydreigon, M|
|poke|p2|Cinderace, F|
|poke|p2|Hydrapple, M|
|teampreview
|inactive|Battle timer is ON: inactive players will automatically lose when time's up. (requested by McQueenloko)
|
|t:|1757854763
|teamsize|p1|6
|teamsize|p2|6
|start
|switch|p1a: Hatsune miku|Ninetales-Alola, F|100/100
|switch|p2a: Hydreigon|Hydreigon, M|100/100
|-weather|Snowscape|[from] ability: Snow Warning|[of] p1a: Hatsune miku
|turn|1
|
|t:|1757854775
|move|p1a: Hatsune miku|Aurora Veil|p1a: Hatsune miku
|-sidestart|p1: piranha gaming|move: Aurora Veil
|move|p2a: Hydreigon|Flash Cannon|p1a: Hatsune miku
|-supereffective|p1a: Hatsune miku
|-damage|p1a: Hatsune miku|28/100
|-unboost|p1a: Hatsune miku|spd|1
|
|-weather|Snowscape|[upkeep]
|upkeep
|turn|2
|
|t:|1757854786
|switch|p2a: Cinderace|Cinderace, F|100/100
|move|p1a: Hatsune miku|Moonblast|p2a: Cinderace
|-resisted|p2a: Cinderace
|-damage|p2a: Cinderace|83/100
|
|-weather|Snowscape|[upkeep]
|upkeep
|turn|3
|
|t:|1757854794
|move|p2a: Cinderace|Pyro Ball|p1a: Hatsune miku
|-supereffective|p1a: Hatsune miku
|-damage|p1a: Hatsune miku|0 fnt
|faint|p1a: Hatsune miku
|
|-weather|Snowscape|[upkeep]
|upkeep
|
|t:|1757854805
|switch|p1a: The Magenta|Zamazenta|100/100
|-ability|p1a: The Magenta|Dauntless Shield|boost
|-boost|p1a: The Magenta|def|1
|turn|4
|
|t:|1757854808
|switch|p2a: Corviknight|Corviknight, F, shiny|100/100
|-ability|p2a: Corviknight|Pressure
|move|p1a: The Magenta|Iron Defense|p1a: The Magenta
|-boost|p1a: The Magenta|def|2
|
|-weather|Snowscape|[upkeep]
|upkeep
|turn|5
|
|t:|1757854815
|move|p1a: The Magenta|Iron Defense|p1a: The Magenta
|-boost|p1a: The Magenta|def|2
|move|p2a: Corviknight|Iron Defense|p2a: Corviknight
|-boost|p2a: Corviknight|def|2
|
|-weather|none
|upkeep
|turn|6
|
|t:|1757854820
|move|p2a: Corviknight|Iron Defense|p2a: Corviknight
|-boost|p2a: Corviknight|def|2
|move|p1a: The Magenta|Roar|p2a: Corviknight
|drag|p2a: Cinderace|Cinderace, F|83/100
|
|upkeep
|turn|7
|
|t:|1757854834
|switch|p2a: Pecharunt|Pecharunt|100/100
|move|p1a: The Magenta|Body Press|p2a: Pecharunt
|-immune|p2a: Pecharunt
|
|upkeep
|turn|8
|
|t:|1757854840
|move|p1a: The Magenta|Crunch|p2a: Pecharunt
|-supereffective|p2a: Pecharunt
|-damage|p2a: Pecharunt|67/100
|move|p2a: Pecharunt|Parting Shot|p1a: The Magenta
|-unboost|p1a: The Magenta|atk|1
|-unboost|p1a: The Magenta|spa|1
|
|t:|1757854844
|switch|p2a: Corviknight|Corviknight, F, shiny|100/100|[from] Parting Shot
|-ability|p2a: Corviknight|Pressure
|
|-sideend|p1: piranha gaming|move: Aurora Veil
|upkeep
|turn|9
|
|t:|1757854850
|move|p1a: The Magenta|Body Press|p2a: Corviknight
|-damage|p2a: Corviknight|37/100
|-damage|p1a: The Magenta|84/100|[from] item: Rocky Helmet|[of] p2a: Corviknight
|move|p2a: Corviknight|Iron Defense|p2a: Corviknight
|-boost|p2a: Corviknight|def|2
|
|upkeep
|turn|10
|
|t:|1757854862
|move|p1a: The Magenta|Iron Defense|p1a: The Magenta
|-boost|p1a: The Magenta|def|1
|move|p2a: Corviknight|Roost|p2a: Corviknight
|-heal|p2a: Corviknight|87/100
|-singleturn|p2a: Corviknight|move: Roost
|
|upkeep
|turn|11
|
|t:|1757854868
|move|p1a: The Magenta|Body Press|p2a: Corviknight
|-damage|p2a: Corviknight|48/100
|-damage|p1a: The Magenta|67/100|[from] item: Rocky Helmet|[of] p2a: Corviknight
|move|p2a: Corviknight|Iron Defense|p2a: Corviknight
|-boost|p2a: Corviknight|def|2
|
|upkeep
|turn|12
|
|t:|1757854875
|move|p2a: Corviknight|Roost|p2a: Corviknight
|-heal|p2a: Corviknight|98/100
|-singleturn|p2a: Corviknight|move: Roost
|move|p1a: The Magenta|Roar|p2a: Corviknight
|drag|p2a: Cinderace|Cinderace, F|83/100
|
|upkeep
|turn|13
|
|t:|1757854891
|move|p2a: Cinderace|Sucker Punch|p1a: The Magenta
|-start|p2a: Cinderace|typechange|Dark|[from] ability: Libero
|-resisted|p1a: The Magenta
|-damage|p1a: The Magenta|63/100
|move|p1a: The Magenta|Body Press|p2a: Cinderace
|-supereffective|p2a: Cinderace
|-damage|p2a: Cinderace|0 fnt
|faint|p2a: Cinderace
|
|upkeep
|
|t:|1757854896
|switch|p2a: Pecharunt|Pecharunt|67/100
|turn|14
|
|t:|1757854912
|move|p1a: The Magenta|Body Press|p2a: Pecharunt
|-immune|p2a: Pecharunt
|move|p2a: Pecharunt|Recover|p2a: Pecharunt
|-heal|p2a: Pecharunt|100/100
|
|upkeep
|turn|15
|
|t:|1757854918
|move|p2a: Pecharunt|Malignant Chain|p1a: The Magenta
|-damage|p1a: The Magenta|23/100
|move|p1a: The Magenta|Roar|p2a: Pecharunt
|drag|p2a: Hydrapple|Hydrapple, M|100/100
|
|upkeep
|turn|16
|
|t:|1757854928
|switch|p2a: Pecharunt|Pecharunt|100/100
|move|p1a: The Magenta|Body Press|p2a: Pecharunt
|-immune|p2a: Pecharunt
|
|upkeep
|turn|17
|l|☆piranha gaming
|inactive|piranha gaming disconnected and has a minute to reconnect!
|player|p1|
|inactive|piranha gaming has 30 seconds to reconnect!
|inactive|piranha gaming has 20 seconds to reconnect!
|inactive|piranha gaming has 15 seconds to reconnect!
|inactive|piranha gaming has 10 seconds to reconnect!
|inactive|piranha gaming has 5 seconds to reconnect!
|-message|piranha gaming lost due to inactivity.
|
|win|McQueenloko
|raw|piranha gaming's rating: 1099 &rarr; <strong>1076</strong><br />(-23 for losing)
|raw|McQueenloko's rating: 1125 &rarr; <strong>1148</strong><br />(+23 for winning)
