|j|☆lucawk
|j|‽wwesucks
|t:|1757916349
|gametype|singles
|player|p1|lucawk|scientist-gen4dp|1322
|player|p2|wwesucks|miku-ice|1417
|gen|9
|tier|[Gen 9] OU
|rated|
|rule|HP Percentage Mod: HP is shown in percentages
|rule|Endless Battle Clause: Forcing endless battles is banned
|rule|Species Clause: Limit one of each Pokémon
|rule|OHKO Clause: OHKO moves are banned
|rule|Evasion Items Clause: Evasion items are banned
|rule|Evasion Moves Clause: Evasion moves are banned
|rule|Evasion Abilities Clause: Evasion abilities are banned
|rule|Sleep Moves Clause: Sleep-inducing moves are banned
|clearpoke
|poke|p1|Ogerpon-Wellspring, F|
|poke|p1|Klefki, M|
|poke|p1|Clefable, F|
|poke|p1|Dragonite, M|
|poke|p1|Weavile, M|
|poke|p1|Polteageist|
|poke|p2|Great Tusk|
|poke|p2|Hydrapple, M|
|poke|p2|Corviknight, F|
|poke|p2|Slowking-Galar, F|
|poke|p2|Moltres|
|poke|p2|Kingambit, F|
|teampreview
|
|t:|1757916362
|teamsize|p1|6
|teamsize|p2|6
|start
|switch|p1a: Klefki|Klefki, M|100/100
|switch|p2a: Moltres|Moltres|100/100
|turn|1
|
|t:|1757916366
|move|p1a: Klefki|Light Screen|p1a: Klefki
|-sidestart|p1: lucawk|move: Light Screen
|move|p2a: Moltres|Flamethrower|p1a: Klefki
|-supereffective|p1a: Klefki
|-damage|p1a: Klefki|57/100
|
|upkeep
|turn|2
|
|t:|1757916370
|move|p1a: Klefki|Thunder Wave|p2a: Moltres
|-status|p2a: Moltres|par
|move|p2a: Moltres|U-turn|p1a: Klefki
|-resisted|p1a: Klefki
|-damage|p1a: Klefki|53/100
|inactive|Battle timer is ON: inactive players will automatically lose when time's up. (requested by wwesucks)
|
|t:|1757916379
|switch|p2a: Great Tusk|Great Tusk|100/100|[from] U-turn
|
|upkeep
|turn|3
|
|t:|1757916382
|move|p1a: Klefki|Reflect|p1a: Klefki
|-sidestart|p1: lucawk|Reflect
|move|p2a: Great Tusk|Headlong Rush|p1a: Klefki
|-supereffective|p1a: Klefki
|-damage|p1a: Klefki|2/100
|-unboost|p2a: Great Tusk|def|1
|-unboost|p2a: Great Tusk|spd|1
|
|upkeep
|turn|4
|
|t:|1757916387
|move|p1a: Klefki|Spikes|p2a: Great Tusk
|-sidestart|p2: wwesucks|Spikes
|move|p2a: Great Tusk|Rapid Spin|p1a: Klefki
|-resisted|p1a: Klefki
|-damage|p1a: Klefki|0 fnt
|-boost|p2a: Great Tusk|spe|1
|-sideend|p2: wwesucks|Spikes|[from] move: Rapid Spin|[of] p2a: Great Tusk
|faint|p1a: Klefki
|
|upkeep
|
|t:|1757916392
|switch|p1a: Polteageist|Polteageist|100/100
|turn|5
|
|t:|1757916401
|-end|p2a: Great Tusk|Protosynthesis|[silent]
|switch|p2a: Moltres|Moltres|100/100 par
|move|p1a: Polteageist|Shell Smash|p1a: Polteageist
|-unboost|p1a: Polteageist|def|1
|-unboost|p1a: Polteageist|spd|1
|-boost|p1a: Polteageist|atk|2
|-boost|p1a: Polteageist|spa|2
|-boost|p1a: Polteageist|spe|2
|
|upkeep
|turn|6
|
|t:|1757916406
|move|p1a: Polteageist|Stored Power|p2a: Moltres
|-damage|p2a: Moltres|6/100 par
|move|p2a: Moltres|Roar|p1a: Polteageist
|drag|p1a: Dragonite|Dragonite, M|100/100
|
|upkeep
|turn|7
|
|t:|1757916417
|move|p1a: Dragonite|Dragon Dance|p1a: Dragonite
|-boost|p1a: Dragonite|atk|1
|-boost|p1a: Dragonite|spe|1
|move|p2a: Moltres|Roar|p1a: Dragonite
|drag|p1a: Polteageist|Polteageist|100/100
|
|upkeep
|turn|8
|
|t:|1757916426
|move|p1a: Polteageist|Shadow Ball|p2a: Moltres
|-damage|p2a: Moltres|0 fnt
|faint|p2a: Moltres
|
|-sideend|p1: lucawk|move: Light Screen
|upkeep
|
|t:|1757916438
|switch|p2a: Kingambit|Kingambit, F|100/100
|-activate|p2a: Kingambit|ability: Supreme Overlord
|-start|p2a: Kingambit|fallen1|[silent]
|turn|9
|
|t:|1757916448
|switch|p1a: Ogerpon|Ogerpon-Wellspring, F|100/100
|move|p2a: Kingambit|Kowtow Cleave|p1a: Ogerpon
|-damage|p1a: Ogerpon|66/100
|
|upkeep
|turn|10
|
|t:|1757916456
|-end|p2a: Kingambit|fallen1|[silent]
|switch|p2a: Hydrapple|Hydrapple, M|100/100
|move|p1a: Ogerpon|Brick Break|p2a: Hydrapple
|-damage|p2a: Hydrapple|83/100
|
|-sideend|p1: lucawk|Reflect
|upkeep
|turn|11
|
|t:|1757916467
|move|p1a: Ogerpon|Swords Dance|p1a: Ogerpon
|-boost|p1a: Ogerpon|atk|2
|move|p2a: Hydrapple|Nasty Plot|p2a: Hydrapple
|-boost|p2a: Hydrapple|spa|2
|
|upkeep
|turn|12
|
|t:|1757916487
|move|p1a: Ogerpon|Brick Break|p2a: Hydrapple
|-damage|p2a: Hydrapple|51/100
|move|p2a: Hydrapple|Giga Drain|p1a: Ogerpon
|-damage|p1a: Ogerpon|0 fnt
|-heal|p2a: Hydrapple|75/100|[from] drain|[of] p1a: Ogerpon
|faint|p1a: Ogerpon
|
|upkeep
|
|t:|1757916494
|switch|p1a: Weavile|Weavile, M|100/100
|-ability|p1a: Weavile|Pressure
|turn|13
|
|t:|1757916502
|-terastallize|p2a: Hydrapple|Steel
|move|p1a: Weavile|Triple Axel|p2a: Hydrapple
|-resisted|p2a: Hydrapple
|-damage|p2a: Hydrapple|72/100
|-resisted|p2a: Hydrapple
|-damage|p2a: Hydrapple|66/100
|-resisted|p2a: Hydrapple
|-damage|p2a: Hydrapple|58/100
|-hitcount|p2a: Hydrapple|3
|move|p2a: Hydrapple|Draco Meteor|p1a: Weavile
|-damage|p1a: Weavile|0 fnt
|-unboost|p2a: Hydrapple|spa|2
|faint|p1a: Weavile
|
|upkeep
|
|t:|1757916515
|switch|p1a: Polteageist|Polteageist|100/100
|turn|14
|
|t:|1757916519
|move|p1a: Polteageist|Shell Smash|p1a: Polteageist
|-unboost|p1a: Polteageist|def|1
|-unboost|p1a: Polteageist|spd|1
|-boost|p1a: Polteageist|atk|2
|-boost|p1a: Polteageist|spa|2
|-boost|p1a: Polteageist|spe|2
|move|p2a: Hydrapple|Giga Drain|p1a: Polteageist
|-damage|p1a: Polteageist|49/100
|-heal|p2a: Hydrapple|75/100|[from] drain|[of] p1a: Polteageist
|
|upkeep
|turn|15
|
|t:|1757916531
|move|p1a: Polteageist|Shadow Ball|p2a: Hydrapple
|-damage|p2a: Hydrapple|0 fnt
|faint|p2a: Hydrapple
|
|upkeep
|
|t:|1757916535
|switch|p2a: Kingambit|Kingambit, F|100/100
|-activate|p2a: Kingambit|ability: Supreme Overlord
|-start|p2a: Kingambit|fallen2|[silent]
|turn|16
|
|t:|1757916543
|move|p2a: Kingambit|Sucker Punch|p1a: Polteageist
|-supereffective|p1a: Polteageist
|-crit|p1a: Polteageist
|-damage|p1a: Polteageist|0 fnt
|faint|p1a: Polteageist
|
|upkeep
|
|t:|1757916545
|switch|p1a: Dragonite|Dragonite, M|100/100
|turn|17
|
|t:|1757916561
|-end|p2a: Kingambit|fallen2|[silent]
|switch|p2a: Corviknight|Corviknight, F|100/100
|-ability|p2a: Corviknight|Pressure
|move|p1a: Dragonite|Dragon Dance|p1a: Dragonite
|-boost|p1a: Dragonite|atk|1
|-boost|p1a: Dragonite|spe|1
|
|upkeep
|turn|18
|
|t:|1757916575
|move|p1a: Dragonite|Brick Break|p2a: Corviknight
|-damage|p2a: Corviknight|65/100
|move|p2a: Corviknight|Iron Defense|p2a: Corviknight
|-boost|p2a: Corviknight|def|2
|
|-heal|p2a: Corviknight|71/100|[from] item: Leftovers
|upkeep
|turn|19
|
|t:|1757916588
|move|p1a: Dragonite|Brick Break|p2a: Corviknight
|-damage|p2a: Corviknight|56/100
|move|p2a: Corviknight|Iron Defense|p2a: Corviknight
|-boost|p2a: Corviknight|def|2
|
|-heal|p2a: Corviknight|62/100|[from] item: Leftovers
|upkeep
|turn|20
|
|t:|1757916601
|switch|p1a: Clefable|Clefable, F|100/100
|move|p2a: Corviknight|Body Press|p1a: Clefable
|-resisted|p1a: Clefable
|-damage|p1a: Clefable|91/100
|
|-heal|p2a: Corviknight|68/100|[from] item: Leftovers
|-heal|p1a: Clefable|97/100|[from] item: Leftovers
|upkeep
|turn|21
|-message|lucawk forfeited.
|
|win|wwesucks
|raw|lucawk's rating: 1322 &rarr; <strong>1307</strong><br />(-15 for losing)
|raw|wwesucks's rating: 1417 &rarr; <strong>1432</strong><br />(+15 for winning)
|l|☆lucawk
|player|p1|
|l|‽wwesucks
|player|p2|
