|j|☆Marco264
|j|☆qxzwwzxq
|t:|1757847206
|gametype|singles
|player|p1|Marco264|102|1146
|player|p2|qxzwwzxq|169|1069
|gen|9
|tier|[Gen 9] OU
|rated|
|rule|HP Percentage Mod: HP is shown in percentages
|rule|Endless Battle Clause: Forcing endless battles is banned
|rule|Species Clause: Limit one of each Pokémon
|rule|OHKO Clause: OHKO moves are banned
|rule|Evasion Items Clause: Evasion items are banned
|rule|Evasion Moves Clause: Evasion moves are banned
|rule|Evasion Abilities Clause: Evasion abilities are banned
|rule|Sleep Moves Clause: Sleep-inducing moves are banned
|clearpoke
|poke|p1|Jirachi|
|poke|p1|Pelipper, F|
|poke|p1|Ludicolo, F|
|poke|p1|Masquerain, M|
|poke|p1|Blaziken, F|
|poke|p1|Crawdaunt, M|
|poke|p2|Torkoal, F|
|poke|p2|Hatterene, F|
|poke|p2|Raging Bolt|
|poke|p2|Slither Wing|
|poke|p2|Venusaur, F|
|poke|p2|Walking Wake|
|teampreview
|
|t:|1757847218
|teamsize|p1|6
|teamsize|p2|6
|start
|switch|p1a: Crawdaunt|Crawdaunt, M, shiny|100/100
|switch|p2a: Slither Wing|Slither Wing, shiny|100/100
|turn|1
|inactive|Battle timer is ON: inactive players will automatically lose when time's up. (requested by qxzwwzxq)
|
|t:|1757847223
|switch|p1a: Masquerain|Masquerain, M, shiny|100/100
|-ability|p1a: Masquerain|Intimidate|boost
|-unboost|p2a: Slither Wing|atk|1
|move|p2a: Slither Wing|First Impression|p1a: Masquerain
|-resisted|p1a: Masquerain
|-damage|p1a: Masquerain|66/100
|
|upkeep
|turn|2
|
|t:|1757847231
|move|p1a: Masquerain|Stun Spore|p2a: Slither Wing
|-status|p2a: Slither Wing|par
|move|p2a: Slither Wing|Temper Flare|p1a: Masquerain
|-supereffective|p1a: Masquerain
|-damage|p1a: Masquerain|0 fnt
|faint|p1a: Masquerain
|
|upkeep
|
|t:|1757847240
|switch|p1a: Blaziken|Blaziken, F, shiny|100/100
|turn|3
|
|t:|1757847256
|-end|p2a: Slither Wing|Protosynthesis|[silent]
|switch|p2a: Torkoal|Torkoal, F, shiny|100/100
|-weather|SunnyDay|[from] ability: Drought|[of] p2a: Torkoal
|move|p1a: Blaziken|Swords Dance|p1a: Blaziken
|-boost|p1a: Blaziken|atk|2
|
|-weather|SunnyDay|[upkeep]
|-ability|p1a: Blaziken|Speed Boost|boost
|-boost|p1a: Blaziken|spe|1
|upkeep
|turn|4
|
|t:|1757847268
|move|p1a: Blaziken|Knock Off|p2a: Torkoal
|-damage|p2a: Torkoal|45/100
|-enditem|p2a: Torkoal|Heat Rock|[from] move: Knock Off|[of] p1a: Blaziken
|move|p2a: Torkoal|Earthquake|p1a: Blaziken
|-supereffective|p1a: Blaziken
|-damage|p1a: Blaziken|37/100
|
|-weather|SunnyDay|[upkeep]
|-ability|p1a: Blaziken|Speed Boost|boost
|-boost|p1a: Blaziken|spe|1
|upkeep
|turn|5
|
|t:|1757847281
|move|p1a: Blaziken|Close Combat|p2a: Torkoal
|-damage|p2a: Torkoal|0 fnt
|-unboost|p1a: Blaziken|def|1
|-unboost|p1a: Blaziken|spd|1
|faint|p2a: Torkoal
|
|-weather|SunnyDay|[upkeep]
|-ability|p1a: Blaziken|Speed Boost|boost
|-boost|p1a: Blaziken|spe|1
|upkeep
|
|t:|1757847287
|switch|p2a: Venusaur|Venusaur, F|100/100
|turn|6
|
|t:|1757847292
|move|p1a: Blaziken|Blaze Kick|p2a: Venusaur
|-supereffective|p2a: Venusaur
|-damage|p2a: Venusaur|0 fnt
|faint|p2a: Venusaur
|
|-weather|SunnyDay|[upkeep]
|-ability|p1a: Blaziken|Speed Boost|boost
|-boost|p1a: Blaziken|spe|1
|upkeep
|
|t:|1757847297
|switch|p2a: Slither Wing|Slither Wing, shiny|100/100 par
|-activate|p2a: Slither Wing|ability: Protosynthesis
|-start|p2a: Slither Wing|protosynthesisatk
|turn|7
|
|t:|1757847307
|cant|p2a: Slither Wing|par
|move|p1a: Blaziken|Blaze Kick|p2a: Slither Wing
|-supereffective|p2a: Slither Wing
|-damage|p2a: Slither Wing|0 fnt
|faint|p2a: Slither Wing
|-end|p2a: Slither Wing|Protosynthesis|[silent]
|
|-weather|SunnyDay|[upkeep]
|-ability|p1a: Blaziken|Speed Boost|boost
|-boost|p1a: Blaziken|spe|1
|upkeep
|
|t:|1757847317
|switch|p2a: Raging Bolt|Raging Bolt|100/100
|-activate|p2a: Raging Bolt|ability: Protosynthesis
|-start|p2a: Raging Bolt|protosynthesisspa
|turn|8
|
|t:|1757847330
|move|p2a: Raging Bolt|Thunderclap||[still]
|-fail|p2a: Raging Bolt
|move|p1a: Blaziken|Swords Dance|p1a: Blaziken
|-boost|p1a: Blaziken|atk|2
|
|-weather|SunnyDay|[upkeep]
|-ability|p1a: Blaziken|Speed Boost|boost
|-boost|p1a: Blaziken|spe|1
|upkeep
|turn|9
|
|t:|1757847333
|move|p2a: Raging Bolt|Thunderclap||[still]
|-fail|p2a: Raging Bolt
|move|p1a: Blaziken|Swords Dance|p1a: Blaziken
|-boost|p1a: Blaziken|atk|2
|
|-weather|SunnyDay|[upkeep]
|upkeep
|turn|10
|
|t:|1757847336
|move|p2a: Raging Bolt|Thunderclap||[still]
|-fail|p2a: Raging Bolt
|move|p1a: Blaziken|Swords Dance|p1a: Blaziken
|-boost|p1a: Blaziken|atk|0
|
|-weather|none
|-end|p2a: Raging Bolt|Protosynthesis
|upkeep
|turn|11
|
|t:|1757847339
|move|p2a: Raging Bolt|Thunderclap|p1a: Blaziken
|-damage|p1a: Blaziken|0 fnt
|faint|p1a: Blaziken
|-damage|p2a: Raging Bolt|91/100|[from] item: Life Orb
|
|upkeep
|
|t:|1757847346
|switch|p1a: Ludicolo|Ludicolo, F, shiny|100/100
|turn|12
|
|t:|1757847350
|-terastallize|p1a: Ludicolo|Electric
|move|p1a: Ludicolo|Ice Beam|p2a: Raging Bolt
|-supereffective|p2a: Raging Bolt
|-damage|p2a: Raging Bolt|17/100
|move|p2a: Raging Bolt|Dragon Pulse|p1a: Ludicolo
|-crit|p1a: Ludicolo
|-damage|p1a: Ludicolo|0 fnt
|faint|p1a: Ludicolo
|-damage|p2a: Raging Bolt|7/100|[from] item: Life Orb
|
|upkeep
|inactive|Marco264 has 120 seconds left.
|
|t:|1757847382
|switch|p1a: Crawdaunt|Crawdaunt, M, shiny|100/100
|turn|13
|
|t:|1757847386
|move|p2a: Raging Bolt|Thunderclap|p1a: Crawdaunt
|-supereffective|p1a: Crawdaunt
|-damage|p1a: Crawdaunt|0 fnt
|faint|p1a: Crawdaunt
|-damage|p2a: Raging Bolt|0 fnt|[from] item: Life Orb
|faint|p2a: Raging Bolt
|-end|p2a: Raging Bolt|Protosynthesis|[silent]
|
|upkeep
|
|t:|1757847398
|switch|p2a: Walking Wake|Walking Wake|100/100
|switch|p1a: Pelipper|Pelipper, F|100/100
|-weather|RainDance|[from] ability: Drizzle|[of] p1a: Pelipper
|turn|14
|
|t:|1757847412
|move|p2a: Walking Wake|Draco Meteor|p1a: Pelipper
|-damage|p1a: Pelipper|3/100
|-unboost|p2a: Walking Wake|spa|2
|move|p1a: Pelipper|Hurricane|p2a: Walking Wake
|-damage|p2a: Walking Wake|61/100
|
|-weather|RainDance|[upkeep]
|upkeep
|turn|15
|inactive|Marco264 has 120 seconds left.
|
|t:|1757847436
|move|p2a: Walking Wake|Flip Turn|p1a: Pelipper
|-resisted|p1a: Pelipper
|-damage|p1a: Pelipper|0 fnt
|faint|p1a: Pelipper
|
|t:|1757847439
|-end|p2a: Walking Wake|Protosynthesis|[silent]
|switch|p2a: Hatterene|Hatterene, F, shiny|100/100|[from] Flip Turn
|-item|p2a: Hatterene|Air Balloon
|
|-weather|RainDance|[upkeep]
|upkeep
|
|t:|1757847446
|switch|p1a: Jirachi|Jirachi, shiny|100/100
|turn|16
|
|t:|1757847457
|move|p1a: Jirachi|Iron Head|p2a: Hatterene
|-supereffective|p2a: Hatterene
|-damage|p2a: Hatterene|43/100
|-enditem|p2a: Hatterene|Air Balloon
|cant|p2a: Hatterene|flinch
|
|-weather|RainDance|[upkeep]
|upkeep
|turn|17
|
|t:|1757847461
|move|p1a: Jirachi|Iron Head|p2a: Hatterene
|-supereffective|p2a: Hatterene
|-damage|p2a: Hatterene|0 fnt
|faint|p2a: Hatterene
|
|-weather|RainDance|[upkeep]
|upkeep
|
|t:|1757847463
|switch|p2a: Walking Wake|Walking Wake|61/100
|turn|18
|
|t:|1757847466
|move|p1a: Jirachi|Iron Head|p2a: Walking Wake
|-resisted|p2a: Walking Wake
|-damage|p2a: Walking Wake|41/100
|cant|p2a: Walking Wake|flinch
|
|-weather|RainDance|[upkeep]
|upkeep
|turn|19
|
|t:|1757847471
|move|p1a: Jirachi|Iron Head|p2a: Walking Wake
|-resisted|p2a: Walking Wake
|-damage|p2a: Walking Wake|22/100
|cant|p2a: Walking Wake|flinch
|
|-weather|RainDance|[upkeep]
|upkeep
|turn|20
|
|t:|1757847475
|move|p1a: Jirachi|Iron Head|p2a: Walking Wake
|-resisted|p2a: Walking Wake
|-damage|p2a: Walking Wake|2/100
|cant|p2a: Walking Wake|flinch
|
|-weather|RainDance|[upkeep]
|upkeep
|turn|21
|
|t:|1757847480
|move|p1a: Jirachi|Iron Head|p2a: Walking Wake
|-resisted|p2a: Walking Wake
|-damage|p2a: Walking Wake|0 fnt
|faint|p2a: Walking Wake
|-end|p2a: Walking Wake|Protosynthesis|[silent]
|
|win|Marco264
|raw|Marco264's rating: 1146 &rarr; <strong>1166</strong><br />(+20 for winning)
|raw|qxzwwzxq's rating: 1069 &rarr; <strong>1053</strong><br />(-16 for losing)
|l|☆qxzwwzxq
|player|p2|
|l|☆Marco264
|player|p1|
