|j|☆solggington
|j|☆kosmicBAD
|t:|1757866916
|gametype|singles
|player|p1|solggington|1|
|player|p2|kosmicBAD|linebacker|
|gen|9
|tier|[Gen 9] OU
|rule|HP Percentage Mod: HP is shown in percentages
|rule|Endless Battle Clause: Forcing endless battles is banned
|rule|Species Clause: Limit one of each Pokémon
|rule|OHKO Clause: OHKO moves are banned
|rule|Evasion Items Clause: Evasion items are banned
|rule|Evasion Moves Clause: Evasion moves are banned
|rule|Evasion Abilities Clause: Evasion abilities are banned
|rule|Sleep Moves Clause: Sleep-inducing moves are banned
|clearpoke
|poke|p1|Blaziken, F|
|poke|p1|Corviknight, F|
|poke|p1|Araquanid, M|
|poke|p1|Gastrodon-East, M|
|poke|p1|Ogerpon-Cornerstone, F|
|poke|p1|Hydreigon, M|
|poke|p2|Scizor, M|
|poke|p2|Greninja-*, M|
|poke|p2|Gliscor, M|
|poke|p2|Garganacl, M|
|poke|p2|Latios, M|
|poke|p2|Gengar, F|
|teampreview
|
|t:|1757866965
|teamsize|p1|6
|teamsize|p2|6
|start
|switch|p1a: Big ass bird|Corviknight, F|100/100
|switch|p2a: Nightwing|Gliscor, M|100/100
|-ability|p1a: Big ass bird|Pressure
|turn|1
|
|t:|1757866987
|move|p2a: Nightwing|Knock Off|p1a: Big ass bird
|-damage|p1a: Big ass bird|85/100
|-enditem|p1a: Big ass bird|Leftovers|[from] move: Knock Off|[of] p2a: Nightwing
|move|p1a: Big ass bird|U-turn|p2a: Nightwing
|-resisted|p2a: Nightwing
|-damage|p2a: Nightwing|96/100
|
|t:|1757866994
|switch|p1a: Sluggy Tuggie|Gastrodon-East, M|100/100|[from] U-turn
|
|-status|p2a: Nightwing|tox|[from] item: Toxic Orb
|upkeep
|turn|2
|
|t:|1757867004
|move|p2a: Nightwing|Knock Off|p1a: Sluggy Tuggie
|-damage|p1a: Sluggy Tuggie|71/100
|-enditem|p1a: Sluggy Tuggie|Leftovers|[from] move: Knock Off|[of] p2a: Nightwing
|move|p1a: Sluggy Tuggie|Ice Beam|p2a: Nightwing
|-supereffective|p2a: Nightwing
|-damage|p2a: Nightwing|0 fnt
|faint|p2a: Nightwing
|
|upkeep
|
|t:|1757867029
|switch|p2a: Carson Mohr|Latios, M|100/100
|turn|3
|
|t:|1757867086
|switch|p1a: Big ass bird|Corviknight, F|85/100
|-ability|p1a: Big ass bird|Pressure
|move|p2a: Carson Mohr|Energy Ball|p1a: Big ass bird
|-resisted|p1a: Big ass bird
|-damage|p1a: Big ass bird|77/100
|
|upkeep
|turn|4
|
|t:|1757867097
|switch|p2a: Patgar|Gengar, F|100/100
|move|p1a: Big ass bird|U-turn|p2a: Patgar
|-resisted|p2a: Patgar
|-damage|p2a: Patgar|95/100
|
|t:|1757867125
|switch|p1a: Dream|Ogerpon-Cornerstone, F|100/100|[from] U-turn
|
|-heal|p2a: Patgar|100/100|[from] item: Black Sludge
|upkeep
|turn|5
|
|t:|1757867200
|move|p2a: Patgar|Trick||[still]
|-fail|p2a: Patgar
|move|p1a: Dream|Play Rough|p2a: Patgar
|-resisted|p2a: Patgar
|-damage|p2a: Patgar|73/100
|
|-heal|p2a: Patgar|79/100|[from] item: Black Sludge
|upkeep
|turn|6
|
|t:|1757867236
|switch|p1a: Dug-trio|Hydreigon, M|100/100
|move|p2a: Patgar|Toxic|p1a: Dug-trio
|-status|p1a: Dug-trio|tox
|
|-heal|p2a: Patgar|85/100|[from] item: Black Sludge
|-damage|p1a: Dug-trio|94/100 tox|[from] psn
|upkeep
|turn|7
|
|t:|1757867265
|switch|p2a: Narutoad|Greninja, M|100/100
|move|p1a: Dug-trio|Dark Pulse|p2a: Narutoad
|-resisted|p2a: Narutoad
|-damage|p2a: Narutoad|66/100
|
|-damage|p1a: Dug-trio|82/100 tox|[from] psn
|upkeep
|turn|8
|
|t:|1757867314
|switch|p1a: Sluggy Tuggie|Gastrodon-East, M|71/100
|move|p2a: Narutoad|Ice Beam|p1a: Sluggy Tuggie
|-damage|p1a: Sluggy Tuggie|51/100
|-status|p1a: Sluggy Tuggie|frz
|
|upkeep
|turn|9
|
|t:|1757867335
|move|p2a: Narutoad|Grass Knot|p1a: Sluggy Tuggie
|-supereffective|p1a: Sluggy Tuggie
|-damage|p1a: Sluggy Tuggie|2/100 frz
|cant|p1a: Sluggy Tuggie|frz
|
|upkeep
|turn|10
|
|t:|1757867386
|switch|p1a: Dream|Ogerpon-Cornerstone, F|100/100
|move|p2a: Narutoad|Dark Pulse|p1a: Dream
|-damage|p1a: Dream|52/100
|
|upkeep
|turn|11
|
|t:|1757867409
|switch|p2a: Unit-02|Scizor, M|100/100
|move|p1a: Dream|Horn Leech|p2a: Unit-02
|-resisted|p2a: Unit-02
|-damage|p2a: Unit-02|90/100
|-heal|p1a: Dream|58/100|[from] drain|[of] p2a: Unit-02
|
|upkeep
|turn|12
|c|☆kosmicBAD|!weakness ogerpon-cornerstone
|c| kosmicBAD|/raw <div class="infobox">Ogerpon-Cornerstone (ignoring abilities):<br /><span class="message-effect-weak">Weaknesses</span>: Bug, Fighting, Ice, Steel<br /><span class="message-effect-resist">Resistances</span>: Electric, Normal<br /><span class="message-effect-immune">Immunities</span>: Powder moves, Sandstorm damage</div>
|
|t:|1757867451
|switch|p1a: Big ass bird|Corviknight, F|77/100
|-ability|p1a: Big ass bird|Pressure
|move|p2a: Unit-02|Bullet Punch|p1a: Big ass bird
|-resisted|p1a: Big ass bird
|-damage|p1a: Big ass bird|63/100
|-damage|p2a: Unit-02|80/100|[from] item: Life Orb
|
|upkeep
|turn|13
|
|t:|1757867509
|switch|p2a: Patgar|Gengar, F|85/100
|move|p1a: Big ass bird|Brave Bird|p2a: Patgar
|-damage|p2a: Patgar|26/100
|-damage|p1a: Big ass bird|47/100|[from] Recoil
|
|-heal|p2a: Patgar|32/100|[from] item: Black Sludge
|upkeep
|turn|14
|
|t:|1757867562
|move|p2a: Patgar|Trick|p1a: Big ass bird
|-activate|p2a: Patgar|move: Trick|[of] p1a: Big ass bird
|-item|p1a: Big ass bird|Black Sludge|[from] move: Trick
|-enditem|p2a: Patgar|Black Sludge|[silent]|[from] move: Trick
|move|p1a: Big ass bird|Brave Bird|p2a: Patgar
|-damage|p2a: Patgar|0 fnt
|faint|p2a: Patgar
|-damage|p1a: Big ass bird|39/100|[from] Recoil
|
|-damage|p1a: Big ass bird|26/100|[from] item: Black Sludge
|upkeep
|
|t:|1757867579
|switch|p2a: Narutoad|Greninja, M|66/100
|turn|15
|
|t:|1757867599
|move|p2a: Narutoad|Ice Beam|p1a: Big ass bird
|-damage|p1a: Big ass bird|0 fnt
|faint|p1a: Big ass bird
|-ability|p2a: Narutoad|Battle Bond|boost
|-boost|p2a: Narutoad|atk|1
|-boost|p2a: Narutoad|spa|1
|-boost|p2a: Narutoad|spe|1
|-activate|p2a: Narutoad|ability: Battle Bond
|
|upkeep
|
|t:|1757867609
|switch|p1a: Bubba|Araquanid, M|100/100
|turn|16
|
|t:|1757867679
|switch|p2a: Unit-02|Scizor, M|80/100
|move|p1a: Bubba|Leech Life|p2a: Unit-02
|-resisted|p2a: Unit-02
|-damage|p2a: Unit-02|64/100
|
|upkeep
|turn|17
|
|t:|1757867717
|switch|p1a: Sluggy Tuggie|Gastrodon-East, M|2/100 frz
|move|p2a: Unit-02|Dual Wingbeat|p1a: Sluggy Tuggie
|-damage|p1a: Sluggy Tuggie|0 fnt
|faint|p1a: Sluggy Tuggie
|-hitcount|p1: Sluggy Tuggie|1
|-damage|p2a: Unit-02|54/100|[from] item: Life Orb
|
|upkeep
|
|t:|1757867782
|switch|p1a: Lainey Wilson|Blaziken, F|100/100
|turn|18
|
|t:|1757867831
|switch|p2a: Carson Mohr|Latios, M|100/100
|move|p1a: Lainey Wilson|Blaze Kick|p2a: Carson Mohr
|-resisted|p2a: Carson Mohr
|-crit|p2a: Carson Mohr
|-damage|p2a: Carson Mohr|58/100
|
|-ability|p1a: Lainey Wilson|Speed Boost|boost
|-boost|p1a: Lainey Wilson|spe|1
|upkeep
|turn|19
|
|t:|1757867848
|switch|p1a: Dug-trio|Hydreigon, M|82/100 tox
|move|p2a: Carson Mohr|Air Slash|p1a: Dug-trio
|-damage|p1a: Dug-trio|53/100 tox
|
|-damage|p1a: Dug-trio|47/100 tox|[from] psn
|upkeep
|turn|20
|
|t:|1757867908
|switch|p2a: Narutoad|Greninja, M|66/100
|move|p1a: Dug-trio|Draco Meteor|p2a: Narutoad
|-damage|p2a: Narutoad|0 fnt
|-unboost|p1a: Dug-trio|spa|2
|faint|p2a: Narutoad
|
|-damage|p1a: Dug-trio|35/100 tox|[from] psn
|upkeep
|
|t:|1757867968
|switch|p2a: xProd|Garganacl, M|100/100
|turn|21
|
|t:|1757867994
|switch|p1a: Dream|Ogerpon-Cornerstone, F|58/100
|move|p2a: xProd|Body Press|p1a: Dream
|-supereffective|p1a: Dream
|-damage|p1a: Dream|0 fnt
|faint|p1a: Dream
|
|upkeep
|
|t:|1757868001
|switch|p1a: Dug-trio|Hydreigon, M|35/100 tox
|turn|22
|
|t:|1757868055
|switch|p2a: Unit-02|Scizor, M|54/100
|move|p1a: Dug-trio|Surf|p2a: Unit-02
|-damage|p2a: Unit-02|16/100
|
|-damage|p1a: Dug-trio|29/100 tox|[from] psn
|upkeep
|turn|23
|
|t:|1757868070
|move|p2a: Unit-02|Bullet Punch|p1a: Dug-trio
|-damage|p1a: Dug-trio|0 fnt
|faint|p1a: Dug-trio
|-damage|p2a: Unit-02|6/100|[from] item: Life Orb
|
|upkeep
|
|t:|1757868083
|switch|p1a: Bubba|Araquanid, M|100/100
|turn|24
|
|t:|1757868092
|move|p2a: Unit-02|Dual Wingbeat|p1a: Bubba
|-supereffective|p1a: Bubba
|-damage|p1a: Bubba|39/100
|-supereffective|p1a: Bubba
|-crit|p1a: Bubba
|-damage|p1a: Bubba|0 fnt
|faint|p1a: Bubba
|-hitcount|p1: Bubba|2
|-damage|p2a: Unit-02|0 fnt|[from] item: Life Orb
|faint|p2a: Unit-02
|
|upkeep
|
|t:|1757868108
|switch|p2a: Carson Mohr|Latios, M|58/100
|switch|p1a: Lainey Wilson|Blaziken, F|100/100
|turn|25
|
|t:|1757868147
|move|p2a: Carson Mohr|Air Slash|p1a: Lainey Wilson
|-supereffective|p1a: Lainey Wilson
|-damage|p1a: Lainey Wilson|25/100
|cant|p1a: Lainey Wilson|flinch
|
|-ability|p1a: Lainey Wilson|Speed Boost|boost
|-boost|p1a: Lainey Wilson|spe|1
|upkeep
|turn|26
|
|t:|1757868161
|move|p1a: Lainey Wilson|Protect|p1a: Lainey Wilson
|-singleturn|p1a: Lainey Wilson|Protect
|move|p2a: Carson Mohr|Air Slash|p1a: Lainey Wilson
|-activate|p1a: Lainey Wilson|move: Protect
|
|-ability|p1a: Lainey Wilson|Speed Boost|boost
|-boost|p1a: Lainey Wilson|spe|1
|upkeep
|turn|27
|
|t:|1757868170
|move|p1a: Lainey Wilson|Blaze Kick|p2a: Carson Mohr
|-resisted|p2a: Carson Mohr
|-damage|p2a: Carson Mohr|30/100
|move|p2a: Carson Mohr|Air Slash|p1a: Lainey Wilson
|-supereffective|p1a: Lainey Wilson
|-damage|p1a: Lainey Wilson|0 fnt
|faint|p1a: Lainey Wilson
|
|win|kosmicBAD
