|j|☆MegaMantine216
|j|☆V1ct0rH
|t:|1757842619
|gametype|singles
|player|p1|MegaMantine216|102|1040
|player|p2|V1ct0rH|101|1000
|gen|9
|tier|[Gen 9] OU
|rated|
|rule|HP Percentage Mod: HP is shown in percentages
|rule|Endless Battle Clause: Forcing endless battles is banned
|rule|Species Clause: Limit one of each Pokémon
|rule|OHKO Clause: OHKO moves are banned
|rule|Evasion Items Clause: Evasion items are banned
|rule|Evasion Moves Clause: Evasion moves are banned
|rule|Evasion Abilities Clause: Evasion abilities are banned
|rule|Sleep Moves Clause: Sleep-inducing moves are banned
|clearpoke
|poke|p1|Froslass, F|
|poke|p1|Rampardos, M|
|poke|p1|Excadrill, M|
|poke|p1|Milotic, M|
|poke|p1|Corviknight, F|
|poke|p1|Scizor, M|
|poke|p2|Hydreigon, M|
|poke|p2|Scrafty, M|
|poke|p2|Garchomp, F|
|poke|p2|Raichu-Alola, M|
|poke|p2|Excadrill, F|
|poke|p2|Weavile, F|
|teampreview
|
|t:|1757842631
|teamsize|p1|6
|teamsize|p2|6
|start
|switch|p1a: Froslass|Froslass, F|100/100
|switch|p2a: tostileo|Scrafty, M, shiny|100/100
|-ability|p2a: tostileo|Intimidate|boost
|-unboost|p1a: Froslass|atk|1
|turn|1
|
|t:|1757842640
|move|p1a: Froslass|Spikes|p2a: tostileo
|-sidestart|p2: V1ct0rH|Spikes
|move|p2a: tostileo|Drain Punch|p1a: Froslass
|-immune|p1a: Froslass
|
|upkeep
|turn|2
|
|t:|1757842648
|move|p1a: Froslass|Spikes|p2a: tostileo
|-sidestart|p2: V1ct0rH|Spikes
|move|p2a: tostileo|Bulk Up|p2a: tostileo
|-boost|p2a: tostileo|atk|1
|-boost|p2a: tostileo|def|1
|
|upkeep
|turn|3
|
|t:|1757842654
|move|p1a: Froslass|Spikes|p2a: tostileo
|-sidestart|p2: V1ct0rH|Spikes
|move|p2a: tostileo|Bulk Up|p2a: tostileo
|-boost|p2a: tostileo|atk|1
|-boost|p2a: tostileo|def|1
|
|upkeep
|turn|4
|
|t:|1757842661
|move|p1a: Froslass|Light Screen|p1a: Froslass
|-sidestart|p1: MegaMantine216|move: Light Screen
|move|p2a: tostileo|Crunch|p1a: Froslass
|-supereffective|p1a: Froslass
|-enditem|p1a: Froslass|Focus Sash
|-damage|p1a: Froslass|1/100
|
|upkeep
|turn|5
|
|t:|1757842668
|move|p1a: Froslass|Destiny Bond|p1a: Froslass
|-singlemove|p1a: Froslass|Destiny Bond
|move|p2a: tostileo|Bulk Up|p2a: tostileo
|-boost|p2a: tostileo|atk|1
|-boost|p2a: tostileo|def|1
|
|upkeep
|turn|6
|
|t:|1757842683
|move|p1a: Froslass|Ice Shard|p2a: tostileo
|-damage|p2a: tostileo|98/100
|move|p2a: tostileo|Bulk Up|p2a: tostileo
|-boost|p2a: tostileo|atk|1
|-boost|p2a: tostileo|def|1
|
|-heal|p2a: tostileo|100/100|[from] item: Leftovers
|upkeep
|turn|7
|
|t:|1757842703
|move|p1a: Froslass|Destiny Bond|p1a: Froslass
|-singlemove|p1a: Froslass|Destiny Bond
|move|p2a: tostileo|Bulk Up|p2a: tostileo
|-boost|p2a: tostileo|atk|1
|-boost|p2a: tostileo|def|1
|
|upkeep
|turn|8
|
|t:|1757842715
|move|p1a: Froslass|Ice Shard|p2a: tostileo
|-damage|p2a: tostileo|98/100
|move|p2a: tostileo|Crunch|p1a: Froslass
|-supereffective|p1a: Froslass
|-damage|p1a: Froslass|0 fnt
|faint|p1a: Froslass
|
|-heal|p2a: tostileo|100/100|[from] item: Leftovers
|-sideend|p1: MegaMantine216|move: Light Screen
|upkeep
|
|t:|1757842726
|switch|p1a: Corviknight|Corviknight, F|100/100
|-ability|p1a: Corviknight|Pressure
|turn|9
|
|t:|1757842738
|move|p2a: tostileo|Drain Punch|p1a: Corviknight
|-damage|p1a: Corviknight|38/100
|move|p1a: Corviknight|Iron Defense|p1a: Corviknight
|-boost|p1a: Corviknight|def|2
|
|-heal|p1a: Corviknight|44/100|[from] item: Leftovers
|upkeep
|turn|10
|
|t:|1757842746
|move|p2a: tostileo|Drain Punch|p1a: Corviknight
|-damage|p1a: Corviknight|9/100
|move|p1a: Corviknight|Tailwind|p1a: Corviknight
|-sidestart|p1: MegaMantine216|move: Tailwind
|
|-heal|p1a: Corviknight|16/100|[from] item: Leftovers
|upkeep
|turn|11
|
|t:|1757842754
|move|p1a: Corviknight|Body Press|p2a: tostileo
|-supereffective|p2a: tostileo
|-damage|p2a: tostileo|81/100
|move|p2a: tostileo|Drain Punch|p1a: Corviknight
|-damage|p1a: Corviknight|0 fnt
|-heal|p2a: tostileo|91/100|[from] drain|[of] p1a: Corviknight
|faint|p1a: Corviknight
|
|-heal|p2a: tostileo|97/100|[from] item: Leftovers
|upkeep
|
|t:|1757842778
|switch|p1a: Milotic|Milotic, M|100/100
|turn|12
|
|t:|1757842785
|move|p1a: Milotic|Alluring Voice|p2a: tostileo
|-supereffective|p2a: tostileo
|-damage|p2a: tostileo|40/100
|move|p2a: tostileo|Bulk Up|p2a: tostileo
|-boost|p2a: tostileo|atk|1
|-boost|p2a: tostileo|def|1
|
|-heal|p2a: tostileo|46/100|[from] item: Leftovers
|-status|p1a: Milotic|brn|[from] item: Flame Orb
|upkeep
|turn|13
|
|t:|1757842799
|-terastallize|p2a: tostileo|Dark
|move|p1a: Milotic|Alluring Voice|p2a: tostileo
|-supereffective|p2a: tostileo
|-damage|p2a: tostileo|17/100
|move|p2a: tostileo|Crunch|p1a: Milotic
|-damage|p1a: Milotic|33/100 brn
|
|-heal|p2a: tostileo|23/100|[from] item: Leftovers
|-damage|p1a: Milotic|27/100 brn|[from] brn
|-sideend|p1: MegaMantine216|move: Tailwind
|upkeep
|turn|14
|
|t:|1757842810
|move|p2a: tostileo|Crunch|p1a: Milotic
|-damage|p1a: Milotic|0 fnt
|faint|p1a: Milotic
|
|-heal|p2a: tostileo|29/100|[from] item: Leftovers
|upkeep
|
|t:|1757842817
|switch|p1a: Scizor|Scizor, M|100/100
|turn|15
|
|t:|1757842821
|move|p1a: Scizor|Bullet Punch|p2a: tostileo
|-damage|p2a: tostileo|17/100
|-damage|p1a: Scizor|91/100|[from] item: Life Orb
|move|p2a: tostileo|Drain Punch|p1a: Scizor
|-damage|p1a: Scizor|0 fnt
|-heal|p2a: tostileo|64/100|[from] drain|[of] p1a: Scizor
|faint|p1a: Scizor
|
|-heal|p2a: tostileo|70/100|[from] item: Leftovers
|upkeep
|-message|MegaMantine216 forfeited.
|
|win|V1ct0rH
|raw|MegaMantine216's rating: 1040 &rarr; <strong>1022</strong><br />(-18 for losing)
|raw|V1ct0rH's rating: 1000 &rarr; <strong>1045</strong><br />(+45 for winning)
|l|☆MegaMantine216
|player|p1|
