|j|☆jietouxiaoyu
|j|☆flygonisdragon
|t:|1757837697
|gametype|singles
|player|p1|jietouxiaoyu|170|1568
|player|p2|flygonisdragon|serena-masters|1475
|gen|9
|tier|[Gen 9] OU
|rated|
|rule|HP Percentage Mod: HP is shown in percentages
|rule|Endless Battle Clause: Forcing endless battles is banned
|rule|Species Clause: Limit one of each Pokémon
|rule|OHKO Clause: OHKO moves are banned
|rule|Evasion Items Clause: Evasion items are banned
|rule|Evasion Moves Clause: Evasion moves are banned
|rule|Evasion Abilities Clause: Evasion abilities are banned
|rule|Sleep Moves Clause: Sleep-inducing moves are banned
|clearpoke
|poke|p1|Dragapult, M|
|poke|p1|Primarina, F|
|poke|p1|Great Tusk|
|poke|p1|Moltres|
|poke|p1|Ting-Lu|
|poke|p1|Raging Bolt|
|poke|p2|Metagross|
|poke|p2|Kommo-o, M|
|poke|p2|Rhyperior, F|
|poke|p2|Hoopa-Unbound|
|poke|p2|Excadrill, M|
|poke|p2|Cinderace, F|
|teampreview
|inactive|Battle timer is ON: inactive players will automatically lose when time's up. (requested by jietouxiaoyu)
|
|t:|1757837718
|teamsize|p1|6
|teamsize|p2|6
|start
|switch|p1a: 多龙巴鲁托|Dragapult, M|100/100
|switch|p2a: Hoopa|Hoopa-Unbound|100/100
|turn|1
|
|t:|1757837736
|move|p1a: 多龙巴鲁托|U-turn|p2a: Hoopa
|-supereffective|p2a: Hoopa
|-damage|p2a: Hoopa|0 fnt
|faint|p2a: Hoopa
|
|t:|1757837744
|switch|p1a: Ting-Lu|Ting-Lu|100/100|[from] U-turn
|-ability|p1a: Ting-Lu|Vessel of Ruin
|
|upkeep
|
|t:|1757837752
|switch|p2a: Rhyperior|Rhyperior, F|100/100
|turn|2
|
|t:|1757837759
|move|p2a: Rhyperior|Hammer Arm|p1a: Ting-Lu
|-supereffective|p1a: Ting-Lu
|-damage|p1a: Ting-Lu|36/100
|-unboost|p2a: Rhyperior|spe|1
|move|p1a: Ting-Lu|Whirlwind|p2a: Rhyperior
|drag|p2a: Kommo-o|Kommo-o, M|100/100
|
|-heal|p1a: Ting-Lu|42/100|[from] item: Leftovers
|upkeep
|turn|3
|
|t:|1757837770
|switch|p2a: Rhyperior|Rhyperior, F|100/100
|move|p1a: Ting-Lu|Stealth Rock|p2a: Rhyperior
|-sidestart|p2: flygonisdragon|move: Stealth Rock
|
|-heal|p1a: Ting-Lu|48/100|[from] item: Leftovers
|upkeep
|turn|4
|
|t:|1757837777
|switch|p1a: Great Tusk|Great Tusk|100/100
|move|p2a: Rhyperior|High Horsepower|p1a: Great Tusk
|-damage|p1a: Great Tusk|40/100
|-damage|p2a: Rhyperior|84/100|[from] item: Rocky Helmet|[of] p1a: Great Tusk
|
|upkeep
|turn|5
|
|t:|1757837787
|move|p1a: Great Tusk|Headlong Rush|p2a: Rhyperior
|-supereffective|p2a: Rhyperior
|-damage|p2a: Rhyperior|13/100
|-unboost|p1a: Great Tusk|def|1
|-unboost|p1a: Great Tusk|spd|1
|move|p2a: Rhyperior|High Horsepower|p1a: Great Tusk
|-damage|p1a: Great Tusk|0 fnt
|-damage|p2a: Rhyperior|0 fnt|[from] item: Rocky Helmet|[of] p1a: Great Tusk
|faint|p1a: Great Tusk
|-end|p1a: Great Tusk|Protosynthesis|[silent]
|faint|p2a: Rhyperior
|
|upkeep
|
|t:|1757837798
|switch|p1a: 多龙巴鲁托|Dragapult, M|100/100
|switch|p2a: Cinderace|Cinderace, F|100/100
|turn|6
|
|t:|1757837805
|switch|p1a: Moltres|Moltres|100/100
|move|p2a: Cinderace|Court Change|p2a: Cinderace
|-swapsideconditions
|-activate|p2a: Cinderace|move: Court Change
|
|upkeep
|turn|7
|
|t:|1757837815
|switch|p2a: Kommo-o|Kommo-o, M|100/100
|move|p1a: Moltres|U-turn|p2a: Kommo-o
|-resisted|p2a: Kommo-o
|-damage|p2a: Kommo-o|94/100
|
|t:|1757837820
|switch|p1a: 多龙巴鲁托|Dragapult, M|100/100|[from] U-turn
|-damage|p1a: 多龙巴鲁托|88/100|[from] Stealth Rock
|
|upkeep
|turn|8
|
|t:|1757837827
|switch|p2a: Cinderace|Cinderace, F|100/100
|move|p1a: 多龙巴鲁托|Dragon Darts|p2a: Cinderace
|-damage|p2a: Cinderace|53/100
|-anim|p1a: 多龙巴鲁托|Dragon Darts|p2a: Cinderace
|-damage|p2a: Cinderace|4/100
|
|upkeep
|turn|9
|
|t:|1757837835
|switch|p1a: Moltres|Moltres|100/100
|move|p2a: Cinderace|Pyro Ball|p1a: Moltres
|-resisted|p1a: Moltres
|-damage|p1a: Moltres|75/100
|
|upkeep
|turn|10
|
|t:|1757837846
|move|p2a: Cinderace|Pyro Ball|p1a: Moltres
|-resisted|p1a: Moltres
|-damage|p1a: Moltres|50/100
|move|p1a: Moltres|Roar|p2a: Cinderace
|drag|p2a: Kommo-o|Kommo-o, M|94/100
|
|upkeep
|turn|11
|
|t:|1757837854
|switch|p2a: Cinderace|Cinderace, F|4/100
|move|p1a: Moltres|Roar|p2a: Cinderace
|drag|p2a: Metagross|Metagross|100/100
|
|upkeep
|turn|12
|
|t:|1757837860
|move|p2a: Metagross|Psychic Fangs|p1a: Moltres
|-damage|p1a: Moltres|5/100
|-status|p2a: Metagross|brn|[from] ability: Flame Body|[of] p1a: Moltres
|-damage|p2a: Metagross|91/100 brn|[from] item: Life Orb
|move|p1a: Moltres|Roost|p1a: Moltres
|-heal|p1a: Moltres|55/100
|-singleturn|p1a: Moltres|move: Roost
|
|-damage|p2a: Metagross|85/100 brn|[from] brn
|upkeep
|turn|13
|
|t:|1757837870
|move|p2a: Metagross|Psychic Fangs|p1a: Moltres
|-damage|p1a: Moltres|33/100
|-damage|p2a: Metagross|75/100 brn|[from] item: Life Orb
|move|p1a: Moltres|Roost|p1a: Moltres
|-heal|p1a: Moltres|83/100
|-singleturn|p1a: Moltres|move: Roost
|
|-damage|p2a: Metagross|69/100 brn|[from] brn
|upkeep
|turn|14
|
|t:|1757837879
|move|p2a: Metagross|Explosion|p1a: Moltres
|-damage|p1a: Moltres|38/100
|faint|p2a: Metagross
|move|p1a: Moltres|Roost|p1a: Moltres
|-heal|p1a: Moltres|88/100
|-singleturn|p1a: Moltres|move: Roost
|
|upkeep
|
|t:|1757837881
|switch|p2a: Cinderace|Cinderace, F|4/100
|turn|15
|
|t:|1757837888
|move|p2a: Cinderace|Pyro Ball|p1a: Moltres
|-resisted|p1a: Moltres
|-damage|p1a: Moltres|62/100
|move|p1a: Moltres|Roost|p1a: Moltres
|-heal|p1a: Moltres|100/100
|-singleturn|p1a: Moltres|move: Roost
|
|upkeep
|turn|16
|
|t:|1757837898
|move|p2a: Cinderace|Pyro Ball|p1a: Moltres
|-resisted|p1a: Moltres
|-damage|p1a: Moltres|74/100
|move|p1a: Moltres|U-turn|p2a: Cinderace
|-resisted|p2a: Cinderace
|-damage|p2a: Cinderace|0 fnt
|faint|p2a: Cinderace
|
|t:|1757837904
|switch|p1a: 多龙巴鲁托|Dragapult, M|88/100|[from] U-turn
|-damage|p1a: 多龙巴鲁托|76/100|[from] Stealth Rock
|
|upkeep
|
|t:|1757837906
|switch|p2a: Excadrill|Excadrill, M|100/100
|-item|p2a: Excadrill|Air Balloon
|turn|17
|
|t:|1757837912
|-terastallize|p1a: 多龙巴鲁托|Ghost
|move|p1a: 多龙巴鲁托|Tera Blast|p2a: Excadrill|[anim] Tera Blast Ghost
|-crit|p2a: Excadrill
|-damage|p2a: Excadrill|0 fnt
|-enditem|p2a: Excadrill|Air Balloon
|faint|p2a: Excadrill
|
|upkeep
|
|t:|1757837917
|switch|p2a: Kommo-o|Kommo-o, M|94/100
|turn|18
|
|t:|1757837921
|move|p1a: 多龙巴鲁托|Tera Blast|p2a: Kommo-o|[anim] Tera Blast Ghost
|-damage|p2a: Kommo-o|4/100
|move|p2a: Kommo-o|Clangorous Soul||[still]
|-fail|p2a: Kommo-o
|
|upkeep
|turn|19
|-message|flygonisdragon forfeited.
|
|win|jietouxiaoyu
|raw|jietouxiaoyu's rating: 1568 &rarr; <strong>1583</strong><br />(+15 for winning)
|raw|flygonisdragon's rating: 1475 &rarr; <strong>1460</strong><br />(-15 for losing)
|l|☆flygonisdragon
|player|p2|
|l|☆jietouxiaoyu
|player|p1|
