|j|☆Harsh280993
|j|☆manambintsoa
|t:|1757840905
|gametype|singles
|player|p1|Harsh280993|265|1139
|player|p2|manambintsoa|burglar|1213
|gen|9
|tier|[Gen 9] OU
|rated|
|rule|HP Percentage Mod: HP is shown in percentages
|rule|Endless Battle Clause: Forcing endless battles is banned
|rule|Species Clause: Limit one of each Pokémon
|rule|OHKO Clause: OHKO moves are banned
|rule|Evasion Items Clause: Evasion items are banned
|rule|Evasion Moves Clause: Evasion moves are banned
|rule|Evasion Abilities Clause: Evasion abilities are banned
|rule|Sleep Moves Clause: Sleep-inducing moves are banned
|clearpoke
|poke|p1|Ceruledge, M|
|poke|p1|Manaphy|
|poke|p1|Granbull, M|
|poke|p1|Latios, M|
|poke|p1|Moltres-Galar|
|poke|p1|Sinistcha|
|poke|p2|Iron Valiant|
|poke|p2|Ogerpon-Wellspring, F|
|poke|p2|Zapdos|
|poke|p2|Arcanine-Hisui, M|
|poke|p2|Gliscor, F|
|poke|p2|Slowking-Galar, M|
|teampreview
|
|t:|1757840931
|teamsize|p1|6
|teamsize|p2|6
|start
|switch|p1a: Latios|Latios, M|100/100
|switch|p2a: Zapdos|Zapdos|100/100
|turn|1
|inactive|Battle timer is ON: inactive players will automatically lose when time's up. (requested by Harsh280993)
|
|t:|1757840942
|move|p1a: Latios|Ice Beam|p2a: Zapdos
|-supereffective|p2a: Zapdos
|-damage|p2a: Zapdos|41/100
|move|p2a: Zapdos|Thunder Wave|p1a: Latios
|-status|p1a: Latios|par
|
|upkeep
|turn|2
|
|t:|1757840950
|move|p2a: Zapdos|Roost|p2a: Zapdos
|-heal|p2a: Zapdos|92/100
|-singleturn|p2a: Zapdos|move: Roost
|cant|p1a: Latios|par
|
|upkeep
|turn|3
|
|t:|1757840956
|move|p2a: Zapdos|U-turn|p1a: Latios
|-supereffective|p1a: Latios
|-damage|p1a: Latios|63/100 par
|
|t:|1757840959
|switch|p2a: Slowking|Slowking-Galar, M|100/100|[from] U-turn
|cant|p1a: Latios|par
|
|upkeep
|turn|4
|
|t:|1757840973
|cant|p1a: Latios|par
|move|p2a: Slowking|Sludge Bomb|p1a: Latios
|-damage|p1a: Latios|14/100 par
|
|upkeep
|turn|5
|
|t:|1757840985
|move|p1a: Latios|Luster Purge|p2a: Slowking
|-damage|p2a: Slowking|69/100
|move|p2a: Slowking|Ice Beam|p1a: Latios
|-supereffective|p1a: Latios
|-damage|p1a: Latios|0 fnt
|faint|p1a: Latios
|
|upkeep
|
|t:|1757840992
|switch|p1a: Ceruledge|Ceruledge, M|100/100
|turn|6
|
|t:|1757841002
|move|p1a: Ceruledge|Bulk Up|p1a: Ceruledge
|-boost|p1a: Ceruledge|atk|1
|-boost|p1a: Ceruledge|def|1
|move|p2a: Slowking|Psychic|p1a: Ceruledge
|-damage|p1a: Ceruledge|44/100
|
|upkeep
|turn|7
|
|t:|1757841018
|switch|p2a: Arcanine|Arcanine-Hisui, M|100/100
|move|p1a: Ceruledge|Phantom Force||[still]
|-prepare|p1a: Ceruledge|Phantom Force
|
|upkeep
|turn|8
|
|t:|1757841028
|move|p2a: Arcanine|Head Smash|p1a: Ceruledge|[miss]
|-miss|p2a: Arcanine|p1a: Ceruledge
|move|p1a: Ceruledge|Phantom Force|p2a: Arcanine|[from] lockedmove
|-damage|p2a: Arcanine|13/100
|
|upkeep
|turn|9
|
|t:|1757841035
|move|p1a: Ceruledge|Shadow Sneak|p2a: Arcanine
|-damage|p2a: Arcanine|0 fnt
|faint|p2a: Arcanine
|
|upkeep
|
|t:|1757841046
|switch|p2a: Ogerpon|Ogerpon-Wellspring, F|100/100
|turn|10
|
|t:|1757841057
|move|p1a: Ceruledge|Shadow Sneak|p2a: Ogerpon
|-damage|p2a: Ogerpon|62/100
|move|p2a: Ogerpon|Ivy Cudgel|p1a: Ceruledge|[anim] Ivy Cudgel Water
|-supereffective|p1a: Ceruledge
|-damage|p1a: Ceruledge|0 fnt
|faint|p1a: Ceruledge
|
|upkeep
|
|t:|1757841064
|switch|p1a: Sinistcha|Sinistcha|100/100
|turn|11
|
|t:|1757841070
|move|p2a: Ogerpon|Ivy Cudgel|p1a: Sinistcha|[anim] Ivy Cudgel Water
|-resisted|p1a: Sinistcha
|-damage|p1a: Sinistcha|72/100
|move|p1a: Sinistcha|Matcha Gotcha|p2a: Ogerpon
|-damage|p2a: Ogerpon|11/100
|-heal|p1a: Sinistcha|96/100|[from] drain|[of] p2a: Ogerpon
|
|upkeep
|turn|12
|
|t:|1757841082
|move|p2a: Ogerpon|U-turn|p1a: Sinistcha
|-damage|p1a: Sinistcha|69/100
|
|t:|1757841090
|switch|p2a: Zapdos|Zapdos|92/100|[from] U-turn
|move|p1a: Sinistcha|Shadow Ball|p2a: Zapdos
|-damage|p2a: Zapdos|52/100
|
|upkeep
|turn|13
|
|t:|1757841102
|move|p2a: Zapdos|Thunder Wave|p1a: Sinistcha|[miss]
|-miss|p2a: Zapdos|p1a: Sinistcha
|move|p1a: Sinistcha|Shadow Ball|p2a: Zapdos
|-damage|p2a: Zapdos|8/100
|
|upkeep
|turn|14
|
|t:|1757841116
|move|p2a: Zapdos|Hurricane|p1a: Sinistcha
|-supereffective|p1a: Sinistcha
|-damage|p1a: Sinistcha|0 fnt
|faint|p1a: Sinistcha
|
|upkeep
|
|t:|1757841125
|switch|p1a: Moltres|Moltres-Galar, shiny|100/100
|turn|15
|
|t:|1757841130
|move|p2a: Zapdos|Thunder Wave|p1a: Moltres
|-status|p1a: Moltres|par
|move|p1a: Moltres|Fiery Wrath|p2a: Zapdos
|-damage|p2a: Zapdos|0 fnt
|faint|p2a: Zapdos
|
|upkeep
|
|t:|1757841136
|switch|p2a: Iron Valiant|Iron Valiant|100/100
|-enditem|p2a: Iron Valiant|Booster Energy
|-activate|p2a: Iron Valiant|ability: Quark Drive|[fromitem]
|-start|p2a: Iron Valiant|quarkdrivespe
|turn|16
|
|t:|1757841142
|-terastallize|p2a: Iron Valiant|Fairy
|-terastallize|p1a: Moltres|Flying
|move|p2a: Iron Valiant|Swords Dance|p2a: Iron Valiant
|-boost|p2a: Iron Valiant|atk|2
|move|p1a: Moltres|Air Slash|p2a: Iron Valiant
|-damage|p2a: Iron Valiant|18/100
|
|upkeep
|turn|17
|
|t:|1757841155
|switch|p1a: Granbull|Granbull, M|100/100
|-ability|p1a: Granbull|Intimidate|boost
|-unboost|p2a: Iron Valiant|atk|1
|move|p2a: Iron Valiant|Spirit Break|p1a: Granbull
|-damage|p1a: Granbull|0 fnt
|faint|p1a: Granbull
|
|upkeep
|
|t:|1757841162
|switch|p1a: Manaphy|Manaphy|100/100
|turn|18
|
|t:|1757841168
|move|p2a: Iron Valiant|Close Combat|p1a: Manaphy
|-damage|p1a: Manaphy|19/100
|-unboost|p2a: Iron Valiant|def|1
|-unboost|p2a: Iron Valiant|spd|1
|move|p1a: Manaphy|Scald|p2a: Iron Valiant
|-damage|p2a: Iron Valiant|0 fnt
|faint|p2a: Iron Valiant
|-end|p2a: Iron Valiant|Quark Drive|[silent]
|
|-heal|p1a: Manaphy|25/100|[from] item: Leftovers
|upkeep
|
|t:|1757841178
|switch|p2a: Ogerpon|Ogerpon-Wellspring, F|11/100
|turn|19
|
|t:|1757841184
|move|p2a: Ogerpon|Horn Leech|p1a: Manaphy
|-supereffective|p1a: Manaphy
|-crit|p1a: Manaphy
|-damage|p1a: Manaphy|0 fnt
|-heal|p2a: Ogerpon|27/100|[from] drain|[of] p1a: Manaphy
|faint|p1a: Manaphy
|
|upkeep
|
|t:|1757841187
|switch|p1a: Moltres|Moltres-Galar, shiny, tera:Flying|100/100 par
|turn|20
|
|t:|1757841194
|move|p2a: Ogerpon|Knock Off|p1a: Moltres
|-damage|p1a: Moltres|53/100 par
|-enditem|p1a: Moltres|Leftovers|[from] move: Knock Off|[of] p2a: Ogerpon
|cant|p1a: Moltres|par
|
|upkeep
|turn|21
|
|t:|1757841200
|move|p2a: Ogerpon|Ivy Cudgel|p1a: Moltres|[anim] Ivy Cudgel Water
|-damage|p1a: Moltres|0 fnt
|faint|p1a: Moltres
|
|win|manambintsoa
|raw|Harsh280993's rating: 1139 &rarr; <strong>1119</strong><br />(-20 for losing)
|raw|manambintsoa's rating: 1213 &rarr; <strong>1233</strong><br />(+20 for winning)
|l|☆Harsh280993
|player|p1|
|l|☆manambintsoa
|player|p2|
