|j|☆pikalyte3
|j|☆drenom
|t:|1757845424
|gametype|singles
|player|p1|pikalyte3|dancer|1613
|player|p2|drenom|102|1626
|gen|9
|tier|[Gen 9] OU
|rated|
|rule|HP Percentage Mod: HP is shown in percentages
|rule|Endless Battle Clause: Forcing endless battles is banned
|rule|Species Clause: Limit one of each Pokémon
|rule|OHKO Clause: OHKO moves are banned
|rule|Evasion Items Clause: Evasion items are banned
|rule|Evasion Moves Clause: Evasion moves are banned
|rule|Evasion Abilities Clause: Evasion abilities are banned
|rule|Sleep Moves Clause: Sleep-inducing moves are banned
|clearpoke
|poke|p1|Kyurem|
|poke|p1|Slowking-Galar, M|
|poke|p1|Landorus-Therian, M|
|poke|p1|Primarina, F|
|poke|p1|Zamazenta-*|
|poke|p1|Dragonite, M|
|poke|p2|Corviknight, F|
|poke|p2|Sinistcha|
|poke|p2|Muk-Alola, M|
|poke|p2|Kyurem|
|poke|p2|Dondozo, F|
|poke|p2|Clodsire, F|
|teampreview
|inactive|Battle timer is ON: inactive players will automatically lose when time's up. (requested by pikalyte3)
|
|t:|1757845444
|teamsize|p1|6
|teamsize|p2|6
|start
|switch|p1a: Bando Lando|Landorus-Therian, M|100/100
|switch|p2a: Kyurem|Kyurem|100/100
|-ability|p1a: Bando Lando|Intimidate|boost
|-unboost|p2a: Kyurem|atk|1
|-ability|p2a: Kyurem|Pressure
|turn|1
|
|t:|1757845446
|switch|p1a: Battery Pack|Slowking-Galar, M|100/100
|move|p2a: Kyurem|Substitute|p2a: Kyurem
|-start|p2a: Kyurem|Substitute
|-damage|p2a: Kyurem|76/100
|
|-heal|p2a: Kyurem|82/100|[from] item: Leftovers
|upkeep
|turn|2
|
|t:|1757845455
|move|p2a: Kyurem|Freeze-Dry|p1a: Battery Pack
|-damage|p1a: Battery Pack|82/100
|move|p1a: Battery Pack|Sludge Bomb|p2a: Kyurem
|-crit|p2a: Kyurem
|-end|p2a: Kyurem|Substitute
|
|-heal|p2a: Kyurem|88/100|[from] item: Leftovers
|upkeep
|turn|3
|
|t:|1757845459
|move|p2a: Kyurem|Protect|p2a: Kyurem
|-singleturn|p2a: Kyurem|Protect
|move|p1a: Battery Pack|Future Sight|p2a: Kyurem
|-start|p1a: Battery Pack|move: Future Sight
|
|-heal|p2a: Kyurem|94/100|[from] item: Leftovers
|upkeep
|turn|4
|
|t:|1757845467
|move|p2a: Kyurem|Substitute|p2a: Kyurem
|-start|p2a: Kyurem|Substitute
|-damage|p2a: Kyurem|69/100
|move|p1a: Battery Pack|Sludge Bomb|p2a: Kyurem
|-end|p2a: Kyurem|Substitute
|
|-heal|p2a: Kyurem|75/100|[from] item: Leftovers
|upkeep
|turn|5
|
|t:|1757845476
|switch|p2a: Muk|Muk-Alola, M|100/100
|-prepare|p1a: Battery Pack|Chilly Reception|[premajor]
|move|p1a: Battery Pack|Chilly Reception|p1a: Battery Pack
|-weather|Snowscape
|
|t:|1757845480
|switch|p1a: Bando Lando|Landorus-Therian, M|100/100|[from] Chilly Reception
|-ability|p1a: Bando Lando|Intimidate|boost
|-unboost|p2a: Muk|atk|1
|
|-weather|Snowscape|[upkeep]
|-end|p2a: Muk|move: Future Sight
|-immune|p2a: Muk
|upkeep
|turn|6
|
|t:|1757845488
|move|p1a: Bando Lando|Stealth Rock|p2a: Muk
|-sidestart|p2: drenom|move: Stealth Rock
|move|p2a: Muk|Knock Off|p1a: Bando Lando
|-damage|p1a: Bando Lando|77/100
|-damage|p2a: Muk|84/100|[from] item: Rocky Helmet|[of] p1a: Bando Lando
|-status|p1a: Bando Lando|psn|[from] ability: Poison Touch|[of] p2a: Muk
|-enditem|p1a: Bando Lando|Rocky Helmet|[from] move: Knock Off|[of] p2a: Muk
|
|-weather|Snowscape|[upkeep]
|-damage|p1a: Bando Lando|64/100 psn|[from] psn
|upkeep
|turn|7
|
|t:|1757845495
|switch|p2a: Corviknight|Corviknight, F|100/100
|-damage|p2a: Corviknight|88/100|[from] Stealth Rock
|-ability|p2a: Corviknight|Pressure
|move|p1a: Bando Lando|U-turn|p2a: Corviknight
|-resisted|p2a: Corviknight
|-damage|p2a: Corviknight|85/100
|-damage|p1a: Bando Lando|48/100 psn|[from] item: Rocky Helmet|[of] p2a: Corviknight
|
|t:|1757845500
|switch|p1a: Ariana Grande|Primarina, F|100/100|[from] U-turn
|
|-weather|Snowscape|[upkeep]
|upkeep
|turn|8
|
|t:|1757845506
|move|p1a: Ariana Grande|Surf|p2a: Corviknight
|-damage|p2a: Corviknight|35/100
|move|p2a: Corviknight|Defog|p1a: Ariana Grande
|-unboost|p1a: Ariana Grande|evasion|1
|-sideend|p2: drenom|Stealth Rock|[from] move: Defog|[of] p2a: Corviknight
|
|-weather|Snowscape|[upkeep]
|upkeep
|turn|9
|
|t:|1757845523
|switch|p2a: Clodsire|Clodsire, F|100/100
|move|p1a: Ariana Grande|Surf|p2a: Clodsire
|-immune|p2a: Clodsire|[from] ability: Water Absorb
|
|-weather|none
|upkeep
|turn|10
|
|t:|1757845530
|switch|p1a: Battery Pack|Slowking-Galar, M|100/100
|move|p2a: Clodsire|Stealth Rock|p1a: Battery Pack
|-sidestart|p1: pikalyte3|move: Stealth Rock
|
|upkeep
|turn|11
|
|t:|1757845536
|move|p2a: Clodsire|Earthquake|p1a: Battery Pack
|-supereffective|p1a: Battery Pack
|-damage|p1a: Battery Pack|49/100
|move|p1a: Battery Pack|Future Sight|p2a: Clodsire
|-start|p1a: Battery Pack|move: Future Sight
|
|upkeep
|turn|12
|j| chamu rye
|
|t:|1757845541
|switch|p1a: Bando Lando|Landorus-Therian, M|48/100 psn
|-damage|p1a: Bando Lando|36/100 psn|[from] Stealth Rock
|-ability|p1a: Bando Lando|Intimidate|boost
|-unboost|p2a: Clodsire|atk|1
|move|p2a: Clodsire|Earthquake|p1a: Bando Lando
|-immune|p1a: Bando Lando
|
|-damage|p1a: Bando Lando|23/100 psn|[from] psn
|upkeep
|turn|13
|
|t:|1757845550
|switch|p2a: Corviknight|Corviknight, F|35/100
|-ability|p2a: Corviknight|Pressure
|move|p1a: Bando Lando|Stealth Rock|p2a: Corviknight
|-sidestart|p2: drenom|move: Stealth Rock
|
|-end|p2a: Corviknight|move: Future Sight
|-resisted|p2a: Corviknight
|-damage|p2a: Corviknight|11/100
|-damage|p1a: Bando Lando|11/100 psn|[from] psn
|upkeep
|turn|14
|
|t:|1757845553
|move|p1a: Bando Lando|Taunt|p2a: Corviknight
|-start|p2a: Corviknight|move: Taunt
|cant|p2a: Corviknight|move: Taunt|Roost
|
|-damage|p1a: Bando Lando|0 fnt|[from] psn
|faint|p1a: Bando Lando
|upkeep
|
|t:|1757845559
|switch|p1a: Ban Dodger|Kyurem|100/100
|-damage|p1a: Ban Dodger|76/100|[from] Stealth Rock
|-ability|p1a: Ban Dodger|Pressure
|turn|15
|
|t:|1757845566
|move|p1a: Ban Dodger|Freeze-Dry|p2a: Corviknight
|-damage|p2a: Corviknight|0 fnt
|faint|p2a: Corviknight
|
|upkeep
|
|t:|1757845569
|switch|p2a: Muk|Muk-Alola, M|84/100
|-damage|p2a: Muk|72/100|[from] Stealth Rock
|turn|16
|
|t:|1757845575
|move|p1a: Ban Dodger|Icicle Spear|p2a: Muk
|-damage|p2a: Muk|58/100
|-damage|p2a: Muk|45/100
|-damage|p2a: Muk|32/100
|-damage|p2a: Muk|19/100
|-damage|p2a: Muk|5/100
|-hitcount|p2a: Muk|5
|move|p2a: Muk|Knock Off|p1a: Ban Dodger
|-damage|p1a: Ban Dodger|40/100
|-status|p1a: Ban Dodger|psn|[from] ability: Poison Touch|[of] p2a: Muk
|-enditem|p1a: Ban Dodger|Loaded Dice|[from] move: Knock Off|[of] p2a: Muk
|
|-damage|p1a: Ban Dodger|28/100 psn|[from] psn
|upkeep
|turn|17
|
|t:|1757845588
|move|p2a: Muk|Shadow Sneak|p1a: Ban Dodger
|-damage|p1a: Ban Dodger|18/100 psn
|move|p1a: Ban Dodger|Freeze-Dry|p2a: Muk
|-damage|p2a: Muk|0 fnt
|faint|p2a: Muk
|
|-damage|p1a: Ban Dodger|6/100 psn|[from] psn
|upkeep
|
|t:|1757845597
|switch|p2a: Clodsire|Clodsire, F|100/100
|-damage|p2a: Clodsire|94/100|[from] Stealth Rock
|turn|18
|
|t:|1757845601
|move|p1a: Ban Dodger|Icicle Spear|p2a: Clodsire
|-supereffective|p2a: Clodsire
|-damage|p2a: Clodsire|65/100
|-supereffective|p2a: Clodsire
|-damage|p2a: Clodsire|33/100
|-hitcount|p2a: Clodsire|2
|move|p2a: Clodsire|Recover|p2a: Clodsire
|-heal|p2a: Clodsire|83/100
|
|-heal|p2a: Clodsire|90/100|[from] item: Black Sludge
|-damage|p1a: Ban Dodger|0 fnt|[from] psn
|faint|p1a: Ban Dodger
|upkeep
|
|t:|1757845615
|switch|p1a: NiteGuy|Dragonite, M|100/100
|turn|19
|
|t:|1757845620
|switch|p1a: Battery Pack|Slowking-Galar, M|82/100
|move|p2a: Clodsire|Toxic|p1a: Battery Pack
|-immune|p1a: Battery Pack
|
|-heal|p2a: Clodsire|96/100|[from] item: Black Sludge
|upkeep
|turn|20
|
|t:|1757845628
|move|p2a: Clodsire|Earthquake|p1a: Battery Pack
|-supereffective|p1a: Battery Pack
|-damage|p1a: Battery Pack|23/100
|move|p1a: Battery Pack|Future Sight|p2a: Clodsire
|-start|p1a: Battery Pack|move: Future Sight
|
|-heal|p2a: Clodsire|100/100|[from] item: Black Sludge
|upkeep
|turn|21
|
|t:|1757845636
|move|p2a: Clodsire|Toxic|p1a: Battery Pack
|-immune|p1a: Battery Pack
|-prepare|p1a: Battery Pack|Chilly Reception|[premajor]
|move|p1a: Battery Pack|Chilly Reception|p1a: Battery Pack
|-weather|Snowscape
|
|t:|1757845639
|switch|p1a: NiteGuy|Dragonite, M|100/100|[from] Chilly Reception
|
|-weather|Snowscape|[upkeep]
|upkeep
|turn|22
|
|t:|1757845645
|switch|p2a: Sinistcha|Sinistcha|100/100
|-damage|p2a: Sinistcha|88/100|[from] Stealth Rock
|move|p1a: NiteGuy|Earthquake|p2a: Sinistcha
|-resisted|p2a: Sinistcha
|-damage|p2a: Sinistcha|76/100
|
|-weather|Snowscape|[upkeep]
|-end|p2a: Sinistcha|move: Future Sight
|-damage|p2a: Sinistcha|20/100
|upkeep
|turn|23
|
|t:|1757845651
|-terastallize|p1a: NiteGuy|Ghost
|move|p1a: NiteGuy|Tera Blast|p2a: Sinistcha|[anim] Tera Blast Ghost
|-supereffective|p2a: Sinistcha
|-damage|p2a: Sinistcha|0 fnt
|faint|p2a: Sinistcha
|
|-weather|Snowscape|[upkeep]
|upkeep
|
|t:|1757845658
|switch|p2a: Dondozo|Dondozo, F|100/100
|-damage|p2a: Dondozo|88/100|[from] Stealth Rock
|turn|24
|
|t:|1757845664
|switch|p1a: Ariana Grande|Primarina, F|100/100
|-damage|p1a: Ariana Grande|88/100|[from] Stealth Rock
|move|p2a: Dondozo|Curse|p2a: Dondozo
|-unboost|p2a: Dondozo|spe|1
|-boost|p2a: Dondozo|atk|1
|-boost|p2a: Dondozo|def|1
|
|-weather|Snowscape|[upkeep]
|-heal|p2a: Dondozo|94/100|[from] item: Leftovers
|upkeep
|turn|25
|
|t:|1757845674
|switch|p2a: Clodsire|Clodsire, F|100/100
|-damage|p2a: Clodsire|94/100|[from] Stealth Rock
|move|p1a: Ariana Grande|Psychic Noise|p2a: Clodsire
|-supereffective|p2a: Clodsire
|-damage|p2a: Clodsire|63/100
|-start|p2a: Clodsire|move: Heal Block
|
|-weather|none
|upkeep
|turn|26
|
|t:|1757845680
|move|p1a: Ariana Grande|Psychic Noise|p2a: Clodsire
|-supereffective|p2a: Clodsire
|-damage|p2a: Clodsire|32/100
|move|p2a: Clodsire|Toxic|p1a: Ariana Grande
|-status|p1a: Ariana Grande|tox
|
|-damage|p1a: Ariana Grande|82/100 tox|[from] psn
|-end|p2a: Clodsire|move: Heal Block
|upkeep
|turn|27
|j| Ctannn
|
|t:|1757845689
|move|p1a: Ariana Grande|Psychic Noise|p2a: Clodsire
|-supereffective|p2a: Clodsire
|-damage|p2a: Clodsire|2/100
|-start|p2a: Clodsire|move: Heal Block
|move|p2a: Clodsire|Earthquake|p1a: Ariana Grande
|-damage|p1a: Ariana Grande|43/100 tox
|
|-damage|p1a: Ariana Grande|30/100 tox|[from] psn
|upkeep
|turn|28
|
|t:|1757845696
|move|p1a: Ariana Grande|Moonblast|p2a: Clodsire
|-resisted|p2a: Clodsire
|-damage|p2a: Clodsire|0 fnt
|faint|p2a: Clodsire
|
|-damage|p1a: Ariana Grande|11/100 tox|[from] psn
|upkeep
|
|t:|1757845698
|switch|p2a: Kyurem|Kyurem|75/100
|-damage|p2a: Kyurem|51/100|[from] Stealth Rock
|-ability|p2a: Kyurem|Pressure
|turn|29
|-enditem|p1a: Ariana Grande|Custap Berry|[eat]
|-activate|p1a: Ariana Grande|item: Custap Berry|[consumed]
|
|t:|1757845710
|move|p1a: Ariana Grande|Moonblast|p2a: Kyurem
|-supereffective|p2a: Kyurem
|-damage|p2a: Kyurem|0 fnt
|faint|p2a: Kyurem
|
|-damage|p1a: Ariana Grande|0 fnt|[from] psn
|faint|p1a: Ariana Grande
|upkeep
|
|t:|1757845720
|switch|p2a: Dondozo|Dondozo, F|94/100
|switch|p1a: Battery Pack|Slowking-Galar, M|56/100
|-damage|p2a: Dondozo|82/100|[from] Stealth Rock
|turn|30
|
|t:|1757845723
|move|p2a: Dondozo|Curse|p2a: Dondozo
|-unboost|p2a: Dondozo|spe|1
|-boost|p2a: Dondozo|atk|1
|-boost|p2a: Dondozo|def|1
|move|p1a: Battery Pack|Future Sight|p2a: Dondozo
|-start|p1a: Battery Pack|move: Future Sight
|
|-heal|p2a: Dondozo|88/100|[from] item: Leftovers
|upkeep
|turn|31
|
|t:|1757845726
|move|p2a: Dondozo|Curse|p2a: Dondozo
|-unboost|p2a: Dondozo|spe|1
|-boost|p2a: Dondozo|atk|1
|-boost|p2a: Dondozo|def|1
|move|p1a: Battery Pack|Sludge Bomb|p2a: Dondozo
|-damage|p2a: Dondozo|67/100
|
|-heal|p2a: Dondozo|73/100|[from] item: Leftovers
|upkeep
|turn|32
|
|t:|1757845729
|move|p1a: Battery Pack|Sludge Bomb|p2a: Dondozo
|-damage|p2a: Dondozo|50/100
|move|p2a: Dondozo|Rest|p2a: Dondozo
|-status|p2a: Dondozo|slp|[from] move: Rest
|-heal|p2a: Dondozo|100/100 slp|[silent]
|
|-end|p2a: Dondozo|move: Future Sight
|-crit|p2a: Dondozo
|-damage|p2a: Dondozo|57/100 slp
|-heal|p2a: Dondozo|64/100 slp|[from] item: Leftovers
|upkeep
|turn|33
|
|t:|1757845735
|move|p1a: Battery Pack|Future Sight|p2a: Dondozo
|-start|p1a: Battery Pack|move: Future Sight
|cant|p2a: Dondozo|slp
|move|p2a: Dondozo|Sleep Talk|p2a: Dondozo
|move|p2a: Dondozo|Curse|p2a: Dondozo|[from] move: Sleep Talk
|-unboost|p2a: Dondozo|spe|1
|-boost|p2a: Dondozo|atk|1
|-boost|p2a: Dondozo|def|1
|
|-heal|p2a: Dondozo|70/100 slp|[from] item: Leftovers
|upkeep
|turn|34
|
|t:|1757845739
|move|p1a: Battery Pack|Sludge Bomb|p2a: Dondozo
|-damage|p2a: Dondozo|47/100 slp
|cant|p2a: Dondozo|slp
|move|p2a: Dondozo|Sleep Talk|p2a: Dondozo
|move|p2a: Dondozo|Curse|p2a: Dondozo|[from] move: Sleep Talk
|-unboost|p2a: Dondozo|spe|1
|-boost|p2a: Dondozo|atk|1
|-boost|p2a: Dondozo|def|1
|
|-heal|p2a: Dondozo|53/100 slp|[from] item: Leftovers
|upkeep
|turn|35
|
|t:|1757845746
|move|p1a: Battery Pack|Sludge Bomb|p2a: Dondozo
|-damage|p2a: Dondozo|33/100 slp
|-curestatus|p2a: Dondozo|slp|[msg]
|move|p2a: Dondozo|Rest|p2a: Dondozo
|-status|p2a: Dondozo|slp|[from] move: Rest
|-heal|p2a: Dondozo|100/100 slp|[silent]
|
|-end|p2a: Dondozo|move: Future Sight
|-damage|p2a: Dondozo|74/100 slp
|-heal|p2a: Dondozo|80/100 slp|[from] item: Leftovers
|upkeep
|turn|36
|
|t:|1757845752
|move|p1a: Battery Pack|Future Sight|p2a: Dondozo
|-start|p1a: Battery Pack|move: Future Sight
|cant|p2a: Dondozo|slp
|move|p2a: Dondozo|Sleep Talk|p2a: Dondozo
|move|p2a: Dondozo|Liquidation|p1a: Battery Pack|[from] move: Sleep Talk
|-damage|p1a: Battery Pack|0 fnt
|faint|p1a: Battery Pack
|
|-heal|p2a: Dondozo|87/100 slp|[from] item: Leftovers
|upkeep
|-message|pikalyte3 forfeited.
|
|win|drenom
|raw|pikalyte3's rating: 1613 &rarr; <strong>1594</strong><br />(-19 for losing)
|raw|drenom's rating: 1626 &rarr; <strong>1645</strong><br />(+19 for winning)
|l|☆pikalyte3
|player|p1|
|l|☆drenom
|player|p2|
|l| Ctannn
|l| chamu rye
