|j|☆TheJobApplication
|j|☆c3rrot
|t:|1757929058
|gametype|singles
|player|p1|TheJobApplication|1|1412
|player|p2|c3rrot|proton|1508
|gen|9
|tier|[Gen 9] OU
|rated|
|rule|HP Percentage Mod: HP is shown in percentages
|rule|Endless Battle Clause: Forcing endless battles is banned
|rule|Species Clause: Limit one of each Pokémon
|rule|OHKO Clause: OHKO moves are banned
|rule|Evasion Items Clause: Evasion items are banned
|rule|Evasion Moves Clause: Evasion moves are banned
|rule|Evasion Abilities Clause: Evasion abilities are banned
|rule|Sleep Moves Clause: Sleep-inducing moves are banned
|clearpoke
|poke|p1|Chandelure, M|
|poke|p1|Great Tusk|
|poke|p1|Kingambit, F|
|poke|p1|Dragapult, M|
|poke|p1|Rillaboom, F|
|poke|p1|Corviknight, M|
|poke|p2|Kyurem|
|poke|p2|Cinderace, M|
|poke|p2|Kingambit, M|
|poke|p2|Landorus-Therian, M|
|poke|p2|Alomomola, F|
|poke|p2|Zamazenta-*|
|teampreview
|inactive|Battle timer is ON: inactive players will automatically lose when time's up. (requested by c3rrot)
|inactive|TheJobApplication also wants the timer to be on.
|
|t:|1757929067
|teamsize|p1|6
|teamsize|p2|6
|start
|switch|p1a: Steven|Dragapult, M|100/100
|switch|p2a: Kyurem|Kyurem|100/100
|-ability|p2a: Kyurem|Pressure
|turn|1
|
|t:|1757929071
|switch|p2a: Alomomola|Alomomola, F|100/100
|move|p1a: Steven|Draco Meteor|p2a: Alomomola
|-damage|p2a: Alomomola|53/100
|-unboost|p1a: Steven|spa|2
|
|upkeep
|turn|2
|
|t:|1757929079
|switch|p1a: Evan|Corviknight, M|100/100
|-ability|p1a: Evan|Pressure
|move|p2a: Alomomola|Flip Turn|p1a: Evan
|-damage|p1a: Evan|91/100
|-damage|p2a: Alomomola|36/100|[from] item: Rocky Helmet|[of] p1a: Evan
|
|t:|1757929090
|switch|p2a: Kyurem|Kyurem|100/100|[from] Flip Turn
|-ability|p2a: Kyurem|Pressure
|
|upkeep
|turn|3
|
|t:|1757929095
|move|p2a: Kyurem|Ice Beam|p1a: Evan
|-damage|p1a: Evan|25/100
|move|p1a: Evan|U-turn|p2a: Kyurem
|-damage|p2a: Kyurem|86/100
|
|t:|1757929100
|switch|p1a: Steven|Dragapult, M|100/100|[from] U-turn
|
|upkeep
|turn|4
|
|t:|1757929110
|switch|p2a: Alomomola|Alomomola, F|69/100
|move|p1a: Steven|Draco Meteor|p2a: Alomomola
|-damage|p2a: Alomomola|22/100
|-unboost|p1a: Steven|spa|2
|
|upkeep
|turn|5
|
|t:|1757929115
|switch|p2a: Kingambit|Kingambit, M|100/100
|move|p1a: Steven|Draco Meteor|p2a: Kingambit
|-resisted|p2a: Kingambit
|-damage|p2a: Kingambit|74/100
|-unboost|p1a: Steven|spa|2
|
|-heal|p2a: Kingambit|80/100|[from] item: Leftovers
|upkeep
|turn|6
|
|t:|1757929125
|switch|p1a: Evan|Corviknight, M|25/100
|-ability|p1a: Evan|Pressure
|-end|p2a: Kingambit|fallenundefined|[silent]
|switch|p2a: Alomomola|Alomomola, F|56/100
|
|upkeep
|turn|7
|
|t:|1757929131
|switch|p2a: Kyurem|Kyurem|86/100
|-ability|p2a: Kyurem|Pressure
|move|p1a: Evan|Roost|p1a: Evan
|-heal|p1a: Evan|75/100
|-singleturn|p1a: Evan|move: Roost
|
|upkeep
|turn|8
|
|t:|1757929135
|move|p2a: Kyurem|Ice Beam|p1a: Evan
|-damage|p1a: Evan|5/100
|move|p1a: Evan|U-turn|p2a: Kyurem
|-crit|p2a: Kyurem
|-damage|p2a: Kyurem|66/100
|
|t:|1757929140
|switch|p1a: Steven|Dragapult, M|100/100|[from] U-turn
|
|upkeep
|turn|9
|
|t:|1757929144
|switch|p2a: Alomomola|Alomomola, F|89/100
|move|p1a: Steven|Draco Meteor|p2a: Alomomola
|-damage|p2a: Alomomola|39/100
|-unboost|p1a: Steven|spa|2
|
|upkeep
|turn|10
|
|t:|1757929152
|switch|p1a: Nicholas|Rillaboom, F|100/100
|-fieldstart|move: Grassy Terrain|[from] ability: Grassy Surge|[of] p1a: Nicholas
|move|p2a: Alomomola|Flip Turn|p1a: Nicholas
|-resisted|p1a: Nicholas
|-damage|p1a: Nicholas|91/100
|
|t:|1757929163
|switch|p2a: Kyurem|Kyurem|66/100|[from] Flip Turn
|-ability|p2a: Kyurem|Pressure
|
|-heal|p2a: Kyurem|72/100|[from] Grassy Terrain
|-heal|p1a: Nicholas|97/100|[from] Grassy Terrain
|upkeep
|turn|11
|
|t:|1757929170
|switch|p1a: Lebron|Chandelure, M|100/100
|move|p2a: Kyurem|Ice Beam|p1a: Lebron
|-resisted|p1a: Lebron
|-crit|p1a: Lebron
|-damage|p1a: Lebron|30/100
|-status|p1a: Lebron|frz
|
|-heal|p1a: Lebron|36/100 frz|[from] Grassy Terrain
|-heal|p2a: Kyurem|78/100|[from] Grassy Terrain
|upkeep
|turn|12
|
|t:|1757929177
|cant|p1a: Lebron|frz
|move|p2a: Kyurem|Ice Beam|p1a: Lebron
|-resisted|p1a: Lebron
|-damage|p1a: Lebron|0 fnt
|faint|p1a: Lebron
|
|-heal|p2a: Kyurem|84/100|[from] Grassy Terrain
|upkeep
|
|t:|1757929180
|switch|p1a: Steven|Dragapult, M|100/100
|turn|13
|
|t:|1757929183
|switch|p2a: Alomomola|Alomomola, F|73/100
|move|p1a: Steven|Draco Meteor|p2a: Alomomola
|-damage|p2a: Alomomola|29/100
|-unboost|p1a: Steven|spa|2
|
|-heal|p2a: Alomomola|35/100|[from] Grassy Terrain
|upkeep
|turn|14
|
|t:|1757929189
|switch|p1a: Evan|Corviknight, M|5/100
|-ability|p1a: Evan|Pressure
|move|p2a: Alomomola|Flip Turn|p1a: Evan
|-damage|p1a: Evan|0 fnt
|-damage|p2a: Alomomola|19/100|[from] item: Rocky Helmet|[of] p1a: Evan
|faint|p1a: Evan
|
|t:|1757929195
|switch|p2a: Kingambit|Kingambit, M|80/100|[from] Flip Turn
|
|-heal|p2a: Kingambit|86/100|[from] Grassy Terrain
|-heal|p2a: Kingambit|93/100|[from] item: Leftovers
|-fieldend|move: Grassy Terrain
|upkeep
|
|t:|1757929201
|switch|p1a: Michael|Great Tusk|100/100
|-enditem|p1a: Michael|Booster Energy
|-activate|p1a: Michael|ability: Protosynthesis|[fromitem]
|-start|p1a: Michael|protosynthesisatk
|turn|15
|
|t:|1757929209
|-end|p2a: Kingambit|fallenundefined|[silent]
|switch|p2a: Landorus|Landorus-Therian, M|100/100
|-ability|p2a: Landorus|Intimidate|boost
|-unboost|p1a: Michael|atk|1
|move|p1a: Michael|Close Combat|p2a: Landorus
|-resisted|p2a: Landorus
|-damage|p2a: Landorus|71/100
|-unboost|p1a: Michael|def|1
|-unboost|p1a: Michael|spd|1
|
|upkeep
|turn|16
|
|t:|1757929217
|-end|p1a: Michael|Protosynthesis|[silent]
|switch|p1a: Steven|Dragapult, M|100/100
|move|p2a: Landorus|Grass Knot|p1a: Steven
|-resisted|p1a: Steven
|-damage|p1a: Steven|88/100
|
|upkeep
|turn|17
|
|t:|1757929224
|switch|p2a: Alomomola|Alomomola, F|52/100
|move|p1a: Steven|Draco Meteor|p2a: Alomomola
|-damage|p2a: Alomomola|2/100
|-unboost|p1a: Steven|spa|2
|
|upkeep
|turn|18
|
|t:|1757929228
|switch|p2a: Kingambit|Kingambit, M|93/100
|move|p1a: Steven|Draco Meteor|p2a: Kingambit
|-resisted|p2a: Kingambit
|-damage|p2a: Kingambit|69/100
|-unboost|p1a: Steven|spa|2
|
|-heal|p2a: Kingambit|76/100|[from] item: Leftovers
|upkeep
|turn|19
|
|t:|1757929232
|switch|p1a: Michael|Great Tusk|100/100
|move|p2a: Kingambit|Kowtow Cleave|p1a: Michael
|-resisted|p1a: Michael
|-damage|p1a: Michael|85/100
|
|-heal|p2a: Kingambit|82/100|[from] item: Leftovers
|upkeep
|turn|20
|
|t:|1757929238
|-end|p2a: Kingambit|fallenundefined|[silent]
|switch|p2a: Landorus|Landorus-Therian, M|71/100
|-ability|p2a: Landorus|Intimidate|boost
|-unboost|p1a: Michael|atk|1
|move|p1a: Michael|Close Combat|p2a: Landorus
|-resisted|p2a: Landorus
|-damage|p2a: Landorus|47/100
|-unboost|p1a: Michael|def|1
|-unboost|p1a: Michael|spd|1
|
|upkeep
|turn|21
|
|t:|1757929243
|-end|p1a: Michael|Protosynthesis|[silent]
|switch|p1a: Nicholas|Rillaboom, F|97/100
|-fieldstart|move: Grassy Terrain|[from] ability: Grassy Surge|[of] p1a: Nicholas
|move|p2a: Landorus|Earthquake|p1a: Nicholas
|-resisted|p1a: Nicholas
|-damage|p1a: Nicholas|81/100
|
|-heal|p1a: Nicholas|87/100|[from] Grassy Terrain
|upkeep
|turn|22
|
|t:|1757929252
|switch|p2a: Cinderace|Cinderace, M|100/100
|move|p1a: Nicholas|Knock Off|p2a: Cinderace
|-damage|p2a: Cinderace|18/100
|-enditem|p2a: Cinderace|Heavy-Duty Boots|[from] move: Knock Off|[of] p1a: Nicholas
|
|-heal|p2a: Cinderace|24/100|[from] Grassy Terrain
|-heal|p1a: Nicholas|93/100|[from] Grassy Terrain
|upkeep
|turn|23
|
|t:|1757929260
|switch|p1a: Michael|Great Tusk|85/100
|move|p2a: Cinderace|U-turn|p1a: Michael
|-start|p2a: Cinderace|typechange|Bug|[from] ability: Libero
|-resisted|p1a: Michael
|-damage|p1a: Michael|74/100
|
|t:|1757929263
|switch|p2a: Alomomola|Alomomola, F|36/100|[from] U-turn
|
|-heal|p1a: Michael|80/100|[from] Grassy Terrain
|-heal|p2a: Alomomola|42/100|[from] Grassy Terrain
|upkeep
|turn|24
|
|t:|1757929269
|switch|p2a: Landorus|Landorus-Therian, M|47/100
|-ability|p2a: Landorus|Intimidate|boost
|-unboost|p1a: Michael|atk|1
|move|p1a: Michael|Close Combat|p2a: Landorus
|-resisted|p2a: Landorus
|-damage|p2a: Landorus|27/100
|-unboost|p1a: Michael|def|1
|-unboost|p1a: Michael|spd|1
|
|-heal|p1a: Michael|86/100|[from] Grassy Terrain
|upkeep
|turn|25
|
|t:|1757929279
|-end|p1a: Michael|Protosynthesis|[silent]
|switch|p1a: Nicholas|Rillaboom, F|93/100
|move|p2a: Landorus|U-turn|p1a: Nicholas
|-supereffective|p1a: Nicholas
|-crit|p1a: Nicholas
|-damage|p1a: Nicholas|0 fnt
|faint|p1a: Nicholas
|
|t:|1757929283
|switch|p2a: Alomomola|Alomomola, F|75/100|[from] U-turn
|
|-heal|p2a: Alomomola|81/100|[from] Grassy Terrain
|-fieldend|move: Grassy Terrain
|upkeep
|
|t:|1757929287
|switch|p1a: Steven|Dragapult, M|88/100
|turn|26
|
|t:|1757929294
|move|p1a: Steven|U-turn|p2a: Alomomola
|-damage|p2a: Alomomola|69/100
|
|t:|1757929296
|switch|p1a: Michael|Great Tusk|86/100|[from] U-turn
|move|p2a: Alomomola|Flip Turn|p1a: Michael
|-supereffective|p1a: Michael
|-damage|p1a: Michael|67/100
|
|t:|1757929305
|switch|p2a: Kyurem|Kyurem|84/100|[from] Flip Turn
|-ability|p2a: Kyurem|Pressure
|
|upkeep
|turn|27
|
|t:|1757929309
|-terastallize|p1a: Michael|Water
|move|p2a: Kyurem|Ice Beam|p1a: Michael
|-resisted|p1a: Michael
|-crit|p1a: Michael
|-damage|p1a: Michael|0 fnt
|faint|p1a: Michael
|-end|p1a: Michael|Protosynthesis|[silent]
|
|upkeep
|-message|TheJobApplication forfeited.
|
|win|c3rrot
|raw|TheJobApplication's rating: 1392 &rarr; <strong>1378</strong><br />(-14 for losing)
|raw|c3rrot's rating: 1508 &rarr; <strong>1522</strong><br />(+14 for winning)
|l|☆TheJobApplication
|player|p1|
|l|☆c3rrot
|player|p2|
