|j|☆SSStyl1sh
|j|☆zticma
|t:|1757913108
|gametype|singles
|player|p1|SSStyl1sh|giovanni|1236
|player|p2|zticma|101|1258
|gen|9
|tier|[Gen 9] OU
|rated|
|rule|HP Percentage Mod: HP is shown in percentages
|rule|Endless Battle Clause: Forcing endless battles is banned
|rule|Species Clause: Limit one of each Pokémon
|rule|OHKO Clause: OHKO moves are banned
|rule|Evasion Items Clause: Evasion items are banned
|rule|Evasion Moves Clause: Evasion moves are banned
|rule|Evasion Abilities Clause: Evasion abilities are banned
|rule|Sleep Moves Clause: Sleep-inducing moves are banned
|clearpoke
|poke|p1|Araquanid, M|
|poke|p1|Crawdaunt, F|
|poke|p1|Tornadus-Therian, M|
|poke|p1|Ting-Lu|
|poke|p1|Gholdengo|
|poke|p1|Great Tusk|
|poke|p2|Slowking, F|
|poke|p2|Great Tusk|
|poke|p2|Raging Bolt|
|poke|p2|Rillaboom, F|
|poke|p2|Enamorus, F|
|poke|p2|Pecharunt|
|teampreview
|inactive|Battle timer is ON: inactive players will automatically lose when time's up. (requested by zticma)
|
|t:|1757913124
|teamsize|p1|6
|teamsize|p2|6
|start
|switch|p1a: Araquanid|Araquanid, M|100/100
|switch|p2a: Rillaboom|Rillaboom, F|100/100
|-fieldstart|move: Grassy Terrain|[from] ability: Grassy Surge|[of] p2a: Rillaboom
|turn|1
|
|t:|1757913138
|move|p2a: Rillaboom|Wood Hammer|p1a: Araquanid
|-damage|p1a: Araquanid|0 fnt
|faint|p1a: Araquanid
|-damage|p2a: Rillaboom|68/100|[from] Recoil
|
|-heal|p2a: Rillaboom|74/100|[from] Grassy Terrain
|upkeep
|
|t:|1757913147
|switch|p1a: Tornadus|Tornadus-Therian, M|100/100
|turn|2
|
|t:|1757913153
|switch|p2a: Slowking|Slowking, F, shiny|100/100
|move|p1a: Tornadus|U-turn|p2a: Slowking
|-supereffective|p2a: Slowking
|-damage|p2a: Slowking|73/100
|
|t:|1757913158
|switch|p1a: Crawdaunt|Crawdaunt, F|100/100|[from] U-turn
|
|-heal|p2a: Slowking|79/100|[from] Grassy Terrain
|upkeep
|turn|3
|
|t:|1757913179
|move|p1a: Crawdaunt|Knock Off|p2a: Slowking
|-supereffective|p2a: Slowking
|-damage|p2a: Slowking|0 fnt
|-enditem|p2a: Slowking|Heavy-Duty Boots|[from] move: Knock Off|[of] p1a: Crawdaunt
|faint|p2a: Slowking
|
|upkeep
|
|t:|1757913188
|switch|p2a: Rillaboom|Rillaboom, F|74/100
|turn|4
|
|t:|1757913200
|switch|p1a: Tornadus|Tornadus-Therian, M|100/100
|move|p2a: Rillaboom|Wood Hammer|p1a: Tornadus
|-resisted|p1a: Tornadus
|-damage|p1a: Tornadus|21/100
|-damage|p2a: Rillaboom|50/100|[from] Recoil
|
|-heal|p2a: Rillaboom|56/100|[from] Grassy Terrain
|upkeep
|turn|5
|
|t:|1757913230
|switch|p2a: Raging Bolt|Raging Bolt|100/100
|move|p1a: Tornadus|U-turn|p2a: Raging Bolt
|-damage|p2a: Raging Bolt|88/100
|inactive|SSStyl1sh has 120 seconds left.
|
|t:|1757913242
|switch|p1a: Ting-Lu|Ting-Lu|100/100|[from] U-turn
|-ability|p1a: Ting-Lu|Vessel of Ruin
|
|-heal|p2a: Raging Bolt|94/100|[from] Grassy Terrain
|-fieldend|move: Grassy Terrain
|upkeep
|turn|6
|
|t:|1757913250
|-end|p2a: Raging Bolt|Protosynthesis|[silent]
|switch|p2a: Rillaboom|Rillaboom, F|56/100
|-fieldstart|move: Grassy Terrain|[from] ability: Grassy Surge|[of] p2a: Rillaboom
|move|p1a: Ting-Lu|Ruination|p2a: Rillaboom
|-damage|p2a: Rillaboom|28/100
|
|-heal|p2a: Rillaboom|35/100|[from] Grassy Terrain
|upkeep
|turn|7
|
|t:|1757913257
|move|p2a: Rillaboom|Wood Hammer|p1a: Ting-Lu
|-supereffective|p1a: Ting-Lu
|-damage|p1a: Ting-Lu|0 fnt
|faint|p1a: Ting-Lu
|-damage|p2a: Rillaboom|0 fnt|[from] Recoil
|faint|p2a: Rillaboom
|
|upkeep
|
|t:|1757913267
|switch|p2a: Enamorus|Enamorus, F|100/100
|switch|p1a: Tornadus|Tornadus-Therian, M|54/100
|turn|8
|
|t:|1757913277
|-terastallize|p2a: Enamorus|Fairy
|move|p2a: Enamorus|Moonblast|p1a: Tornadus
|-damage|p1a: Tornadus|0 fnt
|faint|p1a: Tornadus
|
|upkeep
|
|t:|1757913292
|switch|p1a: Gholdengo|Gholdengo|100/100
|-item|p1a: Gholdengo|Air Balloon
|turn|9
|
|t:|1757913299
|switch|p2a: Raging Bolt|Raging Bolt|94/100
|move|p1a: Gholdengo|Nasty Plot|p1a: Gholdengo
|-boost|p1a: Gholdengo|spa|2
|
|-heal|p2a: Raging Bolt|99/100|[from] Grassy Terrain
|upkeep
|turn|10
|
|t:|1757913304
|move|p1a: Gholdengo|Shadow Ball|p2a: Raging Bolt
|-damage|p2a: Raging Bolt|36/100
|move|p2a: Raging Bolt|Volt Switch|p1a: Gholdengo
|-damage|p1a: Gholdengo|25/100
|-enditem|p1a: Gholdengo|Air Balloon
|
|t:|1757913311
|-end|p2a: Raging Bolt|Protosynthesis|[silent]
|switch|p2a: Great Tusk|Great Tusk|100/100|[from] Volt Switch
|
|-heal|p1a: Gholdengo|31/100|[from] Grassy Terrain
|-fieldend|move: Grassy Terrain
|upkeep
|turn|11
|
|t:|1757913321
|move|p2a: Great Tusk|Headlong Rush|p1a: Gholdengo
|-supereffective|p1a: Gholdengo
|-damage|p1a: Gholdengo|0 fnt
|-unboost|p2a: Great Tusk|def|1
|-unboost|p2a: Great Tusk|spd|1
|faint|p1a: Gholdengo
|
|upkeep
|
|t:|1757913327
|switch|p1a: Crawdaunt|Crawdaunt, F|100/100
|turn|12
|
|t:|1757913335
|move|p1a: Crawdaunt|Aqua Jet|p2a: Great Tusk
|-supereffective|p2a: Great Tusk
|-damage|p2a: Great Tusk|13/100
|move|p2a: Great Tusk|Headlong Rush|p1a: Crawdaunt
|-damage|p1a: Crawdaunt|13/100
|-unboost|p2a: Great Tusk|def|1
|-unboost|p2a: Great Tusk|spd|1
|
|-heal|p2a: Great Tusk|19/100|[from] item: Leftovers
|upkeep
|turn|13
|
|t:|1757913342
|move|p1a: Crawdaunt|Aqua Jet|p2a: Great Tusk
|-supereffective|p2a: Great Tusk
|-damage|p2a: Great Tusk|0 fnt
|faint|p2a: Great Tusk
|-end|p2a: Great Tusk|Protosynthesis|[silent]
|
|upkeep
|
|t:|1757913345
|switch|p2a: Enamorus|Enamorus, F, tera:Fairy|100/100
|turn|14
|
|t:|1757913351
|-terastallize|p1a: Crawdaunt|Water
|move|p1a: Crawdaunt|Aqua Jet|p2a: Enamorus
|-damage|p2a: Enamorus|23/100
|move|p2a: Enamorus|Moonblast|p1a: Crawdaunt
|-damage|p1a: Crawdaunt|0 fnt
|faint|p1a: Crawdaunt
|
|upkeep
|
|t:|1757913361
|switch|p1a: Great Tusk|Great Tusk|100/100
|turn|15
|
|t:|1757913366
|move|p2a: Enamorus|Moonblast|p1a: Great Tusk
|-supereffective|p1a: Great Tusk
|-damage|p1a: Great Tusk|0 fnt
|faint|p1a: Great Tusk
|-end|p1a: Great Tusk|Protosynthesis|[silent]
|
|win|zticma
|raw|SSStyl1sh's rating: 1236 &rarr; <strong>1213</strong><br />(-23 for losing)
|raw|zticma's rating: 1258 &rarr; <strong>1281</strong><br />(+23 for winning)
|l|☆SSStyl1sh
|player|p1|
|l|☆zticma
|player|p2|
