|j|☆heatedrhombus
|j|☆miscellandorus
|t:|1757912052
|gametype|singles
|player|p1|heatedrhombus|2|1373
|player|p2|miscellandorus|265|1321
|gen|9
|tier|[Gen 9] OU
|rated|
|rule|HP Percentage Mod: HP is shown in percentages
|rule|Endless Battle Clause: Forcing endless battles is banned
|rule|Species Clause: Limit one of each Pokémon
|rule|OHKO Clause: OHKO moves are banned
|rule|Evasion Items Clause: Evasion items are banned
|rule|Evasion Moves Clause: Evasion moves are banned
|rule|Evasion Abilities Clause: Evasion abilities are banned
|rule|Sleep Moves Clause: Sleep-inducing moves are banned
|clearpoke
|poke|p1|Entei|
|poke|p1|Kyurem|
|poke|p1|Samurott-Hisui, F|
|poke|p1|Zapdos|
|poke|p1|Darkrai|
|poke|p1|Great Tusk|
|poke|p2|Rillaboom, F|
|poke|p2|Jirachi|
|poke|p2|Alomomola, F|
|poke|p2|Tauros-Paldea-Blaze, M|
|poke|p2|Bellibolt, M|
|poke|p2|Gliscor, M|
|teampreview
|inactive|Battle timer is ON: inactive players will automatically lose when time's up. (requested by heatedrhombus)
|
|t:|1757912067
|teamsize|p1|6
|teamsize|p2|6
|start
|switch|p1a: Zapdos|Zapdos|100/100
|switch|p2a: Gliscor|Gliscor, M|100/100
|turn|1
|
|t:|1757912070
|switch|p1a: Samurott|Samurott-Hisui, F|100/100
|move|p2a: Gliscor|Toxic|p1a: Samurott
|-status|p1a: Samurott|tox
|
|-damage|p1a: Samurott|94/100 tox|[from] psn
|-status|p2a: Gliscor|tox|[from] item: Toxic Orb
|upkeep
|turn|2
|
|t:|1757912077
|move|p2a: Gliscor|Substitute|p2a: Gliscor
|-start|p2a: Gliscor|Substitute
|-damage|p2a: Gliscor|75/100 tox
|move|p1a: Samurott|Ceaseless Edge|p2a: Gliscor
|-end|p2a: Gliscor|Substitute
|-sidestart|p2: miscellandorus|Spikes
|
|-heal|p2a: Gliscor|88/100 tox|[from] ability: Poison Heal
|-damage|p1a: Samurott|82/100 tox|[from] psn
|upkeep
|turn|3
|
|t:|1757912081
|move|p2a: Gliscor|Protect|p2a: Gliscor
|-singleturn|p2a: Gliscor|Protect
|move|p1a: Samurott|Ceaseless Edge|p2a: Gliscor
|-activate|p2a: Gliscor|move: Protect
|
|-heal|p2a: Gliscor|100/100 tox|[from] ability: Poison Heal
|-damage|p1a: Samurott|63/100 tox|[from] psn
|upkeep
|turn|4
|
|t:|1757912083
|move|p2a: Gliscor|Substitute|p2a: Gliscor
|-start|p2a: Gliscor|Substitute
|-damage|p2a: Gliscor|75/100 tox
|move|p1a: Samurott|Ceaseless Edge|p2a: Gliscor|[miss]
|-miss|p1a: Samurott|p2a: Gliscor
|
|-heal|p2a: Gliscor|88/100 tox|[from] ability: Poison Heal
|-damage|p1a: Samurott|38/100 tox|[from] psn
|upkeep
|turn|5
|
|t:|1757912087
|move|p2a: Gliscor|Protect|p2a: Gliscor
|-singleturn|p2a: Gliscor|Protect
|move|p1a: Samurott|Ceaseless Edge|p2a: Gliscor
|-activate|p2a: Gliscor|move: Protect
|
|-heal|p2a: Gliscor|100/100 tox|[from] ability: Poison Heal
|-damage|p1a: Samurott|7/100 tox|[from] psn
|upkeep
|turn|6
|
|t:|1757912091
|move|p2a: Gliscor|Earthquake|p1a: Samurott
|-damage|p1a: Samurott|0 fnt
|faint|p1a: Samurott
|
|upkeep
|
|t:|1757912096
|switch|p1a: Kyurem|Kyurem|100/100
|-ability|p1a: Kyurem|Pressure
|turn|7
|
|t:|1757912100
|switch|p2a: Tauros|Tauros-Paldea-Blaze, M|100/100
|-damage|p2a: Tauros|88/100|[from] Spikes
|-ability|p2a: Tauros|Intimidate|boost
|-unboost|p1a: Kyurem|atk|1
|move|p1a: Kyurem|Freeze-Dry|p2a: Tauros
|-resisted|p2a: Tauros
|-damage|p2a: Tauros|66/100
|
|-heal|p2a: Tauros|72/100|[from] item: Leftovers
|upkeep
|turn|8
|
|t:|1757912109
|switch|p1a: Zapdos|Zapdos|100/100
|switch|p2a: Bellibolt|Bellibolt, M|100/100
|
|upkeep
|turn|9
|
|t:|1757912116
|switch|p1a: Great Tusk|Great Tusk|100/100
|move|p2a: Bellibolt|Soak|p1a: Great Tusk
|-start|p1a: Great Tusk|typechange|Water
|
|upkeep
|turn|10
|
|t:|1757912121
|move|p1a: Great Tusk|Earthquake|p2a: Bellibolt
|-supereffective|p2a: Bellibolt
|-damage|p2a: Bellibolt|40/100
|-start|p2a: Bellibolt|Charge|Earthquake|[from] ability: Electromorphosis
|move|p2a: Bellibolt|Parabolic Charge|p1a: Great Tusk
|-supereffective|p1a: Great Tusk
|-damage|p1a: Great Tusk|0 fnt
|-heal|p2a: Bellibolt|84/100|[from] drain|[of] p1a: Great Tusk
|faint|p1a: Great Tusk
|-end|p1a: Great Tusk|Protosynthesis|[silent]
|-end|p2a: Bellibolt|Charge|[silent]
|
|upkeep
|
|t:|1757912125
|switch|p1a: Darkrai|Darkrai|100/100
|turn|11
|
|t:|1757912127
|move|p1a: Darkrai|Nasty Plot|p1a: Darkrai
|-boost|p1a: Darkrai|spa|2
|move|p2a: Bellibolt|Toxic|p1a: Darkrai
|-status|p1a: Darkrai|tox
|
|-damage|p1a: Darkrai|94/100 tox|[from] psn
|upkeep
|turn|12
|
|t:|1757912130
|move|p1a: Darkrai|Dark Pulse|p2a: Bellibolt
|-damage|p2a: Bellibolt|23/100
|-start|p2a: Bellibolt|Charge|Dark Pulse|[from] ability: Electromorphosis
|move|p2a: Bellibolt|Parabolic Charge|p1a: Darkrai
|-damage|p1a: Darkrai|30/100 tox
|-heal|p2a: Bellibolt|45/100|[from] drain|[of] p1a: Darkrai
|-end|p2a: Bellibolt|Charge|[silent]
|
|-damage|p1a: Darkrai|18/100 tox|[from] psn
|upkeep
|turn|13
|
|t:|1757912140
|switch|p2a: Alomomola|Alomomola, F|100/100
|move|p1a: Darkrai|Dark Pulse|p2a: Alomomola
|-damage|p2a: Alomomola|30/100
|
|-damage|p1a: Darkrai|0 fnt|[from] psn
|faint|p1a: Darkrai
|upkeep
|
|t:|1757912144
|switch|p1a: Kyurem|Kyurem|100/100
|-ability|p1a: Kyurem|Pressure
|turn|14
|
|t:|1757912150
|move|p2a: Alomomola|Protect|p2a: Alomomola
|-singleturn|p2a: Alomomola|Protect
|move|p1a: Kyurem|Dragon Dance|p1a: Kyurem
|-boost|p1a: Kyurem|atk|1
|-boost|p1a: Kyurem|spe|1
|
|upkeep
|turn|15
|
|t:|1757912158
|move|p1a: Kyurem|Freeze-Dry|p2a: Alomomola
|-supereffective|p2a: Alomomola
|-damage|p2a: Alomomola|0 fnt
|faint|p2a: Alomomola
|
|upkeep
|
|t:|1757912162
|switch|p2a: Tauros|Tauros-Paldea-Blaze, M|72/100
|-damage|p2a: Tauros|60/100|[from] Spikes
|-ability|p2a: Tauros|Intimidate|boost
|-unboost|p1a: Kyurem|atk|1
|turn|16
|
|t:|1757912167
|switch|p1a: Zapdos|Zapdos|100/100
|move|p2a: Tauros|Protect||[still]
|-fail|p2a: Tauros
|
|-heal|p2a: Tauros|66/100|[from] item: Leftovers
|upkeep
|turn|17
|
|t:|1757912172
|move|p2a: Tauros|Protect|p2a: Tauros
|-singleturn|p2a: Tauros|Protect
|move|p1a: Zapdos|Volt Switch|p2a: Tauros
|-activate|p2a: Tauros|move: Protect
|
|-heal|p2a: Tauros|72/100|[from] item: Leftovers
|upkeep
|turn|18
|
|t:|1757912180
|switch|p2a: Jirachi|Jirachi|100/100
|-damage|p2a: Jirachi|88/100|[from] Spikes
|move|p1a: Zapdos|Hurricane|p2a: Jirachi
|-resisted|p2a: Jirachi
|-damage|p2a: Jirachi|62/100
|-start|p2a: Jirachi|confusion
|
|-heal|p2a: Jirachi|68/100|[from] item: Leftovers
|upkeep
|turn|19
|
|t:|1757912192
|-activate|p2a: Jirachi|confusion
|-damage|p2a: Jirachi|60/100|[from] confusion
|move|p1a: Zapdos|Thunder Wave|p2a: Jirachi
|-status|p2a: Jirachi|par
|
|-heal|p2a: Jirachi|66/100 par|[from] item: Leftovers
|upkeep
|turn|20
|
|t:|1757912196
|move|p1a: Zapdos|Volt Switch|p2a: Jirachi
|-damage|p2a: Jirachi|34/100 par
|
|t:|1757912197
|switch|p1a: Entei|Entei|100/100|[from] Volt Switch
|-ability|p1a: Entei|Pressure
|-end|p2a: Jirachi|confusion
|move|p2a: Jirachi|Psychic Noise|p1a: Entei
|-damage|p1a: Entei|65/100
|-start|p1a: Entei|move: Heal Block
|
|-heal|p2a: Jirachi|40/100 par|[from] item: Leftovers
|upkeep
|turn|21
|
|t:|1757912216
|move|p1a: Entei|Body Slam|p2a: Jirachi
|-resisted|p2a: Jirachi
|-damage|p2a: Jirachi|24/100 par
|move|p2a: Jirachi|Psychic Noise|p1a: Entei
|-damage|p1a: Entei|30/100
|
|-heal|p2a: Jirachi|30/100 par|[from] item: Leftovers
|-end|p1a: Entei|move: Heal Block
|upkeep
|turn|22
|
|t:|1757912222
|move|p1a: Entei|Sacred Fire|p2a: Jirachi
|-supereffective|p2a: Jirachi
|-damage|p2a: Jirachi|0 fnt
|faint|p2a: Jirachi
|
|upkeep
|
|t:|1757912226
|switch|p2a: Gliscor|Gliscor, M|100/100 tox
|turn|23
|
|t:|1757912231
|move|p2a: Gliscor|Earthquake|p1a: Entei
|-supereffective|p1a: Entei
|-damage|p1a: Entei|0 fnt
|faint|p1a: Entei
|
|upkeep
|
|t:|1757912232
|switch|p1a: Kyurem|Kyurem|100/100
|-ability|p1a: Kyurem|Pressure
|turn|24
|
|t:|1757912238
|move|p2a: Gliscor|Toxic|p1a: Kyurem
|-status|p1a: Kyurem|tox
|move|p1a: Kyurem|Dragon Dance|p1a: Kyurem
|-boost|p1a: Kyurem|atk|1
|-boost|p1a: Kyurem|spe|1
|
|-damage|p1a: Kyurem|94/100 tox|[from] psn
|upkeep
|turn|25
|
|t:|1757912244
|move|p1a: Kyurem|Dragon Dance|p1a: Kyurem
|-boost|p1a: Kyurem|atk|1
|-boost|p1a: Kyurem|spe|1
|move|p2a: Gliscor|Substitute|p2a: Gliscor
|-start|p2a: Gliscor|Substitute
|-damage|p2a: Gliscor|75/100 tox
|
|-damage|p1a: Kyurem|82/100 tox|[from] psn
|-heal|p2a: Gliscor|88/100 tox|[from] ability: Poison Heal
|upkeep
|turn|26
|
|t:|1757912246
|move|p2a: Gliscor|Protect|p2a: Gliscor
|-singleturn|p2a: Gliscor|Protect
|move|p1a: Kyurem|Dragon Dance|p1a: Kyurem
|-boost|p1a: Kyurem|atk|1
|-boost|p1a: Kyurem|spe|1
|
|-damage|p1a: Kyurem|64/100 tox|[from] psn
|-heal|p2a: Gliscor|100/100 tox|[from] ability: Poison Heal
|upkeep
|turn|27
|
|t:|1757912261
|move|p2a: Gliscor|Protect||[still]
|-fail|p2a: Gliscor
|move|p1a: Kyurem|Icicle Spear|p2a: Gliscor
|-supereffective|p2a: Gliscor
|-end|p2a: Gliscor|Substitute
|-supereffective|p2a: Gliscor
|-damage|p2a: Gliscor|0 fnt
|faint|p2a: Gliscor
|-hitcount|p2: Gliscor|2
|
|-damage|p1a: Kyurem|39/100 tox|[from] psn
|upkeep
|
|t:|1757912265
|switch|p2a: Tauros|Tauros-Paldea-Blaze, M|72/100
|-damage|p2a: Tauros|60/100|[from] Spikes
|-ability|p2a: Tauros|Intimidate|boost
|-unboost|p1a: Kyurem|atk|1
|turn|28
|
|t:|1757912272
|switch|p1a: Zapdos|Zapdos|100/100
|move|p2a: Tauros|Protect||[still]
|-fail|p2a: Tauros
|
|-heal|p2a: Tauros|66/100|[from] item: Leftovers
|upkeep
|turn|29
|
|t:|1757912276
|switch|p2a: Rillaboom|Rillaboom, F|100/100
|-damage|p2a: Rillaboom|88/100|[from] Spikes
|-fieldstart|move: Grassy Terrain|[from] ability: Grassy Surge|[of] p2a: Rillaboom
|move|p1a: Zapdos|Hurricane|p2a: Rillaboom
|-supereffective|p2a: Rillaboom
|-damage|p2a: Rillaboom|0 fnt
|faint|p2a: Rillaboom
|
|upkeep
|
|t:|1757912279
|switch|p2a: Bellibolt|Bellibolt, M|45/100
|turn|30
|
|t:|1757912286
|move|p1a: Zapdos|Hurricane|p2a: Bellibolt|[miss]
|-miss|p1a: Zapdos|p2a: Bellibolt
|move|p2a: Bellibolt|Slack Off|p2a: Bellibolt
|-heal|p2a: Bellibolt|95/100
|
|-heal|p2a: Bellibolt|100/100|[from] Grassy Terrain
|upkeep
|turn|31
|
|t:|1757912290
|move|p1a: Zapdos|Volt Switch|p2a: Bellibolt
|-resisted|p2a: Bellibolt
|-damage|p2a: Bellibolt|91/100
|-start|p2a: Bellibolt|Charge|Volt Switch|[from] ability: Electromorphosis
|
|t:|1757912291
|switch|p1a: Kyurem|Kyurem|39/100 tox|[from] Volt Switch
|-ability|p1a: Kyurem|Pressure
|move|p2a: Bellibolt|Toxic|p1a: Kyurem
|-fail|p1a: Kyurem|tox
|
|-heal|p1a: Kyurem|45/100 tox|[from] Grassy Terrain
|-heal|p2a: Bellibolt|97/100|[from] Grassy Terrain
|-damage|p1a: Kyurem|39/100 tox|[from] psn
|upkeep
|turn|32
|
|t:|1757912296
|move|p1a: Kyurem|Icicle Spear|p2a: Bellibolt
|-damage|p2a: Bellibolt|86/100
|-start|p2a: Bellibolt|Charge|Icicle Spear|[from] ability: Electromorphosis
|-damage|p2a: Bellibolt|74/100
|-start|p2a: Bellibolt|Charge|Icicle Spear|[from] ability: Electromorphosis
|-hitcount|p2a: Bellibolt|2
|move|p2a: Bellibolt|Soak|p1a: Kyurem
|-start|p1a: Kyurem|typechange|Water
|
|-heal|p1a: Kyurem|45/100 tox|[from] Grassy Terrain
|-heal|p2a: Bellibolt|80/100|[from] Grassy Terrain
|-damage|p1a: Kyurem|33/100 tox|[from] psn
|upkeep
|turn|33
|
|t:|1757912300
|switch|p1a: Zapdos|Zapdos|100/100
|move|p2a: Bellibolt|Parabolic Charge|p1a: Zapdos
|-damage|p1a: Zapdos|55/100
|-heal|p2a: Bellibolt|100/100|[from] drain|[of] p1a: Zapdos
|-end|p2a: Bellibolt|Charge|[silent]
|
|upkeep
|turn|34
|-message|heatedrhombus forfeited.
|
|win|miscellandorus
|raw|heatedrhombus's rating: 1392 &rarr; <strong>1368</strong><br />(-24 for losing)
|raw|miscellandorus's rating: 1321 &rarr; <strong>1345</strong><br />(+24 for winning)
|l|☆heatedrhombus
|player|p1|
|l|☆miscellandorus
|player|p2|
