|j|☆YQMXLL
|j|☆SirToppinIIEsquire
|t:|1757926292
|gametype|singles
|player|p1|YQMXLL|101|1509
|player|p2|SirToppinIIEsquire|101|1470
|gen|9
|tier|[Gen 9] OU
|rated|
|rule|HP Percentage Mod: HP is shown in percentages
|rule|Endless Battle Clause: Forcing endless battles is banned
|rule|Species Clause: Limit one of each Pokémon
|rule|OHKO Clause: OHKO moves are banned
|rule|Evasion Items Clause: Evasion items are banned
|rule|Evasion Moves Clause: Evasion moves are banned
|rule|Evasion Abilities Clause: Evasion abilities are banned
|rule|Sleep Moves Clause: Sleep-inducing moves are banned
|clearpoke
|poke|p1|Alomomola, F|
|poke|p1|Dondozo, M|
|poke|p1|Gliscor, M|
|poke|p1|Toxapex, M|
|poke|p1|Corviknight, F|
|poke|p1|Chansey, F|
|poke|p2|Heatran, M|
|poke|p2|Slither Wing|
|poke|p2|Moltres-Galar|
|poke|p2|Iron Treads|
|poke|p2|Slowking, F|
|poke|p2|Ogerpon, F|
|teampreview
|inactive|Battle timer is ON: inactive players will automatically lose when time's up. (requested by SirToppinIIEsquire)
|
|t:|1757926321
|teamsize|p1|6
|teamsize|p2|6
|start
|switch|p1a: Toxapex|Toxapex, M|100/100
|switch|p2a: Ogerpon|Ogerpon, F|100/100
|turn|1
|
|t:|1757926342
|move|p1a: Toxapex|Baneful Bunker|p1a: Toxapex
|-singleturn|p1a: Toxapex|move: Protect
|move|p2a: Ogerpon|Ivy Cudgel|p1a: Toxapex
|-activate|p1a: Toxapex|move: Protect
|
|upkeep
|turn|2
|
|t:|1757926357
|move|p2a: Ogerpon|Ivy Cudgel|p1a: Toxapex
|-damage|p1a: Toxapex|45/100
|move|p1a: Toxapex|Toxic Spikes|p2a: Ogerpon
|-sidestart|p2: SirToppinIIEsquire|move: Toxic Spikes
|
|upkeep
|turn|3
|
|t:|1757926366
|move|p1a: Toxapex|Baneful Bunker|p1a: Toxapex
|-singleturn|p1a: Toxapex|move: Protect
|move|p2a: Ogerpon|Ivy Cudgel|p1a: Toxapex
|-activate|p1a: Toxapex|move: Protect
|
|upkeep
|turn|4
|
|t:|1757926370
|switch|p1a: Corviknight|Corviknight, F|100/100
|-ability|p1a: Corviknight|Pressure
|move|p2a: Ogerpon|Ivy Cudgel|p1a: Corviknight
|-resisted|p1a: Corviknight
|-damage|p1a: Corviknight|89/100
|
|upkeep
|turn|5
|
|t:|1757926385
|switch|p2a: Iron Treads|Iron Treads|100/100
|move|p1a: Corviknight|Body Press|p2a: Iron Treads
|-supereffective|p2a: Iron Treads
|-crit|p2a: Iron Treads
|-damage|p2a: Iron Treads|44/100
|
|-heal|p2a: Iron Treads|50/100|[from] item: Leftovers
|upkeep
|turn|6
|
|t:|1757926396
|-end|p2a: Iron Treads|Quark Drive|[silent]
|switch|p2a: Slowking|Slowking, F|100/100
|move|p1a: Corviknight|Body Press|p2a: Slowking
|-resisted|p2a: Slowking
|-damage|p2a: Slowking|87/100
|
|upkeep
|turn|7
|
|t:|1757926404
|switch|p1a: Alomomola|Alomomola, F|100/100
|move|p2a: Slowking|Thunder Wave|p1a: Alomomola
|-status|p1a: Alomomola|par
|
|upkeep
|turn|8
|
|t:|1757926410
|switch|p1a: Chansey|Chansey, F|100/100
|move|p2a: Slowking|Future Sight|p1a: Chansey
|-start|p2a: Slowking|move: Future Sight
|
|upkeep
|turn|9
|
|t:|1757926416
|move|p1a: Chansey|Heal Bell|p1a: Chansey
|-activate|p1a: Chansey|move: Heal Bell
|-curestatus|p1: Alomomola|par|[msg]
|-prepare|p2a: Slowking|Chilly Reception|[premajor]
|move|p2a: Slowking|Chilly Reception|p2a: Slowking
|-weather|Snowscape
|
|t:|1757926433
|switch|p2a: Iron Treads|Iron Treads|50/100|[from] Chilly Reception
|
|-weather|Snowscape|[upkeep]
|-heal|p2a: Iron Treads|56/100|[from] item: Leftovers
|upkeep
|turn|10
|
|t:|1757926440
|switch|p1a: Alomomola|Alomomola, F|100/100
|move|p2a: Iron Treads|Rapid Spin|p1a: Alomomola
|-damage|p1a: Alomomola|92/100
|-boost|p2a: Iron Treads|spe|1
|-sideend|p2: SirToppinIIEsquire|Toxic Spikes|[from] move: Rapid Spin|[of] p2a: Iron Treads
|
|-weather|Snowscape|[upkeep]
|-end|p1a: Alomomola|move: Future Sight
|-damage|p1a: Alomomola|57/100
|-heal|p2a: Iron Treads|62/100|[from] item: Leftovers
|upkeep
|turn|11
|
|t:|1757926454
|move|p2a: Iron Treads|Stealth Rock|p1a: Alomomola
|-sidestart|p1: YQMXLL|move: Stealth Rock
|move|p1a: Alomomola|Flip Turn|p2a: Iron Treads
|-supereffective|p2a: Iron Treads
|-damage|p2a: Iron Treads|36/100
|
|t:|1757926459
|switch|p1a: Corviknight|Corviknight, F|89/100|[from] Flip Turn
|-ability|p1a: Corviknight|Pressure
|
|-weather|Snowscape|[upkeep]
|-heal|p2a: Iron Treads|42/100|[from] item: Leftovers
|upkeep
|turn|12
|
|t:|1757926474
|-end|p2a: Iron Treads|Quark Drive|[silent]
|switch|p2a: Moltres|Moltres-Galar|100/100
|move|p1a: Corviknight|Defog|p2a: Moltres
|-unboost|p2a: Moltres|evasion|1
|-sideend|p1: YQMXLL|Stealth Rock|[from] move: Defog|[of] p1a: Corviknight
|
|-weather|Snowscape|[upkeep]
|upkeep
|turn|13
|
|t:|1757926485
|switch|p1a: Toxapex|Toxapex, M|78/100
|move|p2a: Moltres|Fiery Wrath|p1a: Toxapex
|-damage|p1a: Toxapex|51/100
|
|-weather|none
|upkeep
|turn|14
|
|t:|1757926495
|move|p2a: Moltres|Nasty Plot|p2a: Moltres
|-boost|p2a: Moltres|spa|2
|move|p1a: Toxapex|Toxic|p2a: Moltres
|-status|p2a: Moltres|tox
|
|-damage|p2a: Moltres|94/100 tox|[from] psn
|upkeep
|turn|15
|
|t:|1757926502
|switch|p1a: Chansey|Chansey, F|100/100
|move|p2a: Moltres|Agility|p2a: Moltres
|-boost|p2a: Moltres|spe|2
|
|-damage|p2a: Moltres|82/100 tox|[from] psn
|upkeep
|turn|16
|
|t:|1757926507
|switch|p2a: Ogerpon|Ogerpon, F|100/100
|move|p1a: Chansey|Calm Mind|p1a: Chansey
|-boost|p1a: Chansey|spa|1
|-boost|p1a: Chansey|spd|1
|
|upkeep
|turn|17
|
|t:|1757926514
|switch|p1a: Corviknight|Corviknight, F|89/100
|-ability|p1a: Corviknight|Pressure
|move|p2a: Ogerpon|Knock Off|p1a: Corviknight
|-damage|p1a: Corviknight|60/100
|-enditem|p1a: Corviknight|Heavy-Duty Boots|[from] move: Knock Off|[of] p2a: Ogerpon
|
|upkeep
|turn|18
|
|t:|1757926523
|switch|p2a: Slowking|Slowking, F|100/100
|move|p1a: Corviknight|Roost|p1a: Corviknight
|-heal|p1a: Corviknight|100/100
|-singleturn|p1a: Corviknight|move: Roost
|
|upkeep
|turn|19
|
|t:|1757926528
|switch|p1a: Gliscor|Gliscor, M|100/100
|-prepare|p2a: Slowking|Chilly Reception|[premajor]
|move|p2a: Slowking|Chilly Reception|p2a: Slowking
|-weather|Snowscape
|
|t:|1757926535
|switch|p2a: Slither Wing|Slither Wing|100/100|[from] Chilly Reception
|
|-weather|Snowscape|[upkeep]
|-status|p1a: Gliscor|tox|[from] item: Toxic Orb
|upkeep
|turn|20
|
|t:|1757926545
|switch|p1a: Toxapex|Toxapex, M|84/100
|move|p2a: Slither Wing|U-turn|p1a: Toxapex
|-resisted|p1a: Toxapex
|-damage|p1a: Toxapex|72/100
|
|t:|1757926558
|-end|p2a: Slither Wing|Protosynthesis|[silent]
|switch|p2a: Heatran|Heatran, M|100/100|[from] U-turn
|
|-weather|Snowscape|[upkeep]
|upkeep
|turn|21
|
|t:|1757926568
|move|p1a: Toxapex|Baneful Bunker|p1a: Toxapex
|-singleturn|p1a: Toxapex|move: Protect
|move|p2a: Heatran|Magma Storm|p1a: Toxapex
|-activate|p1a: Toxapex|move: Protect
|
|-weather|Snowscape|[upkeep]
|upkeep
|turn|22
|
|t:|1757926575
|switch|p1a: Alomomola|Alomomola, F|90/100
|move|p2a: Heatran|Magma Storm|p1a: Alomomola
|-resisted|p1a: Alomomola
|-damage|p1a: Alomomola|70/100
|-activate|p1a: Alomomola|move: Magma Storm|[of] p2a: Heatran
|
|-weather|Snowscape|[upkeep]
|-damage|p1a: Alomomola|58/100|[from] move: Magma Storm|[partiallytrapped]
|upkeep
|turn|23
|
|t:|1757926587
|switch|p2a: Slowking|Slowking, F|100/100
|move|p1a: Alomomola|Flip Turn|p2a: Slowking
|-resisted|p2a: Slowking
|-damage|p2a: Slowking|91/100
|
|t:|1757926591
|switch|p1a: Gliscor|Gliscor, M|100/100 tox|[from] Flip Turn
|
|-weather|none
|upkeep
|turn|24
|
|t:|1757926597
|move|p1a: Gliscor|Knock Off|p2a: Slowking
|-supereffective|p2a: Slowking
|-damage|p2a: Slowking|43/100
|-enditem|p2a: Slowking|Heavy-Duty Boots|[from] move: Knock Off|[of] p1a: Gliscor
|move|p2a: Slowking|Future Sight|p1a: Gliscor
|-start|p2a: Slowking|move: Future Sight
|
|upkeep
|turn|25
|
|t:|1757926603
|move|p1a: Gliscor|Taunt|p2a: Slowking
|-start|p2a: Slowking|move: Taunt
|-prepare|p2a: Slowking|Chilly Reception|[premajor]
|cant|p2a: Slowking|move: Taunt|Chilly Reception
|
|upkeep
|turn|26
|
|t:|1757926610
|switch|p1a: Alomomola|Alomomola, F|91/100
|move|p2a: Slowking|Scald|p1a: Alomomola
|-resisted|p1a: Alomomola
|-damage|p1a: Alomomola|80/100
|-status|p1a: Alomomola|brn
|
|-end|p1a: Alomomola|move: Future Sight
|-damage|p1a: Alomomola|50/100 brn
|-damage|p1a: Alomomola|44/100 brn|[from] brn
|upkeep
|turn|27
|
|t:|1757926617
|move|p1a: Alomomola|Flip Turn|p2a: Slowking
|-resisted|p2a: Slowking
|-damage|p2a: Slowking|39/100
|
|t:|1757926626
|switch|p1a: Toxapex|Toxapex, M|100/100|[from] Flip Turn
|move|p2a: Slowking|Future Sight|p1a: Toxapex
|-start|p2a: Slowking|move: Future Sight
|
|-end|p2a: Slowking|move: Taunt
|upkeep
|turn|28
|
|t:|1757926637
|switch|p1a: Gliscor|Gliscor, M|100/100 tox
|switch|p2a: Heatran|Heatran, M|100/100
|
|upkeep
|turn|29
|
|t:|1757926651
|switch|p1a: Alomomola|Alomomola, F|77/100 brn
|switch|p2a: Moltres|Moltres-Galar|82/100 tox
|
|-end|p1a: Alomomola|move: Future Sight
|-damage|p1a: Alomomola|46/100 brn
|-damage|p2a: Moltres|76/100 tox|[from] psn
|-damage|p1a: Alomomola|39/100 brn|[from] brn
|upkeep
|turn|30
|
|t:|1757926661
|switch|p1a: Chansey|Chansey, F|100/100
|move|p2a: Moltres|Fiery Wrath|p1a: Chansey
|-crit|p1a: Chansey
|-damage|p1a: Chansey|86/100
|
|-damage|p2a: Moltres|63/100 tox|[from] psn
|upkeep
|turn|31
|
|t:|1757926666
|switch|p2a: Slither Wing|Slither Wing|100/100
|move|p1a: Chansey|Heal Bell|p1a: Chansey
|-activate|p1a: Chansey|move: Heal Bell
|-curestatus|p1: Gliscor|tox|[msg]
|-curestatus|p1: Alomomola|brn|[msg]
|
|upkeep
|turn|32
|
|t:|1757926674
|switch|p1a: Toxapex|Toxapex, M|100/100
|move|p2a: Slither Wing|Will-O-Wisp|p1a: Toxapex|[miss]
|-miss|p2a: Slither Wing|p1a: Toxapex
|
|upkeep
|turn|33
|
|t:|1757926683
|-end|p2a: Slither Wing|Protosynthesis|[silent]
|switch|p2a: Iron Treads|Iron Treads|42/100
|move|p1a: Toxapex|Toxic Spikes|p2a: Iron Treads
|-sidestart|p2: SirToppinIIEsquire|move: Toxic Spikes
|
|-heal|p2a: Iron Treads|48/100|[from] item: Leftovers
|upkeep
|turn|34
|
|t:|1757926690
|switch|p1a: Gliscor|Gliscor, M|100/100
|move|p2a: Iron Treads|Stealth Rock|p1a: Gliscor
|-sidestart|p1: YQMXLL|move: Stealth Rock
|
|-heal|p2a: Iron Treads|54/100|[from] item: Leftovers
|-status|p1a: Gliscor|tox|[from] item: Toxic Orb
|upkeep
|turn|35
|
|t:|1757926697
|-end|p2a: Iron Treads|Quark Drive|[silent]
|switch|p2a: Slither Wing|Slither Wing|100/100
|move|p1a: Gliscor|Knock Off|p2a: Slither Wing
|-resisted|p2a: Slither Wing
|-damage|p2a: Slither Wing|93/100
|-enditem|p2a: Slither Wing|Heavy-Duty Boots|[from] move: Knock Off|[of] p1a: Gliscor
|
|upkeep
|turn|36
|
|t:|1757926705
|move|p1a: Gliscor|Stealth Rock|p2a: Slither Wing
|-sidestart|p2: SirToppinIIEsquire|move: Stealth Rock
|move|p2a: Slither Wing|U-turn|p1a: Gliscor
|-resisted|p1a: Gliscor
|-damage|p1a: Gliscor|88/100 tox
|
|t:|1757926719
|-end|p2a: Slither Wing|Protosynthesis|[silent]
|switch|p2a: Slowking|Slowking, F|72/100|[from] U-turn
|-status|p2a: Slowking|psn
|-damage|p2a: Slowking|60/100 psn|[from] Stealth Rock
|
|-heal|p1a: Gliscor|100/100 tox|[from] ability: Poison Heal
|-damage|p2a: Slowking|47/100 psn|[from] psn
|upkeep
|turn|37
|
|t:|1757926728
|move|p1a: Gliscor|Spikes|p2a: Slowking
|-sidestart|p2: SirToppinIIEsquire|Spikes
|move|p2a: Slowking|Future Sight|p1a: Gliscor
|-start|p2a: Slowking|move: Future Sight
|
|-damage|p2a: Slowking|35/100 psn|[from] psn
|upkeep
|turn|38
|
|t:|1757926744
|switch|p2a: Iron Treads|Iron Treads|54/100
|-damage|p2a: Iron Treads|51/100|[from] Stealth Rock
|-damage|p2a: Iron Treads|39/100|[from] Spikes
|move|p1a: Gliscor|Taunt|p2a: Iron Treads
|-start|p2a: Iron Treads|move: Taunt
|
|-heal|p2a: Iron Treads|45/100|[from] item: Leftovers
|upkeep
|turn|39
|
|t:|1757926758
|switch|p1a: Alomomola|Alomomola, F|73/100
|move|p2a: Iron Treads|Rapid Spin|p1a: Alomomola
|-damage|p1a: Alomomola|64/100
|-boost|p2a: Iron Treads|spe|1
|-sideend|p2: SirToppinIIEsquire|Spikes|[from] move: Rapid Spin|[of] p2a: Iron Treads
|-sideend|p2: SirToppinIIEsquire|Toxic Spikes|[from] move: Rapid Spin|[of] p2a: Iron Treads
|-sideend|p2: SirToppinIIEsquire|Stealth Rock|[from] move: Rapid Spin|[of] p2a: Iron Treads
|
|-end|p1a: Alomomola|move: Future Sight
|-damage|p1a: Alomomola|31/100
|-heal|p2a: Iron Treads|51/100|[from] item: Leftovers
|upkeep
|turn|40
|
|t:|1757926780
|-end|p2a: Iron Treads|Quark Drive|[silent]
|switch|p2a: Ogerpon|Ogerpon, F|100/100
|switch|p1a: Corviknight|Corviknight, F|100/100
|-damage|p1a: Corviknight|88/100|[from] Stealth Rock
|-ability|p1a: Corviknight|Pressure
|
|upkeep
|turn|41
|
|t:|1757926795
|move|p2a: Ogerpon|U-turn|p1a: Corviknight
|-resisted|p1a: Corviknight
|-damage|p1a: Corviknight|83/100
|
|t:|1757926798
|switch|p2a: Heatran|Heatran, M|100/100|[from] U-turn
|move|p1a: Corviknight|Defog|p2a: Heatran
|-unboost|p2a: Heatran|evasion|1
|-sideend|p1: YQMXLL|Stealth Rock|[from] move: Defog|[of] p1a: Corviknight
|
|upkeep
|turn|42
|
|t:|1757926814
|switch|p2a: Ogerpon|Ogerpon, F|100/100
|switch|p1a: Alomomola|Alomomola, F|64/100
|
|upkeep
|turn|43
|
|t:|1757926837
|switch|p1a: Corviknight|Corviknight, F|83/100
|-ability|p1a: Corviknight|Pressure
|move|p2a: Ogerpon|Low Kick|p1a: Corviknight
|-damage|p1a: Corviknight|60/100
|
|upkeep
|turn|44
|
|t:|1757926850
|switch|p2a: Slither Wing|Slither Wing|93/100
|move|p1a: Corviknight|Roost|p1a: Corviknight
|-heal|p1a: Corviknight|100/100
|-singleturn|p1a: Corviknight|move: Roost
|
|upkeep
|turn|45
|
|t:|1757926859
|switch|p1a: Gliscor|Gliscor, M|100/100 tox
|move|p2a: Slither Wing|U-turn|p1a: Gliscor
|-resisted|p1a: Gliscor
|-damage|p1a: Gliscor|88/100 tox
|
|t:|1757926867
|-end|p2a: Slither Wing|Protosynthesis|[silent]
|switch|p2a: Heatran|Heatran, M|100/100|[from] U-turn
|
|-heal|p1a: Gliscor|100/100 tox|[from] ability: Poison Heal
|upkeep
|turn|46
|
|t:|1757926878
|switch|p1a: Alomomola|Alomomola, F|98/100
|move|p2a: Heatran|Magma Storm|p1a: Alomomola|[miss]
|-miss|p2a: Heatran|p1a: Alomomola
|
|upkeep
|turn|47
|
|t:|1757926892
|move|p2a: Heatran|Will-O-Wisp|p1a: Alomomola
|-status|p1a: Alomomola|brn
|move|p1a: Alomomola|Flip Turn|p2a: Heatran
|-supereffective|p2a: Heatran
|-damage|p2a: Heatran|83/100
|inactive|YQMXLL has 120 seconds left.
|inactive|YQMXLL has 90 seconds left.
|
|t:|1757926961
|switch|p1a: Toxapex|Toxapex, M|100/100|[from] Flip Turn
|
|-heal|p2a: Heatran|90/100|[from] item: Leftovers
|upkeep
|turn|48
|
|t:|1757926971
|move|p1a: Toxapex|Baneful Bunker|p1a: Toxapex
|-singleturn|p1a: Toxapex|move: Protect
|move|p2a: Heatran|Taunt|p1a: Toxapex
|-activate|p1a: Toxapex|move: Protect
|
|-heal|p2a: Heatran|96/100|[from] item: Leftovers
|upkeep
|turn|49
|
|t:|1757926984
|switch|p2a: Ogerpon|Ogerpon, F|100/100
|switch|p1a: Alomomola|Alomomola, F|100/100 brn
|
|-damage|p1a: Alomomola|94/100 brn|[from] brn
|upkeep
|turn|50
|
|t:|1757926994
|switch|p1a: Corviknight|Corviknight, F|100/100
|-ability|p1a: Corviknight|Pressure
|move|p2a: Ogerpon|U-turn|p1a: Corviknight
|-resisted|p1a: Corviknight
|-damage|p1a: Corviknight|95/100
|
|t:|1757927006
|switch|p2a: Iron Treads|Iron Treads|51/100|[from] U-turn
|
|-heal|p2a: Iron Treads|57/100|[from] item: Leftovers
|upkeep
|turn|51
|
|t:|1757927013
|-terastallize|p2a: Iron Treads|Ghost
|move|p2a: Iron Treads|Stealth Rock|p1a: Corviknight
|-sidestart|p1: YQMXLL|move: Stealth Rock
|move|p1a: Corviknight|Body Press|p2a: Iron Treads
|-immune|p2a: Iron Treads
|
|-heal|p2a: Iron Treads|63/100|[from] item: Leftovers
|upkeep
|turn|52
|
|t:|1757927020
|-end|p2a: Iron Treads|Quark Drive|[silent]
|switch|p2a: Heatran|Heatran, M|96/100
|move|p1a: Corviknight|Defog|p2a: Heatran
|-unboost|p2a: Heatran|evasion|1
|-sideend|p1: YQMXLL|Stealth Rock|[from] move: Defog|[of] p1a: Corviknight
|
|-heal|p2a: Heatran|100/100|[from] item: Leftovers
|upkeep
|turn|53
|
|t:|1757927027
|switch|p1a: Alomomola|Alomomola, F|100/100 brn
|move|p2a: Heatran|Earth Power|p1a: Alomomola
|-damage|p1a: Alomomola|75/100 brn
|
|-damage|p1a: Alomomola|69/100 brn|[from] brn
|upkeep
|turn|54
|
|t:|1757927034
|switch|p2a: Ogerpon|Ogerpon, F|100/100
|move|p1a: Alomomola|Flip Turn|p2a: Ogerpon
|-resisted|p2a: Ogerpon
|-damage|p2a: Ogerpon|96/100
|
|t:|1757927041
|switch|p1a: Toxapex|Toxapex, M|100/100|[from] Flip Turn
|
|upkeep
|turn|55
|
|t:|1757927048
|switch|p2a: Iron Treads|Iron Treads, tera:Ghost|63/100
|move|p1a: Toxapex|Toxic|p2a: Iron Treads
|-status|p2a: Iron Treads|tox
|
|-heal|p2a: Iron Treads|69/100 tox|[from] item: Leftovers
|-damage|p2a: Iron Treads|63/100 tox|[from] psn
|upkeep
|turn|56
|
|t:|1757927057
|switch|p1a: Corviknight|Corviknight, F|95/100
|-ability|p1a: Corviknight|Pressure
|move|p2a: Iron Treads|Stealth Rock|p1a: Corviknight
|-sidestart|p1: YQMXLL|move: Stealth Rock
|
|-heal|p2a: Iron Treads|69/100 tox|[from] item: Leftovers
|-damage|p2a: Iron Treads|57/100 tox|[from] psn
|upkeep
|turn|57
|
|t:|1757927063
|-end|p2a: Iron Treads|Quark Drive|[silent]
|switch|p2a: Heatran|Heatran, M|100/100
|move|p1a: Corviknight|Defog|p2a: Heatran
|-unboost|p2a: Heatran|evasion|1
|-sideend|p1: YQMXLL|Stealth Rock|[from] move: Defog|[of] p1a: Corviknight
|
|upkeep
|turn|58
|
|t:|1757927070
|switch|p2a: Moltres|Moltres-Galar|63/100 tox
|switch|p1a: Alomomola|Alomomola, F|100/100 brn
|
|-damage|p2a: Moltres|57/100 tox|[from] psn
|-damage|p1a: Alomomola|94/100 brn|[from] brn
|upkeep
|turn|59
|
|t:|1757927078
|switch|p1a: Chansey|Chansey, F|86/100
|move|p2a: Moltres|Hurricane|p1a: Chansey
|-damage|p1a: Chansey|75/100
|-start|p1a: Chansey|confusion
|
|-damage|p2a: Moltres|44/100 tox|[from] psn
|upkeep
|-enditem|p2a: Moltres|Sitrus Berry|[eat]
|-heal|p2a: Moltres|69/100 tox|[from] item: Sitrus Berry
|turn|60
|
|t:|1757927085
|switch|p2a: Iron Treads|Iron Treads, tera:Ghost|57/100 tox
|-activate|p1a: Chansey|confusion
|move|p1a: Chansey|Calm Mind|p1a: Chansey
|-boost|p1a: Chansey|spa|1
|-boost|p1a: Chansey|spd|1
|
|-heal|p2a: Iron Treads|63/100 tox|[from] item: Leftovers
|-damage|p2a: Iron Treads|57/100 tox|[from] psn
|upkeep
|turn|61
|
|t:|1757927090
|switch|p1a: Corviknight|Corviknight, F|95/100
|-ability|p1a: Corviknight|Pressure
|move|p2a: Iron Treads|Stealth Rock|p1a: Corviknight
|-sidestart|p1: YQMXLL|move: Stealth Rock
|
|-heal|p2a: Iron Treads|63/100 tox|[from] item: Leftovers
|-damage|p2a: Iron Treads|51/100 tox|[from] psn
|upkeep
|turn|62
|
|t:|1757927097
|-end|p2a: Iron Treads|Quark Drive|[silent]
|switch|p2a: Slither Wing|Slither Wing|93/100
|move|p1a: Corviknight|Defog|p2a: Slither Wing
|-unboost|p2a: Slither Wing|evasion|1
|-sideend|p1: YQMXLL|Stealth Rock|[from] move: Defog|[of] p1a: Corviknight
|
|upkeep
|turn|63
|
|t:|1757927103
|switch|p1a: Gliscor|Gliscor, M|100/100 tox
|move|p2a: Slither Wing|U-turn|p1a: Gliscor
|-resisted|p1a: Gliscor
|-damage|p1a: Gliscor|90/100 tox
|
|t:|1757927108
|-end|p2a: Slither Wing|Protosynthesis|[silent]
|switch|p2a: Ogerpon|Ogerpon, F|96/100|[from] U-turn
|
|-heal|p1a: Gliscor|100/100 tox|[from] ability: Poison Heal
|upkeep
|turn|64
|
|t:|1757927118
|switch|p2a: Slither Wing|Slither Wing|93/100
|move|p1a: Gliscor|Stealth Rock|p2a: Slither Wing
|-sidestart|p2: SirToppinIIEsquire|move: Stealth Rock
|
|upkeep
|turn|65
|
|t:|1757927141
|move|p1a: Gliscor|Spikes|p2a: Slither Wing
|-sidestart|p2: SirToppinIIEsquire|Spikes
|move|p2a: Slither Wing|U-turn|p1a: Gliscor
|-resisted|p1a: Gliscor
|-damage|p1a: Gliscor|88/100 tox
|
|t:|1757927147
|-end|p2a: Slither Wing|Protosynthesis|[silent]
|switch|p2a: Iron Treads|Iron Treads, tera:Ghost|51/100 tox|[from] U-turn
|-damage|p2a: Iron Treads|39/100 tox|[from] Stealth Rock
|-damage|p2a: Iron Treads|26/100 tox|[from] Spikes
|
|-heal|p2a: Iron Treads|32/100 tox|[from] item: Leftovers
|-heal|p1a: Gliscor|100/100 tox|[from] ability: Poison Heal
|-damage|p2a: Iron Treads|26/100 tox|[from] psn
|upkeep
|turn|66
|
|t:|1757927158
|move|p1a: Gliscor|Knock Off|p2a: Iron Treads
|-supereffective|p2a: Iron Treads
|-damage|p2a: Iron Treads|0 fnt
|-enditem|p2a: Iron Treads|Leftovers|[from] move: Knock Off|[of] p1a: Gliscor
|faint|p2a: Iron Treads
|-end|p2a: Iron Treads|Quark Drive|[silent]
|
|upkeep
|-message|SirToppinIIEsquire forfeited.
|
|win|YQMXLL
|raw|YQMXLL's rating: 1509 &rarr; <strong>1527</strong><br />(+18 for winning)
|raw|SirToppinIIEsquire's rating: 1470 &rarr; <strong>1452</strong><br />(-18 for losing)
|l|☆SirToppinIIEsquire
|player|p2|
