|j|☆Punch bender
|j|☆ez games tonight
|t:|1757815215
|gametype|singles
|player|p1|Punch bender|265|1040
|player|p2|ez games tonight|102|1000
|gen|9
|tier|[Gen 9] OU
|rated|
|rule|HP Percentage Mod: HP is shown in percentages
|rule|Endless Battle Clause: Forcing endless battles is banned
|rule|Species Clause: Limit one of each Pokémon
|rule|OHKO Clause: OHKO moves are banned
|rule|Evasion Items Clause: Evasion items are banned
|rule|Evasion Moves Clause: Evasion moves are banned
|rule|Evasion Abilities Clause: Evasion abilities are banned
|rule|Sleep Moves Clause: Sleep-inducing moves are banned
|clearpoke
|poke|p1|Scream Tail|
|poke|p1|Komala, M|
|poke|p1|Weavile, F|
|poke|p1|Garganacl, M|
|poke|p1|Rillaboom, F|
|poke|p1|Ogerpon-Wellspring, F|
|poke|p2|Slowking-Galar, F|
|poke|p2|Cinderace, F|
|poke|p2|Kyurem|
|poke|p2|Corviknight, M|
|poke|p2|Ting-Lu|
|poke|p2|Dondozo, M|
|teampreview
|
|t:|1757815230
|teamsize|p1|6
|teamsize|p2|6
|start
|switch|p1a: Scream Tail|Scream Tail|100/100
|switch|p2a: Slowking|Slowking-Galar, F|100/100
|turn|1
|inactive|Battle timer is ON: inactive players will automatically lose when time's up. (requested by Punch bender)
|
|t:|1757815236
|move|p1a: Scream Tail|Trick|p2a: Slowking
|-activate|p1a: Scream Tail|move: Trick|[of] p2a: Slowking
|-item|p2a: Slowking|Choice Scarf|[from] move: Trick
|-item|p1a: Scream Tail|Shuca Berry|[from] move: Trick
|move|p2a: Slowking|Future Sight|p1a: Scream Tail
|-start|p2a: Slowking|move: Future Sight
|
|upkeep
|turn|2
|
|t:|1757815249
|switch|p2a: Kyurem|Kyurem|100/100
|-ability|p2a: Kyurem|Pressure
|move|p1a: Scream Tail|Encore||[still]
|-fail|p1a: Scream Tail
|
|upkeep
|turn|3
|
|t:|1757815259
|-end|p1a: Scream Tail|Protosynthesis|[silent]
|switch|p1a: Weavile|Weavile, F|100/100
|move|p2a: Kyurem|Earth Power|p1a: Weavile
|-crit|p1a: Weavile
|-enditem|p1a: Weavile|Focus Sash
|-damage|p1a: Weavile|1/100
|
|-end|p1a: Weavile|move: Future Sight
|-immune|p1a: Weavile
|upkeep
|turn|4
|
|t:|1757815266
|switch|p2a: Corviknight|Corviknight, M, shiny|100/100
|-ability|p2a: Corviknight|Pressure
|move|p1a: Weavile|Fake Out|p2a: Corviknight
|-resisted|p2a: Corviknight
|-damage|p2a: Corviknight|96/100
|-damage|p1a: Weavile|0 fnt|[from] item: Rocky Helmet|[of] p2a: Corviknight
|faint|p1a: Weavile
|
|upkeep
|
|t:|1757815270
|switch|p1a: Garganacl|Garganacl, M|100/100
|turn|5
|
|t:|1757815278
|move|p2a: Corviknight|Iron Defense|p2a: Corviknight
|-boost|p2a: Corviknight|def|2
|move|p1a: Garganacl|Salt Cure|p2a: Corviknight
|-damage|p2a: Corviknight|92/100
|-start|p2a: Corviknight|Salt Cure
|
|-damage|p2a: Corviknight|67/100|[from] Salt Cure
|upkeep
|turn|6
|
|t:|1757815281
|move|p2a: Corviknight|Body Press|p1a: Garganacl
|-supereffective|p1a: Garganacl
|-damage|p1a: Garganacl|53/100
|-damage|p2a: Corviknight|50/100|[from] item: Rocky Helmet|[of] p1a: Garganacl
|move|p1a: Garganacl|Stealth Rock|p2a: Corviknight
|-sidestart|p2: ez games tonight|move: Stealth Rock
|
|-damage|p2a: Corviknight|26/100|[from] Salt Cure
|upkeep
|turn|7
|
|t:|1757815285
|move|p2a: Corviknight|Roost|p2a: Corviknight
|-heal|p2a: Corviknight|76/100
|-singleturn|p2a: Corviknight|move: Roost
|move|p1a: Garganacl|Recover|p1a: Garganacl
|-heal|p1a: Garganacl|100/100
|
|-damage|p2a: Corviknight|51/100|[from] Salt Cure
|upkeep
|turn|8
|
|t:|1757815288
|move|p2a: Corviknight|Defog|p1a: Garganacl
|-unboost|p1a: Garganacl|evasion|1
|-sideend|p2: ez games tonight|Stealth Rock|[from] move: Defog|[of] p2a: Corviknight
|move|p1a: Garganacl|Salt Cure|p2a: Corviknight
|-damage|p2a: Corviknight|46/100
|
|-damage|p2a: Corviknight|21/100|[from] Salt Cure
|upkeep
|turn|9
|
|t:|1757815296
|move|p2a: Corviknight|Roost|p2a: Corviknight
|-heal|p2a: Corviknight|71/100
|-singleturn|p2a: Corviknight|move: Roost
|move|p1a: Garganacl|Stealth Rock|p2a: Corviknight
|-sidestart|p2: ez games tonight|move: Stealth Rock
|
|-damage|p2a: Corviknight|47/100|[from] Salt Cure
|upkeep
|turn|10
|
|t:|1757815299
|move|p2a: Corviknight|Body Press|p1a: Garganacl
|-supereffective|p1a: Garganacl
|-damage|p1a: Garganacl|52/100
|-damage|p2a: Corviknight|30/100|[from] item: Rocky Helmet|[of] p1a: Garganacl
|move|p1a: Garganacl|Body Press|p2a: Corviknight
|-damage|p2a: Corviknight|21/100
|-damage|p1a: Garganacl|35/100|[from] item: Rocky Helmet|[of] p2a: Corviknight
|
|-damage|p2a: Corviknight|0 fnt|[from] Salt Cure
|faint|p2a: Corviknight
|upkeep
|
|t:|1757815311
|switch|p2a: Dondozo|Dondozo, M|100/100
|-damage|p2a: Dondozo|88/100|[from] Stealth Rock
|turn|11
|
|t:|1757815317
|switch|p1a: Ogerpon|Ogerpon-Wellspring, F|100/100
|move|p2a: Dondozo|Liquidation|p1a: Ogerpon
|-immune|p1a: Ogerpon|[from] ability: Water Absorb
|
|-heal|p2a: Dondozo|94/100|[from] item: Leftovers
|upkeep
|turn|12
|
|t:|1757815322
|-terastallize|p2a: Dondozo|Dark
|move|p1a: Ogerpon|Swords Dance|p1a: Ogerpon
|-boost|p1a: Ogerpon|atk|2
|move|p2a: Dondozo|Curse|p2a: Dondozo
|-unboost|p2a: Dondozo|spe|1
|-boost|p2a: Dondozo|atk|1
|-boost|p2a: Dondozo|def|1
|
|-heal|p2a: Dondozo|99/100|[from] item: Leftovers
|upkeep
|turn|13
|
|t:|1757815328
|move|p1a: Ogerpon|Ivy Cudgel|p2a: Dondozo|[anim] Ivy Cudgel Water
|-damage|p2a: Dondozo|78/100
|move|p2a: Dondozo|Curse|p2a: Dondozo
|-unboost|p2a: Dondozo|spe|1
|-boost|p2a: Dondozo|atk|1
|-boost|p2a: Dondozo|def|1
|
|-heal|p2a: Dondozo|84/100|[from] item: Leftovers
|upkeep
|turn|14
|
|t:|1757815340
|switch|p1a: Scream Tail|Scream Tail|100/100
|move|p2a: Dondozo|Rest|p2a: Dondozo
|-status|p2a: Dondozo|slp|[from] move: Rest
|-heal|p2a: Dondozo|100/100 slp|[silent]
|
|upkeep
|turn|15
|
|t:|1757815345
|move|p1a: Scream Tail|Encore|p2a: Dondozo
|-start|p2a: Dondozo|Encore
|cant|p2a: Dondozo|slp
|
|upkeep
|turn|16
|
|t:|1757815350
|move|p1a: Scream Tail|Dazzling Gleam|p2a: Dondozo
|-supereffective|p2a: Dondozo
|-damage|p2a: Dondozo|74/100 slp
|cant|p2a: Dondozo|slp
|
|-heal|p2a: Dondozo|80/100 slp|[from] item: Leftovers
|upkeep
|turn|17
|
|t:|1757815359
|switch|p2a: Slowking|Slowking-Galar, F|100/100
|-damage|p2a: Slowking|88/100|[from] Stealth Rock
|move|p1a: Scream Tail|Dazzling Gleam|p2a: Slowking
|-resisted|p2a: Slowking
|-damage|p2a: Slowking|80/100
|
|upkeep
|turn|18
|
|t:|1757815367
|-end|p1a: Scream Tail|Protosynthesis|[silent]
|switch|p1a: Komala|Komala, M|100/100
|-ability|p1a: Komala|Comatose
|-prepare|p2a: Slowking|Chilly Reception|[premajor]
|move|p2a: Slowking|Chilly Reception|p2a: Slowking
|-weather|Snowscape
|
|t:|1757815372
|switch|p2a: Kyurem|Kyurem|100/100|[from] Chilly Reception
|-damage|p2a: Kyurem|76/100|[from] Stealth Rock
|-ability|p2a: Kyurem|Pressure
|
|-weather|Snowscape|[upkeep]
|upkeep
|turn|19
|
|t:|1757815375
|move|p2a: Kyurem|Blizzard|p1a: Komala
|-damage|p1a: Komala|30/100
|move|p1a: Komala|Double-Edge|p2a: Kyurem
|-damage|p2a: Kyurem|35/100
|-damage|p1a: Komala|14/100|[from] Recoil
|
|-weather|Snowscape|[upkeep]
|upkeep
|turn|20
|
|t:|1757815378
|move|p2a: Kyurem|Blizzard|p1a: Komala
|-damage|p1a: Komala|0 fnt
|faint|p1a: Komala
|
|-weather|Snowscape|[upkeep]
|upkeep
|
|t:|1757815387
|switch|p1a: Rillaboom|Rillaboom, F|100/100
|-fieldstart|move: Grassy Terrain|[from] ability: Grassy Surge|[of] p1a: Rillaboom
|turn|21
|
|t:|1757815405
|move|p1a: Rillaboom|Fake Out|p2a: Kyurem
|-damage|p2a: Kyurem|26/100
|cant|p2a: Kyurem|flinch
|
|-weather|Snowscape|[upkeep]
|-heal|p2a: Kyurem|32/100|[from] Grassy Terrain
|upkeep
|turn|22
|
|t:|1757815415
|-terastallize|p1a: Rillaboom|Grass
|move|p1a: Rillaboom|Grassy Glide|p2a: Kyurem
|-resisted|p2a: Kyurem
|-damage|p2a: Kyurem|17/100
|move|p2a: Kyurem|Blizzard|p1a: Rillaboom
|-supereffective|p1a: Rillaboom
|-damage|p1a: Rillaboom|0 fnt
|faint|p1a: Rillaboom
|
|-weather|none
|-heal|p2a: Kyurem|23/100|[from] Grassy Terrain
|upkeep
|
|t:|1757815422
|switch|p1a: Scream Tail|Scream Tail|100/100
|turn|23
|
|t:|1757815427
|switch|p2a: Slowking|Slowking-Galar, F|100/100
|-damage|p2a: Slowking|88/100|[from] Stealth Rock
|move|p1a: Scream Tail|Dazzling Gleam|p2a: Slowking
|-resisted|p2a: Slowking
|-damage|p2a: Slowking|81/100
|
|-heal|p2a: Slowking|87/100|[from] Grassy Terrain
|upkeep
|turn|24
|
|t:|1757815432
|-end|p1a: Scream Tail|Protosynthesis|[silent]
|switch|p1a: Garganacl|Garganacl, M|35/100
|-prepare|p2a: Slowking|Chilly Reception|[premajor]
|move|p2a: Slowking|Chilly Reception|p2a: Slowking
|-weather|Snowscape
|
|t:|1757815438
|switch|p2a: Kyurem|Kyurem|23/100|[from] Chilly Reception
|-damage|p2a: Kyurem|0 fnt|[from] Stealth Rock
|faint|p2a: Kyurem
|
|-weather|Snowscape|[upkeep]
|-heal|p1a: Garganacl|42/100|[from] Grassy Terrain
|upkeep
|
|t:|1757815451
|switch|p2a: Dondozo|Dondozo, M, tera:Dark|80/100 slp
|-damage|p2a: Dondozo|68/100 slp|[from] Stealth Rock
|turn|25
|
|t:|1757815459
|move|p1a: Garganacl|Salt Cure|p2a: Dondozo
|-damage|p2a: Dondozo|60/100 slp
|-start|p2a: Dondozo|Salt Cure
|-curestatus|p2a: Dondozo|slp|[msg]
|move|p2a: Dondozo|Curse|p2a: Dondozo
|-unboost|p2a: Dondozo|spe|1
|-boost|p2a: Dondozo|atk|1
|-boost|p2a: Dondozo|def|1
|
|-weather|Snowscape|[upkeep]
|-heal|p1a: Garganacl|48/100|[from] Grassy Terrain
|-heal|p2a: Dondozo|66/100|[from] Grassy Terrain
|-heal|p2a: Dondozo|72/100|[from] item: Leftovers
|-damage|p2a: Dondozo|59/100|[from] Salt Cure
|-fieldend|move: Grassy Terrain
|upkeep
|turn|26
|
|t:|1757815465
|switch|p1a: Scream Tail|Scream Tail|100/100
|move|p2a: Dondozo|Liquidation|p1a: Scream Tail
|-damage|p1a: Scream Tail|65/100
|
|-weather|Snowscape|[upkeep]
|-heal|p2a: Dondozo|66/100|[from] item: Leftovers
|-damage|p2a: Dondozo|53/100|[from] Salt Cure
|upkeep
|turn|27
|
|t:|1757815474
|move|p1a: Scream Tail|Disable|p2a: Dondozo
|-start|p2a: Dondozo|Disable|Liquidation
|cant|p2a: Dondozo|Disable|Liquidation
|
|-weather|Snowscape|[upkeep]
|-heal|p2a: Dondozo|59/100|[from] item: Leftovers
|-damage|p2a: Dondozo|47/100|[from] Salt Cure
|upkeep
|turn|28
|
|t:|1757815482
|move|p1a: Scream Tail|Dazzling Gleam|p2a: Dondozo
|-supereffective|p2a: Dondozo
|-damage|p2a: Dondozo|21/100
|move|p2a: Dondozo|Rest|p2a: Dondozo
|-status|p2a: Dondozo|slp|[from] move: Rest
|-heal|p2a: Dondozo|100/100 slp|[silent]
|
|-weather|none
|-damage|p2a: Dondozo|88/100 slp|[from] Salt Cure
|upkeep
|turn|29
|
|t:|1757815489
|move|p1a: Scream Tail|Dazzling Gleam|p2a: Dondozo
|-supereffective|p2a: Dondozo
|-damage|p2a: Dondozo|62/100 slp
|cant|p2a: Dondozo|slp
|move|p2a: Dondozo|Sleep Talk|p2a: Dondozo
|move|p2a: Dondozo|Liquidation|p1a: Scream Tail|[from] move: Sleep Talk
|-damage|p1a: Scream Tail|34/100
|
|-heal|p2a: Dondozo|68/100 slp|[from] item: Leftovers
|-damage|p2a: Dondozo|55/100 slp|[from] Salt Cure
|upkeep
|turn|30
|
|t:|1757815496
|move|p1a: Scream Tail|Disable||[still]
|-fail|p1a: Scream Tail
|cant|p2a: Dondozo|slp
|move|p2a: Dondozo|Sleep Talk|p2a: Dondozo
|move|p2a: Dondozo|Curse|p2a: Dondozo|[from] move: Sleep Talk
|-unboost|p2a: Dondozo|spe|1
|-boost|p2a: Dondozo|atk|1
|-boost|p2a: Dondozo|def|1
|
|-heal|p2a: Dondozo|62/100 slp|[from] item: Leftovers
|-damage|p2a: Dondozo|49/100 slp|[from] Salt Cure
|-end|p2a: Dondozo|Disable
|upkeep
|turn|31
|
|t:|1757815506
|move|p1a: Scream Tail|Encore||[still]
|-fail|p1a: Scream Tail
|-curestatus|p2a: Dondozo|slp|[msg]
|move|p2a: Dondozo|Liquidation|p1a: Scream Tail
|-damage|p1a: Scream Tail|0 fnt
|faint|p1a: Scream Tail
|-end|p1a: Scream Tail|Protosynthesis|[silent]
|
|-heal|p2a: Dondozo|55/100|[from] item: Leftovers
|-damage|p2a: Dondozo|43/100|[from] Salt Cure
|upkeep
|
|t:|1757815513
|switch|p1a: Ogerpon|Ogerpon-Wellspring, F|100/100
|turn|32
|n|☆ez games tonight|ezgamestonight
|c|☆ez games tonight|you don't have enough IQ to play this team
|c|☆ez games tonight|wtf are you doing hahaha
|
|t:|1757815535
|move|p1a: Ogerpon|Ivy Cudgel|p2a: Dondozo|[anim] Ivy Cudgel Water
|-damage|p2a: Dondozo|25/100
|move|p2a: Dondozo|Rest|p2a: Dondozo
|-status|p2a: Dondozo|slp|[from] move: Rest
|-heal|p2a: Dondozo|100/100 slp|[silent]
|
|-damage|p2a: Dondozo|88/100 slp|[from] Salt Cure
|upkeep
|turn|33
|
|t:|1757815541
|move|p1a: Ogerpon|Ivy Cudgel|p2a: Dondozo|[anim] Ivy Cudgel Water
|-damage|p2a: Dondozo|72/100 slp
|cant|p2a: Dondozo|slp
|move|p2a: Dondozo|Sleep Talk|p2a: Dondozo
|move|p2a: Dondozo|Rest||[from] move: Sleep Talk|[still]
|-fail|p2a: Dondozo
|
|-heal|p2a: Dondozo|78/100 slp|[from] item: Leftovers
|-damage|p2a: Dondozo|65/100 slp|[from] Salt Cure
|upkeep
|turn|34
|
|t:|1757815546
|move|p1a: Ogerpon|Ivy Cudgel|p2a: Dondozo|[anim] Ivy Cudgel Water
|-damage|p2a: Dondozo|47/100 slp
|cant|p2a: Dondozo|slp
|move|p2a: Dondozo|Sleep Talk|p2a: Dondozo
|move|p2a: Dondozo|Rest||[from] move: Sleep Talk|[still]
|-fail|p2a: Dondozo
|
|-heal|p2a: Dondozo|53/100 slp|[from] item: Leftovers
|-damage|p2a: Dondozo|40/100 slp|[from] Salt Cure
|upkeep
|turn|35
|
|t:|1757815570
|move|p1a: Ogerpon|Ivy Cudgel|p2a: Dondozo|[anim] Ivy Cudgel Water
|-damage|p2a: Dondozo|21/100 slp
|-curestatus|p2a: Dondozo|slp|[msg]
|move|p2a: Dondozo|Rest|p2a: Dondozo
|-status|p2a: Dondozo|slp|[from] move: Rest
|-heal|p2a: Dondozo|100/100 slp|[silent]
|
|-damage|p2a: Dondozo|88/100 slp|[from] Salt Cure
|upkeep
|turn|36
|
|t:|1757815583
|move|p1a: Ogerpon|Ivy Cudgel|p2a: Dondozo|[anim] Ivy Cudgel Water
|-damage|p2a: Dondozo|71/100 slp
|cant|p2a: Dondozo|slp
|move|p2a: Dondozo|Sleep Talk|p2a: Dondozo
|move|p2a: Dondozo|Curse|p2a: Dondozo|[from] move: Sleep Talk
|-unboost|p2a: Dondozo|spe|1
|-boost|p2a: Dondozo|atk|1
|-boost|p2a: Dondozo|def|1
|
|-heal|p2a: Dondozo|77/100 slp|[from] item: Leftovers
|-damage|p2a: Dondozo|64/100 slp|[from] Salt Cure
|upkeep
|turn|37
|
|t:|1757815593
|move|p1a: Ogerpon|Ivy Cudgel|p2a: Dondozo|[anim] Ivy Cudgel Water
|-damage|p2a: Dondozo|50/100 slp
|cant|p2a: Dondozo|slp
|move|p2a: Dondozo|Sleep Talk|p2a: Dondozo
|move|p2a: Dondozo|Rest||[from] move: Sleep Talk|[still]
|-fail|p2a: Dondozo
|
|-heal|p2a: Dondozo|56/100 slp|[from] item: Leftovers
|-damage|p2a: Dondozo|44/100 slp|[from] Salt Cure
|upkeep
|turn|38
|
|t:|1757815600
|switch|p1a: Garganacl|Garganacl, M|48/100
|-curestatus|p2a: Dondozo|slp|[msg]
|move|p2a: Dondozo|Rest|p2a: Dondozo
|-status|p2a: Dondozo|slp|[from] move: Rest
|-heal|p2a: Dondozo|100/100 slp|[silent]
|
|-damage|p2a: Dondozo|88/100 slp|[from] Salt Cure
|upkeep
|turn|39
|
|t:|1757815603
|move|p1a: Garganacl|Recover|p1a: Garganacl
|-heal|p1a: Garganacl|98/100
|cant|p2a: Dondozo|slp
|move|p2a: Dondozo|Sleep Talk|p2a: Dondozo
|move|p2a: Dondozo|Rest||[from] move: Sleep Talk|[still]
|-fail|p2a: Dondozo
|
|-heal|p2a: Dondozo|94/100 slp|[from] item: Leftovers
|-damage|p2a: Dondozo|82/100 slp|[from] Salt Cure
|upkeep
|turn|40
|
|t:|1757815610
|move|p1a: Garganacl|Body Press|p2a: Dondozo
|-supereffective|p2a: Dondozo
|-damage|p2a: Dondozo|68/100 slp
|cant|p2a: Dondozo|slp
|move|p2a: Dondozo|Sleep Talk|p2a: Dondozo
|move|p2a: Dondozo|Curse|p2a: Dondozo|[from] move: Sleep Talk
|-unboost|p2a: Dondozo|spe|1
|-boost|p2a: Dondozo|atk|1
|-boost|p2a: Dondozo|def|1
|
|-heal|p2a: Dondozo|74/100 slp|[from] item: Leftovers
|-damage|p2a: Dondozo|61/100 slp|[from] Salt Cure
|upkeep
|turn|41
|
|t:|1757815613
|switch|p1a: Ogerpon|Ogerpon-Wellspring, F|100/100
|-curestatus|p2a: Dondozo|slp|[msg]
|move|p2a: Dondozo|Curse|p2a: Dondozo
|-unboost|p2a: Dondozo|spe|1
|-boost|p2a: Dondozo|atk|1
|-boost|p2a: Dondozo|def|1
|
|-heal|p2a: Dondozo|68/100|[from] item: Leftovers
|-damage|p2a: Dondozo|55/100|[from] Salt Cure
|upkeep
|turn|42
|
|t:|1757815617
|move|p1a: Ogerpon|Ivy Cudgel|p2a: Dondozo|[anim] Ivy Cudgel Water
|-damage|p2a: Dondozo|44/100
|move|p2a: Dondozo|Rest|p2a: Dondozo
|-status|p2a: Dondozo|slp|[from] move: Rest
|-heal|p2a: Dondozo|100/100 slp|[silent]
|
|-damage|p2a: Dondozo|88/100 slp|[from] Salt Cure
|upkeep
|turn|43
|
|t:|1757815622
|move|p1a: Ogerpon|Swords Dance|p1a: Ogerpon
|-boost|p1a: Ogerpon|atk|2
|cant|p2a: Dondozo|slp
|move|p2a: Dondozo|Sleep Talk|p2a: Dondozo
|move|p2a: Dondozo|Liquidation|p1a: Ogerpon|[from] move: Sleep Talk
|-immune|p1a: Ogerpon|[from] ability: Water Absorb
|
|-heal|p2a: Dondozo|94/100 slp|[from] item: Leftovers
|-damage|p2a: Dondozo|82/100 slp|[from] Salt Cure
|upkeep
|turn|44
|
|t:|1757815625
|move|p1a: Ogerpon|Swords Dance|p1a: Ogerpon
|-boost|p1a: Ogerpon|atk|2
|cant|p2a: Dondozo|slp
|move|p2a: Dondozo|Sleep Talk|p2a: Dondozo
|move|p2a: Dondozo|Liquidation|p1a: Ogerpon|[from] move: Sleep Talk
|-immune|p1a: Ogerpon|[from] ability: Water Absorb
|
|-heal|p2a: Dondozo|88/100 slp|[from] item: Leftovers
|-damage|p2a: Dondozo|75/100 slp|[from] Salt Cure
|upkeep
|turn|45
|
|t:|1757815628
|move|p1a: Ogerpon|Swords Dance|p1a: Ogerpon
|-boost|p1a: Ogerpon|atk|2
|-curestatus|p2a: Dondozo|slp|[msg]
|move|p2a: Dondozo|Curse|p2a: Dondozo
|-unboost|p2a: Dondozo|spe|1
|-boost|p2a: Dondozo|atk|1
|-boost|p2a: Dondozo|def|1
|
|-heal|p2a: Dondozo|81/100|[from] item: Leftovers
|-damage|p2a: Dondozo|69/100|[from] Salt Cure
|upkeep
|turn|46
|
|t:|1757815632
|move|p1a: Ogerpon|Horn Leech|p2a: Dondozo
|-damage|p2a: Dondozo|62/100
|move|p2a: Dondozo|Rest|p2a: Dondozo
|-status|p2a: Dondozo|slp|[from] move: Rest
|-heal|p2a: Dondozo|100/100 slp|[silent]
|
|-damage|p2a: Dondozo|88/100 slp|[from] Salt Cure
|upkeep
|turn|47
|
|t:|1757815636
|move|p1a: Ogerpon|Swords Dance|p1a: Ogerpon
|-boost|p1a: Ogerpon|atk|0
|cant|p2a: Dondozo|slp
|move|p2a: Dondozo|Sleep Talk|p2a: Dondozo
|move|p2a: Dondozo|Liquidation|p1a: Ogerpon|[from] move: Sleep Talk
|-immune|p1a: Ogerpon|[from] ability: Water Absorb
|
|-heal|p2a: Dondozo|94/100 slp|[from] item: Leftovers
|-damage|p2a: Dondozo|82/100 slp|[from] Salt Cure
|upkeep
|turn|48
|
|t:|1757815640
|switch|p2a: Cinderace|Cinderace, F|100/100
|move|p1a: Ogerpon|Swords Dance|p1a: Ogerpon
|-boost|p1a: Ogerpon|atk|0
|
|upkeep
|turn|49
|
|t:|1757815667
|move|p1a: Ogerpon|Spiky Shield|p1a: Ogerpon
|-singleturn|p1a: Ogerpon|move: Protect
|move|p2a: Cinderace|Will-O-Wisp|p1a: Ogerpon
|-activate|p1a: Ogerpon|move: Protect
|
|upkeep
|turn|50
|
|t:|1757815671
|move|p2a: Cinderace|Will-O-Wisp|p1a: Ogerpon
|-status|p1a: Ogerpon|brn
|move|p1a: Ogerpon|Ivy Cudgel|p2a: Cinderace|[anim] Ivy Cudgel Water
|-supereffective|p2a: Cinderace
|-damage|p2a: Cinderace|0 fnt
|faint|p2a: Cinderace
|
|-damage|p1a: Ogerpon|95/100 brn|[from] brn
|upkeep
|
|t:|1757815675
|switch|p2a: Slowking|Slowking-Galar, F|100/100
|-damage|p2a: Slowking|88/100|[from] Stealth Rock
|turn|51
|
|t:|1757815697
|move|p1a: Ogerpon|Ivy Cudgel|p2a: Slowking|[anim] Ivy Cudgel Water
|-damage|p2a: Slowking|6/100
|move|p2a: Slowking|Sludge Bomb|p1a: Ogerpon
|-supereffective|p1a: Ogerpon
|-damage|p1a: Ogerpon|22/100 brn
|
|-damage|p1a: Ogerpon|16/100 brn|[from] brn
|upkeep
|turn|52
|
|t:|1757815713
|switch|p2a: Dondozo|Dondozo, M, tera:Dark|82/100 slp
|-damage|p2a: Dondozo|69/100 slp|[from] Stealth Rock
|move|p1a: Ogerpon|Horn Leech|p2a: Dondozo
|-damage|p2a: Dondozo|57/100 slp
|-heal|p1a: Ogerpon|27/100 brn|[from] drain|[of] p2a: Dondozo
|
|-heal|p2a: Dondozo|63/100 slp|[from] item: Leftovers
|-damage|p1a: Ogerpon|21/100 brn|[from] brn
|upkeep
|turn|53
|c|☆Punch bender|lol
|
|t:|1757815734
|move|p1a: Ogerpon|Horn Leech|p2a: Dondozo
|-damage|p2a: Dondozo|50/100 slp
|-heal|p1a: Ogerpon|31/100 brn|[from] drain|[of] p2a: Dondozo
|cant|p2a: Dondozo|slp
|move|p2a: Dondozo|Sleep Talk|p2a: Dondozo
|move|p2a: Dondozo|Liquidation|p1a: Ogerpon|[from] move: Sleep Talk
|-heal|p1a: Ogerpon|56/100 brn|[from] ability: Water Absorb|[of] p2a: Dondozo
|
|-heal|p2a: Dondozo|56/100 slp|[from] item: Leftovers
|-damage|p1a: Ogerpon|50/100 brn|[from] brn
|upkeep
|turn|54
|c|☆ez games tonight|?
|
|t:|1757815745
|move|p1a: Ogerpon|Horn Leech|p2a: Dondozo
|-damage|p2a: Dondozo|42/100 slp
|-heal|p1a: Ogerpon|62/100 brn|[from] drain|[of] p2a: Dondozo
|-curestatus|p2a: Dondozo|slp|[msg]
|move|p2a: Dondozo|Curse|p2a: Dondozo
|-unboost|p2a: Dondozo|spe|1
|-boost|p2a: Dondozo|atk|1
|-boost|p2a: Dondozo|def|1
|
|-heal|p2a: Dondozo|49/100|[from] item: Leftovers
|-damage|p1a: Ogerpon|56/100 brn|[from] brn
|upkeep
|turn|55
|
|t:|1757815755
|move|p1a: Ogerpon|Horn Leech|p2a: Dondozo
|-damage|p2a: Dondozo|40/100
|-heal|p1a: Ogerpon|64/100 brn|[from] drain|[of] p2a: Dondozo
|move|p2a: Dondozo|Curse|p2a: Dondozo
|-unboost|p2a: Dondozo|spe|1
|-boost|p2a: Dondozo|atk|1
|-boost|p2a: Dondozo|def|1
|
|-heal|p2a: Dondozo|46/100|[from] item: Leftovers
|-damage|p1a: Ogerpon|58/100 brn|[from] brn
|upkeep
|turn|56
|
|t:|1757815759
|move|p1a: Ogerpon|Horn Leech|p2a: Dondozo
|-damage|p2a: Dondozo|39/100
|-heal|p1a: Ogerpon|64/100 brn|[from] drain|[of] p2a: Dondozo
|move|p2a: Dondozo|Curse|p2a: Dondozo
|-unboost|p2a: Dondozo|spe|1
|-boost|p2a: Dondozo|atk|1
|-boost|p2a: Dondozo|def|1
|
|-heal|p2a: Dondozo|45/100|[from] item: Leftovers
|-damage|p1a: Ogerpon|58/100 brn|[from] brn
|upkeep
|turn|57
|
|t:|1757815762
|move|p1a: Ogerpon|Horn Leech|p2a: Dondozo
|-damage|p2a: Dondozo|39/100
|-heal|p1a: Ogerpon|63/100 brn|[from] drain|[of] p2a: Dondozo
|move|p2a: Dondozo|Curse|p2a: Dondozo
|-unboost|p2a: Dondozo|spe|1
|-boost|p2a: Dondozo|atk|1
|-boost|p2a: Dondozo|def|1
|
|-heal|p2a: Dondozo|45/100|[from] item: Leftovers
|-damage|p1a: Ogerpon|57/100 brn|[from] brn
|upkeep
|turn|58
|
|t:|1757815764
|move|p1a: Ogerpon|Horn Leech|p2a: Dondozo
|-damage|p2a: Dondozo|41/100
|-heal|p1a: Ogerpon|61/100 brn|[from] drain|[of] p2a: Dondozo
|move|p2a: Dondozo|Curse|p2a: Dondozo
|-unboost|p2a: Dondozo|spe|1
|-boost|p2a: Dondozo|atk|1
|-boost|p2a: Dondozo|def|1
|
|-heal|p2a: Dondozo|47/100|[from] item: Leftovers
|-damage|p1a: Ogerpon|55/100 brn|[from] brn
|upkeep
|turn|59
|
|t:|1757815768
|move|p1a: Ogerpon|Horn Leech|p2a: Dondozo
|-damage|p2a: Dondozo|43/100
|-heal|p1a: Ogerpon|58/100 brn|[from] drain|[of] p2a: Dondozo
|move|p2a: Dondozo|Curse|p2a: Dondozo
|-unboost|p2a: Dondozo|spe|1
|-boost|p2a: Dondozo|atk|1
|-boost|p2a: Dondozo|def|1
|
|-heal|p2a: Dondozo|49/100|[from] item: Leftovers
|-damage|p1a: Ogerpon|52/100 brn|[from] brn
|upkeep
|turn|60
|c|☆ez games tonight|lol
|
|t:|1757815775
|move|p1a: Ogerpon|Horn Leech|p2a: Dondozo
|-damage|p2a: Dondozo|45/100
|-heal|p1a: Ogerpon|55/100 brn|[from] drain|[of] p2a: Dondozo
|move|p2a: Dondozo|Rest|p2a: Dondozo
|-status|p2a: Dondozo|slp|[from] move: Rest
|-heal|p2a: Dondozo|100/100 slp|[silent]
|
|-damage|p1a: Ogerpon|49/100 brn|[from] brn
|upkeep
|turn|61
|
|t:|1757815787
|move|p1a: Ogerpon|Swords Dance|p1a: Ogerpon
|-boost|p1a: Ogerpon|atk|0
|cant|p2a: Dondozo|slp
|move|p2a: Dondozo|Sleep Talk|p2a: Dondozo
|move|p2a: Dondozo|Curse|p2a: Dondozo|[from] move: Sleep Talk
|
|-damage|p1a: Ogerpon|43/100 brn|[from] brn
|upkeep
|turn|62
|
|t:|1757815790
|move|p1a: Ogerpon|Swords Dance|p1a: Ogerpon
|-boost|p1a: Ogerpon|atk|0
|cant|p2a: Dondozo|slp
|move|p2a: Dondozo|Sleep Talk|p2a: Dondozo
|move|p2a: Dondozo|Curse|p2a: Dondozo|[from] move: Sleep Talk
|
|-damage|p1a: Ogerpon|37/100 brn|[from] brn
|upkeep
|turn|63
|
|t:|1757815796
|move|p1a: Ogerpon|Horn Leech|p2a: Dondozo
|-damage|p2a: Dondozo|97/100 slp
|-heal|p1a: Ogerpon|40/100 brn|[from] drain|[of] p2a: Dondozo
|-curestatus|p2a: Dondozo|slp|[msg]
|move|p2a: Dondozo|Sleep Talk||[still]
|-fail|p2a: Dondozo
|
|-heal|p2a: Dondozo|100/100|[from] item: Leftovers
|-damage|p1a: Ogerpon|34/100 brn|[from] brn
|upkeep
|turn|64
|
|t:|1757815806
|move|p1a: Ogerpon|Swords Dance|p1a: Ogerpon
|-boost|p1a: Ogerpon|atk|0
|move|p2a: Dondozo|Sleep Talk||[still]
|-fail|p2a: Dondozo
|
|-damage|p1a: Ogerpon|28/100 brn|[from] brn
|upkeep
|turn|65
|
|t:|1757815810
|move|p1a: Ogerpon|Swords Dance|p1a: Ogerpon
|-boost|p1a: Ogerpon|atk|0
|move|p2a: Dondozo|Curse|p2a: Dondozo
|
|-damage|p1a: Ogerpon|22/100 brn|[from] brn
|upkeep
|turn|66
|
|t:|1757815813
|move|p1a: Ogerpon|Horn Leech|p2a: Dondozo
|-damage|p2a: Dondozo|97/100
|-heal|p1a: Ogerpon|25/100 brn|[from] drain|[of] p2a: Dondozo
|move|p2a: Dondozo|Curse|p2a: Dondozo
|
|-heal|p2a: Dondozo|100/100|[from] item: Leftovers
|-damage|p1a: Ogerpon|19/100 brn|[from] brn
|upkeep
|turn|67
|
|t:|1757815817
|move|p1a: Ogerpon|Horn Leech|p2a: Dondozo
|-damage|p2a: Dondozo|97/100
|-heal|p1a: Ogerpon|22/100 brn|[from] drain|[of] p2a: Dondozo
|move|p2a: Dondozo|Curse|p2a: Dondozo
|
|-heal|p2a: Dondozo|100/100|[from] item: Leftovers
|-damage|p1a: Ogerpon|16/100 brn|[from] brn
|upkeep
|turn|68
|inactive|ez games tonight has 120 seconds left.
|
|t:|1757815871
|move|p1a: Ogerpon|Horn Leech|p2a: Dondozo
|-crit|p2a: Dondozo
|-damage|p2a: Dondozo|79/100
|-heal|p1a: Ogerpon|34/100 brn|[from] drain|[of] p2a: Dondozo
|move|p2a: Dondozo|Curse|p2a: Dondozo
|
|-heal|p2a: Dondozo|85/100|[from] item: Leftovers
|-damage|p1a: Ogerpon|28/100 brn|[from] brn
|upkeep
|turn|69
|-message|ez games tonight forfeited.
|
|win|Punch bender
|raw|Punch bender's rating: 1074 &rarr; <strong>1097</strong><br />(+23 for winning)
|raw|ez games tonight's rating: 1000 &rarr; <strong>1000</strong><br />(+0 for losing)
|l|☆ez games tonight
|player|p2|
|c|☆Punch bender|lol stupid
