|j|☆Joao v9898
|j|☆potayo
|t:|1757873725
|gametype|singles
|player|p1|Joao v9898|hilbert|1598
|player|p2|potayo|2|1594
|gen|9
|tier|[Gen 9] OU
|rated|
|rule|HP Percentage Mod: HP is shown in percentages
|rule|Endless Battle Clause: Forcing endless battles is banned
|rule|Species Clause: Limit one of each Pokémon
|rule|OHKO Clause: OHKO moves are banned
|rule|Evasion Items Clause: Evasion items are banned
|rule|Evasion Moves Clause: Evasion moves are banned
|rule|Evasion Abilities Clause: Evasion abilities are banned
|rule|Sleep Moves Clause: Sleep-inducing moves are banned
|clearpoke
|poke|p1|Cresselia, F|
|poke|p1|Hatterene, F|
|poke|p1|Diancie|
|poke|p1|Torkoal, M|
|poke|p1|Ursaluna, M|
|poke|p1|Cinderace, M|
|poke|p2|Mimikyu, F|
|poke|p2|Cresselia, F|
|poke|p2|Hatterene, F|
|poke|p2|Hoopa-Unbound|
|poke|p2|Rabsca, M|
|poke|p2|Kingambit, M|
|teampreview
|inactive|Battle timer is ON: inactive players will automatically lose when time's up. (requested by Joao v9898)
|
|t:|1757873752
|teamsize|p1|6
|teamsize|p2|6
|start
|switch|p1a: Torkoal|Torkoal, M|100/100
|switch|p2a: Kingambit|Kingambit, M|100/100
|-weather|SunnyDay|[from] ability: Drought|[of] p1a: Torkoal
|turn|1
|
|t:|1757873759
|move|p2a: Kingambit|Kowtow Cleave|p1a: Torkoal
|-damage|p1a: Torkoal|45/100
|move|p1a: Torkoal|Weather Ball|p2a: Kingambit
|-supereffective|p2a: Kingambit
|-damage|p2a: Kingambit|0 fnt
|faint|p2a: Kingambit
|-end|p2a: Kingambit|fallenundefined|[silent]
|
|-weather|SunnyDay|[upkeep]
|upkeep
|
|t:|1757873767
|switch|p2a: Hoopa|Hoopa-Unbound|100/100
|turn|2
|
|t:|1757873773
|switch|p1a: Cinderace|Cinderace, M|100/100
|move|p2a: Hoopa|Psychic Noise|p1a: Cinderace
|-damage|p1a: Cinderace|41/100
|-start|p1a: Cinderace|move: Heal Block
|
|-weather|SunnyDay|[upkeep]
|upkeep
|turn|3
|
|t:|1757873780
|switch|p2a: Cresselia|Cresselia, F|100/100
|move|p1a: Cinderace|Pyro Ball|p2a: Cresselia
|-damage|p2a: Cresselia|52/100
|
|-weather|SunnyDay|[upkeep]
|-end|p1a: Cinderace|move: Heal Block
|upkeep
|turn|4
|
|t:|1757873784
|move|p1a: Cinderace|Pyro Ball|p2a: Cresselia|[miss]
|-miss|p1a: Cinderace|p2a: Cresselia
|move|p2a: Cresselia|Moonlight|p2a: Cresselia
|-heal|p2a: Cresselia|100/100
|
|-weather|SunnyDay|[upkeep]
|upkeep
|turn|5
|
|t:|1757873787
|move|p1a: Cinderace|Pyro Ball|p2a: Cresselia
|-damage|p2a: Cresselia|59/100
|move|p2a: Cresselia|Trick Room|p2a: Cresselia
|-fieldstart|move: Trick Room|[of] p2a: Cresselia
|
|-weather|none
|upkeep
|turn|6
|
|t:|1757873798
|switch|p1a: Torkoal|Torkoal, M|45/100
|-weather|SunnyDay|[from] ability: Drought|[of] p1a: Torkoal
|move|p2a: Cresselia|Psychic|p1a: Torkoal
|-damage|p1a: Torkoal|8/100
|
|-weather|SunnyDay|[upkeep]
|upkeep
|turn|7
|
|t:|1757873810
|switch|p1a: Ursaluna|Ursaluna, M|100/100
|move|p2a: Cresselia|Psychic|p1a: Ursaluna
|-damage|p1a: Ursaluna|80/100
|
|-weather|SunnyDay|[upkeep]
|-status|p1a: Ursaluna|brn|[from] item: Flame Orb
|upkeep
|turn|8
|inactive|potayo has 120 seconds left.
|
|t:|1757873842
|switch|p2a: Mimikyu|Mimikyu, F|100/100
|move|p1a: Ursaluna|Fire Punch|p2a: Mimikyu
|-activate|p2a: Mimikyu|ability: Disguise
|-damage|p2a: Mimikyu|100/100
|detailschange|p2a: Mimikyu|Mimikyu-Busted, F
|-damage|p2a: Mimikyu|88/100|[from] pokemon: Mimikyu-Busted
|-enditem|p2a: Mimikyu|Red Card|[of] p1a: Ursaluna
|drag|p1a: Cresselia|Cresselia, F|100/100
|
|-weather|SunnyDay|[upkeep]
|upkeep
|turn|9
|inactive|potayo has 120 seconds left.
|
|t:|1757873857
|switch|p2a: Rabsca|Rabsca, M|100/100
|move|p1a: Cresselia|Lunar Dance|p1a: Cresselia
|faint|p1a: Cresselia
|
|-weather|SunnyDay|[upkeep]
|-fieldend|move: Trick Room
|upkeep
|
|t:|1757873862
|switch|p1a: Torkoal|Torkoal, M|8/100
|-heal|p1a: Torkoal|100/100|[from] move: Lunar Dance
|turn|10
|
|t:|1757873867
|move|p2a: Rabsca|Revival Blessing|p2a: Rabsca
|-enditem|p2a: Rabsca|Leppa Berry|[eat]
|-activate|p2a: Rabsca|item: Leppa Berry|Revival Blessing|[consumed]
|
|t:|1757873869
|-heal|p2: Kingambit|50/100|[from] move: Revival Blessing
|move|p1a: Torkoal|Weather Ball|p2a: Rabsca
|-supereffective|p2a: Rabsca
|-damage|p2a: Rabsca|0 fnt
|faint|p2a: Rabsca
|
|-weather|none
|upkeep
|
|t:|1757873876
|switch|p2a: Kingambit|Kingambit, M|50/100
|-activate|p2a: Kingambit|ability: Supreme Overlord
|-start|p2a: Kingambit|fallen2|[silent]
|turn|11
|c|☆Joao v9898|good
|
|t:|1757873885
|switch|p1a: Diancie|Diancie|100/100
|move|p2a: Kingambit|Iron Head|p1a: Diancie
|-supereffective|p1a: Diancie
|-damage|p1a: Diancie|0 fnt
|faint|p1a: Diancie
|
|upkeep
|
|t:|1757873890
|switch|p1a: Torkoal|Torkoal, M|100/100
|-weather|SunnyDay|[from] ability: Drought|[of] p1a: Torkoal
|turn|12
|inactive|potayo has 120 seconds left.
|
|t:|1757873942
|-end|p2a: Kingambit|fallen2|[silent]
|switch|p2a: Hoopa|Hoopa-Unbound|100/100
|move|p1a: Torkoal|Weather Ball|p2a: Hoopa
|-damage|p2a: Hoopa|43/100
|-enditem|p2a: Hoopa|Sitrus Berry|[eat]
|-heal|p2a: Hoopa|68/100|[from] item: Sitrus Berry
|
|-weather|SunnyDay|[upkeep]
|upkeep
|turn|13
|
|t:|1757873961
|move|p2a: Hoopa|Psychic Noise|p1a: Torkoal
|-damage|p1a: Torkoal|42/100
|-start|p1a: Torkoal|move: Heal Block
|-item|p2a: Hoopa|Choice Specs|[from] ability: Magician|[of] p1a: Torkoal
|move|p1a: Torkoal|Weather Ball|p2a: Hoopa
|-damage|p2a: Hoopa|29/100
|
|-weather|SunnyDay|[upkeep]
|upkeep
|turn|14
|
|t:|1757873970
|switch|p1a: Hatterene|Hatterene, F|100/100
|move|p2a: Hoopa|Psychic Noise|p1a: Hatterene
|-resisted|p1a: Hatterene
|-crit|p1a: Hatterene
|-damage|p1a: Hatterene|51/100
|-start|p1a: Hatterene|move: Heal Block
|
|-weather|SunnyDay|[upkeep]
|upkeep
|turn|15
|
|t:|1757873984
|move|p2a: Hoopa|Psychic Noise|p1a: Hatterene
|-resisted|p1a: Hatterene
|-damage|p1a: Hatterene|17/100
|move|p1a: Hatterene|Trick Room|p1a: Hatterene
|-fieldstart|move: Trick Room|[of] p1a: Hatterene
|
|-weather|SunnyDay|[upkeep]
|-end|p1a: Hatterene|move: Heal Block
|upkeep
|turn|16
|
|t:|1757873997
|switch|p2a: Hatterene|Hatterene, F|100/100
|move|p1a: Hatterene|Misty Explosion|p2a: Hatterene
|-damage|p2a: Hatterene|38/100
|faint|p1a: Hatterene
|
|-weather|none
|upkeep
|
|t:|1757874003
|switch|p1a: Torkoal|Torkoal, M|42/100
|-weather|SunnyDay|[from] ability: Drought|[of] p1a: Torkoal
|turn|17
|
|t:|1757874012
|move|p2a: Hatterene|Psychic Noise|p1a: Torkoal
|-damage|p1a: Torkoal|0 fnt
|faint|p1a: Torkoal
|
|-weather|SunnyDay|[upkeep]
|upkeep
|
|t:|1757874017
|switch|p1a: Ursaluna|Ursaluna, M|80/100 brn
|turn|18
|-message|Joao v9898 forfeited.
|
|win|potayo
|raw|Joao v9898's rating: 1598 &rarr; <strong>1578</strong><br />(-20 for losing)
|raw|potayo's rating: 1594 &rarr; <strong>1614</strong><br />(+20 for winning)
|l|☆Joao v9898
|player|p1|
|l|☆potayo
|player|p2|
