|j|☆Ancient Tito
|j|☆Ivanpmd
|t:|1757845009
|gametype|singles
|player|p1|Ancient Tito|rood|1215
|player|p2|Ivanpmd|cheren-gen5bw2|1225
|gen|9
|tier|[Gen 9] OU
|rated|
|rule|HP Percentage Mod: HP is shown in percentages
|rule|Endless Battle Clause: Forcing endless battles is banned
|rule|Species Clause: Limit one of each Pokémon
|rule|OHKO Clause: OHKO moves are banned
|rule|Evasion Items Clause: Evasion items are banned
|rule|Evasion Moves Clause: Evasion moves are banned
|rule|Evasion Abilities Clause: Evasion abilities are banned
|rule|Sleep Moves Clause: Sleep-inducing moves are banned
|clearpoke
|poke|p1|Dragapult, M|
|poke|p1|Cinderace, M|
|poke|p1|Iron Treads|
|poke|p1|Dondozo, F|
|poke|p1|Raging Bolt|
|poke|p1|Enamorus, F|
|poke|p2|Meowscarada, F|
|poke|p2|Primarina, M|
|poke|p2|Scizor, F|
|poke|p2|Great Tusk|
|poke|p2|Heatran, M|
|poke|p2|Zapdos|
|teampreview
|inactive|Battle timer is ON: inactive players will automatically lose when time's up. (requested by Ivanpmd)
|
|t:|1757845026
|teamsize|p1|6
|teamsize|p2|6
|start
|switch|p1a: Dragapult|Dragapult, M|100/100
|switch|p2a: Heatran|Heatran, M, shiny|100/100
|turn|1
|
|t:|1757845032
|move|p1a: Dragapult|U-turn|p2a: Heatran
|-resisted|p2a: Heatran
|-damage|p2a: Heatran|93/100
|
|t:|1757845037
|switch|p1a: Dondozo|Dondozo, F|100/100|[from] U-turn
|move|p2a: Heatran|Stealth Rock|p1a: Dondozo
|-sidestart|p1: Ancient Tito|move: Stealth Rock
|
|-heal|p2a: Heatran|99/100|[from] item: Leftovers
|upkeep
|turn|2
|
|t:|1757845047
|switch|p2a: Zapdos|Zapdos, shiny|100/100
|switch|p1a: Iron Treads|Iron Treads|100/100
|-damage|p1a: Iron Treads|97/100|[from] Stealth Rock
|
|upkeep
|turn|3
|
|t:|1757845059
|move|p2a: Zapdos|Heat Wave|p1a: Iron Treads
|-supereffective|p1a: Iron Treads
|-damage|p1a: Iron Treads|60/100
|move|p1a: Iron Treads|Knock Off|p2a: Zapdos
|-damage|p2a: Zapdos|79/100
|-enditem|p2a: Zapdos|Heavy-Duty Boots|[from] move: Knock Off|[of] p1a: Iron Treads
|
|upkeep
|turn|4
|
|t:|1757845076
|-end|p1a: Iron Treads|Quark Drive|[silent]
|switch|p1a: Cinderace|Cinderace, M|100/100
|move|p2a: Zapdos|Heat Wave|p1a: Cinderace
|-resisted|p1a: Cinderace
|-damage|p1a: Cinderace|86/100
|
|upkeep
|turn|5
|
|t:|1757845102
|move|p1a: Cinderace|Court Change|p1a: Cinderace
|-start|p1a: Cinderace|typechange|Normal|[from] ability: Libero
|-swapsideconditions
|-activate|p1a: Cinderace|move: Court Change
|move|p2a: Zapdos|Discharge|p1a: Cinderace
|-damage|p1a: Cinderace|42/100
|
|upkeep
|turn|6
|inactive|Ivanpmd has 120 seconds left.
|
|t:|1757845123
|switch|p1a: Raging Bolt|Raging Bolt|100/100
|move|p2a: Zapdos|Discharge|p1a: Raging Bolt
|-resisted|p1a: Raging Bolt
|-damage|p1a: Raging Bolt|94/100
|
|-heal|p1a: Raging Bolt|100/100|[from] item: Leftovers
|upkeep
|turn|7
|inactive|Ivanpmd has 120 seconds left.
|
|t:|1757845137
|switch|p2a: Great Tusk|Great Tusk, shiny|100/100
|move|p1a: Raging Bolt|Dragon Pulse|p2a: Great Tusk
|-damage|p2a: Great Tusk|42/100
|
|upkeep
|turn|8
|
|t:|1757845145
|move|p2a: Great Tusk|Rapid Spin|p1a: Raging Bolt
|-damage|p1a: Raging Bolt|90/100
|-boost|p2a: Great Tusk|spe|1
|-sideend|p2: Ivanpmd|Stealth Rock|[from] move: Rapid Spin|[of] p2a: Great Tusk
|move|p1a: Raging Bolt|Dragon Pulse|p2a: Great Tusk
|-damage|p2a: Great Tusk|0 fnt
|faint|p2a: Great Tusk
|-end|p2a: Great Tusk|Protosynthesis|[silent]
|
|-heal|p1a: Raging Bolt|96/100|[from] item: Leftovers
|upkeep
|inactive|Ivanpmd has 120 seconds left.
|
|t:|1757845161
|switch|p2a: Primarina|Primarina, M, shiny|100/100
|turn|9
|inactive|Ivanpmd has 120 seconds left.
|
|t:|1757845169
|move|p1a: Raging Bolt|Volt Switch|p2a: Primarina
|-supereffective|p2a: Primarina
|-damage|p2a: Primarina|52/100
|
|t:|1757845178
|-end|p1a: Raging Bolt|Protosynthesis|[silent]
|switch|p1a: Dondozo|Dondozo, F|100/100|[from] Volt Switch
|move|p2a: Primarina|Calm Mind|p2a: Primarina
|-boost|p2a: Primarina|spa|1
|-boost|p2a: Primarina|spd|1
|
|-heal|p2a: Primarina|58/100|[from] item: Leftovers
|upkeep
|turn|10
|inactive|Ancient Tito has 120 seconds left.
|
|t:|1757845216
|move|p2a: Primarina|Draining Kiss|p1a: Dondozo
|-damage|p1a: Dondozo|81/100
|-heal|p2a: Primarina|76/100|[from] drain|[of] p1a: Dondozo
|move|p1a: Dondozo|Liquidation|p2a: Primarina
|-resisted|p2a: Primarina
|-damage|p2a: Primarina|60/100
|-unboost|p2a: Primarina|def|1
|
|-heal|p2a: Primarina|66/100|[from] item: Leftovers
|-heal|p1a: Dondozo|87/100|[from] item: Leftovers
|upkeep
|turn|11
|inactive|Ancient Tito has 120 seconds left.
|
|t:|1757845228
|move|p2a: Primarina|Shadow Ball|p1a: Dondozo
|-damage|p1a: Dondozo|63/100
|move|p1a: Dondozo|Liquidation|p2a: Primarina
|-resisted|p2a: Primarina
|-damage|p2a: Primarina|50/100
|
|-heal|p2a: Primarina|56/100|[from] item: Leftovers
|-heal|p1a: Dondozo|70/100|[from] item: Leftovers
|upkeep
|turn|12
|inactive|Ancient Tito has 120 seconds left.
|
|t:|1757845239
|move|p2a: Primarina|Calm Mind|p2a: Primarina
|-boost|p2a: Primarina|spa|1
|-boost|p2a: Primarina|spd|1
|move|p1a: Dondozo|Liquidation|p2a: Primarina
|-resisted|p2a: Primarina
|-damage|p2a: Primarina|39/100
|-unboost|p2a: Primarina|def|1
|
|-heal|p2a: Primarina|45/100|[from] item: Leftovers
|-heal|p1a: Dondozo|76/100|[from] item: Leftovers
|upkeep
|turn|13
|inactive|Ancient Tito has 120 seconds left.
|
|t:|1757845249
|move|p2a: Primarina|Draining Kiss|p1a: Dondozo
|-damage|p1a: Dondozo|55/100
|-heal|p2a: Primarina|64/100|[from] drain|[of] p1a: Dondozo
|move|p1a: Dondozo|Liquidation|p2a: Primarina
|-resisted|p2a: Primarina
|-damage|p2a: Primarina|46/100
|
|-heal|p2a: Primarina|52/100|[from] item: Leftovers
|-heal|p1a: Dondozo|61/100|[from] item: Leftovers
|upkeep
|turn|14
|inactive|Ancient Tito has 120 seconds left.
|
|t:|1757845268
|switch|p1a: Dragapult|Dragapult, M|100/100
|move|p2a: Primarina|Draining Kiss|p1a: Dragapult
|-supereffective|p1a: Dragapult
|-damage|p1a: Dragapult|0 fnt
|-heal|p2a: Primarina|100/100|[from] drain|[of] p1a: Dragapult
|faint|p1a: Dragapult
|
|upkeep
|-message|Ancient Tito forfeited.
|
|win|Ivanpmd
|raw|Ancient Tito's rating: 1215 &rarr; <strong>1191</strong><br />(-24 for losing)
|raw|Ivanpmd's rating: 1225 &rarr; <strong>1249</strong><br />(+24 for winning)
|l|☆Ancient Tito
|player|p1|
