|j|☆SapphireRedux
|j|☆Moistham
|t:|1757815528
|gametype|singles
|player|p1|SapphireRedux|lacey|1483
|player|p2|Moistham|102|1527
|gen|9
|tier|[Gen 9] OU
|rated|
|rule|HP Percentage Mod: HP is shown in percentages
|rule|Endless Battle Clause: Forcing endless battles is banned
|rule|Species Clause: Limit one of each Pokémon
|rule|OHKO Clause: OHKO moves are banned
|rule|Evasion Items Clause: Evasion items are banned
|rule|Evasion Moves Clause: Evasion moves are banned
|rule|Evasion Abilities Clause: Evasion abilities are banned
|rule|Sleep Moves Clause: Sleep-inducing moves are banned
|clearpoke
|poke|p1|Zamazenta-*|
|poke|p1|Ninetales-Alola, M|
|poke|p1|Darkrai|
|poke|p1|Ceruledge, M|
|poke|p1|Empoleon, F|
|poke|p1|Hatterene, F|
|poke|p2|Blaziken, M|
|poke|p2|Salamence, M|
|poke|p2|Ambipom, F|
|poke|p2|Houndstone, M|
|poke|p2|Iron Hands|
|poke|p2|Scizor, F|
|teampreview
|inactive|Battle timer is ON: inactive players will automatically lose when time's up. (requested by SapphireRedux)
|
|t:|1757815543
|teamsize|p1|6
|teamsize|p2|6
|start
|switch|p1a: Hatterene|Hatterene, F|100/100
|switch|p2a: Ambipom|Ambipom, F|100/100
|turn|1
|
|t:|1757815549
|move|p2a: Ambipom|Fake Out|p1a: Hatterene
|-damage|p1a: Hatterene|79/100
|cant|p1a: Hatterene|flinch
|
|-heal|p1a: Hatterene|85/100|[from] item: Leftovers
|upkeep
|turn|2
|
|t:|1757815555
|move|p2a: Ambipom|Triple Axel|p1a: Hatterene
|-damage|p1a: Hatterene|78/100
|-damage|p1a: Hatterene|63/100
|-damage|p1a: Hatterene|41/100
|-hitcount|p1a: Hatterene|3
|move|p1a: Hatterene|Draining Kiss|p2a: Ambipom
|-damage|p2a: Ambipom|66/100
|-heal|p1a: Hatterene|65/100|[from] drain|[of] p2a: Ambipom
|
|-heal|p1a: Hatterene|71/100|[from] item: Leftovers
|upkeep
|turn|3
|
|t:|1757815561
|switch|p1a: Ninetales|Ninetales-Alola, M|100/100
|-weather|Snowscape|[from] ability: Snow Warning|[of] p1a: Ninetales
|move|p2a: Ambipom|Beat Up|p1a: Ninetales
|-resisted|p1a: Ninetales
|-damage|p1a: Ninetales|98/100
|-resisted|p1a: Ninetales
|-damage|p1a: Ninetales|95/100
|-resisted|p1a: Ninetales
|-damage|p1a: Ninetales|92/100
|-resisted|p1a: Ninetales
|-damage|p1a: Ninetales|89/100
|-resisted|p1a: Ninetales
|-damage|p1a: Ninetales|86/100
|-resisted|p1a: Ninetales
|-damage|p1a: Ninetales|82/100
|-hitcount|p1a: Ninetales|6
|
|-weather|Snowscape|[upkeep]
|upkeep
|turn|4
|
|t:|1757815570
|switch|p2a: Scizor|Scizor, F|100/100
|move|p1a: Ninetales|Aurora Veil|p1a: Ninetales
|-sidestart|p1: SapphireRedux|move: Aurora Veil
|
|-weather|Snowscape|[upkeep]
|upkeep
|turn|5
|
|t:|1757815576
|switch|p1a: Ceruledge|Ceruledge, M|100/100
|move|p2a: Scizor|Swords Dance|p2a: Scizor
|-boost|p2a: Scizor|atk|2
|
|-weather|Snowscape|[upkeep]
|upkeep
|turn|6
|
|t:|1757815583
|move|p1a: Ceruledge|Bulk Up|p1a: Ceruledge
|-boost|p1a: Ceruledge|atk|1
|-boost|p1a: Ceruledge|def|1
|move|p2a: Scizor|Knock Off|p1a: Ceruledge
|-supereffective|p1a: Ceruledge
|-damage|p1a: Ceruledge|51/100
|-enditem|p1a: Ceruledge|Covert Cloak|[from] move: Knock Off|[of] p2a: Scizor
|
|-weather|Snowscape|[upkeep]
|upkeep
|turn|7
|
|t:|1757815597
|switch|p2a: Ambipom|Ambipom, F|66/100
|move|p1a: Ceruledge|Bitter Blade|p2a: Ambipom
|-damage|p2a: Ambipom|0 fnt
|-heal|p1a: Ceruledge|78/100|[from] drain|[of] p2a: Ambipom
|faint|p2a: Ambipom
|
|-weather|none
|upkeep
|
|t:|1757815614
|switch|p2a: Houndstone|Houndstone, M|100/100
|turn|8
|
|t:|1757815620
|move|p2a: Houndstone|Shadow Sneak|p1a: Ceruledge
|-supereffective|p1a: Ceruledge
|-damage|p1a: Ceruledge|65/100
|move|p1a: Ceruledge|Bulk Up|p1a: Ceruledge
|-boost|p1a: Ceruledge|atk|1
|-boost|p1a: Ceruledge|def|1
|
|upkeep
|turn|9
|
|t:|1757815625
|move|p2a: Houndstone|Shadow Sneak|p1a: Ceruledge
|-supereffective|p1a: Ceruledge
|-damage|p1a: Ceruledge|53/100
|move|p1a: Ceruledge|Bulk Up|p1a: Ceruledge
|-boost|p1a: Ceruledge|atk|1
|-boost|p1a: Ceruledge|def|1
|
|upkeep
|turn|10
|
|t:|1757815627
|move|p2a: Houndstone|Shadow Sneak|p1a: Ceruledge
|-supereffective|p1a: Ceruledge
|-damage|p1a: Ceruledge|45/100
|move|p1a: Ceruledge|Bitter Blade|p2a: Houndstone
|-damage|p2a: Houndstone|15/100
|-heal|p1a: Ceruledge|87/100|[from] drain|[of] p2a: Houndstone
|
|-heal|p2a: Houndstone|21/100|[from] item: Leftovers
|upkeep
|turn|11
|
|t:|1757815630
|move|p1a: Ceruledge|Shadow Sneak|p2a: Houndstone
|-supereffective|p2a: Houndstone
|-damage|p2a: Houndstone|0 fnt
|faint|p2a: Houndstone
|
|-sideend|p1: SapphireRedux|move: Aurora Veil
|upkeep
|
|t:|1757815638
|switch|p2a: Iron Hands|Iron Hands|100/100
|-enditem|p2a: Iron Hands|Booster Energy
|-activate|p2a: Iron Hands|ability: Quark Drive|[fromitem]
|-start|p2a: Iron Hands|quarkdriveatk
|turn|12
|
|t:|1757815642
|move|p1a: Ceruledge|Taunt|p2a: Iron Hands
|-start|p2a: Iron Hands|move: Taunt
|move|p2a: Iron Hands|Thunder Punch|p1a: Ceruledge
|-damage|p1a: Ceruledge|60/100
|
|upkeep
|turn|13
|
|t:|1757815644
|move|p1a: Ceruledge|Bitter Blade|p2a: Iron Hands
|-damage|p2a: Iron Hands|40/100
|-heal|p1a: Ceruledge|100/100|[from] drain|[of] p2a: Iron Hands
|move|p2a: Iron Hands|Thunder Punch|p1a: Ceruledge
|-damage|p1a: Ceruledge|74/100
|
|upkeep
|turn|14
|
|t:|1757815647
|move|p1a: Ceruledge|Bitter Blade|p2a: Iron Hands
|-damage|p2a: Iron Hands|0 fnt
|-heal|p1a: Ceruledge|100/100|[from] drain|[of] p2a: Iron Hands
|faint|p2a: Iron Hands
|-end|p2a: Iron Hands|Quark Drive|[silent]
|
|upkeep
|-message|Moistham forfeited.
|
|win|SapphireRedux
|raw|SapphireRedux's rating: 1483 &rarr; <strong>1506</strong><br />(+23 for winning)
|raw|Moistham's rating: 1527 &rarr; <strong>1504</strong><br />(-23 for losing)
|l|☆Moistham
|player|p2|
|l|☆SapphireRedux
|player|p1|
