|badge|p2|silver|gen9ou|30-6
|uhtml|medal-msg|<div class="broadcast-blue">Curious what those medals under the avatar are? PS now has Ladder Seasons! For more information, check out the <a href="https://www.smogon.com/forums/threads/3740067/">thread on Smogon.</a></div>
|j|☆skidog
|j|☆healorant
|t:|1757790046
|gametype|singles
|player|p1|skidog|skierf|1753
|player|p2|healorant|alder|1898
|gen|9
|tier|[Gen 9] OU
|rated|
|rule|HP Percentage Mod: HP is shown in percentages
|rule|Endless Battle Clause: Forcing endless battles is banned
|rule|Species Clause: Limit one of each Pokémon
|rule|OHKO Clause: OHKO moves are banned
|rule|Evasion Items Clause: Evasion items are banned
|rule|Evasion Moves Clause: Evasion moves are banned
|rule|Evasion Abilities Clause: Evasion abilities are banned
|rule|Sleep Moves Clause: Sleep-inducing moves are banned
|clearpoke
|poke|p1|Great Tusk|
|poke|p1|Alomomola, M|
|poke|p1|Pecharunt|
|poke|p1|Landorus-Therian, M|
|poke|p1|Blaziken, M|
|poke|p1|Raging Bolt|
|poke|p2|Heatran, M|
|poke|p2|Darkrai|
|poke|p2|Kingambit, F|
|poke|p2|Landorus-Therian, M|
|poke|p2|Primarina, F|
|poke|p2|Zamazenta-*|
|teampreview
|inactive|Battle timer is ON: inactive players will automatically lose when time's up. (requested by skidog)
|c|☆skidog|glhf
|
|t:|1757790071
|teamsize|p1|6
|teamsize|p2|6
|start
|switch|p1a: Alomomola|Alomomola, M|100/100
|switch|p2a: Heatran|Heatran, M|100/100
|turn|1
|j| 54 insane rats
|
|t:|1757790077
|move|p2a: Heatran|Stealth Rock|p1a: Alomomola
|-sidestart|p1: skidog|move: Stealth Rock
|move|p1a: Alomomola|Flip Turn|p2a: Heatran
|-supereffective|p2a: Heatran
|-damage|p2a: Heatran|71/100
|
|t:|1757790093
|switch|p1a: Great Tusk|Great Tusk|100/100|[from] Flip Turn
|-damage|p1a: Great Tusk|98/100|[from] Stealth Rock
|
|-heal|p2a: Heatran|77/100|[from] item: Leftovers
|upkeep
|turn|2
|
|t:|1757790100
|switch|p2a: Landorus|Landorus-Therian, M|100/100
|-ability|p2a: Landorus|Intimidate|boost
|-unboost|p1a: Great Tusk|atk|1
|move|p1a: Great Tusk|Headlong Rush|p2a: Landorus
|-immune|p2a: Landorus
|
|upkeep
|turn|3
|
|t:|1757790104
|move|p2a: Landorus|Earthquake|p1a: Great Tusk
|-damage|p1a: Great Tusk|63/100
|move|p1a: Great Tusk|Rapid Spin|p2a: Landorus
|-damage|p2a: Landorus|90/100
|-boost|p1a: Great Tusk|spe|1
|-damage|p1a: Great Tusk|47/100|[from] item: Rocky Helmet|[of] p2a: Landorus
|-sideend|p1: skidog|Stealth Rock|[from] move: Rapid Spin|[of] p1a: Great Tusk
|
|upkeep
|turn|4
|
|t:|1757790110
|move|p1a: Great Tusk|Stealth Rock|p2a: Landorus
|-sidestart|p2: healorant|move: Stealth Rock
|move|p2a: Landorus|Earthquake|p1a: Great Tusk
|-damage|p1a: Great Tusk|11/100
|
|upkeep
|turn|5
|
|t:|1757790119
|move|p1a: Great Tusk|Knock Off|p2a: Landorus
|-damage|p2a: Landorus|68/100
|-damage|p1a: Great Tusk|0 fnt|[from] item: Rocky Helmet|[of] p2a: Landorus
|faint|p1a: Great Tusk
|-end|p1a: Great Tusk|Protosynthesis|[silent]
|move|p2a: Landorus|Stealth Rock|p1: Great Tusk
|-sidestart|p1: skidog|move: Stealth Rock
|
|upkeep
|
|t:|1757790128
|switch|p1a: Blaziken|Blaziken, M|100/100
|-damage|p1a: Blaziken|88/100|[from] Stealth Rock
|turn|6
|
|t:|1757790147
|move|p1a: Blaziken|Protect|p1a: Blaziken
|-singleturn|p1a: Blaziken|Protect
|move|p2a: Landorus|Earthquake|p1a: Blaziken
|-activate|p1a: Blaziken|move: Protect
|
|-ability|p1a: Blaziken|Speed Boost|boost
|-boost|p1a: Blaziken|spe|1
|upkeep
|turn|7
|
|t:|1757790156
|move|p1a: Blaziken|Overheat|p2a: Landorus
|-damage|p2a: Landorus|0 fnt
|-unboost|p1a: Blaziken|spa|2
|faint|p2a: Landorus
|
|-ability|p1a: Blaziken|Speed Boost|boost
|-boost|p1a: Blaziken|spe|1
|upkeep
|
|t:|1757790160
|switch|p2a: Primarina|Primarina, F|100/100
|turn|8
|
|t:|1757790165
|switch|p1a: Alomomola|Alomomola, M|100/100
|-damage|p1a: Alomomola|88/100|[from] Stealth Rock
|move|p2a: Primarina|Moonblast|p1a: Alomomola
|-damage|p1a: Alomomola|64/100
|
|upkeep
|turn|9
|
|t:|1757790171
|move|p2a: Primarina|Psychic Noise|p1a: Alomomola
|-damage|p1a: Alomomola|51/100
|-start|p1a: Alomomola|move: Heal Block
|move|p1a: Alomomola|Flip Turn|p2a: Primarina
|-resisted|p2a: Primarina
|-damage|p2a: Primarina|91/100
|
|t:|1757790177
|switch|p1a: Raging Bolt|Raging Bolt|100/100|[from] Flip Turn
|-damage|p1a: Raging Bolt|88/100|[from] Stealth Rock
|
|upkeep
|turn|10
|
|t:|1757790188
|switch|p2a: Heatran|Heatran, M|77/100
|-damage|p2a: Heatran|65/100|[from] Stealth Rock
|move|p1a: Raging Bolt|Thunderbolt|p2a: Heatran
|-damage|p2a: Heatran|16/100
|
|-heal|p2a: Heatran|22/100|[from] item: Leftovers
|upkeep
|turn|11
|
|t:|1757790192
|move|p1a: Raging Bolt|Thunderbolt|p2a: Heatran
|-damage|p2a: Heatran|0 fnt
|faint|p2a: Heatran
|
|upkeep
|
|t:|1757790200
|switch|p2a: Kingambit|Kingambit, F|100/100
|-damage|p2a: Kingambit|94/100|[from] Stealth Rock
|-activate|p2a: Kingambit|ability: Supreme Overlord
|-start|p2a: Kingambit|fallen2|[silent]
|turn|12
|
|t:|1757790218
|move|p1a: Raging Bolt|Thunderbolt|p2a: Kingambit
|-crit|p2a: Kingambit
|-damage|p2a: Kingambit|0 fnt
|faint|p2a: Kingambit
|-end|p2a: Kingambit|fallen2|[silent]
|
|upkeep
|
|t:|1757790229
|switch|p2a: Primarina|Primarina, F|91/100
|turn|13
|l| 54 insane rats
|l|☆skidog
|inactive|skidog disconnected and has a minute to reconnect!
|player|p1|
|inactive|skidog has 30 seconds to reconnect!
|inactive|skidog has 20 seconds to reconnect!
|inactive|skidog has 15 seconds to reconnect!
|j|☆skidog
|inactive|skidog reconnected and has 90 seconds left.
|player|p1|skidog|skierf|
|
|t:|1757790297
|-terastallize|p2a: Primarina|Steel
|move|p1a: Raging Bolt|Thunderbolt|p2a: Primarina
|-damage|p2a: Primarina|19/100
|move|p2a: Primarina|Moonblast|p1a: Raging Bolt
|-supereffective|p1a: Raging Bolt
|-damage|p1a: Raging Bolt|2/100
|
|upkeep
|turn|14
|inactive|skidog has 90 seconds left.
|
|t:|1757790304
|move|p1a: Raging Bolt|Thunderbolt|p2a: Primarina
|-damage|p2a: Primarina|0 fnt
|faint|p2a: Primarina
|
|upkeep
|
|t:|1757790307
|switch|p2a: Darkrai|Darkrai|100/100
|-damage|p2a: Darkrai|88/100|[from] Stealth Rock
|turn|15
|
|t:|1757790310
|move|p2a: Darkrai|Dark Pulse|p1a: Raging Bolt
|-damage|p1a: Raging Bolt|0 fnt
|faint|p1a: Raging Bolt
|-end|p1a: Raging Bolt|Protosynthesis|[silent]
|
|-heal|p2a: Darkrai|94/100|[from] item: Leftovers
|upkeep
|
|t:|1757790313
|switch|p1a: Blaziken|Blaziken, M|88/100
|-damage|p1a: Blaziken|76/100|[from] Stealth Rock
|turn|16
|
|t:|1757790333
|move|p2a: Darkrai|Sludge Bomb|p1a: Blaziken
|-damage|p1a: Blaziken|27/100
|move|p1a: Blaziken|Focus Energy|p1a: Blaziken
|-start|p1a: Blaziken|move: Focus Energy
|
|-heal|p2a: Darkrai|99/100|[from] item: Leftovers
|-ability|p1a: Blaziken|Speed Boost|boost
|-boost|p1a: Blaziken|spe|1
|upkeep
|turn|17
|
|t:|1757790340
|move|p1a: Blaziken|Protect|p1a: Blaziken
|-singleturn|p1a: Blaziken|Protect
|move|p2a: Darkrai|Sludge Bomb|p1a: Blaziken
|-activate|p1a: Blaziken|move: Protect
|
|-heal|p2a: Darkrai|100/100|[from] item: Leftovers
|-ability|p1a: Blaziken|Speed Boost|boost
|-boost|p1a: Blaziken|spe|1
|upkeep
|turn|18
|
|t:|1757790345
|move|p1a: Blaziken|Overheat|p2a: Darkrai|[miss]
|-miss|p1a: Blaziken|p2a: Darkrai
|move|p2a: Darkrai|Sludge Bomb|p1a: Blaziken
|-damage|p1a: Blaziken|0 fnt
|faint|p1a: Blaziken
|
|upkeep
|
|t:|1757790354
|switch|p1a: Landorus|Landorus-Therian, M|100/100
|-damage|p1a: Landorus|88/100|[from] Stealth Rock
|-ability|p1a: Landorus|Intimidate|boost
|-unboost|p2a: Darkrai|atk|1
|turn|19
|
|t:|1757790358
|move|p2a: Darkrai|Nasty Plot|p2a: Darkrai
|-boost|p2a: Darkrai|spa|2
|move|p1a: Landorus|U-turn|p2a: Darkrai
|-supereffective|p2a: Darkrai
|-damage|p2a: Darkrai|0 fnt
|faint|p2a: Darkrai
|
|t:|1757790365
|switch|p1a: Pecharunt|Pecharunt|100/100|[from] U-turn
|-damage|p1a: Pecharunt|88/100|[from] Stealth Rock
|
|upkeep
|
|t:|1757790367
|switch|p2a: Zamazenta|Zamazenta|100/100
|-ability|p2a: Zamazenta|Dauntless Shield|boost
|-boost|p2a: Zamazenta|def|1
|turn|20
|
|t:|1757790373
|move|p2a: Zamazenta|Crunch|p1a: Pecharunt
|-supereffective|p1a: Pecharunt
|-damage|p1a: Pecharunt|65/100
|-damage|p2a: Zamazenta|84/100|[from] item: Rocky Helmet|[of] p1a: Pecharunt
|move|p1a: Pecharunt|Parting Shot|p2a: Zamazenta
|-unboost|p2a: Zamazenta|atk|1
|-unboost|p2a: Zamazenta|spa|1
|
|t:|1757790376
|switch|p1a: Landorus|Landorus-Therian, M|88/100|[from] Parting Shot
|-damage|p1a: Landorus|76/100|[from] Stealth Rock
|-ability|p1a: Landorus|Intimidate|boost
|-unboost|p2a: Zamazenta|atk|1
|
|upkeep
|turn|21
|
|t:|1757790385
|-terastallize|p1a: Landorus|Flying
|move|p2a: Zamazenta|Stone Edge|p1a: Landorus
|-supereffective|p1a: Landorus
|-crit|p1a: Landorus
|-damage|p1a: Landorus|0 fnt
|faint|p1a: Landorus
|
|upkeep
|
|t:|1757790393
|switch|p1a: Alomomola|Alomomola, M|84/100
|-damage|p1a: Alomomola|72/100|[from] Stealth Rock
|turn|22
|-message|healorant forfeited.
|
|win|skidog
|raw|skidog's rating: 1753 &rarr; <strong>1781</strong><br />(+28 for winning)
|raw|healorant's rating: 1898 &rarr; <strong>1870</strong><br />(-28 for losing)
|l|☆healorant
|player|p2|
|l|☆skidog
|player|p1|
