|j|☆uechan
|j|☆LooksGoodToMe
|t:|1757911041
|gametype|singles
|player|p1|uechan|101|1289
|player|p2|LooksGoodToMe|169|1235
|gen|9
|tier|[Gen 9] OU
|rated|
|rule|HP Percentage Mod: HP is shown in percentages
|rule|Endless Battle Clause: Forcing endless battles is banned
|rule|Species Clause: Limit one of each Pokémon
|rule|OHKO Clause: OHKO moves are banned
|rule|Evasion Items Clause: Evasion items are banned
|rule|Evasion Moves Clause: Evasion moves are banned
|rule|Evasion Abilities Clause: Evasion abilities are banned
|rule|Sleep Moves Clause: Sleep-inducing moves are banned
|clearpoke
|poke|p1|Pelipper, F|
|poke|p1|Barraskewda, M|
|poke|p1|Zapdos|
|poke|p1|Hatterene, F|
|poke|p1|Iron Treads|
|poke|p1|Kingambit, M|
|poke|p2|Gholdengo|
|poke|p2|Primarina, F|
|poke|p2|Moltres|
|poke|p2|Ursaluna, F|
|poke|p2|Hydreigon, F|
|poke|p2|Toxtricity, F|
|teampreview
|inactive|Battle timer is ON: inactive players will automatically lose when time's up. (requested by LooksGoodToMe)
|c|☆LooksGoodToMe|hf
|
|t:|1757911052
|teamsize|p1|6
|teamsize|p2|6
|start
|switch|p1a: Iron Treads|Iron Treads|100/100
|switch|p2a: Ursaluna|Ursaluna, F|100/100
|turn|1
|
|t:|1757911067
|-end|p1a: Iron Treads|Quark Drive|[silent]
|switch|p1a: Pelipper|Pelipper, F|100/100
|-weather|RainDance|[from] ability: Drizzle|[of] p1a: Pelipper
|move|p2a: Ursaluna|Trailblaze|p1a: Pelipper
|-damage|p1a: Pelipper|85/100
|-boost|p2a: Ursaluna|spe|1
|
|-weather|RainDance|[upkeep]
|-status|p2a: Ursaluna|brn|[from] item: Flame Orb
|upkeep
|turn|2
|
|t:|1757911078
|move|p2a: Ursaluna|Facade|p1a: Pelipper
|-damage|p1a: Pelipper|0 fnt
|faint|p1a: Pelipper
|
|-weather|RainDance|[upkeep]
|-damage|p2a: Ursaluna|94/100 brn|[from] brn
|upkeep
|
|t:|1757911088
|switch|p1a: Barraskewda|Barraskewda, M|100/100
|turn|3
|
|t:|1757911097
|switch|p2a: Primarina|Primarina, F|100/100
|move|p1a: Barraskewda|Liquidation|p2a: Primarina
|-resisted|p2a: Primarina
|-damage|p2a: Primarina|58/100
|
|-weather|RainDance|[upkeep]
|-heal|p2a: Primarina|65/100|[from] item: Leftovers
|upkeep
|turn|4
|
|t:|1757911118
|switch|p1a: Zapdos|Zapdos|100/100
|move|p2a: Primarina|Draining Kiss|p1a: Zapdos
|-damage|p1a: Zapdos|78/100
|-heal|p2a: Primarina|80/100|[from] drain|[of] p1a: Zapdos
|-status|p2a: Primarina|par|[from] ability: Static|[of] p1a: Zapdos
|
|-weather|RainDance|[upkeep]
|-heal|p2a: Primarina|86/100 par|[from] item: Leftovers
|upkeep
|turn|5
|
|t:|1757911128
|move|p1a: Zapdos|Hurricane|p2a: Primarina
|-damage|p2a: Primarina|37/100 par
|-start|p2a: Primarina|confusion
|-activate|p2a: Primarina|confusion
|-damage|p2a: Primarina|32/100 par|[from] confusion
|
|-weather|RainDance|[upkeep]
|-heal|p2a: Primarina|38/100 par|[from] item: Leftovers
|upkeep
|turn|6
|
|t:|1757911138
|move|p1a: Zapdos|Hurricane|p2a: Primarina
|-damage|p2a: Primarina|0 fnt
|faint|p2a: Primarina
|
|-weather|RainDance|[upkeep]
|upkeep
|
|t:|1757911147
|switch|p2a: Toxtricity|Toxtricity, F|100/100
|turn|7
|
|t:|1757911156
|move|p1a: Zapdos|Weather Ball|p2a: Toxtricity
|-damage|p2a: Toxtricity|38/100
|move|p2a: Toxtricity|Boomburst|p1a: Zapdos
|-damage|p1a: Zapdos|0 fnt
|faint|p1a: Zapdos
|
|-weather|RainDance|[upkeep]
|upkeep
|
|t:|1757911163
|switch|p1a: Iron Treads|Iron Treads|100/100
|turn|8
|
|t:|1757911172
|move|p1a: Iron Treads|Stealth Rock|p2a: Toxtricity
|-sidestart|p2: LooksGoodToMe|move: Stealth Rock
|move|p2a: Toxtricity|Boomburst|p1a: Iron Treads
|-resisted|p1a: Iron Treads
|-damage|p1a: Iron Treads|46/100
|
|-weather|none
|upkeep
|turn|9
|
|t:|1757911182
|switch|p2a: Hydreigon|Hydreigon, F|100/100
|-damage|p2a: Hydreigon|88/100|[from] Stealth Rock
|move|p1a: Iron Treads|Earthquake|p2a: Hydreigon
|-immune|p2a: Hydreigon|[from] ability: Levitate
|
|upkeep
|turn|10
|
|t:|1757911190
|-end|p1a: Iron Treads|Quark Drive|[silent]
|switch|p1a: Kingambit|Kingambit, M|100/100
|-activate|p1a: Kingambit|ability: Supreme Overlord
|-start|p1a: Kingambit|fallen2|[silent]
|move|p2a: Hydreigon|Earth Power|p1a: Kingambit
|-supereffective|p1a: Kingambit
|-damage|p1a: Kingambit|34/100
|
|upkeep
|turn|11
|
|t:|1757911211
|-end|p1a: Kingambit|fallen2|[silent]
|switch|p1a: Iron Treads|Iron Treads|46/100
|move|p2a: Hydreigon|Earth Power|p1a: Iron Treads
|-supereffective|p1a: Iron Treads
|-damage|p1a: Iron Treads|0 fnt
|faint|p1a: Iron Treads
|-end|p1a: Iron Treads|Quark Drive|[silent]
|
|upkeep
|
|t:|1757911213
|switch|p1a: Barraskewda|Barraskewda, M|100/100
|turn|12
|
|t:|1757911222
|switch|p2a: Moltres|Moltres|100/100
|move|p1a: Barraskewda|Close Combat|p2a: Moltres
|-resisted|p2a: Moltres
|-damage|p2a: Moltres|77/100
|-unboost|p1a: Barraskewda|def|1
|-unboost|p1a: Barraskewda|spd|1
|-status|p1a: Barraskewda|brn|[from] ability: Flame Body|[of] p2a: Moltres
|
|-damage|p1a: Barraskewda|95/100 brn|[from] brn
|upkeep
|turn|13
|-message|uechan forfeited.
|
|win|LooksGoodToMe
|raw|uechan's rating: 1289 &rarr; <strong>1260</strong><br />(-29 for losing)
|raw|LooksGoodToMe's rating: 1235 &rarr; <strong>1264</strong><br />(+29 for winning)
|c|☆LooksGoodToMe|gg
|l|☆uechan
|player|p1|
