|j|☆quamb
|j|☆BozoticMeister
|t:|1757945722
|gametype|singles
|player|p1|quamb|cynthia-gen4|1290
|player|p2|BozoticMeister|hiker-gen4|1273
|gen|9
|tier|[Gen 9] OU
|rated|
|rule|HP Percentage Mod: HP is shown in percentages
|rule|Endless Battle Clause: Forcing endless battles is banned
|rule|Species Clause: Limit one of each Pokémon
|rule|OHKO Clause: OHKO moves are banned
|rule|Evasion Items Clause: Evasion items are banned
|rule|Evasion Moves Clause: Evasion moves are banned
|rule|Evasion Abilities Clause: Evasion abilities are banned
|rule|Sleep Moves Clause: Sleep-inducing moves are banned
|clearpoke
|poke|p1|Gholdengo|
|poke|p1|Garganacl, F|
|poke|p1|Dragonite, M|
|poke|p1|Ursaluna, F|
|poke|p1|Ninetales-Alola, F|
|poke|p1|Darkrai|
|poke|p2|Iron Valiant|
|poke|p2|Scizor, M|
|poke|p2|Corviknight, F|
|poke|p2|Ceruledge, F|
|poke|p2|Great Tusk|
|poke|p2|Dragapult, F|
|teampreview
|
|t:|1757945734
|teamsize|p1|6
|teamsize|p2|6
|start
|switch|p1a: Dragonite|Dragonite, M|100/100
|switch|p2a: Princess Trunks|Ceruledge, F, shiny|100/100
|turn|1
|
|t:|1757945748
|switch|p2a: Batman|Corviknight, F|100/100
|move|p1a: Dragonite|Dragon Dance|p1a: Dragonite
|-boost|p1a: Dragonite|atk|1
|-boost|p1a: Dragonite|spe|1
|
|upkeep
|turn|2
|
|t:|1757945754
|move|p1a: Dragonite|Dragon Dance|p1a: Dragonite
|-boost|p1a: Dragonite|atk|1
|-boost|p1a: Dragonite|spe|1
|move|p2a: Batman|Iron Defense|p2a: Batman
|-boost|p2a: Batman|def|2
|
|upkeep
|turn|3
|
|t:|1757945757
|move|p1a: Dragonite|Ice Spinner|p2a: Batman
|-damage|p2a: Batman|80/100
|-damage|p1a: Dragonite|84/100|[from] item: Rocky Helmet|[of] p2a: Batman
|move|p2a: Batman|Iron Defense|p2a: Batman
|-boost|p2a: Batman|def|2
|
|upkeep
|turn|4
|
|t:|1757945761
|move|p1a: Dragonite|Scale Shot|p2a: Batman|[miss]
|-miss|p1a: Dragonite|p2a: Batman
|move|p2a: Batman|Iron Defense|p2a: Batman
|-boost|p2a: Batman|def|2
|
|upkeep
|turn|5
|
|t:|1757945775
|move|p1a: Dragonite|Scale Shot|p2a: Batman
|-resisted|p2a: Batman
|-damage|p2a: Batman|77/100
|-resisted|p2a: Batman
|-damage|p2a: Batman|74/100
|-resisted|p2a: Batman
|-damage|p2a: Batman|72/100
|-resisted|p2a: Batman
|-damage|p2a: Batman|69/100
|-resisted|p2a: Batman
|-damage|p2a: Batman|67/100
|-hitcount|p2a: Batman|5
|-unboost|p1a: Dragonite|def|1
|-boost|p1a: Dragonite|spe|1
|move|p2a: Batman|Body Press|p1a: Dragonite
|-resisted|p1a: Dragonite
|-damage|p1a: Dragonite|0 fnt
|faint|p1a: Dragonite
|
|upkeep
|
|t:|1757945780
|switch|p1a: Gholdengo|Gholdengo|100/100
|turn|6
|
|t:|1757945793
|switch|p2a: Princess Trunks|Ceruledge, F, shiny|100/100
|move|p1a: Gholdengo|Shadow Ball|p2a: Princess Trunks
|-supereffective|p2a: Princess Trunks
|-damage|p2a: Princess Trunks|16/100
|
|upkeep
|turn|7
|
|t:|1757945802
|move|p2a: Princess Trunks|Shadow Sneak|p1a: Gholdengo
|-supereffective|p1a: Gholdengo
|-damage|p1a: Gholdengo|50/100
|move|p1a: Gholdengo|Shadow Ball|p2a: Princess Trunks
|-supereffective|p2a: Princess Trunks
|-damage|p2a: Princess Trunks|0 fnt
|faint|p2a: Princess Trunks
|
|upkeep
|
|t:|1757945806
|switch|p2a: Getter Hawk|Dragapult, F|100/100
|turn|8
|
|t:|1757945809
|move|p2a: Getter Hawk|Shadow Ball|p1a: Gholdengo
|-supereffective|p1a: Gholdengo
|-damage|p1a: Gholdengo|0 fnt
|faint|p1a: Gholdengo
|
|upkeep
|
|t:|1757945815
|switch|p1a: Garganaclstacl|Garganacl, F|100/100
|turn|9
|
|t:|1757945824
|switch|p2a: Zero (Hair)|Scizor, M|100/100
|move|p1a: Garganaclstacl|Curse|p1a: Garganaclstacl
|-unboost|p1a: Garganaclstacl|spe|1
|-boost|p1a: Garganaclstacl|atk|1
|-boost|p1a: Garganaclstacl|def|1
|
|upkeep
|turn|10
|
|t:|1757945831
|move|p2a: Zero (Hair)|Swords Dance|p2a: Zero (Hair)
|-boost|p2a: Zero (Hair)|atk|2
|move|p1a: Garganaclstacl|Salt Cure|p2a: Zero (Hair)
|-damage|p2a: Zero (Hair)|77/100
|-start|p2a: Zero (Hair)|Salt Cure
|
|-damage|p2a: Zero (Hair)|52/100|[from] Salt Cure
|upkeep
|turn|11
|
|t:|1757945834
|move|p2a: Zero (Hair)|Swords Dance|p2a: Zero (Hair)
|-boost|p2a: Zero (Hair)|atk|2
|move|p1a: Garganaclstacl|Curse|p1a: Garganaclstacl
|-unboost|p1a: Garganaclstacl|spe|1
|-boost|p1a: Garganaclstacl|atk|1
|-boost|p1a: Garganaclstacl|def|1
|
|-damage|p2a: Zero (Hair)|27/100|[from] Salt Cure
|upkeep
|turn|12
|
|t:|1757945838
|move|p2a: Zero (Hair)|Bullet Punch|p1a: Garganaclstacl
|-supereffective|p1a: Garganaclstacl
|-damage|p1a: Garganaclstacl|11/100
|move|p1a: Garganaclstacl|Recover|p1a: Garganaclstacl
|-heal|p1a: Garganaclstacl|61/100
|
|-heal|p1a: Garganaclstacl|68/100|[from] item: Leftovers
|-damage|p2a: Zero (Hair)|2/100|[from] Salt Cure
|upkeep
|turn|13
|
|t:|1757945842
|move|p2a: Zero (Hair)|Bullet Punch|p1a: Garganaclstacl
|-supereffective|p1a: Garganaclstacl
|-damage|p1a: Garganaclstacl|0 fnt
|faint|p1a: Garganaclstacl
|
|-damage|p2a: Zero (Hair)|0 fnt|[from] Salt Cure
|faint|p2a: Zero (Hair)
|upkeep
|
|t:|1757945855
|switch|p2a: Strange isn't it|Iron Valiant|100/100
|switch|p1a: Darkrai|Darkrai|100/100
|-enditem|p2a: Strange isn't it|Booster Energy
|-activate|p2a: Strange isn't it|ability: Quark Drive|[fromitem]
|-start|p2a: Strange isn't it|quarkdrivespe
|turn|14
|
|t:|1757945859
|move|p2a: Strange isn't it|Moonblast|p1a: Darkrai
|-supereffective|p1a: Darkrai
|-enditem|p1a: Darkrai|Focus Sash
|-damage|p1a: Darkrai|1/100
|move|p1a: Darkrai|Sludge Bomb|p2a: Strange isn't it
|-supereffective|p2a: Strange isn't it
|-damage|p2a: Strange isn't it|0 fnt
|faint|p2a: Strange isn't it
|-end|p2a: Strange isn't it|Quark Drive|[silent]
|
|upkeep
|
|t:|1757945871
|switch|p2a: Getter Hawk|Dragapult, F|100/100
|turn|15
|
|t:|1757945925
|move|p2a: Getter Hawk|Shadow Ball|p1a: Darkrai
|-resisted|p1a: Darkrai
|-damage|p1a: Darkrai|0 fnt
|faint|p1a: Darkrai
|
|upkeep
|
|t:|1757945931
|switch|p1a: Ursaluna|Ursaluna, F|100/100
|turn|16
|
|t:|1757945933
|switch|p2a: Batman|Corviknight, F|67/100
|move|p1a: Ursaluna|Avalanche|p2a: Batman
|-damage|p2a: Batman|50/100
|-damage|p1a: Ursaluna|84/100|[from] item: Rocky Helmet|[of] p2a: Batman
|
|-status|p1a: Ursaluna|brn|[from] item: Flame Orb
|upkeep
|turn|17
|
|t:|1757945938
|move|p2a: Batman|Iron Defense|p2a: Batman
|-boost|p2a: Batman|def|2
|move|p1a: Ursaluna|Drain Punch|p2a: Batman
|-damage|p2a: Batman|34/100
|-heal|p1a: Ursaluna|90/100 brn|[from] drain|[of] p2a: Batman
|-damage|p1a: Ursaluna|73/100 brn|[from] item: Rocky Helmet|[of] p2a: Batman
|
|-damage|p1a: Ursaluna|67/100 brn|[from] brn
|upkeep
|turn|18
|
|t:|1757945944
|move|p2a: Batman|Roost|p2a: Batman
|-heal|p2a: Batman|84/100
|-singleturn|p2a: Batman|move: Roost
|move|p1a: Ursaluna|Facade|p2a: Batman
|-resisted|p2a: Batman
|-damage|p2a: Batman|61/100
|-damage|p1a: Ursaluna|51/100 brn|[from] item: Rocky Helmet|[of] p2a: Batman
|
|-damage|p1a: Ursaluna|45/100 brn|[from] brn
|upkeep
|turn|19
|
|t:|1757945950
|move|p2a: Batman|Iron Defense|p2a: Batman
|-boost|p2a: Batman|def|2
|move|p1a: Ursaluna|Earthquake|p2a: Batman
|-immune|p2a: Batman
|
|-damage|p1a: Ursaluna|39/100 brn|[from] brn
|upkeep
|turn|20
|-message|quamb forfeited.
|
|win|BozoticMeister
|raw|quamb's rating: 1290 &rarr; <strong>1264</strong><br />(-26 for losing)
|raw|BozoticMeister's rating: 1273 &rarr; <strong>1299</strong><br />(+26 for winning)
|l|☆quamb
|player|p1|
