|j|☆charizandra
|j|☆Cirociro
|t:|1757887016
|gametype|singles
|player|p1|charizandra|cynthia-gen4|1079
|player|p2|Cirociro|gambler|1077
|gen|9
|tier|[Gen 9] OU
|rated|
|rule|HP Percentage Mod: HP is shown in percentages
|rule|Endless Battle Clause: Forcing endless battles is banned
|rule|Species Clause: Limit one of each Pokémon
|rule|OHKO Clause: OHKO moves are banned
|rule|Evasion Items Clause: Evasion items are banned
|rule|Evasion Moves Clause: Evasion moves are banned
|rule|Evasion Abilities Clause: Evasion abilities are banned
|rule|Sleep Moves Clause: Sleep-inducing moves are banned
|clearpoke
|poke|p1|Zapdos|
|poke|p1|Rotom-Wash|
|poke|p1|Galvantula, F|
|poke|p1|Iron Hands|
|poke|p1|Eelektross, F|
|poke|p1|Luxray, F|
|poke|p2|Great Tusk|
|poke|p2|Ting-Lu|
|poke|p2|Zapdos|
|poke|p2|Gengar, F|
|poke|p2|Gyarados, F|
|poke|p2|Dragonite, F|
|teampreview
|
|t:|1757887023
|teamsize|p1|6
|teamsize|p2|6
|start
|switch|p1a: Galvantula|Galvantula, F|100/100
|switch|p2a: Ting-Lu|Ting-Lu|100/100
|-ability|p2a: Ting-Lu|Vessel of Ruin
|turn|1
|inactive|Battle timer is ON: inactive players will automatically lose when time's up. (requested by Cirociro)
|
|t:|1757887030
|move|p1a: Galvantula|Sticky Web|p2a: Ting-Lu
|-sidestart|p2: Cirociro|move: Sticky Web
|move|p2a: Ting-Lu|Spikes|p1a: Galvantula
|-sidestart|p1: charizandra|Spikes
|
|upkeep
|turn|2
|
|t:|1757887035
|move|p1a: Galvantula|Energy Ball|p2a: Ting-Lu
|-supereffective|p2a: Ting-Lu
|-damage|p2a: Ting-Lu|80/100
|move|p2a: Ting-Lu|Whirlwind|p1a: Galvantula
|drag|p1a: Zapdos|Zapdos|100/100
|
|-heal|p2a: Ting-Lu|86/100|[from] item: Leftovers
|upkeep
|turn|3
|
|t:|1757887042
|move|p1a: Zapdos|U-turn|p2a: Ting-Lu
|-supereffective|p2a: Ting-Lu
|-damage|p2a: Ting-Lu|72/100
|
|t:|1757887045
|switch|p1a: Eelektross|Eelektross, F|100/100|[from] U-turn
|move|p2a: Ting-Lu|Spikes|p1a: Eelektross
|-sidestart|p1: charizandra|Spikes
|
|-heal|p2a: Ting-Lu|78/100|[from] item: Leftovers
|upkeep
|turn|4
|
|t:|1757887053
|move|p1a: Eelektross|Drain Punch|p2a: Ting-Lu
|-supereffective|p2a: Ting-Lu
|-damage|p2a: Ting-Lu|50/100
|move|p2a: Ting-Lu|Ruination|p1a: Eelektross
|-damage|p1a: Eelektross|50/100
|
|-heal|p1a: Eelektross|57/100|[from] item: Leftovers
|-heal|p2a: Ting-Lu|56/100|[from] item: Leftovers
|upkeep
|turn|5
|
|t:|1757887059
|move|p1a: Eelektross|Drain Punch|p2a: Ting-Lu
|-supereffective|p2a: Ting-Lu
|-damage|p2a: Ting-Lu|29/100
|-heal|p1a: Eelektross|75/100|[from] drain|[of] p2a: Ting-Lu
|move|p2a: Ting-Lu|Whirlwind|p1a: Eelektross
|drag|p1a: Luxray|Luxray, F|100/100
|-damage|p1a: Luxray|84/100|[from] Spikes
|-ability|p1a: Luxray|Intimidate|boost
|-unboost|p2a: Ting-Lu|atk|1
|
|-heal|p2a: Ting-Lu|36/100|[from] item: Leftovers
|upkeep
|turn|6
|
|t:|1757887068
|move|p1a: Luxray|Play Rough|p2a: Ting-Lu|[miss]
|-miss|p1a: Luxray|p2a: Ting-Lu
|move|p2a: Ting-Lu|Earthquake|p1a: Luxray
|-supereffective|p1a: Luxray
|-damage|p1a: Luxray|23/100
|
|-heal|p2a: Ting-Lu|42/100|[from] item: Leftovers
|upkeep
|turn|7
|
|t:|1757887075
|move|p1a: Luxray|Play Rough|p2a: Ting-Lu
|-supereffective|p2a: Ting-Lu
|-damage|p2a: Ting-Lu|6/100
|move|p2a: Ting-Lu|Whirlwind|p1a: Luxray
|drag|p1a: Rotom|Rotom-Wash|100/100
|
|-heal|p2a: Ting-Lu|12/100|[from] item: Leftovers
|upkeep
|turn|8
|
|t:|1757887080
|move|p1a: Rotom|Trick|p2a: Ting-Lu
|-activate|p1a: Rotom|move: Trick|[of] p2a: Ting-Lu
|-item|p2a: Ting-Lu|Choice Scarf|[from] move: Trick
|-item|p1a: Rotom|Leftovers|[from] move: Trick
|move|p2a: Ting-Lu|Ruination|p1a: Rotom
|-damage|p1a: Rotom|51/100
|
|-heal|p1a: Rotom|57/100|[from] item: Leftovers
|upkeep
|turn|9
|
|t:|1757887090
|move|p1a: Rotom|Hydro Pump|p2a: Ting-Lu|[miss]
|-miss|p1a: Rotom|p2a: Ting-Lu
|move|p2a: Ting-Lu|Ruination|p1a: Rotom
|-damage|p1a: Rotom|29/100
|
|-heal|p1a: Rotom|35/100|[from] item: Leftovers
|upkeep
|turn|10
|
|t:|1757887093
|move|p1a: Rotom|Hydro Pump|p2a: Ting-Lu
|-supereffective|p2a: Ting-Lu
|-crit|p2a: Ting-Lu
|-damage|p2a: Ting-Lu|0 fnt
|faint|p2a: Ting-Lu
|
|-heal|p1a: Rotom|41/100|[from] item: Leftovers
|upkeep
|
|t:|1757887099
|switch|p2a: Great Tusk|Great Tusk|100/100
|-activate|p2a: Great Tusk|move: Sticky Web
|-unboost|p2a: Great Tusk|spe|1
|turn|11
|
|t:|1757887106
|move|p1a: Rotom|Hydro Pump|p2a: Great Tusk
|-supereffective|p2a: Great Tusk
|-damage|p2a: Great Tusk|0 fnt
|faint|p2a: Great Tusk
|-end|p2a: Great Tusk|Protosynthesis|[silent]
|
|-heal|p1a: Rotom|47/100|[from] item: Leftovers
|upkeep
|
|t:|1757887116
|switch|p2a: Gengar|Gengar, F|100/100
|-activate|p2a: Gengar|move: Sticky Web
|-unboost|p2a: Gengar|spe|1
|turn|12
|
|t:|1757887122
|move|p1a: Rotom|Volt Switch|p2a: Gengar
|-damage|p2a: Gengar|51/100
|
|t:|1757887126
|switch|p1a: Luxray|Luxray, F|23/100|[from] Volt Switch
|-damage|p1a: Luxray|7/100|[from] Spikes
|-ability|p1a: Luxray|Intimidate|boost
|-unboost|p2a: Gengar|atk|1
|move|p2a: Gengar|Substitute|p2a: Gengar
|-start|p2a: Gengar|Substitute
|-damage|p2a: Gengar|26/100
|
|-heal|p2a: Gengar|32/100|[from] item: Black Sludge
|upkeep
|turn|13
|
|t:|1757887129
|move|p2a: Gengar|Will-O-Wisp|p1a: Luxray
|-status|p1a: Luxray|brn
|move|p1a: Luxray|Crunch|p2a: Gengar
|-supereffective|p2a: Gengar
|-end|p2a: Gengar|Substitute
|
|-heal|p2a: Gengar|38/100|[from] item: Black Sludge
|-damage|p1a: Luxray|0 fnt|[from] brn
|faint|p1a: Luxray
|upkeep
|
|t:|1757887135
|switch|p1a: Galvantula|Galvantula, F|100/100
|-damage|p1a: Galvantula|84/100|[from] Spikes
|turn|14
|
|t:|1757887140
|move|p1a: Galvantula|Thunder|p2a: Gengar
|-crit|p2a: Gengar
|-damage|p2a: Gengar|0 fnt
|faint|p2a: Gengar
|
|upkeep
|
|t:|1757887147
|switch|p2a: Zapdos|Zapdos|100/100
|turn|15
|
|t:|1757887150
|move|p1a: Galvantula|Thunder|p2a: Zapdos
|-damage|p2a: Zapdos|56/100
|move|p2a: Zapdos|Heat Wave|p1a: Galvantula
|-supereffective|p1a: Galvantula
|-damage|p1a: Galvantula|0 fnt
|faint|p1a: Galvantula
|
|upkeep
|
|t:|1757887161
|switch|p1a: Zapdos|Zapdos|100/100
|turn|16
|
|t:|1757887170
|move|p2a: Zapdos|Heat Wave|p1a: Zapdos|[miss]
|-miss|p2a: Zapdos|p1a: Zapdos
|move|p1a: Zapdos|Discharge|p2a: Zapdos
|-damage|p2a: Zapdos|16/100
|
|upkeep
|turn|17
|
|t:|1757887175
|move|p2a: Zapdos|Heat Wave|p1a: Zapdos
|-damage|p1a: Zapdos|75/100
|move|p1a: Zapdos|Discharge|p2a: Zapdos
|-damage|p2a: Zapdos|0 fnt
|faint|p2a: Zapdos
|
|upkeep
|
|t:|1757887180
|switch|p2a: Dragonite|Dragonite, F|100/100
|turn|18
|
|t:|1757887186
|move|p2a: Dragonite|Dragon Dance|p2a: Dragonite
|-boost|p2a: Dragonite|atk|1
|-boost|p2a: Dragonite|spe|1
|move|p1a: Zapdos|Discharge|p2a: Dragonite
|-damage|p2a: Dragonite|77/100
|-status|p2a: Dragonite|par
|
|upkeep
|turn|19
|
|t:|1757887192
|-terastallize|p2a: Dragonite|Normal
|move|p2a: Dragonite|Extreme Speed|p1a: Zapdos
|-damage|p1a: Zapdos|9/100
|-damage|p2a: Dragonite|61/100 par|[from] item: Rocky Helmet|[of] p1a: Zapdos
|move|p1a: Zapdos|Discharge|p2a: Dragonite
|-damage|p2a: Dragonite|17/100 par
|
|upkeep
|turn|20
|
|t:|1757887201
|move|p2a: Dragonite|Extreme Speed|p1a: Zapdos
|-damage|p1a: Zapdos|0 fnt
|-damage|p2a: Dragonite|0 fnt|[from] item: Rocky Helmet|[of] p1a: Zapdos
|faint|p1a: Zapdos
|faint|p2a: Dragonite
|
|upkeep
|
|t:|1757887207
|switch|p2a: Gyarados|Gyarados, F|100/100
|switch|p1a: Eelektross|Eelektross, F|75/100
|-ability|p2a: Gyarados|Intimidate|boost
|-unboost|p1a: Eelektross|atk|1
|turn|21
|
|t:|1757887212
|move|p2a: Gyarados|Earthquake|p1a: Eelektross
|-immune|p1a: Eelektross|[from] ability: Levitate
|move|p1a: Eelektross|Coil|p1a: Eelektross
|-boost|p1a: Eelektross|atk|1
|-boost|p1a: Eelektross|def|1
|-boost|p1a: Eelektross|accuracy|1
|
|-heal|p1a: Eelektross|81/100|[from] item: Leftovers
|upkeep
|turn|22
|
|t:|1757887219
|move|p2a: Gyarados|Taunt|p1a: Eelektross
|-start|p1a: Eelektross|move: Taunt
|cant|p1a: Eelektross|move: Taunt|Coil
|
|-heal|p1a: Eelektross|87/100|[from] item: Leftovers
|upkeep
|turn|23
|
|t:|1757887222
|move|p2a: Gyarados|Dragon Dance|p2a: Gyarados
|-boost|p2a: Gyarados|atk|1
|-boost|p2a: Gyarados|spe|1
|move|p1a: Eelektross|Supercell Slam|p2a: Gyarados
|-supereffective|p2a: Gyarados
|-damage|p2a: Gyarados|0 fnt
|faint|p2a: Gyarados
|
|win|charizandra
|raw|charizandra's rating: 1079 &rarr; <strong>1107</strong><br />(+28 for winning)
|raw|Cirociro's rating: 1077 &rarr; <strong>1056</strong><br />(-21 for losing)
|l|☆Cirociro
|player|p2|
