|j|☆l0ganst3r
|j|☆Huhgugghfuhh
|t:|1757830377
|gametype|singles
|player|p1|l0ganst3r|sailor|1125
|player|p2|Huhgugghfuhh|2|1093
|gen|9
|tier|[Gen 9] OU
|rated|
|rule|HP Percentage Mod: HP is shown in percentages
|rule|Endless Battle Clause: Forcing endless battles is banned
|rule|Species Clause: Limit one of each Pokémon
|rule|OHKO Clause: OHKO moves are banned
|rule|Evasion Items Clause: Evasion items are banned
|rule|Evasion Moves Clause: Evasion moves are banned
|rule|Evasion Abilities Clause: Evasion abilities are banned
|rule|Sleep Moves Clause: Sleep-inducing moves are banned
|clearpoke
|poke|p1|Malamar, F|
|poke|p1|Morpeko, M|
|poke|p1|Crawdaunt, M|
|poke|p1|Corviknight, F|
|poke|p1|Hariyama, M|
|poke|p1|Weezing-Galar, M|
|poke|p2|Uxie|
|poke|p2|Haxorus, F|
|poke|p2|Krookodile, F|
|poke|p2|Whimsicott, M|
|poke|p2|Forretress, M|
|poke|p2|Rotom-Wash|
|teampreview
|
|t:|1757830390
|teamsize|p1|6
|teamsize|p2|6
|start
|switch|p1a: Crawdaunt|Crawdaunt, M|100/100
|switch|p2a: Whimsicott|Whimsicott, M, shiny|100/100
|turn|1
|
|t:|1757830396
|move|p2a: Whimsicott|Leech Seed|p1a: Crawdaunt
|-hint|Since gen 7, Dark is immune to Prankster moves.
|-immune|p1a: Crawdaunt
|move|p1a: Crawdaunt|Swords Dance|p1a: Crawdaunt
|-boost|p1a: Crawdaunt|atk|2
|
|upkeep
|turn|2
|
|t:|1757830403
|move|p1a: Crawdaunt|Aqua Jet|p2a: Whimsicott
|-resisted|p2a: Whimsicott
|-damage|p2a: Whimsicott|70/100
|move|p2a: Whimsicott|Moonblast|p1a: Crawdaunt
|-supereffective|p1a: Crawdaunt
|-damage|p1a: Crawdaunt|8/100
|
|-heal|p2a: Whimsicott|76/100|[from] item: Leftovers
|-heal|p1a: Crawdaunt|14/100|[from] item: Leftovers
|upkeep
|turn|3
|
|t:|1757830410
|move|p2a: Whimsicott|Moonblast|p1a: Crawdaunt
|-supereffective|p1a: Crawdaunt
|-damage|p1a: Crawdaunt|0 fnt
|faint|p1a: Crawdaunt
|
|-heal|p2a: Whimsicott|82/100|[from] item: Leftovers
|upkeep
|
|t:|1757830417
|switch|p1a: Corviknight|Corviknight, F, shiny|100/100
|turn|4
|
|t:|1757830423
|move|p2a: Whimsicott|Protect|p2a: Whimsicott
|-singleturn|p2a: Whimsicott|Protect
|move|p1a: Corviknight|Iron Defense|p1a: Corviknight
|-boost|p1a: Corviknight|def|2
|
|-heal|p2a: Whimsicott|88/100|[from] item: Leftovers
|upkeep
|turn|5
|
|t:|1757830433
|switch|p2a: Rotom|Rotom-Wash, shiny|100/100
|move|p1a: Corviknight|Drill Peck|p2a: Rotom
|-resisted|p2a: Rotom
|-damage|p2a: Rotom|84/100
|-damage|p1a: Corviknight|84/100|[from] item: Rocky Helmet|[of] p2a: Rotom
|
|upkeep
|turn|6
|
|t:|1757830440
|move|p2a: Rotom|Volt Switch|p1a: Corviknight
|-supereffective|p1a: Corviknight
|-damage|p1a: Corviknight|38/100
|
|t:|1757830444
|switch|p2a: Forretress|Forretress, M, shiny|100/100|[from] Volt Switch
|move|p1a: Corviknight|Body Press|p2a: Forretress
|-damage|p2a: Forretress|78/100
|
|-heal|p2a: Forretress|84/100|[from] item: Leftovers
|upkeep
|turn|7
|
|t:|1757830455
|move|p1a: Corviknight|Drill Peck|p2a: Forretress
|-damage|p2a: Forretress|65/100
|move|p2a: Forretress|Stealth Rock|p1a: Corviknight
|-sidestart|p1: l0ganst3r|move: Stealth Rock
|
|-heal|p2a: Forretress|71/100|[from] item: Leftovers
|upkeep
|turn|8
|
|t:|1757830463
|move|p1a: Corviknight|Body Press|p2a: Forretress
|-damage|p2a: Forretress|51/100
|move|p2a: Forretress|Spikes|p1a: Corviknight
|-sidestart|p1: l0ganst3r|Spikes
|
|-heal|p2a: Forretress|57/100|[from] item: Leftovers
|upkeep
|turn|9
|
|t:|1757830469
|move|p1a: Corviknight|Body Press|p2a: Forretress
|-damage|p2a: Forretress|34/100
|move|p2a: Forretress|Spikes|p1a: Corviknight
|-sidestart|p1: l0ganst3r|Spikes
|
|-heal|p2a: Forretress|40/100|[from] item: Leftovers
|upkeep
|turn|10
|
|t:|1757830475
|move|p1a: Corviknight|Body Press|p2a: Forretress
|-damage|p2a: Forretress|21/100
|move|p2a: Forretress|Spikes|p1a: Corviknight
|-sidestart|p1: l0ganst3r|Spikes
|
|-heal|p2a: Forretress|27/100|[from] item: Leftovers
|upkeep
|turn|11
|
|t:|1757830482
|move|p1a: Corviknight|Body Press|p2a: Forretress
|-damage|p2a: Forretress|6/100
|move|p2a: Forretress|Toxic Spikes|p1a: Corviknight
|-sidestart|p1: l0ganst3r|move: Toxic Spikes
|
|-heal|p2a: Forretress|13/100|[from] item: Leftovers
|upkeep
|turn|12
|
|t:|1757830488
|move|p1a: Corviknight|Body Press|p2a: Forretress
|-damage|p2a: Forretress|0 fnt
|faint|p2a: Forretress
|
|upkeep
|
|t:|1757830491
|switch|p2a: Whimsicott|Whimsicott, M, shiny|88/100
|turn|13
|
|t:|1757830495
|move|p2a: Whimsicott|Encore|p1a: Corviknight
|-start|p1a: Corviknight|Encore
|move|p1a: Corviknight|Body Press|p2a: Whimsicott
|-resisted|p2a: Whimsicott
|-damage|p2a: Whimsicott|67/100
|
|-heal|p2a: Whimsicott|74/100|[from] item: Leftovers
|upkeep
|turn|14
|
|t:|1757830502
|move|p2a: Whimsicott|Leech Seed|p1a: Corviknight
|-start|p1a: Corviknight|move: Leech Seed
|move|p1a: Corviknight|Body Press|p2a: Whimsicott
|-resisted|p2a: Whimsicott
|-damage|p2a: Whimsicott|54/100
|
|-heal|p2a: Whimsicott|60/100|[from] item: Leftovers
|-damage|p1a: Corviknight|26/100|[from] Leech Seed|[of] p2a: Whimsicott
|-heal|p2a: Whimsicott|75/100|[silent]
|upkeep
|turn|15
|
|t:|1757830511
|move|p2a: Whimsicott|Protect|p2a: Whimsicott
|-singleturn|p2a: Whimsicott|Protect
|move|p1a: Corviknight|Body Press|p2a: Whimsicott
|-activate|p2a: Whimsicott|move: Protect
|
|-heal|p2a: Whimsicott|81/100|[from] item: Leftovers
|-damage|p1a: Corviknight|14/100|[from] Leech Seed|[of] p2a: Whimsicott
|-heal|p2a: Whimsicott|96/100|[silent]
|-end|p1a: Corviknight|Encore
|upkeep
|turn|16
|
|t:|1757830520
|move|p2a: Whimsicott|Encore|p1a: Corviknight
|-start|p1a: Corviknight|Encore
|move|p1a: Corviknight|Body Press|p2a: Whimsicott
|-resisted|p2a: Whimsicott
|-damage|p2a: Whimsicott|77/100
|
|-heal|p2a: Whimsicott|83/100|[from] item: Leftovers
|-damage|p1a: Corviknight|2/100|[from] Leech Seed|[of] p2a: Whimsicott
|-heal|p2a: Whimsicott|98/100|[silent]
|upkeep
|turn|17
|
|t:|1757830528
|move|p2a: Whimsicott|Moonblast|p1a: Corviknight
|-resisted|p1a: Corviknight
|-damage|p1a: Corviknight|0 fnt
|faint|p1a: Corviknight
|
|-heal|p2a: Whimsicott|100/100|[from] item: Leftovers
|upkeep
|
|t:|1757830533
|switch|p1a: Weezing|Weezing-Galar, M, shiny|100/100
|-ability|p1a: Weezing|Neutralizing Gas
|-damage|p1a: Weezing|88/100|[from] Stealth Rock
|-item|p1a: Weezing|Air Balloon
|turn|18
|
|t:|1757830546
|switch|p2a: Uxie|Uxie, shiny|100/100
|move|p1a: Weezing|Defog|p2a: Uxie
|-unboost|p2a: Uxie|evasion|1
|-sideend|p1: l0ganst3r|Spikes|[from] move: Defog|[of] p1a: Weezing
|-sideend|p1: l0ganst3r|Toxic Spikes|[from] move: Defog|[of] p1a: Weezing
|-sideend|p1: l0ganst3r|Stealth Rock|[from] move: Defog|[of] p1a: Weezing
|
|upkeep
|turn|19
|
|t:|1757830559
|-end|p1a: Weezing|ability: Neutralizing Gas
|switch|p1a: Morpeko|Morpeko, M|100/100
|move|p2a: Uxie|Thunder Wave|p1a: Morpeko
|-immune|p1a: Morpeko
|
|-formechange|p1a: Morpeko|Morpeko-Hangry||[from] ability: Hunger Switch
|upkeep
|turn|20
|
|t:|1757830566
|switch|p2a: Rotom|Rotom-Wash, shiny|84/100
|move|p1a: Morpeko|Aura Wheel|p2a: Rotom
|-damage|p2a: Rotom|42/100
|-boost|p1a: Morpeko|spe|1
|
|-formechange|p1a: Morpeko|Morpeko||[from] ability: Hunger Switch
|upkeep
|turn|21
|
|t:|1757830575
|move|p1a: Morpeko|Rapid Spin|p2a: Rotom
|-damage|p2a: Rotom|29/100
|-boost|p1a: Morpeko|spe|1
|-damage|p1a: Morpeko|84/100|[from] item: Rocky Helmet|[of] p2a: Rotom
|move|p2a: Rotom|Will-O-Wisp|p1a: Morpeko
|-status|p1a: Morpeko|brn
|
|-heal|p1a: Morpeko|90/100 brn|[from] item: Leftovers
|-damage|p1a: Morpeko|84/100 brn|[from] brn
|-formechange|p1a: Morpeko|Morpeko-Hangry||[from] ability: Hunger Switch
|upkeep
|turn|22
|
|t:|1757830588
|move|p1a: Morpeko|Aura Wheel|p2a: Rotom
|-damage|p2a: Rotom|7/100
|-boost|p1a: Morpeko|spe|1
|move|p2a: Rotom|Volt Switch|p1a: Morpeko
|-resisted|p1a: Morpeko
|-damage|p1a: Morpeko|62/100 brn
|
|t:|1757830594
|switch|p2a: Whimsicott|Whimsicott, M, shiny|100/100|[from] Volt Switch
|
|-heal|p1a: Morpeko|68/100 brn|[from] item: Leftovers
|-damage|p1a: Morpeko|62/100 brn|[from] brn
|-formechange|p1a: Morpeko|Morpeko||[from] ability: Hunger Switch
|upkeep
|turn|23
|
|t:|1757830605
|move|p2a: Whimsicott|Leech Seed|p1a: Morpeko
|-hint|Since gen 7, Dark is immune to Prankster moves.
|-immune|p1a: Morpeko
|move|p1a: Morpeko|Endeavor|p2a: Whimsicott
|-damage|p2a: Whimsicott|49/100
|
|-heal|p1a: Morpeko|68/100 brn|[from] item: Leftovers
|-heal|p2a: Whimsicott|55/100|[from] item: Leftovers
|-damage|p1a: Morpeko|62/100 brn|[from] brn
|-formechange|p1a: Morpeko|Morpeko-Hangry||[from] ability: Hunger Switch
|upkeep
|turn|24
|
|t:|1757830617
|move|p2a: Whimsicott|Protect|p2a: Whimsicott
|-singleturn|p2a: Whimsicott|Protect
|move|p1a: Morpeko|Rapid Spin|p2a: Whimsicott
|-activate|p2a: Whimsicott|move: Protect
|
|-heal|p1a: Morpeko|68/100 brn|[from] item: Leftovers
|-heal|p2a: Whimsicott|62/100|[from] item: Leftovers
|-damage|p1a: Morpeko|62/100 brn|[from] brn
|-formechange|p1a: Morpeko|Morpeko||[from] ability: Hunger Switch
|upkeep
|turn|25
|
|t:|1757830629
|move|p1a: Morpeko|Aura Wheel|p2a: Whimsicott
|-resisted|p2a: Whimsicott
|-damage|p2a: Whimsicott|49/100
|-boost|p1a: Morpeko|spe|1
|move|p2a: Whimsicott|Moonblast|p1a: Morpeko
|-supereffective|p1a: Morpeko
|-damage|p1a: Morpeko|0 fnt
|faint|p1a: Morpeko
|
|-heal|p2a: Whimsicott|55/100|[from] item: Leftovers
|upkeep
|
|t:|1757830641
|switch|p1a: Hariyama|Hariyama, M, shiny|100/100
|turn|26
|
|t:|1757830644
|-terastallize|p1a: Hariyama|Steel
|move|p2a: Whimsicott|Leech Seed|p1a: Hariyama
|-start|p1a: Hariyama|move: Leech Seed
|move|p1a: Hariyama|Belly Drum|p1a: Hariyama
|-damage|p1a: Hariyama|51/100
|-setboost|p1a: Hariyama|atk|6|[from] move: Belly Drum
|
|-heal|p2a: Whimsicott|62/100|[from] item: Leftovers
|-damage|p1a: Hariyama|38/100|[from] Leech Seed|[of] p2a: Whimsicott
|-heal|p2a: Whimsicott|80/100|[silent]
|upkeep
|-enditem|p1a: Hariyama|Sitrus Berry|[eat]
|-heal|p1a: Hariyama|63/100|[from] item: Sitrus Berry
|turn|27
|
|t:|1757830657
|move|p2a: Whimsicott|Encore|p1a: Hariyama
|-start|p1a: Hariyama|Encore
|move|p1a: Hariyama|Belly Drum||[still]
|-fail|p1a: Hariyama
|
|-heal|p2a: Whimsicott|87/100|[from] item: Leftovers
|-damage|p1a: Hariyama|51/100|[from] Leech Seed|[of] p2a: Whimsicott
|-heal|p2a: Whimsicott|100/100|[silent]
|upkeep
|turn|28
|
|t:|1757830665
|switch|p1a: Weezing|Weezing-Galar, M, shiny|88/100
|-ability|p1a: Weezing|Neutralizing Gas
|-item|p1a: Weezing|Air Balloon
|move|p2a: Whimsicott|Moonblast|p1a: Weezing
|-resisted|p1a: Weezing
|-damage|p1a: Weezing|69/100
|-enditem|p1a: Weezing|Air Balloon
|
|upkeep
|turn|29
|
|t:|1757830679
|switch|p2a: Uxie|Uxie, shiny|100/100
|move|p1a: Weezing|Clear Smog|p2a: Uxie
|-damage|p2a: Uxie|86/100
|-clearboost|p2a: Uxie
|
|upkeep
|turn|30
|
|t:|1757830687
|move|p2a: Uxie|Reflect|p2a: Uxie
|-sidestart|p2: Huhgugghfuhh|Reflect
|move|p1a: Weezing|Strange Steam|p2a: Uxie
|-damage|p2a: Uxie|58/100
|-start|p2a: Uxie|confusion
|
|upkeep
|turn|31
|
|t:|1757830692
|-activate|p2a: Uxie|confusion
|move|p2a: Uxie|Light Screen|p2a: Uxie
|-sidestart|p2: Huhgugghfuhh|move: Light Screen
|move|p1a: Weezing|Defog|p2a: Uxie
|-unboost|p2a: Uxie|evasion|1
|-sideend|p2: Huhgugghfuhh|Reflect
|-sideend|p2: Huhgugghfuhh|move: Light Screen
|
|upkeep
|turn|32
|
|t:|1757830698
|-activate|p2a: Uxie|confusion
|move|p2a: Uxie|Thunder Wave|p1a: Weezing
|-status|p1a: Weezing|par
|move|p1a: Weezing|Strange Steam|p2a: Uxie
|-damage|p2a: Uxie|30/100
|
|upkeep
|turn|33
|
|t:|1757830704
|-activate|p2a: Uxie|confusion
|move|p2a: Uxie|Memento|p1a: Weezing
|-unboost|p1a: Weezing|atk|2
|-unboost|p1a: Weezing|spa|2
|faint|p2a: Uxie
|move|p1a: Weezing|Strange Steam|p2: Uxie|[notarget]
|-fail|p1a: Weezing
|
|upkeep
|
|t:|1757830711
|switch|p2a: Krookodile|Krookodile, F|100/100
|turn|34
|
|t:|1757830716
|move|p2a: Krookodile|Bulk Up|p2a: Krookodile
|-boost|p2a: Krookodile|atk|1
|-boost|p2a: Krookodile|def|1
|move|p1a: Weezing|Clear Smog|p2a: Krookodile
|-resisted|p2a: Krookodile
|-damage|p2a: Krookodile|93/100
|-clearboost|p2a: Krookodile
|
|upkeep
|turn|35
|
|t:|1757830727
|move|p2a: Krookodile|Earthquake|p1a: Weezing
|-supereffective|p1a: Weezing
|-damage|p1a: Weezing|0 fnt
|faint|p1a: Weezing
|-end|p1a: Weezing|ability: Neutralizing Gas
|-ability|p2a: Krookodile|Moxie|boost
|-boost|p2a: Krookodile|atk|1
|
|upkeep
|
|t:|1757830733
|switch|p1a: Malamar|Malamar, F|100/100
|turn|36
|
|t:|1757830747
|move|p2a: Krookodile|Earthquake|p1a: Malamar
|-damage|p1a: Malamar|50/100
|-enditem|p1a: Malamar|Sitrus Berry|[eat]
|-heal|p1a: Malamar|75/100|[from] item: Sitrus Berry
|move|p1a: Malamar|Superpower|p2a: Krookodile
|-supereffective|p2a: Krookodile
|-damage|p2a: Krookodile|28/100
|-boost|p1a: Malamar|atk|1
|-boost|p1a: Malamar|def|1
|-enditem|p2a: Krookodile|Weakness Policy
|-boost|p2a: Krookodile|atk|2|[from] item: Weakness Policy
|-boost|p2a: Krookodile|spa|2|[from] item: Weakness Policy
|
|upkeep
|turn|37
|
|t:|1757830760
|move|p2a: Krookodile|Earthquake|p1a: Malamar
|-damage|p1a: Malamar|19/100
|move|p1a: Malamar|Superpower|p2a: Krookodile
|-supereffective|p2a: Krookodile
|-damage|p2a: Krookodile|0 fnt
|-boost|p1a: Malamar|atk|1
|-boost|p1a: Malamar|def|1
|faint|p2a: Krookodile
|
|upkeep
|
|t:|1757830773
|switch|p2a: Whimsicott|Whimsicott, M, shiny|100/100
|turn|38
|
|t:|1757830778
|move|p2a: Whimsicott|Leech Seed|p1a: Malamar
|-hint|Since gen 7, Dark is immune to Prankster moves.
|-immune|p1a: Malamar
|move|p1a: Malamar|Stored Power|p2a: Whimsicott
|-damage|p2a: Whimsicott|76/100
|
|-heal|p2a: Whimsicott|82/100|[from] item: Leftovers
|upkeep
|turn|39
|
|t:|1757830786
|move|p2a: Whimsicott|Moonblast|p1a: Malamar
|-supereffective|p1a: Malamar
|-damage|p1a: Malamar|0 fnt
|faint|p1a: Malamar
|
|-heal|p2a: Whimsicott|88/100|[from] item: Leftovers
|upkeep
|
|t:|1757830792
|switch|p1a: Hariyama|Hariyama, M, shiny, tera:Steel|51/100
|turn|40
|
|t:|1757830794
|move|p2a: Whimsicott|Leech Seed|p1a: Hariyama
|-start|p1a: Hariyama|move: Leech Seed
|move|p1a: Hariyama|Bullet Punch|p2a: Whimsicott
|-supereffective|p2a: Whimsicott
|-damage|p2a: Whimsicott|38/100
|
|-heal|p2a: Whimsicott|44/100|[from] item: Leftovers
|-damage|p1a: Hariyama|38/100|[from] Leech Seed|[of] p2a: Whimsicott
|-heal|p2a: Whimsicott|63/100|[silent]
|upkeep
|turn|41
|
|t:|1757830802
|move|p2a: Whimsicott|Protect|p2a: Whimsicott
|-singleturn|p2a: Whimsicott|Protect
|move|p1a: Hariyama|Bullet Punch|p2a: Whimsicott
|-activate|p2a: Whimsicott|move: Protect
|
|-heal|p2a: Whimsicott|69/100|[from] item: Leftovers
|-damage|p1a: Hariyama|26/100|[from] Leech Seed|[of] p2a: Whimsicott
|-heal|p2a: Whimsicott|88/100|[silent]
|upkeep
|turn|42
|-message|l0ganst3r forfeited.
|
|win|Huhgugghfuhh
|raw|l0ganst3r's rating: 1125 &rarr; <strong>1098</strong><br />(-27 for losing)
|raw|Huhgugghfuhh's rating: 1093 &rarr; <strong>1121</strong><br />(+28 for winning)
|l|☆l0ganst3r
|player|p1|
|l|☆Huhgugghfuhh
|player|p2|
