|j|☆rjzrjz
|j|☆Iceman75
|t:|1757959868
|gametype|singles
|player|p1|rjzrjz|shadowtriad|1000
|player|p2|Iceman75|170|1000
|gen|9
|tier|[Gen 9] OU
|rated|
|rule|HP Percentage Mod: HP is shown in percentages
|rule|Endless Battle Clause: Forcing endless battles is banned
|rule|Species Clause: Limit one of each Pokémon
|rule|OHKO Clause: OHKO moves are banned
|rule|Evasion Items Clause: Evasion items are banned
|rule|Evasion Moves Clause: Evasion moves are banned
|rule|Evasion Abilities Clause: Evasion abilities are banned
|rule|Sleep Moves Clause: Sleep-inducing moves are banned
|clearpoke
|poke|p1|Weavile, M|
|poke|p1|Blaziken, F|
|poke|p1|Scizor, M|
|poke|p1|Dragonite, M|
|poke|p1|Gardevoir, F|
|poke|p1|Milotic, M|
|poke|p2|Kilowattrel, M|
|poke|p2|Cetitan, F|
|poke|p2|Tinkaton, F|
|poke|p2|Scovillain, F|
|poke|p2|Ninetales, F|
|poke|p2|Kingambit, F|
|teampreview
|inactive|Battle timer is ON: inactive players will automatically lose when time's up. (requested by Iceman75)
|
|t:|1757959878
|teamsize|p1|6
|teamsize|p2|6
|start
|switch|p1a: Gardevoir|Gardevoir, F|100/100
|switch|p2a: Ninetales|Ninetales, F|100/100
|-weather|SunnyDay|[from] ability: Drought|[of] p2a: Ninetales
|turn|1
|
|t:|1757959891
|move|p2a: Ninetales|Calm Mind|p2a: Ninetales
|-boost|p2a: Ninetales|spa|1
|-boost|p2a: Ninetales|spd|1
|move|p1a: Gardevoir|Light Screen|p1a: Gardevoir
|-sidestart|p1: rjzrjz|move: Light Screen
|
|-weather|SunnyDay|[upkeep]
|upkeep
|turn|2
|
|t:|1757959896
|move|p2a: Ninetales|Encore|p1a: Gardevoir
|-start|p1a: Gardevoir|Encore
|move|p1a: Gardevoir|Light Screen||[still]
|-fail|p1a: Gardevoir
|
|-weather|SunnyDay|[upkeep]
|upkeep
|turn|3
|
|t:|1757959903
|switch|p1a: Milotic|Milotic, M|100/100
|move|p2a: Ninetales|Calm Mind|p2a: Ninetales
|-boost|p2a: Ninetales|spa|1
|-boost|p2a: Ninetales|spd|1
|
|-weather|SunnyDay|[upkeep]
|upkeep
|turn|4
|
|t:|1757959914
|move|p2a: Ninetales|Flamethrower|p1a: Milotic
|-resisted|p1a: Milotic
|-damage|p1a: Milotic|90/100
|move|p1a: Milotic|Scald|p2a: Ninetales
|-supereffective|p2a: Ninetales
|-damage|p2a: Ninetales|79/100
|
|-weather|SunnyDay|[upkeep]
|upkeep
|turn|5
|
|t:|1757959923
|switch|p1a: Dragonite|Dragonite, M|100/100
|move|p2a: Ninetales|Calm Mind|p2a: Ninetales
|-boost|p2a: Ninetales|spa|1
|-boost|p2a: Ninetales|spd|1
|
|-weather|SunnyDay|[upkeep]
|upkeep
|turn|6
|
|t:|1757959933
|-terastallize|p2a: Ninetales|Fire
|move|p2a: Ninetales|Flamethrower|p1a: Dragonite
|-resisted|p1a: Dragonite
|-damage|p1a: Dragonite|80/100
|-status|p1a: Dragonite|brn
|move|p1a: Dragonite|Dragon Dance|p1a: Dragonite
|-boost|p1a: Dragonite|atk|1
|-boost|p1a: Dragonite|spe|1
|
|-weather|SunnyDay|[upkeep]
|-damage|p1a: Dragonite|74/100 brn|[from] brn
|upkeep
|turn|7
|
|t:|1757959944
|move|p1a: Dragonite|Dragon Dance|p1a: Dragonite
|-boost|p1a: Dragonite|atk|1
|-boost|p1a: Dragonite|spe|1
|move|p2a: Ninetales|Encore|p1a: Dragonite
|-start|p1a: Dragonite|Encore
|
|-weather|SunnyDay|[upkeep]
|-damage|p1a: Dragonite|68/100 brn|[from] brn
|upkeep
|turn|8
|
|t:|1757959953
|switch|p1a: Weavile|Weavile, M|100/100
|-ability|p1a: Weavile|Pressure
|move|p2a: Ninetales|Flamethrower|p1a: Weavile
|-supereffective|p1a: Weavile
|-damage|p1a: Weavile|0 fnt
|faint|p1a: Weavile
|
|-weather|none
|-sideend|p1: rjzrjz|move: Light Screen
|upkeep
|
|t:|1757959958
|switch|p1a: Blaziken|Blaziken, F|100/100
|turn|9
|
|t:|1757959966
|move|p1a: Blaziken|Protect|p1a: Blaziken
|-singleturn|p1a: Blaziken|Protect
|move|p2a: Ninetales|Flamethrower|p1a: Blaziken
|-activate|p1a: Blaziken|move: Protect
|
|-ability|p1a: Blaziken|Speed Boost|boost
|-boost|p1a: Blaziken|spe|1
|upkeep
|turn|10
|
|t:|1757959980
|move|p1a: Blaziken|Earthquake|p2a: Ninetales
|-supereffective|p2a: Ninetales
|-crit|p2a: Ninetales
|-damage|p2a: Ninetales|0 fnt
|faint|p2a: Ninetales
|
|-ability|p1a: Blaziken|Speed Boost|boost
|-boost|p1a: Blaziken|spe|1
|upkeep
|
|t:|1757959993
|switch|p2a: Basilisk|Kilowattrel, M|100/100
|turn|11
|
|t:|1757960001
|move|p1a: Blaziken|Blaze Kick|p2a: Basilisk
|-damage|p2a: Basilisk|26/100
|-status|p2a: Basilisk|brn
|move|p2a: Basilisk|Air Slash|p1a: Blaziken
|-supereffective|p1a: Blaziken
|-damage|p1a: Blaziken|13/100
|
|-damage|p2a: Basilisk|20/100 brn|[from] brn
|-ability|p1a: Blaziken|Speed Boost|boost
|-boost|p1a: Blaziken|spe|1
|upkeep
|turn|12
|
|t:|1757960011
|move|p1a: Blaziken|Blaze Kick|p2a: Basilisk
|-damage|p2a: Basilisk|0 fnt
|faint|p2a: Basilisk
|
|-ability|p1a: Blaziken|Speed Boost|boost
|-boost|p1a: Blaziken|spe|1
|upkeep
|
|t:|1757960017
|switch|p2a: Tinkaton|Tinkaton, F|100/100
|turn|13
|
|t:|1757960023
|move|p2a: Tinkaton|Fake Out|p1a: Blaziken
|-enditem|p2a: Tinkaton|Normal Gem|[from] gem
|-damage|p1a: Blaziken|0 fnt
|faint|p1a: Blaziken
|
|upkeep
|
|t:|1757960027
|switch|p1a: Scizor|Scizor, M|100/100
|turn|14
|
|t:|1757960032
|move|p2a: Tinkaton|Brick Break|p1a: Scizor
|-damage|p1a: Scizor|81/100
|move|p1a: Scizor|Swords Dance|p1a: Scizor
|-boost|p1a: Scizor|atk|2
|
|upkeep
|turn|15
|
|t:|1757960040
|move|p1a: Scizor|Bullet Punch|p2a: Tinkaton
|-damage|p2a: Tinkaton|6/100
|-enditem|p1a: Scizor|Life Orb|[silent]|[from] ability: Pickpocket|[of] p1a: Scizor
|-item|p2a: Tinkaton|Life Orb|[from] ability: Pickpocket|[of] p1a: Scizor
|move|p2a: Tinkaton|Play Rough|p1a: Scizor
|-resisted|p1a: Scizor
|-damage|p1a: Scizor|59/100
|-damage|p2a: Tinkaton|0 fnt|[from] item: Life Orb
|faint|p2a: Tinkaton
|
|upkeep
|
|t:|1757960050
|switch|p2a: Scovillain|Scovillain, F|100/100
|turn|16
|inactive|rjzrjz has 120 seconds left.
|
|t:|1757960101
|move|p2a: Scovillain|Flamethrower|p1a: Scizor
|-supereffective|p1a: Scizor
|-damage|p1a: Scizor|0 fnt
|faint|p1a: Scizor
|
|upkeep
|
|t:|1757960108
|switch|p1a: Dragonite|Dragonite, M|68/100 brn
|turn|17
|
|t:|1757960119
|move|p1a: Dragonite|Dragon Dance|p1a: Dragonite
|-boost|p1a: Dragonite|atk|1
|-boost|p1a: Dragonite|spe|1
|move|p2a: Scovillain|Flamethrower|p1a: Dragonite
|-resisted|p1a: Dragonite
|-damage|p1a: Dragonite|47/100 brn
|
|-damage|p1a: Dragonite|41/100 brn|[from] brn
|upkeep
|turn|18
|
|t:|1757960135
|move|p1a: Dragonite|Dragon Dance|p1a: Dragonite
|-boost|p1a: Dragonite|atk|1
|-boost|p1a: Dragonite|spe|1
|move|p2a: Scovillain|Energy Ball|p1a: Dragonite
|-resisted|p1a: Dragonite
|-damage|p1a: Dragonite|31/100 brn
|
|-damage|p1a: Dragonite|25/100 brn|[from] brn
|upkeep
|turn|19
|
|t:|1757960143
|move|p1a: Dragonite|Dragon Claw|p2a: Scovillain
|-damage|p2a: Scovillain|21/100
|move|p2a: Scovillain|Flamethrower|p1a: Dragonite
|-resisted|p1a: Dragonite
|-damage|p1a: Dragonite|5/100 brn
|
|-damage|p1a: Dragonite|0 fnt|[from] brn
|faint|p1a: Dragonite
|upkeep
|
|t:|1757960147
|switch|p1a: Gardevoir|Gardevoir, F|100/100
|turn|20
|
|t:|1757960161
|move|p1a: Gardevoir|Psychic|p2a: Scovillain
|-damage|p2a: Scovillain|0 fnt
|faint|p2a: Scovillain
|
|upkeep
|
|t:|1757960167
|switch|p2a: Kingambit|Kingambit, F|100/100
|-activate|p2a: Kingambit|ability: Supreme Overlord
|-start|p2a: Kingambit|fallen4|[silent]
|turn|21
|
|t:|1757960183
|move|p1a: Gardevoir|Reflect|p1a: Gardevoir
|-sidestart|p1: rjzrjz|Reflect
|move|p2a: Kingambit|Iron Head|p1a: Gardevoir
|-supereffective|p1a: Gardevoir
|-damage|p1a: Gardevoir|0 fnt
|faint|p1a: Gardevoir
|
|upkeep
|
|t:|1757960186
|switch|p1a: Milotic|Milotic, M|90/100
|turn|22
|
|t:|1757960192
|move|p1a: Milotic|Scald|p2a: Kingambit
|-damage|p2a: Kingambit|66/100
|move|p2a: Kingambit|Brick Break|p1a: Milotic
|-sideend|p1: rjzrjz|Reflect
|-damage|p1a: Milotic|46/100
|
|upkeep
|turn|23
|
|t:|1757960200
|move|p1a: Milotic|Draining Kiss|p2a: Kingambit
|-damage|p2a: Kingambit|53/100
|-heal|p1a: Milotic|56/100|[from] drain|[of] p2a: Kingambit
|move|p2a: Kingambit|Foul Play|p1a: Milotic
|-damage|p1a: Milotic|31/100
|
|upkeep
|turn|24
|
|t:|1757960207
|move|p1a: Milotic|Scald|p2a: Kingambit
|-damage|p2a: Kingambit|22/100
|move|p2a: Kingambit|Iron Head|p1a: Milotic
|-resisted|p1a: Milotic
|-damage|p1a: Milotic|0 fnt
|faint|p1a: Milotic
|
|win|Iceman75
|raw|rjzrjz's rating: 1000 &rarr; <strong>1000</strong><br />(+0 for losing)
|raw|Iceman75's rating: 1000 &rarr; <strong>1040</strong><br />(+40 for winning)
|l|☆rjzrjz
|player|p1|
|c|☆Iceman75|gg
