|j|☆jabottle
|j|☆harc
|t:|1757820280
|gametype|singles
|player|p1|jabottle|giovanni|1403
|player|p2|harc|lady|1347
|gen|9
|tier|[Gen 9] OU
|rated|
|rule|HP Percentage Mod: HP is shown in percentages
|rule|Endless Battle Clause: Forcing endless battles is banned
|rule|Species Clause: Limit one of each Pokémon
|rule|OHKO Clause: OHKO moves are banned
|rule|Evasion Items Clause: Evasion items are banned
|rule|Evasion Moves Clause: Evasion moves are banned
|rule|Evasion Abilities Clause: Evasion abilities are banned
|rule|Sleep Moves Clause: Sleep-inducing moves are banned
|clearpoke
|poke|p1|Zamazenta-*|
|poke|p1|Ninetales-Alola, M|
|poke|p1|Darkrai|
|poke|p1|Ceruledge, F|
|poke|p1|Gliscor, M|
|poke|p1|Hatterene, F|
|poke|p2|Corviknight, M|
|poke|p2|Clefable, M|
|poke|p2|Tyranitar, F|
|poke|p2|Dondozo, M|
|poke|p2|Scrafty, M|
|poke|p2|Forretress, F|
|teampreview
|
|t:|1757820315
|teamsize|p1|6
|teamsize|p2|6
|start
|switch|p1a: Darkrai|Darkrai|100/100
|switch|p2a: Scrafty|Scrafty, M|100/100
|-ability|p2a: Scrafty|Intimidate|boost
|-unboost|p1a: Darkrai|atk|1
|turn|1
|
|t:|1757820331
|switch|p1a: Hatterene|Hatterene, F|100/100
|move|p2a: Scrafty|Drain Punch|p1a: Hatterene
|-resisted|p1a: Hatterene
|-damage|p1a: Hatterene|95/100
|
|-heal|p1a: Hatterene|100/100|[from] item: Leftovers
|upkeep
|turn|2
|
|t:|1757820349
|switch|p2a: Tyranitar|Tyranitar, F|100/100
|-weather|Sandstorm|[from] ability: Sand Stream|[of] p2a: Tyranitar
|move|p1a: Hatterene|Draining Kiss|p2a: Tyranitar
|-supereffective|p2a: Tyranitar
|-damage|p2a: Tyranitar|89/100
|
|-weather|Sandstorm|[upkeep]
|-damage|p1a: Hatterene|95/100|[from] Sandstorm
|-heal|p1a: Hatterene|100/100|[from] item: Leftovers
|upkeep
|turn|3
|
|t:|1757820400
|switch|p1a: Ninetales|Ninetales-Alola, M|100/100
|-weather|Snowscape|[from] ability: Snow Warning|[of] p1a: Ninetales
|move|p2a: Tyranitar|Knock Off|p1a: Ninetales
|-resisted|p1a: Ninetales
|-damage|p1a: Ninetales|83/100
|-enditem|p1a: Ninetales|Light Clay|[from] move: Knock Off|[of] p2a: Tyranitar
|
|-weather|Snowscape|[upkeep]
|upkeep
|turn|4
|
|t:|1757820411
|move|p1a: Ninetales|Aurora Veil|p1a: Ninetales
|-sidestart|p1: jabottle|move: Aurora Veil
|move|p2a: Tyranitar|Stone Edge|p1a: Ninetales
|-supereffective|p1a: Ninetales
|-damage|p1a: Ninetales|45/100
|
|-weather|Snowscape|[upkeep]
|upkeep
|turn|5
|
|t:|1757820420
|switch|p1a: Darkrai|Darkrai|100/100
|switch|p2a: Forretress|Forretress, F|100/100
|
|-weather|Snowscape|[upkeep]
|upkeep
|turn|6
|
|t:|1757820429
|move|p1a: Darkrai|Dark Pulse|p2a: Forretress
|-damage|p2a: Forretress|57/100
|move|p2a: Forretress|Light Screen|p2a: Forretress
|-sidestart|p2: harc|move: Light Screen
|
|-weather|Snowscape|[upkeep]
|upkeep
|turn|7
|
|t:|1757820436
|move|p1a: Darkrai|Nasty Plot|p1a: Darkrai
|-boost|p1a: Darkrai|spa|2
|move|p2a: Forretress|Stealth Rock|p1a: Darkrai
|-sidestart|p1: jabottle|move: Stealth Rock
|
|-weather|none
|upkeep
|turn|8
|
|t:|1757820454
|switch|p2a: Clefable|Clefable, M|100/100
|move|p1a: Darkrai|Dark Pulse|p2a: Clefable
|-resisted|p2a: Clefable
|-damage|p2a: Clefable|93/100
|
|-heal|p2a: Clefable|99/100|[from] item: Leftovers
|-sideend|p1: jabottle|move: Aurora Veil
|upkeep
|turn|9
|
|t:|1757820465
|switch|p1a: Ninetales|Ninetales-Alola, M|45/100
|-damage|p1a: Ninetales|20/100|[from] Stealth Rock
|-weather|Snowscape|[from] ability: Snow Warning|[of] p1a: Ninetales
|move|p2a: Clefable|Alluring Voice|p1a: Ninetales
|-damage|p1a: Ninetales|0 fnt
|faint|p1a: Ninetales
|
|-weather|Snowscape|[upkeep]
|-heal|p2a: Clefable|100/100|[from] item: Leftovers
|upkeep
|
|t:|1757820471
|switch|p1a: Ceruledge|Ceruledge, F|100/100
|-damage|p1a: Ceruledge|76/100|[from] Stealth Rock
|turn|10
|
|t:|1757820490
|switch|p2a: Dondozo|Dondozo, M|100/100
|move|p1a: Ceruledge|Bitter Blade|p2a: Dondozo
|-resisted|p2a: Dondozo
|-damage|p2a: Dondozo|92/100
|-heal|p1a: Ceruledge|82/100|[from] drain|[of] p2a: Dondozo
|
|-weather|Snowscape|[upkeep]
|-heal|p2a: Dondozo|98/100|[from] item: Leftovers
|upkeep
|turn|11
|
|t:|1757820505
|move|p1a: Ceruledge|Taunt|p2a: Dondozo
|-start|p2a: Dondozo|move: Taunt
|move|p2a: Dondozo|Liquidation|p1a: Ceruledge
|-supereffective|p1a: Ceruledge
|-damage|p1a: Ceruledge|23/100
|
|-weather|Snowscape|[upkeep]
|-heal|p2a: Dondozo|100/100|[from] item: Leftovers
|upkeep
|turn|12
|
|t:|1757820546
|switch|p1a: Hatterene|Hatterene, F|100/100
|-damage|p1a: Hatterene|88/100|[from] Stealth Rock
|move|p2a: Dondozo|Liquidation|p1a: Hatterene
|-damage|p1a: Hatterene|65/100
|
|-weather|Snowscape|[upkeep]
|-heal|p1a: Hatterene|71/100|[from] item: Leftovers
|upkeep
|turn|13
|-message|jabottle forfeited.
|
|win|harc
|raw|jabottle's rating: 1403 &rarr; <strong>1380</strong><br />(-23 for losing)
|raw|harc's rating: 1347 &rarr; <strong>1370</strong><br />(+23 for winning)
|l|☆jabottle
|player|p1|
|l|☆harc
|player|p2|
