|j|☆4DEF+4SPD=GG
|j|☆katship
|t:|1757797746
|gametype|singles
|player|p1|4DEF+4SPD=GG|preschooler|1202
|player|p2|katship|clair|1235
|gen|9
|tier|[Gen 9] OU
|rated|
|rule|HP Percentage Mod: HP is shown in percentages
|rule|Endless Battle Clause: Forcing endless battles is banned
|rule|Species Clause: Limit one of each Pokémon
|rule|OHKO Clause: OHKO moves are banned
|rule|Evasion Items Clause: Evasion items are banned
|rule|Evasion Moves Clause: Evasion moves are banned
|rule|Evasion Abilities Clause: Evasion abilities are banned
|rule|Sleep Moves Clause: Sleep-inducing moves are banned
|clearpoke
|poke|p1|Tyranitar, M|
|poke|p1|Excadrill, M|
|poke|p1|Corviknight, M|
|poke|p1|Glimmora, M|
|poke|p1|Hippowdon, M|
|poke|p1|Scizor, M|
|poke|p2|Hoopa-Unbound|
|poke|p2|Slowking-Galar, F|
|poke|p2|Alomomola, F|
|poke|p2|Zamazenta-*|
|poke|p2|Great Tusk|
|poke|p2|Kingambit, F|
|teampreview
|inactive|Battle timer is ON: inactive players will automatically lose when time's up. (requested by 4DEF+4SPD=GG)
|inactive|katship has 120 seconds left.
|
|t:|1757797789
|teamsize|p1|6
|teamsize|p2|6
|start
|switch|p1a: Hippowdon|Hippowdon, M|100/100
|switch|p2a: Kingambit|Kingambit, F|100/100
|-weather|Sandstorm|[from] ability: Sand Stream|[of] p1a: Hippowdon
|turn|1
|
|t:|1757797802
|-end|p2a: Kingambit|fallenundefined|[silent]
|switch|p2a: Great Tusk|Great Tusk|100/100
|move|p1a: Hippowdon|Stealth Rock|p2a: Great Tusk
|-sidestart|p2: katship|move: Stealth Rock
|
|-weather|Sandstorm|[upkeep]
|upkeep
|turn|2
|
|t:|1757797812
|move|p2a: Great Tusk|Stealth Rock|p1a: Hippowdon
|-sidestart|p1: 4DEF+4SPD=GG|move: Stealth Rock
|move|p1a: Hippowdon|Bulldoze|p2a: Great Tusk
|-damage|p2a: Great Tusk|82/100
|-unboost|p2a: Great Tusk|spe|1
|
|-weather|Sandstorm|[upkeep]
|upkeep
|turn|3
|
|t:|1757797822
|switch|p1a: Corviknight|Corviknight, M|100/100
|-damage|p1a: Corviknight|88/100|[from] Stealth Rock
|move|p2a: Great Tusk|Ice Spinner|p1a: Corviknight
|-damage|p1a: Corviknight|70/100
|-damage|p2a: Great Tusk|66/100|[from] item: Rocky Helmet|[of] p1a: Corviknight
|
|-weather|Sandstorm|[upkeep]
|upkeep
|turn|4
|
|t:|1757797837
|move|p2a: Great Tusk|Stealth Rock||[still]
|-fail|p2a: Great Tusk
|move|p1a: Corviknight|Brave Bird|p2a: Great Tusk
|-supereffective|p2a: Great Tusk
|-damage|p2a: Great Tusk|11/100
|-damage|p1a: Corviknight|53/100|[from] Recoil
|
|-weather|Sandstorm|[upkeep]
|upkeep
|turn|5
|
|t:|1757797845
|move|p2a: Great Tusk|Rapid Spin|p1a: Corviknight
|-resisted|p1a: Corviknight
|-damage|p1a: Corviknight|48/100
|-boost|p2a: Great Tusk|spe|1
|-damage|p2a: Great Tusk|0 fnt|[from] item: Rocky Helmet|[of] p1a: Corviknight
|faint|p2a: Great Tusk
|-end|p2a: Great Tusk|Protosynthesis|[silent]
|move|p1a: Corviknight|Roost|p1a: Corviknight
|-heal|p1a: Corviknight|98/100
|-singleturn|p1a: Corviknight|move: Roost
|
|-weather|Sandstorm|[upkeep]
|upkeep
|
|t:|1757797867
|switch|p2a: Hoopa|Hoopa-Unbound|100/100
|-damage|p2a: Hoopa|88/100|[from] Stealth Rock
|turn|6
|
|t:|1757797871
|move|p2a: Hoopa|Knock Off|p1a: Corviknight
|-damage|p1a: Corviknight|41/100
|-damage|p2a: Hoopa|72/100|[from] item: Rocky Helmet|[of] p1a: Corviknight
|-enditem|p1a: Corviknight|Rocky Helmet|[from] move: Knock Off|[of] p2a: Hoopa
|move|p1a: Corviknight|U-turn|p2a: Hoopa
|-supereffective|p2a: Hoopa
|-damage|p2a: Hoopa|0 fnt
|faint|p2a: Hoopa
|-message|katship forfeited.
|
|win|4DEF+4SPD=GG
|raw|4DEF+4SPD=GG's rating: 1202 &rarr; <strong>1229</strong><br />(+27 for winning)
|raw|katship's rating: 1235 &rarr; <strong>1208</strong><br />(-27 for losing)
|l|☆katship
|player|p2|
