|j|☆rennan71
|j|☆Salocin99
|t:|1757794833
|gametype|singles
|player|p1|rennan71|266|1208
|player|p2|Salocin99|102|1171
|gen|9
|tier|[Gen 9] OU
|rated|
|rule|HP Percentage Mod: HP is shown in percentages
|rule|Endless Battle Clause: Forcing endless battles is banned
|rule|Species Clause: Limit one of each Pokémon
|rule|OHKO Clause: OHKO moves are banned
|rule|Evasion Items Clause: Evasion items are banned
|rule|Evasion Moves Clause: Evasion moves are banned
|rule|Evasion Abilities Clause: Evasion abilities are banned
|rule|Sleep Moves Clause: Sleep-inducing moves are banned
|clearpoke
|poke|p1|Glimmora, F|
|poke|p1|Raging Bolt|
|poke|p1|Landorus-Therian, M|
|poke|p1|Garganacl, M|
|poke|p1|Ogerpon-Wellspring, F|
|poke|p1|Kyurem|
|poke|p2|Dusknoir, F|
|poke|p2|Hariyama, M|
|poke|p2|Haxorus, M|
|poke|p2|Bronzong|
|poke|p2|Glalie, F|
|poke|p2|Noctowl, M|
|teampreview
|
|t:|1757794846
|teamsize|p1|6
|teamsize|p2|6
|start
|switch|p1a: Ogerpon|Ogerpon-Wellspring, F|100/100
|switch|p2a: Hariyama|Hariyama, M|100/100
|turn|1
|
|t:|1757794857
|move|p1a: Ogerpon|Knock Off|p2a: Hariyama
|-resisted|p2a: Hariyama
|-damage|p2a: Hariyama|82/100
|-enditem|p2a: Hariyama|Life Orb|[from] move: Knock Off|[of] p1a: Ogerpon
|move|p2a: Hariyama|Close Combat|p1a: Ogerpon
|-damage|p1a: Ogerpon|11/100
|-unboost|p2a: Hariyama|def|1
|-unboost|p2a: Hariyama|spd|1
|
|upkeep
|turn|2
|
|t:|1757794872
|switch|p1a: Glimmora|Glimmora, F, shiny|100/100
|move|p2a: Hariyama|Close Combat|p1a: Glimmora
|-damage|p1a: Glimmora|29/100
|-unboost|p2a: Hariyama|def|1
|-unboost|p2a: Hariyama|spd|1
|-activate|p1a: Glimmora|ability: Toxic Debris
|-sidestart|p2: Salocin99|move: Toxic Spikes
|-enditem|p1a: Glimmora|Red Card|[of] p2a: Hariyama
|drag|p2a: Glalie|Glalie, F|100/100
|-status|p2a: Glalie|psn
|
|-damage|p2a: Glalie|88/100 psn|[from] psn
|upkeep
|turn|3
|
|t:|1757794890
|move|p1a: Glimmora|Spiky Shield|p1a: Glimmora
|-singleturn|p1a: Glimmora|move: Protect
|move|p2a: Glalie|Trailblaze|p1a: Glimmora
|-activate|p1a: Glimmora|move: Protect
|-damage|p2a: Glalie|76/100 psn|[from] Spiky Shield|[of] p1a: Glimmora
|
|-damage|p2a: Glalie|64/100 psn|[from] psn
|upkeep
|turn|4
|
|t:|1757794903
|switch|p1a: Garganacl|Garganacl, M, shiny|100/100
|move|p2a: Glalie|Blizzard|p1a: Garganacl
|-damage|p1a: Garganacl|62/100
|
|-heal|p1a: Garganacl|69/100|[from] item: Leftovers
|-damage|p2a: Glalie|51/100 psn|[from] psn
|upkeep
|turn|5
|
|t:|1757794915
|move|p2a: Glalie|Blizzard|p1a: Garganacl
|-damage|p1a: Garganacl|36/100
|move|p1a: Garganacl|Salt Cure|p2a: Glalie
|-supereffective|p2a: Glalie
|-damage|p2a: Glalie|13/100 psn
|-start|p2a: Glalie|Salt Cure
|
|-heal|p1a: Garganacl|42/100|[from] item: Leftovers
|-damage|p2a: Glalie|1/100 psn|[from] psn
|-damage|p2a: Glalie|0 fnt|[from] Salt Cure
|faint|p2a: Glalie
|upkeep
|
|t:|1757794924
|switch|p2a: Hariyama|Hariyama, M|82/100
|-status|p2a: Hariyama|psn
|turn|6
|
|t:|1757794934
|move|p1a: Garganacl|Protect|p1a: Garganacl
|-singleturn|p1a: Garganacl|Protect
|move|p2a: Hariyama|Close Combat|p1a: Garganacl
|-activate|p1a: Garganacl|move: Protect
|
|-heal|p1a: Garganacl|48/100|[from] item: Leftovers
|-damage|p2a: Hariyama|69/100 psn|[from] psn
|upkeep
|turn|7
|
|t:|1757794945
|switch|p1a: Landorus|Landorus-Therian, M|100/100
|-ability|p1a: Landorus|Intimidate|boost
|-unboost|p2a: Hariyama|atk|1
|move|p2a: Hariyama|Ice Punch|p1a: Landorus
|-supereffective|p1a: Landorus
|-damage|p1a: Landorus|0 fnt
|faint|p1a: Landorus
|
|-damage|p2a: Hariyama|57/100 psn|[from] psn
|upkeep
|
|t:|1757794960
|switch|p1a: Kyurem|Kyurem, shiny|100/100
|-ability|p1a: Kyurem|Pressure
|turn|8
|
|t:|1757794966
|move|p1a: Kyurem|Freeze-Dry|p2a: Hariyama
|-damage|p2a: Hariyama|16/100 psn
|move|p2a: Hariyama|Close Combat|p1a: Kyurem
|-supereffective|p1a: Kyurem
|-damage|p1a: Kyurem|15/100
|-unboost|p2a: Hariyama|def|1
|-unboost|p2a: Hariyama|spd|1
|
|-damage|p2a: Hariyama|4/100 psn|[from] psn
|upkeep
|turn|9
|
|t:|1757794983
|move|p1a: Kyurem|Tera Blast|p2a: Hariyama
|-damage|p2a: Hariyama|0 fnt
|faint|p2a: Hariyama
|
|upkeep
|
|t:|1757794985
|switch|p2a: Dusknoir|Dusknoir, F, shiny|100/100
|-status|p2a: Dusknoir|psn
|-item|p1a: Kyurem|Assault Vest|[from] ability: Frisk|[of] p2a: Dusknoir
|turn|10
|
|t:|1757794998
|switch|p1a: Glimmora|Glimmora, F, shiny|29/100
|move|p2a: Dusknoir|Leech Life|p1a: Glimmora
|-resisted|p1a: Glimmora
|-damage|p1a: Glimmora|14/100
|-activate|p1a: Glimmora|ability: Toxic Debris
|-sidestart|p2: Salocin99|move: Toxic Spikes
|
|-damage|p2a: Dusknoir|88/100 psn|[from] psn
|upkeep
|turn|11
|
|t:|1757795012
|move|p2a: Dusknoir|Shadow Sneak|p1a: Glimmora
|-damage|p1a: Glimmora|0 fnt
|faint|p1a: Glimmora
|
|-damage|p2a: Dusknoir|76/100 psn|[from] psn
|upkeep
|
|t:|1757795024
|switch|p1a: Garganacl|Garganacl, M, shiny|48/100
|turn|12
|
|t:|1757795033
|move|p2a: Dusknoir|Leech Life|p1a: Garganacl
|-damage|p1a: Garganacl|33/100
|-heal|p2a: Dusknoir|85/100 psn|[from] drain|[of] p1a: Garganacl
|move|p1a: Garganacl|Salt Cure|p2a: Dusknoir
|-damage|p2a: Dusknoir|73/100 psn
|-start|p2a: Dusknoir|Salt Cure
|
|-heal|p1a: Garganacl|39/100|[from] item: Leftovers
|-damage|p2a: Dusknoir|61/100 psn|[from] psn
|-damage|p2a: Dusknoir|49/100 psn|[from] Salt Cure
|upkeep
|turn|13
|
|t:|1757795047
|switch|p2a: Bronzong|Bronzong|100/100
|move|p1a: Garganacl|Protect||[still]
|-fail|p1a: Garganacl
|
|-heal|p1a: Garganacl|45/100|[from] item: Leftovers
|upkeep
|turn|14
|
|t:|1757795056
|move|p1a: Garganacl|Salt Cure|p2a: Bronzong
|-resisted|p2a: Bronzong
|-damage|p2a: Bronzong|96/100
|-start|p2a: Bronzong|Salt Cure
|move|p2a: Bronzong|Iron Defense|p2a: Bronzong
|-boost|p2a: Bronzong|def|2
|
|-heal|p1a: Garganacl|52/100|[from] item: Leftovers
|-damage|p2a: Bronzong|71/100|[from] Salt Cure
|upkeep
|turn|15
|
|t:|1757795070
|move|p1a: Garganacl|Protect|p1a: Garganacl
|-singleturn|p1a: Garganacl|Protect
|move|p2a: Bronzong|Iron Defense|p2a: Bronzong
|-boost|p2a: Bronzong|def|2
|
|-heal|p1a: Garganacl|58/100|[from] item: Leftovers
|-damage|p2a: Bronzong|46/100|[from] Salt Cure
|upkeep
|turn|16
|
|t:|1757795088
|-terastallize|p1a: Garganacl|Ghost
|move|p1a: Garganacl|Stealth Rock|p2a: Bronzong
|-sidestart|p2: Salocin99|move: Stealth Rock
|move|p2a: Bronzong|Body Press|p1a: Garganacl
|-immune|p1a: Garganacl
|
|-heal|p1a: Garganacl|64/100|[from] item: Leftovers
|-damage|p2a: Bronzong|22/100|[from] Salt Cure
|upkeep
|turn|17
|-message|Salocin99 forfeited.
|
|win|rennan71
|raw|rennan71's rating: 1208 &rarr; <strong>1230</strong><br />(+22 for winning)
|raw|Salocin99's rating: 1171 &rarr; <strong>1149</strong><br />(-22 for losing)
|l|☆Salocin99
|player|p2|
|l|☆rennan71
|player|p1|
