|j|☆JacquesDeAlderberg
|j|☆oehtwashere
|t:|1757862973
|gametype|singles
|player|p1|JacquesDeAlderberg|2|1740
|player|p2|oehtwashere|supernerd|1674
|gen|9
|tier|[Gen 9] OU
|rated|
|rule|HP Percentage Mod: HP is shown in percentages
|rule|Endless Battle Clause: Forcing endless battles is banned
|rule|Species Clause: Limit one of each Pokémon
|rule|OHKO Clause: OHKO moves are banned
|rule|Evasion Items Clause: Evasion items are banned
|rule|Evasion Moves Clause: Evasion moves are banned
|rule|Evasion Abilities Clause: Evasion abilities are banned
|rule|Sleep Moves Clause: Sleep-inducing moves are banned
|clearpoke
|poke|p1|Enamorus, F|
|poke|p1|Great Tusk|
|poke|p1|Hatterene, F|
|poke|p1|Iron Crown|
|poke|p1|Ting-Lu|
|poke|p1|Sinistcha|
|poke|p2|Raikou|
|poke|p2|Samurott-Hisui, F|
|poke|p2|Alomomola, M|
|poke|p2|Sinistcha|
|poke|p2|Gliscor, M|
|poke|p2|Zamazenta-*|
|teampreview
|inactive|Battle timer is ON: inactive players will automatically lose when time's up. (requested by oehtwashere)
|
|t:|1757862989
|teamsize|p1|6
|teamsize|p2|6
|start
|switch|p1a: Enamorus|Enamorus, F|100/100
|switch|p2a: Alomomola|Alomomola, M|100/100
|turn|1
|
|t:|1757862993
|move|p1a: Enamorus|Substitute|p1a: Enamorus
|-start|p1a: Enamorus|Substitute
|-damage|p1a: Enamorus|75/100
|move|p2a: Alomomola|Flip Turn|p1a: Enamorus
|-crit|p1a: Enamorus
|-end|p1a: Enamorus|Substitute
|
|t:|1757862999
|switch|p2a: Rai Charles|Raikou|100/100|[from] Flip Turn
|-ability|p2a: Rai Charles|Pressure
|
|-heal|p1a: Enamorus|82/100|[from] item: Leftovers
|upkeep
|turn|2
|
|t:|1757863006
|switch|p1a: Ting-Lu|Ting-Lu|100/100
|-ability|p1a: Ting-Lu|Vessel of Ruin
|move|p2a: Rai Charles|Scald|p1a: Ting-Lu
|-supereffective|p1a: Ting-Lu
|-damage|p1a: Ting-Lu|79/100
|
|-heal|p1a: Ting-Lu|86/100|[from] item: Leftovers
|upkeep
|turn|3
|
|t:|1757863014
|switch|p2a: Alomomola|Alomomola, M|100/100
|move|p1a: Ting-Lu|Stealth Rock|p2a: Alomomola
|-sidestart|p2: oehtwashere|move: Stealth Rock
|
|-heal|p1a: Ting-Lu|92/100|[from] item: Leftovers
|upkeep
|turn|4
|
|t:|1757863017
|move|p1a: Ting-Lu|Ruination|p2a: Alomomola
|-damage|p2a: Alomomola|51/100
|move|p2a: Alomomola|Flip Turn|p1a: Ting-Lu
|-supereffective|p1a: Ting-Lu
|-damage|p1a: Ting-Lu|73/100
|
|t:|1757863020
|switch|p2a: Gliscor|Gliscor, M|100/100|[from] Flip Turn
|-damage|p2a: Gliscor|88/100|[from] Stealth Rock
|
|-heal|p1a: Ting-Lu|79/100|[from] item: Leftovers
|-status|p2a: Gliscor|tox|[from] item: Toxic Orb
|upkeep
|turn|5
|
|t:|1757863026
|switch|p1a: Hatterene|Hatterene, F|100/100
|move|p2a: Gliscor|Knock Off|p1a: Hatterene
|-damage|p1a: Hatterene|82/100
|-enditem|p1a: Hatterene|Leftovers|[from] move: Knock Off|[of] p2a: Gliscor
|
|-heal|p2a: Gliscor|100/100 tox|[from] ability: Poison Heal
|upkeep
|turn|6
|
|t:|1757863035
|move|p2a: Gliscor|Earthquake|p1a: Hatterene
|-damage|p1a: Hatterene|54/100
|move|p1a: Hatterene|Psychic Noise|p2a: Gliscor
|-damage|p2a: Gliscor|70/100 tox
|-start|p2a: Gliscor|move: Heal Block
|
|upkeep
|turn|7
|
|t:|1757863042
|switch|p1a: Enamorus|Enamorus, F|82/100
|move|p2a: Gliscor|Protect||[still]
|-fail|p2a: Gliscor
|
|-heal|p1a: Enamorus|88/100|[from] item: Leftovers
|-end|p2a: Gliscor|move: Heal Block
|upkeep
|turn|8
|
|t:|1757863047
|switch|p2a: Alomomola|Alomomola, M|84/100
|move|p1a: Enamorus|Substitute|p1a: Enamorus
|-start|p1a: Enamorus|Substitute
|-damage|p1a: Enamorus|63/100
|
|-heal|p1a: Enamorus|69/100|[from] item: Leftovers
|upkeep
|turn|9
|
|t:|1757863051
|move|p1a: Enamorus|Calm Mind|p1a: Enamorus
|-boost|p1a: Enamorus|spa|1
|-boost|p1a: Enamorus|spd|1
|move|p2a: Alomomola|Flip Turn|p1a: Enamorus
|-activate|p1a: Enamorus|move: Substitute|[damage]
|
|t:|1757863057
|switch|p2a: Rai Charles|Raikou|100/100|[from] Flip Turn
|-ability|p2a: Rai Charles|Pressure
|
|-heal|p1a: Enamorus|75/100|[from] item: Leftovers
|upkeep
|turn|10
|
|t:|1757863062
|move|p2a: Rai Charles|Volt Switch|p1a: Enamorus
|-supereffective|p1a: Enamorus
|-end|p1a: Enamorus|Substitute
|
|t:|1757863069
|switch|p2a: Samurott|Samurott-Hisui, F|100/100|[from] Volt Switch
|move|p1a: Enamorus|Moonblast|p2a: Samurott
|-supereffective|p2a: Samurott
|-damage|p2a: Samurott|0 fnt
|faint|p2a: Samurott
|
|-heal|p1a: Enamorus|81/100|[from] item: Leftovers
|upkeep
|j| RandyBDP
|
|t:|1757863074
|switch|p2a: Zamazenta|Zamazenta|100/100
|-ability|p2a: Zamazenta|Dauntless Shield|boost
|-boost|p2a: Zamazenta|def|1
|turn|11
|
|t:|1757863076
|switch|p1a: Sinistcha|Sinistcha|100/100
|move|p2a: Zamazenta|Ice Fang|p1a: Sinistcha|[miss]
|-miss|p2a: Zamazenta|p1a: Sinistcha
|
|upkeep
|turn|12
|
|t:|1757863083
|switch|p2a: Sinistcha|Sinistcha|100/100
|move|p1a: Sinistcha|Matcha Gotcha|p2a: Sinistcha
|-resisted|p2a: Sinistcha
|-damage|p2a: Sinistcha|80/100
|
|upkeep
|turn|13
|
|t:|1757863087
|move|p1a: Sinistcha|Shadow Ball|p2a: Sinistcha
|-supereffective|p2a: Sinistcha
|-damage|p2a: Sinistcha|0 fnt
|faint|p2a: Sinistcha
|
|upkeep
|-message|oehtwashere forfeited.
|
|win|JacquesDeAlderberg
|raw|JacquesDeAlderberg's rating: 1740 &rarr; <strong>1756</strong><br />(+16 for winning)
|raw|oehtwashere's rating: 1674 &rarr; <strong>1658</strong><br />(-16 for losing)
|l|☆oehtwashere
|player|p2|
|l| RandyBDP
