|badge|p1|silver|gen9ru|30-6
|uhtml|medal-msg|<div class="broadcast-blue">Curious what those medals under the avatar are? PS now has Ladder Seasons! For more information, check out the <a href="https://www.smogon.com/forums/threads/3740067/">thread on Smogon.</a></div>
|j|☆JoelMasterX
|j|☆ghostlyplanets
|inactive|Battle timer is ON: inactive players will automatically lose when time's up.
|t:|1757786891
|gametype|singles
|player|p1|JoelMasterX|170|
|player|p2|ghostlyplanets|zirco-unite|
|gen|9
|tier|[Gen 9] OU
|rated|Tournament battle
|rule|HP Percentage Mod: HP is shown in percentages
|rule|Endless Battle Clause: Forcing endless battles is banned
|rule|Species Clause: Limit one of each Pokémon
|rule|OHKO Clause: OHKO moves are banned
|rule|Evasion Items Clause: Evasion items are banned
|rule|Evasion Moves Clause: Evasion moves are banned
|rule|Evasion Abilities Clause: Evasion abilities are banned
|rule|Sleep Moves Clause: Sleep-inducing moves are banned
|clearpoke
|poke|p1|Gholdengo|
|poke|p1|Ting-Lu|
|poke|p1|Garganacl, F|
|poke|p1|Ogerpon-Wellspring, F|
|poke|p1|Moltres|
|poke|p1|Iron Valiant|
|poke|p2|Zamazenta-*|
|poke|p2|Ninetales-Alola, F|
|poke|p2|Darkrai|
|poke|p2|Ceruledge, F|
|poke|p2|Gliscor, M|
|poke|p2|Hatterene, F|
|teampreview
|j|*Lady Monita ☀
|c|☆JoelMasterX|glhf
|inactive|ghostlyplanets has 120 seconds left.
|c|☆ghostlyplanets|u2
|
|t:|1757786924
|teamsize|p1|6
|teamsize|p2|6
|start
|switch|p1a: Ogerpon|Ogerpon-Wellspring, F|100/100
|switch|p2a: Ninetales|Ninetales-Alola, F|100/100
|-weather|Snowscape|[from] ability: Snow Warning|[of] p2a: Ninetales
|turn|1
|
|t:|1757786935
|switch|p1a: Garganacl|Garganacl, F|100/100
|move|p2a: Ninetales|Freeze-Dry|p1a: Garganacl
|-damage|p1a: Garganacl|87/100
|
|-weather|Snowscape|[upkeep]
|-heal|p1a: Garganacl|93/100|[from] item: Leftovers
|upkeep
|turn|2
|
|t:|1757786938
|move|p2a: Ninetales|Aurora Veil|p2a: Ninetales
|-sidestart|p2: ghostlyplanets|move: Aurora Veil
|move|p1a: Garganacl|Salt Cure|p2a: Ninetales
|-supereffective|p2a: Ninetales
|-damage|p2a: Ninetales|89/100
|-start|p2a: Ninetales|Salt Cure
|
|-weather|Snowscape|[upkeep]
|-heal|p1a: Garganacl|99/100|[from] item: Leftovers
|-damage|p2a: Ninetales|77/100|[from] Salt Cure
|upkeep
|turn|3
|
|t:|1757786944
|switch|p2a: Ceruledge|Ceruledge, F|100/100
|move|p1a: Garganacl|Salt Cure|p2a: Ceruledge
|-supereffective|p2a: Ceruledge
|-damage|p2a: Ceruledge|86/100
|
|-weather|Snowscape|[upkeep]
|-heal|p1a: Garganacl|100/100|[from] item: Leftovers
|upkeep
|turn|4
|j| sfinch1
|
|t:|1757786963
|switch|p1a: Ogerpon|Ogerpon-Wellspring, F|100/100
|move|p2a: Ceruledge|Bulk Up|p2a: Ceruledge
|-boost|p2a: Ceruledge|atk|1
|-boost|p2a: Ceruledge|def|1
|
|-weather|Snowscape|[upkeep]
|upkeep
|turn|5
|
|t:|1757786968
|move|p2a: Ceruledge|Shadow Sneak|p1a: Ogerpon
|-damage|p1a: Ogerpon|70/100
|move|p1a: Ogerpon|Ivy Cudgel|p2a: Ceruledge|[anim] Ivy Cudgel Water
|-supereffective|p2a: Ceruledge
|-damage|p2a: Ceruledge|42/100
|
|-weather|none
|upkeep
|turn|6
|
|t:|1757786977
|switch|p2a: Zamazenta|Zamazenta|100/100
|-ability|p2a: Zamazenta|Dauntless Shield|boost
|-boost|p2a: Zamazenta|def|1
|move|p1a: Ogerpon|Synthesis|p1a: Ogerpon
|-heal|p1a: Ogerpon|100/100
|
|upkeep
|turn|7
|
|t:|1757786985
|switch|p1a: Moltres|Moltres|100/100
|move|p2a: Zamazenta|Iron Defense|p2a: Zamazenta
|-boost|p2a: Zamazenta|def|2
|
|upkeep
|turn|8
|
|t:|1757786996
|switch|p2a: Hatterene|Hatterene, F|100/100
|move|p1a: Moltres|U-turn|p2a: Hatterene
|-damage|p2a: Hatterene|94/100
|
|t:|1757787003
|switch|p1a: Gholdengo|Gholdengo|100/100|[from] U-turn
|-item|p1a: Gholdengo|Air Balloon
|
|-heal|p2a: Hatterene|99/100|[from] item: Leftovers
|upkeep
|turn|9
|
|t:|1757787008
|move|p1a: Gholdengo|Make It Rain|p2a: Hatterene
|-supereffective|p2a: Hatterene
|-damage|p2a: Hatterene|43/100
|-unboost|p1a: Gholdengo|spa|1
|move|p2a: Hatterene|Mystical Fire|p1a: Gholdengo
|-supereffective|p1a: Gholdengo
|-damage|p1a: Gholdengo|58/100
|-unboost|p1a: Gholdengo|spa|1
|-enditem|p1a: Gholdengo|Air Balloon
|
|-heal|p2a: Hatterene|49/100|[from] item: Leftovers
|-sideend|p2: ghostlyplanets|move: Aurora Veil
|upkeep
|turn|10
|
|t:|1757787013
|switch|p2a: Ninetales|Ninetales-Alola, F|77/100
|-weather|Snowscape|[from] ability: Snow Warning|[of] p2a: Ninetales
|move|p1a: Gholdengo|Make It Rain|p2a: Ninetales
|-supereffective|p2a: Ninetales
|-damage|p2a: Ninetales|0 fnt
|-unboost|p1a: Gholdengo|spa|1
|faint|p2a: Ninetales
|
|-weather|Snowscape|[upkeep]
|upkeep
|
|t:|1757787023
|switch|p2a: Gliscor|Gliscor, M|100/100
|turn|11
|
|t:|1757787029
|switch|p1a: Ogerpon|Ogerpon-Wellspring, F|100/100
|move|p2a: Gliscor|Agility|p2a: Gliscor
|-boost|p2a: Gliscor|spe|2
|
|-weather|Snowscape|[upkeep]
|-status|p2a: Gliscor|tox|[from] item: Toxic Orb
|upkeep
|turn|12
|
|t:|1757787033
|-terastallize|p2a: Gliscor|Normal
|move|p2a: Gliscor|Swords Dance|p2a: Gliscor
|-boost|p2a: Gliscor|atk|2
|move|p1a: Ogerpon|Ivy Cudgel|p2a: Gliscor|[anim] Ivy Cudgel Water
|-damage|p2a: Gliscor|55/100 tox
|
|-weather|Snowscape|[upkeep]
|-heal|p2a: Gliscor|68/100 tox|[from] ability: Poison Heal
|upkeep
|turn|13
|j| fedsf
|
|t:|1757787047
|switch|p1a: Garganacl|Garganacl, F|100/100
|move|p2a: Gliscor|Swords Dance|p2a: Gliscor
|-boost|p2a: Gliscor|atk|2
|
|-weather|Snowscape|[upkeep]
|-heal|p2a: Gliscor|80/100 tox|[from] ability: Poison Heal
|upkeep
|turn|14
|
|t:|1757787050
|move|p2a: Gliscor|Earthquake|p1a: Garganacl
|-supereffective|p1a: Garganacl
|-damage|p1a: Garganacl|0 fnt
|faint|p1a: Garganacl
|
|-weather|none
|-heal|p2a: Gliscor|93/100 tox|[from] ability: Poison Heal
|upkeep
|l| fedsf
|
|t:|1757787070
|switch|p1a: Iron Valiant|Iron Valiant|100/100
|turn|15
|c| sfinch1|this thing is annoying to beat
|c|☆JoelMasterX|need to make a reminder to just always go for the kill on this thing
|inactive|ghostlyplanets has 120 seconds left.
|
|t:|1757787104
|-terastallize|p1a: Iron Valiant|Steel
|move|p2a: Gliscor|Facade|p1a: Iron Valiant
|-resisted|p1a: Iron Valiant
|-damage|p1a: Iron Valiant|15/100
|move|p1a: Iron Valiant|Close Combat|p2a: Gliscor
|-supereffective|p2a: Gliscor
|-damage|p2a: Gliscor|10/100 tox
|-unboost|p1a: Iron Valiant|def|1
|-unboost|p1a: Iron Valiant|spd|1
|
|-heal|p2a: Gliscor|23/100 tox|[from] ability: Poison Heal
|upkeep
|turn|16
|j| Failbor21
|
|t:|1757787114
|move|p2a: Gliscor|Earthquake|p1a: Iron Valiant
|-supereffective|p1a: Iron Valiant
|-damage|p1a: Iron Valiant|0 fnt
|faint|p1a: Iron Valiant
|-end|p1a: Iron Valiant|Quark Drive|[silent]
|
|-heal|p2a: Gliscor|35/100 tox|[from] ability: Poison Heal
|upkeep
|c|☆ghostlyplanets|shoudlve eq
|c|☆ghostlyplanets|damn me
|
|t:|1757787121
|switch|p1a: Moltres|Moltres|100/100
|turn|17
|
|t:|1757787125
|move|p2a: Gliscor|Facade|p1a: Moltres
|-damage|p1a: Moltres|0 fnt
|faint|p1a: Moltres
|
|-heal|p2a: Gliscor|48/100 tox|[from] ability: Poison Heal
|upkeep
|c|☆JoelMasterX|gg
|-message|JoelMasterX forfeited.
|
|win|ghostlyplanets
|n|☆JoelMasterX|joelmasterx
|n|☆ghostlyplanets|ghostlyplanets
|n|*Lady Monita ☀|ladymonita
|n| sfinch1|sfinch1
|n| Failbor21|failbor21
|l|*Lady Monita ☀
|l|☆JoelMasterX
|player|p1|
|c|☆ghostlyplanets|gg
|l|☆ghostlyplanets
|player|p2|
|l| sfinch1
|j|☆JoelMasterX
|player|p1|JoelMasterX|170|
|l|☆JoelMasterX
|player|p1|
