|j|☆PISSjumper
|j|☆mascana
|t:|1757963478
|gametype|singles
|player|p1|PISSjumper|gentleman-gen4|1156
|player|p2|mascana|policeman-gen4|1126
|gen|9
|tier|[Gen 9] OU
|rated|
|rule|HP Percentage Mod: HP is shown in percentages
|rule|Endless Battle Clause: Forcing endless battles is banned
|rule|Species Clause: Limit one of each Pokémon
|rule|OHKO Clause: OHKO moves are banned
|rule|Evasion Items Clause: Evasion items are banned
|rule|Evasion Moves Clause: Evasion moves are banned
|rule|Evasion Abilities Clause: Evasion abilities are banned
|rule|Sleep Moves Clause: Sleep-inducing moves are banned
|clearpoke
|poke|p1|Venusaur, M|
|poke|p1|Ninetales, F|
|poke|p1|Kyurem|
|poke|p1|Minior-Indigo|
|poke|p1|Zapdos|
|poke|p1|Gengar, F|
|poke|p2|Glimmora, M|
|poke|p2|Toxapex, F|
|poke|p2|Mismagius, M|
|poke|p2|Hydreigon, F|
|poke|p2|Ninetales-Alola, F|
|poke|p2|Rhyperior, M|
|teampreview
|inactive|Battle timer is ON: inactive players will automatically lose when time's up. (requested by PISSjumper)
|
|t:|1757963507
|teamsize|p1|6
|teamsize|p2|6
|start
|switch|p1a: Fox News|Minior-Indigo, shiny|100/100
|switch|p2a: Glimmy|Glimmora, M|100/100
|-formechange|p1a: Fox News|Minior-Meteor||[from] ability: Shields Down
|turn|1
|
|t:|1757963514
|move|p2a: Glimmy|Stealth Rock|p1a: Fox News
|-sidestart|p1: PISSjumper|move: Stealth Rock
|move|p1a: Fox News|Shell Smash|p1a: Fox News
|-unboost|p1a: Fox News|def|1
|-unboost|p1a: Fox News|spd|1
|-boost|p1a: Fox News|atk|2
|-boost|p1a: Fox News|spa|2
|-boost|p1a: Fox News|spe|2
|-enditem|p1a: Fox News|White Herb
|-clearnegativeboost|p1a: Fox News|[silent]
|
|upkeep
|turn|2
|
|t:|1757963529
|-terastallize|p1a: Fox News|Grass
|move|p1a: Fox News|Earthquake|p2a: Glimmy
|-supereffective|p2a: Glimmy
|-enditem|p2a: Glimmy|Focus Sash
|-damage|p2a: Glimmy|1/100
|-activate|p2a: Glimmy|ability: Toxic Debris
|-sidestart|p1: PISSjumper|move: Toxic Spikes
|move|p2a: Glimmy|Toxic Spikes|p1a: Fox News
|-sidestart|p1: PISSjumper|move: Toxic Spikes
|
|upkeep
|turn|3
|
|t:|1757963539
|move|p1a: Fox News|Acrobatics|p2a: Glimmy
|-resisted|p2a: Glimmy
|-damage|p2a: Glimmy|0 fnt
|faint|p2a: Glimmy
|
|upkeep
|
|t:|1757963547
|switch|p2a: Dwayne|Rhyperior, M|100/100
|turn|4
|
|t:|1757963550
|move|p1a: Fox News|Tera Blast|p2a: Dwayne|[anim] Tera Blast Grass
|-supereffective|p2a: Dwayne
|-damage|p2a: Dwayne|0 fnt
|faint|p2a: Dwayne
|
|upkeep
|
|t:|1757963555
|switch|p2a: 6ix9inetales|Ninetales-Alola, F, shiny|100/100
|-weather|Snowscape|[from] ability: Snow Warning|[of] p2a: 6ix9inetales
|turn|5
|
|t:|1757963566
|move|p1a: Fox News|Acrobatics|p2a: 6ix9inetales
|-damage|p2a: 6ix9inetales|25/100
|move|p2a: 6ix9inetales|Aurora Veil|p2a: 6ix9inetales
|-sidestart|p2: mascana|move: Aurora Veil
|
|-weather|Snowscape|[upkeep]
|upkeep
|turn|6
|
|t:|1757963574
|move|p1a: Fox News|Acrobatics|p2a: 6ix9inetales
|-damage|p2a: 6ix9inetales|0 fnt
|faint|p2a: 6ix9inetales
|
|-weather|Snowscape|[upkeep]
|upkeep
|c|☆PISSjumper|DIE
|
|t:|1757963579
|switch|p2a: Mustard|Mismagius, M, shiny|100/100
|turn|7
|
|t:|1757963588
|move|p1a: Fox News|Acrobatics|p2a: Mustard
|-damage|p2a: Mustard|28/100
|move|p2a: Mustard|Will-O-Wisp|p1a: Fox News|[miss]
|-miss|p2a: Mustard|p1a: Fox News
|
|-weather|Snowscape|[upkeep]
|upkeep
|turn|8
|c|☆mascana|........
|c|☆PISSjumper|DIE
|c|☆PISSjumper|HAHAHAHAHAHAHA
|
|t:|1757963600
|move|p1a: Fox News|Acrobatics|p2a: Mustard
|-damage|p2a: Mustard|0 fnt
|faint|p2a: Mustard
|
|-weather|Snowscape|[upkeep]
|upkeep
|c|☆PISSjumper|ENJOY ;)
|
|t:|1757963605
|switch|p2a: Tripod|Hydreigon, F|100/100
|turn|9
|c|☆PISSjumper|FORFIET
|
|t:|1757963611
|move|p1a: Fox News|Acrobatics|p2a: Tripod
|-damage|p2a: Tripod|55/100
|move|p2a: Tripod|Dragon Dance|p2a: Tripod
|-boost|p2a: Tripod|atk|1
|-boost|p2a: Tripod|spe|1
|
|-weather|none
|upkeep
|turn|10
|c|☆PISSjumper|YOU ARE A SLUT
|
|t:|1757963622
|move|p2a: Tripod|Scale Shot|p1a: Fox News
|-damage|p1a: Fox News|74/100
|-damage|p1a: Fox News|46/100
|-damage|p1a: Fox News|18/100
|-damage|p1a: Fox News|0 fnt
|faint|p1a: Fox News
|-hitcount|p1: Fox News|4
|-unboost|p2a: Tripod|def|1
|-boost|p2a: Tripod|spe|1
|
|upkeep
|c|☆mascana|.......
|c|☆mascana|k bro
|
|t:|1757963631
|switch|p1a: A Fucking Ghost|Gengar, F|100/100
|-damage|p1a: A Fucking Ghost|88/100|[from] Stealth Rock
|-sideend|p1: PISSjumper|move: Toxic Spikes|[of] p1a: A Fucking Ghost
|turn|11
|c|☆PISSjumper|DIE DIE DIE DIE
|c|☆PISSjumper|YOU ARE A SLUT
|c|☆PISSjumper|HAHAHAHA
|
|t:|1757963648
|move|p2a: Tripod|Crunch|p1a: A Fucking Ghost
|-supereffective|p1a: A Fucking Ghost
|-damage|p1a: A Fucking Ghost|0 fnt
|faint|p1a: A Fucking Ghost
|
|upkeep
|c|☆mascana|bro calm down
|
|t:|1757963654
|switch|p1a: Phallus|Kyurem|100/100
|-damage|p1a: Phallus|75/100|[from] Stealth Rock
|-ability|p1a: Phallus|Pressure
|turn|12
|c|☆mascana|it's not that deep
|
|t:|1757963661
|move|p2a: Tripod|Scale Shot|p1a: Phallus
|-supereffective|p1a: Phallus
|-damage|p1a: Phallus|40/100
|-supereffective|p1a: Phallus
|-damage|p1a: Phallus|3/100
|-supereffective|p1a: Phallus
|-damage|p1a: Phallus|0 fnt
|faint|p1a: Phallus
|-hitcount|p1: Phallus|3
|-unboost|p2a: Tripod|def|1
|-boost|p2a: Tripod|spe|1
|
|-sideend|p2: mascana|move: Aurora Veil
|upkeep
|c|☆PISSjumper|god DAMN IT
|
|t:|1757963671
|switch|p1a: JD Vance|Zapdos, shiny|100/100
|-damage|p1a: JD Vance|75/100|[from] Stealth Rock
|turn|13
|
|t:|1757963680
|move|p2a: Tripod|Crunch|p1a: JD Vance
|-damage|p1a: JD Vance|21/100
|move|p1a: JD Vance|Thunderbolt|p2a: Tripod
|-resisted|p2a: Tripod
|-damage|p2a: Tripod|29/100
|
|-heal|p1a: JD Vance|27/100|[from] item: Leftovers
|upkeep
|turn|14
|
|t:|1757963690
|move|p2a: Tripod|Crunch|p1a: JD Vance
|-damage|p1a: JD Vance|0 fnt
|faint|p1a: JD Vance
|
|upkeep
|
|t:|1757963694
|switch|p1a: Melania|Ninetales, F, shiny|100/100
|-damage|p1a: Melania|75/100|[from] Stealth Rock
|-weather|SunnyDay|[from] ability: Drought|[of] p1a: Melania
|turn|15
|
|t:|1757963701
|move|p2a: Tripod|Earthquake|p1a: Melania
|-supereffective|p1a: Melania
|-damage|p1a: Melania|0 fnt
|faint|p1a: Melania
|
|-weather|SunnyDay|[upkeep]
|upkeep
|-message|PISSjumper forfeited.
|
|win|mascana
