|j|☆rgedgd
|j|☆rfl13
|t:|1757798199
|gametype|singles
|player|p1|rgedgd|2|1303
|player|p2|rfl13|rancher|1303
|gen|9
|tier|[Gen 9] OU
|rated|
|rule|HP Percentage Mod: HP is shown in percentages
|rule|Endless Battle Clause: Forcing endless battles is banned
|rule|Species Clause: Limit one of each Pokémon
|rule|OHKO Clause: OHKO moves are banned
|rule|Evasion Items Clause: Evasion items are banned
|rule|Evasion Moves Clause: Evasion moves are banned
|rule|Evasion Abilities Clause: Evasion abilities are banned
|rule|Sleep Moves Clause: Sleep-inducing moves are banned
|clearpoke
|poke|p1|Glimmora, F|
|poke|p1|Gholdengo|
|poke|p1|Dragonite, M|
|poke|p1|Kingambit, F|
|poke|p1|Iron Valiant|
|poke|p1|Staraptor, F|
|poke|p2|Ninetales, F|
|poke|p2|Ceruledge, F|
|poke|p2|Meowscarada, M|
|poke|p2|Manaphy|
|poke|p2|Sandy Shocks|
|poke|p2|Torkoal, M|
|teampreview
|
|t:|1757798207
|teamsize|p1|6
|teamsize|p2|6
|start
|switch|p1a: Glimmora|Glimmora, F|100/100
|switch|p2a: Manaphy|Manaphy|100/100
|turn|1
|
|t:|1757798214
|move|p2a: Manaphy|Surf|p1a: Glimmora
|-supereffective|p1a: Glimmora
|-enditem|p1a: Glimmora|Focus Sash
|-damage|p1a: Glimmora|1/100
|move|p1a: Glimmora|Stealth Rock|p2a: Manaphy
|-sidestart|p2: rfl13|move: Stealth Rock
|
|upkeep
|turn|2
|
|t:|1757798220
|move|p2a: Manaphy|Surf|p1a: Glimmora
|-supereffective|p1a: Glimmora
|-damage|p1a: Glimmora|0 fnt
|faint|p1a: Glimmora
|
|upkeep
|
|t:|1757798225
|switch|p1a: Staraptor|Staraptor, F|100/100
|turn|3
|
|t:|1757798231
|move|p2a: Manaphy|Tail Glow|p2a: Manaphy
|-boost|p2a: Manaphy|spa|3
|move|p1a: Staraptor|Double-Edge|p2a: Manaphy
|-damage|p2a: Manaphy|0 fnt
|faint|p2a: Manaphy
|-damage|p1a: Staraptor|64/100|[from] Recoil
|
|upkeep
|
|t:|1757798240
|switch|p2a: Ceruledge|Ceruledge, F|100/100
|-damage|p2a: Ceruledge|76/100|[from] Stealth Rock
|turn|4
|
|t:|1757798270
|switch|p1a: Iron Valiant|Iron Valiant|100/100
|-enditem|p1a: Iron Valiant|Booster Energy
|-activate|p1a: Iron Valiant|ability: Quark Drive|[fromitem]
|-start|p1a: Iron Valiant|quarkdrivespe
|move|p2a: Ceruledge|Swords Dance|p2a: Ceruledge
|-boost|p2a: Ceruledge|atk|2
|
|upkeep
|turn|5
|
|t:|1757798280
|move|p1a: Iron Valiant|Knock Off|p2a: Ceruledge
|-supereffective|p2a: Ceruledge
|-damage|p2a: Ceruledge|0 fnt
|-enditem|p2a: Ceruledge|Focus Sash|[from] move: Knock Off|[of] p1a: Iron Valiant
|faint|p2a: Ceruledge
|
|upkeep
|
|t:|1757798290
|switch|p2a: Torkoal|Torkoal, M|100/100
|-damage|p2a: Torkoal|76/100|[from] Stealth Rock
|-weather|SunnyDay|[from] ability: Drought|[of] p2a: Torkoal
|turn|6
|
|t:|1757798317
|move|p1a: Iron Valiant|Knock Off|p2a: Torkoal
|-damage|p2a: Torkoal|56/100
|-enditem|p2a: Torkoal|Heat Rock|[from] move: Knock Off|[of] p1a: Iron Valiant
|move|p2a: Torkoal|Rapid Spin|p1a: Iron Valiant
|-damage|p1a: Iron Valiant|89/100
|-boost|p2a: Torkoal|spe|1
|-sideend|p2: rfl13|Stealth Rock|[from] move: Rapid Spin|[of] p2a: Torkoal
|
|-weather|SunnyDay|[upkeep]
|upkeep
|turn|7
|
|t:|1757798329
|move|p1a: Iron Valiant|Close Combat|p2a: Torkoal
|-damage|p2a: Torkoal|17/100
|-unboost|p1a: Iron Valiant|def|1
|-unboost|p1a: Iron Valiant|spd|1
|move|p2a: Torkoal|Flamethrower|p1a: Iron Valiant
|-damage|p1a: Iron Valiant|0 fnt
|faint|p1a: Iron Valiant
|-end|p1a: Iron Valiant|Quark Drive|[silent]
|
|-weather|SunnyDay|[upkeep]
|upkeep
|
|t:|1757798337
|switch|p1a: Staraptor|Staraptor, F|64/100
|turn|8
|
|t:|1757798343
|move|p1a: Staraptor|Double-Edge|p2a: Torkoal
|-damage|p2a: Torkoal|0 fnt
|faint|p2a: Torkoal
|-damage|p1a: Staraptor|58/100|[from] Recoil
|
|-weather|SunnyDay|[upkeep]
|upkeep
|
|t:|1757798350
|switch|p2a: Sandy Shocks|Sandy Shocks|100/100
|-activate|p2a: Sandy Shocks|ability: Protosynthesis
|-start|p2a: Sandy Shocks|protosynthesisspe
|turn|9
|
|t:|1757798355
|move|p2a: Sandy Shocks|Thunderbolt|p1a: Staraptor
|-supereffective|p1a: Staraptor
|-damage|p1a: Staraptor|0 fnt
|faint|p1a: Staraptor
|
|-weather|SunnyDay|[upkeep]
|upkeep
|
|t:|1757798360
|switch|p1a: Gholdengo|Gholdengo|100/100
|-item|p1a: Gholdengo|Air Balloon
|turn|10
|
|t:|1757798368
|move|p2a: Sandy Shocks|Thunderbolt|p1a: Gholdengo
|-damage|p1a: Gholdengo|49/100
|-enditem|p1a: Gholdengo|Air Balloon
|move|p1a: Gholdengo|Shadow Ball|p2a: Sandy Shocks
|-damage|p2a: Sandy Shocks|68/100
|
|-weather|SunnyDay|[upkeep]
|upkeep
|turn|11
|
|t:|1757798380
|move|p2a: Sandy Shocks|Thunderbolt|p1a: Gholdengo
|-damage|p1a: Gholdengo|0 fnt
|faint|p1a: Gholdengo
|
|-weather|SunnyDay|[upkeep]
|upkeep
|
|t:|1757798386
|switch|p1a: Dragonite|Dragonite, M|100/100
|turn|12
|
|t:|1757798390
|move|p2a: Sandy Shocks|Thunderbolt|p1a: Dragonite
|-damage|p1a: Dragonite|77/100
|-status|p1a: Dragonite|par
|move|p1a: Dragonite|Dragon Dance|p1a: Dragonite
|-boost|p1a: Dragonite|atk|1
|-boost|p1a: Dragonite|spe|1
|
|-weather|SunnyDay|[upkeep]
|upkeep
|turn|13
|
|t:|1757798401
|move|p2a: Sandy Shocks|Power Gem|p1a: Dragonite
|-supereffective|p1a: Dragonite
|-damage|p1a: Dragonite|27/100 par
|move|p1a: Dragonite|Earthquake|p2a: Sandy Shocks
|-supereffective|p2a: Sandy Shocks
|-damage|p2a: Sandy Shocks|0 fnt
|faint|p2a: Sandy Shocks
|-end|p2a: Sandy Shocks|Protosynthesis|[silent]
|
|-weather|none
|upkeep
|
|t:|1757798414
|switch|p2a: Meowscarada|Meowscarada, M|100/100
|turn|14
|
|t:|1757798420
|-terastallize|p1a: Dragonite|Normal
|cant|p1a: Dragonite|par
|move|p2a: Meowscarada|Play Rough|p1a: Dragonite
|-start|p2a: Meowscarada|typechange|Fairy|[from] ability: Protean
|-damage|p1a: Dragonite|0 fnt
|faint|p1a: Dragonite
|
|upkeep
|
|t:|1757798425
|switch|p1a: Kingambit|Kingambit, F|100/100
|-activate|p1a: Kingambit|ability: Supreme Overlord
|-start|p1a: Kingambit|fallen5|[silent]
|turn|15
|
|t:|1757798435
|move|p2a: Meowscarada|Taunt|p1a: Kingambit
|-start|p1a: Kingambit|move: Taunt
|move|p1a: Kingambit|Iron Head|p2a: Meowscarada
|-supereffective|p2a: Meowscarada
|-damage|p2a: Meowscarada|0 fnt
|faint|p2a: Meowscarada
|
|upkeep
|
|t:|1757798441
|switch|p2a: Ninetales|Ninetales, F, shiny|100/100
|-weather|SunnyDay|[from] ability: Drought|[of] p2a: Ninetales
|turn|16
|
|t:|1757798447
|-terastallize|p2a: Ninetales|Fire
|move|p1a: Kingambit|Sucker Punch|p2a: Ninetales
|-damage|p2a: Ninetales|7/100
|move|p2a: Ninetales|Flamethrower|p1a: Kingambit
|-supereffective|p1a: Kingambit
|-damage|p1a: Kingambit|0 fnt
|faint|p1a: Kingambit
|-end|p1a: Kingambit|fallen5|[silent]
|
|win|rfl13
|raw|rgedgd's rating: 1303 &rarr; <strong>1283</strong><br />(-20 for losing)
|raw|rfl13's rating: 1303 &rarr; <strong>1323</strong><br />(+20 for winning)
|l|☆rgedgd
|player|p1|
