|j|☆dasraybzh
|j|☆ABigCamel
|t:|1757944233
|gametype|singles
|player|p1|dasraybzh|volkner|1463
|player|p2|ABigCamel|266|1570
|gen|9
|tier|[Gen 9] OU
|rated|
|rule|HP Percentage Mod: HP is shown in percentages
|rule|Endless Battle Clause: Forcing endless battles is banned
|rule|Species Clause: Limit one of each Pokémon
|rule|OHKO Clause: OHKO moves are banned
|rule|Evasion Items Clause: Evasion items are banned
|rule|Evasion Moves Clause: Evasion moves are banned
|rule|Evasion Abilities Clause: Evasion abilities are banned
|rule|Sleep Moves Clause: Sleep-inducing moves are banned
|clearpoke
|poke|p1|Pelipper, M|
|poke|p1|Zapdos|
|poke|p1|Overqwil, F|
|poke|p1|Iron Treads|
|poke|p1|Basculegion-F, F|
|poke|p1|Goodra-Hisui, M|
|poke|p2|Alomomola, F|
|poke|p2|Dragalge, M|
|poke|p2|Lokix, F|
|poke|p2|Great Tusk|
|poke|p2|Gholdengo|
|poke|p2|Moltres|
|teampreview
|
|t:|1757944264
|teamsize|p1|6
|teamsize|p2|6
|start
|switch|p1a: Pelipper|Pelipper, M, shiny|100/100
|switch|p2a: Dragalge|Dragalge, M|100/100
|-weather|RainDance|[from] ability: Drizzle|[of] p1a: Pelipper
|turn|1
|
|t:|1757944271
|move|p1a: Pelipper|U-turn|p2a: Dragalge
|-resisted|p2a: Dragalge
|-damage|p2a: Dragalge|95/100
|
|t:|1757944273
|switch|p1a: Goodra|Goodra-Hisui, M|100/100|[from] U-turn
|move|p2a: Dragalge|Draco Meteor|p1a: Goodra
|-damage|p1a: Goodra|50/100
|-unboost|p2a: Dragalge|spa|2
|
|-weather|RainDance|[upkeep]
|upkeep
|turn|2
|
|t:|1757944284
|switch|p2a: Alomomola|Alomomola, F|100/100
|move|p1a: Goodra|Draco Meteor|p2a: Alomomola
|-damage|p2a: Alomomola|65/100
|-unboost|p1a: Goodra|spa|2
|
|-weather|RainDance|[upkeep]
|upkeep
|turn|3
|
|t:|1757944292
|move|p1a: Goodra|Thunder|p2a: Alomomola
|-supereffective|p2a: Alomomola
|-damage|p2a: Alomomola|44/100
|-status|p2a: Alomomola|par
|cant|p2a: Alomomola|par
|
|-weather|RainDance|[upkeep]
|upkeep
|turn|4
|
|t:|1757944301
|switch|p1a: Basculegion|Basculegion-F, F|100/100
|cant|p2a: Alomomola|par
|
|-weather|RainDance|[upkeep]
|upkeep
|turn|5
|
|t:|1757944309
|move|p1a: Basculegion|Surf|p2a: Alomomola
|-resisted|p2a: Alomomola
|-damage|p2a: Alomomola|17/100 par
|cant|p2a: Alomomola|par
|
|-weather|RainDance|[upkeep]
|upkeep
|turn|6
|
|t:|1757944318
|switch|p2a: Dragalge|Dragalge, M|95/100
|move|p1a: Basculegion|Surf|p2a: Dragalge
|-resisted|p2a: Dragalge
|-damage|p2a: Dragalge|50/100
|
|-weather|RainDance|[upkeep]
|upkeep
|turn|7
|
|t:|1757944332
|switch|p1a: Iron Treads|Iron Treads, shiny|100/100
|move|p2a: Dragalge|Draco Meteor|p1a: Iron Treads|[miss]
|-miss|p2a: Dragalge|p1a: Iron Treads
|
|-weather|RainDance|[upkeep]
|upkeep
|turn|8
|c|☆ABigCamel|This game is wank
|
|t:|1757944355
|move|p1a: Iron Treads|Knock Off|p2a: Dragalge
|-damage|p2a: Dragalge|14/100
|-enditem|p2a: Dragalge|Choice Specs|[from] move: Knock Off|[of] p1a: Iron Treads
|move|p2a: Dragalge|Draco Meteor|p1a: Iron Treads
|-resisted|p1a: Iron Treads
|-damage|p1a: Iron Treads|59/100
|-unboost|p2a: Dragalge|spa|2
|
|-weather|none
|upkeep
|turn|9
|c|☆dasraybzh|that's crazy dude
|
|t:|1757944370
|move|p1a: Iron Treads|Knock Off|p2a: Dragalge
|-damage|p2a: Dragalge|0 fnt
|faint|p2a: Dragalge
|
|upkeep
|
|t:|1757944413
|switch|p2a: Great Tusk|Great Tusk|100/100
|turn|10
|
|t:|1757944416
|-end|p1a: Iron Treads|Quark Drive|[silent]
|switch|p1a: Pelipper|Pelipper, M, shiny|100/100
|-weather|RainDance|[from] ability: Drizzle|[of] p1a: Pelipper
|move|p2a: Great Tusk|Stealth Rock|p1a: Pelipper
|-sidestart|p1: dasraybzh|move: Stealth Rock
|
|-weather|RainDance|[upkeep]
|upkeep
|turn|11
|
|t:|1757944430
|-end|p2a: Great Tusk|Protosynthesis|[silent]
|switch|p2a: Alomomola|Alomomola, F|50/100 par
|move|p1a: Pelipper|U-turn|p2a: Alomomola
|-damage|p2a: Alomomola|45/100 par
|
|t:|1757944438
|switch|p1a: Overqwil|Overqwil, F, shiny|100/100|[from] U-turn
|-damage|p1a: Overqwil|88/100|[from] Stealth Rock
|
|-weather|RainDance|[upkeep]
|upkeep
|turn|12
|
|t:|1757944444
|switch|p2a: Moltres|Moltres|100/100
|move|p1a: Overqwil|Gunk Shot|p2a: Moltres
|-damage|p2a: Moltres|16/100
|-damage|p1a: Overqwil|78/100|[from] item: Life Orb
|
|-weather|RainDance|[upkeep]
|upkeep
|turn|13
|
|t:|1757944454
|move|p1a: Overqwil|Liquidation|p2a: Moltres
|-supereffective|p2a: Moltres
|-damage|p2a: Moltres|0 fnt
|faint|p2a: Moltres
|-damage|p1a: Overqwil|68/100|[from] item: Life Orb
|
|-weather|RainDance|[upkeep]
|upkeep
|
|t:|1757944457
|switch|p2a: Lokix|Lokix, F|100/100
|turn|14
|
|t:|1757944470
|switch|p1a: Pelipper|Pelipper, M, shiny|100/100
|-damage|p1a: Pelipper|76/100|[from] Stealth Rock
|-terastallize|p2a: Lokix|Bug
|move|p2a: Lokix|First Impression|p1a: Pelipper
|-resisted|p1a: Pelipper
|-damage|p1a: Pelipper|13/100
|
|-weather|RainDance|[upkeep]
|upkeep
|turn|15
|
|t:|1757944487
|switch|p2a: Alomomola|Alomomola, F|78/100 par
|switch|p1a: Overqwil|Overqwil, F, shiny|68/100
|-damage|p1a: Overqwil|56/100|[from] Stealth Rock
|
|-weather|RainDance|[upkeep]
|upkeep
|turn|16
|
|t:|1757944500
|move|p1a: Overqwil|Swords Dance|p1a: Overqwil
|-boost|p1a: Overqwil|atk|2
|move|p2a: Alomomola|Flip Turn|p1a: Overqwil
|-damage|p1a: Overqwil|28/100
|
|t:|1757944506
|switch|p2a: Lokix|Lokix, F, tera:Bug|100/100|[from] Flip Turn
|
|-weather|RainDance|[upkeep]
|upkeep
|turn|17
|
|t:|1757944511
|move|p2a: Lokix|First Impression|p1a: Overqwil
|-damage|p1a: Overqwil|0 fnt
|faint|p1a: Overqwil
|
|-weather|none
|upkeep
|
|t:|1757944517
|switch|p1a: Iron Treads|Iron Treads, shiny|59/100
|-damage|p1a: Iron Treads|56/100|[from] Stealth Rock
|turn|18
|
|t:|1757944523
|switch|p2a: Great Tusk|Great Tusk|100/100
|move|p1a: Iron Treads|Volt Switch|p2a: Great Tusk
|-immune|p2a: Great Tusk
|
|upkeep
|turn|19
|
|t:|1757944535
|-end|p2a: Great Tusk|Protosynthesis|[silent]
|switch|p2a: Gholdengo|Gholdengo|100/100
|move|p1a: Iron Treads|Rapid Spin|p2a: Gholdengo
|-immune|p2a: Gholdengo
|
|upkeep
|turn|20
|
|t:|1757944542
|move|p2a: Gholdengo|Shadow Ball|p1a: Iron Treads
|-damage|p1a: Iron Treads|17/100
|move|p1a: Iron Treads|Volt Switch|p2a: Gholdengo
|-damage|p2a: Gholdengo|88/100
|
|t:|1757944548
|-end|p1a: Iron Treads|Quark Drive|[silent]
|switch|p1a: Goodra|Goodra-Hisui, M|50/100|[from] Volt Switch
|-damage|p1a: Goodra|44/100|[from] Stealth Rock
|
|upkeep
|turn|21
|
|t:|1757944554
|switch|p2a: Alomomola|Alomomola, F|100/100 par
|move|p1a: Goodra|Knock Off|p2a: Alomomola
|-damage|p2a: Alomomola|86/100 par
|-enditem|p2a: Alomomola|Assault Vest|[from] move: Knock Off|[of] p1a: Goodra
|
|upkeep
|turn|22
|
|t:|1757944560
|move|p1a: Goodra|Thunder|p2a: Alomomola|[miss]
|-miss|p1a: Goodra|p2a: Alomomola
|move|p2a: Alomomola|Mirror Coat||[still]
|-fail|p2a: Alomomola
|
|upkeep
|turn|23
|
|t:|1757944569
|move|p1a: Goodra|Thunder|p2a: Alomomola
|-supereffective|p2a: Alomomola
|-damage|p2a: Alomomola|29/100 par
|move|p2a: Alomomola|Flip Turn|p1a: Goodra
|-resisted|p1a: Goodra
|-damage|p1a: Goodra|37/100
|
|t:|1757944580
|switch|p2a: Lokix|Lokix, F, tera:Bug|100/100|[from] Flip Turn
|
|upkeep
|turn|24
|
|t:|1757944587
|move|p2a: Lokix|U-turn|p1a: Goodra
|-resisted|p1a: Goodra
|-crit|p1a: Goodra
|-damage|p1a: Goodra|0 fnt
|faint|p1a: Goodra
|
|t:|1757944589
|switch|p2a: Alomomola|Alomomola, F|62/100 par|[from] U-turn
|
|upkeep
|
|t:|1757944594
|switch|p1a: Iron Treads|Iron Treads, shiny|17/100
|-damage|p1a: Iron Treads|14/100|[from] Stealth Rock
|turn|25
|
|t:|1757944601
|switch|p2a: Gholdengo|Gholdengo|88/100
|move|p1a: Iron Treads|Earthquake|p2a: Gholdengo
|-supereffective|p2a: Gholdengo
|-damage|p2a: Gholdengo|0 fnt
|faint|p2a: Gholdengo
|
|upkeep
|
|t:|1757944605
|switch|p2a: Lokix|Lokix, F, tera:Bug|100/100
|turn|26
|
|t:|1757944625
|-end|p1a: Iron Treads|Quark Drive|[silent]
|switch|p1a: Basculegion|Basculegion-F, F|100/100
|-damage|p1a: Basculegion|88/100|[from] Stealth Rock
|move|p2a: Lokix|U-turn|p1a: Basculegion
|-resisted|p1a: Basculegion
|-damage|p1a: Basculegion|8/100
|
|t:|1757944635
|switch|p2a: Alomomola|Alomomola, F|95/100 par|[from] U-turn
|
|upkeep
|turn|27
|
|t:|1757944641
|move|p1a: Basculegion|Shadow Ball|p2a: Alomomola
|-damage|p2a: Alomomola|51/100 par
|move|p2a: Alomomola|Scald|p1a: Basculegion
|-resisted|p1a: Basculegion
|-damage|p1a: Basculegion|0 fnt
|faint|p1a: Basculegion
|
|upkeep
|
|t:|1757944648
|switch|p1a: Iron Treads|Iron Treads, shiny|14/100
|-damage|p1a: Iron Treads|10/100|[from] Stealth Rock
|turn|28
|
|t:|1757944653
|move|p1a: Iron Treads|Rapid Spin|p2a: Alomomola
|-damage|p2a: Alomomola|40/100 par
|-boost|p1a: Iron Treads|spe|1
|-sideend|p1: dasraybzh|Stealth Rock|[from] move: Rapid Spin|[of] p1a: Iron Treads
|cant|p2a: Alomomola|par
|
|upkeep
|turn|29
|
|t:|1757944659
|move|p1a: Iron Treads|Earthquake|p2a: Alomomola
|-damage|p2a: Alomomola|7/100 par
|move|p2a: Alomomola|Scald|p1a: Iron Treads
|-supereffective|p1a: Iron Treads
|-crit|p1a: Iron Treads
|-damage|p1a: Iron Treads|0 fnt
|faint|p1a: Iron Treads
|-end|p1a: Iron Treads|Quark Drive|[silent]
|
|upkeep
|
|t:|1757944666
|switch|p1a: Pelipper|Pelipper, M, shiny|13/100
|-weather|RainDance|[from] ability: Drizzle|[of] p1a: Pelipper
|turn|30
|
|t:|1757944676
|switch|p2a: Great Tusk|Great Tusk|100/100
|move|p1a: Pelipper|Roost|p1a: Pelipper
|-heal|p1a: Pelipper|63/100
|-singleturn|p1a: Pelipper|move: Roost
|
|-weather|RainDance|[upkeep]
|upkeep
|turn|31
|
|t:|1757944684
|move|p2a: Great Tusk|Stealth Rock|p1a: Pelipper
|-sidestart|p1: dasraybzh|move: Stealth Rock
|move|p1a: Pelipper|Weather Ball|p2a: Great Tusk
|-supereffective|p2a: Great Tusk
|-damage|p2a: Great Tusk|0 fnt
|faint|p2a: Great Tusk
|-end|p2a: Great Tusk|Protosynthesis|[silent]
|
|-weather|RainDance|[upkeep]
|upkeep
|
|t:|1757944686
|switch|p2a: Alomomola|Alomomola, F|41/100 par
|turn|32
|
|t:|1757944694
|switch|p1a: Zapdos|Zapdos, shiny|100/100
|-damage|p1a: Zapdos|76/100|[from] Stealth Rock
|move|p2a: Alomomola|Body Slam|p1a: Zapdos
|-damage|p1a: Zapdos|57/100
|
|-weather|RainDance|[upkeep]
|upkeep
|turn|33
|
|t:|1757944706
|move|p1a: Zapdos|Thunder|p2a: Alomomola
|-supereffective|p2a: Alomomola
|-damage|p2a: Alomomola|0 fnt
|faint|p2a: Alomomola
|
|-weather|RainDance|[upkeep]
|upkeep
|
|t:|1757944707
|switch|p2a: Lokix|Lokix, F, tera:Bug|100/100
|turn|34
|
|t:|1757944731
|move|p1a: Zapdos|Thunder|p2a: Lokix
|-damage|p2a: Lokix|0 fnt
|faint|p2a: Lokix
|
|win|dasraybzh
|raw|dasraybzh's rating: 1463 &rarr; <strong>1489</strong><br />(+26 for winning)
|raw|ABigCamel's rating: 1570 &rarr; <strong>1544</strong><br />(-26 for losing)
|l|☆dasraybzh
|player|p1|
|l|☆ABigCamel
|player|p2|
