|j|☆ABraviousTinkaton
|j|☆LT124YH Prav33n
|t:|1757809854
|gametype|singles
|player|p1|ABraviousTinkaton|miku-ice|1705
|player|p2|LT124YH Prav33n|koga|1818
|gen|9
|tier|[Gen 9] OU
|rated|
|rule|HP Percentage Mod: HP is shown in percentages
|rule|Endless Battle Clause: Forcing endless battles is banned
|rule|Species Clause: Limit one of each Pokémon
|rule|OHKO Clause: OHKO moves are banned
|rule|Evasion Items Clause: Evasion items are banned
|rule|Evasion Moves Clause: Evasion moves are banned
|rule|Evasion Abilities Clause: Evasion abilities are banned
|rule|Sleep Moves Clause: Sleep-inducing moves are banned
|clearpoke
|poke|p1|Iron Crown|
|poke|p1|Meowscarada, M|
|poke|p1|Great Tusk|
|poke|p1|Pecharunt|
|poke|p1|Ting-Lu|
|poke|p1|Iron Valiant|
|poke|p2|Deoxys-Speed|
|poke|p2|Kyurem|
|poke|p2|Gholdengo|
|poke|p2|Great Tusk|
|poke|p2|Primarina, M|
|poke|p2|Dragonite, M|
|teampreview
|inactive|Battle timer is ON: inactive players will automatically lose when time's up. (requested by LT124YH Prav33n)
|
|t:|1757809896
|teamsize|p1|6
|teamsize|p2|6
|start
|switch|p1a: Meowscarada|Meowscarada, M|100/100
|switch|p2a: Primarina|Primarina, M|100/100
|turn|1
|
|t:|1757809902
|switch|p2a: Deoxys|Deoxys-Speed|100/100
|-ability|p2a: Deoxys|Pressure
|move|p1a: Meowscarada|Flower Trick|p2a: Deoxys
|-start|p1a: Meowscarada|typechange|Grass|[from] ability: Protean
|-crit|p2a: Deoxys
|-damage|p2a: Deoxys|27/100
|-enditem|p2a: Deoxys|Red Card|[of] p1a: Meowscarada
|drag|p1a: Iron Crown|Iron Crown|100/100
|
|upkeep
|turn|2
|inactive|ABraviousTinkaton has 120 seconds left.
|
|t:|1757809935
|move|p2a: Deoxys|Knock Off|p1a: Iron Crown
|-supereffective|p1a: Iron Crown
|-damage|p1a: Iron Crown|53/100
|-enditem|p1a: Iron Crown|Choice Specs|[from] move: Knock Off|[of] p2a: Deoxys
|move|p1a: Iron Crown|Volt Switch|p2a: Deoxys
|-damage|p2a: Deoxys|0 fnt
|faint|p2a: Deoxys
|
|t:|1757809937
|-end|p1a: Iron Crown|Quark Drive|[silent]
|switch|p1a: Meowscarada|Meowscarada, M|100/100|[from] Volt Switch
|
|upkeep
|
|t:|1757809951
|switch|p2a: Gholdengo|Gholdengo|100/100
|turn|3
|j| Seyhura
|inactive|ABraviousTinkaton has 120 seconds left.
|inactive|LT124YH Prav33n has 120 seconds left.
|inactive|ABraviousTinkaton has 90 seconds left.
|
|t:|1757810013
|switch|p1a: Ting-Lu|Ting-Lu|100/100
|-ability|p1a: Ting-Lu|Vessel of Ruin
|move|p2a: Gholdengo|Focus Blast|p1a: Ting-Lu|[miss]
|-miss|p2a: Gholdengo|p1a: Ting-Lu
|
|upkeep
|turn|4
|
|t:|1757810016
|switch|p2a: Kyurem|Kyurem, shiny|100/100
|-ability|p2a: Kyurem|Pressure
|move|p1a: Ting-Lu|Stealth Rock|p2a: Kyurem
|-sidestart|p2: LT124YH Prav33n|move: Stealth Rock
|
|upkeep
|turn|5
|inactive|ABraviousTinkaton has 90 seconds left.
|inactive|ABraviousTinkaton has 60 seconds left.
|j| Dugtrio Is Broken
|
|t:|1757810062
|move|p2a: Kyurem|Icicle Spear|p1a: Ting-Lu
|-supereffective|p1a: Ting-Lu
|-damage|p1a: Ting-Lu|86/100
|-supereffective|p1a: Ting-Lu
|-damage|p1a: Ting-Lu|72/100
|-supereffective|p1a: Ting-Lu
|-damage|p1a: Ting-Lu|58/100
|-supereffective|p1a: Ting-Lu
|-damage|p1a: Ting-Lu|44/100
|-hitcount|p1a: Ting-Lu|4
|move|p1a: Ting-Lu|Ruination|p2a: Kyurem
|-damage|p2a: Kyurem|51/100
|
|-heal|p1a: Ting-Lu|50/100|[from] item: Leftovers
|upkeep
|turn|6
|inactive|ABraviousTinkaton has 60 seconds left.
|
|t:|1757810085
|switch|p1a: Iron Crown|Iron Crown|53/100
|move|p2a: Kyurem|Icicle Spear|p1a: Iron Crown
|-resisted|p1a: Iron Crown
|-damage|p1a: Iron Crown|47/100
|-resisted|p1a: Iron Crown
|-damage|p1a: Iron Crown|40/100
|-resisted|p1a: Iron Crown
|-damage|p1a: Iron Crown|33/100
|-resisted|p1a: Iron Crown
|-damage|p1a: Iron Crown|27/100
|-hitcount|p1a: Iron Crown|4
|
|upkeep
|turn|7
|
|t:|1757810090
|switch|p2a: Gholdengo|Gholdengo|100/100
|-damage|p2a: Gholdengo|94/100|[from] Stealth Rock
|move|p1a: Iron Crown|Tachyon Cutter|p2a: Gholdengo
|-resisted|p2a: Gholdengo
|-damage|p2a: Gholdengo|80/100
|-resisted|p2a: Gholdengo
|-damage|p2a: Gholdengo|66/100
|-hitcount|p2a: Gholdengo|2
|
|upkeep
|turn|8
|c| Dugtrio Is Broken|Ai sim naoki
|c| Dugtrio Is Broken|Flagrei jogando quase 22h
|
|t:|1757810113
|-end|p1a: Iron Crown|Quark Drive|[silent]
|switch|p1a: Pecharunt|Pecharunt|100/100
|move|p2a: Gholdengo|Make It Rain|p1a: Pecharunt
|-damage|p1a: Pecharunt|32/100
|-unboost|p2a: Gholdengo|spa|1
|
|upkeep
|turn|9
|inactive|ABraviousTinkaton has 60 seconds left.
|j| Perola Z
|
|t:|1757810137
|move|p2a: Gholdengo|Make It Rain|p1a: Pecharunt
|-damage|p1a: Pecharunt|0 fnt
|-unboost|p2a: Gholdengo|spa|1
|faint|p1a: Pecharunt
|
|upkeep
|
|t:|1757810140
|switch|p1a: Meowscarada|Meowscarada, M|100/100
|turn|10
|
|t:|1757810145
|switch|p2a: Great Tusk|Great Tusk|100/100
|-damage|p2a: Great Tusk|98/100|[from] Stealth Rock
|move|p1a: Meowscarada|Triple Axel|p2a: Great Tusk
|-start|p1a: Meowscarada|typechange|Ice|[from] ability: Protean
|-supereffective|p2a: Great Tusk
|-damage|p2a: Great Tusk|77/100
|-damage|p1a: Meowscarada|84/100|[from] item: Rocky Helmet|[of] p2a: Great Tusk
|-supereffective|p2a: Great Tusk
|-damage|p2a: Great Tusk|36/100
|-damage|p1a: Meowscarada|68/100|[from] item: Rocky Helmet|[of] p2a: Great Tusk
|-supereffective|p2a: Great Tusk
|-damage|p2a: Great Tusk|0 fnt
|-damage|p1a: Meowscarada|51/100|[from] item: Rocky Helmet|[of] p2a: Great Tusk
|faint|p2a: Great Tusk
|-end|p2a: Great Tusk|Protosynthesis|[silent]
|-hitcount|p2: Great Tusk|3
|
|upkeep
|
|t:|1757810167
|switch|p2a: Gholdengo|Gholdengo|66/100
|-damage|p2a: Gholdengo|60/100|[from] Stealth Rock
|turn|11
|inactive|ABraviousTinkaton has 60 seconds left.
|
|t:|1757810190
|switch|p1a: Iron Crown|Iron Crown|27/100
|move|p2a: Gholdengo|Make It Rain|p1a: Iron Crown
|-resisted|p1a: Iron Crown
|-damage|p1a: Iron Crown|0 fnt
|-unboost|p2a: Gholdengo|spa|1
|faint|p1a: Iron Crown
|-end|p1a: Iron Crown|Quark Drive|[silent]
|
|upkeep
|
|t:|1757810197
|switch|p1a: Iron Valiant|Iron Valiant|100/100
|-enditem|p1a: Iron Valiant|Booster Energy
|-activate|p1a: Iron Valiant|ability: Quark Drive|[fromitem]
|-start|p1a: Iron Valiant|quarkdrivespe
|turn|12
|
|t:|1757810201
|switch|p2a: Primarina|Primarina, M|100/100
|-damage|p2a: Primarina|88/100|[from] Stealth Rock
|move|p1a: Iron Valiant|Knock Off|p2a: Primarina
|-resisted|p2a: Primarina
|-damage|p2a: Primarina|70/100
|-enditem|p2a: Primarina|Assault Vest|[from] move: Knock Off|[of] p1a: Iron Valiant
|
|upkeep
|turn|13
|inactive|ABraviousTinkaton has 60 seconds left.
|l| Dugtrio Is Broken
|inactive|ABraviousTinkaton has 30 seconds left.
|
|t:|1757810247
|-terastallize|p1a: Iron Valiant|Fairy
|move|p1a: Iron Valiant|Moonblast|p2a: Primarina
|-damage|p2a: Primarina|12/100
|move|p2a: Primarina|Moonblast|p1a: Iron Valiant
|-damage|p1a: Iron Valiant|0 fnt
|faint|p1a: Iron Valiant
|-end|p1a: Iron Valiant|Quark Drive|[silent]
|
|upkeep
|inactive|ABraviousTinkaton has 30 seconds left this turn.
|
|t:|1757810249
|switch|p1a: Meowscarada|Meowscarada, M|51/100
|turn|14
|j| GarbagioFilth
|
|t:|1757810258
|move|p1a: Meowscarada|Knock Off|p2a: Primarina
|-start|p1a: Meowscarada|typechange|Dark|[from] ability: Protean
|-resisted|p2a: Primarina
|-damage|p2a: Primarina|0 fnt
|faint|p2a: Primarina
|
|upkeep
|
|t:|1757810267
|switch|p2a: Dragonite|Dragonite, M, shiny|100/100
|turn|15
|
|t:|1757810273
|-terastallize|p2a: Dragonite|Fairy
|move|p1a: Meowscarada|Knock Off|p2a: Dragonite
|-resisted|p2a: Dragonite
|-damage|p2a: Dragonite|85/100
|-enditem|p2a: Dragonite|Heavy-Duty Boots|[from] move: Knock Off|[of] p1a: Meowscarada
|move|p2a: Dragonite|Dragon Dance|p2a: Dragonite
|-boost|p2a: Dragonite|atk|1
|-boost|p2a: Dragonite|spe|1
|
|upkeep
|turn|16
|
|t:|1757810276
|switch|p1a: Ting-Lu|Ting-Lu|50/100
|-ability|p1a: Ting-Lu|Vessel of Ruin
|move|p2a: Dragonite|Dragon Dance|p2a: Dragonite
|-boost|p2a: Dragonite|atk|1
|-boost|p2a: Dragonite|spe|1
|
|-heal|p1a: Ting-Lu|56/100|[from] item: Leftovers
|upkeep
|turn|17
|
|t:|1757810279
|move|p2a: Dragonite|Tera Blast|p1a: Ting-Lu|[anim] Tera Blast Fairy
|-supereffective|p1a: Ting-Lu
|-damage|p1a: Ting-Lu|0 fnt
|faint|p1a: Ting-Lu
|
|upkeep
|inactive|ABraviousTinkaton has 60 seconds left.
|
|t:|1757810290
|switch|p1a: Great Tusk|Great Tusk|100/100
|turn|18
|
|t:|1757810294
|move|p2a: Dragonite|Tera Blast|p1a: Great Tusk|[anim] Tera Blast Fairy
|-supereffective|p1a: Great Tusk
|-crit|p1a: Great Tusk
|-damage|p1a: Great Tusk|0 fnt
|faint|p1a: Great Tusk
|-end|p1a: Great Tusk|Protosynthesis|[silent]
|
|upkeep
|
|t:|1757810295
|switch|p1a: Meowscarada|Meowscarada, M|51/100
|turn|19
|
|t:|1757810297
|move|p2a: Dragonite|Tera Blast|p1a: Meowscarada|[anim] Tera Blast Fairy
|-supereffective|p1a: Meowscarada
|-damage|p1a: Meowscarada|0 fnt
|faint|p1a: Meowscarada
|
|win|LT124YH Prav33n
|raw|ABraviousTinkaton's rating: 1705 &rarr; <strong>1691</strong><br />(-14 for losing)
|raw|LT124YH Prav33n's rating: 1818 &rarr; <strong>1832</strong><br />(+14 for winning)
|l|☆ABraviousTinkaton
|player|p1|
|l| Perola Z
|l|☆LT124YH Prav33n
|player|p2|
