|j|☆velek284
|j|☆fan_de_buizel
|t:|1757787719
|gametype|singles
|player|p1|velek284|101|1149
|player|p2|fan_de_buizel|169|1159
|gen|9
|tier|[Gen 9] OU
|rated|
|rule|HP Percentage Mod: HP is shown in percentages
|rule|Endless Battle Clause: Forcing endless battles is banned
|rule|Species Clause: Limit one of each Pokémon
|rule|OHKO Clause: OHKO moves are banned
|rule|Evasion Items Clause: Evasion items are banned
|rule|Evasion Moves Clause: Evasion moves are banned
|rule|Evasion Abilities Clause: Evasion abilities are banned
|rule|Sleep Moves Clause: Sleep-inducing moves are banned
|clearpoke
|poke|p1|Lokix, F|
|poke|p1|Skarmory, M|
|poke|p1|Dragalge, F|
|poke|p1|Great Tusk|
|poke|p1|Krookodile, M|
|poke|p1|Blastoise, M|
|poke|p2|Vigoroth, F|
|poke|p2|Ursaring, F|
|poke|p2|Gligar, F|
|poke|p2|Morgrem, M|
|poke|p2|Porygon2|
|poke|p2|Electabuzz, F|
|teampreview
|
|t:|1757787734
|teamsize|p1|6
|teamsize|p2|6
|start
|switch|p1a: Krookodile|Krookodile, M|100/100
|switch|p2a: Gligar|Gligar, F|100/100
|-ability|p1a: Krookodile|Intimidate|boost
|-unboost|p2a: Gligar|atk|1
|turn|1
|
|t:|1757787742
|move|p1a: Krookodile|Knock Off|p2a: Gligar
|-damage|p2a: Gligar|69/100
|-enditem|p2a: Gligar|Eviolite|[from] move: Knock Off|[of] p1a: Krookodile
|move|p2a: Gligar|Stealth Rock|p1a: Krookodile
|-sidestart|p1: velek284|move: Stealth Rock
|
|upkeep
|turn|2
|
|t:|1757787748
|move|p1a: Krookodile|Knock Off|p2a: Gligar
|-damage|p2a: Gligar|37/100
|move|p2a: Gligar|Counter|p1a: Krookodile
|-damage|p1a: Krookodile|36/100
|
|upkeep
|turn|3
|
|t:|1757787753
|move|p1a: Krookodile|Knock Off|p2a: Gligar
|-damage|p2a: Gligar|2/100
|move|p2a: Gligar|U-turn|p1a: Krookodile
|-supereffective|p1a: Krookodile
|-damage|p1a: Krookodile|18/100
|
|t:|1757787768
|switch|p2a: Vigoroth|Vigoroth, F|100/100|[from] U-turn
|
|upkeep
|turn|4
|
|t:|1757787774
|move|p1a: Krookodile|Knock Off|p2a: Vigoroth
|-damage|p2a: Vigoroth|43/100
|-enditem|p2a: Vigoroth|Eviolite|[from] move: Knock Off|[of] p1a: Krookodile
|move|p2a: Vigoroth|Drain Punch|p1a: Krookodile
|-supereffective|p1a: Krookodile
|-damage|p1a: Krookodile|0 fnt
|-heal|p2a: Vigoroth|51/100|[from] drain|[of] p1a: Krookodile
|faint|p1a: Krookodile
|
|upkeep
|
|t:|1757787783
|switch|p1a: Great Tusk|Great Tusk|100/100
|turn|5
|
|t:|1757787789
|move|p1a: Great Tusk|Rapid Spin|p2a: Vigoroth
|-crit|p2a: Vigoroth
|-damage|p2a: Vigoroth|21/100
|-boost|p1a: Great Tusk|spe|1
|-sideend|p1: velek284|Stealth Rock|[from] move: Rapid Spin|[of] p1a: Great Tusk
|move|p2a: Vigoroth|Knock Off|p1a: Great Tusk
|-resisted|p1a: Great Tusk
|-damage|p1a: Great Tusk|91/100
|-enditem|p1a: Great Tusk|Heavy-Duty Boots|[from] move: Knock Off|[of] p2a: Vigoroth
|
|upkeep
|turn|6
|
|t:|1757787802
|move|p1a: Great Tusk|Body Slam|p2a: Vigoroth
|-damage|p2a: Vigoroth|0 fnt
|faint|p2a: Vigoroth
|
|upkeep
|
|t:|1757787808
|switch|p2a: Porygon2|Porygon2|100/100
|turn|7
|
|t:|1757787818
|move|p1a: Great Tusk|Body Slam|p2a: Porygon2
|-damage|p2a: Porygon2|69/100
|move|p2a: Porygon2|Psyshock|p1a: Great Tusk
|-supereffective|p1a: Great Tusk
|-damage|p1a: Great Tusk|12/100
|
|upkeep
|turn|8
|
|t:|1757787825
|move|p1a: Great Tusk|High Horsepower|p2a: Porygon2
|-damage|p2a: Porygon2|23/100
|move|p2a: Porygon2|Psyshock|p1a: Great Tusk
|-supereffective|p1a: Great Tusk
|-damage|p1a: Great Tusk|0 fnt
|faint|p1a: Great Tusk
|-end|p1a: Great Tusk|Protosynthesis|[silent]
|
|upkeep
|
|t:|1757787833
|switch|p1a: Lokix|Lokix, F|100/100
|turn|9
|
|t:|1757787837
|switch|p2a: Gligar|Gligar, F|2/100
|move|p1a: Lokix|First Impression|p2a: Gligar
|-resisted|p2a: Gligar
|-damage|p2a: Gligar|0 fnt
|faint|p2a: Gligar
|-damage|p1a: Lokix|91/100|[from] item: Life Orb
|
|upkeep
|
|t:|1757787839
|switch|p2a: Ursaring|Ursaring, F|100/100
|turn|10
|
|t:|1757787847
|move|p1a: Lokix|U-turn|p2a: Ursaring
|-damage|p2a: Ursaring|57/100
|-damage|p1a: Lokix|81/100|[from] item: Life Orb
|
|t:|1757787854
|switch|p1a: Skarmory|Skarmory, M|100/100|[from] U-turn
|move|p2a: Ursaring|Close Combat|p1a: Skarmory
|-damage|p1a: Skarmory|68/100
|-unboost|p2a: Ursaring|def|1
|-unboost|p2a: Ursaring|spd|1
|-damage|p2a: Ursaring|40/100|[from] item: Rocky Helmet|[of] p1a: Skarmory
|
|-status|p2a: Ursaring|brn|[from] item: Flame Orb
|upkeep
|turn|11
|
|t:|1757787865
|switch|p2a: Electabuzz|Electabuzz, F|100/100
|move|p1a: Skarmory|Iron Defense|p1a: Skarmory
|-boost|p1a: Skarmory|def|2
|
|upkeep
|turn|12
|
|t:|1757787870
|move|p2a: Electabuzz|Thunder Wave|p1a: Skarmory
|-status|p1a: Skarmory|par
|move|p1a: Skarmory|Iron Defense|p1a: Skarmory
|-boost|p1a: Skarmory|def|2
|
|upkeep
|turn|13
|
|t:|1757787876
|move|p2a: Electabuzz|Knock Off|p1a: Skarmory
|-damage|p1a: Skarmory|61/100 par
|-damage|p2a: Electabuzz|84/100|[from] item: Rocky Helmet|[of] p1a: Skarmory
|-enditem|p1a: Skarmory|Rocky Helmet|[from] move: Knock Off|[of] p2a: Electabuzz
|move|p1a: Skarmory|Iron Defense|p1a: Skarmory
|-boost|p1a: Skarmory|def|2
|
|upkeep
|turn|14
|
|t:|1757787894
|move|p2a: Electabuzz|Eerie Impulse|p1a: Skarmory
|-unboost|p1a: Skarmory|spa|2
|move|p1a: Skarmory|Body Press|p2a: Electabuzz
|-damage|p2a: Electabuzz|0 fnt
|faint|p2a: Electabuzz
|
|upkeep
|
|t:|1757787903
|switch|p2a: Porygon2|Porygon2|23/100
|turn|15
|
|t:|1757787906
|move|p2a: Porygon2|Discharge|p1a: Skarmory
|-supereffective|p1a: Skarmory
|-damage|p1a: Skarmory|0 fnt
|faint|p1a: Skarmory
|
|upkeep
|
|t:|1757787911
|switch|p1a: Lokix|Lokix, F|81/100
|turn|16
|
|t:|1757787917
|move|p1a: Lokix|First Impression|p2a: Porygon2
|-damage|p2a: Porygon2|0 fnt
|faint|p2a: Porygon2
|-damage|p1a: Lokix|71/100|[from] item: Life Orb
|
|upkeep
|
|t:|1757787920
|switch|p2a: Morgrem|Morgrem, M|100/100
|turn|17
|
|t:|1757787924
|move|p2a: Morgrem|Reflect|p2a: Morgrem
|-sidestart|p2: fan_de_buizel|Reflect
|move|p1a: Lokix|U-turn|p2a: Morgrem
|-damage|p2a: Morgrem|74/100
|-damage|p1a: Lokix|61/100|[from] item: Life Orb
|
|t:|1757787929
|switch|p1a: Blastoise|Blastoise, M|100/100|[from] U-turn
|
|upkeep
|turn|18
|
|t:|1757787933
|move|p2a: Morgrem|Thunder Wave|p1a: Blastoise
|-status|p1a: Blastoise|par
|move|p1a: Blastoise|Shell Smash|p1a: Blastoise
|-unboost|p1a: Blastoise|def|1
|-unboost|p1a: Blastoise|spd|1
|-boost|p1a: Blastoise|atk|2
|-boost|p1a: Blastoise|spa|2
|-boost|p1a: Blastoise|spe|2
|-enditem|p1a: Blastoise|White Herb
|-clearnegativeboost|p1a: Blastoise|[silent]
|
|upkeep
|turn|19
|
|t:|1757787943
|move|p1a: Blastoise|Surf|p2a: Morgrem
|-damage|p2a: Morgrem|15/100
|move|p2a: Morgrem|Foul Play|p1a: Blastoise
|-crit|p1a: Blastoise
|-damage|p1a: Blastoise|10/100 par
|
|upkeep
|turn|20
|
|t:|1757787953
|move|p2a: Morgrem|Parting Shot|p1a: Blastoise
|-unboost|p1a: Blastoise|atk|1
|-unboost|p1a: Blastoise|spa|1
|
|t:|1757787955
|switch|p2a: Ursaring|Ursaring, F|40/100 brn|[from] Parting Shot
|move|p1a: Blastoise|Surf|p2a: Ursaring
|-damage|p2a: Ursaring|0 fnt
|faint|p2a: Ursaring
|
|upkeep
|
|t:|1757787956
|switch|p2a: Morgrem|Morgrem, M|15/100
|turn|21
|
|t:|1757787964
|move|p1a: Blastoise|Surf|p2a: Morgrem
|-damage|p2a: Morgrem|0 fnt
|faint|p2a: Morgrem
|
|win|velek284
|raw|velek284's rating: 1149 &rarr; <strong>1175</strong><br />(+26 for winning)
|raw|fan_de_buizel's rating: 1159 &rarr; <strong>1133</strong><br />(-26 for losing)
|c|☆velek284|gg
|l|☆fan_de_buizel
|player|p2|
|l|☆velek284
|player|p1|
