|j|☆Alligatorgolden2
|j|☆Garacade
|t:|1757868600
|gametype|singles
|player|p1|Alligatorgolden2|lance|1305
|player|p2|Garacade|102|1314
|gen|9
|tier|[Gen 9] OU
|rated|
|rule|HP Percentage Mod: HP is shown in percentages
|rule|Endless Battle Clause: Forcing endless battles is banned
|rule|Species Clause: Limit one of each Pokémon
|rule|OHKO Clause: OHKO moves are banned
|rule|Evasion Items Clause: Evasion items are banned
|rule|Evasion Moves Clause: Evasion moves are banned
|rule|Evasion Abilities Clause: Evasion abilities are banned
|rule|Sleep Moves Clause: Sleep-inducing moves are banned
|clearpoke
|poke|p1|Feraligatr, M|
|poke|p1|Arcanine-Hisui, M|
|poke|p1|Haxorus, M|
|poke|p1|Zoroark-Hisui, F|
|poke|p1|Great Tusk|
|poke|p1|Skeledirge, M|
|poke|p2|Bronzong|
|poke|p2|Great Tusk|
|poke|p2|Dragapult, M|
|poke|p2|Ogerpon-Wellspring, F|
|poke|p2|Uxie|
|poke|p2|Kingambit, M|
|teampreview
|
|t:|1757868614
|teamsize|p1|6
|teamsize|p2|6
|start
|switch|p1a: Helllcycle|Arcanine-Hisui, M|100/100
|switch|p2a: Bronzong|Bronzong|100/100
|turn|1
|
|t:|1757868622
|move|p1a: Helllcycle|Nasty Plot|p1a: Helllcycle
|-boost|p1a: Helllcycle|spa|2
|move|p2a: Bronzong|Stealth Rock|p1a: Helllcycle
|-sidestart|p1: Alligatorgolden2|move: Stealth Rock
|
|upkeep
|turn|2
|
|t:|1757868632
|move|p1a: Helllcycle|Hyper Voice|p2a: Bronzong
|-resisted|p2a: Bronzong
|-damage|p2a: Bronzong|68/100
|move|p2a: Bronzong|Light Screen|p2a: Bronzong
|-sidestart|p2: Garacade|move: Light Screen
|
|upkeep
|turn|3
|
|t:|1757868637
|move|p1a: Helllcycle|Bitter Malice|p2a: Bronzong
|-supereffective|p2a: Bronzong
|-damage|p2a: Bronzong|19/100
|-unboost|p2a: Bronzong|atk|1
|move|p2a: Bronzong|Reflect|p2a: Bronzong
|-sidestart|p2: Garacade|Reflect
|
|upkeep
|turn|4
|
|t:|1757868645
|move|p1a: Helllcycle|Bitter Malice|p2a: Bronzong
|-supereffective|p2a: Bronzong
|-damage|p2a: Bronzong|0 fnt
|faint|p2a: Bronzong
|
|upkeep
|
|t:|1757868656
|switch|p2a: Dragapult|Dragapult, M|100/100
|turn|5
|
|t:|1757868660
|move|p2a: Dragapult|Draco Meteor|p1a: Helllcycle
|-enditem|p1a: Helllcycle|Focus Sash
|-damage|p1a: Helllcycle|1/100
|-unboost|p2a: Dragapult|spa|2
|replace|p1a: Bella|Zoroark-Hisui, F
|-end|p1a: Bella|Illusion
|move|p1a: Bella|Bitter Malice|p2a: Dragapult
|-supereffective|p2a: Dragapult
|-damage|p2a: Dragapult|0 fnt
|faint|p2a: Dragapult
|
|upkeep
|
|t:|1757868665
|switch|p2a: Ogerpon|Ogerpon-Wellspring, F|100/100
|turn|6
|
|t:|1757868674
|move|p1a: Bella|Bitter Malice|p2a: Ogerpon
|-damage|p2a: Ogerpon|56/100
|-unboost|p2a: Ogerpon|atk|1
|move|p2a: Ogerpon|U-turn|p1a: Bella
|-resisted|p1a: Bella
|-damage|p1a: Bella|0 fnt
|faint|p1a: Bella
|
|t:|1757868682
|switch|p2a: Great Tusk|Great Tusk|100/100|[from] U-turn
|-enditem|p2a: Great Tusk|Booster Energy
|-activate|p2a: Great Tusk|ability: Protosynthesis|[fromitem]
|-start|p2a: Great Tusk|protosynthesisatk
|
|upkeep
|
|t:|1757868689
|switch|p1a: Hannibal|Great Tusk|100/100
|-damage|p1a: Hannibal|98/100|[from] Stealth Rock
|-enditem|p1a: Hannibal|Booster Energy
|-activate|p1a: Hannibal|ability: Protosynthesis|[fromitem]
|-start|p1a: Hannibal|protosynthesisatk
|turn|7
|
|t:|1757868698
|move|p2a: Great Tusk|Ice Spinner|p1a: Hannibal
|-supereffective|p1a: Hannibal
|-damage|p1a: Hannibal|54/100
|move|p1a: Hannibal|Rapid Spin|p2a: Great Tusk
|-damage|p2a: Great Tusk|92/100
|-boost|p1a: Hannibal|spe|1
|-sideend|p1: Alligatorgolden2|Stealth Rock|[from] move: Rapid Spin|[of] p1a: Hannibal
|
|upkeep
|turn|8
|
|t:|1757868706
|move|p1a: Hannibal|Ice Spinner|p2a: Great Tusk
|-supereffective|p2a: Great Tusk
|-damage|p2a: Great Tusk|61/100
|move|p2a: Great Tusk|Rapid Spin|p1a: Hannibal
|-damage|p1a: Hannibal|41/100
|-boost|p2a: Great Tusk|spe|1
|
|upkeep
|turn|9
|
|t:|1757868713
|move|p2a: Great Tusk|Ice Spinner|p1a: Hannibal
|-supereffective|p1a: Hannibal
|-damage|p1a: Hannibal|0 fnt
|faint|p1a: Hannibal
|-end|p1a: Hannibal|Protosynthesis|[silent]
|
|-sideend|p2: Garacade|move: Light Screen
|upkeep
|
|t:|1757868724
|switch|p1a: Skully|Skeledirge, M, shiny|100/100
|turn|10
|
|t:|1757868729
|-terastallize|p1a: Skully|Fairy
|move|p2a: Great Tusk|Earthquake|p1a: Skully
|-damage|p1a: Skully|49/100
|move|p1a: Skully|Will-O-Wisp|p2a: Great Tusk|[miss]
|-miss|p1a: Skully|p2a: Great Tusk
|
|-heal|p1a: Skully|55/100|[from] item: Leftovers
|-sideend|p2: Garacade|Reflect
|upkeep
|turn|11
|
|t:|1757868740
|move|p2a: Great Tusk|Earthquake|p1a: Skully
|-damage|p1a: Skully|0 fnt
|faint|p1a: Skully
|
|upkeep
|
|t:|1757868746
|switch|p1a: Alligator|Feraligatr, M|100/100
|turn|12
|
|t:|1757868751
|move|p2a: Great Tusk|Earthquake|p1a: Alligator
|-crit|p1a: Alligator
|-damage|p1a: Alligator|9/100
|move|p1a: Alligator|Ice Punch|p2a: Great Tusk
|-supereffective|p2a: Great Tusk
|-damage|p2a: Great Tusk|5/100
|
|upkeep
|turn|13
|
|t:|1757868762
|move|p2a: Great Tusk|Earthquake|p1a: Alligator
|-damage|p1a: Alligator|0 fnt
|faint|p1a: Alligator
|
|upkeep
|
|t:|1757868767
|switch|p1a: Helllcycle|Arcanine-Hisui, M|100/100
|turn|14
|
|t:|1757868770
|move|p1a: Helllcycle|Extreme Speed|p2a: Great Tusk
|-damage|p2a: Great Tusk|0 fnt
|faint|p2a: Great Tusk
|-end|p2a: Great Tusk|Protosynthesis|[silent]
|-damage|p1a: Helllcycle|91/100|[from] item: Life Orb
|
|upkeep
|
|t:|1757868777
|switch|p2a: Uxie|Uxie|100/100
|turn|15
|
|t:|1757868783
|move|p1a: Helllcycle|Flare Blitz|p2a: Uxie
|-damage|p2a: Uxie|57/100
|-status|p2a: Uxie|brn
|-damage|p1a: Helllcycle|81/100|[from] item: Life Orb
|move|p2a: Uxie|Trick|p1a: Helllcycle
|-activate|p2a: Uxie|move: Trick|[of] p1a: Helllcycle
|-item|p1a: Helllcycle|Choice Band|[from] move: Trick
|-item|p2a: Uxie|Life Orb|[from] move: Trick
|
|-damage|p2a: Uxie|51/100 brn|[from] brn
|upkeep
|turn|16
|
|t:|1757868814
|move|p1a: Helllcycle|Flare Blitz|p2a: Uxie
|-damage|p2a: Uxie|0 fnt
|faint|p2a: Uxie
|
|upkeep
|
|t:|1757868823
|switch|p2a: Ogerpon|Ogerpon-Wellspring, F|56/100
|turn|17
|
|t:|1757868826
|-terastallize|p2a: Ogerpon|Water
|detailschange|p2a: Ogerpon|Ogerpon-Wellspring-Tera, F, tera:Water
|-ability|p2a: Ogerpon|Embody Aspect (Wellspring)|boost
|-boost|p2a: Ogerpon|spd|1
|move|p2a: Ogerpon|Ivy Cudgel|p1a: Helllcycle|[anim] Ivy Cudgel Water
|-supereffective|p1a: Helllcycle
|-damage|p1a: Helllcycle|0 fnt
|faint|p1a: Helllcycle
|
|upkeep
|
|t:|1757868835
|switch|p1a: Dexter Morgan|Haxorus, M|100/100
|-ability|p1a: Dexter Morgan|Mold Breaker
|turn|18
|
|t:|1757868844
|move|p2a: Ogerpon|Ivy Cudgel|p1a: Dexter Morgan|[anim] Ivy Cudgel Water
|-resisted|p1a: Dexter Morgan
|-damage|p1a: Dexter Morgan|48/100
|move|p1a: Dexter Morgan|Earthquake|p2a: Ogerpon
|-damage|p2a: Ogerpon|0 fnt
|faint|p2a: Ogerpon
|detailschange|p2: Ogerpon|Ogerpon-Wellspring, F|[silent]
|-damage|p1a: Dexter Morgan|38/100|[from] item: Life Orb
|
|upkeep
|
|t:|1757868850
|switch|p2a: Kingambit|Kingambit, M|100/100
|-activate|p2a: Kingambit|ability: Supreme Overlord
|-start|p2a: Kingambit|fallen5|[silent]
|turn|19
|
|t:|1757868859
|move|p2a: Kingambit|Sucker Punch||[still]
|-fail|p2a: Kingambit
|move|p1a: Dexter Morgan|Dragon Dance|p1a: Dexter Morgan
|-boost|p1a: Dexter Morgan|atk|1
|-boost|p1a: Dexter Morgan|spe|1
|
|upkeep
|turn|20
|
|t:|1757868865
|move|p2a: Kingambit|Sucker Punch|p1a: Dexter Morgan
|-damage|p1a: Dexter Morgan|0 fnt
|faint|p1a: Dexter Morgan
|
|win|Garacade
|raw|Alligatorgolden2's rating: 1305 &rarr; <strong>1286</strong><br />(-19 for losing)
|raw|Garacade's rating: 1314 &rarr; <strong>1333</strong><br />(+19 for winning)
|l|☆Garacade
|player|p2|
|l|☆Alligatorgolden2
|player|p1|
