|j|☆SSStyl1sh
|j|‽Vicosse
|t:|1757887483
|gametype|singles
|player|p1|SSStyl1sh|giovanni|1213
|player|p2|Vicosse|266|1164
|gen|9
|tier|[Gen 9] OU
|rated|
|rule|HP Percentage Mod: HP is shown in percentages
|rule|Endless Battle Clause: Forcing endless battles is banned
|rule|Species Clause: Limit one of each Pokémon
|rule|OHKO Clause: OHKO moves are banned
|rule|Evasion Items Clause: Evasion items are banned
|rule|Evasion Moves Clause: Evasion moves are banned
|rule|Evasion Abilities Clause: Evasion abilities are banned
|rule|Sleep Moves Clause: Sleep-inducing moves are banned
|clearpoke
|poke|p1|Araquanid, M|
|poke|p1|Crawdaunt, M|
|poke|p1|Tornadus-Therian, M|
|poke|p1|Ting-Lu|
|poke|p1|Gholdengo|
|poke|p1|Registeel|
|poke|p2|Iron Valiant|
|poke|p2|Gholdengo|
|poke|p2|Moltres|
|poke|p2|Keldeo-Resolute|
|poke|p2|Kyurem|
|poke|p2|Iron Crown|
|teampreview
|
|t:|1757887488
|teamsize|p1|6
|teamsize|p2|6
|start
|switch|p1a: Araquanid|Araquanid, M|100/100
|switch|p2a: Moltres|Moltres|100/100
|turn|1
|
|t:|1757887493
|move|p2a: Moltres|U-turn|p1a: Araquanid
|-damage|p1a: Araquanid|85/100
|
|t:|1757887502
|switch|p2a: Keldeo|Keldeo-Resolute|100/100|[from] U-turn
|move|p1a: Araquanid|Sticky Web|p2a: Keldeo
|-sidestart|p2: Vicosse|move: Sticky Web
|
|upkeep
|turn|2
|
|t:|1757887508
|move|p2a: Keldeo|Calm Mind|p2a: Keldeo
|-boost|p2a: Keldeo|spa|1
|-boost|p2a: Keldeo|spd|1
|move|p1a: Araquanid|Surf|p2a: Keldeo
|-resisted|p2a: Keldeo
|-damage|p2a: Keldeo|79/100
|
|-heal|p2a: Keldeo|86/100|[from] item: Leftovers
|upkeep
|turn|3
|
|t:|1757887515
|move|p2a: Keldeo|Calm Mind|p2a: Keldeo
|-boost|p2a: Keldeo|spa|1
|-boost|p2a: Keldeo|spd|1
|move|p1a: Araquanid|Surf|p2a: Keldeo
|-resisted|p2a: Keldeo
|-damage|p2a: Keldeo|70/100
|
|-heal|p2a: Keldeo|77/100|[from] item: Leftovers
|upkeep
|turn|4
|
|t:|1757887521
|move|p2a: Keldeo|Secret Sword|p1a: Araquanid
|-resisted|p1a: Araquanid
|-damage|p1a: Araquanid|37/100
|move|p1a: Araquanid|Surf|p2a: Keldeo
|-resisted|p2a: Keldeo
|-damage|p2a: Keldeo|60/100
|
|-heal|p2a: Keldeo|66/100|[from] item: Leftovers
|upkeep
|turn|5
|
|t:|1757887526
|move|p1a: Araquanid|Endure|p1a: Araquanid
|-singleturn|p1a: Araquanid|move: Endure
|move|p2a: Keldeo|Secret Sword|p1a: Araquanid
|-resisted|p1a: Araquanid
|-activate|p1a: Araquanid|move: Endure
|-damage|p1a: Araquanid|1/100
|
|-heal|p2a: Keldeo|72/100|[from] item: Leftovers
|upkeep
|turn|6
|-enditem|p1a: Araquanid|Custap Berry|[eat]
|-activate|p1a: Araquanid|item: Custap Berry|[consumed]
|
|t:|1757887530
|move|p2a: Keldeo|Vacuum Wave|p1a: Araquanid
|-resisted|p1a: Araquanid
|-damage|p1a: Araquanid|0 fnt
|faint|p1a: Araquanid
|
|-heal|p2a: Keldeo|79/100|[from] item: Leftovers
|upkeep
|
|t:|1757887543
|switch|p1a: Tornadus|Tornadus-Therian, M|100/100
|turn|7
|
|t:|1757887547
|move|p1a: Tornadus|Bleakwind Storm|p2a: Keldeo
|-supereffective|p2a: Keldeo
|-damage|p2a: Keldeo|21/100
|move|p2a: Keldeo|Hydro Pump|p1a: Tornadus|[miss]
|-miss|p2a: Keldeo|p1a: Tornadus
|
|-heal|p2a: Keldeo|27/100|[from] item: Leftovers
|upkeep
|turn|8
|
|t:|1757887553
|move|p2a: Keldeo|Vacuum Wave|p1a: Tornadus
|-resisted|p1a: Tornadus
|-damage|p1a: Tornadus|76/100
|move|p1a: Tornadus|Bleakwind Storm|p2a: Keldeo
|-supereffective|p2a: Keldeo
|-damage|p2a: Keldeo|0 fnt
|faint|p2a: Keldeo
|
|upkeep
|
|t:|1757887563
|switch|p2a: Moltres|Moltres|100/100
|turn|9
|
|t:|1757887567
|move|p1a: Tornadus|U-turn|p2a: Moltres
|-resisted|p2a: Moltres
|-damage|p2a: Moltres|96/100
|
|t:|1757887569
|switch|p1a: Crawdaunt|Crawdaunt, M|100/100|[from] U-turn
|move|p2a: Moltres|Flamethrower|p1a: Crawdaunt
|-resisted|p1a: Crawdaunt
|-damage|p1a: Crawdaunt|57/100
|
|upkeep
|turn|10
|
|t:|1757887575
|move|p2a: Moltres|U-turn|p1a: Crawdaunt
|-supereffective|p1a: Crawdaunt
|-damage|p1a: Crawdaunt|13/100
|
|t:|1757887580
|switch|p2a: Kyurem|Kyurem|100/100|[from] U-turn
|-activate|p2a: Kyurem|move: Sticky Web
|-unboost|p2a: Kyurem|spe|1
|-ability|p2a: Kyurem|Pressure
|move|p1a: Crawdaunt|Knock Off|p2a: Kyurem
|-damage|p2a: Kyurem|0 fnt
|-enditem|p2a: Kyurem|Loaded Dice|[from] move: Knock Off|[of] p1a: Crawdaunt
|faint|p2a: Kyurem
|
|upkeep
|
|t:|1757887592
|switch|p2a: Moltres|Moltres|96/100
|turn|11
|
|t:|1757887601
|switch|p1a: Tornadus|Tornadus-Therian, M|100/100
|move|p2a: Moltres|U-turn|p1a: Tornadus
|-resisted|p1a: Tornadus
|-damage|p1a: Tornadus|91/100
|
|t:|1757887611
|switch|p2a: Iron Crown|Iron Crown|100/100|[from] U-turn
|-activate|p2a: Iron Crown|move: Sticky Web
|-unboost|p2a: Iron Crown|spe|1
|-enditem|p2a: Iron Crown|Booster Energy
|-activate|p2a: Iron Crown|ability: Quark Drive|[fromitem]
|-start|p2a: Iron Crown|quarkdrivespa
|
|upkeep
|turn|12
|
|t:|1757887620
|switch|p1a: Ting-Lu|Ting-Lu|100/100
|-ability|p1a: Ting-Lu|Vessel of Ruin
|move|p2a: Iron Crown|Agility|p2a: Iron Crown
|-boost|p2a: Iron Crown|spe|2
|
|upkeep
|turn|13
|
|t:|1757887639
|move|p2a: Iron Crown|Focus Blast|p1a: Ting-Lu
|-supereffective|p1a: Ting-Lu
|-damage|p1a: Ting-Lu|52/100
|move|p1a: Ting-Lu|Stealth Rock|p2a: Iron Crown
|-sidestart|p2: Vicosse|move: Stealth Rock
|
|-heal|p1a: Ting-Lu|58/100|[from] item: Leftovers
|upkeep
|turn|14
|
|t:|1757887650
|move|p2a: Iron Crown|Focus Blast|p1a: Ting-Lu
|-supereffective|p1a: Ting-Lu
|-damage|p1a: Ting-Lu|7/100
|move|p1a: Ting-Lu|Earthquake|p2a: Iron Crown
|-supereffective|p2a: Iron Crown
|-damage|p2a: Iron Crown|16/100
|
|-heal|p1a: Ting-Lu|13/100|[from] item: Leftovers
|upkeep
|turn|15
|
|t:|1757887662
|switch|p1a: Tornadus|Tornadus-Therian, M|100/100
|move|p2a: Iron Crown|Tachyon Cutter|p1a: Tornadus
|-damage|p1a: Tornadus|56/100
|-damage|p1a: Tornadus|13/100
|-hitcount|p1a: Tornadus|2
|
|upkeep
|turn|16
|
|t:|1757887673
|switch|p1a: Ting-Lu|Ting-Lu|13/100
|-ability|p1a: Ting-Lu|Vessel of Ruin
|move|p2a: Iron Crown|Tachyon Cutter|p1a: Ting-Lu
|-damage|p1a: Ting-Lu|0 fnt
|faint|p1a: Ting-Lu
|-hitcount|p1: Ting-Lu|1
|
|upkeep
|
|t:|1757887675
|switch|p1a: Crawdaunt|Crawdaunt, M|13/100
|turn|17
|
|t:|1757887681
|move|p1a: Crawdaunt|Aqua Jet|p2a: Iron Crown
|-damage|p2a: Iron Crown|0 fnt
|faint|p2a: Iron Crown
|-end|p2a: Iron Crown|Quark Drive|[silent]
|
|upkeep
|
|t:|1757887686
|switch|p2a: Gholdengo|Gholdengo|100/100
|-activate|p2a: Gholdengo|move: Sticky Web
|-unboost|p2a: Gholdengo|spe|1
|-damage|p2a: Gholdengo|94/100|[from] Stealth Rock
|turn|18
|
|t:|1757887699
|switch|p1a: Gholdengo|Gholdengo|100/100
|-item|p1a: Gholdengo|Air Balloon
|move|p2a: Gholdengo|Shadow Ball|p1a: Gholdengo
|-supereffective|p1a: Gholdengo
|-damage|p1a: Gholdengo|3/100
|-unboost|p1a: Gholdengo|spd|1
|-enditem|p1a: Gholdengo|Air Balloon
|
|upkeep
|turn|19
|
|t:|1757887703
|move|p1a: Gholdengo|Shadow Ball|p2a: Gholdengo
|-supereffective|p2a: Gholdengo
|-damage|p2a: Gholdengo|0 fnt
|faint|p2a: Gholdengo
|
|upkeep
|
|t:|1757887707
|switch|p2a: Moltres|Moltres|96/100
|turn|20
|
|t:|1757887726
|move|p2a: Moltres|Flamethrower|p1a: Gholdengo
|-supereffective|p1a: Gholdengo
|-damage|p1a: Gholdengo|0 fnt
|faint|p1a: Gholdengo
|
|upkeep
|
|t:|1757887740
|switch|p1a: Crawdaunt|Crawdaunt, M|13/100
|turn|21
|
|t:|1757887757
|switch|p2a: Iron Valiant|Iron Valiant|100/100
|-activate|p2a: Iron Valiant|move: Sticky Web
|-unboost|p2a: Iron Valiant|spe|1
|-damage|p2a: Iron Valiant|94/100|[from] Stealth Rock
|-enditem|p2a: Iron Valiant|Booster Energy
|-activate|p2a: Iron Valiant|ability: Quark Drive|[fromitem]
|-start|p2a: Iron Valiant|quarkdriveatk
|move|p1a: Crawdaunt|Aqua Jet|p2a: Iron Valiant
|-damage|p2a: Iron Valiant|36/100
|
|upkeep
|turn|22
|
|t:|1757887771
|move|p1a: Crawdaunt|Aqua Jet|p2a: Iron Valiant
|-damage|p2a: Iron Valiant|0 fnt
|faint|p2a: Iron Valiant
|-end|p2a: Iron Valiant|Quark Drive|[silent]
|
|upkeep
|
|t:|1757887775
|switch|p2a: Moltres|Moltres|96/100
|turn|23
|
|t:|1757887783
|move|p1a: Crawdaunt|Aqua Jet|p2a: Moltres
|-supereffective|p2a: Moltres
|-damage|p2a: Moltres|0 fnt
|-status|p1a: Crawdaunt|brn|[from] ability: Flame Body|[of] p2a: Moltres
|faint|p2a: Moltres
|
|win|SSStyl1sh
|raw|SSStyl1sh's rating: 1213 &rarr; <strong>1234</strong><br />(+21 for winning)
|raw|Vicosse's rating: 1164 &rarr; <strong>1143</strong><br />(-21 for losing)
|l|‽Vicosse
|player|p2|
