|j|☆Chrille-1
|j|☆JasmineThia
|t:|1757861230
|gametype|singles
|player|p1|Chrille-1|morty|1472
|player|p2|JasmineThia|serena-masters3|1528
|gen|9
|tier|[Gen 9] OU
|rated|
|rule|HP Percentage Mod: HP is shown in percentages
|rule|Endless Battle Clause: Forcing endless battles is banned
|rule|Species Clause: Limit one of each Pokémon
|rule|OHKO Clause: OHKO moves are banned
|rule|Evasion Items Clause: Evasion items are banned
|rule|Evasion Moves Clause: Evasion moves are banned
|rule|Evasion Abilities Clause: Evasion abilities are banned
|rule|Sleep Moves Clause: Sleep-inducing moves are banned
|clearpoke
|poke|p1|Moltres|
|poke|p1|Great Tusk|
|poke|p1|Slowking-Galar, M|
|poke|p1|Kingambit, F|
|poke|p1|Dragapult, M|
|poke|p1|Ogerpon-Wellspring, F|
|poke|p2|Raging Bolt|
|poke|p2|Slowking-Galar, F|
|poke|p2|Gholdengo|
|poke|p2|Garchomp, M|
|poke|p2|Alomomola, M|
|poke|p2|Lokix, F|
|teampreview
|inactive|Battle timer is ON: inactive players will automatically lose when time's up. (requested by Chrille-1)
|
|t:|1757861242
|teamsize|p1|6
|teamsize|p2|6
|start
|switch|p1a: FierBird|Moltres|100/100
|switch|p2a: Garchomp|Garchomp, M|100/100
|turn|1
|
|t:|1757861246
|switch|p1a: Chager|Great Tusk|100/100
|move|p2a: Garchomp|Stealth Rock|p1a: Chager
|-sidestart|p1: Chrille-1|move: Stealth Rock
|
|upkeep
|turn|2
|
|t:|1757861249
|switch|p2a: Gholdengo|Gholdengo|100/100
|-item|p2a: Gholdengo|Air Balloon
|move|p1a: Chager|Stealth Rock|p2a: Gholdengo
|-sidestart|p2: JasmineThia|move: Stealth Rock
|
|upkeep
|turn|3
|
|t:|1757861253
|-end|p1a: Chager|Protosynthesis|[silent]
|switch|p1a: FierBird|Moltres|100/100
|move|p2a: Gholdengo|Dazzling Gleam|p1a: FierBird
|-resisted|p1a: FierBird
|-damage|p1a: FierBird|91/100
|
|upkeep
|turn|4
|
|t:|1757861259
|switch|p2a: Garchomp|Garchomp, M|100/100
|-damage|p2a: Garchomp|94/100|[from] Stealth Rock
|move|p1a: FierBird|Flamethrower|p2a: Garchomp
|-resisted|p2a: Garchomp
|-damage|p2a: Garchomp|77/100
|
|upkeep
|turn|5
|
|t:|1757861270
|switch|p1a: Chager|Great Tusk|100/100
|-damage|p1a: Chager|98/100|[from] Stealth Rock
|move|p2a: Garchomp|Spikes|p1a: Chager
|-sidestart|p1: Chrille-1|Spikes
|
|upkeep
|turn|6
|
|t:|1757861275
|move|p1a: Chager|Ice Spinner|p2a: Garchomp
|-supereffective|p2a: Garchomp
|-damage|p2a: Garchomp|15/100
|-damage|p1a: Chager|85/100|[from] ability: Rough Skin|[of] p2a: Garchomp
|-damage|p1a: Chager|68/100|[from] item: Rocky Helmet|[of] p2a: Garchomp
|move|p2a: Garchomp|Dragon Tail|p1a: Chager
|-damage|p1a: Chager|56/100
|-damage|p2a: Garchomp|0 fnt|[from] item: Rocky Helmet|[of] p1a: Chager
|faint|p2a: Garchomp
|-end|p1a: Chager|Protosynthesis|[silent]
|drag|p1a: FierBird|Moltres|91/100
|
|upkeep
|
|t:|1757861282
|switch|p2a: Raging Bolt|Raging Bolt|100/100
|turn|7
|
|t:|1757861285
|switch|p1a: Supra|Slowking-Galar, M|100/100
|-damage|p1a: Supra|88/100|[from] Stealth Rock
|-damage|p1a: Supra|76/100|[from] Spikes
|move|p2a: Raging Bolt|Dragon Pulse|p1a: Supra
|-damage|p1a: Supra|53/100
|
|upkeep
|turn|8
|
|t:|1757861289
|move|p2a: Raging Bolt|Volt Switch|p1a: Supra
|-damage|p1a: Supra|34/100
|
|t:|1757861292
|-end|p2a: Raging Bolt|Protosynthesis|[silent]
|switch|p2a: Slowking|Slowking-Galar, F|100/100|[from] Volt Switch
|move|p1a: Supra|Sludge Bomb|p2a: Slowking
|-resisted|p2a: Slowking
|-damage|p2a: Slowking|88/100
|
|upkeep
|turn|9
|
|t:|1757861298
|switch|p1a: Mustang|Ogerpon-Wellspring, F|100/100
|-damage|p1a: Mustang|88/100|[from] Stealth Rock
|-damage|p1a: Mustang|76/100|[from] Spikes
|move|p2a: Slowking|Future Sight|p1a: Mustang
|-start|p2a: Slowking|move: Future Sight
|
|upkeep
|turn|10
|
|t:|1757861302
|switch|p2a: Alomomola|Alomomola, M|100/100
|-damage|p2a: Alomomola|88/100|[from] Stealth Rock
|move|p1a: Mustang|Ivy Cudgel|p2a: Alomomola|[anim] Ivy Cudgel Water
|-resisted|p2a: Alomomola
|-damage|p2a: Alomomola|69/100
|-enditem|p2a: Alomomola|Red Card|[of] p1a: Mustang
|drag|p1a: Viper|Kingambit, F|100/100
|-damage|p1a: Viper|94/100|[from] Stealth Rock
|-damage|p1a: Viper|82/100|[from] Spikes
|
|-heal|p1a: Viper|88/100|[from] item: Leftovers
|upkeep
|turn|11
|
|t:|1757861308
|move|p1a: Viper|Swords Dance|p1a: Viper
|-boost|p1a: Viper|atk|2
|move|p2a: Alomomola|Scald|p1a: Viper
|-damage|p1a: Viper|72/100
|
|-end|p1a: Viper|move: Future Sight
|-immune|p1a: Viper
|-heal|p1a: Viper|78/100|[from] item: Leftovers
|upkeep
|turn|12
|
|t:|1757861312
|move|p1a: Viper|Kowtow Cleave|p2a: Alomomola
|-damage|p2a: Alomomola|13/100
|move|p2a: Alomomola|Scald|p1a: Viper
|-damage|p1a: Viper|62/100
|
|-heal|p1a: Viper|68/100|[from] item: Leftovers
|upkeep
|turn|13
|
|t:|1757861316
|move|p1a: Viper|Kowtow Cleave|p2a: Alomomola
|-damage|p2a: Alomomola|0 fnt
|faint|p2a: Alomomola
|
|-heal|p1a: Viper|74/100|[from] item: Leftovers
|upkeep
|
|t:|1757861321
|switch|p2a: Lokix|Lokix, F|100/100
|-damage|p2a: Lokix|76/100|[from] Stealth Rock
|turn|14
|
|t:|1757861324
|-end|p1a: Viper|fallenundefined|[silent]
|switch|p1a: FierBird|Moltres|91/100
|move|p2a: Lokix|Leech Life|p1a: FierBird
|-resisted|p1a: FierBird
|-damage|p1a: FierBird|69/100
|-heal|p2a: Lokix|91/100|[from] drain|[of] p1a: FierBird
|
|upkeep
|turn|15
|
|t:|1757861331
|switch|p2a: Slowking|Slowking-Galar, F|100/100
|move|p1a: FierBird|Flamethrower|p2a: Slowking
|-damage|p2a: Slowking|78/100
|
|upkeep
|turn|16
|
|t:|1757861334
|move|p1a: FierBird|Will-O-Wisp|p2a: Slowking
|-status|p2a: Slowking|brn
|move|p2a: Slowking|Future Sight|p1a: FierBird
|-start|p2a: Slowking|move: Future Sight
|
|-damage|p2a: Slowking|72/100 brn|[from] brn
|upkeep
|turn|17
|
|t:|1757861338
|move|p1a: FierBird|Scorching Sands|p2a: Slowking
|-supereffective|p2a: Slowking
|-crit|p2a: Slowking
|-damage|p2a: Slowking|38/100 brn
|-prepare|p2a: Slowking|Chilly Reception|[premajor]
|move|p2a: Slowking|Chilly Reception|p2a: Slowking
|-weather|Snowscape
|
|t:|1757861340
|switch|p2a: Raging Bolt|Raging Bolt|100/100|[from] Chilly Reception
|
|-weather|Snowscape|[upkeep]
|upkeep
|turn|18
|
|t:|1757861349
|switch|p1a: Supra|Slowking-Galar, M|68/100
|-damage|p1a: Supra|55/100|[from] Stealth Rock
|-damage|p1a: Supra|43/100|[from] Spikes
|move|p2a: Raging Bolt|Volt Switch|p1a: Supra
|-damage|p1a: Supra|23/100
|
|t:|1757861353
|-end|p2a: Raging Bolt|Protosynthesis|[silent]
|switch|p2a: Slowking|Slowking-Galar, F|71/100 brn|[from] Volt Switch
|
|-weather|Snowscape|[upkeep]
|-end|p1a: Supra|move: Future Sight
|-damage|p1a: Supra|2/100
|-damage|p2a: Slowking|65/100 brn|[from] brn
|upkeep
|turn|19
|
|t:|1757861360
|switch|p1a: FierBird|Moltres|69/100
|-prepare|p2a: Slowking|Chilly Reception|[premajor]
|move|p2a: Slowking|Chilly Reception|p2a: Slowking
|
|t:|1757861363
|switch|p2a: Raging Bolt|Raging Bolt|100/100|[from] Chilly Reception
|
|-weather|Snowscape|[upkeep]
|upkeep
|turn|20
|
|t:|1757861366
|switch|p1a: Chager|Great Tusk|56/100
|-damage|p1a: Chager|53/100|[from] Stealth Rock
|-damage|p1a: Chager|41/100|[from] Spikes
|move|p2a: Raging Bolt|Dragon Pulse|p1a: Chager
|-damage|p1a: Chager|0 fnt
|faint|p1a: Chager
|-end|p1a: Chager|Protosynthesis|[silent]
|
|-weather|Snowscape|[upkeep]
|upkeep
|
|t:|1757861369
|switch|p1a: Helcat|Dragapult, M, shiny|100/100
|-damage|p1a: Helcat|88/100|[from] Stealth Rock
|-damage|p1a: Helcat|76/100|[from] Spikes
|turn|21
|
|t:|1757861383
|move|p1a: Helcat|Shadow Ball|p2a: Raging Bolt
|-damage|p2a: Raging Bolt|48/100
|move|p2a: Raging Bolt|Dragon Pulse|p1a: Helcat
|-supereffective|p1a: Helcat
|-damage|p1a: Helcat|0 fnt
|faint|p1a: Helcat
|
|-weather|none
|upkeep
|
|t:|1757861388
|switch|p1a: Mustang|Ogerpon-Wellspring, F|76/100
|-damage|p1a: Mustang|64/100|[from] Stealth Rock
|-damage|p1a: Mustang|51/100|[from] Spikes
|turn|22
|
|t:|1757861391
|move|p2a: Raging Bolt|Thunderclap|p1a: Mustang
|-damage|p1a: Mustang|5/100
|move|p1a: Mustang|Play Rough|p2a: Raging Bolt|[miss]
|-miss|p1a: Mustang|p2a: Raging Bolt
|
|upkeep
|turn|23
|
|t:|1757861397
|-end|p2a: Raging Bolt|Protosynthesis|[silent]
|switch|p2a: Slowking|Slowking-Galar, F|98/100 brn
|move|p1a: Mustang|Play Rough|p2a: Slowking
|-resisted|p2a: Slowking
|-crit|p2a: Slowking
|-damage|p2a: Slowking|71/100 brn
|
|-damage|p2a: Slowking|64/100 brn|[from] brn
|upkeep
|turn|24
|
|t:|1757861401
|move|p1a: Mustang|Ivy Cudgel|p2a: Slowking|[anim] Ivy Cudgel Water
|-damage|p2a: Slowking|0 fnt
|faint|p2a: Slowking
|
|upkeep
|
|t:|1757861406
|switch|p2a: Lokix|Lokix, F|91/100
|-damage|p2a: Lokix|66/100|[from] Stealth Rock
|turn|25
|
|t:|1757861408
|switch|p1a: FierBird|Moltres|69/100
|move|p2a: Lokix|First Impression|p1a: FierBird
|-resisted|p1a: FierBird
|-damage|p1a: FierBird|44/100
|-status|p2a: Lokix|brn|[from] ability: Flame Body|[of] p1a: FierBird
|
|-damage|p2a: Lokix|60/100 brn|[from] brn
|upkeep
|turn|26
|
|t:|1757861414
|switch|p2a: Raging Bolt|Raging Bolt|48/100
|move|p1a: FierBird|Roost|p1a: FierBird
|-heal|p1a: FierBird|94/100
|-singleturn|p1a: FierBird|move: Roost
|
|upkeep
|turn|27
|
|t:|1757861420
|-terastallize|p1a: FierBird|Fairy
|move|p2a: Raging Bolt|Volt Switch|p1a: FierBird
|-damage|p1a: FierBird|58/100
|
|t:|1757861423
|-end|p2a: Raging Bolt|Protosynthesis|[silent]
|switch|p2a: Lokix|Lokix, F|60/100 brn|[from] Volt Switch
|-damage|p2a: Lokix|35/100 brn|[from] Stealth Rock
|move|p1a: FierBird|Scorching Sands|p2a: Lokix
|-resisted|p2a: Lokix
|-damage|p2a: Lokix|16/100 brn
|
|-damage|p2a: Lokix|10/100 brn|[from] brn
|upkeep
|turn|28
|
|t:|1757861428
|move|p2a: Lokix|Knock Off|p1a: FierBird
|-resisted|p1a: FierBird
|-crit|p1a: FierBird
|-damage|p1a: FierBird|14/100
|-enditem|p1a: FierBird|Heavy-Duty Boots|[from] move: Knock Off|[of] p2a: Lokix
|move|p1a: FierBird|Roost|p1a: FierBird
|-heal|p1a: FierBird|64/100
|
|-damage|p2a: Lokix|4/100 brn|[from] brn
|upkeep
|turn|29
|
|t:|1757861432
|move|p2a: Lokix|Knock Off|p1a: FierBird
|-resisted|p1a: FierBird
|-damage|p1a: FierBird|44/100
|move|p1a: FierBird|Roost|p1a: FierBird
|-heal|p1a: FierBird|94/100
|
|-damage|p2a: Lokix|0 fnt|[from] brn
|faint|p2a: Lokix
|upkeep
|
|t:|1757861436
|switch|p2a: Gholdengo|Gholdengo|100/100
|-damage|p2a: Gholdengo|94/100|[from] Stealth Rock
|-item|p2a: Gholdengo|Air Balloon
|turn|30
|
|t:|1757861440
|move|p1a: FierBird|Flamethrower|p2a: Gholdengo
|-supereffective|p2a: Gholdengo
|-damage|p2a: Gholdengo|23/100
|-status|p2a: Gholdengo|brn
|-enditem|p2a: Gholdengo|Air Balloon
|move|p2a: Gholdengo|Thunder Wave|p1a: FierBird
|-status|p1a: FierBird|par
|
|-damage|p2a: Gholdengo|17/100 brn|[from] brn
|upkeep
|turn|31
|
|t:|1757861449
|-terastallize|p2a: Gholdengo|Fairy
|move|p2a: Gholdengo|Recover|p2a: Gholdengo
|-heal|p2a: Gholdengo|67/100 brn
|move|p1a: FierBird|Flamethrower|p2a: Gholdengo
|-damage|p2a: Gholdengo|28/100 brn
|
|-damage|p2a: Gholdengo|22/100 brn|[from] brn
|upkeep
|turn|32
|
|t:|1757861453
|move|p2a: Gholdengo|Recover|p2a: Gholdengo
|-heal|p2a: Gholdengo|72/100 brn
|move|p1a: FierBird|Flamethrower|p2a: Gholdengo
|-damage|p2a: Gholdengo|34/100 brn
|
|-damage|p2a: Gholdengo|28/100 brn|[from] brn
|upkeep
|turn|33
|
|t:|1757861458
|switch|p1a: Supra|Slowking-Galar, M|35/100
|-damage|p1a: Supra|23/100|[from] Stealth Rock
|-damage|p1a: Supra|10/100|[from] Spikes
|move|p2a: Gholdengo|Recover|p2a: Gholdengo
|-heal|p2a: Gholdengo|78/100 brn
|
|-damage|p2a: Gholdengo|72/100 brn|[from] brn
|upkeep
|turn|34
|
|t:|1757861461
|switch|p1a: Mustang|Ogerpon-Wellspring, F|5/100
|-damage|p1a: Mustang|0 fnt|[from] Stealth Rock
|faint|p1a: Mustang
|move|p2a: Gholdengo|Hex|p1: Mustang|[notarget]
|-fail|p2a: Gholdengo
|
|-damage|p2a: Gholdengo|66/100 brn|[from] brn
|upkeep
|
|t:|1757861472
|switch|p1a: Viper|Kingambit, F|74/100
|-damage|p1a: Viper|68/100|[from] Stealth Rock
|-damage|p1a: Viper|56/100|[from] Spikes
|-activate|p1a: Viper|ability: Supreme Overlord
|-start|p1a: Viper|fallen3|[silent]
|turn|35
|
|t:|1757861476
|switch|p2a: Raging Bolt|Raging Bolt|48/100
|move|p1a: Viper|Iron Head|p2a: Raging Bolt
|-resisted|p2a: Raging Bolt
|-crit|p2a: Raging Bolt
|-damage|p2a: Raging Bolt|7/100
|
|-heal|p1a: Viper|62/100|[from] item: Leftovers
|upkeep
|turn|36
|
|t:|1757861479
|move|p2a: Raging Bolt|Thunderclap|p1a: Viper
|-damage|p1a: Viper|14/100
|move|p1a: Viper|Kowtow Cleave|p2a: Raging Bolt
|-crit|p2a: Raging Bolt
|-damage|p2a: Raging Bolt|0 fnt
|faint|p2a: Raging Bolt
|-end|p2a: Raging Bolt|Protosynthesis|[silent]
|
|-heal|p1a: Viper|20/100|[from] item: Leftovers
|upkeep
|
|t:|1757861482
|switch|p2a: Gholdengo|Gholdengo, tera:Fairy|66/100 brn
|-damage|p2a: Gholdengo|53/100 brn|[from] Stealth Rock
|turn|37
|
|t:|1757861486
|move|p2a: Gholdengo|Dazzling Gleam|p1a: Viper
|-damage|p1a: Viper|0 fnt
|faint|p1a: Viper
|-end|p1a: Viper|fallen3|[silent]
|
|-damage|p2a: Gholdengo|47/100 brn|[from] brn
|upkeep
|
|t:|1757861493
|switch|p1a: Supra|Slowking-Galar, M|43/100
|-damage|p1a: Supra|31/100|[from] Stealth Rock
|-damage|p1a: Supra|19/100|[from] Spikes
|turn|38
|
|t:|1757861497
|switch|p1a: FierBird|Moltres, tera:Fairy|94/100 par
|-damage|p1a: FierBird|82/100 par|[from] Stealth Rock
|-damage|p1a: FierBird|69/100 par|[from] Spikes
|move|p2a: Gholdengo|Hex|p1a: FierBird
|-damage|p1a: FierBird|20/100 par
|
|-damage|p2a: Gholdengo|41/100 brn|[from] brn
|upkeep
|turn|39
|
|t:|1757861501
|move|p2a: Gholdengo|Recover|p2a: Gholdengo
|-heal|p2a: Gholdengo|91/100 brn
|move|p1a: FierBird|Flamethrower|p2a: Gholdengo
|-damage|p2a: Gholdengo|52/100 brn
|
|-damage|p2a: Gholdengo|46/100 brn|[from] brn
|upkeep
|turn|40
|
|t:|1757861505
|move|p2a: Gholdengo|Recover|p2a: Gholdengo
|-heal|p2a: Gholdengo|96/100 brn
|cant|p1a: FierBird|par
|
|-damage|p2a: Gholdengo|90/100 brn|[from] brn
|upkeep
|turn|41
|
|t:|1757861507
|move|p2a: Gholdengo|Hex|p1a: FierBird
|-damage|p1a: FierBird|0 fnt
|faint|p1a: FierBird
|
|-damage|p2a: Gholdengo|84/100 brn|[from] brn
|upkeep
|
|t:|1757861509
|switch|p1a: Supra|Slowking-Galar, M|52/100
|-damage|p1a: Supra|39/100|[from] Stealth Rock
|-damage|p1a: Supra|27/100|[from] Spikes
|turn|42
|
|t:|1757861512
|move|p2a: Gholdengo|Hex|p1a: Supra
|-supereffective|p1a: Supra
|-damage|p1a: Supra|0 fnt
|faint|p1a: Supra
|
|win|JasmineThia
|raw|Chrille-1's rating: 1472 &rarr; <strong>1455</strong><br />(-17 for losing)
|raw|JasmineThia's rating: 1528 &rarr; <strong>1545</strong><br />(+17 for winning)
|l|☆Chrille-1
|player|p1|
