|j|☆lanarey
|j|☆pastagirl !!
|t:|1757959477
|gametype|singles
|player|p1|lanarey|unknownf|1629
|player|p2|pastagirl !!|elesa|1702
|gen|9
|tier|[Gen 9] OU
|rated|
|rule|HP Percentage Mod: HP is shown in percentages
|rule|Endless Battle Clause: Forcing endless battles is banned
|rule|Species Clause: Limit one of each Pokémon
|rule|OHKO Clause: OHKO moves are banned
|rule|Evasion Items Clause: Evasion items are banned
|rule|Evasion Moves Clause: Evasion moves are banned
|rule|Evasion Abilities Clause: Evasion abilities are banned
|rule|Sleep Moves Clause: Sleep-inducing moves are banned
|clearpoke
|poke|p1|Gholdengo|
|poke|p1|Glimmora, M|
|poke|p1|Hatterene, F|
|poke|p1|Rillaboom, M|
|poke|p1|Ting-Lu|
|poke|p1|Zamazenta-*|
|poke|p2|Cresselia, F|
|poke|p2|Hatterene, F|
|poke|p2|Porygon2|
|poke|p2|Ursaluna, F|
|poke|p2|Iron Hands|
|poke|p2|Enamorus-Therian, F|
|teampreview
|inactive|Battle timer is ON: inactive players will automatically lose when time's up. (requested by lanarey)
|inactive|lanarey has 120 seconds left.
|inactive|pastagirl !! has 120 seconds left.
|
|t:|1757959513
|teamsize|p1|6
|teamsize|p2|6
|start
|switch|p1a: Rillaboom|Rillaboom, M|100/100
|switch|p2a: BLUE VELVET|Hatterene, F|100/100
|-fieldstart|move: Grassy Terrain|[from] ability: Grassy Surge|[of] p1a: Rillaboom
|turn|1
|
|t:|1757959523
|move|p1a: Rillaboom|Wood Hammer|p2a: BLUE VELVET
|-damage|p2a: BLUE VELVET|20/100
|-damage|p1a: Rillaboom|76/100|[from] Recoil
|-damage|p1a: Rillaboom|66/100|[from] item: Life Orb
|move|p2a: BLUE VELVET|Trick Room|p2a: BLUE VELVET
|-fieldstart|move: Trick Room|[of] p2a: BLUE VELVET
|
|-heal|p2a: BLUE VELVET|26/100|[from] Grassy Terrain
|-heal|p1a: Rillaboom|72/100|[from] Grassy Terrain
|upkeep
|turn|2
|
|t:|1757959529
|move|p1a: Rillaboom|Grassy Glide|p2a: BLUE VELVET
|-damage|p2a: BLUE VELVET|0 fnt
|faint|p2a: BLUE VELVET
|-damage|p1a: Rillaboom|62/100|[from] item: Life Orb
|
|-heal|p1a: Rillaboom|68/100|[from] Grassy Terrain
|upkeep
|
|t:|1757959541
|switch|p2a: INLAND EMPIRE|Enamorus-Therian, F|100/100
|turn|3
|j| SUBMACHINEGOTH
|
|t:|1757959553
|switch|p1a: Hatterene|Hatterene, F|100/100
|-enditem|p1a: Hatterene|Grassy Seed
|-boost|p1a: Hatterene|def|1|[from] item: Grassy Seed
|move|p2a: INLAND EMPIRE|Alluring Voice|p1a: Hatterene
|-damage|p1a: Hatterene|31/100
|-start|p1a: Hatterene|confusion
|-damage|p2a: INLAND EMPIRE|91/100|[from] item: Life Orb
|
|-heal|p1a: Hatterene|37/100|[from] Grassy Terrain
|upkeep
|turn|4
|
|t:|1757959567
|move|p2a: INLAND EMPIRE|Earth Power|p1a: Hatterene
|-damage|p1a: Hatterene|0 fnt
|faint|p1a: Hatterene
|-damage|p2a: INLAND EMPIRE|81/100|[from] item: Life Orb
|
|upkeep
|
|t:|1757959585
|switch|p1a: Glimmora|Glimmora, M|100/100
|turn|5
|inactive|pastagirl !! has 120 seconds left.
|
|t:|1757959629
|switch|p2a: ERASERHEAD|Porygon2|100/100
|-ability|p2a: ERASERHEAD|Download|boost
|-boost|p2a: ERASERHEAD|spa|1
|move|p1a: Glimmora|Power Gem|p2a: ERASERHEAD
|-damage|p2a: ERASERHEAD|74/100
|
|-heal|p2a: ERASERHEAD|80/100|[from] Grassy Terrain
|-fieldend|move: Trick Room
|-fieldend|move: Grassy Terrain
|upkeep
|turn|6
|
|t:|1757959640
|switch|p1a: Ting-Lu|Ting-Lu|100/100
|-ability|p1a: Ting-Lu|Vessel of Ruin
|move|p2a: ERASERHEAD|Trick Room|p2a: ERASERHEAD
|-fieldstart|move: Trick Room|[of] p2a: ERASERHEAD
|
|upkeep
|turn|7
|
|t:|1757959646
|move|p2a: ERASERHEAD|Ice Beam|p1a: Ting-Lu
|-supereffective|p1a: Ting-Lu
|-damage|p1a: Ting-Lu|44/100
|move|p1a: Ting-Lu|Stealth Rock|p2a: ERASERHEAD
|-sidestart|p2: pastagirl !!|move: Stealth Rock
|
|upkeep
|turn|8
|
|t:|1757959664
|move|p2a: ERASERHEAD|Ice Beam|p1a: Ting-Lu
|-supereffective|p1a: Ting-Lu
|-damage|p1a: Ting-Lu|0 fnt
|faint|p1a: Ting-Lu
|
|upkeep
|j| IWasBornFaat
|
|t:|1757959693
|switch|p1a: Glimmora|Glimmora, M|100/100
|turn|9
|
|t:|1757959701
|-terastallize|p2a: ERASERHEAD|Ground
|move|p2a: ERASERHEAD|Tera Blast|p1a: Glimmora|[anim] Tera Blast Ground
|-supereffective|p1a: Glimmora
|-enditem|p1a: Glimmora|Focus Sash
|-damage|p1a: Glimmora|1/100
|move|p1a: Glimmora|Acid Spray|p2a: ERASERHEAD
|-resisted|p2a: ERASERHEAD
|-damage|p2a: ERASERHEAD|73/100
|-unboost|p2a: ERASERHEAD|spd|2
|
|upkeep
|turn|10
|
|t:|1757959712
|move|p2a: ERASERHEAD|Ice Beam|p1a: Glimmora
|-damage|p1a: Glimmora|0 fnt
|faint|p1a: Glimmora
|
|-fieldend|move: Trick Room
|upkeep
|
|t:|1757959717
|switch|p1a: Rillaboom|Rillaboom, M|68/100
|-fieldstart|move: Grassy Terrain|[from] ability: Grassy Surge|[of] p1a: Rillaboom
|turn|11
|
|t:|1757959727
|switch|p2a: THE ELEPHANT MAN|Iron Hands|100/100
|-damage|p2a: THE ELEPHANT MAN|94/100|[from] Stealth Rock
|move|p1a: Rillaboom|Wood Hammer|p2a: THE ELEPHANT MAN
|-damage|p2a: THE ELEPHANT MAN|25/100
|-damage|p1a: Rillaboom|34/100|[from] Recoil
|-damage|p1a: Rillaboom|24/100|[from] item: Life Orb
|
|-heal|p1a: Rillaboom|30/100|[from] Grassy Terrain
|-heal|p2a: THE ELEPHANT MAN|31/100|[from] Grassy Terrain
|upkeep
|turn|12
|
|t:|1757959735
|move|p1a: Rillaboom|Grassy Glide|p2a: THE ELEPHANT MAN
|-damage|p2a: THE ELEPHANT MAN|0 fnt
|faint|p2a: THE ELEPHANT MAN
|-end|p2a: THE ELEPHANT MAN|Quark Drive|[silent]
|-damage|p1a: Rillaboom|20/100|[from] item: Life Orb
|
|-heal|p1a: Rillaboom|26/100|[from] Grassy Terrain
|upkeep
|
|t:|1757959748
|switch|p2a: WILD AT HEART|Cresselia, F|100/100
|-damage|p2a: WILD AT HEART|88/100|[from] Stealth Rock
|turn|13
|
|t:|1757959757
|move|p1a: Rillaboom|Knock Off|p2a: WILD AT HEART
|-supereffective|p2a: WILD AT HEART
|-damage|p2a: WILD AT HEART|44/100
|-enditem|p2a: WILD AT HEART|Mental Herb|[from] move: Knock Off|[of] p1a: Rillaboom
|-damage|p1a: Rillaboom|16/100|[from] item: Life Orb
|move|p2a: WILD AT HEART|Trick Room|p2a: WILD AT HEART
|-fieldstart|move: Trick Room|[of] p2a: WILD AT HEART
|
|-heal|p1a: Rillaboom|22/100|[from] Grassy Terrain
|upkeep
|turn|14
|inactive|pastagirl !! has 120 seconds left.
|
|t:|1757959793
|move|p2a: WILD AT HEART|Ice Beam|p1a: Rillaboom
|-supereffective|p1a: Rillaboom
|-damage|p1a: Rillaboom|0 fnt
|faint|p1a: Rillaboom
|
|upkeep
|j| Disscratch
|
|t:|1757959806
|switch|p1a: Gholdengo|Gholdengo|100/100
|-enditem|p1a: Gholdengo|Grassy Seed
|-boost|p1a: Gholdengo|def|1|[from] item: Grassy Seed
|turn|15
|inactive|pastagirl !! has 120 seconds left.
|
|t:|1757959823
|switch|p2a: LOST HIGHWAY|Ursaluna, F|100/100
|-damage|p2a: LOST HIGHWAY|94/100|[from] Stealth Rock
|move|p1a: Gholdengo|Nasty Plot|p1a: Gholdengo
|-boost|p1a: Gholdengo|spa|2
|
|-heal|p2a: LOST HIGHWAY|100/100|[from] Grassy Terrain
|-fieldend|move: Grassy Terrain
|-status|p2a: LOST HIGHWAY|brn|[from] item: Flame Orb
|upkeep
|turn|16
|inactive|pastagirl !! has 120 seconds left.
|inactive|lanarey has 120 seconds left.
|
|t:|1757959848
|-terastallize|p1a: Gholdengo|Fighting
|move|p2a: LOST HIGHWAY|Facade|p1a: Gholdengo
|-damage|p1a: Gholdengo|2/100
|move|p1a: Gholdengo|Make It Rain|p2a: LOST HIGHWAY
|-damage|p2a: LOST HIGHWAY|0 fnt
|-unboost|p1a: Gholdengo|spa|1
|faint|p2a: LOST HIGHWAY
|
|upkeep
|
|t:|1757959862
|switch|p2a: ERASERHEAD|Porygon2, tera:Ground|73/100
|-damage|p2a: ERASERHEAD|67/100|[from] Stealth Rock
|-ability|p2a: ERASERHEAD|Download|boost
|-boost|p2a: ERASERHEAD|spa|1
|turn|17
|
|t:|1757959875
|switch|p1a: Zamazenta|Zamazenta|100/100
|-ability|p1a: Zamazenta|Dauntless Shield|boost
|-boost|p1a: Zamazenta|def|1
|move|p2a: ERASERHEAD|Tera Blast|p1a: Zamazenta|[anim] Tera Blast Ground
|-damage|p1a: Zamazenta|46/100
|
|-fieldend|move: Trick Room
|upkeep
|turn|18
|
|t:|1757959886
|move|p1a: Zamazenta|Close Combat|p2a: ERASERHEAD
|-damage|p2a: ERASERHEAD|17/100
|-unboost|p1a: Zamazenta|def|1
|-unboost|p1a: Zamazenta|spd|1
|-damage|p1a: Zamazenta|36/100|[from] item: Life Orb
|move|p2a: ERASERHEAD|Trick Room|p2a: ERASERHEAD
|-fieldstart|move: Trick Room|[of] p2a: ERASERHEAD
|
|upkeep
|turn|19
|-message|lanarey forfeited.
|
|win|pastagirl !!
|raw|lanarey's rating: 1629 &rarr; <strong>1613</strong><br />(-16 for losing)
|raw|pastagirl !!'s rating: 1702 &rarr; <strong>1718</strong><br />(+16 for winning)
|l|☆lanarey
|player|p1|
