|badge|p1|silver|gen9ou|30-6
|uhtml|medal-msg|<div class="broadcast-blue">Curious what those medals under the avatar are? PS now has Ladder Seasons! For more information, check out the <a href="https://www.smogon.com/forums/threads/3740067/">thread on Smogon.</a></div>
|badge|p2|bronze|gen9ou|100-6
|uhtml|medal-msg|<div class="broadcast-blue">Curious what those medals under the avatar are? PS now has Ladder Seasons! For more information, check out the <a href="https://www.smogon.com/forums/threads/3740067/">thread on Smogon.</a></div>
|j|☆Auburn Hills
|j|☆Johnny tots
|t:|1757860965
|gametype|singles
|player|p1|Auburn Hills|alder|1848
|player|p2|Johnny tots|2|1834
|gen|9
|tier|[Gen 9] OU
|rated|
|rule|HP Percentage Mod: HP is shown in percentages
|rule|Endless Battle Clause: Forcing endless battles is banned
|rule|Species Clause: Limit one of each Pokémon
|rule|OHKO Clause: OHKO moves are banned
|rule|Evasion Items Clause: Evasion items are banned
|rule|Evasion Moves Clause: Evasion moves are banned
|rule|Evasion Abilities Clause: Evasion abilities are banned
|rule|Sleep Moves Clause: Sleep-inducing moves are banned
|clearpoke
|poke|p1|Iron Moth|
|poke|p1|Umbreon, F|
|poke|p1|Garchomp, M|
|poke|p1|Glimmora, M|
|poke|p1|Gholdengo|
|poke|p1|Dragonite, M|
|poke|p2|Klefki, M|
|poke|p2|Manaphy|
|poke|p2|Kyurem|
|poke|p2|Cinderace, F|
|poke|p2|Iron Valiant|
|poke|p2|Clefable, M|
|teampreview
|c|☆Johnny tots|Gl
|inactive|Battle timer is ON: inactive players will automatically lose when time's up. (requested by Johnny tots)
|
|t:|1757860991
|teamsize|p1|6
|teamsize|p2|6
|start
|switch|p1a: Julia Jacklin|Glimmora, M|100/100
|switch|p2a: Iron Valiant|Iron Valiant|100/100
|-enditem|p2a: Iron Valiant|Booster Energy
|-activate|p2a: Iron Valiant|ability: Quark Drive|[fromitem]
|-start|p2a: Iron Valiant|quarkdrivespe
|turn|1
|j| lzc123456
|
|t:|1757860996
|move|p2a: Iron Valiant|Calm Mind|p2a: Iron Valiant
|-boost|p2a: Iron Valiant|spa|1
|-boost|p2a: Iron Valiant|spd|1
|move|p1a: Julia Jacklin|Sludge Wave|p2a: Iron Valiant
|-supereffective|p2a: Iron Valiant
|-damage|p2a: Iron Valiant|0 fnt
|faint|p2a: Iron Valiant
|-end|p2a: Iron Valiant|Quark Drive|[silent]
|
|upkeep
|j| poawh
|
|t:|1757860998
|switch|p2a: Klefki|Klefki, M|100/100
|turn|2
|
|t:|1757861003
|move|p2a: Klefki|Light Screen|p2a: Klefki
|-sidestart|p2: Johnny tots|move: Light Screen
|move|p1a: Julia Jacklin|Earth Power|p2a: Klefki
|-supereffective|p2a: Klefki
|-damage|p2a: Klefki|66/100
|
|upkeep
|turn|3
|
|t:|1757861007
|move|p2a: Klefki|Reflect|p2a: Klefki
|-sidestart|p2: Johnny tots|Reflect
|move|p1a: Julia Jacklin|Earth Power|p2a: Klefki
|-supereffective|p2a: Klefki
|-damage|p2a: Klefki|27/100
|
|upkeep
|turn|4
|
|t:|1757861012
|move|p2a: Klefki|Thunder Wave|p1a: Julia Jacklin
|-status|p1a: Julia Jacklin|par
|move|p1a: Julia Jacklin|Stealth Rock|p2a: Klefki
|-sidestart|p2: Johnny tots|move: Stealth Rock
|
|upkeep
|turn|5
|j| huejack
|
|t:|1757861014
|switch|p2a: Manaphy|Manaphy|100/100
|-damage|p2a: Manaphy|88/100|[from] Stealth Rock
|move|p1a: Julia Jacklin|Earth Power|p2a: Manaphy
|-damage|p2a: Manaphy|74/100
|
|-heal|p2a: Manaphy|81/100|[from] item: Leftovers
|upkeep
|turn|6
|j| Jey2
|
|t:|1757861018
|switch|p1a: Smino|Gholdengo|100/100
|move|p2a: Manaphy|Take Heart|p2a: Manaphy
|-boost|p2a: Manaphy|spa|1
|-boost|p2a: Manaphy|spd|1
|
|-heal|p2a: Manaphy|87/100|[from] item: Leftovers
|upkeep
|turn|7
|
|t:|1757861025
|switch|p2a: Cinderace|Cinderace, F|100/100
|move|p1a: Smino|Trick|p2a: Cinderace
|-activate|p1a: Smino|move: Trick|[of] p2a: Cinderace
|-item|p2a: Cinderace|Choice Scarf|[from] move: Trick
|-item|p1a: Smino|Heavy-Duty Boots|[from] move: Trick
|
|upkeep
|turn|8
|
|t:|1757861030
|switch|p2a: Manaphy|Manaphy|87/100
|-damage|p2a: Manaphy|74/100|[from] Stealth Rock
|switch|p1a: Julia Jacklin|Glimmora, M|100/100 par
|
|-heal|p2a: Manaphy|81/100|[from] item: Leftovers
|upkeep
|turn|9
|
|t:|1757861033
|move|p2a: Manaphy|Take Heart|p2a: Manaphy
|-boost|p2a: Manaphy|spa|1
|-boost|p2a: Manaphy|spd|1
|move|p1a: Julia Jacklin|Mortal Spin|p2a: Manaphy
|-damage|p2a: Manaphy|78/100
|-status|p2a: Manaphy|psn
|
|-heal|p2a: Manaphy|85/100 psn|[from] item: Leftovers
|-damage|p2a: Manaphy|72/100 psn|[from] psn
|-sideend|p2: Johnny tots|move: Light Screen
|upkeep
|turn|10
|
|t:|1757861036
|switch|p1a: Rat Tally|Garchomp, M|100/100
|move|p2a: Manaphy|Take Heart|p2a: Manaphy
|-boost|p2a: Manaphy|spa|1
|-boost|p2a: Manaphy|spd|1
|-curestatus|p2a: Manaphy|psn|[msg]
|
|-heal|p2a: Manaphy|78/100|[from] item: Leftovers
|-sideend|p2: Johnny tots|Reflect
|upkeep
|turn|11
|
|t:|1757861039
|-terastallize|p1a: Rat Tally|Electric
|-terastallize|p2a: Manaphy|Grass
|move|p1a: Rat Tally|Tera Blast|p2a: Manaphy|[anim] Tera Blast Electric
|-resisted|p2a: Manaphy
|-damage|p2a: Manaphy|59/100
|move|p2a: Manaphy|Acid Armor|p2a: Manaphy
|-boost|p2a: Manaphy|def|2
|
|-heal|p2a: Manaphy|65/100|[from] item: Leftovers
|upkeep
|turn|12
|j| Gozaku
|
|t:|1757861049
|move|p1a: Rat Tally|Scale Shot|p2a: Manaphy
|-crit|p2a: Manaphy
|-damage|p2a: Manaphy|48/100
|-damage|p2a: Manaphy|42/100
|-damage|p2a: Manaphy|35/100
|-damage|p2a: Manaphy|29/100
|-hitcount|p2a: Manaphy|4
|-unboost|p1a: Rat Tally|def|1
|-boost|p1a: Rat Tally|spe|1
|move|p2a: Manaphy|Acid Armor|p2a: Manaphy
|-boost|p2a: Manaphy|def|2
|
|-heal|p2a: Manaphy|35/100|[from] item: Leftovers
|upkeep
|turn|13
|
|t:|1757861059
|move|p1a: Rat Tally|Swords Dance|p1a: Rat Tally
|-boost|p1a: Rat Tally|atk|2
|move|p2a: Manaphy|Stored Power|p1a: Rat Tally
|-damage|p1a: Rat Tally|0 fnt
|faint|p1a: Rat Tally
|
|-heal|p2a: Manaphy|41/100|[from] item: Leftovers
|upkeep
|
|t:|1757861068
|switch|p1a: Carly Rae|Iron Moth|100/100
|-enditem|p1a: Carly Rae|Booster Energy
|-activate|p1a: Carly Rae|ability: Quark Drive|[fromitem]
|-start|p1a: Carly Rae|quarkdrivespe
|turn|14
|
|t:|1757861080
|switch|p2a: Cinderace|Cinderace, F|100/100
|-damage|p2a: Cinderace|76/100|[from] Stealth Rock
|move|p1a: Carly Rae|Fiery Dance|p2a: Cinderace
|-resisted|p2a: Cinderace
|-damage|p2a: Cinderace|45/100
|
|upkeep
|turn|15
|
|t:|1757861085
|move|p2a: Cinderace|Court Change|p2a: Cinderace
|-swapsideconditions
|-activate|p2a: Cinderace|move: Court Change
|move|p1a: Carly Rae|Fiery Dance|p2a: Cinderace
|-resisted|p2a: Cinderace
|-crit|p2a: Cinderace
|-damage|p2a: Cinderace|0 fnt
|-boost|p1a: Carly Rae|spa|1
|faint|p2a: Cinderace
|
|upkeep
|
|t:|1757861086
|switch|p2a: Klefki|Klefki, M|27/100
|turn|16
|
|t:|1757861088
|move|p2a: Klefki|Thunder Wave|p1a: Carly Rae
|-status|p1a: Carly Rae|par
|move|p1a: Carly Rae|Fiery Dance|p2a: Klefki
|-supereffective|p2a: Klefki
|-damage|p2a: Klefki|0 fnt
|faint|p2a: Klefki
|
|upkeep
|
|t:|1757861091
|switch|p2a: Kyurem|Kyurem|100/100
|-ability|p2a: Kyurem|Pressure
|turn|17
|
|t:|1757861095
|-end|p1a: Carly Rae|Quark Drive|[silent]
|switch|p1a: Alvvays|Umbreon, F|100/100
|-damage|p1a: Alvvays|88/100|[from] Stealth Rock
|move|p2a: Kyurem|Scale Shot|p1a: Alvvays|[miss]
|-miss|p2a: Kyurem|p1a: Alvvays
|
|-heal|p1a: Alvvays|94/100|[from] item: Leftovers
|upkeep
|turn|18
|
|t:|1757861100
|switch|p2a: Clefable|Clefable, M|100/100
|move|p1a: Alvvays|Thunder Wave|p2a: Clefable
|-status|p2a: Clefable|par
|
|-heal|p1a: Alvvays|99/100|[from] item: Leftovers
|upkeep
|turn|19
|
|t:|1757861104
|move|p1a: Alvvays|Wish|p1a: Alvvays
|move|p2a: Clefable|Calm Mind|p2a: Clefable
|-boost|p2a: Clefable|spa|1
|-boost|p2a: Clefable|spd|1
|
|-heal|p1a: Alvvays|100/100|[from] item: Leftovers
|upkeep
|turn|20
|
|t:|1757861107
|switch|p1a: Julia Jacklin|Glimmora, M|100/100 par
|-damage|p1a: Julia Jacklin|88/100 par|[from] Stealth Rock
|move|p2a: Clefable|Calm Mind|p2a: Clefable
|-boost|p2a: Clefable|spa|1
|-boost|p2a: Clefable|spd|1
|
|-heal|p1a: Julia Jacklin|100/100 par|[from] move: Wish|[wisher] Alvvays
|upkeep
|turn|21
|
|t:|1757861113
|move|p1a: Julia Jacklin|Sludge Wave|p2a: Clefable
|-supereffective|p2a: Clefable
|-damage|p2a: Clefable|49/100 par
|move|p2a: Clefable|Calm Mind|p2a: Clefable
|-boost|p2a: Clefable|spa|1
|-boost|p2a: Clefable|spd|1
|
|-heal|p2a: Clefable|55/100 par|[from] item: Leftovers
|upkeep
|turn|22
|
|t:|1757861117
|move|p1a: Julia Jacklin|Sludge Wave|p2a: Clefable
|-supereffective|p2a: Clefable
|-damage|p2a: Clefable|20/100 par
|move|p2a: Clefable|Psyshock|p1a: Julia Jacklin
|-supereffective|p1a: Julia Jacklin
|-enditem|p1a: Julia Jacklin|Focus Sash
|-damage|p1a: Julia Jacklin|1/100 par
|
|-heal|p2a: Clefable|26/100 par|[from] item: Leftovers
|upkeep
|turn|23
|l| Gozaku
|
|t:|1757861131
|move|p1a: Julia Jacklin|Sludge Wave|p2a: Clefable
|-supereffective|p2a: Clefable
|-damage|p2a: Clefable|0 fnt
|faint|p2a: Clefable
|
|upkeep
|
|t:|1757861135
|switch|p2a: Manaphy|Manaphy, tera:Grass|41/100
|turn|24
|
|t:|1757861138
|move|p2a: Manaphy|Take Heart|p2a: Manaphy
|-boost|p2a: Manaphy|spa|1
|-boost|p2a: Manaphy|spd|1
|move|p1a: Julia Jacklin|Mortal Spin|p2a: Manaphy
|-supereffective|p2a: Manaphy
|-damage|p2a: Manaphy|32/100
|-status|p2a: Manaphy|psn
|-sideend|p1: Auburn Hills|Stealth Rock|[from] move: Mortal Spin|[of] p1a: Julia Jacklin
|
|-heal|p2a: Manaphy|38/100 psn|[from] item: Leftovers
|-damage|p2a: Manaphy|25/100 psn|[from] psn
|upkeep
|turn|25
|
|t:|1757861141
|move|p2a: Manaphy|Take Heart|p2a: Manaphy
|-boost|p2a: Manaphy|spa|1
|-boost|p2a: Manaphy|spd|1
|-curestatus|p2a: Manaphy|psn|[msg]
|cant|p1a: Julia Jacklin|par
|
|-heal|p2a: Manaphy|32/100|[from] item: Leftovers
|upkeep
|turn|26
|
|t:|1757861145
|move|p2a: Manaphy|Scald|p1a: Julia Jacklin
|-supereffective|p1a: Julia Jacklin
|-damage|p1a: Julia Jacklin|0 fnt
|faint|p1a: Julia Jacklin
|
|-heal|p2a: Manaphy|38/100|[from] item: Leftovers
|upkeep
|
|t:|1757861148
|switch|p1a: Elucid|Dragonite, M|100/100
|turn|27
|
|t:|1757861150
|move|p2a: Manaphy|Acid Armor|p2a: Manaphy
|-boost|p2a: Manaphy|def|2
|move|p1a: Elucid|Ice Spinner|p2a: Manaphy
|-supereffective|p2a: Manaphy
|-crit|p2a: Manaphy
|-damage|p2a: Manaphy|0 fnt
|faint|p2a: Manaphy
|
|upkeep
|
|t:|1757861152
|switch|p2a: Kyurem|Kyurem|100/100
|-ability|p2a: Kyurem|Pressure
|turn|28
|
|t:|1757861155
|move|p2a: Kyurem|Dragon Dance|p2a: Kyurem
|-boost|p2a: Kyurem|atk|1
|-boost|p2a: Kyurem|spe|1
|move|p1a: Elucid|Earthquake|p2a: Kyurem
|-damage|p2a: Kyurem|65/100
|
|upkeep
|turn|29
|
|t:|1757861159
|move|p1a: Elucid|Extreme Speed|p2a: Kyurem
|-damage|p2a: Kyurem|36/100
|move|p2a: Kyurem|Dragon Dance|p2a: Kyurem
|-boost|p2a: Kyurem|atk|1
|-boost|p2a: Kyurem|spe|1
|
|upkeep
|turn|30
|j| powerpuff moves
|
|t:|1757861165
|switch|p1a: Carly Rae|Iron Moth|100/100 par
|move|p2a: Kyurem|Icicle Spear|p1a: Carly Rae
|-resisted|p1a: Carly Rae
|-damage|p1a: Carly Rae|80/100 par
|-resisted|p1a: Carly Rae
|-damage|p1a: Carly Rae|60/100 par
|-resisted|p1a: Carly Rae
|-damage|p1a: Carly Rae|40/100 par
|-resisted|p1a: Carly Rae
|-damage|p1a: Carly Rae|20/100 par
|-hitcount|p1a: Carly Rae|4
|
|upkeep
|turn|31
|l| Jey2
|
|t:|1757861167
|move|p2a: Kyurem|Icicle Spear|p1a: Carly Rae
|-resisted|p1a: Carly Rae
|-damage|p1a: Carly Rae|1/100 par
|-resisted|p1a: Carly Rae
|-damage|p1a: Carly Rae|0 fnt
|faint|p1a: Carly Rae
|-end|p1a: Carly Rae|Quark Drive|[silent]
|-hitcount|p1: Carly Rae|2
|
|upkeep
|
|t:|1757861170
|switch|p1a: Alvvays|Umbreon, F|100/100
|turn|32
|c|☆Johnny tots|Gg
|l| huejack
|
|t:|1757861177
|move|p2a: Kyurem|Icicle Spear|p1a: Alvvays
|-damage|p1a: Alvvays|78/100
|-damage|p1a: Alvvays|57/100
|-damage|p1a: Alvvays|32/100
|-damage|p1a: Alvvays|9/100
|-damage|p1a: Alvvays|0 fnt
|faint|p1a: Alvvays
|-hitcount|p1: Alvvays|5
|
|upkeep
|j| Disscratch
|
|t:|1757861181
|switch|p1a: Smino|Gholdengo|100/100
|turn|33
|
|t:|1757861183
|move|p2a: Kyurem|Icicle Spear|p1a: Smino
|-resisted|p1a: Smino
|-damage|p1a: Smino|85/100
|-resisted|p1a: Smino
|-damage|p1a: Smino|71/100
|-resisted|p1a: Smino
|-damage|p1a: Smino|55/100
|-resisted|p1a: Smino
|-damage|p1a: Smino|40/100
|-resisted|p1a: Smino
|-damage|p1a: Smino|24/100
|-hitcount|p1a: Smino|5
|move|p1a: Smino|Make It Rain|p2a: Kyurem
|-supereffective|p2a: Kyurem
|-damage|p2a: Kyurem|0 fnt
|-unboost|p1a: Smino|spa|1
|faint|p2a: Kyurem
|
|win|Auburn Hills
|raw|Auburn Hills's rating: 1848 &rarr; <strong>1867</strong><br />(+19 for winning)
|raw|Johnny tots's rating: 1834 &rarr; <strong>1815</strong><br />(-19 for losing)
|l|☆Johnny tots
|player|p2|
|j| Jey2
|l| Jey2
|l|☆Auburn Hills
|player|p1|
|l| poawh
|l| Disscratch
