|j|☆SimonStork
|j|☆dinosfrog
|t:|1757947900
|gametype|singles
|player|p1|SimonStork|169|1402
|player|p2|dinosfrog|ethan|1367
|gen|9
|tier|[Gen 9] OU
|rated|
|rule|HP Percentage Mod: HP is shown in percentages
|rule|Endless Battle Clause: Forcing endless battles is banned
|rule|Species Clause: Limit one of each Pokémon
|rule|OHKO Clause: OHKO moves are banned
|rule|Evasion Items Clause: Evasion items are banned
|rule|Evasion Moves Clause: Evasion moves are banned
|rule|Evasion Abilities Clause: Evasion abilities are banned
|rule|Sleep Moves Clause: Sleep-inducing moves are banned
|clearpoke
|poke|p1|Torkoal, M|
|poke|p1|Walking Wake|
|poke|p1|Zamazenta-*|
|poke|p1|Glimmora, M|
|poke|p1|Scizor, F|
|poke|p1|Darkrai|
|poke|p2|Mimikyu, M|
|poke|p2|Dragonite, F|
|poke|p2|Great Tusk|
|poke|p2|Serperior, M|
|poke|p2|Primarina, M|
|poke|p2|Cinderace, F|
|teampreview
|inactive|Battle timer is ON: inactive players will automatically lose when time's up. (requested by SimonStork)
|
|t:|1757947930
|teamsize|p1|6
|teamsize|p2|6
|start
|switch|p1a: Darkrai|Darkrai|100/100
|switch|p2a: Great Tusk|Great Tusk|100/100
|turn|1
|
|t:|1757947938
|-end|p2a: Great Tusk|Protosynthesis|[silent]
|switch|p2a: Cinderace|Cinderace, F|100/100
|move|p1a: Darkrai|Dark Pulse|p2a: Cinderace
|-damage|p2a: Cinderace|38/100
|
|upkeep
|turn|2
|
|t:|1757947944
|move|p1a: Darkrai|Dark Pulse|p2a: Cinderace
|-damage|p2a: Cinderace|0 fnt
|faint|p2a: Cinderace
|
|upkeep
|
|t:|1757947945
|switch|p2a: Primarina|Primarina, M|100/100
|turn|3
|
|t:|1757947952
|switch|p1a: Scizor|Scizor, F|100/100
|move|p2a: Primarina|Alluring Voice|p1a: Scizor
|-resisted|p1a: Scizor
|-damage|p1a: Scizor|72/100
|-enditem|p2a: Primarina|Throat Spray
|-boost|p2a: Primarina|spa|1|[from] item: Throat Spray
|
|upkeep
|turn|4
|
|t:|1757947960
|move|p1a: Scizor|Bullet Punch|p2a: Primarina
|-damage|p2a: Primarina|43/100
|move|p2a: Primarina|Surf|p1a: Scizor
|-damage|p1a: Scizor|0 fnt
|faint|p1a: Scizor
|
|upkeep
|
|t:|1757947966
|switch|p1a: Darkrai|Darkrai|100/100
|turn|5
|
|t:|1757947970
|-terastallize|p2a: Primarina|Ghost
|move|p1a: Darkrai|Sludge Bomb|p2a: Primarina
|-resisted|p2a: Primarina
|-damage|p2a: Primarina|29/100
|move|p2a: Primarina|Alluring Voice|p1a: Darkrai
|-supereffective|p1a: Darkrai
|-damage|p1a: Darkrai|0 fnt
|faint|p1a: Darkrai
|
|upkeep
|
|t:|1757947985
|switch|p1a: Walking Wake|Walking Wake|100/100
|turn|6
|
|t:|1757947988
|move|p1a: Walking Wake|Hydro Steam|p2a: Primarina
|-damage|p2a: Primarina|0 fnt
|faint|p2a: Primarina
|
|upkeep
|
|t:|1757947989
|switch|p2a: Dragonite|Dragonite, F|100/100
|turn|7
|
|t:|1757947997
|-end|p1a: Walking Wake|Protosynthesis|[silent]
|switch|p1a: Glimmora|Glimmora, M|100/100
|move|p2a: Dragonite|Scale Shot|p1a: Glimmora
|-damage|p1a: Glimmora|85/100
|-activate|p1a: Glimmora|ability: Toxic Debris
|-sidestart|p2: dinosfrog|move: Toxic Spikes
|-damage|p1a: Glimmora|69/100
|-activate|p1a: Glimmora|ability: Toxic Debris
|-sidestart|p2: dinosfrog|move: Toxic Spikes
|-damage|p1a: Glimmora|54/100
|-hitcount|p1a: Glimmora|3
|-unboost|p2a: Dragonite|def|1
|-boost|p2a: Dragonite|spe|1
|
|upkeep
|turn|8
|
|t:|1757948011
|move|p2a: Dragonite|Scale Shot|p1a: Glimmora
|-crit|p1a: Glimmora
|-damage|p1a: Glimmora|30/100
|-damage|p1a: Glimmora|14/100
|-damage|p1a: Glimmora|0 fnt
|faint|p1a: Glimmora
|-hitcount|p1: Glimmora|3
|-unboost|p2a: Dragonite|def|1
|-boost|p2a: Dragonite|spe|1
|
|upkeep
|
|t:|1757948024
|switch|p1a: Torkoal|Torkoal, M|100/100
|-weather|SunnyDay|[from] ability: Drought|[of] p1a: Torkoal
|turn|9
|
|t:|1757948029
|switch|p2a: Great Tusk|Great Tusk|100/100
|-status|p2a: Great Tusk|tox
|-enditem|p2a: Great Tusk|Lum Berry|[eat]
|-curestatus|p2a: Great Tusk|tox|[msg]
|-activate|p2a: Great Tusk|ability: Protosynthesis
|-start|p2a: Great Tusk|protosynthesisatk
|move|p1a: Torkoal|Lava Plume|p2a: Great Tusk
|-damage|p2a: Great Tusk|43/100
|
|-weather|SunnyDay|[upkeep]
|upkeep
|turn|10
|
|t:|1757948044
|switch|p1a: Walking Wake|Walking Wake|100/100
|-activate|p1a: Walking Wake|ability: Protosynthesis
|-start|p1a: Walking Wake|protosynthesisspe
|move|p2a: Great Tusk|Headlong Rush|p1a: Walking Wake
|-damage|p1a: Walking Wake|7/100
|-unboost|p2a: Great Tusk|def|1
|-unboost|p2a: Great Tusk|spd|1
|
|-weather|SunnyDay|[upkeep]
|upkeep
|turn|11
|
|t:|1757948053
|move|p1a: Walking Wake|Hydro Steam|p2a: Great Tusk
|-supereffective|p2a: Great Tusk
|-damage|p2a: Great Tusk|0 fnt
|faint|p2a: Great Tusk
|-end|p2a: Great Tusk|Protosynthesis|[silent]
|
|-weather|SunnyDay|[upkeep]
|upkeep
|
|t:|1757948055
|switch|p2a: Dragonite|Dragonite, F|100/100
|turn|12
|
|t:|1757948062
|-end|p1a: Walking Wake|Protosynthesis|[silent]
|switch|p1a: Torkoal|Torkoal, M|100/100
|move|p2a: Dragonite|Extreme Speed|p1a: Torkoal
|-damage|p1a: Torkoal|86/100
|
|-weather|SunnyDay|[upkeep]
|upkeep
|turn|13
|
|t:|1757948071
|move|p2a: Dragonite|Air Slash|p1a: Torkoal
|-damage|p1a: Torkoal|51/100
|move|p1a: Torkoal|Lava Plume|p2a: Dragonite
|-resisted|p2a: Dragonite
|-damage|p2a: Dragonite|92/100
|
|-weather|SunnyDay|[upkeep]
|upkeep
|turn|14
|
|t:|1757948078
|move|p2a: Dragonite|Air Slash|p1a: Torkoal
|-damage|p1a: Torkoal|16/100
|move|p1a: Torkoal|Will-O-Wisp|p2a: Dragonite
|-status|p2a: Dragonite|brn
|
|-weather|SunnyDay|[upkeep]
|-damage|p2a: Dragonite|86/100 brn|[from] brn
|upkeep
|turn|15
|
|t:|1757948086
|move|p2a: Dragonite|Air Slash|p1a: Torkoal
|-damage|p1a: Torkoal|0 fnt
|faint|p1a: Torkoal
|
|-weather|SunnyDay|[upkeep]
|-damage|p2a: Dragonite|80/100 brn|[from] brn
|upkeep
|
|t:|1757948092
|switch|p1a: Zamazenta|Zamazenta|100/100
|-ability|p1a: Zamazenta|Dauntless Shield|boost
|-boost|p1a: Zamazenta|def|1
|turn|16
|
|t:|1757948096
|move|p1a: Zamazenta|Substitute|p1a: Zamazenta
|-start|p1a: Zamazenta|Substitute
|-damage|p1a: Zamazenta|75/100
|move|p2a: Dragonite|Air Slash|p1a: Zamazenta
|-supereffective|p1a: Zamazenta
|-end|p1a: Zamazenta|Substitute
|
|-weather|none
|-heal|p1a: Zamazenta|82/100|[from] item: Leftovers
|-damage|p2a: Dragonite|73/100 brn|[from] brn
|upkeep
|turn|17
|
|t:|1757948105
|move|p1a: Zamazenta|Crunch|p2a: Dragonite
|-damage|p2a: Dragonite|55/100 brn
|move|p2a: Dragonite|Air Slash|p1a: Zamazenta
|-supereffective|p1a: Zamazenta
|-damage|p1a: Zamazenta|39/100
|
|-heal|p1a: Zamazenta|46/100|[from] item: Leftovers
|-damage|p2a: Dragonite|48/100 brn|[from] brn
|upkeep
|turn|18
|
|t:|1757948113
|move|p1a: Zamazenta|Body Press|p2a: Dragonite
|-resisted|p2a: Dragonite
|-damage|p2a: Dragonite|24/100 brn
|move|p2a: Dragonite|Air Slash|p1a: Zamazenta
|-supereffective|p1a: Zamazenta
|-damage|p1a: Zamazenta|0 fnt
|faint|p1a: Zamazenta
|
|-damage|p2a: Dragonite|17/100 brn|[from] brn
|upkeep
|c|☆dinosfrog|Gg
|
|t:|1757948121
|switch|p1a: Walking Wake|Walking Wake|7/100
|turn|19
|
|t:|1757948124
|move|p2a: Dragonite|Extreme Speed|p1a: Walking Wake
|-damage|p1a: Walking Wake|0 fnt
|faint|p1a: Walking Wake
|-end|p1a: Walking Wake|Protosynthesis|[silent]
|
|win|dinosfrog
|raw|SimonStork's rating: 1402 &rarr; <strong>1380</strong><br />(-22 for losing)
|raw|dinosfrog's rating: 1367 &rarr; <strong>1389</strong><br />(+22 for winning)
|l|☆SimonStork
|player|p1|
