|j|☆sminey
|j|☆YumeKasumi76
|t:|1757793687
|gametype|singles
|player|p1|sminey|102|1548
|player|p2|YumeKasumi76|265|1576
|gen|9
|tier|[Gen 9] OU
|rated|
|rule|HP Percentage Mod: HP is shown in percentages
|rule|Endless Battle Clause: Forcing endless battles is banned
|rule|Species Clause: Limit one of each Pokémon
|rule|OHKO Clause: OHKO moves are banned
|rule|Evasion Items Clause: Evasion items are banned
|rule|Evasion Moves Clause: Evasion moves are banned
|rule|Evasion Abilities Clause: Evasion abilities are banned
|rule|Sleep Moves Clause: Sleep-inducing moves are banned
|clearpoke
|poke|p1|Latios, M|
|poke|p1|Cinderace, M|
|poke|p1|Weavile, F|
|poke|p1|Zapdos|
|poke|p1|Clefable, M|
|poke|p1|Slowking-Galar, M|
|poke|p2|Cobalion|
|poke|p2|Weezing-Galar, M|
|poke|p2|Lokix, F|
|poke|p2|Arboliva, M|
|poke|p2|Ceruledge, F|
|poke|p2|Latios, M|
|teampreview
|
|t:|1757793692
|teamsize|p1|6
|teamsize|p2|6
|start
|switch|p1a: Cinderace|Cinderace, M|100/100
|switch|p2a: Iverson|Latios, M|100/100
|turn|1
|inactive|Battle timer is ON: inactive players will automatically lose when time's up. (requested by YumeKasumi76)
|
|t:|1757793696
|switch|p1a: Clefable|Clefable, M|100/100
|move|p2a: Iverson|Draco Meteor|p1a: Clefable
|-immune|p1a: Clefable
|
|upkeep
|turn|2
|
|t:|1757793701
|switch|p2a: Jalter|Ceruledge, F|100/100
|move|p1a: Clefable|Knock Off|p2a: Jalter
|-supereffective|p2a: Jalter
|-damage|p2a: Jalter|64/100
|-enditem|p2a: Jalter|Leftovers|[from] move: Knock Off|[of] p1a: Clefable
|
|upkeep
|turn|3
|
|t:|1757793728
|switch|p1a: Zapdos|Zapdos|100/100
|move|p2a: Jalter|Poltergeist|p1a: Zapdos
|-activate|p1a: Zapdos|move: Poltergeist|Heavy-Duty Boots
|-damage|p1a: Zapdos|64/100
|
|upkeep
|turn|4
|
|t:|1757793735
|move|p1a: Zapdos|Volt Switch|p2a: Jalter
|-damage|p2a: Jalter|39/100
|
|t:|1757793749
|switch|p1a: Latios|Latios, M|100/100|[from] Volt Switch
|move|p2a: Jalter|Poltergeist|p1a: Latios
|-activate|p1a: Latios|move: Poltergeist|Choice Scarf
|-supereffective|p1a: Latios
|-damage|p1a: Latios|0 fnt
|faint|p1a: Latios
|
|upkeep
|
|t:|1757793756
|switch|p1a: Weavile|Weavile, F|100/100
|-ability|p1a: Weavile|Pressure
|turn|5
|
|t:|1757793759
|switch|p2a: Ironhyde|Cobalion|100/100
|move|p1a: Weavile|Knock Off|p2a: Ironhyde
|-resisted|p2a: Ironhyde
|-damage|p2a: Ironhyde|83/100
|-damage|p1a: Weavile|84/100|[from] item: Rocky Helmet|[of] p2a: Ironhyde
|-ability|p2a: Ironhyde|Justified|boost
|-boost|p2a: Ironhyde|atk|1
|-enditem|p2a: Ironhyde|Rocky Helmet|[from] move: Knock Off|[of] p1a: Weavile
|
|upkeep
|turn|6
|
|t:|1757793765
|switch|p1a: Slowking|Slowking-Galar, M|100/100
|move|p2a: Ironhyde|Volt Switch|p1a: Slowking
|-damage|p1a: Slowking|94/100
|
|t:|1757793768
|switch|p2a: Satsuki|Lokix, F, shiny|100/100|[from] Volt Switch
|
|upkeep
|turn|7
|
|t:|1757793774
|switch|p1a: Zapdos|Zapdos|64/100
|move|p2a: Satsuki|Knock Off|p1a: Zapdos
|-damage|p1a: Zapdos|10/100
|-status|p2a: Satsuki|par|[from] ability: Static|[of] p1a: Zapdos
|-enditem|p1a: Zapdos|Heavy-Duty Boots|[from] move: Knock Off|[of] p2a: Satsuki
|
|upkeep
|turn|8
|
|t:|1757793777
|switch|p2a: Jalter|Ceruledge, F|39/100
|move|p1a: Zapdos|Roost|p1a: Zapdos
|-heal|p1a: Zapdos|60/100
|-singleturn|p1a: Zapdos|move: Roost
|
|upkeep
|turn|9
|
|t:|1757793780
|move|p1a: Zapdos|Roost|p1a: Zapdos
|-heal|p1a: Zapdos|100/100
|-singleturn|p1a: Zapdos|move: Roost
|move|p2a: Jalter|Poltergeist||[still]
|-fail|p2a: Jalter
|
|upkeep
|turn|10
|
|t:|1757793785
|move|p1a: Zapdos|Hurricane|p2a: Jalter
|-damage|p2a: Jalter|2/100
|move|p2a: Jalter|Bitter Blade|p1a: Zapdos
|-damage|p1a: Zapdos|73/100
|-heal|p2a: Jalter|18/100|[from] drain|[of] p1a: Zapdos
|
|upkeep
|turn|11
|
|t:|1757793790
|move|p2a: Jalter|Shadow Sneak|p1a: Zapdos
|-damage|p1a: Zapdos|60/100
|move|p1a: Zapdos|Volt Switch|p2a: Jalter
|-crit|p2a: Jalter
|-damage|p2a: Jalter|0 fnt
|faint|p2a: Jalter
|
|t:|1757793795
|switch|p1a: Cinderace|Cinderace, M|100/100|[from] Volt Switch
|
|upkeep
|
|t:|1757793800
|switch|p2a: Iverson|Latios, M|100/100
|turn|12
|
|t:|1757793804
|switch|p1a: Slowking|Slowking-Galar, M|100/100
|move|p2a: Iverson|Luster Purge|p1a: Slowking
|-damage|p1a: Slowking|77/100
|
|upkeep
|turn|13
|
|t:|1757793816
|switch|p2a: Satsuki|Lokix, F, shiny|100/100 par
|move|p1a: Slowking|Flamethrower|p2a: Satsuki
|-supereffective|p2a: Satsuki
|-damage|p2a: Satsuki|8/100 par
|
|upkeep
|turn|14
|
|t:|1757793836
|switch|p1a: Zapdos|Zapdos|60/100
|move|p2a: Satsuki|U-turn|p1a: Zapdos
|-resisted|p1a: Zapdos
|-damage|p1a: Zapdos|24/100
|
|t:|1757793842
|switch|p2a: Iverson|Latios, M|100/100|[from] U-turn
|
|upkeep
|turn|15
|
|t:|1757793846
|switch|p1a: Slowking|Slowking-Galar, M|100/100
|move|p2a: Iverson|Draco Meteor|p1a: Slowking
|-damage|p1a: Slowking|70/100
|-unboost|p2a: Iverson|spa|2
|
|upkeep
|turn|16
|
|t:|1757793857
|switch|p2a: M'affald|Weezing-Galar, M|100/100
|-ability|p2a: M'affald|Neutralizing Gas
|move|p1a: Slowking|Sludge Bomb|p2a: M'affald
|-damage|p2a: M'affald|48/100
|
|upkeep
|turn|17
|
|t:|1757793863
|move|p2a: M'affald|Pain Split|p1a: Slowking
|-sethp|p1a: Slowking|55/100|[from] move: Pain Split|[silent]
|-sethp|p2a: M'affald|65/100|[from] move: Pain Split
|move|p1a: Slowking|Sludge Bomb|p2a: M'affald
|-damage|p2a: M'affald|13/100
|
|upkeep
|turn|18
|
|t:|1757793874
|-end|p2a: M'affald|ability: Neutralizing Gas
|switch|p2a: Ironhyde|Cobalion|83/100
|move|p1a: Slowking|Sludge Bomb|p2a: Ironhyde
|-immune|p2a: Ironhyde
|
|upkeep
|turn|19
|
|t:|1757793879
|move|p2a: Ironhyde|Volt Switch|p1a: Slowking
|-damage|p1a: Slowking|49/100
|
|t:|1757793881
|switch|p2a: Iverson|Latios, M|100/100|[from] Volt Switch
|move|p1a: Slowking|Flamethrower|p2a: Iverson
|-resisted|p2a: Iverson
|-damage|p2a: Iverson|89/100
|
|upkeep
|turn|20
|
|t:|1757793886
|switch|p1a: Clefable|Clefable, M|100/100
|move|p2a: Iverson|Trick|p1a: Clefable
|-activate|p2a: Iverson|move: Trick|[of] p1a: Clefable
|-item|p1a: Clefable|Choice Scarf|[from] move: Trick
|-item|p2a: Iverson|Heavy-Duty Boots|[from] move: Trick
|
|upkeep
|turn|21
|
|t:|1757793895
|move|p2a: Iverson|Flip Turn|p1a: Clefable
|-damage|p1a: Clefable|92/100
|
|t:|1757793897
|switch|p2a: Pantheon|Arboliva, M|100/100|[from] Flip Turn
|move|p1a: Clefable|Moonblast|p2a: Pantheon
|-damage|p2a: Pantheon|84/100
|-unboost|p2a: Pantheon|spa|1
|-fieldstart|move: Grassy Terrain|[from] ability: Seed Sower|[of] p2a: Pantheon
|
|-heal|p1a: Clefable|98/100|[from] Grassy Terrain
|-heal|p2a: Pantheon|90/100|[from] Grassy Terrain
|upkeep
|turn|22
|
|t:|1757793905
|switch|p1a: Zapdos|Zapdos|24/100
|move|p2a: Pantheon|Tera Blast|p1a: Zapdos
|-damage|p1a: Zapdos|2/100
|
|-heal|p2a: Pantheon|97/100|[from] Grassy Terrain
|upkeep
|turn|23
|
|t:|1757793908
|move|p1a: Zapdos|Roost|p1a: Zapdos
|-heal|p1a: Zapdos|52/100
|-singleturn|p1a: Zapdos|move: Roost
|move|p2a: Pantheon|Earth Power|p1a: Zapdos
|-supereffective|p1a: Zapdos
|-damage|p1a: Zapdos|12/100
|
|-heal|p1a: Zapdos|19/100|[from] Grassy Terrain
|-heal|p2a: Pantheon|100/100|[from] Grassy Terrain
|upkeep
|turn|24
|
|t:|1757793911
|move|p1a: Zapdos|Roost|p1a: Zapdos
|-heal|p1a: Zapdos|69/100
|-singleturn|p1a: Zapdos|move: Roost
|move|p2a: Pantheon|Tera Blast|p1a: Zapdos
|-damage|p1a: Zapdos|44/100
|
|-heal|p1a: Zapdos|50/100|[from] Grassy Terrain
|upkeep
|turn|25
|
|t:|1757793918
|move|p1a: Zapdos|Roost|p1a: Zapdos
|-heal|p1a: Zapdos|100/100
|-singleturn|p1a: Zapdos|move: Roost
|move|p2a: Pantheon|Mirror Coat||[still]
|-fail|p2a: Pantheon
|
|-fieldend|move: Grassy Terrain
|upkeep
|turn|26
|
|t:|1757793923
|move|p1a: Zapdos|Volt Switch|p2a: Pantheon
|-resisted|p2a: Pantheon
|-damage|p2a: Pantheon|93/100
|-fieldstart|move: Grassy Terrain|[from] ability: Seed Sower|[of] p2a: Pantheon
|
|t:|1757793924
|switch|p1a: Cinderace|Cinderace, M|100/100|[from] Volt Switch
|move|p2a: Pantheon|Mirror Coat|p1a: Cinderace
|-damage|p1a: Cinderace|83/100
|
|-heal|p1a: Cinderace|89/100|[from] Grassy Terrain
|-heal|p2a: Pantheon|99/100|[from] Grassy Terrain
|upkeep
|turn|27
|
|t:|1757793929
|switch|p2a: M'affald|Weezing-Galar, M|13/100
|-ability|p2a: M'affald|Neutralizing Gas
|move|p1a: Cinderace|Pyro Ball|p2a: M'affald
|-damage|p2a: M'affald|0 fnt
|faint|p2a: M'affald
|-end|p2a: M'affald|ability: Neutralizing Gas
|
|-heal|p1a: Cinderace|95/100|[from] Grassy Terrain
|upkeep
|
|t:|1757793938
|switch|p2a: Iverson|Latios, M|89/100
|turn|28
|
|t:|1757793941
|move|p1a: Cinderace|U-turn|p2a: Iverson
|-start|p1a: Cinderace|typechange|Bug|[from] ability: Libero
|-supereffective|p2a: Iverson
|-damage|p2a: Iverson|1/100
|
|t:|1757793948
|switch|p1a: Slowking|Slowking-Galar, M|82/100|[from] U-turn
|move|p2a: Iverson|Flip Turn|p1a: Slowking
|-crit|p1a: Slowking
|-damage|p1a: Slowking|65/100
|
|t:|1757793951
|switch|p2a: Satsuki|Lokix, F, shiny|8/100 par|[from] Flip Turn
|
|-heal|p2a: Satsuki|14/100 par|[from] Grassy Terrain
|-heal|p1a: Slowking|72/100|[from] Grassy Terrain
|upkeep
|turn|29
|
|t:|1757793956
|switch|p1a: Zapdos|Zapdos|100/100
|move|p2a: Satsuki|Knock Off|p1a: Zapdos
|-damage|p1a: Zapdos|63/100
|
|-heal|p2a: Satsuki|20/100 par|[from] Grassy Terrain
|upkeep
|turn|30
|
|t:|1757793960
|switch|p2a: Iverson|Latios, M|1/100
|move|p1a: Zapdos|Volt Switch|p2a: Iverson
|-resisted|p2a: Iverson
|-damage|p2a: Iverson|0 fnt
|faint|p2a: Iverson
|
|t:|1757793966
|switch|p1a: Cinderace|Cinderace, M|95/100|[from] Volt Switch
|
|-heal|p1a: Cinderace|100/100|[from] Grassy Terrain
|-fieldend|move: Grassy Terrain
|upkeep
|-message|YumeKasumi76 forfeited.
|
|win|sminey
|raw|sminey's rating: 1548 &rarr; <strong>1570</strong><br />(+22 for winning)
|raw|YumeKasumi76's rating: 1576 &rarr; <strong>1554</strong><br />(-22 for losing)
|l|☆YumeKasumi76
|player|p2|
|l|☆sminey
|player|p1|
