|j|☆ay cheu
|j|☆Jus4funsies
|t:|1757813403
|gametype|singles
|player|p1|ay cheu|riley|1450
|player|p2|Jus4funsies|teamrocket|1462
|gen|9
|tier|[Gen 9] OU
|rated|
|rule|HP Percentage Mod: HP is shown in percentages
|rule|Endless Battle Clause: Forcing endless battles is banned
|rule|Species Clause: Limit one of each Pokémon
|rule|OHKO Clause: OHKO moves are banned
|rule|Evasion Items Clause: Evasion items are banned
|rule|Evasion Moves Clause: Evasion moves are banned
|rule|Evasion Abilities Clause: Evasion abilities are banned
|rule|Sleep Moves Clause: Sleep-inducing moves are banned
|clearpoke
|poke|p1|Arcanine-Hisui, M|
|poke|p1|Snorlax, M|
|poke|p1|Zoroark, M|
|poke|p1|Gholdengo|
|poke|p1|Great Tusk|
|poke|p1|Walking Wake|
|poke|p2|Samurott-Hisui, F|
|poke|p2|Gholdengo|
|poke|p2|Great Tusk|
|poke|p2|Raging Bolt|
|poke|p2|Dragonite, F|
|poke|p2|Kingambit, M|
|teampreview
|inactive|Battle timer is ON: inactive players will automatically lose when time's up. (requested by ay cheu)
|
|t:|1757813412
|teamsize|p1|6
|teamsize|p2|6
|start
|switch|p1a: 阿黄|Arcanine-Hisui, M|100/100
|switch|p2a: Samurott|Samurott-Hisui, F|100/100
|turn|1
|
|t:|1757813423
|move|p1a: 阿黄|Grass Knot|p2a: Samurott
|-supereffective|p2a: Samurott
|-enditem|p2a: Samurott|Focus Sash
|-damage|p2a: Samurott|1/100
|-damage|p1a: 阿黄|91/100|[from] item: Life Orb
|move|p2a: Samurott|Razor Shell|p1a: 阿黄
|-damage|p1a: 阿黄|0 fnt
|replace|p1a: Zoroark|Zoroark, M
|-end|p1a: Zoroark|Illusion
|faint|p1a: Zoroark
|
|upkeep
|
|t:|1757813434
|switch|p1a: 阿黄|Arcanine-Hisui, M|100/100
|turn|2
|
|t:|1757813464
|move|p2a: Samurott|Sucker Punch|p1a: 阿黄
|-damage|p1a: 阿黄|62/100
|move|p1a: 阿黄|Flare Blitz|p2a: Samurott
|-resisted|p2a: Samurott
|-damage|p2a: Samurott|0 fnt
|faint|p2a: Samurott
|
|upkeep
|inactive|Jus4funsies has 120 seconds left.
|
|t:|1757813478
|switch|p2a: Great Tusk|Great Tusk|100/100
|turn|3
|
|t:|1757813490
|switch|p1a: Gholdengo|Gholdengo|100/100
|-item|p1a: Gholdengo|Air Balloon
|move|p2a: Great Tusk|Knock Off|p1a: Gholdengo
|-supereffective|p1a: Gholdengo
|-damage|p1a: Gholdengo|64/100
|-enditem|p1a: Gholdengo|Air Balloon
|
|upkeep
|turn|4
|
|t:|1757813499
|switch|p1a: Great Tusk|Great Tusk|100/100
|move|p2a: Great Tusk|Headlong Rush|p1a: Great Tusk
|-damage|p1a: Great Tusk|76/100
|-unboost|p2a: Great Tusk|def|1
|-unboost|p2a: Great Tusk|spd|1
|-damage|p2a: Great Tusk|84/100|[from] item: Rocky Helmet|[of] p1a: Great Tusk
|
|upkeep
|turn|5
|inactive|Jus4funsies has 120 seconds left.
|inactive|Jus4funsies has 90 seconds left.
|
|t:|1757813561
|-end|p2a: Great Tusk|Protosynthesis|[silent]
|switch|p2a: Gholdengo|Gholdengo, shiny|100/100
|-item|p2a: Gholdengo|Air Balloon
|move|p1a: Great Tusk|Stealth Rock|p2a: Gholdengo
|-sidestart|p2: Jus4funsies|move: Stealth Rock
|
|upkeep
|turn|6
|
|t:|1757813567
|-end|p1a: Great Tusk|Protosynthesis|[silent]
|switch|p1a: 阿肥|Snorlax, M|100/100
|move|p2a: Gholdengo|Make It Rain|p1a: 阿肥
|-damage|p1a: 阿肥|78/100
|-unboost|p2a: Gholdengo|spa|1
|
|upkeep
|turn|7
|
|t:|1757813577
|switch|p1a: Walking Wake|Walking Wake|100/100
|move|p2a: Gholdengo|Nasty Plot|p2a: Gholdengo
|-boost|p2a: Gholdengo|spa|2
|
|upkeep
|turn|8
|inactive|Jus4funsies has 90 seconds left.
|
|t:|1757813618
|switch|p2a: Raging Bolt|Raging Bolt|100/100
|-damage|p2a: Raging Bolt|88/100|[from] Stealth Rock
|-enditem|p2a: Raging Bolt|Booster Energy
|-activate|p2a: Raging Bolt|ability: Protosynthesis|[fromitem]
|-start|p2a: Raging Bolt|protosynthesisspa
|-terastallize|p1a: Walking Wake|Water
|move|p1a: Walking Wake|Hydro Pump|p2a: Raging Bolt
|-resisted|p2a: Raging Bolt
|-damage|p2a: Raging Bolt|49/100
|
|upkeep
|turn|9
|
|t:|1757813631
|-end|p1a: Walking Wake|Protosynthesis|[silent]
|switch|p1a: 阿肥|Snorlax, M|78/100
|move|p2a: Raging Bolt|Thunderclap||[still]
|-fail|p2a: Raging Bolt
|
|upkeep
|turn|10
|
|t:|1757813639
|-end|p2a: Raging Bolt|Protosynthesis|[silent]
|switch|p2a: Gholdengo|Gholdengo, shiny|100/100
|-damage|p2a: Gholdengo|94/100|[from] Stealth Rock
|-item|p2a: Gholdengo|Air Balloon
|move|p1a: 阿肥|Earthquake|p2a: Gholdengo
|-immune|p2a: Gholdengo
|
|upkeep
|turn|11
|
|t:|1757813645
|move|p2a: Gholdengo|Nasty Plot|p2a: Gholdengo
|-boost|p2a: Gholdengo|spa|2
|move|p1a: 阿肥|Heat Crash|p2a: Gholdengo
|-supereffective|p2a: Gholdengo
|-damage|p2a: Gholdengo|32/100
|-enditem|p2a: Gholdengo|Air Balloon
|
|upkeep
|turn|12
|
|t:|1757813648
|move|p2a: Gholdengo|Make It Rain|p1a: 阿肥
|-damage|p1a: 阿肥|27/100
|-unboost|p2a: Gholdengo|spa|1
|move|p1a: 阿肥|Heat Crash|p2a: Gholdengo
|-supereffective|p2a: Gholdengo
|-damage|p2a: Gholdengo|0 fnt
|faint|p2a: Gholdengo
|
|upkeep
|
|t:|1757813653
|switch|p2a: Great Tusk|Great Tusk|84/100
|turn|13
|
|t:|1757813656
|switch|p1a: Gholdengo|Gholdengo|64/100
|move|p2a: Great Tusk|Rapid Spin|p1a: Gholdengo
|-immune|p1a: Gholdengo
|
|upkeep
|turn|14
|
|t:|1757813660
|switch|p1a: 阿肥|Snorlax, M|27/100
|move|p2a: Great Tusk|Headlong Rush|p1a: 阿肥
|-damage|p1a: 阿肥|0 fnt
|-unboost|p2a: Great Tusk|def|1
|-unboost|p2a: Great Tusk|spd|1
|faint|p1a: 阿肥
|
|upkeep
|
|t:|1757813662
|switch|p1a: Walking Wake|Walking Wake, tera:Water|100/100
|turn|15
|inactive|Jus4funsies has 120 seconds left.
|inactive|Jus4funsies has 90 seconds left.
|
|t:|1757813702
|-end|p2a: Great Tusk|Protosynthesis|[silent]
|switch|p2a: Raging Bolt|Raging Bolt|49/100
|-damage|p2a: Raging Bolt|37/100|[from] Stealth Rock
|move|p1a: Walking Wake|Draco Meteor|p2a: Raging Bolt
|-supereffective|p2a: Raging Bolt
|-damage|p2a: Raging Bolt|0 fnt
|-unboost|p1a: Walking Wake|spa|2
|faint|p2a: Raging Bolt
|-end|p2a: Raging Bolt|Protosynthesis|[silent]
|
|upkeep
|inactive|Jus4funsies has 90 seconds left.
|
|t:|1757813708
|switch|p2a: Dragonite|Dragonite, F|100/100
|turn|16
|
|t:|1757813712
|-end|p1a: Walking Wake|Protosynthesis|[silent]
|switch|p1a: Great Tusk|Great Tusk|76/100
|-terastallize|p2a: Dragonite|Normal
|move|p2a: Dragonite|Dragon Dance|p2a: Dragonite
|-boost|p2a: Dragonite|atk|1
|-boost|p2a: Dragonite|spe|1
|
|upkeep
|turn|17
|
|t:|1757813715
|move|p2a: Dragonite|Dragon Dance|p2a: Dragonite
|-boost|p2a: Dragonite|atk|1
|-boost|p2a: Dragonite|spe|1
|move|p1a: Great Tusk|Rapid Spin|p2a: Dragonite
|-crit|p2a: Dragonite
|-damage|p2a: Dragonite|88/100
|-boost|p1a: Great Tusk|spe|1
|
|upkeep
|turn|18
|
|t:|1757813720
|move|p2a: Dragonite|Dragon Dance|p2a: Dragonite
|-boost|p2a: Dragonite|atk|1
|-boost|p2a: Dragonite|spe|1
|move|p1a: Great Tusk|Headlong Rush|p2a: Dragonite
|-damage|p2a: Dragonite|26/100
|-unboost|p1a: Great Tusk|def|1
|-unboost|p1a: Great Tusk|spd|1
|
|upkeep
|turn|19
|
|t:|1757813725
|move|p2a: Dragonite|Extreme Speed|p1a: Great Tusk
|-damage|p1a: Great Tusk|0 fnt
|-damage|p2a: Dragonite|10/100|[from] item: Rocky Helmet|[of] p1a: Great Tusk
|faint|p1a: Great Tusk
|-end|p1a: Great Tusk|Protosynthesis|[silent]
|
|upkeep
|
|t:|1757813729
|switch|p1a: 阿黄|Arcanine-Hisui, M|62/100
|turn|20
|
|t:|1757813732
|move|p1a: 阿黄|Extreme Speed|p2a: Dragonite
|-damage|p2a: Dragonite|0 fnt
|faint|p2a: Dragonite
|
|upkeep
|
|t:|1757813736
|switch|p2a: Great Tusk|Great Tusk|84/100
|turn|21
|
|t:|1757813738
|switch|p1a: Gholdengo|Gholdengo|64/100
|move|p2a: Great Tusk|Headlong Rush|p1a: Gholdengo
|-supereffective|p1a: Gholdengo
|-damage|p1a: Gholdengo|0 fnt
|-unboost|p2a: Great Tusk|def|1
|-unboost|p2a: Great Tusk|spd|1
|faint|p1a: Gholdengo
|
|upkeep
|
|t:|1757813741
|switch|p1a: Walking Wake|Walking Wake, tera:Water|100/100
|turn|22
|
|t:|1757813751
|move|p1a: Walking Wake|Hydro Pump|p2a: Great Tusk
|-supereffective|p2a: Great Tusk
|-damage|p2a: Great Tusk|0 fnt
|faint|p2a: Great Tusk
|-end|p2a: Great Tusk|Protosynthesis|[silent]
|
|upkeep
|
|t:|1757813752
|switch|p2a: Kingambit|Kingambit, M, shiny|100/100
|-damage|p2a: Kingambit|94/100|[from] Stealth Rock
|-activate|p2a: Kingambit|ability: Supreme Overlord
|-start|p2a: Kingambit|fallen5|[silent]
|turn|23
|
|t:|1757813757
|-end|p1a: Walking Wake|Protosynthesis|[silent]
|switch|p1a: 阿黄|Arcanine-Hisui, M|62/100
|move|p2a: Kingambit|Sucker Punch||[still]
|-fail|p2a: Kingambit
|
|upkeep
|turn|24
|
|t:|1757813759
|move|p2a: Kingambit|Sucker Punch||[still]
|-fail|p2a: Kingambit
|move|p1a: 阿黄|Will-O-Wisp|p2a: Kingambit
|-status|p2a: Kingambit|brn
|
|-damage|p2a: Kingambit|88/100 brn|[from] brn
|upkeep
|turn|25
|
|t:|1757813764
|switch|p1a: Walking Wake|Walking Wake, tera:Water|100/100
|move|p2a: Kingambit|Swords Dance|p2a: Kingambit
|-boost|p2a: Kingambit|atk|2
|
|-damage|p2a: Kingambit|82/100 brn|[from] brn
|upkeep
|turn|26
|
|t:|1757813769
|move|p2a: Kingambit|Sucker Punch|p1a: Walking Wake
|-damage|p1a: Walking Wake|19/100
|move|p1a: Walking Wake|Flamethrower|p2a: Kingambit
|-supereffective|p2a: Kingambit
|-damage|p2a: Kingambit|12/100 brn
|
|-damage|p2a: Kingambit|6/100 brn|[from] brn
|upkeep
|turn|27
|
|t:|1757813774
|move|p2a: Kingambit|Sucker Punch|p1a: Walking Wake
|-damage|p1a: Walking Wake|0 fnt
|faint|p1a: Walking Wake
|-end|p1a: Walking Wake|Protosynthesis|[silent]
|
|-damage|p2a: Kingambit|0 fnt|[from] brn
|faint|p2a: Kingambit
|-end|p2a: Kingambit|fallen5|[silent]
|
|win|ay cheu
|raw|ay cheu's rating: 1450 &rarr; <strong>1471</strong><br />(+21 for winning)
|raw|Jus4funsies's rating: 1462 &rarr; <strong>1441</strong><br />(-21 for losing)
|l|☆Jus4funsies
|player|p2|
|l|☆ay cheu
|player|p1|
