|j|☆calacadura
|j|☆marix_ou
|t:|1757945139
|gametype|singles
|player|p1|calacadura|101|1330
|player|p2|marix_ou|wattson|1350
|gen|9
|tier|[Gen 9] OU
|rated|
|rule|HP Percentage Mod: HP is shown in percentages
|rule|Endless Battle Clause: Forcing endless battles is banned
|rule|Species Clause: Limit one of each Pokémon
|rule|OHKO Clause: OHKO moves are banned
|rule|Evasion Items Clause: Evasion items are banned
|rule|Evasion Moves Clause: Evasion moves are banned
|rule|Evasion Abilities Clause: Evasion abilities are banned
|rule|Sleep Moves Clause: Sleep-inducing moves are banned
|clearpoke
|poke|p1|Dondozo, M|
|poke|p1|Heatran, F|
|poke|p1|Araquanid, F|
|poke|p1|Mandibuzz, F|
|poke|p1|Malamar, M|
|poke|p1|Gholdengo|
|poke|p2|Tyranitar, F|
|poke|p2|Excadrill, M|
|poke|p2|Keldeo-Resolute|
|poke|p2|Tornadus-Therian, M|
|poke|p2|Heatran, M|
|poke|p2|Hydrapple, F|
|teampreview
|
|t:|1757945154
|teamsize|p1|6
|teamsize|p2|6
|start
|switch|p1a: Araquanid|Araquanid, F|100/100
|switch|p2a: Tornadus|Tornadus-Therian, M|100/100
|turn|1
|
|t:|1757945166
|move|p2a: Tornadus|Taunt|p1a: Araquanid
|-start|p1a: Araquanid|move: Taunt
|move|p1a: Araquanid|Surf|p2a: Tornadus
|-damage|p2a: Tornadus|44/100
|
|upkeep
|turn|2
|
|t:|1757945181
|move|p2a: Tornadus|U-turn|p1a: Araquanid
|-damage|p1a: Araquanid|84/100
|
|t:|1757945194
|switch|p2a: Hydrapple|Hydrapple, F|100/100|[from] U-turn
|move|p1a: Araquanid|Surf|p2a: Hydrapple
|-resisted|p2a: Hydrapple
|-damage|p2a: Hydrapple|87/100
|
|upkeep
|turn|3
|
|t:|1757945204
|move|p2a: Hydrapple|Fickle Beam|p1a: Araquanid
|-damage|p1a: Araquanid|60/100
|move|p1a: Araquanid|Endeavor|p2a: Hydrapple
|-damage|p2a: Hydrapple|49/100
|-damage|p1a: Araquanid|43/100|[from] item: Rocky Helmet|[of] p2a: Hydrapple
|
|-end|p1a: Araquanid|move: Taunt
|upkeep
|turn|4
|
|t:|1757945213
|switch|p2a: Tornadus|Tornadus-Therian, M|77/100
|move|p1a: Araquanid|Sticky Web|p2a: Tornadus
|-sidestart|p2: marix_ou|move: Sticky Web
|
|upkeep
|turn|5
|
|t:|1757945223
|move|p2a: Tornadus|Bleakwind Storm|p1a: Araquanid|[miss]
|-miss|p2a: Tornadus|p1a: Araquanid
|move|p1a: Araquanid|Surf|p2a: Tornadus
|-damage|p2a: Tornadus|22/100
|
|upkeep
|turn|6
|
|t:|1757945234
|switch|p1a: Heatran|Heatran, F|100/100
|move|p2a: Tornadus|Bleakwind Storm|p1a: Heatran
|-resisted|p1a: Heatran
|-damage|p1a: Heatran|89/100
|
|-heal|p1a: Heatran|96/100|[from] item: Leftovers
|upkeep
|turn|7
|
|t:|1757945242
|move|p2a: Tornadus|U-turn|p1a: Heatran
|-resisted|p1a: Heatran
|-damage|p1a: Heatran|93/100
|
|t:|1757945251
|switch|p2a: Tyranitar|Tyranitar, F|100/100|[from] U-turn
|-activate|p2a: Tyranitar|move: Sticky Web
|-unboost|p2a: Tyranitar|spe|1
|-weather|Sandstorm|[from] ability: Sand Stream|[of] p2a: Tyranitar
|move|p1a: Heatran|Stealth Rock|p2a: Tyranitar
|-sidestart|p2: marix_ou|move: Stealth Rock
|
|-weather|Sandstorm|[upkeep]
|-heal|p1a: Heatran|99/100|[from] item: Leftovers
|upkeep
|turn|8
|
|t:|1757945263
|move|p1a: Heatran|Taunt|p2a: Tyranitar
|-start|p2a: Tyranitar|move: Taunt
|move|p2a: Tyranitar|Low Kick|p1a: Heatran
|-supereffective|p1a: Heatran
|-damage|p1a: Heatran|0 fnt
|faint|p1a: Heatran
|
|-weather|Sandstorm|[upkeep]
|upkeep
|
|t:|1757945266
|switch|p1a: Better Hoopa U|Malamar, M, shiny|100/100
|turn|9
|
|t:|1757945276
|switch|p2a: Tornadus|Tornadus-Therian, M|55/100
|move|p1a: Better Hoopa U|Superpower|p2a: Tornadus
|-resisted|p2a: Tornadus
|-damage|p2a: Tornadus|38/100
|-boost|p1a: Better Hoopa U|atk|1
|-boost|p1a: Better Hoopa U|def|1
|
|-weather|Sandstorm|[upkeep]
|-damage|p2a: Tornadus|32/100|[from] Sandstorm
|-damage|p1a: Better Hoopa U|94/100|[from] Sandstorm
|upkeep
|turn|10
|
|t:|1757945287
|-terastallize|p1a: Better Hoopa U|Fighting
|move|p2a: Tornadus|U-turn|p1a: Better Hoopa U
|-resisted|p1a: Better Hoopa U
|-damage|p1a: Better Hoopa U|89/100
|
|t:|1757945296
|switch|p2a: Hydrapple|Hydrapple, F|82/100|[from] U-turn
|-activate|p2a: Hydrapple|move: Sticky Web
|-unboost|p2a: Hydrapple|spe|1
|-damage|p2a: Hydrapple|70/100|[from] Stealth Rock
|move|p1a: Better Hoopa U|Superpower|p2a: Hydrapple
|-damage|p2a: Hydrapple|27/100
|-boost|p1a: Better Hoopa U|atk|1
|-boost|p1a: Better Hoopa U|def|1
|-damage|p1a: Better Hoopa U|72/100|[from] item: Rocky Helmet|[of] p2a: Hydrapple
|
|-weather|Sandstorm|[upkeep]
|-damage|p1a: Better Hoopa U|66/100|[from] Sandstorm
|-damage|p2a: Hydrapple|21/100|[from] Sandstorm
|upkeep
|turn|11
|
|t:|1757945314
|switch|p2a: Tornadus|Tornadus-Therian, M|66/100
|move|p1a: Better Hoopa U|Superpower|p2a: Tornadus
|-resisted|p2a: Tornadus
|-damage|p2a: Tornadus|9/100
|-boost|p1a: Better Hoopa U|atk|1
|-boost|p1a: Better Hoopa U|def|1
|
|-weather|none
|upkeep
|turn|12
|
|t:|1757945324
|move|p2a: Tornadus|Bleakwind Storm|p1a: Better Hoopa U
|-supereffective|p1a: Better Hoopa U
|-damage|p1a: Better Hoopa U|0 fnt
|faint|p1a: Better Hoopa U
|
|upkeep
|
|t:|1757945339
|switch|p1a: Dondozo|Dondozo, M|100/100
|turn|13
|
|t:|1757945345
|switch|p2a: Tyranitar|Tyranitar, F|100/100
|-activate|p2a: Tyranitar|move: Sticky Web
|-unboost|p2a: Tyranitar|spe|1
|-damage|p2a: Tyranitar|88/100|[from] Stealth Rock
|-weather|Sandstorm|[from] ability: Sand Stream|[of] p2a: Tyranitar
|move|p1a: Dondozo|Curse|p1a: Dondozo
|-unboost|p1a: Dondozo|spe|1
|-boost|p1a: Dondozo|atk|1
|-boost|p1a: Dondozo|def|1
|
|-weather|Sandstorm|[upkeep]
|-damage|p1a: Dondozo|94/100|[from] Sandstorm
|-heal|p1a: Dondozo|100/100|[from] item: Leftovers
|upkeep
|turn|14
|
|t:|1757945380
|move|p2a: Tyranitar|Knock Off|p1a: Dondozo
|-damage|p1a: Dondozo|66/100
|-enditem|p1a: Dondozo|Leftovers|[from] move: Knock Off|[of] p2a: Tyranitar
|move|p1a: Dondozo|Body Press|p2a: Tyranitar
|-supereffective|p2a: Tyranitar
|-damage|p2a: Tyranitar|0 fnt
|faint|p2a: Tyranitar
|
|-weather|Sandstorm|[upkeep]
|-damage|p1a: Dondozo|60/100|[from] Sandstorm
|upkeep
|
|t:|1757945395
|switch|p2a: Hydrapple|Hydrapple, F|54/100
|-activate|p2a: Hydrapple|move: Sticky Web
|-unboost|p2a: Hydrapple|spe|1
|-damage|p2a: Hydrapple|42/100|[from] Stealth Rock
|turn|15
|
|t:|1757945401
|move|p2a: Hydrapple|Giga Drain|p1a: Dondozo
|-supereffective|p1a: Dondozo
|-damage|p1a: Dondozo|20/100
|-heal|p2a: Hydrapple|67/100|[from] drain|[of] p1a: Dondozo
|move|p1a: Dondozo|Body Press|p2a: Hydrapple
|-damage|p2a: Hydrapple|48/100
|-damage|p1a: Dondozo|3/100|[from] item: Rocky Helmet|[of] p2a: Hydrapple
|
|-weather|Sandstorm|[upkeep]
|-damage|p2a: Hydrapple|42/100|[from] Sandstorm
|-damage|p1a: Dondozo|0 fnt|[from] Sandstorm
|faint|p1a: Dondozo
|upkeep
|
|t:|1757945412
|switch|p1a: Gholdengo|Gholdengo|100/100
|-item|p1a: Gholdengo|Air Balloon
|turn|16
|
|t:|1757945422
|move|p1a: Gholdengo|Nasty Plot|p1a: Gholdengo
|-boost|p1a: Gholdengo|spa|2
|move|p2a: Hydrapple|Giga Drain|p1a: Gholdengo
|-resisted|p1a: Gholdengo
|-damage|p1a: Gholdengo|84/100
|-heal|p2a: Hydrapple|49/100|[from] drain|[of] p1a: Gholdengo
|-enditem|p1a: Gholdengo|Air Balloon
|
|-weather|Sandstorm|[upkeep]
|-damage|p2a: Hydrapple|43/100|[from] Sandstorm
|upkeep
|turn|17
|
|t:|1757945460
|move|p1a: Gholdengo|Nasty Plot|p1a: Gholdengo
|-boost|p1a: Gholdengo|spa|2
|move|p2a: Hydrapple|Earth Power|p1a: Gholdengo
|-supereffective|p1a: Gholdengo
|-damage|p1a: Gholdengo|36/100
|
|-weather|none
|upkeep
|turn|18
|
|t:|1757945470
|move|p1a: Gholdengo|Recover|p1a: Gholdengo
|-heal|p1a: Gholdengo|86/100
|move|p2a: Hydrapple|Earth Power|p1a: Gholdengo
|-supereffective|p1a: Gholdengo
|-damage|p1a: Gholdengo|42/100
|
|upkeep
|turn|19
|
|t:|1757945484
|move|p1a: Gholdengo|Recover|p1a: Gholdengo
|-heal|p1a: Gholdengo|92/100
|move|p2a: Hydrapple|Nasty Plot|p2a: Hydrapple
|-boost|p2a: Hydrapple|spa|2
|
|upkeep
|turn|20
|
|t:|1757945490
|move|p1a: Gholdengo|Shadow Ball|p2a: Hydrapple
|-damage|p2a: Hydrapple|0 fnt
|faint|p2a: Hydrapple
|
|upkeep
|
|t:|1757945494
|switch|p2a: Excadrill|Excadrill, M|100/100
|-damage|p2a: Excadrill|97/100|[from] Stealth Rock
|-item|p2a: Excadrill|Air Balloon
|turn|21
|
|t:|1757945503
|move|p2a: Excadrill|Earthquake|p1a: Gholdengo
|-supereffective|p1a: Gholdengo
|-damage|p1a: Gholdengo|16/100
|move|p1a: Gholdengo|Shadow Ball|p2a: Excadrill
|-damage|p2a: Excadrill|0 fnt
|-enditem|p2a: Excadrill|Air Balloon
|faint|p2a: Excadrill
|
|upkeep
|
|t:|1757945511
|switch|p2a: Tornadus|Tornadus-Therian, M|43/100
|turn|22
|
|t:|1757945513
|move|p2a: Tornadus|Heat Wave|p1a: Gholdengo
|-supereffective|p1a: Gholdengo
|-damage|p1a: Gholdengo|0 fnt
|faint|p1a: Gholdengo
|
|upkeep
|
|t:|1757945522
|switch|p1a: Mandibuzz|Mandibuzz, F|100/100
|turn|23
|inactive|Battle timer is ON: inactive players will automatically lose when time's up. (requested by calacadura)
|
|t:|1757945554
|move|p2a: Tornadus|Taunt|p1a: Mandibuzz
|-start|p1a: Mandibuzz|move: Taunt
|move|p1a: Mandibuzz|Foul Play|p2a: Tornadus
|-damage|p2a: Tornadus|12/100
|
|upkeep
|turn|24
|
|t:|1757945574
|move|p2a: Tornadus|U-turn|p1a: Mandibuzz
|-damage|p1a: Mandibuzz|92/100
|
|t:|1757945579
|switch|p2a: Heatran|Heatran, M|100/100|[from] U-turn
|-activate|p2a: Heatran|move: Sticky Web
|-unboost|p2a: Heatran|spe|1
|-damage|p2a: Heatran|88/100|[from] Stealth Rock
|move|p1a: Mandibuzz|Foul Play|p2a: Heatran
|-damage|p2a: Heatran|68/100
|
|-heal|p2a: Heatran|75/100|[from] item: Leftovers
|upkeep
|turn|25
|
|t:|1757945595
|move|p1a: Mandibuzz|Foul Play|p2a: Heatran
|-damage|p2a: Heatran|55/100
|move|p2a: Heatran|Magma Storm|p1a: Mandibuzz
|-damage|p1a: Mandibuzz|56/100
|-activate|p1a: Mandibuzz|move: Magma Storm|[of] p2a: Heatran
|
|-heal|p2a: Heatran|61/100|[from] item: Leftovers
|-damage|p1a: Mandibuzz|43/100|[from] move: Magma Storm|[partiallytrapped]
|-end|p1a: Mandibuzz|move: Taunt
|upkeep
|turn|26
|
|t:|1757945610
|move|p1a: Mandibuzz|Roost|p1a: Mandibuzz
|-heal|p1a: Mandibuzz|93/100
|-singleturn|p1a: Mandibuzz|move: Roost
|move|p2a: Heatran|Magma Storm|p1a: Mandibuzz
|-damage|p1a: Mandibuzz|56/100
|
|-heal|p2a: Heatran|67/100|[from] item: Leftovers
|-damage|p1a: Mandibuzz|44/100|[from] move: Magma Storm|[partiallytrapped]
|upkeep
|turn|27
|
|t:|1757945619
|switch|p2a: Tornadus|Tornadus-Therian, M|45/100
|move|p1a: Mandibuzz|Roost|p1a: Mandibuzz
|-heal|p1a: Mandibuzz|94/100
|-singleturn|p1a: Mandibuzz|move: Roost
|
|-end|p1a: Mandibuzz|Magma Storm|[partiallytrapped]|[silent]
|upkeep
|turn|28
|
|t:|1757945629
|move|p2a: Tornadus|U-turn|p1a: Mandibuzz
|-damage|p1a: Mandibuzz|85/100
|
|t:|1757945632
|switch|p2a: Heatran|Heatran, M|67/100|[from] U-turn
|-activate|p2a: Heatran|move: Sticky Web
|-unboost|p2a: Heatran|spe|1
|-damage|p2a: Heatran|55/100|[from] Stealth Rock
|move|p1a: Mandibuzz|Foul Play|p2a: Heatran
|-damage|p2a: Heatran|35/100
|
|-heal|p2a: Heatran|41/100|[from] item: Leftovers
|upkeep
|turn|29
|
|t:|1757945647
|move|p1a: Mandibuzz|U-turn|p2a: Heatran
|-resisted|p2a: Heatran
|-damage|p2a: Heatran|39/100
|
|t:|1757945649
|switch|p1a: Araquanid|Araquanid, F|43/100|[from] U-turn
|move|p2a: Heatran|Magma Storm|p1a: Araquanid
|-damage|p1a: Araquanid|26/100
|-activate|p1a: Araquanid|move: Magma Storm|[of] p2a: Heatran
|
|-heal|p2a: Heatran|45/100|[from] item: Leftovers
|-damage|p1a: Araquanid|14/100|[from] move: Magma Storm|[partiallytrapped]
|upkeep
|turn|30
|-enditem|p1a: Araquanid|Custap Berry|[eat]
|-activate|p1a: Araquanid|item: Custap Berry|[consumed]
|
|t:|1757945660
|switch|p2a: Keldeo|Keldeo-Resolute|100/100
|-activate|p2a: Keldeo|move: Sticky Web
|-unboost|p2a: Keldeo|spe|1
|-damage|p2a: Keldeo|94/100|[from] Stealth Rock
|move|p1a: Araquanid|Endeavor|p2a: Keldeo
|-damage|p2a: Keldeo|14/100
|
|-end|p1a: Araquanid|Magma Storm|[partiallytrapped]|[silent]
|upkeep
|turn|31
|inactive|marix_ou has 120 seconds left.
|inactive|marix_ou has 90 seconds left.
|
|t:|1757945722
|switch|p1a: Mandibuzz|Mandibuzz, F|85/100
|move|p2a: Keldeo|Secret Sword|p1a: Mandibuzz
|-damage|p1a: Mandibuzz|45/100
|
|upkeep
|turn|32
|
|t:|1757945731
|move|p2a: Keldeo|Secret Sword|p1a: Mandibuzz
|-damage|p1a: Mandibuzz|6/100
|move|p1a: Mandibuzz|Roost|p1a: Mandibuzz
|-heal|p1a: Mandibuzz|56/100
|-singleturn|p1a: Mandibuzz|move: Roost
|
|upkeep
|turn|33
|
|t:|1757945739
|switch|p2a: Tornadus|Tornadus-Therian, M|78/100
|move|p1a: Mandibuzz|Roost|p1a: Mandibuzz
|-heal|p1a: Mandibuzz|100/100
|-singleturn|p1a: Mandibuzz|move: Roost
|
|upkeep
|turn|34
|
|t:|1757945747
|move|p2a: Tornadus|Bleakwind Storm|p1a: Mandibuzz
|-damage|p1a: Mandibuzz|68/100
|move|p1a: Mandibuzz|Foul Play|p2a: Tornadus
|-damage|p2a: Tornadus|46/100
|
|upkeep
|turn|35
|
|t:|1757945760
|move|p2a: Tornadus|Taunt|p1a: Mandibuzz
|-start|p1a: Mandibuzz|move: Taunt
|move|p1a: Mandibuzz|Foul Play|p2a: Tornadus
|-damage|p2a: Tornadus|17/100
|
|upkeep
|turn|36
|
|t:|1757945765
|move|p2a: Tornadus|U-turn|p1a: Mandibuzz
|-damage|p1a: Mandibuzz|60/100
|
|t:|1757945773
|switch|p2a: Keldeo|Keldeo-Resolute|14/100|[from] U-turn
|-activate|p2a: Keldeo|move: Sticky Web
|-unboost|p2a: Keldeo|spe|1
|-damage|p2a: Keldeo|8/100|[from] Stealth Rock
|move|p1a: Mandibuzz|Foul Play|p2a: Keldeo
|-resisted|p2a: Keldeo
|-damage|p2a: Keldeo|0 fnt
|faint|p2a: Keldeo
|
|upkeep
|
|t:|1757945789
|switch|p2a: Tornadus|Tornadus-Therian, M|50/100
|turn|37
|
|t:|1757945798
|move|p2a: Tornadus|Bleakwind Storm|p1a: Mandibuzz
|-damage|p1a: Mandibuzz|26/100
|move|p1a: Mandibuzz|Foul Play|p2a: Tornadus
|-damage|p2a: Tornadus|17/100
|
|-end|p1a: Mandibuzz|move: Taunt
|upkeep
|turn|38
|
|t:|1757945807
|move|p2a: Tornadus|Bleakwind Storm|p1a: Mandibuzz
|-damage|p1a: Mandibuzz|0 fnt
|faint|p1a: Mandibuzz
|
|upkeep
|
|t:|1757945809
|switch|p1a: Araquanid|Araquanid, F|14/100
|turn|39
|inactive|marix_ou has 120 seconds left.
|
|t:|1757945835
|move|p2a: Tornadus|U-turn|p1a: Araquanid
|-damage|p1a: Araquanid|0 fnt
|faint|p1a: Araquanid
|
|win|marix_ou
|raw|calacadura's rating: 1330 &rarr; <strong>1311</strong><br />(-19 for losing)
|raw|marix_ou's rating: 1350 &rarr; <strong>1369</strong><br />(+19 for winning)
|c|☆marix_ou|gg
