|j|☆krampus gon get u
|j|☆omari p
|t:|1757904174
|gametype|singles
|player|p1|krampus gon get u|ninjaboy|1576
|player|p2|omari p|pokemonrangerf|1579
|gen|9
|tier|[Gen 9] OU
|rated|
|rule|HP Percentage Mod: HP is shown in percentages
|rule|Endless Battle Clause: Forcing endless battles is banned
|rule|Species Clause: Limit one of each Pokémon
|rule|OHKO Clause: OHKO moves are banned
|rule|Evasion Items Clause: Evasion items are banned
|rule|Evasion Moves Clause: Evasion moves are banned
|rule|Evasion Abilities Clause: Evasion abilities are banned
|rule|Sleep Moves Clause: Sleep-inducing moves are banned
|clearpoke
|poke|p1|Ceruledge, F|
|poke|p1|Iron Treads|
|poke|p1|Kyurem|
|poke|p1|Ogerpon-Wellspring, F|
|poke|p1|Iron Valiant|
|poke|p1|Pecharunt|
|poke|p2|Thundurus-Therian, M|
|poke|p2|Cinderace, F|
|poke|p2|Mandibuzz, F|
|poke|p2|Latios, M|
|poke|p2|Deoxys-Speed|
|poke|p2|Iron Hands|
|teampreview
|inactive|Battle timer is ON: inactive players will automatically lose when time's up. (requested by omari p)
|
|t:|1757904232
|teamsize|p1|6
|teamsize|p2|6
|start
|switch|p1a: Iron Treads|Iron Treads|100/100
|switch|p2a: Iron Hands|Iron Hands|100/100
|turn|1
|
|t:|1757904247
|-end|p1a: Iron Treads|Quark Drive|[silent]
|switch|p1a: Pecharunt|Pecharunt|100/100
|move|p2a: Iron Hands|Close Combat|p1a: Pecharunt
|-immune|p1a: Pecharunt
|
|upkeep
|turn|2
|
|t:|1757904263
|-terastallize|p2a: Iron Hands|Steel
|move|p1a: Pecharunt|Malignant Chain|p2a: Iron Hands
|-immune|p2a: Iron Hands
|move|p2a: Iron Hands|Heavy Slam|p1a: Pecharunt
|-damage|p1a: Pecharunt|69/100
|
|upkeep
|turn|3
|
|t:|1757904276
|move|p1a: Pecharunt|Shadow Ball|p2a: Iron Hands
|-damage|p2a: Iron Hands|88/100
|move|p2a: Iron Hands|Heavy Slam|p1a: Pecharunt
|-damage|p1a: Pecharunt|34/100
|
|upkeep
|turn|4
|
|t:|1757904287
|move|p1a: Pecharunt|Recover|p1a: Pecharunt
|-heal|p1a: Pecharunt|84/100
|move|p2a: Iron Hands|Heavy Slam|p1a: Pecharunt
|-damage|p1a: Pecharunt|53/100
|
|upkeep
|turn|5
|
|t:|1757904293
|move|p1a: Pecharunt|Recover|p1a: Pecharunt
|-heal|p1a: Pecharunt|100/100
|move|p2a: Iron Hands|Heavy Slam|p1a: Pecharunt
|-damage|p1a: Pecharunt|65/100
|
|upkeep
|turn|6
|
|t:|1757904298
|move|p1a: Pecharunt|Parting Shot|p2a: Iron Hands
|-unboost|p2a: Iron Hands|atk|1
|-unboost|p2a: Iron Hands|spa|1
|
|t:|1757904301
|switch|p1a: Iron Treads|Iron Treads|100/100|[from] Parting Shot
|move|p2a: Iron Hands|Heavy Slam|p1a: Iron Treads
|-resisted|p1a: Iron Treads
|-damage|p1a: Iron Treads|94/100
|
|-heal|p1a: Iron Treads|99/100|[from] item: Leftovers
|upkeep
|turn|7
|
|t:|1757904324
|-end|p2a: Iron Hands|Quark Drive|[silent]
|switch|p2a: Mandibuzz|Mandibuzz, F, shiny|100/100
|move|p1a: Iron Treads|Knock Off|p2a: Mandibuzz
|-resisted|p2a: Mandibuzz
|-damage|p2a: Mandibuzz|94/100
|-damage|p1a: Iron Treads|84/100|[from] item: Rocky Helmet|[of] p2a: Mandibuzz
|-enditem|p2a: Mandibuzz|Rocky Helmet|[from] move: Knock Off|[of] p1a: Iron Treads
|
|-heal|p1a: Iron Treads|90/100|[from] item: Leftovers
|upkeep
|turn|8
|
|t:|1757904343
|-end|p1a: Iron Treads|Quark Drive|[silent]
|switch|p1a: Pecharunt|Pecharunt|65/100
|move|p2a: Mandibuzz|Foul Play|p1a: Pecharunt
|-supereffective|p1a: Pecharunt
|-damage|p1a: Pecharunt|45/100
|
|upkeep
|turn|9
|
|t:|1757904350
|switch|p2a: Iron Hands|Iron Hands, tera:Steel|88/100
|move|p1a: Pecharunt|Recover|p1a: Pecharunt
|-heal|p1a: Pecharunt|95/100
|
|upkeep
|turn|10
|
|t:|1757904360
|move|p1a: Pecharunt|Shadow Ball|p2a: Iron Hands
|-damage|p2a: Iron Hands|75/100
|move|p2a: Iron Hands|Close Combat|p1a: Pecharunt
|-immune|p1a: Pecharunt
|
|upkeep
|turn|11
|
|t:|1757904364
|move|p1a: Pecharunt|Shadow Ball|p2a: Iron Hands
|-damage|p2a: Iron Hands|63/100
|move|p2a: Iron Hands|Heavy Slam|p1a: Pecharunt
|-damage|p1a: Pecharunt|61/100
|
|upkeep
|turn|12
|
|t:|1757904371
|-end|p2a: Iron Hands|Quark Drive|[silent]
|switch|p2a: Deoxys|Deoxys-Speed|100/100
|-ability|p2a: Deoxys|Pressure
|move|p1a: Pecharunt|Shadow Ball|p2a: Deoxys
|-supereffective|p2a: Deoxys
|-damage|p2a: Deoxys|27/100
|
|upkeep
|turn|13
|
|t:|1757904398
|switch|p1a: Iron Treads|Iron Treads|90/100
|move|p2a: Deoxys|Stealth Rock|p1a: Iron Treads
|-sidestart|p1: krampus gon get u|move: Stealth Rock
|
|-heal|p1a: Iron Treads|96/100|[from] item: Leftovers
|upkeep
|turn|14
|
|t:|1757904404
|move|p2a: Deoxys|Ice Beam|p1a: Iron Treads
|-damage|p1a: Iron Treads|75/100
|move|p1a: Iron Treads|Rapid Spin|p2a: Deoxys
|-damage|p2a: Deoxys|7/100
|-boost|p1a: Iron Treads|spe|1
|-sideend|p1: krampus gon get u|Stealth Rock|[from] move: Rapid Spin|[of] p1a: Iron Treads
|
|-heal|p1a: Iron Treads|81/100|[from] item: Leftovers
|upkeep
|turn|15
|
|t:|1757904409
|move|p2a: Deoxys|Ice Beam|p1a: Iron Treads
|-damage|p1a: Iron Treads|57/100
|move|p1a: Iron Treads|Stealth Rock|p2a: Deoxys
|-sidestart|p2: omari p|move: Stealth Rock
|
|-heal|p1a: Iron Treads|63/100|[from] item: Leftovers
|upkeep
|turn|16
|inactive|omari p has 120 seconds left.
|
|t:|1757904450
|move|p2a: Deoxys|Ice Beam|p1a: Iron Treads
|-damage|p1a: Iron Treads|42/100
|-status|p1a: Iron Treads|frz
|cant|p1a: Iron Treads|frz
|
|-heal|p1a: Iron Treads|48/100 frz|[from] item: Leftovers
|upkeep
|turn|17
|
|t:|1757904458
|-end|p1a: Iron Treads|Quark Drive|[silent]
|switch|p1a: Ceruledge|Ceruledge, F|100/100
|move|p2a: Deoxys|Stealth Rock|p1a: Ceruledge
|-sidestart|p1: krampus gon get u|move: Stealth Rock
|
|upkeep
|turn|18
|
|t:|1757904472
|move|p1a: Ceruledge|Shadow Sneak|p2a: Deoxys
|-supereffective|p2a: Deoxys
|-damage|p2a: Deoxys|0 fnt
|faint|p2a: Deoxys
|
|upkeep
|
|t:|1757904475
|switch|p2a: Mandibuzz|Mandibuzz, F, shiny|94/100
|-damage|p2a: Mandibuzz|69/100|[from] Stealth Rock
|turn|19
|
|t:|1757904486
|move|p1a: Ceruledge|Swords Dance|p1a: Ceruledge
|-boost|p1a: Ceruledge|atk|2
|move|p2a: Mandibuzz|Roost|p2a: Mandibuzz
|-heal|p2a: Mandibuzz|100/100
|-singleturn|p2a: Mandibuzz|move: Roost
|
|upkeep
|turn|20
|
|t:|1757904495
|move|p1a: Ceruledge|Bitter Blade|p2a: Mandibuzz
|-damage|p2a: Mandibuzz|47/100
|move|p2a: Mandibuzz|Foul Play|p1a: Ceruledge
|-supereffective|p1a: Ceruledge
|-crit|p1a: Ceruledge
|-enditem|p1a: Ceruledge|Focus Sash
|-damage|p1a: Ceruledge|1/100
|-ability|p1a: Ceruledge|Weak Armor|boost
|-unboost|p1a: Ceruledge|def|1
|-boost|p1a: Ceruledge|spe|2
|
|upkeep
|turn|21
|
|t:|1757904500
|move|p1a: Ceruledge|Bitter Blade|p2a: Mandibuzz
|-damage|p2a: Mandibuzz|0 fnt
|-heal|p1a: Ceruledge|34/100|[from] drain|[of] p2a: Mandibuzz
|faint|p2a: Mandibuzz
|
|upkeep
|
|t:|1757904504
|switch|p2a: Latios|Latios, M|100/100
|-damage|p2a: Latios|88/100|[from] Stealth Rock
|turn|22
|
|t:|1757904512
|move|p1a: Ceruledge|Poltergeist|p2a: Latios
|-activate|p2a: Latios|move: Poltergeist|Choice Scarf
|-supereffective|p2a: Latios
|-damage|p2a: Latios|0 fnt
|faint|p2a: Latios
|
|upkeep
|
|t:|1757904515
|switch|p2a: Cinderace|Cinderace, F|100/100
|-damage|p2a: Cinderace|76/100|[from] Stealth Rock
|turn|23
|
|t:|1757904525
|move|p1a: Ceruledge|Shadow Sneak|p2a: Cinderace
|-damage|p2a: Cinderace|15/100
|move|p2a: Cinderace|Pyro Ball|p1a: Ceruledge
|-resisted|p1a: Ceruledge
|-damage|p1a: Ceruledge|0 fnt
|faint|p1a: Ceruledge
|
|upkeep
|
|t:|1757904532
|switch|p1a: Iron Valiant|Iron Valiant|100/100
|-damage|p1a: Iron Valiant|94/100|[from] Stealth Rock
|-enditem|p1a: Iron Valiant|Booster Energy
|-activate|p1a: Iron Valiant|ability: Quark Drive|[fromitem]
|-start|p1a: Iron Valiant|quarkdrivespe
|turn|24
|
|t:|1757904535
|move|p1a: Iron Valiant|Moonblast|p2a: Cinderace
|-resisted|p2a: Cinderace
|-damage|p2a: Cinderace|0 fnt
|faint|p2a: Cinderace
|
|upkeep
|
|t:|1757904538
|switch|p2a: Iron Hands|Iron Hands, tera:Steel|63/100
|-damage|p2a: Iron Hands|56/100|[from] Stealth Rock
|turn|25
|
|t:|1757904541
|move|p1a: Iron Valiant|Close Combat|p2a: Iron Hands
|-supereffective|p2a: Iron Hands
|-damage|p2a: Iron Hands|0 fnt
|-unboost|p1a: Iron Valiant|def|1
|-unboost|p1a: Iron Valiant|spd|1
|faint|p2a: Iron Hands
|-end|p2a: Iron Hands|Quark Drive|[silent]
|
|upkeep
|
|t:|1757904544
|switch|p2a: Thundurus|Thundurus-Therian, M|100/100
|-damage|p2a: Thundurus|76/100|[from] Stealth Rock
|turn|26
|
|t:|1757904547
|move|p1a: Iron Valiant|Moonblast|p2a: Thundurus
|-damage|p2a: Thundurus|17/100
|move|p2a: Thundurus|Agility|p2a: Thundurus
|-boost|p2a: Thundurus|spe|2
|
|-heal|p2a: Thundurus|23/100|[from] item: Leftovers
|upkeep
|turn|27
|
|t:|1757904554
|move|p2a: Thundurus|Thunderbolt|p1a: Iron Valiant
|-damage|p1a: Iron Valiant|0 fnt
|faint|p1a: Iron Valiant
|-end|p1a: Iron Valiant|Quark Drive|[silent]
|
|-heal|p2a: Thundurus|29/100|[from] item: Leftovers
|upkeep
|
|t:|1757904561
|switch|p1a: Kyurem|Kyurem|100/100
|-damage|p1a: Kyurem|76/100|[from] Stealth Rock
|-ability|p1a: Kyurem|Pressure
|turn|28
|
|t:|1757904567
|move|p2a: Thundurus|Focus Blast|p1a: Kyurem
|-supereffective|p1a: Kyurem
|-damage|p1a: Kyurem|0 fnt
|faint|p1a: Kyurem
|
|-heal|p2a: Thundurus|35/100|[from] item: Leftovers
|upkeep
|
|t:|1757904574
|switch|p1a: Ogerpon|Ogerpon-Wellspring, F|100/100
|-damage|p1a: Ogerpon|88/100|[from] Stealth Rock
|turn|29
|
|t:|1757904580
|-terastallize|p1a: Ogerpon|Water
|detailschange|p1a: Ogerpon|Ogerpon-Wellspring-Tera, F, tera:Water
|-ability|p1a: Ogerpon|Embody Aspect (Wellspring)|boost
|-boost|p1a: Ogerpon|spd|1
|move|p2a: Thundurus|Thunderbolt|p1a: Ogerpon
|-supereffective|p1a: Ogerpon
|-damage|p1a: Ogerpon|0 fnt
|faint|p1a: Ogerpon
|detailschange|p1: Ogerpon|Ogerpon-Wellspring, F|[silent]
|
|-heal|p2a: Thundurus|42/100|[from] item: Leftovers
|upkeep
|
|t:|1757904587
|switch|p1a: Pecharunt|Pecharunt|61/100
|turn|30
|
|t:|1757904592
|move|p2a: Thundurus|Thunderbolt|p1a: Pecharunt
|-damage|p1a: Pecharunt|6/100
|move|p1a: Pecharunt|Malignant Chain|p2a: Thundurus
|-damage|p2a: Thundurus|3/100
|
|-heal|p2a: Thundurus|10/100|[from] item: Leftovers
|upkeep
|turn|31
|
|t:|1757904595
|move|p2a: Thundurus|Thunderbolt|p1a: Pecharunt
|-damage|p1a: Pecharunt|0 fnt
|faint|p1a: Pecharunt
|
|-heal|p2a: Thundurus|16/100|[from] item: Leftovers
|upkeep
|
|t:|1757904596
|switch|p1a: Iron Treads|Iron Treads|48/100 frz
|-damage|p1a: Iron Treads|45/100 frz|[from] Stealth Rock
|turn|32
|
|t:|1757904599
|move|p2a: Thundurus|Focus Blast|p1a: Iron Treads|[miss]
|-miss|p2a: Thundurus|p1a: Iron Treads
|-curestatus|p1a: Iron Treads|frz|[msg]
|move|p1a: Iron Treads|Knock Off|p2a: Thundurus
|-damage|p2a: Thundurus|0 fnt
|-enditem|p2a: Thundurus|Leftovers|[from] move: Knock Off|[of] p1a: Iron Treads
|faint|p2a: Thundurus
|
|win|krampus gon get u
|raw|krampus gon get u's rating: 1576 &rarr; <strong>1596</strong><br />(+20 for winning)
|raw|omari p's rating: 1579 &rarr; <strong>1559</strong><br />(-20 for losing)
|l|☆omari p
|player|p2|
