|j|☆romandlui
|j|☆crunk juice34
|t:|1757831057
|gametype|singles
|player|p1|romandlui|265|1572
|player|p2|crunk juice34|gambler|1466
|gen|9
|tier|[Gen 9] OU
|rated|
|rule|HP Percentage Mod: HP is shown in percentages
|rule|Endless Battle Clause: Forcing endless battles is banned
|rule|Species Clause: Limit one of each Pokémon
|rule|OHKO Clause: OHKO moves are banned
|rule|Evasion Items Clause: Evasion items are banned
|rule|Evasion Moves Clause: Evasion moves are banned
|rule|Evasion Abilities Clause: Evasion abilities are banned
|rule|Sleep Moves Clause: Sleep-inducing moves are banned
|clearpoke
|poke|p1|Toucannon, M|
|poke|p1|Dragonite, M|
|poke|p1|Zamazenta-*|
|poke|p1|Iron Treads|
|poke|p1|Zapdos|
|poke|p1|Primarina, F|
|poke|p2|Araquanid, M|
|poke|p2|Gholdengo|
|poke|p2|Landorus-Therian, M|
|poke|p2|Iron Moth|
|poke|p2|Ogerpon-Wellspring, F|
|poke|p2|Great Tusk|
|teampreview
|
|t:|1757831061
|teamsize|p1|6
|teamsize|p2|6
|start
|switch|p1a: Enel|Zapdos|100/100
|switch|p2a: Agua|Araquanid, M|100/100
|turn|1
|
|t:|1757831065
|move|p1a: Enel|Hurricane|p2a: Agua
|-supereffective|p2a: Agua
|-damage|p2a: Agua|0 fnt
|faint|p2a: Agua
|
|upkeep
|inactive|Battle timer is ON: inactive players will automatically lose when time's up. (requested by romandlui)
|
|t:|1757831089
|switch|p2a: Tortilla|Iron Moth|100/100
|-enditem|p2a: Tortilla|Booster Energy
|-activate|p2a: Tortilla|ability: Quark Drive|[fromitem]
|-start|p2a: Tortilla|quarkdrivespa
|turn|2
|
|t:|1757831096
|move|p1a: Enel|Hurricane|p2a: Tortilla
|-damage|p2a: Tortilla|16/100
|-start|p2a: Tortilla|confusion
|-activate|p2a: Tortilla|confusion
|move|p2a: Tortilla|Fiery Dance|p1a: Enel
|-damage|p1a: Enel|29/100
|
|upkeep
|turn|3
|
|t:|1757831100
|move|p1a: Enel|Hurricane|p2a: Tortilla
|-crit|p2a: Tortilla
|-damage|p2a: Tortilla|0 fnt
|faint|p2a: Tortilla
|-end|p2a: Tortilla|Quark Drive|[silent]
|
|upkeep
|
|t:|1757831103
|switch|p2a: Queso|Gholdengo|100/100
|-item|p2a: Queso|Air Balloon
|turn|4
|
|t:|1757831108
|switch|p1a: Eustass Kid|Iron Treads|100/100
|-item|p1a: Eustass Kid|Air Balloon
|move|p2a: Queso|Nasty Plot|p2a: Queso
|-boost|p2a: Queso|spa|2
|
|upkeep
|turn|5
|
|t:|1757831114
|-terastallize|p2a: Queso|Fairy
|move|p1a: Eustass Kid|Knock Off|p2a: Queso
|-resisted|p2a: Queso
|-damage|p2a: Queso|90/100
|-enditem|p2a: Queso|Air Balloon
|move|p2a: Queso|Shadow Ball|p1a: Eustass Kid
|-damage|p1a: Eustass Kid|10/100
|-enditem|p1a: Eustass Kid|Air Balloon
|
|upkeep
|turn|6
|
|t:|1757831121
|move|p1a: Eustass Kid|Earthquake|p2a: Queso
|-damage|p2a: Queso|60/100
|move|p2a: Queso|Dazzling Gleam|p1a: Eustass Kid
|-resisted|p1a: Eustass Kid
|-damage|p1a: Eustass Kid|0 fnt
|faint|p1a: Eustass Kid
|-end|p1a: Eustass Kid|Quark Drive|[silent]
|
|upkeep
|
|t:|1757831125
|switch|p1a: Franky|Toucannon, M|100/100
|turn|7
|
|t:|1757831133
|-singleturn|p1a: Franky|move: Beak Blast
|move|p2a: Queso|Dazzling Gleam|p1a: Franky
|-damage|p1a: Franky|44/100
|move|p1a: Franky|Beak Blast|p2a: Queso
|-damage|p2a: Queso|21/100
|
|upkeep
|turn|8
|
|t:|1757831139
|-singleturn|p1a: Franky|move: Beak Blast
|move|p2a: Queso|Recover|p2a: Queso
|-heal|p2a: Queso|71/100
|move|p1a: Franky|Beak Blast|p2a: Queso
|-damage|p2a: Queso|30/100
|
|upkeep
|turn|9
|
|t:|1757831142
|-singleturn|p1a: Franky|move: Beak Blast
|move|p2a: Queso|Recover|p2a: Queso
|-heal|p2a: Queso|80/100
|move|p1a: Franky|Beak Blast|p2a: Queso
|-damage|p2a: Queso|41/100
|
|upkeep
|turn|10
|
|t:|1757831145
|-singleturn|p1a: Franky|move: Beak Blast
|move|p2a: Queso|Recover|p2a: Queso
|-heal|p2a: Queso|91/100
|move|p1a: Franky|Beak Blast|p2a: Queso
|-damage|p2a: Queso|52/100
|
|upkeep
|turn|11
|
|t:|1757831147
|-singleturn|p1a: Franky|move: Beak Blast
|move|p2a: Queso|Recover|p2a: Queso
|-heal|p2a: Queso|100/100
|move|p1a: Franky|Beak Blast|p2a: Queso
|-damage|p2a: Queso|59/100
|
|upkeep
|turn|12
|
|t:|1757831150
|-singleturn|p1a: Franky|move: Beak Blast
|move|p2a: Queso|Recover|p2a: Queso
|-heal|p2a: Queso|100/100
|move|p1a: Franky|Beak Blast|p2a: Queso
|-damage|p2a: Queso|63/100
|
|upkeep
|turn|13
|
|t:|1757831152
|-singleturn|p1a: Franky|move: Beak Blast
|move|p2a: Queso|Dazzling Gleam|p1a: Franky
|-damage|p1a: Franky|0 fnt
|faint|p1a: Franky
|
|upkeep
|
|t:|1757831161
|switch|p1a: Shirahoshi|Primarina, F|100/100
|turn|14
|
|t:|1757831167
|move|p2a: Queso|Shadow Ball|p1a: Shirahoshi
|-damage|p1a: Shirahoshi|62/100
|-unboost|p1a: Shirahoshi|spd|1
|move|p1a: Shirahoshi|Psychic Noise|p2a: Queso
|-damage|p2a: Queso|20/100
|-start|p2a: Queso|move: Heal Block
|
|upkeep
|turn|15
|
|t:|1757831174
|move|p2a: Queso|Shadow Ball|p1a: Shirahoshi
|-damage|p1a: Shirahoshi|6/100
|move|p1a: Shirahoshi|Psychic Noise|p2a: Queso
|-damage|p2a: Queso|0 fnt
|faint|p2a: Queso
|
|upkeep
|
|t:|1757831184
|switch|p2a: Elefante|Great Tusk|100/100
|-enditem|p2a: Elefante|Booster Energy
|-activate|p2a: Elefante|ability: Protosynthesis|[fromitem]
|-start|p2a: Elefante|protosynthesisatk
|turn|16
|
|t:|1757831186
|move|p2a: Elefante|Rapid Spin|p1a: Shirahoshi
|-damage|p1a: Shirahoshi|0 fnt
|-boost|p2a: Elefante|spe|1
|faint|p1a: Shirahoshi
|
|upkeep
|
|t:|1757831191
|switch|p1a: Enel|Zapdos|29/100
|turn|17
|
|t:|1757831193
|move|p2a: Elefante|Ice Spinner|p1a: Enel
|-supereffective|p1a: Enel
|-damage|p1a: Enel|0 fnt
|faint|p1a: Enel
|
|upkeep
|
|t:|1757831201
|switch|p1a: Shanks|Zamazenta|100/100
|-ability|p1a: Shanks|Dauntless Shield|boost
|-boost|p1a: Shanks|def|1
|turn|18
|
|t:|1757831206
|-end|p2a: Elefante|Protosynthesis|[silent]
|switch|p2a: Tigre|Landorus-Therian, M|100/100
|-ability|p2a: Tigre|Intimidate|boost
|-unboost|p1a: Shanks|atk|1
|move|p1a: Shanks|Close Combat|p2a: Tigre
|-resisted|p2a: Tigre
|-damage|p2a: Tigre|72/100
|-unboost|p1a: Shanks|def|1
|-unboost|p1a: Shanks|spd|1
|-damage|p1a: Shanks|84/100|[from] item: Rocky Helmet|[of] p2a: Tigre
|
|upkeep
|turn|19
|
|t:|1757831211
|switch|p1a: Monkey D. nite|Dragonite, M|100/100
|move|p2a: Tigre|Earth Power|p1a: Monkey D. nite
|-immune|p1a: Monkey D. nite
|
|upkeep
|turn|20
|
|t:|1757831215
|move|p2a: Tigre|Taunt|p1a: Monkey D. nite
|-start|p1a: Monkey D. nite|move: Taunt
|cant|p1a: Monkey D. nite|move: Taunt|Dragon Dance
|
|upkeep
|turn|21
|
|t:|1757831217
|move|p2a: Tigre|U-turn|p1a: Monkey D. nite
|-resisted|p1a: Monkey D. nite
|-damage|p1a: Monkey D. nite|96/100
|
|t:|1757831221
|switch|p2a: Elefante|Great Tusk|100/100|[from] U-turn
|move|p1a: Monkey D. nite|Scale Shot|p2a: Elefante
|-damage|p2a: Elefante|90/100
|-damage|p2a: Elefante|79/100
|-damage|p2a: Elefante|69/100
|-damage|p2a: Elefante|58/100
|-damage|p2a: Elefante|46/100
|-hitcount|p2a: Elefante|5
|-unboost|p1a: Monkey D. nite|def|1
|-boost|p1a: Monkey D. nite|spe|1
|
|upkeep
|turn|22
|
|t:|1757831231
|-terastallize|p1a: Monkey D. nite|Fire
|move|p1a: Monkey D. nite|Scale Shot|p2a: Elefante
|-damage|p2a: Elefante|35/100
|-damage|p2a: Elefante|24/100
|-damage|p2a: Elefante|13/100
|-damage|p2a: Elefante|1/100
|-hitcount|p2a: Elefante|4
|-unboost|p1a: Monkey D. nite|def|1
|-boost|p1a: Monkey D. nite|spe|1
|move|p2a: Elefante|Ice Spinner|p1a: Monkey D. nite
|-resisted|p1a: Monkey D. nite
|-damage|p1a: Monkey D. nite|61/100
|
|-end|p1a: Monkey D. nite|move: Taunt
|upkeep
|turn|23
|
|t:|1757831238
|move|p1a: Monkey D. nite|Fire Punch|p2a: Elefante
|-damage|p2a: Elefante|0 fnt
|faint|p2a: Elefante
|-end|p2a: Elefante|Protosynthesis|[silent]
|
|upkeep
|
|t:|1757831240
|switch|p2a: Mascara|Ogerpon-Wellspring, F|100/100
|turn|24
|
|t:|1757831243
|move|p1a: Monkey D. nite|Scale Shot|p2a: Mascara|[miss]
|-miss|p1a: Monkey D. nite|p2a: Mascara
|move|p2a: Mascara|Ivy Cudgel|p1a: Monkey D. nite|[anim] Ivy Cudgel Water
|-supereffective|p1a: Monkey D. nite
|-damage|p1a: Monkey D. nite|0 fnt
|faint|p1a: Monkey D. nite
|
|upkeep
|
|t:|1757831245
|switch|p1a: Shanks|Zamazenta|84/100
|turn|25
|
|t:|1757831249
|move|p1a: Shanks|Ice Fang|p2a: Mascara
|-damage|p2a: Mascara|55/100
|move|p2a: Mascara|Ivy Cudgel|p1a: Shanks|[anim] Ivy Cudgel Water
|-damage|p1a: Shanks|26/100
|
|upkeep
|turn|26
|
|t:|1757831252
|move|p1a: Shanks|Ice Fang|p2a: Mascara
|-damage|p2a: Mascara|9/100
|move|p2a: Mascara|Ivy Cudgel|p1a: Shanks|[anim] Ivy Cudgel Water
|-damage|p1a: Shanks|0 fnt
|faint|p1a: Shanks
|
|win|crunk juice34
|raw|romandlui's rating: 1572 &rarr; <strong>1546</strong><br />(-26 for losing)
|raw|crunk juice34's rating: 1466 &rarr; <strong>1492</strong><br />(+26 for winning)
|l|☆romandlui
|player|p1|
|l|☆crunk juice34
|player|p2|
