|j|☆lpdfwfwfw
|j|☆Cooldude1337
|t:|1757825303
|gametype|singles
|player|p1|lpdfwfwfw|elesa|1108
|player|p2|Cooldude1337|chuck|1080
|gen|9
|tier|[Gen 9] OU
|rated|
|rule|HP Percentage Mod: HP is shown in percentages
|rule|Endless Battle Clause: Forcing endless battles is banned
|rule|Species Clause: Limit one of each Pokémon
|rule|OHKO Clause: OHKO moves are banned
|rule|Evasion Items Clause: Evasion items are banned
|rule|Evasion Moves Clause: Evasion moves are banned
|rule|Evasion Abilities Clause: Evasion abilities are banned
|rule|Sleep Moves Clause: Sleep-inducing moves are banned
|clearpoke
|poke|p1|Kingambit, F|
|poke|p1|Great Tusk|
|poke|p1|Gholdengo|
|poke|p1|Zapdos|
|poke|p1|Ogerpon-Wellspring, F|
|poke|p1|Gliscor, F|
|poke|p2|Ninetales, F|
|poke|p2|Ceruledge, M|
|poke|p2|Wo-Chien|
|poke|p2|Hatterene, F|
|poke|p2|Great Tusk|
|poke|p2|Walking Wake|
|teampreview
|inactive|Battle timer is ON: inactive players will automatically lose when time's up. (requested by lpdfwfwfw)
|c|☆lpdfwfwfw|where are you from bro
|c|☆Cooldude1337|america
|
|t:|1757825319
|teamsize|p1|6
|teamsize|p2|6
|start
|switch|p1a: Ogerpon|Ogerpon-Wellspring, F|100/100
|switch|p2a: Dale Wilson|Ninetales, F, shiny|100/100
|-weather|SunnyDay|[from] ability: Drought|[of] p2a: Dale Wilson
|turn|1
|c|☆Cooldude1337|why
|
|t:|1757825338
|-terastallize|p1a: Ogerpon|Water
|detailschange|p1a: Ogerpon|Ogerpon-Wellspring-Tera, F, tera:Water
|-ability|p1a: Ogerpon|Embody Aspect (Wellspring)|boost
|-boost|p1a: Ogerpon|spd|1
|move|p1a: Ogerpon|Swords Dance|p1a: Ogerpon
|-boost|p1a: Ogerpon|atk|2
|move|p2a: Dale Wilson|Will-O-Wisp|p1a: Ogerpon
|-status|p1a: Ogerpon|brn
|
|-weather|SunnyDay|[upkeep]
|-damage|p1a: Ogerpon|95/100 brn|[from] brn
|upkeep
|turn|2
|
|t:|1757825354
|switch|p2a: Wo-Chud|Wo-Chien|100/100
|-ability|p2a: Wo-Chud|Tablets of Ruin
|move|p1a: Ogerpon|Ivy Cudgel|p2a: Wo-Chud|[anim] Ivy Cudgel Water
|-resisted|p2a: Wo-Chud
|-damage|p2a: Wo-Chud|86/100
|
|-weather|SunnyDay|[upkeep]
|-heal|p2a: Wo-Chud|92/100|[from] item: Leftovers
|-damage|p1a: Ogerpon|89/100 brn|[from] brn
|upkeep
|turn|3
|inactive|lpdfwfwfw has 120 seconds left.
|
|t:|1757825377
|switch|p1a: Zapdos|Zapdos|100/100
|move|p2a: Wo-Chud|Growth|p2a: Wo-Chud
|-boost|p2a: Wo-Chud|atk|2
|-boost|p2a: Wo-Chud|spa|2
|
|-weather|SunnyDay|[upkeep]
|-heal|p2a: Wo-Chud|98/100|[from] item: Leftovers
|upkeep
|turn|4
|
|t:|1757825401
|-terastallize|p2a: Wo-Chud|Fire
|move|p1a: Zapdos|Hurricane|p2a: Wo-Chud|[miss]
|-miss|p1a: Zapdos|p2a: Wo-Chud
|move|p2a: Wo-Chud|Growth|p2a: Wo-Chud
|-boost|p2a: Wo-Chud|atk|2
|-boost|p2a: Wo-Chud|spa|2
|
|-weather|SunnyDay|[upkeep]
|-heal|p2a: Wo-Chud|100/100|[from] item: Leftovers
|upkeep
|turn|5
|c|☆lpdfwfwfw|holy luck
|inactive|lpdfwfwfw has 120 seconds left.
|
|t:|1757825420
|move|p1a: Zapdos|Hurricane|p2a: Wo-Chud
|-damage|p2a: Wo-Chud|54/100
|move|p2a: Wo-Chud|Growth|p2a: Wo-Chud
|-boost|p2a: Wo-Chud|atk|2
|-boost|p2a: Wo-Chud|spa|2
|
|-weather|SunnyDay|[upkeep]
|-heal|p2a: Wo-Chud|60/100|[from] item: Leftovers
|upkeep
|turn|6
|c|☆Cooldude1337|all skill
|inactive|lpdfwfwfw has 120 seconds left.
|
|t:|1757825432
|move|p1a: Zapdos|Thunderbolt|p2a: Wo-Chud
|-crit|p2a: Wo-Chud
|-damage|p2a: Wo-Chud|6/100
|move|p2a: Wo-Chud|Giga Drain|p1a: Zapdos
|-resisted|p1a: Zapdos
|-damage|p1a: Zapdos|26/100
|-heal|p2a: Wo-Chud|45/100|[from] drain|[of] p1a: Zapdos
|
|-weather|SunnyDay|[upkeep]
|-heal|p2a: Wo-Chud|51/100|[from] item: Leftovers
|upkeep
|turn|7
|inactive|lpdfwfwfw has 120 seconds left.
|
|t:|1757825442
|move|p1a: Zapdos|Thunderbolt|p2a: Wo-Chud
|-damage|p2a: Wo-Chud|15/100
|move|p2a: Wo-Chud|Giga Drain|p1a: Zapdos
|-resisted|p1a: Zapdos
|-damage|p1a: Zapdos|0 fnt
|-heal|p2a: Wo-Chud|28/100|[from] drain|[of] p1a: Zapdos
|faint|p1a: Zapdos
|
|-weather|SunnyDay|[upkeep]
|-heal|p2a: Wo-Chud|35/100|[from] item: Leftovers
|upkeep
|inactive|lpdfwfwfw has 120 seconds left.
|
|t:|1757825458
|switch|p1a: Gholdengo|Gholdengo|100/100
|-item|p1a: Gholdengo|Air Balloon
|turn|8
|c|☆Cooldude1337|:3
|
|t:|1757825485
|move|p1a: Gholdengo|Shadow Ball|p2a: Wo-Chud
|-damage|p2a: Wo-Chud|3/100
|-unboost|p2a: Wo-Chud|spd|1
|move|p2a: Wo-Chud|Giga Drain|p1a: Gholdengo
|-resisted|p1a: Gholdengo
|-damage|p1a: Gholdengo|31/100
|-heal|p2a: Wo-Chud|45/100|[from] drain|[of] p1a: Gholdengo
|-enditem|p1a: Gholdengo|Air Balloon
|
|-weather|none
|-heal|p2a: Wo-Chud|51/100|[from] item: Leftovers
|upkeep
|turn|9
|c|☆lpdfwfwfw|66666
|inactive|lpdfwfwfw has 90 seconds left.
|c|☆Cooldude1337|send out ur ogerpon
|c|☆Cooldude1337|trust
|-message|lpdfwfwfw forfeited.
|
|win|Cooldude1337
|raw|lpdfwfwfw's rating: 1108 &rarr; <strong>1081</strong><br />(-27 for losing)
|raw|Cooldude1337's rating: 1080 &rarr; <strong>1110</strong><br />(+30 for winning)
|l|☆lpdfwfwfw
|player|p1|
|c|☆Cooldude1337|gg
|l|☆Cooldude1337
|player|p2|
