|j|☆cr aries
|j|☆M4 lema
|t:|1757954585
|gametype|singles
|player|p1|cr aries|2|1694
|player|p2|M4 lema|bellepa|1682
|gen|9
|tier|[Gen 9] OU
|rated|
|rule|HP Percentage Mod: HP is shown in percentages
|rule|Endless Battle Clause: Forcing endless battles is banned
|rule|Species Clause: Limit one of each Pokémon
|rule|OHKO Clause: OHKO moves are banned
|rule|Evasion Items Clause: Evasion items are banned
|rule|Evasion Moves Clause: Evasion moves are banned
|rule|Evasion Abilities Clause: Evasion abilities are banned
|rule|Sleep Moves Clause: Sleep-inducing moves are banned
|clearpoke
|poke|p1|Weavile, M|
|poke|p1|Gholdengo|
|poke|p1|Slowking-Galar, M|
|poke|p1|Corviknight, F|
|poke|p1|Sandy Shocks|
|poke|p1|Heatran, F|
|poke|p2|Pelipper, M|
|poke|p2|Barraskewda, M|
|poke|p2|Iron Treads|
|poke|p2|Thundurus-Therian, M|
|poke|p2|Iron Crown|
|poke|p2|Iron Hands|
|teampreview
|
|t:|1757954597
|teamsize|p1|6
|teamsize|p2|6
|start
|switch|p1a: Slowking|Slowking-Galar, M|100/100
|switch|p2a: Pelipper|Pelipper, M|100/100
|-weather|RainDance|[from] ability: Drizzle|[of] p2a: Pelipper
|turn|1
|
|t:|1757954636
|move|p2a: Pelipper|U-turn|p1a: Slowking
|-damage|p1a: Slowking|91/100
|
|t:|1757954673
|switch|p2a: Iron Hands|Iron Hands|100/100|[from] U-turn
|-prepare|p1a: Slowking|Chilly Reception|[premajor]
|move|p1a: Slowking|Chilly Reception|p1a: Slowking
|-weather|Snowscape
|j| Baby Key
|
|t:|1757954709
|switch|p1a: Gholdengo|Gholdengo|100/100|[from] Chilly Reception
|
|-weather|Snowscape|[upkeep]
|upkeep
|turn|2
|
|t:|1757954738
|-end|p2a: Iron Hands|Quark Drive|[silent]
|switch|p2a: Pelipper|Pelipper, M|100/100
|-weather|RainDance|[from] ability: Drizzle|[of] p2a: Pelipper
|move|p1a: Gholdengo|Shadow Ball|p2a: Pelipper
|-damage|p2a: Pelipper|59/100
|
|-weather|RainDance|[upkeep]
|upkeep
|turn|3
|
|t:|1757954749
|move|p1a: Gholdengo|Shadow Ball|p2a: Pelipper
|-damage|p2a: Pelipper|18/100
|move|p2a: Pelipper|U-turn|p1a: Gholdengo
|-resisted|p1a: Gholdengo
|-damage|p1a: Gholdengo|99/100
|inactive|Battle timer is ON: inactive players will automatically lose when time's up. (requested by cr aries)
|
|t:|1757954753
|switch|p2a: Barraskewda|Barraskewda, M|100/100|[from] U-turn
|
|-weather|RainDance|[upkeep]
|upkeep
|turn|4
|
|t:|1757954768
|-terastallize|p2a: Barraskewda|Water
|move|p2a: Barraskewda|Liquidation|p1a: Gholdengo
|-damage|p1a: Gholdengo|0 fnt
|faint|p1a: Gholdengo
|
|-weather|RainDance|[upkeep]
|upkeep
|
|t:|1757954774
|switch|p1a: Corviknight|Corviknight, F|100/100
|-ability|p1a: Corviknight|Pressure
|turn|5
|
|t:|1757954781
|move|p2a: Barraskewda|Liquidation|p1a: Corviknight
|-damage|p1a: Corviknight|11/100
|-damage|p2a: Barraskewda|84/100|[from] item: Rocky Helmet|[of] p1a: Corviknight
|move|p1a: Corviknight|Brave Bird|p2a: Barraskewda
|-damage|p2a: Barraskewda|12/100
|-damage|p1a: Corviknight|0 fnt|[from] Recoil
|faint|p1a: Corviknight
|
|-weather|RainDance|[upkeep]
|upkeep
|
|t:|1757954787
|switch|p1a: Weavile|Weavile, M|100/100
|turn|6
|
|t:|1757954803
|switch|p2a: Iron Treads|Iron Treads|100/100
|-enditem|p2a: Iron Treads|Booster Energy
|-activate|p2a: Iron Treads|ability: Quark Drive|[fromitem]
|-start|p2a: Iron Treads|quarkdrivespe
|move|p1a: Weavile|Ice Shard|p2a: Iron Treads
|-damage|p2a: Iron Treads|83/100
|
|-weather|RainDance|[upkeep]
|upkeep
|turn|7
|
|t:|1757954809
|move|p2a: Iron Treads|Earthquake|p1a: Weavile
|-damage|p1a: Weavile|26/100
|move|p1a: Weavile|Low Kick|p2a: Iron Treads
|-supereffective|p2a: Iron Treads
|-damage|p2a: Iron Treads|5/100
|
|-weather|RainDance|[upkeep]
|upkeep
|turn|8
|
|t:|1757954815
|move|p1a: Weavile|Ice Shard|p2a: Iron Treads
|-damage|p2a: Iron Treads|0 fnt
|faint|p2a: Iron Treads
|-end|p2a: Iron Treads|Quark Drive|[silent]
|
|-weather|RainDance|[upkeep]
|upkeep
|
|t:|1757954821
|switch|p2a: Barraskewda|Barraskewda, M, tera:Water|12/100
|turn|9
|
|t:|1757954827
|switch|p1a: Slowking|Slowking-Galar, M|100/100
|move|p2a: Barraskewda|Aqua Jet|p1a: Slowking
|-damage|p1a: Slowking|31/100
|
|-weather|none
|upkeep
|turn|10
|
|t:|1757954834
|move|p2a: Barraskewda|Aqua Jet|p1a: Slowking
|-damage|p1a: Slowking|0 fnt
|faint|p1a: Slowking
|
|upkeep
|
|t:|1757954844
|switch|p1a: Sandy Shocks|Sandy Shocks|100/100
|-enditem|p1a: Sandy Shocks|Booster Energy
|-activate|p1a: Sandy Shocks|ability: Protosynthesis|[fromitem]
|-start|p1a: Sandy Shocks|protosynthesisspe
|turn|11
|
|t:|1757954848
|switch|p2a: Pelipper|Pelipper, M|18/100
|-weather|RainDance|[from] ability: Drizzle|[of] p2a: Pelipper
|move|p1a: Sandy Shocks|Thunderbolt|p2a: Pelipper
|-supereffective|p2a: Pelipper
|-damage|p2a: Pelipper|0 fnt
|faint|p2a: Pelipper
|
|-weather|RainDance|[upkeep]
|upkeep
|
|t:|1757954855
|switch|p2a: Barraskewda|Barraskewda, M, tera:Water|12/100
|turn|12
|
|t:|1757954857
|-end|p1a: Sandy Shocks|Protosynthesis|[silent]
|switch|p1a: Heatran|Heatran, F|100/100
|move|p2a: Barraskewda|Flip Turn|p1a: Heatran
|-supereffective|p1a: Heatran
|-damage|p1a: Heatran|0 fnt
|faint|p1a: Heatran
|
|t:|1757954867
|switch|p2a: Iron Hands|Iron Hands|100/100|[from] Flip Turn
|
|-weather|RainDance|[upkeep]
|upkeep
|
|t:|1757954870
|switch|p1a: Sandy Shocks|Sandy Shocks|100/100
|turn|13
|
|t:|1757954873
|move|p1a: Sandy Shocks|Earth Power|p2a: Iron Hands
|-supereffective|p2a: Iron Hands
|-damage|p2a: Iron Hands|29/100
|-unboost|p2a: Iron Hands|spd|1
|move|p2a: Iron Hands|Ice Punch|p1a: Sandy Shocks
|-supereffective|p1a: Sandy Shocks
|-crit|p1a: Sandy Shocks
|-damage|p1a: Sandy Shocks|0 fnt
|faint|p1a: Sandy Shocks
|-end|p1a: Sandy Shocks|Protosynthesis|[silent]
|
|-weather|RainDance|[upkeep]
|upkeep
|
|t:|1757954878
|switch|p1a: Weavile|Weavile, M|26/100
|turn|14
|
|t:|1757954882
|move|p1a: Weavile|Low Kick|p2a: Iron Hands
|-damage|p2a: Iron Hands|6/100
|move|p2a: Iron Hands|Drain Punch|p1a: Weavile
|-supereffective|p1a: Weavile
|-damage|p1a: Weavile|0 fnt
|-heal|p2a: Iron Hands|13/100|[from] drain|[of] p1a: Weavile
|faint|p1a: Weavile
|
|win|M4 lema
|raw|cr aries's rating: 1694 &rarr; <strong>1673</strong><br />(-21 for losing)
|raw|M4 lema's rating: 1682 &rarr; <strong>1703</strong><br />(+21 for winning)
|l|☆cr aries
|player|p1|
|l|☆M4 lema
|player|p2|
|l| Baby Key
