|j|☆Zxasdfqw
|j|☆Alligatorgolden2
|t:|1757829021
|gametype|singles
|player|p1|Zxasdfqw|rosa|1238
|player|p2|Alligatorgolden2|lance|1261
|gen|9
|tier|[Gen 9] OU
|rated|
|rule|HP Percentage Mod: HP is shown in percentages
|rule|Endless Battle Clause: Forcing endless battles is banned
|rule|Species Clause: Limit one of each Pokémon
|rule|OHKO Clause: OHKO moves are banned
|rule|Evasion Items Clause: Evasion items are banned
|rule|Evasion Moves Clause: Evasion moves are banned
|rule|Evasion Abilities Clause: Evasion abilities are banned
|rule|Sleep Moves Clause: Sleep-inducing moves are banned
|clearpoke
|poke|p1|Rillaboom, M|
|poke|p1|Ogerpon, F|
|poke|p1|Moltres|
|poke|p1|Gholdengo|
|poke|p1|Samurott-Hisui, M|
|poke|p1|Great Tusk|
|poke|p2|Feraligatr, M|
|poke|p2|Arcanine-Hisui, M|
|poke|p2|Haxorus, M|
|poke|p2|Zoroark-Hisui, F|
|poke|p2|Great Tusk|
|poke|p2|Skeledirge, M|
|teampreview
|inactive|Battle timer is ON: inactive players will automatically lose when time's up. (requested by Zxasdfqw)
|
|t:|1757829047
|teamsize|p1|6
|teamsize|p2|6
|start
|switch|p1a: Samurott|Samurott-Hisui, M, shiny|100/100
|switch|p2a: Helllcycle|Arcanine-Hisui, M|100/100
|turn|1
|
|t:|1757829073
|move|p2a: Helllcycle|Grass Knot|p1a: Samurott
|-supereffective|p1a: Samurott
|-damage|p1a: Samurott|34/100
|move|p1a: Samurott|Ceaseless Edge|p2a: Helllcycle|[miss]
|-miss|p1a: Samurott|p2a: Helllcycle
|
|upkeep
|turn|2
|
|t:|1757829093
|move|p1a: Samurott|Aqua Jet|p2a: Helllcycle
|-damage|p2a: Helllcycle|58/100
|replace|p2a: Bella|Zoroark-Hisui, F
|-end|p2a: Bella|Illusion
|move|p2a: Bella|Hyper Voice|p1a: Samurott
|-damage|p1a: Samurott|0 fnt
|faint|p1a: Samurott
|
|upkeep
|inactive|Zxasdfqw has 120 seconds left.
|
|t:|1757829127
|switch|p1a: Rillaboom|Rillaboom, M, shiny|100/100
|-fieldstart|move: Grassy Terrain|[from] ability: Grassy Surge|[of] p1a: Rillaboom
|turn|3
|
|t:|1757829142
|move|p2a: Bella|Bitter Malice|p1a: Rillaboom
|-crit|p1a: Rillaboom
|-damage|p1a: Rillaboom|33/100
|-unboost|p1a: Rillaboom|atk|1
|move|p1a: Rillaboom|Swords Dance|p1a: Rillaboom
|-boost|p1a: Rillaboom|atk|2
|
|-heal|p2a: Bella|64/100|[from] Grassy Terrain
|-heal|p1a: Rillaboom|39/100|[from] Grassy Terrain
|upkeep
|turn|4
|
|t:|1757829154
|move|p1a: Rillaboom|Grassy Glide|p2a: Bella
|-damage|p2a: Bella|0 fnt
|faint|p2a: Bella
|
|-heal|p1a: Rillaboom|45/100|[from] Grassy Terrain
|upkeep
|
|t:|1757829166
|switch|p2a: Skully|Skeledirge, M, shiny|100/100
|turn|5
|
|t:|1757829177
|switch|p1a: Great Tusk|Great Tusk|100/100
|move|p2a: Skully|Torch Song|p1a: Great Tusk
|-damage|p1a: Great Tusk|56/100
|-boost|p2a: Skully|spa|1
|
|-heal|p1a: Great Tusk|62/100|[from] Grassy Terrain
|-heal|p1a: Great Tusk|68/100|[from] item: Leftovers
|upkeep
|turn|6
|
|t:|1757829191
|-terastallize|p1a: Great Tusk|Ground
|-terastallize|p2a: Skully|Fairy
|move|p1a: Great Tusk|Headlong Rush|p2a: Skully
|-damage|p2a: Skully|25/100
|-unboost|p1a: Great Tusk|def|1
|-unboost|p1a: Great Tusk|spd|1
|move|p2a: Skully|Will-O-Wisp|p1a: Great Tusk
|-status|p1a: Great Tusk|brn
|
|-heal|p1a: Great Tusk|75/100 brn|[from] Grassy Terrain
|-heal|p1a: Great Tusk|81/100 brn|[from] item: Leftovers
|-heal|p2a: Skully|31/100|[from] Grassy Terrain
|-heal|p2a: Skully|37/100|[from] item: Leftovers
|-damage|p1a: Great Tusk|75/100 brn|[from] brn
|upkeep
|turn|7
|inactive|Zxasdfqw has 90 seconds left.
|
|t:|1757829227
|switch|p2a: Hannibal|Great Tusk|100/100
|-enditem|p2a: Hannibal|Booster Energy
|-activate|p2a: Hannibal|ability: Protosynthesis|[fromitem]
|-start|p2a: Hannibal|protosynthesisatk
|move|p1a: Great Tusk|Headlong Rush|p2a: Hannibal
|-damage|p2a: Hannibal|73/100
|-unboost|p1a: Great Tusk|def|1
|-unboost|p1a: Great Tusk|spd|1
|
|-heal|p1a: Great Tusk|81/100 brn|[from] Grassy Terrain
|-heal|p1a: Great Tusk|87/100 brn|[from] item: Leftovers
|-heal|p2a: Hannibal|79/100|[from] Grassy Terrain
|-damage|p1a: Great Tusk|81/100 brn|[from] brn
|upkeep
|turn|8
|inactive|Zxasdfqw has 90 seconds left.
|inactive|Alligatorgolden2 has 120 seconds left.
|
|t:|1757829250
|-end|p1a: Great Tusk|Protosynthesis|[silent]
|switch|p1a: Moltres|Moltres, shiny|100/100
|move|p2a: Hannibal|Ice Spinner|p1a: Moltres
|-damage|p1a: Moltres|69/100
|-fieldend|move: Grassy Terrain
|
|upkeep
|turn|9
|
|t:|1757829259
|move|p1a: Moltres|Roost|p1a: Moltres
|-heal|p1a: Moltres|100/100
|-singleturn|p1a: Moltres|move: Roost
|move|p2a: Hannibal|Stealth Rock|p1a: Moltres
|-sidestart|p1: Zxasdfqw|move: Stealth Rock
|
|upkeep
|turn|10
|
|t:|1757829270
|-end|p2a: Hannibal|Protosynthesis|[silent]
|switch|p2a: Skully|Skeledirge, M, shiny, tera:Fairy|37/100
|move|p1a: Moltres|Hurricane|p2a: Skully|[miss]
|-miss|p1a: Moltres|p2a: Skully
|
|-heal|p2a: Skully|43/100|[from] item: Leftovers
|upkeep
|turn|11
|inactive|Zxasdfqw has 90 seconds left.
|
|t:|1757829279
|move|p1a: Moltres|Hurricane|p2a: Skully
|-damage|p2a: Skully|6/100
|move|p2a: Skully|Slack Off|p2a: Skully
|-heal|p2a: Skully|56/100
|
|-heal|p2a: Skully|62/100|[from] item: Leftovers
|upkeep
|turn|12
|inactive|Zxasdfqw has 90 seconds left.
|
|t:|1757829296
|move|p1a: Moltres|Hurricane|p2a: Skully
|-damage|p2a: Skully|26/100
|-start|p2a: Skully|confusion
|-activate|p2a: Skully|confusion
|move|p2a: Skully|Slack Off|p2a: Skully
|-heal|p2a: Skully|76/100
|
|-heal|p2a: Skully|83/100|[from] item: Leftovers
|upkeep
|turn|13
|inactive|Zxasdfqw has 90 seconds left.
|
|t:|1757829310
|switch|p2a: Alligator|Feraligatr, M|100/100
|move|p1a: Moltres|Will-O-Wisp|p2a: Alligator
|-status|p2a: Alligator|brn
|
|-damage|p2a: Alligator|94/100 brn|[from] brn
|upkeep
|turn|14
|inactive|Zxasdfqw has 90 seconds left.
|
|t:|1757829327
|switch|p1a: Ogerpon|Ogerpon, F|100/100
|-damage|p1a: Ogerpon|88/100|[from] Stealth Rock
|move|p2a: Alligator|Liquidation|p1a: Ogerpon
|-resisted|p1a: Ogerpon
|-crit|p1a: Ogerpon
|-damage|p1a: Ogerpon|55/100
|
|-damage|p2a: Alligator|88/100 brn|[from] brn
|upkeep
|turn|15
|inactive|Zxasdfqw has 90 seconds left.
|
|t:|1757829351
|move|p1a: Ogerpon|Knock Off|p2a: Alligator
|-damage|p2a: Alligator|43/100 brn
|-enditem|p2a: Alligator|Life Orb|[from] move: Knock Off|[of] p1a: Ogerpon
|move|p2a: Alligator|Ice Punch|p1a: Ogerpon
|-supereffective|p1a: Ogerpon
|-damage|p1a: Ogerpon|16/100
|
|-damage|p2a: Alligator|37/100 brn|[from] brn
|upkeep
|turn|16
|inactive|Zxasdfqw has 60 seconds left.
|
|t:|1757829394
|switch|p1a: Great Tusk|Great Tusk, tera:Ground|81/100 brn
|-damage|p1a: Great Tusk|75/100 brn|[from] Stealth Rock
|move|p2a: Alligator|Ice Punch|p1a: Great Tusk
|-supereffective|p1a: Great Tusk
|-damage|p1a: Great Tusk|52/100 brn
|
|-heal|p1a: Great Tusk|58/100 brn|[from] item: Leftovers
|-damage|p1a: Great Tusk|52/100 brn|[from] brn
|-damage|p2a: Alligator|31/100 brn|[from] brn
|upkeep
|turn|17
|
|t:|1757829407
|move|p1a: Great Tusk|Rapid Spin|p2a: Alligator
|-damage|p2a: Alligator|24/100 brn
|-boost|p1a: Great Tusk|spe|1
|-sideend|p1: Zxasdfqw|Stealth Rock|[from] move: Rapid Spin|[of] p1a: Great Tusk
|move|p2a: Alligator|Ice Punch|p1a: Great Tusk
|-supereffective|p1a: Great Tusk
|-damage|p1a: Great Tusk|31/100 brn
|
|-heal|p1a: Great Tusk|37/100 brn|[from] item: Leftovers
|-damage|p1a: Great Tusk|31/100 brn|[from] brn
|-damage|p2a: Alligator|18/100 brn|[from] brn
|upkeep
|turn|18
|
|t:|1757829419
|move|p1a: Great Tusk|Headlong Rush|p2a: Alligator
|-damage|p2a: Alligator|0 fnt
|-unboost|p1a: Great Tusk|def|1
|-unboost|p1a: Great Tusk|spd|1
|faint|p2a: Alligator
|
|-heal|p1a: Great Tusk|37/100 brn|[from] item: Leftovers
|-damage|p1a: Great Tusk|31/100 brn|[from] brn
|upkeep
|
|t:|1757829431
|switch|p2a: Hannibal|Great Tusk|79/100
|turn|19
|
|t:|1757829439
|-end|p1a: Great Tusk|Protosynthesis|[silent]
|switch|p1a: Moltres|Moltres, shiny|100/100
|move|p2a: Hannibal|Stealth Rock|p1a: Moltres
|-sidestart|p1: Zxasdfqw|move: Stealth Rock
|
|upkeep
|turn|20
|inactive|Zxasdfqw has 60 seconds left.
|
|t:|1757829457
|-end|p2a: Hannibal|Protosynthesis|[silent]
|switch|p2a: Dexter Morgan|Haxorus, M|100/100
|-ability|p2a: Dexter Morgan|Mold Breaker
|move|p1a: Moltres|Hurricane|p2a: Dexter Morgan
|-damage|p2a: Dexter Morgan|18/100
|
|upkeep
|turn|21
|
|t:|1757829469
|move|p2a: Dexter Morgan|Dragon Claw|p1a: Moltres
|-damage|p1a: Moltres|52/100
|-status|p2a: Dexter Morgan|brn|[from] ability: Flame Body|[of] p1a: Moltres
|-damage|p2a: Dexter Morgan|8/100 brn|[from] item: Life Orb
|move|p1a: Moltres|Flamethrower|p2a: Dexter Morgan
|-resisted|p2a: Dexter Morgan
|-damage|p2a: Dexter Morgan|0 fnt
|faint|p2a: Dexter Morgan
|
|upkeep
|
|t:|1757829480
|switch|p2a: Skully|Skeledirge, M, shiny, tera:Fairy|83/100
|turn|22
|inactive|Alligatorgolden2 has 120 seconds left.
|
|t:|1757829509
|move|p1a: Moltres|Roost|p1a: Moltres
|-heal|p1a: Moltres|100/100
|-singleturn|p1a: Moltres|move: Roost
|move|p2a: Skully|Torch Song|p1a: Moltres
|-resisted|p1a: Moltres
|-damage|p1a: Moltres|86/100
|-boost|p2a: Skully|spa|1
|
|-heal|p2a: Skully|89/100|[from] item: Leftovers
|upkeep
|turn|23
|inactive|Alligatorgolden2 has 120 seconds left.
|
|t:|1757829520
|move|p1a: Moltres|Hurricane|p2a: Skully|[miss]
|-miss|p1a: Moltres|p2a: Skully
|move|p2a: Skully|Torch Song|p1a: Moltres
|-resisted|p1a: Moltres
|-crit|p1a: Moltres
|-damage|p1a: Moltres|55/100
|-boost|p2a: Skully|spa|1
|
|-heal|p2a: Skully|95/100|[from] item: Leftovers
|upkeep
|turn|24
|inactive|Zxasdfqw has 90 seconds left.
|inactive|Alligatorgolden2 has 120 seconds left.
|
|t:|1757829532
|move|p1a: Moltres|Roost|p1a: Moltres
|-heal|p1a: Moltres|100/100
|-singleturn|p1a: Moltres|move: Roost
|move|p2a: Skully|Torch Song|p1a: Moltres
|-resisted|p1a: Moltres
|-damage|p1a: Moltres|71/100
|-boost|p2a: Skully|spa|1
|
|-heal|p2a: Skully|100/100|[from] item: Leftovers
|upkeep
|turn|25
|inactive|Zxasdfqw has 90 seconds left.
|inactive|Alligatorgolden2 has 120 seconds left.
|
|t:|1757829544
|move|p1a: Moltres|Hurricane|p2a: Skully
|-damage|p2a: Skully|64/100
|move|p2a: Skully|Torch Song|p1a: Moltres
|-resisted|p1a: Moltres
|-damage|p1a: Moltres|33/100
|-boost|p2a: Skully|spa|1
|
|-heal|p2a: Skully|70/100|[from] item: Leftovers
|upkeep
|turn|26
|inactive|Zxasdfqw has 90 seconds left.
|inactive|Alligatorgolden2 has 120 seconds left.
|
|t:|1757829555
|move|p1a: Moltres|Roost|p1a: Moltres
|-heal|p1a: Moltres|83/100
|-singleturn|p1a: Moltres|move: Roost
|move|p2a: Skully|Torch Song|p1a: Moltres
|-resisted|p1a: Moltres
|-damage|p1a: Moltres|39/100
|-boost|p2a: Skully|spa|1
|
|-heal|p2a: Skully|76/100|[from] item: Leftovers
|upkeep
|turn|27
|inactive|Zxasdfqw has 90 seconds left.
|inactive|Alligatorgolden2 has 120 seconds left.
|
|t:|1757829566
|move|p1a: Moltres|Roost|p1a: Moltres
|-heal|p1a: Moltres|89/100
|-singleturn|p1a: Moltres|move: Roost
|move|p2a: Skully|Torch Song|p1a: Moltres
|-resisted|p1a: Moltres
|-crit|p1a: Moltres
|-damage|p1a: Moltres|2/100
|-boost|p2a: Skully|spa|1
|
|-heal|p2a: Skully|82/100|[from] item: Leftovers
|upkeep
|turn|28
|inactive|Zxasdfqw has 90 seconds left.
|inactive|Alligatorgolden2 has 120 seconds left.
|
|t:|1757829579
|move|p1a: Moltres|Roost|p1a: Moltres
|-heal|p1a: Moltres|52/100
|-singleturn|p1a: Moltres|move: Roost
|move|p2a: Skully|Torch Song|p1a: Moltres
|-resisted|p1a: Moltres
|-damage|p1a: Moltres|0 fnt
|faint|p1a: Moltres
|
|-heal|p2a: Skully|88/100|[from] item: Leftovers
|upkeep
|
|t:|1757829595
|switch|p1a: Gholdengo|Gholdengo|100/100
|-damage|p1a: Gholdengo|94/100|[from] Stealth Rock
|-item|p1a: Gholdengo|Air Balloon
|turn|29
|
|t:|1757829602
|move|p1a: Gholdengo|Make It Rain|p2a: Skully
|-supereffective|p2a: Skully
|-crit|p2a: Skully
|-damage|p2a: Skully|0 fnt
|-unboost|p1a: Gholdengo|spa|1
|faint|p2a: Skully
|
|upkeep
|
|t:|1757829611
|switch|p2a: Helllcycle|Arcanine-Hisui, M|100/100
|turn|30
|inactive|Zxasdfqw has 90 seconds left.
|
|t:|1757829618
|move|p2a: Helllcycle|Flare Blitz|p1a: Gholdengo
|-supereffective|p1a: Gholdengo
|-damage|p1a: Gholdengo|0 fnt
|-enditem|p1a: Gholdengo|Air Balloon
|faint|p1a: Gholdengo
|-damage|p2a: Helllcycle|91/100|[from] item: Life Orb
|
|upkeep
|inactive|Zxasdfqw has 90 seconds left.
|
|t:|1757829629
|switch|p1a: Great Tusk|Great Tusk, tera:Ground|31/100 brn
|-damage|p1a: Great Tusk|24/100 brn|[from] Stealth Rock
|turn|31
|
|t:|1757829635
|move|p2a: Helllcycle|Head Smash|p1a: Great Tusk
|-resisted|p1a: Great Tusk
|-damage|p1a: Great Tusk|0 fnt
|faint|p1a: Great Tusk
|-end|p1a: Great Tusk|Protosynthesis|[silent]
|-damage|p2a: Helllcycle|81/100|[from] item: Life Orb
|
|upkeep
|
|t:|1757829642
|switch|p1a: Ogerpon|Ogerpon, F|16/100
|-damage|p1a: Ogerpon|4/100|[from] Stealth Rock
|turn|32
|
|t:|1757829653
|move|p2a: Helllcycle|Extreme Speed|p1a: Ogerpon
|-damage|p1a: Ogerpon|0 fnt
|faint|p1a: Ogerpon
|-damage|p2a: Helllcycle|71/100|[from] item: Life Orb
|
|upkeep
|
|t:|1757829660
|switch|p1a: Rillaboom|Rillaboom, M, shiny|45/100
|-damage|p1a: Rillaboom|33/100|[from] Stealth Rock
|-fieldstart|move: Grassy Terrain|[from] ability: Grassy Surge|[of] p1a: Rillaboom
|turn|33
|
|t:|1757829668
|move|p2a: Helllcycle|Extreme Speed|p1a: Rillaboom
|-damage|p1a: Rillaboom|1/100
|-damage|p2a: Helllcycle|61/100|[from] item: Life Orb
|move|p1a: Rillaboom|High Horsepower|p2a: Helllcycle
|-supereffective|p2a: Helllcycle
|-damage|p2a: Helllcycle|0 fnt
|faint|p2a: Helllcycle
|
|-heal|p1a: Rillaboom|7/100|[from] Grassy Terrain
|upkeep
|
|t:|1757829679
|switch|p2a: Hannibal|Great Tusk|79/100
|turn|34
|
|t:|1757829687
|move|p1a: Rillaboom|Grassy Glide|p2a: Hannibal
|-supereffective|p2a: Hannibal
|-damage|p2a: Hannibal|25/100
|move|p2a: Hannibal|Ice Spinner|p1a: Rillaboom
|-supereffective|p1a: Rillaboom
|-damage|p1a: Rillaboom|0 fnt
|-fieldend|move: Grassy Terrain
|faint|p1a: Rillaboom
|
|win|Alligatorgolden2
|raw|Zxasdfqw's rating: 1238 &rarr; <strong>1215</strong><br />(-23 for losing)
|raw|Alligatorgolden2's rating: 1261 &rarr; <strong>1284</strong><br />(+23 for winning)
|l|☆Zxasdfqw
|player|p1|
|l|☆Alligatorgolden2
|player|p2|
