|j|☆doomfletch
|j|☆Rootliff
|t:|1757854691
|gametype|singles
|player|p1|doomfletch|170|1286
|player|p2|Rootliff|169|1289
|gen|9
|tier|[Gen 9] OU
|rated|
|rule|HP Percentage Mod: HP is shown in percentages
|rule|Endless Battle Clause: Forcing endless battles is banned
|rule|Species Clause: Limit one of each Pokémon
|rule|OHKO Clause: OHKO moves are banned
|rule|Evasion Items Clause: Evasion items are banned
|rule|Evasion Moves Clause: Evasion moves are banned
|rule|Evasion Abilities Clause: Evasion abilities are banned
|rule|Sleep Moves Clause: Sleep-inducing moves are banned
|clearpoke
|poke|p1|Regice|
|poke|p1|Magmortar, M|
|poke|p1|Dusknoir, M|
|poke|p1|Persian-Alola, M|
|poke|p1|Slowking-Galar, M|
|poke|p1|Skarmory, M|
|poke|p2|Moltres|
|poke|p2|Kyurem|
|poke|p2|Dragonite, M|
|poke|p2|Meowscarada, M|
|poke|p2|Garchomp, F|
|poke|p2|Iron Moth|
|teampreview
|inactive|Battle timer is ON: inactive players will automatically lose when time's up. (requested by Rootliff)
|
|t:|1757854762
|teamsize|p1|6
|teamsize|p2|6
|start
|switch|p1a: Persian|Persian-Alola, M|100/100
|switch|p2a: Meowscarada|Meowscarada, M|100/100
|turn|1
|
|t:|1757854775
|move|p2a: Meowscarada|U-turn|p1a: Persian
|-start|p2a: Meowscarada|typechange|Bug|[from] ability: Protean
|-supereffective|p1a: Persian
|-damage|p1a: Persian|48/100
|
|t:|1757854780
|switch|p2a: Moltres|Moltres|100/100|[from] U-turn
|move|p1a: Persian|Thunder Wave|p2a: Moltres
|-status|p2a: Moltres|par
|
|upkeep
|turn|2
|
|t:|1757854786
|move|p1a: Persian|Parting Shot|p2a: Moltres
|-unboost|p2a: Moltres|atk|1
|-unboost|p2a: Moltres|spa|1
|
|t:|1757854797
|switch|p1a: Slowking|Slowking-Galar, M|100/100|[from] Parting Shot
|move|p2a: Moltres|U-turn|p1a: Slowking
|-damage|p1a: Slowking|91/100
|
|t:|1757854804
|switch|p2a: Meowscarada|Meowscarada, M|100/100|[from] U-turn
|
|upkeep
|turn|3
|
|t:|1757854811
|-terastallize|p1a: Slowking|Dark
|move|p2a: Meowscarada|Knock Off|p1a: Slowking
|-start|p2a: Meowscarada|typechange|Dark|[from] ability: Protean
|-resisted|p1a: Slowking
|-damage|p1a: Slowking|67/100
|-enditem|p1a: Slowking|Heavy-Duty Boots|[from] move: Knock Off|[of] p2a: Meowscarada
|move|p1a: Slowking|Sludge Bomb|p2a: Meowscarada
|-damage|p2a: Meowscarada|49/100
|
|upkeep
|turn|4
|
|t:|1757854828
|move|p2a: Meowscarada|U-turn|p1a: Slowking
|-supereffective|p1a: Slowking
|-damage|p1a: Slowking|25/100
|
|t:|1757854833
|switch|p2a: Moltres|Moltres|100/100 par|[from] U-turn
|move|p1a: Slowking|Sludge Bomb|p2a: Moltres
|-damage|p2a: Moltres|70/100 par
|
|upkeep
|turn|5
|
|t:|1757854841
|move|p2a: Moltres|U-turn|p1a: Slowking
|-supereffective|p1a: Slowking
|-damage|p1a: Slowking|0 fnt
|faint|p1a: Slowking
|
|t:|1757854846
|switch|p2a: Meowscarada|Meowscarada, M|49/100|[from] U-turn
|
|upkeep
|-message|doomfletch forfeited.
|
|win|Rootliff
|raw|doomfletch's rating: 1286 &rarr; <strong>1261</strong><br />(-25 for losing)
|raw|Rootliff's rating: 1289 &rarr; <strong>1314</strong><br />(+25 for winning)
|l|☆doomfletch
|player|p1|
|l|☆Rootliff
|player|p2|
