|j|☆fallery
|j|☆dragon de hilos
|t:|1757822481
|gametype|singles
|player|p1|fallery|pokekid|1399
|player|p2|dragon de hilos|riley|1373
|gen|9
|tier|[Gen 9] OU
|rated|
|rule|HP Percentage Mod: HP is shown in percentages
|rule|Endless Battle Clause: Forcing endless battles is banned
|rule|Species Clause: Limit one of each Pokémon
|rule|OHKO Clause: OHKO moves are banned
|rule|Evasion Items Clause: Evasion items are banned
|rule|Evasion Moves Clause: Evasion moves are banned
|rule|Evasion Abilities Clause: Evasion abilities are banned
|rule|Sleep Moves Clause: Sleep-inducing moves are banned
|clearpoke
|poke|p1|Serperior, M|
|poke|p1|Lokix, M|
|poke|p1|Slowking-Galar, F|
|poke|p1|Corviknight, M|
|poke|p1|Zamazenta-*|
|poke|p1|Iron Moth|
|poke|p2|Darkrai|
|poke|p2|Cinderace, M|
|poke|p2|Garganacl, M|
|poke|p2|Zapdos|
|poke|p2|Deoxys-Speed|
|poke|p2|Ting-Lu|
|teampreview
|inactive|Battle timer is ON: inactive players will automatically lose when time's up. (requested by dragon de hilos)
|
|t:|1757822511
|teamsize|p1|6
|teamsize|p2|6
|start
|switch|p1a: Lokix|Lokix, M|100/100
|switch|p2a: Garganacl|Garganacl, M|100/100
|turn|1
|
|t:|1757822517
|move|p1a: Lokix|Axe Kick|p2a: Garganacl
|-supereffective|p2a: Garganacl
|-damage|p2a: Garganacl|38/100
|-start|p2a: Garganacl|confusion
|-damage|p1a: Lokix|84/100|[from] item: Rocky Helmet|[of] p2a: Garganacl
|-activate|p2a: Garganacl|confusion
|move|p2a: Garganacl|Salt Cure|p1a: Lokix
|-supereffective|p1a: Lokix
|-damage|p1a: Lokix|46/100
|-start|p1a: Lokix|Salt Cure
|
|-damage|p1a: Lokix|34/100|[from] Salt Cure
|upkeep
|turn|2
|
|t:|1757822526
|switch|p1a: Slowking|Slowking-Galar, F|100/100
|-terastallize|p2a: Garganacl|Ghost
|-activate|p2a: Garganacl|confusion
|-damage|p2a: Garganacl|33/100|[from] confusion
|
|upkeep
|turn|3
|
|t:|1757822536
|-activate|p2a: Garganacl|confusion
|move|p2a: Garganacl|Recover|p2a: Garganacl
|-heal|p2a: Garganacl|83/100
|move|p1a: Slowking|Toxic|p2a: Garganacl
|-immune|p2a: Garganacl|[from] ability: Purifying Salt
|
|upkeep
|turn|4
|
|t:|1757822546
|-end|p2a: Garganacl|confusion
|move|p2a: Garganacl|Salt Cure|p1a: Slowking
|-damage|p1a: Slowking|87/100
|-start|p1a: Slowking|Salt Cure
|-prepare|p1a: Slowking|Chilly Reception|[premajor]
|move|p1a: Slowking|Chilly Reception|p1a: Slowking
|-weather|Snowscape
|
|t:|1757822551
|switch|p1a: Lokix|Lokix, M|34/100|[from] Chilly Reception
|
|-weather|Snowscape|[upkeep]
|upkeep
|turn|5
|
|t:|1757822554
|move|p2a: Garganacl|Protect|p2a: Garganacl
|-singleturn|p2a: Garganacl|Protect
|move|p1a: Lokix|Knock Off|p2a: Garganacl
|-activate|p2a: Garganacl|move: Protect
|
|-weather|Snowscape|[upkeep]
|upkeep
|turn|6
|
|t:|1757822558
|switch|p2a: Zapdos|Zapdos|100/100
|move|p1a: Lokix|Knock Off|p2a: Zapdos
|-damage|p2a: Zapdos|23/100
|-enditem|p2a: Zapdos|Heavy-Duty Boots|[from] move: Knock Off|[of] p1a: Lokix
|
|-weather|Snowscape|[upkeep]
|upkeep
|turn|7
|
|t:|1757822567
|switch|p1a: Slowking|Slowking-Galar, F|100/100
|move|p2a: Zapdos|Volt Switch|p1a: Slowking
|-damage|p1a: Slowking|79/100
|
|t:|1757822572
|switch|p2a: Darkrai|Darkrai|100/100|[from] Volt Switch
|
|-weather|Snowscape|[upkeep]
|-heal|p1a: Slowking|85/100|[from] item: Leftovers
|upkeep
|turn|8
|
|t:|1757822581
|move|p2a: Darkrai|Trick|p1a: Slowking
|-activate|p2a: Darkrai|move: Trick|[of] p1a: Slowking
|-item|p1a: Slowking|Choice Specs|[from] move: Trick
|-item|p2a: Darkrai|Leftovers|[from] move: Trick
|move|p1a: Slowking|Thunder Wave|p2a: Darkrai
|-status|p2a: Darkrai|par
|
|-weather|none
|upkeep
|turn|9
|
|t:|1757822589
|switch|p1a: Corviknight|Corviknight, M|100/100
|cant|p2a: Darkrai|par
|
|upkeep
|turn|10
|
|t:|1757822593
|switch|p2a: Ting-Lu|Ting-Lu|100/100
|-ability|p2a: Ting-Lu|Vessel of Ruin
|move|p1a: Corviknight|U-turn|p2a: Ting-Lu
|-supereffective|p2a: Ting-Lu
|-damage|p2a: Ting-Lu|87/100
|
|t:|1757822599
|switch|p1a: Lokix|Lokix, M|34/100|[from] U-turn
|
|-heal|p2a: Ting-Lu|93/100|[from] item: Leftovers
|upkeep
|turn|11
|
|t:|1757822603
|move|p1a: Lokix|U-turn|p2a: Ting-Lu
|-supereffective|p2a: Ting-Lu
|-damage|p2a: Ting-Lu|53/100
|
|t:|1757822614
|switch|p1a: Serperior|Serperior, M|100/100|[from] U-turn
|move|p2a: Ting-Lu|Spikes|p1a: Serperior
|-sidestart|p1: fallery|Spikes
|
|-heal|p2a: Ting-Lu|59/100|[from] item: Leftovers
|upkeep
|turn|12
|
|t:|1757822621
|move|p1a: Serperior|Substitute|p1a: Serperior
|-start|p1a: Serperior|Substitute
|-damage|p1a: Serperior|75/100
|move|p2a: Ting-Lu|Whirlwind|p1a: Serperior
|drag|p1a: Iron Moth|Iron Moth|100/100
|-damage|p1a: Iron Moth|88/100|[from] Spikes
|-enditem|p1a: Iron Moth|Booster Energy
|-activate|p1a: Iron Moth|ability: Quark Drive|[fromitem]
|-start|p1a: Iron Moth|quarkdrivespe
|
|-heal|p2a: Ting-Lu|65/100|[from] item: Leftovers
|upkeep
|turn|13
|
|t:|1757822631
|-end|p1a: Iron Moth|Quark Drive|[silent]
|switch|p1a: Corviknight|Corviknight, M|100/100
|move|p2a: Ting-Lu|Spikes|p1a: Corviknight
|-sidestart|p1: fallery|Spikes
|
|-heal|p2a: Ting-Lu|71/100|[from] item: Leftovers
|upkeep
|turn|14
|
|t:|1757822635
|move|p1a: Corviknight|Defog|p2a: Ting-Lu
|-unboost|p2a: Ting-Lu|evasion|1
|-sideend|p1: fallery|Spikes|[from] move: Defog|[of] p1a: Corviknight
|move|p2a: Ting-Lu|Ruination|p1a: Corviknight
|-damage|p1a: Corviknight|50/100
|
|-heal|p2a: Ting-Lu|78/100|[from] item: Leftovers
|upkeep
|turn|15
|
|t:|1757822640
|move|p1a: Corviknight|U-turn|p2a: Ting-Lu
|-supereffective|p2a: Ting-Lu
|-crit|p2a: Ting-Lu
|-damage|p2a: Ting-Lu|59/100
|
|t:|1757822642
|switch|p1a: Lokix|Lokix, M|34/100|[from] U-turn
|move|p2a: Ting-Lu|Spikes|p1a: Lokix
|-sidestart|p1: fallery|Spikes
|
|-heal|p2a: Ting-Lu|65/100|[from] item: Leftovers
|upkeep
|turn|16
|
|t:|1757822645
|move|p1a: Lokix|Axe Kick|p2a: Ting-Lu
|-supereffective|p2a: Ting-Lu
|-damage|p2a: Ting-Lu|15/100
|move|p2a: Ting-Lu|Spikes|p1a: Lokix
|-sidestart|p1: fallery|Spikes
|
|-heal|p2a: Ting-Lu|21/100|[from] item: Leftovers
|upkeep
|turn|17
|
|t:|1757822649
|move|p1a: Lokix|Axe Kick|p2a: Ting-Lu
|-supereffective|p2a: Ting-Lu
|-damage|p2a: Ting-Lu|0 fnt
|faint|p2a: Ting-Lu
|
|upkeep
|
|t:|1757822653
|switch|p2a: Deoxys|Deoxys-Speed|100/100
|-ability|p2a: Deoxys|Pressure
|turn|18
|
|t:|1757822665
|switch|p1a: Corviknight|Corviknight, M|50/100
|move|p2a: Deoxys|Thunderbolt|p1a: Corviknight
|-supereffective|p1a: Corviknight
|-damage|p1a: Corviknight|0 fnt
|faint|p1a: Corviknight
|-damage|p2a: Deoxys|91/100|[from] item: Life Orb
|
|upkeep
|
|t:|1757822671
|switch|p1a: Slowking|Slowking-Galar, F|100/100
|-damage|p1a: Slowking|84/100|[from] Spikes
|turn|19
|
|t:|1757822677
|move|p2a: Deoxys|Dark Pulse|p1a: Slowking
|-supereffective|p1a: Slowking
|-damage|p1a: Slowking|48/100
|-damage|p2a: Deoxys|81/100|[from] item: Life Orb
|cant|p1a: Slowking|flinch
|
|upkeep
|turn|20
|
|t:|1757822681
|move|p2a: Deoxys|Dark Pulse|p1a: Slowking
|-supereffective|p1a: Slowking
|-damage|p1a: Slowking|15/100
|-damage|p2a: Deoxys|71/100|[from] item: Life Orb
|move|p1a: Slowking|Thunder Wave|p2a: Deoxys
|-status|p2a: Deoxys|par
|
|upkeep
|turn|21
|
|t:|1757822686
|cant|p2a: Deoxys|par
|move|p1a: Slowking|Thunder Wave|p2a: Deoxys
|-fail|p2a: Deoxys|par
|
|upkeep
|turn|22
|
|t:|1757822690
|move|p2a: Deoxys|Ice Beam|p1a: Slowking
|-crit|p1a: Slowking
|-damage|p1a: Slowking|0 fnt
|faint|p1a: Slowking
|-damage|p2a: Deoxys|61/100 par|[from] item: Life Orb
|
|upkeep
|
|t:|1757822701
|switch|p1a: Serperior|Serperior, M|75/100
|-damage|p1a: Serperior|59/100|[from] Spikes
|turn|23
|
|t:|1757822709
|-terastallize|p1a: Serperior|Fire
|move|p1a: Serperior|Substitute|p1a: Serperior
|-start|p1a: Serperior|Substitute
|-damage|p1a: Serperior|34/100
|move|p2a: Deoxys|Ice Beam|p1a: Serperior
|-resisted|p1a: Serperior
|-activate|p1a: Serperior|move: Substitute|[damage]
|-damage|p2a: Deoxys|51/100 par|[from] item: Life Orb
|
|-heal|p1a: Serperior|40/100|[from] item: Leftovers
|upkeep
|turn|24
|
|t:|1757822712
|move|p1a: Serperior|Leaf Storm|p2a: Deoxys
|-damage|p2a: Deoxys|0 fnt
|-boost|p1a: Serperior|spa|2
|faint|p2a: Deoxys
|
|-heal|p1a: Serperior|46/100|[from] item: Leftovers
|upkeep
|
|t:|1757822717
|switch|p2a: Darkrai|Darkrai|100/100 par
|turn|25
|
|t:|1757822721
|move|p1a: Serperior|Leaf Storm|p2a: Darkrai
|-damage|p2a: Darkrai|0 fnt
|-boost|p1a: Serperior|spa|2
|faint|p2a: Darkrai
|
|-heal|p1a: Serperior|53/100|[from] item: Leftovers
|upkeep
|
|t:|1757822724
|switch|p2a: Cinderace|Cinderace, M|100/100
|turn|26
|
|t:|1757822728
|move|p2a: Cinderace|Pyro Ball|p1a: Serperior
|-resisted|p1a: Serperior
|-end|p1a: Serperior|Substitute
|move|p1a: Serperior|Dragon Pulse|p2a: Cinderace
|-damage|p2a: Cinderace|13/100
|
|-heal|p1a: Serperior|59/100|[from] item: Leftovers
|upkeep
|turn|27
|
|t:|1757822740
|move|p2a: Cinderace|High Jump Kick|p1a: Serperior
|-start|p2a: Cinderace|typechange|Fighting|[from] ability: Libero
|-damage|p1a: Serperior|0 fnt
|faint|p1a: Serperior
|
|upkeep
|
|t:|1757822748
|switch|p1a: Zamazenta|Zamazenta|100/100
|-damage|p1a: Zamazenta|84/100|[from] Spikes
|-ability|p1a: Zamazenta|Dauntless Shield|boost
|-boost|p1a: Zamazenta|def|1
|turn|28
|
|t:|1757822751
|switch|p2a: Garganacl|Garganacl, M, tera:Ghost|83/100
|move|p1a: Zamazenta|Crunch|p2a: Garganacl
|-supereffective|p2a: Garganacl
|-damage|p2a: Garganacl|61/100
|-damage|p1a: Zamazenta|68/100|[from] item: Rocky Helmet|[of] p2a: Garganacl
|
|-heal|p1a: Zamazenta|74/100|[from] item: Leftovers
|upkeep
|turn|29
|
|t:|1757822757
|move|p1a: Zamazenta|Crunch|p2a: Garganacl
|-supereffective|p2a: Garganacl
|-damage|p2a: Garganacl|37/100
|-damage|p1a: Zamazenta|57/100|[from] item: Rocky Helmet|[of] p2a: Garganacl
|move|p2a: Garganacl|Stealth Rock|p1a: Zamazenta
|-sidestart|p1: fallery|move: Stealth Rock
|
|-heal|p1a: Zamazenta|63/100|[from] item: Leftovers
|upkeep
|turn|30
|
|t:|1757822777
|move|p1a: Zamazenta|Crunch|p2a: Garganacl
|-supereffective|p2a: Garganacl
|-damage|p2a: Garganacl|14/100
|-damage|p1a: Zamazenta|47/100|[from] item: Rocky Helmet|[of] p2a: Garganacl
|move|p2a: Garganacl|Recover|p2a: Garganacl
|-heal|p2a: Garganacl|64/100
|
|-heal|p1a: Zamazenta|53/100|[from] item: Leftovers
|upkeep
|turn|31
|
|t:|1757822785
|move|p1a: Zamazenta|Crunch|p2a: Garganacl
|-supereffective|p2a: Garganacl
|-damage|p2a: Garganacl|41/100
|-damage|p1a: Zamazenta|37/100|[from] item: Rocky Helmet|[of] p2a: Garganacl
|move|p2a: Garganacl|Recover|p2a: Garganacl
|-heal|p2a: Garganacl|91/100
|
|-heal|p1a: Zamazenta|43/100|[from] item: Leftovers
|upkeep
|turn|32
|
|t:|1757822792
|move|p1a: Zamazenta|Crunch|p2a: Garganacl
|-supereffective|p2a: Garganacl
|-damage|p2a: Garganacl|69/100
|-damage|p1a: Zamazenta|26/100|[from] item: Rocky Helmet|[of] p2a: Garganacl
|move|p2a: Garganacl|Salt Cure|p1a: Zamazenta
|-resisted|p1a: Zamazenta
|-damage|p1a: Zamazenta|23/100
|-start|p1a: Zamazenta|Salt Cure
|
|-heal|p1a: Zamazenta|29/100|[from] item: Leftovers
|-damage|p1a: Zamazenta|17/100|[from] Salt Cure
|upkeep
|turn|33
|
|t:|1757822795
|switch|p1a: Iron Moth|Iron Moth|88/100
|-damage|p1a: Iron Moth|72/100|[from] Spikes
|-damage|p1a: Iron Moth|47/100|[from] Stealth Rock
|move|p2a: Garganacl|Recover|p2a: Garganacl
|-heal|p2a: Garganacl|100/100
|
|upkeep
|turn|34
|
|t:|1757822800
|move|p1a: Iron Moth|Sludge Wave|p2a: Garganacl
|-resisted|p2a: Garganacl
|-damage|p2a: Garganacl|77/100
|move|p2a: Garganacl|Salt Cure|p1a: Iron Moth
|-supereffective|p1a: Iron Moth
|-damage|p1a: Iron Moth|3/100
|-start|p1a: Iron Moth|Salt Cure
|
|-damage|p1a: Iron Moth|0 fnt|[from] Salt Cure
|faint|p1a: Iron Moth
|-end|p1a: Iron Moth|Quark Drive|[silent]
|upkeep
|
|t:|1757822802
|switch|p1a: Lokix|Lokix, M|34/100
|-damage|p1a: Lokix|17/100|[from] Spikes
|-damage|p1a: Lokix|0 fnt|[from] Stealth Rock
|faint|p1a: Lokix
|
|t:|1757822804
|switch|p1a: Zamazenta|Zamazenta|17/100
|-damage|p1a: Zamazenta|0 fnt|[from] Spikes
|faint|p1a: Zamazenta
|
|win|dragon de hilos
|raw|fallery's rating: 1399 &rarr; <strong>1378</strong><br />(-21 for losing)
|raw|dragon de hilos's rating: 1373 &rarr; <strong>1394</strong><br />(+21 for winning)
|l|☆dragon de hilos
|player|p2|
|l|☆fallery
|player|p1|
