|j|☆Aggron1337
|j|☆bladegalaxy
|t:|1757819444
|gametype|singles
|player|p1|Aggron1337|pokemaniac|1451
|player|p2|bladegalaxy|1|1510
|gen|9
|tier|[Gen 9] OU
|rated|
|rule|HP Percentage Mod: HP is shown in percentages
|rule|Endless Battle Clause: Forcing endless battles is banned
|rule|Species Clause: Limit one of each Pokémon
|rule|OHKO Clause: OHKO moves are banned
|rule|Evasion Items Clause: Evasion items are banned
|rule|Evasion Moves Clause: Evasion moves are banned
|rule|Evasion Abilities Clause: Evasion abilities are banned
|rule|Sleep Moves Clause: Sleep-inducing moves are banned
|clearpoke
|poke|p1|Kyurem|
|poke|p1|Excadrill, M|
|poke|p1|Samurott-Hisui, F|
|poke|p1|Cramorant, F|
|poke|p1|Hatterene, F|
|poke|p1|Zapdos|
|poke|p2|Garganacl, M|
|poke|p2|Clefable, F|
|poke|p2|Cinderace, M|
|poke|p2|Manaphy|
|poke|p2|Ogerpon-Cornerstone, F|
|poke|p2|Great Tusk|
|teampreview
|inactive|Battle timer is ON: inactive players will automatically lose when time's up. (requested by bladegalaxy)
|
|t:|1757819464
|teamsize|p1|6
|teamsize|p2|6
|start
|switch|p1a: Cramorant|Cramorant, F|100/100
|switch|p2a: Garganacl|Garganacl, M|100/100
|turn|1
|
|t:|1757819471
|move|p1a: Cramorant|Surf|p2a: Garganacl
|-formechange|p1a: Cramorant|Cramorant-Gulping|
|-supereffective|p2a: Garganacl
|-damage|p2a: Garganacl|51/100
|move|p2a: Garganacl|Salt Cure|p1a: Cramorant
|-supereffective|p1a: Cramorant
|-damage|p1a: Cramorant|53/100
|-start|p1a: Cramorant|Salt Cure
|-damage|p2a: Garganacl|26/100|[from] ability: Gulp Missile|[of] p1a: Cramorant
|-unboost|p2a: Garganacl|def|1
|-formechange|p1a: Cramorant|Cramorant|
|
|-heal|p2a: Garganacl|33/100|[from] item: Leftovers
|-damage|p1a: Cramorant|28/100|[from] Salt Cure
|upkeep
|turn|2
|
|t:|1757819485
|move|p2a: Garganacl|Protect|p2a: Garganacl
|-singleturn|p2a: Garganacl|Protect
|move|p1a: Cramorant|Roost|p1a: Cramorant
|-heal|p1a: Cramorant|78/100
|-singleturn|p1a: Cramorant|move: Roost
|
|-heal|p2a: Garganacl|39/100|[from] item: Leftovers
|-damage|p1a: Cramorant|53/100|[from] Salt Cure
|upkeep
|turn|3
|
|t:|1757819494
|switch|p2a: Clefable|Clefable, F|100/100
|move|p1a: Cramorant|Roost|p1a: Cramorant
|-heal|p1a: Cramorant|100/100
|-singleturn|p1a: Cramorant|move: Roost
|
|-damage|p1a: Cramorant|75/100|[from] Salt Cure
|upkeep
|turn|4
|
|t:|1757819500
|switch|p1a: Excadrill|Excadrill, M|100/100
|-ability|p1a: Excadrill|Mold Breaker
|move|p2a: Clefable|Knock Off|p1a: Excadrill
|-damage|p1a: Excadrill|83/100
|-enditem|p1a: Excadrill|Leftovers|[from] move: Knock Off|[of] p2a: Clefable
|
|upkeep
|turn|5
|
|t:|1757819515
|switch|p2a: Great Tusk|Great Tusk|100/100
|move|p1a: Excadrill|Iron Head|p2a: Great Tusk
|-damage|p2a: Great Tusk|76/100
|
|upkeep
|turn|6
|
|t:|1757819521
|-end|p2a: Great Tusk|Protosynthesis|[silent]
|switch|p2a: Garganacl|Garganacl, M|39/100
|switch|p1a: Zapdos|Zapdos, shiny|100/100
|
|-heal|p2a: Garganacl|45/100|[from] item: Leftovers
|upkeep
|turn|7
|
|t:|1757819534
|move|p1a: Zapdos|U-turn|p2a: Garganacl
|-damage|p2a: Garganacl|36/100
|
|t:|1757819536
|switch|p1a: Hatterene|Hatterene, F|100/100|[from] U-turn
|move|p2a: Garganacl|Recover|p2a: Garganacl
|-heal|p2a: Garganacl|86/100
|
|-heal|p2a: Garganacl|92/100|[from] item: Leftovers
|upkeep
|turn|8
|
|t:|1757819540
|move|p2a: Garganacl|Salt Cure|p1a: Hatterene
|-damage|p1a: Hatterene|84/100
|-start|p1a: Hatterene|Salt Cure
|move|p1a: Hatterene|Nuzzle|p2a: Garganacl
|-damage|p2a: Garganacl|89/100
|
|-heal|p2a: Garganacl|95/100|[from] item: Leftovers
|-heal|p1a: Hatterene|90/100|[from] item: Leftovers
|-damage|p1a: Hatterene|78/100|[from] Salt Cure
|upkeep
|turn|9
|
|t:|1757819545
|move|p2a: Garganacl|Salt Cure|p1a: Hatterene
|-damage|p1a: Hatterene|63/100
|move|p1a: Hatterene|Calm Mind|p1a: Hatterene
|-boost|p1a: Hatterene|spa|1
|-boost|p1a: Hatterene|spd|1
|
|-heal|p2a: Garganacl|100/100|[from] item: Leftovers
|-heal|p1a: Hatterene|69/100|[from] item: Leftovers
|-damage|p1a: Hatterene|56/100|[from] Salt Cure
|upkeep
|turn|10
|
|t:|1757819551
|switch|p2a: Clefable|Clefable, F|100/100
|move|p1a: Hatterene|Draining Kiss|p2a: Clefable
|-damage|p2a: Clefable|73/100
|-heal|p1a: Hatterene|82/100|[from] drain|[of] p2a: Clefable
|
|-heal|p2a: Clefable|79/100|[from] item: Leftovers
|-heal|p1a: Hatterene|88/100|[from] item: Leftovers
|-damage|p1a: Hatterene|76/100|[from] Salt Cure
|upkeep
|turn|11
|
|t:|1757819554
|move|p2a: Clefable|Knock Off|p1a: Hatterene
|-damage|p1a: Hatterene|60/100
|-enditem|p1a: Hatterene|Leftovers|[from] move: Knock Off|[of] p2a: Clefable
|move|p1a: Hatterene|Nuzzle|p2a: Clefable
|-damage|p2a: Clefable|76/100
|-status|p2a: Clefable|par
|
|-heal|p2a: Clefable|82/100 par|[from] item: Leftovers
|-damage|p1a: Hatterene|48/100|[from] Salt Cure
|upkeep
|turn|12
|
|t:|1757819561
|switch|p2a: Garganacl|Garganacl, M|100/100
|move|p1a: Hatterene|Draining Kiss|p2a: Garganacl
|-damage|p2a: Garganacl|69/100
|-heal|p1a: Hatterene|78/100|[from] drain|[of] p2a: Garganacl
|
|-heal|p2a: Garganacl|75/100|[from] item: Leftovers
|-damage|p1a: Hatterene|66/100|[from] Salt Cure
|upkeep
|turn|13
|
|t:|1757819565
|move|p2a: Garganacl|Salt Cure|p1a: Hatterene
|-damage|p1a: Hatterene|49/100
|move|p1a: Hatterene|Calm Mind|p1a: Hatterene
|-boost|p1a: Hatterene|spa|1
|-boost|p1a: Hatterene|spd|1
|
|-heal|p2a: Garganacl|81/100|[from] item: Leftovers
|-damage|p1a: Hatterene|36/100|[from] Salt Cure
|upkeep
|turn|14
|
|t:|1757819569
|switch|p2a: Clefable|Clefable, F|82/100 par
|move|p1a: Hatterene|Draining Kiss|p2a: Clefable
|-damage|p2a: Clefable|55/100 par
|-heal|p1a: Hatterene|62/100|[from] drain|[of] p2a: Clefable
|
|-heal|p2a: Clefable|61/100 par|[from] item: Leftovers
|-damage|p1a: Hatterene|50/100|[from] Salt Cure
|upkeep
|turn|15
|
|t:|1757819571
|move|p1a: Hatterene|Draining Kiss|p2a: Clefable
|-damage|p2a: Clefable|33/100 par
|-heal|p1a: Hatterene|75/100|[from] drain|[of] p2a: Clefable
|move|p2a: Clefable|Moonlight|p2a: Clefable
|-heal|p2a: Clefable|83/100 par
|
|-heal|p2a: Clefable|89/100 par|[from] item: Leftovers
|-damage|p1a: Hatterene|63/100|[from] Salt Cure
|upkeep
|turn|16
|
|t:|1757819576
|move|p1a: Hatterene|Draining Kiss|p2a: Clefable
|-damage|p2a: Clefable|63/100 par
|-heal|p1a: Hatterene|87/100|[from] drain|[of] p2a: Clefable
|move|p2a: Clefable|Moonblast|p1a: Hatterene
|-damage|p1a: Hatterene|55/100
|
|-heal|p2a: Clefable|70/100 par|[from] item: Leftovers
|-damage|p1a: Hatterene|43/100|[from] Salt Cure
|upkeep
|turn|17
|
|t:|1757819580
|move|p1a: Hatterene|Draining Kiss|p2a: Clefable
|-damage|p2a: Clefable|42/100 par
|-heal|p1a: Hatterene|68/100|[from] drain|[of] p2a: Clefable
|move|p2a: Clefable|Moonblast|p1a: Hatterene
|-damage|p1a: Hatterene|34/100
|-unboost|p1a: Hatterene|spa|1
|
|-heal|p2a: Clefable|48/100 par|[from] item: Leftovers
|-damage|p1a: Hatterene|22/100|[from] Salt Cure
|upkeep
|turn|18
|
|t:|1757819585
|move|p1a: Hatterene|Psyshock|p2a: Clefable
|-damage|p2a: Clefable|14/100 par
|move|p2a: Clefable|Moonlight|p2a: Clefable
|-heal|p2a: Clefable|64/100 par
|
|-heal|p2a: Clefable|70/100 par|[from] item: Leftovers
|-damage|p1a: Hatterene|10/100|[from] Salt Cure
|upkeep
|turn|19
|
|t:|1757819591
|move|p1a: Hatterene|Draining Kiss|p2a: Clefable
|-damage|p2a: Clefable|42/100 par
|-heal|p1a: Hatterene|36/100|[from] drain|[of] p2a: Clefable
|move|p2a: Clefable|Moonblast|p1a: Hatterene
|-damage|p1a: Hatterene|6/100
|-unboost|p1a: Hatterene|spa|1
|
|-heal|p2a: Clefable|48/100 par|[from] item: Leftovers
|-damage|p1a: Hatterene|0 fnt|[from] Salt Cure
|faint|p1a: Hatterene
|upkeep
|
|t:|1757819596
|switch|p1a: Excadrill|Excadrill, M|83/100
|-ability|p1a: Excadrill|Mold Breaker
|turn|20
|
|t:|1757819599
|switch|p2a: Great Tusk|Great Tusk|76/100
|move|p1a: Excadrill|Earthquake|p2a: Great Tusk
|-damage|p2a: Great Tusk|46/100
|
|upkeep
|turn|21
|
|t:|1757819604
|move|p2a: Great Tusk|Knock Off|p1a: Excadrill
|-damage|p1a: Excadrill|58/100
|move|p1a: Excadrill|Earthquake|p2a: Great Tusk
|-damage|p2a: Great Tusk|18/100
|
|upkeep
|turn|22
|
|t:|1757819609
|switch|p1a: Zapdos|Zapdos, shiny|100/100
|move|p2a: Great Tusk|Headlong Rush|p1a: Zapdos
|-immune|p1a: Zapdos
|
|upkeep
|turn|23
|
|t:|1757819612
|-end|p2a: Great Tusk|Protosynthesis|[silent]
|switch|p2a: Garganacl|Garganacl, M|81/100
|move|p1a: Zapdos|Hurricane|p2a: Garganacl
|-resisted|p2a: Garganacl
|-damage|p2a: Garganacl|65/100
|-start|p2a: Garganacl|confusion
|
|-heal|p2a: Garganacl|71/100|[from] item: Leftovers
|upkeep
|turn|24
|
|t:|1757819619
|move|p1a: Zapdos|Thunderbolt|p2a: Garganacl
|-damage|p2a: Garganacl|44/100
|-activate|p2a: Garganacl|confusion
|move|p2a: Garganacl|Stealth Rock|p1a: Zapdos
|-sidestart|p1: Aggron1337|move: Stealth Rock
|
|-heal|p2a: Garganacl|50/100|[from] item: Leftovers
|upkeep
|turn|25
|
|t:|1757819626
|move|p1a: Zapdos|U-turn|p2a: Garganacl
|-damage|p2a: Garganacl|41/100
|
|t:|1757819628
|switch|p1a: Excadrill|Excadrill, M|58/100|[from] U-turn
|-damage|p1a: Excadrill|55/100|[from] Stealth Rock
|-ability|p1a: Excadrill|Mold Breaker
|-activate|p2a: Garganacl|confusion
|move|p2a: Garganacl|Recover|p2a: Garganacl
|-heal|p2a: Garganacl|91/100
|
|-heal|p2a: Garganacl|97/100|[from] item: Leftovers
|upkeep
|turn|26
|
|t:|1757819633
|move|p1a: Excadrill|Rapid Spin|p2a: Garganacl
|-resisted|p2a: Garganacl
|-damage|p2a: Garganacl|92/100
|-boost|p1a: Excadrill|spe|1
|-sideend|p1: Aggron1337|Stealth Rock|[from] move: Rapid Spin|[of] p1a: Excadrill
|-activate|p2a: Garganacl|confusion
|move|p2a: Garganacl|Salt Cure|p1a: Excadrill
|-resisted|p1a: Excadrill
|-damage|p1a: Excadrill|51/100
|-start|p1a: Excadrill|Salt Cure
|
|-heal|p2a: Garganacl|99/100|[from] item: Leftovers
|-damage|p1a: Excadrill|26/100|[from] Salt Cure
|upkeep
|turn|27
|
|t:|1757819642
|-activate|p2a: Garganacl|confusion
|move|p2a: Garganacl|Protect|p2a: Garganacl
|-singleturn|p2a: Garganacl|Protect
|move|p1a: Excadrill|Swords Dance|p1a: Excadrill
|-boost|p1a: Excadrill|atk|2
|
|-heal|p2a: Garganacl|100/100|[from] item: Leftovers
|-damage|p1a: Excadrill|1/100|[from] Salt Cure
|upkeep
|turn|28
|
|t:|1757819650
|switch|p2a: Great Tusk|Great Tusk|18/100
|move|p1a: Excadrill|Iron Head|p2a: Great Tusk
|-damage|p2a: Great Tusk|0 fnt
|faint|p2a: Great Tusk
|-end|p2a: Great Tusk|Protosynthesis|[silent]
|
|-damage|p1a: Excadrill|0 fnt|[from] Salt Cure
|faint|p1a: Excadrill
|upkeep
|
|t:|1757819656
|switch|p2a: Cinderace|Cinderace, M|100/100
|switch|p1a: Samurott|Samurott-Hisui, F|100/100
|turn|29
|
|t:|1757819663
|-terastallize|p1a: Samurott|Poison
|move|p2a: Cinderace|U-turn|p1a: Samurott
|-start|p2a: Cinderace|typechange|Bug|[from] ability: Libero
|-resisted|p1a: Samurott
|-damage|p1a: Samurott|80/100
|
|t:|1757819671
|switch|p2a: Ogerpon|Ogerpon-Cornerstone, F|100/100|[from] U-turn
|move|p1a: Samurott|Aqua Cutter|p2a: Ogerpon
|-ability|p2a: Ogerpon|Sturdy
|-damage|p2a: Ogerpon|1/100
|
|upkeep
|turn|30
|
|t:|1757819677
|switch|p1a: Cramorant|Cramorant, F|75/100
|move|p2a: Ogerpon|Ivy Cudgel|p1a: Cramorant|[anim] Ivy Cudgel Rock
|-supereffective|p1a: Cramorant
|-damage|p1a: Cramorant|0 fnt
|faint|p1a: Cramorant
|
|upkeep
|
|t:|1757819682
|switch|p1a: Samurott|Samurott-Hisui, F, tera:Poison|80/100
|turn|31
|
|t:|1757819685
|move|p1a: Samurott|Aqua Jet|p2a: Ogerpon
|-damage|p2a: Ogerpon|0 fnt
|faint|p2a: Ogerpon
|
|upkeep
|
|t:|1757819688
|switch|p2a: Manaphy|Manaphy|100/100
|turn|32
|
|t:|1757819690
|switch|p1a: Kyurem|Kyurem|100/100
|-ability|p1a: Kyurem|Pressure
|move|p2a: Manaphy|Substitute|p2a: Manaphy
|-start|p2a: Manaphy|Substitute
|-damage|p2a: Manaphy|76/100
|
|-heal|p2a: Manaphy|82/100|[from] item: Leftovers
|upkeep
|turn|33
|
|t:|1757819693
|-terastallize|p2a: Manaphy|Steel
|move|p2a: Manaphy|Tail Glow|p2a: Manaphy
|-boost|p2a: Manaphy|spa|3
|move|p1a: Kyurem|Dragon Dance|p1a: Kyurem
|-boost|p1a: Kyurem|atk|1
|-boost|p1a: Kyurem|spe|1
|
|-heal|p2a: Manaphy|88/100|[from] item: Leftovers
|upkeep
|turn|34
|
|t:|1757819699
|move|p1a: Kyurem|Scale Shot|p2a: Manaphy
|-resisted|p2a: Manaphy
|-activate|p2a: Manaphy|move: Substitute|[damage]
|-resisted|p2a: Manaphy
|-activate|p2a: Manaphy|move: Substitute|[damage]
|-resisted|p2a: Manaphy
|-end|p2a: Manaphy|Substitute
|-resisted|p2a: Manaphy
|-damage|p2a: Manaphy|76/100
|-resisted|p2a: Manaphy
|-damage|p2a: Manaphy|65/100
|-hitcount|p2a: Manaphy|5
|-unboost|p1a: Kyurem|def|1
|-boost|p1a: Kyurem|spe|1
|move|p2a: Manaphy|Alluring Voice|p1a: Kyurem
|-supereffective|p1a: Kyurem
|-damage|p1a: Kyurem|0 fnt
|faint|p1a: Kyurem
|
|-heal|p2a: Manaphy|71/100|[from] item: Leftovers
|upkeep
|
|t:|1757819706
|switch|p1a: Samurott|Samurott-Hisui, F, tera:Poison|80/100
|turn|35
|
|t:|1757819710
|move|p2a: Manaphy|Surf|p1a: Samurott
|-damage|p1a: Samurott|0 fnt
|faint|p1a: Samurott
|
|-heal|p2a: Manaphy|77/100|[from] item: Leftovers
|upkeep
|-message|Aggron1337 forfeited.
|
|win|bladegalaxy
|raw|Aggron1337's rating: 1451 &rarr; <strong>1434</strong><br />(-17 for losing)
|raw|bladegalaxy's rating: 1510 &rarr; <strong>1527</strong><br />(+17 for winning)
|l|☆Aggron1337
|player|p1|
|l|☆bladegalaxy
|player|p2|
