|j|☆harleywood
|j|☆lubada$$
|t:|1757907014
|gametype|singles
|player|p1|harleywood|cyclistf-gen4|1134
|player|p2|lubada$$|roxie|1201
|gen|9
|tier|[Gen 9] OU
|rated|
|rule|HP Percentage Mod: HP is shown in percentages
|rule|Endless Battle Clause: Forcing endless battles is banned
|rule|Species Clause: Limit one of each Pokémon
|rule|OHKO Clause: OHKO moves are banned
|rule|Evasion Items Clause: Evasion items are banned
|rule|Evasion Moves Clause: Evasion moves are banned
|rule|Evasion Abilities Clause: Evasion abilities are banned
|rule|Sleep Moves Clause: Sleep-inducing moves are banned
|clearpoke
|poke|p1|Clodsire, M|
|poke|p1|Rotom-Wash|
|poke|p1|Tinkaton, F|
|poke|p1|Iron Moth|
|poke|p1|Swampert, F|
|poke|p1|Scyther, M|
|poke|p2|Scizor, F|
|poke|p2|Cinderace, F|
|poke|p2|Zapdos|
|poke|p2|Landorus-Therian, M|
|poke|p2|Raging Bolt|
|poke|p2|Iron Valiant|
|teampreview
|inactive|Battle timer is ON: inactive players will automatically lose when time's up. (requested by lubada$$)
|
|t:|1757907024
|teamsize|p1|6
|teamsize|p2|6
|start
|switch|p1a: Rotom|Rotom-Wash|100/100
|switch|p2a: Cinderace|Cinderace, F|100/100
|turn|1
|
|t:|1757907032
|move|p2a: Cinderace|U-turn|p1a: Rotom
|-damage|p1a: Rotom|85/100
|
|t:|1757907045
|switch|p2a: Raging Bolt|Raging Bolt|100/100|[from] U-turn
|-enditem|p2a: Raging Bolt|Booster Energy
|-activate|p2a: Raging Bolt|ability: Protosynthesis|[fromitem]
|-start|p2a: Raging Bolt|protosynthesisspa
|move|p1a: Rotom|Hydro Pump|p2a: Raging Bolt
|-resisted|p2a: Raging Bolt
|-damage|p2a: Raging Bolt|77/100
|
|-heal|p1a: Rotom|91/100|[from] item: Leftovers
|upkeep
|turn|2
|
|t:|1757907059
|switch|p1a: Clodsire|Clodsire, M|100/100
|move|p2a: Raging Bolt|Calm Mind|p2a: Raging Bolt
|-boost|p2a: Raging Bolt|spa|1
|-boost|p2a: Raging Bolt|spd|1
|
|upkeep
|turn|3
|
|t:|1757907067
|move|p2a: Raging Bolt|Dragon Pulse|p1a: Clodsire
|-damage|p1a: Clodsire|46/100
|move|p1a: Clodsire|Earthquake|p2a: Raging Bolt
|-supereffective|p2a: Raging Bolt
|-damage|p2a: Raging Bolt|25/100
|
|-heal|p1a: Clodsire|52/100|[from] item: Black Sludge
|upkeep
|turn|4
|
|t:|1757907075
|switch|p1a: Tinkaton|Tinkaton, F|100/100
|-ability|p1a: Tinkaton|Mold Breaker
|move|p2a: Raging Bolt|Dragon Pulse|p1a: Tinkaton
|-immune|p1a: Tinkaton
|
|upkeep
|turn|5
|
|t:|1757907088
|-end|p2a: Raging Bolt|Protosynthesis|[silent]
|switch|p2a: Zapdos|Zapdos|100/100
|move|p1a: Tinkaton|Knock Off|p2a: Zapdos
|-damage|p2a: Zapdos|72/100
|-enditem|p2a: Zapdos|Heavy-Duty Boots|[from] move: Knock Off|[of] p1a: Tinkaton
|
|upkeep
|turn|6
|
|t:|1757907098
|switch|p1a: Clodsire|Clodsire, M|52/100
|move|p2a: Zapdos|Volt Switch|p1a: Clodsire
|-immune|p1a: Clodsire
|
|-heal|p1a: Clodsire|59/100|[from] item: Black Sludge
|upkeep
|turn|7
|
|t:|1757907106
|move|p2a: Zapdos|Hurricane|p1a: Clodsire
|-damage|p1a: Clodsire|27/100
|move|p1a: Clodsire|Stealth Rock|p2a: Zapdos
|-sidestart|p2: lubada$$|move: Stealth Rock
|
|-heal|p1a: Clodsire|33/100|[from] item: Black Sludge
|upkeep
|turn|8
|
|t:|1757907113
|move|p2a: Zapdos|Hurricane|p1a: Clodsire
|-damage|p1a: Clodsire|5/100
|move|p1a: Clodsire|Rest|p1a: Clodsire
|-status|p1a: Clodsire|slp|[from] move: Rest
|-heal|p1a: Clodsire|100/100 slp|[silent]
|
|upkeep
|turn|9
|
|t:|1757907121
|switch|p1a: Rotom|Rotom-Wash|91/100
|move|p2a: Zapdos|Roost|p2a: Zapdos
|-heal|p2a: Zapdos|100/100
|-singleturn|p2a: Zapdos|move: Roost
|
|-heal|p1a: Rotom|97/100|[from] item: Leftovers
|upkeep
|turn|10
|
|t:|1757907135
|move|p2a: Zapdos|Volt Switch|p1a: Rotom
|-damage|p1a: Rotom|56/100
|
|t:|1757907149
|switch|p2a: Raging Bolt|Raging Bolt|25/100|[from] Volt Switch
|-damage|p2a: Raging Bolt|13/100|[from] Stealth Rock
|move|p1a: Rotom|Volt Switch|p2a: Raging Bolt
|-resisted|p2a: Raging Bolt
|-damage|p2a: Raging Bolt|6/100
|
|t:|1757907157
|switch|p1a: Clodsire|Clodsire, M|100/100 slp|[from] Volt Switch
|
|upkeep
|turn|11
|
|t:|1757907164
|move|p2a: Raging Bolt|Calm Mind|p2a: Raging Bolt
|-boost|p2a: Raging Bolt|spa|1
|-boost|p2a: Raging Bolt|spd|1
|cant|p1a: Clodsire|slp
|
|upkeep
|turn|12
|
|t:|1757907170
|move|p2a: Raging Bolt|Dragon Pulse|p1a: Clodsire
|-damage|p1a: Clodsire|61/100 slp
|cant|p1a: Clodsire|slp
|
|-heal|p1a: Clodsire|67/100 slp|[from] item: Black Sludge
|upkeep
|turn|13
|
|t:|1757907176
|move|p2a: Raging Bolt|Dragon Pulse|p1a: Clodsire
|-damage|p1a: Clodsire|30/100 slp
|-curestatus|p1a: Clodsire|slp|[msg]
|move|p1a: Clodsire|Rest|p1a: Clodsire
|-status|p1a: Clodsire|slp|[from] move: Rest
|-heal|p1a: Clodsire|100/100 slp|[silent]
|
|upkeep
|turn|14
|
|t:|1757907183
|switch|p1a: Tinkaton|Tinkaton, F|100/100
|-ability|p1a: Tinkaton|Mold Breaker
|move|p2a: Raging Bolt|Calm Mind|p2a: Raging Bolt
|-boost|p2a: Raging Bolt|spa|1
|-boost|p2a: Raging Bolt|spd|1
|
|upkeep
|turn|15
|
|t:|1757907190
|move|p1a: Tinkaton|Knock Off|p2a: Raging Bolt
|-damage|p2a: Raging Bolt|0 fnt
|faint|p2a: Raging Bolt
|-end|p2a: Raging Bolt|Protosynthesis|[silent]
|
|upkeep
|
|t:|1757907194
|switch|p2a: Cinderace|Cinderace, F|100/100
|turn|16
|
|t:|1757907201
|switch|p1a: Rotom|Rotom-Wash|56/100
|move|p2a: Cinderace|Court Change|p2a: Cinderace
|-swapsideconditions
|-activate|p2a: Cinderace|move: Court Change
|
|-heal|p1a: Rotom|62/100|[from] item: Leftovers
|upkeep
|turn|17
|
|t:|1757907209
|move|p2a: Cinderace|U-turn|p1a: Rotom
|-damage|p1a: Rotom|46/100
|
|t:|1757907227
|switch|p2a: Zapdos|Zapdos|100/100|[from] U-turn
|move|p1a: Rotom|Hydro Pump|p2a: Zapdos
|-damage|p2a: Zapdos|50/100
|
|-heal|p1a: Rotom|52/100|[from] item: Leftovers
|upkeep
|turn|18
|
|t:|1757907235
|move|p2a: Zapdos|Volt Switch|p1a: Rotom
|-damage|p1a: Rotom|12/100
|
|t:|1757907241
|switch|p2a: Scizor|Scizor, F|100/100|[from] Volt Switch
|move|p1a: Rotom|Hydro Pump|p2a: Scizor|[miss]
|-miss|p1a: Rotom|p2a: Scizor
|
|-heal|p1a: Rotom|19/100|[from] item: Leftovers
|upkeep
|turn|19
|
|t:|1757907249
|move|p1a: Rotom|Protect|p1a: Rotom
|-singleturn|p1a: Rotom|Protect
|move|p2a: Scizor|Knock Off|p1a: Rotom
|-activate|p1a: Rotom|move: Protect
|
|-heal|p1a: Rotom|25/100|[from] item: Leftovers
|upkeep
|turn|20
|
|t:|1757907268
|move|p1a: Rotom|Volt Switch|p2a: Scizor
|-damage|p2a: Scizor|64/100
|
|t:|1757907280
|switch|p1a: Clodsire|Clodsire, M|100/100 slp|[from] Volt Switch
|-damage|p1a: Clodsire|94/100 slp|[from] Stealth Rock
|move|p2a: Scizor|Knock Off|p1a: Clodsire
|-damage|p1a: Clodsire|54/100 slp
|-enditem|p1a: Clodsire|Black Sludge|[from] move: Knock Off|[of] p2a: Scizor
|
|upkeep
|turn|21
|
|t:|1757907297
|switch|p2a: Landorus|Landorus-Therian, M|100/100
|-ability|p2a: Landorus|Intimidate|boost
|-unboost|p1a: Clodsire|atk|1
|cant|p1a: Clodsire|slp
|
|upkeep
|turn|22
|
|t:|1757907304
|switch|p1a: Rotom|Rotom-Wash|25/100
|-damage|p1a: Rotom|12/100|[from] Stealth Rock
|move|p2a: Landorus|Earthquake|p1a: Rotom
|-immune|p1a: Rotom|[from] ability: Levitate
|
|-heal|p1a: Rotom|19/100|[from] item: Leftovers
|upkeep
|turn|23
|
|t:|1757907314
|move|p2a: Landorus|Stone Edge|p1a: Rotom
|-crit|p1a: Rotom
|-damage|p1a: Rotom|0 fnt
|faint|p1a: Rotom
|
|upkeep
|
|t:|1757907323
|switch|p1a: Swampert|Swampert, F|100/100
|-damage|p1a: Swampert|94/100|[from] Stealth Rock
|turn|24
|
|t:|1757907330
|switch|p2a: Cinderace|Cinderace, F|100/100
|move|p1a: Swampert|Ice Punch|p2a: Cinderace
|-resisted|p2a: Cinderace
|-damage|p2a: Cinderace|78/100
|
|upkeep
|turn|25
|
|t:|1757907339
|switch|p1a: Clodsire|Clodsire, M|54/100 slp
|-damage|p1a: Clodsire|48/100 slp|[from] Stealth Rock
|move|p2a: Cinderace|U-turn|p1a: Clodsire
|-resisted|p1a: Clodsire
|-damage|p1a: Clodsire|38/100 slp
|
|t:|1757907348
|switch|p2a: Landorus|Landorus-Therian, M|100/100|[from] U-turn
|-ability|p2a: Landorus|Intimidate|boost
|-unboost|p1a: Clodsire|atk|1
|
|upkeep
|turn|26
|
|t:|1757907355
|move|p2a: Landorus|Earthquake|p1a: Clodsire
|-supereffective|p1a: Clodsire
|-damage|p1a: Clodsire|0 fnt
|faint|p1a: Clodsire
|
|upkeep
|
|t:|1757907363
|switch|p1a: Scyther|Scyther, M|100/100
|-damage|p1a: Scyther|51/100|[from] Stealth Rock
|turn|27
|
|t:|1757907371
|switch|p2a: Scizor|Scizor, F|64/100
|move|p1a: Scyther|Dual Wingbeat|p2a: Scizor
|-damage|p2a: Scizor|35/100
|-enditem|p2a: Scizor|Sitrus Berry|[eat]
|-heal|p2a: Scizor|59/100|[from] item: Sitrus Berry
|-damage|p2a: Scizor|33/100
|-hitcount|p2a: Scizor|2
|
|upkeep
|turn|28
|
|t:|1757907383
|move|p1a: Scyther|Dual Wingbeat|p2a: Scizor
|-damage|p2a: Scizor|7/100
|-damage|p2a: Scizor|0 fnt
|faint|p2a: Scizor
|-hitcount|p2: Scizor|2
|
|upkeep
|
|t:|1757907395
|switch|p2a: Iron Valiant|Iron Valiant|100/100
|-enditem|p2a: Iron Valiant|Booster Energy
|-activate|p2a: Iron Valiant|ability: Quark Drive|[fromitem]
|-start|p2a: Iron Valiant|quarkdrivespe
|turn|29
|
|t:|1757907404
|move|p2a: Iron Valiant|Moonblast|p1a: Scyther
|-damage|p1a: Scyther|3/100
|-unboost|p1a: Scyther|spa|1
|move|p1a: Scyther|Defog|p2a: Iron Valiant
|-unboost|p2a: Iron Valiant|evasion|1
|-sideend|p1: harleywood|Stealth Rock|[from] move: Defog|[of] p1a: Scyther
|
|upkeep
|turn|30
|
|t:|1757907416
|move|p2a: Iron Valiant|Encore|p1a: Scyther
|-start|p1a: Scyther|Encore
|move|p1a: Scyther|Defog|p2a: Iron Valiant
|-unboost|p2a: Iron Valiant|evasion|1
|
|upkeep
|turn|31
|
|t:|1757907426
|-end|p2a: Iron Valiant|Quark Drive|[silent]
|switch|p2a: Landorus|Landorus-Therian, M|100/100
|-ability|p2a: Landorus|Intimidate|boost
|-unboost|p1a: Scyther|atk|1
|switch|p1a: Tinkaton|Tinkaton, F|100/100
|-ability|p1a: Tinkaton|Mold Breaker
|
|upkeep
|turn|32
|
|t:|1757907434
|switch|p1a: Scyther|Scyther, M|3/100
|move|p2a: Landorus|Taunt|p1a: Scyther
|-start|p1a: Scyther|move: Taunt
|
|upkeep
|turn|33
|
|t:|1757907441
|move|p1a: Scyther|Dual Wingbeat|p2a: Landorus
|-damage|p2a: Landorus|68/100
|-damage|p2a: Landorus|36/100
|-hitcount|p2a: Landorus|2
|move|p2a: Landorus|Stealth Rock|p1a: Scyther
|-sidestart|p1: harleywood|move: Stealth Rock
|
|upkeep
|turn|34
|
|t:|1757907447
|switch|p2a: Zapdos|Zapdos|50/100
|move|p1a: Scyther|Dual Wingbeat|p2a: Zapdos|[miss]
|-miss|p1a: Scyther|p2a: Zapdos
|
|-end|p1a: Scyther|move: Taunt
|upkeep
|turn|35
|
|t:|1757907459
|move|p1a: Scyther|Dual Wingbeat|p2a: Zapdos
|-resisted|p2a: Zapdos
|-damage|p2a: Zapdos|34/100
|-resisted|p2a: Zapdos
|-damage|p2a: Zapdos|16/100
|-hitcount|p2a: Zapdos|2
|move|p2a: Zapdos|Roost|p2a: Zapdos
|-heal|p2a: Zapdos|66/100
|-singleturn|p2a: Zapdos|move: Roost
|
|upkeep
|turn|36
|
|t:|1757907469
|move|p1a: Scyther|Quick Attack|p2a: Zapdos
|-crit|p2a: Zapdos
|-damage|p2a: Zapdos|31/100
|move|p2a: Zapdos|Volt Switch|p1a: Scyther
|-supereffective|p1a: Scyther
|-damage|p1a: Scyther|0 fnt
|faint|p1a: Scyther
|
|t:|1757907477
|switch|p2a: Cinderace|Cinderace, F|78/100|[from] Volt Switch
|
|upkeep
|
|t:|1757907484
|switch|p1a: Swampert|Swampert, F|94/100
|-damage|p1a: Swampert|88/100|[from] Stealth Rock
|turn|37
|
|t:|1757907489
|-terastallize|p1a: Swampert|Water
|move|p2a: Cinderace|U-turn|p1a: Swampert
|-damage|p1a: Swampert|70/100
|
|t:|1757907505
|switch|p2a: Zapdos|Zapdos|31/100|[from] U-turn
|move|p1a: Swampert|Liquidation|p2a: Zapdos
|-damage|p2a: Zapdos|0 fnt
|faint|p2a: Zapdos
|
|upkeep
|
|t:|1757907509
|switch|p2a: Landorus|Landorus-Therian, M|36/100
|-ability|p2a: Landorus|Intimidate|boost
|-unboost|p1a: Swampert|atk|1
|turn|38
|
|t:|1757907518
|-terastallize|p2a: Landorus|Water
|move|p2a: Landorus|Earthquake|p1a: Swampert
|-damage|p1a: Swampert|4/100
|move|p1a: Swampert|Liquidation|p2a: Landorus
|-resisted|p2a: Landorus
|-damage|p2a: Landorus|0 fnt
|faint|p2a: Landorus
|
|upkeep
|
|t:|1757907529
|switch|p2a: Cinderace|Cinderace, F|78/100
|turn|39
|
|t:|1757907532
|move|p2a: Cinderace|U-turn|p1a: Swampert
|-damage|p1a: Swampert|0 fnt
|faint|p1a: Swampert
|
|t:|1757907539
|switch|p2a: Iron Valiant|Iron Valiant|100/100|[from] U-turn
|
|upkeep
|
|t:|1757907544
|switch|p1a: Tinkaton|Tinkaton, F|100/100
|-damage|p1a: Tinkaton|94/100|[from] Stealth Rock
|-ability|p1a: Tinkaton|Mold Breaker
|turn|40
|
|t:|1757907559
|move|p2a: Iron Valiant|Knock Off|p1a: Tinkaton
|-resisted|p1a: Tinkaton
|-damage|p1a: Tinkaton|76/100
|-enditem|p1a: Tinkaton|Assault Vest|[from] move: Knock Off|[of] p2a: Iron Valiant
|move|p1a: Tinkaton|Gigaton Hammer|p2a: Iron Valiant
|-supereffective|p2a: Iron Valiant
|-damage|p2a: Iron Valiant|0 fnt
|faint|p2a: Iron Valiant
|-end|p2a: Iron Valiant|Quark Drive|[silent]
|
|upkeep
|
|t:|1757907566
|switch|p2a: Cinderace|Cinderace, F|78/100
|turn|41
|
|t:|1757907572
|move|p2a: Cinderace|Pyro Ball|p1a: Tinkaton
|-supereffective|p1a: Tinkaton
|-damage|p1a: Tinkaton|0 fnt
|faint|p1a: Tinkaton
|
|upkeep
|
|t:|1757907577
|switch|p1a: Iron Moth|Iron Moth|100/100
|-damage|p1a: Iron Moth|76/100|[from] Stealth Rock
|-enditem|p1a: Iron Moth|Booster Energy
|-activate|p1a: Iron Moth|ability: Quark Drive|[fromitem]
|-start|p1a: Iron Moth|quarkdrivespa
|turn|42
|
|t:|1757907583
|move|p2a: Cinderace|Pyro Ball|p1a: Iron Moth
|-resisted|p1a: Iron Moth
|-damage|p1a: Iron Moth|34/100
|move|p1a: Iron Moth|Morning Sun|p1a: Iron Moth
|-heal|p1a: Iron Moth|84/100
|
|upkeep
|turn|43
|
|t:|1757907589
|move|p2a: Cinderace|Pyro Ball|p1a: Iron Moth
|-resisted|p1a: Iron Moth
|-damage|p1a: Iron Moth|43/100
|move|p1a: Iron Moth|Sludge Wave|p2a: Cinderace
|-damage|p2a: Cinderace|0 fnt
|faint|p2a: Cinderace
|
|win|harleywood
|raw|harleywood's rating: 1134 &rarr; <strong>1164</strong><br />(+30 for winning)
|raw|lubada$$'s rating: 1201 &rarr; <strong>1171</strong><br />(-30 for losing)
|l|☆lubada$$
|player|p2|
|c|☆harleywood|gg
|l|☆harleywood
|player|p1|
|j|☆harleywood
|player|p1|harleywood|cyclistf-gen4|
