|j|☆papagalos123
|j|☆mustang Dijon
|t:|1757806362
|gametype|singles
|player|p1|papagalos123|101|1194
|player|p2|mustang Dijon|blue|1261
|gen|9
|tier|[Gen 9] OU
|rated|
|rule|HP Percentage Mod: HP is shown in percentages
|rule|Endless Battle Clause: Forcing endless battles is banned
|rule|Species Clause: Limit one of each Pokémon
|rule|OHKO Clause: OHKO moves are banned
|rule|Evasion Items Clause: Evasion items are banned
|rule|Evasion Moves Clause: Evasion moves are banned
|rule|Evasion Abilities Clause: Evasion abilities are banned
|rule|Sleep Moves Clause: Sleep-inducing moves are banned
|clearpoke
|poke|p1|Weavile, M|
|poke|p1|Landorus-Therian, M|
|poke|p1|Scizor, M|
|poke|p1|Zapdos|
|poke|p1|Slowking-Galar, M|
|poke|p1|Ting-Lu|
|poke|p2|Weavile, M|
|poke|p2|Sinistcha|
|poke|p2|Cinderace, F|
|poke|p2|Ninetales-Alola, F|
|poke|p2|Ursaluna, F|
|poke|p2|Zapdos|
|teampreview
|inactive|Battle timer is ON: inactive players will automatically lose when time's up. (requested by mustang Dijon)
|
|t:|1757806377
|teamsize|p1|6
|teamsize|p2|6
|start
|switch|p1a: Landorus|Landorus-Therian, M|100/100
|switch|p2a: Chief|Weavile, M|100/100
|-ability|p1a: Landorus|Intimidate|boost
|-unboost|p2a: Chief|atk|1
|-ability|p2a: Chief|Pressure
|turn|1
|
|t:|1757806387
|move|p1a: Landorus|Hammer Arm|p2a: Chief
|-supereffective|p2a: Chief
|-damage|p2a: Chief|0 fnt
|-unboost|p1a: Landorus|spe|1
|faint|p2a: Chief
|
|upkeep
|
|t:|1757806393
|switch|p2a: SaySo|Sinistcha|100/100
|turn|2
|inactive|papagalos123 has 120 seconds left.
|
|t:|1757806425
|switch|p1a: Slowking|Slowking-Galar, M|100/100
|move|p2a: SaySo|Shadow Ball|p1a: Slowking
|-supereffective|p1a: Slowking
|-damage|p1a: Slowking|54/100
|-unboost|p1a: Slowking|spd|1
|
|-heal|p1a: Slowking|60/100|[from] item: Leftovers
|upkeep
|turn|3
|inactive|papagalos123 has 120 seconds left.
|
|t:|1757806438
|switch|p1a: Landorus|Landorus-Therian, M|100/100
|-ability|p1a: Landorus|Intimidate|boost
|-unboost|p2a: SaySo|atk|1
|move|p2a: SaySo|Shadow Ball|p1a: Landorus
|-damage|p1a: Landorus|54/100
|
|upkeep
|turn|4
|
|t:|1757806445
|move|p1a: Landorus|U-turn|p2a: SaySo
|-damage|p2a: SaySo|77/100
|
|t:|1757806452
|switch|p1a: Zapdos|Zapdos|100/100|[from] U-turn
|-ability|p1a: Zapdos|Pressure
|move|p2a: SaySo|Matcha Gotcha|p1a: Zapdos
|-resisted|p1a: Zapdos
|-damage|p1a: Zapdos|78/100
|-heal|p2a: SaySo|89/100|[from] drain|[of] p1a: Zapdos
|
|upkeep
|turn|5
|
|t:|1757806465
|switch|p2a: Azuzu|Zapdos|100/100
|move|p1a: Zapdos|Heat Wave|p2a: Azuzu
|-damage|p2a: Azuzu|76/100
|-status|p2a: Azuzu|brn
|
|-damage|p2a: Azuzu|69/100 brn|[from] brn
|upkeep
|turn|6
|
|t:|1757806473
|move|p1a: Zapdos|Volt Switch|p2a: Azuzu
|-damage|p2a: Azuzu|44/100 brn
|
|t:|1757806478
|switch|p1a: Landorus|Landorus-Therian, M|54/100|[from] Volt Switch
|-ability|p1a: Landorus|Intimidate|boost
|-unboost|p2a: Azuzu|atk|1
|move|p2a: Azuzu|Air Cutter|p1a: Landorus
|-crit|p1a: Landorus
|-damage|p1a: Landorus|0 fnt
|faint|p1a: Landorus
|
|-damage|p2a: Azuzu|38/100 brn|[from] brn
|upkeep
|
|t:|1757806492
|switch|p1a: Weavile|Weavile, M|100/100
|turn|7
|
|t:|1757806498
|switch|p2a: Ninetales|Ninetales-Alola, F|100/100
|-weather|Snowscape|[from] ability: Snow Warning|[of] p2a: Ninetales
|move|p1a: Weavile|Knock Off|p2a: Ninetales
|-resisted|p2a: Ninetales
|-damage|p2a: Ninetales|68/100
|-enditem|p2a: Ninetales|Light Clay|[from] move: Knock Off|[of] p1a: Weavile
|-damage|p1a: Weavile|91/100|[from] item: Life Orb
|
|-weather|Snowscape|[upkeep]
|upkeep
|turn|8
|
|t:|1757806509
|switch|p1a: Slowking|Slowking-Galar, M|94/100
|move|p2a: Ninetales|Aurora Veil|p2a: Ninetales
|-sidestart|p2: mustang Dijon|move: Aurora Veil
|
|-weather|Snowscape|[upkeep]
|-heal|p1a: Slowking|99/100|[from] item: Leftovers
|upkeep
|turn|9
|
|t:|1757806515
|switch|p2a: OkLoser|Ursaluna, F|100/100
|move|p1a: Slowking|Sludge Wave|p2a: OkLoser
|-resisted|p2a: OkLoser
|-crit|p2a: OkLoser
|-damage|p2a: OkLoser|82/100
|
|-weather|Snowscape|[upkeep]
|-heal|p2a: OkLoser|88/100|[from] item: Leftovers
|-heal|p1a: Slowking|100/100|[from] item: Leftovers
|upkeep
|turn|10
|
|t:|1757806536
|switch|p1a: Ting-Lu|Ting-Lu|100/100
|-ability|p1a: Ting-Lu|Vessel of Ruin
|move|p2a: OkLoser|Crunch|p1a: Ting-Lu
|-resisted|p1a: Ting-Lu
|-damage|p1a: Ting-Lu|95/100
|-damage|p2a: OkLoser|72/100|[from] item: Rocky Helmet|[of] p1a: Ting-Lu
|
|-weather|Snowscape|[upkeep]
|-heal|p2a: OkLoser|78/100|[from] item: Leftovers
|upkeep
|turn|11
|
|t:|1757806546
|switch|p2a: SaySo|Sinistcha|89/100
|move|p1a: Ting-Lu|Stealth Rock|p2a: SaySo
|-sidestart|p2: mustang Dijon|move: Stealth Rock
|
|-weather|none
|upkeep
|turn|12
|
|t:|1757806556
|move|p2a: SaySo|Calm Mind|p2a: SaySo
|-boost|p2a: SaySo|spa|1
|-boost|p2a: SaySo|spd|1
|move|p1a: Ting-Lu|Lash Out|p2a: SaySo
|-supereffective|p2a: SaySo
|-enditem|p2a: SaySo|Colbur Berry|[eat]
|-enditem|p2a: SaySo|Colbur Berry|[weaken]
|-damage|p2a: SaySo|78/100
|
|-sideend|p2: mustang Dijon|move: Aurora Veil
|upkeep
|turn|13
|
|t:|1757806566
|move|p2a: SaySo|Matcha Gotcha|p1a: Ting-Lu
|-supereffective|p1a: Ting-Lu
|-damage|p1a: Ting-Lu|33/100
|-heal|p2a: SaySo|100/100|[from] drain|[of] p1a: Ting-Lu
|move|p1a: Ting-Lu|Whirlwind|p2a: SaySo
|drag|p2a: Azuzu|Zapdos|38/100 brn
|
|-damage|p2a: Azuzu|32/100 brn|[from] brn
|upkeep
|turn|14
|
|t:|1757806578
|switch|p1a: Slowking|Slowking-Galar, M|100/100
|move|p2a: Azuzu|Roost|p2a: Azuzu
|-heal|p2a: Azuzu|82/100 brn
|-singleturn|p2a: Azuzu|move: Roost
|
|-damage|p2a: Azuzu|76/100 brn|[from] brn
|upkeep
|turn|15
|
|t:|1757806600
|move|p2a: Azuzu|U-turn|p1a: Slowking
|-damage|p1a: Slowking|94/100
|
|t:|1757806603
|switch|p2a: OkLoser|Ursaluna, F|78/100|[from] U-turn
|-damage|p2a: OkLoser|72/100|[from] Stealth Rock
|move|p1a: Slowking|Eerie Spell|p2a: OkLoser
|-damage|p2a: OkLoser|52/100
|
|-heal|p2a: OkLoser|59/100|[from] item: Leftovers
|-heal|p1a: Slowking|99/100|[from] item: Leftovers
|upkeep
|turn|16
|
|t:|1757806614
|switch|p1a: Ting-Lu|Ting-Lu|33/100
|-ability|p1a: Ting-Lu|Vessel of Ruin
|move|p2a: OkLoser|High Horsepower|p1a: Ting-Lu
|-damage|p1a: Ting-Lu|15/100
|-damage|p2a: OkLoser|42/100|[from] item: Rocky Helmet|[of] p1a: Ting-Lu
|
|-heal|p2a: OkLoser|48/100|[from] item: Leftovers
|upkeep
|turn|17
|
|t:|1757806627
|move|p2a: OkLoser|High Horsepower|p1a: Ting-Lu
|-damage|p1a: Ting-Lu|0 fnt
|-damage|p2a: OkLoser|32/100|[from] item: Rocky Helmet|[of] p1a: Ting-Lu
|faint|p1a: Ting-Lu
|
|-heal|p2a: OkLoser|38/100|[from] item: Leftovers
|upkeep
|
|t:|1757806636
|switch|p1a: Weavile|Weavile, M|91/100
|turn|18
|
|t:|1757806641
|switch|p2a: Ninetales|Ninetales-Alola, F|68/100
|-damage|p2a: Ninetales|43/100|[from] Stealth Rock
|-weather|Snowscape|[from] ability: Snow Warning|[of] p2a: Ninetales
|move|p1a: Weavile|Ice Spinner|p2a: Ninetales
|-resisted|p2a: Ninetales
|-damage|p2a: Ninetales|16/100
|-damage|p1a: Weavile|81/100|[from] item: Life Orb
|
|-weather|Snowscape|[upkeep]
|upkeep
|turn|19
|
|t:|1757806653
|move|p1a: Weavile|Ice Spinner|p2a: Ninetales
|-resisted|p2a: Ninetales
|-damage|p2a: Ninetales|0 fnt
|faint|p2a: Ninetales
|-damage|p1a: Weavile|71/100|[from] item: Life Orb
|
|-weather|Snowscape|[upkeep]
|upkeep
|
|t:|1757806663
|switch|p2a: Evil one|Cinderace, F|100/100
|turn|20
|
|t:|1757806685
|move|p1a: Weavile|Knock Off|p2a: Evil one
|-damage|p2a: Evil one|7/100
|-enditem|p2a: Evil one|Heavy-Duty Boots|[from] move: Knock Off|[of] p1a: Weavile
|-damage|p1a: Weavile|61/100|[from] item: Life Orb
|move|p2a: Evil one|Pyro Ball|p1a: Weavile
|-supereffective|p1a: Weavile
|-damage|p1a: Weavile|0 fnt
|faint|p1a: Weavile
|
|-weather|Snowscape|[upkeep]
|upkeep
|
|t:|1757806694
|switch|p1a: Scizor|Scizor, M|100/100
|turn|21
|
|t:|1757806699
|move|p1a: Scizor|Bullet Punch|p2a: Evil one
|-resisted|p2a: Evil one
|-damage|p2a: Evil one|0 fnt
|faint|p2a: Evil one
|-damage|p1a: Scizor|91/100|[from] item: Life Orb
|
|-weather|Snowscape|[upkeep]
|upkeep
|
|t:|1757806701
|switch|p2a: Azuzu|Zapdos|76/100 brn
|turn|22
|
|t:|1757806708
|switch|p1a: Slowking|Slowking-Galar, M|100/100
|move|p2a: Azuzu|Thunderbolt|p1a: Slowking
|-damage|p1a: Slowking|78/100
|
|-weather|none
|-heal|p1a: Slowking|84/100|[from] item: Leftovers
|-damage|p2a: Azuzu|70/100 brn|[from] brn
|upkeep
|turn|23
|
|t:|1757806718
|switch|p2a: OkLoser|Ursaluna, F|38/100
|-damage|p2a: OkLoser|32/100|[from] Stealth Rock
|move|p1a: Slowking|Flamethrower|p2a: OkLoser
|-damage|p2a: OkLoser|17/100
|
|-heal|p2a: OkLoser|24/100|[from] item: Leftovers
|-heal|p1a: Slowking|90/100|[from] item: Leftovers
|upkeep
|turn|24
|
|t:|1757806728
|switch|p1a: Zapdos|Zapdos|78/100
|-ability|p1a: Zapdos|Pressure
|move|p2a: OkLoser|Rest|p2a: OkLoser
|-status|p2a: OkLoser|slp|[from] move: Rest
|-heal|p2a: OkLoser|100/100 slp|[silent]
|
|upkeep
|turn|25
|
|t:|1757806737
|move|p1a: Zapdos|Hurricane|p2a: OkLoser|[miss]
|-miss|p1a: Zapdos|p2a: OkLoser
|cant|p2a: OkLoser|slp
|move|p2a: OkLoser|Sleep Talk|p2a: OkLoser
|move|p2a: OkLoser|Crunch|p1a: Zapdos|[from] move: Sleep Talk
|-damage|p1a: Zapdos|34/100
|
|upkeep
|turn|26
|
|t:|1757806747
|move|p1a: Zapdos|Roost|p1a: Zapdos
|-heal|p1a: Zapdos|84/100
|-singleturn|p1a: Zapdos|move: Roost
|cant|p2a: OkLoser|slp
|move|p2a: OkLoser|Sleep Talk|p2a: OkLoser
|move|p2a: OkLoser|Crunch|p1a: Zapdos|[from] move: Sleep Talk
|-damage|p1a: Zapdos|41/100
|
|upkeep
|turn|27
|
|t:|1757806763
|move|p1a: Zapdos|Roost|p1a: Zapdos
|-heal|p1a: Zapdos|91/100
|-singleturn|p1a: Zapdos|move: Roost
|-curestatus|p2a: OkLoser|slp|[msg]
|move|p2a: OkLoser|High Horsepower|p1a: Zapdos
|-supereffective|p1a: Zapdos
|-crit|p1a: Zapdos
|-damage|p1a: Zapdos|0 fnt
|faint|p1a: Zapdos
|
|upkeep
|
|t:|1757806772
|switch|p1a: Scizor|Scizor, M|91/100
|turn|28
|
|t:|1757806787
|switch|p2a: SaySo|Sinistcha|100/100
|-damage|p2a: SaySo|88/100|[from] Stealth Rock
|move|p1a: Scizor|Bug Bite|p2a: SaySo
|-damage|p2a: SaySo|39/100
|-damage|p1a: Scizor|81/100|[from] item: Life Orb
|
|upkeep
|turn|29
|
|t:|1757806803
|move|p2a: SaySo|Shadow Ball|p1a: Scizor
|-damage|p1a: Scizor|38/100
|move|p1a: Scizor|Aerial Ace|p2a: SaySo
|-supereffective|p2a: SaySo
|-damage|p2a: SaySo|0 fnt
|faint|p2a: SaySo
|-damage|p1a: Scizor|28/100|[from] item: Life Orb
|
|upkeep
|
|t:|1757806809
|switch|p2a: Azuzu|Zapdos|70/100 brn
|turn|30
|
|t:|1757806815
|switch|p1a: Slowking|Slowking-Galar, M|100/100
|-terastallize|p2a: Azuzu|Electric
|move|p2a: Azuzu|Thunderbolt|p1a: Slowking
|-damage|p1a: Slowking|70/100
|
|-heal|p1a: Slowking|76/100|[from] item: Leftovers
|-damage|p2a: Azuzu|63/100 brn|[from] brn
|upkeep
|turn|31
|
|t:|1757806831
|move|p2a: Azuzu|U-turn|p1a: Slowking
|-damage|p1a: Slowking|69/100
|
|t:|1757806833
|switch|p2a: OkLoser|Ursaluna, F|100/100|[from] U-turn
|-damage|p2a: OkLoser|94/100|[from] Stealth Rock
|move|p1a: Slowking|Eerie Spell|p2a: OkLoser
|-damage|p2a: OkLoser|75/100
|
|-heal|p2a: OkLoser|81/100|[from] item: Leftovers
|-heal|p1a: Slowking|75/100|[from] item: Leftovers
|upkeep
|turn|32
|
|t:|1757806845
|move|p2a: OkLoser|High Horsepower|p1a: Slowking
|-supereffective|p1a: Slowking
|-damage|p1a: Slowking|0 fnt
|faint|p1a: Slowking
|
|-heal|p2a: OkLoser|87/100|[from] item: Leftovers
|upkeep
|
|t:|1757806851
|switch|p1a: Scizor|Scizor, M|28/100
|turn|33
|
|t:|1757806855
|move|p1a: Scizor|Bug Bite|p2a: OkLoser
|-damage|p2a: OkLoser|36/100
|-damage|p1a: Scizor|18/100|[from] item: Life Orb
|move|p2a: OkLoser|High Horsepower|p1a: Scizor
|-damage|p1a: Scizor|0 fnt
|faint|p1a: Scizor
|
|win|mustang Dijon
|raw|papagalos123's rating: 1194 &rarr; <strong>1174</strong><br />(-20 for losing)
|raw|mustang Dijon's rating: 1261 &rarr; <strong>1281</strong><br />(+20 for winning)
