|j|☆Swag_SerotoninYT
|j|☆qxzwwzxq
|t:|1757847099
|gametype|singles
|player|p1|Swag_SerotoninYT|1|1133
|player|p2|qxzwwzxq|169|1090
|gen|9
|tier|[Gen 9] OU
|rated|
|rule|HP Percentage Mod: HP is shown in percentages
|rule|Endless Battle Clause: Forcing endless battles is banned
|rule|Species Clause: Limit one of each Pokémon
|rule|OHKO Clause: OHKO moves are banned
|rule|Evasion Items Clause: Evasion items are banned
|rule|Evasion Moves Clause: Evasion moves are banned
|rule|Evasion Abilities Clause: Evasion abilities are banned
|rule|Sleep Moves Clause: Sleep-inducing moves are banned
|clearpoke
|poke|p1|Cacturne, M|
|poke|p1|Dodrio, M|
|poke|p1|Malamar, F|
|poke|p1|Blastoise, M|
|poke|p1|Masquerain, M|
|poke|p1|Perrserker, F|
|poke|p2|Torkoal, M|
|poke|p2|Hatterene, F|
|poke|p2|Raging Bolt|
|poke|p2|Slither Wing|
|poke|p2|Venusaur, F|
|poke|p2|Walking Wake|
|teampreview
|inactive|Battle timer is ON: inactive players will automatically lose when time's up. (requested by Swag_SerotoninYT)
|
|t:|1757847108
|teamsize|p1|6
|teamsize|p2|6
|start
|switch|p1a: Masquerain|Masquerain, M|100/100
|switch|p2a: Torkoal|Torkoal, M, shiny|100/100
|-ability|p1a: Masquerain|Intimidate|boost
|-unboost|p2a: Torkoal|atk|1
|-weather|SunnyDay|[from] ability: Drought|[of] p2a: Torkoal
|turn|1
|
|t:|1757847115
|move|p1a: Masquerain|Sticky Web|p2a: Torkoal
|-sidestart|p2: qxzwwzxq|move: Sticky Web
|move|p2a: Torkoal|Stealth Rock|p1a: Masquerain
|-sidestart|p1: Swag_SerotoninYT|move: Stealth Rock
|
|-weather|SunnyDay|[upkeep]
|upkeep
|turn|2
|
|t:|1757847122
|move|p1a: Masquerain|Stun Spore|p2a: Torkoal
|-status|p2a: Torkoal|par
|cant|p2a: Torkoal|par
|
|-weather|SunnyDay|[upkeep]
|upkeep
|turn|3
|
|t:|1757847127
|move|p1a: Masquerain|Bug Buzz|p2a: Torkoal
|-resisted|p2a: Torkoal
|-damage|p2a: Torkoal|77/100 par
|cant|p2a: Torkoal|par
|
|-weather|SunnyDay|[upkeep]
|upkeep
|turn|4
|
|t:|1757847145
|move|p1a: Masquerain|Bug Buzz|p2a: Torkoal
|-resisted|p2a: Torkoal
|-damage|p2a: Torkoal|54/100 par
|-unboost|p2a: Torkoal|spd|1
|move|p2a: Torkoal|Overheat|p1a: Masquerain|[miss]
|-miss|p2a: Torkoal|p1a: Masquerain
|
|-weather|SunnyDay|[upkeep]
|upkeep
|turn|5
|
|t:|1757847153
|switch|p2a: Raging Bolt|Raging Bolt|100/100
|-activate|p2a: Raging Bolt|move: Sticky Web
|-unboost|p2a: Raging Bolt|spe|1
|-activate|p2a: Raging Bolt|ability: Protosynthesis
|-start|p2a: Raging Bolt|protosynthesisspa
|move|p1a: Masquerain|Bug Buzz|p2a: Raging Bolt
|-damage|p2a: Raging Bolt|63/100
|
|-weather|SunnyDay|[upkeep]
|upkeep
|turn|6
|
|t:|1757847164
|move|p1a: Masquerain|Stun Spore|p2a: Raging Bolt
|-immune|p2a: Raging Bolt
|move|p2a: Raging Bolt|Weather Ball|p1a: Masquerain
|-supereffective|p1a: Masquerain
|-enditem|p1a: Masquerain|Focus Sash
|-damage|p1a: Masquerain|1/100
|-damage|p2a: Raging Bolt|53/100|[from] item: Life Orb
|
|-weather|SunnyDay|[upkeep]
|upkeep
|turn|7
|
|t:|1757847174
|move|p1a: Masquerain|Ice Beam|p2a: Raging Bolt
|-supereffective|p2a: Raging Bolt
|-damage|p2a: Raging Bolt|0 fnt
|faint|p2a: Raging Bolt
|-end|p2a: Raging Bolt|Protosynthesis|[silent]
|
|-weather|SunnyDay|[upkeep]
|upkeep
|
|t:|1757847179
|switch|p2a: Venusaur|Venusaur, F|100/100
|-activate|p2a: Venusaur|move: Sticky Web
|-unboost|p2a: Venusaur|spe|1
|turn|8
|
|t:|1757847187
|move|p2a: Venusaur|Growth|p2a: Venusaur
|-boost|p2a: Venusaur|atk|2
|-boost|p2a: Venusaur|spa|2
|move|p1a: Masquerain|Ice Beam|p2a: Venusaur
|-supereffective|p2a: Venusaur
|-damage|p2a: Venusaur|36/100
|
|-weather|none
|upkeep
|turn|9
|-message|qxzwwzxq forfeited.
|
|win|Swag_SerotoninYT
|raw|Swag_SerotoninYT's rating: 1133 &rarr; <strong>1155</strong><br />(+22 for winning)
|raw|qxzwwzxq's rating: 1090 &rarr; <strong>1069</strong><br />(-21 for losing)
|l|☆qxzwwzxq
|player|p2|
