|j|☆Gregory Mirabella
|j|☆REX_1A91S
|t:|1757795021
|gametype|singles
|player|p1|Gregory Mirabella|lusamine-nihilego|1266
|player|p2|REX_1A91S|riley|1345
|gen|9
|tier|[Gen 9] OU
|rated|
|rule|HP Percentage Mod: HP is shown in percentages
|rule|Endless Battle Clause: Forcing endless battles is banned
|rule|Species Clause: Limit one of each Pokémon
|rule|OHKO Clause: OHKO moves are banned
|rule|Evasion Items Clause: Evasion items are banned
|rule|Evasion Moves Clause: Evasion moves are banned
|rule|Evasion Abilities Clause: Evasion abilities are banned
|rule|Sleep Moves Clause: Sleep-inducing moves are banned
|clearpoke
|poke|p1|Great Tusk|
|poke|p1|Scizor, F|
|poke|p1|Zapdos|
|poke|p1|Darkrai|
|poke|p1|Alomomola, F|
|poke|p1|Slowking-Galar, M|
|poke|p2|Moltres|
|poke|p2|Alomomola, F|
|poke|p2|Pecharunt|
|poke|p2|Kyurem|
|poke|p2|Great Tusk|
|poke|p2|Iron Valiant|
|teampreview
|c|☆Gregory Mirabella|Glhf
|c|☆REX_1A91S|u2
|
|t:|1757795040
|teamsize|p1|6
|teamsize|p2|6
|start
|switch|p1a: Slowking|Slowking-Galar, M|100/100
|switch|p2a: Kyurem|Kyurem|100/100
|-ability|p2a: Kyurem|Pressure
|turn|1
|
|t:|1757795053
|switch|p2a: Alomomola|Alomomola, F|100/100
|move|p1a: Slowking|Thunder Wave|p2a: Alomomola
|-status|p2a: Alomomola|par
|
|upkeep
|turn|2
|
|t:|1757795059
|move|p2a: Alomomola|Flip Turn|p1a: Slowking
|-damage|p1a: Slowking|83/100
|
|t:|1757795063
|switch|p2a: Great Tusk|Great Tusk|100/100|[from] Flip Turn
|move|p1a: Slowking|Future Sight|p2a: Great Tusk
|-start|p1a: Slowking|move: Future Sight
|
|upkeep
|turn|3
|
|t:|1757795081
|switch|p1a: Zapdos|Zapdos|100/100
|move|p2a: Great Tusk|Knock Off|p1a: Zapdos
|-damage|p1a: Zapdos|58/100
|-enditem|p1a: Zapdos|Heavy-Duty Boots|[from] move: Knock Off|[of] p2a: Great Tusk
|
|upkeep
|turn|4
|
|t:|1757795088
|switch|p1a: Scizor|Scizor, F|100/100
|-end|p2a: Great Tusk|Protosynthesis|[silent]
|switch|p2a: Alomomola|Alomomola, F|100/100 par
|
|-end|p2a: Alomomola|move: Future Sight
|-damage|p2a: Alomomola|76/100 par
|upkeep
|turn|5
|
|t:|1757795097
|switch|p2a: Moltres|Moltres|100/100
|move|p1a: Scizor|U-turn|p2a: Moltres
|-resisted|p2a: Moltres
|-damage|p2a: Moltres|94/100
|
|t:|1757795103
|switch|p1a: Slowking|Slowking-Galar, M|100/100|[from] U-turn
|
|upkeep
|turn|6
|
|t:|1757795108
|move|p2a: Moltres|U-turn|p1a: Slowking
|-damage|p1a: Slowking|87/100
|
|t:|1757795111
|switch|p2a: Great Tusk|Great Tusk|100/100|[from] U-turn
|-prepare|p1a: Slowking|Chilly Reception|[premajor]
|move|p1a: Slowking|Chilly Reception|p1a: Slowking
|-weather|Snowscape
|
|t:|1757795117
|switch|p1a: Zapdos|Zapdos|58/100|[from] Chilly Reception
|
|-weather|Snowscape|[upkeep]
|upkeep
|turn|7
|
|t:|1757795173
|-end|p2a: Great Tusk|Protosynthesis|[silent]
|switch|p2a: Kyurem|Kyurem|100/100
|-ability|p2a: Kyurem|Pressure
|move|p1a: Zapdos|Weather Ball|p2a: Kyurem
|-damage|p2a: Kyurem|68/100
|
|-weather|Snowscape|[upkeep]
|upkeep
|turn|8
|inactive|Battle timer is ON: inactive players will automatically lose when time's up. (requested by Gregory Mirabella)
|
|t:|1757795186
|-terastallize|p2a: Kyurem|Ice
|move|p1a: Zapdos|Volt Switch|p2a: Kyurem
|-damage|p2a: Kyurem|31/100
|-message|REX_1A91S forfeited.
|
|win|Gregory Mirabella
|raw|Gregory Mirabella's rating: 1266 &rarr; <strong>1297</strong><br />(+31 for winning)
|raw|REX_1A91S's rating: 1345 &rarr; <strong>1321</strong><br />(-24 for losing)
|l|☆REX_1A91S
|player|p2|
|c|☆Gregory Mirabella|Gg
