|j|☆Dunoks
|j|☆entei17
|inactive|Battle timer is ON: inactive players will automatically lose when time's up.
|t:|1757787139
|gametype|singles
|player|p1|Dunoks|#fcl9mighty|
|player|p2|entei17|#bltxiskeledirges|
|gen|9
|tier|[Gen 9] OU
|rated|Tournament battle
|rule|HP Percentage Mod: HP is shown in percentages
|rule|Endless Battle Clause: Forcing endless battles is banned
|rule|Species Clause: Limit one of each Pokémon
|rule|OHKO Clause: OHKO moves are banned
|rule|Evasion Items Clause: Evasion items are banned
|rule|Evasion Moves Clause: Evasion moves are banned
|rule|Evasion Abilities Clause: Evasion abilities are banned
|rule|Sleep Moves Clause: Sleep-inducing moves are banned
|clearpoke
|poke|p1|Zamazenta-*|
|poke|p1|Ceruledge, M|
|poke|p1|Kyurem|
|poke|p1|Ninetales-Alola, F|
|poke|p1|Hatterene, F|
|poke|p1|Darkrai|
|poke|p2|Torkoal, M|
|poke|p2|Kingambit, M|
|poke|p2|Raging Bolt|
|poke|p2|Hatterene, F|
|poke|p2|Great Tusk|
|poke|p2|Walking Wake|
|teampreview
|j|*Lady Monita ☀
|c|☆entei17|gl hf
|inactive|Dunoks has 120 seconds left.
|inactive|entei17 has 120 seconds left.
|j| sfinch1
|c|☆Dunoks|=
|
|t:|1757787197
|teamsize|p1|6
|teamsize|p2|6
|start
|switch|p1a: Darkrai|Darkrai|100/100
|switch|p2a: Kingambit|Kingambit, M, shiny|100/100
|turn|1
|
|t:|1757787203
|move|p1a: Darkrai|Focus Blast|p2a: Kingambit
|-supereffective|p2a: Kingambit
|-damage|p2a: Kingambit|0 fnt
|faint|p2a: Kingambit
|-end|p2a: Kingambit|fallenundefined|[silent]
|
|upkeep
|
|t:|1757787213
|switch|p2a: Great Tusk|Great Tusk|100/100
|turn|2
|
|t:|1757787229
|switch|p1a: Hatterene|Hatterene, F|100/100
|move|p2a: Great Tusk|Close Combat|p1a: Hatterene
|-resisted|p1a: Hatterene
|-crit|p1a: Hatterene
|-damage|p1a: Hatterene|80/100
|-unboost|p2a: Great Tusk|def|1
|-unboost|p2a: Great Tusk|spd|1
|
|-heal|p1a: Hatterene|86/100|[from] item: Leftovers
|upkeep
|turn|3
|
|t:|1757787242
|-end|p2a: Great Tusk|Protosynthesis|[silent]
|switch|p2a: Torkoal|Torkoal, M|100/100
|-weather|SunnyDay|[from] ability: Drought|[of] p2a: Torkoal
|move|p1a: Hatterene|Calm Mind|p1a: Hatterene
|-boost|p1a: Hatterene|spa|1
|-boost|p1a: Hatterene|spd|1
|
|-weather|SunnyDay|[upkeep]
|-heal|p1a: Hatterene|92/100|[from] item: Leftovers
|upkeep
|turn|4
|j| Failbor21
|
|t:|1757787258
|switch|p2a: Walking Wake|Walking Wake|100/100
|-activate|p2a: Walking Wake|ability: Protosynthesis
|-start|p2a: Walking Wake|protosynthesisspa
|move|p1a: Hatterene|Mystical Fire|p2a: Walking Wake
|-resisted|p2a: Walking Wake
|-damage|p2a: Walking Wake|86/100
|-unboost|p2a: Walking Wake|spa|1
|
|-weather|SunnyDay|[upkeep]
|-heal|p1a: Hatterene|98/100|[from] item: Leftovers
|upkeep
|turn|5
|
|t:|1757787266
|-terastallize|p2a: Walking Wake|Water
|move|p2a: Walking Wake|Hydro Steam|p1a: Hatterene
|-damage|p1a: Hatterene|15/100
|move|p1a: Hatterene|Draining Kiss|p2a: Walking Wake
|-damage|p2a: Walking Wake|45/100
|-heal|p1a: Hatterene|50/100|[from] drain|[of] p2a: Walking Wake
|
|-weather|SunnyDay|[upkeep]
|-heal|p1a: Hatterene|56/100|[from] item: Leftovers
|upkeep
|turn|6
|
|t:|1757787274
|switch|p1a: Ninetales|Ninetales-Alola, F|100/100
|-weather|Snowscape|[from] ability: Snow Warning|[of] p1a: Ninetales
|-end|p2a: Walking Wake|Protosynthesis
|move|p2a: Walking Wake|Hydro Steam|p1a: Ninetales
|-damage|p1a: Ninetales|41/100
|
|-weather|Snowscape|[upkeep]
|upkeep
|turn|7
|
|t:|1757787282
|switch|p1a: Darkrai|Darkrai|100/100
|-end|p2a: Walking Wake|Protosynthesis|[silent]
|switch|p2a: Torkoal|Torkoal, M|100/100
|-weather|SunnyDay|[from] ability: Drought|[of] p2a: Torkoal
|
|-weather|SunnyDay|[upkeep]
|upkeep
|turn|8
|
|t:|1757787288
|switch|p2a: Hatterene|Hatterene, F|100/100
|move|p1a: Darkrai|Dark Pulse|p2a: Hatterene
|-damage|p2a: Hatterene|55/100
|-enditem|p2a: Hatterene|Eject Button
|
|t:|1757787294
|switch|p2a: Great Tusk|Great Tusk|100/100
|-activate|p2a: Great Tusk|ability: Protosynthesis
|-start|p2a: Great Tusk|protosynthesisatk
|
|-weather|SunnyDay|[upkeep]
|upkeep
|turn|9
|
|t:|1757787303
|move|p1a: Darkrai|Focus Blast|p2a: Great Tusk
|-damage|p2a: Great Tusk|57/100
|move|p2a: Great Tusk|Headlong Rush|p1a: Darkrai
|-damage|p1a: Darkrai|0 fnt
|-unboost|p2a: Great Tusk|def|1
|-unboost|p2a: Great Tusk|spd|1
|faint|p1a: Darkrai
|
|-weather|SunnyDay|[upkeep]
|upkeep
|
|t:|1757787308
|switch|p1a: Ninetales|Ninetales-Alola, F|41/100
|-weather|Snowscape|[from] ability: Snow Warning|[of] p1a: Ninetales
|-end|p2a: Great Tusk|Protosynthesis
|turn|10
|
|t:|1757787312
|-end|p2a: Great Tusk|Protosynthesis|[silent]
|switch|p2a: Torkoal|Torkoal, M|100/100
|-weather|SunnyDay|[from] ability: Drought|[of] p2a: Torkoal
|move|p1a: Ninetales|Freeze-Dry|p2a: Torkoal
|-resisted|p2a: Torkoal
|-damage|p2a: Torkoal|85/100
|
|-weather|SunnyDay|[upkeep]
|upkeep
|turn|11
|
|t:|1757787317
|move|p1a: Ninetales|Snowscape|p1a: Ninetales
|-weather|Snowscape
|move|p2a: Torkoal|Stealth Rock|p1a: Ninetales
|-sidestart|p1: Dunoks|move: Stealth Rock
|
|-weather|Snowscape|[upkeep]
|upkeep
|turn|12
|
|t:|1757787331
|switch|p2a: Hatterene|Hatterene, F|55/100
|move|p1a: Ninetales|Aurora Veil|p1a: Ninetales
|-sidestart|p1: Dunoks|move: Aurora Veil
|
|-weather|Snowscape|[upkeep]
|upkeep
|turn|13
|
|t:|1757787338
|move|p1a: Ninetales|Freeze-Dry|p2a: Hatterene
|-damage|p2a: Hatterene|35/100
|move|p2a: Hatterene|Nuzzle|p1a: Ninetales
|-damage|p1a: Ninetales|40/100
|-status|p1a: Ninetales|par
|
|-weather|Snowscape|[upkeep]
|upkeep
|turn|14
|
|t:|1757787344
|switch|p1a: Ceruledge|Ceruledge, M|100/100
|-damage|p1a: Ceruledge|76/100|[from] Stealth Rock
|move|p2a: Hatterene|Draining Kiss|p1a: Ceruledge
|-resisted|p1a: Ceruledge
|-damage|p1a: Ceruledge|71/100
|-heal|p2a: Hatterene|38/100|[from] drain|[of] p1a: Ceruledge
|
|-weather|Snowscape|[upkeep]
|upkeep
|turn|15
|
|t:|1757787358
|switch|p2a: Torkoal|Torkoal, M|85/100
|-weather|SunnyDay|[from] ability: Drought|[of] p2a: Torkoal
|move|p1a: Ceruledge|Bulk Up|p1a: Ceruledge
|-boost|p1a: Ceruledge|atk|1
|-boost|p1a: Ceruledge|def|1
|
|-weather|SunnyDay|[upkeep]
|upkeep
|turn|16
|
|t:|1757787376
|switch|p2a: Hatterene|Hatterene, F|38/100
|move|p1a: Ceruledge|Taunt|p2a: Hatterene
|move|p2a: Hatterene|Taunt|p1a: Ceruledge|[from] ability: Magic Bounce
|-start|p1a: Ceruledge|move: Taunt
|
|-weather|SunnyDay|[upkeep]
|upkeep
|turn|17
|
|t:|1757787391
|move|p1a: Ceruledge|Bitter Blade|p2a: Hatterene
|-damage|p2a: Hatterene|0 fnt
|-heal|p1a: Ceruledge|88/100|[from] drain|[of] p2a: Hatterene
|faint|p2a: Hatterene
|
|-weather|SunnyDay|[upkeep]
|upkeep
|
|t:|1757787395
|switch|p2a: Walking Wake|Walking Wake, tera:Water|45/100
|-activate|p2a: Walking Wake|ability: Protosynthesis
|-start|p2a: Walking Wake|protosynthesisspa
|turn|18
|
|t:|1757787400
|-terastallize|p1a: Ceruledge|Bug
|move|p2a: Walking Wake|Hydro Steam|p1a: Ceruledge
|-damage|p1a: Ceruledge|20/100
|move|p1a: Ceruledge|Bitter Blade|p2a: Walking Wake
|-resisted|p2a: Walking Wake
|-damage|p2a: Walking Wake|0 fnt
|-heal|p1a: Ceruledge|42/100|[from] drain|[of] p2a: Walking Wake
|faint|p2a: Walking Wake
|-end|p2a: Walking Wake|Protosynthesis|[silent]
|
|-weather|SunnyDay|[upkeep]
|upkeep
|
|t:|1757787409
|switch|p2a: Raging Bolt|Raging Bolt|100/100
|-activate|p2a: Raging Bolt|ability: Protosynthesis
|-start|p2a: Raging Bolt|protosynthesisspa
|turn|19
|
|t:|1757787414
|move|p2a: Raging Bolt|Thunderclap|p1a: Ceruledge
|-damage|p1a: Ceruledge|13/100
|-damage|p2a: Raging Bolt|91/100|[from] item: Life Orb
|move|p1a: Ceruledge|Bitter Blade|p2a: Raging Bolt
|-resisted|p2a: Raging Bolt
|-damage|p2a: Raging Bolt|52/100
|-heal|p1a: Ceruledge|34/100|[from] drain|[of] p2a: Raging Bolt
|
|-weather|SunnyDay|[upkeep]
|-end|p1a: Ceruledge|move: Taunt
|-sideend|p1: Dunoks|move: Aurora Veil
|upkeep
|turn|20
|
|t:|1757787420
|move|p1a: Ceruledge|Shadow Sneak|p2a: Raging Bolt
|-damage|p2a: Raging Bolt|27/100
|move|p2a: Raging Bolt|Weather Ball|p1a: Ceruledge
|-start|p1a: Ceruledge|ability: Flash Fire
|
|-weather|SunnyDay|[upkeep]
|upkeep
|turn|21
|c|☆entei17|wtf this set!
|
|t:|1757787438
|move|p2a: Raging Bolt|Thunderclap|p1a: Ceruledge
|-damage|p1a: Ceruledge|0 fnt
|faint|p1a: Ceruledge
|-damage|p2a: Raging Bolt|17/100|[from] item: Life Orb
|
|-weather|SunnyDay|[upkeep]
|upkeep
|
|t:|1757787445
|switch|p1a: Kyurem|Kyurem|100/100
|-damage|p1a: Kyurem|76/100|[from] Stealth Rock
|-ability|p1a: Kyurem|Pressure
|turn|22
|
|t:|1757787454
|move|p1a: Kyurem|Substitute|p1a: Kyurem
|-start|p1a: Kyurem|Substitute
|-damage|p1a: Kyurem|51/100
|move|p2a: Raging Bolt|Weather Ball|p1a: Kyurem
|-end|p1a: Kyurem|Substitute
|-damage|p2a: Raging Bolt|7/100|[from] item: Life Orb
|
|-weather|none
|-end|p2a: Raging Bolt|Protosynthesis
|upkeep
|turn|23
|
|t:|1757787462
|move|p1a: Kyurem|Dragon Dance|p1a: Kyurem
|-boost|p1a: Kyurem|atk|1
|-boost|p1a: Kyurem|spe|1
|move|p2a: Raging Bolt|Tera Blast|p1a: Kyurem
|-damage|p1a: Kyurem|12/100
|-damage|p2a: Raging Bolt|0 fnt|[from] item: Life Orb
|faint|p2a: Raging Bolt
|-end|p2a: Raging Bolt|Protosynthesis|[silent]
|
|upkeep
|
|t:|1757787477
|switch|p2a: Torkoal|Torkoal, M|85/100
|-weather|SunnyDay|[from] ability: Drought|[of] p2a: Torkoal
|turn|24
|
|t:|1757787481
|move|p1a: Kyurem|Icicle Spear|p2a: Torkoal
|-resisted|p2a: Torkoal
|-damage|p2a: Torkoal|77/100
|-resisted|p2a: Torkoal
|-damage|p2a: Torkoal|70/100
|-resisted|p2a: Torkoal
|-damage|p2a: Torkoal|62/100
|-resisted|p2a: Torkoal
|-damage|p2a: Torkoal|54/100
|-resisted|p2a: Torkoal
|-damage|p2a: Torkoal|47/100
|-hitcount|p2a: Torkoal|5
|move|p2a: Torkoal|Lava Plume|p1a: Kyurem
|-damage|p1a: Kyurem|0 fnt
|faint|p1a: Kyurem
|
|-weather|SunnyDay|[upkeep]
|upkeep
|
|t:|1757787486
|switch|p1a: Ninetales|Ninetales-Alola, F|40/100 par
|-damage|p1a: Ninetales|15/100 par|[from] Stealth Rock
|-weather|Snowscape|[from] ability: Snow Warning|[of] p1a: Ninetales
|turn|25
|
|t:|1757787492
|move|p1a: Ninetales|Aurora Veil|p1a: Ninetales
|-sidestart|p1: Dunoks|move: Aurora Veil
|move|p2a: Torkoal|Lava Plume|p1a: Ninetales
|-supereffective|p1a: Ninetales
|-damage|p1a: Ninetales|0 fnt
|faint|p1a: Ninetales
|
|-weather|Snowscape|[upkeep]
|upkeep
|
|t:|1757787498
|switch|p1a: Hatterene|Hatterene, F|56/100
|-damage|p1a: Hatterene|44/100|[from] Stealth Rock
|turn|26
|
|t:|1757787502
|switch|p2a: Great Tusk|Great Tusk|57/100
|move|p1a: Hatterene|Calm Mind|p1a: Hatterene
|-boost|p1a: Hatterene|spa|1
|-boost|p1a: Hatterene|spd|1
|
|-weather|Snowscape|[upkeep]
|-heal|p1a: Hatterene|50/100|[from] item: Leftovers
|upkeep
|turn|27
|
|t:|1757787505
|-end|p2a: Great Tusk|Protosynthesis|[silent]
|switch|p2a: Torkoal|Torkoal, M|47/100
|-weather|SunnyDay|[from] ability: Drought|[of] p2a: Torkoal
|move|p1a: Hatterene|Draining Kiss|p2a: Torkoal
|-resisted|p2a: Torkoal
|-damage|p2a: Torkoal|21/100
|-heal|p1a: Hatterene|70/100|[from] drain|[of] p2a: Torkoal
|
|-weather|SunnyDay|[upkeep]
|-heal|p1a: Hatterene|76/100|[from] item: Leftovers
|upkeep
|turn|28
|
|t:|1757787511
|move|p1a: Hatterene|Draining Kiss|p2a: Torkoal
|-resisted|p2a: Torkoal
|-damage|p2a: Torkoal|0 fnt
|-heal|p1a: Hatterene|92/100|[from] drain|[of] p2a: Torkoal
|faint|p2a: Torkoal
|
|-weather|SunnyDay|[upkeep]
|-heal|p1a: Hatterene|98/100|[from] item: Leftovers
|upkeep
|
|t:|1757787515
|switch|p2a: Great Tusk|Great Tusk|57/100
|-activate|p2a: Great Tusk|ability: Protosynthesis
|-start|p2a: Great Tusk|protosynthesisatk
|turn|29
|
|t:|1757787517
|move|p2a: Great Tusk|Headlong Rush|p1a: Hatterene
|-damage|p1a: Hatterene|59/100
|-unboost|p2a: Great Tusk|def|1
|-unboost|p2a: Great Tusk|spd|1
|move|p1a: Hatterene|Draining Kiss|p2a: Great Tusk
|-supereffective|p2a: Great Tusk
|-damage|p2a: Great Tusk|0 fnt
|-heal|p1a: Hatterene|100/100|[from] drain|[of] p2a: Great Tusk
|faint|p2a: Great Tusk
|-end|p2a: Great Tusk|Protosynthesis|[silent]
|
|win|Dunoks
|n|☆Dunoks|dunoks
|n|☆entei17|entei17
|n|*Lady Monita ☀|ladymonita
|n| sfinch1|sfinch1
|n| Failbor21|failbor21
|l|*Lady Monita ☀
|c|☆Dunoks|gg
|c|☆entei17|gg
|l|☆Dunoks
|player|p1|
|l|☆entei17
|player|p2|
