|j|☆ay cheu
|j|☆booobieee
|t:|1757835158
|gametype|singles
|player|p1|ay cheu|riley|1470
|player|p2|booobieee|265|1491
|gen|9
|tier|[Gen 9] OU
|rated|
|rule|HP Percentage Mod: HP is shown in percentages
|rule|Endless Battle Clause: Forcing endless battles is banned
|rule|Species Clause: Limit one of each Pokémon
|rule|OHKO Clause: OHKO moves are banned
|rule|Evasion Items Clause: Evasion items are banned
|rule|Evasion Moves Clause: Evasion moves are banned
|rule|Evasion Abilities Clause: Evasion abilities are banned
|rule|Sleep Moves Clause: Sleep-inducing moves are banned
|clearpoke
|poke|p1|Arcanine-Hisui, M|
|poke|p1|Snorlax, M|
|poke|p1|Zoroark, M|
|poke|p1|Gholdengo|
|poke|p1|Great Tusk|
|poke|p1|Walking Wake|
|poke|p2|Dragapult, M|
|poke|p2|Ogerpon-Wellspring, F|
|poke|p2|Zamazenta-*|
|poke|p2|Clefable, F|
|poke|p2|Corviknight, F|
|poke|p2|Ting-Lu|
|teampreview
|inactive|Battle timer is ON: inactive players will automatically lose when time's up. (requested by ay cheu)
|
|t:|1757835168
|teamsize|p1|6
|teamsize|p2|6
|start
|switch|p1a: Walking Wake|Walking Wake|100/100
|switch|p2a: Dragapult|Dragapult, M|100/100
|turn|1
|
|t:|1757835171
|move|p1a: Walking Wake|Draco Meteor|p2a: Dragapult
|-supereffective|p2a: Dragapult
|-crit|p2a: Dragapult
|-damage|p2a: Dragapult|0 fnt
|-unboost|p1a: Walking Wake|spa|2
|faint|p2a: Dragapult
|
|upkeep
|
|t:|1757835177
|switch|p2a: Clefable|Clefable, F|100/100
|turn|2
|
|t:|1757835180
|-end|p1a: Walking Wake|Protosynthesis|[silent]
|switch|p1a: Gholdengo|Gholdengo|100/100
|-item|p1a: Gholdengo|Air Balloon
|move|p2a: Clefable|Stealth Rock|p1a: Gholdengo
|-sidestart|p1: ay cheu|move: Stealth Rock
|
|upkeep
|turn|3
|
|t:|1757835187
|switch|p2a: Ting-Lu|Ting-Lu|100/100
|-ability|p2a: Ting-Lu|Vessel of Ruin
|move|p1a: Gholdengo|Nasty Plot|p1a: Gholdengo
|-boost|p1a: Gholdengo|spa|2
|
|upkeep
|turn|4
|
|t:|1757835193
|move|p1a: Gholdengo|Make It Rain|p2a: Ting-Lu
|-damage|p2a: Ting-Lu|70/100
|-unboost|p1a: Gholdengo|spa|1
|move|p2a: Ting-Lu|Ruination|p1a: Gholdengo
|-damage|p1a: Gholdengo|50/100
|-enditem|p1a: Gholdengo|Air Balloon
|
|upkeep
|turn|5
|
|t:|1757835204
|switch|p1a: Great Tusk|Great Tusk|100/100
|-damage|p1a: Great Tusk|97/100|[from] Stealth Rock
|move|p2a: Ting-Lu|Earthquake|p1a: Great Tusk
|-damage|p1a: Great Tusk|80/100
|
|upkeep
|turn|6
|
|t:|1757835212
|switch|p2a: Corviknight|Corviknight, F|100/100
|-ability|p2a: Corviknight|Pressure
|move|p1a: Great Tusk|Stealth Rock|p2a: Corviknight
|-sidestart|p2: booobieee|move: Stealth Rock
|
|upkeep
|turn|7
|
|t:|1757835218
|move|p1a: Great Tusk|Rapid Spin|p2a: Corviknight
|-resisted|p2a: Corviknight
|-damage|p2a: Corviknight|96/100
|-boost|p1a: Great Tusk|spe|1
|-damage|p1a: Great Tusk|64/100|[from] item: Rocky Helmet|[of] p2a: Corviknight
|-sideend|p1: ay cheu|Stealth Rock|[from] move: Rapid Spin|[of] p1a: Great Tusk
|move|p2a: Corviknight|Iron Defense|p2a: Corviknight
|-boost|p2a: Corviknight|def|2
|
|upkeep
|turn|8
|
|t:|1757835221
|-end|p1a: Great Tusk|Protosynthesis|[silent]
|switch|p1a: Gholdengo|Gholdengo|50/100
|move|p2a: Corviknight|U-turn|p1a: Gholdengo
|-resisted|p1a: Gholdengo
|-damage|p1a: Gholdengo|48/100
|
|t:|1757835224
|switch|p2a: Ogerpon|Ogerpon-Wellspring, F|100/100|[from] U-turn
|-damage|p2a: Ogerpon|88/100|[from] Stealth Rock
|
|upkeep
|turn|9
|
|t:|1757835236
|switch|p1a: Walking Wake|Walking Wake|100/100
|move|p2a: Ogerpon|Ivy Cudgel|p1a: Walking Wake|[anim] Ivy Cudgel Water
|-resisted|p1a: Walking Wake
|-damage|p1a: Walking Wake|84/100
|
|upkeep
|turn|10
|
|t:|1757835247
|move|p1a: Walking Wake|Flip Turn|p2a: Ogerpon
|-heal|p2a: Ogerpon|100/100|[from] ability: Water Absorb|[of] p1a: Walking Wake
|move|p2a: Ogerpon|Horn Leech|p1a: Walking Wake
|-damage|p1a: Walking Wake|36/100
|
|upkeep
|turn|11
|
|t:|1757835260
|-end|p1a: Walking Wake|Protosynthesis|[silent]
|switch|p1a: Gholdengo|Gholdengo|48/100
|move|p2a: Ogerpon|Ivy Cudgel|p1a: Gholdengo|[anim] Ivy Cudgel Water
|-damage|p1a: Gholdengo|11/100
|
|upkeep
|turn|12
|
|t:|1757835263
|move|p2a: Ogerpon|Ivy Cudgel|p1a: Gholdengo|[anim] Ivy Cudgel Water
|-damage|p1a: Gholdengo|0 fnt
|faint|p1a: Gholdengo
|
|upkeep
|
|t:|1757835267
|switch|p1a: Great Tusk|Great Tusk|64/100
|turn|13
|
|t:|1757835269
|-terastallize|p1a: Great Tusk|Grass
|move|p2a: Ogerpon|Ivy Cudgel|p1a: Great Tusk|[anim] Ivy Cudgel Water
|-resisted|p1a: Great Tusk
|-damage|p1a: Great Tusk|51/100
|move|p1a: Great Tusk|Ice Spinner|p2a: Ogerpon
|-damage|p2a: Ogerpon|69/100
|
|upkeep
|turn|14
|
|t:|1757835279
|switch|p2a: Corviknight|Corviknight, F|96/100
|-damage|p2a: Corviknight|83/100|[from] Stealth Rock
|-ability|p2a: Corviknight|Pressure
|-end|p1a: Great Tusk|Protosynthesis|[silent]
|switch|p1a: 阿黄|Arcanine-Hisui, M|100/100
|
|upkeep
|turn|15
|
|t:|1757835291
|switch|p2a: Zamazenta|Zamazenta|100/100
|-damage|p2a: Zamazenta|94/100|[from] Stealth Rock
|-ability|p2a: Zamazenta|Dauntless Shield|boost
|-boost|p2a: Zamazenta|def|1
|move|p1a: 阿黄|Flare Blitz|p2a: Zamazenta
|-damage|p2a: Zamazenta|39/100
|
|upkeep
|turn|16
|
|t:|1757835305
|switch|p1a: 阿黄|Arcanine-Hisui, M|100/100
|move|p2a: Zamazenta|Close Combat|p1a: 阿黄
|-supereffective|p1a: 阿黄
|-damage|p1a: 阿黄|0 fnt
|-unboost|p2a: Zamazenta|def|1
|-unboost|p2a: Zamazenta|spd|1
|replace|p1a: Zoroark|Zoroark, M
|-end|p1a: Zoroark|Illusion
|faint|p1a: Zoroark
|
|upkeep
|
|t:|1757835309
|switch|p1a: Walking Wake|Walking Wake|36/100
|turn|17
|
|t:|1757835313
|switch|p2a: Clefable|Clefable, F|100/100
|move|p1a: Walking Wake|Flamethrower|p2a: Clefable
|-damage|p2a: Clefable|81/100
|
|upkeep
|turn|18
|
|t:|1757835319
|-end|p1a: Walking Wake|Protosynthesis|[silent]
|switch|p1a: 阿黄|Arcanine-Hisui, M|100/100
|move|p2a: Clefable|Stealth Rock|p1a: 阿黄
|-sidestart|p1: ay cheu|move: Stealth Rock
|
|upkeep
|turn|19
|
|t:|1757835326
|switch|p2a: Ting-Lu|Ting-Lu|70/100
|-damage|p2a: Ting-Lu|64/100|[from] Stealth Rock
|-ability|p2a: Ting-Lu|Vessel of Ruin
|move|p1a: 阿黄|Flare Blitz|p2a: Ting-Lu
|-damage|p2a: Ting-Lu|13/100
|
|upkeep
|turn|20
|
|t:|1757835341
|move|p1a: 阿黄|Flare Blitz|p2a: Ting-Lu
|-damage|p2a: Ting-Lu|0 fnt
|faint|p2a: Ting-Lu
|
|upkeep
|
|t:|1757835343
|switch|p2a: Zamazenta|Zamazenta|39/100
|-damage|p2a: Zamazenta|33/100|[from] Stealth Rock
|turn|21
|
|t:|1757835349
|switch|p1a: Great Tusk|Great Tusk, tera:Grass|51/100
|-damage|p1a: Great Tusk|38/100|[from] Stealth Rock
|move|p2a: Zamazenta|Close Combat|p1a: Great Tusk
|-damage|p1a: Great Tusk|0 fnt
|-unboost|p2a: Zamazenta|def|1
|-unboost|p2a: Zamazenta|spd|1
|-damage|p2a: Zamazenta|16/100|[from] item: Rocky Helmet|[of] p1a: Great Tusk
|faint|p1a: Great Tusk
|-end|p1a: Great Tusk|Protosynthesis|[silent]
|
|upkeep
|
|t:|1757835359
|switch|p1a: Walking Wake|Walking Wake|36/100
|-damage|p1a: Walking Wake|24/100|[from] Stealth Rock
|turn|22
|
|t:|1757835361
|switch|p2a: Clefable|Clefable, F|81/100
|move|p1a: Walking Wake|Hydro Pump|p2a: Clefable
|-damage|p2a: Clefable|46/100
|
|upkeep
|turn|23
|
|t:|1757835367
|-end|p1a: Walking Wake|Protosynthesis|[silent]
|switch|p1a: 阿黄|Arcanine-Hisui, M|100/100
|-damage|p1a: 阿黄|76/100|[from] Stealth Rock
|move|p2a: Clefable|Moonblast|p1a: 阿黄
|-resisted|p1a: 阿黄
|-damage|p1a: 阿黄|55/100
|
|upkeep
|turn|24
|
|t:|1757835370
|move|p1a: 阿黄|Flare Blitz|p2a: Clefable
|-damage|p2a: Clefable|0 fnt
|-damage|p1a: 阿黄|38/100|[from] item: Rocky Helmet|[of] p2a: Clefable
|faint|p2a: Clefable
|
|upkeep
|
|t:|1757835372
|switch|p2a: Zamazenta|Zamazenta|16/100
|-damage|p2a: Zamazenta|10/100|[from] Stealth Rock
|turn|25
|
|t:|1757835380
|switch|p1a: 阿肥|Snorlax, M|100/100
|-damage|p1a: 阿肥|88/100|[from] Stealth Rock
|move|p2a: Zamazenta|Close Combat|p1a: 阿肥
|-supereffective|p1a: 阿肥
|-damage|p1a: 阿肥|0 fnt
|-unboost|p2a: Zamazenta|def|1
|-unboost|p2a: Zamazenta|spd|1
|faint|p1a: 阿肥
|
|upkeep
|
|t:|1757835382
|switch|p1a: Walking Wake|Walking Wake|24/100
|-damage|p1a: Walking Wake|11/100|[from] Stealth Rock
|turn|26
|
|t:|1757835388
|switch|p2a: Corviknight|Corviknight, F|83/100
|-damage|p2a: Corviknight|71/100|[from] Stealth Rock
|-ability|p2a: Corviknight|Pressure
|move|p1a: Walking Wake|Flamethrower|p2a: Corviknight
|-supereffective|p2a: Corviknight
|-damage|p2a: Corviknight|13/100
|
|upkeep
|turn|27
|
|t:|1757835394
|move|p1a: Walking Wake|Flamethrower|p2a: Corviknight
|-supereffective|p2a: Corviknight
|-damage|p2a: Corviknight|0 fnt
|faint|p2a: Corviknight
|
|upkeep
|
|t:|1757835395
|switch|p2a: Ogerpon|Ogerpon-Wellspring, F|69/100
|-damage|p2a: Ogerpon|57/100|[from] Stealth Rock
|turn|28
|
|t:|1757835398
|move|p1a: Walking Wake|Flamethrower|p2a: Ogerpon
|-damage|p2a: Ogerpon|19/100
|-status|p2a: Ogerpon|brn
|move|p2a: Ogerpon|Horn Leech|p1a: Walking Wake
|-damage|p1a: Walking Wake|0 fnt
|-heal|p2a: Ogerpon|25/100 brn|[from] drain|[of] p1a: Walking Wake
|faint|p1a: Walking Wake
|-end|p1a: Walking Wake|Protosynthesis|[silent]
|
|-damage|p2a: Ogerpon|19/100 brn|[from] brn
|upkeep
|
|t:|1757835401
|switch|p1a: 阿黄|Arcanine-Hisui, M|38/100
|-damage|p1a: 阿黄|13/100|[from] Stealth Rock
|turn|29
|
|t:|1757835403
|move|p1a: 阿黄|Extreme Speed|p2a: Ogerpon
|-damage|p2a: Ogerpon|0 fnt
|faint|p2a: Ogerpon
|
|upkeep
|c|☆booobieee|damn gg
|
|t:|1757835409
|switch|p2a: Zamazenta|Zamazenta|10/100
|-damage|p2a: Zamazenta|4/100|[from] Stealth Rock
|turn|30
|
|t:|1757835411
|move|p1a: 阿黄|Extreme Speed|p2a: Zamazenta
|-damage|p2a: Zamazenta|0 fnt
|faint|p2a: Zamazenta
|
|win|ay cheu
|raw|ay cheu's rating: 1470 &rarr; <strong>1491</strong><br />(+21 for winning)
|raw|booobieee's rating: 1491 &rarr; <strong>1470</strong><br />(-21 for losing)
|l|☆booobieee
|player|p2|
|l|☆ay cheu
|player|p1|
