|j|☆myout
|j|☆PapsIGuess31
|t:|1757925827
|gametype|singles
|player|p1|myout|hexmaniac-gen6|1223
|player|p2|PapsIGuess31|ingo|1194
|gen|9
|tier|[Gen 9] OU
|rated|
|rule|HP Percentage Mod: HP is shown in percentages
|rule|Endless Battle Clause: Forcing endless battles is banned
|rule|Species Clause: Limit one of each Pokémon
|rule|OHKO Clause: OHKO moves are banned
|rule|Evasion Items Clause: Evasion items are banned
|rule|Evasion Moves Clause: Evasion moves are banned
|rule|Evasion Abilities Clause: Evasion abilities are banned
|rule|Sleep Moves Clause: Sleep-inducing moves are banned
|clearpoke
|poke|p1|Delphox, F|
|poke|p1|Indeedee, M|
|poke|p1|Slowking-Galar, F|
|poke|p1|Kleavor, F|
|poke|p1|Great Tusk|
|poke|p1|Weavile, F|
|poke|p2|Hydrapple, M|
|poke|p2|Dragapult, M|
|poke|p2|Tinkaton, F|
|poke|p2|Blaziken, M|
|poke|p2|Oricorio-Pom-Pom, F|
|poke|p2|Crawdaunt, M|
|teampreview
|inactive|Battle timer is ON: inactive players will automatically lose when time's up. (requested by myout)
|c|☆PapsIGuess31|glhf!
|
|t:|1757925842
|teamsize|p1|6
|teamsize|p2|6
|start
|switch|p1a: Delphox|Delphox, F, shiny|100/100
|switch|p2a: Tinkaton|Tinkaton, F|100/100
|-ability|p2a: Tinkaton|Mold Breaker
|-item|p2a: Tinkaton|Air Balloon
|turn|1
|
|t:|1757925846
|move|p1a: Delphox|Overheat|p2a: Tinkaton
|-supereffective|p2a: Tinkaton
|-damage|p2a: Tinkaton|0 fnt
|-unboost|p1a: Delphox|spa|2
|-enditem|p2a: Tinkaton|Air Balloon
|faint|p2a: Tinkaton
|-enditem|p1a: Delphox|Eject Pack
|
|t:|1757925853
|switch|p1a: Kleavor|Kleavor, F|100/100
|
|upkeep
|
|t:|1757925859
|switch|p2a: Crawdaunt|Crawdaunt, M|100/100
|turn|2
|
|t:|1757925873
|switch|p1a: Indeedee|Indeedee, M|100/100
|-fieldstart|move: Psychic Terrain|[from] ability: Psychic Surge|[of] p1a: Indeedee
|move|p2a: Crawdaunt|Aqua Jet|p1a: Indeedee
|-activate|p1a: Indeedee|move: Psychic Terrain
|
|upkeep
|turn|3
|
|t:|1757925886
|switch|p1a: Great Tusk|Great Tusk|100/100
|switch|p2a: Oricorio|Oricorio-Pom-Pom, F|100/100
|
|upkeep
|turn|4
|
|t:|1757925900
|move|p1a: Great Tusk|Ice Spinner|p2a: Oricorio
|-supereffective|p2a: Oricorio
|-damage|p2a: Oricorio|58/100
|-fieldend|move: Psychic Terrain
|move|p2a: Oricorio|Quiver Dance|p2a: Oricorio
|-boost|p2a: Oricorio|spa|1
|-boost|p2a: Oricorio|spd|1
|-boost|p2a: Oricorio|spe|1
|
|-heal|p2a: Oricorio|64/100|[from] item: Leftovers
|upkeep
|turn|5
|
|t:|1757925917
|move|p2a: Oricorio|Air Slash|p1a: Great Tusk
|-supereffective|p1a: Great Tusk
|-damage|p1a: Great Tusk|3/100
|cant|p1a: Great Tusk|flinch
|
|-heal|p2a: Oricorio|71/100|[from] item: Leftovers
|upkeep
|turn|6
|
|t:|1757925921
|move|p2a: Oricorio|Air Slash|p1a: Great Tusk
|-supereffective|p1a: Great Tusk
|-damage|p1a: Great Tusk|0 fnt
|faint|p1a: Great Tusk
|-end|p1a: Great Tusk|Protosynthesis|[silent]
|
|-heal|p2a: Oricorio|77/100|[from] item: Leftovers
|upkeep
|
|t:|1757925945
|switch|p1a: Slowking|Slowking-Galar, F|100/100
|turn|7
|
|t:|1757925949
|move|p2a: Oricorio|Air Slash|p1a: Slowking
|-damage|p1a: Slowking|80/100
|cant|p1a: Slowking|flinch
|
|-heal|p2a: Oricorio|83/100|[from] item: Leftovers
|upkeep
|turn|8
|
|t:|1757925952
|move|p2a: Oricorio|Quiver Dance|p2a: Oricorio
|-boost|p2a: Oricorio|spa|1
|-boost|p2a: Oricorio|spd|1
|-boost|p2a: Oricorio|spe|1
|-prepare|p1a: Slowking|Chilly Reception|[premajor]
|move|p1a: Slowking|Chilly Reception|p1a: Slowking
|-weather|Snowscape
|
|t:|1757925954
|switch|p1a: Weavile|Weavile, F|100/100|[from] Chilly Reception
|-ability|p1a: Weavile|Pressure
|
|-weather|Snowscape|[upkeep]
|-heal|p2a: Oricorio|89/100|[from] item: Leftovers
|upkeep
|turn|9
|
|t:|1757925967
|-terastallize|p2a: Oricorio|Electric
|move|p1a: Weavile|Ice Shard|p2a: Oricorio
|-damage|p2a: Oricorio|73/100
|move|p2a: Oricorio|Revelation Dance|p1a: Weavile
|-damage|p1a: Weavile|0 fnt
|faint|p1a: Weavile
|
|-weather|Snowscape|[upkeep]
|-heal|p2a: Oricorio|79/100|[from] item: Leftovers
|upkeep
|
|t:|1757925980
|switch|p1a: Kleavor|Kleavor, F|100/100
|turn|10
|
|t:|1757925987
|move|p2a: Oricorio|Air Slash|p1a: Kleavor
|-damage|p1a: Kleavor|20/100
|move|p1a: Kleavor|Stone Axe|p2a: Oricorio
|-damage|p2a: Oricorio|32/100
|-sidestart|p2: PapsIGuess31|move: Stealth Rock
|
|-weather|Snowscape|[upkeep]
|-heal|p2a: Oricorio|39/100|[from] item: Leftovers
|upkeep
|turn|11
|
|t:|1757925991
|switch|p1a: Slowking|Slowking-Galar, F|100/100
|move|p2a: Oricorio|Air Slash|p1a: Slowking
|-damage|p1a: Slowking|69/100
|
|-weather|Snowscape|[upkeep]
|-heal|p2a: Oricorio|45/100|[from] item: Leftovers
|upkeep
|turn|12
|
|t:|1757925995
|move|p2a: Oricorio|Roost|p2a: Oricorio
|-heal|p2a: Oricorio|95/100
|move|p1a: Slowking|Future Sight|p2a: Oricorio
|-start|p1a: Slowking|move: Future Sight
|
|-weather|none
|-heal|p2a: Oricorio|100/100|[from] item: Leftovers
|upkeep
|turn|13
|
|t:|1757925999
|move|p2a: Oricorio|Quiver Dance|p2a: Oricorio
|-boost|p2a: Oricorio|spa|1
|-boost|p2a: Oricorio|spd|1
|-boost|p2a: Oricorio|spe|1
|move|p1a: Slowking|Sludge Bomb|p2a: Oricorio
|-damage|p2a: Oricorio|82/100
|
|-heal|p2a: Oricorio|88/100|[from] item: Leftovers
|upkeep
|turn|14
|
|t:|1757926004
|move|p2a: Oricorio|Air Slash|p1a: Slowking
|-damage|p1a: Slowking|30/100
|move|p1a: Slowking|Sludge Bomb|p2a: Oricorio
|-damage|p2a: Oricorio|72/100
|
|-end|p2a: Oricorio|move: Future Sight
|-damage|p2a: Oricorio|47/100
|-heal|p2a: Oricorio|53/100|[from] item: Leftovers
|upkeep
|turn|15
|
|t:|1757926007
|switch|p1a: Kleavor|Kleavor, F|20/100
|move|p2a: Oricorio|Roost|p2a: Oricorio
|-heal|p2a: Oricorio|100/100
|
|upkeep
|turn|16
|
|t:|1757926013
|move|p2a: Oricorio|Air Slash|p1a: Kleavor
|-damage|p1a: Kleavor|0 fnt
|faint|p1a: Kleavor
|
|upkeep
|
|t:|1757926014
|switch|p1a: Slowking|Slowking-Galar, F|63/100
|turn|17
|
|t:|1757926017
|move|p2a: Oricorio|Air Slash|p1a: Slowking
|-damage|p1a: Slowking|26/100
|cant|p1a: Slowking|flinch
|
|upkeep
|turn|18
|-message|myout forfeited.
|
|win|PapsIGuess31
|raw|myout's rating: 1223 &rarr; <strong>1196</strong><br />(-27 for losing)
|raw|PapsIGuess31's rating: 1194 &rarr; <strong>1221</strong><br />(+27 for winning)
|l|☆myout
|player|p1|
|l|☆PapsIGuess31
|player|p2|
