|j|☆furretisepic
|j|☆Nameless Moron
|t:|1757849208
|gametype|singles
|player|p1|furretisepic|idol|1090
|player|p2|Nameless Moron|unknown|1117
|gen|9
|tier|[Gen 9] OU
|rated|
|rule|HP Percentage Mod: HP is shown in percentages
|rule|Endless Battle Clause: Forcing endless battles is banned
|rule|Species Clause: Limit one of each Pokémon
|rule|OHKO Clause: OHKO moves are banned
|rule|Evasion Items Clause: Evasion items are banned
|rule|Evasion Moves Clause: Evasion moves are banned
|rule|Evasion Abilities Clause: Evasion abilities are banned
|rule|Sleep Moves Clause: Sleep-inducing moves are banned
|clearpoke
|poke|p1|Primarina, F|
|poke|p1|Cinderace, M|
|poke|p1|Corviknight, F|
|poke|p1|Furret, F|
|poke|p1|Kommo-o, M|
|poke|p1|Frosmoth, M|
|poke|p2|Scizor, F|
|poke|p2|Ceruledge, M|
|poke|p2|Greninja-*, M|
|poke|p2|Clodsire, F|
|poke|p2|Great Tusk|
|poke|p2|Dragapult, F|
|teampreview
|inactive|Battle timer is ON: inactive players will automatically lose when time's up. (requested by Nameless Moron)
|
|t:|1757849224
|teamsize|p1|6
|teamsize|p2|6
|start
|switch|p1a: Frosmoth|Frosmoth, M|100/100
|switch|p2a: Clodsire|Clodsire, F|100/100
|turn|1
|
|t:|1757849230
|switch|p2a: Ceruledge|Ceruledge, M|100/100
|move|p1a: Frosmoth|Quiver Dance|p1a: Frosmoth
|-boost|p1a: Frosmoth|spa|1
|-boost|p1a: Frosmoth|spd|1
|-boost|p1a: Frosmoth|spe|1
|
|upkeep
|turn|2
|
|t:|1757849237
|-terastallize|p1a: Frosmoth|Ground
|move|p1a: Frosmoth|Tera Blast|p2a: Ceruledge|[anim] Tera Blast Ground
|-supereffective|p2a: Ceruledge
|-damage|p2a: Ceruledge|12/100
|move|p2a: Ceruledge|Taunt|p1a: Frosmoth
|-start|p1a: Frosmoth|move: Taunt
|
|upkeep
|turn|3
|
|t:|1757849257
|switch|p2a: Great Tusk|Great Tusk|100/100
|move|p1a: Frosmoth|Tera Blast|p2a: Great Tusk|[anim] Tera Blast Ground
|-damage|p2a: Great Tusk|26/100
|
|-heal|p2a: Great Tusk|32/100|[from] item: Leftovers
|upkeep
|turn|4
|
|t:|1757849267
|move|p1a: Frosmoth|Ice Beam|p2a: Great Tusk
|-supereffective|p2a: Great Tusk
|-damage|p2a: Great Tusk|0 fnt
|faint|p2a: Great Tusk
|-end|p2a: Great Tusk|Protosynthesis|[silent]
|
|upkeep
|
|t:|1757849273
|switch|p2a: Greninja|Greninja, M|100/100
|turn|5
|
|t:|1757849283
|move|p2a: Greninja|Water Shuriken|p1a: Frosmoth
|-supereffective|p1a: Frosmoth
|-damage|p1a: Frosmoth|94/100
|-supereffective|p1a: Frosmoth
|-damage|p1a: Frosmoth|87/100
|-supereffective|p1a: Frosmoth
|-damage|p1a: Frosmoth|82/100
|-supereffective|p1a: Frosmoth
|-damage|p1a: Frosmoth|75/100
|-hitcount|p1a: Frosmoth|4
|move|p1a: Frosmoth|Bug Buzz|p2a: Greninja
|-supereffective|p2a: Greninja
|-damage|p2a: Greninja|0 fnt
|faint|p2a: Greninja
|
|-heal|p1a: Frosmoth|81/100|[from] item: Leftovers
|-end|p1a: Frosmoth|move: Taunt
|upkeep
|
|t:|1757849299
|switch|p2a: Scizor|Scizor, F|100/100
|turn|6
|
|t:|1757849302
|move|p1a: Frosmoth|Tera Blast|p2a: Scizor|[anim] Tera Blast Ground
|-damage|p2a: Scizor|15/100
|move|p2a: Scizor|U-turn|p1a: Frosmoth
|-damage|p1a: Frosmoth|0 fnt
|faint|p1a: Frosmoth
|
|t:|1757849310
|switch|p2a: Ceruledge|Ceruledge, M|12/100|[from] U-turn
|
|upkeep
|
|t:|1757849327
|switch|p1a: Primarina|Primarina, F|100/100
|turn|7
|
|t:|1757849332
|move|p2a: Ceruledge|Taunt|p1a: Primarina
|-start|p1a: Primarina|move: Taunt
|move|p1a: Primarina|Surf|p2a: Ceruledge
|-supereffective|p2a: Ceruledge
|-damage|p2a: Ceruledge|0 fnt
|faint|p2a: Ceruledge
|
|upkeep
|
|t:|1757849339
|switch|p2a: Dragapult|Dragapult, F|100/100
|turn|8
|
|t:|1757849344
|move|p2a: Dragapult|Thunderbolt|p1a: Primarina
|-supereffective|p1a: Primarina
|-damage|p1a: Primarina|28/100
|move|p1a: Primarina|Moonblast|p2a: Dragapult
|-supereffective|p2a: Dragapult
|-damage|p2a: Dragapult|0 fnt
|faint|p2a: Dragapult
|
|upkeep
|
|t:|1757849354
|switch|p2a: Scizor|Scizor, F|15/100
|turn|9
|
|t:|1757849358
|-terastallize|p2a: Scizor|Steel
|move|p2a: Scizor|Bullet Punch|p1a: Primarina
|-damage|p1a: Primarina|0 fnt
|faint|p1a: Primarina
|
|upkeep
|
|t:|1757849362
|switch|p1a: Cinderace|Cinderace, M|100/100
|turn|10
|
|t:|1757849365
|move|p2a: Scizor|Bullet Punch|p1a: Cinderace
|-resisted|p1a: Cinderace
|-damage|p1a: Cinderace|48/100
|move|p1a: Cinderace|Pyro Ball|p2a: Scizor
|-supereffective|p2a: Scizor
|-damage|p2a: Scizor|0 fnt
|faint|p2a: Scizor
|
|upkeep
|
|t:|1757849372
|switch|p2a: Clodsire|Clodsire, F|100/100
|turn|11
|
|t:|1757849376
|move|p1a: Cinderace|Acrobatics|p2a: Clodsire
|-damage|p2a: Clodsire|59/100
|move|p2a: Clodsire|Toxic Spikes|p1a: Cinderace
|-sidestart|p1: furretisepic|move: Toxic Spikes
|
|-heal|p2a: Clodsire|65/100|[from] item: Leftovers
|upkeep
|turn|12
|
|t:|1757849383
|move|p1a: Cinderace|Swords Dance|p1a: Cinderace
|-boost|p1a: Cinderace|atk|2
|move|p2a: Clodsire|Recover|p2a: Clodsire
|-heal|p2a: Clodsire|100/100
|
|upkeep
|turn|13
|
|t:|1757849389
|move|p1a: Cinderace|Acrobatics|p2a: Clodsire
|-damage|p2a: Clodsire|20/100
|move|p2a: Clodsire|Earthquake|p1a: Cinderace
|-supereffective|p1a: Cinderace
|-damage|p1a: Cinderace|0 fnt
|faint|p1a: Cinderace
|
|-heal|p2a: Clodsire|26/100|[from] item: Leftovers
|upkeep
|
|t:|1757849399
|switch|p1a: Kommo-o|Kommo-o, M|100/100
|-status|p1a: Kommo-o|psn
|turn|14
|
|t:|1757849403
|move|p1a: Kommo-o|Boomburst|p2a: Clodsire
|-damage|p2a: Clodsire|4/100
|move|p2a: Clodsire|Recover|p2a: Clodsire
|-heal|p2a: Clodsire|54/100
|
|-heal|p2a: Clodsire|60/100|[from] item: Leftovers
|-damage|p1a: Kommo-o|88/100 psn|[from] psn
|upkeep
|turn|15
|
|t:|1757849411
|move|p1a: Kommo-o|Clangorous Soul|p1a: Kommo-o
|-boost|p1a: Kommo-o|atk|1
|-boost|p1a: Kommo-o|def|1
|-boost|p1a: Kommo-o|spa|1
|-boost|p1a: Kommo-o|spd|1
|-boost|p1a: Kommo-o|spe|1
|-damage|p1a: Kommo-o|55/100 psn
|move|p2a: Clodsire|Haze|p2a: Clodsire
|-clearallboost
|
|-heal|p1a: Kommo-o|61/100 psn|[from] item: Leftovers
|-heal|p2a: Clodsire|67/100|[from] item: Leftovers
|-damage|p1a: Kommo-o|49/100 psn|[from] psn
|upkeep
|turn|16
|
|t:|1757849426
|move|p1a: Kommo-o|Drain Punch|p2a: Clodsire
|-resisted|p2a: Clodsire
|-damage|p2a: Clodsire|52/100
|-heal|p1a: Kommo-o|60/100 psn|[from] drain|[of] p2a: Clodsire
|move|p2a: Clodsire|Earthquake|p1a: Kommo-o
|-damage|p1a: Kommo-o|32/100 psn
|
|-heal|p1a: Kommo-o|39/100 psn|[from] item: Leftovers
|-heal|p2a: Clodsire|59/100|[from] item: Leftovers
|-damage|p1a: Kommo-o|26/100 psn|[from] psn
|upkeep
|turn|17
|
|t:|1757849436
|move|p1a: Kommo-o|Boomburst|p2a: Clodsire
|-damage|p2a: Clodsire|37/100
|move|p2a: Clodsire|Haze|p2a: Clodsire
|-clearallboost
|
|-heal|p1a: Kommo-o|32/100 psn|[from] item: Leftovers
|-heal|p2a: Clodsire|43/100|[from] item: Leftovers
|-damage|p1a: Kommo-o|20/100 psn|[from] psn
|upkeep
|turn|18
|
|t:|1757849446
|move|p1a: Kommo-o|Clanging Scales|p2a: Clodsire
|-damage|p2a: Clodsire|16/100
|-unboost|p1a: Kommo-o|def|1
|move|p2a: Clodsire|Toxic Spikes|p1a: Kommo-o
|-sidestart|p1: furretisepic|move: Toxic Spikes
|
|-heal|p1a: Kommo-o|26/100 psn|[from] item: Leftovers
|-heal|p2a: Clodsire|22/100|[from] item: Leftovers
|-damage|p1a: Kommo-o|14/100 psn|[from] psn
|upkeep
|turn|19
|
|t:|1757849455
|move|p1a: Kommo-o|Clanging Scales|p2a: Clodsire
|-damage|p2a: Clodsire|0 fnt
|faint|p2a: Clodsire
|
|win|furretisepic
|raw|furretisepic's rating: 1090 &rarr; <strong>1119</strong><br />(+29 for winning)
|raw|Nameless Moron's rating: 1117 &rarr; <strong>1090</strong><br />(-27 for losing)
|l|☆furretisepic
|player|p1|
