|j|☆PikachuStupid90
|j|☆uechan
|t:|1757909855
|gametype|singles
|player|p1|PikachuStupid90|miku-ground|1355
|player|p2|uechan|101|1327
|gen|9
|tier|[Gen 9] OU
|rated|
|rule|HP Percentage Mod: HP is shown in percentages
|rule|Endless Battle Clause: Forcing endless battles is banned
|rule|Species Clause: Limit one of each Pokémon
|rule|OHKO Clause: OHKO moves are banned
|rule|Evasion Items Clause: Evasion items are banned
|rule|Evasion Moves Clause: Evasion moves are banned
|rule|Evasion Abilities Clause: Evasion abilities are banned
|rule|Sleep Moves Clause: Sleep-inducing moves are banned
|clearpoke
|poke|p1|Pelipper, F|
|poke|p1|Rillaboom, F|
|poke|p1|Ogerpon-Wellspring, F|
|poke|p1|Heatran, F|
|poke|p1|Landorus-Therian, M|
|poke|p1|Dragapult, F|
|poke|p2|Iron Moth|
|poke|p2|Samurott-Hisui, F|
|poke|p2|Iron Hands|
|poke|p2|Dragapult, F|
|poke|p2|Landorus-Therian, M|
|poke|p2|Hoopa-Unbound|
|teampreview
|inactive|Battle timer is ON: inactive players will automatically lose when time's up. (requested by PikachuStupid90)
|
|t:|1757909912
|teamsize|p1|6
|teamsize|p2|6
|start
|switch|p1a: Dragapult|Dragapult, F|100/100
|switch|p2a: Samurott|Samurott-Hisui, F|100/100
|turn|1
|
|t:|1757909918
|move|p1a: Dragapult|U-turn|p2a: Samurott
|-supereffective|p2a: Samurott
|-damage|p2a: Samurott|58/100
|
|t:|1757909921
|switch|p1a: Landorus|Landorus-Therian, M|100/100|[from] U-turn
|-ability|p1a: Landorus|Intimidate|boost
|-unboost|p2a: Samurott|atk|1
|move|p2a: Samurott|Ceaseless Edge|p1a: Landorus
|-damage|p1a: Landorus|63/100
|-sidestart|p1: PikachuStupid90|Spikes
|
|upkeep
|turn|2
|
|t:|1757909930
|move|p1a: Landorus|U-turn|p2a: Samurott
|-supereffective|p2a: Samurott
|-damage|p2a: Samurott|0 fnt
|faint|p2a: Samurott
|
|t:|1757909942
|switch|p1a: Dragapult|Dragapult, F|100/100|[from] U-turn
|-damage|p1a: Dragapult|88/100|[from] Spikes
|
|upkeep
|
|t:|1757909953
|switch|p2a: Hoopa|Hoopa-Unbound|100/100
|turn|3
|
|t:|1757909967
|switch|p2a: Landorus|Landorus-Therian, M|100/100
|-ability|p2a: Landorus|Intimidate|boost
|-fail|p1a: Dragapult|unboost|[from] ability: Clear Body|[of] p1a: Dragapult
|move|p1a: Dragapult|U-turn|p2a: Landorus
|-resisted|p2a: Landorus
|-damage|p2a: Landorus|94/100
|
|t:|1757909978
|switch|p1a: Pelipper|Pelipper, F|100/100|[from] U-turn
|-weather|RainDance|[from] ability: Drizzle|[of] p1a: Pelipper
|
|-weather|RainDance|[upkeep]
|-heal|p2a: Landorus|99/100|[from] item: Leftovers
|upkeep
|turn|4
|
|t:|1757909986
|move|p2a: Landorus|U-turn|p1a: Pelipper
|-resisted|p1a: Pelipper
|-damage|p1a: Pelipper|93/100
|
|t:|1757909990
|switch|p2a: Iron Hands|Iron Hands|100/100|[from] U-turn
|move|p1a: Pelipper|Weather Ball|p2a: Iron Hands
|-damage|p2a: Iron Hands|71/100
|
|-weather|RainDance|[upkeep]
|upkeep
|turn|5
|
|t:|1757909998
|switch|p1a: Landorus|Landorus-Therian, M|63/100
|-ability|p1a: Landorus|Intimidate|boost
|-unboost|p2a: Iron Hands|atk|1
|move|p2a: Iron Hands|Ice Punch|p1a: Landorus
|-supereffective|p1a: Landorus
|-damage|p1a: Landorus|0 fnt
|faint|p1a: Landorus
|
|-weather|RainDance|[upkeep]
|upkeep
|
|t:|1757910013
|switch|p1a: Dragapult|Dragapult, F|88/100
|-damage|p1a: Dragapult|76/100|[from] Spikes
|turn|6
|
|t:|1757910022
|-end|p2a: Iron Hands|Quark Drive|[silent]
|switch|p2a: Landorus|Landorus-Therian, M|99/100
|-ability|p2a: Landorus|Intimidate|boost
|-fail|p1a: Dragapult|unboost|[from] ability: Clear Body|[of] p1a: Dragapult
|move|p1a: Dragapult|Draco Meteor|p2a: Landorus
|-damage|p2a: Landorus|11/100
|-unboost|p1a: Dragapult|spa|2
|
|-weather|RainDance|[upkeep]
|-heal|p2a: Landorus|17/100|[from] item: Leftovers
|upkeep
|turn|7
|
|t:|1757910035
|switch|p2a: Hoopa|Hoopa-Unbound|100/100
|move|p1a: Dragapult|Draco Meteor|p2a: Hoopa
|-damage|p2a: Hoopa|61/100
|-unboost|p1a: Dragapult|spa|2
|
|-weather|none
|upkeep
|turn|8
|
|t:|1757910047
|switch|p1a: Pelipper|Pelipper, F|93/100
|-weather|RainDance|[from] ability: Drizzle|[of] p1a: Pelipper
|move|p2a: Hoopa|Dark Pulse|p1a: Pelipper
|-damage|p1a: Pelipper|5/100
|
|-weather|RainDance|[upkeep]
|upkeep
|turn|9
|
|t:|1757910056
|move|p2a: Hoopa|Drain Punch|p1a: Pelipper
|-resisted|p1a: Pelipper
|-damage|p1a: Pelipper|0 fnt
|-heal|p2a: Hoopa|64/100|[from] drain|[of] p1a: Pelipper
|faint|p1a: Pelipper
|
|-weather|RainDance|[upkeep]
|upkeep
|
|t:|1757910060
|switch|p1a: Ogerpon|Ogerpon-Wellspring, F|100/100
|-damage|p1a: Ogerpon|88/100|[from] Spikes
|turn|10
|
|t:|1757910087
|switch|p2a: Landorus|Landorus-Therian, M|17/100
|-ability|p2a: Landorus|Intimidate|boost
|-unboost|p1a: Ogerpon|atk|1
|move|p1a: Ogerpon|U-turn|p2a: Landorus
|-resisted|p2a: Landorus
|-damage|p2a: Landorus|10/100
|
|t:|1757910093
|switch|p1a: Dragapult|Dragapult, F|76/100|[from] U-turn
|-damage|p1a: Dragapult|64/100|[from] Spikes
|
|-weather|RainDance|[upkeep]
|-heal|p2a: Landorus|16/100|[from] item: Leftovers
|upkeep
|turn|11
|
|t:|1757910104
|move|p1a: Dragapult|Shadow Ball|p2a: Landorus
|-damage|p2a: Landorus|0 fnt
|faint|p2a: Landorus
|
|-weather|RainDance|[upkeep]
|upkeep
|
|t:|1757910109
|switch|p2a: Hoopa|Hoopa-Unbound|64/100
|turn|12
|
|t:|1757910115
|-terastallize|p1a: Dragapult|Ghost
|move|p1a: Dragapult|Shadow Ball|p2a: Hoopa
|-damage|p2a: Hoopa|1/100
|move|p2a: Hoopa|Dark Pulse|p1a: Dragapult
|-supereffective|p1a: Dragapult
|-damage|p1a: Dragapult|0 fnt
|faint|p1a: Dragapult
|
|-weather|none
|upkeep
|c|☆PikachuStupid90|BS
|inactive|PikachuStupid90 has 120 seconds left.
|
|t:|1757910148
|switch|p1a: Rillaboom|Rillaboom, F|100/100
|-damage|p1a: Rillaboom|88/100|[from] Spikes
|-fieldstart|move: Grassy Terrain|[from] ability: Grassy Surge|[of] p1a: Rillaboom
|turn|13
|inactive|PikachuStupid90 has 120 seconds left.
|inactive|uechan has 120 seconds left.
|
|t:|1757910194
|switch|p2a: Iron Moth|Iron Moth|100/100
|-enditem|p2a: Iron Moth|Booster Energy
|-activate|p2a: Iron Moth|ability: Quark Drive|[fromitem]
|-start|p2a: Iron Moth|quarkdrivespa
|move|p1a: Rillaboom|High Horsepower|p2a: Iron Moth
|-supereffective|p2a: Iron Moth
|-damage|p2a: Iron Moth|0 fnt
|faint|p2a: Iron Moth
|-end|p2a: Iron Moth|Quark Drive|[silent]
|
|-heal|p1a: Rillaboom|94/100|[from] Grassy Terrain
|upkeep
|
|t:|1757910207
|switch|p2a: Iron Hands|Iron Hands|71/100
|turn|14
|
|t:|1757910227
|-terastallize|p2a: Iron Hands|Fairy
|move|p1a: Rillaboom|High Horsepower|p2a: Iron Hands
|-damage|p2a: Iron Hands|42/100
|move|p2a: Iron Hands|Close Combat|p1a: Rillaboom
|-damage|p1a: Rillaboom|9/100
|-unboost|p2a: Iron Hands|def|1
|-unboost|p2a: Iron Hands|spd|1
|
|-heal|p1a: Rillaboom|15/100|[from] Grassy Terrain
|-heal|p2a: Iron Hands|48/100|[from] Grassy Terrain
|upkeep
|turn|15
|
|t:|1757910239
|-end|p2a: Iron Hands|Quark Drive|[silent]
|switch|p2a: Hoopa|Hoopa-Unbound|1/100
|move|p1a: Rillaboom|High Horsepower|p2a: Hoopa
|-damage|p2a: Hoopa|0 fnt
|faint|p2a: Hoopa
|
|-heal|p1a: Rillaboom|21/100|[from] Grassy Terrain
|upkeep
|
|t:|1757910242
|switch|p2a: Dragapult|Dragapult, F|100/100
|turn|16
|
|t:|1757910251
|switch|p1a: Heatran|Heatran, F|100/100
|-damage|p1a: Heatran|88/100|[from] Spikes
|move|p2a: Dragapult|U-turn|p1a: Heatran
|-resisted|p1a: Heatran
|-damage|p1a: Heatran|84/100
|
|t:|1757910254
|switch|p2a: Iron Hands|Iron Hands, tera:Fairy|48/100|[from] U-turn
|
|-heal|p1a: Heatran|91/100|[from] Grassy Terrain
|-heal|p1a: Heatran|97/100|[from] item: Leftovers
|-heal|p2a: Iron Hands|54/100|[from] Grassy Terrain
|upkeep
|turn|17
|
|t:|1757910280
|switch|p1a: Ogerpon|Ogerpon-Wellspring, F|88/100
|-damage|p1a: Ogerpon|76/100|[from] Spikes
|move|p2a: Iron Hands|Close Combat|p1a: Ogerpon
|-damage|p1a: Ogerpon|0 fnt
|-unboost|p2a: Iron Hands|def|1
|-unboost|p2a: Iron Hands|spd|1
|faint|p1a: Ogerpon
|
|-heal|p2a: Iron Hands|60/100|[from] Grassy Terrain
|-fieldend|move: Grassy Terrain
|upkeep
|inactive|PikachuStupid90 has 120 seconds left.
|
|t:|1757910293
|switch|p1a: Rillaboom|Rillaboom, F|21/100
|-damage|p1a: Rillaboom|9/100|[from] Spikes
|-fieldstart|move: Grassy Terrain|[from] ability: Grassy Surge|[of] p1a: Rillaboom
|turn|18
|inactive|uechan has 120 seconds left.
|
|t:|1757910326
|move|p1a: Rillaboom|Wood Hammer|p2a: Iron Hands
|-damage|p2a: Iron Hands|0 fnt
|faint|p2a: Iron Hands
|-end|p2a: Iron Hands|Quark Drive|[silent]
|-damage|p1a: Rillaboom|0 fnt|[from] Recoil
|faint|p1a: Rillaboom
|
|upkeep
|
|t:|1757910334
|switch|p1a: Heatran|Heatran, F|97/100
|switch|p2a: Dragapult|Dragapult, F|100/100
|-damage|p1a: Heatran|84/100|[from] Spikes
|turn|19
|
|t:|1757910338
|move|p2a: Dragapult|Hex|p1a: Heatran
|-damage|p1a: Heatran|67/100
|move|p1a: Heatran|Magma Storm|p2a: Dragapult|[miss]
|-miss|p1a: Heatran|p2a: Dragapult
|
|-heal|p1a: Heatran|73/100|[from] Grassy Terrain
|-heal|p1a: Heatran|80/100|[from] item: Leftovers
|upkeep
|turn|20
|
|t:|1757910344
|move|p2a: Dragapult|Hex|p1a: Heatran
|-damage|p1a: Heatran|61/100
|move|p1a: Heatran|Magma Storm|p2a: Dragapult
|-resisted|p2a: Dragapult
|-damage|p2a: Dragapult|70/100
|-activate|p2a: Dragapult|move: Magma Storm|[of] p1a: Heatran
|
|-heal|p2a: Dragapult|76/100|[from] Grassy Terrain
|-heal|p1a: Heatran|68/100|[from] Grassy Terrain
|-heal|p1a: Heatran|74/100|[from] item: Leftovers
|-damage|p2a: Dragapult|64/100|[from] move: Magma Storm|[partiallytrapped]
|upkeep
|turn|21
|
|t:|1757910354
|move|p2a: Dragapult|Hex|p1a: Heatran
|-damage|p1a: Heatran|55/100
|move|p1a: Heatran|Earth Power|p2a: Dragapult
|-damage|p2a: Dragapult|31/100
|
|-heal|p2a: Dragapult|37/100|[from] Grassy Terrain
|-heal|p1a: Heatran|61/100|[from] Grassy Terrain
|-heal|p1a: Heatran|67/100|[from] item: Leftovers
|-damage|p2a: Dragapult|24/100|[from] move: Magma Storm|[partiallytrapped]
|upkeep
|turn|22
|
|t:|1757910360
|move|p2a: Dragapult|Hex|p1a: Heatran
|-damage|p1a: Heatran|49/100
|move|p1a: Heatran|Earth Power|p2a: Dragapult
|-damage|p2a: Dragapult|0 fnt
|faint|p2a: Dragapult
|
|win|PikachuStupid90
|raw|PikachuStupid90's rating: 1355 &rarr; <strong>1373</strong><br />(+18 for winning)
|raw|uechan's rating: 1327 &rarr; <strong>1309</strong><br />(-18 for losing)
|l|☆uechan
|player|p2|
