|inactive|Battle timer is ON: inactive players will automatically lose when time's up.
|t:|1757865531
|gametype|singles
|player|p1|oldspicemike|#scl5terrors|
|player|p2|Antetokommo-o|#scl5shoguns|
|gen|9
|tier|[Gen 9] OU
|rule|HP Percentage Mod: HP is shown in percentages
|rule|Endless Battle Clause: Forcing endless battles is banned
|rule|Species Clause: Limit one of each Pokémon
|rule|OHKO Clause: OHKO moves are banned
|rule|Evasion Items Clause: Evasion items are banned
|rule|Evasion Moves Clause: Evasion moves are banned
|rule|Evasion Abilities Clause: Evasion abilities are banned
|rule|Sleep Moves Clause: Sleep-inducing moves are banned
|clearpoke
|poke|p1|Garganacl, M|
|poke|p1|Samurott-Hisui, M|
|poke|p1|Great Tusk|
|poke|p1|Zapdos|
|poke|p1|Zamazenta-*|
|poke|p1|Gholdengo|
|poke|p2|Excadrill, M|
|poke|p2|Tyranitar, F|
|poke|p2|Moltres|
|poke|p2|Hydrapple, F|
|poke|p2|Zamazenta-*|
|poke|p2|Slowking-Galar, M|
|teampreview
|c|☆oldspicemike|hf
|inactive|oldspicemike has 270 seconds left.
|inactive|Antetokommo-o has 270 seconds left.
|c|☆Antetokommo-o|hf
|inactive|oldspicemike has 240 seconds left.
|inactive|Antetokommo-o has 240 seconds left.
|inactive|oldspicemike has 210 seconds left.
|inactive|Antetokommo-o has 210 seconds left.
|inactive|oldspicemike has 180 seconds left.
|inactive|Antetokommo-o has 180 seconds left.
|
|t:|1757865682
|teamsize|p1|6
|teamsize|p2|6
|start
|switch|p1a: Zapdos|Zapdos|100/100
|switch|p2a: Tyranitar|Tyranitar, F|100/100
|-weather|Sandstorm|[from] ability: Sand Stream|[of] p2a: Tyranitar
|turn|1
|
|t:|1757865695
|move|p1a: Zapdos|Volt Switch|p2a: Tyranitar
|-damage|p2a: Tyranitar|77/100
|
|t:|1757865712
|switch|p1a: Great Tusk|Great Tusk|100/100|[from] Volt Switch
|move|p2a: Tyranitar|Ice Beam|p1a: Great Tusk
|-supereffective|p1a: Great Tusk
|-damage|p1a: Great Tusk|56/100
|-status|p1a: Great Tusk|frz
|
|-weather|Sandstorm|[upkeep]
|upkeep
|turn|2
|inactive|Antetokommo-o has 240 seconds left.
|inactive|oldspicemike has 210 seconds left.
|inactive|oldspicemike has 180 seconds left.
|
|t:|1757865762
|switch|p2a: Hydrapple|Hydrapple, F|100/100
|cant|p1a: Great Tusk|frz
|
|-weather|Sandstorm|[upkeep]
|-damage|p2a: Hydrapple|94/100|[from] Sandstorm
|upkeep
|turn|3
|inactive|oldspicemike has 180 seconds left.
|
|t:|1757865774
|-end|p1a: Great Tusk|Protosynthesis|[silent]
|switch|p1a: Zapdos|Zapdos|100/100
|move|p2a: Hydrapple|Fickle Beam|p1a: Zapdos
|-damage|p1a: Zapdos|67/100
|
|-weather|Sandstorm|[upkeep]
|-damage|p1a: Zapdos|61/100|[from] Sandstorm
|-damage|p2a: Hydrapple|88/100|[from] Sandstorm
|upkeep
|turn|4
|inactive|oldspicemike has 180 seconds left.
|inactive|Antetokommo-o has 210 seconds left.
|
|t:|1757865806
|switch|p2a: Slowking|Slowking-Galar, M|100/100
|move|p1a: Zapdos|Volt Switch|p2a: Slowking
|-damage|p2a: Slowking|81/100
|
|t:|1757865808
|switch|p1a: Samurott|Samurott-Hisui, M|100/100|[from] Volt Switch
|
|-weather|Sandstorm|[upkeep]
|-damage|p1a: Samurott|94/100|[from] Sandstorm
|-damage|p2a: Slowking|75/100|[from] Sandstorm
|upkeep
|turn|5
|
|t:|1757865812
|switch|p2a: Hydrapple|Hydrapple, F|100/100
|move|p1a: Samurott|Ceaseless Edge|p2a: Hydrapple
|-damage|p2a: Hydrapple|76/100
|-sidestart|p2: Antetokommo-o|Spikes
|
|-weather|Sandstorm|[upkeep]
|-damage|p1a: Samurott|88/100|[from] Sandstorm
|-damage|p2a: Hydrapple|70/100|[from] Sandstorm
|upkeep
|turn|6
|inactive|oldspicemike has 180 seconds left.
|inactive|oldspicemike has 150 seconds left.
|
|t:|1757865876
|switch|p1a: Gholdengo|Gholdengo|100/100
|move|p2a: Hydrapple|Fickle Beam|p1a: Gholdengo|[anim] Fickle Beam All Out
|-activate|p2a: Hydrapple|move: Fickle Beam
|-resisted|p1a: Gholdengo
|-damage|p1a: Gholdengo|60/100
|
|-weather|Sandstorm|[upkeep]
|-damage|p2a: Hydrapple|64/100|[from] Sandstorm
|upkeep
|turn|7
|inactive|oldspicemike has 150 seconds left.
|inactive|Antetokommo-o has 210 seconds left.
|inactive|oldspicemike has 120 seconds left.
|
|t:|1757865919
|switch|p1a: Samurott|Samurott-Hisui, M|88/100
|switch|p2a: Moltres|Moltres|100/100
|
|-weather|Sandstorm|[upkeep]
|-damage|p1a: Samurott|82/100|[from] Sandstorm
|-damage|p2a: Moltres|94/100|[from] Sandstorm
|upkeep
|turn|8
|inactive|oldspicemike has 120 seconds left.
|
|t:|1757865935
|switch|p2a: Hydrapple|Hydrapple, F|97/100
|move|p1a: Samurott|Aqua Cutter|p2a: Hydrapple
|-resisted|p2a: Hydrapple
|-damage|p2a: Hydrapple|90/100
|
|-weather|none
|upkeep
|turn|9
|inactive|oldspicemike has 120 seconds left.
|
|t:|1757865956
|switch|p1a: Zapdos|Zapdos|61/100
|move|p2a: Hydrapple|Nasty Plot|p2a: Hydrapple
|-boost|p2a: Hydrapple|spa|2
|
|upkeep
|turn|10
|
|t:|1757865967
|-terastallize|p2a: Hydrapple|Poison
|move|p1a: Zapdos|Volt Switch|p2a: Hydrapple
|-damage|p2a: Hydrapple|55/100
|
|t:|1757865975
|switch|p1a: Great Tusk|Great Tusk|56/100 frz|[from] Volt Switch
|move|p2a: Hydrapple|Fickle Beam|p1a: Great Tusk
|-damage|p1a: Great Tusk|0 fnt
|faint|p1a: Great Tusk
|-end|p1a: Great Tusk|Protosynthesis|[silent]
|
|upkeep
|
|t:|1757865989
|switch|p1a: Gholdengo|Gholdengo|60/100
|turn|11
|inactive|Antetokommo-o has 210 seconds left.
|inactive|Antetokommo-o has 180 seconds left.
|
|t:|1757866048
|switch|p1a: Zapdos|Zapdos|61/100
|switch|p2a: Moltres|Moltres|94/100
|
|upkeep
|turn|12
|inactive|Antetokommo-o has 150 seconds left.
|
|t:|1757866075
|move|p1a: Zapdos|Volt Switch|p2a: Moltres
|-supereffective|p2a: Moltres
|-damage|p2a: Moltres|47/100
|
|t:|1757866084
|switch|p1a: Garganacl|Garganacl, M|100/100|[from] Volt Switch
|move|p2a: Moltres|Roost|p2a: Moltres
|-heal|p2a: Moltres|97/100
|-singleturn|p2a: Moltres|move: Roost
|
|upkeep
|turn|13
|
|t:|1757866088
|move|p2a: Moltres|U-turn|p1a: Garganacl
|-damage|p1a: Garganacl|92/100
|
|t:|1757866090
|switch|p2a: Hydrapple|Hydrapple, F, tera:Poison|89/100|[from] U-turn
|move|p1a: Garganacl|Salt Cure|p2a: Hydrapple
|-damage|p2a: Hydrapple|80/100
|-start|p2a: Hydrapple|Salt Cure
|
|-heal|p1a: Garganacl|98/100|[from] item: Leftovers
|-damage|p2a: Hydrapple|68/100|[from] Salt Cure
|upkeep
|turn|14
|inactive|oldspicemike has 120 seconds left.
|
|t:|1757866112
|switch|p2a: Tyranitar|Tyranitar, F|77/100
|-damage|p2a: Tyranitar|65/100|[from] Spikes
|-weather|Sandstorm|[from] ability: Sand Stream|[of] p2a: Tyranitar
|switch|p1a: Zapdos|Zapdos|61/100
|
|-weather|Sandstorm|[upkeep]
|-damage|p1a: Zapdos|54/100|[from] Sandstorm
|upkeep
|turn|15
|inactive|oldspicemike has 120 seconds left.
|
|t:|1757866137
|move|p1a: Zapdos|Volt Switch|p2a: Tyranitar
|-damage|p2a: Tyranitar|43/100
|
|t:|1757866139
|switch|p1a: Samurott|Samurott-Hisui, M|82/100|[from] Volt Switch
|move|p2a: Tyranitar|Stealth Rock|p1a: Samurott
|-sidestart|p1: oldspicemike|move: Stealth Rock
|
|-weather|Sandstorm|[upkeep]
|-damage|p1a: Samurott|76/100|[from] Sandstorm
|upkeep
|turn|16
|inactive|oldspicemike has 120 seconds left.
|inactive|Antetokommo-o has 180 seconds left.
|inactive|Antetokommo-o has 150 seconds left.
|
|t:|1757866199
|switch|p2a: Hydrapple|Hydrapple, F, tera:Poison|100/100
|move|p1a: Samurott|Aqua Cutter|p2a: Hydrapple
|-damage|p2a: Hydrapple|73/100
|
|-weather|Sandstorm|[upkeep]
|-damage|p1a: Samurott|70/100|[from] Sandstorm
|-damage|p2a: Hydrapple|67/100|[from] Sandstorm
|upkeep
|turn|17
|inactive|oldspicemike has 120 seconds left.
|
|t:|1757866213
|-terastallize|p1a: Samurott|Poison
|move|p1a: Samurott|Knock Off|p2a: Hydrapple
|-damage|p2a: Hydrapple|41/100
|-enditem|p2a: Hydrapple|Heavy-Duty Boots|[from] move: Knock Off|[of] p1a: Samurott
|move|p2a: Hydrapple|Fickle Beam|p1a: Samurott
|-damage|p1a: Samurott|45/100
|
|-weather|Sandstorm|[upkeep]
|-damage|p1a: Samurott|39/100|[from] Sandstorm
|-damage|p2a: Hydrapple|35/100|[from] Sandstorm
|upkeep
|turn|18
|inactive|oldspicemike has 120 seconds left.
|inactive|Antetokommo-o has 120 seconds left.
|
|t:|1757866239
|move|p1a: Samurott|Ceaseless Edge|p2a: Hydrapple|[miss]
|-miss|p1a: Samurott|p2a: Hydrapple
|move|p2a: Hydrapple|Fickle Beam|p1a: Samurott
|-damage|p1a: Samurott|13/100
|
|-weather|Sandstorm|[upkeep]
|-damage|p1a: Samurott|7/100|[from] Sandstorm
|-damage|p2a: Hydrapple|29/100|[from] Sandstorm
|upkeep
|turn|19
|
|t:|1757866249
|switch|p2a: Zamazenta|Zamazenta|100/100
|-ability|p2a: Zamazenta|Dauntless Shield|boost
|-boost|p2a: Zamazenta|def|1
|move|p1a: Samurott|Ceaseless Edge|p2a: Zamazenta
|-resisted|p2a: Zamazenta
|-damage|p2a: Zamazenta|87/100
|-sidestart|p2: Antetokommo-o|Spikes
|
|-weather|Sandstorm|[upkeep]
|-damage|p2a: Zamazenta|80/100|[from] Sandstorm
|-damage|p1a: Samurott|0 fnt|[from] Sandstorm
|faint|p1a: Samurott
|upkeep
|inactive|oldspicemike has 90 seconds left.
|inactive|oldspicemike has 60 seconds left.
|inactive|oldspicemike has 30 seconds left.
|inactive|oldspicemike has 20 seconds left.
|inactive|oldspicemike has 15 seconds left.
|
|t:|1757866358
|switch|p1a: Gholdengo|Gholdengo|60/100
|-damage|p1a: Gholdengo|54/100|[from] Stealth Rock
|turn|20
|inactive|oldspicemike has 25 seconds left this turn.
|inactive|oldspicemike has 20 seconds left.
|inactive|Antetokommo-o has 120 seconds left.
|inactive|oldspicemike has 15 seconds left.
|inactive|Antetokommo-o has 90 seconds left.
|
|t:|1757866410
|move|p1a: Gholdengo|Trick|p2a: Zamazenta
|-activate|p1a: Gholdengo|move: Trick|[of] p2a: Zamazenta
|-item|p2a: Zamazenta|Choice Scarf|[from] move: Trick
|-item|p1a: Gholdengo|Heavy-Duty Boots|[from] move: Trick
|move|p2a: Zamazenta|Crunch|p1a: Gholdengo
|-supereffective|p1a: Gholdengo
|-damage|p1a: Gholdengo|0 fnt
|faint|p1a: Gholdengo
|
|-weather|Sandstorm|[upkeep]
|-damage|p2a: Zamazenta|74/100|[from] Sandstorm
|upkeep
|inactive|oldspicemike has 20 seconds left this turn.
|inactive|oldspicemike has 15 seconds left.
|inactive|oldspicemike has 10 seconds left.
|inactive|oldspicemike has 5 seconds left.
|
|t:|1757866426
|switch|p1a: Zapdos|Zapdos|54/100
|turn|21
|inactive|oldspicemike has 15 seconds left this turn.
|inactive|Antetokommo-o has 60 seconds left.
|
|t:|1757866458
|switch|p2a: Slowking|Slowking-Galar, M|100/100
|-damage|p2a: Slowking|84/100|[from] Spikes
|move|p1a: Zapdos|Roost|p1a: Zapdos
|-heal|p1a: Zapdos|100/100
|-singleturn|p1a: Zapdos|move: Roost
|
|-weather|none
|upkeep
|turn|22
|inactive|oldspicemike has 25 seconds left this turn.
|inactive|Antetokommo-o has 60 seconds left.
|
|t:|1757866469
|move|p1a: Zapdos|Volt Switch|p2a: Slowking
|-damage|p2a: Slowking|65/100
|inactive|oldspicemike has 30 seconds left this turn.
|
|t:|1757866472
|switch|p1a: Garganacl|Garganacl, M|98/100|[from] Volt Switch
|-damage|p1a: Garganacl|86/100|[from] Stealth Rock
|move|p2a: Slowking|Sludge Bomb|p1a: Garganacl
|-resisted|p1a: Garganacl
|-damage|p1a: Garganacl|72/100
|
|-heal|p1a: Garganacl|79/100|[from] item: Leftovers
|upkeep
|turn|23
|inactive|Antetokommo-o has 60 seconds left.
|inactive|Antetokommo-o has 30 seconds left.
|
|t:|1757866523
|switch|p2a: Excadrill|Excadrill, M|100/100
|-item|p2a: Excadrill|Air Balloon
|move|p1a: Garganacl|Salt Cure|p2a: Excadrill
|-resisted|p2a: Excadrill
|-damage|p2a: Excadrill|96/100
|-start|p2a: Excadrill|Salt Cure
|-enditem|p2a: Excadrill|Air Balloon
|
|-heal|p1a: Garganacl|85/100|[from] item: Leftovers
|-damage|p2a: Excadrill|71/100|[from] Salt Cure
|upkeep
|turn|24
|inactive|Antetokommo-o has 30 seconds left.
|
|t:|1757866529
|switch|p1a: Zapdos|Zapdos|100/100
|move|p2a: Excadrill|Rapid Spin|p1a: Zapdos
|-damage|p1a: Zapdos|79/100
|-boost|p2a: Excadrill|spe|1
|-status|p2a: Excadrill|par|[from] ability: Static|[of] p1a: Zapdos
|-sideend|p2: Antetokommo-o|Spikes|[from] move: Rapid Spin|[of] p2a: Excadrill
|
|-damage|p2a: Excadrill|46/100 par|[from] Salt Cure
|upkeep
|turn|25
|
|t:|1757866536
|switch|p2a: Slowking|Slowking-Galar, M|98/100
|move|p1a: Zapdos|Hurricane|p2a: Slowking
|-damage|p2a: Slowking|71/100
|-start|p2a: Slowking|confusion
|
|upkeep
|turn|26
|
|t:|1757866544
|move|p1a: Zapdos|Volt Switch|p2a: Slowking
|-damage|p2a: Slowking|51/100
|inactive|oldspicemike has 60 seconds left.
|
|t:|1757866551
|switch|p1a: Garganacl|Garganacl, M|85/100|[from] Volt Switch
|-damage|p1a: Garganacl|72/100|[from] Stealth Rock
|-activate|p2a: Slowking|confusion
|move|p2a: Slowking|Sludge Bomb|p1a: Garganacl
|-resisted|p1a: Garganacl
|-damage|p1a: Garganacl|58/100
|
|-heal|p1a: Garganacl|64/100|[from] item: Leftovers
|upkeep
|turn|27
|
|t:|1757866560
|switch|p2a: Hydrapple|Hydrapple, F, tera:Poison|62/100
|move|p1a: Garganacl|Salt Cure|p2a: Hydrapple
|-damage|p2a: Hydrapple|54/100
|-start|p2a: Hydrapple|Salt Cure
|
|-heal|p1a: Garganacl|70/100|[from] item: Leftovers
|-damage|p2a: Hydrapple|42/100|[from] Salt Cure
|upkeep
|turn|28
|inactive|Antetokommo-o has 60 seconds left.
|
|t:|1757866568
|switch|p2a: Tyranitar|Tyranitar, F|43/100
|-weather|Sandstorm|[from] ability: Sand Stream|[of] p2a: Tyranitar
|switch|p1a: Zapdos|Zapdos|79/100
|
|-weather|Sandstorm|[upkeep]
|-damage|p1a: Zapdos|73/100|[from] Sandstorm
|upkeep
|turn|29
|
|t:|1757866574
|move|p1a: Zapdos|Volt Switch|p2a: Tyranitar
|-damage|p2a: Tyranitar|23/100
|
|t:|1757866577
|switch|p1a: Zamazenta|Zamazenta|100/100|[from] Volt Switch
|-ability|p1a: Zamazenta|Dauntless Shield|boost
|-boost|p1a: Zamazenta|def|1
|move|p2a: Tyranitar|Knock Off|p1a: Zamazenta
|-resisted|p1a: Zamazenta
|-damage|p1a: Zamazenta|83/100
|-enditem|p1a: Zamazenta|Heavy-Duty Boots|[from] move: Knock Off|[of] p2a: Tyranitar
|
|-weather|Sandstorm|[upkeep]
|-damage|p1a: Zamazenta|77/100|[from] Sandstorm
|upkeep
|turn|30
|inactive|oldspicemike has 90 seconds left.
|
|t:|1757866598
|switch|p2a: Hydrapple|Hydrapple, F, tera:Poison|75/100
|move|p1a: Zamazenta|Close Combat|p2a: Hydrapple
|-resisted|p2a: Hydrapple
|-damage|p2a: Hydrapple|58/100
|-unboost|p1a: Zamazenta|def|1
|-unboost|p1a: Zamazenta|spd|1
|
|-weather|Sandstorm|[upkeep]
|-damage|p1a: Zamazenta|71/100|[from] Sandstorm
|-damage|p2a: Hydrapple|51/100|[from] Sandstorm
|upkeep
|turn|31
|
|t:|1757866604
|switch|p1a: Zapdos|Zapdos|73/100
|move|p2a: Hydrapple|Giga Drain|p1a: Zapdos
|-resisted|p1a: Zapdos
|-damage|p1a: Zapdos|57/100
|-heal|p2a: Hydrapple|58/100|[from] drain|[of] p1a: Zapdos
|
|-weather|Sandstorm|[upkeep]
|-damage|p1a: Zapdos|50/100|[from] Sandstorm
|-damage|p2a: Hydrapple|52/100|[from] Sandstorm
|upkeep
|turn|32
|
|t:|1757866610
|switch|p2a: Slowking|Slowking-Galar, M|84/100
|move|p1a: Zapdos|Roost|p1a: Zapdos
|-heal|p1a: Zapdos|100/100
|-singleturn|p1a: Zapdos|move: Roost
|
|-weather|Sandstorm|[upkeep]
|-damage|p1a: Zapdos|94/100|[from] Sandstorm
|-damage|p2a: Slowking|78/100|[from] Sandstorm
|upkeep
|turn|33
|
|t:|1757866617
|move|p1a: Zapdos|Volt Switch|p2a: Slowking
|-damage|p2a: Slowking|60/100
|
|t:|1757866619
|switch|p1a: Garganacl|Garganacl, M|70/100|[from] Volt Switch
|-damage|p1a: Garganacl|58/100|[from] Stealth Rock
|move|p2a: Slowking|Sludge Bomb|p1a: Garganacl
|-resisted|p1a: Garganacl
|-damage|p1a: Garganacl|49/100
|
|-weather|Sandstorm|[upkeep]
|-damage|p2a: Slowking|54/100|[from] Sandstorm
|-heal|p1a: Garganacl|55/100|[from] item: Leftovers
|upkeep
|turn|34
|inactive|oldspicemike has 120 seconds left.
|
|t:|1757866628
|switch|p2a: Hydrapple|Hydrapple, F, tera:Poison|86/100
|move|p1a: Garganacl|Salt Cure|p2a: Hydrapple
|-crit|p2a: Hydrapple
|-damage|p2a: Hydrapple|74/100
|-start|p2a: Hydrapple|Salt Cure
|
|-weather|Sandstorm|[upkeep]
|-damage|p2a: Hydrapple|68/100|[from] Sandstorm
|-heal|p1a: Garganacl|61/100|[from] item: Leftovers
|-damage|p2a: Hydrapple|56/100|[from] Salt Cure
|upkeep
|turn|35
|
|t:|1757866635
|move|p2a: Hydrapple|Giga Drain|p1a: Garganacl
|-supereffective|p1a: Garganacl
|-damage|p1a: Garganacl|34/100
|-heal|p2a: Hydrapple|69/100|[from] drain|[of] p1a: Garganacl
|move|p1a: Garganacl|Recover|p1a: Garganacl
|-heal|p1a: Garganacl|84/100
|
|-weather|none
|-heal|p1a: Garganacl|90/100|[from] item: Leftovers
|-damage|p2a: Hydrapple|57/100|[from] Salt Cure
|upkeep
|turn|36
|
|t:|1757866644
|switch|p2a: Slowking|Slowking-Galar, M|87/100
|switch|p1a: Zapdos|Zapdos|94/100
|
|upkeep
|turn|37
|
|t:|1757866651
|move|p1a: Zapdos|Volt Switch|p2a: Slowking
|-damage|p2a: Slowking|67/100
|
|t:|1757866653
|switch|p1a: Garganacl|Garganacl, M|90/100|[from] Volt Switch
|-damage|p1a: Garganacl|78/100|[from] Stealth Rock
|move|p2a: Slowking|Psyshock|p1a: Garganacl
|-damage|p1a: Garganacl|55/100
|
|-heal|p1a: Garganacl|61/100|[from] item: Leftovers
|upkeep
|turn|38
|
|t:|1757866660
|move|p1a: Garganacl|Salt Cure|p2a: Slowking
|-damage|p2a: Slowking|55/100
|-start|p2a: Slowking|Salt Cure
|move|p2a: Slowking|Psyshock|p1a: Garganacl
|-damage|p1a: Garganacl|41/100
|
|-heal|p1a: Garganacl|47/100|[from] item: Leftovers
|-damage|p2a: Slowking|43/100|[from] Salt Cure
|upkeep
|turn|39
|
|t:|1757866665
|switch|p2a: Hydrapple|Hydrapple, F, tera:Poison|90/100
|move|p1a: Garganacl|Recover|p1a: Garganacl
|-heal|p1a: Garganacl|97/100
|
|-heal|p1a: Garganacl|100/100|[from] item: Leftovers
|upkeep
|turn|40
|
|t:|1757866668
|switch|p1a: Zapdos|Zapdos|94/100
|move|p2a: Hydrapple|Nasty Plot|p2a: Hydrapple
|-boost|p2a: Hydrapple|spa|2
|
|upkeep
|turn|41
|
|t:|1757866673
|move|p1a: Zapdos|Hurricane|p2a: Hydrapple|[miss]
|-miss|p1a: Zapdos|p2a: Hydrapple
|move|p2a: Hydrapple|Fickle Beam|p1a: Zapdos|[anim] Fickle Beam All Out
|-activate|p2a: Hydrapple|move: Fickle Beam
|-damage|p1a: Zapdos|0 fnt
|faint|p1a: Zapdos
|
|upkeep
|inactive|oldspicemike has 180 seconds left.
|c|☆oldspicemike|ggs
|-message|oldspicemike forfeited.
|
|win|Antetokommo-o
