|j|☆randomsGoat
|j|☆z-riolu
|t:|1757867299
|gametype|singles
|player|p1|randomsGoat|101|1303
|player|p2|z-riolu|266|1308
|gen|9
|tier|[Gen 9] OU
|rated|
|rule|HP Percentage Mod: HP is shown in percentages
|rule|Endless Battle Clause: Forcing endless battles is banned
|rule|Species Clause: Limit one of each Pokémon
|rule|OHKO Clause: OHKO moves are banned
|rule|Evasion Items Clause: Evasion items are banned
|rule|Evasion Moves Clause: Evasion moves are banned
|rule|Evasion Abilities Clause: Evasion abilities are banned
|rule|Sleep Moves Clause: Sleep-inducing moves are banned
|clearpoke
|poke|p1|Scizor, M|
|poke|p1|Garchomp, M|
|poke|p1|Moltres|
|poke|p1|Hatterene, F|
|poke|p1|Pecharunt|
|poke|p1|Ogerpon-Wellspring, F|
|poke|p2|Hatterene, F|
|poke|p2|Ogerpon-Wellspring, F|
|poke|p2|Raging Bolt|
|poke|p2|Scizor, M|
|poke|p2|Cinderace, M|
|poke|p2|Kingambit, M|
|teampreview
|inactive|Battle timer is ON: inactive players will automatically lose when time's up. (requested by randomsGoat)
|
|t:|1757867317
|teamsize|p1|6
|teamsize|p2|6
|start
|switch|p1a: Moltres|Moltres|100/100
|switch|p2a: Hatterene|Hatterene, F|100/100
|turn|1
|
|t:|1757867346
|move|p1a: Moltres|U-turn|p2a: Hatterene
|-damage|p2a: Hatterene|83/100
|j| idonteatpets
|
|t:|1757867359
|switch|p1a: Hatterene|Hatterene, F|100/100|[from] U-turn
|move|p2a: Hatterene|Mystical Fire|p1a: Hatterene
|-damage|p1a: Hatterene|73/100
|-unboost|p1a: Hatterene|spa|1
|-enditem|p1a: Hatterene|Eject Button
|
|t:|1757867373
|switch|p1a: Scizor|Scizor, M|100/100
|
|upkeep
|turn|2
|
|t:|1757867380
|switch|p2a: Cinderace|Cinderace, M|100/100
|move|p1a: Scizor|Bullet Punch|p2a: Cinderace
|-resisted|p2a: Cinderace
|-damage|p2a: Cinderace|70/100
|
|upkeep
|turn|3
|
|t:|1757867384
|switch|p1a: Moltres|Moltres|100/100
|move|p2a: Cinderace|U-turn|p1a: Moltres
|-resisted|p1a: Moltres
|-damage|p1a: Moltres|96/100
|
|t:|1757867388
|switch|p2a: Ogerpon|Ogerpon-Wellspring, F|100/100|[from] U-turn
|
|upkeep
|turn|4
|
|t:|1757867396
|-terastallize|p1a: Moltres|Water
|move|p2a: Ogerpon|Trailblaze|p1a: Moltres
|-supereffective|p1a: Moltres
|-damage|p1a: Moltres|35/100
|-boost|p2a: Ogerpon|spe|1
|-status|p2a: Ogerpon|brn|[from] ability: Flame Body|[of] p1a: Moltres
|move|p1a: Moltres|Hurricane|p2a: Ogerpon
|-supereffective|p2a: Ogerpon
|-damage|p2a: Ogerpon|0 fnt
|faint|p2a: Ogerpon
|
|upkeep
|c| idonteatpets|hi
|c|☆randomsGoat|yo
|c|☆randomsGoat|dm me ur discord
|
|t:|1757867423
|switch|p2a: Hatterene|Hatterene, F|83/100
|turn|5
|
|t:|1757867429
|move|p1a: Moltres|Roost|p1a: Moltres
|-heal|p1a: Moltres|85/100
|move|p2a: Hatterene|Draining Kiss|p1a: Moltres
|-damage|p1a: Moltres|58/100
|-heal|p2a: Hatterene|100/100|[from] drain|[of] p1a: Moltres
|
|upkeep
|turn|6
|
|t:|1757867438
|move|p1a: Moltres|Hurricane|p2a: Hatterene
|-damage|p2a: Hatterene|62/100
|move|p2a: Hatterene|Mystical Fire|p1a: Moltres
|-resisted|p1a: Moltres
|-damage|p1a: Moltres|43/100
|-unboost|p1a: Moltres|spa|1
|
|upkeep
|turn|7
|
|t:|1757867446
|move|p1a: Moltres|Roost|p1a: Moltres
|-heal|p1a: Moltres|93/100
|move|p2a: Hatterene|Mystical Fire|p1a: Moltres
|-resisted|p1a: Moltres
|-damage|p1a: Moltres|80/100
|-unboost|p1a: Moltres|spa|1
|
|upkeep
|turn|8
|
|t:|1757867455
|move|p1a: Moltres|U-turn|p2a: Hatterene
|-damage|p2a: Hatterene|45/100
|
|t:|1757867460
|switch|p1a: Pecharunt|Pecharunt|100/100|[from] U-turn
|move|p2a: Hatterene|Draining Kiss|p1a: Pecharunt
|-resisted|p1a: Pecharunt
|-crit|p1a: Pecharunt
|-damage|p1a: Pecharunt|78/100
|-heal|p2a: Hatterene|65/100|[from] drain|[of] p1a: Pecharunt
|
|upkeep
|turn|9
|
|t:|1757867469
|switch|p2a: Scizor|Scizor, M|100/100
|move|p1a: Pecharunt|Malignant Chain|p2a: Scizor
|-immune|p2a: Scizor
|
|upkeep
|turn|10
|
|t:|1757867474
|move|p1a: Pecharunt|Parting Shot|p2a: Scizor
|-unboost|p2a: Scizor|atk|1
|-unboost|p2a: Scizor|spa|1
|
|t:|1757867477
|switch|p1a: Moltres|Moltres, tera:Water|80/100|[from] Parting Shot
|move|p2a: Scizor|Knock Off|p1a: Moltres
|-damage|p1a: Moltres|44/100
|-status|p2a: Scizor|brn|[from] ability: Flame Body|[of] p1a: Moltres
|-enditem|p1a: Moltres|Heavy-Duty Boots|[from] move: Knock Off|[of] p2a: Scizor
|
|-damage|p2a: Scizor|94/100 brn|[from] brn
|upkeep
|turn|11
|
|t:|1757867485
|switch|p2a: Cinderace|Cinderace, M|70/100
|move|p1a: Moltres|Roost|p1a: Moltres
|-heal|p1a: Moltres|94/100
|
|upkeep
|turn|12
|
|t:|1757867491
|move|p2a: Cinderace|Will-O-Wisp|p1a: Moltres|[miss]
|-miss|p2a: Cinderace|p1a: Moltres
|move|p1a: Moltres|Hurricane|p2a: Cinderace
|-damage|p2a: Cinderace|0 fnt
|faint|p2a: Cinderace
|
|upkeep
|
|t:|1757867496
|switch|p2a: Raging Bolt|Raging Bolt|100/100
|turn|13
|
|t:|1757867502
|switch|p1a: Garchomp|Garchomp, M|100/100
|move|p2a: Raging Bolt|Draco Meteor|p1a: Garchomp
|-supereffective|p1a: Garchomp
|-damage|p1a: Garchomp|0 fnt
|-unboost|p2a: Raging Bolt|spa|2
|faint|p1a: Garchomp
|
|upkeep
|c|☆randomsGoat|man
|c| idonteatpets|woman
|inactive|randomsGoat has 120 seconds left.
|
|t:|1757867537
|switch|p1a: Hatterene|Hatterene, F|73/100
|turn|14
|
|t:|1757867545
|-end|p2a: Raging Bolt|Protosynthesis|[silent]
|switch|p2a: Scizor|Scizor, M|94/100 brn
|move|p1a: Hatterene|Mystical Fire|p2a: Scizor
|-supereffective|p2a: Scizor
|-crit|p2a: Scizor
|-damage|p2a: Scizor|0 fnt
|faint|p2a: Scizor
|
|upkeep
|
|t:|1757867550
|switch|p2a: Hatterene|Hatterene, F|65/100
|turn|15
|c|☆randomsGoat|gotteeeeeeeeeeeeeee
|
|t:|1757867562
|move|p2a: Hatterene|Nuzzle|p1a: Hatterene
|-damage|p1a: Hatterene|69/100
|-status|p1a: Hatterene|par
|move|p1a: Hatterene|Draining Kiss|p2a: Hatterene
|-damage|p2a: Hatterene|47/100
|-heal|p1a: Hatterene|83/100 par|[from] drain|[of] p2a: Hatterene
|
|upkeep
|turn|16
|
|t:|1757867571
|move|p2a: Hatterene|Draining Kiss|p1a: Hatterene
|-damage|p1a: Hatterene|54/100 par
|-heal|p2a: Hatterene|68/100|[from] drain|[of] p1a: Hatterene
|cant|p1a: Hatterene|par
|
|upkeep
|turn|17
|
|t:|1757867576
|move|p2a: Hatterene|Draining Kiss|p1a: Hatterene
|-crit|p1a: Hatterene
|-damage|p1a: Hatterene|13/100 par
|-heal|p2a: Hatterene|99/100|[from] drain|[of] p1a: Hatterene
|move|p1a: Hatterene|Mystical Fire|p2a: Hatterene
|-damage|p2a: Hatterene|82/100
|-unboost|p2a: Hatterene|spa|1
|
|upkeep
|turn|18
|
|t:|1757867585
|switch|p1a: Pecharunt|Pecharunt|78/100
|move|p2a: Hatterene|Draining Kiss|p1a: Pecharunt
|-resisted|p1a: Pecharunt
|-crit|p1a: Pecharunt
|-damage|p1a: Pecharunt|57/100
|-heal|p2a: Hatterene|100/100|[from] drain|[of] p1a: Pecharunt
|
|upkeep
|turn|19
|
|t:|1757867589
|switch|p2a: Kingambit|Kingambit, M|100/100
|-activate|p2a: Kingambit|ability: Supreme Overlord
|-start|p2a: Kingambit|fallen3|[silent]
|move|p1a: Pecharunt|Malignant Chain|p2a: Kingambit
|-immune|p2a: Kingambit
|
|upkeep
|turn|20
|c| idonteatpets|why did the king cross the road
|
|t:|1757867597
|-end|p2a: Kingambit|fallen3|[silent]
|switch|p2a: Hatterene|Hatterene, F|100/100
|move|p1a: Pecharunt|Parting Shot|p2a: Hatterene
|move|p2a: Hatterene|Parting Shot|p1a: Pecharunt|[from] ability: Magic Bounce
|-unboost|p1a: Pecharunt|atk|1
|-unboost|p1a: Pecharunt|spa|1
|c| idonteatpets|because the posion was on the other side
|
|t:|1757867606
|switch|p2a: Raging Bolt|Raging Bolt|100/100|[from] Parting Shot
|
|upkeep
|turn|21
|c|☆randomsGoat|wtf i never seen this interavtion befor
|c| idonteatpets|LMAO
|
|t:|1757867618
|move|p1a: Pecharunt|Recover|p1a: Pecharunt
|-heal|p1a: Pecharunt|100/100
|move|p2a: Raging Bolt|Volt Switch|p1a: Pecharunt
|-damage|p1a: Pecharunt|43/100
|c| idonteatpets|parting shot magic bounce acts as whirlwind
|
|t:|1757867625
|-end|p2a: Raging Bolt|Protosynthesis|[silent]
|switch|p2a: Kingambit|Kingambit, M|100/100|[from] Volt Switch
|-activate|p2a: Kingambit|ability: Supreme Overlord
|-start|p2a: Kingambit|fallen3|[silent]
|
|upkeep
|turn|22
|c|☆randomsGoat|thas cool af
|c| idonteatpets|what do u mean intervtion
|
|t:|1757867633
|move|p1a: Pecharunt|Parting Shot|p2a: Kingambit
|-unboost|p2a: Kingambit|atk|1
|-unboost|p2a: Kingambit|spa|1
|
|t:|1757867635
|switch|p1a: Moltres|Moltres, tera:Water|94/100|[from] Parting Shot
|move|p2a: Kingambit|Kowtow Cleave|p1a: Moltres
|-damage|p1a: Moltres|50/100
|
|upkeep
|turn|23
|c| idonteatpets|u mean invention?
|c|☆randomsGoat|interaction
|c| idonteatpets|oo
|
|t:|1757867663
|-end|p2a: Kingambit|fallen3|[silent]
|switch|p2a: Raging Bolt|Raging Bolt|100/100
|move|p1a: Moltres|U-turn|p2a: Raging Bolt
|-damage|p2a: Raging Bolt|88/100
|
|t:|1757867676
|switch|p1a: Pecharunt|Pecharunt|43/100|[from] U-turn
|
|upkeep
|turn|24
|
|t:|1757867683
|move|p1a: Pecharunt|Recover|p1a: Pecharunt
|-heal|p1a: Pecharunt|93/100
|move|p2a: Raging Bolt|Thunderbolt|p1a: Pecharunt
|-damage|p1a: Pecharunt|19/100
|
|upkeep
|turn|25
|
|t:|1757867690
|-end|p2a: Raging Bolt|Protosynthesis|[silent]
|switch|p2a: Kingambit|Kingambit, M|100/100
|-activate|p2a: Kingambit|ability: Supreme Overlord
|-start|p2a: Kingambit|fallen3|[silent]
|move|p1a: Pecharunt|Malignant Chain|p2a: Kingambit
|-immune|p2a: Kingambit
|
|upkeep
|turn|26
|
|t:|1757867699
|move|p1a: Pecharunt|Parting Shot|p2a: Kingambit
|-unboost|p2a: Kingambit|atk|1
|-unboost|p2a: Kingambit|spa|1
|
|t:|1757867703
|switch|p1a: Moltres|Moltres, tera:Water|50/100|[from] Parting Shot
|move|p2a: Kingambit|Swords Dance|p2a: Kingambit
|-boost|p2a: Kingambit|atk|2
|
|upkeep
|turn|27
|
|t:|1757867730
|move|p1a: Moltres|Flamethrower|p2a: Kingambit
|-supereffective|p2a: Kingambit
|-damage|p2a: Kingambit|0 fnt
|faint|p2a: Kingambit
|-end|p2a: Kingambit|fallen3|[silent]
|
|upkeep
|c|☆randomsGoat|huge
|
|t:|1757867737
|switch|p2a: Hatterene|Hatterene, F|100/100
|turn|28
|
|t:|1757867741
|move|p1a: Moltres|U-turn|p2a: Hatterene
|-damage|p2a: Hatterene|84/100
|
|t:|1757867743
|switch|p1a: Hatterene|Hatterene, F|13/100 par|[from] U-turn
|move|p2a: Hatterene|Psyshock|p1a: Hatterene
|-resisted|p1a: Hatterene
|-damage|p1a: Hatterene|0 fnt
|faint|p1a: Hatterene
|
|upkeep
|
|t:|1757867766
|switch|p1a: Ogerpon|Ogerpon-Wellspring, F|100/100
|turn|29
|c| idonteatpets|how will u both remember me
|c| idonteatpets|as a spectator
|c| idonteatpets|or as a mfer
|c|☆randomsGoat|i wont
|c| idonteatpets|tf
|inactive|z-riolu has 120 seconds left.
|c| idonteatpets|tf u mean u wont
|
|t:|1757867800
|move|p1a: Ogerpon|Ivy Cudgel|p2a: Hatterene|[anim] Ivy Cudgel Water
|-damage|p2a: Hatterene|23/100
|move|p2a: Hatterene|Nuzzle|p1a: Ogerpon
|-damage|p1a: Ogerpon|96/100
|-status|p1a: Ogerpon|par
|
|upkeep
|turn|30
|c|☆randomsGoat|idk bro i got to clinmb to rank 1 in randoms
|
|t:|1757867818
|switch|p2a: Raging Bolt|Raging Bolt|88/100
|move|p1a: Ogerpon|Ivy Cudgel|p2a: Raging Bolt|[anim] Ivy Cudgel Water
|-resisted|p2a: Raging Bolt
|-damage|p2a: Raging Bolt|58/100
|
|upkeep
|turn|31
|
|t:|1757867827
|move|p2a: Raging Bolt|Thunderbolt|p1a: Ogerpon
|-damage|p1a: Ogerpon|0 fnt
|faint|p1a: Ogerpon
|
|upkeep
|
|t:|1757867835
|switch|p1a: Pecharunt|Pecharunt|19/100
|turn|32
|
|t:|1757867841
|move|p1a: Pecharunt|Malignant Chain|p2a: Raging Bolt
|-damage|p2a: Raging Bolt|28/100
|move|p2a: Raging Bolt|Thunderbolt|p1a: Pecharunt
|-damage|p1a: Pecharunt|0 fnt
|faint|p1a: Pecharunt
|
|upkeep
|
|t:|1757867850
|switch|p1a: Moltres|Moltres, tera:Water|50/100
|turn|33
|
|t:|1757867855
|move|p2a: Raging Bolt|Thunderbolt|p1a: Moltres
|-supereffective|p1a: Moltres
|-damage|p1a: Moltres|0 fnt
|faint|p1a: Moltres
|
|upkeep
|c|☆randomsGoat|uh oh
|
|t:|1757867859
|switch|p1a: Scizor|Scizor, M|100/100
|turn|34
|
|t:|1757867862
|move|p1a: Scizor|Bullet Punch|p2a: Raging Bolt
|-resisted|p2a: Raging Bolt
|-damage|p2a: Raging Bolt|4/100
|move|p2a: Raging Bolt|Thunderbolt|p1a: Scizor
|-damage|p1a: Scizor|3/100
|
|upkeep
|turn|35
|c|☆randomsGoat|omg
|c|☆randomsGoat|saved
|
|t:|1757867869
|move|p1a: Scizor|Bullet Punch|p2a: Raging Bolt
|-resisted|p2a: Raging Bolt
|-damage|p2a: Raging Bolt|0 fnt
|faint|p2a: Raging Bolt
|-end|p2a: Raging Bolt|Protosynthesis|[silent]
|
|upkeep
|
|t:|1757867871
|switch|p2a: Hatterene|Hatterene, F|23/100
|turn|36
|
|t:|1757867877
|-terastallize|p2a: Hatterene|Water
|move|p1a: Scizor|Bullet Punch|p2a: Hatterene
|-resisted|p2a: Hatterene
|-damage|p2a: Hatterene|0 fnt
|faint|p2a: Hatterene
|
|win|randomsGoat
|raw|randomsGoat's rating: 1303 &rarr; <strong>1323</strong><br />(+20 for winning)
|raw|z-riolu's rating: 1308 &rarr; <strong>1288</strong><br />(-20 for losing)
|c|☆randomsGoat|ily scizor
|l|☆z-riolu
|player|p2|
|c|☆randomsGoat|gg
