|j|☆flygonisdragon
|j|☆EddusEatzAlot
|t:|1757827374
|gametype|singles
|player|p1|flygonisdragon|serena-masters|1405
|player|p2|EddusEatzAlot|steven|1469
|gen|9
|tier|[Gen 9] OU
|rated|
|rule|HP Percentage Mod: HP is shown in percentages
|rule|Endless Battle Clause: Forcing endless battles is banned
|rule|Species Clause: Limit one of each Pokémon
|rule|OHKO Clause: OHKO moves are banned
|rule|Evasion Items Clause: Evasion items are banned
|rule|Evasion Moves Clause: Evasion moves are banned
|rule|Evasion Abilities Clause: Evasion abilities are banned
|rule|Sleep Moves Clause: Sleep-inducing moves are banned
|clearpoke
|poke|p1|Zapdos-Galar|
|poke|p1|Volcanion|
|poke|p1|Kommo-o, M|
|poke|p1|Fezandipiti, M|
|poke|p1|Clodsire, M|
|poke|p1|Scizor, M|
|poke|p2|Rillaboom, M|
|poke|p2|Great Tusk|
|poke|p2|Slowking-Galar, M|
|poke|p2|Dragapult, M|
|poke|p2|Heatran, M|
|poke|p2|Weavile, F|
|teampreview
|
|t:|1757827394
|teamsize|p1|6
|teamsize|p2|6
|start
|switch|p1a: Volcanion|Volcanion|100/100
|switch|p2a: Dragapult|Dragapult, M|100/100
|turn|1
|
|t:|1757827408
|switch|p1a: Fezandipiti|Fezandipiti, M|100/100
|move|p2a: Dragapult|U-turn|p1a: Fezandipiti
|-resisted|p1a: Fezandipiti
|-crit|p1a: Fezandipiti
|-damage|p1a: Fezandipiti|94/100
|
|t:|1757827412
|switch|p2a: Heatran|Heatran, M|100/100|[from] U-turn
|
|upkeep
|turn|2
|
|t:|1757827418
|switch|p1a: Volcanion|Volcanion|100/100
|move|p2a: Heatran|Stealth Rock|p1a: Volcanion
|-sidestart|p1: flygonisdragon|move: Stealth Rock
|
|upkeep
|turn|3
|
|t:|1757827422
|switch|p2a: Slowking|Slowking-Galar, M|100/100
|move|p1a: Volcanion|Steam Eruption|p2a: Slowking|[miss]
|-miss|p1a: Volcanion|p2a: Slowking
|
|upkeep
|turn|4
|
|t:|1757827425
|move|p1a: Volcanion|Steam Eruption|p2a: Slowking
|-damage|p2a: Slowking|42/100
|-prepare|p2a: Slowking|Chilly Reception|[premajor]
|move|p2a: Slowking|Chilly Reception|p2a: Slowking
|-weather|Snowscape
|
|t:|1757827431
|switch|p2a: Rillaboom|Rillaboom, M|100/100|[from] Chilly Reception
|-fieldstart|move: Grassy Terrain|[from] ability: Grassy Surge|[of] p2a: Rillaboom
|
|-weather|Snowscape|[upkeep]
|upkeep
|turn|5
|
|t:|1757827434
|switch|p1a: Scizor|Scizor, M|100/100
|-damage|p1a: Scizor|88/100|[from] Stealth Rock
|move|p2a: Rillaboom|Grassy Glide|p1a: Scizor
|-resisted|p1a: Scizor
|-damage|p1a: Scizor|73/100
|
|-weather|Snowscape|[upkeep]
|-heal|p1a: Scizor|79/100|[from] Grassy Terrain
|upkeep
|turn|6
|
|t:|1757827439
|switch|p2a: Great Tusk|Great Tusk|100/100
|move|p1a: Scizor|Knock Off|p2a: Great Tusk
|-resisted|p2a: Great Tusk
|-damage|p2a: Great Tusk|83/100
|-enditem|p2a: Great Tusk|Heavy-Duty Boots|[from] move: Knock Off|[of] p1a: Scizor
|-damage|p1a: Scizor|69/100|[from] item: Life Orb
|
|-weather|Snowscape|[upkeep]
|-heal|p2a: Great Tusk|89/100|[from] Grassy Terrain
|-heal|p1a: Scizor|75/100|[from] Grassy Terrain
|upkeep
|turn|7
|
|t:|1757827448
|switch|p1a: Zapdos|Zapdos-Galar|100/100
|-damage|p1a: Zapdos|88/100|[from] Stealth Rock
|move|p2a: Great Tusk|Knock Off|p1a: Zapdos
|-resisted|p1a: Zapdos
|-damage|p1a: Zapdos|67/100
|-enditem|p1a: Zapdos|Choice Band|[from] move: Knock Off|[of] p2a: Great Tusk
|
|-weather|Snowscape|[upkeep]
|-heal|p2a: Great Tusk|96/100|[from] Grassy Terrain
|upkeep
|turn|8
|
|t:|1757827457
|-end|p2a: Great Tusk|Protosynthesis|[silent]
|switch|p2a: Dragapult|Dragapult, M|100/100
|move|p1a: Zapdos|Brave Bird|p2a: Dragapult
|-damage|p2a: Dragapult|14/100
|-damage|p1a: Zapdos|39/100|[from] Recoil
|
|-weather|none
|-heal|p2a: Dragapult|20/100|[from] Grassy Terrain
|-heal|p2a: Dragapult|26/100|[from] item: Leftovers
|-fieldend|move: Grassy Terrain
|upkeep
|turn|9
|
|t:|1757827463
|switch|p1a: Scizor|Scizor, M|75/100
|-damage|p1a: Scizor|63/100|[from] Stealth Rock
|move|p2a: Dragapult|Dragon Darts|p1a: Scizor
|-resisted|p1a: Scizor
|-damage|p1a: Scizor|51/100
|-anim|p2a: Dragapult|Dragon Darts|p1a: Scizor
|-resisted|p1a: Scizor
|-damage|p1a: Scizor|41/100
|
|-heal|p2a: Dragapult|32/100|[from] item: Leftovers
|upkeep
|turn|10
|
|t:|1757827468
|switch|p2a: Great Tusk|Great Tusk|96/100
|move|p1a: Scizor|Bullet Punch|p2a: Great Tusk
|-damage|p2a: Great Tusk|65/100
|-damage|p1a: Scizor|31/100|[from] item: Life Orb
|
|upkeep
|turn|11
|
|t:|1757827477
|move|p1a: Scizor|Bullet Punch|p2a: Great Tusk
|-damage|p2a: Great Tusk|30/100
|-damage|p1a: Scizor|21/100|[from] item: Life Orb
|move|p2a: Great Tusk|Rapid Spin|p1a: Scizor
|-resisted|p1a: Scizor
|-damage|p1a: Scizor|10/100
|-boost|p2a: Great Tusk|spe|1
|
|upkeep
|turn|12
|
|t:|1757827485
|-end|p2a: Great Tusk|Protosynthesis|[silent]
|switch|p2a: Heatran|Heatran, M|100/100
|move|p1a: Scizor|Bullet Punch|p2a: Heatran
|-resisted|p2a: Heatran
|-damage|p2a: Heatran|90/100
|-damage|p1a: Scizor|0 fnt|[from] item: Life Orb
|faint|p1a: Scizor
|
|upkeep
|
|t:|1757827496
|switch|p1a: Kommo-o|Kommo-o, M|100/100
|-damage|p1a: Kommo-o|94/100|[from] Stealth Rock
|turn|13
|
|t:|1757827505
|move|p1a: Kommo-o|Clangorous Soul|p1a: Kommo-o
|-boost|p1a: Kommo-o|atk|1
|-boost|p1a: Kommo-o|def|1
|-boost|p1a: Kommo-o|spa|1
|-boost|p1a: Kommo-o|spd|1
|-boost|p1a: Kommo-o|spe|1
|-damage|p1a: Kommo-o|61/100
|-enditem|p1a: Kommo-o|Throat Spray
|-boost|p1a: Kommo-o|spa|1|[from] item: Throat Spray
|move|p2a: Heatran|Flash Cannon|p1a: Kommo-o
|-damage|p1a: Kommo-o|24/100
|-unboost|p1a: Kommo-o|spd|1
|
|upkeep
|turn|14
|
|t:|1757827518
|switch|p2a: Slowking|Slowking-Galar, M|75/100
|move|p1a: Kommo-o|Clanging Scales|p2a: Slowking
|-damage|p2a: Slowking|23/100
|-unboost|p1a: Kommo-o|def|1
|
|upkeep
|turn|15
|
|t:|1757827546
|switch|p2a: Great Tusk|Great Tusk|30/100
|move|p1a: Kommo-o|Boomburst|p2a: Great Tusk
|-damage|p2a: Great Tusk|0 fnt
|faint|p2a: Great Tusk
|-end|p2a: Great Tusk|Protosynthesis|[silent]
|
|upkeep
|
|t:|1757827551
|switch|p2a: Weavile|Weavile, F|100/100
|-ability|p2a: Weavile|Pressure
|turn|16
|
|t:|1757827562
|move|p2a: Weavile|Ice Shard|p1a: Kommo-o
|-supereffective|p1a: Kommo-o
|-damage|p1a: Kommo-o|0 fnt
|faint|p1a: Kommo-o
|
|upkeep
|
|t:|1757827574
|switch|p1a: Volcanion|Volcanion|100/100
|-damage|p1a: Volcanion|76/100|[from] Stealth Rock
|turn|17
|
|t:|1757827582
|switch|p2a: Heatran|Heatran, M|90/100
|move|p1a: Volcanion|Steam Eruption|p2a: Heatran
|-supereffective|p2a: Heatran
|-damage|p2a: Heatran|0 fnt
|faint|p2a: Heatran
|
|upkeep
|
|t:|1757827591
|switch|p2a: Dragapult|Dragapult, M|32/100
|turn|18
|
|t:|1757827600
|move|p2a: Dragapult|Dragon Darts|p1a: Volcanion
|-damage|p1a: Volcanion|54/100
|-anim|p2a: Dragapult|Dragon Darts|p1a: Volcanion
|-damage|p1a: Volcanion|33/100
|move|p1a: Volcanion|Steam Eruption|p2a: Dragapult
|-resisted|p2a: Dragapult
|-damage|p2a: Dragapult|0 fnt
|faint|p2a: Dragapult
|
|upkeep
|
|t:|1757827606
|switch|p2a: Slowking|Slowking-Galar, M|56/100
|turn|19
|
|t:|1757827609
|-terastallize|p2a: Slowking|Water
|move|p1a: Volcanion|Steam Eruption|p2a: Slowking
|-resisted|p2a: Slowking
|-damage|p2a: Slowking|27/100
|-prepare|p2a: Slowking|Chilly Reception|[premajor]
|move|p2a: Slowking|Chilly Reception|p2a: Slowking
|-weather|Snowscape
|
|t:|1757827615
|switch|p2a: Rillaboom|Rillaboom, M|100/100|[from] Chilly Reception
|-fieldstart|move: Grassy Terrain|[from] ability: Grassy Surge|[of] p2a: Rillaboom
|
|-weather|Snowscape|[upkeep]
|-heal|p1a: Volcanion|39/100|[from] Grassy Terrain
|upkeep
|turn|20
|
|t:|1757827622
|move|p2a: Rillaboom|Grassy Glide|p1a: Volcanion
|-damage|p1a: Volcanion|0 fnt
|faint|p1a: Volcanion
|
|-weather|Snowscape|[upkeep]
|upkeep
|
|t:|1757827627
|switch|p1a: Fezandipiti|Fezandipiti, M|94/100
|turn|21
|
|t:|1757827636
|switch|p2a: Slowking|Slowking-Galar, M, tera:Water|60/100
|move|p1a: Fezandipiti|Moonblast|p2a: Slowking
|-damage|p2a: Slowking|46/100
|-unboost|p2a: Slowking|spa|1
|-status|p2a: Slowking|tox|[from] ability: Toxic Chain|[of] p1a: Fezandipiti
|
|-weather|Snowscape|[upkeep]
|-heal|p1a: Fezandipiti|99/100|[from] Grassy Terrain
|-heal|p2a: Slowking|53/100 tox|[from] Grassy Terrain
|-damage|p2a: Slowking|46/100 tox|[from] psn
|upkeep
|turn|22
|
|t:|1757827697
|switch|p2a: Rillaboom|Rillaboom, M|100/100
|move|p1a: Fezandipiti|Moonblast|p2a: Rillaboom
|-damage|p2a: Rillaboom|72/100
|
|-weather|Snowscape|[upkeep]
|-heal|p1a: Fezandipiti|100/100|[from] Grassy Terrain
|-heal|p2a: Rillaboom|78/100|[from] Grassy Terrain
|upkeep
|turn|23
|
|t:|1757827708
|move|p1a: Fezandipiti|Moonblast|p2a: Rillaboom
|-damage|p2a: Rillaboom|51/100
|-unboost|p2a: Rillaboom|spa|1
|-status|p2a: Rillaboom|tox|[from] ability: Toxic Chain|[of] p1a: Fezandipiti
|move|p2a: Rillaboom|Wood Hammer|p1a: Fezandipiti
|-resisted|p1a: Fezandipiti
|-damage|p1a: Fezandipiti|37/100
|-damage|p2a: Rillaboom|31/100 tox|[from] Recoil
|
|-weather|none
|-heal|p1a: Fezandipiti|43/100|[from] Grassy Terrain
|-heal|p2a: Rillaboom|37/100 tox|[from] Grassy Terrain
|-damage|p2a: Rillaboom|31/100 tox|[from] psn
|-fieldend|move: Grassy Terrain
|upkeep
|turn|24
|
|t:|1757827719
|move|p1a: Fezandipiti|Roost|p1a: Fezandipiti
|-heal|p1a: Fezandipiti|93/100
|-singleturn|p1a: Fezandipiti|move: Roost
|move|p2a: Rillaboom|Wood Hammer|p1a: Fezandipiti
|-resisted|p1a: Fezandipiti
|-damage|p1a: Fezandipiti|43/100
|-damage|p2a: Rillaboom|16/100 tox|[from] Recoil
|
|-damage|p2a: Rillaboom|3/100 tox|[from] psn
|upkeep
|turn|25
|
|t:|1757827728
|move|p1a: Fezandipiti|Roost|p1a: Fezandipiti
|-heal|p1a: Fezandipiti|93/100
|-singleturn|p1a: Fezandipiti|move: Roost
|move|p2a: Rillaboom|Wood Hammer|p1a: Fezandipiti
|-resisted|p1a: Fezandipiti
|-damage|p1a: Fezandipiti|37/100
|-damage|p2a: Rillaboom|0 fnt|[from] Recoil
|faint|p2a: Rillaboom
|
|upkeep
|
|t:|1757827733
|switch|p2a: Weavile|Weavile, F|100/100
|-ability|p2a: Weavile|Pressure
|turn|26
|
|t:|1757827736
|move|p2a: Weavile|Triple Axel|p1a: Fezandipiti
|-damage|p1a: Fezandipiti|25/100
|-damage|p1a: Fezandipiti|5/100
|-damage|p1a: Fezandipiti|0 fnt
|faint|p1a: Fezandipiti
|-hitcount|p1: Fezandipiti|3
|
|upkeep
|
|t:|1757827744
|switch|p1a: Clodsire|Clodsire, M|100/100
|-damage|p1a: Clodsire|94/100|[from] Stealth Rock
|turn|27
|
|t:|1757827752
|-terastallize|p1a: Clodsire|Fire
|move|p2a: Weavile|Triple Axel|p1a: Clodsire
|-resisted|p1a: Clodsire
|-damage|p1a: Clodsire|89/100
|-resisted|p1a: Clodsire
|-damage|p1a: Clodsire|79/100
|-resisted|p1a: Clodsire
|-damage|p1a: Clodsire|62/100
|-hitcount|p1a: Clodsire|3
|move|p1a: Clodsire|Toxic|p2a: Weavile
|-status|p2a: Weavile|tox
|
|-heal|p1a: Clodsire|68/100|[from] item: Leftovers
|-damage|p2a: Weavile|94/100 tox|[from] psn
|upkeep
|turn|28
|
|t:|1757827758
|move|p2a: Weavile|Knock Off|p1a: Clodsire
|-damage|p1a: Clodsire|17/100
|-enditem|p1a: Clodsire|Leftovers|[from] move: Knock Off|[of] p2a: Weavile
|move|p1a: Clodsire|Recover|p1a: Clodsire
|-heal|p1a: Clodsire|67/100
|
|-damage|p2a: Weavile|82/100 tox|[from] psn
|upkeep
|turn|29
|
|t:|1757827761
|switch|p2a: Slowking|Slowking-Galar, M, tera:Water|80/100 tox
|move|p1a: Clodsire|Recover|p1a: Clodsire
|-heal|p1a: Clodsire|100/100
|
|-damage|p2a: Slowking|74/100 tox|[from] psn
|upkeep
|turn|30
|
|t:|1757827776
|move|p1a: Clodsire|Earthquake|p2a: Slowking
|-damage|p2a: Slowking|48/100 tox
|move|p2a: Slowking|Future Sight|p1a: Clodsire
|-start|p2a: Slowking|move: Future Sight
|
|-damage|p2a: Slowking|36/100 tox|[from] psn
|upkeep
|turn|31
|
|t:|1757827780
|move|p1a: Clodsire|Earthquake|p2a: Slowking
|-damage|p2a: Slowking|8/100 tox
|move|p2a: Slowking|Psyshock|p1a: Clodsire
|-damage|p1a: Clodsire|69/100
|
|-damage|p2a: Slowking|0 fnt|[from] psn
|faint|p2a: Slowking
|upkeep
|
|t:|1757827784
|switch|p2a: Weavile|Weavile, F|82/100 tox
|-ability|p2a: Weavile|Pressure
|turn|32
|
|t:|1757827787
|move|p2a: Weavile|Low Kick|p1a: Clodsire
|-damage|p1a: Clodsire|23/100
|move|p1a: Clodsire|Recover|p1a: Clodsire
|-heal|p1a: Clodsire|73/100
|
|-end|p1a: Clodsire|move: Future Sight
|-damage|p1a: Clodsire|48/100
|-damage|p2a: Weavile|76/100 tox|[from] psn
|upkeep
|turn|33
|
|t:|1757827791
|move|p2a: Weavile|Low Kick|p1a: Clodsire
|-damage|p1a: Clodsire|6/100
|move|p1a: Clodsire|Recover|p1a: Clodsire
|-heal|p1a: Clodsire|56/100
|
|-damage|p2a: Weavile|64/100 tox|[from] psn
|upkeep
|turn|34
|-message|EddusEatzAlot forfeited.
|
|win|flygonisdragon
|raw|flygonisdragon's rating: 1405 &rarr; <strong>1429</strong><br />(+24 for winning)
|raw|EddusEatzAlot's rating: 1469 &rarr; <strong>1445</strong><br />(-24 for losing)
|l|☆EddusEatzAlot
|player|p2|
|l|☆flygonisdragon
|player|p1|
