|j|☆Team BBIO 38
|j|☆reachbackrelapse
|t:|1757817606
|gametype|singles
|player|p1|Team BBIO 38|dragontamer|1414
|player|p2|reachbackrelapse|2|1465
|gen|9
|tier|[Gen 9] OU
|rated|
|rule|HP Percentage Mod: HP is shown in percentages
|rule|Endless Battle Clause: Forcing endless battles is banned
|rule|Species Clause: Limit one of each Pokémon
|rule|OHKO Clause: OHKO moves are banned
|rule|Evasion Items Clause: Evasion items are banned
|rule|Evasion Moves Clause: Evasion moves are banned
|rule|Evasion Abilities Clause: Evasion abilities are banned
|rule|Sleep Moves Clause: Sleep-inducing moves are banned
|clearpoke
|poke|p1|Dusclops, M|
|poke|p1|Blissey, F|
|poke|p1|Flamigo, M|
|poke|p1|Darkrai|
|poke|p1|Polteageist|
|poke|p1|Scizor, M|
|poke|p2|Tyranitar, M|
|poke|p2|Gholdengo|
|poke|p2|Zamazenta-*|
|poke|p2|Rillaboom, F|
|poke|p2|Garchomp, F|
|poke|p2|Zapdos|
|teampreview
|inactive|Battle timer is ON: inactive players will automatically lose when time's up. (requested by Team BBIO 38)
|
|t:|1757817629
|teamsize|p1|6
|teamsize|p2|6
|start
|switch|p1a: Darkrai|Darkrai|100/100
|switch|p2a: Tyranitar|Tyranitar, M|100/100
|-weather|Sandstorm|[from] ability: Sand Stream|[of] p2a: Tyranitar
|turn|1
|
|t:|1757817645
|switch|p1a: Flamigo|Flamigo, M|100/100
|switch|p2a: Zamazenta|Zamazenta|100/100
|-ability|p2a: Zamazenta|Dauntless Shield|boost
|-boost|p2a: Zamazenta|def|1
|
|-weather|Sandstorm|[upkeep]
|-damage|p1a: Flamigo|94/100|[from] Sandstorm
|-damage|p2a: Zamazenta|94/100|[from] Sandstorm
|upkeep
|turn|2
|
|t:|1757817655
|switch|p2a: Garchomp|Garchomp, F|100/100
|move|p1a: Flamigo|Brave Bird|p2a: Garchomp
|-damage|p2a: Garchomp|66/100
|-damage|p1a: Flamigo|82/100|[from] ability: Rough Skin|[of] p2a: Garchomp
|-damage|p1a: Flamigo|66/100|[from] item: Rocky Helmet|[of] p2a: Garchomp
|-damage|p1a: Flamigo|50/100|[from] Recoil
|
|-weather|Sandstorm|[upkeep]
|-damage|p1a: Flamigo|44/100|[from] Sandstorm
|upkeep
|turn|3
|
|t:|1757817666
|switch|p1a: Dusclops|Dusclops, M|100/100
|-item|p2a: Garchomp|Rocky Helmet|[from] ability: Frisk|[of] p1a: Dusclops
|move|p2a: Garchomp|Stealth Rock|p1a: Dusclops
|-sidestart|p1: Team BBIO 38|move: Stealth Rock
|
|-weather|Sandstorm|[upkeep]
|-damage|p1a: Dusclops|95/100|[from] Sandstorm
|upkeep
|turn|4
|
|t:|1757817675
|switch|p2a: Gholdengo|Gholdengo|100/100
|-item|p2a: Gholdengo|Air Balloon
|move|p1a: Dusclops|Will-O-Wisp|p2a: Gholdengo
|-immune|p2a: Gholdengo|[from] ability: Good as Gold
|
|-weather|Sandstorm|[upkeep]
|-damage|p1a: Dusclops|89/100|[from] Sandstorm
|upkeep
|turn|5
|
|t:|1757817687
|switch|p1a: Blissey|Blissey, F|100/100
|-damage|p1a: Blissey|88/100|[from] Stealth Rock
|move|p2a: Gholdengo|Thunder Wave|p1a: Blissey
|-status|p1a: Blissey|par
|
|-weather|none
|-heal|p1a: Blissey|94/100 par|[from] item: Leftovers
|upkeep
|turn|6
|
|t:|1757817700
|switch|p2a: Zamazenta|Zamazenta|94/100
|move|p1a: Blissey|Seismic Toss|p2a: Zamazenta
|-damage|p2a: Zamazenta|64/100
|
|-heal|p1a: Blissey|99/100 par|[from] item: Leftovers
|upkeep
|turn|7
|
|t:|1757817708
|-curestatus|p1a: Blissey|par|[from] ability: Natural Cure
|switch|p1a: Dusclops|Dusclops, M|89/100
|-damage|p1a: Dusclops|76/100|[from] Stealth Rock
|-item|p2a: Zamazenta|Heavy-Duty Boots|[from] ability: Frisk|[of] p1a: Dusclops
|move|p2a: Zamazenta|Crunch|p1a: Dusclops
|-supereffective|p1a: Dusclops
|-damage|p1a: Dusclops|52/100
|
|upkeep
|turn|8
|
|t:|1757817716
|switch|p2a: Gholdengo|Gholdengo|100/100
|-item|p2a: Gholdengo|Air Balloon
|move|p1a: Dusclops|Night Shade|p2a: Gholdengo
|-damage|p2a: Gholdengo|74/100
|-enditem|p2a: Gholdengo|Air Balloon
|
|upkeep
|turn|9
|
|t:|1757817724
|switch|p1a: Flamigo|Flamigo, M|44/100
|-damage|p1a: Flamigo|32/100|[from] Stealth Rock
|move|p2a: Gholdengo|Thunder Wave|p1a: Flamigo
|-status|p1a: Flamigo|par
|
|upkeep
|turn|10
|
|t:|1757817731
|switch|p1a: Blissey|Blissey, F|99/100
|-damage|p1a: Blissey|88/100|[from] Stealth Rock
|move|p2a: Gholdengo|Hex|p1a: Blissey
|-immune|p1a: Blissey
|
|-heal|p1a: Blissey|94/100|[from] item: Leftovers
|upkeep
|turn|11
|
|t:|1757817739
|move|p2a: Gholdengo|Thunder Wave|p1a: Blissey
|-status|p1a: Blissey|par
|move|p1a: Blissey|Heal Bell|p1a: Blissey
|-activate|p1a: Blissey|move: Heal Bell
|-curestatus|p1a: Blissey|par|[msg]
|-curestatus|p1: Flamigo|par|[msg]
|
|-heal|p1a: Blissey|99/100|[from] item: Leftovers
|upkeep
|turn|12
|
|t:|1757817749
|move|p2a: Gholdengo|Recover|p2a: Gholdengo
|-heal|p2a: Gholdengo|100/100
|move|p1a: Blissey|Seismic Toss|p2a: Gholdengo
|-immune|p2a: Gholdengo
|
|-heal|p1a: Blissey|100/100|[from] item: Leftovers
|upkeep
|turn|13
|
|t:|1757817757
|switch|p2a: Tyranitar|Tyranitar, M|100/100
|-weather|Sandstorm|[from] ability: Sand Stream|[of] p2a: Tyranitar
|switch|p1a: Scizor|Scizor, M|100/100
|-damage|p1a: Scizor|88/100|[from] Stealth Rock
|
|-weather|Sandstorm|[upkeep]
|upkeep
|turn|14
|
|t:|1757817771
|switch|p2a: Garchomp|Garchomp, F|66/100
|move|p1a: Scizor|Defog|p2a: Garchomp
|-unboost|p2a: Garchomp|evasion|1
|-sideend|p1: Team BBIO 38|Stealth Rock|[from] move: Defog|[of] p1a: Scizor
|
|-weather|Sandstorm|[upkeep]
|upkeep
|turn|15
|
|t:|1757817779
|move|p1a: Scizor|Swords Dance|p1a: Scizor
|-boost|p1a: Scizor|atk|2
|move|p2a: Garchomp|Dragon Tail|p1a: Scizor
|-resisted|p1a: Scizor
|-damage|p1a: Scizor|76/100
|drag|p1a: Blissey|Blissey, F|100/100
|
|-weather|Sandstorm|[upkeep]
|-damage|p1a: Blissey|94/100|[from] Sandstorm
|-heal|p1a: Blissey|100/100|[from] item: Leftovers
|upkeep
|turn|16
|
|t:|1757817788
|move|p2a: Garchomp|Stealth Rock|p1a: Blissey
|-sidestart|p1: Team BBIO 38|move: Stealth Rock
|move|p1a: Blissey|Seismic Toss|p2a: Garchomp
|-damage|p2a: Garchomp|42/100
|-damage|p1a: Blissey|88/100|[from] ability: Rough Skin|[of] p2a: Garchomp
|-damage|p1a: Blissey|71/100|[from] item: Rocky Helmet|[of] p2a: Garchomp
|
|-weather|Sandstorm|[upkeep]
|-damage|p1a: Blissey|65/100|[from] Sandstorm
|-heal|p1a: Blissey|71/100|[from] item: Leftovers
|upkeep
|turn|17
|
|t:|1757817798
|move|p2a: Garchomp|Earthquake|p1a: Blissey
|-damage|p1a: Blissey|35/100
|move|p1a: Blissey|Seismic Toss|p2a: Garchomp
|-damage|p2a: Garchomp|18/100
|-damage|p1a: Blissey|23/100|[from] ability: Rough Skin|[of] p2a: Garchomp
|-damage|p1a: Blissey|6/100|[from] item: Rocky Helmet|[of] p2a: Garchomp
|
|-weather|none
|-heal|p1a: Blissey|12/100|[from] item: Leftovers
|upkeep
|turn|18
|
|t:|1757817808
|move|p2a: Garchomp|Earthquake|p1a: Blissey
|-damage|p1a: Blissey|0 fnt
|faint|p1a: Blissey
|
|upkeep
|
|t:|1757817816
|switch|p1a: Darkrai|Darkrai|100/100
|-damage|p1a: Darkrai|88/100|[from] Stealth Rock
|turn|19
|
|t:|1757817822
|switch|p2a: Zamazenta|Zamazenta|64/100
|move|p1a: Darkrai|Psychic|p2a: Zamazenta
|-supereffective|p2a: Zamazenta
|-crit|p2a: Zamazenta
|-damage|p2a: Zamazenta|0 fnt
|faint|p2a: Zamazenta
|
|upkeep
|
|t:|1757817833
|switch|p2a: Tyranitar|Tyranitar, M|100/100
|-weather|Sandstorm|[from] ability: Sand Stream|[of] p2a: Tyranitar
|turn|20
|
|t:|1757817840
|switch|p1a: Dusclops|Dusclops, M|52/100
|-damage|p1a: Dusclops|40/100|[from] Stealth Rock
|-item|p2a: Tyranitar|Heavy-Duty Boots|[from] ability: Frisk|[of] p1a: Dusclops
|move|p2a: Tyranitar|Knock Off|p1a: Dusclops
|-supereffective|p1a: Dusclops
|-damage|p1a: Dusclops|0 fnt
|-enditem|p1a: Dusclops|Eviolite|[from] move: Knock Off|[of] p2a: Tyranitar
|faint|p1a: Dusclops
|
|-weather|Sandstorm|[upkeep]
|upkeep
|
|t:|1757817854
|switch|p1a: Scizor|Scizor, M|76/100
|-damage|p1a: Scizor|64/100|[from] Stealth Rock
|turn|21
|
|t:|1757817858
|switch|p2a: Garchomp|Garchomp, F|18/100
|move|p1a: Scizor|Bullet Punch|p2a: Garchomp
|-damage|p2a: Garchomp|0 fnt
|-damage|p1a: Scizor|52/100|[from] ability: Rough Skin|[of] p2a: Garchomp
|-damage|p1a: Scizor|35/100|[from] item: Rocky Helmet|[of] p2a: Garchomp
|faint|p2a: Garchomp
|-damage|p1a: Scizor|25/100|[from] item: Life Orb
|
|-weather|Sandstorm|[upkeep]
|upkeep
|
|t:|1757817862
|switch|p2a: Zapdos|Zapdos|100/100
|turn|22
|
|t:|1757817871
|move|p2a: Zapdos|Volt Switch|p1a: Scizor
|-damage|p1a: Scizor|0 fnt
|faint|p1a: Scizor
|
|t:|1757817880
|switch|p2a: Tyranitar|Tyranitar, M|100/100|[from] Volt Switch
|
|-weather|Sandstorm|[upkeep]
|upkeep
|
|t:|1757817886
|switch|p1a: Flamigo|Flamigo, M|32/100
|-damage|p1a: Flamigo|20/100|[from] Stealth Rock
|turn|23
|
|t:|1757817890
|switch|p2a: Zapdos|Zapdos|100/100
|move|p1a: Flamigo|Close Combat|p2a: Zapdos
|-resisted|p2a: Zapdos
|-crit|p2a: Zapdos
|-damage|p2a: Zapdos|51/100
|-unboost|p1a: Flamigo|def|1
|-unboost|p1a: Flamigo|spd|1
|
|-weather|Sandstorm|[upkeep]
|-damage|p1a: Flamigo|14/100|[from] Sandstorm
|-damage|p2a: Zapdos|45/100|[from] Sandstorm
|upkeep
|turn|24
|
|t:|1757817900
|move|p1a: Flamigo|Close Combat|p2a: Zapdos
|-resisted|p2a: Zapdos
|-damage|p2a: Zapdos|11/100
|-unboost|p1a: Flamigo|def|1
|-unboost|p1a: Flamigo|spd|1
|move|p2a: Zapdos|Roost|p2a: Zapdos
|-heal|p2a: Zapdos|61/100
|-singleturn|p2a: Zapdos|move: Roost
|
|-weather|none
|upkeep
|turn|25
|
|t:|1757817909
|move|p1a: Flamigo|Close Combat|p2a: Zapdos
|-resisted|p2a: Zapdos
|-damage|p2a: Zapdos|25/100
|-unboost|p1a: Flamigo|def|1
|-unboost|p1a: Flamigo|spd|1
|-status|p1a: Flamigo|par|[from] ability: Static|[of] p2a: Zapdos
|move|p2a: Zapdos|Roost|p2a: Zapdos
|-heal|p2a: Zapdos|76/100
|-singleturn|p2a: Zapdos|move: Roost
|
|upkeep
|turn|26
|
|t:|1757817918
|move|p2a: Zapdos|Volt Switch|p1a: Flamigo
|-supereffective|p1a: Flamigo
|-damage|p1a: Flamigo|0 fnt
|faint|p1a: Flamigo
|
|t:|1757817923
|switch|p2a: Tyranitar|Tyranitar, M|100/100|[from] Volt Switch
|-weather|Sandstorm|[from] ability: Sand Stream|[of] p2a: Tyranitar
|
|-weather|Sandstorm|[upkeep]
|upkeep
|
|t:|1757817929
|switch|p1a: Darkrai|Darkrai|88/100
|-damage|p1a: Darkrai|76/100|[from] Stealth Rock
|turn|27
|
|t:|1757817934
|move|p1a: Darkrai|Dark Pulse|p2a: Tyranitar
|-resisted|p2a: Tyranitar
|-crit|p2a: Tyranitar
|-damage|p2a: Tyranitar|72/100
|move|p2a: Tyranitar|Low Kick|p1a: Darkrai
|-supereffective|p1a: Darkrai
|-damage|p1a: Darkrai|0 fnt
|faint|p1a: Darkrai
|
|-weather|Sandstorm|[upkeep]
|upkeep
|
|t:|1757817943
|switch|p1a: Polteageist|Polteageist|100/100
|-damage|p1a: Polteageist|88/100|[from] Stealth Rock
|turn|28
|
|t:|1757817950
|-terastallize|p1a: Polteageist|Normal
|move|p2a: Tyranitar|Knock Off|p1a: Polteageist
|-damage|p1a: Polteageist|3/100
|-ability|p1a: Polteageist|Weak Armor|boost
|-unboost|p1a: Polteageist|def|1
|-boost|p1a: Polteageist|spe|2
|-enditem|p1a: Polteageist|Focus Sash|[from] move: Knock Off|[of] p2a: Tyranitar
|move|p1a: Polteageist|Shell Smash|p1a: Polteageist
|-unboost|p1a: Polteageist|def|1
|-unboost|p1a: Polteageist|spd|1
|-boost|p1a: Polteageist|atk|2
|-boost|p1a: Polteageist|spa|2
|-boost|p1a: Polteageist|spe|2
|
|-weather|Sandstorm|[upkeep]
|-damage|p1a: Polteageist|0 fnt|[from] Sandstorm
|faint|p1a: Polteageist
|
|win|reachbackrelapse
|raw|Team BBIO 38's rating: 1414 &rarr; <strong>1397</strong><br />(-17 for losing)
|raw|reachbackrelapse's rating: 1465 &rarr; <strong>1482</strong><br />(+17 for winning)
|c|☆reachbackrelapse|gg
|l|☆Team BBIO 38
|player|p1|
|l|☆reachbackrelapse
|player|p2|
