|j|☆Topsas
|j|☆SomethingAnt
|t:|1757933908
|gametype|singles
|player|p1|Topsas|wallace|1322
|player|p2|SomethingAnt|n|1269
|gen|9
|tier|[Gen 9] OU
|rated|
|rule|HP Percentage Mod: HP is shown in percentages
|rule|Endless Battle Clause: Forcing endless battles is banned
|rule|Species Clause: Limit one of each Pokémon
|rule|OHKO Clause: OHKO moves are banned
|rule|Evasion Items Clause: Evasion items are banned
|rule|Evasion Moves Clause: Evasion moves are banned
|rule|Evasion Abilities Clause: Evasion abilities are banned
|rule|Sleep Moves Clause: Sleep-inducing moves are banned
|clearpoke
|poke|p1|Darkrai|
|poke|p1|Great Tusk|
|poke|p1|Landorus-Therian, M|
|poke|p1|Kingambit, M|
|poke|p1|Ogerpon-Wellspring, F|
|poke|p1|Dragapult, F|
|poke|p2|Slaking, F|
|poke|p2|Medicham, F|
|poke|p2|Tinkaton, F|
|poke|p2|Zapdos|
|poke|p2|Exeggutor-Alola, F|
|poke|p2|Muk-Alola, M|
|teampreview
|inactive|Battle timer is ON: inactive players will automatically lose when time's up. (requested by Topsas)
|inactive|SomethingAnt has 120 seconds left.
|
|t:|1757933939
|teamsize|p1|6
|teamsize|p2|6
|start
|switch|p1a: Landorus|Landorus-Therian, M, shiny|100/100
|switch|p2a: FacePlant|Exeggutor-Alola, F|100/100
|-ability|p1a: Landorus|Intimidate|boost
|-unboost|p2a: FacePlant|atk|1
|-item|p1a: Landorus|Choice Scarf|[from] ability: Frisk|[of] p2a: FacePlant
|-enditem|p2a: FacePlant|Eject Pack
|
|t:|1757933968
|switch|p2a: Bread|Slaking, F|100/100
|turn|1
|
|t:|1757933987
|move|p1a: Landorus|U-turn|p2a: Bread
|-damage|p2a: Bread|81/100
|
|t:|1757933991
|switch|p1a: Great Tusk|Great Tusk|100/100|[from] U-turn
|move|p2a: Bread|Knock Off|p1a: Great Tusk
|-resisted|p1a: Great Tusk
|-damage|p1a: Great Tusk|83/100
|-damage|p2a: Bread|64/100|[from] item: Rocky Helmet|[of] p1a: Great Tusk
|-enditem|p1a: Great Tusk|Rocky Helmet|[from] move: Knock Off|[of] p2a: Bread
|
|upkeep
|turn|2
|
|t:|1757934009
|switch|p2a: FacePlant|Exeggutor-Alola, F|100/100
|move|p1a: Great Tusk|Stealth Rock|p2a: FacePlant
|-sidestart|p2: SomethingAnt|move: Stealth Rock
|
|upkeep
|turn|3
|
|t:|1757934020
|move|p1a: Great Tusk|Ice Spinner|p2a: FacePlant
|-supereffective|p2a: FacePlant
|-damage|p2a: FacePlant|14/100
|move|p2a: FacePlant|Giga Drain|p1a: Great Tusk
|-supereffective|p1a: Great Tusk
|-damage|p1a: Great Tusk|0 fnt
|-heal|p2a: FacePlant|60/100|[from] drain|[of] p1a: Great Tusk
|faint|p1a: Great Tusk
|-end|p1a: Great Tusk|Protosynthesis|[silent]
|
|upkeep
|
|t:|1757934026
|switch|p1a: Darkrai|Darkrai|100/100
|turn|4
|
|t:|1757934035
|switch|p2a: MC|Tinkaton, F, shiny|100/100
|-damage|p2a: MC|94/100|[from] Stealth Rock
|-ability|p2a: MC|Mold Breaker
|move|p1a: Darkrai|Ice Beam|p2a: MC
|-resisted|p2a: MC
|-damage|p2a: MC|83/100
|
|-heal|p2a: MC|89/100|[from] item: Leftovers
|upkeep
|turn|5
|
|t:|1757934047
|switch|p1a: Landorus|Landorus-Therian, M, shiny|100/100
|-ability|p1a: Landorus|Intimidate|boost
|-unboost|p2a: MC|atk|1
|move|p2a: MC|Stealth Rock|p1a: Landorus
|-sidestart|p1: Topsas|move: Stealth Rock
|
|-heal|p2a: MC|95/100|[from] item: Leftovers
|upkeep
|turn|6
|
|t:|1757934060
|move|p1a: Landorus|Stone Edge|p2a: MC
|-resisted|p2a: MC
|-damage|p2a: MC|78/100
|move|p2a: MC|Knock Off|p1a: Landorus
|-damage|p1a: Landorus|86/100
|-enditem|p1a: Landorus|Choice Scarf|[from] move: Knock Off|[of] p2a: MC
|
|-heal|p2a: MC|84/100|[from] item: Leftovers
|upkeep
|turn|7
|-message|Topsas forfeited.
|
|win|SomethingAnt
|raw|Topsas's rating: 1322 &rarr; <strong>1299</strong><br />(-23 for losing)
|raw|SomethingAnt's rating: 1269 &rarr; <strong>1298</strong><br />(+29 for winning)
|l|☆Topsas
|player|p1|
|l|☆SomethingAnt
|player|p2|
