|j|☆randomsGoat
|j|☆luca1996
|t:|1757955916
|gametype|singles
|player|p1|randomsGoat|169|1431
|player|p2|luca1996|boarder|1466
|gen|9
|tier|[Gen 9] OU
|rated|
|rule|HP Percentage Mod: HP is shown in percentages
|rule|Endless Battle Clause: Forcing endless battles is banned
|rule|Species Clause: Limit one of each Pokémon
|rule|OHKO Clause: OHKO moves are banned
|rule|Evasion Items Clause: Evasion items are banned
|rule|Evasion Moves Clause: Evasion moves are banned
|rule|Evasion Abilities Clause: Evasion abilities are banned
|rule|Sleep Moves Clause: Sleep-inducing moves are banned
|clearpoke
|poke|p1|Scizor, F|
|poke|p1|Garchomp, M|
|poke|p1|Moltres|
|poke|p1|Weezing-Galar, F|
|poke|p1|Kyurem|
|poke|p1|Ogerpon-Wellspring, F|
|poke|p2|Goodra, F|
|poke|p2|Snorlax, F|
|poke|p2|Primarina, F|
|poke|p2|Cinderace, M|
|poke|p2|Primeape, F|
|poke|p2|Iron Jugulis|
|teampreview
|inactive|Battle timer is ON: inactive players will automatically lose when time's up. (requested by randomsGoat)
|
|t:|1757955925
|teamsize|p1|6
|teamsize|p2|6
|start
|switch|p1a: Garchomp|Garchomp, M|100/100
|switch|p2a: Iron Jugulis|Iron Jugulis|100/100
|turn|1
|
|t:|1757955932
|move|p2a: Iron Jugulis|Dark Pulse|p1a: Garchomp
|-damage|p1a: Garchomp|60/100
|move|p1a: Garchomp|Stealth Rock|p2a: Iron Jugulis
|-sidestart|p2: luca1996|move: Stealth Rock
|
|upkeep
|turn|2
|
|t:|1757955938
|switch|p1a: Weezing|Weezing-Galar, F|100/100
|-ability|p1a: Weezing|Neutralizing Gas
|move|p2a: Iron Jugulis|Dark Pulse|p1a: Weezing
|-resisted|p1a: Weezing
|-damage|p1a: Weezing|75/100
|
|upkeep
|turn|3
|
|t:|1757955943
|move|p2a: Iron Jugulis|Meteor Beam||[still]
|-prepare|p2a: Iron Jugulis|Meteor Beam
|-boost|p2a: Iron Jugulis|spa|1
|-enditem|p2a: Iron Jugulis|Power Herb
|-anim|p2a: Iron Jugulis|Meteor Beam|p1a: Weezing
|-damage|p1a: Weezing|0 fnt
|faint|p1a: Weezing
|-end|p1a: Weezing|ability: Neutralizing Gas
|
|upkeep
|
|t:|1757955962
|switch|p1a: Kyurem|Kyurem|100/100
|-ability|p1a: Kyurem|Pressure
|turn|4
|
|t:|1757955965
|move|p1a: Kyurem|Ice Beam|p2a: Iron Jugulis
|-supereffective|p2a: Iron Jugulis
|-damage|p2a: Iron Jugulis|0 fnt
|faint|p2a: Iron Jugulis
|-end|p2a: Iron Jugulis|Quark Drive|[silent]
|
|upkeep
|
|t:|1757955975
|switch|p2a: Primarina|Primarina, F|100/100
|-damage|p2a: Primarina|88/100|[from] Stealth Rock
|turn|5
|
|t:|1757955982
|switch|p1a: Scizor|Scizor, F|100/100
|move|p2a: Primarina|Moonblast|p1a: Scizor
|-resisted|p1a: Scizor
|-damage|p1a: Scizor|72/100
|
|-heal|p2a: Primarina|94/100|[from] item: Leftovers
|upkeep
|turn|6
|
|t:|1757955990
|move|p1a: Scizor|U-turn|p2a: Primarina
|-resisted|p2a: Primarina
|-damage|p2a: Primarina|57/100
|
|t:|1757955994
|switch|p1a: Ogerpon|Ogerpon-Wellspring, F|100/100|[from] U-turn
|move|p2a: Primarina|Psychic Noise|p1a: Ogerpon
|-damage|p1a: Ogerpon|70/100
|-start|p1a: Ogerpon|move: Heal Block
|
|-heal|p2a: Primarina|63/100|[from] item: Leftovers
|upkeep
|turn|7
|
|t:|1757956004
|move|p1a: Ogerpon|Swords Dance|p1a: Ogerpon
|-boost|p1a: Ogerpon|atk|2
|move|p2a: Primarina|Moonblast|p1a: Ogerpon
|-damage|p1a: Ogerpon|5/100
|-unboost|p1a: Ogerpon|spa|1
|
|-heal|p2a: Primarina|69/100|[from] item: Leftovers
|-end|p1a: Ogerpon|move: Heal Block
|upkeep
|turn|8
|
|t:|1757956012
|move|p1a: Ogerpon|Horn Leech|p2a: Primarina
|-supereffective|p2a: Primarina
|-damage|p2a: Primarina|0 fnt
|-heal|p1a: Ogerpon|46/100|[from] drain|[of] p2a: Primarina
|faint|p2a: Primarina
|
|upkeep
|
|t:|1757956015
|switch|p2a: Cinderace|Cinderace, M|100/100
|-damage|p2a: Cinderace|76/100|[from] Stealth Rock
|turn|9
|
|t:|1757956018
|switch|p1a: Moltres|Moltres|100/100
|move|p2a: Cinderace|Pyro Ball|p1a: Moltres
|-resisted|p1a: Moltres
|-damage|p1a: Moltres|63/100
|-damage|p2a: Cinderace|66/100|[from] item: Life Orb
|
|upkeep
|turn|10
|
|t:|1757956025
|switch|p2a: Goodra|Goodra, F|100/100
|-damage|p2a: Goodra|88/100|[from] Stealth Rock
|move|p1a: Moltres|Roost|p1a: Moltres
|-heal|p1a: Moltres|100/100
|-singleturn|p1a: Moltres|move: Roost
|
|upkeep
|turn|11
|
|t:|1757956032
|switch|p1a: Ogerpon|Ogerpon-Wellspring, F|46/100
|move|p2a: Goodra|Dragon Pulse|p1a: Ogerpon
|-damage|p1a: Ogerpon|0 fnt
|faint|p1a: Ogerpon
|
|upkeep
|
|t:|1757956042
|switch|p1a: Scizor|Scizor, F|72/100
|turn|12
|
|t:|1757956050
|move|p1a: Scizor|Bullet Punch|p2a: Goodra
|-damage|p2a: Goodra|25/100
|-ability|p2a: Goodra|Gooey
|-unboost|p1a: Scizor|spe|1
|move|p2a: Goodra|Fire Blast|p1a: Scizor
|-supereffective|p1a: Scizor
|-damage|p1a: Scizor|0 fnt
|faint|p1a: Scizor
|
|upkeep
|
|t:|1757956061
|switch|p1a: Kyurem|Kyurem|100/100
|-ability|p1a: Kyurem|Pressure
|turn|13
|
|t:|1757956072
|move|p1a: Kyurem|Draco Meteor|p2a: Goodra
|-supereffective|p2a: Goodra
|-damage|p2a: Goodra|0 fnt
|-unboost|p1a: Kyurem|spa|2
|faint|p2a: Goodra
|
|upkeep
|
|t:|1757956081
|switch|p2a: Primeape|Primeape, F|100/100
|-damage|p2a: Primeape|95/100|[from] Stealth Rock
|turn|14
|
|t:|1757956083
|switch|p1a: Garchomp|Garchomp, M|60/100
|move|p2a: Primeape|Bulk Up|p2a: Primeape
|-boost|p2a: Primeape|atk|1
|-boost|p2a: Primeape|def|1
|
|upkeep
|turn|15
|
|t:|1757956087
|move|p2a: Primeape|Taunt|p1a: Garchomp
|-start|p1a: Garchomp|move: Taunt
|move|p1a: Garchomp|Dragon Tail|p2a: Primeape
|-damage|p2a: Primeape|74/100
|drag|p2a: Cinderace|Cinderace, M|66/100
|-damage|p2a: Cinderace|41/100|[from] Stealth Rock
|
|upkeep
|turn|16
|
|t:|1757956092
|move|p2a: Cinderace|High Jump Kick|p1a: Garchomp
|-start|p2a: Cinderace|typechange|Fighting|[from] ability: Libero
|-damage|p1a: Garchomp|0 fnt
|-damage|p2a: Cinderace|28/100|[from] ability: Rough Skin|[of] p1a: Garchomp
|-damage|p2a: Cinderace|12/100|[from] item: Rocky Helmet|[of] p1a: Garchomp
|faint|p1a: Garchomp
|-damage|p2a: Cinderace|2/100|[from] item: Life Orb
|
|upkeep
|
|t:|1757956105
|switch|p1a: Moltres|Moltres|100/100
|turn|17
|
|t:|1757956110
|move|p2a: Cinderace|Court Change|p2a: Cinderace
|-swapsideconditions
|-activate|p2a: Cinderace|move: Court Change
|move|p1a: Moltres|U-turn|p2a: Cinderace
|-resisted|p2a: Cinderace
|-damage|p2a: Cinderace|0 fnt
|faint|p2a: Cinderace
|
|t:|1757956113
|switch|p1a: Kyurem|Kyurem|100/100|[from] U-turn
|-damage|p1a: Kyurem|76/100|[from] Stealth Rock
|-ability|p1a: Kyurem|Pressure
|
|upkeep
|
|t:|1757956140
|switch|p2a: Primeape|Primeape, F|74/100
|turn|18
|
|t:|1757956144
|move|p1a: Kyurem|Draco Meteor|p2a: Primeape
|-damage|p2a: Primeape|32/100
|-unboost|p1a: Kyurem|spa|2
|move|p2a: Primeape|Drain Punch|p1a: Kyurem
|-supereffective|p1a: Kyurem
|-damage|p1a: Kyurem|24/100
|-heal|p2a: Primeape|62/100|[from] drain|[of] p1a: Kyurem
|
|upkeep
|turn|19
|
|t:|1757956150
|move|p1a: Kyurem|Draco Meteor|p2a: Primeape
|-damage|p2a: Primeape|37/100
|-unboost|p1a: Kyurem|spa|2
|move|p2a: Primeape|Drain Punch|p1a: Kyurem
|-supereffective|p1a: Kyurem
|-damage|p1a: Kyurem|0 fnt
|-heal|p2a: Primeape|51/100|[from] drain|[of] p1a: Kyurem
|faint|p1a: Kyurem
|
|upkeep
|
|t:|1757956153
|switch|p1a: Moltres|Moltres|100/100
|turn|20
|
|t:|1757956156
|move|p2a: Primeape|Rage Fist|p1a: Moltres
|-damage|p1a: Moltres|52/100
|move|p1a: Moltres|Hurricane|p2a: Primeape|[miss]
|-miss|p1a: Moltres|p2a: Primeape
|
|upkeep
|turn|21
|
|t:|1757956162
|move|p2a: Primeape|Rage Fist|p1a: Moltres
|-damage|p1a: Moltres|1/100
|-status|p2a: Primeape|brn|[from] ability: Flame Body|[of] p1a: Moltres
|move|p1a: Moltres|Roost|p1a: Moltres
|-heal|p1a: Moltres|51/100
|-singleturn|p1a: Moltres|move: Roost
|
|-damage|p2a: Primeape|45/100 brn|[from] brn
|upkeep
|turn|22
|
|t:|1757956166
|move|p2a: Primeape|Bulk Up|p2a: Primeape
|-boost|p2a: Primeape|atk|1
|-boost|p2a: Primeape|def|1
|move|p1a: Moltres|Roost|p1a: Moltres
|-heal|p1a: Moltres|100/100
|-singleturn|p1a: Moltres|move: Roost
|
|-damage|p2a: Primeape|39/100 brn|[from] brn
|upkeep
|turn|23
|
|t:|1757956168
|move|p2a: Primeape|Taunt|p1a: Moltres
|-start|p1a: Moltres|move: Taunt
|move|p1a: Moltres|Hurricane|p2a: Primeape
|-supereffective|p2a: Primeape
|-damage|p2a: Primeape|0 fnt
|faint|p2a: Primeape
|
|upkeep
|
|t:|1757956170
|switch|p2a: Snorlax|Snorlax, F|100/100
|turn|24
|
|t:|1757956175
|move|p1a: Moltres|Hurricane|p2a: Snorlax
|-damage|p2a: Snorlax|66/100
|move|p2a: Snorlax|Curse|p2a: Snorlax
|-unboost|p2a: Snorlax|spe|1
|-boost|p2a: Snorlax|atk|1
|-boost|p2a: Snorlax|def|1
|
|-heal|p2a: Snorlax|72/100|[from] item: Leftovers
|upkeep
|turn|25
|
|t:|1757956179
|move|p1a: Moltres|Hurricane|p2a: Snorlax|[miss]
|-miss|p1a: Moltres|p2a: Snorlax
|move|p2a: Snorlax|Body Slam|p1a: Moltres
|-damage|p1a: Moltres|38/100
|-status|p1a: Moltres|par
|-status|p2a: Snorlax|brn|[from] ability: Flame Body|[of] p1a: Moltres
|
|-heal|p2a: Snorlax|78/100 brn|[from] item: Leftovers
|-damage|p2a: Snorlax|72/100 brn|[from] brn
|-end|p1a: Moltres|move: Taunt
|upkeep
|turn|26
|
|t:|1757956182
|move|p1a: Moltres|Roost|p1a: Moltres
|-heal|p1a: Moltres|88/100 par
|-singleturn|p1a: Moltres|move: Roost
|move|p2a: Snorlax|Body Slam|p1a: Moltres
|-damage|p1a: Moltres|57/100 par
|
|-heal|p2a: Snorlax|78/100 brn|[from] item: Leftovers
|-damage|p2a: Snorlax|72/100 brn|[from] brn
|upkeep
|turn|27
|
|t:|1757956185
|cant|p1a: Moltres|par
|move|p2a: Snorlax|Curse|p2a: Snorlax
|-unboost|p2a: Snorlax|spe|1
|-boost|p2a: Snorlax|atk|1
|-boost|p2a: Snorlax|def|1
|
|-heal|p2a: Snorlax|78/100 brn|[from] item: Leftovers
|-damage|p2a: Snorlax|72/100 brn|[from] brn
|upkeep
|turn|28
|
|t:|1757956191
|move|p1a: Moltres|Hurricane|p2a: Snorlax|[miss]
|-miss|p1a: Moltres|p2a: Snorlax
|move|p2a: Snorlax|Body Slam|p1a: Moltres
|-damage|p1a: Moltres|14/100 par
|
|-heal|p2a: Snorlax|78/100 brn|[from] item: Leftovers
|-damage|p2a: Snorlax|72/100 brn|[from] brn
|upkeep
|turn|29
|
|t:|1757956194
|move|p1a: Moltres|Roost|p1a: Moltres
|-heal|p1a: Moltres|64/100 par
|-singleturn|p1a: Moltres|move: Roost
|move|p2a: Snorlax|Earthquake|p1a: Moltres
|-supereffective|p1a: Moltres
|-damage|p1a: Moltres|3/100 par
|
|-heal|p2a: Snorlax|78/100 brn|[from] item: Leftovers
|-damage|p2a: Snorlax|72/100 brn|[from] brn
|upkeep
|turn|30
|
|t:|1757956198
|move|p1a: Moltres|Roost|p1a: Moltres
|-heal|p1a: Moltres|54/100 par
|-singleturn|p1a: Moltres|move: Roost
|move|p2a: Snorlax|Curse|p2a: Snorlax
|-unboost|p2a: Snorlax|spe|1
|-boost|p2a: Snorlax|atk|1
|-boost|p2a: Snorlax|def|1
|
|-heal|p2a: Snorlax|78/100 brn|[from] item: Leftovers
|-damage|p2a: Snorlax|72/100 brn|[from] brn
|upkeep
|turn|31
|
|t:|1757956201
|cant|p1a: Moltres|par
|move|p2a: Snorlax|Body Slam|p1a: Moltres
|-damage|p1a: Moltres|0 fnt
|faint|p1a: Moltres
|
|win|luca1996
|raw|randomsGoat's rating: 1431 &rarr; <strong>1413</strong><br />(-18 for losing)
|raw|luca1996's rating: 1466 &rarr; <strong>1484</strong><br />(+18 for winning)
|c|☆luca1996|gg
|c|☆randomsGoat|no
|l|☆randomsGoat
|player|p1|
|c|☆luca1996|yes
|l|☆luca1996
|player|p2|
