|j|☆lupiit
|j|☆randombananaYAY
|t:|1757903480
|gametype|singles
|player|p1|lupiit|dragontamer|1482
|player|p2|randombananaYAY|2|1575
|gen|9
|tier|[Gen 9] OU
|rated|
|rule|HP Percentage Mod: HP is shown in percentages
|rule|Endless Battle Clause: Forcing endless battles is banned
|rule|Species Clause: Limit one of each Pokémon
|rule|OHKO Clause: OHKO moves are banned
|rule|Evasion Items Clause: Evasion items are banned
|rule|Evasion Moves Clause: Evasion moves are banned
|rule|Evasion Abilities Clause: Evasion abilities are banned
|rule|Sleep Moves Clause: Sleep-inducing moves are banned
|clearpoke
|poke|p1|Mew|
|poke|p1|Kyurem|
|poke|p1|Garganacl, M|
|poke|p1|Rillaboom, F|
|poke|p1|Cinderace, M|
|poke|p1|Skeledirge, F|
|poke|p2|Alomomola, F|
|poke|p2|Gliscor, F|
|poke|p2|Dondozo, F|
|poke|p2|Blissey, F|
|poke|p2|Toxapex, F|
|poke|p2|Clodsire, M|
|teampreview
|
|t:|1757903499
|teamsize|p1|6
|teamsize|p2|6
|start
|switch|p1a: Mew|Mew|100/100
|switch|p2a: Gliscor|Gliscor, F|100/100
|turn|1
|inactive|Battle timer is ON: inactive players will automatically lose when time's up. (requested by lupiit)
|
|t:|1757903514
|move|p2a: Gliscor|Protect|p2a: Gliscor
|-singleturn|p2a: Gliscor|Protect
|move|p1a: Mew|Knock Off|p2a: Gliscor
|-activate|p2a: Gliscor|move: Protect
|
|-status|p2a: Gliscor|tox|[from] item: Toxic Orb
|upkeep
|turn|2
|
|t:|1757903527
|move|p1a: Mew|Spikes|p2a: Gliscor
|-sidestart|p2: randombananaYAY|Spikes
|move|p2a: Gliscor|Knock Off|p1a: Mew
|-supereffective|p1a: Mew
|-damage|p1a: Mew|57/100
|-enditem|p1a: Mew|Light Clay|[from] move: Knock Off|[of] p2a: Gliscor
|
|upkeep
|turn|3
|
|t:|1757903533
|move|p1a: Mew|Spikes|p2a: Gliscor
|-sidestart|p2: randombananaYAY|Spikes
|move|p2a: Gliscor|Spikes|p1a: Mew
|-sidestart|p1: lupiit|Spikes
|
|upkeep
|turn|4
|
|t:|1757903537
|move|p1a: Mew|Spikes|p2a: Gliscor
|-sidestart|p2: randombananaYAY|Spikes
|move|p2a: Gliscor|Spikes|p1a: Mew
|-sidestart|p1: lupiit|Spikes
|
|upkeep
|turn|5
|
|t:|1757903546
|switch|p1a: Kyurem|Kyurem|100/100
|-damage|p1a: Kyurem|84/100|[from] Spikes
|-ability|p1a: Kyurem|Pressure
|move|p2a: Gliscor|Spikes|p1a: Kyurem
|-sidestart|p1: lupiit|Spikes
|
|upkeep
|turn|6
|
|t:|1757903558
|move|p2a: Gliscor|Protect|p2a: Gliscor
|-singleturn|p2a: Gliscor|Protect
|move|p1a: Kyurem|Ice Beam|p2a: Gliscor
|-activate|p2a: Gliscor|move: Protect
|
|upkeep
|turn|7
|
|t:|1757903570
|switch|p2a: Blissey|Blissey, F|100/100
|move|p1a: Kyurem|Ice Beam|p2a: Blissey
|-damage|p2a: Blissey|80/100
|
|upkeep
|turn|8
|
|t:|1757903577
|move|p1a: Kyurem|Ice Beam|p2a: Blissey
|-damage|p2a: Blissey|59/100
|move|p2a: Blissey|Stealth Rock|p1a: Kyurem
|-sidestart|p1: lupiit|move: Stealth Rock
|
|upkeep
|turn|9
|
|t:|1757903579
|move|p1a: Kyurem|Ice Beam|p2a: Blissey
|-damage|p2a: Blissey|38/100
|move|p2a: Blissey|Soft-Boiled|p2a: Blissey
|-heal|p2a: Blissey|88/100
|
|upkeep
|turn|10
|
|t:|1757903582
|move|p1a: Kyurem|Ice Beam|p2a: Blissey
|-damage|p2a: Blissey|67/100
|move|p2a: Blissey|Calm Mind|p2a: Blissey
|-boost|p2a: Blissey|spa|1
|-boost|p2a: Blissey|spd|1
|
|upkeep
|turn|11
|
|t:|1757903587
|switch|p1a: Skeledirge|Skeledirge, F, shiny|100/100
|-damage|p1a: Skeledirge|75/100|[from] Spikes
|-damage|p1a: Skeledirge|50/100|[from] Stealth Rock
|move|p2a: Blissey|Soft-Boiled|p2a: Blissey
|-heal|p2a: Blissey|100/100
|
|upkeep
|turn|12
|
|t:|1757903599
|switch|p2a: Gliscor|Gliscor, F|100/100 tox
|move|p1a: Skeledirge|Torch Song|p2a: Gliscor
|-damage|p2a: Gliscor|50/100 tox
|-boost|p1a: Skeledirge|spa|1
|
|-heal|p2a: Gliscor|63/100 tox|[from] ability: Poison Heal
|upkeep
|turn|13
|
|t:|1757903607
|move|p2a: Gliscor|Protect|p2a: Gliscor
|-singleturn|p2a: Gliscor|Protect
|move|p1a: Skeledirge|Torch Song|p2a: Gliscor
|-activate|p2a: Gliscor|move: Protect
|
|-heal|p2a: Gliscor|75/100 tox|[from] ability: Poison Heal
|upkeep
|turn|14
|
|t:|1757903619
|switch|p2a: Toxapex|Toxapex, F|100/100
|move|p1a: Skeledirge|Torch Song|p2a: Toxapex
|-resisted|p2a: Toxapex
|-damage|p2a: Toxapex|63/100
|-boost|p1a: Skeledirge|spa|1
|
|upkeep
|turn|15
|
|t:|1757903627
|switch|p2a: Blissey|Blissey, F|100/100
|move|p1a: Skeledirge|Torch Song|p2a: Blissey
|-damage|p2a: Blissey|63/100
|-boost|p1a: Skeledirge|spa|1
|
|upkeep
|turn|16
|
|t:|1757903641
|switch|p2a: Clodsire|Clodsire, M|100/100
|move|p1a: Skeledirge|Torch Song|p2a: Clodsire
|-damage|p2a: Clodsire|65/100
|-boost|p1a: Skeledirge|spa|1
|
|upkeep
|turn|17
|
|t:|1757903650
|move|p1a: Skeledirge|Torch Song|p2a: Clodsire
|-damage|p2a: Clodsire|27/100
|-boost|p1a: Skeledirge|spa|1
|move|p2a: Clodsire|Recover|p2a: Clodsire
|-heal|p2a: Clodsire|77/100
|
|upkeep
|turn|18
|
|t:|1757903654
|move|p1a: Skeledirge|Torch Song|p2a: Clodsire
|-damage|p2a: Clodsire|39/100
|-boost|p1a: Skeledirge|spa|1
|move|p2a: Clodsire|Amnesia|p2a: Clodsire
|-boost|p2a: Clodsire|spd|2
|
|upkeep
|turn|19
|
|t:|1757903657
|move|p1a: Skeledirge|Torch Song|p2a: Clodsire
|-damage|p2a: Clodsire|4/100
|move|p2a: Clodsire|Recover|p2a: Clodsire
|-heal|p2a: Clodsire|54/100
|
|upkeep
|turn|20
|
|t:|1757903663
|move|p1a: Skeledirge|Torch Song|p2a: Clodsire
|-damage|p2a: Clodsire|21/100
|move|p2a: Clodsire|Recover|p2a: Clodsire
|-heal|p2a: Clodsire|71/100
|
|upkeep
|turn|21
|
|t:|1757903667
|move|p1a: Skeledirge|Torch Song|p2a: Clodsire
|-damage|p2a: Clodsire|35/100
|move|p2a: Clodsire|Recover|p2a: Clodsire
|-heal|p2a: Clodsire|85/100
|
|upkeep
|turn|22
|
|t:|1757903669
|move|p1a: Skeledirge|Torch Song|p2a: Clodsire
|-damage|p2a: Clodsire|53/100
|move|p2a: Clodsire|Bulldoze|p1a: Skeledirge
|-supereffective|p1a: Skeledirge
|-damage|p1a: Skeledirge|21/100
|-unboost|p1a: Skeledirge|spe|1
|
|upkeep
|turn|23
|
|t:|1757903675
|move|p1a: Skeledirge|Torch Song|p2a: Clodsire
|-damage|p2a: Clodsire|17/100
|move|p2a: Clodsire|Recover|p2a: Clodsire
|-heal|p2a: Clodsire|67/100
|
|upkeep
|turn|24
|
|t:|1757903681
|move|p1a: Skeledirge|Torch Song|p2a: Clodsire
|-damage|p2a: Clodsire|34/100
|move|p2a: Clodsire|Recover|p2a: Clodsire
|-heal|p2a: Clodsire|84/100
|
|upkeep
|turn|25
|
|t:|1757903687
|move|p1a: Skeledirge|Torch Song|p2a: Clodsire
|-damage|p2a: Clodsire|46/100
|move|p2a: Clodsire|Bulldoze|p1a: Skeledirge
|-supereffective|p1a: Skeledirge
|-damage|p1a: Skeledirge|0 fnt
|faint|p1a: Skeledirge
|
|upkeep
|
|t:|1757903691
|switch|p1a: Kyurem|Kyurem|84/100
|-damage|p1a: Kyurem|59/100|[from] Spikes
|-damage|p1a: Kyurem|34/100|[from] Stealth Rock
|-ability|p1a: Kyurem|Pressure
|turn|26
|
|t:|1757903702
|switch|p2a: Blissey|Blissey, F|63/100
|move|p1a: Kyurem|Ice Beam|p2a: Blissey
|-damage|p2a: Blissey|42/100
|
|upkeep
|turn|27
|
|t:|1757903707
|move|p1a: Kyurem|Ice Beam|p2a: Blissey
|-damage|p2a: Blissey|21/100
|move|p2a: Blissey|Soft-Boiled|p2a: Blissey
|-heal|p2a: Blissey|71/100
|
|upkeep
|turn|28
|
|t:|1757903711
|move|p1a: Kyurem|Ice Beam|p2a: Blissey
|-damage|p2a: Blissey|49/100
|move|p2a: Blissey|Soft-Boiled|p2a: Blissey
|-heal|p2a: Blissey|99/100
|
|upkeep
|turn|29
|
|t:|1757903714
|move|p1a: Kyurem|Ice Beam|p2a: Blissey
|-damage|p2a: Blissey|76/100
|move|p2a: Blissey|Seismic Toss|p1a: Kyurem
|-damage|p1a: Kyurem|8/100
|
|upkeep
|turn|30
|
|t:|1757903719
|move|p1a: Kyurem|Ice Beam|p2a: Blissey
|-damage|p2a: Blissey|56/100
|-status|p2a: Blissey|frz
|cant|p2a: Blissey|frz
|
|upkeep
|turn|31
|
|t:|1757903722
|-curestatus|p2a: Blissey|frz|[from] ability: Natural Cure
|switch|p2a: Toxapex|Toxapex, F|97/100
|move|p1a: Kyurem|Ice Beam|p2a: Toxapex
|-resisted|p2a: Toxapex
|-damage|p2a: Toxapex|66/100
|
|upkeep
|turn|32
|
|t:|1757903730
|move|p1a: Kyurem|Ice Beam|p2a: Toxapex
|-resisted|p2a: Toxapex
|-crit|p2a: Toxapex
|-damage|p2a: Toxapex|25/100
|-status|p2a: Toxapex|frz
|cant|p2a: Toxapex|frz
|
|upkeep
|turn|33
|
|t:|1757903735
|switch|p2a: Blissey|Blissey, F|56/100
|move|p1a: Kyurem|Ice Beam|p2a: Blissey
|-damage|p2a: Blissey|33/100
|
|upkeep
|turn|34
|
|t:|1757903741
|-terastallize|p1a: Kyurem|Ice
|move|p1a: Kyurem|Ice Beam|p2a: Blissey
|-damage|p2a: Blissey|4/100
|move|p2a: Blissey|Seismic Toss|p1a: Kyurem
|-damage|p1a: Kyurem|0 fnt
|faint|p1a: Kyurem
|
|upkeep
|
|t:|1757903746
|switch|p1a: Rillaboom|Rillaboom, F|100/100
|-damage|p1a: Rillaboom|76/100|[from] Spikes
|-damage|p1a: Rillaboom|63/100|[from] Stealth Rock
|-fieldstart|move: Grassy Terrain|[from] ability: Grassy Surge|[of] p1a: Rillaboom
|turn|35
|
|t:|1757903761
|move|p1a: Rillaboom|Grassy Glide|p2a: Blissey
|-damage|p2a: Blissey|0 fnt
|faint|p2a: Blissey
|
|-heal|p1a: Rillaboom|70/100|[from] Grassy Terrain
|upkeep
|
|t:|1757903772
|switch|p2a: Dondozo|Dondozo, F|100/100
|turn|36
|
|t:|1757903779
|-terastallize|p2a: Dondozo|Dragon
|move|p1a: Rillaboom|Knock Off|p2a: Dondozo
|-damage|p2a: Dondozo|85/100
|-enditem|p2a: Dondozo|Heavy-Duty Boots|[from] move: Knock Off|[of] p1a: Rillaboom
|move|p2a: Dondozo|Curse|p2a: Dondozo
|-unboost|p2a: Dondozo|spe|1
|-boost|p2a: Dondozo|atk|1
|-boost|p2a: Dondozo|def|1
|
|-heal|p1a: Rillaboom|76/100|[from] Grassy Terrain
|-heal|p2a: Dondozo|91/100|[from] Grassy Terrain
|upkeep
|turn|37
|
|t:|1757903791
|switch|p1a: Mew|Mew|57/100
|-damage|p1a: Mew|32/100|[from] Spikes
|-damage|p1a: Mew|20/100|[from] Stealth Rock
|move|p2a: Dondozo|Avalanche|p1a: Mew
|-damage|p1a: Mew|0 fnt
|faint|p1a: Mew
|
|-heal|p2a: Dondozo|98/100|[from] Grassy Terrain
|upkeep
|
|t:|1757903792
|switch|p1a: Garganacl|Garganacl, M|100/100
|-damage|p1a: Garganacl|76/100|[from] Spikes
|-damage|p1a: Garganacl|63/100|[from] Stealth Rock
|turn|38
|
|t:|1757903808
|move|p1a: Garganacl|Salt Cure|p2a: Dondozo
|-damage|p2a: Dondozo|94/100
|-start|p2a: Dondozo|Salt Cure
|move|p2a: Dondozo|Avalanche|p1a: Garganacl
|-damage|p1a: Garganacl|39/100
|
|-heal|p1a: Garganacl|45/100|[from] Grassy Terrain
|-heal|p1a: Garganacl|51/100|[from] item: Leftovers
|-heal|p2a: Dondozo|99/100|[from] Grassy Terrain
|-damage|p2a: Dondozo|87/100|[from] Salt Cure
|upkeep
|turn|39
|
|t:|1757903816
|move|p1a: Garganacl|Body Press|p2a: Dondozo
|-damage|p2a: Dondozo|78/100
|move|p2a: Dondozo|Curse|p2a: Dondozo
|-unboost|p2a: Dondozo|spe|1
|-boost|p2a: Dondozo|atk|1
|-boost|p2a: Dondozo|def|1
|
|-heal|p1a: Garganacl|57/100|[from] Grassy Terrain
|-heal|p1a: Garganacl|63/100|[from] item: Leftovers
|-heal|p2a: Dondozo|84/100|[from] Grassy Terrain
|-damage|p2a: Dondozo|72/100|[from] Salt Cure
|-fieldend|move: Grassy Terrain
|upkeep
|turn|40
|
|t:|1757903825
|move|p1a: Garganacl|Recover|p1a: Garganacl
|-heal|p1a: Garganacl|100/100
|move|p2a: Dondozo|Curse|p2a: Dondozo
|-unboost|p2a: Dondozo|spe|1
|-boost|p2a: Dondozo|atk|1
|-boost|p2a: Dondozo|def|1
|
|-damage|p2a: Dondozo|59/100|[from] Salt Cure
|upkeep
|turn|41
|
|t:|1757903829
|move|p1a: Garganacl|Salt Cure|p2a: Dondozo
|-damage|p2a: Dondozo|57/100
|move|p2a: Dondozo|Curse|p2a: Dondozo
|-unboost|p2a: Dondozo|spe|1
|-boost|p2a: Dondozo|atk|1
|-boost|p2a: Dondozo|def|1
|
|-damage|p2a: Dondozo|44/100|[from] Salt Cure
|upkeep
|turn|42
|
|t:|1757903835
|move|p1a: Garganacl|Body Press|p2a: Dondozo
|-crit|p2a: Dondozo
|-damage|p2a: Dondozo|24/100
|move|p2a: Dondozo|Rest|p2a: Dondozo
|-status|p2a: Dondozo|slp|[from] move: Rest
|-heal|p2a: Dondozo|100/100 slp|[silent]
|
|-damage|p2a: Dondozo|88/100 slp|[from] Salt Cure
|upkeep
|turn|43
|
|t:|1757903840
|move|p1a: Garganacl|Salt Cure|p2a: Dondozo
|-damage|p2a: Dondozo|86/100 slp
|cant|p2a: Dondozo|slp
|move|p2a: Dondozo|Sleep Talk|p2a: Dondozo
|move|p2a: Dondozo|Avalanche|p1a: Garganacl|[from] move: Sleep Talk
|-damage|p1a: Garganacl|48/100
|
|-heal|p1a: Garganacl|54/100|[from] item: Leftovers
|-damage|p2a: Dondozo|74/100 slp|[from] Salt Cure
|upkeep
|turn|44
|
|t:|1757903843
|move|p1a: Garganacl|Recover|p1a: Garganacl
|-heal|p1a: Garganacl|100/100
|cant|p2a: Dondozo|slp
|move|p2a: Dondozo|Sleep Talk|p2a: Dondozo
|move|p2a: Dondozo|Avalanche|p1a: Garganacl|[from] move: Sleep Talk
|-damage|p1a: Garganacl|75/100
|
|-heal|p1a: Garganacl|81/100|[from] item: Leftovers
|-damage|p2a: Dondozo|61/100 slp|[from] Salt Cure
|upkeep
|turn|45
|
|t:|1757903850
|move|p1a: Garganacl|Protect|p1a: Garganacl
|-singleturn|p1a: Garganacl|Protect
|-curestatus|p2a: Dondozo|slp|[msg]
|move|p2a: Dondozo|Curse|p2a: Dondozo
|-unboost|p2a: Dondozo|spe|1
|-boost|p2a: Dondozo|atk|1
|-boost|p2a: Dondozo|def|1
|
|-heal|p1a: Garganacl|87/100|[from] item: Leftovers
|-damage|p2a: Dondozo|49/100|[from] Salt Cure
|upkeep
|turn|46
|
|t:|1757903855
|move|p1a: Garganacl|Body Press|p2a: Dondozo
|-crit|p2a: Dondozo
|-damage|p2a: Dondozo|28/100
|move|p2a: Dondozo|Curse|p2a: Dondozo
|-unboost|p2a: Dondozo|spe|1
|-boost|p2a: Dondozo|atk|1
|-boost|p2a: Dondozo|def|1
|
|-heal|p1a: Garganacl|93/100|[from] item: Leftovers
|-damage|p2a: Dondozo|16/100|[from] Salt Cure
|upkeep
|turn|47
|
|t:|1757903861
|move|p1a: Garganacl|Body Press|p2a: Dondozo
|-damage|p2a: Dondozo|12/100
|move|p2a: Dondozo|Rest|p2a: Dondozo
|-status|p2a: Dondozo|slp|[from] move: Rest
|-heal|p2a: Dondozo|100/100 slp|[silent]
|
|-heal|p1a: Garganacl|99/100|[from] item: Leftovers
|-damage|p2a: Dondozo|88/100 slp|[from] Salt Cure
|upkeep
|turn|48
|
|t:|1757903865
|move|p1a: Garganacl|Protect|p1a: Garganacl
|-singleturn|p1a: Garganacl|Protect
|cant|p2a: Dondozo|slp
|
|-heal|p1a: Garganacl|100/100|[from] item: Leftovers
|-damage|p2a: Dondozo|75/100 slp|[from] Salt Cure
|upkeep
|turn|49
|
|t:|1757903871
|move|p1a: Garganacl|Recover||[still]
|-fail|p1a: Garganacl|heal
|cant|p2a: Dondozo|slp
|move|p2a: Dondozo|Sleep Talk|p2a: Dondozo
|move|p2a: Dondozo|Avalanche|p1a: Garganacl|[from] move: Sleep Talk
|-damage|p1a: Garganacl|70/100
|
|-heal|p1a: Garganacl|76/100|[from] item: Leftovers
|-damage|p2a: Dondozo|63/100 slp|[from] Salt Cure
|upkeep
|turn|50
|
|t:|1757903880
|move|p1a: Garganacl|Body Press|p2a: Dondozo
|-damage|p2a: Dondozo|60/100 slp
|-curestatus|p2a: Dondozo|slp|[msg]
|move|p2a: Dondozo|Avalanche|p1a: Garganacl
|-damage|p1a: Garganacl|10/100
|
|-heal|p1a: Garganacl|16/100|[from] item: Leftovers
|-damage|p2a: Dondozo|47/100|[from] Salt Cure
|upkeep
|turn|51
|
|t:|1757903892
|move|p1a: Garganacl|Recover|p1a: Garganacl
|-heal|p1a: Garganacl|67/100
|move|p2a: Dondozo|Avalanche|p1a: Garganacl
|-damage|p1a: Garganacl|34/100
|
|-heal|p1a: Garganacl|40/100|[from] item: Leftovers
|-damage|p2a: Dondozo|35/100|[from] Salt Cure
|upkeep
|turn|52
|
|t:|1757903897
|move|p1a: Garganacl|Protect|p1a: Garganacl
|-singleturn|p1a: Garganacl|Protect
|move|p2a: Dondozo|Rest|p2a: Dondozo
|-status|p2a: Dondozo|slp|[from] move: Rest
|-heal|p2a: Dondozo|100/100 slp|[silent]
|
|-heal|p1a: Garganacl|46/100|[from] item: Leftovers
|-damage|p2a: Dondozo|88/100 slp|[from] Salt Cure
|upkeep
|turn|53
|
|t:|1757903902
|move|p1a: Garganacl|Recover|p1a: Garganacl
|-heal|p1a: Garganacl|96/100
|cant|p2a: Dondozo|slp
|move|p2a: Dondozo|Sleep Talk|p2a: Dondozo
|move|p2a: Dondozo|Avalanche|p1a: Garganacl|[from] move: Sleep Talk
|-damage|p1a: Garganacl|60/100
|
|-heal|p1a: Garganacl|66/100|[from] item: Leftovers
|-damage|p2a: Dondozo|75/100 slp|[from] Salt Cure
|upkeep
|turn|54
|
|t:|1757903908
|move|p1a: Garganacl|Protect|p1a: Garganacl
|-singleturn|p1a: Garganacl|Protect
|cant|p2a: Dondozo|slp
|move|p2a: Dondozo|Sleep Talk|p2a: Dondozo
|move|p2a: Dondozo|Avalanche|p1a: Garganacl|[from] move: Sleep Talk
|-activate|p1a: Garganacl|move: Protect
|
|-heal|p1a: Garganacl|72/100|[from] item: Leftovers
|-damage|p2a: Dondozo|63/100 slp|[from] Salt Cure
|upkeep
|turn|55
|
|t:|1757903914
|move|p1a: Garganacl|Protect||[still]
|-fail|p1a: Garganacl
|-curestatus|p2a: Dondozo|slp|[msg]
|move|p2a: Dondozo|Avalanche|p1a: Garganacl
|-damage|p1a: Garganacl|37/100
|
|-heal|p1a: Garganacl|43/100|[from] item: Leftovers
|-damage|p2a: Dondozo|50/100|[from] Salt Cure
|upkeep
|turn|56
|
|t:|1757903920
|move|p1a: Garganacl|Protect|p1a: Garganacl
|-singleturn|p1a: Garganacl|Protect
|move|p2a: Dondozo|Curse|p2a: Dondozo
|
|-heal|p1a: Garganacl|49/100|[from] item: Leftovers
|-damage|p2a: Dondozo|38/100|[from] Salt Cure
|upkeep
|turn|57
|
|t:|1757903927
|move|p1a: Garganacl|Recover|p1a: Garganacl
|-heal|p1a: Garganacl|99/100
|move|p2a: Dondozo|Avalanche|p1a: Garganacl
|-damage|p1a: Garganacl|64/100
|
|-heal|p1a: Garganacl|70/100|[from] item: Leftovers
|-damage|p2a: Dondozo|25/100|[from] Salt Cure
|upkeep
|turn|58
|
|t:|1757903929
|move|p1a: Garganacl|Protect|p1a: Garganacl
|-singleturn|p1a: Garganacl|Protect
|move|p2a: Dondozo|Rest|p2a: Dondozo
|-status|p2a: Dondozo|slp|[from] move: Rest
|-heal|p2a: Dondozo|100/100 slp|[silent]
|
|-heal|p1a: Garganacl|76/100|[from] item: Leftovers
|-damage|p2a: Dondozo|88/100 slp|[from] Salt Cure
|upkeep
|turn|59
|
|t:|1757903940
|move|p1a: Garganacl|Body Press|p2a: Dondozo
|-damage|p2a: Dondozo|85/100 slp
|cant|p2a: Dondozo|slp
|
|-heal|p1a: Garganacl|82/100|[from] item: Leftovers
|-damage|p2a: Dondozo|72/100 slp|[from] Salt Cure
|upkeep
|turn|60
|
|t:|1757903944
|move|p1a: Garganacl|Protect|p1a: Garganacl
|-singleturn|p1a: Garganacl|Protect
|cant|p2a: Dondozo|slp
|
|-heal|p1a: Garganacl|88/100|[from] item: Leftovers
|-damage|p2a: Dondozo|60/100 slp|[from] Salt Cure
|upkeep
|turn|61
|
|t:|1757903957
|move|p1a: Garganacl|Salt Cure|p2a: Dondozo
|-damage|p2a: Dondozo|58/100 slp
|-curestatus|p2a: Dondozo|slp|[msg]
|move|p2a: Dondozo|Avalanche|p1a: Garganacl
|-damage|p1a: Garganacl|19/100
|
|-heal|p1a: Garganacl|25/100|[from] item: Leftovers
|-damage|p2a: Dondozo|45/100|[from] Salt Cure
|upkeep
|turn|62
|
|t:|1757903963
|move|p1a: Garganacl|Protect|p1a: Garganacl
|-singleturn|p1a: Garganacl|Protect
|move|p2a: Dondozo|Avalanche|p1a: Garganacl
|-activate|p1a: Garganacl|move: Protect
|
|-heal|p1a: Garganacl|31/100|[from] item: Leftovers
|-damage|p2a: Dondozo|33/100|[from] Salt Cure
|upkeep
|turn|63
|
|t:|1757903965
|move|p1a: Garganacl|Recover|p1a: Garganacl
|-heal|p1a: Garganacl|81/100
|move|p2a: Dondozo|Avalanche|p1a: Garganacl
|-damage|p1a: Garganacl|51/100
|
|-heal|p1a: Garganacl|57/100|[from] item: Leftovers
|-damage|p2a: Dondozo|20/100|[from] Salt Cure
|upkeep
|turn|64
|
|t:|1757903969
|move|p1a: Garganacl|Body Press|p2a: Dondozo
|-damage|p2a: Dondozo|17/100
|move|p2a: Dondozo|Rest|p2a: Dondozo
|-status|p2a: Dondozo|slp|[from] move: Rest
|-heal|p2a: Dondozo|100/100 slp|[silent]
|
|-heal|p1a: Garganacl|63/100|[from] item: Leftovers
|-damage|p2a: Dondozo|88/100 slp|[from] Salt Cure
|upkeep
|turn|65
|
|t:|1757903976
|move|p1a: Garganacl|Salt Cure|p2a: Dondozo
|-damage|p2a: Dondozo|86/100 slp
|cant|p2a: Dondozo|slp
|move|p2a: Dondozo|Sleep Talk|p2a: Dondozo
|move|p2a: Dondozo|Avalanche|p1a: Garganacl|[from] move: Sleep Talk
|-damage|p1a: Garganacl|0 fnt
|faint|p1a: Garganacl
|
|-damage|p2a: Dondozo|74/100 slp|[from] Salt Cure
|upkeep
|-message|lupiit forfeited.
|
|win|randombananaYAY
|raw|lupiit's rating: 1497 &rarr; <strong>1481</strong><br />(-16 for losing)
|raw|randombananaYAY's rating: 1575 &rarr; <strong>1591</strong><br />(+16 for winning)
|l|☆lupiit
|player|p1|
