|j|☆Shaymas
|j|☆PrimeXStriker
|t:|1757855146
|gametype|singles
|player|p1|Shaymas|102|1596
|player|p2|PrimeXStriker|marshal|1528
|gen|9
|tier|[Gen 9] OU
|rated|
|rule|HP Percentage Mod: HP is shown in percentages
|rule|Endless Battle Clause: Forcing endless battles is banned
|rule|Species Clause: Limit one of each Pokémon
|rule|OHKO Clause: OHKO moves are banned
|rule|Evasion Items Clause: Evasion items are banned
|rule|Evasion Moves Clause: Evasion moves are banned
|rule|Evasion Abilities Clause: Evasion abilities are banned
|rule|Sleep Moves Clause: Sleep-inducing moves are banned
|clearpoke
|poke|p1|Darkrai|
|poke|p1|Great Tusk|
|poke|p1|Ogerpon-Wellspring, F|
|poke|p1|Gholdengo|
|poke|p1|Dragonite, M|
|poke|p1|Ting-Lu|
|poke|p2|Pecharunt|
|poke|p2|Iron Valiant|
|poke|p2|Tyranitar, M|
|poke|p2|Jirachi|
|poke|p2|Corviknight, M|
|poke|p2|Samurott-Hisui, M|
|teampreview
|
|t:|1757855169
|teamsize|p1|6
|teamsize|p2|6
|start
|switch|p1a: Ogerpon|Ogerpon-Wellspring, F|100/100
|switch|p2a: Jirachi|Jirachi|100/100
|turn|1
|inactive|Battle timer is ON: inactive players will automatically lose when time's up. (requested by Shaymas)
|
|t:|1757855174
|move|p1a: Ogerpon|Knock Off|p2a: Jirachi
|-supereffective|p2a: Jirachi
|-damage|p2a: Jirachi|18/100
|-enditem|p2a: Jirachi|Choice Specs|[from] move: Knock Off|[of] p1a: Ogerpon
|move|p2a: Jirachi|Doom Desire|p1a: Ogerpon
|-start|p2a: Jirachi|Doom Desire
|
|upkeep
|turn|2
|
|t:|1757855201
|switch|p2a: Pecharunt|Pecharunt|100/100
|move|p1a: Ogerpon|Ivy Cudgel|p2a: Pecharunt|[anim] Ivy Cudgel Water
|-damage|p2a: Pecharunt|74/100
|
|upkeep
|turn|3
|j| Nikator98
|
|t:|1757855208
|move|p1a: Ogerpon|U-turn|p2a: Pecharunt
|-resisted|p2a: Pecharunt
|-damage|p2a: Pecharunt|70/100
|
|t:|1757855210
|switch|p1a: Ting-Lu|Ting-Lu|100/100|[from] U-turn
|-ability|p1a: Ting-Lu|Vessel of Ruin
|move|p2a: Pecharunt|Malignant Chain|p1a: Ting-Lu
|-resisted|p1a: Ting-Lu
|-crit|p1a: Ting-Lu
|-damage|p1a: Ting-Lu|91/100
|
|-end|p1a: Ting-Lu|move: Doom Desire
|-damage|p1a: Ting-Lu|65/100
|-heal|p1a: Ting-Lu|71/100|[from] item: Leftovers
|upkeep
|turn|4
|
|t:|1757855222
|move|p2a: Pecharunt|Malignant Chain|p1a: Ting-Lu
|-resisted|p1a: Ting-Lu
|-damage|p1a: Ting-Lu|64/100
|-status|p1a: Ting-Lu|tox
|-start|p1a: Ting-Lu|confusion|[from] ability: Poison Puppeteer|[of] p2a: Pecharunt
|-activate|p1a: Ting-Lu|confusion
|-damage|p1a: Ting-Lu|58/100 tox|[from] confusion
|
|-heal|p1a: Ting-Lu|64/100 tox|[from] item: Leftovers
|-damage|p1a: Ting-Lu|58/100 tox|[from] psn
|upkeep
|turn|5
|
|t:|1757855239
|switch|p2a: Jirachi|Jirachi|18/100
|-end|p1a: Ting-Lu|confusion
|move|p1a: Ting-Lu|Spikes|p2a: Jirachi
|-sidestart|p2: PrimeXStriker|Spikes
|
|-heal|p1a: Ting-Lu|64/100 tox|[from] item: Leftovers
|-damage|p1a: Ting-Lu|52/100 tox|[from] psn
|upkeep
|turn|6
|
|t:|1757855246
|switch|p1a: Ogerpon|Ogerpon-Wellspring, F|100/100
|move|p2a: Jirachi|Steel Beam|p1a: Ogerpon
|-resisted|p1a: Ogerpon
|-damage|p1a: Ogerpon|65/100
|-damage|p2a: Jirachi|0 fnt|[from] steelbeam
|faint|p2a: Jirachi
|
|upkeep
|
|t:|1757855255
|switch|p2a: Corviknight|Corviknight, M|100/100
|-ability|p2a: Corviknight|Pressure
|turn|7
|
|t:|1757855268
|switch|p1a: Gholdengo|Gholdengo|100/100
|-item|p1a: Gholdengo|Air Balloon
|move|p2a: Corviknight|U-turn|p1a: Gholdengo
|-resisted|p1a: Gholdengo
|-damage|p1a: Gholdengo|98/100
|-enditem|p1a: Gholdengo|Air Balloon
|
|t:|1757855275
|switch|p2a: Samurott|Samurott-Hisui, M|100/100|[from] U-turn
|-damage|p2a: Samurott|88/100|[from] Spikes
|
|upkeep
|turn|8
|
|t:|1757855280
|switch|p1a: Ogerpon|Ogerpon-Wellspring, F|65/100
|move|p2a: Samurott|Razor Shell|p1a: Ogerpon
|-heal|p1a: Ogerpon|90/100|[from] ability: Water Absorb|[of] p2a: Samurott
|
|upkeep
|turn|9
|
|t:|1757855283
|move|p1a: Ogerpon|Power Whip|p2a: Samurott
|-supereffective|p2a: Samurott
|-damage|p2a: Samurott|0 fnt
|faint|p2a: Samurott
|
|upkeep
|-message|PrimeXStriker forfeited.
|
|win|Shaymas
|raw|Shaymas's rating: 1596 &rarr; <strong>1612</strong><br />(+16 for winning)
|raw|PrimeXStriker's rating: 1528 &rarr; <strong>1512</strong><br />(-16 for losing)
|l|☆PrimeXStriker
|player|p2|
|l|☆Shaymas
|player|p1|
