|j|☆Sstivii
|j|☆Jocabulary
|t:|1757814776
|gametype|singles
|player|p1|Sstivii|102|1052
|player|p2|Jocabulary|169|1099
|gen|9
|tier|[Gen 9] OU
|rated|
|rule|HP Percentage Mod: HP is shown in percentages
|rule|Endless Battle Clause: Forcing endless battles is banned
|rule|Species Clause: Limit one of each Pokémon
|rule|OHKO Clause: OHKO moves are banned
|rule|Evasion Items Clause: Evasion items are banned
|rule|Evasion Moves Clause: Evasion moves are banned
|rule|Evasion Abilities Clause: Evasion abilities are banned
|rule|Sleep Moves Clause: Sleep-inducing moves are banned
|clearpoke
|poke|p1|Trapinch, M|
|poke|p1|Pikachu, F|
|poke|p1|Hydrapple, F|
|poke|p1|Meowscarada, M|
|poke|p1|Bellibolt, M|
|poke|p1|Trevenant, M|
|poke|p2|Garchomp, F|
|poke|p2|Glimmora, M|
|poke|p2|Incineroar, F|
|poke|p2|Amoonguss, F|
|poke|p2|Rotom-Wash|
|poke|p2|Corviknight, F|
|teampreview
|
|t:|1757814786
|teamsize|p1|6
|teamsize|p2|6
|start
|switch|p1a: Trapinch|Trapinch, M|100/100
|switch|p2a: Glimmora|Glimmora, M, shiny|100/100
|turn|1
|
|t:|1757814792
|move|p2a: Glimmora|Stealth Rock|p1a: Trapinch
|-sidestart|p1: Sstivii|move: Stealth Rock
|move|p1a: Trapinch|Earthquake|p2a: Glimmora
|-supereffective|p2a: Glimmora
|-enditem|p2a: Glimmora|Focus Sash
|-damage|p2a: Glimmora|1/100
|-activate|p2a: Glimmora|ability: Toxic Debris
|-sidestart|p1: Sstivii|move: Toxic Spikes
|
|upkeep
|turn|2
|
|t:|1757814809
|switch|p2a: Rotom|Rotom-Wash|100/100
|switch|p1a: Pikachu|Pikachu, F|100/100
|-damage|p1a: Pikachu|88/100|[from] Stealth Rock
|-status|p1a: Pikachu|psn
|
|-damage|p1a: Pikachu|76/100 psn|[from] psn
|upkeep
|turn|3
|
|t:|1757814818
|switch|p2a: Amoonguss|Amoonguss, F, shiny|100/100
|move|p1a: Pikachu|Fake Out|p2a: Amoonguss
|-damage|p2a: Amoonguss|87/100
|
|-heal|p2a: Amoonguss|94/100|[from] item: Black Sludge
|-damage|p1a: Pikachu|64/100 psn|[from] psn
|upkeep
|turn|4
|
|t:|1757814829
|move|p2a: Amoonguss|Protect|p2a: Amoonguss
|-singleturn|p2a: Amoonguss|Protect
|move|p1a: Pikachu|Nuzzle|p2a: Amoonguss
|-activate|p2a: Amoonguss|move: Protect
|
|-heal|p2a: Amoonguss|99/100|[from] item: Black Sludge
|-damage|p1a: Pikachu|51/100 psn|[from] psn
|upkeep
|turn|5
|
|t:|1757814840
|switch|p2a: Rotom|Rotom-Wash|100/100
|move|p1a: Pikachu|Surf|p2a: Rotom
|-resisted|p2a: Rotom
|-damage|p2a: Rotom|90/100
|
|-heal|p2a: Rotom|97/100|[from] item: Leftovers
|-damage|p1a: Pikachu|39/100 psn|[from] psn
|upkeep
|turn|6
|
|t:|1757814851
|move|p1a: Pikachu|Volt Switch|p2a: Rotom
|-damage|p2a: Rotom|71/100
|
|t:|1757814855
|switch|p1a: Trapinch|Trapinch, M|100/100|[from] Volt Switch
|-damage|p1a: Trapinch|94/100|[from] Stealth Rock
|-status|p1a: Trapinch|psn
|move|p2a: Rotom|Hydro Pump|p1a: Trapinch
|-supereffective|p1a: Trapinch
|-damage|p1a: Trapinch|0 fnt
|faint|p1a: Trapinch
|
|-heal|p2a: Rotom|77/100|[from] item: Leftovers
|upkeep
|
|t:|1757814869
|switch|p1a: Meowscarada|Meowscarada, M|100/100
|-damage|p1a: Meowscarada|88/100|[from] Stealth Rock
|-status|p1a: Meowscarada|psn
|turn|7
|
|t:|1757814884
|switch|p2a: Incineroar|Incineroar, F, shiny|100/100
|-ability|p2a: Incineroar|Intimidate|boost
|-unboost|p1a: Meowscarada|atk|1
|move|p1a: Meowscarada|Flower Trick|p2a: Incineroar
|-start|p1a: Meowscarada|typechange|Grass|[from] ability: Protean
|-resisted|p2a: Incineroar
|-crit|p2a: Incineroar
|-damage|p2a: Incineroar|74/100
|
|-damage|p1a: Meowscarada|76/100 psn|[from] psn
|upkeep
|turn|8
|
|t:|1757814895
|switch|p1a: Pikachu|Pikachu, F|39/100 psn
|-damage|p1a: Pikachu|27/100 psn|[from] Stealth Rock
|move|p2a: Incineroar|Fake Out|p1a: Pikachu
|-damage|p1a: Pikachu|0 fnt
|faint|p1a: Pikachu
|
|upkeep
|
|t:|1757814904
|switch|p1a: Bellibolt|Bellibolt, M|100/100
|-damage|p1a: Bellibolt|88/100|[from] Stealth Rock
|-status|p1a: Bellibolt|psn
|turn|9
|
|t:|1757814911
|move|p2a: Incineroar|Parting Shot|p1a: Bellibolt
|-unboost|p1a: Bellibolt|atk|1
|-unboost|p1a: Bellibolt|spa|1
|
|t:|1757814915
|switch|p2a: Amoonguss|Amoonguss, F, shiny|100/100|[from] Parting Shot
|move|p1a: Bellibolt|Acid Spray|p2a: Amoonguss
|-damage|p2a: Amoonguss|95/100
|-unboost|p2a: Amoonguss|spd|2
|
|-heal|p1a: Bellibolt|94/100 psn|[from] item: Leftovers
|-heal|p2a: Amoonguss|100/100|[from] item: Black Sludge
|-damage|p1a: Bellibolt|82/100 psn|[from] psn
|upkeep
|turn|10
|
|t:|1757814929
|move|p2a: Amoonguss|Protect|p2a: Amoonguss
|-singleturn|p2a: Amoonguss|Protect
|move|p1a: Bellibolt|Volt Switch|p2a: Amoonguss
|-activate|p2a: Amoonguss|move: Protect
|
|-heal|p1a: Bellibolt|88/100 psn|[from] item: Leftovers
|-damage|p1a: Bellibolt|76/100 psn|[from] psn
|upkeep
|turn|11
|
|t:|1757814941
|move|p1a: Bellibolt|Acid Spray|p2a: Amoonguss
|-damage|p2a: Amoonguss|89/100
|-unboost|p2a: Amoonguss|spd|2
|move|p2a: Amoonguss|Clear Smog|p1a: Bellibolt
|-damage|p1a: Bellibolt|64/100 psn
|-clearboost|p1a: Bellibolt
|-start|p1a: Bellibolt|Charge|Clear Smog|[from] ability: Electromorphosis
|
|-heal|p1a: Bellibolt|70/100 psn|[from] item: Leftovers
|-heal|p2a: Amoonguss|96/100|[from] item: Black Sludge
|-damage|p1a: Bellibolt|58/100 psn|[from] psn
|upkeep
|turn|12
|
|t:|1757814958
|move|p2a: Amoonguss|Protect|p2a: Amoonguss
|-singleturn|p2a: Amoonguss|Protect
|move|p1a: Bellibolt|Acid Spray|p2a: Amoonguss
|-activate|p2a: Amoonguss|move: Protect
|
|-heal|p1a: Bellibolt|64/100 psn|[from] item: Leftovers
|-heal|p2a: Amoonguss|100/100|[from] item: Black Sludge
|-damage|p1a: Bellibolt|52/100 psn|[from] psn
|upkeep
|turn|13
|
|t:|1757814968
|switch|p2a: Corviknight|Corviknight, F|100/100
|move|p1a: Bellibolt|Slack Off|p1a: Bellibolt
|-heal|p1a: Bellibolt|100/100 psn
|
|-damage|p1a: Bellibolt|88/100 psn|[from] psn
|upkeep
|turn|14
|
|t:|1757814979
|move|p2a: Corviknight|Iron Defense|p2a: Corviknight
|-boost|p2a: Corviknight|def|2
|move|p1a: Bellibolt|Volt Switch|p2a: Corviknight
|-supereffective|p2a: Corviknight
|-damage|p2a: Corviknight|1/100
|-end|p1a: Bellibolt|Charge|[silent]
|
|t:|1757814986
|switch|p1a: Meowscarada|Meowscarada, M|76/100 psn|[from] Volt Switch
|-damage|p1a: Meowscarada|64/100 psn|[from] Stealth Rock
|
|-damage|p1a: Meowscarada|51/100 psn|[from] psn
|upkeep
|turn|15
|
|t:|1757815001
|switch|p2a: Incineroar|Incineroar, F, shiny|74/100
|-ability|p2a: Incineroar|Intimidate|boost
|-unboost|p1a: Meowscarada|atk|1
|move|p1a: Meowscarada|Knock Off|p2a: Incineroar
|-start|p1a: Meowscarada|typechange|Dark|[from] ability: Protean
|-resisted|p2a: Incineroar
|-damage|p2a: Incineroar|58/100
|-enditem|p2a: Incineroar|Sitrus Berry|[from] move: Knock Off|[of] p1a: Meowscarada
|
|-damage|p1a: Meowscarada|39/100 psn|[from] psn
|upkeep
|turn|16
|
|t:|1757815016
|switch|p1a: Bellibolt|Bellibolt, M|88/100 psn
|-damage|p1a: Bellibolt|76/100 psn|[from] Stealth Rock
|move|p2a: Incineroar|Fake Out|p1a: Bellibolt
|-damage|p1a: Bellibolt|68/100 psn
|-start|p1a: Bellibolt|Charge|Fake Out|[from] ability: Electromorphosis
|
|-heal|p1a: Bellibolt|74/100 psn|[from] item: Leftovers
|-damage|p1a: Bellibolt|62/100 psn|[from] psn
|upkeep
|turn|17
|
|t:|1757815035
|switch|p2a: Garchomp|Garchomp, F, shiny|100/100
|move|p1a: Bellibolt|Volt Switch|p2a: Garchomp
|-immune|p2a: Garchomp
|-end|p1a: Bellibolt|Charge|[silent]
|
|-heal|p1a: Bellibolt|68/100 psn|[from] item: Leftovers
|-damage|p1a: Bellibolt|56/100 psn|[from] psn
|upkeep
|turn|18
|
|t:|1757815043
|switch|p1a: Trevenant|Trevenant, M|100/100
|-damage|p1a: Trevenant|88/100|[from] Stealth Rock
|-status|p1a: Trevenant|psn
|move|p2a: Garchomp|Earthquake|p1a: Trevenant
|-resisted|p1a: Trevenant
|-damage|p1a: Trevenant|53/100 psn
|-damage|p2a: Garchomp|91/100|[from] item: Life Orb
|
|-damage|p1a: Trevenant|40/100 psn|[from] psn
|upkeep
|turn|19
|
|t:|1757815056
|move|p2a: Garchomp|Protect|p2a: Garchomp
|-singleturn|p2a: Garchomp|Protect
|move|p1a: Trevenant|Horn Leech|p2a: Garchomp
|-activate|p2a: Garchomp|move: Protect
|
|-damage|p1a: Trevenant|28/100 psn|[from] psn
|upkeep
|turn|20
|
|t:|1757815064
|move|p2a: Garchomp|Dragon Claw|p1a: Trevenant
|-damage|p1a: Trevenant|0 fnt
|faint|p1a: Trevenant
|-damage|p2a: Garchomp|81/100|[from] item: Life Orb
|
|upkeep
|
|t:|1757815070
|switch|p1a: Meowscarada|Meowscarada, M|39/100 psn
|-damage|p1a: Meowscarada|27/100 psn|[from] Stealth Rock
|turn|21
|
|t:|1757815074
|move|p2a: Garchomp|Protect|p2a: Garchomp
|-singleturn|p2a: Garchomp|Protect
|move|p1a: Meowscarada|Flower Trick|p2a: Garchomp
|-start|p1a: Meowscarada|typechange|Grass|[from] ability: Protean
|-activate|p2a: Garchomp|move: Protect
|
|-damage|p1a: Meowscarada|14/100 psn|[from] psn
|upkeep
|turn|22
|
|t:|1757815085
|move|p1a: Meowscarada|Flower Trick|p2a: Garchomp
|-crit|p2a: Garchomp
|-damage|p2a: Garchomp|9/100
|move|p2a: Garchomp|Dragon Claw|p1a: Meowscarada
|-damage|p1a: Meowscarada|0 fnt
|faint|p1a: Meowscarada
|-damage|p2a: Garchomp|0 fnt|[from] item: Life Orb
|faint|p2a: Garchomp
|
|upkeep
|
|t:|1757815106
|switch|p1a: Hydrapple|Hydrapple, F|100/100
|switch|p2a: Incineroar|Incineroar, F, shiny|58/100
|-ability|p2a: Incineroar|Intimidate|boost
|-unboost|p1a: Hydrapple|atk|1
|-damage|p1a: Hydrapple|88/100|[from] Stealth Rock
|-status|p1a: Hydrapple|psn
|turn|23
|
|t:|1757815115
|move|p2a: Incineroar|Fake Out|p1a: Hydrapple
|-damage|p1a: Hydrapple|79/100 psn
|cant|p1a: Hydrapple|flinch
|
|-heal|p1a: Hydrapple|86/100 psn|[from] item: Leftovers
|-damage|p1a: Hydrapple|73/100 psn|[from] psn
|upkeep
|turn|24
|
|t:|1757815124
|move|p2a: Incineroar|Parting Shot|p1a: Hydrapple
|-unboost|p1a: Hydrapple|atk|1
|-unboost|p1a: Hydrapple|spa|1
|
|t:|1757815128
|switch|p2a: Amoonguss|Amoonguss, F, shiny|100/100|[from] Parting Shot
|move|p1a: Hydrapple|Nasty Plot|p1a: Hydrapple
|-boost|p1a: Hydrapple|spa|2
|
|-heal|p1a: Hydrapple|79/100 psn|[from] item: Leftovers
|-damage|p1a: Hydrapple|67/100 psn|[from] psn
|upkeep
|turn|25
|
|t:|1757815136
|move|p1a: Hydrapple|Fickle Beam|p2a: Amoonguss
|-damage|p2a: Amoonguss|56/100
|move|p2a: Amoonguss|Clear Smog|p1a: Hydrapple
|-supereffective|p1a: Hydrapple
|-crit|p1a: Hydrapple
|-damage|p1a: Hydrapple|35/100 psn
|-clearboost|p1a: Hydrapple
|
|-heal|p1a: Hydrapple|41/100 psn|[from] item: Leftovers
|-heal|p2a: Amoonguss|62/100|[from] item: Black Sludge
|-damage|p1a: Hydrapple|29/100 psn|[from] psn
|upkeep
|turn|26
|
|t:|1757815146
|move|p2a: Amoonguss|Protect|p2a: Amoonguss
|-singleturn|p2a: Amoonguss|Protect
|move|p1a: Hydrapple|Recover|p1a: Hydrapple
|-heal|p1a: Hydrapple|79/100 psn
|
|-heal|p1a: Hydrapple|85/100 psn|[from] item: Leftovers
|-heal|p2a: Amoonguss|68/100|[from] item: Black Sludge
|-damage|p1a: Hydrapple|73/100 psn|[from] psn
|upkeep
|turn|27
|
|t:|1757815156
|move|p1a: Hydrapple|Fickle Beam|p2a: Amoonguss
|-damage|p2a: Amoonguss|37/100
|move|p2a: Amoonguss|Clear Smog|p1a: Hydrapple
|-supereffective|p1a: Hydrapple
|-damage|p1a: Hydrapple|51/100 psn
|-clearboost|p1a: Hydrapple
|
|-heal|p1a: Hydrapple|57/100 psn|[from] item: Leftovers
|-heal|p2a: Amoonguss|43/100|[from] item: Black Sludge
|-damage|p1a: Hydrapple|45/100 psn|[from] psn
|upkeep
|turn|28
|
|t:|1757815168
|move|p2a: Amoonguss|Protect|p2a: Amoonguss
|-singleturn|p2a: Amoonguss|Protect
|move|p1a: Hydrapple|Nasty Plot|p1a: Hydrapple
|-boost|p1a: Hydrapple|spa|2
|
|-heal|p1a: Hydrapple|51/100 psn|[from] item: Leftovers
|-heal|p2a: Amoonguss|50/100|[from] item: Black Sludge
|-damage|p1a: Hydrapple|38/100 psn|[from] psn
|upkeep
|turn|29
|
|t:|1757815183
|switch|p2a: Corviknight|Corviknight, F|1/100
|move|p1a: Hydrapple|Fickle Beam|p2a: Corviknight
|-resisted|p2a: Corviknight
|-damage|p2a: Corviknight|0 fnt
|faint|p2a: Corviknight
|
|-heal|p1a: Hydrapple|45/100 psn|[from] item: Leftovers
|-damage|p1a: Hydrapple|32/100 psn|[from] psn
|upkeep
|
|t:|1757815192
|switch|p2a: Incineroar|Incineroar, F, shiny|58/100
|-ability|p2a: Incineroar|Intimidate|boost
|-unboost|p1a: Hydrapple|atk|1
|turn|30
|
|t:|1757815199
|switch|p1a: Bellibolt|Bellibolt, M|56/100 psn
|-damage|p1a: Bellibolt|44/100 psn|[from] Stealth Rock
|move|p2a: Incineroar|Fake Out|p1a: Bellibolt
|-damage|p1a: Bellibolt|36/100 psn
|-start|p1a: Bellibolt|Charge|Fake Out|[from] ability: Electromorphosis
|
|-heal|p1a: Bellibolt|42/100 psn|[from] item: Leftovers
|-damage|p1a: Bellibolt|30/100 psn|[from] psn
|upkeep
|turn|31
|
|t:|1757815219
|move|p2a: Incineroar|Parting Shot|p1a: Bellibolt
|-unboost|p1a: Bellibolt|atk|1
|-unboost|p1a: Bellibolt|spa|1
|
|t:|1757815222
|switch|p2a: Glimmora|Glimmora, M, shiny|1/100|[from] Parting Shot
|move|p1a: Bellibolt|Thunder Wave|p2a: Glimmora
|-status|p2a: Glimmora|par
|-end|p1a: Bellibolt|Charge|[silent]
|
|-heal|p1a: Bellibolt|36/100 psn|[from] item: Leftovers
|-damage|p1a: Bellibolt|24/100 psn|[from] psn
|upkeep
|turn|32
|
|t:|1757815232
|move|p2a: Glimmora|Energy Ball|p1a: Bellibolt
|-damage|p1a: Bellibolt|0 fnt
|faint|p1a: Bellibolt
|
|upkeep
|
|t:|1757815238
|switch|p1a: Hydrapple|Hydrapple, F|65/100 psn
|-damage|p1a: Hydrapple|53/100 psn|[from] Stealth Rock
|turn|33
|
|t:|1757815243
|move|p2a: Glimmora|Energy Ball|p1a: Hydrapple
|-resisted|p1a: Hydrapple
|-damage|p1a: Hydrapple|47/100 psn
|move|p1a: Hydrapple|Giga Drain|p2a: Glimmora
|-damage|p2a: Glimmora|0 fnt
|-heal|p1a: Hydrapple|47/100 psn|[from] drain|[of] p2a: Glimmora
|faint|p2a: Glimmora
|
|-heal|p1a: Hydrapple|53/100 psn|[from] item: Leftovers
|-damage|p1a: Hydrapple|41/100 psn|[from] psn
|upkeep
|
|t:|1757815254
|switch|p2a: Incineroar|Incineroar, F, shiny|58/100
|-ability|p2a: Incineroar|Intimidate|boost
|-unboost|p1a: Hydrapple|atk|1
|turn|34
|
|t:|1757815259
|move|p2a: Incineroar|Fake Out|p1a: Hydrapple
|-damage|p1a: Hydrapple|32/100 psn
|cant|p1a: Hydrapple|flinch
|
|-heal|p1a: Hydrapple|39/100 psn|[from] item: Leftovers
|-damage|p1a: Hydrapple|26/100 psn|[from] psn
|upkeep
|turn|35
|
|t:|1757815266
|move|p2a: Incineroar|Parting Shot|p1a: Hydrapple
|-unboost|p1a: Hydrapple|atk|1
|-unboost|p1a: Hydrapple|spa|1
|
|t:|1757815269
|switch|p2a: Amoonguss|Amoonguss, F, shiny|83/100|[from] Parting Shot
|move|p1a: Hydrapple|Recover|p1a: Hydrapple
|-heal|p1a: Hydrapple|76/100 psn
|
|-heal|p1a: Hydrapple|82/100 psn|[from] item: Leftovers
|-heal|p2a: Amoonguss|89/100|[from] item: Black Sludge
|-damage|p1a: Hydrapple|70/100 psn|[from] psn
|upkeep
|turn|36
|
|t:|1757815280
|move|p2a: Amoonguss|Protect|p2a: Amoonguss
|-singleturn|p2a: Amoonguss|Protect
|move|p1a: Hydrapple|Nasty Plot|p1a: Hydrapple
|-boost|p1a: Hydrapple|spa|2
|
|-heal|p1a: Hydrapple|76/100 psn|[from] item: Leftovers
|-heal|p2a: Amoonguss|95/100|[from] item: Black Sludge
|-damage|p1a: Hydrapple|64/100 psn|[from] psn
|upkeep
|turn|37
|
|t:|1757815292
|move|p1a: Hydrapple|Fickle Beam|p2a: Amoonguss
|-damage|p2a: Amoonguss|47/100
|move|p2a: Amoonguss|Clear Smog|p1a: Hydrapple
|-supereffective|p1a: Hydrapple
|-damage|p1a: Hydrapple|40/100 psn
|-clearboost|p1a: Hydrapple
|
|-heal|p1a: Hydrapple|46/100 psn|[from] item: Leftovers
|-heal|p2a: Amoonguss|54/100|[from] item: Black Sludge
|-damage|p1a: Hydrapple|34/100 psn|[from] psn
|upkeep
|turn|38
|
|t:|1757815303
|move|p2a: Amoonguss|Protect|p2a: Amoonguss
|-singleturn|p2a: Amoonguss|Protect
|move|p1a: Hydrapple|Recover|p1a: Hydrapple
|-heal|p1a: Hydrapple|84/100 psn
|
|-heal|p1a: Hydrapple|90/100 psn|[from] item: Leftovers
|-heal|p2a: Amoonguss|60/100|[from] item: Black Sludge
|-damage|p1a: Hydrapple|78/100 psn|[from] psn
|upkeep
|turn|39
|
|t:|1757815316
|move|p1a: Hydrapple|Nasty Plot|p1a: Hydrapple
|-boost|p1a: Hydrapple|spa|2
|move|p2a: Amoonguss|Clear Smog|p1a: Hydrapple
|-supereffective|p1a: Hydrapple
|-damage|p1a: Hydrapple|53/100 psn
|-clearboost|p1a: Hydrapple
|
|-heal|p1a: Hydrapple|59/100 psn|[from] item: Leftovers
|-heal|p2a: Amoonguss|66/100|[from] item: Black Sludge
|-damage|p1a: Hydrapple|47/100 psn|[from] psn
|upkeep
|turn|40
|
|t:|1757815326
|move|p1a: Hydrapple|Nasty Plot|p1a: Hydrapple
|-boost|p1a: Hydrapple|spa|2
|move|p2a: Amoonguss|Clear Smog|p1a: Hydrapple
|-supereffective|p1a: Hydrapple
|-damage|p1a: Hydrapple|25/100 psn
|-clearboost|p1a: Hydrapple
|
|-heal|p1a: Hydrapple|32/100 psn|[from] item: Leftovers
|-heal|p2a: Amoonguss|72/100|[from] item: Black Sludge
|-damage|p1a: Hydrapple|19/100 psn|[from] psn
|upkeep
|turn|41
|
|t:|1757815337
|move|p1a: Hydrapple|Recover|p1a: Hydrapple
|-heal|p1a: Hydrapple|69/100 psn
|move|p2a: Amoonguss|Clear Smog|p1a: Hydrapple
|-supereffective|p1a: Hydrapple
|-damage|p1a: Hydrapple|45/100 psn
|-clearboost|p1a: Hydrapple
|
|-heal|p1a: Hydrapple|52/100 psn|[from] item: Leftovers
|-heal|p2a: Amoonguss|79/100|[from] item: Black Sludge
|-damage|p1a: Hydrapple|39/100 psn|[from] psn
|upkeep
|turn|42
|
|t:|1757815348
|move|p1a: Hydrapple|Recover|p1a: Hydrapple
|-heal|p1a: Hydrapple|89/100 psn
|move|p2a: Amoonguss|Clear Smog|p1a: Hydrapple
|-supereffective|p1a: Hydrapple
|-damage|p1a: Hydrapple|66/100 psn
|-clearboost|p1a: Hydrapple
|
|-heal|p1a: Hydrapple|72/100 psn|[from] item: Leftovers
|-heal|p2a: Amoonguss|85/100|[from] item: Black Sludge
|-damage|p1a: Hydrapple|59/100 psn|[from] psn
|upkeep
|turn|43
|
|t:|1757815361
|move|p1a: Hydrapple|Nasty Plot|p1a: Hydrapple
|-boost|p1a: Hydrapple|spa|2
|move|p2a: Amoonguss|Clear Smog|p1a: Hydrapple
|-supereffective|p1a: Hydrapple
|-damage|p1a: Hydrapple|38/100 psn
|-clearboost|p1a: Hydrapple
|
|-heal|p1a: Hydrapple|44/100 psn|[from] item: Leftovers
|-heal|p2a: Amoonguss|91/100|[from] item: Black Sludge
|-damage|p1a: Hydrapple|32/100 psn|[from] psn
|upkeep
|turn|44
|
|t:|1757815371
|move|p1a: Hydrapple|Nasty Plot|p1a: Hydrapple
|-boost|p1a: Hydrapple|spa|2
|move|p2a: Amoonguss|Clear Smog|p1a: Hydrapple
|-supereffective|p1a: Hydrapple
|-damage|p1a: Hydrapple|7/100 psn
|-clearboost|p1a: Hydrapple
|
|-heal|p1a: Hydrapple|13/100 psn|[from] item: Leftovers
|-heal|p2a: Amoonguss|97/100|[from] item: Black Sludge
|-damage|p1a: Hydrapple|1/100 psn|[from] psn
|upkeep
|turn|45
|
|t:|1757815384
|move|p1a: Hydrapple|Recover|p1a: Hydrapple
|-heal|p1a: Hydrapple|51/100 psn
|move|p2a: Amoonguss|Clear Smog|p1a: Hydrapple
|-supereffective|p1a: Hydrapple
|-damage|p1a: Hydrapple|28/100 psn
|-clearboost|p1a: Hydrapple
|
|-heal|p1a: Hydrapple|34/100 psn|[from] item: Leftovers
|-heal|p2a: Amoonguss|100/100|[from] item: Black Sludge
|-damage|p1a: Hydrapple|21/100 psn|[from] psn
|upkeep
|turn|46
|
|t:|1757815395
|move|p1a: Hydrapple|Recover|p1a: Hydrapple
|-heal|p1a: Hydrapple|71/100 psn
|move|p2a: Amoonguss|Clear Smog|p1a: Hydrapple
|-supereffective|p1a: Hydrapple
|-damage|p1a: Hydrapple|49/100 psn
|-clearboost|p1a: Hydrapple
|
|-heal|p1a: Hydrapple|56/100 psn|[from] item: Leftovers
|-damage|p1a: Hydrapple|43/100 psn|[from] psn
|upkeep
|turn|47
|
|t:|1757815405
|move|p1a: Hydrapple|Recover|p1a: Hydrapple
|-heal|p1a: Hydrapple|93/100 psn
|move|p2a: Amoonguss|Clear Smog|p1a: Hydrapple
|-supereffective|p1a: Hydrapple
|-damage|p1a: Hydrapple|71/100 psn
|-clearboost|p1a: Hydrapple
|
|-heal|p1a: Hydrapple|78/100 psn|[from] item: Leftovers
|-damage|p1a: Hydrapple|65/100 psn|[from] psn
|upkeep
|turn|48
|
|t:|1757815415
|move|p1a: Hydrapple|Fickle Beam|p2a: Amoonguss|[anim] Fickle Beam All Out
|-activate|p1a: Hydrapple|move: Fickle Beam
|-damage|p2a: Amoonguss|39/100
|move|p2a: Amoonguss|Clear Smog|p1a: Hydrapple
|-supereffective|p1a: Hydrapple
|-damage|p1a: Hydrapple|43/100 psn
|-clearboost|p1a: Hydrapple
|
|-heal|p1a: Hydrapple|49/100 psn|[from] item: Leftovers
|-heal|p2a: Amoonguss|46/100|[from] item: Black Sludge
|-damage|p1a: Hydrapple|37/100 psn|[from] psn
|upkeep
|turn|49
|
|t:|1757815425
|move|p2a: Amoonguss|Protect|p2a: Amoonguss
|-singleturn|p2a: Amoonguss|Protect
|move|p1a: Hydrapple|Fickle Beam|p2a: Amoonguss
|-activate|p2a: Amoonguss|move: Protect
|
|-heal|p1a: Hydrapple|43/100 psn|[from] item: Leftovers
|-heal|p2a: Amoonguss|52/100|[from] item: Black Sludge
|-damage|p1a: Hydrapple|31/100 psn|[from] psn
|upkeep
|turn|50
|
|t:|1757815433
|move|p1a: Hydrapple|Fickle Beam|p2a: Amoonguss
|-damage|p2a: Amoonguss|21/100
|move|p2a: Amoonguss|Clear Smog|p1a: Hydrapple
|-supereffective|p1a: Hydrapple
|-damage|p1a: Hydrapple|7/100 psn
|-clearboost|p1a: Hydrapple
|
|-heal|p1a: Hydrapple|13/100 psn|[from] item: Leftovers
|-heal|p2a: Amoonguss|28/100|[from] item: Black Sludge
|-damage|p1a: Hydrapple|1/100 psn|[from] psn
|upkeep
|turn|51
|
|t:|1757815444
|move|p2a: Amoonguss|Protect|p2a: Amoonguss
|-singleturn|p2a: Amoonguss|Protect
|move|p1a: Hydrapple|Nasty Plot|p1a: Hydrapple
|-boost|p1a: Hydrapple|spa|2
|
|-heal|p1a: Hydrapple|7/100 psn|[from] item: Leftovers
|-heal|p2a: Amoonguss|34/100|[from] item: Black Sludge
|-damage|p1a: Hydrapple|0 fnt|[from] psn
|faint|p1a: Hydrapple
|
|win|Jocabulary
|raw|Sstivii's rating: 1052 &rarr; <strong>1037</strong><br />(-15 for losing)
|raw|Jocabulary's rating: 1099 &rarr; <strong>1121</strong><br />(+22 for winning)
|l|☆Sstivii
|player|p1|
|l|☆Jocabulary
|player|p2|
