|j|☆mercadocentral
|j|☆SKron
|t:|1757940290
|gametype|singles
|player|p1|mercadocentral|cynthia-gen7|1345
|player|p2|SKron|1|1406
|gen|9
|tier|[Gen 9] OU
|rated|
|rule|HP Percentage Mod: HP is shown in percentages
|rule|Endless Battle Clause: Forcing endless battles is banned
|rule|Species Clause: Limit one of each Pokémon
|rule|OHKO Clause: OHKO moves are banned
|rule|Evasion Items Clause: Evasion items are banned
|rule|Evasion Moves Clause: Evasion moves are banned
|rule|Evasion Abilities Clause: Evasion abilities are banned
|rule|Sleep Moves Clause: Sleep-inducing moves are banned
|clearpoke
|poke|p1|Tauros, M|
|poke|p1|Landorus-Therian, M|
|poke|p1|Iron Crown|
|poke|p1|Primarina, M|
|poke|p1|Moltres|
|poke|p1|Iron Valiant|
|poke|p2|Meowscarada, F|
|poke|p2|Metagross|
|poke|p2|Iron Hands|
|poke|p2|Great Tusk|
|poke|p2|Fezandipiti, M|
|poke|p2|Ting-Lu|
|teampreview
|inactive|Battle timer is ON: inactive players will automatically lose when time's up. (requested by SKron)
|
|t:|1757940301
|teamsize|p1|6
|teamsize|p2|6
|start
|switch|p1a: Landorus|Landorus-Therian, M|100/100
|switch|p2a: Fezandipiti|Fezandipiti, M|100/100
|-ability|p1a: Landorus|Intimidate|boost
|-unboost|p2a: Fezandipiti|atk|1
|turn|1
|c|☆SKron|gl
|c|☆mercadocentral|hf!
|
|t:|1757940314
|switch|p2a: Ting-Lu|Ting-Lu|100/100
|-ability|p2a: Ting-Lu|Vessel of Ruin
|move|p1a: Landorus|Stealth Rock|p2a: Ting-Lu
|-sidestart|p2: SKron|move: Stealth Rock
|
|upkeep
|turn|2
|
|t:|1757940323
|move|p1a: Landorus|Taunt|p2a: Ting-Lu
|-start|p2a: Ting-Lu|move: Taunt
|move|p2a: Ting-Lu|Ruination|p1a: Landorus
|-damage|p1a: Landorus|50/100
|
|upkeep
|turn|3
|
|t:|1757940329
|move|p1a: Landorus|U-turn|p2a: Ting-Lu
|-supereffective|p2a: Ting-Lu
|-damage|p2a: Ting-Lu|80/100
|
|t:|1757940336
|switch|p1a: Iron Valiant|Iron Valiant|100/100|[from] U-turn
|-enditem|p1a: Iron Valiant|Booster Energy
|-activate|p1a: Iron Valiant|ability: Quark Drive|[fromitem]
|-start|p1a: Iron Valiant|quarkdrivespe
|move|p2a: Ting-Lu|Ruination|p1a: Iron Valiant
|-damage|p1a: Iron Valiant|51/100
|
|-heal|p2a: Ting-Lu|86/100|[from] item: Leftovers
|upkeep
|turn|4
|
|t:|1757940346
|switch|p2a: Metagross|Metagross|100/100
|-damage|p2a: Metagross|94/100|[from] Stealth Rock
|move|p1a: Iron Valiant|Close Combat|p2a: Metagross
|-damage|p2a: Metagross|52/100
|-unboost|p1a: Iron Valiant|def|1
|-unboost|p1a: Iron Valiant|spd|1
|
|upkeep
|turn|5
|
|t:|1757940355
|-end|p1a: Iron Valiant|Quark Drive|[silent]
|switch|p1a: Landorus|Landorus-Therian, M|50/100
|-ability|p1a: Landorus|Intimidate|boost
|-fail|p2a: Metagross|unboost|[from] ability: Clear Body|[of] p2a: Metagross
|move|p2a: Metagross|Knock Off|p1a: Landorus
|-damage|p1a: Landorus|0 fnt
|-damage|p2a: Metagross|36/100|[from] item: Rocky Helmet|[of] p1a: Landorus
|-enditem|p1a: Landorus|Rocky Helmet|[from] move: Knock Off|[of] p2a: Metagross
|faint|p1a: Landorus
|
|upkeep
|
|t:|1757940370
|switch|p1a: Tauros|Tauros, M|100/100
|turn|6
|
|t:|1757940373
|switch|p2a: Great Tusk|Great Tusk|100/100
|-damage|p2a: Great Tusk|98/100|[from] Stealth Rock
|move|p1a: Tauros|Earthquake|p2a: Great Tusk
|-damage|p2a: Great Tusk|83/100
|-damage|p1a: Tauros|91/100|[from] item: Life Orb
|
|-heal|p2a: Great Tusk|89/100|[from] item: Leftovers
|upkeep
|turn|7
|
|t:|1757940385
|move|p1a: Tauros|Ice Beam|p2a: Great Tusk
|-supereffective|p2a: Great Tusk
|-damage|p2a: Great Tusk|15/100
|move|p2a: Great Tusk|Rapid Spin|p1a: Tauros
|-damage|p1a: Tauros|69/100
|-boost|p2a: Great Tusk|spe|1
|-sideend|p2: SKron|Stealth Rock|[from] move: Rapid Spin|[of] p2a: Great Tusk
|
|-heal|p2a: Great Tusk|21/100|[from] item: Leftovers
|upkeep
|turn|8
|inactive|SKron has 120 seconds left.
|
|t:|1757940421
|switch|p1a: Moltres|Moltres|100/100
|move|p2a: Great Tusk|Body Press|p1a: Moltres
|-resisted|p1a: Moltres
|-crit|p1a: Moltres
|-damage|p1a: Moltres|76/100
|-status|p2a: Great Tusk|brn|[from] ability: Flame Body|[of] p1a: Moltres
|
|-heal|p2a: Great Tusk|27/100 brn|[from] item: Leftovers
|-damage|p2a: Great Tusk|21/100 brn|[from] brn
|upkeep
|turn|9
|inactive|SKron has 120 seconds left.
|
|t:|1757940432
|move|p2a: Great Tusk|Stealth Rock|p1a: Moltres
|-sidestart|p1: mercadocentral|move: Stealth Rock
|move|p1a: Moltres|Flamethrower|p2a: Great Tusk
|-damage|p2a: Great Tusk|0 fnt
|faint|p2a: Great Tusk
|-end|p2a: Great Tusk|Protosynthesis|[silent]
|
|upkeep
|inactive|SKron has 120 seconds left.
|
|t:|1757940440
|switch|p2a: Fezandipiti|Fezandipiti, M|100/100
|turn|10
|
|t:|1757940446
|switch|p1a: Iron Crown|Iron Crown|100/100
|-damage|p1a: Iron Crown|94/100|[from] Stealth Rock
|move|p2a: Fezandipiti|Beat Up|p1a: Iron Crown
|-supereffective|p1a: Iron Crown
|-damage|p1a: Iron Crown|87/100
|-supereffective|p1a: Iron Crown
|-damage|p1a: Iron Crown|79/100
|-supereffective|p1a: Iron Crown
|-damage|p1a: Iron Crown|71/100
|-supereffective|p1a: Iron Crown
|-damage|p1a: Iron Crown|62/100
|-supereffective|p1a: Iron Crown
|-damage|p1a: Iron Crown|55/100
|-hitcount|p1a: Iron Crown|5
|
|upkeep
|turn|11
|
|t:|1757940467
|switch|p2a: Ting-Lu|Ting-Lu|86/100
|-ability|p2a: Ting-Lu|Vessel of Ruin
|move|p1a: Iron Crown|Psyshock|p2a: Ting-Lu
|-immune|p2a: Ting-Lu
|
|-heal|p2a: Ting-Lu|92/100|[from] item: Leftovers
|upkeep
|turn|12
|
|t:|1757940481
|-end|p1a: Iron Crown|Quark Drive|[silent]
|switch|p1a: Tauros|Tauros, M|69/100
|-damage|p1a: Tauros|57/100|[from] Stealth Rock
|move|p2a: Ting-Lu|Earthquake|p1a: Tauros
|-damage|p1a: Tauros|10/100
|
|-heal|p2a: Ting-Lu|99/100|[from] item: Leftovers
|upkeep
|turn|13
|
|t:|1757940498
|move|p1a: Tauros|Fire Blast|p2a: Ting-Lu
|-damage|p2a: Ting-Lu|85/100
|move|p2a: Ting-Lu|Earthquake|p1a: Tauros
|-damage|p1a: Tauros|0 fnt
|faint|p1a: Tauros
|
|-heal|p2a: Ting-Lu|92/100|[from] item: Leftovers
|upkeep
|inactive|mercadocentral has 120 seconds left.
|
|t:|1757940512
|switch|p1a: Iron Valiant|Iron Valiant|51/100
|-damage|p1a: Iron Valiant|44/100|[from] Stealth Rock
|turn|14
|
|t:|1757940521
|switch|p2a: Fezandipiti|Fezandipiti, M|100/100
|move|p1a: Iron Valiant|Thunderbolt|p2a: Fezandipiti
|-damage|p2a: Fezandipiti|83/100
|-status|p2a: Fezandipiti|par
|
|-heal|p2a: Fezandipiti|89/100 par|[from] item: Leftovers
|upkeep
|turn|15
|
|t:|1757940529
|move|p1a: Iron Valiant|Destiny Bond|p1a: Iron Valiant
|-singlemove|p1a: Iron Valiant|Destiny Bond
|move|p2a: Fezandipiti|Beat Up|p1a: Iron Valiant
|-resisted|p1a: Iron Valiant
|-damage|p1a: Iron Valiant|44/100
|-resisted|p1a: Iron Valiant
|-damage|p1a: Iron Valiant|43/100
|-resisted|p1a: Iron Valiant
|-damage|p1a: Iron Valiant|41/100
|-resisted|p1a: Iron Valiant
|-damage|p1a: Iron Valiant|40/100
|-status|p1a: Iron Valiant|tox|[from] ability: Toxic Chain|[of] p2a: Fezandipiti
|-resisted|p1a: Iron Valiant
|-damage|p1a: Iron Valiant|39/100 tox
|-hitcount|p1a: Iron Valiant|5
|
|-heal|p2a: Fezandipiti|95/100 par|[from] item: Leftovers
|-damage|p1a: Iron Valiant|33/100 tox|[from] psn
|upkeep
|turn|16
|c|☆mercadocentral|gg
|inactive|mercadocentral has 120 seconds left.
|-message|mercadocentral forfeited.
|
|win|SKron
|raw|mercadocentral's rating: 1345 &rarr; <strong>1328</strong><br />(-17 for losing)
|raw|SKron's rating: 1406 &rarr; <strong>1423</strong><br />(+17 for winning)
|l|☆mercadocentral
|player|p1|
