|badge|p1|bronze|gen9ou|100-6
|uhtml|medal-msg|<div class="broadcast-blue">Curious what those medals under the avatar are? PS now has Ladder Seasons! For more information, check out the <a href="https://www.smogon.com/forums/threads/3740067/">thread on Smogon.</a></div>
|j|☆Johnny tots
|j|‽oehtwashere
|t:|1757857292
|gametype|singles
|player|p1|Johnny tots|2|1818
|player|p2|oehtwashere|supernerd|1751
|gen|9
|tier|[Gen 9] OU
|rated|
|rule|HP Percentage Mod: HP is shown in percentages
|rule|Endless Battle Clause: Forcing endless battles is banned
|rule|Species Clause: Limit one of each Pokémon
|rule|OHKO Clause: OHKO moves are banned
|rule|Evasion Items Clause: Evasion items are banned
|rule|Evasion Moves Clause: Evasion moves are banned
|rule|Evasion Abilities Clause: Evasion abilities are banned
|rule|Sleep Moves Clause: Sleep-inducing moves are banned
|clearpoke
|poke|p1|Rillaboom, F|
|poke|p1|Klefki, F|
|poke|p1|Manaphy|
|poke|p1|Ogerpon-Wellspring, F|
|poke|p1|Clefable, M|
|poke|p1|Dragapult, M|
|poke|p2|Raikou|
|poke|p2|Samurott-Hisui, M|
|poke|p2|Gliscor, F|
|poke|p2|Slowking-Galar, F|
|poke|p2|Corviknight, F|
|poke|p2|Dragapult, F|
|teampreview
|inactive|Battle timer is ON: inactive players will automatically lose when time's up. (requested by oehtwashere)
|
|t:|1757857304
|teamsize|p1|6
|teamsize|p2|6
|start
|switch|p1a: Klefki|Klefki, F|100/100
|switch|p2a: Dragapult|Dragapult, F|100/100
|turn|1
|
|t:|1757857307
|switch|p2a: Gliscor|Gliscor, F|100/100
|move|p1a: Klefki|Reflect|p1a: Klefki
|-sidestart|p1: Johnny tots|Reflect
|
|-status|p2a: Gliscor|tox|[from] item: Toxic Orb
|upkeep
|turn|2
|
|t:|1757857312
|move|p1a: Klefki|Light Screen|p1a: Klefki
|-sidestart|p1: Johnny tots|move: Light Screen
|move|p2a: Gliscor|Stealth Rock|p1a: Klefki
|-sidestart|p1: Johnny tots|move: Stealth Rock
|
|upkeep
|turn|3
|
|t:|1757857314
|move|p1a: Klefki|Spikes|p2a: Gliscor
|-sidestart|p2: oehtwashere|Spikes
|move|p2a: Gliscor|Knock Off|p1a: Klefki
|-resisted|p1a: Klefki
|-damage|p1a: Klefki|96/100
|-enditem|p1a: Klefki|Light Clay|[from] move: Knock Off|[of] p2a: Gliscor
|
|upkeep
|turn|4
|j| 3idk
|
|t:|1757857317
|switch|p1a: Ogerpon|Ogerpon-Wellspring, F|100/100
|-damage|p1a: Ogerpon|88/100|[from] Stealth Rock
|move|p2a: Gliscor|Earthquake|p1a: Ogerpon
|-resisted|p1a: Ogerpon
|-damage|p1a: Ogerpon|78/100
|
|upkeep
|turn|5
|
|t:|1757857339
|switch|p2a: Corviknight|Corviknight, F|100/100
|-ability|p2a: Corviknight|Pressure
|move|p1a: Ogerpon|Swords Dance|p1a: Ogerpon
|-boost|p1a: Ogerpon|atk|2
|
|upkeep
|turn|6
|
|t:|1757857343
|-terastallize|p2a: Corviknight|Dragon
|move|p1a: Ogerpon|Ivy Cudgel|p2a: Corviknight|[anim] Ivy Cudgel Water
|-resisted|p2a: Corviknight
|-damage|p2a: Corviknight|63/100
|move|p2a: Corviknight|Iron Defense|p2a: Corviknight
|-boost|p2a: Corviknight|def|2
|
|upkeep
|turn|7
|
|t:|1757857351
|move|p1a: Ogerpon|Play Rough|p2a: Corviknight
|-supereffective|p2a: Corviknight
|-damage|p2a: Corviknight|13/100
|-damage|p1a: Ogerpon|61/100|[from] item: Rocky Helmet|[of] p2a: Corviknight
|move|p2a: Corviknight|Roost|p2a: Corviknight
|-heal|p2a: Corviknight|63/100
|
|upkeep
|turn|8
|
|t:|1757857361
|switch|p1a: Rillaboom|Rillaboom, F|100/100
|-damage|p1a: Rillaboom|88/100|[from] Stealth Rock
|-fieldstart|move: Grassy Terrain|[from] ability: Grassy Surge|[of] p1a: Rillaboom
|move|p2a: Corviknight|Roost|p2a: Corviknight
|-heal|p2a: Corviknight|100/100
|
|-heal|p1a: Rillaboom|94/100|[from] Grassy Terrain
|-sideend|p1: Johnny tots|Reflect
|upkeep
|turn|9
|
|t:|1757857365
|move|p1a: Rillaboom|Knock Off|p2a: Corviknight
|-damage|p2a: Corviknight|89/100
|-damage|p1a: Rillaboom|78/100|[from] item: Rocky Helmet|[of] p2a: Corviknight
|-enditem|p2a: Corviknight|Rocky Helmet|[from] move: Knock Off|[of] p1a: Rillaboom
|move|p2a: Corviknight|Iron Defense|p2a: Corviknight
|-boost|p2a: Corviknight|def|2
|
|-heal|p1a: Rillaboom|84/100|[from] Grassy Terrain
|-heal|p2a: Corviknight|95/100|[from] Grassy Terrain
|-sideend|p1: Johnny tots|move: Light Screen
|upkeep
|turn|10
|
|t:|1757857368
|switch|p1a: Clefable|Clefable, M|100/100
|move|p2a: Corviknight|U-turn|p1a: Clefable
|-resisted|p1a: Clefable
|-damage|p1a: Clefable|94/100
|
|t:|1757857375
|switch|p2a: Slowking|Slowking-Galar, F|100/100|[from] U-turn
|
|-heal|p1a: Clefable|99/100|[from] Grassy Terrain
|-heal|p1a: Clefable|100/100|[from] item: Leftovers
|upkeep
|turn|11
|
|t:|1757857377
|switch|p1a: Klefki|Klefki, F|96/100
|-damage|p1a: Klefki|90/100|[from] Stealth Rock
|move|p2a: Slowking|Future Sight|p1a: Klefki
|-start|p2a: Slowking|move: Future Sight
|
|-heal|p1a: Klefki|96/100|[from] Grassy Terrain
|upkeep
|turn|12
|
|t:|1757857383
|move|p1a: Klefki|Thunder Wave|p2a: Slowking
|-status|p2a: Slowking|par
|-prepare|p2a: Slowking|Chilly Reception|[premajor]
|cant|p2a: Slowking|par
|
|-heal|p1a: Klefki|100/100|[from] Grassy Terrain
|upkeep
|turn|13
|
|t:|1757857389
|move|p1a: Klefki|Light Screen|p1a: Klefki
|-sidestart|p1: Johnny tots|move: Light Screen
|-prepare|p2a: Slowking|Chilly Reception|[premajor]
|move|p2a: Slowking|Chilly Reception|p2a: Slowking
|-weather|Snowscape
|
|t:|1757857401
|switch|p2a: Raikou|Raikou|100/100|[from] Chilly Reception
|-ability|p2a: Raikou|Pressure
|
|-weather|Snowscape|[upkeep]
|-end|p1a: Klefki|move: Future Sight
|-resisted|p1a: Klefki
|-damage|p1a: Klefki|88/100
|-heal|p1a: Klefki|94/100|[from] Grassy Terrain
|upkeep
|turn|14
|
|t:|1757857406
|switch|p1a: Clefable|Clefable, M|100/100
|move|p2a: Raikou|Scald|p1a: Clefable
|-damage|p1a: Clefable|88/100
|-status|p1a: Clefable|brn
|
|-weather|Snowscape|[upkeep]
|-heal|p1a: Clefable|94/100 brn|[from] Grassy Terrain
|-heal|p1a: Clefable|99/100 brn|[from] item: Leftovers
|upkeep
|turn|15
|
|t:|1757857414
|move|p2a: Raikou|Volt Switch|p1a: Clefable
|-damage|p1a: Clefable|83/100 brn
|
|t:|1757857417
|switch|p2a: Slowking|Slowking-Galar, F|100/100 par|[from] Volt Switch
|move|p1a: Clefable|Calm Mind|p1a: Clefable
|-boost|p1a: Clefable|spa|1
|-boost|p1a: Clefable|spd|1
|
|-weather|Snowscape|[upkeep]
|-heal|p1a: Clefable|89/100 brn|[from] Grassy Terrain
|-heal|p1a: Clefable|95/100 brn|[from] item: Leftovers
|-fieldend|move: Grassy Terrain
|upkeep
|turn|16
|
|t:|1757857421
|move|p1a: Clefable|Calm Mind|p1a: Clefable
|-boost|p1a: Clefable|spa|1
|-boost|p1a: Clefable|spd|1
|cant|p2a: Slowking|par
|
|-weather|Snowscape|[upkeep]
|-heal|p1a: Clefable|100/100 brn|[from] item: Leftovers
|upkeep
|turn|17
|
|t:|1757857423
|move|p1a: Clefable|Calm Mind|p1a: Clefable
|-boost|p1a: Clefable|spa|1
|-boost|p1a: Clefable|spd|1
|move|p2a: Slowking|Sludge Bomb|p1a: Clefable
|-supereffective|p1a: Clefable
|-damage|p1a: Clefable|88/100 brn
|
|-weather|none
|-heal|p1a: Clefable|94/100 brn|[from] item: Leftovers
|-sideend|p1: Johnny tots|move: Light Screen
|upkeep
|turn|18
|
|t:|1757857427
|move|p1a: Clefable|Psyshock|p2a: Slowking
|-damage|p2a: Slowking|39/100 par
|cant|p2a: Slowking|par
|
|-heal|p1a: Clefable|100/100 brn|[from] item: Leftovers
|upkeep
|turn|19
|
|t:|1757857431
|switch|p2a: Samurott|Samurott-Hisui, M|100/100
|move|p1a: Clefable|Moonblast|p2a: Samurott
|-supereffective|p2a: Samurott
|-damage|p2a: Samurott|0 fnt
|faint|p2a: Samurott
|
|upkeep
|
|t:|1757857444
|switch|p2a: Corviknight|Corviknight, F, tera:Dragon|95/100
|-damage|p2a: Corviknight|83/100|[from] Spikes
|-ability|p2a: Corviknight|Pressure
|turn|20
|
|t:|1757857446
|move|p2a: Corviknight|U-turn|p1a: Clefable
|-resisted|p1a: Clefable
|-damage|p1a: Clefable|94/100 brn
|
|t:|1757857448
|switch|p2a: Gliscor|Gliscor, F|100/100 tox|[from] U-turn
|move|p1a: Clefable|Moonblast|p2a: Gliscor
|-damage|p2a: Gliscor|15/100 tox
|
|-heal|p1a: Clefable|99/100 brn|[from] item: Leftovers
|-heal|p2a: Gliscor|28/100 tox|[from] ability: Poison Heal
|upkeep
|turn|21
|
|t:|1757857454
|move|p2a: Gliscor|Earthquake|p1a: Clefable
|-damage|p1a: Clefable|68/100 brn
|move|p1a: Clefable|Moonblast|p2a: Gliscor
|-damage|p2a: Gliscor|0 fnt
|faint|p2a: Gliscor
|
|-heal|p1a: Clefable|74/100 brn|[from] item: Leftovers
|upkeep
|-message|oehtwashere forfeited.
|
|win|Johnny tots
|raw|Johnny tots's rating: 1818 &rarr; <strong>1834</strong><br />(+16 for winning)
|raw|oehtwashere's rating: 1751 &rarr; <strong>1735</strong><br />(-16 for losing)
|l|‽oehtwashere
|player|p2|
|l|☆Johnny tots
|player|p1|
