|j|☆e2233
|j|☆srtisr
|t:|1757841417
|gametype|singles
|player|p1|e2233|unknown|1068
|player|p2|srtisr|pokemonbreeder|1141
|gen|9
|tier|[Gen 9] OU
|rated|
|rule|HP Percentage Mod: HP is shown in percentages
|rule|Endless Battle Clause: Forcing endless battles is banned
|rule|Species Clause: Limit one of each Pokémon
|rule|OHKO Clause: OHKO moves are banned
|rule|Evasion Items Clause: Evasion items are banned
|rule|Evasion Moves Clause: Evasion moves are banned
|rule|Evasion Abilities Clause: Evasion abilities are banned
|rule|Sleep Moves Clause: Sleep-inducing moves are banned
|clearpoke
|poke|p1|Barraskewda, F|
|poke|p1|Pelipper, M|
|poke|p1|Samurott-Hisui, M|
|poke|p1|Eiscue, F|
|poke|p1|Greninja-*, M|
|poke|p1|Feraligatr, M|
|poke|p2|Blaziken, M|
|poke|p2|Iron Treads|
|poke|p2|Dragapult, F|
|poke|p2|Garganacl, F|
|poke|p2|Glimmora, F|
|poke|p2|Malamar, M|
|teampreview
|inactive|Battle timer is ON: inactive players will automatically lose when time's up. (requested by e2233)
|
|t:|1757841430
|teamsize|p1|6
|teamsize|p2|6
|start
|switch|p1a: I carry Nemo|Pelipper, M, shiny|100/100
|switch|p2a: Glimmora|Glimmora, F|100/100
|-weather|RainDance|[from] ability: Drizzle|[of] p1a: I carry Nemo
|turn|1
|
|t:|1757841439
|-terastallize|p2a: Glimmora|Water
|move|p2a: Glimmora|Power Gem|p1a: I carry Nemo
|-supereffective|p1a: I carry Nemo
|-crit|p1a: I carry Nemo
|-damage|p1a: I carry Nemo|0 fnt
|faint|p1a: I carry Nemo
|
|-weather|RainDance|[upkeep]
|upkeep
|
|t:|1757841458
|switch|p1a: I eat Nemo|Barraskewda, F, shiny|100/100
|turn|2
|
|t:|1757841461
|move|p1a: I eat Nemo|Psychic Fangs|p2a: Glimmora
|-damage|p2a: Glimmora|42/100
|-activate|p2a: Glimmora|ability: Toxic Debris
|-sidestart|p1: e2233|move: Toxic Spikes
|move|p2a: Glimmora|Energy Ball|p1a: I eat Nemo
|-supereffective|p1a: I eat Nemo
|-damage|p1a: I eat Nemo|0 fnt
|faint|p1a: I eat Nemo
|
|-weather|RainDance|[upkeep]
|upkeep
|
|t:|1757841467
|switch|p1a: AustraliansKnow|Feraligatr, M, shiny|100/100
|-status|p1a: AustraliansKnow|psn
|turn|3
|
|t:|1757841471
|move|p2a: Glimmora|Energy Ball|p1a: AustraliansKnow
|-supereffective|p1a: AustraliansKnow
|-damage|p1a: AustraliansKnow|27/100 psn
|move|p1a: AustraliansKnow|Dragon Dance|p1a: AustraliansKnow
|-boost|p1a: AustraliansKnow|atk|1
|-boost|p1a: AustraliansKnow|spe|1
|
|-weather|RainDance|[upkeep]
|-damage|p1a: AustraliansKnow|15/100 psn|[from] psn
|upkeep
|turn|4
|
|t:|1757841476
|move|p1a: AustraliansKnow|Waterfall|p2a: Glimmora
|-resisted|p2a: Glimmora
|-damage|p2a: Glimmora|0 fnt
|-activate|p2a: Glimmora|ability: Toxic Debris
|-sidestart|p1: e2233|move: Toxic Spikes
|faint|p2a: Glimmora
|
|-weather|RainDance|[upkeep]
|-damage|p1a: AustraliansKnow|3/100 psn|[from] psn
|upkeep
|
|t:|1757841489
|switch|p2a: Blaziken|Blaziken, M|100/100
|turn|5
|
|t:|1757841494
|move|p1a: AustraliansKnow|Earthquake|p2a: Blaziken
|-supereffective|p2a: Blaziken
|-enditem|p2a: Blaziken|Focus Sash
|-damage|p2a: Blaziken|1/100
|-damage|p1a: AustraliansKnow|0 fnt|[from] item: Life Orb
|faint|p1a: AustraliansKnow
|move|p2a: Blaziken|Swords Dance|p2a: Blaziken
|-boost|p2a: Blaziken|atk|2
|
|-weather|RainDance|[upkeep]
|-ability|p2a: Blaziken|Speed Boost|boost
|-boost|p2a: Blaziken|spe|1
|upkeep
|
|t:|1757841514
|switch|p1a: (≧▽≦)|Greninja, M|100/100
|-status|p1a: (≧▽≦)|tox
|turn|6
|
|t:|1757841521
|move|p2a: Blaziken|Close Combat|p1a: (≧▽≦)
|-supereffective|p1a: (≧▽≦)
|-damage|p1a: (≧▽≦)|0 fnt
|-unboost|p2a: Blaziken|def|1
|-unboost|p2a: Blaziken|spd|1
|faint|p1a: (≧▽≦)
|
|-weather|RainDance|[upkeep]
|-ability|p2a: Blaziken|Speed Boost|boost
|-boost|p2a: Blaziken|spe|1
|upkeep
|
|t:|1757841527
|switch|p1a: Eiscue|Eiscue, F, shiny|100/100
|-status|p1a: Eiscue|tox
|turn|7
|
|t:|1757841532
|move|p2a: Blaziken|Close Combat|p1a: Eiscue
|-activate|p1a: Eiscue|ability: Ice Face
|-damage|p1a: Eiscue|100/100 tox
|-unboost|p2a: Blaziken|def|1
|-unboost|p2a: Blaziken|spd|1
|detailschange|p1a: Eiscue|Eiscue-Noice, F, shiny
|move|p1a: Eiscue|Belly Drum|p1a: Eiscue
|-damage|p1a: Eiscue|50/100 tox
|-setboost|p1a: Eiscue|atk|6|[from] move: Belly Drum
|
|-weather|RainDance|[upkeep]
|-damage|p1a: Eiscue|44/100 tox|[from] psn
|-ability|p2a: Blaziken|Speed Boost|boost
|-boost|p2a: Blaziken|spe|1
|upkeep
|turn|8
|
|t:|1757841554
|move|p2a: Blaziken|Close Combat|p1a: Eiscue
|-supereffective|p1a: Eiscue
|-damage|p1a: Eiscue|0 fnt
|-unboost|p2a: Blaziken|def|1
|-unboost|p2a: Blaziken|spd|1
|faint|p1a: Eiscue
|
|-weather|none
|-ability|p2a: Blaziken|Speed Boost|boost
|-boost|p2a: Blaziken|spe|1
|upkeep
|inactive|e2233 has 120 seconds left.
|
|t:|1757841586
|switch|p1a: Jow|Samurott-Hisui, M, shiny|100/100
|-status|p1a: Jow|tox
|turn|9
|
|t:|1757841594
|-terastallize|p1a: Jow|Fairy
|move|p2a: Blaziken|Close Combat|p1a: Jow
|-resisted|p1a: Jow
|-damage|p1a: Jow|20/100 tox
|-unboost|p2a: Blaziken|def|1
|-unboost|p2a: Blaziken|spd|1
|move|p1a: Jow|Aqua Cutter|p2a: Blaziken
|-supereffective|p2a: Blaziken
|-damage|p2a: Blaziken|0 fnt
|faint|p2a: Blaziken
|
|-damage|p1a: Jow|14/100 tox|[from] psn
|upkeep
|
|t:|1757841604
|switch|p2a: Malamar|Malamar, M|100/100
|turn|10
|
|t:|1757841610
|move|p1a: Jow|Sacred Sword|p2a: Malamar
|-damage|p2a: Malamar|58/100
|move|p2a: Malamar|Psycho Cut|p1a: Jow
|-damage|p1a: Jow|0 fnt
|faint|p1a: Jow
|
|win|srtisr
|raw|e2233's rating: 1068 &rarr; <strong>1052</strong><br />(-16 for losing)
|raw|srtisr's rating: 1141 &rarr; <strong>1161</strong><br />(+20 for winning)
|l|☆srtisr
|player|p2|
|l|☆e2233
|player|p1|
