|j|☆Mixster23
|j|☆Lolproplayer
|t:|1757843054
|gametype|singles
|player|p1|Mixster23|101|1446
|player|p2|Lolproplayer|170|1613
|gen|9
|tier|[Gen 9] OU
|rated|
|rule|HP Percentage Mod: HP is shown in percentages
|rule|Endless Battle Clause: Forcing endless battles is banned
|rule|Species Clause: Limit one of each Pokémon
|rule|OHKO Clause: OHKO moves are banned
|rule|Evasion Items Clause: Evasion items are banned
|rule|Evasion Moves Clause: Evasion moves are banned
|rule|Evasion Abilities Clause: Evasion abilities are banned
|rule|Sleep Moves Clause: Sleep-inducing moves are banned
|clearpoke
|poke|p1|Hippowdon, F|
|poke|p1|Garganacl, F|
|poke|p1|Ogerpon-Wellspring, F|
|poke|p1|Dragapult, M|
|poke|p1|Corviknight, M|
|poke|p1|Gastrodon-East, M|
|poke|p2|Ursaluna, F|
|poke|p2|Cresselia, F|
|poke|p2|Iron Hands|
|poke|p2|Volcanion|
|poke|p2|Hatterene, F|
|poke|p2|Porygon2|
|teampreview
|inactive|Battle timer is ON: inactive players will automatically lose when time's up. (requested by Lolproplayer)
|inactive|Mixster23 has 120 seconds left.
|inactive|Lolproplayer has 120 seconds left.
|
|t:|1757843096
|teamsize|p1|6
|teamsize|p2|6
|start
|switch|p1a: Garganacl|Garganacl, F, shiny|100/100
|switch|p2a: Neckless|Porygon2|100/100
|-ability|p2a: Neckless|Download|boost
|-boost|p2a: Neckless|atk|1
|turn|1
|
|t:|1757843113
|switch|p2a: big mike|Iron Hands|100/100
|-enditem|p2a: big mike|Booster Energy
|-activate|p2a: big mike|ability: Quark Drive|[fromitem]
|-start|p2a: big mike|quarkdriveatk
|move|p1a: Garganacl|Salt Cure|p2a: big mike
|-resisted|p2a: big mike
|-damage|p2a: big mike|96/100
|-start|p2a: big mike|Salt Cure
|
|-damage|p2a: big mike|84/100|[from] Salt Cure
|upkeep
|turn|2
|
|t:|1757843123
|switch|p1a: Hippowdon|Hippowdon, F|100/100
|-weather|Sandstorm|[from] ability: Sand Stream|[of] p1a: Hippowdon
|move|p2a: big mike|Swords Dance|p2a: big mike
|-boost|p2a: big mike|atk|2
|
|-weather|Sandstorm|[upkeep]
|-damage|p2a: big mike|77/100|[from] Sandstorm
|-damage|p2a: big mike|65/100|[from] Salt Cure
|upkeep
|turn|3
|
|t:|1757843135
|move|p2a: big mike|Ice Punch|p1a: Hippowdon
|-supereffective|p1a: Hippowdon
|-damage|p1a: Hippowdon|25/100
|move|p1a: Hippowdon|Whirlwind|p2a: big mike
|-end|p2a: big mike|Quark Drive|[silent]
|drag|p2a: AssFrasser|Ursaluna, F|100/100
|
|-weather|Sandstorm|[upkeep]
|-status|p2a: AssFrasser|brn|[from] item: Flame Orb
|upkeep
|turn|4
|
|t:|1757843150
|switch|p1a: Corviknight|Corviknight, M, shiny|100/100
|-ability|p1a: Corviknight|Pressure
|move|p2a: AssFrasser|Fire Punch|p1a: Corviknight
|-supereffective|p1a: Corviknight
|-damage|p1a: Corviknight|37/100
|-damage|p2a: AssFrasser|84/100 brn|[from] item: Rocky Helmet|[of] p1a: Corviknight
|
|-weather|Sandstorm|[upkeep]
|-damage|p2a: AssFrasser|78/100 brn|[from] brn
|upkeep
|turn|5
|
|t:|1757843165
|move|p1a: Corviknight|Brave Bird|p2a: AssFrasser
|-damage|p2a: AssFrasser|52/100 brn
|-damage|p1a: Corviknight|27/100|[from] Recoil
|move|p2a: AssFrasser|Fire Punch|p1a: Corviknight
|-supereffective|p1a: Corviknight
|-damage|p1a: Corviknight|0 fnt
|-damage|p2a: AssFrasser|35/100 brn|[from] item: Rocky Helmet|[of] p1a: Corviknight
|faint|p1a: Corviknight
|
|-weather|Sandstorm|[upkeep]
|-damage|p2a: AssFrasser|29/100 brn|[from] brn
|upkeep
|
|t:|1757843174
|switch|p1a: Ogerpon|Ogerpon-Wellspring, F|100/100
|turn|6
|
|t:|1757843190
|switch|p2a: Molester|Volcanion|100/100
|move|p1a: Ogerpon|Knock Off|p2a: Molester
|-damage|p2a: Molester|70/100
|-enditem|p2a: Molester|Choice Specs|[from] move: Knock Off|[of] p1a: Ogerpon
|
|-weather|none
|upkeep
|turn|7
|
|t:|1757843199
|move|p1a: Ogerpon|Power Whip|p2a: Molester
|-damage|p2a: Molester|9/100
|move|p2a: Molester|Sludge Bomb|p1a: Ogerpon
|-supereffective|p1a: Ogerpon
|-damage|p1a: Ogerpon|22/100
|-status|p1a: Ogerpon|psn
|
|-damage|p1a: Ogerpon|10/100 psn|[from] psn
|upkeep
|turn|8
|
|t:|1757843222
|switch|p2a: Moonboy|Cresselia, F, shiny|100/100
|move|p1a: Ogerpon|Knock Off|p2a: Moonboy
|-supereffective|p2a: Moonboy
|-damage|p2a: Moonboy|54/100
|-enditem|p2a: Moonboy|Mental Herb|[from] move: Knock Off|[of] p1a: Ogerpon
|
|-damage|p1a: Ogerpon|0 fnt|[from] psn
|faint|p1a: Ogerpon
|upkeep
|
|t:|1757843229
|switch|p1a: Dragapult|Dragapult, M, shiny|100/100
|turn|9
|
|t:|1757843232
|move|p1a: Dragapult|Will-O-Wisp|p2a: Moonboy
|-status|p2a: Moonboy|brn
|move|p2a: Moonboy|Trick Room|p2a: Moonboy
|-fieldstart|move: Trick Room|[of] p2a: Moonboy
|
|-damage|p2a: Moonboy|48/100 brn|[from] brn
|upkeep
|turn|10
|
|t:|1757843238
|move|p2a: Moonboy|Lunar Dance|p2a: Moonboy
|faint|p2a: Moonboy
|move|p1a: Dragapult|Hex|p2: Moonboy|[notarget]
|-fail|p1a: Dragapult
|
|upkeep
|
|t:|1757843256
|switch|p2a: AssFrasser|Ursaluna, F|29/100 brn
|-heal|p2a: AssFrasser|100/100|[from] move: Lunar Dance
|turn|11
|
|t:|1757843270
|switch|p1a: Hippowdon|Hippowdon, F|25/100
|-weather|Sandstorm|[from] ability: Sand Stream|[of] p1a: Hippowdon
|move|p2a: AssFrasser|Headlong Rush|p1a: Hippowdon
|-damage|p1a: Hippowdon|0 fnt
|-unboost|p2a: AssFrasser|def|1
|-unboost|p2a: AssFrasser|spd|1
|faint|p1a: Hippowdon
|
|-weather|Sandstorm|[upkeep]
|-status|p2a: AssFrasser|brn|[from] item: Flame Orb
|upkeep
|
|t:|1757843274
|switch|p1a: Gastrodon|Gastrodon-East, M, shiny|100/100
|turn|12
|
|t:|1757843284
|move|p2a: AssFrasser|Facade|p1a: Gastrodon
|-damage|p1a: Gastrodon|0 fnt
|faint|p1a: Gastrodon
|
|-weather|Sandstorm|[upkeep]
|-damage|p2a: AssFrasser|94/100 brn|[from] brn
|upkeep
|
|t:|1757843296
|switch|p1a: Dragapult|Dragapult, M, shiny|100/100
|turn|13
|
|t:|1757843302
|move|p2a: AssFrasser|Headlong Rush|p1a: Dragapult
|-damage|p1a: Dragapult|0 fnt
|-unboost|p2a: AssFrasser|def|1
|-unboost|p2a: AssFrasser|spd|1
|faint|p1a: Dragapult
|
|-weather|Sandstorm|[upkeep]
|-damage|p2a: AssFrasser|88/100 brn|[from] brn
|-fieldend|move: Trick Room
|upkeep
|
|t:|1757843304
|switch|p1a: Garganacl|Garganacl, F, shiny|100/100
|turn|14
|
|t:|1757843327
|move|p2a: AssFrasser|Facade|p1a: Garganacl
|-resisted|p1a: Garganacl
|-damage|p1a: Garganacl|55/100
|move|p1a: Garganacl|Avalanche|p2a: AssFrasser
|-supereffective|p2a: AssFrasser
|-damage|p2a: AssFrasser|8/100 brn
|
|-weather|Sandstorm|[upkeep]
|-heal|p1a: Garganacl|61/100|[from] item: Leftovers
|-damage|p2a: AssFrasser|2/100 brn|[from] brn
|upkeep
|turn|15
|
|t:|1757843343
|-terastallize|p2a: AssFrasser|Normal
|move|p1a: Garganacl|Recover|p1a: Garganacl
|-heal|p1a: Garganacl|100/100
|move|p2a: AssFrasser|Facade|p1a: Garganacl
|-resisted|p1a: Garganacl
|-damage|p1a: Garganacl|45/100
|
|-weather|none
|-heal|p1a: Garganacl|51/100|[from] item: Leftovers
|-damage|p2a: AssFrasser|0 fnt|[from] brn
|faint|p2a: AssFrasser
|upkeep
|inactive|Lolproplayer has 120 seconds left.
|
|t:|1757843366
|switch|p2a: Molester|Volcanion|9/100
|turn|16
|
|t:|1757843371
|-terastallize|p1a: Garganacl|Electric
|move|p2a: Molester|Steam Eruption|p1a: Garganacl
|-damage|p1a: Garganacl|10/100
|move|p1a: Garganacl|Recover|p1a: Garganacl
|-heal|p1a: Garganacl|60/100
|
|-heal|p1a: Garganacl|66/100|[from] item: Leftovers
|upkeep
|turn|17
|
|t:|1757843381
|move|p2a: Molester|Earth Power|p1a: Garganacl
|-supereffective|p1a: Garganacl
|-damage|p1a: Garganacl|17/100
|move|p1a: Garganacl|Recover|p1a: Garganacl
|-heal|p1a: Garganacl|67/100
|
|-heal|p1a: Garganacl|73/100|[from] item: Leftovers
|upkeep
|turn|18
|
|t:|1757843389
|move|p2a: Molester|Earth Power|p1a: Garganacl
|-supereffective|p1a: Garganacl
|-damage|p1a: Garganacl|28/100
|move|p1a: Garganacl|Salt Cure|p2a: Molester
|-supereffective|p2a: Molester
|-damage|p2a: Molester|0 fnt
|faint|p2a: Molester
|
|-heal|p1a: Garganacl|34/100|[from] item: Leftovers
|upkeep
|
|t:|1757843397
|switch|p2a: big mike|Iron Hands|65/100
|turn|19
|
|t:|1757843414
|move|p1a: Garganacl|Recover|p1a: Garganacl
|-heal|p1a: Garganacl|85/100
|move|p2a: big mike|Swords Dance|p2a: big mike
|-boost|p2a: big mike|atk|2
|
|-heal|p1a: Garganacl|91/100|[from] item: Leftovers
|upkeep
|turn|20
|
|t:|1757843425
|move|p1a: Garganacl|Salt Cure|p2a: big mike
|-resisted|p2a: big mike
|-damage|p2a: big mike|61/100
|-start|p2a: big mike|Salt Cure
|move|p2a: big mike|Drain Punch|p1a: Garganacl
|-damage|p1a: Garganacl|25/100
|-heal|p2a: big mike|87/100|[from] drain|[of] p1a: Garganacl
|
|-heal|p1a: Garganacl|31/100|[from] item: Leftovers
|-damage|p2a: big mike|74/100|[from] Salt Cure
|upkeep
|turn|21
|
|t:|1757843435
|move|p1a: Garganacl|Curse|p1a: Garganacl
|-unboost|p1a: Garganacl|spe|1
|-boost|p1a: Garganacl|atk|1
|-boost|p1a: Garganacl|def|1
|move|p2a: big mike|Drain Punch|p1a: Garganacl
|-damage|p1a: Garganacl|0 fnt
|-heal|p2a: big mike|86/100|[from] drain|[of] p1a: Garganacl
|faint|p1a: Garganacl
|
|win|Lolproplayer
|raw|Mixster23's rating: 1446 &rarr; <strong>1435</strong><br />(-11 for losing)
|raw|Lolproplayer's rating: 1613 &rarr; <strong>1624</strong><br />(+11 for winning)
|l|☆Mixster23
|player|p1|
