|j|☆cdglo
|j|☆bishop1
|t:|1757826663
|gametype|singles
|player|p1|cdglo|sailor|1238
|player|p2|bishop1|265|1291
|gen|9
|tier|[Gen 9] OU
|rated|
|rule|HP Percentage Mod: HP is shown in percentages
|rule|Endless Battle Clause: Forcing endless battles is banned
|rule|Species Clause: Limit one of each Pokémon
|rule|OHKO Clause: OHKO moves are banned
|rule|Evasion Items Clause: Evasion items are banned
|rule|Evasion Moves Clause: Evasion moves are banned
|rule|Evasion Abilities Clause: Evasion abilities are banned
|rule|Sleep Moves Clause: Sleep-inducing moves are banned
|clearpoke
|poke|p1|Ting-Lu|
|poke|p1|Entei|
|poke|p1|Gholdengo|
|poke|p1|Dragonite, M|
|poke|p1|Quaquaval, M|
|poke|p1|Scream Tail|
|poke|p2|Zamazenta-*|
|poke|p2|Ninetales-Alola, M|
|poke|p2|Darkrai|
|poke|p2|Ceruledge, F|
|poke|p2|Gliscor, M|
|poke|p2|Hatterene, F|
|teampreview
|
|t:|1757826676
|teamsize|p1|6
|teamsize|p2|6
|start
|switch|p1a: Clanker|Gholdengo|100/100
|switch|p2a: Ninetales|Ninetales-Alola, M|100/100
|-weather|Snowscape|[from] ability: Snow Warning|[of] p2a: Ninetales
|turn|1
|
|t:|1757826693
|switch|p2a: Ceruledge|Ceruledge, F|100/100
|move|p1a: Clanker|Make It Rain|p2a: Ceruledge
|-resisted|p2a: Ceruledge
|-damage|p2a: Ceruledge|74/100
|-unboost|p1a: Clanker|spa|1
|
|-weather|Snowscape|[upkeep]
|upkeep
|turn|2
|
|t:|1757826718
|switch|p1a: Laguna Lagooner|Quaquaval, M|100/100
|switch|p2a: Ninetales|Ninetales-Alola, M|100/100
|
|-weather|Snowscape|[upkeep]
|upkeep
|turn|3
|
|t:|1757826732
|move|p2a: Ninetales|Aurora Veil|p2a: Ninetales
|-sidestart|p2: bishop1|move: Aurora Veil
|move|p1a: Laguna Lagooner|Aqua Step|p2a: Ninetales
|-damage|p2a: Ninetales|84/100
|-boost|p1a: Laguna Lagooner|spe|1
|
|-weather|Snowscape|[upkeep]
|upkeep
|turn|4
|
|t:|1757826740
|move|p1a: Laguna Lagooner|Knock Off|p2a: Ninetales
|-resisted|p2a: Ninetales
|-damage|p2a: Ninetales|78/100
|-enditem|p2a: Ninetales|Light Clay|[from] move: Knock Off|[of] p1a: Laguna Lagooner
|move|p2a: Ninetales|Freeze-Dry|p1a: Laguna Lagooner
|-supereffective|p1a: Laguna Lagooner
|-damage|p1a: Laguna Lagooner|48/100
|
|-weather|Snowscape|[upkeep]
|upkeep
|turn|5
|
|t:|1757826752
|switch|p1a: Metallica|Entei|100/100
|move|p2a: Ninetales|Freeze-Dry|p1a: Metallica
|-resisted|p1a: Metallica
|-damage|p1a: Metallica|89/100
|
|-weather|none
|upkeep
|turn|6
|
|t:|1757826759
|switch|p2a: Gliscor|Gliscor, M|100/100
|move|p1a: Metallica|Sacred Fire|p2a: Gliscor
|-damage|p2a: Gliscor|75/100
|-damage|p1a: Metallica|79/100|[from] item: Life Orb
|
|-status|p2a: Gliscor|tox|[from] item: Toxic Orb
|upkeep
|turn|7
|
|t:|1757826771
|switch|p1a: Hulk|Dragonite, M, shiny|100/100
|move|p2a: Gliscor|Agility|p2a: Gliscor
|-boost|p2a: Gliscor|spe|2
|
|-heal|p2a: Gliscor|88/100 tox|[from] ability: Poison Heal
|upkeep
|turn|8
|
|t:|1757826780
|-terastallize|p2a: Gliscor|Normal
|move|p2a: Gliscor|Swords Dance|p2a: Gliscor
|-boost|p2a: Gliscor|atk|2
|move|p1a: Hulk|Ice Spinner|p2a: Gliscor
|-damage|p2a: Gliscor|76/100 tox
|
|-heal|p2a: Gliscor|89/100 tox|[from] ability: Poison Heal
|upkeep
|turn|9
|
|t:|1757826789
|switch|p1a: Clanker|Gholdengo|100/100
|move|p2a: Gliscor|Swords Dance|p2a: Gliscor
|-boost|p2a: Gliscor|atk|2
|
|-heal|p2a: Gliscor|100/100 tox|[from] ability: Poison Heal
|upkeep
|turn|10
|
|t:|1757826801
|-terastallize|p1a: Clanker|Fighting
|move|p2a: Gliscor|Swords Dance|p2a: Gliscor
|-boost|p2a: Gliscor|atk|2
|move|p1a: Clanker|Focus Blast|p2a: Gliscor
|-supereffective|p2a: Gliscor
|-damage|p2a: Gliscor|35/100 tox
|
|-heal|p2a: Gliscor|47/100 tox|[from] ability: Poison Heal
|-sideend|p2: bishop1|move: Aurora Veil
|upkeep
|turn|11
|
|t:|1757826810
|move|p2a: Gliscor|Facade|p1a: Clanker
|-damage|p1a: Clanker|0 fnt
|faint|p1a: Clanker
|
|-heal|p2a: Gliscor|60/100 tox|[from] ability: Poison Heal
|upkeep
|
|t:|1757826821
|switch|p1a: Hulk|Dragonite, M, shiny|100/100
|turn|12
|
|t:|1757826824
|move|p2a: Gliscor|Facade|p1a: Hulk
|-damage|p1a: Hulk|0 fnt
|faint|p1a: Hulk
|
|-heal|p2a: Gliscor|72/100 tox|[from] ability: Poison Heal
|upkeep
|
|t:|1757826831
|switch|p1a: Moose of Motion|Ting-Lu|100/100
|-ability|p1a: Moose of Motion|Vessel of Ruin
|turn|13
|
|t:|1757826836
|move|p2a: Gliscor|Facade|p1a: Moose of Motion
|-damage|p1a: Moose of Motion|11/100
|move|p1a: Moose of Motion|Ruination|p2a: Gliscor
|-damage|p2a: Gliscor|36/100 tox
|
|-heal|p1a: Moose of Motion|17/100|[from] item: Leftovers
|-heal|p2a: Gliscor|49/100 tox|[from] ability: Poison Heal
|upkeep
|turn|14
|
|t:|1757826846
|move|p2a: Gliscor|Facade|p1a: Moose of Motion
|-damage|p1a: Moose of Motion|0 fnt
|faint|p1a: Moose of Motion
|
|-heal|p2a: Gliscor|61/100 tox|[from] ability: Poison Heal
|upkeep
|
|t:|1757826852
|switch|p1a: Metallica|Entei|79/100
|turn|15
|
|t:|1757826855
|move|p1a: Metallica|Extreme Speed|p2a: Gliscor
|-damage|p2a: Gliscor|35/100 tox
|-damage|p1a: Metallica|69/100|[from] item: Life Orb
|move|p2a: Gliscor|Facade|p1a: Metallica
|-damage|p1a: Metallica|0 fnt
|faint|p1a: Metallica
|
|-heal|p2a: Gliscor|47/100 tox|[from] ability: Poison Heal
|upkeep
|
|t:|1757826864
|switch|p1a: Laguna Lagooner|Quaquaval, M|48/100
|turn|16
|
|t:|1757826867
|move|p2a: Gliscor|Facade|p1a: Laguna Lagooner
|-damage|p1a: Laguna Lagooner|0 fnt
|faint|p1a: Laguna Lagooner
|
|-heal|p2a: Gliscor|60/100 tox|[from] ability: Poison Heal
|upkeep
|c|☆bishop1|gg
|inactive|Battle timer is ON: inactive players will automatically lose when time's up. (requested by bishop1)
|inactive|cdglo has 120 seconds left.
|inactive|cdglo has 90 seconds left.
|inactive|cdglo has 60 seconds left.
|inactive|cdglo has 30 seconds left.
|inactive|cdglo has 20 seconds left.
|inactive|cdglo has 15 seconds left.
|inactive|cdglo has 10 seconds left.
|inactive|cdglo has 5 seconds left.
|
|t:|1757827067
|switch|p1a: Halloween|Scream Tail, shiny|100/100
|-enditem|p1a: Halloween|Booster Energy
|-activate|p1a: Halloween|ability: Protosynthesis|[fromitem]
|-start|p1a: Halloween|protosynthesisspe
|turn|17
|inactive|cdglo has 60 seconds left.
|inactive|cdglo has 30 seconds left.
|inactive|cdglo has 20 seconds left.
|inactive|cdglo has 15 seconds left.
|inactive|cdglo has 10 seconds left.
|inactive|cdglo has 5 seconds left.
|
|t:|1757827141
|move|p2a: Gliscor|Facade|p1a: Halloween
|-damage|p1a: Halloween|0 fnt
|faint|p1a: Halloween
|-end|p1a: Halloween|Protosynthesis|[silent]
|
|win|bishop1
|raw|cdglo's rating: 1238 &rarr; <strong>1219</strong><br />(-19 for losing)
|raw|bishop1's rating: 1316 &rarr; <strong>1332</strong><br />(+16 for winning)
|l|☆bishop1
|player|p2|
|l|☆cdglo
|player|p1|
