|j|☆leontief47
|j|☆3idk
|t:|1757791901
|gametype|singles
|player|p1|leontief47|clerk|1696
|player|p2|3idk|lusamine-masters|1745
|gen|9
|tier|[Gen 9] OU
|rated|
|rule|HP Percentage Mod: HP is shown in percentages
|rule|Endless Battle Clause: Forcing endless battles is banned
|rule|Species Clause: Limit one of each Pokémon
|rule|OHKO Clause: OHKO moves are banned
|rule|Evasion Items Clause: Evasion items are banned
|rule|Evasion Moves Clause: Evasion moves are banned
|rule|Evasion Abilities Clause: Evasion abilities are banned
|rule|Sleep Moves Clause: Sleep-inducing moves are banned
|clearpoke
|poke|p1|Rillaboom, F|
|poke|p1|Ogerpon-Cornerstone, F|
|poke|p1|Raging Bolt|
|poke|p1|Zamazenta-*|
|poke|p1|Hawlucha, F|
|poke|p1|Iron Treads|
|poke|p2|Tyranitar, F|
|poke|p2|Excadrill, M|
|poke|p2|Keldeo-Resolute|
|poke|p2|Tornadus-Therian, M|
|poke|p2|Heatran, F|
|poke|p2|Hydrapple, F|
|teampreview
|inactive|Battle timer is ON: inactive players will automatically lose when time's up. (requested by 3idk)
|
|t:|1757791910
|teamsize|p1|6
|teamsize|p2|6
|start
|switch|p1a: Rillaboom|Rillaboom, F|100/100
|switch|p2a: Tornadus|Tornadus-Therian, M|100/100
|-fieldstart|move: Grassy Terrain|[from] ability: Grassy Surge|[of] p1a: Rillaboom
|turn|1
|
|t:|1757791915
|switch|p1a: Iron Treads|Iron Treads|100/100
|-enditem|p1a: Iron Treads|Booster Energy
|-activate|p1a: Iron Treads|ability: Quark Drive|[fromitem]
|-start|p1a: Iron Treads|quarkdrivespe
|move|p2a: Tornadus|U-turn|p1a: Iron Treads
|-resisted|p1a: Iron Treads
|-damage|p1a: Iron Treads|94/100
|
|t:|1757791923
|switch|p2a: Keldeo|Keldeo-Resolute|100/100|[from] U-turn
|
|-heal|p1a: Iron Treads|100/100|[from] Grassy Terrain
|upkeep
|turn|2
|
|t:|1757791926
|move|p1a: Iron Treads|Stealth Rock|p2a: Keldeo
|-sidestart|p2: 3idk|move: Stealth Rock
|move|p2a: Keldeo|Secret Sword|p1a: Iron Treads
|-supereffective|p1a: Iron Treads
|-damage|p1a: Iron Treads|0 fnt
|faint|p1a: Iron Treads
|-end|p1a: Iron Treads|Quark Drive|[silent]
|
|upkeep
|
|t:|1757791931
|switch|p1a: Rillaboom|Rillaboom, F|100/100
|turn|3
|
|t:|1757791935
|switch|p2a: Tornadus|Tornadus-Therian, M|100/100
|move|p1a: Rillaboom|Wood Hammer|p2a: Tornadus
|-resisted|p2a: Tornadus
|-damage|p2a: Tornadus|57/100
|-damage|p1a: Rillaboom|87/100|[from] Recoil
|
|-heal|p1a: Rillaboom|94/100|[from] Grassy Terrain
|upkeep
|turn|4
|
|t:|1757791941
|switch|p1a: Zamazenta|Zamazenta|100/100
|-ability|p1a: Zamazenta|Dauntless Shield|boost
|-boost|p1a: Zamazenta|def|1
|move|p2a: Tornadus|U-turn|p1a: Zamazenta
|-resisted|p1a: Zamazenta
|-damage|p1a: Zamazenta|96/100
|
|t:|1757791946
|switch|p2a: Hydrapple|Hydrapple, F|100/100|[from] U-turn
|-damage|p2a: Hydrapple|88/100|[from] Stealth Rock
|
|-heal|p1a: Zamazenta|100/100|[from] Grassy Terrain
|-heal|p2a: Hydrapple|94/100|[from] Grassy Terrain
|upkeep
|turn|5
|
|t:|1757791949
|move|p1a: Zamazenta|Ice Fang|p2a: Hydrapple
|-supereffective|p2a: Hydrapple
|-damage|p2a: Hydrapple|36/100
|-damage|p1a: Zamazenta|84/100|[from] item: Rocky Helmet|[of] p2a: Hydrapple
|-damage|p1a: Zamazenta|74/100|[from] item: Life Orb
|move|p2a: Hydrapple|Fickle Beam|p1a: Zamazenta
|-damage|p1a: Zamazenta|43/100
|
|-heal|p1a: Zamazenta|49/100|[from] Grassy Terrain
|-heal|p2a: Hydrapple|43/100|[from] Grassy Terrain
|upkeep
|turn|6
|
|t:|1757791959
|-terastallize|p2a: Hydrapple|Fairy
|move|p1a: Zamazenta|Ice Fang|p2a: Hydrapple
|-damage|p2a: Hydrapple|27/100
|-damage|p1a: Zamazenta|32/100|[from] item: Rocky Helmet|[of] p2a: Hydrapple
|-damage|p1a: Zamazenta|22/100|[from] item: Life Orb
|move|p2a: Hydrapple|Fickle Beam|p1a: Zamazenta
|-damage|p1a: Zamazenta|0 fnt
|faint|p1a: Zamazenta
|
|-heal|p2a: Hydrapple|33/100|[from] Grassy Terrain
|upkeep
|
|t:|1757791965
|switch|p1a: Ogerpon|Ogerpon-Cornerstone, F|100/100
|turn|7
|
|t:|1757791969
|switch|p2a: Tornadus|Tornadus-Therian, M|91/100
|move|p1a: Ogerpon|Power Whip|p2a: Tornadus
|-resisted|p2a: Tornadus
|-damage|p2a: Tornadus|42/100
|
|upkeep
|turn|8
|
|t:|1757791976
|move|p2a: Tornadus|U-turn|p1a: Ogerpon
|-supereffective|p1a: Ogerpon
|-damage|p1a: Ogerpon|65/100
|
|t:|1757791983
|switch|p2a: Keldeo|Keldeo-Resolute|100/100|[from] U-turn
|-damage|p2a: Keldeo|94/100|[from] Stealth Rock
|move|p1a: Ogerpon|Ivy Cudgel|p2a: Keldeo|[anim] Ivy Cudgel Rock
|-resisted|p2a: Keldeo
|-damage|p2a: Keldeo|58/100
|
|-heal|p1a: Ogerpon|71/100|[from] Grassy Terrain
|-heal|p2a: Keldeo|64/100|[from] Grassy Terrain
|-fieldend|move: Grassy Terrain
|upkeep
|turn|9
|
|t:|1757791987
|switch|p1a: Rillaboom|Rillaboom, F|94/100
|-fieldstart|move: Grassy Terrain|[from] ability: Grassy Surge|[of] p1a: Rillaboom
|move|p2a: Keldeo|Vacuum Wave|p1a: Rillaboom
|-damage|p1a: Rillaboom|57/100
|
|-heal|p2a: Keldeo|70/100|[from] Grassy Terrain
|-heal|p1a: Rillaboom|63/100|[from] Grassy Terrain
|upkeep
|turn|10
|
|t:|1757791991
|switch|p2a: Tornadus|Tornadus-Therian, M|76/100
|move|p1a: Rillaboom|Wood Hammer|p2a: Tornadus
|-resisted|p2a: Tornadus
|-damage|p2a: Tornadus|33/100
|-damage|p1a: Rillaboom|50/100|[from] Recoil
|
|-heal|p1a: Rillaboom|56/100|[from] Grassy Terrain
|upkeep
|turn|11
|
|t:|1757791999
|move|p2a: Tornadus|U-turn|p1a: Rillaboom
|-supereffective|p1a: Rillaboom
|-damage|p1a: Rillaboom|30/100
|
|t:|1757792007
|switch|p2a: Heatran|Heatran, F|100/100|[from] U-turn
|-damage|p2a: Heatran|88/100|[from] Stealth Rock
|move|p1a: Rillaboom|Knock Off|p2a: Heatran
|-damage|p2a: Heatran|60/100
|-enditem|p2a: Heatran|Leftovers|[from] move: Knock Off|[of] p1a: Rillaboom
|
|-heal|p1a: Rillaboom|36/100|[from] Grassy Terrain
|-heal|p2a: Heatran|66/100|[from] Grassy Terrain
|upkeep
|turn|12
|
|t:|1757792013
|switch|p1a: Ogerpon|Ogerpon-Cornerstone, F|71/100
|switch|p2a: Tornadus|Tornadus-Therian, M|66/100
|
|-heal|p1a: Ogerpon|77/100|[from] Grassy Terrain
|upkeep
|turn|13
|
|t:|1757792019
|move|p2a: Tornadus|U-turn|p1a: Ogerpon
|-supereffective|p1a: Ogerpon
|-crit|p1a: Ogerpon
|-damage|p1a: Ogerpon|25/100
|
|t:|1757792033
|switch|p2a: Keldeo|Keldeo-Resolute|70/100|[from] U-turn
|-damage|p2a: Keldeo|64/100|[from] Stealth Rock
|move|p1a: Ogerpon|Ivy Cudgel|p2a: Keldeo|[anim] Ivy Cudgel Rock
|-resisted|p2a: Keldeo
|-damage|p2a: Keldeo|33/100
|
|-heal|p1a: Ogerpon|31/100|[from] Grassy Terrain
|-heal|p2a: Keldeo|39/100|[from] Grassy Terrain
|upkeep
|turn|14
|
|t:|1757792037
|move|p2a: Keldeo|Vacuum Wave|p1a: Ogerpon
|-supereffective|p1a: Ogerpon
|-damage|p1a: Ogerpon|0 fnt
|faint|p1a: Ogerpon
|
|-heal|p2a: Keldeo|45/100|[from] Grassy Terrain
|upkeep
|
|t:|1757792040
|switch|p1a: Hawlucha|Hawlucha, F|100/100
|-enditem|p1a: Hawlucha|Grassy Seed
|-boost|p1a: Hawlucha|def|1|[from] item: Grassy Seed
|turn|15
|
|t:|1757792044
|switch|p2a: Tornadus|Tornadus-Therian, M|99/100
|move|p1a: Hawlucha|Swords Dance|p1a: Hawlucha
|-boost|p1a: Hawlucha|atk|2
|
|upkeep
|turn|16
|
|t:|1757792052
|switch|p2a: Heatran|Heatran, F|66/100
|-damage|p2a: Heatran|53/100|[from] Stealth Rock
|move|p1a: Hawlucha|Acrobatics|p2a: Heatran
|-resisted|p2a: Heatran
|-damage|p2a: Heatran|10/100
|
|-heal|p2a: Heatran|16/100|[from] Grassy Terrain
|-fieldend|move: Grassy Terrain
|upkeep
|turn|17
|
|t:|1757792059
|move|p1a: Hawlucha|Acrobatics|p2a: Heatran
|-resisted|p2a: Heatran
|-damage|p2a: Heatran|0 fnt
|faint|p2a: Heatran
|
|upkeep
|
|t:|1757792063
|switch|p2a: Hydrapple|Hydrapple, F, tera:Fairy|66/100
|-damage|p2a: Hydrapple|54/100|[from] Stealth Rock
|turn|18
|
|t:|1757792071
|switch|p2a: Keldeo|Keldeo-Resolute|45/100
|-damage|p2a: Keldeo|39/100|[from] Stealth Rock
|move|p1a: Hawlucha|Acrobatics|p2a: Keldeo
|-supereffective|p2a: Keldeo
|-damage|p2a: Keldeo|0 fnt
|faint|p2a: Keldeo
|
|upkeep
|
|t:|1757792078
|switch|p2a: Hydrapple|Hydrapple, F, tera:Fairy|87/100
|-damage|p2a: Hydrapple|75/100|[from] Stealth Rock
|turn|19
|
|t:|1757792081
|move|p1a: Hawlucha|Swords Dance|p1a: Hawlucha
|-boost|p1a: Hawlucha|atk|2
|move|p2a: Hydrapple|Fickle Beam|p1a: Hawlucha|[anim] Fickle Beam All Out
|-activate|p2a: Hydrapple|move: Fickle Beam
|-damage|p1a: Hawlucha|5/100
|
|upkeep
|turn|20
|j| ryugaoff
|
|t:|1757792090
|move|p1a: Hawlucha|Acrobatics|p2a: Hydrapple
|-damage|p2a: Hydrapple|0 fnt
|-damage|p1a: Hawlucha|0 fnt|[from] item: Rocky Helmet|[of] p2a: Hydrapple
|faint|p2a: Hydrapple
|faint|p1a: Hawlucha
|
|upkeep
|
|t:|1757792096
|switch|p1a: Rillaboom|Rillaboom, F|36/100
|switch|p2a: Tornadus|Tornadus-Therian, M|100/100
|-fieldstart|move: Grassy Terrain|[from] ability: Grassy Surge|[of] p1a: Rillaboom
|turn|21
|
|t:|1757792101
|switch|p1a: Raging Bolt|Raging Bolt|100/100
|-enditem|p1a: Raging Bolt|Grassy Seed
|-boost|p1a: Raging Bolt|def|1|[from] item: Grassy Seed
|move|p2a: Tornadus|U-turn|p1a: Raging Bolt
|-damage|p1a: Raging Bolt|92/100
|
|t:|1757792105
|switch|p2a: Tyranitar|Tyranitar, F|100/100|[from] U-turn
|-damage|p2a: Tyranitar|88/100|[from] Stealth Rock
|-weather|Sandstorm|[from] ability: Sand Stream|[of] p2a: Tyranitar
|
|-weather|Sandstorm|[upkeep]
|-damage|p1a: Raging Bolt|86/100|[from] Sandstorm
|-heal|p1a: Raging Bolt|92/100|[from] Grassy Terrain
|-heal|p2a: Tyranitar|94/100|[from] Grassy Terrain
|upkeep
|turn|22
|
|t:|1757792109
|move|p1a: Raging Bolt|Dragon Pulse|p2a: Tyranitar
|-damage|p2a: Tyranitar|64/100
|move|p2a: Tyranitar|Ice Punch|p1a: Raging Bolt
|-supereffective|p1a: Raging Bolt
|-damage|p1a: Raging Bolt|48/100
|
|-weather|Sandstorm|[upkeep]
|-damage|p1a: Raging Bolt|42/100|[from] Sandstorm
|-heal|p1a: Raging Bolt|48/100|[from] Grassy Terrain
|-heal|p2a: Tyranitar|71/100|[from] Grassy Terrain
|upkeep
|turn|23
|
|t:|1757792117
|move|p1a: Raging Bolt|Dragon Pulse|p2a: Tyranitar
|-crit|p2a: Tyranitar
|-damage|p2a: Tyranitar|25/100
|move|p2a: Tyranitar|Ice Punch|p1a: Raging Bolt
|-supereffective|p1a: Raging Bolt
|-damage|p1a: Raging Bolt|0 fnt
|faint|p1a: Raging Bolt
|-end|p1a: Raging Bolt|Protosynthesis|[silent]
|
|-weather|Sandstorm|[upkeep]
|-heal|p2a: Tyranitar|31/100|[from] Grassy Terrain
|upkeep
|
|t:|1757792120
|switch|p1a: Rillaboom|Rillaboom, F|36/100
|turn|24
|
|t:|1757792124
|-terastallize|p1a: Rillaboom|Grass
|move|p1a: Rillaboom|Grassy Glide|p2a: Tyranitar
|-supereffective|p2a: Tyranitar
|-damage|p2a: Tyranitar|0 fnt
|faint|p2a: Tyranitar
|
|-weather|Sandstorm|[upkeep]
|-damage|p1a: Rillaboom|30/100|[from] Sandstorm
|-heal|p1a: Rillaboom|36/100|[from] Grassy Terrain
|upkeep
|
|t:|1757792128
|switch|p2a: Tornadus|Tornadus-Therian, M|100/100
|turn|25
|
|t:|1757792132
|move|p2a: Tornadus|U-turn|p1a: Rillaboom
|-supereffective|p1a: Rillaboom
|-damage|p1a: Rillaboom|10/100
|
|t:|1757792136
|switch|p2a: Excadrill|Excadrill, M|100/100|[from] U-turn
|-damage|p2a: Excadrill|97/100|[from] Stealth Rock
|-item|p2a: Excadrill|Air Balloon
|move|p1a: Rillaboom|Knock Off|p2a: Excadrill
|-damage|p2a: Excadrill|46/100
|-enditem|p2a: Excadrill|Air Balloon
|
|-weather|none
|-heal|p2a: Excadrill|52/100|[from] Grassy Terrain
|-heal|p1a: Rillaboom|16/100|[from] Grassy Terrain
|upkeep
|turn|26
|
|t:|1757792140
|move|p1a: Rillaboom|Grassy Glide|p2a: Excadrill
|-damage|p2a: Excadrill|0 fnt
|faint|p2a: Excadrill
|
|-heal|p1a: Rillaboom|22/100|[from] Grassy Terrain
|upkeep
|
|t:|1757792143
|switch|p2a: Tornadus|Tornadus-Therian, M|100/100
|turn|27
|
|t:|1757792146
|move|p1a: Rillaboom|Grassy Glide|p2a: Tornadus
|-resisted|p2a: Tornadus
|-damage|p2a: Tornadus|74/100
|move|p2a: Tornadus|U-turn|p1a: Rillaboom
|-supereffective|p1a: Rillaboom
|-damage|p1a: Rillaboom|0 fnt
|faint|p1a: Rillaboom
|
|win|3idk
|raw|leontief47's rating: 1696 &rarr; <strong>1679</strong><br />(-17 for losing)
|raw|3idk's rating: 1745 &rarr; <strong>1762</strong><br />(+17 for winning)
|l|☆leontief47
|player|p1|
|l| ryugaoff
|l|☆3idk
|player|p2|
