|j|☆cro$$w1n
|j|‽Itswinefri
|t:|1757814485
|gametype|singles
|player|p1|cro$$w1n|266|1393
|player|p2|Itswinefri|cynthia|1466
|gen|9
|tier|[Gen 9] OU
|rated|
|rule|HP Percentage Mod: HP is shown in percentages
|rule|Endless Battle Clause: Forcing endless battles is banned
|rule|Species Clause: Limit one of each Pokémon
|rule|OHKO Clause: OHKO moves are banned
|rule|Evasion Items Clause: Evasion items are banned
|rule|Evasion Moves Clause: Evasion moves are banned
|rule|Evasion Abilities Clause: Evasion abilities are banned
|rule|Sleep Moves Clause: Sleep-inducing moves are banned
|clearpoke
|poke|p1|Incineroar, F|
|poke|p1|Blissey, F|
|poke|p1|Garganacl, F|
|poke|p1|Garchomp, M|
|poke|p1|Mimikyu, F|
|poke|p1|Forretress, F|
|poke|p2|Hippowdon, M|
|poke|p2|Excadrill, M|
|poke|p2|Hydrapple, F|
|poke|p2|Tornadus-Therian, M|
|poke|p2|Heatran, M|
|poke|p2|Keldeo-Resolute, M|
|teampreview
|c|☆cro$$w1n|Fuck the last guy
|
|t:|1757814512
|teamsize|p1|6
|teamsize|p2|6
|start
|switch|p1a: Sith|Mimikyu, F, shiny|100/100
|switch|p2a: Keldeo|Keldeo-Resolute, M|100/100
|turn|1
|
|t:|1757814525
|move|p2a: Keldeo|Flip Turn|p1a: Sith
|-activate|p1a: Sith|ability: Disguise
|-damage|p1a: Sith|100/100
|detailschange|p1a: Sith|Mimikyu-Busted, F, shiny
|-damage|p1a: Sith|88/100|[from] pokemon: Mimikyu-Busted
|inactive|Battle timer is ON: inactive players will automatically lose when time's up. (requested by cro$$w1n)
|
|t:|1757814573
|switch|p2a: Heatran|Heatran, M, shiny|100/100|[from] Flip Turn
|move|p1a: Sith|Will-O-Wisp|p2a: Heatran
|-start|p2a: Heatran|ability: Flash Fire
|
|-heal|p1a: Sith|94/100|[from] item: Leftovers
|upkeep
|turn|2
|
|t:|1757814584
|move|p1a: Sith|Substitute|p1a: Sith
|-start|p1a: Sith|Substitute
|-damage|p1a: Sith|69/100
|move|p2a: Heatran|Magma Storm|p1a: Sith|[miss]
|-miss|p2a: Heatran|p1a: Sith
|
|-heal|p1a: Sith|75/100|[from] item: Leftovers
|upkeep
|turn|3
|inactive|Itswinefri has 120 seconds left.
|
|t:|1757814619
|move|p1a: Sith|Curse|p2a: Heatran
|-start|p2a: Heatran|Curse|[of] p1a: Sith
|-damage|p1a: Sith|25/100
|move|p2a: Heatran|Magma Storm|p1a: Sith|[miss]
|-miss|p2a: Heatran|p1a: Sith
|
|-heal|p1a: Sith|31/100|[from] item: Leftovers
|-damage|p2a: Heatran|76/100|[from] Curse
|upkeep
|turn|4
|inactive|Itswinefri has 120 seconds left.
|
|t:|1757814632
|-end|p2a: Heatran|ability: Flash Fire|[silent]
|switch|p2a: Hippowdon|Hippowdon, M, shiny|100/100
|-weather|Sandstorm|[from] ability: Sand Stream|[of] p2a: Hippowdon
|move|p1a: Sith|Pain Split|p2a: Hippowdon
|-sethp|p2a: Hippowdon|62/100|[from] move: Pain Split|[silent]
|-sethp|p1a: Sith|83/100|[from] move: Pain Split
|
|-weather|Sandstorm|[upkeep]
|-damage|p1a: Sith|77/100|[from] Sandstorm
|-heal|p1a: Sith|83/100|[from] item: Leftovers
|upkeep
|turn|5
|inactive|Itswinefri has 120 seconds left.
|
|t:|1757814644
|move|p1a: Sith|Will-O-Wisp|p2a: Hippowdon
|-status|p2a: Hippowdon|brn
|move|p2a: Hippowdon|Whirlwind|p1a: Sith
|drag|p1a: Turbo|Garchomp, M|100/100
|
|-weather|Sandstorm|[upkeep]
|-damage|p2a: Hippowdon|56/100 brn|[from] brn
|upkeep
|turn|6
|inactive|Itswinefri has 120 seconds left.
|inactive|Itswinefri has 90 seconds left.
|
|t:|1757814680
|move|p1a: Turbo|Stealth Rock|p2a: Hippowdon
|-sidestart|p2: Itswinefri|move: Stealth Rock
|move|p2a: Hippowdon|Whirlwind|p1a: Turbo
|drag|p1a: Larry|Forretress, F|100/100
|
|-weather|Sandstorm|[upkeep]
|-damage|p2a: Hippowdon|50/100 brn|[from] brn
|upkeep
|turn|7
|
|t:|1757814689
|move|p2a: Hippowdon|Slack Off|p2a: Hippowdon
|-heal|p2a: Hippowdon|99/100 brn
|move|p1a: Larry|Spikes|p2a: Hippowdon
|-sidestart|p2: Itswinefri|Spikes
|
|-weather|Sandstorm|[upkeep]
|-damage|p2a: Hippowdon|93/100 brn|[from] brn
|upkeep
|turn|8
|inactive|Itswinefri has 90 seconds left.
|
|t:|1757814717
|switch|p2a: Heatran|Heatran, M, shiny|76/100
|-damage|p2a: Heatran|63/100|[from] Stealth Rock
|-damage|p2a: Heatran|51/100|[from] Spikes
|switch|p1a: Sith|Mimikyu-Busted, F, shiny|83/100
|
|-weather|Sandstorm|[upkeep]
|-damage|p1a: Sith|77/100|[from] Sandstorm
|-heal|p1a: Sith|83/100|[from] item: Leftovers
|-heal|p2a: Heatran|57/100|[from] item: Leftovers
|upkeep
|turn|9
|
|t:|1757814731
|move|p1a: Sith|Substitute|p1a: Sith
|-start|p1a: Sith|Substitute
|-damage|p1a: Sith|58/100
|move|p2a: Heatran|Magma Storm|p1a: Sith
|-end|p1a: Sith|Substitute
|
|-weather|Sandstorm|[upkeep]
|-damage|p1a: Sith|52/100|[from] Sandstorm
|-heal|p1a: Sith|58/100|[from] item: Leftovers
|-heal|p2a: Heatran|63/100|[from] item: Leftovers
|upkeep
|turn|10
|
|t:|1757814743
|switch|p1a: Turbo|Garchomp, M|100/100
|move|p2a: Heatran|Taunt|p1a: Turbo
|-start|p1a: Turbo|move: Taunt
|
|-weather|Sandstorm|[upkeep]
|-heal|p2a: Heatran|69/100|[from] item: Leftovers
|upkeep
|turn|11
|
|t:|1757814770
|move|p1a: Turbo|Earth Power|p2a: Heatran
|-supereffective|p2a: Heatran
|-damage|p2a: Heatran|0 fnt
|faint|p2a: Heatran
|
|-weather|none
|upkeep
|inactive|Itswinefri has 60 seconds left.
|
|t:|1757814787
|switch|p2a: Hydrapple|Hydrapple, F|100/100
|turn|12
|inactive|Itswinefri has 60 seconds left.
|
|t:|1757814811
|-terastallize|p2a: Hydrapple|Fairy
|move|p1a: Turbo|Draco Meteor|p2a: Hydrapple
|-immune|p2a: Hydrapple
|move|p2a: Hydrapple|Fickle Beam|p1a: Turbo
|-supereffective|p1a: Turbo
|-damage|p1a: Turbo|5/100
|
|-end|p1a: Turbo|move: Taunt
|upkeep
|turn|13
|inactive|Itswinefri has 60 seconds left.
|
|t:|1757814826
|switch|p1a: Ink|Incineroar, F, shiny|100/100
|-ability|p1a: Ink|Intimidate|boost
|-unboost|p2a: Hydrapple|atk|1
|move|p2a: Hydrapple|Earth Power|p1a: Ink
|-supereffective|p1a: Ink
|-damage|p1a: Ink|33/100
|
|upkeep
|turn|14
|inactive|Itswinefri has 60 seconds left.
|
|t:|1757814844
|move|p1a: Ink|Will-O-Wisp|p2a: Hydrapple
|-status|p2a: Hydrapple|brn
|move|p2a: Hydrapple|Earth Power|p1a: Ink
|-supereffective|p1a: Ink
|-damage|p1a: Ink|0 fnt
|faint|p1a: Ink
|
|-damage|p2a: Hydrapple|94/100 brn|[from] brn
|upkeep
|inactive|cro$$w1n has 120 seconds left.
|
|t:|1757814859
|switch|p1a: Turbo|Garchomp, M|5/100
|turn|15
|inactive|Itswinefri has 60 seconds left.
|
|t:|1757814874
|move|p1a: Turbo|Earth Power|p2a: Hydrapple
|-damage|p2a: Hydrapple|60/100 brn
|move|p2a: Hydrapple|Giga Drain|p1a: Turbo
|-damage|p1a: Turbo|0 fnt
|-heal|p2a: Hydrapple|62/100 brn|[from] drain|[of] p1a: Turbo
|faint|p1a: Turbo
|
|-damage|p2a: Hydrapple|55/100 brn|[from] brn
|upkeep
|inactive|cro$$w1n has 120 seconds left.
|
|t:|1757814894
|switch|p1a: bunK|Blissey, F|100/100
|turn|16
|inactive|Itswinefri has 60 seconds left.
|
|t:|1757814908
|move|p1a: bunK|Seismic Toss|p2a: Hydrapple
|-damage|p2a: Hydrapple|31/100 brn
|move|p2a: Hydrapple|Nasty Plot|p2a: Hydrapple
|-boost|p2a: Hydrapple|spa|2
|
|-damage|p2a: Hydrapple|25/100 brn|[from] brn
|upkeep
|turn|17
|inactive|Itswinefri has 60 seconds left.
|
|t:|1757814924
|move|p1a: bunK|Protect|p1a: bunK
|-singleturn|p1a: bunK|Protect
|move|p2a: Hydrapple|Giga Drain|p1a: bunK
|-activate|p1a: bunK|move: Protect
|
|-damage|p2a: Hydrapple|19/100 brn|[from] brn
|upkeep
|turn|18
|inactive|Itswinefri has 60 seconds left.
|
|t:|1757814933
|switch|p1a: Larry|Forretress, F|100/100
|switch|p2a: Tornadus|Tornadus-Therian, M, shiny|100/100
|-damage|p2a: Tornadus|76/100|[from] Stealth Rock
|
|upkeep
|turn|19
|
|t:|1757814942
|move|p2a: Tornadus|Knock Off|p1a: Larry
|-damage|p1a: Larry|89/100
|-enditem|p1a: Larry|Heavy-Duty Boots|[from] move: Knock Off|[of] p2a: Tornadus
|move|p1a: Larry|Spikes|p2a: Tornadus
|-sidestart|p2: Itswinefri|Spikes
|
|upkeep
|turn|20
|
|t:|1757814951
|move|p2a: Tornadus|Heat Wave|p1a: Larry
|-supereffective|p1a: Larry
|-damage|p1a: Larry|0 fnt
|faint|p1a: Larry
|
|upkeep
|
|t:|1757814958
|switch|p1a: Fubar|Garganacl, F|100/100
|turn|21
|inactive|Itswinefri has 60 seconds left.
|
|t:|1757814993
|switch|p2a: Keldeo|Keldeo-Resolute, M|100/100
|-damage|p2a: Keldeo|94/100|[from] Stealth Rock
|-damage|p2a: Keldeo|78/100|[from] Spikes
|move|p1a: Fubar|Substitute|p1a: Fubar
|-start|p1a: Fubar|Substitute
|-damage|p1a: Fubar|76/100
|
|-heal|p1a: Fubar|82/100|[from] item: Leftovers
|upkeep
|turn|22
|
|t:|1757815004
|move|p2a: Keldeo|Flip Turn|p1a: Fubar
|-supereffective|p1a: Fubar
|-activate|p1a: Fubar|move: Substitute|[damage]
|
|t:|1757815008
|switch|p2a: Hippowdon|Hippowdon, M, shiny|93/100 brn|[from] Flip Turn
|-damage|p2a: Hippowdon|87/100 brn|[from] Stealth Rock
|-damage|p2a: Hippowdon|70/100 brn|[from] Spikes
|-weather|Sandstorm|[from] ability: Sand Stream|[of] p2a: Hippowdon
|move|p1a: Fubar|Salt Cure|p2a: Hippowdon
|-resisted|p2a: Hippowdon
|-damage|p2a: Hippowdon|67/100 brn
|-start|p2a: Hippowdon|Salt Cure
|
|-weather|Sandstorm|[upkeep]
|-heal|p1a: Fubar|88/100|[from] item: Leftovers
|-damage|p2a: Hippowdon|61/100 brn|[from] brn
|-damage|p2a: Hippowdon|48/100 brn|[from] Salt Cure
|upkeep
|turn|23
|inactive|Itswinefri has 60 seconds left.
|
|t:|1757815027
|move|p1a: Fubar|Recover|p1a: Fubar
|-heal|p1a: Fubar|100/100
|move|p2a: Hippowdon|Whirlwind|p1a: Fubar
|drag|p1a: Sith|Mimikyu-Busted, F, shiny|58/100
|
|-weather|Sandstorm|[upkeep]
|-damage|p1a: Sith|52/100|[from] Sandstorm
|-heal|p1a: Sith|58/100|[from] item: Leftovers
|-damage|p2a: Hippowdon|42/100 brn|[from] brn
|-damage|p2a: Hippowdon|30/100 brn|[from] Salt Cure
|upkeep
|turn|24
|
|t:|1757815040
|move|p1a: Sith|Substitute|p1a: Sith
|-start|p1a: Sith|Substitute
|-damage|p1a: Sith|33/100
|move|p2a: Hippowdon|Slack Off|p2a: Hippowdon
|-heal|p2a: Hippowdon|80/100 brn
|
|-weather|Sandstorm|[upkeep]
|-damage|p1a: Sith|27/100|[from] Sandstorm
|-heal|p1a: Sith|33/100|[from] item: Leftovers
|-damage|p2a: Hippowdon|74/100 brn|[from] brn
|-damage|p2a: Hippowdon|61/100 brn|[from] Salt Cure
|upkeep
|turn|25
|
|t:|1757815053
|move|p1a: Sith|Pain Split|p2a: Hippowdon
|-sethp|p2a: Hippowdon|43/100 brn|[from] move: Pain Split|[silent]
|-sethp|p1a: Sith|57/100|[from] move: Pain Split
|move|p2a: Hippowdon|Whirlwind|p1a: Sith
|drag|p1a: Fubar|Garganacl, F|100/100
|
|-weather|Sandstorm|[upkeep]
|-damage|p2a: Hippowdon|37/100 brn|[from] brn
|-damage|p2a: Hippowdon|24/100 brn|[from] Salt Cure
|upkeep
|turn|26
|
|t:|1757815065
|move|p2a: Hippowdon|Slack Off|p2a: Hippowdon
|-heal|p2a: Hippowdon|74/100 brn
|move|p1a: Fubar|Salt Cure|p2a: Hippowdon
|-resisted|p2a: Hippowdon
|-damage|p2a: Hippowdon|71/100 brn
|
|-weather|Sandstorm|[upkeep]
|-damage|p2a: Hippowdon|65/100 brn|[from] brn
|-damage|p2a: Hippowdon|52/100 brn|[from] Salt Cure
|upkeep
|turn|27
|
|t:|1757815075
|switch|p1a: Sith|Mimikyu-Busted, F, shiny|57/100
|move|p2a: Hippowdon|Stealth Rock|p1a: Sith
|-sidestart|p1: cro$$w1n|move: Stealth Rock
|
|-weather|Sandstorm|[upkeep]
|-damage|p1a: Sith|51/100|[from] Sandstorm
|-heal|p1a: Sith|57/100|[from] item: Leftovers
|-damage|p2a: Hippowdon|46/100 brn|[from] brn
|-damage|p2a: Hippowdon|34/100 brn|[from] Salt Cure
|upkeep
|turn|28
|
|t:|1757815087
|move|p1a: Sith|Curse|p2a: Hippowdon
|-start|p2a: Hippowdon|Curse|[of] p1a: Sith
|-damage|p1a: Sith|7/100
|move|p2a: Hippowdon|Earthquake|p1a: Sith
|-damage|p1a: Sith|0 fnt
|faint|p1a: Sith
|
|-weather|Sandstorm|[upkeep]
|-damage|p2a: Hippowdon|27/100 brn|[from] brn
|-damage|p2a: Hippowdon|2/100 brn|[from] Curse
|-damage|p2a: Hippowdon|0 fnt|[from] Salt Cure
|faint|p2a: Hippowdon
|upkeep
|
|t:|1757815103
|switch|p1a: Fubar|Garganacl, F|100/100
|switch|p2a: Excadrill|Excadrill, M, shiny|100/100
|-damage|p2a: Excadrill|97/100|[from] Stealth Rock
|-damage|p2a: Excadrill|81/100|[from] Spikes
|-damage|p1a: Fubar|88/100|[from] Stealth Rock
|turn|29
|
|t:|1757815114
|-terastallize|p1a: Fubar|Ghost
|move|p2a: Excadrill|Rapid Spin|p1a: Fubar
|-immune|p1a: Fubar
|move|p1a: Fubar|Salt Cure|p2a: Excadrill
|-resisted|p2a: Excadrill
|-damage|p2a: Excadrill|76/100
|-start|p2a: Excadrill|Salt Cure
|
|-weather|none
|-heal|p2a: Excadrill|82/100|[from] item: Leftovers
|-heal|p1a: Fubar|94/100|[from] item: Leftovers
|-damage|p2a: Excadrill|57/100|[from] Salt Cure
|upkeep
|turn|30
|inactive|cro$$w1n has 120 seconds left.
|
|t:|1757815133
|switch|p2a: Hydrapple|Hydrapple, F, tera:Fairy|52/100 brn
|move|p1a: Fubar|Substitute|p1a: Fubar
|-start|p1a: Fubar|Substitute
|-damage|p1a: Fubar|69/100
|
|-heal|p1a: Fubar|75/100|[from] item: Leftovers
|-damage|p2a: Hydrapple|46/100 brn|[from] brn
|upkeep
|turn|31
|
|t:|1757815143
|move|p2a: Hydrapple|Nasty Plot|p2a: Hydrapple
|-boost|p2a: Hydrapple|spa|2
|move|p1a: Fubar|Salt Cure|p2a: Hydrapple
|-crit|p2a: Hydrapple
|-damage|p2a: Hydrapple|31/100 brn
|-start|p2a: Hydrapple|Salt Cure
|
|-heal|p1a: Fubar|81/100|[from] item: Leftovers
|-damage|p2a: Hydrapple|25/100 brn|[from] brn
|-damage|p2a: Hydrapple|12/100 brn|[from] Salt Cure
|upkeep
|turn|32
|
|t:|1757815155
|move|p1a: Fubar|Protect|p1a: Fubar
|-singleturn|p1a: Fubar|Protect
|move|p2a: Hydrapple|Giga Drain|p1a: Fubar
|-activate|p1a: Fubar|move: Protect
|
|-heal|p1a: Fubar|88/100|[from] item: Leftovers
|-damage|p2a: Hydrapple|6/100 brn|[from] brn
|-damage|p2a: Hydrapple|0 fnt|[from] Salt Cure
|faint|p2a: Hydrapple
|upkeep
|
|t:|1757815166
|switch|p2a: Keldeo|Keldeo-Resolute, M|78/100
|-damage|p2a: Keldeo|72/100|[from] Stealth Rock
|-damage|p2a: Keldeo|55/100|[from] Spikes
|turn|33
|
|t:|1757815177
|move|p2a: Keldeo|Hydro Pump|p1a: Fubar
|-end|p1a: Fubar|Substitute
|move|p1a: Fubar|Substitute|p1a: Fubar
|-start|p1a: Fubar|Substitute
|-damage|p1a: Fubar|63/100
|
|-heal|p1a: Fubar|69/100|[from] item: Leftovers
|upkeep
|turn|34
|
|t:|1757815186
|move|p1a: Fubar|Protect|p1a: Fubar
|-singleturn|p1a: Fubar|Protect
|move|p2a: Keldeo|Hydro Pump|p1a: Fubar
|-activate|p1a: Fubar|move: Protect
|
|-heal|p1a: Fubar|75/100|[from] item: Leftovers
|upkeep
|turn|35
|
|t:|1757815195
|move|p2a: Keldeo|Hydro Pump|p1a: Fubar
|-end|p1a: Fubar|Substitute
|move|p1a: Fubar|Substitute|p1a: Fubar
|-start|p1a: Fubar|Substitute
|-damage|p1a: Fubar|50/100
|
|-heal|p1a: Fubar|56/100|[from] item: Leftovers
|upkeep
|turn|36
|inactive|Itswinefri has 60 seconds left.
|
|t:|1757815205
|switch|p2a: Tornadus|Tornadus-Therian, M, shiny|100/100
|-damage|p2a: Tornadus|76/100|[from] Stealth Rock
|move|p1a: Fubar|Protect||[still]
|-fail|p1a: Fubar
|
|-heal|p1a: Fubar|62/100|[from] item: Leftovers
|upkeep
|turn|37
|
|t:|1757815214
|move|p2a: Tornadus|Knock Off|p1a: Fubar
|-supereffective|p1a: Fubar
|-activate|p1a: Fubar|move: Substitute|[damage]
|move|p1a: Fubar|Salt Cure|p2a: Tornadus
|-supereffective|p2a: Tornadus
|-damage|p2a: Tornadus|45/100
|-start|p2a: Tornadus|Salt Cure
|
|-heal|p1a: Fubar|68/100|[from] item: Leftovers
|-damage|p2a: Tornadus|33/100|[from] Salt Cure
|upkeep
|turn|38
|inactive|Itswinefri has 60 seconds left.
|l|‽Itswinefri
|inactive|Itswinefri disconnected and has a minute to reconnect!
|player|p2|
|inactive|Itswinefri has 30 seconds left.
|inactive|Itswinefri has 20 seconds left.
|inactive|Itswinefri has 15 seconds left.
|inactive|Itswinefri has 10 seconds left.
|inactive|Itswinefri has 5 seconds left.
|-message|Itswinefri lost due to inactivity.
|
|win|cro$$w1n
|raw|cro$$w1n's rating: 1393 &rarr; <strong>1417</strong><br />(+24 for winning)
|raw|Itswinefri's rating: 1466 &rarr; <strong>1442</strong><br />(-24 for losing)
|l|☆cro$$w1n
|player|p1|
