|j|☆sardonyx2001
|j|☆doomfletch
|t:|1757937722
|gametype|singles
|player|p1|sardonyx2001|101|1179
|player|p2|doomfletch|101|1229
|gen|9
|tier|[Gen 9] OU
|rated|
|rule|HP Percentage Mod: HP is shown in percentages
|rule|Endless Battle Clause: Forcing endless battles is banned
|rule|Species Clause: Limit one of each Pokémon
|rule|OHKO Clause: OHKO moves are banned
|rule|Evasion Items Clause: Evasion items are banned
|rule|Evasion Moves Clause: Evasion moves are banned
|rule|Evasion Abilities Clause: Evasion abilities are banned
|rule|Sleep Moves Clause: Sleep-inducing moves are banned
|clearpoke
|poke|p1|Araquanid, M|
|poke|p1|Clefable, F|
|poke|p1|Weavile, M|
|poke|p1|Primarina, M|
|poke|p1|Moltres-Galar|
|poke|p1|Glimmora, M|
|poke|p2|Slowking-Galar, M|
|poke|p2|Great Tusk|
|poke|p2|Hydreigon, M|
|poke|p2|Skarmory, F|
|poke|p2|Raikou|
|poke|p2|Crawdaunt, F|
|teampreview
|
|t:|1757937736
|teamsize|p1|6
|teamsize|p2|6
|start
|switch|p1a: Araquanid|Araquanid, M|100/100
|switch|p2a: Crawdaunt|Crawdaunt, F|100/100
|turn|1
|
|t:|1757937749
|move|p2a: Crawdaunt|Knock Off|p1a: Araquanid
|-damage|p1a: Araquanid|0 fnt
|-enditem|p1a: Araquanid|Leftovers|[from] move: Knock Off|[of] p2a: Crawdaunt
|faint|p1a: Araquanid
|
|upkeep
|
|t:|1757937754
|switch|p1a: Primarina|Primarina, M|100/100
|turn|2
|
|t:|1757937760
|-terastallize|p2a: Crawdaunt|Water
|move|p2a: Crawdaunt|Knock Off|p1a: Primarina
|-resisted|p1a: Primarina
|-damage|p1a: Primarina|52/100
|-enditem|p1a: Primarina|Leftovers|[from] move: Knock Off|[of] p2a: Crawdaunt
|move|p1a: Primarina|Moonblast|p2a: Crawdaunt
|-damage|p2a: Crawdaunt|0 fnt
|faint|p2a: Crawdaunt
|
|upkeep
|
|t:|1757937770
|switch|p2a: Raikou|Raikou|100/100
|turn|3
|
|t:|1757937785
|move|p2a: Raikou|Thunderbolt|p1a: Primarina
|-supereffective|p1a: Primarina
|-damage|p1a: Primarina|0 fnt
|faint|p1a: Primarina
|
|upkeep
|
|t:|1757937792
|switch|p1a: Clefable|Clefable, F|100/100
|turn|4
|
|t:|1757937795
|move|p2a: Raikou|Calm Mind|p2a: Raikou
|-boost|p2a: Raikou|spa|1
|-boost|p2a: Raikou|spd|1
|move|p1a: Clefable|Cosmic Power|p1a: Clefable
|-boost|p1a: Clefable|def|1
|-boost|p1a: Clefable|spd|1
|
|upkeep
|turn|5
|
|t:|1757937805
|move|p2a: Raikou|Calm Mind|p2a: Raikou
|-boost|p2a: Raikou|spa|1
|-boost|p2a: Raikou|spd|1
|move|p1a: Clefable|Cosmic Power|p1a: Clefable
|-boost|p1a: Clefable|def|1
|-boost|p1a: Clefable|spd|1
|
|upkeep
|turn|6
|
|t:|1757937829
|move|p2a: Raikou|Calm Mind|p2a: Raikou
|-boost|p2a: Raikou|spa|1
|-boost|p2a: Raikou|spd|1
|move|p1a: Clefable|Cosmic Power|p1a: Clefable
|-boost|p1a: Clefable|def|1
|-boost|p1a: Clefable|spd|1
|
|upkeep
|turn|7
|
|t:|1757937840
|move|p2a: Raikou|Calm Mind|p2a: Raikou
|-boost|p2a: Raikou|spa|1
|-boost|p2a: Raikou|spd|1
|move|p1a: Clefable|Cosmic Power|p1a: Clefable
|-boost|p1a: Clefable|def|1
|-boost|p1a: Clefable|spd|1
|
|upkeep
|turn|8
|
|t:|1757937848
|move|p2a: Raikou|Calm Mind|p2a: Raikou
|-boost|p2a: Raikou|spa|1
|-boost|p2a: Raikou|spd|1
|move|p1a: Clefable|Cosmic Power|p1a: Clefable
|-boost|p1a: Clefable|def|1
|-boost|p1a: Clefable|spd|1
|
|upkeep
|turn|9
|
|t:|1757937853
|move|p2a: Raikou|Calm Mind|p2a: Raikou
|-boost|p2a: Raikou|spa|1
|-boost|p2a: Raikou|spd|1
|move|p1a: Clefable|Stored Power|p2a: Raikou
|-damage|p2a: Raikou|83/100
|
|upkeep
|turn|10
|
|t:|1757937860
|move|p2a: Raikou|Thunderbolt|p1a: Clefable
|-damage|p1a: Clefable|56/100
|move|p1a: Clefable|Stored Power|p2a: Raikou
|-damage|p2a: Raikou|66/100
|
|-heal|p1a: Clefable|62/100|[from] item: Leftovers
|upkeep
|turn|11
|
|t:|1757937867
|move|p2a: Raikou|Thunderbolt|p1a: Clefable
|-damage|p1a: Clefable|15/100
|move|p1a: Clefable|Stored Power|p2a: Raikou
|-damage|p2a: Raikou|49/100
|
|-heal|p1a: Clefable|22/100|[from] item: Leftovers
|upkeep
|turn|12
|
|t:|1757937879
|move|p2a: Raikou|Thunderbolt|p1a: Clefable
|-damage|p1a: Clefable|0 fnt
|faint|p1a: Clefable
|
|upkeep
|
|t:|1757937882
|switch|p1a: Weavile|Weavile, M|100/100
|-ability|p1a: Weavile|Pressure
|turn|13
|
|t:|1757937887
|switch|p2a: Skarmory|Skarmory, F|100/100
|move|p1a: Weavile|Fake Out|p2a: Skarmory
|-resisted|p2a: Skarmory
|-damage|p2a: Skarmory|94/100
|-ability|p2a: Skarmory|Weak Armor|boost
|-unboost|p2a: Skarmory|def|1
|-boost|p2a: Skarmory|spe|2
|-damage|p1a: Weavile|91/100|[from] item: Life Orb
|
|upkeep
|turn|14
|
|t:|1757937896
|switch|p1a: Glimmora|Glimmora, M|100/100
|move|p2a: Skarmory|Swords Dance|p2a: Skarmory
|-boost|p2a: Skarmory|atk|2
|
|upkeep
|turn|15
|
|t:|1757937905
|move|p2a: Skarmory|Iron Head|p1a: Glimmora
|-supereffective|p1a: Glimmora
|-damage|p1a: Glimmora|0 fnt
|-activate|p1a: Glimmora|ability: Toxic Debris
|-sidestart|p2: doomfletch|move: Toxic Spikes
|faint|p1a: Glimmora
|
|upkeep
|
|t:|1757937910
|switch|p1a: Moltres|Moltres-Galar|100/100
|turn|16
|
|t:|1757937915
|move|p2a: Skarmory|Iron Head|p1a: Moltres
|-damage|p1a: Moltres|29/100
|-ability|p1a: Moltres|Berserk|boost
|-boost|p1a: Moltres|spa|1
|cant|p1a: Moltres|flinch
|
|-heal|p1a: Moltres|35/100|[from] item: Leftovers
|upkeep
|turn|17
|
|t:|1757937922
|move|p2a: Skarmory|Iron Head|p1a: Moltres
|-damage|p1a: Moltres|0 fnt
|faint|p1a: Moltres
|
|upkeep
|c|☆doomfletch|fake out doesnt work on raikou btw
|
|t:|1757937937
|switch|p1a: Weavile|Weavile, M|91/100
|-ability|p1a: Weavile|Pressure
|turn|18
|
|t:|1757937941
|move|p1a: Weavile|Fake Out|p2a: Skarmory
|-resisted|p2a: Skarmory
|-damage|p2a: Skarmory|84/100
|-ability|p2a: Skarmory|Weak Armor|boost
|-unboost|p2a: Skarmory|def|1
|-boost|p2a: Skarmory|spe|2
|-damage|p1a: Weavile|81/100|[from] item: Life Orb
|move|p2a: Skarmory|Iron Head|p1a: Weavile
|-supereffective|p1a: Weavile
|-damage|p1a: Weavile|0 fnt
|faint|p1a: Weavile
|
|win|doomfletch
|raw|sardonyx2001's rating: 1179 &rarr; <strong>1158</strong><br />(-21 for losing)
|raw|doomfletch's rating: 1229 &rarr; <strong>1250</strong><br />(+21 for winning)
|l|☆doomfletch
|player|p2|
|l|☆sardonyx2001
|player|p1|
