|j|‽bidooofer
|j|☆localdealerr
|t:|1757812945
|gametype|singles
|player|p1|bidooofer|riley|1608
|player|p2|localdealerr|102|1610
|gen|9
|tier|[Gen 9] OU
|rated|
|rule|HP Percentage Mod: HP is shown in percentages
|rule|Endless Battle Clause: Forcing endless battles is banned
|rule|Species Clause: Limit one of each Pokémon
|rule|OHKO Clause: OHKO moves are banned
|rule|Evasion Items Clause: Evasion items are banned
|rule|Evasion Moves Clause: Evasion moves are banned
|rule|Evasion Abilities Clause: Evasion abilities are banned
|rule|Sleep Moves Clause: Sleep-inducing moves are banned
|clearpoke
|poke|p1|Torkoal, F|
|poke|p1|Walking Wake|
|poke|p1|Raging Bolt|
|poke|p1|Great Tusk|
|poke|p1|Incineroar, F|
|poke|p1|Hatterene, F|
|poke|p2|Pelipper, M|
|poke|p2|Walking Wake|
|poke|p2|Raging Bolt|
|poke|p2|Overqwil, M|
|poke|p2|Barraskewda, F|
|poke|p2|Hatterene, F|
|teampreview
|
|t:|1757812993
|teamsize|p1|6
|teamsize|p2|6
|start
|switch|p1a: Incineroar|Incineroar, F, shiny|100/100
|switch|p2a: Walking Wake|Walking Wake|100/100
|-ability|p1a: Incineroar|Intimidate|boost
|-unboost|p2a: Walking Wake|atk|1
|turn|1
|
|t:|1757813005
|switch|p1a: Walking Wake|Walking Wake|100/100
|move|p2a: Walking Wake|Scald|p1a: Walking Wake
|-resisted|p1a: Walking Wake
|-damage|p1a: Walking Wake|85/100
|
|upkeep
|turn|2
|
|t:|1757813011
|-end|p2a: Walking Wake|Protosynthesis|[silent]
|switch|p2a: Hatterene|Hatterene, F|100/100
|move|p1a: Walking Wake|Hydro Steam|p2a: Hatterene
|-damage|p2a: Hatterene|64/100
|-enditem|p2a: Hatterene|Eject Button
|inactive|Battle timer is ON: inactive players will automatically lose when time's up. (requested by bidooofer)
|
|t:|1757813023
|switch|p2a: Walking Wake|Walking Wake|100/100
|
|upkeep
|turn|3
|
|t:|1757813029
|move|p1a: Walking Wake|Dragon Pulse|p2a: Walking Wake
|-supereffective|p2a: Walking Wake
|-damage|p2a: Walking Wake|0 fnt
|faint|p2a: Walking Wake
|-end|p2a: Walking Wake|Protosynthesis|[silent]
|
|upkeep
|
|t:|1757813041
|switch|p2a: Raging Bolt|Raging Bolt|100/100
|-enditem|p2a: Raging Bolt|Booster Energy
|-activate|p2a: Raging Bolt|ability: Protosynthesis|[fromitem]
|-start|p2a: Raging Bolt|protosynthesisspa
|turn|4
|
|t:|1757813047
|-terastallize|p1a: Walking Wake|Fairy
|-terastallize|p2a: Raging Bolt|Fairy
|move|p1a: Walking Wake|Tera Blast|p2a: Raging Bolt|[anim] Tera Blast Fairy
|-damage|p2a: Raging Bolt|65/100
|move|p2a: Raging Bolt|Calm Mind|p2a: Raging Bolt
|-boost|p2a: Raging Bolt|spa|1
|-boost|p2a: Raging Bolt|spd|1
|
|upkeep
|turn|5
|
|t:|1757813055
|-end|p1a: Walking Wake|Protosynthesis|[silent]
|switch|p1a: Great Tusk|Great Tusk|100/100
|move|p2a: Raging Bolt|Thunderbolt|p1a: Great Tusk
|-immune|p1a: Great Tusk
|
|upkeep
|turn|6
|
|t:|1757813059
|move|p1a: Great Tusk|Headlong Rush|p2a: Raging Bolt
|-crit|p2a: Raging Bolt
|-damage|p2a: Raging Bolt|7/100
|-unboost|p1a: Great Tusk|def|1
|-unboost|p1a: Great Tusk|spd|1
|move|p2a: Raging Bolt|Dragon Pulse|p1a: Great Tusk
|-damage|p1a: Great Tusk|0 fnt
|faint|p1a: Great Tusk
|-end|p1a: Great Tusk|Protosynthesis|[silent]
|
|upkeep
|
|t:|1757813065
|switch|p1a: Raging Bolt|Raging Bolt|100/100
|turn|7
|inactive|localdealerr has 120 seconds left.
|
|t:|1757813097
|-end|p2a: Raging Bolt|Protosynthesis|[silent]
|switch|p2a: Hatterene|Hatterene, F|64/100
|-end|p1a: Raging Bolt|Protosynthesis|[silent]
|switch|p1a: Hatterene|Hatterene, F|100/100
|
|upkeep
|turn|8
|
|t:|1757813100
|move|p2a: Hatterene|Nuzzle|p1a: Hatterene
|-damage|p1a: Hatterene|97/100
|-status|p1a: Hatterene|par
|move|p1a: Hatterene|Nuzzle|p2a: Hatterene
|-damage|p2a: Hatterene|61/100
|-status|p2a: Hatterene|par
|
|upkeep
|turn|9
|
|t:|1757813108
|move|p2a: Hatterene|Future Sight|p1a: Hatterene
|-start|p2a: Hatterene|move: Future Sight
|move|p1a: Hatterene|Future Sight|p2a: Hatterene
|-start|p1a: Hatterene|move: Future Sight
|
|upkeep
|turn|10
|
|t:|1757813113
|move|p2a: Hatterene|Healing Wish|p2a: Hatterene
|faint|p2a: Hatterene
|move|p1a: Hatterene|Mystical Fire|p2: Hatterene|[notarget]
|-fail|p1a: Hatterene
|
|upkeep
|
|t:|1757813121
|switch|p2a: Raging Bolt|Raging Bolt, tera:Fairy|7/100
|-heal|p2a: Raging Bolt|100/100|[from] move: Healing Wish
|turn|11
|
|t:|1757813126
|-end|p2a: Raging Bolt|Protosynthesis|[silent]
|switch|p2a: Overqwil|Overqwil, M|100/100
|move|p1a: Hatterene|Nuzzle|p2a: Overqwil
|-damage|p2a: Overqwil|96/100
|-status|p2a: Overqwil|par
|
|-end|p2a: Overqwil|move: Future Sight
|-immune|p2a: Overqwil
|-end|p1a: Hatterene|move: Future Sight
|-resisted|p1a: Hatterene
|-damage|p1a: Hatterene|77/100 par
|upkeep
|turn|12
|
|t:|1757813133
|switch|p1a: Incineroar|Incineroar, F, shiny|100/100
|-ability|p1a: Incineroar|Intimidate|boost
|-unboost|p2a: Overqwil|atk|1
|move|p2a: Overqwil|Gunk Shot|p1a: Incineroar
|-damage|p1a: Incineroar|53/100
|-damage|p2a: Overqwil|86/100 par|[from] item: Life Orb
|
|upkeep
|turn|13
|
|t:|1757813136
|move|p1a: Incineroar|Parting Shot|p2a: Overqwil
|-unboost|p2a: Overqwil|atk|1
|-unboost|p2a: Overqwil|spa|1
|
|t:|1757813141
|switch|p1a: Torkoal|Torkoal, F|100/100|[from] Parting Shot
|-weather|SunnyDay|[from] ability: Drought|[of] p1a: Torkoal
|move|p2a: Overqwil|Spikes|p1a: Torkoal
|-sidestart|p1: bidooofer|Spikes
|
|-weather|SunnyDay|[upkeep]
|upkeep
|turn|14
|
|t:|1757813146
|switch|p2a: Pelipper|Pelipper, M|100/100
|-weather|RainDance|[from] ability: Drizzle|[of] p2a: Pelipper
|move|p1a: Torkoal|Stealth Rock|p2a: Pelipper
|-sidestart|p2: localdealerr|move: Stealth Rock
|
|-weather|RainDance|[upkeep]
|upkeep
|turn|15
|
|t:|1757813154
|switch|p1a: Raging Bolt|Raging Bolt|100/100
|-damage|p1a: Raging Bolt|88/100|[from] Spikes
|move|p2a: Pelipper|U-turn|p1a: Raging Bolt
|-damage|p1a: Raging Bolt|82/100
|
|t:|1757813162
|switch|p2a: Overqwil|Overqwil, M|86/100 par|[from] U-turn
|-damage|p2a: Overqwil|74/100 par|[from] Stealth Rock
|
|-weather|RainDance|[upkeep]
|-heal|p1a: Raging Bolt|88/100|[from] item: Leftovers
|upkeep
|turn|16
|
|t:|1757813175
|-end|p1a: Raging Bolt|Protosynthesis|[silent]
|switch|p1a: Incineroar|Incineroar, F, shiny|53/100
|-ability|p1a: Incineroar|Intimidate|boost
|-unboost|p2a: Overqwil|atk|1
|cant|p2a: Overqwil|par
|
|-weather|RainDance|[upkeep]
|upkeep
|turn|17
|
|t:|1757813182
|cant|p2a: Overqwil|par
|move|p1a: Incineroar|Parting Shot|p2a: Overqwil
|-unboost|p2a: Overqwil|atk|1
|-unboost|p2a: Overqwil|spa|1
|
|t:|1757813188
|switch|p1a: Torkoal|Torkoal, F|100/100|[from] Parting Shot
|-damage|p1a: Torkoal|88/100|[from] Spikes
|-weather|SunnyDay|[from] ability: Drought|[of] p1a: Torkoal
|
|-weather|SunnyDay|[upkeep]
|upkeep
|turn|18
|
|t:|1757813193
|switch|p1a: Raging Bolt|Raging Bolt|88/100
|-damage|p1a: Raging Bolt|75/100|[from] Spikes
|-activate|p1a: Raging Bolt|ability: Protosynthesis
|-start|p1a: Raging Bolt|protosynthesisspa
|move|p2a: Overqwil|Spikes|p1a: Raging Bolt
|-sidestart|p1: bidooofer|Spikes
|
|-weather|SunnyDay|[upkeep]
|-heal|p1a: Raging Bolt|82/100|[from] item: Leftovers
|upkeep
|turn|19
|inactive|localdealerr has 120 seconds left.
|
|t:|1757813240
|move|p1a: Raging Bolt|Calm Mind|p1a: Raging Bolt
|-boost|p1a: Raging Bolt|spa|1
|-boost|p1a: Raging Bolt|spd|1
|move|p2a: Overqwil|Gunk Shot|p1a: Raging Bolt|[miss]
|-miss|p2a: Overqwil|p1a: Raging Bolt
|
|-weather|SunnyDay|[upkeep]
|-heal|p1a: Raging Bolt|88/100|[from] item: Leftovers
|upkeep
|turn|20
|
|t:|1757813255
|switch|p2a: Pelipper|Pelipper, M|100/100
|-damage|p2a: Pelipper|76/100|[from] Stealth Rock
|-weather|RainDance|[from] ability: Drizzle|[of] p2a: Pelipper
|-end|p1a: Raging Bolt|Protosynthesis
|move|p1a: Raging Bolt|Calm Mind|p1a: Raging Bolt
|-boost|p1a: Raging Bolt|spa|1
|-boost|p1a: Raging Bolt|spd|1
|
|-weather|RainDance|[upkeep]
|-heal|p1a: Raging Bolt|94/100|[from] item: Leftovers
|upkeep
|turn|21
|
|t:|1757813262
|move|p1a: Raging Bolt|Thunderbolt|p2a: Pelipper
|-supereffective|p2a: Pelipper
|-damage|p2a: Pelipper|0 fnt
|faint|p2a: Pelipper
|
|-weather|RainDance|[upkeep]
|-heal|p1a: Raging Bolt|99/100|[from] item: Leftovers
|upkeep
|
|t:|1757813264
|switch|p2a: Overqwil|Overqwil, M|74/100 par
|-damage|p2a: Overqwil|62/100 par|[from] Stealth Rock
|turn|22
|
|t:|1757813271
|move|p1a: Raging Bolt|Thunderclap||[still]
|-fail|p1a: Raging Bolt
|cant|p2a: Overqwil|par
|
|-weather|RainDance|[upkeep]
|-heal|p1a: Raging Bolt|100/100|[from] item: Leftovers
|upkeep
|turn|23
|
|t:|1757813275
|move|p1a: Raging Bolt|Thunderclap||[still]
|-fail|p1a: Raging Bolt
|move|p2a: Overqwil|Swords Dance|p2a: Overqwil
|-boost|p2a: Overqwil|atk|2
|
|-weather|RainDance|[upkeep]
|upkeep
|turn|24
|
|t:|1757813278
|move|p1a: Raging Bolt|Thunderclap||[still]
|-fail|p1a: Raging Bolt
|move|p2a: Overqwil|Swords Dance|p2a: Overqwil
|-boost|p2a: Overqwil|atk|2
|
|-weather|RainDance|[upkeep]
|upkeep
|turn|25
|
|t:|1757813282
|move|p2a: Overqwil|Gunk Shot|p1a: Raging Bolt|[miss]
|-miss|p2a: Overqwil|p1a: Raging Bolt
|move|p1a: Raging Bolt|Thunderbolt|p2a: Overqwil
|-damage|p2a: Overqwil|0 fnt
|faint|p2a: Overqwil
|
|-weather|RainDance|[upkeep]
|upkeep
|c|☆localdealerr|bruh
|
|t:|1757813295
|switch|p2a: Raging Bolt|Raging Bolt, tera:Fairy|100/100
|-damage|p2a: Raging Bolt|88/100|[from] Stealth Rock
|turn|26
|
|t:|1757813298
|move|p2a: Raging Bolt|Calm Mind|p2a: Raging Bolt
|-boost|p2a: Raging Bolt|spa|1
|-boost|p2a: Raging Bolt|spd|1
|move|p1a: Raging Bolt|Thunderbolt|p2a: Raging Bolt
|-damage|p2a: Raging Bolt|22/100
|
|-weather|RainDance|[upkeep]
|upkeep
|turn|27
|
|t:|1757813302
|move|p2a: Raging Bolt|Dragon Pulse|p1a: Raging Bolt
|-supereffective|p1a: Raging Bolt
|-damage|p1a: Raging Bolt|48/100
|move|p1a: Raging Bolt|Thunderbolt|p2a: Raging Bolt
|-damage|p2a: Raging Bolt|0 fnt
|faint|p2a: Raging Bolt
|-end|p2a: Raging Bolt|Protosynthesis|[silent]
|
|-weather|none
|-heal|p1a: Raging Bolt|54/100|[from] item: Leftovers
|upkeep
|-message|localdealerr forfeited.
|
|win|bidooofer
|raw|bidooofer's rating: 1608 &rarr; <strong>1628</strong><br />(+20 for winning)
|raw|localdealerr's rating: 1610 &rarr; <strong>1590</strong><br />(-20 for losing)
|l|☆localdealerr
|player|p2|
|l|‽bidooofer
|player|p1|
