|j|☆TNT13
|j|☆SpinAga1n
|t:|1757948741
|gametype|singles
|player|p1|TNT13|266|1224
|player|p2|SpinAga1n|dawn-gen4pt|1184
|gen|9
|tier|[Gen 9] OU
|rated|
|rule|HP Percentage Mod: HP is shown in percentages
|rule|Endless Battle Clause: Forcing endless battles is banned
|rule|Species Clause: Limit one of each Pokémon
|rule|OHKO Clause: OHKO moves are banned
|rule|Evasion Items Clause: Evasion items are banned
|rule|Evasion Moves Clause: Evasion moves are banned
|rule|Evasion Abilities Clause: Evasion abilities are banned
|rule|Sleep Moves Clause: Sleep-inducing moves are banned
|clearpoke
|poke|p1|Ceruledge, M|
|poke|p1|Floatzel, F|
|poke|p1|Garchomp, F|
|poke|p1|Vileplume, M|
|poke|p1|Muk, M|
|poke|p1|Cryogonal|
|poke|p2|Okidogi, M|
|poke|p2|Ogerpon-Wellspring, F|
|poke|p2|Darkrai|
|poke|p2|Great Tusk|
|poke|p2|Iron Leaves|
|poke|p2|Glastrier|
|teampreview
|inactive|Battle timer is ON: inactive players will automatically lose when time's up. (requested by SpinAga1n)
|
|t:|1757948751
|teamsize|p1|6
|teamsize|p2|6
|start
|switch|p1a: Vileplume|Vileplume, M|100/100
|switch|p2a: Okidogi|Okidogi, M|100/100
|turn|1
|
|t:|1757948760
|move|p2a: Okidogi|Crunch|p1a: Vileplume
|-damage|p1a: Vileplume|64/100
|-status|p2a: Okidogi|slp|[from] ability: Effect Spore|[of] p1a: Vileplume
|-damage|p2a: Okidogi|91/100 slp|[from] item: Life Orb
|move|p1a: Vileplume|Strength Sap|p2a: Okidogi
|-unboost|p2a: Okidogi|atk|1
|-heal|p1a: Vileplume|100/100
|
|upkeep
|turn|2
|
|t:|1757948777
|switch|p1a: Garchomp|Garchomp, F|100/100
|cant|p2a: Okidogi|slp
|
|upkeep
|turn|3
|
|t:|1757948782
|switch|p2a: Glastrier|Glastrier|100/100
|move|p1a: Garchomp|Spikes|p2a: Glastrier
|-sidestart|p2: SpinAga1n|Spikes
|
|upkeep
|turn|4
|
|t:|1757948796
|move|p2a: Glastrier|High Horsepower|p1a: Garchomp
|-damage|p1a: Garchomp|75/100
|-damage|p2a: Glastrier|88/100|[from] ability: Rough Skin|[of] p1a: Garchomp
|-damage|p2a: Glastrier|71/100|[from] item: Rocky Helmet|[of] p1a: Garchomp
|move|p1a: Garchomp|Dragon Tail|p2a: Glastrier
|-damage|p2a: Glastrier|54/100
|drag|p2a: Iron Leaves|Iron Leaves|100/100
|-damage|p2a: Iron Leaves|88/100|[from] Spikes
|-enditem|p2a: Iron Leaves|Booster Energy
|-activate|p2a: Iron Leaves|ability: Quark Drive|[fromitem]
|-start|p2a: Iron Leaves|quarkdriveatk
|
|upkeep
|turn|5
|
|t:|1757948809
|move|p2a: Iron Leaves|Swords Dance|p2a: Iron Leaves
|-boost|p2a: Iron Leaves|atk|2
|move|p1a: Garchomp|Dragon Tail|p2a: Iron Leaves
|-damage|p2a: Iron Leaves|58/100
|-end|p2a: Iron Leaves|Quark Drive|[silent]
|drag|p2a: Okidogi|Okidogi, M|91/100 slp
|-damage|p2a: Okidogi|78/100 slp|[from] Spikes
|
|upkeep
|turn|6
|
|t:|1757948817
|switch|p2a: Glastrier|Glastrier|54/100
|move|p1a: Garchomp|Spikes|p2a: Glastrier
|-sidestart|p2: SpinAga1n|Spikes
|
|upkeep
|turn|7
|
|t:|1757948824
|switch|p1a: Ceruledge|Ceruledge, M|100/100
|move|p2a: Glastrier|Avalanche|p1a: Ceruledge
|-resisted|p1a: Ceruledge
|-damage|p1a: Ceruledge|75/100
|
|upkeep
|turn|8
|
|t:|1757948832
|-terastallize|p2a: Glastrier|Dark
|move|p1a: Ceruledge|Bitter Blade|p2a: Glastrier
|-damage|p2a: Glastrier|23/100
|-heal|p1a: Ceruledge|96/100|[from] drain|[of] p2a: Glastrier
|move|p2a: Glastrier|Throat Chop|p1a: Ceruledge
|-supereffective|p1a: Ceruledge
|-damage|p1a: Ceruledge|0 fnt
|faint|p1a: Ceruledge
|-ability|p2a: Glastrier|Chilling Neigh|boost
|-boost|p2a: Glastrier|atk|1
|
|upkeep
|
|t:|1757948851
|switch|p1a: Garchomp|Garchomp, F|75/100
|turn|9
|
|t:|1757948854
|move|p1a: Garchomp|Earthquake|p2a: Glastrier
|-damage|p2a: Glastrier|0 fnt
|faint|p2a: Glastrier
|
|upkeep
|
|t:|1757948858
|switch|p2a: Darkrai|Darkrai|100/100
|turn|10
|
|t:|1757948874
|switch|p1a: Muk|Muk, M|100/100
|move|p2a: Darkrai|Nasty Plot|p2a: Darkrai
|-boost|p2a: Darkrai|spa|2
|
|upkeep
|turn|11
|
|t:|1757948881
|move|p2a: Darkrai|Dark Pulse|p1a: Muk
|-crit|p1a: Muk
|-damage|p1a: Muk|31/100
|cant|p1a: Muk|flinch
|
|upkeep
|turn|12
|
|t:|1757948886
|move|p2a: Darkrai|Dark Pulse|p1a: Muk
|-damage|p1a: Muk|0 fnt
|faint|p1a: Muk
|
|upkeep
|
|t:|1757948891
|switch|p1a: Cryogonal|Cryogonal|100/100
|turn|13
|
|t:|1757948894
|move|p2a: Darkrai|Dark Pulse|p1a: Cryogonal
|-damage|p1a: Cryogonal|39/100
|cant|p1a: Cryogonal|flinch
|
|upkeep
|turn|14
|
|t:|1757948900
|move|p2a: Darkrai|Dark Pulse|p1a: Cryogonal
|-damage|p1a: Cryogonal|0 fnt
|faint|p1a: Cryogonal
|
|upkeep
|
|t:|1757948905
|switch|p1a: Vileplume|Vileplume, M|100/100
|turn|15
|
|t:|1757948908
|-terastallize|p1a: Vileplume|Fairy
|move|p2a: Darkrai|Ice Beam|p1a: Vileplume
|-damage|p1a: Vileplume|30/100
|move|p1a: Vileplume|Moonblast|p2a: Darkrai
|-supereffective|p2a: Darkrai
|-damage|p2a: Darkrai|0 fnt
|faint|p2a: Darkrai
|
|-heal|p1a: Vileplume|36/100|[from] item: Leftovers
|upkeep
|
|t:|1757948918
|switch|p2a: Iron Leaves|Iron Leaves|58/100
|-damage|p2a: Iron Leaves|42/100|[from] Spikes
|turn|16
|
|t:|1757948923
|move|p2a: Iron Leaves|Leaf Blade|p1a: Vileplume
|-damage|p1a: Vileplume|0 fnt
|faint|p1a: Vileplume
|
|upkeep
|
|t:|1757948931
|switch|p1a: Garchomp|Garchomp, F|75/100
|turn|17
|
|t:|1757948940
|move|p2a: Iron Leaves|Leaf Blade|p1a: Garchomp
|-damage|p1a: Garchomp|45/100
|-damage|p2a: Iron Leaves|29/100|[from] ability: Rough Skin|[of] p1a: Garchomp
|-damage|p2a: Iron Leaves|13/100|[from] item: Rocky Helmet|[of] p1a: Garchomp
|move|p1a: Garchomp|Spikes|p2a: Iron Leaves
|-sidestart|p2: SpinAga1n|Spikes
|
|upkeep
|turn|18
|
|t:|1757948953
|move|p2a: Iron Leaves|Leaf Blade|p1a: Garchomp
|-damage|p1a: Garchomp|15/100
|-damage|p2a: Iron Leaves|0 fnt|[from] ability: Rough Skin|[of] p1a: Garchomp
|faint|p2a: Iron Leaves
|-end|p2a: Iron Leaves|Quark Drive|[silent]
|move|p1a: Garchomp|Earthquake|p2: Iron Leaves|[notarget]
|-fail|p1a: Garchomp
|
|upkeep
|
|t:|1757948957
|switch|p2a: Ogerpon|Ogerpon-Wellspring, F|100/100
|-damage|p2a: Ogerpon|76/100|[from] Spikes
|turn|19
|
|t:|1757948966
|switch|p1a: Floatzel|Floatzel, F|100/100
|move|p2a: Ogerpon|Ivy Cudgel|p1a: Floatzel|[anim] Ivy Cudgel Water
|-resisted|p1a: Floatzel
|-crit|p1a: Floatzel
|-damage|p1a: Floatzel|24/100
|
|upkeep
|turn|20
|
|t:|1757948974
|move|p2a: Ogerpon|Ivy Cudgel|p1a: Floatzel|[anim] Ivy Cudgel Water
|-resisted|p1a: Floatzel
|-damage|p1a: Floatzel|0 fnt
|faint|p1a: Floatzel
|
|upkeep
|
|t:|1757948979
|switch|p1a: Garchomp|Garchomp, F|15/100
|turn|21
|
|t:|1757948983
|move|p2a: Ogerpon|Ivy Cudgel|p1a: Garchomp|[anim] Ivy Cudgel Water
|-damage|p1a: Garchomp|0 fnt
|faint|p1a: Garchomp
|
|win|SpinAga1n
|raw|TNT13's rating: 1224 &rarr; <strong>1196</strong><br />(-28 for losing)
|raw|SpinAga1n's rating: 1184 &rarr; <strong>1212</strong><br />(+28 for winning)
|l|☆TNT13
|player|p1|
|l|☆SpinAga1n
|player|p2|
|j|☆SpinAga1n
|player|p2|SpinAga1n|dawn-gen4pt|
|l|☆SpinAga1n
|player|p2|
