|j|☆BluTurtle_
|j|☆Gurden
|t:|1757788837
|gametype|singles
|player|p1|BluTurtle_|steven|1141
|player|p2|Gurden|170|1149
|gen|9
|tier|[Gen 9] OU
|rated|
|rule|HP Percentage Mod: HP is shown in percentages
|rule|Endless Battle Clause: Forcing endless battles is banned
|rule|Species Clause: Limit one of each Pokémon
|rule|OHKO Clause: OHKO moves are banned
|rule|Evasion Items Clause: Evasion items are banned
|rule|Evasion Moves Clause: Evasion moves are banned
|rule|Evasion Abilities Clause: Evasion abilities are banned
|rule|Sleep Moves Clause: Sleep-inducing moves are banned
|clearpoke
|poke|p1|Gholdengo|
|poke|p1|Glimmora, M|
|poke|p1|Comfey, F|
|poke|p1|Kingambit, M|
|poke|p1|Ogerpon-Wellspring, F|
|poke|p1|Blaziken, F|
|poke|p2|Primeape, M|
|poke|p2|Kingdra, F|
|poke|p2|Scream Tail|
|poke|p2|Samurott-Hisui, M|
|poke|p2|Arcanine-Hisui, F|
|poke|p2|Bastiodon, M|
|teampreview
|
|t:|1757788839
|teamsize|p1|6
|teamsize|p2|6
|start
|switch|p1a: Glimmora|Glimmora, M, shiny|100/100
|switch|p2a: Bastiodon|Bastiodon, M|100/100
|turn|1
|
|t:|1757788848
|move|p1a: Glimmora|Stealth Rock|p2a: Bastiodon
|-sidestart|p2: Gurden|move: Stealth Rock
|move|p2a: Bastiodon|Stealth Rock|p1a: Glimmora
|-sidestart|p1: BluTurtle_|move: Stealth Rock
|
|upkeep
|turn|2
|
|t:|1757788855
|switch|p1a: Ogerpon|Ogerpon-Wellspring, F|100/100
|-damage|p1a: Ogerpon|88/100|[from] Stealth Rock
|move|p2a: Bastiodon|Earthquake|p1a: Ogerpon
|-resisted|p1a: Ogerpon
|-damage|p1a: Ogerpon|80/100
|
|upkeep
|turn|3
|
|t:|1757788863
|move|p1a: Ogerpon|Spikes|p2a: Bastiodon
|-sidestart|p2: Gurden|Spikes
|move|p2a: Bastiodon|Metal Burst||[still]
|-fail|p2a: Bastiodon
|
|upkeep
|turn|4
|
|t:|1757788868
|move|p1a: Ogerpon|Taunt|p2a: Bastiodon
|-start|p2a: Bastiodon|move: Taunt
|move|p2a: Bastiodon|Body Press|p1a: Ogerpon
|-damage|p1a: Ogerpon|32/100
|
|upkeep
|turn|5
|
|t:|1757788877
|move|p1a: Ogerpon|Ivy Cudgel|p2a: Bastiodon|[anim] Ivy Cudgel Water
|-supereffective|p2a: Bastiodon
|-crit|p2a: Bastiodon
|-damage|p2a: Bastiodon|2/100
|move|p2a: Bastiodon|Metal Burst|p1a: Ogerpon
|-damage|p1a: Ogerpon|0 fnt
|faint|p1a: Ogerpon
|
|upkeep
|
|t:|1757788884
|switch|p1a: Gholdengo|Gholdengo, shiny|100/100
|-damage|p1a: Gholdengo|94/100|[from] Stealth Rock
|-item|p1a: Gholdengo|Air Balloon
|turn|6
|-enditem|p2a: Bastiodon|Custap Berry|[eat]
|-activate|p2a: Bastiodon|item: Custap Berry|[consumed]
|
|t:|1757788891
|move|p2a: Bastiodon|Earthquake|p1a: Gholdengo
|-immune|p1a: Gholdengo
|move|p1a: Gholdengo|Nasty Plot|p1a: Gholdengo
|-boost|p1a: Gholdengo|spa|2
|
|-end|p2a: Bastiodon|move: Taunt
|upkeep
|turn|7
|
|t:|1757788903
|move|p1a: Gholdengo|Nasty Plot|p1a: Gholdengo
|-boost|p1a: Gholdengo|spa|2
|move|p2a: Bastiodon|Metal Burst||[still]
|-fail|p2a: Bastiodon
|
|upkeep
|turn|8
|
|t:|1757788912
|move|p1a: Gholdengo|Shadow Ball|p2a: Bastiodon
|-damage|p2a: Bastiodon|0 fnt
|faint|p2a: Bastiodon
|
|upkeep
|inactive|Battle timer is ON: inactive players will automatically lose when time's up. (requested by BluTurtle_)
|
|t:|1757788938
|switch|p2a: Samurott|Samurott-Hisui, M|100/100
|-damage|p2a: Samurott|88/100|[from] Stealth Rock
|-damage|p2a: Samurott|76/100|[from] Spikes
|turn|9
|
|t:|1757788947
|-terastallize|p1a: Gholdengo|Fairy
|move|p2a: Samurott|Ceaseless Edge|p1a: Gholdengo
|-resisted|p1a: Gholdengo
|-damage|p1a: Gholdengo|69/100
|-enditem|p1a: Gholdengo|Air Balloon
|-sidestart|p1: BluTurtle_|Spikes
|move|p1a: Gholdengo|Dazzling Gleam|p2a: Samurott
|-supereffective|p2a: Samurott
|-damage|p2a: Samurott|0 fnt
|faint|p2a: Samurott
|
|upkeep
|
|t:|1757788963
|switch|p2a: Scream Tail|Scream Tail|100/100
|-damage|p2a: Scream Tail|88/100|[from] Stealth Rock
|-damage|p2a: Scream Tail|76/100|[from] Spikes
|-enditem|p2a: Scream Tail|Booster Energy
|-activate|p2a: Scream Tail|ability: Protosynthesis|[fromitem]
|-start|p2a: Scream Tail|protosynthesisspd
|turn|10
|
|t:|1757788973
|-terastallize|p2a: Scream Tail|Normal
|move|p1a: Gholdengo|Shadow Ball|p2a: Scream Tail
|-immune|p2a: Scream Tail
|move|p2a: Scream Tail|Boomburst|p1a: Gholdengo
|-damage|p1a: Gholdengo|9/100
|
|upkeep
|turn|11
|
|t:|1757788985
|move|p1a: Gholdengo|Dazzling Gleam|p2a: Scream Tail
|-damage|p2a: Scream Tail|3/100
|move|p2a: Scream Tail|Boomburst|p1a: Gholdengo
|-damage|p1a: Gholdengo|0 fnt
|faint|p1a: Gholdengo
|
|upkeep
|
|t:|1757788990
|switch|p1a: Comfey|Comfey, F, shiny|100/100
|-damage|p1a: Comfey|88/100|[from] Stealth Rock
|-damage|p1a: Comfey|76/100|[from] Spikes
|turn|12
|
|t:|1757788997
|move|p2a: Scream Tail|Boomburst|p1a: Comfey
|-damage|p1a: Comfey|25/100
|move|p1a: Comfey|Calm Mind|p1a: Comfey
|-boost|p1a: Comfey|spa|1
|-boost|p1a: Comfey|spd|1
|
|upkeep
|turn|13
|
|t:|1757789004
|move|p1a: Comfey|Draining Kiss|p2a: Scream Tail
|-damage|p2a: Scream Tail|0 fnt
|-heal|p1a: Comfey|28/100|[from] drain|[of] p2a: Scream Tail
|faint|p2a: Scream Tail
|-end|p2a: Scream Tail|Protosynthesis|[silent]
|-damage|p1a: Comfey|18/100|[from] item: Life Orb
|
|upkeep
|
|t:|1757789019
|switch|p2a: Arcanine|Arcanine-Hisui, F|100/100
|-damage|p2a: Arcanine|76/100|[from] Stealth Rock
|-damage|p2a: Arcanine|63/100|[from] Spikes
|turn|14
|
|t:|1757789026
|switch|p1a: Glimmora|Glimmora, M, shiny|100/100
|-damage|p1a: Glimmora|88/100|[from] Stealth Rock
|-damage|p1a: Glimmora|76/100|[from] Spikes
|move|p2a: Arcanine|Flare Blitz|p1a: Glimmora
|-resisted|p1a: Glimmora
|-damage|p1a: Glimmora|54/100
|-activate|p1a: Glimmora|ability: Toxic Debris
|-sidestart|p2: Gurden|move: Toxic Spikes
|-enditem|p1a: Glimmora|Red Card|[of] p2a: Arcanine
|drag|p2a: Kingdra|Kingdra, F|100/100
|-damage|p2a: Kingdra|88/100|[from] Stealth Rock
|-damage|p2a: Kingdra|76/100|[from] Spikes
|-status|p2a: Kingdra|psn
|
|-damage|p2a: Kingdra|63/100 psn|[from] psn
|upkeep
|turn|15
|
|t:|1757789045
|move|p2a: Kingdra|Focus Energy|p2a: Kingdra
|-start|p2a: Kingdra|move: Focus Energy
|move|p1a: Glimmora|Mortal Spin|p2a: Kingdra
|-damage|p2a: Kingdra|56/100 psn
|-sideend|p1: BluTurtle_|Spikes|[from] move: Mortal Spin|[of] p1a: Glimmora
|-sideend|p1: BluTurtle_|Stealth Rock|[from] move: Mortal Spin|[of] p1a: Glimmora
|
|-damage|p2a: Kingdra|44/100 psn|[from] psn
|upkeep
|turn|16
|
|t:|1757789056
|move|p2a: Kingdra|Flash Cannon|p1a: Glimmora
|-supereffective|p1a: Glimmora
|-crit|p1a: Glimmora
|-damage|p1a: Glimmora|0 fnt
|faint|p1a: Glimmora
|
|-damage|p2a: Kingdra|31/100 psn|[from] psn
|upkeep
|
|t:|1757789064
|switch|p1a: Blaziken|Blaziken, F, shiny|100/100
|turn|17
|
|t:|1757789068
|move|p1a: Blaziken|Protect|p1a: Blaziken
|-singleturn|p1a: Blaziken|Protect
|move|p2a: Kingdra|Draco Meteor|p1a: Blaziken
|-activate|p1a: Blaziken|move: Protect
|
|-damage|p2a: Kingdra|19/100 psn|[from] psn
|-ability|p1a: Blaziken|Speed Boost|boost
|-boost|p1a: Blaziken|spe|1
|upkeep
|turn|18
|
|t:|1757789079
|move|p1a: Blaziken|Protect||[still]
|-fail|p1a: Blaziken
|move|p2a: Kingdra|Draco Meteor|p1a: Blaziken
|-crit|p1a: Blaziken
|-damage|p1a: Blaziken|0 fnt
|-unboost|p2a: Kingdra|spa|2
|faint|p1a: Blaziken
|
|-damage|p2a: Kingdra|7/100 psn|[from] psn
|upkeep
|
|t:|1757789081
|switch|p1a: Comfey|Comfey, F, shiny|18/100
|turn|19
|
|t:|1757789092
|move|p2a: Kingdra|Flash Cannon|p1a: Comfey
|-supereffective|p1a: Comfey
|-crit|p1a: Comfey
|-damage|p1a: Comfey|0 fnt
|faint|p1a: Comfey
|
|-damage|p2a: Kingdra|0 fnt|[from] psn
|faint|p2a: Kingdra
|upkeep
|
|t:|1757789102
|switch|p2a: Arcanine|Arcanine-Hisui, F|63/100
|switch|p1a: Kingambit|Kingambit, M, shiny|100/100
|-damage|p2a: Arcanine|39/100|[from] Stealth Rock
|-damage|p2a: Arcanine|26/100|[from] Spikes
|-status|p2a: Arcanine|psn
|-activate|p1a: Kingambit|ability: Supreme Overlord
|-start|p1a: Kingambit|fallen5|[silent]
|turn|20
|
|t:|1757789114
|move|p1a: Kingambit|Sucker Punch|p2a: Arcanine
|-damage|p2a: Arcanine|0 fnt
|faint|p2a: Arcanine
|
|upkeep
|
|t:|1757789119
|switch|p2a: Primeape|Primeape, M|100/100
|-damage|p2a: Primeape|95/100|[from] Stealth Rock
|-damage|p2a: Primeape|82/100|[from] Spikes
|-status|p2a: Primeape|psn
|turn|21
|
|t:|1757789129
|move|p2a: Primeape|Drain Punch|p1a: Kingambit
|-supereffective|p1a: Kingambit
|-damage|p1a: Kingambit|0 fnt
|-heal|p2a: Primeape|100/100 psn|[from] drain|[of] p1a: Kingambit
|faint|p1a: Kingambit
|-end|p1a: Kingambit|fallen5|[silent]
|
|win|Gurden
|raw|BluTurtle_'s rating: 1141 &rarr; <strong>1117</strong><br />(-24 for losing)
|raw|Gurden's rating: 1149 &rarr; <strong>1173</strong><br />(+24 for winning)
|l|☆BluTurtle_
|player|p1|
|l|☆Gurden
|player|p2|
