|j|☆Papagayo32
|j|☆thekingthegoat
|t:|1757945128
|gametype|singles
|player|p1|Papagayo32|youngster-gen4dp|1383
|player|p2|thekingthegoat|265|1456
|gen|9
|tier|[Gen 9] OU
|rated|
|rule|HP Percentage Mod: HP is shown in percentages
|rule|Endless Battle Clause: Forcing endless battles is banned
|rule|Species Clause: Limit one of each Pokémon
|rule|OHKO Clause: OHKO moves are banned
|rule|Evasion Items Clause: Evasion items are banned
|rule|Evasion Moves Clause: Evasion moves are banned
|rule|Evasion Abilities Clause: Evasion abilities are banned
|rule|Sleep Moves Clause: Sleep-inducing moves are banned
|clearpoke
|poke|p1|Dragapult, M|
|poke|p1|Slowbro, M|
|poke|p1|Empoleon, F|
|poke|p1|Gliscor, M|
|poke|p1|Ting-Lu|
|poke|p1|Weezing-Galar, M|
|poke|p2|Ribombee, F|
|poke|p2|Gholdengo|
|poke|p2|Great Tusk|
|poke|p2|Raging Bolt|
|poke|p2|Ogerpon-Cornerstone, F|
|poke|p2|Ceruledge, M|
|teampreview
|inactive|Battle timer is ON: inactive players will automatically lose when time's up. (requested by thekingthegoat)
|
|t:|1757945140
|teamsize|p1|6
|teamsize|p2|6
|start
|switch|p1a: Gliscor|Gliscor, M|100/100
|switch|p2a: BROTHER STONE|Ogerpon-Cornerstone, F|100/100
|turn|1
|
|t:|1757945158
|move|p1a: Gliscor|Protect|p1a: Gliscor
|-singleturn|p1a: Gliscor|Protect
|move|p2a: BROTHER STONE|Ivy Cudgel|p1a: Gliscor|[anim] Ivy Cudgel Rock
|-activate|p1a: Gliscor|move: Protect
|
|-status|p1a: Gliscor|tox|[from] item: Toxic Orb
|upkeep
|turn|2
|
|t:|1757945167
|switch|p1a: Slowbro|Slowbro, M|100/100
|move|p2a: BROTHER STONE|Taunt|p1a: Slowbro
|-start|p1a: Slowbro|move: Taunt
|
|upkeep
|turn|3
|
|t:|1757945172
|move|p2a: BROTHER STONE|Power Whip|p1a: Slowbro|[miss]
|-miss|p2a: BROTHER STONE|p1a: Slowbro
|move|p1a: Slowbro|Scald|p2a: BROTHER STONE
|-damage|p2a: BROTHER STONE|68/100
|-status|p2a: BROTHER STONE|brn
|
|-damage|p2a: BROTHER STONE|62/100 brn|[from] brn
|upkeep
|turn|4
|
|t:|1757945182
|move|p2a: BROTHER STONE|Power Whip|p1a: Slowbro|[miss]
|-miss|p2a: BROTHER STONE|p1a: Slowbro
|move|p1a: Slowbro|Scald|p2a: BROTHER STONE
|-damage|p2a: BROTHER STONE|32/100 brn
|
|-damage|p2a: BROTHER STONE|26/100 brn|[from] brn
|-end|p1a: Slowbro|move: Taunt
|upkeep
|turn|5
|
|t:|1757945190
|move|p2a: BROTHER STONE|Power Whip|p1a: Slowbro
|-supereffective|p1a: Slowbro
|-damage|p1a: Slowbro|53/100
|move|p1a: Slowbro|Calm Mind|p1a: Slowbro
|-boost|p1a: Slowbro|spa|1
|-boost|p1a: Slowbro|spd|1
|
|-heal|p1a: Slowbro|59/100|[from] item: Leftovers
|-damage|p2a: BROTHER STONE|20/100 brn|[from] brn
|upkeep
|turn|6
|
|t:|1757945194
|move|p2a: BROTHER STONE|Taunt|p1a: Slowbro
|-start|p1a: Slowbro|move: Taunt
|cant|p1a: Slowbro|move: Taunt|Slack Off
|
|-heal|p1a: Slowbro|65/100|[from] item: Leftovers
|-damage|p2a: BROTHER STONE|14/100 brn|[from] brn
|upkeep
|turn|7
|
|t:|1757945207
|switch|p1a: Weezing|Weezing-Galar, M|100/100
|-ability|p1a: Weezing|Neutralizing Gas
|move|p2a: BROTHER STONE|Power Whip|p1a: Weezing
|-resisted|p1a: Weezing
|-damage|p1a: Weezing|83/100
|
|-damage|p2a: BROTHER STONE|8/100 brn|[from] brn
|upkeep
|turn|8
|
|t:|1757945219
|move|p2a: BROTHER STONE|Ivy Cudgel|p1a: Weezing|[anim] Ivy Cudgel Rock
|-crit|p1a: Weezing
|-damage|p1a: Weezing|44/100
|move|p1a: Weezing|Toxic Spikes|p2a: BROTHER STONE
|-sidestart|p2: thekingthegoat|move: Toxic Spikes
|
|-damage|p2a: BROTHER STONE|2/100 brn|[from] brn
|upkeep
|turn|9
|
|t:|1757945224
|move|p2a: BROTHER STONE|Ivy Cudgel|p1a: Weezing|[anim] Ivy Cudgel Rock
|-damage|p1a: Weezing|15/100
|move|p1a: Weezing|Toxic Spikes|p2a: BROTHER STONE
|-sidestart|p2: thekingthegoat|move: Toxic Spikes
|
|-damage|p2a: BROTHER STONE|0 fnt|[from] brn
|faint|p2a: BROTHER STONE
|upkeep
|
|t:|1757945227
|switch|p2a: BANDIT|Great Tusk, shiny|100/100
|-status|p2a: BANDIT|tox
|turn|10
|
|t:|1757945239
|-end|p1a: Weezing|ability: Neutralizing Gas
|switch|p1a: Empoleon|Empoleon, F|100/100
|-enditem|p2a: BANDIT|Booster Energy
|-activate|p2a: BANDIT|ability: Protosynthesis|[fromitem]
|-start|p2a: BANDIT|protosynthesisatk
|move|p2a: BANDIT|Ice Spinner|p1a: Empoleon
|-resisted|p1a: Empoleon
|-damage|p1a: Empoleon|89/100
|
|-damage|p2a: BANDIT|94/100 tox|[from] psn
|upkeep
|turn|11
|
|t:|1757945244
|move|p1a: Empoleon|Hydro Pump|p2a: BANDIT
|-supereffective|p2a: BANDIT
|-damage|p2a: BANDIT|0 fnt
|faint|p2a: BANDIT
|-end|p2a: BANDIT|Protosynthesis|[silent]
|
|upkeep
|
|t:|1757945248
|switch|p2a: KRYPTONITE|Gholdengo, shiny|100/100
|-item|p2a: KRYPTONITE|Air Balloon
|turn|12
|
|t:|1757945250
|move|p1a: Empoleon|Hydro Pump|p2a: KRYPTONITE
|-damage|p2a: KRYPTONITE|46/100
|-enditem|p2a: KRYPTONITE|Air Balloon
|move|p2a: KRYPTONITE|Focus Blast|p1a: Empoleon
|-supereffective|p1a: Empoleon
|-damage|p1a: Empoleon|0 fnt
|faint|p1a: Empoleon
|
|upkeep
|
|t:|1757945257
|switch|p1a: Dragapult|Dragapult, M|100/100
|turn|13
|
|t:|1757945269
|switch|p2a: NEW DROP|Ribombee, F, shiny|100/100
|-status|p2a: NEW DROP|tox
|move|p1a: Dragapult|Shadow Ball|p2a: NEW DROP
|-damage|p2a: NEW DROP|5/100 tox
|
|-damage|p2a: NEW DROP|0 fnt|[from] psn
|faint|p2a: NEW DROP
|upkeep
|
|t:|1757945272
|switch|p2a: GREAT NECK|Raging Bolt|100/100
|-status|p2a: GREAT NECK|tox
|-enditem|p2a: GREAT NECK|Booster Energy
|-activate|p2a: GREAT NECK|ability: Protosynthesis|[fromitem]
|-start|p2a: GREAT NECK|protosynthesisspa
|turn|14
|
|t:|1757945277
|switch|p1a: Ting-Lu|Ting-Lu|100/100
|-ability|p1a: Ting-Lu|Vessel of Ruin
|-terastallize|p2a: GREAT NECK|Bug
|move|p2a: GREAT NECK|Dragon Pulse|p1a: Ting-Lu
|-damage|p1a: Ting-Lu|74/100
|
|-heal|p1a: Ting-Lu|80/100|[from] item: Leftovers
|-damage|p2a: GREAT NECK|94/100 tox|[from] psn
|upkeep
|turn|15
|
|t:|1757945286
|-end|p2a: GREAT NECK|Protosynthesis|[silent]
|switch|p2a: TORE UP|Ceruledge, M, shiny|100/100
|-status|p2a: TORE UP|tox
|move|p1a: Ting-Lu|Whirlwind|p2a: TORE UP
|drag|p2a: KRYPTONITE|Gholdengo, shiny|46/100
|
|-heal|p1a: Ting-Lu|86/100|[from] item: Leftovers
|upkeep
|turn|16
|
|t:|1757945302
|switch|p1a: Weezing|Weezing-Galar, M|15/100
|-ability|p1a: Weezing|Neutralizing Gas
|move|p2a: KRYPTONITE|Focus Blast|p1a: Weezing
|-resisted|p1a: Weezing
|-damage|p1a: Weezing|4/100
|
|upkeep
|turn|17
|
|t:|1757945306
|move|p2a: KRYPTONITE|Shadow Ball|p1a: Weezing
|-damage|p1a: Weezing|0 fnt
|faint|p1a: Weezing
|-end|p1a: Weezing|ability: Neutralizing Gas
|
|upkeep
|
|t:|1757945307
|switch|p1a: Dragapult|Dragapult, M|100/100
|turn|18
|
|t:|1757945309
|move|p1a: Dragapult|Shadow Ball|p2a: KRYPTONITE
|-supereffective|p2a: KRYPTONITE
|-damage|p2a: KRYPTONITE|0 fnt
|faint|p2a: KRYPTONITE
|
|upkeep
|
|t:|1757945313
|switch|p2a: TORE UP|Ceruledge, M, shiny|100/100 tox
|turn|19
|
|t:|1757945315
|move|p2a: TORE UP|Shadow Sneak|p1a: Dragapult
|-supereffective|p1a: Dragapult
|-damage|p1a: Dragapult|37/100
|move|p1a: Dragapult|Shadow Ball|p2a: TORE UP
|-supereffective|p2a: TORE UP
|-enditem|p2a: TORE UP|Focus Sash
|-damage|p2a: TORE UP|1/100 tox
|
|-damage|p2a: TORE UP|0 fnt|[from] psn
|faint|p2a: TORE UP
|upkeep
|
|t:|1757945317
|switch|p2a: GREAT NECK|Raging Bolt, tera:Bug|94/100 tox
|turn|20
|
|t:|1757945320
|move|p1a: Dragapult|Shadow Ball|p2a: GREAT NECK
|-damage|p2a: GREAT NECK|40/100 tox
|move|p2a: GREAT NECK|Thunderbolt|p1a: Dragapult
|-resisted|p1a: Dragapult
|-damage|p1a: Dragapult|3/100
|
|-damage|p2a: GREAT NECK|33/100 tox|[from] psn
|upkeep
|turn|21
|
|t:|1757945323
|move|p2a: GREAT NECK|Thunderclap|p1a: Dragapult
|-resisted|p1a: Dragapult
|-damage|p1a: Dragapult|0 fnt
|faint|p1a: Dragapult
|
|-damage|p2a: GREAT NECK|21/100 tox|[from] psn
|upkeep
|-message|thekingthegoat forfeited.
|
|win|Papagayo32
|raw|Papagayo32's rating: 1383 &rarr; <strong>1407</strong><br />(+24 for winning)
|raw|thekingthegoat's rating: 1456 &rarr; <strong>1432</strong><br />(-24 for losing)
|l|☆thekingthegoat
|player|p2|
