|j|☆basic_name
|j|☆CountryBoyz
|t:|1757874048
|gametype|singles
|player|p1|basic_name|collector|1281
|player|p2|CountryBoyz|266|1293
|gen|9
|tier|[Gen 9] OU
|rated|
|rule|HP Percentage Mod: HP is shown in percentages
|rule|Endless Battle Clause: Forcing endless battles is banned
|rule|Species Clause: Limit one of each Pokémon
|rule|OHKO Clause: OHKO moves are banned
|rule|Evasion Items Clause: Evasion items are banned
|rule|Evasion Moves Clause: Evasion moves are banned
|rule|Evasion Abilities Clause: Evasion abilities are banned
|rule|Sleep Moves Clause: Sleep-inducing moves are banned
|clearpoke
|poke|p1|Floatzel, F|
|poke|p1|Pelipper, F|
|poke|p1|Dragapult, F|
|poke|p1|Walking Wake|
|poke|p1|Iron Moth|
|poke|p1|Iron Treads|
|poke|p2|Landorus-Therian, M|
|poke|p2|Cloyster, M|
|poke|p2|Raikou|
|poke|p2|Tentacruel, F|
|poke|p2|Dragonite, M|
|poke|p2|Suicune|
|teampreview
|inactive|Battle timer is ON: inactive players will automatically lose when time's up. (requested by CountryBoyz)
|
|t:|1757874080
|teamsize|p1|6
|teamsize|p2|6
|start
|switch|p1a: Dragapult|Dragapult, F|100/100
|switch|p2a: Raikou|Raikou, shiny|100/100
|turn|1
|
|t:|1757874088
|switch|p2a: Tentacruel|Tentacruel, F|100/100
|move|p1a: Dragapult|U-turn|p2a: Tentacruel
|-resisted|p2a: Tentacruel
|-damage|p2a: Tentacruel|84/100
|
|t:|1757874109
|switch|p1a: Iron Treads|Iron Treads|100/100|[from] U-turn
|
|upkeep
|turn|2
|
|t:|1757874126
|switch|p2a: Landorus|Landorus-Therian, M, shiny|100/100
|-ability|p2a: Landorus|Intimidate|boost
|-unboost|p1a: Iron Treads|atk|1
|move|p1a: Iron Treads|Volt Switch|p2a: Landorus
|-immune|p2a: Landorus
|
|upkeep
|turn|3
|
|t:|1757874136
|-end|p1a: Iron Treads|Quark Drive|[silent]
|switch|p1a: Walking Wake|Walking Wake|100/100
|move|p2a: Landorus|Rock Slide|p1a: Walking Wake
|-damage|p1a: Walking Wake|47/100
|
|upkeep
|turn|4
|
|t:|1757874153
|switch|p2a: Tentacruel|Tentacruel, F|84/100
|move|p1a: Walking Wake|Flip Turn|p2a: Tentacruel
|-resisted|p2a: Tentacruel
|-damage|p2a: Tentacruel|70/100
|
|t:|1757874170
|-end|p1a: Walking Wake|Protosynthesis|[silent]
|switch|p1a: Iron Treads|Iron Treads|100/100|[from] Flip Turn
|
|upkeep
|turn|5
|
|t:|1757874190
|move|p1a: Iron Treads|Knock Off|p2a: Tentacruel
|-damage|p2a: Tentacruel|15/100
|-enditem|p2a: Tentacruel|Assault Vest|[from] move: Knock Off|[of] p1a: Iron Treads
|move|p2a: Tentacruel|Hydro Pump|p1a: Iron Treads
|-supereffective|p1a: Iron Treads
|-damage|p1a: Iron Treads|0 fnt
|faint|p1a: Iron Treads
|-end|p1a: Iron Treads|Quark Drive|[silent]
|
|upkeep
|
|t:|1757874204
|switch|p1a: Walking Wake|Walking Wake|47/100
|turn|6
|
|t:|1757874216
|move|p1a: Walking Wake|Hydro Steam|p2a: Tentacruel
|-resisted|p2a: Tentacruel
|-damage|p2a: Tentacruel|0 fnt
|faint|p2a: Tentacruel
|
|upkeep
|
|t:|1757874227
|switch|p2a: Suicune|Suicune|100/100
|-ability|p2a: Suicune|Pressure
|turn|7
|
|t:|1757874234
|move|p1a: Walking Wake|Flip Turn|p2a: Suicune
|-resisted|p2a: Suicune
|-damage|p2a: Suicune|95/100
|-damage|p1a: Walking Wake|31/100|[from] item: Rocky Helmet|[of] p2a: Suicune
|
|t:|1757874235
|-end|p1a: Walking Wake|Protosynthesis|[silent]
|switch|p1a: Pelipper|Pelipper, F|100/100|[from] Flip Turn
|-weather|RainDance|[from] ability: Drizzle|[of] p1a: Pelipper
|move|p2a: Suicune|Calm Mind|p2a: Suicune
|-boost|p2a: Suicune|spa|1
|-boost|p2a: Suicune|spd|1
|
|-weather|RainDance|[upkeep]
|upkeep
|turn|8
|
|t:|1757874241
|move|p2a: Suicune|Scald|p1a: Pelipper
|-resisted|p1a: Pelipper
|-damage|p1a: Pelipper|61/100
|move|p1a: Pelipper|Hurricane|p2a: Suicune
|-damage|p2a: Suicune|75/100
|
|-weather|RainDance|[upkeep]
|upkeep
|turn|9
|
|t:|1757874247
|move|p2a: Suicune|Scald|p1a: Pelipper
|-resisted|p1a: Pelipper
|-damage|p1a: Pelipper|22/100
|move|p1a: Pelipper|Hurricane|p2a: Suicune
|-damage|p2a: Suicune|54/100
|-start|p2a: Suicune|confusion
|
|-weather|RainDance|[upkeep]
|upkeep
|turn|10
|
|t:|1757874254
|switch|p1a: Dragapult|Dragapult, F|100/100
|-activate|p2a: Suicune|confusion
|move|p2a: Suicune|Scald|p1a: Dragapult
|-resisted|p1a: Dragapult
|-damage|p1a: Dragapult|59/100
|
|-weather|RainDance|[upkeep]
|upkeep
|turn|11
|
|t:|1757874256
|move|p1a: Dragapult|Dragon Darts|p2a: Suicune
|-damage|p2a: Suicune|39/100
|-anim|p1a: Dragapult|Dragon Darts|p2a: Suicune
|-damage|p2a: Suicune|25/100
|-end|p2a: Suicune|confusion
|move|p2a: Suicune|Ice Beam|p1a: Dragapult
|-supereffective|p1a: Dragapult
|-damage|p1a: Dragapult|0 fnt
|faint|p1a: Dragapult
|
|-weather|RainDance|[upkeep]
|upkeep
|
|t:|1757874263
|switch|p1a: Floatzel|Floatzel, F|100/100
|turn|12
|
|t:|1757874267
|move|p1a: Floatzel|Wave Crash|p2a: Suicune
|-resisted|p2a: Suicune
|-damage|p2a: Suicune|0 fnt
|-damage|p1a: Floatzel|84/100|[from] item: Rocky Helmet|[of] p2a: Suicune
|faint|p2a: Suicune
|-damage|p1a: Floatzel|74/100|[from] Recoil
|
|-weather|RainDance|[upkeep]
|upkeep
|
|t:|1757874273
|switch|p2a: Dragonite|Dragonite, M, shiny|100/100
|turn|13
|
|t:|1757874275
|-terastallize|p2a: Dragonite|Normal
|move|p2a: Dragonite|Extreme Speed|p1a: Floatzel
|-damage|p1a: Floatzel|0 fnt
|faint|p1a: Floatzel
|
|-weather|RainDance|[upkeep]
|upkeep
|
|t:|1757874282
|switch|p1a: Iron Moth|Iron Moth|100/100
|turn|14
|c|☆CountryBoyz|Gg
|c|☆CountryBoyz|light work
|
|t:|1757874290
|-terastallize|p1a: Iron Moth|Flying
|move|p2a: Dragonite|Extreme Speed|p1a: Iron Moth
|-damage|p1a: Iron Moth|0 fnt
|faint|p1a: Iron Moth
|-end|p1a: Iron Moth|Quark Drive|[silent]
|
|-weather|none
|upkeep
|-message|basic_name forfeited.
|
|win|CountryBoyz
|raw|basic_name's rating: 1281 &rarr; <strong>1257</strong><br />(-24 for losing)
|raw|CountryBoyz's rating: 1293 &rarr; <strong>1317</strong><br />(+24 for winning)
|l|☆basic_name
|player|p1|
|l|☆CountryBoyz
|player|p2|
