|j|‽icefox
|j|☆bianddegradeable
|t:|1757945163
|gametype|singles
|player|p1|icefox|giovanni|1470
|player|p2|bianddegradeable|caitlin|1417
|gen|9
|tier|[Gen 9] OU
|rated|
|rule|HP Percentage Mod: HP is shown in percentages
|rule|Endless Battle Clause: Forcing endless battles is banned
|rule|Species Clause: Limit one of each Pokémon
|rule|OHKO Clause: OHKO moves are banned
|rule|Evasion Items Clause: Evasion items are banned
|rule|Evasion Moves Clause: Evasion moves are banned
|rule|Evasion Abilities Clause: Evasion abilities are banned
|rule|Sleep Moves Clause: Sleep-inducing moves are banned
|clearpoke
|poke|p1|Meowscarada, M|
|poke|p1|Hydreigon, M|
|poke|p1|Bisharp, M|
|poke|p1|Samurott-Hisui, F|
|poke|p1|Sableye, F|
|poke|p1|Muk-Alola, M|
|poke|p2|Tinkaton, F|
|poke|p2|Great Tusk|
|poke|p2|Garganacl, F|
|poke|p2|Keldeo-Resolute|
|poke|p2|Zapdos|
|poke|p2|Dragapult, M|
|teampreview
|inactive|Battle timer is ON: inactive players will automatically lose when time's up. (requested by bianddegradeable)
|
|t:|1757945180
|teamsize|p1|6
|teamsize|p2|6
|start
|switch|p1a: Samurott|Samurott-Hisui, F|100/100
|switch|p2a: Tinkaton|Tinkaton, F|100/100
|-ability|p2a: Tinkaton|Mold Breaker
|-item|p2a: Tinkaton|Air Balloon
|turn|1
|
|t:|1757945193
|move|p2a: Tinkaton|Stealth Rock|p1a: Samurott
|-sidestart|p1: icefox|move: Stealth Rock
|move|p1a: Samurott|Aqua Cutter|p2a: Tinkaton
|-damage|p2a: Tinkaton|35/100
|-enditem|p2a: Tinkaton|Air Balloon
|
|upkeep
|turn|2
|
|t:|1757945203
|switch|p2a: Keldeo|Keldeo-Resolute|100/100
|move|p1a: Samurott|Ceaseless Edge|p2a: Keldeo
|-resisted|p2a: Keldeo
|-damage|p2a: Keldeo|74/100
|-ability|p2a: Keldeo|Justified|boost
|-boost|p2a: Keldeo|atk|1
|-sidestart|p2: bianddegradeable|Spikes
|
|upkeep
|turn|3
|
|t:|1757945211
|move|p2a: Keldeo|Surf|p1a: Samurott
|-resisted|p1a: Samurott
|-damage|p1a: Samurott|52/100
|move|p1a: Samurott|Sacred Sword|p2a: Keldeo
|-damage|p2a: Keldeo|20/100
|
|upkeep
|turn|4
|
|t:|1757945217
|switch|p2a: Zapdos|Zapdos|100/100
|move|p1a: Samurott|Sucker Punch||[still]
|-fail|p1a: Samurott
|
|upkeep
|turn|5
|
|t:|1757945220
|move|p1a: Samurott|Ceaseless Edge|p2a: Zapdos
|-damage|p2a: Zapdos|66/100
|-sidestart|p2: bianddegradeable|Spikes
|move|p2a: Zapdos|Volt Switch|p1a: Samurott
|-supereffective|p1a: Samurott
|-damage|p1a: Samurott|0 fnt
|faint|p1a: Samurott
|
|t:|1757945234
|switch|p2a: Keldeo|Keldeo-Resolute|20/100|[from] Volt Switch
|-damage|p2a: Keldeo|4/100|[from] Spikes
|
|upkeep
|
|t:|1757945239
|switch|p1a: Muk|Muk-Alola, M|100/100
|-damage|p1a: Muk|88/100|[from] Stealth Rock
|turn|6
|
|t:|1757945242
|move|p1a: Muk|Shadow Sneak|p2a: Keldeo
|-damage|p2a: Keldeo|0 fnt
|faint|p2a: Keldeo
|
|upkeep
|
|t:|1757945246
|switch|p2a: Great Tusk|Great Tusk|100/100
|turn|7
|
|t:|1757945249
|switch|p1a: Sableye|Sableye, F|100/100
|-damage|p1a: Sableye|88/100|[from] Stealth Rock
|move|p2a: Great Tusk|Headlong Rush|p1a: Sableye
|-damage|p1a: Sableye|0 fnt
|-unboost|p2a: Great Tusk|def|1
|-unboost|p2a: Great Tusk|spd|1
|faint|p1a: Sableye
|
|upkeep
|
|t:|1757945252
|switch|p1a: Hydreigon|Hydreigon, M|100/100
|-damage|p1a: Hydreigon|88/100|[from] Stealth Rock
|turn|8
|
|t:|1757945261
|-end|p2a: Great Tusk|Protosynthesis|[silent]
|switch|p2a: Tinkaton|Tinkaton, F|35/100
|-damage|p2a: Tinkaton|19/100|[from] Spikes
|-ability|p2a: Tinkaton|Mold Breaker
|move|p1a: Hydreigon|Draco Meteor|p2a: Tinkaton
|-immune|p2a: Tinkaton
|
|upkeep
|turn|9
|
|t:|1757945265
|switch|p1a: Bisharp|Bisharp, M, shiny|100/100
|-damage|p1a: Bisharp|94/100|[from] Stealth Rock
|move|p2a: Tinkaton|Gigaton Hammer|p1a: Bisharp
|-resisted|p1a: Bisharp
|-damage|p1a: Bisharp|79/100
|
|upkeep
|turn|10
|
|t:|1757945271
|move|p2a: Tinkaton|Thunder Wave|p1a: Bisharp
|-status|p1a: Bisharp|par
|move|p1a: Bisharp|Iron Head|p2a: Tinkaton
|-damage|p2a: Tinkaton|0 fnt
|faint|p2a: Tinkaton
|
|upkeep
|
|t:|1757945273
|switch|p2a: Great Tusk|Great Tusk|100/100
|turn|11
|
|t:|1757945287
|move|p2a: Great Tusk|Rapid Spin|p1a: Bisharp
|-resisted|p1a: Bisharp
|-damage|p1a: Bisharp|73/100 par
|-boost|p2a: Great Tusk|spe|1
|-sideend|p2: bianddegradeable|Spikes|[from] move: Rapid Spin|[of] p2a: Great Tusk
|move|p1a: Bisharp|Iron Head|p2a: Great Tusk
|-damage|p2a: Great Tusk|71/100
|
|upkeep
|turn|12
|
|t:|1757945291
|move|p2a: Great Tusk|Close Combat|p1a: Bisharp
|-supereffective|p1a: Bisharp
|-damage|p1a: Bisharp|0 fnt
|-unboost|p2a: Great Tusk|def|1
|-unboost|p2a: Great Tusk|spd|1
|faint|p1a: Bisharp
|
|upkeep
|
|t:|1757945295
|switch|p1a: Meowscarada|Meowscarada, M|100/100
|-damage|p1a: Meowscarada|88/100|[from] Stealth Rock
|turn|13
|
|t:|1757945299
|-terastallize|p2a: Great Tusk|Fighting
|move|p1a: Meowscarada|Triple Axel|p2a: Great Tusk
|-start|p1a: Meowscarada|typechange|Ice|[from] ability: Protean
|-damage|p2a: Great Tusk|60/100
|-damage|p2a: Great Tusk|39/100
|-damage|p2a: Great Tusk|5/100
|-hitcount|p2a: Great Tusk|3
|move|p2a: Great Tusk|Close Combat|p1a: Meowscarada
|-supereffective|p1a: Meowscarada
|-damage|p1a: Meowscarada|0 fnt
|-unboost|p2a: Great Tusk|def|1
|-unboost|p2a: Great Tusk|spd|1
|faint|p1a: Meowscarada
|
|upkeep
|
|t:|1757945308
|switch|p1a: Muk|Muk-Alola, M|88/100
|-damage|p1a: Muk|76/100|[from] Stealth Rock
|turn|14
|
|t:|1757945312
|-end|p2a: Great Tusk|Protosynthesis|[silent]
|switch|p2a: Garganacl|Garganacl, F|100/100
|move|p1a: Muk|Shadow Sneak|p2a: Garganacl
|-damage|p2a: Garganacl|97/100
|
|-heal|p2a: Garganacl|100/100|[from] item: Leftovers
|upkeep
|turn|15
|
|t:|1757945315
|move|p1a: Muk|Knock Off|p2a: Garganacl
|-damage|p2a: Garganacl|76/100
|-enditem|p2a: Garganacl|Leftovers|[from] move: Knock Off|[of] p1a: Muk
|move|p2a: Garganacl|Salt Cure|p1a: Muk
|-crit|p1a: Muk
|-damage|p1a: Muk|56/100
|-start|p1a: Muk|Salt Cure
|
|-damage|p1a: Muk|43/100|[from] Salt Cure
|upkeep
|turn|16
|
|t:|1757945321
|move|p1a: Muk|Drain Punch|p2a: Garganacl
|-supereffective|p2a: Garganacl
|-crit|p2a: Garganacl
|-damage|p2a: Garganacl|39/100
|-heal|p1a: Muk|61/100|[from] drain|[of] p2a: Garganacl
|move|p2a: Garganacl|Curse|p2a: Garganacl
|-unboost|p2a: Garganacl|spe|1
|-boost|p2a: Garganacl|atk|1
|-boost|p2a: Garganacl|def|1
|
|-damage|p1a: Muk|49/100|[from] Salt Cure
|upkeep
|turn|17
|
|t:|1757945325
|switch|p1a: Hydreigon|Hydreigon, M|88/100
|-damage|p1a: Hydreigon|76/100|[from] Stealth Rock
|move|p2a: Garganacl|Recover|p2a: Garganacl
|-heal|p2a: Garganacl|90/100
|
|upkeep
|turn|18
|
|t:|1757945331
|move|p1a: Hydreigon|Flash Cannon|p2a: Garganacl
|-supereffective|p2a: Garganacl
|-damage|p2a: Garganacl|37/100
|move|p2a: Garganacl|Recover|p2a: Garganacl
|-heal|p2a: Garganacl|88/100
|
|upkeep
|turn|19
|
|t:|1757945334
|move|p1a: Hydreigon|Flash Cannon|p2a: Garganacl
|-supereffective|p2a: Garganacl
|-damage|p2a: Garganacl|34/100
|move|p2a: Garganacl|Avalanche|p1a: Hydreigon
|-supereffective|p1a: Hydreigon
|-damage|p1a: Hydreigon|0 fnt
|faint|p1a: Hydreigon
|
|upkeep
|
|t:|1757945342
|switch|p1a: Muk|Muk-Alola, M|49/100
|-damage|p1a: Muk|36/100|[from] Stealth Rock
|turn|20
|
|t:|1757945344
|move|p1a: Muk|Drain Punch|p2a: Garganacl
|-supereffective|p2a: Garganacl
|-damage|p2a: Garganacl|19/100
|-heal|p1a: Muk|44/100|[from] drain|[of] p2a: Garganacl
|move|p2a: Garganacl|Recover|p2a: Garganacl
|-heal|p2a: Garganacl|69/100
|
|upkeep
|turn|21
|
|t:|1757945357
|move|p1a: Muk|Poison Jab|p2a: Garganacl
|-resisted|p2a: Garganacl
|-damage|p2a: Garganacl|63/100
|move|p2a: Garganacl|Salt Cure|p1a: Muk
|-damage|p1a: Muk|20/100
|-start|p1a: Muk|Salt Cure
|
|-damage|p1a: Muk|8/100|[from] Salt Cure
|upkeep
|turn|22
|
|t:|1757945364
|move|p1a: Muk|Shadow Sneak|p2a: Garganacl
|-damage|p2a: Garganacl|61/100
|move|p2a: Garganacl|Curse|p2a: Garganacl
|-unboost|p2a: Garganacl|spe|1
|-boost|p2a: Garganacl|atk|1
|-boost|p2a: Garganacl|def|1
|
|-damage|p1a: Muk|0 fnt|[from] Salt Cure
|faint|p1a: Muk
|
|win|bianddegradeable
|raw|icefox's rating: 1470 &rarr; <strong>1447</strong><br />(-23 for losing)
|raw|bianddegradeable's rating: 1417 &rarr; <strong>1440</strong><br />(+23 for winning)
|l|☆bianddegradeable
|player|p2|
|l|‽icefox
|player|p1|
