|j|☆saler87
|j|☆4DEF+4SPD=GG
|t:|1757892155
|gametype|singles
|player|p1|saler87|lucas|1329
|player|p2|4DEF+4SPD=GG|preschooler|1385
|gen|9
|tier|[Gen 9] OU
|rated|
|rule|HP Percentage Mod: HP is shown in percentages
|rule|Endless Battle Clause: Forcing endless battles is banned
|rule|Species Clause: Limit one of each Pokémon
|rule|OHKO Clause: OHKO moves are banned
|rule|Evasion Items Clause: Evasion items are banned
|rule|Evasion Moves Clause: Evasion moves are banned
|rule|Evasion Abilities Clause: Evasion abilities are banned
|rule|Sleep Moves Clause: Sleep-inducing moves are banned
|clearpoke
|poke|p1|Grimmsnarl, M|
|poke|p1|Scizor, F|
|poke|p1|Ceruledge, F|
|poke|p1|Glimmora, F|
|poke|p1|Iron Valiant|
|poke|p1|Hydreigon, M|
|poke|p2|Tyranitar, M|
|poke|p2|Excadrill, M|
|poke|p2|Corviknight, M|
|poke|p2|Glimmora, M|
|poke|p2|Hippowdon, M|
|poke|p2|Scizor, M|
|teampreview
|inactive|Battle timer is ON: inactive players will automatically lose when time's up. (requested by 4DEF+4SPD=GG)
|
|t:|1757892168
|teamsize|p1|6
|teamsize|p2|6
|start
|switch|p1a: Hydreigon|Hydreigon, M|100/100
|switch|p2a: Hippowdon|Hippowdon, M|100/100
|-weather|Sandstorm|[from] ability: Sand Stream|[of] p2a: Hippowdon
|turn|1
|
|t:|1757892176
|switch|p2a: Tyranitar|Tyranitar, M|100/100
|move|p1a: Hydreigon|Nasty Plot|p1a: Hydreigon
|-boost|p1a: Hydreigon|spa|2
|
|-weather|Sandstorm|[upkeep]
|-damage|p1a: Hydreigon|94/100|[from] Sandstorm
|upkeep
|turn|2
|
|t:|1757892186
|move|p1a: Hydreigon|Earth Power|p2a: Tyranitar
|-supereffective|p2a: Tyranitar
|-damage|p2a: Tyranitar|26/100
|move|p2a: Tyranitar|Ice Beam|p1a: Hydreigon
|-supereffective|p1a: Hydreigon
|-damage|p1a: Hydreigon|45/100
|
|-weather|Sandstorm|[upkeep]
|-damage|p1a: Hydreigon|39/100|[from] Sandstorm
|upkeep
|turn|3
|
|t:|1757892197
|move|p1a: Hydreigon|Dark Pulse|p2a: Tyranitar
|-resisted|p2a: Tyranitar
|-damage|p2a: Tyranitar|2/100
|move|p2a: Tyranitar|Ice Beam|p1a: Hydreigon
|-supereffective|p1a: Hydreigon
|-damage|p1a: Hydreigon|0 fnt
|faint|p1a: Hydreigon
|
|-weather|Sandstorm|[upkeep]
|upkeep
|
|t:|1757892206
|switch|p1a: Scizor|Scizor, F|100/100
|turn|4
|
|t:|1757892210
|switch|p2a: Corviknight|Corviknight, M|100/100
|move|p1a: Scizor|Swords Dance|p1a: Scizor
|-boost|p1a: Scizor|atk|2
|
|-weather|Sandstorm|[upkeep]
|upkeep
|turn|5
|
|t:|1757892217
|move|p1a: Scizor|Swords Dance|p1a: Scizor
|-boost|p1a: Scizor|atk|2
|move|p2a: Corviknight|U-turn|p1a: Scizor
|-resisted|p1a: Scizor
|-damage|p1a: Scizor|93/100
|
|t:|1757892219
|switch|p2a: Hippowdon|Hippowdon, M|100/100|[from] U-turn
|
|-weather|Sandstorm|[upkeep]
|upkeep
|turn|6
|
|t:|1757892228
|move|p1a: Scizor|Close Combat|p2a: Hippowdon
|-damage|p2a: Hippowdon|24/100
|-unboost|p1a: Scizor|def|1
|-unboost|p1a: Scizor|spd|1
|move|p2a: Hippowdon|Whirlwind|p1a: Scizor
|drag|p1a: Iron Valiant|Iron Valiant|100/100
|-enditem|p1a: Iron Valiant|Booster Energy
|-activate|p1a: Iron Valiant|ability: Quark Drive|[fromitem]
|-start|p1a: Iron Valiant|quarkdrivespe
|
|-weather|Sandstorm|[upkeep]
|-damage|p1a: Iron Valiant|94/100|[from] Sandstorm
|upkeep
|turn|7
|
|t:|1757892242
|switch|p2a: Corviknight|Corviknight, M|100/100
|move|p1a: Iron Valiant|Moonblast|p2a: Corviknight
|-resisted|p2a: Corviknight
|-damage|p2a: Corviknight|79/100
|
|-weather|Sandstorm|[upkeep]
|-damage|p1a: Iron Valiant|88/100|[from] Sandstorm
|upkeep
|turn|8
|
|t:|1757892251
|move|p1a: Iron Valiant|Thunderbolt|p2a: Corviknight
|-supereffective|p2a: Corviknight
|-damage|p2a: Corviknight|26/100
|move|p2a: Corviknight|U-turn|p1a: Iron Valiant
|-resisted|p1a: Iron Valiant
|-damage|p1a: Iron Valiant|84/100
|
|t:|1757892256
|switch|p2a: Excadrill|Excadrill, M|100/100|[from] U-turn
|
|-weather|none
|upkeep
|turn|9
|
|t:|1757892272
|-end|p1a: Iron Valiant|Quark Drive|[silent]
|switch|p1a: Scizor|Scizor, F|93/100
|switch|p2a: Hippowdon|Hippowdon, M|24/100
|-weather|Sandstorm|[from] ability: Sand Stream|[of] p2a: Hippowdon
|
|-weather|Sandstorm|[upkeep]
|upkeep
|turn|10
|
|t:|1757892287
|move|p1a: Scizor|Swords Dance|p1a: Scizor
|-boost|p1a: Scizor|atk|2
|move|p2a: Hippowdon|Whirlwind|p1a: Scizor
|drag|p1a: Glimmora|Glimmora, F|100/100
|
|-weather|Sandstorm|[upkeep]
|upkeep
|turn|11
|
|t:|1757892297
|move|p1a: Glimmora|Earth Power|p2a: Hippowdon
|-damage|p2a: Hippowdon|0 fnt
|faint|p2a: Hippowdon
|
|-weather|Sandstorm|[upkeep]
|upkeep
|
|t:|1757892302
|switch|p2a: Scizor|Scizor, M|100/100
|turn|12
|
|t:|1757892308
|switch|p1a: Scizor|Scizor, F|93/100
|move|p2a: Scizor|Bullet Punch|p1a: Scizor
|-resisted|p1a: Scizor
|-damage|p1a: Scizor|68/100
|
|-weather|Sandstorm|[upkeep]
|upkeep
|turn|13
|
|t:|1757892320
|switch|p2a: Excadrill|Excadrill, M|100/100
|move|p1a: Scizor|U-turn|p2a: Excadrill
|-resisted|p2a: Excadrill
|-damage|p2a: Excadrill|69/100
|
|t:|1757892332
|switch|p1a: Grimmsnarl|Grimmsnarl, M|100/100|[from] U-turn
|
|-weather|Sandstorm|[upkeep]
|-damage|p1a: Grimmsnarl|94/100|[from] Sandstorm
|upkeep
|turn|14
|
|t:|1757892341
|move|p1a: Grimmsnarl|Reflect|p1a: Grimmsnarl
|-sidestart|p1: saler87|Reflect
|move|p2a: Excadrill|Iron Head|p1a: Grimmsnarl
|-supereffective|p1a: Grimmsnarl
|-damage|p1a: Grimmsnarl|48/100
|
|-weather|Sandstorm|[upkeep]
|-damage|p1a: Grimmsnarl|42/100|[from] Sandstorm
|upkeep
|turn|15
|
|t:|1757892350
|move|p1a: Grimmsnarl|Light Screen|p1a: Grimmsnarl
|-sidestart|p1: saler87|move: Light Screen
|move|p2a: Excadrill|Swords Dance|p2a: Excadrill
|-boost|p2a: Excadrill|atk|2
|
|-weather|Sandstorm|[upkeep]
|-damage|p1a: Grimmsnarl|36/100|[from] Sandstorm
|upkeep
|turn|16
|
|t:|1757892358
|move|p1a: Grimmsnarl|Taunt|p2a: Excadrill
|-start|p2a: Excadrill|move: Taunt
|move|p2a: Excadrill|Earthquake|p1a: Grimmsnarl
|-damage|p1a: Grimmsnarl|0 fnt
|faint|p1a: Grimmsnarl
|
|-weather|none
|upkeep
|
|t:|1757892369
|switch|p1a: Glimmora|Glimmora, F|100/100
|turn|17
|
|t:|1757892372
|move|p2a: Excadrill|Earthquake|p1a: Glimmora
|-supereffective|p1a: Glimmora
|-damage|p1a: Glimmora|0 fnt
|-activate|p1a: Glimmora|ability: Toxic Debris
|-sidestart|p2: 4DEF+4SPD=GG|move: Toxic Spikes
|faint|p1a: Glimmora
|
|upkeep
|
|t:|1757892380
|switch|p1a: Ceruledge|Ceruledge, F|100/100
|turn|18
|
|t:|1757892390
|switch|p2a: Tyranitar|Tyranitar, M|2/100
|-status|p2a: Tyranitar|psn
|-weather|Sandstorm|[from] ability: Sand Stream|[of] p2a: Tyranitar
|-terastallize|p1a: Ceruledge|Grass
|move|p1a: Ceruledge|Bitter Blade|p2a: Tyranitar
|-resisted|p2a: Tyranitar
|-damage|p2a: Tyranitar|0 fnt
|faint|p2a: Tyranitar
|
|-weather|Sandstorm|[upkeep]
|-damage|p1a: Ceruledge|94/100|[from] Sandstorm
|upkeep
|
|t:|1757892411
|switch|p2a: Glimmora|Glimmora, M|100/100
|-sideend|p2: 4DEF+4SPD=GG|move: Toxic Spikes|[of] p2a: Glimmora
|turn|19
|
|t:|1757892419
|switch|p1a: Iron Valiant|Iron Valiant|84/100
|move|p2a: Glimmora|Meteor Beam||[still]
|-prepare|p2a: Glimmora|Meteor Beam
|-boost|p2a: Glimmora|spa|1
|-enditem|p2a: Glimmora|Power Herb
|-anim|p2a: Glimmora|Meteor Beam|p1a: Iron Valiant
|-resisted|p1a: Iron Valiant
|-damage|p1a: Iron Valiant|37/100
|
|-weather|Sandstorm|[upkeep]
|-damage|p1a: Iron Valiant|31/100|[from] Sandstorm
|upkeep
|turn|20
|
|t:|1757892434
|switch|p2a: Corviknight|Corviknight, M|26/100
|move|p1a: Iron Valiant|Psyshock|p2a: Corviknight
|-resisted|p2a: Corviknight
|-damage|p2a: Corviknight|18/100
|
|-weather|Sandstorm|[upkeep]
|-damage|p1a: Iron Valiant|24/100|[from] Sandstorm
|upkeep
|turn|21
|
|t:|1757892443
|move|p1a: Iron Valiant|Thunderbolt|p2a: Corviknight
|-supereffective|p2a: Corviknight
|-damage|p2a: Corviknight|0 fnt
|faint|p2a: Corviknight
|
|-weather|Sandstorm|[upkeep]
|-damage|p1a: Iron Valiant|18/100|[from] Sandstorm
|-sideend|p1: saler87|Reflect
|upkeep
|
|t:|1757892445
|switch|p2a: Excadrill|Excadrill, M|69/100
|turn|22
|
|t:|1757892460
|move|p2a: Excadrill|Earthquake|p1a: Iron Valiant
|-damage|p1a: Iron Valiant|0 fnt
|faint|p1a: Iron Valiant
|-end|p1a: Iron Valiant|Quark Drive|[silent]
|
|-weather|Sandstorm|[upkeep]
|-sideend|p1: saler87|move: Light Screen
|upkeep
|
|t:|1757892468
|switch|p1a: Ceruledge|Ceruledge, F, tera:Grass|94/100
|turn|23
|
|t:|1757892484
|switch|p2a: Glimmora|Glimmora, M|100/100
|move|p1a: Ceruledge|Bitter Blade|p2a: Glimmora
|-resisted|p2a: Glimmora
|-damage|p2a: Glimmora|75/100
|-heal|p1a: Ceruledge|100/100|[from] drain|[of] p2a: Glimmora
|-activate|p2a: Glimmora|ability: Toxic Debris
|-sidestart|p1: saler87|move: Toxic Spikes
|
|-weather|Sandstorm|[upkeep]
|-damage|p1a: Ceruledge|94/100|[from] Sandstorm
|upkeep
|turn|24
|
|t:|1757892498
|switch|p1a: Scizor|Scizor, F|68/100
|move|p2a: Glimmora|Sludge Wave|p1a: Scizor
|-immune|p1a: Scizor
|
|-weather|Sandstorm|[upkeep]
|upkeep
|turn|25
|
|t:|1757892505
|move|p2a: Glimmora|Earth Power|p1a: Scizor
|-damage|p1a: Scizor|28/100
|move|p1a: Scizor|Swords Dance|p1a: Scizor
|-boost|p1a: Scizor|atk|2
|
|-weather|none
|upkeep
|turn|26
|inactive|4DEF+4SPD=GG has 120 seconds left.
|
|t:|1757892544
|move|p1a: Scizor|Bullet Punch|p2a: Glimmora
|-supereffective|p2a: Glimmora
|-damage|p2a: Glimmora|0 fnt
|-activate|p2a: Glimmora|ability: Toxic Debris
|-sidestart|p1: saler87|move: Toxic Spikes
|faint|p2a: Glimmora
|
|upkeep
|
|t:|1757892546
|switch|p2a: Scizor|Scizor, M|100/100
|turn|27
|inactive|4DEF+4SPD=GG has 120 seconds left.
|
|t:|1757892570
|move|p1a: Scizor|Bullet Punch|p2a: Scizor
|-resisted|p2a: Scizor
|-damage|p2a: Scizor|64/100
|move|p2a: Scizor|Knock Off|p1a: Scizor
|-damage|p1a: Scizor|0 fnt
|-enditem|p1a: Scizor|Muscle Band|[from] move: Knock Off|[of] p2a: Scizor
|faint|p1a: Scizor
|
|upkeep
|
|t:|1757892578
|switch|p1a: Ceruledge|Ceruledge, F, tera:Grass|94/100
|turn|28
|inactive|4DEF+4SPD=GG has 120 seconds left.
|
|t:|1757892595
|switch|p2a: Excadrill|Excadrill, M|69/100
|move|p1a: Ceruledge|Bitter Blade|p2a: Excadrill
|-supereffective|p2a: Excadrill
|-damage|p2a: Excadrill|0 fnt
|-heal|p1a: Ceruledge|100/100|[from] drain|[of] p2a: Excadrill
|faint|p2a: Excadrill
|
|upkeep
|
|t:|1757892596
|switch|p2a: Scizor|Scizor, M|64/100
|turn|29
|
|t:|1757892608
|-terastallize|p2a: Scizor|Rock
|move|p2a: Scizor|Bullet Punch|p1a: Ceruledge
|-damage|p1a: Ceruledge|30/100
|move|p1a: Ceruledge|Bitter Blade|p2a: Scizor
|-resisted|p2a: Scizor
|-damage|p2a: Scizor|42/100
|-heal|p1a: Ceruledge|43/100|[from] drain|[of] p2a: Scizor
|
|upkeep
|turn|30
|
|t:|1757892627
|move|p1a: Ceruledge|Shadow Sneak|p2a: Scizor
|-damage|p2a: Scizor|23/100
|move|p2a: Scizor|Bullet Punch|p1a: Ceruledge
|-damage|p1a: Ceruledge|0 fnt
|faint|p1a: Ceruledge
|
|win|4DEF+4SPD=GG
|raw|saler87's rating: 1329 &rarr; <strong>1312</strong><br />(-17 for losing)
|raw|4DEF+4SPD=GG's rating: 1385 &rarr; <strong>1402</strong><br />(+17 for winning)
