|j|☆ice_forget
|j|‽harc
|t:|1757838105
|gametype|singles
|player|p1|ice_forget|steven|1280
|player|p2|harc|lady|1332
|gen|9
|tier|[Gen 9] OU
|rated|
|rule|HP Percentage Mod: HP is shown in percentages
|rule|Endless Battle Clause: Forcing endless battles is banned
|rule|Species Clause: Limit one of each Pokémon
|rule|OHKO Clause: OHKO moves are banned
|rule|Evasion Items Clause: Evasion items are banned
|rule|Evasion Moves Clause: Evasion moves are banned
|rule|Evasion Abilities Clause: Evasion abilities are banned
|rule|Sleep Moves Clause: Sleep-inducing moves are banned
|clearpoke
|poke|p1|Tyranitar, F|
|poke|p1|Excadrill, F|
|poke|p1|Keldeo-Resolute|
|poke|p1|Tornadus-Therian, M|
|poke|p1|Heatran, M|
|poke|p1|Hydrapple, F|
|poke|p2|Dachsbun, M|
|poke|p2|Dondozo, F|
|poke|p2|Corviknight, F|
|poke|p2|Goodra, M|
|poke|p2|Reuniclus, M|
|poke|p2|Toedscruel, M|
|teampreview
|inactive|Battle timer is ON: inactive players will automatically lose when time's up. (requested by ice_forget)
|inactive|ice_forget has 120 seconds left.
|
|t:|1757838152
|teamsize|p1|6
|teamsize|p2|6
|start
|switch|p1a: Tyranitar|Tyranitar, F|100/100
|switch|p2a: Toedscruel|Toedscruel, M|100/100
|-weather|Sandstorm|[from] ability: Sand Stream|[of] p1a: Tyranitar
|turn|1
|inactive|ice_forget has 120 seconds left.
|
|t:|1757838184
|switch|p1a: Hydrapple|Hydrapple, F|100/100
|move|p2a: Toedscruel|Reflect|p2a: Toedscruel
|-sidestart|p2: harc|Reflect
|
|-weather|Sandstorm|[upkeep]
|-damage|p1a: Hydrapple|94/100|[from] Sandstorm
|upkeep
|turn|2
|
|t:|1757838193
|move|p1a: Hydrapple|Nasty Plot|p1a: Hydrapple
|-boost|p1a: Hydrapple|spa|2
|move|p2a: Toedscruel|Light Screen|p2a: Toedscruel
|-sidestart|p2: harc|move: Light Screen
|
|-weather|Sandstorm|[upkeep]
|-damage|p1a: Hydrapple|88/100|[from] Sandstorm
|upkeep
|turn|3
|
|t:|1757838202
|switch|p2a: Goodra|Goodra, M|100/100
|move|p1a: Hydrapple|Fickle Beam|p2a: Goodra
|-supereffective|p2a: Goodra
|-damage|p2a: Goodra|81/100
|
|-weather|Sandstorm|[upkeep]
|-damage|p2a: Goodra|75/100|[from] Sandstorm
|-damage|p1a: Hydrapple|82/100|[from] Sandstorm
|upkeep
|turn|4
|inactive|ice_forget has 120 seconds left.
|
|t:|1757838232
|switch|p1a: Heatran|Heatran, M|100/100
|move|p2a: Goodra|Ice Beam|p1a: Heatran
|-resisted|p1a: Heatran
|-damage|p1a: Heatran|97/100
|-status|p1a: Heatran|frz
|
|-weather|Sandstorm|[upkeep]
|-damage|p2a: Goodra|68/100|[from] Sandstorm
|-heal|p1a: Heatran|100/100 frz|[from] item: Leftovers
|upkeep
|turn|5
|
|t:|1757838245
|cant|p1a: Heatran|frz
|move|p2a: Goodra|Knock Off|p1a: Heatran
|-damage|p1a: Heatran|81/100 frz
|-status|p2a: Goodra|brn|[from] ability: Flame Body|[of] p1a: Heatran
|-enditem|p1a: Heatran|Leftovers|[from] move: Knock Off|[of] p2a: Goodra
|
|-weather|none
|-damage|p2a: Goodra|62/100 brn|[from] brn
|upkeep
|turn|6
|
|t:|1757838255
|switch|p2a: Dachsbun|Dachsbun, M|100/100
|cant|p1a: Heatran|frz
|
|upkeep
|turn|7
|inactive|ice_forget has 120 seconds left.
|
|t:|1757838280
|switch|p1a: Tornadus|Tornadus-Therian, M|100/100
|move|p2a: Dachsbun|Body Press|p1a: Tornadus
|-resisted|p1a: Tornadus
|-damage|p1a: Tornadus|87/100
|
|upkeep
|turn|8
|
|t:|1757838287
|move|p1a: Tornadus|Taunt|p2a: Dachsbun
|-start|p2a: Dachsbun|move: Taunt
|cant|p2a: Dachsbun|move: Taunt|Wish
|
|-sideend|p2: harc|Reflect
|upkeep
|turn|9
|
|t:|1757838302
|switch|p2a: Goodra|Goodra, M|62/100 brn
|move|p1a: Tornadus|U-turn|p2a: Goodra
|-damage|p2a: Goodra|45/100 brn
|
|t:|1757838315
|switch|p1a: Tyranitar|Tyranitar, F|100/100|[from] U-turn
|-weather|Sandstorm|[from] ability: Sand Stream|[of] p1a: Tyranitar
|
|-weather|Sandstorm|[upkeep]
|-damage|p2a: Goodra|39/100 brn|[from] Sandstorm
|-damage|p2a: Goodra|33/100 brn|[from] brn
|-sideend|p2: harc|move: Light Screen
|upkeep
|turn|10
|
|t:|1757838327
|move|p1a: Tyranitar|Knock Off|p2a: Goodra
|-damage|p2a: Goodra|0 fnt
|-enditem|p2a: Goodra|Assault Vest|[from] move: Knock Off|[of] p1a: Tyranitar
|faint|p2a: Goodra
|
|-weather|Sandstorm|[upkeep]
|upkeep
|
|t:|1757838339
|switch|p2a: Toedscruel|Toedscruel, M|100/100
|turn|11
|
|t:|1757838345
|move|p1a: Tyranitar|Knock Off|p2a: Toedscruel
|-damage|p2a: Toedscruel|26/100
|-enditem|p2a: Toedscruel|Light Clay|[from] move: Knock Off|[of] p1a: Tyranitar
|move|p2a: Toedscruel|Leech Seed|p1a: Tyranitar
|-start|p1a: Tyranitar|move: Leech Seed
|
|-weather|Sandstorm|[upkeep]
|-damage|p1a: Tyranitar|88/100|[from] Leech Seed|[of] p2a: Toedscruel
|-heal|p2a: Toedscruel|38/100|[silent]
|upkeep
|turn|12
|
|t:|1757838356
|switch|p1a: Tornadus|Tornadus-Therian, M|100/100
|move|p2a: Toedscruel|Reflect|p2a: Toedscruel
|-sidestart|p2: harc|Reflect
|
|-weather|Sandstorm|[upkeep]
|-damage|p1a: Tornadus|94/100|[from] Sandstorm
|upkeep
|turn|13
|
|t:|1757838366
|move|p1a: Tornadus|Taunt|p2a: Toedscruel
|-start|p2a: Toedscruel|move: Taunt
|move|p2a: Toedscruel|Rapid Spin|p1a: Tornadus
|-damage|p1a: Tornadus|86/100
|-boost|p2a: Toedscruel|spe|1
|
|-weather|none
|upkeep
|turn|14
|
|t:|1757838374
|move|p1a: Tornadus|Bleakwind Storm|p2a: Toedscruel
|-supereffective|p2a: Toedscruel
|-damage|p2a: Toedscruel|0 fnt
|faint|p2a: Toedscruel
|
|upkeep
|
|t:|1757838396
|switch|p2a: Dondozo|Dondozo, F|100/100
|turn|15
|
|t:|1757838405
|move|p1a: Tornadus|Taunt|p2a: Dondozo
|-start|p2a: Dondozo|move: Taunt
|move|p2a: Dondozo|Liquidation|p1a: Tornadus
|-damage|p1a: Tornadus|54/100
|
|upkeep
|turn|16
|
|t:|1757838420
|switch|p2a: Corviknight|Corviknight, F|100/100
|move|p1a: Tornadus|U-turn|p2a: Corviknight
|-resisted|p2a: Corviknight
|-damage|p2a: Corviknight|99/100
|
|t:|1757838431
|switch|p1a: Heatran|Heatran, M|81/100 frz|[from] U-turn
|
|-heal|p2a: Corviknight|100/100|[from] item: Leftovers
|-sideend|p2: harc|Reflect
|upkeep
|turn|17
|
|t:|1757838445
|switch|p2a: Dachsbun|Dachsbun, M|100/100
|cant|p1a: Heatran|frz
|
|upkeep
|turn|18
|
|t:|1757838457
|move|p2a: Dachsbun|Body Press|p1a: Heatran
|-supereffective|p1a: Heatran
|-damage|p1a: Heatran|32/100 frz
|cant|p1a: Heatran|frz
|
|upkeep
|turn|19
|
|t:|1757838465
|switch|p1a: Tornadus|Tornadus-Therian, M|87/100
|move|p2a: Dachsbun|Body Press|p1a: Tornadus
|-resisted|p1a: Tornadus
|-damage|p1a: Tornadus|73/100
|
|upkeep
|turn|20
|
|t:|1757838472
|move|p2a: Dachsbun|Protect|p2a: Dachsbun
|-singleturn|p2a: Dachsbun|Protect
|move|p1a: Tornadus|Taunt|p2a: Dachsbun
|-activate|p2a: Dachsbun|move: Protect
|
|upkeep
|turn|21
|
|t:|1757838480
|move|p1a: Tornadus|Taunt|p2a: Dachsbun
|-start|p2a: Dachsbun|move: Taunt
|move|p2a: Dachsbun|Alluring Voice|p1a: Tornadus
|-damage|p1a: Tornadus|58/100
|
|upkeep
|turn|22
|
|t:|1757838495
|switch|p2a: Corviknight|Corviknight, F|100/100
|move|p1a: Tornadus|U-turn|p2a: Corviknight
|-resisted|p2a: Corviknight
|-damage|p2a: Corviknight|98/100
|
|t:|1757838498
|switch|p1a: Keldeo|Keldeo-Resolute|100/100|[from] U-turn
|
|-heal|p2a: Corviknight|100/100|[from] item: Leftovers
|upkeep
|turn|23
|
|t:|1757838511
|switch|p2a: Reuniclus|Reuniclus, M|100/100
|move|p1a: Keldeo|Surf|p2a: Reuniclus
|-damage|p2a: Reuniclus|38/100
|
|-heal|p2a: Reuniclus|44/100|[from] item: Leftovers
|upkeep
|turn|24
|
|t:|1757838523
|move|p1a: Keldeo|Surf|p2a: Reuniclus
|-damage|p2a: Reuniclus|0 fnt
|faint|p2a: Reuniclus
|
|upkeep
|
|t:|1757838532
|switch|p2a: Dondozo|Dondozo, F|100/100
|turn|25
|
|t:|1757838536
|-terastallize|p1a: Keldeo|Water
|move|p1a: Keldeo|Surf|p2a: Dondozo
|-resisted|p2a: Dondozo
|-damage|p2a: Dondozo|57/100
|move|p2a: Dondozo|Curse|p2a: Dondozo
|-unboost|p2a: Dondozo|spe|1
|-boost|p2a: Dondozo|atk|1
|-boost|p2a: Dondozo|def|1
|
|-heal|p2a: Dondozo|63/100|[from] item: Leftovers
|upkeep
|turn|26
|
|t:|1757838561
|move|p1a: Keldeo|Surf|p2a: Dondozo
|-resisted|p2a: Dondozo
|-damage|p2a: Dondozo|16/100
|move|p2a: Dondozo|Body Press|p1a: Keldeo
|-damage|p1a: Keldeo|48/100
|
|-heal|p2a: Dondozo|22/100|[from] item: Leftovers
|upkeep
|turn|27
|
|t:|1757838575
|move|p1a: Keldeo|Surf|p2a: Dondozo
|-resisted|p2a: Dondozo
|-damage|p2a: Dondozo|0 fnt
|faint|p2a: Dondozo
|
|upkeep
|
|t:|1757838581
|switch|p2a: Corviknight|Corviknight, F|100/100
|turn|28
|
|t:|1757838585
|move|p1a: Keldeo|Surf|p2a: Corviknight
|-damage|p2a: Corviknight|41/100
|move|p2a: Corviknight|Bulk Up|p2a: Corviknight
|-boost|p2a: Corviknight|atk|1
|-boost|p2a: Corviknight|def|1
|
|-heal|p2a: Corviknight|48/100|[from] item: Leftovers
|upkeep
|turn|29
|
|t:|1757838594
|move|p1a: Keldeo|Surf|p2a: Corviknight
|-damage|p2a: Corviknight|0 fnt
|faint|p2a: Corviknight
|
|upkeep
|-message|harc forfeited.
|
|win|ice_forget
|raw|ice_forget's rating: 1280 &rarr; <strong>1309</strong><br />(+29 for winning)
|raw|harc's rating: 1332 &rarr; <strong>1309</strong><br />(-23 for losing)
|l|‽harc
|player|p2|
|c|☆ice_forget|gg
|l|☆ice_forget
|player|p1|
