|j|☆Pkcoach
|j|☆Denvertzzz
|t:|1757910718
|gametype|singles
|player|p1|Pkcoach|mira|1255
|player|p2|Denvertzzz|101|1243
|gen|9
|tier|[Gen 9] OU
|rated|
|rule|HP Percentage Mod: HP is shown in percentages
|rule|Endless Battle Clause: Forcing endless battles is banned
|rule|Species Clause: Limit one of each Pokémon
|rule|OHKO Clause: OHKO moves are banned
|rule|Evasion Items Clause: Evasion items are banned
|rule|Evasion Moves Clause: Evasion moves are banned
|rule|Evasion Abilities Clause: Evasion abilities are banned
|rule|Sleep Moves Clause: Sleep-inducing moves are banned
|clearpoke
|poke|p1|Lokix, M|
|poke|p1|Corviknight, M|
|poke|p1|Grimmsnarl, M|
|poke|p1|Landorus-Therian, M|
|poke|p1|Rotom-Wash|
|poke|p1|Slowking-Galar, M|
|poke|p2|Politoed, F|
|poke|p2|Quaquaval, M|
|poke|p2|Grimmsnarl, M|
|poke|p2|Drednaw, M|
|poke|p2|Dragonite, M|
|poke|p2|Registeel|
|teampreview
|inactive|Battle timer is ON: inactive players will automatically lose when time's up. (requested by Pkcoach)
|
|t:|1757910735
|teamsize|p1|6
|teamsize|p2|6
|start
|switch|p1a: Rotom|Rotom-Wash, shiny|100/100
|switch|p2a: Ligma Bolzak|Politoed, F, shiny|100/100
|-weather|RainDance|[from] ability: Drizzle|[of] p2a: Ligma Bolzak
|turn|1
|
|t:|1757910750
|-terastallize|p2a: Ligma Bolzak|Ground
|move|p1a: Rotom|Volt Switch|p2a: Ligma Bolzak
|-immune|p2a: Ligma Bolzak
|move|p2a: Ligma Bolzak|Weather Ball|p1a: Rotom
|-resisted|p1a: Rotom
|-crit|p1a: Rotom
|-damage|p1a: Rotom|43/100
|
|-weather|RainDance|[upkeep]
|upkeep
|turn|2
|inactive|Denvertzzz has 120 seconds left.
|l|☆Pkcoach
|inactive|Pkcoach disconnected and has a minute to reconnect!
|player|p1|
|
|t:|1757910781
|switch|p1a: Slowking|Slowking-Galar, M, shiny|100/100
|switch|p2a: Lotta Cox|Grimmsnarl, M|100/100
|
|-weather|RainDance|[upkeep]
|upkeep
|turn|3
|inactive|Denvertzzz has 120 seconds left.
|j|☆Pkcoach
|inactive|Pkcoach reconnected and has 145 seconds left.
|player|p1|Pkcoach|mira|
|
|t:|1757910795
|move|p2a: Lotta Cox|Light Screen|p2a: Lotta Cox
|-sidestart|p2: Denvertzzz|move: Light Screen
|move|p1a: Slowking|Acid Spray|p2a: Lotta Cox
|-supereffective|p2a: Lotta Cox
|-crit|p2a: Lotta Cox
|-damage|p2a: Lotta Cox|50/100
|-unboost|p2a: Lotta Cox|spd|2
|
|-weather|RainDance|[upkeep]
|upkeep
|turn|4
|inactive|Denvertzzz has 120 seconds left.
|
|t:|1757910804
|-terastallize|p1a: Slowking|Psychic
|move|p2a: Lotta Cox|Parting Shot|p1a: Slowking
|-unboost|p1a: Slowking|atk|1
|-unboost|p1a: Slowking|spa|1
|inactive|Denvertzzz has 120 seconds left.
|
|t:|1757910823
|switch|p2a: Buster Hyman|Registeel, shiny|100/100|[from] Parting Shot
|move|p1a: Slowking|Future Sight|p2a: Buster Hyman
|-start|p1a: Slowking|move: Future Sight
|
|-weather|RainDance|[upkeep]
|upkeep
|turn|5
|
|t:|1757910838
|switch|p1a: Corviknight|Corviknight, M, shiny|100/100
|move|p2a: Buster Hyman|Stealth Rock|p1a: Corviknight
|-sidestart|p1: Pkcoach|move: Stealth Rock
|
|-weather|RainDance|[upkeep]
|upkeep
|turn|6
|inactive|Denvertzzz has 120 seconds left.
|
|t:|1757910845
|move|p1a: Corviknight|Defog|p2a: Buster Hyman
|-fail|p2a: Buster Hyman|unboost|[from] ability: Clear Body|[of] p2a: Buster Hyman
|-sideend|p2: Denvertzzz|move: Light Screen
|-sideend|p1: Pkcoach|Stealth Rock|[from] move: Defog|[of] p1a: Corviknight
|move|p2a: Buster Hyman|Thunder Wave|p1a: Corviknight
|-status|p1a: Corviknight|par
|
|-weather|RainDance|[upkeep]
|-end|p2a: Buster Hyman|move: Future Sight
|-resisted|p2a: Buster Hyman
|-damage|p2a: Buster Hyman|75/100
|upkeep
|turn|7
|inactive|Denvertzzz has 120 seconds left.
|
|t:|1757910856
|move|p2a: Buster Hyman|Iron Defense|p2a: Buster Hyman
|-boost|p2a: Buster Hyman|def|2
|move|p1a: Corviknight|Iron Defense|p1a: Corviknight
|-boost|p1a: Corviknight|def|2
|
|-weather|RainDance|[upkeep]
|upkeep
|turn|8
|
|t:|1757910863
|move|p2a: Buster Hyman|Body Press|p1a: Corviknight
|-crit|p1a: Corviknight
|-damage|p1a: Corviknight|23/100 par
|-damage|p2a: Buster Hyman|58/100|[from] item: Rocky Helmet|[of] p1a: Corviknight
|move|p1a: Corviknight|Iron Defense|p1a: Corviknight
|-boost|p1a: Corviknight|def|2
|
|-weather|none
|upkeep
|turn|9
|
|t:|1757910873
|move|p2a: Buster Hyman|Body Press|p1a: Corviknight
|-damage|p1a: Corviknight|6/100 par
|-damage|p2a: Buster Hyman|42/100|[from] item: Rocky Helmet|[of] p1a: Corviknight
|move|p1a: Corviknight|Roost|p1a: Corviknight
|-heal|p1a: Corviknight|56/100 par
|-singleturn|p1a: Corviknight|move: Roost
|
|upkeep
|turn|10
|
|t:|1757910889
|switch|p2a: Ligma Bolzak|Politoed, F, shiny, tera:Ground|100/100
|-weather|RainDance|[from] ability: Drizzle|[of] p2a: Ligma Bolzak
|move|p1a: Corviknight|Roost|p1a: Corviknight
|-heal|p1a: Corviknight|100/100 par
|-singleturn|p1a: Corviknight|move: Roost
|
|-weather|RainDance|[upkeep]
|upkeep
|turn|11
|inactive|Denvertzzz has 120 seconds left.
|
|t:|1757910906
|switch|p1a: Slowking|Slowking-Galar, M, shiny, tera:Psychic|100/100
|move|p2a: Ligma Bolzak|Encore||[still]
|-fail|p2a: Ligma Bolzak
|
|-weather|RainDance|[upkeep]
|upkeep
|turn|12
|
|t:|1757910913
|switch|p2a: Yuri Tarted|Drednaw, M, shiny|100/100
|move|p1a: Slowking|Future Sight|p2a: Yuri Tarted
|-start|p1a: Slowking|move: Future Sight
|
|-weather|RainDance|[upkeep]
|upkeep
|turn|13
|
|t:|1757910931
|switch|p1a: Corviknight|Corviknight, M, shiny|100/100 par
|move|p2a: Yuri Tarted|Shell Smash|p2a: Yuri Tarted
|-unboost|p2a: Yuri Tarted|def|1
|-unboost|p2a: Yuri Tarted|spd|1
|-boost|p2a: Yuri Tarted|atk|2
|-boost|p2a: Yuri Tarted|spa|2
|-boost|p2a: Yuri Tarted|spe|2
|-enditem|p2a: Yuri Tarted|White Herb
|-clearnegativeboost|p2a: Yuri Tarted|[silent]
|
|-weather|RainDance|[upkeep]
|upkeep
|turn|14
|
|t:|1757910943
|move|p2a: Yuri Tarted|Waterfall|p1a: Corviknight
|-damage|p1a: Corviknight|31/100 par
|-damage|p2a: Yuri Tarted|84/100|[from] item: Rocky Helmet|[of] p1a: Corviknight
|move|p1a: Corviknight|Iron Defense|p1a: Corviknight
|-boost|p1a: Corviknight|def|2
|
|-weather|RainDance|[upkeep]
|-end|p2a: Yuri Tarted|move: Future Sight
|-damage|p2a: Yuri Tarted|0 fnt
|faint|p2a: Yuri Tarted
|upkeep
|
|t:|1757910955
|switch|p2a: Drew Peacock|Quaquaval, M|100/100
|turn|15
|
|t:|1757910961
|move|p2a: Drew Peacock|Aqua Step|p1a: Corviknight
|-damage|p1a: Corviknight|12/100 par
|-boost|p2a: Drew Peacock|spe|1
|-damage|p2a: Drew Peacock|84/100|[from] item: Rocky Helmet|[of] p1a: Corviknight
|move|p1a: Corviknight|Roost|p1a: Corviknight
|-heal|p1a: Corviknight|62/100 par
|-singleturn|p1a: Corviknight|move: Roost
|
|-weather|RainDance|[upkeep]
|upkeep
|turn|16
|
|t:|1757910973
|move|p2a: Drew Peacock|Knock Off|p1a: Corviknight
|-damage|p1a: Corviknight|52/100 par
|-damage|p2a: Drew Peacock|67/100|[from] item: Rocky Helmet|[of] p1a: Corviknight
|-enditem|p1a: Corviknight|Rocky Helmet|[from] move: Knock Off|[of] p2a: Drew Peacock
|move|p1a: Corviknight|Roost|p1a: Corviknight
|-heal|p1a: Corviknight|100/100 par
|-singleturn|p1a: Corviknight|move: Roost
|
|-weather|RainDance|[upkeep]
|upkeep
|turn|17
|l|☆Pkcoach
|inactive|Pkcoach disconnected and has a minute to reconnect!
|player|p1|
|j|☆Pkcoach
|inactive|Pkcoach reconnected and has 125 seconds left.
|player|p1|Pkcoach|mira|
|inactive|Pkcoach has 120 seconds left.
|
|t:|1757911004
|move|p2a: Drew Peacock|Aqua Step|p1a: Corviknight
|-damage|p1a: Corviknight|82/100 par
|-boost|p2a: Drew Peacock|spe|1
|move|p1a: Corviknight|Body Press|p2a: Drew Peacock
|-damage|p2a: Drew Peacock|3/100
|
|-weather|none
|upkeep
|turn|18
|
|t:|1757911013
|move|p2a: Drew Peacock|Close Combat|p1a: Corviknight
|-damage|p1a: Corviknight|64/100 par
|-unboost|p2a: Drew Peacock|def|1
|-unboost|p2a: Drew Peacock|spd|1
|move|p1a: Corviknight|Body Press|p2a: Drew Peacock
|-damage|p2a: Drew Peacock|0 fnt
|faint|p2a: Drew Peacock
|
|upkeep
|
|t:|1757911027
|switch|p2a: Ligma Bolzak|Politoed, F, shiny, tera:Ground|100/100
|-weather|RainDance|[from] ability: Drizzle|[of] p2a: Ligma Bolzak
|turn|19
|
|t:|1757911032
|switch|p1a: Slowking|Slowking-Galar, M, shiny, tera:Psychic|100/100
|move|p2a: Ligma Bolzak|Weather Ball|p1a: Slowking
|-damage|p1a: Slowking|70/100
|
|-weather|RainDance|[upkeep]
|upkeep
|turn|20
|
|t:|1757911040
|move|p2a: Ligma Bolzak|Weather Ball|p1a: Slowking
|-damage|p1a: Slowking|35/100
|move|p1a: Slowking|Future Sight|p2a: Ligma Bolzak
|-start|p1a: Slowking|move: Future Sight
|
|-weather|RainDance|[upkeep]
|upkeep
|turn|21
|
|t:|1757911048
|switch|p1a: Grimmsnarl|Grimmsnarl, M|100/100
|move|p2a: Ligma Bolzak|Weather Ball|p1a: Grimmsnarl
|-damage|p1a: Grimmsnarl|31/100
|
|-weather|RainDance|[upkeep]
|upkeep
|turn|22
|
|t:|1757911057
|switch|p2a: Lotta Cox|Grimmsnarl, M|50/100
|move|p1a: Grimmsnarl|Parting Shot|p2a: Lotta Cox
|-hint|Since gen 7, Dark is immune to Prankster moves.
|-immune|p2a: Lotta Cox
|
|-weather|RainDance|[upkeep]
|-end|p2a: Lotta Cox|move: Future Sight
|-immune|p2a: Lotta Cox
|upkeep
|turn|23
|
|t:|1757911074
|move|p1a: Grimmsnarl|Light Screen|p1a: Grimmsnarl
|-sidestart|p1: Pkcoach|move: Light Screen
|move|p2a: Lotta Cox|Spirit Break|p1a: Grimmsnarl
|-supereffective|p1a: Grimmsnarl
|-damage|p1a: Grimmsnarl|0 fnt
|faint|p1a: Grimmsnarl
|
|-weather|RainDance|[upkeep]
|upkeep
|
|t:|1757911088
|switch|p1a: Rotom|Rotom-Wash, shiny|43/100
|turn|24
|
|t:|1757911099
|move|p2a: Lotta Cox|Parting Shot|p1a: Rotom
|-unboost|p1a: Rotom|atk|1
|-unboost|p1a: Rotom|spa|1
|
|t:|1757911103
|switch|p2a: Ligma Bolzak|Politoed, F, shiny, tera:Ground|100/100|[from] Parting Shot
|move|p1a: Rotom|Hydro Pump|p2a: Ligma Bolzak
|-supereffective|p2a: Ligma Bolzak
|-damage|p2a: Ligma Bolzak|12/100
|
|-weather|RainDance|[upkeep]
|upkeep
|turn|25
|
|t:|1757911112
|move|p1a: Rotom|Hydro Pump|p2a: Ligma Bolzak
|-supereffective|p2a: Ligma Bolzak
|-damage|p2a: Ligma Bolzak|0 fnt
|faint|p2a: Ligma Bolzak
|
|-weather|RainDance|[upkeep]
|upkeep
|
|t:|1757911122
|switch|p2a: Hugh Jass|Dragonite, M, shiny|100/100
|turn|26
|
|t:|1757911127
|switch|p1a: LANDO|Landorus-Therian, M, shiny|100/100
|-ability|p1a: LANDO|Intimidate|boost
|-unboost|p2a: Hugh Jass|atk|1
|move|p2a: Hugh Jass|Dragon Dance|p2a: Hugh Jass
|-boost|p2a: Hugh Jass|atk|1
|-boost|p2a: Hugh Jass|spe|1
|
|-weather|none
|upkeep
|turn|27
|
|t:|1757911136
|move|p1a: LANDO|Stone Edge|p2a: Hugh Jass
|-supereffective|p2a: Hugh Jass
|-damage|p2a: Hugh Jass|52/100
|move|p2a: Hugh Jass|Dragon Dance|p2a: Hugh Jass
|-boost|p2a: Hugh Jass|atk|1
|-boost|p2a: Hugh Jass|spe|1
|
|upkeep
|turn|28
|
|t:|1757911144
|move|p2a: Hugh Jass|Ice Spinner|p1a: LANDO
|-supereffective|p1a: LANDO
|-damage|p1a: LANDO|0 fnt
|faint|p1a: LANDO
|
|upkeep
|
|t:|1757911150
|switch|p1a: Corviknight|Corviknight, M, shiny|64/100 par
|turn|29
|
|t:|1757911154
|move|p2a: Hugh Jass|Ice Spinner|p1a: Corviknight
|-damage|p1a: Corviknight|38/100 par
|move|p1a: Corviknight|Iron Defense|p1a: Corviknight
|-boost|p1a: Corviknight|def|2
|
|upkeep
|turn|30
|
|t:|1757911164
|move|p2a: Hugh Jass|Dragon Dance|p2a: Hugh Jass
|-boost|p2a: Hugh Jass|atk|1
|-boost|p2a: Hugh Jass|spe|1
|move|p1a: Corviknight|Roost|p1a: Corviknight
|-heal|p1a: Corviknight|88/100 par
|-singleturn|p1a: Corviknight|move: Roost
|
|-sideend|p1: Pkcoach|move: Light Screen
|upkeep
|turn|31
|
|t:|1757911173
|move|p2a: Hugh Jass|Ice Spinner|p1a: Corviknight
|-damage|p1a: Corviknight|69/100 par
|move|p1a: Corviknight|Iron Defense|p1a: Corviknight
|-boost|p1a: Corviknight|def|2
|
|upkeep
|turn|32
|
|t:|1757911180
|move|p2a: Hugh Jass|Ice Spinner|p1a: Corviknight
|-damage|p1a: Corviknight|56/100 par
|move|p1a: Corviknight|Iron Defense|p1a: Corviknight
|-boost|p1a: Corviknight|def|2
|
|upkeep
|turn|33
|
|t:|1757911190
|move|p2a: Hugh Jass|Ice Spinner|p1a: Corviknight
|-damage|p1a: Corviknight|46/100 par
|move|p1a: Corviknight|Body Press|p2a: Hugh Jass
|-resisted|p2a: Hugh Jass
|-damage|p2a: Hugh Jass|0 fnt
|faint|p2a: Hugh Jass
|
|upkeep
|
|t:|1757911198
|switch|p2a: Lotta Cox|Grimmsnarl, M|50/100
|turn|34
|
|t:|1757911203
|move|p2a: Lotta Cox|Reflect|p2a: Lotta Cox
|-sidestart|p2: Denvertzzz|Reflect
|move|p1a: Corviknight|Roost|p1a: Corviknight
|-heal|p1a: Corviknight|96/100 par
|-singleturn|p1a: Corviknight|move: Roost
|
|upkeep
|turn|35
|-message|Denvertzzz forfeited.
|
|win|Pkcoach
|raw|Pkcoach's rating: 1255 &rarr; <strong>1279</strong><br />(+24 for winning)
|raw|Denvertzzz's rating: 1243 &rarr; <strong>1219</strong><br />(-24 for losing)
|l|☆Denvertzzz
|player|p2|
|l|☆Pkcoach
|player|p1|
