|j|☆celestial_clouds
|j|☆Husk1903
|t:|1757898842
|gametype|singles
|player|p1|celestial_clouds|harlequin|1073
|player|p2|Husk1903|ingo|1121
|gen|9
|tier|[Gen 9] OU
|rated|
|rule|HP Percentage Mod: HP is shown in percentages
|rule|Endless Battle Clause: Forcing endless battles is banned
|rule|Species Clause: Limit one of each Pokémon
|rule|OHKO Clause: OHKO moves are banned
|rule|Evasion Items Clause: Evasion items are banned
|rule|Evasion Moves Clause: Evasion moves are banned
|rule|Evasion Abilities Clause: Evasion abilities are banned
|rule|Sleep Moves Clause: Sleep-inducing moves are banned
|clearpoke
|poke|p1|Clodsire, M|
|poke|p1|Sandy Shocks|
|poke|p1|Mamoswine, M|
|poke|p1|Ursaluna, F|
|poke|p1|Garchomp, F|
|poke|p1|Gliscor, F|
|poke|p2|Haxorus, M|
|poke|p2|Iron Hands|
|poke|p2|Blaziken, F|
|poke|p2|Polteageist|
|poke|p2|Toxapex, M|
|poke|p2|Cottonee, L1, F|
|teampreview
|inactive|Battle timer is ON: inactive players will automatically lose when time's up. (requested by Husk1903)
|
|t:|1757898852
|teamsize|p1|6
|teamsize|p2|6
|start
|switch|p1a: KorbilboDaDestroy|Mamoswine, M|100/100
|switch|p2a: Polteageist|Polteageist|100/100
|turn|1
|
|t:|1757898857
|move|p1a: KorbilboDaDestroy|Knock Off|p2a: Polteageist
|-supereffective|p2a: Polteageist
|-enditem|p2a: Polteageist|Focus Sash
|-damage|p2a: Polteageist|1/100
|-ability|p2a: Polteageist|Weak Armor|boost
|-unboost|p2a: Polteageist|def|1
|-boost|p2a: Polteageist|spe|2
|move|p2a: Polteageist|Shell Smash|p2a: Polteageist
|-unboost|p2a: Polteageist|def|1
|-unboost|p2a: Polteageist|spd|1
|-boost|p2a: Polteageist|atk|2
|-boost|p2a: Polteageist|spa|2
|-boost|p2a: Polteageist|spe|2
|
|upkeep
|turn|2
|
|t:|1757898872
|move|p1a: KorbilboDaDestroy|Ice Shard|p2a: Polteageist
|-damage|p2a: Polteageist|0 fnt
|faint|p2a: Polteageist
|
|upkeep
|
|t:|1757898878
|switch|p2a: Blaziken|Blaziken, F|100/100
|turn|3
|
|t:|1757898888
|move|p2a: Blaziken|Protect|p2a: Blaziken
|-singleturn|p2a: Blaziken|Protect
|move|p1a: KorbilboDaDestroy|Knock Off|p2a: Blaziken
|-activate|p2a: Blaziken|move: Protect
|
|-ability|p2a: Blaziken|Speed Boost|boost
|-boost|p2a: Blaziken|spe|1
|upkeep
|turn|4
|
|t:|1757898901
|switch|p1a: GuyBehindWalmart|Gliscor, F, shiny|100/100
|move|p2a: Blaziken|Fire Punch|p1a: GuyBehindWalmart
|-crit|p1a: GuyBehindWalmart
|-damage|p1a: GuyBehindWalmart|49/100
|
|-ability|p2a: Blaziken|Speed Boost|boost
|-boost|p2a: Blaziken|spe|1
|-status|p1a: GuyBehindWalmart|tox|[from] item: Toxic Orb
|upkeep
|turn|5
|inactive|Husk1903 has 120 seconds left.
|
|t:|1757898935
|move|p2a: Blaziken|Swords Dance|p2a: Blaziken
|-boost|p2a: Blaziken|atk|2
|move|p1a: GuyBehindWalmart|Swords Dance|p1a: GuyBehindWalmart
|-boost|p1a: GuyBehindWalmart|atk|2
|
|-heal|p1a: GuyBehindWalmart|61/100 tox|[from] ability: Poison Heal
|-ability|p2a: Blaziken|Speed Boost|boost
|-boost|p2a: Blaziken|spe|1
|upkeep
|turn|6
|
|t:|1757898943
|move|p2a: Blaziken|Fire Punch|p1a: GuyBehindWalmart
|-damage|p1a: GuyBehindWalmart|0 fnt
|faint|p1a: GuyBehindWalmart
|
|-ability|p2a: Blaziken|Speed Boost|boost
|-boost|p2a: Blaziken|spe|1
|upkeep
|
|t:|1757898951
|switch|p1a: Sam|Garchomp, F|100/100
|turn|7
|
|t:|1757898958
|move|p2a: Blaziken|Close Combat|p1a: Sam
|-damage|p1a: Sam|0 fnt
|-unboost|p2a: Blaziken|def|1
|-unboost|p2a: Blaziken|spd|1
|-damage|p2a: Blaziken|88/100|[from] ability: Rough Skin|[of] p1a: Sam
|faint|p1a: Sam
|
|-ability|p2a: Blaziken|Speed Boost|boost
|-boost|p2a: Blaziken|spe|1
|upkeep
|
|t:|1757898964
|switch|p1a: Horace higina|Clodsire, M, shiny|100/100
|turn|8
|
|t:|1757898971
|-terastallize|p2a: Blaziken|Steel
|move|p2a: Blaziken|Close Combat|p1a: Horace higina
|-resisted|p1a: Horace higina
|-damage|p1a: Horace higina|29/100
|-unboost|p2a: Blaziken|def|1
|-unboost|p2a: Blaziken|spd|1
|move|p1a: Horace higina|Chilling Water|p2a: Blaziken
|-damage|p2a: Blaziken|69/100
|-unboost|p2a: Blaziken|atk|1
|
|-heal|p1a: Horace higina|35/100|[from] item: Black Sludge
|-ability|p2a: Blaziken|Speed Boost|boost
|-boost|p2a: Blaziken|spe|1
|upkeep
|turn|9
|
|t:|1757898985
|move|p2a: Blaziken|Close Combat|p1a: Horace higina
|-resisted|p1a: Horace higina
|-damage|p1a: Horace higina|0 fnt
|-unboost|p2a: Blaziken|def|1
|-unboost|p2a: Blaziken|spd|1
|faint|p1a: Horace higina
|
|upkeep
|
|t:|1757898990
|switch|p1a: KorbilboDaDestroy|Mamoswine, M|100/100
|turn|10
|
|t:|1757898996
|move|p1a: KorbilboDaDestroy|Ice Shard|p2a: Blaziken
|-resisted|p2a: Blaziken
|-damage|p2a: Blaziken|16/100
|move|p2a: Blaziken|Close Combat|p1a: KorbilboDaDestroy
|-supereffective|p1a: KorbilboDaDestroy
|-damage|p1a: KorbilboDaDestroy|0 fnt
|-unboost|p2a: Blaziken|def|1
|-unboost|p2a: Blaziken|spd|1
|faint|p1a: KorbilboDaDestroy
|
|upkeep
|
|t:|1757899001
|switch|p1a: Kachow|Sandy Shocks, shiny|100/100
|turn|11
|
|t:|1757899009
|move|p2a: Blaziken|Close Combat|p1a: Kachow
|-damage|p1a: Kachow|0 fnt
|-unboost|p2a: Blaziken|def|1
|-unboost|p2a: Blaziken|spd|1
|faint|p1a: Kachow
|-end|p1a: Kachow|Protosynthesis|[silent]
|
|upkeep
|
|t:|1757899012
|switch|p1a: Ursanus great bear|Ursaluna, F|100/100
|turn|12
|
|t:|1757899021
|-terastallize|p1a: Ursanus great bear|Ghost
|move|p2a: Blaziken|Close Combat|p1a: Ursanus great bear
|-immune|p1a: Ursanus great bear
|move|p1a: Ursanus great bear|Facade|p2a: Blaziken
|-resisted|p2a: Blaziken
|-damage|p2a: Blaziken|0 fnt
|faint|p2a: Blaziken
|
|-status|p1a: Ursanus great bear|brn|[from] item: Flame Orb
|upkeep
|
|t:|1757899031
|switch|p2a: Toxapex|Toxapex, M|100/100
|turn|13
|
|t:|1757899041
|move|p1a: Ursanus great bear|Facade|p2a: Toxapex
|-damage|p2a: Toxapex|3/100
|move|p2a: Toxapex|Substitute|p2a: Toxapex
|-fail|p2a: Toxapex|move: Substitute|[weak]
|
|-damage|p1a: Ursanus great bear|94/100 brn|[from] brn
|upkeep
|turn|14
|
|t:|1757899047
|move|p2a: Toxapex|Baneful Bunker|p2a: Toxapex
|-singleturn|p2a: Toxapex|move: Protect
|move|p1a: Ursanus great bear|Facade|p2a: Toxapex
|-activate|p2a: Toxapex|move: Protect
|
|-damage|p1a: Ursanus great bear|88/100 brn|[from] brn
|upkeep
|turn|15
|
|t:|1757899055
|move|p1a: Ursanus great bear|Facade|p2a: Toxapex
|-damage|p2a: Toxapex|0 fnt
|faint|p2a: Toxapex
|
|-damage|p1a: Ursanus great bear|82/100 brn|[from] brn
|upkeep
|
|t:|1757899060
|switch|p2a: Cottonee|Cottonee, L1, F|100/100
|turn|16
|
|t:|1757899066
|move|p2a: Cottonee|Leech Seed|p1a: Ursanus great bear
|-start|p1a: Ursanus great bear|move: Leech Seed
|move|p1a: Ursanus great bear|Ice Punch|p2a: Cottonee
|-supereffective|p2a: Cottonee
|-enditem|p2a: Cottonee|Focus Sash
|-damage|p2a: Cottonee|9/100
|
|-damage|p1a: Ursanus great bear|69/100 brn|[from] Leech Seed|[of] p2a: Cottonee
|-heal|p2a: Cottonee|100/100|[silent]
|-damage|p1a: Ursanus great bear|63/100 brn|[from] brn
|upkeep
|turn|17
|
|t:|1757899075
|move|p2a: Cottonee|Substitute|p2a: Cottonee
|-start|p2a: Cottonee|Substitute
|-damage|p2a: Cottonee|75/100
|move|p1a: Ursanus great bear|Ice Punch|p2a: Cottonee
|-supereffective|p2a: Cottonee
|-end|p2a: Cottonee|Substitute
|
|-damage|p1a: Ursanus great bear|50/100 brn|[from] Leech Seed|[of] p2a: Cottonee
|-heal|p2a: Cottonee|100/100|[silent]
|-damage|p1a: Ursanus great bear|44/100 brn|[from] brn
|upkeep
|turn|18
|
|t:|1757899084
|move|p2a: Cottonee|Substitute|p2a: Cottonee
|-start|p2a: Cottonee|Substitute
|-damage|p2a: Cottonee|75/100
|move|p1a: Ursanus great bear|Ice Punch|p2a: Cottonee
|-supereffective|p2a: Cottonee
|-end|p2a: Cottonee|Substitute
|
|-damage|p1a: Ursanus great bear|32/100 brn|[from] Leech Seed|[of] p2a: Cottonee
|-heal|p2a: Cottonee|100/100|[silent]
|-damage|p1a: Ursanus great bear|25/100 brn|[from] brn
|upkeep
|turn|19
|c|☆celestial_clouds|L strat stub ur toe 5 times this week
|inactive|celestial_clouds has 120 seconds left.
|c|☆Husk1903|If it’s an L strat how’d you lose?
|inactive|celestial_clouds has 90 seconds left.
|inactive|celestial_clouds has 60 seconds left.
|inactive|celestial_clouds has 30 seconds left.
|inactive|celestial_clouds has 20 seconds left.
|inactive|celestial_clouds has 15 seconds left.
|inactive|celestial_clouds has 10 seconds left.
|inactive|celestial_clouds has 5 seconds left.
|-message|celestial_clouds lost due to inactivity.
|
|win|Husk1903
|raw|celestial_clouds's rating: 1073 &rarr; <strong>1055</strong><br />(-18 for losing)
|raw|Husk1903's rating: 1121 &rarr; <strong>1143</strong><br />(+22 for winning)
|l|☆celestial_clouds
|player|p1|
