|j|☆burning showman
|j|☆palapapop
|t:|1757863591
|gametype|singles
|player|p1|burning showman|falkner|
|player|p2|palapapop|benga|
|gen|9
|tier|[Gen 9] OU
|rated|Tournament battle
|rule|HP Percentage Mod: HP is shown in percentages
|rule|Endless Battle Clause: Forcing endless battles is banned
|rule|Species Clause: Limit one of each Pokémon
|rule|OHKO Clause: OHKO moves are banned
|rule|Evasion Items Clause: Evasion items are banned
|rule|Evasion Moves Clause: Evasion moves are banned
|rule|Evasion Abilities Clause: Evasion abilities are banned
|rule|Sleep Moves Clause: Sleep-inducing moves are banned
|raw|<div class="infobox"><details class="readmore"><summary><strong>16 custom rules:</strong></summary> +nonexistent, !obtainable, +fluttermane, -zamazenta, +chienpao, +magearna, +annihilape, +archaludon, +chiyu, +gougingfire, +ironbundle, +roaringmoon, +sneasler, +ogerponhearthflame, +urshifu, +urshifurapidstrike</details></div>
|clearpoke
|poke|p1|Dragapult|
|poke|p1|Incineroar|
|poke|p1|Fezandipiti|
|poke|p1|Landorus-Therian|
|poke|p1|Keldeo-Resolute|
|poke|p1|Sandslash-Alola|
|poke|p2|Magearna|
|poke|p2|Volcanion|
|poke|p2|Flutter Mane|
|poke|p2|Clodsire|
|poke|p2|Garchomp|
|poke|p2|Dragapult|
|teampreview
|inactive|Battle timer is ON: inactive players will automatically lose when time's up. (requested by burning showman)
|c|☆burning showman|Hf'
|j|+sulfura152
|c|☆palapapop|hf
|j|+Allan2004
|
|t:|1757863611
|teamsize|p1|6
|teamsize|p2|6
|start
|switch|p1a: Landorus|Landorus-Therian|100/100
|switch|p2a: Dragapult|Dragapult|100/100
|-ability|p1a: Landorus|Neutralizing Gas
|turn|1
|
|t:|1757863619
|move|p1a: Landorus|Precipice Blades|p2a: Dragapult
|-damage|p2a: Dragapult|8/100
|move|p2a: Dragapult|Light Screen|p2a: Dragapult
|-sidestart|p2: palapapop|move: Light Screen
|
|upkeep
|turn|2
|
|t:|1757863624
|switch|p2a: Magearna|Magearna|100/100
|move|p1a: Landorus|Precipice Blades|p2a: Magearna
|-immune|p2a: Magearna|[from] ability: Levitate
|
|upkeep
|turn|3
|
|t:|1757863631
|-end|p1a: Landorus|ability: Neutralizing Gas
|switch|p1a: Incineroar|Incineroar|100/100
|move|p2a: Magearna|Shift Gear|p2a: Magearna
|-boost|p2a: Magearna|spe|2
|-boost|p2a: Magearna|atk|1
|
|upkeep
|turn|4
|j| Uber45
|
|t:|1757863651
|switch|p2a: Volcanion|Volcanion|100/100
|move|p1a: Incineroar|Flare Blitz|p2a: Volcanion
|-resisted|p2a: Volcanion
|-damage|p2a: Volcanion|83/100
|-ability|p2a: Volcanion|Weak Armor|boost
|-unboost|p2a: Volcanion|def|1
|-boost|p2a: Volcanion|spe|2
|
|upkeep
|turn|5
|
|t:|1757863661
|switch|p1a: Fezandipiti|Fezandipiti|100/100
|move|p2a: Volcanion|Torch Song|p1a: Fezandipiti
|-damage|p1a: Fezandipiti|83/100
|-boost|p2a: Volcanion|spa|1
|-enditem|p2a: Volcanion|Throat Spray
|-boost|p2a: Volcanion|spa|1|[from] item: Throat Spray
|
|-sideend|p2: palapapop|move: Light Screen
|upkeep
|turn|6
|
|t:|1757863668
|move|p2a: Volcanion|Substitute|p2a: Volcanion
|-start|p2a: Volcanion|Substitute
|-damage|p2a: Volcanion|58/100
|move|p1a: Fezandipiti|Circle Throw|p2a: Volcanion|[miss]
|-miss|p1a: Fezandipiti|p2a: Volcanion
|
|upkeep
|turn|7
|j| xcv 4
|l| xcv 4
|inactive|burning showman has 120 seconds left.
|
|t:|1757863720
|move|p2a: Volcanion|Steam Eruption|p1a: Fezandipiti
|-damage|p1a: Fezandipiti|37/100
|-status|p1a: Fezandipiti|brn
|move|p1a: Fezandipiti|Barb Barrage|p2a: Volcanion
|-activate|p2a: Volcanion|move: Substitute|[damage]
|
|-damage|p1a: Fezandipiti|31/100 brn|[from] brn
|upkeep
|turn|8
|j| truc12345
|l| truc12345
|l|+sulfura152
|inactive|burning showman has 90 seconds left.
|j| despotia
|
|t:|1757863748
|move|p2a: Volcanion|Steam Eruption|p1a: Fezandipiti
|-damage|p1a: Fezandipiti|0 fnt
|faint|p1a: Fezandipiti
|
|upkeep
|j| truc12345
|
|t:|1757863755
|switch|p1a: Keldeo|Keldeo-Resolute|100/100
|turn|9
|
|t:|1757863759
|move|p2a: Volcanion|Esper Wing|p1a: Keldeo
|-supereffective|p1a: Keldeo
|-damage|p1a: Keldeo|0 fnt
|-boost|p2a: Volcanion|spe|1
|faint|p1a: Keldeo
|
|upkeep
|
|t:|1757863762
|switch|p1a: Dragapult|Dragapult|100/100
|turn|10
|
|t:|1757863770
|move|p2a: Volcanion|Steam Eruption|p1a: Dragapult
|-resisted|p1a: Dragapult
|-damage|p1a: Dragapult|17/100
|move|p1a: Dragapult|U-turn|p2a: Volcanion
|-end|p2a: Volcanion|Substitute
|
|t:|1757863771
|switch|p1a: Landorus|Landorus-Therian|100/100|[from] U-turn
|-ability|p1a: Landorus|Neutralizing Gas
|
|upkeep
|turn|11
|
|t:|1757863777
|-terastallize|p1a: Landorus|Water
|move|p2a: Volcanion|Steam Eruption|p1a: Landorus
|-resisted|p1a: Landorus
|-damage|p1a: Landorus|17/100
|-status|p1a: Landorus|brn
|move|p1a: Landorus|Precipice Blades|p2a: Volcanion
|-supereffective|p2a: Volcanion
|-damage|p2a: Volcanion|0 fnt
|faint|p2a: Volcanion
|
|-damage|p1a: Landorus|11/100 brn|[from] brn
|upkeep
|j|@Giga㋛Chandelure-☂
|
|t:|1757863807
|switch|p2a: Garchomp|Garchomp|100/100
|turn|12
|l| truc12345
|
|t:|1757863818
|move|p1a: Landorus|Precipice Blades|p2a: Garchomp
|-damage|p2a: Garchomp|72/100
|move|p2a: Garchomp|Swords Dance|p2a: Garchomp
|-boost|p2a: Garchomp|atk|2
|
|-heal|p2a: Garchomp|78/100|[from] item: Leftovers
|-damage|p1a: Landorus|5/100 brn|[from] brn
|upkeep
|turn|13
|
|t:|1757863827
|move|p1a: Landorus|Precipice Blades|p2a: Garchomp
|-damage|p2a: Garchomp|47/100
|move|p2a: Garchomp|Slack Off|p2a: Garchomp
|-heal|p2a: Garchomp|97/100
|
|-heal|p2a: Garchomp|100/100|[from] item: Leftovers
|-damage|p1a: Landorus|0 fnt|[from] brn
|faint|p1a: Landorus
|-end|p1a: Landorus|ability: Neutralizing Gas
|upkeep
|
|t:|1757863832
|switch|p1a: Dragapult|Dragapult|17/100
|turn|14
|
|t:|1757863836
|move|p2a: Garchomp|Zippy Zap|p1a: Dragapult
|-resisted|p1a: Dragapult
|-damage|p1a: Dragapult|0 fnt
|-boost|p2a: Garchomp|evasion|1
|faint|p1a: Dragapult
|
|upkeep
|c|☆palapapop|ma merveille
|c|☆burning showman|Tiens je connaissais pas ce move
|c|☆palapapop|j'ai test des trucs avec extreeme eevoboost aussi
|c|☆burning showman|Je pensais t'avais jet punch
|c|☆palapapop|mais y'a que lando qui l'apprend
|inactive|burning showman has 120 seconds left.
|c|☆burning showman|Ça c'est censé être ban mdrr
|c|☆palapapop|et lando c'est bof pour l'utiliser
|
|t:|1757863870
|switch|p1a: Sandslash|Sandslash-Alola|100/100
|turn|15
|c|☆palapapop|c'est pas dans les bans
|
|t:|1757863875
|-terastallize|p2a: Garchomp|Electric
|move|p2a: Garchomp|Zippy Zap|p1a: Sandslash
|-damage|p1a: Sandslash|39/100
|-boost|p2a: Garchomp|evasion|1
|move|p1a: Sandslash|Double Iron Bash|p2a: Garchomp|[miss]
|-miss|p1a: Sandslash|p2a: Garchomp
|
|upkeep
|turn|16
|
|t:|1757863881
|move|p2a: Garchomp|Zippy Zap|p1a: Sandslash
|-damage|p1a: Sandslash|0 fnt
|-boost|p2a: Garchomp|evasion|1
|faint|p1a: Sandslash
|
|upkeep
|
|t:|1757863883
|switch|p1a: Incineroar|Incineroar|100/100
|turn|17
|c| despotia|atroce ce move
|
|t:|1757863886
|move|p2a: Garchomp|Zippy Zap|p1a: Incineroar
|-damage|p1a: Incineroar|6/100
|-boost|p2a: Garchomp|evasion|1
|move|p1a: Incineroar|Knock Off|p2a: Garchomp|[miss]
|-miss|p1a: Incineroar|p2a: Garchomp
|
|upkeep
|turn|18
|c|☆burning showman|gg
|
|t:|1757863892
|move|p2a: Garchomp|Zippy Zap|p1a: Incineroar
|-damage|p1a: Incineroar|0 fnt
|-boost|p2a: Garchomp|evasion|1
|faint|p1a: Incineroar
|
|win|palapapop
|n|☆burning showman|burningshowman
|n|☆palapapop|palapapop
|n| Allan2004|allan2004
|n| Uber45|uber45
|n| despotia|despotia
|n| Giga㋛Chandelure-☂|gigachandelure
