|j|☆zio silvio
|j|☆I luv borger
|t:|1757853681
|gametype|singles
|player|p1|zio silvio|artist-gen4|1295
|player|p2|I luv borger|drayden|1321
|gen|9
|tier|[Gen 9] OU
|rated|
|rule|HP Percentage Mod: HP is shown in percentages
|rule|Endless Battle Clause: Forcing endless battles is banned
|rule|Species Clause: Limit one of each Pokémon
|rule|OHKO Clause: OHKO moves are banned
|rule|Evasion Items Clause: Evasion items are banned
|rule|Evasion Moves Clause: Evasion moves are banned
|rule|Evasion Abilities Clause: Evasion abilities are banned
|rule|Sleep Moves Clause: Sleep-inducing moves are banned
|clearpoke
|poke|p1|Pelipper, F|
|poke|p1|Iron Treads|
|poke|p1|Hydrapple, F|
|poke|p1|Barraskewda, F|
|poke|p1|Raging Bolt|
|poke|p1|Landorus-Therian, M|
|poke|p2|Slowking-Galar, F|
|poke|p2|Kyurem|
|poke|p2|Cetitan, F|
|poke|p2|Hatterene, F|
|poke|p2|Iron Treads|
|poke|p2|Ninetales-Alola, F|
|teampreview
|inactive|Battle timer is ON: inactive players will automatically lose when time's up. (requested by zio silvio)
|
|t:|1757853691
|teamsize|p1|6
|teamsize|p2|6
|start
|switch|p1a: Barraskewda|Barraskewda, F|100/100
|switch|p2a: Kyurem|Kyurem|100/100
|-ability|p2a: Kyurem|Pressure
|turn|1
|
|t:|1757853699
|switch|p1a: Iron Treads|Iron Treads|100/100
|switch|p2a: Slowking|Slowking-Galar, F|100/100
|
|upkeep
|turn|2
|
|t:|1757853707
|switch|p2a: Hatterene|Hatterene, F|100/100
|move|p1a: Iron Treads|Earthquake|p2a: Hatterene
|-damage|p2a: Hatterene|67/100
|
|upkeep
|turn|3
|
|t:|1757853713
|move|p1a: Iron Treads|Earthquake|p2a: Hatterene
|-damage|p2a: Hatterene|30/100
|move|p2a: Hatterene|Mystical Fire|p1a: Iron Treads
|-supereffective|p1a: Iron Treads
|-damage|p1a: Iron Treads|74/100
|-unboost|p1a: Iron Treads|spa|1
|
|upkeep
|turn|4
|
|t:|1757853728
|switch|p2a: Ninetales|Ninetales-Alola, F|100/100
|-weather|Snowscape|[from] ability: Snow Warning|[of] p2a: Ninetales
|move|p1a: Iron Treads|Earthquake|p2a: Ninetales
|-damage|p2a: Ninetales|66/100
|
|-weather|Snowscape|[upkeep]
|upkeep
|turn|5
|
|t:|1757853732
|-end|p1a: Iron Treads|Quark Drive|[silent]
|switch|p1a: Pelipper|Pelipper, F|100/100
|-weather|RainDance|[from] ability: Drizzle|[of] p1a: Pelipper
|move|p2a: Ninetales|Freeze-Dry|p1a: Pelipper
|-supereffective|p1a: Pelipper
|-damage|p1a: Pelipper|0 fnt
|faint|p1a: Pelipper
|
|-weather|RainDance|[upkeep]
|upkeep
|
|t:|1757853736
|switch|p1a: Barraskewda|Barraskewda, F|100/100
|turn|6
|
|t:|1757853742
|switch|p2a: Hatterene|Hatterene, F|30/100
|move|p1a: Barraskewda|Liquidation|p2a: Hatterene
|-damage|p2a: Hatterene|0 fnt
|faint|p2a: Hatterene
|
|-weather|RainDance|[upkeep]
|upkeep
|
|t:|1757853744
|switch|p2a: Ninetales|Ninetales-Alola, F|66/100
|-weather|Snowscape|[from] ability: Snow Warning|[of] p2a: Ninetales
|turn|7
|
|t:|1757853748
|move|p1a: Barraskewda|Liquidation|p2a: Ninetales
|-damage|p2a: Ninetales|8/100
|move|p2a: Ninetales|Aurora Veil|p2a: Ninetales
|-sidestart|p2: I luv borger|move: Aurora Veil
|
|-weather|Snowscape|[upkeep]
|upkeep
|turn|8
|
|t:|1757853755
|move|p1a: Barraskewda|Liquidation|p2a: Ninetales
|-damage|p2a: Ninetales|0 fnt
|faint|p2a: Ninetales
|
|-weather|Snowscape|[upkeep]
|upkeep
|
|t:|1757853757
|switch|p2a: Kyurem|Kyurem|100/100
|-ability|p2a: Kyurem|Pressure
|turn|9
|
|t:|1757853760
|switch|p1a: Iron Treads|Iron Treads|74/100
|move|p2a: Kyurem|Freeze-Dry|p1a: Iron Treads
|-damage|p1a: Iron Treads|42/100
|-status|p1a: Iron Treads|frz
|
|-weather|Snowscape|[upkeep]
|upkeep
|turn|10
|
|t:|1757853768
|move|p2a: Kyurem|Freeze-Dry|p1a: Iron Treads
|-damage|p1a: Iron Treads|12/100 frz
|cant|p1a: Iron Treads|frz
|
|-weather|Snowscape|[upkeep]
|upkeep
|turn|11
|
|t:|1757853772
|move|p2a: Kyurem|Freeze-Dry|p1a: Iron Treads
|-damage|p1a: Iron Treads|0 fnt
|faint|p1a: Iron Treads
|-end|p1a: Iron Treads|Quark Drive|[silent]
|
|-weather|Snowscape|[upkeep]
|-sideend|p2: I luv borger|move: Aurora Veil
|upkeep
|
|t:|1757853775
|switch|p1a: Raging Bolt|Raging Bolt|100/100
|turn|12
|
|t:|1757853783
|switch|p2a: Slowking|Slowking-Galar, F|100/100
|-terastallize|p1a: Raging Bolt|Fairy
|move|p1a: Raging Bolt|Calm Mind|p1a: Raging Bolt
|-boost|p1a: Raging Bolt|spa|1
|-boost|p1a: Raging Bolt|spd|1
|
|-weather|Snowscape|[upkeep]
|upkeep
|turn|13
|
|t:|1757853793
|move|p1a: Raging Bolt|Dragon Pulse|p2a: Slowking
|-damage|p2a: Slowking|63/100
|move|p2a: Slowking|Psyshock|p1a: Raging Bolt
|-damage|p1a: Raging Bolt|70/100
|
|-weather|Snowscape|[upkeep]
|-heal|p1a: Raging Bolt|76/100|[from] item: Leftovers
|upkeep
|turn|14
|
|t:|1757853799
|move|p1a: Raging Bolt|Calm Mind|p1a: Raging Bolt
|-boost|p1a: Raging Bolt|spa|1
|-boost|p1a: Raging Bolt|spd|1
|move|p2a: Slowking|Psyshock|p1a: Raging Bolt
|-damage|p1a: Raging Bolt|48/100
|
|-weather|none
|-heal|p1a: Raging Bolt|55/100|[from] item: Leftovers
|upkeep
|turn|15
|
|t:|1757853801
|move|p1a: Raging Bolt|Calm Mind|p1a: Raging Bolt
|-boost|p1a: Raging Bolt|spa|1
|-boost|p1a: Raging Bolt|spd|1
|move|p2a: Slowking|Psyshock|p1a: Raging Bolt
|-damage|p1a: Raging Bolt|27/100
|
|-heal|p1a: Raging Bolt|33/100|[from] item: Leftovers
|upkeep
|turn|16
|
|t:|1757853803
|move|p1a: Raging Bolt|Dragon Pulse|p2a: Slowking
|-damage|p2a: Slowking|0 fnt
|faint|p2a: Slowking
|
|-heal|p1a: Raging Bolt|39/100|[from] item: Leftovers
|upkeep
|
|t:|1757853810
|switch|p2a: Iron Treads|Iron Treads|100/100
|turn|17
|
|t:|1757853813
|move|p2a: Iron Treads|Earthquake|p1a: Raging Bolt
|-damage|p1a: Raging Bolt|0 fnt
|faint|p1a: Raging Bolt
|-end|p1a: Raging Bolt|Protosynthesis|[silent]
|
|upkeep
|
|t:|1757853816
|switch|p1a: Barraskewda|Barraskewda, F|100/100
|turn|18
|
|t:|1757853820
|-terastallize|p2a: Iron Treads|Ghost
|move|p1a: Barraskewda|Liquidation|p2a: Iron Treads
|-damage|p2a: Iron Treads|38/100
|move|p2a: Iron Treads|Knock Off|p1a: Barraskewda
|-damage|p1a: Barraskewda|39/100
|-enditem|p1a: Barraskewda|Choice Band|[from] move: Knock Off|[of] p2a: Iron Treads
|
|-heal|p2a: Iron Treads|44/100|[from] item: Leftovers
|upkeep
|turn|19
|
|t:|1757853831
|move|p1a: Barraskewda|Liquidation|p2a: Iron Treads
|-damage|p2a: Iron Treads|0 fnt
|faint|p2a: Iron Treads
|-end|p2a: Iron Treads|Quark Drive|[silent]
|
|upkeep
|
|t:|1757853835
|switch|p2a: Cetitan|Cetitan, F|100/100
|turn|20
|
|t:|1757853839
|move|p1a: Barraskewda|Close Combat|p2a: Cetitan
|-supereffective|p2a: Cetitan
|-damage|p2a: Cetitan|12/100
|-unboost|p1a: Barraskewda|def|1
|-unboost|p1a: Barraskewda|spd|1
|-enditem|p2a: Cetitan|Sitrus Berry|[eat]
|-heal|p2a: Cetitan|37/100|[from] item: Sitrus Berry
|move|p2a: Cetitan|Play Rough|p1a: Barraskewda|[miss]
|-miss|p2a: Cetitan|p1a: Barraskewda
|
|upkeep
|turn|21
|
|t:|1757853845
|move|p2a: Cetitan|Ice Shard|p1a: Barraskewda
|-resisted|p1a: Barraskewda
|-damage|p1a: Barraskewda|9/100
|move|p1a: Barraskewda|Close Combat|p2a: Cetitan
|-supereffective|p2a: Cetitan
|-damage|p2a: Cetitan|0 fnt
|-unboost|p1a: Barraskewda|def|1
|-unboost|p1a: Barraskewda|spd|1
|faint|p2a: Cetitan
|
|upkeep
|
|t:|1757853848
|switch|p2a: Kyurem|Kyurem|100/100
|-ability|p2a: Kyurem|Pressure
|turn|22
|
|t:|1757853852
|move|p1a: Barraskewda|Close Combat|p2a: Kyurem
|-supereffective|p2a: Kyurem
|-damage|p2a: Kyurem|13/100
|-unboost|p1a: Barraskewda|def|1
|-unboost|p1a: Barraskewda|spd|1
|move|p2a: Kyurem|Freeze-Dry|p1a: Barraskewda
|-supereffective|p1a: Barraskewda
|-damage|p1a: Barraskewda|0 fnt
|faint|p1a: Barraskewda
|
|upkeep
|
|t:|1757853855
|switch|p1a: Landorus|Landorus-Therian, M|100/100
|-ability|p1a: Landorus|Intimidate|boost
|-unboost|p2a: Kyurem|atk|1
|turn|23
|
|t:|1757853859
|move|p2a: Kyurem|Freeze-Dry|p1a: Landorus
|-supereffective|p1a: Landorus
|-damage|p1a: Landorus|0 fnt
|faint|p1a: Landorus
|
|upkeep
|
|t:|1757853860
|switch|p1a: Hydrapple|Hydrapple, F|100/100
|turn|24
|
|t:|1757853865
|move|p2a: Kyurem|Freeze-Dry|p1a: Hydrapple
|-supereffective|p1a: Hydrapple
|-damage|p1a: Hydrapple|0 fnt
|faint|p1a: Hydrapple
|
|win|I luv borger
|raw|zio silvio's rating: 1295 &rarr; <strong>1272</strong><br />(-23 for losing)
|raw|I luv borger's rating: 1321 &rarr; <strong>1340</strong><br />(+19 for winning)
|l|☆zio silvio
|player|p1|
|l|☆I luv borger
|player|p2|
