|j|☆IwillPrayForyou
|j|☆glastrier#1
|t:|1757844625
|gametype|singles
|player|p1|IwillPrayForyou|veteran-gen4|1314
|player|p2|glastrier#1|170|1262
|gen|9
|tier|[Gen 9] OU
|rated|
|rule|HP Percentage Mod: HP is shown in percentages
|rule|Endless Battle Clause: Forcing endless battles is banned
|rule|Species Clause: Limit one of each Pokémon
|rule|OHKO Clause: OHKO moves are banned
|rule|Evasion Items Clause: Evasion items are banned
|rule|Evasion Moves Clause: Evasion moves are banned
|rule|Evasion Abilities Clause: Evasion abilities are banned
|rule|Sleep Moves Clause: Sleep-inducing moves are banned
|clearpoke
|poke|p1|Pelipper, M|
|poke|p1|Jolteon, M|
|poke|p1|Barraskewda, M|
|poke|p1|Ogerpon, F|
|poke|p1|Walking Wake|
|poke|p1|Iron Treads|
|poke|p2|Dragapult, F|
|poke|p2|Glastrier|
|poke|p2|Tinkaton, F|
|poke|p2|Ting-Lu|
|poke|p2|Iron Hands|
|poke|p2|Moltres|
|teampreview
|inactive|Battle timer is ON: inactive players will automatically lose when time's up. (requested by IwillPrayForyou)
|
|t:|1757844634
|teamsize|p1|6
|teamsize|p2|6
|start
|switch|p1a: Pelipper|Pelipper, M|100/100
|switch|p2a: Iron Hands|Iron Hands|100/100
|-weather|RainDance|[from] ability: Drizzle|[of] p1a: Pelipper
|turn|1
|
|t:|1757844644
|move|p1a: Pelipper|U-turn|p2a: Iron Hands
|-resisted|p2a: Iron Hands
|-damage|p2a: Iron Hands|98/100
|
|t:|1757844648
|switch|p1a: Iron Treads|Iron Treads|100/100|[from] U-turn
|-enditem|p1a: Iron Treads|Booster Energy
|-activate|p1a: Iron Treads|ability: Quark Drive|[fromitem]
|-start|p1a: Iron Treads|quarkdrivespe
|move|p2a: Iron Hands|Drain Punch|p1a: Iron Treads
|-supereffective|p1a: Iron Treads
|-damage|p1a: Iron Treads|18/100
|-heal|p2a: Iron Hands|100/100|[from] drain|[of] p1a: Iron Treads
|
|-weather|RainDance|[upkeep]
|upkeep
|turn|2
|
|t:|1757844653
|move|p1a: Iron Treads|Earthquake|p2a: Iron Hands
|-supereffective|p2a: Iron Hands
|-damage|p2a: Iron Hands|38/100
|move|p2a: Iron Hands|Ice Punch|p1a: Iron Treads
|-damage|p1a: Iron Treads|0 fnt
|faint|p1a: Iron Treads
|-end|p1a: Iron Treads|Quark Drive|[silent]
|
|-weather|RainDance|[upkeep]
|upkeep
|inactive|IwillPrayForyou has 120 seconds left.
|
|t:|1757844694
|switch|p1a: Walking Wake|Walking Wake|100/100
|-enditem|p1a: Walking Wake|Booster Energy
|-activate|p1a: Walking Wake|ability: Protosynthesis|[fromitem]
|-start|p1a: Walking Wake|protosynthesisspa
|turn|3
|
|t:|1757844698
|move|p1a: Walking Wake|Hydro Steam|p2a: Iron Hands
|-damage|p2a: Iron Hands|0 fnt
|faint|p2a: Iron Hands
|-end|p2a: Iron Hands|Quark Drive|[silent]
|
|-weather|RainDance|[upkeep]
|upkeep
|
|t:|1757844707
|switch|p2a: Dragapult|Dragapult, F|100/100
|turn|4
|
|t:|1757844714
|-terastallize|p1a: Walking Wake|Fairy
|move|p2a: Dragapult|Draco Meteor|p1a: Walking Wake
|-immune|p1a: Walking Wake
|move|p1a: Walking Wake|Agility|p1a: Walking Wake
|-boost|p1a: Walking Wake|spe|2
|
|-weather|RainDance|[upkeep]
|upkeep
|turn|5
|
|t:|1757844722
|move|p1a: Walking Wake|Dragon Pulse|p2a: Dragapult
|-supereffective|p2a: Dragapult
|-damage|p2a: Dragapult|0 fnt
|faint|p2a: Dragapult
|
|-weather|RainDance|[upkeep]
|upkeep
|
|t:|1757844725
|switch|p2a: Tinkaton|Tinkaton, F|100/100
|-item|p2a: Tinkaton|Air Balloon
|turn|6
|
|t:|1757844732
|move|p1a: Walking Wake|Hydro Steam|p2a: Tinkaton
|-damage|p2a: Tinkaton|20/100
|-enditem|p2a: Tinkaton|Air Balloon
|move|p2a: Tinkaton|Gigaton Hammer|p1a: Walking Wake
|-supereffective|p1a: Walking Wake
|-damage|p1a: Walking Wake|1/100
|
|-weather|RainDance|[upkeep]
|upkeep
|turn|7
|
|t:|1757844742
|move|p1a: Walking Wake|Hydro Steam|p2a: Tinkaton
|-damage|p2a: Tinkaton|0 fnt
|faint|p2a: Tinkaton
|
|-weather|RainDance|[upkeep]
|upkeep
|
|t:|1757844745
|switch|p2a: Ting-Lu|Ting-Lu|100/100
|-ability|p2a: Ting-Lu|Vessel of Ruin
|turn|8
|
|t:|1757844751
|-terastallize|p2a: Ting-Lu|Water
|move|p1a: Walking Wake|Hydro Steam|p2a: Ting-Lu
|-resisted|p2a: Ting-Lu
|-damage|p2a: Ting-Lu|82/100
|move|p2a: Ting-Lu|Earthquake|p1a: Walking Wake
|-damage|p1a: Walking Wake|0 fnt
|faint|p1a: Walking Wake
|-end|p1a: Walking Wake|Protosynthesis|[silent]
|
|-weather|none
|-heal|p2a: Ting-Lu|88/100|[from] item: Leftovers
|upkeep
|
|t:|1757844754
|switch|p1a: Pelipper|Pelipper, M|100/100
|-weather|RainDance|[from] ability: Drizzle|[of] p1a: Pelipper
|turn|9
|
|t:|1757844768
|move|p1a: Pelipper|Hurricane|p2a: Ting-Lu
|-damage|p2a: Ting-Lu|69/100
|move|p2a: Ting-Lu|Ruination|p1a: Pelipper
|-damage|p1a: Pelipper|51/100
|
|-weather|RainDance|[upkeep]
|-heal|p2a: Ting-Lu|75/100|[from] item: Leftovers
|upkeep
|turn|10
|
|t:|1757844774
|move|p1a: Pelipper|Hurricane|p2a: Ting-Lu
|-damage|p2a: Ting-Lu|57/100
|-start|p2a: Ting-Lu|confusion
|-activate|p2a: Ting-Lu|confusion
|-damage|p2a: Ting-Lu|51/100|[from] confusion
|
|-weather|RainDance|[upkeep]
|-heal|p2a: Ting-Lu|57/100|[from] item: Leftovers
|upkeep
|turn|11
|
|t:|1757844783
|move|p1a: Pelipper|U-turn|p2a: Ting-Lu
|-crit|p2a: Ting-Lu
|-damage|p2a: Ting-Lu|52/100
|
|t:|1757844785
|switch|p1a: Jolteon|Jolteon, M|100/100|[from] U-turn
|-end|p2a: Ting-Lu|confusion
|move|p2a: Ting-Lu|Spikes|p1a: Jolteon
|-sidestart|p1: IwillPrayForyou|Spikes
|
|-weather|RainDance|[upkeep]
|-heal|p2a: Ting-Lu|58/100|[from] item: Leftovers
|upkeep
|turn|12
|
|t:|1757844788
|move|p1a: Jolteon|Thunder|p2a: Ting-Lu
|-supereffective|p2a: Ting-Lu
|-damage|p2a: Ting-Lu|0 fnt
|faint|p2a: Ting-Lu
|
|-weather|RainDance|[upkeep]
|upkeep
|
|t:|1757844791
|switch|p2a: Glastrier|Glastrier|100/100
|turn|13
|
|t:|1757844803
|move|p1a: Jolteon|Thunder|p2a: Glastrier
|-damage|p2a: Glastrier|34/100
|move|p2a: Glastrier|High Horsepower|p1a: Jolteon
|-supereffective|p1a: Jolteon
|-damage|p1a: Jolteon|0 fnt
|faint|p1a: Jolteon
|-ability|p2a: Glastrier|Chilling Neigh|boost
|-boost|p2a: Glastrier|atk|1
|
|-weather|RainDance|[upkeep]
|upkeep
|
|t:|1757844813
|switch|p1a: Ogerpon|Ogerpon, F|100/100
|-damage|p1a: Ogerpon|88/100|[from] Spikes
|turn|14
|inactive|IwillPrayForyou has 120 seconds left.
|
|t:|1757844850
|switch|p2a: Moltres|Moltres|100/100
|move|p1a: Ogerpon|Ivy Cudgel|p2a: Moltres
|-resisted|p2a: Moltres
|-damage|p2a: Moltres|88/100
|
|-weather|RainDance|[upkeep]
|upkeep
|turn|15
|
|t:|1757844859
|move|p1a: Ogerpon|Ivy Cudgel|p2a: Moltres
|-resisted|p2a: Moltres
|-damage|p2a: Moltres|76/100
|move|p2a: Moltres|Flamethrower|p1a: Ogerpon
|-supereffective|p1a: Ogerpon
|-crit|p1a: Ogerpon
|-damage|p1a: Ogerpon|24/100
|
|-weather|RainDance|[upkeep]
|upkeep
|turn|16
|inactive|IwillPrayForyou has 120 seconds left.
|
|t:|1757844878
|move|p1a: Ogerpon|Ivy Cudgel|p2a: Moltres
|-resisted|p2a: Moltres
|-damage|p2a: Moltres|64/100
|move|p2a: Moltres|U-turn|p1a: Ogerpon
|-supereffective|p1a: Ogerpon
|-damage|p1a: Ogerpon|0 fnt
|faint|p1a: Ogerpon
|
|t:|1757844882
|switch|p2a: Glastrier|Glastrier|34/100|[from] U-turn
|
|-weather|none
|upkeep
|
|t:|1757844884
|switch|p1a: Pelipper|Pelipper, M|51/100
|-weather|RainDance|[from] ability: Drizzle|[of] p1a: Pelipper
|turn|17
|
|t:|1757844888
|move|p1a: Pelipper|Weather Ball|p2a: Glastrier
|-damage|p2a: Glastrier|0 fnt
|faint|p2a: Glastrier
|
|-weather|RainDance|[upkeep]
|upkeep
|-message|glastrier#1 forfeited.
|
|win|IwillPrayForyou
|raw|IwillPrayForyou's rating: 1314 &rarr; <strong>1331</strong><br />(+17 for winning)
|raw|glastrier#1's rating: 1262 &rarr; <strong>1241</strong><br />(-21 for losing)
|l|☆glastrier#1
|player|p2|
|l|☆IwillPrayForyou
|player|p1|
