|j|☆Chuck2025
|j|☆moutisma-water
|t:|1757929695
|gametype|singles
|player|p1|Chuck2025|dawn|1143
|player|p2|moutisma-water|lucas|1191
|gen|9
|tier|[Gen 9] OU
|rated|
|rule|HP Percentage Mod: HP is shown in percentages
|rule|Endless Battle Clause: Forcing endless battles is banned
|rule|Species Clause: Limit one of each Pokémon
|rule|OHKO Clause: OHKO moves are banned
|rule|Evasion Items Clause: Evasion items are banned
|rule|Evasion Moves Clause: Evasion moves are banned
|rule|Evasion Abilities Clause: Evasion abilities are banned
|rule|Sleep Moves Clause: Sleep-inducing moves are banned
|clearpoke
|poke|p1|Dragonite, M|
|poke|p1|Swampert, M|
|poke|p1|Iron Hands|
|poke|p1|Zamazenta-*|
|poke|p1|Zapdos|
|poke|p1|Volcanion|
|poke|p2|Meowscarada, M|
|poke|p2|Incineroar, F|
|poke|p2|Raikou|
|poke|p2|Perrserker, M|
|poke|p2|Mew|
|poke|p2|Persian-Alola, F|
|teampreview
|inactive|Battle timer is ON: inactive players will automatically lose when time's up. (requested by Chuck2025)
|
|t:|1757929709
|teamsize|p1|6
|teamsize|p2|6
|start
|switch|p1a: Volcanion|Volcanion|100/100
|switch|p2a: Miaw 🧱|Perrserker, M|100/100
|turn|1
|
|t:|1757929716
|switch|p2a: MIAW|Raikou|100/100
|-ability|p2a: MIAW|Pressure
|move|p1a: Volcanion|Flamethrower|p2a: MIAW
|-crit|p2a: MIAW
|-damage|p2a: MIAW|53/100
|
|upkeep
|turn|2
|
|t:|1757929724
|move|p2a: MIAW|Volt Switch|p1a: Volcanion
|-supereffective|p1a: Volcanion
|-damage|p1a: Volcanion|50/100
|
|t:|1757929731
|switch|p2a: Persian|Persian-Alola, F|100/100|[from] Volt Switch
|move|p1a: Volcanion|Earthquake|p2a: Persian
|-damage|p2a: Persian|82/100
|
|upkeep
|turn|3
|
|t:|1757929739
|switch|p1a: Iron Hands|Iron Hands, shiny|100/100
|move|p2a: Persian|Parting Shot|p1a: Iron Hands
|-unboost|p1a: Iron Hands|atk|1
|-unboost|p1a: Iron Hands|spa|1
|
|t:|1757929744
|switch|p2a: MIOW|Incineroar, F|100/100|[from] Parting Shot
|-ability|p2a: MIOW|Intimidate|boost
|-unboost|p1a: Iron Hands|atk|1
|
|upkeep
|turn|4
|
|t:|1757929750
|switch|p2a: Miaw 🧱|Perrserker, M|100/100
|move|p1a: Iron Hands|Drain Punch|p2a: Miaw 🧱
|-supereffective|p2a: Miaw 🧱
|-damage|p2a: Miaw 🧱|67/100
|
|-heal|p2a: Miaw 🧱|73/100|[from] item: Leftovers
|upkeep
|turn|5
|
|t:|1757929759
|-end|p1a: Iron Hands|Quark Drive|[silent]
|switch|p1a: Swampert|Swampert, M|100/100
|move|p2a: Miaw 🧱|Stealth Rock|p1a: Swampert
|-sidestart|p1: Chuck2025|move: Stealth Rock
|
|-heal|p2a: Miaw 🧱|79/100|[from] item: Leftovers
|upkeep
|turn|6
|
|t:|1757929772
|move|p1a: Swampert|Ice Beam|p2a: Miaw 🧱
|-resisted|p2a: Miaw 🧱
|-damage|p2a: Miaw 🧱|61/100
|move|p2a: Miaw 🧱|Body Slam|p1a: Swampert
|-crit|p1a: Swampert
|-damage|p1a: Swampert|61/100
|-status|p1a: Swampert|par
|
|-heal|p2a: Miaw 🧱|67/100|[from] item: Leftovers
|upkeep
|turn|7
|
|t:|1757929782
|move|p2a: Miaw 🧱|U-turn|p1a: Swampert
|-damage|p1a: Swampert|38/100 par
|
|t:|1757929785
|switch|p2a: Miiiiiaaaaw|Meowscarada, M|100/100|[from] U-turn
|move|p1a: Swampert|Earthquake|p2a: Miiiiiaaaaw
|-resisted|p2a: Miiiiiaaaaw
|-crit|p2a: Miiiiiaaaaw
|-damage|p2a: Miiiiiaaaaw|56/100
|
|upkeep
|turn|8
|
|t:|1757929793
|move|p2a: Miiiiiaaaaw|U-turn|p1a: Swampert
|-start|p2a: Miiiiiaaaaw|typechange|Bug|[from] ability: Protean
|-damage|p1a: Swampert|0 fnt
|faint|p1a: Swampert
|
|t:|1757929798
|switch|p2a: Miaw 🧱|Perrserker, M|67/100|[from] U-turn
|
|-heal|p2a: Miaw 🧱|73/100|[from] item: Leftovers
|upkeep
|
|t:|1757929811
|switch|p1a: Iron Hands|Iron Hands, shiny|100/100
|-damage|p1a: Iron Hands|94/100|[from] Stealth Rock
|turn|9
|
|t:|1757929818
|switch|p2a: MIOW|Incineroar, F|100/100
|-ability|p2a: MIOW|Intimidate|boost
|-unboost|p1a: Iron Hands|atk|1
|move|p1a: Iron Hands|Drain Punch|p2a: MIOW
|-supereffective|p2a: MIOW
|-damage|p2a: MIOW|35/100
|-heal|p1a: Iron Hands|100/100|[from] drain|[of] p2a: MIOW
|
|upkeep
|turn|10
|
|t:|1757929828
|switch|p2a: Mew mew|Mew|100/100
|move|p1a: Iron Hands|Drain Punch|p2a: Mew mew
|-resisted|p2a: Mew mew
|-damage|p2a: Mew mew|84/100
|
|upkeep
|turn|11
|
|t:|1757929849
|-end|p1a: Iron Hands|Quark Drive|[silent]
|switch|p1a: Zapdos|Zapdos|100/100
|move|p2a: Mew mew|Psychic|p1a: Zapdos
|-damage|p1a: Zapdos|48/100
|-damage|p2a: Mew mew|74/100|[from] item: Life Orb
|
|upkeep
|turn|12
|
|t:|1757929857
|move|p2a: Mew mew|Psychic|p1a: Zapdos
|-damage|p1a: Zapdos|3/100
|-damage|p2a: Mew mew|64/100|[from] item: Life Orb
|move|p1a: Zapdos|Brave Bird|p2a: Mew mew
|-damage|p2a: Mew mew|28/100
|-damage|p1a: Zapdos|0 fnt|[from] Recoil
|faint|p1a: Zapdos
|
|upkeep
|
|t:|1757929867
|switch|p1a: Dragonite|Dragonite, M|100/100
|turn|13
|
|t:|1757929872
|move|p1a: Dragonite|Extreme Speed|p2a: Mew mew
|-damage|p2a: Mew mew|0 fnt
|faint|p2a: Mew mew
|
|upkeep
|
|t:|1757929875
|switch|p2a: MIOW|Incineroar, F|35/100
|-ability|p2a: MIOW|Intimidate|boost
|-unboost|p1a: Dragonite|atk|1
|turn|14
|
|t:|1757929881
|switch|p2a: Miaw 🧱|Perrserker, M|73/100
|move|p1a: Dragonite|Extreme Speed|p2a: Miaw 🧱
|-resisted|p2a: Miaw 🧱
|-damage|p2a: Miaw 🧱|65/100
|
|-heal|p2a: Miaw 🧱|71/100|[from] item: Leftovers
|upkeep
|turn|15
|
|t:|1757929893
|move|p1a: Dragonite|Earthquake|p2a: Miaw 🧱
|-supereffective|p2a: Miaw 🧱
|-damage|p2a: Miaw 🧱|34/100
|move|p2a: Miaw 🧱|Body Slam|p1a: Dragonite
|-damage|p1a: Dragonite|86/100
|-status|p1a: Dragonite|par
|
|-heal|p2a: Miaw 🧱|40/100|[from] item: Leftovers
|upkeep
|turn|16
|
|t:|1757929902
|move|p2a: Miaw 🧱|Iron Head|p1a: Dragonite
|-damage|p1a: Dragonite|43/100 par
|cant|p1a: Dragonite|flinch
|
|-heal|p2a: Miaw 🧱|46/100|[from] item: Leftovers
|upkeep
|turn|17
|
|t:|1757929910
|move|p2a: Miaw 🧱|Iron Head|p1a: Dragonite
|-damage|p1a: Dragonite|0 fnt
|faint|p1a: Dragonite
|
|-heal|p2a: Miaw 🧱|53/100|[from] item: Leftovers
|upkeep
|
|t:|1757929926
|switch|p1a: Volcanion|Volcanion|50/100
|-damage|p1a: Volcanion|26/100|[from] Stealth Rock
|turn|18
|
|t:|1757929935
|switch|p2a: MIAW|Raikou|53/100
|-ability|p2a: MIAW|Pressure
|move|p1a: Volcanion|Flamethrower|p2a: MIAW
|-crit|p2a: MIAW
|-damage|p2a: MIAW|7/100
|
|upkeep
|turn|19
|
|t:|1757929945
|move|p2a: MIAW|Volt Switch|p1a: Volcanion
|-supereffective|p1a: Volcanion
|-damage|p1a: Volcanion|0 fnt
|faint|p1a: Volcanion
|
|t:|1757929953
|switch|p2a: Persian|Persian-Alola, F|82/100|[from] Volt Switch
|
|upkeep
|
|t:|1757929959
|switch|p1a: Iron Hands|Iron Hands, shiny|100/100
|-damage|p1a: Iron Hands|94/100|[from] Stealth Rock
|turn|20
|
|t:|1757929963
|move|p2a: Persian|Parting Shot|p1a: Iron Hands
|-unboost|p1a: Iron Hands|atk|1
|-unboost|p1a: Iron Hands|spa|1
|
|t:|1757929966
|switch|p2a: MIOW|Incineroar, F|35/100|[from] Parting Shot
|-ability|p2a: MIOW|Intimidate|boost
|-unboost|p1a: Iron Hands|atk|1
|move|p1a: Iron Hands|Drain Punch|p2a: MIOW
|-supereffective|p2a: MIOW
|-damage|p2a: MIOW|0 fnt
|-heal|p1a: Iron Hands|100/100|[from] drain|[of] p2a: MIOW
|faint|p2a: MIOW
|
|upkeep
|
|t:|1757929970
|switch|p2a: Miiiiiaaaaw|Meowscarada, M|56/100
|turn|21
|
|t:|1757929980
|move|p2a: Miiiiiaaaaw|Shadow Claw|p1a: Iron Hands
|-start|p2a: Miiiiiaaaaw|typechange|Ghost|[from] ability: Protean
|-damage|p1a: Iron Hands|69/100
|-damage|p2a: Miiiiiaaaaw|40/100|[from] item: Rocky Helmet|[of] p1a: Iron Hands
|move|p1a: Iron Hands|Drain Punch|p2a: Miiiiiaaaaw
|-immune|p2a: Miiiiiaaaaw
|
|upkeep
|turn|22
|
|t:|1757929992
|switch|p2a: Persian|Persian-Alola, F|82/100
|move|p1a: Iron Hands|Earthquake|p2a: Persian
|-damage|p2a: Persian|66/100
|
|upkeep
|turn|23
|
|t:|1757930000
|move|p2a: Persian|Parting Shot|p1a: Iron Hands
|-unboost|p1a: Iron Hands|atk|1
|-unboost|p1a: Iron Hands|spa|1
|
|t:|1757930003
|switch|p2a: Miaw 🧱|Perrserker, M|53/100|[from] Parting Shot
|move|p1a: Iron Hands|Drain Punch|p2a: Miaw 🧱
|-supereffective|p2a: Miaw 🧱
|-damage|p2a: Miaw 🧱|26/100
|-heal|p1a: Iron Hands|78/100|[from] drain|[of] p2a: Miaw 🧱
|
|-heal|p2a: Miaw 🧱|32/100|[from] item: Leftovers
|upkeep
|turn|24
|
|t:|1757930015
|move|p2a: Miaw 🧱|Body Slam|p1a: Iron Hands
|-damage|p1a: Iron Hands|62/100
|-damage|p2a: Miaw 🧱|15/100|[from] item: Rocky Helmet|[of] p1a: Iron Hands
|move|p1a: Iron Hands|Drain Punch|p2a: Miaw 🧱
|-supereffective|p2a: Miaw 🧱
|-damage|p2a: Miaw 🧱|0 fnt
|-heal|p1a: Iron Hands|67/100|[from] drain|[of] p2a: Miaw 🧱
|faint|p2a: Miaw 🧱
|
|upkeep
|
|t:|1757930032
|switch|p2a: Miiiiiaaaaw|Meowscarada, M|40/100
|turn|25
|
|t:|1757930035
|move|p2a: Miiiiiaaaaw|Flower Trick|p1a: Iron Hands
|-start|p2a: Miiiiiaaaaw|typechange|Grass|[from] ability: Protean
|-crit|p1a: Iron Hands
|-damage|p1a: Iron Hands|18/100
|move|p1a: Iron Hands|Earthquake|p2a: Miiiiiaaaaw
|-resisted|p2a: Miiiiiaaaaw
|-damage|p2a: Miiiiiaaaaw|26/100
|
|upkeep
|turn|26
|
|t:|1757930046
|move|p2a: Miiiiiaaaaw|Flower Trick|p1a: Iron Hands
|-crit|p1a: Iron Hands
|-damage|p1a: Iron Hands|0 fnt
|faint|p1a: Iron Hands
|-end|p1a: Iron Hands|Quark Drive|[silent]
|
|upkeep
|
|t:|1757930056
|switch|p1a: Zamazenta|Zamazenta|100/100
|-damage|p1a: Zamazenta|94/100|[from] Stealth Rock
|-ability|p1a: Zamazenta|Dauntless Shield|boost
|-boost|p1a: Zamazenta|def|1
|turn|27
|
|t:|1757930061
|switch|p2a: Persian|Persian-Alola, F|66/100
|move|p1a: Zamazenta|Body Press|p2a: Persian
|-supereffective|p2a: Persian
|-damage|p2a: Persian|0 fnt
|faint|p2a: Persian
|
|upkeep
|
|t:|1757930069
|switch|p2a: MIAW|Raikou|7/100
|-ability|p2a: MIAW|Pressure
|turn|28
|
|t:|1757930073
|move|p2a: MIAW|Discharge|p1a: Zamazenta
|-crit|p1a: Zamazenta
|-damage|p1a: Zamazenta|66/100
|move|p1a: Zamazenta|Body Press|p2a: MIAW
|-damage|p2a: MIAW|0 fnt
|faint|p2a: MIAW
|
|upkeep
|
|t:|1757930078
|switch|p2a: Miiiiiaaaaw|Meowscarada, M|26/100
|turn|29
|
|t:|1757930085
|-terastallize|p2a: Miiiiiaaaaw|Grass
|move|p2a: Miiiiiaaaaw|Flower Trick|p1a: Zamazenta
|-crit|p1a: Zamazenta
|-damage|p1a: Zamazenta|0 fnt
|faint|p1a: Zamazenta
|
|win|moutisma-water
|raw|Chuck2025's rating: 1143 &rarr; <strong>1121</strong><br />(-22 for losing)
|raw|moutisma-water's rating: 1191 &rarr; <strong>1213</strong><br />(+22 for winning)
|c|☆Chuck2025|Noooo
|c|☆Chuck2025|Wtf
|l|☆moutisma-water
|player|p2|
|l|☆Chuck2025
|player|p1|
