|j|☆08XHX
|j|☆valoo945
|t:|1757840928
|gametype|singles
|player|p1|08XHX|n|1323
|player|p2|valoo945|cynthia-gen4|1340
|gen|9
|tier|[Gen 9] OU
|rated|
|rule|HP Percentage Mod: HP is shown in percentages
|rule|Endless Battle Clause: Forcing endless battles is banned
|rule|Species Clause: Limit one of each Pokémon
|rule|OHKO Clause: OHKO moves are banned
|rule|Evasion Items Clause: Evasion items are banned
|rule|Evasion Moves Clause: Evasion moves are banned
|rule|Evasion Abilities Clause: Evasion abilities are banned
|rule|Sleep Moves Clause: Sleep-inducing moves are banned
|clearpoke
|poke|p1|Tyranitar, F|
|poke|p1|Excadrill, F|
|poke|p1|Keldeo-Resolute|
|poke|p1|Tornadus-Therian, M|
|poke|p1|Heatran, F|
|poke|p1|Hydrapple, M|
|poke|p2|Glimmora, F|
|poke|p2|Gholdengo|
|poke|p2|Ogerpon-Wellspring, F|
|poke|p2|Kingambit, F|
|poke|p2|Iron Moth|
|poke|p2|Enamorus, F|
|teampreview
|inactive|Battle timer is ON: inactive players will automatically lose when time's up. (requested by 08XHX)
|
|t:|1757840941
|teamsize|p1|6
|teamsize|p2|6
|start
|switch|p1a: 看我看我|Tornadus-Therian, M|100/100
|switch|p2a: Glimmora|Glimmora, F|100/100
|turn|1
|
|t:|1757840957
|move|p1a: 看我看我|Taunt|p2a: Glimmora
|-start|p2a: Glimmora|move: Taunt
|cant|p2a: Glimmora|move: Taunt|Stealth Rock
|
|upkeep
|turn|2
|
|t:|1757840973
|switch|p1a: 固拉多|Tyranitar, F|100/100
|-weather|Sandstorm|[from] ability: Sand Stream|[of] p1a: 固拉多
|move|p2a: Glimmora|Mortal Spin|p1a: 固拉多
|-resisted|p1a: 固拉多
|-damage|p1a: 固拉多|98/100
|-status|p1a: 固拉多|psn
|
|-weather|Sandstorm|[upkeep]
|-damage|p1a: 固拉多|86/100 psn|[from] psn
|upkeep
|turn|3
|
|t:|1757840980
|move|p2a: Glimmora|Earth Power|p1a: 固拉多
|-supereffective|p1a: 固拉多
|-damage|p1a: 固拉多|43/100 psn
|move|p1a: 固拉多|Knock Off|p2a: Glimmora
|-enditem|p2a: Glimmora|Focus Sash
|-damage|p2a: Glimmora|1/100
|-activate|p2a: Glimmora|ability: Toxic Debris
|-sidestart|p1: 08XHX|move: Toxic Spikes
|
|-weather|Sandstorm|[upkeep]
|-damage|p1a: 固拉多|31/100 psn|[from] psn
|-end|p2a: Glimmora|move: Taunt
|upkeep
|turn|4
|
|t:|1757840990
|move|p2a: Glimmora|Stealth Rock|p1a: 固拉多
|-sidestart|p1: 08XHX|move: Stealth Rock
|move|p1a: 固拉多|Knock Off|p2a: Glimmora
|-damage|p2a: Glimmora|0 fnt
|-activate|p2a: Glimmora|ability: Toxic Debris
|-sidestart|p1: 08XHX|move: Toxic Spikes
|faint|p2a: Glimmora
|
|-weather|Sandstorm|[upkeep]
|-damage|p1a: 固拉多|19/100 psn|[from] psn
|upkeep
|
|t:|1757841007
|switch|p2a: BB DAMOUR|Enamorus, F|100/100
|turn|5
|
|t:|1757841018
|move|p2a: BB DAMOUR|Moonblast|p1a: 固拉多
|-supereffective|p1a: 固拉多
|-damage|p1a: 固拉多|0 fnt
|faint|p1a: 固拉多
|
|-weather|Sandstorm|[upkeep]
|-damage|p2a: BB DAMOUR|94/100|[from] Sandstorm
|upkeep
|
|t:|1757841021
|switch|p1a: 地龙|Excadrill, F|100/100
|-damage|p1a: 地龙|97/100|[from] Stealth Rock
|-item|p1a: 地龙|Air Balloon
|turn|6
|
|t:|1757841033
|switch|p2a: Iron Moth|Iron Moth|100/100
|-enditem|p2a: Iron Moth|Booster Energy
|-activate|p2a: Iron Moth|ability: Quark Drive|[fromitem]
|-start|p2a: Iron Moth|quarkdrivespe
|-terastallize|p1a: 地龙|Ghost
|move|p1a: 地龙|Rapid Spin|p2a: Iron Moth
|-damage|p2a: Iron Moth|71/100
|-boost|p1a: 地龙|spe|1
|-sideend|p1: 08XHX|Toxic Spikes|[from] move: Rapid Spin|[of] p1a: 地龙
|-sideend|p1: 08XHX|Stealth Rock|[from] move: Rapid Spin|[of] p1a: 地龙
|
|-weather|none
|upkeep
|turn|7
|
|t:|1757841055
|-terastallize|p2a: Iron Moth|Ground
|move|p2a: Iron Moth|Fiery Dance|p1a: 地龙
|-damage|p1a: 地龙|44/100
|-boost|p2a: Iron Moth|spa|1
|-enditem|p1a: 地龙|Air Balloon
|move|p1a: 地龙|Earthquake|p2a: Iron Moth
|-damage|p2a: Iron Moth|0 fnt
|faint|p2a: Iron Moth
|-end|p2a: Iron Moth|Quark Drive|[silent]
|
|upkeep
|inactive|valoo945 has 120 seconds left.
|
|t:|1757841068
|switch|p2a: Ogerpon|Ogerpon-Wellspring, F|100/100
|turn|8
|
|t:|1757841078
|move|p1a: 地龙|Iron Head|p2a: Ogerpon
|-resisted|p2a: Ogerpon
|-damage|p2a: Ogerpon|68/100
|move|p2a: Ogerpon|Ivy Cudgel|p1a: 地龙|[anim] Ivy Cudgel Water
|-damage|p1a: 地龙|0 fnt
|faint|p1a: 地龙
|
|upkeep
|
|t:|1757841087
|switch|p1a: 看我看我|Tornadus-Therian, M|100/100
|turn|9
|
|t:|1757841093
|move|p2a: Ogerpon|Ivy Cudgel|p1a: 看我看我|[anim] Ivy Cudgel Water
|-damage|p1a: 看我看我|36/100
|move|p1a: 看我看我|Bleakwind Storm|p2a: Ogerpon
|-supereffective|p2a: Ogerpon
|-damage|p2a: Ogerpon|0 fnt
|faint|p2a: Ogerpon
|
|upkeep
|
|t:|1757841102
|switch|p2a: BB DAMOUR|Enamorus, F|94/100
|turn|10
|
|t:|1757841111
|switch|p1a: 路边|Heatran, F|100/100
|move|p2a: BB DAMOUR|Moonblast|p1a: 路边
|-resisted|p1a: 路边
|-damage|p1a: 路边|92/100
|
|-heal|p1a: 路边|98/100|[from] item: Leftovers
|upkeep
|turn|11
|
|t:|1757841121
|switch|p2a: Gholdengo|Gholdengo|100/100
|-item|p2a: Gholdengo|Air Balloon
|move|p1a: 路边|Magma Storm|p2a: Gholdengo
|-supereffective|p2a: Gholdengo
|-damage|p2a: Gholdengo|1/100
|-activate|p2a: Gholdengo|move: Magma Storm|[of] p1a: 路边
|-enditem|p2a: Gholdengo|Air Balloon
|
|-heal|p1a: 路边|100/100|[from] item: Leftovers
|-damage|p2a: Gholdengo|0 fnt|[from] move: Magma Storm|[partiallytrapped]
|faint|p2a: Gholdengo
|upkeep
|
|t:|1757841128
|switch|p2a: BB DAMOUR|Enamorus, F|94/100
|turn|12
|
|t:|1757841130
|move|p2a: BB DAMOUR|Earth Power|p1a: 路边
|-supereffective|p1a: 路边
|-damage|p1a: 路边|17/100
|move|p1a: 路边|Magma Storm|p2a: BB DAMOUR
|-damage|p2a: BB DAMOUR|36/100
|-activate|p2a: BB DAMOUR|move: Magma Storm|[of] p1a: 路边
|
|-heal|p1a: 路边|23/100|[from] item: Leftovers
|-damage|p2a: BB DAMOUR|23/100|[from] move: Magma Storm|[partiallytrapped]
|upkeep
|turn|13
|
|t:|1757841135
|move|p2a: BB DAMOUR|Earth Power|p1a: 路边
|-supereffective|p1a: 路边
|-damage|p1a: 路边|0 fnt
|faint|p1a: 路边
|
|-end|p2a: BB DAMOUR|Magma Storm|[partiallytrapped]|[silent]
|upkeep
|
|t:|1757841137
|switch|p1a: 看我看我|Tornadus-Therian, M|69/100
|turn|14
|
|t:|1757841144
|switch|p2a: Kingambit|Kingambit, F|100/100
|-activate|p2a: Kingambit|ability: Supreme Overlord
|-start|p2a: Kingambit|fallen4|[silent]
|move|p1a: 看我看我|Heat Wave|p2a: Kingambit
|-supereffective|p2a: Kingambit
|-damage|p2a: Kingambit|51/100
|
|upkeep
|turn|15
|
|t:|1757841151
|-end|p2a: Kingambit|fallen4|[silent]
|switch|p2a: BB DAMOUR|Enamorus, F|23/100
|move|p1a: 看我看我|Heat Wave|p2a: BB DAMOUR
|-damage|p2a: BB DAMOUR|0 fnt
|faint|p2a: BB DAMOUR
|
|upkeep
|
|t:|1757841155
|switch|p2a: Kingambit|Kingambit, F|51/100
|-activate|p2a: Kingambit|ability: Supreme Overlord
|-start|p2a: Kingambit|fallen5|[silent]
|turn|16
|
|t:|1757841158
|move|p2a: Kingambit|Sucker Punch|p1a: 看我看我
|-damage|p1a: 看我看我|0 fnt
|faint|p1a: 看我看我
|
|upkeep
|
|t:|1757841160
|switch|p1a: 顶针|Hydrapple, M|100/100
|turn|17
|
|t:|1757841174
|move|p2a: Kingambit|Swords Dance|p2a: Kingambit
|-boost|p2a: Kingambit|atk|2
|move|p1a: 顶针|Earth Power|p2a: Kingambit
|-supereffective|p2a: Kingambit
|-damage|p2a: Kingambit|1/100
|
|upkeep
|turn|18
|
|t:|1757841178
|move|p2a: Kingambit|Sucker Punch|p1a: 顶针
|-damage|p1a: 顶针|13/100
|-damage|p2a: Kingambit|0 fnt|[from] item: Rocky Helmet|[of] p1a: 顶针
|faint|p2a: Kingambit
|-end|p2a: Kingambit|fallen5|[silent]
|
|win|08XHX
|raw|08XHX's rating: 1323 &rarr; <strong>1344</strong><br />(+21 for winning)
|raw|valoo945's rating: 1340 &rarr; <strong>1319</strong><br />(-21 for losing)
