|j|☆Fishmahelll
|j|☆ach27
|t:|1757943905
|gametype|singles
|player|p1|Fishmahelll|swimmer|1291
|player|p2|ach27|170|1342
|gen|9
|tier|[Gen 9] OU
|rated|
|rule|HP Percentage Mod: HP is shown in percentages
|rule|Endless Battle Clause: Forcing endless battles is banned
|rule|Species Clause: Limit one of each Pokémon
|rule|OHKO Clause: OHKO moves are banned
|rule|Evasion Items Clause: Evasion items are banned
|rule|Evasion Moves Clause: Evasion moves are banned
|rule|Evasion Abilities Clause: Evasion abilities are banned
|rule|Sleep Moves Clause: Sleep-inducing moves are banned
|clearpoke
|poke|p1|Mimikyu, M|
|poke|p1|Glimmora, M|
|poke|p1|Gholdengo|
|poke|p1|Pawmot, F|
|poke|p1|Corviknight, M|
|poke|p1|Alomomola, M|
|poke|p2|Cinderace, M|
|poke|p2|Moltres|
|poke|p2|Skeledirge, F|
|poke|p2|Volcanion|
|poke|p2|Incineroar, M|
|poke|p2|Rotom-Heat|
|teampreview
|inactive|Battle timer is ON: inactive players will automatically lose when time's up. (requested by ach27)
|
|t:|1757943924
|teamsize|p1|6
|teamsize|p2|6
|start
|switch|p1a: Pawmot|Pawmot, F|100/100
|switch|p2a: Rotom|Rotom-Heat|100/100
|turn|1
|
|t:|1757943941
|move|p1a: Pawmot|Volt Switch|p2a: Rotom
|-resisted|p2a: Rotom
|-damage|p2a: Rotom|92/100
|
|t:|1757943944
|switch|p1a: Alomomola|Alomomola, M|100/100|[from] Volt Switch
|move|p2a: Rotom|Will-O-Wisp|p1a: Alomomola
|-status|p1a: Alomomola|brn
|
|-heal|p2a: Rotom|98/100|[from] item: Leftovers
|-damage|p1a: Alomomola|94/100 brn|[from] brn
|upkeep
|turn|2
|
|t:|1757943950
|move|p1a: Alomomola|Protect|p1a: Alomomola
|-singleturn|p1a: Alomomola|Protect
|move|p2a: Rotom|Volt Switch|p1a: Alomomola
|-activate|p1a: Alomomola|move: Protect
|
|-heal|p2a: Rotom|100/100|[from] item: Leftovers
|-damage|p1a: Alomomola|88/100 brn|[from] brn
|upkeep
|turn|3
|
|t:|1757943965
|-terastallize|p1a: Alomomola|Dragon
|move|p2a: Rotom|Volt Switch|p1a: Alomomola
|-resisted|p1a: Alomomola
|-damage|p1a: Alomomola|79/100 brn
|
|t:|1757943972
|switch|p2a: Skeledirge|Skeledirge, F|100/100|[from] Volt Switch
|move|p1a: Alomomola|Scald|p2a: Skeledirge
|-supereffective|p2a: Skeledirge
|-damage|p2a: Skeledirge|77/100
|
|-heal|p2a: Skeledirge|83/100|[from] item: Leftovers
|-damage|p1a: Alomomola|73/100 brn|[from] brn
|upkeep
|turn|4
|
|t:|1757943980
|move|p2a: Skeledirge|Torch Song|p1a: Alomomola
|-resisted|p1a: Alomomola
|-damage|p1a: Alomomola|61/100 brn
|-boost|p2a: Skeledirge|spa|1
|move|p1a: Alomomola|Wish|p1a: Alomomola
|
|-heal|p2a: Skeledirge|89/100|[from] item: Leftovers
|-damage|p1a: Alomomola|55/100 brn|[from] brn
|upkeep
|turn|5
|
|t:|1757943988
|move|p1a: Alomomola|Protect|p1a: Alomomola
|-singleturn|p1a: Alomomola|Protect
|move|p2a: Skeledirge|Hex|p1a: Alomomola
|-activate|p1a: Alomomola|move: Protect
|
|-heal|p1a: Alomomola|100/100 brn|[from] move: Wish|[wisher] Alomomola
|-heal|p2a: Skeledirge|95/100|[from] item: Leftovers
|-damage|p1a: Alomomola|94/100 brn|[from] brn
|upkeep
|turn|6
|
|t:|1757944000
|move|p2a: Skeledirge|Torch Song|p1a: Alomomola
|-resisted|p1a: Alomomola
|-damage|p1a: Alomomola|77/100 brn
|-boost|p2a: Skeledirge|spa|1
|move|p1a: Alomomola|Flip Turn|p2a: Skeledirge
|-supereffective|p2a: Skeledirge
|-damage|p2a: Skeledirge|85/100
|
|t:|1757944007
|switch|p1a: Mimikyu|Mimikyu, M|100/100|[from] Flip Turn
|
|-heal|p2a: Skeledirge|92/100|[from] item: Leftovers
|upkeep
|turn|7
|
|t:|1757944012
|move|p1a: Mimikyu|Thief|p2a: Skeledirge
|-supereffective|p2a: Skeledirge
|-damage|p2a: Skeledirge|75/100
|move|p2a: Skeledirge|Will-O-Wisp|p1a: Mimikyu
|-status|p1a: Mimikyu|brn
|
|-heal|p2a: Skeledirge|82/100|[from] item: Leftovers
|-damage|p1a: Mimikyu|95/100 brn|[from] brn
|upkeep
|turn|8
|
|t:|1757944022
|move|p1a: Mimikyu|Thief|p2a: Skeledirge
|-supereffective|p2a: Skeledirge
|-damage|p2a: Skeledirge|73/100
|move|p2a: Skeledirge|Torch Song|p1a: Mimikyu
|-activate|p1a: Mimikyu|ability: Disguise
|-damage|p1a: Mimikyu|95/100 brn
|-boost|p2a: Skeledirge|spa|1
|detailschange|p1a: Mimikyu|Mimikyu-Busted, M
|-damage|p1a: Mimikyu|82/100 brn|[from] pokemon: Mimikyu-Busted
|-enditem|p1a: Mimikyu|Red Card|[of] p2a: Skeledirge
|drag|p2a: Incineroar|Incineroar, M|100/100
|-ability|p2a: Incineroar|Intimidate|boost
|-unboost|p1a: Mimikyu|atk|1
|
|-damage|p1a: Mimikyu|76/100 brn|[from] brn
|upkeep
|turn|9
|
|t:|1757944037
|switch|p2a: Skeledirge|Skeledirge, F|73/100
|move|p1a: Mimikyu|Thief|p2a: Skeledirge
|-supereffective|p2a: Skeledirge
|-damage|p2a: Skeledirge|65/100
|-enditem|p2a: Skeledirge|Leftovers|[silent]|[from] move: Thief|[of] p1a: Mimikyu
|-item|p1a: Mimikyu|Leftovers|[from] move: Thief|[of] p2a: Skeledirge
|
|-heal|p1a: Mimikyu|82/100 brn|[from] item: Leftovers
|-damage|p1a: Mimikyu|76/100 brn|[from] brn
|upkeep
|turn|10
|
|t:|1757944045
|move|p1a: Mimikyu|Taunt|p2a: Skeledirge
|-start|p2a: Skeledirge|move: Taunt
|move|p2a: Skeledirge|Torch Song|p1a: Mimikyu
|-damage|p1a: Mimikyu|47/100 brn
|-boost|p2a: Skeledirge|spa|1
|
|-heal|p1a: Mimikyu|53/100 brn|[from] item: Leftovers
|-damage|p1a: Mimikyu|47/100 brn|[from] brn
|upkeep
|turn|11
|
|t:|1757944055
|move|p1a: Mimikyu|Fling|p2a: Skeledirge
|-supereffective|p2a: Skeledirge
|-damage|p2a: Skeledirge|64/100
|-enditem|p1a: Mimikyu|Leftovers|[from] move: Fling
|move|p2a: Skeledirge|Torch Song|p1a: Mimikyu
|-damage|p1a: Mimikyu|0 fnt
|-boost|p2a: Skeledirge|spa|1
|faint|p1a: Mimikyu
|
|upkeep
|
|t:|1757944060
|switch|p1a: Alomomola|Alomomola, M, tera:Dragon|100/100 brn
|turn|12
|
|t:|1757944066
|move|p2a: Skeledirge|Torch Song|p1a: Alomomola
|-resisted|p1a: Alomomola
|-damage|p1a: Alomomola|80/100 brn
|-boost|p2a: Skeledirge|spa|1
|move|p1a: Alomomola|Scald|p2a: Skeledirge
|-supereffective|p2a: Skeledirge
|-damage|p2a: Skeledirge|39/100
|
|-damage|p1a: Alomomola|74/100 brn|[from] brn
|-end|p2a: Skeledirge|move: Taunt
|upkeep
|turn|13
|
|t:|1757944077
|move|p2a: Skeledirge|Slack Off|p2a: Skeledirge
|-heal|p2a: Skeledirge|89/100
|move|p1a: Alomomola|Wish|p1a: Alomomola
|
|-damage|p1a: Alomomola|67/100 brn|[from] brn
|upkeep
|turn|14
|
|t:|1757944083
|move|p2a: Skeledirge|Hex|p1a: Alomomola
|-damage|p1a: Alomomola|0 fnt
|faint|p1a: Alomomola
|
|upkeep
|
|t:|1757944086
|switch|p1a: Pawmot|Pawmot, F|100/100
|turn|15
|
|t:|1757944091
|move|p1a: Pawmot|Double Shock|p2a: Skeledirge
|-damage|p2a: Skeledirge|57/100
|-start|p1a: Pawmot|typechange|???/Fighting|[from] move: Double Shock
|move|p2a: Skeledirge|Will-O-Wisp|p1a: Pawmot
|-status|p1a: Pawmot|brn
|
|-damage|p1a: Pawmot|94/100 brn|[from] brn
|upkeep
|turn|16
|-message|Fishmahelll forfeited.
|
|win|ach27
|raw|Fishmahelll's rating: 1291 &rarr; <strong>1270</strong><br />(-21 for losing)
|raw|ach27's rating: 1342 &rarr; <strong>1359</strong><br />(+17 for winning)
|l|☆Fishmahelll
|player|p1|
|l|☆ach27
|player|p2|
