|j|☆Perola Z
|j|☆Devrai
|t:|1757795686
|gametype|singles
|player|p1|Perola Z|elesa|1462
|player|p2|Devrai|zinnia|1473
|gen|9
|tier|[Gen 9] OU
|rated|
|rule|HP Percentage Mod: HP is shown in percentages
|rule|Endless Battle Clause: Forcing endless battles is banned
|rule|Species Clause: Limit one of each Pokémon
|rule|OHKO Clause: OHKO moves are banned
|rule|Evasion Items Clause: Evasion items are banned
|rule|Evasion Moves Clause: Evasion moves are banned
|rule|Evasion Abilities Clause: Evasion abilities are banned
|rule|Sleep Moves Clause: Sleep-inducing moves are banned
|clearpoke
|poke|p1|Enamorus, F|
|poke|p1|Zapdos-Galar|
|poke|p1|Latios, M|
|poke|p1|Cinderace, F|
|poke|p1|Iron Crown|
|poke|p1|Primarina, F|
|poke|p2|Araquanid, M|
|poke|p2|Iron Treads|
|poke|p2|Skeledirge, M|
|poke|p2|Serperior, F|
|poke|p2|Gardevoir, F|
|poke|p2|Raichu, F|
|teampreview
|inactive|Battle timer is ON: inactive players will automatically lose when time's up. (requested by Devrai)
|
|t:|1757795701
|teamsize|p1|6
|teamsize|p2|6
|start
|switch|p1a: Latios|Latios, M|100/100
|switch|p2a: Bubble Buddy|Araquanid, M, shiny|100/100
|turn|1
|
|t:|1757795703
|move|p1a: Latios|Trick|p2a: Bubble Buddy
|-activate|p1a: Latios|move: Trick|[of] p2a: Bubble Buddy
|-item|p2a: Bubble Buddy|Choice Specs|[from] move: Trick
|-item|p1a: Latios|Leftovers|[from] move: Trick
|move|p2a: Bubble Buddy|Leech Life|p1a: Latios
|-supereffective|p1a: Latios
|-damage|p1a: Latios|44/100
|
|-heal|p1a: Latios|50/100|[from] item: Leftovers
|upkeep
|turn|2
|
|t:|1757795711
|switch|p1a: Zapdos|Zapdos-Galar|100/100
|switch|p2a: Nagini|Serperior, F, shiny|100/100
|
|upkeep
|turn|3
|
|t:|1757795718
|switch|p2a: Treadmill|Iron Treads, shiny|100/100
|move|p1a: Zapdos|Brave Bird|p2a: Treadmill
|-resisted|p2a: Treadmill
|-damage|p2a: Treadmill|65/100
|-damage|p1a: Zapdos|88/100|[from] Recoil
|
|upkeep
|turn|4
|
|t:|1757795725
|move|p1a: Zapdos|Brave Bird|p2a: Treadmill
|-resisted|p2a: Treadmill
|-damage|p2a: Treadmill|27/100
|-damage|p1a: Zapdos|75/100|[from] Recoil
|move|p2a: Treadmill|Knock Off|p1a: Zapdos
|-resisted|p1a: Zapdos
|-damage|p1a: Zapdos|58/100
|-enditem|p1a: Zapdos|Choice Band|[from] move: Knock Off|[of] p2a: Treadmill
|
|upkeep
|turn|5
|
|t:|1757795739
|-end|p2a: Treadmill|Quark Drive|[silent]
|switch|p2a: Astra|Gardevoir, F, shiny|100/100
|-ability|p2a: Astra|Defiant|Trace|[from] ability: Trace|[of] p1a: Zapdos
|move|p1a: Zapdos|Close Combat|p2a: Astra
|-resisted|p2a: Astra
|-damage|p2a: Astra|85/100
|-unboost|p1a: Zapdos|def|1
|-unboost|p1a: Zapdos|spd|1
|
|-heal|p2a: Astra|91/100|[from] item: Leftovers
|upkeep
|turn|6
|
|t:|1757795744
|move|p1a: Zapdos|Brave Bird|p2a: Astra
|-damage|p2a: Astra|30/100
|-damage|p1a: Zapdos|36/100|[from] Recoil
|move|p2a: Astra|Draining Kiss|p1a: Zapdos
|-supereffective|p1a: Zapdos
|-damage|p1a: Zapdos|0 fnt
|-heal|p2a: Astra|55/100|[from] drain|[of] p1a: Zapdos
|faint|p1a: Zapdos
|
|-heal|p2a: Astra|62/100|[from] item: Leftovers
|upkeep
|
|t:|1757795754
|switch|p1a: Cinderace|Cinderace, F|100/100
|turn|7
|
|t:|1757795762
|switch|p2a: Bubble Buddy|Araquanid, M, shiny|100/100
|move|p1a: Cinderace|U-turn|p2a: Bubble Buddy
|-start|p1a: Cinderace|typechange|Bug|[from] ability: Libero
|-damage|p2a: Bubble Buddy|76/100
|
|t:|1757795775
|switch|p1a: Primarina|Primarina, F|100/100|[from] U-turn
|
|upkeep
|turn|8
|
|t:|1757795779
|switch|p2a: Nagini|Serperior, F, shiny|100/100
|move|p1a: Primarina|Moonblast|p2a: Nagini
|-damage|p2a: Nagini|6/100
|-boost|p2a: Nagini|spa|1
|
|-heal|p2a: Nagini|12/100|[from] item: Leftovers
|upkeep
|turn|9
|
|t:|1757795793
|switch|p1a: Enamorus|Enamorus, F|100/100
|move|p2a: Nagini|Glare|p1a: Enamorus
|-status|p1a: Enamorus|par
|
|-heal|p2a: Nagini|18/100|[from] item: Leftovers
|upkeep
|turn|10
|
|t:|1757795798
|switch|p2a: Bubble Buddy|Araquanid, M, shiny|76/100
|move|p1a: Enamorus|Moonblast|p2a: Bubble Buddy
|-damage|p2a: Bubble Buddy|35/100
|
|upkeep
|turn|11
|
|t:|1757795802
|cant|p1a: Enamorus|par
|move|p2a: Bubble Buddy|Liquidation|p1a: Enamorus
|-damage|p1a: Enamorus|32/100 par
|
|upkeep
|turn|12
|
|t:|1757795805
|move|p1a: Enamorus|Moonblast|p2a: Bubble Buddy
|-damage|p2a: Bubble Buddy|0 fnt
|faint|p2a: Bubble Buddy
|
|upkeep
|
|t:|1757795813
|switch|p2a: Nagini|Serperior, F, shiny|18/100
|turn|13
|
|t:|1757795816
|move|p2a: Nagini|Leaf Storm|p1a: Enamorus
|-resisted|p1a: Enamorus
|-damage|p1a: Enamorus|0 fnt
|-boost|p2a: Nagini|spa|2
|faint|p1a: Enamorus
|
|-heal|p2a: Nagini|24/100|[from] item: Leftovers
|upkeep
|
|t:|1757795820
|switch|p1a: Iron Crown|Iron Crown|100/100
|-enditem|p1a: Iron Crown|Booster Energy
|-activate|p1a: Iron Crown|ability: Quark Drive|[fromitem]
|-start|p1a: Iron Crown|quarkdrivespe
|turn|14
|
|t:|1757795826
|switch|p2a: King Gator|Skeledirge, M, shiny|100/100
|move|p1a: Iron Crown|Psychic Noise|p2a: King Gator
|-damage|p2a: King Gator|72/100
|-start|p2a: King Gator|move: Heal Block
|
|upkeep
|turn|15
|inactive|Perola Z has 120 seconds left.
|
|t:|1757795860
|move|p1a: Iron Crown|Volt Switch|p2a: King Gator
|-damage|p2a: King Gator|56/100
|
|t:|1757795863
|-end|p1a: Iron Crown|Quark Drive|[silent]
|switch|p1a: Primarina|Primarina, F|100/100|[from] Volt Switch
|move|p2a: King Gator|Will-O-Wisp|p1a: Primarina|[miss]
|-miss|p2a: King Gator|p1a: Primarina
|
|-end|p2a: King Gator|move: Heal Block
|upkeep
|turn|16
|
|t:|1757795876
|switch|p2a: Treadmill|Iron Treads, shiny|27/100
|move|p1a: Primarina|Psychic Noise|p2a: Treadmill
|-resisted|p2a: Treadmill
|-crit|p2a: Treadmill
|-damage|p2a: Treadmill|0 fnt
|faint|p2a: Treadmill
|-end|p2a: Treadmill|Quark Drive|[silent]
|
|upkeep
|
|t:|1757795881
|switch|p2a: Astra|Gardevoir, F, shiny|62/100
|-ability|p2a: Astra|Torrent|Trace|[from] ability: Trace|[of] p1a: Primarina
|turn|17
|
|t:|1757795887
|switch|p1a: Cinderace|Cinderace, F|100/100
|move|p2a: Astra|Mystical Fire|p1a: Cinderace
|-resisted|p1a: Cinderace
|-damage|p1a: Cinderace|84/100
|-unboost|p1a: Cinderace|spa|1
|
|-heal|p2a: Astra|68/100|[from] item: Leftovers
|upkeep
|turn|18
|
|t:|1757795893
|move|p1a: Cinderace|U-turn|p2a: Astra
|-start|p1a: Cinderace|typechange|Bug|[from] ability: Libero
|-damage|p2a: Astra|33/100
|
|t:|1757795900
|switch|p1a: Iron Crown|Iron Crown|100/100|[from] U-turn
|move|p2a: Astra|Mystical Fire|p1a: Iron Crown
|-supereffective|p1a: Iron Crown
|-damage|p1a: Iron Crown|58/100
|-unboost|p1a: Iron Crown|spa|1
|
|-heal|p2a: Astra|40/100|[from] item: Leftovers
|upkeep
|turn|19
|
|t:|1757795908
|switch|p2a: Ampere|Raichu, F|100/100
|move|p1a: Iron Crown|Volt Switch|p2a: Ampere
|-ability|p2a: Ampere|Lightning Rod|boost
|-boost|p2a: Ampere|spa|1
|
|upkeep
|turn|20
|
|t:|1757795934
|move|p2a: Ampere|Encore|p1a: Iron Crown
|-start|p1a: Iron Crown|Encore
|move|p1a: Iron Crown|Volt Switch|p2a: Ampere
|-ability|p2a: Ampere|Lightning Rod|boost
|-boost|p2a: Ampere|spa|1
|
|upkeep
|turn|21
|
|t:|1757795947
|move|p2a: Ampere|Thunderbolt|p1a: Iron Crown
|-damage|p1a: Iron Crown|0 fnt
|faint|p1a: Iron Crown
|-end|p1a: Iron Crown|Quark Drive|[silent]
|-damage|p2a: Ampere|91/100|[from] item: Life Orb
|
|upkeep
|
|t:|1757795955
|switch|p1a: Latios|Latios, M|50/100
|turn|22
|
|t:|1757795966
|-terastallize|p1a: Latios|Dragon
|move|p1a: Latios|Draco Meteor|p2a: Ampere|[miss]
|-miss|p1a: Latios|p2a: Ampere
|move|p2a: Ampere|Alluring Voice|p1a: Latios
|-supereffective|p1a: Latios
|-damage|p1a: Latios|0 fnt
|faint|p1a: Latios
|-damage|p2a: Ampere|81/100|[from] item: Life Orb
|
|upkeep
|c|☆Devrai|Oof
|-message|Perola Z forfeited.
|
|win|Devrai
|raw|Perola Z's rating: 1462 &rarr; <strong>1443</strong><br />(-19 for losing)
|raw|Devrai's rating: 1473 &rarr; <strong>1492</strong><br />(+19 for winning)
|l|☆Perola Z
|player|p1|
|l|☆Devrai
|player|p2|
