|j|☆ozzy_manson
|j|☆miamiaquatic
|t:|1757954413
|gametype|singles
|player|p1|ozzy_manson|clerk|1238
|player|p2|miamiaquatic|101|1244
|gen|9
|tier|[Gen 9] OU
|rated|
|rule|HP Percentage Mod: HP is shown in percentages
|rule|Endless Battle Clause: Forcing endless battles is banned
|rule|Species Clause: Limit one of each Pokémon
|rule|OHKO Clause: OHKO moves are banned
|rule|Evasion Items Clause: Evasion items are banned
|rule|Evasion Moves Clause: Evasion moves are banned
|rule|Evasion Abilities Clause: Evasion abilities are banned
|rule|Sleep Moves Clause: Sleep-inducing moves are banned
|clearpoke
|poke|p1|Hoopa|
|poke|p1|Garchomp, M|
|poke|p1|Politoed, M|
|poke|p1|Corviknight, M|
|poke|p1|Lucario, M|
|poke|p1|Meganium, M|
|poke|p2|Dragonite, F|
|poke|p2|Blastoise, M|
|poke|p2|Clefable, F|
|poke|p2|Scizor, M|
|poke|p2|Ceruledge, F|
|poke|p2|Raichu, F|
|teampreview
|inactive|Battle timer is ON: inactive players will automatically lose when time's up. (requested by ozzy_manson)
|
|t:|1757954423
|teamsize|p1|6
|teamsize|p2|6
|start
|switch|p1a: Hoopa|Hoopa|100/100
|switch|p2a: Raichu|Raichu, F|100/100
|turn|1
|
|t:|1757954432
|move|p1a: Hoopa|Shadow Ball|p2a: Raichu
|-damage|p2a: Raichu|27/100
|move|p2a: Raichu|Nuzzle|p1a: Hoopa
|-damage|p1a: Hoopa|89/100
|-status|p1a: Hoopa|par
|-damage|p2a: Raichu|17/100|[from] item: Life Orb
|
|upkeep
|turn|2
|
|t:|1757954438
|move|p2a: Raichu|Thunderbolt|p1a: Hoopa
|-damage|p1a: Hoopa|41/100 par
|-damage|p2a: Raichu|7/100|[from] item: Life Orb
|move|p1a: Hoopa|Shadow Ball|p2a: Raichu
|-damage|p2a: Raichu|0 fnt
|faint|p2a: Raichu
|
|upkeep
|
|t:|1757954446
|switch|p2a: Blastoise|Blastoise, M|100/100
|turn|3
|
|t:|1757954464
|move|p2a: Blastoise|Shell Smash|p2a: Blastoise
|-unboost|p2a: Blastoise|def|1
|-unboost|p2a: Blastoise|spd|1
|-boost|p2a: Blastoise|atk|2
|-boost|p2a: Blastoise|spa|2
|-boost|p2a: Blastoise|spe|2
|-enditem|p2a: Blastoise|White Herb
|-clearnegativeboost|p2a: Blastoise|[silent]
|move|p1a: Hoopa|Shadow Ball|p2a: Blastoise
|-damage|p2a: Blastoise|52/100
|
|upkeep
|turn|4
|
|t:|1757954470
|move|p2a: Blastoise|Dark Pulse|p1a: Hoopa
|-supereffective|p1a: Hoopa
|-damage|p1a: Hoopa|0 fnt
|faint|p1a: Hoopa
|
|upkeep
|
|t:|1757954493
|switch|p1a: Meganium|Meganium, M, shiny|100/100
|turn|5
|
|t:|1757954497
|move|p2a: Blastoise|Ice Beam|p1a: Meganium
|-supereffective|p1a: Meganium
|-damage|p1a: Meganium|30/100
|move|p1a: Meganium|Giga Drain|p2a: Blastoise
|-supereffective|p2a: Blastoise
|-damage|p2a: Blastoise|0 fnt
|-heal|p1a: Meganium|52/100|[from] drain|[of] p2a: Blastoise
|faint|p2a: Blastoise
|
|-heal|p1a: Meganium|58/100|[from] item: Leftovers
|upkeep
|
|t:|1757954503
|switch|p2a: Ceruledge|Ceruledge, F|100/100
|turn|6
|
|t:|1757954508
|move|p2a: Ceruledge|Swords Dance|p2a: Ceruledge
|-boost|p2a: Ceruledge|atk|2
|move|p1a: Meganium|Dragon Tail|p2a: Ceruledge|[miss]
|-miss|p1a: Meganium|p2a: Ceruledge
|
|-heal|p1a: Meganium|64/100|[from] item: Leftovers
|upkeep
|turn|7
|
|t:|1757954512
|switch|p1a: Corviknight|Corviknight, M, shiny|100/100
|-ability|p1a: Corviknight|Pressure
|move|p2a: Ceruledge|Bitter Blade|p1a: Corviknight
|-supereffective|p1a: Corviknight
|-damage|p1a: Corviknight|0 fnt
|-damage|p2a: Ceruledge|84/100|[from] item: Rocky Helmet|[of] p1a: Corviknight
|faint|p1a: Corviknight
|
|upkeep
|
|t:|1757954516
|switch|p1a: Politoed|Politoed, M, shiny|100/100
|-weather|RainDance|[from] ability: Drizzle|[of] p1a: Politoed
|turn|8
|
|t:|1757954520
|move|p2a: Ceruledge|Shadow Sneak|p1a: Politoed
|-damage|p1a: Politoed|38/100
|move|p1a: Politoed|Weather Ball|p2a: Ceruledge
|-supereffective|p2a: Ceruledge
|-damage|p2a: Ceruledge|0 fnt
|faint|p2a: Ceruledge
|
|-weather|RainDance|[upkeep]
|upkeep
|
|t:|1757954523
|switch|p2a: Scizor|Scizor, M|100/100
|turn|9
|
|t:|1757954525
|move|p1a: Politoed|Weather Ball|p2a: Scizor
|-damage|p2a: Scizor|0 fnt
|faint|p2a: Scizor
|
|-weather|RainDance|[upkeep]
|upkeep
|
|t:|1757954529
|switch|p2a: Dragonite|Dragonite, F|100/100
|turn|10
|
|t:|1757954533
|-terastallize|p2a: Dragonite|Normal
|-terastallize|p1a: Politoed|Water
|move|p2a: Dragonite|Dragon Dance|p2a: Dragonite
|-boost|p2a: Dragonite|atk|1
|-boost|p2a: Dragonite|spe|1
|move|p1a: Politoed|Weather Ball|p2a: Dragonite
|-damage|p2a: Dragonite|26/100
|
|-weather|RainDance|[upkeep]
|upkeep
|turn|11
|
|t:|1757954537
|move|p2a: Dragonite|Extreme Speed|p1a: Politoed
|-damage|p1a: Politoed|0 fnt
|faint|p1a: Politoed
|
|-weather|RainDance|[upkeep]
|upkeep
|
|t:|1757954539
|switch|p1a: Lucario|Lucario, M|100/100
|turn|12
|
|t:|1757954541
|move|p1a: Lucario|Extreme Speed|p2a: Dragonite
|-damage|p2a: Dragonite|0 fnt
|faint|p2a: Dragonite
|
|-weather|none
|upkeep
|
|t:|1757954543
|switch|p2a: Clefable|Clefable, F|100/100
|turn|13
|-message|miamiaquatic forfeited.
|
|win|ozzy_manson
|raw|ozzy_manson's rating: 1238 &rarr; <strong>1263</strong><br />(+25 for winning)
|raw|miamiaquatic's rating: 1244 &rarr; <strong>1219</strong><br />(-25 for losing)
|l|☆miamiaquatic
|player|p2|
|l|☆ozzy_manson
|player|p1|
