|j|☆ScarlattiTilt
|j|☆LT91BB incelman
|t:|1757808194
|gametype|singles
|player|p1|ScarlattiTilt|265|1388
|player|p2|LT91BB incelman|miku-ice|1362
|gen|9
|tier|[Gen 9] OU
|rated|
|rule|HP Percentage Mod: HP is shown in percentages
|rule|Endless Battle Clause: Forcing endless battles is banned
|rule|Species Clause: Limit one of each Pokémon
|rule|OHKO Clause: OHKO moves are banned
|rule|Evasion Items Clause: Evasion items are banned
|rule|Evasion Moves Clause: Evasion moves are banned
|rule|Evasion Abilities Clause: Evasion abilities are banned
|rule|Sleep Moves Clause: Sleep-inducing moves are banned
|clearpoke
|poke|p1|Slowbro-Galar, M|
|poke|p1|Kingambit, F|
|poke|p1|Ninetales-Alola, F|
|poke|p1|Sinistcha|
|poke|p1|Heatran, M|
|poke|p1|Iron Hands|
|poke|p2|Dragonite, F|
|poke|p2|Zamazenta-*|
|poke|p2|Iron Treads|
|poke|p2|Toucannon, F|
|poke|p2|Zapdos|
|poke|p2|Primarina, F|
|teampreview
|inactive|Battle timer is ON: inactive players will automatically lose when time's up. (requested by ScarlattiTilt)
|inactive|LT91BB incelman also wants the timer to be on.
|
|t:|1757808202
|teamsize|p1|6
|teamsize|p2|6
|start
|switch|p1a: frances|Heatran, M|100/100
|switch|p2a: Toucannon|Toucannon, F|100/100
|turn|1
|
|t:|1757808211
|switch|p2a: Primarina|Primarina, F|100/100
|move|p1a: frances|Lava Plume|p2a: Primarina
|-resisted|p2a: Primarina
|-damage|p2a: Primarina|90/100
|-status|p2a: Primarina|brn
|
|-damage|p2a: Primarina|84/100 brn|[from] brn
|upkeep
|turn|2
|
|t:|1757808217
|-terastallize|p1a: frances|Grass
|move|p1a: frances|Tera Blast|p2a: Primarina|[anim] Tera Blast Grass
|-supereffective|p2a: Primarina
|-damage|p2a: Primarina|38/100 brn
|move|p2a: Primarina|Psychic Noise|p1a: frances
|-resisted|p1a: frances
|-damage|p1a: frances|85/100
|-start|p1a: frances|move: Heal Block
|
|-damage|p2a: Primarina|32/100 brn|[from] brn
|upkeep
|turn|3
|
|t:|1757808231
|switch|p2a: Toucannon|Toucannon, F|100/100
|move|p1a: frances|Scorching Sands|p2a: Toucannon
|-immune|p2a: Toucannon
|
|-end|p1a: frances|move: Heal Block
|upkeep
|turn|4
|
|t:|1757808239
|switch|p1a: inbloom|Slowbro-Galar, M|100/100
|-singleturn|p2a: Toucannon|move: Beak Blast
|move|p2a: Toucannon|Beak Blast|p1a: inbloom
|-damage|p1a: inbloom|54/100
|
|upkeep
|turn|5
|
|t:|1757808247
|move|p2a: Toucannon|Knock Off|p1a: inbloom
|-supereffective|p1a: inbloom
|-damage|p1a: inbloom|0 fnt
|-enditem|p1a: inbloom|Quick Claw|[from] move: Knock Off|[of] p2a: Toucannon
|faint|p1a: inbloom
|
|upkeep
|
|t:|1757808253
|switch|p1a: Iron Hands|Iron Hands|100/100
|turn|6
|
|t:|1757808269
|-singleturn|p2a: Toucannon|move: Beak Blast
|move|p1a: Iron Hands|Swords Dance|p1a: Iron Hands
|-boost|p1a: Iron Hands|atk|2
|move|p2a: Toucannon|Beak Blast|p1a: Iron Hands
|-damage|p1a: Iron Hands|64/100
|
|upkeep
|turn|7
|-activate|p1a: Iron Hands|item: Quick Claw
|
|t:|1757808278
|switch|p2a: Iron Treads|Iron Treads|100/100
|-item|p2a: Iron Treads|Air Balloon
|move|p1a: Iron Hands|Ice Punch|p2a: Iron Treads
|-damage|p2a: Iron Treads|58/100
|-enditem|p2a: Iron Treads|Air Balloon
|
|upkeep
|turn|8
|
|t:|1757808286
|move|p2a: Iron Treads|Earthquake|p1a: Iron Hands
|-supereffective|p1a: Iron Hands
|-damage|p1a: Iron Hands|6/100
|move|p1a: Iron Hands|Drain Punch|p2a: Iron Treads
|-supereffective|p2a: Iron Treads
|-damage|p2a: Iron Treads|0 fnt
|-heal|p1a: Iron Hands|25/100|[from] drain|[of] p2a: Iron Treads
|faint|p2a: Iron Treads
|-end|p2a: Iron Treads|Quark Drive|[silent]
|
|upkeep
|
|t:|1757808294
|switch|p2a: Primarina|Primarina, F|32/100 brn
|turn|9
|-activate|p1a: Iron Hands|item: Quick Claw
|
|t:|1757808297
|move|p1a: Iron Hands|Wild Charge|p2a: Primarina
|-supereffective|p2a: Primarina
|-damage|p2a: Primarina|0 fnt
|faint|p2a: Primarina
|-damage|p1a: Iron Hands|19/100|[from] Recoil
|
|upkeep
|
|t:|1757808302
|switch|p2a: Zamazenta|Zamazenta|100/100
|-ability|p2a: Zamazenta|Dauntless Shield|boost
|-boost|p2a: Zamazenta|def|1
|turn|10
|
|t:|1757808306
|move|p2a: Zamazenta|Crunch|p1a: Iron Hands
|-resisted|p1a: Iron Hands
|-damage|p1a: Iron Hands|6/100
|move|p1a: Iron Hands|Wild Charge|p2a: Zamazenta
|-damage|p2a: Zamazenta|45/100
|-damage|p1a: Iron Hands|0 fnt|[from] Recoil
|faint|p1a: Iron Hands
|-end|p1a: Iron Hands|Quark Drive|[silent]
|
|upkeep
|
|t:|1757808310
|switch|p1a: frances|Heatran, M, tera:Grass|85/100
|turn|11
|
|t:|1757808324
|switch|p2a: Zapdos|Zapdos|100/100
|move|p1a: frances|Lava Plume|p2a: Zapdos
|-damage|p2a: Zapdos|58/100
|
|upkeep
|turn|12
|
|t:|1757808328
|switch|p1a: gallons|Ninetales-Alola, F|100/100
|-weather|Snowscape|[from] ability: Snow Warning|[of] p1a: gallons
|move|p2a: Zapdos|Hurricane|p1a: gallons
|-damage|p1a: gallons|2/100
|
|-weather|Snowscape|[upkeep]
|upkeep
|turn|13
|
|t:|1757808336
|move|p1a: gallons|Aurora Veil|p1a: gallons
|-sidestart|p1: ScarlattiTilt|move: Aurora Veil
|move|p2a: Zapdos|Hurricane|p1a: gallons
|-damage|p1a: gallons|0 fnt
|faint|p1a: gallons
|
|-weather|Snowscape|[upkeep]
|upkeep
|
|t:|1757808342
|switch|p1a: pennyroyal|Sinistcha|100/100
|turn|14
|
|t:|1757808356
|move|p2a: Zapdos|Hurricane|p1a: pennyroyal
|-supereffective|p1a: pennyroyal
|-damage|p1a: pennyroyal|4/100
|move|p1a: pennyroyal|Shadow Ball|p2a: Zapdos
|-damage|p2a: Zapdos|5/100
|
|-weather|Snowscape|[upkeep]
|upkeep
|turn|15
|
|t:|1757808361
|move|p2a: Zapdos|Hurricane|p1a: pennyroyal
|-supereffective|p1a: pennyroyal
|-damage|p1a: pennyroyal|0 fnt
|faint|p1a: pennyroyal
|
|-weather|Snowscape|[upkeep]
|upkeep
|
|t:|1757808364
|switch|p1a: bigcheese|Kingambit, F|100/100
|-activate|p1a: bigcheese|ability: Supreme Overlord
|-start|p1a: bigcheese|fallen4|[silent]
|turn|16
|
|t:|1757808370
|switch|p2a: Toucannon|Toucannon, F|100/100
|move|p1a: bigcheese|Iron Head|p2a: Toucannon
|-damage|p2a: Toucannon|22/100
|
|-weather|none
|upkeep
|turn|17
|
|t:|1757808377
|-end|p1a: bigcheese|fallen4|[silent]
|switch|p1a: frances|Heatran, M, tera:Grass|85/100
|-singleturn|p2a: Toucannon|move: Beak Blast
|move|p2a: Toucannon|Beak Blast|p1a: frances
|-supereffective|p1a: frances
|-damage|p1a: frances|42/100
|
|upkeep
|turn|18
|
|t:|1757808390
|switch|p2a: Zapdos|Zapdos|5/100
|move|p1a: frances|Lava Plume|p2a: Zapdos
|-crit|p2a: Zapdos
|-damage|p2a: Zapdos|0 fnt
|faint|p2a: Zapdos
|
|upkeep
|
|t:|1757808398
|switch|p2a: Zamazenta|Zamazenta|45/100
|turn|19
|
|t:|1757808409
|move|p2a: Zamazenta|Close Combat|p1a: frances
|-damage|p1a: frances|6/100
|-unboost|p2a: Zamazenta|def|1
|-unboost|p2a: Zamazenta|spd|1
|-status|p2a: Zamazenta|brn|[from] ability: Flame Body|[of] p1a: frances
|move|p1a: frances|Lava Plume|p2a: Zamazenta
|-damage|p2a: Zamazenta|0 fnt
|faint|p2a: Zamazenta
|
|upkeep
|
|t:|1757808424
|switch|p2a: Dragonite|Dragonite, F|100/100
|turn|20
|
|t:|1757808429
|move|p2a: Dragonite|Extreme Speed|p1a: frances
|-damage|p1a: frances|0 fnt
|faint|p1a: frances
|
|-sideend|p1: ScarlattiTilt|move: Aurora Veil
|upkeep
|
|t:|1757808431
|switch|p1a: bigcheese|Kingambit, F|100/100
|-activate|p1a: bigcheese|ability: Supreme Overlord
|-start|p1a: bigcheese|fallen5|[silent]
|turn|21
|
|t:|1757808436
|-terastallize|p2a: Dragonite|Fire
|move|p2a: Dragonite|Fire Punch|p1a: bigcheese
|-supereffective|p1a: bigcheese
|-damage|p1a: bigcheese|33/100
|move|p1a: bigcheese|Iron Head|p2a: Dragonite
|-resisted|p2a: Dragonite
|-damage|p2a: Dragonite|82/100
|
|upkeep
|turn|22
|-activate|p1a: bigcheese|item: Quick Claw
|
|t:|1757808442
|move|p1a: bigcheese|Sucker Punch|p2a: Dragonite
|-damage|p2a: Dragonite|14/100
|move|p2a: Dragonite|Fire Punch|p1a: bigcheese
|-supereffective|p1a: bigcheese
|-damage|p1a: bigcheese|0 fnt
|faint|p1a: bigcheese
|-end|p1a: bigcheese|fallen5|[silent]
|
|win|LT91BB incelman
|raw|ScarlattiTilt's rating: 1388 &rarr; <strong>1367</strong><br />(-21 for losing)
|raw|LT91BB incelman's rating: 1362 &rarr; <strong>1383</strong><br />(+21 for winning)
|l|☆ScarlattiTilt
|player|p1|
|l|☆LT91BB incelman
|player|p2|
