|inactive|Battle timer is ON: inactive players will automatically lose when time's up.
|badge|p1|silver|gen9ru|30-6
|uhtml|medal-msg|<div class="broadcast-blue">Curious what those medals under the avatar are? PS now has Ladder Seasons! For more information, check out the <a href="https://www.smogon.com/forums/threads/3740067/">thread on Smogon.</a></div>
|t:|1757785926
|gametype|singles
|player|p1|Sirpeanutcronch|#wcop2025africa|
|player|p2|lvbreakfast|101|
|gen|9
|tier|[Gen 9] OU
|rule|HP Percentage Mod: HP is shown in percentages
|rule|Endless Battle Clause: Forcing endless battles is banned
|rule|Species Clause: Limit one of each Pokémon
|rule|OHKO Clause: OHKO moves are banned
|rule|Evasion Items Clause: Evasion items are banned
|rule|Evasion Moves Clause: Evasion moves are banned
|rule|Evasion Abilities Clause: Evasion abilities are banned
|rule|Sleep Moves Clause: Sleep-inducing moves are banned
|clearpoke
|poke|p1|Dondozo, F|
|poke|p1|Rillaboom, M|
|poke|p1|Heatran, F|
|poke|p1|Kyurem|
|poke|p1|Great Tusk|
|poke|p1|Slowking-Galar, M|
|poke|p2|Zapdos|
|poke|p2|Sinistcha|
|poke|p2|Weavile, F|
|poke|p2|Keldeo|
|poke|p2|Goodra-Hisui, F|
|poke|p2|Ting-Lu|
|teampreview
|
|t:|1757785941
|teamsize|p1|6
|teamsize|p2|6
|start
|switch|p1a: Kyurem|Kyurem|100/100
|switch|p2a: Lil emolga|Zapdos|100/100
|-ability|p1a: Kyurem|Pressure
|turn|1
|
|t:|1757785945
|switch|p2a: Goodra|Goodra-Hisui, F|100/100
|move|p1a: Kyurem|Ice Beam|p2a: Goodra
|-damage|p2a: Goodra|76/100
|
|upkeep
|turn|2
|
|t:|1757785955
|switch|p1a: Heatran|Heatran, F|100/100
|move|p2a: Goodra|Knock Off|p1a: Heatran
|-damage|p1a: Heatran|83/100
|-enditem|p1a: Heatran|Leftovers|[from] move: Knock Off|[of] p2a: Goodra
|
|upkeep
|turn|3
|
|t:|1757785960
|switch|p2a: Glue eater|Keldeo, shiny|100/100
|move|p1a: Heatran|Stealth Rock|p2a: Glue eater
|-sidestart|p2: lvbreakfast|move: Stealth Rock
|
|upkeep
|turn|4
|
|t:|1757785964
|switch|p1a: Slowking|Slowking-Galar, M|100/100
|move|p2a: Glue eater|Flip Turn|p1a: Slowking
|-crit|p1a: Slowking
|-damage|p1a: Slowking|85/100
|
|t:|1757785967
|switch|p2a: Ting-Loui|Ting-Lu|100/100|[from] Flip Turn
|-damage|p2a: Ting-Loui|94/100|[from] Stealth Rock
|-ability|p2a: Ting-Loui|Vessel of Ruin
|
|-heal|p2a: Ting-Loui|100/100|[from] item: Leftovers
|upkeep
|turn|5
|
|t:|1757785970
|move|p2a: Ting-Loui|Stealth Rock|p1a: Slowking
|-sidestart|p1: Sirpeanutcronch|move: Stealth Rock
|-prepare|p1a: Slowking|Chilly Reception|[premajor]
|move|p1a: Slowking|Chilly Reception|p1a: Slowking
|-weather|Snowscape
|
|t:|1757785971
|switch|p1a: Rillaboom|Rillaboom, M|100/100|[from] Chilly Reception
|-damage|p1a: Rillaboom|88/100|[from] Stealth Rock
|-fieldstart|move: Grassy Terrain|[from] ability: Grassy Surge|[of] p1a: Rillaboom
|
|-weather|Snowscape|[upkeep]
|-heal|p1a: Rillaboom|94/100|[from] Grassy Terrain
|upkeep
|turn|6
|
|t:|1757785973
|switch|p2a: Lil emolga|Zapdos|100/100
|move|p1a: Rillaboom|Knock Off|p2a: Lil emolga
|-damage|p2a: Lil emolga|60/100
|-status|p1a: Rillaboom|par|[from] ability: Static|[of] p2a: Lil emolga
|-enditem|p2a: Lil emolga|Heavy-Duty Boots|[from] move: Knock Off|[of] p1a: Rillaboom
|
|-weather|Snowscape|[upkeep]
|-heal|p1a: Rillaboom|100/100 par|[from] Grassy Terrain
|upkeep
|turn|7
|
|t:|1757785978
|switch|p1a: Slowking|Slowking-Galar, M|100/100
|-damage|p1a: Slowking|88/100|[from] Stealth Rock
|move|p2a: Lil emolga|Roost|p2a: Lil emolga
|-heal|p2a: Lil emolga|100/100
|-singleturn|p2a: Lil emolga|move: Roost
|
|-weather|Snowscape|[upkeep]
|-heal|p1a: Slowking|94/100|[from] Grassy Terrain
|upkeep
|turn|8
|
|t:|1757785983
|move|p2a: Lil emolga|Discharge|p1a: Slowking
|-damage|p1a: Slowking|68/100
|move|p1a: Slowking|Future Sight|p2a: Lil emolga
|-start|p1a: Slowking|move: Future Sight
|
|-weather|Snowscape|[upkeep]
|-heal|p1a: Slowking|74/100|[from] Grassy Terrain
|upkeep
|turn|9
|
|t:|1757785988
|move|p2a: Lil emolga|Discharge|p1a: Slowking
|-damage|p1a: Slowking|48/100
|-prepare|p1a: Slowking|Chilly Reception|[premajor]
|move|p1a: Slowking|Chilly Reception|p1a: Slowking
|
|t:|1757785990
|switch|p1a: Kyurem|Kyurem|100/100|[from] Chilly Reception
|-damage|p1a: Kyurem|76/100|[from] Stealth Rock
|-ability|p1a: Kyurem|Pressure
|
|-weather|none
|-heal|p1a: Kyurem|82/100|[from] Grassy Terrain
|-fieldend|move: Grassy Terrain
|upkeep
|turn|10
|
|t:|1757785996
|switch|p2a: Goodra|Goodra-Hisui, F|76/100
|-damage|p2a: Goodra|70/100|[from] Stealth Rock
|move|p1a: Kyurem|Ice Beam|p2a: Goodra
|-damage|p2a: Goodra|46/100
|
|-end|p2a: Goodra|move: Future Sight
|-resisted|p2a: Goodra
|-damage|p2a: Goodra|38/100
|upkeep
|turn|11
|
|t:|1757786004
|switch|p1a: Heatran|Heatran, F|83/100
|-damage|p1a: Heatran|70/100|[from] Stealth Rock
|move|p2a: Goodra|Draco Meteor|p1a: Heatran
|-resisted|p1a: Heatran
|-crit|p1a: Heatran
|-damage|p1a: Heatran|47/100
|-unboost|p2a: Goodra|spa|2
|
|upkeep
|turn|12
|
|t:|1757786010
|switch|p2a: Ting-Loui|Ting-Lu|100/100
|-damage|p2a: Ting-Loui|94/100|[from] Stealth Rock
|-ability|p2a: Ting-Loui|Vessel of Ruin
|move|p1a: Heatran|Magma Storm|p2a: Ting-Loui
|-damage|p2a: Ting-Loui|72/100
|-activate|p2a: Ting-Loui|move: Magma Storm|[of] p1a: Heatran
|
|-heal|p2a: Ting-Loui|78/100|[from] item: Leftovers
|-damage|p2a: Ting-Loui|66/100|[from] move: Magma Storm|[partiallytrapped]
|upkeep
|turn|13
|
|t:|1757786015
|switch|p1a: Rillaboom|Rillaboom, M|100/100 par
|-damage|p1a: Rillaboom|88/100 par|[from] Stealth Rock
|-fieldstart|move: Grassy Terrain|[from] ability: Grassy Surge|[of] p1a: Rillaboom
|move|p2a: Ting-Loui|Spikes|p1a: Rillaboom
|-sidestart|p1: Sirpeanutcronch|Spikes
|
|-heal|p1a: Rillaboom|94/100 par|[from] Grassy Terrain
|-heal|p2a: Ting-Loui|72/100|[from] Grassy Terrain
|-heal|p2a: Ting-Loui|78/100|[from] item: Leftovers
|-end|p2a: Ting-Loui|Magma Storm|[partiallytrapped]|[silent]
|upkeep
|turn|14
|
|t:|1757786026
|switch|p2a: Lil emolga|Zapdos|100/100
|-damage|p2a: Lil emolga|76/100|[from] Stealth Rock
|move|p1a: Rillaboom|U-turn|p2a: Lil emolga
|-resisted|p2a: Lil emolga
|-damage|p2a: Lil emolga|61/100
|
|t:|1757786029
|switch|p1a: Kyurem|Kyurem|82/100|[from] U-turn
|-damage|p1a: Kyurem|57/100|[from] Stealth Rock
|-damage|p1a: Kyurem|45/100|[from] Spikes
|-ability|p1a: Kyurem|Pressure
|
|-heal|p1a: Kyurem|51/100|[from] Grassy Terrain
|upkeep
|turn|15
|
|t:|1757786033
|move|p1a: Kyurem|Ice Beam|p2a: Lil emolga
|-supereffective|p2a: Lil emolga
|-damage|p2a: Lil emolga|0 fnt
|faint|p2a: Lil emolga
|
|-heal|p1a: Kyurem|57/100|[from] Grassy Terrain
|upkeep
|
|t:|1757786040
|switch|p2a: Weavile|Weavile, F|100/100
|turn|16
|
|t:|1757786045
|switch|p1a: Heatran|Heatran, F|47/100
|-damage|p1a: Heatran|34/100|[from] Stealth Rock
|-damage|p1a: Heatran|22/100|[from] Spikes
|move|p2a: Weavile|Icicle Crash|p1a: Heatran
|-resisted|p1a: Heatran
|-damage|p1a: Heatran|13/100
|
|-heal|p1a: Heatran|19/100|[from] Grassy Terrain
|upkeep
|turn|17
|
|t:|1757786049
|move|p2a: Weavile|Knock Off|p1a: Heatran
|-damage|p1a: Heatran|0 fnt
|faint|p1a: Heatran
|
|-fieldend|move: Grassy Terrain
|upkeep
|c|☆Sirpeanutcronch|bruh im even flame body sob
|
|t:|1757786078
|switch|p1a: Great Tusk|Great Tusk|100/100
|turn|18
|
|t:|1757786083
|switch|p2a: Sinister Tea ;)|Sinistcha|100/100
|move|p1a: Great Tusk|Knock Off|p2a: Sinister Tea ;)
|-supereffective|p2a: Sinister Tea ;)
|-crit|p2a: Sinister Tea ;)
|-damage|p2a: Sinister Tea ;)|23/100
|-enditem|p2a: Sinister Tea ;)|Heavy-Duty Boots|[from] move: Knock Off|[of] p1a: Great Tusk
|
|upkeep
|turn|19
|
|t:|1757786094
|switch|p2a: Ting-Loui|Ting-Lu|78/100
|-damage|p2a: Ting-Loui|72/100|[from] Stealth Rock
|-ability|p2a: Ting-Loui|Vessel of Ruin
|move|p1a: Great Tusk|Knock Off|p2a: Ting-Loui
|-resisted|p2a: Ting-Loui
|-damage|p2a: Ting-Loui|64/100
|-enditem|p2a: Ting-Loui|Leftovers|[from] move: Knock Off|[of] p1a: Great Tusk
|
|upkeep
|turn|20
|
|t:|1757786105
|move|p1a: Great Tusk|Rapid Spin|p2a: Ting-Loui
|-damage|p2a: Ting-Loui|55/100
|-boost|p1a: Great Tusk|spe|1
|-sideend|p1: Sirpeanutcronch|Spikes|[from] move: Rapid Spin|[of] p1a: Great Tusk
|-sideend|p1: Sirpeanutcronch|Stealth Rock|[from] move: Rapid Spin|[of] p1a: Great Tusk
|move|p2a: Ting-Loui|Whirlwind|p1a: Great Tusk
|-end|p1a: Great Tusk|Protosynthesis|[silent]
|drag|p1a: Dondozo|Dondozo, F|100/100
|
|upkeep
|turn|21
|
|t:|1757786116
|switch|p1a: Kyurem|Kyurem|57/100
|-ability|p1a: Kyurem|Pressure
|move|p2a: Ting-Loui|Stealth Rock|p1a: Kyurem
|-sidestart|p1: Sirpeanutcronch|move: Stealth Rock
|
|upkeep
|turn|22
|
|t:|1757786125
|move|p1a: Kyurem|Freeze-Dry|p2a: Ting-Loui
|-supereffective|p2a: Ting-Loui
|-damage|p2a: Ting-Loui|2/100
|move|p2a: Ting-Loui|Whirlwind|p1a: Kyurem
|drag|p1a: Great Tusk|Great Tusk|100/100
|
|upkeep
|turn|23
|
|t:|1757786129
|move|p1a: Great Tusk|Rapid Spin|p2a: Ting-Loui
|-damage|p2a: Ting-Loui|0 fnt
|-boost|p1a: Great Tusk|spe|1
|-sideend|p1: Sirpeanutcronch|Stealth Rock|[from] move: Rapid Spin|[of] p1a: Great Tusk
|faint|p2a: Ting-Loui
|
|upkeep
|
|t:|1757786131
|switch|p2a: Glue eater|Keldeo, shiny|100/100
|turn|24
|
|t:|1757786134
|-end|p1a: Great Tusk|Protosynthesis|[silent]
|switch|p1a: Slowking|Slowking-Galar, M|81/100
|move|p2a: Glue eater|Surf|p1a: Slowking
|-damage|p1a: Slowking|45/100
|
|upkeep
|turn|25
|
|t:|1757786146
|switch|p1a: Rillaboom|Rillaboom, M|94/100 par
|-fieldstart|move: Grassy Terrain|[from] ability: Grassy Surge|[of] p1a: Rillaboom
|move|p2a: Glue eater|Flip Turn|p1a: Rillaboom
|-resisted|p1a: Rillaboom
|-damage|p1a: Rillaboom|87/100 par
|
|t:|1757786149
|switch|p2a: Weavile|Weavile, F|100/100|[from] Flip Turn
|
|-heal|p1a: Rillaboom|93/100 par|[from] Grassy Terrain
|upkeep
|turn|26
|
|t:|1757786162
|move|p1a: Rillaboom|Grassy Glide|p2a: Weavile
|-damage|p2a: Weavile|0 fnt
|faint|p2a: Weavile
|
|-heal|p1a: Rillaboom|99/100 par|[from] Grassy Terrain
|upkeep
|
|t:|1757786172
|switch|p2a: Sinister Tea ;)|Sinistcha|23/100
|-damage|p2a: Sinister Tea ;)|11/100|[from] Stealth Rock
|turn|27
|
|t:|1757786175
|cant|p1a: Rillaboom|par
|move|p2a: Sinister Tea ;)|Strength Sap|p1a: Rillaboom
|-unboost|p1a: Rillaboom|atk|1
|-heal|p2a: Sinister Tea ;)|100/100
|
|-heal|p1a: Rillaboom|100/100 par|[from] Grassy Terrain
|upkeep
|turn|28
|
|t:|1757786183
|switch|p1a: Kyurem|Kyurem|57/100
|-ability|p1a: Kyurem|Pressure
|move|p2a: Sinister Tea ;)|Calm Mind|p2a: Sinister Tea ;)
|-boost|p2a: Sinister Tea ;)|spa|1
|-boost|p2a: Sinister Tea ;)|spd|1
|
|-heal|p1a: Kyurem|63/100|[from] Grassy Terrain
|upkeep
|turn|29
|
|t:|1757786192
|switch|p2a: Glue eater|Keldeo, shiny|100/100
|move|p1a: Kyurem|Ice Beam|p2a: Glue eater
|-resisted|p2a: Glue eater
|-damage|p2a: Glue eater|57/100
|
|-heal|p2a: Glue eater|63/100|[from] Grassy Terrain
|-heal|p1a: Kyurem|69/100|[from] Grassy Terrain
|-fieldend|move: Grassy Terrain
|upkeep
|turn|30
|
|t:|1757786196
|switch|p1a: Slowking|Slowking-Galar, M|78/100
|move|p2a: Glue eater|Surf|p1a: Slowking
|-damage|p1a: Slowking|40/100
|
|upkeep
|turn|31
|
|t:|1757786205
|switch|p1a: Rillaboom|Rillaboom, M|100/100 par
|-fieldstart|move: Grassy Terrain|[from] ability: Grassy Surge|[of] p1a: Rillaboom
|-terastallize|p2a: Glue eater|Water
|move|p2a: Glue eater|Surf|p1a: Rillaboom
|-resisted|p1a: Rillaboom
|-damage|p1a: Rillaboom|59/100 par
|
|-heal|p2a: Glue eater|69/100|[from] Grassy Terrain
|-heal|p1a: Rillaboom|65/100 par|[from] Grassy Terrain
|upkeep
|turn|32
|
|t:|1757786211
|switch|p2a: Goodra|Goodra-Hisui, F|38/100
|-damage|p2a: Goodra|32/100|[from] Stealth Rock
|move|p1a: Rillaboom|U-turn|p2a: Goodra
|-resisted|p2a: Goodra
|-damage|p2a: Goodra|15/100
|
|t:|1757786217
|switch|p1a: Kyurem|Kyurem|69/100|[from] U-turn
|-ability|p1a: Kyurem|Pressure
|
|-heal|p1a: Kyurem|75/100|[from] Grassy Terrain
|-heal|p2a: Goodra|21/100|[from] Grassy Terrain
|upkeep
|turn|33
|
|t:|1757786224
|move|p1a: Kyurem|Ice Beam|p2a: Goodra
|-damage|p2a: Goodra|0 fnt
|faint|p2a: Goodra
|
|-heal|p1a: Kyurem|82/100|[from] Grassy Terrain
|upkeep
|
|t:|1757786228
|switch|p2a: Glue eater|Keldeo, shiny, tera:Water|69/100
|turn|34
|
|t:|1757786233
|switch|p1a: Rillaboom|Rillaboom, M|65/100 par
|move|p2a: Glue eater|Surf|p1a: Rillaboom
|-resisted|p1a: Rillaboom
|-damage|p1a: Rillaboom|25/100 par
|
|-heal|p2a: Glue eater|75/100|[from] Grassy Terrain
|-heal|p1a: Rillaboom|31/100 par|[from] Grassy Terrain
|upkeep
|turn|35
|
|t:|1757786238
|move|p1a: Rillaboom|Grassy Glide|p2a: Glue eater
|-supereffective|p2a: Glue eater
|-damage|p2a: Glue eater|0 fnt
|faint|p2a: Glue eater
|
|-heal|p1a: Rillaboom|37/100 par|[from] Grassy Terrain
|-fieldend|move: Grassy Terrain
|upkeep
|
|t:|1757786240
|switch|p2a: Sinister Tea ;)|Sinistcha|100/100
|-damage|p2a: Sinister Tea ;)|88/100|[from] Stealth Rock
|turn|36
|
|t:|1757786242
|switch|p1a: Kyurem|Kyurem|82/100
|-ability|p1a: Kyurem|Pressure
|move|p2a: Sinister Tea ;)|Calm Mind|p2a: Sinister Tea ;)
|-boost|p2a: Sinister Tea ;)|spa|1
|-boost|p2a: Sinister Tea ;)|spd|1
|
|upkeep
|turn|37
|
|t:|1757786244
|move|p1a: Kyurem|Ice Beam|p2a: Sinister Tea ;)
|-supereffective|p2a: Sinister Tea ;)
|-damage|p2a: Sinister Tea ;)|0 fnt
|faint|p2a: Sinister Tea ;)
|
|win|Sirpeanutcronch
|c|☆Sirpeanutcronch|gg
|c|☆lvbreakfast|gg
