|j|☆megaknightspammer
|j|☆doombot682
|t:|1757818318
|gametype|singles
|player|p1|megaknightspammer|rocketgrunt|1109
|player|p2|doombot682|miku-ghost|1077
|gen|9
|tier|[Gen 9] OU
|rated|
|rule|HP Percentage Mod: HP is shown in percentages
|rule|Endless Battle Clause: Forcing endless battles is banned
|rule|Species Clause: Limit one of each Pokémon
|rule|OHKO Clause: OHKO moves are banned
|rule|Evasion Items Clause: Evasion items are banned
|rule|Evasion Moves Clause: Evasion moves are banned
|rule|Evasion Abilities Clause: Evasion abilities are banned
|rule|Sleep Moves Clause: Sleep-inducing moves are banned
|clearpoke
|poke|p1|Gholdengo|
|poke|p1|Iron Treads|
|poke|p1|Zapdos|
|poke|p1|Skeledirge, F|
|poke|p1|Garganacl, M|
|poke|p1|Gliscor, F|
|poke|p2|Indeedee, M|
|poke|p2|Hatterene, F|
|poke|p2|Ursaluna, F|
|poke|p2|Iron Hands|
|poke|p2|Hoopa-Unbound|
|poke|p2|Mimikyu, F|
|teampreview
|inactive|Battle timer is ON: inactive players will automatically lose when time's up. (requested by doombot682)
|inactive|megaknightspammer also wants the timer to be on.
|
|t:|1757818331
|teamsize|p1|6
|teamsize|p2|6
|start
|switch|p1a: Gholdengo|Gholdengo|100/100
|switch|p2a: LEBRON|Iron Hands, shiny|100/100
|-item|p1a: Gholdengo|Air Balloon
|-enditem|p2a: LEBRON|Booster Energy
|-activate|p2a: LEBRON|ability: Quark Drive|[fromitem]
|-start|p2a: LEBRON|quarkdriveatk
|turn|1
|
|t:|1757818356
|-end|p2a: LEBRON|Quark Drive|[silent]
|switch|p2a: Subaru|Indeedee, M, shiny|100/100
|-fieldstart|move: Psychic Terrain|[from] ability: Psychic Surge|[of] p2a: Subaru
|move|p1a: Gholdengo|Nasty Plot|p1a: Gholdengo
|-boost|p1a: Gholdengo|spa|2
|
|upkeep
|turn|2
|
|t:|1757818366
|move|p1a: Gholdengo|Make It Rain|p2a: Subaru
|-damage|p2a: Subaru|0 fnt
|-unboost|p1a: Gholdengo|spa|1
|faint|p2a: Subaru
|
|upkeep
|
|t:|1757818370
|switch|p2a: King Von|Hoopa-Unbound|100/100
|-enditem|p2a: King Von|Psychic Seed
|-boost|p2a: King Von|spd|1|[from] item: Psychic Seed
|turn|3
|
|t:|1757818379
|move|p1a: Gholdengo|Make It Rain|p2a: King Von
|-damage|p2a: King Von|55/100
|-unboost|p1a: Gholdengo|spa|1
|move|p2a: King Von|Trick Room|p2a: King Von
|-fieldstart|move: Trick Room|[of] p2a: King Von
|
|upkeep
|turn|4
|
|t:|1757818382
|move|p2a: King Von|Hyperspace Fury|p1a: Gholdengo
|-supereffective|p1a: Gholdengo
|-damage|p1a: Gholdengo|0 fnt
|-unboost|p2a: King Von|def|1
|-enditem|p1a: Gholdengo|Air Balloon
|faint|p1a: Gholdengo
|
|upkeep
|
|t:|1757818386
|switch|p1a: Garganacl|Garganacl, M|100/100
|turn|5
|
|t:|1757818391
|move|p1a: Garganacl|Salt Cure|p2a: King Von
|-damage|p2a: King Von|33/100
|-start|p2a: King Von|Salt Cure
|move|p2a: King Von|Focus Blast|p1a: Garganacl
|-supereffective|p1a: Garganacl
|-damage|p1a: Garganacl|27/100
|-item|p2a: King Von|Leftovers|[from] ability: Magician|[of] p1a: Garganacl
|
|-heal|p2a: King Von|39/100|[from] item: Leftovers
|-damage|p2a: King Von|27/100|[from] Salt Cure
|upkeep
|turn|6
|
|t:|1757818416
|move|p1a: Garganacl|Recover|p1a: Garganacl
|-heal|p1a: Garganacl|77/100
|move|p2a: King Von|Expanding Force|p1a: Garganacl
|-damage|p1a: Garganacl|8/100
|
|-heal|p2a: King Von|33/100|[from] item: Leftovers
|-damage|p2a: King Von|21/100|[from] Salt Cure
|upkeep
|turn|7
|
|t:|1757818435
|move|p1a: Garganacl|Stealth Rock|p2a: King Von
|-sidestart|p2: doombot682|move: Stealth Rock
|move|p2a: King Von|Expanding Force|p1a: Garganacl
|-damage|p1a: Garganacl|0 fnt
|faint|p1a: Garganacl
|
|-heal|p2a: King Von|27/100|[from] item: Leftovers
|-damage|p2a: King Von|14/100|[from] Salt Cure
|-fieldend|move: Trick Room
|upkeep
|
|t:|1757818441
|switch|p1a: Iron Treads|Iron Treads|100/100
|turn|8
|
|t:|1757818445
|move|p1a: Iron Treads|Earthquake|p2a: King Von
|-damage|p2a: King Von|0 fnt
|faint|p2a: King Von
|
|-fieldend|move: Psychic Terrain
|upkeep
|
|t:|1757818448
|switch|p2a: Mimi|Mimikyu, F, shiny|100/100
|-damage|p2a: Mimi|88/100|[from] Stealth Rock
|turn|9
|
|t:|1757818456
|move|p1a: Iron Treads|Earthquake|p2a: Mimi
|-activate|p2a: Mimi|ability: Disguise
|-damage|p2a: Mimi|88/100
|detailschange|p2a: Mimi|Mimikyu-Busted, F, shiny
|-damage|p2a: Mimi|76/100|[from] pokemon: Mimikyu-Busted
|-enditem|p2a: Mimi|Red Card|[of] p1a: Iron Treads
|-end|p1a: Iron Treads|Quark Drive|[silent]
|drag|p1a: Gliscor|Gliscor, F|100/100
|move|p2a: Mimi|Trick Room|p2a: Mimi
|-fieldstart|move: Trick Room|[of] p2a: Mimi
|
|-status|p1a: Gliscor|tox|[from] item: Toxic Orb
|upkeep
|turn|10
|
|t:|1757818470
|move|p2a: Mimi|Play Rough|p1a: Gliscor
|-damage|p1a: Gliscor|84/100 tox
|move|p1a: Gliscor|Swords Dance|p1a: Gliscor
|-boost|p1a: Gliscor|atk|2
|
|-heal|p1a: Gliscor|97/100 tox|[from] ability: Poison Heal
|upkeep
|turn|11
|
|t:|1757818475
|move|p2a: Mimi|Destiny Bond|p2a: Mimi
|-singlemove|p2a: Mimi|Destiny Bond
|move|p1a: Gliscor|Knock Off|p2a: Mimi
|-damage|p2a: Mimi|49/100
|
|-heal|p1a: Gliscor|100/100 tox|[from] ability: Poison Heal
|upkeep
|turn|12
|
|t:|1757818481
|move|p2a: Mimi|Curse|p1a: Gliscor
|-start|p1a: Gliscor|Curse|[of] p2a: Mimi
|-damage|p2a: Mimi|0 fnt
|faint|p2a: Mimi
|move|p1a: Gliscor|Knock Off|p2: Mimi|[notarget]
|-fail|p1a: Gliscor
|
|-damage|p1a: Gliscor|75/100 tox|[from] Curse
|upkeep
|
|t:|1757818483
|switch|p2a: Crashout YN|Ursaluna, F, shiny|100/100
|-damage|p2a: Crashout YN|94/100|[from] Stealth Rock
|turn|13
|
|t:|1757818489
|move|p2a: Crashout YN|Ice Punch|p1a: Gliscor
|-supereffective|p1a: Gliscor
|-damage|p1a: Gliscor|4/100 tox
|move|p1a: Gliscor|Facade|p2a: Crashout YN
|-damage|p2a: Crashout YN|49/100
|
|-heal|p1a: Gliscor|16/100 tox|[from] ability: Poison Heal
|-damage|p1a: Gliscor|0 fnt|[from] Curse
|faint|p1a: Gliscor
|-fieldend|move: Trick Room
|-status|p2a: Crashout YN|brn|[from] item: Flame Orb
|upkeep
|
|t:|1757818501
|switch|p1a: Skeledirge|Skeledirge, F|100/100
|turn|14
|
|t:|1757818507
|move|p1a: Skeledirge|Will-O-Wisp|p2a: Crashout YN
|-fail|p2a: Crashout YN|brn
|move|p2a: Crashout YN|Headlong Rush|p1a: Skeledirge
|-supereffective|p1a: Skeledirge
|-damage|p1a: Skeledirge|0 fnt
|-unboost|p2a: Crashout YN|def|1
|-unboost|p2a: Crashout YN|spd|1
|faint|p1a: Skeledirge
|
|-damage|p2a: Crashout YN|43/100 brn|[from] brn
|upkeep
|
|t:|1757818511
|switch|p1a: Zapdos|Zapdos|100/100
|turn|15
|
|t:|1757818515
|move|p1a: Zapdos|Hurricane|p2a: Crashout YN
|-damage|p2a: Crashout YN|0 fnt
|faint|p2a: Crashout YN
|
|upkeep
|
|t:|1757818519
|switch|p2a: LEBRON|Iron Hands, shiny|100/100
|-damage|p2a: LEBRON|94/100|[from] Stealth Rock
|turn|16
|
|t:|1757818526
|move|p1a: Zapdos|Hurricane|p2a: LEBRON
|-damage|p2a: LEBRON|62/100
|move|p2a: LEBRON|Ice Punch|p1a: Zapdos
|-supereffective|p1a: Zapdos
|-damage|p1a: Zapdos|56/100
|
|upkeep
|turn|17
|
|t:|1757818543
|move|p1a: Zapdos|Volt Switch|p2a: LEBRON
|-resisted|p2a: LEBRON
|-damage|p2a: LEBRON|50/100
|
|t:|1757818546
|switch|p1a: Iron Treads|Iron Treads|100/100|[from] Volt Switch
|move|p2a: LEBRON|Ice Punch|p1a: Iron Treads
|-damage|p1a: Iron Treads|75/100
|-status|p1a: Iron Treads|frz
|
|upkeep
|turn|18
|
|t:|1757818556
|-terastallize|p2a: LEBRON|Flying
|cant|p1a: Iron Treads|frz
|move|p2a: LEBRON|Close Combat|p1a: Iron Treads
|-supereffective|p1a: Iron Treads
|-damage|p1a: Iron Treads|0 fnt
|-unboost|p2a: LEBRON|def|1
|-unboost|p2a: LEBRON|spd|1
|faint|p1a: Iron Treads
|-end|p1a: Iron Treads|Quark Drive|[silent]
|
|upkeep
|
|t:|1757818559
|switch|p1a: Zapdos|Zapdos|56/100
|turn|19
|
|t:|1757818567
|move|p1a: Zapdos|Hurricane|p2a: LEBRON
|-damage|p2a: LEBRON|0 fnt
|faint|p2a: LEBRON
|-end|p2a: LEBRON|Quark Drive|[silent]
|
|upkeep
|
|t:|1757818569
|switch|p2a: Satella|Hatterene, F, shiny|100/100
|-damage|p2a: Satella|88/100|[from] Stealth Rock
|turn|20
|
|t:|1757818576
|move|p1a: Zapdos|Roost|p1a: Zapdos
|-heal|p1a: Zapdos|100/100
|-singleturn|p1a: Zapdos|move: Roost
|move|p2a: Satella|Expanding Force|p1a: Zapdos
|-damage|p1a: Zapdos|40/100
|-damage|p2a: Satella|78/100|[from] item: Life Orb
|
|upkeep
|turn|21
|
|t:|1757818583
|move|p1a: Zapdos|Hurricane|p2a: Satella
|-damage|p2a: Satella|26/100
|move|p2a: Satella|Trick Room|p2a: Satella
|-fieldstart|move: Trick Room|[of] p2a: Satella
|
|upkeep
|turn|22
|
|t:|1757818589
|-terastallize|p1a: Zapdos|Steel
|move|p2a: Satella|Expanding Force|p1a: Zapdos
|-resisted|p1a: Zapdos
|-damage|p1a: Zapdos|9/100
|-damage|p2a: Satella|16/100|[from] item: Life Orb
|move|p1a: Zapdos|Hurricane|p2a: Satella
|-damage|p2a: Satella|0 fnt
|faint|p2a: Satella
|
|win|megaknightspammer
|raw|megaknightspammer's rating: 1109 &rarr; <strong>1132</strong><br />(+23 for winning)
|raw|doombot682's rating: 1077 &rarr; <strong>1057</strong><br />(-20 for losing)
|c|☆megaknightspammer|gg
|l|☆doombot682
|player|p2|
