|j|☆FizzyXD
|j|☆darksora420
|t:|1757811567
|gametype|singles
|player|p1|FizzyXD|swimmerf-gen4dp|1370
|player|p2|darksora420|red|1414
|gen|9
|tier|[Gen 9] OU
|rated|
|rule|HP Percentage Mod: HP is shown in percentages
|rule|Endless Battle Clause: Forcing endless battles is banned
|rule|Species Clause: Limit one of each Pokémon
|rule|OHKO Clause: OHKO moves are banned
|rule|Evasion Items Clause: Evasion items are banned
|rule|Evasion Moves Clause: Evasion moves are banned
|rule|Evasion Abilities Clause: Evasion abilities are banned
|rule|Sleep Moves Clause: Sleep-inducing moves are banned
|clearpoke
|poke|p1|Dragapult, M|
|poke|p1|Glimmora, M|
|poke|p1|Comfey, M|
|poke|p1|Kingambit, M|
|poke|p1|Ogerpon-Wellspring, F|
|poke|p1|Blaziken, M|
|poke|p2|Ninetales, F|
|poke|p2|Great Tusk|
|poke|p2|Walking Wake|
|poke|p2|Leavanny, F|
|poke|p2|Charizard, F|
|poke|p2|Slither Wing|
|teampreview
|inactive|Battle timer is ON: inactive players will automatically lose when time's up. (requested by FizzyXD)
|
|t:|1757811572
|teamsize|p1|6
|teamsize|p2|6
|start
|switch|p1a: Dragapult|Dragapult, M|100/100
|switch|p2a: Walking Wake|Walking Wake|100/100
|turn|1
|
|t:|1757811582
|-terastallize|p2a: Walking Wake|Water
|move|p1a: Dragapult|Dragon Darts|p2a: Walking Wake
|-damage|p2a: Walking Wake|70/100
|-anim|p1a: Dragapult|Dragon Darts|p2a: Walking Wake
|-damage|p2a: Walking Wake|41/100
|-damage|p1a: Dragapult|91/100|[from] item: Life Orb
|move|p2a: Walking Wake|Draco Meteor|p1a: Dragapult
|-supereffective|p1a: Dragapult
|-damage|p1a: Dragapult|0 fnt
|-unboost|p2a: Walking Wake|spa|2
|faint|p1a: Dragapult
|
|upkeep
|
|t:|1757811597
|switch|p1a: Ogerpon|Ogerpon-Wellspring, F|100/100
|turn|2
|
|t:|1757811608
|-end|p2a: Walking Wake|Protosynthesis|[silent]
|switch|p2a: Ninetales|Ninetales, F|100/100
|-weather|SunnyDay|[from] ability: Drought|[of] p2a: Ninetales
|move|p1a: Ogerpon|Spikes|p2a: Ninetales
|-sidestart|p2: darksora420|Spikes
|
|-weather|SunnyDay|[upkeep]
|upkeep
|turn|3
|
|t:|1757811613
|switch|p1a: Glimmora|Glimmora, M, shiny|100/100
|move|p2a: Ninetales|Solar Beam||[still]
|-prepare|p2a: Ninetales|Solar Beam
|-anim|p2a: Ninetales|Solar Beam|p1a: Glimmora
|-damage|p1a: Glimmora|66/100
|-enditem|p1a: Glimmora|Red Card|[of] p2a: Ninetales
|drag|p2a: Slither Wing|Slither Wing|100/100
|-damage|p2a: Slither Wing|88/100|[from] Spikes
|-activate|p2a: Slither Wing|ability: Protosynthesis
|-start|p2a: Slither Wing|protosynthesisatk
|
|-weather|SunnyDay|[upkeep]
|upkeep
|turn|4
|
|t:|1757811621
|move|p2a: Slither Wing|Close Combat|p1a: Glimmora
|-damage|p1a: Glimmora|0 fnt
|-unboost|p2a: Slither Wing|def|1
|-unboost|p2a: Slither Wing|spd|1
|-activate|p1a: Glimmora|ability: Toxic Debris
|-sidestart|p2: darksora420|move: Toxic Spikes
|faint|p1a: Glimmora
|
|-weather|SunnyDay|[upkeep]
|upkeep
|
|t:|1757811632
|switch|p1a: Blaziken|Blaziken, M, shiny|100/100
|turn|5
|
|t:|1757811643
|-end|p2a: Slither Wing|Protosynthesis|[silent]
|switch|p2a: Great Tusk|Great Tusk|100/100
|-activate|p2a: Great Tusk|ability: Protosynthesis
|-start|p2a: Great Tusk|protosynthesisatk
|move|p1a: Blaziken|Protect||[still]
|-fail|p1a: Blaziken
|
|-weather|SunnyDay|[upkeep]
|-ability|p1a: Blaziken|Speed Boost|boost
|-boost|p1a: Blaziken|spe|1
|upkeep
|turn|6
|
|t:|1757811658
|-terastallize|p1a: Blaziken|Fighting
|move|p1a: Blaziken|Close Combat|p2a: Great Tusk
|-damage|p2a: Great Tusk|17/100
|-unboost|p1a: Blaziken|def|1
|-unboost|p1a: Blaziken|spd|1
|-damage|p1a: Blaziken|91/100|[from] item: Life Orb
|move|p2a: Great Tusk|Headlong Rush|p1a: Blaziken
|-damage|p1a: Blaziken|0 fnt
|-unboost|p2a: Great Tusk|def|1
|-unboost|p2a: Great Tusk|spd|1
|faint|p1a: Blaziken
|
|-weather|SunnyDay|[upkeep]
|upkeep
|inactive|FizzyXD has 120 seconds left.
|
|t:|1757811687
|switch|p1a: Ogerpon|Ogerpon-Wellspring, F|100/100
|turn|7
|inactive|FizzyXD has 120 seconds left.
|
|t:|1757811693
|move|p1a: Ogerpon|Ivy Cudgel|p2a: Great Tusk|[anim] Ivy Cudgel Water
|-supereffective|p2a: Great Tusk
|-damage|p2a: Great Tusk|0 fnt
|faint|p2a: Great Tusk
|-end|p2a: Great Tusk|Protosynthesis|[silent]
|
|-weather|SunnyDay|[upkeep]
|upkeep
|
|t:|1757811698
|switch|p2a: Leavanny|Leavanny, F|100/100
|-damage|p2a: Leavanny|88/100|[from] Spikes
|-status|p2a: Leavanny|psn
|turn|8
|
|t:|1757811702
|switch|p1a: Comfey|Comfey, M, shiny|100/100
|move|p2a: Leavanny|Sticky Web|p1a: Comfey
|-sidestart|p1: FizzyXD|move: Sticky Web
|
|-weather|SunnyDay|[upkeep]
|-damage|p2a: Leavanny|76/100 psn|[from] psn
|upkeep
|turn|9
|
|t:|1757811708
|switch|p2a: Charizard|Charizard, F|100/100
|move|p1a: Comfey|Calm Mind|p1a: Comfey
|-boost|p1a: Comfey|spa|1
|-boost|p1a: Comfey|spd|1
|
|-weather|none
|upkeep
|turn|10
|
|t:|1757811717
|move|p2a: Charizard|Overheat|p1a: Comfey
|-damage|p1a: Comfey|40/100
|-unboost|p2a: Charizard|spa|2
|move|p1a: Comfey|Calm Mind|p1a: Comfey
|-boost|p1a: Comfey|spa|1
|-boost|p1a: Comfey|spd|1
|
|upkeep
|turn|11
|
|t:|1757811727
|switch|p2a: Ninetales|Ninetales, F|100/100
|-damage|p2a: Ninetales|88/100|[from] Spikes
|-status|p2a: Ninetales|psn
|-weather|SunnyDay|[from] ability: Drought|[of] p2a: Ninetales
|move|p1a: Comfey|Calm Mind|p1a: Comfey
|-boost|p1a: Comfey|spa|1
|-boost|p1a: Comfey|spd|1
|
|-weather|SunnyDay|[upkeep]
|-damage|p2a: Ninetales|76/100 psn|[from] psn
|upkeep
|turn|12
|
|t:|1757811735
|move|p1a: Comfey|Draining Kiss|p2a: Ninetales
|-resisted|p2a: Ninetales
|-damage|p2a: Ninetales|38/100 psn
|-heal|p1a: Comfey|67/100|[from] drain|[of] p2a: Ninetales
|-damage|p1a: Comfey|58/100|[from] item: Life Orb
|move|p2a: Ninetales|Encore|p1a: Comfey
|-start|p1a: Comfey|Encore
|
|-weather|SunnyDay|[upkeep]
|-damage|p2a: Ninetales|26/100 psn|[from] psn
|upkeep
|turn|13
|
|t:|1757811739
|move|p1a: Comfey|Draining Kiss|p2a: Ninetales
|-resisted|p2a: Ninetales
|-damage|p2a: Ninetales|0 fnt
|-heal|p1a: Comfey|76/100|[from] drain|[of] p2a: Ninetales
|faint|p2a: Ninetales
|-damage|p1a: Comfey|66/100|[from] item: Life Orb
|
|-weather|SunnyDay|[upkeep]
|upkeep
|
|t:|1757811745
|switch|p2a: Charizard|Charizard, F|100/100
|turn|14
|
|t:|1757811748
|move|p1a: Comfey|Draining Kiss|p2a: Charizard
|-resisted|p2a: Charizard
|-damage|p2a: Charizard|56/100
|-heal|p1a: Comfey|99/100|[from] drain|[of] p2a: Charizard
|-damage|p1a: Comfey|89/100|[from] item: Life Orb
|move|p2a: Charizard|Overheat|p1a: Comfey
|-damage|p1a: Comfey|8/100
|-unboost|p2a: Charizard|spa|2
|
|-weather|SunnyDay|[upkeep]
|-damage|p2a: Charizard|43/100|[from] ability: Solar Power|[of] p2a: Charizard
|upkeep
|turn|15
|
|t:|1757811751
|move|p1a: Comfey|Draining Kiss|p2a: Charizard
|-resisted|p2a: Charizard
|-damage|p2a: Charizard|0 fnt
|-heal|p1a: Comfey|39/100|[from] drain|[of] p2a: Charizard
|faint|p2a: Charizard
|-damage|p1a: Comfey|29/100|[from] item: Life Orb
|
|-weather|SunnyDay|[upkeep]
|-end|p1a: Comfey|Encore
|upkeep
|
|t:|1757811754
|switch|p2a: Slither Wing|Slither Wing|88/100
|-damage|p2a: Slither Wing|76/100|[from] Spikes
|-status|p2a: Slither Wing|psn
|-activate|p2a: Slither Wing|ability: Protosynthesis
|-start|p2a: Slither Wing|protosynthesisatk
|turn|16
|
|t:|1757811756
|move|p1a: Comfey|Draining Kiss|p2a: Slither Wing
|-supereffective|p2a: Slither Wing
|-damage|p2a: Slither Wing|0 fnt
|-heal|p1a: Comfey|87/100|[from] drain|[of] p2a: Slither Wing
|faint|p2a: Slither Wing
|-end|p2a: Slither Wing|Protosynthesis|[silent]
|-damage|p1a: Comfey|77/100|[from] item: Life Orb
|
|-weather|SunnyDay|[upkeep]
|upkeep
|-message|darksora420 forfeited.
|
|win|FizzyXD
|raw|FizzyXD's rating: 1370 &rarr; <strong>1393</strong><br />(+23 for winning)
|raw|darksora420's rating: 1414 &rarr; <strong>1391</strong><br />(-23 for losing)
|l|☆darksora420
|player|p2|
|l|☆FizzyXD
|player|p1|
