|j|☆aria4games
|j|☆the goobchamponing
|t:|1757866219
|gametype|singles
|player|p1|aria4games|janine|1445
|player|p2|the goobchamponing|koga|1436
|gen|9
|tier|[Gen 9] OU
|rated|
|rule|HP Percentage Mod: HP is shown in percentages
|rule|Endless Battle Clause: Forcing endless battles is banned
|rule|Species Clause: Limit one of each Pokémon
|rule|OHKO Clause: OHKO moves are banned
|rule|Evasion Items Clause: Evasion items are banned
|rule|Evasion Moves Clause: Evasion moves are banned
|rule|Evasion Abilities Clause: Evasion abilities are banned
|rule|Sleep Moves Clause: Sleep-inducing moves are banned
|clearpoke
|poke|p1|Cinderace, F|
|poke|p1|Darkrai|
|poke|p1|Reuniclus, F|
|poke|p1|Kyurem|
|poke|p1|Keldeo-Resolute|
|poke|p1|Raging Bolt|
|poke|p2|Ting-Lu|
|poke|p2|Ogerpon-Wellspring, F|
|poke|p2|Gholdengo|
|poke|p2|Moltres|
|poke|p2|Primarina, F|
|poke|p2|Dragonite, F|
|teampreview
|inactive|Battle timer is ON: inactive players will automatically lose when time's up. (requested by the goobchamponing)
|
|t:|1757866225
|teamsize|p1|6
|teamsize|p2|6
|start
|switch|p1a: king nasir|Kyurem|100/100
|switch|p2a: Ogerpon|Ogerpon-Wellspring, F|100/100
|-ability|p1a: king nasir|Pressure
|turn|1
|
|t:|1757866229
|switch|p2a: Gholdengo|Gholdengo|100/100
|move|p1a: king nasir|Freeze-Dry|p2a: Gholdengo
|-resisted|p2a: Gholdengo
|-crit|p2a: Gholdengo
|-damage|p2a: Gholdengo|76/100
|
|upkeep
|turn|2
|
|t:|1757866231
|move|p2a: Gholdengo|Trick|p1a: king nasir
|-activate|p2a: Gholdengo|move: Trick|[of] p1a: king nasir
|-item|p1a: king nasir|Choice Scarf|[from] move: Trick
|-item|p2a: Gholdengo|Assault Vest|[from] move: Trick
|move|p1a: king nasir|Earth Power|p2a: Gholdengo
|-supereffective|p2a: Gholdengo
|-damage|p2a: Gholdengo|38/100
|
|upkeep
|turn|3
|
|t:|1757866238
|switch|p2a: Ting-Lu|Ting-Lu|100/100
|-ability|p2a: Ting-Lu|Vessel of Ruin
|move|p1a: king nasir|Earth Power|p2a: Ting-Lu
|-damage|p2a: Ting-Lu|88/100
|
|-heal|p2a: Ting-Lu|94/100|[from] item: Leftovers
|upkeep
|turn|4
|
|t:|1757866245
|switch|p1a: smiling friends|Keldeo-Resolute|100/100
|move|p2a: Ting-Lu|Ruination|p1a: smiling friends
|-damage|p1a: smiling friends|51/100
|-ability|p1a: smiling friends|Justified|boost
|-boost|p1a: smiling friends|atk|1
|
|-heal|p2a: Ting-Lu|100/100|[from] item: Leftovers
|upkeep
|turn|5
|
|t:|1757866250
|switch|p2a: Ogerpon|Ogerpon-Wellspring, F|100/100
|move|p1a: smiling friends|Flip Turn|p2a: Ogerpon
|-immune|p2a: Ogerpon|[from] ability: Water Absorb
|
|upkeep
|turn|6
|
|t:|1757866257
|switch|p1a: low tier glob|Reuniclus, F|100/100
|move|p2a: Ogerpon|Trailblaze|p1a: low tier glob
|-damage|p1a: low tier glob|81/100
|-boost|p2a: Ogerpon|spe|1
|-damage|p2a: Ogerpon|84/100|[from] item: Rocky Helmet|[of] p1a: low tier glob
|
|upkeep
|turn|7
|
|t:|1757866263
|move|p2a: Ogerpon|Ivy Cudgel|p1a: low tier glob|[anim] Ivy Cudgel Water
|-damage|p1a: low tier glob|43/100
|move|p1a: low tier glob|Future Sight|p2a: Ogerpon
|-start|p1a: low tier glob|move: Future Sight
|
|upkeep
|turn|8
|
|t:|1757866267
|move|p2a: Ogerpon|Ivy Cudgel|p1a: low tier glob|[anim] Ivy Cudgel Water
|-crit|p1a: low tier glob
|-damage|p1a: low tier glob|0 fnt
|faint|p1a: low tier glob
|
|upkeep
|
|t:|1757866274
|switch|p1a: smiling friends|Keldeo-Resolute|51/100
|turn|9
|
|t:|1757866277
|switch|p2a: Gholdengo|Gholdengo|38/100
|move|p1a: smiling friends|Secret Sword|p2a: Gholdengo
|-immune|p2a: Gholdengo
|
|-end|p2a: Gholdengo|move: Future Sight
|-resisted|p2a: Gholdengo
|-crit|p2a: Gholdengo
|-damage|p2a: Gholdengo|11/100
|upkeep
|turn|10
|
|t:|1757866281
|switch|p1a: ankara mesi|Cinderace, F|100/100
|move|p2a: Gholdengo|Shadow Ball|p1a: ankara mesi
|-damage|p1a: ankara mesi|42/100
|
|upkeep
|turn|11
|
|t:|1757866286
|move|p1a: ankara mesi|U-turn|p2a: Gholdengo
|-start|p1a: ankara mesi|typechange|Bug|[from] ability: Libero
|-resisted|p2a: Gholdengo
|-damage|p2a: Gholdengo|2/100
|-message|aria4games forfeited.
|
|win|the goobchamponing
|raw|aria4games's rating: 1445 &rarr; <strong>1424</strong><br />(-21 for losing)
|raw|the goobchamponing's rating: 1436 &rarr; <strong>1457</strong><br />(+21 for winning)
|l|☆aria4games
|player|p1|
