|j|☆zerobraincell
|j|☆Wembalien
|t:|1757914888
|gametype|singles
|player|p1|zerobraincell|unknownf|1163
|player|p2|Wembalien|riley|1232
|gen|9
|tier|[Gen 9] OU
|rated|
|rule|HP Percentage Mod: HP is shown in percentages
|rule|Endless Battle Clause: Forcing endless battles is banned
|rule|Species Clause: Limit one of each Pokémon
|rule|OHKO Clause: OHKO moves are banned
|rule|Evasion Items Clause: Evasion items are banned
|rule|Evasion Moves Clause: Evasion moves are banned
|rule|Evasion Abilities Clause: Evasion abilities are banned
|rule|Sleep Moves Clause: Sleep-inducing moves are banned
|clearpoke
|poke|p1|Hatterene, F|
|poke|p1|Slowking-Galar, M|
|poke|p1|Ursaluna, F|
|poke|p1|Iron Hands|
|poke|p1|Vikavolt, M|
|poke|p1|Reuniclus, F|
|poke|p2|Ceruledge, F|
|poke|p2|Torkoal, M|
|poke|p2|Walking Wake|
|poke|p2|Great Tusk|
|poke|p2|Venusaur, M|
|poke|p2|Hatterene, F|
|teampreview
|inactive|Battle timer is ON: inactive players will automatically lose when time's up. (requested by zerobraincell)
|
|t:|1757914902
|teamsize|p1|6
|teamsize|p2|6
|start
|switch|p1a: Ursaluna|Ursaluna, F|100/100
|switch|p2a: Torkoal|Torkoal, M|100/100
|-weather|SunnyDay|[from] ability: Drought|[of] p2a: Torkoal
|turn|1
|
|t:|1757914910
|move|p1a: Ursaluna|Swords Dance|p1a: Ursaluna
|-boost|p1a: Ursaluna|atk|2
|move|p2a: Torkoal|Stealth Rock|p1a: Ursaluna
|-sidestart|p1: zerobraincell|move: Stealth Rock
|
|-weather|SunnyDay|[upkeep]
|-status|p1a: Ursaluna|brn|[from] item: Flame Orb
|upkeep
|turn|2
|
|t:|1757914920
|switch|p2a: Hatterene|Hatterene, F|100/100
|move|p1a: Ursaluna|Headlong Rush|p2a: Hatterene
|-damage|p2a: Hatterene|0 fnt
|-unboost|p1a: Ursaluna|def|1
|-unboost|p1a: Ursaluna|spd|1
|faint|p2a: Hatterene
|
|-weather|SunnyDay|[upkeep]
|-damage|p1a: Ursaluna|94/100 brn|[from] brn
|upkeep
|
|t:|1757914931
|switch|p2a: Walking Wake|Walking Wake|100/100
|-activate|p2a: Walking Wake|ability: Protosynthesis
|-start|p2a: Walking Wake|protosynthesisspe
|turn|3
|
|t:|1757914952
|switch|p1a: Reuniclus|Reuniclus, F|100/100
|-damage|p1a: Reuniclus|88/100|[from] Stealth Rock
|-terastallize|p2a: Walking Wake|Water
|move|p2a: Walking Wake|Hydro Steam|p1a: Reuniclus
|-damage|p1a: Reuniclus|0 fnt
|faint|p1a: Reuniclus
|
|-weather|SunnyDay|[upkeep]
|upkeep
|inactive|zerobraincell has 120 seconds left.
|
|t:|1757914983
|switch|p1a: Slowking|Slowking-Galar, M|100/100
|-damage|p1a: Slowking|88/100|[from] Stealth Rock
|-item|p1a: Slowking|Air Balloon
|turn|4
|
|t:|1757914995
|-terastallize|p1a: Slowking|Water
|move|p2a: Walking Wake|Hydro Steam|p1a: Slowking
|-resisted|p1a: Slowking
|-damage|p1a: Slowking|45/100
|-enditem|p1a: Slowking|Air Balloon
|move|p1a: Slowking|Trick Room|p1a: Slowking
|-fieldstart|move: Trick Room|[of] p1a: Slowking
|
|-weather|SunnyDay|[upkeep]
|upkeep
|turn|5
|
|t:|1757915007
|-prepare|p1a: Slowking|Chilly Reception|[premajor]
|move|p1a: Slowking|Chilly Reception|p1a: Slowking
|-weather|Snowscape
|-end|p2a: Walking Wake|Protosynthesis
|
|t:|1757915026
|switch|p1a: Vikavolt|Vikavolt, M|100/100|[from] Chilly Reception
|-damage|p1a: Vikavolt|76/100|[from] Stealth Rock
|move|p2a: Walking Wake|Hydro Steam|p1a: Vikavolt
|-damage|p1a: Vikavolt|0 fnt
|faint|p1a: Vikavolt
|
|-weather|Snowscape|[upkeep]
|upkeep
|
|t:|1757915031
|switch|p1a: Iron Hands|Iron Hands|100/100
|-damage|p1a: Iron Hands|94/100|[from] Stealth Rock
|-enditem|p1a: Iron Hands|Booster Energy
|-activate|p1a: Iron Hands|ability: Quark Drive|[fromitem]
|-start|p1a: Iron Hands|quarkdriveatk
|turn|6
|
|t:|1757915045
|-end|p2a: Walking Wake|Protosynthesis|[silent]
|switch|p2a: Torkoal|Torkoal, M|100/100
|-weather|SunnyDay|[from] ability: Drought|[of] p2a: Torkoal
|move|p1a: Iron Hands|Swords Dance|p1a: Iron Hands
|-boost|p1a: Iron Hands|atk|2
|
|-weather|SunnyDay|[upkeep]
|upkeep
|turn|7
|
|t:|1757915054
|move|p2a: Torkoal|Will-O-Wisp|p1a: Iron Hands
|-status|p1a: Iron Hands|brn
|move|p1a: Iron Hands|Drain Punch|p2a: Torkoal
|-damage|p2a: Torkoal|68/100
|-heal|p1a: Iron Hands|100/100 brn|[from] drain|[of] p2a: Torkoal
|
|-weather|SunnyDay|[upkeep]
|-damage|p1a: Iron Hands|94/100 brn|[from] brn
|upkeep
|turn|8
|inactive|zerobraincell has 120 seconds left.
|
|t:|1757915066
|switch|p2a: Ceruledge|Ceruledge, F|100/100
|move|p1a: Iron Hands|Drain Punch|p2a: Ceruledge
|-immune|p2a: Ceruledge
|
|-weather|SunnyDay|[upkeep]
|-damage|p1a: Iron Hands|88/100 brn|[from] brn
|-fieldend|move: Trick Room
|upkeep
|turn|9
|inactive|zerobraincell has 120 seconds left.
|
|t:|1757915077
|move|p2a: Ceruledge|Swords Dance|p2a: Ceruledge
|-boost|p2a: Ceruledge|atk|2
|move|p1a: Iron Hands|Thunder Punch|p2a: Ceruledge
|-damage|p2a: Ceruledge|14/100
|-ability|p2a: Ceruledge|Weak Armor|boost
|-unboost|p2a: Ceruledge|def|1
|-boost|p2a: Ceruledge|spe|2
|
|-weather|SunnyDay|[upkeep]
|-damage|p1a: Iron Hands|82/100 brn|[from] brn
|upkeep
|turn|10
|
|t:|1757915088
|move|p2a: Ceruledge|Bitter Blade|p1a: Iron Hands
|-damage|p1a: Iron Hands|0 fnt
|-heal|p2a: Ceruledge|86/100|[from] drain|[of] p1a: Iron Hands
|faint|p1a: Iron Hands
|-end|p1a: Iron Hands|Quark Drive|[silent]
|
|-weather|SunnyDay|[upkeep]
|upkeep
|-message|zerobraincell forfeited.
|
|win|Wembalien
|raw|zerobraincell's rating: 1163 &rarr; <strong>1143</strong><br />(-20 for losing)
|raw|Wembalien's rating: 1232 &rarr; <strong>1252</strong><br />(+20 for winning)
|l|☆zerobraincell
|player|p1|
|l|☆Wembalien
|player|p2|
