|j|☆Hunter_of_Keys
|j|☆gamebattle$
|t:|1757824489
|gametype|singles
|player|p1|Hunter_of_Keys|veteran|1552
|player|p2|gamebattle$|shadowtriad|1615
|gen|9
|tier|[Gen 9] OU
|rated|
|rule|HP Percentage Mod: HP is shown in percentages
|rule|Endless Battle Clause: Forcing endless battles is banned
|rule|Species Clause: Limit one of each Pokémon
|rule|OHKO Clause: OHKO moves are banned
|rule|Evasion Items Clause: Evasion items are banned
|rule|Evasion Moves Clause: Evasion moves are banned
|rule|Evasion Abilities Clause: Evasion abilities are banned
|rule|Sleep Moves Clause: Sleep-inducing moves are banned
|clearpoke
|poke|p1|Indeedee, M|
|poke|p1|Espeon, M|
|poke|p1|Armarouge, F|
|poke|p1|Gallade, M|
|poke|p1|Cresselia, F|
|poke|p1|Iron Boulder|
|poke|p2|Clefable, F|
|poke|p2|Heatran, M|
|poke|p2|Rillaboom, M|
|poke|p2|Ogerpon-Wellspring, F|
|poke|p2|Zapdos|
|poke|p2|Great Tusk|
|teampreview
|inactive|Battle timer is ON: inactive players will automatically lose when time's up. (requested by Hunter_of_Keys)
|j| wgw2333
|
|t:|1757824506
|teamsize|p1|6
|teamsize|p2|6
|start
|switch|p1a: Gallade|Gallade, M|100/100
|switch|p2a: Rillaboom|Rillaboom, M|100/100
|-fieldstart|move: Grassy Terrain|[from] ability: Grassy Surge|[of] p2a: Rillaboom
|turn|1
|
|t:|1757824517
|move|p2a: Rillaboom|Grassy Glide|p1a: Gallade
|-crit|p1a: Gallade
|-enditem|p1a: Gallade|Focus Sash
|-damage|p1a: Gallade|1/100
|move|p1a: Gallade|Sacred Sword|p2a: Rillaboom
|-damage|p2a: Rillaboom|26/100
|
|-heal|p1a: Gallade|7/100|[from] Grassy Terrain
|-heal|p2a: Rillaboom|32/100|[from] Grassy Terrain
|upkeep
|turn|2
|
|t:|1757824527
|switch|p1a: Cresselia|Cresselia, F|100/100
|switch|p2a: Zapdos|Zapdos, shiny|100/100
|
|upkeep
|turn|3
|
|t:|1757824534
|move|p2a: Zapdos|Discharge|p1a: Cresselia
|-damage|p1a: Cresselia|81/100
|move|p1a: Cresselia|Ice Beam|p2a: Zapdos
|-supereffective|p2a: Zapdos
|-damage|p2a: Zapdos|68/100
|
|upkeep
|turn|4
|
|t:|1757824544
|move|p2a: Zapdos|Discharge|p1a: Cresselia
|-damage|p1a: Cresselia|62/100
|move|p1a: Cresselia|Ice Beam|p2a: Zapdos
|-supereffective|p2a: Zapdos
|-damage|p2a: Zapdos|38/100
|-status|p2a: Zapdos|frz
|
|upkeep
|turn|5
|
|t:|1757824552
|switch|p2a: Heatran|Heatran, M, shiny|100/100
|move|p1a: Cresselia|Ice Beam|p2a: Heatran
|-resisted|p2a: Heatran
|-damage|p2a: Heatran|98/100
|
|-heal|p2a: Heatran|100/100|[from] Grassy Terrain
|-fieldend|move: Grassy Terrain
|upkeep
|turn|6
|
|t:|1757824555
|move|p1a: Cresselia|Thunder Wave|p2a: Heatran
|-status|p2a: Heatran|par
|cant|p2a: Heatran|par
|
|upkeep
|turn|7
|
|t:|1757824563
|move|p1a: Cresselia|Lunar Dance|p1a: Cresselia
|faint|p1a: Cresselia
|move|p2a: Heatran|Magma Storm|p1: Cresselia|[notarget]
|-fail|p2a: Heatran
|
|upkeep
|
|t:|1757824566
|switch|p1a: Gallade|Gallade, M|7/100
|-heal|p1a: Gallade|100/100|[from] move: Lunar Dance
|turn|8
|
|t:|1757824569
|switch|p2a: Zapdos|Zapdos, shiny|38/100 frz
|move|p1a: Gallade|Sacred Sword|p2a: Zapdos
|-resisted|p2a: Zapdos
|-damage|p2a: Zapdos|5/100 frz
|
|upkeep
|turn|9
|
|t:|1757824571
|-curestatus|p2a: Zapdos|frz|[msg]
|move|p2a: Zapdos|Discharge|p1a: Gallade
|-damage|p1a: Gallade|64/100
|-status|p1a: Gallade|par
|move|p1a: Gallade|Sacred Sword|p2a: Zapdos
|-resisted|p2a: Zapdos
|-damage|p2a: Zapdos|0 fnt
|faint|p2a: Zapdos
|
|upkeep
|
|t:|1757824574
|switch|p2a: Ogerpon|Ogerpon-Wellspring, F|100/100
|turn|10
|
|t:|1757824580
|move|p2a: Ogerpon|Ivy Cudgel|p1a: Gallade|[anim] Ivy Cudgel Water
|-damage|p1a: Gallade|0 fnt
|faint|p1a: Gallade
|
|upkeep
|
|t:|1757824586
|switch|p1a: Indeedee|Indeedee, M|100/100
|-fieldstart|move: Psychic Terrain|[from] ability: Psychic Surge|[of] p1a: Indeedee
|turn|11
|
|t:|1757824589
|move|p2a: Ogerpon|Ivy Cudgel|p1a: Indeedee|[anim] Ivy Cudgel Water
|-damage|p1a: Indeedee|0 fnt
|faint|p1a: Indeedee
|
|upkeep
|
|t:|1757824591
|switch|p1a: Armarouge|Armarouge, F|100/100
|turn|12
|
|t:|1757824596
|move|p1a: Armarouge|Endure|p1a: Armarouge
|-singleturn|p1a: Armarouge|move: Endure
|move|p2a: Ogerpon|Swords Dance|p2a: Ogerpon
|-boost|p2a: Ogerpon|atk|2
|
|upkeep
|turn|13
|
|t:|1757824599
|move|p1a: Armarouge|Endure||[still]
|-fail|p1a: Armarouge
|move|p2a: Ogerpon|Ivy Cudgel|p1a: Armarouge|[anim] Ivy Cudgel Water
|-supereffective|p1a: Armarouge
|-damage|p1a: Armarouge|0 fnt
|faint|p1a: Armarouge
|
|upkeep
|
|t:|1757824602
|switch|p1a: Iron Boulder|Iron Boulder|100/100
|-enditem|p1a: Iron Boulder|Booster Energy
|-activate|p1a: Iron Boulder|ability: Quark Drive|[fromitem]
|-start|p1a: Iron Boulder|quarkdrivespe
|turn|14
|
|t:|1757824604
|move|p1a: Iron Boulder|Psycho Cut|p2a: Ogerpon
|-damage|p2a: Ogerpon|52/100
|move|p2a: Ogerpon|Ivy Cudgel|p1a: Iron Boulder|[anim] Ivy Cudgel Water
|-supereffective|p1a: Iron Boulder
|-damage|p1a: Iron Boulder|0 fnt
|faint|p1a: Iron Boulder
|-end|p1a: Iron Boulder|Quark Drive|[silent]
|
|upkeep
|
|t:|1757824606
|switch|p1a: Espeon|Espeon, M|100/100
|turn|15
|
|t:|1757824607
|move|p2a: Ogerpon|Horn Leech|p1a: Espeon
|-damage|p1a: Espeon|7/100
|-heal|p2a: Ogerpon|100/100|[from] drain|[of] p1a: Espeon
|move|p1a: Espeon|Expanding Force|p2a: Ogerpon
|-damage|p2a: Ogerpon|17/100
|
|upkeep
|turn|16
|
|t:|1757824611
|move|p2a: Ogerpon|Horn Leech|p1a: Espeon
|-damage|p1a: Espeon|0 fnt
|-heal|p2a: Ogerpon|21/100|[from] drain|[of] p1a: Espeon
|faint|p1a: Espeon
|
|win|gamebattle$
|raw|Hunter_of_Keys's rating: 1552 &rarr; <strong>1536</strong><br />(-16 for losing)
|raw|gamebattle$'s rating: 1615 &rarr; <strong>1631</strong><br />(+16 for winning)
|l|☆Hunter_of_Keys
|player|p1|
|l|☆gamebattle$
|player|p2|
