|j|☆godlycarrot
|j|☆Kharrnage
|t:|1757911856
|gametype|singles
|player|p1|godlycarrot|unknown|1199
|player|p2|Kharrnage|dancer|1157
|gen|9
|tier|[Gen 9] OU
|rated|
|rule|HP Percentage Mod: HP is shown in percentages
|rule|Endless Battle Clause: Forcing endless battles is banned
|rule|Species Clause: Limit one of each Pokémon
|rule|OHKO Clause: OHKO moves are banned
|rule|Evasion Items Clause: Evasion items are banned
|rule|Evasion Moves Clause: Evasion moves are banned
|rule|Evasion Abilities Clause: Evasion abilities are banned
|rule|Sleep Moves Clause: Sleep-inducing moves are banned
|clearpoke
|poke|p1|Torkoal, F|
|poke|p1|Hatterene, F|
|poke|p1|Raging Bolt|
|poke|p1|Slither Wing|
|poke|p1|Venusaur, M|
|poke|p1|Walking Wake|
|poke|p2|Arcanine, M|
|poke|p2|Salamence, M|
|poke|p2|Milotic, F|
|poke|p2|Braviary-Hisui, M|
|poke|p2|Lucario, M|
|poke|p2|Garchomp, M|
|teampreview
|
|t:|1757911875
|teamsize|p1|6
|teamsize|p2|6
|start
|switch|p1a: Torkoal|Torkoal, F|100/100
|switch|p2a: Garchomp|Garchomp, M|100/100
|-weather|SunnyDay|[from] ability: Drought|[of] p1a: Torkoal
|turn|1
|
|t:|1757911894
|switch|p1a: Hatterene|Hatterene, F|100/100
|-item|p1a: Hatterene|Air Balloon
|move|p2a: Garchomp|Swords Dance|p2a: Garchomp
|-boost|p2a: Garchomp|atk|2
|
|-weather|SunnyDay|[upkeep]
|upkeep
|turn|2
|
|t:|1757911913
|switch|p2a: Milotic|Milotic, F, shiny|100/100
|move|p1a: Hatterene|Dazzling Gleam|p2a: Milotic
|-damage|p2a: Milotic|78/100
|
|-weather|SunnyDay|[upkeep]
|-heal|p2a: Milotic|84/100|[from] item: Leftovers
|upkeep
|turn|3
|
|t:|1757911920
|move|p2a: Milotic|Flip Turn|p1a: Hatterene
|-damage|p1a: Hatterene|96/100
|-enditem|p1a: Hatterene|Air Balloon
|
|t:|1757911927
|switch|p2a: Arcanine|Arcanine, M, shiny|100/100|[from] Flip Turn
|-ability|p2a: Arcanine|Intimidate|boost
|-unboost|p1a: Hatterene|atk|1
|move|p1a: Hatterene|Psychic Noise|p2a: Arcanine
|-damage|p2a: Arcanine|62/100
|-start|p2a: Arcanine|move: Heal Block
|
|-weather|SunnyDay|[upkeep]
|upkeep
|turn|4
|inactive|Battle timer is ON: inactive players will automatically lose when time's up. (requested by godlycarrot)
|
|t:|1757911951
|switch|p2a: Milotic|Milotic, F, shiny|84/100
|switch|p1a: Walking Wake|Walking Wake|100/100
|-activate|p1a: Walking Wake|ability: Protosynthesis
|-start|p1a: Walking Wake|protosynthesisspe
|
|-weather|SunnyDay|[upkeep]
|-heal|p2a: Milotic|90/100|[from] item: Leftovers
|upkeep
|turn|5
|
|t:|1757911960
|move|p1a: Walking Wake|Flip Turn|p2a: Milotic
|-resisted|p2a: Milotic
|-damage|p2a: Milotic|87/100
|
|t:|1757911972
|-end|p1a: Walking Wake|Protosynthesis|[silent]
|switch|p1a: Venusaur|Venusaur, M|100/100|[from] Flip Turn
|move|p2a: Milotic|Ice Beam|p1a: Venusaur
|-supereffective|p1a: Venusaur
|-damage|p1a: Venusaur|49/100
|
|-weather|SunnyDay|[upkeep]
|-heal|p2a: Milotic|93/100|[from] item: Leftovers
|upkeep
|turn|6
|
|t:|1757911982
|switch|p2a: Arcanine|Arcanine, M, shiny|62/100
|-ability|p2a: Arcanine|Intimidate|boost
|-unboost|p1a: Venusaur|atk|1
|move|p1a: Venusaur|Giga Drain|p2a: Arcanine
|-resisted|p2a: Arcanine
|-damage|p2a: Arcanine|34/100
|-heal|p1a: Venusaur|65/100|[from] drain|[of] p2a: Arcanine
|-damage|p1a: Venusaur|55/100|[from] item: Life Orb
|
|-weather|SunnyDay|[upkeep]
|upkeep
|turn|7
|
|t:|1757911992
|move|p1a: Venusaur|Earthquake|p2a: Arcanine
|-supereffective|p2a: Arcanine
|-damage|p2a: Arcanine|4/100
|-damage|p1a: Venusaur|45/100|[from] item: Life Orb
|move|p2a: Arcanine|Morning Sun|p2a: Arcanine
|-heal|p2a: Arcanine|70/100
|
|-weather|SunnyDay|[upkeep]
|upkeep
|turn|8
|
|t:|1757912002
|move|p1a: Venusaur|Growth|p1a: Venusaur
|-boost|p1a: Venusaur|atk|2
|-boost|p1a: Venusaur|spa|2
|move|p2a: Arcanine|Morning Sun|p2a: Arcanine
|-heal|p2a: Arcanine|100/100
|
|-weather|none
|upkeep
|turn|9
|
|t:|1757912011
|switch|p1a: Torkoal|Torkoal, F|100/100
|-weather|SunnyDay|[from] ability: Drought|[of] p1a: Torkoal
|switch|p2a: Braviary|Braviary-Hisui, M, shiny|100/100
|
|-weather|SunnyDay|[upkeep]
|upkeep
|turn|10
|
|t:|1757912020
|move|p2a: Braviary|Psychic|p1a: Torkoal
|-damage|p1a: Torkoal|0 fnt
|faint|p1a: Torkoal
|
|-weather|SunnyDay|[upkeep]
|upkeep
|
|t:|1757912024
|switch|p1a: Raging Bolt|Raging Bolt|100/100
|-activate|p1a: Raging Bolt|ability: Protosynthesis
|-start|p1a: Raging Bolt|protosynthesisspa
|turn|11
|
|t:|1757912033
|switch|p2a: Garchomp|Garchomp, M|100/100
|move|p1a: Raging Bolt|Weather Ball|p2a: Garchomp
|-resisted|p2a: Garchomp
|-damage|p2a: Garchomp|56/100
|-damage|p1a: Raging Bolt|91/100|[from] item: Life Orb
|
|-weather|SunnyDay|[upkeep]
|upkeep
|turn|12
|-message|godlycarrot forfeited.
|
|win|Kharrnage
|raw|godlycarrot's rating: 1199 &rarr; <strong>1171</strong><br />(-28 for losing)
|raw|Kharrnage's rating: 1157 &rarr; <strong>1185</strong><br />(+28 for winning)
|l|☆godlycarrot
|player|p1|
|l|☆Kharrnage
|player|p2|
