|j|☆ctfcraft
|j|☆Noodlemaster
|t:|1757786188
|gametype|singles
|player|p1|ctfcraft|170|1097
|player|p2|Noodlemaster|plasmagrunt|1124
|gen|9
|tier|[Gen 9] OU
|rated|
|rule|HP Percentage Mod: HP is shown in percentages
|rule|Endless Battle Clause: Forcing endless battles is banned
|rule|Species Clause: Limit one of each Pokémon
|rule|OHKO Clause: OHKO moves are banned
|rule|Evasion Items Clause: Evasion items are banned
|rule|Evasion Moves Clause: Evasion moves are banned
|rule|Evasion Abilities Clause: Evasion abilities are banned
|rule|Sleep Moves Clause: Sleep-inducing moves are banned
|clearpoke
|poke|p1|Meowscarada, F|
|poke|p1|Dragonite, M|
|poke|p1|Iron Moth|
|poke|p1|Mandibuzz, F|
|poke|p1|Slowbro, M|
|poke|p1|Clodsire, M|
|poke|p2|Glimmora, F|
|poke|p2|Garganacl, F|
|poke|p2|Coalossal, M|
|poke|p2|Tyranitar, M|
|poke|p2|Lycanroc, F|
|poke|p2|Minior|
|teampreview
|
|t:|1757786191
|teamsize|p1|6
|teamsize|p2|6
|start
|switch|p1a: Meowscarada|Meowscarada, F|100/100
|switch|p2a: Glimmora|Glimmora, F, shiny|100/100
|turn|1
|
|t:|1757786208
|move|p1a: Meowscarada|U-turn|p2a: Glimmora
|-resisted|p2a: Glimmora
|-damage|p2a: Glimmora|90/100
|-activate|p2a: Glimmora|ability: Toxic Debris
|-sidestart|p1: ctfcraft|move: Toxic Spikes
|
|t:|1757786212
|switch|p1a: Clodsire|Clodsire, M|100/100|[from] U-turn
|-sideend|p1: ctfcraft|move: Toxic Spikes|[of] p1a: Clodsire
|move|p2a: Glimmora|Reflect|p2a: Glimmora
|-sidestart|p2: Noodlemaster|Reflect
|
|upkeep
|turn|2
|
|t:|1757786223
|switch|p2a: Garganacl|Garganacl, F, shiny|100/100
|move|p1a: Clodsire|Stealth Rock|p2a: Garganacl
|-sidestart|p2: Noodlemaster|move: Stealth Rock
|
|upkeep
|turn|3
|
|t:|1757786229
|move|p2a: Garganacl|Salt Cure|p1a: Clodsire
|-resisted|p1a: Clodsire
|-damage|p1a: Clodsire|91/100
|-start|p1a: Clodsire|Salt Cure
|move|p1a: Clodsire|Toxic|p2a: Garganacl
|-immune|p2a: Garganacl|[from] ability: Purifying Salt
|
|-heal|p1a: Clodsire|97/100|[from] item: Leftovers
|-damage|p1a: Clodsire|84/100|[from] Salt Cure
|upkeep
|turn|4
|
|t:|1757786238
|move|p2a: Garganacl|Earthquake|p1a: Clodsire
|-supereffective|p1a: Clodsire
|-damage|p1a: Clodsire|11/100
|move|p1a: Clodsire|Recover|p1a: Clodsire
|-heal|p1a: Clodsire|61/100
|
|-heal|p1a: Clodsire|67/100|[from] item: Leftovers
|-damage|p1a: Clodsire|54/100|[from] Salt Cure
|upkeep
|turn|5
|
|t:|1757786249
|switch|p1a: Slowbro|Slowbro, M|100/100
|move|p2a: Garganacl|Earthquake|p1a: Slowbro
|-damage|p1a: Slowbro|82/100
|
|-heal|p1a: Slowbro|88/100|[from] item: Leftovers
|upkeep
|turn|6
|inactive|Battle timer is ON: inactive players will automatically lose when time's up. (requested by ctfcraft)
|
|t:|1757786314
|move|p2a: Garganacl|Salt Cure|p1a: Slowbro
|-damage|p1a: Slowbro|78/100
|-start|p1a: Slowbro|Salt Cure
|move|p1a: Slowbro|Future Sight|p2a: Garganacl
|-start|p1a: Slowbro|move: Future Sight
|
|-heal|p1a: Slowbro|84/100|[from] item: Leftovers
|-damage|p1a: Slowbro|59/100|[from] Salt Cure
|upkeep
|turn|7
|
|t:|1757786329
|switch|p2a: Tyranitar|Tyranitar, M, shiny|100/100
|-damage|p2a: Tyranitar|88/100|[from] Stealth Rock
|-weather|Sandstorm|[from] ability: Sand Stream|[of] p2a: Tyranitar
|move|p1a: Slowbro|Scald|p2a: Tyranitar
|-supereffective|p2a: Tyranitar
|-damage|p2a: Tyranitar|54/100
|
|-weather|Sandstorm|[upkeep]
|-damage|p1a: Slowbro|53/100|[from] Sandstorm
|-heal|p1a: Slowbro|59/100|[from] item: Leftovers
|-damage|p1a: Slowbro|34/100|[from] Salt Cure
|upkeep
|turn|8
|
|t:|1757786350
|switch|p1a: Meowscarada|Meowscarada, F|100/100
|move|p2a: Tyranitar|Stealth Rock|p1a: Meowscarada
|-sidestart|p1: ctfcraft|move: Stealth Rock
|
|-weather|Sandstorm|[upkeep]
|-damage|p1a: Meowscarada|94/100|[from] Sandstorm
|-end|p2a: Tyranitar|move: Future Sight
|-immune|p2a: Tyranitar
|-sideend|p2: Noodlemaster|Reflect
|upkeep
|turn|9
|
|t:|1757786375
|switch|p2a: Minior|Minior, shiny|100/100
|-damage|p2a: Minior|76/100|[from] Stealth Rock
|-formechange|p2a: Minior|Minior-Meteor||[from] ability: Shields Down
|move|p1a: Meowscarada|Flower Trick|p2a: Minior
|-crit|p2a: Minior
|-damage|p2a: Minior|3/100
|
|-weather|Sandstorm|[upkeep]
|-damage|p1a: Meowscarada|88/100|[from] Sandstorm
|-formechange|p2a: Minior|Minior||[from] ability: Shields Down
|upkeep
|turn|10
|
|t:|1757786389
|move|p1a: Meowscarada|U-turn|p2a: Minior
|-resisted|p2a: Minior
|-damage|p2a: Minior|0 fnt
|faint|p2a: Minior
|
|t:|1757786393
|switch|p1a: Dragonite|Dragonite, M|100/100|[from] U-turn
|
|-weather|Sandstorm|[upkeep]
|-damage|p1a: Dragonite|94/100|[from] Sandstorm
|upkeep
|
|t:|1757786398
|switch|p2a: Glimmora|Glimmora, F, shiny|90/100
|-damage|p2a: Glimmora|78/100|[from] Stealth Rock
|turn|11
|
|t:|1757786403
|move|p2a: Glimmora|Reflect|p2a: Glimmora
|-sidestart|p2: Noodlemaster|Reflect
|move|p1a: Dragonite|Earthquake|p2a: Glimmora
|-supereffective|p2a: Glimmora
|-damage|p2a: Glimmora|0 fnt
|-activate|p2a: Glimmora|ability: Toxic Debris
|-sidestart|p1: ctfcraft|move: Toxic Spikes
|faint|p2a: Glimmora
|
|-weather|Sandstorm|[upkeep]
|-damage|p1a: Dragonite|88/100|[from] Sandstorm
|upkeep
|inactive|Noodlemaster has 120 seconds left.
|
|t:|1757786459
|switch|p2a: Coalossal|Coalossal, M, shiny|100/100
|-damage|p2a: Coalossal|75/100|[from] Stealth Rock
|turn|12
|
|t:|1757786465
|move|p1a: Dragonite|Dragon Dance|p1a: Dragonite
|-boost|p1a: Dragonite|atk|1
|-boost|p1a: Dragonite|spe|1
|move|p2a: Coalossal|Meteor Beam||[still]
|-prepare|p2a: Coalossal|Meteor Beam
|-boost|p2a: Coalossal|spa|1
|-enditem|p2a: Coalossal|Power Herb
|-anim|p2a: Coalossal|Meteor Beam|p1a: Dragonite
|-supereffective|p1a: Dragonite
|-damage|p1a: Dragonite|0 fnt
|faint|p1a: Dragonite
|
|-weather|Sandstorm|[upkeep]
|upkeep
|
|t:|1757786477
|switch|p1a: Slowbro|Slowbro, M|67/100
|-damage|p1a: Slowbro|55/100|[from] Stealth Rock
|-status|p1a: Slowbro|psn
|turn|13
|inactive|Noodlemaster has 120 seconds left.
|
|t:|1757786502
|-terastallize|p2a: Coalossal|Water
|move|p2a: Coalossal|Meteor Beam||[still]
|-prepare|p2a: Coalossal|Meteor Beam
|-boost|p2a: Coalossal|spa|1
|move|p1a: Slowbro|Slack Off|p1a: Slowbro
|-heal|p1a: Slowbro|100/100 psn
|
|-weather|Sandstorm|[upkeep]
|-damage|p2a: Coalossal|69/100|[from] Sandstorm
|-damage|p1a: Slowbro|94/100 psn|[from] Sandstorm
|-heal|p1a: Slowbro|100/100 psn|[from] item: Leftovers
|-damage|p1a: Slowbro|88/100 psn|[from] psn
|upkeep
|turn|14
|
|t:|1757786513
|move|p2a: Coalossal|Meteor Beam|p1a: Slowbro|[from] lockedmove
|-damage|p1a: Slowbro|0 fnt
|faint|p1a: Slowbro
|
|-weather|none
|upkeep
|
|t:|1757786529
|switch|p1a: Meowscarada|Meowscarada, F|88/100
|-damage|p1a: Meowscarada|76/100|[from] Stealth Rock
|-status|p1a: Meowscarada|psn
|turn|15
|
|t:|1757786534
|move|p1a: Meowscarada|Knock Off|p2a: Coalossal
|-damage|p2a: Coalossal|58/100
|move|p2a: Coalossal|Fire Blast|p1a: Meowscarada
|-supereffective|p1a: Meowscarada
|-damage|p1a: Meowscarada|0 fnt
|faint|p1a: Meowscarada
|
|upkeep
|
|t:|1757786543
|switch|p1a: Iron Moth|Iron Moth|100/100
|-sideend|p1: ctfcraft|move: Toxic Spikes|[of] p1a: Iron Moth
|turn|16
|inactive|Noodlemaster has 120 seconds left.
|
|t:|1757786551
|move|p1a: Iron Moth|Discharge|p2a: Coalossal
|-supereffective|p2a: Coalossal
|-damage|p2a: Coalossal|3/100
|move|p2a: Coalossal|Earth Power|p1a: Iron Moth
|-supereffective|p1a: Iron Moth
|-damage|p1a: Iron Moth|0 fnt
|faint|p1a: Iron Moth
|-end|p1a: Iron Moth|Quark Drive|[silent]
|
|upkeep
|
|t:|1757786555
|switch|p1a: Mandibuzz|Mandibuzz, F|100/100
|turn|17
|inactive|Noodlemaster has 120 seconds left.
|
|t:|1757786581
|move|p1a: Mandibuzz|U-turn|p2a: Coalossal
|-damage|p2a: Coalossal|0 fnt
|faint|p2a: Coalossal
|
|t:|1757786588
|switch|p1a: Clodsire|Clodsire, M|54/100|[from] U-turn
|-damage|p1a: Clodsire|48/100|[from] Stealth Rock
|
|-heal|p1a: Clodsire|54/100|[from] item: Leftovers
|upkeep
|
|t:|1757786593
|switch|p2a: Tyranitar|Tyranitar, M, shiny|54/100
|-damage|p2a: Tyranitar|42/100|[from] Stealth Rock
|-weather|Sandstorm|[from] ability: Sand Stream|[of] p2a: Tyranitar
|turn|18
|n|!ctfcraft|ctfcraft
|-message|ctfcraft forfeited.
|
|win|Noodlemaster
