|j|☆suifenli
|j|☆arealfemcel
|t:|1757812603
|gametype|singles
|player|p1|suifenli|n|1491
|player|p2|arealfemcel|elesa|1478
|gen|9
|tier|[Gen 9] OU
|rated|
|rule|HP Percentage Mod: HP is shown in percentages
|rule|Endless Battle Clause: Forcing endless battles is banned
|rule|Species Clause: Limit one of each Pokémon
|rule|OHKO Clause: OHKO moves are banned
|rule|Evasion Items Clause: Evasion items are banned
|rule|Evasion Moves Clause: Evasion moves are banned
|rule|Evasion Abilities Clause: Evasion abilities are banned
|rule|Sleep Moves Clause: Sleep-inducing moves are banned
|clearpoke
|poke|p1|Zamazenta-*|
|poke|p1|Sableye, M|
|poke|p1|Bellossom, M|
|poke|p1|Enamorus, F|
|poke|p1|Garganacl, M|
|poke|p1|Manaphy|
|poke|p2|Great Tusk|
|poke|p2|Ceruledge, M|
|poke|p2|Kyurem|
|poke|p2|Deoxys-Speed|
|poke|p2|Primarina, M|
|poke|p2|Raging Bolt|
|teampreview
|inactive|Battle timer is ON: inactive players will automatically lose when time's up. (requested by suifenli)
|
|t:|1757812618
|teamsize|p1|6
|teamsize|p2|6
|start
|switch|p1a: Manaphy|Manaphy|100/100
|switch|p2a: Deoxys|Deoxys-Speed|100/100
|-ability|p2a: Deoxys|Pressure
|turn|1
|
|t:|1757812639
|move|p2a: Deoxys|Taunt|p1a: Manaphy
|-start|p1a: Manaphy|move: Taunt
|cant|p1a: Manaphy|move: Taunt|Take Heart
|
|upkeep
|turn|2
|
|t:|1757812650
|move|p2a: Deoxys|Knock Off|p1a: Manaphy
|-damage|p1a: Manaphy|86/100
|-enditem|p1a: Manaphy|Leftovers|[from] move: Knock Off|[of] p2a: Deoxys
|move|p1a: Manaphy|Scald|p2a: Deoxys
|-damage|p2a: Deoxys|62/100
|
|upkeep
|turn|3
|
|t:|1757812654
|move|p2a: Deoxys|Stealth Rock|p1a: Manaphy
|-sidestart|p1: suifenli|move: Stealth Rock
|move|p1a: Manaphy|Scald|p2a: Deoxys
|-damage|p2a: Deoxys|21/100
|
|-end|p1a: Manaphy|move: Taunt
|upkeep
|turn|4
|
|t:|1757812657
|move|p2a: Deoxys|Taunt|p1a: Manaphy
|-start|p1a: Manaphy|move: Taunt
|move|p1a: Manaphy|Scald|p2a: Deoxys
|-damage|p2a: Deoxys|0 fnt
|faint|p2a: Deoxys
|
|upkeep
|
|t:|1757812661
|switch|p2a: Primarina|Primarina, M|100/100
|turn|5
|
|t:|1757812666
|move|p1a: Manaphy|Scald|p2a: Primarina
|-resisted|p2a: Primarina
|-damage|p2a: Primarina|87/100
|move|p2a: Primarina|Substitute|p2a: Primarina
|-start|p2a: Primarina|Substitute
|-damage|p2a: Primarina|62/100
|
|-heal|p2a: Primarina|68/100|[from] item: Leftovers
|upkeep
|turn|6
|
|t:|1757812670
|move|p1a: Manaphy|Scald|p2a: Primarina
|-resisted|p2a: Primarina
|-activate|p2a: Primarina|move: Substitute|[damage]
|move|p2a: Primarina|Calm Mind|p2a: Primarina
|-boost|p2a: Primarina|spa|1
|-boost|p2a: Primarina|spd|1
|
|-heal|p2a: Primarina|74/100|[from] item: Leftovers
|-end|p1a: Manaphy|move: Taunt
|upkeep
|turn|7
|
|t:|1757812676
|switch|p1a: Sableye|Sableye, M|100/100
|-damage|p1a: Sableye|88/100|[from] Stealth Rock
|move|p2a: Primarina|Moonblast|p1a: Sableye
|-supereffective|p1a: Sableye
|-damage|p1a: Sableye|0 fnt
|faint|p1a: Sableye
|
|-heal|p2a: Primarina|81/100|[from] item: Leftovers
|upkeep
|
|t:|1757812684
|switch|p1a: Bellossom|Bellossom, M|100/100
|-damage|p1a: Bellossom|88/100|[from] Stealth Rock
|turn|8
|
|t:|1757812685
|move|p2a: Primarina|Moonblast|p1a: Bellossom
|-damage|p1a: Bellossom|6/100
|move|p1a: Bellossom|Quiver Dance|p1a: Bellossom
|-boost|p1a: Bellossom|spa|1
|-boost|p1a: Bellossom|spd|1
|-boost|p1a: Bellossom|spe|1
|
|-heal|p2a: Primarina|87/100|[from] item: Leftovers
|upkeep
|turn|9
|
|t:|1757812690
|move|p1a: Bellossom|Giga Drain|p2a: Primarina
|-supereffective|p2a: Primarina
|-end|p2a: Primarina|Substitute
|-heal|p1a: Bellossom|12/100|[from] drain|[of] p2a: Primarina
|move|p2a: Primarina|Moonblast|p1a: Bellossom
|-damage|p1a: Bellossom|0 fnt
|faint|p1a: Bellossom
|
|-heal|p2a: Primarina|93/100|[from] item: Leftovers
|upkeep
|
|t:|1757812699
|switch|p1a: Enamorus|Enamorus, F|100/100
|-damage|p1a: Enamorus|76/100|[from] Stealth Rock
|turn|10
|
|t:|1757812703
|move|p1a: Enamorus|Moonblast|p2a: Primarina
|-damage|p2a: Primarina|61/100
|-unboost|p2a: Primarina|spa|1
|move|p2a: Primarina|Substitute|p2a: Primarina
|-start|p2a: Primarina|Substitute
|-damage|p2a: Primarina|36/100
|
|-heal|p2a: Primarina|42/100|[from] item: Leftovers
|upkeep
|turn|11
|
|t:|1757812707
|move|p1a: Enamorus|Moonblast|p2a: Primarina
|-end|p2a: Primarina|Substitute
|move|p2a: Primarina|Surf|p1a: Enamorus
|-damage|p1a: Enamorus|10/100
|
|-heal|p2a: Primarina|48/100|[from] item: Leftovers
|upkeep
|turn|12
|
|t:|1757812710
|move|p1a: Enamorus|Moonblast|p2a: Primarina
|-damage|p2a: Primarina|3/100
|-unboost|p2a: Primarina|spa|1
|move|p2a: Primarina|Surf|p1a: Enamorus
|-damage|p1a: Enamorus|0 fnt
|faint|p1a: Enamorus
|
|-heal|p2a: Primarina|9/100|[from] item: Leftovers
|upkeep
|
|t:|1757812716
|switch|p1a: Manaphy|Manaphy|86/100
|-damage|p1a: Manaphy|73/100|[from] Stealth Rock
|turn|13
|
|t:|1757812720
|move|p1a: Manaphy|Take Heart|p1a: Manaphy
|-boost|p1a: Manaphy|spa|1
|-boost|p1a: Manaphy|spd|1
|move|p2a: Primarina|Moonblast|p1a: Manaphy
|-damage|p1a: Manaphy|54/100
|
|-heal|p2a: Primarina|15/100|[from] item: Leftovers
|upkeep
|turn|14
|
|t:|1757812724
|move|p1a: Manaphy|Take Heart|p1a: Manaphy
|-boost|p1a: Manaphy|spa|1
|-boost|p1a: Manaphy|spd|1
|move|p2a: Primarina|Moonblast|p1a: Manaphy
|-damage|p1a: Manaphy|40/100
|-unboost|p1a: Manaphy|spa|1
|
|-heal|p2a: Primarina|21/100|[from] item: Leftovers
|upkeep
|turn|15
|
|t:|1757812727
|move|p1a: Manaphy|Take Heart|p1a: Manaphy
|-boost|p1a: Manaphy|spa|1
|-boost|p1a: Manaphy|spd|1
|move|p2a: Primarina|Moonblast|p1a: Manaphy
|-damage|p1a: Manaphy|29/100
|-unboost|p1a: Manaphy|spa|1
|
|-heal|p2a: Primarina|28/100|[from] item: Leftovers
|upkeep
|turn|16
|
|t:|1757812729
|move|p1a: Manaphy|Acid Armor|p1a: Manaphy
|-boost|p1a: Manaphy|def|2
|move|p2a: Primarina|Moonblast|p1a: Manaphy
|-damage|p1a: Manaphy|18/100
|
|-heal|p2a: Primarina|34/100|[from] item: Leftovers
|upkeep
|turn|17
|
|t:|1757812734
|move|p1a: Manaphy|Scald|p2a: Primarina
|-resisted|p2a: Primarina
|-damage|p2a: Primarina|22/100
|-status|p2a: Primarina|brn
|move|p2a: Primarina|Calm Mind|p2a: Primarina
|-boost|p2a: Primarina|spa|1
|-boost|p2a: Primarina|spd|1
|
|-heal|p2a: Primarina|28/100 brn|[from] item: Leftovers
|-damage|p2a: Primarina|22/100 brn|[from] brn
|upkeep
|turn|18
|
|t:|1757812738
|move|p1a: Manaphy|Stored Power|p2a: Primarina
|-damage|p2a: Primarina|0 fnt
|faint|p2a: Primarina
|
|upkeep
|
|t:|1757812745
|switch|p2a: Great Tusk|Great Tusk|100/100
|-enditem|p2a: Great Tusk|Booster Energy
|-activate|p2a: Great Tusk|ability: Protosynthesis|[fromitem]
|-start|p2a: Great Tusk|protosynthesisspe
|turn|19
|
|t:|1757812750
|move|p2a: Great Tusk|Headlong Rush|p1a: Manaphy
|-damage|p1a: Manaphy|0 fnt
|-unboost|p2a: Great Tusk|def|1
|-unboost|p2a: Great Tusk|spd|1
|faint|p1a: Manaphy
|
|upkeep
|
|t:|1757812755
|switch|p1a: Zamazenta|Zamazenta|100/100
|-damage|p1a: Zamazenta|94/100|[from] Stealth Rock
|-ability|p1a: Zamazenta|Dauntless Shield|boost
|-boost|p1a: Zamazenta|def|1
|turn|20
|
|t:|1757812758
|move|p2a: Great Tusk|Bulk Up|p2a: Great Tusk
|-boost|p2a: Great Tusk|atk|1
|-boost|p2a: Great Tusk|def|1
|move|p1a: Zamazenta|Iron Defense|p1a: Zamazenta
|-boost|p1a: Zamazenta|def|2
|
|-heal|p1a: Zamazenta|100/100|[from] item: Leftovers
|upkeep
|turn|21
|
|t:|1757812763
|move|p2a: Great Tusk|Bulk Up|p2a: Great Tusk
|-boost|p2a: Great Tusk|atk|1
|-boost|p2a: Great Tusk|def|1
|move|p1a: Zamazenta|Substitute|p1a: Zamazenta
|-start|p1a: Zamazenta|Substitute
|-damage|p1a: Zamazenta|76/100
|
|-heal|p1a: Zamazenta|82/100|[from] item: Leftovers
|upkeep
|turn|22
|
|t:|1757812765
|move|p2a: Great Tusk|Bulk Up|p2a: Great Tusk
|-boost|p2a: Great Tusk|atk|1
|-boost|p2a: Great Tusk|def|1
|move|p1a: Zamazenta|Iron Defense|p1a: Zamazenta
|-boost|p1a: Zamazenta|def|2
|
|-heal|p1a: Zamazenta|88/100|[from] item: Leftovers
|upkeep
|turn|23
|
|t:|1757812769
|move|p2a: Great Tusk|Headlong Rush|p1a: Zamazenta
|-end|p1a: Zamazenta|Substitute
|-unboost|p2a: Great Tusk|def|1
|-unboost|p2a: Great Tusk|spd|1
|move|p1a: Zamazenta|Body Press|p2a: Great Tusk
|-damage|p2a: Great Tusk|45/100
|
|-heal|p1a: Zamazenta|94/100|[from] item: Leftovers
|upkeep
|turn|24
|
|t:|1757812775
|move|p2a: Great Tusk|Headlong Rush|p1a: Zamazenta
|-damage|p1a: Zamazenta|67/100
|-unboost|p2a: Great Tusk|def|1
|-unboost|p2a: Great Tusk|spd|1
|move|p1a: Zamazenta|Body Press|p2a: Great Tusk
|-damage|p2a: Great Tusk|0 fnt
|faint|p2a: Great Tusk
|-end|p2a: Great Tusk|Protosynthesis|[silent]
|
|-heal|p1a: Zamazenta|73/100|[from] item: Leftovers
|upkeep
|
|t:|1757812779
|switch|p2a: Raging Bolt|Raging Bolt|100/100
|-enditem|p2a: Raging Bolt|Booster Energy
|-activate|p2a: Raging Bolt|ability: Protosynthesis|[fromitem]
|-start|p2a: Raging Bolt|protosynthesisspa
|turn|25
|
|t:|1757812784
|-terastallize|p2a: Raging Bolt|Fairy
|move|p1a: Zamazenta|Snarl|p2a: Raging Bolt
|-resisted|p2a: Raging Bolt
|-damage|p2a: Raging Bolt|95/100
|-unboost|p2a: Raging Bolt|spa|1
|move|p2a: Raging Bolt|Thunderbolt|p1a: Zamazenta
|-damage|p1a: Zamazenta|42/100
|-status|p1a: Zamazenta|par
|
|-heal|p1a: Zamazenta|48/100 par|[from] item: Leftovers
|upkeep
|turn|26
|
|t:|1757812797
|move|p2a: Raging Bolt|Calm Mind|p2a: Raging Bolt
|-boost|p2a: Raging Bolt|spa|1
|-boost|p2a: Raging Bolt|spd|1
|move|p1a: Zamazenta|Body Press|p2a: Raging Bolt
|-resisted|p2a: Raging Bolt
|-damage|p2a: Raging Bolt|33/100
|
|-heal|p1a: Zamazenta|54/100 par|[from] item: Leftovers
|upkeep
|turn|27
|
|t:|1757812800
|move|p2a: Raging Bolt|Thunderbolt|p1a: Zamazenta
|-damage|p1a: Zamazenta|10/100 par
|move|p1a: Zamazenta|Body Press|p2a: Raging Bolt
|-resisted|p2a: Raging Bolt
|-damage|p2a: Raging Bolt|0 fnt
|faint|p2a: Raging Bolt
|-end|p2a: Raging Bolt|Protosynthesis|[silent]
|
|-heal|p1a: Zamazenta|16/100 par|[from] item: Leftovers
|upkeep
|
|t:|1757812809
|switch|p2a: Ceruledge|Ceruledge, M|100/100
|turn|28
|
|t:|1757812812
|move|p2a: Ceruledge|Swords Dance|p2a: Ceruledge
|-boost|p2a: Ceruledge|atk|2
|move|p1a: Zamazenta|Snarl|p2a: Ceruledge
|-supereffective|p2a: Ceruledge
|-damage|p2a: Ceruledge|76/100
|-unboost|p2a: Ceruledge|spa|1
|
|-heal|p1a: Zamazenta|22/100 par|[from] item: Leftovers
|upkeep
|turn|29
|
|t:|1757812815
|move|p2a: Ceruledge|Poltergeist|p1a: Zamazenta
|-activate|p1a: Zamazenta|move: Poltergeist|Leftovers
|-crit|p1a: Zamazenta
|-damage|p1a: Zamazenta|0 fnt
|faint|p1a: Zamazenta
|
|upkeep
|
|t:|1757812818
|switch|p1a: Garganacl|Garganacl, M|100/100
|-damage|p1a: Garganacl|88/100|[from] Stealth Rock
|turn|30
|
|t:|1757812822
|move|p2a: Ceruledge|Bitter Blade|p1a: Garganacl
|-resisted|p1a: Garganacl
|-damage|p1a: Garganacl|57/100
|-heal|p2a: Ceruledge|97/100|[from] drain|[of] p1a: Garganacl
|move|p1a: Garganacl|Iron Defense|p1a: Garganacl
|-boost|p1a: Garganacl|def|2
|
|upkeep
|turn|31
|
|t:|1757812825
|move|p2a: Ceruledge|Bitter Blade|p1a: Garganacl
|-resisted|p1a: Garganacl
|-damage|p1a: Garganacl|43/100
|-heal|p2a: Ceruledge|100/100|[from] drain|[of] p1a: Garganacl
|move|p1a: Garganacl|Iron Defense|p1a: Garganacl
|-boost|p1a: Garganacl|def|2
|
|upkeep
|turn|32
|
|t:|1757812831
|move|p2a: Ceruledge|Bitter Blade|p1a: Garganacl
|-resisted|p1a: Garganacl
|-damage|p1a: Garganacl|33/100
|move|p1a: Garganacl|Recover|p1a: Garganacl
|-heal|p1a: Garganacl|83/100
|
|upkeep
|turn|33
|
|t:|1757812848
|move|p2a: Ceruledge|Bitter Blade|p1a: Garganacl
|-resisted|p1a: Garganacl
|-damage|p1a: Garganacl|73/100
|move|p1a: Garganacl|Salt Cure|p2a: Ceruledge
|-supereffective|p2a: Ceruledge
|-damage|p2a: Ceruledge|63/100
|-start|p2a: Ceruledge|Salt Cure
|-ability|p2a: Ceruledge|Weak Armor|boost
|-unboost|p2a: Ceruledge|def|1
|-boost|p2a: Ceruledge|spe|2
|
|-damage|p2a: Ceruledge|50/100|[from] Salt Cure
|upkeep
|turn|34
|
|t:|1757812861
|move|p2a: Ceruledge|Swords Dance|p2a: Ceruledge
|-boost|p2a: Ceruledge|atk|2
|move|p1a: Garganacl|Iron Defense|p1a: Garganacl
|-boost|p1a: Garganacl|def|2
|
|-damage|p2a: Ceruledge|38/100|[from] Salt Cure
|upkeep
|turn|35
|
|t:|1757812864
|move|p2a: Ceruledge|Bitter Blade|p1a: Garganacl
|-resisted|p1a: Garganacl
|-damage|p1a: Garganacl|62/100
|-heal|p2a: Ceruledge|46/100|[from] drain|[of] p1a: Garganacl
|move|p1a: Garganacl|Recover|p1a: Garganacl
|-heal|p1a: Garganacl|100/100
|
|-damage|p2a: Ceruledge|33/100|[from] Salt Cure
|upkeep
|turn|36
|-message|arealfemcel forfeited.
|
|win|suifenli
|raw|suifenli's rating: 1491 &rarr; <strong>1510</strong><br />(+19 for winning)
|raw|arealfemcel's rating: 1478 &rarr; <strong>1459</strong><br />(-19 for losing)
|l|☆arealfemcel
|player|p2|
|l|☆suifenli
|player|p1|
