|j|☆SebiWr333
|j|☆Chuck2025
|t:|1757924129
|gametype|singles
|player|p1|SebiWr333|2|1230
|player|p2|Chuck2025|dawn|1238
|gen|9
|tier|[Gen 9] OU
|rated|
|rule|HP Percentage Mod: HP is shown in percentages
|rule|Endless Battle Clause: Forcing endless battles is banned
|rule|Species Clause: Limit one of each Pokémon
|rule|OHKO Clause: OHKO moves are banned
|rule|Evasion Items Clause: Evasion items are banned
|rule|Evasion Moves Clause: Evasion moves are banned
|rule|Evasion Abilities Clause: Evasion abilities are banned
|rule|Sleep Moves Clause: Sleep-inducing moves are banned
|clearpoke
|poke|p1|Metagross|
|poke|p1|Zapdos|
|poke|p1|Great Tusk|
|poke|p1|Dragapult, M|
|poke|p1|Araquanid, F|
|poke|p1|Iron Valiant|
|poke|p2|Dragonite, F|
|poke|p2|Swampert, M|
|poke|p2|Snorlax, F|
|poke|p2|Iron Hands|
|poke|p2|Zamazenta-*|
|poke|p2|Zapdos|
|teampreview
|inactive|Battle timer is ON: inactive players will automatically lose when time's up. (requested by Chuck2025)
|
|t:|1757924156
|teamsize|p1|6
|teamsize|p2|6
|start
|switch|p1a: Dragapult|Dragapult, M|100/100
|switch|p2a: Zapdos|Zapdos|100/100
|turn|1
|
|t:|1757924167
|move|p1a: Dragapult|Dragon Darts|p2a: Zapdos
|-damage|p2a: Zapdos|56/100
|-anim|p1a: Dragapult|Dragon Darts|p2a: Zapdos
|-crit|p2a: Zapdos
|-damage|p2a: Zapdos|0 fnt
|faint|p2a: Zapdos
|
|upkeep
|
|t:|1757924175
|switch|p2a: Dragonite|Dragonite, F|100/100
|turn|2
|
|t:|1757924186
|switch|p1a: Zapdos|Zapdos|100/100
|-terastallize|p2a: Dragonite|Fairy
|move|p2a: Dragonite|Dragon Claw|p1a: Zapdos
|-damage|p1a: Zapdos|69/100
|
|upkeep
|turn|3
|
|t:|1757924195
|switch|p2a: Swampert|Swampert, M|100/100
|move|p1a: Zapdos|Roost|p1a: Zapdos
|-heal|p1a: Zapdos|100/100
|-singleturn|p1a: Zapdos|move: Roost
|
|upkeep
|turn|4
|inactive|SebiWr333 has 120 seconds left.
|
|t:|1757924242
|move|p1a: Zapdos|U-turn|p2a: Swampert
|-damage|p2a: Swampert|88/100
|
|t:|1757924245
|switch|p1a: Araquanid|Araquanid, F|100/100|[from] U-turn
|move|p2a: Swampert|Ice Punch|p1a: Araquanid
|-resisted|p1a: Araquanid
|-damage|p1a: Araquanid|88/100
|
|-heal|p1a: Araquanid|94/100|[from] item: Leftovers
|upkeep
|turn|5
|
|t:|1757924255
|switch|p2a: Snorlax|Snorlax, F, shiny|100/100
|move|p1a: Araquanid|Sticky Web|p2a: Snorlax
|-sidestart|p2: Chuck2025|move: Sticky Web
|
|-heal|p1a: Araquanid|100/100|[from] item: Leftovers
|upkeep
|turn|6
|inactive|SebiWr333 has 120 seconds left.
|
|t:|1757924264
|switch|p1a: Great Tusk|Great Tusk|100/100
|-enditem|p1a: Great Tusk|Booster Energy
|-activate|p1a: Great Tusk|ability: Protosynthesis|[fromitem]
|-start|p1a: Great Tusk|protosynthesisatk
|move|p2a: Snorlax|Thunderbolt|p1a: Great Tusk
|-immune|p1a: Great Tusk
|
|upkeep
|turn|7
|inactive|SebiWr333 has 120 seconds left.
|c|☆SebiWr333|ok i wasnt expecting THAT
|
|t:|1757924285
|switch|p2a: Swampert|Swampert, M|88/100
|move|p1a: Great Tusk|Close Combat|p2a: Swampert
|-damage|p2a: Swampert|18/100
|-unboost|p1a: Great Tusk|def|1
|-unboost|p1a: Great Tusk|spd|1
|
|upkeep
|turn|8
|-message|Chuck2025 forfeited.
|
|win|SebiWr333
|raw|SebiWr333's rating: 1230 &rarr; <strong>1256</strong><br />(+26 for winning)
|raw|Chuck2025's rating: 1238 &rarr; <strong>1212</strong><br />(-26 for losing)
|l|☆Chuck2025
|player|p2|
|l|☆SebiWr333
|player|p1|
