|j|☆Crocodile E
|j|☆Sirpumpkinalot
|t:|1757834230
|gametype|singles
|player|p1|Crocodile E|pokemaniac|1416
|player|p2|Sirpumpkinalot|guitarist-gen4|1438
|gen|9
|tier|[Gen 9] OU
|rated|
|rule|HP Percentage Mod: HP is shown in percentages
|rule|Endless Battle Clause: Forcing endless battles is banned
|rule|Species Clause: Limit one of each Pokémon
|rule|OHKO Clause: OHKO moves are banned
|rule|Evasion Items Clause: Evasion items are banned
|rule|Evasion Moves Clause: Evasion moves are banned
|rule|Evasion Abilities Clause: Evasion abilities are banned
|rule|Sleep Moves Clause: Sleep-inducing moves are banned
|clearpoke
|poke|p1|Great Tusk|
|poke|p1|Raging Bolt|
|poke|p1|Dragapult, M|
|poke|p1|Slowking-Galar, M|
|poke|p1|Kingambit, M|
|poke|p1|Ogerpon-Wellspring, F|
|poke|p2|Alomomola, F|
|poke|p2|Dragalge, M|
|poke|p2|Lokix, M|
|poke|p2|Great Tusk|
|poke|p2|Gholdengo|
|poke|p2|Moltres|
|teampreview
|inactive|Battle timer is ON: inactive players will automatically lose when time's up. (requested by Crocodile E)
|inactive|Sirpumpkinalot has 120 seconds left.
|
|t:|1757834269
|teamsize|p1|6
|teamsize|p2|6
|start
|switch|p1a: Great Tusk|Great Tusk|100/100
|switch|p2a: Alomomola|Alomomola, F|100/100
|turn|1
|
|t:|1757834278
|-end|p1a: Great Tusk|Protosynthesis|[silent]
|switch|p1a: Slowking|Slowking-Galar, M|100/100
|move|p2a: Alomomola|Scald|p1a: Slowking
|-damage|p1a: Slowking|93/100
|
|upkeep
|turn|2
|
|t:|1757834299
|move|p2a: Alomomola|Flip Turn|p1a: Slowking
|-damage|p1a: Slowking|81/100
|
|t:|1757834309
|switch|p2a: Gholdengo|Gholdengo|100/100|[from] Flip Turn
|move|p1a: Slowking|Sludge Bomb|p2a: Gholdengo
|-immune|p2a: Gholdengo
|
|upkeep
|turn|3
|
|t:|1757834319
|move|p2a: Gholdengo|Shadow Ball|p1a: Slowking
|-supereffective|p1a: Slowking
|-damage|p1a: Slowking|33/100
|move|p1a: Slowking|Flamethrower|p2a: Gholdengo
|-supereffective|p2a: Gholdengo
|-crit|p2a: Gholdengo
|-damage|p2a: Gholdengo|27/100
|
|upkeep
|turn|4
|
|t:|1757834327
|switch|p1a: Kingambit|Kingambit, M|100/100
|move|p2a: Gholdengo|Shadow Ball|p1a: Kingambit
|-resisted|p1a: Kingambit
|-damage|p1a: Kingambit|78/100
|-unboost|p1a: Kingambit|spd|1
|
|-heal|p1a: Kingambit|84/100|[from] item: Leftovers
|upkeep
|turn|5
|c|☆Sirpumpkinalot|what an awesome crit
|c|☆Sirpumpkinalot|im having such shit luck tonight lmao
|
|t:|1757834346
|switch|p2a: Moltres|Moltres|100/100
|move|p1a: Kingambit|Kowtow Cleave|p2a: Moltres
|-damage|p2a: Moltres|50/100
|-status|p1a: Kingambit|brn|[from] ability: Flame Body|[of] p2a: Moltres
|
|-heal|p1a: Kingambit|90/100 brn|[from] item: Leftovers
|-damage|p1a: Kingambit|84/100 brn|[from] brn
|upkeep
|turn|6
|
|t:|1757834354
|-end|p1a: Kingambit|fallenundefined|[silent]
|switch|p1a: Slowking|Slowking-Galar, M|66/100
|move|p2a: Moltres|Roost|p2a: Moltres
|-heal|p2a: Moltres|100/100
|-singleturn|p2a: Moltres|move: Roost
|
|upkeep
|turn|7
|
|t:|1757834362
|move|p1a: Slowking|Sludge Bomb|p2a: Moltres
|-damage|p2a: Moltres|76/100
|move|p2a: Moltres|Roar|p1a: Slowking
|drag|p1a: Dragapult|Dragapult, M|100/100
|
|upkeep
|turn|8
|
|t:|1757834381
|switch|p2a: Alomomola|Alomomola, F|100/100
|move|p1a: Dragapult|U-turn|p2a: Alomomola
|-crit|p2a: Alomomola
|-damage|p2a: Alomomola|80/100
|
|t:|1757834387
|switch|p1a: Ogerpon|Ogerpon-Wellspring, F|100/100|[from] U-turn
|
|upkeep
|turn|9
|
|t:|1757834394
|switch|p2a: Dragalge|Dragalge, M|100/100
|move|p1a: Ogerpon|Knock Off|p2a: Dragalge
|-damage|p2a: Dragalge|57/100
|-enditem|p2a: Dragalge|Choice Specs|[from] move: Knock Off|[of] p1a: Ogerpon
|
|upkeep
|turn|10
|
|t:|1757834411
|switch|p1a: Slowking|Slowking-Galar, M|99/100
|move|p2a: Dragalge|Draco Meteor|p1a: Slowking
|-damage|p1a: Slowking|54/100
|-unboost|p2a: Dragalge|spa|2
|
|upkeep
|turn|11
|
|t:|1757834425
|switch|p2a: Alomomola|Alomomola, F|100/100
|move|p1a: Slowking|Sludge Bomb|p2a: Alomomola
|-damage|p2a: Alomomola|83/100
|-status|p2a: Alomomola|psn
|
|-damage|p2a: Alomomola|70/100 psn|[from] psn
|upkeep
|turn|12
|
|t:|1757834434
|switch|p1a: Ogerpon|Ogerpon-Wellspring, F|100/100
|move|p2a: Alomomola|Mirror Coat||[still]
|-fail|p2a: Alomomola
|
|-damage|p2a: Alomomola|58/100 psn|[from] psn
|upkeep
|turn|13
|inactive|Sirpumpkinalot has 120 seconds left.
|
|t:|1757834468
|switch|p2a: Dragalge|Dragalge, M|57/100
|move|p1a: Ogerpon|Knock Off|p2a: Dragalge
|-damage|p2a: Dragalge|27/100
|
|upkeep
|turn|14
|
|t:|1757834474
|move|p1a: Ogerpon|Knock Off|p2a: Dragalge
|-damage|p2a: Dragalge|0 fnt
|faint|p2a: Dragalge
|
|upkeep
|
|t:|1757834476
|switch|p2a: Lokix|Lokix, M|100/100
|turn|15
|
|t:|1757834482
|switch|p1a: Great Tusk|Great Tusk|100/100
|move|p2a: Lokix|First Impression|p1a: Great Tusk
|-resisted|p1a: Great Tusk
|-damage|p1a: Great Tusk|50/100
|-damage|p2a: Lokix|84/100|[from] item: Rocky Helmet|[of] p1a: Great Tusk
|
|upkeep
|turn|16
|
|t:|1757834489
|switch|p2a: Moltres|Moltres|76/100
|move|p1a: Great Tusk|Stealth Rock|p2a: Moltres
|-sidestart|p2: Sirpumpkinalot|move: Stealth Rock
|
|upkeep
|turn|17
|
|t:|1757834505
|-end|p1a: Great Tusk|Protosynthesis|[silent]
|switch|p1a: Slowking|Slowking-Galar, M|88/100
|move|p2a: Moltres|U-turn|p1a: Slowking
|-damage|p1a: Slowking|77/100
|
|t:|1757834509
|switch|p2a: Great Tusk|Great Tusk|100/100|[from] U-turn
|
|upkeep
|turn|18
|
|t:|1757834526
|switch|p1a: Dragapult|Dragapult, M|100/100
|move|p2a: Great Tusk|Headlong Rush|p1a: Dragapult
|-damage|p1a: Dragapult|7/100
|-unboost|p2a: Great Tusk|def|1
|-unboost|p2a: Great Tusk|spd|1
|
|upkeep
|turn|19
|inactive|Sirpumpkinalot has 120 seconds left.
|
|t:|1757834556
|-end|p2a: Great Tusk|Protosynthesis|[silent]
|switch|p2a: Alomomola|Alomomola, F|91/100 psn
|-damage|p2a: Alomomola|79/100 psn|[from] Stealth Rock
|move|p1a: Dragapult|Will-O-Wisp||[still]
|-fail|p1a: Dragapult
|
|-damage|p2a: Alomomola|66/100 psn|[from] psn
|upkeep
|turn|20
|inactive|Sirpumpkinalot has 120 seconds left.
|
|t:|1757834575
|switch|p2a: Lokix|Lokix, M|84/100
|-damage|p2a: Lokix|59/100|[from] Stealth Rock
|move|p1a: Dragapult|Hex|p2a: Lokix
|-resisted|p2a: Lokix
|-damage|p2a: Lokix|34/100
|
|upkeep
|turn|21
|inactive|Sirpumpkinalot has 120 seconds left.
|
|t:|1757834585
|switch|p1a: Great Tusk|Great Tusk|50/100
|move|p2a: Lokix|First Impression|p1a: Great Tusk
|-resisted|p1a: Great Tusk
|-damage|p1a: Great Tusk|6/100
|-damage|p2a: Lokix|17/100|[from] item: Rocky Helmet|[of] p1a: Great Tusk
|
|upkeep
|turn|22
|inactive|Sirpumpkinalot has 120 seconds left.
|
|t:|1757834610
|switch|p2a: Alomomola|Alomomola, F|99/100 psn
|-damage|p2a: Alomomola|87/100 psn|[from] Stealth Rock
|move|p1a: Great Tusk|Rapid Spin|p2a: Alomomola
|-damage|p2a: Alomomola|75/100 psn
|-boost|p1a: Great Tusk|spe|1
|
|-damage|p2a: Alomomola|63/100 psn|[from] psn
|upkeep
|turn|23
|
|t:|1757834621
|-end|p1a: Great Tusk|Protosynthesis|[silent]
|switch|p1a: Slowking|Slowking-Galar, M|100/100
|move|p2a: Alomomola|Body Slam|p1a: Slowking
|-damage|p1a: Slowking|89/100
|-status|p1a: Slowking|par
|
|-damage|p2a: Alomomola|51/100 psn|[from] psn
|upkeep
|turn|24
|
|t:|1757834638
|switch|p2a: Moltres|Moltres|76/100
|move|p1a: Slowking|Sludge Bomb|p2a: Moltres
|-damage|p2a: Moltres|51/100
|
|upkeep
|turn|25
|
|t:|1757834644
|switch|p1a: Ogerpon|Ogerpon-Wellspring, F|100/100
|move|p2a: Moltres|Roost|p2a: Moltres
|-heal|p2a: Moltres|100/100
|-singleturn|p2a: Moltres|move: Roost
|
|upkeep
|turn|26
|inactive|Sirpumpkinalot has 90 seconds left.
|
|t:|1757834683
|move|p1a: Ogerpon|Knock Off|p2a: Moltres
|-damage|p2a: Moltres|62/100
|-status|p1a: Ogerpon|brn|[from] ability: Flame Body|[of] p2a: Moltres
|-enditem|p2a: Moltres|Heavy-Duty Boots|[from] move: Knock Off|[of] p1a: Ogerpon
|move|p2a: Moltres|U-turn|p1a: Ogerpon
|-supereffective|p1a: Ogerpon
|-damage|p1a: Ogerpon|59/100 brn
|
|t:|1757834690
|switch|p2a: Great Tusk|Great Tusk|100/100|[from] U-turn
|
|-damage|p1a: Ogerpon|53/100 brn|[from] brn
|upkeep
|turn|27
|
|t:|1757834697
|switch|p1a: Dragapult|Dragapult, M|7/100
|move|p2a: Great Tusk|Stealth Rock|p1a: Dragapult
|-sidestart|p1: Crocodile E|move: Stealth Rock
|
|upkeep
|turn|28
|inactive|Sirpumpkinalot has 90 seconds left.
|
|t:|1757834702
|-end|p2a: Great Tusk|Protosynthesis|[silent]
|switch|p2a: Moltres|Moltres|62/100
|-damage|p2a: Moltres|13/100|[from] Stealth Rock
|move|p1a: Dragapult|Will-O-Wisp|p2a: Moltres
|-immune|p2a: Moltres
|
|upkeep
|turn|29
|
|t:|1757834710
|move|p1a: Dragapult|Hex|p2a: Moltres
|-damage|p2a: Moltres|0 fnt
|faint|p2a: Moltres
|
|upkeep
|inactive|Sirpumpkinalot has 90 seconds left.
|
|t:|1757834721
|switch|p2a: Gholdengo|Gholdengo|27/100
|-damage|p2a: Gholdengo|21/100|[from] Stealth Rock
|turn|30
|
|t:|1757834723
|move|p2a: Gholdengo|Shadow Ball|p1a: Dragapult
|-supereffective|p1a: Dragapult
|-damage|p1a: Dragapult|0 fnt
|faint|p1a: Dragapult
|
|upkeep
|
|t:|1757834727
|switch|p1a: Kingambit|Kingambit, M|84/100 brn
|-damage|p1a: Kingambit|78/100 brn|[from] Stealth Rock
|-activate|p1a: Kingambit|ability: Supreme Overlord
|-start|p1a: Kingambit|fallen1|[silent]
|turn|31
|
|t:|1757834730
|switch|p2a: Great Tusk|Great Tusk|100/100
|move|p1a: Kingambit|Kowtow Cleave|p2a: Great Tusk
|-resisted|p2a: Great Tusk
|-damage|p2a: Great Tusk|91/100
|
|-heal|p1a: Kingambit|84/100 brn|[from] item: Leftovers
|-damage|p1a: Kingambit|78/100 brn|[from] brn
|upkeep
|turn|32
|inactive|Sirpumpkinalot has 120 seconds left.
|
|t:|1757834736
|-end|p1a: Kingambit|fallen1|[silent]
|switch|p1a: Ogerpon|Ogerpon-Wellspring, F|53/100 brn
|-damage|p1a: Ogerpon|41/100 brn|[from] Stealth Rock
|move|p2a: Great Tusk|Rapid Spin|p1a: Ogerpon
|-damage|p1a: Ogerpon|16/100 brn
|-boost|p2a: Great Tusk|spe|1
|-sideend|p2: Sirpumpkinalot|Stealth Rock|[from] move: Rapid Spin|[of] p2a: Great Tusk
|
|-damage|p1a: Ogerpon|10/100 brn|[from] brn
|upkeep
|turn|33
|inactive|Sirpumpkinalot has 120 seconds left.
|
|t:|1757834760
|move|p2a: Great Tusk|Rapid Spin|p1a: Ogerpon
|-damage|p1a: Ogerpon|0 fnt
|-boost|p2a: Great Tusk|spe|1
|faint|p1a: Ogerpon
|
|upkeep
|
|t:|1757834768
|switch|p1a: Raging Bolt|Raging Bolt|100/100
|-damage|p1a: Raging Bolt|88/100|[from] Stealth Rock
|-enditem|p1a: Raging Bolt|Booster Energy
|-activate|p1a: Raging Bolt|ability: Protosynthesis|[fromitem]
|-start|p1a: Raging Bolt|protosynthesisspa
|turn|34
|inactive|Sirpumpkinalot has 120 seconds left.
|
|t:|1757834791
|-end|p2a: Great Tusk|Protosynthesis|[silent]
|switch|p2a: Lokix|Lokix, M|17/100
|-terastallize|p1a: Raging Bolt|Fairy
|move|p1a: Raging Bolt|Dragon Pulse|p2a: Lokix
|-damage|p2a: Lokix|0 fnt
|faint|p2a: Lokix
|
|upkeep
|
|t:|1757834799
|switch|p2a: Alomomola|Alomomola, F|84/100 psn
|turn|35
|
|t:|1757834802
|move|p1a: Raging Bolt|Thunderbolt|p2a: Alomomola
|-supereffective|p2a: Alomomola
|-damage|p2a: Alomomola|13/100 psn
|move|p2a: Alomomola|Mirror Coat|p1a: Raging Bolt
|-damage|p1a: Raging Bolt|0 fnt
|faint|p1a: Raging Bolt
|-end|p1a: Raging Bolt|Protosynthesis|[silent]
|
|-damage|p2a: Alomomola|0 fnt|[from] psn
|faint|p2a: Alomomola
|upkeep
|
|t:|1757834816
|switch|p1a: Slowking|Slowking-Galar, M|100/100 par
|switch|p2a: Great Tusk|Great Tusk|91/100
|-damage|p1a: Slowking|88/100 par|[from] Stealth Rock
|turn|36
|
|t:|1757834820
|move|p2a: Great Tusk|Headlong Rush|p1a: Slowking
|-supereffective|p1a: Slowking
|-damage|p1a: Slowking|0 fnt
|-unboost|p2a: Great Tusk|def|1
|-unboost|p2a: Great Tusk|spd|1
|faint|p1a: Slowking
|
|upkeep
|
|t:|1757834823
|switch|p1a: Great Tusk|Great Tusk|6/100
|-damage|p1a: Great Tusk|3/100|[from] Stealth Rock
|turn|37
|inactive|Sirpumpkinalot has 120 seconds left.
|
|t:|1757834840
|move|p1a: Great Tusk|Ice Spinner|p2a: Great Tusk
|-supereffective|p2a: Great Tusk
|-damage|p2a: Great Tusk|26/100
|move|p2a: Great Tusk|Ice Spinner|p1a: Great Tusk
|-supereffective|p1a: Great Tusk
|-damage|p1a: Great Tusk|0 fnt
|-damage|p2a: Great Tusk|9/100|[from] item: Rocky Helmet|[of] p1a: Great Tusk
|faint|p1a: Great Tusk
|-end|p1a: Great Tusk|Protosynthesis|[silent]
|
|upkeep
|
|t:|1757834845
|switch|p1a: Kingambit|Kingambit, M|78/100 brn
|-damage|p1a: Kingambit|72/100 brn|[from] Stealth Rock
|-activate|p1a: Kingambit|ability: Supreme Overlord
|-start|p1a: Kingambit|fallen5|[silent]
|turn|38
|inactive|Sirpumpkinalot has 120 seconds left.
|c|☆Sirpumpkinalot|what is the ev spread on ur tusk
|inactive|Sirpumpkinalot has 90 seconds left.
|
|t:|1757834901
|move|p1a: Kingambit|Sucker Punch||[still]
|-fail|p1a: Kingambit
|move|p2a: Great Tusk|Stealth Rock||[still]
|-fail|p2a: Great Tusk
|
|-heal|p1a: Kingambit|78/100 brn|[from] item: Leftovers
|-damage|p1a: Kingambit|72/100 brn|[from] brn
|upkeep
|turn|39
|
|t:|1757834905
|move|p1a: Kingambit|Sucker Punch||[still]
|-fail|p1a: Kingambit
|move|p2a: Great Tusk|Stealth Rock||[still]
|-fail|p2a: Great Tusk
|
|-heal|p1a: Kingambit|78/100 brn|[from] item: Leftovers
|-damage|p1a: Kingambit|72/100 brn|[from] brn
|upkeep
|turn|40
|
|t:|1757834911
|move|p1a: Kingambit|Sucker Punch||[still]
|-fail|p1a: Kingambit
|move|p2a: Great Tusk|Stealth Rock||[still]
|-fail|p2a: Great Tusk
|
|-heal|p1a: Kingambit|78/100 brn|[from] item: Leftovers
|-damage|p1a: Kingambit|72/100 brn|[from] brn
|upkeep
|turn|41
|
|t:|1757834915
|move|p1a: Kingambit|Sucker Punch|p2a: Great Tusk
|-resisted|p2a: Great Tusk
|-damage|p2a: Great Tusk|0 fnt
|faint|p2a: Great Tusk
|-end|p2a: Great Tusk|Protosynthesis|[silent]
|
|-heal|p1a: Kingambit|78/100 brn|[from] item: Leftovers
|-damage|p1a: Kingambit|72/100 brn|[from] brn
|upkeep
|
|t:|1757834918
|switch|p2a: Gholdengo|Gholdengo|21/100
|turn|42
|inactive|Sirpumpkinalot has 120 seconds left.
|
|t:|1757834949
|-terastallize|p2a: Gholdengo|Fairy
|move|p2a: Gholdengo|Dazzling Gleam|p1a: Kingambit
|-damage|p1a: Kingambit|26/100 brn
|move|p1a: Kingambit|Kowtow Cleave|p2a: Gholdengo
|-resisted|p2a: Gholdengo
|-damage|p2a: Gholdengo|0 fnt
|faint|p2a: Gholdengo
|
|win|Crocodile E
|raw|Crocodile E's rating: 1416 &rarr; <strong>1437</strong><br />(+21 for winning)
|raw|Sirpumpkinalot's rating: 1438 &rarr; <strong>1417</strong><br />(-21 for losing)
|l|☆Crocodile E
|player|p1|
|l|☆Sirpumpkinalot
|player|p2|
