|j|☆Nageez
|j|☆kattenkg
|t:|1757923742
|gametype|singles
|player|p1|Nageez|266|1077
|player|p2|kattenkg|dawn|1115
|gen|9
|tier|[Gen 9] OU
|rated|
|rule|HP Percentage Mod: HP is shown in percentages
|rule|Endless Battle Clause: Forcing endless battles is banned
|rule|Species Clause: Limit one of each Pokémon
|rule|OHKO Clause: OHKO moves are banned
|rule|Evasion Items Clause: Evasion items are banned
|rule|Evasion Moves Clause: Evasion moves are banned
|rule|Evasion Abilities Clause: Evasion abilities are banned
|rule|Sleep Moves Clause: Sleep-inducing moves are banned
|clearpoke
|poke|p1|Dragonite, F|
|poke|p1|Arcanine, M|
|poke|p1|Lapras, F|
|poke|p1|Jolteon, M|
|poke|p1|Gengar, M|
|poke|p1|Snorlax, F|
|poke|p2|Furret, F|
|poke|p2|Vivillon-Pokeball, M|
|poke|p2|Iron Moth|
|poke|p2|Dragonite, F|
|poke|p2|Gholdengo|
|poke|p2|Ursaluna, M|
|teampreview
|
|t:|1757923771
|teamsize|p1|6
|teamsize|p2|6
|start
|switch|p1a: Arcanine|Arcanine, M|100/100
|switch|p2a: Vivillon|Vivillon-Pokeball, M|100/100
|-ability|p1a: Arcanine|Intimidate|boost
|-unboost|p2a: Vivillon|atk|1
|turn|1
|
|t:|1757923783
|move|p2a: Vivillon|Quiver Dance|p2a: Vivillon
|-boost|p2a: Vivillon|spa|1
|-boost|p2a: Vivillon|spd|1
|-boost|p2a: Vivillon|spe|1
|move|p1a: Arcanine|Flare Blitz|p2a: Vivillon
|-supereffective|p2a: Vivillon
|-enditem|p2a: Vivillon|Focus Sash
|-damage|p2a: Vivillon|1/100
|-damage|p1a: Arcanine|75/100|[from] Recoil
|
|-heal|p1a: Arcanine|81/100|[from] item: Leftovers
|upkeep
|turn|2
|
|t:|1757923803
|move|p2a: Vivillon|Hurricane|p1a: Arcanine|[miss]
|-miss|p2a: Vivillon|p1a: Arcanine
|move|p1a: Arcanine|Snarl|p2a: Vivillon
|-damage|p2a: Vivillon|0 fnt
|faint|p2a: Vivillon
|
|-heal|p1a: Arcanine|87/100|[from] item: Leftovers
|upkeep
|
|t:|1757923806
|switch|p2a: Furret|Furret, F|100/100
|-item|p1a: Arcanine|Leftovers|[from] ability: Frisk|[of] p2a: Furret
|turn|3
|
|t:|1757923820
|move|p2a: Furret|Tidy Up|p2a: Furret
|-boost|p2a: Furret|atk|1
|-boost|p2a: Furret|spe|1
|move|p1a: Arcanine|Will-O-Wisp|p2a: Furret|[miss]
|-miss|p1a: Arcanine|p2a: Furret
|
|-heal|p1a: Arcanine|93/100|[from] item: Leftovers
|upkeep
|turn|4
|
|t:|1757923829
|move|p2a: Furret|Last Resort|p1a: Arcanine
|-damage|p1a: Arcanine|25/100
|move|p1a: Arcanine|Will-O-Wisp|p2a: Furret
|-status|p2a: Furret|brn
|
|-heal|p1a: Arcanine|32/100|[from] item: Leftovers
|-damage|p2a: Furret|94/100 brn|[from] brn
|upkeep
|turn|5
|
|t:|1757923855
|move|p2a: Furret|Last Resort|p1a: Arcanine
|-damage|p1a: Arcanine|0 fnt
|faint|p1a: Arcanine
|
|-damage|p2a: Furret|88/100 brn|[from] brn
|upkeep
|
|t:|1757923869
|switch|p1a: Jolteon|Jolteon, M|100/100
|turn|6
|
|t:|1757923875
|switch|p2a: Gholdengo|Gholdengo|100/100
|move|p1a: Jolteon|Thunderbolt|p2a: Gholdengo
|-damage|p2a: Gholdengo|55/100
|
|upkeep
|turn|7
|
|t:|1757923895
|switch|p2a: Ursaluna|Ursaluna, M|100/100
|move|p1a: Jolteon|Calm Mind|p1a: Jolteon
|-boost|p1a: Jolteon|spa|1
|-boost|p1a: Jolteon|spd|1
|
|-status|p2a: Ursaluna|brn|[from] item: Flame Orb
|upkeep
|turn|8
|
|t:|1757923923
|-terastallize|p1a: Jolteon|Fairy
|move|p1a: Jolteon|Alluring Voice|p2a: Ursaluna
|-damage|p2a: Ursaluna|54/100 brn
|move|p2a: Ursaluna|Headlong Rush|p1a: Jolteon
|-damage|p1a: Jolteon|0 fnt
|-unboost|p2a: Ursaluna|def|1
|-unboost|p2a: Ursaluna|spd|1
|faint|p1a: Jolteon
|
|-damage|p2a: Ursaluna|48/100 brn|[from] brn
|upkeep
|
|t:|1757923935
|switch|p1a: Gengar|Gengar, M|100/100
|-item|p1a: Gengar|Air Balloon
|turn|9
|
|t:|1757923944
|move|p1a: Gengar|Shadow Ball|p2a: Ursaluna
|-immune|p2a: Ursaluna
|move|p2a: Ursaluna|Headlong Rush|p1a: Gengar
|-immune|p1a: Gengar
|
|-damage|p2a: Ursaluna|42/100 brn|[from] brn
|upkeep
|turn|10
|
|t:|1757923952
|move|p1a: Gengar|Sludge Wave|p2a: Ursaluna
|-resisted|p2a: Ursaluna
|-damage|p2a: Ursaluna|7/100 brn
|move|p2a: Ursaluna|Ice Punch|p1a: Gengar
|-damage|p1a: Gengar|4/100
|-status|p1a: Gengar|frz
|-enditem|p1a: Gengar|Air Balloon
|
|-damage|p2a: Ursaluna|1/100 brn|[from] brn
|upkeep
|turn|11
|
|t:|1757923966
|switch|p1a: Lapras|Lapras, F|100/100
|move|p2a: Ursaluna|Ice Punch|p1a: Lapras
|-resisted|p1a: Lapras
|-damage|p1a: Lapras|91/100
|
|-heal|p1a: Lapras|97/100|[from] item: Leftovers
|-damage|p2a: Ursaluna|0 fnt|[from] brn
|faint|p2a: Ursaluna
|upkeep
|
|t:|1757923973
|switch|p2a: Dragonite|Dragonite, F|100/100
|turn|12
|
|t:|1757923981
|-terastallize|p2a: Dragonite|Normal
|move|p2a: Dragonite|Dragon Dance|p2a: Dragonite
|-boost|p2a: Dragonite|atk|1
|-boost|p2a: Dragonite|spe|1
|move|p1a: Lapras|Freeze-Dry|p2a: Dragonite
|-damage|p2a: Dragonite|89/100
|
|-heal|p1a: Lapras|100/100|[from] item: Leftovers
|upkeep
|turn|13
|
|t:|1757923990
|move|p2a: Dragonite|Dragon Dance|p2a: Dragonite
|-boost|p2a: Dragonite|atk|1
|-boost|p2a: Dragonite|spe|1
|move|p1a: Lapras|Haze|p1a: Lapras
|-clearallboost
|
|upkeep
|turn|14
|
|t:|1757923997
|move|p2a: Dragonite|Dragon Dance|p2a: Dragonite
|-boost|p2a: Dragonite|atk|1
|-boost|p2a: Dragonite|spe|1
|move|p1a: Lapras|Hydro Pump|p2a: Dragonite
|-damage|p2a: Dragonite|53/100
|
|upkeep
|turn|15
|
|t:|1757924003
|move|p2a: Dragonite|Extreme Speed|p1a: Lapras
|-damage|p1a: Lapras|36/100
|move|p1a: Lapras|Haze|p1a: Lapras
|-clearallboost
|
|-heal|p1a: Lapras|42/100|[from] item: Leftovers
|upkeep
|turn|16
|
|t:|1757924013
|move|p2a: Dragonite|Extreme Speed|p1a: Lapras
|-damage|p1a: Lapras|0 fnt
|faint|p1a: Lapras
|
|upkeep
|
|t:|1757924019
|switch|p1a: Snorlax|Snorlax, F|100/100
|turn|17
|
|t:|1757924024
|move|p2a: Dragonite|Dragon Dance|p2a: Dragonite
|-boost|p2a: Dragonite|atk|1
|-boost|p2a: Dragonite|spe|1
|move|p1a: Snorlax|Body Slam|p2a: Dragonite
|-damage|p2a: Dragonite|15/100
|
|upkeep
|turn|18
|
|t:|1757924030
|move|p2a: Dragonite|Extreme Speed|p1a: Snorlax
|-damage|p1a: Snorlax|32/100
|move|p1a: Snorlax|Body Slam|p2a: Dragonite
|-damage|p2a: Dragonite|0 fnt
|faint|p2a: Dragonite
|
|-heal|p1a: Snorlax|38/100|[from] item: Leftovers
|upkeep
|
|t:|1757924034
|switch|p2a: Iron Moth|Iron Moth|100/100
|-enditem|p2a: Iron Moth|Booster Energy
|-activate|p2a: Iron Moth|ability: Quark Drive|[fromitem]
|-start|p2a: Iron Moth|quarkdrivespa
|turn|19
|
|t:|1757924051
|move|p2a: Iron Moth|Sludge Wave|p1a: Snorlax
|-crit|p1a: Snorlax
|-damage|p1a: Snorlax|0 fnt
|faint|p1a: Snorlax
|
|upkeep
|
|t:|1757924056
|switch|p1a: Gengar|Gengar, M|4/100 frz
|turn|20
|
|t:|1757924059
|-curestatus|p1a: Gengar|frz|[msg]
|move|p1a: Gengar|Shadow Ball|p2a: Iron Moth
|-damage|p2a: Iron Moth|58/100
|move|p2a: Iron Moth|Fiery Dance|p1a: Gengar
|-damage|p1a: Gengar|0 fnt
|-boost|p2a: Iron Moth|spa|1
|-start|p2a: Iron Moth|Disable|Fiery Dance|[from] ability: Cursed Body|[of] p1a: Gengar
|faint|p1a: Gengar
|
|upkeep
|
|t:|1757924070
|switch|p1a: Dragonite|Dragonite, F|100/100
|turn|21
|
|t:|1757924086
|move|p2a: Iron Moth|Dazzling Gleam|p1a: Dragonite
|-supereffective|p1a: Dragonite
|-damage|p1a: Dragonite|36/100
|move|p1a: Dragonite|Earthquake|p2a: Iron Moth
|-supereffective|p2a: Iron Moth
|-damage|p2a: Iron Moth|0 fnt
|faint|p2a: Iron Moth
|-end|p2a: Iron Moth|Quark Drive|[silent]
|
|upkeep
|
|t:|1757924094
|switch|p2a: Gholdengo|Gholdengo|55/100
|turn|22
|
|t:|1757924098
|move|p2a: Gholdengo|Shadow Ball|p1a: Dragonite
|-damage|p1a: Dragonite|0 fnt
|faint|p1a: Dragonite
|
|win|kattenkg
|raw|Nageez's rating: 1077 &rarr; <strong>1058</strong><br />(-19 for losing)
|raw|kattenkg's rating: 1115 &rarr; <strong>1137</strong><br />(+22 for winning)
|l|☆Nageez
|player|p1|
