|j|☆Thunder60076
|j|☆TreasonPhoenix
|t:|1757927595
|gametype|singles
|player|p1|Thunder60076|265|1106
|player|p2|TreasonPhoenix|169|1136
|gen|9
|tier|[Gen 9] OU
|rated|
|rule|HP Percentage Mod: HP is shown in percentages
|rule|Endless Battle Clause: Forcing endless battles is banned
|rule|Species Clause: Limit one of each Pokémon
|rule|OHKO Clause: OHKO moves are banned
|rule|Evasion Items Clause: Evasion items are banned
|rule|Evasion Moves Clause: Evasion moves are banned
|rule|Evasion Abilities Clause: Evasion abilities are banned
|rule|Sleep Moves Clause: Sleep-inducing moves are banned
|clearpoke
|poke|p1|Illumise, F|
|poke|p1|Ting-Lu|
|poke|p1|Landorus-Therian, M|
|poke|p1|Walking Wake|
|poke|p1|Great Tusk|
|poke|p1|Dragonite, F|
|poke|p2|Gliscor, F|
|poke|p2|Corviknight, M|
|poke|p2|Pachirisu, M|
|poke|p2|Dragapult, M|
|poke|p2|Incineroar, M|
|poke|p2|Toxapex, M|
|teampreview
|
|t:|1757927606
|teamsize|p1|6
|teamsize|p2|6
|start
|switch|p1a: Illumise|Illumise, F, shiny|100/100
|switch|p2a: Toxapex|Toxapex, M|100/100
|turn|1
|inactive|Battle timer is ON: inactive players will automatically lose when time's up. (requested by TreasonPhoenix)
|
|t:|1757927617
|move|p1a: Illumise|Thunder Wave|p2a: Toxapex
|-status|p2a: Toxapex|par
|cant|p2a: Toxapex|par
|
|-status|p1a: Illumise|brn|[from] item: Flame Orb
|upkeep
|turn|2
|
|t:|1757927632
|switch|p1a: Great Tusk|Great Tusk|100/100
|-enditem|p1a: Great Tusk|Booster Energy
|-activate|p1a: Great Tusk|ability: Protosynthesis|[fromitem]
|-start|p1a: Great Tusk|protosynthesisatk
|move|p2a: Toxapex|Liquidation|p1a: Great Tusk
|-supereffective|p1a: Great Tusk
|-damage|p1a: Great Tusk|69/100
|-unboost|p1a: Great Tusk|def|1
|
|upkeep
|turn|3
|
|t:|1757927645
|switch|p2a: Gliscor|Gliscor, F|100/100
|move|p1a: Great Tusk|Earthquake|p2a: Gliscor
|-immune|p2a: Gliscor
|
|-status|p2a: Gliscor|tox|[from] item: Toxic Orb
|upkeep
|turn|4
|
|t:|1757927653
|-terastallize|p1a: Great Tusk|Ground
|move|p1a: Great Tusk|Ice Spinner|p2a: Gliscor
|-supereffective|p2a: Gliscor
|-damage|p2a: Gliscor|9/100 tox
|move|p2a: Gliscor|Toxic|p1a: Great Tusk
|-status|p1a: Great Tusk|tox
|
|-damage|p1a: Great Tusk|63/100 tox|[from] psn
|-heal|p2a: Gliscor|21/100 tox|[from] ability: Poison Heal
|upkeep
|turn|5
|
|t:|1757927666
|move|p2a: Gliscor|Protect|p2a: Gliscor
|-singleturn|p2a: Gliscor|Protect
|move|p1a: Great Tusk|Ice Spinner|p2a: Gliscor
|-activate|p2a: Gliscor|move: Protect
|
|-damage|p1a: Great Tusk|51/100 tox|[from] psn
|-heal|p2a: Gliscor|34/100 tox|[from] ability: Poison Heal
|upkeep
|turn|6
|
|t:|1757927674
|switch|p2a: Toxapex|Toxapex, M|100/100 par
|move|p1a: Great Tusk|Ice Spinner|p2a: Toxapex
|-resisted|p2a: Toxapex
|-damage|p2a: Toxapex|90/100 par
|
|-heal|p2a: Toxapex|96/100 par|[from] item: Black Sludge
|-damage|p1a: Great Tusk|32/100 tox|[from] psn
|upkeep
|turn|7
|
|t:|1757927686
|cant|p2a: Toxapex|par
|move|p1a: Great Tusk|Rapid Spin|p2a: Toxapex
|-crit|p2a: Toxapex
|-damage|p2a: Toxapex|74/100 par
|-boost|p1a: Great Tusk|spe|1
|
|-heal|p2a: Toxapex|80/100 par|[from] item: Black Sludge
|-damage|p1a: Great Tusk|7/100 tox|[from] psn
|upkeep
|turn|8
|
|t:|1757927694
|move|p1a: Great Tusk|Earthquake|p2a: Toxapex
|-supereffective|p2a: Toxapex
|-damage|p2a: Toxapex|0 fnt
|faint|p2a: Toxapex
|
|-damage|p1a: Great Tusk|0 fnt|[from] psn
|faint|p1a: Great Tusk
|-end|p1a: Great Tusk|Protosynthesis|[silent]
|upkeep
|
|t:|1757927708
|switch|p1a: Ting-Lu|Ting-Lu|100/100
|switch|p2a: Gliscor|Gliscor, F|34/100 tox
|-ability|p1a: Ting-Lu|Vessel of Ruin
|turn|9
|
|t:|1757927716
|move|p2a: Gliscor|Toxic|p1a: Ting-Lu
|-status|p1a: Ting-Lu|tox
|move|p1a: Ting-Lu|Whirlwind|p2a: Gliscor
|drag|p2a: Dragapult|Dragapult, M|100/100
|
|-damage|p1a: Ting-Lu|94/100 tox|[from] psn
|upkeep
|turn|10
|
|t:|1757927725
|move|p2a: Dragapult|Protect|p2a: Dragapult
|-singleturn|p2a: Dragapult|Protect
|move|p1a: Ting-Lu|Ruination|p2a: Dragapult
|-activate|p2a: Dragapult|move: Protect
|
|-heal|p1a: Ting-Lu|100/100 tox|[from] item: Leftovers
|-damage|p1a: Ting-Lu|88/100 tox|[from] psn
|upkeep
|turn|11
|
|t:|1757927733
|switch|p2a: Gliscor|Gliscor, F|34/100 tox
|move|p1a: Ting-Lu|Stealth Rock|p2a: Gliscor
|-sidestart|p2: TreasonPhoenix|move: Stealth Rock
|
|-heal|p1a: Ting-Lu|94/100 tox|[from] item: Leftovers
|-heal|p2a: Gliscor|46/100 tox|[from] ability: Poison Heal
|-damage|p1a: Ting-Lu|76/100 tox|[from] psn
|upkeep
|turn|12
|
|t:|1757927742
|move|p2a: Gliscor|Stealth Rock|p1a: Ting-Lu
|-sidestart|p1: Thunder60076|move: Stealth Rock
|move|p1a: Ting-Lu|Spikes|p2a: Gliscor
|-sidestart|p2: TreasonPhoenix|Spikes
|
|-heal|p1a: Ting-Lu|82/100 tox|[from] item: Leftovers
|-heal|p2a: Gliscor|59/100 tox|[from] ability: Poison Heal
|-damage|p1a: Ting-Lu|57/100 tox|[from] psn
|upkeep
|turn|13
|
|t:|1757927752
|move|p2a: Gliscor|Earthquake|p1a: Ting-Lu
|-damage|p1a: Ting-Lu|43/100 tox
|move|p1a: Ting-Lu|Spikes|p2a: Gliscor
|-sidestart|p2: TreasonPhoenix|Spikes
|
|-heal|p1a: Ting-Lu|50/100 tox|[from] item: Leftovers
|-heal|p2a: Gliscor|71/100 tox|[from] ability: Poison Heal
|-damage|p1a: Ting-Lu|19/100 tox|[from] psn
|upkeep
|turn|14
|
|t:|1757927763
|move|p2a: Gliscor|Earthquake|p1a: Ting-Lu
|-damage|p1a: Ting-Lu|4/100 tox
|move|p1a: Ting-Lu|Spikes|p2a: Gliscor
|-sidestart|p2: TreasonPhoenix|Spikes
|
|-heal|p1a: Ting-Lu|10/100 tox|[from] item: Leftovers
|-heal|p2a: Gliscor|84/100 tox|[from] ability: Poison Heal
|-damage|p1a: Ting-Lu|0 fnt|[from] psn
|faint|p1a: Ting-Lu
|upkeep
|inactive|Thunder60076 has 120 seconds left.
|
|t:|1757927806
|switch|p1a: Walking Wake|Walking Wake|100/100
|-damage|p1a: Walking Wake|88/100|[from] Stealth Rock
|-enditem|p1a: Walking Wake|Booster Energy
|-activate|p1a: Walking Wake|ability: Protosynthesis|[fromitem]
|-start|p1a: Walking Wake|protosynthesisspe
|turn|15
|
|t:|1757927817
|-terastallize|p2a: Gliscor|Steel
|move|p1a: Walking Wake|Hydro Steam|p2a: Gliscor
|-crit|p2a: Gliscor
|-damage|p2a: Gliscor|12/100 tox
|move|p2a: Gliscor|Toxic|p1a: Walking Wake
|-status|p1a: Walking Wake|tox
|
|-damage|p1a: Walking Wake|82/100 tox|[from] psn
|-heal|p2a: Gliscor|25/100 tox|[from] ability: Poison Heal
|upkeep
|turn|16
|
|t:|1757927838
|move|p2a: Gliscor|Protect|p2a: Gliscor
|-singleturn|p2a: Gliscor|Protect
|move|p1a: Walking Wake|Flamethrower|p2a: Gliscor
|-activate|p2a: Gliscor|move: Protect
|
|-damage|p1a: Walking Wake|70/100 tox|[from] psn
|-heal|p2a: Gliscor|37/100 tox|[from] ability: Poison Heal
|upkeep
|turn|17
|
|t:|1757927850
|switch|p2a: Incineroar|Incineroar, M|100/100
|-damage|p2a: Incineroar|76/100|[from] Stealth Rock
|-damage|p2a: Incineroar|51/100|[from] Spikes
|-ability|p2a: Incineroar|Intimidate|boost
|-unboost|p1a: Walking Wake|atk|1
|move|p1a: Walking Wake|Hydro Steam|p2a: Incineroar
|-supereffective|p2a: Incineroar
|-damage|p2a: Incineroar|0 fnt
|faint|p2a: Incineroar
|
|-damage|p1a: Walking Wake|51/100 tox|[from] psn
|upkeep
|
|t:|1757927863
|switch|p2a: Corviknight|Corviknight, M|100/100
|-damage|p2a: Corviknight|88/100|[from] Stealth Rock
|turn|18
|
|t:|1757927869
|move|p1a: Walking Wake|Flamethrower|p2a: Corviknight
|-supereffective|p2a: Corviknight
|-damage|p2a: Corviknight|32/100
|move|p2a: Corviknight|Tailwind|p2a: Corviknight
|-sidestart|p2: TreasonPhoenix|move: Tailwind
|
|-heal|p2a: Corviknight|38/100|[from] item: Leftovers
|-damage|p1a: Walking Wake|27/100 tox|[from] psn
|upkeep
|turn|19
|inactive|Thunder60076 has 120 seconds left.
|
|t:|1757927877
|move|p1a: Walking Wake|Flamethrower|p2a: Corviknight
|-supereffective|p2a: Corviknight
|-damage|p2a: Corviknight|0 fnt
|faint|p2a: Corviknight
|
|-damage|p1a: Walking Wake|0 fnt|[from] psn
|faint|p1a: Walking Wake
|-end|p1a: Walking Wake|Protosynthesis|[silent]
|upkeep
|inactive|Thunder60076 has 120 seconds left.
|
|t:|1757927895
|switch|p1a: Landorus|Landorus-Therian, M|100/100
|switch|p2a: Dragapult|Dragapult, M|100/100
|-damage|p2a: Dragapult|88/100|[from] Stealth Rock
|-damage|p2a: Dragapult|63/100|[from] Spikes
|-damage|p1a: Landorus|88/100|[from] Stealth Rock
|-ability|p1a: Landorus|Intimidate|boost
|-fail|p2a: Dragapult|unboost|[from] ability: Clear Body|[of] p2a: Dragapult
|turn|20
|
|t:|1757927907
|switch|p1a: Illumise|Illumise, F, shiny|100/100 brn
|-damage|p1a: Illumise|76/100 brn|[from] Stealth Rock
|move|p2a: Dragapult|Dragon Darts|p1a: Illumise
|-damage|p1a: Illumise|33/100 brn
|-anim|p2a: Dragapult|Dragon Darts|p1a: Illumise
|-damage|p1a: Illumise|0 fnt
|faint|p1a: Illumise
|-damage|p2a: Dragapult|53/100|[from] item: Life Orb
|
|upkeep
|
|t:|1757927935
|switch|p1a: Landorus|Landorus-Therian, M|88/100
|-damage|p1a: Landorus|76/100|[from] Stealth Rock
|-ability|p1a: Landorus|Intimidate|boost
|-fail|p2a: Dragapult|unboost|[from] ability: Clear Body|[of] p2a: Dragapult
|turn|21
|
|t:|1757927944
|move|p2a: Dragapult|Dragon Darts|p1a: Landorus
|-damage|p1a: Landorus|37/100
|-anim|p2a: Dragapult|Dragon Darts|p1a: Landorus
|-damage|p1a: Landorus|0 fnt
|faint|p1a: Landorus
|-damage|p2a: Dragapult|44/100|[from] item: Life Orb
|
|-sideend|p2: TreasonPhoenix|move: Tailwind
|upkeep
|
|t:|1757927951
|switch|p1a: Dragonite|Dragonite, F|100/100
|-damage|p1a: Dragonite|76/100|[from] Stealth Rock
|turn|22
|
|t:|1757927955
|move|p2a: Dragapult|Dragon Darts|p1a: Dragonite
|-supereffective|p1a: Dragonite
|-damage|p1a: Dragonite|0 fnt
|faint|p1a: Dragonite
|-damage|p2a: Dragapult|34/100|[from] item: Life Orb
|
|win|TreasonPhoenix
|raw|Thunder60076's rating: 1106 &rarr; <strong>1083</strong><br />(-23 for losing)
|raw|TreasonPhoenix's rating: 1136 &rarr; <strong>1159</strong><br />(+23 for winning)
|l|☆TreasonPhoenix
|player|p2|
|l|☆Thunder60076
|player|p1|
