|j|☆Gurden
|j|☆Grenalien
|t:|1757789272
|gametype|singles
|player|p1|Gurden|170|1147
|player|p2|Grenalien|acetrainersnowf|1161
|gen|9
|tier|[Gen 9] OU
|rated|
|rule|HP Percentage Mod: HP is shown in percentages
|rule|Endless Battle Clause: Forcing endless battles is banned
|rule|Species Clause: Limit one of each Pokémon
|rule|OHKO Clause: OHKO moves are banned
|rule|Evasion Items Clause: Evasion items are banned
|rule|Evasion Moves Clause: Evasion moves are banned
|rule|Evasion Abilities Clause: Evasion abilities are banned
|rule|Sleep Moves Clause: Sleep-inducing moves are banned
|clearpoke
|poke|p1|Primeape, M|
|poke|p1|Kingdra, F|
|poke|p1|Scream Tail|
|poke|p1|Samurott-Hisui, F|
|poke|p1|Arcanine-Hisui, M|
|poke|p1|Bastiodon, F|
|poke|p2|Comfey, M|
|poke|p2|Whimsicott, M|
|poke|p2|Iron Moth|
|poke|p2|Walking Wake|
|poke|p2|Great Tusk|
|poke|p2|Ninetales, F|
|teampreview
|
|t:|1757789286
|teamsize|p1|6
|teamsize|p2|6
|start
|switch|p1a: Bastiodon|Bastiodon, F|100/100
|switch|p2a: Great Tusk|Great Tusk|100/100
|turn|1
|
|t:|1757789295
|move|p2a: Great Tusk|Headlong Rush|p1a: Bastiodon
|-supereffective|p1a: Bastiodon
|-ability|p1a: Bastiodon|Sturdy
|-damage|p1a: Bastiodon|1/100
|-unboost|p2a: Great Tusk|def|1
|-unboost|p2a: Great Tusk|spd|1
|move|p1a: Bastiodon|Metal Burst|p2a: Great Tusk
|-damage|p2a: Great Tusk|0 fnt
|faint|p2a: Great Tusk
|-end|p2a: Great Tusk|Protosynthesis|[silent]
|
|upkeep
|
|t:|1757789304
|switch|p2a: Ninetales|Ninetales, F|100/100
|-weather|SunnyDay|[from] ability: Drought|[of] p2a: Ninetales
|turn|2
|-enditem|p1a: Bastiodon|Custap Berry|[eat]
|-activate|p1a: Bastiodon|item: Custap Berry|[consumed]
|
|t:|1757789311
|move|p1a: Bastiodon|Earthquake|p2a: Ninetales
|-supereffective|p2a: Ninetales
|-damage|p2a: Ninetales|69/100
|move|p2a: Ninetales|Weather Ball|p1a: Bastiodon
|-damage|p1a: Bastiodon|0 fnt
|faint|p1a: Bastiodon
|
|-weather|SunnyDay|[upkeep]
|upkeep
|
|t:|1757789322
|switch|p1a: Arcanine|Arcanine-Hisui, M|100/100
|turn|3
|
|t:|1757789336
|switch|p2a: Walking Wake|Walking Wake|100/100
|-activate|p2a: Walking Wake|ability: Protosynthesis
|-start|p2a: Walking Wake|protosynthesisspe
|move|p1a: Arcanine|Head Smash|p2a: Walking Wake
|-damage|p2a: Walking Wake|24/100
|
|-weather|SunnyDay|[upkeep]
|upkeep
|turn|4
|
|t:|1757789352
|move|p1a: Arcanine|Extreme Speed|p2a: Walking Wake
|-damage|p2a: Walking Wake|0 fnt
|faint|p2a: Walking Wake
|-end|p2a: Walking Wake|Protosynthesis|[silent]
|
|-weather|SunnyDay|[upkeep]
|upkeep
|
|t:|1757789359
|switch|p2a: Iron Moth|Iron Moth|100/100
|-enditem|p2a: Iron Moth|Booster Energy
|-activate|p2a: Iron Moth|ability: Quark Drive|[fromitem]
|-start|p2a: Iron Moth|quarkdrivespa
|turn|5
|
|t:|1757789365
|move|p2a: Iron Moth|Overheat|p1a: Arcanine
|-resisted|p1a: Arcanine
|-damage|p1a: Arcanine|55/100
|-unboost|p2a: Iron Moth|spa|2
|move|p1a: Arcanine|Head Smash|p2a: Iron Moth
|-supereffective|p2a: Iron Moth
|-damage|p2a: Iron Moth|0 fnt
|faint|p2a: Iron Moth
|-end|p2a: Iron Moth|Quark Drive|[silent]
|
|-weather|SunnyDay|[upkeep]
|upkeep
|
|t:|1757789372
|switch|p2a: Comfey|Comfey, M|100/100
|turn|6
|
|t:|1757789381
|move|p1a: Arcanine|Head Smash|p2a: Comfey
|-damage|p2a: Comfey|4/100
|move|p2a: Comfey|Growth|p2a: Comfey
|-boost|p2a: Comfey|atk|2
|-boost|p2a: Comfey|spa|2
|
|-weather|SunnyDay|[upkeep]
|upkeep
|turn|7
|-message|Grenalien forfeited.
|
|win|Gurden
|raw|Gurden's rating: 1147 &rarr; <strong>1173</strong><br />(+26 for winning)
|raw|Grenalien's rating: 1161 &rarr; <strong>1135</strong><br />(-26 for losing)
|l|☆Grenalien
|player|p2|
|l|☆Gurden
|player|p1|
