|j|☆Vexqzy
|j|☆spreadcrosser
|t:|1757823235
|gametype|singles
|player|p1|Vexqzy|dawn|1108
|player|p2|spreadcrosser|101|1185
|gen|9
|tier|[Gen 9] OU
|rated|
|rule|HP Percentage Mod: HP is shown in percentages
|rule|Endless Battle Clause: Forcing endless battles is banned
|rule|Species Clause: Limit one of each Pokémon
|rule|OHKO Clause: OHKO moves are banned
|rule|Evasion Items Clause: Evasion items are banned
|rule|Evasion Moves Clause: Evasion moves are banned
|rule|Evasion Abilities Clause: Evasion abilities are banned
|rule|Sleep Moves Clause: Sleep-inducing moves are banned
|clearpoke
|poke|p1|Venusaur, F|
|poke|p1|Ninetales, M|
|poke|p1|Great Tusk|
|poke|p1|Sableye, F|
|poke|p1|Dragapult, F|
|poke|p1|Zapdos|
|poke|p2|Serperior, F|
|poke|p2|Kingambit, F|
|poke|p2|Excadrill, M|
|poke|p2|Iron Hands|
|poke|p2|Ceruledge, F|
|poke|p2|Raging Bolt|
|teampreview
|inactive|Battle timer is ON: inactive players will automatically lose when time's up. (requested by spreadcrosser)
|
|t:|1757823255
|teamsize|p1|6
|teamsize|p2|6
|start
|switch|p1a: Gemstone|Sableye, F, shiny|100/100
|switch|p2a: Iron Hands|Iron Hands|100/100
|-enditem|p2a: Iron Hands|Booster Energy
|-activate|p2a: Iron Hands|ability: Quark Drive|[fromitem]
|-start|p2a: Iron Hands|quarkdriveatk
|turn|1
|
|t:|1757823261
|move|p1a: Gemstone|Will-O-Wisp|p2a: Iron Hands
|-status|p2a: Iron Hands|brn
|move|p2a: Iron Hands|Supercell Slam|p1a: Gemstone
|-damage|p1a: Gemstone|49/100
|
|-heal|p1a: Gemstone|55/100|[from] item: Leftovers
|-damage|p2a: Iron Hands|94/100 brn|[from] brn
|upkeep
|turn|2
|
|t:|1757823269
|move|p1a: Gemstone|Encore|p2a: Iron Hands
|-start|p2a: Iron Hands|Encore
|move|p2a: Iron Hands|Supercell Slam|p1a: Gemstone
|-damage|p1a: Gemstone|10/100
|
|-heal|p1a: Gemstone|17/100|[from] item: Leftovers
|-damage|p2a: Iron Hands|88/100 brn|[from] brn
|upkeep
|turn|3
|
|t:|1757823274
|-end|p2a: Iron Hands|Quark Drive|[silent]
|switch|p2a: Serperior|Serperior, F|100/100
|switch|p1a: Massive Tusk|Great Tusk, shiny|100/100
|-enditem|p1a: Massive Tusk|Booster Energy
|-activate|p1a: Massive Tusk|ability: Protosynthesis|[fromitem]
|-start|p1a: Massive Tusk|protosynthesisdef
|
|upkeep
|turn|4
|
|t:|1757823283
|-end|p1a: Massive Tusk|Protosynthesis|[silent]
|switch|p1a: Kurama|Ninetales, M, shiny|100/100
|-weather|SunnyDay|[from] ability: Drought|[of] p1a: Kurama
|move|p2a: Serperior|Leaf Storm|p1a: Kurama
|-resisted|p1a: Kurama
|-damage|p1a: Kurama|67/100
|-boost|p2a: Serperior|spa|2
|-damage|p2a: Serperior|91/100|[from] item: Life Orb
|
|-weather|SunnyDay|[upkeep]
|upkeep
|turn|5
|
|t:|1757823290
|-terastallize|p2a: Serperior|Water
|move|p2a: Serperior|Tera Blast|p1a: Kurama|[anim] Tera Blast Water
|-supereffective|p1a: Kurama
|-damage|p1a: Kurama|0 fnt
|faint|p1a: Kurama
|-damage|p2a: Serperior|81/100|[from] item: Life Orb
|
|-weather|SunnyDay|[upkeep]
|upkeep
|
|t:|1757823302
|switch|p1a: Big Bulba|Venusaur, F, shiny|100/100
|turn|6
|
|t:|1757823306
|switch|p2a: Raging Bolt|Raging Bolt|100/100
|-activate|p2a: Raging Bolt|ability: Protosynthesis
|-start|p2a: Raging Bolt|protosynthesisspa
|move|p1a: Big Bulba|Solar Beam||[still]
|-prepare|p1a: Big Bulba|Solar Beam
|-anim|p1a: Big Bulba|Solar Beam|p2a: Raging Bolt
|-resisted|p2a: Raging Bolt
|-damage|p2a: Raging Bolt|80/100
|
|-weather|SunnyDay|[upkeep]
|-heal|p2a: Raging Bolt|86/100|[from] item: Leftovers
|upkeep
|turn|7
|
|t:|1757823314
|move|p1a: Big Bulba|Growth|p1a: Big Bulba
|-boost|p1a: Big Bulba|atk|2
|-boost|p1a: Big Bulba|spa|2
|move|p2a: Raging Bolt|Calm Mind|p2a: Raging Bolt
|-boost|p2a: Raging Bolt|spa|1
|-boost|p2a: Raging Bolt|spd|1
|
|-weather|SunnyDay|[upkeep]
|-heal|p2a: Raging Bolt|93/100|[from] item: Leftovers
|upkeep
|turn|8
|
|t:|1757823320
|move|p1a: Big Bulba|Earth Power|p2a: Raging Bolt
|-supereffective|p2a: Raging Bolt
|-damage|p2a: Raging Bolt|30/100
|move|p2a: Raging Bolt|Dragon Pulse|p1a: Big Bulba
|-damage|p1a: Big Bulba|0 fnt
|faint|p1a: Big Bulba
|
|-weather|SunnyDay|[upkeep]
|-heal|p2a: Raging Bolt|36/100|[from] item: Leftovers
|upkeep
|-message|Vexqzy forfeited.
|
|win|spreadcrosser
|raw|Vexqzy's rating: 1108 &rarr; <strong>1088</strong><br />(-20 for losing)
|raw|spreadcrosser's rating: 1185 &rarr; <strong>1205</strong><br />(+20 for winning)
|l|☆Vexqzy
|player|p1|
