|j|☆tomatic
|j|☆gdhaorskt
|t:|1757954564
|gametype|singles
|player|p1|tomatic|blackbelt-gen4dp|1707
|player|p2|gdhaorskt|blackbelt|1708
|gen|9
|tier|[Gen 9] OU
|rated|
|rule|HP Percentage Mod: HP is shown in percentages
|rule|Endless Battle Clause: Forcing endless battles is banned
|rule|Species Clause: Limit one of each Pokémon
|rule|OHKO Clause: OHKO moves are banned
|rule|Evasion Items Clause: Evasion items are banned
|rule|Evasion Moves Clause: Evasion moves are banned
|rule|Evasion Abilities Clause: Evasion abilities are banned
|rule|Sleep Moves Clause: Sleep-inducing moves are banned
|clearpoke
|poke|p1|Maushold-Four|
|poke|p1|Scizor, F|
|poke|p1|Landorus-Therian, M|
|poke|p1|Dragonite, F|
|poke|p1|Hatterene, F|
|poke|p1|Rotom-Wash|
|poke|p2|Poliwrath, F|
|poke|p2|Barraskewda, M|
|poke|p2|Ceruledge, F|
|poke|p2|Ogerpon-Wellspring, F|
|poke|p2|Kingambit, F|
|poke|p2|Pelipper, M|
|teampreview
|
|t:|1757954584
|teamsize|p1|6
|teamsize|p2|6
|start
|switch|p1a: Rotom|Rotom-Wash|100/100
|switch|p2a: Kingambit|Kingambit, F|100/100
|turn|1
|
|t:|1757954610
|move|p1a: Rotom|Volt Switch|p2a: Kingambit
|-damage|p2a: Kingambit|71/100
|
|t:|1757954613
|switch|p1a: Landorus|Landorus-Therian, M|100/100|[from] Volt Switch
|-ability|p1a: Landorus|Intimidate|boost
|-unboost|p2a: Kingambit|atk|1
|move|p2a: Kingambit|Kowtow Cleave|p1a: Landorus
|-damage|p1a: Landorus|70/100
|-damage|p2a: Kingambit|55/100|[from] item: Rocky Helmet|[of] p1a: Landorus
|
|upkeep
|turn|2
|
|t:|1757954628
|-end|p2a: Kingambit|fallenundefined|[silent]
|switch|p2a: Pelipper|Pelipper, M|100/100
|-weather|RainDance|[from] ability: Drizzle|[of] p2a: Pelipper
|move|p1a: Landorus|Stealth Rock|p2a: Pelipper
|-sidestart|p2: gdhaorskt|move: Stealth Rock
|
|-weather|RainDance|[upkeep]
|upkeep
|turn|3
|
|t:|1757954637
|move|p1a: Landorus|Stone Edge|p2a: Pelipper|[miss]
|-miss|p1a: Landorus|p2a: Pelipper
|move|p2a: Pelipper|U-turn|p1a: Landorus
|-resisted|p1a: Landorus
|-damage|p1a: Landorus|65/100
|-damage|p2a: Pelipper|84/100|[from] item: Rocky Helmet|[of] p1a: Landorus
|
|t:|1757954645
|switch|p2a: Poliwrath|Poliwrath, F|100/100|[from] U-turn
|-damage|p2a: Poliwrath|94/100|[from] Stealth Rock
|
|-weather|RainDance|[upkeep]
|upkeep
|turn|4
|j| Baby Key
|
|t:|1757954678
|move|p2a: Poliwrath|Belly Drum|p2a: Poliwrath
|-damage|p2a: Poliwrath|44/100
|-setboost|p2a: Poliwrath|atk|6|[from] move: Belly Drum
|-enditem|p2a: Poliwrath|Sitrus Berry|[eat]
|-heal|p2a: Poliwrath|69/100|[from] item: Sitrus Berry
|move|p1a: Landorus|Earth Power|p2a: Poliwrath
|-damage|p2a: Poliwrath|34/100
|-unboost|p2a: Poliwrath|spd|1
|
|-weather|RainDance|[upkeep]
|upkeep
|turn|5
|
|t:|1757954701
|move|p2a: Poliwrath|Drain Punch|p1a: Landorus
|-resisted|p1a: Landorus
|-damage|p1a: Landorus|0 fnt
|-heal|p2a: Poliwrath|72/100|[from] drain|[of] p1a: Landorus
|-damage|p2a: Poliwrath|56/100|[from] item: Rocky Helmet|[of] p1a: Landorus
|faint|p1a: Landorus
|
|-weather|RainDance|[upkeep]
|upkeep
|
|t:|1757954741
|switch|p1a: Dragonite|Dragonite, F|100/100
|turn|6
|
|t:|1757954764
|switch|p1a: Hatterene|Hatterene, F|100/100
|-terastallize|p2a: Poliwrath|Steel
|move|p2a: Poliwrath|Ice Punch|p1a: Hatterene
|-damage|p1a: Hatterene|0 fnt
|faint|p1a: Hatterene
|
|-weather|RainDance|[upkeep]
|upkeep
|
|t:|1757954777
|switch|p1a: Dragonite|Dragonite, F|100/100
|turn|7
|
|t:|1757954788
|-terastallize|p1a: Dragonite|Flying
|move|p2a: Poliwrath|Liquidation|p1a: Dragonite
|-damage|p1a: Dragonite|0 fnt
|faint|p1a: Dragonite
|
|-weather|RainDance|[upkeep]
|upkeep
|
|t:|1757954797
|switch|p1a: Rotom|Rotom-Wash|100/100
|turn|8
|
|t:|1757954803
|move|p2a: Poliwrath|Drain Punch|p1a: Rotom
|-damage|p1a: Rotom|0 fnt
|-heal|p2a: Poliwrath|93/100|[from] drain|[of] p1a: Rotom
|faint|p1a: Rotom
|
|-weather|RainDance|[upkeep]
|upkeep
|
|t:|1757954806
|switch|p1a: Scizor|Scizor, F|100/100
|turn|9
|
|t:|1757954811
|move|p1a: Scizor|Bullet Punch|p2a: Poliwrath
|-resisted|p2a: Poliwrath
|-damage|p2a: Poliwrath|72/100
|move|p2a: Poliwrath|Liquidation|p1a: Scizor
|-damage|p1a: Scizor|0 fnt
|faint|p1a: Scizor
|
|-weather|none
|upkeep
|
|t:|1757954814
|switch|p1a: Maushold|Maushold-Four|100/100
|turn|10
|
|t:|1757954818
|move|p1a: Maushold|Population Bomb|p2a: Poliwrath
|-resisted|p2a: Poliwrath
|-damage|p2a: Poliwrath|66/100
|-resisted|p2a: Poliwrath
|-damage|p2a: Poliwrath|60/100
|-resisted|p2a: Poliwrath
|-damage|p2a: Poliwrath|54/100
|-resisted|p2a: Poliwrath
|-damage|p2a: Poliwrath|48/100
|-resisted|p2a: Poliwrath
|-damage|p2a: Poliwrath|42/100
|-resisted|p2a: Poliwrath
|-damage|p2a: Poliwrath|35/100
|-resisted|p2a: Poliwrath
|-damage|p2a: Poliwrath|30/100
|-resisted|p2a: Poliwrath
|-damage|p2a: Poliwrath|24/100
|-resisted|p2a: Poliwrath
|-damage|p2a: Poliwrath|18/100
|-resisted|p2a: Poliwrath
|-damage|p2a: Poliwrath|12/100
|-hitcount|p2a: Poliwrath|10
|move|p2a: Poliwrath|Drain Punch|p1a: Maushold
|-supereffective|p1a: Maushold
|-damage|p1a: Maushold|0 fnt
|-heal|p2a: Poliwrath|57/100|[from] drain|[of] p1a: Maushold
|faint|p1a: Maushold
|
|win|gdhaorskt
|raw|tomatic's rating: 1707 &rarr; <strong>1687</strong><br />(-20 for losing)
|raw|gdhaorskt's rating: 1708 &rarr; <strong>1728</strong><br />(+20 for winning)
|l|☆tomatic
|player|p1|
|l|☆gdhaorskt
|player|p2|
