|j|☆isaac_lmaoo
|j|☆dlkcm
|t:|1757844444
|gametype|singles
|player|p1|isaac_lmaoo|lucas|1261
|player|p2|dlkcm|102|1243
|gen|9
|tier|[Gen 9] OU
|rated|
|rule|HP Percentage Mod: HP is shown in percentages
|rule|Endless Battle Clause: Forcing endless battles is banned
|rule|Species Clause: Limit one of each Pokémon
|rule|OHKO Clause: OHKO moves are banned
|rule|Evasion Items Clause: Evasion items are banned
|rule|Evasion Moves Clause: Evasion moves are banned
|rule|Evasion Abilities Clause: Evasion abilities are banned
|rule|Sleep Moves Clause: Sleep-inducing moves are banned
|clearpoke
|poke|p1|Yanmega, M|
|poke|p1|Ogerpon, F|
|poke|p1|Hydreigon, M|
|poke|p1|Magnezone|
|poke|p1|Conkeldurr, M|
|poke|p1|Minior|
|poke|p2|Landorus-Therian, M|
|poke|p2|Ribombee, M|
|poke|p2|Kingambit, F|
|poke|p2|Kleavor, F|
|poke|p2|Ogerpon-Wellspring, F|
|poke|p2|Dragapult, F|
|teampreview
|inactive|Battle timer is ON: inactive players will automatically lose when time's up. (requested by isaac_lmaoo)
|
|t:|1757844465
|teamsize|p1|6
|teamsize|p2|6
|start
|switch|p1a: Tera|Ogerpon, F|100/100
|switch|p2a: Ogerpon|Ogerpon-Wellspring, F|100/100
|turn|1
|
|t:|1757844475
|move|p2a: Ogerpon|Swords Dance|p2a: Ogerpon
|-boost|p2a: Ogerpon|atk|2
|move|p1a: Tera|U-turn|p2a: Ogerpon
|-supereffective|p2a: Ogerpon
|-damage|p2a: Ogerpon|8/100
|
|t:|1757844478
|switch|p1a: Conkeldurr|Conkeldurr, M|100/100|[from] U-turn
|
|-status|p1a: Conkeldurr|brn|[from] item: Flame Orb
|upkeep
|turn|2
|
|t:|1757844484
|move|p1a: Conkeldurr|Mach Punch|p2a: Ogerpon
|-damage|p2a: Ogerpon|0 fnt
|faint|p2a: Ogerpon
|
|-damage|p1a: Conkeldurr|95/100 brn|[from] brn
|upkeep
|
|t:|1757844494
|switch|p2a: Landorus|Landorus-Therian, M|100/100
|-ability|p2a: Landorus|Intimidate|boost
|-unboost|p1a: Conkeldurr|atk|1
|turn|3
|
|t:|1757844498
|move|p2a: Landorus|Stealth Rock|p1a: Conkeldurr
|-sidestart|p1: isaac_lmaoo|move: Stealth Rock
|move|p1a: Conkeldurr|Ice Punch|p2a: Landorus
|-supereffective|p2a: Landorus
|-damage|p2a: Landorus|0 fnt
|-damage|p1a: Conkeldurr|78/100 brn|[from] item: Rocky Helmet|[of] p2a: Landorus
|faint|p2a: Landorus
|
|-damage|p1a: Conkeldurr|72/100 brn|[from] brn
|upkeep
|
|t:|1757844512
|switch|p2a: Ribombee|Ribombee, M|100/100
|turn|4
|
|t:|1757844517
|switch|p1a: crying baby|Magnezone|100/100
|-damage|p1a: crying baby|94/100|[from] Stealth Rock
|move|p2a: Ribombee|Moonblast|p1a: crying baby
|-resisted|p1a: crying baby
|-damage|p1a: crying baby|75/100
|
|upkeep
|turn|5
|
|t:|1757844528
|switch|p2a: Dragapult|Dragapult, F|100/100
|move|p1a: crying baby|Volt Switch|p2a: Dragapult
|-resisted|p2a: Dragapult
|-damage|p2a: Dragapult|45/100
|
|t:|1757844533
|switch|p1a: Tera|Ogerpon, F|100/100|[from] Volt Switch
|-damage|p1a: Tera|88/100|[from] Stealth Rock
|
|upkeep
|turn|6
|
|t:|1757844537
|-terastallize|p1a: Tera|Grass
|detailschange|p1a: Tera|Ogerpon-Teal-Tera, F, tera:Grass
|-ability|p1a: Tera|Embody Aspect (Teal)|boost
|-boost|p1a: Tera|spe|1
|move|p1a: Tera|Knock Off|p2a: Dragapult
|-supereffective|p2a: Dragapult
|-crit|p2a: Dragapult
|-damage|p2a: Dragapult|0 fnt
|-enditem|p2a: Dragapult|Choice Specs|[from] move: Knock Off|[of] p1a: Tera
|faint|p2a: Dragapult
|
|upkeep
|
|t:|1757844548
|switch|p2a: Kingambit|Kingambit, F|100/100
|-activate|p2a: Kingambit|ability: Supreme Overlord
|-start|p2a: Kingambit|fallen3|[silent]
|turn|7
|
|t:|1757844572
|switch|p1a: crying baby|Magnezone|75/100
|-damage|p1a: crying baby|69/100|[from] Stealth Rock
|move|p2a: Kingambit|Sucker Punch||[still]
|-fail|p2a: Kingambit
|
|upkeep
|turn|8
|
|t:|1757844578
|move|p2a: Kingambit|Kowtow Cleave|p1a: crying baby
|-damage|p1a: crying baby|2/100
|move|p1a: crying baby|Thunderbolt|p2a: Kingambit
|-damage|p2a: Kingambit|1/100
|
|upkeep
|turn|9
|
|t:|1757844584
|move|p2a: Kingambit|Sucker Punch|p1a: crying baby
|-damage|p1a: crying baby|0 fnt
|faint|p1a: crying baby
|
|upkeep
|
|t:|1757844587
|switch|p1a: Conkeldurr|Conkeldurr, M|72/100 brn
|-damage|p1a: Conkeldurr|66/100 brn|[from] Stealth Rock
|turn|10
|
|t:|1757844591
|move|p2a: Kingambit|Sucker Punch|p1a: Conkeldurr
|-resisted|p1a: Conkeldurr
|-damage|p1a: Conkeldurr|41/100 brn
|move|p1a: Conkeldurr|Drain Punch|p2a: Kingambit
|-supereffective|p2a: Kingambit
|-damage|p2a: Kingambit|0 fnt
|-heal|p1a: Conkeldurr|42/100 brn|[from] drain|[of] p2a: Kingambit
|faint|p2a: Kingambit
|-end|p2a: Kingambit|fallen3|[silent]
|
|-damage|p1a: Conkeldurr|36/100 brn|[from] brn
|upkeep
|
|t:|1757844603
|switch|p2a: Ribombee|Ribombee, M|100/100
|turn|11
|
|t:|1757844609
|move|p1a: Conkeldurr|Mach Punch|p2a: Ribombee
|-resisted|p2a: Ribombee
|-damage|p2a: Ribombee|88/100
|move|p2a: Ribombee|Moonblast|p1a: Conkeldurr
|-supereffective|p1a: Conkeldurr
|-damage|p1a: Conkeldurr|0 fnt
|faint|p1a: Conkeldurr
|
|upkeep
|
|t:|1757844616
|switch|p1a: Minior|Minior|100/100
|-damage|p1a: Minior|76/100|[from] Stealth Rock
|-formechange|p1a: Minior|Minior-Meteor||[from] ability: Shields Down
|turn|12
|
|t:|1757844627
|move|p2a: Ribombee|Moonblast|p1a: Minior
|-damage|p1a: Minior|33/100
|move|p1a: Minior|Rock Slide|p2a: Ribombee
|-supereffective|p2a: Ribombee
|-damage|p2a: Ribombee|13/100
|
|-formechange|p1a: Minior|Minior||[from] ability: Shields Down
|upkeep
|turn|13
|
|t:|1757844652
|move|p2a: Ribombee|Moonblast|p1a: Minior
|-damage|p1a: Minior|0 fnt
|faint|p1a: Minior
|
|upkeep
|
|t:|1757844654
|switch|p1a: Tera|Ogerpon-Teal-Tera, F, tera:Grass|88/100
|-damage|p1a: Tera|76/100|[from] Stealth Rock
|-ability|p1a: Tera|Embody Aspect (Teal)|boost
|-boost|p1a: Tera|spe|1
|turn|14
|
|t:|1757844664
|move|p1a: Tera|Ivy Cudgel|p2a: Ribombee
|-resisted|p2a: Ribombee
|-damage|p2a: Ribombee|0 fnt
|faint|p2a: Ribombee
|
|upkeep
|
|t:|1757844669
|switch|p2a: Kleavor|Kleavor, F|100/100
|turn|15
|
|t:|1757844684
|move|p1a: Tera|Ivy Cudgel|p2a: Kleavor
|-crit|p2a: Kleavor
|-damage|p2a: Kleavor|0 fnt
|faint|p2a: Kleavor
|
|win|isaac_lmaoo
|raw|isaac_lmaoo's rating: 1261 &rarr; <strong>1285</strong><br />(+24 for winning)
|raw|dlkcm's rating: 1243 &rarr; <strong>1219</strong><br />(-24 for losing)
|l|☆isaac_lmaoo
|player|p1|
|l|☆dlkcm
|player|p2|
