|j|☆SlushieXO
|j|☆arcadecarol
|t:|1757949721
|gametype|singles
|player|p1|SlushieXO|valerie|1049
|player|p2|arcadecarol|rocketgruntf|1096
|gen|9
|tier|[Gen 9] OU
|rated|
|rule|HP Percentage Mod: HP is shown in percentages
|rule|Endless Battle Clause: Forcing endless battles is banned
|rule|Species Clause: Limit one of each Pokémon
|rule|OHKO Clause: OHKO moves are banned
|rule|Evasion Items Clause: Evasion items are banned
|rule|Evasion Moves Clause: Evasion moves are banned
|rule|Evasion Abilities Clause: Evasion abilities are banned
|rule|Sleep Moves Clause: Sleep-inducing moves are banned
|clearpoke
|poke|p1|Porygon-Z|
|poke|p1|Gholdengo|
|poke|p1|Tsareena, F|
|poke|p1|Samurott-Hisui, F|
|poke|p1|Araquanid, M|
|poke|p1|Slither Wing|
|poke|p2|Glaceon, F|
|poke|p2|Ninetales-Alola, F|
|poke|p2|Sneasel-Hisui, F|
|poke|p2|Alomomola, F|
|poke|p2|Great Tusk|
|poke|p2|Braviary-Hisui, M|
|teampreview
|c|☆arcadecarol|Oooo
|c|☆arcadecarol|Glhf
|
|t:|1757949734
|teamsize|p1|6
|teamsize|p2|6
|start
|switch|p1a: Samurott|Samurott-Hisui, F|100/100
|switch|p2a: Ninetales|Ninetales-Alola, F, shiny|100/100
|-weather|Snowscape|[from] ability: Snow Warning|[of] p2a: Ninetales
|turn|1
|
|t:|1757949776
|move|p1a: Samurott|Ceaseless Edge|p2a: Ninetales
|-resisted|p2a: Ninetales
|-damage|p2a: Ninetales|88/100
|-sidestart|p2: arcadecarol|Spikes
|move|p2a: Ninetales|Moonblast|p1a: Samurott
|-supereffective|p1a: Samurott
|-damage|p1a: Samurott|19/100
|
|-weather|Snowscape|[upkeep]
|upkeep
|turn|2
|
|t:|1757949790
|switch|p1a: Gholdengo|Gholdengo|100/100
|move|p2a: Ninetales|Aurora Veil|p2a: Ninetales
|-sidestart|p2: arcadecarol|move: Aurora Veil
|
|-weather|Snowscape|[upkeep]
|upkeep
|turn|3
|
|t:|1757949804
|switch|p2a: Great Tusk|Great Tusk|100/100
|move|p1a: Gholdengo|Thunderbolt|p2a: Great Tusk
|-immune|p2a: Great Tusk
|
|-weather|Snowscape|[upkeep]
|upkeep
|turn|4
|
|t:|1757949814
|switch|p1a: Araquanid|Araquanid, M|100/100
|move|p2a: Great Tusk|Knock Off|p1a: Araquanid
|-damage|p1a: Araquanid|72/100
|-enditem|p1a: Araquanid|Leftovers|[from] move: Knock Off|[of] p2a: Great Tusk
|
|-weather|Snowscape|[upkeep]
|upkeep
|turn|5
|
|t:|1757949836
|-end|p2a: Great Tusk|Protosynthesis|[silent]
|switch|p2a: Glaceon|Glaceon, F|100/100
|-damage|p2a: Glaceon|88/100|[from] Spikes
|move|p1a: Araquanid|Substitute|p1a: Araquanid
|-start|p1a: Araquanid|Substitute
|-damage|p1a: Araquanid|47/100
|
|-weather|Snowscape|[upkeep]
|-heal|p2a: Glaceon|94/100|[from] ability: Ice Body
|upkeep
|turn|6
|
|t:|1757949847
|move|p2a: Glaceon|Blizzard|p1a: Araquanid
|-resisted|p1a: Araquanid
|-end|p1a: Araquanid|Substitute
|move|p1a: Araquanid|Sticky Web|p2a: Glaceon
|-sidestart|p2: arcadecarol|move: Sticky Web
|
|-weather|Snowscape|[upkeep]
|-heal|p2a: Glaceon|99/100|[from] ability: Ice Body
|-sideend|p2: arcadecarol|move: Aurora Veil
|upkeep
|turn|7
|
|t:|1757949857
|move|p2a: Glaceon|Blizzard|p1a: Araquanid
|-resisted|p1a: Araquanid
|-damage|p1a: Araquanid|8/100
|move|p1a: Araquanid|Liquidation|p2a: Glaceon
|-damage|p2a: Glaceon|67/100
|-unboost|p2a: Glaceon|def|1
|
|-weather|Snowscape|[upkeep]
|-heal|p2a: Glaceon|73/100|[from] ability: Ice Body
|upkeep
|turn|8
|
|t:|1757949867
|move|p2a: Glaceon|Blizzard|p1a: Araquanid
|-resisted|p1a: Araquanid
|-damage|p1a: Araquanid|0 fnt
|faint|p1a: Araquanid
|
|-weather|none
|upkeep
|
|t:|1757949879
|switch|p1a: Gholdengo|Gholdengo|100/100
|turn|9
|
|t:|1757949889
|switch|p2a: Great Tusk|Great Tusk|100/100
|move|p1a: Gholdengo|Make It Rain|p2a: Great Tusk
|-crit|p2a: Great Tusk
|-damage|p2a: Great Tusk|0 fnt
|-unboost|p1a: Gholdengo|spa|1
|faint|p2a: Great Tusk
|-end|p2a: Great Tusk|Protosynthesis|[silent]
|
|upkeep
|c|☆arcadecarol|Bro
|
|t:|1757949901
|switch|p2a: Ninetales|Ninetales-Alola, F, shiny|88/100
|-damage|p2a: Ninetales|75/100|[from] Spikes
|-activate|p2a: Ninetales|move: Sticky Web
|-unboost|p2a: Ninetales|spe|1
|-weather|Snowscape|[from] ability: Snow Warning|[of] p2a: Ninetales
|turn|10
|
|t:|1757949919
|move|p1a: Gholdengo|Make It Rain|p2a: Ninetales
|-supereffective|p2a: Ninetales
|-damage|p2a: Ninetales|0 fnt
|-unboost|p1a: Gholdengo|spa|1
|faint|p2a: Ninetales
|
|-weather|Snowscape|[upkeep]
|upkeep
|
|t:|1757949930
|switch|p2a: Braviary|Braviary-Hisui, M|100/100
|turn|11
|
|t:|1757949942
|switch|p1a: Tsareena|Tsareena, F|100/100
|move|p2a: Braviary|Heat Wave|p1a: Tsareena|[miss]
|-miss|p2a: Braviary|p1a: Tsareena
|
|-weather|Snowscape|[upkeep]
|upkeep
|turn|12
|
|t:|1757949951
|move|p2a: Braviary|Heat Wave|p1a: Tsareena
|-supereffective|p1a: Tsareena
|-damage|p1a: Tsareena|2/100
|-status|p1a: Tsareena|brn
|move|p1a: Tsareena|Triple Axel|p2a: Braviary
|-supereffective|p2a: Braviary
|-damage|p2a: Braviary|92/100
|-supereffective|p2a: Braviary
|-damage|p2a: Braviary|77/100
|-supereffective|p2a: Braviary
|-damage|p2a: Braviary|55/100
|-hitcount|p2a: Braviary|3
|
|-weather|Snowscape|[upkeep]
|-damage|p1a: Tsareena|0 fnt|[from] brn
|faint|p1a: Tsareena
|upkeep
|
|t:|1757949959
|switch|p1a: Samurott|Samurott-Hisui, F|19/100
|turn|13
|
|t:|1757949969
|switch|p2a: Glaceon|Glaceon, F|73/100
|-damage|p2a: Glaceon|61/100|[from] Spikes
|-activate|p2a: Glaceon|move: Sticky Web
|-unboost|p2a: Glaceon|spe|1
|move|p1a: Samurott|Ceaseless Edge|p2a: Glaceon
|-damage|p2a: Glaceon|30/100
|-sidestart|p2: arcadecarol|Spikes
|
|-weather|Snowscape|[upkeep]
|-heal|p2a: Glaceon|36/100|[from] ability: Ice Body
|upkeep
|turn|14
|
|t:|1757949982
|move|p1a: Samurott|Ceaseless Edge|p2a: Glaceon
|-damage|p2a: Glaceon|7/100
|-sidestart|p2: arcadecarol|Spikes
|move|p2a: Glaceon|Ice Beam|p1a: Samurott
|-resisted|p1a: Samurott
|-damage|p1a: Samurott|0 fnt
|faint|p1a: Samurott
|
|-weather|Snowscape|[upkeep]
|-heal|p2a: Glaceon|13/100|[from] ability: Ice Body
|upkeep
|
|t:|1757949986
|switch|p1a: Gholdengo|Gholdengo|100/100
|turn|15
|
|t:|1757949994
|switch|p2a: Alomomola|Alomomola, F|100/100
|move|p1a: Gholdengo|Shadow Ball|p2a: Alomomola
|-damage|p2a: Alomomola|54/100
|
|-weather|Snowscape|[upkeep]
|upkeep
|turn|16
|
|t:|1757950001
|move|p1a: Gholdengo|Thunderbolt|p2a: Alomomola
|-supereffective|p2a: Alomomola
|-damage|p2a: Alomomola|0 fnt
|faint|p2a: Alomomola
|
|-weather|Snowscape|[upkeep]
|upkeep
|
|t:|1757950007
|switch|p2a: Braviary|Braviary-Hisui, M|55/100
|turn|17
|
|t:|1757950018
|move|p1a: Gholdengo|Thunderbolt|p2a: Braviary
|-supereffective|p2a: Braviary
|-damage|p2a: Braviary|0 fnt
|faint|p2a: Braviary
|
|-weather|none
|upkeep
|
|t:|1757950026
|switch|p2a: Sneasel|Sneasel-Hisui, F|100/100
|-damage|p2a: Sneasel|76/100|[from] Spikes
|-activate|p2a: Sneasel|move: Sticky Web
|-unboost|p2a: Sneasel|spe|1
|turn|18
|
|t:|1757950039
|-terastallize|p2a: Sneasel|Fighting
|move|p2a: Sneasel|Close Combat|p1a: Gholdengo
|-immune|p1a: Gholdengo
|move|p1a: Gholdengo|Psyshock|p2a: Sneasel
|-supereffective|p2a: Sneasel
|-damage|p2a: Sneasel|0 fnt
|faint|p2a: Sneasel
|
|upkeep
|c|☆arcadecarol|Ddamn
|c|☆arcadecarol|Gg
|-message|arcadecarol forfeited.
|
|win|SlushieXO
|raw|SlushieXO's rating: 1049 &rarr; <strong>1086</strong><br />(+37 for winning)
|raw|arcadecarol's rating: 1096 &rarr; <strong>1068</strong><br />(-28 for losing)
|l|☆arcadecarol
|player|p2|
|c|☆SlushieXO|Gg
