|j|☆4DEF+4SPD=GG
|j|☆Aggron1337
|t:|1757945332
|gametype|singles
|player|p1|4DEF+4SPD=GG|preschooler|1423
|player|p2|Aggron1337|pokemaniac|1415
|gen|9
|tier|[Gen 9] OU
|rated|
|rule|HP Percentage Mod: HP is shown in percentages
|rule|Endless Battle Clause: Forcing endless battles is banned
|rule|Species Clause: Limit one of each Pokémon
|rule|OHKO Clause: OHKO moves are banned
|rule|Evasion Items Clause: Evasion items are banned
|rule|Evasion Moves Clause: Evasion moves are banned
|rule|Evasion Abilities Clause: Evasion abilities are banned
|rule|Sleep Moves Clause: Sleep-inducing moves are banned
|clearpoke
|poke|p1|Tyranitar, M|
|poke|p1|Excadrill, M|
|poke|p1|Corviknight, M|
|poke|p1|Glimmora, M|
|poke|p1|Hippowdon, M|
|poke|p1|Scizor, M|
|poke|p2|Kyurem|
|poke|p2|Excadrill, M|
|poke|p2|Samurott-Hisui, M|
|poke|p2|Cramorant, M|
|poke|p2|Hatterene, F|
|poke|p2|Zapdos|
|teampreview
|inactive|Battle timer is ON: inactive players will automatically lose when time's up. (requested by 4DEF+4SPD=GG)
|
|t:|1757945343
|teamsize|p1|6
|teamsize|p2|6
|start
|switch|p1a: Scizor|Scizor, M|100/100
|switch|p2a: Cramorant|Cramorant, M|100/100
|turn|1
|
|t:|1757945356
|move|p2a: Cramorant|Surf|p1a: Scizor
|-formechange|p2a: Cramorant|Cramorant-Gulping|
|-damage|p1a: Scizor|58/100
|move|p1a: Scizor|Knock Off|p2a: Cramorant
|-damage|p2a: Cramorant|7/100
|-damage|p1a: Scizor|33/100|[from] ability: Gulp Missile|[of] p2a: Cramorant
|-unboost|p1a: Scizor|def|1
|-formechange|p2a: Cramorant|Cramorant|
|-enditem|p2a: Cramorant|Heavy-Duty Boots|[from] move: Knock Off|[of] p1a: Scizor
|
|upkeep
|turn|2
|
|t:|1757945366
|switch|p1a: Corviknight|Corviknight, M|100/100
|move|p2a: Cramorant|Roost|p2a: Cramorant
|-heal|p2a: Cramorant|57/100
|-singleturn|p2a: Cramorant|move: Roost
|
|upkeep
|turn|3
|
|t:|1757945368
|move|p2a: Cramorant|Roost|p2a: Cramorant
|-heal|p2a: Cramorant|100/100
|-singleturn|p2a: Cramorant|move: Roost
|move|p1a: Corviknight|U-turn|p2a: Cramorant
|-damage|p2a: Cramorant|78/100
|
|t:|1757945381
|switch|p1a: Hippowdon|Hippowdon, M|100/100|[from] U-turn
|-weather|Sandstorm|[from] ability: Sand Stream|[of] p1a: Hippowdon
|
|-weather|Sandstorm|[upkeep]
|-damage|p2a: Cramorant|71/100|[from] Sandstorm
|upkeep
|turn|4
|
|t:|1757945387
|switch|p1a: Corviknight|Corviknight, M|100/100
|move|p2a: Cramorant|Surf|p1a: Corviknight
|-formechange|p2a: Cramorant|Cramorant-Gulping|
|-damage|p1a: Corviknight|66/100
|
|-weather|Sandstorm|[upkeep]
|-damage|p2a: Cramorant|65/100|[from] Sandstorm
|upkeep
|turn|5
|
|t:|1757945392
|move|p2a: Cramorant|Roost|p2a: Cramorant
|-heal|p2a: Cramorant|100/100
|-singleturn|p2a: Cramorant|move: Roost
|move|p1a: Corviknight|U-turn|p2a: Cramorant
|-damage|p2a: Cramorant|76/100
|-damage|p1a: Corviknight|41/100|[from] ability: Gulp Missile|[of] p2a: Cramorant
|-ability|p1a: Corviknight|Mirror Armor
|-unboost|p2a: Cramorant|def|1
|-formechange|p2a: Cramorant|Cramorant|
|
|t:|1757945393
|switch|p1a: Glimmora|Glimmora, M|100/100|[from] U-turn
|
|-weather|Sandstorm|[upkeep]
|-damage|p2a: Cramorant|70/100|[from] Sandstorm
|upkeep
|turn|6
|
|t:|1757945399
|switch|p2a: Excadrill|Excadrill, M|100/100
|-ability|p2a: Excadrill|Mold Breaker
|-terastallize|p1a: Glimmora|Bug
|move|p1a: Glimmora|Rock Polish|p1a: Glimmora
|-boost|p1a: Glimmora|spe|2
|
|-weather|Sandstorm|[upkeep]
|-damage|p1a: Glimmora|94/100|[from] Sandstorm
|upkeep
|turn|7
|
|t:|1757945402
|move|p1a: Glimmora|Earth Power|p2a: Excadrill
|-supereffective|p2a: Excadrill
|-damage|p2a: Excadrill|23/100
|move|p2a: Excadrill|Iron Head|p1a: Glimmora
|-damage|p1a: Glimmora|49/100
|-activate|p1a: Glimmora|ability: Toxic Debris
|-sidestart|p2: Aggron1337|move: Toxic Spikes
|
|-weather|Sandstorm|[upkeep]
|-damage|p1a: Glimmora|43/100|[from] Sandstorm
|-heal|p2a: Excadrill|29/100|[from] item: Leftovers
|upkeep
|turn|8
|
|t:|1757945412
|move|p1a: Glimmora|Earth Power|p2a: Excadrill
|-supereffective|p2a: Excadrill
|-damage|p2a: Excadrill|0 fnt
|faint|p2a: Excadrill
|
|-weather|Sandstorm|[upkeep]
|-damage|p1a: Glimmora|37/100|[from] Sandstorm
|upkeep
|
|t:|1757945419
|switch|p2a: Zapdos|Zapdos, shiny|100/100
|turn|9
|
|t:|1757945422
|move|p1a: Glimmora|Meteor Beam||[still]
|-prepare|p1a: Glimmora|Meteor Beam
|-boost|p1a: Glimmora|spa|1
|-enditem|p1a: Glimmora|Power Herb
|-anim|p1a: Glimmora|Meteor Beam|p2a: Zapdos
|-supereffective|p2a: Zapdos
|-damage|p2a: Zapdos|0 fnt
|faint|p2a: Zapdos
|
|-weather|Sandstorm|[upkeep]
|-damage|p1a: Glimmora|31/100|[from] Sandstorm
|upkeep
|
|t:|1757945425
|switch|p2a: Samurott|Samurott-Hisui, M|100/100
|-status|p2a: Samurott|psn
|turn|10
|
|t:|1757945433
|move|p1a: Glimmora|Sludge Wave|p2a: Samurott
|-damage|p2a: Samurott|0 fnt
|faint|p2a: Samurott
|
|-weather|none
|upkeep
|-message|Aggron1337 forfeited.
|
|win|4DEF+4SPD=GG
|raw|4DEF+4SPD=GG's rating: 1423 &rarr; <strong>1443</strong><br />(+20 for winning)
|raw|Aggron1337's rating: 1415 &rarr; <strong>1395</strong><br />(-20 for losing)
|l|☆Aggron1337
|player|p2|
