|j|☆firecharmander004
|j|☆spreadcrosser
|t:|1757826983
|gametype|singles
|player|p1|firecharmander004|102|1341
|player|p2|spreadcrosser|101|1319
|gen|9
|tier|[Gen 9] OU
|rated|
|rule|HP Percentage Mod: HP is shown in percentages
|rule|Endless Battle Clause: Forcing endless battles is banned
|rule|Species Clause: Limit one of each Pokémon
|rule|OHKO Clause: OHKO moves are banned
|rule|Evasion Items Clause: Evasion items are banned
|rule|Evasion Moves Clause: Evasion moves are banned
|rule|Evasion Abilities Clause: Evasion abilities are banned
|rule|Sleep Moves Clause: Sleep-inducing moves are banned
|clearpoke
|poke|p1|Arcanine-Hisui, F|
|poke|p1|Landorus-Therian, M|
|poke|p1|Meowscarada, M|
|poke|p1|Zamazenta-*|
|poke|p1|Slowking-Galar, M|
|poke|p1|Weezing-Galar, M|
|poke|p2|Serperior, M|
|poke|p2|Kingambit, F|
|poke|p2|Excadrill, M|
|poke|p2|Iron Hands|
|poke|p2|Ceruledge, F|
|poke|p2|Raging Bolt|
|teampreview
|inactive|Battle timer is ON: inactive players will automatically lose when time's up. (requested by spreadcrosser)
|inactive|firecharmander004 also wants the timer to be on.
|
|t:|1757826992
|teamsize|p1|6
|teamsize|p2|6
|start
|switch|p1a: Meowscarada|Meowscarada, M, shiny|100/100
|switch|p2a: Iron Hands|Iron Hands|100/100
|-enditem|p2a: Iron Hands|Booster Energy
|-activate|p2a: Iron Hands|ability: Quark Drive|[fromitem]
|-start|p2a: Iron Hands|quarkdriveatk
|turn|1
|
|t:|1757827001
|move|p1a: Meowscarada|U-turn|p2a: Iron Hands
|-start|p1a: Meowscarada|typechange|Bug|[from] ability: Protean
|-resisted|p2a: Iron Hands
|-damage|p2a: Iron Hands|89/100
|
|t:|1757827005
|switch|p1a: Landorus|Landorus-Therian, M, shiny|100/100|[from] U-turn
|-ability|p1a: Landorus|Intimidate|boost
|-unboost|p2a: Iron Hands|atk|1
|move|p2a: Iron Hands|Swords Dance|p2a: Iron Hands
|-boost|p2a: Iron Hands|atk|2
|
|upkeep
|turn|2
|
|t:|1757827018
|-terastallize|p1a: Landorus|Water
|-terastallize|p2a: Iron Hands|Flying
|move|p1a: Landorus|Earthquake|p2a: Iron Hands
|-immune|p2a: Iron Hands
|move|p2a: Iron Hands|Ice Punch|p1a: Landorus
|-resisted|p1a: Landorus
|-damage|p1a: Landorus|73/100
|-damage|p2a: Iron Hands|73/100|[from] item: Rocky Helmet|[of] p1a: Landorus
|
|upkeep
|turn|3
|inactive|firecharmander004 has 120 seconds left.
|
|t:|1757827049
|switch|p1a: Meowscarada|Meowscarada, M, shiny|100/100
|move|p2a: Iron Hands|Supercell Slam|p1a: Meowscarada
|-resisted|p1a: Meowscarada
|-damage|p1a: Meowscarada|6/100
|
|upkeep
|turn|4
|
|t:|1757827058
|move|p1a: Meowscarada|Triple Axel|p2a: Iron Hands
|-start|p1a: Meowscarada|typechange|Ice|[from] ability: Protean
|-supereffective|p2a: Iron Hands
|-damage|p2a: Iron Hands|60/100
|-supereffective|p2a: Iron Hands
|-damage|p2a: Iron Hands|33/100
|-supereffective|p2a: Iron Hands
|-damage|p2a: Iron Hands|0 fnt
|faint|p2a: Iron Hands
|-end|p2a: Iron Hands|Quark Drive|[silent]
|-hitcount|p2: Iron Hands|3
|
|upkeep
|
|t:|1757827066
|switch|p2a: Excadrill|Excadrill, M|100/100
|-ability|p2a: Excadrill|Mold Breaker
|turn|5
|
|t:|1757827071
|move|p1a: Meowscarada|Triple Axel|p2a: Excadrill
|-damage|p2a: Excadrill|88/100
|-damage|p2a: Excadrill|63/100
|-damage|p2a: Excadrill|24/100
|-hitcount|p2a: Excadrill|3
|move|p2a: Excadrill|Rapid Spin|p1a: Meowscarada
|-damage|p1a: Meowscarada|0 fnt
|-boost|p2a: Excadrill|spe|1
|faint|p1a: Meowscarada
|
|upkeep
|
|t:|1757827083
|switch|p1a: Landorus|Landorus-Therian, M, shiny, tera:Water|73/100
|-ability|p1a: Landorus|Intimidate|boost
|-unboost|p2a: Excadrill|atk|1
|turn|6
|
|t:|1757827087
|move|p2a: Excadrill|Stealth Rock|p1a: Landorus
|-sidestart|p1: firecharmander004|move: Stealth Rock
|move|p1a: Landorus|Earthquake|p2a: Excadrill
|-supereffective|p2a: Excadrill
|-damage|p2a: Excadrill|0 fnt
|faint|p2a: Excadrill
|
|upkeep
|
|t:|1757827090
|switch|p2a: Serperior|Serperior, M|100/100
|turn|7
|
|t:|1757827108
|switch|p1a: Slowking|Slowking-Galar, M|100/100
|move|p2a: Serperior|Leaf Storm|p1a: Slowking
|-resisted|p1a: Slowking
|-damage|p1a: Slowking|84/100
|-boost|p2a: Serperior|spa|2
|-damage|p2a: Serperior|91/100|[from] item: Life Orb
|
|upkeep
|turn|8
|
|t:|1757827113
|move|p2a: Serperior|Glare|p1a: Slowking
|-status|p1a: Slowking|par
|move|p1a: Slowking|Thunder Wave|p2a: Serperior
|-status|p2a: Serperior|par
|
|upkeep
|turn|9
|
|t:|1757827117
|switch|p2a: Raging Bolt|Raging Bolt|100/100
|-prepare|p1a: Slowking|Chilly Reception|[premajor]
|move|p1a: Slowking|Chilly Reception|p1a: Slowking
|-weather|Snowscape
|
|t:|1757827129
|switch|p1a: Arcanine|Arcanine-Hisui, F|100/100|[from] Chilly Reception
|-damage|p1a: Arcanine|76/100|[from] Stealth Rock
|
|-weather|Snowscape|[upkeep]
|upkeep
|turn|10
|
|t:|1757827138
|move|p2a: Raging Bolt|Thunderclap|p1a: Arcanine
|-damage|p1a: Arcanine|26/100
|move|p1a: Arcanine|Head Smash|p2a: Raging Bolt
|-damage|p2a: Raging Bolt|8/100
|
|-weather|Snowscape|[upkeep]
|-heal|p2a: Raging Bolt|14/100|[from] item: Leftovers
|upkeep
|turn|11
|
|t:|1757827154
|switch|p1a: Landorus|Landorus-Therian, M, shiny, tera:Water|73/100
|-damage|p1a: Landorus|60/100|[from] Stealth Rock
|-ability|p1a: Landorus|Intimidate|boost
|-unboost|p2a: Raging Bolt|atk|1
|move|p2a: Raging Bolt|Thunderclap||[still]
|-fail|p2a: Raging Bolt
|
|-weather|Snowscape|[upkeep]
|-heal|p2a: Raging Bolt|20/100|[from] item: Leftovers
|upkeep
|turn|12
|
|t:|1757827162
|-end|p2a: Raging Bolt|Protosynthesis|[silent]
|switch|p2a: Serperior|Serperior, M|91/100 par
|move|p1a: Landorus|Taunt|p2a: Serperior
|-start|p2a: Serperior|move: Taunt
|
|-weather|Snowscape|[upkeep]
|upkeep
|turn|13
|
|t:|1757827166
|move|p1a: Landorus|U-turn|p2a: Serperior
|-supereffective|p2a: Serperior
|-damage|p2a: Serperior|31/100 par
|
|t:|1757827174
|switch|p1a: Slowking|Slowking-Galar, M|100/100 par|[from] U-turn
|move|p2a: Serperior|Leaf Storm|p1a: Slowking
|-resisted|p1a: Slowking
|-damage|p1a: Slowking|82/100 par
|-boost|p2a: Serperior|spa|2
|-damage|p2a: Serperior|21/100 par|[from] item: Life Orb
|
|-weather|none
|upkeep
|turn|14
|
|t:|1757827180
|move|p2a: Serperior|Leaf Storm|p1a: Slowking
|-resisted|p1a: Slowking
|-damage|p1a: Slowking|47/100 par
|-boost|p2a: Serperior|spa|2
|-damage|p2a: Serperior|11/100 par|[from] item: Life Orb
|move|p1a: Slowking|Sludge Bomb|p2a: Serperior
|-supereffective|p2a: Serperior
|-damage|p2a: Serperior|0 fnt
|faint|p2a: Serperior
|
|upkeep
|
|t:|1757827184
|switch|p2a: Raging Bolt|Raging Bolt|20/100
|turn|15
|
|t:|1757827192
|switch|p1a: Landorus|Landorus-Therian, M, shiny, tera:Water|60/100
|-damage|p1a: Landorus|48/100|[from] Stealth Rock
|-ability|p1a: Landorus|Intimidate|boost
|-unboost|p2a: Raging Bolt|atk|1
|move|p2a: Raging Bolt|Calm Mind|p2a: Raging Bolt
|-boost|p2a: Raging Bolt|spa|1
|-boost|p2a: Raging Bolt|spd|1
|
|-heal|p2a: Raging Bolt|26/100|[from] item: Leftovers
|upkeep
|turn|16
|
|t:|1757827201
|move|p1a: Landorus|Earthquake|p2a: Raging Bolt
|-supereffective|p2a: Raging Bolt
|-damage|p2a: Raging Bolt|0 fnt
|faint|p2a: Raging Bolt
|-end|p2a: Raging Bolt|Protosynthesis|[silent]
|
|upkeep
|-message|spreadcrosser forfeited.
|
|win|firecharmander004
|raw|firecharmander004's rating: 1341 &rarr; <strong>1360</strong><br />(+19 for winning)
|raw|spreadcrosser's rating: 1319 &rarr; <strong>1300</strong><br />(-19 for losing)
|l|☆spreadcrosser
|player|p2|
