|badge|p1|bronze|gen9ou|100-6
|uhtml|medal-msg|<div class="broadcast-blue">Curious what those medals under the avatar are? PS now has Ladder Seasons! For more information, check out the <a href="https://www.smogon.com/forums/threads/3740067/">thread on Smogon.</a></div>
|badge|p2|bronze|gen9ou|100-6
|uhtml|medal-msg|<div class="broadcast-blue">Curious what those medals under the avatar are? PS now has Ladder Seasons! For more information, check out the <a href="https://www.smogon.com/forums/threads/3740067/">thread on Smogon.</a></div>
|j|☆king of shanghai
|j|☆54 Insane Rats
|t:|1757906105
|gametype|singles
|player|p1|king of shanghai|elesa|1882
|player|p2|54 Insane Rats|supernerd|1861
|gen|9
|tier|[Gen 9] OU
|rated|
|rule|HP Percentage Mod: HP is shown in percentages
|rule|Endless Battle Clause: Forcing endless battles is banned
|rule|Species Clause: Limit one of each Pokémon
|rule|OHKO Clause: OHKO moves are banned
|rule|Evasion Items Clause: Evasion items are banned
|rule|Evasion Moves Clause: Evasion moves are banned
|rule|Evasion Abilities Clause: Evasion abilities are banned
|rule|Sleep Moves Clause: Sleep-inducing moves are banned
|clearpoke
|poke|p1|Indeedee, M|
|poke|p1|Hatterene, F|
|poke|p1|Ursaluna, F|
|poke|p1|Iron Hands|
|poke|p1|Hoopa-Unbound|
|poke|p1|Mimikyu, F|
|poke|p2|Tyranitar, M|
|poke|p2|Excadrill, F|
|poke|p2|Kingambit, M|
|poke|p2|Garchomp, F|
|poke|p2|Pecharunt|
|poke|p2|Rotom-Wash|
|teampreview
|inactive|Battle timer is ON: inactive players will automatically lose when time's up. (requested by 54 Insane Rats)
|
|t:|1757906126
|teamsize|p1|6
|teamsize|p2|6
|start
|switch|p1a: Iron Hands|Iron Hands, shiny|100/100
|switch|p2a: Rotom|Rotom-Wash|100/100
|-enditem|p1a: Iron Hands|Booster Energy
|-activate|p1a: Iron Hands|ability: Quark Drive|[fromitem]
|-start|p1a: Iron Hands|quarkdriveatk
|turn|1
|
|t:|1757906130
|move|p2a: Rotom|Will-O-Wisp|p1a: Iron Hands
|-status|p1a: Iron Hands|brn
|move|p1a: Iron Hands|Close Combat|p2a: Rotom
|-damage|p2a: Rotom|66/100
|-unboost|p1a: Iron Hands|def|1
|-unboost|p1a: Iron Hands|spd|1
|
|-heal|p2a: Rotom|72/100|[from] item: Leftovers
|-damage|p1a: Iron Hands|94/100 brn|[from] brn
|upkeep
|turn|2
|
|t:|1757906143
|-end|p1a: Iron Hands|Quark Drive|[silent]
|switch|p1a: Indeedee|Indeedee, M, shiny|100/100
|-fieldstart|move: Psychic Terrain|[from] ability: Psychic Surge|[of] p1a: Indeedee
|move|p2a: Rotom|Hydro Pump|p1a: Indeedee
|-damage|p1a: Indeedee|57/100
|
|-heal|p2a: Rotom|78/100|[from] item: Leftovers
|upkeep
|turn|3
|
|t:|1757906148
|move|p2a: Rotom|Volt Switch|p1a: Indeedee
|-damage|p1a: Indeedee|27/100
|
|t:|1757906158
|switch|p2a: Kingambit|Kingambit, M|100/100|[from] Volt Switch
|move|p1a: Indeedee|Trick Room|p1a: Indeedee
|-fieldstart|move: Trick Room|[of] p1a: Indeedee
|
|upkeep
|turn|4
|j| meelll0
|
|t:|1757906175
|switch|p1a: Ursaluna|Ursaluna, F|100/100
|move|p2a: Kingambit|Kowtow Cleave|p1a: Ursaluna
|-damage|p1a: Ursaluna|54/100
|
|-status|p1a: Ursaluna|brn|[from] item: Flame Orb
|upkeep
|turn|5
|
|t:|1757906180
|-end|p2a: Kingambit|fallenundefined|[silent]
|switch|p2a: Pecharunt|Pecharunt|100/100
|-item|p2a: Pecharunt|Air Balloon
|move|p1a: Ursaluna|Facade|p2a: Pecharunt
|-immune|p2a: Pecharunt
|
|-damage|p1a: Ursaluna|48/100 brn|[from] brn
|upkeep
|turn|6
|
|t:|1757906184
|move|p1a: Ursaluna|Ice Punch|p2a: Pecharunt
|-damage|p2a: Pecharunt|80/100
|-enditem|p2a: Pecharunt|Air Balloon
|move|p2a: Pecharunt|Parting Shot|p1a: Ursaluna
|-unboost|p1a: Ursaluna|atk|1
|-unboost|p1a: Ursaluna|spa|1
|
|t:|1757906189
|switch|p2a: Rotom|Rotom-Wash|78/100|[from] Parting Shot
|
|-heal|p2a: Rotom|85/100|[from] item: Leftovers
|-damage|p1a: Ursaluna|42/100 brn|[from] brn
|upkeep
|turn|7
|
|t:|1757906201
|switch|p1a: Hoopa|Hoopa-Unbound|100/100
|-enditem|p1a: Hoopa|Psychic Seed
|-boost|p1a: Hoopa|spd|1|[from] item: Psychic Seed
|move|p2a: Rotom|Hydro Pump|p1a: Hoopa
|-damage|p1a: Hoopa|79/100
|
|-heal|p2a: Rotom|91/100|[from] item: Leftovers
|-fieldend|move: Trick Room
|upkeep
|turn|8
|
|t:|1757906206
|move|p2a: Rotom|Volt Switch|p1a: Hoopa
|-damage|p1a: Hoopa|66/100
|
|t:|1757906217
|switch|p2a: Tyranitar|Tyranitar, M|100/100|[from] Volt Switch
|-weather|Sandstorm|[from] ability: Sand Stream|[of] p2a: Tyranitar
|move|p1a: Hoopa|Trick Room|p1a: Hoopa
|-fieldstart|move: Trick Room|[of] p1a: Hoopa
|
|-weather|Sandstorm|[upkeep]
|-damage|p1a: Hoopa|59/100|[from] Sandstorm
|upkeep
|turn|9
|
|t:|1757906228
|switch|p2a: Pecharunt|Pecharunt|80/100
|move|p1a: Hoopa|Focus Blast|p2a: Pecharunt
|-immune|p2a: Pecharunt
|
|-weather|Sandstorm|[upkeep]
|-damage|p1a: Hoopa|53/100|[from] Sandstorm
|-damage|p2a: Pecharunt|74/100|[from] Sandstorm
|-fieldend|move: Psychic Terrain
|upkeep
|turn|10
|j| professional goon
|
|t:|1757906234
|switch|p2a: Tyranitar|Tyranitar, M|100/100
|move|p1a: Hoopa|Focus Blast|p2a: Tyranitar|[miss]
|-miss|p1a: Hoopa|p2a: Tyranitar
|
|-weather|Sandstorm|[upkeep]
|-damage|p1a: Hoopa|47/100|[from] Sandstorm
|upkeep
|turn|11
|l| meelll0
|
|t:|1757906248
|move|p2a: Tyranitar|Stealth Rock|p1a: Hoopa
|-sidestart|p1: king of shanghai|move: Stealth Rock
|move|p1a: Hoopa|Focus Blast|p2a: Tyranitar
|-supereffective|p2a: Tyranitar
|-damage|p2a: Tyranitar|15/100
|-item|p1a: Hoopa|Smooth Rock|[from] ability: Magician|[of] p2a: Tyranitar
|
|-weather|Sandstorm|[upkeep]
|-damage|p1a: Hoopa|41/100|[from] Sandstorm
|upkeep
|turn|12
|
|t:|1757906253
|move|p2a: Tyranitar|Knock Off|p1a: Hoopa
|-damage|p1a: Hoopa|0 fnt
|-enditem|p1a: Hoopa|Smooth Rock|[from] move: Knock Off|[of] p2a: Tyranitar
|faint|p1a: Hoopa
|
|-weather|Sandstorm|[upkeep]
|-fieldend|move: Trick Room
|upkeep
|
|t:|1757906266
|switch|p1a: Indeedee|Indeedee, M, shiny|27/100
|-damage|p1a: Indeedee|15/100|[from] Stealth Rock
|-fieldstart|move: Psychic Terrain|[from] ability: Psychic Surge|[of] p1a: Indeedee
|turn|13
|
|t:|1757906272
|move|p1a: Indeedee|Healing Wish|p1a: Indeedee
|faint|p1a: Indeedee
|move|p2a: Tyranitar|Knock Off|p1: Indeedee|[notarget]
|-fail|p2a: Tyranitar
|
|-weather|Sandstorm|[upkeep]
|upkeep
|
|t:|1757906276
|switch|p1a: Hatterene|Hatterene, F|100/100
|-damage|p1a: Hatterene|88/100|[from] Stealth Rock
|turn|14
|
|t:|1757906279
|move|p2a: Tyranitar|Knock Off|p1a: Hatterene
|-damage|p1a: Hatterene|37/100
|-enditem|p1a: Hatterene|Life Orb|[from] move: Knock Off|[of] p2a: Tyranitar
|move|p1a: Hatterene|Trick Room|p1a: Hatterene
|-fieldstart|move: Trick Room|[of] p1a: Hatterene
|
|-weather|Sandstorm|[upkeep]
|-damage|p1a: Hatterene|31/100|[from] Sandstorm
|upkeep
|turn|15
|j| wgw2333
|
|t:|1757906286
|move|p1a: Hatterene|Draining Kiss|p2a: Tyranitar
|-supereffective|p2a: Tyranitar
|-damage|p2a: Tyranitar|0 fnt
|-heal|p1a: Hatterene|45/100|[from] drain|[of] p2a: Tyranitar
|faint|p2a: Tyranitar
|
|-weather|none
|upkeep
|inactive|54 Insane Rats has 120 seconds left.
|
|t:|1757906333
|switch|p2a: Kingambit|Kingambit, M|100/100
|-activate|p2a: Kingambit|ability: Supreme Overlord
|-start|p2a: Kingambit|fallen1|[silent]
|turn|16
|
|t:|1757906350
|-end|p2a: Kingambit|fallen1|[silent]
|switch|p2a: Pecharunt|Pecharunt|74/100
|move|p1a: Hatterene|Mystical Fire|p2a: Pecharunt
|-damage|p2a: Pecharunt|43/100
|-unboost|p2a: Pecharunt|spa|1
|
|upkeep
|turn|17
|inactive|54 Insane Rats has 120 seconds left.
|
|t:|1757906360
|move|p1a: Hatterene|Expanding Force|p2a: Pecharunt
|-supereffective|p2a: Pecharunt
|-damage|p2a: Pecharunt|0 fnt
|faint|p2a: Pecharunt
|
|upkeep
|inactive|54 Insane Rats has 120 seconds left.
|
|t:|1757906378
|switch|p2a: Kingambit|Kingambit, M|100/100
|-activate|p2a: Kingambit|ability: Supreme Overlord
|-start|p2a: Kingambit|fallen2|[silent]
|turn|18
|
|t:|1757906382
|move|p1a: Hatterene|Mystical Fire|p2a: Kingambit
|-supereffective|p2a: Kingambit
|-damage|p2a: Kingambit|38/100
|-unboost|p2a: Kingambit|spa|1
|move|p2a: Kingambit|Iron Head|p1a: Hatterene
|-supereffective|p1a: Hatterene
|-crit|p1a: Hatterene
|-damage|p1a: Hatterene|0 fnt
|faint|p1a: Hatterene
|
|-fieldend|move: Trick Room
|upkeep
|
|t:|1757906392
|switch|p1a: Iron Hands|Iron Hands, shiny|94/100 brn
|-heal|p1a: Iron Hands|100/100|[from] move: Healing Wish
|-damage|p1a: Iron Hands|94/100|[from] Stealth Rock
|turn|19
|
|t:|1757906397
|-end|p2a: Kingambit|fallen2|[silent]
|switch|p2a: Rotom|Rotom-Wash|91/100
|move|p1a: Iron Hands|Close Combat|p2a: Rotom
|-damage|p2a: Rotom|37/100
|-unboost|p1a: Iron Hands|def|1
|-unboost|p1a: Iron Hands|spd|1
|
|-heal|p2a: Rotom|44/100|[from] item: Leftovers
|upkeep
|turn|20
|
|t:|1757906405
|-end|p1a: Iron Hands|Quark Drive|[silent]
|switch|p1a: Ursaluna|Ursaluna, F|42/100 brn
|-damage|p1a: Ursaluna|36/100 brn|[from] Stealth Rock
|move|p2a: Rotom|Pain Split|p1a: Ursaluna
|-sethp|p1a: Ursaluna|32/100 brn|[from] move: Pain Split|[silent]
|-sethp|p2a: Rotom|49/100|[from] move: Pain Split
|
|-heal|p2a: Rotom|55/100|[from] item: Leftovers
|-damage|p1a: Ursaluna|26/100 brn|[from] brn
|-fieldend|move: Psychic Terrain
|upkeep
|turn|21
|
|t:|1757906409
|move|p2a: Rotom|Hydro Pump|p1a: Ursaluna|[miss]
|-miss|p2a: Rotom|p1a: Ursaluna
|move|p1a: Ursaluna|Facade|p2a: Rotom
|-damage|p2a: Rotom|0 fnt
|faint|p2a: Rotom
|
|-damage|p1a: Ursaluna|20/100 brn|[from] brn
|upkeep
|
|t:|1757906419
|switch|p2a: Excadrill|Excadrill, F|100/100
|turn|22
|
|t:|1757906423
|move|p2a: Excadrill|Earthquake|p1a: Ursaluna
|-damage|p1a: Ursaluna|0 fnt
|faint|p1a: Ursaluna
|-damage|p2a: Excadrill|91/100|[from] item: Life Orb
|
|upkeep
|
|t:|1757906426
|switch|p1a: Mimikyu|Mimikyu, F|100/100
|-damage|p1a: Mimikyu|88/100|[from] Stealth Rock
|turn|23
|inactive|king of shanghai has 120 seconds left.
|
|t:|1757906459
|move|p2a: Excadrill|Rock Slide|p1a: Mimikyu
|-activate|p1a: Mimikyu|ability: Disguise
|-damage|p1a: Mimikyu|88/100
|detailschange|p1a: Mimikyu|Mimikyu-Busted, F
|-damage|p1a: Mimikyu|76/100|[from] pokemon: Mimikyu-Busted
|-enditem|p1a: Mimikyu|Red Card|[of] p2a: Excadrill
|drag|p2a: Garchomp|Garchomp, F|100/100
|move|p1a: Mimikyu|Trick Room|p1a: Mimikyu
|-fieldstart|move: Trick Room|[of] p1a: Mimikyu
|
|upkeep
|turn|24
|inactive|king of shanghai has 120 seconds left.
|
|t:|1757906479
|switch|p2a: Excadrill|Excadrill, F|91/100
|move|p1a: Mimikyu|Curse|p2a: Excadrill
|-start|p2a: Excadrill|Curse|[of] p1a: Mimikyu
|-damage|p1a: Mimikyu|26/100
|
|-damage|p2a: Excadrill|66/100|[from] Curse
|upkeep
|turn|25
|inactive|king of shanghai has 120 seconds left.
|
|t:|1757906489
|switch|p1a: Iron Hands|Iron Hands, shiny|94/100
|-damage|p1a: Iron Hands|88/100|[from] Stealth Rock
|move|p2a: Excadrill|Swords Dance|p2a: Excadrill
|-boost|p2a: Excadrill|atk|2
|
|-damage|p2a: Excadrill|41/100|[from] Curse
|upkeep
|turn|26
|inactive|king of shanghai has 120 seconds left.
|
|t:|1757906496
|move|p1a: Iron Hands|Ice Punch|p2a: Excadrill
|-damage|p2a: Excadrill|1/100
|move|p2a: Excadrill|Earthquake|p1a: Iron Hands
|-supereffective|p1a: Iron Hands
|-damage|p1a: Iron Hands|0 fnt
|faint|p1a: Iron Hands
|-end|p1a: Iron Hands|Quark Drive|[silent]
|-damage|p2a: Excadrill|0 fnt|[from] item: Life Orb
|faint|p2a: Excadrill
|
|upkeep
|inactive|king of shanghai has 120 seconds left.
|
|t:|1757906502
|switch|p1a: Mimikyu|Mimikyu-Busted, F|26/100
|switch|p2a: Garchomp|Garchomp, F|100/100
|-damage|p1a: Mimikyu|13/100|[from] Stealth Rock
|turn|27
|-message|king of shanghai forfeited.
|
|win|54 Insane Rats
|raw|king of shanghai's rating: 1882 &rarr; <strong>1861</strong><br />(-21 for losing)
|raw|54 Insane Rats's rating: 1861 &rarr; <strong>1882</strong><br />(+21 for winning)
|l|☆king of shanghai
|player|p1|
|l|☆54 Insane Rats
|player|p2|
|l| professional goon
