|j|☆Shadomon
|j|☆jakeythot
|t:|1757923499
|gametype|singles
|player|p1|Shadomon|170|1249
|player|p2|jakeythot|170|1283
|gen|9
|tier|[Gen 9] OU
|rated|
|rule|HP Percentage Mod: HP is shown in percentages
|rule|Endless Battle Clause: Forcing endless battles is banned
|rule|Species Clause: Limit one of each Pokémon
|rule|OHKO Clause: OHKO moves are banned
|rule|Evasion Items Clause: Evasion items are banned
|rule|Evasion Moves Clause: Evasion moves are banned
|rule|Evasion Abilities Clause: Evasion abilities are banned
|rule|Sleep Moves Clause: Sleep-inducing moves are banned
|clearpoke
|poke|p1|Iron Valiant|
|poke|p1|Garchomp, M|
|poke|p1|Scizor, M|
|poke|p1|Meowscarada, M|
|poke|p1|Iron Moth|
|poke|p1|Samurott-Hisui, M|
|poke|p2|Clefable, M|
|poke|p2|Gliscor, F|
|poke|p2|Slowking-Galar, F|
|poke|p2|Skarmory, F|
|poke|p2|Kilowattrel, F|
|poke|p2|Serperior, F|
|teampreview
|inactive|Battle timer is ON: inactive players will automatically lose when time's up. (requested by Shadomon)
|
|t:|1757923514
|teamsize|p1|6
|teamsize|p2|6
|start
|switch|p1a: Feuillix|Meowscarada, M|100/100
|switch|p2a: Serperior|Serperior, F, shiny|100/100
|turn|1
|
|t:|1757923525
|move|p1a: Feuillix|Triple Axel|p2a: Serperior
|-start|p1a: Feuillix|typechange|Ice|[from] ability: Protean
|-supereffective|p2a: Serperior
|-damage|p2a: Serperior|68/100
|-supereffective|p2a: Serperior
|-damage|p2a: Serperior|0 fnt
|faint|p2a: Serperior
|-hitcount|p2: Serperior|2
|-damage|p1a: Feuillix|91/100|[from] item: Life Orb
|
|upkeep
|
|t:|1757923541
|switch|p2a: Skarmory|Skarmory, F|100/100
|turn|2
|
|t:|1757923547
|move|p1a: Feuillix|Knock Off|p2a: Skarmory
|-damage|p2a: Skarmory|76/100
|-enditem|p2a: Skarmory|Leftovers|[from] move: Knock Off|[of] p1a: Feuillix
|-damage|p1a: Feuillix|81/100|[from] item: Life Orb
|move|p2a: Skarmory|Iron Head|p1a: Feuillix
|-supereffective|p1a: Feuillix
|-damage|p1a: Feuillix|14/100
|
|upkeep
|turn|3
|
|t:|1757923559
|move|p1a: Feuillix|U-turn|p2a: Skarmory
|-resisted|p2a: Skarmory
|-damage|p2a: Skarmory|72/100
|-damage|p1a: Feuillix|5/100|[from] item: Life Orb
|
|t:|1757923567
|switch|p1a: Pyroxic|Iron Moth|100/100|[from] U-turn
|move|p2a: Skarmory|Spikes|p1a: Pyroxic
|-sidestart|p1: Shadomon|Spikes
|
|upkeep
|turn|4
|
|t:|1757923581
|switch|p2a: Slowking|Slowking-Galar, F|100/100
|move|p1a: Pyroxic|Fiery Dance|p2a: Slowking
|-damage|p2a: Slowking|78/100
|-boost|p1a: Pyroxic|spa|1
|
|upkeep
|turn|5
|
|t:|1757923590
|move|p1a: Pyroxic|Fiery Dance|p2a: Slowking
|-damage|p2a: Slowking|42/100
|-boost|p1a: Pyroxic|spa|1
|move|p2a: Slowking|Psychic|p1a: Pyroxic
|-supereffective|p1a: Pyroxic
|-damage|p1a: Pyroxic|8/100
|
|upkeep
|turn|6
|
|t:|1757923598
|move|p1a: Pyroxic|Fiery Dance|p2a: Slowking
|-damage|p2a: Slowking|0 fnt
|-boost|p1a: Pyroxic|spa|1
|faint|p2a: Slowking
|
|upkeep
|
|t:|1757923602
|switch|p2a: Kilowattrel|Kilowattrel, F|100/100
|turn|7
|
|t:|1757923609
|move|p2a: Kilowattrel|Air Slash|p1a: Pyroxic
|-damage|p1a: Pyroxic|0 fnt
|faint|p1a: Pyroxic
|-end|p1a: Pyroxic|Quark Drive|[silent]
|
|upkeep
|
|t:|1757923617
|switch|p1a: Darkmuron|Samurott-Hisui, M|100/100
|-damage|p1a: Darkmuron|88/100|[from] Spikes
|turn|8
|
|t:|1757923623
|move|p1a: Darkmuron|Ceaseless Edge|p2a: Kilowattrel
|-damage|p2a: Kilowattrel|19/100
|-sidestart|p2: jakeythot|Spikes
|move|p2a: Kilowattrel|Air Slash|p1a: Darkmuron
|-crit|p1a: Darkmuron
|-damage|p1a: Darkmuron|0 fnt
|faint|p1a: Darkmuron
|
|upkeep
|c|☆Shadomon|and a crit...
|
|t:|1757923639
|switch|p1a: Slasher|Scizor, M|100/100
|-damage|p1a: Slasher|88/100|[from] Spikes
|turn|9
|
|t:|1757923649
|switch|p2a: Skarmory|Skarmory, F|72/100
|move|p1a: Slasher|Bullet Punch|p2a: Skarmory
|-resisted|p2a: Skarmory
|-crit|p2a: Skarmory
|-damage|p2a: Skarmory|57/100
|
|upkeep
|turn|10
|
|t:|1757923656
|switch|p1a: Earak|Garchomp, M|100/100
|-damage|p1a: Earak|88/100|[from] Spikes
|move|p2a: Skarmory|Roost|p2a: Skarmory
|-heal|p2a: Skarmory|100/100
|-singleturn|p2a: Skarmory|move: Roost
|
|upkeep
|turn|11
|
|t:|1757923662
|move|p1a: Earak|Swords Dance|p1a: Earak
|-boost|p1a: Earak|atk|2
|move|p2a: Skarmory|Whirlwind|p1a: Earak
|drag|p1a: Feuillix|Meowscarada, M|5/100
|-damage|p1a: Feuillix|0 fnt|[from] Spikes
|faint|p1a: Feuillix
|
|upkeep
|
|t:|1757923672
|switch|p1a: Vay|Iron Valiant, shiny|100/100
|-damage|p1a: Vay|88/100|[from] Spikes
|turn|12
|
|t:|1757923680
|move|p1a: Vay|Thunderbolt|p2a: Skarmory
|-supereffective|p2a: Skarmory
|-ability|p2a: Skarmory|Sturdy
|-damage|p2a: Skarmory|1/100
|move|p2a: Skarmory|Spikes|p1a: Vay
|-sidestart|p1: Shadomon|Spikes
|
|upkeep
|turn|13
|
|t:|1757923695
|switch|p2a: Kilowattrel|Kilowattrel, F|19/100
|move|p1a: Vay|Thunderbolt|p2a: Kilowattrel
|-damage|p2a: Kilowattrel|0 fnt
|faint|p2a: Kilowattrel
|
|upkeep
|
|t:|1757923709
|switch|p2a: Gliscor|Gliscor, F, shiny|100/100
|turn|14
|
|t:|1757923735
|-end|p1a: Vay|Quark Drive|[silent]
|switch|p1a: Slasher|Scizor, M|88/100
|-damage|p1a: Slasher|72/100|[from] Spikes
|move|p2a: Gliscor|Swords Dance|p2a: Gliscor
|-boost|p2a: Gliscor|atk|2
|
|-status|p2a: Gliscor|tox|[from] item: Toxic Orb
|upkeep
|turn|15
|
|t:|1757923747
|-terastallize|p2a: Gliscor|Poison
|move|p2a: Gliscor|Agility|p2a: Gliscor
|-boost|p2a: Gliscor|spe|2
|move|p1a: Slasher|Lunge|p2a: Gliscor
|-resisted|p2a: Gliscor
|-damage|p2a: Gliscor|77/100 tox
|-unboost|p2a: Gliscor|atk|1
|
|-heal|p2a: Gliscor|90/100 tox|[from] ability: Poison Heal
|upkeep
|turn|16
|l|☆Shadomon
|inactive|Shadomon disconnected and has a minute to reconnect!
|player|p1|
|-message|jakeythot forfeited.
|
|win|Shadomon
|raw|Shadomon's rating: 1249 &rarr; <strong>1276</strong><br />(+27 for winning)
|raw|jakeythot's rating: 1283 &rarr; <strong>1256</strong><br />(-27 for losing)
|l|☆jakeythot
|player|p2|
|j|☆Shadomon
|player|p1|Shadomon|170|
|l|☆Shadomon
|player|p1|
|j|☆Shadomon
|player|p1|Shadomon|170|
|l|☆Shadomon
|player|p1|
