|badge|p1|bronze|gen9ou|100-6
|uhtml|medal-msg|<div class="broadcast-blue">Curious what those medals under the avatar are? PS now has Ladder Seasons! For more information, check out the <a href="https://www.smogon.com/forums/threads/3740067/">thread on Smogon.</a></div>
|j|☆Ctannn
|j|☆Mortifi
|t:|1757843619
|gametype|singles
|player|p1|Ctannn|102|1835
|player|p2|Mortifi|pokemaniac|1759
|gen|9
|tier|[Gen 9] OU
|rated|
|rule|HP Percentage Mod: HP is shown in percentages
|rule|Endless Battle Clause: Forcing endless battles is banned
|rule|Species Clause: Limit one of each Pokémon
|rule|OHKO Clause: OHKO moves are banned
|rule|Evasion Items Clause: Evasion items are banned
|rule|Evasion Moves Clause: Evasion moves are banned
|rule|Evasion Abilities Clause: Evasion abilities are banned
|rule|Sleep Moves Clause: Sleep-inducing moves are banned
|clearpoke
|poke|p1|Rillaboom, M|
|poke|p1|Gholdengo|
|poke|p1|Cinderace, F|
|poke|p1|Raging Bolt|
|poke|p1|Slowking-Galar, M|
|poke|p1|Landorus-Therian, M|
|poke|p2|Primarina, F|
|poke|p2|Deoxys-Speed|
|poke|p2|Great Tusk|
|poke|p2|Raging Bolt|
|poke|p2|Gholdengo|
|poke|p2|Skarmory, F|
|teampreview
|inactive|Battle timer is ON: inactive players will automatically lose when time's up. (requested by Ctannn)
|
|t:|1757843627
|teamsize|p1|6
|teamsize|p2|6
|start
|switch|p1a: Slowking|Slowking-Galar, M|100/100
|switch|p2a: Great Tusk|Great Tusk|100/100
|turn|1
|
|t:|1757843633
|-terastallize|p1a: Slowking|Fairy
|move|p2a: Great Tusk|Headlong Rush|p1a: Slowking
|-damage|p1a: Slowking|58/100
|-unboost|p2a: Great Tusk|def|1
|-unboost|p2a: Great Tusk|spd|1
|-damage|p2a: Great Tusk|84/100|[from] item: Rocky Helmet|[of] p1a: Slowking
|move|p1a: Slowking|Psychic|p2a: Great Tusk
|-supereffective|p2a: Great Tusk
|-damage|p2a: Great Tusk|0 fnt
|faint|p2a: Great Tusk
|-end|p2a: Great Tusk|Protosynthesis|[silent]
|
|upkeep
|
|t:|1757843646
|switch|p2a: Gholdengo|Gholdengo|100/100
|turn|2
|l|☆Ctannn
|inactive|Ctannn disconnected and has a minute to reconnect!
|player|p1|
|j|☆Ctannn
|inactive|Ctannn reconnected and has 125 seconds left.
|player|p1|Ctannn|102|
|
|t:|1757843675
|switch|p1a: Landorus|Landorus-Therian, M|100/100
|-ability|p1a: Landorus|Intimidate|boost
|-unboost|p2a: Gholdengo|atk|1
|move|p2a: Gholdengo|Make It Rain|p1a: Landorus
|-damage|p1a: Landorus|42/100
|-unboost|p2a: Gholdengo|spa|1
|
|upkeep
|turn|3
|
|t:|1757843685
|switch|p2a: Skarmory|Skarmory, F|100/100
|switch|p1a: Gholdengo|Gholdengo|100/100
|
|upkeep
|turn|4
|
|t:|1757843691
|switch|p2a: Raging Bolt|Raging Bolt|100/100
|move|p1a: Gholdengo|Shadow Ball|p2a: Raging Bolt
|-damage|p2a: Raging Bolt|75/100
|
|upkeep
|turn|5
|j| wgw2333
|
|t:|1757843701
|switch|p1a: Landorus|Landorus-Therian, M|42/100
|-ability|p1a: Landorus|Intimidate|boost
|-unboost|p2a: Raging Bolt|atk|1
|move|p2a: Raging Bolt|Volt Switch|p1a: Landorus
|-immune|p1a: Landorus
|
|upkeep
|turn|6
|
|t:|1757843709
|-end|p2a: Raging Bolt|Protosynthesis|[silent]
|switch|p2a: Skarmory|Skarmory, F|100/100
|switch|p1a: Slowking|Slowking-Galar, M, tera:Fairy|91/100
|
|upkeep
|turn|7
|j| maynxq1
|
|t:|1757843715
|switch|p2a: Gholdengo|Gholdengo|100/100
|move|p1a: Slowking|Future Sight|p2a: Gholdengo
|-start|p1a: Slowking|move: Future Sight
|
|upkeep
|turn|8
|
|t:|1757843734
|switch|p2a: Primarina|Primarina, F|100/100
|move|p1a: Slowking|Future Sight||[still]
|-fail|p1a: Slowking
|
|upkeep
|turn|9
|
|t:|1757843742
|move|p2a: Primarina|Flip Turn|p1a: Slowking
|-damage|p1a: Slowking|79/100
|-damage|p2a: Primarina|84/100|[from] item: Rocky Helmet|[of] p1a: Slowking
|
|t:|1757843748
|switch|p2a: Gholdengo|Gholdengo|100/100|[from] Flip Turn
|-prepare|p1a: Slowking|Chilly Reception|[premajor]
|move|p1a: Slowking|Chilly Reception|p1a: Slowking
|-weather|Snowscape
|
|t:|1757843751
|switch|p1a: Raging Bolt|Raging Bolt|100/100|[from] Chilly Reception
|
|-weather|Snowscape|[upkeep]
|-end|p2a: Gholdengo|move: Future Sight
|-resisted|p2a: Gholdengo
|-damage|p2a: Gholdengo|84/100
|upkeep
|turn|10
|l| maynxq1
|
|t:|1757843764
|switch|p2a: Raging Bolt|Raging Bolt|75/100
|move|p1a: Raging Bolt|Volt Switch|p2a: Raging Bolt
|-resisted|p2a: Raging Bolt
|-damage|p2a: Raging Bolt|66/100
|
|t:|1757843782
|-end|p1a: Raging Bolt|Protosynthesis|[silent]
|switch|p1a: Slowking|Slowking-Galar, M, tera:Fairy|100/100|[from] Volt Switch
|
|-weather|Snowscape|[upkeep]
|upkeep
|turn|11
|
|t:|1757843800
|move|p2a: Raging Bolt|Volt Switch|p1a: Slowking
|-damage|p1a: Slowking|67/100
|
|t:|1757843803
|-end|p2a: Raging Bolt|Protosynthesis|[silent]
|switch|p2a: Gholdengo|Gholdengo|84/100|[from] Volt Switch
|move|p1a: Slowking|Future Sight|p2a: Gholdengo
|-start|p1a: Slowking|move: Future Sight
|
|-weather|Snowscape|[upkeep]
|upkeep
|turn|12
|
|t:|1757843815
|switch|p1a: Gholdengo|Gholdengo|100/100
|move|p2a: Gholdengo|Make It Rain|p1a: Gholdengo
|-resisted|p1a: Gholdengo
|-damage|p1a: Gholdengo|69/100
|-unboost|p2a: Gholdengo|spa|1
|
|-weather|Snowscape|[upkeep]
|upkeep
|turn|13
|
|t:|1757843838
|-terastallize|p2a: Gholdengo|Normal
|move|p1a: Gholdengo|Shadow Ball|p2a: Gholdengo
|-immune|p2a: Gholdengo
|move|p2a: Gholdengo|Recover|p2a: Gholdengo
|-heal|p2a: Gholdengo|100/100
|
|-weather|none
|-end|p2a: Gholdengo|move: Future Sight
|-damage|p2a: Gholdengo|64/100
|upkeep
|turn|14
|l|☆Ctannn
|inactive|Ctannn disconnected and has a minute to reconnect!
|player|p1|
|j|☆Ctannn
|inactive|Ctannn reconnected and has 150 seconds left.
|player|p1|Ctannn|102|
|j| heatraniac
|
|t:|1757843856
|switch|p1a: Raging Bolt|Raging Bolt|100/100
|switch|p2a: Primarina|Primarina, F|84/100
|
|upkeep
|turn|15
|
|t:|1757843863
|move|p1a: Raging Bolt|Volt Switch|p2a: Primarina
|-supereffective|p2a: Primarina
|-damage|p2a: Primarina|0 fnt
|faint|p2a: Primarina
|
|t:|1757843876
|-end|p1a: Raging Bolt|Protosynthesis|[silent]
|switch|p1a: Cinderace|Cinderace, F|100/100|[from] Volt Switch
|
|upkeep
|
|t:|1757843883
|switch|p2a: Raging Bolt|Raging Bolt|66/100
|turn|16
|
|t:|1757843890
|move|p1a: Cinderace|U-turn|p2a: Raging Bolt
|-start|p1a: Cinderace|typechange|Bug|[from] ability: Libero
|-damage|p2a: Raging Bolt|34/100
|
|t:|1757843894
|switch|p1a: Slowking|Slowking-Galar, M, tera:Fairy|99/100|[from] U-turn
|move|p2a: Raging Bolt|Volt Switch|p1a: Slowking
|-damage|p1a: Slowking|66/100
|
|t:|1757843900
|-end|p2a: Raging Bolt|Protosynthesis|[silent]
|switch|p2a: Gholdengo|Gholdengo, tera:Normal|64/100|[from] Volt Switch
|
|upkeep
|turn|17
|
|t:|1757843908
|switch|p1a: Gholdengo|Gholdengo|69/100
|move|p2a: Gholdengo|Make It Rain|p1a: Gholdengo
|-resisted|p1a: Gholdengo
|-damage|p1a: Gholdengo|38/100
|-unboost|p2a: Gholdengo|spa|1
|
|upkeep
|turn|18
|
|t:|1757843917
|switch|p1a: Cinderace|Cinderace, F|100/100
|move|p2a: Gholdengo|Recover|p2a: Gholdengo
|-heal|p2a: Gholdengo|100/100
|
|upkeep
|turn|19
|
|t:|1757843923
|switch|p2a: Deoxys|Deoxys-Speed|100/100
|-ability|p2a: Deoxys|Pressure
|move|p1a: Cinderace|High Jump Kick|p2a: Deoxys
|-start|p1a: Cinderace|typechange|Fighting|[from] ability: Libero
|-resisted|p2a: Deoxys
|-damage|p2a: Deoxys|67/100
|
|upkeep
|turn|20
|
|t:|1757843933
|switch|p1a: Slowking|Slowking-Galar, M, tera:Fairy|99/100
|move|p2a: Deoxys|Stealth Rock|p1a: Slowking
|-sidestart|p1: Ctannn|move: Stealth Rock
|
|upkeep
|turn|21
|
|t:|1757843939
|move|p1a: Slowking|Future Sight|p2a: Deoxys
|-start|p1a: Slowking|move: Future Sight
|move|p2a: Deoxys|Teleport|p2a: Deoxys
|
|t:|1757843943
|switch|p2a: Gholdengo|Gholdengo, tera:Normal|100/100|[from] Teleport
|
|upkeep
|turn|22
|
|t:|1757843956
|switch|p1a: Gholdengo|Gholdengo|38/100
|-damage|p1a: Gholdengo|32/100|[from] Stealth Rock
|move|p2a: Gholdengo|Make It Rain|p1a: Gholdengo
|-resisted|p1a: Gholdengo
|-crit|p1a: Gholdengo
|-damage|p1a: Gholdengo|0 fnt
|-unboost|p2a: Gholdengo|spa|1
|faint|p1a: Gholdengo
|
|upkeep
|
|t:|1757843960
|switch|p1a: Cinderace|Cinderace, F|100/100
|turn|23
|
|t:|1757843972
|switch|p2a: Raging Bolt|Raging Bolt|34/100
|move|p1a: Cinderace|High Jump Kick|p2a: Raging Bolt
|-start|p1a: Cinderace|typechange|Fighting|[from] ability: Libero
|-damage|p2a: Raging Bolt|0 fnt
|faint|p2a: Raging Bolt
|-end|p2a: Raging Bolt|Protosynthesis|[silent]
|
|-hint|Future Sight did not hit because the target is fainted.
|upkeep
|
|t:|1757843980
|switch|p2a: Deoxys|Deoxys-Speed|67/100
|-ability|p2a: Deoxys|Pressure
|turn|24
|
|t:|1757843984
|switch|p1a: Slowking|Slowking-Galar, M, tera:Fairy|100/100
|-damage|p1a: Slowking|88/100|[from] Stealth Rock
|move|p2a: Deoxys|Psycho Boost|p1a: Slowking
|-damage|p1a: Slowking|53/100
|-unboost|p2a: Deoxys|spa|2
|
|upkeep
|turn|25
|j| tapu moxo
|
|t:|1757843992
|-prepare|p1a: Slowking|Chilly Reception|[premajor]
|move|p1a: Slowking|Chilly Reception|p1a: Slowking
|-weather|Snowscape
|
|t:|1757843998
|switch|p1a: Cinderace|Cinderace, F|100/100|[from] Chilly Reception
|move|p2a: Deoxys|Teleport|p2a: Deoxys
|
|t:|1757844020
|switch|p2a: Skarmory|Skarmory, F|100/100|[from] Teleport
|
|-weather|Snowscape|[upkeep]
|upkeep
|turn|26
|
|t:|1757844028
|move|p1a: Cinderace|Pyro Ball|p2a: Skarmory
|-supereffective|p2a: Skarmory
|-damage|p2a: Skarmory|37/100
|move|p2a: Skarmory|Iron Defense|p2a: Skarmory
|-boost|p2a: Skarmory|def|2
|
|-weather|Snowscape|[upkeep]
|upkeep
|turn|27
|
|t:|1757844035
|move|p1a: Cinderace|Court Change|p1a: Cinderace
|-start|p1a: Cinderace|typechange|Normal|[from] ability: Libero
|-swapsideconditions
|-activate|p1a: Cinderace|move: Court Change
|move|p2a: Skarmory|Roost|p2a: Skarmory
|-heal|p2a: Skarmory|87/100
|-singleturn|p2a: Skarmory|move: Roost
|
|-weather|Snowscape|[upkeep]
|upkeep
|turn|28
|
|t:|1757844045
|switch|p1a: Slowking|Slowking-Galar, M, tera:Fairy|86/100
|move|p2a: Skarmory|Spikes|p1a: Slowking
|-sidestart|p1: Ctannn|Spikes
|
|-weather|Snowscape|[upkeep]
|upkeep
|turn|29
|
|t:|1757844052
|switch|p2a: Gholdengo|Gholdengo, tera:Normal|100/100
|-prepare|p1a: Slowking|Chilly Reception|[premajor]
|move|p1a: Slowking|Chilly Reception|p1a: Slowking
|
|t:|1757844057
|switch|p1a: Rillaboom|Rillaboom, M|100/100|[from] Chilly Reception
|-damage|p1a: Rillaboom|88/100|[from] Spikes
|-fieldstart|move: Grassy Terrain|[from] ability: Grassy Surge|[of] p1a: Rillaboom
|
|-weather|none
|-heal|p1a: Rillaboom|94/100|[from] Grassy Terrain
|upkeep
|turn|30
|
|t:|1757844067
|switch|p2a: Skarmory|Skarmory, F|87/100
|-damage|p2a: Skarmory|75/100|[from] Stealth Rock
|move|p1a: Rillaboom|Wood Hammer|p2a: Skarmory
|-resisted|p2a: Skarmory
|-damage|p2a: Skarmory|59/100
|-damage|p1a: Rillaboom|78/100|[from] item: Rocky Helmet|[of] p2a: Skarmory
|-damage|p1a: Rillaboom|73/100|[from] Recoil
|
|-heal|p1a: Rillaboom|79/100|[from] Grassy Terrain
|upkeep
|turn|31
|
|t:|1757844079
|switch|p1a: Raging Bolt|Raging Bolt|100/100
|-damage|p1a: Raging Bolt|88/100|[from] Spikes
|move|p2a: Skarmory|Roost|p2a: Skarmory
|-heal|p2a: Skarmory|100/100
|-singleturn|p2a: Skarmory|move: Roost
|
|-heal|p1a: Raging Bolt|94/100|[from] Grassy Terrain
|upkeep
|turn|32
|
|t:|1757844088
|switch|p2a: Gholdengo|Gholdengo, tera:Normal|100/100
|move|p1a: Raging Bolt|Thunderbolt|p2a: Gholdengo
|-damage|p2a: Gholdengo|34/100
|
|-heal|p1a: Raging Bolt|100/100|[from] Grassy Terrain
|-heal|p2a: Gholdengo|40/100|[from] Grassy Terrain
|upkeep
|turn|33
|
|t:|1757844099
|move|p1a: Raging Bolt|Thunderbolt|p2a: Gholdengo
|-damage|p2a: Gholdengo|0 fnt
|faint|p2a: Gholdengo
|
|-fieldend|move: Grassy Terrain
|upkeep
|-message|Mortifi forfeited.
|
|win|Ctannn
|raw|Ctannn's rating: 1835 &rarr; <strong>1851</strong><br />(+16 for winning)
|raw|Mortifi's rating: 1759 &rarr; <strong>1743</strong><br />(-16 for losing)
|l|☆Mortifi
|player|p2|
|l|☆Ctannn
|player|p1|
|j| amgodzchild
|j|☆Ctannn
|player|p1|Ctannn|102|
|l|☆Ctannn
|player|p1|
|l| heatraniac
|j|☆Ctannn
|player|p1|Ctannn|102|
|l|☆Ctannn
|player|p1|
