|j|☆PokePlayerBR
|j|☆Soldierofwar
|t:|1757939089
|gametype|singles
|player|p1|PokePlayerBR|lucas-gen4pt|1147
|player|p2|Soldierofwar|lance|1119
|gen|9
|tier|[Gen 9] OU
|rated|
|rule|HP Percentage Mod: HP is shown in percentages
|rule|Endless Battle Clause: Forcing endless battles is banned
|rule|Species Clause: Limit one of each Pokémon
|rule|OHKO Clause: OHKO moves are banned
|rule|Evasion Items Clause: Evasion items are banned
|rule|Evasion Moves Clause: Evasion moves are banned
|rule|Evasion Abilities Clause: Evasion abilities are banned
|rule|Sleep Moves Clause: Sleep-inducing moves are banned
|clearpoke
|poke|p1|Amoonguss, M|
|poke|p1|Ceruledge, M|
|poke|p1|Gliscor, F|
|poke|p1|Clefable, M|
|poke|p1|Greninja-*, M|
|poke|p1|Dragapult, M|
|poke|p2|Ogerpon-Cornerstone, F|
|poke|p2|Skeledirge, M|
|poke|p2|Dragonite, M|
|poke|p2|Samurott-Hisui, F|
|poke|p2|Iron Valiant|
|poke|p2|Landorus-Therian, M|
|teampreview
|inactive|Battle timer is ON: inactive players will automatically lose when time's up. (requested by Soldierofwar)
|
|t:|1757939098
|teamsize|p1|6
|teamsize|p2|6
|start
|switch|p1a: Gliscor|Gliscor, F|100/100
|switch|p2a: Landorus|Landorus-Therian, M|100/100
|-ability|p2a: Landorus|Intimidate|boost
|-unboost|p1a: Gliscor|atk|1
|turn|1
|
|t:|1757939108
|move|p1a: Gliscor|Knock Off|p2a: Landorus
|-damage|p2a: Landorus|85/100
|-damage|p1a: Gliscor|84/100|[from] item: Rocky Helmet|[of] p2a: Landorus
|-enditem|p2a: Landorus|Rocky Helmet|[from] move: Knock Off|[of] p1a: Gliscor
|move|p2a: Landorus|Taunt|p1a: Gliscor
|-start|p1a: Gliscor|move: Taunt
|
|-status|p1a: Gliscor|tox|[from] item: Toxic Orb
|upkeep
|turn|2
|
|t:|1757939133
|-terastallize|p1a: Gliscor|Normal
|move|p1a: Gliscor|Facade|p2a: Landorus
|-damage|p2a: Landorus|58/100
|move|p2a: Landorus|Stealth Rock|p1a: Gliscor
|-sidestart|p1: PokePlayerBR|move: Stealth Rock
|
|-heal|p1a: Gliscor|97/100 tox|[from] ability: Poison Heal
|upkeep
|turn|3
|
|t:|1757939141
|move|p1a: Gliscor|Facade|p2a: Landorus
|-damage|p2a: Landorus|27/100
|move|p2a: Landorus|U-turn|p1a: Gliscor
|-damage|p1a: Gliscor|77/100 tox
|
|t:|1757939151
|switch|p2a: Dragonite|Dragonite, M|100/100|[from] U-turn
|
|-heal|p1a: Gliscor|89/100 tox|[from] ability: Poison Heal
|upkeep
|turn|4
|
|t:|1757939165
|move|p2a: Dragonite|Dragon Dance|p2a: Dragonite
|-boost|p2a: Dragonite|atk|1
|-boost|p2a: Dragonite|spe|1
|move|p1a: Gliscor|Knock Off|p2a: Dragonite
|-damage|p2a: Dragonite|93/100
|-enditem|p2a: Dragonite|Mental Herb|[from] move: Knock Off|[of] p1a: Gliscor
|
|-heal|p1a: Gliscor|100/100 tox|[from] ability: Poison Heal
|-end|p1a: Gliscor|move: Taunt
|upkeep
|turn|5
|
|t:|1757939177
|-terastallize|p2a: Dragonite|Steel
|move|p2a: Dragonite|Dragon Dance|p2a: Dragonite
|-boost|p2a: Dragonite|atk|1
|-boost|p2a: Dragonite|spe|1
|move|p1a: Gliscor|Swords Dance|p1a: Gliscor
|-boost|p1a: Gliscor|atk|2
|
|upkeep
|turn|6
|
|t:|1757939199
|move|p2a: Dragonite|Iron Head|p1a: Gliscor
|-damage|p1a: Gliscor|37/100 tox
|move|p1a: Gliscor|Facade|p2a: Dragonite
|-resisted|p2a: Dragonite
|-damage|p2a: Dragonite|53/100
|
|-heal|p1a: Gliscor|50/100 tox|[from] ability: Poison Heal
|upkeep
|turn|7
|
|t:|1757939207
|move|p2a: Dragonite|Iron Head|p1a: Gliscor
|-damage|p1a: Gliscor|0 fnt
|faint|p1a: Gliscor
|
|upkeep
|
|t:|1757939216
|switch|p1a: Ceruledge|Ceruledge, M|100/100
|-damage|p1a: Ceruledge|76/100|[from] Stealth Rock
|turn|8
|
|t:|1757939221
|move|p2a: Dragonite|Earthquake|p1a: Ceruledge
|-supereffective|p1a: Ceruledge
|-damage|p1a: Ceruledge|0 fnt
|faint|p1a: Ceruledge
|
|upkeep
|
|t:|1757939232
|switch|p1a: Greninja|Greninja, M|100/100
|-damage|p1a: Greninja|88/100|[from] Stealth Rock
|turn|9
|
|t:|1757939242
|move|p2a: Dragonite|Earthquake|p1a: Greninja
|-damage|p1a: Greninja|0 fnt
|faint|p1a: Greninja
|
|upkeep
|
|t:|1757939249
|switch|p1a: Amoonguss|Amoonguss, M|100/100
|-damage|p1a: Amoonguss|88/100|[from] Stealth Rock
|turn|10
|
|t:|1757939255
|move|p2a: Dragonite|Outrage|p1a: Amoonguss
|-damage|p1a: Amoonguss|0 fnt
|faint|p1a: Amoonguss
|
|upkeep
|
|t:|1757939260
|switch|p1a: Dragapult|Dragapult, M|100/100
|-damage|p1a: Dragapult|88/100|[from] Stealth Rock
|turn|11
|
|t:|1757939265
|move|p2a: Dragonite|Outrage|p1a: Dragapult|[from] lockedmove
|-supereffective|p1a: Dragapult
|-damage|p1a: Dragapult|0 fnt
|faint|p1a: Dragapult
|
|upkeep
|
|t:|1757939269
|switch|p1a: Clefable|Clefable, M|100/100
|turn|12
|
|t:|1757939273
|move|p2a: Dragonite|Outrage|p1a: Clefable|[from] lockedmove
|-immune|p1a: Clefable
|-start|p2a: Dragonite|confusion|[fatigue]
|move|p1a: Clefable|Knock Off|p2a: Dragonite
|-damage|p2a: Dragonite|43/100
|
|upkeep
|turn|13
|
|t:|1757939280
|-activate|p2a: Dragonite|confusion
|move|p2a: Dragonite|Iron Head|p1a: Clefable
|-supereffective|p1a: Clefable
|-damage|p1a: Clefable|0 fnt
|faint|p1a: Clefable
|
|win|Soldierofwar
|raw|PokePlayerBR's rating: 1147 &rarr; <strong>1120</strong><br />(-27 for losing)
|raw|Soldierofwar's rating: 1119 &rarr; <strong>1146</strong><br />(+27 for winning)
|l|☆PokePlayerBR
|player|p1|
|l|☆Soldierofwar
|player|p2|
|j|☆Soldierofwar
|player|p2|Soldierofwar|lance|
