|j|☆serving up heat
|j|☆Mr.X&Y97
|t:|1757908029
|gametype|singles
|player|p1|serving up heat|101|1568
|player|p2|Mr.X&Y97|ingo|1601
|gen|9
|tier|[Gen 9] OU
|rated|
|rule|HP Percentage Mod: HP is shown in percentages
|rule|Endless Battle Clause: Forcing endless battles is banned
|rule|Species Clause: Limit one of each Pokémon
|rule|OHKO Clause: OHKO moves are banned
|rule|Evasion Items Clause: Evasion items are banned
|rule|Evasion Moves Clause: Evasion moves are banned
|rule|Evasion Abilities Clause: Evasion abilities are banned
|rule|Sleep Moves Clause: Sleep-inducing moves are banned
|clearpoke
|poke|p1|Landorus-Therian, M|
|poke|p1|Zamazenta-*|
|poke|p1|Kingambit, F|
|poke|p1|Samurott-Hisui, M|
|poke|p1|Pecharunt|
|poke|p1|Hydreigon, F|
|poke|p2|Samurott-Hisui, F|
|poke|p2|Gholdengo|
|poke|p2|Great Tusk|
|poke|p2|Raging Bolt|
|poke|p2|Dragonite, F|
|poke|p2|Kingambit, F|
|teampreview
|inactive|Battle timer is ON: inactive players will automatically lose when time's up. (requested by Mr.X&Y97)
|
|t:|1757908059
|teamsize|p1|6
|teamsize|p2|6
|start
|switch|p1a: caravan|Landorus-Therian, M|100/100
|switch|p2a: Samurott|Samurott-Hisui, F|100/100
|-ability|p1a: caravan|Intimidate|boost
|-unboost|p2a: Samurott|atk|1
|turn|1
|
|t:|1757908068
|move|p2a: Samurott|Flip Turn|p1a: caravan
|-supereffective|p1a: caravan
|-damage|p1a: caravan|64/100
|-damage|p2a: Samurott|84/100|[from] item: Rocky Helmet|[of] p1a: caravan
|
|t:|1757908076
|switch|p2a: Great Tusk|Great Tusk|100/100|[from] Flip Turn
|move|p1a: caravan|Stealth Rock|p2a: Great Tusk
|-sidestart|p2: Mr.X&Y97|move: Stealth Rock
|
|upkeep
|turn|2
|
|t:|1757908080
|move|p1a: caravan|U-turn|p2a: Great Tusk
|-resisted|p2a: Great Tusk
|-damage|p2a: Great Tusk|94/100
|
|t:|1757908082
|switch|p1a: serve runt|Pecharunt|100/100|[from] U-turn
|move|p2a: Great Tusk|Knock Off|p1a: serve runt
|-supereffective|p1a: serve runt
|-damage|p1a: serve runt|66/100
|-enditem|p1a: serve runt|Heavy-Duty Boots|[from] move: Knock Off|[of] p2a: Great Tusk
|
|upkeep
|turn|3
|
|t:|1757908087
|move|p1a: serve runt|Parting Shot|p2a: Great Tusk
|-unboost|p2a: Great Tusk|atk|1
|-unboost|p2a: Great Tusk|spa|1
|
|t:|1757908089
|switch|p1a: caravan|Landorus-Therian, M|64/100|[from] Parting Shot
|-ability|p1a: caravan|Intimidate|boost
|-unboost|p2a: Great Tusk|atk|1
|move|p2a: Great Tusk|Rapid Spin|p1a: caravan
|-damage|p1a: caravan|56/100
|-boost|p2a: Great Tusk|spe|1
|-damage|p2a: Great Tusk|77/100|[from] item: Rocky Helmet|[of] p1a: caravan
|-sideend|p2: Mr.X&Y97|Stealth Rock|[from] move: Rapid Spin|[of] p2a: Great Tusk
|
|upkeep
|turn|4
|
|t:|1757908096
|move|p2a: Great Tusk|Knock Off|p1a: caravan
|-damage|p1a: caravan|44/100
|-damage|p2a: Great Tusk|61/100|[from] item: Rocky Helmet|[of] p1a: caravan
|-enditem|p1a: caravan|Rocky Helmet|[from] move: Knock Off|[of] p2a: Great Tusk
|move|p1a: caravan|Stealth Rock|p2a: Great Tusk
|-sidestart|p2: Mr.X&Y97|move: Stealth Rock
|
|upkeep
|turn|5
|
|t:|1757908101
|move|p2a: Great Tusk|Rapid Spin|p1a: caravan
|-damage|p1a: caravan|37/100
|-boost|p2a: Great Tusk|spe|1
|-sideend|p2: Mr.X&Y97|Stealth Rock|[from] move: Rapid Spin|[of] p2a: Great Tusk
|move|p1a: caravan|Earthquake|p2a: Great Tusk
|-damage|p2a: Great Tusk|30/100
|
|upkeep
|turn|6
|
|t:|1757908104
|move|p2a: Great Tusk|Stealth Rock|p1a: caravan
|-sidestart|p1: serving up heat|move: Stealth Rock
|move|p1a: caravan|Stealth Rock|p2a: Great Tusk
|-sidestart|p2: Mr.X&Y97|move: Stealth Rock
|
|upkeep
|turn|7
|
|t:|1757908109
|move|p2a: Great Tusk|Rapid Spin|p1a: caravan
|-damage|p1a: caravan|30/100
|-boost|p2a: Great Tusk|spe|1
|-sideend|p2: Mr.X&Y97|Stealth Rock|[from] move: Rapid Spin|[of] p2a: Great Tusk
|move|p1a: caravan|U-turn|p2a: Great Tusk
|-resisted|p2a: Great Tusk
|-damage|p2a: Great Tusk|24/100
|
|t:|1757908114
|switch|p1a: serve runt|Pecharunt|66/100|[from] U-turn
|-damage|p1a: serve runt|53/100|[from] Stealth Rock
|
|upkeep
|turn|8
|
|t:|1757908120
|move|p2a: Great Tusk|Headlong Rush|p1a: serve runt
|-supereffective|p1a: serve runt
|-damage|p1a: serve runt|24/100
|-unboost|p2a: Great Tusk|def|1
|-unboost|p2a: Great Tusk|spd|1
|move|p1a: serve runt|Recover|p1a: serve runt
|-heal|p1a: serve runt|74/100
|
|upkeep
|turn|9
|
|t:|1757908130
|-end|p2a: Great Tusk|Protosynthesis|[silent]
|switch|p2a: Samurott|Samurott-Hisui, F|84/100
|move|p1a: serve runt|Hex|p2a: Samurott
|-resisted|p2a: Samurott
|-damage|p2a: Samurott|69/100
|
|upkeep
|turn|10
|
|t:|1757908136
|move|p2a: Samurott|Ceaseless Edge|p1a: serve runt
|-supereffective|p1a: serve runt
|-damage|p1a: serve runt|21/100
|-sidestart|p1: serving up heat|Spikes
|move|p1a: serve runt|Parting Shot|p2a: Samurott
|-unboost|p2a: Samurott|atk|1
|-unboost|p2a: Samurott|spa|1
|
|t:|1757908144
|switch|p1a: i <3 edging|Samurott-Hisui, M|100/100|[from] Parting Shot
|-damage|p1a: i <3 edging|88/100|[from] Stealth Rock
|-damage|p1a: i <3 edging|76/100|[from] Spikes
|
|upkeep
|turn|11
|
|t:|1757908154
|move|p2a: Samurott|Ceaseless Edge|p1a: i <3 edging
|-resisted|p1a: i <3 edging
|-damage|p1a: i <3 edging|59/100
|-sidestart|p1: serving up heat|Spikes
|move|p1a: i <3 edging|Ceaseless Edge|p2a: Samurott
|-resisted|p2a: Samurott
|-damage|p2a: Samurott|43/100
|-sidestart|p2: Mr.X&Y97|Spikes
|
|upkeep
|turn|12
|
|t:|1757908157
|move|p2a: Samurott|Ceaseless Edge|p1a: i <3 edging
|-resisted|p1a: i <3 edging
|-damage|p1a: i <3 edging|42/100
|-sidestart|p1: serving up heat|Spikes
|move|p1a: i <3 edging|Ceaseless Edge|p2a: Samurott
|-resisted|p2a: Samurott
|-damage|p2a: Samurott|15/100
|-sidestart|p2: Mr.X&Y97|Spikes
|
|upkeep
|turn|13
|
|t:|1757908160
|move|p2a: Samurott|Ceaseless Edge|p1a: i <3 edging
|-resisted|p1a: i <3 edging
|-damage|p1a: i <3 edging|27/100
|move|p1a: i <3 edging|Ceaseless Edge|p2a: Samurott
|-resisted|p2a: Samurott
|-damage|p2a: Samurott|0 fnt
|-sidestart|p2: Mr.X&Y97|Spikes
|faint|p2a: Samurott
|
|upkeep
|
|t:|1757908163
|switch|p2a: Great Tusk|Great Tusk|24/100
|turn|14
|
|t:|1757908168
|switch|p1a: serve runt|Pecharunt|21/100
|-damage|p1a: serve runt|8/100|[from] Stealth Rock
|-damage|p1a: serve runt|0 fnt|[from] Spikes
|faint|p1a: serve runt
|move|p2a: Great Tusk|Rapid Spin|p1: serve runt|[notarget]
|-fail|p2a: Great Tusk
|
|upkeep
|
|t:|1757908173
|switch|p1a: death drop|Hydreigon, F|100/100
|-damage|p1a: death drop|88/100|[from] Stealth Rock
|turn|15
|inactive|Mr.X&Y97 has 120 seconds left.
|
|t:|1757908204
|move|p1a: death drop|Flash Cannon|p2a: Great Tusk
|-damage|p2a: Great Tusk|0 fnt
|faint|p2a: Great Tusk
|-end|p2a: Great Tusk|Protosynthesis|[silent]
|
|-heal|p1a: death drop|94/100|[from] item: Leftovers
|upkeep
|
|t:|1757908209
|switch|p2a: Gholdengo|Gholdengo|100/100
|-item|p2a: Gholdengo|Air Balloon
|turn|16
|inactive|Mr.X&Y97 has 120 seconds left.
|
|t:|1757908224
|switch|p1a: i <3 edging|Samurott-Hisui, M|27/100
|-damage|p1a: i <3 edging|15/100|[from] Stealth Rock
|-damage|p1a: i <3 edging|0 fnt|[from] Spikes
|faint|p1a: i <3 edging
|move|p2a: Gholdengo|Thunder Wave|p1: i <3 edging|[notarget]
|-fail|p2a: Gholdengo
|
|upkeep
|
|t:|1757908231
|switch|p1a: caravan|Landorus-Therian, M|30/100
|-damage|p1a: caravan|18/100|[from] Stealth Rock
|-ability|p1a: caravan|Intimidate|boost
|-unboost|p2a: Gholdengo|atk|1
|turn|17
|
|t:|1757908242
|move|p1a: caravan|Stealth Rock|p2a: Gholdengo
|-sidestart|p2: Mr.X&Y97|move: Stealth Rock
|move|p2a: Gholdengo|Thunder Wave|p1a: caravan
|-immune|p1a: caravan
|
|upkeep
|turn|18
|
|t:|1757908253
|move|p1a: caravan|Stone Edge|p2a: Gholdengo|[miss]
|-miss|p1a: caravan|p2a: Gholdengo
|move|p2a: Gholdengo|Thunder Wave|p1a: caravan
|-immune|p1a: caravan
|
|upkeep
|turn|19
|
|t:|1757908257
|move|p1a: caravan|Stone Edge|p2a: Gholdengo|[miss]
|-miss|p1a: caravan|p2a: Gholdengo
|move|p2a: Gholdengo|Make It Rain|p1a: caravan
|-damage|p1a: caravan|0 fnt
|-unboost|p2a: Gholdengo|spa|1
|faint|p1a: caravan
|
|upkeep
|
|t:|1757908269
|switch|p1a: death drop|Hydreigon, F|94/100
|-damage|p1a: death drop|82/100|[from] Stealth Rock
|turn|20
|
|t:|1757908272
|-terastallize|p1a: death drop|Steel
|move|p1a: death drop|Substitute|p1a: death drop
|-start|p1a: death drop|Substitute
|-damage|p1a: death drop|57/100
|move|p2a: Gholdengo|Thunder Wave||[still]
|-fail|p2a: Gholdengo
|
|-heal|p1a: death drop|63/100|[from] item: Leftovers
|upkeep
|turn|21
|
|t:|1757908297
|move|p1a: death drop|Nasty Plot|p1a: death drop
|-boost|p1a: death drop|spa|2
|move|p2a: Gholdengo|Hex|p1a: death drop
|-activate|p1a: death drop|move: Substitute|[damage]
|
|-heal|p1a: death drop|69/100|[from] item: Leftovers
|upkeep
|turn|22
|j| Gyokuroo
|
|t:|1757908305
|move|p1a: death drop|Nasty Plot|p1a: death drop
|-boost|p1a: death drop|spa|2
|move|p2a: Gholdengo|Hex|p1a: death drop
|-end|p1a: death drop|Substitute
|
|-heal|p1a: death drop|76/100|[from] item: Leftovers
|upkeep
|turn|23
|
|t:|1757908311
|switch|p2a: Dragonite|Dragonite, F|100/100
|move|p1a: death drop|Substitute|p1a: death drop
|-start|p1a: death drop|Substitute
|-damage|p1a: death drop|51/100
|
|-heal|p1a: death drop|57/100|[from] item: Leftovers
|upkeep
|turn|24
|
|t:|1757908318
|move|p1a: death drop|Draco Meteor|p2a: Dragonite
|-supereffective|p2a: Dragonite
|-crit|p2a: Dragonite
|-damage|p2a: Dragonite|0 fnt
|-unboost|p1a: death drop|spa|2
|faint|p2a: Dragonite
|
|-heal|p1a: death drop|63/100|[from] item: Leftovers
|upkeep
|
|t:|1757908335
|switch|p2a: Gholdengo|Gholdengo|100/100
|-damage|p2a: Gholdengo|94/100|[from] Stealth Rock
|-item|p2a: Gholdengo|Air Balloon
|turn|25
|
|t:|1757908345
|move|p1a: death drop|Flash Cannon|p2a: Gholdengo
|-resisted|p2a: Gholdengo
|-damage|p2a: Gholdengo|56/100
|-enditem|p2a: Gholdengo|Air Balloon
|move|p2a: Gholdengo|Hex|p1a: death drop
|-end|p1a: death drop|Substitute
|
|-heal|p1a: death drop|69/100|[from] item: Leftovers
|upkeep
|turn|26
|
|t:|1757908349
|move|p1a: death drop|Draco Meteor|p2a: Gholdengo
|-resisted|p2a: Gholdengo
|-damage|p2a: Gholdengo|0 fnt
|-unboost|p1a: death drop|spa|2
|faint|p2a: Gholdengo
|
|-heal|p1a: death drop|76/100|[from] item: Leftovers
|upkeep
|
|t:|1757908352
|switch|p2a: Kingambit|Kingambit, F|100/100
|-damage|p2a: Kingambit|76/100|[from] Spikes
|-damage|p2a: Kingambit|69/100|[from] Stealth Rock
|-activate|p2a: Kingambit|ability: Supreme Overlord
|-start|p2a: Kingambit|fallen4|[silent]
|turn|27
|
|t:|1757908365
|move|p1a: death drop|Nasty Plot|p1a: death drop
|-boost|p1a: death drop|spa|2
|move|p2a: Kingambit|Kowtow Cleave|p1a: death drop
|-damage|p1a: death drop|0 fnt
|faint|p1a: death drop
|
|upkeep
|
|t:|1757908377
|switch|p1a: kingoobit|Kingambit, F|100/100
|-damage|p1a: kingoobit|94/100|[from] Stealth Rock
|-damage|p1a: kingoobit|70/100|[from] Spikes
|-activate|p1a: kingoobit|ability: Supreme Overlord
|-start|p1a: kingoobit|fallen4|[silent]
|turn|28
|
|t:|1757908386
|move|p2a: Kingambit|Kowtow Cleave|p1a: kingoobit
|-resisted|p1a: kingoobit
|-damage|p1a: kingoobit|39/100
|move|p1a: kingoobit|Low Kick|p2a: Kingambit
|-supereffective|p2a: Kingambit
|-damage|p2a: Kingambit|0 fnt
|faint|p2a: Kingambit
|-end|p2a: Kingambit|fallen4|[silent]
|
|-heal|p1a: kingoobit|45/100|[from] item: Leftovers
|upkeep
|
|t:|1757908389
|switch|p2a: Raging Bolt|Raging Bolt|100/100
|-damage|p2a: Raging Bolt|76/100|[from] Spikes
|-damage|p2a: Raging Bolt|63/100|[from] Stealth Rock
|-enditem|p2a: Raging Bolt|Booster Energy
|-activate|p2a: Raging Bolt|ability: Protosynthesis|[fromitem]
|-start|p2a: Raging Bolt|protosynthesisspa
|turn|29
|
|t:|1757908394
|move|p2a: Raging Bolt|Thunderclap|p1a: kingoobit
|-damage|p1a: kingoobit|0 fnt
|faint|p1a: kingoobit
|-end|p1a: kingoobit|fallen4|[silent]
|
|upkeep
|
|t:|1757908396
|switch|p1a: mr worldwide|Zamazenta|100/100
|-ability|p1a: mr worldwide|Dauntless Shield|boost
|-boost|p1a: mr worldwide|def|1
|turn|30
|
|t:|1757908406
|-terastallize|p2a: Raging Bolt|Fairy
|move|p1a: mr worldwide|Crunch|p2a: Raging Bolt
|-resisted|p2a: Raging Bolt
|-damage|p2a: Raging Bolt|52/100
|-unboost|p2a: Raging Bolt|def|1
|move|p2a: Raging Bolt|Thunderbolt|p1a: mr worldwide
|-damage|p1a: mr worldwide|36/100
|
|upkeep
|turn|31
|
|t:|1757908416
|move|p2a: Raging Bolt|Thunderclap|p1a: mr worldwide
|-damage|p1a: mr worldwide|0 fnt
|faint|p1a: mr worldwide
|
|win|Mr.X&Y97
|raw|serving up heat's rating: 1568 &rarr; <strong>1550</strong><br />(-18 for losing)
|raw|Mr.X&amp;Y97's rating: 1601 &rarr; <strong>1619</strong><br />(+18 for winning)
|l|☆serving up heat
|player|p1|
