|badge|p2|bronze|gen9ru|100-6
|uhtml|medal-msg|<div class="broadcast-blue">Curious what those medals under the avatar are? PS now has Ladder Seasons! For more information, check out the <a href="https://www.smogon.com/forums/threads/3740067/">thread on Smogon.</a></div>
|j|☆trrzno2
|j|‽malk tyme
|t:|1757940509
|gametype|singles
|player|p1|trrzno2|artist|1516
|player|p2|malk tyme|265|1494
|gen|9
|tier|[Gen 9] OU
|rated|
|rule|HP Percentage Mod: HP is shown in percentages
|rule|Endless Battle Clause: Forcing endless battles is banned
|rule|Species Clause: Limit one of each Pokémon
|rule|OHKO Clause: OHKO moves are banned
|rule|Evasion Items Clause: Evasion items are banned
|rule|Evasion Moves Clause: Evasion moves are banned
|rule|Evasion Abilities Clause: Evasion abilities are banned
|rule|Sleep Moves Clause: Sleep-inducing moves are banned
|clearpoke
|poke|p1|Scizor, F|
|poke|p1|Ogerpon-Wellspring, F|
|poke|p1|Garganacl, M|
|poke|p1|Darkrai|
|poke|p1|Zapdos|
|poke|p1|Cinderace, M|
|poke|p2|Blaziken, F|
|poke|p2|Salamence, F|
|poke|p2|Dondozo, F|
|poke|p2|Meloetta|
|poke|p2|Iron Treads|
|poke|p2|Veluza, M|
|teampreview
|
|t:|1757940545
|teamsize|p1|6
|teamsize|p2|6
|start
|switch|p1a: Zapdos|Zapdos|100/100
|switch|p2a: Veluza|Veluza, M|100/100
|turn|1
|inactive|Battle timer is ON: inactive players will automatically lose when time's up. (requested by trrzno2)
|
|t:|1757940549
|move|p2a: Veluza|Final Gambit|p1a: Zapdos
|-damage|p1a: Zapdos|0 fnt
|faint|p2a: Veluza
|faint|p1a: Zapdos
|
|upkeep
|
|t:|1757940564
|switch|p2a: Salamence|Salamence, F|100/100
|switch|p1a: Cinderace|Cinderace, M|100/100
|turn|2
|
|t:|1757940569
|move|p2a: Salamence|Earthquake|p1a: Cinderace
|-supereffective|p1a: Cinderace
|-damage|p1a: Cinderace|0 fnt
|faint|p1a: Cinderace
|-ability|p2a: Salamence|Moxie|boost
|-boost|p2a: Salamence|atk|1
|
|upkeep
|
|t:|1757940574
|switch|p1a: Darkrai|Darkrai|100/100
|turn|3
|
|t:|1757940579
|move|p1a: Darkrai|Ice Beam|p2a: Salamence
|-supereffective|p2a: Salamence
|-damage|p2a: Salamence|0 fnt
|faint|p2a: Salamence
|
|upkeep
|
|t:|1757940582
|switch|p2a: Blaziken|Blaziken, F|100/100
|turn|4
|
|t:|1757940588
|switch|p1a: Garganacl|Garganacl, M|100/100
|move|p2a: Blaziken|Swords Dance|p2a: Blaziken
|-boost|p2a: Blaziken|atk|2
|
|-ability|p2a: Blaziken|Speed Boost|boost
|-boost|p2a: Blaziken|spe|1
|upkeep
|turn|5
|
|t:|1757940591
|-terastallize|p1a: Garganacl|Fairy
|move|p2a: Blaziken|Close Combat|p1a: Garganacl
|-resisted|p1a: Garganacl
|-damage|p1a: Garganacl|47/100
|-unboost|p2a: Blaziken|def|1
|-unboost|p2a: Blaziken|spd|1
|-damage|p2a: Blaziken|91/100|[from] item: Life Orb
|move|p1a: Garganacl|Salt Cure|p2a: Blaziken
|-crit|p2a: Blaziken
|-damage|p2a: Blaziken|34/100
|-start|p2a: Blaziken|Salt Cure
|
|-heal|p1a: Garganacl|53/100|[from] item: Leftovers
|-damage|p2a: Blaziken|22/100|[from] Salt Cure
|-ability|p2a: Blaziken|Speed Boost|boost
|-boost|p2a: Blaziken|spe|1
|upkeep
|turn|6
|
|t:|1757940601
|move|p2a: Blaziken|Blaze Kick|p1a: Garganacl
|-damage|p1a: Garganacl|0 fnt
|faint|p1a: Garganacl
|-damage|p2a: Blaziken|12/100|[from] item: Life Orb
|
|-damage|p2a: Blaziken|0 fnt|[from] Salt Cure
|faint|p2a: Blaziken
|upkeep
|
|t:|1757940616
|switch|p2a: Meloetta|Meloetta|100/100
|switch|p1a: Ogerpon|Ogerpon-Wellspring, F|100/100
|turn|7
|
|t:|1757940622
|move|p1a: Ogerpon|U-turn|p2a: Meloetta
|-supereffective|p2a: Meloetta
|-damage|p2a: Meloetta|48/100
|-enditem|p2a: Meloetta|Weakness Policy
|-boost|p2a: Meloetta|atk|2|[from] item: Weakness Policy
|-boost|p2a: Meloetta|spa|2|[from] item: Weakness Policy
|
|t:|1757940626
|switch|p1a: Scizor|Scizor, F|100/100|[from] U-turn
|move|p2a: Meloetta|Psychic|p1a: Scizor
|-resisted|p1a: Scizor
|-damage|p1a: Scizor|30/100
|
|upkeep
|turn|8
|
|t:|1757940641
|switch|p2a: Iron Treads|Iron Treads|100/100
|move|p1a: Scizor|Bullet Punch|p2a: Iron Treads
|-resisted|p2a: Iron Treads
|-damage|p2a: Iron Treads|84/100
|-damage|p1a: Scizor|20/100|[from] item: Life Orb
|
|upkeep
|turn|9
|
|t:|1757940645
|move|p2a: Iron Treads|Stealth Rock|p1a: Scizor
|-sidestart|p1: trrzno2|move: Stealth Rock
|move|p1a: Scizor|Close Combat|p2a: Iron Treads
|-supereffective|p2a: Iron Treads
|-damage|p2a: Iron Treads|0 fnt
|-unboost|p1a: Scizor|def|1
|-unboost|p1a: Scizor|spd|1
|faint|p2a: Iron Treads
|-end|p2a: Iron Treads|Quark Drive|[silent]
|-damage|p1a: Scizor|10/100|[from] item: Life Orb
|
|upkeep
|
|t:|1757940650
|switch|p2a: Meloetta|Meloetta|48/100
|turn|10
|
|t:|1757940652
|switch|p2a: Dondozo|Dondozo, F|100/100
|move|p1a: Scizor|Bullet Punch|p2a: Dondozo
|-resisted|p2a: Dondozo
|-damage|p2a: Dondozo|87/100
|-damage|p1a: Scizor|0 fnt|[from] item: Life Orb
|faint|p1a: Scizor
|
|-heal|p2a: Dondozo|94/100|[from] item: Leftovers
|upkeep
|
|t:|1757940655
|switch|p1a: Darkrai|Darkrai|100/100
|-damage|p1a: Darkrai|88/100|[from] Stealth Rock
|turn|11
|
|t:|1757940659
|-terastallize|p2a: Dondozo|Fairy
|move|p1a: Darkrai|Trick|p2a: Dondozo
|-activate|p1a: Darkrai|move: Trick|[of] p2a: Dondozo
|-item|p2a: Dondozo|Choice Scarf|[from] move: Trick
|-item|p1a: Darkrai|Leftovers|[from] move: Trick
|move|p2a: Dondozo|Curse|p2a: Dondozo
|-unboost|p2a: Dondozo|spe|1
|-boost|p2a: Dondozo|atk|1
|-boost|p2a: Dondozo|def|1
|
|-heal|p1a: Darkrai|94/100|[from] item: Leftovers
|upkeep
|turn|12
|
|t:|1757940669
|switch|p2a: Meloetta|Meloetta|48/100
|move|p1a: Darkrai|Dark Pulse|p2a: Meloetta
|-supereffective|p2a: Meloetta
|-damage|p2a: Meloetta|0 fnt
|faint|p2a: Meloetta
|
|-heal|p1a: Darkrai|99/100|[from] item: Leftovers
|upkeep
|
|t:|1757940672
|switch|p2a: Dondozo|Dondozo, F, tera:Fairy|94/100
|turn|13
|
|t:|1757940675
|move|p1a: Darkrai|Sludge Bomb|p2a: Dondozo
|-supereffective|p2a: Dondozo
|-damage|p2a: Dondozo|50/100
|move|p2a: Dondozo|Tera Blast|p1a: Darkrai|[anim] Tera Blast Fairy
|-supereffective|p1a: Darkrai
|-damage|p1a: Darkrai|29/100
|
|-heal|p1a: Darkrai|35/100|[from] item: Leftovers
|upkeep
|turn|14
|
|t:|1757940680
|move|p1a: Darkrai|Sludge Bomb|p2a: Dondozo
|-supereffective|p2a: Dondozo
|-damage|p2a: Dondozo|11/100
|move|p2a: Dondozo|Tera Blast|p1a: Darkrai|[anim] Tera Blast Fairy
|-supereffective|p1a: Darkrai
|-damage|p1a: Darkrai|0 fnt
|faint|p1a: Darkrai
|
|upkeep
|
|t:|1757940683
|switch|p1a: Ogerpon|Ogerpon-Wellspring, F|100/100
|-damage|p1a: Ogerpon|88/100|[from] Stealth Rock
|turn|15
|
|t:|1757940685
|move|p1a: Ogerpon|Ivy Cudgel|p2a: Dondozo|[anim] Ivy Cudgel Water
|-damage|p2a: Dondozo|0 fnt
|faint|p2a: Dondozo
|
|win|trrzno2
|raw|trrzno2's rating: 1516 &rarr; <strong>1535</strong><br />(+19 for winning)
|raw|malk tyme's rating: 1494 &rarr; <strong>1475</strong><br />(-19 for losing)
|c|☆trrzno2|gg
|l|☆trrzno2
|player|p1|
|l|‽malk tyme
|player|p2|
