|j|☆Pokemon of Color
|j|☆Ancient Tito
|t:|1757920443
|gametype|singles
|player|p1|Pokemon of Color|265|1285
|player|p2|Ancient Tito|rood|1224
|gen|9
|tier|[Gen 9] OU
|rated|
|rule|HP Percentage Mod: HP is shown in percentages
|rule|Endless Battle Clause: Forcing endless battles is banned
|rule|Species Clause: Limit one of each Pokémon
|rule|OHKO Clause: OHKO moves are banned
|rule|Evasion Items Clause: Evasion items are banned
|rule|Evasion Moves Clause: Evasion moves are banned
|rule|Evasion Abilities Clause: Evasion abilities are banned
|rule|Sleep Moves Clause: Sleep-inducing moves are banned
|clearpoke
|poke|p1|Tyranitar, M|
|poke|p1|Sinistcha|
|poke|p1|Tornadus, M|
|poke|p1|Iron Valiant|
|poke|p1|Gallade, M|
|poke|p1|Gardevoir, F|
|poke|p2|Corviknight, F|
|poke|p2|Cinderace, F|
|poke|p2|Dondozo, F|
|poke|p2|Raging Bolt|
|poke|p2|Iron Treads|
|poke|p2|Ogerpon-Wellspring, F|
|teampreview
|inactive|Battle timer is ON: inactive players will automatically lose when time's up. (requested by Pokemon of Color)
|c|☆Ancient Tito|I like the theme
|
|t:|1757920472
|teamsize|p1|6
|teamsize|p2|6
|start
|switch|p1a: Tornadus|Tornadus, M|100/100
|switch|p2a: Iron Treads|Iron Treads|100/100
|turn|1
|
|t:|1757920481
|move|p1a: Tornadus|Heat Wave|p2a: Iron Treads
|-supereffective|p2a: Iron Treads
|-damage|p2a: Iron Treads|44/100
|move|p2a: Iron Treads|Knock Off|p1a: Tornadus
|-damage|p1a: Tornadus|59/100
|-enditem|p1a: Tornadus|Wide Lens|[from] move: Knock Off|[of] p2a: Iron Treads
|
|upkeep
|turn|2
|
|t:|1757920489
|-end|p2a: Iron Treads|Quark Drive|[silent]
|switch|p2a: Dondozo|Dondozo, F|100/100
|move|p1a: Tornadus|Heat Wave|p2a: Dondozo
|-resisted|p2a: Dondozo
|-damage|p2a: Dondozo|89/100
|-status|p2a: Dondozo|brn
|
|-heal|p2a: Dondozo|95/100 brn|[from] item: Leftovers
|-damage|p2a: Dondozo|89/100 brn|[from] brn
|upkeep
|turn|3
|
|t:|1757920501
|switch|p2a: Cinderace|Cinderace, F|100/100
|move|p1a: Tornadus|Bleakwind Storm|p2a: Cinderace
|-damage|p2a: Cinderace|28/100
|-unboost|p2a: Cinderace|spe|1
|
|upkeep
|turn|4
|
|t:|1757920510
|move|p1a: Tornadus|Tailwind|p1a: Tornadus
|-sidestart|p1: Pokemon of Color|move: Tailwind
|move|p2a: Cinderace|Pyro Ball|p1a: Tornadus
|-damage|p1a: Tornadus|0 fnt
|faint|p1a: Tornadus
|
|upkeep
|
|t:|1757920516
|switch|p1a: Gallade|Gallade, M|100/100
|turn|5
|
|t:|1757920522
|switch|p2a: Corviknight|Corviknight, F|100/100
|move|p1a: Gallade|Psycho Cut|p2a: Corviknight
|-resisted|p2a: Corviknight
|-damage|p2a: Corviknight|82/100
|
|upkeep
|turn|6
|
|t:|1757920532
|move|p1a: Gallade|Swords Dance|p1a: Gallade
|-boost|p1a: Gallade|atk|2
|move|p2a: Corviknight|U-turn|p1a: Gallade
|-damage|p1a: Gallade|79/100
|
|t:|1757920537
|switch|p2a: Dondozo|Dondozo, F|89/100 brn|[from] U-turn
|
|-heal|p2a: Dondozo|95/100 brn|[from] item: Leftovers
|-damage|p2a: Dondozo|89/100 brn|[from] brn
|upkeep
|turn|7
|
|t:|1757920545
|move|p1a: Gallade|Psycho Cut|p2a: Dondozo
|-crit|p2a: Dondozo
|-damage|p2a: Dondozo|40/100 brn
|move|p2a: Dondozo|Liquidation|p1a: Gallade
|-damage|p1a: Gallade|59/100
|-unboost|p1a: Gallade|def|1
|
|-heal|p2a: Dondozo|46/100 brn|[from] item: Leftovers
|-damage|p2a: Dondozo|40/100 brn|[from] brn
|-sideend|p1: Pokemon of Color|move: Tailwind
|upkeep
|turn|8
|
|t:|1757920557
|move|p1a: Gallade|Sacred Sword|p2a: Dondozo
|-damage|p2a: Dondozo|0 fnt
|faint|p2a: Dondozo
|
|upkeep
|
|t:|1757920581
|switch|p2a: Ogerpon|Ogerpon-Wellspring, F|100/100
|turn|9
|
|t:|1757920586
|move|p2a: Ogerpon|Ivy Cudgel|p1a: Gallade|[anim] Ivy Cudgel Water
|-crit|p1a: Gallade
|-damage|p1a: Gallade|0 fnt
|faint|p1a: Gallade
|
|upkeep
|
|t:|1757920595
|switch|p1a: Gardevoir|Gardevoir, F|100/100
|-ability|p1a: Gardevoir|Water Absorb|Trace|[from] ability: Trace|[of] p2a: Ogerpon
|turn|10
|
|t:|1757920609
|move|p2a: Ogerpon|Horn Leech|p1a: Gardevoir
|-damage|p1a: Gardevoir|37/100
|move|p1a: Gardevoir|Psychic Noise|p2a: Ogerpon
|-damage|p2a: Ogerpon|53/100
|-start|p2a: Ogerpon|move: Heal Block
|
|upkeep
|turn|11
|
|t:|1757920621
|move|p2a: Ogerpon|Play Rough|p1a: Gardevoir
|-damage|p1a: Gardevoir|0 fnt
|faint|p1a: Gardevoir
|
|-end|p2a: Ogerpon|move: Heal Block
|upkeep
|
|t:|1757920640
|switch|p1a: Sinistcha|Sinistcha|100/100
|turn|12
|
|t:|1757920646
|switch|p2a: Iron Treads|Iron Treads|44/100
|move|p1a: Sinistcha|Calm Mind|p1a: Sinistcha
|-boost|p1a: Sinistcha|spa|1
|-boost|p1a: Sinistcha|spd|1
|
|upkeep
|turn|13
|
|t:|1757920652
|move|p2a: Iron Treads|Knock Off|p1a: Sinistcha
|-supereffective|p1a: Sinistcha
|-damage|p1a: Sinistcha|47/100
|-enditem|p1a: Sinistcha|Weakness Policy
|-boost|p1a: Sinistcha|atk|2|[from] item: Weakness Policy
|-boost|p1a: Sinistcha|spa|2|[from] item: Weakness Policy
|move|p1a: Sinistcha|Strength Sap|p2a: Iron Treads
|-unboost|p2a: Iron Treads|atk|1
|-heal|p1a: Sinistcha|100/100
|
|upkeep
|turn|14
|
|t:|1757920670
|-end|p2a: Iron Treads|Quark Drive|[silent]
|switch|p2a: Raging Bolt|Raging Bolt|100/100
|move|p1a: Sinistcha|Matcha Gotcha|p2a: Raging Bolt
|-resisted|p2a: Raging Bolt
|-damage|p2a: Raging Bolt|65/100
|
|-heal|p2a: Raging Bolt|72/100|[from] item: Leftovers
|upkeep
|turn|15
|
|t:|1757920681
|move|p2a: Raging Bolt|Calm Mind|p2a: Raging Bolt
|-boost|p2a: Raging Bolt|spa|1
|-boost|p2a: Raging Bolt|spd|1
|move|p1a: Sinistcha|Shadow Ball|p2a: Raging Bolt
|-damage|p2a: Raging Bolt|29/100
|
|-heal|p2a: Raging Bolt|35/100|[from] item: Leftovers
|upkeep
|turn|16
|
|t:|1757920691
|move|p2a: Raging Bolt|Calm Mind|p2a: Raging Bolt
|-boost|p2a: Raging Bolt|spa|1
|-boost|p2a: Raging Bolt|spd|1
|move|p1a: Sinistcha|Shadow Ball|p2a: Raging Bolt
|-damage|p2a: Raging Bolt|0 fnt
|faint|p2a: Raging Bolt
|-end|p2a: Raging Bolt|Protosynthesis|[silent]
|
|upkeep
|
|t:|1757920700
|switch|p2a: Cinderace|Cinderace, F|28/100
|turn|17
|
|t:|1757920708
|move|p2a: Cinderace|Pyro Ball|p1a: Sinistcha
|-supereffective|p1a: Sinistcha
|-damage|p1a: Sinistcha|45/100
|move|p1a: Sinistcha|Strength Sap|p2a: Cinderace
|-unboost|p2a: Cinderace|atk|1
|-heal|p1a: Sinistcha|100/100
|
|upkeep
|turn|18
|
|t:|1757920718
|move|p2a: Cinderace|Pyro Ball|p1a: Sinistcha
|-supereffective|p1a: Sinistcha
|-damage|p1a: Sinistcha|65/100
|move|p1a: Sinistcha|Strength Sap|p2a: Cinderace
|-unboost|p2a: Cinderace|atk|1
|-heal|p1a: Sinistcha|100/100
|
|upkeep
|turn|19
|-message|Ancient Tito forfeited.
|
|win|Pokemon of Color
|raw|Pokemon of Color's rating: 1285 &rarr; <strong>1306</strong><br />(+21 for winning)
|raw|Ancient Tito's rating: 1224 &rarr; <strong>1203</strong><br />(-21 for losing)
|l|☆Ancient Tito
|player|p2|
|l|☆Pokemon of Color
|player|p1|
