|j|☆gracias h
|j|☆w1ldf1st
|t:|1757927731
|gametype|singles
|player|p1|gracias h|266|1203
|player|p2|w1ldf1st|lucas|1175
|gen|9
|tier|[Gen 9] OU
|rated|
|rule|HP Percentage Mod: HP is shown in percentages
|rule|Endless Battle Clause: Forcing endless battles is banned
|rule|Species Clause: Limit one of each Pokémon
|rule|OHKO Clause: OHKO moves are banned
|rule|Evasion Items Clause: Evasion items are banned
|rule|Evasion Moves Clause: Evasion moves are banned
|rule|Evasion Abilities Clause: Evasion abilities are banned
|rule|Sleep Moves Clause: Sleep-inducing moves are banned
|clearpoke
|poke|p1|Dragonite, M|
|poke|p1|Tinkaton, F|
|poke|p1|Iron Hands|
|poke|p1|Corviknight, M|
|poke|p1|Darkrai|
|poke|p1|Rotom-Heat|
|poke|p2|Blaziken, M|
|poke|p2|Grimmsnarl, M|
|poke|p2|Gliscor, M|
|poke|p2|Ogerpon-Wellspring, F|
|poke|p2|Scizor, M|
|poke|p2|Iron Valiant|
|teampreview
|
|t:|1757927735
|teamsize|p1|6
|teamsize|p2|6
|start
|switch|p1a: Tinkaton|Tinkaton, F|100/100
|switch|p2a: Even Yeagar|Grimmsnarl, M|100/100
|-item|p1a: Tinkaton|Air Balloon
|turn|1
|inactive|Battle timer is ON: inactive players will automatically lose when time's up. (requested by w1ldf1st)
|
|t:|1757927743
|move|p2a: Even Yeagar|Taunt|p1a: Tinkaton
|-start|p1a: Tinkaton|move: Taunt
|cant|p1a: Tinkaton|move: Taunt|Encore
|
|upkeep
|turn|2
|
|t:|1757927751
|move|p2a: Even Yeagar|Reflect|p2a: Even Yeagar
|-sidestart|p2: w1ldf1st|Reflect
|move|p1a: Tinkaton|Gigaton Hammer|p2a: Even Yeagar
|-supereffective|p2a: Even Yeagar
|-damage|p2a: Even Yeagar|27/100
|
|upkeep
|turn|3
|
|t:|1757927759
|move|p2a: Even Yeagar|Light Screen|p2a: Even Yeagar
|-sidestart|p2: w1ldf1st|move: Light Screen
|move|p1a: Tinkaton|Ice Hammer|p2a: Even Yeagar
|-damage|p2a: Even Yeagar|12/100
|-unboost|p1a: Tinkaton|spe|1
|
|-end|p1a: Tinkaton|move: Taunt
|upkeep
|turn|4
|
|t:|1757927769
|move|p2a: Even Yeagar|Taunt|p1a: Tinkaton
|-start|p1a: Tinkaton|move: Taunt
|cant|p1a: Tinkaton|move: Taunt|Stealth Rock
|
|upkeep
|turn|5
|
|t:|1757927776
|move|p1a: Tinkaton|Gigaton Hammer|p2a: Even Yeagar
|-supereffective|p2a: Even Yeagar
|-damage|p2a: Even Yeagar|0 fnt
|faint|p2a: Even Yeagar
|
|upkeep
|
|t:|1757927782
|switch|p2a: Sanji|Blaziken, M|100/100
|turn|6
|
|t:|1757927790
|switch|p1a: Dragonite|Dragonite, M|100/100
|move|p2a: Sanji|Focus Energy|p2a: Sanji
|-start|p2a: Sanji|move: Focus Energy
|
|-ability|p2a: Sanji|Speed Boost|boost
|-boost|p2a: Sanji|spe|1
|upkeep
|turn|7
|
|t:|1757927807
|move|p2a: Sanji|Close Combat|p1a: Dragonite
|-resisted|p1a: Dragonite
|-crit|p1a: Dragonite
|-damage|p1a: Dragonite|75/100
|-unboost|p2a: Sanji|def|1
|-unboost|p2a: Sanji|spd|1
|move|p1a: Dragonite|Encore|p2a: Sanji
|-start|p2a: Sanji|Encore
|
|-ability|p2a: Sanji|Speed Boost|boost
|-boost|p2a: Sanji|spe|1
|upkeep
|turn|8
|
|t:|1757927818
|move|p2a: Sanji|Close Combat|p1a: Dragonite
|-resisted|p1a: Dragonite
|-crit|p1a: Dragonite
|-damage|p1a: Dragonite|21/100
|-unboost|p2a: Sanji|def|1
|-unboost|p2a: Sanji|spd|1
|move|p1a: Dragonite|Dragon Dance|p1a: Dragonite
|-boost|p1a: Dragonite|atk|1
|-boost|p1a: Dragonite|spe|1
|
|-ability|p2a: Sanji|Speed Boost|boost
|-boost|p2a: Sanji|spe|1
|upkeep
|turn|9
|
|t:|1757927831
|-terastallize|p1a: Dragonite|Normal
|move|p1a: Dragonite|Extreme Speed|p2a: Sanji
|-damage|p2a: Sanji|0 fnt
|faint|p2a: Sanji
|
|-sideend|p2: w1ldf1st|Reflect
|upkeep
|
|t:|1757927849
|switch|p2a: Ilia Topuira|Scizor, M|100/100
|turn|10
|
|t:|1757927858
|switch|p1a: Corviknight|Corviknight, M|100/100
|-ability|p1a: Corviknight|Pressure
|move|p2a: Ilia Topuira|Bullet Punch|p1a: Corviknight
|-resisted|p1a: Corviknight
|-damage|p1a: Corviknight|86/100
|-damage|p2a: Ilia Topuira|91/100|[from] item: Life Orb
|
|-heal|p1a: Corviknight|92/100|[from] item: Leftovers
|-sideend|p2: w1ldf1st|move: Light Screen
|upkeep
|turn|11
|
|t:|1757927870
|move|p2a: Ilia Topuira|Knock Off|p1a: Corviknight
|-damage|p1a: Corviknight|62/100
|-enditem|p1a: Corviknight|Leftovers|[from] move: Knock Off|[of] p2a: Ilia Topuira
|-damage|p2a: Ilia Topuira|81/100|[from] item: Life Orb
|move|p1a: Corviknight|Brave Bird|p2a: Ilia Topuira
|-damage|p2a: Ilia Topuira|37/100
|-damage|p1a: Corviknight|51/100|[from] Recoil
|
|upkeep
|turn|12
|
|t:|1757927886
|move|p2a: Ilia Topuira|Close Combat|p1a: Corviknight
|-damage|p1a: Corviknight|17/100
|-unboost|p2a: Ilia Topuira|def|1
|-unboost|p2a: Ilia Topuira|spd|1
|-damage|p2a: Ilia Topuira|27/100|[from] item: Life Orb
|move|p1a: Corviknight|Roost|p1a: Corviknight
|-heal|p1a: Corviknight|67/100
|-singleturn|p1a: Corviknight|move: Roost
|
|upkeep
|turn|13
|
|t:|1757927899
|move|p2a: Ilia Topuira|Close Combat|p1a: Corviknight
|-damage|p1a: Corviknight|35/100
|-unboost|p2a: Ilia Topuira|def|1
|-unboost|p2a: Ilia Topuira|spd|1
|-damage|p2a: Ilia Topuira|17/100|[from] item: Life Orb
|move|p1a: Corviknight|Roost|p1a: Corviknight
|-heal|p1a: Corviknight|85/100
|-singleturn|p1a: Corviknight|move: Roost
|
|upkeep
|turn|14
|
|t:|1757927910
|move|p2a: Ilia Topuira|Close Combat|p1a: Corviknight
|-damage|p1a: Corviknight|50/100
|-unboost|p2a: Ilia Topuira|def|1
|-unboost|p2a: Ilia Topuira|spd|1
|-damage|p2a: Ilia Topuira|7/100|[from] item: Life Orb
|move|p1a: Corviknight|Roost|p1a: Corviknight
|-heal|p1a: Corviknight|99/100
|-singleturn|p1a: Corviknight|move: Roost
|
|upkeep
|turn|15
|
|t:|1757927921
|move|p2a: Ilia Topuira|Close Combat|p1a: Corviknight
|-damage|p1a: Corviknight|66/100
|-unboost|p2a: Ilia Topuira|def|1
|-unboost|p2a: Ilia Topuira|spd|1
|-damage|p2a: Ilia Topuira|0 fnt|[from] item: Life Orb
|faint|p2a: Ilia Topuira
|move|p1a: Corviknight|Roost|p1a: Corviknight
|-heal|p1a: Corviknight|100/100
|-singleturn|p1a: Corviknight|move: Roost
|
|upkeep
|
|t:|1757927934
|switch|p2a: Roronoa Zoro|Iron Valiant|100/100
|-enditem|p2a: Roronoa Zoro|Booster Energy
|-activate|p2a: Roronoa Zoro|ability: Quark Drive|[fromitem]
|-start|p2a: Roronoa Zoro|quarkdrivespe
|turn|16
|
|t:|1757927940
|-terastallize|p2a: Roronoa Zoro|Electric
|move|p2a: Roronoa Zoro|Calm Mind|p2a: Roronoa Zoro
|-boost|p2a: Roronoa Zoro|spa|1
|-boost|p2a: Roronoa Zoro|spd|1
|move|p1a: Corviknight|Brave Bird|p2a: Roronoa Zoro
|-resisted|p2a: Roronoa Zoro
|-damage|p2a: Roronoa Zoro|76/100
|-damage|p1a: Corviknight|95/100|[from] Recoil
|
|upkeep
|turn|17
|
|t:|1757927951
|move|p2a: Roronoa Zoro|Calm Mind|p2a: Roronoa Zoro
|-boost|p2a: Roronoa Zoro|spa|1
|-boost|p2a: Roronoa Zoro|spd|1
|move|p1a: Corviknight|U-turn|p2a: Roronoa Zoro
|-damage|p2a: Roronoa Zoro|56/100
|
|t:|1757927955
|switch|p1a: Tinkaton|Tinkaton, F|100/100|[from] U-turn
|-item|p1a: Tinkaton|Air Balloon
|
|upkeep
|turn|18
|
|t:|1757927962
|move|p2a: Roronoa Zoro|Thunderbolt|p1a: Tinkaton
|-damage|p1a: Tinkaton|10/100
|-enditem|p1a: Tinkaton|Air Balloon
|move|p1a: Tinkaton|Encore|p2a: Roronoa Zoro
|-start|p2a: Roronoa Zoro|Encore
|
|upkeep
|turn|19
|
|t:|1757927974
|move|p2a: Roronoa Zoro|Thunderbolt|p1a: Tinkaton
|-damage|p1a: Tinkaton|0 fnt
|faint|p1a: Tinkaton
|
|upkeep
|
|t:|1757927979
|switch|p1a: Iron Hands|Iron Hands|100/100
|-enditem|p1a: Iron Hands|Booster Energy
|-activate|p1a: Iron Hands|ability: Quark Drive|[fromitem]
|-start|p1a: Iron Hands|quarkdriveatk
|turn|20
|
|t:|1757927984
|move|p2a: Roronoa Zoro|Thunderbolt|p1a: Iron Hands
|-resisted|p1a: Iron Hands
|-damage|p1a: Iron Hands|66/100
|move|p1a: Iron Hands|Close Combat|p2a: Roronoa Zoro
|-damage|p2a: Roronoa Zoro|0 fnt
|-unboost|p1a: Iron Hands|def|1
|-unboost|p1a: Iron Hands|spd|1
|faint|p2a: Roronoa Zoro
|-end|p2a: Roronoa Zoro|Quark Drive|[silent]
|
|upkeep
|
|t:|1757927999
|switch|p2a: Batman|Gliscor, M|100/100
|turn|21
|
|t:|1757928003
|move|p2a: Batman|Toxic|p1a: Iron Hands
|-status|p1a: Iron Hands|tox
|move|p1a: Iron Hands|Ice Punch|p2a: Batman
|-supereffective|p2a: Batman
|-damage|p2a: Batman|0 fnt
|faint|p2a: Batman
|
|-damage|p1a: Iron Hands|60/100 tox|[from] psn
|upkeep
|
|t:|1757928013
|switch|p2a: Yamato|Ogerpon-Wellspring, F|100/100
|turn|22
|
|t:|1757928016
|move|p2a: Yamato|Ivy Cudgel|p1a: Iron Hands|[anim] Ivy Cudgel Water
|-damage|p1a: Iron Hands|0 fnt
|faint|p1a: Iron Hands
|-end|p1a: Iron Hands|Quark Drive|[silent]
|
|upkeep
|
|t:|1757928022
|switch|p1a: Rotom|Rotom-Heat|100/100
|turn|23
|
|t:|1757928026
|move|p2a: Yamato|Ivy Cudgel|p1a: Rotom|[anim] Ivy Cudgel Water
|-supereffective|p1a: Rotom
|-damage|p1a: Rotom|0 fnt
|faint|p1a: Rotom
|
|upkeep
|
|t:|1757928033
|switch|p1a: Corviknight|Corviknight, M|95/100
|-ability|p1a: Corviknight|Pressure
|turn|24
|
|t:|1757928037
|move|p2a: Yamato|Ivy Cudgel|p1a: Corviknight|[anim] Ivy Cudgel Water
|-damage|p1a: Corviknight|61/100
|move|p1a: Corviknight|Brave Bird|p2a: Yamato
|-supereffective|p2a: Yamato
|-damage|p2a: Yamato|0 fnt
|faint|p2a: Yamato
|-damage|p1a: Corviknight|36/100|[from] Recoil
|
|win|gracias h
|raw|gracias h's rating: 1203 &rarr; <strong>1226</strong><br />(+23 for winning)
|raw|w1ldf1st's rating: 1175 &rarr; <strong>1152</strong><br />(-23 for losing)
|l|☆gracias h
|player|p1|
|l|☆w1ldf1st
|player|p2|
