|j|☆greynolabar
|j|☆monkeyhighbooster
|t:|1757859355
|gametype|singles
|player|p1|greynolabar|1|1153
|player|p2|monkeyhighbooster|cynthia-gen4|1198
|gen|9
|tier|[Gen 9] OU
|rated|
|rule|HP Percentage Mod: HP is shown in percentages
|rule|Endless Battle Clause: Forcing endless battles is banned
|rule|Species Clause: Limit one of each Pokémon
|rule|OHKO Clause: OHKO moves are banned
|rule|Evasion Items Clause: Evasion items are banned
|rule|Evasion Moves Clause: Evasion moves are banned
|rule|Evasion Abilities Clause: Evasion abilities are banned
|rule|Sleep Moves Clause: Sleep-inducing moves are banned
|clearpoke
|poke|p1|Ribombee, F|
|poke|p1|Malamar, F|
|poke|p1|Skeledirge, M|
|poke|p1|Ditto|
|poke|p1|Meganium, F|
|poke|p1|Umbreon, M|
|poke|p2|Arboliva, F|
|poke|p2|Torkoal, M|
|poke|p2|Swampert, F|
|poke|p2|Heatran, F|
|poke|p2|Zamazenta-*|
|poke|p2|Gholdengo|
|teampreview
|inactive|Battle timer is ON: inactive players will automatically lose when time's up. (requested by greynolabar)
|
|t:|1757859363
|teamsize|p1|6
|teamsize|p2|6
|start
|switch|p1a: Ribombee|Ribombee, F|100/100
|switch|p2a: Torkoal|Torkoal, M|100/100
|-weather|SunnyDay|[from] ability: Drought|[of] p2a: Torkoal
|turn|1
|
|t:|1757859370
|move|p1a: Ribombee|Sticky Web|p2a: Torkoal
|-sidestart|p2: monkeyhighbooster|move: Sticky Web
|move|p2a: Torkoal|Stealth Rock|p1a: Ribombee
|-sidestart|p1: greynolabar|move: Stealth Rock
|
|-weather|SunnyDay|[upkeep]
|upkeep
|turn|2
|
|t:|1757859384
|move|p1a: Ribombee|Calm Mind|p1a: Ribombee
|-boost|p1a: Ribombee|spa|1
|-boost|p1a: Ribombee|spd|1
|move|p2a: Torkoal|Lava Plume|p1a: Ribombee
|-supereffective|p1a: Ribombee
|-damage|p1a: Ribombee|28/100
|
|-weather|SunnyDay|[upkeep]
|upkeep
|turn|3
|
|t:|1757859394
|move|p1a: Ribombee|Draining Kiss|p2a: Torkoal
|-resisted|p2a: Torkoal
|-damage|p2a: Torkoal|84/100
|-heal|p1a: Ribombee|41/100|[from] drain|[of] p2a: Torkoal
|move|p2a: Torkoal|Lava Plume|p1a: Ribombee
|-supereffective|p1a: Ribombee
|-damage|p1a: Ribombee|0 fnt
|faint|p1a: Ribombee
|
|-weather|SunnyDay|[upkeep]
|upkeep
|inactive|greynolabar has 120 seconds left.
|
|t:|1757859425
|switch|p1a: All-Time Favorite|Umbreon, M|100/100
|-damage|p1a: All-Time Favorite|88/100|[from] Stealth Rock
|turn|4
|
|t:|1757859453
|move|p1a: All-Time Favorite|Wish|p1a: All-Time Favorite
|move|p2a: Torkoal|Lava Plume|p1a: All-Time Favorite
|-damage|p1a: All-Time Favorite|65/100
|
|-weather|SunnyDay|[upkeep]
|-heal|p1a: All-Time Favorite|71/100|[from] item: Leftovers
|upkeep
|turn|5
|
|t:|1757859461
|move|p1a: All-Time Favorite|Toxic|p2a: Torkoal
|-status|p2a: Torkoal|tox
|move|p2a: Torkoal|Rapid Spin|p1a: All-Time Favorite
|-damage|p1a: All-Time Favorite|63/100
|-boost|p2a: Torkoal|spe|1
|-sideend|p2: monkeyhighbooster|Sticky Web|[from] move: Rapid Spin|[of] p2a: Torkoal
|
|-weather|none
|-heal|p1a: All-Time Favorite|100/100|[from] move: Wish|[wisher] All-Time Favorite
|-damage|p2a: Torkoal|78/100 tox|[from] psn
|upkeep
|turn|6
|
|t:|1757859471
|switch|p2a: Heatran|Heatran, F|100/100
|-item|p2a: Heatran|Air Balloon
|move|p1a: All-Time Favorite|Foul Play|p2a: Heatran
|-damage|p2a: Heatran|82/100
|-enditem|p2a: Heatran|Air Balloon
|
|upkeep
|turn|7
|
|t:|1757859485
|move|p2a: Heatran|Earth Power|p1a: All-Time Favorite
|-damage|p1a: All-Time Favorite|81/100
|move|p1a: All-Time Favorite|Wish|p1a: All-Time Favorite
|
|-heal|p1a: All-Time Favorite|87/100|[from] item: Leftovers
|upkeep
|turn|8
|
|t:|1757859490
|move|p2a: Heatran|Magma Storm|p1a: All-Time Favorite
|-damage|p1a: All-Time Favorite|55/100
|-activate|p1a: All-Time Favorite|move: Magma Storm|[of] p2a: Heatran
|move|p1a: All-Time Favorite|Foul Play|p2a: Heatran
|-damage|p2a: Heatran|61/100
|
|-heal|p1a: All-Time Favorite|100/100|[from] move: Wish|[wisher] All-Time Favorite
|-damage|p1a: All-Time Favorite|88/100|[from] move: Magma Storm|[partiallytrapped]
|upkeep
|turn|9
|
|t:|1757859499
|move|p2a: Heatran|Magma Storm|p1a: All-Time Favorite
|-damage|p1a: All-Time Favorite|51/100
|move|p1a: All-Time Favorite|Wish|p1a: All-Time Favorite
|
|-heal|p1a: All-Time Favorite|58/100|[from] item: Leftovers
|-damage|p1a: All-Time Favorite|45/100|[from] move: Magma Storm|[partiallytrapped]
|upkeep
|turn|10
|
|t:|1757859509
|move|p2a: Heatran|Protect|p2a: Heatran
|-singleturn|p2a: Heatran|Protect
|move|p1a: All-Time Favorite|Protect||[still]
|-fail|p1a: All-Time Favorite
|
|-heal|p1a: All-Time Favorite|95/100|[from] move: Wish|[wisher] All-Time Favorite
|-heal|p1a: All-Time Favorite|100/100|[from] item: Leftovers
|-damage|p1a: All-Time Favorite|88/100|[from] move: Magma Storm|[partiallytrapped]
|upkeep
|turn|11
|
|t:|1757859521
|switch|p2a: Zamazenta|Zamazenta|100/100
|-ability|p2a: Zamazenta|Dauntless Shield|boost
|-boost|p2a: Zamazenta|def|1
|move|p1a: All-Time Favorite|Wish|p1a: All-Time Favorite
|
|-heal|p1a: All-Time Favorite|94/100|[from] item: Leftovers
|-end|p1a: All-Time Favorite|Magma Storm|[partiallytrapped]|[silent]
|upkeep
|turn|12
|
|t:|1757859536
|switch|p1a: Skeledirge|Skeledirge, M|100/100
|-damage|p1a: Skeledirge|76/100|[from] Stealth Rock
|move|p2a: Zamazenta|Body Press|p1a: Skeledirge
|-immune|p1a: Skeledirge
|
|-heal|p1a: Skeledirge|100/100|[from] move: Wish|[wisher] All-Time Favorite
|upkeep
|turn|13
|
|t:|1757859550
|switch|p2a: Heatran|Heatran, F|61/100
|-terastallize|p1a: Skeledirge|Fire
|move|p1a: Skeledirge|Torch Song|p2a: Heatran
|-start|p2a: Heatran|ability: Flash Fire
|
|upkeep
|turn|14
|
|t:|1757859558
|move|p2a: Heatran|Earth Power|p1a: Skeledirge
|-supereffective|p1a: Skeledirge
|-damage|p1a: Skeledirge|29/100
|move|p1a: Skeledirge|Earth Power|p2a: Heatran
|-supereffective|p2a: Heatran
|-damage|p2a: Heatran|0 fnt
|faint|p2a: Heatran
|
|-heal|p1a: Skeledirge|35/100|[from] item: Leftovers
|upkeep
|
|t:|1757859576
|switch|p2a: Swampert|Swampert, F, shiny|100/100
|turn|15
|
|t:|1757859591
|switch|p1a: First-Ever Starter|Meganium, F|100/100
|-damage|p1a: First-Ever Starter|88/100|[from] Stealth Rock
|move|p2a: Swampert|Knock Off|p1a: First-Ever Starter
|-damage|p1a: First-Ever Starter|69/100
|-enditem|p1a: First-Ever Starter|Light Clay|[from] move: Knock Off|[of] p2a: Swampert
|
|upkeep
|turn|16
|
|t:|1757859602
|switch|p2a: T H E|Arboliva, F|100/100
|move|p1a: First-Ever Starter|Reflect|p1a: First-Ever Starter
|-sidestart|p1: greynolabar|Reflect
|
|upkeep
|turn|17
|
|t:|1757859606
|move|p1a: First-Ever Starter|Light Screen|p1a: First-Ever Starter
|-sidestart|p1: greynolabar|move: Light Screen
|move|p2a: T H E|Hyper Voice|p1a: First-Ever Starter
|-crit|p1a: First-Ever Starter
|-damage|p1a: First-Ever Starter|14/100
|
|upkeep
|turn|18
|
|t:|1757859617
|switch|p1a: All-Time Favorite|Umbreon, M|94/100
|-damage|p1a: All-Time Favorite|82/100|[from] Stealth Rock
|move|p2a: T H E|Earth Power|p1a: All-Time Favorite
|-damage|p1a: All-Time Favorite|73/100
|
|-heal|p1a: All-Time Favorite|79/100|[from] item: Leftovers
|upkeep
|turn|19
|
|t:|1757859626
|move|p1a: All-Time Favorite|Wish|p1a: All-Time Favorite
|move|p2a: T H E|Hyper Voice|p1a: All-Time Favorite
|-damage|p1a: All-Time Favorite|66/100
|
|-heal|p1a: All-Time Favorite|72/100|[from] item: Leftovers
|upkeep
|turn|20
|
|t:|1757859636
|switch|p1a: Ursula|Malamar, F|100/100
|-damage|p1a: Ursula|88/100|[from] Stealth Rock
|move|p2a: T H E|Earth Power|p1a: Ursula
|-damage|p1a: Ursula|77/100
|
|-heal|p1a: Ursula|100/100|[from] move: Wish|[wisher] All-Time Favorite
|-sideend|p1: greynolabar|Reflect
|upkeep
|turn|21
|
|t:|1757859653
|-terastallize|p2a: T H E|Poison
|move|p1a: Ursula|Superpower|p2a: T H E
|-resisted|p2a: T H E
|-damage|p2a: T H E|88/100
|-boost|p1a: Ursula|atk|1
|-boost|p1a: Ursula|def|1
|-fieldstart|move: Grassy Terrain|[from] ability: Seed Sower|[of] p2a: T H E
|-enditem|p2a: T H E|Grassy Seed
|-boost|p2a: T H E|def|1|[from] item: Grassy Seed
|move|p2a: T H E|Energy Ball|p1a: Ursula
|-damage|p1a: Ursula|77/100
|
|-heal|p1a: Ursula|83/100|[from] Grassy Terrain
|-heal|p1a: Ursula|90/100|[from] item: Leftovers
|-heal|p2a: T H E|94/100|[from] Grassy Terrain
|-sideend|p1: greynolabar|move: Light Screen
|upkeep
|turn|22
|
|t:|1757859669
|move|p1a: Ursula|Knock Off|p2a: T H E
|-crit|p2a: T H E
|-damage|p2a: T H E|48/100
|move|p2a: T H E|Strength Sap|p1a: Ursula
|-boost|p1a: Ursula|atk|1
|-heal|p2a: T H E|100/100
|
|-heal|p1a: Ursula|96/100|[from] Grassy Terrain
|-heal|p1a: Ursula|100/100|[from] item: Leftovers
|upkeep
|turn|23
|
|t:|1757859692
|move|p1a: Ursula|Superpower|p2a: T H E
|-resisted|p2a: T H E
|-damage|p2a: T H E|84/100
|-boost|p1a: Ursula|atk|1
|-boost|p1a: Ursula|def|1
|move|p2a: T H E|Energy Ball|p1a: Ursula
|-damage|p1a: Ursula|55/100
|
|-heal|p1a: Ursula|61/100|[from] Grassy Terrain
|-heal|p1a: Ursula|67/100|[from] item: Leftovers
|-heal|p2a: T H E|90/100|[from] Grassy Terrain
|upkeep
|turn|24
|
|t:|1757859707
|move|p1a: Ursula|Superpower|p2a: T H E
|-resisted|p2a: T H E
|-damage|p2a: T H E|69/100
|-boost|p1a: Ursula|atk|1
|-boost|p1a: Ursula|def|1
|move|p2a: T H E|Energy Ball|p1a: Ursula
|-damage|p1a: Ursula|22/100
|
|-heal|p1a: Ursula|28/100|[from] Grassy Terrain
|-heal|p1a: Ursula|34/100|[from] item: Leftovers
|-heal|p2a: T H E|75/100|[from] Grassy Terrain
|upkeep
|turn|25
|
|t:|1757859719
|move|p1a: Ursula|Rest|p1a: Ursula
|-status|p1a: Ursula|slp|[from] move: Rest
|-heal|p1a: Ursula|100/100 slp|[silent]
|move|p2a: T H E|Energy Ball|p1a: Ursula
|-damage|p1a: Ursula|54/100 slp
|
|-heal|p1a: Ursula|60/100 slp|[from] Grassy Terrain
|-heal|p1a: Ursula|66/100 slp|[from] item: Leftovers
|-heal|p2a: T H E|81/100|[from] Grassy Terrain
|-fieldend|move: Grassy Terrain
|upkeep
|turn|26
|
|t:|1757859729
|cant|p1a: Ursula|slp
|move|p1a: Ursula|Sleep Talk|p1a: Ursula
|move|p1a: Ursula|Superpower|p2a: T H E|[from] move: Sleep Talk
|-resisted|p2a: T H E
|-damage|p2a: T H E|53/100
|-boost|p1a: Ursula|atk|1
|-boost|p1a: Ursula|def|1
|-fieldstart|move: Grassy Terrain|[from] ability: Seed Sower|[of] p2a: T H E
|move|p2a: T H E|Energy Ball|p1a: Ursula
|-damage|p1a: Ursula|22/100 slp
|
|-heal|p1a: Ursula|28/100 slp|[from] Grassy Terrain
|-heal|p1a: Ursula|34/100 slp|[from] item: Leftovers
|-heal|p2a: T H E|59/100|[from] Grassy Terrain
|upkeep
|turn|27
|
|t:|1757859743
|cant|p1a: Ursula|slp
|move|p1a: Ursula|Sleep Talk|p1a: Ursula
|move|p1a: Ursula|Superpower|p2a: T H E|[from] move: Sleep Talk
|-resisted|p2a: T H E
|-damage|p2a: T H E|27/100
|-boost|p1a: Ursula|atk|1
|-boost|p1a: Ursula|def|1
|move|p2a: T H E|Energy Ball|p1a: Ursula
|-damage|p1a: Ursula|0 fnt
|faint|p1a: Ursula
|
|-heal|p2a: T H E|33/100|[from] Grassy Terrain
|upkeep
|inactive|greynolabar has 120 seconds left.
|
|t:|1757859764
|switch|p1a: First-Ever Starter|Meganium, F|14/100
|-damage|p1a: First-Ever Starter|2/100|[from] Stealth Rock
|turn|28
|
|t:|1757859778
|move|p1a: First-Ever Starter|Light Screen|p1a: First-Ever Starter
|-sidestart|p1: greynolabar|move: Light Screen
|move|p2a: T H E|Strength Sap|p1a: First-Ever Starter
|-unboost|p1a: First-Ever Starter|atk|1
|-heal|p2a: T H E|83/100
|
|-heal|p1a: First-Ever Starter|8/100|[from] Grassy Terrain
|-heal|p2a: T H E|89/100|[from] Grassy Terrain
|upkeep
|turn|29
|inactive|greynolabar has 120 seconds left.
|
|t:|1757859789
|move|p1a: First-Ever Starter|Reflect|p1a: First-Ever Starter
|-sidestart|p1: greynolabar|Reflect
|move|p2a: T H E|Hyper Voice|p1a: First-Ever Starter
|-damage|p1a: First-Ever Starter|0 fnt
|faint|p1a: First-Ever Starter
|
|-heal|p2a: T H E|95/100|[from] Grassy Terrain
|upkeep
|
|t:|1757859795
|switch|p1a: Skeledirge|Skeledirge, M, tera:Fire|35/100
|-damage|p1a: Skeledirge|10/100|[from] Stealth Rock
|turn|30
|
|t:|1757859806
|move|p1a: Skeledirge|Torch Song|p2a: T H E
|-damage|p2a: T H E|53/100
|-boost|p1a: Skeledirge|spa|1
|move|p2a: T H E|Earth Power|p1a: Skeledirge
|-supereffective|p1a: Skeledirge
|-damage|p1a: Skeledirge|0 fnt
|faint|p1a: Skeledirge
|
|-heal|p2a: T H E|59/100|[from] Grassy Terrain
|-fieldend|move: Grassy Terrain
|upkeep
|inactive|greynolabar has 120 seconds left.
|
|t:|1757859820
|switch|p1a: All-Time Favorite|Umbreon, M|72/100
|-damage|p1a: All-Time Favorite|59/100|[from] Stealth Rock
|turn|31
|
|t:|1757859827
|move|p1a: All-Time Favorite|Foul Play|p2a: T H E
|-damage|p2a: T H E|45/100
|-fieldstart|move: Grassy Terrain|[from] ability: Seed Sower|[of] p2a: T H E
|move|p2a: T H E|Strength Sap|p1a: All-Time Favorite
|-unboost|p1a: All-Time Favorite|atk|1
|-heal|p2a: T H E|83/100
|
|-heal|p1a: All-Time Favorite|66/100|[from] Grassy Terrain
|-heal|p1a: All-Time Favorite|72/100|[from] item: Leftovers
|-heal|p2a: T H E|89/100|[from] Grassy Terrain
|upkeep
|turn|32
|-message|greynolabar forfeited.
|
|win|monkeyhighbooster
|raw|greynolabar's rating: 1153 &rarr; <strong>1131</strong><br />(-22 for losing)
|raw|monkeyhighbooster's rating: 1198 &rarr; <strong>1220</strong><br />(+22 for winning)
|l|☆greynolabar
|player|p1|
|l|☆monkeyhighbooster
|player|p2|
