|j|☆Lonelyenders
|j|☆loulsaiyan
|t:|1757786115
|gametype|singles
|player|p1|Lonelyenders|acetrainer|1373
|player|p2|loulsaiyan|hiker-gen4|1429
|gen|9
|tier|[Gen 9] OU
|rated|
|rule|HP Percentage Mod: HP is shown in percentages
|rule|Endless Battle Clause: Forcing endless battles is banned
|rule|Species Clause: Limit one of each Pokémon
|rule|OHKO Clause: OHKO moves are banned
|rule|Evasion Items Clause: Evasion items are banned
|rule|Evasion Moves Clause: Evasion moves are banned
|rule|Evasion Abilities Clause: Evasion abilities are banned
|rule|Sleep Moves Clause: Sleep-inducing moves are banned
|clearpoke
|poke|p1|Iron Moth|
|poke|p1|Lokix, F|
|poke|p1|Ursaluna, M|
|poke|p1|Kyurem|
|poke|p1|Zapdos|
|poke|p1|Azumarill, F|
|poke|p2|Great Tusk|
|poke|p2|Ribombee, M|
|poke|p2|Iron Valiant|
|poke|p2|Ogerpon-Wellspring, F|
|poke|p2|Kingambit, M|
|poke|p2|Raging Bolt|
|teampreview
|inactive|Battle timer is ON: inactive players will automatically lose when time's up. (requested by loulsaiyan)
|inactive|Lonelyenders also wants the timer to be on.
|c|☆loulsaiyan|glhf
|
|t:|1757786122
|teamsize|p1|6
|teamsize|p2|6
|start
|switch|p1a: Ursaluna|Ursaluna, M|100/100
|switch|p2a: Caca Paillettes|Ribombee, M, shiny|100/100
|turn|1
|
|t:|1757786134
|move|p2a: Caca Paillettes|Reflect|p2a: Caca Paillettes
|-sidestart|p2: loulsaiyan|Reflect
|move|p1a: Ursaluna|Trailblaze|p2a: Caca Paillettes
|-resisted|p2a: Caca Paillettes
|-damage|p2a: Caca Paillettes|93/100
|-boost|p1a: Ursaluna|spe|1
|
|-status|p1a: Ursaluna|brn|[from] item: Flame Orb
|upkeep
|turn|2
|
|t:|1757786141
|move|p2a: Caca Paillettes|Sticky Web|p1a: Ursaluna
|-sidestart|p1: Lonelyenders|move: Sticky Web
|move|p1a: Ursaluna|Trailblaze|p2a: Caca Paillettes
|-resisted|p2a: Caca Paillettes
|-damage|p2a: Caca Paillettes|82/100
|-boost|p1a: Ursaluna|spe|1
|
|-damage|p1a: Ursaluna|94/100 brn|[from] brn
|upkeep
|turn|3
|
|t:|1757786149
|move|p2a: Caca Paillettes|Moonblast|p1a: Ursaluna
|-damage|p1a: Ursaluna|67/100 brn
|move|p1a: Ursaluna|Trailblaze|p2a: Caca Paillettes
|-resisted|p2a: Caca Paillettes
|-damage|p2a: Caca Paillettes|70/100
|-boost|p1a: Ursaluna|spe|1
|
|-damage|p1a: Ursaluna|60/100 brn|[from] brn
|upkeep
|turn|4
|
|t:|1757786158
|move|p1a: Ursaluna|Facade|p2a: Caca Paillettes
|-damage|p2a: Caca Paillettes|0 fnt
|faint|p2a: Caca Paillettes
|
|-damage|p1a: Ursaluna|54/100 brn|[from] brn
|upkeep
|
|t:|1757786183
|switch|p2a: Sauce Harissa|Iron Valiant, shiny|100/100
|-enditem|p2a: Sauce Harissa|Booster Energy
|-activate|p2a: Sauce Harissa|ability: Quark Drive|[fromitem]
|-start|p2a: Sauce Harissa|quarkdrivespe
|turn|5
|
|t:|1757786191
|move|p2a: Sauce Harissa|Moonblast|p1a: Ursaluna
|-damage|p1a: Ursaluna|13/100 brn
|move|p1a: Ursaluna|Facade|p2a: Sauce Harissa
|-damage|p2a: Sauce Harissa|15/100
|
|-damage|p1a: Ursaluna|7/100 brn|[from] brn
|upkeep
|turn|6
|
|t:|1757786200
|move|p2a: Sauce Harissa|Moonblast|p1a: Ursaluna
|-damage|p1a: Ursaluna|0 fnt
|faint|p1a: Ursaluna
|
|upkeep
|
|t:|1757786205
|switch|p1a: Zapdos|Zapdos|100/100
|turn|7
|
|t:|1757786208
|move|p2a: Sauce Harissa|Destiny Bond|p2a: Sauce Harissa
|-singlemove|p2a: Sauce Harissa|Destiny Bond
|move|p1a: Zapdos|Volt Switch|p2a: Sauce Harissa
|-damage|p2a: Sauce Harissa|0 fnt
|faint|p2a: Sauce Harissa
|-activate|p2a: Sauce Harissa|move: Destiny Bond
|-end|p2a: Sauce Harissa|Quark Drive|[silent]
|faint|p1a: Zapdos
|
|upkeep
|
|t:|1757786232
|switch|p2a: Wazo|Ogerpon-Wellspring, F|100/100
|switch|p1a: Kyurem|Kyurem|100/100
|-activate|p1a: Kyurem|move: Sticky Web
|-unboost|p1a: Kyurem|spe|1
|-ability|p1a: Kyurem|Pressure
|turn|8
|
|t:|1757786238
|move|p2a: Wazo|Knock Off|p1a: Kyurem
|-damage|p1a: Kyurem|64/100
|-enditem|p1a: Kyurem|Loaded Dice|[from] move: Knock Off|[of] p2a: Wazo
|move|p1a: Kyurem|Dragon Dance|p1a: Kyurem
|-boost|p1a: Kyurem|atk|1
|-boost|p1a: Kyurem|spe|1
|
|-sideend|p2: loulsaiyan|Reflect
|upkeep
|turn|9
|
|t:|1757786245
|move|p2a: Wazo|Encore|p1a: Kyurem
|-start|p1a: Kyurem|Encore
|move|p1a: Kyurem|Dragon Dance|p1a: Kyurem
|-boost|p1a: Kyurem|atk|1
|-boost|p1a: Kyurem|spe|1
|
|upkeep
|turn|10
|
|t:|1757786251
|move|p1a: Kyurem|Dragon Dance|p1a: Kyurem
|-boost|p1a: Kyurem|atk|1
|-boost|p1a: Kyurem|spe|1
|move|p2a: Wazo|Swords Dance|p2a: Wazo
|-boost|p2a: Wazo|atk|2
|
|upkeep
|turn|11
|
|t:|1757786256
|move|p1a: Kyurem|Dragon Dance|p1a: Kyurem
|-boost|p1a: Kyurem|atk|1
|-boost|p1a: Kyurem|spe|1
|move|p2a: Wazo|Ivy Cudgel|p1a: Kyurem|[anim] Ivy Cudgel Water
|-resisted|p1a: Kyurem
|-damage|p1a: Kyurem|11/100
|
|-end|p1a: Kyurem|Encore
|upkeep
|turn|12
|
|t:|1757786268
|move|p1a: Kyurem|Freeze-Dry|p2a: Wazo
|-supereffective|p2a: Wazo
|-damage|p2a: Wazo|0 fnt
|faint|p2a: Wazo
|
|upkeep
|
|t:|1757786275
|switch|p2a: Choi|Kingambit, M, shiny|100/100
|turn|13
|
|t:|1757786290
|move|p1a: Kyurem|Icicle Spear|p2a: Choi
|-resisted|p2a: Choi
|-damage|p2a: Choi|86/100
|-resisted|p2a: Choi
|-damage|p2a: Choi|73/100
|-hitcount|p2a: Choi|2
|move|p2a: Choi|Iron Head|p1a: Kyurem
|-supereffective|p1a: Kyurem
|-damage|p1a: Kyurem|0 fnt
|faint|p1a: Kyurem
|
|upkeep
|
|t:|1757786295
|switch|p1a: Azumarill|Azumarill, F|100/100
|-activate|p1a: Azumarill|move: Sticky Web
|-unboost|p1a: Azumarill|spe|1
|turn|14
|
|t:|1757786302
|move|p2a: Choi|Iron Head|p1a: Azumarill
|-crit|p1a: Azumarill
|-damage|p1a: Azumarill|24/100
|-enditem|p1a: Azumarill|Sitrus Berry|[eat]
|-heal|p1a: Azumarill|49/100|[from] item: Sitrus Berry
|move|p1a: Azumarill|Liquidation|p2a: Choi
|-damage|p2a: Choi|33/100
|
|upkeep
|turn|15
|
|t:|1757786309
|-terastallize|p1a: Azumarill|Water
|move|p1a: Azumarill|Aqua Jet|p2a: Choi
|-damage|p2a: Choi|8/100
|move|p2a: Choi|Iron Head|p1a: Azumarill
|-resisted|p1a: Azumarill
|-damage|p1a: Azumarill|24/100
|
|upkeep
|turn|16
|
|t:|1757786316
|move|p2a: Choi|Sucker Punch|p1a: Azumarill
|-damage|p1a: Azumarill|0 fnt
|faint|p1a: Azumarill
|
|upkeep
|
|t:|1757786319
|switch|p1a: Lokix|Lokix, F|100/100
|-activate|p1a: Lokix|move: Sticky Web
|-unboost|p1a: Lokix|spe|1
|turn|17
|
|t:|1757786325
|move|p1a: Lokix|Sucker Punch|p2a: Choi
|-resisted|p2a: Choi
|-damage|p2a: Choi|0 fnt
|faint|p2a: Choi
|
|upkeep
|
|t:|1757786329
|switch|p2a: Sauce Algérienne|Raging Bolt|100/100
|-enditem|p2a: Sauce Algérienne|Booster Energy
|-activate|p2a: Sauce Algérienne|ability: Protosynthesis|[fromitem]
|-start|p2a: Sauce Algérienne|protosynthesisspa
|turn|18
|
|t:|1757786351
|move|p1a: Lokix|Swords Dance|p1a: Lokix
|-boost|p1a: Lokix|atk|2
|move|p2a: Sauce Algérienne|Thunderbolt|p1a: Lokix
|-damage|p1a: Lokix|0 fnt
|faint|p1a: Lokix
|
|upkeep
|
|t:|1757786356
|switch|p1a: Iron Moth|Iron Moth|100/100
|-activate|p1a: Iron Moth|move: Sticky Web
|-unboost|p1a: Iron Moth|spe|1
|-enditem|p1a: Iron Moth|Booster Energy
|-activate|p1a: Iron Moth|ability: Quark Drive|[fromitem]
|-start|p1a: Iron Moth|quarkdrivespa
|turn|19
|
|t:|1757786362
|move|p1a: Iron Moth|Dazzling Gleam|p2a: Sauce Algérienne
|-supereffective|p2a: Sauce Algérienne
|-damage|p2a: Sauce Algérienne|41/100
|move|p2a: Sauce Algérienne|Thunderbolt|p1a: Iron Moth
|-damage|p1a: Iron Moth|24/100
|
|upkeep
|turn|20
|
|t:|1757786368
|move|p2a: Sauce Algérienne|Thunderclap|p1a: Iron Moth
|-damage|p1a: Iron Moth|0 fnt
|faint|p1a: Iron Moth
|-end|p1a: Iron Moth|Quark Drive|[silent]
|
|win|loulsaiyan
|raw|Lonelyenders's rating: 1373 &rarr; <strong>1356</strong><br />(-17 for losing)
|raw|loulsaiyan's rating: 1429 &rarr; <strong>1446</strong><br />(+17 for winning)
|c|☆loulsaiyan|gg
|l|☆Lonelyenders
|player|p1|
