|j|☆LT91BB incelman
|j|☆monkers69
|t:|1757790550
|gametype|singles
|player|p1|LT91BB incelman|miku-ice|1365
|player|p2|monkers69|fisherman-gen4|1323
|gen|9
|tier|[Gen 9] OU
|rated|
|rule|HP Percentage Mod: HP is shown in percentages
|rule|Endless Battle Clause: Forcing endless battles is banned
|rule|Species Clause: Limit one of each Pokémon
|rule|OHKO Clause: OHKO moves are banned
|rule|Evasion Items Clause: Evasion items are banned
|rule|Evasion Moves Clause: Evasion moves are banned
|rule|Evasion Abilities Clause: Evasion abilities are banned
|rule|Sleep Moves Clause: Sleep-inducing moves are banned
|clearpoke
|poke|p1|Rotom-Wash|
|poke|p1|Blaziken, F|
|poke|p1|Sinistcha|
|poke|p1|Excadrill, M|
|poke|p1|Lokix, F|
|poke|p1|Tyranitar, F|
|poke|p2|Slither Wing|
|poke|p2|Raging Bolt|
|poke|p2|Torkoal, M|
|poke|p2|Walking Wake|
|poke|p2|Venusaur, M|
|poke|p2|Hatterene, F|
|teampreview
|inactive|Battle timer is ON: inactive players will automatically lose when time's up. (requested by LT91BB incelman)
|
|t:|1757790566
|teamsize|p1|6
|teamsize|p2|6
|start
|switch|p1a: Rotom|Rotom-Wash|100/100
|switch|p2a: Torkoal|Torkoal, M|100/100
|-weather|SunnyDay|[from] ability: Drought|[of] p2a: Torkoal
|turn|1
|
|t:|1757790575
|switch|p2a: Walking Wake|Walking Wake|100/100
|-activate|p2a: Walking Wake|ability: Protosynthesis
|-start|p2a: Walking Wake|protosynthesisspe
|move|p1a: Rotom|Volt Switch|p2a: Walking Wake
|-damage|p2a: Walking Wake|70/100
|
|t:|1757790585
|switch|p1a: Tyranitar|Tyranitar, F|100/100|[from] Volt Switch
|-weather|Sandstorm|[from] ability: Sand Stream|[of] p1a: Tyranitar
|-end|p2a: Walking Wake|Protosynthesis
|
|-weather|Sandstorm|[upkeep]
|-damage|p2a: Walking Wake|64/100|[from] Sandstorm
|upkeep
|turn|2
|
|t:|1757790591
|switch|p1a: Rotom|Rotom-Wash|100/100
|move|p2a: Walking Wake|Flip Turn|p1a: Rotom
|-resisted|p1a: Rotom
|-damage|p1a: Rotom|93/100
|
|t:|1757790603
|-end|p2a: Walking Wake|Protosynthesis|[silent]
|switch|p2a: Venusaur|Venusaur, M|100/100|[from] Flip Turn
|
|-weather|Sandstorm|[upkeep]
|-damage|p2a: Venusaur|95/100|[from] Sandstorm
|-damage|p1a: Rotom|87/100|[from] Sandstorm
|-heal|p1a: Rotom|93/100|[from] item: Leftovers
|upkeep
|turn|3
|
|t:|1757790612
|switch|p1a: Sinistcha|Sinistcha|100/100
|move|p2a: Venusaur|Giga Drain|p1a: Sinistcha
|-resisted|p1a: Sinistcha
|-crit|p1a: Sinistcha
|-damage|p1a: Sinistcha|65/100
|-heal|p2a: Venusaur|100/100|[from] drain|[of] p1a: Sinistcha
|-damage|p2a: Venusaur|91/100|[from] item: Life Orb
|
|-weather|Sandstorm|[upkeep]
|-damage|p2a: Venusaur|85/100|[from] Sandstorm
|-damage|p1a: Sinistcha|59/100|[from] Sandstorm
|upkeep
|turn|4
|
|t:|1757790619
|switch|p2a: Torkoal|Torkoal, M|100/100
|-weather|SunnyDay|[from] ability: Drought|[of] p2a: Torkoal
|move|p1a: Sinistcha|Strength Sap|p2a: Torkoal
|-unboost|p2a: Torkoal|atk|1
|-heal|p1a: Sinistcha|100/100
|
|-weather|SunnyDay|[upkeep]
|upkeep
|turn|5
|
|t:|1757790624
|switch|p1a: Tyranitar|Tyranitar, F|100/100
|-weather|Sandstorm|[from] ability: Sand Stream|[of] p1a: Tyranitar
|switch|p2a: Slither Wing|Slither Wing|100/100
|
|-weather|Sandstorm|[upkeep]
|-damage|p2a: Slither Wing|94/100|[from] Sandstorm
|upkeep
|turn|6
|
|t:|1757790630
|switch|p1a: Sinistcha|Sinistcha|100/100
|move|p2a: Slither Wing|U-turn|p1a: Sinistcha
|-damage|p1a: Sinistcha|62/100
|
|t:|1757790635
|-end|p2a: Slither Wing|Protosynthesis|[silent]
|switch|p2a: Torkoal|Torkoal, M|100/100|[from] U-turn
|-weather|SunnyDay|[from] ability: Drought|[of] p2a: Torkoal
|
|-weather|SunnyDay|[upkeep]
|upkeep
|turn|7
|
|t:|1757790640
|switch|p1a: Tyranitar|Tyranitar, F|100/100
|-weather|Sandstorm|[from] ability: Sand Stream|[of] p1a: Tyranitar
|move|p2a: Torkoal|Stealth Rock|p1a: Tyranitar
|-sidestart|p1: LT91BB incelman|move: Stealth Rock
|
|-weather|Sandstorm|[upkeep]
|-damage|p2a: Torkoal|94/100|[from] Sandstorm
|upkeep
|turn|8
|
|t:|1757790657
|switch|p2a: Hatterene|Hatterene, F|100/100
|move|p1a: Tyranitar|Stealth Rock|p2a: Hatterene
|move|p2a: Hatterene|Stealth Rock||[from] ability: Magic Bounce|[still]
|-fail|p2a: Hatterene
|
|-weather|Sandstorm|[upkeep]
|-damage|p2a: Hatterene|95/100|[from] Sandstorm
|upkeep
|turn|9
|
|t:|1757790666
|switch|p1a: Excadrill|Excadrill, M|100/100
|-damage|p1a: Excadrill|97/100|[from] Stealth Rock
|move|p2a: Hatterene|Nuzzle|p1a: Excadrill
|-immune|p1a: Excadrill
|
|-weather|Sandstorm|[upkeep]
|-damage|p2a: Hatterene|89/100|[from] Sandstorm
|-heal|p1a: Excadrill|100/100|[from] item: Leftovers
|upkeep
|turn|10
|
|t:|1757790682
|switch|p2a: Torkoal|Torkoal, M|94/100
|-weather|SunnyDay|[from] ability: Drought|[of] p2a: Torkoal
|move|p1a: Excadrill|Rapid Spin|p2a: Torkoal
|-damage|p2a: Torkoal|83/100
|-boost|p1a: Excadrill|spe|1
|-sideend|p1: LT91BB incelman|Stealth Rock|[from] move: Rapid Spin|[of] p1a: Excadrill
|
|-weather|SunnyDay|[upkeep]
|upkeep
|turn|11
|
|t:|1757790688
|move|p1a: Excadrill|Earthquake|p2a: Torkoal
|-supereffective|p2a: Torkoal
|-damage|p2a: Torkoal|17/100
|move|p2a: Torkoal|Will-O-Wisp|p1a: Excadrill
|-status|p1a: Excadrill|brn
|
|-weather|SunnyDay|[upkeep]
|-damage|p1a: Excadrill|94/100 brn|[from] brn
|upkeep
|turn|12
|
|t:|1757790701
|switch|p2a: Slither Wing|Slither Wing|94/100
|-activate|p2a: Slither Wing|ability: Protosynthesis
|-start|p2a: Slither Wing|protosynthesisatk
|move|p1a: Excadrill|Earthquake|p2a: Slither Wing
|-resisted|p2a: Slither Wing
|-damage|p2a: Slither Wing|75/100
|
|-weather|SunnyDay|[upkeep]
|-heal|p1a: Excadrill|100/100 brn|[from] item: Leftovers
|-damage|p1a: Excadrill|94/100 brn|[from] brn
|upkeep
|turn|13
|
|t:|1757790708
|switch|p1a: Sinistcha|Sinistcha|62/100
|move|p2a: Slither Wing|Flare Blitz|p1a: Sinistcha
|-supereffective|p1a: Sinistcha
|-damage|p1a: Sinistcha|0 fnt
|faint|p1a: Sinistcha
|-damage|p2a: Slither Wing|52/100|[from] Recoil
|
|-weather|SunnyDay|[upkeep]
|upkeep
|
|t:|1757790714
|switch|p1a: Tyranitar|Tyranitar, F|100/100
|-weather|Sandstorm|[from] ability: Sand Stream|[of] p1a: Tyranitar
|-end|p2a: Slither Wing|Protosynthesis
|turn|14
|
|t:|1757790723
|-end|p2a: Slither Wing|Protosynthesis|[silent]
|switch|p2a: Hatterene|Hatterene, F|89/100
|switch|p1a: Blaziken|Blaziken, F|100/100
|
|-weather|Sandstorm|[upkeep]
|-damage|p1a: Blaziken|95/100|[from] Sandstorm
|-damage|p2a: Hatterene|83/100|[from] Sandstorm
|upkeep
|turn|15
|
|t:|1757790730
|move|p1a: Blaziken|Fire Blast|p2a: Hatterene|[miss]
|-miss|p1a: Blaziken|p2a: Hatterene
|move|p2a: Hatterene|Nuzzle|p1a: Blaziken
|-damage|p1a: Blaziken|88/100
|-status|p1a: Blaziken|par
|
|-weather|Sandstorm|[upkeep]
|-damage|p1a: Blaziken|82/100 par|[from] Sandstorm
|-damage|p2a: Hatterene|77/100|[from] Sandstorm
|-ability|p1a: Blaziken|Speed Boost|boost
|-boost|p1a: Blaziken|spe|1
|upkeep
|turn|16
|
|t:|1757790742
|move|p1a: Blaziken|Fire Blast|p2a: Hatterene
|-damage|p2a: Hatterene|20/100
|-enditem|p2a: Hatterene|Eject Button
|-damage|p1a: Blaziken|72/100 par|[from] item: Life Orb
|
|t:|1757790753
|switch|p2a: Torkoal|Torkoal, M|17/100
|-weather|SunnyDay|[from] ability: Drought|[of] p2a: Torkoal
|
|-weather|SunnyDay|[upkeep]
|-ability|p1a: Blaziken|Speed Boost|boost
|-boost|p1a: Blaziken|spe|1
|upkeep
|turn|17
|
|t:|1757790760
|switch|p1a: Tyranitar|Tyranitar, F|100/100
|-weather|Sandstorm|[from] ability: Sand Stream|[of] p1a: Tyranitar
|switch|p2a: Raging Bolt|Raging Bolt|100/100
|
|-weather|Sandstorm|[upkeep]
|-damage|p2a: Raging Bolt|94/100|[from] Sandstorm
|upkeep
|turn|18
|
|t:|1757790769
|switch|p1a: Excadrill|Excadrill, M|94/100 brn
|move|p2a: Raging Bolt|Volt Switch|p1a: Excadrill
|-immune|p1a: Excadrill
|
|-weather|Sandstorm|[upkeep]
|-damage|p2a: Raging Bolt|88/100|[from] Sandstorm
|-heal|p1a: Excadrill|100/100 brn|[from] item: Leftovers
|-damage|p1a: Excadrill|94/100 brn|[from] brn
|upkeep
|turn|19
|
|t:|1757790778
|-end|p2a: Raging Bolt|Protosynthesis|[silent]
|switch|p2a: Hatterene|Hatterene, F|20/100
|move|p1a: Excadrill|Earthquake|p2a: Hatterene
|-damage|p2a: Hatterene|0 fnt
|faint|p2a: Hatterene
|
|-weather|Sandstorm|[upkeep]
|-heal|p1a: Excadrill|100/100 brn|[from] item: Leftovers
|-damage|p1a: Excadrill|94/100 brn|[from] brn
|upkeep
|
|t:|1757790781
|switch|p2a: Torkoal|Torkoal, M|17/100
|-weather|SunnyDay|[from] ability: Drought|[of] p2a: Torkoal
|turn|20
|
|t:|1757790784
|switch|p2a: Slither Wing|Slither Wing|52/100
|-activate|p2a: Slither Wing|ability: Protosynthesis
|-start|p2a: Slither Wing|protosynthesisatk
|move|p1a: Excadrill|Earthquake|p2a: Slither Wing
|-resisted|p2a: Slither Wing
|-damage|p2a: Slither Wing|31/100
|
|-weather|SunnyDay|[upkeep]
|-heal|p1a: Excadrill|100/100 brn|[from] item: Leftovers
|-damage|p1a: Excadrill|94/100 brn|[from] brn
|upkeep
|turn|21
|
|t:|1757790794
|switch|p1a: Rotom|Rotom-Wash|93/100
|move|p2a: Slither Wing|Close Combat|p1a: Rotom
|-damage|p1a: Rotom|0 fnt
|-unboost|p2a: Slither Wing|def|1
|-unboost|p2a: Slither Wing|spd|1
|faint|p1a: Rotom
|
|-weather|SunnyDay|[upkeep]
|upkeep
|
|t:|1757790800
|switch|p1a: Lokix|Lokix, F|100/100
|turn|22
|
|t:|1757790808
|-end|p2a: Slither Wing|Protosynthesis|[silent]
|switch|p2a: Raging Bolt|Raging Bolt|88/100
|-activate|p2a: Raging Bolt|ability: Protosynthesis
|-start|p2a: Raging Bolt|protosynthesisspa
|move|p1a: Lokix|First Impression|p2a: Raging Bolt
|-damage|p2a: Raging Bolt|38/100
|
|-weather|SunnyDay|[upkeep]
|upkeep
|turn|23
|
|t:|1757790815
|move|p1a: Lokix|Leech Life|p2a: Raging Bolt
|-damage|p2a: Raging Bolt|0 fnt
|faint|p2a: Raging Bolt
|-end|p2a: Raging Bolt|Protosynthesis|[silent]
|
|-weather|SunnyDay|[upkeep]
|upkeep
|
|t:|1757790824
|switch|p2a: Walking Wake|Walking Wake|64/100
|-activate|p2a: Walking Wake|ability: Protosynthesis
|-start|p2a: Walking Wake|protosynthesisspe
|turn|24
|
|t:|1757790832
|switch|p1a: Tyranitar|Tyranitar, F|100/100
|-weather|Sandstorm|[from] ability: Sand Stream|[of] p1a: Tyranitar
|-end|p2a: Walking Wake|Protosynthesis
|move|p2a: Walking Wake|Hydro Steam|p1a: Tyranitar
|-supereffective|p1a: Tyranitar
|-damage|p1a: Tyranitar|51/100
|
|-weather|Sandstorm|[upkeep]
|-damage|p2a: Walking Wake|58/100|[from] Sandstorm
|upkeep
|turn|25
|
|t:|1757790842
|-terastallize|p1a: Tyranitar|Grass
|move|p2a: Walking Wake|Hydro Steam|p1a: Tyranitar
|-resisted|p1a: Tyranitar
|-damage|p1a: Tyranitar|33/100
|move|p1a: Tyranitar|Stealth Rock|p2a: Walking Wake
|-sidestart|p2: monkers69|move: Stealth Rock
|
|-weather|Sandstorm|[upkeep]
|-damage|p2a: Walking Wake|52/100|[from] Sandstorm
|-damage|p1a: Tyranitar|27/100|[from] Sandstorm
|upkeep
|turn|26
|
|t:|1757790858
|switch|p1a: Excadrill|Excadrill, M|94/100 brn
|move|p2a: Walking Wake|Hydro Steam|p1a: Excadrill
|-supereffective|p1a: Excadrill
|-crit|p1a: Excadrill
|-damage|p1a: Excadrill|0 fnt
|faint|p1a: Excadrill
|
|-weather|Sandstorm|[upkeep]
|-damage|p2a: Walking Wake|46/100|[from] Sandstorm
|upkeep
|
|t:|1757790865
|switch|p1a: Lokix|Lokix, F|100/100
|turn|27
|
|t:|1757790869
|move|p1a: Lokix|First Impression|p2a: Walking Wake
|-damage|p2a: Walking Wake|0 fnt
|faint|p2a: Walking Wake
|-end|p2a: Walking Wake|Protosynthesis|[silent]
|
|-weather|Sandstorm|[upkeep]
|-damage|p1a: Lokix|94/100|[from] Sandstorm
|upkeep
|
|t:|1757790877
|switch|p2a: Torkoal|Torkoal, M|17/100
|-damage|p2a: Torkoal|0 fnt|[from] Stealth Rock
|faint|p2a: Torkoal
|
|t:|1757790879
|switch|p2a: Slither Wing|Slither Wing|31/100
|-damage|p2a: Slither Wing|19/100|[from] Stealth Rock
|turn|28
|
|t:|1757790903
|switch|p1a: Blaziken|Blaziken, F|72/100 par
|move|p2a: Slither Wing|Close Combat|p1a: Blaziken
|-damage|p1a: Blaziken|0 fnt
|-unboost|p2a: Slither Wing|def|1
|-unboost|p2a: Slither Wing|spd|1
|faint|p1a: Blaziken
|
|-weather|Sandstorm|[upkeep]
|-damage|p2a: Slither Wing|13/100|[from] Sandstorm
|upkeep
|
|t:|1757790908
|switch|p1a: Lokix|Lokix, F|94/100
|turn|29
|
|t:|1757790917
|move|p1a: Lokix|First Impression|p2a: Slither Wing
|-resisted|p2a: Slither Wing
|-damage|p2a: Slither Wing|0 fnt
|faint|p2a: Slither Wing
|-end|p2a: Slither Wing|Protosynthesis|[silent]
|
|-weather|Sandstorm|[upkeep]
|-damage|p1a: Lokix|88/100|[from] Sandstorm
|upkeep
|
|t:|1757790920
|switch|p2a: Venusaur|Venusaur, M|85/100
|-damage|p2a: Venusaur|72/100|[from] Stealth Rock
|turn|30
|
|t:|1757790929
|move|p2a: Venusaur|Growth|p2a: Venusaur
|-boost|p2a: Venusaur|atk|1
|-boost|p2a: Venusaur|spa|1
|move|p1a: Lokix|Leech Life|p2a: Venusaur
|-damage|p2a: Venusaur|16/100
|-heal|p1a: Lokix|100/100|[from] drain|[of] p2a: Venusaur
|
|-weather|Sandstorm|[upkeep]
|-damage|p2a: Venusaur|10/100|[from] Sandstorm
|-damage|p1a: Lokix|94/100|[from] Sandstorm
|upkeep
|turn|31
|
|t:|1757790933
|switch|p1a: Tyranitar|Tyranitar, F, tera:Grass|27/100
|move|p2a: Venusaur|Weather Ball|p1a: Tyranitar
|-damage|p1a: Tyranitar|0 fnt
|faint|p1a: Tyranitar
|-damage|p2a: Venusaur|0 fnt|[from] item: Life Orb
|faint|p2a: Venusaur
|
|win|LT91BB incelman
|raw|LT91BB incelman's rating: 1365 &rarr; <strong>1383</strong><br />(+18 for winning)
|raw|monkers69's rating: 1323 &rarr; <strong>1305</strong><br />(-18 for losing)
|l|☆monkers69
|player|p2|
