|j|☆chenyu1998
|j|☆Seeleyclive
|t:|1757845315
|gametype|singles
|player|p1|chenyu1998|102|1307
|player|p2|Seeleyclive|265|1299
|gen|9
|tier|[Gen 9] OU
|rated|
|rule|HP Percentage Mod: HP is shown in percentages
|rule|Endless Battle Clause: Forcing endless battles is banned
|rule|Species Clause: Limit one of each Pokémon
|rule|OHKO Clause: OHKO moves are banned
|rule|Evasion Items Clause: Evasion items are banned
|rule|Evasion Moves Clause: Evasion moves are banned
|rule|Evasion Abilities Clause: Evasion abilities are banned
|rule|Sleep Moves Clause: Sleep-inducing moves are banned
|clearpoke
|poke|p1|Ogerpon-Cornerstone, F|
|poke|p1|Hatterene, F|
|poke|p1|Pecharunt|
|poke|p1|Landorus-Therian, M|
|poke|p1|Kingambit, F|
|poke|p1|Enamorus, F|
|poke|p2|Darkrai|
|poke|p2|Cresselia, F|
|poke|p2|Slowking-Galar, F|
|poke|p2|Dragapult, M|
|poke|p2|Landorus-Therian, M|
|poke|p2|Umbreon, F|
|teampreview
|
|t:|1757845332
|teamsize|p1|6
|teamsize|p2|6
|start
|switch|p1a: Enamorus|Enamorus, F|100/100
|switch|p2a: Landorus|Landorus-Therian, M|100/100
|-ability|p2a: Landorus|Intimidate|boost
|-boost|p1a: Enamorus|atk|1
|turn|1
|
|t:|1757845345
|move|p1a: Enamorus|Moonblast|p2a: Landorus
|-damage|p2a: Landorus|50/100
|move|p2a: Landorus|U-turn|p1a: Enamorus
|-resisted|p1a: Enamorus
|-damage|p1a: Enamorus|91/100
|
|t:|1757845353
|switch|p2a: Darkrai|Darkrai|100/100|[from] U-turn
|
|upkeep
|turn|2
|
|t:|1757845358
|-terastallize|p2a: Darkrai|Poison
|move|p1a: Enamorus|Moonblast|p2a: Darkrai
|-resisted|p2a: Darkrai
|-damage|p2a: Darkrai|66/100
|move|p2a: Darkrai|Sludge Bomb|p1a: Enamorus
|-supereffective|p1a: Enamorus
|-damage|p1a: Enamorus|0 fnt
|faint|p1a: Enamorus
|-damage|p2a: Darkrai|56/100|[from] item: Life Orb
|
|upkeep
|
|t:|1757845368
|switch|p1a: Kingambit|Kingambit, F, shiny|100/100
|-activate|p1a: Kingambit|ability: Supreme Overlord
|-start|p1a: Kingambit|fallen1|[silent]
|turn|3
|
|t:|1757845374
|switch|p2a: Umbreon|Umbreon, F|100/100
|move|p1a: Kingambit|Kowtow Cleave|p2a: Umbreon
|-resisted|p2a: Umbreon
|-damage|p2a: Umbreon|85/100
|
|-heal|p2a: Umbreon|91/100|[from] item: Leftovers
|upkeep
|turn|4
|
|t:|1757845382
|-end|p1a: Kingambit|fallen1|[silent]
|switch|p1a: Hatterene|Hatterene, F, shiny|100/100
|move|p2a: Umbreon|Thunder Wave|p1a: Hatterene
|move|p1a: Hatterene|Thunder Wave|p2a: Umbreon|[from] ability: Magic Bounce
|-status|p2a: Umbreon|par
|-activate|p2a: Umbreon|ability: Synchronize
|-status|p1a: Hatterene|par
|
|-heal|p2a: Umbreon|97/100 par|[from] item: Leftovers
|upkeep
|turn|5
|
|t:|1757845401
|switch|p2a: Slowking|Slowking-Galar, F|100/100
|move|p1a: Hatterene|Psychic Noise|p2a: Slowking
|-damage|p2a: Slowking|85/100
|-start|p2a: Slowking|move: Heal Block
|
|upkeep
|turn|6
|
|t:|1757845411
|move|p2a: Slowking|Flamethrower|p1a: Hatterene
|-damage|p1a: Hatterene|87/100 par
|move|p1a: Hatterene|Nuzzle|p2a: Slowking
|-damage|p2a: Slowking|81/100
|-status|p2a: Slowking|par
|
|-end|p2a: Slowking|move: Heal Block
|upkeep
|turn|7
|
|t:|1757845421
|cant|p1a: Hatterene|par
|move|p2a: Slowking|Sludge Bomb|p1a: Hatterene
|-supereffective|p1a: Hatterene
|-damage|p1a: Hatterene|47/100 par
|
|upkeep
|turn|8
|
|t:|1757845434
|cant|p1a: Hatterene|par
|move|p2a: Slowking|Sludge Bomb|p1a: Hatterene
|-supereffective|p1a: Hatterene
|-damage|p1a: Hatterene|5/100 par
|
|upkeep
|turn|9
|
|t:|1757845442
|move|p1a: Hatterene|Psychic Noise|p2a: Slowking
|-damage|p2a: Slowking|66/100 par
|-start|p2a: Slowking|move: Heal Block
|move|p2a: Slowking|Sludge Bomb|p1a: Hatterene
|-supereffective|p1a: Hatterene
|-damage|p1a: Hatterene|0 fnt
|faint|p1a: Hatterene
|
|upkeep
|
|t:|1757845450
|switch|p1a: Kingambit|Kingambit, F, shiny|100/100
|-activate|p1a: Kingambit|ability: Supreme Overlord
|-start|p1a: Kingambit|fallen2|[silent]
|turn|10
|
|t:|1757845457
|switch|p2a: Landorus|Landorus-Therian, M|50/100
|-ability|p2a: Landorus|Intimidate|boost
|-unboost|p1a: Kingambit|atk|1
|move|p1a: Kingambit|Swords Dance|p1a: Kingambit
|-boost|p1a: Kingambit|atk|2
|
|upkeep
|turn|11
|
|t:|1757845467
|move|p2a: Landorus|Earthquake|p1a: Kingambit
|-supereffective|p1a: Kingambit
|-damage|p1a: Kingambit|0 fnt
|faint|p1a: Kingambit
|-end|p1a: Kingambit|fallen2|[silent]
|
|upkeep
|
|t:|1757845474
|switch|p1a: Ogerpon|Ogerpon-Cornerstone, F|100/100
|turn|12
|
|t:|1757845480
|move|p1a: Ogerpon|Swords Dance|p1a: Ogerpon
|-boost|p1a: Ogerpon|atk|2
|move|p2a: Landorus|U-turn|p1a: Ogerpon
|-supereffective|p1a: Ogerpon
|-damage|p1a: Ogerpon|27/100
|
|t:|1757845486
|switch|p2a: Umbreon|Umbreon, F|97/100 par|[from] U-turn
|
|-heal|p2a: Umbreon|100/100 par|[from] item: Leftovers
|upkeep
|turn|13
|
|t:|1757845494
|move|p1a: Ogerpon|Ivy Cudgel|p2a: Umbreon|[anim] Ivy Cudgel Rock
|-damage|p2a: Umbreon|32/100 par
|cant|p2a: Umbreon|par
|
|-heal|p2a: Umbreon|38/100 par|[from] item: Leftovers
|upkeep
|turn|14
|
|t:|1757845502
|move|p1a: Ogerpon|Ivy Cudgel|p2a: Umbreon|[anim] Ivy Cudgel Rock
|-crit|p2a: Umbreon
|-damage|p2a: Umbreon|0 fnt
|faint|p2a: Umbreon
|
|upkeep
|
|t:|1757845509
|switch|p2a: Landorus|Landorus-Therian, M|50/100
|-ability|p2a: Landorus|Intimidate|boost
|-unboost|p1a: Ogerpon|atk|1
|turn|15
|
|t:|1757845514
|move|p1a: Ogerpon|Knock Off|p2a: Landorus
|-damage|p2a: Landorus|0 fnt
|-enditem|p2a: Landorus|Assault Vest|[from] move: Knock Off|[of] p1a: Ogerpon
|faint|p2a: Landorus
|
|upkeep
|
|t:|1757845539
|switch|p2a: Darkrai|Darkrai, tera:Poison|56/100
|turn|16
|
|t:|1757845549
|-terastallize|p1a: Ogerpon|Rock
|detailschange|p1a: Ogerpon|Ogerpon-Cornerstone-Tera, F, tera:Rock
|-ability|p1a: Ogerpon|Embody Aspect (Cornerstone)|boost
|-boost|p1a: Ogerpon|def|1
|move|p2a: Darkrai|Dark Pulse|p1a: Ogerpon
|-damage|p1a: Ogerpon|0 fnt
|faint|p1a: Ogerpon
|detailschange|p1: Ogerpon|Ogerpon-Cornerstone, F|[silent]
|-damage|p2a: Darkrai|46/100|[from] item: Life Orb
|
|upkeep
|-message|chenyu1998 forfeited.
|
|win|Seeleyclive
|raw|chenyu1998's rating: 1307 &rarr; <strong>1287</strong><br />(-20 for losing)
|raw|Seeleyclive's rating: 1299 &rarr; <strong>1325</strong><br />(+26 for winning)
|l|☆chenyu1998
|player|p1|
|l|☆Seeleyclive
|player|p2|
