|j|☆maxseiji
|j|☆dasraybzh
|t:|1757946186
|gametype|singles
|player|p1|maxseiji|gambler|1511
|player|p2|dasraybzh|volkner|1485
|gen|9
|tier|[Gen 9] OU
|rated|
|rule|HP Percentage Mod: HP is shown in percentages
|rule|Endless Battle Clause: Forcing endless battles is banned
|rule|Species Clause: Limit one of each Pokémon
|rule|OHKO Clause: OHKO moves are banned
|rule|Evasion Items Clause: Evasion items are banned
|rule|Evasion Moves Clause: Evasion moves are banned
|rule|Evasion Abilities Clause: Evasion abilities are banned
|rule|Sleep Moves Clause: Sleep-inducing moves are banned
|clearpoke
|poke|p1|Dragonite, M|
|poke|p1|Landorus-Therian, M|
|poke|p1|Iron Valiant|
|poke|p1|Kyurem|
|poke|p1|Hatterene, F|
|poke|p1|Ogerpon-Wellspring, F|
|poke|p2|Pelipper, F|
|poke|p2|Zapdos|
|poke|p2|Overqwil, F|
|poke|p2|Iron Treads|
|poke|p2|Basculegion-F, F|
|poke|p2|Goodra-Hisui, F|
|teampreview
|inactive|Battle timer is ON: inactive players will automatically lose when time's up. (requested by maxseiji)
|
|t:|1757946203
|teamsize|p1|6
|teamsize|p2|6
|start
|switch|p1a: Kyurem|Kyurem|100/100
|switch|p2a: Goodra|Goodra-Hisui, F|100/100
|-ability|p1a: Kyurem|Pressure
|turn|1
|inactive|maxseiji has 120 seconds left.
|
|t:|1757946263
|switch|p1a: Hatterene|Hatterene, F|100/100
|move|p2a: Goodra|Draco Meteor|p1a: Hatterene
|-immune|p1a: Hatterene
|
|upkeep
|turn|2
|
|t:|1757946269
|switch|p1a: Ogerpon|Ogerpon-Wellspring, F|100/100
|move|p2a: Goodra|Flash Cannon|p1a: Ogerpon
|-resisted|p1a: Ogerpon
|-damage|p1a: Ogerpon|77/100
|
|upkeep
|turn|3
|
|t:|1757946293
|switch|p2a: Zapdos|Zapdos, shiny|100/100
|move|p1a: Ogerpon|U-turn|p2a: Zapdos
|-resisted|p2a: Zapdos
|-damage|p2a: Zapdos|84/100
|
|t:|1757946299
|switch|p1a: Kyurem|Kyurem|100/100|[from] U-turn
|-ability|p1a: Kyurem|Pressure
|
|upkeep
|turn|4
|
|t:|1757946303
|move|p2a: Zapdos|U-turn|p1a: Kyurem
|-damage|p1a: Kyurem|89/100
|
|t:|1757946308
|switch|p2a: Goodra|Goodra-Hisui, F|100/100|[from] U-turn
|move|p1a: Kyurem|Freeze-Dry|p2a: Goodra
|-damage|p2a: Goodra|75/100
|
|upkeep
|turn|5
|
|t:|1757946322
|switch|p1a: Landorus|Landorus-Therian, M|100/100
|-ability|p1a: Landorus|Intimidate|boost
|-unboost|p2a: Goodra|atk|1
|move|p2a: Goodra|Flash Cannon|p1a: Landorus
|-damage|p1a: Landorus|54/100
|
|upkeep
|turn|6
|
|t:|1757946329
|switch|p2a: Pelipper|Pelipper, F, shiny|100/100
|-weather|RainDance|[from] ability: Drizzle|[of] p2a: Pelipper
|move|p1a: Landorus|Stealth Rock|p2a: Pelipper
|-sidestart|p2: dasraybzh|move: Stealth Rock
|
|-weather|RainDance|[upkeep]
|upkeep
|turn|7
|
|t:|1757946339
|move|p1a: Landorus|U-turn|p2a: Pelipper
|-resisted|p2a: Pelipper
|-damage|p2a: Pelipper|92/100
|
|t:|1757946341
|switch|p1a: Hatterene|Hatterene, F|100/100|[from] U-turn
|move|p2a: Pelipper|U-turn|p1a: Hatterene
|-damage|p1a: Hatterene|93/100
|-enditem|p1a: Hatterene|Eject Button
|
|t:|1757946343
|switch|p1a: Kyurem|Kyurem|89/100
|-ability|p1a: Kyurem|Pressure
|
|-weather|RainDance|[upkeep]
|upkeep
|turn|8
|
|t:|1757946353
|switch|p2a: Goodra|Goodra-Hisui, F|75/100
|-damage|p2a: Goodra|69/100|[from] Stealth Rock
|move|p1a: Kyurem|Ice Beam|p2a: Goodra
|-damage|p2a: Goodra|37/100
|
|-weather|RainDance|[upkeep]
|upkeep
|turn|9
|
|t:|1757946368
|-terastallize|p1a: Kyurem|Ice
|move|p1a: Kyurem|Ice Beam|p2a: Goodra
|-damage|p2a: Goodra|0 fnt
|faint|p2a: Goodra
|
|-weather|RainDance|[upkeep]
|upkeep
|
|t:|1757946386
|switch|p2a: Basculegion|Basculegion-F, F|100/100
|-damage|p2a: Basculegion|88/100|[from] Stealth Rock
|turn|10
|
|t:|1757946391
|switch|p1a: Landorus|Landorus-Therian, M|54/100
|-ability|p1a: Landorus|Intimidate|boost
|-unboost|p2a: Basculegion|atk|1
|move|p2a: Basculegion|Hydro Pump|p1a: Landorus|[miss]
|-miss|p2a: Basculegion|p1a: Landorus
|
|-weather|RainDance|[upkeep]
|upkeep
|turn|11
|
|t:|1757946403
|switch|p1a: Ogerpon|Ogerpon-Wellspring, F|77/100
|move|p2a: Basculegion|Hydro Pump|p1a: Ogerpon
|-heal|p1a: Ogerpon|100/100|[from] ability: Water Absorb|[of] p2a: Basculegion
|
|-weather|RainDance|[upkeep]
|upkeep
|turn|12
|inactive|dasraybzh has 120 seconds left.
|-message|dasraybzh forfeited.
|
|win|maxseiji
|raw|maxseiji's rating: 1511 &rarr; <strong>1530</strong><br />(+19 for winning)
|raw|dasraybzh's rating: 1485 &rarr; <strong>1466</strong><br />(-19 for losing)
|l|☆dasraybzh
|player|p2|
|l|☆maxseiji
|player|p1|
