|j|☆wdsr
|j|☆xiangladoufunao
|t:|1757826472
|gametype|singles
|player|p1|wdsr|pokemonbreeder-gen4|1085
|player|p2|xiangladoufunao|266|1098
|gen|9
|tier|[Gen 9] OU
|rated|
|rule|HP Percentage Mod: HP is shown in percentages
|rule|Endless Battle Clause: Forcing endless battles is banned
|rule|Species Clause: Limit one of each Pokémon
|rule|OHKO Clause: OHKO moves are banned
|rule|Evasion Items Clause: Evasion items are banned
|rule|Evasion Moves Clause: Evasion moves are banned
|rule|Evasion Abilities Clause: Evasion abilities are banned
|rule|Sleep Moves Clause: Sleep-inducing moves are banned
|clearpoke
|poke|p1|Dondozo, M|
|poke|p1|Gliscor, M|
|poke|p1|Corviknight, F|
|poke|p1|Walking Wake|
|poke|p1|Glimmora, F|
|poke|p1|Ceruledge, F|
|poke|p2|Corviknight, F|
|poke|p2|Darkrai|
|poke|p2|Garganacl, F|
|poke|p2|Gliscor, M|
|poke|p2|Ting-Lu|
|poke|p2|Iron Crown|
|teampreview
|
|t:|1757826481
|teamsize|p1|6
|teamsize|p2|6
|start
|switch|p1a: Glimmora|Glimmora, F|100/100
|switch|p2a: Gliscor|Gliscor, M|100/100
|turn|1
|
|t:|1757826494
|move|p2a: Gliscor|U-turn|p1a: Glimmora
|-resisted|p1a: Glimmora
|-damage|p1a: Glimmora|92/100
|-activate|p1a: Glimmora|ability: Toxic Debris
|-sidestart|p2: xiangladoufunao|move: Toxic Spikes
|
|t:|1757826507
|switch|p2a: Corviknight|Corviknight, F|100/100|[from] U-turn
|move|p1a: Glimmora|Stealth Rock|p2a: Corviknight
|-sidestart|p2: xiangladoufunao|move: Stealth Rock
|
|upkeep
|turn|2
|
|t:|1757826518
|move|p1a: Glimmora|Spikes|p2a: Corviknight
|-sidestart|p2: xiangladoufunao|Spikes
|move|p2a: Corviknight|Body Press|p1a: Glimmora
|-damage|p1a: Glimmora|66/100
|-activate|p1a: Glimmora|ability: Toxic Debris
|-sidestart|p2: xiangladoufunao|move: Toxic Spikes
|
|upkeep
|turn|3
|
|t:|1757826527
|move|p1a: Glimmora|Spikes|p2a: Corviknight
|-sidestart|p2: xiangladoufunao|Spikes
|move|p2a: Corviknight|Defog|p1a: Glimmora
|-unboost|p1a: Glimmora|evasion|1
|-sideend|p2: xiangladoufunao|Spikes|[from] move: Defog|[of] p2a: Corviknight
|-sideend|p2: xiangladoufunao|Toxic Spikes|[from] move: Defog|[of] p2a: Corviknight
|-sideend|p2: xiangladoufunao|Stealth Rock|[from] move: Defog|[of] p2a: Corviknight
|
|upkeep
|turn|4
|
|t:|1757826539
|switch|p1a: Walking Wake|Walking Wake|100/100
|move|p2a: Corviknight|Iron Defense|p2a: Corviknight
|-boost|p2a: Corviknight|def|2
|
|upkeep
|turn|5
|
|t:|1757826560
|-terastallize|p2a: Corviknight|Water
|move|p1a: Walking Wake|Dragon Dance|p1a: Walking Wake
|-boost|p1a: Walking Wake|atk|1
|-boost|p1a: Walking Wake|spe|1
|move|p2a: Corviknight|Body Press|p1a: Walking Wake
|-crit|p1a: Walking Wake
|-damage|p1a: Walking Wake|18/100
|
|upkeep
|turn|6
|
|t:|1757826577
|-end|p1a: Walking Wake|Protosynthesis|[silent]
|switch|p1a: Ceruledge|Ceruledge, F|100/100
|move|p2a: Corviknight|Body Press|p1a: Ceruledge
|-immune|p1a: Ceruledge
|
|upkeep
|turn|7
|
|t:|1757826605
|switch|p2a: Gliscor|Gliscor, M|100/100
|move|p1a: Ceruledge|Bitter Blade|p2a: Gliscor
|-crit|p2a: Gliscor
|-damage|p2a: Gliscor|48/100
|
|-status|p2a: Gliscor|tox|[from] item: Toxic Orb
|upkeep
|turn|8
|
|t:|1757826623
|move|p2a: Gliscor|Protect|p2a: Gliscor
|-singleturn|p2a: Gliscor|Protect
|move|p1a: Ceruledge|Bitter Blade|p2a: Gliscor
|-activate|p2a: Gliscor|move: Protect
|
|-heal|p2a: Gliscor|60/100 tox|[from] ability: Poison Heal
|upkeep
|turn|9
|
|t:|1757826639
|move|p1a: Ceruledge|Bitter Blade|p2a: Gliscor
|-damage|p2a: Gliscor|23/100 tox
|move|p2a: Gliscor|Toxic|p1a: Ceruledge
|-status|p1a: Ceruledge|tox
|
|-damage|p1a: Ceruledge|94/100 tox|[from] psn
|-heal|p2a: Gliscor|35/100 tox|[from] ability: Poison Heal
|upkeep
|turn|10
|
|t:|1757826651
|move|p2a: Gliscor|Protect|p2a: Gliscor
|-singleturn|p2a: Gliscor|Protect
|move|p1a: Ceruledge|Shadow Sneak|p2a: Gliscor
|-activate|p2a: Gliscor|move: Protect
|
|-damage|p1a: Ceruledge|82/100 tox|[from] psn
|-heal|p2a: Gliscor|47/100 tox|[from] ability: Poison Heal
|upkeep
|turn|11
|
|t:|1757826667
|switch|p1a: Corviknight|Corviknight, F|100/100
|move|p2a: Gliscor|Earthquake|p1a: Corviknight
|-immune|p1a: Corviknight
|
|-heal|p2a: Gliscor|60/100 tox|[from] ability: Poison Heal
|upkeep
|turn|12
|
|t:|1757826686
|move|p2a: Gliscor|U-turn|p1a: Corviknight
|-resisted|p1a: Corviknight
|-damage|p1a: Corviknight|98/100
|
|t:|1757826689
|switch|p2a: Corviknight|Corviknight, F, tera:Water|100/100|[from] U-turn
|move|p1a: Corviknight|Iron Defense|p1a: Corviknight
|-boost|p1a: Corviknight|def|2
|
|-heal|p1a: Corviknight|100/100|[from] item: Leftovers
|upkeep
|turn|13
|
|t:|1757826701
|move|p1a: Corviknight|Iron Defense|p1a: Corviknight
|-boost|p1a: Corviknight|def|2
|move|p2a: Corviknight|Iron Defense|p2a: Corviknight
|-boost|p2a: Corviknight|def|2
|
|upkeep
|turn|14
|
|t:|1757826714
|move|p1a: Corviknight|Iron Defense|p1a: Corviknight
|-boost|p1a: Corviknight|def|2
|move|p2a: Corviknight|Body Press|p1a: Corviknight
|-damage|p1a: Corviknight|92/100
|
|-heal|p1a: Corviknight|99/100|[from] item: Leftovers
|upkeep
|turn|15
|
|t:|1757826744
|switch|p2a: Darkrai|Darkrai|100/100
|move|p1a: Corviknight|Body Press|p2a: Darkrai
|-supereffective|p2a: Darkrai
|-enditem|p2a: Darkrai|Focus Sash
|-damage|p2a: Darkrai|1/100
|
|-heal|p1a: Corviknight|100/100|[from] item: Leftovers
|upkeep
|turn|16
|
|t:|1757826769
|move|p2a: Darkrai|Haze|p2a: Darkrai
|-clearallboost
|move|p1a: Corviknight|Body Press|p2a: Darkrai
|-supereffective|p2a: Darkrai
|-damage|p2a: Darkrai|0 fnt
|faint|p2a: Darkrai
|
|upkeep
|
|t:|1757826794
|switch|p2a: Garganacl|Garganacl, F|100/100
|turn|17
|
|t:|1757826798
|move|p1a: Corviknight|Iron Defense|p1a: Corviknight
|-boost|p1a: Corviknight|def|2
|move|p2a: Garganacl|Salt Cure|p1a: Corviknight
|-damage|p1a: Corviknight|96/100
|-start|p1a: Corviknight|Salt Cure
|
|-heal|p1a: Corviknight|100/100|[from] item: Leftovers
|-damage|p1a: Corviknight|75/100|[from] Salt Cure
|upkeep
|turn|18
|
|t:|1757826810
|move|p1a: Corviknight|Body Press|p2a: Garganacl
|-supereffective|p2a: Garganacl
|-damage|p2a: Garganacl|29/100
|move|p2a: Garganacl|Substitute|p2a: Garganacl
|-start|p2a: Garganacl|Substitute
|-damage|p2a: Garganacl|4/100
|
|-heal|p1a: Corviknight|82/100|[from] item: Leftovers
|-damage|p1a: Corviknight|57/100|[from] Salt Cure
|upkeep
|turn|19
|
|t:|1757826830
|move|p1a: Corviknight|Tailwind|p1a: Corviknight
|-sidestart|p1: wdsr|move: Tailwind
|move|p2a: Garganacl|Body Press|p1a: Corviknight
|-damage|p1a: Corviknight|49/100
|
|-heal|p1a: Corviknight|56/100|[from] item: Leftovers
|-damage|p1a: Corviknight|31/100|[from] Salt Cure
|upkeep
|turn|20
|
|t:|1757826846
|move|p1a: Corviknight|Body Press|p2a: Garganacl
|-supereffective|p2a: Garganacl
|-end|p2a: Garganacl|Substitute
|move|p2a: Garganacl|Body Press|p1a: Corviknight
|-damage|p1a: Corviknight|24/100
|
|-heal|p1a: Corviknight|30/100|[from] item: Leftovers
|-damage|p1a: Corviknight|5/100|[from] Salt Cure
|upkeep
|turn|21
|
|t:|1757826864
|move|p1a: Corviknight|Body Press|p2a: Garganacl
|-supereffective|p2a: Garganacl
|-damage|p2a: Garganacl|0 fnt
|faint|p2a: Garganacl
|
|-heal|p1a: Corviknight|11/100|[from] item: Leftovers
|-damage|p1a: Corviknight|0 fnt|[from] Salt Cure
|faint|p1a: Corviknight
|upkeep
|
|t:|1757826875
|switch|p1a: Walking Wake|Walking Wake|18/100
|switch|p2a: Gliscor|Gliscor, M|60/100 tox
|turn|22
|
|t:|1757826898
|move|p1a: Walking Wake|Hydro Steam|p2a: Gliscor
|-supereffective|p2a: Gliscor
|-crit|p2a: Gliscor
|-damage|p2a: Gliscor|0 fnt
|faint|p2a: Gliscor
|
|-sideend|p1: wdsr|move: Tailwind
|upkeep
|
|t:|1757826907
|switch|p2a: Corviknight|Corviknight, F, tera:Water|100/100
|turn|23
|
|t:|1757826915
|move|p1a: Walking Wake|Hydro Steam|p2a: Corviknight
|-resisted|p2a: Corviknight
|-damage|p2a: Corviknight|72/100
|move|p2a: Corviknight|Body Press|p1a: Walking Wake
|-damage|p1a: Walking Wake|0 fnt
|faint|p1a: Walking Wake
|-end|p1a: Walking Wake|Protosynthesis|[silent]
|
|-heal|p2a: Corviknight|78/100|[from] item: Leftovers
|upkeep
|
|t:|1757826929
|switch|p1a: Ceruledge|Ceruledge, F|82/100 tox
|turn|24
|
|t:|1757826944
|switch|p2a: Ting-Lu|Ting-Lu|100/100
|-ability|p2a: Ting-Lu|Vessel of Ruin
|move|p1a: Ceruledge|Bitter Blade|p2a: Ting-Lu
|-damage|p2a: Ting-Lu|74/100
|-heal|p1a: Ceruledge|100/100 tox|[from] drain|[of] p2a: Ting-Lu
|
|-damage|p1a: Ceruledge|94/100 tox|[from] psn
|upkeep
|turn|25
|
|t:|1757826960
|move|p1a: Ceruledge|Close Combat|p2a: Ting-Lu
|-supereffective|p2a: Ting-Lu
|-damage|p2a: Ting-Lu|30/100
|-unboost|p1a: Ceruledge|def|1
|-unboost|p1a: Ceruledge|spd|1
|move|p2a: Ting-Lu|Lash Out|p1a: Ceruledge
|-supereffective|p1a: Ceruledge
|-damage|p1a: Ceruledge|0 fnt
|faint|p1a: Ceruledge
|
|upkeep
|
|t:|1757826971
|switch|p1a: Gliscor|Gliscor, M|100/100
|turn|26
|
|t:|1757826988
|switch|p2a: Corviknight|Corviknight, F, tera:Water|78/100
|move|p1a: Gliscor|Brick Break|p2a: Corviknight
|-crit|p2a: Corviknight
|-damage|p2a: Corviknight|56/100
|
|-heal|p2a: Corviknight|62/100|[from] item: Leftovers
|-status|p1a: Gliscor|tox|[from] item: Toxic Orb
|upkeep
|turn|27
|
|t:|1757827025
|move|p1a: Gliscor|Sludge Bomb|p2a: Corviknight
|-damage|p2a: Corviknight|53/100
|move|p2a: Corviknight|Body Press|p1a: Gliscor
|-resisted|p1a: Gliscor
|-damage|p1a: Gliscor|90/100 tox
|
|-heal|p2a: Corviknight|60/100|[from] item: Leftovers
|-heal|p1a: Gliscor|100/100 tox|[from] ability: Poison Heal
|upkeep
|turn|28
|
|t:|1757827037
|switch|p2a: Iron Crown|Iron Crown|100/100
|move|p1a: Gliscor|Brick Break|p2a: Iron Crown
|-damage|p2a: Iron Crown|76/100
|
|upkeep
|turn|29
|
|t:|1757827050
|move|p2a: Iron Crown|Psychic Noise|p1a: Gliscor
|-damage|p1a: Gliscor|39/100 tox
|-start|p1a: Gliscor|move: Heal Block
|-damage|p2a: Iron Crown|66/100|[from] item: Life Orb
|move|p1a: Gliscor|Knock Off|p2a: Iron Crown
|-supereffective|p2a: Iron Crown
|-damage|p2a: Iron Crown|11/100
|-enditem|p2a: Iron Crown|Life Orb|[from] move: Knock Off|[of] p1a: Gliscor
|
|upkeep
|turn|30
|
|t:|1757827064
|switch|p1a: Dondozo|Dondozo, M|100/100
|move|p2a: Iron Crown|Volt Switch|p1a: Dondozo
|-supereffective|p1a: Dondozo
|-damage|p1a: Dondozo|59/100
|
|t:|1757827074
|-end|p2a: Iron Crown|Quark Drive|[silent]
|switch|p2a: Corviknight|Corviknight, F, tera:Water|60/100|[from] Volt Switch
|
|-heal|p2a: Corviknight|66/100|[from] item: Leftovers
|-heal|p1a: Dondozo|65/100|[from] item: Leftovers
|upkeep
|turn|31
|
|t:|1757827087
|move|p2a: Corviknight|Iron Defense|p2a: Corviknight
|-boost|p2a: Corviknight|def|2
|move|p1a: Dondozo|Body Press|p2a: Corviknight
|-damage|p2a: Corviknight|46/100
|
|-heal|p2a: Corviknight|53/100|[from] item: Leftovers
|-heal|p1a: Dondozo|71/100|[from] item: Leftovers
|upkeep
|turn|32
|
|t:|1757827098
|move|p2a: Corviknight|Iron Defense|p2a: Corviknight
|-boost|p2a: Corviknight|def|2
|move|p1a: Dondozo|Body Press|p2a: Corviknight
|-damage|p2a: Corviknight|33/100
|
|-heal|p2a: Corviknight|39/100|[from] item: Leftovers
|-heal|p1a: Dondozo|77/100|[from] item: Leftovers
|upkeep
|turn|33
|
|t:|1757827108
|move|p2a: Corviknight|Body Press|p1a: Dondozo
|-damage|p1a: Dondozo|67/100
|move|p1a: Dondozo|Body Press|p2a: Corviknight
|-damage|p2a: Corviknight|21/100
|
|-heal|p2a: Corviknight|27/100|[from] item: Leftovers
|-heal|p1a: Dondozo|73/100|[from] item: Leftovers
|upkeep
|turn|34
|
|t:|1757827118
|move|p2a: Corviknight|Roost|p2a: Corviknight
|-heal|p2a: Corviknight|77/100
|move|p1a: Dondozo|Body Press|p2a: Corviknight
|-damage|p2a: Corviknight|58/100
|
|-heal|p2a: Corviknight|65/100|[from] item: Leftovers
|-heal|p1a: Dondozo|79/100|[from] item: Leftovers
|upkeep
|turn|35
|
|t:|1757827128
|move|p2a: Corviknight|Iron Defense|p2a: Corviknight
|-boost|p2a: Corviknight|def|2
|move|p1a: Dondozo|Earthquake|p2a: Corviknight
|-damage|p2a: Corviknight|50/100
|
|-heal|p2a: Corviknight|57/100|[from] item: Leftovers
|-heal|p1a: Dondozo|85/100|[from] item: Leftovers
|upkeep
|turn|36
|
|t:|1757827137
|move|p2a: Corviknight|Roost|p2a: Corviknight
|-heal|p2a: Corviknight|100/100
|move|p1a: Dondozo|Body Press|p2a: Corviknight
|-damage|p2a: Corviknight|81/100
|
|-heal|p2a: Corviknight|87/100|[from] item: Leftovers
|-heal|p1a: Dondozo|91/100|[from] item: Leftovers
|upkeep
|turn|37
|
|t:|1757827147
|move|p2a: Corviknight|Iron Defense|p2a: Corviknight
|-boost|p2a: Corviknight|def|0
|move|p1a: Dondozo|Body Press|p2a: Corviknight
|-damage|p2a: Corviknight|71/100
|
|-heal|p2a: Corviknight|77/100|[from] item: Leftovers
|-heal|p1a: Dondozo|97/100|[from] item: Leftovers
|upkeep
|turn|38
|
|t:|1757827156
|move|p2a: Corviknight|Body Press|p1a: Dondozo
|-damage|p1a: Dondozo|86/100
|move|p1a: Dondozo|Body Press|p2a: Corviknight
|-damage|p2a: Corviknight|60/100
|
|-heal|p2a: Corviknight|66/100|[from] item: Leftovers
|-heal|p1a: Dondozo|93/100|[from] item: Leftovers
|upkeep
|turn|39
|
|t:|1757827168
|move|p2a: Corviknight|Body Press|p1a: Dondozo
|-damage|p1a: Dondozo|81/100
|move|p1a: Dondozo|Body Press|p2a: Corviknight
|-damage|p2a: Corviknight|49/100
|
|-heal|p2a: Corviknight|55/100|[from] item: Leftovers
|-heal|p1a: Dondozo|87/100|[from] item: Leftovers
|upkeep
|turn|40
|
|t:|1757827177
|move|p2a: Corviknight|Roost|p2a: Corviknight
|-heal|p2a: Corviknight|100/100
|move|p1a: Dondozo|Body Press|p2a: Corviknight
|-damage|p2a: Corviknight|83/100
|
|-heal|p2a: Corviknight|89/100|[from] item: Leftovers
|-heal|p1a: Dondozo|93/100|[from] item: Leftovers
|upkeep
|turn|41
|
|t:|1757827188
|move|p2a: Corviknight|Body Press|p1a: Dondozo
|-damage|p1a: Dondozo|82/100
|move|p1a: Dondozo|Body Press|p2a: Corviknight
|-damage|p2a: Corviknight|70/100
|
|-heal|p2a: Corviknight|76/100|[from] item: Leftovers
|-heal|p1a: Dondozo|88/100|[from] item: Leftovers
|upkeep
|turn|42
|-message|xiangladoufunao forfeited.
|
|win|wdsr
|raw|wdsr's rating: 1085 &rarr; <strong>1113</strong><br />(+28 for winning)
|raw|xiangladoufunao's rating: 1098 &rarr; <strong>1072</strong><br />(-26 for losing)
|l|☆xiangladoufunao
|player|p2|
