|j|☆worm enjoyer
|j|☆Junior jacces
|t:|1757834089
|gametype|singles
|player|p1|worm enjoyer|caitlin|1270
|player|p2|Junior jacces|lucas-gen4pt|1353
|gen|9
|tier|[Gen 9] OU
|rated|
|rule|HP Percentage Mod: HP is shown in percentages
|rule|Endless Battle Clause: Forcing endless battles is banned
|rule|Species Clause: Limit one of each Pokémon
|rule|OHKO Clause: OHKO moves are banned
|rule|Evasion Items Clause: Evasion items are banned
|rule|Evasion Moves Clause: Evasion moves are banned
|rule|Evasion Abilities Clause: Evasion abilities are banned
|rule|Sleep Moves Clause: Sleep-inducing moves are banned
|clearpoke
|poke|p1|Orthworm, F|
|poke|p1|Emboar, M|
|poke|p1|Meowscarada, F|
|poke|p1|Kingambit, F|
|poke|p1|Weezing-Galar, M|
|poke|p1|Hydrapple, F|
|poke|p2|Primarina, F|
|poke|p2|Cinderace, M|
|poke|p2|Kingambit, M|
|poke|p2|Raging Bolt|
|poke|p2|Slowking-Galar, M|
|poke|p2|Tornadus-Therian, M|
|teampreview
|
|t:|1757834107
|teamsize|p1|6
|teamsize|p2|6
|start
|switch|p1a: peppa|Emboar, M|100/100
|switch|p2a: Tornadus|Tornadus-Therian, M|100/100
|turn|1
|
|t:|1757834118
|move|p2a: Tornadus|Bleakwind Storm|p1a: peppa
|-supereffective|p1a: peppa
|-damage|p1a: peppa|20/100
|move|p1a: peppa|Scald|p2a: Tornadus
|-damage|p2a: Tornadus|59/100
|
|upkeep
|turn|2
|
|t:|1757834132
|switch|p1a: Hydrapple|Hydrapple, F|100/100
|move|p2a: Tornadus|Bleakwind Storm|p1a: Hydrapple
|-supereffective|p1a: Hydrapple
|-damage|p1a: Hydrapple|67/100
|
|upkeep
|turn|3
|
|t:|1757834149
|switch|p2a: Slowking|Slowking-Galar, M|100/100
|switch|p1a: Weezing|Weezing-Galar, M|100/100
|-ability|p1a: Weezing|Neutralizing Gas
|
|upkeep
|turn|4
|
|t:|1757834160
|move|p1a: Weezing|Will-O-Wisp|p2a: Slowking|[miss]
|-miss|p1a: Weezing|p2a: Slowking
|move|p2a: Slowking|Future Sight|p1a: Weezing
|-start|p2a: Slowking|move: Future Sight
|
|upkeep
|turn|5
|
|t:|1757834173
|move|p1a: Weezing|Will-O-Wisp|p2a: Slowking|[miss]
|-miss|p1a: Weezing|p2a: Slowking
|move|p2a: Slowking|Sludge Bomb|p1a: Weezing
|-damage|p1a: Weezing|57/100
|
|-heal|p1a: Weezing|63/100|[from] item: Leftovers
|upkeep
|turn|6
|
|t:|1757834183
|-end|p1a: Weezing|ability: Neutralizing Gas
|switch|p1a: gramps|Kingambit, F|100/100
|move|p2a: Slowking|Flamethrower|p1a: gramps
|-supereffective|p1a: gramps
|-damage|p1a: gramps|45/100
|
|-end|p1a: gramps|move: Future Sight
|-immune|p1a: gramps
|upkeep
|turn|7
|
|t:|1757834201
|switch|p2a: Tornadus|Tornadus-Therian, M|92/100
|move|p1a: gramps|Kowtow Cleave|p2a: Tornadus
|-damage|p2a: Tornadus|18/100
|-damage|p1a: gramps|28/100|[from] item: Rocky Helmet|[of] p2a: Tornadus
|
|upkeep
|turn|8
|
|t:|1757834217
|switch|p2a: Cinderace|Cinderace, M|100/100
|-end|p1a: gramps|fallenundefined|[silent]
|switch|p1a: Hydrapple|Hydrapple, F|99/100
|
|upkeep
|turn|9
|
|t:|1757834225
|switch|p2a: Slowking|Slowking-Galar, M|100/100
|move|p1a: Hydrapple|Earth Power|p2a: Slowking
|-supereffective|p2a: Slowking
|-damage|p2a: Slowking|76/100
|-unboost|p2a: Slowking|spd|1
|
|upkeep
|turn|10
|
|t:|1757834232
|move|p1a: Hydrapple|Earth Power|p2a: Slowking
|-supereffective|p2a: Slowking
|-damage|p2a: Slowking|40/100
|move|p2a: Slowking|Sludge Bomb|p1a: Hydrapple
|-supereffective|p1a: Hydrapple
|-damage|p1a: Hydrapple|55/100
|-status|p1a: Hydrapple|psn
|
|-damage|p1a: Hydrapple|43/100 psn|[from] psn
|upkeep
|turn|11
|
|t:|1757834243
|switch|p2a: Kingambit|Kingambit, M, shiny|100/100
|move|p1a: Hydrapple|Earth Power|p2a: Kingambit
|-supereffective|p2a: Kingambit
|-damage|p2a: Kingambit|55/100
|
|-damage|p1a: Hydrapple|30/100 psn|[from] psn
|upkeep
|turn|12
|
|t:|1757834256
|switch|p1a: THE GOAT|Orthworm, F|100/100
|move|p2a: Kingambit|Kowtow Cleave|p1a: THE GOAT
|-damage|p1a: THE GOAT|66/100
|
|-heal|p1a: THE GOAT|73/100|[from] item: Leftovers
|upkeep
|turn|13
|
|t:|1757834271
|-end|p2a: Kingambit|fallenundefined|[silent]
|switch|p2a: Cinderace|Cinderace, M|100/100
|move|p1a: THE GOAT|Body Press|p2a: Cinderace
|-damage|p2a: Cinderace|54/100
|
|-heal|p1a: THE GOAT|79/100|[from] item: Leftovers
|upkeep
|turn|14
|
|t:|1757834282
|move|p2a: Cinderace|Pyro Ball|p1a: THE GOAT
|-supereffective|p1a: THE GOAT
|-damage|p1a: THE GOAT|19/100
|move|p1a: THE GOAT|Body Press|p2a: Cinderace
|-damage|p2a: Cinderace|9/100
|
|-heal|p1a: THE GOAT|25/100|[from] item: Leftovers
|upkeep
|turn|15
|
|t:|1757834295
|switch|p1a: peppa|Emboar, M|20/100
|move|p2a: Cinderace|High Jump Kick|p1a: peppa
|-start|p2a: Cinderace|typechange|Fighting|[from] ability: Libero
|-damage|p1a: peppa|0 fnt
|faint|p1a: peppa
|
|upkeep
|
|t:|1757834303
|switch|p1a: looksmaxer|Meowscarada, F|100/100
|turn|16
|
|t:|1757834310
|move|p2a: Cinderace|Sucker Punch|p1a: looksmaxer
|-resisted|p1a: looksmaxer
|-damage|p1a: looksmaxer|83/100
|move|p1a: looksmaxer|U-turn|p2a: Cinderace
|-start|p1a: looksmaxer|typechange|Bug|[from] ability: Protean
|-resisted|p2a: Cinderace
|-damage|p2a: Cinderace|0 fnt
|faint|p2a: Cinderace
|inactive|Battle timer is ON: inactive players will automatically lose when time's up. (requested by Junior jacces)
|
|t:|1757834321
|switch|p1a: Hydrapple|Hydrapple, F|63/100 psn|[from] U-turn
|
|-damage|p1a: Hydrapple|51/100 psn|[from] psn
|upkeep
|
|t:|1757834334
|switch|p2a: Slowking|Slowking-Galar, M|73/100
|turn|17
|
|t:|1757834342
|switch|p1a: Weezing|Weezing-Galar, M|63/100
|-ability|p1a: Weezing|Neutralizing Gas
|move|p2a: Slowking|Ice Beam|p1a: Weezing
|-damage|p1a: Weezing|34/100
|
|-heal|p1a: Weezing|40/100|[from] item: Leftovers
|upkeep
|turn|18
|
|t:|1757834354
|move|p1a: Weezing|Will-O-Wisp|p2a: Slowking
|-status|p2a: Slowking|brn
|move|p2a: Slowking|Sludge Bomb|p1a: Weezing
|-damage|p1a: Weezing|0 fnt
|faint|p1a: Weezing
|-end|p1a: Weezing|ability: Neutralizing Gas
|
|-damage|p2a: Slowking|67/100 brn|[from] brn
|upkeep
|
|t:|1757834363
|switch|p1a: looksmaxer|Meowscarada, F|83/100
|turn|19
|
|t:|1757834373
|switch|p2a: Tornadus|Tornadus-Therian, M|52/100
|move|p1a: looksmaxer|U-turn|p2a: Tornadus
|-start|p1a: looksmaxer|typechange|Bug|[from] ability: Protean
|-resisted|p2a: Tornadus
|-damage|p2a: Tornadus|35/100
|-damage|p1a: looksmaxer|67/100|[from] item: Rocky Helmet|[of] p2a: Tornadus
|
|t:|1757834384
|switch|p1a: Hydrapple|Hydrapple, F|84/100 psn|[from] U-turn
|
|-damage|p1a: Hydrapple|72/100 psn|[from] psn
|upkeep
|turn|20
|
|t:|1757834396
|switch|p2a: Slowking|Slowking-Galar, M|99/100 brn
|move|p1a: Hydrapple|Leaf Storm|p2a: Slowking
|-resisted|p2a: Slowking
|-damage|p2a: Slowking|87/100 brn
|-unboost|p1a: Hydrapple|spa|2
|
|-damage|p1a: Hydrapple|59/100 psn|[from] psn
|-damage|p2a: Slowking|81/100 brn|[from] brn
|upkeep
|turn|21
|
|t:|1757834412
|move|p1a: Hydrapple|Earth Power|p2a: Slowking
|-supereffective|p2a: Slowking
|-damage|p2a: Slowking|69/100 brn
|move|p2a: Slowking|Flamethrower|p1a: Hydrapple
|-damage|p1a: Hydrapple|43/100 psn
|
|-damage|p1a: Hydrapple|31/100 psn|[from] psn
|-damage|p2a: Slowking|62/100 brn|[from] brn
|upkeep
|turn|22
|
|t:|1757834423
|switch|p1a: gramps|Kingambit, F|28/100
|-activate|p1a: gramps|ability: Supreme Overlord
|-start|p1a: gramps|fallen2|[silent]
|move|p2a: Slowking|Flamethrower|p1a: gramps
|-supereffective|p1a: gramps
|-damage|p1a: gramps|0 fnt
|faint|p1a: gramps
|-end|p1a: gramps|fallen2|[silent]
|
|-damage|p2a: Slowking|56/100 brn|[from] brn
|upkeep
|-message|worm enjoyer forfeited.
|
|win|Junior jacces
|raw|worm enjoyer's rating: 1270 &rarr; <strong>1251</strong><br />(-19 for losing)
|raw|Junior jacces's rating: 1353 &rarr; <strong>1368</strong><br />(+15 for winning)
|l|☆worm enjoyer
|player|p1|
|l|☆Junior jacces
|player|p2|
