|j|☆waha8
|j|☆Dolgon 7
|t:|1757929711
|gametype|singles
|player|p1|waha8|102|1368
|player|p2|Dolgon 7|1|1346
|gen|9
|tier|[Gen 9] OU
|rated|
|rule|HP Percentage Mod: HP is shown in percentages
|rule|Endless Battle Clause: Forcing endless battles is banned
|rule|Species Clause: Limit one of each Pokémon
|rule|OHKO Clause: OHKO moves are banned
|rule|Evasion Items Clause: Evasion items are banned
|rule|Evasion Moves Clause: Evasion moves are banned
|rule|Evasion Abilities Clause: Evasion abilities are banned
|rule|Sleep Moves Clause: Sleep-inducing moves are banned
|clearpoke
|poke|p1|Blaziken, M|
|poke|p1|Ninetales, F|
|poke|p1|Indeedee, M|
|poke|p1|Hatterene, F|
|poke|p1|Slowbro-Galar, F|
|poke|p1|Cinderace, M|
|poke|p2|Ninetales, M|
|poke|p2|Ceruledge, M|
|poke|p2|Venusaur, M|
|poke|p2|Hatterene, F|
|poke|p2|Great Tusk|
|poke|p2|Walking Wake|
|teampreview
|
|t:|1757929731
|teamsize|p1|6
|teamsize|p2|6
|start
|switch|p1a: DeeDee|Indeedee, M|100/100
|switch|p2a: Great Tusk|Great Tusk|100/100
|-fieldstart|move: Psychic Terrain|[from] ability: Psychic Surge|[of] p1a: DeeDee
|turn|1
|
|t:|1757929743
|-end|p2a: Great Tusk|Protosynthesis|[silent]
|switch|p2a: Hatterene|Hatterene, F|100/100
|move|p1a: DeeDee|Expanding Force|p2a: Hatterene
|-resisted|p2a: Hatterene
|-damage|p2a: Hatterene|66/100
|-enditem|p2a: Hatterene|Eject Button
|
|t:|1757929749
|switch|p2a: Ninetales|Ninetales, M|100/100
|-weather|SunnyDay|[from] ability: Drought|[of] p2a: Ninetales
|
|-weather|SunnyDay|[upkeep]
|upkeep
|turn|2
|
|t:|1757929754
|move|p2a: Ninetales|Encore|p1a: DeeDee
|-start|p1a: DeeDee|Encore
|move|p1a: DeeDee|Expanding Force|p2a: Ninetales
|-damage|p2a: Ninetales|31/100
|
|-weather|SunnyDay|[upkeep]
|upkeep
|turn|3
|
|t:|1757929770
|switch|p2a: Hatterene|Hatterene, F|66/100
|switch|p1a: ReverseUNO|Cinderace, M|100/100
|
|-weather|SunnyDay|[upkeep]
|upkeep
|turn|4
|
|t:|1757929776
|move|p1a: ReverseUNO|Pyro Ball|p2a: Hatterene
|-damage|p2a: Hatterene|0 fnt
|faint|p2a: Hatterene
|
|-weather|SunnyDay|[upkeep]
|upkeep
|
|t:|1757929780
|switch|p2a: Ceruledge|Ceruledge, M|100/100
|turn|5
|
|t:|1757929786
|move|p1a: ReverseUNO|Pyro Ball|p2a: Ceruledge
|-resisted|p2a: Ceruledge
|-damage|p2a: Ceruledge|40/100
|-ability|p2a: Ceruledge|Weak Armor|boost
|-unboost|p2a: Ceruledge|def|1
|-boost|p2a: Ceruledge|spe|2
|move|p2a: Ceruledge|Swords Dance|p2a: Ceruledge
|-boost|p2a: Ceruledge|atk|2
|
|-weather|SunnyDay|[upkeep]
|upkeep
|turn|6
|
|t:|1757929794
|move|p2a: Ceruledge|Bitter Blade|p1a: ReverseUNO
|-resisted|p1a: ReverseUNO
|-damage|p1a: ReverseUNO|3/100
|-heal|p2a: Ceruledge|91/100|[from] drain|[of] p1a: ReverseUNO
|move|p1a: ReverseUNO|Pyro Ball|p2a: Ceruledge
|-resisted|p2a: Ceruledge
|-damage|p2a: Ceruledge|0 fnt
|faint|p2a: Ceruledge
|
|-weather|SunnyDay|[upkeep]
|upkeep
|
|t:|1757929798
|switch|p2a: Walking Wake|Walking Wake|100/100
|-activate|p2a: Walking Wake|ability: Protosynthesis
|-start|p2a: Walking Wake|protosynthesisspa
|turn|7
|
|t:|1757929808
|switch|p1a: Kurama|Ninetales, F|100/100
|move|p2a: Walking Wake|Hydro Steam|p1a: Kurama
|-supereffective|p1a: Kurama
|-damage|p1a: Kurama|0 fnt
|faint|p1a: Kurama
|
|-weather|SunnyDay|[upkeep]
|upkeep
|
|t:|1757929816
|switch|p1a: WildWest|Slowbro-Galar, F|100/100
|turn|8
|
|t:|1757929819
|move|p2a: Walking Wake|Hydro Steam|p1a: WildWest
|-damage|p1a: WildWest|0 fnt
|faint|p1a: WildWest
|
|-weather|none
|-end|p2a: Walking Wake|Protosynthesis
|-fieldend|move: Psychic Terrain
|upkeep
|
|t:|1757929830
|switch|p1a: DeeDee|Indeedee, M|100/100
|-fieldstart|move: Psychic Terrain|[from] ability: Psychic Surge|[of] p1a: DeeDee
|turn|9
|
|t:|1757929836
|-end|p2a: Walking Wake|Protosynthesis|[silent]
|switch|p2a: Ninetales|Ninetales, M|31/100
|-weather|SunnyDay|[from] ability: Drought|[of] p2a: Ninetales
|switch|p1a: ReverseUNO|Cinderace, M|3/100
|
|-weather|SunnyDay|[upkeep]
|upkeep
|turn|10
|
|t:|1757929843
|move|p1a: ReverseUNO|Court Change||[still]
|-start|p1a: ReverseUNO|typechange|Normal|[from] ability: Libero
|-fail|p1a: ReverseUNO
|move|p2a: Ninetales|Flamethrower|p1a: ReverseUNO
|-damage|p1a: ReverseUNO|0 fnt
|faint|p1a: ReverseUNO
|
|-weather|SunnyDay|[upkeep]
|upkeep
|
|t:|1757929851
|switch|p1a: Mavis|Hatterene, F|100/100
|turn|11
|
|t:|1757929861
|move|p2a: Ninetales|Flamethrower|p1a: Mavis
|-damage|p1a: Mavis|61/100
|move|p1a: Mavis|Trick Room|p1a: Mavis
|-fieldstart|move: Trick Room|[of] p1a: Mavis
|
|-weather|SunnyDay|[upkeep]
|upkeep
|turn|12
|c|☆waha8|gg
|
|t:|1757929867
|-terastallize|p1a: Mavis|Psychic
|move|p1a: Mavis|Expanding Force|p2a: Ninetales
|-damage|p2a: Ninetales|0 fnt
|faint|p2a: Ninetales
|-damage|p1a: Mavis|51/100|[from] item: Life Orb
|
|-weather|SunnyDay|[upkeep]
|upkeep
|
|t:|1757929882
|switch|p2a: Venusaur|Venusaur, M|100/100
|turn|13
|
|t:|1757929888
|-terastallize|p2a: Venusaur|Fire
|move|p1a: Mavis|Expanding Force|p2a: Venusaur
|-damage|p2a: Venusaur|0 fnt
|faint|p2a: Venusaur
|-damage|p1a: Mavis|41/100|[from] item: Life Orb
|
|-weather|SunnyDay|[upkeep]
|upkeep
|
|t:|1757929893
|switch|p2a: Walking Wake|Walking Wake|100/100
|-activate|p2a: Walking Wake|ability: Protosynthesis
|-start|p2a: Walking Wake|protosynthesisspa
|turn|14
|c|☆Dolgon 7|gg wp
|-message|Dolgon 7 forfeited.
|
|win|waha8
|raw|waha8's rating: 1368 &rarr; <strong>1387</strong><br />(+19 for winning)
|raw|Dolgon 7's rating: 1346 &rarr; <strong>1327</strong><br />(-19 for losing)
|l|☆Dolgon 7
|player|p2|
