|j|☆Avl2121
|j|☆SSStyl1sh
|t:|1757911322
|gametype|singles
|player|p1|Avl2121|dragontamer|1210
|player|p2|SSStyl1sh|giovanni|1215
|gen|9
|tier|[Gen 9] OU
|rated|
|rule|HP Percentage Mod: HP is shown in percentages
|rule|Endless Battle Clause: Forcing endless battles is banned
|rule|Species Clause: Limit one of each Pokémon
|rule|OHKO Clause: OHKO moves are banned
|rule|Evasion Items Clause: Evasion items are banned
|rule|Evasion Moves Clause: Evasion moves are banned
|rule|Evasion Abilities Clause: Evasion abilities are banned
|rule|Sleep Moves Clause: Sleep-inducing moves are banned
|clearpoke
|poke|p1|Sinistcha-Masterpiece|
|poke|p1|Blaziken, M|
|poke|p1|Garganacl, M|
|poke|p1|Weavile, M|
|poke|p1|Garchomp, F|
|poke|p1|Regidrago|
|poke|p2|Araquanid, F|
|poke|p2|Crawdaunt, M|
|poke|p2|Tornadus-Therian, M|
|poke|p2|Ting-Lu|
|poke|p2|Gholdengo|
|poke|p2|Great Tusk|
|teampreview
|inactive|Battle timer is ON: inactive players will automatically lose when time's up. (requested by Avl2121)
|
|t:|1757911342
|teamsize|p1|6
|teamsize|p2|6
|start
|switch|p1a: Weavile|Weavile, M|100/100
|switch|p2a: Araquanid|Araquanid, F|100/100
|-ability|p1a: Weavile|Pressure
|turn|1
|
|t:|1757911345
|move|p1a: Weavile|Fake Out|p2a: Araquanid
|-damage|p2a: Araquanid|82/100
|-damage|p1a: Weavile|91/100|[from] item: Life Orb
|cant|p2a: Araquanid|flinch
|
|upkeep
|turn|2
|
|t:|1757911348
|move|p1a: Weavile|Knock Off|p2a: Araquanid
|-damage|p2a: Araquanid|19/100
|-enditem|p2a: Araquanid|Custap Berry|[from] move: Knock Off|[of] p1a: Weavile
|-damage|p1a: Weavile|81/100|[from] item: Life Orb
|move|p2a: Araquanid|Sticky Web|p1a: Weavile
|-sidestart|p1: Avl2121|move: Sticky Web
|
|upkeep
|turn|3
|
|t:|1757911354
|move|p1a: Weavile|Triple Axel|p2a: Araquanid
|-resisted|p2a: Araquanid
|-damage|p2a: Araquanid|12/100
|-resisted|p2a: Araquanid
|-damage|p2a: Araquanid|0 fnt
|faint|p2a: Araquanid
|-hitcount|p2: Araquanid|2
|-damage|p1a: Weavile|71/100|[from] item: Life Orb
|
|upkeep
|
|t:|1757911380
|switch|p2a: Crawdaunt|Crawdaunt, M|100/100
|turn|4
|
|t:|1757911385
|move|p2a: Crawdaunt|Aqua Jet|p1a: Weavile
|-damage|p1a: Weavile|0 fnt
|faint|p1a: Weavile
|
|upkeep
|
|t:|1757911388
|switch|p1a: Regidrago|Regidrago|100/100
|turn|5
|
|t:|1757911394
|switch|p2a: Ting-Lu|Ting-Lu|100/100
|-ability|p2a: Ting-Lu|Vessel of Ruin
|move|p1a: Regidrago|Dragon Dance|p1a: Regidrago
|-boost|p1a: Regidrago|atk|1
|-boost|p1a: Regidrago|spe|1
|
|upkeep
|turn|6
|
|t:|1757911403
|move|p1a: Regidrago|Outrage|p2a: Ting-Lu
|-damage|p2a: Ting-Lu|31/100
|move|p2a: Ting-Lu|Ruination|p1a: Regidrago
|-damage|p1a: Regidrago|51/100
|
|-heal|p2a: Ting-Lu|38/100|[from] item: Leftovers
|upkeep
|turn|7
|
|t:|1757911414
|move|p1a: Regidrago|Outrage|p2a: Ting-Lu|[from] lockedmove
|-crit|p2a: Ting-Lu
|-damage|p2a: Ting-Lu|0 fnt
|faint|p2a: Ting-Lu
|-start|p1a: Regidrago|confusion|[fatigue]
|
|upkeep
|
|t:|1757911425
|switch|p2a: Great Tusk|Great Tusk|100/100
|turn|8
|
|t:|1757911428
|-activate|p1a: Regidrago|confusion
|move|p1a: Regidrago|Explosion|p2a: Great Tusk
|-damage|p2a: Great Tusk|22/100
|faint|p1a: Regidrago
|move|p2a: Great Tusk|Ice Spinner|p1: Regidrago|[notarget]
|-fail|p2a: Great Tusk
|
|upkeep
|
|t:|1757911434
|switch|p1a: Blaziken|Blaziken, M|100/100
|-activate|p1a: Blaziken|move: Sticky Web
|-unboost|p1a: Blaziken|spe|1
|turn|9
|
|t:|1757911439
|move|p1a: Blaziken|Protect|p1a: Blaziken
|-singleturn|p1a: Blaziken|Protect
|move|p2a: Great Tusk|Rapid Spin|p1a: Blaziken
|-activate|p1a: Blaziken|move: Protect
|
|-ability|p1a: Blaziken|Speed Boost|boost
|-boost|p1a: Blaziken|spe|1
|upkeep
|turn|10
|
|t:|1757911447
|-terastallize|p1a: Blaziken|Grass
|move|p2a: Great Tusk|Headlong Rush|p1a: Blaziken
|-resisted|p1a: Blaziken
|-damage|p1a: Blaziken|59/100
|-unboost|p2a: Great Tusk|def|1
|-unboost|p2a: Great Tusk|spd|1
|move|p1a: Blaziken|Swords Dance|p1a: Blaziken
|-boost|p1a: Blaziken|atk|2
|
|-heal|p1a: Blaziken|65/100|[from] item: Leftovers
|-ability|p1a: Blaziken|Speed Boost|boost
|-boost|p1a: Blaziken|spe|1
|upkeep
|turn|11
|
|t:|1757911455
|move|p1a: Blaziken|Flare Blitz|p2a: Great Tusk
|-damage|p2a: Great Tusk|0 fnt
|-damage|p1a: Blaziken|49/100|[from] item: Rocky Helmet|[of] p2a: Great Tusk
|faint|p2a: Great Tusk
|-end|p2a: Great Tusk|Protosynthesis|[silent]
|-damage|p1a: Blaziken|38/100|[from] Recoil
|
|-heal|p1a: Blaziken|44/100|[from] item: Leftovers
|-ability|p1a: Blaziken|Speed Boost|boost
|-boost|p1a: Blaziken|spe|1
|upkeep
|
|t:|1757911472
|switch|p2a: Tornadus|Tornadus-Therian, M|100/100
|turn|12
|
|t:|1757911476
|move|p1a: Blaziken|Protect|p1a: Blaziken
|-singleturn|p1a: Blaziken|Protect
|move|p2a: Tornadus|U-turn|p1a: Blaziken
|-activate|p1a: Blaziken|move: Protect
|
|-heal|p1a: Blaziken|50/100|[from] item: Leftovers
|-ability|p1a: Blaziken|Speed Boost|boost
|-boost|p1a: Blaziken|spe|1
|upkeep
|turn|13
|
|t:|1757911481
|move|p1a: Blaziken|Flare Blitz|p2a: Tornadus
|-damage|p2a: Tornadus|0 fnt
|faint|p2a: Tornadus
|-damage|p1a: Blaziken|16/100|[from] Recoil
|
|-heal|p1a: Blaziken|22/100|[from] item: Leftovers
|-ability|p1a: Blaziken|Speed Boost|boost
|-boost|p1a: Blaziken|spe|1
|upkeep
|
|t:|1757911485
|switch|p2a: Crawdaunt|Crawdaunt, M|100/100
|turn|14
|
|t:|1757911493
|move|p1a: Blaziken|Protect|p1a: Blaziken
|-singleturn|p1a: Blaziken|Protect
|move|p2a: Crawdaunt|Aqua Jet|p1a: Blaziken
|-activate|p1a: Blaziken|move: Protect
|
|-heal|p1a: Blaziken|28/100|[from] item: Leftovers
|-ability|p1a: Blaziken|Speed Boost|boost
|-boost|p1a: Blaziken|spe|1
|upkeep
|turn|15
|
|t:|1757911497
|move|p2a: Crawdaunt|Aqua Jet|p1a: Blaziken
|-resisted|p1a: Blaziken
|-damage|p1a: Blaziken|0 fnt
|faint|p1a: Blaziken
|
|upkeep
|
|t:|1757911502
|switch|p1a: Sinistcha|Sinistcha-Masterpiece|100/100
|turn|16
|
|t:|1757911504
|switch|p2a: Gholdengo|Gholdengo|100/100
|-item|p2a: Gholdengo|Air Balloon
|move|p1a: Sinistcha|Strength Sap|p2a: Gholdengo
|-immune|p2a: Gholdengo|[from] ability: Good as Gold
|
|upkeep
|turn|17
|
|t:|1757911514
|move|p2a: Gholdengo|Shadow Ball|p1a: Sinistcha
|-supereffective|p1a: Sinistcha
|-damage|p1a: Sinistcha|3/100
|move|p1a: Sinistcha|Hex|p2a: Gholdengo
|-supereffective|p2a: Gholdengo
|-damage|p2a: Gholdengo|15/100
|-enditem|p2a: Gholdengo|Air Balloon
|
|upkeep
|turn|18
|
|t:|1757911521
|move|p2a: Gholdengo|Shadow Ball|p1a: Sinistcha
|-supereffective|p1a: Sinistcha
|-damage|p1a: Sinistcha|0 fnt
|faint|p1a: Sinistcha
|
|upkeep
|
|t:|1757911524
|switch|p1a: Something|Garchomp, F|100/100
|-activate|p1a: Something|move: Sticky Web
|-unboost|p1a: Something|spe|1
|turn|19
|
|t:|1757911531
|move|p2a: Gholdengo|Make It Rain|p1a: Something
|-damage|p1a: Something|34/100
|-unboost|p2a: Gholdengo|spa|1
|move|p1a: Something|Earthquake|p2a: Gholdengo
|-supereffective|p2a: Gholdengo
|-damage|p2a: Gholdengo|0 fnt
|faint|p2a: Gholdengo
|
|-heal|p1a: Something|40/100|[from] item: Leftovers
|upkeep
|
|t:|1757911539
|switch|p2a: Crawdaunt|Crawdaunt, M|100/100
|turn|20
|
|t:|1757911543
|move|p1a: Something|Scale Shot|p2a: Crawdaunt
|-damage|p2a: Crawdaunt|83/100
|-damage|p2a: Crawdaunt|63/100
|-damage|p2a: Crawdaunt|43/100
|-hitcount|p2a: Crawdaunt|3
|-unboost|p1a: Something|def|1
|-boost|p1a: Something|spe|1
|move|p2a: Crawdaunt|Crabhammer|p1a: Something
|-damage|p1a: Something|0 fnt
|-damage|p2a: Crawdaunt|30/100|[from] ability: Rough Skin|[of] p1a: Something
|faint|p1a: Something
|
|upkeep
|
|t:|1757911545
|switch|p1a: Garganacl|Garganacl, M|100/100
|-activate|p1a: Garganacl|move: Sticky Web
|-unboost|p1a: Garganacl|spe|1
|turn|21
|
|t:|1757911547
|move|p2a: Crawdaunt|Crabhammer|p1a: Garganacl
|-supereffective|p1a: Garganacl
|-damage|p1a: Garganacl|0 fnt
|faint|p1a: Garganacl
|
|win|SSStyl1sh
|raw|Avl2121's rating: 1210 &rarr; <strong>1185</strong><br />(-25 for losing)
|raw|SSStyl1sh's rating: 1215 &rarr; <strong>1240</strong><br />(+25 for winning)
|l|☆Avl2121
|player|p1|
|l|☆SSStyl1sh
|player|p2|
