|j|☆nlzdy
|j|☆ElTunas_502
|t:|1757852236
|gametype|singles
|player|p1|nlzdy|cynthia|1311
|player|p2|ElTunas_502|aaron|1332
|gen|9
|tier|[Gen 9] OU
|rated|
|rule|HP Percentage Mod: HP is shown in percentages
|rule|Endless Battle Clause: Forcing endless battles is banned
|rule|Species Clause: Limit one of each Pokémon
|rule|OHKO Clause: OHKO moves are banned
|rule|Evasion Items Clause: Evasion items are banned
|rule|Evasion Moves Clause: Evasion moves are banned
|rule|Evasion Abilities Clause: Evasion abilities are banned
|rule|Sleep Moves Clause: Sleep-inducing moves are banned
|clearpoke
|poke|p1|Corviknight, M|
|poke|p1|Hoopa-Unbound|
|poke|p1|Walking Wake|
|poke|p1|Cinderace, F|
|poke|p1|Slowking-Galar, F|
|poke|p1|Zamazenta-*|
|poke|p2|Scizor, M|
|poke|p2|Cinderace, M|
|poke|p2|Zapdos|
|poke|p2|Gliscor, M|
|poke|p2|Registeel|
|poke|p2|Porygon-Z|
|teampreview
|inactive|Battle timer is ON: inactive players will automatically lose when time's up. (requested by ElTunas_502)
|
|t:|1757852249
|teamsize|p1|6
|teamsize|p2|6
|start
|switch|p1a: Walking Wake|Walking Wake|100/100
|switch|p2a: Zapdos|Zapdos|100/100
|turn|1
|
|t:|1757852259
|-end|p1a: Walking Wake|Protosynthesis|[silent]
|switch|p1a: Slowking|Slowking-Galar, F|100/100
|move|p2a: Zapdos|Thunderbolt|p1a: Slowking
|-damage|p1a: Slowking|56/100
|-damage|p2a: Zapdos|91/100|[from] item: Life Orb
|
|-heal|p1a: Slowking|62/100|[from] item: Black Sludge
|upkeep
|turn|2
|
|t:|1757852278
|switch|p2a: Scizor|Scizor, M|100/100
|-prepare|p1a: Slowking|Chilly Reception|[premajor]
|move|p1a: Slowking|Chilly Reception|p1a: Slowking
|-weather|Snowscape
|
|t:|1757852284
|switch|p1a: Cinderace|Cinderace, F|100/100|[from] Chilly Reception
|
|-weather|Snowscape|[upkeep]
|upkeep
|turn|3
|
|t:|1757852289
|switch|p2a: Gliscor|Gliscor, M|100/100
|move|p1a: Cinderace|Pyro Ball|p2a: Gliscor
|-damage|p2a: Gliscor|59/100
|-status|p2a: Gliscor|brn
|
|-weather|Snowscape|[upkeep]
|-damage|p2a: Gliscor|52/100 brn|[from] brn
|upkeep
|turn|4
|
|t:|1757852300
|switch|p1a: Corviknight|Corviknight, M|100/100
|move|p2a: Gliscor|Toxic|p1a: Corviknight
|-immune|p1a: Corviknight
|
|-weather|Snowscape|[upkeep]
|-damage|p2a: Gliscor|46/100 brn|[from] brn
|upkeep
|turn|5
|
|t:|1757852309
|move|p2a: Gliscor|Knock Off|p1a: Corviknight
|-damage|p1a: Corviknight|94/100
|-damage|p2a: Gliscor|30/100 brn|[from] item: Rocky Helmet|[of] p1a: Corviknight
|-enditem|p1a: Corviknight|Rocky Helmet|[from] move: Knock Off|[of] p2a: Gliscor
|move|p1a: Corviknight|U-turn|p2a: Gliscor
|-resisted|p2a: Gliscor
|-damage|p2a: Gliscor|24/100 brn
|
|t:|1757852317
|switch|p1a: Cinderace|Cinderace, F|100/100|[from] U-turn
|
|-weather|Snowscape|[upkeep]
|-damage|p2a: Gliscor|18/100 brn|[from] brn
|upkeep
|turn|6
|
|t:|1757852324
|move|p1a: Cinderace|Pyro Ball|p2a: Gliscor|[miss]
|-miss|p1a: Cinderace|p2a: Gliscor
|move|p2a: Gliscor|Knock Off|p1a: Cinderace
|-damage|p1a: Cinderace|84/100
|-enditem|p1a: Cinderace|Heavy-Duty Boots|[from] move: Knock Off|[of] p2a: Gliscor
|
|-weather|none
|-damage|p2a: Gliscor|12/100 brn|[from] brn
|upkeep
|turn|7
|
|t:|1757852335
|move|p1a: Cinderace|Pyro Ball|p2a: Gliscor
|-damage|p2a: Gliscor|0 fnt
|faint|p2a: Gliscor
|
|upkeep
|
|t:|1757852352
|switch|p2a: Porygon-Z|Porygon-Z|100/100
|turn|8
|
|t:|1757852357
|move|p2a: Porygon-Z|Tri Attack|p1a: Cinderace
|-damage|p1a: Cinderace|0 fnt
|faint|p1a: Cinderace
|
|upkeep
|
|t:|1757852364
|switch|p1a: Slowking|Slowking-Galar, F|95/100
|turn|9
|
|t:|1757852369
|switch|p2a: Registeel|Registeel|100/100
|move|p1a: Slowking|Future Sight|p2a: Registeel
|-start|p1a: Slowking|move: Future Sight
|
|-heal|p1a: Slowking|100/100|[from] item: Black Sludge
|upkeep
|turn|10
|
|t:|1757852378
|move|p2a: Registeel|Iron Defense|p2a: Registeel
|-boost|p2a: Registeel|def|2
|-prepare|p1a: Slowking|Chilly Reception|[premajor]
|move|p1a: Slowking|Chilly Reception|p1a: Slowking
|-weather|Snowscape
|
|t:|1757852386
|switch|p1a: Walking Wake|Walking Wake|100/100|[from] Chilly Reception
|
|-weather|Snowscape|[upkeep]
|upkeep
|turn|11
|
|t:|1757852394
|move|p1a: Walking Wake|Flamethrower|p2a: Registeel
|-supereffective|p2a: Registeel
|-damage|p2a: Registeel|64/100
|move|p2a: Registeel|Thunder Wave|p1a: Walking Wake
|-status|p1a: Walking Wake|par
|
|-weather|Snowscape|[upkeep]
|-end|p2a: Registeel|move: Future Sight
|-resisted|p2a: Registeel
|-damage|p2a: Registeel|50/100
|-heal|p2a: Registeel|56/100|[from] item: Leftovers
|upkeep
|turn|12
|
|t:|1757852411
|move|p1a: Walking Wake|Flamethrower|p2a: Registeel
|-supereffective|p2a: Registeel
|-damage|p2a: Registeel|19/100
|-status|p2a: Registeel|brn
|move|p2a: Registeel|Body Press|p1a: Walking Wake
|-damage|p1a: Walking Wake|74/100 par
|
|-weather|Snowscape|[upkeep]
|-heal|p2a: Registeel|25/100 brn|[from] item: Leftovers
|-damage|p2a: Registeel|19/100 brn|[from] brn
|upkeep
|turn|13
|
|t:|1757852422
|move|p1a: Walking Wake|Flamethrower|p2a: Registeel
|-supereffective|p2a: Registeel
|-damage|p2a: Registeel|0 fnt
|faint|p2a: Registeel
|
|-weather|Snowscape|[upkeep]
|upkeep
|
|t:|1757852446
|switch|p2a: Zapdos|Zapdos|91/100
|turn|14
|
|t:|1757852451
|-end|p1a: Walking Wake|Protosynthesis|[silent]
|switch|p1a: Slowking|Slowking-Galar, F|100/100
|move|p2a: Zapdos|Thunderbolt|p1a: Slowking
|-damage|p1a: Slowking|56/100
|-damage|p2a: Zapdos|81/100|[from] item: Life Orb
|
|-weather|none
|-heal|p1a: Slowking|62/100|[from] item: Black Sludge
|upkeep
|turn|15
|
|t:|1757852461
|move|p2a: Zapdos|Thunderbolt|p1a: Slowking
|-damage|p1a: Slowking|15/100
|-damage|p2a: Zapdos|71/100|[from] item: Life Orb
|-prepare|p1a: Slowking|Chilly Reception|[premajor]
|move|p1a: Slowking|Chilly Reception|p1a: Slowking
|-weather|Snowscape
|
|t:|1757852468
|switch|p1a: Hoopa|Hoopa-Unbound|100/100|[from] Chilly Reception
|
|-weather|Snowscape|[upkeep]
|upkeep
|turn|16
|
|t:|1757852483
|switch|p2a: Porygon-Z|Porygon-Z|100/100
|move|p1a: Hoopa|Hyperspace Fury|p2a: Porygon-Z
|-damage|p2a: Porygon-Z|4/100
|-unboost|p1a: Hoopa|def|1
|
|-weather|Snowscape|[upkeep]
|upkeep
|turn|17
|
|t:|1757852493
|move|p2a: Porygon-Z|Tri Attack|p1a: Hoopa
|-damage|p1a: Hoopa|49/100
|move|p1a: Hoopa|Hyperspace Fury|p2a: Porygon-Z
|-damage|p2a: Porygon-Z|0 fnt
|-unboost|p1a: Hoopa|def|1
|faint|p2a: Porygon-Z
|
|-weather|Snowscape|[upkeep]
|upkeep
|
|t:|1757852502
|switch|p2a: Scizor|Scizor, M|100/100
|turn|18
|
|t:|1757852508
|switch|p1a: Corviknight|Corviknight, M|94/100
|move|p2a: Scizor|Swords Dance|p2a: Scizor
|-boost|p2a: Scizor|atk|2
|
|-weather|Snowscape|[upkeep]
|upkeep
|turn|19
|
|t:|1757852517
|move|p1a: Corviknight|Iron Defense|p1a: Corviknight
|-boost|p1a: Corviknight|def|2
|move|p2a: Scizor|Dual Wingbeat|p1a: Corviknight
|-resisted|p1a: Corviknight
|-damage|p1a: Corviknight|87/100
|-resisted|p1a: Corviknight
|-damage|p1a: Corviknight|80/100
|-hitcount|p1a: Corviknight|2
|
|-weather|none
|upkeep
|turn|20
|
|t:|1757852528
|move|p1a: Corviknight|Iron Defense|p1a: Corviknight
|-boost|p1a: Corviknight|def|2
|move|p2a: Scizor|U-turn|p1a: Corviknight
|-resisted|p1a: Corviknight
|-damage|p1a: Corviknight|77/100
|
|t:|1757852532
|switch|p2a: Zapdos|Zapdos|71/100|[from] U-turn
|
|upkeep
|turn|21
|
|t:|1757852539
|switch|p1a: Hoopa|Hoopa-Unbound|49/100
|move|p2a: Zapdos|Thunderbolt|p1a: Hoopa
|-damage|p1a: Hoopa|0 fnt
|faint|p1a: Hoopa
|-damage|p2a: Zapdos|61/100|[from] item: Life Orb
|
|upkeep
|
|t:|1757852557
|switch|p1a: Walking Wake|Walking Wake|74/100 par
|turn|22
|
|t:|1757852561
|-end|p1a: Walking Wake|Protosynthesis|[silent]
|switch|p1a: Slowking|Slowking-Galar, F|48/100
|move|p2a: Zapdos|Thunderbolt|p1a: Slowking
|-damage|p1a: Slowking|1/100
|-damage|p2a: Zapdos|51/100|[from] item: Life Orb
|
|-heal|p1a: Slowking|7/100|[from] item: Black Sludge
|upkeep
|turn|23
|
|t:|1757852570
|move|p2a: Zapdos|Thunderbolt|p1a: Slowking
|-damage|p1a: Slowking|0 fnt
|faint|p1a: Slowking
|-damage|p2a: Zapdos|41/100|[from] item: Life Orb
|
|upkeep
|
|t:|1757852576
|switch|p1a: Zamazenta|Zamazenta|100/100
|-ability|p1a: Zamazenta|Dauntless Shield|boost
|-boost|p1a: Zamazenta|def|1
|turn|24
|
|t:|1757852592
|move|p1a: Zamazenta|Crunch|p2a: Zapdos
|-damage|p2a: Zapdos|3/100
|move|p2a: Zapdos|Hurricane|p1a: Zamazenta|[miss]
|-miss|p2a: Zapdos|p1a: Zamazenta
|
|upkeep
|turn|25
|
|t:|1757852598
|move|p1a: Zamazenta|Crunch|p2a: Zapdos
|-damage|p2a: Zapdos|0 fnt
|-status|p1a: Zamazenta|par|[from] ability: Static|[of] p2a: Zapdos
|faint|p2a: Zapdos
|
|upkeep
|
|t:|1757852604
|switch|p2a: Cinderace|Cinderace, M|100/100
|turn|26
|
|t:|1757852613
|switch|p1a: Corviknight|Corviknight, M|77/100
|-terastallize|p2a: Cinderace|Fire
|move|p2a: Cinderace|Pyro Ball|p1a: Corviknight
|-supereffective|p1a: Corviknight
|-damage|p1a: Corviknight|0 fnt
|faint|p1a: Corviknight
|
|upkeep
|
|t:|1757852622
|switch|p1a: Walking Wake|Walking Wake|74/100 par
|turn|27
|
|t:|1757852626
|move|p2a: Cinderace|U-turn|p1a: Walking Wake
|-damage|p1a: Walking Wake|52/100 par
|
|t:|1757852629
|switch|p2a: Scizor|Scizor, M|100/100|[from] U-turn
|move|p1a: Walking Wake|Hydro Steam|p2a: Scizor
|-damage|p2a: Scizor|56/100
|
|upkeep
|turn|28
|
|t:|1757852643
|move|p1a: Walking Wake|Flamethrower|p2a: Scizor
|-supereffective|p2a: Scizor
|-damage|p2a: Scizor|0 fnt
|faint|p2a: Scizor
|
|upkeep
|
|t:|1757852647
|switch|p2a: Cinderace|Cinderace, M, tera:Fire|100/100
|turn|29
|
|t:|1757852652
|move|p2a: Cinderace|High Jump Kick|p1a: Walking Wake
|-damage|p1a: Walking Wake|3/100 par
|cant|p1a: Walking Wake|par
|
|upkeep
|turn|30
|
|t:|1757852660
|move|p2a: Cinderace|U-turn|p1a: Walking Wake
|-damage|p1a: Walking Wake|0 fnt
|faint|p1a: Walking Wake
|-end|p1a: Walking Wake|Protosynthesis|[silent]
|
|upkeep
|
|t:|1757852665
|switch|p1a: Zamazenta|Zamazenta|100/100 par
|turn|31
|
|t:|1757852669
|-terastallize|p1a: Zamazenta|Fighting
|move|p2a: Cinderace|Pyro Ball|p1a: Zamazenta
|-damage|p1a: Zamazenta|30/100 par
|move|p1a: Zamazenta|Close Combat|p2a: Cinderace
|-damage|p2a: Cinderace|0 fnt
|-unboost|p1a: Zamazenta|def|1
|-unboost|p1a: Zamazenta|spd|1
|faint|p2a: Cinderace
|
|win|nlzdy
|raw|nlzdy's rating: 1311 &rarr; <strong>1332</strong><br />(+21 for winning)
|raw|ElTunas_502's rating: 1332 &rarr; <strong>1311</strong><br />(-21 for losing)
|l|☆ElTunas_502
|player|p2|
|l|☆nlzdy
|player|p1|
