|j|☆pepepoopoop
|j|☆Aimsss
|t:|1757912216
|gametype|singles
|player|p1|pepepoopoop|1|1346
|player|p2|Aimsss|policeman-gen4|1378
|gen|9
|tier|[Gen 9] OU
|rated|
|rule|HP Percentage Mod: HP is shown in percentages
|rule|Endless Battle Clause: Forcing endless battles is banned
|rule|Species Clause: Limit one of each Pokémon
|rule|OHKO Clause: OHKO moves are banned
|rule|Evasion Items Clause: Evasion items are banned
|rule|Evasion Moves Clause: Evasion moves are banned
|rule|Evasion Abilities Clause: Evasion abilities are banned
|rule|Sleep Moves Clause: Sleep-inducing moves are banned
|clearpoke
|poke|p1|Jolteon, M|
|poke|p1|Slowking-Galar, M|
|poke|p1|Great Tusk|
|poke|p1|Hydrapple, F|
|poke|p1|Kingambit, M|
|poke|p1|Moltres|
|poke|p2|Dragapult, F|
|poke|p2|Kingambit, M|
|poke|p2|Hawlucha, M|
|poke|p2|Glimmora, F|
|poke|p2|Chesnaught, M|
|poke|p2|Gallade, M|
|teampreview
|inactive|Battle timer is ON: inactive players will automatically lose when time's up. (requested by pepepoopoop)
|
|t:|1757912236
|teamsize|p1|6
|teamsize|p2|6
|start
|switch|p1a: Great Tusk|Great Tusk|100/100
|switch|p2a: Chesnaught|Chesnaught, M|100/100
|turn|1
|
|t:|1757912243
|move|p1a: Great Tusk|Stealth Rock|p2a: Chesnaught
|-sidestart|p2: Aimsss|move: Stealth Rock
|move|p2a: Chesnaught|Belly Drum|p2a: Chesnaught
|-damage|p2a: Chesnaught|50/100
|-setboost|p2a: Chesnaught|atk|6|[from] move: Belly Drum
|-enditem|p2a: Chesnaught|Sitrus Berry|[eat]
|-heal|p2a: Chesnaught|75/100|[from] item: Sitrus Berry
|
|upkeep
|turn|2
|
|t:|1757912267
|-end|p1a: Great Tusk|Protosynthesis|[silent]
|switch|p1a: Moltres|Moltres|100/100
|move|p2a: Chesnaught|Knock Off|p1a: Moltres
|-damage|p1a: Moltres|22/100
|-enditem|p1a: Moltres|Heavy-Duty Boots|[from] move: Knock Off|[of] p2a: Chesnaught
|
|upkeep
|turn|3
|
|t:|1757912274
|move|p1a: Moltres|Roost|p1a: Moltres
|-heal|p1a: Moltres|72/100
|-singleturn|p1a: Moltres|move: Roost
|move|p2a: Chesnaught|Leech Seed|p1a: Moltres
|-start|p1a: Moltres|move: Leech Seed
|
|-damage|p1a: Moltres|59/100|[from] Leech Seed|[of] p2a: Chesnaught
|-heal|p2a: Chesnaught|88/100|[silent]
|upkeep
|turn|4
|
|t:|1757912283
|switch|p1a: Hydrapple|Hydrapple, F|100/100
|move|p2a: Chesnaught|Drain Punch|p1a: Hydrapple
|-damage|p1a: Hydrapple|41/100
|-heal|p2a: Chesnaught|100/100|[from] drain|[of] p1a: Hydrapple
|
|upkeep
|turn|5
|
|t:|1757912291
|switch|p1a: Moltres|Moltres|59/100
|move|p2a: Chesnaught|Drain Punch|p1a: Moltres
|-resisted|p1a: Moltres
|-damage|p1a: Moltres|15/100
|-status|p2a: Chesnaught|brn|[from] ability: Flame Body|[of] p1a: Moltres
|
|-damage|p2a: Chesnaught|94/100 brn|[from] brn
|upkeep
|turn|6
|
|t:|1757912301
|move|p1a: Moltres|Roost|p1a: Moltres
|-heal|p1a: Moltres|65/100
|-singleturn|p1a: Moltres|move: Roost
|move|p2a: Chesnaught|Drain Punch|p1a: Moltres
|-damage|p1a: Moltres|21/100
|-heal|p2a: Chesnaught|100/100 brn|[from] drain|[of] p1a: Moltres
|
|-damage|p2a: Chesnaught|94/100 brn|[from] brn
|upkeep
|turn|7
|
|t:|1757912315
|switch|p1a: Hydrapple|Hydrapple, F|74/100
|move|p2a: Chesnaught|Drain Punch|p1a: Hydrapple
|-damage|p1a: Hydrapple|46/100
|-heal|p2a: Chesnaught|100/100 brn|[from] drain|[of] p1a: Hydrapple
|
|-damage|p2a: Chesnaught|94/100 brn|[from] brn
|upkeep
|turn|8
|
|t:|1757912334
|switch|p2a: Glimmora|Glimmora, F|100/100
|-damage|p2a: Glimmora|88/100|[from] Stealth Rock
|-item|p2a: Glimmora|Air Balloon
|switch|p1a: Moltres|Moltres|21/100
|
|upkeep
|turn|9
|
|t:|1757912343
|switch|p1a: Kingambit|Kingambit, M, shiny|100/100
|move|p2a: Glimmora|Stealth Rock|p1a: Kingambit
|-sidestart|p1: pepepoopoop|move: Stealth Rock
|
|upkeep
|turn|10
|
|t:|1757912352
|switch|p2a: Chesnaught|Chesnaught, M|94/100 brn
|-damage|p2a: Chesnaught|88/100 brn|[from] Stealth Rock
|move|p1a: Kingambit|Iron Head|p2a: Chesnaught
|-damage|p2a: Chesnaught|53/100 brn
|
|-damage|p2a: Chesnaught|47/100 brn|[from] brn
|upkeep
|turn|11
|
|t:|1757912373
|-end|p1a: Kingambit|fallenundefined|[silent]
|switch|p1a: Great Tusk|Great Tusk|100/100
|-damage|p1a: Great Tusk|98/100|[from] Stealth Rock
|move|p2a: Chesnaught|Drain Punch|p1a: Great Tusk
|-damage|p1a: Great Tusk|92/100
|-heal|p2a: Chesnaught|50/100 brn|[from] drain|[of] p1a: Great Tusk
|-damage|p2a: Chesnaught|34/100 brn|[from] item: Rocky Helmet|[of] p1a: Great Tusk
|
|-damage|p2a: Chesnaught|28/100 brn|[from] brn
|upkeep
|turn|12
|
|t:|1757912387
|switch|p2a: Dragapult|Dragapult, F|100/100
|move|p1a: Great Tusk|Rapid Spin|p2a: Dragapult
|-immune|p2a: Dragapult
|
|upkeep
|turn|13
|c|☆pepepoopoop|well played
|
|t:|1757912395
|-end|p1a: Great Tusk|Protosynthesis|[silent]
|switch|p1a: Slowking|Slowking-Galar, M|100/100
|-damage|p1a: Slowking|88/100|[from] Stealth Rock
|move|p2a: Dragapult|Will-O-Wisp|p1a: Slowking
|-status|p1a: Slowking|brn
|
|-damage|p1a: Slowking|82/100 brn|[from] brn
|upkeep
|turn|14
|
|t:|1757912405
|move|p2a: Dragapult|Hex|p1a: Slowking
|-supereffective|p1a: Slowking
|-crit|p1a: Slowking
|-damage|p1a: Slowking|0 fnt
|faint|p1a: Slowking
|
|upkeep
|c|☆pepepoopoop|noooooo
|inactive|pepepoopoop has 120 seconds left.
|
|t:|1757912451
|switch|p1a: Jolteon|Jolteon, M|100/100
|turn|15
|
|t:|1757912459
|-terastallize|p1a: Jolteon|Fairy
|move|p2a: Dragapult|Dragon Darts|p1a: Jolteon
|-immune|p1a: Jolteon
|move|p1a: Jolteon|Alluring Voice|p2a: Dragapult
|-supereffective|p2a: Dragapult
|-damage|p2a: Dragapult|5/100
|
|upkeep
|turn|16
|
|t:|1757912468
|switch|p2a: Kingambit|Kingambit, M|100/100
|-damage|p2a: Kingambit|94/100|[from] Stealth Rock
|move|p1a: Jolteon|Volt Switch|p2a: Kingambit
|-crit|p2a: Kingambit
|-damage|p2a: Kingambit|49/100
|
|t:|1757912479
|switch|p1a: Great Tusk|Great Tusk|92/100|[from] Volt Switch
|-damage|p1a: Great Tusk|89/100|[from] Stealth Rock
|
|upkeep
|turn|17
|
|t:|1757912495
|move|p1a: Great Tusk|Rapid Spin|p2a: Kingambit
|-resisted|p2a: Kingambit
|-damage|p2a: Kingambit|44/100
|-boost|p1a: Great Tusk|spe|1
|-sideend|p1: pepepoopoop|Stealth Rock|[from] move: Rapid Spin|[of] p1a: Great Tusk
|move|p2a: Kingambit|Iron Head|p1a: Great Tusk
|-damage|p1a: Great Tusk|67/100
|-damage|p2a: Kingambit|28/100|[from] item: Rocky Helmet|[of] p1a: Great Tusk
|
|upkeep
|turn|18
|inactive|pepepoopoop has 120 seconds left.
|
|t:|1757912505
|move|p1a: Great Tusk|Ice Spinner|p2a: Kingambit
|-resisted|p2a: Kingambit
|-damage|p2a: Kingambit|21/100
|move|p2a: Kingambit|Iron Head|p1a: Great Tusk
|-damage|p1a: Great Tusk|46/100
|-damage|p2a: Kingambit|4/100|[from] item: Rocky Helmet|[of] p1a: Great Tusk
|
|upkeep
|turn|19
|inactive|pepepoopoop has 120 seconds left.
|
|t:|1757912513
|move|p2a: Kingambit|Sucker Punch|p1a: Great Tusk
|-resisted|p1a: Great Tusk
|-damage|p1a: Great Tusk|36/100
|-damage|p2a: Kingambit|0 fnt|[from] item: Rocky Helmet|[of] p1a: Great Tusk
|faint|p2a: Kingambit
|move|p1a: Great Tusk|Body Press|p2: Kingambit|[notarget]
|-fail|p1a: Great Tusk
|
|upkeep
|
|t:|1757912524
|switch|p2a: Glimmora|Glimmora, F|88/100
|-damage|p2a: Glimmora|76/100|[from] Stealth Rock
|-item|p2a: Glimmora|Air Balloon
|turn|20
|
|t:|1757912534
|move|p1a: Great Tusk|Body Press|p2a: Glimmora
|-damage|p2a: Glimmora|30/100
|-activate|p2a: Glimmora|ability: Toxic Debris
|-sidestart|p1: pepepoopoop|move: Toxic Spikes
|-enditem|p2a: Glimmora|Air Balloon
|move|p2a: Glimmora|Energy Ball|p1a: Great Tusk
|-supereffective|p1a: Great Tusk
|-damage|p1a: Great Tusk|0 fnt
|faint|p1a: Great Tusk
|-end|p1a: Great Tusk|Protosynthesis|[silent]
|
|upkeep
|inactive|pepepoopoop has 120 seconds left.
|
|t:|1757912556
|switch|p1a: Jolteon|Jolteon, M, tera:Fairy|100/100
|turn|21
|
|t:|1757912563
|switch|p2a: Chesnaught|Chesnaught, M|28/100 brn
|-damage|p2a: Chesnaught|22/100 brn|[from] Stealth Rock
|move|p1a: Jolteon|Thunderbolt|p2a: Chesnaught
|-resisted|p2a: Chesnaught
|-crit|p2a: Chesnaught
|-damage|p2a: Chesnaught|0 fnt
|faint|p2a: Chesnaught
|
|upkeep
|
|t:|1757912572
|switch|p2a: Gallade|Gallade, M, shiny|100/100
|-damage|p2a: Gallade|94/100|[from] Stealth Rock
|turn|22
|c|☆pepepoopoop|i love jolteon
|
|t:|1757912590
|switch|p1a: Moltres|Moltres|21/100
|move|p2a: Gallade|Psycho Cut|p1a: Moltres
|-damage|p1a: Moltres|0 fnt
|faint|p1a: Moltres
|
|upkeep
|inactive|pepepoopoop has 120 seconds left.
|
|t:|1757912609
|switch|p1a: Kingambit|Kingambit, M, shiny|100/100
|-activate|p1a: Kingambit|ability: Supreme Overlord
|-start|p1a: Kingambit|fallen3|[silent]
|turn|23
|
|t:|1757912614
|switch|p2a: Dragapult|Dragapult, F|5/100
|move|p1a: Kingambit|Swords Dance|p1a: Kingambit
|-boost|p1a: Kingambit|atk|2
|
|upkeep
|turn|24
|
|t:|1757912626
|move|p2a: Dragapult|Will-O-Wisp|p1a: Kingambit
|-status|p1a: Kingambit|brn
|move|p1a: Kingambit|Kowtow Cleave|p2a: Dragapult
|-supereffective|p2a: Dragapult
|-damage|p2a: Dragapult|0 fnt
|faint|p2a: Dragapult
|
|-damage|p1a: Kingambit|94/100 brn|[from] brn
|upkeep
|
|t:|1757912644
|switch|p2a: Hawlucha|Hawlucha, M|100/100
|-damage|p2a: Hawlucha|88/100|[from] Stealth Rock
|turn|25
|
|t:|1757912659
|-end|p1a: Kingambit|fallen3|[silent]
|switch|p1a: Hydrapple|Hydrapple, F|79/100
|move|p2a: Hawlucha|Drain Punch|p1a: Hydrapple
|-damage|p1a: Hydrapple|59/100
|-heal|p2a: Hawlucha|100/100|[from] drain|[of] p1a: Hydrapple
|
|upkeep
|turn|26
|inactive|pepepoopoop has 120 seconds left.
|
|t:|1757912681
|move|p2a: Hawlucha|Swords Dance|p2a: Hawlucha
|-boost|p2a: Hawlucha|atk|2
|move|p1a: Hydrapple|Fickle Beam|p2a: Hawlucha
|-damage|p2a: Hawlucha|51/100
|-enditem|p2a: Hawlucha|Red Card|[of] p1a: Hydrapple
|drag|p1a: Jolteon|Jolteon, M, tera:Fairy|100/100
|
|upkeep
|turn|27
|inactive|pepepoopoop has 120 seconds left.
|
|t:|1757912703
|switch|p1a: Hydrapple|Hydrapple, F|92/100
|move|p2a: Hawlucha|Acrobatics|p1a: Hydrapple
|-supereffective|p1a: Hydrapple
|-damage|p1a: Hydrapple|0 fnt
|faint|p1a: Hydrapple
|
|upkeep
|
|t:|1757912708
|switch|p1a: Kingambit|Kingambit, M, shiny|94/100 brn
|-activate|p1a: Kingambit|ability: Supreme Overlord
|-start|p1a: Kingambit|fallen4|[silent]
|turn|28
|
|t:|1757912719
|move|p2a: Hawlucha|Acrobatics|p1a: Kingambit
|-resisted|p1a: Kingambit
|-crit|p1a: Kingambit
|-damage|p1a: Kingambit|32/100 brn
|move|p1a: Kingambit|Swords Dance|p1a: Kingambit
|-boost|p1a: Kingambit|atk|2
|
|-heal|p1a: Kingambit|38/100 brn|[from] item: Leftovers
|-damage|p1a: Kingambit|32/100 brn|[from] brn
|upkeep
|turn|29
|
|t:|1757912729
|move|p1a: Kingambit|Sucker Punch|p2a: Hawlucha
|-resisted|p2a: Hawlucha
|-damage|p2a: Hawlucha|9/100
|move|p2a: Hawlucha|Acrobatics|p1a: Kingambit
|-resisted|p1a: Kingambit
|-damage|p1a: Kingambit|0 fnt
|faint|p1a: Kingambit
|-end|p1a: Kingambit|fallen4|[silent]
|
|upkeep
|inactive|pepepoopoop has 120 seconds left.
|c|☆pepepoopoop|gg
|
|t:|1757912740
|switch|p1a: Jolteon|Jolteon, M, tera:Fairy|100/100
|turn|30
|
|t:|1757912743
|move|p2a: Hawlucha|Acrobatics|p1a: Jolteon
|-damage|p1a: Jolteon|0 fnt
|faint|p1a: Jolteon
|
|win|Aimsss
|raw|pepepoopoop's rating: 1346 &rarr; <strong>1328</strong><br />(-18 for losing)
|raw|Aimsss's rating: 1378 &rarr; <strong>1396</strong><br />(+18 for winning)
|l|☆pepepoopoop
|player|p1|
|l|☆Aimsss
|player|p2|
