|j|☆heinous paynus
|j|‽myree
|t:|1757894982
|gametype|singles
|player|p1|heinous paynus|2|1498
|player|p2|myree|benga|1488
|gen|9
|tier|[Gen 9] OU
|rated|
|rule|HP Percentage Mod: HP is shown in percentages
|rule|Endless Battle Clause: Forcing endless battles is banned
|rule|Species Clause: Limit one of each Pokémon
|rule|OHKO Clause: OHKO moves are banned
|rule|Evasion Items Clause: Evasion items are banned
|rule|Evasion Moves Clause: Evasion moves are banned
|rule|Evasion Abilities Clause: Evasion abilities are banned
|rule|Sleep Moves Clause: Sleep-inducing moves are banned
|clearpoke
|poke|p1|Zapdos|
|poke|p1|Iron Crown|
|poke|p1|Clefable, F|
|poke|p1|Great Tusk|
|poke|p1|Samurott-Hisui, M|
|poke|p1|Dragapult, M|
|poke|p2|Iron Valiant|
|poke|p2|Slither Wing|
|poke|p2|Ogerpon-Cornerstone, F|
|poke|p2|Wo-Chien|
|poke|p2|Garganacl, F|
|poke|p2|Pecharunt|
|teampreview
|
|t:|1757894999
|teamsize|p1|6
|teamsize|p2|6
|start
|switch|p1a: Great Tusk|Great Tusk|100/100
|switch|p2a: Slither Wing|Slither Wing|100/100
|turn|1
|
|t:|1757895004
|move|p1a: Great Tusk|Stealth Rock|p2a: Slither Wing
|-sidestart|p2: myree|move: Stealth Rock
|move|p2a: Slither Wing|Will-O-Wisp|p1a: Great Tusk
|-status|p1a: Great Tusk|brn
|
|-damage|p1a: Great Tusk|94/100 brn|[from] brn
|upkeep
|turn|2
|
|t:|1757895014
|-end|p1a: Great Tusk|Protosynthesis|[silent]
|switch|p1a: Zapdos|Zapdos|100/100
|-end|p2a: Slither Wing|Protosynthesis|[silent]
|switch|p2a: Wo-Chien|Wo-Chien|100/100
|-damage|p2a: Wo-Chien|88/100|[from] Stealth Rock
|-ability|p2a: Wo-Chien|Tablets of Ruin
|
|-heal|p2a: Wo-Chien|94/100|[from] item: Leftovers
|upkeep
|turn|3
|
|t:|1757895023
|move|p2a: Wo-Chien|Protect|p2a: Wo-Chien
|-singleturn|p2a: Wo-Chien|Protect
|move|p1a: Zapdos|Volt Switch|p2a: Wo-Chien
|-activate|p2a: Wo-Chien|move: Protect
|
|-heal|p2a: Wo-Chien|100/100|[from] item: Leftovers
|upkeep
|turn|4
|
|t:|1757895030
|move|p1a: Zapdos|Hurricane|p2a: Wo-Chien
|-supereffective|p2a: Wo-Chien
|-damage|p2a: Wo-Chien|49/100
|move|p2a: Wo-Chien|Leech Seed|p1a: Zapdos
|-start|p1a: Zapdos|move: Leech Seed
|
|-heal|p2a: Wo-Chien|55/100|[from] item: Leftovers
|-damage|p1a: Zapdos|88/100|[from] Leech Seed|[of] p2a: Wo-Chien
|-heal|p2a: Wo-Chien|68/100|[silent]
|upkeep
|turn|5
|
|t:|1757895038
|switch|p1a: Dragapult|Dragapult, M|100/100
|move|p2a: Wo-Chien|Protect||[still]
|-fail|p2a: Wo-Chien
|
|-heal|p2a: Wo-Chien|74/100|[from] item: Leftovers
|upkeep
|turn|6
|
|t:|1757895041
|move|p2a: Wo-Chien|Protect|p2a: Wo-Chien
|-singleturn|p2a: Wo-Chien|Protect
|move|p1a: Dragapult|U-turn|p2a: Wo-Chien
|-activate|p2a: Wo-Chien|move: Protect
|
|-heal|p2a: Wo-Chien|80/100|[from] item: Leftovers
|upkeep
|turn|7
|
|t:|1757895047
|switch|p2a: Pecharunt|Pecharunt|100/100
|-damage|p2a: Pecharunt|88/100|[from] Stealth Rock
|move|p1a: Dragapult|Will-O-Wisp|p2a: Pecharunt|[miss]
|-miss|p1a: Dragapult|p2a: Pecharunt
|
|upkeep
|turn|8
|
|t:|1757895054
|switch|p2a: Garganacl|Garganacl, F|100/100
|-damage|p2a: Garganacl|88/100|[from] Stealth Rock
|move|p1a: Dragapult|U-turn|p2a: Garganacl
|-damage|p2a: Garganacl|74/100
|
|t:|1757895058
|switch|p1a: Samurott|Samurott-Hisui, M|100/100|[from] U-turn
|
|-heal|p2a: Garganacl|80/100|[from] item: Leftovers
|upkeep
|turn|9
|
|t:|1757895061
|switch|p2a: Slither Wing|Slither Wing|100/100
|move|p1a: Samurott|Knock Off|p2a: Slither Wing
|-resisted|p2a: Slither Wing
|-damage|p2a: Slither Wing|84/100
|-enditem|p2a: Slither Wing|Heavy-Duty Boots|[from] move: Knock Off|[of] p1a: Samurott
|
|upkeep
|turn|10
|
|t:|1757895064
|switch|p1a: Zapdos|Zapdos|88/100
|move|p2a: Slither Wing|First Impression|p1a: Zapdos
|-resisted|p1a: Zapdos
|-damage|p1a: Zapdos|75/100
|-status|p2a: Slither Wing|par|[from] ability: Static|[of] p1a: Zapdos
|
|upkeep
|turn|11
|
|t:|1757895069
|-end|p2a: Slither Wing|Protosynthesis|[silent]
|switch|p2a: Garganacl|Garganacl, F|80/100
|-damage|p2a: Garganacl|68/100|[from] Stealth Rock
|move|p1a: Zapdos|Volt Switch|p2a: Garganacl
|-damage|p2a: Garganacl|46/100
|
|t:|1757895072
|switch|p1a: Samurott|Samurott-Hisui, M|100/100|[from] Volt Switch
|
|-heal|p2a: Garganacl|52/100|[from] item: Leftovers
|upkeep
|turn|12
|
|t:|1757895078
|switch|p2a: Iron Valiant|Iron Valiant|100/100
|move|p1a: Samurott|Razor Shell|p2a: Iron Valiant
|-damage|p2a: Iron Valiant|28/100
|
|upkeep
|turn|13
|
|t:|1757895082
|move|p2a: Iron Valiant|Moonblast|p1a: Samurott
|-supereffective|p1a: Samurott
|-damage|p1a: Samurott|24/100
|move|p1a: Samurott|Razor Shell|p2a: Iron Valiant
|-damage|p2a: Iron Valiant|0 fnt
|faint|p2a: Iron Valiant
|-end|p2a: Iron Valiant|Quark Drive|[silent]
|
|upkeep
|
|t:|1757895088
|switch|p2a: Ogerpon|Ogerpon-Cornerstone, F|100/100
|-damage|p2a: Ogerpon|88/100|[from] Stealth Rock
|turn|14
|
|t:|1757895094
|switch|p1a: Great Tusk|Great Tusk|94/100 brn
|move|p2a: Ogerpon|Horn Leech|p1a: Great Tusk
|-supereffective|p1a: Great Tusk
|-crit|p1a: Great Tusk
|-damage|p1a: Great Tusk|0 fnt
|-heal|p2a: Ogerpon|100/100|[from] drain|[of] p1a: Great Tusk
|-damage|p2a: Ogerpon|84/100|[from] item: Rocky Helmet|[of] p1a: Great Tusk
|faint|p1a: Great Tusk
|-end|p1a: Great Tusk|Protosynthesis|[silent]
|
|upkeep
|
|t:|1757895101
|switch|p1a: Dragapult|Dragapult, M|100/100
|turn|15
|
|t:|1757895105
|switch|p2a: Garganacl|Garganacl, F|52/100
|-damage|p2a: Garganacl|40/100|[from] Stealth Rock
|move|p1a: Dragapult|Will-O-Wisp|p2a: Garganacl|[miss]
|-miss|p1a: Dragapult|p2a: Garganacl
|
|-heal|p2a: Garganacl|46/100|[from] item: Leftovers
|upkeep
|turn|16
|
|t:|1757895108
|move|p1a: Dragapult|U-turn|p2a: Garganacl
|-damage|p2a: Garganacl|33/100
|
|t:|1757895111
|switch|p1a: Samurott|Samurott-Hisui, M|24/100|[from] U-turn
|move|p2a: Garganacl|Salt Cure|p1a: Samurott
|-damage|p1a: Samurott|7/100
|-start|p1a: Samurott|Salt Cure
|
|-heal|p2a: Garganacl|39/100|[from] item: Leftovers
|-damage|p1a: Samurott|0 fnt|[from] Salt Cure
|faint|p1a: Samurott
|upkeep
|
|t:|1757895115
|switch|p1a: Iron Crown|Iron Crown|100/100
|turn|17
|
|t:|1757895131
|switch|p2a: Wo-Chien|Wo-Chien|80/100
|-damage|p2a: Wo-Chien|68/100|[from] Stealth Rock
|-ability|p2a: Wo-Chien|Tablets of Ruin
|move|p1a: Iron Crown|Tachyon Cutter|p2a: Wo-Chien
|-crit|p2a: Wo-Chien
|-damage|p2a: Wo-Chien|41/100
|-damage|p2a: Wo-Chien|21/100
|-hitcount|p2a: Wo-Chien|2
|
|-heal|p2a: Wo-Chien|28/100|[from] item: Leftovers
|upkeep
|turn|18
|
|t:|1757895140
|move|p2a: Wo-Chien|Protect|p2a: Wo-Chien
|-singleturn|p2a: Wo-Chien|Protect
|move|p1a: Iron Crown|Tachyon Cutter|p2a: Wo-Chien
|-activate|p2a: Wo-Chien|move: Protect
|
|-heal|p2a: Wo-Chien|34/100|[from] item: Leftovers
|upkeep
|turn|19
|
|t:|1757895156
|move|p1a: Iron Crown|Tachyon Cutter|p2a: Wo-Chien
|-damage|p2a: Wo-Chien|14/100
|-damage|p2a: Wo-Chien|0 fnt
|faint|p2a: Wo-Chien
|-hitcount|p2: Wo-Chien|2
|
|upkeep
|
|t:|1757895164
|switch|p2a: Pecharunt|Pecharunt|88/100
|-damage|p2a: Pecharunt|76/100|[from] Stealth Rock
|turn|20
|
|t:|1757895175
|-terastallize|p1a: Iron Crown|Steel
|move|p1a: Iron Crown|Tachyon Cutter|p2a: Pecharunt
|-damage|p2a: Pecharunt|16/100
|-damage|p2a: Pecharunt|0 fnt
|faint|p2a: Pecharunt
|-hitcount|p2: Pecharunt|2
|
|upkeep
|-message|myree forfeited.
|
|win|heinous paynus
|raw|heinous paynus's rating: 1498 &rarr; <strong>1517</strong><br />(+19 for winning)
|raw|myree's rating: 1488 &rarr; <strong>1469</strong><br />(-19 for losing)
|l|‽myree
|player|p2|
|l|☆heinous paynus
|player|p1|
