|j|☆kshuaib734
|j|☆raichu a luv songg
|t:|1757871634
|gametype|singles
|player|p1|kshuaib734|steven|1553
|player|p2|raichu a luv songg|101|1567
|gen|9
|tier|[Gen 9] OU
|rated|
|rule|HP Percentage Mod: HP is shown in percentages
|rule|Endless Battle Clause: Forcing endless battles is banned
|rule|Species Clause: Limit one of each Pokémon
|rule|OHKO Clause: OHKO moves are banned
|rule|Evasion Items Clause: Evasion items are banned
|rule|Evasion Moves Clause: Evasion moves are banned
|rule|Evasion Abilities Clause: Evasion abilities are banned
|rule|Sleep Moves Clause: Sleep-inducing moves are banned
|clearpoke
|poke|p1|Tyranitar, F|
|poke|p1|Overqwil, M|
|poke|p1|Pelipper, F|
|poke|p1|Quaquaval, F|
|poke|p1|Kingdra, F|
|poke|p1|Excadrill, F|
|poke|p2|Hoopa-Unbound|
|poke|p2|Blaziken, M|
|poke|p2|Dondozo, M|
|poke|p2|Great Tusk|
|poke|p2|Dragonite, M|
|poke|p2|Pecharunt|
|teampreview
|inactive|Battle timer is ON: inactive players will automatically lose when time's up. (requested by kshuaib734)
|
|t:|1757871655
|teamsize|p1|6
|teamsize|p2|6
|start
|switch|p1a: Tyrant's Downpour|Pelipper, F|100/100
|switch|p2a: Hoopa|Hoopa-Unbound|100/100
|-weather|RainDance|[from] ability: Drizzle|[of] p1a: Tyrant's Downpour
|turn|1
|inactive|kshuaib734 has 120 seconds left.
|
|t:|1757871687
|move|p2a: Hoopa|Dark Pulse|p1a: Tyrant's Downpour
|-damage|p1a: Tyrant's Downpour|31/100
|move|p1a: Tyrant's Downpour|U-turn|p2a: Hoopa
|-supereffective|p2a: Hoopa
|-damage|p2a: Hoopa|43/100
|inactive|kshuaib734 has 120 seconds left.
|
|t:|1757871694
|switch|p1a: Tyrant's Vengeance|Kingdra, F|100/100|[from] U-turn
|
|-weather|RainDance|[upkeep]
|upkeep
|turn|2
|
|t:|1757871702
|move|p1a: Tyrant's Vengeance|Flip Turn|p2a: Hoopa
|-damage|p2a: Hoopa|4/100
|
|t:|1757871709
|switch|p1a: Tyrant's Enforcer|Overqwil, M|100/100|[from] Flip Turn
|move|p2a: Hoopa|Dark Pulse|p1a: Tyrant's Enforcer
|-resisted|p1a: Tyrant's Enforcer
|-damage|p1a: Tyrant's Enforcer|59/100
|
|-weather|RainDance|[upkeep]
|upkeep
|turn|3
|
|t:|1757871718
|switch|p2a: Great Tusk|Great Tusk|100/100
|move|p1a: Tyrant's Enforcer|Spikes|p2a: Great Tusk
|-sidestart|p2: raichu a luv songg|Spikes
|
|-weather|RainDance|[upkeep]
|upkeep
|turn|4
|
|t:|1757871729
|move|p1a: Tyrant's Enforcer|Pain Split|p2a: Great Tusk
|-sethp|p2a: Great Tusk|75/100|[from] move: Pain Split|[silent]
|-sethp|p1a: Tyrant's Enforcer|89/100|[from] move: Pain Split
|move|p2a: Great Tusk|Stealth Rock|p1a: Tyrant's Enforcer
|-sidestart|p1: kshuaib734|move: Stealth Rock
|
|-weather|RainDance|[upkeep]
|upkeep
|turn|5
|
|t:|1757871740
|move|p1a: Tyrant's Enforcer|Spikes|p2a: Great Tusk
|-sidestart|p2: raichu a luv songg|Spikes
|move|p2a: Great Tusk|Rapid Spin|p1a: Tyrant's Enforcer
|-crit|p1a: Tyrant's Enforcer
|-damage|p1a: Tyrant's Enforcer|60/100
|-boost|p2a: Great Tusk|spe|1
|-damage|p2a: Great Tusk|58/100|[from] item: Rocky Helmet|[of] p1a: Tyrant's Enforcer
|-sideend|p2: raichu a luv songg|Spikes|[from] move: Rapid Spin|[of] p2a: Great Tusk
|
|-weather|RainDance|[upkeep]
|upkeep
|turn|6
|
|t:|1757871750
|move|p1a: Tyrant's Enforcer|Spikes|p2a: Great Tusk
|-sidestart|p2: raichu a luv songg|Spikes
|move|p2a: Great Tusk|Headlong Rush|p1a: Tyrant's Enforcer
|-supereffective|p1a: Tyrant's Enforcer
|-damage|p1a: Tyrant's Enforcer|0 fnt
|-unboost|p2a: Great Tusk|def|1
|-unboost|p2a: Great Tusk|spd|1
|-damage|p2a: Great Tusk|41/100|[from] item: Rocky Helmet|[of] p1a: Tyrant's Enforcer
|faint|p1a: Tyrant's Enforcer
|
|-weather|RainDance|[upkeep]
|upkeep
|
|t:|1757871761
|switch|p1a: Tyrant's Vengeance|Kingdra, F|100/100
|-damage|p1a: Tyrant's Vengeance|88/100|[from] Stealth Rock
|turn|7
|
|t:|1757871765
|-end|p2a: Great Tusk|Protosynthesis|[silent]
|switch|p2a: Hoopa|Hoopa-Unbound|4/100
|-damage|p2a: Hoopa|0 fnt|[from] Spikes
|faint|p2a: Hoopa
|move|p1a: Tyrant's Vengeance|Weather Ball|p2: Hoopa|[notarget]
|-fail|p1a: Tyrant's Vengeance
|
|-weather|RainDance|[upkeep]
|upkeep
|
|t:|1757871770
|switch|p2a: Dondozo|Dondozo, M|100/100
|-damage|p2a: Dondozo|88/100|[from] Spikes
|turn|8
|
|t:|1757871775
|move|p1a: Tyrant's Vengeance|Weather Ball|p2a: Dondozo
|-resisted|p2a: Dondozo
|-damage|p2a: Dondozo|49/100
|move|p2a: Dondozo|Curse|p2a: Dondozo
|-unboost|p2a: Dondozo|spe|1
|-boost|p2a: Dondozo|atk|1
|-boost|p2a: Dondozo|def|1
|
|-weather|none
|-heal|p2a: Dondozo|55/100|[from] item: Leftovers
|upkeep
|turn|9
|
|t:|1757871784
|switch|p1a: Tyrant's Downpour|Pelipper, F|31/100
|-damage|p1a: Tyrant's Downpour|6/100|[from] Stealth Rock
|-weather|RainDance|[from] ability: Drizzle|[of] p1a: Tyrant's Downpour
|move|p2a: Dondozo|Curse|p2a: Dondozo
|-unboost|p2a: Dondozo|spe|1
|-boost|p2a: Dondozo|atk|1
|-boost|p2a: Dondozo|def|1
|
|-weather|RainDance|[upkeep]
|-heal|p2a: Dondozo|61/100|[from] item: Leftovers
|upkeep
|turn|10
|
|t:|1757871795
|move|p1a: Tyrant's Downpour|Knock Off|p2a: Dondozo
|-damage|p2a: Dondozo|58/100
|-enditem|p2a: Dondozo|Leftovers|[from] move: Knock Off|[of] p1a: Tyrant's Downpour
|move|p2a: Dondozo|Body Press|p1a: Tyrant's Downpour
|-resisted|p1a: Tyrant's Downpour
|-damage|p1a: Tyrant's Downpour|0 fnt
|faint|p1a: Tyrant's Downpour
|
|-weather|RainDance|[upkeep]
|upkeep
|
|t:|1757871810
|switch|p1a: Tyrant's Vengeance|Kingdra, F|88/100
|-damage|p1a: Tyrant's Vengeance|76/100|[from] Stealth Rock
|turn|11
|
|t:|1757871815
|move|p2a: Dondozo|Protect|p2a: Dondozo
|-singleturn|p2a: Dondozo|Protect
|move|p1a: Tyrant's Vengeance|Weather Ball|p2a: Dondozo
|-activate|p2a: Dondozo|move: Protect
|
|-weather|RainDance|[upkeep]
|upkeep
|turn|12
|
|t:|1757871822
|move|p1a: Tyrant's Vengeance|Weather Ball|p2a: Dondozo
|-resisted|p2a: Dondozo
|-damage|p2a: Dondozo|17/100
|move|p2a: Dondozo|Body Press|p1a: Tyrant's Vengeance
|-damage|p1a: Tyrant's Vengeance|17/100
|
|-weather|RainDance|[upkeep]
|upkeep
|turn|13
|
|t:|1757871839
|move|p2a: Dondozo|Protect|p2a: Dondozo
|-singleturn|p2a: Dondozo|Protect
|move|p1a: Tyrant's Vengeance|Weather Ball|p2a: Dondozo
|-activate|p2a: Dondozo|move: Protect
|
|-weather|RainDance|[upkeep]
|upkeep
|turn|14
|
|t:|1757871847
|move|p2a: Dondozo|Protect||[still]
|-fail|p2a: Dondozo
|move|p1a: Tyrant's Vengeance|Weather Ball|p2a: Dondozo
|-resisted|p2a: Dondozo
|-damage|p2a: Dondozo|0 fnt
|faint|p2a: Dondozo
|
|-weather|RainDance|[upkeep]
|upkeep
|
|t:|1757871853
|switch|p2a: Dragonite|Dragonite, M|100/100
|turn|15
|
|t:|1757871856
|switch|p1a: King Tyrant|Tyranitar, F|100/100
|-damage|p1a: King Tyrant|88/100|[from] Stealth Rock
|-weather|Sandstorm|[from] ability: Sand Stream|[of] p1a: King Tyrant
|move|p2a: Dragonite|Roost||[still]
|-fail|p2a: Dragonite|heal
|
|-weather|Sandstorm|[upkeep]
|-damage|p2a: Dragonite|94/100|[from] Sandstorm
|upkeep
|turn|16
|
|t:|1757871869
|switch|p2a: Great Tusk|Great Tusk|41/100
|-damage|p2a: Great Tusk|29/100|[from] Spikes
|move|p1a: King Tyrant|Ice Beam|p2a: Great Tusk
|-supereffective|p2a: Great Tusk
|-damage|p2a: Great Tusk|0 fnt
|faint|p2a: Great Tusk
|-end|p2a: Great Tusk|Protosynthesis|[silent]
|
|-weather|Sandstorm|[upkeep]
|upkeep
|
|t:|1757871873
|switch|p2a: Blaziken|Blaziken, M|100/100
|-item|p2a: Blaziken|Air Balloon
|turn|17
|
|t:|1757871882
|switch|p1a: Tyrant's Vengeance|Kingdra, F|17/100
|-damage|p1a: Tyrant's Vengeance|4/100|[from] Stealth Rock
|move|p2a: Blaziken|Close Combat|p1a: Tyrant's Vengeance
|-damage|p1a: Tyrant's Vengeance|0 fnt
|-unboost|p2a: Blaziken|def|1
|-unboost|p2a: Blaziken|spd|1
|faint|p1a: Tyrant's Vengeance
|
|-weather|Sandstorm|[upkeep]
|-damage|p2a: Blaziken|95/100|[from] Sandstorm
|-ability|p2a: Blaziken|Speed Boost|boost
|-boost|p2a: Blaziken|spe|1
|upkeep
|
|t:|1757871896
|switch|p1a: Tyrant's Legacy|Excadrill, F|100/100
|-damage|p1a: Tyrant's Legacy|97/100|[from] Stealth Rock
|turn|18
|
|t:|1757871904
|switch|p2a: Pecharunt|Pecharunt|100/100
|move|p1a: Tyrant's Legacy|Rock Slide|p2a: Pecharunt
|-damage|p2a: Pecharunt|83/100
|-damage|p1a: Tyrant's Legacy|88/100|[from] item: Life Orb
|
|-weather|Sandstorm|[upkeep]
|-damage|p2a: Pecharunt|77/100|[from] Sandstorm
|upkeep
|turn|19
|
|t:|1757871912
|move|p1a: Tyrant's Legacy|Earthquake|p2a: Pecharunt
|-supereffective|p2a: Pecharunt
|-damage|p2a: Pecharunt|0 fnt
|faint|p2a: Pecharunt
|-damage|p1a: Tyrant's Legacy|78/100|[from] item: Life Orb
|
|-weather|none
|upkeep
|
|t:|1757871916
|switch|p2a: Blaziken|Blaziken, M|95/100
|-item|p2a: Blaziken|Air Balloon
|turn|20
|
|t:|1757871925
|move|p1a: Tyrant's Legacy|Rapid Spin|p2a: Blaziken
|-damage|p2a: Blaziken|57/100
|-boost|p1a: Tyrant's Legacy|spe|1
|-enditem|p2a: Blaziken|Air Balloon
|-sideend|p1: kshuaib734|Stealth Rock|[from] move: Rapid Spin|[of] p1a: Tyrant's Legacy
|-damage|p1a: Tyrant's Legacy|68/100|[from] item: Life Orb
|move|p2a: Blaziken|Swords Dance|p2a: Blaziken
|-boost|p2a: Blaziken|atk|2
|
|-ability|p2a: Blaziken|Speed Boost|boost
|-boost|p2a: Blaziken|spe|1
|upkeep
|turn|21
|
|t:|1757871936
|switch|p2a: Dragonite|Dragonite, M|94/100
|move|p1a: Tyrant's Legacy|Earthquake|p2a: Dragonite
|-immune|p2a: Dragonite
|
|upkeep
|turn|22
|
|t:|1757871949
|-terastallize|p2a: Dragonite|Ground
|move|p1a: Tyrant's Legacy|Iron Head|p2a: Dragonite
|-damage|p2a: Dragonite|34/100
|-damage|p1a: Tyrant's Legacy|58/100|[from] item: Life Orb
|cant|p2a: Dragonite|flinch
|
|upkeep
|turn|23
|
|t:|1757871956
|move|p1a: Tyrant's Legacy|Earthquake|p2a: Dragonite
|-damage|p2a: Dragonite|0 fnt
|faint|p2a: Dragonite
|-damage|p1a: Tyrant's Legacy|48/100|[from] item: Life Orb
|
|upkeep
|-message|raichu a luv songg forfeited.
|
|win|kshuaib734
|raw|kshuaib734's rating: 1553 &rarr; <strong>1574</strong><br />(+21 for winning)
|raw|raichu a luv songg's rating: 1567 &rarr; <strong>1546</strong><br />(-21 for losing)
|l|☆raichu a luv songg
|player|p2|
|l|☆kshuaib734
|player|p1|
