|j|☆Charle_phate
|j|‽wwesucks
|t:|1757913310
|gametype|singles
|player|p1|Charle_phate|blue|1416
|player|p2|wwesucks|miku-ice|1428
|gen|9
|tier|[Gen 9] OU
|rated|
|rule|HP Percentage Mod: HP is shown in percentages
|rule|Endless Battle Clause: Forcing endless battles is banned
|rule|Species Clause: Limit one of each Pokémon
|rule|OHKO Clause: OHKO moves are banned
|rule|Evasion Items Clause: Evasion items are banned
|rule|Evasion Moves Clause: Evasion moves are banned
|rule|Evasion Abilities Clause: Evasion abilities are banned
|rule|Sleep Moves Clause: Sleep-inducing moves are banned
|clearpoke
|poke|p1|Serperior, M|
|poke|p1|Rotom-Wash|
|poke|p1|Zapdos|
|poke|p1|Heatran, F|
|poke|p1|Clefable, M|
|poke|p1|Landorus-Therian, M|
|poke|p2|Rotom-Wash|
|poke|p2|Blaziken, M|
|poke|p2|Sinistcha|
|poke|p2|Excadrill, M|
|poke|p2|Zamazenta-*|
|poke|p2|Tyranitar, F|
|teampreview
|inactive|Battle timer is ON: inactive players will automatically lose when time's up. (requested by Charle_phate)
|inactive|wwesucks also wants the timer to be on.
|
|t:|1757913319
|teamsize|p1|6
|teamsize|p2|6
|start
|switch|p1a: Rotom|Rotom-Wash|100/100
|switch|p2a: Rotom|Rotom-Wash|100/100
|turn|1
|
|t:|1757913325
|move|p2a: Rotom|Will-O-Wisp|p1a: Rotom
|-status|p1a: Rotom|brn
|move|p1a: Rotom|Charge Beam|p2a: Rotom
|-damage|p2a: Rotom|82/100
|
|-heal|p2a: Rotom|88/100|[from] item: Leftovers
|-damage|p1a: Rotom|94/100 brn|[from] brn
|upkeep
|turn|2
|
|t:|1757913329
|move|p2a: Rotom|Volt Switch|p1a: Rotom
|-damage|p1a: Rotom|67/100 brn
|
|t:|1757913333
|switch|p2a: Tyranitar|Tyranitar, F|100/100|[from] Volt Switch
|-weather|Sandstorm|[from] ability: Sand Stream|[of] p2a: Tyranitar
|move|p1a: Rotom|Charge Beam|p2a: Tyranitar
|-damage|p2a: Tyranitar|91/100
|
|-weather|Sandstorm|[upkeep]
|-damage|p1a: Rotom|61/100 brn|[from] Sandstorm
|-heal|p1a: Rotom|67/100 brn|[from] item: Leftovers
|-damage|p1a: Rotom|61/100 brn|[from] brn
|upkeep
|turn|3
|j| 56dgdfj
|
|t:|1757913340
|move|p1a: Rotom|Thunder Wave|p2a: Tyranitar|[miss]
|-miss|p1a: Rotom|p2a: Tyranitar
|move|p2a: Tyranitar|Knock Off|p1a: Rotom
|-damage|p1a: Rotom|13/100 brn
|-enditem|p1a: Rotom|Leftovers|[from] move: Knock Off|[of] p2a: Tyranitar
|
|-weather|Sandstorm|[upkeep]
|-damage|p1a: Rotom|7/100 brn|[from] Sandstorm
|-damage|p1a: Rotom|1/100 brn|[from] brn
|upkeep
|turn|4
|
|t:|1757913346
|switch|p2a: Rotom|Rotom-Wash|88/100
|move|p1a: Rotom|Pain Split|p2a: Rotom
|-sethp|p2a: Rotom|44/100|[from] move: Pain Split|[silent]
|-sethp|p1a: Rotom|56/100 brn|[from] move: Pain Split
|
|-weather|Sandstorm|[upkeep]
|-damage|p2a: Rotom|38/100|[from] Sandstorm
|-damage|p1a: Rotom|49/100 brn|[from] Sandstorm
|-heal|p2a: Rotom|44/100|[from] item: Leftovers
|-damage|p1a: Rotom|43/100 brn|[from] brn
|upkeep
|turn|5
|
|t:|1757913364
|move|p2a: Rotom|Volt Switch|p1a: Rotom
|-damage|p1a: Rotom|14/100 brn
|
|t:|1757913371
|switch|p2a: Sinistcha|Sinistcha|100/100|[from] Volt Switch
|move|p1a: Rotom|Pain Split|p2a: Sinistcha
|-sethp|p2a: Sinistcha|55/100|[from] move: Pain Split|[silent]
|-sethp|p1a: Rotom|79/100 brn|[from] move: Pain Split
|
|-weather|Sandstorm|[upkeep]
|-damage|p1a: Rotom|73/100 brn|[from] Sandstorm
|-damage|p2a: Sinistcha|49/100|[from] Sandstorm
|-damage|p1a: Rotom|66/100 brn|[from] brn
|upkeep
|turn|6
|
|t:|1757913379
|move|p1a: Rotom|Thunder Wave|p2a: Sinistcha
|-status|p2a: Sinistcha|par
|move|p2a: Sinistcha|Matcha Gotcha|p1a: Rotom
|-supereffective|p1a: Rotom
|-damage|p1a: Rotom|0 fnt
|-heal|p2a: Sinistcha|72/100 par|[from] drain|[of] p1a: Rotom
|faint|p1a: Rotom
|
|-weather|Sandstorm|[upkeep]
|-damage|p2a: Sinistcha|66/100 par|[from] Sandstorm
|upkeep
|
|t:|1757913392
|switch|p1a: Heatran|Heatran, F|100/100
|turn|7
|
|t:|1757913398
|switch|p2a: Rotom|Rotom-Wash|44/100
|move|p1a: Heatran|Substitute|p1a: Heatran
|-start|p1a: Heatran|Substitute
|-damage|p1a: Heatran|76/100
|
|-weather|Sandstorm|[upkeep]
|-damage|p2a: Rotom|38/100|[from] Sandstorm
|-heal|p2a: Rotom|44/100|[from] item: Leftovers
|-heal|p1a: Heatran|82/100|[from] item: Leftovers
|upkeep
|turn|8
|
|t:|1757913402
|move|p2a: Rotom|Hydro Pump|p1a: Heatran
|-supereffective|p1a: Heatran
|-end|p1a: Heatran|Substitute
|move|p1a: Heatran|Ancient Power|p2a: Rotom
|-damage|p2a: Rotom|32/100
|
|-weather|Sandstorm|[upkeep]
|-damage|p2a: Rotom|26/100|[from] Sandstorm
|-heal|p2a: Rotom|32/100|[from] item: Leftovers
|-heal|p1a: Heatran|88/100|[from] item: Leftovers
|upkeep
|turn|9
|
|t:|1757913409
|move|p2a: Rotom|Pain Split|p1a: Heatran
|-sethp|p1a: Heatran|56/100|[from] move: Pain Split|[silent]
|-sethp|p2a: Rotom|72/100|[from] move: Pain Split
|move|p1a: Heatran|Ancient Power|p2a: Rotom
|-damage|p2a: Rotom|58/100
|
|-weather|none
|-heal|p2a: Rotom|64/100|[from] item: Leftovers
|-heal|p1a: Heatran|63/100|[from] item: Leftovers
|upkeep
|turn|10
|
|t:|1757913418
|move|p2a: Rotom|Hydro Pump|p1a: Heatran
|-supereffective|p1a: Heatran
|-damage|p1a: Heatran|14/100
|move|p1a: Heatran|Ancient Power|p2a: Rotom
|-damage|p2a: Rotom|50/100
|
|-heal|p2a: Rotom|56/100|[from] item: Leftovers
|-heal|p1a: Heatran|20/100|[from] item: Leftovers
|upkeep
|turn|11
|
|t:|1757913423
|switch|p1a: Zapdos|Zapdos|100/100
|move|p2a: Rotom|Volt Switch|p1a: Zapdos
|-damage|p1a: Zapdos|77/100
|
|t:|1757913427
|switch|p2a: Tyranitar|Tyranitar, F|91/100|[from] Volt Switch
|-weather|Sandstorm|[from] ability: Sand Stream|[of] p2a: Tyranitar
|
|-weather|Sandstorm|[upkeep]
|-damage|p1a: Zapdos|71/100|[from] Sandstorm
|-heal|p1a: Zapdos|77/100|[from] item: Leftovers
|upkeep
|turn|12
|
|t:|1757913434
|switch|p1a: Landorus|Landorus-Therian, M|100/100
|-ability|p1a: Landorus|Intimidate|boost
|-unboost|p2a: Tyranitar|atk|1
|move|p2a: Tyranitar|Stealth Rock|p1a: Landorus
|-sidestart|p1: Charle_phate|move: Stealth Rock
|
|-weather|Sandstorm|[upkeep]
|upkeep
|turn|13
|
|t:|1757913444
|switch|p2a: Rotom|Rotom-Wash|56/100
|move|p1a: Landorus|Swords Dance|p1a: Landorus
|-boost|p1a: Landorus|atk|2
|
|-weather|Sandstorm|[upkeep]
|-damage|p2a: Rotom|50/100|[from] Sandstorm
|-heal|p2a: Rotom|56/100|[from] item: Leftovers
|upkeep
|turn|14
|
|t:|1757913449
|move|p1a: Landorus|Stone Edge|p2a: Rotom
|-damage|p2a: Rotom|0 fnt
|faint|p2a: Rotom
|-damage|p1a: Landorus|90/100|[from] item: Life Orb
|
|-weather|Sandstorm|[upkeep]
|upkeep
|
|t:|1757913453
|switch|p2a: Excadrill|Excadrill, M|100/100
|turn|15
|
|t:|1757913457
|-terastallize|p2a: Excadrill|Ice
|move|p2a: Excadrill|Tera Blast|p1a: Landorus|[anim] Tera Blast Ice
|-supereffective|p1a: Landorus
|-damage|p1a: Landorus|0 fnt
|faint|p1a: Landorus
|
|-weather|Sandstorm|[upkeep]
|upkeep
|
|t:|1757913478
|switch|p1a: Zapdos|Zapdos|77/100
|-damage|p1a: Zapdos|52/100|[from] Stealth Rock
|turn|16
|
|t:|1757913484
|move|p2a: Excadrill|Tera Blast|p1a: Zapdos|[anim] Tera Blast Ice
|-supereffective|p1a: Zapdos
|-damage|p1a: Zapdos|0 fnt
|faint|p1a: Zapdos
|
|-weather|Sandstorm|[upkeep]
|upkeep
|
|t:|1757913488
|switch|p1a: Heatran|Heatran, F|20/100
|-damage|p1a: Heatran|8/100|[from] Stealth Rock
|turn|17
|
|t:|1757913494
|move|p2a: Excadrill|Earthquake|p1a: Heatran
|-supereffective|p1a: Heatran
|-damage|p1a: Heatran|0 fnt
|faint|p1a: Heatran
|
|-weather|Sandstorm|[upkeep]
|upkeep
|
|t:|1757913497
|switch|p1a: Serperior|Serperior, M|100/100
|-damage|p1a: Serperior|88/100|[from] Stealth Rock
|turn|18
|
|t:|1757913500
|-terastallize|p1a: Serperior|Fire
|move|p2a: Excadrill|Tera Blast|p1a: Serperior|[anim] Tera Blast Ice
|-resisted|p1a: Serperior
|-damage|p1a: Serperior|59/100
|move|p1a: Serperior|Glare|p2a: Excadrill
|-status|p2a: Excadrill|par
|
|-weather|none
|-heal|p1a: Serperior|66/100|[from] item: Leftovers
|upkeep
|turn|19
|
|t:|1757913508
|move|p1a: Serperior|Substitute|p1a: Serperior
|-start|p1a: Serperior|Substitute
|-damage|p1a: Serperior|41/100
|move|p2a: Excadrill|Earthquake|p1a: Serperior
|-supereffective|p1a: Serperior
|-end|p1a: Serperior|Substitute
|
|-heal|p1a: Serperior|47/100|[from] item: Leftovers
|upkeep
|turn|20
|
|t:|1757913517
|move|p1a: Serperior|Substitute|p1a: Serperior
|-start|p1a: Serperior|Substitute
|-damage|p1a: Serperior|22/100
|move|p2a: Excadrill|Earthquake|p1a: Serperior
|-supereffective|p1a: Serperior
|-end|p1a: Serperior|Substitute
|
|-heal|p1a: Serperior|28/100|[from] item: Leftovers
|upkeep
|turn|21
|
|t:|1757913523
|switch|p2a: Tyranitar|Tyranitar, F|91/100
|-weather|Sandstorm|[from] ability: Sand Stream|[of] p2a: Tyranitar
|move|p1a: Serperior|Substitute|p1a: Serperior
|-start|p1a: Serperior|Substitute
|-damage|p1a: Serperior|3/100
|
|-weather|Sandstorm|[upkeep]
|-damage|p1a: Serperior|0 fnt|[from] Sandstorm
|faint|p1a: Serperior
|upkeep
|
|t:|1757913527
|switch|p1a: Clefable|Clefable, M|100/100
|turn|22
|
|t:|1757913535
|switch|p2a: Excadrill|Excadrill, M, tera:Ice|100/100 par
|move|p1a: Clefable|Cosmic Power|p1a: Clefable
|-boost|p1a: Clefable|def|1
|-boost|p1a: Clefable|spd|1
|
|-weather|Sandstorm|[upkeep]
|upkeep
|turn|23
|
|t:|1757913539
|move|p2a: Excadrill|Iron Head|p1a: Clefable
|-supereffective|p1a: Clefable
|-damage|p1a: Clefable|44/100
|move|p1a: Clefable|Cosmic Power|p1a: Clefable
|-boost|p1a: Clefable|def|1
|-boost|p1a: Clefable|spd|1
|
|-weather|Sandstorm|[upkeep]
|-heal|p1a: Clefable|50/100|[from] item: Leftovers
|upkeep
|turn|24
|
|t:|1757913555
|move|p2a: Excadrill|Iron Head|p1a: Clefable
|-supereffective|p1a: Clefable
|-damage|p1a: Clefable|12/100
|move|p1a: Clefable|Charge Beam|p2a: Excadrill
|-damage|p2a: Excadrill|84/100 par
|
|-weather|Sandstorm|[upkeep]
|-heal|p2a: Excadrill|91/100 par|[from] item: Leftovers
|-heal|p1a: Clefable|18/100|[from] item: Leftovers
|upkeep
|turn|25
|
|t:|1757913561
|move|p2a: Excadrill|Iron Head|p1a: Clefable
|-supereffective|p1a: Clefable
|-damage|p1a: Clefable|0 fnt
|faint|p1a: Clefable
|
|win|wwesucks
|raw|Charle_phate's rating: 1416 &rarr; <strong>1397</strong><br />(-19 for losing)
|raw|wwesucks's rating: 1428 &rarr; <strong>1447</strong><br />(+19 for winning)
|l|☆Charle_phate
|player|p1|
|l|‽wwesucks
|player|p2|
|l| 56dgdfj
