|j|☆omari p
|j|☆Acastillo631
|t:|1757809489
|gametype|singles
|player|p1|omari p|pokemonrangerf|1617
|player|p2|Acastillo631|silver|1764
|gen|9
|tier|[Gen 9] OU
|rated|
|rule|HP Percentage Mod: HP is shown in percentages
|rule|Endless Battle Clause: Forcing endless battles is banned
|rule|Species Clause: Limit one of each Pokémon
|rule|OHKO Clause: OHKO moves are banned
|rule|Evasion Items Clause: Evasion items are banned
|rule|Evasion Moves Clause: Evasion moves are banned
|rule|Evasion Abilities Clause: Evasion abilities are banned
|rule|Sleep Moves Clause: Sleep-inducing moves are banned
|clearpoke
|poke|p1|Ting-Lu|
|poke|p1|Glastrier|
|poke|p1|Thundurus-Therian, M|
|poke|p1|Cinderace, M|
|poke|p1|Latios, M|
|poke|p1|Corviknight, M|
|poke|p2|Iron Valiant|
|poke|p2|Tyranitar, M|
|poke|p2|Corviknight, M|
|poke|p2|Sinistcha|
|poke|p2|Keldeo-Resolute|
|poke|p2|Muk-Alola, F|
|teampreview
|inactive|Battle timer is ON: inactive players will automatically lose when time's up. (requested by Acastillo631)
|j| heatraniac
|
|t:|1757809500
|teamsize|p1|6
|teamsize|p2|6
|start
|switch|p1a: Ting-Lu|Ting-Lu|100/100
|switch|p2a: Spiral Pegasus|Keldeo-Resolute|100/100
|-ability|p1a: Ting-Lu|Vessel of Ruin
|turn|1
|
|t:|1757809505
|move|p2a: Spiral Pegasus|Surf|p1a: Ting-Lu
|-supereffective|p1a: Ting-Lu
|-damage|p1a: Ting-Lu|47/100
|-enditem|p1a: Ting-Lu|Weakness Policy
|-boost|p1a: Ting-Lu|atk|2|[from] item: Weakness Policy
|-boost|p1a: Ting-Lu|spa|2|[from] item: Weakness Policy
|move|p1a: Ting-Lu|Earthquake|p2a: Spiral Pegasus
|-damage|p2a: Spiral Pegasus|0 fnt
|faint|p2a: Spiral Pegasus
|
|upkeep
|
|t:|1757809522
|switch|p2a: Wind Crowrang|Corviknight, M|100/100
|turn|2
|
|t:|1757809536
|move|p2a: Wind Crowrang|U-turn|p1a: Ting-Lu
|-supereffective|p1a: Ting-Lu
|-damage|p1a: Ting-Lu|32/100
|
|t:|1757809538
|switch|p2a: Sage Harpuia|Iron Valiant|100/100|[from] U-turn
|-enditem|p2a: Sage Harpuia|Booster Energy
|-activate|p2a: Sage Harpuia|ability: Quark Drive|[fromitem]
|-start|p2a: Sage Harpuia|quarkdrivespe
|move|p1a: Ting-Lu|Stealth Rock|p2a: Sage Harpuia
|-sidestart|p2: Acastillo631|move: Stealth Rock
|
|upkeep
|turn|3
|
|t:|1757809542
|move|p2a: Sage Harpuia|Moonblast|p1a: Ting-Lu
|-supereffective|p1a: Ting-Lu
|-damage|p1a: Ting-Lu|0 fnt
|faint|p1a: Ting-Lu
|
|upkeep
|
|t:|1757809545
|switch|p1a: Cinderace|Cinderace, M|100/100
|turn|4
|j| 54 Insane Rats
|
|t:|1757809548
|move|p2a: Sage Harpuia|Moonblast|p1a: Cinderace
|-resisted|p1a: Cinderace
|-damage|p1a: Cinderace|61/100
|-unboost|p1a: Cinderace|spa|1
|move|p1a: Cinderace|Pyro Ball|p2a: Sage Harpuia
|-damage|p2a: Sage Harpuia|0 fnt
|faint|p2a: Sage Harpuia
|-end|p2a: Sage Harpuia|Quark Drive|[silent]
|
|upkeep
|
|t:|1757809556
|switch|p2a: Wire Sponge|Sinistcha|100/100
|turn|5
|
|t:|1757809563
|switch|p1a: Latios|Latios, M|100/100
|move|p2a: Wire Sponge|Strength Sap|p1a: Latios
|-unboost|p1a: Latios|atk|1
|
|upkeep
|turn|6
|
|t:|1757809566
|switch|p2a: Muk|Muk-Alola, F|100/100
|-damage|p2a: Muk|88/100|[from] Stealth Rock
|move|p1a: Latios|Trick|p2a: Muk
|-activate|p1a: Latios|move: Trick|[of] p2a: Muk
|-item|p2a: Muk|Choice Scarf|[from] move: Trick
|-item|p1a: Latios|Leftovers|[from] move: Trick
|
|upkeep
|turn|7
|
|t:|1757809573
|switch|p1a: Corviknight|Corviknight, M|100/100
|-ability|p1a: Corviknight|Pressure
|move|p2a: Muk|Knock Off|p1a: Corviknight
|-damage|p1a: Corviknight|73/100
|-damage|p2a: Muk|72/100|[from] item: Rocky Helmet|[of] p1a: Corviknight
|-enditem|p1a: Corviknight|Rocky Helmet|[from] move: Knock Off|[of] p2a: Muk
|
|upkeep
|turn|8
|
|t:|1757809581
|switch|p2a: Wire Sponge|Sinistcha|100/100
|move|p1a: Corviknight|Iron Defense|p1a: Corviknight
|-boost|p1a: Corviknight|def|2
|
|upkeep
|turn|9
|
|t:|1757809585
|switch|p1a: Latios|Latios, M|100/100
|move|p2a: Wire Sponge|Shadow Ball|p1a: Latios
|-supereffective|p1a: Latios
|-damage|p1a: Latios|29/100
|
|-heal|p1a: Latios|35/100|[from] item: Leftovers
|upkeep
|turn|10
|
|t:|1757809589
|switch|p2a: Eregion|Tyranitar, M|100/100
|-damage|p2a: Eregion|88/100|[from] Stealth Rock
|-weather|Sandstorm|[from] ability: Sand Stream|[of] p2a: Eregion
|move|p1a: Latios|Ice Beam|p2a: Eregion
|-damage|p2a: Eregion|76/100
|
|-weather|Sandstorm|[upkeep]
|-damage|p1a: Latios|29/100|[from] Sandstorm
|-heal|p1a: Latios|35/100|[from] item: Leftovers
|-heal|p2a: Eregion|82/100|[from] item: Leftovers
|upkeep
|turn|11
|
|t:|1757809593
|switch|p1a: Corviknight|Corviknight, M|73/100
|-ability|p1a: Corviknight|Pressure
|move|p2a: Eregion|Stealth Rock|p1a: Corviknight
|-sidestart|p1: omari p|move: Stealth Rock
|
|-weather|Sandstorm|[upkeep]
|-heal|p2a: Eregion|88/100|[from] item: Leftovers
|upkeep
|turn|12
|
|t:|1757809597
|switch|p2a: Wire Sponge|Sinistcha|100/100
|move|p1a: Corviknight|Defog|p2a: Wire Sponge
|-unboost|p2a: Wire Sponge|evasion|1
|-sideend|p2: Acastillo631|Stealth Rock|[from] move: Defog|[of] p1a: Corviknight
|-sideend|p1: omari p|Stealth Rock|[from] move: Defog|[of] p1a: Corviknight
|
|-weather|Sandstorm|[upkeep]
|-damage|p2a: Wire Sponge|94/100|[from] Sandstorm
|upkeep
|turn|13
|
|t:|1757809601
|switch|p1a: Cinderace|Cinderace, M|61/100
|move|p2a: Wire Sponge|Shadow Ball|p1a: Cinderace
|-damage|p1a: Cinderace|7/100
|
|-weather|Sandstorm|[upkeep]
|-damage|p1a: Cinderace|1/100|[from] Sandstorm
|-damage|p2a: Wire Sponge|88/100|[from] Sandstorm
|upkeep
|turn|14
|
|t:|1757809603
|move|p1a: Cinderace|Pyro Ball|p2a: Wire Sponge
|-supereffective|p2a: Wire Sponge
|-damage|p2a: Wire Sponge|34/100
|move|p2a: Wire Sponge|Strength Sap|p1a: Cinderace
|-unboost|p1a: Cinderace|atk|1
|-heal|p2a: Wire Sponge|100/100
|
|-weather|none
|upkeep
|turn|15
|
|t:|1757809607
|move|p1a: Cinderace|Pyro Ball|p2a: Wire Sponge
|-supereffective|p2a: Wire Sponge
|-damage|p2a: Wire Sponge|62/100
|move|p2a: Wire Sponge|Calm Mind|p2a: Wire Sponge
|-boost|p2a: Wire Sponge|spa|1
|-boost|p2a: Wire Sponge|spd|1
|
|upkeep
|turn|16
|
|t:|1757809609
|move|p1a: Cinderace|Pyro Ball|p2a: Wire Sponge
|-supereffective|p2a: Wire Sponge
|-damage|p2a: Wire Sponge|24/100
|move|p2a: Wire Sponge|Strength Sap|p1a: Cinderace
|-unboost|p1a: Cinderace|atk|1
|-heal|p2a: Wire Sponge|94/100
|
|upkeep
|turn|17
|
|t:|1757809611
|move|p1a: Cinderace|Pyro Ball|p2a: Wire Sponge
|-supereffective|p2a: Wire Sponge
|-damage|p2a: Wire Sponge|64/100
|move|p2a: Wire Sponge|Shadow Ball|p1a: Cinderace
|-damage|p1a: Cinderace|0 fnt
|faint|p1a: Cinderace
|
|upkeep
|
|t:|1757809616
|switch|p1a: Latios|Latios, M|35/100
|turn|18
|
|t:|1757809642
|switch|p2a: Muk|Muk-Alola, F|72/100
|move|p1a: Latios|Ice Beam|p2a: Muk
|-damage|p2a: Muk|52/100
|-status|p2a: Muk|frz
|
|-heal|p1a: Latios|41/100|[from] item: Leftovers
|upkeep
|turn|19
|
|t:|1757809654
|move|p1a: Latios|Ice Beam|p2a: Muk
|-damage|p2a: Muk|35/100 frz
|-curestatus|p2a: Muk|frz|[msg]
|move|p2a: Muk|Knock Off|p1a: Latios
|-supereffective|p1a: Latios
|-damage|p1a: Latios|0 fnt
|-enditem|p1a: Latios|Leftovers|[from] move: Knock Off|[of] p2a: Muk
|faint|p1a: Latios
|
|upkeep
|
|t:|1757809657
|switch|p1a: Glastrier|Glastrier|100/100
|turn|20
|
|t:|1757809662
|move|p2a: Muk|Knock Off|p1a: Glastrier
|-crit|p1a: Glastrier
|-damage|p1a: Glastrier|66/100
|-enditem|p1a: Glastrier|Leftovers|[from] move: Knock Off|[of] p2a: Muk
|move|p1a: Glastrier|Swords Dance|p1a: Glastrier
|-boost|p1a: Glastrier|atk|2
|
|upkeep
|turn|21
|
|t:|1757809667
|move|p2a: Muk|Knock Off|p1a: Glastrier
|-damage|p1a: Glastrier|49/100
|move|p1a: Glastrier|Icicle Crash|p2a: Muk|[miss]
|-miss|p1a: Glastrier|p2a: Muk
|
|upkeep
|turn|22
|
|t:|1757809677
|move|p2a: Muk|Knock Off|p1a: Glastrier
|-damage|p1a: Glastrier|33/100
|-status|p1a: Glastrier|psn|[from] ability: Poison Touch|[of] p2a: Muk
|move|p1a: Glastrier|Icicle Crash|p2a: Muk
|-damage|p2a: Muk|0 fnt
|faint|p2a: Muk
|-ability|p1a: Glastrier|Chilling Neigh|boost
|-boost|p1a: Glastrier|atk|1
|
|-damage|p1a: Glastrier|20/100 psn|[from] psn
|upkeep
|
|t:|1757809688
|switch|p2a: Wind Crowrang|Corviknight, M|100/100
|turn|23
|
|t:|1757809691
|move|p2a: Wind Crowrang|Brave Bird|p1a: Glastrier
|-damage|p1a: Glastrier|0 fnt
|faint|p1a: Glastrier
|-damage|p2a: Wind Crowrang|94/100|[from] Recoil
|
|upkeep
|
|t:|1757809693
|switch|p1a: Thundurus|Thundurus-Therian, M|100/100
|turn|24
|
|t:|1757809697
|move|p1a: Thundurus|Nasty Plot|p1a: Thundurus
|-boost|p1a: Thundurus|spa|2
|move|p2a: Wind Crowrang|U-turn|p1a: Thundurus
|-resisted|p1a: Thundurus
|-damage|p1a: Thundurus|91/100
|
|t:|1757809700
|switch|p2a: Eregion|Tyranitar, M|88/100|[from] U-turn
|-weather|Sandstorm|[from] ability: Sand Stream|[of] p2a: Eregion
|
|-weather|Sandstorm|[upkeep]
|-damage|p1a: Thundurus|84/100|[from] Sandstorm
|-heal|p1a: Thundurus|91/100|[from] item: Leftovers
|-heal|p2a: Eregion|95/100|[from] item: Leftovers
|upkeep
|turn|25
|
|t:|1757809705
|move|p1a: Thundurus|Focus Blast|p2a: Eregion
|-supereffective|p2a: Eregion
|-damage|p2a: Eregion|0 fnt
|faint|p2a: Eregion
|
|-weather|Sandstorm|[upkeep]
|-damage|p1a: Thundurus|84/100|[from] Sandstorm
|-heal|p1a: Thundurus|91/100|[from] item: Leftovers
|upkeep
|
|t:|1757809711
|switch|p2a: Wire Sponge|Sinistcha|64/100
|turn|26
|
|t:|1757809713
|switch|p2a: Wind Crowrang|Corviknight, M|94/100
|move|p1a: Thundurus|Thunderbolt|p2a: Wind Crowrang
|-supereffective|p2a: Wind Crowrang
|-damage|p2a: Wind Crowrang|0 fnt
|faint|p2a: Wind Crowrang
|
|-weather|Sandstorm|[upkeep]
|-damage|p1a: Thundurus|84/100|[from] Sandstorm
|-heal|p1a: Thundurus|91/100|[from] item: Leftovers
|upkeep
|c|☆omari p|?
|
|t:|1757809720
|switch|p2a: Wire Sponge|Sinistcha|64/100
|turn|27
|
|t:|1757809723
|move|p1a: Thundurus|Thunderbolt|p2a: Wire Sponge
|-resisted|p2a: Wire Sponge
|-damage|p2a: Wire Sponge|4/100
|move|p2a: Wire Sponge|Strength Sap|p1a: Thundurus
|-unboost|p1a: Thundurus|atk|1
|-heal|p2a: Wire Sponge|60/100
|
|-weather|Sandstorm|[upkeep]
|-damage|p1a: Thundurus|84/100|[from] Sandstorm
|-damage|p2a: Wire Sponge|54/100|[from] Sandstorm
|-heal|p1a: Thundurus|91/100|[from] item: Leftovers
|upkeep
|turn|28
|-message|Acastillo631 forfeited.
|
|win|omari p
|raw|omari p's rating: 1617 &rarr; <strong>1645</strong><br />(+28 for winning)
|raw|Acastillo631's rating: 1764 &rarr; <strong>1736</strong><br />(-28 for losing)
|l|☆Acastillo631
|player|p2|
|l| 54 Insane Rats
|l| heatraniac
|j| heatraniac
|l| heatraniac
|j| heatraniac
|l| heatraniac
|j| 54 Insane Rats
