|j|☆Loftwing1000
|j|☆TheHugeCheese
|t:|1757958083
|gametype|singles
|player|p1|Loftwing1000|1|1105
|player|p2|TheHugeCheese|cynthia-masters|1046
|gen|9
|tier|[Gen 9] OU
|rated|
|rule|HP Percentage Mod: HP is shown in percentages
|rule|Endless Battle Clause: Forcing endless battles is banned
|rule|Species Clause: Limit one of each Pokémon
|rule|OHKO Clause: OHKO moves are banned
|rule|Evasion Items Clause: Evasion items are banned
|rule|Evasion Moves Clause: Evasion moves are banned
|rule|Evasion Abilities Clause: Evasion abilities are banned
|rule|Sleep Moves Clause: Sleep-inducing moves are banned
|clearpoke
|poke|p1|Dragonite, F|
|poke|p1|Malamar, M|
|poke|p1|Clodsire, F|
|poke|p1|Coalossal, F|
|poke|p1|Serperior, F|
|poke|p1|Azumarill, F|
|poke|p2|Araquanid, M|
|poke|p2|Scizor, F|
|poke|p2|Yanmega, M|
|poke|p2|Ribombee, M|
|poke|p2|Kleavor, M|
|poke|p2|Volbeat, M|
|teampreview
|inactive|Battle timer is ON: inactive players will automatically lose when time's up. (requested by TheHugeCheese)
|inactive|Loftwing1000 has 120 seconds left.
|inactive|Loftwing1000 has 90 seconds left.
|
|t:|1757958193
|teamsize|p1|6
|teamsize|p2|6
|start
|switch|p1a: Malamar|Malamar, M|100/100
|switch|p2a: Volbeat|Volbeat, M|100/100
|turn|1
|
|t:|1757958201
|move|p2a: Volbeat|Bug Buzz|p1a: Malamar
|-supereffective|p1a: Malamar
|-damage|p1a: Malamar|0 fnt
|faint|p1a: Malamar
|
|upkeep
|
|t:|1757958210
|switch|p1a: Azumarill|Azumarill, F|100/100
|turn|2
|
|t:|1757958213
|move|p2a: Volbeat|Thunder Wave|p1a: Azumarill
|-status|p1a: Azumarill|par
|move|p1a: Azumarill|Knock Off|p2a: Volbeat
|-damage|p2a: Volbeat|49/100
|-enditem|p2a: Volbeat|Leftovers|[from] move: Knock Off|[of] p1a: Azumarill
|
|upkeep
|turn|3
|
|t:|1757958238
|switch|p2a: Araquanid|Araquanid, M|100/100
|cant|p1a: Azumarill|par
|
|upkeep
|turn|4
|
|t:|1757958244
|move|p2a: Araquanid|Sticky Web|p1a: Azumarill
|-sidestart|p1: Loftwing1000|move: Sticky Web
|cant|p1a: Azumarill|par
|
|upkeep
|turn|5
|
|t:|1757958249
|move|p2a: Araquanid|Liquidation|p1a: Azumarill
|-resisted|p1a: Azumarill
|-damage|p1a: Azumarill|68/100 par
|-unboost|p1a: Azumarill|def|1
|cant|p1a: Azumarill|par
|
|upkeep
|turn|6
|
|t:|1757958255
|move|p2a: Araquanid|Liquidation|p1a: Azumarill
|-resisted|p1a: Azumarill
|-damage|p1a: Azumarill|22/100 par
|move|p1a: Azumarill|Play Rough|p2a: Araquanid
|-damage|p2a: Araquanid|44/100
|
|-heal|p2a: Araquanid|50/100|[from] item: Leftovers
|upkeep
|turn|7
|
|t:|1757958264
|move|p2a: Araquanid|Leech Life|p1a: Azumarill
|-resisted|p1a: Azumarill
|-damage|p1a: Azumarill|0 fnt
|-heal|p2a: Araquanid|63/100|[from] drain|[of] p1a: Azumarill
|faint|p1a: Azumarill
|
|-heal|p2a: Araquanid|69/100|[from] item: Leftovers
|upkeep
|
|t:|1757958271
|switch|p1a: Coalossal|Coalossal, F|100/100
|-activate|p1a: Coalossal|move: Sticky Web
|-unboost|p1a: Coalossal|spe|1
|turn|8
|
|t:|1757958279
|-terastallize|p1a: Coalossal|Water
|move|p2a: Araquanid|Liquidation|p1a: Coalossal
|-resisted|p1a: Coalossal
|-damage|p1a: Coalossal|77/100
|-ability|p1a: Coalossal|Steam Engine|boost
|-boost|p1a: Coalossal|spe|6
|move|p1a: Coalossal|Meteor Beam||[still]
|-prepare|p1a: Coalossal|Meteor Beam
|-boost|p1a: Coalossal|spa|1
|-enditem|p1a: Coalossal|Power Herb
|-anim|p1a: Coalossal|Meteor Beam|p2a: Araquanid
|-supereffective|p2a: Araquanid
|-damage|p2a: Araquanid|0 fnt
|faint|p2a: Araquanid
|
|upkeep
|
|t:|1757958284
|switch|p2a: Volbeat|Volbeat, M|49/100
|turn|9
|
|t:|1757958294
|move|p2a: Volbeat|Thunder Wave|p1a: Coalossal
|-status|p1a: Coalossal|par
|move|p1a: Coalossal|Flamethrower|p2a: Volbeat
|-supereffective|p2a: Volbeat
|-crit|p2a: Volbeat
|-damage|p2a: Volbeat|0 fnt
|faint|p2a: Volbeat
|
|upkeep
|
|t:|1757958319
|switch|p2a: Scizor|Scizor, F|100/100
|turn|10
|
|t:|1757958324
|-terastallize|p2a: Scizor|Water
|move|p1a: Coalossal|Flamethrower|p2a: Scizor
|-resisted|p2a: Scizor
|-damage|p2a: Scizor|69/100
|move|p2a: Scizor|Close Combat|p1a: Coalossal
|-damage|p1a: Coalossal|27/100 par
|-unboost|p2a: Scizor|def|1
|-unboost|p2a: Scizor|spd|1
|
|upkeep
|turn|11
|
|t:|1757958335
|cant|p1a: Coalossal|par
|move|p2a: Scizor|Close Combat|p1a: Coalossal
|-damage|p1a: Coalossal|0 fnt
|-unboost|p2a: Scizor|def|1
|-unboost|p2a: Scizor|spd|1
|faint|p1a: Coalossal
|
|upkeep
|
|t:|1757958342
|switch|p1a: Serperior|Serperior, F|100/100
|-activate|p1a: Serperior|move: Sticky Web
|-boost|p1a: Serperior|spe|1
|turn|12
|
|t:|1757958350
|move|p1a: Serperior|Leaf Storm|p2a: Scizor
|-supereffective|p2a: Scizor
|-damage|p2a: Scizor|0 fnt
|-boost|p1a: Serperior|spa|2
|faint|p2a: Scizor
|
|upkeep
|
|t:|1757958361
|switch|p2a: Yanmega|Yanmega, M, shiny|100/100
|turn|13
|
|t:|1757958370
|move|p1a: Serperior|Dragon Pulse|p2a: Yanmega
|-damage|p2a: Yanmega|58/100
|move|p2a: Yanmega|Air Slash|p1a: Serperior|[miss]
|-miss|p2a: Yanmega|p1a: Serperior
|
|-ability|p2a: Yanmega|Speed Boost|boost
|-boost|p2a: Yanmega|spe|1
|upkeep
|turn|14
|
|t:|1757958377
|move|p2a: Yanmega|Protect|p2a: Yanmega
|-singleturn|p2a: Yanmega|Protect
|move|p1a: Serperior|Dragon Pulse|p2a: Yanmega
|-activate|p2a: Yanmega|move: Protect
|
|-ability|p2a: Yanmega|Speed Boost|boost
|-boost|p2a: Yanmega|spe|1
|upkeep
|turn|15
|
|t:|1757958385
|move|p1a: Serperior|Dragon Pulse|p2a: Yanmega
|-damage|p2a: Yanmega|13/100
|move|p2a: Yanmega|Bug Buzz|p1a: Serperior
|-supereffective|p1a: Serperior
|-damage|p1a: Serperior|0 fnt
|faint|p1a: Serperior
|-damage|p2a: Yanmega|3/100|[from] item: Life Orb
|
|-ability|p2a: Yanmega|Speed Boost|boost
|-boost|p2a: Yanmega|spe|1
|upkeep
|
|t:|1757958395
|switch|p1a: Dragonite|Dragonite, F|100/100
|turn|16
|
|t:|1757958400
|move|p1a: Dragonite|Extreme Speed|p2a: Yanmega
|-damage|p2a: Yanmega|0 fnt
|faint|p2a: Yanmega
|
|upkeep
|
|t:|1757958403
|switch|p2a: Ribombee|Ribombee, M|100/100
|turn|17
|
|t:|1757958408
|move|p2a: Ribombee|Stun Spore|p1a: Dragonite
|-status|p1a: Dragonite|par
|move|p1a: Dragonite|Fire Punch|p2a: Ribombee
|-supereffective|p2a: Ribombee
|-enditem|p2a: Ribombee|Focus Sash
|-damage|p2a: Ribombee|1/100
|
|upkeep
|turn|18
|
|t:|1757958415
|switch|p2a: Kleavor|Kleavor, M|100/100
|move|p1a: Dragonite|Extreme Speed|p2a: Kleavor
|-resisted|p2a: Kleavor
|-damage|p2a: Kleavor|85/100
|
|upkeep
|turn|19
|
|t:|1757958424
|move|p2a: Kleavor|Stone Axe|p1a: Dragonite
|-supereffective|p1a: Dragonite
|-damage|p1a: Dragonite|32/100 par
|-sidestart|p1: Loftwing1000|move: Stealth Rock
|move|p1a: Dragonite|Earthquake|p2a: Kleavor
|-damage|p2a: Kleavor|46/100
|
|upkeep
|turn|20
|
|t:|1757958431
|move|p1a: Dragonite|Extreme Speed|p2a: Kleavor
|-resisted|p2a: Kleavor
|-damage|p2a: Kleavor|30/100
|move|p2a: Kleavor|Stone Axe|p1a: Dragonite
|-supereffective|p1a: Dragonite
|-damage|p1a: Dragonite|0 fnt
|faint|p1a: Dragonite
|
|upkeep
|
|t:|1757958438
|switch|p1a: Clodsire|Clodsire, F|100/100
|-activate|p1a: Clodsire|move: Sticky Web
|-unboost|p1a: Clodsire|spe|1
|-damage|p1a: Clodsire|94/100|[from] Stealth Rock
|turn|21
|
|t:|1757958446
|move|p2a: Kleavor|X-Scissor|p1a: Clodsire
|-resisted|p1a: Clodsire
|-damage|p1a: Clodsire|57/100
|move|p1a: Clodsire|Stockpile|p1a: Clodsire
|-start|p1a: Clodsire|stockpile1
|-boost|p1a: Clodsire|def|1
|-boost|p1a: Clodsire|spd|1
|
|-heal|p1a: Clodsire|64/100|[from] item: Black Sludge
|upkeep
|turn|22
|
|t:|1757958456
|move|p2a: Kleavor|X-Scissor|p1a: Clodsire
|-resisted|p1a: Clodsire
|-damage|p1a: Clodsire|38/100
|move|p1a: Clodsire|Recover|p1a: Clodsire
|-heal|p1a: Clodsire|88/100
|
|-heal|p1a: Clodsire|94/100|[from] item: Black Sludge
|upkeep
|turn|23
|
|t:|1757958464
|move|p2a: Kleavor|X-Scissor|p1a: Clodsire
|-resisted|p1a: Clodsire
|-damage|p1a: Clodsire|68/100
|move|p1a: Clodsire|Toxic|p2a: Kleavor
|-status|p2a: Kleavor|tox
|
|-heal|p1a: Clodsire|74/100|[from] item: Black Sludge
|-damage|p2a: Kleavor|24/100 tox|[from] psn
|upkeep
|turn|24
|-message|TheHugeCheese forfeited.
|
|win|Loftwing1000
|raw|Loftwing1000's rating: 1105 &rarr; <strong>1126</strong><br />(+21 for winning)
|raw|TheHugeCheese's rating: 1046 &rarr; <strong>1032</strong><br />(-14 for losing)
|l|☆TheHugeCheese
|player|p2|
|l|☆Loftwing1000
|player|p1|
|j|☆Loftwing1000
|player|p1|Loftwing1000|1|
