|j|☆takova phone
|j|☆poppylikecats
|t:|1757920108
|gametype|singles
|player|p1|takova phone|1|1360
|player|p2|poppylikecats|iris|1412
|gen|9
|tier|[Gen 9] OU
|rated|
|rule|HP Percentage Mod: HP is shown in percentages
|rule|Endless Battle Clause: Forcing endless battles is banned
|rule|Species Clause: Limit one of each Pokémon
|rule|OHKO Clause: OHKO moves are banned
|rule|Evasion Items Clause: Evasion items are banned
|rule|Evasion Moves Clause: Evasion moves are banned
|rule|Evasion Abilities Clause: Evasion abilities are banned
|rule|Sleep Moves Clause: Sleep-inducing moves are banned
|clearpoke
|poke|p1|Hatterene, F|
|poke|p1|Heatran, M|
|poke|p1|Great Tusk|
|poke|p1|Tornadus-Therian, M|
|poke|p1|Alomomola, M|
|poke|p1|Kyurem|
|poke|p2|Pecharunt|
|poke|p2|Great Tusk|
|poke|p2|Ogerpon-Wellspring, F|
|poke|p2|Iron Crown|
|poke|p2|Landorus-Therian, M|
|poke|p2|Samurott-Hisui, F|
|teampreview
|inactive|Battle timer is ON: inactive players will automatically lose when time's up. (requested by poppylikecats)
|
|t:|1757920117
|teamsize|p1|6
|teamsize|p2|6
|start
|switch|p1a: Tornadus|Tornadus-Therian, M|100/100
|switch|p2a: Landorus|Landorus-Therian, M|100/100
|-ability|p2a: Landorus|Intimidate|boost
|-unboost|p1a: Tornadus|atk|1
|turn|1
|
|t:|1757920125
|move|p2a: Landorus|U-turn|p1a: Tornadus
|-resisted|p1a: Tornadus
|-damage|p1a: Tornadus|86/100
|
|t:|1757920153
|switch|p2a: Iron Crown|Iron Crown|100/100|[from] U-turn
|move|p1a: Tornadus|U-turn|p2a: Iron Crown
|-damage|p2a: Iron Crown|90/100
|
|t:|1757920160
|switch|p1a: Heatran|Heatran, M|100/100|[from] U-turn
|
|upkeep
|turn|2
|
|t:|1757920168
|move|p2a: Iron Crown|Focus Blast|p1a: Heatran
|-supereffective|p1a: Heatran
|-damage|p1a: Heatran|22/100
|move|p1a: Heatran|Magma Storm|p2a: Iron Crown
|-supereffective|p2a: Iron Crown
|-damage|p2a: Iron Crown|5/100
|-activate|p2a: Iron Crown|move: Magma Storm|[of] p1a: Heatran
|
|-heal|p1a: Heatran|28/100|[from] item: Leftovers
|-damage|p2a: Iron Crown|0 fnt|[from] move: Magma Storm|[partiallytrapped]
|faint|p2a: Iron Crown
|-end|p2a: Iron Crown|Quark Drive|[silent]
|upkeep
|
|t:|1757920180
|switch|p2a: Ogerpon|Ogerpon-Wellspring, F|100/100
|turn|3
|
|t:|1757920192
|move|p2a: Ogerpon|Trailblaze|p1a: Heatran
|-resisted|p1a: Heatran
|-damage|p1a: Heatran|23/100
|-boost|p2a: Ogerpon|spe|1
|move|p1a: Heatran|Magma Storm|p2a: Ogerpon
|-damage|p2a: Ogerpon|57/100
|-activate|p2a: Ogerpon|move: Magma Storm|[of] p1a: Heatran
|
|-heal|p1a: Heatran|30/100|[from] item: Leftovers
|-damage|p2a: Ogerpon|44/100|[from] move: Magma Storm|[partiallytrapped]
|upkeep
|turn|4
|
|t:|1757920204
|move|p2a: Ogerpon|Synthesis|p2a: Ogerpon
|-heal|p2a: Ogerpon|94/100
|move|p1a: Heatran|Magma Storm|p2a: Ogerpon
|-damage|p2a: Ogerpon|54/100
|
|-heal|p1a: Heatran|36/100|[from] item: Leftovers
|-damage|p2a: Ogerpon|41/100|[from] move: Magma Storm|[partiallytrapped]
|upkeep
|turn|5
|
|t:|1757920214
|-terastallize|p2a: Ogerpon|Water
|detailschange|p2a: Ogerpon|Ogerpon-Wellspring-Tera, F, tera:Water
|-ability|p2a: Ogerpon|Embody Aspect (Wellspring)|boost
|-boost|p2a: Ogerpon|spd|1
|move|p2a: Ogerpon|Synthesis|p2a: Ogerpon
|-heal|p2a: Ogerpon|91/100
|move|p1a: Heatran|Taunt|p2a: Ogerpon
|-start|p2a: Ogerpon|move: Taunt
|
|-heal|p1a: Heatran|42/100|[from] item: Leftovers
|-damage|p2a: Ogerpon|79/100|[from] move: Magma Storm|[partiallytrapped]
|upkeep
|turn|6
|
|t:|1757920229
|move|p2a: Ogerpon|Ivy Cudgel|p1a: Heatran|[anim] Ivy Cudgel Water
|-supereffective|p1a: Heatran
|-damage|p1a: Heatran|0 fnt
|faint|p1a: Heatran
|
|-end|p2a: Ogerpon|Magma Storm|[partiallytrapped]|[silent]
|upkeep
|
|t:|1757920234
|switch|p1a: Great Tusk|Great Tusk|100/100
|turn|7
|
|t:|1757920252
|-terastallize|p1a: Great Tusk|Grass
|move|p2a: Ogerpon|Ivy Cudgel|p1a: Great Tusk|[anim] Ivy Cudgel Water
|-resisted|p1a: Great Tusk
|-crit|p1a: Great Tusk
|-damage|p1a: Great Tusk|68/100
|move|p1a: Great Tusk|Headlong Rush|p2a: Ogerpon
|-damage|p2a: Ogerpon|34/100
|-unboost|p1a: Great Tusk|def|1
|-unboost|p1a: Great Tusk|spd|1
|
|upkeep
|turn|8
|
|t:|1757920266
|switch|p2a: Landorus|Landorus-Therian, M|100/100
|-ability|p2a: Landorus|Intimidate|boost
|-unboost|p1a: Great Tusk|atk|1
|-end|p1a: Great Tusk|Protosynthesis|[silent]
|switch|p1a: Alomomola|Alomomola, M|100/100
|
|upkeep
|turn|9
|
|t:|1757920274
|switch|p2a: Ogerpon|Ogerpon-Wellspring-Tera, F, tera:Water|34/100
|-ability|p2a: Ogerpon|Embody Aspect (Wellspring)|boost
|-boost|p2a: Ogerpon|spd|1
|switch|p1a: Hatterene|Hatterene, F|100/100
|
|upkeep
|turn|10
|
|t:|1757920282
|move|p2a: Ogerpon|Synthesis|p2a: Ogerpon
|-heal|p2a: Ogerpon|84/100
|move|p1a: Hatterene|Nuzzle|p2a: Ogerpon
|-supereffective|p2a: Ogerpon
|-damage|p2a: Ogerpon|77/100
|-status|p2a: Ogerpon|par
|
|upkeep
|turn|11
|
|t:|1757920291
|cant|p2a: Ogerpon|par
|move|p1a: Hatterene|Draining Kiss|p2a: Ogerpon
|-damage|p2a: Ogerpon|60/100 par
|
|upkeep
|turn|12
|
|t:|1757920296
|move|p2a: Ogerpon|Synthesis|p2a: Ogerpon
|-heal|p2a: Ogerpon|100/100 par
|move|p1a: Hatterene|Psyshock|p2a: Ogerpon
|-crit|p2a: Ogerpon
|-damage|p2a: Ogerpon|38/100 par
|
|upkeep
|turn|13
|
|t:|1757920303
|move|p2a: Ogerpon|Ivy Cudgel|p1a: Hatterene|[anim] Ivy Cudgel Water
|-damage|p1a: Hatterene|28/100
|move|p1a: Hatterene|Psyshock|p2a: Ogerpon
|-damage|p2a: Ogerpon|1/100 par
|
|upkeep
|turn|14
|
|t:|1757920311
|switch|p1a: Alomomola|Alomomola, M|100/100
|move|p2a: Ogerpon|Ivy Cudgel|p1a: Alomomola|[anim] Ivy Cudgel Water
|-resisted|p1a: Alomomola
|-damage|p1a: Alomomola|80/100
|
|upkeep
|turn|15
|
|t:|1757920318
|move|p1a: Alomomola|Wish|p1a: Alomomola
|move|p2a: Ogerpon|Synthesis|p2a: Ogerpon
|-heal|p2a: Ogerpon|51/100 par
|
|upkeep
|turn|16
|
|t:|1757920325
|switch|p1a: Tornadus|Tornadus-Therian, M|100/100
|move|p2a: Ogerpon|Ivy Cudgel|p1a: Tornadus|[anim] Ivy Cudgel Water
|-damage|p1a: Tornadus|25/100
|
|-heal|p1a: Tornadus|91/100|[from] move: Wish|[wisher] Alomomola
|upkeep
|turn|17
|
|t:|1757920340
|move|p1a: Tornadus|U-turn|p2a: Ogerpon
|-damage|p2a: Ogerpon|37/100 par
|
|t:|1757920343
|switch|p1a: Great Tusk|Great Tusk, tera:Grass|68/100|[from] U-turn
|move|p2a: Ogerpon|Ivy Cudgel|p1a: Great Tusk|[anim] Ivy Cudgel Water
|-resisted|p1a: Great Tusk
|-crit|p1a: Great Tusk
|-damage|p1a: Great Tusk|32/100
|
|upkeep
|turn|18
|
|t:|1757920352
|move|p1a: Great Tusk|Headlong Rush|p2a: Ogerpon
|-damage|p2a: Ogerpon|0 fnt
|-unboost|p1a: Great Tusk|def|1
|-unboost|p1a: Great Tusk|spd|1
|faint|p2a: Ogerpon
|detailschange|p2: Ogerpon|Ogerpon-Wellspring, F|[silent]
|
|upkeep
|
|t:|1757920359
|switch|p2a: Samurott|Samurott-Hisui, F|100/100
|turn|19
|
|t:|1757920364
|move|p1a: Great Tusk|Headlong Rush|p2a: Samurott
|-damage|p2a: Samurott|33/100
|-unboost|p1a: Great Tusk|def|1
|-unboost|p1a: Great Tusk|spd|1
|move|p2a: Samurott|Ceaseless Edge|p1a: Great Tusk
|-damage|p1a: Great Tusk|0 fnt
|-sidestart|p1: takova phone|Spikes
|faint|p1a: Great Tusk
|-end|p1a: Great Tusk|Protosynthesis|[silent]
|
|upkeep
|
|t:|1757920375
|switch|p1a: Tornadus|Tornadus-Therian, M|100/100
|turn|20
|
|t:|1757920385
|move|p2a: Samurott|Sucker Punch|p1a: Tornadus
|-damage|p1a: Tornadus|62/100
|move|p1a: Tornadus|U-turn|p2a: Samurott
|-supereffective|p2a: Samurott
|-damage|p2a: Samurott|0 fnt
|faint|p2a: Samurott
|
|t:|1757920393
|switch|p1a: Alomomola|Alomomola, M|100/100|[from] U-turn
|-damage|p1a: Alomomola|88/100|[from] Spikes
|
|upkeep
|
|t:|1757920402
|switch|p2a: Pecharunt|Pecharunt|100/100
|turn|21
|
|t:|1757920410
|move|p2a: Pecharunt|Malignant Chain|p1a: Alomomola
|-damage|p1a: Alomomola|62/100
|move|p1a: Alomomola|Flip Turn|p2a: Pecharunt
|-damage|p2a: Pecharunt|93/100
|-damage|p1a: Alomomola|45/100|[from] item: Rocky Helmet|[of] p2a: Pecharunt
|
|t:|1757920418
|switch|p1a: Tornadus|Tornadus-Therian, M|95/100|[from] Flip Turn
|
|upkeep
|turn|22
|
|t:|1757920425
|move|p1a: Tornadus|Knock Off|p2a: Pecharunt
|-supereffective|p2a: Pecharunt
|-damage|p2a: Pecharunt|74/100
|-damage|p1a: Tornadus|78/100|[from] item: Rocky Helmet|[of] p2a: Pecharunt
|-enditem|p2a: Pecharunt|Rocky Helmet|[from] move: Knock Off|[of] p1a: Tornadus
|move|p2a: Pecharunt|Parting Shot|p1a: Tornadus
|-unboost|p1a: Tornadus|atk|1
|-unboost|p1a: Tornadus|spa|1
|
|t:|1757920426
|switch|p2a: Landorus|Landorus-Therian, M|100/100|[from] Parting Shot
|-ability|p2a: Landorus|Intimidate|boost
|-unboost|p1a: Tornadus|atk|1
|
|upkeep
|turn|23
|
|t:|1757920441
|switch|p1a: Alomomola|Alomomola, M|78/100
|-damage|p1a: Alomomola|66/100|[from] Spikes
|move|p2a: Landorus|Stone Edge|p1a: Alomomola
|-damage|p1a: Alomomola|42/100
|
|upkeep
|turn|24
|
|t:|1757920449
|switch|p2a: Pecharunt|Pecharunt|74/100
|move|p1a: Alomomola|Wish|p1a: Alomomola
|
|upkeep
|turn|25
|
|t:|1757920454
|move|p1a: Alomomola|Protect|p1a: Alomomola
|-singleturn|p1a: Alomomola|Protect
|move|p2a: Pecharunt|Malignant Chain|p1a: Alomomola
|-activate|p1a: Alomomola|move: Protect
|
|-heal|p1a: Alomomola|92/100|[from] move: Wish|[wisher] Alomomola
|upkeep
|turn|26
|
|t:|1757920464
|move|p2a: Pecharunt|Malignant Chain|p1a: Alomomola
|-damage|p1a: Alomomola|62/100
|move|p1a: Alomomola|Wish|p1a: Alomomola
|
|upkeep
|turn|27
|
|t:|1757920474
|switch|p1a: Tornadus|Tornadus-Therian, M|100/100
|move|p2a: Pecharunt|Malignant Chain|p1a: Tornadus
|-damage|p1a: Tornadus|79/100
|
|-heal|p1a: Tornadus|100/100|[from] move: Wish|[wisher] Alomomola
|upkeep
|turn|28
|
|t:|1757920485
|move|p1a: Tornadus|Bleakwind Storm|p2a: Pecharunt|[miss]
|-miss|p1a: Tornadus|p2a: Pecharunt
|move|p2a: Pecharunt|Recover|p2a: Pecharunt
|-heal|p2a: Pecharunt|100/100
|
|upkeep
|turn|29
|
|t:|1757920495
|move|p1a: Tornadus|Bleakwind Storm|p2a: Pecharunt
|-damage|p2a: Pecharunt|63/100
|-unboost|p2a: Pecharunt|spe|1
|move|p2a: Pecharunt|Malignant Chain|p1a: Tornadus
|-crit|p1a: Tornadus
|-damage|p1a: Tornadus|70/100
|
|upkeep
|turn|30
|
|t:|1757920504
|move|p1a: Tornadus|Bleakwind Storm|p2a: Pecharunt
|-damage|p2a: Pecharunt|28/100
|move|p2a: Pecharunt|Recover|p2a: Pecharunt
|-heal|p2a: Pecharunt|78/100
|
|upkeep
|turn|31
|
|t:|1757920511
|move|p1a: Tornadus|Bleakwind Storm|p2a: Pecharunt
|-damage|p2a: Pecharunt|40/100
|move|p2a: Pecharunt|Malignant Chain|p1a: Tornadus
|-damage|p1a: Tornadus|50/100
|-status|p1a: Tornadus|tox
|-start|p1a: Tornadus|confusion|[from] ability: Poison Puppeteer|[of] p2a: Pecharunt
|
|-damage|p1a: Tornadus|44/100 tox|[from] psn
|upkeep
|turn|32
|
|t:|1757920523
|switch|p1a: Alomomola|Alomomola, M|95/100
|-damage|p1a: Alomomola|82/100|[from] Spikes
|move|p2a: Pecharunt|Recover|p2a: Pecharunt
|-heal|p2a: Pecharunt|90/100
|
|upkeep
|turn|33
|
|t:|1757920531
|move|p1a: Alomomola|Wish|p1a: Alomomola
|move|p2a: Pecharunt|Foul Play|p1a: Alomomola
|-damage|p1a: Alomomola|72/100
|-damage|p2a: Pecharunt|74/100|[from] item: Rocky Helmet|[of] p1a: Alomomola
|
|upkeep
|turn|34
|
|t:|1757920542
|move|p1a: Alomomola|Tickle|p2a: Pecharunt
|-unboost|p2a: Pecharunt|atk|1
|-unboost|p2a: Pecharunt|def|1
|move|p2a: Pecharunt|Parting Shot|p1a: Alomomola
|-unboost|p1a: Alomomola|atk|1
|-unboost|p1a: Alomomola|spa|1
|
|t:|1757920550
|switch|p2a: Landorus|Landorus-Therian, M|100/100|[from] Parting Shot
|-ability|p2a: Landorus|Intimidate|boost
|-unboost|p1a: Alomomola|atk|1
|
|-heal|p1a: Alomomola|100/100|[from] move: Wish|[wisher] Alomomola
|upkeep
|turn|35
|
|t:|1757920560
|move|p2a: Landorus|U-turn|p1a: Alomomola
|-damage|p1a: Alomomola|82/100
|-damage|p2a: Landorus|84/100|[from] item: Rocky Helmet|[of] p1a: Alomomola
|
|t:|1757920561
|switch|p2a: Pecharunt|Pecharunt|74/100|[from] U-turn
|move|p1a: Alomomola|Tickle|p2a: Pecharunt
|-unboost|p2a: Pecharunt|atk|1
|-unboost|p2a: Pecharunt|def|1
|
|upkeep
|turn|36
|
|t:|1757920572
|move|p2a: Pecharunt|Malignant Chain|p1a: Alomomola
|-damage|p1a: Alomomola|51/100
|move|p1a: Alomomola|Flip Turn|p2a: Pecharunt
|-damage|p2a: Pecharunt|68/100
|
|t:|1757920579
|switch|p1a: Tornadus|Tornadus-Therian, M|77/100 tox|[from] Flip Turn
|
|-damage|p1a: Tornadus|71/100 tox|[from] psn
|upkeep
|turn|37
|
|t:|1757920591
|move|p1a: Tornadus|Bleakwind Storm|p2a: Pecharunt|[miss]
|-miss|p1a: Tornadus|p2a: Pecharunt
|move|p2a: Pecharunt|Recover|p2a: Pecharunt
|-heal|p2a: Pecharunt|100/100
|
|-damage|p1a: Tornadus|59/100 tox|[from] psn
|upkeep
|turn|38
|
|t:|1757920600
|switch|p1a: Alomomola|Alomomola, M|85/100
|-damage|p1a: Alomomola|72/100|[from] Spikes
|move|p2a: Pecharunt|Parting Shot|p1a: Alomomola
|-unboost|p1a: Alomomola|atk|1
|-unboost|p1a: Alomomola|spa|1
|
|t:|1757920606
|switch|p2a: Great Tusk|Great Tusk|100/100|[from] Parting Shot
|-enditem|p2a: Great Tusk|Booster Energy
|-activate|p2a: Great Tusk|ability: Protosynthesis|[fromitem]
|-start|p2a: Great Tusk|protosynthesisspe
|
|upkeep
|turn|39
|
|t:|1757920616
|move|p2a: Great Tusk|Knock Off|p1a: Alomomola
|-damage|p1a: Alomomola|54/100
|-damage|p2a: Great Tusk|84/100|[from] item: Rocky Helmet|[of] p1a: Alomomola
|-enditem|p1a: Alomomola|Rocky Helmet|[from] move: Knock Off|[of] p2a: Great Tusk
|move|p1a: Alomomola|Wish|p1a: Alomomola
|
|upkeep
|turn|40
|
|t:|1757920624
|move|p2a: Great Tusk|Stealth Rock|p1a: Alomomola
|-sidestart|p1: takova phone|move: Stealth Rock
|move|p1a: Alomomola|Flip Turn|p2a: Great Tusk
|-supereffective|p2a: Great Tusk
|-damage|p2a: Great Tusk|71/100
|
|t:|1757920633
|switch|p1a: Hatterene|Hatterene, F|28/100|[from] Flip Turn
|-damage|p1a: Hatterene|15/100|[from] Spikes
|-damage|p1a: Hatterene|3/100|[from] Stealth Rock
|
|-heal|p1a: Hatterene|77/100|[from] move: Wish|[wisher] Alomomola
|upkeep
|turn|41
|
|t:|1757920645
|move|p2a: Great Tusk|Knock Off|p1a: Hatterene
|-damage|p1a: Hatterene|45/100
|-enditem|p1a: Hatterene|Assault Vest|[from] move: Knock Off|[of] p2a: Great Tusk
|move|p1a: Hatterene|Draining Kiss|p2a: Great Tusk
|-supereffective|p2a: Great Tusk
|-damage|p2a: Great Tusk|1/100
|-heal|p1a: Hatterene|100/100|[from] drain|[of] p2a: Great Tusk
|
|upkeep
|turn|42
|
|t:|1757920661
|move|p2a: Great Tusk|Headlong Rush|p1a: Hatterene
|-damage|p1a: Hatterene|43/100
|-unboost|p2a: Great Tusk|def|1
|-unboost|p2a: Great Tusk|spd|1
|move|p1a: Hatterene|Mystical Fire|p2a: Great Tusk
|-damage|p2a: Great Tusk|0 fnt
|faint|p2a: Great Tusk
|-end|p2a: Great Tusk|Protosynthesis|[silent]
|
|upkeep
|
|t:|1757920663
|switch|p2a: Pecharunt|Pecharunt|100/100
|turn|43
|
|t:|1757920675
|switch|p1a: Alomomola|Alomomola, M|87/100
|-damage|p1a: Alomomola|75/100|[from] Spikes
|-damage|p1a: Alomomola|62/100|[from] Stealth Rock
|move|p2a: Pecharunt|Malignant Chain|p1a: Alomomola
|-crit|p1a: Alomomola
|-damage|p1a: Alomomola|22/100
|-status|p1a: Alomomola|tox
|-start|p1a: Alomomola|confusion|[from] ability: Poison Puppeteer|[of] p2a: Pecharunt
|
|-damage|p1a: Alomomola|16/100 tox|[from] psn
|upkeep
|turn|44
|
|t:|1757920689
|switch|p1a: Tornadus|Tornadus-Therian, M|92/100 tox
|-damage|p1a: Tornadus|67/100 tox|[from] Stealth Rock
|move|p2a: Pecharunt|Parting Shot|p1a: Tornadus
|-unboost|p1a: Tornadus|atk|1
|-unboost|p1a: Tornadus|spa|1
|
|t:|1757920690
|switch|p2a: Landorus|Landorus-Therian, M|84/100|[from] Parting Shot
|-ability|p2a: Landorus|Intimidate|boost
|-unboost|p1a: Tornadus|atk|1
|
|-damage|p1a: Tornadus|61/100 tox|[from] psn
|upkeep
|turn|45
|
|t:|1757920704
|switch|p1a: Alomomola|Alomomola, M|49/100 tox
|-damage|p1a: Alomomola|37/100 tox|[from] Spikes
|-damage|p1a: Alomomola|24/100 tox|[from] Stealth Rock
|move|p2a: Landorus|Stone Edge|p1a: Alomomola|[miss]
|-miss|p2a: Landorus|p1a: Alomomola
|
|-damage|p1a: Alomomola|18/100 tox|[from] psn
|upkeep
|turn|46
|
|t:|1757920719
|move|p2a: Landorus|Stone Edge|p1a: Alomomola
|-damage|p1a: Alomomola|0 fnt
|faint|p1a: Alomomola
|
|upkeep
|
|t:|1757920728
|switch|p1a: Hatterene|Hatterene, F|43/100
|-damage|p1a: Hatterene|30/100|[from] Spikes
|-damage|p1a: Hatterene|18/100|[from] Stealth Rock
|turn|47
|
|t:|1757920737
|move|p2a: Landorus|Stone Edge|p1a: Hatterene
|-damage|p1a: Hatterene|0 fnt
|faint|p1a: Hatterene
|
|upkeep
|
|t:|1757920742
|switch|p1a: Tornadus|Tornadus-Therian, M|94/100 tox
|-damage|p1a: Tornadus|69/100 tox|[from] Stealth Rock
|turn|48
|
|t:|1757920748
|move|p2a: Landorus|Stone Edge|p1a: Tornadus
|-supereffective|p1a: Tornadus
|-damage|p1a: Tornadus|0 fnt
|faint|p1a: Tornadus
|
|upkeep
|
|t:|1757920753
|switch|p1a: Kyurem|Kyurem|100/100
|-damage|p1a: Kyurem|88/100|[from] Spikes
|-damage|p1a: Kyurem|63/100|[from] Stealth Rock
|-ability|p1a: Kyurem|Pressure
|turn|49
|
|t:|1757920764
|move|p2a: Landorus|Stone Edge|p1a: Kyurem|[miss]
|-miss|p2a: Landorus|p1a: Kyurem
|move|p1a: Kyurem|Scale Shot|p2a: Landorus
|-damage|p2a: Landorus|68/100
|-damage|p2a: Landorus|53/100
|-damage|p2a: Landorus|38/100
|-damage|p2a: Landorus|22/100
|-hitcount|p2a: Landorus|4
|-unboost|p1a: Kyurem|def|1
|-boost|p1a: Kyurem|spe|1
|
|upkeep
|turn|50
|c|☆poppylikecats|gg
|
|t:|1757920779
|move|p1a: Kyurem|Icicle Spear|p2a: Landorus
|-supereffective|p2a: Landorus
|-damage|p2a: Landorus|0 fnt
|faint|p2a: Landorus
|-hitcount|p2: Landorus|1
|
|upkeep
|
|t:|1757920780
|switch|p2a: Pecharunt|Pecharunt|100/100
|turn|51
|
|t:|1757920803
|move|p1a: Kyurem|Icicle Spear|p2a: Pecharunt
|-damage|p2a: Pecharunt|94/100
|-damage|p2a: Pecharunt|88/100
|-damage|p2a: Pecharunt|81/100
|-damage|p2a: Pecharunt|75/100
|-damage|p2a: Pecharunt|69/100
|-hitcount|p2a: Pecharunt|5
|move|p2a: Pecharunt|Foul Play|p1a: Kyurem
|-damage|p1a: Kyurem|16/100
|
|upkeep
|turn|52
|
|t:|1757920815
|move|p1a: Kyurem|Icicle Spear|p2a: Pecharunt
|-damage|p2a: Pecharunt|63/100
|-damage|p2a: Pecharunt|57/100
|-damage|p2a: Pecharunt|52/100
|-damage|p2a: Pecharunt|45/100
|-damage|p2a: Pecharunt|39/100
|-hitcount|p2a: Pecharunt|5
|move|p2a: Pecharunt|Foul Play|p1a: Kyurem
|-damage|p1a: Kyurem|0 fnt
|faint|p1a: Kyurem
|
|win|poppylikecats
|raw|takova phone's rating: 1360 &rarr; <strong>1343</strong><br />(-17 for losing)
|raw|poppylikecats's rating: 1412 &rarr; <strong>1429</strong><br />(+17 for winning)
