|badge|p2|bronze|gen9randombattle|100-6
|uhtml|medal-msg|<div class="broadcast-blue">Curious what those medals under the avatar are? PS now has Ladder Seasons! For more information, check out the <a href="https://www.smogon.com/forums/threads/3740067/">thread on Smogon.</a></div>
|j|☆TLchatha
|j|☆larp legion
|t:|1757805167
|gametype|singles
|player|p1|TLchatha|brycenman|1544
|player|p2|larp legion|clown|1583
|gen|9
|tier|[Gen 9] OU
|rated|
|rule|HP Percentage Mod: HP is shown in percentages
|rule|Endless Battle Clause: Forcing endless battles is banned
|rule|Species Clause: Limit one of each Pokémon
|rule|OHKO Clause: OHKO moves are banned
|rule|Evasion Items Clause: Evasion items are banned
|rule|Evasion Moves Clause: Evasion moves are banned
|rule|Evasion Abilities Clause: Evasion abilities are banned
|rule|Sleep Moves Clause: Sleep-inducing moves are banned
|clearpoke
|poke|p1|Alomomola, F|
|poke|p1|Cinderace, M|
|poke|p1|Slowking-Galar, F|
|poke|p1|Ursaluna, M|
|poke|p1|Zamazenta-*|
|poke|p1|Kyurem|
|poke|p2|Walking Wake|
|poke|p2|Sinistcha|
|poke|p2|Volcanion|
|poke|p2|Slowbro, F|
|poke|p2|Coalossal, M|
|poke|p2|Emboar, M|
|teampreview
|inactive|Battle timer is ON: inactive players will automatically lose when time's up. (requested by larp legion)
|inactive|TLchatha also wants the timer to be on.
|
|t:|1757805191
|teamsize|p1|6
|teamsize|p2|6
|start
|switch|p1a: Alomomola|Alomomola, F|100/100
|switch|p2a: Walking Wake|Walking Wake|100/100
|turn|1
|
|t:|1757805197
|move|p2a: Walking Wake|Knock Off|p1a: Alomomola
|-damage|p1a: Alomomola|92/100
|-enditem|p1a: Alomomola|Assault Vest|[from] move: Knock Off|[of] p2a: Walking Wake
|move|p1a: Alomomola|Flip Turn|p2a: Walking Wake
|-resisted|p2a: Walking Wake
|-damage|p2a: Walking Wake|96/100
|
|t:|1757805206
|switch|p1a: Slowking|Slowking-Galar, F|100/100|[from] Flip Turn
|
|upkeep
|turn|2
|
|t:|1757805233
|-end|p2a: Walking Wake|Protosynthesis|[silent]
|switch|p2a: Coalossal|Coalossal, M|100/100
|move|p1a: Slowking|Thunder Wave|p2a: Coalossal
|-status|p2a: Coalossal|par
|
|upkeep
|turn|3
|
|t:|1757805239
|move|p1a: Slowking|Future Sight|p2a: Coalossal
|-start|p1a: Slowking|move: Future Sight
|move|p2a: Coalossal|Stealth Rock|p1a: Slowking
|-sidestart|p1: TLchatha|move: Stealth Rock
|
|upkeep
|turn|4
|
|t:|1757805244
|-prepare|p1a: Slowking|Chilly Reception|[premajor]
|move|p1a: Slowking|Chilly Reception|p1a: Slowking
|-weather|Snowscape
|
|t:|1757805247
|switch|p1a: Alomomola|Alomomola, F|100/100|[from] Chilly Reception
|-damage|p1a: Alomomola|88/100|[from] Stealth Rock
|cant|p2a: Coalossal|par
|
|-weather|Snowscape|[upkeep]
|upkeep
|turn|5
|
|t:|1757805262
|switch|p1a: Slowking|Slowking-Galar, F|100/100
|switch|p2a: Slowbro|Slowbro, F|100/100
|
|-weather|Snowscape|[upkeep]
|-end|p2a: Slowbro|move: Future Sight
|-resisted|p2a: Slowbro
|-damage|p2a: Slowbro|77/100
|upkeep
|turn|6
|inactive|larp legion has 120 seconds left.
|
|t:|1757805290
|switch|p2a: Coalossal|Coalossal, M|100/100 par
|move|p1a: Slowking|Future Sight|p2a: Coalossal
|-start|p1a: Slowking|move: Future Sight
|
|-weather|Snowscape|[upkeep]
|upkeep
|turn|7
|
|t:|1757805296
|-prepare|p1a: Slowking|Chilly Reception|[premajor]
|move|p1a: Slowking|Chilly Reception|p1a: Slowking
|
|t:|1757805300
|switch|p1a: Alomomola|Alomomola, F|100/100|[from] Chilly Reception
|-damage|p1a: Alomomola|88/100|[from] Stealth Rock
|move|p2a: Coalossal|Scald|p1a: Alomomola
|-resisted|p1a: Alomomola
|-damage|p1a: Alomomola|79/100
|
|-weather|Snowscape|[upkeep]
|upkeep
|turn|8
|
|t:|1757805307
|switch|p2a: Slowbro|Slowbro, F|100/100
|move|p1a: Alomomola|Flip Turn|p2a: Slowbro
|-resisted|p2a: Slowbro
|-damage|p2a: Slowbro|96/100
|-damage|p1a: Alomomola|63/100|[from] item: Rocky Helmet|[of] p2a: Slowbro
|
|t:|1757805315
|switch|p1a: Ursaluna|Ursaluna, M|100/100|[from] Flip Turn
|-damage|p1a: Ursaluna|94/100|[from] Stealth Rock
|
|-weather|none
|-end|p2a: Slowbro|move: Future Sight
|-resisted|p2a: Slowbro
|-damage|p2a: Slowbro|75/100
|-status|p1a: Ursaluna|brn|[from] item: Flame Orb
|upkeep
|turn|9
|
|t:|1757805326
|move|p1a: Ursaluna|Facade|p2a: Slowbro
|-damage|p2a: Slowbro|0 fnt
|-damage|p1a: Ursaluna|78/100 brn|[from] item: Rocky Helmet|[of] p2a: Slowbro
|faint|p2a: Slowbro
|
|-damage|p1a: Ursaluna|71/100 brn|[from] brn
|upkeep
|
|t:|1757805349
|switch|p2a: Sinistcha|Sinistcha|100/100
|turn|10
|
|t:|1757805358
|move|p2a: Sinistcha|Giga Drain|p1a: Ursaluna
|-supereffective|p1a: Ursaluna
|-damage|p1a: Ursaluna|4/100 brn
|move|p1a: Ursaluna|Ice Punch|p2a: Sinistcha
|-supereffective|p2a: Sinistcha
|-damage|p2a: Sinistcha|15/100
|-status|p2a: Sinistcha|frz
|
|-heal|p2a: Sinistcha|21/100 frz|[from] item: Leftovers
|-damage|p1a: Ursaluna|0 fnt|[from] brn
|faint|p1a: Ursaluna
|upkeep
|
|t:|1757805365
|switch|p1a: Cinderace|Cinderace, M|100/100
|turn|11
|
|t:|1757805374
|switch|p2a: Volcanion|Volcanion|100/100
|move|p1a: Cinderace|Court Change|p1a: Cinderace
|-start|p1a: Cinderace|typechange|Normal|[from] ability: Libero
|-swapsideconditions
|-activate|p1a: Cinderace|move: Court Change
|
|upkeep
|turn|12
|
|t:|1757805381
|switch|p1a: Alomomola|Alomomola, F|96/100
|move|p2a: Volcanion|Steam Eruption|p1a: Alomomola
|-resisted|p1a: Alomomola
|-damage|p1a: Alomomola|58/100
|
|upkeep
|turn|13
|
|t:|1757805394
|move|p2a: Volcanion|Sludge Bomb|p1a: Alomomola
|-damage|p1a: Alomomola|17/100
|move|p1a: Alomomola|Mirror Coat|p2a: Volcanion
|-damage|p2a: Volcanion|0 fnt
|faint|p2a: Volcanion
|
|upkeep
|
|t:|1757805398
|switch|p2a: Emboar|Emboar, M|100/100
|-damage|p2a: Emboar|88/100|[from] Stealth Rock
|turn|14
|
|t:|1757805402
|move|p2a: Emboar|Earthquake|p1a: Alomomola
|-damage|p1a: Alomomola|0 fnt
|faint|p1a: Alomomola
|
|upkeep
|
|t:|1757805407
|switch|p1a: Kyurem|Kyurem|100/100
|-ability|p1a: Kyurem|Pressure
|turn|15
|
|t:|1757805411
|move|p1a: Kyurem|Draco Meteor|p2a: Emboar
|-damage|p2a: Emboar|25/100
|-unboost|p1a: Kyurem|spa|2
|move|p2a: Emboar|Close Combat|p1a: Kyurem
|-supereffective|p1a: Kyurem
|-damage|p1a: Kyurem|0 fnt
|-unboost|p2a: Emboar|def|1
|-unboost|p2a: Emboar|spd|1
|faint|p1a: Kyurem
|
|upkeep
|
|t:|1757805430
|switch|p1a: Cinderace|Cinderace, M|100/100
|turn|16
|inactive|TLchatha has 120 seconds left.
|
|t:|1757805468
|switch|p2a: Coalossal|Coalossal, M|100/100 par
|move|p1a: Cinderace|Pyro Ball|p2a: Coalossal
|-resisted|p2a: Coalossal
|-damage|p2a: Coalossal|94/100 par
|
|upkeep
|turn|17
|inactive|TLchatha has 120 seconds left.
|
|t:|1757805479
|move|p1a: Cinderace|U-turn|p2a: Coalossal
|-start|p1a: Cinderace|typechange|Bug|[from] ability: Libero
|-resisted|p2a: Coalossal
|-damage|p2a: Coalossal|84/100 par
|
|t:|1757805482
|switch|p1a: Slowking|Slowking-Galar, F|100/100|[from] U-turn
|move|p2a: Coalossal|Rapid Spin|p1a: Slowking
|-damage|p1a: Slowking|92/100
|-boost|p2a: Coalossal|spe|1
|-sideend|p2: larp legion|Stealth Rock|[from] move: Rapid Spin|[of] p2a: Coalossal
|
|upkeep
|turn|18
|
|t:|1757805489
|switch|p2a: Emboar|Emboar, M|25/100
|move|p1a: Slowking|Future Sight|p2a: Emboar
|-start|p1a: Slowking|move: Future Sight
|
|upkeep
|turn|19
|
|t:|1757805503
|-terastallize|p2a: Emboar|Ground
|move|p2a: Emboar|Earthquake|p1a: Slowking
|-supereffective|p1a: Slowking
|-crit|p1a: Slowking
|-damage|p1a: Slowking|0 fnt
|faint|p1a: Slowking
|
|upkeep
|c|☆larp legion|whys the za answer frozen...
|c|☆larp legion|bro
|
|t:|1757805509
|switch|p1a: Cinderace|Cinderace, M|100/100
|turn|20
|c|☆larp legion|i didn't choose to put him in the freezer
|c|☆larp legion|he just did
|
|t:|1757805518
|switch|p2a: Sinistcha|Sinistcha|21/100 frz
|move|p1a: Cinderace|U-turn|p2a: Sinistcha
|-start|p1a: Cinderace|typechange|Bug|[from] ability: Libero
|-damage|p2a: Sinistcha|0 fnt
|faint|p2a: Sinistcha
|c|☆TLchatha|tbf he was at 21
|
|t:|1757805528
|switch|p1a: Zamazenta|Zamazenta|100/100|[from] U-turn
|-ability|p1a: Zamazenta|Dauntless Shield|boost
|-boost|p1a: Zamazenta|def|1
|
|-hint|Future Sight did not hit because the target is fainted.
|upkeep
|c|☆larp legion|ik but
|c|☆larp legion|still
|c|☆larp legion|how
|
|t:|1757805535
|switch|p2a: Coalossal|Coalossal, M|84/100 par
|turn|21
|c|☆TLchatha|ursa the goat
|
|t:|1757805541
|move|p1a: Zamazenta|Close Combat|p2a: Coalossal
|-supereffective|p2a: Coalossal
|-damage|p2a: Coalossal|7/100 par
|-unboost|p1a: Zamazenta|def|1
|-unboost|p1a: Zamazenta|spd|1
|-damage|p1a: Zamazenta|91/100|[from] item: Life Orb
|move|p2a: Coalossal|Overheat|p1a: Zamazenta
|-damage|p1a: Zamazenta|38/100
|-unboost|p2a: Coalossal|spa|2
|
|upkeep
|turn|22
|c|☆larp legion|oh lucky and bad ok
|c|☆larp legion|makes sense
|
|t:|1757805554
|move|p1a: Zamazenta|Crunch|p2a: Coalossal
|-damage|p2a: Coalossal|0 fnt
|-status|p1a: Zamazenta|brn|[from] ability: Flame Body|[of] p2a: Coalossal
|faint|p2a: Coalossal
|-damage|p1a: Zamazenta|28/100 brn|[from] item: Life Orb
|
|-damage|p1a: Zamazenta|22/100 brn|[from] brn
|upkeep
|c|☆larp legion|we lose
|c|☆larp legion|gg
|
|t:|1757805561
|switch|p2a: Walking Wake|Walking Wake|96/100
|turn|23
|c|☆larp legion|?
|c|☆larp legion|cant win from here
|
|t:|1757805566
|move|p2a: Walking Wake|Scald|p1a: Zamazenta
|-damage|p1a: Zamazenta|0 fnt
|faint|p1a: Zamazenta
|
|upkeep
|c|☆larp legion|who is larping
|
|t:|1757805569
|switch|p1a: Cinderace|Cinderace, M|100/100
|turn|24
|c|☆larp legion|stop larping
|c|☆larp legion|nah the wake is
|c|☆larp legion|0 spa
|c|☆larp legion|-spa
|c|☆larp legion|and its av cind
|
|t:|1757805585
|-terastallize|p1a: Cinderace|Ghost
|move|p2a: Walking Wake|Scald|p1a: Cinderace
|-damage|p1a: Cinderace|38/100
|-status|p1a: Cinderace|brn
|move|p1a: Cinderace|U-turn|p2a: Walking Wake
|-damage|p2a: Walking Wake|84/100
|
|-damage|p1a: Cinderace|32/100 brn|[from] brn
|upkeep
|turn|25
|
|t:|1757805593
|move|p2a: Walking Wake|Scald|p1a: Cinderace
|-damage|p1a: Cinderace|0 fnt
|faint|p1a: Cinderace
|
|win|larp legion
|raw|TLchatha's rating: 1544 &rarr; <strong>1526</strong><br />(-18 for losing)
|raw|larp legion's rating: 1583 &rarr; <strong>1601</strong><br />(+18 for winning)
|c|☆larp legion|gg
|l|☆TLchatha
|player|p1|
