|j|☆kirasai
|j|☆seaslugg22
|t:|1757872023
|gametype|singles
|player|p1|kirasai|jasmine|1121
|player|p2|seaslugg22|2|1129
|gen|9
|tier|[Gen 9] OU
|rated|
|rule|HP Percentage Mod: HP is shown in percentages
|rule|Endless Battle Clause: Forcing endless battles is banned
|rule|Species Clause: Limit one of each Pokémon
|rule|OHKO Clause: OHKO moves are banned
|rule|Evasion Items Clause: Evasion items are banned
|rule|Evasion Moves Clause: Evasion moves are banned
|rule|Evasion Abilities Clause: Evasion abilities are banned
|rule|Sleep Moves Clause: Sleep-inducing moves are banned
|clearpoke
|poke|p1|Lokix, F|
|poke|p1|Hatterene, F|
|poke|p1|Drifblim, M|
|poke|p1|Indeedee-F, F|
|poke|p1|Iron Treads|
|poke|p1|Altaria, F|
|poke|p2|Torkoal, M|
|poke|p2|Walking Wake|
|poke|p2|Great Tusk|
|poke|p2|Slowking-Galar, F|
|poke|p2|Gholdengo|
|poke|p2|Glimmora, M|
|teampreview
|inactive|Battle timer is ON: inactive players will automatically lose when time's up. (requested by seaslugg22)
|
|t:|1757872034
|teamsize|p1|6
|teamsize|p2|6
|start
|switch|p1a: Lokix|Lokix, F|100/100
|switch|p2a: Walking Wake|Walking Wake|100/100
|turn|1
|
|t:|1757872038
|-end|p2a: Walking Wake|Protosynthesis|[silent]
|switch|p2a: Glimmora|Glimmora, M|100/100
|-terastallize|p1a: Lokix|Bug
|move|p1a: Lokix|First Impression|p2a: Glimmora
|-resisted|p2a: Glimmora
|-damage|p2a: Glimmora|0 fnt
|-damage|p1a: Lokix|84/100|[from] item: Rocky Helmet|[of] p2a: Glimmora
|-activate|p2a: Glimmora|ability: Toxic Debris
|-sidestart|p1: kirasai|move: Toxic Spikes
|faint|p2a: Glimmora
|
|upkeep
|
|t:|1757872056
|switch|p2a: Walking Wake|Walking Wake|100/100
|turn|2
|
|t:|1757872065
|switch|p1a: Drifblim|Drifblim, M|100/100
|move|p2a: Walking Wake|Substitute|p2a: Walking Wake
|-start|p2a: Walking Wake|Substitute
|-damage|p2a: Walking Wake|76/100
|
|-status|p1a: Drifblim|brn|[from] item: Flame Orb
|upkeep
|turn|3
|
|t:|1757872070
|move|p2a: Walking Wake|Hydro Steam|p1a: Drifblim
|-damage|p1a: Drifblim|47/100 brn
|move|p1a: Drifblim|Thunderbolt|p2a: Walking Wake
|-end|p2a: Walking Wake|Substitute
|
|-damage|p1a: Drifblim|41/100 brn|[from] brn
|upkeep
|turn|4
|
|t:|1757872076
|move|p2a: Walking Wake|Hydro Steam|p1a: Drifblim
|-damage|p1a: Drifblim|0 fnt
|faint|p1a: Drifblim
|
|upkeep
|
|t:|1757872080
|switch|p1a: Lokix|Lokix, F, tera:Bug|84/100
|-status|p1a: Lokix|psn
|turn|5
|
|t:|1757872084
|-end|p2a: Walking Wake|Protosynthesis|[silent]
|switch|p2a: Great Tusk|Great Tusk|100/100
|move|p1a: Lokix|First Impression|p2a: Great Tusk
|-resisted|p2a: Great Tusk
|-damage|p2a: Great Tusk|43/100
|-damage|p1a: Lokix|67/100 psn|[from] item: Rocky Helmet|[of] p2a: Great Tusk
|
|-damage|p1a: Lokix|55/100 psn|[from] psn
|upkeep
|turn|6
|
|t:|1757872095
|switch|p1a: Altaria|Altaria, F|100/100
|-ability|p1a: Altaria|Cloud Nine
|move|p2a: Great Tusk|Ice Spinner|p1a: Altaria
|-supereffective|p1a: Altaria
|-damage|p1a: Altaria|0 fnt
|faint|p1a: Altaria
|
|upkeep
|
|t:|1757872102
|switch|p1a: Iron Treads|Iron Treads|100/100
|turn|7
|
|t:|1757872105
|move|p1a: Iron Treads|Rapid Spin|p2a: Great Tusk
|-damage|p2a: Great Tusk|33/100
|-boost|p1a: Iron Treads|spe|1
|-damage|p1a: Iron Treads|84/100|[from] item: Rocky Helmet|[of] p2a: Great Tusk
|-sideend|p1: kirasai|Toxic Spikes|[from] move: Rapid Spin|[of] p1a: Iron Treads
|move|p2a: Great Tusk|Headlong Rush|p1a: Iron Treads
|-supereffective|p1a: Iron Treads
|-damage|p1a: Iron Treads|0 fnt
|-unboost|p2a: Great Tusk|def|1
|-unboost|p2a: Great Tusk|spd|1
|faint|p1a: Iron Treads
|-end|p1a: Iron Treads|Quark Drive|[silent]
|
|upkeep
|
|t:|1757872110
|switch|p1a: Lokix|Lokix, F, tera:Bug|55/100 psn
|turn|8
|
|t:|1757872113
|-end|p2a: Great Tusk|Protosynthesis|[silent]
|switch|p2a: Gholdengo|Gholdengo|100/100
|move|p1a: Lokix|U-turn|p2a: Gholdengo
|-resisted|p2a: Gholdengo
|-damage|p2a: Gholdengo|66/100
|
|t:|1757872118
|switch|p1a: Hatterene|Hatterene, F|100/100|[from] U-turn
|
|upkeep
|turn|9
|
|t:|1757872121
|move|p2a: Gholdengo|Trick|p1a: Hatterene
|-activate|p2a: Gholdengo|move: Trick|[of] p1a: Hatterene
|-item|p1a: Hatterene|Choice Scarf|[from] move: Trick
|-item|p2a: Gholdengo|Choice Specs|[from] move: Trick
|move|p1a: Hatterene|Mystical Fire|p2a: Gholdengo
|-supereffective|p2a: Gholdengo
|-damage|p2a: Gholdengo|11/100
|-unboost|p2a: Gholdengo|spa|1
|
|upkeep
|turn|10
|
|t:|1757872129
|switch|p2a: Walking Wake|Walking Wake|76/100
|move|p1a: Hatterene|Mystical Fire|p2a: Walking Wake
|-resisted|p2a: Walking Wake
|-damage|p2a: Walking Wake|67/100
|-unboost|p2a: Walking Wake|spa|1
|
|upkeep
|turn|11
|
|t:|1757872137
|move|p2a: Walking Wake|Substitute|p2a: Walking Wake
|-start|p2a: Walking Wake|Substitute
|-damage|p2a: Walking Wake|43/100
|move|p1a: Hatterene|Mystical Fire|p2a: Walking Wake
|-resisted|p2a: Walking Wake
|-crit|p2a: Walking Wake
|-activate|p2a: Walking Wake|move: Substitute|[damage]
|
|upkeep
|turn|12
|
|t:|1757872143
|move|p2a: Walking Wake|Hydro Steam|p1a: Hatterene
|-damage|p1a: Hatterene|70/100
|move|p1a: Hatterene|Mystical Fire|p2a: Walking Wake
|-resisted|p2a: Walking Wake
|-activate|p2a: Walking Wake|move: Substitute|[damage]
|
|upkeep
|turn|13
|
|t:|1757872149
|move|p2a: Walking Wake|Hydro Steam|p1a: Hatterene
|-damage|p1a: Hatterene|40/100
|move|p1a: Hatterene|Mystical Fire|p2a: Walking Wake
|-resisted|p2a: Walking Wake
|-end|p2a: Walking Wake|Substitute
|
|upkeep
|turn|14
|
|t:|1757872156
|move|p2a: Walking Wake|Substitute|p2a: Walking Wake
|-start|p2a: Walking Wake|Substitute
|-damage|p2a: Walking Wake|18/100
|move|p1a: Hatterene|Mystical Fire|p2a: Walking Wake
|-resisted|p2a: Walking Wake
|-activate|p2a: Walking Wake|move: Substitute|[damage]
|
|upkeep
|turn|15
|
|t:|1757872161
|move|p2a: Walking Wake|Hydro Steam|p1a: Hatterene
|-crit|p1a: Hatterene
|-damage|p1a: Hatterene|0 fnt
|faint|p1a: Hatterene
|
|upkeep
|
|t:|1757872164
|switch|p1a: Indeedee|Indeedee-F, F|100/100
|-fieldstart|move: Psychic Terrain|[from] ability: Psychic Surge|[of] p1a: Indeedee
|turn|16
|
|t:|1757872168
|move|p1a: Indeedee|Energy Ball|p2a: Walking Wake
|-end|p2a: Walking Wake|Substitute
|move|p2a: Walking Wake|Hydro Steam|p1a: Indeedee
|-damage|p1a: Indeedee|67/100
|
|upkeep
|turn|17
|
|t:|1757872178
|-end|p2a: Walking Wake|Protosynthesis|[silent]
|switch|p2a: Torkoal|Torkoal, M|100/100
|-weather|SunnyDay|[from] ability: Drought|[of] p2a: Torkoal
|move|p1a: Indeedee|Energy Ball|p2a: Torkoal
|-resisted|p2a: Torkoal
|-damage|p2a: Torkoal|84/100
|-enditem|p2a: Torkoal|Eject Button
|
|t:|1757872184
|switch|p2a: Slowking|Slowking-Galar, F|100/100
|
|-weather|SunnyDay|[upkeep]
|upkeep
|turn|18
|
|t:|1757872188
|switch|p1a: Lokix|Lokix, F, tera:Bug|55/100 psn
|move|p2a: Slowking|Sludge Bomb|p1a: Lokix
|-damage|p1a: Lokix|0 fnt
|faint|p1a: Lokix
|
|-weather|SunnyDay|[upkeep]
|upkeep
|-message|kirasai forfeited.
|
|win|seaslugg22
|raw|kirasai's rating: 1121 &rarr; <strong>1097</strong><br />(-24 for losing)
|raw|seaslugg22's rating: 1129 &rarr; <strong>1153</strong><br />(+24 for winning)
|l|☆kirasai
|player|p1|
|l|☆seaslugg22
|player|p2|
