|j|‽wwesucks
|j|☆ekud
|t:|1757906207
|gametype|singles
|player|p1|wwesucks|miku-ice|1403
|player|p2|ekud|1|1394
|gen|9
|tier|[Gen 9] OU
|rated|
|rule|HP Percentage Mod: HP is shown in percentages
|rule|Endless Battle Clause: Forcing endless battles is banned
|rule|Species Clause: Limit one of each Pokémon
|rule|OHKO Clause: OHKO moves are banned
|rule|Evasion Items Clause: Evasion items are banned
|rule|Evasion Moves Clause: Evasion moves are banned
|rule|Evasion Abilities Clause: Evasion abilities are banned
|rule|Sleep Moves Clause: Sleep-inducing moves are banned
|clearpoke
|poke|p1|Rotom-Wash|
|poke|p1|Blaziken, M|
|poke|p1|Sinistcha|
|poke|p1|Excadrill, F|
|poke|p1|Zamazenta-*|
|poke|p1|Tyranitar, M|
|poke|p2|Iron Moth|
|poke|p2|Ting-Lu|
|poke|p2|Torkoal, F|
|poke|p2|Walking Wake|
|poke|p2|Great Tusk|
|poke|p2|Slither Wing|
|teampreview
|
|t:|1757906221
|teamsize|p1|6
|teamsize|p2|6
|start
|switch|p1a: Rotom|Rotom-Wash|100/100
|switch|p2a: Torkoal|Torkoal, F|100/100
|-weather|SunnyDay|[from] ability: Drought|[of] p2a: Torkoal
|turn|1
|
|t:|1757906227
|move|p1a: Rotom|Volt Switch|p2a: Torkoal
|-damage|p2a: Torkoal|67/100
|inactive|Battle timer is ON: inactive players will automatically lose when time's up. (requested by wwesucks)
|
|t:|1757906230
|switch|p1a: Tyranitar|Tyranitar, M|100/100|[from] Volt Switch
|-weather|Sandstorm|[from] ability: Sand Stream|[of] p1a: Tyranitar
|move|p2a: Torkoal|Will-O-Wisp|p1a: Tyranitar
|-status|p1a: Tyranitar|brn
|
|-weather|Sandstorm|[upkeep]
|-damage|p2a: Torkoal|61/100|[from] Sandstorm
|-damage|p1a: Tyranitar|94/100 brn|[from] brn
|upkeep
|turn|2
|
|t:|1757906241
|switch|p2a: Ting-Lu|Ting-Lu|100/100
|-ability|p2a: Ting-Lu|Vessel of Ruin
|move|p1a: Tyranitar|Stealth Rock|p2a: Ting-Lu
|-sidestart|p2: ekud|move: Stealth Rock
|
|-weather|Sandstorm|[upkeep]
|-damage|p1a: Tyranitar|88/100 brn|[from] brn
|upkeep
|turn|3
|
|t:|1757906249
|switch|p1a: Sinistcha|Sinistcha|100/100
|move|p2a: Ting-Lu|Spikes|p1a: Sinistcha
|-sidestart|p1: wwesucks|Spikes
|
|-weather|Sandstorm|[upkeep]
|-damage|p1a: Sinistcha|94/100|[from] Sandstorm
|upkeep
|turn|4
|
|t:|1757906255
|move|p1a: Sinistcha|Matcha Gotcha|p2a: Ting-Lu
|-supereffective|p2a: Ting-Lu
|-damage|p2a: Ting-Lu|71/100
|-heal|p1a: Sinistcha|100/100|[from] drain|[of] p2a: Ting-Lu
|move|p2a: Ting-Lu|Whirlwind|p1a: Sinistcha
|drag|p1a: Zamazenta|Zamazenta|100/100
|-damage|p1a: Zamazenta|88/100|[from] Spikes
|-ability|p1a: Zamazenta|Dauntless Shield|boost
|-boost|p1a: Zamazenta|def|1
|
|-weather|Sandstorm|[upkeep]
|-damage|p1a: Zamazenta|82/100|[from] Sandstorm
|-heal|p1a: Zamazenta|88/100|[from] item: Leftovers
|upkeep
|turn|5
|
|t:|1757906268
|switch|p2a: Great Tusk|Great Tusk|100/100
|move|p1a: Zamazenta|Body Press|p2a: Great Tusk
|-damage|p2a: Great Tusk|70/100
|
|-weather|Sandstorm|[upkeep]
|-damage|p1a: Zamazenta|82/100|[from] Sandstorm
|-heal|p1a: Zamazenta|88/100|[from] item: Leftovers
|upkeep
|turn|6
|
|t:|1757906279
|move|p1a: Zamazenta|Iron Defense|p1a: Zamazenta
|-boost|p1a: Zamazenta|def|2
|move|p2a: Great Tusk|Bulk Up|p2a: Great Tusk
|-boost|p2a: Great Tusk|atk|1
|-boost|p2a: Great Tusk|def|1
|
|-weather|Sandstorm|[upkeep]
|-damage|p1a: Zamazenta|82/100|[from] Sandstorm
|-heal|p1a: Zamazenta|88/100|[from] item: Leftovers
|upkeep
|turn|7
|
|t:|1757906287
|move|p2a: Great Tusk|Rapid Spin|p1a: Zamazenta
|-damage|p1a: Zamazenta|81/100
|-boost|p2a: Great Tusk|spe|1
|-sideend|p2: ekud|Stealth Rock|[from] move: Rapid Spin|[of] p2a: Great Tusk
|move|p1a: Zamazenta|Roar|p2a: Great Tusk
|-end|p2a: Great Tusk|Protosynthesis|[silent]
|drag|p2a: Slither Wing|Slither Wing|100/100
|
|-weather|Sandstorm|[upkeep]
|-damage|p1a: Zamazenta|75/100|[from] Sandstorm
|-damage|p2a: Slither Wing|94/100|[from] Sandstorm
|-heal|p1a: Zamazenta|81/100|[from] item: Leftovers
|upkeep
|turn|8
|
|t:|1757906299
|move|p1a: Zamazenta|Body Press|p2a: Slither Wing
|-resisted|p2a: Slither Wing
|-crit|p2a: Slither Wing
|-damage|p2a: Slither Wing|17/100
|move|p2a: Slither Wing|U-turn|p1a: Zamazenta
|-resisted|p1a: Zamazenta
|-damage|p1a: Zamazenta|72/100
|
|t:|1757906306
|-end|p2a: Slither Wing|Protosynthesis|[silent]
|switch|p2a: Walking Wake|Walking Wake|100/100|[from] U-turn
|
|-weather|none
|-heal|p1a: Zamazenta|78/100|[from] item: Leftovers
|upkeep
|turn|9
|
|t:|1757906322
|move|p1a: Zamazenta|Body Press|p2a: Walking Wake
|-damage|p2a: Walking Wake|10/100
|move|p2a: Walking Wake|Draco Meteor|p1a: Zamazenta
|-damage|p1a: Zamazenta|0 fnt
|-unboost|p2a: Walking Wake|spa|2
|faint|p1a: Zamazenta
|
|upkeep
|
|t:|1757906333
|switch|p1a: Tyranitar|Tyranitar, M|88/100 brn
|-damage|p1a: Tyranitar|76/100 brn|[from] Spikes
|-weather|Sandstorm|[from] ability: Sand Stream|[of] p1a: Tyranitar
|turn|10
|
|t:|1757906347
|-end|p2a: Walking Wake|Protosynthesis|[silent]
|switch|p2a: Torkoal|Torkoal, F|61/100
|-weather|SunnyDay|[from] ability: Drought|[of] p2a: Torkoal
|move|p1a: Tyranitar|Stealth Rock|p2a: Torkoal
|-sidestart|p2: ekud|move: Stealth Rock
|
|-weather|SunnyDay|[upkeep]
|-damage|p1a: Tyranitar|70/100 brn|[from] brn
|upkeep
|turn|11
|
|t:|1757906357
|switch|p1a: Rotom|Rotom-Wash|100/100
|move|p2a: Torkoal|Rapid Spin|p1a: Rotom
|-damage|p1a: Rotom|90/100
|-boost|p2a: Torkoal|spe|1
|-sideend|p2: ekud|Stealth Rock|[from] move: Rapid Spin|[of] p2a: Torkoal
|
|-weather|SunnyDay|[upkeep]
|-heal|p1a: Rotom|96/100|[from] item: Leftovers
|upkeep
|turn|12
|
|t:|1757906368
|switch|p1a: Tyranitar|Tyranitar, M|70/100 brn
|-damage|p1a: Tyranitar|57/100 brn|[from] Spikes
|-weather|Sandstorm|[from] ability: Sand Stream|[of] p1a: Tyranitar
|switch|p2a: Slither Wing|Slither Wing|17/100
|
|-weather|Sandstorm|[upkeep]
|-damage|p2a: Slither Wing|11/100|[from] Sandstorm
|-damage|p1a: Tyranitar|51/100 brn|[from] brn
|upkeep
|turn|13
|
|t:|1757906378
|switch|p1a: Sinistcha|Sinistcha|100/100
|move|p2a: Slither Wing|First Impression|p1a: Sinistcha
|-damage|p1a: Sinistcha|46/100
|
|-weather|Sandstorm|[upkeep]
|-damage|p2a: Slither Wing|5/100|[from] Sandstorm
|-damage|p1a: Sinistcha|40/100|[from] Sandstorm
|upkeep
|turn|14
|
|t:|1757906387
|move|p2a: Slither Wing|First Impression||[still]
|-hint|First Impression only works on your first turn out.
|-fail|p2a: Slither Wing
|move|p1a: Sinistcha|Strength Sap|p2a: Slither Wing
|-unboost|p2a: Slither Wing|atk|1
|-heal|p1a: Sinistcha|100/100
|
|-weather|Sandstorm|[upkeep]
|-damage|p2a: Slither Wing|0 fnt|[from] Sandstorm
|-damage|p1a: Sinistcha|94/100|[from] Sandstorm
|faint|p2a: Slither Wing
|-end|p2a: Slither Wing|Protosynthesis|[silent]
|upkeep
|
|t:|1757906398
|switch|p2a: Walking Wake|Walking Wake|10/100
|turn|15
|
|t:|1757906406
|switch|p1a: Blaziken|Blaziken, M|100/100
|-damage|p1a: Blaziken|88/100|[from] Spikes
|move|p2a: Walking Wake|Draco Meteor|p1a: Blaziken
|-damage|p1a: Blaziken|0 fnt
|-unboost|p2a: Walking Wake|spa|2
|faint|p1a: Blaziken
|
|-weather|Sandstorm|[upkeep]
|-damage|p2a: Walking Wake|4/100|[from] Sandstorm
|upkeep
|
|t:|1757906413
|switch|p1a: Excadrill|Excadrill, F|100/100
|-damage|p1a: Excadrill|88/100|[from] Spikes
|turn|16
|
|t:|1757906422
|-end|p2a: Walking Wake|Protosynthesis|[silent]
|switch|p2a: Ting-Lu|Ting-Lu|71/100
|-ability|p2a: Ting-Lu|Vessel of Ruin
|move|p1a: Excadrill|Rapid Spin|p2a: Ting-Lu
|-damage|p2a: Ting-Lu|60/100
|-boost|p1a: Excadrill|spe|1
|-damage|p1a: Excadrill|71/100|[from] item: Rocky Helmet|[of] p2a: Ting-Lu
|-sideend|p1: wwesucks|Spikes|[from] move: Rapid Spin|[of] p1a: Excadrill
|
|-weather|Sandstorm|[upkeep]
|-heal|p1a: Excadrill|78/100|[from] item: Leftovers
|upkeep
|turn|17
|
|t:|1757906433
|-terastallize|p1a: Excadrill|Ice
|move|p1a: Excadrill|Tera Blast|p2a: Ting-Lu|[anim] Tera Blast Ice
|-supereffective|p2a: Ting-Lu
|-damage|p2a: Ting-Lu|5/100
|move|p2a: Ting-Lu|Earthquake|p1a: Excadrill
|-damage|p1a: Excadrill|21/100
|
|-weather|Sandstorm|[upkeep]
|-heal|p1a: Excadrill|27/100|[from] item: Leftovers
|upkeep
|turn|18
|
|t:|1757906442
|move|p1a: Excadrill|Rapid Spin|p2a: Ting-Lu
|-damage|p2a: Ting-Lu|0 fnt
|-boost|p1a: Excadrill|spe|1
|-damage|p1a: Excadrill|10/100|[from] item: Rocky Helmet|[of] p2a: Ting-Lu
|faint|p2a: Ting-Lu
|
|-weather|Sandstorm|[upkeep]
|-heal|p1a: Excadrill|17/100|[from] item: Leftovers
|upkeep
|
|t:|1757906453
|switch|p2a: Great Tusk|Great Tusk|70/100
|turn|19
|
|t:|1757906461
|-terastallize|p2a: Great Tusk|Ghost
|move|p1a: Excadrill|Tera Blast|p2a: Great Tusk|[anim] Tera Blast Ice
|-damage|p2a: Great Tusk|39/100
|move|p2a: Great Tusk|Headlong Rush|p1a: Excadrill
|-damage|p1a: Excadrill|0 fnt
|-unboost|p2a: Great Tusk|def|1
|-unboost|p2a: Great Tusk|spd|1
|faint|p1a: Excadrill
|
|-weather|none
|upkeep
|
|t:|1757906469
|switch|p1a: Rotom|Rotom-Wash|96/100
|turn|20
|
|t:|1757906474
|-end|p2a: Great Tusk|Protosynthesis|[silent]
|switch|p2a: Torkoal|Torkoal, F|61/100
|-weather|SunnyDay|[from] ability: Drought|[of] p2a: Torkoal
|move|p1a: Rotom|Hydro Pump|p2a: Torkoal
|-supereffective|p2a: Torkoal
|-damage|p2a: Torkoal|9/100
|
|-weather|SunnyDay|[upkeep]
|-heal|p1a: Rotom|100/100|[from] item: Leftovers
|upkeep
|turn|21
|
|t:|1757906485
|switch|p2a: Great Tusk|Great Tusk, tera:Ghost|39/100
|-activate|p2a: Great Tusk|ability: Protosynthesis
|-start|p2a: Great Tusk|protosynthesisspe
|move|p1a: Rotom|Volt Switch|p2a: Great Tusk
|-damage|p2a: Great Tusk|3/100
|
|t:|1757906489
|switch|p1a: Tyranitar|Tyranitar, M|51/100 brn|[from] Volt Switch
|-weather|Sandstorm|[from] ability: Sand Stream|[of] p1a: Tyranitar
|-end|p2a: Great Tusk|Protosynthesis
|
|-weather|Sandstorm|[upkeep]
|-damage|p2a: Great Tusk|0 fnt|[from] Sandstorm
|faint|p2a: Great Tusk
|-end|p2a: Great Tusk|Protosynthesis|[silent]
|-damage|p1a: Tyranitar|45/100 brn|[from] brn
|upkeep
|
|t:|1757906501
|switch|p2a: Walking Wake|Walking Wake|4/100
|turn|22
|
|t:|1757906508
|switch|p1a: Rotom|Rotom-Wash|100/100
|move|p2a: Walking Wake|Hydro Steam|p1a: Rotom
|-resisted|p1a: Rotom
|-damage|p1a: Rotom|77/100
|
|-weather|Sandstorm|[upkeep]
|-damage|p2a: Walking Wake|0 fnt|[from] Sandstorm
|-damage|p1a: Rotom|71/100|[from] Sandstorm
|faint|p2a: Walking Wake
|-end|p2a: Walking Wake|Protosynthesis|[silent]
|-heal|p1a: Rotom|77/100|[from] item: Leftovers
|upkeep
|
|t:|1757906520
|switch|p2a: Iron Moth|Iron Moth|100/100
|turn|23
|
|t:|1757906527
|move|p2a: Iron Moth|Sludge Wave|p1a: Rotom
|-damage|p1a: Rotom|11/100
|move|p1a: Rotom|Hydro Pump|p2a: Iron Moth
|-supereffective|p2a: Iron Moth
|-damage|p2a: Iron Moth|13/100
|
|-weather|Sandstorm|[upkeep]
|-damage|p2a: Iron Moth|7/100|[from] Sandstorm
|-damage|p1a: Rotom|5/100|[from] Sandstorm
|-heal|p1a: Rotom|11/100|[from] item: Leftovers
|upkeep
|turn|24
|
|t:|1757906536
|move|p2a: Iron Moth|Sludge Wave|p1a: Rotom
|-damage|p1a: Rotom|0 fnt
|faint|p1a: Rotom
|
|-weather|Sandstorm|[upkeep]
|-damage|p2a: Iron Moth|1/100|[from] Sandstorm
|upkeep
|
|t:|1757906543
|switch|p1a: Sinistcha|Sinistcha|94/100
|turn|25
|
|t:|1757906547
|move|p2a: Iron Moth|Sludge Wave|p1a: Sinistcha
|-damage|p1a: Sinistcha|0 fnt
|faint|p1a: Sinistcha
|
|-weather|Sandstorm|[upkeep]
|-damage|p2a: Iron Moth|0 fnt|[from] Sandstorm
|faint|p2a: Iron Moth
|-end|p2a: Iron Moth|Quark Drive|[silent]
|upkeep
|
|t:|1757906554
|switch|p2a: Torkoal|Torkoal, F|9/100
|switch|p1a: Tyranitar|Tyranitar, M|45/100 brn
|-weather|SunnyDay|[from] ability: Drought|[of] p2a: Torkoal
|turn|26
|
|t:|1757906559
|move|p1a: Tyranitar|Ice Beam|p2a: Torkoal
|-resisted|p2a: Torkoal
|-damage|p2a: Torkoal|0 fnt
|faint|p2a: Torkoal
|
|win|wwesucks
|raw|wwesucks's rating: 1403 &rarr; <strong>1422</strong><br />(+19 for winning)
|raw|ekud's rating: 1394 &rarr; <strong>1375</strong><br />(-19 for losing)
