|j|☆GarbagioFilth
|j|☆green_ninja103
|t:|1757899688
|gametype|singles
|player|p1|GarbagioFilth|byron|1502
|player|p2|green_ninja103|veteran|1533
|gen|9
|tier|[Gen 9] OU
|rated|
|rule|HP Percentage Mod: HP is shown in percentages
|rule|Endless Battle Clause: Forcing endless battles is banned
|rule|Species Clause: Limit one of each Pokémon
|rule|OHKO Clause: OHKO moves are banned
|rule|Evasion Items Clause: Evasion items are banned
|rule|Evasion Moves Clause: Evasion moves are banned
|rule|Evasion Abilities Clause: Evasion abilities are banned
|rule|Sleep Moves Clause: Sleep-inducing moves are banned
|clearpoke
|poke|p1|Dondozo, M|
|poke|p1|Blissey, F|
|poke|p1|Corviknight, F|
|poke|p1|Weezing-Galar, M|
|poke|p1|Gliscor, M|
|poke|p1|Toxapex, M|
|poke|p2|Lokix, F|
|poke|p2|Pecharunt|
|poke|p2|Zamazenta-*|
|poke|p2|Ting-Lu|
|poke|p2|Latios, M|
|poke|p2|Gliscor, F|
|teampreview
|inactive|Battle timer is ON: inactive players will automatically lose when time's up. (requested by GarbagioFilth)
|
|t:|1757899693
|teamsize|p1|6
|teamsize|p2|6
|start
|switch|p1a: Stallmate|Gliscor, M|100/100
|switch|p2a: Pestilence|Gliscor, F|100/100
|turn|1
|
|t:|1757899716
|move|p2a: Pestilence|Protect|p2a: Pestilence
|-singleturn|p2a: Pestilence|Protect
|move|p1a: Stallmate|Protect||[still]
|-fail|p1a: Stallmate
|
|-status|p2a: Pestilence|tox|[from] item: Toxic Orb
|-status|p1a: Stallmate|tox|[from] item: Toxic Orb
|upkeep
|turn|2
|
|t:|1757899723
|move|p2a: Pestilence|Spikes|p1a: Stallmate
|-sidestart|p1: GarbagioFilth|Spikes
|move|p1a: Stallmate|Spikes|p2a: Pestilence
|-sidestart|p2: green_ninja103|Spikes
|
|upkeep
|turn|3
|
|t:|1757899727
|move|p2a: Pestilence|Spikes|p1a: Stallmate
|-sidestart|p1: GarbagioFilth|Spikes
|move|p1a: Stallmate|Spikes|p2a: Pestilence
|-sidestart|p2: green_ninja103|Spikes
|
|upkeep
|turn|4
|
|t:|1757899737
|move|p2a: Pestilence|Spikes|p1a: Stallmate
|-sidestart|p1: GarbagioFilth|Spikes
|move|p1a: Stallmate|Spikes|p2a: Pestilence
|-sidestart|p2: green_ninja103|Spikes
|
|upkeep
|turn|5
|
|t:|1757899748
|move|p2a: Pestilence|Knock Off|p1a: Stallmate
|-damage|p1a: Stallmate|83/100 tox
|-enditem|p1a: Stallmate|Toxic Orb|[from] move: Knock Off|[of] p2a: Pestilence
|move|p1a: Stallmate|Knock Off|p2a: Pestilence
|-damage|p2a: Pestilence|84/100 tox
|-enditem|p2a: Pestilence|Toxic Orb|[from] move: Knock Off|[of] p1a: Stallmate
|
|-heal|p2a: Pestilence|97/100 tox|[from] ability: Poison Heal
|-heal|p1a: Stallmate|95/100 tox|[from] ability: Poison Heal
|upkeep
|turn|6
|
|t:|1757899756
|move|p2a: Pestilence|Knock Off|p1a: Stallmate
|-damage|p1a: Stallmate|84/100 tox
|move|p1a: Stallmate|Spikes||[still]
|-fail|p1a: Stallmate
|
|-heal|p2a: Pestilence|100/100 tox|[from] ability: Poison Heal
|-heal|p1a: Stallmate|96/100 tox|[from] ability: Poison Heal
|upkeep
|turn|7
|
|t:|1757899761
|move|p2a: Pestilence|Spikes||[still]
|-fail|p2a: Pestilence
|move|p1a: Stallmate|Knock Off|p2a: Pestilence
|-damage|p2a: Pestilence|88/100 tox
|
|-heal|p2a: Pestilence|100/100 tox|[from] ability: Poison Heal
|-heal|p1a: Stallmate|100/100 tox|[from] ability: Poison Heal
|upkeep
|turn|8
|
|t:|1757899772
|move|p2a: Pestilence|Spikes||[still]
|-fail|p2a: Pestilence
|move|p1a: Stallmate|Spikes||[still]
|-fail|p1a: Stallmate
|
|upkeep
|turn|9
|
|t:|1757899785
|move|p2a: Pestilence|Knock Off|p1a: Stallmate
|-damage|p1a: Stallmate|89/100 tox
|move|p1a: Stallmate|Spikes||[still]
|-fail|p1a: Stallmate
|
|-heal|p1a: Stallmate|100/100 tox|[from] ability: Poison Heal
|upkeep
|turn|10
|
|t:|1757899807
|move|p2a: Pestilence|Spikes||[still]
|-fail|p2a: Pestilence
|move|p1a: Stallmate|Spikes||[still]
|-fail|p1a: Stallmate
|
|upkeep
|turn|11
|
|t:|1757899818
|move|p2a: Pestilence|U-turn|p1a: Stallmate
|-resisted|p1a: Stallmate
|-damage|p1a: Stallmate|95/100 tox
|
|t:|1757899819
|switch|p2a: F-22 Raptor|Latios, M|100/100|[from] U-turn
|move|p1a: Stallmate|Knock Off|p2a: F-22 Raptor
|-supereffective|p2a: F-22 Raptor
|-damage|p2a: F-22 Raptor|45/100
|-enditem|p2a: F-22 Raptor|Soul Dew|[from] move: Knock Off|[of] p1a: Stallmate
|
|-heal|p1a: Stallmate|100/100 tox|[from] ability: Poison Heal
|upkeep
|turn|12
|inactive|GarbagioFilth has 120 seconds left.
|
|t:|1757899854
|-terastallize|p2a: F-22 Raptor|Steel
|move|p1a: Stallmate|Protect|p1a: Stallmate
|-singleturn|p1a: Stallmate|Protect
|move|p2a: F-22 Raptor|Recover|p2a: F-22 Raptor
|-heal|p2a: F-22 Raptor|95/100
|
|upkeep
|turn|13
|inactive|GarbagioFilth has 120 seconds left.
|inactive|GarbagioFilth has 90 seconds left.
|
|t:|1757899896
|switch|p1a: Stallking|Toxapex, M|100/100
|-damage|p1a: Stallking|75/100|[from] Spikes
|move|p2a: F-22 Raptor|Psychic Noise|p1a: Stallking
|-supereffective|p1a: Stallking
|-damage|p1a: Stallking|24/100
|-start|p1a: Stallking|move: Heal Block
|
|upkeep
|turn|14
|inactive|GarbagioFilth has 90 seconds left.
|inactive|GarbagioFilth has 60 seconds left.
|
|t:|1757899938
|switch|p1a: Stallmate|Gliscor, M|100/100 tox
|move|p2a: F-22 Raptor|Psychic Noise|p1a: Stallmate
|-damage|p1a: Stallmate|68/100 tox
|-start|p1a: Stallmate|move: Heal Block
|
|upkeep
|turn|15
|inactive|GarbagioFilth has 60 seconds left.
|
|t:|1757899955
|move|p2a: F-22 Raptor|Psychic Noise|p1a: Stallmate
|-damage|p1a: Stallmate|36/100 tox
|move|p1a: Stallmate|Knock Off|p2a: F-22 Raptor
|-damage|p2a: F-22 Raptor|77/100
|
|-end|p1a: Stallmate|move: Heal Block
|upkeep
|turn|16
|inactive|GarbagioFilth has 60 seconds left.
|
|t:|1757899965
|move|p1a: Stallmate|Protect|p1a: Stallmate
|-singleturn|p1a: Stallmate|Protect
|move|p2a: F-22 Raptor|Draco Meteor|p1a: Stallmate
|-activate|p1a: Stallmate|move: Protect
|
|-heal|p1a: Stallmate|48/100 tox|[from] ability: Poison Heal
|upkeep
|turn|17
|inactive|GarbagioFilth has 60 seconds left.
|
|t:|1757899979
|switch|p1a: Stalingrad|Blissey, F|100/100
|-damage|p1a: Stalingrad|75/100|[from] Spikes
|move|p2a: F-22 Raptor|Psychic Noise|p1a: Stalingrad
|-damage|p1a: Stalingrad|64/100
|-start|p1a: Stalingrad|move: Heal Block
|
|upkeep
|turn|18
|inactive|GarbagioFilth has 60 seconds left.
|
|t:|1757899986
|move|p2a: F-22 Raptor|Flip Turn|p1a: Stalingrad
|-damage|p1a: Stalingrad|51/100
|
|t:|1757899992
|switch|p2a: Invasive Species|Lokix, F|100/100|[from] Flip Turn
|move|p1a: Stalingrad|Calm Mind|p1a: Stalingrad
|-boost|p1a: Stalingrad|spa|1
|-boost|p1a: Stalingrad|spd|1
|
|-end|p1a: Stalingrad|move: Heal Block
|upkeep
|turn|19
|
|t:|1757900006
|switch|p1a: Stalinski|Corviknight, F|100/100
|-ability|p1a: Stalinski|Pressure
|move|p2a: Invasive Species|U-turn|p1a: Stalinski
|-resisted|p1a: Stalinski
|-damage|p1a: Stalinski|90/100
|
|t:|1757900013
|switch|p2a: Berlin Wall|Ting-Lu|100/100|[from] U-turn
|-damage|p2a: Berlin Wall|76/100|[from] Spikes
|-ability|p2a: Berlin Wall|Vessel of Ruin
|
|-heal|p1a: Stalinski|97/100|[from] item: Leftovers
|-heal|p2a: Berlin Wall|82/100|[from] item: Leftovers
|upkeep
|turn|20
|
|t:|1757900018
|move|p1a: Stalinski|Defog|p2a: Berlin Wall
|-unboost|p2a: Berlin Wall|evasion|1
|-sideend|p2: green_ninja103|Spikes|[from] move: Defog|[of] p1a: Stalinski
|-sideend|p1: GarbagioFilth|Spikes|[from] move: Defog|[of] p1a: Stalinski
|move|p2a: Berlin Wall|Stealth Rock|p1a: Stalinski
|-sidestart|p1: GarbagioFilth|move: Stealth Rock
|
|-heal|p1a: Stalinski|100/100|[from] item: Leftovers
|-heal|p2a: Berlin Wall|88/100|[from] item: Leftovers
|upkeep
|turn|21
|
|t:|1757900024
|switch|p2a: Invasive Species|Lokix, F|100/100
|move|p1a: Stalinski|Defog|p2a: Invasive Species
|-unboost|p2a: Invasive Species|evasion|1
|-sideend|p1: GarbagioFilth|Stealth Rock|[from] move: Defog|[of] p1a: Stalinski
|
|upkeep
|turn|22
|
|t:|1757900028
|move|p2a: Invasive Species|Knock Off|p1a: Stalinski
|-damage|p1a: Stalinski|72/100
|-enditem|p1a: Stalinski|Leftovers|[from] move: Knock Off|[of] p2a: Invasive Species
|move|p1a: Stalinski|Body Press|p2a: Invasive Species
|-damage|p2a: Invasive Species|62/100
|
|upkeep
|turn|23
|
|t:|1757900035
|move|p2a: Invasive Species|U-turn|p1a: Stalinski
|-resisted|p1a: Stalinski
|-damage|p1a: Stalinski|62/100
|
|t:|1757900039
|switch|p2a: Cancerous Tumor|Pecharunt|100/100|[from] U-turn
|move|p1a: Stalinski|Body Press|p2a: Cancerous Tumor
|-immune|p2a: Cancerous Tumor
|
|upkeep
|turn|24
|
|t:|1757900043
|switch|p1a: Stalingrad|Blissey, F|51/100
|move|p2a: Cancerous Tumor|Parting Shot|p1a: Stalingrad
|-unboost|p1a: Stalingrad|atk|1
|-unboost|p1a: Stalingrad|spa|1
|
|t:|1757900045
|switch|p2a: Invasive Species|Lokix, F|62/100|[from] Parting Shot
|
|-heal|p1a: Stalingrad|58/100|[from] item: Leftovers
|upkeep
|turn|25
|
|t:|1757900051
|switch|p1a: Stalin|Dondozo, M|100/100
|move|p2a: Invasive Species|U-turn|p1a: Stalin
|-damage|p1a: Stalin|86/100
|
|t:|1757900056
|switch|p2a: F-22 Raptor|Latios, M, tera:Steel|77/100|[from] U-turn
|
|-heal|p1a: Stalin|92/100|[from] item: Leftovers
|upkeep
|turn|26
|
|t:|1757900061
|switch|p2a: Cancerous Tumor|Pecharunt|100/100
|switch|p1a: Stalingrad|Blissey, F|58/100
|
|-heal|p1a: Stalingrad|64/100|[from] item: Leftovers
|upkeep
|turn|27
|
|t:|1757900066
|move|p2a: Cancerous Tumor|Parting Shot|p1a: Stalingrad
|-unboost|p1a: Stalingrad|atk|1
|-unboost|p1a: Stalingrad|spa|1
|
|t:|1757900069
|switch|p2a: Invasive Species|Lokix, F|62/100|[from] Parting Shot
|move|p1a: Stalingrad|Soft-Boiled|p1a: Stalingrad
|-heal|p1a: Stalingrad|100/100
|
|upkeep
|turn|28
|
|t:|1757900074
|switch|p1a: Stalinski|Corviknight, F|62/100
|-ability|p1a: Stalinski|Pressure
|move|p2a: Invasive Species|Knock Off|p1a: Stalinski
|-damage|p1a: Stalinski|43/100
|
|upkeep
|turn|29
|
|t:|1757900080
|move|p2a: Invasive Species|U-turn|p1a: Stalinski
|-resisted|p1a: Stalinski
|-damage|p1a: Stalinski|33/100
|
|t:|1757900084
|switch|p2a: Pestilence|Gliscor, F|100/100 tox|[from] U-turn
|move|p1a: Stalinski|Roost|p1a: Stalinski
|-heal|p1a: Stalinski|83/100
|-singleturn|p1a: Stalinski|move: Roost
|
|upkeep
|turn|30
|
|t:|1757900089
|switch|p1a: Stallmate|Gliscor, M|48/100 tox
|move|p2a: Pestilence|U-turn|p1a: Stallmate
|-resisted|p1a: Stallmate
|-crit|p1a: Stallmate
|-damage|p1a: Stallmate|40/100 tox
|
|t:|1757900091
|switch|p2a: F-22 Raptor|Latios, M, tera:Steel|77/100|[from] U-turn
|
|-heal|p1a: Stallmate|52/100 tox|[from] ability: Poison Heal
|upkeep
|turn|31
|
|t:|1757900096
|switch|p1a: Stalingrad|Blissey, F|100/100
|move|p2a: F-22 Raptor|Psychic Noise|p1a: Stalingrad
|-damage|p1a: Stalingrad|89/100
|-start|p1a: Stalingrad|move: Heal Block
|
|upkeep
|turn|32
|
|t:|1757900102
|move|p2a: F-22 Raptor|Flip Turn|p1a: Stalingrad
|-damage|p1a: Stalingrad|77/100
|
|t:|1757900106
|switch|p2a: Princess|Zamazenta|100/100|[from] Flip Turn
|-ability|p2a: Princess|Dauntless Shield|boost
|-boost|p2a: Princess|def|1
|move|p1a: Stalingrad|Calm Mind|p1a: Stalingrad
|-boost|p1a: Stalingrad|spa|1
|-boost|p1a: Stalingrad|spd|1
|
|-end|p1a: Stalingrad|move: Heal Block
|upkeep
|turn|33
|inactive|GarbagioFilth has 120 seconds left.
|
|t:|1757900150
|switch|p1a: Stallking|Toxapex, M|57/100
|move|p2a: Princess|Close Combat|p1a: Stallking
|-resisted|p1a: Stallking
|-damage|p1a: Stallking|33/100
|-unboost|p2a: Princess|def|1
|-unboost|p2a: Princess|spd|1
|
|-heal|p1a: Stallking|40/100|[from] item: Leftovers
|upkeep
|turn|34
|
|t:|1757900157
|switch|p2a: F-22 Raptor|Latios, M, tera:Steel|77/100
|move|p1a: Stallking|Toxic|p2a: F-22 Raptor
|-immune|p2a: F-22 Raptor
|
|-heal|p1a: Stallking|46/100|[from] item: Leftovers
|upkeep
|turn|35
|
|t:|1757900164
|switch|p1a: Stalingrad|Blissey, F|77/100
|move|p2a: F-22 Raptor|Flip Turn|p1a: Stalingrad
|-damage|p1a: Stalingrad|65/100
|
|t:|1757900166
|switch|p2a: Invasive Species|Lokix, F|62/100|[from] Flip Turn
|
|-heal|p1a: Stalingrad|71/100|[from] item: Leftovers
|upkeep
|turn|36
|
|t:|1757900171
|switch|p1a: Stalinski|Corviknight, F|83/100
|-ability|p1a: Stalinski|Pressure
|move|p2a: Invasive Species|U-turn|p1a: Stalinski
|-resisted|p1a: Stalinski
|-damage|p1a: Stalinski|74/100
|
|t:|1757900188
|switch|p2a: F-22 Raptor|Latios, M, tera:Steel|77/100|[from] U-turn
|
|upkeep
|turn|37
|
|t:|1757900193
|-terastallize|p1a: Stalinski|Fighting
|move|p2a: F-22 Raptor|Flip Turn|p1a: Stalinski
|-damage|p1a: Stalinski|67/100
|
|t:|1757900198
|switch|p2a: Cancerous Tumor|Pecharunt|100/100|[from] Flip Turn
|move|p1a: Stalinski|Body Press|p2a: Cancerous Tumor
|-immune|p2a: Cancerous Tumor
|
|upkeep
|turn|38
|
|t:|1757900203
|switch|p1a: Stalingrad|Blissey, F|71/100
|move|p2a: Cancerous Tumor|Parting Shot|p1a: Stalingrad
|-unboost|p1a: Stalingrad|atk|1
|-unboost|p1a: Stalingrad|spa|1
|
|t:|1757900206
|switch|p2a: Invasive Species|Lokix, F|62/100|[from] Parting Shot
|
|-heal|p1a: Stalingrad|77/100|[from] item: Leftovers
|upkeep
|turn|39
|
|t:|1757900209
|move|p2a: Invasive Species|U-turn|p1a: Stalingrad
|-crit|p1a: Stalingrad
|-damage|p1a: Stalingrad|22/100
|
|t:|1757900212
|switch|p2a: Pestilence|Gliscor, F|100/100 tox|[from] U-turn
|move|p1a: Stalingrad|Stealth Rock|p2a: Pestilence
|-sidestart|p2: green_ninja103|move: Stealth Rock
|
|-heal|p1a: Stalingrad|28/100|[from] item: Leftovers
|upkeep
|turn|40
|
|t:|1757900217
|switch|p1a: Stallmate|Gliscor, M|52/100 tox
|move|p2a: Pestilence|Knock Off|p1a: Stallmate
|-crit|p1a: Stallmate
|-damage|p1a: Stallmate|36/100 tox
|
|-heal|p1a: Stallmate|49/100 tox|[from] ability: Poison Heal
|upkeep
|turn|41
|
|t:|1757900223
|move|p2a: Pestilence|Spikes|p1a: Stallmate
|-sidestart|p1: GarbagioFilth|Spikes
|move|p1a: Stallmate|Spikes|p2a: Pestilence
|-sidestart|p2: green_ninja103|Spikes
|
|-heal|p1a: Stallmate|61/100 tox|[from] ability: Poison Heal
|upkeep
|turn|42
|
|t:|1757900226
|move|p2a: Pestilence|Spikes|p1a: Stallmate
|-sidestart|p1: GarbagioFilth|Spikes
|move|p1a: Stallmate|Spikes|p2a: Pestilence
|-sidestart|p2: green_ninja103|Spikes
|
|-heal|p1a: Stallmate|74/100 tox|[from] ability: Poison Heal
|upkeep
|turn|43
|
|t:|1757900227
|move|p2a: Pestilence|Spikes|p1a: Stallmate
|-sidestart|p1: GarbagioFilth|Spikes
|move|p1a: Stallmate|Spikes|p2a: Pestilence
|-sidestart|p2: green_ninja103|Spikes
|
|-heal|p1a: Stallmate|86/100 tox|[from] ability: Poison Heal
|upkeep
|turn|44
|
|t:|1757900233
|move|p2a: Pestilence|U-turn|p1a: Stallmate
|-resisted|p1a: Stallmate
|-damage|p1a: Stallmate|80/100 tox
|
|t:|1757900237
|switch|p2a: F-22 Raptor|Latios, M, tera:Steel|77/100|[from] U-turn
|-damage|p2a: F-22 Raptor|71/100|[from] Stealth Rock
|move|p1a: Stallmate|Spikes||[still]
|-fail|p1a: Stallmate
|
|-heal|p1a: Stallmate|93/100 tox|[from] ability: Poison Heal
|upkeep
|turn|45
|
|t:|1757900248
|move|p1a: Stallmate|Protect|p1a: Stallmate
|-singleturn|p1a: Stallmate|Protect
|move|p2a: F-22 Raptor|Psychic Noise|p1a: Stallmate
|-activate|p1a: Stallmate|move: Protect
|
|-heal|p1a: Stallmate|100/100 tox|[from] ability: Poison Heal
|upkeep
|turn|46
|
|t:|1757900255
|switch|p1a: Stalingrad|Blissey, F|28/100
|-damage|p1a: Stalingrad|3/100|[from] Spikes
|move|p2a: F-22 Raptor|Draco Meteor|p1a: Stalingrad
|-crit|p1a: Stalingrad
|-damage|p1a: Stalingrad|0 fnt
|-unboost|p2a: F-22 Raptor|spa|2
|faint|p1a: Stalingrad
|
|upkeep
|
|t:|1757900261
|switch|p1a: Stalinski|Corviknight, F, tera:Fighting|67/100
|-damage|p1a: Stalinski|42/100|[from] Spikes
|-ability|p1a: Stalinski|Pressure
|turn|47
|
|t:|1757900265
|move|p2a: F-22 Raptor|Flip Turn|p1a: Stalinski
|-damage|p1a: Stalinski|35/100
|
|t:|1757900269
|switch|p2a: Cancerous Tumor|Pecharunt|100/100|[from] Flip Turn
|move|p1a: Stalinski|Body Press|p2a: Cancerous Tumor
|-immune|p2a: Cancerous Tumor
|
|upkeep
|turn|48
|
|t:|1757900272
|move|p2a: Cancerous Tumor|Malignant Chain|p1a: Stalinski
|-damage|p1a: Stalinski|5/100
|move|p1a: Stalinski|Roost|p1a: Stalinski
|-heal|p1a: Stalinski|55/100
|
|upkeep
|turn|49
|
|t:|1757900277
|move|p2a: Cancerous Tumor|Malignant Chain|p1a: Stalinski
|-damage|p1a: Stalinski|24/100
|-status|p1a: Stalinski|tox
|-start|p1a: Stalinski|confusion|[from] ability: Poison Puppeteer|[of] p2a: Cancerous Tumor
|-activate|p1a: Stalinski|confusion
|-damage|p1a: Stalinski|20/100 tox|[from] confusion
|
|-damage|p1a: Stalinski|13/100 tox|[from] psn
|upkeep
|turn|50
|
|t:|1757900286
|switch|p1a: Stallking|Toxapex, M|79/100
|-damage|p1a: Stallking|54/100|[from] Spikes
|move|p2a: Cancerous Tumor|Parting Shot|p1a: Stallking
|-unboost|p1a: Stallking|atk|1
|-unboost|p1a: Stallking|spa|1
|
|t:|1757900290
|switch|p2a: F-22 Raptor|Latios, M, tera:Steel|71/100|[from] Parting Shot
|-damage|p2a: F-22 Raptor|65/100|[from] Stealth Rock
|
|-heal|p1a: Stallking|60/100|[from] item: Leftovers
|upkeep
|turn|51
|inactive|GarbagioFilth has 120 seconds left.
|inactive|GarbagioFilth has 90 seconds left.
|inactive|GarbagioFilth has 60 seconds left.
|
|t:|1757900381
|switch|p1a: Stallmate|Gliscor, M|100/100 tox
|move|p2a: F-22 Raptor|Psychic Noise|p1a: Stallmate
|-damage|p1a: Stallmate|67/100 tox
|-start|p1a: Stallmate|move: Heal Block
|
|upkeep
|turn|52
|
|t:|1757900387
|move|p1a: Stallmate|Protect|p1a: Stallmate
|-singleturn|p1a: Stallmate|Protect
|move|p2a: F-22 Raptor|Psychic Noise|p1a: Stallmate
|-activate|p1a: Stallmate|move: Protect
|
|-end|p1a: Stallmate|move: Heal Block
|upkeep
|turn|53
|
|t:|1757900394
|move|p1a: Stallmate|Protect||[still]
|-fail|p1a: Stallmate
|move|p2a: F-22 Raptor|Psychic Noise|p1a: Stallmate
|-damage|p1a: Stallmate|37/100 tox
|-start|p1a: Stallmate|move: Heal Block
|
|upkeep
|turn|54
|
|t:|1757900399
|move|p1a: Stallmate|Protect|p1a: Stallmate
|-singleturn|p1a: Stallmate|Protect
|move|p2a: F-22 Raptor|Flip Turn|p1a: Stallmate
|-activate|p1a: Stallmate|move: Protect
|
|-end|p1a: Stallmate|move: Heal Block
|upkeep
|turn|55
|
|t:|1757900406
|switch|p1a: Stallking|Toxapex, M|94/100
|-damage|p1a: Stallking|69/100|[from] Spikes
|move|p2a: F-22 Raptor|Psychic Noise|p1a: Stallking
|-supereffective|p1a: Stallking
|-damage|p1a: Stallking|21/100
|-start|p1a: Stallking|move: Heal Block
|
|upkeep
|turn|56
|inactive|GarbagioFilth has 90 seconds left.
|
|t:|1757900414
|switch|p1a: Staletto|Weezing-Galar, M|100/100
|-ability|p1a: Staletto|Neutralizing Gas
|move|p2a: F-22 Raptor|Draco Meteor|p1a: Staletto
|-immune|p1a: Staletto
|
|upkeep
|turn|57
|
|t:|1757900421
|move|p2a: F-22 Raptor|Psychic Noise|p1a: Staletto
|-supereffective|p1a: Staletto
|-damage|p1a: Staletto|0 fnt
|faint|p1a: Staletto
|-end|p1a: Staletto|ability: Neutralizing Gas
|
|upkeep
|
|t:|1757900424
|switch|p1a: Stallmate|Gliscor, M|37/100 tox
|turn|58
|
|t:|1757900427
|move|p1a: Stallmate|Protect|p1a: Stallmate
|-singleturn|p1a: Stallmate|Protect
|move|p2a: F-22 Raptor|Draco Meteor|p1a: Stallmate
|-activate|p1a: Stallmate|move: Protect
|
|-heal|p1a: Stallmate|50/100 tox|[from] ability: Poison Heal
|upkeep
|turn|59
|
|t:|1757900434
|switch|p1a: Stalinski|Corviknight, F, tera:Fighting|13/100 tox
|-damage|p1a: Stalinski|0 fnt|[from] Spikes
|faint|p1a: Stalinski
|move|p2a: F-22 Raptor|Psychic Noise|p1: Stalinski|[notarget]
|-fail|p2a: F-22 Raptor
|
|upkeep
|
|t:|1757900437
|switch|p1a: Stallmate|Gliscor, M|50/100 tox
|turn|60
|
|t:|1757900439
|move|p1a: Stallmate|Protect|p1a: Stallmate
|-singleturn|p1a: Stallmate|Protect
|move|p2a: F-22 Raptor|Draco Meteor|p1a: Stallmate
|-activate|p1a: Stallmate|move: Protect
|
|-heal|p1a: Stallmate|62/100 tox|[from] ability: Poison Heal
|upkeep
|turn|61
|
|t:|1757900447
|move|p1a: Stallmate|Protect|p1a: Stallmate
|-singleturn|p1a: Stallmate|Protect
|move|p2a: F-22 Raptor|Flip Turn|p1a: Stallmate
|-activate|p1a: Stallmate|move: Protect
|
|-heal|p1a: Stallmate|75/100 tox|[from] ability: Poison Heal
|upkeep
|turn|62
|
|t:|1757900452
|move|p2a: F-22 Raptor|Flip Turn|p1a: Stallmate
|-supereffective|p1a: Stallmate
|-damage|p1a: Stallmate|58/100 tox
|
|t:|1757900456
|switch|p2a: Pestilence|Gliscor, F|100/100 tox|[from] Flip Turn
|-damage|p2a: Pestilence|88/100 tox|[from] Stealth Rock
|move|p1a: Stallmate|Earthquake|p2a: Pestilence
|-immune|p2a: Pestilence
|
|-heal|p2a: Pestilence|100/100 tox|[from] ability: Poison Heal
|-heal|p1a: Stallmate|70/100 tox|[from] ability: Poison Heal
|upkeep
|turn|63
|
|t:|1757900465
|move|p2a: Pestilence|Knock Off|p1a: Stallmate
|-damage|p1a: Stallmate|59/100 tox
|move|p1a: Stallmate|Knock Off|p2a: Pestilence
|-damage|p2a: Pestilence|89/100 tox
|
|-heal|p2a: Pestilence|100/100 tox|[from] ability: Poison Heal
|-heal|p1a: Stallmate|71/100 tox|[from] ability: Poison Heal
|upkeep
|turn|64
|
|t:|1757900471
|switch|p1a: Stallking|Toxapex, M|54/100
|-damage|p1a: Stallking|29/100|[from] Spikes
|move|p2a: Pestilence|Protect||[still]
|-fail|p2a: Pestilence
|
|-heal|p1a: Stallking|36/100|[from] item: Leftovers
|upkeep
|turn|65
|
|t:|1757900476
|move|p2a: Pestilence|Knock Off|p1a: Stallking
|-damage|p1a: Stallking|19/100
|-enditem|p1a: Stallking|Leftovers|[from] move: Knock Off|[of] p2a: Pestilence
|move|p1a: Stallking|Recover|p1a: Stallking
|-heal|p1a: Stallking|69/100
|
|upkeep
|turn|66
|
|t:|1757900482
|move|p2a: Pestilence|U-turn|p1a: Stallking
|-resisted|p1a: Stallking
|-crit|p1a: Stallking
|-damage|p1a: Stallking|60/100
|
|t:|1757900485
|switch|p2a: F-22 Raptor|Latios, M, tera:Steel|65/100|[from] U-turn
|-damage|p2a: F-22 Raptor|59/100|[from] Stealth Rock
|move|p1a: Stallking|Recover|p1a: Stallking
|-heal|p1a: Stallking|100/100
|
|upkeep
|turn|67
|
|t:|1757900491
|move|p2a: F-22 Raptor|Draco Meteor|p1a: Stallking
|-damage|p1a: Stallking|55/100
|-unboost|p2a: F-22 Raptor|spa|2
|move|p1a: Stallking|Recover|p1a: Stallking
|-heal|p1a: Stallking|100/100
|
|upkeep
|turn|68
|
|t:|1757900496
|move|p2a: F-22 Raptor|Flip Turn|p1a: Stallking
|-resisted|p1a: Stallking
|-damage|p1a: Stallking|96/100
|
|t:|1757900499
|switch|p2a: Cancerous Tumor|Pecharunt|100/100|[from] Flip Turn
|move|p1a: Stallking|Toxic|p2a: Cancerous Tumor
|-immune|p2a: Cancerous Tumor
|
|upkeep
|turn|69
|
|t:|1757900506
|move|p2a: Cancerous Tumor|Parting Shot|p1a: Stallking
|-unboost|p1a: Stallking|atk|1
|-unboost|p1a: Stallking|spa|1
|
|t:|1757900514
|switch|p2a: Pestilence|Gliscor, F|100/100 tox|[from] Parting Shot
|-damage|p2a: Pestilence|88/100 tox|[from] Stealth Rock
|move|p1a: Stallking|Haze|p1a: Stallking
|-clearallboost
|
|-heal|p2a: Pestilence|100/100 tox|[from] ability: Poison Heal
|upkeep
|turn|70
|
|t:|1757900520
|move|p2a: Pestilence|U-turn|p1a: Stallking
|-resisted|p1a: Stallking
|-damage|p1a: Stallking|90/100
|
|t:|1757900521
|switch|p2a: Cancerous Tumor|Pecharunt|100/100|[from] U-turn
|move|p1a: Stallking|Haze|p1a: Stallking
|-clearallboost
|
|upkeep
|turn|71
|
|t:|1757900523
|move|p2a: Cancerous Tumor|Foul Play|p1a: Stallking
|-damage|p1a: Stallking|82/100
|move|p1a: Stallking|Haze|p1a: Stallking
|-clearallboost
|
|upkeep
|turn|72
|
|t:|1757900528
|move|p2a: Cancerous Tumor|Parting Shot|p1a: Stallking
|-unboost|p1a: Stallking|atk|1
|-unboost|p1a: Stallking|spa|1
|
|t:|1757900530
|switch|p2a: F-22 Raptor|Latios, M, tera:Steel|59/100|[from] Parting Shot
|-damage|p2a: F-22 Raptor|53/100|[from] Stealth Rock
|move|p1a: Stallking|Haze|p1a: Stallking
|-clearallboost
|
|upkeep
|turn|73
|
|t:|1757900532
|move|p2a: F-22 Raptor|Psychic Noise|p1a: Stallking
|-supereffective|p1a: Stallking
|-damage|p1a: Stallking|32/100
|-start|p1a: Stallking|move: Heal Block
|move|p1a: Stallking|Toxic Spikes|p2a: F-22 Raptor
|-sidestart|p2: green_ninja103|move: Toxic Spikes
|
|upkeep
|turn|74
|
|t:|1757900541
|switch|p1a: Stallmate|Gliscor, M|71/100 tox
|move|p2a: F-22 Raptor|Flip Turn|p1a: Stallmate
|-supereffective|p1a: Stallmate
|-damage|p1a: Stallmate|55/100 tox
|
|t:|1757900545
|switch|p2a: Princess|Zamazenta|100/100|[from] Flip Turn
|
|-heal|p1a: Stallmate|67/100 tox|[from] ability: Poison Heal
|upkeep
|turn|75
|
|t:|1757900551
|switch|p1a: Stallking|Toxapex, M|66/100
|-damage|p1a: Stallking|41/100|[from] Spikes
|move|p2a: Princess|Ice Fang|p1a: Stallking
|-resisted|p1a: Stallking
|-damage|p1a: Stallking|32/100
|
|upkeep
|turn|76
|
|t:|1757900558
|move|p2a: Princess|Stone Edge|p1a: Stallking
|-damage|p1a: Stallking|6/100
|move|p1a: Stallking|Toxic|p2a: Princess
|-status|p2a: Princess|tox
|
|-damage|p2a: Princess|94/100 tox|[from] psn
|upkeep
|turn|77
|
|t:|1757900562
|switch|p1a: Stalin|Dondozo, M|92/100
|-damage|p1a: Stalin|67/100|[from] Spikes
|move|p2a: Princess|Ice Fang|p1a: Stalin
|-resisted|p1a: Stalin
|-damage|p1a: Stalin|62/100
|
|-heal|p1a: Stalin|68/100|[from] item: Leftovers
|-damage|p2a: Princess|82/100 tox|[from] psn
|upkeep
|turn|78
|
|t:|1757900569
|switch|p2a: Cancerous Tumor|Pecharunt|100/100
|-sideend|p2: green_ninja103|move: Toxic Spikes|[of] p2a: Cancerous Tumor
|switch|p1a: Stallking|Toxapex, M|39/100
|-damage|p1a: Stallking|14/100|[from] Spikes
|
|upkeep
|turn|79
|
|t:|1757900576
|move|p2a: Cancerous Tumor|Foul Play|p1a: Stallking
|-damage|p1a: Stallking|5/100
|move|p1a: Stallking|Recover|p1a: Stallking
|-heal|p1a: Stallking|55/100
|
|upkeep
|turn|80
|
|t:|1757900580
|switch|p1a: Stallmate|Gliscor, M|67/100 tox
|move|p2a: Cancerous Tumor|Parting Shot|p1a: Stallmate
|-unboost|p1a: Stallmate|atk|1
|-unboost|p1a: Stallmate|spa|1
|
|t:|1757900589
|switch|p2a: Berlin Wall|Ting-Lu|88/100|[from] Parting Shot
|-damage|p2a: Berlin Wall|82/100|[from] Stealth Rock
|-damage|p2a: Berlin Wall|57/100|[from] Spikes
|-ability|p2a: Berlin Wall|Vessel of Ruin
|
|-heal|p2a: Berlin Wall|63/100|[from] item: Leftovers
|-heal|p1a: Stallmate|80/100 tox|[from] ability: Poison Heal
|upkeep
|turn|81
|
|t:|1757900595
|move|p1a: Stallmate|Knock Off|p2a: Berlin Wall
|-resisted|p2a: Berlin Wall
|-damage|p2a: Berlin Wall|59/100
|-enditem|p2a: Berlin Wall|Leftovers|[from] move: Knock Off|[of] p1a: Stallmate
|move|p2a: Berlin Wall|Stealth Rock|p1a: Stallmate
|-sidestart|p1: GarbagioFilth|move: Stealth Rock
|
|-heal|p1a: Stallmate|92/100 tox|[from] ability: Poison Heal
|upkeep
|turn|82
|
|t:|1757900603
|move|p1a: Stallmate|Earthquake|p2a: Berlin Wall
|-damage|p2a: Berlin Wall|47/100
|move|p2a: Berlin Wall|Whirlwind|p1a: Stallmate
|drag|p1a: Stallking|Toxapex, M|88/100
|-damage|p1a: Stallking|63/100|[from] Spikes
|-damage|p1a: Stallking|51/100|[from] Stealth Rock
|
|upkeep
|turn|83
|
|t:|1757900612
|switch|p1a: Stallmate|Gliscor, M|92/100 tox
|-damage|p1a: Stallmate|80/100 tox|[from] Stealth Rock
|move|p2a: Berlin Wall|Earthquake|p1a: Stallmate
|-immune|p1a: Stallmate
|
|-heal|p1a: Stallmate|92/100 tox|[from] ability: Poison Heal
|upkeep
|turn|84
|
|t:|1757900618
|move|p1a: Stallmate|Knock Off|p2a: Berlin Wall
|-resisted|p2a: Berlin Wall
|-damage|p2a: Berlin Wall|43/100
|move|p2a: Berlin Wall|Whirlwind|p1a: Stallmate
|drag|p1a: Stalin|Dondozo, M|68/100
|-damage|p1a: Stalin|43/100|[from] Spikes
|-damage|p1a: Stalin|31/100|[from] Stealth Rock
|
|-heal|p1a: Stalin|37/100|[from] item: Leftovers
|upkeep
|turn|85
|
|t:|1757900625
|move|p1a: Stalin|Rest|p1a: Stalin
|-status|p1a: Stalin|slp|[from] move: Rest
|-heal|p1a: Stalin|100/100 slp|[silent]
|move|p2a: Berlin Wall|Whirlwind|p1a: Stalin
|drag|p1a: Stallking|Toxapex, M|84/100
|-damage|p1a: Stallking|59/100|[from] Spikes
|-damage|p1a: Stallking|47/100|[from] Stealth Rock
|
|upkeep
|turn|86
|
|t:|1757900634
|switch|p1a: Stallmate|Gliscor, M|92/100 tox
|-damage|p1a: Stallmate|80/100 tox|[from] Stealth Rock
|move|p2a: Berlin Wall|Earthquake|p1a: Stallmate
|-immune|p1a: Stallmate
|
|-heal|p1a: Stallmate|92/100 tox|[from] ability: Poison Heal
|upkeep
|turn|87
|
|t:|1757900639
|move|p1a: Stallmate|Protect|p1a: Stallmate
|-singleturn|p1a: Stallmate|Protect
|move|p2a: Berlin Wall|Whirlwind|p1a: Stallmate
|drag|p1a: Stalin|Dondozo, M|100/100 slp
|-damage|p1a: Stalin|76/100 slp|[from] Spikes
|-damage|p1a: Stalin|63/100 slp|[from] Stealth Rock
|
|-heal|p1a: Stalin|69/100 slp|[from] item: Leftovers
|upkeep
|turn|88
|
|t:|1757900646
|move|p2a: Berlin Wall|Earthquake|p1a: Stalin
|-damage|p1a: Stalin|51/100 slp
|cant|p1a: Stalin|slp
|move|p1a: Stalin|Sleep Talk|p1a: Stalin
|move|p1a: Stalin|Avalanche|p2a: Berlin Wall|[from] move: Sleep Talk
|-supereffective|p2a: Berlin Wall
|-damage|p2a: Berlin Wall|14/100
|
|-heal|p1a: Stalin|58/100 slp|[from] item: Leftovers
|upkeep
|turn|89
|
|t:|1757900654
|cant|p1a: Stalin|slp
|move|p1a: Stalin|Sleep Talk|p1a: Stalin
|move|p1a: Stalin|Body Press|p2a: Berlin Wall|[from] move: Sleep Talk
|-supereffective|p2a: Berlin Wall
|-damage|p2a: Berlin Wall|0 fnt
|faint|p2a: Berlin Wall
|
|-heal|p1a: Stalin|64/100 slp|[from] item: Leftovers
|upkeep
|
|t:|1757900673
|switch|p2a: Invasive Species|Lokix, F|62/100
|turn|90
|
|t:|1757900678
|move|p2a: Invasive Species|U-turn|p1a: Stalin
|-damage|p1a: Stalin|49/100 slp
|
|t:|1757900680
|switch|p2a: Cancerous Tumor|Pecharunt|100/100|[from] U-turn
|-curestatus|p1a: Stalin|slp|[msg]
|move|p1a: Stalin|Body Press|p2a: Cancerous Tumor
|-immune|p2a: Cancerous Tumor
|
|-heal|p1a: Stalin|55/100|[from] item: Leftovers
|upkeep
|turn|91
|
|t:|1757900691
|move|p2a: Cancerous Tumor|Foul Play|p1a: Stalin
|-damage|p1a: Stalin|46/100
|move|p1a: Stalin|Rest|p1a: Stalin
|-status|p1a: Stalin|slp|[from] move: Rest
|-heal|p1a: Stalin|100/100 slp|[silent]
|
|upkeep
|turn|92
|
|t:|1757900695
|move|p2a: Cancerous Tumor|Parting Shot|p1a: Stalin
|-unboost|p1a: Stalin|atk|1
|-unboost|p1a: Stalin|spa|1
|
|t:|1757900699
|switch|p2a: Pestilence|Gliscor, F|100/100 tox|[from] Parting Shot
|-damage|p2a: Pestilence|88/100 tox|[from] Stealth Rock
|cant|p1a: Stalin|slp
|move|p1a: Stalin|Sleep Talk|p1a: Stalin
|move|p1a: Stalin|Body Press|p2a: Pestilence|[from] move: Sleep Talk
|-resisted|p2a: Pestilence
|-damage|p2a: Pestilence|77/100 tox
|
|-heal|p2a: Pestilence|90/100 tox|[from] ability: Poison Heal
|upkeep
|turn|93
|
|t:|1757900709
|move|p2a: Pestilence|U-turn|p1a: Stalin
|-crit|p1a: Stalin
|-damage|p1a: Stalin|90/100 slp
|
|t:|1757900713
|switch|p2a: Cancerous Tumor|Pecharunt|100/100|[from] U-turn
|cant|p1a: Stalin|slp
|move|p1a: Stalin|Sleep Talk|p1a: Stalin
|move|p1a: Stalin|Rest||[from] move: Sleep Talk|[still]
|-fail|p1a: Stalin
|
|-heal|p1a: Stalin|96/100 slp|[from] item: Leftovers
|upkeep
|turn|94
|
|t:|1757900723
|move|p2a: Cancerous Tumor|Foul Play|p1a: Stalin
|-damage|p1a: Stalin|86/100 slp
|-curestatus|p1a: Stalin|slp|[msg]
|move|p1a: Stalin|Avalanche|p2a: Cancerous Tumor
|-damage|p2a: Cancerous Tumor|91/100
|
|-heal|p1a: Stalin|92/100|[from] item: Leftovers
|upkeep
|turn|95
|
|t:|1757900741
|switch|p1a: Stallking|Toxapex, M|80/100
|-damage|p1a: Stallking|55/100|[from] Spikes
|-damage|p1a: Stallking|42/100|[from] Stealth Rock
|move|p2a: Cancerous Tumor|Malignant Chain|p1a: Stallking
|-resisted|p1a: Stallking
|-damage|p1a: Stallking|33/100
|
|upkeep
|turn|96
|
|t:|1757900750
|move|p2a: Cancerous Tumor|Parting Shot|p1a: Stallking
|-unboost|p1a: Stallking|atk|1
|-unboost|p1a: Stallking|spa|1
|
|t:|1757900752
|switch|p2a: F-22 Raptor|Latios, M, tera:Steel|53/100|[from] Parting Shot
|-damage|p2a: F-22 Raptor|47/100|[from] Stealth Rock
|move|p1a: Stallking|Recover|p1a: Stallking
|-heal|p1a: Stallking|83/100
|
|upkeep
|turn|97
|
|t:|1757900763
|move|p2a: F-22 Raptor|Flip Turn|p1a: Stallking
|-resisted|p1a: Stallking
|-damage|p1a: Stallking|79/100
|
|t:|1757900766
|switch|p2a: Cancerous Tumor|Pecharunt|91/100|[from] Flip Turn
|move|p1a: Stallking|Haze|p1a: Stallking
|-clearallboost
|
|upkeep
|turn|98
|
|t:|1757900771
|move|p2a: Cancerous Tumor|Parting Shot|p1a: Stallking
|-unboost|p1a: Stallking|atk|1
|-unboost|p1a: Stallking|spa|1
|
|t:|1757900773
|switch|p2a: Pestilence|Gliscor, F|90/100 tox|[from] Parting Shot
|-damage|p2a: Pestilence|77/100 tox|[from] Stealth Rock
|move|p1a: Stallking|Toxic Spikes|p2a: Pestilence
|-sidestart|p2: green_ninja103|move: Toxic Spikes
|
|-heal|p2a: Pestilence|90/100 tox|[from] ability: Poison Heal
|upkeep
|turn|99
|
|t:|1757900779
|move|p2a: Pestilence|U-turn|p1a: Stallking
|-resisted|p1a: Stallking
|-damage|p1a: Stallking|73/100
|
|t:|1757900780
|switch|p2a: Cancerous Tumor|Pecharunt|91/100|[from] U-turn
|-sideend|p2: green_ninja103|move: Toxic Spikes|[of] p2a: Cancerous Tumor
|move|p1a: Stallking|Toxic Spikes|p2a: Cancerous Tumor
|-sidestart|p2: green_ninja103|move: Toxic Spikes
|
|upkeep
|turn|100
|
|t:|1757900785
|move|p2a: Cancerous Tumor|Foul Play|p1a: Stallking
|-damage|p1a: Stallking|66/100
|move|p1a: Stallking|Toxic Spikes|p2a: Cancerous Tumor
|-sidestart|p2: green_ninja103|move: Toxic Spikes
|
|upkeep
|turn|101
|
|t:|1757900789
|move|p2a: Cancerous Tumor|Parting Shot|p1a: Stallking
|-unboost|p1a: Stallking|atk|1
|-unboost|p1a: Stallking|spa|1
|
|t:|1757900791
|switch|p2a: F-22 Raptor|Latios, M, tera:Steel|47/100|[from] Parting Shot
|-damage|p2a: F-22 Raptor|41/100|[from] Stealth Rock
|move|p1a: Stallking|Haze|p1a: Stallking
|-clearallboost
|
|upkeep
|turn|102
|
|t:|1757900799
|move|p2a: F-22 Raptor|Recover|p2a: F-22 Raptor
|-heal|p2a: F-22 Raptor|91/100
|move|p1a: Stallking|Recover|p1a: Stallking
|-heal|p1a: Stallking|100/100
|
|upkeep
|turn|103
|
|t:|1757900804
|move|p2a: F-22 Raptor|Flip Turn|p1a: Stallking
|-resisted|p1a: Stallking
|-damage|p1a: Stallking|96/100
|
|t:|1757900809
|switch|p2a: Cancerous Tumor|Pecharunt|91/100|[from] Flip Turn
|-sideend|p2: green_ninja103|move: Toxic Spikes|[of] p2a: Cancerous Tumor
|move|p1a: Stallking|Haze|p1a: Stallking
|-clearallboost
|
|upkeep
|turn|104
|
|t:|1757900813
|move|p2a: Cancerous Tumor|Parting Shot|p1a: Stallking
|-unboost|p1a: Stallking|atk|1
|-unboost|p1a: Stallking|spa|1
|
|t:|1757900815
|switch|p2a: F-22 Raptor|Latios, M, tera:Steel|91/100|[from] Parting Shot
|-damage|p2a: F-22 Raptor|85/100|[from] Stealth Rock
|move|p1a: Stallking|Haze|p1a: Stallking
|-clearallboost
|
|upkeep
|turn|105
|inactive|GarbagioFilth has 120 seconds left.
|
|t:|1757900865
|move|p2a: F-22 Raptor|Flip Turn|p1a: Stallking
|-resisted|p1a: Stallking
|-damage|p1a: Stallking|91/100
|
|t:|1757900867
|switch|p2a: Pestilence|Gliscor, F|90/100 tox|[from] Flip Turn
|-damage|p2a: Pestilence|77/100 tox|[from] Stealth Rock
|move|p1a: Stallking|Haze|p1a: Stallking
|-clearallboost
|
|-heal|p2a: Pestilence|90/100 tox|[from] ability: Poison Heal
|upkeep
|turn|106
|
|t:|1757900880
|move|p2a: Pestilence|Knock Off|p1a: Stallking
|-damage|p1a: Stallking|80/100
|move|p1a: Stallking|Haze|p1a: Stallking
|-clearallboost
|
|-heal|p2a: Pestilence|100/100 tox|[from] ability: Poison Heal
|upkeep
|turn|107
|
|t:|1757900884
|move|p2a: Pestilence|Knock Off|p1a: Stallking
|-damage|p1a: Stallking|70/100
|move|p1a: Stallking|Toxic Spikes|p2a: Pestilence
|-sidestart|p2: green_ninja103|move: Toxic Spikes
|
|upkeep
|turn|108
|
|t:|1757900888
|move|p2a: Pestilence|Knock Off|p1a: Stallking
|-damage|p1a: Stallking|59/100
|move|p1a: Stallking|Toxic Spikes|p2a: Pestilence
|-sidestart|p2: green_ninja103|move: Toxic Spikes
|
|upkeep
|turn|109
|
|t:|1757900898
|switch|p1a: Stallmate|Gliscor, M|92/100 tox
|-damage|p1a: Stallmate|80/100 tox|[from] Stealth Rock
|move|p2a: Pestilence|Knock Off|p1a: Stallmate
|-damage|p1a: Stallmate|68/100 tox
|
|-heal|p1a: Stallmate|81/100 tox|[from] ability: Poison Heal
|upkeep
|turn|110
|
|t:|1757900918
|move|p2a: Pestilence|Spikes||[still]
|-fail|p2a: Pestilence
|move|p1a: Stallmate|Spikes||[still]
|-fail|p1a: Stallmate
|
|-heal|p1a: Stallmate|93/100 tox|[from] ability: Poison Heal
|upkeep
|turn|111
|
|t:|1757900929
|move|p2a: Pestilence|Spikes||[still]
|-fail|p2a: Pestilence
|move|p1a: Stallmate|Knock Off|p2a: Pestilence
|-damage|p2a: Pestilence|90/100 tox
|
|-heal|p2a: Pestilence|100/100 tox|[from] ability: Poison Heal
|-heal|p1a: Stallmate|100/100 tox|[from] ability: Poison Heal
|upkeep
|turn|112
|
|t:|1757900938
|move|p2a: Pestilence|Spikes||[still]
|-fail|p2a: Pestilence
|move|p1a: Stallmate|Knock Off|p2a: Pestilence
|-damage|p2a: Pestilence|90/100 tox
|
|-heal|p2a: Pestilence|100/100 tox|[from] ability: Poison Heal
|upkeep
|turn|113
|
|t:|1757900946
|move|p2a: Pestilence|U-turn|p1a: Stallmate
|-resisted|p1a: Stallmate
|-damage|p1a: Stallmate|94/100 tox
|
|t:|1757900948
|switch|p2a: Cancerous Tumor|Pecharunt|91/100|[from] U-turn
|-sideend|p2: green_ninja103|move: Toxic Spikes|[of] p2a: Cancerous Tumor
|move|p1a: Stallmate|Knock Off|p2a: Cancerous Tumor
|-supereffective|p2a: Cancerous Tumor
|-damage|p2a: Cancerous Tumor|70/100
|-enditem|p2a: Cancerous Tumor|Heavy-Duty Boots|[from] move: Knock Off|[of] p1a: Stallmate
|
|-heal|p1a: Stallmate|100/100 tox|[from] ability: Poison Heal
|upkeep
|turn|114
|
|t:|1757900958
|move|p1a: Stallmate|Protect|p1a: Stallmate
|-singleturn|p1a: Stallmate|Protect
|move|p2a: Cancerous Tumor|Parting Shot|p1a: Stallmate
|-activate|p1a: Stallmate|move: Protect
|
|upkeep
|turn|115
|
|t:|1757900962
|move|p2a: Cancerous Tumor|Recover|p2a: Cancerous Tumor
|-heal|p2a: Cancerous Tumor|100/100
|move|p1a: Stallmate|Earthquake|p2a: Cancerous Tumor
|-supereffective|p2a: Cancerous Tumor
|-damage|p2a: Cancerous Tumor|69/100
|
|upkeep
|turn|116
|
|t:|1757900968
|move|p1a: Stallmate|Earthquake|p2a: Cancerous Tumor
|-supereffective|p2a: Cancerous Tumor
|-damage|p2a: Cancerous Tumor|39/100
|move|p2a: Cancerous Tumor|Recover|p2a: Cancerous Tumor
|-heal|p2a: Cancerous Tumor|89/100
|
|upkeep
|turn|117
|
|t:|1757900972
|move|p1a: Stallmate|Earthquake|p2a: Cancerous Tumor
|-supereffective|p2a: Cancerous Tumor
|-crit|p2a: Cancerous Tumor
|-damage|p2a: Cancerous Tumor|45/100
|move|p2a: Cancerous Tumor|Parting Shot|p1a: Stallmate
|-unboost|p1a: Stallmate|atk|1
|-unboost|p1a: Stallmate|spa|1
|
|t:|1757900977
|switch|p2a: Princess|Zamazenta|82/100 tox|[from] Parting Shot
|
|-damage|p2a: Princess|76/100 tox|[from] psn
|upkeep
|turn|118
|
|t:|1757900984
|move|p1a: Stallmate|Protect|p1a: Stallmate
|-singleturn|p1a: Stallmate|Protect
|move|p2a: Princess|Ice Fang|p1a: Stallmate
|-activate|p1a: Stallmate|move: Protect
|
|-damage|p2a: Princess|64/100 tox|[from] psn
|upkeep
|turn|119
|
|t:|1757900992
|switch|p2a: F-22 Raptor|Latios, M, tera:Steel|85/100
|-damage|p2a: F-22 Raptor|79/100|[from] Stealth Rock
|switch|p1a: Stalin|Dondozo, M|92/100
|-damage|p1a: Stalin|67/100|[from] Spikes
|-damage|p1a: Stalin|55/100|[from] Stealth Rock
|
|-heal|p1a: Stalin|61/100|[from] item: Leftovers
|upkeep
|turn|120
|
|t:|1757900998
|move|p2a: F-22 Raptor|Psychic Noise|p1a: Stalin
|-damage|p1a: Stalin|22/100
|-start|p1a: Stalin|move: Heal Block
|move|p1a: Stalin|Body Press|p2a: F-22 Raptor
|-supereffective|p2a: F-22 Raptor
|-damage|p2a: F-22 Raptor|4/100
|
|upkeep
|turn|121
|inactive|GarbagioFilth has 120 seconds left.
|
|t:|1757901009
|switch|p1a: Stallmate|Gliscor, M|100/100 tox
|-damage|p1a: Stallmate|88/100 tox|[from] Stealth Rock
|move|p2a: F-22 Raptor|Recover|p2a: F-22 Raptor
|-heal|p2a: F-22 Raptor|55/100
|
|-heal|p1a: Stallmate|100/100 tox|[from] ability: Poison Heal
|upkeep
|turn|122
|
|t:|1757901014
|move|p2a: F-22 Raptor|Recover|p2a: F-22 Raptor
|-heal|p2a: F-22 Raptor|100/100
|move|p1a: Stallmate|Knock Off|p2a: F-22 Raptor
|-damage|p2a: F-22 Raptor|81/100
|
|upkeep
|turn|123
|
|t:|1757901019
|move|p1a: Stallmate|Protect|p1a: Stallmate
|-singleturn|p1a: Stallmate|Protect
|move|p2a: F-22 Raptor|Flip Turn|p1a: Stallmate
|-activate|p1a: Stallmate|move: Protect
|
|upkeep
|turn|124
|
|t:|1757901024
|move|p2a: F-22 Raptor|Flip Turn|p1a: Stallmate
|-supereffective|p1a: Stallmate
|-crit|p1a: Stallmate
|-damage|p1a: Stallmate|73/100 tox
|
|t:|1757901027
|switch|p2a: Pestilence|Gliscor, F|100/100 tox|[from] Flip Turn
|-damage|p2a: Pestilence|88/100 tox|[from] Stealth Rock
|move|p1a: Stallmate|Knock Off|p2a: Pestilence
|-damage|p2a: Pestilence|77/100 tox
|
|-heal|p2a: Pestilence|89/100 tox|[from] ability: Poison Heal
|-heal|p1a: Stallmate|86/100 tox|[from] ability: Poison Heal
|upkeep
|turn|125
|
|t:|1757901034
|move|p2a: Pestilence|Spikes||[still]
|-fail|p2a: Pestilence
|move|p1a: Stallmate|Spikes||[still]
|-fail|p1a: Stallmate
|
|-heal|p2a: Pestilence|100/100 tox|[from] ability: Poison Heal
|-heal|p1a: Stallmate|98/100 tox|[from] ability: Poison Heal
|upkeep
|turn|126
|
|t:|1757901041
|move|p2a: Pestilence|Spikes||[still]
|-fail|p2a: Pestilence
|move|p1a: Stallmate|Spikes||[still]
|-fail|p1a: Stallmate
|
|-heal|p1a: Stallmate|100/100 tox|[from] ability: Poison Heal
|upkeep
|turn|127
|
|t:|1757901046
|move|p2a: Pestilence|Spikes||[still]
|-fail|p2a: Pestilence
|move|p1a: Stallmate|Knock Off|p2a: Pestilence
|-damage|p2a: Pestilence|89/100 tox
|
|-heal|p2a: Pestilence|100/100 tox|[from] ability: Poison Heal
|upkeep
|turn|128
|c|☆green_ninja103|dont know if theres a way you can win
|c|☆green_ninja103|i win the gliscor 1v1
|
|t:|1757901070
|switch|p1a: Stalin|Dondozo, M|22/100
|-damage|p1a: Stalin|0 fnt|[from] Spikes
|faint|p1a: Stalin
|move|p2a: Pestilence|Knock Off|p1: Stalin|[notarget]
|-fail|p2a: Pestilence
|
|upkeep
|
|t:|1757901076
|switch|p1a: Stallmate|Gliscor, M|100/100 tox
|-damage|p1a: Stallmate|88/100 tox|[from] Stealth Rock
|turn|129
|
|t:|1757901080
|move|p2a: Pestilence|Protect|p2a: Pestilence
|-singleturn|p2a: Pestilence|Protect
|move|p1a: Stallmate|Spikes||[still]
|-fail|p1a: Stallmate
|
|-heal|p1a: Stallmate|100/100 tox|[from] ability: Poison Heal
|upkeep
|turn|130
|
|t:|1757901085
|move|p2a: Pestilence|Spikes||[still]
|-fail|p2a: Pestilence
|move|p1a: Stallmate|Spikes||[still]
|-fail|p1a: Stallmate
|
|upkeep
|turn|131
|
|t:|1757901090
|move|p2a: Pestilence|Spikes||[still]
|-fail|p2a: Pestilence
|move|p1a: Stallmate|Spikes||[still]
|-fail|p1a: Stallmate
|
|upkeep
|turn|132
|
|t:|1757901092
|move|p2a: Pestilence|U-turn|p1a: Stallmate
|-resisted|p1a: Stallmate
|-damage|p1a: Stallmate|94/100 tox
|
|t:|1757901094
|switch|p2a: Princess|Zamazenta|64/100 tox|[from] U-turn
|move|p1a: Stallmate|Spikes||[still]
|-fail|p1a: Stallmate
|
|-damage|p2a: Princess|57/100 tox|[from] psn
|-heal|p1a: Stallmate|100/100 tox|[from] ability: Poison Heal
|upkeep
|turn|133
|
|t:|1757901101
|move|p1a: Stallmate|Protect|p1a: Stallmate
|-singleturn|p1a: Stallmate|Protect
|move|p2a: Princess|Ice Fang|p1a: Stallmate
|-activate|p1a: Stallmate|move: Protect
|
|-damage|p2a: Princess|45/100 tox|[from] psn
|upkeep
|turn|134
|
|t:|1757901106
|switch|p1a: Stallking|Toxapex, M|92/100
|-damage|p1a: Stallking|67/100|[from] Spikes
|-damage|p1a: Stallking|54/100|[from] Stealth Rock
|move|p2a: Princess|Close Combat|p1a: Stallking
|-resisted|p1a: Stallking
|-damage|p1a: Stallking|32/100
|-unboost|p2a: Princess|def|1
|-unboost|p2a: Princess|spd|1
|
|-damage|p2a: Princess|27/100 tox|[from] psn
|upkeep
|turn|135
|
|t:|1757901114
|move|p2a: Princess|Stone Edge|p1a: Stallking
|-damage|p1a: Stallking|5/100
|move|p1a: Stallking|Recover|p1a: Stallking
|-heal|p1a: Stallking|55/100
|
|-damage|p2a: Princess|2/100 tox|[from] psn
|upkeep
|turn|136
|
|t:|1757901120
|switch|p1a: Stallmate|Gliscor, M|100/100 tox
|-damage|p1a: Stallmate|88/100 tox|[from] Stealth Rock
|move|p2a: Princess|Stone Edge|p1a: Stallmate|[miss]
|-miss|p2a: Princess|p1a: Stallmate
|
|-damage|p2a: Princess|0 fnt|[from] psn
|faint|p2a: Princess
|-heal|p1a: Stallmate|100/100 tox|[from] ability: Poison Heal
|upkeep
|
|t:|1757901125
|switch|p2a: Pestilence|Gliscor, F|100/100 tox
|-damage|p2a: Pestilence|88/100 tox|[from] Stealth Rock
|turn|137
|
|t:|1757901136
|move|p2a: Pestilence|Knock Off|p1a: Stallmate
|-damage|p1a: Stallmate|88/100 tox
|move|p1a: Stallmate|Spikes||[still]
|-fail|p1a: Stallmate
|
|-heal|p2a: Pestilence|100/100 tox|[from] ability: Poison Heal
|-heal|p1a: Stallmate|100/100 tox|[from] ability: Poison Heal
|upkeep
|turn|138
|
|t:|1757901141
|move|p2a: Pestilence|Spikes||[still]
|-fail|p2a: Pestilence
|move|p1a: Stallmate|Spikes||[still]
|-fail|p1a: Stallmate
|
|upkeep
|turn|139
|
|t:|1757901157
|move|p2a: Pestilence|Knock Off|p1a: Stallmate
|-damage|p1a: Stallmate|89/100 tox
|move|p1a: Stallmate|Spikes||[still]
|-fail|p1a: Stallmate
|
|-heal|p1a: Stallmate|100/100 tox|[from] ability: Poison Heal
|upkeep
|turn|140
|
|t:|1757901184
|move|p2a: Pestilence|U-turn|p1a: Stallmate
|-resisted|p1a: Stallmate
|-damage|p1a: Stallmate|94/100 tox
|
|t:|1757901187
|switch|p2a: F-22 Raptor|Latios, M, tera:Steel|81/100|[from] U-turn
|-damage|p2a: F-22 Raptor|75/100|[from] Stealth Rock
|move|p1a: Stallmate|Knock Off|p2a: F-22 Raptor
|-damage|p2a: F-22 Raptor|55/100
|
|-heal|p1a: Stallmate|100/100 tox|[from] ability: Poison Heal
|upkeep
|turn|141
|
|t:|1757901197
|move|p2a: F-22 Raptor|Recover|p2a: F-22 Raptor
|-heal|p2a: F-22 Raptor|100/100
|move|p1a: Stallmate|Knock Off|p2a: F-22 Raptor
|-damage|p2a: F-22 Raptor|80/100
|
|upkeep
|turn|142
|
|t:|1757901201
|move|p2a: F-22 Raptor|Flip Turn|p1a: Stallmate
|-supereffective|p1a: Stallmate
|-damage|p1a: Stallmate|84/100 tox
|
|t:|1757901205
|switch|p2a: Pestilence|Gliscor, F|100/100 tox|[from] Flip Turn
|-damage|p2a: Pestilence|88/100 tox|[from] Stealth Rock
|move|p1a: Stallmate|Knock Off|p2a: Pestilence
|-damage|p2a: Pestilence|77/100 tox
|
|-heal|p2a: Pestilence|89/100 tox|[from] ability: Poison Heal
|-heal|p1a: Stallmate|97/100 tox|[from] ability: Poison Heal
|upkeep
|turn|143
|
|t:|1757901212
|move|p2a: Pestilence|U-turn|p1a: Stallmate
|-resisted|p1a: Stallmate
|-damage|p1a: Stallmate|91/100 tox
|
|t:|1757901215
|switch|p2a: F-22 Raptor|Latios, M, tera:Steel|80/100|[from] U-turn
|-damage|p2a: F-22 Raptor|74/100|[from] Stealth Rock
|move|p1a: Stallmate|Spikes||[still]
|-fail|p1a: Stallmate
|
|-heal|p1a: Stallmate|100/100 tox|[from] ability: Poison Heal
|upkeep
|turn|144
|
|t:|1757901219
|move|p2a: F-22 Raptor|Flip Turn|p1a: Stallmate
|-supereffective|p1a: Stallmate
|-damage|p1a: Stallmate|83/100 tox
|
|t:|1757901222
|switch|p2a: Pestilence|Gliscor, F|89/100 tox|[from] Flip Turn
|-damage|p2a: Pestilence|77/100 tox|[from] Stealth Rock
|move|p1a: Stallmate|Earthquake|p2a: Pestilence
|-immune|p2a: Pestilence
|
|-heal|p2a: Pestilence|89/100 tox|[from] ability: Poison Heal
|-heal|p1a: Stallmate|95/100 tox|[from] ability: Poison Heal
|upkeep
|turn|145
|
|t:|1757901237
|move|p2a: Pestilence|U-turn|p1a: Stallmate
|-resisted|p1a: Stallmate
|-damage|p1a: Stallmate|90/100 tox
|
|t:|1757901239
|switch|p2a: F-22 Raptor|Latios, M, tera:Steel|74/100|[from] U-turn
|-damage|p2a: F-22 Raptor|68/100|[from] Stealth Rock
|move|p1a: Stallmate|Knock Off|p2a: F-22 Raptor
|-damage|p2a: F-22 Raptor|48/100
|
|-heal|p1a: Stallmate|100/100 tox|[from] ability: Poison Heal
|upkeep
|turn|146
|
|t:|1757901250
|move|p2a: F-22 Raptor|Psychic Noise|p1a: Stallmate
|-damage|p1a: Stallmate|65/100 tox
|-start|p1a: Stallmate|move: Heal Block
|move|p1a: Stallmate|Earthquake|p2a: F-22 Raptor
|-immune|p2a: F-22 Raptor|[from] ability: Levitate
|
|upkeep
|turn|147
|
|t:|1757901273
|move|p1a: Stallmate|Protect|p1a: Stallmate
|-singleturn|p1a: Stallmate|Protect
|move|p2a: F-22 Raptor|Recover|p2a: F-22 Raptor
|-heal|p2a: F-22 Raptor|98/100
|
|-end|p1a: Stallmate|move: Heal Block
|upkeep
|turn|148
|inactive|GarbagioFilth has 120 seconds left.
|
|t:|1757901285
|switch|p1a: Stallking|Toxapex, M|89/100
|-damage|p1a: Stallking|64/100|[from] Spikes
|-damage|p1a: Stallking|51/100|[from] Stealth Rock
|move|p2a: F-22 Raptor|Psychic Noise|p1a: Stallking
|-supereffective|p1a: Stallking
|-damage|p1a: Stallking|0 fnt
|faint|p1a: Stallking
|
|upkeep
|inactive|GarbagioFilth has 120 seconds left.
|
|t:|1757901292
|switch|p1a: Stallmate|Gliscor, M|65/100 tox
|-damage|p1a: Stallmate|53/100 tox|[from] Stealth Rock
|turn|149
|
|t:|1757901295
|move|p2a: F-22 Raptor|Draco Meteor|p1a: Stallmate|[miss]
|-miss|p2a: F-22 Raptor|p1a: Stallmate
|move|p1a: Stallmate|Knock Off|p2a: F-22 Raptor
|-damage|p2a: F-22 Raptor|79/100
|
|-heal|p1a: Stallmate|65/100 tox|[from] ability: Poison Heal
|upkeep
|turn|150
|
|t:|1757901301
|move|p2a: F-22 Raptor|Flip Turn|p1a: Stallmate
|-supereffective|p1a: Stallmate
|-damage|p1a: Stallmate|47/100 tox
|
|t:|1757901307
|switch|p2a: Pestilence|Gliscor, F|89/100 tox|[from] Flip Turn
|-damage|p2a: Pestilence|77/100 tox|[from] Stealth Rock
|move|p1a: Stallmate|Knock Off|p2a: Pestilence
|-damage|p2a: Pestilence|65/100 tox
|
|-heal|p2a: Pestilence|77/100 tox|[from] ability: Poison Heal
|-heal|p1a: Stallmate|59/100 tox|[from] ability: Poison Heal
|upkeep
|turn|151
|
|t:|1757901315
|move|p2a: Pestilence|U-turn|p1a: Stallmate
|-resisted|p1a: Stallmate
|-damage|p1a: Stallmate|53/100 tox
|
|t:|1757901318
|switch|p2a: F-22 Raptor|Latios, M, tera:Steel|79/100|[from] U-turn
|-damage|p2a: F-22 Raptor|73/100|[from] Stealth Rock
|move|p1a: Stallmate|Earthquake|p2a: F-22 Raptor
|-immune|p2a: F-22 Raptor|[from] ability: Levitate
|
|-heal|p1a: Stallmate|66/100 tox|[from] ability: Poison Heal
|upkeep
|turn|152
|
|t:|1757901327
|move|p2a: F-22 Raptor|Flip Turn|p1a: Stallmate
|-supereffective|p1a: Stallmate
|-damage|p1a: Stallmate|47/100 tox
|
|t:|1757901330
|switch|p2a: Pestilence|Gliscor, F|77/100 tox|[from] Flip Turn
|-damage|p2a: Pestilence|65/100 tox|[from] Stealth Rock
|move|p1a: Stallmate|Knock Off|p2a: Pestilence
|-damage|p2a: Pestilence|55/100 tox
|
|-heal|p2a: Pestilence|67/100 tox|[from] ability: Poison Heal
|-heal|p1a: Stallmate|60/100 tox|[from] ability: Poison Heal
|upkeep
|turn|153
|inactive|GarbagioFilth has 120 seconds left.
|l|☆GarbagioFilth
|inactive|GarbagioFilth disconnected and has a minute to reconnect!
|player|p1|
|j|☆GarbagioFilth
|inactive|GarbagioFilth reconnected and has 95 seconds left.
|player|p1|GarbagioFilth|byron|
|inactive|GarbagioFilth has 90 seconds left.
|
|t:|1757901393
|move|p2a: Pestilence|Knock Off|p1a: Stallmate
|-damage|p1a: Stallmate|49/100 tox
|move|p1a: Stallmate|Knock Off|p2a: Pestilence
|-damage|p2a: Pestilence|57/100 tox
|
|-heal|p2a: Pestilence|69/100 tox|[from] ability: Poison Heal
|-heal|p1a: Stallmate|61/100 tox|[from] ability: Poison Heal
|upkeep
|turn|154
|inactive|GarbagioFilth has 90 seconds left.
|
|t:|1757901415
|move|p2a: Pestilence|Protect|p2a: Pestilence
|-singleturn|p2a: Pestilence|Protect
|move|p1a: Stallmate|Spikes||[still]
|-fail|p1a: Stallmate
|
|-heal|p2a: Pestilence|82/100 tox|[from] ability: Poison Heal
|-heal|p1a: Stallmate|74/100 tox|[from] ability: Poison Heal
|upkeep
|turn|155
|
|t:|1757901421
|move|p2a: Pestilence|Spikes||[still]
|-fail|p2a: Pestilence
|move|p1a: Stallmate|Spikes||[still]
|-fail|p1a: Stallmate
|
|-heal|p2a: Pestilence|94/100 tox|[from] ability: Poison Heal
|-heal|p1a: Stallmate|86/100 tox|[from] ability: Poison Heal
|upkeep
|turn|156
|
|t:|1757901426
|move|p2a: Pestilence|Spikes||[still]
|-fail|p2a: Pestilence
|move|p1a: Stallmate|Spikes||[still]
|-fail|p1a: Stallmate
|
|-heal|p2a: Pestilence|100/100 tox|[from] ability: Poison Heal
|-heal|p1a: Stallmate|99/100 tox|[from] ability: Poison Heal
|upkeep
|turn|157
|
|t:|1757901434
|move|p2a: Pestilence|Spikes||[still]
|-fail|p2a: Pestilence
|move|p1a: Stallmate|Spikes||[still]
|-fail|p1a: Stallmate
|
|-heal|p1a: Stallmate|100/100 tox|[from] ability: Poison Heal
|upkeep
|turn|158
|
|t:|1757901441
|move|p2a: Pestilence|Spikes||[still]
|-fail|p2a: Pestilence
|move|p1a: Stallmate|Spikes||[still]
|-fail|p1a: Stallmate
|
|upkeep
|turn|159
|
|t:|1757901445
|move|p2a: Pestilence|Spikes||[still]
|-fail|p2a: Pestilence
|move|p1a: Stallmate|Spikes||[still]
|-fail|p1a: Stallmate
|
|upkeep
|turn|160
|
|t:|1757901449
|move|p2a: Pestilence|Protect|p2a: Pestilence
|-singleturn|p2a: Pestilence|Protect
|move|p1a: Stallmate|Spikes||[still]
|-fail|p1a: Stallmate
|
|upkeep
|turn|161
|
|t:|1757901455
|move|p2a: Pestilence|Spikes||[still]
|-fail|p2a: Pestilence
|move|p1a: Stallmate|Spikes||[still]
|-fail|p1a: Stallmate
|
|upkeep
|turn|162
|
|t:|1757901459
|move|p2a: Pestilence|Protect|p2a: Pestilence
|-singleturn|p2a: Pestilence|Protect
|move|p1a: Stallmate|Spikes||[still]
|-fail|p1a: Stallmate
|
|upkeep
|turn|163
|
|t:|1757901463
|move|p2a: Pestilence|Knock Off|p1a: Stallmate
|-damage|p1a: Stallmate|88/100 tox
|move|p1a: Stallmate|Spikes||[still]
|-fail|p1a: Stallmate
|
|-heal|p1a: Stallmate|100/100 tox|[from] ability: Poison Heal
|upkeep
|turn|164
|
|t:|1757901470
|move|p2a: Pestilence|Protect|p2a: Pestilence
|-singleturn|p2a: Pestilence|Protect
|move|p1a: Stallmate|Earthquake|p2a: Pestilence
|-activate|p2a: Pestilence|move: Protect
|
|upkeep
|turn|165
|
|t:|1757901475
|move|p2a: Pestilence|U-turn|p1a: Stallmate
|-resisted|p1a: Stallmate
|-damage|p1a: Stallmate|94/100 tox
|
|t:|1757901478
|switch|p2a: F-22 Raptor|Latios, M, tera:Steel|73/100|[from] U-turn
|-damage|p2a: F-22 Raptor|67/100|[from] Stealth Rock
|move|p1a: Stallmate|Earthquake|p2a: F-22 Raptor
|-immune|p2a: F-22 Raptor|[from] ability: Levitate
|
|-heal|p1a: Stallmate|100/100 tox|[from] ability: Poison Heal
|upkeep
|turn|166
|
|t:|1757901485
|move|p2a: F-22 Raptor|Flip Turn|p1a: Stallmate
|-supereffective|p1a: Stallmate
|-damage|p1a: Stallmate|83/100 tox
|
|t:|1757901487
|switch|p2a: Pestilence|Gliscor, F|100/100 tox|[from] Flip Turn
|-damage|p2a: Pestilence|88/100 tox|[from] Stealth Rock
|move|p1a: Stallmate|Earthquake|p2a: Pestilence
|-immune|p2a: Pestilence
|
|-heal|p2a: Pestilence|100/100 tox|[from] ability: Poison Heal
|-heal|p1a: Stallmate|95/100 tox|[from] ability: Poison Heal
|upkeep
|turn|167
|
|t:|1757901494
|move|p2a: Pestilence|U-turn|p1a: Stallmate
|-resisted|p1a: Stallmate
|-damage|p1a: Stallmate|90/100 tox
|
|t:|1757901496
|switch|p2a: F-22 Raptor|Latios, M, tera:Steel|67/100|[from] U-turn
|-damage|p2a: F-22 Raptor|61/100|[from] Stealth Rock
|move|p1a: Stallmate|Knock Off|p2a: F-22 Raptor
|-damage|p2a: F-22 Raptor|43/100
|
|-heal|p1a: Stallmate|100/100 tox|[from] ability: Poison Heal
|upkeep
|turn|168
|
|t:|1757901499
|move|p2a: F-22 Raptor|Flip Turn|p1a: Stallmate
|-supereffective|p1a: Stallmate
|-damage|p1a: Stallmate|83/100 tox
|
|t:|1757901502
|switch|p2a: Pestilence|Gliscor, F|100/100 tox|[from] Flip Turn
|-damage|p2a: Pestilence|88/100 tox|[from] Stealth Rock
|move|p1a: Stallmate|Knock Off|p2a: Pestilence
|-damage|p2a: Pestilence|77/100 tox
|
|-heal|p2a: Pestilence|90/100 tox|[from] ability: Poison Heal
|-heal|p1a: Stallmate|96/100 tox|[from] ability: Poison Heal
|upkeep
|turn|169
|
|t:|1757901509
|move|p2a: Pestilence|Knock Off|p1a: Stallmate
|-damage|p1a: Stallmate|85/100 tox
|move|p1a: Stallmate|Knock Off|p2a: Pestilence
|-damage|p2a: Pestilence|79/100 tox
|
|-heal|p2a: Pestilence|91/100 tox|[from] ability: Poison Heal
|-heal|p1a: Stallmate|97/100 tox|[from] ability: Poison Heal
|upkeep
|turn|170
|
|t:|1757901513
|move|p2a: Pestilence|Knock Off|p1a: Stallmate
|-damage|p1a: Stallmate|85/100 tox
|move|p1a: Stallmate|Knock Off|p2a: Pestilence
|-damage|p2a: Pestilence|80/100 tox
|
|-heal|p2a: Pestilence|93/100 tox|[from] ability: Poison Heal
|-heal|p1a: Stallmate|98/100 tox|[from] ability: Poison Heal
|upkeep
|turn|171
|
|t:|1757901518
|move|p2a: Pestilence|Knock Off|p1a: Stallmate
|-damage|p1a: Stallmate|87/100 tox
|move|p1a: Stallmate|Knock Off|p2a: Pestilence
|-damage|p2a: Pestilence|81/100 tox
|
|-heal|p2a: Pestilence|93/100 tox|[from] ability: Poison Heal
|-heal|p1a: Stallmate|99/100 tox|[from] ability: Poison Heal
|upkeep
|turn|172
|
|t:|1757901520
|move|p2a: Pestilence|Knock Off|p1a: Stallmate
|-crit|p1a: Stallmate
|-damage|p1a: Stallmate|81/100 tox
|move|p1a: Stallmate|Knock Off|p2a: Pestilence
|-damage|p2a: Pestilence|83/100 tox
|
|-heal|p2a: Pestilence|95/100 tox|[from] ability: Poison Heal
|-heal|p1a: Stallmate|93/100 tox|[from] ability: Poison Heal
|upkeep
|turn|173
|
|t:|1757901522
|move|p2a: Pestilence|Knock Off|p1a: Stallmate
|-damage|p1a: Stallmate|81/100 tox
|move|p1a: Stallmate|Earthquake|p2a: Pestilence
|-immune|p2a: Pestilence
|
|-heal|p2a: Pestilence|100/100 tox|[from] ability: Poison Heal
|-heal|p1a: Stallmate|94/100 tox|[from] ability: Poison Heal
|upkeep
|turn|174
|
|t:|1757901524
|move|p2a: Pestilence|Knock Off|p1a: Stallmate
|-damage|p1a: Stallmate|83/100 tox
|move|p1a: Stallmate|Knock Off|p2a: Pestilence
|-damage|p2a: Pestilence|89/100 tox
|
|-heal|p2a: Pestilence|100/100 tox|[from] ability: Poison Heal
|-heal|p1a: Stallmate|96/100 tox|[from] ability: Poison Heal
|upkeep
|turn|175
|
|t:|1757901526
|move|p2a: Pestilence|Knock Off|p1a: Stallmate
|-damage|p1a: Stallmate|85/100 tox
|move|p1a: Stallmate|Knock Off|p2a: Pestilence
|-damage|p2a: Pestilence|89/100 tox
|
|-heal|p2a: Pestilence|100/100 tox|[from] ability: Poison Heal
|-heal|p1a: Stallmate|98/100 tox|[from] ability: Poison Heal
|upkeep
|turn|176
|
|t:|1757901527
|move|p2a: Pestilence|Knock Off|p1a: Stallmate
|-damage|p1a: Stallmate|86/100 tox
|move|p1a: Stallmate|Earthquake|p2a: Pestilence
|-immune|p2a: Pestilence
|
|-heal|p1a: Stallmate|99/100 tox|[from] ability: Poison Heal
|upkeep
|turn|177
|
|t:|1757901531
|move|p2a: Pestilence|Knock Off|p1a: Stallmate
|-damage|p1a: Stallmate|87/100 tox
|move|p1a: Stallmate|Earthquake|p2a: Pestilence
|-immune|p2a: Pestilence
|
|-heal|p1a: Stallmate|99/100 tox|[from] ability: Poison Heal
|upkeep
|turn|178
|
|t:|1757901533
|move|p2a: Pestilence|Knock Off|p1a: Stallmate
|-damage|p1a: Stallmate|89/100 tox
|move|p1a: Stallmate|Knock Off|p2a: Pestilence
|-damage|p2a: Pestilence|89/100 tox
|
|-heal|p2a: Pestilence|100/100 tox|[from] ability: Poison Heal
|-heal|p1a: Stallmate|100/100 tox|[from] ability: Poison Heal
|upkeep
|turn|179
|
|t:|1757901535
|move|p2a: Pestilence|Protect|p2a: Pestilence
|-singleturn|p2a: Pestilence|Protect
|move|p1a: Stallmate|Earthquake|p2a: Pestilence
|-activate|p2a: Pestilence|move: Protect
|
|upkeep
|turn|180
|
|t:|1757901538
|move|p2a: Pestilence|Knock Off|p1a: Stallmate
|-damage|p1a: Stallmate|89/100 tox
|move|p1a: Stallmate|Knock Off|p2a: Pestilence
|-damage|p2a: Pestilence|89/100 tox
|
|-heal|p2a: Pestilence|100/100 tox|[from] ability: Poison Heal
|-heal|p1a: Stallmate|100/100 tox|[from] ability: Poison Heal
|upkeep
|turn|181
|
|t:|1757901541
|move|p2a: Pestilence|Protect|p2a: Pestilence
|-singleturn|p2a: Pestilence|Protect
|move|p1a: Stallmate|Earthquake|p2a: Pestilence
|-activate|p2a: Pestilence|move: Protect
|
|upkeep
|turn|182
|
|t:|1757901544
|move|p2a: Pestilence|Knock Off|p1a: Stallmate
|-damage|p1a: Stallmate|88/100 tox
|move|p1a: Stallmate|Knock Off|p2a: Pestilence
|-damage|p2a: Pestilence|89/100 tox
|
|-heal|p2a: Pestilence|100/100 tox|[from] ability: Poison Heal
|-heal|p1a: Stallmate|100/100 tox|[from] ability: Poison Heal
|upkeep
|turn|183
|
|t:|1757901549
|move|p2a: Pestilence|Knock Off|p1a: Stallmate
|-damage|p1a: Stallmate|90/100 tox
|-activate|p1a: Stallmate|move: Struggle
|move|p1a: Stallmate|Struggle|p2a: Pestilence
|-damage|p2a: Pestilence|91/100 tox
|-damage|p1a: Stallmate|65/100 tox|[from] recoil
|
|-heal|p2a: Pestilence|100/100 tox|[from] ability: Poison Heal
|-heal|p1a: Stallmate|77/100 tox|[from] ability: Poison Heal
|upkeep
|turn|184
|
|t:|1757901556
|move|p2a: Pestilence|Knock Off|p1a: Stallmate
|-damage|p1a: Stallmate|65/100 tox
|-activate|p1a: Stallmate|move: Struggle
|move|p1a: Stallmate|Struggle|p2a: Pestilence
|-damage|p2a: Pestilence|92/100 tox
|-damage|p1a: Stallmate|40/100 tox|[from] recoil
|
|-heal|p2a: Pestilence|100/100 tox|[from] ability: Poison Heal
|-heal|p1a: Stallmate|52/100 tox|[from] ability: Poison Heal
|upkeep
|turn|185
|
|t:|1757901562
|move|p2a: Pestilence|Knock Off|p1a: Stallmate
|-damage|p1a: Stallmate|41/100 tox
|-activate|p1a: Stallmate|move: Struggle
|move|p1a: Stallmate|Struggle|p2a: Pestilence
|-damage|p2a: Pestilence|92/100 tox
|-damage|p1a: Stallmate|16/100 tox|[from] recoil
|
|-heal|p2a: Pestilence|100/100 tox|[from] ability: Poison Heal
|-heal|p1a: Stallmate|29/100 tox|[from] ability: Poison Heal
|upkeep
|turn|186
|c|☆GarbagioFilth|gg wp
|
|t:|1757901577
|move|p2a: Pestilence|U-turn|p1a: Stallmate
|-resisted|p1a: Stallmate
|-damage|p1a: Stallmate|23/100 tox
|c|☆green_ninja103|gg wp
|
|t:|1757901581
|switch|p2a: F-22 Raptor|Latios, M, tera:Steel|43/100|[from] U-turn
|-damage|p2a: F-22 Raptor|37/100|[from] Stealth Rock
|-activate|p1a: Stallmate|move: Struggle
|move|p1a: Stallmate|Struggle|p2a: F-22 Raptor
|-damage|p2a: F-22 Raptor|21/100
|-damage|p1a: Stallmate|0 fnt|[from] recoil
|faint|p1a: Stallmate
|
|win|green_ninja103
|raw|GarbagioFilth's rating: 1502 &rarr; <strong>1484</strong><br />(-18 for losing)
|raw|green_ninja103's rating: 1533 &rarr; <strong>1551</strong><br />(+18 for winning)
|l|☆GarbagioFilth
|player|p1|
|j| Shucklepilled
|j| glowingrobot
|j| sebastian.gough
|l| glowingrobot
|j| jaious
|l| jaious
