|j|☆octillery chicken
|j|‽TLchatha
|t:|1757815590
|gametype|singles
|player|p1|octillery chicken|harlequin|1477
|player|p2|TLchatha|brycenman|1528
|gen|9
|tier|[Gen 9] OU
|rated|
|rule|HP Percentage Mod: HP is shown in percentages
|rule|Endless Battle Clause: Forcing endless battles is banned
|rule|Species Clause: Limit one of each Pokémon
|rule|OHKO Clause: OHKO moves are banned
|rule|Evasion Items Clause: Evasion items are banned
|rule|Evasion Moves Clause: Evasion moves are banned
|rule|Evasion Abilities Clause: Evasion abilities are banned
|rule|Sleep Moves Clause: Sleep-inducing moves are banned
|clearpoke
|poke|p1|Heatran, M|
|poke|p1|Rillaboom, M|
|poke|p1|Ogerpon-Wellspring, F|
|poke|p1|Great Tusk|
|poke|p1|Bronzong|
|poke|p1|Dragapult, M|
|poke|p2|Alomomola, F|
|poke|p2|Cinderace, M|
|poke|p2|Slowking-Galar, M|
|poke|p2|Ursaluna, M|
|poke|p2|Zamazenta-*|
|poke|p2|Kyurem|
|teampreview
|inactive|Battle timer is ON: inactive players will automatically lose when time's up. (requested by TLchatha)
|inactive|octillery chicken has 120 seconds left.
|
|t:|1757815621
|teamsize|p1|6
|teamsize|p2|6
|start
|switch|p1a: Rillaboom|Rillaboom, M|100/100
|switch|p2a: Cinderace|Cinderace, M|100/100
|-fieldstart|move: Grassy Terrain|[from] ability: Grassy Surge|[of] p1a: Rillaboom
|turn|1
|
|t:|1757815649
|switch|p1a: Dragapult|Dragapult, M|100/100
|move|p2a: Cinderace|U-turn|p1a: Dragapult
|-start|p2a: Cinderace|typechange|Bug|[from] ability: Libero
|-resisted|p1a: Dragapult
|-damage|p1a: Dragapult|79/100
|
|t:|1757815654
|switch|p2a: Ursaluna|Ursaluna, M|100/100|[from] U-turn
|
|-heal|p1a: Dragapult|85/100|[from] Grassy Terrain
|-status|p2a: Ursaluna|brn|[from] item: Flame Orb
|upkeep
|turn|2
|
|t:|1757815663
|switch|p1a: Bronzong|Bronzong|100/100
|move|p2a: Ursaluna|Ice Punch|p1a: Bronzong
|-resisted|p1a: Bronzong
|-damage|p1a: Bronzong|85/100
|
|-damage|p2a: Ursaluna|94/100 brn|[from] brn
|upkeep
|turn|3
|
|t:|1757815681
|switch|p2a: Slowking|Slowking-Galar, M|100/100
|move|p1a: Bronzong|Future Sight|p2a: Slowking
|-start|p1a: Bronzong|move: Future Sight
|
|upkeep
|turn|4
|
|t:|1757815689
|move|p1a: Bronzong|Stealth Rock|p2a: Slowking
|-sidestart|p2: TLchatha|move: Stealth Rock
|move|p2a: Slowking|Future Sight|p1a: Bronzong
|-start|p2a: Slowking|move: Future Sight
|
|upkeep
|turn|5
|
|t:|1757815714
|switch|p1a: Great Tusk|Great Tusk|100/100
|-prepare|p2a: Slowking|Chilly Reception|[premajor]
|move|p2a: Slowking|Chilly Reception|p2a: Slowking
|-weather|Snowscape
|
|t:|1757815729
|switch|p2a: Kyurem|Kyurem|100/100|[from] Chilly Reception
|-damage|p2a: Kyurem|76/100|[from] Stealth Rock
|-ability|p2a: Kyurem|Pressure
|
|-weather|Snowscape|[upkeep]
|-end|p2a: Kyurem|move: Future Sight
|-damage|p2a: Kyurem|45/100
|-heal|p2a: Kyurem|51/100|[from] Grassy Terrain
|upkeep
|turn|6
|
|t:|1757815741
|-end|p1a: Great Tusk|Protosynthesis|[silent]
|switch|p1a: Bronzong|Bronzong|85/100
|move|p2a: Kyurem|Blizzard|p1a: Bronzong
|-resisted|p1a: Bronzong
|-damage|p1a: Bronzong|44/100
|
|-weather|Snowscape|[upkeep]
|-end|p1a: Bronzong|move: Future Sight
|-resisted|p1a: Bronzong
|-damage|p1a: Bronzong|34/100
|-heal|p2a: Kyurem|57/100|[from] Grassy Terrain
|upkeep
|turn|7
|inactive|TLchatha has 120 seconds left.
|
|t:|1757815775
|switch|p1a: Heatran|Heatran, M|100/100
|move|p2a: Kyurem|Blizzard|p1a: Heatran
|-resisted|p1a: Heatran
|-damage|p1a: Heatran|88/100
|
|-weather|Snowscape|[upkeep]
|-heal|p2a: Kyurem|63/100|[from] Grassy Terrain
|-heal|p1a: Heatran|94/100|[from] Grassy Terrain
|-heal|p1a: Heatran|99/100|[from] item: Leftovers
|upkeep
|turn|8
|inactive|TLchatha has 120 seconds left.
|
|t:|1757815796
|switch|p2a: Alomomola|Alomomola, F|100/100
|-damage|p2a: Alomomola|88/100|[from] Stealth Rock
|move|p1a: Heatran|Earth Power|p2a: Alomomola
|-damage|p2a: Alomomola|67/100
|
|-weather|Snowscape|[upkeep]
|-heal|p1a: Heatran|100/100|[from] Grassy Terrain
|-heal|p2a: Alomomola|73/100|[from] Grassy Terrain
|-fieldend|move: Grassy Terrain
|upkeep
|turn|9
|inactive|TLchatha has 120 seconds left.
|
|t:|1757815810
|switch|p1a: Ogerpon|Ogerpon-Wellspring, F|100/100
|move|p2a: Alomomola|Flip Turn|p1a: Ogerpon
|-immune|p1a: Ogerpon|[from] ability: Water Absorb
|
|-weather|none
|upkeep
|turn|10
|
|t:|1757815826
|switch|p2a: Zamazenta|Zamazenta|100/100
|-damage|p2a: Zamazenta|94/100|[from] Stealth Rock
|-ability|p2a: Zamazenta|Dauntless Shield|boost
|-boost|p2a: Zamazenta|def|1
|move|p1a: Ogerpon|Swords Dance|p1a: Ogerpon
|-boost|p1a: Ogerpon|atk|2
|
|upkeep
|turn|11
|
|t:|1757815838
|switch|p1a: Dragapult|Dragapult, M|85/100
|move|p2a: Zamazenta|Close Combat|p1a: Dragapult
|-immune|p1a: Dragapult
|
|upkeep
|turn|12
|inactive|TLchatha has 120 seconds left.
|inactive|TLchatha has 90 seconds left.
|inactive|TLchatha has 60 seconds left.
|
|t:|1757815926
|switch|p2a: Alomomola|Alomomola, F|100/100
|-damage|p2a: Alomomola|88/100|[from] Stealth Rock
|move|p1a: Dragapult|Shadow Ball|p2a: Alomomola
|-damage|p2a: Alomomola|48/100
|
|upkeep
|turn|13
|inactive|octillery chicken has 120 seconds left.
|
|t:|1757815944
|switch|p1a: Rillaboom|Rillaboom, M|100/100
|-fieldstart|move: Grassy Terrain|[from] ability: Grassy Surge|[of] p1a: Rillaboom
|move|p2a: Alomomola|Mirror Coat||[still]
|-fail|p2a: Alomomola
|
|-heal|p2a: Alomomola|54/100|[from] Grassy Terrain
|upkeep
|turn|14
|inactive|octillery chicken has 120 seconds left.
|inactive|TLchatha has 60 seconds left.
|inactive|TLchatha has 30 seconds left.
|
|t:|1757815996
|-terastallize|p2a: Alomomola|Fairy
|move|p1a: Rillaboom|U-turn|p2a: Alomomola
|-resisted|p2a: Alomomola
|-damage|p2a: Alomomola|47/100
|
|t:|1757816000
|switch|p1a: Ogerpon|Ogerpon-Wellspring, F|100/100|[from] U-turn
|move|p2a: Alomomola|Flip Turn|p1a: Ogerpon
|-immune|p1a: Ogerpon|[from] ability: Water Absorb
|
|-heal|p2a: Alomomola|53/100|[from] Grassy Terrain
|upkeep
|turn|15
|
|t:|1757816010
|switch|p2a: Zamazenta|Zamazenta|94/100
|-damage|p2a: Zamazenta|88/100|[from] Stealth Rock
|move|p1a: Ogerpon|Swords Dance|p1a: Ogerpon
|-boost|p1a: Ogerpon|atk|2
|
|-heal|p2a: Zamazenta|94/100|[from] Grassy Terrain
|upkeep
|turn|16
|inactive|TLchatha has 30 seconds left.
|inactive|TLchatha has 20 seconds left.
|inactive|TLchatha has 15 seconds left.
|inactive|TLchatha has 10 seconds left.
|inactive|TLchatha has 5 seconds left.
|-message|TLchatha lost due to inactivity.
|
|win|octillery chicken
|raw|octillery chicken's rating: 1477 &rarr; <strong>1501</strong><br />(+24 for winning)
|raw|TLchatha's rating: 1551 &rarr; <strong>1527</strong><br />(-24 for losing)
|l|‽TLchatha
|player|p2|
|l|☆octillery chicken
|player|p1|
