|j|☆bjtrbhgnhgv
|j|☆TroubleFindsMe
|t:|1757903265
|gametype|singles
|player|p1|bjtrbhgnhgv|169|1571
|player|p2|TroubleFindsMe|rika|1559
|gen|9
|tier|[Gen 9] OU
|rated|
|rule|HP Percentage Mod: HP is shown in percentages
|rule|Endless Battle Clause: Forcing endless battles is banned
|rule|Species Clause: Limit one of each Pokémon
|rule|OHKO Clause: OHKO moves are banned
|rule|Evasion Items Clause: Evasion items are banned
|rule|Evasion Moves Clause: Evasion moves are banned
|rule|Evasion Abilities Clause: Evasion abilities are banned
|rule|Sleep Moves Clause: Sleep-inducing moves are banned
|clearpoke
|poke|p1|Cinderace, F|
|poke|p1|Gliscor, M|
|poke|p1|Magnezone|
|poke|p1|Zapdos|
|poke|p1|Quaquaval, F|
|poke|p1|Scizor, M|
|poke|p2|Cloyster, F|
|poke|p2|Iron Valiant|
|poke|p2|Moltres|
|poke|p2|Dragonite, M|
|poke|p2|Zamazenta-*|
|poke|p2|Ogerpon-Cornerstone, F|
|teampreview
|inactive|Battle timer is ON: inactive players will automatically lose when time's up. (requested by bjtrbhgnhgv)
|
|t:|1757903286
|teamsize|p1|6
|teamsize|p2|6
|start
|switch|p1a: Cinderace|Cinderace, F|100/100
|switch|p2a: o_o|Cloyster, F|100/100
|turn|1
|
|t:|1757903300
|move|p1a: Cinderace|U-turn|p2a: o_o
|-start|p1a: Cinderace|typechange|Bug|[from] ability: Libero
|-damage|p2a: o_o|55/100
|
|t:|1757903317
|switch|p1a: Magnezone|Magnezone|100/100|[from] U-turn
|move|p2a: o_o|Shell Smash|p2a: o_o
|-unboost|p2a: o_o|def|1
|-unboost|p2a: o_o|spd|1
|-boost|p2a: o_o|atk|2
|-boost|p2a: o_o|spa|2
|-boost|p2a: o_o|spe|2
|
|upkeep
|turn|2
|
|t:|1757903324
|move|p2a: o_o|Icicle Spear|p1a: Magnezone
|-resisted|p1a: Magnezone
|-damage|p1a: Magnezone|91/100
|-resisted|p1a: Magnezone
|-damage|p1a: Magnezone|80/100
|-resisted|p1a: Magnezone
|-crit|p1a: Magnezone
|-damage|p1a: Magnezone|64/100
|-resisted|p1a: Magnezone
|-damage|p1a: Magnezone|54/100
|-resisted|p1a: Magnezone
|-damage|p1a: Magnezone|44/100
|-hitcount|p1a: Magnezone|5
|move|p1a: Magnezone|Volt Switch|p2a: o_o
|-supereffective|p2a: o_o
|-damage|p2a: o_o|0 fnt
|faint|p2a: o_o
|
|t:|1757903328
|switch|p1a: Gliscor|Gliscor, M|100/100|[from] Volt Switch
|
|-status|p1a: Gliscor|tox|[from] item: Toxic Orb
|upkeep
|
|t:|1757903331
|switch|p2a: dogecoin !|Zamazenta|100/100
|-ability|p2a: dogecoin !|Dauntless Shield|boost
|-boost|p2a: dogecoin !|def|1
|turn|3
|
|t:|1757903336
|move|p2a: dogecoin !|Ice Fang|p1a: Gliscor
|-supereffective|p1a: Gliscor
|-damage|p1a: Gliscor|7/100 tox
|move|p1a: Gliscor|Fling|p2a: dogecoin !
|-resisted|p2a: dogecoin !
|-damage|p2a: dogecoin !|98/100
|-status|p2a: dogecoin !|tox
|-enditem|p1a: Gliscor|Toxic Orb|[from] move: Fling
|
|-damage|p2a: dogecoin !|92/100 tox|[from] psn
|-heal|p1a: Gliscor|19/100 tox|[from] ability: Poison Heal
|upkeep
|turn|4
|
|t:|1757903342
|move|p1a: Gliscor|Protect|p1a: Gliscor
|-singleturn|p1a: Gliscor|Protect
|move|p2a: dogecoin !|Ice Fang|p1a: Gliscor
|-activate|p1a: Gliscor|move: Protect
|
|-damage|p2a: dogecoin !|80/100 tox|[from] psn
|-heal|p1a: Gliscor|32/100 tox|[from] ability: Poison Heal
|upkeep
|turn|5
|
|t:|1757903356
|switch|p1a: Scizor|Scizor, M|100/100
|move|p2a: dogecoin !|Ice Fang|p1a: Scizor
|-resisted|p1a: Scizor
|-damage|p1a: Scizor|86/100
|
|-heal|p1a: Scizor|92/100|[from] item: Leftovers
|-damage|p2a: dogecoin !|61/100 tox|[from] psn
|upkeep
|turn|6
|
|t:|1757903365
|switch|p2a: AHHHH IM ON FIRE|Moltres|100/100
|move|p1a: Scizor|U-turn|p2a: AHHHH IM ON FIRE
|-resisted|p2a: AHHHH IM ON FIRE
|-damage|p2a: AHHHH IM ON FIRE|89/100
|-status|p1a: Scizor|brn|[from] ability: Flame Body|[of] p2a: AHHHH IM ON FIRE
|
|t:|1757903372
|switch|p1a: Zapdos|Zapdos|100/100|[from] U-turn
|
|upkeep
|turn|7
|
|t:|1757903378
|switch|p2a: dogecoin !|Zamazenta|61/100 tox
|move|p1a: Zapdos|Volt Switch|p2a: dogecoin !
|-damage|p2a: dogecoin !|25/100 tox
|
|t:|1757903384
|switch|p1a: Gliscor|Gliscor, M|32/100 tox|[from] Volt Switch
|
|-damage|p2a: dogecoin !|19/100 tox|[from] psn
|-heal|p1a: Gliscor|44/100 tox|[from] ability: Poison Heal
|upkeep
|turn|8
|
|t:|1757903389
|move|p1a: Gliscor|Protect|p1a: Gliscor
|-singleturn|p1a: Gliscor|Protect
|move|p2a: dogecoin !|Ice Fang|p1a: Gliscor
|-activate|p1a: Gliscor|move: Protect
|
|-damage|p2a: dogecoin !|7/100 tox|[from] psn
|-heal|p1a: Gliscor|56/100 tox|[from] ability: Poison Heal
|upkeep
|turn|9
|
|t:|1757903397
|switch|p1a: Scizor|Scizor, M|92/100 brn
|move|p2a: dogecoin !|Ice Fang|p1a: Scizor
|-resisted|p1a: Scizor
|-damage|p1a: Scizor|77/100 brn
|
|-heal|p1a: Scizor|83/100 brn|[from] item: Leftovers
|-damage|p2a: dogecoin !|0 fnt|[from] psn
|faint|p2a: dogecoin !
|-damage|p1a: Scizor|77/100 brn|[from] brn
|upkeep
|
|t:|1757903399
|switch|p2a: AHHHH IM ON FIRE|Moltres|89/100
|turn|10
|j| Nikator98
|
|t:|1757903412
|switch|p1a: Zapdos|Zapdos|100/100
|move|p2a: AHHHH IM ON FIRE|Flamethrower|p1a: Zapdos
|-damage|p1a: Zapdos|60/100
|
|-heal|p1a: Zapdos|66/100|[from] item: Leftovers
|upkeep
|turn|11
|
|t:|1757903416
|move|p2a: AHHHH IM ON FIRE|U-turn|p1a: Zapdos
|-resisted|p1a: Zapdos
|-damage|p1a: Zapdos|59/100
|
|t:|1757903418
|switch|p2a: #Girl|Ogerpon-Cornerstone, F|100/100|[from] U-turn
|move|p1a: Zapdos|Volt Switch|p2a: #Girl
|-resisted|p2a: #Girl
|-damage|p2a: #Girl|78/100
|
|t:|1757903426
|switch|p1a: Scizor|Scizor, M|77/100 brn|[from] Volt Switch
|
|-heal|p1a: Scizor|83/100 brn|[from] item: Leftovers
|-damage|p1a: Scizor|77/100 brn|[from] brn
|upkeep
|turn|12
|
|t:|1757903429
|-terastallize|p2a: #Girl|Rock
|detailschange|p2a: #Girl|Ogerpon-Cornerstone-Tera, F, tera:Rock
|-ability|p2a: #Girl|Embody Aspect (Cornerstone)|boost
|-boost|p2a: #Girl|def|1
|move|p1a: Scizor|Bullet Punch|p2a: #Girl
|-supereffective|p2a: #Girl
|-damage|p2a: #Girl|50/100
|move|p2a: #Girl|Ivy Cudgel|p1a: Scizor|[anim] Ivy Cudgel Rock
|-damage|p1a: Scizor|4/100 brn
|
|-heal|p1a: Scizor|10/100 brn|[from] item: Leftovers
|-damage|p1a: Scizor|4/100 brn|[from] brn
|upkeep
|turn|13
|
|t:|1757903438
|move|p1a: Scizor|Bullet Punch|p2a: #Girl
|-supereffective|p2a: #Girl
|-damage|p2a: #Girl|22/100
|move|p2a: #Girl|Ivy Cudgel|p1a: Scizor|[anim] Ivy Cudgel Rock
|-damage|p1a: Scizor|0 fnt
|faint|p1a: Scizor
|
|upkeep
|
|t:|1757903450
|switch|p1a: Quaquaval|Quaquaval, F|100/100
|turn|14
|
|t:|1757903453
|move|p1a: Quaquaval|Aqua Jet|p2a: #Girl
|-supereffective|p2a: #Girl
|-damage|p2a: #Girl|0 fnt
|faint|p2a: #Girl
|detailschange|p2: #Girl|Ogerpon-Cornerstone, F|[silent]
|-ability|p1a: Quaquaval|Moxie|boost
|-boost|p1a: Quaquaval|atk|1
|
|upkeep
|
|t:|1757903456
|switch|p2a: AHHHH IM ON FIRE|Moltres|89/100
|turn|15
|
|t:|1757903459
|-terastallize|p1a: Quaquaval|Water
|move|p1a: Quaquaval|Aqua Jet|p2a: AHHHH IM ON FIRE
|-supereffective|p2a: AHHHH IM ON FIRE
|-damage|p2a: AHHHH IM ON FIRE|0 fnt
|-status|p1a: Quaquaval|brn|[from] ability: Flame Body|[of] p2a: AHHHH IM ON FIRE
|faint|p2a: AHHHH IM ON FIRE
|-ability|p1a: Quaquaval|Moxie|boost
|-boost|p1a: Quaquaval|atk|1
|
|-damage|p1a: Quaquaval|94/100 brn|[from] brn
|upkeep
|
|t:|1757903465
|switch|p2a: Wokeness Unleashed|Iron Valiant|100/100
|-enditem|p2a: Wokeness Unleashed|Booster Energy
|-activate|p2a: Wokeness Unleashed|ability: Quark Drive|[fromitem]
|-start|p2a: Wokeness Unleashed|quarkdrivespe
|turn|16
|
|t:|1757903467
|move|p1a: Quaquaval|Aqua Jet|p2a: Wokeness Unleashed
|-damage|p2a: Wokeness Unleashed|49/100
|move|p2a: Wokeness Unleashed|Thunderbolt|p1a: Quaquaval
|-supereffective|p1a: Quaquaval
|-damage|p1a: Quaquaval|8/100 brn
|
|-damage|p1a: Quaquaval|2/100 brn|[from] brn
|upkeep
|turn|17
|
|t:|1757903470
|move|p1a: Quaquaval|Aqua Jet|p2a: Wokeness Unleashed
|-damage|p2a: Wokeness Unleashed|0 fnt
|faint|p2a: Wokeness Unleashed
|-end|p2a: Wokeness Unleashed|Quark Drive|[silent]
|-ability|p1a: Quaquaval|Moxie|boost
|-boost|p1a: Quaquaval|atk|1
|
|-damage|p1a: Quaquaval|0 fnt|[from] brn
|faint|p1a: Quaquaval
|upkeep
|
|t:|1757903482
|switch|p2a: BarneyFromDinosaur|Dragonite, M|100/100
|switch|p1a: Magnezone|Magnezone|44/100
|turn|18
|
|t:|1757903485
|move|p2a: BarneyFromDinosaur|Dragon Dance|p2a: BarneyFromDinosaur
|-boost|p2a: BarneyFromDinosaur|atk|1
|-boost|p2a: BarneyFromDinosaur|spe|1
|move|p1a: Magnezone|Discharge|p2a: BarneyFromDinosaur
|-damage|p2a: BarneyFromDinosaur|57/100
|
|upkeep
|turn|19
|
|t:|1757903487
|move|p2a: BarneyFromDinosaur|Earthquake|p1a: Magnezone
|-supereffective|p1a: Magnezone
|-damage|p1a: Magnezone|0 fnt
|faint|p1a: Magnezone
|
|upkeep
|
|t:|1757903499
|switch|p1a: Zapdos|Zapdos|59/100
|turn|20
|
|t:|1757903502
|move|p2a: BarneyFromDinosaur|Extreme Speed|p1a: Zapdos
|-damage|p1a: Zapdos|12/100
|-status|p2a: BarneyFromDinosaur|par|[from] ability: Static|[of] p1a: Zapdos
|move|p1a: Zapdos|Hurricane|p2a: BarneyFromDinosaur
|-damage|p2a: BarneyFromDinosaur|0 fnt
|faint|p2a: BarneyFromDinosaur
|
|win|bjtrbhgnhgv
|raw|bjtrbhgnhgv's rating: 1571 &rarr; <strong>1590</strong><br />(+19 for winning)
|raw|TroubleFindsMe's rating: 1559 &rarr; <strong>1540</strong><br />(-19 for losing)
|l|☆TroubleFindsMe
|player|p2|
|l| Nikator98
