|j|☆SpinAga1n
|j|☆aaron200589
|t:|1757935264
|gametype|singles
|player|p1|SpinAga1n|dawn-gen4pt|1310
|player|p2|aaron200589|giovanni|1327
|gen|9
|tier|[Gen 9] OU
|rated|
|rule|HP Percentage Mod: HP is shown in percentages
|rule|Endless Battle Clause: Forcing endless battles is banned
|rule|Species Clause: Limit one of each Pokémon
|rule|OHKO Clause: OHKO moves are banned
|rule|Evasion Items Clause: Evasion items are banned
|rule|Evasion Moves Clause: Evasion moves are banned
|rule|Evasion Abilities Clause: Evasion abilities are banned
|rule|Sleep Moves Clause: Sleep-inducing moves are banned
|clearpoke
|poke|p1|Okidogi, M|
|poke|p1|Ogerpon-Wellspring, F|
|poke|p1|Darkrai|
|poke|p1|Great Tusk|
|poke|p1|Iron Leaves|
|poke|p1|Glastrier|
|poke|p2|Walking Wake|
|poke|p2|Raging Bolt|
|poke|p2|Ninetales, M|
|poke|p2|Great Tusk|
|poke|p2|Hatterene, F|
|poke|p2|Rillaboom, F|
|teampreview
|inactive|Battle timer is ON: inactive players will automatically lose when time's up. (requested by SpinAga1n)
|
|t:|1757935276
|teamsize|p1|6
|teamsize|p2|6
|start
|switch|p1a: Okidogi|Okidogi, M|100/100
|switch|p2a: Ninetales|Ninetales, M|100/100
|-weather|SunnyDay|[from] ability: Drought|[of] p2a: Ninetales
|turn|1
|
|t:|1757935283
|move|p2a: Ninetales|Will-O-Wisp|p1a: Okidogi
|-status|p1a: Okidogi|brn
|move|p1a: Okidogi|High Horsepower|p2a: Ninetales
|-supereffective|p2a: Ninetales
|-damage|p2a: Ninetales|51/100
|-damage|p1a: Okidogi|91/100 brn|[from] item: Life Orb
|
|-weather|SunnyDay|[upkeep]
|-damage|p1a: Okidogi|85/100 brn|[from] brn
|upkeep
|turn|2
|
|t:|1757935297
|switch|p2a: Hatterene|Hatterene, F|100/100
|move|p1a: Okidogi|Gunk Shot|p2a: Hatterene|[miss]
|-miss|p1a: Okidogi|p2a: Hatterene
|
|-weather|SunnyDay|[upkeep]
|-damage|p1a: Okidogi|79/100 brn|[from] brn
|upkeep
|turn|3
|
|t:|1757935309
|switch|p2a: Walking Wake|Walking Wake|100/100
|-activate|p2a: Walking Wake|ability: Protosynthesis
|-start|p2a: Walking Wake|protosynthesisspe
|move|p1a: Okidogi|Gunk Shot|p2a: Walking Wake
|-damage|p2a: Walking Wake|59/100
|-damage|p1a: Okidogi|69/100 brn|[from] item: Life Orb
|
|-weather|SunnyDay|[upkeep]
|-damage|p1a: Okidogi|63/100 brn|[from] brn
|upkeep
|turn|4
|
|t:|1757935325
|move|p2a: Walking Wake|Flamethrower|p1a: Okidogi
|-damage|p1a: Okidogi|0 fnt
|faint|p1a: Okidogi
|
|-weather|SunnyDay|[upkeep]
|upkeep
|
|t:|1757935332
|switch|p1a: Ogerpon|Ogerpon-Wellspring, F|100/100
|turn|5
|
|t:|1757935336
|-end|p2a: Walking Wake|Protosynthesis|[silent]
|switch|p2a: Hatterene|Hatterene, F|100/100
|move|p1a: Ogerpon|Power Whip|p2a: Hatterene|[miss]
|-miss|p1a: Ogerpon|p2a: Hatterene
|
|-weather|SunnyDay|[upkeep]
|upkeep
|turn|6
|
|t:|1757935345
|move|p1a: Ogerpon|Swords Dance|p1a: Ogerpon
|-boost|p1a: Ogerpon|atk|2
|move|p2a: Hatterene|Nuzzle|p1a: Ogerpon
|-damage|p1a: Ogerpon|95/100
|-status|p1a: Ogerpon|par
|
|-weather|SunnyDay|[upkeep]
|upkeep
|turn|7
|
|t:|1757935354
|move|p1a: Ogerpon|Power Whip|p2a: Hatterene
|-damage|p2a: Hatterene|0 fnt
|faint|p2a: Hatterene
|
|-weather|SunnyDay|[upkeep]
|upkeep
|
|t:|1757935368
|switch|p2a: Walking Wake|Walking Wake|59/100
|-activate|p2a: Walking Wake|ability: Protosynthesis
|-start|p2a: Walking Wake|protosynthesisspe
|turn|8
|
|t:|1757935374
|move|p2a: Walking Wake|Draco Meteor|p1a: Ogerpon
|-damage|p1a: Ogerpon|0 fnt
|-unboost|p2a: Walking Wake|spa|2
|faint|p1a: Ogerpon
|
|-weather|none
|-end|p2a: Walking Wake|Protosynthesis
|upkeep
|
|t:|1757935387
|switch|p1a: Darkrai|Darkrai|100/100
|turn|9
|
|t:|1757935392
|-end|p2a: Walking Wake|Protosynthesis|[silent]
|switch|p2a: Ninetales|Ninetales, M|51/100
|-weather|SunnyDay|[from] ability: Drought|[of] p2a: Ninetales
|move|p1a: Darkrai|Nasty Plot|p1a: Darkrai
|-boost|p1a: Darkrai|spa|2
|
|-weather|SunnyDay|[upkeep]
|upkeep
|turn|10
|
|t:|1757935403
|switch|p2a: MALAYERBA|Rillaboom, F|100/100
|-fieldstart|move: Grassy Terrain|[from] ability: Grassy Surge|[of] p2a: MALAYERBA
|move|p1a: Darkrai|Dark Pulse|p2a: MALAYERBA
|-damage|p2a: MALAYERBA|0 fnt
|faint|p2a: MALAYERBA
|
|-weather|SunnyDay|[upkeep]
|upkeep
|
|t:|1757935415
|switch|p2a: Raging Bolt|Raging Bolt|100/100
|-enditem|p2a: Raging Bolt|Grassy Seed
|-boost|p2a: Raging Bolt|def|1|[from] item: Grassy Seed
|-activate|p2a: Raging Bolt|ability: Protosynthesis
|-start|p2a: Raging Bolt|protosynthesisspa
|turn|11
|
|t:|1757935425
|-terastallize|p2a: Raging Bolt|Fairy
|move|p1a: Darkrai|Dark Pulse|p2a: Raging Bolt
|-resisted|p2a: Raging Bolt
|-damage|p2a: Raging Bolt|67/100
|move|p2a: Raging Bolt|Thunderbolt|p1a: Darkrai
|-damage|p1a: Darkrai|12/100
|
|-weather|SunnyDay|[upkeep]
|-heal|p1a: Darkrai|18/100|[from] Grassy Terrain
|-heal|p2a: Raging Bolt|73/100|[from] Grassy Terrain
|upkeep
|turn|12
|
|t:|1757935438
|move|p2a: Raging Bolt|Thunderclap|p1a: Darkrai
|-damage|p1a: Darkrai|0 fnt
|faint|p1a: Darkrai
|
|-weather|SunnyDay|[upkeep]
|-heal|p2a: Raging Bolt|79/100|[from] Grassy Terrain
|upkeep
|
|t:|1757935442
|switch|p1a: Great Tusk|Great Tusk|100/100
|-activate|p1a: Great Tusk|ability: Protosynthesis
|-start|p1a: Great Tusk|protosynthesisatk
|turn|13
|
|t:|1757935462
|move|p1a: Great Tusk|Rapid Spin|p2a: Raging Bolt
|-damage|p2a: Raging Bolt|65/100
|-boost|p1a: Great Tusk|spe|1
|move|p2a: Raging Bolt|Dragon Pulse|p1a: Great Tusk
|-damage|p1a: Great Tusk|0 fnt
|faint|p1a: Great Tusk
|-end|p1a: Great Tusk|Protosynthesis|[silent]
|
|-weather|SunnyDay|[upkeep]
|-heal|p2a: Raging Bolt|71/100|[from] Grassy Terrain
|upkeep
|
|t:|1757935471
|switch|p1a: Iron Leaves|Iron Leaves|100/100
|-enditem|p1a: Iron Leaves|Booster Energy
|-activate|p1a: Iron Leaves|ability: Quark Drive|[fromitem]
|-start|p1a: Iron Leaves|quarkdriveatk
|turn|14
|
|t:|1757935477
|move|p1a: Iron Leaves|Psyblade|p2a: Raging Bolt
|-damage|p2a: Raging Bolt|40/100
|move|p2a: Raging Bolt|Dragon Pulse|p1a: Iron Leaves
|-damage|p1a: Iron Leaves|32/100
|
|-weather|SunnyDay|[upkeep]
|-heal|p1a: Iron Leaves|39/100|[from] Grassy Terrain
|-heal|p2a: Raging Bolt|46/100|[from] Grassy Terrain
|upkeep
|turn|15
|
|t:|1757935486
|move|p1a: Iron Leaves|Leaf Blade|p2a: Raging Bolt
|-damage|p2a: Raging Bolt|0 fnt
|faint|p2a: Raging Bolt
|-end|p2a: Raging Bolt|Protosynthesis|[silent]
|
|-weather|SunnyDay|[upkeep]
|-heal|p1a: Iron Leaves|45/100|[from] Grassy Terrain
|upkeep
|
|t:|1757935504
|switch|p2a: Great Tusk|Great Tusk|100/100
|-activate|p2a: Great Tusk|ability: Protosynthesis
|-start|p2a: Great Tusk|protosynthesisatk
|turn|16
|
|t:|1757935513
|move|p1a: Iron Leaves|Leaf Blade|p2a: Great Tusk
|-supereffective|p2a: Great Tusk
|-damage|p2a: Great Tusk|0 fnt
|faint|p2a: Great Tusk
|-end|p2a: Great Tusk|Protosynthesis|[silent]
|
|-weather|none
|-heal|p1a: Iron Leaves|51/100|[from] Grassy Terrain
|upkeep
|
|t:|1757935521
|switch|p2a: Ninetales|Ninetales, M|51/100
|-weather|SunnyDay|[from] ability: Drought|[of] p2a: Ninetales
|turn|17
|
|t:|1757935528
|move|p1a: Iron Leaves|Psyblade|p2a: Ninetales
|-damage|p2a: Ninetales|0 fnt
|faint|p2a: Ninetales
|
|-weather|SunnyDay|[upkeep]
|-heal|p1a: Iron Leaves|57/100|[from] Grassy Terrain
|-fieldend|move: Grassy Terrain
|upkeep
|
|t:|1757935535
|switch|p2a: Walking Wake|Walking Wake|59/100
|-activate|p2a: Walking Wake|ability: Protosynthesis
|-start|p2a: Walking Wake|protosynthesisspe
|turn|18
|
|t:|1757935542
|move|p2a: Walking Wake|Flamethrower|p1a: Iron Leaves
|-supereffective|p1a: Iron Leaves
|-damage|p1a: Iron Leaves|0 fnt
|faint|p1a: Iron Leaves
|-end|p1a: Iron Leaves|Quark Drive|[silent]
|
|-weather|SunnyDay|[upkeep]
|upkeep
|
|t:|1757935544
|switch|p1a: Glastrier|Glastrier|100/100
|turn|19
|
|t:|1757935551
|-terastallize|p1a: Glastrier|Dark
|move|p2a: Walking Wake|Flamethrower|p1a: Glastrier
|-damage|p1a: Glastrier|50/100
|move|p1a: Glastrier|Throat Chop|p2a: Walking Wake
|-damage|p2a: Walking Wake|9/100
|-start|p2a: Walking Wake|Throat Chop|[silent]
|
|-weather|SunnyDay|[upkeep]
|upkeep
|turn|20
|
|t:|1757935560
|move|p2a: Walking Wake|Flamethrower|p1a: Glastrier
|-damage|p1a: Glastrier|0 fnt
|faint|p1a: Glastrier
|
|win|aaron200589
|raw|SpinAga1n's rating: 1310 &rarr; <strong>1291</strong><br />(-19 for losing)
|raw|aaron200589's rating: 1327 &rarr; <strong>1346</strong><br />(+19 for winning)
|l|☆SpinAga1n
|player|p1|
|l|☆aaron200589
|player|p2|
