|j|☆Prerak04
|j|☆rare7
|t:|1757830333
|gametype|singles
|player|p1|Prerak04|265|1372
|player|p2|rare7|102|1351
|gen|9
|tier|[Gen 9] OU
|rated|
|rule|HP Percentage Mod: HP is shown in percentages
|rule|Endless Battle Clause: Forcing endless battles is banned
|rule|Species Clause: Limit one of each Pokémon
|rule|OHKO Clause: OHKO moves are banned
|rule|Evasion Items Clause: Evasion items are banned
|rule|Evasion Moves Clause: Evasion moves are banned
|rule|Evasion Abilities Clause: Evasion abilities are banned
|rule|Sleep Moves Clause: Sleep-inducing moves are banned
|clearpoke
|poke|p1|Tyranitar, M|
|poke|p1|Excadrill, M|
|poke|p1|Tornadus-Therian, M|
|poke|p1|Tinkaton, F|
|poke|p1|Sinistcha|
|poke|p1|Toxapex, M|
|poke|p2|Pawmot, M|
|poke|p2|Gliscor, F|
|poke|p2|Moltres|
|poke|p2|Darkrai|
|poke|p2|Gholdengo|
|poke|p2|Hatterene, F|
|teampreview
|inactive|Battle timer is ON: inactive players will automatically lose when time's up. (requested by Prerak04)
|inactive|rare7 also wants the timer to be on.
|
|t:|1757830344
|teamsize|p1|6
|teamsize|p2|6
|start
|switch|p1a: Tinkaton|Tinkaton, F, shiny|100/100
|switch|p2a: Pawmot|Pawmot, M|100/100
|-item|p1a: Tinkaton|Air Balloon
|turn|1
|
|t:|1757830350
|move|p2a: Pawmot|Volt Switch|p1a: Tinkaton
|-crit|p1a: Tinkaton
|-damage|p1a: Tinkaton|69/100
|-enditem|p1a: Tinkaton|Air Balloon
|-damage|p2a: Pawmot|91/100|[from] item: Life Orb
|
|t:|1757830358
|switch|p2a: Hatterene|Hatterene, F|100/100|[from] Volt Switch
|move|p1a: Tinkaton|Stealth Rock|p2a: Hatterene
|move|p2a: Hatterene|Stealth Rock|p1a: Tinkaton|[from] ability: Magic Bounce
|-sidestart|p1: Prerak04|move: Stealth Rock
|
|upkeep
|turn|2
|
|t:|1757830364
|switch|p2a: Moltres|Moltres|100/100
|-ability|p2a: Moltres|Pressure
|move|p1a: Tinkaton|Stealth Rock|p2a: Moltres
|-sidestart|p2: rare7|move: Stealth Rock
|
|upkeep
|turn|3
|
|t:|1757830378
|switch|p1a: Tyranitar|Tyranitar, M, shiny|100/100
|-damage|p1a: Tyranitar|88/100|[from] Stealth Rock
|-weather|Sandstorm|[from] ability: Sand Stream|[of] p1a: Tyranitar
|move|p2a: Moltres|U-turn|p1a: Tyranitar
|-supereffective|p1a: Tyranitar
|-damage|p1a: Tyranitar|61/100
|
|t:|1757830393
|switch|p2a: Pawmot|Pawmot, M|91/100|[from] U-turn
|-damage|p2a: Pawmot|84/100|[from] Stealth Rock
|
|-weather|Sandstorm|[upkeep]
|-damage|p2a: Pawmot|78/100|[from] Sandstorm
|upkeep
|turn|4
|
|t:|1757830400
|switch|p1a: Sinistcha|Sinistcha, shiny|100/100
|-damage|p1a: Sinistcha|88/100|[from] Stealth Rock
|move|p2a: Pawmot|Volt Switch|p1a: Sinistcha
|-resisted|p1a: Sinistcha
|-damage|p1a: Sinistcha|76/100
|-damage|p2a: Pawmot|68/100|[from] item: Life Orb
|
|t:|1757830413
|switch|p2a: Hatterene|Hatterene, F|100/100|[from] Volt Switch
|-damage|p2a: Hatterene|88/100|[from] Stealth Rock
|
|-weather|Sandstorm|[upkeep]
|-damage|p1a: Sinistcha|70/100|[from] Sandstorm
|-damage|p2a: Hatterene|82/100|[from] Sandstorm
|-heal|p1a: Sinistcha|76/100|[from] item: Leftovers
|-heal|p2a: Hatterene|88/100|[from] item: Leftovers
|upkeep
|turn|5
|
|t:|1757830427
|switch|p1a: Excadrill|Excadrill, M, shiny|100/100
|-damage|p1a: Excadrill|97/100|[from] Stealth Rock
|move|p2a: Hatterene|Psychic Noise|p1a: Excadrill
|-resisted|p1a: Excadrill
|-damage|p1a: Excadrill|76/100
|-start|p1a: Excadrill|move: Heal Block
|
|-weather|Sandstorm|[upkeep]
|-damage|p2a: Hatterene|82/100|[from] Sandstorm
|-heal|p2a: Hatterene|88/100|[from] item: Leftovers
|upkeep
|turn|6
|
|t:|1757830436
|switch|p2a: Moltres|Moltres|100/100
|-ability|p2a: Moltres|Pressure
|move|p1a: Excadrill|Substitute|p1a: Excadrill
|-start|p1a: Excadrill|Substitute
|-damage|p1a: Excadrill|51/100
|
|-weather|Sandstorm|[upkeep]
|-damage|p2a: Moltres|94/100|[from] Sandstorm
|-end|p1a: Excadrill|move: Heal Block
|upkeep
|turn|7
|
|t:|1757830443
|move|p1a: Excadrill|Rock Slide|p2a: Moltres
|-supereffective|p2a: Moltres
|-damage|p2a: Moltres|0 fnt
|faint|p2a: Moltres
|
|-weather|none
|-heal|p1a: Excadrill|57/100|[from] item: Leftovers
|upkeep
|
|t:|1757830459
|switch|p2a: Darkrai|Darkrai|100/100
|-damage|p2a: Darkrai|88/100|[from] Stealth Rock
|turn|8
|
|t:|1757830464
|move|p2a: Darkrai|Dark Pulse|p1a: Excadrill
|-end|p1a: Excadrill|Substitute
|-damage|p2a: Darkrai|78/100|[from] item: Life Orb
|move|p1a: Excadrill|Rapid Spin|p2a: Darkrai
|-damage|p2a: Darkrai|49/100
|-boost|p1a: Excadrill|spe|1
|-sideend|p1: Prerak04|Stealth Rock|[from] move: Rapid Spin|[of] p1a: Excadrill
|
|-heal|p1a: Excadrill|63/100|[from] item: Leftovers
|upkeep
|turn|9
|
|t:|1757830471
|move|p2a: Darkrai|Sucker Punch|p1a: Excadrill
|-damage|p1a: Excadrill|26/100
|-damage|p2a: Darkrai|39/100|[from] item: Life Orb
|move|p1a: Excadrill|Earthquake|p2a: Darkrai
|-damage|p2a: Darkrai|0 fnt
|faint|p2a: Darkrai
|
|-heal|p1a: Excadrill|32/100|[from] item: Leftovers
|upkeep
|
|t:|1757830479
|switch|p2a: Pawmot|Pawmot, M|68/100
|-damage|p2a: Pawmot|62/100|[from] Stealth Rock
|turn|10
|
|t:|1757830485
|move|p2a: Pawmot|Mach Punch|p1a: Excadrill
|-supereffective|p1a: Excadrill
|-damage|p1a: Excadrill|0 fnt
|faint|p1a: Excadrill
|-damage|p2a: Pawmot|52/100|[from] item: Life Orb
|
|upkeep
|
|t:|1757830491
|switch|p1a: Sinistcha|Sinistcha, shiny|76/100
|turn|11
|
|t:|1757830498
|move|p2a: Pawmot|Revival Blessing|p2a: Pawmot
|
|t:|1757830506
|-heal|p2: Darkrai|50/100|[from] move: Revival Blessing
|move|p1a: Sinistcha|Shadow Ball|p2a: Pawmot
|-damage|p2a: Pawmot|0 fnt
|faint|p2a: Pawmot
|
|-heal|p1a: Sinistcha|82/100|[from] item: Leftovers
|upkeep
|
|t:|1757830521
|switch|p2a: Darkrai|Darkrai|50/100
|-damage|p2a: Darkrai|38/100|[from] Stealth Rock
|turn|12
|
|t:|1757830529
|switch|p1a: Tyranitar|Tyranitar, M, shiny|61/100
|-weather|Sandstorm|[from] ability: Sand Stream|[of] p1a: Tyranitar
|move|p2a: Darkrai|Focus Blast|p1a: Tyranitar|[miss]
|-miss|p2a: Darkrai|p1a: Tyranitar
|
|-weather|Sandstorm|[upkeep]
|-damage|p2a: Darkrai|32/100|[from] Sandstorm
|upkeep
|turn|13
|
|t:|1757830536
|switch|p1a: Toxapex|Toxapex, M, shiny|100/100
|move|p2a: Darkrai|Dark Pulse|p1a: Toxapex
|-damage|p1a: Toxapex|59/100
|-enditem|p1a: Toxapex|Eject Button
|-damage|p2a: Darkrai|22/100|[from] item: Life Orb
|
|t:|1757830544
|switch|p1a: Tyranitar|Tyranitar, M, shiny|61/100
|
|-weather|Sandstorm|[upkeep]
|-damage|p2a: Darkrai|16/100|[from] Sandstorm
|upkeep
|turn|14
|
|t:|1757830547
|switch|p1a: Toxapex|Toxapex, M, shiny|93/100
|move|p2a: Darkrai|Focus Blast|p1a: Toxapex
|-resisted|p1a: Toxapex
|-damage|p1a: Toxapex|74/100
|-damage|p2a: Darkrai|6/100|[from] item: Life Orb
|
|-weather|Sandstorm|[upkeep]
|-damage|p2a: Darkrai|0 fnt|[from] Sandstorm
|-damage|p1a: Toxapex|68/100|[from] Sandstorm
|faint|p2a: Darkrai
|upkeep
|
|t:|1757830553
|switch|p2a: Hatterene|Hatterene, F|88/100
|-damage|p2a: Hatterene|76/100|[from] Stealth Rock
|turn|15
|
|t:|1757830559
|switch|p1a: Tyranitar|Tyranitar, M, shiny|61/100
|move|p2a: Hatterene|Calm Mind|p2a: Hatterene
|-boost|p2a: Hatterene|spa|1
|-boost|p2a: Hatterene|spd|1
|
|-weather|Sandstorm|[upkeep]
|-damage|p2a: Hatterene|70/100|[from] Sandstorm
|-heal|p2a: Hatterene|76/100|[from] item: Leftovers
|upkeep
|turn|16
|
|t:|1757830569
|-terastallize|p2a: Hatterene|Water
|move|p1a: Tyranitar|Knock Off|p2a: Hatterene
|-damage|p2a: Hatterene|5/100
|-enditem|p2a: Hatterene|Leftovers|[from] move: Knock Off|[of] p1a: Tyranitar
|move|p2a: Hatterene|Draining Kiss|p1a: Tyranitar
|-supereffective|p1a: Tyranitar
|-damage|p1a: Tyranitar|14/100
|-heal|p2a: Hatterene|43/100|[from] drain|[of] p1a: Tyranitar
|
|-weather|none
|upkeep
|turn|17
|
|t:|1757830581
|move|p1a: Tyranitar|Knock Off|p2a: Hatterene
|-crit|p2a: Hatterene
|-damage|p2a: Hatterene|0 fnt
|faint|p2a: Hatterene
|
|upkeep
|-message|rare7 forfeited.
|
|win|Prerak04
|raw|Prerak04's rating: 1372 &rarr; <strong>1391</strong><br />(+19 for winning)
|raw|rare7's rating: 1351 &rarr; <strong>1332</strong><br />(-19 for losing)
|l|☆rare7
|player|p2|
|l|☆Prerak04
|player|p1|
