|j|☆allbutred
|j|☆Bgdssfbbb
|t:|1757857043
|gametype|singles
|player|p1|allbutred|flint|1194
|player|p2|Bgdssfbbb|266|1151
|gen|9
|tier|[Gen 9] OU
|rated|
|rule|HP Percentage Mod: HP is shown in percentages
|rule|Endless Battle Clause: Forcing endless battles is banned
|rule|Species Clause: Limit one of each Pokémon
|rule|OHKO Clause: OHKO moves are banned
|rule|Evasion Items Clause: Evasion items are banned
|rule|Evasion Moves Clause: Evasion moves are banned
|rule|Evasion Abilities Clause: Evasion abilities are banned
|rule|Sleep Moves Clause: Sleep-inducing moves are banned
|clearpoke
|poke|p1|Araquanid, F|
|poke|p1|Porygon-Z|
|poke|p1|Iron Valiant|
|poke|p1|Great Tusk|
|poke|p1|Goodra-Hisui, M|
|poke|p1|Dragonite, F|
|poke|p2|Barraskewda, M|
|poke|p2|Meowscarada, F|
|poke|p2|Gholdengo|
|poke|p2|Glimmora, F|
|poke|p2|Zapdos|
|poke|p2|Ursaluna, F|
|teampreview
|inactive|Battle timer is ON: inactive players will automatically lose when time's up. (requested by allbutred)
|j| slash_poke
|
|t:|1757857052
|teamsize|p1|6
|teamsize|p2|6
|start
|switch|p1a: Araquanid|Araquanid, F|100/100
|switch|p2a: Meowscarada|Meowscarada, F|100/100
|turn|1
|
|t:|1757857056
|move|p2a: Meowscarada|U-turn|p1a: Araquanid
|-start|p2a: Meowscarada|typechange|Bug|[from] ability: Protean
|-damage|p1a: Araquanid|52/100
|
|t:|1757857058
|switch|p2a: Glimmora|Glimmora, F|100/100|[from] U-turn
|move|p1a: Araquanid|Leech Life|p2a: Glimmora
|-resisted|p2a: Glimmora
|-damage|p2a: Glimmora|86/100
|-heal|p1a: Araquanid|60/100|[from] drain|[of] p2a: Glimmora
|-activate|p2a: Glimmora|ability: Toxic Debris
|-sidestart|p1: allbutred|move: Toxic Spikes
|
|upkeep
|turn|2
|inactive|allbutred has 120 seconds left.
|
|t:|1757857098
|move|p2a: Glimmora|Power Gem|p1a: Araquanid
|-supereffective|p1a: Araquanid
|-damage|p1a: Araquanid|7/100
|move|p1a: Araquanid|Sticky Web|p2a: Glimmora
|-sidestart|p2: Bgdssfbbb|move: Sticky Web
|
|upkeep
|turn|3
|-enditem|p1a: Araquanid|Custap Berry|[eat]
|-activate|p1a: Araquanid|item: Custap Berry|[consumed]
|
|t:|1757857104
|move|p1a: Araquanid|Liquidation|p2a: Glimmora
|-supereffective|p2a: Glimmora
|-damage|p2a: Glimmora|0 fnt
|-activate|p2a: Glimmora|ability: Toxic Debris
|-sidestart|p1: allbutred|move: Toxic Spikes
|faint|p2a: Glimmora
|
|upkeep
|l| slash_poke
|
|t:|1757857112
|switch|p2a: Zapdos|Zapdos|100/100
|turn|4
|
|t:|1757857120
|move|p2a: Zapdos|Volt Switch|p1a: Araquanid
|-supereffective|p1a: Araquanid
|-damage|p1a: Araquanid|0 fnt
|faint|p1a: Araquanid
|
|t:|1757857127
|switch|p2a: Barraskewda|Barraskewda, M|100/100|[from] Volt Switch
|-activate|p2a: Barraskewda|move: Sticky Web
|-unboost|p2a: Barraskewda|spe|1
|
|upkeep
|
|t:|1757857135
|switch|p1a: Dragonite|Dragonite, F|100/100
|turn|5
|
|t:|1757857147
|move|p2a: Barraskewda|Flip Turn|p1a: Dragonite
|-resisted|p1a: Dragonite
|-damage|p1a: Dragonite|91/100
|
|t:|1757857162
|switch|p2a: Zapdos|Zapdos|100/100|[from] Flip Turn
|move|p1a: Dragonite|Hurricane|p2a: Zapdos|[miss]
|-miss|p1a: Dragonite|p2a: Zapdos
|
|-heal|p1a: Dragonite|97/100|[from] item: Leftovers
|upkeep
|turn|6
|
|t:|1757857186
|switch|p1a: Great Tusk|Great Tusk|100/100
|-status|p1a: Great Tusk|tox
|move|p2a: Zapdos|Thunderbolt|p1a: Great Tusk
|-immune|p1a: Great Tusk
|
|-damage|p1a: Great Tusk|94/100 tox|[from] psn
|upkeep
|turn|7
|
|t:|1757857190
|move|p2a: Zapdos|Hurricane|p1a: Great Tusk
|-supereffective|p1a: Great Tusk
|-damage|p1a: Great Tusk|0 fnt
|faint|p1a: Great Tusk
|-end|p1a: Great Tusk|Protosynthesis|[silent]
|
|upkeep
|
|t:|1757857193
|switch|p1a: Goodra|Goodra-Hisui, M|100/100
|turn|8
|
|t:|1757857197
|move|p2a: Zapdos|Volt Switch|p1a: Goodra
|-resisted|p1a: Goodra
|-damage|p1a: Goodra|88/100
|
|t:|1757857203
|switch|p2a: Gholdengo|Gholdengo|100/100|[from] Volt Switch
|-activate|p2a: Gholdengo|move: Sticky Web
|-unboost|p2a: Gholdengo|spe|1
|move|p1a: Goodra|Dragon Pulse|p2a: Gholdengo
|-resisted|p2a: Gholdengo
|-damage|p2a: Gholdengo|78/100
|
|-heal|p1a: Goodra|94/100|[from] item: Leftovers
|-heal|p2a: Gholdengo|84/100|[from] item: Leftovers
|upkeep
|turn|9
|
|t:|1757857213
|switch|p1a: Dragonite|Dragonite, F|97/100
|switch|p2a: Barraskewda|Barraskewda, M|100/100
|-activate|p2a: Barraskewda|move: Sticky Web
|-unboost|p2a: Barraskewda|spe|1
|
|-heal|p1a: Dragonite|100/100|[from] item: Leftovers
|upkeep
|turn|10
|
|t:|1757857217
|move|p2a: Barraskewda|Flip Turn|p1a: Dragonite
|-resisted|p1a: Dragonite
|-damage|p1a: Dragonite|91/100
|
|t:|1757857219
|switch|p2a: Meowscarada|Meowscarada, F|100/100|[from] Flip Turn
|-activate|p2a: Meowscarada|move: Sticky Web
|-unboost|p2a: Meowscarada|spe|1
|move|p1a: Dragonite|Dragon Pulse|p2a: Meowscarada
|-damage|p2a: Meowscarada|39/100
|
|-heal|p1a: Dragonite|97/100|[from] item: Leftovers
|upkeep
|turn|11
|
|t:|1757857233
|move|p2a: Meowscarada|Triple Axel|p1a: Dragonite|[miss]
|-start|p2a: Meowscarada|typechange|Ice|[from] ability: Protean
|-miss|p2a: Meowscarada|p1a: Dragonite
|move|p1a: Dragonite|Hurricane|p2a: Meowscarada
|-damage|p2a: Meowscarada|0 fnt
|faint|p2a: Meowscarada
|
|-heal|p1a: Dragonite|100/100|[from] item: Leftovers
|upkeep
|
|t:|1757857236
|switch|p2a: Ursaluna|Ursaluna, F|100/100
|-activate|p2a: Ursaluna|move: Sticky Web
|-unboost|p2a: Ursaluna|spe|1
|turn|12
|
|t:|1757857254
|move|p2a: Ursaluna|Protect|p2a: Ursaluna
|-singleturn|p2a: Ursaluna|Protect
|move|p1a: Dragonite|Hurricane|p2a: Ursaluna
|-activate|p2a: Ursaluna|move: Protect
|
|-status|p2a: Ursaluna|brn|[from] item: Flame Orb
|upkeep
|turn|13
|
|t:|1757857256
|move|p1a: Dragonite|Hurricane|p2a: Ursaluna
|-damage|p2a: Ursaluna|58/100 brn
|-start|p2a: Ursaluna|confusion
|-activate|p2a: Ursaluna|confusion
|move|p2a: Ursaluna|Facade|p1a: Dragonite
|-damage|p1a: Dragonite|41/100
|
|-heal|p1a: Dragonite|47/100|[from] item: Leftovers
|-damage|p2a: Ursaluna|51/100 brn|[from] brn
|upkeep
|turn|14
|
|t:|1757857259
|move|p1a: Dragonite|Hurricane|p2a: Ursaluna
|-damage|p2a: Ursaluna|7/100 brn
|-activate|p2a: Ursaluna|confusion
|move|p2a: Ursaluna|Facade|p1a: Dragonite
|-damage|p1a: Dragonite|0 fnt
|faint|p1a: Dragonite
|
|-damage|p2a: Ursaluna|1/100 brn|[from] brn
|upkeep
|
|t:|1757857276
|switch|p1a: Porygon-Z|Porygon-Z|100/100
|-status|p1a: Porygon-Z|tox
|turn|15
|
|t:|1757857278
|move|p1a: Porygon-Z|Tri Attack|p2a: Ursaluna
|-damage|p2a: Ursaluna|0 fnt
|faint|p2a: Ursaluna
|-damage|p1a: Porygon-Z|91/100 tox|[from] item: Life Orb
|
|-damage|p1a: Porygon-Z|84/100 tox|[from] psn
|upkeep
|
|t:|1757857285
|switch|p2a: Barraskewda|Barraskewda, M|100/100
|-activate|p2a: Barraskewda|move: Sticky Web
|-unboost|p2a: Barraskewda|spe|1
|turn|16
|inactive|allbutred has 120 seconds left.
|
|t:|1757857324
|switch|p2a: Gholdengo|Gholdengo|84/100
|-activate|p2a: Gholdengo|move: Sticky Web
|-unboost|p2a: Gholdengo|spe|1
|move|p1a: Porygon-Z|Tri Attack|p2a: Gholdengo
|-immune|p2a: Gholdengo
|
|-heal|p2a: Gholdengo|90/100|[from] item: Leftovers
|-damage|p1a: Porygon-Z|72/100 tox|[from] psn
|upkeep
|turn|17
|
|t:|1757857329
|move|p1a: Porygon-Z|Thunderbolt|p2a: Gholdengo
|-damage|p2a: Gholdengo|47/100
|-damage|p1a: Porygon-Z|62/100 tox|[from] item: Life Orb
|move|p2a: Gholdengo|Make It Rain|p1a: Porygon-Z
|-damage|p1a: Porygon-Z|0 fnt
|-unboost|p2a: Gholdengo|spa|1
|faint|p1a: Porygon-Z
|
|-heal|p2a: Gholdengo|53/100|[from] item: Leftovers
|upkeep
|
|t:|1757857337
|switch|p1a: Goodra|Goodra-Hisui, M|94/100
|turn|18
|
|t:|1757857349
|switch|p2a: Zapdos|Zapdos|100/100
|move|p1a: Goodra|Acid Armor|p1a: Goodra
|-boost|p1a: Goodra|def|2
|
|-heal|p1a: Goodra|99/100|[from] item: Leftovers
|upkeep
|turn|19
|
|t:|1757857356
|move|p2a: Zapdos|Thunderbolt|p1a: Goodra
|-resisted|p1a: Goodra
|-damage|p1a: Goodra|83/100
|move|p1a: Goodra|Dragon Pulse|p2a: Zapdos
|-damage|p2a: Zapdos|60/100
|
|-heal|p1a: Goodra|90/100|[from] item: Leftovers
|upkeep
|turn|20
|
|t:|1757857359
|move|p2a: Zapdos|Thunderbolt|p1a: Goodra
|-resisted|p1a: Goodra
|-damage|p1a: Goodra|73/100
|move|p1a: Goodra|Dragon Pulse|p2a: Zapdos
|-damage|p2a: Zapdos|19/100
|
|-heal|p1a: Goodra|79/100|[from] item: Leftovers
|upkeep
|turn|21
|
|t:|1757857363
|move|p2a: Zapdos|Thunderbolt|p1a: Goodra
|-resisted|p1a: Goodra
|-damage|p1a: Goodra|63/100
|move|p1a: Goodra|Dragon Pulse|p2a: Zapdos
|-damage|p2a: Zapdos|0 fnt
|faint|p2a: Zapdos
|
|-heal|p1a: Goodra|70/100|[from] item: Leftovers
|upkeep
|
|t:|1757857365
|switch|p2a: Barraskewda|Barraskewda, M|100/100
|-activate|p2a: Barraskewda|move: Sticky Web
|-unboost|p2a: Barraskewda|spe|1
|turn|22
|
|t:|1757857373
|move|p2a: Barraskewda|Close Combat|p1a: Goodra
|-supereffective|p1a: Goodra
|-crit|p1a: Goodra
|-damage|p1a: Goodra|0 fnt
|-unboost|p2a: Barraskewda|def|1
|-unboost|p2a: Barraskewda|spd|1
|faint|p1a: Goodra
|
|upkeep
|
|t:|1757857377
|switch|p1a: Iron Valiant|Iron Valiant|100/100
|-status|p1a: Iron Valiant|tox
|-enditem|p1a: Iron Valiant|Booster Energy
|-activate|p1a: Iron Valiant|ability: Quark Drive|[fromitem]
|-start|p1a: Iron Valiant|quarkdrivespe
|turn|23
|
|t:|1757857384
|move|p1a: Iron Valiant|Spirit Break|p2a: Barraskewda
|-damage|p2a: Barraskewda|0 fnt
|faint|p2a: Barraskewda
|
|-damage|p1a: Iron Valiant|94/100 tox|[from] psn
|upkeep
|
|t:|1757857389
|switch|p2a: Gholdengo|Gholdengo|53/100
|-activate|p2a: Gholdengo|move: Sticky Web
|-unboost|p2a: Gholdengo|spe|1
|turn|24
|
|t:|1757857414
|-terastallize|p1a: Iron Valiant|Fairy
|-terastallize|p2a: Gholdengo|Fairy
|move|p1a: Iron Valiant|Spirit Break|p2a: Gholdengo
|-damage|p2a: Gholdengo|0 fnt
|faint|p2a: Gholdengo
|
|win|allbutred
|raw|allbutred's rating: 1148 &rarr; <strong>1173</strong><br />(+25 for winning)
|raw|Bgdssfbbb's rating: 1151 &rarr; <strong>1126</strong><br />(-25 for losing)
|l|☆allbutred
|player|p1|
|l|☆Bgdssfbbb
|player|p2|
