|j|☆masterjeyx
|j|‽shgfx10
|t:|1757830318
|gametype|singles
|player|p1|masterjeyx|riley|1233
|player|p2|shgfx10|bugcatcher-gen4dp|1271
|gen|9
|tier|[Gen 9] OU
|rated|
|rule|HP Percentage Mod: HP is shown in percentages
|rule|Endless Battle Clause: Forcing endless battles is banned
|rule|Species Clause: Limit one of each Pokémon
|rule|OHKO Clause: OHKO moves are banned
|rule|Evasion Items Clause: Evasion items are banned
|rule|Evasion Moves Clause: Evasion moves are banned
|rule|Evasion Abilities Clause: Evasion abilities are banned
|rule|Sleep Moves Clause: Sleep-inducing moves are banned
|clearpoke
|poke|p1|Manaphy|
|poke|p1|Heatran, M|
|poke|p1|Frosmoth, M|
|poke|p1|Hitmonlee, M|
|poke|p1|Indeedee, M|
|poke|p1|Brambleghast, M|
|poke|p2|Ogerpon-Wellspring, F|
|poke|p2|Slowking-Galar, M|
|poke|p2|Dragapult, M|
|poke|p2|Great Tusk|
|poke|p2|Kingambit, M|
|poke|p2|Enamorus, F|
|teampreview
|inactive|Battle timer is ON: inactive players will automatically lose when time's up. (requested by masterjeyx)
|
|t:|1757830333
|teamsize|p1|6
|teamsize|p2|6
|start
|switch|p1a: Brambleghast|Brambleghast, M, shiny|100/100
|switch|p2a: Slowking|Slowking-Galar, M|100/100
|turn|1
|
|t:|1757830336
|move|p1a: Brambleghast|Poltergeist|p2a: Slowking
|-activate|p2a: Slowking|move: Poltergeist|Leftovers
|-supereffective|p2a: Slowking
|-damage|p2a: Slowking|13/100
|move|p2a: Slowking|Thunder Wave|p1a: Brambleghast
|-status|p1a: Brambleghast|par
|
|-heal|p2a: Slowking|19/100|[from] item: Leftovers
|upkeep
|turn|2
|
|t:|1757830345
|switch|p2a: Great Tusk|Great Tusk|100/100
|cant|p1a: Brambleghast|par
|
|upkeep
|turn|3
|
|t:|1757830350
|move|p2a: Great Tusk|Stealth Rock|p1a: Brambleghast
|-sidestart|p1: masterjeyx|move: Stealth Rock
|cant|p1a: Brambleghast|par
|
|upkeep
|turn|4
|
|t:|1757830352
|move|p2a: Great Tusk|Ice Spinner|p1a: Brambleghast
|-supereffective|p1a: Brambleghast
|-damage|p1a: Brambleghast|12/100 par
|move|p1a: Brambleghast|Rapid Spin|p2a: Great Tusk
|-damage|p2a: Great Tusk|90/100
|-boost|p1a: Brambleghast|spe|1
|-damage|p1a: Brambleghast|0 fnt|[from] item: Rocky Helmet|[of] p2a: Great Tusk
|faint|p1a: Brambleghast
|
|upkeep
|
|t:|1757830376
|switch|p1a: Frosmoth|Frosmoth, M|100/100
|turn|5
|
|t:|1757830383
|move|p1a: Frosmoth|Quiver Dance|p1a: Frosmoth
|-boost|p1a: Frosmoth|spa|1
|-boost|p1a: Frosmoth|spd|1
|-boost|p1a: Frosmoth|spe|1
|move|p2a: Great Tusk|Headlong Rush|p1a: Frosmoth
|-resisted|p1a: Frosmoth
|-damage|p1a: Frosmoth|42/100
|-unboost|p2a: Great Tusk|def|1
|-unboost|p2a: Great Tusk|spd|1
|
|upkeep
|turn|6
|
|t:|1757830387
|-terastallize|p2a: Great Tusk|Fire
|move|p1a: Frosmoth|Ice Beam|p2a: Great Tusk
|-resisted|p2a: Great Tusk
|-damage|p2a: Great Tusk|19/100
|move|p2a: Great Tusk|Headlong Rush|p1a: Frosmoth
|-resisted|p1a: Frosmoth
|-damage|p1a: Frosmoth|0 fnt
|-unboost|p2a: Great Tusk|def|1
|-unboost|p2a: Great Tusk|spd|1
|faint|p1a: Frosmoth
|
|upkeep
|
|t:|1757830396
|switch|p1a: Manaphy|Manaphy|100/100
|-damage|p1a: Manaphy|88/100|[from] Stealth Rock
|turn|7
|
|t:|1757830401
|move|p1a: Manaphy|Acid Armor|p1a: Manaphy
|-boost|p1a: Manaphy|def|2
|move|p2a: Great Tusk|Headlong Rush|p1a: Manaphy
|-damage|p1a: Manaphy|61/100
|-unboost|p2a: Great Tusk|def|1
|-unboost|p2a: Great Tusk|spd|1
|
|-heal|p1a: Manaphy|67/100|[from] item: Leftovers
|upkeep
|turn|8
|
|t:|1757830407
|-end|p2a: Great Tusk|Protosynthesis|[silent]
|switch|p2a: Slowking|Slowking-Galar, M|53/100
|move|p1a: Manaphy|Acid Armor|p1a: Manaphy
|-boost|p1a: Manaphy|def|2
|
|-heal|p1a: Manaphy|74/100|[from] item: Leftovers
|-heal|p2a: Slowking|59/100|[from] item: Leftovers
|upkeep
|turn|9
|
|t:|1757830413
|move|p1a: Manaphy|Take Heart|p1a: Manaphy
|-boost|p1a: Manaphy|spa|1
|-boost|p1a: Manaphy|spd|1
|move|p2a: Slowking|Thunder Wave|p1a: Manaphy
|-status|p1a: Manaphy|par
|
|-heal|p1a: Manaphy|80/100 par|[from] item: Leftovers
|-heal|p2a: Slowking|65/100|[from] item: Leftovers
|upkeep
|turn|10
|
|t:|1757830421
|move|p1a: Manaphy|Take Heart|p1a: Manaphy
|-boost|p1a: Manaphy|spa|1
|-boost|p1a: Manaphy|spd|1
|-curestatus|p1a: Manaphy|par|[msg]
|move|p2a: Slowking|Future Sight|p1a: Manaphy
|-start|p2a: Slowking|move: Future Sight
|
|-heal|p1a: Manaphy|86/100|[from] item: Leftovers
|-heal|p2a: Slowking|71/100|[from] item: Leftovers
|upkeep
|turn|11
|
|t:|1757830427
|switch|p2a: Ogerpon|Ogerpon-Wellspring, F|100/100
|move|p1a: Manaphy|Take Heart|p1a: Manaphy
|-boost|p1a: Manaphy|spa|1
|-boost|p1a: Manaphy|spd|1
|
|-heal|p1a: Manaphy|92/100|[from] item: Leftovers
|upkeep
|turn|12
|
|t:|1757830433
|-terastallize|p1a: Manaphy|Grass
|move|p2a: Ogerpon|Power Whip|p1a: Manaphy
|-resisted|p1a: Manaphy
|-damage|p1a: Manaphy|83/100
|move|p1a: Manaphy|Stored Power|p2a: Ogerpon
|-damage|p2a: Ogerpon|0 fnt
|faint|p2a: Ogerpon
|
|-end|p1a: Manaphy|move: Future Sight
|-crit|p1a: Manaphy
|-damage|p1a: Manaphy|8/100
|-heal|p1a: Manaphy|14/100|[from] item: Leftovers
|upkeep
|
|t:|1757830443
|switch|p2a: Dragapult|Dragapult, M|100/100
|turn|13
|
|t:|1757830447
|move|p2a: Dragapult|Draco Meteor|p1a: Manaphy
|-damage|p1a: Manaphy|0 fnt
|-unboost|p2a: Dragapult|spa|2
|faint|p1a: Manaphy
|
|upkeep
|
|t:|1757830451
|switch|p1a: Indeedee|Indeedee, M, shiny|100/100
|-damage|p1a: Indeedee|88/100|[from] Stealth Rock
|-fieldstart|move: Psychic Terrain|[from] ability: Psychic Surge|[of] p1a: Indeedee
|turn|14
|
|t:|1757830454
|switch|p2a: Great Tusk|Great Tusk, tera:Fire|19/100
|move|p1a: Indeedee|Calm Mind|p1a: Indeedee
|-boost|p1a: Indeedee|spa|1
|-boost|p1a: Indeedee|spd|1
|
|upkeep
|turn|15
|
|t:|1757830458
|move|p1a: Indeedee|Expanding Force|p2a: Great Tusk
|-damage|p2a: Great Tusk|0 fnt
|faint|p2a: Great Tusk
|-end|p2a: Great Tusk|Protosynthesis|[silent]
|
|upkeep
|
|t:|1757830461
|switch|p2a: Kingambit|Kingambit, M|100/100
|-activate|p2a: Kingambit|ability: Supreme Overlord
|-start|p2a: Kingambit|fallen2|[silent]
|-item|p2a: Kingambit|Air Balloon
|turn|16
|
|t:|1757830470
|switch|p1a: Heatran|Heatran, M|100/100
|-damage|p1a: Heatran|88/100|[from] Stealth Rock
|move|p2a: Kingambit|Iron Head|p1a: Heatran
|-resisted|p1a: Heatran
|-damage|p1a: Heatran|77/100
|
|-heal|p1a: Heatran|83/100|[from] item: Leftovers
|upkeep
|turn|17
|
|t:|1757830476
|move|p1a: Heatran|Magma Storm|p2a: Kingambit
|-supereffective|p2a: Kingambit
|-damage|p2a: Kingambit|13/100
|-activate|p2a: Kingambit|move: Magma Storm|[of] p1a: Heatran
|-enditem|p2a: Kingambit|Air Balloon
|move|p2a: Kingambit|Low Kick|p1a: Heatran
|-supereffective|p1a: Heatran
|-damage|p1a: Heatran|0 fnt
|faint|p1a: Heatran
|
|-end|p2a: Kingambit|Magma Storm|[partiallytrapped]|[silent]
|upkeep
|
|t:|1757830482
|switch|p1a: Hitmonlee|Hitmonlee, M|100/100
|-damage|p1a: Hitmonlee|94/100|[from] Stealth Rock
|turn|18
|
|t:|1757830487
|-end|p2a: Kingambit|fallen2|[silent]
|switch|p2a: Slowking|Slowking-Galar, M|100/100
|move|p1a: Hitmonlee|Reversal|p2a: Slowking
|-resisted|p2a: Slowking
|-damage|p2a: Slowking|98/100
|
|-heal|p2a: Slowking|100/100|[from] item: Leftovers
|upkeep
|turn|19
|
|t:|1757830493
|move|p1a: Hitmonlee|Swords Dance|p1a: Hitmonlee
|-boost|p1a: Hitmonlee|atk|2
|move|p2a: Slowking|Future Sight|p1a: Hitmonlee
|-start|p2a: Slowking|move: Future Sight
|
|upkeep
|turn|20
|
|t:|1757830504
|move|p1a: Hitmonlee|Rock Slide|p2a: Slowking
|-crit|p2a: Slowking
|-damage|p2a: Slowking|34/100
|move|p2a: Slowking|Thunder Wave|p1a: Hitmonlee|[miss]
|-miss|p2a: Slowking|p1a: Hitmonlee
|
|-heal|p2a: Slowking|40/100|[from] item: Leftovers
|upkeep
|turn|21
|
|t:|1757830511
|move|p1a: Hitmonlee|Rock Slide|p2a: Slowking
|-damage|p2a: Slowking|0 fnt
|faint|p2a: Slowking
|
|-end|p1a: Hitmonlee|move: Future Sight
|-supereffective|p1a: Hitmonlee
|-damage|p1a: Hitmonlee|0 fnt
|faint|p1a: Hitmonlee
|-fieldend|move: Psychic Terrain
|upkeep
|-message|masterjeyx forfeited.
|
|win|shgfx10
|raw|masterjeyx's rating: 1233 &rarr; <strong>1211</strong><br />(-22 for losing)
|raw|shgfx10's rating: 1271 &rarr; <strong>1293</strong><br />(+22 for winning)
|l|☆masterjeyx
|player|p1|
