|j|☆SirStripeous
|j|☆romerux
|t:|1757940186
|gametype|singles
|player|p1|SirStripeous|170|1059
|player|p2|romerux|266|1104
|gen|9
|tier|[Gen 9] OU
|rated|
|rule|HP Percentage Mod: HP is shown in percentages
|rule|Endless Battle Clause: Forcing endless battles is banned
|rule|Species Clause: Limit one of each Pokémon
|rule|OHKO Clause: OHKO moves are banned
|rule|Evasion Items Clause: Evasion items are banned
|rule|Evasion Moves Clause: Evasion moves are banned
|rule|Evasion Abilities Clause: Evasion abilities are banned
|rule|Sleep Moves Clause: Sleep-inducing moves are banned
|clearpoke
|poke|p1|Forretress, F|
|poke|p1|Ursaring, M|
|poke|p1|Porygon2|
|poke|p1|Furret, F|
|poke|p1|Kingdra, F|
|poke|p1|Jumpluff, M|
|poke|p2|Ting-Lu|
|poke|p2|Great Tusk|
|poke|p2|Gholdengo|
|poke|p2|Dragonite, F|
|poke|p2|Iron Valiant|
|poke|p2|Heatran, F|
|teampreview
|inactive|Battle timer is ON: inactive players will automatically lose when time's up. (requested by romerux)
|
|t:|1757940196
|teamsize|p1|6
|teamsize|p2|6
|start
|switch|p1a: Porygon2|Porygon2|100/100
|switch|p2a: Ting-Lu|Ting-Lu, shiny|100/100
|-ability|p1a: Porygon2|Download|boost
|-boost|p1a: Porygon2|spa|1
|-ability|p2a: Ting-Lu|Vessel of Ruin
|turn|1
|
|t:|1757940207
|move|p1a: Porygon2|Tri Attack|p2a: Ting-Lu
|-damage|p2a: Ting-Lu|77/100
|move|p2a: Ting-Lu|Stealth Rock|p1a: Porygon2
|-sidestart|p1: SirStripeous|move: Stealth Rock
|
|-heal|p2a: Ting-Lu|83/100|[from] item: Leftovers
|upkeep
|turn|2
|
|t:|1757940216
|move|p1a: Porygon2|Tri Attack|p2a: Ting-Lu
|-damage|p2a: Ting-Lu|60/100
|move|p2a: Ting-Lu|Spikes|p1a: Porygon2
|-sidestart|p1: SirStripeous|Spikes
|
|-heal|p2a: Ting-Lu|67/100|[from] item: Leftovers
|upkeep
|turn|3
|
|t:|1757940224
|move|p1a: Porygon2|Tri Attack|p2a: Ting-Lu
|-damage|p2a: Ting-Lu|41/100
|move|p2a: Ting-Lu|Ruination|p1a: Porygon2
|-damage|p1a: Porygon2|50/100
|
|-heal|p2a: Ting-Lu|48/100|[from] item: Leftovers
|upkeep
|turn|4
|
|t:|1757940239
|-terastallize|p1a: Porygon2|Normal
|move|p1a: Porygon2|Tri Attack|p2a: Ting-Lu
|-damage|p2a: Ting-Lu|13/100
|move|p2a: Ting-Lu|Spikes|p1a: Porygon2
|-sidestart|p1: SirStripeous|Spikes
|
|-heal|p2a: Ting-Lu|20/100|[from] item: Leftovers
|upkeep
|turn|5
|
|t:|1757940250
|move|p1a: Porygon2|Tri Attack|p2a: Ting-Lu
|-damage|p2a: Ting-Lu|0 fnt
|faint|p2a: Ting-Lu
|
|upkeep
|
|t:|1757940255
|switch|p2a: Iron Valiant|Iron Valiant|100/100
|turn|6
|
|t:|1757940261
|move|p2a: Iron Valiant|Close Combat|p1a: Porygon2
|-supereffective|p1a: Porygon2
|-damage|p1a: Porygon2|0 fnt
|-unboost|p2a: Iron Valiant|def|1
|-unboost|p2a: Iron Valiant|spd|1
|faint|p1a: Porygon2
|
|upkeep
|
|t:|1757940265
|switch|p1a: Furret|Furret, F|100/100
|-damage|p1a: Furret|88/100|[from] Stealth Rock
|-damage|p1a: Furret|72/100|[from] Spikes
|turn|7
|
|t:|1757940272
|move|p2a: Iron Valiant|Close Combat|p1a: Furret
|-supereffective|p1a: Furret
|-damage|p1a: Furret|0 fnt
|-unboost|p2a: Iron Valiant|def|1
|-unboost|p2a: Iron Valiant|spd|1
|faint|p1a: Furret
|
|upkeep
|
|t:|1757940279
|switch|p1a: Jumpluff|Jumpluff, M|100/100
|-damage|p1a: Jumpluff|76/100|[from] Stealth Rock
|turn|8
|
|t:|1757940291
|-end|p2a: Iron Valiant|Quark Drive|[silent]
|switch|p2a: Heatran|Heatran, F|100/100
|move|p1a: Jumpluff|Acrobatics|p2a: Heatran
|-resisted|p2a: Heatran
|-damage|p2a: Heatran|87/100
|
|-heal|p2a: Heatran|94/100|[from] item: Leftovers
|upkeep
|turn|9
|
|t:|1757940304
|move|p1a: Jumpluff|Substitute|p1a: Jumpluff
|-start|p1a: Jumpluff|Substitute
|-damage|p1a: Jumpluff|51/100
|move|p2a: Heatran|Magma Storm|p1a: Jumpluff
|-supereffective|p1a: Jumpluff
|-end|p1a: Jumpluff|Substitute
|
|-heal|p2a: Heatran|99/100|[from] item: Leftovers
|upkeep
|turn|10
|
|t:|1757940313
|switch|p1a: Kingdra|Kingdra, F|100/100
|-damage|p1a: Kingdra|88/100|[from] Stealth Rock
|-damage|p1a: Kingdra|72/100|[from] Spikes
|move|p2a: Heatran|Magma Storm|p1a: Kingdra|[miss]
|-miss|p2a: Heatran|p1a: Kingdra
|
|-heal|p2a: Heatran|100/100|[from] item: Leftovers
|upkeep
|turn|11
|
|t:|1757940325
|move|p2a: Heatran|Protect|p2a: Heatran
|-singleturn|p2a: Heatran|Protect
|move|p1a: Kingdra|Focus Energy|p1a: Kingdra
|-start|p1a: Kingdra|move: Focus Energy
|
|upkeep
|turn|12
|
|t:|1757940334
|move|p1a: Kingdra|Draco Meteor|p2a: Heatran
|-resisted|p2a: Heatran
|-crit|p2a: Heatran
|-damage|p2a: Heatran|61/100
|-unboost|p1a: Kingdra|spa|2
|move|p2a: Heatran|Magma Storm|p1a: Kingdra
|-resisted|p1a: Kingdra
|-damage|p1a: Kingdra|57/100
|-activate|p1a: Kingdra|move: Magma Storm|[of] p2a: Heatran
|
|-heal|p2a: Heatran|67/100|[from] item: Leftovers
|-damage|p1a: Kingdra|45/100|[from] move: Magma Storm|[partiallytrapped]
|upkeep
|turn|13
|
|t:|1757940346
|move|p2a: Heatran|Protect|p2a: Heatran
|-singleturn|p2a: Heatran|Protect
|move|p1a: Kingdra|Draco Meteor|p2a: Heatran
|-activate|p2a: Heatran|move: Protect
|
|-heal|p2a: Heatran|73/100|[from] item: Leftovers
|-damage|p1a: Kingdra|33/100|[from] move: Magma Storm|[partiallytrapped]
|upkeep
|turn|14
|
|t:|1757940356
|move|p1a: Kingdra|Agility|p1a: Kingdra
|-boost|p1a: Kingdra|spe|2
|move|p2a: Heatran|Earth Power|p1a: Kingdra
|-damage|p1a: Kingdra|0 fnt
|faint|p1a: Kingdra
|
|-heal|p2a: Heatran|79/100|[from] item: Leftovers
|upkeep
|
|t:|1757940362
|switch|p1a: Forretress|Forretress, F, shiny|100/100
|-damage|p1a: Forretress|88/100|[from] Stealth Rock
|-damage|p1a: Forretress|72/100|[from] Spikes
|turn|15
|-message|SirStripeous forfeited.
|
|win|romerux
|raw|SirStripeous's rating: 1059 &rarr; <strong>1043</strong><br />(-16 for losing)
|raw|romerux's rating: 1104 &rarr; <strong>1126</strong><br />(+22 for winning)
|l|☆SirStripeous
|player|p1|
|l|☆romerux
|player|p2|
