|j|‽Flocking glock
|j|☆XDOOL
|t:|1757867426
|gametype|singles
|player|p1|Flocking glock|unknownf|1458
|player|p2|XDOOL|fisherman|1439
|gen|9
|tier|[Gen 9] OU
|rated|
|rule|HP Percentage Mod: HP is shown in percentages
|rule|Endless Battle Clause: Forcing endless battles is banned
|rule|Species Clause: Limit one of each Pokémon
|rule|OHKO Clause: OHKO moves are banned
|rule|Evasion Items Clause: Evasion items are banned
|rule|Evasion Moves Clause: Evasion moves are banned
|rule|Evasion Abilities Clause: Evasion abilities are banned
|rule|Sleep Moves Clause: Sleep-inducing moves are banned
|clearpoke
|poke|p1|Zamazenta-*|
|poke|p1|Ninetales-Alola, M|
|poke|p1|Darkrai|
|poke|p1|Ceruledge, F|
|poke|p1|Gliscor, M|
|poke|p1|Hatterene, F|
|poke|p2|Torkoal, F|
|poke|p2|Sylveon, M|
|poke|p2|Blastoise, M|
|poke|p2|Espeon, F|
|poke|p2|Jolteon, M|
|poke|p2|Minior|
|teampreview
|
|t:|1757867441
|teamsize|p1|6
|teamsize|p2|6
|start
|switch|p1a: Darkrai|Darkrai|100/100
|switch|p2a: Torkoal|Torkoal, F|100/100
|-weather|SunnyDay|[from] ability: Drought|[of] p2a: Torkoal
|turn|1
|
|t:|1757867470
|switch|p2a: Sylveon|Sylveon, M|100/100
|move|p1a: Darkrai|Nasty Plot|p1a: Darkrai
|-boost|p1a: Darkrai|spa|2
|
|-weather|SunnyDay|[upkeep]
|upkeep
|turn|2
|
|t:|1757867485
|move|p1a: Darkrai|Psyshock|p2a: Sylveon
|-damage|p2a: Sylveon|18/100
|move|p2a: Sylveon|Hyper Voice|p1a: Darkrai
|-supereffective|p1a: Darkrai
|-damage|p1a: Darkrai|0 fnt
|faint|p1a: Darkrai
|
|-weather|SunnyDay|[upkeep]
|upkeep
|
|t:|1757867491
|switch|p1a: Gliscor|Gliscor, M|100/100
|turn|3
|
|t:|1757867503
|move|p1a: Gliscor|Earthquake|p2a: Sylveon
|-damage|p2a: Sylveon|0 fnt
|faint|p2a: Sylveon
|
|-weather|SunnyDay|[upkeep]
|-status|p1a: Gliscor|tox|[from] item: Toxic Orb
|upkeep
|
|t:|1757867515
|switch|p2a: Blastoise|Blastoise, M|100/100
|turn|4
|
|t:|1757867540
|move|p1a: Gliscor|Facade|p2a: Blastoise
|-damage|p2a: Blastoise|79/100
|move|p2a: Blastoise|Shell Smash|p2a: Blastoise
|-unboost|p2a: Blastoise|def|1
|-unboost|p2a: Blastoise|spd|1
|-boost|p2a: Blastoise|atk|2
|-boost|p2a: Blastoise|spa|2
|-boost|p2a: Blastoise|spe|2
|-enditem|p2a: Blastoise|Eject Pack
|
|t:|1757867549
|switch|p2a: Espeon|Espeon, F|100/100
|
|-weather|SunnyDay|[upkeep]
|upkeep
|turn|5
|
|t:|1757867586
|switch|p1a: Ninetales|Ninetales-Alola, M|100/100
|-weather|Snowscape|[from] ability: Snow Warning|[of] p1a: Ninetales
|move|p2a: Espeon|Copycat|p2a: Espeon
|move|p2a: Espeon|Shell Smash|p2a: Espeon|[from] move: Copycat
|-unboost|p2a: Espeon|def|1
|-unboost|p2a: Espeon|spd|1
|-boost|p2a: Espeon|atk|2
|-boost|p2a: Espeon|spa|2
|-boost|p2a: Espeon|spe|2
|-enditem|p2a: Espeon|White Herb
|-clearnegativeboost|p2a: Espeon|[silent]
|
|-weather|Snowscape|[upkeep]
|upkeep
|turn|6
|
|t:|1757867595
|move|p2a: Espeon|Stored Power|p1a: Ninetales
|-damage|p1a: Ninetales|0 fnt
|faint|p1a: Ninetales
|
|-weather|Snowscape|[upkeep]
|upkeep
|-message|Flocking glock forfeited.
|
|win|XDOOL
|raw|Flocking glock's rating: 1458 &rarr; <strong>1437</strong><br />(-21 for losing)
|raw|XDOOL's rating: 1439 &rarr; <strong>1460</strong><br />(+21 for winning)
|l|‽Flocking glock
|player|p1|
|l|☆XDOOL
|player|p2|
