|j|‽AttackonAsh
|j|☆Poupoule07
|t:|1757938922
|gametype|singles
|player|p1|AttackonAsh|169|1279
|player|p2|Poupoule07|265|1325
|gen|9
|tier|[Gen 9] OU
|rated|
|rule|HP Percentage Mod: HP is shown in percentages
|rule|Endless Battle Clause: Forcing endless battles is banned
|rule|Species Clause: Limit one of each Pokémon
|rule|OHKO Clause: OHKO moves are banned
|rule|Evasion Items Clause: Evasion items are banned
|rule|Evasion Moves Clause: Evasion moves are banned
|rule|Evasion Abilities Clause: Evasion abilities are banned
|rule|Sleep Moves Clause: Sleep-inducing moves are banned
|clearpoke
|poke|p1|Quaquaval, F|
|poke|p1|Dragonite, F|
|poke|p1|Talonflame, M|
|poke|p1|Ceruledge, F|
|poke|p1|Galvantula, F|
|poke|p1|Goodra, M|
|poke|p2|Manaphy|
|poke|p2|Glimmora, M|
|poke|p2|Enamorus, F|
|poke|p2|Dragapult, M|
|poke|p2|Kingambit, F|
|poke|p2|Iron Moth|
|teampreview
|
|t:|1757938936
|teamsize|p1|6
|teamsize|p2|6
|start
|switch|p1a: Galvantula|Galvantula, F|100/100
|switch|p2a: Glimmora|Glimmora, M|100/100
|turn|1
|
|t:|1757938944
|move|p1a: Galvantula|Thunder|p2a: Glimmora
|-damage|p2a: Glimmora|26/100
|-status|p2a: Glimmora|par
|cant|p2a: Glimmora|par
|
|upkeep
|turn|2
|
|t:|1757938953
|move|p1a: Galvantula|Thunder|p2a: Glimmora
|-damage|p2a: Glimmora|0 fnt
|faint|p2a: Glimmora
|
|upkeep
|
|t:|1757938965
|switch|p2a: Iron Moth|Iron Moth|100/100
|-enditem|p2a: Iron Moth|Booster Energy
|-activate|p2a: Iron Moth|ability: Quark Drive|[fromitem]
|-start|p2a: Iron Moth|quarkdrivespe
|turn|3
|
|t:|1757938979
|move|p2a: Iron Moth|Substitute|p2a: Iron Moth
|-start|p2a: Iron Moth|Substitute
|-damage|p2a: Iron Moth|76/100
|move|p1a: Galvantula|Thunder|p2a: Iron Moth
|-end|p2a: Iron Moth|Substitute
|
|upkeep
|turn|4
|
|t:|1757938986
|move|p2a: Iron Moth|Fiery Dance|p1a: Galvantula
|-supereffective|p1a: Galvantula
|-enditem|p1a: Galvantula|Focus Sash
|-damage|p1a: Galvantula|1/100
|move|p1a: Galvantula|Thunder|p2a: Iron Moth
|-damage|p2a: Iron Moth|26/100
|
|upkeep
|turn|5
|
|t:|1757939010
|switch|p1a: Goodra|Goodra, M|100/100
|move|p2a: Iron Moth|Dazzling Gleam|p1a: Goodra
|-supereffective|p1a: Goodra
|-crit|p1a: Goodra
|-damage|p1a: Goodra|65/100
|
|upkeep
|turn|6
|
|t:|1757939021
|move|p2a: Iron Moth|Substitute|p2a: Iron Moth
|-start|p2a: Iron Moth|Substitute
|-damage|p2a: Iron Moth|1/100
|move|p1a: Goodra|Sludge Wave|p2a: Iron Moth
|-resisted|p2a: Iron Moth
|-activate|p2a: Iron Moth|move: Substitute|[damage]
|
|upkeep
|turn|7
|
|t:|1757939028
|move|p2a: Iron Moth|Dazzling Gleam|p1a: Goodra
|-supereffective|p1a: Goodra
|-damage|p1a: Goodra|43/100
|move|p1a: Goodra|Flamethrower|p2a: Iron Moth
|-resisted|p2a: Iron Moth
|-end|p2a: Iron Moth|Substitute
|
|upkeep
|turn|8
|
|t:|1757939042
|move|p2a: Iron Moth|Dazzling Gleam|p1a: Goodra
|-supereffective|p1a: Goodra
|-damage|p1a: Goodra|21/100
|move|p1a: Goodra|Flamethrower|p2a: Iron Moth
|-resisted|p2a: Iron Moth
|-damage|p2a: Iron Moth|0 fnt
|faint|p2a: Iron Moth
|-end|p2a: Iron Moth|Quark Drive|[silent]
|
|upkeep
|
|t:|1757939061
|switch|p2a: Enamorus|Enamorus, F|100/100
|turn|9
|
|t:|1757939066
|move|p2a: Enamorus|Calm Mind|p2a: Enamorus
|-boost|p2a: Enamorus|spa|1
|-boost|p2a: Enamorus|spd|1
|move|p1a: Goodra|Sludge Wave|p2a: Enamorus
|-supereffective|p2a: Enamorus
|-damage|p2a: Enamorus|44/100
|
|-heal|p2a: Enamorus|50/100|[from] item: Leftovers
|upkeep
|turn|10
|
|t:|1757939076
|move|p2a: Enamorus|Moonblast|p1a: Goodra
|-supereffective|p1a: Goodra
|-damage|p1a: Goodra|0 fnt
|faint|p1a: Goodra
|
|-heal|p2a: Enamorus|56/100|[from] item: Leftovers
|upkeep
|
|t:|1757939085
|switch|p1a: Dragonite|Dragonite, F|100/100
|turn|11
|
|t:|1757939092
|move|p2a: Enamorus|Moonblast|p1a: Dragonite
|-supereffective|p1a: Dragonite
|-damage|p1a: Dragonite|26/100
|-enditem|p1a: Dragonite|Weakness Policy
|-boost|p1a: Dragonite|atk|2|[from] item: Weakness Policy
|-boost|p1a: Dragonite|spa|2|[from] item: Weakness Policy
|move|p1a: Dragonite|Iron Head|p2a: Enamorus
|-supereffective|p2a: Enamorus
|-damage|p2a: Enamorus|0 fnt
|faint|p2a: Enamorus
|
|upkeep
|
|t:|1757939103
|switch|p2a: Dragapult|Dragapult, M|100/100
|turn|12
|
|t:|1757939108
|move|p2a: Dragapult|Dragon Darts|p1a: Dragonite
|-supereffective|p1a: Dragonite
|-damage|p1a: Dragonite|0 fnt
|faint|p1a: Dragonite
|
|upkeep
|
|t:|1757939111
|switch|p1a: Ceruledge|Ceruledge, F|100/100
|turn|13
|
|t:|1757939125
|-terastallize|p1a: Ceruledge|Bug
|move|p2a: Dragapult|Dragon Darts|p1a: Ceruledge
|-damage|p1a: Ceruledge|65/100
|-ability|p1a: Ceruledge|Weak Armor|boost
|-unboost|p1a: Ceruledge|def|1
|-boost|p1a: Ceruledge|spe|2
|-anim|p2a: Dragapult|Dragon Darts|p1a: Ceruledge
|-damage|p1a: Ceruledge|11/100
|-ability|p1a: Ceruledge|Weak Armor|boost
|-unboost|p1a: Ceruledge|def|1
|-boost|p1a: Ceruledge|spe|2
|move|p1a: Ceruledge|Swords Dance|p1a: Ceruledge
|-boost|p1a: Ceruledge|atk|2
|
|upkeep
|turn|14
|
|t:|1757939141
|move|p1a: Ceruledge|Shadow Claw|p2a: Dragapult
|-supereffective|p2a: Dragapult
|-enditem|p2a: Dragapult|Focus Sash
|-damage|p2a: Dragapult|1/100
|move|p2a: Dragapult|Dragon Darts|p1a: Ceruledge
|-damage|p1a: Ceruledge|0 fnt
|faint|p1a: Ceruledge
|
|upkeep
|
|t:|1757939152
|switch|p1a: Talonflame|Talonflame, M|100/100
|turn|15
|
|t:|1757939157
|move|p1a: Talonflame|Brave Bird|p2a: Dragapult
|-damage|p2a: Dragapult|0 fnt
|faint|p2a: Dragapult
|-damage|p1a: Talonflame|99/100|[from] Recoil
|
|upkeep
|
|t:|1757939166
|switch|p2a: Manaphy|Manaphy|100/100
|turn|16
|
|t:|1757939173
|move|p1a: Talonflame|Brave Bird|p2a: Manaphy
|-damage|p2a: Manaphy|52/100
|-damage|p1a: Talonflame|82/100|[from] Recoil
|move|p2a: Manaphy|Surf|p1a: Talonflame
|-supereffective|p1a: Talonflame
|-crit|p1a: Talonflame
|-damage|p1a: Talonflame|0 fnt
|faint|p1a: Talonflame
|
|-heal|p2a: Manaphy|58/100|[from] item: Leftovers
|upkeep
|
|t:|1757939181
|switch|p1a: Galvantula|Galvantula, F|1/100
|turn|17
|
|t:|1757939197
|-terastallize|p2a: Manaphy|Grass
|move|p2a: Manaphy|Surf|p1a: Galvantula
|-damage|p1a: Galvantula|0 fnt
|faint|p1a: Galvantula
|
|-heal|p2a: Manaphy|64/100|[from] item: Leftovers
|upkeep
|
|t:|1757939201
|switch|p1a: Quaquaval|Quaquaval, F|100/100
|turn|18
|
|t:|1757939207
|move|p2a: Manaphy|Energy Ball|p1a: Quaquaval
|-supereffective|p1a: Quaquaval
|-damage|p1a: Quaquaval|0 fnt
|faint|p1a: Quaquaval
|
|win|Poupoule07
|raw|AttackonAsh's rating: 1279 &rarr; <strong>1257</strong><br />(-22 for losing)
|raw|Poupoule07's rating: 1325 &rarr; <strong>1342</strong><br />(+17 for winning)
|l|‽AttackonAsh
|player|p1|
|l|☆Poupoule07
|player|p2|
