|j|☆ykykp
|j|☆BorderofSeal
|t:|1757788231
|gametype|singles
|player|p1|ykykp|265|1571
|player|p2|BorderofSeal|1|1678
|gen|9
|tier|[Gen 9] OU
|rated|
|rule|HP Percentage Mod: HP is shown in percentages
|rule|Endless Battle Clause: Forcing endless battles is banned
|rule|Species Clause: Limit one of each Pokémon
|rule|OHKO Clause: OHKO moves are banned
|rule|Evasion Items Clause: Evasion items are banned
|rule|Evasion Moves Clause: Evasion moves are banned
|rule|Evasion Abilities Clause: Evasion abilities are banned
|rule|Sleep Moves Clause: Sleep-inducing moves are banned
|clearpoke
|poke|p1|Ninetales, M|
|poke|p1|Raging Bolt|
|poke|p1|Walking Wake|
|poke|p1|Hatterene, F|
|poke|p1|Cinderace, M|
|poke|p1|Great Tusk|
|poke|p2|Tornadus-Therian, M|
|poke|p2|Slowking-Galar, F|
|poke|p2|Ogerpon-Wellspring, F|
|poke|p2|Kyurem|
|poke|p2|Kingambit, F|
|poke|p2|Iron Treads|
|teampreview
|inactive|Battle timer is ON: inactive players will automatically lose when time's up. (requested by BorderofSeal)
|
|t:|1757788241
|teamsize|p1|6
|teamsize|p2|6
|start
|switch|p1a: Ninetales|Ninetales, M|100/100
|switch|p2a: Tornadus|Tornadus-Therian, M|100/100
|-weather|SunnyDay|[from] ability: Drought|[of] p1a: Ninetales
|turn|1
|
|t:|1757788256
|switch|p1a: Hatterene|Hatterene, F|100/100
|move|p2a: Tornadus|Knock Off|p1a: Hatterene
|-damage|p1a: Hatterene|84/100
|-enditem|p1a: Hatterene|Eject Button|[from] move: Knock Off|[of] p2a: Tornadus
|
|-weather|SunnyDay|[upkeep]
|upkeep
|turn|2
|
|t:|1757788265
|move|p2a: Tornadus|Heat Wave|p1a: Hatterene
|-damage|p1a: Hatterene|40/100
|move|p1a: Hatterene|Healing Wish|p1a: Hatterene
|faint|p1a: Hatterene
|
|-weather|SunnyDay|[upkeep]
|upkeep
|
|t:|1757788268
|switch|p1a: Cinderace|Cinderace, M|100/100
|turn|3
|
|t:|1757788276
|move|p1a: Cinderace|Pyro Ball|p2a: Tornadus
|-damage|p2a: Tornadus|0 fnt
|faint|p2a: Tornadus
|
|-weather|SunnyDay|[upkeep]
|upkeep
|
|t:|1757788295
|switch|p2a: Ogerpon|Ogerpon-Wellspring, F|100/100
|turn|4
|
|t:|1757788302
|switch|p1a: Raging Bolt|Raging Bolt|100/100
|-activate|p1a: Raging Bolt|ability: Protosynthesis
|-start|p1a: Raging Bolt|protosynthesisspa
|-terastallize|p2a: Ogerpon|Water
|detailschange|p2a: Ogerpon|Ogerpon-Wellspring-Tera, F, tera:Water
|-ability|p2a: Ogerpon|Embody Aspect (Wellspring)|boost
|-boost|p2a: Ogerpon|spd|1
|move|p2a: Ogerpon|Ivy Cudgel|p1a: Raging Bolt|[anim] Ivy Cudgel Water
|-resisted|p1a: Raging Bolt
|-damage|p1a: Raging Bolt|83/100
|
|-weather|SunnyDay|[upkeep]
|upkeep
|turn|5
|
|t:|1757788321
|switch|p2a: Iron Tusk|Iron Treads|100/100
|-enditem|p2a: Iron Tusk|Booster Energy
|-activate|p2a: Iron Tusk|ability: Quark Drive|[fromitem]
|-start|p2a: Iron Tusk|quarkdrivespe
|move|p1a: Raging Bolt|Draco Meteor|p2a: Iron Tusk
|-resisted|p2a: Iron Tusk
|-damage|p2a: Iron Tusk|0 fnt
|-unboost|p1a: Raging Bolt|spa|2
|faint|p2a: Iron Tusk
|-end|p2a: Iron Tusk|Quark Drive|[silent]
|
|-weather|SunnyDay|[upkeep]
|upkeep
|
|t:|1757788339
|switch|p2a: Slowking|Slowking-Galar, F|100/100
|turn|6
|
|t:|1757788345
|-end|p1a: Raging Bolt|Protosynthesis|[silent]
|switch|p1a: Cinderace|Cinderace, M|100/100
|-prepare|p2a: Slowking|Chilly Reception|[premajor]
|move|p2a: Slowking|Chilly Reception|p2a: Slowking
|-weather|Snowscape
|
|t:|1757788350
|switch|p2a: Kyurem|Kyurem|100/100|[from] Chilly Reception
|-ability|p2a: Kyurem|Pressure
|
|-weather|Snowscape|[upkeep]
|upkeep
|turn|7
|
|t:|1757788356
|switch|p1a: Ninetales|Ninetales, M|100/100
|-weather|SunnyDay|[from] ability: Drought|[of] p1a: Ninetales
|move|p2a: Kyurem|Earth Power|p1a: Ninetales
|-supereffective|p1a: Ninetales
|-damage|p1a: Ninetales|37/100
|
|-weather|SunnyDay|[upkeep]
|upkeep
|turn|8
|
|t:|1757788361
|switch|p1a: Cinderace|Cinderace, M|100/100
|move|p2a: Kyurem|Earth Power|p1a: Cinderace
|-supereffective|p1a: Cinderace
|-damage|p1a: Cinderace|10/100
|
|-weather|SunnyDay|[upkeep]
|upkeep
|turn|9
|
|t:|1757788366
|move|p1a: Cinderace|Pyro Ball|p2a: Kyurem
|-damage|p2a: Kyurem|0 fnt
|faint|p2a: Kyurem
|
|-weather|SunnyDay|[upkeep]
|upkeep
|
|t:|1757788369
|switch|p2a: Ogerpon|Ogerpon-Wellspring-Tera, F, tera:Water|100/100
|-ability|p2a: Ogerpon|Embody Aspect (Wellspring)|boost
|-boost|p2a: Ogerpon|spd|1
|turn|10
|
|t:|1757788373
|switch|p1a: Raging Bolt|Raging Bolt|83/100
|-heal|p1a: Raging Bolt|100/100|[from] move: Healing Wish
|-activate|p1a: Raging Bolt|ability: Protosynthesis
|-start|p1a: Raging Bolt|protosynthesisspa
|move|p2a: Ogerpon|Ivy Cudgel|p1a: Raging Bolt|[anim] Ivy Cudgel Water
|-resisted|p1a: Raging Bolt
|-damage|p1a: Raging Bolt|83/100
|
|-weather|SunnyDay|[upkeep]
|upkeep
|turn|11
|
|t:|1757788383
|switch|p2a: Kingambit|Kingambit, F|100/100
|-activate|p2a: Kingambit|ability: Supreme Overlord
|-start|p2a: Kingambit|fallen3|[silent]
|move|p1a: Raging Bolt|Volt Switch|p2a: Kingambit
|-damage|p2a: Kingambit|17/100
|
|t:|1757788393
|-end|p1a: Raging Bolt|Protosynthesis|[silent]
|switch|p1a: Walking Wake|Walking Wake|100/100|[from] Volt Switch
|-activate|p1a: Walking Wake|ability: Protosynthesis
|-start|p1a: Walking Wake|protosynthesisspe
|
|-weather|SunnyDay|[upkeep]
|upkeep
|turn|12
|
|t:|1757788397
|move|p2a: Kingambit|Sucker Punch|p1a: Walking Wake
|-damage|p1a: Walking Wake|30/100
|move|p1a: Walking Wake|Hydro Steam|p2a: Kingambit
|-damage|p2a: Kingambit|0 fnt
|faint|p2a: Kingambit
|-end|p2a: Kingambit|fallen3|[silent]
|
|-weather|SunnyDay|[upkeep]
|upkeep
|
|t:|1757788402
|switch|p2a: Ogerpon|Ogerpon-Wellspring-Tera, F, tera:Water|100/100
|-ability|p2a: Ogerpon|Embody Aspect (Wellspring)|boost
|-boost|p2a: Ogerpon|spd|1
|turn|13
|
|t:|1757788405
|move|p1a: Walking Wake|Draco Meteor|p2a: Ogerpon
|-damage|p2a: Ogerpon|52/100
|-unboost|p1a: Walking Wake|spa|2
|move|p2a: Ogerpon|Horn Leech|p1a: Walking Wake
|-damage|p1a: Walking Wake|0 fnt
|-heal|p2a: Ogerpon|69/100|[from] drain|[of] p1a: Walking Wake
|faint|p1a: Walking Wake
|-end|p1a: Walking Wake|Protosynthesis|[silent]
|
|-weather|SunnyDay|[upkeep]
|upkeep
|
|t:|1757788409
|switch|p1a: Raging Bolt|Raging Bolt|83/100
|-activate|p1a: Raging Bolt|ability: Protosynthesis
|-start|p1a: Raging Bolt|protosynthesisspa
|turn|14
|
|t:|1757788411
|move|p2a: Ogerpon|Encore||[still]
|-fail|p2a: Ogerpon
|move|p1a: Raging Bolt|Volt Switch|p2a: Ogerpon
|-supereffective|p2a: Ogerpon
|-damage|p2a: Ogerpon|0 fnt
|faint|p2a: Ogerpon
|detailschange|p2: Ogerpon|Ogerpon-Wellspring, F|[silent]
|
|t:|1757788416
|-end|p1a: Raging Bolt|Protosynthesis|[silent]
|switch|p1a: Great Tusk|Great Tusk|100/100|[from] Volt Switch
|-activate|p1a: Great Tusk|ability: Protosynthesis
|-start|p1a: Great Tusk|protosynthesisatk
|
|-weather|none
|-end|p1a: Great Tusk|Protosynthesis
|upkeep
|-message|BorderofSeal forfeited.
|
|win|ykykp
|raw|ykykp's rating: 1571 &rarr; <strong>1597</strong><br />(+26 for winning)
|raw|BorderofSeal's rating: 1678 &rarr; <strong>1652</strong><br />(-26 for losing)
|l|☆BorderofSeal
|player|p2|
