|j|☆Lulleydon
|j|☆da_one_who_plays
|t:|1757935907
|gametype|singles
|player|p1|Lulleydon|266|1262
|player|p2|da_one_who_plays|steven|1287
|gen|9
|tier|[Gen 9] OU
|rated|
|rule|HP Percentage Mod: HP is shown in percentages
|rule|Endless Battle Clause: Forcing endless battles is banned
|rule|Species Clause: Limit one of each Pokémon
|rule|OHKO Clause: OHKO moves are banned
|rule|Evasion Items Clause: Evasion items are banned
|rule|Evasion Moves Clause: Evasion moves are banned
|rule|Evasion Abilities Clause: Evasion abilities are banned
|rule|Sleep Moves Clause: Sleep-inducing moves are banned
|clearpoke
|poke|p1|Garganacl, M|
|poke|p1|Hippowdon, M|
|poke|p1|Houndstone, M|
|poke|p1|Corviknight, M|
|poke|p1|Iron Boulder|
|poke|p1|Reuniclus, M|
|poke|p2|Zamazenta-*|
|poke|p2|Ninetales-Alola, F|
|poke|p2|Iron Valiant|
|poke|p2|Ceruledge, M|
|poke|p2|Gliscor, M|
|poke|p2|Hatterene, F|
|teampreview
|inactive|Battle timer is ON: inactive players will automatically lose when time's up. (requested by Lulleydon)
|inactive|da_one_who_plays also wants the timer to be on.
|
|t:|1757935916
|teamsize|p1|6
|teamsize|p2|6
|start
|switch|p1a: Hippowdon|Hippowdon, M, shiny|100/100
|switch|p2a: Iron Valiant|Iron Valiant, shiny|100/100
|-weather|Sandstorm|[from] ability: Sand Stream|[of] p1a: Hippowdon
|turn|1
|
|t:|1757935928
|switch|p1a: Iron Boulder|Iron Boulder|100/100
|move|p2a: Iron Valiant|Trick|p1a: Iron Boulder
|-activate|p2a: Iron Valiant|move: Trick|[of] p1a: Iron Boulder
|-item|p1a: Iron Boulder|Choice Scarf|[from] move: Trick
|-item|p2a: Iron Valiant|Assault Vest|[from] move: Trick
|
|-weather|Sandstorm|[upkeep]
|-damage|p2a: Iron Valiant|94/100|[from] Sandstorm
|upkeep
|turn|2
|
|t:|1757935949
|-end|p2a: Iron Valiant|Quark Drive|[silent]
|switch|p2a: Ninetales|Ninetales-Alola, F, shiny|100/100
|-weather|Snowscape|[from] ability: Snow Warning|[of] p2a: Ninetales
|move|p1a: Iron Boulder|Psycho Cut|p2a: Ninetales
|-damage|p2a: Ninetales|73/100
|
|-weather|Snowscape|[upkeep]
|upkeep
|turn|3
|inactive|Lulleydon has 120 seconds left.
|
|t:|1757935975
|-end|p1a: Iron Boulder|Quark Drive|[silent]
|switch|p1a: Reuniclus|Reuniclus, M, shiny|100/100
|move|p2a: Ninetales|Aurora Veil|p2a: Ninetales
|-sidestart|p2: da_one_who_plays|move: Aurora Veil
|
|-weather|Snowscape|[upkeep]
|upkeep
|turn|4
|
|t:|1757935994
|switch|p2a: Gliscor|Gliscor, M, shiny|100/100
|move|p1a: Reuniclus|Trick|p2a: Gliscor
|-activate|p1a: Reuniclus|move: Trick|[of] p2a: Gliscor
|-item|p2a: Gliscor|Choice Specs|[from] move: Trick
|-item|p1a: Reuniclus|Toxic Orb|[from] move: Trick
|
|-weather|Snowscape|[upkeep]
|-status|p1a: Reuniclus|tox|[from] item: Toxic Orb
|upkeep
|turn|5
|inactive|Lulleydon has 120 seconds left.
|
|t:|1757936009
|move|p2a: Gliscor|Agility|p2a: Gliscor
|-boost|p2a: Gliscor|spe|2
|move|p1a: Reuniclus|Calm Mind|p1a: Reuniclus
|-boost|p1a: Reuniclus|spa|1
|-boost|p1a: Reuniclus|spd|1
|
|-weather|Snowscape|[upkeep]
|upkeep
|turn|6
|inactive|da_one_who_plays has 120 seconds left.
|
|t:|1757936031
|switch|p2a: Ceruledge|Ceruledge, M|100/100
|move|p1a: Reuniclus|Psychic Noise|p2a: Ceruledge
|-damage|p2a: Ceruledge|81/100
|
|-weather|none
|upkeep
|turn|7
|inactive|da_one_who_plays has 120 seconds left.
|
|t:|1757936041
|switch|p1a: Hippowdon|Hippowdon, M, shiny|100/100
|-weather|Sandstorm|[from] ability: Sand Stream|[of] p1a: Hippowdon
|move|p2a: Ceruledge|Shadow Sneak|p1a: Hippowdon
|-damage|p1a: Hippowdon|92/100
|
|-weather|Sandstorm|[upkeep]
|-damage|p2a: Ceruledge|74/100|[from] Sandstorm
|upkeep
|turn|8
|inactive|da_one_who_plays has 120 seconds left.
|
|t:|1757936052
|-terastallize|p2a: Ceruledge|Bug
|move|p2a: Ceruledge|Taunt|p1a: Hippowdon
|-start|p1a: Hippowdon|move: Taunt
|cant|p1a: Hippowdon|move: Taunt|Whirlwind
|
|-weather|Sandstorm|[upkeep]
|-damage|p2a: Ceruledge|68/100|[from] Sandstorm
|upkeep
|turn|9
|inactive|da_one_who_plays has 120 seconds left.
|
|t:|1757936071
|switch|p1a: Garganacl|Garganacl, M, shiny|100/100
|move|p2a: Ceruledge|Bulk Up|p2a: Ceruledge
|-boost|p2a: Ceruledge|atk|1
|-boost|p2a: Ceruledge|def|1
|
|-weather|Sandstorm|[upkeep]
|-damage|p2a: Ceruledge|62/100|[from] Sandstorm
|upkeep
|turn|10
|
|t:|1757936081
|move|p2a: Ceruledge|Bulk Up|p2a: Ceruledge
|-boost|p2a: Ceruledge|atk|1
|-boost|p2a: Ceruledge|def|1
|move|p1a: Garganacl|Salt Cure|p2a: Ceruledge
|-supereffective|p2a: Ceruledge
|-damage|p2a: Ceruledge|54/100
|
|-weather|Sandstorm|[upkeep]
|-damage|p2a: Ceruledge|48/100|[from] Sandstorm
|-sideend|p2: da_one_who_plays|move: Aurora Veil
|upkeep
|turn|11
|
|t:|1757936101
|switch|p1a: Houndstone|Houndstone, M, shiny|100/100
|move|p2a: Ceruledge|Bulk Up|p2a: Ceruledge
|-boost|p2a: Ceruledge|atk|1
|-boost|p2a: Ceruledge|def|1
|
|-weather|Sandstorm|[upkeep]
|-damage|p2a: Ceruledge|42/100|[from] Sandstorm
|upkeep
|turn|12
|
|t:|1757936110
|move|p2a: Ceruledge|Shadow Sneak|p1a: Houndstone
|-supereffective|p1a: Houndstone
|-damage|p1a: Houndstone|38/100
|move|p1a: Houndstone|Trick|p2a: Ceruledge
|-activate|p1a: Houndstone|move: Trick|[of] p2a: Ceruledge
|-item|p2a: Ceruledge|Choice Band|[from] move: Trick
|-item|p1a: Houndstone|Covert Cloak|[from] move: Trick
|
|-weather|Sandstorm|[upkeep]
|-damage|p2a: Ceruledge|36/100|[from] Sandstorm
|upkeep
|turn|13
|
|t:|1757936125
|move|p2a: Ceruledge|Shadow Sneak|p1a: Houndstone
|-supereffective|p1a: Houndstone
|-damage|p1a: Houndstone|0 fnt
|faint|p1a: Houndstone
|
|-weather|Sandstorm|[upkeep]
|-damage|p2a: Ceruledge|29/100|[from] Sandstorm
|upkeep
|
|t:|1757936135
|switch|p1a: Corviknight|Corviknight, M, shiny|100/100
|-ability|p1a: Corviknight|Pressure
|turn|14
|
|t:|1757936141
|move|p2a: Ceruledge|Shadow Sneak|p1a: Corviknight
|-damage|p1a: Corviknight|61/100
|-damage|p2a: Ceruledge|13/100|[from] item: Rocky Helmet|[of] p1a: Corviknight
|move|p1a: Corviknight|Bulk Up|p1a: Corviknight
|-boost|p1a: Corviknight|atk|1
|-boost|p1a: Corviknight|def|1
|
|-weather|none
|upkeep
|turn|15
|
|t:|1757936150
|switch|p2a: Ninetales|Ninetales-Alola, F, shiny|73/100
|-weather|Snowscape|[from] ability: Snow Warning|[of] p2a: Ninetales
|move|p1a: Corviknight|Roost|p1a: Corviknight
|-heal|p1a: Corviknight|100/100
|-singleturn|p1a: Corviknight|move: Roost
|
|-weather|Snowscape|[upkeep]
|upkeep
|turn|16
|
|t:|1757936172
|switch|p2a: Hatterene|Hatterene, F, shiny|100/100
|switch|p1a: Reuniclus|Reuniclus, M, shiny|100/100 tox
|
|-weather|Snowscape|[upkeep]
|upkeep
|turn|17
|
|t:|1757936188
|move|p2a: Hatterene|Calm Mind|p2a: Hatterene
|-boost|p2a: Hatterene|spa|1
|-boost|p2a: Hatterene|spd|1
|move|p1a: Reuniclus|Calm Mind|p1a: Reuniclus
|-boost|p1a: Reuniclus|spa|1
|-boost|p1a: Reuniclus|spd|1
|
|-weather|Snowscape|[upkeep]
|upkeep
|turn|18
|
|t:|1757936200
|move|p2a: Hatterene|Calm Mind|p2a: Hatterene
|-boost|p2a: Hatterene|spa|1
|-boost|p2a: Hatterene|spd|1
|move|p1a: Reuniclus|Trick|p2a: Hatterene
|-activate|p1a: Reuniclus|move: Trick|[of] p2a: Hatterene
|-item|p2a: Hatterene|Toxic Orb|[from] move: Trick
|-item|p1a: Reuniclus|Leftovers|[from] move: Trick
|
|-weather|Snowscape|[upkeep]
|-status|p2a: Hatterene|tox|[from] item: Toxic Orb
|upkeep
|turn|19
|
|t:|1757936210
|move|p2a: Hatterene|Calm Mind|p2a: Hatterene
|-boost|p2a: Hatterene|spa|1
|-boost|p2a: Hatterene|spd|1
|move|p1a: Reuniclus|Psychic Noise|p2a: Hatterene
|-resisted|p2a: Hatterene
|-damage|p2a: Hatterene|91/100 tox
|-start|p2a: Hatterene|move: Heal Block
|
|-weather|none
|-damage|p2a: Hatterene|85/100 tox|[from] psn
|upkeep
|turn|20
|
|t:|1757936221
|move|p2a: Hatterene|Calm Mind|p2a: Hatterene
|-boost|p2a: Hatterene|spa|1
|-boost|p2a: Hatterene|spd|1
|move|p1a: Reuniclus|Calm Mind|p1a: Reuniclus
|-boost|p1a: Reuniclus|spa|1
|-boost|p1a: Reuniclus|spd|1
|
|-damage|p2a: Hatterene|73/100 tox|[from] psn
|-end|p2a: Hatterene|move: Heal Block
|upkeep
|turn|21
|
|t:|1757936231
|move|p2a: Hatterene|Mystical Fire|p1a: Reuniclus
|-damage|p1a: Reuniclus|77/100 tox
|-unboost|p1a: Reuniclus|spa|1
|move|p1a: Reuniclus|Calm Mind|p1a: Reuniclus
|-boost|p1a: Reuniclus|spa|1
|-boost|p1a: Reuniclus|spd|1
|
|-heal|p1a: Reuniclus|83/100 tox|[from] item: Leftovers
|-damage|p2a: Hatterene|55/100 tox|[from] psn
|upkeep
|turn|22
|
|t:|1757936242
|move|p2a: Hatterene|Mystical Fire|p1a: Reuniclus
|-damage|p1a: Reuniclus|66/100 tox
|-unboost|p1a: Reuniclus|spa|1
|move|p1a: Reuniclus|Calm Mind|p1a: Reuniclus
|-boost|p1a: Reuniclus|spa|1
|-boost|p1a: Reuniclus|spd|1
|
|-heal|p1a: Reuniclus|72/100 tox|[from] item: Leftovers
|-damage|p2a: Hatterene|31/100 tox|[from] psn
|upkeep
|turn|23
|
|t:|1757936253
|move|p2a: Hatterene|Mystical Fire|p1a: Reuniclus
|-damage|p1a: Reuniclus|58/100 tox
|-unboost|p1a: Reuniclus|spa|1
|move|p1a: Reuniclus|Recover|p1a: Reuniclus
|-heal|p1a: Reuniclus|100/100 tox
|
|-damage|p2a: Hatterene|1/100 tox|[from] psn
|upkeep
|turn|24
|
|t:|1757936262
|move|p2a: Hatterene|Mystical Fire|p1a: Reuniclus
|-damage|p1a: Reuniclus|87/100 tox
|-unboost|p1a: Reuniclus|spa|1
|move|p1a: Reuniclus|Calm Mind|p1a: Reuniclus
|-boost|p1a: Reuniclus|spa|1
|-boost|p1a: Reuniclus|spd|1
|
|-heal|p1a: Reuniclus|93/100 tox|[from] item: Leftovers
|-damage|p2a: Hatterene|0 fnt|[from] psn
|faint|p2a: Hatterene
|upkeep
|
|t:|1757936279
|switch|p2a: Gliscor|Gliscor, M, shiny|100/100
|turn|25
|
|t:|1757936292
|switch|p1a: Hippowdon|Hippowdon, M, shiny|92/100
|-weather|Sandstorm|[from] ability: Sand Stream|[of] p1a: Hippowdon
|move|p2a: Gliscor|Swords Dance|p2a: Gliscor
|-boost|p2a: Gliscor|atk|2
|
|-weather|Sandstorm|[upkeep]
|upkeep
|turn|26
|
|t:|1757936303
|switch|p2a: Iron Valiant|Iron Valiant, shiny|94/100
|move|p1a: Hippowdon|Stealth Rock|p2a: Iron Valiant
|-sidestart|p2: da_one_who_plays|move: Stealth Rock
|
|-weather|Sandstorm|[upkeep]
|-damage|p2a: Iron Valiant|88/100|[from] Sandstorm
|upkeep
|turn|27
|
|t:|1757936324
|switch|p1a: Reuniclus|Reuniclus, M, shiny|93/100 tox
|move|p2a: Iron Valiant|Moonblast|p1a: Reuniclus
|-damage|p1a: Reuniclus|65/100 tox
|
|-weather|Sandstorm|[upkeep]
|-damage|p2a: Iron Valiant|82/100|[from] Sandstorm
|-heal|p1a: Reuniclus|71/100 tox|[from] item: Leftovers
|upkeep
|turn|28
|-message|da_one_who_plays forfeited.
|
|win|Lulleydon
|raw|Lulleydon's rating: 1262 &rarr; <strong>1289</strong><br />(+27 for winning)
|raw|da_one_who_plays's rating: 1287 &rarr; <strong>1260</strong><br />(-27 for losing)
|l|☆da_one_who_plays
|player|p2|
|l|☆Lulleydon
|player|p1|
