|j|☆bogghoul
|j|☆GreenSpot
|t:|1757863632
|gametype|singles
|player|p1|bogghoul|caitlin|1258
|player|p2|GreenSpot|skyla|1227
|gen|9
|tier|[Gen 9] OU
|rated|
|rule|HP Percentage Mod: HP is shown in percentages
|rule|Endless Battle Clause: Forcing endless battles is banned
|rule|Species Clause: Limit one of each Pokémon
|rule|OHKO Clause: OHKO moves are banned
|rule|Evasion Items Clause: Evasion items are banned
|rule|Evasion Moves Clause: Evasion moves are banned
|rule|Evasion Abilities Clause: Evasion abilities are banned
|rule|Sleep Moves Clause: Sleep-inducing moves are banned
|clearpoke
|poke|p1|Slither Wing|
|poke|p1|Darkrai|
|poke|p1|Great Tusk|
|poke|p1|Toxapex, F|
|poke|p1|Dragapult, F|
|poke|p1|Corviknight, M|
|poke|p2|Meowscarada, F|
|poke|p2|Scizor, M|
|poke|p2|Garchomp, F|
|poke|p2|Raikou|
|poke|p2|Sylveon, M|
|poke|p2|Metagross|
|teampreview
|inactive|Battle timer is ON: inactive players will automatically lose when time's up. (requested by GreenSpot)
|inactive|GreenSpot has 120 seconds left.
|
|t:|1757863664
|teamsize|p1|6
|teamsize|p2|6
|start
|switch|p1a: Dragapult|Dragapult, F|100/100
|switch|p2a: Metagross|Metagross|100/100
|turn|1
|
|t:|1757863669
|move|p1a: Dragapult|Shadow Ball|p2a: Metagross
|-supereffective|p2a: Metagross
|-damage|p2a: Metagross|0 fnt
|faint|p2a: Metagross
|
|upkeep
|
|t:|1757863675
|switch|p2a: Sylveon|Sylveon, M, shiny|100/100
|turn|2
|
|t:|1757863683
|switch|p1a: Toxapex|Toxapex, F|100/100
|move|p2a: Sylveon|Hyper Voice|p1a: Toxapex
|-resisted|p1a: Toxapex
|-damage|p1a: Toxapex|84/100
|
|upkeep
|turn|3
|
|t:|1757863690
|switch|p2a: Scizor|Scizor, M|100/100
|move|p1a: Toxapex|Infestation|p2a: Scizor
|-resisted|p2a: Scizor
|-damage|p2a: Scizor|98/100
|-activate|p2a: Scizor|move: Infestation|[of] p1a: Toxapex
|
|-damage|p2a: Scizor|85/100|[from] move: Infestation|[partiallytrapped]
|upkeep
|turn|4
|
|t:|1757863702
|switch|p1a: Corviknight|Corviknight, M|100/100
|-ability|p1a: Corviknight|Pressure
|move|p2a: Scizor|Knock Off|p1a: Corviknight
|-damage|p1a: Corviknight|80/100
|-damage|p2a: Scizor|69/100|[from] item: Rocky Helmet|[of] p1a: Corviknight
|-enditem|p1a: Corviknight|Rocky Helmet|[from] move: Knock Off|[of] p2a: Scizor
|
|-end|p2a: Scizor|Infestation|[partiallytrapped]|[silent]
|upkeep
|turn|5
|
|t:|1757863713
|move|p2a: Scizor|Swords Dance|p2a: Scizor
|-boost|p2a: Scizor|atk|2
|move|p1a: Corviknight|Body Press|p2a: Scizor
|-damage|p2a: Scizor|41/100
|
|upkeep
|turn|6
|
|t:|1757863719
|move|p2a: Scizor|U-turn|p1a: Corviknight
|-resisted|p1a: Corviknight
|-damage|p1a: Corviknight|67/100
|
|t:|1757863722
|switch|p2a: Raikou|Raikou|100/100|[from] U-turn
|-ability|p2a: Raikou|Pressure
|move|p1a: Corviknight|Iron Defense|p1a: Corviknight
|-boost|p1a: Corviknight|def|2
|
|upkeep
|turn|7
|
|t:|1757863731
|switch|p1a: Slither Wing|Slither Wing|100/100
|move|p2a: Raikou|Scald|p1a: Slither Wing
|-damage|p1a: Slither Wing|79/100
|
|upkeep
|turn|8
|
|t:|1757863738
|move|p2a: Raikou|Volt Switch|p1a: Slither Wing
|-damage|p1a: Slither Wing|50/100
|
|t:|1757863741
|switch|p2a: Garchomp|Garchomp, F|100/100|[from] Volt Switch
|move|p1a: Slither Wing|U-turn|p2a: Garchomp
|-damage|p2a: Garchomp|70/100
|-damage|p1a: Slither Wing|38/100|[from] ability: Rough Skin|[of] p2a: Garchomp
|-damage|p1a: Slither Wing|22/100|[from] item: Rocky Helmet|[of] p2a: Garchomp
|
|t:|1757863755
|-end|p1a: Slither Wing|Protosynthesis|[silent]
|switch|p1a: Darkrai|Darkrai|100/100|[from] U-turn
|
|upkeep
|turn|9
|
|t:|1757863761
|switch|p2a: Scizor|Scizor, M|41/100
|move|p1a: Darkrai|Ice Beam|p2a: Scizor
|-resisted|p2a: Scizor
|-damage|p2a: Scizor|21/100
|-status|p2a: Scizor|frz
|
|upkeep
|turn|10
|
|t:|1757863769
|-curestatus|p2a: Scizor|frz|[msg]
|move|p2a: Scizor|Bullet Punch|p1a: Darkrai
|-damage|p1a: Darkrai|57/100
|move|p1a: Darkrai|Dark Pulse|p2a: Scizor
|-damage|p2a: Scizor|0 fnt
|faint|p2a: Scizor
|
|upkeep
|
|t:|1757863779
|switch|p2a: Raikou|Raikou|100/100
|-ability|p2a: Raikou|Pressure
|turn|11
|
|t:|1757863786
|switch|p1a: Slither Wing|Slither Wing|22/100
|move|p2a: Raikou|Scald|p1a: Slither Wing
|-damage|p1a: Slither Wing|0 fnt
|faint|p1a: Slither Wing
|-end|p1a: Slither Wing|Protosynthesis|[silent]
|
|upkeep
|
|t:|1757863791
|switch|p1a: Dragapult|Dragapult, F|100/100
|turn|12
|
|t:|1757863799
|move|p1a: Dragapult|U-turn|p2a: Raikou
|-damage|p2a: Raikou|79/100
|
|t:|1757863803
|switch|p1a: Toxapex|Toxapex, F|100/100|[from] U-turn
|move|p2a: Raikou|Volt Switch|p1a: Toxapex
|-supereffective|p1a: Toxapex
|-damage|p1a: Toxapex|63/100
|
|t:|1757863812
|switch|p2a: Garchomp|Garchomp, F|70/100|[from] Volt Switch
|
|upkeep
|turn|13
|
|t:|1757863817
|switch|p1a: Great Tusk|Great Tusk|100/100
|move|p2a: Garchomp|Earthquake|p1a: Great Tusk
|-crit|p1a: Great Tusk
|-damage|p1a: Great Tusk|53/100
|
|-heal|p1a: Great Tusk|59/100|[from] item: Leftovers
|upkeep
|turn|14
|
|t:|1757863825
|move|p2a: Garchomp|Earthquake|p1a: Great Tusk
|-damage|p1a: Great Tusk|26/100
|move|p1a: Great Tusk|Stealth Rock|p2a: Garchomp
|-sidestart|p2: GreenSpot|move: Stealth Rock
|
|-heal|p1a: Great Tusk|32/100|[from] item: Leftovers
|upkeep
|turn|15
|
|t:|1757863832
|move|p2a: Garchomp|Earthquake|p1a: Great Tusk
|-damage|p1a: Great Tusk|0 fnt
|faint|p1a: Great Tusk
|-end|p1a: Great Tusk|Protosynthesis|[silent]
|
|upkeep
|
|t:|1757863834
|switch|p1a: Dragapult|Dragapult, F|100/100
|turn|16
|
|t:|1757863838
|move|p1a: Dragapult|Shadow Ball|p2a: Garchomp
|-damage|p2a: Garchomp|13/100
|move|p2a: Garchomp|Outrage|p1a: Dragapult
|-supereffective|p1a: Dragapult
|-damage|p1a: Dragapult|0 fnt
|faint|p1a: Dragapult
|
|upkeep
|
|t:|1757863842
|switch|p1a: Corviknight|Corviknight, M|67/100
|-ability|p1a: Corviknight|Pressure
|turn|17
|
|t:|1757863848
|move|p2a: Garchomp|Outrage|p1a: Corviknight|[from] lockedmove
|-resisted|p1a: Corviknight
|-damage|p1a: Corviknight|50/100
|move|p1a: Corviknight|Iron Defense|p1a: Corviknight
|-boost|p1a: Corviknight|def|2
|
|upkeep
|turn|18
|
|t:|1757863854
|move|p2a: Garchomp|Outrage|p1a: Corviknight|[from] lockedmove
|-resisted|p1a: Corviknight
|-damage|p1a: Corviknight|41/100
|-start|p2a: Garchomp|confusion|[fatigue]
|move|p1a: Corviknight|Roost|p1a: Corviknight
|-heal|p1a: Corviknight|91/100
|-singleturn|p1a: Corviknight|move: Roost
|
|upkeep
|turn|19
|
|t:|1757863864
|-activate|p2a: Garchomp|confusion
|move|p2a: Garchomp|Stealth Rock|p1a: Corviknight
|-sidestart|p1: bogghoul|move: Stealth Rock
|move|p1a: Corviknight|Body Press|p2a: Garchomp
|-damage|p2a: Garchomp|0 fnt
|-damage|p1a: Corviknight|78/100|[from] ability: Rough Skin|[of] p2a: Garchomp
|-damage|p1a: Corviknight|62/100|[from] item: Rocky Helmet|[of] p2a: Garchomp
|faint|p2a: Garchomp
|
|upkeep
|
|t:|1757863872
|switch|p2a: Raikou|Raikou|79/100
|-ability|p2a: Raikou|Pressure
|turn|20
|
|t:|1757863878
|-terastallize|p1a: Corviknight|Fighting
|move|p2a: Raikou|Thunderbolt|p1a: Corviknight
|-damage|p1a: Corviknight|19/100
|move|p1a: Corviknight|Body Press|p2a: Raikou
|-damage|p2a: Raikou|0 fnt
|faint|p2a: Raikou
|
|upkeep
|
|t:|1757863888
|switch|p2a: Meowscarada|Meowscarada, F|100/100
|turn|21
|
|t:|1757863894
|move|p2a: Meowscarada|Flower Trick|p1a: Corviknight
|-start|p2a: Meowscarada|typechange|Grass|[from] ability: Protean
|-crit|p1a: Corviknight
|-damage|p1a: Corviknight|0 fnt
|faint|p1a: Corviknight
|
|upkeep
|
|t:|1757863901
|switch|p1a: Darkrai|Darkrai|57/100
|turn|22
|
|t:|1757863906
|-terastallize|p2a: Meowscarada|Ghost
|move|p1a: Darkrai|Sludge Bomb|p2a: Meowscarada
|-resisted|p2a: Meowscarada
|-damage|p2a: Meowscarada|77/100
|move|p2a: Meowscarada|U-turn|p1a: Darkrai
|-supereffective|p1a: Darkrai
|-damage|p1a: Darkrai|0 fnt
|faint|p1a: Darkrai
|
|t:|1757863914
|switch|p2a: Sylveon|Sylveon, M, shiny|100/100|[from] U-turn
|-damage|p2a: Sylveon|88/100|[from] Stealth Rock
|
|upkeep
|
|t:|1757863921
|switch|p1a: Toxapex|Toxapex, F|96/100
|-damage|p1a: Toxapex|84/100|[from] Stealth Rock
|turn|23
|
|t:|1757863926
|move|p2a: Sylveon|Psychic|p1a: Toxapex
|-supereffective|p1a: Toxapex
|-damage|p1a: Toxapex|48/100
|move|p1a: Toxapex|Sludge Bomb|p2a: Sylveon
|-supereffective|p2a: Sylveon
|-damage|p2a: Sylveon|39/100
|
|upkeep
|turn|24
|
|t:|1757863932
|move|p2a: Sylveon|Psychic|p1a: Toxapex
|-supereffective|p1a: Toxapex
|-damage|p1a: Toxapex|13/100
|move|p1a: Toxapex|Sludge Bomb|p2a: Sylveon
|-supereffective|p2a: Sylveon
|-damage|p2a: Sylveon|0 fnt
|faint|p2a: Sylveon
|
|upkeep
|
|t:|1757863940
|switch|p2a: Meowscarada|Meowscarada, F, tera:Ghost|77/100
|turn|25
|
|t:|1757863956
|move|p2a: Meowscarada|Flower Trick|p1a: Toxapex
|-crit|p1a: Toxapex
|-damage|p1a: Toxapex|0 fnt
|faint|p1a: Toxapex
|
|win|GreenSpot
|raw|bogghoul's rating: 1258 &rarr; <strong>1231</strong><br />(-27 for losing)
|raw|GreenSpot's rating: 1227 &rarr; <strong>1254</strong><br />(+27 for winning)
|l|☆bogghoul
|player|p1|
|l|☆GreenSpot
|player|p2|
