|j|☆Gulptubus
|j|☆Wuerfel
|t:|1757790165
|gametype|singles
|player|p1|Gulptubus|pokemonranger-gen4|1486
|player|p2|Wuerfel|caitlin|1510
|gen|9
|tier|[Gen 9] OU
|rated|
|rule|HP Percentage Mod: HP is shown in percentages
|rule|Endless Battle Clause: Forcing endless battles is banned
|rule|Species Clause: Limit one of each Pokémon
|rule|OHKO Clause: OHKO moves are banned
|rule|Evasion Items Clause: Evasion items are banned
|rule|Evasion Moves Clause: Evasion moves are banned
|rule|Evasion Abilities Clause: Evasion abilities are banned
|rule|Sleep Moves Clause: Sleep-inducing moves are banned
|clearpoke
|poke|p1|Barraskewda, M|
|poke|p1|Raging Bolt|
|poke|p1|Pelipper, F|
|poke|p1|Tornadus-Therian, M|
|poke|p1|Ogerpon-Wellspring, F|
|poke|p1|Iron Treads|
|poke|p2|Iron Valiant|
|poke|p2|Slowking-Galar, M|
|poke|p2|Alomomola, F|
|poke|p2|Scizor, F|
|poke|p2|Mandibuzz, F|
|poke|p2|Tyranitar, M|
|teampreview
|inactive|Battle timer is ON: inactive players will automatically lose when time's up. (requested by Gulptubus)
|j| Qwilfishler
|
|t:|1757790181
|teamsize|p1|6
|teamsize|p2|6
|start
|switch|p1a: Pelipper|Pelipper, F|100/100
|switch|p2a: Tyranitar|Tyranitar, M|100/100
|-weather|Sandstorm|[from] ability: Sand Stream|[of] p2a: Tyranitar
|-weather|RainDance|[from] ability: Drizzle|[of] p1a: Pelipper
|turn|1
|inactive|Wuerfel has 120 seconds left.
|
|t:|1757790221
|switch|p1a: Iron Treads|Iron Treads|100/100
|move|p2a: Tyranitar|Protect||[still]
|-fail|p2a: Tyranitar
|
|-weather|RainDance|[upkeep]
|upkeep
|turn|2
|inactive|Wuerfel has 120 seconds left.
|
|t:|1757790229
|switch|p2a: Alomomola|Alomomola, F|100/100
|move|p1a: Iron Treads|Stealth Rock|p2a: Alomomola
|-sidestart|p2: Wuerfel|move: Stealth Rock
|
|-weather|RainDance|[upkeep]
|upkeep
|turn|3
|
|t:|1757790234
|move|p1a: Iron Treads|Knock Off|p2a: Alomomola
|-damage|p2a: Alomomola|88/100
|-enditem|p2a: Alomomola|Heavy-Duty Boots|[from] move: Knock Off|[of] p1a: Iron Treads
|move|p2a: Alomomola|Flip Turn|p1a: Iron Treads
|-supereffective|p1a: Iron Treads
|-damage|p1a: Iron Treads|61/100
|
|t:|1757790243
|switch|p2a: Scizor|Scizor, F|100/100|[from] Flip Turn
|
|-weather|RainDance|[upkeep]
|-heal|p1a: Iron Treads|68/100|[from] item: Leftovers
|upkeep
|turn|4
|
|t:|1757790251
|-end|p1a: Iron Treads|Quark Drive|[silent]
|switch|p1a: Tornadus|Tornadus-Therian, M|100/100
|move|p2a: Scizor|Defog|p1a: Tornadus
|-unboost|p1a: Tornadus|evasion|1
|-sideend|p2: Wuerfel|Stealth Rock|[from] move: Defog|[of] p2a: Scizor
|
|-weather|RainDance|[upkeep]
|upkeep
|turn|5
|
|t:|1757790260
|switch|p2a: Tyranitar|Tyranitar, M|100/100
|-weather|Sandstorm|[from] ability: Sand Stream|[of] p2a: Tyranitar
|move|p1a: Tornadus|Hurricane|p2a: Tyranitar
|-resisted|p2a: Tyranitar
|-damage|p2a: Tyranitar|83/100
|-start|p2a: Tyranitar|confusion
|
|-weather|Sandstorm|[upkeep]
|-damage|p1a: Tornadus|94/100|[from] Sandstorm
|-heal|p2a: Tyranitar|90/100|[from] item: Leftovers
|upkeep
|turn|6
|
|t:|1757790271
|switch|p1a: Iron Treads|Iron Treads|68/100
|-activate|p2a: Tyranitar|confusion
|-damage|p2a: Tyranitar|81/100|[from] confusion
|
|-weather|Sandstorm|[upkeep]
|-heal|p1a: Iron Treads|74/100|[from] item: Leftovers
|-heal|p2a: Tyranitar|87/100|[from] item: Leftovers
|upkeep
|turn|7
|c| Qwilfishler|wow unlucky
|
|t:|1757790290
|switch|p2a: Alomomola|Alomomola, F|100/100
|move|p1a: Iron Treads|Earthquake|p2a: Alomomola
|-damage|p2a: Alomomola|80/100
|
|-weather|Sandstorm|[upkeep]
|-damage|p2a: Alomomola|74/100|[from] Sandstorm
|-heal|p1a: Iron Treads|80/100|[from] item: Leftovers
|upkeep
|turn|8
|
|t:|1757790298
|-end|p1a: Iron Treads|Quark Drive|[silent]
|switch|p1a: Pelipper|Pelipper, F|100/100
|-weather|RainDance|[from] ability: Drizzle|[of] p1a: Pelipper
|move|p2a: Alomomola|Icy Wind|p1a: Pelipper
|-damage|p1a: Pelipper|93/100
|-unboost|p1a: Pelipper|spe|1
|
|-weather|RainDance|[upkeep]
|upkeep
|turn|9
|c| Qwilfishler|half accuracy hurricane and confusion chance proc and confuse activation
|
|t:|1757790308
|move|p2a: Alomomola|Wish|p2a: Alomomola
|move|p1a: Pelipper|U-turn|p2a: Alomomola
|-damage|p2a: Alomomola|69/100
|
|t:|1757790318
|switch|p1a: Raging Bolt|Raging Bolt|100/100|[from] U-turn
|
|-weather|RainDance|[upkeep]
|upkeep
|turn|10
|
|t:|1757790331
|switch|p2a: Tyranitar|Tyranitar, M|87/100
|-weather|Sandstorm|[from] ability: Sand Stream|[of] p2a: Tyranitar
|move|p1a: Raging Bolt|Volt Switch|p2a: Tyranitar
|-damage|p2a: Tyranitar|71/100
|
|t:|1757790342
|-end|p1a: Raging Bolt|Protosynthesis|[silent]
|switch|p1a: Pelipper|Pelipper, F|93/100|[from] Volt Switch
|-weather|RainDance|[from] ability: Drizzle|[of] p1a: Pelipper
|
|-weather|RainDance|[upkeep]
|-heal|p2a: Tyranitar|100/100|[from] move: Wish|[wisher] Alomomola
|upkeep
|turn|11
|
|t:|1757790355
|switch|p1a: Iron Treads|Iron Treads|80/100
|move|p2a: Tyranitar|Knock Off|p1a: Iron Treads
|-damage|p1a: Iron Treads|47/100
|-enditem|p1a: Iron Treads|Leftovers|[from] move: Knock Off|[of] p2a: Tyranitar
|
|-weather|RainDance|[upkeep]
|upkeep
|turn|12
|
|t:|1757790364
|switch|p2a: Alomomola|Alomomola, F|100/100
|move|p1a: Iron Treads|Stealth Rock|p2a: Alomomola
|-sidestart|p2: Wuerfel|move: Stealth Rock
|
|-weather|RainDance|[upkeep]
|upkeep
|turn|13
|
|t:|1757790373
|-end|p1a: Iron Treads|Quark Drive|[silent]
|switch|p1a: Ogerpon|Ogerpon-Wellspring, F|100/100
|move|p2a: Alomomola|Wish|p2a: Alomomola
|
|-weather|RainDance|[upkeep]
|upkeep
|turn|14
|
|t:|1757790380
|switch|p2a: Mandibuzz|Mandibuzz, F|100/100
|move|p1a: Ogerpon|Trailblaze|p2a: Mandibuzz
|-resisted|p2a: Mandibuzz
|-damage|p2a: Mandibuzz|92/100
|-boost|p1a: Ogerpon|spe|1
|
|-weather|RainDance|[upkeep]
|-heal|p2a: Mandibuzz|100/100|[from] move: Wish|[wisher] Alomomola
|upkeep
|turn|15
|
|t:|1757790399
|switch|p1a: Iron Treads|Iron Treads|47/100
|move|p2a: Mandibuzz|Iron Defense|p2a: Mandibuzz
|-boost|p2a: Mandibuzz|def|2
|
|-weather|RainDance|[upkeep]
|upkeep
|turn|16
|
|t:|1757790418
|move|p1a: Iron Treads|Knock Off|p2a: Mandibuzz
|-resisted|p2a: Mandibuzz
|-damage|p2a: Mandibuzz|97/100
|-enditem|p2a: Mandibuzz|Heavy-Duty Boots|[from] move: Knock Off|[of] p1a: Iron Treads
|move|p2a: Mandibuzz|Foul Play|p1a: Iron Treads
|-damage|p1a: Iron Treads|19/100
|
|-weather|RainDance|[upkeep]
|upkeep
|turn|17
|
|t:|1757790428
|-end|p1a: Iron Treads|Quark Drive|[silent]
|switch|p1a: Raging Bolt|Raging Bolt|100/100
|move|p2a: Mandibuzz|U-turn|p1a: Raging Bolt
|-damage|p1a: Raging Bolt|92/100
|
|t:|1757790433
|switch|p2a: Tyranitar|Tyranitar, M|100/100|[from] U-turn
|-damage|p2a: Tyranitar|88/100|[from] Stealth Rock
|-weather|Sandstorm|[from] ability: Sand Stream|[of] p2a: Tyranitar
|
|-weather|Sandstorm|[upkeep]
|-damage|p1a: Raging Bolt|86/100|[from] Sandstorm
|-heal|p1a: Raging Bolt|92/100|[from] item: Leftovers
|-heal|p2a: Tyranitar|94/100|[from] item: Leftovers
|upkeep
|turn|18
|
|t:|1757790440
|move|p1a: Raging Bolt|Volt Switch|p2a: Tyranitar
|-damage|p2a: Tyranitar|76/100
|
|t:|1757790446
|-end|p1a: Raging Bolt|Protosynthesis|[silent]
|switch|p1a: Iron Treads|Iron Treads|19/100|[from] Volt Switch
|move|p2a: Tyranitar|Knock Off|p1a: Iron Treads
|-damage|p1a: Iron Treads|0 fnt
|faint|p1a: Iron Treads
|-end|p1a: Iron Treads|Quark Drive|[silent]
|
|-weather|Sandstorm|[upkeep]
|-heal|p2a: Tyranitar|83/100|[from] item: Leftovers
|upkeep
|
|t:|1757790450
|switch|p1a: Pelipper|Pelipper, F|93/100
|-weather|RainDance|[from] ability: Drizzle|[of] p1a: Pelipper
|turn|19
|
|t:|1757790459
|switch|p1a: Ogerpon|Ogerpon-Wellspring, F|100/100
|move|p2a: Tyranitar|Protect||[still]
|-fail|p2a: Tyranitar
|
|-weather|RainDance|[upkeep]
|-heal|p2a: Tyranitar|89/100|[from] item: Leftovers
|upkeep
|turn|20
|
|t:|1757790482
|switch|p2a: Alomomola|Alomomola, F|100/100
|-damage|p2a: Alomomola|88/100|[from] Stealth Rock
|move|p1a: Ogerpon|Ivy Cudgel|p2a: Alomomola|[anim] Ivy Cudgel Water
|-resisted|p2a: Alomomola
|-damage|p2a: Alomomola|64/100
|
|-weather|RainDance|[upkeep]
|upkeep
|turn|21
|inactive|Wuerfel has 120 seconds left.
|
|t:|1757790503
|move|p1a: Ogerpon|Power Whip|p2a: Alomomola|[miss]
|-miss|p1a: Ogerpon|p2a: Alomomola
|move|p2a: Alomomola|Icy Wind|p1a: Ogerpon
|-damage|p1a: Ogerpon|94/100
|-unboost|p1a: Ogerpon|spe|1
|
|-weather|RainDance|[upkeep]
|upkeep
|turn|22
|
|t:|1757790511
|move|p2a: Alomomola|Protect|p2a: Alomomola
|-singleturn|p2a: Alomomola|Protect
|move|p1a: Ogerpon|Ivy Cudgel|p2a: Alomomola|[anim] Ivy Cudgel Water
|-activate|p2a: Alomomola|move: Protect
|
|-weather|RainDance|[upkeep]
|upkeep
|turn|23
|inactive|Wuerfel has 120 seconds left.
|
|t:|1757790533
|switch|p1a: Tornadus|Tornadus-Therian, M|100/100
|switch|p2a: Mandibuzz|Mandibuzz, F|97/100
|-damage|p2a: Mandibuzz|72/100|[from] Stealth Rock
|
|-weather|RainDance|[upkeep]
|upkeep
|turn|24
|inactive|Wuerfel has 120 seconds left.
|
|t:|1757790544
|move|p1a: Tornadus|U-turn|p2a: Mandibuzz
|-damage|p2a: Mandibuzz|64/100
|
|t:|1757790548
|switch|p1a: Raging Bolt|Raging Bolt|92/100|[from] U-turn
|move|p2a: Mandibuzz|U-turn|p1a: Raging Bolt
|-damage|p1a: Raging Bolt|83/100
|inactive|Wuerfel has 120 seconds left.
|
|t:|1757790554
|switch|p2a: Scizor|Scizor, F|100/100|[from] U-turn
|
|-weather|RainDance|[upkeep]
|-heal|p1a: Raging Bolt|89/100|[from] item: Leftovers
|upkeep
|turn|25
|
|t:|1757790561
|move|p1a: Raging Bolt|Volt Switch|p2a: Scizor
|-damage|p2a: Scizor|53/100
|
|t:|1757790569
|-end|p1a: Raging Bolt|Protosynthesis|[silent]
|switch|p1a: Tornadus|Tornadus-Therian, M|100/100|[from] Volt Switch
|move|p2a: Scizor|Defog|p1a: Tornadus
|-unboost|p1a: Tornadus|evasion|1
|-sideend|p2: Wuerfel|Stealth Rock|[from] move: Defog|[of] p2a: Scizor
|
|-weather|RainDance|[upkeep]
|upkeep
|turn|26
|
|t:|1757790580
|switch|p2a: Tyranitar|Tyranitar, M|89/100
|-weather|Sandstorm|[from] ability: Sand Stream|[of] p2a: Tyranitar
|move|p1a: Tornadus|Focus Blast|p2a: Tyranitar
|-supereffective|p2a: Tyranitar
|-damage|p2a: Tyranitar|4/100
|
|-weather|Sandstorm|[upkeep]
|-damage|p1a: Tornadus|94/100|[from] Sandstorm
|-heal|p2a: Tyranitar|10/100|[from] item: Leftovers
|upkeep
|turn|27
|
|t:|1757790593
|move|p2a: Tyranitar|Protect|p2a: Tyranitar
|-singleturn|p2a: Tyranitar|Protect
|move|p1a: Tornadus|Focus Blast|p2a: Tyranitar
|-activate|p2a: Tyranitar|move: Protect
|
|-weather|Sandstorm|[upkeep]
|-damage|p1a: Tornadus|88/100|[from] Sandstorm
|-heal|p2a: Tyranitar|16/100|[from] item: Leftovers
|upkeep
|turn|28
|
|t:|1757790604
|switch|p1a: Pelipper|Pelipper, F|93/100
|-weather|RainDance|[from] ability: Drizzle|[of] p1a: Pelipper
|switch|p2a: Slowking|Slowking-Galar, M|100/100
|
|-weather|RainDance|[upkeep]
|upkeep
|turn|29
|
|t:|1757790609
|move|p1a: Pelipper|U-turn|p2a: Slowking
|-damage|p2a: Slowking|91/100
|
|t:|1757790623
|switch|p1a: Barraskewda|Barraskewda, M|100/100|[from] U-turn
|move|p2a: Slowking|Future Sight|p1a: Barraskewda
|-start|p2a: Slowking|move: Future Sight
|
|-weather|RainDance|[upkeep]
|upkeep
|turn|30
|
|t:|1757790628
|switch|p2a: Alomomola|Alomomola, F|97/100
|move|p1a: Barraskewda|Liquidation|p2a: Alomomola
|-resisted|p2a: Alomomola
|-damage|p2a: Alomomola|74/100
|-unboost|p2a: Alomomola|def|1
|
|-weather|RainDance|[upkeep]
|upkeep
|turn|31
|
|t:|1757790638
|move|p1a: Barraskewda|Flip Turn|p2a: Alomomola
|-resisted|p2a: Alomomola
|-damage|p2a: Alomomola|51/100
|
|t:|1757790641
|switch|p1a: Tornadus|Tornadus-Therian, M|100/100|[from] Flip Turn
|move|p2a: Alomomola|Icy Wind|p1a: Tornadus
|-supereffective|p1a: Tornadus
|-damage|p1a: Tornadus|86/100
|-unboost|p1a: Tornadus|spe|1
|
|-weather|RainDance|[upkeep]
|-end|p1a: Tornadus|move: Future Sight
|-damage|p1a: Tornadus|12/100
|upkeep
|turn|32
|
|t:|1757790655
|move|p2a: Alomomola|Protect|p2a: Alomomola
|-singleturn|p2a: Alomomola|Protect
|move|p1a: Tornadus|U-turn|p2a: Alomomola
|-activate|p2a: Alomomola|move: Protect
|
|-weather|RainDance|[upkeep]
|upkeep
|turn|33
|
|t:|1757790667
|switch|p2a: Slowking|Slowking-Galar, M|100/100
|move|p1a: Tornadus|U-turn|p2a: Slowking
|-damage|p2a: Slowking|86/100
|
|t:|1757790671
|switch|p1a: Barraskewda|Barraskewda, M|100/100|[from] U-turn
|
|-weather|RainDance|[upkeep]
|upkeep
|turn|34
|
|t:|1757790692
|switch|p2a: Alomomola|Alomomola, F|85/100
|move|p1a: Barraskewda|Liquidation|p2a: Alomomola
|-resisted|p2a: Alomomola
|-damage|p2a: Alomomola|60/100
|
|-weather|RainDance|[upkeep]
|upkeep
|turn|35
|
|t:|1757790699
|move|p1a: Barraskewda|Poison Jab|p2a: Alomomola
|-damage|p2a: Alomomola|45/100
|move|p2a: Alomomola|Wish|p2a: Alomomola
|
|-weather|none
|upkeep
|turn|36
|
|t:|1757790705
|move|p1a: Barraskewda|Poison Jab|p2a: Alomomola
|-damage|p2a: Alomomola|28/100
|-status|p2a: Alomomola|psn
|move|p2a: Alomomola|Flip Turn|p1a: Barraskewda
|-resisted|p1a: Barraskewda
|-damage|p1a: Barraskewda|84/100
|
|t:|1757790714
|switch|p2a: Tyranitar|Tyranitar, M|16/100|[from] Flip Turn
|-weather|Sandstorm|[from] ability: Sand Stream|[of] p2a: Tyranitar
|
|-weather|Sandstorm|[upkeep]
|-damage|p1a: Barraskewda|78/100|[from] Sandstorm
|-heal|p2a: Tyranitar|82/100|[from] move: Wish|[wisher] Alomomola
|-heal|p2a: Tyranitar|88/100|[from] item: Leftovers
|upkeep
|turn|37
|
|t:|1757790732
|switch|p2a: Alomomola|Alomomola, F|61/100 psn
|move|p1a: Barraskewda|Liquidation|p2a: Alomomola
|-resisted|p2a: Alomomola
|-damage|p2a: Alomomola|45/100 psn
|
|-weather|Sandstorm|[upkeep]
|-damage|p1a: Barraskewda|72/100|[from] Sandstorm
|-damage|p2a: Alomomola|39/100 psn|[from] Sandstorm
|-damage|p2a: Alomomola|27/100 psn|[from] psn
|upkeep
|turn|38
|
|t:|1757790750
|move|p1a: Barraskewda|Flip Turn|p2a: Alomomola
|-resisted|p2a: Alomomola
|-damage|p2a: Alomomola|16/100 psn
|
|t:|1757790755
|switch|p1a: Pelipper|Pelipper, F|93/100|[from] Flip Turn
|-weather|RainDance|[from] ability: Drizzle|[of] p1a: Pelipper
|move|p2a: Alomomola|Wish|p2a: Alomomola
|
|-weather|RainDance|[upkeep]
|-damage|p2a: Alomomola|4/100 psn|[from] psn
|upkeep
|turn|39
|
|t:|1757790765
|move|p2a: Alomomola|Protect|p2a: Alomomola
|-singleturn|p2a: Alomomola|Protect
|move|p1a: Pelipper|U-turn|p2a: Alomomola
|-activate|p2a: Alomomola|move: Protect
|
|-weather|RainDance|[upkeep]
|-heal|p2a: Alomomola|54/100 psn|[from] move: Wish|[wisher] Alomomola
|-damage|p2a: Alomomola|41/100 psn|[from] psn
|upkeep
|turn|40
|
|t:|1757790775
|switch|p2a: Tyranitar|Tyranitar, M|88/100
|-weather|Sandstorm|[from] ability: Sand Stream|[of] p2a: Tyranitar
|move|p1a: Pelipper|Hurricane|p2a: Tyranitar|[miss]
|-miss|p1a: Pelipper|p2a: Tyranitar
|
|-weather|Sandstorm|[upkeep]
|-damage|p1a: Pelipper|87/100|[from] Sandstorm
|-heal|p2a: Tyranitar|95/100|[from] item: Leftovers
|upkeep
|turn|41
|
|t:|1757790794
|switch|p1a: Ogerpon|Ogerpon-Wellspring, F|94/100
|move|p2a: Tyranitar|Stealth Rock|p1a: Ogerpon
|-sidestart|p1: Gulptubus|move: Stealth Rock
|
|-weather|Sandstorm|[upkeep]
|-damage|p1a: Ogerpon|88/100|[from] Sandstorm
|-heal|p2a: Tyranitar|100/100|[from] item: Leftovers
|upkeep
|turn|42
|
|t:|1757790814
|switch|p2a: Mandibuzz|Mandibuzz, F|64/100
|move|p1a: Ogerpon|Ivy Cudgel|p2a: Mandibuzz|[anim] Ivy Cudgel Water
|-damage|p2a: Mandibuzz|30/100
|
|-weather|Sandstorm|[upkeep]
|-damage|p1a: Ogerpon|82/100|[from] Sandstorm
|upkeep
|turn|43
|
|t:|1757790824
|switch|p2a: Alomomola|Alomomola, F|75/100 psn
|move|p1a: Ogerpon|Ivy Cudgel|p2a: Alomomola|[anim] Ivy Cudgel Water
|-resisted|p2a: Alomomola
|-damage|p2a: Alomomola|59/100 psn
|
|-weather|Sandstorm|[upkeep]
|-damage|p1a: Ogerpon|76/100|[from] Sandstorm
|-damage|p2a: Alomomola|53/100 psn|[from] Sandstorm
|-damage|p2a: Alomomola|40/100 psn|[from] psn
|upkeep
|turn|44
|
|t:|1757790829
|switch|p2a: Mandibuzz|Mandibuzz, F|30/100
|move|p1a: Ogerpon|Trailblaze|p2a: Mandibuzz
|-resisted|p2a: Mandibuzz
|-damage|p2a: Mandibuzz|22/100
|-boost|p1a: Ogerpon|spe|1
|
|-weather|none
|upkeep
|turn|45
|
|t:|1757790852
|-terastallize|p2a: Mandibuzz|Grass
|move|p1a: Ogerpon|Ivy Cudgel|p2a: Mandibuzz|[anim] Ivy Cudgel Water
|-resisted|p2a: Mandibuzz
|-damage|p2a: Mandibuzz|4/100
|move|p2a: Mandibuzz|Roost|p2a: Mandibuzz
|-heal|p2a: Mandibuzz|54/100
|
|upkeep
|turn|46
|
|t:|1757790865
|switch|p1a: Pelipper|Pelipper, F|87/100
|-damage|p1a: Pelipper|62/100|[from] Stealth Rock
|-weather|RainDance|[from] ability: Drizzle|[of] p1a: Pelipper
|move|p2a: Mandibuzz|Roost|p2a: Mandibuzz
|-heal|p2a: Mandibuzz|100/100
|
|-weather|RainDance|[upkeep]
|upkeep
|turn|47
|
|t:|1757790879
|switch|p2a: Tyranitar|Tyranitar, M|100/100
|-weather|Sandstorm|[from] ability: Sand Stream|[of] p2a: Tyranitar
|move|p1a: Pelipper|U-turn|p2a: Tyranitar
|-supereffective|p2a: Tyranitar
|-damage|p2a: Tyranitar|87/100
|
|t:|1757790889
|switch|p1a: Barraskewda|Barraskewda, M|72/100|[from] U-turn
|-damage|p1a: Barraskewda|60/100|[from] Stealth Rock
|
|-weather|Sandstorm|[upkeep]
|-damage|p1a: Barraskewda|54/100|[from] Sandstorm
|-heal|p2a: Tyranitar|93/100|[from] item: Leftovers
|upkeep
|turn|48
|
|t:|1757790897
|move|p2a: Tyranitar|Protect|p2a: Tyranitar
|-singleturn|p2a: Tyranitar|Protect
|move|p1a: Barraskewda|Flip Turn|p2a: Tyranitar
|-activate|p2a: Tyranitar|move: Protect
|
|-weather|Sandstorm|[upkeep]
|-damage|p1a: Barraskewda|48/100|[from] Sandstorm
|-heal|p2a: Tyranitar|99/100|[from] item: Leftovers
|upkeep
|turn|49
|
|t:|1757790909
|switch|p2a: Alomomola|Alomomola, F|74/100 psn
|move|p1a: Barraskewda|Liquidation|p2a: Alomomola
|-resisted|p2a: Alomomola
|-damage|p2a: Alomomola|59/100 psn
|
|-weather|Sandstorm|[upkeep]
|-damage|p1a: Barraskewda|42/100|[from] Sandstorm
|-damage|p2a: Alomomola|53/100 psn|[from] Sandstorm
|-damage|p2a: Alomomola|41/100 psn|[from] psn
|upkeep
|turn|50
|
|t:|1757790915
|move|p1a: Barraskewda|Flip Turn|p2a: Alomomola
|-resisted|p2a: Alomomola
|-damage|p2a: Alomomola|31/100 psn
|
|t:|1757790918
|switch|p1a: Pelipper|Pelipper, F|62/100|[from] Flip Turn
|-damage|p1a: Pelipper|38/100|[from] Stealth Rock
|-weather|RainDance|[from] ability: Drizzle|[of] p1a: Pelipper
|move|p2a: Alomomola|Wish|p2a: Alomomola
|
|-weather|RainDance|[upkeep]
|-damage|p2a: Alomomola|19/100 psn|[from] psn
|upkeep
|turn|51
|
|t:|1757790924
|move|p2a: Alomomola|Flip Turn|p1a: Pelipper
|-resisted|p1a: Pelipper
|-damage|p1a: Pelipper|27/100
|
|t:|1757790928
|switch|p2a: Scizor|Scizor, F|53/100|[from] Flip Turn
|move|p1a: Pelipper|Roost|p1a: Pelipper
|-heal|p1a: Pelipper|77/100
|-singleturn|p1a: Pelipper|move: Roost
|
|-weather|RainDance|[upkeep]
|-heal|p2a: Scizor|100/100|[from] move: Wish|[wisher] Alomomola
|upkeep
|turn|52
|
|t:|1757790937
|move|p2a: Scizor|Knock Off|p1a: Pelipper
|-damage|p1a: Pelipper|43/100
|-enditem|p1a: Pelipper|Damp Rock|[from] move: Knock Off|[of] p2a: Scizor
|move|p1a: Pelipper|Roost|p1a: Pelipper
|-heal|p1a: Pelipper|93/100
|-singleturn|p1a: Pelipper|move: Roost
|
|-weather|RainDance|[upkeep]
|upkeep
|turn|53
|
|t:|1757790945
|move|p2a: Scizor|U-turn|p1a: Pelipper
|-resisted|p1a: Pelipper
|-damage|p1a: Pelipper|74/100
|
|t:|1757790949
|switch|p2a: Tyranitar|Tyranitar, M|99/100|[from] U-turn
|-weather|Sandstorm|[from] ability: Sand Stream|[of] p2a: Tyranitar
|move|p1a: Pelipper|Weather Ball|p2a: Tyranitar
|-damage|p2a: Tyranitar|89/100
|
|-weather|Sandstorm|[upkeep]
|-damage|p1a: Pelipper|68/100|[from] Sandstorm
|-heal|p2a: Tyranitar|96/100|[from] item: Leftovers
|upkeep
|turn|54
|
|t:|1757790977
|switch|p1a: Ogerpon|Ogerpon-Wellspring, F|76/100
|-damage|p1a: Ogerpon|63/100|[from] Stealth Rock
|move|p2a: Tyranitar|Knock Off|p1a: Ogerpon
|-damage|p1a: Ogerpon|25/100
|
|-weather|Sandstorm|[upkeep]
|-damage|p1a: Ogerpon|19/100|[from] Sandstorm
|-heal|p2a: Tyranitar|100/100|[from] item: Leftovers
|upkeep
|turn|55
|
|t:|1757790989
|move|p2a: Tyranitar|Protect|p2a: Tyranitar
|-singleturn|p2a: Tyranitar|Protect
|move|p1a: Ogerpon|Power Whip|p2a: Tyranitar
|-activate|p2a: Tyranitar|move: Protect
|
|-weather|Sandstorm|[upkeep]
|-damage|p1a: Ogerpon|13/100|[from] Sandstorm
|upkeep
|turn|56
|
|t:|1757791003
|switch|p1a: Tornadus|Tornadus-Therian, M|45/100
|-damage|p1a: Tornadus|21/100|[from] Stealth Rock
|switch|p2a: Alomomola|Alomomola, F|52/100 psn
|
|-weather|Sandstorm|[upkeep]
|-damage|p1a: Tornadus|15/100|[from] Sandstorm
|-damage|p2a: Alomomola|46/100 psn|[from] Sandstorm
|-damage|p2a: Alomomola|33/100 psn|[from] psn
|upkeep
|turn|57
|
|t:|1757791012
|switch|p2a: Slowking|Slowking-Galar, M|100/100
|move|p1a: Tornadus|Hurricane|p2a: Slowking
|-damage|p2a: Slowking|62/100
|
|-weather|none
|upkeep
|turn|58
|
|t:|1757791019
|switch|p2a: Tyranitar|Tyranitar, M|100/100
|-weather|Sandstorm|[from] ability: Sand Stream|[of] p2a: Tyranitar
|move|p1a: Tornadus|Hurricane|p2a: Tyranitar
|-resisted|p2a: Tyranitar
|-damage|p2a: Tyranitar|84/100
|
|-weather|Sandstorm|[upkeep]
|-damage|p1a: Tornadus|9/100|[from] Sandstorm
|-heal|p2a: Tyranitar|90/100|[from] item: Leftovers
|upkeep
|turn|59
|-message|Gulptubus forfeited.
|
|win|Wuerfel
|raw|Gulptubus's rating: 1486 &rarr; <strong>1467</strong><br />(-19 for losing)
|raw|Wuerfel's rating: 1510 &rarr; <strong>1529</strong><br />(+19 for winning)
|l|☆Gulptubus
|player|p1|
|c|☆Wuerfel|ez
|l|☆Wuerfel
|player|p2|
