|j|‽Tridecagram
|j|☆ratonsuelo
|t:|1757869610
|gametype|singles
|player|p1|Tridecagram|1|1104
|player|p2|ratonsuelo|102|1105
|gen|9
|tier|[Gen 9] OU
|rated|
|rule|HP Percentage Mod: HP is shown in percentages
|rule|Endless Battle Clause: Forcing endless battles is banned
|rule|Species Clause: Limit one of each Pokémon
|rule|OHKO Clause: OHKO moves are banned
|rule|Evasion Items Clause: Evasion items are banned
|rule|Evasion Moves Clause: Evasion moves are banned
|rule|Evasion Abilities Clause: Evasion abilities are banned
|rule|Sleep Moves Clause: Sleep-inducing moves are banned
|clearpoke
|poke|p1|Altaria, M|
|poke|p1|Milotic, F|
|poke|p1|Lucario, M|
|poke|p1|Tsareena, F|
|poke|p1|Arcanine, M|
|poke|p1|Ninetales-Alola, F|
|poke|p2|Toxicroak, M|
|poke|p2|Pelipper, M|
|poke|p2|Rillaboom, M|
|poke|p2|Gliscor, F|
|poke|p2|Floatzel, M|
|poke|p2|Ting-Lu|
|teampreview
|inactive|Battle timer is ON: inactive players will automatically lose when time's up. (requested by ratonsuelo)
|
|t:|1757869622
|teamsize|p1|6
|teamsize|p2|6
|start
|switch|p1a: Milotic|Milotic, F, shiny|100/100
|switch|p2a: Toxicroak|Toxicroak, M|100/100
|turn|1
|
|t:|1757869628
|switch|p2a: Rillaboom|Rillaboom, M|100/100
|-fieldstart|move: Grassy Terrain|[from] ability: Grassy Surge|[of] p2a: Rillaboom
|move|p1a: Milotic|Scald|p2a: Rillaboom
|-resisted|p2a: Rillaboom
|-damage|p2a: Rillaboom|84/100
|
|-heal|p2a: Rillaboom|90/100|[from] Grassy Terrain
|upkeep
|turn|2
|
|t:|1757869636
|switch|p1a: Tsareena|Tsareena, F, shiny|100/100
|move|p2a: Rillaboom|U-turn|p1a: Tsareena
|-supereffective|p1a: Tsareena
|-damage|p1a: Tsareena|45/100
|
|t:|1757869642
|switch|p2a: Gliscor|Gliscor, F|100/100|[from] U-turn
|
|-heal|p1a: Tsareena|51/100|[from] Grassy Terrain
|-status|p2a: Gliscor|tox|[from] item: Toxic Orb
|upkeep
|turn|3
|
|t:|1757869654
|move|p2a: Gliscor|Protect|p2a: Gliscor
|-singleturn|p2a: Gliscor|Protect
|move|p1a: Tsareena|Synthesis|p1a: Tsareena
|-heal|p1a: Tsareena|100/100
|
|upkeep
|turn|4
|
|t:|1757869659
|switch|p1a: Ninetales|Ninetales-Alola, F, shiny|100/100
|-weather|Snowscape|[from] ability: Snow Warning|[of] p1a: Ninetales
|move|p2a: Gliscor|Toxic Spikes|p1a: Ninetales
|-sidestart|p1: Tridecagram|move: Toxic Spikes
|
|-weather|Snowscape|[upkeep]
|upkeep
|turn|5
|
|t:|1757869673
|move|p2a: Gliscor|Protect|p2a: Gliscor
|-singleturn|p2a: Gliscor|Protect
|move|p1a: Ninetales|Freeze-Dry|p2a: Gliscor
|-activate|p2a: Gliscor|move: Protect
|
|-weather|Snowscape|[upkeep]
|upkeep
|turn|6
|
|t:|1757869675
|switch|p2a: Toxicroak|Toxicroak, M|100/100
|move|p1a: Ninetales|Aurora Veil|p1a: Ninetales
|-sidestart|p1: Tridecagram|move: Aurora Veil
|
|-weather|Snowscape|[upkeep]
|upkeep
|turn|7
|
|t:|1757869684
|switch|p1a: Altaria|Altaria, M, shiny|100/100
|move|p2a: Toxicroak|Substitute|p2a: Toxicroak
|-start|p2a: Toxicroak|Substitute
|-damage|p2a: Toxicroak|76/100
|
|-weather|Snowscape|[upkeep]
|-heal|p2a: Toxicroak|82/100|[from] Grassy Terrain
|-heal|p2a: Toxicroak|88/100|[from] item: Leftovers
|upkeep
|turn|8
|
|t:|1757869690
|move|p2a: Toxicroak|Poison Jab|p1a: Altaria
|-damage|p1a: Altaria|89/100
|-status|p1a: Altaria|psn
|-damage|p2a: Toxicroak|72/100|[from] item: Rocky Helmet|[of] p1a: Altaria
|move|p1a: Altaria|Cotton Guard|p1a: Altaria
|-boost|p1a: Altaria|def|3
|
|-weather|none
|-heal|p2a: Toxicroak|78/100|[from] Grassy Terrain
|-heal|p2a: Toxicroak|84/100|[from] item: Leftovers
|-damage|p1a: Altaria|77/100 psn|[from] psn
|-fieldend|move: Grassy Terrain
|upkeep
|turn|9
|
|t:|1757869693
|move|p2a: Toxicroak|Poison Jab|p1a: Altaria
|-damage|p1a: Altaria|73/100 psn
|-damage|p2a: Toxicroak|68/100|[from] item: Rocky Helmet|[of] p1a: Altaria
|move|p1a: Altaria|Cotton Guard|p1a: Altaria
|-boost|p1a: Altaria|def|3
|
|-heal|p2a: Toxicroak|74/100|[from] item: Leftovers
|-damage|p1a: Altaria|60/100 psn|[from] psn
|upkeep
|turn|10
|
|t:|1757869700
|move|p2a: Toxicroak|Poison Jab|p1a: Altaria
|-damage|p1a: Altaria|58/100 psn
|-damage|p2a: Toxicroak|57/100|[from] item: Rocky Helmet|[of] p1a: Altaria
|move|p1a: Altaria|Moonblast|p2a: Toxicroak
|-activate|p2a: Toxicroak|move: Substitute|[damage]
|
|-heal|p2a: Toxicroak|63/100|[from] item: Leftovers
|-damage|p1a: Altaria|45/100 psn|[from] psn
|upkeep
|turn|11
|
|t:|1757869702
|move|p2a: Toxicroak|Protect|p2a: Toxicroak
|-singleturn|p2a: Toxicroak|Protect
|move|p1a: Altaria|Roost|p1a: Altaria
|-heal|p1a: Altaria|95/100 psn
|-singleturn|p1a: Altaria|move: Roost
|
|-heal|p2a: Toxicroak|70/100|[from] item: Leftovers
|-damage|p1a: Altaria|83/100 psn|[from] psn
|upkeep
|turn|12
|
|t:|1757869712
|switch|p2a: Gliscor|Gliscor, F|100/100 tox
|move|p1a: Altaria|Moonblast|p2a: Gliscor
|-damage|p2a: Gliscor|82/100 tox
|
|-heal|p2a: Gliscor|95/100 tox|[from] ability: Poison Heal
|-damage|p1a: Altaria|70/100 psn|[from] psn
|upkeep
|turn|13
|
|t:|1757869717
|-curestatus|p1a: Altaria|psn|[from] ability: Natural Cure
|switch|p1a: Tsareena|Tsareena, F, shiny|100/100
|move|p2a: Gliscor|Toxic Spikes|p1a: Tsareena
|-sidestart|p1: Tridecagram|move: Toxic Spikes
|
|-heal|p2a: Gliscor|100/100 tox|[from] ability: Poison Heal
|-sideend|p1: Tridecagram|move: Aurora Veil
|upkeep
|turn|14
|
|t:|1757869721
|move|p1a: Tsareena|Rapid Spin|p2a: Gliscor
|-damage|p2a: Gliscor|91/100 tox
|-boost|p1a: Tsareena|spe|1
|-sideend|p1: Tridecagram|Toxic Spikes|[from] move: Rapid Spin|[of] p1a: Tsareena
|move|p2a: Gliscor|U-turn|p1a: Tsareena
|-supereffective|p1a: Tsareena
|-damage|p1a: Tsareena|67/100
|
|t:|1757869727
|switch|p2a: Rillaboom|Rillaboom, M|90/100|[from] U-turn
|-fieldstart|move: Grassy Terrain|[from] ability: Grassy Surge|[of] p2a: Rillaboom
|
|-heal|p1a: Tsareena|73/100|[from] Grassy Terrain
|-heal|p2a: Rillaboom|97/100|[from] Grassy Terrain
|upkeep
|turn|15
|
|t:|1757869735
|move|p1a: Tsareena|Knock Off|p2a: Rillaboom
|-damage|p2a: Rillaboom|70/100
|-enditem|p2a: Rillaboom|Terrain Extender|[from] move: Knock Off|[of] p1a: Tsareena
|move|p2a: Rillaboom|U-turn|p1a: Tsareena
|-supereffective|p1a: Tsareena
|-damage|p1a: Tsareena|20/100
|
|t:|1757869742
|switch|p2a: Gliscor|Gliscor, F|91/100 tox|[from] U-turn
|
|-heal|p1a: Tsareena|26/100|[from] Grassy Terrain
|-heal|p2a: Gliscor|100/100 tox|[from] ability: Poison Heal
|upkeep
|turn|16
|
|t:|1757869745
|move|p1a: Tsareena|Synthesis|p1a: Tsareena
|-heal|p1a: Tsareena|76/100
|move|p2a: Gliscor|U-turn|p1a: Tsareena
|-supereffective|p1a: Tsareena
|-damage|p1a: Tsareena|46/100
|
|t:|1757869747
|switch|p2a: Toxicroak|Toxicroak, M|70/100|[from] U-turn
|
|-heal|p1a: Tsareena|53/100|[from] Grassy Terrain
|-heal|p2a: Toxicroak|76/100|[from] Grassy Terrain
|-heal|p2a: Toxicroak|82/100|[from] item: Leftovers
|upkeep
|turn|17
|
|t:|1757869756
|move|p1a: Tsareena|Synthesis|p1a: Tsareena
|-heal|p1a: Tsareena|100/100
|move|p2a: Toxicroak|Poison Jab|p1a: Tsareena
|-supereffective|p1a: Tsareena
|-damage|p1a: Tsareena|40/100
|
|-heal|p1a: Tsareena|46/100|[from] Grassy Terrain
|-heal|p2a: Toxicroak|88/100|[from] Grassy Terrain
|-heal|p2a: Toxicroak|95/100|[from] item: Leftovers
|upkeep
|turn|18
|
|t:|1757869763
|move|p1a: Tsareena|Trop Kick|p2a: Toxicroak
|-resisted|p2a: Toxicroak
|-damage|p2a: Toxicroak|73/100
|-unboost|p2a: Toxicroak|atk|1
|move|p2a: Toxicroak|Substitute|p2a: Toxicroak
|-start|p2a: Toxicroak|Substitute
|-damage|p2a: Toxicroak|48/100
|
|-heal|p1a: Tsareena|52/100|[from] Grassy Terrain
|-heal|p2a: Toxicroak|54/100|[from] Grassy Terrain
|-heal|p2a: Toxicroak|60/100|[from] item: Leftovers
|upkeep
|turn|19
|
|t:|1757869771
|move|p1a: Tsareena|Synthesis|p1a: Tsareena
|-heal|p1a: Tsareena|100/100
|move|p2a: Toxicroak|Poison Jab|p1a: Tsareena
|-supereffective|p1a: Tsareena
|-damage|p1a: Tsareena|59/100
|-status|p1a: Tsareena|psn
|
|-heal|p1a: Tsareena|65/100 psn|[from] Grassy Terrain
|-heal|p2a: Toxicroak|66/100|[from] Grassy Terrain
|-heal|p2a: Toxicroak|73/100|[from] item: Leftovers
|-damage|p1a: Tsareena|53/100 psn|[from] psn
|upkeep
|turn|20
|
|t:|1757869774
|move|p1a: Tsareena|Synthesis|p1a: Tsareena
|-heal|p1a: Tsareena|100/100 psn
|move|p2a: Toxicroak|Poison Jab|p1a: Tsareena
|-supereffective|p1a: Tsareena
|-damage|p1a: Tsareena|61/100 psn
|
|-heal|p1a: Tsareena|67/100 psn|[from] Grassy Terrain
|-heal|p2a: Toxicroak|79/100|[from] Grassy Terrain
|-heal|p2a: Toxicroak|85/100|[from] item: Leftovers
|-damage|p1a: Tsareena|55/100 psn|[from] psn
|upkeep
|turn|21
|
|t:|1757869784
|switch|p1a: Altaria|Altaria, M, shiny|70/100
|move|p2a: Toxicroak|Poison Jab|p1a: Altaria
|-damage|p1a: Altaria|56/100
|-damage|p2a: Toxicroak|69/100|[from] item: Rocky Helmet|[of] p1a: Altaria
|
|-heal|p2a: Toxicroak|75/100|[from] Grassy Terrain
|-heal|p2a: Toxicroak|81/100|[from] item: Leftovers
|-fieldend|move: Grassy Terrain
|upkeep
|turn|22
|
|t:|1757869789
|switch|p2a: Ting-Lu|Ting-Lu|100/100
|-ability|p2a: Ting-Lu|Vessel of Ruin
|move|p1a: Altaria|Cotton Guard|p1a: Altaria
|-boost|p1a: Altaria|def|3
|
|upkeep
|turn|23
|
|t:|1757869791
|move|p1a: Altaria|Will-O-Wisp|p2a: Ting-Lu|[miss]
|-miss|p1a: Altaria|p2a: Ting-Lu
|move|p2a: Ting-Lu|Stealth Rock|p1a: Altaria
|-sidestart|p1: Tridecagram|move: Stealth Rock
|
|upkeep
|turn|24
|
|t:|1757869793
|move|p1a: Altaria|Will-O-Wisp|p2a: Ting-Lu
|-status|p2a: Ting-Lu|brn
|move|p2a: Ting-Lu|Whirlwind|p1a: Altaria
|drag|p1a: Ninetales|Ninetales-Alola, F, shiny|100/100
|-damage|p1a: Ninetales|76/100|[from] Stealth Rock
|-weather|Snowscape|[from] ability: Snow Warning|[of] p1a: Ninetales
|
|-weather|Snowscape|[upkeep]
|-damage|p2a: Ting-Lu|94/100 brn|[from] brn
|upkeep
|turn|25
|
|t:|1757869808
|move|p2a: Ting-Lu|Protect|p2a: Ting-Lu
|-singleturn|p2a: Ting-Lu|Protect
|move|p1a: Ninetales|Aurora Veil|p1a: Ninetales
|-sidestart|p1: Tridecagram|move: Aurora Veil
|
|-weather|Snowscape|[upkeep]
|-heal|p2a: Ting-Lu|100/100 brn|[from] item: Leftovers
|-damage|p2a: Ting-Lu|94/100 brn|[from] brn
|upkeep
|turn|26
|
|t:|1757869811
|switch|p1a: Tsareena|Tsareena, F, shiny|55/100 psn
|move|p2a: Ting-Lu|Spikes|p1a: Tsareena
|-sidestart|p1: Tridecagram|Spikes
|
|-weather|Snowscape|[upkeep]
|-heal|p2a: Ting-Lu|100/100 brn|[from] item: Leftovers
|-damage|p1a: Tsareena|42/100 psn|[from] psn
|-damage|p2a: Ting-Lu|94/100 brn|[from] brn
|upkeep
|turn|27
|
|t:|1757869813
|move|p2a: Ting-Lu|Protect|p2a: Ting-Lu
|-singleturn|p2a: Ting-Lu|Protect
|move|p1a: Tsareena|Rapid Spin|p2a: Ting-Lu
|-activate|p2a: Ting-Lu|move: Protect
|
|-weather|Snowscape|[upkeep]
|-heal|p2a: Ting-Lu|100/100 brn|[from] item: Leftovers
|-damage|p1a: Tsareena|30/100 psn|[from] psn
|-damage|p2a: Ting-Lu|94/100 brn|[from] brn
|upkeep
|turn|28
|
|t:|1757869819
|-terastallize|p2a: Ting-Lu|Ghost
|move|p1a: Tsareena|Rapid Spin|p2a: Ting-Lu
|-immune|p2a: Ting-Lu
|move|p2a: Ting-Lu|Whirlwind|p1a: Tsareena
|drag|p1a: Lucario|Lucario, M, shiny|100/100
|-damage|p1a: Lucario|98/100|[from] Stealth Rock
|-damage|p1a: Lucario|85/100|[from] Spikes
|
|-weather|none
|-heal|p2a: Ting-Lu|100/100 brn|[from] item: Leftovers
|-damage|p2a: Ting-Lu|94/100 brn|[from] brn
|upkeep
|turn|29
|-message|Tridecagram forfeited.
|
|win|ratonsuelo
|raw|Tridecagram's rating: 1104 &rarr; <strong>1079</strong><br />(-25 for losing)
|raw|ratonsuelo's rating: 1105 &rarr; <strong>1130</strong><br />(+25 for winning)
|l|‽Tridecagram
|player|p1|
|l|☆ratonsuelo
|player|p2|
