|j|☆Ma Nature
|j|☆Kharrnage
|t:|1757912485
|gametype|singles
|player|p1|Ma Nature|pokemonbreederf-gen4|1187
|player|p2|Kharrnage|dancer|1186
|gen|9
|tier|[Gen 9] OU
|rated|
|rule|HP Percentage Mod: HP is shown in percentages
|rule|Endless Battle Clause: Forcing endless battles is banned
|rule|Species Clause: Limit one of each Pokémon
|rule|OHKO Clause: OHKO moves are banned
|rule|Evasion Items Clause: Evasion items are banned
|rule|Evasion Moves Clause: Evasion moves are banned
|rule|Evasion Abilities Clause: Evasion abilities are banned
|rule|Sleep Moves Clause: Sleep-inducing moves are banned
|clearpoke
|poke|p1|Scizor, F|
|poke|p1|Zapdos|
|poke|p1|Crawdaunt, F|
|poke|p1|Arboliva, M|
|poke|p1|Politoed, F|
|poke|p1|Forretress, F|
|poke|p2|Arcanine, M|
|poke|p2|Salamence, M|
|poke|p2|Milotic, F|
|poke|p2|Braviary-Hisui, M|
|poke|p2|Lucario, M|
|poke|p2|Garchomp, M|
|teampreview
|inactive|Battle timer is ON: inactive players will automatically lose when time's up. (requested by Ma Nature)
|
|t:|1757912503
|teamsize|p1|6
|teamsize|p2|6
|start
|switch|p1a: Politoed|Politoed, F|100/100
|switch|p2a: Braviary|Braviary-Hisui, M, shiny|100/100
|-weather|RainDance|[from] ability: Drizzle|[of] p1a: Politoed
|turn|1
|
|t:|1757912517
|move|p1a: Politoed|Ice Beam|p2a: Braviary
|-supereffective|p2a: Braviary
|-damage|p2a: Braviary|46/100
|move|p2a: Braviary|Psychic|p1a: Politoed
|-damage|p1a: Politoed|36/100
|
|-weather|RainDance|[upkeep]
|upkeep
|turn|2
|
|t:|1757912526
|switch|p1a: Crawdaunt|Crawdaunt, F|100/100
|switch|p2a: Milotic|Milotic, F, shiny|100/100
|
|-weather|RainDance|[upkeep]
|upkeep
|turn|3
|
|t:|1757912535
|move|p1a: Crawdaunt|Knock Off|p2a: Milotic
|-damage|p2a: Milotic|36/100
|-enditem|p2a: Milotic|Leftovers|[from] move: Knock Off|[of] p1a: Crawdaunt
|move|p2a: Milotic|Scald|p1a: Crawdaunt
|-resisted|p1a: Crawdaunt
|-damage|p1a: Crawdaunt|59/100
|
|-weather|RainDance|[upkeep]
|upkeep
|turn|4
|
|t:|1757912545
|move|p1a: Crawdaunt|Knock Off|p2a: Milotic
|-damage|p2a: Milotic|0 fnt
|faint|p2a: Milotic
|
|-weather|RainDance|[upkeep]
|upkeep
|
|t:|1757912564
|switch|p2a: Garchomp|Garchomp, M|100/100
|turn|5
|
|t:|1757912584
|switch|p1a: Forretress|Forretress, F|100/100
|move|p2a: Garchomp|Dragon Tail|p1a: Forretress|[miss]
|-miss|p2a: Garchomp|p1a: Forretress
|
|-weather|RainDance|[upkeep]
|upkeep
|turn|6
|
|t:|1757912594
|move|p2a: Garchomp|Swords Dance|p2a: Garchomp
|-boost|p2a: Garchomp|atk|2
|move|p1a: Forretress|Stealth Rock|p2a: Garchomp
|-sidestart|p2: Kharrnage|move: Stealth Rock
|
|-weather|RainDance|[upkeep]
|upkeep
|turn|7
|
|t:|1757912608
|move|p2a: Garchomp|Swords Dance|p2a: Garchomp
|-boost|p2a: Garchomp|atk|2
|move|p1a: Forretress|Spikes|p2a: Garchomp
|-sidestart|p2: Kharrnage|Spikes
|
|-weather|RainDance|[upkeep]
|upkeep
|turn|8
|
|t:|1757912616
|move|p2a: Garchomp|Earthquake|p1a: Forretress
|-ability|p1a: Forretress|Sturdy
|-damage|p1a: Forretress|1/100
|move|p1a: Forretress|Spikes|p2a: Garchomp
|-sidestart|p2: Kharrnage|Spikes
|
|-weather|none
|upkeep
|turn|9
|
|t:|1757912628
|move|p2a: Garchomp|Stealth Rock|p1a: Forretress
|-sidestart|p1: Ma Nature|move: Stealth Rock
|move|p1a: Forretress|Pain Split|p2a: Garchomp
|-sethp|p2a: Garchomp|50/100|[from] move: Pain Split|[silent]
|-sethp|p1a: Forretress|58/100|[from] move: Pain Split
|
|upkeep
|turn|10
|
|t:|1757912637
|move|p2a: Garchomp|Earthquake|p1a: Forretress
|-damage|p1a: Forretress|0 fnt
|faint|p1a: Forretress
|
|upkeep
|
|t:|1757912655
|switch|p1a: Zapdos|Zapdos|100/100
|-damage|p1a: Zapdos|76/100|[from] Stealth Rock
|turn|11
|
|t:|1757912666
|move|p1a: Zapdos|Hurricane|p2a: Garchomp
|-damage|p2a: Garchomp|0 fnt
|faint|p2a: Garchomp
|
|upkeep
|
|t:|1757912682
|switch|p2a: Salamence|Salamence, M, shiny|100/100
|-damage|p2a: Salamence|76/100|[from] Stealth Rock
|-ability|p2a: Salamence|Intimidate|boost
|-unboost|p1a: Zapdos|atk|1
|turn|12
|
|t:|1757912693
|move|p1a: Zapdos|Volt Switch|p2a: Salamence
|-damage|p2a: Salamence|29/100
|
|t:|1757912698
|switch|p1a: Politoed|Politoed, F|36/100|[from] Volt Switch
|-damage|p1a: Politoed|24/100|[from] Stealth Rock
|-weather|RainDance|[from] ability: Drizzle|[of] p1a: Politoed
|move|p2a: Salamence|Draco Meteor|p1a: Politoed
|-damage|p1a: Politoed|0 fnt
|-unboost|p2a: Salamence|spa|2
|faint|p1a: Politoed
|
|-weather|RainDance|[upkeep]
|upkeep
|
|t:|1757912720
|switch|p1a: Zapdos|Zapdos|76/100
|-damage|p1a: Zapdos|51/100|[from] Stealth Rock
|turn|13
|
|t:|1757912732
|move|p2a: Salamence|Draco Meteor|p1a: Zapdos
|-damage|p1a: Zapdos|26/100
|-unboost|p2a: Salamence|spa|2
|move|p1a: Zapdos|Thunder|p2a: Salamence
|-damage|p2a: Salamence|0 fnt
|faint|p2a: Salamence
|
|-weather|RainDance|[upkeep]
|upkeep
|
|t:|1757912742
|switch|p2a: Arcanine|Arcanine, M, shiny|100/100
|-ability|p2a: Arcanine|Intimidate|boost
|-unboost|p1a: Zapdos|atk|1
|turn|14
|
|t:|1757912747
|move|p2a: Arcanine|Extreme Speed|p1a: Zapdos
|-damage|p1a: Zapdos|0 fnt
|-status|p2a: Arcanine|par|[from] ability: Static|[of] p1a: Zapdos
|faint|p1a: Zapdos
|
|-weather|RainDance|[upkeep]
|upkeep
|
|t:|1757912762
|switch|p1a: Arboliva|Arboliva, M|100/100
|-damage|p1a: Arboliva|88/100|[from] Stealth Rock
|turn|15
|
|t:|1757912772
|-terastallize|p1a: Arboliva|Water
|move|p1a: Arboliva|Weather Ball|p2a: Arcanine
|-supereffective|p2a: Arcanine
|-damage|p2a: Arcanine|0 fnt
|faint|p2a: Arcanine
|
|-weather|RainDance|[upkeep]
|upkeep
|
|t:|1757912779
|switch|p2a: Lucario|Lucario, M, shiny|100/100
|-damage|p2a: Lucario|97/100|[from] Stealth Rock
|-damage|p2a: Lucario|81/100|[from] Spikes
|turn|16
|
|t:|1757912786
|move|p2a: Lucario|Swords Dance|p2a: Lucario
|-boost|p2a: Lucario|atk|2
|move|p1a: Arboliva|Leech Seed|p2a: Lucario
|-start|p2a: Lucario|move: Leech Seed
|
|-weather|RainDance|[upkeep]
|-damage|p2a: Lucario|68/100|[from] Leech Seed|[of] p1a: Arboliva
|-heal|p1a: Arboliva|99/100|[silent]
|upkeep
|turn|17
|
|t:|1757912793
|move|p2a: Lucario|Drain Punch|p1a: Arboliva
|-damage|p1a: Arboliva|0 fnt
|-heal|p2a: Lucario|100/100|[from] drain|[of] p1a: Arboliva
|-fieldstart|move: Grassy Terrain|[from] ability: Seed Sower|[of] p1a: Arboliva
|faint|p1a: Arboliva
|-damage|p2a: Lucario|90/100|[from] item: Life Orb
|
|-weather|RainDance|[upkeep]
|-heal|p2a: Lucario|97/100|[from] Grassy Terrain
|upkeep
|
|t:|1757912800
|switch|p1a: Crawdaunt|Crawdaunt, F|59/100
|-damage|p1a: Crawdaunt|46/100|[from] Stealth Rock
|turn|18
|
|t:|1757912812
|move|p2a: Lucario|Extreme Speed|p1a: Crawdaunt
|-damage|p1a: Crawdaunt|0 fnt
|faint|p1a: Crawdaunt
|-damage|p2a: Lucario|87/100|[from] item: Life Orb
|
|-weather|RainDance|[upkeep]
|-heal|p2a: Lucario|93/100|[from] Grassy Terrain
|upkeep
|
|t:|1757912820
|switch|p1a: Scizor|Scizor, F|100/100
|-damage|p1a: Scizor|88/100|[from] Stealth Rock
|turn|19
|
|t:|1757912836
|move|p2a: Lucario|Drain Punch|p1a: Scizor
|-damage|p1a: Scizor|11/100
|-heal|p2a: Lucario|100/100|[from] drain|[of] p1a: Scizor
|-enditem|p1a: Scizor|Sitrus Berry|[eat]
|-heal|p1a: Scizor|36/100|[from] item: Sitrus Berry
|-damage|p2a: Lucario|90/100|[from] item: Life Orb
|move|p1a: Scizor|Dual Wingbeat|p2a: Lucario
|-damage|p2a: Lucario|61/100
|-damage|p2a: Lucario|34/100
|-hitcount|p2a: Lucario|2
|
|-weather|none
|-heal|p2a: Lucario|40/100|[from] Grassy Terrain
|-heal|p1a: Scizor|42/100|[from] Grassy Terrain
|-damage|p2a: Lucario|28/100|[from] Leech Seed|[of] p1a: Scizor
|-heal|p1a: Scizor|54/100|[silent]
|upkeep
|turn|20
|
|t:|1757912852
|move|p2a: Lucario|Drain Punch|p1a: Scizor
|-damage|p1a: Scizor|0 fnt
|-heal|p2a: Lucario|56/100|[from] drain|[of] p1a: Scizor
|faint|p1a: Scizor
|-damage|p2a: Lucario|46/100|[from] item: Life Orb
|
|win|Kharrnage
|raw|Ma Nature's rating: 1187 &rarr; <strong>1162</strong><br />(-25 for losing)
|raw|Kharrnage's rating: 1186 &rarr; <strong>1211</strong><br />(+25 for winning)
|l|☆Ma Nature
|player|p1|
|l|☆Kharrnage
|player|p2|
