|j|‽Mongo mofongo
|j|☆Aggrhy
|t:|1757793743
|gametype|singles
|player|p1|Mongo mofongo|265|1341
|player|p2|Aggrhy|red-masters|1397
|gen|9
|tier|[Gen 9] OU
|rated|
|rule|HP Percentage Mod: HP is shown in percentages
|rule|Endless Battle Clause: Forcing endless battles is banned
|rule|Species Clause: Limit one of each Pokémon
|rule|OHKO Clause: OHKO moves are banned
|rule|Evasion Items Clause: Evasion items are banned
|rule|Evasion Moves Clause: Evasion moves are banned
|rule|Evasion Abilities Clause: Evasion abilities are banned
|rule|Sleep Moves Clause: Sleep-inducing moves are banned
|clearpoke
|poke|p1|Ogerpon, F|
|poke|p1|Corviknight, F|
|poke|p1|Alomomola, M|
|poke|p1|Weezing-Galar, F|
|poke|p1|Gholdengo|
|poke|p1|Ting-Lu|
|poke|p2|Pikachu, M|
|poke|p2|Lokix, F|
|poke|p2|Garchomp, M|
|poke|p2|Cyclizar, M|
|poke|p2|Fezandipiti, M|
|poke|p2|Blastoise, M|
|teampreview
|inactive|Battle timer is ON: inactive players will automatically lose when time's up. (requested by Aggrhy)
|l|‽Mongo mofongo
|inactive|Mongo mofongo disconnected and has a minute to reconnect!
|player|p1|
|j|☆Mongo mofongo
|inactive|Mongo mofongo reconnected and has 120 seconds left.
|player|p1|Mongo mofongo|265|
|
|t:|1757793776
|teamsize|p1|6
|teamsize|p2|6
|start
|switch|p1a: Ting-Lu|Ting-Lu|100/100
|switch|p2a: Cyclizar|Cyclizar, M|100/100
|-ability|p1a: Ting-Lu|Vessel of Ruin
|turn|1
|
|t:|1757793785
|move|p2a: Cyclizar|Knock Off|p1a: Ting-Lu
|-resisted|p1a: Ting-Lu
|-damage|p1a: Ting-Lu|94/100
|-enditem|p1a: Ting-Lu|Leftovers|[from] move: Knock Off|[of] p2a: Cyclizar
|move|p1a: Ting-Lu|Stealth Rock|p2a: Cyclizar
|-sidestart|p2: Aggrhy|move: Stealth Rock
|
|upkeep
|turn|2
|
|t:|1757793792
|switch|p1a: Gholdengo|Gholdengo|100/100
|move|p2a: Cyclizar|Rapid Spin|p1a: Gholdengo
|-immune|p1a: Gholdengo
|
|upkeep
|turn|3
|
|t:|1757793800
|move|p2a: Cyclizar|Knock Off|p1a: Gholdengo
|-supereffective|p1a: Gholdengo
|-damage|p1a: Gholdengo|60/100
|-enditem|p1a: Gholdengo|Covert Cloak|[from] move: Knock Off|[of] p2a: Cyclizar
|move|p1a: Gholdengo|Thunder Wave|p2a: Cyclizar
|-status|p2a: Cyclizar|par
|
|upkeep
|turn|4
|
|t:|1757793811
|move|p1a: Gholdengo|Make It Rain|p2a: Cyclizar
|-damage|p2a: Cyclizar|36/100 par
|-unboost|p1a: Gholdengo|spa|1
|move|p2a: Cyclizar|U-turn|p1a: Gholdengo
|-resisted|p1a: Gholdengo
|-damage|p1a: Gholdengo|56/100
|
|t:|1757793820
|switch|p2a: Garchomp|Garchomp, M|100/100|[from] U-turn
|-damage|p2a: Garchomp|94/100|[from] Stealth Rock
|
|upkeep
|turn|5
|
|t:|1757793832
|switch|p1a: Corviknight|Corviknight, F|100/100
|-ability|p1a: Corviknight|Pressure
|move|p2a: Garchomp|Stealth Rock|p1a: Corviknight
|-sidestart|p1: Mongo mofongo|move: Stealth Rock
|
|upkeep
|turn|6
|
|t:|1757793839
|move|p2a: Garchomp|Spikes|p1a: Corviknight
|-sidestart|p1: Mongo mofongo|Spikes
|move|p1a: Corviknight|Iron Defense|p1a: Corviknight
|-boost|p1a: Corviknight|def|2
|
|upkeep
|turn|7
|
|t:|1757793845
|move|p1a: Corviknight|Iron Defense|p1a: Corviknight
|-boost|p1a: Corviknight|def|2
|move|p2a: Garchomp|Dragon Tail|p1a: Corviknight
|-resisted|p1a: Corviknight
|-damage|p1a: Corviknight|98/100
|-damage|p2a: Garchomp|78/100|[from] item: Rocky Helmet|[of] p1a: Corviknight
|drag|p1a: Alomomola|Alomomola, M|100/100
|-damage|p1a: Alomomola|88/100|[from] Stealth Rock
|-damage|p1a: Alomomola|76/100|[from] Spikes
|
|upkeep
|turn|8
|
|t:|1757793856
|move|p2a: Garchomp|Spikes|p1a: Alomomola
|-sidestart|p1: Mongo mofongo|Spikes
|move|p1a: Alomomola|Scald|p2a: Garchomp
|-damage|p2a: Garchomp|65/100
|-status|p2a: Garchomp|brn
|
|-damage|p2a: Garchomp|59/100 brn|[from] brn
|upkeep
|turn|9
|
|t:|1757793866
|move|p2a: Garchomp|Spikes|p1a: Alomomola
|-sidestart|p1: Mongo mofongo|Spikes
|move|p1a: Alomomola|Flip Turn|p2a: Garchomp
|-damage|p2a: Garchomp|49/100 brn
|-damage|p1a: Alomomola|64/100|[from] ability: Rough Skin|[of] p2a: Garchomp
|-damage|p1a: Alomomola|47/100|[from] item: Rocky Helmet|[of] p2a: Garchomp
|
|t:|1757793873
|switch|p1a: Corviknight|Corviknight, F|98/100|[from] Flip Turn
|-damage|p1a: Corviknight|86/100|[from] Stealth Rock
|-ability|p1a: Corviknight|Pressure
|
|-damage|p2a: Garchomp|42/100 brn|[from] brn
|upkeep
|turn|10
|
|t:|1757793884
|switch|p2a: Cyclizar|Cyclizar, M|69/100 par
|-damage|p2a: Cyclizar|57/100 par|[from] Stealth Rock
|move|p1a: Corviknight|Brave Bird|p2a: Cyclizar
|-damage|p2a: Cyclizar|2/100 par
|-damage|p1a: Corviknight|72/100|[from] Recoil
|
|upkeep
|turn|11
|
|t:|1757793897
|switch|p2a: Garchomp|Garchomp, M|42/100 brn
|-damage|p2a: Garchomp|36/100 brn|[from] Stealth Rock
|switch|p1a: Weezing|Weezing-Galar, F|100/100
|-ability|p1a: Weezing|Neutralizing Gas
|
|-damage|p2a: Garchomp|30/100 brn|[from] brn
|upkeep
|turn|12
|
|t:|1757793909
|move|p2a: Garchomp|Earthquake|p1a: Weezing
|-supereffective|p1a: Weezing
|-crit|p1a: Weezing
|-damage|p1a: Weezing|55/100
|move|p1a: Weezing|Defog|p2a: Garchomp
|-unboost|p2a: Garchomp|evasion|1
|-sideend|p2: Aggrhy|Stealth Rock|[from] move: Defog|[of] p1a: Weezing
|-sideend|p1: Mongo mofongo|Spikes|[from] move: Defog|[of] p1a: Weezing
|-sideend|p1: Mongo mofongo|Stealth Rock|[from] move: Defog|[of] p1a: Weezing
|
|-damage|p2a: Garchomp|24/100 brn|[from] brn
|upkeep
|turn|13
|
|t:|1757793919
|move|p2a: Garchomp|Stealth Rock|p1a: Weezing
|-sidestart|p1: Mongo mofongo|move: Stealth Rock
|move|p1a: Weezing|Strange Steam|p2a: Garchomp
|-supereffective|p2a: Garchomp
|-damage|p2a: Garchomp|0 fnt
|faint|p2a: Garchomp
|
|upkeep
|
|t:|1757793931
|switch|p2a: Blastoise|Blastoise, M|100/100
|turn|14
|
|t:|1757793941
|move|p2a: Blastoise|Shell Smash|p2a: Blastoise
|-unboost|p2a: Blastoise|def|1
|-unboost|p2a: Blastoise|spd|1
|-boost|p2a: Blastoise|atk|2
|-boost|p2a: Blastoise|spa|2
|-boost|p2a: Blastoise|spe|2
|move|p1a: Weezing|Defog|p2a: Blastoise
|-unboost|p2a: Blastoise|evasion|1
|-sideend|p1: Mongo mofongo|Stealth Rock|[from] move: Defog|[of] p1a: Weezing
|
|upkeep
|turn|15
|inactive|Mongo mofongo has 120 seconds left.
|
|t:|1757793977
|-terastallize|p1a: Weezing|Grass
|move|p2a: Blastoise|Earthquake|p1a: Weezing
|-resisted|p1a: Weezing
|-damage|p1a: Weezing|35/100
|move|p1a: Weezing|Will-O-Wisp|p2a: Blastoise
|-status|p2a: Blastoise|brn
|
|-damage|p2a: Blastoise|94/100 brn|[from] brn
|upkeep
|turn|16
|inactive|Mongo mofongo has 120 seconds left.
|
|t:|1757793990
|-end|p1a: Weezing|ability: Neutralizing Gas
|switch|p1a: Alomomola|Alomomola, M|80/100
|move|p2a: Blastoise|Shell Smash|p2a: Blastoise
|-unboost|p2a: Blastoise|def|1
|-unboost|p2a: Blastoise|spd|1
|-boost|p2a: Blastoise|atk|2
|-boost|p2a: Blastoise|spa|2
|-boost|p2a: Blastoise|spe|2
|
|-heal|p2a: Blastoise|100/100 brn|[from] item: Leftovers
|-damage|p2a: Blastoise|94/100 brn|[from] brn
|upkeep
|turn|17
|inactive|Mongo mofongo has 120 seconds left.
|
|t:|1757794002
|move|p2a: Blastoise|Shell Smash|p2a: Blastoise
|-unboost|p2a: Blastoise|def|1
|-unboost|p2a: Blastoise|spd|1
|-boost|p2a: Blastoise|atk|2
|-boost|p2a: Blastoise|spa|2
|-boost|p2a: Blastoise|spe|2
|move|p1a: Alomomola|Scald|p2a: Blastoise
|-resisted|p2a: Blastoise
|-damage|p2a: Blastoise|77/100 brn
|
|-heal|p2a: Blastoise|83/100 brn|[from] item: Leftovers
|-damage|p2a: Blastoise|77/100 brn|[from] brn
|upkeep
|turn|18
|
|t:|1757794015
|move|p2a: Blastoise|Earthquake|p1a: Alomomola
|-damage|p1a: Alomomola|41/100
|move|p1a: Alomomola|Mirror Coat||[still]
|-fail|p1a: Alomomola
|
|-heal|p2a: Blastoise|83/100 brn|[from] item: Leftovers
|-damage|p2a: Blastoise|77/100 brn|[from] brn
|upkeep
|turn|19
|
|t:|1757794024
|move|p2a: Blastoise|Earthquake|p1a: Alomomola
|-damage|p1a: Alomomola|5/100
|move|p1a: Alomomola|Flip Turn|p2a: Blastoise
|-resisted|p2a: Blastoise
|-damage|p2a: Blastoise|52/100 brn
|
|t:|1757794036
|switch|p1a: Corviknight|Corviknight, F|72/100|[from] Flip Turn
|-ability|p1a: Corviknight|Pressure
|
|-heal|p2a: Blastoise|58/100 brn|[from] item: Leftovers
|-damage|p2a: Blastoise|52/100 brn|[from] brn
|upkeep
|turn|20
|
|t:|1757794045
|switch|p1a: Alomomola|Alomomola, M|38/100
|move|p2a: Blastoise|Wave Crash|p1a: Alomomola
|-resisted|p1a: Alomomola
|-damage|p1a: Alomomola|6/100
|-damage|p2a: Blastoise|36/100 brn|[from] Recoil
|
|-heal|p2a: Blastoise|42/100 brn|[from] item: Leftovers
|-damage|p2a: Blastoise|36/100 brn|[from] brn
|upkeep
|turn|21
|
|t:|1757794057
|switch|p1a: Corviknight|Corviknight, F|72/100
|-ability|p1a: Corviknight|Pressure
|move|p2a: Blastoise|Ice Spinner|p1a: Corviknight
|-damage|p1a: Corviknight|46/100
|-damage|p2a: Blastoise|19/100 brn|[from] item: Rocky Helmet|[of] p1a: Corviknight
|
|-heal|p2a: Blastoise|25/100 brn|[from] item: Leftovers
|-damage|p2a: Blastoise|19/100 brn|[from] brn
|upkeep
|turn|22
|
|t:|1757794068
|switch|p1a: Alomomola|Alomomola, M|40/100
|move|p2a: Blastoise|Wave Crash|p1a: Alomomola
|-resisted|p1a: Alomomola
|-damage|p1a: Alomomola|0 fnt
|faint|p1a: Alomomola
|-damage|p2a: Blastoise|0 fnt|[from] Recoil
|faint|p2a: Blastoise
|
|upkeep
|
|t:|1757794089
|switch|p2a: Pikachu|Pikachu, M|100/100
|switch|p1a: Ting-Lu|Ting-Lu|94/100
|-ability|p1a: Ting-Lu|Vessel of Ruin
|turn|23
|
|t:|1757794104
|-terastallize|p2a: Pikachu|Flying
|move|p2a: Pikachu|Surf|p1a: Ting-Lu
|-supereffective|p1a: Ting-Lu
|-damage|p1a: Ting-Lu|63/100
|move|p1a: Ting-Lu|Earthquake|p2a: Pikachu
|-immune|p2a: Pikachu
|
|upkeep
|turn|24
|
|t:|1757794124
|move|p2a: Pikachu|Surf|p1a: Ting-Lu
|-supereffective|p1a: Ting-Lu
|-damage|p1a: Ting-Lu|32/100
|move|p1a: Ting-Lu|Whirlwind|p2a: Pikachu
|drag|p2a: Lokix|Lokix, F|100/100
|
|upkeep
|turn|25
|
|t:|1757794132
|switch|p1a: Corviknight|Corviknight, F|46/100
|-ability|p1a: Corviknight|Pressure
|move|p2a: Lokix|Leech Life|p1a: Corviknight
|-resisted|p1a: Corviknight
|-damage|p1a: Corviknight|35/100
|
|upkeep
|turn|26
|
|t:|1757794141
|switch|p2a: Pikachu|Pikachu, M, tera:Flying|100/100
|move|p1a: Corviknight|Roost|p1a: Corviknight
|-heal|p1a: Corviknight|85/100
|-singleturn|p1a: Corviknight|move: Roost
|
|upkeep
|turn|27
|
|t:|1757794158
|switch|p1a: Ting-Lu|Ting-Lu|32/100
|-ability|p1a: Ting-Lu|Vessel of Ruin
|move|p2a: Pikachu|Surf|p1a: Ting-Lu
|-supereffective|p1a: Ting-Lu
|-damage|p1a: Ting-Lu|4/100
|
|upkeep
|turn|28
|
|t:|1757794166
|move|p2a: Pikachu|Surf|p1a: Ting-Lu
|-supereffective|p1a: Ting-Lu
|-damage|p1a: Ting-Lu|0 fnt
|faint|p1a: Ting-Lu
|
|upkeep
|
|t:|1757794167
|switch|p1a: Weezing|Weezing-Galar, F, tera:Grass|35/100
|-ability|p1a: Weezing|Neutralizing Gas
|turn|29
|
|t:|1757794178
|move|p2a: Pikachu|Alluring Voice|p1a: Weezing
|-damage|p1a: Weezing|0 fnt
|faint|p1a: Weezing
|-end|p1a: Weezing|ability: Neutralizing Gas
|
|upkeep
|
|t:|1757794189
|switch|p1a: Ogerpon|Ogerpon, F|100/100
|turn|30
|
|t:|1757794194
|switch|p2a: Cyclizar|Cyclizar, M|36/100 par
|move|p1a: Ogerpon|Rock Tomb|p2a: Cyclizar
|-damage|p2a: Cyclizar|0 fnt
|faint|p2a: Cyclizar
|
|upkeep
|
|t:|1757794202
|switch|p2a: Fezandipiti|Fezandipiti, M|100/100
|turn|31
|
|t:|1757794205
|switch|p1a: Gholdengo|Gholdengo|56/100
|move|p2a: Fezandipiti|Heat Wave|p1a: Gholdengo
|-supereffective|p1a: Gholdengo
|-damage|p1a: Gholdengo|20/100
|
|upkeep
|turn|32
|
|t:|1757794217
|move|p2a: Fezandipiti|Heat Wave|p1a: Gholdengo
|-supereffective|p1a: Gholdengo
|-crit|p1a: Gholdengo
|-damage|p1a: Gholdengo|0 fnt
|faint|p1a: Gholdengo
|
|upkeep
|
|t:|1757794231
|switch|p1a: Corviknight|Corviknight, F|85/100
|-ability|p1a: Corviknight|Pressure
|turn|33
|
|t:|1757794236
|switch|p2a: Pikachu|Pikachu, M, tera:Flying|100/100
|move|p1a: Corviknight|Brave Bird|p2a: Pikachu
|-damage|p2a: Pikachu|0 fnt
|faint|p2a: Pikachu
|-damage|p1a: Corviknight|67/100|[from] Recoil
|
|upkeep
|
|t:|1757794254
|switch|p2a: Fezandipiti|Fezandipiti, M|100/100
|turn|34
|
|t:|1757794260
|move|p2a: Fezandipiti|Heat Wave|p1a: Corviknight
|-supereffective|p1a: Corviknight
|-damage|p1a: Corviknight|37/100
|move|p1a: Corviknight|Brave Bird|p2a: Fezandipiti
|-damage|p2a: Fezandipiti|62/100
|-damage|p1a: Corviknight|25/100|[from] Recoil
|
|-heal|p2a: Fezandipiti|68/100|[from] item: Leftovers
|upkeep
|turn|35
|
|t:|1757794270
|move|p2a: Fezandipiti|Heat Wave|p1a: Corviknight
|-supereffective|p1a: Corviknight
|-damage|p1a: Corviknight|0 fnt
|faint|p1a: Corviknight
|
|-heal|p2a: Fezandipiti|74/100|[from] item: Leftovers
|upkeep
|
|t:|1757794273
|switch|p1a: Ogerpon|Ogerpon, F|100/100
|turn|36
|
|t:|1757794280
|move|p1a: Ogerpon|Rock Tomb|p2a: Fezandipiti
|-damage|p2a: Fezandipiti|37/100
|-unboost|p2a: Fezandipiti|spe|1
|move|p2a: Fezandipiti|Heat Wave|p1a: Ogerpon
|-supereffective|p1a: Ogerpon
|-damage|p1a: Ogerpon|62/100
|
|-heal|p2a: Fezandipiti|43/100|[from] item: Leftovers
|upkeep
|turn|37
|
|t:|1757794290
|move|p1a: Ogerpon|Rock Tomb|p2a: Fezandipiti
|-damage|p2a: Fezandipiti|6/100
|-unboost|p2a: Fezandipiti|spe|1
|move|p2a: Fezandipiti|Roost|p2a: Fezandipiti
|-heal|p2a: Fezandipiti|56/100
|-singleturn|p2a: Fezandipiti|move: Roost
|
|-heal|p2a: Fezandipiti|62/100|[from] item: Leftovers
|upkeep
|turn|38
|
|t:|1757794300
|move|p1a: Ogerpon|Rock Tomb|p2a: Fezandipiti
|-damage|p2a: Fezandipiti|25/100
|-unboost|p2a: Fezandipiti|spe|1
|move|p2a: Fezandipiti|Roost|p2a: Fezandipiti
|-heal|p2a: Fezandipiti|75/100
|-singleturn|p2a: Fezandipiti|move: Roost
|
|-heal|p2a: Fezandipiti|81/100|[from] item: Leftovers
|upkeep
|turn|39
|
|t:|1757794310
|move|p1a: Ogerpon|Rock Tomb|p2a: Fezandipiti
|-damage|p2a: Fezandipiti|49/100
|-unboost|p2a: Fezandipiti|spe|1
|move|p2a: Fezandipiti|Heat Wave|p1a: Ogerpon
|-supereffective|p1a: Ogerpon
|-damage|p1a: Ogerpon|26/100
|-status|p1a: Ogerpon|tox|[from] ability: Toxic Chain|[of] p2a: Fezandipiti
|
|-heal|p2a: Fezandipiti|55/100|[from] item: Leftovers
|-damage|p1a: Ogerpon|20/100 tox|[from] psn
|upkeep
|turn|40
|-message|Mongo mofongo forfeited.
|
|win|Aggrhy
|raw|Mongo mofongo's rating: 1341 &rarr; <strong>1324</strong><br />(-17 for losing)
|raw|Aggrhy's rating: 1397 &rarr; <strong>1414</strong><br />(+17 for winning)
|l|☆Mongo mofongo
|player|p1|
|l|☆Aggrhy
|player|p2|
