|j|☆56dgdfj
|j|☆Baalveer001
|t:|1757912342
|gametype|singles
|player|p1|56dgdfj|bugcatcher-gen4dp|1270
|player|p2|Baalveer001|170|1215
|gen|9
|tier|[Gen 9] OU
|rated|
|rule|HP Percentage Mod: HP is shown in percentages
|rule|Endless Battle Clause: Forcing endless battles is banned
|rule|Species Clause: Limit one of each Pokémon
|rule|OHKO Clause: OHKO moves are banned
|rule|Evasion Items Clause: Evasion items are banned
|rule|Evasion Moves Clause: Evasion moves are banned
|rule|Evasion Abilities Clause: Evasion abilities are banned
|rule|Sleep Moves Clause: Sleep-inducing moves are banned
|clearpoke
|poke|p1|Thundurus-Therian, M|
|poke|p1|Cinderace, M|
|poke|p1|Quaquaval, M|
|poke|p1|Clefable, M|
|poke|p1|Pecharunt|
|poke|p1|Iron Boulder|
|poke|p2|Latios, M|
|poke|p2|Scizor, M|
|poke|p2|Okidogi, M|
|poke|p2|Iron Moth|
|poke|p2|Kleavor, M|
|poke|p2|Hoopa-Unbound|
|teampreview
|
|t:|1757912347
|teamsize|p1|6
|teamsize|p2|6
|start
|switch|p1a: Thundurus|Thundurus-Therian, M|100/100
|switch|p2a: Hoopa|Hoopa-Unbound|100/100
|turn|1
|
|t:|1757912352
|move|p2a: Hoopa|Future Sight|p1a: Thundurus
|-start|p2a: Hoopa|move: Future Sight
|move|p1a: Thundurus|Volt Switch|p2a: Hoopa
|-damage|p2a: Hoopa|42/100
|
|t:|1757912360
|switch|p1a: Quaquaval|Quaquaval, M|100/100|[from] Volt Switch
|
|upkeep
|turn|2
|inactive|Battle timer is ON: inactive players will automatically lose when time's up. (requested by 56dgdfj)
|
|t:|1757912437
|switch|p2a: Latios|Latios, M|100/100
|move|p1a: Quaquaval|Aqua Step|p2a: Latios
|-resisted|p2a: Latios
|-damage|p2a: Latios|70/100
|-boost|p1a: Quaquaval|spe|1
|
|-heal|p2a: Latios|76/100|[from] item: Leftovers
|upkeep
|turn|3
|
|t:|1757912448
|move|p1a: Quaquaval|Knock Off|p2a: Latios
|-supereffective|p2a: Latios
|-damage|p2a: Latios|0 fnt
|-enditem|p2a: Latios|Leftovers|[from] move: Knock Off|[of] p1a: Quaquaval
|faint|p2a: Latios
|-ability|p1a: Quaquaval|Moxie|boost
|-boost|p1a: Quaquaval|atk|1
|
|-end|p1a: Quaquaval|move: Future Sight
|-supereffective|p1a: Quaquaval
|-damage|p1a: Quaquaval|0 fnt
|faint|p1a: Quaquaval
|upkeep
|
|t:|1757912461
|switch|p2a: Hoopa|Hoopa-Unbound|42/100
|switch|p1a: Cinderace|Cinderace, M|100/100
|turn|4
|
|t:|1757912467
|move|p2a: Hoopa|Psychic|p1a: Cinderace
|-damage|p1a: Cinderace|11/100
|move|p1a: Cinderace|U-turn|p2a: Hoopa
|-start|p1a: Cinderace|typechange|Bug|[from] ability: Libero
|-supereffective|p2a: Hoopa
|-damage|p2a: Hoopa|0 fnt
|faint|p2a: Hoopa
|
|t:|1757912476
|switch|p1a: Thundurus|Thundurus-Therian, M|100/100|[from] U-turn
|
|upkeep
|
|t:|1757912485
|switch|p2a: Scizor|Scizor, M|100/100
|turn|5
|
|t:|1757912488
|move|p1a: Thundurus|Volt Switch|p2a: Scizor
|-damage|p2a: Scizor|15/100
|
|t:|1757912491
|switch|p1a: Cinderace|Cinderace, M|11/100|[from] Volt Switch
|move|p2a: Scizor|Swords Dance|p2a: Scizor
|-boost|p2a: Scizor|atk|2
|
|-heal|p2a: Scizor|21/100|[from] item: Leftovers
|upkeep
|turn|6
|
|t:|1757912494
|move|p1a: Cinderace|Sucker Punch|p2a: Scizor
|-start|p1a: Cinderace|typechange|Dark|[from] ability: Libero
|-damage|p2a: Scizor|0 fnt
|faint|p2a: Scizor
|
|upkeep
|
|t:|1757912504
|switch|p2a: Kleavor|Kleavor, M|100/100
|turn|7
|
|t:|1757912507
|move|p2a: Kleavor|Stone Axe|p1a: Cinderace
|-damage|p1a: Cinderace|0 fnt
|-sidestart|p1: 56dgdfj|move: Stealth Rock
|faint|p1a: Cinderace
|
|upkeep
|
|t:|1757912510
|switch|p1a: Clefable|Clefable, M|100/100
|turn|8
|
|t:|1757912513
|move|p2a: Kleavor|Stone Axe|p1a: Clefable
|-damage|p1a: Clefable|59/100
|move|p1a: Clefable|Thunder Wave|p2a: Kleavor
|-status|p2a: Kleavor|par
|
|-heal|p1a: Clefable|65/100|[from] item: Leftovers
|upkeep
|turn|9
|
|t:|1757912518
|move|p2a: Kleavor|Stone Axe|p1a: Clefable
|-damage|p1a: Clefable|22/100
|move|p1a: Clefable|Stealth Rock|p2a: Kleavor
|-sidestart|p2: Baalveer001|move: Stealth Rock
|
|-heal|p1a: Clefable|28/100|[from] item: Leftovers
|upkeep
|turn|10
|
|t:|1757912525
|move|p2a: Kleavor|Stone Axe|p1a: Clefable
|-damage|p1a: Clefable|0 fnt
|faint|p1a: Clefable
|
|upkeep
|
|t:|1757912528
|switch|p1a: Pecharunt|Pecharunt|100/100
|turn|11
|
|t:|1757912531
|move|p1a: Pecharunt|Hex|p2a: Kleavor
|-damage|p2a: Kleavor|9/100 par
|move|p2a: Kleavor|Stone Axe|p1a: Pecharunt
|-damage|p1a: Pecharunt|60/100
|
|upkeep
|turn|12
|
|t:|1757912537
|move|p1a: Pecharunt|Hex|p2a: Kleavor
|-damage|p2a: Kleavor|0 fnt
|faint|p2a: Kleavor
|
|upkeep
|
|t:|1757912544
|switch|p2a: Iron Moth|Iron Moth|100/100
|-damage|p2a: Iron Moth|76/100|[from] Stealth Rock
|-enditem|p2a: Iron Moth|Booster Energy
|-activate|p2a: Iron Moth|ability: Quark Drive|[fromitem]
|-start|p2a: Iron Moth|quarkdrivespa
|turn|13
|
|t:|1757912548
|move|p2a: Iron Moth|Fiery Dance|p1a: Pecharunt
|-damage|p1a: Pecharunt|0 fnt
|-boost|p2a: Iron Moth|spa|1
|faint|p1a: Pecharunt
|
|upkeep
|
|t:|1757912550
|switch|p1a: Iron Boulder|Iron Boulder|100/100
|-damage|p1a: Iron Boulder|88/100|[from] Stealth Rock
|-enditem|p1a: Iron Boulder|Booster Energy
|-activate|p1a: Iron Boulder|ability: Quark Drive|[fromitem]
|-start|p1a: Iron Boulder|quarkdrivespe
|turn|14
|
|t:|1757912562
|move|p1a: Iron Boulder|Mighty Cleave|p2a: Iron Moth
|-supereffective|p2a: Iron Moth
|-damage|p2a: Iron Moth|0 fnt
|faint|p2a: Iron Moth
|-end|p2a: Iron Moth|Quark Drive|[silent]
|
|upkeep
|
|t:|1757912566
|switch|p2a: Okidogi|Okidogi, M|100/100
|-damage|p2a: Okidogi|95/100|[from] Stealth Rock
|turn|15
|
|t:|1757912569
|move|p1a: Iron Boulder|Earthquake|p2a: Okidogi
|-supereffective|p2a: Okidogi
|-damage|p2a: Okidogi|29/100
|move|p2a: Okidogi|Drain Punch|p1a: Iron Boulder
|-damage|p1a: Iron Boulder|36/100
|-heal|p2a: Okidogi|55/100|[from] drain|[of] p1a: Iron Boulder
|
|-heal|p2a: Okidogi|61/100|[from] item: Leftovers
|upkeep
|turn|16
|
|t:|1757912577
|move|p1a: Iron Boulder|Earthquake|p2a: Okidogi
|-supereffective|p2a: Okidogi
|-damage|p2a: Okidogi|1/100
|move|p2a: Okidogi|Drain Punch|p1a: Iron Boulder
|-damage|p1a: Iron Boulder|0 fnt
|-heal|p2a: Okidogi|19/100|[from] drain|[of] p1a: Iron Boulder
|faint|p1a: Iron Boulder
|-end|p1a: Iron Boulder|Quark Drive|[silent]
|
|-heal|p2a: Okidogi|25/100|[from] item: Leftovers
|upkeep
|
|t:|1757912579
|switch|p1a: Thundurus|Thundurus-Therian, M|100/100
|-damage|p1a: Thundurus|76/100|[from] Stealth Rock
|turn|17
|l|☆Baalveer001
|inactive|Baalveer001 disconnected and has a minute to reconnect!
|player|p2|
|
|t:|1757912601
|-terastallize|p1a: Thundurus|Fairy
|move|p1a: Thundurus|Tera Blast|p2a: Okidogi|[anim] Tera Blast Fairy
|-damage|p2a: Okidogi|0 fnt
|faint|p2a: Okidogi
|
|win|56dgdfj
|raw|56dgdfj's rating: 1270 &rarr; <strong>1291</strong><br />(+21 for winning)
|raw|Baalveer001's rating: 1215 &rarr; <strong>1194</strong><br />(-21 for losing)
|l|☆56dgdfj
|player|p1|
