|j|☆Mestregriffins
|j|☆Rhyenn
|t:|1757911565
|gametype|singles
|player|p1|Mestregriffins|palmer|1070
|player|p2|Rhyenn|infielder|1131
|gen|9
|tier|[Gen 9] OU
|rated|
|rule|HP Percentage Mod: HP is shown in percentages
|rule|Endless Battle Clause: Forcing endless battles is banned
|rule|Species Clause: Limit one of each Pokémon
|rule|OHKO Clause: OHKO moves are banned
|rule|Evasion Items Clause: Evasion items are banned
|rule|Evasion Moves Clause: Evasion moves are banned
|rule|Evasion Abilities Clause: Evasion abilities are banned
|rule|Sleep Moves Clause: Sleep-inducing moves are banned
|clearpoke
|poke|p1|Sandaconda, F|
|poke|p1|Tyranitar, F|
|poke|p1|Excadrill, M|
|poke|p1|Kommo-o, F|
|poke|p1|Gastrodon, F|
|poke|p1|Scizor, F|
|poke|p2|Zamazenta-*|
|poke|p2|Hoopa-Unbound|
|poke|p2|Iron Moth|
|poke|p2|Kingambit, M|
|poke|p2|Hatterene, F|
|poke|p2|Landorus-Therian, M|
|teampreview
|inactive|Battle timer is ON: inactive players will automatically lose when time's up. (requested by Mestregriffins)
|
|t:|1757911571
|teamsize|p1|6
|teamsize|p2|6
|start
|switch|p1a: Sandaconda|Sandaconda, F|100/100
|switch|p2a: Hat Witch|Hatterene, F, shiny|100/100
|turn|1
|
|t:|1757911579
|move|p1a: Sandaconda|Earthquake|p2a: Hat Witch
|-damage|p2a: Hat Witch|48/100
|move|p2a: Hat Witch|Psychic Noise|p1a: Sandaconda
|-damage|p1a: Sandaconda|33/100
|-start|p1a: Sandaconda|move: Heal Block
|-weather|Sandstorm|[from] ability: Sand Spit|[of] p1a: Sandaconda
|
|-weather|Sandstorm|[upkeep]
|-damage|p2a: Hat Witch|42/100|[from] Sandstorm
|-heal|p2a: Hat Witch|48/100|[from] item: Leftovers
|upkeep
|turn|2
|
|t:|1757911592
|switch|p2a: Garfield|Landorus-Therian, M, shiny|100/100
|-ability|p2a: Garfield|Intimidate|boost
|-unboost|p1a: Sandaconda|atk|1
|move|p1a: Sandaconda|Earthquake|p2a: Garfield
|-immune|p2a: Garfield
|
|-weather|Sandstorm|[upkeep]
|-end|p1a: Sandaconda|move: Heal Block
|upkeep
|turn|3
|
|t:|1757911606
|switch|p1a: Gastrodon|Gastrodon, F|100/100
|move|p2a: Garfield|Taunt|p1a: Gastrodon
|-start|p1a: Gastrodon|move: Taunt
|
|-weather|Sandstorm|[upkeep]
|upkeep
|turn|4
|
|t:|1757911615
|move|p2a: Garfield|Stealth Rock|p1a: Gastrodon
|-sidestart|p1: Mestregriffins|move: Stealth Rock
|move|p1a: Gastrodon|Ice Beam|p2a: Garfield
|-supereffective|p2a: Garfield
|-damage|p2a: Garfield|9/100
|
|-weather|Sandstorm|[upkeep]
|upkeep
|turn|5
|
|t:|1757911623
|move|p2a: Garfield|U-turn|p1a: Gastrodon
|-damage|p1a: Gastrodon|80/100
|-damage|p2a: Garfield|0 fnt|[from] item: Rocky Helmet|[of] p1a: Gastrodon
|faint|p2a: Garfield
|move|p1a: Gastrodon|Ice Beam|p2: Garfield|[notarget]
|-fail|p1a: Gastrodon
|
|-weather|none
|-end|p1a: Gastrodon|move: Taunt
|upkeep
|
|t:|1757911635
|switch|p2a: Motthew|Iron Moth|100/100
|turn|6
|
|t:|1757911643
|switch|p1a: Sandaconda|Sandaconda, F|33/100
|-damage|p1a: Sandaconda|27/100|[from] Stealth Rock
|move|p2a: Motthew|Energy Ball|p1a: Sandaconda
|-supereffective|p1a: Sandaconda
|-damage|p1a: Sandaconda|0 fnt
|-weather|Sandstorm|[from] ability: Sand Spit|[of] p1a: Sandaconda
|faint|p1a: Sandaconda
|
|-weather|Sandstorm|[upkeep]
|-damage|p2a: Motthew|95/100|[from] Sandstorm
|upkeep
|
|t:|1757911655
|switch|p1a: Excadrill|Excadrill, M|100/100
|-damage|p1a: Excadrill|97/100|[from] Stealth Rock
|-item|p1a: Excadrill|Air Balloon
|turn|7
|
|t:|1757911663
|-end|p2a: Motthew|Quark Drive|[silent]
|switch|p2a: Show Gun|Kingambit, M, shiny|100/100
|-activate|p2a: Show Gun|ability: Supreme Overlord
|-start|p2a: Show Gun|fallen1|[silent]
|move|p1a: Excadrill|Rapid Spin|p2a: Show Gun
|-resisted|p2a: Show Gun
|-damage|p2a: Show Gun|94/100
|-boost|p1a: Excadrill|spe|1
|-damage|p1a: Excadrill|81/100|[from] item: Rocky Helmet|[of] p2a: Show Gun
|-sideend|p1: Mestregriffins|Stealth Rock|[from] move: Rapid Spin|[of] p1a: Excadrill
|
|-weather|Sandstorm|[upkeep]
|upkeep
|turn|8
|
|t:|1757911682
|-terastallize|p2a: Show Gun|Ghost
|move|p2a: Show Gun|Sucker Punch|p1a: Excadrill
|-damage|p1a: Excadrill|18/100
|-enditem|p1a: Excadrill|Air Balloon
|move|p1a: Excadrill|Earthquake|p2a: Show Gun
|-damage|p2a: Show Gun|54/100
|
|-weather|Sandstorm|[upkeep]
|-damage|p2a: Show Gun|48/100|[from] Sandstorm
|upkeep
|turn|9
|
|t:|1757911700
|switch|p1a: Gastrodon|Gastrodon, F|80/100
|move|p2a: Show Gun|Stealth Rock|p1a: Gastrodon
|-sidestart|p1: Mestregriffins|move: Stealth Rock
|
|-weather|Sandstorm|[upkeep]
|-damage|p2a: Show Gun|42/100|[from] Sandstorm
|upkeep
|turn|10
|
|t:|1757911711
|-end|p2a: Show Gun|fallen1|[silent]
|switch|p2a: Motthew|Iron Moth|95/100
|move|p1a: Gastrodon|Spikes|p2a: Motthew
|-sidestart|p2: Rhyenn|Spikes
|
|-weather|none
|upkeep
|turn|11
|
|t:|1757911724
|switch|p1a: Scizor|Scizor, F|100/100
|-damage|p1a: Scizor|88/100|[from] Stealth Rock
|move|p2a: Motthew|Flamethrower|p1a: Scizor
|-supereffective|p1a: Scizor
|-crit|p1a: Scizor
|-damage|p1a: Scizor|0 fnt
|faint|p1a: Scizor
|
|upkeep
|
|t:|1757911733
|switch|p1a: Tyranitar|Tyranitar, F|100/100
|-damage|p1a: Tyranitar|88/100|[from] Stealth Rock
|-weather|Sandstorm|[from] ability: Sand Stream|[of] p1a: Tyranitar
|turn|12
|
|t:|1757911740
|move|p2a: Motthew|Energy Ball|p1a: Tyranitar
|-supereffective|p1a: Tyranitar
|-damage|p1a: Tyranitar|61/100
|move|p1a: Tyranitar|Earthquake|p2a: Motthew
|-supereffective|p2a: Motthew
|-damage|p2a: Motthew|0 fnt
|faint|p2a: Motthew
|-end|p2a: Motthew|Quark Drive|[silent]
|
|-weather|Sandstorm|[upkeep]
|upkeep
|
|t:|1757911756
|switch|p2a: Pinky|Zamazenta, shiny|100/100
|-damage|p2a: Pinky|88/100|[from] Spikes
|-ability|p2a: Pinky|Dauntless Shield|boost
|-boost|p2a: Pinky|def|1
|turn|13
|
|t:|1757911762
|switch|p1a: Gastrodon|Gastrodon, F|80/100
|-damage|p1a: Gastrodon|74/100|[from] Stealth Rock
|move|p2a: Pinky|Body Press|p1a: Gastrodon
|-damage|p1a: Gastrodon|38/100
|-damage|p2a: Pinky|72/100|[from] item: Rocky Helmet|[of] p1a: Gastrodon
|
|-weather|Sandstorm|[upkeep]
|-damage|p2a: Pinky|65/100|[from] Sandstorm
|-heal|p2a: Pinky|72/100|[from] item: Leftovers
|upkeep
|turn|14
|
|t:|1757911775
|move|p2a: Pinky|Substitute|p2a: Pinky
|-start|p2a: Pinky|Substitute
|-damage|p2a: Pinky|47/100
|move|p1a: Gastrodon|Recover|p1a: Gastrodon
|-heal|p1a: Gastrodon|88/100
|
|-weather|Sandstorm|[upkeep]
|-damage|p2a: Pinky|41/100|[from] Sandstorm
|-heal|p2a: Pinky|47/100|[from] item: Leftovers
|upkeep
|turn|15
|
|t:|1757911785
|move|p2a: Pinky|Iron Defense|p2a: Pinky
|-boost|p2a: Pinky|def|2
|move|p1a: Gastrodon|Earthquake|p2a: Pinky
|-activate|p2a: Pinky|move: Substitute|[damage]
|
|-weather|Sandstorm|[upkeep]
|-damage|p2a: Pinky|41/100|[from] Sandstorm
|-heal|p2a: Pinky|47/100|[from] item: Leftovers
|upkeep
|turn|16
|
|t:|1757911794
|move|p2a: Pinky|Iron Defense|p2a: Pinky
|-boost|p2a: Pinky|def|2
|move|p1a: Gastrodon|Ice Beam|p2a: Pinky
|-activate|p2a: Pinky|move: Substitute|[damage]
|
|-weather|Sandstorm|[upkeep]
|-damage|p2a: Pinky|41/100|[from] Sandstorm
|-heal|p2a: Pinky|47/100|[from] item: Leftovers
|upkeep
|turn|17
|
|t:|1757911806
|move|p2a: Pinky|Iron Defense|p2a: Pinky
|-boost|p2a: Pinky|def|1
|move|p1a: Gastrodon|Ice Beam|p2a: Pinky
|-end|p2a: Pinky|Substitute
|
|-weather|Sandstorm|[upkeep]
|-damage|p2a: Pinky|41/100|[from] Sandstorm
|-heal|p2a: Pinky|47/100|[from] item: Leftovers
|upkeep
|turn|18
|
|t:|1757911815
|move|p2a: Pinky|Substitute|p2a: Pinky
|-start|p2a: Pinky|Substitute
|-damage|p2a: Pinky|22/100
|move|p1a: Gastrodon|Ice Beam|p2a: Pinky
|-activate|p2a: Pinky|move: Substitute|[damage]
|
|-weather|Sandstorm|[upkeep]
|-damage|p2a: Pinky|16/100|[from] Sandstorm
|-heal|p2a: Pinky|22/100|[from] item: Leftovers
|upkeep
|turn|19
|
|t:|1757911825
|move|p2a: Pinky|Body Press|p1a: Gastrodon
|-crit|p1a: Gastrodon
|-damage|p1a: Gastrodon|0 fnt
|-damage|p2a: Pinky|5/100|[from] item: Rocky Helmet|[of] p1a: Gastrodon
|faint|p1a: Gastrodon
|
|-weather|none
|-heal|p2a: Pinky|12/100|[from] item: Leftovers
|upkeep
|
|t:|1757911834
|switch|p1a: Tyranitar|Tyranitar, F|61/100
|-damage|p1a: Tyranitar|49/100|[from] Stealth Rock
|-weather|Sandstorm|[from] ability: Sand Stream|[of] p1a: Tyranitar
|turn|20
|
|t:|1757911845
|move|p2a: Pinky|Body Press|p1a: Tyranitar
|-supereffective|p1a: Tyranitar
|-damage|p1a: Tyranitar|0 fnt
|faint|p1a: Tyranitar
|
|-weather|Sandstorm|[upkeep]
|-damage|p2a: Pinky|5/100|[from] Sandstorm
|-heal|p2a: Pinky|12/100|[from] item: Leftovers
|upkeep
|
|t:|1757911853
|switch|p1a: Excadrill|Excadrill, M|18/100
|-damage|p1a: Excadrill|15/100|[from] Stealth Rock
|turn|21
|
|t:|1757911861
|move|p1a: Excadrill|Earthquake|p2a: Pinky
|-end|p2a: Pinky|Substitute
|move|p2a: Pinky|Body Press|p1a: Excadrill
|-supereffective|p1a: Excadrill
|-damage|p1a: Excadrill|0 fnt
|faint|p1a: Excadrill
|
|-weather|Sandstorm|[upkeep]
|-damage|p2a: Pinky|5/100|[from] Sandstorm
|-heal|p2a: Pinky|12/100|[from] item: Leftovers
|upkeep
|
|t:|1757911871
|switch|p1a: Kommo-o|Kommo-o, F|100/100
|-damage|p1a: Kommo-o|94/100|[from] Stealth Rock
|turn|22
|
|t:|1757911877
|move|p2a: Pinky|Body Press|p1a: Kommo-o
|-damage|p1a: Kommo-o|0 fnt
|faint|p1a: Kommo-o
|
|win|Rhyenn
|raw|Mestregriffins's rating: 1070 &rarr; <strong>1053</strong><br />(-17 for losing)
|raw|Rhyenn's rating: 1131 &rarr; <strong>1152</strong><br />(+21 for winning)
|l|☆Mestregriffins
|player|p1|
