|j|☆lueyougonde
|j|☆jorgemmo
|t:|1757916665
|gametype|singles
|player|p1|lueyougonde|lucas|1117
|player|p2|jorgemmo|101|1117
|gen|9
|tier|[Gen 9] OU
|rated|
|rule|HP Percentage Mod: HP is shown in percentages
|rule|Endless Battle Clause: Forcing endless battles is banned
|rule|Species Clause: Limit one of each Pokémon
|rule|OHKO Clause: OHKO moves are banned
|rule|Evasion Items Clause: Evasion items are banned
|rule|Evasion Moves Clause: Evasion moves are banned
|rule|Evasion Abilities Clause: Evasion abilities are banned
|rule|Sleep Moves Clause: Sleep-inducing moves are banned
|clearpoke
|poke|p1|Tyranitar, M|
|poke|p1|Excadrill, F|
|poke|p1|Keldeo-Resolute|
|poke|p1|Tornadus-Therian, M|
|poke|p1|Heatran, F|
|poke|p1|Hydrapple, M|
|poke|p2|Lokix, F|
|poke|p2|Garganacl, M|
|poke|p2|Dragapult, F|
|poke|p2|Weezing-Galar, F|
|poke|p2|Kilowattrel, M|
|poke|p2|Metagross|
|teampreview
|inactive|Battle timer is ON: inactive players will automatically lose when time's up. (requested by lueyougonde)
|
|t:|1757916672
|teamsize|p1|6
|teamsize|p2|6
|start
|switch|p1a: Tyranitar|Tyranitar, M|100/100
|switch|p2a: Kilowattrel|Kilowattrel, M|100/100
|-weather|Sandstorm|[from] ability: Sand Stream|[of] p1a: Tyranitar
|turn|1
|
|t:|1757916681
|move|p2a: Kilowattrel|Volt Switch|p1a: Tyranitar
|-damage|p1a: Tyranitar|76/100
|
|t:|1757916684
|switch|p2a: Weezing|Weezing-Galar, F|100/100|[from] Volt Switch
|move|p1a: Tyranitar|Knock Off|p2a: Weezing
|-resisted|p2a: Weezing
|-damage|p2a: Weezing|71/100
|-damage|p1a: Tyranitar|59/100|[from] item: Rocky Helmet|[of] p2a: Weezing
|-enditem|p2a: Weezing|Rocky Helmet|[from] move: Knock Off|[of] p1a: Tyranitar
|
|-weather|Sandstorm|[upkeep]
|-damage|p2a: Weezing|65/100|[from] Sandstorm
|upkeep
|turn|2
|
|t:|1757916706
|switch|p1a: Heatran|Heatran, F|100/100
|move|p2a: Weezing|Strange Steam|p1a: Heatran
|-resisted|p1a: Heatran
|-damage|p1a: Heatran|96/100
|
|-weather|Sandstorm|[upkeep]
|-damage|p2a: Weezing|59/100|[from] Sandstorm
|-heal|p1a: Heatran|100/100|[from] item: Leftovers
|upkeep
|turn|3
|
|t:|1757916718
|move|p1a: Heatran|Stealth Rock|p2a: Weezing
|-sidestart|p2: jorgemmo|move: Stealth Rock
|move|p2a: Weezing|Pain Split|p1a: Heatran
|-sethp|p1a: Heatran|76/100|[from] move: Pain Split|[silent]
|-sethp|p2a: Weezing|87/100|[from] move: Pain Split
|
|-weather|Sandstorm|[upkeep]
|-damage|p2a: Weezing|81/100|[from] Sandstorm
|-heal|p1a: Heatran|82/100|[from] item: Leftovers
|upkeep
|turn|4
|
|t:|1757916729
|move|p1a: Heatran|Magma Storm|p2a: Weezing|[miss]
|-miss|p1a: Heatran|p2a: Weezing
|move|p2a: Weezing|Defog|p1a: Heatran
|-unboost|p1a: Heatran|evasion|1
|-sideend|p2: jorgemmo|Stealth Rock|[from] move: Defog|[of] p2a: Weezing
|
|-weather|Sandstorm|[upkeep]
|-damage|p2a: Weezing|75/100|[from] Sandstorm
|-heal|p1a: Heatran|88/100|[from] item: Leftovers
|upkeep
|turn|5
|
|t:|1757916740
|switch|p2a: Garganacl|Garganacl, M|100/100
|move|p1a: Heatran|Stealth Rock|p2a: Garganacl
|-sidestart|p2: jorgemmo|move: Stealth Rock
|
|-weather|none
|-heal|p1a: Heatran|94/100|[from] item: Leftovers
|upkeep
|turn|6
|
|t:|1757916749
|move|p1a: Heatran|Earth Power|p2a: Garganacl
|-supereffective|p2a: Garganacl
|-damage|p2a: Garganacl|61/100
|move|p2a: Garganacl|Salt Cure|p1a: Heatran
|-damage|p1a: Heatran|83/100
|-start|p1a: Heatran|Salt Cure
|
|-heal|p1a: Heatran|89/100|[from] item: Leftovers
|-heal|p2a: Garganacl|68/100|[from] item: Leftovers
|-damage|p1a: Heatran|64/100|[from] Salt Cure
|upkeep
|turn|7
|
|t:|1757916761
|switch|p1a: Hydrapple|Hydrapple, M|100/100
|move|p2a: Garganacl|Stealth Rock|p1a: Hydrapple
|-sidestart|p1: lueyougonde|move: Stealth Rock
|
|-heal|p2a: Garganacl|74/100|[from] item: Leftovers
|upkeep
|turn|8
|
|t:|1757916773
|-terastallize|p2a: Garganacl|Ghost
|move|p1a: Hydrapple|Fickle Beam|p2a: Garganacl
|-damage|p2a: Garganacl|46/100
|move|p2a: Garganacl|Salt Cure|p1a: Hydrapple
|-crit|p1a: Hydrapple
|-damage|p1a: Hydrapple|90/100
|-start|p1a: Hydrapple|Salt Cure
|
|-heal|p2a: Garganacl|52/100|[from] item: Leftovers
|-damage|p1a: Hydrapple|77/100|[from] Salt Cure
|upkeep
|turn|9
|
|t:|1757916787
|move|p1a: Hydrapple|Giga Drain|p2a: Garganacl
|-damage|p2a: Garganacl|27/100
|-heal|p1a: Hydrapple|90/100|[from] drain|[of] p2a: Garganacl
|move|p2a: Garganacl|Recover|p2a: Garganacl
|-heal|p2a: Garganacl|77/100
|
|-heal|p2a: Garganacl|83/100|[from] item: Leftovers
|-damage|p1a: Hydrapple|77/100|[from] Salt Cure
|upkeep
|turn|10
|
|t:|1757916802
|switch|p1a: Tyranitar|Tyranitar, M|59/100
|-damage|p1a: Tyranitar|47/100|[from] Stealth Rock
|-weather|Sandstorm|[from] ability: Sand Stream|[of] p1a: Tyranitar
|switch|p2a: Lokix|Lokix, F|100/100
|-damage|p2a: Lokix|76/100|[from] Stealth Rock
|
|-weather|Sandstorm|[upkeep]
|-damage|p2a: Lokix|70/100|[from] Sandstorm
|upkeep
|turn|11
|
|t:|1757916816
|switch|p1a: Hydrapple|Hydrapple, M|100/100
|-damage|p1a: Hydrapple|88/100|[from] Stealth Rock
|move|p2a: Lokix|U-turn|p1a: Hydrapple
|-supereffective|p1a: Hydrapple
|-damage|p1a: Hydrapple|28/100
|-damage|p2a: Lokix|53/100|[from] item: Rocky Helmet|[of] p1a: Hydrapple
|
|t:|1757916831
|switch|p2a: Garganacl|Garganacl, M, tera:Ghost|83/100|[from] U-turn
|-damage|p2a: Garganacl|71/100|[from] Stealth Rock
|
|-weather|Sandstorm|[upkeep]
|-damage|p1a: Hydrapple|22/100|[from] Sandstorm
|-damage|p2a: Garganacl|65/100|[from] Sandstorm
|-heal|p2a: Garganacl|71/100|[from] item: Leftovers
|upkeep
|turn|12
|
|t:|1757916845
|switch|p1a: Excadrill|Excadrill, F|100/100
|-damage|p1a: Excadrill|97/100|[from] Stealth Rock
|-item|p1a: Excadrill|Air Balloon
|move|p2a: Garganacl|Salt Cure|p1a: Excadrill
|-resisted|p1a: Excadrill
|-damage|p1a: Excadrill|93/100
|-start|p1a: Excadrill|Salt Cure
|-enditem|p1a: Excadrill|Air Balloon
|
|-weather|Sandstorm|[upkeep]
|-damage|p2a: Garganacl|65/100|[from] Sandstorm
|-heal|p2a: Garganacl|71/100|[from] item: Leftovers
|-damage|p1a: Excadrill|68/100|[from] Salt Cure
|upkeep
|turn|13
|
|t:|1757916863
|move|p1a: Excadrill|Earthquake|p2a: Garganacl
|-damage|p2a: Garganacl|37/100
|move|p2a: Garganacl|Recover|p2a: Garganacl
|-heal|p2a: Garganacl|87/100
|
|-weather|Sandstorm|[upkeep]
|-damage|p2a: Garganacl|81/100|[from] Sandstorm
|-heal|p2a: Garganacl|87/100|[from] item: Leftovers
|-damage|p1a: Excadrill|43/100|[from] Salt Cure
|upkeep
|turn|14
|
|t:|1757916877
|switch|p1a: Tyranitar|Tyranitar, M|47/100
|-damage|p1a: Tyranitar|35/100|[from] Stealth Rock
|move|p2a: Garganacl|Salt Cure|p1a: Tyranitar
|-damage|p1a: Tyranitar|20/100
|-start|p1a: Tyranitar|Salt Cure
|
|-weather|none
|-heal|p2a: Garganacl|94/100|[from] item: Leftovers
|-damage|p1a: Tyranitar|8/100|[from] Salt Cure
|upkeep
|turn|15
|
|t:|1757916889
|move|p1a: Tyranitar|Knock Off|p2a: Garganacl
|-supereffective|p2a: Garganacl
|-crit|p2a: Garganacl
|-damage|p2a: Garganacl|0 fnt
|-enditem|p2a: Garganacl|Leftovers|[from] move: Knock Off|[of] p1a: Tyranitar
|faint|p2a: Garganacl
|
|-damage|p1a: Tyranitar|0 fnt|[from] Salt Cure
|faint|p1a: Tyranitar
|upkeep
|
|t:|1757916901
|switch|p1a: Hydrapple|Hydrapple, M|56/100
|switch|p2a: Metagross|Metagross|100/100
|-damage|p2a: Metagross|95/100|[from] Stealth Rock
|-damage|p1a: Hydrapple|43/100|[from] Stealth Rock
|turn|16
|
|t:|1757916913
|move|p2a: Metagross|Knock Off|p1a: Hydrapple
|-damage|p1a: Hydrapple|22/100
|-damage|p2a: Metagross|78/100|[from] item: Rocky Helmet|[of] p1a: Hydrapple
|-enditem|p1a: Hydrapple|Rocky Helmet|[from] move: Knock Off|[of] p2a: Metagross
|move|p1a: Hydrapple|Earth Power|p2a: Metagross
|-supereffective|p2a: Metagross
|-damage|p2a: Metagross|22/100
|
|upkeep
|turn|17
|
|t:|1757916923
|switch|p2a: Kilowattrel|Kilowattrel, M|100/100
|-damage|p2a: Kilowattrel|76/100|[from] Stealth Rock
|switch|p1a: Tornadus|Tornadus-Therian, M|100/100
|
|upkeep
|turn|18
|
|t:|1757916934
|switch|p1a: Excadrill|Excadrill, F|43/100
|-damage|p1a: Excadrill|40/100|[from] Stealth Rock
|move|p2a: Kilowattrel|Volt Switch|p1a: Excadrill
|-immune|p1a: Excadrill
|
|upkeep
|turn|19
|
|t:|1757916955
|switch|p2a: Weezing|Weezing-Galar, F|75/100
|-damage|p2a: Weezing|63/100|[from] Stealth Rock
|move|p1a: Excadrill|Earthquake|p2a: Weezing
|-immune|p2a: Weezing|[from] ability: Levitate
|
|upkeep
|turn|20
|
|t:|1757916964
|move|p1a: Excadrill|Iron Head|p2a: Weezing
|-supereffective|p2a: Weezing
|-damage|p2a: Weezing|0 fnt
|faint|p2a: Weezing
|
|upkeep
|
|t:|1757916975
|switch|p2a: Dragapult|Dragapult, F|100/100
|-damage|p2a: Dragapult|88/100|[from] Stealth Rock
|turn|21
|
|t:|1757916981
|move|p2a: Dragapult|Flamethrower|p1a: Excadrill
|-supereffective|p1a: Excadrill
|-damage|p1a: Excadrill|0 fnt
|faint|p1a: Excadrill
|
|upkeep
|
|t:|1757916993
|switch|p1a: Heatran|Heatran, F|64/100
|-damage|p1a: Heatran|52/100|[from] Stealth Rock
|turn|22
|
|t:|1757917003
|switch|p2a: Metagross|Metagross|22/100
|-damage|p2a: Metagross|16/100|[from] Stealth Rock
|move|p1a: Heatran|Magma Storm|p2a: Metagross
|-supereffective|p2a: Metagross
|-damage|p2a: Metagross|0 fnt
|faint|p2a: Metagross
|
|-heal|p1a: Heatran|58/100|[from] item: Leftovers
|upkeep
|
|t:|1757917013
|switch|p2a: Dragapult|Dragapult, F|88/100
|-damage|p2a: Dragapult|76/100|[from] Stealth Rock
|turn|23
|
|t:|1757917025
|move|p2a: Dragapult|Draco Meteor|p1a: Heatran
|-resisted|p1a: Heatran
|-damage|p1a: Heatran|33/100
|-unboost|p2a: Dragapult|spa|2
|move|p1a: Heatran|Magma Storm|p2a: Dragapult
|-resisted|p2a: Dragapult
|-damage|p2a: Dragapult|48/100
|-activate|p2a: Dragapult|move: Magma Storm|[of] p1a: Heatran
|
|-heal|p1a: Heatran|39/100|[from] item: Leftovers
|-damage|p2a: Dragapult|35/100|[from] move: Magma Storm|[partiallytrapped]
|upkeep
|turn|24
|-message|jorgemmo forfeited.
|
|win|lueyougonde
|raw|lueyougonde's rating: 1117 &rarr; <strong>1142</strong><br />(+25 for winning)
|raw|jorgemmo's rating: 1117 &rarr; <strong>1092</strong><br />(-25 for losing)
|l|☆jorgemmo
|player|p2|
|l|☆lueyougonde
|player|p1|
