|j|☆ggdtzera
|j|☆Trainer Willie
|t:|1757825329
|gametype|singles
|player|p1|ggdtzera|170|1063
|player|p2|Trainer Willie|hilbert|1092
|gen|9
|tier|[Gen 9] OU
|rated|
|rule|HP Percentage Mod: HP is shown in percentages
|rule|Endless Battle Clause: Forcing endless battles is banned
|rule|Species Clause: Limit one of each Pokémon
|rule|OHKO Clause: OHKO moves are banned
|rule|Evasion Items Clause: Evasion items are banned
|rule|Evasion Moves Clause: Evasion moves are banned
|rule|Evasion Abilities Clause: Evasion abilities are banned
|rule|Sleep Moves Clause: Sleep-inducing moves are banned
|clearpoke
|poke|p1|Appletun, M|
|poke|p1|Muk-Alola, F|
|poke|p1|Hydrapple, M|
|poke|p1|Komala, F|
|poke|p1|Incineroar, M|
|poke|p1|Landorus-Therian, M|
|poke|p2|Gallade, M|
|poke|p2|Meowscarada, M|
|poke|p2|Tinkaton, F|
|poke|p2|Skeledirge, M|
|poke|p2|Delphox, M|
|poke|p2|Zoroark-Hisui, F|
|teampreview
|inactive|Battle timer is ON: inactive players will automatically lose when time's up. (requested by Trainer Willie)
|inactive|ggdtzera also wants the timer to be on.
|
|t:|1757825337
|teamsize|p1|6
|teamsize|p2|6
|start
|switch|p1a: Landorus|Landorus-Therian, M|100/100
|switch|p2a: Delphox|Delphox, M|100/100
|-ability|p1a: Landorus|Intimidate|boost
|-unboost|p2a: Delphox|atk|1
|turn|1
|
|t:|1757825341
|move|p2a: Delphox|Substitute|p2a: Delphox
|-start|p2a: Delphox|Substitute
|-damage|p2a: Delphox|76/100
|move|p1a: Landorus|U-turn|p2a: Delphox
|-end|p2a: Delphox|Substitute
|
|t:|1757825347
|switch|p1a: Incineroar|Incineroar, M|100/100|[from] U-turn
|-ability|p1a: Incineroar|Intimidate|boost
|-unboost|p2a: Delphox|atk|1
|
|upkeep
|turn|2
|
|t:|1757825352
|move|p1a: Incineroar|Fake Out|p2a: Delphox
|-damage|p2a: Delphox|60/100
|cant|p2a: Delphox|flinch
|
|upkeep
|turn|3
|
|t:|1757825357
|move|p2a: Delphox|Substitute|p2a: Delphox
|-start|p2a: Delphox|Substitute
|-damage|p2a: Delphox|36/100
|move|p1a: Incineroar|Knock Off|p2a: Delphox
|-supereffective|p2a: Delphox
|-end|p2a: Delphox|Substitute
|
|upkeep
|turn|4
|
|t:|1757825366
|move|p2a: Delphox|Confuse Ray|p1a: Incineroar
|-start|p1a: Incineroar|confusion
|-activate|p1a: Incineroar|confusion
|-damage|p1a: Incineroar|91/100|[from] confusion
|
|-heal|p1a: Incineroar|97/100|[from] item: Leftovers
|upkeep
|turn|5
|
|t:|1757825371
|move|p2a: Delphox|Substitute|p2a: Delphox
|-start|p2a: Delphox|Substitute
|-damage|p2a: Delphox|11/100
|-activate|p1a: Incineroar|confusion
|move|p1a: Incineroar|Knock Off|p2a: Delphox
|-supereffective|p2a: Delphox
|-end|p2a: Delphox|Substitute
|
|-heal|p1a: Incineroar|100/100|[from] item: Leftovers
|upkeep
|turn|6
|
|t:|1757825376
|move|p2a: Delphox|Mystical Fire|p1a: Incineroar
|-resisted|p1a: Incineroar
|-damage|p1a: Incineroar|88/100
|-unboost|p1a: Incineroar|spa|1
|-item|p2a: Delphox|Leftovers|[from] ability: Magician|[of] p1a: Incineroar
|-activate|p1a: Incineroar|confusion
|-damage|p1a: Incineroar|79/100|[from] confusion
|
|-heal|p2a: Delphox|17/100|[from] item: Leftovers
|upkeep
|turn|7
|
|t:|1757825386
|move|p2a: Delphox|Mystical Fire|p1a: Incineroar
|-resisted|p1a: Incineroar
|-damage|p1a: Incineroar|66/100
|-unboost|p1a: Incineroar|spa|1
|-activate|p1a: Incineroar|confusion
|move|p1a: Incineroar|Knock Off|p2a: Delphox
|-supereffective|p2a: Delphox
|-damage|p2a: Delphox|0 fnt
|-enditem|p2a: Delphox|Leftovers|[from] move: Knock Off|[of] p1a: Incineroar
|faint|p2a: Delphox
|
|upkeep
|
|t:|1757825395
|switch|p2a: Gallade|Gallade, M|100/100
|turn|8
|
|t:|1757825407
|switch|p1a: Muk|Muk-Alola, F|100/100
|move|p2a: Gallade|Agility|p2a: Gallade
|-boost|p2a: Gallade|spe|2
|
|upkeep
|turn|9
|
|t:|1757825425
|move|p2a: Gallade|Sacred Sword|p1a: Muk
|-damage|p1a: Muk|38/100
|-enditem|p1a: Muk|Aguav Berry|[eat]
|-heal|p1a: Muk|72/100|[from] item: Aguav Berry
|move|p1a: Muk|Poison Jab|p2a: Gallade
|-damage|p2a: Gallade|49/100
|
|upkeep
|turn|10
|inactive|ggdtzera has 120 seconds left.
|
|t:|1757825469
|move|p2a: Gallade|Air Slash|p1a: Muk
|-damage|p1a: Muk|57/100
|move|p1a: Muk|Poison Jab|p2a: Gallade
|-damage|p2a: Gallade|0 fnt
|faint|p2a: Gallade
|
|upkeep
|
|t:|1757825477
|switch|p2a: Tinkaton|Tinkaton, F, shiny|100/100
|-ability|p2a: Tinkaton|Mold Breaker
|turn|11
|
|t:|1757825484
|move|p2a: Tinkaton|Swords Dance|p2a: Tinkaton
|-boost|p2a: Tinkaton|atk|2
|move|p1a: Muk|Recycle|p1a: Muk
|-item|p1a: Muk|Aguav Berry|[from] move: Recycle
|
|upkeep
|turn|12
|
|t:|1757825492
|move|p2a: Tinkaton|Gigaton Hammer|p1a: Muk
|-damage|p1a: Muk|0 fnt
|faint|p1a: Muk
|
|upkeep
|inactive|ggdtzera has 120 seconds left.
|inactive|ggdtzera has 90 seconds left.
|
|t:|1757825533
|switch|p1a: Landorus|Landorus-Therian, M|100/100
|-ability|p1a: Landorus|Intimidate|boost
|-unboost|p2a: Tinkaton|atk|1
|turn|13
|
|t:|1757825550
|move|p2a: Tinkaton|Swords Dance|p2a: Tinkaton
|-boost|p2a: Tinkaton|atk|2
|move|p1a: Landorus|Earth Power|p2a: Tinkaton
|-supereffective|p2a: Tinkaton
|-damage|p2a: Tinkaton|11/100
|
|upkeep
|turn|14
|
|t:|1757825557
|move|p2a: Tinkaton|Gigaton Hammer|p1a: Landorus
|-damage|p1a: Landorus|0 fnt
|faint|p1a: Landorus
|
|upkeep
|
|t:|1757825562
|switch|p1a: Incineroar|Incineroar, M|66/100
|-ability|p1a: Incineroar|Intimidate|boost
|-unboost|p2a: Tinkaton|atk|1
|turn|15
|
|t:|1757825565
|move|p1a: Incineroar|Fake Out|p2a: Tinkaton
|-resisted|p2a: Tinkaton
|-damage|p2a: Tinkaton|4/100
|cant|p2a: Tinkaton|flinch
|
|upkeep
|turn|16
|
|t:|1757825571
|move|p2a: Tinkaton|Thunder Wave|p1a: Incineroar
|-status|p1a: Incineroar|par
|move|p1a: Incineroar|Knock Off|p2a: Tinkaton
|-resisted|p2a: Tinkaton
|-damage|p2a: Tinkaton|0 fnt
|-enditem|p2a: Tinkaton|Focus Sash|[from] move: Knock Off|[of] p1a: Incineroar
|faint|p2a: Tinkaton
|
|upkeep
|
|t:|1757825577
|switch|p2a: Meowscarada|Meowscarada, M|100/100
|turn|17
|
|t:|1757825581
|move|p2a: Meowscarada|Substitute|p2a: Meowscarada
|-start|p2a: Meowscarada|Substitute
|-damage|p2a: Meowscarada|76/100
|move|p1a: Incineroar|Will-O-Wisp||[still]
|-fail|p1a: Incineroar
|
|upkeep
|turn|18
|
|t:|1757825586
|move|p2a: Meowscarada|Body Slam|p1a: Incineroar
|-damage|p1a: Incineroar|36/100 par
|cant|p1a: Incineroar|par
|
|upkeep
|turn|19
|
|t:|1757825591
|switch|p1a: Komala|Komala, F|100/100
|-ability|p1a: Komala|Comatose
|move|p2a: Meowscarada|Body Slam|p1a: Komala
|-damage|p1a: Komala|64/100
|
|upkeep
|turn|20
|
|t:|1757825599
|move|p2a: Meowscarada|Body Slam|p1a: Komala
|-damage|p1a: Komala|24/100
|move|p1a: Komala|Facade|p2a: Meowscarada
|-immune|p2a: Meowscarada
|
|upkeep
|turn|21
|
|t:|1757825604
|move|p2a: Meowscarada|Body Slam|p1a: Komala
|-damage|p1a: Komala|0 fnt
|faint|p1a: Komala
|
|upkeep
|-message|ggdtzera forfeited.
|
|win|Trainer Willie
|raw|ggdtzera's rating: 1063 &rarr; <strong>1045</strong><br />(-18 for losing)
|raw|Trainer Willie's rating: 1092 &rarr; <strong>1116</strong><br />(+24 for winning)
|l|☆ggdtzera
|player|p1|
|l|☆Trainer Willie
|player|p2|
