|j|☆SpinAga1n
|j|☆hcccccc
|t:|1757950425
|gametype|singles
|player|p1|SpinAga1n|dawn-gen4pt|1157
|player|p2|hcccccc|brendan-rs|1208
|gen|9
|tier|[Gen 9] OU
|rated|
|rule|HP Percentage Mod: HP is shown in percentages
|rule|Endless Battle Clause: Forcing endless battles is banned
|rule|Species Clause: Limit one of each Pokémon
|rule|OHKO Clause: OHKO moves are banned
|rule|Evasion Items Clause: Evasion items are banned
|rule|Evasion Moves Clause: Evasion moves are banned
|rule|Evasion Abilities Clause: Evasion abilities are banned
|rule|Sleep Moves Clause: Sleep-inducing moves are banned
|clearpoke
|poke|p1|Okidogi, M|
|poke|p1|Ogerpon-Wellspring, F|
|poke|p1|Darkrai|
|poke|p1|Great Tusk|
|poke|p1|Iron Leaves|
|poke|p1|Glastrier|
|poke|p2|Pelipper, M|
|poke|p2|Greninja-*, M|
|poke|p2|Basculegion, M|
|poke|p2|Zapdos|
|poke|p2|Sandy Shocks|
|poke|p2|Barraskewda, F|
|teampreview
|inactive|Battle timer is ON: inactive players will automatically lose when time's up. (requested by hcccccc)
|inactive|SpinAga1n also wants the timer to be on.
|
|t:|1757950442
|teamsize|p1|6
|teamsize|p2|6
|start
|switch|p1a: Glastrier|Glastrier|100/100
|switch|p2a: 大沙皮|Sandy Shocks|100/100
|-enditem|p2a: 大沙皮|Booster Energy
|-activate|p2a: 大沙皮|ability: Protosynthesis|[fromitem]
|-start|p2a: 大沙皮|protosynthesisspe
|turn|1
|
|t:|1757950450
|move|p2a: 大沙皮|Thunderbolt|p1a: Glastrier
|-damage|p1a: Glastrier|65/100
|move|p1a: Glastrier|Avalanche|p2a: 大沙皮
|-supereffective|p2a: 大沙皮
|-damage|p2a: 大沙皮|0 fnt
|faint|p2a: 大沙皮
|-end|p2a: 大沙皮|Protosynthesis|[silent]
|-ability|p1a: Glastrier|Chilling Neigh|boost
|-boost|p1a: Glastrier|atk|1
|
|upkeep
|
|t:|1757950457
|switch|p2a: 盖鸥卡|Pelipper, M, shiny|100/100
|-weather|RainDance|[from] ability: Drizzle|[of] p2a: 盖鸥卡
|turn|2
|
|t:|1757950463
|move|p2a: 盖鸥卡|U-turn|p1a: Glastrier
|-damage|p1a: Glastrier|59/100
|
|t:|1757950468
|switch|p2a: 幽灵鱼|Basculegion, M, shiny|100/100|[from] U-turn
|move|p1a: Glastrier|Throat Chop|p2a: 幽灵鱼
|-supereffective|p2a: 幽灵鱼
|-damage|p2a: 幽灵鱼|0 fnt
|faint|p2a: 幽灵鱼
|-ability|p1a: Glastrier|Chilling Neigh|boost
|-boost|p1a: Glastrier|atk|1
|
|-weather|RainDance|[upkeep]
|upkeep
|
|t:|1757950475
|switch|p2a: 忍者蛙|Greninja, M|100/100
|turn|3
|
|t:|1757950481
|move|p2a: 忍者蛙|Surf|p1a: Glastrier
|-damage|p1a: Glastrier|3/100
|-damage|p2a: 忍者蛙|91/100|[from] item: Life Orb
|move|p1a: Glastrier|High Horsepower|p2a: 忍者蛙
|-damage|p2a: 忍者蛙|0 fnt
|faint|p2a: 忍者蛙
|-ability|p1a: Glastrier|Chilling Neigh|boost
|-boost|p1a: Glastrier|atk|1
|
|-weather|RainDance|[upkeep]
|upkeep
|
|t:|1757950489
|switch|p2a: 好多刺|Barraskewda, F, shiny|100/100
|turn|4
|
|t:|1757950493
|move|p2a: 好多刺|Flip Turn|p1a: Glastrier
|-crit|p1a: Glastrier
|-damage|p1a: Glastrier|0 fnt
|faint|p1a: Glastrier
|
|t:|1757950498
|switch|p2a: 闪电鸟|Zapdos, shiny|100/100|[from] Flip Turn
|
|-weather|RainDance|[upkeep]
|upkeep
|
|t:|1757950507
|switch|p1a: Darkrai|Darkrai|100/100
|turn|5
|
|t:|1757950513
|move|p1a: Darkrai|Ice Beam|p2a: 闪电鸟
|-supereffective|p2a: 闪电鸟
|-damage|p2a: 闪电鸟|32/100
|-status|p2a: 闪电鸟|frz
|cant|p2a: 闪电鸟|frz
|
|-weather|RainDance|[upkeep]
|upkeep
|turn|6
|
|t:|1757950520
|switch|p2a: 好多刺|Barraskewda, F, shiny|100/100
|move|p1a: Darkrai|Nasty Plot|p1a: Darkrai
|-boost|p1a: Darkrai|spa|2
|
|-weather|RainDance|[upkeep]
|upkeep
|turn|7
|
|t:|1757950527
|-terastallize|p2a: 好多刺|Water
|move|p2a: 好多刺|Liquidation|p1a: Darkrai
|-damage|p1a: Darkrai|0 fnt
|faint|p1a: Darkrai
|
|-weather|RainDance|[upkeep]
|upkeep
|
|t:|1757950531
|switch|p1a: Ogerpon|Ogerpon-Wellspring, F|100/100
|turn|8
|
|t:|1757950537
|switch|p2a: 盖鸥卡|Pelipper, M, shiny|100/100
|move|p1a: Ogerpon|Power Whip|p2a: 盖鸥卡
|-damage|p2a: 盖鸥卡|29/100
|
|-weather|RainDance|[upkeep]
|upkeep
|turn|9
|
|t:|1757950543
|move|p1a: Ogerpon|Power Whip|p2a: 盖鸥卡
|-damage|p2a: 盖鸥卡|0 fnt
|faint|p2a: 盖鸥卡
|
|-weather|none
|upkeep
|
|t:|1757950547
|switch|p2a: 好多刺|Barraskewda, F, shiny, tera:Water|100/100
|turn|10
|
|t:|1757950553
|move|p2a: 好多刺|Psychic Fangs|p1a: Ogerpon
|-damage|p1a: Ogerpon|41/100
|move|p1a: Ogerpon|Power Whip|p2a: 好多刺
|-supereffective|p2a: 好多刺
|-damage|p2a: 好多刺|0 fnt
|faint|p2a: 好多刺
|
|upkeep
|
|t:|1757950558
|switch|p2a: 闪电鸟|Zapdos, shiny|32/100 frz
|turn|11
|
|t:|1757950560
|move|p1a: Ogerpon|Ivy Cudgel|p2a: 闪电鸟|[anim] Ivy Cudgel Water
|-damage|p2a: 闪电鸟|0 fnt
|faint|p2a: 闪电鸟
|
|win|SpinAga1n
|raw|SpinAga1n's rating: 1157 &rarr; <strong>1186</strong><br />(+29 for winning)
|raw|hcccccc's rating: 1208 &rarr; <strong>1179</strong><br />(-29 for losing)
|l|☆hcccccc
|player|p2|
