|j|☆chiliman200688
|j|☆Gil_Kenobi
|t:|1757954054
|gametype|singles
|player|p1|chiliman200688|clair|1412
|player|p2|Gil_Kenobi|n|1359
|gen|9
|tier|[Gen 9] OU
|rated|
|rule|HP Percentage Mod: HP is shown in percentages
|rule|Endless Battle Clause: Forcing endless battles is banned
|rule|Species Clause: Limit one of each Pokémon
|rule|OHKO Clause: OHKO moves are banned
|rule|Evasion Items Clause: Evasion items are banned
|rule|Evasion Moves Clause: Evasion moves are banned
|rule|Evasion Abilities Clause: Evasion abilities are banned
|rule|Sleep Moves Clause: Sleep-inducing moves are banned
|clearpoke
|poke|p1|Arcanine-Hisui, M|
|poke|p1|Greninja-*, M|
|poke|p1|Corviknight, F|
|poke|p1|Iron Hands|
|poke|p1|Slowking-Galar, F|
|poke|p1|Landorus-Therian, M|
|poke|p2|Galvantula, F|
|poke|p2|Samurott-Hisui, F|
|poke|p2|Kyurem|
|poke|p2|Mismagius, F|
|poke|p2|Cinderace, M|
|poke|p2|Thundurus, M|
|teampreview
|inactive|Battle timer is ON: inactive players will automatically lose when time's up. (requested by Gil_Kenobi)
|
|t:|1757954069
|teamsize|p1|6
|teamsize|p2|6
|start
|switch|p1a: Iron Hands|Iron Hands|100/100
|switch|p2a: Cinderace|Cinderace, M|100/100
|turn|1
|
|t:|1757954080
|move|p1a: Iron Hands|Fake Out|p2a: Cinderace
|-damage|p2a: Cinderace|77/100
|cant|p2a: Cinderace|flinch
|
|upkeep
|turn|2
|
|t:|1757954090
|move|p2a: Cinderace|Pyro Ball|p1a: Iron Hands|[miss]
|-miss|p2a: Cinderace|p1a: Iron Hands
|move|p1a: Iron Hands|Close Combat|p2a: Cinderace
|-damage|p2a: Cinderace|0 fnt
|-unboost|p1a: Iron Hands|def|1
|-unboost|p1a: Iron Hands|spd|1
|faint|p2a: Cinderace
|
|upkeep
|
|t:|1757954098
|switch|p2a: Kyurem|Kyurem, shiny|100/100
|-ability|p2a: Kyurem|Pressure
|turn|3
|
|t:|1757954110
|-terastallize|p2a: Kyurem|Ghost
|-terastallize|p1a: Iron Hands|Fairy
|move|p2a: Kyurem|Dragon Dance|p2a: Kyurem
|-boost|p2a: Kyurem|atk|1
|-boost|p2a: Kyurem|spe|1
|move|p1a: Iron Hands|Close Combat|p2a: Kyurem
|-immune|p2a: Kyurem
|
|upkeep
|turn|4
|
|t:|1757954126
|-end|p1a: Iron Hands|Quark Drive|[silent]
|switch|p1a: Slowking|Slowking-Galar, F|100/100
|move|p2a: Kyurem|Icicle Spear|p1a: Slowking
|-damage|p1a: Slowking|80/100
|-damage|p1a: Slowking|61/100
|-damage|p1a: Slowking|40/100
|-damage|p1a: Slowking|21/100
|-hitcount|p1a: Slowking|4
|
|upkeep
|turn|5
|
|t:|1757954134
|switch|p1a: Iron Hands|Iron Hands, tera:Fairy|100/100
|move|p2a: Kyurem|Icicle Spear|p1a: Iron Hands
|-damage|p1a: Iron Hands|88/100
|-damage|p1a: Iron Hands|75/100
|-damage|p1a: Iron Hands|62/100
|-damage|p1a: Iron Hands|50/100
|-hitcount|p1a: Iron Hands|4
|
|upkeep
|turn|6
|
|t:|1757954143
|move|p1a: Iron Hands|Fake Out|p2a: Kyurem
|-immune|p2a: Kyurem
|move|p2a: Kyurem|Icicle Spear|p1a: Iron Hands
|-damage|p1a: Iron Hands|37/100
|-damage|p1a: Iron Hands|25/100
|-damage|p1a: Iron Hands|12/100
|-damage|p1a: Iron Hands|0 fnt
|faint|p1a: Iron Hands
|-end|p1a: Iron Hands|Quark Drive|[silent]
|-hitcount|p1: Iron Hands|4
|
|upkeep
|inactive|chiliman200688 has 120 seconds left.
|
|t:|1757954177
|switch|p1a: Greninja|Greninja, M|100/100
|turn|7
|
|t:|1757954187
|move|p2a: Kyurem|Icicle Spear|p1a: Greninja
|-resisted|p1a: Greninja
|-damage|p1a: Greninja|85/100
|-resisted|p1a: Greninja
|-damage|p1a: Greninja|68/100
|-resisted|p1a: Greninja
|-damage|p1a: Greninja|51/100
|-resisted|p1a: Greninja
|-damage|p1a: Greninja|35/100
|-hitcount|p1a: Greninja|4
|move|p1a: Greninja|Dark Pulse|p2a: Kyurem
|-supereffective|p2a: Kyurem
|-damage|p2a: Kyurem|0 fnt
|faint|p2a: Kyurem
|-ability|p1a: Greninja|Battle Bond|boost
|-boost|p1a: Greninja|atk|1
|-boost|p1a: Greninja|spa|1
|-boost|p1a: Greninja|spe|1
|-activate|p1a: Greninja|ability: Battle Bond
|
|upkeep
|
|t:|1757954209
|switch|p2a: Galvantula|Galvantula, F|100/100
|turn|8
|inactive|Gil_Kenobi has 120 seconds left.
|
|t:|1757954226
|move|p1a: Greninja|Dark Pulse|p2a: Galvantula
|-enditem|p2a: Galvantula|Focus Sash
|-damage|p2a: Galvantula|1/100
|move|p2a: Galvantula|Thunder|p1a: Greninja
|-supereffective|p1a: Greninja
|-damage|p1a: Greninja|0 fnt
|faint|p1a: Greninja
|
|upkeep
|
|t:|1757954238
|switch|p1a: Slowking|Slowking-Galar, F|54/100
|turn|9
|
|t:|1757954248
|move|p2a: Galvantula|Sticky Web|p1a: Slowking
|-sidestart|p1: chiliman200688|move: Sticky Web
|move|p1a: Slowking|Sludge Bomb|p2a: Galvantula
|-damage|p2a: Galvantula|0 fnt
|faint|p2a: Galvantula
|
|upkeep
|
|t:|1757954254
|switch|p2a: Samurott|Samurott-Hisui, F|100/100
|turn|10
|
|t:|1757954263
|switch|p1a: Corviknight|Corviknight, F|100/100
|-ability|p1a: Corviknight|Pressure
|move|p2a: Samurott|Ceaseless Edge|p1a: Corviknight|[miss]
|-miss|p2a: Samurott|p1a: Corviknight
|
|upkeep
|turn|11
|
|t:|1757954272
|move|p2a: Samurott|Ceaseless Edge|p1a: Corviknight
|-damage|p1a: Corviknight|64/100
|-damage|p2a: Samurott|84/100|[from] item: Rocky Helmet|[of] p1a: Corviknight
|-sidestart|p1: chiliman200688|Spikes
|-damage|p2a: Samurott|74/100|[from] item: Life Orb
|move|p1a: Corviknight|Defog|p2a: Samurott
|-unboost|p2a: Samurott|evasion|1
|-sideend|p1: chiliman200688|Spikes|[from] move: Defog|[of] p1a: Corviknight
|-sideend|p1: chiliman200688|Sticky Web|[from] move: Defog|[of] p1a: Corviknight
|
|upkeep
|turn|12
|
|t:|1757954279
|move|p2a: Samurott|Ceaseless Edge|p1a: Corviknight
|-damage|p1a: Corviknight|31/100
|-damage|p2a: Samurott|58/100|[from] item: Rocky Helmet|[of] p1a: Corviknight
|-sidestart|p1: chiliman200688|Spikes
|-damage|p2a: Samurott|48/100|[from] item: Life Orb
|move|p1a: Corviknight|Roost|p1a: Corviknight
|-heal|p1a: Corviknight|81/100
|-singleturn|p1a: Corviknight|move: Roost
|
|upkeep
|turn|13
|
|t:|1757954290
|switch|p2a: Thundurus|Thundurus, M|100/100
|move|p1a: Corviknight|Body Press|p2a: Thundurus
|-resisted|p2a: Thundurus
|-damage|p2a: Thundurus|80/100
|
|-heal|p2a: Thundurus|86/100|[from] item: Leftovers
|upkeep
|turn|14
|
|t:|1757954298
|switch|p1a: Slowking|Slowking-Galar, F|87/100
|move|p2a: Thundurus|Taunt|p1a: Slowking
|-start|p1a: Slowking|move: Taunt
|
|-heal|p2a: Thundurus|92/100|[from] item: Leftovers
|upkeep
|turn|15
|
|t:|1757954306
|switch|p2a: Samurott|Samurott-Hisui, F|48/100
|move|p1a: Slowking|Future Sight|p2a: Samurott
|-start|p1a: Slowking|move: Future Sight
|
|upkeep
|turn|16
|
|t:|1757954317
|switch|p1a: Corviknight|Corviknight, F|81/100
|-ability|p1a: Corviknight|Pressure
|move|p2a: Samurott|Aqua Cutter|p1a: Corviknight
|-damage|p1a: Corviknight|44/100
|-damage|p2a: Samurott|38/100|[from] item: Life Orb
|
|upkeep
|turn|17
|
|t:|1757954327
|move|p2a: Samurott|Aqua Cutter|p1a: Corviknight
|-crit|p1a: Corviknight
|-damage|p1a: Corviknight|0 fnt
|faint|p1a: Corviknight
|-damage|p2a: Samurott|28/100|[from] item: Life Orb
|
|-end|p2a: Samurott|move: Future Sight
|-immune|p2a: Samurott
|upkeep
|
|t:|1757954332
|switch|p1a: Arcanine|Arcanine-Hisui, M|100/100
|-damage|p1a: Arcanine|88/100|[from] Spikes
|turn|18
|
|t:|1757954344
|move|p2a: Samurott|Sucker Punch|p1a: Arcanine
|-damage|p1a: Arcanine|32/100
|-damage|p2a: Samurott|18/100|[from] item: Life Orb
|move|p1a: Arcanine|Rock Blast|p2a: Samurott
|-damage|p2a: Samurott|0 fnt
|faint|p2a: Samurott
|-hitcount|p2: Samurott|1
|
|upkeep
|
|t:|1757954360
|switch|p2a: Thundurus|Thundurus, M|92/100
|turn|19
|
|t:|1757954366
|move|p2a: Thundurus|Discharge|p1a: Arcanine
|-damage|p1a: Arcanine|0 fnt
|faint|p1a: Arcanine
|
|-heal|p2a: Thundurus|98/100|[from] item: Leftovers
|upkeep
|
|t:|1757954373
|switch|p1a: Slowking|Slowking-Galar, F|100/100
|turn|20
|
|t:|1757954378
|move|p2a: Thundurus|Taunt|p1a: Slowking
|-start|p1a: Slowking|move: Taunt
|move|p1a: Slowking|Future Sight|p2a: Thundurus
|-start|p1a: Slowking|move: Future Sight
|
|-heal|p2a: Thundurus|100/100|[from] item: Leftovers
|upkeep
|turn|21
|
|t:|1757954386
|move|p2a: Thundurus|Thunder Wave|p1a: Slowking
|-status|p1a: Slowking|par
|cant|p1a: Slowking|par
|
|upkeep
|turn|22
|
|t:|1757954392
|move|p2a: Thundurus|Discharge|p1a: Slowking
|-damage|p1a: Slowking|78/100 par
|move|p1a: Slowking|Sludge Bomb|p2a: Thundurus
|-damage|p2a: Thundurus|56/100
|
|-end|p2a: Thundurus|move: Future Sight
|-crit|p2a: Thundurus
|-damage|p2a: Thundurus|0 fnt
|faint|p2a: Thundurus
|-end|p1a: Slowking|move: Taunt
|upkeep
|
|t:|1757954399
|switch|p2a: Mismagius|Mismagius, F|100/100
|turn|23
|
|t:|1757954402
|move|p2a: Mismagius|Shadow Ball|p1a: Slowking
|-supereffective|p1a: Slowking
|-damage|p1a: Slowking|23/100 par
|-damage|p2a: Mismagius|91/100|[from] item: Life Orb
|cant|p1a: Slowking|par
|
|upkeep
|turn|24
|
|t:|1757954418
|switch|p1a: Landorus|Landorus-Therian, M|100/100
|-ability|p1a: Landorus|Intimidate|boost
|-unboost|p2a: Mismagius|atk|1
|move|p2a: Mismagius|Shadow Ball|p1a: Landorus
|-damage|p1a: Landorus|48/100
|-damage|p2a: Mismagius|81/100|[from] item: Life Orb
|
|-heal|p1a: Landorus|54/100|[from] item: Leftovers
|upkeep
|turn|25
|
|t:|1757954428
|move|p2a: Mismagius|Shadow Ball|p1a: Landorus
|-damage|p1a: Landorus|4/100
|-unboost|p1a: Landorus|spd|1
|-damage|p2a: Mismagius|71/100|[from] item: Life Orb
|move|p1a: Landorus|U-turn|p2a: Mismagius
|-resisted|p2a: Mismagius
|-damage|p2a: Mismagius|49/100
|
|t:|1757954436
|switch|p1a: Slowking|Slowking-Galar, F|56/100 par|[from] U-turn
|
|upkeep
|turn|26
|
|t:|1757954440
|switch|p1a: Landorus|Landorus-Therian, M|4/100
|-ability|p1a: Landorus|Intimidate|boost
|-unboost|p2a: Mismagius|atk|1
|move|p2a: Mismagius|Shadow Ball|p1a: Landorus
|-damage|p1a: Landorus|0 fnt
|faint|p1a: Landorus
|-damage|p2a: Mismagius|39/100|[from] item: Life Orb
|
|upkeep
|
|t:|1757954445
|switch|p1a: Slowking|Slowking-Galar, F|90/100 par
|turn|27
|
|t:|1757954451
|move|p2a: Mismagius|Shadow Ball|p1a: Slowking
|-supereffective|p1a: Slowking
|-damage|p1a: Slowking|33/100 par
|-unboost|p1a: Slowking|spd|1
|-damage|p2a: Mismagius|29/100|[from] item: Life Orb
|move|p1a: Slowking|Future Sight|p2a: Mismagius
|-start|p1a: Slowking|move: Future Sight
|
|upkeep
|turn|28
|
|t:|1757954462
|move|p2a: Mismagius|Shadow Ball|p1a: Slowking
|-supereffective|p1a: Slowking
|-damage|p1a: Slowking|0 fnt
|faint|p1a: Slowking
|-damage|p2a: Mismagius|19/100|[from] item: Life Orb
|
|win|Gil_Kenobi
|raw|chiliman200688's rating: 1412 &rarr; <strong>1389</strong><br />(-23 for losing)
|raw|Gil_Kenobi's rating: 1359 &rarr; <strong>1382</strong><br />(+23 for winning)
|l|☆chiliman200688
|player|p1|
|l|☆Gil_Kenobi
|player|p2|
