|j|☆Shabooya1
|j|☆the same as here
|t:|1757798802
|gametype|singles
|player|p1|Shabooya1|unknown|1277
|player|p2|the same as here|janitor|1271
|gen|9
|tier|[Gen 9] OU
|rated|
|rule|HP Percentage Mod: HP is shown in percentages
|rule|Endless Battle Clause: Forcing endless battles is banned
|rule|Species Clause: Limit one of each Pokémon
|rule|OHKO Clause: OHKO moves are banned
|rule|Evasion Items Clause: Evasion items are banned
|rule|Evasion Moves Clause: Evasion moves are banned
|rule|Evasion Abilities Clause: Evasion abilities are banned
|rule|Sleep Moves Clause: Sleep-inducing moves are banned
|clearpoke
|poke|p1|Cresselia, F|
|poke|p1|Torkoal, M|
|poke|p1|Mimikyu, F|
|poke|p1|Iron Hands|
|poke|p1|Grimmsnarl, M|
|poke|p1|Hatterene, F|
|poke|p2|Great Tusk|
|poke|p2|Heatran, M|
|poke|p2|Weavile, M|
|poke|p2|Primarina, M|
|poke|p2|Ogerpon, F|
|poke|p2|Pecharunt|
|teampreview
|
|t:|1757798817
|teamsize|p1|6
|teamsize|p2|6
|start
|switch|p1a: Hatterene|Hatterene, F|100/100
|switch|p2a: Celestine|Primarina, M, shiny|100/100
|turn|1
|
|t:|1757798831
|move|p2a: Celestine|Flip Turn|p1a: Hatterene
|-damage|p1a: Hatterene|85/100
|
|t:|1757798834
|switch|p2a: Behemoth|Great Tusk, shiny|100/100|[from] Flip Turn
|move|p1a: Hatterene|Trick Room|p1a: Hatterene
|-fieldstart|move: Trick Room|[of] p1a: Hatterene
|
|upkeep
|turn|2
|
|t:|1757798841
|-end|p2a: Behemoth|Protosynthesis|[silent]
|switch|p2a: Celestine|Primarina, M, shiny|100/100
|move|p1a: Hatterene|Misty Explosion|p2a: Celestine
|-damage|p2a: Celestine|68/100
|faint|p1a: Hatterene
|
|upkeep
|
|t:|1757798849
|switch|p1a: Iron Hands|Iron Hands|100/100
|-enditem|p1a: Iron Hands|Booster Energy
|-activate|p1a: Iron Hands|ability: Quark Drive|[fromitem]
|-start|p1a: Iron Hands|quarkdriveatk
|turn|3
|
|t:|1757798858
|switch|p2a: Overseer|Pecharunt|100/100
|move|p1a: Iron Hands|Swords Dance|p1a: Iron Hands
|-boost|p1a: Iron Hands|atk|2
|
|upkeep
|turn|4
|
|t:|1757798864
|move|p1a: Iron Hands|Supercell Slam|p2a: Overseer
|-damage|p2a: Overseer|23/100
|-damage|p1a: Iron Hands|84/100|[from] item: Rocky Helmet|[of] p2a: Overseer
|move|p2a: Overseer|Parting Shot|p1a: Iron Hands
|-unboost|p1a: Iron Hands|atk|1
|-unboost|p1a: Iron Hands|spa|1
|
|t:|1757798868
|switch|p2a: Celestine|Primarina, M, shiny|68/100|[from] Parting Shot
|
|upkeep
|turn|5
|
|t:|1757798874
|switch|p2a: Behemoth|Great Tusk, shiny|100/100
|move|p1a: Iron Hands|Drain Punch|p2a: Behemoth
|-damage|p2a: Behemoth|41/100
|-heal|p1a: Iron Hands|100/100|[from] drain|[of] p2a: Behemoth
|
|-fieldend|move: Trick Room
|upkeep
|turn|6
|
|t:|1757798880
|move|p2a: Behemoth|Headlong Rush|p1a: Iron Hands
|-supereffective|p1a: Iron Hands
|-damage|p1a: Iron Hands|25/100
|-unboost|p2a: Behemoth|def|1
|-unboost|p2a: Behemoth|spd|1
|move|p1a: Iron Hands|Drain Punch|p2a: Behemoth
|-damage|p2a: Behemoth|0 fnt
|-heal|p1a: Iron Hands|40/100|[from] drain|[of] p2a: Behemoth
|faint|p2a: Behemoth
|-end|p2a: Behemoth|Protosynthesis|[silent]
|
|upkeep
|
|t:|1757798885
|switch|p2a: Celestine|Primarina, M, shiny|68/100
|turn|7
|
|t:|1757798890
|-end|p1a: Iron Hands|Quark Drive|[silent]
|switch|p1a: Git gud|Cresselia, F, shiny|100/100
|move|p2a: Celestine|Moonblast|p1a: Git gud
|-damage|p1a: Git gud|74/100
|
|upkeep
|turn|8
|
|t:|1757798895
|move|p2a: Celestine|Whirlpool|p1a: Git gud
|-damage|p1a: Git gud|63/100
|-activate|p1a: Git gud|move: Whirlpool|[of] p2a: Celestine
|move|p1a: Git gud|Trick Room|p1a: Git gud
|-fieldstart|move: Trick Room|[of] p1a: Git gud
|
|-damage|p1a: Git gud|51/100|[from] move: Whirlpool|[partiallytrapped]
|upkeep
|turn|9
|
|t:|1757798900
|move|p2a: Celestine|Psychic Noise|p1a: Git gud
|-damage|p1a: Git gud|28/100
|-start|p1a: Git gud|move: Heal Block
|-enditem|p1a: Git gud|Mental Herb
|-end|p1a: Git gud|move: Heal Block
|move|p1a: Git gud|Lunar Dance|p1a: Git gud
|faint|p1a: Git gud
|
|upkeep
|
|t:|1757798911
|switch|p1a: Grimmsnarl|Grimmsnarl, M|100/100
|turn|10
|
|t:|1757798919
|switch|p2a: Overseer|Pecharunt|23/100
|move|p1a: Grimmsnarl|Bulk Up|p1a: Grimmsnarl
|-boost|p1a: Grimmsnarl|atk|1
|-boost|p1a: Grimmsnarl|def|1
|
|upkeep
|turn|11
|
|t:|1757798924
|move|p1a: Grimmsnarl|Play Rough|p2a: Overseer
|-resisted|p2a: Overseer
|-damage|p2a: Overseer|4/100
|-damage|p1a: Grimmsnarl|84/100|[from] item: Rocky Helmet|[of] p2a: Overseer
|move|p2a: Overseer|Recover|p2a: Overseer
|-heal|p2a: Overseer|55/100
|
|upkeep
|turn|12
|
|t:|1757798929
|move|p1a: Grimmsnarl|Bulk Up|p1a: Grimmsnarl
|-boost|p1a: Grimmsnarl|atk|1
|-boost|p1a: Grimmsnarl|def|1
|move|p2a: Overseer|Recover|p2a: Overseer
|-heal|p2a: Overseer|100/100
|
|-fieldend|move: Trick Room
|upkeep
|turn|13
|
|t:|1757798937
|-terastallize|p1a: Grimmsnarl|Steel
|move|p1a: Grimmsnarl|Sucker Punch|p2a: Overseer
|-supereffective|p2a: Overseer
|-damage|p2a: Overseer|29/100
|-damage|p1a: Grimmsnarl|68/100|[from] item: Rocky Helmet|[of] p2a: Overseer
|move|p2a: Overseer|Malignant Chain|p1a: Grimmsnarl
|-immune|p1a: Grimmsnarl
|
|upkeep
|turn|14
|
|t:|1757798946
|move|p1a: Grimmsnarl|Bulk Up|p1a: Grimmsnarl
|-boost|p1a: Grimmsnarl|atk|1
|-boost|p1a: Grimmsnarl|def|1
|move|p2a: Overseer|Shadow Ball|p1a: Grimmsnarl
|-damage|p1a: Grimmsnarl|40/100
|-enditem|p1a: Grimmsnarl|Sitrus Berry|[eat]
|-heal|p1a: Grimmsnarl|65/100|[from] item: Sitrus Berry
|
|upkeep
|turn|15
|
|t:|1757798958
|move|p2a: Overseer|Shadow Ball|p1a: Grimmsnarl
|-damage|p1a: Grimmsnarl|35/100
|move|p1a: Grimmsnarl|Play Rough|p2a: Overseer
|-resisted|p2a: Overseer
|-damage|p2a: Overseer|3/100
|-damage|p1a: Grimmsnarl|19/100|[from] item: Rocky Helmet|[of] p2a: Overseer
|
|upkeep
|turn|16
|
|t:|1757798967
|move|p1a: Grimmsnarl|Sucker Punch||[still]
|-fail|p1a: Grimmsnarl
|move|p2a: Overseer|Recover|p2a: Overseer
|-heal|p2a: Overseer|53/100
|
|upkeep
|turn|17
|
|t:|1757798971
|move|p1a: Grimmsnarl|Sucker Punch||[still]
|-fail|p1a: Grimmsnarl
|move|p2a: Overseer|Recover|p2a: Overseer
|-heal|p2a: Overseer|100/100
|
|upkeep
|turn|18
|
|t:|1757798974
|move|p1a: Grimmsnarl|Sucker Punch|p2a: Overseer
|-supereffective|p2a: Overseer
|-damage|p2a: Overseer|12/100
|-damage|p1a: Grimmsnarl|2/100|[from] item: Rocky Helmet|[of] p2a: Overseer
|move|p2a: Overseer|Shadow Ball|p1a: Grimmsnarl
|-damage|p1a: Grimmsnarl|0 fnt
|faint|p1a: Grimmsnarl
|
|upkeep
|
|t:|1757798978
|switch|p1a: Hit me|Mimikyu, F, shiny|100/100
|turn|19
|
|t:|1757798982
|move|p1a: Hit me|Shadow Sneak|p2a: Overseer
|-supereffective|p2a: Overseer
|-crit|p2a: Overseer
|-damage|p2a: Overseer|0 fnt
|-damage|p1a: Hit me|84/100|[from] item: Rocky Helmet|[of] p2a: Overseer
|faint|p2a: Overseer
|
|upkeep
|
|t:|1757798987
|switch|p2a: Celestine|Primarina, M, shiny|68/100
|turn|20
|
|t:|1757798992
|move|p2a: Celestine|Flip Turn|p1a: Hit me
|-activate|p1a: Hit me|ability: Disguise
|-damage|p1a: Hit me|84/100
|detailschange|p1a: Hit me|Mimikyu-Busted, F, shiny
|-damage|p1a: Hit me|72/100|[from] pokemon: Mimikyu-Busted
|-enditem|p1a: Hit me|Red Card|[of] p2a: Celestine
|drag|p2a: Bandit|Weavile, M, shiny|100/100
|-ability|p2a: Bandit|Pressure
|move|p1a: Hit me|Trick Room|p1a: Hit me
|-fieldstart|move: Trick Room|[of] p1a: Hit me
|
|upkeep
|turn|21
|
|t:|1757799014
|move|p1a: Hit me|Play Rough|p2a: Bandit
|-supereffective|p2a: Bandit
|-damage|p2a: Bandit|0 fnt
|faint|p2a: Bandit
|
|upkeep
|
|t:|1757799028
|switch|p2a: Chaos|Heatran, M, shiny|100/100
|-item|p2a: Chaos|Air Balloon
|turn|22
|
|t:|1757799034
|move|p1a: Hit me|Shadow Sneak|p2a: Chaos
|-damage|p2a: Chaos|84/100
|-enditem|p2a: Chaos|Air Balloon
|move|p2a: Chaos|Magma Storm|p1a: Hit me
|-damage|p1a: Hit me|13/100
|-activate|p1a: Hit me|move: Magma Storm|[of] p2a: Chaos
|
|-damage|p1a: Hit me|1/100|[from] move: Magma Storm|[partiallytrapped]
|upkeep
|turn|23
|
|t:|1757799048
|move|p1a: Hit me|Destiny Bond|p1a: Hit me
|-singlemove|p1a: Hit me|Destiny Bond
|move|p2a: Chaos|Earth Power|p1a: Hit me
|-damage|p1a: Hit me|0 fnt
|faint|p1a: Hit me
|-activate|p1a: Hit me|move: Destiny Bond
|faint|p2a: Chaos
|
|upkeep
|
|t:|1757799056
|switch|p1a: EZAF|Torkoal, M, shiny|100/100
|switch|p2a: Anonymous|Ogerpon, F|100/100
|-weather|SunnyDay|[from] ability: Drought|[of] p1a: EZAF
|turn|24
|
|t:|1757799064
|move|p1a: EZAF|Flamethrower|p2a: Anonymous
|-supereffective|p2a: Anonymous
|-damage|p2a: Anonymous|0 fnt
|faint|p2a: Anonymous
|
|-weather|SunnyDay|[upkeep]
|-fieldend|move: Trick Room
|upkeep
|
|t:|1757799065
|switch|p2a: Celestine|Primarina, M, shiny|68/100
|turn|25
|
|t:|1757799073
|switch|p1a: Iron Hands|Iron Hands|40/100
|-heal|p1a: Iron Hands|100/100|[from] move: Lunar Dance
|move|p2a: Celestine|Psychic Noise|p1a: Iron Hands
|-damage|p1a: Iron Hands|81/100
|-start|p1a: Iron Hands|move: Heal Block
|
|-weather|SunnyDay|[upkeep]
|upkeep
|turn|26
|
|t:|1757799088
|-terastallize|p2a: Celestine|Ground
|move|p2a: Celestine|Moonblast|p1a: Iron Hands
|-supereffective|p1a: Iron Hands
|-damage|p1a: Iron Hands|0 fnt
|faint|p1a: Iron Hands
|-end|p1a: Iron Hands|Quark Drive|[silent]
|
|-weather|SunnyDay|[upkeep]
|upkeep
|
|t:|1757799090
|switch|p1a: EZAF|Torkoal, M, shiny|100/100
|turn|27
|
|t:|1757799093
|move|p2a: Celestine|Psychic Noise|p1a: EZAF
|-supereffective|p1a: EZAF
|-damage|p1a: EZAF|46/100
|-start|p1a: EZAF|move: Heal Block
|move|p1a: EZAF|Solar Beam||[still]
|-prepare|p1a: EZAF|Solar Beam
|-anim|p1a: EZAF|Solar Beam|p2a: Celestine
|-supereffective|p2a: Celestine
|-damage|p2a: Celestine|14/100
|
|-weather|SunnyDay|[upkeep]
|upkeep
|turn|28
|
|t:|1757799097
|move|p2a: Celestine|Psychic Noise|p1a: EZAF
|-supereffective|p1a: EZAF
|-damage|p1a: EZAF|0 fnt
|faint|p1a: EZAF
|
|win|the same as here
|raw|Shabooya1's rating: 1277 &rarr; <strong>1252</strong><br />(-25 for losing)
|raw|the same as here's rating: 1271 &rarr; <strong>1296</strong><br />(+25 for winning)
|l|☆Shabooya1
|player|p1|
