|badge|p2|bronze|gen9ou|100-6
|uhtml|medal-msg|<div class="broadcast-blue">Curious what those medals under the avatar are? PS now has Ladder Seasons! For more information, check out the <a href="https://www.smogon.com/forums/threads/3740067/">thread on Smogon.</a></div>
|j|☆unguslybungusly
|j|☆Flex Plays Only
|t:|1757798213
|gametype|singles
|player|p1|unguslybungusly|giovanni|1658
|player|p2|Flex Plays Only|miku-fairy|1799
|gen|9
|tier|[Gen 9] OU
|rated|
|rule|HP Percentage Mod: HP is shown in percentages
|rule|Endless Battle Clause: Forcing endless battles is banned
|rule|Species Clause: Limit one of each Pokémon
|rule|OHKO Clause: OHKO moves are banned
|rule|Evasion Items Clause: Evasion items are banned
|rule|Evasion Moves Clause: Evasion moves are banned
|rule|Evasion Abilities Clause: Evasion abilities are banned
|rule|Sleep Moves Clause: Sleep-inducing moves are banned
|clearpoke
|poke|p1|Zarude|
|poke|p1|Blissey, F|
|poke|p1|Weezing-Galar, F|
|poke|p1|Sinistcha|
|poke|p1|Garchomp, M|
|poke|p1|Gliscor, M|
|poke|p2|Cinderace, M|
|poke|p2|Corviknight, F|
|poke|p2|Landorus-Therian, M|
|poke|p2|Alomomola, F|
|poke|p2|Kyurem|
|poke|p2|Zamazenta-*|
|teampreview
|inactive|Battle timer is ON: inactive players will automatically lose when time's up. (requested by unguslybungusly)
|
|t:|1757798221
|teamsize|p1|6
|teamsize|p2|6
|start
|switch|p1a: Gliscor|Gliscor, M|100/100
|switch|p2a: Landorus|Landorus-Therian, M|100/100
|-ability|p2a: Landorus|Intimidate|boost
|-unboost|p1a: Gliscor|atk|1
|turn|1
|
|t:|1757798225
|move|p1a: Gliscor|Toxic Spikes|p2a: Landorus
|-sidestart|p2: Flex Plays Only|move: Toxic Spikes
|move|p2a: Landorus|Taunt|p1a: Gliscor
|-start|p1a: Gliscor|move: Taunt
|
|-status|p1a: Gliscor|tox|[from] item: Toxic Orb
|upkeep
|turn|2
|
|t:|1757798229
|move|p1a: Gliscor|Knock Off|p2a: Landorus
|-damage|p2a: Landorus|84/100
|-damage|p1a: Gliscor|84/100 tox|[from] item: Rocky Helmet|[of] p2a: Landorus
|-enditem|p2a: Landorus|Rocky Helmet|[from] move: Knock Off|[of] p1a: Gliscor
|move|p2a: Landorus|Stealth Rock|p1a: Gliscor
|-sidestart|p1: unguslybungusly|move: Stealth Rock
|
|-heal|p1a: Gliscor|96/100 tox|[from] ability: Poison Heal
|upkeep
|turn|3
|
|t:|1757798233
|move|p1a: Gliscor|Knock Off|p2a: Landorus
|-damage|p2a: Landorus|74/100
|move|p2a: Landorus|U-turn|p1a: Gliscor
|-resisted|p1a: Gliscor
|-damage|p1a: Gliscor|86/100 tox
|
|t:|1757798241
|switch|p2a: Corviknight|Corviknight, F|100/100|[from] U-turn
|-ability|p2a: Corviknight|Pressure
|
|-heal|p1a: Gliscor|98/100 tox|[from] ability: Poison Heal
|upkeep
|turn|4
|
|t:|1757798245
|move|p1a: Gliscor|Knock Off|p2a: Corviknight
|-damage|p2a: Corviknight|91/100
|-damage|p1a: Gliscor|81/100 tox|[from] item: Rocky Helmet|[of] p2a: Corviknight
|-enditem|p2a: Corviknight|Rocky Helmet|[from] move: Knock Off|[of] p1a: Gliscor
|move|p2a: Corviknight|Brave Bird|p1a: Gliscor
|-damage|p1a: Gliscor|54/100 tox
|-damage|p2a: Corviknight|83/100|[from] Recoil
|
|-heal|p1a: Gliscor|66/100 tox|[from] ability: Poison Heal
|-end|p1a: Gliscor|move: Taunt
|upkeep
|turn|5
|
|t:|1757798250
|move|p1a: Gliscor|Protect|p1a: Gliscor
|-singleturn|p1a: Gliscor|Protect
|move|p2a: Corviknight|Brave Bird|p1a: Gliscor
|-activate|p1a: Gliscor|move: Protect
|
|-heal|p1a: Gliscor|79/100 tox|[from] ability: Poison Heal
|upkeep
|turn|6
|
|t:|1757798253
|switch|p1a: Garchomp|Garchomp, M|100/100
|-damage|p1a: Garchomp|94/100|[from] Stealth Rock
|move|p2a: Corviknight|Brave Bird|p1a: Garchomp
|-damage|p1a: Garchomp|70/100
|-damage|p2a: Corviknight|71/100|[from] ability: Rough Skin|[of] p1a: Garchomp
|-damage|p2a: Corviknight|55/100|[from] item: Rocky Helmet|[of] p1a: Garchomp
|-damage|p2a: Corviknight|46/100|[from] Recoil
|
|upkeep
|turn|7
|
|t:|1757798256
|move|p2a: Corviknight|Roost|p2a: Corviknight
|-heal|p2a: Corviknight|96/100
|-singleturn|p2a: Corviknight|move: Roost
|move|p1a: Garchomp|Dragon Tail|p2a: Corviknight|[miss]
|-miss|p1a: Garchomp|p2a: Corviknight
|
|upkeep
|turn|8
|
|t:|1757798260
|move|p2a: Corviknight|Defog|p1a: Garchomp
|-unboost|p1a: Garchomp|evasion|1
|-sideend|p1: unguslybungusly|Stealth Rock|[from] move: Defog|[of] p2a: Corviknight
|-sideend|p2: Flex Plays Only|Toxic Spikes|[from] move: Defog|[of] p2a: Corviknight
|move|p1a: Garchomp|Dragon Tail|p2a: Corviknight
|-resisted|p2a: Corviknight
|-damage|p2a: Corviknight|88/100
|drag|p2a: Zamazenta|Zamazenta|100/100
|-ability|p2a: Zamazenta|Dauntless Shield|boost
|-boost|p2a: Zamazenta|def|1
|
|upkeep
|turn|9
|
|t:|1757798268
|move|p2a: Zamazenta|Iron Defense|p2a: Zamazenta
|-boost|p2a: Zamazenta|def|2
|move|p1a: Garchomp|Dragon Tail|p2a: Zamazenta
|-crit|p2a: Zamazenta
|-damage|p2a: Zamazenta|71/100
|drag|p2a: Kyurem|Kyurem|100/100
|-ability|p2a: Kyurem|Pressure
|
|upkeep
|turn|10
|
|t:|1757798271
|switch|p1a: Blissey|Blissey, F|100/100
|move|p2a: Kyurem|Ice Beam|p1a: Blissey
|-damage|p1a: Blissey|79/100
|
|upkeep
|turn|11
|
|t:|1757798274
|switch|p2a: Alomomola|Alomomola, F|100/100
|move|p1a: Blissey|Stealth Rock|p2a: Alomomola
|-sidestart|p2: Flex Plays Only|move: Stealth Rock
|
|upkeep
|turn|12
|
|t:|1757798278
|switch|p1a: Garchomp|Garchomp, M|70/100
|move|p2a: Alomomola|Flip Turn|p1a: Garchomp
|-damage|p1a: Garchomp|58/100
|-damage|p2a: Alomomola|88/100|[from] ability: Rough Skin|[of] p1a: Garchomp
|-damage|p2a: Alomomola|71/100|[from] item: Rocky Helmet|[of] p1a: Garchomp
|
|t:|1757798282
|switch|p2a: Corviknight|Corviknight, F|88/100|[from] Flip Turn
|-damage|p2a: Corviknight|76/100|[from] Stealth Rock
|-ability|p2a: Corviknight|Pressure
|
|upkeep
|turn|13
|
|t:|1757798286
|move|p1a: Garchomp|Spikes|p2a: Corviknight
|-sidestart|p2: Flex Plays Only|Spikes
|move|p2a: Corviknight|Defog|p1a: Garchomp
|-unboost|p1a: Garchomp|evasion|1
|-sideend|p2: Flex Plays Only|Spikes|[from] move: Defog|[of] p2a: Corviknight
|-sideend|p2: Flex Plays Only|Stealth Rock|[from] move: Defog|[of] p2a: Corviknight
|
|upkeep
|turn|14
|
|t:|1757798289
|move|p1a: Garchomp|Spikes|p2a: Corviknight
|-sidestart|p2: Flex Plays Only|Spikes
|move|p2a: Corviknight|Brave Bird|p1a: Garchomp
|-damage|p1a: Garchomp|35/100
|-damage|p2a: Corviknight|64/100|[from] ability: Rough Skin|[of] p1a: Garchomp
|-damage|p2a: Corviknight|47/100|[from] item: Rocky Helmet|[of] p1a: Garchomp
|-damage|p2a: Corviknight|39/100|[from] Recoil
|
|upkeep
|turn|15
|
|t:|1757798292
|move|p1a: Garchomp|Earthquake|p2a: Corviknight
|-immune|p2a: Corviknight
|move|p2a: Corviknight|Roost|p2a: Corviknight
|-heal|p2a: Corviknight|89/100
|-singleturn|p2a: Corviknight|move: Roost
|
|upkeep
|turn|16
|
|t:|1757798296
|move|p1a: Garchomp|Spikes|p2a: Corviknight
|-sidestart|p2: Flex Plays Only|Spikes
|move|p2a: Corviknight|Defog|p1a: Garchomp
|-unboost|p1a: Garchomp|evasion|1
|-sideend|p2: Flex Plays Only|Spikes|[from] move: Defog|[of] p2a: Corviknight
|
|upkeep
|turn|17
|
|t:|1757798298
|move|p1a: Garchomp|Spikes|p2a: Corviknight
|-sidestart|p2: Flex Plays Only|Spikes
|move|p2a: Corviknight|Brave Bird|p1a: Garchomp
|-damage|p1a: Garchomp|13/100
|-damage|p2a: Corviknight|77/100|[from] ability: Rough Skin|[of] p1a: Garchomp
|-damage|p2a: Corviknight|60/100|[from] item: Rocky Helmet|[of] p1a: Garchomp
|-damage|p2a: Corviknight|53/100|[from] Recoil
|
|upkeep
|turn|18
|
|t:|1757798300
|move|p2a: Corviknight|Roost|p2a: Corviknight
|-heal|p2a: Corviknight|100/100
|-singleturn|p2a: Corviknight|move: Roost
|move|p1a: Garchomp|Dragon Tail|p2a: Corviknight
|-resisted|p2a: Corviknight
|-damage|p2a: Corviknight|93/100
|drag|p2a: Zamazenta|Zamazenta|71/100
|-damage|p2a: Zamazenta|58/100|[from] Spikes
|
|-heal|p2a: Zamazenta|65/100|[from] item: Leftovers
|upkeep
|turn|19
|
|t:|1757798304
|switch|p1a: Sinistcha|Sinistcha|100/100
|move|p2a: Zamazenta|Body Press|p1a: Sinistcha
|-immune|p1a: Sinistcha
|
|-heal|p2a: Zamazenta|71/100|[from] item: Leftovers
|upkeep
|turn|20
|
|t:|1757798311
|move|p2a: Zamazenta|Substitute|p2a: Zamazenta
|-start|p2a: Zamazenta|Substitute
|-damage|p2a: Zamazenta|46/100
|move|p1a: Sinistcha|Matcha Gotcha|p2a: Zamazenta
|-activate|p2a: Zamazenta|move: Substitute|[damage]
|
|-heal|p2a: Zamazenta|52/100|[from] item: Leftovers
|upkeep
|turn|21
|
|t:|1757798314
|move|p2a: Zamazenta|Crunch|p1a: Sinistcha
|-supereffective|p1a: Sinistcha
|-damage|p1a: Sinistcha|68/100
|move|p1a: Sinistcha|Shadow Ball|p2a: Zamazenta
|-end|p2a: Zamazenta|Substitute
|
|-heal|p2a: Zamazenta|58/100|[from] item: Leftovers
|upkeep
|turn|22
|
|t:|1757798317
|move|p2a: Zamazenta|Crunch|p1a: Sinistcha
|-supereffective|p1a: Sinistcha
|-damage|p1a: Sinistcha|38/100
|move|p1a: Sinistcha|Calm Mind|p1a: Sinistcha
|-boost|p1a: Sinistcha|spa|1
|-boost|p1a: Sinistcha|spd|1
|
|-heal|p2a: Zamazenta|64/100|[from] item: Leftovers
|upkeep
|turn|23
|
|t:|1757798322
|move|p2a: Zamazenta|Substitute|p2a: Zamazenta
|-start|p2a: Zamazenta|Substitute
|-damage|p2a: Zamazenta|39/100
|move|p1a: Sinistcha|Matcha Gotcha|p2a: Zamazenta|[miss]
|-miss|p1a: Sinistcha|p2a: Zamazenta
|
|-heal|p2a: Zamazenta|46/100|[from] item: Leftovers
|upkeep
|turn|24
|
|t:|1757798325
|move|p2a: Zamazenta|Crunch|p1a: Sinistcha
|-supereffective|p1a: Sinistcha
|-damage|p1a: Sinistcha|6/100
|move|p1a: Sinistcha|Matcha Gotcha|p2a: Zamazenta|[miss]
|-miss|p1a: Sinistcha|p2a: Zamazenta
|
|-heal|p2a: Zamazenta|52/100|[from] item: Leftovers
|upkeep
|turn|25
|
|t:|1757798331
|switch|p1a: Weezing|Weezing-Galar, F|100/100
|-ability|p1a: Weezing|Neutralizing Gas
|move|p2a: Zamazenta|Crunch|p1a: Weezing
|-resisted|p1a: Weezing
|-damage|p1a: Weezing|93/100
|
|-heal|p2a: Zamazenta|58/100|[from] item: Leftovers
|-heal|p1a: Weezing|99/100|[from] item: Leftovers
|upkeep
|turn|26
|
|t:|1757798343
|switch|p2a: Cinderace|Cinderace, M|100/100
|move|p1a: Weezing|Sludge Bomb|p2a: Cinderace
|-damage|p2a: Cinderace|70/100
|-status|p2a: Cinderace|psn
|
|-heal|p1a: Weezing|100/100|[from] item: Leftovers
|-damage|p2a: Cinderace|57/100 psn|[from] psn
|upkeep
|turn|27
|
|t:|1757798352
|move|p2a: Cinderace|Court Change|p2a: Cinderace
|-swapsideconditions
|-activate|p2a: Cinderace|move: Court Change
|move|p1a: Weezing|Defog|p2a: Cinderace
|-unboost|p2a: Cinderace|evasion|1
|-sideend|p1: unguslybungusly|Spikes|[from] move: Defog|[of] p1a: Weezing
|
|-damage|p2a: Cinderace|45/100 psn|[from] psn
|upkeep
|turn|28
|
|t:|1757798356
|move|p2a: Cinderace|Pyro Ball|p1a: Weezing
|-damage|p1a: Weezing|68/100
|move|p1a: Weezing|Will-O-Wisp||[still]
|-fail|p1a: Weezing
|
|-heal|p1a: Weezing|74/100|[from] item: Leftovers
|-damage|p2a: Cinderace|32/100 psn|[from] psn
|upkeep
|turn|29
|
|t:|1757798364
|-end|p1a: Weezing|ability: Neutralizing Gas
|switch|p1a: Gliscor|Gliscor, M|79/100 tox
|move|p2a: Cinderace|U-turn|p1a: Gliscor
|-resisted|p1a: Gliscor
|-damage|p1a: Gliscor|71/100 tox
|
|t:|1757798366
|switch|p2a: Kyurem|Kyurem|100/100|[from] U-turn
|-ability|p2a: Kyurem|Pressure
|
|-heal|p1a: Gliscor|84/100 tox|[from] ability: Poison Heal
|upkeep
|turn|30
|
|t:|1757798371
|move|p1a: Gliscor|Protect|p1a: Gliscor
|-singleturn|p1a: Gliscor|Protect
|move|p2a: Kyurem|Ice Beam|p1a: Gliscor
|-activate|p1a: Gliscor|move: Protect
|
|-heal|p1a: Gliscor|96/100 tox|[from] ability: Poison Heal
|upkeep
|turn|31
|
|t:|1757798373
|switch|p1a: Blissey|Blissey, F|79/100
|move|p2a: Kyurem|Ice Beam|p1a: Blissey
|-damage|p1a: Blissey|58/100
|
|upkeep
|turn|32
|
|t:|1757798377
|switch|p2a: Landorus|Landorus-Therian, M|74/100
|-ability|p2a: Landorus|Intimidate|boost
|-unboost|p1a: Blissey|atk|1
|move|p1a: Blissey|Soft-Boiled|p1a: Blissey
|-heal|p1a: Blissey|100/100
|
|upkeep
|turn|33
|
|t:|1757798382
|switch|p1a: Gliscor|Gliscor, M|96/100 tox
|move|p2a: Landorus|Stealth Rock|p1a: Gliscor
|-sidestart|p1: unguslybungusly|move: Stealth Rock
|
|-heal|p1a: Gliscor|100/100 tox|[from] ability: Poison Heal
|upkeep
|turn|34
|
|t:|1757798386
|move|p1a: Gliscor|Toxic Spikes|p2a: Landorus
|-sidestart|p2: Flex Plays Only|move: Toxic Spikes
|move|p2a: Landorus|U-turn|p1a: Gliscor
|-resisted|p1a: Gliscor
|-damage|p1a: Gliscor|91/100 tox
|
|t:|1757798388
|switch|p2a: Corviknight|Corviknight, F|93/100|[from] U-turn
|-ability|p2a: Corviknight|Pressure
|
|-heal|p1a: Gliscor|100/100 tox|[from] ability: Poison Heal
|upkeep
|turn|35
|
|t:|1757798395
|switch|p1a: Sinistcha|Sinistcha|6/100
|move|p2a: Corviknight|Brave Bird|p1a: Sinistcha
|-supereffective|p1a: Sinistcha
|-damage|p1a: Sinistcha|0 fnt
|faint|p1a: Sinistcha
|-damage|p2a: Corviknight|91/100|[from] Recoil
|
|upkeep
|
|t:|1757798412
|switch|p1a: Zarude|Zarude|100/100
|-damage|p1a: Zarude|88/100|[from] Stealth Rock
|turn|36
|
|t:|1757798415
|move|p1a: Zarude|Bulk Up|p1a: Zarude
|-boost|p1a: Zarude|atk|1
|-boost|p1a: Zarude|def|1
|move|p2a: Corviknight|Brave Bird|p1a: Zarude
|-supereffective|p1a: Zarude
|-damage|p1a: Zarude|51/100
|-damage|p2a: Corviknight|79/100|[from] Recoil
|
|-heal|p1a: Zarude|58/100|[from] item: Leftovers
|upkeep
|turn|37
|
|t:|1757798419
|move|p1a: Zarude|Bulk Up|p1a: Zarude
|-boost|p1a: Zarude|atk|1
|-boost|p1a: Zarude|def|1
|move|p2a: Corviknight|Brave Bird|p1a: Zarude
|-supereffective|p1a: Zarude
|-damage|p1a: Zarude|29/100
|-damage|p2a: Corviknight|69/100|[from] Recoil
|
|-heal|p1a: Zarude|35/100|[from] item: Leftovers
|upkeep
|turn|38
|
|t:|1757798421
|move|p1a: Zarude|Jungle Healing|p1a: Zarude
|-heal|p1a: Zarude|59/100
|move|p2a: Corviknight|U-turn|p1a: Zarude
|-supereffective|p1a: Zarude
|-damage|p1a: Zarude|34/100
|
|t:|1757798426
|switch|p2a: Cinderace|Cinderace, M|32/100 psn|[from] U-turn
|
|-heal|p1a: Zarude|40/100|[from] item: Leftovers
|-damage|p2a: Cinderace|20/100 psn|[from] psn
|upkeep
|turn|39
|
|t:|1757798432
|-terastallize|p1a: Zarude|Poison
|move|p2a: Cinderace|Pyro Ball|p1a: Zarude
|-damage|p1a: Zarude|13/100
|move|p1a: Zarude|Jungle Healing|p1a: Zarude
|-heal|p1a: Zarude|37/100
|
|-heal|p1a: Zarude|43/100|[from] item: Leftovers
|-damage|p2a: Cinderace|7/100 psn|[from] psn
|upkeep
|turn|40
|
|t:|1757798438
|move|p2a: Cinderace|Pyro Ball|p1a: Zarude
|-damage|p1a: Zarude|14/100
|move|p1a: Zarude|Jungle Healing|p1a: Zarude
|-heal|p1a: Zarude|38/100
|
|-heal|p1a: Zarude|44/100|[from] item: Leftovers
|-damage|p2a: Cinderace|0 fnt|[from] psn
|faint|p2a: Cinderace
|upkeep
|
|t:|1757798441
|switch|p2a: Landorus|Landorus-Therian, M|74/100
|-ability|p2a: Landorus|Intimidate|boost
|-unboost|p1a: Zarude|atk|1
|turn|41
|
|t:|1757798447
|switch|p1a: Gliscor|Gliscor, M|100/100 tox
|-damage|p1a: Gliscor|88/100 tox|[from] Stealth Rock
|move|p2a: Landorus|Earthquake|p1a: Gliscor
|-immune|p1a: Gliscor
|
|-heal|p1a: Gliscor|100/100 tox|[from] ability: Poison Heal
|upkeep
|turn|42
|
|t:|1757798452
|switch|p2a: Corviknight|Corviknight, F|69/100
|-ability|p2a: Corviknight|Pressure
|move|p1a: Gliscor|Knock Off|p2a: Corviknight
|-damage|p2a: Corviknight|60/100
|
|upkeep
|turn|43
|
|t:|1757798459
|switch|p1a: Zarude|Zarude, tera:Poison|44/100
|-damage|p1a: Zarude|32/100|[from] Stealth Rock
|move|p2a: Corviknight|Defog|p1a: Zarude
|-unboost|p1a: Zarude|evasion|1
|-sideend|p1: unguslybungusly|Stealth Rock|[from] move: Defog|[of] p2a: Corviknight
|-sideend|p2: Flex Plays Only|Toxic Spikes|[from] move: Defog|[of] p2a: Corviknight
|
|-heal|p1a: Zarude|38/100|[from] item: Leftovers
|upkeep
|turn|44
|
|t:|1757798462
|move|p1a: Zarude|Jungle Healing|p1a: Zarude
|-heal|p1a: Zarude|63/100
|move|p2a: Corviknight|U-turn|p1a: Zarude
|-resisted|p1a: Zarude
|-damage|p1a: Zarude|57/100
|
|t:|1757798464
|switch|p2a: Landorus|Landorus-Therian, M|74/100|[from] U-turn
|-ability|p2a: Landorus|Intimidate|boost
|-unboost|p1a: Zarude|atk|1
|
|-heal|p1a: Zarude|63/100|[from] item: Leftovers
|upkeep
|turn|45
|
|t:|1757798466
|switch|p1a: Gliscor|Gliscor, M|100/100 tox
|move|p2a: Landorus|U-turn|p1a: Gliscor
|-resisted|p1a: Gliscor
|-damage|p1a: Gliscor|91/100 tox
|
|t:|1757798468
|switch|p2a: Kyurem|Kyurem|100/100|[from] U-turn
|-ability|p2a: Kyurem|Pressure
|
|-heal|p1a: Gliscor|100/100 tox|[from] ability: Poison Heal
|upkeep
|turn|46
|
|t:|1757798471
|move|p1a: Gliscor|Protect|p1a: Gliscor
|-singleturn|p1a: Gliscor|Protect
|move|p2a: Kyurem|Ice Beam|p1a: Gliscor
|-activate|p1a: Gliscor|move: Protect
|
|upkeep
|turn|47
|
|t:|1757798475
|switch|p2a: Zamazenta|Zamazenta|58/100
|switch|p1a: Blissey|Blissey, F|100/100
|
|-heal|p2a: Zamazenta|64/100|[from] item: Leftovers
|upkeep
|turn|48
|
|t:|1757798480
|switch|p2a: Kyurem|Kyurem|100/100
|-ability|p2a: Kyurem|Pressure
|switch|p1a: Weezing|Weezing-Galar, F|74/100
|-ability|p1a: Weezing|Neutralizing Gas
|
|-heal|p1a: Weezing|80/100|[from] item: Leftovers
|upkeep
|turn|49
|
|t:|1757798483
|-end|p1a: Weezing|ability: Neutralizing Gas
|-ability|p2a: Kyurem|Pressure
|switch|p1a: Gliscor|Gliscor, M|100/100 tox
|move|p2a: Kyurem|Ice Beam|p1a: Gliscor
|-supereffective|p1a: Gliscor
|-damage|p1a: Gliscor|0 fnt
|faint|p1a: Gliscor
|
|upkeep
|
|t:|1757798486
|switch|p1a: Blissey|Blissey, F|100/100
|turn|50
|
|t:|1757798496
|switch|p2a: Corviknight|Corviknight, F|60/100
|-ability|p2a: Corviknight|Pressure
|move|p1a: Blissey|Stealth Rock|p2a: Corviknight
|-sidestart|p2: Flex Plays Only|move: Stealth Rock
|
|upkeep
|turn|51
|
|t:|1757798500
|move|p2a: Corviknight|Roost|p2a: Corviknight
|-heal|p2a: Corviknight|100/100
|-singleturn|p2a: Corviknight|move: Roost
|move|p1a: Blissey|Seismic Toss|p2a: Corviknight
|-damage|p2a: Corviknight|75/100
|
|upkeep
|turn|52
|
|t:|1757798505
|move|p2a: Corviknight|Brave Bird|p1a: Blissey
|-damage|p1a: Blissey|59/100
|-damage|p2a: Corviknight|53/100|[from] Recoil
|move|p1a: Blissey|Seismic Toss|p2a: Corviknight
|-damage|p2a: Corviknight|28/100
|
|upkeep
|turn|53
|
|t:|1757798510
|move|p2a: Corviknight|Brave Bird|p1a: Blissey
|-damage|p1a: Blissey|22/100
|-damage|p2a: Corviknight|8/100|[from] Recoil
|move|p1a: Blissey|Seismic Toss|p2a: Corviknight
|-damage|p2a: Corviknight|0 fnt
|faint|p2a: Corviknight
|
|upkeep
|
|t:|1757798515
|switch|p2a: Landorus|Landorus-Therian, M|74/100
|-damage|p2a: Landorus|61/100|[from] Stealth Rock
|-ability|p2a: Landorus|Intimidate|boost
|-unboost|p1a: Blissey|atk|1
|turn|54
|
|t:|1757798520
|move|p2a: Landorus|Earthquake|p1a: Blissey
|-damage|p1a: Blissey|0 fnt
|faint|p1a: Blissey
|
|upkeep
|
|t:|1757798522
|switch|p1a: Weezing|Weezing-Galar, F|80/100
|-ability|p1a: Weezing|Neutralizing Gas
|turn|55
|
|t:|1757798525
|move|p2a: Landorus|Earthquake|p1a: Weezing
|-supereffective|p1a: Weezing
|-damage|p1a: Weezing|8/100
|move|p1a: Weezing|Will-O-Wisp|p2a: Landorus
|-status|p2a: Landorus|brn
|
|-heal|p1a: Weezing|14/100|[from] item: Leftovers
|-damage|p2a: Landorus|55/100 brn|[from] brn
|upkeep
|turn|56
|
|t:|1757798531
|move|p2a: Landorus|Stealth Rock|p1a: Weezing
|-sidestart|p1: unguslybungusly|move: Stealth Rock
|move|p1a: Weezing|Pain Split|p2a: Landorus
|-sethp|p2a: Landorus|35/100 brn|[from] move: Pain Split|[silent]
|-sethp|p1a: Weezing|33/100|[from] move: Pain Split
|
|-heal|p1a: Weezing|39/100|[from] item: Leftovers
|-damage|p2a: Landorus|29/100 brn|[from] brn
|upkeep
|turn|57
|
|t:|1757798544
|move|p2a: Landorus|Earthquake|p1a: Weezing
|-supereffective|p1a: Weezing
|-damage|p1a: Weezing|5/100
|move|p1a: Weezing|Defog|p2a: Landorus
|-unboost|p2a: Landorus|evasion|1
|-sideend|p2: Flex Plays Only|Stealth Rock|[from] move: Defog|[of] p1a: Weezing
|-sideend|p1: unguslybungusly|Stealth Rock|[from] move: Defog|[of] p1a: Weezing
|
|-heal|p1a: Weezing|11/100|[from] item: Leftovers
|-damage|p2a: Landorus|23/100 brn|[from] brn
|upkeep
|turn|58
|
|t:|1757798553
|move|p2a: Landorus|Stealth Rock|p1a: Weezing
|-sidestart|p1: unguslybungusly|move: Stealth Rock
|move|p1a: Weezing|Defog|p2a: Landorus
|-unboost|p2a: Landorus|evasion|1
|-sideend|p1: unguslybungusly|Stealth Rock|[from] move: Defog|[of] p1a: Weezing
|
|-heal|p1a: Weezing|17/100|[from] item: Leftovers
|-damage|p2a: Landorus|17/100 brn|[from] brn
|upkeep
|turn|59
|
|t:|1757798555
|move|p2a: Landorus|Stealth Rock|p1a: Weezing
|-sidestart|p1: unguslybungusly|move: Stealth Rock
|move|p1a: Weezing|Defog|p2a: Landorus
|-unboost|p2a: Landorus|evasion|1
|-sideend|p1: unguslybungusly|Stealth Rock|[from] move: Defog|[of] p1a: Weezing
|
|-heal|p1a: Weezing|23/100|[from] item: Leftovers
|-damage|p2a: Landorus|11/100 brn|[from] brn
|upkeep
|turn|60
|
|t:|1757798557
|move|p2a: Landorus|Stealth Rock|p1a: Weezing
|-sidestart|p1: unguslybungusly|move: Stealth Rock
|move|p1a: Weezing|Defog|p2a: Landorus
|-unboost|p2a: Landorus|evasion|1
|-sideend|p1: unguslybungusly|Stealth Rock|[from] move: Defog|[of] p1a: Weezing
|
|-heal|p1a: Weezing|29/100|[from] item: Leftovers
|-damage|p2a: Landorus|5/100 brn|[from] brn
|upkeep
|turn|61
|
|t:|1757798559
|move|p2a: Landorus|Stealth Rock|p1a: Weezing
|-sidestart|p1: unguslybungusly|move: Stealth Rock
|move|p1a: Weezing|Defog|p2a: Landorus
|-unboost|p2a: Landorus|evasion|1
|-sideend|p1: unguslybungusly|Stealth Rock|[from] move: Defog|[of] p1a: Weezing
|
|-heal|p1a: Weezing|35/100|[from] item: Leftovers
|-damage|p2a: Landorus|0 fnt|[from] brn
|faint|p2a: Landorus
|upkeep
|
|t:|1757798561
|switch|p2a: Kyurem|Kyurem|100/100
|turn|62
|
|t:|1757798564
|move|p2a: Kyurem|Ice Beam|p1a: Weezing
|-damage|p1a: Weezing|0 fnt
|faint|p1a: Weezing
|-end|p1a: Weezing|ability: Neutralizing Gas
|-ability|p2a: Kyurem|Pressure
|
|upkeep
|
|t:|1757798566
|switch|p1a: Zarude|Zarude, tera:Poison|63/100
|turn|63
|
|t:|1757798568
|-terastallize|p2a: Kyurem|Ice
|move|p2a: Kyurem|Ice Beam|p1a: Zarude
|-damage|p1a: Zarude|0 fnt
|faint|p1a: Zarude
|
|upkeep
|-message|unguslybungusly forfeited.
|
|win|Flex Plays Only
|raw|unguslybungusly's rating: 1658 &rarr; <strong>1646</strong><br />(-12 for losing)
|raw|Flex Plays Only's rating: 1799 &rarr; <strong>1811</strong><br />(+12 for winning)
|l|☆unguslybungusly
|player|p1|
|l|☆Flex Plays Only
|player|p2|
