|j|☆nicolider
|j|☆armando estasilla
|t:|1757851866
|gametype|singles
|player|p1|nicolider|preschooler|1258
|player|p2|armando estasilla|backpacker|1263
|gen|9
|tier|[Gen 9] OU
|rated|
|rule|HP Percentage Mod: HP is shown in percentages
|rule|Endless Battle Clause: Forcing endless battles is banned
|rule|Species Clause: Limit one of each Pokémon
|rule|OHKO Clause: OHKO moves are banned
|rule|Evasion Items Clause: Evasion items are banned
|rule|Evasion Moves Clause: Evasion moves are banned
|rule|Evasion Abilities Clause: Evasion abilities are banned
|rule|Sleep Moves Clause: Sleep-inducing moves are banned
|clearpoke
|poke|p1|Hoopa|
|poke|p1|Landorus-Therian, M|
|poke|p1|Weezing-Galar, M|
|poke|p1|Kingambit, F|
|poke|p1|Raging Bolt|
|poke|p1|Zamazenta-*|
|poke|p2|Tyranitar, F|
|poke|p2|Excadrill, M|
|poke|p2|Hatterene, F|
|poke|p2|Ogerpon-Wellspring, F|
|poke|p2|Dragapult, M|
|poke|p2|Landorus-Therian, M|
|teampreview
|inactive|Battle timer is ON: inactive players will automatically lose when time's up. (requested by nicolider)
|
|t:|1757851886
|teamsize|p1|6
|teamsize|p2|6
|start
|switch|p1a: Weezing|Weezing-Galar, M, shiny|100/100
|switch|p2a: Ogerpon|Ogerpon-Wellspring, F|100/100
|-ability|p1a: Weezing|Neutralizing Gas
|turn|1
|
|t:|1757851890
|move|p2a: Ogerpon|U-turn|p1a: Weezing
|-resisted|p1a: Weezing
|-damage|p1a: Weezing|96/100
|
|t:|1757851892
|switch|p2a: Tyranitar|Tyranitar, F|100/100|[from] U-turn
|move|p1a: Weezing|Will-O-Wisp|p2a: Tyranitar
|-status|p2a: Tyranitar|brn
|
|-damage|p2a: Tyranitar|94/100 brn|[from] brn
|upkeep
|turn|2
|
|t:|1757851902
|-end|p1a: Weezing|ability: Neutralizing Gas
|-weather|Sandstorm|[from] ability: Sand Stream|[of] p2a: Tyranitar
|switch|p1a: Landorus|Landorus-Therian, M, shiny|100/100
|-ability|p1a: Landorus|Intimidate|boost
|-unboost|p2a: Tyranitar|atk|1
|switch|p2a: Hatterene|Hatterene, F|100/100
|
|-weather|Sandstorm|[upkeep]
|-damage|p2a: Hatterene|95/100|[from] Sandstorm
|-heal|p2a: Hatterene|100/100|[from] item: Leftovers
|upkeep
|turn|3
|
|t:|1757851920
|switch|p2a: Landorus|Landorus-Therian, M|100/100
|-ability|p2a: Landorus|Intimidate|boost
|-unboost|p1a: Landorus|atk|1
|move|p1a: Landorus|U-turn|p2a: Landorus
|-resisted|p2a: Landorus
|-damage|p2a: Landorus|94/100
|-enditem|p2a: Landorus|Eject Button
|
|t:|1757851930
|switch|p2a: Ogerpon|Ogerpon-Wellspring, F|100/100
|
|-weather|Sandstorm|[upkeep]
|-damage|p2a: Ogerpon|95/100|[from] Sandstorm
|upkeep
|turn|4
|inactive|nicolider has 120 seconds left.
|
|t:|1757851962
|switch|p1a: Weezing|Weezing-Galar, M, shiny|96/100
|-ability|p1a: Weezing|Neutralizing Gas
|move|p2a: Ogerpon|Ivy Cudgel|p1a: Weezing|[anim] Ivy Cudgel Water
|-damage|p1a: Weezing|55/100
|
|-weather|Sandstorm|[upkeep]
|-damage|p2a: Ogerpon|89/100|[from] Sandstorm
|-damage|p1a: Weezing|49/100|[from] Sandstorm
|upkeep
|turn|5
|inactive|nicolider has 120 seconds left.
|
|t:|1757851972
|move|p2a: Ogerpon|U-turn|p1a: Weezing
|-resisted|p1a: Weezing
|-damage|p1a: Weezing|45/100
|
|t:|1757851974
|switch|p2a: Hatterene|Hatterene, F|100/100|[from] U-turn
|move|p1a: Weezing|Will-O-Wisp|p2a: Hatterene
|-status|p2a: Hatterene|brn
|
|-weather|Sandstorm|[upkeep]
|-damage|p1a: Weezing|39/100|[from] Sandstorm
|-damage|p2a: Hatterene|95/100 brn|[from] Sandstorm
|-heal|p2a: Hatterene|100/100 brn|[from] item: Leftovers
|-damage|p2a: Hatterene|95/100 brn|[from] brn
|upkeep
|turn|6
|
|t:|1757851984
|move|p1a: Weezing|Pain Split|p2a: Hatterene
|-sethp|p2a: Hatterene|67/100 brn|[from] move: Pain Split|[silent]
|-sethp|p1a: Weezing|64/100|[from] move: Pain Split
|move|p2a: Hatterene|Nuzzle|p1a: Weezing
|-damage|p1a: Weezing|63/100
|-status|p1a: Weezing|par
|
|-weather|Sandstorm|[upkeep]
|-damage|p2a: Hatterene|61/100 brn|[from] Sandstorm
|-damage|p1a: Weezing|57/100 par|[from] Sandstorm
|-heal|p2a: Hatterene|67/100 brn|[from] item: Leftovers
|-damage|p2a: Hatterene|61/100 brn|[from] brn
|upkeep
|turn|7
|
|t:|1757852001
|-end|p1a: Weezing|ability: Neutralizing Gas
|switch|p1a: Raging Bolt|Raging Bolt|100/100
|move|p2a: Hatterene|Psyshock|p1a: Raging Bolt
|-damage|p1a: Raging Bolt|62/100
|
|-weather|Sandstorm|[upkeep]
|-damage|p1a: Raging Bolt|56/100|[from] Sandstorm
|-damage|p2a: Hatterene|55/100 brn|[from] Sandstorm
|-heal|p2a: Hatterene|61/100 brn|[from] item: Leftovers
|-damage|p2a: Hatterene|55/100 brn|[from] brn
|upkeep
|turn|8
|
|t:|1757852014
|move|p1a: Raging Bolt|Volt Switch|p2a: Hatterene
|-damage|p2a: Hatterene|11/100 brn
|inactive|nicolider has 120 seconds left.
|
|t:|1757852025
|-end|p1a: Raging Bolt|Protosynthesis|[silent]
|switch|p1a: Hoopa|Hoopa|100/100|[from] Volt Switch
|move|p2a: Hatterene|Draining Kiss|p1a: Hoopa
|-damage|p1a: Hoopa|73/100
|-heal|p2a: Hatterene|31/100 brn|[from] drain|[of] p1a: Hoopa
|
|-weather|Sandstorm|[upkeep]
|-damage|p1a: Hoopa|67/100|[from] Sandstorm
|-damage|p2a: Hatterene|25/100 brn|[from] Sandstorm
|-heal|p2a: Hatterene|31/100 brn|[from] item: Leftovers
|-damage|p2a: Hatterene|25/100 brn|[from] brn
|upkeep
|turn|9
|inactive|nicolider has 120 seconds left.
|
|t:|1757852045
|switch|p2a: Excadrill|Excadrill, M|100/100
|move|p1a: Hoopa|Substitute|p1a: Hoopa
|-start|p1a: Hoopa|Substitute
|-damage|p1a: Hoopa|42/100
|-enditem|p1a: Hoopa|Sitrus Berry|[eat]
|-heal|p1a: Hoopa|67/100|[from] item: Sitrus Berry
|
|-weather|none
|upkeep
|turn|10
|
|t:|1757852054
|switch|p2a: Dragapult|Dragapult, M, shiny|100/100
|move|p1a: Hoopa|Drain Punch|p2a: Dragapult
|-immune|p2a: Dragapult
|
|upkeep
|turn|11
|
|t:|1757852058
|move|p2a: Dragapult|Hex|p1a: Hoopa
|-supereffective|p1a: Hoopa
|-damage|p1a: Hoopa|0 fnt
|faint|p1a: Hoopa
|
|upkeep
|
|t:|1757852068
|switch|p1a: Kingambit|Kingambit, F|100/100
|turn|12
|
|t:|1757852074
|move|p2a: Dragapult|Will-O-Wisp|p1a: Kingambit|[miss]
|-miss|p2a: Dragapult|p1a: Kingambit
|move|p1a: Kingambit|Kowtow Cleave|p2a: Dragapult
|-supereffective|p2a: Dragapult
|-crit|p2a: Dragapult
|-damage|p2a: Dragapult|0 fnt
|faint|p2a: Dragapult
|
|upkeep
|
|t:|1757852076
|switch|p2a: Tyranitar|Tyranitar, F|94/100 brn
|-weather|Sandstorm|[from] ability: Sand Stream|[of] p2a: Tyranitar
|turn|13
|
|t:|1757852083
|switch|p1a: Landorus|Landorus-Therian, M, shiny|100/100
|-ability|p1a: Landorus|Intimidate|boost
|-unboost|p2a: Tyranitar|atk|1
|switch|p2a: Landorus|Landorus-Therian, M|94/100
|-ability|p2a: Landorus|Intimidate|boost
|-unboost|p1a: Landorus|atk|1
|
|-weather|Sandstorm|[upkeep]
|upkeep
|turn|14
|
|t:|1757852093
|move|p1a: Landorus|Taunt|p2a: Landorus
|-start|p2a: Landorus|move: Taunt
|cant|p2a: Landorus|move: Taunt|Gravity
|
|-weather|Sandstorm|[upkeep]
|upkeep
|turn|15
|
|t:|1757852100
|move|p1a: Landorus|Stealth Rock|p2a: Landorus
|-sidestart|p2: armando estasilla|move: Stealth Rock
|move|p2a: Landorus|U-turn|p1a: Landorus
|-resisted|p1a: Landorus
|-damage|p1a: Landorus|89/100
|-damage|p2a: Landorus|77/100|[from] item: Rocky Helmet|[of] p1a: Landorus
|
|t:|1757852104
|switch|p2a: Ogerpon|Ogerpon-Wellspring, F|89/100|[from] U-turn
|-damage|p2a: Ogerpon|76/100|[from] Stealth Rock
|
|-weather|Sandstorm|[upkeep]
|-damage|p2a: Ogerpon|70/100|[from] Sandstorm
|upkeep
|turn|16
|
|t:|1757852115
|switch|p1a: Zamazenta|Zamazenta, shiny|100/100
|-ability|p1a: Zamazenta|Dauntless Shield|boost
|-boost|p1a: Zamazenta|def|1
|move|p2a: Ogerpon|Ivy Cudgel|p1a: Zamazenta|[anim] Ivy Cudgel Water
|-damage|p1a: Zamazenta|65/100
|
|-weather|Sandstorm|[upkeep]
|-damage|p1a: Zamazenta|59/100|[from] Sandstorm
|-damage|p2a: Ogerpon|64/100|[from] Sandstorm
|upkeep
|turn|17
|
|t:|1757852126
|move|p1a: Zamazenta|Close Combat|p2a: Ogerpon
|-damage|p2a: Ogerpon|0 fnt
|-unboost|p1a: Zamazenta|def|1
|-unboost|p1a: Zamazenta|spd|1
|faint|p2a: Ogerpon
|
|-weather|Sandstorm|[upkeep]
|-damage|p1a: Zamazenta|53/100|[from] Sandstorm
|upkeep
|
|t:|1757852134
|switch|p2a: Landorus|Landorus-Therian, M|77/100
|-damage|p2a: Landorus|65/100|[from] Stealth Rock
|-ability|p2a: Landorus|Intimidate|boost
|-unboost|p1a: Zamazenta|atk|1
|turn|18
|
|t:|1757852144
|switch|p1a: Landorus|Landorus-Therian, M, shiny|89/100
|-ability|p1a: Landorus|Intimidate|boost
|-unboost|p2a: Landorus|atk|1
|move|p2a: Landorus|Taunt|p1a: Landorus
|-start|p1a: Landorus|move: Taunt
|
|-weather|Sandstorm|[upkeep]
|upkeep
|turn|19
|
|t:|1757852151
|move|p2a: Landorus|Gravity|p2a: Landorus
|-fieldstart|move: Gravity
|move|p1a: Landorus|U-turn|p2a: Landorus
|-resisted|p2a: Landorus
|-crit|p2a: Landorus
|-damage|p2a: Landorus|52/100
|
|t:|1757852164
|switch|p1a: Kingambit|Kingambit, F|100/100|[from] U-turn
|
|-weather|Sandstorm|[upkeep]
|upkeep
|turn|20
|
|t:|1757852171
|move|p1a: Kingambit|Sucker Punch|p2a: Landorus
|-damage|p2a: Landorus|2/100
|move|p2a: Landorus|U-turn|p1a: Kingambit
|-damage|p1a: Kingambit|88/100
|
|t:|1757852179
|switch|p2a: Hatterene|Hatterene, F|25/100 brn|[from] U-turn
|-damage|p2a: Hatterene|13/100 brn|[from] Stealth Rock
|
|-weather|none
|-heal|p2a: Hatterene|19/100 brn|[from] item: Leftovers
|-damage|p2a: Hatterene|13/100 brn|[from] brn
|upkeep
|turn|21
|
|t:|1757852191
|switch|p2a: Excadrill|Excadrill, M|100/100
|-damage|p2a: Excadrill|97/100|[from] Stealth Rock
|move|p1a: Kingambit|Sucker Punch||[still]
|-fail|p1a: Kingambit
|
|upkeep
|turn|22
|
|t:|1757852195
|switch|p1a: Landorus|Landorus-Therian, M, shiny|89/100
|-ability|p1a: Landorus|Intimidate|boost
|-unboost|p2a: Excadrill|atk|1
|move|p2a: Excadrill|Earthquake|p1a: Landorus
|-damage|p1a: Landorus|33/100
|
|upkeep
|turn|23
|
|t:|1757852221
|switch|p2a: Tyranitar|Tyranitar, F|94/100 brn
|-damage|p2a: Tyranitar|82/100 brn|[from] Stealth Rock
|-weather|Sandstorm|[from] ability: Sand Stream|[of] p2a: Tyranitar
|move|p1a: Landorus|Earth Power|p2a: Tyranitar
|-supereffective|p2a: Tyranitar
|-damage|p2a: Tyranitar|43/100 brn
|
|-weather|Sandstorm|[upkeep]
|-damage|p2a: Tyranitar|37/100 brn|[from] brn
|-fieldend|move: Gravity
|upkeep
|turn|24
|
|t:|1757852239
|switch|p2a: Landorus|Landorus-Therian, M|2/100
|-damage|p2a: Landorus|0 fnt|[from] Stealth Rock
|faint|p2a: Landorus
|move|p1a: Landorus|U-turn|p2: Landorus|[notarget]
|-fail|p1a: Landorus
|
|-weather|Sandstorm|[upkeep]
|upkeep
|
|t:|1757852241
|switch|p2a: Excadrill|Excadrill, M|97/100
|-damage|p2a: Excadrill|94/100|[from] Stealth Rock
|turn|25
|
|t:|1757852258
|switch|p1a: Weezing|Weezing-Galar, M, shiny|57/100 par
|-ability|p1a: Weezing|Neutralizing Gas
|move|p2a: Excadrill|Iron Head|p1a: Weezing
|-supereffective|p1a: Weezing
|-damage|p1a: Weezing|0 fnt
|faint|p1a: Weezing
|-end|p1a: Weezing|ability: Neutralizing Gas
|
|-weather|Sandstorm|[upkeep]
|upkeep
|inactive|nicolider has 120 seconds left.
|
|t:|1757852286
|switch|p1a: Landorus|Landorus-Therian, M, shiny|33/100
|-ability|p1a: Landorus|Intimidate|boost
|-unboost|p2a: Excadrill|atk|1
|turn|26
|
|t:|1757852298
|-terastallize|p1a: Landorus|Water
|move|p2a: Excadrill|Iron Head|p1a: Landorus
|-resisted|p1a: Landorus
|-damage|p1a: Landorus|10/100
|-damage|p2a: Excadrill|78/100|[from] item: Rocky Helmet|[of] p1a: Landorus
|move|p1a: Landorus|Earth Power|p2a: Excadrill
|-supereffective|p2a: Excadrill
|-damage|p2a: Excadrill|0 fnt
|faint|p2a: Excadrill
|
|-weather|Sandstorm|[upkeep]
|-damage|p1a: Landorus|4/100|[from] Sandstorm
|upkeep
|-message|armando estasilla forfeited.
|
|win|nicolider
|raw|nicolider's rating: 1258 &rarr; <strong>1283</strong><br />(+25 for winning)
|raw|armando estasilla's rating: 1263 &rarr; <strong>1238</strong><br />(-25 for losing)
|l|☆armando estasilla
|player|p2|
|l|☆nicolider
|player|p1|
