|j|☆abGodc
|j|☆4arms67
|t:|1757868431
|gametype|singles
|player|p1|abGodc|iris-gen5bw2|1538
|player|p2|4arms67|2|1507
|gen|9
|tier|[Gen 9] OU
|rated|
|rule|HP Percentage Mod: HP is shown in percentages
|rule|Endless Battle Clause: Forcing endless battles is banned
|rule|Species Clause: Limit one of each Pokémon
|rule|OHKO Clause: OHKO moves are banned
|rule|Evasion Items Clause: Evasion items are banned
|rule|Evasion Moves Clause: Evasion moves are banned
|rule|Evasion Abilities Clause: Evasion abilities are banned
|rule|Sleep Moves Clause: Sleep-inducing moves are banned
|clearpoke
|poke|p1|Raging Bolt|
|poke|p1|Iron Treads|
|poke|p1|Ting-Lu|
|poke|p1|Gholdengo|
|poke|p1|Zamazenta-*|
|poke|p1|Tornadus-Therian, M|
|poke|p2|Alomomola, F|
|poke|p2|Dragalge, M|
|poke|p2|Lokix, F|
|poke|p2|Great Tusk|
|poke|p2|Gholdengo|
|poke|p2|Moltres|
|teampreview
|inactive|Battle timer is ON: inactive players will automatically lose when time's up. (requested by abGodc)
|
|t:|1757868444
|teamsize|p1|6
|teamsize|p2|6
|start
|switch|p1a: Ting-Lu|Ting-Lu|100/100
|switch|p2a: Lokix|Lokix, F|100/100
|-ability|p1a: Ting-Lu|Vessel of Ruin
|turn|1
|l|☆4arms67
|inactive|4arms67 disconnected and has a minute to reconnect!
|player|p2|
|j|☆4arms67
|inactive|4arms67 reconnected and has 125 seconds left.
|player|p2|4arms67|2|
|
|t:|1757868484
|move|p2a: Lokix|U-turn|p1a: Ting-Lu
|-supereffective|p1a: Ting-Lu
|-damage|p1a: Ting-Lu|51/100
|-enditem|p1a: Ting-Lu|Weakness Policy
|-boost|p1a: Ting-Lu|atk|2|[from] item: Weakness Policy
|-boost|p1a: Ting-Lu|spa|2|[from] item: Weakness Policy
|
|t:|1757868491
|switch|p2a: Moltres|Moltres|100/100|[from] U-turn
|move|p1a: Ting-Lu|Stealth Rock|p2a: Moltres
|-sidestart|p2: 4arms67|move: Stealth Rock
|
|upkeep
|turn|2
|
|t:|1757868493
|move|p2a: Moltres|Roost||[still]
|-fail|p2a: Moltres|heal
|move|p1a: Ting-Lu|Payback|p2a: Moltres
|-damage|p2a: Moltres|10/100
|-status|p1a: Ting-Lu|brn|[from] ability: Flame Body|[of] p2a: Moltres
|
|-damage|p1a: Ting-Lu|45/100 brn|[from] brn
|upkeep
|turn|3
|
|t:|1757868502
|move|p2a: Moltres|Roost|p2a: Moltres
|-heal|p2a: Moltres|60/100
|-singleturn|p2a: Moltres|move: Roost
|move|p1a: Ting-Lu|Earthquake|p2a: Moltres
|-supereffective|p2a: Moltres
|-damage|p2a: Moltres|0 fnt
|faint|p2a: Moltres
|
|-damage|p1a: Ting-Lu|39/100 brn|[from] brn
|upkeep
|
|t:|1757868505
|switch|p2a: Lokix|Lokix, F|100/100
|-damage|p2a: Lokix|76/100|[from] Stealth Rock
|turn|4
|
|t:|1757868509
|move|p2a: Lokix|U-turn|p1a: Ting-Lu
|-supereffective|p1a: Ting-Lu
|-damage|p1a: Ting-Lu|0 fnt
|faint|p1a: Ting-Lu
|
|t:|1757868515
|switch|p2a: Alomomola|Alomomola, F|100/100|[from] U-turn
|-damage|p2a: Alomomola|88/100|[from] Stealth Rock
|
|upkeep
|l|☆4arms67
|inactive|4arms67 disconnected and has a minute to reconnect!
|player|p2|
|
|t:|1757868523
|switch|p1a: Raging Bolt|Raging Bolt|100/100
|-enditem|p1a: Raging Bolt|Booster Energy
|-activate|p1a: Raging Bolt|ability: Protosynthesis|[fromitem]
|-start|p1a: Raging Bolt|protosynthesisspa
|turn|5
|j|☆4arms67
|inactive|4arms67 reconnected and has 145 seconds left.
|player|p2|4arms67|2|
|
|t:|1757868534
|switch|p2a: Great Tusk|Great Tusk|100/100
|move|p1a: Raging Bolt|Calm Mind|p1a: Raging Bolt
|-boost|p1a: Raging Bolt|spa|1
|-boost|p1a: Raging Bolt|spd|1
|
|upkeep
|turn|6
|l|☆4arms67
|inactive|4arms67 disconnected and has a minute to reconnect!
|player|p2|
|j|☆4arms67
|inactive|4arms67 reconnected and has 115 seconds left.
|player|p2|4arms67|2|
|
|t:|1757868576
|move|p2a: Great Tusk|Headlong Rush|p1a: Raging Bolt
|-supereffective|p1a: Raging Bolt
|-crit|p1a: Raging Bolt
|-damage|p1a: Raging Bolt|0 fnt
|-unboost|p2a: Great Tusk|def|1
|-unboost|p2a: Great Tusk|spd|1
|faint|p1a: Raging Bolt
|-end|p1a: Raging Bolt|Protosynthesis|[silent]
|
|upkeep
|l|☆4arms67
|inactive|4arms67 disconnected and has a minute to reconnect!
|player|p2|
|j|☆4arms67
|inactive|4arms67 reconnected.
|player|p2|4arms67|2|
|
|t:|1757868604
|switch|p1a: Tornadus|Tornadus-Therian, M|100/100
|turn|7
|
|t:|1757868608
|-end|p2a: Great Tusk|Protosynthesis|[silent]
|switch|p2a: Alomomola|Alomomola, F|100/100
|-damage|p2a: Alomomola|88/100|[from] Stealth Rock
|move|p1a: Tornadus|Bleakwind Storm|p2a: Alomomola
|-damage|p2a: Alomomola|52/100
|-damage|p1a: Tornadus|91/100|[from] item: Life Orb
|
|upkeep
|turn|8
|inactive|4arms67 has 120 seconds left.
|
|t:|1757868624
|move|p1a: Tornadus|Nasty Plot|p1a: Tornadus
|-boost|p1a: Tornadus|spa|2
|move|p2a: Alomomola|Flip Turn|p1a: Tornadus
|-damage|p1a: Tornadus|68/100
|
|t:|1757868627
|switch|p2a: Lokix|Lokix, F|76/100|[from] Flip Turn
|-damage|p2a: Lokix|51/100|[from] Stealth Rock
|
|upkeep
|turn|9
|l|☆4arms67
|inactive|4arms67 disconnected and has a minute to reconnect!
|player|p2|
|
|t:|1757868648
|-terastallize|p2a: Lokix|Bug
|move|p2a: Lokix|First Impression|p1a: Tornadus
|-resisted|p1a: Tornadus
|-damage|p1a: Tornadus|0 fnt
|faint|p1a: Tornadus
|
|upkeep
|
|t:|1757868657
|switch|p1a: Iron Treads|Iron Treads|100/100
|-enditem|p1a: Iron Treads|Booster Energy
|-activate|p1a: Iron Treads|ability: Quark Drive|[fromitem]
|-start|p1a: Iron Treads|quarkdrivespe
|turn|10
|j|☆4arms67
|inactive|4arms67 reconnected and has 150 seconds left.
|player|p2|4arms67|2|
|
|t:|1757868661
|switch|p2a: Great Tusk|Great Tusk|100/100
|move|p1a: Iron Treads|Earthquake|p2a: Great Tusk
|-damage|p2a: Great Tusk|69/100
|
|upkeep
|turn|11
|
|t:|1757868685
|move|p1a: Iron Treads|Ice Spinner|p2a: Great Tusk
|-supereffective|p2a: Great Tusk
|-damage|p2a: Great Tusk|31/100
|move|p2a: Great Tusk|Headlong Rush|p1a: Iron Treads
|-supereffective|p1a: Iron Treads
|-damage|p1a: Iron Treads|0 fnt
|-unboost|p2a: Great Tusk|def|1
|-unboost|p2a: Great Tusk|spd|1
|faint|p1a: Iron Treads
|-end|p1a: Iron Treads|Quark Drive|[silent]
|
|upkeep
|
|t:|1757868692
|switch|p1a: Zamazenta|Zamazenta|100/100
|-ability|p1a: Zamazenta|Dauntless Shield|boost
|-boost|p1a: Zamazenta|def|1
|turn|12
|
|t:|1757868698
|-end|p2a: Great Tusk|Protosynthesis|[silent]
|switch|p2a: Dragalge|Dragalge, M|100/100
|-damage|p2a: Dragalge|88/100|[from] Stealth Rock
|move|p1a: Zamazenta|Crunch|p2a: Dragalge
|-crit|p2a: Dragalge
|-damage|p2a: Dragalge|50/100
|-unboost|p2a: Dragalge|def|1
|
|upkeep
|turn|13
|
|t:|1757868707
|move|p1a: Zamazenta|Crunch|p2a: Dragalge
|-damage|p2a: Dragalge|12/100
|move|p2a: Dragalge|Draco Meteor|p1a: Zamazenta
|-damage|p1a: Zamazenta|0 fnt
|-unboost|p2a: Dragalge|spa|2
|faint|p1a: Zamazenta
|
|upkeep
|
|t:|1757868709
|switch|p1a: Gholdengo|Gholdengo|100/100
|-item|p1a: Gholdengo|Air Balloon
|turn|14
|
|t:|1757868714
|switch|p2a: Alomomola|Alomomola, F|85/100
|-damage|p2a: Alomomola|73/100|[from] Stealth Rock
|move|p1a: Gholdengo|Shadow Ball|p2a: Alomomola
|-damage|p2a: Alomomola|49/100
|
|upkeep
|turn|15
|
|t:|1757868718
|move|p1a: Gholdengo|Nasty Plot|p1a: Gholdengo
|-boost|p1a: Gholdengo|spa|2
|move|p2a: Alomomola|Flip Turn|p1a: Gholdengo
|-damage|p1a: Gholdengo|85/100
|-enditem|p1a: Gholdengo|Air Balloon
|
|t:|1757868720
|switch|p2a: Great Tusk|Great Tusk|31/100|[from] Flip Turn
|
|upkeep
|turn|16
|
|t:|1757868725
|-terastallize|p1a: Gholdengo|Fairy
|move|p2a: Great Tusk|Headlong Rush|p1a: Gholdengo
|-damage|p1a: Gholdengo|22/100
|-unboost|p2a: Great Tusk|def|1
|-unboost|p2a: Great Tusk|spd|1
|move|p1a: Gholdengo|Shadow Ball|p2a: Great Tusk
|-damage|p2a: Great Tusk|0 fnt
|faint|p2a: Great Tusk
|-end|p2a: Great Tusk|Protosynthesis|[silent]
|
|upkeep
|l|☆4arms67
|inactive|4arms67 disconnected and has a minute to reconnect!
|player|p2|
|-message|abGodc forfeited.
|
|win|4arms67
|raw|abGodc's rating: 1538 &rarr; <strong>1516</strong><br />(-22 for losing)
|raw|4arms67's rating: 1507 &rarr; <strong>1529</strong><br />(+22 for winning)
|l|☆abGodc
|player|p1|
|j|☆4arms67
|player|p2|4arms67|2|
|l|☆4arms67
|player|p2|
