|j|☆fafewf
|j|☆OnArceus
|t:|1757805357
|gametype|singles
|player|p1|fafewf|wallace|1692
|player|p2|OnArceus|#scl2spartans|1709
|gen|9
|tier|[Gen 9] OU
|rated|
|rule|HP Percentage Mod: HP is shown in percentages
|rule|Endless Battle Clause: Forcing endless battles is banned
|rule|Species Clause: Limit one of each Pokémon
|rule|OHKO Clause: OHKO moves are banned
|rule|Evasion Items Clause: Evasion items are banned
|rule|Evasion Moves Clause: Evasion moves are banned
|rule|Evasion Abilities Clause: Evasion abilities are banned
|rule|Sleep Moves Clause: Sleep-inducing moves are banned
|clearpoke
|poke|p1|Suicune|
|poke|p1|Corviknight, M|
|poke|p1|Cresselia, F|
|poke|p1|Darkrai|
|poke|p1|Landorus-Therian, M|
|poke|p1|Skeledirge, M|
|poke|p2|Ursaluna, M|
|poke|p2|Meowscarada, M|
|poke|p2|Slowking-Galar, M|
|poke|p2|Great Tusk|
|poke|p2|Moltres|
|poke|p2|Gholdengo|
|teampreview
|j| Jey2
|
|t:|1757805370
|teamsize|p1|6
|teamsize|p2|6
|start
|switch|p1a: Landorus.|Landorus-Therian, M|100/100
|switch|p2a: Ursaluna|Ursaluna, M|100/100
|-ability|p1a: Landorus.|Intimidate|boost
|-unboost|p2a: Ursaluna|atk|1
|turn|1
|
|t:|1757805379
|move|p1a: Landorus.|U-turn|p2a: Ursaluna
|-damage|p2a: Ursaluna|81/100
|j| Nikator98
|
|t:|1757805384
|switch|p1a: The Indomitable|Suicune|100/100|[from] U-turn
|-ability|p1a: The Indomitable|Pressure
|move|p2a: Ursaluna|Bulk Up|p2a: Ursaluna
|-boost|p2a: Ursaluna|atk|1
|-boost|p2a: Ursaluna|def|1
|
|-heal|p2a: Ursaluna|87/100|[from] item: Leftovers
|upkeep
|turn|2
|l| Nikator98
|
|t:|1757805395
|switch|p1a: Landorus.|Landorus-Therian, M|100/100
|-ability|p1a: Landorus.|Intimidate|boost
|-unboost|p2a: Ursaluna|atk|1
|move|p2a: Ursaluna|Earthquake|p1a: Landorus.
|-immune|p1a: Landorus.
|
|-heal|p2a: Ursaluna|93/100|[from] item: Leftovers
|upkeep
|turn|3
|
|t:|1757805402
|move|p1a: Landorus.|U-turn|p2a: Ursaluna
|-damage|p2a: Ursaluna|80/100
|
|t:|1757805406
|switch|p1a: The Light|Cresselia, F|100/100|[from] U-turn
|move|p2a: Ursaluna|Bulk Up|p2a: Ursaluna
|-boost|p2a: Ursaluna|atk|1
|-boost|p2a: Ursaluna|def|1
|
|-heal|p2a: Ursaluna|86/100|[from] item: Leftovers
|upkeep
|turn|4
|
|t:|1757805409
|move|p2a: Ursaluna|Protect|p2a: Ursaluna
|-singleturn|p2a: Ursaluna|Protect
|move|p1a: The Light|Trick|p2a: Ursaluna
|-activate|p2a: Ursaluna|move: Protect
|
|-heal|p2a: Ursaluna|93/100|[from] item: Leftovers
|upkeep
|turn|5
|
|t:|1757805416
|switch|p1a: Landorus.|Landorus-Therian, M|100/100
|-ability|p1a: Landorus.|Intimidate|boost
|-unboost|p2a: Ursaluna|atk|1
|switch|p2a: Meowscarada|Meowscarada, M|100/100
|
|upkeep
|turn|6
|
|t:|1757805419
|switch|p2a: Moltres|Moltres|100/100
|move|p1a: Landorus.|U-turn|p2a: Moltres
|-resisted|p2a: Moltres
|-damage|p2a: Moltres|96/100
|
|t:|1757805426
|switch|p1a: The Indomitable|Suicune|100/100|[from] U-turn
|-ability|p1a: The Indomitable|Pressure
|
|upkeep
|turn|7
|
|t:|1757805433
|move|p1a: The Indomitable|Scald|p2a: Moltres
|-supereffective|p2a: Moltres
|-damage|p2a: Moltres|46/100
|move|p2a: Moltres|Roar|p1a: The Indomitable
|drag|p1a: The Unbothered|Skeledirge, M|100/100
|
|upkeep
|turn|8
|
|t:|1757805441
|move|p2a: Moltres|Roost|p2a: Moltres
|-heal|p2a: Moltres|96/100
|-singleturn|p2a: Moltres|move: Roost
|move|p1a: The Unbothered|Torch Song|p2a: Moltres
|-resisted|p2a: Moltres
|-damage|p2a: Moltres|81/100
|-boost|p1a: The Unbothered|spa|1
|
|upkeep
|turn|9
|
|t:|1757805447
|move|p2a: Moltres|U-turn|p1a: The Unbothered
|-resisted|p1a: The Unbothered
|-damage|p1a: The Unbothered|97/100
|
|t:|1757805448
|switch|p2a: Ursaluna|Ursaluna, M|93/100|[from] U-turn
|move|p1a: The Unbothered|Hex|p2a: Ursaluna
|-immune|p2a: Ursaluna
|
|-heal|p2a: Ursaluna|99/100|[from] item: Leftovers
|upkeep
|turn|10
|
|t:|1757805453
|switch|p1a: Landorus.|Landorus-Therian, M|100/100
|-ability|p1a: Landorus.|Intimidate|boost
|-unboost|p2a: Ursaluna|atk|1
|move|p2a: Ursaluna|Ice Punch|p1a: Landorus.
|-supereffective|p1a: Landorus.
|-damage|p1a: Landorus.|29/100
|
|-heal|p2a: Ursaluna|100/100|[from] item: Leftovers
|upkeep
|turn|11
|
|t:|1757805467
|switch|p1a: The Light|Cresselia, F|100/100
|switch|p2a: Great Tusk|Great Tusk|100/100
|
|upkeep
|turn|12
|
|t:|1757805477
|-end|p2a: Great Tusk|Protosynthesis|[silent]
|switch|p2a: Slowking|Slowking-Galar, M|100/100
|move|p1a: The Light|Light Screen|p1a: The Light
|-sidestart|p1: fafewf|move: Light Screen
|
|upkeep
|turn|13
|
|t:|1757805486
|switch|p1a: The Indomitable|Suicune|100/100
|-ability|p1a: The Indomitable|Pressure
|move|p2a: Slowking|Toxic Spikes|p1a: The Indomitable
|-sidestart|p1: fafewf|move: Toxic Spikes
|
|upkeep
|turn|14
|
|t:|1757805493
|move|p1a: The Indomitable|Substitute|p1a: The Indomitable
|-start|p1a: The Indomitable|Substitute
|-damage|p1a: The Indomitable|75/100
|-prepare|p2a: Slowking|Chilly Reception|[premajor]
|move|p2a: Slowking|Chilly Reception|p2a: Slowking
|-weather|Snowscape
|
|t:|1757805496
|switch|p2a: Meowscarada|Meowscarada, M|100/100|[from] Chilly Reception
|
|-weather|Snowscape|[upkeep]
|-heal|p1a: The Indomitable|82/100|[from] item: Leftovers
|upkeep
|turn|15
|
|t:|1757805498
|move|p1a: The Indomitable|Protect|p1a: The Indomitable
|-singleturn|p1a: The Indomitable|Protect
|move|p2a: Meowscarada|Flower Trick|p1a: The Indomitable
|-activate|p1a: The Indomitable|move: Protect
|
|-weather|Snowscape|[upkeep]
|-heal|p1a: The Indomitable|88/100|[from] item: Leftovers
|upkeep
|turn|16
|
|t:|1757805504
|move|p2a: Meowscarada|Flower Trick|p1a: The Indomitable
|-supereffective|p1a: The Indomitable
|-crit|p1a: The Indomitable
|-end|p1a: The Indomitable|Substitute
|move|p1a: The Indomitable|Substitute|p1a: The Indomitable
|-start|p1a: The Indomitable|Substitute
|-damage|p1a: The Indomitable|63/100
|
|-weather|Snowscape|[upkeep]
|-heal|p1a: The Indomitable|69/100|[from] item: Leftovers
|-sideend|p1: fafewf|move: Light Screen
|upkeep
|turn|17
|
|t:|1757805514
|move|p1a: The Indomitable|Protect|p1a: The Indomitable
|-singleturn|p1a: The Indomitable|Protect
|move|p2a: Meowscarada|Spikes|p1a: The Indomitable
|-sidestart|p1: fafewf|Spikes
|
|-weather|Snowscape|[upkeep]
|-heal|p1a: The Indomitable|75/100|[from] item: Leftovers
|upkeep
|turn|18
|
|t:|1757805528
|move|p2a: Meowscarada|Knock Off|p1a: The Indomitable
|-end|p1a: The Indomitable|Substitute
|move|p1a: The Indomitable|Scald|p2a: Meowscarada
|-resisted|p2a: Meowscarada
|-damage|p2a: Meowscarada|82/100
|-status|p2a: Meowscarada|brn
|
|-weather|none
|-heal|p1a: The Indomitable|81/100|[from] item: Leftovers
|-damage|p2a: Meowscarada|76/100 brn|[from] brn
|upkeep
|turn|19
|
|t:|1757805535
|move|p1a: The Indomitable|Protect|p1a: The Indomitable
|-singleturn|p1a: The Indomitable|Protect
|move|p2a: Meowscarada|Knock Off|p1a: The Indomitable
|-activate|p1a: The Indomitable|move: Protect
|
|-heal|p1a: The Indomitable|88/100|[from] item: Leftovers
|-damage|p2a: Meowscarada|70/100 brn|[from] brn
|upkeep
|turn|20
|
|t:|1757805542
|switch|p1a: The Replacement|Corviknight, M|100/100
|-ability|p1a: The Replacement|Pressure
|move|p2a: Meowscarada|Knock Off|p1a: The Replacement
|-damage|p1a: The Replacement|86/100
|-damage|p2a: Meowscarada|53/100 brn|[from] item: Rocky Helmet|[of] p1a: The Replacement
|-enditem|p1a: The Replacement|Rocky Helmet|[from] move: Knock Off|[of] p2a: Meowscarada
|
|-damage|p2a: Meowscarada|47/100 brn|[from] brn
|upkeep
|turn|21
|
|t:|1757805551
|move|p2a: Meowscarada|U-turn|p1a: The Replacement
|-resisted|p1a: The Replacement
|-damage|p1a: The Replacement|85/100
|
|t:|1757805553
|switch|p2a: Gholdengo|Gholdengo|100/100|[from] U-turn
|move|p1a: The Replacement|Defog|p2a: Gholdengo
|-immune|p2a: Gholdengo|[from] ability: Good as Gold
|
|upkeep
|turn|22
|
|t:|1757805578
|switch|p1a: The Indomitable|Suicune|88/100
|-status|p1a: The Indomitable|psn
|-damage|p1a: The Indomitable|75/100 psn|[from] Spikes
|-ability|p1a: The Indomitable|Pressure
|move|p2a: Gholdengo|Shadow Ball|p1a: The Indomitable
|-damage|p1a: The Indomitable|53/100 psn
|
|-heal|p1a: The Indomitable|59/100 psn|[from] item: Leftovers
|-damage|p1a: The Indomitable|47/100 psn|[from] psn
|upkeep
|turn|23
|
|t:|1757805593
|switch|p2a: Slowking|Slowking-Galar, M|100/100
|move|p1a: The Indomitable|Scald|p2a: Slowking
|-damage|p2a: Slowking|80/100
|-status|p2a: Slowking|brn
|
|-heal|p1a: The Indomitable|53/100 psn|[from] item: Leftovers
|-damage|p1a: The Indomitable|40/100 psn|[from] psn
|-damage|p2a: Slowking|74/100 brn|[from] brn
|upkeep
|turn|24
|
|t:|1757805601
|switch|p1a: The Unbothered|Skeledirge, M|97/100
|move|p2a: Slowking|Future Sight|p1a: The Unbothered
|-start|p2a: Slowking|move: Future Sight
|
|-damage|p2a: Slowking|68/100 brn|[from] brn
|upkeep
|turn|25
|
|t:|1757805609
|move|p1a: The Unbothered|Torch Song|p2a: Slowking
|-damage|p2a: Slowking|43/100 brn
|-boost|p1a: The Unbothered|spa|1
|-prepare|p2a: Slowking|Chilly Reception|[premajor]
|move|p2a: Slowking|Chilly Reception|p2a: Slowking
|-weather|Snowscape
|
|t:|1757805611
|switch|p2a: Ursaluna|Ursaluna, M|100/100|[from] Chilly Reception
|
|-weather|Snowscape|[upkeep]
|upkeep
|turn|26
|
|t:|1757805620
|switch|p1a: The Replacement|Corviknight, M|85/100
|-ability|p1a: The Replacement|Pressure
|switch|p2a: Gholdengo|Gholdengo|100/100
|
|-weather|Snowscape|[upkeep]
|-end|p1a: The Replacement|move: Future Sight
|-resisted|p1a: The Replacement
|-damage|p1a: The Replacement|62/100
|upkeep
|turn|27
|
|t:|1757805627
|move|p2a: Gholdengo|Shadow Ball|p1a: The Replacement
|-damage|p1a: The Replacement|22/100
|-unboost|p1a: The Replacement|spd|1
|move|p1a: The Replacement|Roost|p1a: The Replacement
|-heal|p1a: The Replacement|72/100
|-singleturn|p1a: The Replacement|move: Roost
|
|-weather|Snowscape|[upkeep]
|upkeep
|turn|28
|
|t:|1757805633
|switch|p1a: The Light|Cresselia, F|100/100
|move|p2a: Gholdengo|Shadow Ball|p1a: The Light
|-supereffective|p1a: The Light
|-damage|p1a: The Light|45/100
|-unboost|p1a: The Light|spd|1
|
|-weather|Snowscape|[upkeep]
|upkeep
|turn|29
|
|t:|1757805646
|move|p1a: The Light|Light Screen|p1a: The Light
|-sidestart|p1: fafewf|move: Light Screen
|move|p2a: Gholdengo|Shadow Ball|p1a: The Light
|-supereffective|p1a: The Light
|-damage|p1a: The Light|0 fnt
|faint|p1a: The Light
|
|-weather|none
|upkeep
|
|t:|1757805649
|switch|p1a: The Unbothered|Skeledirge, M|97/100
|turn|30
|
|t:|1757805653
|switch|p2a: Ursaluna|Ursaluna, M|100/100
|move|p1a: The Unbothered|Torch Song|p2a: Ursaluna
|-damage|p2a: Ursaluna|81/100
|-boost|p1a: The Unbothered|spa|1
|
|-heal|p2a: Ursaluna|87/100|[from] item: Leftovers
|upkeep
|turn|31
|
|t:|1757805665
|move|p1a: The Unbothered|Torch Song|p2a: Ursaluna
|-damage|p2a: Ursaluna|60/100
|-boost|p1a: The Unbothered|spa|1
|move|p2a: Ursaluna|Earthquake|p1a: The Unbothered
|-supereffective|p1a: The Unbothered
|-damage|p1a: The Unbothered|24/100
|
|-heal|p2a: Ursaluna|66/100|[from] item: Leftovers
|upkeep
|turn|32
|-message|fafewf forfeited.
|
|win|OnArceus
|raw|fafewf's rating: 1692 &rarr; <strong>1674</strong><br />(-18 for losing)
|raw|OnArceus's rating: 1728 &rarr; <strong>1746</strong><br />(+18 for winning)
|l|☆fafewf
|player|p1|
