|j|☆xcPurple
|j|☆saykio
|t:|1757852841
|gametype|singles
|player|p1|xcPurple|rosa|1427
|player|p2|saykio|palmer|1416
|gen|9
|tier|[Gen 9] OU
|rated|
|rule|HP Percentage Mod: HP is shown in percentages
|rule|Endless Battle Clause: Forcing endless battles is banned
|rule|Species Clause: Limit one of each Pokémon
|rule|OHKO Clause: OHKO moves are banned
|rule|Evasion Items Clause: Evasion items are banned
|rule|Evasion Moves Clause: Evasion moves are banned
|rule|Evasion Abilities Clause: Evasion abilities are banned
|rule|Sleep Moves Clause: Sleep-inducing moves are banned
|clearpoke
|poke|p1|Pelipper, M|
|poke|p1|Greninja-*, M|
|poke|p1|Basculegion, M|
|poke|p1|Zapdos|
|poke|p1|Sandy Shocks|
|poke|p1|Scizor, M|
|poke|p2|Garchomp, M|
|poke|p2|Gliscor, M|
|poke|p2|Kingambit, M|
|poke|p2|Scizor, M|
|poke|p2|Rotom-Wash|
|poke|p2|Corviknight, M|
|teampreview
|inactive|Battle timer is ON: inactive players will automatically lose when time's up. (requested by xcPurple)
|
|t:|1757852849
|teamsize|p1|6
|teamsize|p2|6
|start
|switch|p1a: Sandy Shocks|Sandy Shocks, shiny|100/100
|switch|p2a: Rotom|Rotom-Wash|100/100
|-enditem|p1a: Sandy Shocks|Booster Energy
|-activate|p1a: Sandy Shocks|ability: Protosynthesis|[fromitem]
|-start|p1a: Sandy Shocks|protosynthesisspe
|turn|1
|
|t:|1757852857
|move|p1a: Sandy Shocks|Thunderbolt|p2a: Rotom
|-damage|p2a: Rotom|57/100
|move|p2a: Rotom|Hydro Pump|p1a: Sandy Shocks
|-supereffective|p1a: Sandy Shocks
|-damage|p1a: Sandy Shocks|11/100
|
|-heal|p2a: Rotom|63/100|[from] item: Leftovers
|upkeep
|turn|2
|
|t:|1757852872
|switch|p2a: Gliscor|Gliscor, M|100/100
|move|p1a: Sandy Shocks|Stealth Rock|p2a: Gliscor
|-sidestart|p2: saykio|move: Stealth Rock
|
|-status|p2a: Gliscor|tox|[from] item: Toxic Orb
|upkeep
|turn|3
|
|t:|1757852879
|-terastallize|p1a: Sandy Shocks|Ice
|move|p1a: Sandy Shocks|Tera Blast|p2a: Gliscor|[anim] Tera Blast Ice
|-supereffective|p2a: Gliscor
|-damage|p2a: Gliscor|0 fnt
|faint|p2a: Gliscor
|
|upkeep
|
|t:|1757852884
|switch|p2a: Scizor|Scizor, M|100/100
|-damage|p2a: Scizor|88/100|[from] Stealth Rock
|turn|4
|
|t:|1757852889
|-end|p1a: Sandy Shocks|Protosynthesis|[silent]
|switch|p1a: Pelipper|Pelipper, M|100/100
|-weather|RainDance|[from] ability: Drizzle|[of] p1a: Pelipper
|move|p2a: Scizor|Knock Off|p1a: Pelipper
|-damage|p1a: Pelipper|37/100
|-enditem|p1a: Pelipper|Damp Rock|[from] move: Knock Off|[of] p2a: Scizor
|
|-weather|RainDance|[upkeep]
|upkeep
|turn|5
|
|t:|1757852898
|move|p2a: Scizor|Knock Off|p1a: Pelipper
|-damage|p1a: Pelipper|0 fnt
|faint|p1a: Pelipper
|
|-weather|RainDance|[upkeep]
|upkeep
|
|t:|1757852903
|switch|p1a: Basculegion|Basculegion, M|100/100
|turn|6
|
|t:|1757852912
|switch|p2a: Corviknight|Corviknight, M|100/100
|-damage|p2a: Corviknight|88/100|[from] Stealth Rock
|-ability|p2a: Corviknight|Pressure
|move|p1a: Basculegion|Wave Crash|p2a: Corviknight
|-damage|p2a: Corviknight|0 fnt
|faint|p2a: Corviknight
|-damage|p1a: Basculegion|73/100|[from] Recoil
|
|-weather|RainDance|[upkeep]
|upkeep
|
|t:|1757852924
|switch|p2a: Kingambit|Kingambit, M|100/100
|-damage|p2a: Kingambit|94/100|[from] Stealth Rock
|-activate|p2a: Kingambit|ability: Supreme Overlord
|-start|p2a: Kingambit|fallen2|[silent]
|turn|7
|
|t:|1757852930
|switch|p1a: Sandy Shocks|Sandy Shocks, shiny, tera:Ice|11/100
|move|p2a: Kingambit|Sucker Punch||[still]
|-fail|p2a: Kingambit
|
|-weather|RainDance|[upkeep]
|-heal|p2a: Kingambit|100/100|[from] item: Leftovers
|upkeep
|turn|8
|
|t:|1757852935
|-end|p1a: Sandy Shocks|Protosynthesis|[silent]
|switch|p1a: Scizor|Scizor, M|100/100
|move|p2a: Kingambit|Sucker Punch||[still]
|-fail|p2a: Kingambit
|
|-weather|RainDance|[upkeep]
|upkeep
|turn|9
|
|t:|1757852942
|-end|p2a: Kingambit|fallen2|[silent]
|switch|p2a: Garchomp|Garchomp, M|100/100
|-damage|p2a: Garchomp|94/100|[from] Stealth Rock
|move|p1a: Scizor|Close Combat|p2a: Garchomp
|-damage|p2a: Garchomp|68/100
|-unboost|p1a: Scizor|def|1
|-unboost|p1a: Scizor|spd|1
|-damage|p1a: Scizor|88/100|[from] ability: Rough Skin|[of] p2a: Garchomp
|-damage|p1a: Scizor|71/100|[from] item: Rocky Helmet|[of] p2a: Garchomp
|
|-weather|RainDance|[upkeep]
|upkeep
|turn|10
|
|t:|1757852960
|switch|p1a: Greninja|Greninja, M|100/100
|move|p2a: Garchomp|Earthquake|p1a: Greninja
|-damage|p1a: Greninja|32/100
|
|-weather|RainDance|[upkeep]
|upkeep
|turn|11
|
|t:|1757852975
|switch|p2a: Rotom|Rotom-Wash|63/100
|-damage|p2a: Rotom|51/100|[from] Stealth Rock
|move|p1a: Greninja|Surf|p2a: Rotom
|-resisted|p2a: Rotom
|-damage|p2a: Rotom|12/100
|-damage|p1a: Greninja|23/100|[from] item: Life Orb
|
|-weather|none
|-heal|p2a: Rotom|18/100|[from] item: Leftovers
|upkeep
|turn|12
|
|t:|1757852986
|switch|p1a: Zapdos|Zapdos, shiny|100/100
|switch|p2a: Scizor|Scizor, M|88/100
|-damage|p2a: Scizor|76/100|[from] Stealth Rock
|
|upkeep
|turn|13
|
|t:|1757852994
|move|p1a: Zapdos|U-turn|p2a: Scizor
|-resisted|p2a: Scizor
|-damage|p2a: Scizor|69/100
|
|t:|1757852999
|switch|p1a: Basculegion|Basculegion, M|73/100|[from] U-turn
|move|p2a: Scizor|Knock Off|p1a: Basculegion
|-supereffective|p1a: Basculegion
|-damage|p1a: Basculegion|0 fnt
|-enditem|p1a: Basculegion|Choice Band|[from] move: Knock Off|[of] p2a: Scizor
|faint|p1a: Basculegion
|
|upkeep
|
|t:|1757853014
|switch|p1a: Greninja|Greninja, M|23/100
|turn|14
|
|t:|1757853020
|move|p1a: Greninja|Surf|p2a: Scizor
|-damage|p2a: Scizor|5/100
|-damage|p1a: Greninja|13/100|[from] item: Life Orb
|move|p2a: Scizor|Knock Off|p1a: Greninja
|-resisted|p1a: Greninja
|-damage|p1a: Greninja|0 fnt
|-enditem|p1a: Greninja|Life Orb|[from] move: Knock Off|[of] p2a: Scizor
|faint|p1a: Greninja
|
|upkeep
|
|t:|1757853027
|switch|p1a: Scizor|Scizor, M|71/100
|turn|15
|
|t:|1757853031
|move|p1a: Scizor|Bullet Punch|p2a: Scizor
|-resisted|p2a: Scizor
|-damage|p2a: Scizor|0 fnt
|faint|p2a: Scizor
|
|upkeep
|
|t:|1757853036
|switch|p2a: Garchomp|Garchomp, M|68/100
|-damage|p2a: Garchomp|62/100|[from] Stealth Rock
|turn|16
|
|t:|1757853048
|switch|p1a: Zapdos|Zapdos, shiny|100/100
|move|p2a: Garchomp|Earthquake|p1a: Zapdos
|-immune|p1a: Zapdos
|
|upkeep
|turn|17
|
|t:|1757853057
|move|p1a: Zapdos|Hurricane|p2a: Garchomp|[miss]
|-miss|p1a: Zapdos|p2a: Garchomp
|move|p2a: Garchomp|Stealth Rock|p1a: Zapdos
|-sidestart|p1: xcPurple|move: Stealth Rock
|
|upkeep
|turn|18
|
|t:|1757853062
|move|p1a: Zapdos|Hurricane|p2a: Garchomp
|-damage|p2a: Garchomp|19/100
|move|p2a: Garchomp|Dragon Tail|p1a: Zapdos
|-damage|p1a: Zapdos|76/100
|drag|p1a: Sandy Shocks|Sandy Shocks, shiny, tera:Ice|11/100
|-damage|p1a: Sandy Shocks|0 fnt|[from] Stealth Rock
|faint|p1a: Sandy Shocks
|-end|p1a: Sandy Shocks|Protosynthesis|[silent]
|
|upkeep
|
|t:|1757853073
|switch|p1a: Scizor|Scizor, M|71/100
|-damage|p1a: Scizor|59/100|[from] Stealth Rock
|turn|19
|
|t:|1757853077
|move|p1a: Scizor|Bullet Punch|p2a: Garchomp
|-damage|p2a: Garchomp|0 fnt
|-damage|p1a: Scizor|46/100|[from] ability: Rough Skin|[of] p2a: Garchomp
|-damage|p1a: Scizor|30/100|[from] item: Rocky Helmet|[of] p2a: Garchomp
|faint|p2a: Garchomp
|
|upkeep
|
|t:|1757853089
|switch|p2a: Rotom|Rotom-Wash|18/100
|-damage|p2a: Rotom|6/100|[from] Stealth Rock
|turn|20
|
|t:|1757853094
|move|p1a: Scizor|Bullet Punch|p2a: Rotom
|-resisted|p2a: Rotom
|-damage|p2a: Rotom|0 fnt
|faint|p2a: Rotom
|
|upkeep
|
|t:|1757853097
|switch|p2a: Kingambit|Kingambit, M|100/100
|-damage|p2a: Kingambit|94/100|[from] Stealth Rock
|-activate|p2a: Kingambit|ability: Supreme Overlord
|-start|p2a: Kingambit|fallen5|[silent]
|turn|21
|
|t:|1757853104
|switch|p1a: Zapdos|Zapdos, shiny|76/100
|-terastallize|p2a: Kingambit|Fairy
|move|p2a: Kingambit|Kowtow Cleave|p1a: Zapdos
|-damage|p1a: Zapdos|11/100
|-status|p2a: Kingambit|par|[from] ability: Static|[of] p1a: Zapdos
|
|-heal|p2a: Kingambit|100/100 par|[from] item: Leftovers
|upkeep
|turn|22
|
|t:|1757853115
|move|p1a: Zapdos|Thunder|p2a: Kingambit
|-damage|p2a: Kingambit|53/100 par
|move|p2a: Kingambit|Kowtow Cleave|p1a: Zapdos
|-damage|p1a: Zapdos|0 fnt
|faint|p1a: Zapdos
|
|-heal|p2a: Kingambit|59/100 par|[from] item: Leftovers
|upkeep
|
|t:|1757853120
|switch|p1a: Scizor|Scizor, M|30/100
|-damage|p1a: Scizor|17/100|[from] Stealth Rock
|turn|23
|
|t:|1757853129
|move|p1a: Scizor|Bullet Punch|p2a: Kingambit
|-supereffective|p2a: Kingambit
|-crit|p2a: Kingambit
|-damage|p2a: Kingambit|0 fnt
|faint|p2a: Kingambit
|-end|p2a: Kingambit|fallen5|[silent]
|
|win|xcPurple
|raw|xcPurple's rating: 1427 &rarr; <strong>1446</strong><br />(+19 for winning)
|raw|saykio's rating: 1416 &rarr; <strong>1397</strong><br />(-19 for losing)
|l|☆saykio
|player|p2|
|l|☆xcPurple
|player|p1|
