|j|☆Mcqueenloko
|j|☆NonFlushableToken
|t:|1757955832
|gametype|singles
|player|p1|Mcqueenloko|idol|1155
|player|p2|NonFlushableToken|170|1221
|gen|9
|tier|[Gen 9] OU
|rated|
|rule|HP Percentage Mod: HP is shown in percentages
|rule|Endless Battle Clause: Forcing endless battles is banned
|rule|Species Clause: Limit one of each Pokémon
|rule|OHKO Clause: OHKO moves are banned
|rule|Evasion Items Clause: Evasion items are banned
|rule|Evasion Moves Clause: Evasion moves are banned
|rule|Evasion Abilities Clause: Evasion abilities are banned
|rule|Sleep Moves Clause: Sleep-inducing moves are banned
|clearpoke
|poke|p1|Lucario, M|
|poke|p1|Corviknight, F|
|poke|p1|Landorus-Therian, M|
|poke|p1|Pecharunt|
|poke|p1|Walking Wake|
|poke|p1|Weavile, F|
|poke|p2|Ting-Lu|
|poke|p2|Pecharunt|
|poke|p2|Iron Valiant|
|poke|p2|Garganacl, M|
|poke|p2|Lokix, F|
|poke|p2|Hydrapple, F|
|teampreview
|inactive|Battle timer is ON: inactive players will automatically lose when time's up. (requested by Mcqueenloko)
|
|t:|1757955844
|teamsize|p1|6
|teamsize|p2|6
|start
|switch|p1a: Landorus|Landorus-Therian, M|100/100
|switch|p2a: Iron Valiant|Iron Valiant|100/100
|-ability|p1a: Landorus|Intimidate|boost
|-unboost|p2a: Iron Valiant|atk|1
|turn|1
|
|t:|1757955870
|-end|p2a: Iron Valiant|Quark Drive|[silent]
|switch|p2a: Ting-Lu|Ting-Lu|100/100
|-ability|p2a: Ting-Lu|Vessel of Ruin
|move|p1a: Landorus|Stealth Rock|p2a: Ting-Lu
|-sidestart|p2: NonFlushableToken|move: Stealth Rock
|
|upkeep
|turn|2
|
|t:|1757955876
|move|p1a: Landorus|Taunt|p2a: Ting-Lu
|-start|p2a: Ting-Lu|move: Taunt
|cant|p2a: Ting-Lu|move: Taunt|Spikes
|
|upkeep
|turn|3
|
|t:|1757955879
|move|p1a: Landorus|U-turn|p2a: Ting-Lu
|-supereffective|p2a: Ting-Lu
|-crit|p2a: Ting-Lu
|-damage|p2a: Ting-Lu|65/100
|
|t:|1757955887
|switch|p1a: Lucario|Lucario, M|100/100|[from] U-turn
|move|p2a: Ting-Lu|Ruination|p1a: Lucario
|-damage|p1a: Lucario|51/100
|
|-heal|p2a: Ting-Lu|71/100|[from] item: Leftovers
|upkeep
|turn|4
|
|t:|1757955899
|switch|p2a: Pecharunt|Pecharunt|100/100
|move|p1a: Lucario|Close Combat|p2a: Pecharunt
|-immune|p2a: Pecharunt
|
|upkeep
|turn|5
|
|t:|1757955909
|switch|p1a: Pecharunt|Pecharunt|100/100
|move|p2a: Pecharunt|Parting Shot|p1a: Pecharunt
|-unboost|p1a: Pecharunt|atk|1
|-unboost|p1a: Pecharunt|spa|1
|
|t:|1757955921
|switch|p2a: Ting-Lu|Ting-Lu|71/100|[from] Parting Shot
|-damage|p2a: Ting-Lu|65/100|[from] Stealth Rock
|-ability|p2a: Ting-Lu|Vessel of Ruin
|
|-heal|p2a: Ting-Lu|71/100|[from] item: Leftovers
|upkeep
|turn|6
|
|t:|1757955926
|move|p1a: Pecharunt|Parting Shot|p2a: Ting-Lu
|-unboost|p2a: Ting-Lu|atk|1
|-unboost|p2a: Ting-Lu|spa|1
|
|t:|1757955937
|switch|p1a: Weavile|Weavile, F|100/100|[from] Parting Shot
|-ability|p1a: Weavile|Pressure
|move|p2a: Ting-Lu|Spikes|p1a: Weavile
|-sidestart|p1: Mcqueenloko|Spikes
|
|-heal|p2a: Ting-Lu|77/100|[from] item: Leftovers
|upkeep
|turn|7
|
|t:|1757955962
|switch|p2a: Lokix|Lokix, F|100/100
|move|p1a: Weavile|Triple Axel|p2a: Lokix
|-damage|p2a: Lokix|78/100
|-damage|p2a: Lokix|34/100
|-damage|p2a: Lokix|0 fnt
|faint|p2a: Lokix
|-hitcount|p2: Lokix|3
|
|upkeep
|
|t:|1757955967
|switch|p2a: Iron Valiant|Iron Valiant|100/100
|turn|8
|
|t:|1757955974
|move|p1a: Weavile|Triple Axel|p2a: Iron Valiant
|-damage|p2a: Iron Valiant|81/100
|-damage|p2a: Iron Valiant|42/100
|-damage|p2a: Iron Valiant|0 fnt
|faint|p2a: Iron Valiant
|-end|p2a: Iron Valiant|Quark Drive|[silent]
|-hitcount|p2: Iron Valiant|3
|
|upkeep
|
|t:|1757955985
|switch|p2a: Pecharunt|Pecharunt|100/100
|turn|9
|
|t:|1757955992
|switch|p1a: Lucario|Lucario, M|51/100
|-damage|p1a: Lucario|38/100|[from] Spikes
|move|p2a: Pecharunt|Foul Play|p1a: Lucario
|-resisted|p1a: Lucario
|-damage|p1a: Lucario|13/100
|
|upkeep
|turn|10
|
|t:|1757956015
|move|p1a: Lucario|Close Combat|p2a: Pecharunt
|-immune|p2a: Pecharunt
|move|p2a: Pecharunt|Foul Play|p1a: Lucario
|-resisted|p1a: Lucario
|-damage|p1a: Lucario|0 fnt
|faint|p1a: Lucario
|
|upkeep
|
|t:|1757956022
|switch|p1a: Landorus|Landorus-Therian, M|100/100
|-ability|p1a: Landorus|Intimidate|boost
|-unboost|p2a: Pecharunt|atk|1
|turn|11
|
|t:|1757956031
|switch|p2a: Garganacl|Garganacl, M|100/100
|move|p1a: Landorus|Earthquake|p2a: Garganacl
|-supereffective|p2a: Garganacl
|-damage|p2a: Garganacl|34/100
|
|upkeep
|turn|12
|
|t:|1757956039
|-terastallize|p2a: Garganacl|Water
|move|p1a: Landorus|Earthquake|p2a: Garganacl
|-damage|p2a: Garganacl|0 fnt
|faint|p2a: Garganacl
|
|upkeep
|
|t:|1757956043
|switch|p2a: Hydrapple|Hydrapple, F|100/100
|turn|13
|
|t:|1757956053
|move|p1a: Landorus|U-turn|p2a: Hydrapple
|-supereffective|p2a: Hydrapple
|-damage|p2a: Hydrapple|72/100
|
|t:|1757956058
|switch|p1a: Walking Wake|Walking Wake|100/100|[from] U-turn
|-damage|p1a: Walking Wake|88/100|[from] Spikes
|-enditem|p1a: Walking Wake|Booster Energy
|-activate|p1a: Walking Wake|ability: Protosynthesis|[fromitem]
|-start|p1a: Walking Wake|protosynthesisspe
|move|p2a: Hydrapple|Earth Power|p1a: Walking Wake
|-damage|p1a: Walking Wake|59/100
|
|upkeep
|turn|14
|
|t:|1757956070
|move|p1a: Walking Wake|Dragon Pulse|p2a: Hydrapple
|-supereffective|p2a: Hydrapple
|-damage|p2a: Hydrapple|0 fnt
|faint|p2a: Hydrapple
|
|upkeep
|
|t:|1757956074
|switch|p2a: Ting-Lu|Ting-Lu|77/100
|-damage|p2a: Ting-Lu|71/100|[from] Stealth Rock
|-ability|p2a: Ting-Lu|Vessel of Ruin
|turn|15
|
|t:|1757956081
|move|p1a: Walking Wake|Hydro Steam|p2a: Ting-Lu
|-supereffective|p2a: Ting-Lu
|-damage|p2a: Ting-Lu|34/100
|move|p2a: Ting-Lu|Whirlwind|p1a: Walking Wake
|-end|p1a: Walking Wake|Protosynthesis|[silent]
|drag|p1a: Pecharunt|Pecharunt|100/100
|
|-heal|p2a: Ting-Lu|41/100|[from] item: Leftovers
|upkeep
|turn|16
|
|t:|1757956089
|move|p1a: Pecharunt|Parting Shot|p2a: Ting-Lu
|-unboost|p2a: Ting-Lu|atk|1
|-unboost|p2a: Ting-Lu|spa|1
|
|t:|1757956096
|switch|p1a: Landorus|Landorus-Therian, M|100/100|[from] Parting Shot
|-ability|p1a: Landorus|Intimidate|boost
|-unboost|p2a: Ting-Lu|atk|1
|move|p2a: Ting-Lu|Earthquake|p1a: Landorus
|-immune|p1a: Landorus
|
|-heal|p2a: Ting-Lu|47/100|[from] item: Leftovers
|upkeep
|turn|17
|
|t:|1757956101
|move|p1a: Landorus|Taunt|p2a: Ting-Lu
|-start|p2a: Ting-Lu|move: Taunt
|move|p2a: Ting-Lu|Ruination|p1a: Landorus
|-damage|p1a: Landorus|50/100
|
|-heal|p2a: Ting-Lu|53/100|[from] item: Leftovers
|upkeep
|turn|18
|
|t:|1757956105
|move|p1a: Landorus|U-turn|p2a: Ting-Lu
|-supereffective|p2a: Ting-Lu
|-damage|p2a: Ting-Lu|27/100
|
|t:|1757956110
|switch|p1a: Walking Wake|Walking Wake|59/100|[from] U-turn
|-damage|p1a: Walking Wake|47/100|[from] Spikes
|move|p2a: Ting-Lu|Earthquake|p1a: Walking Wake
|-damage|p1a: Walking Wake|26/100
|
|-heal|p2a: Ting-Lu|34/100|[from] item: Leftovers
|upkeep
|turn|19
|
|t:|1757956116
|move|p1a: Walking Wake|Hydro Steam|p2a: Ting-Lu
|-supereffective|p2a: Ting-Lu
|-damage|p2a: Ting-Lu|1/100
|move|p2a: Ting-Lu|Earthquake|p1a: Walking Wake
|-damage|p1a: Walking Wake|6/100
|
|-heal|p2a: Ting-Lu|7/100|[from] item: Leftovers
|-end|p2a: Ting-Lu|move: Taunt
|upkeep
|turn|20
|
|t:|1757956122
|move|p1a: Walking Wake|Dragon Pulse|p2a: Ting-Lu
|-damage|p2a: Ting-Lu|0 fnt
|faint|p2a: Ting-Lu
|
|upkeep
|
|t:|1757956124
|switch|p2a: Pecharunt|Pecharunt|100/100
|turn|21
|
|t:|1757956129
|move|p1a: Walking Wake|Dragon Pulse|p2a: Pecharunt
|-damage|p2a: Pecharunt|60/100
|move|p2a: Pecharunt|Foul Play|p1a: Walking Wake
|-damage|p1a: Walking Wake|0 fnt
|faint|p1a: Walking Wake
|-end|p1a: Walking Wake|Protosynthesis|[silent]
|
|upkeep
|
|t:|1757956131
|switch|p1a: Weavile|Weavile, F|100/100
|-damage|p1a: Weavile|88/100|[from] Spikes
|-ability|p1a: Weavile|Pressure
|turn|22
|
|t:|1757956136
|move|p1a: Weavile|Knock Off|p2a: Pecharunt
|-supereffective|p2a: Pecharunt
|-damage|p2a: Pecharunt|0 fnt
|-enditem|p2a: Pecharunt|Heavy-Duty Boots|[from] move: Knock Off|[of] p1a: Weavile
|faint|p2a: Pecharunt
|
|win|Mcqueenloko
|raw|Mcqueenloko's rating: 1155 &rarr; <strong>1185</strong><br />(+30 for winning)
|raw|NonFlushableToken's rating: 1221 &rarr; <strong>1191</strong><br />(-30 for losing)
|l|☆NonFlushableToken
|player|p2|
