|j|☆itslefty
|j|☆endofminecraft
|t:|1757904691
|gametype|singles
|player|p1|itslefty|clown|1041
|player|p2|endofminecraft|169|1075
|gen|9
|tier|[Gen 9] OU
|rated|
|rule|HP Percentage Mod: HP is shown in percentages
|rule|Endless Battle Clause: Forcing endless battles is banned
|rule|Species Clause: Limit one of each Pokémon
|rule|OHKO Clause: OHKO moves are banned
|rule|Evasion Items Clause: Evasion items are banned
|rule|Evasion Moves Clause: Evasion moves are banned
|rule|Evasion Abilities Clause: Evasion abilities are banned
|rule|Sleep Moves Clause: Sleep-inducing moves are banned
|clearpoke
|poke|p1|Ursaluna, M|
|poke|p1|Gengar, M|
|poke|p1|Conkeldurr, F|
|poke|p1|Umbreon, M|
|poke|p1|Munkidori, M|
|poke|p1|Golem, F|
|poke|p2|Gholdengo|
|poke|p2|Dragapult, F|
|poke|p2|Garchomp, F|
|poke|p2|Toxapex, M|
|poke|p2|Corviknight, M|
|poke|p2|Clefable, F|
|teampreview
|
|t:|1757904712
|teamsize|p1|6
|teamsize|p2|6
|start
|switch|p1a: Golem|Golem, F|100/100
|switch|p2a: Garchomp|Garchomp, F|100/100
|turn|1
|
|t:|1757904731
|move|p2a: Garchomp|Earthquake|p1a: Golem
|-supereffective|p1a: Golem
|-ability|p1a: Golem|Sturdy
|-damage|p1a: Golem|1/100
|move|p1a: Golem|Stealth Rock|p2a: Garchomp
|-sidestart|p2: endofminecraft|move: Stealth Rock
|
|upkeep
|turn|2
|
|t:|1757904762
|switch|p1a: mybaby|Ursaluna, M|100/100
|move|p2a: Garchomp|Earthquake|p1a: mybaby
|-damage|p1a: mybaby|44/100
|
|-status|p1a: mybaby|brn|[from] item: Flame Orb
|upkeep
|turn|3
|
|t:|1757904771
|switch|p2a: Gholdengo|Gholdengo|100/100
|-damage|p2a: Gholdengo|94/100|[from] Stealth Rock
|move|p1a: mybaby|Ice Punch|p2a: Gholdengo
|-resisted|p2a: Gholdengo
|-damage|p2a: Gholdengo|71/100
|
|-damage|p1a: mybaby|38/100 brn|[from] brn
|upkeep
|turn|4
|
|t:|1757904787
|switch|p1a: mybigstrongman|Conkeldurr, F|100/100
|move|p2a: Gholdengo|Make It Rain|p1a: mybigstrongman
|-damage|p1a: mybigstrongman|32/100
|-unboost|p2a: Gholdengo|spa|1
|
|upkeep
|turn|5
|
|t:|1757904795
|move|p1a: mybigstrongman|Detect|p1a: mybigstrongman
|-singleturn|p1a: mybigstrongman|Protect
|move|p2a: Gholdengo|Make It Rain|p1a: mybigstrongman
|-activate|p1a: mybigstrongman|move: Protect
|
|upkeep
|turn|6
|
|t:|1757904805
|switch|p1a: mydarkskinbaby|Umbreon, M|100/100
|move|p2a: Gholdengo|Make It Rain|p1a: mydarkskinbaby
|-damage|p1a: mydarkskinbaby|71/100
|-unboost|p2a: Gholdengo|spa|1
|
|-heal|p1a: mydarkskinbaby|77/100|[from] item: Leftovers
|upkeep
|turn|7
|
|t:|1757904824
|switch|p2a: Clefable|Clefable, F|100/100
|move|p1a: mydarkskinbaby|Wish|p1a: mydarkskinbaby
|
|-heal|p1a: mydarkskinbaby|83/100|[from] item: Leftovers
|upkeep
|turn|8
|
|t:|1757904836
|switch|p1a: mybaby|Ursaluna, M|38/100 brn
|move|p2a: Clefable|Moonblast|p1a: mybaby
|-damage|p1a: mybaby|10/100 brn
|
|-heal|p1a: mybaby|48/100 brn|[from] move: Wish|[wisher] mydarkskinbaby
|-damage|p1a: mybaby|42/100 brn|[from] brn
|upkeep
|turn|9
|
|t:|1757904848
|switch|p2a: Corviknight|Corviknight, M|100/100
|-damage|p2a: Corviknight|88/100|[from] Stealth Rock
|-ability|p2a: Corviknight|Pressure
|move|p1a: mybaby|Facade|p2a: Corviknight
|-resisted|p2a: Corviknight
|-damage|p2a: Corviknight|51/100
|
|-heal|p2a: Corviknight|57/100|[from] item: Leftovers
|-damage|p1a: mybaby|36/100 brn|[from] brn
|upkeep
|turn|10
|
|t:|1757904879
|move|p2a: Corviknight|Iron Defense|p2a: Corviknight
|-boost|p2a: Corviknight|def|2
|move|p1a: mybaby|Supercell Slam|p2a: Corviknight
|-supereffective|p2a: Corviknight
|-damage|p2a: Corviknight|23/100
|
|-heal|p2a: Corviknight|30/100|[from] item: Leftovers
|-damage|p1a: mybaby|29/100 brn|[from] brn
|upkeep
|turn|11
|inactive|Battle timer is ON: inactive players will automatically lose when time's up. (requested by endofminecraft)
|
|t:|1757904899
|move|p2a: Corviknight|Roost|p2a: Corviknight
|-heal|p2a: Corviknight|80/100
|-singleturn|p2a: Corviknight|move: Roost
|move|p1a: mybaby|Facade|p2a: Corviknight
|-resisted|p2a: Corviknight
|-damage|p2a: Corviknight|60/100
|
|-heal|p2a: Corviknight|66/100|[from] item: Leftovers
|-damage|p1a: mybaby|23/100 brn|[from] brn
|upkeep
|turn|12
|
|t:|1757904911
|switch|p1a: mydarkskinbaby|Umbreon, M|83/100
|move|p2a: Corviknight|Body Press|p1a: mydarkskinbaby
|-supereffective|p1a: mydarkskinbaby
|-damage|p1a: mydarkskinbaby|0 fnt
|faint|p1a: mydarkskinbaby
|
|-heal|p2a: Corviknight|72/100|[from] item: Leftovers
|upkeep
|
|t:|1757904922
|switch|p1a: mymonkey|Munkidori, M|100/100
|turn|13
|
|t:|1757904943
|switch|p2a: Garchomp|Garchomp, F|100/100
|-damage|p2a: Garchomp|94/100|[from] Stealth Rock
|move|p1a: mymonkey|Psychic|p2a: Garchomp
|-damage|p2a: Garchomp|40/100
|-status|p2a: Garchomp|tox|[from] ability: Toxic Chain|[of] p1a: mymonkey
|
|-damage|p2a: Garchomp|34/100 tox|[from] psn
|upkeep
|turn|14
|
|t:|1757904960
|move|p1a: mymonkey|Protect|p1a: mymonkey
|-singleturn|p1a: mymonkey|Protect
|move|p2a: Garchomp|Earthquake|p1a: mymonkey
|-activate|p1a: mymonkey|move: Protect
|
|-damage|p2a: Garchomp|22/100 tox|[from] psn
|upkeep
|turn|15
|
|t:|1757904975
|switch|p1a: Golem|Golem, F|1/100
|move|p2a: Garchomp|Earthquake|p1a: Golem
|-supereffective|p1a: Golem
|-damage|p1a: Golem|0 fnt
|faint|p1a: Golem
|
|-damage|p2a: Garchomp|4/100 tox|[from] psn
|upkeep
|inactive|itslefty has 120 seconds left.
|
|t:|1757904992
|switch|p1a: mymonkey|Munkidori, M|100/100
|turn|16
|inactive|itslefty has 120 seconds left.
|
|t:|1757905007
|switch|p2a: Gholdengo|Gholdengo|71/100
|-damage|p2a: Gholdengo|65/100|[from] Stealth Rock
|move|p1a: mymonkey|Protect||[still]
|-fail|p1a: mymonkey
|
|upkeep
|turn|17
|inactive|itslefty has 120 seconds left.
|
|t:|1757905036
|move|p1a: mymonkey|Sludge Bomb|p2a: Gholdengo
|-immune|p2a: Gholdengo
|move|p2a: Gholdengo|Shadow Ball|p1a: mymonkey
|-supereffective|p1a: mymonkey
|-damage|p1a: mymonkey|0 fnt
|faint|p1a: mymonkey
|
|upkeep
|
|t:|1757905045
|switch|p1a: my2ndbaby|Gengar, M|100/100
|turn|18
|
|t:|1757905057
|switch|p2a: Clefable|Clefable, F|100/100
|move|p1a: my2ndbaby|Destiny Bond|p1a: my2ndbaby
|-singlemove|p1a: my2ndbaby|Destiny Bond
|
|upkeep
|turn|19
|inactive|itslefty has 120 seconds left.
|
|t:|1757905065
|move|p1a: my2ndbaby|Sludge Bomb|p2a: Clefable
|-supereffective|p2a: Clefable
|-damage|p2a: Clefable|18/100
|move|p2a: Clefable|Wish|p2a: Clefable
|
|-heal|p2a: Clefable|24/100|[from] item: Leftovers
|upkeep
|turn|20
|inactive|itslefty has 120 seconds left.
|
|t:|1757905075
|switch|p2a: Gholdengo|Gholdengo|65/100
|-damage|p2a: Gholdengo|59/100|[from] Stealth Rock
|move|p1a: my2ndbaby|Sludge Bomb|p2a: Gholdengo
|-immune|p2a: Gholdengo
|
|-heal|p2a: Gholdengo|100/100|[from] move: Wish|[wisher] Clefable
|upkeep
|turn|21
|
|t:|1757905083
|move|p1a: my2ndbaby|Destiny Bond|p1a: my2ndbaby
|-singlemove|p1a: my2ndbaby|Destiny Bond
|move|p2a: Gholdengo|Nasty Plot|p2a: Gholdengo
|-boost|p2a: Gholdengo|spa|2
|
|upkeep
|turn|22
|
|t:|1757905089
|move|p1a: my2ndbaby|Destiny Bond||[still]
|-fail|p1a: my2ndbaby
|move|p2a: Gholdengo|Nasty Plot|p2a: Gholdengo
|-boost|p2a: Gholdengo|spa|2
|
|upkeep
|turn|23
|
|t:|1757905094
|move|p1a: my2ndbaby|Destiny Bond|p1a: my2ndbaby
|-singlemove|p1a: my2ndbaby|Destiny Bond
|move|p2a: Gholdengo|Nasty Plot|p2a: Gholdengo
|-boost|p2a: Gholdengo|spa|2
|
|upkeep
|turn|24
|
|t:|1757905102
|move|p1a: my2ndbaby|Destiny Bond||[still]
|-fail|p1a: my2ndbaby
|move|p2a: Gholdengo|Shadow Ball|p1a: my2ndbaby
|-supereffective|p1a: my2ndbaby
|-damage|p1a: my2ndbaby|0 fnt
|-start|p2a: Gholdengo|Disable|Shadow Ball|[from] ability: Cursed Body|[of] p1a: my2ndbaby
|faint|p1a: my2ndbaby
|
|upkeep
|
|t:|1757905110
|switch|p1a: mybigstrongman|Conkeldurr, F|32/100
|turn|25
|
|t:|1757905113
|move|p1a: mybigstrongman|Detect|p1a: mybigstrongman
|-singleturn|p1a: mybigstrongman|Protect
|move|p2a: Gholdengo|Make It Rain|p1a: mybigstrongman
|-activate|p1a: mybigstrongman|move: Protect
|
|upkeep
|turn|26
|
|t:|1757905119
|move|p1a: mybigstrongman|Detect|p1a: mybigstrongman
|-singleturn|p1a: mybigstrongman|Protect
|move|p2a: Gholdengo|Make It Rain|p1a: mybigstrongman
|-activate|p1a: mybigstrongman|move: Protect
|
|upkeep
|turn|27
|
|t:|1757905125
|move|p1a: mybigstrongman|Detect||[still]
|-fail|p1a: mybigstrongman
|move|p2a: Gholdengo|Make It Rain|p1a: mybigstrongman
|-damage|p1a: mybigstrongman|0 fnt
|-unboost|p2a: Gholdengo|spa|1
|faint|p1a: mybigstrongman
|
|-end|p2a: Gholdengo|Disable
|upkeep
|
|t:|1757905133
|switch|p1a: mybaby|Ursaluna, M|23/100 brn
|turn|28
|
|t:|1757905137
|move|p2a: Gholdengo|Make It Rain|p1a: mybaby
|-damage|p1a: mybaby|0 fnt
|-unboost|p2a: Gholdengo|spa|1
|faint|p1a: mybaby
|
|win|endofminecraft
|raw|itslefty's rating: 1041 &rarr; <strong>1026</strong><br />(-15 for losing)
|raw|endofminecraft's rating: 1075 &rarr; <strong>1101</strong><br />(+26 for winning)
