|j|☆LikeEmerald
|j|☆Rteezv
|t:|1757866437
|gametype|singles
|player|p1|LikeEmerald|266|1145
|player|p2|Rteezv|170|1166
|gen|9
|tier|[Gen 9] OU
|rated|
|rule|HP Percentage Mod: HP is shown in percentages
|rule|Endless Battle Clause: Forcing endless battles is banned
|rule|Species Clause: Limit one of each Pokémon
|rule|OHKO Clause: OHKO moves are banned
|rule|Evasion Items Clause: Evasion items are banned
|rule|Evasion Moves Clause: Evasion moves are banned
|rule|Evasion Abilities Clause: Evasion abilities are banned
|rule|Sleep Moves Clause: Sleep-inducing moves are banned
|clearpoke
|poke|p1|Oinkologne-F, F|
|poke|p1|Ninetales-Alola, M|
|poke|p1|Great Tusk|
|poke|p1|Frosmoth, M|
|poke|p1|Volcanion|
|poke|p1|Thundurus, M|
|poke|p2|Iron Crown|
|poke|p2|Tyranitar, M|
|poke|p2|Great Tusk|
|poke|p2|Grimmsnarl, M|
|poke|p2|Alomomola, M|
|poke|p2|Hatterene, F|
|teampreview
|
|t:|1757866448
|teamsize|p1|6
|teamsize|p2|6
|start
|switch|p1a: Volcanion|Volcanion|100/100
|switch|p2a: Iron Crown|Iron Crown|100/100
|turn|1
|
|t:|1757866459
|-end|p2a: Iron Crown|Quark Drive|[silent]
|switch|p2a: Grimmsnarl|Grimmsnarl, M|100/100
|move|p1a: Volcanion|Steam Eruption|p2a: Grimmsnarl|[miss]
|-miss|p1a: Volcanion|p2a: Grimmsnarl
|
|upkeep
|turn|2
|
|t:|1757866468
|move|p2a: Grimmsnarl|Light Screen|p2a: Grimmsnarl
|-sidestart|p2: Rteezv|move: Light Screen
|move|p1a: Volcanion|Sludge Wave|p2a: Grimmsnarl
|-supereffective|p2a: Grimmsnarl
|-damage|p2a: Grimmsnarl|75/100
|
|upkeep
|turn|3
|
|t:|1757866474
|move|p2a: Grimmsnarl|Parting Shot|p1a: Volcanion
|-unboost|p1a: Volcanion|atk|1
|-unboost|p1a: Volcanion|spa|1
|
|t:|1757866478
|switch|p2a: Iron Crown|Iron Crown|100/100|[from] Parting Shot
|move|p1a: Volcanion|Steam Eruption|p2a: Iron Crown
|-damage|p2a: Iron Crown|78/100
|-status|p2a: Iron Crown|brn
|
|-damage|p2a: Iron Crown|72/100 brn|[from] brn
|upkeep
|turn|4
|
|t:|1757866492
|switch|p1a: Thundurus|Thundurus, M|100/100
|move|p2a: Iron Crown|Calm Mind|p2a: Iron Crown
|-boost|p2a: Iron Crown|spa|1
|-boost|p2a: Iron Crown|spd|1
|
|-damage|p2a: Iron Crown|66/100 brn|[from] brn
|upkeep
|turn|5
|
|t:|1757866509
|-end|p2a: Iron Crown|Quark Drive|[silent]
|switch|p2a: Tyranitar|Tyranitar, M|100/100
|-weather|Sandstorm|[from] ability: Sand Stream|[of] p2a: Tyranitar
|move|p1a: Thundurus|Knock Off|p2a: Tyranitar
|-resisted|p2a: Tyranitar
|-damage|p2a: Tyranitar|88/100
|-enditem|p2a: Tyranitar|Assault Vest|[from] move: Knock Off|[of] p1a: Thundurus
|
|-weather|Sandstorm|[upkeep]
|-damage|p1a: Thundurus|94/100|[from] Sandstorm
|upkeep
|turn|6
|
|t:|1757866523
|move|p1a: Thundurus|U-turn|p2a: Tyranitar
|-supereffective|p2a: Tyranitar
|-damage|p2a: Tyranitar|51/100
|
|t:|1757866526
|switch|p1a: Great Tusk|Great Tusk|100/100|[from] U-turn
|move|p2a: Tyranitar|Stone Edge|p1a: Great Tusk
|-resisted|p1a: Great Tusk
|-damage|p1a: Great Tusk|92/100
|
|-weather|Sandstorm|[upkeep]
|upkeep
|turn|7
|
|t:|1757866538
|switch|p2a: Alomomola|Alomomola, M|100/100
|move|p1a: Great Tusk|Rapid Spin|p2a: Alomomola
|-damage|p2a: Alomomola|88/100
|-boost|p1a: Great Tusk|spe|1
|
|-weather|Sandstorm|[upkeep]
|-damage|p2a: Alomomola|82/100|[from] Sandstorm
|upkeep
|turn|8
|
|t:|1757866548
|move|p1a: Great Tusk|Supercell Slam|p2a: Alomomola
|-supereffective|p2a: Alomomola
|-damage|p2a: Alomomola|30/100
|move|p2a: Alomomola|Wish|p2a: Alomomola
|
|-weather|Sandstorm|[upkeep]
|-damage|p2a: Alomomola|23/100|[from] Sandstorm
|upkeep
|turn|9
|
|t:|1757866562
|switch|p2a: Hatterene|Hatterene, F|100/100
|move|p1a: Great Tusk|Headlong Rush|p2a: Hatterene
|-damage|p2a: Hatterene|36/100
|-unboost|p1a: Great Tusk|def|1
|-unboost|p1a: Great Tusk|spd|1
|
|-weather|none
|-heal|p2a: Hatterene|100/100|[from] move: Wish|[wisher] Alomomola
|-sideend|p2: Rteezv|move: Light Screen
|upkeep
|turn|10
|
|t:|1757866581
|-end|p1a: Great Tusk|Protosynthesis|[silent]
|switch|p1a: Thundurus|Thundurus, M|94/100
|move|p2a: Hatterene|Draining Kiss|p1a: Thundurus
|-damage|p1a: Thundurus|73/100
|
|upkeep
|turn|11
|
|t:|1757866591
|move|p1a: Thundurus|Knock Off|p2a: Hatterene
|-damage|p2a: Hatterene|76/100
|-enditem|p2a: Hatterene|Leftovers|[from] move: Knock Off|[of] p1a: Thundurus
|move|p2a: Hatterene|Calm Mind|p2a: Hatterene
|-boost|p2a: Hatterene|spa|1
|-boost|p2a: Hatterene|spd|1
|
|upkeep
|turn|12
|
|t:|1757866601
|move|p1a: Thundurus|Supercell Slam|p2a: Hatterene
|-damage|p2a: Hatterene|36/100
|move|p2a: Hatterene|Draining Kiss|p1a: Thundurus
|-damage|p1a: Thundurus|41/100
|-heal|p2a: Hatterene|60/100|[from] drain|[of] p1a: Thundurus
|
|upkeep
|turn|13
|
|t:|1757866616
|move|p1a: Thundurus|U-turn|p2a: Hatterene
|-damage|p2a: Hatterene|42/100
|
|t:|1757866620
|switch|p1a: Volcanion|Volcanion|100/100|[from] U-turn
|move|p2a: Hatterene|Draining Kiss|p1a: Volcanion
|-resisted|p1a: Volcanion
|-damage|p1a: Volcanion|88/100
|-heal|p2a: Hatterene|53/100|[from] drain|[of] p1a: Volcanion
|
|upkeep
|turn|14
|
|t:|1757866650
|switch|p2a: Grimmsnarl|Grimmsnarl, M|75/100
|move|p1a: Volcanion|Steam Eruption|p2a: Grimmsnarl
|-damage|p2a: Grimmsnarl|28/100
|
|upkeep
|turn|15
|
|t:|1757866665
|move|p2a: Grimmsnarl|Light Screen|p2a: Grimmsnarl
|-sidestart|p2: Rteezv|move: Light Screen
|move|p1a: Volcanion|Steam Eruption|p2a: Grimmsnarl
|-damage|p2a: Grimmsnarl|4/100
|
|upkeep
|turn|16
|
|t:|1757866671
|move|p2a: Grimmsnarl|Parting Shot|p1a: Volcanion
|-unboost|p1a: Volcanion|atk|1
|-unboost|p1a: Volcanion|spa|1
|
|t:|1757866688
|switch|p2a: Alomomola|Alomomola, M|57/100|[from] Parting Shot
|move|p1a: Volcanion|Sludge Wave|p2a: Alomomola
|-damage|p2a: Alomomola|46/100
|
|upkeep
|turn|17
|
|t:|1757866704
|switch|p1a: Frosmoth|Frosmoth, M|100/100
|move|p2a: Alomomola|Wish|p2a: Alomomola
|
|upkeep
|turn|18
|
|t:|1757866711
|switch|p2a: Tyranitar|Tyranitar, M|51/100
|-weather|Sandstorm|[from] ability: Sand Stream|[of] p2a: Tyranitar
|move|p1a: Frosmoth|Quiver Dance|p1a: Frosmoth
|-boost|p1a: Frosmoth|spa|1
|-boost|p1a: Frosmoth|spd|1
|-boost|p1a: Frosmoth|spe|1
|
|-weather|Sandstorm|[upkeep]
|-damage|p1a: Frosmoth|94/100|[from] Sandstorm
|-heal|p2a: Tyranitar|100/100|[from] move: Wish|[wisher] Alomomola
|upkeep
|turn|19
|
|t:|1757866733
|-terastallize|p1a: Frosmoth|Ground
|move|p1a: Frosmoth|Quiver Dance|p1a: Frosmoth
|-boost|p1a: Frosmoth|spa|1
|-boost|p1a: Frosmoth|spd|1
|-boost|p1a: Frosmoth|spe|1
|move|p2a: Tyranitar|Knock Off|p1a: Frosmoth
|-damage|p1a: Frosmoth|0 fnt
|-enditem|p1a: Frosmoth|Covert Cloak|[from] move: Knock Off|[of] p2a: Tyranitar
|faint|p1a: Frosmoth
|
|-weather|Sandstorm|[upkeep]
|upkeep
|
|t:|1757866746
|switch|p1a: Great Tusk|Great Tusk|92/100
|turn|20
|
|t:|1757866765
|switch|p2a: Great Tusk|Great Tusk|100/100
|move|p1a: Great Tusk|Headlong Rush|p2a: Great Tusk
|-damage|p2a: Great Tusk|53/100
|-unboost|p1a: Great Tusk|def|1
|-unboost|p1a: Great Tusk|spd|1
|
|-weather|Sandstorm|[upkeep]
|upkeep
|turn|21
|
|t:|1757866779
|move|p2a: Great Tusk|Rapid Spin|p1a: Great Tusk
|-damage|p1a: Great Tusk|77/100
|-boost|p2a: Great Tusk|spe|1
|move|p1a: Great Tusk|Rapid Spin|p2a: Great Tusk
|-damage|p2a: Great Tusk|37/100
|-boost|p1a: Great Tusk|spe|1
|
|-weather|Sandstorm|[upkeep]
|upkeep
|turn|22
|
|t:|1757866792
|move|p2a: Great Tusk|Headlong Rush|p1a: Great Tusk
|-damage|p1a: Great Tusk|15/100
|-unboost|p2a: Great Tusk|def|1
|-unboost|p2a: Great Tusk|spd|1
|move|p1a: Great Tusk|Headlong Rush|p2a: Great Tusk
|-damage|p2a: Great Tusk|0 fnt
|-unboost|p1a: Great Tusk|def|1
|-unboost|p1a: Great Tusk|spd|1
|faint|p2a: Great Tusk
|-end|p2a: Great Tusk|Protosynthesis|[silent]
|
|-weather|none
|-sideend|p2: Rteezv|move: Light Screen
|upkeep
|
|t:|1757866805
|switch|p2a: Alomomola|Alomomola, M|79/100
|turn|23
|
|t:|1757866810
|move|p1a: Great Tusk|Supercell Slam|p2a: Alomomola
|-supereffective|p2a: Alomomola
|-damage|p2a: Alomomola|32/100
|move|p2a: Alomomola|Wish|p2a: Alomomola
|
|upkeep
|turn|24
|
|t:|1757866816
|move|p2a: Alomomola|Protect|p2a: Alomomola
|-singleturn|p2a: Alomomola|Protect
|move|p1a: Great Tusk|Headlong Rush|p2a: Alomomola
|-activate|p2a: Alomomola|move: Protect
|
|-heal|p2a: Alomomola|82/100|[from] move: Wish|[wisher] Alomomola
|upkeep
|turn|25
|
|t:|1757866825
|move|p1a: Great Tusk|Headlong Rush|p2a: Alomomola
|-damage|p2a: Alomomola|32/100
|-unboost|p1a: Great Tusk|def|1
|-unboost|p1a: Great Tusk|spd|1
|move|p2a: Alomomola|Wish|p2a: Alomomola
|
|upkeep
|turn|26
|
|t:|1757866839
|-end|p1a: Great Tusk|Protosynthesis|[silent]
|switch|p1a: Thundurus|Thundurus, M|41/100
|move|p2a: Alomomola|Protect||[still]
|-fail|p2a: Alomomola
|
|-heal|p2a: Alomomola|82/100|[from] move: Wish|[wisher] Alomomola
|upkeep
|turn|27
|
|t:|1757866850
|move|p2a: Alomomola|Protect|p2a: Alomomola
|-singleturn|p2a: Alomomola|Protect
|move|p1a: Thundurus|Supercell Slam|p2a: Alomomola
|-activate|p2a: Alomomola|move: Protect
|-damage|p1a: Thundurus|0 fnt|[from] supercellslam
|faint|p1a: Thundurus
|
|upkeep
|
|t:|1757866854
|switch|p1a: Ninetales|Ninetales-Alola, M|100/100
|-weather|Snowscape|[from] ability: Snow Warning|[of] p1a: Ninetales
|turn|28
|
|t:|1757866865
|move|p1a: Ninetales|Freeze-Dry|p2a: Alomomola
|-supereffective|p2a: Alomomola
|-damage|p2a: Alomomola|35/100
|move|p2a: Alomomola|Wish|p2a: Alomomola
|
|-weather|Snowscape|[upkeep]
|upkeep
|turn|29
|
|t:|1757866890
|switch|p2a: Iron Crown|Iron Crown|66/100 brn
|move|p1a: Ninetales|Freeze-Dry|p2a: Iron Crown
|-resisted|p2a: Iron Crown
|-damage|p2a: Iron Crown|53/100 brn
|
|-weather|Snowscape|[upkeep]
|-heal|p2a: Iron Crown|100/100 brn|[from] move: Wish|[wisher] Alomomola
|-damage|p2a: Iron Crown|94/100 brn|[from] brn
|upkeep
|turn|30
|
|t:|1757866912
|switch|p1a: Volcanion|Volcanion|88/100
|move|p2a: Iron Crown|Calm Mind|p2a: Iron Crown
|-boost|p2a: Iron Crown|spa|1
|-boost|p2a: Iron Crown|spd|1
|
|-weather|Snowscape|[upkeep]
|-damage|p2a: Iron Crown|88/100 brn|[from] brn
|upkeep
|turn|31
|
|t:|1757866927
|move|p2a: Iron Crown|Agility|p2a: Iron Crown
|-boost|p2a: Iron Crown|spe|2
|move|p1a: Volcanion|Flamethrower|p2a: Iron Crown
|-supereffective|p2a: Iron Crown
|-damage|p2a: Iron Crown|25/100 brn
|-enditem|p2a: Iron Crown|Weakness Policy
|-boost|p2a: Iron Crown|atk|2|[from] item: Weakness Policy
|-boost|p2a: Iron Crown|spa|2|[from] item: Weakness Policy
|
|-weather|Snowscape|[upkeep]
|-damage|p2a: Iron Crown|19/100 brn|[from] brn
|upkeep
|turn|32
|
|t:|1757866942
|move|p2a: Iron Crown|Stored Power|p1a: Volcanion
|-damage|p1a: Volcanion|0 fnt
|faint|p1a: Volcanion
|
|-weather|none
|-damage|p2a: Iron Crown|12/100 brn|[from] brn
|upkeep
|
|t:|1757866949
|switch|p1a: Oinkologne|Oinkologne-F, F, shiny|100/100
|turn|33
|
|t:|1757866952
|move|p2a: Iron Crown|Stored Power|p1a: Oinkologne
|-damage|p1a: Oinkologne|0 fnt
|faint|p1a: Oinkologne
|
|-damage|p2a: Iron Crown|6/100 brn|[from] brn
|upkeep
|
|t:|1757866955
|switch|p1a: Ninetales|Ninetales-Alola, M|100/100
|-weather|Snowscape|[from] ability: Snow Warning|[of] p1a: Ninetales
|turn|34
|
|t:|1757866965
|move|p2a: Iron Crown|Stored Power|p1a: Ninetales
|-damage|p1a: Ninetales|0 fnt
|faint|p1a: Ninetales
|
|-weather|Snowscape|[upkeep]
|-damage|p2a: Iron Crown|0 fnt|[from] brn
|faint|p2a: Iron Crown
|-end|p2a: Iron Crown|Quark Drive|[silent]
|upkeep
|
|t:|1757866978
|switch|p1a: Great Tusk|Great Tusk|15/100
|switch|p2a: Grimmsnarl|Grimmsnarl, M|4/100
|turn|35
|
|t:|1757866987
|move|p2a: Grimmsnarl|Reflect|p2a: Grimmsnarl
|-sidestart|p2: Rteezv|Reflect
|move|p1a: Great Tusk|Rapid Spin|p2a: Grimmsnarl
|-damage|p2a: Grimmsnarl|0 fnt
|-boost|p1a: Great Tusk|spe|1
|faint|p2a: Grimmsnarl
|
|-weather|Snowscape|[upkeep]
|upkeep
|
|t:|1757866998
|switch|p2a: Tyranitar|Tyranitar, M|100/100
|-weather|Sandstorm|[from] ability: Sand Stream|[of] p2a: Tyranitar
|turn|36
|
|t:|1757867003
|move|p1a: Great Tusk|Headlong Rush|p2a: Tyranitar
|-supereffective|p2a: Tyranitar
|-damage|p2a: Tyranitar|46/100
|-unboost|p1a: Great Tusk|def|1
|-unboost|p1a: Great Tusk|spd|1
|move|p2a: Tyranitar|Ice Punch|p1a: Great Tusk
|-supereffective|p1a: Great Tusk
|-damage|p1a: Great Tusk|0 fnt
|faint|p1a: Great Tusk
|-end|p1a: Great Tusk|Protosynthesis|[silent]
|
|win|Rteezv
|raw|LikeEmerald's rating: 1145 &rarr; <strong>1122</strong><br />(-23 for losing)
|raw|Rteezv's rating: 1166 &rarr; <strong>1189</strong><br />(+23 for winning)
|l|☆LikeEmerald
|player|p1|
|l|☆Rteezv
|player|p2|
