|j|☆Luxray Through
|j|☆mala☆huju
|t:|1757902199
|gametype|singles
|player|p1|Luxray Through|gambler|1526
|player|p2|mala☆huju|#malahuju|1556
|gen|9
|tier|[Gen 9] OU
|rated|
|rule|HP Percentage Mod: HP is shown in percentages
|rule|Endless Battle Clause: Forcing endless battles is banned
|rule|Species Clause: Limit one of each Pokémon
|rule|OHKO Clause: OHKO moves are banned
|rule|Evasion Items Clause: Evasion items are banned
|rule|Evasion Moves Clause: Evasion moves are banned
|rule|Evasion Abilities Clause: Evasion abilities are banned
|rule|Sleep Moves Clause: Sleep-inducing moves are banned
|clearpoke
|poke|p1|Dragonite, M|
|poke|p1|Glimmora, M|
|poke|p1|Raging Bolt|
|poke|p1|Maushold|
|poke|p1|Magmortar, M|
|poke|p1|Bellossom, F|
|poke|p2|Raging Bolt|
|poke|p2|Kyurem|
|poke|p2|Enamorus, F|
|poke|p2|Samurott-Hisui, F|
|poke|p2|Great Tusk|
|poke|p2|Slowking-Galar, M|
|teampreview
|c|☆mala☆huju|hf
|j| ulisesdiogenes
|j| paternozzo
|j| corpsefire
|j| glowingrobot
|inactive|Battle timer is ON: inactive players will automatically lose when time's up. (requested by Luxray Through)
|j| maimen
|c| corpsefire|that's a heat ass team yo
|j| CloudyEJ
|inactive|mala☆huju has 120 seconds left.
|
|t:|1757902256
|teamsize|p1|6
|teamsize|p2|6
|start
|switch|p1a: Bellossom|Bellossom, F|100/100
|switch|p2a: Slowking|Slowking-Galar, M|100/100
|turn|1
|c|☆Luxray Through|thanks
|j| Resiste et Mords
|
|t:|1757902279
|switch|p1a: Maushold|Maushold|100/100
|move|p2a: Slowking|Sludge Bomb|p1a: Maushold
|-damage|p1a: Maushold|36/100
|
|upkeep
|turn|2
|
|t:|1757902286
|switch|p2a: Great Tusk|Great Tusk|100/100
|move|p1a: Maushold|Population Bomb|p2a: Great Tusk
|-damage|p2a: Great Tusk|92/100
|-damage|p2a: Great Tusk|85/100
|-damage|p2a: Great Tusk|77/100
|-damage|p2a: Great Tusk|70/100
|-damage|p2a: Great Tusk|61/100
|-damage|p2a: Great Tusk|53/100
|-damage|p2a: Great Tusk|46/100
|-crit|p2a: Great Tusk
|-damage|p2a: Great Tusk|34/100
|-damage|p2a: Great Tusk|26/100
|-damage|p2a: Great Tusk|18/100
|-hitcount|p2a: Great Tusk|10
|
|upkeep
|turn|3
|j| Nosferatwo
|
|t:|1757902293
|move|p1a: Maushold|Population Bomb|p2a: Great Tusk
|-damage|p2a: Great Tusk|10/100
|-damage|p2a: Great Tusk|2/100
|-damage|p2a: Great Tusk|0 fnt
|faint|p2a: Great Tusk
|-end|p2a: Great Tusk|Protosynthesis|[silent]
|-hitcount|p2: Great Tusk|3
|
|upkeep
|
|t:|1757902296
|switch|p2a: Enamorus|Enamorus, F|100/100
|turn|4
|
|t:|1757902304
|switch|p1a: Magmortar|Magmortar, M|100/100
|move|p2a: Enamorus|Moonblast|p1a: Magmortar
|-resisted|p1a: Magmortar
|-damage|p1a: Magmortar|68/100
|-unboost|p1a: Magmortar|spa|1
|
|upkeep
|turn|5
|
|t:|1757902310
|switch|p2a: Samurott|Samurott-Hisui, F|100/100
|move|p1a: Magmortar|Knock Off|p2a: Samurott
|-resisted|p2a: Samurott
|-damage|p2a: Samurott|90/100
|-enditem|p2a: Samurott|Assault Vest|[from] move: Knock Off|[of] p1a: Magmortar
|
|upkeep
|turn|6
|
|t:|1757902318
|move|p1a: Magmortar|Thunderbolt|p2a: Samurott
|-supereffective|p2a: Samurott
|-damage|p2a: Samurott|35/100
|move|p2a: Samurott|Ceaseless Edge|p1a: Magmortar
|-damage|p1a: Magmortar|0 fnt
|-sidestart|p1: Luxray Through|Spikes
|faint|p1a: Magmortar
|
|upkeep
|
|t:|1757902328
|switch|p1a: Dragonite|Dragonite, M|100/100
|turn|7
|
|t:|1757902334
|move|p1a: Dragonite|Dragon Dance|p1a: Dragonite
|-boost|p1a: Dragonite|atk|1
|-boost|p1a: Dragonite|spe|1
|move|p2a: Samurott|Ceaseless Edge|p1a: Dragonite
|-damage|p1a: Dragonite|74/100
|-sidestart|p1: Luxray Through|Spikes
|
|upkeep
|turn|8
|j| Shucklepilled
|
|t:|1757902361
|move|p1a: Dragonite|Scale Shot|p2a: Samurott
|-damage|p2a: Samurott|8/100
|-damage|p2a: Samurott|0 fnt
|faint|p2a: Samurott
|-hitcount|p2: Samurott|2
|-unboost|p1a: Dragonite|def|1
|-boost|p1a: Dragonite|spe|1
|
|upkeep
|
|t:|1757902368
|switch|p2a: Enamorus|Enamorus, F|100/100
|turn|9
|
|t:|1757902381
|-terastallize|p1a: Dragonite|Fire
|move|p1a: Dragonite|Dragon Dance|p1a: Dragonite
|-boost|p1a: Dragonite|atk|1
|-boost|p1a: Dragonite|spe|1
|move|p2a: Enamorus|Moonblast|p1a: Dragonite
|-resisted|p1a: Dragonite
|-damage|p1a: Dragonite|46/100
|
|upkeep
|turn|10
|
|t:|1757902396
|move|p1a: Dragonite|Fire Punch|p2a: Enamorus
|-damage|p2a: Enamorus|0 fnt
|faint|p2a: Enamorus
|
|upkeep
|
|t:|1757902402
|switch|p2a: Raging Bolt|Raging Bolt|100/100
|-enditem|p2a: Raging Bolt|Booster Energy
|-activate|p2a: Raging Bolt|ability: Protosynthesis|[fromitem]
|-start|p2a: Raging Bolt|protosynthesisspa
|turn|11
|
|t:|1757902407
|-terastallize|p2a: Raging Bolt|Fairy
|move|p1a: Dragonite|Encore||[still]
|-fail|p1a: Dragonite
|move|p2a: Raging Bolt|Thunderbolt|p1a: Dragonite
|-damage|p1a: Dragonite|0 fnt
|faint|p1a: Dragonite
|
|upkeep
|
|t:|1757902430
|switch|p1a: Bellossom|Bellossom, F|100/100
|turn|12
|
|t:|1757902435
|move|p2a: Raging Bolt|Calm Mind|p2a: Raging Bolt
|-boost|p2a: Raging Bolt|spa|1
|-boost|p2a: Raging Bolt|spd|1
|move|p1a: Bellossom|Sludge Bomb|p2a: Raging Bolt
|-supereffective|p2a: Raging Bolt
|-damage|p2a: Raging Bolt|76/100
|
|upkeep
|turn|13
|
|t:|1757902439
|move|p2a: Raging Bolt|Dragon Pulse|p1a: Bellossom
|-damage|p1a: Bellossom|1/100
|move|p1a: Bellossom|Sludge Bomb|p2a: Raging Bolt
|-supereffective|p2a: Raging Bolt
|-damage|p2a: Raging Bolt|50/100
|
|upkeep
|turn|14
|
|t:|1757902451
|move|p2a: Raging Bolt|Dragon Pulse|p1a: Bellossom
|-damage|p1a: Bellossom|0 fnt
|faint|p1a: Bellossom
|
|upkeep
|
|t:|1757902462
|switch|p1a: Maushold|Maushold|36/100
|-damage|p1a: Maushold|19/100|[from] Spikes
|turn|15
|
|t:|1757902468
|move|p1a: Maushold|Tidy Up|p1a: Maushold
|-sideend|p1: Luxray Through|Spikes
|-activate|p1a: Maushold|move: Tidy Up
|-boost|p1a: Maushold|atk|1
|-boost|p1a: Maushold|spe|1
|move|p2a: Raging Bolt|Thunderbolt|p1a: Maushold
|-damage|p1a: Maushold|0 fnt
|faint|p1a: Maushold
|
|upkeep
|
|t:|1757902479
|switch|p1a: Raging Bolt|Raging Bolt|100/100
|-enditem|p1a: Raging Bolt|Booster Energy
|-activate|p1a: Raging Bolt|ability: Protosynthesis|[fromitem]
|-start|p1a: Raging Bolt|protosynthesisspa
|turn|16
|
|t:|1757902486
|move|p2a: Raging Bolt|Dragon Pulse|p1a: Raging Bolt
|-supereffective|p1a: Raging Bolt
|-damage|p1a: Raging Bolt|0 fnt
|faint|p1a: Raging Bolt
|-end|p1a: Raging Bolt|Protosynthesis|[silent]
|
|upkeep
|
|t:|1757902488
|switch|p1a: Glimmora|Glimmora, M|100/100
|turn|17
|
|t:|1757902492
|move|p2a: Raging Bolt|Thunderclap|p1a: Glimmora
|-damage|p1a: Glimmora|0 fnt
|faint|p1a: Glimmora
|
|win|mala☆huju
|raw|Luxray Through's rating: 1526 &rarr; <strong>1508</strong><br />(-18 for losing)
|raw|mala☆huju's rating: 1556 &rarr; <strong>1574</strong><br />(+18 for winning)
|c|☆mala☆huju|gg
|l| Nosferatwo
|l|☆Luxray Through
|player|p1|
|l| Resiste et Mords
|l|☆mala☆huju
|player|p2|
|l| paternozzo
|l| glowingrobot
|l| corpsefire
|l| ulisesdiogenes
|l| CloudyEJ
|l| maimen
