|j|☆Enchidio
|j|☆NoxNoxNoxNoxO
|t:|1757793565
|gametype|singles
|player|p1|Enchidio|gambler|1349
|player|p2|NoxNoxNoxNoxO|102|1360
|gen|9
|tier|[Gen 9] OU
|rated|
|rule|HP Percentage Mod: HP is shown in percentages
|rule|Endless Battle Clause: Forcing endless battles is banned
|rule|Species Clause: Limit one of each Pokémon
|rule|OHKO Clause: OHKO moves are banned
|rule|Evasion Items Clause: Evasion items are banned
|rule|Evasion Moves Clause: Evasion moves are banned
|rule|Evasion Abilities Clause: Evasion abilities are banned
|rule|Sleep Moves Clause: Sleep-inducing moves are banned
|clearpoke
|poke|p1|Gliscor, F|
|poke|p1|Weezing-Galar, F|
|poke|p1|Corviknight, F|
|poke|p1|Ting-Lu|
|poke|p1|Alomomola, F|
|poke|p1|Kyurem|
|poke|p2|Lilligant-Hisui, F|
|poke|p2|Great Tusk|
|poke|p2|Walking Wake|
|poke|p2|Torkoal, F|
|poke|p2|Raging Bolt|
|poke|p2|Corviknight, M|
|teampreview
|inactive|Battle timer is ON: inactive players will automatically lose when time's up. (requested by NoxNoxNoxNoxO)
|c|☆Enchidio|glhf
|
|t:|1757793570
|teamsize|p1|6
|teamsize|p2|6
|start
|switch|p1a: GENTLEMAN by PSY|Weezing-Galar, F|100/100
|switch|p2a: Tortl|Torkoal, F|100/100
|-ability|p1a: GENTLEMAN by PSY|Neutralizing Gas
|turn|1
|
|t:|1757793579
|move|p1a: GENTLEMAN by PSY|Strange Steam|p2a: Tortl
|-resisted|p2a: Tortl
|-damage|p2a: Tortl|89/100
|move|p2a: Tortl|Stealth Rock|p1a: GENTLEMAN by PSY
|-sidestart|p1: Enchidio|move: Stealth Rock
|
|upkeep
|turn|2
|
|t:|1757793593
|switch|p2a: Resilience|Corviknight, M, shiny|100/100
|move|p1a: GENTLEMAN by PSY|Defog|p2a: Resilience
|-unboost|p2a: Resilience|evasion|1
|-sideend|p1: Enchidio|Stealth Rock|[from] move: Defog|[of] p1a: GENTLEMAN by PSY
|
|upkeep
|turn|3
|
|t:|1757793603
|move|p2a: Resilience|U-turn|p1a: GENTLEMAN by PSY
|-resisted|p1a: GENTLEMAN by PSY
|-damage|p1a: GENTLEMAN by PSY|98/100
|
|t:|1757793606
|switch|p2a: Tortl|Torkoal, F|89/100|[from] U-turn
|move|p1a: GENTLEMAN by PSY|Will-O-Wisp|p2a: Tortl
|-immune|p2a: Tortl
|
|upkeep
|turn|4
|
|t:|1757793615
|move|p1a: GENTLEMAN by PSY|Strange Steam|p2a: Tortl
|-resisted|p2a: Tortl
|-damage|p2a: Tortl|77/100
|move|p2a: Tortl|Will-O-Wisp|p1a: GENTLEMAN by PSY
|-status|p1a: GENTLEMAN by PSY|brn
|
|-damage|p1a: GENTLEMAN by PSY|92/100 brn|[from] brn
|upkeep
|turn|5
|
|t:|1757793623
|move|p1a: GENTLEMAN by PSY|Strange Steam|p2a: Tortl
|-resisted|p2a: Tortl
|-damage|p2a: Tortl|66/100
|move|p2a: Tortl|Stealth Rock|p1a: GENTLEMAN by PSY
|-sidestart|p1: Enchidio|move: Stealth Rock
|
|-damage|p1a: GENTLEMAN by PSY|86/100 brn|[from] brn
|upkeep
|turn|6
|
|t:|1757793633
|switch|p2a: Resilience|Corviknight, M, shiny|100/100
|move|p1a: GENTLEMAN by PSY|Defog|p2a: Resilience
|-unboost|p2a: Resilience|evasion|1
|-sideend|p1: Enchidio|Stealth Rock|[from] move: Defog|[of] p1a: GENTLEMAN by PSY
|
|-damage|p1a: GENTLEMAN by PSY|80/100 brn|[from] brn
|upkeep
|turn|7
|
|t:|1757793641
|move|p2a: Resilience|U-turn|p1a: GENTLEMAN by PSY
|-resisted|p1a: GENTLEMAN by PSY
|-damage|p1a: GENTLEMAN by PSY|78/100 brn
|
|t:|1757793643
|switch|p2a: Tortl|Torkoal, F|66/100|[from] U-turn
|move|p1a: GENTLEMAN by PSY|Strange Steam|p2a: Tortl
|-resisted|p2a: Tortl
|-damage|p2a: Tortl|53/100
|
|-damage|p1a: GENTLEMAN by PSY|72/100 brn|[from] brn
|upkeep
|turn|8
|
|t:|1757793651
|move|p1a: GENTLEMAN by PSY|Strange Steam|p2a: Tortl
|-resisted|p2a: Tortl
|-damage|p2a: Tortl|41/100
|move|p2a: Tortl|Overheat|p1a: GENTLEMAN by PSY
|-damage|p1a: GENTLEMAN by PSY|19/100 brn
|-unboost|p2a: Tortl|spa|2
|
|-damage|p1a: GENTLEMAN by PSY|13/100 brn|[from] brn
|upkeep
|turn|9
|
|t:|1757793660
|-end|p1a: GENTLEMAN by PSY|ability: Neutralizing Gas
|-weather|SunnyDay|[from] ability: Drought|[of] p2a: Tortl
|switch|p1a: laufey|Alomomola, F|100/100
|switch|p2a: Resilience|Corviknight, M, shiny|100/100
|-ability|p2a: Resilience|Pressure
|
|-weather|SunnyDay|[upkeep]
|upkeep
|turn|10
|
|t:|1757793672
|move|p2a: Resilience|U-turn|p1a: laufey
|-damage|p1a: laufey|91/100
|
|t:|1757793677
|switch|p2a: Excellence|Raging Bolt|100/100|[from] U-turn
|-activate|p2a: Excellence|ability: Protosynthesis
|-start|p2a: Excellence|protosynthesisspa
|move|p1a: laufey|Flip Turn|p2a: Excellence
|-resisted|p2a: Excellence
|-damage|p2a: Excellence|97/100
|
|t:|1757793680
|switch|p1a: lebron james|Kyurem|100/100|[from] Flip Turn
|-ability|p1a: lebron james|Pressure
|
|-weather|SunnyDay|[upkeep]
|upkeep
|turn|11
|
|t:|1757793690
|move|p2a: Excellence|Draco Meteor|p1a: lebron james
|-supereffective|p1a: lebron james
|-damage|p1a: lebron james|0 fnt
|-unboost|p2a: Excellence|spa|2
|faint|p1a: lebron james
|
|-weather|SunnyDay|[upkeep]
|upkeep
|
|t:|1757793701
|switch|p1a: Baki from Baki|Ting-Lu|100/100
|-ability|p1a: Baki from Baki|Vessel of Ruin
|turn|12
|
|t:|1757793705
|-end|p2a: Excellence|Protosynthesis|[silent]
|switch|p2a: Resilience|Corviknight, M, shiny|100/100
|-ability|p2a: Resilience|Pressure
|move|p1a: Baki from Baki|Stealth Rock|p2a: Resilience
|-sidestart|p2: NoxNoxNoxNoxO|move: Stealth Rock
|
|-weather|SunnyDay|[upkeep]
|upkeep
|turn|13
|
|t:|1757793712
|switch|p1a: hey now...|Corviknight, F|100/100
|-ability|p1a: hey now...|Pressure
|move|p2a: Resilience|Defog|p1a: hey now...
|-unboost|p1a: hey now...|evasion|1
|-sideend|p2: NoxNoxNoxNoxO|Stealth Rock|[from] move: Defog|[of] p2a: Resilience
|
|-weather|SunnyDay|[upkeep]
|upkeep
|turn|14
|
|t:|1757793721
|move|p2a: Resilience|U-turn|p1a: hey now...
|-resisted|p1a: hey now...
|-damage|p1a: hey now...|98/100
|-damage|p2a: Resilience|84/100|[from] item: Rocky Helmet|[of] p1a: hey now...
|
|t:|1757793734
|switch|p2a: Pride|Walking Wake|100/100|[from] U-turn
|-activate|p2a: Pride|ability: Protosynthesis
|-start|p2a: Pride|protosynthesisspe
|move|p1a: hey now...|U-turn|p2a: Pride
|-damage|p2a: Pride|86/100
|
|t:|1757793741
|switch|p1a: laufey|Alomomola, F|100/100|[from] U-turn
|
|-weather|SunnyDay|[upkeep]
|upkeep
|turn|15
|
|t:|1757793746
|move|p1a: laufey|Protect|p1a: laufey
|-singleturn|p1a: laufey|Protect
|move|p2a: Pride|Draco Meteor|p1a: laufey
|-activate|p1a: laufey|move: Protect
|
|-weather|SunnyDay|[upkeep]
|upkeep
|turn|16
|
|t:|1757793752
|move|p2a: Pride|Draco Meteor|p1a: laufey
|-damage|p1a: laufey|27/100
|-unboost|p2a: Pride|spa|2
|-damage|p2a: Pride|76/100|[from] item: Life Orb
|move|p1a: laufey|Wish|p1a: laufey
|
|-weather|none
|-end|p2a: Pride|Protosynthesis
|upkeep
|turn|17
|
|t:|1757793759
|-end|p2a: Pride|Protosynthesis|[silent]
|switch|p2a: Tortl|Torkoal, F|41/100
|-weather|SunnyDay|[from] ability: Drought|[of] p2a: Tortl
|move|p1a: laufey|Protect||[still]
|-fail|p1a: laufey
|
|-weather|SunnyDay|[upkeep]
|-heal|p1a: laufey|77/100|[from] move: Wish|[wisher] laufey
|upkeep
|turn|18
|
|t:|1757793769
|move|p1a: laufey|Wish|p1a: laufey
|move|p2a: Tortl|Stealth Rock|p1a: laufey
|-sidestart|p1: Enchidio|move: Stealth Rock
|
|-weather|SunnyDay|[upkeep]
|upkeep
|turn|19
|
|t:|1757793786
|switch|p2a: Strength|Great Tusk|100/100
|-activate|p2a: Strength|ability: Protosynthesis
|-start|p2a: Strength|protosynthesisatk
|move|p1a: laufey|Scald|p2a: Strength
|-supereffective|p2a: Strength
|-damage|p2a: Strength|92/100
|
|-weather|SunnyDay|[upkeep]
|-heal|p1a: laufey|100/100|[from] move: Wish|[wisher] laufey
|upkeep
|turn|20
|
|t:|1757793800
|-end|p2a: Strength|Protosynthesis|[silent]
|switch|p2a: Elegance|Lilligant-Hisui, F, shiny|100/100
|move|p1a: laufey|Wish|p1a: laufey
|
|-weather|SunnyDay|[upkeep]
|upkeep
|turn|21
|
|t:|1757793805
|move|p2a: Elegance|Swords Dance|p2a: Elegance
|-boost|p2a: Elegance|atk|2
|move|p1a: laufey|Flip Turn|p2a: Elegance
|-resisted|p2a: Elegance
|-damage|p2a: Elegance|95/100
|
|t:|1757793808
|switch|p1a: GENTLEMAN by PSY|Weezing-Galar, F|13/100 brn|[from] Flip Turn
|-ability|p1a: GENTLEMAN by PSY|Neutralizing Gas
|
|-weather|SunnyDay|[upkeep]
|-heal|p1a: GENTLEMAN by PSY|83/100 brn|[from] move: Wish|[wisher] laufey
|-damage|p1a: GENTLEMAN by PSY|77/100 brn|[from] brn
|upkeep
|turn|22
|
|t:|1757793825
|switch|p2a: Resilience|Corviknight, M, shiny|84/100
|move|p1a: GENTLEMAN by PSY|Will-O-Wisp|p2a: Resilience
|-status|p2a: Resilience|brn
|
|-weather|SunnyDay|[upkeep]
|-damage|p2a: Resilience|78/100 brn|[from] brn
|-damage|p1a: GENTLEMAN by PSY|71/100 brn|[from] brn
|upkeep
|turn|23
|
|t:|1757793835
|move|p2a: Resilience|U-turn|p1a: GENTLEMAN by PSY
|-resisted|p1a: GENTLEMAN by PSY
|-damage|p1a: GENTLEMAN by PSY|71/100 brn
|
|t:|1757793839
|switch|p2a: Excellence|Raging Bolt|97/100|[from] U-turn
|move|p1a: GENTLEMAN by PSY|Pain Split|p2a: Excellence
|-sethp|p2a: Excellence|79/100|[from] move: Pain Split|[silent]
|-sethp|p1a: GENTLEMAN by PSY|92/100 brn|[from] move: Pain Split
|
|-weather|SunnyDay|[upkeep]
|-damage|p1a: GENTLEMAN by PSY|86/100 brn|[from] brn
|upkeep
|turn|24
|
|t:|1757793847
|-end|p1a: GENTLEMAN by PSY|ability: Neutralizing Gas
|-activate|p2a: Excellence|ability: Protosynthesis
|-start|p2a: Excellence|protosynthesisspa
|switch|p1a: Baki from Baki|Ting-Lu|100/100
|-damage|p1a: Baki from Baki|94/100|[from] Stealth Rock
|-ability|p1a: Baki from Baki|Vessel of Ruin
|move|p2a: Excellence|Volt Switch|p1a: Baki from Baki
|-immune|p1a: Baki from Baki
|
|-weather|none
|-end|p2a: Excellence|Protosynthesis
|-heal|p1a: Baki from Baki|100/100|[from] item: Leftovers
|upkeep
|turn|25
|
|t:|1757793860
|-end|p2a: Excellence|Protosynthesis|[silent]
|switch|p2a: Resilience|Corviknight, M, shiny|78/100 brn
|-ability|p2a: Resilience|Pressure
|move|p1a: Baki from Baki|Ruination|p2a: Resilience
|-damage|p2a: Resilience|39/100 brn
|
|-damage|p2a: Resilience|33/100 brn|[from] brn
|upkeep
|turn|26
|
|t:|1757793872
|move|p2a: Resilience|Roost|p2a: Resilience
|-heal|p2a: Resilience|83/100 brn
|-singleturn|p2a: Resilience|move: Roost
|move|p1a: Baki from Baki|Stealth Rock|p2a: Resilience
|-sidestart|p2: NoxNoxNoxNoxO|move: Stealth Rock
|
|-damage|p2a: Resilience|77/100 brn|[from] brn
|upkeep
|turn|27
|
|t:|1757793882
|move|p2a: Resilience|U-turn|p1a: Baki from Baki
|-supereffective|p1a: Baki from Baki
|-damage|p1a: Baki from Baki|93/100
|
|t:|1757793895
|switch|p2a: Pride|Walking Wake|76/100|[from] U-turn
|-damage|p2a: Pride|64/100|[from] Stealth Rock
|move|p1a: Baki from Baki|Ruination|p2a: Pride
|-damage|p2a: Pride|32/100
|
|-heal|p1a: Baki from Baki|99/100|[from] item: Leftovers
|upkeep
|turn|28
|
|t:|1757793903
|switch|p1a: hey now...|Corviknight, F|98/100
|-damage|p1a: hey now...|86/100|[from] Stealth Rock
|-ability|p1a: hey now...|Pressure
|move|p2a: Pride|Sunny Day|p2a: Pride
|-weather|SunnyDay
|-activate|p2a: Pride|ability: Protosynthesis
|-start|p2a: Pride|protosynthesisspe
|
|-weather|SunnyDay|[upkeep]
|upkeep
|turn|29
|
|t:|1757793929
|switch|p1a: laufey|Alomomola, F|100/100
|move|p2a: Pride|Weather Ball|p1a: laufey
|-resisted|p1a: laufey
|-damage|p1a: laufey|70/100
|-damage|p2a: Pride|22/100|[from] item: Life Orb
|
|-weather|SunnyDay|[upkeep]
|upkeep
|turn|30
|
|t:|1757793937
|move|p1a: laufey|Protect|p1a: laufey
|-singleturn|p1a: laufey|Protect
|move|p2a: Pride|Draco Meteor|p1a: laufey
|-activate|p1a: laufey|move: Protect
|
|-weather|SunnyDay|[upkeep]
|upkeep
|turn|31
|
|t:|1757793944
|switch|p1a: Baki from Baki|Ting-Lu|99/100
|-damage|p1a: Baki from Baki|93/100|[from] Stealth Rock
|-ability|p1a: Baki from Baki|Vessel of Ruin
|move|p2a: Pride|Draco Meteor|p1a: Baki from Baki
|-damage|p1a: Baki from Baki|55/100
|-unboost|p2a: Pride|spa|2
|-damage|p2a: Pride|12/100|[from] item: Life Orb
|
|-weather|SunnyDay|[upkeep]
|-heal|p1a: Baki from Baki|61/100|[from] item: Leftovers
|upkeep
|turn|32
|
|t:|1757793956
|switch|p1a: laufey|Alomomola, F|100/100
|move|p2a: Pride|Hydro Steam|p1a: laufey
|-resisted|p1a: laufey
|-damage|p1a: laufey|83/100
|-damage|p2a: Pride|3/100|[from] item: Life Orb
|
|-weather|none
|-end|p2a: Pride|Protosynthesis
|upkeep
|turn|33
|
|t:|1757793965
|move|p2a: Pride|Sunny Day|p2a: Pride
|-weather|SunnyDay
|-activate|p2a: Pride|ability: Protosynthesis
|-start|p2a: Pride|protosynthesisspe
|move|p1a: laufey|Wish|p1a: laufey
|
|-weather|SunnyDay|[upkeep]
|upkeep
|turn|34
|
|t:|1757793972
|-end|p2a: Pride|Protosynthesis|[silent]
|switch|p2a: Resilience|Corviknight, M, shiny|77/100 brn
|-damage|p2a: Resilience|64/100 brn|[from] Stealth Rock
|-ability|p2a: Resilience|Pressure
|move|p1a: laufey|Flip Turn|p2a: Resilience
|-damage|p2a: Resilience|57/100 brn
|-damage|p1a: laufey|67/100|[from] item: Rocky Helmet|[of] p2a: Resilience
|
|t:|1757793977
|switch|p1a: Baki from Baki|Ting-Lu|61/100|[from] Flip Turn
|-damage|p1a: Baki from Baki|55/100|[from] Stealth Rock
|-ability|p1a: Baki from Baki|Vessel of Ruin
|
|-weather|SunnyDay|[upkeep]
|-heal|p1a: Baki from Baki|100/100|[from] move: Wish|[wisher] laufey
|-damage|p2a: Resilience|51/100 brn|[from] brn
|upkeep
|turn|35
|
|t:|1757793989
|move|p2a: Resilience|Defog|p1a: Baki from Baki
|-unboost|p1a: Baki from Baki|evasion|1
|-sideend|p1: Enchidio|Stealth Rock|[from] move: Defog|[of] p2a: Resilience
|-sideend|p2: NoxNoxNoxNoxO|Stealth Rock|[from] move: Defog|[of] p2a: Resilience
|move|p1a: Baki from Baki|Ruination|p2a: Resilience
|-damage|p2a: Resilience|26/100 brn
|
|-weather|SunnyDay|[upkeep]
|-damage|p2a: Resilience|20/100 brn|[from] brn
|upkeep
|turn|36
|
|t:|1757793996
|move|p2a: Resilience|Roost|p2a: Resilience
|-heal|p2a: Resilience|70/100 brn
|-singleturn|p2a: Resilience|move: Roost
|move|p1a: Baki from Baki|Earthquake|p2a: Resilience
|-supereffective|p2a: Resilience
|-damage|p2a: Resilience|9/100 brn
|
|-weather|SunnyDay|[upkeep]
|-damage|p2a: Resilience|3/100 brn|[from] brn
|upkeep
|turn|37
|
|t:|1757794006
|move|p2a: Resilience|U-turn|p1a: Baki from Baki
|-supereffective|p1a: Baki from Baki
|-damage|p1a: Baki from Baki|92/100
|
|t:|1757794011
|switch|p2a: Pride|Walking Wake|3/100|[from] U-turn
|-activate|p2a: Pride|ability: Protosynthesis
|-start|p2a: Pride|protosynthesisspe
|move|p1a: Baki from Baki|Earthquake|p2a: Pride
|-damage|p2a: Pride|0 fnt
|faint|p2a: Pride
|-end|p2a: Pride|Protosynthesis|[silent]
|
|-weather|none
|-heal|p1a: Baki from Baki|98/100|[from] item: Leftovers
|upkeep
|
|t:|1757794020
|switch|p2a: Tortl|Torkoal, F|41/100
|-weather|SunnyDay|[from] ability: Drought|[of] p2a: Tortl
|turn|38
|
|t:|1757794024
|move|p1a: Baki from Baki|Stealth Rock|p2a: Tortl
|-sidestart|p2: NoxNoxNoxNoxO|move: Stealth Rock
|move|p2a: Tortl|Will-O-Wisp|p1a: Baki from Baki
|-status|p1a: Baki from Baki|brn
|
|-weather|SunnyDay|[upkeep]
|-heal|p1a: Baki from Baki|100/100 brn|[from] item: Leftovers
|-damage|p1a: Baki from Baki|94/100 brn|[from] brn
|upkeep
|turn|39
|
|t:|1757794032
|switch|p1a: laufey|Alomomola, F|99/100
|move|p2a: Tortl|Rapid Spin|p1a: laufey
|-damage|p1a: laufey|94/100
|-boost|p2a: Tortl|spe|1
|-sideend|p2: NoxNoxNoxNoxO|Stealth Rock|[from] move: Rapid Spin|[of] p2a: Tortl
|
|-weather|SunnyDay|[upkeep]
|upkeep
|turn|40
|
|t:|1757794044
|switch|p2a: Elegance|Lilligant-Hisui, F, shiny|95/100
|move|p1a: laufey|Flip Turn|p2a: Elegance
|-resisted|p2a: Elegance
|-damage|p2a: Elegance|90/100
|
|t:|1757794048
|switch|p1a: GENTLEMAN by PSY|Weezing-Galar, F|86/100 brn|[from] Flip Turn
|-ability|p1a: GENTLEMAN by PSY|Neutralizing Gas
|
|-weather|SunnyDay|[upkeep]
|-damage|p1a: GENTLEMAN by PSY|80/100 brn|[from] brn
|upkeep
|turn|41
|
|t:|1757794061
|switch|p2a: Resilience|Corviknight, M, shiny|3/100 brn
|move|p1a: GENTLEMAN by PSY|Will-O-Wisp|p2a: Resilience
|-fail|p2a: Resilience|brn
|
|-weather|SunnyDay|[upkeep]
|-damage|p2a: Resilience|0 fnt|[from] brn
|faint|p2a: Resilience
|-damage|p1a: GENTLEMAN by PSY|74/100 brn|[from] brn
|upkeep
|
|t:|1757794070
|switch|p2a: Strength|Great Tusk|92/100
|turn|42
|
|t:|1757794091
|-end|p1a: GENTLEMAN by PSY|ability: Neutralizing Gas
|-activate|p2a: Strength|ability: Protosynthesis
|-start|p2a: Strength|protosynthesisatk
|switch|p1a: hey now...|Corviknight, F|86/100
|-ability|p1a: hey now...|Pressure
|move|p2a: Strength|Megahorn|p1a: hey now...
|-resisted|p1a: hey now...
|-damage|p1a: hey now...|78/100
|-damage|p2a: Strength|75/100|[from] item: Rocky Helmet|[of] p1a: hey now...
|
|-weather|SunnyDay|[upkeep]
|upkeep
|turn|43
|
|t:|1757794103
|-end|p2a: Strength|Protosynthesis|[silent]
|switch|p2a: Excellence|Raging Bolt|79/100
|-activate|p2a: Excellence|ability: Protosynthesis
|-start|p2a: Excellence|protosynthesisspa
|move|p1a: hey now...|U-turn|p2a: Excellence
|-damage|p2a: Excellence|64/100
|
|t:|1757794109
|switch|p1a: shwt like a melody|Gliscor, F|100/100|[from] U-turn
|
|-weather|SunnyDay|[upkeep]
|-status|p1a: shwt like a melody|tox|[from] item: Toxic Orb
|upkeep
|turn|44
|
|t:|1757794116
|move|p1a: shwt like a melody|Protect|p1a: shwt like a melody
|-singleturn|p1a: shwt like a melody|Protect
|move|p2a: Excellence|Draco Meteor|p1a: shwt like a melody
|-activate|p1a: shwt like a melody|move: Protect
|
|-weather|SunnyDay|[upkeep]
|upkeep
|turn|45
|
|t:|1757794143
|move|p2a: Excellence|Draco Meteor|p1a: shwt like a melody
|-damage|p1a: shwt like a melody|25/100 tox
|-unboost|p2a: Excellence|spa|2
|move|p1a: shwt like a melody|Toxic|p2a: Excellence
|-status|p2a: Excellence|tox
|
|-weather|none
|-end|p2a: Excellence|Protosynthesis
|-damage|p2a: Excellence|58/100 tox|[from] psn
|-heal|p1a: shwt like a melody|37/100 tox|[from] ability: Poison Heal
|upkeep
|turn|46
|
|t:|1757794155
|-end|p2a: Excellence|Protosynthesis|[silent]
|switch|p2a: Tortl|Torkoal, F|41/100
|-weather|SunnyDay|[from] ability: Drought|[of] p2a: Tortl
|move|p1a: shwt like a melody|Knock Off|p2a: Tortl
|-damage|p2a: Tortl|24/100
|-enditem|p2a: Tortl|Heat Rock|[from] move: Knock Off|[of] p1a: shwt like a melody
|
|-weather|SunnyDay|[upkeep]
|-heal|p1a: shwt like a melody|50/100 tox|[from] ability: Poison Heal
|upkeep
|turn|47
|
|t:|1757794165
|move|p1a: shwt like a melody|Protect|p1a: shwt like a melody
|-singleturn|p1a: shwt like a melody|Protect
|move|p2a: Tortl|Overheat|p1a: shwt like a melody
|-activate|p1a: shwt like a melody|move: Protect
|
|-weather|SunnyDay|[upkeep]
|-heal|p1a: shwt like a melody|62/100 tox|[from] ability: Poison Heal
|upkeep
|turn|48
|
|t:|1757794173
|switch|p1a: laufey|Alomomola, F|100/100
|move|p2a: Tortl|Overheat|p1a: laufey
|-resisted|p1a: laufey
|-damage|p1a: laufey|76/100
|-unboost|p2a: Tortl|spa|2
|
|-weather|SunnyDay|[upkeep]
|upkeep
|turn|49
|
|t:|1757794183
|switch|p2a: Elegance|Lilligant-Hisui, F, shiny|90/100
|move|p1a: laufey|Flip Turn|p2a: Elegance
|-resisted|p2a: Elegance
|-damage|p2a: Elegance|85/100
|
|t:|1757794186
|switch|p1a: GENTLEMAN by PSY|Weezing-Galar, F|74/100 brn|[from] Flip Turn
|-ability|p1a: GENTLEMAN by PSY|Neutralizing Gas
|
|-weather|SunnyDay|[upkeep]
|-damage|p1a: GENTLEMAN by PSY|68/100 brn|[from] brn
|upkeep
|turn|50
|
|t:|1757794201
|-terastallize|p2a: Elegance|Ice
|move|p2a: Elegance|Swords Dance|p2a: Elegance
|-boost|p2a: Elegance|atk|2
|move|p1a: GENTLEMAN by PSY|Strange Steam|p2a: Elegance
|-crit|p2a: Elegance
|-damage|p2a: Elegance|27/100
|
|-weather|SunnyDay|[upkeep]
|-damage|p1a: GENTLEMAN by PSY|62/100 brn|[from] brn
|upkeep
|turn|51
|
|t:|1757794209
|-end|p1a: GENTLEMAN by PSY|ability: Neutralizing Gas
|switch|p1a: hey now...|Corviknight, F|78/100
|-ability|p1a: hey now...|Pressure
|move|p2a: Elegance|Ice Spinner|p1a: hey now...
|-damage|p1a: hey now...|13/100
|-damage|p2a: Elegance|11/100|[from] item: Rocky Helmet|[of] p1a: hey now...
|-damage|p2a: Elegance|1/100|[from] item: Life Orb
|
|-weather|SunnyDay|[upkeep]
|upkeep
|turn|52
|
|t:|1757794223
|move|p2a: Elegance|Ice Spinner|p1a: hey now...
|-damage|p1a: hey now...|0 fnt
|-damage|p2a: Elegance|0 fnt|[from] item: Rocky Helmet|[of] p1a: hey now...
|faint|p1a: hey now...
|faint|p2a: Elegance
|
|-weather|SunnyDay|[upkeep]
|upkeep
|
|t:|1757794244
|switch|p2a: Excellence|Raging Bolt|58/100 tox
|switch|p1a: shwt like a melody|Gliscor, F|62/100 tox
|-activate|p2a: Excellence|ability: Protosynthesis
|-start|p2a: Excellence|protosynthesisspa
|turn|53
|
|t:|1757794249
|move|p1a: shwt like a melody|Protect|p1a: shwt like a melody
|-singleturn|p1a: shwt like a melody|Protect
|move|p2a: Excellence|Solar Beam||[still]
|-prepare|p2a: Excellence|Solar Beam
|-anim|p2a: Excellence|Solar Beam|p1a: shwt like a melody
|-activate|p1a: shwt like a melody|move: Protect
|
|-weather|none
|-end|p2a: Excellence|Protosynthesis
|-damage|p2a: Excellence|52/100 tox|[from] psn
|-heal|p1a: shwt like a melody|75/100 tox|[from] ability: Poison Heal
|upkeep
|turn|54
|
|t:|1757794259
|-end|p2a: Excellence|Protosynthesis|[silent]
|switch|p2a: Tortl|Torkoal, F|24/100
|-weather|SunnyDay|[from] ability: Drought|[of] p2a: Tortl
|move|p1a: shwt like a melody|Toxic|p2a: Tortl
|-status|p2a: Tortl|tox
|
|-weather|SunnyDay|[upkeep]
|-heal|p1a: shwt like a melody|87/100 tox|[from] ability: Poison Heal
|-damage|p2a: Tortl|17/100 tox|[from] psn
|upkeep
|turn|55
|inactive|NoxNoxNoxNoxO has 120 seconds left.
|
|t:|1757794286
|move|p1a: shwt like a melody|Spikes|p2a: Tortl
|-sidestart|p2: NoxNoxNoxNoxO|Spikes
|move|p2a: Tortl|Stealth Rock|p1a: shwt like a melody
|-sidestart|p1: Enchidio|move: Stealth Rock
|
|-weather|SunnyDay|[upkeep]
|-heal|p1a: shwt like a melody|99/100 tox|[from] ability: Poison Heal
|-damage|p2a: Tortl|5/100 tox|[from] psn
|upkeep
|turn|56
|
|t:|1757794292
|move|p1a: shwt like a melody|Protect|p1a: shwt like a melody
|-singleturn|p1a: shwt like a melody|Protect
|move|p2a: Tortl|Rapid Spin|p1a: shwt like a melody
|-activate|p1a: shwt like a melody|move: Protect
|
|-weather|SunnyDay|[upkeep]
|-heal|p1a: shwt like a melody|100/100 tox|[from] ability: Poison Heal
|-damage|p2a: Tortl|0 fnt|[from] psn
|faint|p2a: Tortl
|upkeep
|inactive|NoxNoxNoxNoxO has 120 seconds left.
|
|t:|1757794304
|switch|p2a: Excellence|Raging Bolt|52/100 tox
|-damage|p2a: Excellence|40/100 tox|[from] Spikes
|-activate|p2a: Excellence|ability: Protosynthesis
|-start|p2a: Excellence|protosynthesisspa
|turn|57
|inactive|NoxNoxNoxNoxO has 120 seconds left.
|
|t:|1757794322
|move|p2a: Excellence|Solar Beam||[still]
|-prepare|p2a: Excellence|Solar Beam
|-anim|p2a: Excellence|Solar Beam|p1a: shwt like a melody
|-damage|p1a: shwt like a melody|49/100 tox
|move|p1a: shwt like a melody|Spikes|p2a: Excellence
|-sidestart|p2: NoxNoxNoxNoxO|Spikes
|
|-weather|SunnyDay|[upkeep]
|-damage|p2a: Excellence|33/100 tox|[from] psn
|-heal|p1a: shwt like a melody|61/100 tox|[from] ability: Poison Heal
|upkeep
|turn|58
|inactive|NoxNoxNoxNoxO has 120 seconds left.
|
|t:|1757794331
|move|p2a: Excellence|Solar Beam||[still]
|-prepare|p2a: Excellence|Solar Beam
|-anim|p2a: Excellence|Solar Beam|p1a: shwt like a melody
|-damage|p1a: shwt like a melody|16/100 tox
|move|p1a: shwt like a melody|Spikes|p2a: Excellence
|-sidestart|p2: NoxNoxNoxNoxO|Spikes
|
|-weather|none
|-end|p2a: Excellence|Protosynthesis
|-damage|p2a: Excellence|21/100 tox|[from] psn
|-heal|p1a: shwt like a melody|29/100 tox|[from] ability: Poison Heal
|upkeep
|turn|59
|
|t:|1757794346
|switch|p1a: laufey|Alomomola, F|100/100
|move|p2a: Excellence|Solar Beam||[still]
|-prepare|p2a: Excellence|Solar Beam
|
|-damage|p2a: Excellence|3/100 tox|[from] psn
|upkeep
|turn|60
|
|t:|1757794352
|move|p2a: Excellence|Solar Beam|p1a: laufey|[from] lockedmove
|-supereffective|p1a: laufey
|-damage|p1a: laufey|23/100
|move|p1a: laufey|Wish|p1a: laufey
|
|-damage|p2a: Excellence|0 fnt|[from] psn
|faint|p2a: Excellence
|-end|p2a: Excellence|Protosynthesis|[silent]
|upkeep
|
|t:|1757794358
|switch|p2a: Strength|Great Tusk|75/100
|-damage|p2a: Strength|50/100|[from] Spikes
|turn|61
|
|t:|1757794364
|switch|p1a: GENTLEMAN by PSY|Weezing-Galar, F|62/100 brn
|-ability|p1a: GENTLEMAN by PSY|Neutralizing Gas
|move|p2a: Strength|Play Rough|p1a: GENTLEMAN by PSY
|-resisted|p1a: GENTLEMAN by PSY
|-damage|p1a: GENTLEMAN by PSY|52/100 brn
|
|-heal|p1a: GENTLEMAN by PSY|100/100 brn|[from] move: Wish|[wisher] laufey
|-damage|p1a: GENTLEMAN by PSY|95/100 brn|[from] brn
|upkeep
|turn|62
|
|t:|1757794374
|move|p2a: Strength|Close Combat|p1a: GENTLEMAN by PSY
|-resisted|p1a: GENTLEMAN by PSY
|-damage|p1a: GENTLEMAN by PSY|85/100 brn
|-unboost|p2a: Strength|def|1
|-unboost|p2a: Strength|spd|1
|move|p1a: GENTLEMAN by PSY|Will-O-Wisp|p2a: Strength
|-status|p2a: Strength|brn
|
|-damage|p2a: Strength|44/100 brn|[from] brn
|-damage|p1a: GENTLEMAN by PSY|79/100 brn|[from] brn
|upkeep
|turn|63
|c|☆Enchidio|gg
|-message|NoxNoxNoxNoxO forfeited.
|
|win|Enchidio
|raw|Enchidio's rating: 1349 &rarr; <strong>1370</strong><br />(+21 for winning)
|raw|NoxNoxNoxNoxO's rating: 1360 &rarr; <strong>1339</strong><br />(-21 for losing)
|l|☆NoxNoxNoxNoxO
|player|p2|
