|j|☆flygonisdragon
|j|☆hongbong
|t:|1757901806
|gametype|singles
|player|p1|flygonisdragon|serena-masters|1554
|player|p2|hongbong|n|1510
|gen|9
|tier|[Gen 9] OU
|rated|
|rule|HP Percentage Mod: HP is shown in percentages
|rule|Endless Battle Clause: Forcing endless battles is banned
|rule|Species Clause: Limit one of each Pokémon
|rule|OHKO Clause: OHKO moves are banned
|rule|Evasion Items Clause: Evasion items are banned
|rule|Evasion Moves Clause: Evasion moves are banned
|rule|Evasion Abilities Clause: Evasion abilities are banned
|rule|Sleep Moves Clause: Sleep-inducing moves are banned
|clearpoke
|poke|p1|Volcanion|
|poke|p1|Metagross|
|poke|p1|Zamazenta-*|
|poke|p1|Fezandipiti, M|
|poke|p1|Regidrago|
|poke|p1|Rillaboom, F|
|poke|p2|Blaziken, M|
|poke|p2|Tentacruel, F|
|poke|p2|Zoroark-Hisui, F|
|poke|p2|Lycanroc-Dusk, F|
|poke|p2|Ogerpon, F|
|poke|p2|Hoopa-Unbound|
|teampreview
|inactive|Battle timer is ON: inactive players will automatically lose when time's up. (requested by hongbong)
|
|t:|1757901850
|teamsize|p1|6
|teamsize|p2|6
|start
|switch|p1a: Regidrago|Regidrago|100/100
|switch|p2a: Blaziken|Blaziken, M|100/100
|turn|1
|
|t:|1757901861
|move|p1a: Regidrago|Draco Meteor|p2a: Blaziken|[miss]
|-miss|p1a: Regidrago|p2a: Blaziken
|move|p2a: Blaziken|Knock Off|p1a: Regidrago
|-damage|p1a: Regidrago|65/100
|-enditem|p1a: Regidrago|Choice Specs|[from] move: Knock Off|[of] p2a: Blaziken
|
|-ability|p2a: Blaziken|Speed Boost|boost
|-boost|p2a: Blaziken|spe|1
|upkeep
|turn|2
|c|☆hongbong|sry
|
|t:|1757901868
|move|p2a: Blaziken|Knock Off|p1a: Regidrago
|-damage|p1a: Regidrago|41/100
|move|p1a: Regidrago|Draco Meteor|p2a: Blaziken
|-damage|p2a: Blaziken|0 fnt
|-unboost|p1a: Regidrago|spa|2
|faint|p2a: Blaziken
|
|upkeep
|
|t:|1757901872
|switch|p2a: Hoopa|Hoopa-Unbound|100/100
|turn|3
|
|t:|1757901884
|switch|p1a: Fezandipiti|Fezandipiti, M|100/100
|move|p2a: Hoopa|Nasty Plot|p2a: Hoopa
|-boost|p2a: Hoopa|spa|2
|
|upkeep
|turn|4
|
|t:|1757901890
|-terastallize|p2a: Hoopa|Steel
|move|p2a: Hoopa|Psyshock|p1a: Fezandipiti
|-supereffective|p1a: Fezandipiti
|-damage|p1a: Fezandipiti|0 fnt
|faint|p1a: Fezandipiti
|
|upkeep
|
|t:|1757901908
|switch|p1a: Volcanion|Volcanion|100/100
|turn|5
|
|t:|1757901911
|move|p2a: Hoopa|Psyshock|p1a: Volcanion
|-damage|p1a: Volcanion|0 fnt
|faint|p1a: Volcanion
|
|upkeep
|
|t:|1757901913
|switch|p1a: Zamazenta|Zamazenta|100/100
|-ability|p1a: Zamazenta|Dauntless Shield|boost
|-boost|p1a: Zamazenta|def|1
|turn|6
|
|t:|1757901916
|move|p1a: Zamazenta|Body Press|p2a: Hoopa
|-supereffective|p2a: Hoopa
|-crit|p2a: Hoopa
|-damage|p2a: Hoopa|0 fnt
|faint|p2a: Hoopa
|
|upkeep
|
|t:|1757901920
|switch|p2a: Lycanroc|Lycanroc-Dusk, F|100/100
|turn|7
|
|t:|1757901924
|move|p1a: Zamazenta|Substitute|p1a: Zamazenta
|-start|p1a: Zamazenta|Substitute
|-damage|p1a: Zamazenta|75/100
|move|p2a: Lycanroc|Shadow Ball|p1a: Zamazenta
|-end|p1a: Zamazenta|Substitute
|
|-heal|p1a: Zamazenta|82/100|[from] item: Leftovers
|upkeep
|turn|8
|
|t:|1757901935
|switch|p1a: Regidrago|Regidrago|41/100
|switch|p2a: Tentacruel|Tentacruel, F|100/100
|
|upkeep
|turn|9
|
|t:|1757901938
|move|p1a: Regidrago|Draco Meteor|p2a: Tentacruel
|-damage|p2a: Tentacruel|57/100
|-unboost|p1a: Regidrago|spa|2
|move|p2a: Tentacruel|Sludge Bomb|p1a: Regidrago
|-damage|p1a: Regidrago|11/100
|-status|p1a: Regidrago|psn
|
|-damage|p1a: Regidrago|0 fnt|[from] psn
|faint|p1a: Regidrago
|upkeep
|
|t:|1757901942
|switch|p1a: Rillaboom|Rillaboom, F|100/100
|-fieldstart|move: Grassy Terrain|[from] ability: Grassy Surge|[of] p1a: Rillaboom
|turn|10
|
|t:|1757901946
|move|p1a: Rillaboom|Grassy Glide|p2a: Tentacruel
|-damage|p2a: Tentacruel|0 fnt
|faint|p2a: Tentacruel
|
|upkeep
|
|t:|1757901950
|switch|p2a: Ogerpon|Ogerpon, F|100/100
|turn|11
|
|t:|1757901954
|switch|p1a: Metagross|Metagross|100/100
|move|p2a: Ogerpon|U-turn|p1a: Metagross
|-damage|p1a: Metagross|70/100
|
|t:|1757901956
|switch|p2a: Lycanroc|Lycanroc-Dusk, F|100/100|[from] U-turn
|
|-heal|p1a: Metagross|76/100|[from] Grassy Terrain
|upkeep
|turn|12
|
|t:|1757901964
|-terastallize|p1a: Metagross|Grass
|move|p2a: Lycanroc|Shadow Ball|p1a: Metagross
|-damage|p1a: Metagross|0 fnt
|faint|p1a: Metagross
|
|upkeep
|
|t:|1757901969
|switch|p1a: Rillaboom|Rillaboom, F|100/100
|turn|13
|
|t:|1757901974
|move|p2a: Lycanroc|Shadow Ball|p1a: Rillaboom
|-damage|p1a: Rillaboom|26/100
|move|p1a: Rillaboom|U-turn|p2a: Lycanroc
|-resisted|p2a: Lycanroc
|-damage|p2a: Lycanroc|59/100
|replace|p2a: Zoroark|Zoroark-Hisui, F
|-end|p2a: Zoroark|Illusion
|
|t:|1757901976
|switch|p1a: Zamazenta|Zamazenta|82/100|[from] U-turn
|
|-heal|p1a: Zamazenta|88/100|[from] Grassy Terrain
|-heal|p1a: Zamazenta|94/100|[from] item: Leftovers
|-heal|p2a: Zoroark|65/100|[from] Grassy Terrain
|upkeep
|turn|14
|
|t:|1757901979
|move|p1a: Zamazenta|Crunch|p2a: Zoroark
|-supereffective|p2a: Zoroark
|-damage|p2a: Zoroark|0 fnt
|faint|p2a: Zoroark
|
|-heal|p1a: Zamazenta|99/100|[from] Grassy Terrain
|-heal|p1a: Zamazenta|100/100|[from] item: Leftovers
|-fieldend|move: Grassy Terrain
|upkeep
|
|t:|1757901986
|switch|p2a: Lycanroc|Lycanroc-Dusk, F|100/100
|turn|15
|
|t:|1757901993
|move|p1a: Zamazenta|Iron Defense|p1a: Zamazenta
|-boost|p1a: Zamazenta|def|2
|move|p2a: Lycanroc|Endeavor|p1a: Zamazenta
|-damage|p1a: Zamazenta|75/100
|
|-heal|p1a: Zamazenta|82/100|[from] item: Leftovers
|upkeep
|turn|16
|
|t:|1757901999
|move|p1a: Zamazenta|Iron Defense|p1a: Zamazenta
|-boost|p1a: Zamazenta|def|2
|move|p2a: Lycanroc|Endeavor|p1a: Zamazenta
|-damage|p1a: Zamazenta|75/100
|
|-heal|p1a: Zamazenta|82/100|[from] item: Leftovers
|upkeep
|turn|17
|
|t:|1757902003
|switch|p2a: Ogerpon|Ogerpon, F|100/100
|move|p1a: Zamazenta|Iron Defense|p1a: Zamazenta
|-boost|p1a: Zamazenta|def|2
|
|-heal|p1a: Zamazenta|88/100|[from] item: Leftovers
|upkeep
|turn|18
|
|t:|1757902006
|move|p1a: Zamazenta|Body Press|p2a: Ogerpon
|-crit|p2a: Ogerpon
|-damage|p2a: Ogerpon|0 fnt
|faint|p2a: Ogerpon
|
|-heal|p1a: Zamazenta|94/100|[from] item: Leftovers
|upkeep
|
|t:|1757902008
|switch|p2a: Lycanroc|Lycanroc-Dusk, F|100/100
|turn|19
|
|t:|1757902020
|switch|p1a: Rillaboom|Rillaboom, F|26/100
|-fieldstart|move: Grassy Terrain|[from] ability: Grassy Surge|[of] p1a: Rillaboom
|move|p2a: Lycanroc|Endeavor|p1a: Rillaboom
|-immune|p1a: Rillaboom
|
|-heal|p1a: Rillaboom|32/100|[from] Grassy Terrain
|upkeep
|turn|20
|
|t:|1757902022
|move|p2a: Lycanroc|Accelerock|p1a: Rillaboom
|-damage|p1a: Rillaboom|3/100
|move|p1a: Rillaboom|Grassy Glide|p2a: Lycanroc
|-supereffective|p2a: Lycanroc
|-enditem|p2a: Lycanroc|Focus Sash
|-damage|p2a: Lycanroc|1/100
|
|-heal|p2a: Lycanroc|7/100|[from] Grassy Terrain
|-heal|p1a: Rillaboom|9/100|[from] Grassy Terrain
|upkeep
|turn|21
|
|t:|1757902024
|move|p2a: Lycanroc|Accelerock|p1a: Rillaboom
|-damage|p1a: Rillaboom|0 fnt
|faint|p1a: Rillaboom
|
|-heal|p2a: Lycanroc|13/100|[from] Grassy Terrain
|upkeep
|
|t:|1757902025
|switch|p1a: Zamazenta|Zamazenta|94/100
|turn|22
|
|t:|1757902027
|move|p1a: Zamazenta|Body Press|p2a: Lycanroc
|-supereffective|p2a: Lycanroc
|-damage|p2a: Lycanroc|0 fnt
|faint|p2a: Lycanroc
|
|win|flygonisdragon
|raw|flygonisdragon's rating: 1554 &rarr; <strong>1571</strong><br />(+17 for winning)
|raw|hongbong's rating: 1510 &rarr; <strong>1493</strong><br />(-17 for losing)
|l|☆hongbong
|player|p2|
|l|☆flygonisdragon
|player|p1|
