|j|☆sminey
|j|☆psychic boy clancy
|t:|1757826163
|gametype|singles
|player|p1|sminey|170|1546
|player|p2|psychic boy clancy|pryce|1506
|gen|9
|tier|[Gen 9] OU
|rated|
|rule|HP Percentage Mod: HP is shown in percentages
|rule|Endless Battle Clause: Forcing endless battles is banned
|rule|Species Clause: Limit one of each Pokémon
|rule|OHKO Clause: OHKO moves are banned
|rule|Evasion Items Clause: Evasion items are banned
|rule|Evasion Moves Clause: Evasion moves are banned
|rule|Evasion Abilities Clause: Evasion abilities are banned
|rule|Sleep Moves Clause: Sleep-inducing moves are banned
|clearpoke
|poke|p1|Latios, M|
|poke|p1|Cinderace, F|
|poke|p1|Weavile, M|
|poke|p1|Zapdos|
|poke|p1|Clefable, M|
|poke|p1|Slowking-Galar, M|
|poke|p2|Darkrai|
|poke|p2|Weezing-Galar, F|
|poke|p2|Alomomola, F|
|poke|p2|Garchomp, F|
|poke|p2|Corviknight, M|
|poke|p2|Ogerpon, F|
|teampreview
|inactive|Battle timer is ON: inactive players will automatically lose when time's up. (requested by sminey)
|
|t:|1757826180
|teamsize|p1|6
|teamsize|p2|6
|start
|switch|p1a: Zapdos|Zapdos|100/100
|switch|p2a: Alomomola|Alomomola, F|100/100
|turn|1
|
|t:|1757826187
|move|p1a: Zapdos|Thunder Wave|p2a: Alomomola
|-status|p2a: Alomomola|par
|move|p2a: Alomomola|Mirror Coat||[still]
|-fail|p2a: Alomomola
|
|upkeep
|turn|2
|
|t:|1757826200
|switch|p1a: Clefable|Clefable, M|100/100
|cant|p2a: Alomomola|par
|
|upkeep
|turn|3
|
|t:|1757826207
|move|p1a: Clefable|Calm Mind|p1a: Clefable
|-boost|p1a: Clefable|spa|1
|-boost|p1a: Clefable|spd|1
|move|p2a: Alomomola|Flip Turn|p1a: Clefable
|-damage|p1a: Clefable|88/100
|
|t:|1757826213
|switch|p2a: Ogerpon|Ogerpon, F|100/100|[from] Flip Turn
|
|upkeep
|turn|4
|
|t:|1757826221
|move|p2a: Ogerpon|Encore|p1a: Clefable
|-start|p1a: Clefable|Encore
|move|p1a: Clefable|Calm Mind|p1a: Clefable
|-boost|p1a: Clefable|spa|1
|-boost|p1a: Clefable|spd|1
|
|upkeep
|turn|5
|
|t:|1757826228
|switch|p1a: Zapdos|Zapdos|100/100
|move|p2a: Ogerpon|Knock Off|p1a: Zapdos
|-damage|p1a: Zapdos|79/100
|-enditem|p1a: Zapdos|Heavy-Duty Boots|[from] move: Knock Off|[of] p2a: Ogerpon
|
|upkeep
|turn|6
|
|t:|1757826236
|switch|p2a: Garchomp|Garchomp, F|100/100
|move|p1a: Zapdos|Hurricane|p2a: Garchomp
|-crit|p2a: Garchomp
|-damage|p2a: Garchomp|33/100
|
|upkeep
|turn|7
|
|t:|1757826251
|move|p2a: Garchomp|Spikes|p1a: Zapdos
|-sidestart|p1: sminey|Spikes
|move|p1a: Zapdos|Hurricane|p2a: Garchomp
|-damage|p2a: Garchomp|0 fnt
|faint|p2a: Garchomp
|
|upkeep
|
|t:|1757826260
|switch|p2a: Darkrai|Darkrai|100/100
|turn|8
|
|t:|1757826266
|move|p2a: Darkrai|Ice Beam|p1a: Zapdos
|-supereffective|p1a: Zapdos
|-damage|p1a: Zapdos|0 fnt
|faint|p1a: Zapdos
|
|upkeep
|
|t:|1757826273
|switch|p1a: Cinderace|Cinderace, F|100/100
|turn|9
|
|t:|1757826277
|switch|p2a: Weezing|Weezing-Galar, F|100/100
|-ability|p2a: Weezing|Neutralizing Gas
|move|p1a: Cinderace|U-turn|p2a: Weezing
|-resisted|p2a: Weezing
|-damage|p2a: Weezing|97/100
|
|t:|1757826288
|switch|p1a: Clefable|Clefable, M|88/100|[from] U-turn
|
|-heal|p2a: Weezing|100/100|[from] item: Leftovers
|upkeep
|turn|10
|
|t:|1757826297
|-terastallize|p1a: Clefable|Poison
|move|p1a: Clefable|Calm Mind|p1a: Clefable
|-boost|p1a: Clefable|spa|1
|-boost|p1a: Clefable|spd|1
|move|p2a: Weezing|Sludge Bomb|p1a: Clefable
|-resisted|p1a: Clefable
|-damage|p1a: Clefable|80/100
|
|upkeep
|turn|11
|
|t:|1757826306
|-end|p2a: Weezing|ability: Neutralizing Gas
|switch|p2a: Corviknight|Corviknight, M|100/100
|-ability|p2a: Corviknight|Pressure
|move|p1a: Clefable|Calm Mind|p1a: Clefable
|-boost|p1a: Clefable|spa|1
|-boost|p1a: Clefable|spd|1
|
|upkeep
|turn|12
|
|t:|1757826316
|move|p2a: Corviknight|U-turn|p1a: Clefable
|-resisted|p1a: Clefable
|-damage|p1a: Clefable|74/100
|
|t:|1757826321
|switch|p2a: Alomomola|Alomomola, F|100/100 par|[from] U-turn
|move|p1a: Clefable|Calm Mind|p1a: Clefable
|-boost|p1a: Clefable|spa|1
|-boost|p1a: Clefable|spd|1
|
|upkeep
|turn|13
|
|t:|1757826334
|move|p1a: Clefable|Moonlight|p1a: Clefable
|-heal|p1a: Clefable|100/100
|move|p2a: Alomomola|Flip Turn|p1a: Clefable
|-crit|p1a: Clefable
|-damage|p1a: Clefable|81/100
|
|t:|1757826341
|switch|p2a: Ogerpon|Ogerpon, F|100/100|[from] Flip Turn
|
|upkeep
|turn|14
|inactive|sminey has 120 seconds left.
|
|t:|1757826372
|move|p2a: Ogerpon|Encore|p1a: Clefable
|-start|p1a: Clefable|Encore
|move|p1a: Clefable|Moonlight|p1a: Clefable
|-heal|p1a: Clefable|100/100
|
|upkeep
|turn|15
|
|t:|1757826379
|switch|p1a: Cinderace|Cinderace, F|100/100
|move|p2a: Ogerpon|Knock Off|p1a: Cinderace
|-damage|p1a: Cinderace|53/100
|-enditem|p1a: Cinderace|Heavy-Duty Boots|[from] move: Knock Off|[of] p2a: Ogerpon
|
|upkeep
|turn|16
|
|t:|1757826387
|switch|p2a: Weezing|Weezing-Galar, F|100/100
|-ability|p2a: Weezing|Neutralizing Gas
|move|p1a: Cinderace|U-turn|p2a: Weezing
|-resisted|p2a: Weezing
|-damage|p2a: Weezing|97/100
|
|t:|1757826390
|switch|p1a: Clefable|Clefable, M, tera:Poison|100/100|[from] U-turn
|
|-heal|p2a: Weezing|100/100|[from] item: Leftovers
|upkeep
|turn|17
|
|t:|1757826401
|-end|p2a: Weezing|ability: Neutralizing Gas
|switch|p2a: Alomomola|Alomomola, F|100/100 par
|move|p1a: Clefable|Calm Mind|p1a: Clefable
|-boost|p1a: Clefable|spa|1
|-boost|p1a: Clefable|spd|1
|
|upkeep
|turn|18
|
|t:|1757826409
|move|p1a: Clefable|Moonblast|p2a: Alomomola
|-damage|p2a: Alomomola|78/100 par
|-unboost|p2a: Alomomola|spa|1
|move|p2a: Alomomola|Flip Turn|p1a: Clefable
|-damage|p1a: Clefable|88/100
|
|t:|1757826419
|switch|p2a: Corviknight|Corviknight, M|100/100|[from] Flip Turn
|-ability|p2a: Corviknight|Pressure
|
|upkeep
|turn|19
|
|t:|1757826429
|move|p2a: Corviknight|U-turn|p1a: Clefable
|-resisted|p1a: Clefable
|-damage|p1a: Clefable|83/100
|
|t:|1757826433
|switch|p2a: Alomomola|Alomomola, F|100/100 par|[from] U-turn
|move|p1a: Clefable|Knock Off|p2a: Alomomola
|-damage|p2a: Alomomola|89/100 par
|-enditem|p2a: Alomomola|Assault Vest|[from] move: Knock Off|[of] p1a: Clefable
|
|upkeep
|turn|20
|
|t:|1757826442
|move|p1a: Clefable|Moonblast|p2a: Alomomola
|-damage|p2a: Alomomola|57/100 par
|-unboost|p2a: Alomomola|spa|1
|cant|p2a: Alomomola|par
|
|upkeep
|turn|21
|
|t:|1757826449
|move|p1a: Clefable|Moonblast|p2a: Alomomola
|-damage|p2a: Alomomola|21/100 par
|-unboost|p2a: Alomomola|spa|1
|move|p2a: Alomomola|Flip Turn|p1a: Clefable
|-damage|p1a: Clefable|69/100
|
|t:|1757826456
|switch|p2a: Corviknight|Corviknight, M|100/100|[from] Flip Turn
|-ability|p2a: Corviknight|Pressure
|
|upkeep
|turn|22
|
|t:|1757826469
|move|p2a: Corviknight|Brave Bird|p1a: Clefable
|-damage|p1a: Clefable|42/100
|-damage|p2a: Corviknight|91/100|[from] Recoil
|move|p1a: Clefable|Moonblast|p2a: Corviknight
|-resisted|p2a: Corviknight
|-damage|p2a: Corviknight|75/100
|-unboost|p2a: Corviknight|spa|1
|
|-heal|p2a: Corviknight|81/100|[from] item: Leftovers
|upkeep
|turn|23
|
|t:|1757826482
|move|p2a: Corviknight|U-turn|p1a: Clefable
|-resisted|p1a: Clefable
|-damage|p1a: Clefable|37/100
|
|t:|1757826485
|switch|p2a: Ogerpon|Ogerpon, F|100/100|[from] U-turn
|move|p1a: Clefable|Moonlight|p1a: Clefable
|-heal|p1a: Clefable|87/100
|
|upkeep
|turn|24
|
|t:|1757826494
|switch|p1a: Cinderace|Cinderace, F|53/100
|-damage|p1a: Cinderace|41/100|[from] Spikes
|move|p2a: Ogerpon|Encore||[still]
|-fail|p2a: Ogerpon
|
|upkeep
|turn|25
|
|t:|1757826514
|-terastallize|p2a: Ogerpon|Grass
|detailschange|p2a: Ogerpon|Ogerpon-Teal-Tera, F, tera:Grass
|-ability|p2a: Ogerpon|Embody Aspect (Teal)|boost
|-boost|p2a: Ogerpon|spe|1
|move|p2a: Ogerpon|U-turn|p1a: Cinderace
|-resisted|p1a: Cinderace
|-damage|p1a: Cinderace|23/100
|
|t:|1757826521
|switch|p2a: Weezing|Weezing-Galar, F|100/100|[from] U-turn
|-ability|p2a: Weezing|Neutralizing Gas
|move|p1a: Cinderace|Pyro Ball|p2a: Weezing
|-damage|p2a: Weezing|64/100
|
|-heal|p2a: Weezing|70/100|[from] item: Leftovers
|upkeep
|turn|26
|
|t:|1757826533
|switch|p1a: Clefable|Clefable, M, tera:Poison|87/100
|move|p2a: Weezing|Sludge Bomb|p1a: Clefable
|-resisted|p1a: Clefable
|-crit|p1a: Clefable
|-damage|p1a: Clefable|66/100
|
|-heal|p2a: Weezing|76/100|[from] item: Leftovers
|upkeep
|turn|27
|
|t:|1757826546
|-end|p2a: Weezing|ability: Neutralizing Gas
|switch|p2a: Darkrai|Darkrai|100/100
|move|p1a: Clefable|Calm Mind|p1a: Clefable
|-boost|p1a: Clefable|spa|1
|-boost|p1a: Clefable|spd|1
|
|upkeep
|turn|28
|
|t:|1757826554
|move|p2a: Darkrai|Trick|p1a: Clefable
|-activate|p2a: Darkrai|move: Trick|[of] p1a: Clefable
|-item|p1a: Clefable|Choice Specs|[from] move: Trick
|-item|p2a: Darkrai|Heavy-Duty Boots|[from] move: Trick
|move|p1a: Clefable|Calm Mind|p1a: Clefable
|-boost|p1a: Clefable|spa|1
|-boost|p1a: Clefable|spd|1
|
|upkeep
|turn|29
|
|t:|1757826569
|switch|p1a: Weavile|Weavile, M|100/100
|-ability|p1a: Weavile|Pressure
|move|p2a: Darkrai|Dark Pulse|p1a: Weavile
|-resisted|p1a: Weavile
|-damage|p1a: Weavile|73/100
|
|upkeep
|turn|30
|
|t:|1757826587
|switch|p2a: Weezing|Weezing-Galar, F|76/100
|-ability|p2a: Weezing|Neutralizing Gas
|move|p1a: Weavile|Swords Dance|p1a: Weavile
|-boost|p1a: Weavile|atk|2
|
|-heal|p2a: Weezing|82/100|[from] item: Leftovers
|upkeep
|turn|31
|
|t:|1757826597
|move|p1a: Weavile|Triple Axel|p2a: Weezing
|-crit|p2a: Weezing
|-damage|p2a: Weezing|63/100
|-damage|p2a: Weezing|38/100
|-damage|p2a: Weezing|3/100
|-hitcount|p2a: Weezing|3
|move|p2a: Weezing|Will-O-Wisp|p1a: Weavile
|-status|p1a: Weavile|brn
|
|-heal|p2a: Weezing|9/100|[from] item: Leftovers
|-damage|p1a: Weavile|67/100 brn|[from] brn
|upkeep
|turn|32
|
|t:|1757826610
|move|p1a: Weavile|Triple Axel|p2a: Weezing
|-damage|p2a: Weezing|3/100
|-damage|p2a: Weezing|0 fnt
|faint|p2a: Weezing
|-end|p2a: Weezing|ability: Neutralizing Gas
|-ability|p1a: Weavile|Pressure
|-hitcount|p2: Weezing|2
|
|-damage|p1a: Weavile|61/100 brn|[from] brn
|upkeep
|
|t:|1757826622
|switch|p2a: Ogerpon|Ogerpon-Teal-Tera, F, tera:Grass|100/100
|-ability|p2a: Ogerpon|Embody Aspect (Teal)|boost
|-boost|p2a: Ogerpon|spe|1
|turn|33
|
|t:|1757826636
|move|p1a: Weavile|Ice Shard|p2a: Ogerpon
|-supereffective|p2a: Ogerpon
|-damage|p2a: Ogerpon|46/100
|move|p2a: Ogerpon|U-turn|p1a: Weavile
|-supereffective|p1a: Weavile
|-damage|p1a: Weavile|0 fnt
|faint|p1a: Weavile
|
|t:|1757826643
|switch|p2a: Darkrai|Darkrai|100/100|[from] U-turn
|
|upkeep
|
|t:|1757826658
|switch|p1a: Clefable|Clefable, M, tera:Poison|66/100
|-damage|p1a: Clefable|54/100|[from] Spikes
|turn|34
|
|t:|1757826667
|switch|p2a: Corviknight|Corviknight, M|81/100
|-ability|p2a: Corviknight|Pressure
|move|p1a: Clefable|Moonblast|p2a: Corviknight
|-resisted|p2a: Corviknight
|-crit|p2a: Corviknight
|-damage|p2a: Corviknight|56/100
|
|-heal|p2a: Corviknight|62/100|[from] item: Leftovers
|upkeep
|turn|35
|
|t:|1757826680
|switch|p1a: Cinderace|Cinderace, F|23/100
|-damage|p1a: Cinderace|10/100|[from] Spikes
|move|p2a: Corviknight|U-turn|p1a: Cinderace
|-resisted|p1a: Cinderace
|-damage|p1a: Cinderace|1/100
|
|t:|1757826687
|switch|p2a: Darkrai|Darkrai|100/100|[from] U-turn
|
|upkeep
|turn|36
|
|t:|1757826692
|move|p1a: Cinderace|Sucker Punch|p2a: Darkrai
|-start|p1a: Cinderace|typechange|Dark|[from] ability: Libero
|-resisted|p2a: Darkrai
|-damage|p2a: Darkrai|77/100
|move|p2a: Darkrai|Dark Pulse|p1a: Cinderace
|-resisted|p1a: Cinderace
|-damage|p1a: Cinderace|0 fnt
|faint|p1a: Cinderace
|
|upkeep
|
|t:|1757826707
|switch|p1a: Latios|Latios, M|100/100
|turn|37
|
|t:|1757826721
|switch|p2a: Corviknight|Corviknight, M|62/100
|-ability|p2a: Corviknight|Pressure
|move|p1a: Latios|Draco Meteor|p2a: Corviknight
|-resisted|p2a: Corviknight
|-damage|p2a: Corviknight|40/100
|-unboost|p1a: Latios|spa|2
|
|-heal|p2a: Corviknight|46/100|[from] item: Leftovers
|upkeep
|turn|38
|
|t:|1757826736
|switch|p1a: Slowking|Slowking-Galar, M|100/100
|-damage|p1a: Slowking|88/100|[from] Spikes
|move|p2a: Corviknight|Roost|p2a: Corviknight
|-heal|p2a: Corviknight|96/100
|-singleturn|p2a: Corviknight|move: Roost
|
|-heal|p2a: Corviknight|100/100|[from] item: Leftovers
|upkeep
|turn|39
|
|t:|1757826746
|move|p2a: Corviknight|U-turn|p1a: Slowking
|-damage|p1a: Slowking|73/100
|
|t:|1757826749
|switch|p2a: Alomomola|Alomomola, F|54/100 par|[from] U-turn
|move|p1a: Slowking|Flamethrower|p2a: Alomomola
|-resisted|p2a: Alomomola
|-damage|p2a: Alomomola|45/100 par
|
|upkeep
|turn|40
|
|t:|1757826758
|move|p1a: Slowking|Sludge Bomb|p2a: Alomomola
|-damage|p2a: Alomomola|21/100 par
|move|p2a: Alomomola|Flip Turn|p1a: Slowking
|-damage|p1a: Slowking|57/100
|
|t:|1757826764
|switch|p2a: Darkrai|Darkrai|77/100|[from] Flip Turn
|
|upkeep
|turn|41
|
|t:|1757826776
|move|p2a: Darkrai|Dark Pulse|p1a: Slowking
|-supereffective|p1a: Slowking
|-damage|p1a: Slowking|20/100
|cant|p1a: Slowking|flinch
|
|upkeep
|turn|42
|
|t:|1757826785
|switch|p1a: Clefable|Clefable, M, tera:Poison|54/100
|-damage|p1a: Clefable|41/100|[from] Spikes
|move|p2a: Darkrai|Dark Pulse|p1a: Clefable
|-damage|p1a: Clefable|4/100
|
|upkeep
|turn|43
|
|t:|1757826793
|move|p2a: Darkrai|Dark Pulse|p1a: Clefable
|-damage|p1a: Clefable|0 fnt
|faint|p1a: Clefable
|
|upkeep
|
|t:|1757826799
|switch|p1a: Latios|Latios, M|100/100
|turn|44
|
|t:|1757826804
|switch|p2a: Corviknight|Corviknight, M|100/100
|-ability|p2a: Corviknight|Pressure
|move|p1a: Latios|Trick|p2a: Corviknight
|-activate|p1a: Latios|move: Trick|[of] p2a: Corviknight
|-item|p2a: Corviknight|Choice Scarf|[from] move: Trick
|-item|p1a: Latios|Leftovers|[from] move: Trick
|
|upkeep
|turn|45
|
|t:|1757826814
|move|p1a: Latios|Luster Purge|p2a: Corviknight
|-resisted|p2a: Corviknight
|-damage|p2a: Corviknight|83/100
|-unboost|p2a: Corviknight|spd|1
|move|p2a: Corviknight|Brave Bird|p1a: Latios
|-damage|p1a: Latios|47/100
|-damage|p2a: Corviknight|70/100|[from] Recoil
|
|-heal|p1a: Latios|53/100|[from] item: Leftovers
|upkeep
|turn|46
|
|t:|1757826826
|move|p1a: Latios|Flip Turn|p2a: Corviknight
|-damage|p2a: Corviknight|60/100
|
|t:|1757826829
|switch|p1a: Slowking|Slowking-Galar, M|54/100|[from] Flip Turn
|-damage|p1a: Slowking|41/100|[from] Spikes
|move|p2a: Corviknight|Brave Bird|p1a: Slowking
|-damage|p1a: Slowking|2/100
|-damage|p2a: Corviknight|48/100|[from] Recoil
|
|upkeep
|turn|47
|
|t:|1757826838
|move|p2a: Corviknight|Brave Bird|p1a: Slowking
|-damage|p1a: Slowking|0 fnt
|faint|p1a: Slowking
|-damage|p2a: Corviknight|47/100|[from] Recoil
|
|upkeep
|-message|sminey forfeited.
|
|win|psychic boy clancy
|raw|sminey's rating: 1546 &rarr; <strong>1524</strong><br />(-22 for losing)
|raw|psychic boy clancy's rating: 1506 &rarr; <strong>1528</strong><br />(+22 for winning)
|l|☆sminey
|player|p1|
|c|☆psychic boy clancy|Gg
|l|☆psychic boy clancy
|player|p2|
