|j|☆moodrandom
|j|☆butts99999
|t:|1757786926
|gametype|singles
|player|p1|moodrandom|pokemonbreeder-gen4|1542
|player|p2|butts99999|skierf|1785
|gen|9
|tier|[Gen 9] OU
|rated|
|rule|HP Percentage Mod: HP is shown in percentages
|rule|Endless Battle Clause: Forcing endless battles is banned
|rule|Species Clause: Limit one of each Pokémon
|rule|OHKO Clause: OHKO moves are banned
|rule|Evasion Items Clause: Evasion items are banned
|rule|Evasion Moves Clause: Evasion moves are banned
|rule|Evasion Abilities Clause: Evasion abilities are banned
|rule|Sleep Moves Clause: Sleep-inducing moves are banned
|clearpoke
|poke|p1|Incineroar, M|
|poke|p1|Maushold|
|poke|p1|Landorus-Therian, M|
|poke|p1|Slowking-Galar, M|
|poke|p1|Rillaboom, M|
|poke|p1|Kommo-o, F|
|poke|p2|Kingambit, F|
|poke|p2|Cinderace, F|
|poke|p2|Landorus-Therian, M|
|poke|p2|Iron Valiant|
|poke|p2|Kyurem|
|poke|p2|Slowking-Galar, M|
|teampreview
|c|☆butts99999|hf
|c|☆butts99999|cool team
|c|☆moodrandom|ty
|inactive|Battle timer is ON: inactive players will automatically lose when time's up. (requested by butts99999)
|
|t:|1757786950
|teamsize|p1|6
|teamsize|p2|6
|start
|switch|p1a: Kommo-o|Kommo-o, F|100/100
|switch|p2a: Mr. Freeze|Kyurem, shiny|100/100
|-ability|p2a: Mr. Freeze|Pressure
|turn|1
|
|t:|1757786970
|switch|p2a: Chillionaire|Slowking-Galar, M, shiny|100/100
|switch|p1a: Incineroar|Incineroar, M|100/100
|-ability|p1a: Incineroar|Intimidate|boost
|-unboost|p2a: Chillionaire|atk|1
|
|upkeep
|turn|2
|inactive|butts99999 has 120 seconds left.
|
|t:|1757786996
|switch|p2a: Homelandor|Landorus-Therian, M, shiny|100/100
|-ability|p2a: Homelandor|Intimidate|boost
|-unboost|p1a: Incineroar|atk|1
|move|p1a: Incineroar|Knock Off|p2a: Homelandor
|-damage|p2a: Homelandor|79/100
|-damage|p1a: Incineroar|84/100|[from] item: Rocky Helmet|[of] p2a: Homelandor
|-enditem|p2a: Homelandor|Rocky Helmet|[from] move: Knock Off|[of] p1a: Incineroar
|
|upkeep
|turn|3
|inactive|butts99999 has 120 seconds left.
|
|t:|1757787009
|switch|p2a: Mr. Freeze|Kyurem, shiny|100/100
|-ability|p2a: Mr. Freeze|Pressure
|switch|p1a: Landorus|Landorus-Therian, M|100/100
|-ability|p1a: Landorus|Intimidate|boost
|-unboost|p2a: Mr. Freeze|atk|1
|
|upkeep
|turn|4
|inactive|butts99999 has 120 seconds left.
|
|t:|1757787021
|move|p1a: Landorus|U-turn|p2a: Mr. Freeze
|-damage|p2a: Mr. Freeze|78/100
|
|t:|1757787024
|switch|p1a: Slowking|Slowking-Galar, M|100/100|[from] U-turn
|move|p2a: Mr. Freeze|Substitute|p2a: Mr. Freeze
|-start|p2a: Mr. Freeze|Substitute
|-damage|p2a: Mr. Freeze|53/100
|
|-heal|p2a: Mr. Freeze|59/100|[from] item: Leftovers
|upkeep
|turn|5
|
|t:|1757787034
|move|p2a: Mr. Freeze|Earth Power|p1a: Slowking
|-supereffective|p1a: Slowking
|-damage|p1a: Slowking|68/100
|move|p1a: Slowking|Sludge Bomb|p2a: Mr. Freeze
|-end|p2a: Mr. Freeze|Substitute
|
|-heal|p2a: Mr. Freeze|65/100|[from] item: Leftovers
|upkeep
|turn|6
|
|t:|1757787041
|move|p2a: Mr. Freeze|Protect|p2a: Mr. Freeze
|-singleturn|p2a: Mr. Freeze|Protect
|move|p1a: Slowking|Psyshock|p2a: Mr. Freeze
|-activate|p2a: Mr. Freeze|move: Protect
|
|-heal|p2a: Mr. Freeze|71/100|[from] item: Leftovers
|upkeep
|turn|7
|
|t:|1757787044
|move|p2a: Mr. Freeze|Earth Power|p1a: Slowking
|-supereffective|p1a: Slowking
|-crit|p1a: Slowking
|-damage|p1a: Slowking|21/100
|move|p1a: Slowking|Sludge Bomb|p2a: Mr. Freeze
|-damage|p2a: Mr. Freeze|30/100
|
|-heal|p2a: Mr. Freeze|36/100|[from] item: Leftovers
|upkeep
|turn|8
|inactive|butts99999 has 120 seconds left.
|inactive|butts99999 has 90 seconds left.
|
|t:|1757787107
|switch|p1a: Maushold|Maushold|100/100
|move|p2a: Mr. Freeze|Protect||[still]
|-fail|p2a: Mr. Freeze
|
|-heal|p2a: Mr. Freeze|42/100|[from] item: Leftovers
|upkeep
|turn|9
|
|t:|1757787116
|switch|p2a: Daenerys|Kingambit, F|100/100
|move|p1a: Maushold|Population Bomb|p2a: Daenerys
|-resisted|p2a: Daenerys
|-damage|p2a: Daenerys|96/100
|-resisted|p2a: Daenerys
|-damage|p2a: Daenerys|91/100
|-resisted|p2a: Daenerys
|-damage|p2a: Daenerys|87/100
|-resisted|p2a: Daenerys
|-damage|p2a: Daenerys|82/100
|-resisted|p2a: Daenerys
|-damage|p2a: Daenerys|77/100
|-resisted|p2a: Daenerys
|-damage|p2a: Daenerys|73/100
|-resisted|p2a: Daenerys
|-damage|p2a: Daenerys|69/100
|-resisted|p2a: Daenerys
|-damage|p2a: Daenerys|64/100
|-resisted|p2a: Daenerys
|-damage|p2a: Daenerys|60/100
|-resisted|p2a: Daenerys
|-damage|p2a: Daenerys|56/100
|-hitcount|p2a: Daenerys|10
|
|-heal|p2a: Daenerys|62/100|[from] item: Leftovers
|upkeep
|turn|10
|
|t:|1757787125
|switch|p1a: Kommo-o|Kommo-o, F|100/100
|move|p2a: Daenerys|Kowtow Cleave|p1a: Kommo-o
|-resisted|p1a: Kommo-o
|-damage|p1a: Kommo-o|77/100
|
|-heal|p2a: Daenerys|68/100|[from] item: Leftovers
|upkeep
|turn|11
|
|t:|1757787130
|-end|p2a: Daenerys|fallenundefined|[silent]
|switch|p2a: Chillionaire|Slowking-Galar, M, shiny|100/100
|move|p1a: Kommo-o|Flamethrower|p2a: Chillionaire
|-damage|p2a: Chillionaire|84/100
|
|upkeep
|turn|12
|
|t:|1757787141
|move|p1a: Kommo-o|Stealth Rock|p2a: Chillionaire
|-sidestart|p2: butts99999|move: Stealth Rock
|-prepare|p2a: Chillionaire|Chilly Reception|[premajor]
|move|p2a: Chillionaire|Chilly Reception|p2a: Chillionaire
|-weather|Snowscape
|
|t:|1757787150
|switch|p2a: Kristine|Cinderace, F, shiny|100/100|[from] Chilly Reception
|
|-weather|Snowscape|[upkeep]
|upkeep
|turn|13
|inactive|butts99999 has 120 seconds left.
|
|t:|1757787160
|move|p2a: Kristine|Will-O-Wisp|p1a: Kommo-o
|-status|p1a: Kommo-o|brn
|move|p1a: Kommo-o|Clangorous Soul|p1a: Kommo-o
|-boost|p1a: Kommo-o|atk|1
|-boost|p1a: Kommo-o|def|1
|-boost|p1a: Kommo-o|spa|1
|-boost|p1a: Kommo-o|spd|1
|-boost|p1a: Kommo-o|spe|1
|-damage|p1a: Kommo-o|44/100 brn
|-enditem|p1a: Kommo-o|Throat Spray
|-boost|p1a: Kommo-o|spa|1|[from] item: Throat Spray
|
|-weather|Snowscape|[upkeep]
|-damage|p1a: Kommo-o|38/100 brn|[from] brn
|upkeep
|turn|14
|inactive|butts99999 has 120 seconds left.
|
|t:|1757787172
|switch|p2a: Chillionaire|Slowking-Galar, M, shiny|100/100
|move|p1a: Kommo-o|Boomburst|p2a: Chillionaire
|-damage|p2a: Chillionaire|52/100
|
|-weather|Snowscape|[upkeep]
|-damage|p1a: Kommo-o|32/100 brn|[from] brn
|upkeep
|turn|15
|inactive|butts99999 has 120 seconds left.
|
|t:|1757787183
|-terastallize|p1a: Kommo-o|Normal
|move|p1a: Kommo-o|Boomburst|p2a: Chillionaire
|-damage|p2a: Chillionaire|0 fnt
|faint|p2a: Chillionaire
|
|-weather|Snowscape|[upkeep]
|-damage|p1a: Kommo-o|26/100 brn|[from] brn
|upkeep
|inactive|butts99999 has 120 seconds left.
|
|t:|1757787195
|switch|p2a: Daenerys|Kingambit, F|68/100
|-damage|p2a: Daenerys|62/100|[from] Stealth Rock
|-activate|p2a: Daenerys|ability: Supreme Overlord
|-start|p2a: Daenerys|fallen1|[silent]
|turn|16
|
|t:|1757787200
|move|p2a: Daenerys|Sucker Punch||[still]
|-fail|p2a: Daenerys
|move|p1a: Kommo-o|Stealth Rock||[still]
|-fail|p1a: Kommo-o
|
|-weather|none
|-heal|p2a: Daenerys|68/100|[from] item: Leftovers
|-damage|p1a: Kommo-o|20/100 brn|[from] brn
|upkeep
|turn|17
|
|t:|1757787203
|move|p2a: Daenerys|Sucker Punch|p1a: Kommo-o
|-damage|p1a: Kommo-o|0 fnt
|faint|p1a: Kommo-o
|
|-heal|p2a: Daenerys|74/100|[from] item: Leftovers
|upkeep
|
|t:|1757787206
|switch|p1a: Landorus|Landorus-Therian, M|100/100
|-ability|p1a: Landorus|Intimidate|boost
|-unboost|p2a: Daenerys|atk|1
|turn|18
|
|t:|1757787213
|-end|p2a: Daenerys|fallen1|[silent]
|switch|p2a: Homelandor|Landorus-Therian, M, shiny|79/100
|-damage|p2a: Homelandor|66/100|[from] Stealth Rock
|-ability|p2a: Homelandor|Intimidate|boost
|-unboost|p1a: Landorus|atk|1
|move|p1a: Landorus|U-turn|p2a: Homelandor
|-resisted|p2a: Homelandor
|-damage|p2a: Homelandor|59/100
|
|t:|1757787218
|switch|p1a: Maushold|Maushold|100/100|[from] U-turn
|
|upkeep
|turn|19
|
|t:|1757787227
|switch|p2a: Mr. Freeze|Kyurem, shiny|42/100
|-damage|p2a: Mr. Freeze|17/100|[from] Stealth Rock
|-ability|p2a: Mr. Freeze|Pressure
|move|p1a: Maushold|Population Bomb|p2a: Mr. Freeze
|-damage|p2a: Mr. Freeze|6/100
|-damage|p2a: Mr. Freeze|0 fnt
|faint|p2a: Mr. Freeze
|-hitcount|p2: Mr. Freeze|2
|
|upkeep
|
|t:|1757787229
|switch|p2a: Kristine|Cinderace, F, shiny|100/100
|turn|20
|
|t:|1757787236
|switch|p1a: Incineroar|Incineroar, M|84/100
|-ability|p1a: Incineroar|Intimidate|boost
|-unboost|p2a: Kristine|atk|1
|move|p2a: Kristine|Will-O-Wisp|p1a: Incineroar
|-immune|p1a: Incineroar
|
|upkeep
|turn|21
|
|t:|1757787243
|move|p2a: Kristine|Court Change|p2a: Kristine
|-swapsideconditions
|-activate|p2a: Kristine|move: Court Change
|move|p1a: Incineroar|Parting Shot|p2a: Kristine
|-unboost|p2a: Kristine|atk|1
|-unboost|p2a: Kristine|spa|1
|
|t:|1757787246
|switch|p1a: Landorus|Landorus-Therian, M|100/100|[from] Parting Shot
|-damage|p1a: Landorus|88/100|[from] Stealth Rock
|-ability|p1a: Landorus|Intimidate|boost
|-unboost|p2a: Kristine|atk|1
|
|upkeep
|turn|22
|
|t:|1757787254
|switch|p2a: Homelandor|Landorus-Therian, M, shiny|59/100
|-ability|p2a: Homelandor|Intimidate|boost
|-unboost|p1a: Landorus|atk|1
|move|p1a: Landorus|U-turn|p2a: Homelandor
|-resisted|p2a: Homelandor
|-damage|p2a: Homelandor|51/100
|
|t:|1757787259
|switch|p1a: Maushold|Maushold|100/100|[from] U-turn
|-damage|p1a: Maushold|88/100|[from] Stealth Rock
|
|upkeep
|turn|23
|
|t:|1757787262
|move|p1a: Maushold|Population Bomb|p2a: Homelandor
|-damage|p2a: Homelandor|42/100
|-damage|p2a: Homelandor|31/100
|-damage|p2a: Homelandor|22/100
|-damage|p2a: Homelandor|11/100
|-damage|p2a: Homelandor|2/100
|-damage|p2a: Homelandor|0 fnt
|faint|p2a: Homelandor
|-hitcount|p2: Homelandor|6
|
|upkeep
|
|t:|1757787268
|switch|p2a: Daenerys|Kingambit, F|74/100
|-activate|p2a: Daenerys|ability: Supreme Overlord
|-start|p2a: Daenerys|fallen3|[silent]
|turn|24
|
|t:|1757787272
|switch|p1a: Incineroar|Incineroar, M|84/100
|-ability|p1a: Incineroar|Intimidate|boost
|-unboost|p2a: Daenerys|atk|1
|move|p2a: Daenerys|Kowtow Cleave|p1a: Incineroar
|-resisted|p1a: Incineroar
|-damage|p1a: Incineroar|64/100
|
|-heal|p2a: Daenerys|81/100|[from] item: Leftovers
|upkeep
|turn|25
|
|t:|1757787278
|-end|p2a: Daenerys|fallen3|[silent]
|switch|p2a: Kristine|Cinderace, F, shiny|100/100
|move|p1a: Incineroar|Will-O-Wisp|p2a: Kristine
|-immune|p2a: Kristine
|
|upkeep
|turn|26
|
|t:|1757787293
|move|p2a: Kristine|U-turn|p1a: Incineroar
|-damage|p1a: Incineroar|45/100
|
|t:|1757787295
|switch|p2a: WALL-Y|Iron Valiant|100/100|[from] U-turn
|-enditem|p2a: WALL-Y|Booster Energy
|-activate|p2a: WALL-Y|ability: Quark Drive|[fromitem]
|-start|p2a: WALL-Y|quarkdrivespe
|move|p1a: Incineroar|Knock Off|p2a: WALL-Y
|-resisted|p2a: WALL-Y
|-damage|p2a: WALL-Y|93/100
|
|upkeep
|turn|27
|
|t:|1757787305
|move|p2a: WALL-Y|Moonblast|p1a: Incineroar
|-damage|p1a: Incineroar|14/100
|move|p1a: Incineroar|Parting Shot|p2a: WALL-Y
|-unboost|p2a: WALL-Y|atk|1
|-unboost|p2a: WALL-Y|spa|1
|
|t:|1757787311
|switch|p1a: Slowking|Slowking-Galar, M|54/100|[from] Parting Shot
|-damage|p1a: Slowking|41/100|[from] Stealth Rock
|
|upkeep
|turn|28
|
|t:|1757787318
|-end|p2a: WALL-Y|Quark Drive|[silent]
|switch|p2a: Daenerys|Kingambit, F|81/100
|-activate|p2a: Daenerys|ability: Supreme Overlord
|-start|p2a: Daenerys|fallen3|[silent]
|move|p1a: Slowking|Surf|p2a: Daenerys
|-damage|p2a: Daenerys|51/100
|
|-heal|p2a: Daenerys|58/100|[from] item: Leftovers
|upkeep
|turn|29
|
|t:|1757787326
|move|p2a: Daenerys|Kowtow Cleave|p1a: Slowking
|-supereffective|p1a: Slowking
|-damage|p1a: Slowking|0 fnt
|faint|p1a: Slowking
|
|-heal|p2a: Daenerys|64/100|[from] item: Leftovers
|upkeep
|
|t:|1757787332
|switch|p1a: Landorus|Landorus-Therian, M|88/100
|-damage|p1a: Landorus|76/100|[from] Stealth Rock
|-ability|p1a: Landorus|Intimidate|boost
|-unboost|p2a: Daenerys|atk|1
|turn|30
|
|t:|1757787356
|-terastallize|p2a: Daenerys|Flying
|move|p1a: Landorus|Earthquake|p2a: Daenerys
|-immune|p2a: Daenerys
|move|p2a: Daenerys|Kowtow Cleave|p1a: Landorus
|-damage|p1a: Landorus|29/100
|
|-heal|p2a: Daenerys|70/100|[from] item: Leftovers
|upkeep
|turn|31
|
|t:|1757787365
|switch|p1a: Incineroar|Incineroar, M|14/100
|-ability|p1a: Incineroar|Intimidate|boost
|-unboost|p2a: Daenerys|atk|1
|move|p2a: Daenerys|Kowtow Cleave|p1a: Incineroar
|-resisted|p1a: Incineroar
|-damage|p1a: Incineroar|0 fnt
|faint|p1a: Incineroar
|
|-heal|p2a: Daenerys|76/100|[from] item: Leftovers
|upkeep
|
|t:|1757787372
|switch|p1a: Maushold|Maushold|88/100
|-damage|p1a: Maushold|76/100|[from] Stealth Rock
|turn|32
|inactive|butts99999 has 120 seconds left.
|
|t:|1757787406
|-end|p2a: Daenerys|fallen3|[silent]
|switch|p2a: WALL-Y|Iron Valiant|93/100
|move|p1a: Maushold|Population Bomb|p2a: WALL-Y
|-damage|p2a: WALL-Y|80/100
|-damage|p2a: WALL-Y|65/100
|-damage|p2a: WALL-Y|50/100
|-damage|p2a: WALL-Y|36/100
|-damage|p2a: WALL-Y|23/100
|-damage|p2a: WALL-Y|9/100
|-damage|p2a: WALL-Y|0 fnt
|faint|p2a: WALL-Y
|-end|p2a: WALL-Y|Quark Drive|[silent]
|-hitcount|p2: WALL-Y|7
|
|upkeep
|
|t:|1757787409
|switch|p2a: Kristine|Cinderace, F, shiny|100/100
|turn|33
|inactive|butts99999 has 120 seconds left.
|
|t:|1757787426
|switch|p1a: Rillaboom|Rillaboom, M|100/100
|-damage|p1a: Rillaboom|88/100|[from] Stealth Rock
|-fieldstart|move: Grassy Terrain|[from] ability: Grassy Surge|[of] p1a: Rillaboom
|move|p2a: Kristine|Will-O-Wisp|p1a: Rillaboom
|-status|p1a: Rillaboom|brn
|
|-heal|p1a: Rillaboom|94/100 brn|[from] Grassy Terrain
|-damage|p1a: Rillaboom|88/100 brn|[from] brn
|upkeep
|turn|34
|
|t:|1757787432
|move|p2a: Kristine|Pyro Ball|p1a: Rillaboom
|-supereffective|p1a: Rillaboom
|-damage|p1a: Rillaboom|0 fnt
|faint|p1a: Rillaboom
|
|upkeep
|
|t:|1757787435
|switch|p1a: Landorus|Landorus-Therian, M|29/100
|-damage|p1a: Landorus|17/100|[from] Stealth Rock
|-ability|p1a: Landorus|Intimidate|boost
|-unboost|p2a: Kristine|atk|1
|turn|35
|
|t:|1757787448
|move|p1a: Landorus|Stone Edge|p2a: Kristine
|-supereffective|p2a: Kristine
|-damage|p2a: Kristine|9/100
|move|p2a: Kristine|Pyro Ball|p1a: Landorus
|-damage|p1a: Landorus|0 fnt
|faint|p1a: Landorus
|
|-heal|p2a: Kristine|15/100|[from] Grassy Terrain
|upkeep
|
|t:|1757787452
|switch|p1a: Maushold|Maushold|76/100
|-damage|p1a: Maushold|63/100|[from] Stealth Rock
|turn|36
|
|t:|1757787464
|move|p2a: Kristine|Pyro Ball|p1a: Maushold
|-damage|p1a: Maushold|0 fnt
|faint|p1a: Maushold
|
|win|butts99999
|raw|moodrandom's rating: 1542 &rarr; <strong>1534</strong><br />(-8 for losing)
|raw|butts99999's rating: 1785 &rarr; <strong>1793</strong><br />(+8 for winning)
|c|☆butts99999|gg
|c|☆butts99999|very well played
|l|☆moodrandom
|player|p1|
|c|☆butts99999|scary team...
|l|☆butts99999
|player|p2|
