|j|☆Trennbar
|j|☆Somudulci
|t:|1757786517
|gametype|singles
|player|p1|Trennbar|clerk|1169
|player|p2|Somudulci|emmet|1206
|gen|9
|tier|[Gen 9] OU
|rated|
|rule|HP Percentage Mod: HP is shown in percentages
|rule|Endless Battle Clause: Forcing endless battles is banned
|rule|Species Clause: Limit one of each Pokémon
|rule|OHKO Clause: OHKO moves are banned
|rule|Evasion Items Clause: Evasion items are banned
|rule|Evasion Moves Clause: Evasion moves are banned
|rule|Evasion Abilities Clause: Evasion abilities are banned
|rule|Sleep Moves Clause: Sleep-inducing moves are banned
|clearpoke
|poke|p1|Dragapult, M|
|poke|p1|Dondozo, M|
|poke|p1|Chansey, F|
|poke|p1|Clefable, M|
|poke|p1|Zapdos|
|poke|p1|Corviknight, M|
|poke|p2|Primeape, M|
|poke|p2|Metagross|
|poke|p2|Glimmora, F|
|poke|p2|Ogerpon-Wellspring, F|
|poke|p2|Iron Hands|
|poke|p2|Incineroar, M|
|teampreview
|inactive|Battle timer is ON: inactive players will automatically lose when time's up. (requested by Somudulci)
|
|t:|1757786543
|teamsize|p1|6
|teamsize|p2|6
|start
|switch|p1a: Dragapult|Dragapult, M, shiny|100/100
|switch|p2a: Glimmora|Glimmora, F, shiny|100/100
|-item|p2a: Glimmora|Air Balloon
|turn|1
|inactive|Trennbar has 120 seconds left.
|
|t:|1757786589
|move|p1a: Dragapult|Dragon Darts|p2a: Glimmora
|-damage|p2a: Glimmora|54/100
|-activate|p2a: Glimmora|ability: Toxic Debris
|-sidestart|p1: Trennbar|move: Toxic Spikes
|-enditem|p2a: Glimmora|Air Balloon
|-anim|p1a: Dragapult|Dragon Darts|p2a: Glimmora
|-damage|p2a: Glimmora|3/100
|-activate|p2a: Glimmora|ability: Toxic Debris
|-sidestart|p1: Trennbar|move: Toxic Spikes
|move|p2a: Glimmora|Mortal Spin|p1a: Dragapult
|-resisted|p1a: Dragapult
|-crit|p1a: Dragapult
|-damage|p1a: Dragapult|95/100
|-status|p1a: Dragapult|psn
|
|-damage|p1a: Dragapult|83/100 psn|[from] psn
|upkeep
|turn|2
|
|t:|1757786600
|move|p1a: Dragapult|Dragon Darts|p2a: Glimmora
|-damage|p2a: Glimmora|0 fnt
|faint|p2a: Glimmora
|
|-damage|p1a: Dragapult|71/100 psn|[from] psn
|upkeep
|
|t:|1757786603
|switch|p2a: Primeape|Primeape, M, shiny|100/100
|turn|3
|inactive|Trennbar has 120 seconds left.
|
|t:|1757786626
|move|p1a: Dragapult|Dragon Darts|p2a: Primeape
|-damage|p2a: Primeape|62/100
|-anim|p1a: Dragapult|Dragon Darts|p2a: Primeape
|-damage|p2a: Primeape|16/100
|move|p2a: Primeape|Rage Fist|p1a: Dragapult
|-supereffective|p1a: Dragapult
|-damage|p1a: Dragapult|0 fnt
|faint|p1a: Dragapult
|
|upkeep
|
|t:|1757786630
|switch|p1a: Zapdos|Zapdos|100/100
|-ability|p1a: Zapdos|Pressure
|turn|4
|
|t:|1757786632
|move|p1a: Zapdos|Volt Switch|p2a: Primeape
|-damage|p2a: Primeape|0 fnt
|faint|p2a: Primeape
|inactive|Trennbar has 120 seconds left.
|
|t:|1757786662
|switch|p1a: Corviknight|Corviknight, M|100/100|[from] Volt Switch
|-ability|p1a: Corviknight|Pressure
|
|upkeep
|
|t:|1757786669
|switch|p2a: Incineroar|Incineroar, M, shiny|100/100
|-ability|p2a: Incineroar|Intimidate|boost
|-unboost|p1a: Corviknight|atk|1
|turn|5
|
|t:|1757786676
|switch|p1a: Dondozo|Dondozo, M|100/100
|-status|p1a: Dondozo|tox
|move|p2a: Incineroar|Knock Off|p1a: Dondozo
|-damage|p1a: Dondozo|77/100 tox
|-enditem|p1a: Dondozo|Leftovers|[from] move: Knock Off|[of] p2a: Incineroar
|
|-damage|p1a: Dondozo|71/100 tox|[from] psn
|upkeep
|turn|6
|inactive|Trennbar has 120 seconds left.
|
|t:|1757786683
|move|p2a: Incineroar|Parting Shot|p1a: Dondozo
|-unboost|p1a: Dondozo|atk|1
|-unboost|p1a: Dondozo|spa|1
|
|t:|1757786685
|switch|p2a: Ogerpon|Ogerpon-Wellspring, F|100/100|[from] Parting Shot
|move|p1a: Dondozo|Rest|p1a: Dondozo
|-status|p1a: Dondozo|slp|[from] move: Rest
|-heal|p1a: Dondozo|100/100 slp|[silent]
|
|upkeep
|turn|7
|
|t:|1757786690
|move|p2a: Ogerpon|Spikes|p1a: Dondozo
|-sidestart|p1: Trennbar|Spikes
|cant|p1a: Dondozo|slp
|
|upkeep
|turn|8
|
|t:|1757786696
|switch|p1a: Corviknight|Corviknight, M|100/100
|-ability|p1a: Corviknight|Pressure
|move|p2a: Ogerpon|Spikes|p1a: Corviknight
|-sidestart|p1: Trennbar|Spikes
|
|upkeep
|turn|9
|
|t:|1757786698
|move|p2a: Ogerpon|Knock Off|p1a: Corviknight
|-damage|p1a: Corviknight|77/100
|-enditem|p1a: Corviknight|Leftovers|[from] move: Knock Off|[of] p2a: Ogerpon
|move|p1a: Corviknight|Defog|p2a: Ogerpon
|-unboost|p2a: Ogerpon|evasion|1
|-sideend|p1: Trennbar|Spikes|[from] move: Defog|[of] p1a: Corviknight
|-sideend|p1: Trennbar|Toxic Spikes|[from] move: Defog|[of] p1a: Corviknight
|
|upkeep
|turn|10
|
|t:|1757786702
|move|p2a: Ogerpon|Ivy Cudgel|p1a: Corviknight|[anim] Ivy Cudgel Water
|-crit|p1a: Corviknight
|-damage|p1a: Corviknight|21/100
|move|p1a: Corviknight|U-turn|p2a: Ogerpon
|-supereffective|p2a: Ogerpon
|-damage|p2a: Ogerpon|59/100
|
|t:|1757786704
|switch|p1a: Zapdos|Zapdos|100/100|[from] U-turn
|-ability|p1a: Zapdos|Pressure
|
|upkeep
|turn|11
|
|t:|1757786708
|switch|p2a: Iron Hands|Iron Hands, shiny|100/100
|-enditem|p2a: Iron Hands|Booster Energy
|-activate|p2a: Iron Hands|ability: Quark Drive|[fromitem]
|-start|p2a: Iron Hands|quarkdriveatk
|move|p1a: Zapdos|Volt Switch|p2a: Iron Hands
|-resisted|p2a: Iron Hands
|-damage|p2a: Iron Hands|82/100
|
|t:|1757786711
|switch|p1a: Dondozo|Dondozo, M|100/100 slp|[from] Volt Switch
|
|upkeep
|turn|12
|
|t:|1757786716
|-terastallize|p1a: Dondozo|Electric
|move|p2a: Iron Hands|Swords Dance|p2a: Iron Hands
|-boost|p2a: Iron Hands|atk|2
|cant|p1a: Dondozo|slp
|move|p1a: Dondozo|Sleep Talk|p1a: Dondozo
|move|p1a: Dondozo|Rest||[from] move: Sleep Talk|[still]
|-fail|p1a: Dondozo
|
|upkeep
|turn|13
|
|t:|1757786722
|move|p2a: Iron Hands|Swords Dance|p2a: Iron Hands
|-boost|p2a: Iron Hands|atk|2
|-curestatus|p1a: Dondozo|slp|[msg]
|move|p1a: Dondozo|Wave Crash|p2a: Iron Hands
|-damage|p2a: Iron Hands|57/100
|-damage|p1a: Dondozo|92/100|[from] Recoil
|
|upkeep
|turn|14
|
|t:|1757786725
|move|p2a: Iron Hands|Drain Punch|p1a: Dondozo
|-damage|p1a: Dondozo|64/100
|-heal|p2a: Iron Hands|71/100|[from] drain|[of] p1a: Dondozo
|move|p1a: Dondozo|Wave Crash|p2a: Iron Hands
|-damage|p2a: Iron Hands|44/100
|-damage|p1a: Dondozo|55/100|[from] Recoil
|
|upkeep
|turn|15
|
|t:|1757786732
|move|p2a: Iron Hands|Drain Punch|p1a: Dondozo
|-damage|p1a: Dondozo|28/100
|-heal|p2a: Iron Hands|57/100|[from] drain|[of] p1a: Dondozo
|move|p1a: Dondozo|Curse|p1a: Dondozo
|-unboost|p1a: Dondozo|spe|1
|-boost|p1a: Dondozo|atk|1
|-boost|p1a: Dondozo|def|1
|
|upkeep
|turn|16
|
|t:|1757786734
|move|p2a: Iron Hands|Drain Punch|p1a: Dondozo
|-damage|p1a: Dondozo|9/100
|-heal|p2a: Iron Hands|66/100|[from] drain|[of] p1a: Dondozo
|move|p1a: Dondozo|Rest|p1a: Dondozo
|-status|p1a: Dondozo|slp|[from] move: Rest
|-heal|p1a: Dondozo|100/100 slp|[silent]
|
|upkeep
|turn|17
|
|t:|1757786737
|move|p2a: Iron Hands|Swords Dance|p2a: Iron Hands
|-boost|p2a: Iron Hands|atk|2
|cant|p1a: Dondozo|slp
|move|p1a: Dondozo|Sleep Talk|p1a: Dondozo
|move|p1a: Dondozo|Rest||[from] move: Sleep Talk|[still]
|-fail|p1a: Dondozo
|
|upkeep
|turn|18
|
|t:|1757786739
|move|p2a: Iron Hands|Drain Punch|p1a: Dondozo
|-damage|p1a: Dondozo|82/100 slp
|-heal|p2a: Iron Hands|75/100|[from] drain|[of] p1a: Dondozo
|cant|p1a: Dondozo|slp
|move|p1a: Dondozo|Sleep Talk|p1a: Dondozo
|move|p1a: Dondozo|Wave Crash|p2a: Iron Hands|[from] move: Sleep Talk
|-damage|p2a: Iron Hands|38/100
|-damage|p1a: Dondozo|70/100 slp|[from] Recoil
|
|upkeep
|turn|19
|
|t:|1757786742
|move|p2a: Iron Hands|Drain Punch|p1a: Dondozo
|-damage|p1a: Dondozo|53/100 slp
|-heal|p2a: Iron Hands|46/100|[from] drain|[of] p1a: Dondozo
|-curestatus|p1a: Dondozo|slp|[msg]
|move|p1a: Dondozo|Sleep Talk||[still]
|-fail|p1a: Dondozo
|
|upkeep
|turn|20
|
|t:|1757786744
|move|p2a: Iron Hands|Drain Punch|p1a: Dondozo
|-damage|p1a: Dondozo|36/100
|-heal|p2a: Iron Hands|55/100|[from] drain|[of] p1a: Dondozo
|move|p1a: Dondozo|Wave Crash|p2a: Iron Hands
|-damage|p2a: Iron Hands|13/100
|-damage|p1a: Dondozo|22/100|[from] Recoil
|
|upkeep
|turn|21
|
|t:|1757786748
|move|p2a: Iron Hands|Wild Charge|p1a: Dondozo
|-resisted|p1a: Dondozo
|-damage|p1a: Dondozo|11/100
|-damage|p2a: Iron Hands|10/100|[from] Recoil
|move|p1a: Dondozo|Rest|p1a: Dondozo
|-status|p1a: Dondozo|slp|[from] move: Rest
|-heal|p1a: Dondozo|100/100 slp|[silent]
|
|upkeep
|turn|22
|
|t:|1757786750
|move|p2a: Iron Hands|Drain Punch|p1a: Dondozo
|-damage|p1a: Dondozo|83/100 slp
|-heal|p2a: Iron Hands|19/100|[from] drain|[of] p1a: Dondozo
|cant|p1a: Dondozo|slp
|move|p1a: Dondozo|Sleep Talk|p1a: Dondozo
|move|p1a: Dondozo|Curse|p1a: Dondozo|[from] move: Sleep Talk
|-unboost|p1a: Dondozo|spe|1
|-boost|p1a: Dondozo|atk|1
|-boost|p1a: Dondozo|def|1
|
|upkeep
|turn|23
|
|t:|1757786752
|move|p2a: Iron Hands|Drain Punch|p1a: Dondozo
|-damage|p1a: Dondozo|71/100 slp
|-heal|p2a: Iron Hands|25/100|[from] drain|[of] p1a: Dondozo
|cant|p1a: Dondozo|slp
|move|p1a: Dondozo|Sleep Talk|p1a: Dondozo
|move|p1a: Dondozo|Wave Crash|p2a: Iron Hands|[from] move: Sleep Talk
|-damage|p2a: Iron Hands|0 fnt
|faint|p2a: Iron Hands
|-end|p2a: Iron Hands|Quark Drive|[silent]
|-damage|p1a: Dondozo|62/100 slp|[from] Recoil
|
|upkeep
|c|☆Somudulci|so fucking braindead
|
|t:|1757786765
|switch|p2a: Incineroar|Incineroar, M, shiny|100/100
|-ability|p2a: Incineroar|Intimidate|boost
|-unboost|p1a: Dondozo|atk|1
|turn|24
|
|t:|1757786784
|move|p2a: Incineroar|Parting Shot|p1a: Dondozo
|-unboost|p1a: Dondozo|atk|1
|-unboost|p1a: Dondozo|spa|1
|
|t:|1757786787
|switch|p2a: Metagross|Metagross, shiny|100/100|[from] Parting Shot
|-curestatus|p1a: Dondozo|slp|[msg]
|move|p1a: Dondozo|Curse|p1a: Dondozo
|-unboost|p1a: Dondozo|spe|1
|-boost|p1a: Dondozo|atk|1
|-boost|p1a: Dondozo|def|1
|
|upkeep
|turn|25
|
|t:|1757786794
|move|p2a: Metagross|Psychic Fangs|p1a: Dondozo
|-damage|p1a: Dondozo|55/100
|move|p1a: Dondozo|Wave Crash|p2a: Metagross
|-damage|p2a: Metagross|50/100
|-damage|p1a: Dondozo|44/100|[from] Recoil
|
|upkeep
|turn|26
|
|t:|1757786800
|move|p2a: Metagross|Psychic Fangs|p1a: Dondozo
|-damage|p1a: Dondozo|37/100
|move|p1a: Dondozo|Wave Crash|p2a: Metagross
|-damage|p2a: Metagross|0 fnt
|faint|p2a: Metagross
|-damage|p1a: Dondozo|26/100|[from] Recoil
|
|upkeep
|
|t:|1757786802
|switch|p2a: Incineroar|Incineroar, M, shiny|100/100
|-ability|p2a: Incineroar|Intimidate|boost
|-unboost|p1a: Dondozo|atk|1
|turn|27
|
|t:|1757786804
|move|p2a: Incineroar|Fake Out|p1a: Dondozo
|-damage|p1a: Dondozo|24/100
|cant|p1a: Dondozo|flinch
|
|upkeep
|turn|28
|
|t:|1757786806
|move|p2a: Incineroar|Flare Blitz|p1a: Dondozo
|-damage|p1a: Dondozo|12/100
|-damage|p2a: Incineroar|96/100|[from] Recoil
|move|p1a: Dondozo|Wave Crash|p2a: Incineroar
|-supereffective|p2a: Incineroar
|-damage|p2a: Incineroar|24/100
|-damage|p1a: Dondozo|0 fnt|[from] Recoil
|faint|p1a: Dondozo
|
|upkeep
|
|t:|1757786809
|switch|p1a: Zapdos|Zapdos|100/100
|-ability|p1a: Zapdos|Pressure
|turn|29
|
|t:|1757786811
|move|p1a: Zapdos|Thunderbolt|p2a: Incineroar
|-damage|p2a: Incineroar|0 fnt
|faint|p2a: Incineroar
|
|upkeep
|
|t:|1757786813
|switch|p2a: Ogerpon|Ogerpon-Wellspring, F|59/100
|turn|30
|
|t:|1757786815
|move|p1a: Zapdos|Thunderbolt|p2a: Ogerpon
|-damage|p2a: Ogerpon|3/100
|-status|p2a: Ogerpon|par
|move|p2a: Ogerpon|Ivy Cudgel|p1a: Zapdos|[anim] Ivy Cudgel Water
|-damage|p1a: Zapdos|34/100
|
|upkeep
|turn|31
|-message|Somudulci forfeited.
|
|win|Trennbar
