|j|☆Whatsapp Liligant
|j|☆Schlitzi1125
|t:|1757848212
|gametype|singles
|player|p1|Whatsapp Liligant|cheryl|1282
|player|p2|Schlitzi1125|102|1267
|gen|9
|tier|[Gen 9] OU
|rated|
|rule|HP Percentage Mod: HP is shown in percentages
|rule|Endless Battle Clause: Forcing endless battles is banned
|rule|Species Clause: Limit one of each Pokémon
|rule|OHKO Clause: OHKO moves are banned
|rule|Evasion Items Clause: Evasion items are banned
|rule|Evasion Moves Clause: Evasion moves are banned
|rule|Evasion Abilities Clause: Evasion abilities are banned
|rule|Sleep Moves Clause: Sleep-inducing moves are banned
|clearpoke
|poke|p1|Gumshoos, M|
|poke|p1|Probopass, F|
|poke|p1|Scrafty, F|
|poke|p1|Dragapult, F|
|poke|p1|Iron Hands|
|poke|p1|Inteleon, M|
|poke|p2|Samurott-Hisui, F|
|poke|p2|Tornadus-Therian, M|
|poke|p2|Pecharunt|
|poke|p2|Great Tusk|
|poke|p2|Clefable, F|
|poke|p2|Zamazenta-*|
|teampreview
|
|t:|1757848237
|teamsize|p1|6
|teamsize|p2|6
|start
|switch|p1a: B-2 Stealth Bomber|Dragapult, F|100/100
|switch|p2a: Samurott|Samurott-Hisui, F|100/100
|turn|1
|
|t:|1757848255
|move|p1a: B-2 Stealth Bomber|Reflect|p1a: B-2 Stealth Bomber
|-sidestart|p1: Whatsapp Liligant|Reflect
|move|p2a: Samurott|Knock Off|p1a: B-2 Stealth Bomber
|-supereffective|p1a: B-2 Stealth Bomber
|-damage|p1a: B-2 Stealth Bomber|44/100
|-enditem|p1a: B-2 Stealth Bomber|Light Clay|[from] move: Knock Off|[of] p2a: Samurott
|
|upkeep
|turn|2
|
|t:|1757848261
|move|p1a: B-2 Stealth Bomber|Thunder Wave|p2a: Samurott
|-status|p2a: Samurott|par
|move|p2a: Samurott|Ceaseless Edge|p1a: B-2 Stealth Bomber|[miss]
|-miss|p2a: Samurott|p1a: B-2 Stealth Bomber
|
|upkeep
|turn|3
|
|t:|1757848268
|move|p1a: B-2 Stealth Bomber|Shadow Ball|p2a: Samurott
|-resisted|p2a: Samurott
|-damage|p2a: Samurott|89/100 par
|-unboost|p2a: Samurott|spd|1
|move|p2a: Samurott|Ceaseless Edge|p1a: B-2 Stealth Bomber
|-supereffective|p1a: B-2 Stealth Bomber
|-damage|p1a: B-2 Stealth Bomber|0 fnt
|-sidestart|p1: Whatsapp Liligant|Spikes
|faint|p1a: B-2 Stealth Bomber
|
|upkeep
|
|t:|1757848272
|switch|p1a: Charlie Kirk|Inteleon, M|100/100
|-damage|p1a: Charlie Kirk|88/100|[from] Spikes
|turn|4
|
|t:|1757848285
|move|p1a: Charlie Kirk|Agility|p1a: Charlie Kirk
|-boost|p1a: Charlie Kirk|spe|2
|move|p2a: Samurott|Knock Off|p1a: Charlie Kirk
|-damage|p1a: Charlie Kirk|58/100
|-enditem|p1a: Charlie Kirk|Scope Lens|[from] move: Knock Off|[of] p2a: Samurott
|
|upkeep
|turn|5
|
|t:|1757848294
|cant|p2a: Samurott|par
|move|p1a: Charlie Kirk|Snipe Shot|p2a: Samurott
|-resisted|p2a: Samurott
|-damage|p2a: Samurott|65/100 par
|
|upkeep
|turn|6
|
|t:|1757848299
|cant|p2a: Samurott|par
|move|p1a: Charlie Kirk|Snipe Shot|p2a: Samurott
|-resisted|p2a: Samurott
|-crit|p2a: Samurott
|-damage|p2a: Samurott|7/100 par
|
|upkeep
|turn|7
|
|t:|1757848307
|move|p2a: Samurott|Sucker Punch|p1a: Charlie Kirk
|-damage|p1a: Charlie Kirk|37/100
|move|p1a: Charlie Kirk|Snipe Shot|p2a: Samurott
|-resisted|p2a: Samurott
|-damage|p2a: Samurott|0 fnt
|faint|p2a: Samurott
|
|upkeep
|
|t:|1757848314
|switch|p2a: Tornadus|Tornadus-Therian, M|100/100
|turn|8
|
|t:|1757848317
|move|p1a: Charlie Kirk|Ice Beam|p2a: Tornadus
|-supereffective|p2a: Tornadus
|-damage|p2a: Tornadus|10/100
|move|p2a: Tornadus|Grass Knot|p1a: Charlie Kirk
|-supereffective|p1a: Charlie Kirk
|-damage|p1a: Charlie Kirk|0 fnt
|faint|p1a: Charlie Kirk
|-damage|p2a: Tornadus|0 fnt|[from] item: Life Orb
|faint|p2a: Tornadus
|
|-sideend|p1: Whatsapp Liligant|Reflect
|upkeep
|
|t:|1757848335
|switch|p2a: Great Tusk|Great Tusk|100/100
|switch|p1a: Hoodlum|Scrafty, F|100/100
|-damage|p1a: Hoodlum|88/100|[from] Spikes
|turn|9
|
|t:|1757848351
|move|p2a: Great Tusk|Stealth Rock|p1a: Hoodlum
|-sidestart|p1: Whatsapp Liligant|move: Stealth Rock
|move|p1a: Hoodlum|Knock Off|p2a: Great Tusk
|-resisted|p2a: Great Tusk
|-damage|p2a: Great Tusk|91/100
|-enditem|p2a: Great Tusk|Heavy-Duty Boots|[from] move: Knock Off|[of] p1a: Hoodlum
|
|-heal|p1a: Hoodlum|94/100|[from] item: Leftovers
|upkeep
|turn|10
|inactive|Battle timer is ON: inactive players will automatically lose when time's up. (requested by Schlitzi1125)
|
|t:|1757848394
|-end|p2a: Great Tusk|Protosynthesis|[silent]
|switch|p2a: Clefable|Clefable, F|100/100
|move|p1a: Hoodlum|Bulk Up|p1a: Hoodlum
|-boost|p1a: Hoodlum|atk|1
|-boost|p1a: Hoodlum|def|1
|
|-heal|p1a: Hoodlum|99/100|[from] item: Leftovers
|upkeep
|turn|11
|
|t:|1757848406
|move|p2a: Clefable|Moonblast|p1a: Hoodlum
|-supereffective|p1a: Hoodlum
|-damage|p1a: Hoodlum|14/100
|move|p1a: Hoodlum|Knock Off|p2a: Clefable
|-resisted|p2a: Clefable
|-damage|p2a: Clefable|83/100
|-enditem|p2a: Clefable|Leftovers|[from] move: Knock Off|[of] p1a: Hoodlum
|
|-heal|p1a: Hoodlum|20/100|[from] item: Leftovers
|upkeep
|turn|12
|
|t:|1757848416
|move|p2a: Clefable|Moonblast|p1a: Hoodlum
|-supereffective|p1a: Hoodlum
|-damage|p1a: Hoodlum|0 fnt
|faint|p1a: Hoodlum
|
|upkeep
|
|t:|1757848418
|switch|p1a: Oi vey|Probopass, F|100/100
|-damage|p1a: Oi vey|88/100|[from] Spikes
|-damage|p1a: Oi vey|82/100|[from] Stealth Rock
|turn|13
|
|t:|1757848438
|move|p2a: Clefable|Flamethrower|p1a: Oi vey
|-damage|p1a: Oi vey|67/100
|move|p1a: Oi vey|Stealth Rock|p2a: Clefable
|-sidestart|p2: Schlitzi1125|move: Stealth Rock
|
|upkeep
|turn|14
|
|t:|1757848446
|switch|p2a: Great Tusk|Great Tusk|91/100
|-damage|p2a: Great Tusk|88/100|[from] Stealth Rock
|move|p1a: Oi vey|Thunder Wave|p2a: Great Tusk
|-immune|p2a: Great Tusk
|
|upkeep
|turn|15
|
|t:|1757848453
|move|p2a: Great Tusk|Headlong Rush|p1a: Oi vey
|-supereffective|p1a: Oi vey
|-damage|p1a: Oi vey|0 fnt
|-unboost|p2a: Great Tusk|def|1
|-unboost|p2a: Great Tusk|spd|1
|-damage|p2a: Great Tusk|72/100|[from] item: Rocky Helmet|[of] p1a: Oi vey
|faint|p1a: Oi vey
|
|upkeep
|
|t:|1757848459
|switch|p1a: McDonalds|Iron Hands|100/100
|-damage|p1a: McDonalds|88/100|[from] Spikes
|-damage|p1a: McDonalds|82/100|[from] Stealth Rock
|-enditem|p1a: McDonalds|Booster Energy
|-activate|p1a: McDonalds|ability: Quark Drive|[fromitem]
|-start|p1a: McDonalds|quarkdriveatk
|turn|16
|
|t:|1757848465
|-terastallize|p1a: McDonalds|Flying
|move|p2a: Great Tusk|Headlong Rush|p1a: McDonalds
|-immune|p1a: McDonalds
|move|p1a: McDonalds|Swords Dance|p1a: McDonalds
|-boost|p1a: McDonalds|atk|2
|
|upkeep
|turn|17
|
|t:|1757848473
|move|p2a: Great Tusk|Rapid Spin|p1a: McDonalds
|-damage|p1a: McDonalds|71/100
|-boost|p2a: Great Tusk|spe|1
|-sideend|p2: Schlitzi1125|Stealth Rock|[from] move: Rapid Spin|[of] p2a: Great Tusk
|move|p1a: McDonalds|Drain Punch|p2a: Great Tusk
|-damage|p2a: Great Tusk|0 fnt
|-heal|p1a: McDonalds|100/100|[from] drain|[of] p2a: Great Tusk
|faint|p2a: Great Tusk
|-end|p2a: Great Tusk|Protosynthesis|[silent]
|
|upkeep
|
|t:|1757848485
|switch|p2a: Zamazenta|Zamazenta|100/100
|-ability|p2a: Zamazenta|Dauntless Shield|boost
|-boost|p2a: Zamazenta|def|1
|turn|18
|
|t:|1757848492
|move|p2a: Zamazenta|Stone Edge|p1a: McDonalds|[miss]
|-miss|p2a: Zamazenta|p1a: McDonalds
|move|p1a: McDonalds|Thunder Punch|p2a: Zamazenta
|-damage|p2a: Zamazenta|32/100
|-status|p2a: Zamazenta|par
|
|upkeep
|turn|19
|
|t:|1757848498
|move|p2a: Zamazenta|Stone Edge|p1a: McDonalds
|-supereffective|p1a: McDonalds
|-damage|p1a: McDonalds|52/100
|move|p1a: McDonalds|Drain Punch|p2a: Zamazenta
|-damage|p2a: Zamazenta|0 fnt
|-heal|p1a: McDonalds|64/100|[from] drain|[of] p2a: Zamazenta
|faint|p2a: Zamazenta
|
|upkeep
|
|t:|1757848510
|switch|p2a: Pecharunt|Pecharunt|100/100
|turn|20
|
|t:|1757848514
|move|p2a: Pecharunt|Foul Play|p1a: McDonalds
|-damage|p1a: McDonalds|13/100
|move|p1a: McDonalds|Thunder Punch|p2a: Pecharunt
|-damage|p2a: Pecharunt|47/100
|
|upkeep
|turn|21
|
|t:|1757848521
|move|p2a: Pecharunt|Foul Play|p1a: McDonalds
|-damage|p1a: McDonalds|0 fnt
|faint|p1a: McDonalds
|-end|p1a: McDonalds|Quark Drive|[silent]
|
|upkeep
|
|t:|1757848523
|switch|p1a: Trump|Gumshoos, M|100/100
|-damage|p1a: Trump|88/100|[from] Spikes
|-damage|p1a: Trump|76/100|[from] Stealth Rock
|turn|22
|
|t:|1757848528
|move|p1a: Trump|Crunch|p2a: Pecharunt
|-supereffective|p2a: Pecharunt
|-damage|p2a: Pecharunt|25/100
|move|p2a: Pecharunt|Foul Play|p1a: Trump
|-damage|p1a: Trump|24/100
|
|upkeep
|turn|23
|
|t:|1757848534
|move|p1a: Trump|Crunch|p2a: Pecharunt
|-supereffective|p2a: Pecharunt
|-damage|p2a: Pecharunt|0 fnt
|faint|p2a: Pecharunt
|
|upkeep
|
|t:|1757848538
|switch|p2a: Clefable|Clefable, F|83/100
|turn|24
|
|t:|1757848541
|move|p1a: Trump|Crunch|p2a: Clefable
|-resisted|p2a: Clefable
|-damage|p2a: Clefable|73/100
|move|p2a: Clefable|Moonblast|p1a: Trump
|-damage|p1a: Trump|0 fnt
|faint|p1a: Trump
|
|win|Schlitzi1125
|raw|Whatsapp Liligant's rating: 1282 &rarr; <strong>1256</strong><br />(-26 for losing)
|raw|Schlitzi1125's rating: 1267 &rarr; <strong>1293</strong><br />(+26 for winning)
|l|☆Whatsapp Liligant
|player|p1|
|l|☆Schlitzi1125
|player|p2|
