|inactive|Battle timer is ON: inactive players will automatically lose when time's up.
|t:|1757816223
|gametype|singles
|player|p1|Separation|acetrainerf-gen4dp|
|player|p2|imjustgray|#wcop2021ussouth|
|gen|9
|tier|[Gen 9] OU
|rule|HP Percentage Mod: HP is shown in percentages
|rule|Endless Battle Clause: Forcing endless battles is banned
|rule|Species Clause: Limit one of each Pokémon
|rule|OHKO Clause: OHKO moves are banned
|rule|Evasion Items Clause: Evasion items are banned
|rule|Evasion Moves Clause: Evasion moves are banned
|rule|Evasion Abilities Clause: Evasion abilities are banned
|rule|Sleep Moves Clause: Sleep-inducing moves are banned
|clearpoke
|poke|p1|Dondozo, M|
|poke|p1|Blissey, F|
|poke|p1|Corviknight, F|
|poke|p1|Weezing-Galar, M|
|poke|p1|Gliscor, M|
|poke|p1|Toxapex, M|
|poke|p2|Hatterene, F|
|poke|p2|Dragonite, F|
|poke|p2|Weavile, F|
|poke|p2|Landorus-Therian, M|
|poke|p2|Gholdengo|
|poke|p2|Tornadus-Therian, M|
|teampreview
|c|☆imjustgray|hf
|c|☆Separation|hf
|inactive|Separation has 270 seconds left.
|inactive|imjustgray has 270 seconds left.
|
|t:|1757816256
|teamsize|p1|6
|teamsize|p2|6
|start
|switch|p1a: Gliscor|Gliscor, M|100/100
|switch|p2a: Landorus|Landorus-Therian, M|100/100
|-ability|p2a: Landorus|Intimidate|boost
|-unboost|p1a: Gliscor|atk|1
|turn|1
|
|t:|1757816272
|move|p2a: Landorus|U-turn|p1a: Gliscor
|-resisted|p1a: Gliscor
|-damage|p1a: Gliscor|90/100
|
|t:|1757816288
|switch|p2a: Hatterene|Hatterene, F|100/100|[from] U-turn
|move|p1a: Gliscor|Knock Off|p2a: Hatterene
|-damage|p2a: Hatterene|89/100
|-enditem|p2a: Hatterene|Leftovers|[from] move: Knock Off|[of] p1a: Gliscor
|
|-status|p1a: Gliscor|tox|[from] item: Toxic Orb
|upkeep
|turn|2
|
|t:|1757816304
|move|p1a: Gliscor|Earthquake|p2a: Hatterene
|-damage|p2a: Hatterene|69/100
|move|p2a: Hatterene|Calm Mind|p2a: Hatterene
|-boost|p2a: Hatterene|spa|1
|-boost|p2a: Hatterene|spd|1
|
|-heal|p1a: Gliscor|100/100 tox|[from] ability: Poison Heal
|upkeep
|turn|3
|
|t:|1757816318
|switch|p1a: Blissey|Blissey, F|100/100
|move|p2a: Hatterene|Calm Mind|p2a: Hatterene
|-boost|p2a: Hatterene|spa|1
|-boost|p2a: Hatterene|spd|1
|
|upkeep
|turn|4
|
|t:|1757816329
|move|p1a: Blissey|Calm Mind|p1a: Blissey
|-boost|p1a: Blissey|spa|1
|-boost|p1a: Blissey|spd|1
|move|p2a: Hatterene|Draining Kiss|p1a: Blissey
|-crit|p1a: Blissey
|-damage|p1a: Blissey|77/100
|-heal|p2a: Hatterene|100/100|[from] drain|[of] p1a: Blissey
|
|-heal|p1a: Blissey|84/100|[from] item: Leftovers
|upkeep
|turn|5
|
|t:|1757816345
|switch|p2a: Landorus|Landorus-Therian, M|100/100
|-ability|p2a: Landorus|Intimidate|boost
|-unboost|p1a: Blissey|atk|1
|move|p1a: Blissey|Seismic Toss|p2a: Landorus
|-damage|p2a: Landorus|70/100
|-damage|p1a: Blissey|67/100|[from] item: Rocky Helmet|[of] p2a: Landorus
|
|-heal|p1a: Blissey|73/100|[from] item: Leftovers
|upkeep
|turn|6
|
|t:|1757816357
|move|p2a: Landorus|Stealth Rock|p1a: Blissey
|-sidestart|p1: Separation|move: Stealth Rock
|move|p1a: Blissey|Stealth Rock|p2a: Landorus
|-sidestart|p2: imjustgray|move: Stealth Rock
|
|-heal|p1a: Blissey|80/100|[from] item: Leftovers
|upkeep
|turn|7
|
|t:|1757816371
|switch|p1a: Gliscor|Gliscor, M|100/100 tox
|-damage|p1a: Gliscor|88/100 tox|[from] Stealth Rock
|move|p2a: Landorus|Earthquake|p1a: Gliscor
|-immune|p1a: Gliscor
|
|-heal|p1a: Gliscor|100/100 tox|[from] ability: Poison Heal
|upkeep
|turn|8
|
|t:|1757816376
|move|p2a: Landorus|U-turn|p1a: Gliscor
|-resisted|p1a: Gliscor
|-damage|p1a: Gliscor|91/100 tox
|
|t:|1757816383
|switch|p2a: Tornadus|Tornadus-Therian, M|100/100|[from] U-turn
|-damage|p2a: Tornadus|76/100|[from] Stealth Rock
|move|p1a: Gliscor|Knock Off|p2a: Tornadus
|-damage|p2a: Tornadus|50/100
|-enditem|p2a: Tornadus|Assault Vest|[from] move: Knock Off|[of] p1a: Gliscor
|
|-heal|p1a: Gliscor|100/100 tox|[from] ability: Poison Heal
|upkeep
|turn|9
|
|t:|1757816394
|move|p2a: Tornadus|U-turn|p1a: Gliscor
|-resisted|p1a: Gliscor
|-damage|p1a: Gliscor|95/100 tox
|
|t:|1757816397
|switch|p2a: Hatterene|Hatterene, F|100/100|[from] U-turn
|-damage|p2a: Hatterene|88/100|[from] Stealth Rock
|move|p1a: Gliscor|Knock Off|p2a: Hatterene
|-damage|p2a: Hatterene|77/100
|
|-heal|p1a: Gliscor|100/100 tox|[from] ability: Poison Heal
|upkeep
|turn|10
|
|t:|1757816425
|switch|p2a: Dragonite|Dragonite, F|100/100
|move|p1a: Gliscor|Earthquake|p2a: Dragonite
|-immune|p2a: Dragonite
|
|upkeep
|turn|11
|
|t:|1757816441
|move|p2a: Dragonite|Ice Spinner|p1a: Gliscor
|-supereffective|p1a: Gliscor
|-damage|p1a: Gliscor|3/100 tox
|move|p1a: Gliscor|Knock Off|p2a: Dragonite
|-damage|p2a: Dragonite|88/100
|-enditem|p2a: Dragonite|Heavy-Duty Boots|[from] move: Knock Off|[of] p1a: Gliscor
|
|-heal|p1a: Gliscor|15/100 tox|[from] ability: Poison Heal
|upkeep
|turn|12
|
|t:|1757816447
|move|p1a: Gliscor|Protect|p1a: Gliscor
|-singleturn|p1a: Gliscor|Protect
|move|p2a: Dragonite|Roost|p2a: Dragonite
|-heal|p2a: Dragonite|100/100
|-singleturn|p2a: Dragonite|move: Roost
|
|-heal|p1a: Gliscor|28/100 tox|[from] ability: Poison Heal
|upkeep
|turn|13
|inactive|imjustgray has 270 seconds left.
|
|t:|1757816469
|switch|p2a: Hatterene|Hatterene, F|77/100
|-damage|p2a: Hatterene|64/100|[from] Stealth Rock
|switch|p1a: Toxapex|Toxapex, M|100/100
|-damage|p1a: Toxapex|88/100|[from] Stealth Rock
|
|-heal|p1a: Toxapex|94/100|[from] item: Leftovers
|upkeep
|turn|14
|
|t:|1757816475
|switch|p1a: Blissey|Blissey, F|80/100
|-damage|p1a: Blissey|67/100|[from] Stealth Rock
|move|p2a: Hatterene|Calm Mind|p2a: Hatterene
|-boost|p2a: Hatterene|spa|1
|-boost|p2a: Hatterene|spd|1
|
|-heal|p1a: Blissey|73/100|[from] item: Leftovers
|upkeep
|turn|15
|
|t:|1757816483
|move|p1a: Blissey|Seismic Toss|p2a: Hatterene
|-damage|p2a: Hatterene|33/100
|move|p2a: Hatterene|Draining Kiss|p1a: Blissey
|-damage|p1a: Blissey|62/100
|-heal|p2a: Hatterene|50/100|[from] drain|[of] p1a: Blissey
|
|-heal|p1a: Blissey|69/100|[from] item: Leftovers
|upkeep
|turn|16
|
|t:|1757816505
|switch|p2a: Weavile|Weavile, F|100/100
|-damage|p2a: Weavile|76/100|[from] Stealth Rock
|move|p1a: Blissey|Soft-Boiled|p1a: Blissey
|-heal|p1a: Blissey|100/100
|
|upkeep
|turn|17
|
|t:|1757816520
|switch|p1a: Toxapex|Toxapex, M|100/100
|-damage|p1a: Toxapex|88/100|[from] Stealth Rock
|move|p2a: Weavile|Swords Dance|p2a: Weavile
|-boost|p2a: Weavile|atk|2
|
|-heal|p1a: Toxapex|94/100|[from] item: Leftovers
|upkeep
|turn|18
|inactive|imjustgray has 270 seconds left.
|inactive|imjustgray has 240 seconds left.
|
|t:|1757816591
|switch|p1a: Dondozo|Dondozo, M|100/100
|-damage|p1a: Dondozo|88/100|[from] Stealth Rock
|move|p2a: Weavile|Knock Off|p1a: Dondozo
|-damage|p1a: Dondozo|59/100
|-enditem|p1a: Dondozo|Leftovers|[from] move: Knock Off|[of] p2a: Weavile
|-damage|p2a: Weavile|66/100|[from] item: Life Orb
|
|upkeep
|turn|19
|inactive|imjustgray has 210 seconds left.
|
|t:|1757816614
|switch|p2a: Tornadus|Tornadus-Therian, M|83/100
|-damage|p2a: Tornadus|58/100|[from] Stealth Rock
|move|p1a: Dondozo|Body Press|p2a: Tornadus
|-resisted|p2a: Tornadus
|-damage|p2a: Tornadus|43/100
|
|upkeep
|turn|20
|inactive|imjustgray has 210 seconds left.
|
|t:|1757816627
|switch|p1a: Toxapex|Toxapex, M|100/100
|-damage|p1a: Toxapex|88/100|[from] Stealth Rock
|move|p2a: Tornadus|Bleakwind Storm|p1a: Toxapex
|-damage|p1a: Toxapex|63/100
|
|-heal|p1a: Toxapex|70/100|[from] item: Leftovers
|upkeep
|turn|21
|inactive|imjustgray has 210 seconds left.
|
|t:|1757816646
|move|p2a: Tornadus|U-turn|p1a: Toxapex
|-resisted|p1a: Toxapex
|-damage|p1a: Toxapex|64/100
|
|t:|1757816649
|switch|p2a: Hatterene|Hatterene, F|50/100|[from] U-turn
|-damage|p2a: Hatterene|37/100|[from] Stealth Rock
|move|p1a: Toxapex|Toxic|p2a: Hatterene
|move|p2a: Hatterene|Toxic|p1a: Toxapex|[from] ability: Magic Bounce
|-immune|p1a: Toxapex
|
|-heal|p1a: Toxapex|70/100|[from] item: Leftovers
|upkeep
|turn|22
|inactive|imjustgray has 210 seconds left.
|
|t:|1757816660
|switch|p2a: Weavile|Weavile, F|66/100
|-damage|p2a: Weavile|41/100|[from] Stealth Rock
|switch|p1a: Blissey|Blissey, F|100/100
|-damage|p1a: Blissey|88/100|[from] Stealth Rock
|
|-heal|p1a: Blissey|94/100|[from] item: Leftovers
|upkeep
|turn|23
|inactive|imjustgray has 210 seconds left.
|
|t:|1757816686
|switch|p2a: Tornadus|Tornadus-Therian, M|76/100
|-damage|p2a: Tornadus|51/100|[from] Stealth Rock
|switch|p1a: Dondozo|Dondozo, M|59/100
|-damage|p1a: Dondozo|46/100|[from] Stealth Rock
|
|upkeep
|turn|24
|
|t:|1757816702
|move|p2a: Tornadus|Bleakwind Storm|p1a: Dondozo|[miss]
|-miss|p2a: Tornadus|p1a: Dondozo
|move|p1a: Dondozo|Rest|p1a: Dondozo
|-status|p1a: Dondozo|slp|[from] move: Rest
|-heal|p1a: Dondozo|100/100 slp|[silent]
|
|upkeep
|turn|25
|
|t:|1757816715
|switch|p1a: Toxapex|Toxapex, M|100/100
|-damage|p1a: Toxapex|88/100|[from] Stealth Rock
|move|p2a: Tornadus|Knock Off|p1a: Toxapex
|-damage|p1a: Toxapex|72/100
|-enditem|p1a: Toxapex|Leftovers|[from] move: Knock Off|[of] p2a: Tornadus
|
|upkeep
|turn|26
|inactive|imjustgray has 210 seconds left.
|
|t:|1757816727
|move|p2a: Tornadus|U-turn|p1a: Toxapex
|-resisted|p1a: Toxapex
|-damage|p1a: Toxapex|67/100
|
|t:|1757816729
|switch|p2a: Hatterene|Hatterene, F|37/100|[from] U-turn
|-damage|p2a: Hatterene|25/100|[from] Stealth Rock
|move|p1a: Toxapex|Toxic|p2a: Hatterene
|move|p2a: Hatterene|Toxic|p1a: Toxapex|[from] ability: Magic Bounce
|-immune|p1a: Toxapex
|
|upkeep
|turn|27
|inactive|imjustgray has 210 seconds left.
|
|t:|1757816745
|switch|p2a: Landorus|Landorus-Therian, M|70/100
|-damage|p2a: Landorus|57/100|[from] Stealth Rock
|-ability|p2a: Landorus|Intimidate|boost
|-unboost|p1a: Toxapex|atk|1
|switch|p1a: Blissey|Blissey, F|94/100
|-damage|p1a: Blissey|82/100|[from] Stealth Rock
|
|-heal|p1a: Blissey|88/100|[from] item: Leftovers
|upkeep
|turn|28
|
|t:|1757816754
|switch|p1a: Corviknight|Corviknight, F|100/100
|-damage|p1a: Corviknight|88/100|[from] Stealth Rock
|-ability|p1a: Corviknight|Pressure
|move|p2a: Landorus|Stone Edge|p1a: Corviknight
|-crit|p1a: Corviknight
|-damage|p1a: Corviknight|53/100
|
|-heal|p1a: Corviknight|59/100|[from] item: Leftovers
|upkeep
|turn|29
|
|t:|1757816763
|move|p2a: Landorus|U-turn|p1a: Corviknight
|-resisted|p1a: Corviknight
|-damage|p1a: Corviknight|56/100
|
|t:|1757816765
|switch|p2a: Gholdengo|Gholdengo|100/100|[from] U-turn
|-damage|p2a: Gholdengo|94/100|[from] Stealth Rock
|move|p1a: Corviknight|Roost|p1a: Corviknight
|-heal|p1a: Corviknight|100/100
|-singleturn|p1a: Corviknight|move: Roost
|
|upkeep
|turn|30
|
|t:|1757816789
|switch|p1a: Toxapex|Toxapex, M|99/100
|-damage|p1a: Toxapex|88/100|[from] Stealth Rock
|move|p2a: Gholdengo|Thunder Wave|p1a: Toxapex
|-status|p1a: Toxapex|par
|
|upkeep
|turn|31
|
|t:|1757816801
|switch|p1a: Blissey|Blissey, F|88/100
|-damage|p1a: Blissey|75/100|[from] Stealth Rock
|move|p2a: Gholdengo|Hex|p1a: Blissey
|-immune|p1a: Blissey
|
|-heal|p1a: Blissey|82/100|[from] item: Leftovers
|upkeep
|turn|32
|
|t:|1757816808
|move|p2a: Gholdengo|Hex|p1a: Blissey
|-immune|p1a: Blissey
|move|p1a: Blissey|Calm Mind|p1a: Blissey
|-boost|p1a: Blissey|spa|1
|-boost|p1a: Blissey|spd|1
|
|-heal|p1a: Blissey|88/100|[from] item: Leftovers
|upkeep
|turn|33
|
|t:|1757816818
|move|p2a: Gholdengo|Thunder Wave|p1a: Blissey
|-status|p1a: Blissey|par
|move|p1a: Blissey|Seismic Toss|p2a: Gholdengo
|-immune|p2a: Gholdengo
|
|-heal|p1a: Blissey|94/100 par|[from] item: Leftovers
|upkeep
|turn|34
|
|t:|1757816822
|move|p2a: Gholdengo|Thunder Wave|p1a: Blissey
|-fail|p1a: Blissey|par
|move|p1a: Blissey|Seismic Toss|p2a: Gholdengo
|-immune|p2a: Gholdengo
|
|-heal|p1a: Blissey|100/100 par|[from] item: Leftovers
|upkeep
|turn|35
|
|t:|1757816828
|move|p2a: Gholdengo|Hex|p1a: Blissey
|-immune|p1a: Blissey
|move|p1a: Blissey|Seismic Toss|p2a: Gholdengo
|-immune|p2a: Gholdengo
|
|upkeep
|turn|36
|
|t:|1757816833
|move|p2a: Gholdengo|Thunder Wave|p1a: Blissey
|-fail|p1a: Blissey|par
|move|p1a: Blissey|Calm Mind|p1a: Blissey
|-boost|p1a: Blissey|spa|1
|-boost|p1a: Blissey|spd|1
|
|upkeep
|turn|37
|
|t:|1757816838
|move|p2a: Gholdengo|Thunder Wave|p1a: Blissey
|-fail|p1a: Blissey|par
|move|p1a: Blissey|Stealth Rock||[still]
|-fail|p1a: Blissey
|
|upkeep
|turn|38
|
|t:|1757816844
|switch|p2a: Tornadus|Tornadus-Therian, M|84/100
|-damage|p2a: Tornadus|59/100|[from] Stealth Rock
|move|p1a: Blissey|Seismic Toss|p2a: Tornadus
|-damage|p2a: Tornadus|32/100
|
|upkeep
|turn|39
|
|t:|1757816856
|-curestatus|p1a: Blissey|par|[from] ability: Natural Cure
|switch|p1a: Toxapex|Toxapex, M|100/100 par
|-damage|p1a: Toxapex|88/100 par|[from] Stealth Rock
|move|p2a: Tornadus|Bleakwind Storm|p1a: Toxapex
|-damage|p1a: Toxapex|62/100 par
|
|upkeep
|turn|40
|
|t:|1757816866
|move|p2a: Tornadus|U-turn|p1a: Toxapex
|-resisted|p1a: Toxapex
|-damage|p1a: Toxapex|56/100 par
|
|t:|1757816868
|switch|p2a: Gholdengo|Gholdengo|94/100|[from] U-turn
|-damage|p2a: Gholdengo|88/100|[from] Stealth Rock
|cant|p1a: Toxapex|par
|
|upkeep
|turn|41
|
|t:|1757816883
|move|p2a: Gholdengo|Hex|p1a: Toxapex
|-damage|p1a: Toxapex|18/100 par
|move|p1a: Toxapex|Toxic|p2a: Gholdengo
|-immune|p2a: Gholdengo|[from] ability: Good as Gold
|
|upkeep
|turn|42
|
|t:|1757816899
|switch|p2a: Tornadus|Tornadus-Therian, M|65/100
|-damage|p2a: Tornadus|40/100|[from] Stealth Rock
|switch|p1a: Blissey|Blissey, F|100/100
|-damage|p1a: Blissey|88/100|[from] Stealth Rock
|
|-heal|p1a: Blissey|94/100|[from] item: Leftovers
|upkeep
|turn|43
|
|t:|1757816923
|move|p2a: Tornadus|Knock Off|p1a: Blissey
|-damage|p1a: Blissey|74/100
|-enditem|p1a: Blissey|Leftovers|[from] move: Knock Off|[of] p2a: Tornadus
|move|p1a: Blissey|Seismic Toss|p2a: Tornadus
|-damage|p2a: Tornadus|12/100
|
|upkeep
|turn|44
|
|t:|1757816934
|switch|p1a: Weezing|Weezing-Galar, M|100/100
|-ability|p1a: Weezing|Neutralizing Gas
|move|p2a: Tornadus|Bleakwind Storm|p1a: Weezing
|-damage|p1a: Weezing|53/100
|
|upkeep
|turn|45
|inactive|imjustgray has 270 seconds left.
|
|t:|1757816951
|move|p2a: Tornadus|Bleakwind Storm|p1a: Weezing
|-damage|p1a: Weezing|3/100
|-unboost|p1a: Weezing|spe|1
|move|p1a: Weezing|Strange Steam|p2a: Tornadus
|-damage|p2a: Tornadus|0 fnt
|faint|p2a: Tornadus
|
|upkeep
|inactive|imjustgray has 270 seconds left.
|
|t:|1757816966
|switch|p2a: Gholdengo|Gholdengo|88/100
|-damage|p2a: Gholdengo|82/100|[from] Stealth Rock
|turn|46
|
|t:|1757816970
|-end|p1a: Weezing|ability: Neutralizing Gas
|switch|p1a: Blissey|Blissey, F|74/100
|-damage|p1a: Blissey|61/100|[from] Stealth Rock
|move|p2a: Gholdengo|Make It Rain|p1a: Blissey
|-damage|p1a: Blissey|46/100
|-unboost|p2a: Gholdengo|spa|1
|
|upkeep
|turn|47
|inactive|imjustgray has 270 seconds left.
|
|t:|1757816998
|switch|p2a: Dragonite|Dragonite, F|100/100
|-damage|p2a: Dragonite|76/100|[from] Stealth Rock
|move|p1a: Blissey|Soft-Boiled|p1a: Blissey
|-heal|p1a: Blissey|96/100
|
|upkeep
|turn|48
|
|t:|1757817013
|switch|p2a: Gholdengo|Gholdengo|82/100
|-damage|p2a: Gholdengo|76/100|[from] Stealth Rock
|switch|p1a: Corviknight|Corviknight, F|100/100
|-damage|p1a: Corviknight|88/100|[from] Stealth Rock
|-ability|p1a: Corviknight|Pressure
|
|-heal|p1a: Corviknight|94/100|[from] item: Leftovers
|upkeep
|turn|49
|inactive|imjustgray has 270 seconds left.
|inactive|Separation has 270 seconds left.
|
|t:|1757817065
|switch|p1a: Blissey|Blissey, F|96/100
|-damage|p1a: Blissey|83/100|[from] Stealth Rock
|move|p2a: Gholdengo|Thunder Wave|p1a: Blissey
|-status|p1a: Blissey|par
|
|upkeep
|turn|50
|inactive|imjustgray has 240 seconds left.
|
|t:|1757817090
|switch|p2a: Dragonite|Dragonite, F|76/100
|-damage|p2a: Dragonite|51/100|[from] Stealth Rock
|move|p1a: Blissey|Seismic Toss|p2a: Dragonite
|-damage|p2a: Dragonite|20/100
|
|upkeep
|turn|51
|
|t:|1757817105
|-curestatus|p1a: Blissey|par|[from] ability: Natural Cure
|switch|p1a: Corviknight|Corviknight, F|94/100
|-damage|p1a: Corviknight|82/100|[from] Stealth Rock
|-ability|p1a: Corviknight|Pressure
|move|p2a: Dragonite|Ice Spinner|p1a: Corviknight
|-damage|p1a: Corviknight|65/100
|
|-heal|p1a: Corviknight|71/100|[from] item: Leftovers
|upkeep
|turn|52
|
|t:|1757817118
|move|p2a: Dragonite|Ice Spinner|p1a: Corviknight
|-damage|p1a: Corviknight|54/100
|move|p1a: Corviknight|Body Press|p2a: Dragonite
|-resisted|p2a: Dragonite
|-damage|p2a: Dragonite|6/100
|
|-heal|p1a: Corviknight|60/100|[from] item: Leftovers
|upkeep
|turn|53
|
|t:|1757817124
|move|p2a: Dragonite|Roost|p2a: Dragonite
|-heal|p2a: Dragonite|56/100
|-singleturn|p2a: Dragonite|move: Roost
|move|p1a: Corviknight|Body Press|p2a: Dragonite
|-damage|p2a: Dragonite|27/100
|
|-heal|p1a: Corviknight|67/100|[from] item: Leftovers
|upkeep
|turn|54
|
|t:|1757817127
|move|p2a: Dragonite|Roost|p2a: Dragonite
|-heal|p2a: Dragonite|77/100
|-singleturn|p2a: Dragonite|move: Roost
|move|p1a: Corviknight|Body Press|p2a: Dragonite
|-damage|p2a: Dragonite|50/100
|
|-heal|p1a: Corviknight|73/100|[from] item: Leftovers
|upkeep
|turn|55
|inactive|imjustgray has 270 seconds left.
|
|t:|1757817140
|move|p2a: Dragonite|Roost|p2a: Dragonite
|-heal|p2a: Dragonite|99/100
|-singleturn|p2a: Dragonite|move: Roost
|move|p1a: Corviknight|Body Press|p2a: Dragonite
|-damage|p2a: Dragonite|70/100
|
|-heal|p1a: Corviknight|79/100|[from] item: Leftovers
|upkeep
|turn|56
|inactive|imjustgray has 270 seconds left.
|
|t:|1757817155
|move|p2a: Dragonite|Dragon Dance|p2a: Dragonite
|-boost|p2a: Dragonite|atk|1
|-boost|p2a: Dragonite|spe|1
|move|p1a: Corviknight|Body Press|p2a: Dragonite
|-resisted|p2a: Dragonite
|-damage|p2a: Dragonite|56/100
|
|-heal|p1a: Corviknight|85/100|[from] item: Leftovers
|upkeep
|turn|57
|inactive|imjustgray has 270 seconds left.
|
|t:|1757817181
|move|p2a: Dragonite|Dragon Dance|p2a: Dragonite
|-boost|p2a: Dragonite|atk|1
|-boost|p2a: Dragonite|spe|1
|move|p1a: Corviknight|Iron Defense|p1a: Corviknight
|-boost|p1a: Corviknight|def|2
|
|-heal|p1a: Corviknight|92/100|[from] item: Leftovers
|upkeep
|turn|58
|inactive|imjustgray has 240 seconds left.
|inactive|imjustgray has 210 seconds left.
|
|t:|1757817258
|move|p2a: Dragonite|Roost|p2a: Dragonite
|-heal|p2a: Dragonite|100/100
|-singleturn|p2a: Dragonite|move: Roost
|move|p1a: Corviknight|Body Press|p2a: Dragonite
|-damage|p2a: Dragonite|71/100
|
|-heal|p1a: Corviknight|98/100|[from] item: Leftovers
|upkeep
|turn|59
|
|t:|1757817261
|move|p2a: Dragonite|Ice Spinner|p1a: Corviknight
|-damage|p1a: Corviknight|82/100
|move|p1a: Corviknight|Body Press|p2a: Dragonite
|-resisted|p2a: Dragonite
|-damage|p2a: Dragonite|42/100
|
|-heal|p1a: Corviknight|89/100|[from] item: Leftovers
|upkeep
|turn|60
|
|t:|1757817265
|move|p2a: Dragonite|Ice Spinner|p1a: Corviknight
|-damage|p1a: Corviknight|72/100
|move|p1a: Corviknight|Body Press|p2a: Dragonite
|-resisted|p2a: Dragonite
|-damage|p2a: Dragonite|14/100
|
|-heal|p1a: Corviknight|79/100|[from] item: Leftovers
|upkeep
|turn|61
|
|t:|1757817268
|move|p2a: Dragonite|Ice Spinner|p1a: Corviknight
|-damage|p1a: Corviknight|62/100
|move|p1a: Corviknight|Body Press|p2a: Dragonite
|-resisted|p2a: Dragonite
|-damage|p2a: Dragonite|0 fnt
|faint|p2a: Dragonite
|
|-heal|p1a: Corviknight|69/100|[from] item: Leftovers
|upkeep
|c|☆imjustgray|ggs
|-message|imjustgray forfeited.
|
|win|Separation
|c|☆Separation|ggs
|player|p2|
