|j|☆romandlui
|j|☆peakmindset
|t:|1757865717
|gametype|singles
|player|p1|romandlui|1|1526
|player|p2|peakmindset|byron|1526
|gen|9
|tier|[Gen 9] OU
|rated|
|rule|HP Percentage Mod: HP is shown in percentages
|rule|Endless Battle Clause: Forcing endless battles is banned
|rule|Species Clause: Limit one of each Pokémon
|rule|OHKO Clause: OHKO moves are banned
|rule|Evasion Items Clause: Evasion items are banned
|rule|Evasion Moves Clause: Evasion moves are banned
|rule|Evasion Abilities Clause: Evasion abilities are banned
|rule|Sleep Moves Clause: Sleep-inducing moves are banned
|clearpoke
|poke|p1|Toucannon, M|
|poke|p1|Dragonite, M|
|poke|p1|Zamazenta-*|
|poke|p1|Iron Treads|
|poke|p1|Zapdos|
|poke|p1|Primarina, M|
|poke|p2|Tyranitar, F|
|poke|p2|Excadrill, M|
|poke|p2|Keldeo-Resolute|
|poke|p2|Tornadus-Therian, M|
|poke|p2|Heatran, M|
|poke|p2|Hydrapple, F|
|teampreview
|inactive|Battle timer is ON: inactive players will automatically lose when time's up. (requested by romandlui)
|
|t:|1757865729
|teamsize|p1|6
|teamsize|p2|6
|start
|switch|p1a: Shirahoshi|Primarina, M|100/100
|switch|p2a: Keldeo|Keldeo-Resolute|100/100
|turn|1
|
|t:|1757865733
|move|p2a: Keldeo|Flip Turn|p1a: Shirahoshi
|-resisted|p1a: Shirahoshi
|-damage|p1a: Shirahoshi|91/100
|
|t:|1757865737
|switch|p2a: Hydrapple|Hydrapple, F|100/100|[from] Flip Turn
|move|p1a: Shirahoshi|Flip Turn|p2a: Hydrapple
|-resisted|p2a: Hydrapple
|-damage|p2a: Hydrapple|99/100
|-damage|p1a: Shirahoshi|75/100|[from] item: Rocky Helmet|[of] p2a: Hydrapple
|
|t:|1757865741
|switch|p1a: Franky|Toucannon, M|100/100|[from] Flip Turn
|
|upkeep
|turn|2
|
|t:|1757865745
|switch|p2a: Heatran|Heatran, M|100/100
|-singleturn|p1a: Franky|move: Beak Blast
|move|p1a: Franky|Beak Blast|p2a: Heatran
|-resisted|p2a: Heatran
|-damage|p2a: Heatran|77/100
|
|-heal|p2a: Heatran|83/100|[from] item: Leftovers
|upkeep
|turn|3
|
|t:|1757865751
|move|p2a: Heatran|Stealth Rock|p1a: Franky
|-sidestart|p1: romandlui|move: Stealth Rock
|move|p1a: Franky|Knock Off|p2a: Heatran
|-damage|p2a: Heatran|53/100
|-enditem|p2a: Heatran|Leftovers|[from] move: Knock Off|[of] p1a: Franky
|
|upkeep
|turn|4
|
|t:|1757865756
|move|p2a: Heatran|Magma Storm|p1a: Franky
|-damage|p1a: Franky|65/100
|-activate|p1a: Franky|move: Magma Storm|[of] p2a: Heatran
|move|p1a: Franky|Brick Break|p2a: Heatran
|-supereffective|p2a: Heatran
|-damage|p2a: Heatran|6/100
|
|-damage|p1a: Franky|53/100|[from] move: Magma Storm|[partiallytrapped]
|upkeep
|turn|5
|
|t:|1757865772
|switch|p2a: Tornadus|Tornadus-Therian, M|100/100
|move|p1a: Franky|Knock Off|p2a: Tornadus
|-damage|p2a: Tornadus|61/100
|-enditem|p2a: Tornadus|Heavy-Duty Boots|[from] move: Knock Off|[of] p1a: Franky
|
|-end|p1a: Franky|Magma Storm|[partiallytrapped]|[silent]
|upkeep
|turn|6
|
|t:|1757865778
|move|p2a: Tornadus|Taunt|p1a: Franky
|-start|p1a: Franky|move: Taunt
|move|p1a: Franky|Rock Blast|p2a: Tornadus
|-supereffective|p2a: Tornadus
|-damage|p2a: Tornadus|43/100
|-supereffective|p2a: Tornadus
|-damage|p2a: Tornadus|25/100
|-supereffective|p2a: Tornadus
|-damage|p2a: Tornadus|6/100
|-supereffective|p2a: Tornadus
|-damage|p2a: Tornadus|0 fnt
|faint|p2a: Tornadus
|-hitcount|p2: Tornadus|4
|
|upkeep
|
|t:|1757865782
|switch|p2a: Tyranitar|Tyranitar, F|100/100
|-weather|Sandstorm|[from] ability: Sand Stream|[of] p2a: Tyranitar
|turn|7
|
|t:|1757865785
|move|p2a: Tyranitar|Knock Off|p1a: Franky
|-damage|p1a: Franky|0 fnt
|-enditem|p1a: Franky|Assault Vest|[from] move: Knock Off|[of] p2a: Tyranitar
|faint|p1a: Franky
|
|-weather|Sandstorm|[upkeep]
|upkeep
|
|t:|1757865796
|switch|p1a: Shanks|Zamazenta|100/100
|-damage|p1a: Shanks|94/100|[from] Stealth Rock
|-ability|p1a: Shanks|Dauntless Shield|boost
|-boost|p1a: Shanks|def|1
|turn|8
|
|t:|1757865800
|switch|p2a: Hydrapple|Hydrapple, F|100/100
|move|p1a: Shanks|Close Combat|p2a: Hydrapple
|-damage|p2a: Hydrapple|51/100
|-unboost|p1a: Shanks|def|1
|-unboost|p1a: Shanks|spd|1
|-damage|p1a: Shanks|78/100|[from] item: Rocky Helmet|[of] p2a: Hydrapple
|
|-weather|Sandstorm|[upkeep]
|-damage|p1a: Shanks|72/100|[from] Sandstorm
|-damage|p2a: Hydrapple|45/100|[from] Sandstorm
|upkeep
|turn|9
|
|t:|1757865811
|switch|p2a: Heatran|Heatran, M|6/100
|move|p1a: Shanks|Close Combat|p2a: Heatran
|-supereffective|p2a: Heatran
|-damage|p2a: Heatran|0 fnt
|-unboost|p1a: Shanks|def|1
|-unboost|p1a: Shanks|spd|1
|-status|p1a: Shanks|brn|[from] ability: Flame Body|[of] p2a: Heatran
|faint|p2a: Heatran
|
|-weather|Sandstorm|[upkeep]
|-damage|p1a: Shanks|65/100 brn|[from] Sandstorm
|-damage|p1a: Shanks|59/100 brn|[from] brn
|upkeep
|
|t:|1757865827
|switch|p2a: Hydrapple|Hydrapple, F|78/100
|turn|10
|
|t:|1757865836
|move|p1a: Shanks|Close Combat|p2a: Hydrapple
|-damage|p2a: Hydrapple|55/100
|-unboost|p1a: Shanks|def|1
|-unboost|p1a: Shanks|spd|1
|-damage|p1a: Shanks|43/100 brn|[from] item: Rocky Helmet|[of] p2a: Hydrapple
|move|p2a: Hydrapple|Nasty Plot|p2a: Hydrapple
|-boost|p2a: Hydrapple|spa|2
|
|-weather|Sandstorm|[upkeep]
|-damage|p1a: Shanks|36/100 brn|[from] Sandstorm
|-damage|p2a: Hydrapple|49/100|[from] Sandstorm
|-damage|p1a: Shanks|30/100 brn|[from] brn
|upkeep
|turn|11
|
|t:|1757865838
|move|p1a: Shanks|Close Combat|p2a: Hydrapple
|-damage|p2a: Hydrapple|23/100
|-unboost|p1a: Shanks|def|1
|-unboost|p1a: Shanks|spd|1
|-damage|p1a: Shanks|14/100 brn|[from] item: Rocky Helmet|[of] p2a: Hydrapple
|move|p2a: Hydrapple|Giga Drain|p1a: Shanks
|-damage|p1a: Shanks|0 fnt
|-heal|p2a: Hydrapple|28/100|[from] drain|[of] p1a: Shanks
|faint|p1a: Shanks
|
|-weather|none
|upkeep
|
|t:|1757865843
|switch|p1a: Eustass Kid|Iron Treads|100/100
|-damage|p1a: Eustass Kid|98/100|[from] Stealth Rock
|-item|p1a: Eustass Kid|Air Balloon
|turn|12
|
|t:|1757865846
|move|p1a: Eustass Kid|Ice Spinner|p2a: Hydrapple
|-supereffective|p2a: Hydrapple
|-damage|p2a: Hydrapple|0 fnt
|-damage|p1a: Eustass Kid|81/100|[from] item: Rocky Helmet|[of] p2a: Hydrapple
|faint|p2a: Hydrapple
|
|upkeep
|
|t:|1757865850
|switch|p2a: Keldeo|Keldeo-Resolute|100/100
|turn|13
|
|t:|1757865857
|-end|p1a: Eustass Kid|Quark Drive|[silent]
|switch|p1a: Shirahoshi|Primarina, M|75/100
|-damage|p1a: Shirahoshi|62/100|[from] Stealth Rock
|-terastallize|p2a: Keldeo|Water
|move|p2a: Keldeo|Surf|p1a: Shirahoshi
|-resisted|p1a: Shirahoshi
|-damage|p1a: Shirahoshi|38/100
|
|upkeep
|turn|14
|
|t:|1757865862
|move|p2a: Keldeo|Surf|p1a: Shirahoshi
|-resisted|p1a: Shirahoshi
|-damage|p1a: Shirahoshi|13/100
|move|p1a: Shirahoshi|Moonblast|p2a: Keldeo
|-damage|p2a: Keldeo|44/100
|
|upkeep
|turn|15
|
|t:|1757865865
|move|p2a: Keldeo|Surf|p1a: Shirahoshi
|-resisted|p1a: Shirahoshi
|-damage|p1a: Shirahoshi|0 fnt
|faint|p1a: Shirahoshi
|
|upkeep
|
|t:|1757865867
|switch|p1a: Eustass Kid|Iron Treads|81/100
|-damage|p1a: Eustass Kid|78/100|[from] Stealth Rock
|-item|p1a: Eustass Kid|Air Balloon
|turn|16
|
|t:|1757865869
|-terastallize|p1a: Eustass Kid|Flying
|move|p2a: Keldeo|Surf|p1a: Eustass Kid
|-damage|p1a: Eustass Kid|0 fnt
|-enditem|p1a: Eustass Kid|Air Balloon
|faint|p1a: Eustass Kid
|-end|p1a: Eustass Kid|Quark Drive|[silent]
|
|upkeep
|
|t:|1757865874
|switch|p1a: Monkey D. nite|Dragonite, M|100/100
|-damage|p1a: Monkey D. nite|76/100|[from] Stealth Rock
|turn|17
|
|t:|1757865880
|switch|p2a: Tyranitar|Tyranitar, F|100/100
|-weather|Sandstorm|[from] ability: Sand Stream|[of] p2a: Tyranitar
|move|p1a: Monkey D. nite|Dragon Dance|p1a: Monkey D. nite
|-boost|p1a: Monkey D. nite|atk|1
|-boost|p1a: Monkey D. nite|spe|1
|
|-weather|Sandstorm|[upkeep]
|-damage|p1a: Monkey D. nite|70/100|[from] Sandstorm
|upkeep
|turn|18
|
|t:|1757865884
|move|p1a: Monkey D. nite|Scale Shot|p2a: Tyranitar
|-damage|p2a: Tyranitar|79/100
|-damage|p2a: Tyranitar|57/100
|-damage|p2a: Tyranitar|39/100
|-damage|p2a: Tyranitar|17/100
|-hitcount|p2a: Tyranitar|4
|-unboost|p1a: Monkey D. nite|def|1
|-boost|p1a: Monkey D. nite|spe|1
|move|p2a: Tyranitar|Ice Punch|p1a: Monkey D. nite
|-supereffective|p1a: Monkey D. nite
|-damage|p1a: Monkey D. nite|0 fnt
|faint|p1a: Monkey D. nite
|
|-weather|Sandstorm|[upkeep]
|upkeep
|
|t:|1757865893
|switch|p1a: Enel|Zapdos|100/100
|-damage|p1a: Enel|76/100|[from] Stealth Rock
|turn|19
|
|t:|1757865900
|move|p1a: Enel|Hurricane|p2a: Tyranitar
|-resisted|p2a: Tyranitar
|-damage|p2a: Tyranitar|0 fnt
|faint|p2a: Tyranitar
|
|-weather|Sandstorm|[upkeep]
|-damage|p1a: Enel|69/100|[from] Sandstorm
|upkeep
|
|t:|1757865902
|switch|p2a: Keldeo|Keldeo-Resolute, tera:Water|44/100
|turn|20
|
|t:|1757865903
|move|p2a: Keldeo|Surf|p1a: Enel
|-damage|p1a: Enel|0 fnt
|faint|p1a: Enel
|
|win|peakmindset
|raw|romandlui's rating: 1526 &rarr; <strong>1506</strong><br />(-20 for losing)
|raw|peakmindset's rating: 1526 &rarr; <strong>1546</strong><br />(+20 for winning)
|l|☆romandlui
|player|p1|
|l|☆peakmindset
|player|p2|
