|j|☆flygonisdragon
|j|☆yabar s
|t:|1757868930
|gametype|singles
|player|p1|flygonisdragon|serena-masters|1458
|player|p2|yabar s|plasmagruntf|1381
|gen|9
|tier|[Gen 9] OU
|rated|
|rule|HP Percentage Mod: HP is shown in percentages
|rule|Endless Battle Clause: Forcing endless battles is banned
|rule|Species Clause: Limit one of each Pokémon
|rule|OHKO Clause: OHKO moves are banned
|rule|Evasion Items Clause: Evasion items are banned
|rule|Evasion Moves Clause: Evasion moves are banned
|rule|Evasion Abilities Clause: Evasion abilities are banned
|rule|Sleep Moves Clause: Sleep-inducing moves are banned
|clearpoke
|poke|p1|Volcanion|
|poke|p1|Metagross|
|poke|p1|Zamazenta-*|
|poke|p1|Excadrill, F|
|poke|p1|Fezandipiti, M|
|poke|p1|Regidrago|
|poke|p2|Cinderace, M|
|poke|p2|Greninja-*, M|
|poke|p2|Amoonguss, F|
|poke|p2|Iron Valiant|
|poke|p2|Garganacl, F|
|poke|p2|Zapdos|
|teampreview
|c|☆yabar s|wow
|c|☆yabar s|this team is original
|c|☆yabar s|i like it
|
|t:|1757869009
|teamsize|p1|6
|teamsize|p2|6
|start
|switch|p1a: Metagross|Metagross|100/100
|switch|p2a: Cinderace|Cinderace, M|100/100
|turn|1
|
|t:|1757869020
|switch|p1a: Volcanion|Volcanion|100/100
|move|p2a: Cinderace|Will-O-Wisp|p1a: Volcanion
|-immune|p1a: Volcanion
|
|upkeep
|turn|2
|
|t:|1757869056
|move|p2a: Cinderace|U-turn|p1a: Volcanion
|-start|p2a: Cinderace|typechange|Bug|[from] ability: Libero
|-resisted|p1a: Volcanion
|-damage|p1a: Volcanion|83/100
|
|t:|1757869065
|switch|p2a: Zapdos|Zapdos|100/100|[from] U-turn
|move|p1a: Volcanion|Steam Eruption|p2a: Zapdos
|-damage|p2a: Zapdos|15/100
|
|upkeep
|turn|3
|
|t:|1757869108
|move|p1a: Volcanion|Steam Eruption|p2a: Zapdos
|-damage|p2a: Zapdos|0 fnt
|faint|p2a: Zapdos
|
|upkeep
|
|t:|1757869115
|switch|p2a: Amoonguss|Amoonguss, F|100/100
|turn|4
|
|t:|1757869133
|switch|p1a: Metagross|Metagross|100/100
|move|p2a: Amoonguss|Toxic|p1a: Metagross
|-immune|p1a: Metagross
|
|upkeep
|turn|5
|
|t:|1757869142
|move|p1a: Metagross|Stealth Rock|p2a: Amoonguss
|-sidestart|p2: yabar s|move: Stealth Rock
|move|p2a: Amoonguss|Foul Play|p1a: Metagross
|-supereffective|p1a: Metagross
|-damage|p1a: Metagross|29/100
|
|upkeep
|turn|6
|
|t:|1757869162
|move|p1a: Metagross|Psychic Fangs|p2a: Amoonguss
|-supereffective|p2a: Amoonguss
|-damage|p2a: Amoonguss|2/100
|-damage|p1a: Metagross|12/100|[from] item: Rocky Helmet|[of] p2a: Amoonguss
|-damage|p1a: Metagross|2/100|[from] item: Life Orb
|move|p2a: Amoonguss|Foul Play|p1a: Metagross
|-supereffective|p1a: Metagross
|-damage|p1a: Metagross|0 fnt
|faint|p1a: Metagross
|
|upkeep
|
|t:|1757869170
|switch|p1a: Excadrill|Excadrill, F|100/100
|-ability|p1a: Excadrill|Mold Breaker
|turn|7
|
|t:|1757869179
|move|p1a: Excadrill|Rapid Spin|p2a: Amoonguss
|-damage|p2a: Amoonguss|0 fnt
|-boost|p1a: Excadrill|spe|1
|-damage|p1a: Excadrill|84/100|[from] item: Rocky Helmet|[of] p2a: Amoonguss
|faint|p2a: Amoonguss
|
|upkeep
|
|t:|1757869185
|switch|p2a: Cinderace|Cinderace, M|100/100
|turn|8
|
|t:|1757869208
|move|p1a: Excadrill|Earthquake|p2a: Cinderace
|-supereffective|p2a: Cinderace
|-damage|p2a: Cinderace|0 fnt
|faint|p2a: Cinderace
|
|upkeep
|
|t:|1757869214
|switch|p2a: Greninja|Greninja, M|100/100
|-damage|p2a: Greninja|88/100|[from] Stealth Rock
|turn|9
|
|t:|1757869244
|move|p1a: Excadrill|Earthquake|p2a: Greninja
|-damage|p2a: Greninja|10/100
|move|p2a: Greninja|Surf|p1a: Excadrill
|-supereffective|p1a: Excadrill
|-crit|p1a: Excadrill
|-damage|p1a: Excadrill|0 fnt
|faint|p1a: Excadrill
|-ability|p2a: Greninja|Battle Bond|boost
|-boost|p2a: Greninja|atk|1
|-boost|p2a: Greninja|spa|1
|-boost|p2a: Greninja|spe|1
|-activate|p2a: Greninja|ability: Battle Bond
|-damage|p2a: Greninja|0 fnt|[from] item: Life Orb
|faint|p2a: Greninja
|
|upkeep
|c|☆yabar s|oh...
|
|t:|1757869266
|switch|p2a: Garganacl|Garganacl, F|100/100
|switch|p1a: Volcanion|Volcanion|83/100
|-damage|p2a: Garganacl|88/100|[from] Stealth Rock
|turn|10
|
|t:|1757869274
|-terastallize|p2a: Garganacl|Dragon
|move|p1a: Volcanion|Steam Eruption|p2a: Garganacl
|-resisted|p2a: Garganacl
|-damage|p2a: Garganacl|56/100
|move|p2a: Garganacl|Curse|p2a: Garganacl
|-unboost|p2a: Garganacl|spe|1
|-boost|p2a: Garganacl|atk|1
|-boost|p2a: Garganacl|def|1
|
|-heal|p2a: Garganacl|62/100|[from] item: Leftovers
|upkeep
|turn|11
|
|t:|1757869284
|switch|p1a: Regidrago|Regidrago|100/100
|move|p2a: Garganacl|Recover|p2a: Garganacl
|-heal|p2a: Garganacl|100/100
|
|upkeep
|turn|12
|
|t:|1757869291
|move|p1a: Regidrago|Dragon Energy|p2a: Garganacl
|-supereffective|p2a: Garganacl
|-damage|p2a: Garganacl|0 fnt
|faint|p2a: Garganacl
|
|upkeep
|
|t:|1757869296
|switch|p2a: Iron Valiant|Iron Valiant|100/100
|-damage|p2a: Iron Valiant|94/100|[from] Stealth Rock
|-enditem|p2a: Iron Valiant|Booster Energy
|-activate|p2a: Iron Valiant|ability: Quark Drive|[fromitem]
|-start|p2a: Iron Valiant|quarkdrivespe
|turn|13
|
|t:|1757869304
|switch|p1a: Fezandipiti|Fezandipiti, M|100/100
|move|p2a: Iron Valiant|Swords Dance|p2a: Iron Valiant
|-boost|p2a: Iron Valiant|atk|2
|
|upkeep
|turn|14
|
|t:|1757869342
|move|p2a: Iron Valiant|Spirit Break|p1a: Fezandipiti
|-resisted|p1a: Fezandipiti
|-damage|p1a: Fezandipiti|62/100
|-unboost|p1a: Fezandipiti|spa|1
|move|p1a: Fezandipiti|Moonblast|p2a: Iron Valiant
|-supereffective|p2a: Iron Valiant
|-damage|p2a: Iron Valiant|40/100
|-unboost|p2a: Iron Valiant|spa|1
|-status|p2a: Iron Valiant|tox|[from] ability: Toxic Chain|[of] p1a: Fezandipiti
|
|-damage|p2a: Iron Valiant|34/100 tox|[from] psn
|upkeep
|turn|15
|l|☆yabar s
|player|p2|
|j|☆yabar s
|player|p2|yabar s|plasmagruntf|
|-message|yabar s forfeited.
|
|win|flygonisdragon
|raw|flygonisdragon's rating: 1458 &rarr; <strong>1474</strong><br />(+16 for winning)
|raw|yabar s's rating: 1381 &rarr; <strong>1365</strong><br />(-16 for losing)
|l|☆yabar s
|player|p2|
