|j|☆Qwilfishler
|j|☆redthotchilipepper
|t:|1757787172
|gametype|singles
|player|p1|Qwilfishler|fisherman-gen4|1332
|player|p2|redthotchilipepper|elesa|1305
|gen|9
|tier|[Gen 9] OU
|rated|
|rule|HP Percentage Mod: HP is shown in percentages
|rule|Endless Battle Clause: Forcing endless battles is banned
|rule|Species Clause: Limit one of each Pokémon
|rule|OHKO Clause: OHKO moves are banned
|rule|Evasion Items Clause: Evasion items are banned
|rule|Evasion Moves Clause: Evasion moves are banned
|rule|Evasion Abilities Clause: Evasion abilities are banned
|rule|Sleep Moves Clause: Sleep-inducing moves are banned
|clearpoke
|poke|p1|Iron Valiant|
|poke|p1|Slowking-Galar, F|
|poke|p1|Alomomola, M|
|poke|p1|Scizor, M|
|poke|p1|Mandibuzz, F|
|poke|p1|Tyranitar, M|
|poke|p2|Pelipper, F|
|poke|p2|Barraskewda, M|
|poke|p2|Kingambit, F|
|poke|p2|Gliscor, M|
|poke|p2|Iron Treads|
|poke|p2|Raging Bolt|
|teampreview
|inactive|Battle timer is ON: inactive players will automatically lose when time's up. (requested by redthotchilipepper)
|
|t:|1757787198
|teamsize|p1|6
|teamsize|p2|6
|start
|switch|p1a: Iron Valiant|Iron Valiant|100/100
|switch|p2a: The Irritant|Gliscor, M, shiny|100/100
|turn|1
|
|t:|1757787215
|move|p1a: Iron Valiant|Moonblast|p2a: The Irritant
|-damage|p2a: The Irritant|37/100
|move|p2a: The Irritant|Knock Off|p1a: Iron Valiant
|-resisted|p1a: Iron Valiant
|-damage|p1a: Iron Valiant|94/100
|-enditem|p1a: Iron Valiant|Choice Specs|[from] move: Knock Off|[of] p2a: The Irritant
|
|-status|p2a: The Irritant|tox|[from] item: Toxic Orb
|upkeep
|turn|2
|
|t:|1757787230
|-end|p1a: Iron Valiant|Quark Drive|[silent]
|switch|p1a: Alomomola|Alomomola, M|100/100
|move|p2a: The Irritant|Protect||[still]
|-fail|p2a: The Irritant
|
|-heal|p2a: The Irritant|50/100 tox|[from] ability: Poison Heal
|upkeep
|turn|3
|
|t:|1757787238
|move|p2a: The Irritant|Protect|p2a: The Irritant
|-singleturn|p2a: The Irritant|Protect
|move|p1a: Alomomola|Icy Wind|p2a: The Irritant
|-activate|p2a: The Irritant|move: Protect
|
|-heal|p2a: The Irritant|62/100 tox|[from] ability: Poison Heal
|upkeep
|turn|4
|
|t:|1757787246
|move|p2a: The Irritant|Knock Off|p1a: Alomomola
|-damage|p1a: Alomomola|90/100
|-enditem|p1a: Alomomola|Heavy-Duty Boots|[from] move: Knock Off|[of] p2a: The Irritant
|move|p1a: Alomomola|Flip Turn|p2a: The Irritant
|-supereffective|p2a: The Irritant
|-damage|p2a: The Irritant|35/100 tox
|
|t:|1757787259
|switch|p1a: Tyranitar|Tyranitar, M|100/100|[from] Flip Turn
|-weather|Sandstorm|[from] ability: Sand Stream|[of] p1a: Tyranitar
|
|-weather|Sandstorm|[upkeep]
|-heal|p2a: The Irritant|48/100 tox|[from] ability: Poison Heal
|upkeep
|turn|5
|
|t:|1757787267
|move|p2a: The Irritant|Protect|p2a: The Irritant
|-singleturn|p2a: The Irritant|Protect
|move|p1a: Tyranitar|Stealth Rock|p2a: The Irritant
|-sidestart|p2: redthotchilipepper|move: Stealth Rock
|
|-weather|Sandstorm|[upkeep]
|-heal|p2a: The Irritant|60/100 tox|[from] ability: Poison Heal
|upkeep
|turn|6
|
|t:|1757787277
|move|p2a: The Irritant|Spikes|p1a: Tyranitar
|-sidestart|p1: Qwilfishler|Spikes
|move|p1a: Tyranitar|Ice Beam|p2a: The Irritant
|-supereffective|p2a: The Irritant
|-damage|p2a: The Irritant|0 fnt
|faint|p2a: The Irritant
|
|-weather|Sandstorm|[upkeep]
|upkeep
|
|t:|1757787286
|switch|p2a: The Pelly|Pelipper, F, shiny|100/100
|-damage|p2a: The Pelly|76/100|[from] Stealth Rock
|-weather|RainDance|[from] ability: Drizzle|[of] p2a: The Pelly
|turn|7
|
|t:|1757787298
|move|p1a: Tyranitar|Knock Off|p2a: The Pelly
|-damage|p2a: The Pelly|39/100
|-enditem|p2a: The Pelly|Damp Rock|[from] move: Knock Off|[of] p1a: Tyranitar
|move|p2a: The Pelly|Weather Ball|p1a: Tyranitar
|-supereffective|p1a: Tyranitar
|-damage|p1a: Tyranitar|44/100
|
|-weather|RainDance|[upkeep]
|-heal|p1a: Tyranitar|50/100|[from] item: Leftovers
|upkeep
|turn|8
|
|t:|1757787312
|switch|p2a: Technophant|Iron Treads, shiny|100/100
|-damage|p2a: Technophant|98/100|[from] Stealth Rock
|-enditem|p2a: Technophant|Booster Energy
|-activate|p2a: Technophant|ability: Quark Drive|[fromitem]
|-start|p2a: Technophant|quarkdrivespe
|move|p1a: Tyranitar|Protect||[still]
|-fail|p1a: Tyranitar
|
|-weather|RainDance|[upkeep]
|-heal|p1a: Tyranitar|56/100|[from] item: Leftovers
|upkeep
|turn|9
|inactive|Qwilfishler has 120 seconds left.
|
|t:|1757787351
|move|p1a: Tyranitar|Protect|p1a: Tyranitar
|-singleturn|p1a: Tyranitar|Protect
|move|p2a: Technophant|Stealth Rock|p1a: Tyranitar
|-sidestart|p1: Qwilfishler|move: Stealth Rock
|
|-weather|RainDance|[upkeep]
|-heal|p1a: Tyranitar|62/100|[from] item: Leftovers
|upkeep
|turn|10
|inactive|Qwilfishler has 120 seconds left.
|
|t:|1757787365
|switch|p1a: Mandibuzz|Mandibuzz, F|100/100
|move|p2a: Technophant|Earth Power|p1a: Mandibuzz
|-immune|p1a: Mandibuzz
|
|-weather|RainDance|[upkeep]
|upkeep
|turn|11
|inactive|Qwilfishler has 120 seconds left.
|
|t:|1757787381
|move|p2a: Technophant|Rapid Spin|p1a: Mandibuzz
|-damage|p1a: Mandibuzz|94/100
|-boost|p2a: Technophant|spe|1
|-sideend|p2: redthotchilipepper|Stealth Rock|[from] move: Rapid Spin|[of] p2a: Technophant
|move|p1a: Mandibuzz|Defog|p2a: Technophant
|-unboost|p2a: Technophant|evasion|1
|-sideend|p1: Qwilfishler|Spikes|[from] move: Defog|[of] p1a: Mandibuzz
|-sideend|p1: Qwilfishler|Stealth Rock|[from] move: Defog|[of] p1a: Mandibuzz
|
|-weather|RainDance|[upkeep]
|upkeep
|turn|12
|inactive|Qwilfishler has 120 seconds left.
|
|t:|1757787396
|-end|p2a: Technophant|Quark Drive|[silent]
|switch|p2a: The Giraffe|Raging Bolt|100/100
|-enditem|p2a: The Giraffe|Booster Energy
|-activate|p2a: The Giraffe|ability: Protosynthesis|[fromitem]
|-start|p2a: The Giraffe|protosynthesisspa
|switch|p1a: Iron Valiant|Iron Valiant|94/100
|
|-weather|RainDance|[upkeep]
|upkeep
|turn|13
|inactive|Qwilfishler has 120 seconds left.
|
|t:|1757787423
|-end|p1a: Iron Valiant|Quark Drive|[silent]
|switch|p1a: Tyranitar|Tyranitar, M|62/100
|-weather|Sandstorm|[from] ability: Sand Stream|[of] p1a: Tyranitar
|move|p2a: The Giraffe|Thunderclap||[still]
|-fail|p2a: The Giraffe
|
|-weather|Sandstorm|[upkeep]
|-damage|p2a: The Giraffe|94/100|[from] Sandstorm
|-heal|p1a: Tyranitar|68/100|[from] item: Leftovers
|upkeep
|turn|14
|inactive|redthotchilipepper has 120 seconds left.
|
|t:|1757787445
|-end|p2a: The Giraffe|Protosynthesis|[silent]
|switch|p2a: The Pelly|Pelipper, F, shiny|39/100
|-weather|RainDance|[from] ability: Drizzle|[of] p2a: The Pelly
|move|p1a: Tyranitar|Knock Off|p2a: The Pelly
|-damage|p2a: The Pelly|17/100
|
|-weather|RainDance|[upkeep]
|-heal|p1a: Tyranitar|75/100|[from] item: Leftovers
|upkeep
|turn|15
|inactive|redthotchilipepper has 120 seconds left.
|
|t:|1757787469
|switch|p1a: Slowking|Slowking-Galar, F|100/100
|move|p2a: The Pelly|Roost|p2a: The Pelly
|-heal|p2a: The Pelly|67/100
|-singleturn|p2a: The Pelly|move: Roost
|
|-weather|RainDance|[upkeep]
|upkeep
|turn|16
|
|t:|1757787481
|move|p2a: The Pelly|U-turn|p1a: Slowking
|-damage|p1a: Slowking|91/100
|
|t:|1757787487
|switch|p2a: Technophant|Iron Treads, shiny|98/100|[from] U-turn
|move|p1a: Slowking|Future Sight|p2a: Technophant
|-start|p1a: Slowking|move: Future Sight
|
|-weather|RainDance|[upkeep]
|upkeep
|turn|17
|inactive|redthotchilipepper has 120 seconds left.
|
|t:|1757787505
|move|p2a: Technophant|Stealth Rock|p1a: Slowking
|-sidestart|p1: Qwilfishler|move: Stealth Rock
|move|p1a: Slowking|Ice Beam|p2a: Technophant
|-damage|p2a: Technophant|55/100
|
|-weather|RainDance|[upkeep]
|upkeep
|turn|18
|
|t:|1757787522
|move|p2a: Technophant|Earth Power|p1a: Slowking
|-supereffective|p1a: Slowking
|-damage|p1a: Slowking|54/100
|move|p1a: Slowking|Flamethrower|p2a: Technophant
|-supereffective|p2a: Technophant
|-damage|p2a: Technophant|18/100
|
|-weather|none
|-end|p2a: Technophant|move: Future Sight
|-resisted|p2a: Technophant
|-damage|p2a: Technophant|0 fnt
|faint|p2a: Technophant
|-end|p2a: Technophant|Quark Drive|[silent]
|upkeep
|inactive|redthotchilipepper has 120 seconds left.
|
|t:|1757787538
|switch|p2a: Yoshimitsu|Kingambit, F, shiny|100/100
|-activate|p2a: Yoshimitsu|ability: Supreme Overlord
|-start|p2a: Yoshimitsu|fallen2|[silent]
|-item|p2a: Yoshimitsu|Air Balloon
|turn|19
|
|t:|1757787556
|switch|p1a: Mandibuzz|Mandibuzz, F|94/100
|move|p2a: Yoshimitsu|Swords Dance|p2a: Yoshimitsu
|-boost|p2a: Yoshimitsu|atk|2
|
|upkeep
|turn|20
|
|t:|1757787569
|move|p1a: Mandibuzz|Iron Defense|p1a: Mandibuzz
|-boost|p1a: Mandibuzz|def|2
|move|p2a: Yoshimitsu|Swords Dance|p2a: Yoshimitsu
|-boost|p2a: Yoshimitsu|atk|2
|
|upkeep
|turn|21
|inactive|redthotchilipepper has 120 seconds left.
|
|t:|1757787588
|move|p1a: Mandibuzz|Iron Defense|p1a: Mandibuzz
|-boost|p1a: Mandibuzz|def|2
|move|p2a: Yoshimitsu|Iron Head|p1a: Mandibuzz
|-damage|p1a: Mandibuzz|61/100
|
|upkeep
|turn|22
|
|t:|1757787603
|move|p1a: Mandibuzz|Iron Defense|p1a: Mandibuzz
|-boost|p1a: Mandibuzz|def|2
|move|p2a: Yoshimitsu|Swords Dance|p2a: Yoshimitsu
|-boost|p2a: Yoshimitsu|atk|2
|
|upkeep
|turn|23
|
|t:|1757787610
|move|p1a: Mandibuzz|Foul Play|p2a: Yoshimitsu
|-resisted|p2a: Yoshimitsu
|-damage|p2a: Yoshimitsu|18/100
|-enditem|p2a: Yoshimitsu|Air Balloon
|move|p2a: Yoshimitsu|Iron Head|p1a: Mandibuzz
|-damage|p1a: Mandibuzz|27/100
|
|upkeep
|turn|24
|
|t:|1757787629
|move|p1a: Mandibuzz|Roost|p1a: Mandibuzz
|-heal|p1a: Mandibuzz|78/100
|-singleturn|p1a: Mandibuzz|move: Roost
|move|p2a: Yoshimitsu|Iron Head|p1a: Mandibuzz
|-damage|p1a: Mandibuzz|48/100
|
|upkeep
|turn|25
|
|t:|1757787641
|move|p1a: Mandibuzz|Roost|p1a: Mandibuzz
|-heal|p1a: Mandibuzz|98/100
|-singleturn|p1a: Mandibuzz|move: Roost
|move|p2a: Yoshimitsu|Iron Head|p1a: Mandibuzz
|-damage|p1a: Mandibuzz|65/100
|
|upkeep
|turn|26
|
|t:|1757787650
|move|p2a: Yoshimitsu|Sucker Punch|p1a: Mandibuzz
|-resisted|p1a: Mandibuzz
|-damage|p1a: Mandibuzz|52/100
|move|p1a: Mandibuzz|Foul Play|p2a: Yoshimitsu
|-resisted|p2a: Yoshimitsu
|-damage|p2a: Yoshimitsu|0 fnt
|faint|p2a: Yoshimitsu
|-end|p2a: Yoshimitsu|fallen2|[silent]
|
|upkeep
|
|t:|1757787658
|switch|p2a: The Giraffe|Raging Bolt|94/100
|turn|27
|inactive|Qwilfishler has 120 seconds left.
|
|t:|1757787681
|switch|p1a: Slowking|Slowking-Galar, F|87/100
|-damage|p1a: Slowking|75/100|[from] Stealth Rock
|move|p2a: The Giraffe|Calm Mind|p2a: The Giraffe
|-boost|p2a: The Giraffe|spa|1
|-boost|p2a: The Giraffe|spd|1
|
|upkeep
|turn|28
|
|t:|1757787698
|move|p2a: The Giraffe|Calm Mind|p2a: The Giraffe
|-boost|p2a: The Giraffe|spa|1
|-boost|p2a: The Giraffe|spd|1
|move|p1a: Slowking|Future Sight|p2a: The Giraffe
|-start|p1a: Slowking|move: Future Sight
|
|upkeep
|turn|29
|
|t:|1757787708
|move|p2a: The Giraffe|Calm Mind|p2a: The Giraffe
|-boost|p2a: The Giraffe|spa|1
|-boost|p2a: The Giraffe|spd|1
|move|p1a: Slowking|Sludge Bomb|p2a: The Giraffe
|-damage|p2a: The Giraffe|78/100
|-status|p2a: The Giraffe|psn
|
|-damage|p2a: The Giraffe|65/100 psn|[from] psn
|upkeep
|turn|30
|
|t:|1757787722
|switch|p1a: Tyranitar|Tyranitar, M|75/100
|-damage|p1a: Tyranitar|62/100|[from] Stealth Rock
|-weather|Sandstorm|[from] ability: Sand Stream|[of] p1a: Tyranitar
|move|p2a: The Giraffe|Dragon Pulse|p1a: Tyranitar
|-damage|p1a: Tyranitar|8/100
|
|-weather|Sandstorm|[upkeep]
|-damage|p2a: The Giraffe|59/100 psn|[from] Sandstorm
|-end|p2a: The Giraffe|move: Future Sight
|-damage|p2a: The Giraffe|38/100 psn
|-heal|p1a: Tyranitar|15/100|[from] item: Leftovers
|-damage|p2a: The Giraffe|26/100 psn|[from] psn
|upkeep
|turn|31
|
|t:|1757787752
|switch|p1a: Iron Valiant|Iron Valiant|94/100
|-damage|p1a: Iron Valiant|87/100|[from] Stealth Rock
|move|p2a: The Giraffe|Thunderclap||[still]
|-fail|p2a: The Giraffe
|
|-weather|Sandstorm|[upkeep]
|-damage|p1a: Iron Valiant|81/100|[from] Sandstorm
|-damage|p2a: The Giraffe|20/100 psn|[from] Sandstorm
|-damage|p2a: The Giraffe|7/100 psn|[from] psn
|upkeep
|turn|32
|
|t:|1757787762
|move|p1a: Iron Valiant|Vacuum Wave|p2a: The Giraffe
|-damage|p2a: The Giraffe|0 fnt
|faint|p2a: The Giraffe
|-end|p2a: The Giraffe|Protosynthesis|[silent]
|
|-weather|Sandstorm|[upkeep]
|-damage|p1a: Iron Valiant|75/100|[from] Sandstorm
|upkeep
|-message|redthotchilipepper forfeited.
|
|win|Qwilfishler
|raw|Qwilfishler's rating: 1332 &rarr; <strong>1350</strong><br />(+18 for winning)
|raw|redthotchilipepper's rating: 1305 &rarr; <strong>1287</strong><br />(-18 for losing)
|l|☆redthotchilipepper
|player|p2|
