|j|☆Ulmersglue
|j|☆2011 jonah hill
|t:|1757824651
|gametype|singles
|player|p1|Ulmersglue|clair|1411
|player|p2|2011 jonah hill|101|1431
|gen|9
|tier|[Gen 9] OU
|rated|
|rule|HP Percentage Mod: HP is shown in percentages
|rule|Endless Battle Clause: Forcing endless battles is banned
|rule|Species Clause: Limit one of each Pokémon
|rule|OHKO Clause: OHKO moves are banned
|rule|Evasion Items Clause: Evasion items are banned
|rule|Evasion Moves Clause: Evasion moves are banned
|rule|Evasion Abilities Clause: Evasion abilities are banned
|rule|Sleep Moves Clause: Sleep-inducing moves are banned
|clearpoke
|poke|p1|Kingambit, F|
|poke|p1|Deoxys-Speed|
|poke|p1|Great Tusk|
|poke|p1|Dragonite, F|
|poke|p1|Iron Moth|
|poke|p1|Primarina, M|
|poke|p2|Lokix, F|
|poke|p2|Iron Crown|
|poke|p2|Zapdos|
|poke|p2|Alomomola, F|
|poke|p2|Great Tusk|
|poke|p2|Dragapult, F|
|teampreview
|
|t:|1757824671
|teamsize|p1|6
|teamsize|p2|6
|start
|switch|p1a: Deoxys|Deoxys-Speed|100/100
|switch|p2a: Lokix|Lokix, F|100/100
|-ability|p1a: Deoxys|Pressure
|turn|1
|
|t:|1757824687
|switch|p1a: Iron Moth|Iron Moth|100/100
|-enditem|p1a: Iron Moth|Booster Energy
|-activate|p1a: Iron Moth|ability: Quark Drive|[fromitem]
|-start|p1a: Iron Moth|quarkdrivespe
|move|p2a: Lokix|U-turn|p1a: Iron Moth
|-resisted|p1a: Iron Moth
|-damage|p1a: Iron Moth|79/100
|
|t:|1757824698
|switch|p2a: Great Tusk|Great Tusk|100/100|[from] U-turn
|
|upkeep
|turn|2
|
|t:|1757824709
|move|p1a: Iron Moth|Fiery Dance|p2a: Great Tusk
|-damage|p2a: Great Tusk|48/100
|-boost|p1a: Iron Moth|spa|1
|move|p2a: Great Tusk|Earthquake|p1a: Iron Moth
|-supereffective|p1a: Iron Moth
|-damage|p1a: Iron Moth|0 fnt
|faint|p1a: Iron Moth
|-end|p1a: Iron Moth|Quark Drive|[silent]
|
|upkeep
|
|t:|1757824755
|switch|p1a: Primarina|Primarina, M|100/100
|turn|3
|
|t:|1757824761
|move|p2a: Great Tusk|Stealth Rock|p1a: Primarina
|-sidestart|p1: Ulmersglue|move: Stealth Rock
|move|p1a: Primarina|Moonblast|p2a: Great Tusk
|-supereffective|p2a: Great Tusk
|-damage|p2a: Great Tusk|0 fnt
|faint|p2a: Great Tusk
|-end|p2a: Great Tusk|Protosynthesis|[silent]
|
|upkeep
|
|t:|1757824765
|switch|p2a: Iron Crown|Iron Crown|100/100
|turn|4
|
|t:|1757824774
|move|p2a: Iron Crown|Tachyon Cutter|p1a: Primarina
|-damage|p1a: Primarina|76/100
|-damage|p1a: Primarina|52/100
|-hitcount|p1a: Primarina|2
|move|p1a: Primarina|Whirlpool|p2a: Iron Crown|[miss]
|-miss|p1a: Primarina|p2a: Iron Crown
|
|upkeep
|turn|5
|
|t:|1757824781
|move|p2a: Iron Crown|Tachyon Cutter|p1a: Primarina
|-damage|p1a: Primarina|30/100
|-damage|p1a: Primarina|7/100
|-hitcount|p1a: Primarina|2
|move|p1a: Primarina|Whirlpool|p2a: Iron Crown|[miss]
|-miss|p1a: Primarina|p2a: Iron Crown
|
|upkeep
|turn|6
|
|t:|1757824785
|move|p2a: Iron Crown|Tachyon Cutter|p1a: Primarina
|-damage|p1a: Primarina|0 fnt
|faint|p1a: Primarina
|-hitcount|p1: Primarina|1
|
|upkeep
|inactive|Battle timer is ON: inactive players will automatically lose when time's up. (requested by 2011 jonah hill)
|
|t:|1757824797
|switch|p1a: Kingambit|Kingambit, F|100/100
|-damage|p1a: Kingambit|94/100|[from] Stealth Rock
|-activate|p1a: Kingambit|ability: Supreme Overlord
|-start|p1a: Kingambit|fallen2|[silent]
|turn|7
|
|t:|1757824805
|-end|p2a: Iron Crown|Quark Drive|[silent]
|switch|p2a: Zapdos|Zapdos|100/100
|move|p1a: Kingambit|Kowtow Cleave|p2a: Zapdos
|-damage|p2a: Zapdos|54/100
|
|-heal|p1a: Kingambit|100/100|[from] item: Leftovers
|upkeep
|turn|8
|
|t:|1757824816
|move|p2a: Zapdos|Thunder Wave|p1a: Kingambit
|-status|p1a: Kingambit|par
|move|p1a: Kingambit|Swords Dance|p1a: Kingambit
|-boost|p1a: Kingambit|atk|2
|
|upkeep
|turn|9
|
|t:|1757824821
|move|p1a: Kingambit|Sucker Punch||[still]
|-fail|p1a: Kingambit
|move|p2a: Zapdos|Roost|p2a: Zapdos
|-heal|p2a: Zapdos|100/100
|-singleturn|p2a: Zapdos|move: Roost
|
|upkeep
|turn|10
|
|t:|1757824824
|move|p2a: Zapdos|Volt Switch|p1a: Kingambit
|-damage|p1a: Kingambit|70/100 par
|
|t:|1757824827
|switch|p2a: Alomomola|Alomomola, F|100/100|[from] Volt Switch
|move|p1a: Kingambit|Kowtow Cleave|p2a: Alomomola
|-damage|p2a: Alomomola|14/100
|
|-heal|p1a: Kingambit|76/100 par|[from] item: Leftovers
|upkeep
|turn|11
|
|t:|1757824836
|move|p2a: Alomomola|Body Slam|p1a: Kingambit
|-resisted|p1a: Kingambit
|-damage|p1a: Kingambit|69/100 par
|move|p1a: Kingambit|Kowtow Cleave|p2a: Alomomola
|-damage|p2a: Alomomola|0 fnt
|faint|p2a: Alomomola
|
|-heal|p1a: Kingambit|75/100 par|[from] item: Leftovers
|upkeep
|
|t:|1757824840
|switch|p2a: Lokix|Lokix, F|100/100
|turn|12
|
|t:|1757824843
|move|p2a: Lokix|First Impression|p1a: Kingambit
|-damage|p1a: Kingambit|40/100 par
|move|p1a: Kingambit|Iron Head|p2a: Lokix
|-damage|p2a: Lokix|0 fnt
|faint|p2a: Lokix
|
|-heal|p1a: Kingambit|46/100 par|[from] item: Leftovers
|upkeep
|
|t:|1757824853
|switch|p2a: Zapdos|Zapdos|100/100
|turn|13
|
|t:|1757824856
|move|p1a: Kingambit|Sucker Punch|p2a: Zapdos
|-damage|p2a: Zapdos|35/100
|move|p2a: Zapdos|Volt Switch|p1a: Kingambit
|-damage|p1a: Kingambit|18/100 par
|
|t:|1757824862
|switch|p2a: Dragapult|Dragapult, F|100/100|[from] Volt Switch
|
|-heal|p1a: Kingambit|24/100 par|[from] item: Leftovers
|upkeep
|turn|14
|
|t:|1757824865
|switch|p2a: Zapdos|Zapdos|35/100
|move|p1a: Kingambit|Sucker Punch||[still]
|-fail|p1a: Kingambit
|
|-heal|p1a: Kingambit|30/100 par|[from] item: Leftovers
|upkeep
|turn|15
|
|t:|1757824869
|move|p2a: Zapdos|Volt Switch|p1a: Kingambit
|-damage|p1a: Kingambit|0 fnt
|faint|p1a: Kingambit
|-end|p1a: Kingambit|fallen2|[silent]
|
|t:|1757824880
|switch|p2a: Dragapult|Dragapult, F|100/100|[from] Volt Switch
|
|upkeep
|
|t:|1757824888
|switch|p1a: Deoxys|Deoxys-Speed|100/100
|-damage|p1a: Deoxys|88/100|[from] Stealth Rock
|-ability|p1a: Deoxys|Pressure
|turn|16
|
|t:|1757824894
|move|p1a: Deoxys|Shadow Ball|p2a: Dragapult
|-supereffective|p2a: Dragapult
|-crit|p2a: Dragapult
|-damage|p2a: Dragapult|0 fnt
|faint|p2a: Dragapult
|-damage|p1a: Deoxys|78/100|[from] item: Life Orb
|
|upkeep
|
|t:|1757824900
|switch|p2a: Iron Crown|Iron Crown|100/100
|turn|17
|
|t:|1757824904
|-terastallize|p2a: Iron Crown|Steel
|move|p1a: Deoxys|Nasty Plot|p1a: Deoxys
|-boost|p1a: Deoxys|spa|2
|move|p2a: Iron Crown|Tachyon Cutter|p1a: Deoxys
|-damage|p1a: Deoxys|7/100
|-damage|p1a: Deoxys|0 fnt
|faint|p1a: Deoxys
|-hitcount|p1: Deoxys|2
|
|upkeep
|
|t:|1757824916
|switch|p1a: Great Tusk|Great Tusk|100/100
|-damage|p1a: Great Tusk|98/100|[from] Stealth Rock
|-enditem|p1a: Great Tusk|Booster Energy
|-activate|p1a: Great Tusk|ability: Protosynthesis|[fromitem]
|-start|p1a: Great Tusk|protosynthesisatk
|turn|18
|
|t:|1757824924
|-terastallize|p1a: Great Tusk|Steel
|move|p2a: Iron Crown|Tachyon Cutter|p1a: Great Tusk
|-resisted|p1a: Great Tusk
|-damage|p1a: Great Tusk|60/100
|-resisted|p1a: Great Tusk
|-damage|p1a: Great Tusk|24/100
|-hitcount|p1a: Great Tusk|2
|move|p1a: Great Tusk|Rapid Spin|p2a: Iron Crown
|-resisted|p2a: Iron Crown
|-damage|p2a: Iron Crown|89/100
|-boost|p1a: Great Tusk|spe|1
|-sideend|p1: Ulmersglue|Stealth Rock|[from] move: Rapid Spin|[of] p1a: Great Tusk
|
|upkeep
|turn|19
|
|t:|1757824928
|-end|p2a: Iron Crown|Quark Drive|[silent]
|switch|p2a: Zapdos|Zapdos|35/100
|move|p1a: Great Tusk|Close Combat|p2a: Zapdos
|-resisted|p2a: Zapdos
|-damage|p2a: Zapdos|3/100
|-unboost|p1a: Great Tusk|def|1
|-unboost|p1a: Great Tusk|spd|1
|
|upkeep
|turn|20
|
|t:|1757824939
|move|p1a: Great Tusk|Rapid Spin|p2a: Zapdos
|-damage|p2a: Zapdos|0 fnt
|-boost|p1a: Great Tusk|spe|1
|-status|p1a: Great Tusk|par|[from] ability: Static|[of] p2a: Zapdos
|faint|p2a: Zapdos
|
|upkeep
|
|t:|1757824944
|switch|p2a: Iron Crown|Iron Crown, tera:Steel|89/100
|turn|21
|
|t:|1757824946
|move|p2a: Iron Crown|Tachyon Cutter|p1a: Great Tusk
|-resisted|p1a: Great Tusk
|-damage|p1a: Great Tusk|0 fnt
|faint|p1a: Great Tusk
|-end|p1a: Great Tusk|Protosynthesis|[silent]
|-hitcount|p1: Great Tusk|1
|
|upkeep
|
|t:|1757824950
|switch|p1a: Dragonite|Dragonite, F, shiny|100/100
|turn|22
|
|t:|1757824956
|move|p2a: Iron Crown|Tachyon Cutter|p1a: Dragonite
|-damage|p1a: Dragonite|73/100
|-crit|p1a: Dragonite
|-damage|p1a: Dragonite|0 fnt
|faint|p1a: Dragonite
|-hitcount|p1: Dragonite|2
|
|win|2011 jonah hill
|raw|Ulmersglue's rating: 1411 &rarr; <strong>1392</strong><br />(-19 for losing)
|raw|2011 jonah hill's rating: 1431 &rarr; <strong>1450</strong><br />(+19 for winning)
|l|☆2011 jonah hill
|player|p2|
|c|☆Ulmersglue|Insane hax
|l|☆Ulmersglue
|player|p1|
