|j|☆Redoranges101
|j|☆Papagayo32
|t:|1757946011
|gametype|singles
|player|p1|Redoranges101|170|1427
|player|p2|Papagayo32|youngster-gen4dp|1443
|gen|9
|tier|[Gen 9] OU
|rated|
|rule|HP Percentage Mod: HP is shown in percentages
|rule|Endless Battle Clause: Forcing endless battles is banned
|rule|Species Clause: Limit one of each Pokémon
|rule|OHKO Clause: OHKO moves are banned
|rule|Evasion Items Clause: Evasion items are banned
|rule|Evasion Moves Clause: Evasion moves are banned
|rule|Evasion Abilities Clause: Evasion abilities are banned
|rule|Sleep Moves Clause: Sleep-inducing moves are banned
|clearpoke
|poke|p1|Raging Bolt|
|poke|p1|Ogerpon-Wellspring, F|
|poke|p1|Sinistcha|
|poke|p1|Cinderace, M|
|poke|p1|Tyranitar, F|
|poke|p1|Moltres|
|poke|p2|Dragapult, M|
|poke|p2|Slowbro, F|
|poke|p2|Empoleon, M|
|poke|p2|Gliscor, M|
|poke|p2|Ting-Lu|
|poke|p2|Weezing-Galar, M|
|teampreview
|inactive|Battle timer is ON: inactive players will automatically lose when time's up. (requested by Redoranges101)
|
|t:|1757946021
|teamsize|p1|6
|teamsize|p2|6
|start
|switch|p1a: Tyranitar|Tyranitar, F|100/100
|switch|p2a: Gliscor|Gliscor, M|100/100
|-weather|Sandstorm|[from] ability: Sand Stream|[of] p1a: Tyranitar
|turn|1
|
|t:|1757946023
|move|p2a: Gliscor|Protect|p2a: Gliscor
|-singleturn|p2a: Gliscor|Protect
|move|p1a: Tyranitar|Knock Off|p2a: Gliscor
|-activate|p2a: Gliscor|move: Protect
|
|-weather|Sandstorm|[upkeep]
|-status|p2a: Gliscor|tox|[from] item: Toxic Orb
|upkeep
|turn|2
|
|t:|1757946040
|switch|p2a: Weezing|Weezing-Galar, M|100/100
|-ability|p2a: Weezing|Neutralizing Gas
|move|p1a: Tyranitar|Ice Beam|p2a: Weezing
|-damage|p2a: Weezing|83/100
|
|-weather|Sandstorm|[upkeep]
|-damage|p2a: Weezing|77/100|[from] Sandstorm
|upkeep
|turn|3
|
|t:|1757946050
|move|p2a: Weezing|Toxic Spikes|p1a: Tyranitar
|-sidestart|p1: Redoranges101|move: Toxic Spikes
|move|p1a: Tyranitar|Stealth Rock|p2a: Weezing
|-sidestart|p2: Papagayo32|move: Stealth Rock
|
|-weather|Sandstorm|[upkeep]
|-damage|p2a: Weezing|71/100|[from] Sandstorm
|upkeep
|turn|4
|
|t:|1757946055
|switch|p1a: Moltres|Moltres|100/100
|move|p2a: Weezing|Will-O-Wisp|p1a: Moltres
|-immune|p1a: Moltres
|
|-weather|Sandstorm|[upkeep]
|-damage|p1a: Moltres|94/100|[from] Sandstorm
|-damage|p2a: Weezing|65/100|[from] Sandstorm
|upkeep
|turn|5
|
|t:|1757946060
|move|p1a: Moltres|U-turn|p2a: Weezing
|-resisted|p2a: Weezing
|-damage|p2a: Weezing|62/100
|
|t:|1757946063
|switch|p1a: Cinderace|Cinderace, M|100/100|[from] U-turn
|move|p2a: Weezing|Toxic Spikes|p1a: Cinderace
|-sidestart|p1: Redoranges101|move: Toxic Spikes
|
|-weather|none
|upkeep
|turn|6
|
|t:|1757946078
|-end|p2a: Weezing|ability: Neutralizing Gas
|switch|p2a: Slowbro|Slowbro, F|100/100
|-damage|p2a: Slowbro|88/100|[from] Stealth Rock
|move|p1a: Cinderace|Pyro Ball|p2a: Slowbro
|-resisted|p2a: Slowbro
|-damage|p2a: Slowbro|70/100
|
|-heal|p2a: Slowbro|76/100|[from] item: Leftovers
|upkeep
|turn|7
|
|t:|1757946087
|move|p1a: Cinderace|U-turn|p2a: Slowbro
|-start|p1a: Cinderace|typechange|Bug|[from] ability: Libero
|-supereffective|p2a: Slowbro
|-damage|p2a: Slowbro|38/100
|
|t:|1757946096
|switch|p1a: Moltres|Moltres|94/100|[from] U-turn
|move|p2a: Slowbro|Psychic Noise|p1a: Moltres
|-damage|p1a: Moltres|69/100
|-start|p1a: Moltres|move: Heal Block
|
|-heal|p2a: Slowbro|44/100|[from] item: Leftovers
|upkeep
|turn|8
|
|t:|1757946110
|switch|p2a: Gliscor|Gliscor, M|100/100 tox
|-damage|p2a: Gliscor|88/100 tox|[from] Stealth Rock
|move|p1a: Moltres|U-turn|p2a: Gliscor
|-resisted|p2a: Gliscor
|-damage|p2a: Gliscor|82/100 tox
|
|t:|1757946119
|switch|p1a: Cinderace|Cinderace, M|100/100|[from] U-turn
|
|-heal|p2a: Gliscor|95/100 tox|[from] ability: Poison Heal
|upkeep
|turn|9
|
|t:|1757946124
|move|p1a: Cinderace|Court Change|p1a: Cinderace
|-start|p1a: Cinderace|typechange|Normal|[from] ability: Libero
|-swapsideconditions
|-activate|p1a: Cinderace|move: Court Change
|move|p2a: Gliscor|Earthquake|p1a: Cinderace
|-damage|p1a: Cinderace|50/100
|
|-heal|p2a: Gliscor|100/100 tox|[from] ability: Poison Heal
|upkeep
|turn|10
|
|t:|1757946132
|move|p1a: Cinderace|U-turn|p2a: Gliscor
|-resisted|p2a: Gliscor
|-damage|p2a: Gliscor|91/100 tox
|
|t:|1757946148
|switch|p1a: Ogerpon|Ogerpon-Wellspring, F|100/100|[from] U-turn
|-damage|p1a: Ogerpon|88/100|[from] Stealth Rock
|move|p2a: Gliscor|Toxic|p1a: Ogerpon
|-status|p1a: Ogerpon|tox
|
|-damage|p1a: Ogerpon|82/100 tox|[from] psn
|-heal|p2a: Gliscor|100/100 tox|[from] ability: Poison Heal
|upkeep
|turn|11
|
|t:|1757946152
|move|p2a: Gliscor|Protect|p2a: Gliscor
|-singleturn|p2a: Gliscor|Protect
|move|p1a: Ogerpon|Swords Dance|p1a: Ogerpon
|-boost|p1a: Ogerpon|atk|2
|
|-damage|p1a: Ogerpon|70/100 tox|[from] psn
|upkeep
|turn|12
|
|t:|1757946162
|switch|p2a: Weezing|Weezing-Galar, M|62/100
|-ability|p2a: Weezing|Neutralizing Gas
|-sideend|p2: Papagayo32|move: Toxic Spikes|[of] p2a: Weezing
|move|p1a: Ogerpon|Ivy Cudgel|p2a: Weezing|[anim] Ivy Cudgel Water
|-damage|p2a: Weezing|0 fnt
|faint|p2a: Weezing
|-end|p2a: Weezing|ability: Neutralizing Gas
|
|-damage|p1a: Ogerpon|52/100 tox|[from] psn
|upkeep
|
|t:|1757946170
|switch|p2a: Dragapult|Dragapult, M|100/100
|turn|13
|
|t:|1757946182
|move|p2a: Dragapult|Draco Meteor|p1a: Ogerpon
|-damage|p1a: Ogerpon|0 fnt
|-unboost|p2a: Dragapult|spa|2
|faint|p1a: Ogerpon
|
|upkeep
|
|t:|1757946191
|switch|p1a: Tyranitar|Tyranitar, F|100/100
|-damage|p1a: Tyranitar|88/100|[from] Stealth Rock
|-weather|Sandstorm|[from] ability: Sand Stream|[of] p1a: Tyranitar
|turn|14
|
|t:|1757946200
|switch|p2a: Slowbro|Slowbro, F|77/100
|move|p1a: Tyranitar|Ice Beam|p2a: Slowbro
|-resisted|p2a: Slowbro
|-damage|p2a: Slowbro|67/100
|
|-weather|Sandstorm|[upkeep]
|-damage|p2a: Slowbro|61/100|[from] Sandstorm
|-heal|p1a: Tyranitar|94/100|[from] item: Leftovers
|-heal|p2a: Slowbro|67/100|[from] item: Leftovers
|upkeep
|turn|15
|
|t:|1757946204
|move|p1a: Tyranitar|Knock Off|p2a: Slowbro
|-supereffective|p2a: Slowbro
|-damage|p2a: Slowbro|18/100
|-enditem|p2a: Slowbro|Leftovers|[from] move: Knock Off|[of] p1a: Tyranitar
|move|p2a: Slowbro|Scald|p1a: Tyranitar
|-supereffective|p1a: Tyranitar
|-crit|p1a: Tyranitar
|-damage|p1a: Tyranitar|58/100
|
|-weather|Sandstorm|[upkeep]
|-damage|p2a: Slowbro|12/100|[from] Sandstorm
|-heal|p1a: Tyranitar|64/100|[from] item: Leftovers
|upkeep
|turn|16
|
|t:|1757946213
|move|p1a: Tyranitar|Knock Off|p2a: Slowbro
|-supereffective|p2a: Slowbro
|-damage|p2a: Slowbro|0 fnt
|faint|p2a: Slowbro
|
|-weather|Sandstorm|[upkeep]
|-heal|p1a: Tyranitar|71/100|[from] item: Leftovers
|upkeep
|
|t:|1757946220
|switch|p2a: Empoleon|Empoleon, M|100/100
|turn|17
|
|t:|1757946231
|-terastallize|p2a: Empoleon|Fighting
|move|p2a: Empoleon|Tera Blast|p1a: Tyranitar|[anim] Tera Blast Fighting
|-supereffective|p1a: Tyranitar
|-damage|p1a: Tyranitar|8/100
|move|p1a: Tyranitar|Roar|p2a: Empoleon
|drag|p2a: Dragapult|Dragapult, M|100/100
|
|-weather|Sandstorm|[upkeep]
|-damage|p2a: Dragapult|95/100|[from] Sandstorm
|-heal|p1a: Tyranitar|14/100|[from] item: Leftovers
|upkeep
|turn|18
|
|t:|1757946244
|move|p2a: Dragapult|Dragon Pulse|p1a: Tyranitar
|-damage|p1a: Tyranitar|0 fnt
|faint|p1a: Tyranitar
|
|-weather|none
|upkeep
|
|t:|1757946256
|switch|p1a: Cinderace|Cinderace, M|50/100
|turn|19
|
|t:|1757946259
|switch|p2a: Gliscor|Gliscor, M|100/100 tox
|move|p1a: Cinderace|Sucker Punch||[still]
|-fail|p1a: Cinderace
|
|upkeep
|turn|20
|
|t:|1757946264
|move|p1a: Cinderace|Court Change|p1a: Cinderace
|-start|p1a: Cinderace|typechange|Normal|[from] ability: Libero
|-swapsideconditions
|-activate|p1a: Cinderace|move: Court Change
|move|p2a: Gliscor|Earthquake|p1a: Cinderace
|-crit|p1a: Cinderace
|-damage|p1a: Cinderace|0 fnt
|faint|p1a: Cinderace
|
|upkeep
|
|t:|1757946271
|switch|p1a: Sinistcha|Sinistcha|100/100
|turn|21
|
|t:|1757946277
|-terastallize|p1a: Sinistcha|Poison
|move|p2a: Gliscor|Toxic|p1a: Sinistcha
|-immune|p1a: Sinistcha
|move|p1a: Sinistcha|Calm Mind|p1a: Sinistcha
|-boost|p1a: Sinistcha|spa|1
|-boost|p1a: Sinistcha|spd|1
|
|upkeep
|turn|22
|
|t:|1757946287
|switch|p2a: Ting-Lu|Ting-Lu|100/100
|-damage|p2a: Ting-Lu|94/100|[from] Stealth Rock
|-ability|p2a: Ting-Lu|Vessel of Ruin
|move|p1a: Sinistcha|Strength Sap|p2a: Ting-Lu
|-unboost|p2a: Ting-Lu|atk|1
|
|-heal|p2a: Ting-Lu|100/100|[from] item: Leftovers
|upkeep
|turn|23
|
|t:|1757946292
|move|p1a: Sinistcha|Calm Mind|p1a: Sinistcha
|-boost|p1a: Sinistcha|spa|1
|-boost|p1a: Sinistcha|spd|1
|move|p2a: Ting-Lu|Whirlwind|p1a: Sinistcha
|drag|p1a: Raging Bolt|Raging Bolt|100/100
|
|upkeep
|turn|24
|
|t:|1757946298
|move|p1a: Raging Bolt|Calm Mind|p1a: Raging Bolt
|-boost|p1a: Raging Bolt|spa|1
|-boost|p1a: Raging Bolt|spd|1
|move|p2a: Ting-Lu|Earthquake|p1a: Raging Bolt
|-supereffective|p1a: Raging Bolt
|-damage|p1a: Raging Bolt|58/100
|
|-heal|p1a: Raging Bolt|64/100|[from] item: Leftovers
|upkeep
|turn|25
|
|t:|1757946300
|move|p1a: Raging Bolt|Dragon Pulse|p2a: Ting-Lu
|-damage|p2a: Ting-Lu|69/100
|move|p2a: Ting-Lu|Earthquake|p1a: Raging Bolt
|-supereffective|p1a: Raging Bolt
|-damage|p1a: Raging Bolt|16/100
|
|-heal|p1a: Raging Bolt|22/100|[from] item: Leftovers
|-heal|p2a: Ting-Lu|75/100|[from] item: Leftovers
|upkeep
|turn|26
|
|t:|1757946303
|move|p1a: Raging Bolt|Dragon Pulse|p2a: Ting-Lu
|-damage|p2a: Ting-Lu|41/100
|move|p2a: Ting-Lu|Earthquake|p1a: Raging Bolt
|-supereffective|p1a: Raging Bolt
|-damage|p1a: Raging Bolt|0 fnt
|faint|p1a: Raging Bolt
|-end|p1a: Raging Bolt|Protosynthesis|[silent]
|
|-heal|p2a: Ting-Lu|47/100|[from] item: Leftovers
|upkeep
|
|t:|1757946307
|switch|p1a: Sinistcha|Sinistcha, tera:Poison|100/100
|turn|27
|
|t:|1757946317
|move|p1a: Sinistcha|Calm Mind|p1a: Sinistcha
|-boost|p1a: Sinistcha|spa|1
|-boost|p1a: Sinistcha|spd|1
|move|p2a: Ting-Lu|Ruination|p1a: Sinistcha
|-damage|p1a: Sinistcha|50/100
|
|-heal|p2a: Ting-Lu|53/100|[from] item: Leftovers
|upkeep
|turn|28
|
|t:|1757946320
|move|p1a: Sinistcha|Matcha Gotcha|p2a: Ting-Lu
|-supereffective|p2a: Ting-Lu
|-damage|p2a: Ting-Lu|16/100
|-heal|p1a: Sinistcha|79/100|[from] drain|[of] p2a: Ting-Lu
|-status|p2a: Ting-Lu|brn
|move|p2a: Ting-Lu|Whirlwind|p1a: Sinistcha
|drag|p1a: Moltres|Moltres|69/100
|
|-heal|p2a: Ting-Lu|22/100 brn|[from] item: Leftovers
|-damage|p2a: Ting-Lu|16/100 brn|[from] brn
|upkeep
|turn|29
|
|t:|1757946329
|move|p1a: Moltres|U-turn|p2a: Ting-Lu
|-supereffective|p2a: Ting-Lu
|-damage|p2a: Ting-Lu|0 fnt
|faint|p2a: Ting-Lu
|
|t:|1757946331
|switch|p1a: Sinistcha|Sinistcha, tera:Poison|79/100|[from] U-turn
|
|upkeep
|
|t:|1757946338
|switch|p2a: Dragapult|Dragapult, M|95/100
|-damage|p2a: Dragapult|82/100|[from] Stealth Rock
|turn|30
|
|t:|1757946346
|move|p2a: Dragapult|Dragon Pulse|p1a: Sinistcha
|-damage|p1a: Sinistcha|8/100
|move|p1a: Sinistcha|Shadow Ball|p2a: Dragapult
|-supereffective|p2a: Dragapult
|-damage|p2a: Dragapult|0 fnt
|faint|p2a: Dragapult
|
|upkeep
|
|t:|1757946359
|switch|p2a: Gliscor|Gliscor, M|100/100 tox
|-damage|p2a: Gliscor|88/100 tox|[from] Stealth Rock
|turn|31
|
|t:|1757946362
|move|p2a: Gliscor|Earthquake|p1a: Sinistcha
|-supereffective|p1a: Sinistcha
|-damage|p1a: Sinistcha|0 fnt
|faint|p1a: Sinistcha
|
|-heal|p2a: Gliscor|100/100 tox|[from] ability: Poison Heal
|upkeep
|
|t:|1757946364
|switch|p1a: Moltres|Moltres|69/100
|turn|32
|-message|Redoranges101 forfeited.
|
|win|Papagayo32
|raw|Redoranges101's rating: 1427 &rarr; <strong>1408</strong><br />(-19 for losing)
|raw|Papagayo32's rating: 1443 &rarr; <strong>1462</strong><br />(+19 for winning)
|l|☆Redoranges101
|player|p1|
