|j|☆boyboy0410
|j|☆Agricultural X-ray
|t:|1757872159
|gametype|singles
|player|p1|boyboy0410|1|1153
|player|p2|Agricultural X-ray|psychic|1099
|gen|9
|tier|[Gen 9] OU
|rated|
|rule|HP Percentage Mod: HP is shown in percentages
|rule|Endless Battle Clause: Forcing endless battles is banned
|rule|Species Clause: Limit one of each Pokémon
|rule|OHKO Clause: OHKO moves are banned
|rule|Evasion Items Clause: Evasion items are banned
|rule|Evasion Moves Clause: Evasion moves are banned
|rule|Evasion Abilities Clause: Evasion abilities are banned
|rule|Sleep Moves Clause: Sleep-inducing moves are banned
|clearpoke
|poke|p1|Hippowdon, F|
|poke|p1|Lycanroc, F|
|poke|p1|Gholdengo|
|poke|p1|Ceruledge, F|
|poke|p1|Ogerpon-Wellspring, F|
|poke|p1|Walking Wake|
|poke|p2|Tsareena, F|
|poke|p2|Glimmora, M|
|poke|p2|Hydreigon, F|
|poke|p2|Grimmsnarl, M|
|poke|p2|Muk-Alola, M|
|poke|p2|Tentacruel, M|
|teampreview
|
|t:|1757872185
|teamsize|p1|6
|teamsize|p2|6
|start
|switch|p1a: Hippowdon|Hippowdon, F|100/100
|switch|p2a: Glimmora|Glimmora, M|100/100
|-weather|Sandstorm|[from] ability: Sand Stream|[of] p1a: Hippowdon
|turn|1
|
|t:|1757872197
|switch|p2a: Hydreigon|Hydreigon, F|100/100
|move|p1a: Hippowdon|Stealth Rock|p2a: Hydreigon
|-sidestart|p2: Agricultural X-ray|move: Stealth Rock
|
|-weather|Sandstorm|[upkeep]
|-damage|p2a: Hydreigon|94/100|[from] Sandstorm
|-heal|p2a: Hydreigon|100/100|[from] item: Leftovers
|upkeep
|turn|2
|
|t:|1757872209
|move|p2a: Hydreigon|Surf|p1a: Hippowdon
|-supereffective|p1a: Hippowdon
|-damage|p1a: Hippowdon|24/100
|move|p1a: Hippowdon|Roar|p2a: Hydreigon
|drag|p2a: Grimmsnarl|Grimmsnarl, M|100/100
|-damage|p2a: Grimmsnarl|88/100|[from] Stealth Rock
|
|-weather|Sandstorm|[upkeep]
|-damage|p2a: Grimmsnarl|82/100|[from] Sandstorm
|upkeep
|turn|3
|
|t:|1757872217
|move|p2a: Grimmsnarl|Ice Punch|p1a: Hippowdon
|-supereffective|p1a: Hippowdon
|-damage|p1a: Hippowdon|0 fnt
|faint|p1a: Hippowdon
|
|-weather|Sandstorm|[upkeep]
|-damage|p2a: Grimmsnarl|76/100|[from] Sandstorm
|upkeep
|
|t:|1757872221
|switch|p1a: Lycanroc|Lycanroc, F|100/100
|turn|4
|
|t:|1757872225
|move|p1a: Lycanroc|Swords Dance|p1a: Lycanroc
|-boost|p1a: Lycanroc|atk|2
|move|p2a: Grimmsnarl|Drain Punch|p1a: Lycanroc
|-supereffective|p1a: Lycanroc
|-damage|p1a: Lycanroc|8/100
|-heal|p2a: Grimmsnarl|100/100|[from] drain|[of] p1a: Lycanroc
|
|-weather|Sandstorm|[upkeep]
|-damage|p2a: Grimmsnarl|94/100|[from] Sandstorm
|upkeep
|turn|5
|
|t:|1757872233
|move|p2a: Grimmsnarl|Sucker Punch|p1a: Lycanroc
|-damage|p1a: Lycanroc|0 fnt
|faint|p1a: Lycanroc
|
|-weather|Sandstorm|[upkeep]
|-damage|p2a: Grimmsnarl|88/100|[from] Sandstorm
|upkeep
|
|t:|1757872244
|switch|p1a: Ogerpon|Ogerpon-Wellspring, F|100/100
|turn|6
|
|t:|1757872250
|move|p1a: Ogerpon|Play Rough|p2a: Grimmsnarl
|-supereffective|p2a: Grimmsnarl
|-damage|p2a: Grimmsnarl|3/100
|move|p2a: Grimmsnarl|Spirit Break|p1a: Ogerpon
|-damage|p1a: Ogerpon|53/100
|-unboost|p1a: Ogerpon|spa|1
|
|-weather|Sandstorm|[upkeep]
|-damage|p1a: Ogerpon|47/100|[from] Sandstorm
|-damage|p2a: Grimmsnarl|0 fnt|[from] Sandstorm
|faint|p2a: Grimmsnarl
|upkeep
|
|t:|1757872259
|switch|p2a: Glimmora|Glimmora, M|100/100
|-damage|p2a: Glimmora|88/100|[from] Stealth Rock
|turn|7
|
|t:|1757872278
|move|p1a: Ogerpon|Ivy Cudgel|p2a: Glimmora|[anim] Ivy Cudgel Water
|-supereffective|p2a: Glimmora
|-damage|p2a: Glimmora|0 fnt
|-activate|p2a: Glimmora|ability: Toxic Debris
|-sidestart|p1: boyboy0410|move: Toxic Spikes
|faint|p2a: Glimmora
|
|-weather|Sandstorm|[upkeep]
|-damage|p1a: Ogerpon|41/100|[from] Sandstorm
|upkeep
|
|t:|1757872283
|switch|p2a: Hydreigon|Hydreigon, F|100/100
|-damage|p2a: Hydreigon|88/100|[from] Stealth Rock
|turn|8
|
|t:|1757872299
|-terastallize|p2a: Hydreigon|Ghost
|move|p1a: Ogerpon|Play Rough|p2a: Hydreigon
|-damage|p2a: Hydreigon|56/100
|-unboost|p2a: Hydreigon|atk|1
|move|p2a: Hydreigon|Flash Cannon|p1a: Ogerpon
|-resisted|p1a: Ogerpon
|-damage|p1a: Ogerpon|23/100
|
|-weather|none
|-heal|p2a: Hydreigon|62/100|[from] item: Leftovers
|upkeep
|turn|9
|
|t:|1757872322
|move|p1a: Ogerpon|Ivy Cudgel|p2a: Hydreigon|[anim] Ivy Cudgel Water
|-damage|p2a: Hydreigon|0 fnt
|faint|p2a: Hydreigon
|
|upkeep
|
|t:|1757872326
|switch|p2a: Muk|Muk-Alola, M|100/100
|-damage|p2a: Muk|88/100|[from] Stealth Rock
|turn|10
|
|t:|1757872329
|move|p1a: Ogerpon|Play Rough|p2a: Muk
|-damage|p2a: Muk|51/100
|move|p2a: Muk|Drain Punch|p1a: Ogerpon
|-damage|p1a: Ogerpon|0 fnt
|-heal|p2a: Muk|59/100|[from] drain|[of] p1a: Ogerpon
|faint|p1a: Ogerpon
|
|upkeep
|
|t:|1757872335
|switch|p1a: Gholdengo|Gholdengo|100/100
|turn|11
|
|t:|1757872339
|move|p1a: Gholdengo|Nasty Plot|p1a: Gholdengo
|-boost|p1a: Gholdengo|spa|2
|move|p2a: Muk|Knock Off|p1a: Gholdengo
|-supereffective|p1a: Gholdengo
|-damage|p1a: Gholdengo|30/100
|-enditem|p1a: Gholdengo|Covert Cloak|[from] move: Knock Off|[of] p2a: Muk
|
|upkeep
|turn|12
|
|t:|1757872347
|-terastallize|p1a: Gholdengo|Flying
|move|p1a: Gholdengo|Recover|p1a: Gholdengo
|-heal|p1a: Gholdengo|80/100
|move|p2a: Muk|Knock Off|p1a: Gholdengo
|-damage|p1a: Gholdengo|55/100
|
|upkeep
|turn|13
|
|t:|1757872351
|move|p1a: Gholdengo|Recover|p1a: Gholdengo
|-heal|p1a: Gholdengo|100/100
|move|p2a: Muk|Ice Punch|p1a: Gholdengo
|-supereffective|p1a: Gholdengo
|-damage|p1a: Gholdengo|61/100
|-status|p1a: Gholdengo|frz
|
|upkeep
|turn|14
|
|t:|1757872358
|cant|p1a: Gholdengo|frz
|move|p2a: Muk|Knock Off|p1a: Gholdengo
|-damage|p1a: Gholdengo|39/100 frz
|
|upkeep
|turn|15
|
|t:|1757872362
|cant|p1a: Gholdengo|frz
|move|p2a: Muk|Ice Punch|p1a: Gholdengo
|-supereffective|p1a: Gholdengo
|-damage|p1a: Gholdengo|1/100 frz
|
|upkeep
|turn|16
|
|t:|1757872367
|cant|p1a: Gholdengo|frz
|move|p2a: Muk|Knock Off|p1a: Gholdengo
|-damage|p1a: Gholdengo|0 fnt
|faint|p1a: Gholdengo
|
|upkeep
|
|t:|1757872376
|switch|p1a: Walking Wake|Walking Wake|100/100
|-status|p1a: Walking Wake|psn
|-enditem|p1a: Walking Wake|Booster Energy
|-activate|p1a: Walking Wake|ability: Protosynthesis|[fromitem]
|-start|p1a: Walking Wake|protosynthesisspe
|turn|17
|
|t:|1757872387
|move|p1a: Walking Wake|Hydro Pump|p2a: Muk
|-damage|p2a: Muk|17/100
|-enditem|p2a: Muk|Aguav Berry|[eat]
|-heal|p2a: Muk|51/100|[from] item: Aguav Berry
|move|p2a: Muk|Drain Punch|p1a: Walking Wake
|-damage|p1a: Walking Wake|74/100 psn
|-heal|p2a: Muk|62/100|[from] drain|[of] p1a: Walking Wake
|
|-damage|p1a: Walking Wake|61/100 psn|[from] psn
|upkeep
|turn|18
|
|t:|1757872396
|move|p1a: Walking Wake|Draco Meteor|p2a: Muk
|-damage|p2a: Muk|9/100
|-unboost|p1a: Walking Wake|spa|2
|move|p2a: Muk|Drain Punch|p1a: Walking Wake
|-damage|p1a: Walking Wake|32/100 psn
|-heal|p2a: Muk|21/100|[from] drain|[of] p1a: Walking Wake
|
|-damage|p1a: Walking Wake|20/100 psn|[from] psn
|upkeep
|turn|19
|
|t:|1757872403
|move|p1a: Walking Wake|Draco Meteor|p2a: Muk|[miss]
|-miss|p1a: Walking Wake|p2a: Muk
|move|p2a: Muk|Drain Punch|p1a: Walking Wake
|-crit|p1a: Walking Wake
|-damage|p1a: Walking Wake|0 fnt
|-heal|p2a: Muk|29/100|[from] drain|[of] p1a: Walking Wake
|faint|p1a: Walking Wake
|-end|p1a: Walking Wake|Protosynthesis|[silent]
|
|upkeep
|
|t:|1757872406
|switch|p1a: Ceruledge|Ceruledge, F|100/100
|-status|p1a: Ceruledge|psn
|turn|20
|
|t:|1757872411
|move|p1a: Ceruledge|Bitter Blade|p2a: Muk
|-damage|p2a: Muk|0 fnt
|faint|p2a: Muk
|
|-damage|p1a: Ceruledge|88/100 psn|[from] psn
|upkeep
|
|t:|1757872415
|switch|p2a: Tentacruel|Tentacruel, M|100/100
|-damage|p2a: Tentacruel|88/100|[from] Stealth Rock
|turn|21
|
|t:|1757872421
|move|p1a: Ceruledge|Bitter Blade|p2a: Tentacruel
|-resisted|p2a: Tentacruel
|-damage|p2a: Tentacruel|66/100
|-damage|p1a: Ceruledge|76/100 psn|[from] ability: Liquid Ooze|[of] p2a: Tentacruel
|move|p2a: Tentacruel|Surf|p1a: Ceruledge
|-supereffective|p1a: Ceruledge
|-damage|p1a: Ceruledge|11/100 psn
|
|-heal|p2a: Tentacruel|73/100|[from] item: Black Sludge
|-damage|p1a: Ceruledge|0 fnt|[from] psn
|faint|p1a: Ceruledge
|
|win|Agricultural X-ray
|raw|boyboy0410's rating: 1153 &rarr; <strong>1124</strong><br />(-29 for losing)
|raw|Agricultural X-ray's rating: 1099 &rarr; <strong>1128</strong><br />(+29 for winning)
|l|☆boyboy0410
|player|p1|
|l|☆Agricultural X-ray
|player|p2|
