|j|☆imprisonpaulgeorge
|j|☆Sawd PoyZ
|t:|1757867881
|gametype|singles
|player|p1|imprisonpaulgeorge|102|1441
|player|p2|Sawd PoyZ|101|1490
|gen|9
|tier|[Gen 9] OU
|rated|
|rule|HP Percentage Mod: HP is shown in percentages
|rule|Endless Battle Clause: Forcing endless battles is banned
|rule|Species Clause: Limit one of each Pokémon
|rule|OHKO Clause: OHKO moves are banned
|rule|Evasion Items Clause: Evasion items are banned
|rule|Evasion Moves Clause: Evasion moves are banned
|rule|Evasion Abilities Clause: Evasion abilities are banned
|rule|Sleep Moves Clause: Sleep-inducing moves are banned
|clearpoke
|poke|p1|Heatran, M|
|poke|p1|Rillaboom, M|
|poke|p1|Ogerpon-Wellspring, F|
|poke|p1|Dragapult, M|
|poke|p1|Great Tusk|
|poke|p1|Bronzong|
|poke|p2|Iron Crown|
|poke|p2|Samurott-Hisui, F|
|poke|p2|Zapdos|
|poke|p2|Dragapult, F|
|poke|p2|Great Tusk|
|poke|p2|Dragonite, F|
|teampreview
|inactive|Battle timer is ON: inactive players will automatically lose when time's up. (requested by Sawd PoyZ)
|
|t:|1757867894
|teamsize|p1|6
|teamsize|p2|6
|start
|switch|p1a: Starburst|Great Tusk|100/100
|switch|p2a: Everytime We Touch|Samurott-Hisui, F|100/100
|turn|1
|
|t:|1757867896
|move|p2a: Everytime We Touch|Flip Turn|p1a: Starburst
|-supereffective|p1a: Starburst
|-damage|p1a: Starburst|63/100
|-damage|p2a: Everytime We Touch|84/100|[from] item: Rocky Helmet|[of] p1a: Starburst
|
|t:|1757867901
|switch|p2a: Hurikan|Zapdos|100/100|[from] Flip Turn
|move|p1a: Starburst|Close Combat|p2a: Hurikan
|-resisted|p2a: Hurikan
|-damage|p2a: Hurikan|78/100
|-unboost|p1a: Starburst|def|1
|-unboost|p1a: Starburst|spd|1
|
|upkeep
|turn|2
|
|t:|1757867907
|-end|p1a: Starburst|Protosynthesis|[silent]
|switch|p1a: Starblaze|Heatran, M|100/100
|move|p2a: Hurikan|Hurricane|p1a: Starblaze
|-resisted|p1a: Starblaze
|-damage|p1a: Starblaze|86/100
|
|-heal|p1a: Starblaze|92/100|[from] item: Leftovers
|upkeep
|turn|3
|
|t:|1757867915
|switch|p2a: Everytime We Touch|Samurott-Hisui, F|84/100
|move|p1a: Starblaze|Magma Storm|p2a: Everytime We Touch|[miss]
|-miss|p1a: Starblaze|p2a: Everytime We Touch
|
|-heal|p1a: Starblaze|99/100|[from] item: Leftovers
|upkeep
|turn|4
|
|t:|1757867922
|switch|p1a: Starburst|Great Tusk|63/100
|move|p2a: Everytime We Touch|Ceaseless Edge|p1a: Starburst
|-resisted|p1a: Starburst
|-damage|p1a: Starburst|45/100
|-damage|p2a: Everytime We Touch|67/100|[from] item: Rocky Helmet|[of] p1a: Starburst
|-sidestart|p1: imprisonpaulgeorge|Spikes
|
|upkeep
|turn|5
|
|t:|1757867929
|switch|p2a: Hurikan|Zapdos|78/100
|-end|p1a: Starburst|Protosynthesis|[silent]
|switch|p1a: Starlink|Bronzong, shiny|100/100
|
|upkeep
|turn|6
|
|t:|1757867934
|move|p2a: Hurikan|U-turn|p1a: Starlink
|-damage|p1a: Starlink|91/100
|
|t:|1757867937
|switch|p2a: Everytime We Touch|Samurott-Hisui, F|67/100|[from] U-turn
|move|p1a: Starlink|Stealth Rock|p2a: Everytime We Touch
|-sidestart|p2: Sawd PoyZ|move: Stealth Rock
|
|upkeep
|turn|7
|
|t:|1757867943
|move|p2a: Everytime We Touch|Ceaseless Edge|p1a: Starlink
|-supereffective|p1a: Starlink
|-enditem|p1a: Starlink|Colbur Berry|[eat]
|-enditem|p1a: Starlink|Colbur Berry|[weaken]
|-damage|p1a: Starlink|62/100
|-sidestart|p1: imprisonpaulgeorge|Spikes
|move|p1a: Starlink|Body Press|p2a: Everytime We Touch
|-supereffective|p2a: Everytime We Touch
|-damage|p2a: Everytime We Touch|0 fnt
|faint|p2a: Everytime We Touch
|
|upkeep
|
|t:|1757867960
|switch|p2a: Parasite|Dragapult, F|100/100
|-damage|p2a: Parasite|88/100|[from] Stealth Rock
|turn|8
|
|t:|1757867966
|switch|p1a: Starblaze|Heatran, M|99/100
|-damage|p1a: Starblaze|82/100|[from] Spikes
|-terastallize|p2a: Parasite|Ghost
|move|p2a: Parasite|Tera Blast|p1a: Starblaze|[anim] Tera Blast Ghost
|-damage|p1a: Starblaze|14/100
|
|-heal|p1a: Starblaze|20/100|[from] item: Leftovers
|upkeep
|turn|9
|
|t:|1757867984
|move|p2a: Parasite|Tera Blast|p1a: Starblaze|[anim] Tera Blast Ghost
|-damage|p1a: Starblaze|0 fnt
|faint|p1a: Starblaze
|
|upkeep
|
|t:|1757867987
|switch|p1a: Starscream|Dragapult, M|100/100
|-damage|p1a: Starscream|84/100|[from] Spikes
|turn|10
|
|t:|1757867990
|-terastallize|p1a: Starscream|Fairy
|move|p2a: Parasite|Tera Blast|p1a: Starscream|[anim] Tera Blast Ghost
|-damage|p1a: Starscream|0 fnt
|faint|p1a: Starscream
|
|upkeep
|-message|imprisonpaulgeorge forfeited.
|
|win|Sawd PoyZ
|raw|imprisonpaulgeorge's rating: 1441 &rarr; <strong>1424</strong><br />(-17 for losing)
|raw|Sawd PoyZ's rating: 1490 &rarr; <strong>1507</strong><br />(+17 for winning)
|l|☆imprisonpaulgeorge
|player|p1|
|l|☆Sawd PoyZ
|player|p2|
