|j|☆ScarfyX_X
|j|☆KevinHaHa
|t:|1757822515
|gametype|singles
|player|p1|ScarfyX_X|miku-psychic|1318
|player|p2|KevinHaHa|lucas|1324
|gen|9
|tier|[Gen 9] OU
|rated|
|rule|HP Percentage Mod: HP is shown in percentages
|rule|Endless Battle Clause: Forcing endless battles is banned
|rule|Species Clause: Limit one of each Pokémon
|rule|OHKO Clause: OHKO moves are banned
|rule|Evasion Items Clause: Evasion items are banned
|rule|Evasion Moves Clause: Evasion moves are banned
|rule|Evasion Abilities Clause: Evasion abilities are banned
|rule|Sleep Moves Clause: Sleep-inducing moves are banned
|clearpoke
|poke|p1|Samurott-Hisui, F|
|poke|p1|Indeedee, M|
|poke|p1|Corviknight, M|
|poke|p1|Ninetales-Alola, F|
|poke|p1|Ogerpon, F|
|poke|p1|Iron Treads|
|poke|p2|Grimmsnarl, M|
|poke|p2|Araquanid, M|
|poke|p2|Pecharunt|
|poke|p2|Gholdengo|
|poke|p2|Dragapult, M|
|poke|p2|Kingambit, M|
|teampreview
|inactive|Battle timer is ON: inactive players will automatically lose when time's up. (requested by ScarfyX_X)
|
|t:|1757822520
|teamsize|p1|6
|teamsize|p2|6
|start
|switch|p1a: Corviknight|Corviknight, M|100/100
|switch|p2a: Dragapult|Dragapult, M|100/100
|turn|1
|
|t:|1757822525
|move|p2a: Dragapult|Will-O-Wisp|p1a: Corviknight
|-status|p1a: Corviknight|brn
|move|p1a: Corviknight|Brave Bird|p2a: Dragapult
|-damage|p2a: Dragapult|72/100
|-damage|p1a: Corviknight|92/100 brn|[from] Recoil
|
|-damage|p1a: Corviknight|85/100 brn|[from] brn
|upkeep
|turn|2
|
|t:|1757822533
|move|p2a: Dragapult|Hex|p1a: Corviknight
|-damage|p1a: Corviknight|41/100 brn
|move|p1a: Corviknight|Brave Bird|p2a: Dragapult
|-damage|p2a: Dragapult|44/100
|-damage|p1a: Corviknight|32/100 brn|[from] Recoil
|
|-damage|p1a: Corviknight|26/100 brn|[from] brn
|upkeep
|turn|3
|
|t:|1757822541
|move|p2a: Dragapult|Hex|p1a: Corviknight
|-damage|p1a: Corviknight|0 fnt
|faint|p1a: Corviknight
|
|upkeep
|
|t:|1757822551
|switch|p1a: Iron Treads|Iron Treads|100/100
|-enditem|p1a: Iron Treads|Booster Energy
|-activate|p1a: Iron Treads|ability: Quark Drive|[fromitem]
|-start|p1a: Iron Treads|quarkdrivespe
|turn|4
|
|t:|1757822555
|move|p1a: Iron Treads|Knock Off|p2a: Dragapult
|-supereffective|p2a: Dragapult
|-damage|p2a: Dragapult|0 fnt
|-enditem|p2a: Dragapult|Heavy-Duty Boots|[from] move: Knock Off|[of] p1a: Iron Treads
|faint|p2a: Dragapult
|
|upkeep
|
|t:|1757822563
|switch|p2a: Araquanid|Araquanid, M, shiny|100/100
|turn|5
|
|t:|1757822567
|move|p1a: Iron Treads|Volt Switch|p2a: Araquanid
|-supereffective|p2a: Araquanid
|-damage|p2a: Araquanid|82/100
|
|t:|1757822584
|-end|p1a: Iron Treads|Quark Drive|[silent]
|switch|p1a: Ninetales|Ninetales-Alola, F|100/100|[from] Volt Switch
|-weather|Snowscape|[from] ability: Snow Warning|[of] p1a: Ninetales
|move|p2a: Araquanid|Surf|p1a: Ninetales
|-damage|p1a: Ninetales|30/100
|
|-weather|Snowscape|[upkeep]
|upkeep
|turn|6
|
|t:|1757822592
|move|p1a: Ninetales|Aurora Veil|p1a: Ninetales
|-sidestart|p1: ScarfyX_X|move: Aurora Veil
|move|p2a: Araquanid|Surf|p1a: Ninetales
|-damage|p1a: Ninetales|0 fnt
|faint|p1a: Ninetales
|
|-weather|Snowscape|[upkeep]
|upkeep
|
|t:|1757822596
|switch|p1a: Samurott|Samurott-Hisui, F|100/100
|turn|7
|
|t:|1757822599
|move|p1a: Samurott|Ceaseless Edge|p2a: Araquanid
|-damage|p2a: Araquanid|38/100
|-sidestart|p2: KevinHaHa|Spikes
|move|p2a: Araquanid|Sticky Web|p1a: Samurott
|-sidestart|p1: ScarfyX_X|move: Sticky Web
|
|-weather|Snowscape|[upkeep]
|upkeep
|turn|8
|
|t:|1757822604
|move|p1a: Samurott|Ceaseless Edge|p2a: Araquanid
|-damage|p2a: Araquanid|0 fnt
|-sidestart|p2: KevinHaHa|Spikes
|faint|p2a: Araquanid
|
|-weather|Snowscape|[upkeep]
|upkeep
|
|t:|1757822611
|switch|p2a: Grimmsnarl|Grimmsnarl, M, shiny|100/100
|-damage|p2a: Grimmsnarl|84/100|[from] Spikes
|turn|9
|
|t:|1757822615
|switch|p1a: Iron Treads|Iron Treads|100/100
|-activate|p1a: Iron Treads|move: Sticky Web
|-unboost|p1a: Iron Treads|spe|1
|move|p2a: Grimmsnarl|Reflect|p2a: Grimmsnarl
|-sidestart|p2: KevinHaHa|Reflect
|
|-weather|none
|upkeep
|turn|10
|
|t:|1757822623
|move|p2a: Grimmsnarl|Parting Shot|p1a: Iron Treads
|-unboost|p1a: Iron Treads|atk|1
|-unboost|p1a: Iron Treads|spa|1
|
|t:|1757822626
|switch|p2a: Pecharunt|Pecharunt|100/100|[from] Parting Shot
|move|p1a: Iron Treads|Knock Off|p2a: Pecharunt
|-supereffective|p2a: Pecharunt
|-damage|p2a: Pecharunt|91/100
|-enditem|p2a: Pecharunt|Heavy-Duty Boots|[from] move: Knock Off|[of] p1a: Iron Treads
|
|upkeep
|turn|11
|
|t:|1757822633
|move|p1a: Iron Treads|Volt Switch|p2a: Pecharunt
|-damage|p2a: Pecharunt|84/100
|
|t:|1757822635
|-end|p1a: Iron Treads|Quark Drive|[silent]
|switch|p1a: Indeedee|Indeedee, M|100/100|[from] Volt Switch
|-activate|p1a: Indeedee|move: Sticky Web
|-unboost|p1a: Indeedee|spe|1
|-fieldstart|move: Psychic Terrain|[from] ability: Psychic Surge|[of] p1a: Indeedee
|move|p2a: Pecharunt|Parting Shot|p1a: Indeedee
|-unboost|p1a: Indeedee|atk|1
|-unboost|p1a: Indeedee|spa|1
|
|t:|1757822644
|switch|p2a: Gholdengo|Gholdengo, shiny|100/100|[from] Parting Shot
|-item|p2a: Gholdengo|Air Balloon
|
|upkeep
|turn|12
|
|t:|1757822649
|move|p1a: Indeedee|Expanding Force|p2a: Gholdengo
|-resisted|p2a: Gholdengo
|-damage|p2a: Gholdengo|76/100
|-enditem|p2a: Gholdengo|Air Balloon
|move|p2a: Gholdengo|Nasty Plot|p2a: Gholdengo
|-boost|p2a: Gholdengo|spa|2
|
|upkeep
|turn|13
|
|t:|1757822659
|switch|p1a: Ogerpon|Ogerpon, F|100/100
|-activate|p1a: Ogerpon|move: Sticky Web
|-unboost|p1a: Ogerpon|spe|1
|-ability|p1a: Ogerpon|Defiant|boost
|-boost|p1a: Ogerpon|atk|2
|move|p2a: Gholdengo|Nasty Plot|p2a: Gholdengo
|-boost|p2a: Gholdengo|spa|2
|
|-sideend|p1: ScarfyX_X|move: Aurora Veil
|upkeep
|turn|14
|
|t:|1757822667
|-terastallize|p1a: Ogerpon|Grass
|detailschange|p1a: Ogerpon|Ogerpon-Teal-Tera, F, tera:Grass
|-ability|p1a: Ogerpon|Embody Aspect (Teal)|boost
|-boost|p1a: Ogerpon|spe|1
|move|p1a: Ogerpon|Knock Off|p2a: Gholdengo
|-supereffective|p2a: Gholdengo
|-damage|p2a: Gholdengo|50/100
|move|p2a: Gholdengo|Shadow Ball|p1a: Ogerpon
|-enditem|p1a: Ogerpon|Focus Sash
|-damage|p1a: Ogerpon|1/100
|
|upkeep
|turn|15
|
|t:|1757822681
|move|p1a: Ogerpon|Knock Off|p2a: Gholdengo
|-supereffective|p2a: Gholdengo
|-damage|p2a: Gholdengo|20/100
|move|p2a: Gholdengo|Recover|p2a: Gholdengo
|-heal|p2a: Gholdengo|70/100
|
|-fieldend|move: Psychic Terrain
|upkeep
|turn|16
|
|t:|1757822688
|move|p1a: Ogerpon|Knock Off|p2a: Gholdengo
|-supereffective|p2a: Gholdengo
|-damage|p2a: Gholdengo|39/100
|move|p2a: Gholdengo|Shadow Ball|p1a: Ogerpon
|-damage|p1a: Ogerpon|0 fnt
|faint|p1a: Ogerpon
|detailschange|p1: Ogerpon|Ogerpon, F|[silent]
|
|-sideend|p2: KevinHaHa|Reflect
|upkeep
|
|t:|1757822695
|switch|p1a: Samurott|Samurott-Hisui, F|100/100
|-activate|p1a: Samurott|move: Sticky Web
|-unboost|p1a: Samurott|spe|1
|turn|17
|inactive|KevinHaHa has 120 seconds left.
|
|t:|1757822725
|-terastallize|p2a: Gholdengo|Water
|move|p1a: Samurott|Aqua Cutter|p2a: Gholdengo
|-resisted|p2a: Gholdengo
|-damage|p2a: Gholdengo|22/100
|move|p2a: Gholdengo|Recover|p2a: Gholdengo
|-heal|p2a: Gholdengo|72/100
|
|upkeep
|turn|18
|
|t:|1757822732
|switch|p1a: Iron Treads|Iron Treads|100/100
|-activate|p1a: Iron Treads|move: Sticky Web
|-unboost|p1a: Iron Treads|spe|1
|move|p2a: Gholdengo|Recover|p2a: Gholdengo
|-heal|p2a: Gholdengo|100/100
|
|upkeep
|turn|19
|
|t:|1757822739
|move|p1a: Iron Treads|Rapid Spin|p2a: Gholdengo
|-damage|p2a: Gholdengo|89/100
|-boost|p1a: Iron Treads|spe|1
|-sideend|p1: ScarfyX_X|Sticky Web|[from] move: Rapid Spin|[of] p1a: Iron Treads
|move|p2a: Gholdengo|Shadow Ball|p1a: Iron Treads
|-damage|p1a: Iron Treads|0 fnt
|faint|p1a: Iron Treads
|-end|p1a: Iron Treads|Quark Drive|[silent]
|
|upkeep
|
|t:|1757822745
|switch|p1a: Indeedee|Indeedee, M|100/100
|-fieldstart|move: Psychic Terrain|[from] ability: Psychic Surge|[of] p1a: Indeedee
|turn|20
|
|t:|1757822748
|move|p1a: Indeedee|Expanding Force|p2a: Gholdengo
|-damage|p2a: Gholdengo|18/100
|move|p2a: Gholdengo|Shadow Ball|p1a: Indeedee
|-immune|p1a: Indeedee
|
|upkeep
|turn|21
|
|t:|1757822760
|switch|p1a: Samurott|Samurott-Hisui, F|100/100
|switch|p2a: Grimmsnarl|Grimmsnarl, M, shiny|84/100
|-damage|p2a: Grimmsnarl|68/100|[from] Spikes
|
|upkeep
|turn|22
|
|t:|1757822770
|move|p2a: Grimmsnarl|Reflect|p2a: Grimmsnarl
|-sidestart|p2: KevinHaHa|Reflect
|move|p1a: Samurott|Aqua Cutter|p2a: Grimmsnarl
|-damage|p2a: Grimmsnarl|49/100
|
|upkeep
|turn|23
|
|t:|1757822775
|switch|p2a: Pecharunt|Pecharunt|84/100
|-damage|p2a: Pecharunt|68/100|[from] Spikes
|move|p1a: Samurott|Aqua Cutter|p2a: Pecharunt
|-damage|p2a: Pecharunt|55/100
|
|upkeep
|turn|24
|
|t:|1757822782
|switch|p1a: Indeedee|Indeedee, M|100/100
|move|p2a: Pecharunt|Parting Shot|p1a: Indeedee
|-unboost|p1a: Indeedee|atk|1
|-unboost|p1a: Indeedee|spa|1
|
|t:|1757822789
|switch|p2a: Kingambit|Kingambit, M, shiny|100/100|[from] Parting Shot
|-damage|p2a: Kingambit|84/100|[from] Spikes
|-activate|p2a: Kingambit|ability: Supreme Overlord
|-start|p2a: Kingambit|fallen2|[silent]
|
|-fieldend|move: Psychic Terrain
|upkeep
|turn|25
|
|t:|1757822799
|switch|p1a: Samurott|Samurott-Hisui, F|100/100
|move|p2a: Kingambit|Low Kick|p1a: Samurott
|-supereffective|p1a: Samurott
|-crit|p1a: Samurott
|-damage|p1a: Samurott|0 fnt
|faint|p1a: Samurott
|
|upkeep
|-message|ScarfyX_X forfeited.
|
|win|KevinHaHa
|raw|ScarfyX_X's rating: 1318 &rarr; <strong>1298</strong><br />(-20 for losing)
|raw|KevinHaHa's rating: 1324 &rarr; <strong>1344</strong><br />(+20 for winning)
|l|☆ScarfyX_X
|player|p1|
|c|☆KevinHaHa|gottem
|l|☆KevinHaHa
|player|p2|
