|j|☆silky2smooth
|j|☆McQueenloko
|t:|1757855346
|gametype|singles
|player|p1|silky2smooth|lance|1179
|player|p2|McQueenloko|hugh|1152
|gen|9
|tier|[Gen 9] OU
|rated|
|rule|HP Percentage Mod: HP is shown in percentages
|rule|Endless Battle Clause: Forcing endless battles is banned
|rule|Species Clause: Limit one of each Pokémon
|rule|OHKO Clause: OHKO moves are banned
|rule|Evasion Items Clause: Evasion items are banned
|rule|Evasion Moves Clause: Evasion moves are banned
|rule|Evasion Abilities Clause: Evasion abilities are banned
|rule|Sleep Moves Clause: Sleep-inducing moves are banned
|clearpoke
|poke|p1|Landorus-Therian, M|
|poke|p1|Primarina, F|
|poke|p1|Pelipper, F|
|poke|p1|Gholdengo|
|poke|p1|Quaquaval, M|
|poke|p1|Blastoise, M|
|poke|p2|Ogerpon-Wellspring, F|
|poke|p2|Pecharunt|
|poke|p2|Corviknight, F|
|poke|p2|Hydreigon, F|
|poke|p2|Cinderace, M|
|poke|p2|Hydrapple, F|
|teampreview
|inactive|Battle timer is ON: inactive players will automatically lose when time's up. (requested by McQueenloko)
|
|t:|1757855359
|teamsize|p1|6
|teamsize|p2|6
|start
|switch|p1a: Pelipper|Pelipper, F|100/100
|switch|p2a: Pecharunt|Pecharunt|100/100
|-weather|RainDance|[from] ability: Drizzle|[of] p1a: Pelipper
|turn|1
|
|t:|1757855374
|move|p2a: Pecharunt|Malignant Chain|p1a: Pelipper
|-damage|p1a: Pelipper|47/100
|move|p1a: Pelipper|U-turn|p2a: Pecharunt
|-resisted|p2a: Pecharunt
|-damage|p2a: Pecharunt|99/100
|
|t:|1757855392
|switch|p1a: Gholdengo|Gholdengo|100/100|[from] U-turn
|
|-weather|RainDance|[upkeep]
|upkeep
|turn|2
|
|t:|1757855397
|move|p1a: Gholdengo|Shadow Ball|p2a: Pecharunt
|-supereffective|p2a: Pecharunt
|-damage|p2a: Pecharunt|0 fnt
|faint|p2a: Pecharunt
|
|-weather|RainDance|[upkeep]
|upkeep
|
|t:|1757855401
|switch|p2a: Cinderace|Cinderace, M|100/100
|turn|3
|
|t:|1757855409
|switch|p1a: Landorus|Landorus-Therian, M|100/100
|-ability|p1a: Landorus|Intimidate|boost
|-unboost|p2a: Cinderace|atk|1
|move|p2a: Cinderace|Sucker Punch||[still]
|-fail|p2a: Cinderace
|
|-weather|RainDance|[upkeep]
|upkeep
|turn|4
|
|t:|1757855417
|switch|p2a: Hydrapple|Hydrapple, F|100/100
|move|p1a: Landorus|Stealth Rock|p2a: Hydrapple
|-sidestart|p2: McQueenloko|move: Stealth Rock
|
|-weather|RainDance|[upkeep]
|upkeep
|turn|5
|
|t:|1757855427
|move|p1a: Landorus|U-turn|p2a: Hydrapple
|-supereffective|p2a: Hydrapple
|-damage|p2a: Hydrapple|61/100
|
|t:|1757855432
|switch|p1a: Gholdengo|Gholdengo|100/100|[from] U-turn
|move|p2a: Hydrapple|Giga Drain|p1a: Gholdengo
|-resisted|p1a: Gholdengo
|-damage|p1a: Gholdengo|78/100
|-heal|p2a: Hydrapple|71/100|[from] drain|[of] p1a: Gholdengo
|
|-weather|RainDance|[upkeep]
|upkeep
|turn|6
|
|t:|1757855444
|move|p1a: Gholdengo|Dazzling Gleam|p2a: Hydrapple
|-supereffective|p2a: Hydrapple
|-damage|p2a: Hydrapple|20/100
|move|p2a: Hydrapple|Earth Power|p1a: Gholdengo
|-supereffective|p1a: Gholdengo
|-damage|p1a: Gholdengo|3/100
|
|-weather|RainDance|[upkeep]
|upkeep
|turn|7
|
|t:|1757855456
|switch|p1a: Blastoise|Blastoise, M|100/100
|switch|p2a: Ogerpon|Ogerpon-Wellspring, F|100/100
|-damage|p2a: Ogerpon|88/100|[from] Stealth Rock
|
|-weather|RainDance|[upkeep]
|upkeep
|turn|8
|
|t:|1757855465
|move|p2a: Ogerpon|Horn Leech|p1a: Blastoise
|-supereffective|p1a: Blastoise
|-damage|p1a: Blastoise|0 fnt
|-heal|p2a: Ogerpon|100/100|[from] drain|[of] p1a: Blastoise
|faint|p1a: Blastoise
|
|-weather|none
|upkeep
|inactive|silky2smooth has 120 seconds left.
|
|t:|1757855499
|switch|p1a: Pelipper|Pelipper, F|47/100
|-weather|RainDance|[from] ability: Drizzle|[of] p1a: Pelipper
|turn|9
|
|t:|1757855526
|-terastallize|p2a: Ogerpon|Water
|detailschange|p2a: Ogerpon|Ogerpon-Wellspring-Tera, F, tera:Water
|-ability|p2a: Ogerpon|Embody Aspect (Wellspring)|boost
|-boost|p2a: Ogerpon|spd|1
|move|p2a: Ogerpon|Horn Leech|p1a: Pelipper
|-damage|p1a: Pelipper|13/100
|move|p1a: Pelipper|Roost|p1a: Pelipper
|-heal|p1a: Pelipper|63/100
|-singleturn|p1a: Pelipper|move: Roost
|
|-weather|RainDance|[upkeep]
|upkeep
|turn|10
|inactive|silky2smooth has 120 seconds left.
|
|t:|1757855543
|move|p2a: Ogerpon|Swords Dance|p2a: Ogerpon
|-boost|p2a: Ogerpon|atk|2
|move|p1a: Pelipper|U-turn|p2a: Ogerpon
|-damage|p2a: Ogerpon|88/100
|inactive|silky2smooth has 120 seconds left.
|
|t:|1757855556
|switch|p1a: Landorus|Landorus-Therian, M|100/100|[from] U-turn
|-ability|p1a: Landorus|Intimidate|boost
|-unboost|p2a: Ogerpon|atk|1
|
|-weather|RainDance|[upkeep]
|upkeep
|turn|11
|inactive|silky2smooth has 120 seconds left.
|
|t:|1757855567
|-terastallize|p1a: Landorus|Water
|move|p2a: Ogerpon|Ivy Cudgel|p1a: Landorus|[anim] Ivy Cudgel Water
|-resisted|p1a: Landorus
|-damage|p1a: Landorus|0 fnt
|faint|p1a: Landorus
|
|-weather|RainDance|[upkeep]
|upkeep
|inactive|silky2smooth has 90 seconds left.
|
|t:|1757855601
|switch|p1a: Primarina|Primarina, F|100/100
|turn|12
|c|☆McQueenloko|not even a crit lol
|
|t:|1757855607
|move|p2a: Ogerpon|Horn Leech|p1a: Primarina
|-supereffective|p1a: Primarina
|-damage|p1a: Primarina|0 fnt
|-heal|p2a: Ogerpon|100/100|[from] drain|[of] p1a: Primarina
|faint|p1a: Primarina
|
|-weather|RainDance|[upkeep]
|upkeep
|-message|silky2smooth forfeited.
|
|win|McQueenloko
|raw|silky2smooth's rating: 1179 &rarr; <strong>1152</strong><br />(-27 for losing)
|raw|McQueenloko's rating: 1152 &rarr; <strong>1179</strong><br />(+27 for winning)
|l|☆silky2smooth
|player|p1|
