|j|☆goobinatorprime
|j|☆SirToppinIIEsquire
|t:|1757925749
|gametype|singles
|player|p1|goobinatorprime|giovanni|1375
|player|p2|SirToppinIIEsquire|101|1454
|gen|9
|tier|[Gen 9] OU
|rated|
|rule|HP Percentage Mod: HP is shown in percentages
|rule|Endless Battle Clause: Forcing endless battles is banned
|rule|Species Clause: Limit one of each Pokémon
|rule|OHKO Clause: OHKO moves are banned
|rule|Evasion Items Clause: Evasion items are banned
|rule|Evasion Moves Clause: Evasion moves are banned
|rule|Evasion Abilities Clause: Evasion abilities are banned
|rule|Sleep Moves Clause: Sleep-inducing moves are banned
|clearpoke
|poke|p1|Glimmora, M|
|poke|p1|Zamazenta-*|
|poke|p1|Slowking-Galar, M|
|poke|p1|Iron Treads|
|poke|p1|Gholdengo|
|poke|p1|Ogerpon-Wellspring, F|
|poke|p2|Heatran, M|
|poke|p2|Slither Wing|
|poke|p2|Moltres-Galar|
|poke|p2|Iron Treads|
|poke|p2|Slowking, M|
|poke|p2|Ogerpon, F|
|teampreview
|inactive|Battle timer is ON: inactive players will automatically lose when time's up. (requested by SirToppinIIEsquire)
|inactive|goobinatorprime also wants the timer to be on.
|
|t:|1757925757
|teamsize|p1|6
|teamsize|p2|6
|start
|switch|p1a: Glimmora|Glimmora, M|100/100
|switch|p2a: Iron Treads|Iron Treads|100/100
|turn|1
|
|t:|1757925765
|move|p1a: Glimmora|Earth Power|p2a: Iron Treads
|-supereffective|p2a: Iron Treads
|-damage|p2a: Iron Treads|49/100
|move|p2a: Iron Treads|Earthquake|p1a: Glimmora
|-supereffective|p1a: Glimmora
|-enditem|p1a: Glimmora|Focus Sash
|-damage|p1a: Glimmora|1/100
|-activate|p1a: Glimmora|ability: Toxic Debris
|-sidestart|p2: SirToppinIIEsquire|move: Toxic Spikes
|
|-heal|p2a: Iron Treads|55/100|[from] item: Leftovers
|upkeep
|turn|2
|
|t:|1757925775
|switch|p1a: Gholdengo|Gholdengo, shiny|100/100
|move|p2a: Iron Treads|Rapid Spin|p1a: Gholdengo
|-immune|p1a: Gholdengo
|
|-heal|p2a: Iron Treads|61/100|[from] item: Leftovers
|upkeep
|turn|3
|
|t:|1757925792
|move|p1a: Gholdengo|Focus Blast|p2a: Iron Treads|[miss]
|-miss|p1a: Gholdengo|p2a: Iron Treads
|move|p2a: Iron Treads|Earthquake|p1a: Gholdengo
|-supereffective|p1a: Gholdengo
|-damage|p1a: Gholdengo|10/100
|
|-heal|p2a: Iron Treads|67/100|[from] item: Leftovers
|upkeep
|turn|4
|
|t:|1757925804
|-end|p2a: Iron Treads|Quark Drive|[silent]
|switch|p2a: Moltres|Moltres-Galar|100/100
|move|p1a: Gholdengo|Focus Blast|p2a: Moltres
|-damage|p2a: Moltres|61/100
|
|upkeep
|turn|5
|
|t:|1757925828
|switch|p1a: Slowking|Slowking-Galar, M, shiny|100/100
|move|p2a: Moltres|Hurricane|p1a: Slowking
|-damage|p1a: Slowking|71/100
|
|upkeep
|turn|6
|
|t:|1757925844
|switch|p2a: Iron Treads|Iron Treads|67/100
|-prepare|p1a: Slowking|Chilly Reception|[premajor]
|move|p1a: Slowking|Chilly Reception|p1a: Slowking
|-weather|Snowscape
|
|t:|1757925852
|switch|p1a: Ogerpon|Ogerpon-Wellspring, F|100/100|[from] Chilly Reception
|
|-weather|Snowscape|[upkeep]
|-heal|p2a: Iron Treads|73/100|[from] item: Leftovers
|upkeep
|turn|7
|
|t:|1757925872
|move|p1a: Ogerpon|Low Kick|p2a: Iron Treads
|-supereffective|p2a: Iron Treads
|-damage|p2a: Iron Treads|0 fnt
|faint|p2a: Iron Treads
|-end|p2a: Iron Treads|Quark Drive|[silent]
|
|-weather|Snowscape|[upkeep]
|upkeep
|inactive|SirToppinIIEsquire has 120 seconds left.
|
|t:|1757925892
|switch|p2a: Ogerpon|Ogerpon, F|100/100
|-status|p2a: Ogerpon|psn
|turn|8
|inactive|SirToppinIIEsquire has 120 seconds left.
|
|t:|1757925901
|switch|p1a: Glimmora|Glimmora, M|1/100
|move|p2a: Ogerpon|U-turn|p1a: Glimmora
|-resisted|p1a: Glimmora
|-damage|p1a: Glimmora|0 fnt
|-activate|p1a: Glimmora|ability: Toxic Debris
|-sidestart|p2: SirToppinIIEsquire|move: Toxic Spikes
|faint|p1a: Glimmora
|inactive|SirToppinIIEsquire has 120 seconds left.
|
|t:|1757925909
|switch|p2a: Slither Wing|Slither Wing|100/100|[from] U-turn
|
|-weather|Snowscape|[upkeep]
|upkeep
|inactive|goobinatorprime has 120 seconds left.
|
|t:|1757925947
|switch|p1a: Zamazenta|Zamazenta|100/100
|-ability|p1a: Zamazenta|Dauntless Shield|boost
|-boost|p1a: Zamazenta|def|1
|turn|9
|
|t:|1757925954
|move|p1a: Zamazenta|Close Combat|p2a: Slither Wing
|-resisted|p2a: Slither Wing
|-damage|p2a: Slither Wing|71/100
|-unboost|p1a: Zamazenta|def|1
|-unboost|p1a: Zamazenta|spd|1
|-damage|p1a: Zamazenta|91/100|[from] item: Life Orb
|move|p2a: Slither Wing|Will-O-Wisp|p1a: Zamazenta
|-status|p1a: Zamazenta|brn
|
|-weather|Snowscape|[upkeep]
|-damage|p1a: Zamazenta|84/100 brn|[from] brn
|upkeep
|turn|10
|
|t:|1757925967
|move|p1a: Zamazenta|Crunch|p2a: Slither Wing
|-resisted|p2a: Slither Wing
|-damage|p2a: Slither Wing|64/100
|-damage|p1a: Zamazenta|75/100 brn|[from] item: Life Orb
|move|p2a: Slither Wing|U-turn|p1a: Zamazenta
|-resisted|p1a: Zamazenta
|-damage|p1a: Zamazenta|60/100 brn
|
|t:|1757925977
|-end|p2a: Slither Wing|Protosynthesis|[silent]
|switch|p2a: Moltres|Moltres-Galar|61/100|[from] U-turn
|
|-weather|none
|-damage|p1a: Zamazenta|54/100 brn|[from] brn
|upkeep
|turn|11
|inactive|goobinatorprime has 120 seconds left.
|
|t:|1757926014
|switch|p1a: Slowking|Slowking-Galar, M, shiny|100/100
|move|p2a: Moltres|Hurricane|p1a: Slowking
|-damage|p1a: Slowking|72/100
|
|upkeep
|turn|12
|inactive|SirToppinIIEsquire has 120 seconds left.
|
|t:|1757926034
|move|p2a: Moltres|Fiery Wrath|p1a: Slowking
|-supereffective|p1a: Slowking
|-damage|p1a: Slowking|25/100
|-prepare|p1a: Slowking|Chilly Reception|[premajor]
|move|p1a: Slowking|Chilly Reception|p1a: Slowking
|-weather|Snowscape
|inactive|goobinatorprime has 120 seconds left.
|
|t:|1757926045
|switch|p1a: Ogerpon|Ogerpon-Wellspring, F|100/100|[from] Chilly Reception
|
|-weather|Snowscape|[upkeep]
|upkeep
|turn|13
|inactive|goobinatorprime has 120 seconds left.
|inactive|SirToppinIIEsquire has 120 seconds left.
|
|t:|1757926077
|switch|p2a: Slowking|Slowking, M|100/100
|move|p1a: Ogerpon|Play Rough|p2a: Slowking
|-damage|p2a: Slowking|66/100
|
|-weather|Snowscape|[upkeep]
|upkeep
|turn|14
|inactive|SirToppinIIEsquire has 120 seconds left.
|
|t:|1757926088
|move|p1a: Ogerpon|Power Whip|p2a: Slowking
|-supereffective|p2a: Slowking
|-damage|p2a: Slowking|0 fnt
|faint|p2a: Slowking
|
|-weather|Snowscape|[upkeep]
|upkeep
|inactive|SirToppinIIEsquire has 120 seconds left.
|
|t:|1757926098
|switch|p2a: Ogerpon|Ogerpon, F|100/100 psn
|turn|15
|inactive|goobinatorprime has 120 seconds left.
|inactive|SirToppinIIEsquire has 120 seconds left.
|
|t:|1757926116
|switch|p1a: Zamazenta|Zamazenta|54/100 brn
|move|p2a: Ogerpon|Ivy Cudgel|p1a: Zamazenta
|-crit|p1a: Zamazenta
|-damage|p1a: Zamazenta|0 fnt
|faint|p1a: Zamazenta
|
|-weather|Snowscape|[upkeep]
|-damage|p2a: Ogerpon|88/100 psn|[from] psn
|upkeep
|
|t:|1757926138
|switch|p1a: Slowking|Slowking-Galar, M, shiny|58/100
|turn|16
|
|t:|1757926144
|switch|p2a: Heatran|Heatran, M|100/100
|-terastallize|p1a: Slowking|Water
|move|p1a: Slowking|Sludge Bomb|p2a: Heatran
|-immune|p2a: Heatran
|
|-weather|none
|upkeep
|turn|17
|
|t:|1757926155
|move|p2a: Heatran|Magma Storm|p1a: Slowking
|-resisted|p1a: Slowking
|-damage|p1a: Slowking|44/100
|-activate|p1a: Slowking|move: Magma Storm|[of] p2a: Heatran
|move|p1a: Slowking|Future Sight|p2a: Heatran
|-start|p1a: Slowking|move: Future Sight
|
|-damage|p1a: Slowking|31/100|[from] move: Magma Storm|[partiallytrapped]
|upkeep
|turn|18
|
|t:|1757926167
|move|p2a: Heatran|Taunt|p1a: Slowking
|-start|p1a: Slowking|move: Taunt
|-prepare|p1a: Slowking|Chilly Reception|[premajor]
|cant|p1a: Slowking|move: Taunt|Chilly Reception
|
|-damage|p1a: Slowking|19/100|[from] move: Magma Storm|[partiallytrapped]
|upkeep
|turn|19
|
|t:|1757926177
|move|p2a: Heatran|Earth Power|p1a: Slowking
|-damage|p1a: Slowking|0 fnt
|faint|p1a: Slowking
|
|-end|p2a: Heatran|move: Future Sight
|-resisted|p2a: Heatran
|-damage|p2a: Heatran|79/100
|-heal|p2a: Heatran|85/100|[from] item: Leftovers
|upkeep
|
|t:|1757926183
|switch|p1a: Iron Treads|Iron Treads|100/100
|turn|20
|
|t:|1757926193
|move|p1a: Iron Treads|Knock Off|p2a: Heatran
|-crit|p2a: Heatran
|-damage|p2a: Heatran|43/100
|-enditem|p2a: Heatran|Leftovers|[from] move: Knock Off|[of] p1a: Iron Treads
|move|p2a: Heatran|Earth Power|p1a: Iron Treads
|-supereffective|p1a: Iron Treads
|-damage|p1a: Iron Treads|6/100
|
|-heal|p1a: Iron Treads|13/100|[from] item: Leftovers
|upkeep
|turn|21
|
|t:|1757926201
|move|p1a: Iron Treads|Earthquake|p2a: Heatran
|-supereffective|p2a: Heatran
|-damage|p2a: Heatran|0 fnt
|faint|p2a: Heatran
|
|-heal|p1a: Iron Treads|19/100|[from] item: Leftovers
|upkeep
|
|t:|1757926213
|switch|p2a: Moltres|Moltres-Galar|61/100
|turn|22
|
|t:|1757926227
|move|p1a: Iron Treads|Knock Off|p2a: Moltres
|-resisted|p2a: Moltres
|-damage|p2a: Moltres|42/100
|-enditem|p2a: Moltres|Sitrus Berry|[from] move: Knock Off|[of] p1a: Iron Treads
|-ability|p2a: Moltres|Berserk|boost
|-boost|p2a: Moltres|spa|1
|move|p2a: Moltres|Agility|p2a: Moltres
|-boost|p2a: Moltres|spe|2
|
|-heal|p1a: Iron Treads|25/100|[from] item: Leftovers
|upkeep
|turn|23
|
|t:|1757926236
|move|p2a: Moltres|Fiery Wrath|p1a: Iron Treads
|-damage|p1a: Iron Treads|0 fnt
|faint|p1a: Iron Treads
|-end|p1a: Iron Treads|Quark Drive|[silent]
|
|upkeep
|
|t:|1757926240
|switch|p1a: Ogerpon|Ogerpon-Wellspring, F|100/100
|turn|24
|
|t:|1757926245
|move|p2a: Moltres|Hurricane|p1a: Ogerpon|[miss]
|-miss|p2a: Moltres|p1a: Ogerpon
|move|p1a: Ogerpon|Ivy Cudgel|p2a: Moltres|[anim] Ivy Cudgel Water
|-damage|p2a: Moltres|0 fnt
|faint|p2a: Moltres
|
|upkeep
|
|t:|1757926254
|switch|p2a: Slither Wing|Slither Wing|64/100
|turn|25
|
|t:|1757926264
|move|p2a: Slither Wing|First Impression|p1a: Ogerpon
|-supereffective|p1a: Ogerpon
|-damage|p1a: Ogerpon|0 fnt
|faint|p1a: Ogerpon
|
|upkeep
|
|t:|1757926268
|switch|p1a: Gholdengo|Gholdengo, shiny|10/100
|turn|26
|
|t:|1757926273
|move|p1a: Gholdengo|Shadow Ball|p2a: Slither Wing
|-damage|p2a: Slither Wing|28/100
|move|p2a: Slither Wing|U-turn|p1a: Gholdengo
|-resisted|p1a: Gholdengo
|-damage|p1a: Gholdengo|1/100
|
|t:|1757926276
|-end|p2a: Slither Wing|Protosynthesis|[silent]
|switch|p2a: Ogerpon|Ogerpon, F|88/100 psn|[from] U-turn
|
|-damage|p2a: Ogerpon|76/100 psn|[from] psn
|upkeep
|turn|27
|
|t:|1757926278
|move|p1a: Gholdengo|Shadow Ball|p2a: Ogerpon
|-damage|p2a: Ogerpon|30/100 psn
|move|p2a: Ogerpon|Knock Off|p1a: Gholdengo
|-supereffective|p1a: Gholdengo
|-damage|p1a: Gholdengo|0 fnt
|-enditem|p1a: Gholdengo|Choice Scarf|[from] move: Knock Off|[of] p2a: Ogerpon
|faint|p1a: Gholdengo
|
|win|SirToppinIIEsquire
|raw|goobinatorprime's rating: 1375 &rarr; <strong>1359</strong><br />(-16 for losing)
|raw|SirToppinIIEsquire's rating: 1454 &rarr; <strong>1470</strong><br />(+16 for winning)
|l|☆SirToppinIIEsquire
|player|p2|
|l|☆goobinatorprime
|player|p1|
