|j|☆Fifo drummer
|j|‽Axj5869
|t:|1757934274
|gametype|singles
|player|p1|Fifo drummer|unknown|1419
|player|p2|Axj5869|169|1402
|gen|9
|tier|[Gen 9] OU
|rated|
|rule|HP Percentage Mod: HP is shown in percentages
|rule|Endless Battle Clause: Forcing endless battles is banned
|rule|Species Clause: Limit one of each Pokémon
|rule|OHKO Clause: OHKO moves are banned
|rule|Evasion Items Clause: Evasion items are banned
|rule|Evasion Moves Clause: Evasion moves are banned
|rule|Evasion Abilities Clause: Evasion abilities are banned
|rule|Sleep Moves Clause: Sleep-inducing moves are banned
|clearpoke
|poke|p1|Crawdaunt, M|
|poke|p1|Krookodile, M|
|poke|p1|Goodra-Hisui, F|
|poke|p1|Haxorus, M|
|poke|p1|Espeon, F|
|poke|p1|Corviknight, F|
|poke|p2|Kyurem|
|poke|p2|Sinistcha|
|poke|p2|Ursaluna, M|
|poke|p2|Iron Crown|
|poke|p2|Kingambit, F|
|poke|p2|Garganacl, M|
|teampreview
|inactive|Battle timer is ON: inactive players will automatically lose when time's up. (requested by Fifo drummer)
|
|t:|1757934292
|teamsize|p1|6
|teamsize|p2|6
|start
|switch|p1a: Shrimpboat Capt.|Crawdaunt, M|100/100
|switch|p2a: Kingambit|Kingambit, F|100/100
|turn|1
|
|t:|1757934300
|move|p1a: Shrimpboat Capt.|Knock Off|p2a: Kingambit
|-resisted|p2a: Kingambit
|-crit|p2a: Kingambit
|-damage|p2a: Kingambit|60/100
|-enditem|p2a: Kingambit|Black Glasses|[from] move: Knock Off|[of] p1a: Shrimpboat Capt.
|move|p2a: Kingambit|Low Kick|p1a: Shrimpboat Capt.
|-supereffective|p1a: Shrimpboat Capt.
|-damage|p1a: Shrimpboat Capt.|33/100
|
|upkeep
|turn|2
|
|t:|1757934308
|move|p1a: Shrimpboat Capt.|Aqua Jet|p2a: Kingambit
|-damage|p2a: Kingambit|39/100
|move|p2a: Kingambit|Low Kick|p1a: Shrimpboat Capt.
|-supereffective|p1a: Shrimpboat Capt.
|-damage|p1a: Shrimpboat Capt.|0 fnt
|faint|p1a: Shrimpboat Capt.
|
|upkeep
|
|t:|1757934317
|switch|p1a: Son of a Krook|Krookodile, M, shiny|100/100
|turn|3
|
|t:|1757934324
|move|p1a: Son of a Krook|Earthquake|p2a: Kingambit
|-supereffective|p2a: Kingambit
|-damage|p2a: Kingambit|0 fnt
|faint|p2a: Kingambit
|-end|p2a: Kingambit|fallenundefined|[silent]
|-ability|p1a: Son of a Krook|Moxie|boost
|-boost|p1a: Son of a Krook|atk|1
|
|upkeep
|
|t:|1757934332
|switch|p2a: Sinistcha|Sinistcha|100/100
|turn|4
|
|t:|1757934336
|switch|p1a: Mrs Raven|Corviknight, F, shiny|100/100
|move|p2a: Sinistcha|Trick Room|p2a: Sinistcha
|-fieldstart|move: Trick Room|[of] p2a: Sinistcha
|
|upkeep
|turn|5
|
|t:|1757934341
|move|p2a: Sinistcha|Shadow Ball|p1a: Mrs Raven
|-damage|p1a: Mrs Raven|60/100
|move|p1a: Mrs Raven|Bulk Up|p1a: Mrs Raven
|-boost|p1a: Mrs Raven|atk|1
|-boost|p1a: Mrs Raven|def|1
|
|upkeep
|turn|6
|
|t:|1757934349
|move|p2a: Sinistcha|Shadow Ball|p1a: Mrs Raven
|-crit|p1a: Mrs Raven
|-damage|p1a: Mrs Raven|6/100
|move|p1a: Mrs Raven|Brave Bird|p2a: Sinistcha
|-supereffective|p2a: Sinistcha
|-damage|p2a: Sinistcha|0 fnt
|faint|p2a: Sinistcha
|-damage|p1a: Mrs Raven|0 fnt|[from] Recoil
|faint|p1a: Mrs Raven
|
|upkeep
|
|t:|1757934361
|switch|p2a: Ursaluna|Ursaluna, M|100/100
|switch|p1a: Badra|Goodra-Hisui, F|100/100
|turn|7
|
|t:|1757934367
|-terastallize|p1a: Badra|Flying
|move|p2a: Ursaluna|Headlong Rush|p1a: Badra
|-immune|p1a: Badra
|move|p1a: Badra|Surf|p2a: Ursaluna
|-supereffective|p2a: Ursaluna
|-damage|p2a: Ursaluna|49/100
|
|-status|p2a: Ursaluna|brn|[from] item: Flame Orb
|upkeep
|turn|8
|
|t:|1757934377
|move|p2a: Ursaluna|Facade|p1a: Badra
|-damage|p1a: Badra|0 fnt
|-ability|p1a: Badra|Gooey
|-unboost|p2a: Ursaluna|spe|1
|faint|p1a: Badra
|
|-damage|p2a: Ursaluna|43/100 brn|[from] brn
|-fieldend|move: Trick Room
|upkeep
|
|t:|1757934388
|switch|p1a: AXE Bodyspray|Haxorus, M, shiny|100/100
|-ability|p1a: AXE Bodyspray|Mold Breaker
|turn|9
|
|t:|1757934392
|move|p1a: AXE Bodyspray|Outrage|p2a: Ursaluna
|-damage|p2a: Ursaluna|0 fnt
|faint|p2a: Ursaluna
|
|upkeep
|
|t:|1757934397
|switch|p2a: Kyurem|Kyurem|100/100
|-ability|p2a: Kyurem|Pressure
|turn|10
|
|t:|1757934401
|-terastallize|p2a: Kyurem|Fairy
|move|p1a: AXE Bodyspray|Outrage|p2a: Kyurem|[from] lockedmove
|-immune|p2a: Kyurem
|-start|p1a: AXE Bodyspray|confusion|[fatigue]
|-enditem|p1a: AXE Bodyspray|Lum Berry|[eat]
|-end|p1a: AXE Bodyspray|confusion
|move|p2a: Kyurem|Dragon Dance|p2a: Kyurem
|-boost|p2a: Kyurem|atk|1
|-boost|p2a: Kyurem|spe|1
|
|upkeep
|turn|11
|
|t:|1757934412
|move|p2a: Kyurem|Icicle Spear|p1a: AXE Bodyspray
|-supereffective|p1a: AXE Bodyspray
|-damage|p1a: AXE Bodyspray|51/100
|-supereffective|p1a: AXE Bodyspray
|-damage|p1a: AXE Bodyspray|0 fnt
|faint|p1a: AXE Bodyspray
|-hitcount|p1: AXE Bodyspray|2
|
|upkeep
|
|t:|1757934421
|switch|p1a: Son of a Krook|Krookodile, M, shiny|100/100
|turn|12
|
|t:|1757934425
|move|p2a: Kyurem|Icicle Spear|p1a: Son of a Krook
|-supereffective|p1a: Son of a Krook
|-damage|p1a: Son of a Krook|44/100
|-supereffective|p1a: Son of a Krook
|-damage|p1a: Son of a Krook|0 fnt
|faint|p1a: Son of a Krook
|-hitcount|p1: Son of a Krook|2
|
|upkeep
|-message|Fifo drummer forfeited.
|
|win|Axj5869
|raw|Fifo drummer's rating: 1419 &rarr; <strong>1398</strong><br />(-21 for losing)
|raw|Axj5869's rating: 1402 &rarr; <strong>1423</strong><br />(+21 for winning)
|l|☆Fifo drummer
|player|p1|
|l|‽Axj5869
|player|p2|
