|j|☆TroubleFindsMe
|j|☆Efrain.9
|t:|1757903798
|gametype|singles
|player|p1|TroubleFindsMe|rika|1537
|player|p2|Efrain.9|hilbert-wonderlauncher|1521
|gen|9
|tier|[Gen 9] OU
|rated|
|rule|HP Percentage Mod: HP is shown in percentages
|rule|Endless Battle Clause: Forcing endless battles is banned
|rule|Species Clause: Limit one of each Pokémon
|rule|OHKO Clause: OHKO moves are banned
|rule|Evasion Items Clause: Evasion items are banned
|rule|Evasion Moves Clause: Evasion moves are banned
|rule|Evasion Abilities Clause: Evasion abilities are banned
|rule|Sleep Moves Clause: Sleep-inducing moves are banned
|clearpoke
|poke|p1|Cloyster, M|
|poke|p1|Iron Valiant|
|poke|p1|Moltres|
|poke|p1|Dragonite, M|
|poke|p1|Zamazenta-*|
|poke|p1|Ogerpon-Cornerstone, F|
|poke|p2|Pelipper, F|
|poke|p2|Basculegion, M|
|poke|p2|Gholdengo|
|poke|p2|Scizor, M|
|poke|p2|Raging Bolt|
|poke|p2|Ogerpon-Wellspring, F|
|teampreview
|inactive|Battle timer is ON: inactive players will automatically lose when time's up. (requested by TroubleFindsMe)
|
|t:|1757903837
|teamsize|p1|6
|teamsize|p2|6
|start
|switch|p1a: o_o|Cloyster, M|100/100
|switch|p2a: Pelipper|Pelipper, F|100/100
|-weather|RainDance|[from] ability: Drizzle|[of] p2a: Pelipper
|turn|1
|
|t:|1757903843
|switch|p2a: Scizor|Scizor, M|100/100
|move|p1a: o_o|Shell Smash|p1a: o_o
|-unboost|p1a: o_o|def|1
|-unboost|p1a: o_o|spd|1
|-boost|p1a: o_o|atk|2
|-boost|p1a: o_o|spa|2
|-boost|p1a: o_o|spe|2
|
|-weather|RainDance|[upkeep]
|upkeep
|turn|2
|
|t:|1757903851
|move|p2a: Scizor|Bullet Punch|p1a: o_o
|-damage|p1a: o_o|55/100
|move|p1a: o_o|Rock Blast|p2a: Scizor
|-damage|p2a: Scizor|84/100
|-damage|p2a: Scizor|68/100
|-damage|p2a: Scizor|53/100
|-damage|p2a: Scizor|38/100
|-damage|p2a: Scizor|23/100
|-hitcount|p2a: Scizor|5
|
|-weather|RainDance|[upkeep]
|upkeep
|turn|3
|
|t:|1757903864
|move|p2a: Scizor|Bullet Punch|p1a: o_o
|-damage|p1a: o_o|10/100
|move|p1a: o_o|Icicle Spear|p2a: Scizor
|-resisted|p2a: Scizor
|-damage|p2a: Scizor|12/100
|-resisted|p2a: Scizor
|-damage|p2a: Scizor|0 fnt
|faint|p2a: Scizor
|-hitcount|p2: Scizor|2
|
|-weather|RainDance|[upkeep]
|upkeep
|
|t:|1757903872
|switch|p2a: Basculegion|Basculegion, M|100/100
|turn|4
|
|t:|1757903875
|move|p2a: Basculegion|Aqua Jet|p1a: o_o
|-resisted|p1a: o_o
|-damage|p1a: o_o|0 fnt
|faint|p1a: o_o
|-damage|p2a: Basculegion|91/100|[from] item: Life Orb
|
|-weather|RainDance|[upkeep]
|upkeep
|
|t:|1757903877
|switch|p1a: #Girl|Ogerpon-Cornerstone, F|100/100
|turn|5
|
|t:|1757903890
|switch|p2a: Gholdengo|Gholdengo, shiny|100/100
|move|p1a: #Girl|Horn Leech|p2a: Gholdengo
|-resisted|p2a: Gholdengo
|-damage|p2a: Gholdengo|80/100
|
|-weather|RainDance|[upkeep]
|upkeep
|turn|6
|
|t:|1757903902
|move|p1a: #Girl|Swords Dance|p1a: #Girl
|-boost|p1a: #Girl|atk|2
|move|p2a: Gholdengo|Shadow Ball|p1a: #Girl
|-damage|p1a: #Girl|14/100
|-unboost|p1a: #Girl|spd|1
|
|-weather|RainDance|[upkeep]
|upkeep
|turn|7
|
|t:|1757903915
|move|p1a: #Girl|Knock Off|p2a: Gholdengo
|-supereffective|p2a: Gholdengo
|-damage|p2a: Gholdengo|0 fnt
|-enditem|p2a: Gholdengo|Choice Specs|[from] move: Knock Off|[of] p1a: #Girl
|faint|p2a: Gholdengo
|
|-weather|RainDance|[upkeep]
|upkeep
|
|t:|1757903921
|switch|p2a: Basculegion|Basculegion, M|91/100
|turn|8
|
|t:|1757903924
|move|p2a: Basculegion|Aqua Jet|p1a: #Girl
|-damage|p1a: #Girl|0 fnt
|faint|p1a: #Girl
|-damage|p2a: Basculegion|81/100|[from] item: Life Orb
|
|-weather|none
|upkeep
|
|t:|1757903928
|switch|p1a: dogecoin !|Zamazenta|100/100
|-ability|p1a: dogecoin !|Dauntless Shield|boost
|-boost|p1a: dogecoin !|def|1
|turn|9
|
|t:|1757903932
|switch|p2a: Pelipper|Pelipper, F|100/100
|-weather|RainDance|[from] ability: Drizzle|[of] p2a: Pelipper
|move|p1a: dogecoin !|Crunch|p2a: Pelipper
|-damage|p2a: Pelipper|56/100
|
|-weather|RainDance|[upkeep]
|upkeep
|turn|10
|
|t:|1757903941
|move|p1a: dogecoin !|Crunch|p2a: Pelipper
|-damage|p2a: Pelipper|16/100
|move|p2a: Pelipper|Roost|p2a: Pelipper
|-heal|p2a: Pelipper|66/100
|-singleturn|p2a: Pelipper|move: Roost
|
|-weather|RainDance|[upkeep]
|upkeep
|turn|11
|
|t:|1757903948
|move|p1a: dogecoin !|Crunch|p2a: Pelipper
|-damage|p2a: Pelipper|22/100
|move|p2a: Pelipper|Hurricane|p1a: dogecoin !
|-supereffective|p1a: dogecoin !
|-damage|p1a: dogecoin !|12/100
|
|-weather|RainDance|[upkeep]
|upkeep
|turn|12
|
|t:|1757903957
|move|p1a: dogecoin !|Crunch|p2a: Pelipper
|-damage|p2a: Pelipper|0 fnt
|faint|p2a: Pelipper
|
|-weather|RainDance|[upkeep]
|upkeep
|
|t:|1757903962
|switch|p2a: Basculegion|Basculegion, M|81/100
|turn|13
|
|t:|1757903964
|move|p2a: Basculegion|Wave Crash|p1a: dogecoin !
|-damage|p1a: dogecoin !|0 fnt
|faint|p1a: dogecoin !
|-damage|p2a: Basculegion|77/100|[from] Recoil
|-damage|p2a: Basculegion|68/100|[from] item: Life Orb
|
|-weather|RainDance|[upkeep]
|upkeep
|
|t:|1757903970
|switch|p1a: AHHHH IM ON FIRE|Moltres|100/100
|turn|14
|
|t:|1757903973
|-terastallize|p1a: AHHHH IM ON FIRE|Grass
|move|p2a: Basculegion|Wave Crash|p1a: AHHHH IM ON FIRE
|-resisted|p1a: AHHHH IM ON FIRE
|-damage|p1a: AHHHH IM ON FIRE|32/100
|-status|p2a: Basculegion|brn|[from] ability: Flame Body|[of] p1a: AHHHH IM ON FIRE
|-damage|p2a: Basculegion|48/100 brn|[from] Recoil
|-damage|p2a: Basculegion|38/100 brn|[from] item: Life Orb
|move|p1a: AHHHH IM ON FIRE|Hurricane|p2a: Basculegion
|-damage|p2a: Basculegion|0 fnt
|faint|p2a: Basculegion
|
|-weather|RainDance|[upkeep]
|upkeep
|
|t:|1757903986
|switch|p2a: Ogerpon|Ogerpon-Wellspring, F|100/100
|turn|15
|
|t:|1757903989
|move|p2a: Ogerpon|Ivy Cudgel|p1a: AHHHH IM ON FIRE|[anim] Ivy Cudgel Water
|-resisted|p1a: AHHHH IM ON FIRE
|-damage|p1a: AHHHH IM ON FIRE|0 fnt
|faint|p1a: AHHHH IM ON FIRE
|
|-weather|RainDance|[upkeep]
|upkeep
|
|t:|1757903991
|switch|p1a: BarneyFromDinosaur|Dragonite, M|100/100
|turn|16
|
|t:|1757903995
|move|p2a: Ogerpon|Taunt|p1a: BarneyFromDinosaur
|-start|p1a: BarneyFromDinosaur|move: Taunt
|cant|p1a: BarneyFromDinosaur|move: Taunt|Dragon Dance
|
|-weather|none
|upkeep
|turn|17
|
|t:|1757904001
|move|p2a: Ogerpon|Ivy Cudgel|p1a: BarneyFromDinosaur|[anim] Ivy Cudgel Water
|-resisted|p1a: BarneyFromDinosaur
|-damage|p1a: BarneyFromDinosaur|83/100
|move|p1a: BarneyFromDinosaur|Fire Punch|p2a: Ogerpon
|-damage|p2a: Ogerpon|61/100
|
|upkeep
|turn|18
|
|t:|1757904008
|switch|p2a: Raging Bolt|Raging Bolt|100/100
|move|p1a: BarneyFromDinosaur|Fire Punch|p2a: Raging Bolt
|-resisted|p2a: Raging Bolt
|-damage|p2a: Raging Bolt|88/100
|
|-end|p1a: BarneyFromDinosaur|move: Taunt
|upkeep
|turn|19
|
|t:|1757904016
|-terastallize|p2a: Raging Bolt|Fairy
|move|p1a: BarneyFromDinosaur|Earthquake|p2a: Raging Bolt
|-damage|p2a: Raging Bolt|50/100
|move|p2a: Raging Bolt|Thunder|p1a: BarneyFromDinosaur|[miss]
|-miss|p2a: Raging Bolt|p1a: BarneyFromDinosaur
|
|upkeep
|turn|20
|
|t:|1757904023
|move|p1a: BarneyFromDinosaur|Earthquake|p2a: Raging Bolt
|-crit|p2a: Raging Bolt
|-damage|p2a: Raging Bolt|0 fnt
|faint|p2a: Raging Bolt
|-end|p2a: Raging Bolt|Protosynthesis|[silent]
|
|upkeep
|
|t:|1757904029
|switch|p2a: Ogerpon|Ogerpon-Wellspring, F|61/100
|turn|21
|
|t:|1757904031
|move|p2a: Ogerpon|Ivy Cudgel|p1a: BarneyFromDinosaur|[anim] Ivy Cudgel Water
|-resisted|p1a: BarneyFromDinosaur
|-damage|p1a: BarneyFromDinosaur|51/100
|move|p1a: BarneyFromDinosaur|Fire Punch|p2a: Ogerpon
|-damage|p2a: Ogerpon|25/100
|
|upkeep
|turn|22
|
|t:|1757904037
|move|p1a: BarneyFromDinosaur|Extreme Speed|p2a: Ogerpon
|-damage|p2a: Ogerpon|0 fnt
|faint|p2a: Ogerpon
|
|win|TroubleFindsMe
|raw|TroubleFindsMe's rating: 1537 &rarr; <strong>1556</strong><br />(+19 for winning)
|raw|Efrain.9's rating: 1521 &rarr; <strong>1502</strong><br />(-19 for losing)
|l|☆Efrain.9
|player|p2|
|l|☆TroubleFindsMe
|player|p1|
