|j|☆dupont de ligones
|j|☆Jirachi75
|t:|1757936354
|gametype|singles
|player|p1|dupont de ligones|101|1342
|player|p2|Jirachi75|169|1401
|gen|9
|tier|[Gen 9] OU
|rated|
|rule|HP Percentage Mod: HP is shown in percentages
|rule|Endless Battle Clause: Forcing endless battles is banned
|rule|Species Clause: Limit one of each Pokémon
|rule|OHKO Clause: OHKO moves are banned
|rule|Evasion Items Clause: Evasion items are banned
|rule|Evasion Moves Clause: Evasion moves are banned
|rule|Evasion Abilities Clause: Evasion abilities are banned
|rule|Sleep Moves Clause: Sleep-inducing moves are banned
|clearpoke
|poke|p1|Lokix, M|
|poke|p1|Cinderace, M|
|poke|p1|Great Tusk|
|poke|p1|Alomomola, F|
|poke|p1|Enamorus, F|
|poke|p1|Slowking-Galar, M|
|poke|p2|Whimsicott, F|
|poke|p2|Alomomola, F|
|poke|p2|Volcanion|
|poke|p2|Great Tusk|
|poke|p2|Slowking-Galar, M|
|poke|p2|Arcanine-Hisui, F|
|teampreview
|c|☆dupont de ligones|glhf
|
|t:|1757936379
|teamsize|p1|6
|teamsize|p2|6
|start
|switch|p1a: Lokix|Lokix, M|100/100
|switch|p2a: Great Tusk|Great Tusk|100/100
|turn|1
|
|t:|1757936389
|move|p1a: Lokix|U-turn|p2a: Great Tusk
|-resisted|p2a: Great Tusk
|-damage|p2a: Great Tusk|75/100
|-damage|p1a: Lokix|84/100|[from] item: Rocky Helmet|[of] p2a: Great Tusk
|
|t:|1757936392
|switch|p1a: Great Tusk|Great Tusk|100/100|[from] U-turn
|move|p2a: Great Tusk|Body Press|p1a: Great Tusk
|-damage|p1a: Great Tusk|75/100
|
|-heal|p1a: Great Tusk|82/100|[from] item: Leftovers
|upkeep
|turn|2
|
|t:|1757936399
|move|p1a: Great Tusk|Knock Off|p2a: Great Tusk
|-resisted|p2a: Great Tusk
|-damage|p2a: Great Tusk|69/100
|-damage|p1a: Great Tusk|65/100|[from] item: Rocky Helmet|[of] p2a: Great Tusk
|-enditem|p2a: Great Tusk|Rocky Helmet|[from] move: Knock Off|[of] p1a: Great Tusk
|move|p2a: Great Tusk|Knock Off|p1a: Great Tusk
|-resisted|p1a: Great Tusk
|-crit|p1a: Great Tusk
|-damage|p1a: Great Tusk|55/100
|-enditem|p1a: Great Tusk|Leftovers|[from] move: Knock Off|[of] p2a: Great Tusk
|
|upkeep
|turn|3
|
|t:|1757936411
|-end|p1a: Great Tusk|Protosynthesis|[silent]
|switch|p1a: Enamorus|Enamorus, F|100/100
|move|p2a: Great Tusk|Body Press|p1a: Enamorus
|-resisted|p1a: Enamorus
|-damage|p1a: Enamorus|81/100
|
|upkeep
|turn|4
|
|t:|1757936421
|-end|p2a: Great Tusk|Protosynthesis|[silent]
|switch|p2a: Slowking|Slowking-Galar, M|100/100
|move|p1a: Enamorus|Earth Power|p2a: Slowking
|-supereffective|p2a: Slowking
|-damage|p2a: Slowking|58/100
|
|upkeep
|turn|5
|
|t:|1757936432
|switch|p1a: Slowking|Slowking-Galar, M|100/100
|move|p2a: Slowking|Sludge Bomb|p1a: Slowking
|-resisted|p1a: Slowking
|-damage|p1a: Slowking|88/100
|
|upkeep
|turn|6
|
|t:|1757936438
|move|p1a: Slowking|Future Sight|p2a: Slowking
|-start|p1a: Slowking|move: Future Sight
|move|p2a: Slowking|Future Sight|p1a: Slowking
|-start|p2a: Slowking|move: Future Sight
|
|upkeep
|turn|7
|
|t:|1757936442
|-prepare|p2a: Slowking|Chilly Reception|[premajor]
|move|p2a: Slowking|Chilly Reception|p2a: Slowking
|-weather|Snowscape
|
|t:|1757936450
|switch|p2a: Alomomola|Alomomola, F|100/100|[from] Chilly Reception
|move|p1a: Slowking|Sludge Bomb|p2a: Alomomola
|-damage|p2a: Alomomola|72/100
|
|-weather|Snowscape|[upkeep]
|upkeep
|turn|8
|
|t:|1757936457
|move|p2a: Alomomola|Flip Turn|p1a: Slowking
|-damage|p1a: Slowking|77/100
|
|t:|1757936460
|switch|p2a: Slowking|Slowking-Galar, M|91/100|[from] Flip Turn
|-prepare|p1a: Slowking|Chilly Reception|[premajor]
|move|p1a: Slowking|Chilly Reception|p1a: Slowking
|
|t:|1757936463
|switch|p1a: Lokix|Lokix, M|84/100|[from] Chilly Reception
|
|-weather|Snowscape|[upkeep]
|-end|p1a: Lokix|move: Future Sight
|-immune|p1a: Lokix
|-end|p2a: Slowking|move: Future Sight
|-damage|p2a: Slowking|64/100
|upkeep
|turn|9
|
|t:|1757936474
|switch|p2a: Alomomola|Alomomola, F|100/100
|move|p1a: Lokix|Knock Off|p2a: Alomomola
|-damage|p2a: Alomomola|55/100
|-damage|p1a: Lokix|68/100|[from] item: Rocky Helmet|[of] p2a: Alomomola
|-enditem|p2a: Alomomola|Rocky Helmet|[from] move: Knock Off|[of] p1a: Lokix
|
|-weather|Snowscape|[upkeep]
|upkeep
|turn|10
|
|t:|1757936483
|switch|p1a: Alomomola|Alomomola, F|100/100
|move|p2a: Alomomola|Flip Turn|p1a: Alomomola
|-resisted|p1a: Alomomola
|-damage|p1a: Alomomola|94/100
|
|t:|1757936488
|switch|p2a: Volcanion|Volcanion|100/100|[from] Flip Turn
|
|-weather|Snowscape|[upkeep]
|upkeep
|turn|11
|
|t:|1757936495
|move|p2a: Volcanion|Will-O-Wisp|p1a: Alomomola
|-status|p1a: Alomomola|brn
|move|p1a: Alomomola|Mirror Coat||[still]
|-fail|p1a: Alomomola
|
|-weather|none
|-damage|p1a: Alomomola|88/100 brn|[from] brn
|upkeep
|turn|12
|
|t:|1757936509
|move|p2a: Volcanion|Will-O-Wisp|p1a: Alomomola
|-fail|p1a: Alomomola|brn
|move|p1a: Alomomola|Body Slam|p2a: Volcanion
|-damage|p2a: Volcanion|93/100
|
|-damage|p1a: Alomomola|82/100 brn|[from] brn
|upkeep
|turn|13
|
|t:|1757936526
|switch|p2a: Alomomola|Alomomola, F|88/100
|move|p1a: Alomomola|Flip Turn|p2a: Alomomola
|-resisted|p2a: Alomomola
|-damage|p2a: Alomomola|86/100
|
|t:|1757936542
|switch|p1a: Slowking|Slowking-Galar, M|100/100|[from] Flip Turn
|
|upkeep
|turn|14
|
|t:|1757936549
|move|p2a: Alomomola|Flip Turn|p1a: Slowking
|-damage|p1a: Slowking|88/100
|
|t:|1757936552
|switch|p2a: Arcanine|Arcanine-Hisui, F|100/100|[from] Flip Turn
|move|p1a: Slowking|Future Sight|p2a: Arcanine
|-start|p1a: Slowking|move: Future Sight
|
|upkeep
|turn|15
|
|t:|1757936563
|move|p2a: Arcanine|Head Smash|p1a: Slowking
|-damage|p1a: Slowking|35/100
|-prepare|p1a: Slowking|Chilly Reception|[premajor]
|move|p1a: Slowking|Chilly Reception|p1a: Slowking
|-weather|Snowscape
|
|t:|1757936572
|switch|p1a: Great Tusk|Great Tusk|55/100|[from] Chilly Reception
|
|-weather|Snowscape|[upkeep]
|upkeep
|turn|16
|
|t:|1757936578
|switch|p2a: Alomomola|Alomomola, F|100/100
|move|p1a: Great Tusk|Earthquake|p2a: Alomomola
|-damage|p2a: Alomomola|74/100
|
|-weather|Snowscape|[upkeep]
|-end|p2a: Alomomola|move: Future Sight
|-damage|p2a: Alomomola|39/100
|upkeep
|turn|17
|
|t:|1757936589
|-end|p1a: Great Tusk|Protosynthesis|[silent]
|switch|p1a: Alomomola|Alomomola, F|100/100 brn
|move|p2a: Alomomola|Wish|p2a: Alomomola
|
|-weather|Snowscape|[upkeep]
|-damage|p1a: Alomomola|94/100 brn|[from] brn
|upkeep
|turn|18
|
|t:|1757936599
|move|p2a: Alomomola|Flip Turn|p1a: Alomomola
|-resisted|p1a: Alomomola
|-damage|p1a: Alomomola|89/100 brn
|
|t:|1757936611
|switch|p2a: Great Tusk|Great Tusk|69/100|[from] Flip Turn
|move|p1a: Alomomola|Flip Turn|p2a: Great Tusk
|-supereffective|p2a: Great Tusk
|-damage|p2a: Great Tusk|61/100
|
|t:|1757936617
|switch|p1a: Enamorus|Enamorus, F|81/100|[from] Flip Turn
|
|-weather|Snowscape|[upkeep]
|-heal|p2a: Great Tusk|100/100|[from] move: Wish|[wisher] Alomomola
|upkeep
|turn|19
|
|t:|1757936641
|-end|p2a: Great Tusk|Protosynthesis|[silent]
|switch|p2a: Slowking|Slowking-Galar, M|97/100
|move|p1a: Enamorus|Moonblast|p2a: Slowking
|-resisted|p2a: Slowking
|-damage|p2a: Slowking|81/100
|-unboost|p2a: Slowking|spa|1
|
|-weather|none
|upkeep
|turn|20
|
|t:|1757936650
|switch|p1a: Slowking|Slowking-Galar, M|68/100
|move|p2a: Slowking|Sludge Bomb|p1a: Slowking
|-resisted|p1a: Slowking
|-damage|p1a: Slowking|59/100
|
|upkeep
|turn|21
|
|t:|1757936656
|move|p2a: Slowking|Future Sight|p1a: Slowking
|-start|p2a: Slowking|move: Future Sight
|-prepare|p1a: Slowking|Chilly Reception|[premajor]
|move|p1a: Slowking|Chilly Reception|p1a: Slowking
|-weather|Snowscape
|
|t:|1757936659
|switch|p1a: Lokix|Lokix, M|68/100|[from] Chilly Reception
|
|-weather|Snowscape|[upkeep]
|upkeep
|turn|22
|
|t:|1757936667
|switch|p2a: Great Tusk|Great Tusk|100/100
|move|p1a: Lokix|Knock Off|p2a: Great Tusk
|-resisted|p2a: Great Tusk
|-damage|p2a: Great Tusk|77/100
|
|-weather|Snowscape|[upkeep]
|upkeep
|turn|23
|
|t:|1757936680
|switch|p1a: Alomomola|Alomomola, F|100/100 brn
|move|p2a: Great Tusk|Earthquake|p1a: Alomomola
|-crit|p1a: Alomomola
|-damage|p1a: Alomomola|46/100 brn
|
|-weather|Snowscape|[upkeep]
|-end|p1a: Alomomola|move: Future Sight
|-damage|p1a: Alomomola|25/100 brn
|-damage|p1a: Alomomola|19/100 brn|[from] brn
|upkeep
|turn|24
|
|t:|1757936690
|switch|p1a: Enamorus|Enamorus, F|81/100
|move|p2a: Great Tusk|Body Press|p1a: Enamorus
|-resisted|p1a: Enamorus
|-damage|p1a: Enamorus|63/100
|
|-weather|Snowscape|[upkeep]
|upkeep
|turn|25
|
|t:|1757936709
|-end|p2a: Great Tusk|Protosynthesis|[silent]
|switch|p2a: Slowking|Slowking-Galar, M|100/100
|move|p1a: Enamorus|Moonblast|p2a: Slowking
|-resisted|p2a: Slowking
|-damage|p2a: Slowking|84/100
|
|-weather|none
|upkeep
|turn|26
|
|t:|1757936722
|switch|p1a: Slowking|Slowking-Galar, M|92/100
|move|p2a: Slowking|Sludge Bomb|p1a: Slowking
|-resisted|p1a: Slowking
|-damage|p1a: Slowking|79/100
|
|upkeep
|turn|27
|
|t:|1757936728
|move|p2a: Slowking|Future Sight|p1a: Slowking
|-start|p2a: Slowking|move: Future Sight
|move|p1a: Slowking|Future Sight|p2a: Slowking
|-start|p1a: Slowking|move: Future Sight
|
|upkeep
|turn|28
|
|t:|1757936735
|-prepare|p2a: Slowking|Chilly Reception|[premajor]
|move|p2a: Slowking|Chilly Reception|p2a: Slowking
|-weather|Snowscape
|
|t:|1757936740
|switch|p2a: Alomomola|Alomomola, F|72/100|[from] Chilly Reception
|move|p1a: Slowking|Ice Beam|p2a: Alomomola
|-resisted|p2a: Alomomola
|-damage|p2a: Alomomola|63/100
|
|-weather|Snowscape|[upkeep]
|upkeep
|turn|29
|
|t:|1757936747
|move|p2a: Alomomola|Flip Turn|p1a: Slowking
|-damage|p1a: Slowking|68/100
|
|t:|1757936750
|switch|p2a: Slowking|Slowking-Galar, M|100/100|[from] Flip Turn
|move|p1a: Slowking|Sludge Bomb|p2a: Slowking
|-resisted|p2a: Slowking
|-damage|p2a: Slowking|91/100
|
|-weather|Snowscape|[upkeep]
|-end|p2a: Slowking|move: Future Sight
|-damage|p2a: Slowking|67/100
|-end|p1a: Slowking|move: Future Sight
|-damage|p1a: Slowking|29/100
|upkeep
|turn|30
|
|t:|1757936760
|move|p2a: Slowking|Future Sight|p1a: Slowking
|-start|p2a: Slowking|move: Future Sight
|-prepare|p1a: Slowking|Chilly Reception|[premajor]
|move|p1a: Slowking|Chilly Reception|p1a: Slowking
|
|t:|1757936765
|switch|p1a: Great Tusk|Great Tusk|55/100|[from] Chilly Reception
|
|-weather|Snowscape|[upkeep]
|upkeep
|turn|31
|
|t:|1757936770
|switch|p2a: Alomomola|Alomomola, F|96/100
|move|p1a: Great Tusk|Earthquake|p2a: Alomomola
|-damage|p2a: Alomomola|67/100
|
|-weather|Snowscape|[upkeep]
|upkeep
|turn|32
|
|t:|1757936781
|-end|p1a: Great Tusk|Protosynthesis|[silent]
|switch|p1a: Alomomola|Alomomola, F|52/100 brn
|move|p2a: Alomomola|Flip Turn|p1a: Alomomola
|-resisted|p1a: Alomomola
|-damage|p1a: Alomomola|46/100 brn
|
|t:|1757936789
|switch|p2a: Arcanine|Arcanine-Hisui, F|100/100|[from] Flip Turn
|
|-weather|none
|-end|p1a: Alomomola|move: Future Sight
|-damage|p1a: Alomomola|26/100 brn
|-damage|p1a: Alomomola|19/100 brn|[from] brn
|upkeep
|turn|33
|
|t:|1757936799
|-terastallize|p2a: Arcanine|Fire
|move|p1a: Alomomola|Aqua Jet|p2a: Arcanine
|-supereffective|p2a: Arcanine
|-damage|p2a: Arcanine|86/100
|move|p2a: Arcanine|Flare Blitz|p1a: Alomomola
|-resisted|p1a: Alomomola
|-damage|p1a: Alomomola|0 fnt
|faint|p1a: Alomomola
|
|upkeep
|
|t:|1757936812
|switch|p1a: Great Tusk|Great Tusk|55/100
|turn|34
|
|t:|1757936820
|switch|p2a: Alomomola|Alomomola, F|99/100
|move|p1a: Great Tusk|Earthquake|p2a: Alomomola
|-damage|p2a: Alomomola|70/100
|
|upkeep
|turn|35
|
|t:|1757936827
|move|p1a: Great Tusk|Bulk Up|p1a: Great Tusk
|-boost|p1a: Great Tusk|atk|1
|-boost|p1a: Great Tusk|def|1
|move|p2a: Alomomola|Flip Turn|p1a: Great Tusk
|-supereffective|p1a: Great Tusk
|-damage|p1a: Great Tusk|42/100
|
|t:|1757936833
|switch|p2a: Farfi|Whimsicott, F|100/100|[from] Flip Turn
|
|upkeep
|turn|36
|
|t:|1757936839
|-end|p1a: Great Tusk|Protosynthesis|[silent]
|switch|p1a: Cinderace|Cinderace, M|100/100
|move|p2a: Farfi|Moonblast|p1a: Cinderace
|-resisted|p1a: Cinderace
|-damage|p1a: Cinderace|81/100
|
|upkeep
|turn|37
|
|t:|1757936847
|switch|p2a: Alomomola|Alomomola, F|100/100
|move|p1a: Cinderace|U-turn|p2a: Alomomola
|-damage|p2a: Alomomola|88/100
|
|t:|1757936867
|switch|p1a: Slowking|Slowking-Galar, M|63/100|[from] U-turn
|
|upkeep
|turn|38
|
|t:|1757936871
|move|p2a: Alomomola|Flip Turn|p1a: Slowking
|-damage|p1a: Slowking|51/100
|
|t:|1757936874
|switch|p2a: Arcanine|Arcanine-Hisui, F, tera:Fire|86/100|[from] Flip Turn
|move|p1a: Slowking|Sludge Bomb|p2a: Arcanine
|-damage|p2a: Arcanine|46/100
|
|upkeep
|turn|39
|
|t:|1757936904
|move|p2a: Arcanine|Flare Blitz|p1a: Slowking
|-damage|p1a: Slowking|0 fnt
|faint|p1a: Slowking
|
|upkeep
|
|t:|1757936914
|switch|p1a: Enamorus|Enamorus, F|63/100
|turn|40
|
|t:|1757936917
|move|p1a: Enamorus|Earth Power|p2a: Arcanine
|-supereffective|p2a: Arcanine
|-damage|p2a: Arcanine|0 fnt
|faint|p2a: Arcanine
|
|upkeep
|
|t:|1757936933
|switch|p2a: Farfi|Whimsicott, F|100/100
|turn|41
|
|t:|1757936939
|switch|p1a: Cinderace|Cinderace, M|81/100
|move|p2a: Farfi|U-turn|p1a: Cinderace
|-resisted|p1a: Cinderace
|-damage|p1a: Cinderace|74/100
|
|t:|1757936947
|switch|p2a: Volcanion|Volcanion|93/100|[from] U-turn
|
|upkeep
|turn|42
|
|t:|1757936981
|move|p1a: Cinderace|Pyro Ball|p2a: Volcanion
|-resisted|p2a: Volcanion
|-damage|p2a: Volcanion|82/100
|move|p2a: Volcanion|Steam Eruption|p1a: Cinderace
|-supereffective|p1a: Cinderace
|-damage|p1a: Cinderace|0 fnt
|faint|p1a: Cinderace
|
|upkeep
|
|t:|1757936994
|switch|p1a: Enamorus|Enamorus, F|63/100
|turn|43
|
|t:|1757937004
|switch|p2a: Alomomola|Alomomola, F|100/100
|-terastallize|p1a: Enamorus|Stellar
|move|p1a: Enamorus|Tera Blast|p2a: Alomomola|[anim] Tera Blast Stellar
|-crit|p2a: Alomomola
|-damage|p2a: Alomomola|42/100
|-boost|p1a: Enamorus|atk|1
|-boost|p1a: Enamorus|spa|1
|
|upkeep
|turn|44
|
|t:|1757937044
|move|p2a: Alomomola|Protect|p2a: Alomomola
|-singleturn|p2a: Alomomola|Protect
|move|p1a: Enamorus|Tera Blast|p2a: Alomomola|[anim] Tera Blast Stellar
|-activate|p2a: Alomomola|move: Protect
|
|upkeep
|turn|45
|inactive|Battle timer is ON: inactive players will automatically lose when time's up. (requested by dupont de ligones)
|
|t:|1757937055
|switch|p2a: Farfi|Whimsicott, F|100/100
|move|p1a: Enamorus|Tera Blast|p2a: Farfi|[anim] Tera Blast Stellar
|-damage|p2a: Farfi|0 fnt
|-boost|p1a: Enamorus|atk|1
|-boost|p1a: Enamorus|spa|1
|faint|p2a: Farfi
|
|upkeep
|
|t:|1757937062
|switch|p2a: Slowking|Slowking-Galar, M|99/100
|turn|46
|
|t:|1757937065
|move|p1a: Enamorus|Tera Blast|p2a: Slowking|[anim] Tera Blast Stellar
|-damage|p2a: Slowking|56/100
|-boost|p1a: Enamorus|atk|1
|-boost|p1a: Enamorus|spa|1
|move|p2a: Slowking|Sludge Bomb|p1a: Enamorus
|-supereffective|p1a: Enamorus
|-damage|p1a: Enamorus|0 fnt
|faint|p1a: Enamorus
|
|upkeep
|
|t:|1757937076
|switch|p1a: Lokix|Lokix, M|68/100
|turn|47
|
|t:|1757937106
|switch|p2a: Alomomola|Alomomola, F|75/100
|move|p1a: Lokix|U-turn|p2a: Alomomola
|-damage|p2a: Alomomola|43/100
|
|t:|1757937108
|switch|p1a: Great Tusk|Great Tusk|42/100|[from] U-turn
|
|upkeep
|turn|48
|
|t:|1757937114
|move|p1a: Great Tusk|Earthquake|p2a: Alomomola
|-damage|p2a: Alomomola|13/100
|move|p2a: Alomomola|Flip Turn|p1a: Great Tusk
|-supereffective|p1a: Great Tusk
|-damage|p1a: Great Tusk|26/100
|
|t:|1757937123
|switch|p2a: Great Tusk|Great Tusk|77/100|[from] Flip Turn
|
|upkeep
|turn|49
|
|t:|1757937128
|move|p1a: Great Tusk|Earthquake|p2a: Great Tusk
|-damage|p2a: Great Tusk|56/100
|move|p2a: Great Tusk|Body Press|p1a: Great Tusk
|-damage|p1a: Great Tusk|1/100
|
|upkeep
|turn|50
|
|t:|1757937141
|move|p1a: Great Tusk|Earthquake|p2a: Great Tusk
|-damage|p2a: Great Tusk|36/100
|move|p2a: Great Tusk|Rapid Spin|p1a: Great Tusk
|-damage|p1a: Great Tusk|0 fnt
|-boost|p2a: Great Tusk|spe|1
|faint|p1a: Great Tusk
|-end|p1a: Great Tusk|Protosynthesis|[silent]
|
|upkeep
|
|t:|1757937144
|switch|p1a: Lokix|Lokix, M|68/100
|turn|51
|
|t:|1757937150
|move|p2a: Great Tusk|Body Press|p1a: Lokix
|-damage|p1a: Lokix|0 fnt
|faint|p1a: Lokix
|
|win|Jirachi75
|raw|dupont de ligones's rating: 1342 &rarr; <strong>1325</strong><br />(-17 for losing)
|raw|Jirachi75's rating: 1401 &rarr; <strong>1418</strong><br />(+17 for winning)
|c|☆dupont de ligones|gg
|l|☆dupont de ligones
|player|p1|
|c|☆Jirachi75|gg
