|j|☆ytddetg
|j|☆Team BBIO 38
|t:|1757791506
|gametype|singles
|player|p1|ytddetg|gambler|1356
|player|p2|Team BBIO 38|dragontamer|1393
|gen|9
|tier|[Gen 9] OU
|rated|
|rule|HP Percentage Mod: HP is shown in percentages
|rule|Endless Battle Clause: Forcing endless battles is banned
|rule|Species Clause: Limit one of each Pokémon
|rule|OHKO Clause: OHKO moves are banned
|rule|Evasion Items Clause: Evasion items are banned
|rule|Evasion Moves Clause: Evasion moves are banned
|rule|Evasion Abilities Clause: Evasion abilities are banned
|rule|Sleep Moves Clause: Sleep-inducing moves are banned
|clearpoke
|poke|p1|Farigiraf, F|
|poke|p1|Azelf|
|poke|p1|Magnezone|
|poke|p1|Glimmora, M|
|poke|p1|Weezing-Galar, M|
|poke|p1|Latios, M|
|poke|p2|Dusclops, M|
|poke|p2|Blissey, F|
|poke|p2|Flamigo, M|
|poke|p2|Darkrai|
|poke|p2|Polteageist|
|poke|p2|Komala, M|
|teampreview
|inactive|Battle timer is ON: inactive players will automatically lose when time's up. (requested by Team BBIO 38)
|inactive|ytddetg also wants the timer to be on.
|
|t:|1757791510
|teamsize|p1|6
|teamsize|p2|6
|start
|switch|p1a: lǝ|Azelf, shiny|100/100
|switch|p2a: Darkrai|Darkrai|100/100
|turn|1
|c|☆Team BBIO 38|Cool team
|
|t:|1757791515
|move|p2a: Darkrai|Dark Pulse|p1a: lǝ
|-supereffective|p1a: lǝ
|-enditem|p1a: lǝ|Focus Sash
|-damage|p1a: lǝ|1/100
|cant|p1a: lǝ|flinch
|
|upkeep
|turn|2
|
|t:|1757791525
|move|p2a: Darkrai|Dark Pulse|p1a: lǝ
|-supereffective|p1a: lǝ
|-damage|p1a: lǝ|0 fnt
|faint|p1a: lǝ
|
|upkeep
|
|t:|1757791527
|switch|p1a: ɹoñǝs|Magnezone, shiny|100/100
|-item|p1a: ɹoñǝs|Air Balloon
|turn|3
|
|t:|1757791535
|switch|p2a: Blissey|Blissey, F|100/100
|move|p1a: ɹoñǝs|Thunderbolt|p2a: Blissey
|-damage|p2a: Blissey|76/100
|
|-heal|p2a: Blissey|82/100|[from] item: Leftovers
|upkeep
|turn|4
|j| lilianoleg
|
|t:|1757791541
|move|p2a: Blissey|Seismic Toss|p1a: ɹoñǝs
|-damage|p1a: ɹoñǝs|71/100
|-enditem|p1a: ɹoñǝs|Air Balloon
|move|p1a: ɹoñǝs|Steel Beam|p2a: Blissey
|-damage|p2a: Blissey|46/100
|-damage|p1a: ɹoñǝs|21/100|[from] steelbeam
|
|-heal|p2a: Blissey|52/100|[from] item: Leftovers
|upkeep
|turn|5
|
|t:|1757791551
|move|p2a: Blissey|Seismic Toss|p1a: ɹoñǝs
|-damage|p1a: ɹoñǝs|0 fnt
|faint|p1a: ɹoñǝs
|
|-heal|p2a: Blissey|58/100|[from] item: Leftovers
|upkeep
|
|t:|1757791552
|switch|p1a: ǝp|Latios, M, shiny|100/100
|turn|6
|
|t:|1757791558
|move|p1a: ǝp|Thunder Wave|p2a: Blissey|[miss]
|-miss|p1a: ǝp|p2a: Blissey
|move|p2a: Blissey|Thunder Wave|p1a: ǝp
|-status|p1a: ǝp|par
|
|-heal|p2a: Blissey|64/100|[from] item: Leftovers
|upkeep
|turn|7
|
|t:|1757791564
|cant|p1a: ǝp|par
|move|p2a: Blissey|Seismic Toss|p1a: ǝp
|-damage|p1a: ǝp|67/100 par
|
|-heal|p2a: Blissey|70/100|[from] item: Leftovers
|upkeep
|turn|8
|
|t:|1757791570
|cant|p1a: ǝp|par
|move|p2a: Blissey|Seismic Toss|p1a: ǝp
|-damage|p1a: ǝp|34/100 par
|
|-heal|p2a: Blissey|76/100|[from] item: Leftovers
|upkeep
|turn|9
|
|t:|1757791576
|move|p1a: ǝp|Memento|p2a: Blissey
|-unboost|p2a: Blissey|atk|2
|-unboost|p2a: Blissey|spa|2
|faint|p1a: ǝp
|move|p2a: Blissey|Seismic Toss|p1: ǝp|[notarget]
|-fail|p2a: Blissey
|
|-heal|p2a: Blissey|82/100|[from] item: Leftovers
|upkeep
|
|t:|1757791578
|switch|p1a: ɐl|Glimmora, M, shiny|100/100
|turn|10
|
|t:|1757791585
|switch|p2a: Darkrai|Darkrai|100/100
|move|p1a: ɐl|Light Screen|p1a: ɐl
|-sidestart|p1: ytddetg|move: Light Screen
|
|upkeep
|turn|11
|
|t:|1757791590
|move|p2a: Darkrai|Psychic|p1a: ɐl
|-supereffective|p1a: ɐl
|-damage|p1a: ɐl|48/100
|-unboost|p1a: ɐl|spd|1
|move|p1a: ɐl|Reflect|p1a: ɐl
|-sidestart|p1: ytddetg|Reflect
|
|upkeep
|turn|12
|
|t:|1757791595
|move|p2a: Darkrai|Psychic|p1a: ɐl
|-supereffective|p1a: ɐl
|-damage|p1a: ɐl|0 fnt
|faint|p1a: ɐl
|
|upkeep
|
|t:|1757791597
|switch|p1a: ǝɥɔou|Weezing-Galar, M, shiny|100/100
|-fieldstart|move: Misty Terrain|[from] ability: Misty Surge|[of] p1a: ǝɥɔou
|turn|13
|
|t:|1757791603
|switch|p2a: Blissey|Blissey, F|82/100
|move|p1a: ǝɥɔou|Memento|p2a: Blissey
|-unboost|p2a: Blissey|atk|2
|-unboost|p2a: Blissey|spa|2
|faint|p1a: ǝɥɔou
|
|-heal|p2a: Blissey|89/100|[from] item: Leftovers
|upkeep
|
|t:|1757791605
|switch|p1a: BATMAN|Farigiraf, F|100/100
|turn|14
|
|t:|1757791613
|move|p1a: BATMAN|Nasty Plot|p1a: BATMAN
|-boost|p1a: BATMAN|spa|2
|move|p2a: Blissey|Thunder Wave|p1a: BATMAN
|-activate|p1a: BATMAN|move: Misty Terrain
|
|-heal|p2a: Blissey|95/100|[from] item: Leftovers
|upkeep
|turn|15
|
|t:|1757791619
|move|p1a: BATMAN|Agility|p1a: BATMAN
|-boost|p1a: BATMAN|spe|2
|move|p2a: Blissey|Seismic Toss|p1a: BATMAN
|-damage|p1a: BATMAN|76/100
|
|-heal|p2a: Blissey|100/100|[from] item: Leftovers
|upkeep
|turn|16
|
|t:|1757791627
|move|p1a: BATMAN|Nasty Plot|p1a: BATMAN
|-boost|p1a: BATMAN|spa|2
|move|p2a: Blissey|Seismic Toss|p1a: BATMAN
|-damage|p1a: BATMAN|51/100
|
|upkeep
|turn|17
|
|t:|1757791637
|move|p1a: BATMAN|Stored Power|p2a: Blissey
|-damage|p2a: Blissey|25/100
|move|p2a: Blissey|Seismic Toss|p1a: BATMAN
|-damage|p1a: BATMAN|26/100
|
|-heal|p2a: Blissey|31/100|[from] item: Leftovers
|-sideend|p1: ytddetg|move: Light Screen
|-fieldend|Misty Terrain
|upkeep
|turn|18
|
|t:|1757791645
|move|p1a: BATMAN|Stored Power|p2a: Blissey
|-damage|p2a: Blissey|0 fnt
|faint|p2a: Blissey
|
|-sideend|p1: ytddetg|Reflect
|upkeep
|
|t:|1757791654
|switch|p2a: Flamigo|Flamigo, M|100/100
|turn|19
|
|t:|1757791656
|move|p2a: Flamigo|U-turn|p1a: BATMAN
|-supereffective|p1a: BATMAN
|-damage|p1a: BATMAN|0 fnt
|faint|p1a: BATMAN
|
|win|Team BBIO 38
|raw|ytddetg's rating: 1356 &rarr; <strong>1338</strong><br />(-18 for losing)
|raw|Team BBIO 38's rating: 1393 &rarr; <strong>1411</strong><br />(+18 for winning)
|l|☆ytddetg
|player|p1|
|l|☆Team BBIO 38
|player|p2|
