|j|☆Obih
|j|☆RiaSingh2121
|t:|1757848793
|gametype|singles
|player|p1|Obih|266|1194
|player|p2|RiaSingh2121|266|1177
|gen|9
|tier|[Gen 9] OU
|rated|
|rule|HP Percentage Mod: HP is shown in percentages
|rule|Endless Battle Clause: Forcing endless battles is banned
|rule|Species Clause: Limit one of each Pokémon
|rule|OHKO Clause: OHKO moves are banned
|rule|Evasion Items Clause: Evasion items are banned
|rule|Evasion Moves Clause: Evasion moves are banned
|rule|Evasion Abilities Clause: Evasion abilities are banned
|rule|Sleep Moves Clause: Sleep-inducing moves are banned
|clearpoke
|poke|p1|Toxapex, F|
|poke|p1|Glimmora, M|
|poke|p1|Spiritomb, F|
|poke|p1|Weezing-Galar, M|
|poke|p1|Rabsca, F|
|poke|p1|Blissey, F|
|poke|p2|Regice|
|poke|p2|Ninetales-Alola, F|
|poke|p2|Mandibuzz, F|
|poke|p2|Clodsire, F|
|poke|p2|Dondozo, M|
|poke|p2|Bastiodon, M|
|teampreview
|
|t:|1757848805
|teamsize|p1|6
|teamsize|p2|6
|start
|switch|p1a: Toxapex|Toxapex, F|100/100
|switch|p2a: Ninetales|Ninetales-Alola, F|100/100
|-weather|Snowscape|[from] ability: Snow Warning|[of] p2a: Ninetales
|turn|1
|
|t:|1757848817
|move|p2a: Ninetales|Aurora Veil|p2a: Ninetales
|-sidestart|p2: RiaSingh2121|move: Aurora Veil
|move|p1a: Toxapex|Toxic|p2a: Ninetales
|-status|p2a: Ninetales|tox
|
|-weather|Snowscape|[upkeep]
|-damage|p2a: Ninetales|95/100 tox|[from] psn
|upkeep
|turn|2
|
|t:|1757848833
|switch|p2a: Regice|Regice|100/100
|move|p1a: Toxapex|Infestation|p2a: Regice
|-damage|p2a: Regice|99/100
|-activate|p2a: Regice|move: Infestation|[of] p1a: Toxapex
|
|-weather|Snowscape|[upkeep]
|-heal|p2a: Regice|100/100|[from] ability: Ice Body
|-damage|p2a: Regice|88/100|[from] move: Infestation|[partiallytrapped]
|upkeep
|turn|3
|
|t:|1757848844
|move|p2a: Regice|Substitute|p2a: Regice
|-start|p2a: Regice|Substitute
|-end|p2a: Regice|Infestation|[partiallytrapped]|[silent]
|-damage|p2a: Regice|63/100
|move|p1a: Toxapex|Toxic||[still]
|-fail|p1a: Toxapex
|
|-weather|Snowscape|[upkeep]
|-heal|p2a: Regice|69/100|[from] ability: Ice Body
|-heal|p2a: Regice|75/100|[from] item: Leftovers
|upkeep
|turn|4
|
|t:|1757848855
|switch|p1a: Spiritomb|Spiritomb, F|100/100
|move|p2a: Regice|Charge Beam|p1a: Spiritomb|[miss]
|-miss|p2a: Regice|p1a: Spiritomb
|
|-weather|Snowscape|[upkeep]
|-heal|p2a: Regice|81/100|[from] ability: Ice Body
|-heal|p2a: Regice|87/100|[from] item: Leftovers
|upkeep
|turn|5
|
|t:|1757848865
|move|p2a: Regice|Charge Beam|p1a: Spiritomb
|-damage|p1a: Spiritomb|90/100
|move|p1a: Spiritomb|Toxic|p2a: Regice
|-status|p2a: Regice|tox
|
|-weather|none
|-heal|p2a: Regice|93/100 tox|[from] item: Leftovers
|-heal|p1a: Spiritomb|96/100|[from] item: Leftovers
|-damage|p2a: Regice|87/100 tox|[from] psn
|upkeep
|turn|6
|
|t:|1757848877
|move|p1a: Spiritomb|Protect|p1a: Spiritomb
|-singleturn|p1a: Spiritomb|Protect
|move|p2a: Regice|Snowscape|p2a: Regice
|-weather|Snowscape
|
|-weather|Snowscape|[upkeep]
|-heal|p2a: Regice|93/100 tox|[from] ability: Ice Body
|-heal|p2a: Regice|99/100 tox|[from] item: Leftovers
|-heal|p1a: Spiritomb|100/100|[from] item: Leftovers
|-damage|p2a: Regice|87/100 tox|[from] psn
|upkeep
|turn|7
|
|t:|1757848892
|switch|p1a: Toxapex|Toxapex, F|100/100
|move|p2a: Regice|Charge Beam|p1a: Toxapex
|-supereffective|p1a: Toxapex
|-damage|p1a: Toxapex|83/100
|-boost|p2a: Regice|spa|1
|
|-weather|Snowscape|[upkeep]
|-heal|p2a: Regice|93/100 tox|[from] ability: Ice Body
|-heal|p2a: Regice|99/100 tox|[from] item: Leftovers
|-heal|p1a: Toxapex|89/100|[from] item: Leftovers
|-damage|p2a: Regice|81/100 tox|[from] psn
|upkeep
|turn|8
|
|t:|1757848906
|switch|p2a: Bastiodon|Bastiodon, M|100/100
|move|p1a: Toxapex|Baneful Bunker||[still]
|-fail|p1a: Toxapex
|
|-weather|Snowscape|[upkeep]
|-heal|p1a: Toxapex|95/100|[from] item: Leftovers
|-sideend|p2: RiaSingh2121|move: Aurora Veil
|upkeep
|turn|9
|
|t:|1757848918
|switch|p1a: Glimmora|Glimmora, M|100/100
|move|p2a: Bastiodon|Iron Defense|p2a: Bastiodon
|-boost|p2a: Bastiodon|def|2
|
|-weather|Snowscape|[upkeep]
|upkeep
|turn|10
|
|t:|1757848943
|-terastallize|p1a: Glimmora|Flying
|-terastallize|p2a: Bastiodon|Ice
|move|p1a: Glimmora|Toxic|p2a: Bastiodon
|-status|p2a: Bastiodon|tox
|move|p2a: Bastiodon|Body Press|p1a: Glimmora
|-resisted|p1a: Glimmora
|-damage|p1a: Glimmora|80/100
|
|-weather|none
|-heal|p1a: Glimmora|86/100|[from] item: Leftovers
|-damage|p2a: Bastiodon|94/100 tox|[from] psn
|upkeep
|turn|11
|
|t:|1757848957
|move|p1a: Glimmora|Spiky Shield|p1a: Glimmora
|-singleturn|p1a: Glimmora|move: Protect
|move|p2a: Bastiodon|Iron Defense|p2a: Bastiodon
|-boost|p2a: Bastiodon|def|2
|
|-heal|p1a: Glimmora|93/100|[from] item: Leftovers
|-heal|p2a: Bastiodon|100/100 tox|[from] item: Leftovers
|-damage|p2a: Bastiodon|88/100 tox|[from] psn
|upkeep
|turn|12
|
|t:|1757848967
|move|p1a: Glimmora|Acid Armor|p1a: Glimmora
|-boost|p1a: Glimmora|def|2
|move|p2a: Bastiodon|Body Press|p1a: Glimmora
|-resisted|p1a: Glimmora
|-damage|p1a: Glimmora|76/100
|
|-heal|p1a: Glimmora|83/100|[from] item: Leftovers
|-heal|p2a: Bastiodon|94/100 tox|[from] item: Leftovers
|-damage|p2a: Bastiodon|76/100 tox|[from] psn
|upkeep
|turn|13
|-message|RiaSingh2121 forfeited.
|
|win|Obih
|raw|Obih's rating: 1194 &rarr; <strong>1218</strong><br />(+24 for winning)
|raw|RiaSingh2121's rating: 1177 &rarr; <strong>1153</strong><br />(-24 for losing)
|l|☆RiaSingh2121
|player|p2|
|l|☆Obih
|player|p1|
