|j|☆Beans60
|j|☆ZeNiN_K1
|t:|1757886895
|gametype|singles
|player|p1|Beans60|170|1124
|player|p2|ZeNiN_K1|acetrainer-gen4|1154
|gen|9
|tier|[Gen 9] OU
|rated|
|rule|HP Percentage Mod: HP is shown in percentages
|rule|Endless Battle Clause: Forcing endless battles is banned
|rule|Species Clause: Limit one of each Pokémon
|rule|OHKO Clause: OHKO moves are banned
|rule|Evasion Items Clause: Evasion items are banned
|rule|Evasion Moves Clause: Evasion moves are banned
|rule|Evasion Abilities Clause: Evasion abilities are banned
|rule|Sleep Moves Clause: Sleep-inducing moves are banned
|clearpoke
|poke|p1|Malamar, M|
|poke|p1|Enamorus, F|
|poke|p1|Quaquaval, M|
|poke|p1|Ogerpon-Cornerstone, F|
|poke|p1|Skeledirge, F|
|poke|p1|Metagross|
|poke|p2|Zamazenta-*|
|poke|p2|Ninetales-Alola, M|
|poke|p2|Darkrai|
|poke|p2|Ceruledge, F|
|poke|p2|Gliscor, M|
|poke|p2|Hatterene, F|
|teampreview
|inactive|Battle timer is ON: inactive players will automatically lose when time's up. (requested by Beans60)
|inactive|ZeNiN_K1 has 120 seconds left.
|
|t:|1757886999
|teamsize|p1|6
|teamsize|p2|6
|start
|switch|p1a: Malamar|Malamar, M|100/100
|switch|p2a: Darkrai|Darkrai|100/100
|turn|1
|
|t:|1757887019
|-terastallize|p2a: Darkrai|Poison
|move|p2a: Darkrai|Nasty Plot|p2a: Darkrai
|-boost|p2a: Darkrai|spa|2
|move|p1a: Malamar|Superpower|p2a: Darkrai
|-resisted|p2a: Darkrai
|-damage|p2a: Darkrai|78/100
|-boost|p1a: Malamar|atk|1
|-boost|p1a: Malamar|def|1
|
|-heal|p2a: Darkrai|84/100|[from] item: Leftovers
|upkeep
|turn|2
|
|t:|1757887039
|move|p2a: Darkrai|Dark Pulse|p1a: Malamar
|-damage|p1a: Malamar|34/100
|move|p1a: Malamar|Psycho Cut|p2a: Darkrai
|-supereffective|p2a: Darkrai
|-damage|p2a: Darkrai|0 fnt
|faint|p2a: Darkrai
|
|upkeep
|inactive|ZeNiN_K1 has 120 seconds left.
|
|t:|1757887060
|switch|p2a: Hatterene|Hatterene, F|100/100
|turn|3
|
|t:|1757887068
|switch|p1a: Metagross|Metagross|100/100
|move|p2a: Hatterene|Nuzzle|p1a: Metagross
|-damage|p1a: Metagross|98/100
|-status|p1a: Metagross|par
|
|upkeep
|turn|4
|
|t:|1757887086
|switch|p2a: Ceruledge|Ceruledge, F|100/100
|move|p1a: Metagross|Flash Cannon|p2a: Ceruledge
|-resisted|p2a: Ceruledge
|-damage|p2a: Ceruledge|90/100
|
|upkeep
|turn|5
|
|t:|1757887096
|switch|p1a: Quaquaval|Quaquaval, M|100/100
|move|p2a: Ceruledge|Bulk Up|p2a: Ceruledge
|-boost|p2a: Ceruledge|atk|1
|-boost|p2a: Ceruledge|def|1
|
|upkeep
|turn|6
|
|t:|1757887107
|switch|p2a: Ninetales|Ninetales-Alola, M|100/100
|-weather|Snowscape|[from] ability: Snow Warning|[of] p2a: Ninetales
|move|p1a: Quaquaval|Aqua Cutter|p2a: Ninetales
|-damage|p2a: Ninetales|70/100
|
|-weather|Snowscape|[upkeep]
|upkeep
|turn|7
|
|t:|1757887116
|move|p2a: Ninetales|Aurora Veil|p2a: Ninetales
|-sidestart|p2: ZeNiN_K1|move: Aurora Veil
|move|p1a: Quaquaval|Flip Turn|p2a: Ninetales
|-damage|p2a: Ninetales|57/100
|
|t:|1757887121
|switch|p1a: Skeledirge|Skeledirge, F|100/100|[from] Flip Turn
|-item|p1a: Skeledirge|Air Balloon
|
|-weather|Snowscape|[upkeep]
|upkeep
|turn|8
|
|t:|1757887131
|move|p1a: Skeledirge|Torch Song|p2a: Ninetales
|-supereffective|p2a: Ninetales
|-damage|p2a: Ninetales|17/100
|-boost|p1a: Skeledirge|spa|1
|move|p2a: Ninetales|Roar|p1a: Skeledirge
|drag|p1a: Quaquaval|Quaquaval, M|100/100
|
|-weather|Snowscape|[upkeep]
|upkeep
|turn|9
|
|t:|1757887151
|switch|p2a: Hatterene|Hatterene, F|100/100
|move|p1a: Quaquaval|Brick Break|p2a: Hatterene
|-sideend|p2: ZeNiN_K1|move: Aurora Veil
|-resisted|p2a: Hatterene
|-damage|p2a: Hatterene|90/100
|
|-weather|Snowscape|[upkeep]
|upkeep
|turn|10
|inactive|ZeNiN_K1 has 120 seconds left.
|
|t:|1757887176
|move|p1a: Quaquaval|Flip Turn|p2a: Hatterene
|-damage|p2a: Hatterene|57/100
|
|t:|1757887181
|switch|p1a: Ogerpon|Ogerpon-Cornerstone, F|100/100|[from] Flip Turn
|move|p2a: Hatterene|Mystical Fire|p1a: Ogerpon
|-damage|p1a: Ogerpon|66/100
|-unboost|p1a: Ogerpon|spa|1
|
|-weather|none
|upkeep
|turn|11
|
|t:|1757887194
|switch|p2a: Gliscor|Gliscor, M|100/100
|move|p1a: Ogerpon|Ivy Cudgel|p2a: Gliscor|[anim] Ivy Cudgel Rock
|-damage|p2a: Gliscor|53/100
|
|-status|p2a: Gliscor|tox|[from] item: Toxic Orb
|upkeep
|turn|12
|
|t:|1757887206
|move|p1a: Ogerpon|Wood Hammer|p2a: Gliscor
|-damage|p2a: Gliscor|0 fnt
|faint|p2a: Gliscor
|-damage|p1a: Ogerpon|46/100|[from] Recoil
|
|upkeep
|
|t:|1757887211
|switch|p2a: Ceruledge|Ceruledge, F|90/100
|turn|13
|
|t:|1757887217
|move|p1a: Ogerpon|Ivy Cudgel|p2a: Ceruledge|[anim] Ivy Cudgel Rock
|-supereffective|p2a: Ceruledge
|-damage|p2a: Ceruledge|0 fnt
|faint|p2a: Ceruledge
|
|upkeep
|
|t:|1757887221
|switch|p2a: Zamazenta|Zamazenta|100/100
|-ability|p2a: Zamazenta|Dauntless Shield|boost
|-boost|p2a: Zamazenta|def|1
|turn|14
|
|t:|1757887236
|switch|p1a: Metagross|Metagross|98/100 par
|move|p2a: Zamazenta|Crunch|p1a: Metagross
|-supereffective|p1a: Metagross
|-damage|p1a: Metagross|61/100 par
|
|upkeep
|turn|15
|
|t:|1757887248
|move|p2a: Zamazenta|Body Press|p1a: Metagross
|-damage|p1a: Metagross|23/100 par
|cant|p1a: Metagross|par
|
|upkeep
|turn|16
|
|t:|1757887257
|move|p2a: Zamazenta|Crunch|p1a: Metagross
|-supereffective|p1a: Metagross
|-damage|p1a: Metagross|0 fnt
|faint|p1a: Metagross
|
|upkeep
|
|t:|1757887263
|switch|p1a: Skeledirge|Skeledirge, F|100/100
|-item|p1a: Skeledirge|Air Balloon
|turn|17
|
|t:|1757887267
|move|p2a: Zamazenta|Crunch|p1a: Skeledirge
|-supereffective|p1a: Skeledirge
|-damage|p1a: Skeledirge|62/100
|-enditem|p1a: Skeledirge|Air Balloon
|move|p1a: Skeledirge|Will-O-Wisp|p2a: Zamazenta
|-status|p2a: Zamazenta|brn
|
|-damage|p2a: Zamazenta|94/100 brn|[from] brn
|upkeep
|turn|18
|
|t:|1757887279
|switch|p2a: Hatterene|Hatterene, F|57/100
|move|p1a: Skeledirge|Torch Song|p2a: Hatterene
|-damage|p2a: Hatterene|32/100
|-boost|p1a: Skeledirge|spa|1
|
|upkeep
|turn|19
|
|t:|1757887287
|move|p1a: Skeledirge|Torch Song|p2a: Hatterene
|-damage|p2a: Hatterene|0 fnt
|-boost|p1a: Skeledirge|spa|1
|faint|p2a: Hatterene
|
|upkeep
|
|t:|1757887290
|switch|p2a: Ninetales|Ninetales-Alola, M|17/100
|-weather|Snowscape|[from] ability: Snow Warning|[of] p2a: Ninetales
|turn|20
|
|t:|1757887297
|-terastallize|p1a: Skeledirge|Normal
|move|p2a: Ninetales|Aurora Veil|p2a: Ninetales
|-sidestart|p2: ZeNiN_K1|move: Aurora Veil
|move|p1a: Skeledirge|Hyper Voice|p2a: Ninetales
|-damage|p2a: Ninetales|0 fnt
|faint|p2a: Ninetales
|
|-weather|Snowscape|[upkeep]
|upkeep
|
|t:|1757887299
|switch|p2a: Zamazenta|Zamazenta|94/100 brn
|turn|21
|
|t:|1757887310
|move|p2a: Zamazenta|Iron Defense|p2a: Zamazenta
|-boost|p2a: Zamazenta|def|2
|move|p1a: Skeledirge|Hex|p2a: Zamazenta
|-damage|p2a: Zamazenta|31/100 brn
|
|-weather|Snowscape|[upkeep]
|-damage|p2a: Zamazenta|25/100 brn|[from] brn
|upkeep
|turn|22
|
|t:|1757887319
|move|p2a: Zamazenta|Body Press|p1a: Skeledirge
|-supereffective|p1a: Skeledirge
|-damage|p1a: Skeledirge|31/100
|move|p1a: Skeledirge|Hex|p2a: Zamazenta
|-damage|p2a: Zamazenta|0 fnt
|faint|p2a: Zamazenta
|
|win|Beans60
|raw|Beans60's rating: 1124 &rarr; <strong>1151</strong><br />(+27 for winning)
|raw|ZeNiN_K1's rating: 1154 &rarr; <strong>1127</strong><br />(-27 for losing)
