|j|☆Air_Emicon
|j|☆acerrillo6970
|t:|1757913877
|gametype|singles
|player|p1|Air_Emicon|cynthia|1142
|player|p2|acerrillo6970|265|1178
|gen|9
|tier|[Gen 9] OU
|rated|
|rule|HP Percentage Mod: HP is shown in percentages
|rule|Endless Battle Clause: Forcing endless battles is banned
|rule|Species Clause: Limit one of each Pokémon
|rule|OHKO Clause: OHKO moves are banned
|rule|Evasion Items Clause: Evasion items are banned
|rule|Evasion Moves Clause: Evasion moves are banned
|rule|Evasion Abilities Clause: Evasion abilities are banned
|rule|Sleep Moves Clause: Sleep-inducing moves are banned
|clearpoke
|poke|p1|Haunter, M|
|poke|p1|Mismagius, F|
|poke|p1|Iron Valiant|
|poke|p1|Gengar, M|
|poke|p1|Froslass, F|
|poke|p1|Kingambit, F|
|poke|p2|Weavile, F|
|poke|p2|Lokix, M|
|poke|p2|Tentacruel, M|
|poke|p2|Goodra-Hisui, M|
|poke|p2|Comfey, F|
|poke|p2|Weezing, M|
|teampreview
|inactive|Battle timer is ON: inactive players will automatically lose when time's up. (requested by Air_Emicon)
|inactive|acerrillo6970 also wants the timer to be on.
|
|t:|1757913890
|teamsize|p1|6
|teamsize|p2|6
|start
|switch|p1a: Froslass|Froslass, F|100/100
|switch|p2a: Lokix|Lokix, M|100/100
|turn|1
|
|t:|1757913894
|move|p1a: Froslass|Destiny Bond|p1a: Froslass
|-singlemove|p1a: Froslass|Destiny Bond
|move|p2a: Lokix|Swords Dance|p2a: Lokix
|-boost|p2a: Lokix|atk|2
|
|upkeep
|turn|2
|
|t:|1757913897
|move|p1a: Froslass|Destiny Bond||[still]
|-fail|p1a: Froslass
|move|p2a: Lokix|Swords Dance|p2a: Lokix
|-boost|p2a: Lokix|atk|2
|
|upkeep
|turn|3
|
|t:|1757913902
|move|p1a: Froslass|Destiny Bond|p1a: Froslass
|-singlemove|p1a: Froslass|Destiny Bond
|move|p2a: Lokix|Leech Life|p1a: Froslass
|-resisted|p1a: Froslass
|-damage|p1a: Froslass|0 fnt
|faint|p1a: Froslass
|-activate|p1a: Froslass|move: Destiny Bond
|faint|p2a: Lokix
|
|upkeep
|
|t:|1757913913
|switch|p1a: Haunter|Haunter, M|100/100
|switch|p2a: Weavile|Weavile, F|100/100
|turn|4
|
|t:|1757913919
|move|p1a: Haunter|Destiny Bond|p1a: Haunter
|-singlemove|p1a: Haunter|Destiny Bond
|move|p2a: Weavile|Swords Dance|p2a: Weavile
|-boost|p2a: Weavile|atk|2
|
|upkeep
|turn|5
|
|t:|1757913926
|switch|p2a: Weezing|Weezing, M|100/100
|move|p1a: Haunter|Destiny Bond||[still]
|-fail|p1a: Haunter
|
|upkeep
|turn|6
|
|t:|1757913932
|switch|p1a: Gengar|Gengar, M|100/100
|move|p2a: Weezing|Will-O-Wisp|p1a: Gengar
|-status|p1a: Gengar|brn
|
|-damage|p1a: Gengar|94/100 brn|[from] brn
|upkeep
|turn|7
|
|t:|1757913937
|move|p1a: Gengar|Perish Song|p1a: Gengar
|-start|p1a: Gengar|perish3|[silent]
|-start|p2a: Weezing|perish3|[silent]
|-fieldactivate|move: Perish Song
|move|p2a: Weezing|Flamethrower|p1a: Gengar
|-damage|p1a: Gengar|50/100 brn
|
|-damage|p1a: Gengar|44/100 brn|[from] brn
|-start|p1a: Gengar|perish3
|-start|p2a: Weezing|perish3
|upkeep
|turn|8
|
|t:|1757913947
|switch|p2a: Comfey|Comfey, F|100/100
|move|p1a: Gengar|Perish Song|p1a: Gengar
|-start|p2a: Comfey|perish3|[silent]
|-fieldactivate|move: Perish Song
|
|-damage|p1a: Gengar|38/100 brn|[from] brn
|-start|p1a: Gengar|perish2
|-start|p2a: Comfey|perish3
|upkeep
|turn|9
|
|t:|1757913954
|switch|p1a: Haunter|Haunter, M|100/100
|switch|p2a: Weavile|Weavile, F|100/100
|
|upkeep
|turn|10
|
|t:|1757913962
|move|p2a: Weavile|Ice Shard|p1a: Haunter
|-damage|p1a: Haunter|18/100
|move|p1a: Haunter|Sludge Bomb|p2a: Weavile
|-damage|p2a: Weavile|38/100
|-status|p2a: Weavile|psn
|
|-damage|p2a: Weavile|25/100 psn|[from] psn
|upkeep
|turn|11
|
|t:|1757913971
|switch|p1a: Gengar|Gengar, M|38/100 brn
|move|p2a: Weavile|Ice Shard|p1a: Gengar
|-damage|p1a: Gengar|0 fnt
|faint|p1a: Gengar
|
|-damage|p2a: Weavile|13/100 psn|[from] psn
|upkeep
|
|t:|1757913973
|switch|p1a: Haunter|Haunter, M|18/100
|turn|12
|
|t:|1757913980
|move|p2a: Weavile|Ice Shard|p1a: Haunter
|-damage|p1a: Haunter|0 fnt
|faint|p1a: Haunter
|
|-damage|p2a: Weavile|0 fnt|[from] psn
|faint|p2a: Weavile
|upkeep
|
|t:|1757913988
|switch|p2a: Weezing|Weezing, M|100/100
|switch|p1a: Mismagius|Mismagius, F|100/100
|turn|13
|
|t:|1757913997
|move|p1a: Mismagius|Perish Song|p1a: Mismagius
|-start|p1a: Mismagius|perish3|[silent]
|-start|p2a: Weezing|perish3|[silent]
|-fieldactivate|move: Perish Song
|move|p2a: Weezing|Will-O-Wisp|p1a: Mismagius
|-status|p1a: Mismagius|brn
|
|-damage|p1a: Mismagius|94/100 brn|[from] brn
|-start|p1a: Mismagius|perish3
|-start|p2a: Weezing|perish3
|upkeep
|turn|14
|
|t:|1757914012
|switch|p2a: Tentacruel|Tentacruel, M|100/100
|move|p1a: Mismagius|Perish Song|p1a: Mismagius
|-start|p2a: Tentacruel|perish3|[silent]
|-fieldactivate|move: Perish Song
|
|-damage|p1a: Mismagius|88/100 brn|[from] brn
|-start|p1a: Mismagius|perish2
|-start|p2a: Tentacruel|perish3
|upkeep
|turn|15
|
|t:|1757914017
|switch|p2a: Weezing|Weezing, M|100/100
|move|p1a: Mismagius|Perish Song|p1a: Mismagius
|-start|p2a: Weezing|perish3|[silent]
|-fieldactivate|move: Perish Song
|
|-damage|p1a: Mismagius|82/100 brn|[from] brn
|-start|p1a: Mismagius|perish1
|-start|p2a: Weezing|perish3
|upkeep
|turn|16
|
|t:|1757914022
|switch|p1a: Iron Valiant|Iron Valiant|100/100
|-enditem|p1a: Iron Valiant|Booster Energy
|-activate|p1a: Iron Valiant|ability: Quark Drive|[fromitem]
|-start|p1a: Iron Valiant|quarkdrivespe
|switch|p2a: Tentacruel|Tentacruel, M|100/100
|
|upkeep
|turn|17
|
|t:|1757914028
|move|p1a: Iron Valiant|Thunder Wave|p2a: Tentacruel
|-status|p2a: Tentacruel|par
|move|p2a: Tentacruel|Sludge Wave|p1a: Iron Valiant
|-supereffective|p1a: Iron Valiant
|-damage|p1a: Iron Valiant|0 fnt
|faint|p1a: Iron Valiant
|-end|p1a: Iron Valiant|Quark Drive|[silent]
|
|upkeep
|
|t:|1757914032
|switch|p1a: Mismagius|Mismagius, F|82/100 brn
|turn|18
|
|t:|1757914054
|move|p1a: Mismagius|Curse|p2a: Tentacruel
|-start|p2a: Tentacruel|Curse|[of] p1a: Mismagius
|-damage|p1a: Mismagius|32/100 brn
|move|p2a: Tentacruel|Sludge Wave|p1a: Mismagius
|-resisted|p1a: Mismagius
|-damage|p1a: Mismagius|0 fnt
|faint|p1a: Mismagius
|
|-damage|p2a: Tentacruel|76/100 par|[from] Curse
|upkeep
|
|t:|1757914057
|switch|p1a: Kingambit|Kingambit, F, shiny|100/100
|-activate|p1a: Kingambit|ability: Supreme Overlord
|-start|p1a: Kingambit|fallen5|[silent]
|turn|19
|
|t:|1757914063
|switch|p2a: Weezing|Weezing, M|100/100
|move|p1a: Kingambit|Swords Dance|p1a: Kingambit
|-boost|p1a: Kingambit|atk|2
|
|upkeep
|turn|20
|
|t:|1757914075
|move|p2a: Weezing|Will-O-Wisp|p1a: Kingambit
|-status|p1a: Kingambit|brn
|move|p1a: Kingambit|Swords Dance|p1a: Kingambit
|-boost|p1a: Kingambit|atk|2
|
|-damage|p1a: Kingambit|94/100 brn|[from] brn
|upkeep
|turn|21
|
|t:|1757914089
|move|p1a: Kingambit|Sucker Punch|p2a: Weezing
|-damage|p2a: Weezing|24/100
|move|p2a: Weezing|Flamethrower|p1a: Kingambit
|-supereffective|p1a: Kingambit
|-damage|p1a: Kingambit|62/100 brn
|
|-heal|p2a: Weezing|30/100|[from] item: Black Sludge
|-heal|p1a: Kingambit|68/100 brn|[from] item: Leftovers
|-damage|p1a: Kingambit|62/100 brn|[from] brn
|upkeep
|turn|22
|
|t:|1757914097
|move|p1a: Kingambit|Sucker Punch||[still]
|-fail|p1a: Kingambit
|move|p2a: Weezing|Will-O-Wisp|p1a: Kingambit
|-fail|p1a: Kingambit|brn
|
|-heal|p2a: Weezing|36/100|[from] item: Black Sludge
|-heal|p1a: Kingambit|68/100 brn|[from] item: Leftovers
|-damage|p1a: Kingambit|62/100 brn|[from] brn
|upkeep
|turn|23
|
|t:|1757914110
|-terastallize|p1a: Kingambit|Dark
|move|p1a: Kingambit|Sucker Punch|p2a: Weezing
|-damage|p2a: Weezing|0 fnt
|faint|p2a: Weezing
|
|-heal|p1a: Kingambit|68/100 brn|[from] item: Leftovers
|-damage|p1a: Kingambit|62/100 brn|[from] brn
|upkeep
|
|t:|1757914116
|switch|p2a: Tentacruel|Tentacruel, M|76/100 par
|turn|24
|
|t:|1757914121
|move|p1a: Kingambit|Kowtow Cleave|p2a: Tentacruel
|-damage|p2a: Tentacruel|0 fnt
|faint|p2a: Tentacruel
|
|-heal|p1a: Kingambit|68/100 brn|[from] item: Leftovers
|-damage|p1a: Kingambit|62/100 brn|[from] brn
|upkeep
|
|t:|1757914129
|switch|p2a: Goodra|Goodra-Hisui, M|100/100
|turn|25
|
|t:|1757914137
|move|p2a: Goodra|Flamethrower|p1a: Kingambit
|-damage|p1a: Kingambit|34/100 brn
|move|p1a: Kingambit|Kowtow Cleave|p2a: Goodra
|-damage|p2a: Goodra|0 fnt
|-ability|p2a: Goodra|Gooey
|-unboost|p1a: Kingambit|spe|1
|faint|p2a: Goodra
|
|-heal|p1a: Kingambit|40/100 brn|[from] item: Leftovers
|-damage|p1a: Kingambit|34/100 brn|[from] brn
|upkeep
|
|t:|1757914140
|switch|p2a: Comfey|Comfey, F|100/100
|turn|26
|
|t:|1757914147
|move|p2a: Comfey|Draining Kiss|p1a: Kingambit
|-supereffective|p1a: Kingambit
|-damage|p1a: Kingambit|0 fnt
|faint|p1a: Kingambit
|-end|p1a: Kingambit|fallen5|[silent]
|
|win|acerrillo6970
|raw|Air_Emicon's rating: 1142 &rarr; <strong>1120</strong><br />(-22 for losing)
|raw|acerrillo6970's rating: 1178 &rarr; <strong>1200</strong><br />(+22 for winning)
|l|☆acerrillo6970
|player|p2|
|l|☆Air_Emicon
|player|p1|
