|j|☆Rhyenn
|j|☆jeboyslim
|t:|1757788511
|gametype|singles
|player|p1|Rhyenn|infielder|1214
|player|p2|jeboyslim|266|1210
|gen|9
|tier|[Gen 9] OU
|rated|
|rule|HP Percentage Mod: HP is shown in percentages
|rule|Endless Battle Clause: Forcing endless battles is banned
|rule|Species Clause: Limit one of each Pokémon
|rule|OHKO Clause: OHKO moves are banned
|rule|Evasion Items Clause: Evasion items are banned
|rule|Evasion Moves Clause: Evasion moves are banned
|rule|Evasion Abilities Clause: Evasion abilities are banned
|rule|Sleep Moves Clause: Sleep-inducing moves are banned
|clearpoke
|poke|p1|Sinistcha-Masterpiece|
|poke|p1|Zamazenta-*|
|poke|p1|Dragapult, F|
|poke|p1|Toxapex, F|
|poke|p1|Great Tusk|
|poke|p1|Corviknight, M|
|poke|p2|Glimmora, M|
|poke|p2|Kyurem|
|poke|p2|Walking Wake|
|poke|p2|Great Tusk|
|poke|p2|Iron Moth|
|poke|p2|Jirachi|
|teampreview
|
|t:|1757788517
|teamsize|p1|6
|teamsize|p2|6
|start
|switch|p1a: Mid Tusk|Great Tusk|100/100
|switch|p2a: Glimmora|Glimmora, M|100/100
|turn|1
|
|t:|1757788527
|move|p1a: Mid Tusk|Headlong Rush|p2a: Glimmora
|-supereffective|p2a: Glimmora
|-enditem|p2a: Glimmora|Focus Sash
|-damage|p2a: Glimmora|1/100
|-unboost|p1a: Mid Tusk|def|1
|-unboost|p1a: Mid Tusk|spd|1
|-activate|p2a: Glimmora|ability: Toxic Debris
|-sidestart|p1: Rhyenn|move: Toxic Spikes
|move|p2a: Glimmora|Earth Power|p1a: Mid Tusk
|-damage|p1a: Mid Tusk|29/100
|
|-heal|p1a: Mid Tusk|35/100|[from] item: Leftovers
|upkeep
|turn|2
|
|t:|1757788540
|move|p1a: Mid Tusk|Rapid Spin|p2a: Glimmora
|-resisted|p2a: Glimmora
|-damage|p2a: Glimmora|0 fnt
|-boost|p1a: Mid Tusk|spe|1
|-activate|p2a: Glimmora|ability: Toxic Debris
|-sidestart|p1: Rhyenn|move: Toxic Spikes
|-sideend|p1: Rhyenn|Toxic Spikes|[from] move: Rapid Spin|[of] p1a: Mid Tusk
|faint|p2a: Glimmora
|
|-heal|p1a: Mid Tusk|41/100|[from] item: Leftovers
|upkeep
|
|t:|1757788547
|switch|p2a: Jirachi|Jirachi|100/100
|turn|3
|
|t:|1757788556
|move|p1a: Mid Tusk|Headlong Rush|p2a: Jirachi
|-supereffective|p2a: Jirachi
|-damage|p2a: Jirachi|0 fnt
|-unboost|p1a: Mid Tusk|def|1
|-unboost|p1a: Mid Tusk|spd|1
|faint|p2a: Jirachi
|
|-heal|p1a: Mid Tusk|47/100|[from] item: Leftovers
|upkeep
|inactive|Battle timer is ON: inactive players will automatically lose when time's up. (requested by Rhyenn)
|inactive|jeboyslim has 120 seconds left.
|
|t:|1757788641
|switch|p2a: Kyurem|Kyurem|100/100
|-ability|p2a: Kyurem|Pressure
|turn|4
|
|t:|1757788666
|-end|p1a: Mid Tusk|Protosynthesis|[silent]
|switch|p1a: Pinky|Zamazenta, shiny|100/100
|-ability|p1a: Pinky|Dauntless Shield|boost
|-boost|p1a: Pinky|def|1
|move|p2a: Kyurem|Ice Beam|p1a: Pinky
|-damage|p1a: Pinky|54/100
|
|-heal|p1a: Pinky|60/100|[from] item: Leftovers
|upkeep
|turn|5
|
|t:|1757788680
|-terastallize|p1a: Pinky|Fire
|move|p2a: Kyurem|Ice Beam|p1a: Pinky
|-resisted|p1a: Pinky
|-damage|p1a: Pinky|37/100
|move|p1a: Pinky|Substitute|p1a: Pinky
|-start|p1a: Pinky|Substitute
|-damage|p1a: Pinky|12/100
|
|-heal|p1a: Pinky|18/100|[from] item: Leftovers
|upkeep
|turn|6
|
|t:|1757788692
|move|p2a: Kyurem|Ice Beam|p1a: Pinky
|-resisted|p1a: Pinky
|-end|p1a: Pinky|Substitute
|move|p1a: Pinky|Iron Defense|p1a: Pinky
|-boost|p1a: Pinky|def|2
|
|-heal|p1a: Pinky|24/100|[from] item: Leftovers
|upkeep
|turn|7
|
|t:|1757788702
|move|p2a: Kyurem|Ice Beam|p1a: Pinky
|-resisted|p1a: Pinky
|-damage|p1a: Pinky|0 fnt
|faint|p1a: Pinky
|
|upkeep
|
|t:|1757788710
|switch|p1a: Trebuchet|Dragapult, F|100/100
|turn|8
|
|t:|1757788721
|move|p2a: Kyurem|Ice Beam|p1a: Trebuchet
|-supereffective|p1a: Trebuchet
|-damage|p1a: Trebuchet|0 fnt
|faint|p1a: Trebuchet
|
|upkeep
|
|t:|1757788732
|switch|p1a: TalksOfPecks|Toxapex, F|100/100
|turn|9
|
|t:|1757788736
|-terastallize|p2a: Kyurem|Ice
|move|p2a: Kyurem|Ice Beam|p1a: TalksOfPecks
|-resisted|p1a: TalksOfPecks
|-damage|p1a: TalksOfPecks|75/100
|move|p1a: TalksOfPecks|Toxic|p2a: Kyurem
|-status|p2a: Kyurem|tox
|
|-damage|p2a: Kyurem|94/100 tox|[from] psn
|upkeep
|turn|10
|
|t:|1757788747
|move|p2a: Kyurem|Ice Beam|p1a: TalksOfPecks
|-resisted|p1a: TalksOfPecks
|-damage|p1a: TalksOfPecks|50/100
|-status|p1a: TalksOfPecks|frz
|cant|p1a: TalksOfPecks|frz
|
|-damage|p2a: Kyurem|82/100 tox|[from] psn
|upkeep
|turn|11
|
|t:|1757788755
|switch|p1a: Evil Scarmory|Corviknight, M, shiny|100/100
|-ability|p1a: Evil Scarmory|Pressure
|move|p2a: Kyurem|Ice Beam|p1a: Evil Scarmory
|-damage|p1a: Evil Scarmory|37/100
|-status|p1a: Evil Scarmory|frz
|
|-damage|p2a: Kyurem|64/100 tox|[from] psn
|upkeep
|turn|12
|
|t:|1757788766
|switch|p1a: TalksOfPecks|Toxapex, F|83/100 frz
|move|p2a: Kyurem|Ice Beam|p1a: TalksOfPecks
|-resisted|p1a: TalksOfPecks
|-damage|p1a: TalksOfPecks|59/100 frz
|
|-damage|p2a: Kyurem|39/100 tox|[from] psn
|upkeep
|turn|13
|
|t:|1757788775
|move|p2a: Kyurem|Ice Beam|p1a: TalksOfPecks
|-resisted|p1a: TalksOfPecks
|-damage|p1a: TalksOfPecks|35/100 frz
|cant|p1a: TalksOfPecks|frz
|
|-damage|p2a: Kyurem|9/100 tox|[from] psn
|upkeep
|turn|14
|
|t:|1757788785
|move|p2a: Kyurem|Ice Beam|p1a: TalksOfPecks
|-resisted|p1a: TalksOfPecks
|-damage|p1a: TalksOfPecks|13/100 frz
|cant|p1a: TalksOfPecks|frz
|
|-damage|p2a: Kyurem|0 fnt|[from] psn
|faint|p2a: Kyurem
|upkeep
|
|t:|1757788791
|switch|p2a: Walking Wake|Walking Wake|100/100
|turn|15
|
|t:|1757788800
|switch|p1a: Evil Scarmory|Corviknight, M, shiny|37/100 frz
|-ability|p1a: Evil Scarmory|Pressure
|move|p2a: Walking Wake|Hydro Steam|p1a: Evil Scarmory
|-damage|p1a: Evil Scarmory|0 fnt
|faint|p1a: Evil Scarmory
|
|upkeep
|
|t:|1757788809
|switch|p1a: TalksOfPecks|Toxapex, F|46/100 frz
|turn|16
|
|t:|1757788837
|move|p2a: Walking Wake|Hydro Steam|p1a: TalksOfPecks
|-resisted|p1a: TalksOfPecks
|-damage|p1a: TalksOfPecks|23/100 frz
|-curestatus|p1a: TalksOfPecks|frz|[msg]
|move|p1a: TalksOfPecks|Recover|p1a: TalksOfPecks
|-heal|p1a: TalksOfPecks|73/100
|
|upkeep
|turn|17
|
|t:|1757788845
|-end|p2a: Walking Wake|Protosynthesis|[silent]
|switch|p2a: Great Tusk|Great Tusk|100/100
|move|p1a: TalksOfPecks|Toxic|p2a: Great Tusk
|-status|p2a: Great Tusk|tox
|
|-damage|p2a: Great Tusk|94/100 tox|[from] psn
|upkeep
|turn|18
|inactive|jeboyslim has 120 seconds left.
|inactive|jeboyslim has 90 seconds left.
|
|t:|1757788911
|switch|p1a: Green Tea|Sinistcha-Masterpiece, shiny|100/100
|move|p2a: Great Tusk|Headlong Rush|p1a: Green Tea
|-resisted|p1a: Green Tea
|-crit|p1a: Green Tea
|-damage|p1a: Green Tea|46/100
|-unboost|p2a: Great Tusk|def|1
|-unboost|p2a: Great Tusk|spd|1
|
|-heal|p1a: Green Tea|52/100|[from] item: Leftovers
|-damage|p2a: Great Tusk|82/100 tox|[from] psn
|upkeep
|turn|19
|
|t:|1757788923
|move|p2a: Great Tusk|Headlong Rush|p1a: Green Tea
|-resisted|p1a: Green Tea
|-damage|p1a: Green Tea|14/100
|-unboost|p2a: Great Tusk|def|1
|-unboost|p2a: Great Tusk|spd|1
|move|p1a: Green Tea|Strength Sap|p2a: Great Tusk
|-unboost|p2a: Great Tusk|atk|1
|-heal|p1a: Green Tea|99/100
|
|-heal|p1a: Green Tea|100/100|[from] item: Leftovers
|-damage|p2a: Great Tusk|63/100 tox|[from] psn
|upkeep
|turn|20
|
|t:|1757788937
|move|p2a: Great Tusk|Headlong Rush|p1a: Green Tea
|-resisted|p1a: Green Tea
|-damage|p1a: Green Tea|76/100
|-unboost|p2a: Great Tusk|def|1
|-unboost|p2a: Great Tusk|spd|1
|move|p1a: Green Tea|Matcha Gotcha|p2a: Great Tusk
|-supereffective|p2a: Great Tusk
|-damage|p2a: Great Tusk|0 fnt
|-heal|p1a: Green Tea|100/100|[from] drain|[of] p2a: Great Tusk
|faint|p2a: Great Tusk
|-end|p2a: Great Tusk|Protosynthesis|[silent]
|
|upkeep
|inactive|jeboyslim has 90 seconds left.
|
|t:|1757788956
|switch|p2a: Iron Moth|Iron Moth|100/100
|-enditem|p2a: Iron Moth|Booster Energy
|-activate|p2a: Iron Moth|ability: Quark Drive|[fromitem]
|-start|p2a: Iron Moth|quarkdrivespa
|turn|21
|
|t:|1757788962
|switch|p1a: TalksOfPecks|Toxapex, F|100/100
|move|p2a: Iron Moth|Fiery Dance|p1a: TalksOfPecks
|-resisted|p1a: TalksOfPecks
|-damage|p1a: TalksOfPecks|81/100
|-boost|p2a: Iron Moth|spa|1
|
|upkeep
|turn|22
|inactive|jeboyslim has 90 seconds left.
|
|t:|1757788983
|move|p2a: Iron Moth|Toxic Spikes|p1a: TalksOfPecks
|-sidestart|p1: Rhyenn|move: Toxic Spikes
|move|p1a: TalksOfPecks|Surf|p2a: Iron Moth
|-supereffective|p2a: Iron Moth
|-damage|p2a: Iron Moth|59/100
|
|upkeep
|turn|23
|
|t:|1757788991
|move|p2a: Iron Moth|Toxic Spikes|p1a: TalksOfPecks
|-sidestart|p1: Rhyenn|move: Toxic Spikes
|move|p1a: TalksOfPecks|Surf|p2a: Iron Moth
|-supereffective|p2a: Iron Moth
|-damage|p2a: Iron Moth|22/100
|
|upkeep
|turn|24
|inactive|jeboyslim has 90 seconds left.
|
|t:|1757789013
|move|p2a: Iron Moth|Dazzling Gleam|p1a: TalksOfPecks
|-resisted|p1a: TalksOfPecks
|-damage|p1a: TalksOfPecks|61/100
|move|p1a: TalksOfPecks|Recover|p1a: TalksOfPecks
|-heal|p1a: TalksOfPecks|100/100
|
|upkeep
|turn|25
|inactive|jeboyslim has 90 seconds left.
|
|t:|1757789020
|move|p2a: Iron Moth|Fiery Dance|p1a: TalksOfPecks
|-resisted|p1a: TalksOfPecks
|-damage|p1a: TalksOfPecks|70/100
|move|p1a: TalksOfPecks|Surf|p2a: Iron Moth
|-supereffective|p2a: Iron Moth
|-damage|p2a: Iron Moth|0 fnt
|faint|p2a: Iron Moth
|-end|p2a: Iron Moth|Quark Drive|[silent]
|
|upkeep
|inactive|jeboyslim has 90 seconds left.
|
|t:|1757789035
|switch|p2a: Walking Wake|Walking Wake|100/100
|turn|26
|inactive|jeboyslim has 60 seconds left.
|
|t:|1757789087
|move|p2a: Walking Wake|Draco Meteor|p1a: TalksOfPecks
|-damage|p1a: TalksOfPecks|0 fnt
|-unboost|p2a: Walking Wake|spa|2
|faint|p1a: TalksOfPecks
|
|upkeep
|
|t:|1757789094
|switch|p1a: Mid Tusk|Great Tusk|47/100
|-status|p1a: Mid Tusk|tox
|turn|27
|
|t:|1757789109
|move|p2a: Walking Wake|Draco Meteor|p1a: Mid Tusk
|-damage|p1a: Mid Tusk|0 fnt
|-unboost|p2a: Walking Wake|spa|2
|faint|p1a: Mid Tusk
|-end|p1a: Mid Tusk|Protosynthesis|[silent]
|
|upkeep
|
|t:|1757789115
|switch|p1a: Green Tea|Sinistcha-Masterpiece, shiny|100/100
|-status|p1a: Green Tea|tox
|turn|28
|
|t:|1757789140
|move|p2a: Walking Wake|Draco Meteor|p1a: Green Tea
|-damage|p1a: Green Tea|61/100 tox
|-unboost|p2a: Walking Wake|spa|2
|move|p1a: Green Tea|Matcha Gotcha|p2a: Walking Wake
|-damage|p2a: Walking Wake|47/100
|-heal|p1a: Green Tea|87/100 tox|[from] drain|[of] p2a: Walking Wake
|-status|p2a: Walking Wake|brn
|
|-heal|p1a: Green Tea|93/100 tox|[from] item: Leftovers
|-damage|p1a: Green Tea|87/100 tox|[from] psn
|-damage|p2a: Walking Wake|41/100 brn|[from] brn
|upkeep
|turn|29
|
|t:|1757789155
|move|p2a: Walking Wake|Draco Meteor|p1a: Green Tea
|-damage|p1a: Green Tea|56/100 tox
|move|p1a: Green Tea|Hex|p2a: Walking Wake
|-damage|p2a: Walking Wake|0 fnt
|faint|p2a: Walking Wake
|-end|p2a: Walking Wake|Protosynthesis|[silent]
|
|win|Rhyenn
|raw|Rhyenn's rating: 1214 &rarr; <strong>1234</strong><br />(+20 for winning)
|raw|jeboyslim's rating: 1139 &rarr; <strong>1119</strong><br />(-20 for losing)
|l|☆jeboyslim
|player|p2|
