|j|‽Ausar489
|j|☆bennyemerald
|t:|1757803384
|gametype|singles
|player|p1|Ausar489|unknown|1621
|player|p2|bennyemerald|hilbert|1595
|gen|9
|tier|[Gen 9] OU
|rated|
|rule|HP Percentage Mod: HP is shown in percentages
|rule|Endless Battle Clause: Forcing endless battles is banned
|rule|Species Clause: Limit one of each Pokémon
|rule|OHKO Clause: OHKO moves are banned
|rule|Evasion Items Clause: Evasion items are banned
|rule|Evasion Moves Clause: Evasion moves are banned
|rule|Evasion Abilities Clause: Evasion abilities are banned
|rule|Sleep Moves Clause: Sleep-inducing moves are banned
|clearpoke
|poke|p1|Ceruledge, M|
|poke|p1|Torkoal, F|
|poke|p1|Great Tusk|
|poke|p1|Walking Wake|
|poke|p1|Venusaur, M|
|poke|p1|Hatterene, F|
|poke|p2|Blissey, F|
|poke|p2|Landorus-Therian, M|
|poke|p2|Darkrai|
|poke|p2|Clefable, F|
|poke|p2|Corviknight, F|
|poke|p2|Dragapult, F|
|teampreview
|
|t:|1757803392
|teamsize|p1|6
|teamsize|p2|6
|start
|switch|p1a: Torkoal|Torkoal, F|100/100
|switch|p2a: Landorus|Landorus-Therian, M|100/100
|-ability|p2a: Landorus|Intimidate|boost
|-unboost|p1a: Torkoal|atk|1
|-weather|SunnyDay|[from] ability: Drought|[of] p1a: Torkoal
|turn|1
|
|t:|1757803400
|switch|p1a: Hatterene|Hatterene, F|100/100
|move|p2a: Landorus|Earthquake|p1a: Hatterene
|-damage|p1a: Hatterene|50/100
|-enditem|p1a: Hatterene|Eject Button
|
|t:|1757803404
|switch|p1a: Walking Wake|Walking Wake|100/100
|-activate|p1a: Walking Wake|ability: Protosynthesis
|-start|p1a: Walking Wake|protosynthesisspe
|
|-weather|SunnyDay|[upkeep]
|upkeep
|turn|2
|
|t:|1757803412
|-end|p1a: Walking Wake|Protosynthesis|[silent]
|switch|p1a: Ceruledge|Ceruledge, M, shiny|100/100
|switch|p2a: Blissey|Blissey, F|100/100
|
|-weather|SunnyDay|[upkeep]
|upkeep
|turn|3
|j| Nikator98
|l| Nikator98
|
|t:|1757803423
|switch|p2a: Landorus|Landorus-Therian, M|100/100
|-ability|p2a: Landorus|Intimidate|boost
|-unboost|p1a: Ceruledge|atk|1
|move|p1a: Ceruledge|Swords Dance|p1a: Ceruledge
|-boost|p1a: Ceruledge|atk|2
|
|-weather|SunnyDay|[upkeep]
|upkeep
|turn|4
|
|t:|1757803432
|move|p2a: Landorus|Earthquake|p1a: Ceruledge
|-supereffective|p1a: Ceruledge
|-enditem|p1a: Ceruledge|Focus Sash
|-damage|p1a: Ceruledge|1/100
|-ability|p1a: Ceruledge|Weak Armor|boost
|-unboost|p1a: Ceruledge|def|1
|-boost|p1a: Ceruledge|spe|2
|move|p1a: Ceruledge|Swords Dance|p1a: Ceruledge
|-boost|p1a: Ceruledge|atk|2
|
|-weather|SunnyDay|[upkeep]
|upkeep
|turn|5
|
|t:|1757803447
|move|p1a: Ceruledge|Bitter Blade|p2a: Landorus
|-damage|p2a: Landorus|0 fnt
|-heal|p1a: Ceruledge|56/100|[from] drain|[of] p2a: Landorus
|-damage|p1a: Ceruledge|39/100|[from] item: Rocky Helmet|[of] p2a: Landorus
|faint|p2a: Landorus
|
|-weather|SunnyDay|[upkeep]
|upkeep
|
|t:|1757803464
|switch|p2a: Clefable|Clefable, F|100/100
|turn|6
|
|t:|1757803481
|move|p1a: Ceruledge|Bitter Blade|p2a: Clefable
|-damage|p2a: Clefable|43/100
|-heal|p1a: Ceruledge|78/100|[from] drain|[of] p2a: Clefable
|move|p2a: Clefable|Thunder Wave|p1a: Ceruledge
|-status|p1a: Ceruledge|par
|
|-weather|SunnyDay|[upkeep]
|upkeep
|turn|7
|
|t:|1757803502
|move|p1a: Ceruledge|Bitter Blade|p2a: Clefable
|-damage|p2a: Clefable|0 fnt
|-heal|p1a: Ceruledge|100/100 par|[from] drain|[of] p2a: Clefable
|faint|p2a: Clefable
|
|-weather|SunnyDay|[upkeep]
|upkeep
|
|t:|1757803514
|switch|p2a: Dragapult|Dragapult, F|100/100
|turn|8
|
|t:|1757803520
|-terastallize|p2a: Dragapult|Ghost
|move|p1a: Ceruledge|Shadow Sneak|p2a: Dragapult
|-supereffective|p2a: Dragapult
|-damage|p2a: Dragapult|0 fnt
|faint|p2a: Dragapult
|
|-weather|none
|upkeep
|
|t:|1757803529
|switch|p2a: Darkrai|Darkrai|100/100
|turn|9
|
|t:|1757803535
|-terastallize|p1a: Ceruledge|Grass
|move|p2a: Darkrai|Dark Pulse|p1a: Ceruledge
|-damage|p1a: Ceruledge|48/100 par
|move|p1a: Ceruledge|Bitter Blade|p2a: Darkrai
|-damage|p2a: Darkrai|0 fnt
|-heal|p1a: Ceruledge|96/100 par|[from] drain|[of] p2a: Darkrai
|faint|p2a: Darkrai
|
|upkeep
|c|☆bennyemerald|im so cooked 💀
|-message|bennyemerald forfeited.
|
|win|Ausar489
|raw|Ausar489's rating: 1621 &rarr; <strong>1640</strong><br />(+19 for winning)
|raw|bennyemerald's rating: 1595 &rarr; <strong>1576</strong><br />(-19 for losing)
|l|☆bennyemerald
|player|p2|
