|j|☆gang696969
|j|☆Natorito
|t:|1757905429
|gametype|singles
|player|p1|gang696969|170|1112
|player|p2|Natorito|169|1125
|gen|9
|tier|[Gen 9] OU
|rated|
|rule|HP Percentage Mod: HP is shown in percentages
|rule|Endless Battle Clause: Forcing endless battles is banned
|rule|Species Clause: Limit one of each Pokémon
|rule|OHKO Clause: OHKO moves are banned
|rule|Evasion Items Clause: Evasion items are banned
|rule|Evasion Moves Clause: Evasion moves are banned
|rule|Evasion Abilities Clause: Evasion abilities are banned
|rule|Sleep Moves Clause: Sleep-inducing moves are banned
|clearpoke
|poke|p1|Great Tusk|
|poke|p1|Zapdos|
|poke|p1|Dragapult, M|
|poke|p1|Ceruledge, F|
|poke|p1|Dragonite, F|
|poke|p1|Kingambit, F|
|poke|p2|Slowbro-Galar, F|
|poke|p2|Mudsdale, F|
|poke|p2|Minior|
|poke|p2|Hitmonchan, M|
|poke|p2|Rotom-Heat|
|poke|p2|Milotic, F|
|teampreview
|inactive|Battle timer is ON: inactive players will automatically lose when time's up. (requested by Natorito)
|
|t:|1757905437
|teamsize|p1|6
|teamsize|p2|6
|start
|switch|p1a: Zapdos|Zapdos|100/100
|switch|p2a: Rotom|Rotom-Heat, shiny|100/100
|turn|1
|
|t:|1757905464
|switch|p1a: Great Tusk|Great Tusk|100/100
|move|p2a: Rotom|Trick|p1a: Great Tusk
|-activate|p2a: Rotom|move: Trick|[of] p1a: Great Tusk
|-item|p1a: Great Tusk|Choice Scarf|[from] move: Trick
|-item|p2a: Rotom|Heavy-Duty Boots|[from] move: Trick
|
|upkeep
|turn|2
|
|t:|1757905475
|move|p1a: Great Tusk|Close Combat|p2a: Rotom
|-damage|p2a: Rotom|28/100
|-unboost|p1a: Great Tusk|def|1
|-unboost|p1a: Great Tusk|spd|1
|move|p2a: Rotom|Will-O-Wisp|p1a: Great Tusk
|-status|p1a: Great Tusk|brn
|
|-damage|p1a: Great Tusk|94/100 brn|[from] brn
|upkeep
|turn|3
|
|t:|1757905487
|switch|p2a: Mudsdale|Mudsdale, F|100/100
|move|p1a: Great Tusk|Close Combat|p2a: Mudsdale
|-damage|p2a: Mudsdale|84/100
|-unboost|p1a: Great Tusk|def|1
|-unboost|p1a: Great Tusk|spd|1
|-ability|p2a: Mudsdale|Stamina|boost
|-boost|p2a: Mudsdale|def|1
|
|-heal|p2a: Mudsdale|91/100|[from] item: Leftovers
|-damage|p1a: Great Tusk|88/100 brn|[from] brn
|upkeep
|turn|4
|
|t:|1757905501
|-end|p1a: Great Tusk|Protosynthesis|[silent]
|switch|p1a: Zapdos|Zapdos|100/100
|move|p2a: Mudsdale|Stealth Rock|p1a: Zapdos
|-sidestart|p1: gang696969|move: Stealth Rock
|
|-heal|p2a: Mudsdale|97/100|[from] item: Leftovers
|upkeep
|turn|5
|
|t:|1757905525
|move|p1a: Zapdos|Rain Dance|p1a: Zapdos
|-weather|RainDance
|move|p2a: Mudsdale|Body Press|p1a: Zapdos
|-resisted|p1a: Zapdos
|-damage|p1a: Zapdos|80/100
|
|-weather|RainDance|[upkeep]
|-heal|p1a: Zapdos|86/100|[from] item: Leftovers
|-heal|p2a: Mudsdale|100/100|[from] item: Leftovers
|upkeep
|turn|6
|inactive|Natorito has 120 seconds left.
|
|t:|1757905565
|switch|p2a: Rotom|Rotom-Heat, shiny|28/100
|move|p1a: Zapdos|Hurricane|p2a: Rotom
|-resisted|p2a: Rotom
|-damage|p2a: Rotom|0 fnt
|faint|p2a: Rotom
|
|-weather|RainDance|[upkeep]
|-heal|p1a: Zapdos|92/100|[from] item: Leftovers
|upkeep
|
|t:|1757905575
|switch|p2a: Minior|Minior|100/100
|-formechange|p2a: Minior|Minior-Meteor||[from] ability: Shields Down
|turn|7
|
|t:|1757905588
|move|p1a: Zapdos|Discharge|p2a: Minior
|-supereffective|p2a: Minior
|-enditem|p2a: Minior|Focus Sash
|-damage|p2a: Minior|1/100
|move|p2a: Minior|Shell Smash|p2a: Minior
|-unboost|p2a: Minior|def|1
|-unboost|p2a: Minior|spd|1
|-boost|p2a: Minior|atk|2
|-boost|p2a: Minior|spa|2
|-boost|p2a: Minior|spe|2
|
|-weather|RainDance|[upkeep]
|-heal|p1a: Zapdos|98/100|[from] item: Leftovers
|-formechange|p2a: Minior|Minior||[from] ability: Shields Down
|upkeep
|turn|8
|
|t:|1757905606
|switch|p1a: Kingambit|Kingambit, F|100/100
|-damage|p1a: Kingambit|94/100|[from] Stealth Rock
|move|p2a: Minior|Power Gem|p1a: Kingambit
|-resisted|p1a: Kingambit
|-damage|p1a: Kingambit|73/100
|
|-weather|RainDance|[upkeep]
|upkeep
|turn|9
|
|t:|1757905616
|move|p1a: Kingambit|Sucker Punch||[still]
|-fail|p1a: Kingambit
|move|p2a: Minior|Shell Smash|p2a: Minior
|-unboost|p2a: Minior|def|1
|-unboost|p2a: Minior|spd|1
|-boost|p2a: Minior|atk|2
|-boost|p2a: Minior|spa|2
|-boost|p2a: Minior|spe|2
|
|-weather|none
|upkeep
|turn|10
|
|t:|1757905626
|move|p1a: Kingambit|Sucker Punch||[still]
|-fail|p1a: Kingambit
|move|p2a: Minior|Shell Smash|p2a: Minior
|-unboost|p2a: Minior|def|1
|-unboost|p2a: Minior|spd|1
|-boost|p2a: Minior|atk|2
|-boost|p2a: Minior|spa|2
|-boost|p2a: Minior|spe|2
|
|upkeep
|turn|11
|
|t:|1757905634
|move|p1a: Kingambit|Sucker Punch||[still]
|-fail|p1a: Kingambit
|move|p2a: Minior|Shell Smash|p2a: Minior
|-unboost|p2a: Minior|def|1
|-unboost|p2a: Minior|spd|1
|-boost|p2a: Minior|atk|0
|-boost|p2a: Minior|spa|0
|-boost|p2a: Minior|spe|0
|
|upkeep
|turn|12
|
|t:|1757905644
|move|p1a: Kingambit|Sucker Punch||[still]
|-fail|p1a: Kingambit
|move|p2a: Minior|Shell Smash|p2a: Minior
|-unboost|p2a: Minior|def|1
|-unboost|p2a: Minior|spd|1
|-boost|p2a: Minior|atk|0
|-boost|p2a: Minior|spa|0
|-boost|p2a: Minior|spe|0
|
|upkeep
|turn|13
|inactive|Natorito has 120 seconds left.
|
|t:|1757905655
|move|p2a: Minior|Shell Smash|p2a: Minior
|-unboost|p2a: Minior|def|1
|-unboost|p2a: Minior|spd|1
|-boost|p2a: Minior|atk|0
|-boost|p2a: Minior|spa|0
|-boost|p2a: Minior|spe|0
|move|p1a: Kingambit|Kowtow Cleave|p2a: Minior
|-damage|p2a: Minior|0 fnt
|faint|p2a: Minior
|
|upkeep
|
|t:|1757905666
|switch|p2a: Mudsdale|Mudsdale, F|100/100
|turn|14
|
|t:|1757905680
|-end|p1a: Kingambit|fallenundefined|[silent]
|switch|p1a: Zapdos|Zapdos|98/100
|-damage|p1a: Zapdos|73/100|[from] Stealth Rock
|move|p2a: Mudsdale|Body Press|p1a: Zapdos
|-resisted|p1a: Zapdos
|-damage|p1a: Zapdos|59/100
|
|-heal|p1a: Zapdos|65/100|[from] item: Leftovers
|upkeep
|turn|15
|
|t:|1757905690
|move|p1a: Zapdos|Rain Dance|p1a: Zapdos
|-weather|RainDance
|move|p2a: Mudsdale|Roar|p1a: Zapdos
|drag|p1a: Kingambit|Kingambit, F|73/100
|-damage|p1a: Kingambit|67/100|[from] Stealth Rock
|
|-weather|RainDance|[upkeep]
|upkeep
|turn|16
|inactive|Natorito has 120 seconds left.
|
|t:|1757905704
|-end|p1a: Kingambit|fallenundefined|[silent]
|switch|p1a: Great Tusk|Great Tusk|88/100 brn
|-damage|p1a: Great Tusk|85/100 brn|[from] Stealth Rock
|move|p2a: Mudsdale|Roar|p1a: Great Tusk
|-end|p1a: Great Tusk|Protosynthesis|[silent]
|drag|p1a: Kingambit|Kingambit, F|67/100
|-damage|p1a: Kingambit|60/100|[from] Stealth Rock
|
|-weather|RainDance|[upkeep]
|upkeep
|turn|17
|inactive|Natorito has 120 seconds left.
|
|t:|1757905716
|move|p1a: Kingambit|Kowtow Cleave|p2a: Mudsdale
|-damage|p2a: Mudsdale|67/100
|-ability|p2a: Mudsdale|Stamina|boost
|-boost|p2a: Mudsdale|def|1
|move|p2a: Mudsdale|Roar|p1a: Kingambit
|-end|p1a: Kingambit|fallenundefined|[silent]
|drag|p1a: Zapdos|Zapdos|65/100
|-damage|p1a: Zapdos|40/100|[from] Stealth Rock
|
|-weather|RainDance|[upkeep]
|-heal|p1a: Zapdos|46/100|[from] item: Leftovers
|-heal|p2a: Mudsdale|73/100|[from] item: Leftovers
|upkeep
|turn|18
|inactive|Natorito has 120 seconds left.
|
|t:|1757905735
|move|p1a: Zapdos|Roost|p1a: Zapdos
|-heal|p1a: Zapdos|96/100
|-singleturn|p1a: Zapdos|move: Roost
|move|p2a: Mudsdale|Roar|p1a: Zapdos
|drag|p1a: Great Tusk|Great Tusk|85/100 brn
|-damage|p1a: Great Tusk|82/100 brn|[from] Stealth Rock
|
|-weather|RainDance|[upkeep]
|-heal|p2a: Mudsdale|79/100|[from] item: Leftovers
|-damage|p1a: Great Tusk|76/100 brn|[from] brn
|upkeep
|turn|19
|
|t:|1757905750
|move|p1a: Great Tusk|Rapid Spin|p2a: Mudsdale
|-damage|p2a: Mudsdale|76/100
|-boost|p1a: Great Tusk|spe|1
|-ability|p2a: Mudsdale|Stamina|boost
|-boost|p2a: Mudsdale|def|1
|-sideend|p1: gang696969|Stealth Rock|[from] move: Rapid Spin|[of] p1a: Great Tusk
|move|p2a: Mudsdale|Body Press|p1a: Great Tusk
|-damage|p1a: Great Tusk|51/100 brn
|
|-weather|none
|-heal|p2a: Mudsdale|82/100|[from] item: Leftovers
|-damage|p1a: Great Tusk|45/100 brn|[from] brn
|upkeep
|turn|20
|
|t:|1757905763
|-end|p1a: Great Tusk|Protosynthesis|[silent]
|switch|p1a: Zapdos|Zapdos|96/100
|move|p2a: Mudsdale|Stealth Rock|p1a: Zapdos
|-sidestart|p1: gang696969|move: Stealth Rock
|
|-heal|p1a: Zapdos|100/100|[from] item: Leftovers
|-heal|p2a: Mudsdale|89/100|[from] item: Leftovers
|upkeep
|turn|21
|
|t:|1757905772
|move|p1a: Zapdos|Hurricane|p2a: Mudsdale|[miss]
|-miss|p1a: Zapdos|p2a: Mudsdale
|move|p2a: Mudsdale|Roar|p1a: Zapdos
|drag|p1a: Great Tusk|Great Tusk|45/100 brn
|-damage|p1a: Great Tusk|42/100 brn|[from] Stealth Rock
|
|-heal|p2a: Mudsdale|95/100|[from] item: Leftovers
|-damage|p1a: Great Tusk|36/100 brn|[from] brn
|upkeep
|turn|22
|inactive|Natorito has 120 seconds left.
|
|t:|1757905789
|move|p1a: Great Tusk|Rapid Spin|p2a: Mudsdale
|-damage|p2a: Mudsdale|92/100
|-boost|p1a: Great Tusk|spe|1
|-ability|p2a: Mudsdale|Stamina|boost
|-boost|p2a: Mudsdale|def|1
|-sideend|p1: gang696969|Stealth Rock|[from] move: Rapid Spin|[of] p1a: Great Tusk
|move|p2a: Mudsdale|Body Press|p1a: Great Tusk
|-damage|p1a: Great Tusk|2/100 brn
|
|-heal|p2a: Mudsdale|99/100|[from] item: Leftovers
|-damage|p1a: Great Tusk|0 fnt|[from] brn
|faint|p1a: Great Tusk
|-end|p1a: Great Tusk|Protosynthesis|[silent]
|upkeep
|inactive|gang696969 has 120 seconds left.
|
|t:|1757905812
|switch|p1a: Zapdos|Zapdos|100/100
|turn|23
|
|t:|1757905816
|move|p1a: Zapdos|Rain Dance|p1a: Zapdos
|-weather|RainDance
|move|p2a: Mudsdale|Roar|p1a: Zapdos
|drag|p1a: Kingambit|Kingambit, F|60/100
|-activate|p1a: Kingambit|ability: Supreme Overlord
|-start|p1a: Kingambit|fallen1|[silent]
|
|-weather|RainDance|[upkeep]
|-heal|p2a: Mudsdale|100/100|[from] item: Leftovers
|upkeep
|turn|24
|
|t:|1757905829
|move|p1a: Kingambit|Iron Head|p2a: Mudsdale
|-damage|p2a: Mudsdale|87/100
|-ability|p2a: Mudsdale|Stamina|boost
|-boost|p2a: Mudsdale|def|1
|move|p2a: Mudsdale|Body Press|p1a: Kingambit
|-supereffective|p1a: Kingambit
|-damage|p1a: Kingambit|0 fnt
|faint|p1a: Kingambit
|-end|p1a: Kingambit|fallen1|[silent]
|
|-weather|RainDance|[upkeep]
|-heal|p2a: Mudsdale|93/100|[from] item: Leftovers
|upkeep
|inactive|gang696969 has 120 seconds left.
|
|t:|1757905847
|switch|p1a: Dragapult|Dragapult, M|100/100
|turn|25
|
|t:|1757905867
|switch|p2a: Hitmonchan|Hitmonchan, M|100/100
|move|p1a: Dragapult|Shadow Ball|p2a: Hitmonchan
|-damage|p2a: Hitmonchan|74/100
|
|-weather|RainDance|[upkeep]
|upkeep
|turn|26
|
|t:|1757905876
|switch|p1a: Zapdos|Zapdos|100/100
|move|p2a: Hitmonchan|Knock Off|p1a: Zapdos
|-damage|p1a: Zapdos|69/100
|-status|p2a: Hitmonchan|par|[from] ability: Static|[of] p1a: Zapdos
|-enditem|p1a: Zapdos|Leftovers|[from] move: Knock Off|[of] p2a: Hitmonchan
|
|-weather|RainDance|[upkeep]
|upkeep
|turn|27
|inactive|Natorito has 120 seconds left.
|inactive|Natorito has 90 seconds left.
|
|t:|1757905934
|switch|p2a: Mudsdale|Mudsdale, F|93/100
|move|p1a: Zapdos|Hurricane|p2a: Mudsdale
|-damage|p2a: Mudsdale|35/100
|-start|p2a: Mudsdale|confusion
|-ability|p2a: Mudsdale|Stamina|boost
|-boost|p2a: Mudsdale|def|1
|
|-weather|none
|-heal|p2a: Mudsdale|41/100|[from] item: Leftovers
|upkeep
|turn|28
|inactive|Natorito has 90 seconds left.
|
|t:|1757905948
|switch|p2a: Milotic|Milotic, F|100/100
|move|p1a: Zapdos|Hurricane|p2a: Milotic
|-damage|p2a: Milotic|58/100
|
|-heal|p2a: Milotic|64/100|[from] item: Leftovers
|upkeep
|turn|29
|inactive|Natorito has 90 seconds left.
|
|t:|1757905961
|-terastallize|p2a: Milotic|Dragon
|move|p1a: Zapdos|Discharge|p2a: Milotic
|-resisted|p2a: Milotic
|-damage|p2a: Milotic|48/100
|-status|p2a: Milotic|par
|cant|p2a: Milotic|par
|
|-heal|p2a: Milotic|54/100 par|[from] item: Leftovers
|upkeep
|turn|30
|inactive|Natorito has 90 seconds left.
|
|t:|1757905987
|move|p1a: Zapdos|Hurricane|p2a: Milotic|[miss]
|-miss|p1a: Zapdos|p2a: Milotic
|cant|p2a: Milotic|par
|
|-heal|p2a: Milotic|60/100 par|[from] item: Leftovers
|upkeep
|turn|31
|
|t:|1757905995
|move|p1a: Zapdos|Hurricane|p2a: Milotic
|-damage|p2a: Milotic|20/100 par
|-start|p2a: Milotic|confusion
|-activate|p2a: Milotic|confusion
|-damage|p2a: Milotic|15/100 par|[from] confusion
|
|-heal|p2a: Milotic|21/100 par|[from] item: Leftovers
|upkeep
|turn|32
|
|t:|1757906004
|move|p1a: Zapdos|Discharge|p2a: Milotic
|-resisted|p2a: Milotic
|-damage|p2a: Milotic|7/100 par
|-activate|p2a: Milotic|confusion
|-damage|p2a: Milotic|3/100 par|[from] confusion
|
|-heal|p2a: Milotic|9/100 par|[from] item: Leftovers
|upkeep
|turn|33
|
|t:|1757906012
|move|p1a: Zapdos|Discharge|p2a: Milotic
|-resisted|p2a: Milotic
|-damage|p2a: Milotic|0 fnt
|faint|p2a: Milotic
|
|upkeep
|
|t:|1757906019
|switch|p2a: Slowbro|Slowbro-Galar, F|100/100
|turn|34
|inactive|gang696969 has 120 seconds left.
|-activate|p2a: Slowbro|item: Quick Claw
|
|t:|1757906052
|switch|p1a: Ceruledge|Ceruledge, F|100/100
|move|p2a: Slowbro|Belly Drum|p2a: Slowbro
|-damage|p2a: Slowbro|50/100
|-setboost|p2a: Slowbro|atk|6|[from] move: Belly Drum
|
|upkeep
|turn|35
|inactive|Natorito has 120 seconds left.
|inactive|gang696969 has 120 seconds left.
|
|t:|1757906066
|move|p1a: Ceruledge|Bitter Blade|p2a: Slowbro
|-damage|p2a: Slowbro|10/100
|move|p2a: Slowbro|Liquidation|p1a: Ceruledge
|-supereffective|p1a: Ceruledge
|-enditem|p1a: Ceruledge|Focus Sash
|-damage|p1a: Ceruledge|1/100
|-ability|p1a: Ceruledge|Weak Armor|boost
|-unboost|p1a: Ceruledge|def|1
|-boost|p1a: Ceruledge|spe|2
|
|upkeep
|turn|36
|inactive|gang696969 has 120 seconds left.
|inactive|Natorito has 120 seconds left.
|-activate|p2a: Slowbro|item: Quick Claw
|
|t:|1757906078
|move|p2a: Slowbro|Liquidation|p1a: Ceruledge
|-supereffective|p1a: Ceruledge
|-damage|p1a: Ceruledge|0 fnt
|faint|p1a: Ceruledge
|
|upkeep
|inactive|gang696969 has 120 seconds left.
|
|t:|1757906090
|switch|p1a: Dragapult|Dragapult, M|100/100
|turn|37
|inactive|gang696969 has 120 seconds left.
|
|t:|1757906097
|move|p1a: Dragapult|Shadow Ball|p2a: Slowbro
|-supereffective|p2a: Slowbro
|-damage|p2a: Slowbro|0 fnt
|faint|p2a: Slowbro
|
|upkeep
|-message|Natorito forfeited.
|
|win|gang696969
|raw|gang696969's rating: 1112 &rarr; <strong>1138</strong><br />(+26 for winning)
|raw|Natorito's rating: 1125 &rarr; <strong>1099</strong><br />(-26 for losing)
|l|☆Natorito
|player|p2|
|l|☆gang696969
|player|p1|
