|j|☆kittensnax
|j|☆tim and moby
|t:|1757893466
|gametype|singles
|player|p1|kittensnax|kris-gen2|1439
|player|p2|tim and moby|smasher|1493
|gen|9
|tier|[Gen 9] OU
|rated|
|rule|HP Percentage Mod: HP is shown in percentages
|rule|Endless Battle Clause: Forcing endless battles is banned
|rule|Species Clause: Limit one of each Pokémon
|rule|OHKO Clause: OHKO moves are banned
|rule|Evasion Items Clause: Evasion items are banned
|rule|Evasion Moves Clause: Evasion moves are banned
|rule|Evasion Abilities Clause: Evasion abilities are banned
|rule|Sleep Moves Clause: Sleep-inducing moves are banned
|clearpoke
|poke|p1|Porygon2|
|poke|p1|Farigiraf, M|
|poke|p1|Dragonite, F|
|poke|p1|Primarina, M|
|poke|p1|Ursaluna, M|
|poke|p1|Crawdaunt, F|
|poke|p2|Zapdos|
|poke|p2|Azumarill, M|
|poke|p2|Hydrapple, M|
|poke|p2|Excadrill, M|
|poke|p2|Tyranitar, F|
|poke|p2|Slowking-Galar, M|
|teampreview
|
|t:|1757893502
|teamsize|p1|6
|teamsize|p2|6
|start
|switch|p1a: FaRiGiЯaꟻ|Farigiraf, M, shiny|100/100
|switch|p2a: Tyranitar|Tyranitar, F|100/100
|-weather|Sandstorm|[from] ability: Sand Stream|[of] p2a: Tyranitar
|turn|1
|
|t:|1757893508
|move|p2a: Tyranitar|Knock Off|p1a: FaRiGiЯaꟻ
|-supereffective|p1a: FaRiGiЯaꟻ
|-damage|p1a: FaRiGiЯaꟻ|23/100
|-enditem|p1a: FaRiGiЯaꟻ|Weakness Policy
|-boost|p1a: FaRiGiЯaꟻ|atk|2|[from] item: Weakness Policy
|-boost|p1a: FaRiGiЯaꟻ|spa|2|[from] item: Weakness Policy
|move|p1a: FaRiGiЯaꟻ|Trick Room|p1a: FaRiGiЯaꟻ
|-fieldstart|move: Trick Room|[of] p1a: FaRiGiЯaꟻ
|
|-weather|Sandstorm|[upkeep]
|-damage|p1a: FaRiGiЯaꟻ|17/100|[from] Sandstorm
|upkeep
|turn|2
|
|t:|1757893517
|switch|p2a: Slowking|Slowking-Galar, M|100/100
|-terastallize|p1a: FaRiGiЯaꟻ|Fighting
|move|p1a: FaRiGiЯaꟻ|Tera Blast|p2a: Slowking|[anim] Tera Blast Fighting
|-resisted|p2a: Slowking
|-damage|p2a: Slowking|90/100
|
|-weather|Sandstorm|[upkeep]
|-damage|p2a: Slowking|83/100|[from] Sandstorm
|-damage|p1a: FaRiGiЯaꟻ|11/100|[from] Sandstorm
|upkeep
|turn|3
|
|t:|1757893536
|switch|p1a: Ursaluna|Ursaluna, M|100/100
|move|p2a: Slowking|Sludge Bomb|p1a: Ursaluna
|-resisted|p1a: Ursaluna
|-damage|p1a: Ursaluna|84/100
|-status|p1a: Ursaluna|psn
|
|-weather|Sandstorm|[upkeep]
|-damage|p2a: Slowking|77/100|[from] Sandstorm
|-damage|p1a: Ursaluna|72/100 psn|[from] psn
|upkeep
|turn|4
|
|t:|1757893550
|switch|p2a: Hydrapple|Hydrapple, M|100/100
|move|p1a: Ursaluna|Facade|p2a: Hydrapple
|-damage|p2a: Hydrapple|0 fnt
|faint|p2a: Hydrapple
|
|-weather|Sandstorm|[upkeep]
|-damage|p1a: Ursaluna|59/100 psn|[from] psn
|upkeep
|
|t:|1757893562
|switch|p2a: Azumarill|Azumarill, M|100/100
|turn|5
|
|t:|1757893574
|move|p2a: Azumarill|Aqua Jet|p1a: Ursaluna
|-supereffective|p1a: Ursaluna
|-damage|p1a: Ursaluna|23/100 psn
|move|p1a: Ursaluna|Facade|p2a: Azumarill
|-damage|p2a: Azumarill|0 fnt
|faint|p2a: Azumarill
|
|-weather|none
|-damage|p1a: Ursaluna|10/100 psn|[from] psn
|-fieldend|move: Trick Room
|upkeep
|
|t:|1757893585
|switch|p2a: Excadrill|Excadrill, M|100/100
|-item|p2a: Excadrill|Air Balloon
|turn|6
|
|t:|1757893603
|move|p2a: Excadrill|Rapid Spin|p1a: Ursaluna
|-damage|p1a: Ursaluna|0 fnt
|-boost|p2a: Excadrill|spe|1
|faint|p1a: Ursaluna
|
|upkeep
|
|t:|1757893607
|switch|p1a: FaRiGiЯaꟻ|Farigiraf, M, shiny, tera:Fighting|11/100
|turn|7
|
|t:|1757893610
|move|p2a: Excadrill|Rapid Spin|p1a: FaRiGiЯaꟻ
|-damage|p1a: FaRiGiЯaꟻ|0 fnt
|-boost|p2a: Excadrill|spe|1
|faint|p1a: FaRiGiЯaꟻ
|
|upkeep
|
|t:|1757893618
|switch|p1a: Crawdaunt|Crawdaunt, F|100/100
|turn|8
|
|t:|1757893626
|move|p2a: Excadrill|Earthquake|p1a: Crawdaunt
|-damage|p1a: Crawdaunt|33/100
|move|p1a: Crawdaunt|Razor Shell|p2a: Excadrill
|-supereffective|p2a: Excadrill
|-damage|p2a: Excadrill|0 fnt
|-enditem|p2a: Excadrill|Air Balloon
|faint|p2a: Excadrill
|-damage|p1a: Crawdaunt|23/100|[from] item: Life Orb
|
|upkeep
|
|t:|1757893640
|switch|p2a: Tyranitar|Tyranitar, F|100/100
|-weather|Sandstorm|[from] ability: Sand Stream|[of] p2a: Tyranitar
|turn|9
|
|t:|1757893652
|switch|p1a: Primarina|Primarina, M|100/100
|move|p2a: Tyranitar|Knock Off|p1a: Primarina
|-resisted|p1a: Primarina
|-damage|p1a: Primarina|76/100
|-enditem|p1a: Primarina|Assault Vest|[from] move: Knock Off|[of] p2a: Tyranitar
|
|-weather|Sandstorm|[upkeep]
|-damage|p1a: Primarina|70/100|[from] Sandstorm
|upkeep
|turn|10
|
|t:|1757893660
|move|p2a: Tyranitar|Stealth Rock|p1a: Primarina
|-sidestart|p1: kittensnax|move: Stealth Rock
|move|p1a: Primarina|Psychic Noise|p2a: Tyranitar
|-supereffective|p2a: Tyranitar
|-damage|p2a: Tyranitar|65/100
|-start|p2a: Tyranitar|move: Heal Block
|
|-weather|Sandstorm|[upkeep]
|-damage|p1a: Primarina|64/100|[from] Sandstorm
|upkeep
|turn|11
|
|t:|1757893670
|switch|p2a: Slowking|Slowking-Galar, M|100/100
|move|p1a: Primarina|Moonblast|p2a: Slowking
|-resisted|p2a: Slowking
|-damage|p2a: Slowking|85/100
|
|-weather|Sandstorm|[upkeep]
|-damage|p1a: Primarina|58/100|[from] Sandstorm
|-damage|p2a: Slowking|79/100|[from] Sandstorm
|upkeep
|turn|12
|
|t:|1757893678
|move|p1a: Primarina|Shadow Ball|p2a: Slowking
|-supereffective|p2a: Slowking
|-damage|p2a: Slowking|44/100
|move|p2a: Slowking|Sludge Bomb|p1a: Primarina
|-supereffective|p1a: Primarina
|-damage|p1a: Primarina|0 fnt
|faint|p1a: Primarina
|
|-weather|Sandstorm|[upkeep]
|-damage|p2a: Slowking|38/100|[from] Sandstorm
|upkeep
|
|t:|1757893692
|switch|p1a: Crawdaunt|Crawdaunt, F|23/100
|-damage|p1a: Crawdaunt|11/100|[from] Stealth Rock
|turn|13
|
|t:|1757893712
|move|p1a: Crawdaunt|Razor Shell|p2a: Slowking
|-damage|p2a: Slowking|0 fnt
|faint|p2a: Slowking
|-damage|p1a: Crawdaunt|1/100|[from] item: Life Orb
|
|-weather|none
|upkeep
|
|t:|1757893721
|switch|p2a: Zapdos|Zapdos|100/100
|turn|14
|
|t:|1757893726
|move|p1a: Crawdaunt|Aqua Jet|p2a: Zapdos
|-damage|p2a: Zapdos|63/100
|-damage|p1a: Crawdaunt|0 fnt|[from] item: Life Orb
|faint|p1a: Crawdaunt
|move|p2a: Zapdos|Roost|p2a: Zapdos
|-heal|p2a: Zapdos|100/100
|-singleturn|p2a: Zapdos|move: Roost
|
|upkeep
|
|t:|1757893731
|switch|p1a: a special boy|Porygon2|100/100
|-damage|p1a: a special boy|88/100|[from] Stealth Rock
|-ability|p1a: a special boy|Download|boost
|-boost|p1a: a special boy|atk|1
|turn|15
|
|t:|1757893741
|switch|p2a: Tyranitar|Tyranitar, F|65/100
|-weather|Sandstorm|[from] ability: Sand Stream|[of] p2a: Tyranitar
|move|p1a: a special boy|Ice Beam|p2a: Tyranitar
|-damage|p2a: Tyranitar|52/100
|-status|p2a: Tyranitar|frz
|
|-weather|Sandstorm|[upkeep]
|-damage|p1a: a special boy|82/100|[from] Sandstorm
|-heal|p2a: Tyranitar|58/100 frz|[from] item: Leftovers
|upkeep
|turn|16
|
|t:|1757893752
|move|p1a: a special boy|Thunderbolt|p2a: Tyranitar
|-damage|p2a: Tyranitar|46/100 frz
|cant|p2a: Tyranitar|frz
|
|-weather|Sandstorm|[upkeep]
|-damage|p1a: a special boy|76/100|[from] Sandstorm
|-heal|p2a: Tyranitar|52/100 frz|[from] item: Leftovers
|upkeep
|turn|17
|
|t:|1757893759
|move|p1a: a special boy|Thunderbolt|p2a: Tyranitar
|-damage|p2a: Tyranitar|39/100 frz
|-curestatus|p2a: Tyranitar|frz|[msg]
|move|p2a: Tyranitar|Knock Off|p1a: a special boy
|-damage|p1a: a special boy|48/100
|-enditem|p1a: a special boy|Eviolite|[from] move: Knock Off|[of] p2a: Tyranitar
|
|-weather|Sandstorm|[upkeep]
|-damage|p1a: a special boy|42/100|[from] Sandstorm
|-heal|p2a: Tyranitar|45/100|[from] item: Leftovers
|upkeep
|turn|18
|
|t:|1757893771
|move|p1a: a special boy|Recover|p1a: a special boy
|-heal|p1a: a special boy|92/100
|move|p2a: Tyranitar|Knock Off|p1a: a special boy
|-damage|p1a: a special boy|65/100
|
|-weather|Sandstorm|[upkeep]
|-damage|p1a: a special boy|59/100|[from] Sandstorm
|-heal|p2a: Tyranitar|51/100|[from] item: Leftovers
|upkeep
|turn|19
|
|t:|1757893779
|move|p1a: a special boy|Thunderbolt|p2a: Tyranitar
|-damage|p2a: Tyranitar|40/100
|-status|p2a: Tyranitar|par
|move|p2a: Tyranitar|Knock Off|p1a: a special boy
|-damage|p1a: a special boy|28/100
|
|-weather|none
|-heal|p2a: Tyranitar|46/100 par|[from] item: Leftovers
|upkeep
|turn|20
|
|t:|1757893787
|move|p1a: a special boy|Recover|p1a: a special boy
|-heal|p1a: a special boy|78/100
|move|p2a: Tyranitar|Low Kick|p1a: a special boy
|-supereffective|p1a: a special boy
|-damage|p1a: a special boy|41/100
|
|-heal|p2a: Tyranitar|52/100 par|[from] item: Leftovers
|upkeep
|turn|21
|
|t:|1757893794
|move|p1a: a special boy|Thunderbolt|p2a: Tyranitar
|-damage|p2a: Tyranitar|33/100 par
|cant|p2a: Tyranitar|par
|
|-heal|p2a: Tyranitar|39/100 par|[from] item: Leftovers
|upkeep
|turn|22
|
|t:|1757893800
|switch|p2a: Zapdos|Zapdos|100/100
|move|p1a: a special boy|Recover|p1a: a special boy
|-heal|p1a: a special boy|91/100
|
|upkeep
|turn|23
|
|t:|1757893807
|-terastallize|p2a: Zapdos|Ice
|move|p2a: Zapdos|Thunderbolt|p1a: a special boy
|-damage|p1a: a special boy|40/100
|move|p1a: a special boy|Ice Beam|p2a: Zapdos
|-resisted|p2a: Zapdos
|-damage|p2a: Zapdos|85/100
|
|upkeep
|turn|24
|
|t:|1757893819
|move|p2a: Zapdos|Thunderbolt|p1a: a special boy
|-damage|p1a: a special boy|0 fnt
|faint|p1a: a special boy
|
|upkeep
|
|t:|1757893821
|switch|p1a: Dragonite|Dragonite, F|100/100
|turn|25
|
|t:|1757893826
|switch|p2a: Tyranitar|Tyranitar, F|39/100 par
|-weather|Sandstorm|[from] ability: Sand Stream|[of] p2a: Tyranitar
|move|p1a: Dragonite|Low Kick|p2a: Tyranitar
|-supereffective|p2a: Tyranitar
|-damage|p2a: Tyranitar|0 fnt
|faint|p2a: Tyranitar
|
|-weather|Sandstorm|[upkeep]
|-damage|p1a: Dragonite|94/100|[from] Sandstorm
|upkeep
|
|t:|1757893835
|switch|p2a: Zapdos|Zapdos, tera:Ice|85/100
|turn|26
|
|t:|1757893840
|move|p1a: Dragonite|Extreme Speed|p2a: Zapdos
|-damage|p2a: Zapdos|54/100
|move|p2a: Zapdos|Roost|p2a: Zapdos
|-heal|p2a: Zapdos|100/100
|
|-weather|Sandstorm|[upkeep]
|-damage|p2a: Zapdos|94/100|[from] Sandstorm
|-damage|p1a: Dragonite|88/100|[from] Sandstorm
|upkeep
|turn|27
|
|t:|1757893848
|move|p2a: Zapdos|Weather Ball|p1a: Dragonite
|-supereffective|p1a: Dragonite
|-damage|p1a: Dragonite|18/100
|move|p1a: Dragonite|Low Kick|p2a: Zapdos
|-supereffective|p2a: Zapdos
|-damage|p2a: Zapdos|29/100
|
|-weather|Sandstorm|[upkeep]
|-damage|p2a: Zapdos|23/100|[from] Sandstorm
|-damage|p1a: Dragonite|12/100|[from] Sandstorm
|upkeep
|turn|28
|
|t:|1757893859
|move|p1a: Dragonite|Extreme Speed|p2a: Zapdos
|-damage|p2a: Zapdos|0 fnt
|faint|p2a: Zapdos
|
|win|kittensnax
|raw|kittensnax's rating: 1439 &rarr; <strong>1462</strong><br />(+23 for winning)
|raw|tim and moby's rating: 1493 &rarr; <strong>1470</strong><br />(-23 for losing)
|c|☆kittensnax|Gg!
|c|☆tim and moby|gg
