|j|☆smpark22
|j|☆EzzGamezz
|t:|1757920404
|gametype|singles
|player|p1|smpark22|1|1373
|player|p2|EzzGamezz|169|1345
|gen|9
|tier|[Gen 9] OU
|rated|
|rule|HP Percentage Mod: HP is shown in percentages
|rule|Endless Battle Clause: Forcing endless battles is banned
|rule|Species Clause: Limit one of each Pokémon
|rule|OHKO Clause: OHKO moves are banned
|rule|Evasion Items Clause: Evasion items are banned
|rule|Evasion Moves Clause: Evasion moves are banned
|rule|Evasion Abilities Clause: Evasion abilities are banned
|rule|Sleep Moves Clause: Sleep-inducing moves are banned
|clearpoke
|poke|p1|Zamazenta-*|
|poke|p1|Hatterene, F|
|poke|p1|Blissey, F|
|poke|p1|Gliscor, M|
|poke|p1|Rotom-Wash|
|poke|p1|Revavroom, M|
|poke|p2|Great Tusk|
|poke|p2|Heatran, M|
|poke|p2|Weavile, M|
|poke|p2|Primarina, M|
|poke|p2|Ogerpon, F|
|poke|p2|Pecharunt|
|teampreview
|inactive|Battle timer is ON: inactive players will automatically lose when time's up. (requested by EzzGamezz)
|c|☆smpark22|glhf
|
|t:|1757920425
|teamsize|p1|6
|teamsize|p2|6
|start
|switch|p1a: Rotom|Rotom-Wash|100/100
|switch|p2a: Anonymous|Ogerpon, F|100/100
|turn|1
|
|t:|1757920436
|switch|p1a: Revavroom|Revavroom, M|100/100
|move|p2a: Anonymous|Ivy Cudgel|p1a: Revavroom
|-resisted|p1a: Revavroom
|-damage|p1a: Revavroom|81/100
|
|upkeep
|turn|2
|
|t:|1757920450
|switch|p2a: Behemoth|Great Tusk, shiny|100/100
|move|p1a: Revavroom|Poison Jab|p2a: Behemoth
|-resisted|p2a: Behemoth
|-damage|p2a: Behemoth|79/100
|-damage|p1a: Revavroom|71/100|[from] item: Life Orb
|
|upkeep
|turn|3
|
|t:|1757920462
|switch|p1a: Rotom|Rotom-Wash|100/100
|move|p2a: Behemoth|Ice Spinner|p1a: Rotom
|-resisted|p1a: Rotom
|-damage|p1a: Rotom|85/100
|
|upkeep
|turn|4
|
|t:|1757920470
|-end|p2a: Behemoth|Protosynthesis|[silent]
|switch|p2a: Celestine|Primarina, M, shiny|100/100
|move|p1a: Rotom|Will-O-Wisp|p2a: Celestine|[miss]
|-miss|p1a: Rotom|p2a: Celestine
|
|upkeep
|turn|5
|
|t:|1757920479
|move|p1a: Rotom|Volt Switch|p2a: Celestine
|-supereffective|p2a: Celestine
|-damage|p2a: Celestine|64/100
|
|t:|1757920485
|switch|p1a: Blissey|Blissey, F|100/100|[from] Volt Switch
|move|p2a: Celestine|Flip Turn|p1a: Blissey
|-damage|p1a: Blissey|86/100
|
|t:|1757920491
|switch|p2a: Chaos|Heatran, M, shiny|100/100|[from] Flip Turn
|-item|p2a: Chaos|Air Balloon
|
|-heal|p1a: Blissey|92/100|[from] item: Leftovers
|upkeep
|turn|6
|
|t:|1757920504
|move|p2a: Chaos|Magma Storm|p1a: Blissey
|-damage|p1a: Blissey|74/100
|-activate|p1a: Blissey|move: Magma Storm|[of] p2a: Chaos
|move|p1a: Blissey|Seismic Toss|p2a: Chaos
|-damage|p2a: Chaos|70/100
|-enditem|p2a: Chaos|Air Balloon
|
|-heal|p1a: Blissey|81/100|[from] item: Leftovers
|-damage|p1a: Blissey|68/100|[from] move: Magma Storm|[partiallytrapped]
|upkeep
|turn|7
|
|t:|1757920516
|move|p2a: Chaos|Stealth Rock|p1a: Blissey
|-sidestart|p1: smpark22|move: Stealth Rock
|move|p1a: Blissey|Seismic Toss|p2a: Chaos
|-damage|p2a: Chaos|39/100
|
|-heal|p1a: Blissey|74/100|[from] item: Leftovers
|-damage|p1a: Blissey|62/100|[from] move: Magma Storm|[partiallytrapped]
|upkeep
|turn|8
|
|t:|1757920523
|move|p2a: Chaos|Magma Storm|p1a: Blissey
|-damage|p1a: Blissey|43/100
|move|p1a: Blissey|Seismic Toss|p2a: Chaos
|-damage|p2a: Chaos|8/100
|
|-heal|p1a: Blissey|49/100|[from] item: Leftovers
|-damage|p1a: Blissey|36/100|[from] move: Magma Storm|[partiallytrapped]
|upkeep
|turn|9
|
|t:|1757920533
|move|p2a: Chaos|Taunt|p1a: Blissey
|-start|p1a: Blissey|move: Taunt
|cant|p1a: Blissey|move: Taunt|Soft-Boiled
|
|-heal|p1a: Blissey|43/100|[from] item: Leftovers
|-damage|p1a: Blissey|30/100|[from] move: Magma Storm|[partiallytrapped]
|upkeep
|turn|10
|
|t:|1757920540
|move|p2a: Chaos|Magma Storm|p1a: Blissey
|-damage|p1a: Blissey|9/100
|move|p1a: Blissey|Seismic Toss|p2a: Chaos
|-damage|p2a: Chaos|0 fnt
|faint|p2a: Chaos
|
|-heal|p1a: Blissey|16/100|[from] item: Leftovers
|-end|p1a: Blissey|Magma Storm|[partiallytrapped]|[silent]
|upkeep
|
|t:|1757920551
|switch|p2a: Bandit|Weavile, M, shiny|100/100
|-ability|p2a: Bandit|Pressure
|turn|11
|
|t:|1757920555
|move|p2a: Bandit|Knock Off|p1a: Blissey
|-damage|p1a: Blissey|0 fnt
|-enditem|p1a: Blissey|Leftovers|[from] move: Knock Off|[of] p2a: Bandit
|faint|p1a: Blissey
|
|upkeep
|
|t:|1757920574
|switch|p1a: Hatterene|Hatterene, F|100/100
|-damage|p1a: Hatterene|88/100|[from] Stealth Rock
|turn|12
|
|t:|1757920581
|move|p2a: Bandit|Knock Off|p1a: Hatterene
|-damage|p1a: Hatterene|9/100
|-enditem|p1a: Hatterene|Assault Vest|[from] move: Knock Off|[of] p2a: Bandit
|move|p1a: Hatterene|Nuzzle|p2a: Bandit
|-damage|p2a: Bandit|94/100
|-status|p2a: Bandit|par
|
|upkeep
|turn|13
|
|t:|1757920588
|move|p2a: Bandit|Knock Off|p1a: Hatterene
|-damage|p1a: Hatterene|0 fnt
|faint|p1a: Hatterene
|
|upkeep
|
|t:|1757920602
|switch|p1a: Rotom|Rotom-Wash|85/100
|-damage|p1a: Rotom|72/100|[from] Stealth Rock
|turn|14
|
|t:|1757920607
|move|p1a: Rotom|Hydro Pump|p2a: Bandit
|-damage|p2a: Bandit|24/100 par
|cant|p2a: Bandit|par
|
|upkeep
|turn|15
|
|t:|1757920612
|move|p1a: Rotom|Volt Switch|p2a: Bandit
|-damage|p2a: Bandit|0 fnt
|faint|p2a: Bandit
|
|t:|1757920620
|switch|p1a: Gliscor|Gliscor, M|100/100|[from] Volt Switch
|-damage|p1a: Gliscor|88/100|[from] Stealth Rock
|
|-status|p1a: Gliscor|tox|[from] item: Toxic Orb
|upkeep
|
|t:|1757920629
|switch|p2a: Overseer|Pecharunt|100/100
|turn|16
|
|t:|1757920641
|move|p1a: Gliscor|Swords Dance|p1a: Gliscor
|-boost|p1a: Gliscor|atk|2
|move|p2a: Overseer|Parting Shot|p1a: Gliscor
|-unboost|p1a: Gliscor|atk|1
|-unboost|p1a: Gliscor|spa|1
|
|t:|1757920645
|switch|p2a: Behemoth|Great Tusk, shiny|79/100|[from] Parting Shot
|
|-heal|p1a: Gliscor|100/100 tox|[from] ability: Poison Heal
|upkeep
|turn|17
|inactive|smpark22 has 120 seconds left.
|
|t:|1757920688
|-terastallize|p1a: Gliscor|Normal
|move|p2a: Behemoth|Ice Spinner|p1a: Gliscor
|-damage|p1a: Gliscor|75/100 tox
|move|p1a: Gliscor|Scale Shot|p2a: Behemoth
|-damage|p2a: Behemoth|71/100
|-damage|p2a: Behemoth|63/100
|-damage|p2a: Behemoth|55/100
|-hitcount|p2a: Behemoth|3
|-unboost|p1a: Gliscor|def|1
|-boost|p1a: Gliscor|spe|1
|
|-heal|p1a: Gliscor|88/100 tox|[from] ability: Poison Heal
|upkeep
|turn|18
|
|t:|1757920702
|move|p1a: Gliscor|Facade|p2a: Behemoth
|-damage|p2a: Behemoth|0 fnt
|faint|p2a: Behemoth
|-end|p2a: Behemoth|Protosynthesis|[silent]
|
|-heal|p1a: Gliscor|99/100 tox|[from] ability: Poison Heal
|upkeep
|
|t:|1757920713
|switch|p2a: Anonymous|Ogerpon, F|100/100
|turn|19
|
|t:|1757920716
|-terastallize|p2a: Anonymous|Grass
|detailschange|p2a: Anonymous|Ogerpon-Teal-Tera, F, tera:Grass
|-ability|p2a: Anonymous|Embody Aspect (Teal)|boost
|-boost|p2a: Anonymous|spe|1
|move|p2a: Anonymous|Ivy Cudgel|p1a: Gliscor
|-damage|p1a: Gliscor|0 fnt
|faint|p1a: Gliscor
|
|upkeep
|
|t:|1757920724
|switch|p1a: Revavroom|Revavroom, M|71/100
|-damage|p1a: Revavroom|65/100|[from] Stealth Rock
|turn|20
|
|t:|1757920729
|switch|p2a: Overseer|Pecharunt|100/100
|move|p1a: Revavroom|Shift Gear|p1a: Revavroom
|-boost|p1a: Revavroom|spe|2
|-boost|p1a: Revavroom|atk|1
|
|upkeep
|turn|21
|
|t:|1757920737
|move|p1a: Revavroom|High Horsepower|p2a: Overseer
|-supereffective|p2a: Overseer
|-damage|p2a: Overseer|36/100
|-damage|p1a: Revavroom|48/100|[from] item: Rocky Helmet|[of] p2a: Overseer
|-damage|p1a: Revavroom|38/100|[from] item: Life Orb
|move|p2a: Overseer|Shadow Ball|p1a: Revavroom
|-damage|p1a: Revavroom|1/100
|-unboost|p1a: Revavroom|spd|1
|
|upkeep
|turn|22
|
|t:|1757920755
|move|p1a: Revavroom|High Horsepower|p2a: Overseer
|-supereffective|p2a: Overseer
|-damage|p2a: Overseer|0 fnt
|-damage|p1a: Revavroom|0 fnt|[from] item: Rocky Helmet|[of] p2a: Overseer
|faint|p2a: Overseer
|faint|p1a: Revavroom
|
|upkeep
|
|t:|1757920761
|switch|p1a: Zamazenta|Zamazenta|100/100
|switch|p2a: Anonymous|Ogerpon-Teal-Tera, F, tera:Grass|100/100
|-damage|p1a: Zamazenta|94/100|[from] Stealth Rock
|-ability|p1a: Zamazenta|Dauntless Shield|boost
|-boost|p1a: Zamazenta|def|1
|-ability|p2a: Anonymous|Embody Aspect (Teal)|boost
|-boost|p2a: Anonymous|spe|1
|turn|23
|
|t:|1757920770
|move|p2a: Anonymous|Ivy Cudgel|p1a: Zamazenta
|-damage|p1a: Zamazenta|34/100
|move|p1a: Zamazenta|Close Combat|p2a: Anonymous
|-damage|p2a: Anonymous|0 fnt
|-unboost|p1a: Zamazenta|def|1
|-unboost|p1a: Zamazenta|spd|1
|faint|p2a: Anonymous
|detailschange|p2: Anonymous|Ogerpon, F|[silent]
|
|upkeep
|
|t:|1757920774
|switch|p2a: Celestine|Primarina, M, shiny|64/100
|turn|24
|
|t:|1757920780
|move|p1a: Zamazenta|Close Combat|p2a: Celestine
|-resisted|p2a: Celestine
|-damage|p2a: Celestine|8/100
|-unboost|p1a: Zamazenta|def|1
|-unboost|p1a: Zamazenta|spd|1
|move|p2a: Celestine|Moonblast|p1a: Zamazenta
|-supereffective|p1a: Zamazenta
|-damage|p1a: Zamazenta|0 fnt
|faint|p1a: Zamazenta
|
|upkeep
|
|t:|1757920788
|switch|p1a: Rotom|Rotom-Wash|72/100
|-damage|p1a: Rotom|60/100|[from] Stealth Rock
|turn|25
|
|t:|1757920793
|move|p1a: Rotom|Thunderbolt|p2a: Celestine
|-supereffective|p2a: Celestine
|-damage|p2a: Celestine|0 fnt
|faint|p2a: Celestine
|
|win|smpark22
|raw|smpark22's rating: 1373 &rarr; <strong>1391</strong><br />(+18 for winning)
|raw|EzzGamezz's rating: 1345 &rarr; <strong>1327</strong><br />(-18 for losing)
|c|☆smpark22|gg
|l|☆EzzGamezz
|player|p2|
|l|☆smpark22
|player|p1|
