|j|☆gonzitosauri
|j|☆leo-oz
|t:|1757838699
|gametype|singles
|player|p1|gonzitosauri|2|1318
|player|p2|leo-oz|red|1284
|gen|9
|tier|[Gen 9] OU
|rated|
|rule|HP Percentage Mod: HP is shown in percentages
|rule|Endless Battle Clause: Forcing endless battles is banned
|rule|Species Clause: Limit one of each Pokémon
|rule|OHKO Clause: OHKO moves are banned
|rule|Evasion Items Clause: Evasion items are banned
|rule|Evasion Moves Clause: Evasion moves are banned
|rule|Evasion Abilities Clause: Evasion abilities are banned
|rule|Sleep Moves Clause: Sleep-inducing moves are banned
|clearpoke
|poke|p1|Whimsicott, F|
|poke|p1|Heatran, F|
|poke|p1|Cryogonal|
|poke|p1|Scizor, F|
|poke|p1|Gengar, F|
|poke|p1|Conkeldurr, F|
|poke|p2|Deoxys-Speed|
|poke|p2|Iron Moth|
|poke|p2|Kingambit, F|
|poke|p2|Ting-Lu|
|poke|p2|Chansey, F|
|poke|p2|Zamazenta-*|
|teampreview
|
|t:|1757838706
|teamsize|p1|6
|teamsize|p2|6
|start
|switch|p1a: TrolleHada|Whimsicott, F, shiny|100/100
|switch|p2a: Deoxys|Deoxys-Speed|100/100
|-ability|p2a: Deoxys|Pressure
|turn|1
|
|t:|1757838717
|move|p1a: TrolleHada|Substitute|p1a: TrolleHada
|-start|p1a: TrolleHada|Substitute
|-damage|p1a: TrolleHada|76/100
|move|p2a: Deoxys|Psycho Boost|p1a: TrolleHada
|-end|p1a: TrolleHada|Substitute
|-unboost|p2a: Deoxys|spa|2
|
|-heal|p1a: TrolleHada|82/100|[from] item: Leftovers
|upkeep
|turn|2
|
|t:|1757838725
|move|p1a: TrolleHada|Substitute|p1a: TrolleHada
|-start|p1a: TrolleHada|Substitute
|-damage|p1a: TrolleHada|57/100
|move|p2a: Deoxys|Psycho Boost|p1a: TrolleHada
|-end|p1a: TrolleHada|Substitute
|-unboost|p2a: Deoxys|spa|2
|
|-heal|p1a: TrolleHada|63/100|[from] item: Leftovers
|upkeep
|turn|3
|
|t:|1757838754
|switch|p2a: Chansey|Chansey, F|100/100
|move|p1a: TrolleHada|Substitute|p1a: TrolleHada
|-start|p1a: TrolleHada|Substitute
|-damage|p1a: TrolleHada|38/100
|
|-heal|p1a: TrolleHada|44/100|[from] item: Leftovers
|upkeep
|turn|4
|
|t:|1757838762
|move|p1a: TrolleHada|Leech Seed|p2a: Chansey
|-start|p2a: Chansey|move: Leech Seed
|move|p2a: Chansey|Seismic Toss|p1a: TrolleHada
|-end|p1a: TrolleHada|Substitute
|
|-heal|p1a: TrolleHada|50/100|[from] item: Leftovers
|-damage|p2a: Chansey|88/100|[from] Leech Seed|[of] p1a: TrolleHada
|-heal|p1a: TrolleHada|89/100|[silent]
|upkeep
|turn|5
|
|t:|1757838776
|switch|p2a: Ting-Lu|Ting-Lu|100/100
|-ability|p2a: Ting-Lu|Vessel of Ruin
|move|p1a: TrolleHada|Substitute|p1a: TrolleHada
|-start|p1a: TrolleHada|Substitute
|-damage|p1a: TrolleHada|64/100
|
|-heal|p1a: TrolleHada|70/100|[from] item: Leftovers
|upkeep
|turn|6
|
|t:|1757838786
|move|p1a: TrolleHada|Moonblast|p2a: Ting-Lu
|-supereffective|p2a: Ting-Lu
|-damage|p2a: Ting-Lu|57/100
|move|p2a: Ting-Lu|Stealth Rock|p1a: TrolleHada
|-sidestart|p1: gonzitosauri|move: Stealth Rock
|
|-heal|p1a: TrolleHada|76/100|[from] item: Leftovers
|-heal|p2a: Ting-Lu|63/100|[from] item: Leftovers
|upkeep
|turn|7
|
|t:|1757838799
|move|p1a: TrolleHada|Moonblast|p2a: Ting-Lu
|-supereffective|p2a: Ting-Lu
|-damage|p2a: Ting-Lu|21/100
|-unboost|p2a: Ting-Lu|spa|1
|move|p2a: Ting-Lu|Ruination|p1a: TrolleHada
|-end|p1a: TrolleHada|Substitute
|
|-heal|p1a: TrolleHada|82/100|[from] item: Leftovers
|-heal|p2a: Ting-Lu|27/100|[from] item: Leftovers
|upkeep
|turn|8
|
|t:|1757838811
|move|p1a: TrolleHada|Substitute|p1a: TrolleHada
|-start|p1a: TrolleHada|Substitute
|-damage|p1a: TrolleHada|57/100
|move|p2a: Ting-Lu|Ruination|p1a: TrolleHada
|-end|p1a: TrolleHada|Substitute
|
|-heal|p1a: TrolleHada|64/100|[from] item: Leftovers
|-heal|p2a: Ting-Lu|33/100|[from] item: Leftovers
|upkeep
|turn|9
|inactive|Battle timer is ON: inactive players will automatically lose when time's up. (requested by leo-oz)
|
|t:|1757838819
|move|p1a: TrolleHada|Moonblast|p2a: Ting-Lu
|-supereffective|p2a: Ting-Lu
|-damage|p2a: Ting-Lu|0 fnt
|faint|p2a: Ting-Lu
|
|-heal|p1a: TrolleHada|70/100|[from] item: Leftovers
|upkeep
|
|t:|1757838825
|switch|p2a: Kingambit|Kingambit, F|100/100
|-activate|p2a: Kingambit|ability: Supreme Overlord
|-start|p2a: Kingambit|fallen1|[silent]
|turn|10
|
|t:|1757838838
|move|p1a: TrolleHada|Moonblast|p2a: Kingambit
|-damage|p2a: Kingambit|66/100
|move|p2a: Kingambit|Iron Head|p1a: TrolleHada
|-supereffective|p1a: TrolleHada
|-damage|p1a: TrolleHada|0 fnt
|faint|p1a: TrolleHada
|
|upkeep
|
|t:|1757838850
|switch|p1a: Conkeldurr|Conkeldurr, F|100/100
|-damage|p1a: Conkeldurr|94/100|[from] Stealth Rock
|turn|11
|
|t:|1757838860
|-end|p2a: Kingambit|fallen1|[silent]
|switch|p2a: Zamazenta|Zamazenta|100/100
|-ability|p2a: Zamazenta|Dauntless Shield|boost
|-boost|p2a: Zamazenta|def|1
|move|p1a: Conkeldurr|Knock Off|p2a: Zamazenta
|-resisted|p2a: Zamazenta
|-damage|p2a: Zamazenta|89/100
|-enditem|p2a: Zamazenta|Leftovers|[from] move: Knock Off|[of] p1a: Conkeldurr
|
|-status|p1a: Conkeldurr|brn|[from] item: Flame Orb
|upkeep
|turn|12
|
|t:|1757838881
|move|p2a: Zamazenta|Iron Defense|p2a: Zamazenta
|-boost|p2a: Zamazenta|def|2
|move|p1a: Conkeldurr|Drain Punch|p2a: Zamazenta
|-damage|p2a: Zamazenta|65/100
|-heal|p1a: Conkeldurr|100/100 brn|[from] drain|[of] p2a: Zamazenta
|
|-damage|p1a: Conkeldurr|94/100 brn|[from] brn
|upkeep
|turn|13
|inactive|gonzitosauri has 120 seconds left.
|
|t:|1757838910
|move|p2a: Zamazenta|Body Press|p1a: Conkeldurr
|-damage|p1a: Conkeldurr|30/100 brn
|move|p1a: Conkeldurr|Drain Punch|p2a: Zamazenta
|-damage|p2a: Zamazenta|38/100
|-heal|p1a: Conkeldurr|41/100 brn|[from] drain|[of] p2a: Zamazenta
|
|-damage|p1a: Conkeldurr|35/100 brn|[from] brn
|upkeep
|turn|14
|inactive|gonzitosauri has 120 seconds left.
|inactive|gonzitosauri has 90 seconds left.
|
|t:|1757838947
|switch|p1a: Gengar|Gengar, F|100/100
|-damage|p1a: Gengar|88/100|[from] Stealth Rock
|move|p2a: Zamazenta|Body Press|p1a: Gengar
|-immune|p1a: Gengar
|
|-heal|p1a: Gengar|94/100|[from] item: Black Sludge
|upkeep
|turn|15
|inactive|gonzitosauri has 90 seconds left.
|
|t:|1757838958
|move|p2a: Zamazenta|Iron Head|p1a: Gengar
|-damage|p1a: Gengar|42/100
|cant|p1a: Gengar|flinch
|
|-heal|p1a: Gengar|48/100|[from] item: Black Sludge
|upkeep
|turn|16
|inactive|gonzitosauri has 90 seconds left.
|
|t:|1757838971
|move|p2a: Zamazenta|Iron Head|p1a: Gengar
|-damage|p1a: Gengar|0 fnt
|faint|p1a: Gengar
|
|upkeep
|inactive|gonzitosauri has 90 seconds left.
|c|☆gonzitosauri|am fighting a  major legendary
|c|☆gonzitosauri|i dont need bad luck D.
|
|t:|1757839003
|switch|p1a: Scizor|Scizor, F|100/100
|-damage|p1a: Scizor|88/100|[from] Stealth Rock
|turn|17
|
|t:|1757839017
|move|p2a: Zamazenta|Body Press|p1a: Scizor
|-damage|p1a: Scizor|15/100
|move|p1a: Scizor|Swords Dance|p1a: Scizor
|-boost|p1a: Scizor|atk|2
|
|upkeep
|turn|18
|
|t:|1757839028
|-terastallize|p1a: Scizor|Steel
|move|p1a: Scizor|Bullet Punch|p2a: Zamazenta
|-crit|p2a: Zamazenta
|-damage|p2a: Zamazenta|0 fnt
|faint|p2a: Zamazenta
|
|upkeep
|
|t:|1757839045
|switch|p2a: Kingambit|Kingambit, F|66/100
|-activate|p2a: Kingambit|ability: Supreme Overlord
|-start|p2a: Kingambit|fallen2|[silent]
|turn|19
|
|t:|1757839060
|move|p1a: Scizor|Bullet Punch|p2a: Kingambit
|-resisted|p2a: Kingambit
|-damage|p2a: Kingambit|27/100
|move|p2a: Kingambit|Shadow Claw|p1a: Scizor
|-damage|p1a: Scizor|0 fnt
|faint|p1a: Scizor
|
|upkeep
|
|t:|1757839070
|switch|p1a: Cryogonal|Cryogonal|100/100
|turn|20
|
|t:|1757839086
|move|p1a: Cryogonal|Rapid Spin|p2a: Kingambit
|-resisted|p2a: Kingambit
|-crit|p2a: Kingambit
|-damage|p2a: Kingambit|24/100
|-boost|p1a: Cryogonal|spe|1
|-sideend|p1: gonzitosauri|Stealth Rock|[from] move: Rapid Spin|[of] p1a: Cryogonal
|move|p2a: Kingambit|Iron Head|p1a: Cryogonal
|-supereffective|p1a: Cryogonal
|-damage|p1a: Cryogonal|0 fnt
|faint|p1a: Cryogonal
|
|upkeep
|
|t:|1757839100
|switch|p1a: Conkeldurr|Conkeldurr, F|35/100 brn
|turn|21
|
|t:|1757839114
|-terastallize|p2a: Kingambit|Ghost
|move|p2a: Kingambit|Swords Dance|p2a: Kingambit
|-boost|p2a: Kingambit|atk|2
|move|p1a: Conkeldurr|Drain Punch|p2a: Kingambit
|-immune|p2a: Kingambit
|
|-damage|p1a: Conkeldurr|29/100 brn|[from] brn
|upkeep
|turn|22
|inactive|gonzitosauri has 90 seconds left.
|
|t:|1757839123
|move|p2a: Kingambit|Sucker Punch|p1a: Conkeldurr
|-resisted|p1a: Conkeldurr
|-damage|p1a: Conkeldurr|0 fnt
|faint|p1a: Conkeldurr
|
|upkeep
|inactive|gonzitosauri has 90 seconds left.
|-message|gonzitosauri forfeited.
|
|win|leo-oz
|raw|gonzitosauri's rating: 1318 &rarr; <strong>1296</strong><br />(-22 for losing)
|raw|leo-oz's rating: 1284 &rarr; <strong>1311</strong><br />(+27 for winning)
|l|☆gonzitosauri
|player|p1|
|l|☆leo-oz
|player|p2|
