|j|☆ju2508
|j|☆567crazy
|t:|1757926103
|gametype|singles
|player|p1|ju2508|170|1229
|player|p2|567crazy|101|1180
|gen|9
|tier|[Gen 9] OU
|rated|
|rule|HP Percentage Mod: HP is shown in percentages
|rule|Endless Battle Clause: Forcing endless battles is banned
|rule|Species Clause: Limit one of each Pokémon
|rule|OHKO Clause: OHKO moves are banned
|rule|Evasion Items Clause: Evasion items are banned
|rule|Evasion Moves Clause: Evasion moves are banned
|rule|Evasion Abilities Clause: Evasion abilities are banned
|rule|Sleep Moves Clause: Sleep-inducing moves are banned
|clearpoke
|poke|p1|Galvantula, M|
|poke|p1|Heracross, F|
|poke|p1|Forretress, F|
|poke|p1|Araquanid, F|
|poke|p1|Lokix, M|
|poke|p1|Venomoth, F|
|poke|p2|Serperior, M|
|poke|p2|Gliscor, M|
|poke|p2|Clefable, F|
|poke|p2|Ceruledge, M|
|poke|p2|Kingambit, F|
|poke|p2|Blissey, F|
|teampreview
|inactive|Battle timer is ON: inactive players will automatically lose when time's up. (requested by ju2508)
|inactive|567crazy has 120 seconds left.
|
|t:|1757926136
|teamsize|p1|6
|teamsize|p2|6
|start
|switch|p1a: Lokix|Lokix, M|100/100
|switch|p2a: Gliscor|Gliscor, M|100/100
|turn|1
|inactive|567crazy has 120 seconds left.
|inactive|567crazy has 90 seconds left.
|
|t:|1757926202
|move|p2a: Gliscor|Swords Dance|p2a: Gliscor
|-boost|p2a: Gliscor|atk|2
|move|p1a: Lokix|Knock Off|p2a: Gliscor
|-damage|p2a: Gliscor|36/100
|-enditem|p2a: Gliscor|Toxic Orb|[from] move: Knock Off|[of] p1a: Lokix
|
|upkeep
|turn|2
|inactive|567crazy has 90 seconds left.
|
|t:|1757926221
|switch|p1a: Forretress|Forretress, F|100/100
|move|p2a: Gliscor|Facade|p1a: Forretress
|-resisted|p1a: Forretress
|-damage|p1a: Forretress|89/100
|
|-heal|p1a: Forretress|95/100|[from] item: Leftovers
|upkeep
|turn|3
|
|t:|1757926233
|move|p2a: Gliscor|Earthquake|p1a: Forretress
|-damage|p1a: Forretress|49/100
|move|p1a: Forretress|Stealth Rock|p2a: Gliscor
|-sidestart|p2: 567crazy|move: Stealth Rock
|
|-heal|p1a: Forretress|55/100|[from] item: Leftovers
|upkeep
|turn|4
|
|t:|1757926242
|move|p2a: Gliscor|Earthquake|p1a: Forretress
|-damage|p1a: Forretress|10/100
|move|p1a: Forretress|Spikes|p2a: Gliscor
|-sidestart|p2: 567crazy|Spikes
|
|-heal|p1a: Forretress|16/100|[from] item: Leftovers
|upkeep
|turn|5
|inactive|567crazy has 90 seconds left.
|
|t:|1757926250
|move|p2a: Gliscor|Earthquake|p1a: Forretress
|-damage|p1a: Forretress|0 fnt
|faint|p1a: Forretress
|
|upkeep
|
|t:|1757926258
|switch|p1a: Lokix|Lokix, M|100/100
|turn|6
|inactive|567crazy has 90 seconds left.
|
|t:|1757926275
|move|p1a: Lokix|First Impression|p2a: Gliscor
|-resisted|p2a: Gliscor
|-damage|p2a: Gliscor|0 fnt
|faint|p2a: Gliscor
|
|upkeep
|inactive|567crazy has 90 seconds left.
|
|t:|1757926287
|switch|p2a: Clefable|Clefable, F|100/100
|turn|7
|inactive|567crazy has 90 seconds left.
|
|t:|1757926309
|switch|p1a: Venomoth|Venomoth, F|100/100
|move|p2a: Clefable|Moonblast|p1a: Venomoth
|-resisted|p1a: Venomoth
|-damage|p1a: Venomoth|77/100
|
|upkeep
|turn|8
|
|t:|1757926332
|switch|p2a: Kingambit|Kingambit, F|100/100
|-damage|p2a: Kingambit|94/100|[from] Stealth Rock
|-damage|p2a: Kingambit|82/100|[from] Spikes
|-activate|p2a: Kingambit|ability: Supreme Overlord
|-start|p2a: Kingambit|fallen1|[silent]
|move|p1a: Venomoth|Quiver Dance|p1a: Venomoth
|-boost|p1a: Venomoth|spa|1
|-boost|p1a: Venomoth|spd|1
|-boost|p1a: Venomoth|spe|1
|
|upkeep
|turn|9
|inactive|567crazy has 60 seconds left.
|
|t:|1757926353
|-terastallize|p1a: Venomoth|Ground
|move|p1a: Venomoth|Tera Blast|p2a: Kingambit|[anim] Tera Blast Ground
|-supereffective|p2a: Kingambit
|-damage|p2a: Kingambit|0 fnt
|faint|p2a: Kingambit
|-end|p2a: Kingambit|fallen1|[silent]
|
|upkeep
|
|t:|1757926360
|switch|p2a: Serperior|Serperior, M|100/100
|-damage|p2a: Serperior|88/100|[from] Stealth Rock
|-damage|p2a: Serperior|76/100|[from] Spikes
|turn|10
|inactive|567crazy has 60 seconds left.
|
|t:|1757926373
|move|p1a: Venomoth|Sludge Bomb|p2a: Serperior
|-supereffective|p2a: Serperior
|-damage|p2a: Serperior|0 fnt
|faint|p2a: Serperior
|
|upkeep
|-message|567crazy forfeited.
|
|win|ju2508
|raw|ju2508's rating: 1229 &rarr; <strong>1250</strong><br />(+21 for winning)
|raw|567crazy's rating: 1180 &rarr; <strong>1159</strong><br />(-21 for losing)
|l|☆567crazy
|player|p2|
|l|☆ju2508
|player|p1|
