|j|☆The Moz
|j|☆kk826
|t:|1757791414
|gametype|singles
|player|p1|The Moz|brock|1121
|player|p2|kk826|dancer|1106
|gen|9
|tier|[Gen 9] OU
|rated|
|rule|HP Percentage Mod: HP is shown in percentages
|rule|Endless Battle Clause: Forcing endless battles is banned
|rule|Species Clause: Limit one of each Pokémon
|rule|OHKO Clause: OHKO moves are banned
|rule|Evasion Items Clause: Evasion items are banned
|rule|Evasion Moves Clause: Evasion moves are banned
|rule|Evasion Abilities Clause: Evasion abilities are banned
|rule|Sleep Moves Clause: Sleep-inducing moves are banned
|clearpoke
|poke|p1|Ambipom, F|
|poke|p1|Tornadus, M|
|poke|p1|Qwilfish, M|
|poke|p1|Arcanine, F|
|poke|p1|Electrode-Hisui|
|poke|p1|Gliscor, M|
|poke|p2|Gliscor, F|
|poke|p2|Primarina, M|
|poke|p2|Scizor, F|
|poke|p2|Arcanine-Hisui, M|
|poke|p2|Gengar, F|
|poke|p2|Zapdos|
|teampreview
|
|t:|1757791426
|teamsize|p1|6
|teamsize|p2|6
|start
|switch|p1a: Ambipom|Ambipom, F|100/100
|switch|p2a: Primarina|Primarina, M|100/100
|turn|1
|
|t:|1757791441
|switch|p2a: Gengar|Gengar, F|100/100
|move|p1a: Ambipom|Fake Out|p2a: Gengar
|-immune|p2a: Gengar
|
|upkeep
|turn|2
|
|t:|1757791451
|-terastallize|p1a: Ambipom|Normal
|move|p1a: Ambipom|Knock Off|p2a: Gengar
|-supereffective|p2a: Gengar
|-crit|p2a: Gengar
|-damage|p2a: Gengar|0 fnt
|-enditem|p2a: Gengar|Life Orb|[from] move: Knock Off|[of] p1a: Ambipom
|faint|p2a: Gengar
|
|upkeep
|
|t:|1757791486
|switch|p2a: Arcanine|Arcanine-Hisui, M|100/100
|-ability|p2a: Arcanine|Intimidate|boost
|-unboost|p1a: Ambipom|atk|1
|turn|3
|
|t:|1757791502
|move|p1a: Ambipom|U-turn|p2a: Arcanine
|-resisted|p2a: Arcanine
|-damage|p2a: Arcanine|93/100
|
|t:|1757791506
|switch|p1a: Qwilfish|Qwilfish, M|100/100|[from] U-turn
|-ability|p1a: Qwilfish|Intimidate|boost
|-unboost|p2a: Arcanine|atk|1
|move|p2a: Arcanine|Close Combat|p1a: Qwilfish
|-resisted|p1a: Qwilfish
|-damage|p1a: Qwilfish|88/100
|-unboost|p2a: Arcanine|def|1
|-unboost|p2a: Arcanine|spd|1
|-damage|p2a: Arcanine|76/100|[from] item: Rocky Helmet|[of] p1a: Qwilfish
|
|upkeep
|turn|4
|
|t:|1757791526
|switch|p2a: Zapdos|Zapdos|100/100
|move|p1a: Qwilfish|Spikes|p2a: Zapdos
|-sidestart|p2: kk826|Spikes
|
|upkeep
|turn|5
|
|t:|1757791546
|switch|p1a: Gliscor|Gliscor, M, shiny|100/100
|move|p2a: Zapdos|Light Screen|p2a: Zapdos
|-sidestart|p2: kk826|move: Light Screen
|
|-status|p1a: Gliscor|tox|[from] item: Toxic Orb
|upkeep
|turn|6
|
|t:|1757791560
|switch|p2a: Primarina|Primarina, M|100/100
|-damage|p2a: Primarina|88/100|[from] Spikes
|move|p1a: Gliscor|Swords Dance|p1a: Gliscor
|-boost|p1a: Gliscor|atk|2
|
|upkeep
|turn|7
|inactive|Battle timer is ON: inactive players will automatically lose when time's up. (requested by kk826)
|inactive|The Moz has 120 seconds left.
|
|t:|1757791665
|move|p1a: Gliscor|Facade|p2a: Primarina
|-damage|p2a: Primarina|6/100
|move|p2a: Primarina|Ice Beam|p1a: Gliscor
|-supereffective|p1a: Gliscor
|-damage|p1a: Gliscor|0 fnt
|faint|p1a: Gliscor
|-damage|p2a: Primarina|0 fnt|[from] item: Life Orb
|faint|p2a: Primarina
|
|upkeep
|
|t:|1757791687
|switch|p1a: Ambipom|Ambipom, F, tera:Normal|100/100
|switch|p2a: Gliscor|Gliscor, F|100/100
|turn|8
|
|t:|1757791712
|move|p1a: Ambipom|Knock Off|p2a: Gliscor
|-damage|p2a: Gliscor|80/100
|-enditem|p2a: Gliscor|Toxic Orb|[from] move: Knock Off|[of] p1a: Ambipom
|move|p2a: Gliscor|Stealth Rock|p1a: Ambipom
|-sidestart|p1: The Moz|move: Stealth Rock
|
|upkeep
|turn|9
|inactive|kk826 has 120 seconds left.
|inactive|The Moz has 120 seconds left.
|
|t:|1757791749
|switch|p2a: Arcanine|Arcanine-Hisui, M|76/100
|-damage|p2a: Arcanine|64/100|[from] Spikes
|-ability|p2a: Arcanine|Intimidate|boost
|-unboost|p1a: Ambipom|atk|1
|move|p1a: Ambipom|Double Hit|p2a: Arcanine|[miss]
|-miss|p1a: Ambipom|p2a: Arcanine
|
|-sideend|p2: kk826|move: Light Screen
|upkeep
|turn|10
|inactive|The Moz has 120 seconds left.
|inactive|kk826 has 120 seconds left.
|
|t:|1757791773
|switch|p1a: Qwilfish|Qwilfish, M|88/100
|-damage|p1a: Qwilfish|76/100|[from] Stealth Rock
|-ability|p1a: Qwilfish|Intimidate|boost
|-unboost|p2a: Arcanine|atk|1
|switch|p2a: Zapdos|Zapdos|100/100
|
|upkeep
|turn|11
|inactive|The Moz has 120 seconds left.
|inactive|The Moz has 90 seconds left.
|
|t:|1757791832
|switch|p1a: Arcanine|Arcanine, F|100/100
|move|p2a: Zapdos|Thunderbolt|p1a: Arcanine
|-damage|p1a: Arcanine|38/100
|
|upkeep
|turn|12
|
|t:|1757791843
|move|p2a: Zapdos|Thunderbolt|p1a: Arcanine
|-damage|p1a: Arcanine|0 fnt
|faint|p1a: Arcanine
|
|upkeep
|
|t:|1757791855
|switch|p1a: Ambipom|Ambipom, F, tera:Normal|100/100
|-damage|p1a: Ambipom|88/100|[from] Stealth Rock
|turn|13
|
|t:|1757791875
|switch|p2a: Arcanine|Arcanine-Hisui, M|64/100
|-damage|p2a: Arcanine|51/100|[from] Spikes
|-ability|p2a: Arcanine|Intimidate|boost
|-unboost|p1a: Ambipom|atk|1
|move|p1a: Ambipom|Fake Out|p2a: Arcanine
|-resisted|p2a: Arcanine
|-damage|p2a: Arcanine|35/100
|
|upkeep
|turn|14
|
|t:|1757791887
|move|p1a: Ambipom|Knock Off|p2a: Arcanine
|-damage|p2a: Arcanine|14/100
|-enditem|p2a: Arcanine|Assault Vest|[from] move: Knock Off|[of] p1a: Ambipom
|move|p2a: Arcanine|Close Combat|p1a: Ambipom
|-supereffective|p1a: Ambipom
|-damage|p1a: Ambipom|0 fnt
|-unboost|p2a: Arcanine|def|1
|-unboost|p2a: Arcanine|spd|1
|faint|p1a: Ambipom
|
|upkeep
|
|t:|1757791900
|switch|p1a: Electrode|Electrode-Hisui|100/100
|turn|15
|
|t:|1757791917
|move|p2a: Arcanine|Extreme Speed|p1a: Electrode
|-damage|p1a: Electrode|50/100
|move|p1a: Electrode|Foul Play|p2a: Arcanine
|-damage|p2a: Arcanine|0 fnt
|faint|p2a: Arcanine
|
|upkeep
|inactive|kk826 has 90 seconds left.
|
|t:|1757791946
|switch|p2a: Zapdos|Zapdos|100/100
|turn|16
|
|t:|1757791953
|move|p1a: Electrode|Foul Play|p2a: Zapdos
|-damage|p2a: Zapdos|81/100
|move|p2a: Zapdos|Heat Wave|p1a: Electrode
|-supereffective|p1a: Electrode
|-damage|p1a: Electrode|0 fnt
|faint|p1a: Electrode
|
|upkeep
|inactive|The Moz has 90 seconds left.
|inactive|The Moz has 60 seconds left.
|
|t:|1757792001
|switch|p1a: Tornadus|Tornadus, M|100/100
|-damage|p1a: Tornadus|76/100|[from] Stealth Rock
|turn|17
|inactive|kk826 has 90 seconds left.
|
|t:|1757792020
|move|p1a: Tornadus|Acrobatics|p2a: Zapdos
|-resisted|p2a: Zapdos
|-damage|p2a: Zapdos|51/100
|-status|p1a: Tornadus|par|[from] ability: Static|[of] p2a: Zapdos
|move|p2a: Zapdos|Thunderbolt|p1a: Tornadus
|-supereffective|p1a: Tornadus
|-damage|p1a: Tornadus|0 fnt
|faint|p1a: Tornadus
|
|upkeep
|inactive|The Moz has 60 seconds left.
|
|t:|1757792031
|switch|p1a: Qwilfish|Qwilfish, M|76/100
|-damage|p1a: Qwilfish|63/100|[from] Stealth Rock
|-ability|p1a: Qwilfish|Intimidate|boost
|-unboost|p2a: Zapdos|atk|1
|turn|18
|
|t:|1757792037
|move|p2a: Zapdos|Thunderbolt|p1a: Qwilfish
|-supereffective|p1a: Qwilfish
|-damage|p1a: Qwilfish|0 fnt
|faint|p1a: Qwilfish
|
|win|kk826
|raw|The Moz's rating: 1121 &rarr; <strong>1095</strong><br />(-26 for losing)
|raw|kk826's rating: 1106 &rarr; <strong>1132</strong><br />(+26 for winning)
|l|☆The Moz
|player|p1|
|l|☆kk826
|player|p2|
