|j|☆supraxd
|j|☆cdglo
|t:|1757835929
|gametype|singles
|player|p1|supraxd|steven|1164
|player|p2|cdglo|sailor|1168
|gen|9
|tier|[Gen 9] OU
|rated|
|rule|HP Percentage Mod: HP is shown in percentages
|rule|Endless Battle Clause: Forcing endless battles is banned
|rule|Species Clause: Limit one of each Pokémon
|rule|OHKO Clause: OHKO moves are banned
|rule|Evasion Items Clause: Evasion items are banned
|rule|Evasion Moves Clause: Evasion moves are banned
|rule|Evasion Abilities Clause: Evasion abilities are banned
|rule|Sleep Moves Clause: Sleep-inducing moves are banned
|clearpoke
|poke|p1|Bastiodon, F|
|poke|p1|Dragapult, M|
|poke|p1|Jolteon, M|
|poke|p1|Gliscor, M|
|poke|p1|Hitmontop, M|
|poke|p1|Moltres|
|poke|p2|Ting-Lu|
|poke|p2|Zangoose, F|
|poke|p2|Masquerain, M|
|poke|p2|Iron Valiant|
|poke|p2|Entei|
|poke|p2|Mew|
|teampreview
|
|t:|1757835952
|teamsize|p1|6
|teamsize|p2|6
|start
|switch|p1a: Shield|Bastiodon, F|100/100
|switch|p2a: Ting-Lu|Ting-Lu|100/100
|-ability|p2a: Ting-Lu|Vessel of Ruin
|turn|1
|
|t:|1757835971
|move|p2a: Ting-Lu|Body Press|p1a: Shield
|-supereffective|p1a: Shield
|-damage|p1a: Shield|20/100
|move|p1a: Shield|Metal Burst|p2a: Ting-Lu
|-damage|p2a: Ting-Lu|25/100
|
|-heal|p2a: Ting-Lu|31/100|[from] item: Leftovers
|upkeep
|turn|2
|
|t:|1757835982
|switch|p1a: Moltres|Moltres|100/100
|move|p2a: Ting-Lu|Stealth Rock|p1a: Moltres
|-sidestart|p1: supraxd|move: Stealth Rock
|
|-heal|p2a: Ting-Lu|37/100|[from] item: Leftovers
|upkeep
|turn|3
|
|t:|1757835997
|move|p1a: Moltres|Will-O-Wisp|p2a: Ting-Lu
|-status|p2a: Ting-Lu|brn
|move|p2a: Ting-Lu|Spikes|p1a: Moltres
|-sidestart|p1: supraxd|Spikes
|
|-heal|p2a: Ting-Lu|43/100 brn|[from] item: Leftovers
|-damage|p2a: Ting-Lu|37/100 brn|[from] brn
|upkeep
|turn|4
|
|t:|1757836009
|move|p1a: Moltres|U-turn|p2a: Ting-Lu
|-supereffective|p2a: Ting-Lu
|-damage|p2a: Ting-Lu|23/100 brn
|
|t:|1757836010
|switch|p1a: Beyblade|Hitmontop, M, shiny|100/100|[from] U-turn
|-damage|p1a: Beyblade|94/100|[from] Stealth Rock
|-damage|p1a: Beyblade|82/100|[from] Spikes
|move|p2a: Ting-Lu|Spikes|p1a: Beyblade
|-sidestart|p1: supraxd|Spikes
|
|-heal|p2a: Ting-Lu|30/100 brn|[from] item: Leftovers
|-damage|p2a: Ting-Lu|23/100 brn|[from] brn
|upkeep
|turn|5
|
|t:|1757836022
|move|p1a: Beyblade|Rapid Spin|p2a: Ting-Lu
|-damage|p2a: Ting-Lu|14/100 brn
|-boost|p1a: Beyblade|spe|1
|-sideend|p1: supraxd|Spikes|[from] move: Rapid Spin|[of] p1a: Beyblade
|-sideend|p1: supraxd|Stealth Rock|[from] move: Rapid Spin|[of] p1a: Beyblade
|move|p2a: Ting-Lu|Whirlwind|p1a: Beyblade
|drag|p1a: Moltres|Moltres|100/100
|
|-heal|p2a: Ting-Lu|20/100 brn|[from] item: Leftovers
|-damage|p2a: Ting-Lu|14/100 brn|[from] brn
|upkeep
|turn|6
|
|t:|1757836033
|move|p1a: Moltres|U-turn|p2a: Ting-Lu
|-supereffective|p2a: Ting-Lu
|-damage|p2a: Ting-Lu|0 fnt
|faint|p2a: Ting-Lu
|
|t:|1757836035
|switch|p1a: Squanchy|Jolteon, M|100/100|[from] U-turn
|
|-status|p1a: Squanchy|brn|[from] item: Flame Orb
|upkeep
|
|t:|1757836048
|switch|p2a: Zangoose|Zangoose, F|100/100
|turn|7
|
|t:|1757836073
|switch|p1a: Gliscor|Gliscor, M|100/100
|move|p2a: Zangoose|Belly Drum|p2a: Zangoose
|-damage|p2a: Zangoose|50/100
|-setboost|p2a: Zangoose|atk|6|[from] move: Belly Drum
|-enditem|p2a: Zangoose|Sitrus Berry|[eat]
|-heal|p2a: Zangoose|75/100|[from] item: Sitrus Berry
|
|-status|p1a: Gliscor|tox|[from] item: Toxic Orb
|upkeep
|turn|8
|
|t:|1757836097
|move|p2a: Zangoose|Power Trip|p1a: Gliscor
|-damage|p1a: Gliscor|0 fnt
|faint|p1a: Gliscor
|
|upkeep
|
|t:|1757836103
|switch|p1a: Dragapult|Dragapult, M|100/100
|turn|9
|
|t:|1757836108
|switch|p2a: Iron Valiant|Iron Valiant, shiny|100/100
|-enditem|p2a: Iron Valiant|Booster Energy
|-activate|p2a: Iron Valiant|ability: Quark Drive|[fromitem]
|-start|p2a: Iron Valiant|quarkdrivespe
|move|p1a: Dragapult|Dragon Darts|p2a: Iron Valiant
|-immune|p2a: Iron Valiant
|
|upkeep
|turn|10
|
|t:|1757836121
|switch|p1a: Moltres|Moltres|100/100
|move|p2a: Iron Valiant|Swords Dance|p2a: Iron Valiant
|-boost|p2a: Iron Valiant|atk|2
|
|upkeep
|turn|11
|
|t:|1757836128
|-terastallize|p2a: Iron Valiant|Ghost
|move|p2a: Iron Valiant|Swords Dance|p2a: Iron Valiant
|-boost|p2a: Iron Valiant|atk|2
|move|p1a: Moltres|Will-O-Wisp|p2a: Iron Valiant|[miss]
|-miss|p1a: Moltres|p2a: Iron Valiant
|
|upkeep
|turn|12
|
|t:|1757836140
|move|p2a: Iron Valiant|Shadow Sneak|p1a: Moltres
|-damage|p1a: Moltres|61/100
|move|p1a: Moltres|Will-O-Wisp|p2a: Iron Valiant
|-status|p2a: Iron Valiant|brn
|
|-damage|p2a: Iron Valiant|94/100 brn|[from] brn
|upkeep
|turn|13
|
|t:|1757836147
|move|p2a: Iron Valiant|Shadow Sneak|p1a: Moltres
|-damage|p1a: Moltres|40/100
|move|p1a: Moltres|Roost|p1a: Moltres
|-heal|p1a: Moltres|91/100
|-singleturn|p1a: Moltres|move: Roost
|
|-damage|p2a: Iron Valiant|88/100 brn|[from] brn
|upkeep
|turn|14
|
|t:|1757836154
|move|p2a: Iron Valiant|Swords Dance|p2a: Iron Valiant
|-boost|p2a: Iron Valiant|atk|2
|move|p1a: Moltres|Flamethrower|p2a: Iron Valiant
|-damage|p2a: Iron Valiant|25/100 brn
|
|-damage|p2a: Iron Valiant|18/100 brn|[from] brn
|upkeep
|turn|15
|
|t:|1757836164
|move|p2a: Iron Valiant|Shadow Sneak|p1a: Moltres
|-damage|p1a: Moltres|61/100
|move|p1a: Moltres|Roost|p1a: Moltres
|-heal|p1a: Moltres|100/100
|-singleturn|p1a: Moltres|move: Roost
|
|-damage|p2a: Iron Valiant|12/100 brn|[from] brn
|upkeep
|turn|16
|
|t:|1757836175
|move|p2a: Iron Valiant|Shadow Sneak|p1a: Moltres
|-damage|p1a: Moltres|71/100
|move|p1a: Moltres|Roost|p1a: Moltres
|-heal|p1a: Moltres|100/100
|-singleturn|p1a: Moltres|move: Roost
|
|-damage|p2a: Iron Valiant|6/100 brn|[from] brn
|upkeep
|turn|17
|
|t:|1757836196
|-end|p2a: Iron Valiant|Quark Drive|[silent]
|switch|p2a: Masquerain|Masquerain, M|100/100
|-ability|p2a: Masquerain|Intimidate|boost
|-unboost|p1a: Moltres|atk|1
|move|p1a: Moltres|Roost||[still]
|-fail|p1a: Moltres|heal
|
|upkeep
|turn|18
|
|t:|1757836203
|move|p2a: Masquerain|Quiver Dance|p2a: Masquerain
|-boost|p2a: Masquerain|spa|1
|-boost|p2a: Masquerain|spd|1
|-boost|p2a: Masquerain|spe|1
|move|p1a: Moltres|U-turn|p2a: Masquerain
|-resisted|p2a: Masquerain
|-damage|p2a: Masquerain|92/100
|
|t:|1757836206
|switch|p1a: Squanchy|Jolteon, M|100/100 brn|[from] U-turn
|
|-damage|p1a: Squanchy|95/100 brn|[from] brn
|upkeep
|turn|19
|
|t:|1757836221
|move|p1a: Squanchy|Thunderbolt|p2a: Masquerain
|-supereffective|p2a: Masquerain
|-damage|p2a: Masquerain|0 fnt
|faint|p2a: Masquerain
|
|-damage|p1a: Squanchy|89/100 brn|[from] brn
|upkeep
|
|t:|1757836230
|switch|p2a: Iron Valiant|Iron Valiant, shiny, tera:Ghost|6/100 brn
|turn|20
|
|t:|1757836233
|move|p2a: Iron Valiant|Shadow Sneak|p1a: Squanchy
|-damage|p1a: Squanchy|72/100 brn
|move|p1a: Squanchy|Alluring Voice|p2a: Iron Valiant
|-damage|p2a: Iron Valiant|0 fnt
|faint|p2a: Iron Valiant
|-end|p2a: Iron Valiant|Quark Drive|[silent]
|
|-damage|p1a: Squanchy|66/100 brn|[from] brn
|upkeep
|
|t:|1757836247
|switch|p2a: Mew|Mew, shiny|100/100
|turn|21
|
|t:|1757836253
|move|p1a: Squanchy|Calm Mind|p1a: Squanchy
|-boost|p1a: Squanchy|spa|1
|-boost|p1a: Squanchy|spd|1
|move|p2a: Mew|Agility|p2a: Mew
|-boost|p2a: Mew|spe|2
|
|-damage|p1a: Squanchy|60/100 brn|[from] brn
|upkeep
|turn|22
|
|t:|1757836262
|move|p2a: Mew|Agility|p2a: Mew
|-boost|p2a: Mew|spe|2
|move|p1a: Squanchy|Alluring Voice|p2a: Mew
|-damage|p2a: Mew|66/100
|-start|p2a: Mew|confusion
|
|-damage|p1a: Squanchy|54/100 brn|[from] brn
|upkeep
|turn|23
|
|t:|1757836271
|-activate|p2a: Mew|confusion
|move|p2a: Mew|Flamethrower|p1a: Squanchy
|-damage|p1a: Squanchy|33/100 brn
|move|p1a: Squanchy|Thunderbolt|p2a: Mew
|-damage|p2a: Mew|4/100
|
|-damage|p1a: Squanchy|27/100 brn|[from] brn
|upkeep
|turn|24
|
|t:|1757836282
|switch|p1a: Moltres|Moltres|100/100
|-activate|p2a: Mew|confusion
|-damage|p2a: Mew|0 fnt|[from] confusion
|faint|p2a: Mew
|
|upkeep
|
|t:|1757836288
|switch|p2a: Zangoose|Zangoose, F|75/100
|turn|25
|-message|cdglo forfeited.
|
|win|supraxd
|raw|supraxd's rating: 1164 &rarr; <strong>1189</strong><br />(+25 for winning)
|raw|cdglo's rating: 1168 &rarr; <strong>1143</strong><br />(-25 for losing)
|l|☆cdglo
|player|p2|
