|j|☆Timi-alex
|j|☆caeluskasai
|t:|1757826912
|gametype|singles
|player|p1|Timi-alex|169|1238
|player|p2|caeluskasai|burglar|1209
|gen|9
|tier|[Gen 9] OU
|rated|
|rule|HP Percentage Mod: HP is shown in percentages
|rule|Endless Battle Clause: Forcing endless battles is banned
|rule|Species Clause: Limit one of each Pokémon
|rule|OHKO Clause: OHKO moves are banned
|rule|Evasion Items Clause: Evasion items are banned
|rule|Evasion Moves Clause: Evasion moves are banned
|rule|Evasion Abilities Clause: Evasion abilities are banned
|rule|Sleep Moves Clause: Sleep-inducing moves are banned
|clearpoke
|poke|p1|Tinkaton, F|
|poke|p1|Jolteon, F|
|poke|p1|Lokix, F|
|poke|p1|Alomomola, M|
|poke|p1|Dragalge, M|
|poke|p1|Conkeldurr, F|
|poke|p2|Blastoise, F|
|poke|p2|Golurk|
|poke|p2|Lycanroc-Midnight, F|
|poke|p2|Malamar, F|
|poke|p2|Hawlucha, F|
|poke|p2|Tauros, M|
|teampreview
|inactive|Battle timer is ON: inactive players will automatically lose when time's up. (requested by Timi-alex)
|
|t:|1757826938
|teamsize|p1|6
|teamsize|p2|6
|start
|switch|p1a: Jolteon|Jolteon, F|100/100
|switch|p2a: Lycanroc|Lycanroc-Midnight, F|100/100
|turn|1
|
|t:|1757826946
|move|p1a: Jolteon|Volt Switch|p2a: Lycanroc
|-damage|p2a: Lycanroc|37/100
|
|t:|1757826952
|switch|p1a: Alomomola|Alomomola, M|100/100|[from] Volt Switch
|move|p2a: Lycanroc|Stone Edge|p1a: Alomomola
|-damage|p1a: Alomomola|66/100
|
|upkeep
|turn|2
|
|t:|1757826960
|move|p2a: Lycanroc|Swords Dance|p2a: Lycanroc
|-boost|p2a: Lycanroc|atk|2
|move|p1a: Alomomola|Flip Turn|p2a: Lycanroc
|-supereffective|p2a: Lycanroc
|-damage|p2a: Lycanroc|0 fnt
|faint|p2a: Lycanroc
|
|t:|1757826968
|switch|p1a: Jolteon|Jolteon, F|100/100|[from] Flip Turn
|
|upkeep
|
|t:|1757826977
|switch|p2a: Golurk|Golurk|100/100
|turn|3
|
|t:|1757826984
|move|p1a: Jolteon|Shadow Ball|p2a: Golurk
|-supereffective|p2a: Golurk
|-damage|p2a: Golurk|47/100
|move|p2a: Golurk|Dynamic Punch|p1a: Jolteon
|-damage|p1a: Jolteon|30/100
|-start|p1a: Jolteon|confusion
|
|upkeep
|turn|4
|
|t:|1757826999
|switch|p1a: Alomomola|Alomomola, M|99/100
|move|p2a: Golurk|Earthquake|p1a: Alomomola
|-damage|p1a: Alomomola|66/100
|
|upkeep
|turn|5
|
|t:|1757827008
|move|p1a: Alomomola|Scald|p2a: Golurk
|-supereffective|p2a: Golurk
|-damage|p2a: Golurk|28/100
|move|p2a: Golurk|Dynamic Punch|p1a: Alomomola
|-damage|p1a: Alomomola|44/100
|-start|p1a: Alomomola|confusion
|
|upkeep
|turn|6
|
|t:|1757827025
|-activate|p1a: Alomomola|confusion
|-damage|p1a: Alomomola|40/100|[from] confusion
|move|p2a: Golurk|Earthquake|p1a: Alomomola
|-damage|p1a: Alomomola|4/100
|
|upkeep
|turn|7
|
|t:|1757827032
|switch|p1a: Tinkaton|Tinkaton, F|100/100
|-item|p1a: Tinkaton|Air Balloon
|move|p2a: Golurk|Dynamic Punch|p1a: Tinkaton
|-damage|p1a: Tinkaton|66/100
|-start|p1a: Tinkaton|confusion
|-enditem|p1a: Tinkaton|Air Balloon
|-enditem|p2a: Golurk|Assault Vest|[silent]|[from] ability: Pickpocket|[of] p2a: Golurk
|-item|p1a: Tinkaton|Assault Vest|[from] ability: Pickpocket|[of] p2a: Golurk
|
|upkeep
|turn|8
|
|t:|1757827044
|-activate|p1a: Tinkaton|confusion
|move|p1a: Tinkaton|Knock Off|p2a: Golurk
|-supereffective|p2a: Golurk
|-damage|p2a: Golurk|2/100
|move|p2a: Golurk|Earthquake|p1a: Tinkaton
|-supereffective|p1a: Tinkaton
|-damage|p1a: Tinkaton|0 fnt
|faint|p1a: Tinkaton
|
|upkeep
|
|t:|1757827053
|switch|p1a: Jolteon|Jolteon, F|30/100
|turn|9
|
|t:|1757827057
|move|p1a: Jolteon|Shadow Ball|p2a: Golurk
|-supereffective|p2a: Golurk
|-damage|p2a: Golurk|0 fnt
|faint|p2a: Golurk
|
|upkeep
|
|t:|1757827064
|switch|p2a: Tauros|Tauros, M|100/100
|turn|10
|
|t:|1757827070
|switch|p1a: Conkeldurr|Conkeldurr, F|100/100
|move|p2a: Tauros|Earthquake|p1a: Conkeldurr
|-damage|p1a: Conkeldurr|70/100
|-damage|p2a: Tauros|91/100|[from] item: Life Orb
|
|-status|p1a: Conkeldurr|brn|[from] item: Flame Orb
|upkeep
|turn|11
|
|t:|1757827081
|move|p2a: Tauros|Double-Edge|p1a: Conkeldurr
|-damage|p1a: Conkeldurr|17/100 brn
|-damage|p2a: Tauros|69/100|[from] Recoil
|-damage|p2a: Tauros|59/100|[from] item: Life Orb
|move|p1a: Conkeldurr|Drain Punch|p2a: Tauros
|-supereffective|p2a: Tauros
|-damage|p2a: Tauros|0 fnt
|-heal|p1a: Conkeldurr|41/100 brn|[from] drain|[of] p2a: Tauros
|faint|p2a: Tauros
|
|-damage|p1a: Conkeldurr|35/100 brn|[from] brn
|upkeep
|
|t:|1757827086
|switch|p2a: Hawlucha|Hawlucha, F|100/100
|turn|12
|
|t:|1757827099
|move|p1a: Conkeldurr|Mach Punch|p2a: Hawlucha
|-resisted|p2a: Hawlucha
|-damage|p2a: Hawlucha|76/100
|move|p2a: Hawlucha|Bulk Up|p2a: Hawlucha
|-boost|p2a: Hawlucha|atk|1
|-boost|p2a: Hawlucha|def|1
|
|-damage|p1a: Conkeldurr|29/100 brn|[from] brn
|upkeep
|turn|13
|
|t:|1757827108
|move|p2a: Hawlucha|Drain Punch|p1a: Conkeldurr
|-damage|p1a: Conkeldurr|0 fnt
|-heal|p2a: Hawlucha|93/100|[from] drain|[of] p1a: Conkeldurr
|faint|p1a: Conkeldurr
|
|upkeep
|
|t:|1757827120
|switch|p1a: Jolteon|Jolteon, F|30/100
|turn|14
|
|t:|1757827129
|move|p2a: Hawlucha|Drain Punch|p1a: Jolteon
|-damage|p1a: Jolteon|0 fnt
|-heal|p2a: Hawlucha|100/100|[from] drain|[of] p1a: Jolteon
|faint|p1a: Jolteon
|
|upkeep
|
|t:|1757827140
|switch|p1a: Dragalge|Dragalge, M|100/100
|turn|15
|
|t:|1757827146
|move|p2a: Hawlucha|Bulk Up|p2a: Hawlucha
|-boost|p2a: Hawlucha|atk|1
|-boost|p2a: Hawlucha|def|1
|move|p1a: Dragalge|Sludge Wave|p2a: Hawlucha
|-damage|p2a: Hawlucha|9/100
|-enditem|p2a: Hawlucha|Sitrus Berry|[eat]
|-heal|p2a: Hawlucha|34/100|[from] item: Sitrus Berry
|
|upkeep
|turn|16
|
|t:|1757827154
|move|p2a: Hawlucha|Acrobatics|p1a: Dragalge
|-damage|p1a: Dragalge|0 fnt
|faint|p1a: Dragalge
|
|upkeep
|
|t:|1757827159
|switch|p1a: Lokix|Lokix, F|100/100
|turn|17
|
|t:|1757827163
|-terastallize|p1a: Lokix|Bug
|move|p1a: Lokix|First Impression|p2a: Hawlucha
|-resisted|p2a: Hawlucha
|-damage|p2a: Hawlucha|7/100
|move|p2a: Hawlucha|Drain Punch|p1a: Lokix
|-resisted|p1a: Lokix
|-damage|p1a: Lokix|59/100
|-heal|p2a: Hawlucha|26/100|[from] drain|[of] p1a: Lokix
|
|upkeep
|turn|18
|-message|Timi-alex forfeited.
|
|win|caeluskasai
|raw|Timi-alex's rating: 1238 &rarr; <strong>1211</strong><br />(-27 for losing)
|raw|caeluskasai's rating: 1209 &rarr; <strong>1236</strong><br />(+27 for winning)
|l|☆Timi-alex
|player|p1|
|l|☆caeluskasai
|player|p2|
