|j|☆heyimgenesis
|j|☆jessies boyfriend
|t:|1757853449
|gametype|singles
|player|p1|heyimgenesis|sabrina|1255
|player|p2|jessies boyfriend|brock|1313
|gen|9
|tier|[Gen 9] OU
|rated|
|rule|HP Percentage Mod: HP is shown in percentages
|rule|Endless Battle Clause: Forcing endless battles is banned
|rule|Species Clause: Limit one of each Pokémon
|rule|OHKO Clause: OHKO moves are banned
|rule|Evasion Items Clause: Evasion items are banned
|rule|Evasion Moves Clause: Evasion moves are banned
|rule|Evasion Abilities Clause: Evasion abilities are banned
|rule|Sleep Moves Clause: Sleep-inducing moves are banned
|clearpoke
|poke|p1|Araquanid, M|
|poke|p1|Ninetales-Alola, M|
|poke|p1|Ceruledge, F|
|poke|p1|Moltres-Galar|
|poke|p1|Enamorus, F|
|poke|p1|Great Tusk|
|poke|p2|Cinderace, M|
|poke|p2|Tsareena, F|
|poke|p2|Polteageist-Antique|
|poke|p2|Regigigas|
|poke|p2|Slowking, F|
|poke|p2|Incineroar, F|
|teampreview
|inactive|Battle timer is ON: inactive players will automatically lose when time's up. (requested by jessies boyfriend)
|
|t:|1757853464
|teamsize|p1|6
|teamsize|p2|6
|start
|switch|p1a: Ninetales|Ninetales-Alola, M|100/100
|switch|p2a: Incineroar|Incineroar, F|100/100
|-weather|Snowscape|[from] ability: Snow Warning|[of] p1a: Ninetales
|-ability|p2a: Incineroar|Intimidate|boost
|-unboost|p1a: Ninetales|atk|1
|turn|1
|
|t:|1757853478
|move|p1a: Ninetales|Aurora Veil|p1a: Ninetales
|-sidestart|p1: heyimgenesis|move: Aurora Veil
|move|p2a: Incineroar|Knock Off|p1a: Ninetales
|-resisted|p1a: Ninetales
|-damage|p1a: Ninetales|92/100
|-enditem|p1a: Ninetales|Light Clay|[from] move: Knock Off|[of] p2a: Incineroar
|
|-weather|Snowscape|[upkeep]
|upkeep
|turn|2
|
|t:|1757853499
|switch|p1a: Araquanid|Araquanid, M|100/100
|move|p2a: Incineroar|Will-O-Wisp|p1a: Araquanid|[miss]
|-miss|p2a: Incineroar|p1a: Araquanid
|
|-weather|Snowscape|[upkeep]
|upkeep
|turn|3
|
|t:|1757853517
|switch|p2a: Tsareena|Tsareena, F, shiny|100/100
|move|p1a: Araquanid|Sticky Web|p2a: Tsareena
|-sidestart|p2: jessies boyfriend|move: Sticky Web
|
|-weather|Snowscape|[upkeep]
|upkeep
|turn|4
|
|t:|1757853528
|switch|p1a: Moltres|Moltres-Galar|100/100
|move|p2a: Tsareena|Rapid Spin|p1a: Moltres
|-damage|p1a: Moltres|92/100
|-boost|p2a: Tsareena|spe|1
|-sideend|p2: jessies boyfriend|Sticky Web|[from] move: Rapid Spin|[of] p2a: Tsareena
|
|-weather|Snowscape|[upkeep]
|-heal|p1a: Moltres|98/100|[from] item: Leftovers
|upkeep
|turn|5
|
|t:|1757853542
|move|p2a: Tsareena|Play Rough|p1a: Moltres
|-supereffective|p1a: Moltres
|-damage|p1a: Moltres|68/100
|-unboost|p1a: Moltres|atk|1
|move|p1a: Moltres|Nasty Plot|p1a: Moltres
|-boost|p1a: Moltres|spa|2
|
|-weather|none
|-heal|p1a: Moltres|74/100|[from] item: Leftovers
|upkeep
|turn|6
|inactive|heyimgenesis has 120 seconds left.
|
|t:|1757853565
|move|p2a: Tsareena|Play Rough|p1a: Moltres
|-supereffective|p1a: Moltres
|-damage|p1a: Moltres|42/100
|-unboost|p1a: Moltres|atk|1
|-ability|p1a: Moltres|Berserk|boost
|-boost|p1a: Moltres|spa|1
|move|p1a: Moltres|Fiery Wrath|p2a: Tsareena
|-damage|p2a: Tsareena|37/100
|
|-heal|p1a: Moltres|48/100|[from] item: Leftovers
|upkeep
|turn|7
|inactive|heyimgenesis has 120 seconds left.
|
|t:|1757853581
|-terastallize|p2a: Tsareena|Fairy
|move|p2a: Tsareena|Play Rough|p1a: Moltres
|-supereffective|p1a: Moltres
|-damage|p1a: Moltres|6/100
|move|p1a: Moltres|Fiery Wrath|p2a: Tsareena
|-resisted|p2a: Tsareena
|-damage|p2a: Tsareena|3/100
|
|-heal|p1a: Moltres|12/100|[from] item: Leftovers
|upkeep
|turn|8
|inactive|heyimgenesis has 120 seconds left.
|
|t:|1757853606
|move|p2a: Tsareena|Play Rough|p1a: Moltres
|-supereffective|p1a: Moltres
|-damage|p1a: Moltres|0 fnt
|faint|p1a: Moltres
|
|-sideend|p1: heyimgenesis|move: Aurora Veil
|upkeep
|inactive|heyimgenesis has 90 seconds left.
|
|t:|1757853629
|switch|p1a: Ceruledge|Ceruledge, F, shiny|100/100
|turn|9
|
|t:|1757853634
|move|p1a: Ceruledge|Shadow Sneak||[still]
|cant|p2a: Tsareena|ability: Queenly Majesty|Shadow Sneak|[of] p1a: Ceruledge
|move|p2a: Tsareena|Play Rough|p1a: Ceruledge
|-resisted|p1a: Ceruledge
|-damage|p1a: Ceruledge|78/100
|-unboost|p1a: Ceruledge|atk|1
|-ability|p1a: Ceruledge|Weak Armor|boost
|-unboost|p1a: Ceruledge|def|1
|-boost|p1a: Ceruledge|spe|2
|
|upkeep
|turn|10
|-message|heyimgenesis forfeited.
|
|win|jessies boyfriend
|raw|heyimgenesis's rating: 1255 &rarr; <strong>1234</strong><br />(-21 for losing)
|raw|jessies boyfriend's rating: 1313 &rarr; <strong>1330</strong><br />(+17 for winning)
|l|☆heyimgenesis
|player|p1|
|l|☆jessies boyfriend
|player|p2|
