|j|☆vitos86
|j|☆JPBuck
|t:|1757918428
|gametype|singles
|player|p1|vitos86|biker|1121
|player|p2|JPBuck|266|1083
|gen|9
|tier|[Gen 9] OU
|rated|
|rule|HP Percentage Mod: HP is shown in percentages
|rule|Endless Battle Clause: Forcing endless battles is banned
|rule|Species Clause: Limit one of each Pokémon
|rule|OHKO Clause: OHKO moves are banned
|rule|Evasion Items Clause: Evasion items are banned
|rule|Evasion Moves Clause: Evasion moves are banned
|rule|Evasion Abilities Clause: Evasion abilities are banned
|rule|Sleep Moves Clause: Sleep-inducing moves are banned
|clearpoke
|poke|p1|Mightyena, M|
|poke|p1|Jolteon, M|
|poke|p1|Moltres|
|poke|p1|Weavile, M|
|poke|p1|Meganium, M|
|poke|p1|Blastoise, M|
|poke|p2|Hatterene, F|
|poke|p2|Araquanid, F|
|poke|p2|Dragapult, F|
|poke|p2|Garganacl, M|
|poke|p2|Serperior, M|
|poke|p2|Iron Treads|
|teampreview
|
|t:|1757918447
|teamsize|p1|6
|teamsize|p2|6
|start
|switch|p1a: Moltres|Moltres|100/100
|switch|p2a: Araquanid|Araquanid, F|100/100
|turn|1
|
|t:|1757918461
|move|p1a: Moltres|Will-O-Wisp|p2a: Araquanid
|-immune|p2a: Araquanid|[from] ability: Water Bubble
|move|p2a: Araquanid|Sticky Web|p1a: Moltres
|-sidestart|p1: vitos86|move: Sticky Web
|
|upkeep
|turn|2
|
|t:|1757918467
|move|p1a: Moltres|Ancient Power|p2a: Araquanid
|-supereffective|p2a: Araquanid
|-damage|p2a: Araquanid|73/100
|move|p2a: Araquanid|Liquidation|p1a: Moltres
|-supereffective|p1a: Moltres
|-damage|p1a: Moltres|0 fnt
|faint|p1a: Moltres
|
|upkeep
|
|t:|1757918477
|switch|p1a: Meganium|Meganium, M|100/100
|-activate|p1a: Meganium|move: Sticky Web
|-unboost|p1a: Meganium|spe|1
|turn|3
|
|t:|1757918487
|move|p1a: Meganium|Leech Seed|p2a: Araquanid
|-start|p2a: Araquanid|move: Leech Seed
|move|p2a: Araquanid|Poison Jab|p1a: Meganium
|-supereffective|p1a: Meganium
|-damage|p1a: Meganium|66/100
|-damage|p2a: Araquanid|56/100|[from] item: Rocky Helmet|[of] p1a: Meganium
|
|-damage|p2a: Araquanid|44/100|[from] Leech Seed|[of] p1a: Meganium
|-heal|p1a: Meganium|79/100|[silent]
|upkeep
|turn|4
|inactive|Battle timer is ON: inactive players will automatically lose when time's up. (requested by vitos86)
|
|t:|1757918501
|switch|p2a: Hatterene|Hatterene, F|100/100
|move|p1a: Meganium|Synthesis|p1a: Meganium
|-heal|p1a: Meganium|100/100
|
|upkeep
|turn|5
|
|t:|1757918509
|move|p1a: Meganium|Poison Powder|p2a: Hatterene
|move|p2a: Hatterene|Poison Powder|p1a: Meganium|[from] ability: Magic Bounce
|-immune|p1a: Meganium
|move|p2a: Hatterene|Calm Mind|p2a: Hatterene
|-boost|p2a: Hatterene|spa|1
|-boost|p2a: Hatterene|spd|1
|
|upkeep
|turn|6
|
|t:|1757918521
|move|p1a: Meganium|Leech Seed|p2a: Hatterene
|move|p2a: Hatterene|Leech Seed|p1a: Meganium|[from] ability: Magic Bounce
|-immune|p1a: Meganium
|move|p2a: Hatterene|Trick Room|p2a: Hatterene
|-fieldstart|move: Trick Room|[of] p2a: Hatterene
|
|upkeep
|turn|7
|
|t:|1757918534
|switch|p1a: Jolteon|Jolteon, M|100/100
|-activate|p1a: Jolteon|move: Sticky Web
|-unboost|p1a: Jolteon|spe|1
|move|p2a: Hatterene|Calm Mind|p2a: Hatterene
|-boost|p2a: Hatterene|spa|1
|-boost|p2a: Hatterene|spd|1
|
|upkeep
|turn|8
|
|t:|1757918544
|move|p2a: Hatterene|Psychic|p1a: Jolteon
|-damage|p1a: Jolteon|11/100
|move|p1a: Jolteon|Discharge|p2a: Hatterene
|-damage|p2a: Hatterene|82/100
|
|-heal|p2a: Hatterene|88/100|[from] item: Leftovers
|upkeep
|turn|9
|
|t:|1757918553
|switch|p1a: Mightyena|Mightyena, M|100/100
|-activate|p1a: Mightyena|move: Sticky Web
|-unboost|p1a: Mightyena|spe|1
|move|p2a: Hatterene|Psychic|p1a: Mightyena
|-immune|p1a: Mightyena
|
|-heal|p2a: Hatterene|94/100|[from] item: Leftovers
|upkeep
|turn|10
|
|t:|1757918564
|-terastallize|p1a: Mightyena|Dark
|move|p2a: Hatterene|Dazzling Gleam|p1a: Mightyena
|-supereffective|p1a: Mightyena
|-damage|p1a: Mightyena|0 fnt
|faint|p1a: Mightyena
|
|-heal|p2a: Hatterene|99/100|[from] item: Leftovers
|-fieldend|move: Trick Room
|upkeep
|-message|vitos86 forfeited.
|
|win|JPBuck
|raw|vitos86's rating: 1121 &rarr; <strong>1093</strong><br />(-28 for losing)
|raw|JPBuck's rating: 1083 &rarr; <strong>1114</strong><br />(+31 for winning)
|l|☆vitos86
|player|p1|
|l|☆JPBuck
|player|p2|
