|j|☆kaspairs
|j|☆Reishiramx
|t:|1757909617
|gametype|singles
|player|p1|kaspairs|veteran|1163
|player|p2|Reishiramx|101|1127
|gen|9
|tier|[Gen 9] OU
|rated|
|rule|HP Percentage Mod: HP is shown in percentages
|rule|Endless Battle Clause: Forcing endless battles is banned
|rule|Species Clause: Limit one of each Pokémon
|rule|OHKO Clause: OHKO moves are banned
|rule|Evasion Items Clause: Evasion items are banned
|rule|Evasion Moves Clause: Evasion moves are banned
|rule|Evasion Abilities Clause: Evasion abilities are banned
|rule|Sleep Moves Clause: Sleep-inducing moves are banned
|clearpoke
|poke|p1|Umbreon, M|
|poke|p1|Glimmora, M|
|poke|p1|Iron Moth|
|poke|p1|Gholdengo|
|poke|p1|Dragonite, F|
|poke|p1|Garchomp, F|
|poke|p2|Toxapex, F|
|poke|p2|Gliscor, F|
|poke|p2|Dragapult, M|
|poke|p2|Hitmontop, M|
|poke|p2|Gyarados, M|
|poke|p2|Ogerpon-Wellspring, F|
|teampreview
|
|t:|1757909628
|teamsize|p1|6
|teamsize|p2|6
|start
|switch|p1a: Ptite piece|Gholdengo|100/100
|switch|p2a: Gyarados|Gyarados, M|100/100
|turn|1
|
|t:|1757909646
|-terastallize|p1a: Ptite piece|Flying
|move|p1a: Ptite piece|Shadow Ball|p2a: Gyarados
|-damage|p2a: Gyarados|55/100
|-unboost|p2a: Gyarados|spd|1
|move|p2a: Gyarados|Dragon Dance|p2a: Gyarados
|-boost|p2a: Gyarados|atk|1
|-boost|p2a: Gyarados|spe|1
|
|-heal|p2a: Gyarados|61/100|[from] item: Leftovers
|upkeep
|turn|2
|
|t:|1757909663
|move|p1a: Ptite piece|Shadow Ball|p2a: Gyarados
|-damage|p2a: Gyarados|0 fnt
|faint|p2a: Gyarados
|
|upkeep
|
|t:|1757909669
|switch|p2a: Ogerpon|Ogerpon-Wellspring, F|100/100
|turn|3
|
|t:|1757909673
|move|p1a: Ptite piece|Shadow Ball|p2a: Ogerpon
|-damage|p2a: Ogerpon|47/100
|move|p2a: Ogerpon|Ivy Cudgel|p1a: Ptite piece|[anim] Ivy Cudgel Water
|-damage|p1a: Ptite piece|39/100
|
|upkeep
|turn|4
|
|t:|1757909683
|switch|p2a: Toxapex|Toxapex, F|100/100
|move|p1a: Ptite piece|Shadow Ball|p2a: Toxapex
|-damage|p2a: Toxapex|62/100
|
|-heal|p2a: Toxapex|68/100|[from] item: Black Sludge
|upkeep
|turn|5
|
|t:|1757909693
|move|p1a: Ptite piece|Shadow Ball|p2a: Toxapex
|-damage|p2a: Toxapex|34/100
|-unboost|p2a: Toxapex|spd|1
|move|p2a: Toxapex|Infestation|p1a: Ptite piece
|-resisted|p1a: Ptite piece
|-damage|p1a: Ptite piece|37/100
|-activate|p1a: Ptite piece|move: Infestation|[of] p2a: Toxapex
|
|-heal|p2a: Toxapex|40/100|[from] item: Black Sludge
|-damage|p1a: Ptite piece|25/100|[from] move: Infestation|[partiallytrapped]
|upkeep
|turn|6
|
|t:|1757909703
|move|p2a: Toxapex|Baneful Bunker|p2a: Toxapex
|-singleturn|p2a: Toxapex|move: Protect
|move|p1a: Ptite piece|Shadow Ball|p2a: Toxapex
|-activate|p2a: Toxapex|move: Protect
|
|-heal|p2a: Toxapex|46/100|[from] item: Black Sludge
|-damage|p1a: Ptite piece|12/100|[from] move: Infestation|[partiallytrapped]
|upkeep
|turn|7
|
|t:|1757909711
|move|p1a: Ptite piece|Shadow Ball|p2a: Toxapex
|-damage|p2a: Toxapex|0 fnt
|faint|p2a: Toxapex
|
|-end|p1a: Ptite piece|Infestation|[partiallytrapped]|[silent]
|upkeep
|
|t:|1757909716
|switch|p2a: Dragapult|Dragapult, M|100/100
|turn|8
|
|t:|1757909719
|move|p2a: Dragapult|Sucker Punch|p1a: Ptite piece
|-damage|p1a: Ptite piece|0 fnt
|faint|p1a: Ptite piece
|
|upkeep
|
|t:|1757909725
|switch|p1a: éklaté|Glimmora, M|100/100
|turn|9
|
|t:|1757909740
|move|p2a: Dragapult|Psychic Fangs|p1a: éklaté
|-supereffective|p1a: éklaté
|-damage|p1a: éklaté|30/100
|-activate|p1a: éklaté|ability: Toxic Debris
|-sidestart|p2: Reishiramx|move: Toxic Spikes
|move|p1a: éklaté|Stealth Rock|p2a: Dragapult
|-sidestart|p2: Reishiramx|move: Stealth Rock
|
|upkeep
|turn|10
|
|t:|1757909752
|move|p2a: Dragapult|Psychic Fangs|p1a: éklaté
|-supereffective|p1a: éklaté
|-crit|p1a: éklaté
|-damage|p1a: éklaté|0 fnt
|-activate|p1a: éklaté|ability: Toxic Debris
|-sidestart|p2: Reishiramx|move: Toxic Spikes
|faint|p1a: éklaté
|
|upkeep
|
|t:|1757909760
|switch|p1a: Kwasp|Umbreon, M|100/100
|turn|11
|
|t:|1757909765
|move|p2a: Dragapult|U-turn|p1a: Kwasp
|-supereffective|p1a: Kwasp
|-damage|p1a: Kwasp|61/100
|
|t:|1757909769
|switch|p2a: Hitmontop|Hitmontop, M|100/100|[from] U-turn
|-status|p2a: Hitmontop|tox
|-damage|p2a: Hitmontop|94/100 tox|[from] Stealth Rock
|-ability|p2a: Hitmontop|Intimidate|boost
|-fail|p1a: Kwasp|unboost|Attack|[from] ability: Inner Focus|[of] p1a: Kwasp
|move|p1a: Kwasp|Foul Play|p2a: Hitmontop
|-resisted|p2a: Hitmontop
|-damage|p2a: Hitmontop|76/100 tox
|
|-heal|p2a: Hitmontop|83/100 tox|[from] item: Leftovers
|-heal|p1a: Kwasp|67/100|[from] item: Leftovers
|-damage|p2a: Hitmontop|76/100 tox|[from] psn
|upkeep
|turn|12
|
|t:|1757909803
|switch|p1a: Fite-de-Ber|Iron Moth|100/100
|-enditem|p1a: Fite-de-Ber|Booster Energy
|-activate|p1a: Fite-de-Ber|ability: Quark Drive|[fromitem]
|-start|p1a: Fite-de-Ber|quarkdrivespe
|move|p2a: Hitmontop|Rapid Spin|p1a: Fite-de-Ber
|-damage|p1a: Fite-de-Ber|86/100
|-boost|p2a: Hitmontop|spe|1
|-sideend|p2: Reishiramx|Toxic Spikes|[from] move: Rapid Spin|[of] p2a: Hitmontop
|-sideend|p2: Reishiramx|Stealth Rock|[from] move: Rapid Spin|[of] p2a: Hitmontop
|
|-heal|p2a: Hitmontop|83/100 tox|[from] item: Leftovers
|-damage|p2a: Hitmontop|70/100 tox|[from] psn
|upkeep
|turn|13
|
|t:|1757909817
|switch|p2a: Gliscor|Gliscor, F|100/100
|move|p1a: Fite-de-Ber|Dazzling Gleam|p2a: Gliscor
|-damage|p2a: Gliscor|69/100
|
|-status|p2a: Gliscor|tox|[from] item: Toxic Orb
|upkeep
|turn|14
|
|t:|1757909826
|move|p1a: Fite-de-Ber|Fiery Dance|p2a: Gliscor
|-damage|p2a: Gliscor|20/100 tox
|move|p2a: Gliscor|Earthquake|p1a: Fite-de-Ber
|-supereffective|p1a: Fite-de-Ber
|-damage|p1a: Fite-de-Ber|0 fnt
|faint|p1a: Fite-de-Ber
|-end|p1a: Fite-de-Ber|Quark Drive|[silent]
|
|-heal|p2a: Gliscor|32/100 tox|[from] ability: Poison Heal
|upkeep
|
|t:|1757909835
|switch|p1a: Normal en vrai|Dragonite, F|100/100
|turn|15
|
|t:|1757909838
|move|p2a: Gliscor|Protect|p2a: Gliscor
|-singleturn|p2a: Gliscor|Protect
|move|p1a: Normal en vrai|Ice Spinner|p2a: Gliscor
|-activate|p2a: Gliscor|move: Protect
|
|-heal|p2a: Gliscor|45/100 tox|[from] ability: Poison Heal
|upkeep
|turn|16
|
|t:|1757909847
|switch|p2a: Hitmontop|Hitmontop, M|70/100 tox
|-ability|p2a: Hitmontop|Intimidate|boost
|-unboost|p1a: Normal en vrai|atk|1
|move|p1a: Normal en vrai|Ice Spinner|p2a: Hitmontop
|-damage|p2a: Hitmontop|47/100 tox
|
|-heal|p2a: Hitmontop|53/100 tox|[from] item: Leftovers
|-damage|p2a: Hitmontop|47/100 tox|[from] psn
|upkeep
|turn|17
|
|t:|1757909860
|switch|p1a: Kwasp|Umbreon, M|67/100
|move|p2a: Hitmontop|Fake Out|p1a: Kwasp
|-damage|p1a: Kwasp|59/100
|
|-heal|p2a: Hitmontop|53/100 tox|[from] item: Leftovers
|-heal|p1a: Kwasp|65/100|[from] item: Leftovers
|-damage|p2a: Hitmontop|41/100 tox|[from] psn
|upkeep
|turn|18
|
|t:|1757909870
|move|p2a: Hitmontop|Mach Punch|p1a: Kwasp
|-supereffective|p1a: Kwasp
|-damage|p1a: Kwasp|45/100
|move|p1a: Kwasp|Wish|p1a: Kwasp
|
|-heal|p2a: Hitmontop|47/100 tox|[from] item: Leftovers
|-heal|p1a: Kwasp|51/100|[from] item: Leftovers
|-damage|p2a: Hitmontop|28/100 tox|[from] psn
|upkeep
|turn|19
|
|t:|1757909878
|switch|p2a: Ogerpon|Ogerpon-Wellspring, F|47/100
|move|p1a: Kwasp|Protect||[still]
|-fail|p1a: Kwasp
|
|-heal|p1a: Kwasp|100/100|[from] move: Wish|[wisher] Kwasp
|upkeep
|turn|20
|
|t:|1757909886
|move|p2a: Ogerpon|Horn Leech|p1a: Kwasp
|-damage|p1a: Kwasp|66/100
|-heal|p2a: Ogerpon|70/100|[from] drain|[of] p1a: Kwasp
|move|p1a: Kwasp|Foul Play|p2a: Ogerpon
|-damage|p2a: Ogerpon|7/100
|
|-heal|p1a: Kwasp|72/100|[from] item: Leftovers
|upkeep
|turn|21
|
|t:|1757909895
|move|p2a: Ogerpon|U-turn|p1a: Kwasp
|-supereffective|p1a: Kwasp
|-damage|p1a: Kwasp|27/100
|
|t:|1757909898
|switch|p2a: Dragapult|Dragapult, M|100/100|[from] U-turn
|move|p1a: Kwasp|Foul Play|p2a: Dragapult
|-supereffective|p2a: Dragapult
|-damage|p2a: Dragapult|0 fnt
|faint|p2a: Dragapult
|
|-heal|p1a: Kwasp|33/100|[from] item: Leftovers
|upkeep
|-message|Reishiramx forfeited.
|
|win|kaspairs
|raw|kaspairs's rating: 1163 &rarr; <strong>1185</strong><br />(+22 for winning)
|raw|Reishiramx's rating: 1127 &rarr; <strong>1105</strong><br />(-22 for losing)
|l|☆Reishiramx
|player|p2|
|l|☆kaspairs
|player|p1|
