|j|☆foxitron
|j|☆Rubenin_qr
|html|<table width="100%"><tr><td align="left">foxitron</td><td align="right">Rubenin_qr</tr><tr><td align="left"><i class="fa fa-circle"></i> <i class="fa fa-circle-o"></i> </td><td align="right"><i class="fa fa-circle-o"></i> <i class="fa fa-circle-o"></i> </tr></table>
|uhtml|bestof|<h2><strong>Game 2</strong> of <a href="/game-bestof3-gen9ou-2441014703">a best-of-3</a></h2>
|t:|1757787928
|gametype|singles
|player|p1|foxitron|cynthia-gen4|
|player|p2|Rubenin_qr|blackbelt|
|gen|9
|tier|[Gen 9] OU
|rule|HP Percentage Mod: HP is shown in percentages
|rule|Endless Battle Clause: Forcing endless battles is banned
|rule|Species Clause: Limit one of each Pokémon
|rule|OHKO Clause: OHKO moves are banned
|rule|Evasion Items Clause: Evasion items are banned
|rule|Evasion Moves Clause: Evasion moves are banned
|rule|Evasion Abilities Clause: Evasion abilities are banned
|rule|Sleep Moves Clause: Sleep-inducing moves are banned
|raw|<div class="infobox"><details class="readmore"><summary><strong>7 custom rules:</strong></summary> Force Open Team Sheets, Anything Goes, * Restricted Legendary, maxteamsize=8, Picked Team Size = 6, Adjust Level = 100, bestof=3</details></div>
|clearpoke
|poke|p1|Magnezone|
|poke|p1|Hawlucha, M|
|poke|p1|Azumarill, F|
|poke|p1|Clodsire, F|
|poke|p1|Corviknight, M|
|poke|p1|Ceruledge, M|
|poke|p1|Glimmora, F|
|poke|p1|Dragonite, F|
|poke|p2|Garganacl, F|
|poke|p2|Gholdengo|
|poke|p2|Cinderace, F|
|poke|p2|Cloyster, M|
|poke|p2|Gliscor, M|
|poke|p2|Rotom-Wash|
|poke|p2|Hatterene, F|
|poke|p2|Rillaboom, M|
|teampreview|6
|showteam|p1|Magnezone||ChoiceSpecs|MagnetPull|Thunderbolt,Protect,VoltSwitch,FlashCannon|||||||,,,,,Steel]Hawlucha||WhiteHerb|Unburden|SwordsDance,Acrobatics,CloseCombat,Uturn|||M||||,,,,,Fighting]Azumarill||SitrusBerry|HugePower|BellyDrum,AquaJet,IceSpinner,PlayRough|||F||||,,,,,Water]Clodsire||HeavyDutyBoots|WaterAbsorb|Earthquake,PoisonJab,Recover,Haze|||F||||,,,,,Poison]Corviknight||RockyHelmet|Pressure|Roost,Defog,Uturn,BraveBird|||M||||,,,,,Flying]Ceruledge||WeaknessPolicy|WeakArmor|BitterBlade,ShadowSneak,SwordsDance,CloseCombat|||M||||,,,,,Fire]Glimmora||AirBalloon|ToxicDebris|StealthRock,EarthPower,PowerGem,MortalSpin|||F||||,,,,,Rock]Dragonite||LoadedDice|Multiscale|Haze,Tailwind,ScaleShot,Protect|||F||||,,,,,Fairy
|showteam|p2|Garganacl||Leftovers|PurifyingSalt|StealthRock,SaltCure,Recover,Protect|||F||||,,,,,Rock]Gholdengo||ChoiceSpecs|GoodasGold|PowerGem,ShadowBall,MakeItRain,Thunderbolt|||||||,,,,,Steel]Cinderace||HeavyDutyBoots|Libero|PyroBall,Uturn,CourtChange,HighJumpKick|||F||||,,,,,Fire]Cloyster||WhiteHerb|SkillLink|ShellSmash,IcicleSpear,IceShard,Waterfall|||M||||,,,,,Water]Gliscor||ToxicOrb|PoisonHeal|SwordsDance,Earthquake,KnockOff,Protect|||M||||,,,,,Normal]Rotom-Wash||RockyHelmet|Levitate|VoltSwitch,HydroPump,PainSplit,WillOWisp|||||||,,,,,Electric]Hatterene||AssaultVest|MagicBounce|Psyshock,DrainingKiss,MysticalFire,Nuzzle|||F||||,,,,,Psychic]Rillaboom||ChoiceBand|GrassySurge|GrassyGlide,WoodHammer,Uturn,KnockOff|||M||||,,,,,Grass
|c|☆Rubenin_qr|GG
|c|☆foxitron|gg
|c|☆foxitron|ya se qn banearte
|c|☆Rubenin_qr|y yo
|c|☆foxitron|3
|c|☆foxitron|2
|c|☆foxitron|1
|c|☆Rubenin_qr|haw
|c|☆foxitron|rotom
|c|☆foxitron|ya se qn quitarme
|c|☆Rubenin_qr|y yo
|c|☆foxitron|3
|c|☆foxitron|2
|c|☆Rubenin_qr|elige y lo decimos
|c|☆foxitron|1
|c|☆Rubenin_qr|más facil no?
|
|t:|1757788094
|teamsize|p1|6
|teamsize|p2|6
|start
|switch|p1a: Glimmora|Glimmora, F, shiny|100/100
|switch|p2a: Hatterene|Hatterene, F|100/100
|-item|p1a: Glimmora|Air Balloon
|turn|1
|c|☆Rubenin_qr|gliscor
|c|☆foxitron|magnezon
|
|t:|1757788115
|move|p1a: Glimmora|Stealth Rock|p2a: Hatterene
|move|p2a: Hatterene|Stealth Rock|p1a: Glimmora|[from] ability: Magic Bounce
|-sidestart|p1: foxitron|move: Stealth Rock
|move|p2a: Hatterene|Mystical Fire|p1a: Glimmora
|-resisted|p1a: Glimmora
|-damage|p1a: Glimmora|84/100
|-unboost|p1a: Glimmora|spa|1
|-enditem|p1a: Glimmora|Air Balloon
|
|upkeep
|turn|2
|
|t:|1757788132
|switch|p1a: Clodsire|Clodsire, F, shiny|100/100
|move|p2a: Hatterene|Psyshock|p1a: Clodsire
|-supereffective|p1a: Clodsire
|-damage|p1a: Clodsire|10/100
|
|upkeep
|turn|3
|
|t:|1757788144
|move|p2a: Hatterene|Psyshock|p1a: Clodsire
|-supereffective|p1a: Clodsire
|-damage|p1a: Clodsire|0 fnt
|faint|p1a: Clodsire
|
|upkeep
|
|t:|1757788148
|switch|p1a: Corviknight|Corviknight, M|100/100
|-damage|p1a: Corviknight|88/100|[from] Stealth Rock
|-ability|p1a: Corviknight|Pressure
|turn|4
|
|t:|1757788162
|move|p1a: Corviknight|Defog|p2a: Hatterene
|move|p2a: Hatterene|Defog|p1a: Corviknight|[from] ability: Magic Bounce
|-unboost|p1a: Corviknight|evasion|1
|-sideend|p1: foxitron|Stealth Rock|[from] move: Defog|[of] p2a: Hatterene
|move|p2a: Hatterene|Nuzzle|p1a: Corviknight
|-supereffective|p1a: Corviknight
|-damage|p1a: Corviknight|83/100
|-status|p1a: Corviknight|par
|-damage|p2a: Hatterene|84/100|[from] item: Rocky Helmet|[of] p1a: Corviknight
|
|upkeep
|turn|5
|
|t:|1757788177
|move|p2a: Hatterene|Mystical Fire|p1a: Corviknight
|-supereffective|p1a: Corviknight
|-damage|p1a: Corviknight|29/100 par
|-unboost|p1a: Corviknight|spa|1
|move|p1a: Corviknight|U-turn|p2a: Hatterene
|-damage|p2a: Hatterene|68/100
|
|t:|1757788186
|switch|p1a: Azumarill|Azumarill, F|100/100|[from] U-turn
|
|upkeep
|turn|6
|
|t:|1757788236
|move|p1a: Azumarill|Belly Drum|p1a: Azumarill
|-damage|p1a: Azumarill|51/100
|-setboost|p1a: Azumarill|atk|6|[from] move: Belly Drum
|move|p2a: Hatterene|Nuzzle|p1a: Azumarill
|-supereffective|p1a: Azumarill
|-damage|p1a: Azumarill|42/100
|-status|p1a: Azumarill|par
|-enditem|p1a: Azumarill|Sitrus Berry|[eat]
|-heal|p1a: Azumarill|67/100 par|[from] item: Sitrus Berry
|
|upkeep
|turn|7
|
|t:|1757788279
|move|p1a: Azumarill|Aqua Jet|p2a: Hatterene
|-damage|p2a: Hatterene|0 fnt
|faint|p2a: Hatterene
|
|upkeep
|
|t:|1757788284
|switch|p2a: Rillaboom|Rillaboom, M|100/100
|-fieldstart|move: Grassy Terrain|[from] ability: Grassy Surge|[of] p2a: Rillaboom
|turn|8
|
|t:|1757788366
|move|p2a: Rillaboom|Grassy Glide|p1a: Azumarill
|-supereffective|p1a: Azumarill
|-damage|p1a: Azumarill|0 fnt
|faint|p1a: Azumarill
|
|upkeep
|
|t:|1757788376
|switch|p1a: Ceruledge|Ceruledge, M, shiny|100/100
|turn|9
|
|t:|1757788414
|switch|p2a: Garganacl|Garganacl, F|100/100
|move|p1a: Ceruledge|Swords Dance|p1a: Ceruledge
|-boost|p1a: Ceruledge|atk|2
|
|upkeep
|turn|10
|
|t:|1757788475
|move|p1a: Ceruledge|Close Combat|p2a: Garganacl
|-supereffective|p2a: Garganacl
|-damage|p2a: Garganacl|0 fnt
|-unboost|p1a: Ceruledge|def|1
|-unboost|p1a: Ceruledge|spd|1
|faint|p2a: Garganacl
|
|upkeep
|
|t:|1757788537
|switch|p2a: Rillaboom|Rillaboom, M|100/100
|turn|11
|
|t:|1757788551
|move|p2a: Rillaboom|Grassy Glide|p1a: Ceruledge
|-resisted|p1a: Ceruledge
|-damage|p1a: Ceruledge|34/100
|-ability|p1a: Ceruledge|Weak Armor|boost
|-unboost|p1a: Ceruledge|def|1
|-boost|p1a: Ceruledge|spe|2
|move|p1a: Ceruledge|Bitter Blade|p2a: Rillaboom
|-supereffective|p2a: Rillaboom
|-damage|p2a: Rillaboom|0 fnt
|-heal|p1a: Ceruledge|93/100|[from] drain|[of] p2a: Rillaboom
|faint|p2a: Rillaboom
|
|-heal|p1a: Ceruledge|99/100|[from] Grassy Terrain
|upkeep
|
|t:|1757788581
|switch|p2a: Cloyster|Cloyster, M|100/100
|turn|12
|
|t:|1757788617
|switch|p2a: Gholdengo|Gholdengo|100/100
|move|p1a: Ceruledge|Close Combat|p2a: Gholdengo
|-immune|p2a: Gholdengo
|
|-heal|p1a: Ceruledge|100/100|[from] Grassy Terrain
|-fieldend|move: Grassy Terrain
|upkeep
|turn|13
|
|t:|1757788631
|move|p1a: Ceruledge|Bitter Blade|p2a: Gholdengo
|-supereffective|p2a: Gholdengo
|-damage|p2a: Gholdengo|0 fnt
|faint|p2a: Gholdengo
|
|upkeep
|
|t:|1757788637
|switch|p2a: Cloyster|Cloyster, M|100/100
|turn|14
|
|t:|1757788658
|switch|p2a: Cinderace|Cinderace, F|100/100
|move|p1a: Ceruledge|Close Combat|p2a: Cinderace
|-damage|p2a: Cinderace|0 fnt
|-unboost|p1a: Ceruledge|def|1
|-unboost|p1a: Ceruledge|spd|1
|faint|p2a: Cinderace
|
|upkeep
|
|t:|1757788666
|switch|p2a: Cloyster|Cloyster, M|100/100
|turn|15
|
|t:|1757788683
|move|p2a: Cloyster|Ice Shard|p1a: Ceruledge
|-resisted|p1a: Ceruledge
|-damage|p1a: Ceruledge|66/100
|-ability|p1a: Ceruledge|Weak Armor|boost
|-unboost|p1a: Ceruledge|def|1
|-boost|p1a: Ceruledge|spe|2
|move|p1a: Ceruledge|Close Combat|p2a: Cloyster
|-supereffective|p2a: Cloyster
|-damage|p2a: Cloyster|0 fnt
|-unboost|p1a: Ceruledge|def|1
|-unboost|p1a: Ceruledge|spd|1
|faint|p2a: Cloyster
|
|win|foxitron
|c|☆Rubenin_qr|gg
|l|☆foxitron
|player|p1|
