|j|☆starversus
|j|☆PistachoNuclear
|t:|1757788779
|gametype|singles
|player|p1|starversus|benga|1287
|player|p2|PistachoNuclear|gambler|1255
|gen|9
|tier|[Gen 9] OU
|rated|
|rule|HP Percentage Mod: HP is shown in percentages
|rule|Endless Battle Clause: Forcing endless battles is banned
|rule|Species Clause: Limit one of each Pokémon
|rule|OHKO Clause: OHKO moves are banned
|rule|Evasion Items Clause: Evasion items are banned
|rule|Evasion Moves Clause: Evasion moves are banned
|rule|Evasion Abilities Clause: Evasion abilities are banned
|rule|Sleep Moves Clause: Sleep-inducing moves are banned
|clearpoke
|poke|p1|Samurott-Hisui, M|
|poke|p1|Hydrapple, M|
|poke|p1|Great Tusk|
|poke|p1|Gholdengo|
|poke|p1|Raging Bolt|
|poke|p1|Lokix, M|
|poke|p2|Slowbro, F|
|poke|p2|Corviknight, F|
|poke|p2|Persian-Alola, F|
|poke|p2|Jolteon, F|
|poke|p2|Crabominable, F|
|poke|p2|Dugtrio, M|
|teampreview
|inactive|Battle timer is ON: inactive players will automatically lose when time's up. (requested by PistachoNuclear)
|
|t:|1757788796
|teamsize|p1|6
|teamsize|p2|6
|start
|switch|p1a: Lokix|Lokix, M|100/100
|switch|p2a: Persian|Persian-Alola, F, shiny|100/100
|turn|1
|
|t:|1757788809
|switch|p2a: Corviknight|Corviknight, F|100/100
|move|p1a: Lokix|First Impression|p2a: Corviknight
|-resisted|p2a: Corviknight
|-damage|p2a: Corviknight|82/100
|-damage|p1a: Lokix|84/100|[from] item: Rocky Helmet|[of] p2a: Corviknight
|
|upkeep
|turn|2
|
|t:|1757788824
|switch|p1a: Samurott|Samurott-Hisui, M|100/100
|move|p2a: Corviknight|U-turn|p1a: Samurott
|-supereffective|p1a: Samurott
|-damage|p1a: Samurott|68/100
|
|t:|1757788829
|switch|p2a: Jolteon|Jolteon, F|100/100|[from] U-turn
|
|upkeep
|turn|3
|
|t:|1757788834
|switch|p1a: Great Tusk|Great Tusk|100/100
|move|p2a: Jolteon|Alluring Voice|p1a: Great Tusk
|-supereffective|p1a: Great Tusk
|-damage|p1a: Great Tusk|0 fnt
|faint|p1a: Great Tusk
|-end|p1a: Great Tusk|Protosynthesis|[silent]
|
|upkeep
|
|t:|1757788839
|switch|p1a: Hydrapple|Hydrapple, M|100/100
|turn|4
|
|t:|1757788844
|move|p2a: Jolteon|Alluring Voice|p1a: Hydrapple
|-supereffective|p1a: Hydrapple
|-damage|p1a: Hydrapple|34/100
|move|p1a: Hydrapple|Nasty Plot|p1a: Hydrapple
|-boost|p1a: Hydrapple|spa|2
|
|upkeep
|turn|5
|
|t:|1757788852
|-terastallize|p1a: Hydrapple|Steel
|move|p2a: Jolteon|Alluring Voice|p1a: Hydrapple
|-resisted|p1a: Hydrapple
|-damage|p1a: Hydrapple|14/100
|move|p1a: Hydrapple|Earth Power|p2a: Jolteon
|-supereffective|p2a: Jolteon
|-damage|p2a: Jolteon|0 fnt
|faint|p2a: Jolteon
|
|upkeep
|
|t:|1757788868
|switch|p2a: Dugtrio|Dugtrio, M, shiny|100/100
|turn|6
|
|t:|1757788871
|switch|p1a: Samurott|Samurott-Hisui, M|68/100
|move|p2a: Dugtrio|Earthquake|p1a: Samurott
|-damage|p1a: Samurott|18/100
|
|upkeep
|turn|7
|
|t:|1757788878
|move|p1a: Samurott|Sucker Punch|p2a: Dugtrio
|-damage|p2a: Dugtrio|22/100
|move|p2a: Dugtrio|Earthquake|p1a: Samurott
|-damage|p1a: Samurott|0 fnt
|faint|p1a: Samurott
|
|upkeep
|
|t:|1757788882
|switch|p1a: Lokix|Lokix, M|84/100
|turn|8
|
|t:|1757788888
|switch|p2a: Corviknight|Corviknight, F|82/100
|move|p1a: Lokix|Knock Off|p2a: Corviknight
|-damage|p2a: Corviknight|37/100
|-damage|p1a: Lokix|67/100|[from] item: Rocky Helmet|[of] p2a: Corviknight
|-enditem|p2a: Corviknight|Rocky Helmet|[from] move: Knock Off|[of] p1a: Lokix
|
|upkeep
|turn|9
|
|t:|1757788898
|switch|p1a: Hydrapple|Hydrapple, M, tera:Steel|48/100
|move|p2a: Corviknight|Roost|p2a: Corviknight
|-heal|p2a: Corviknight|87/100
|-singleturn|p2a: Corviknight|move: Roost
|
|upkeep
|turn|10
|
|t:|1757788908
|move|p2a: Corviknight|U-turn|p1a: Hydrapple
|-resisted|p1a: Hydrapple
|-damage|p1a: Hydrapple|44/100
|-damage|p2a: Corviknight|71/100|[from] item: Rocky Helmet|[of] p1a: Hydrapple
|
|t:|1757788915
|switch|p2a: Persian|Persian-Alola, F, shiny|100/100|[from] U-turn
|move|p1a: Hydrapple|Earth Power|p2a: Persian
|-damage|p2a: Persian|64/100
|
|upkeep
|turn|11
|
|t:|1757788929
|move|p2a: Persian|Parting Shot|p1a: Hydrapple
|-unboost|p1a: Hydrapple|atk|1
|-unboost|p1a: Hydrapple|spa|1
|
|t:|1757788937
|switch|p2a: Slowbro|Slowbro, F, shiny|100/100|[from] Parting Shot
|move|p1a: Hydrapple|Giga Drain|p2a: Slowbro
|-supereffective|p2a: Slowbro
|-damage|p2a: Slowbro|72/100
|-heal|p1a: Hydrapple|58/100|[from] drain|[of] p2a: Slowbro
|
|upkeep
|turn|12
|
|t:|1757788947
|switch|p1a: Lokix|Lokix, M|67/100
|move|p2a: Slowbro|Fire Blast|p1a: Lokix
|-supereffective|p1a: Lokix
|-damage|p1a: Lokix|0 fnt
|faint|p1a: Lokix
|
|upkeep
|
|t:|1757788951
|switch|p1a: Gholdengo|Gholdengo|100/100
|-item|p1a: Gholdengo|Air Balloon
|turn|13
|
|t:|1757788960
|switch|p2a: Persian|Persian-Alola, F, shiny|64/100
|move|p1a: Gholdengo|Shadow Ball|p2a: Persian
|-resisted|p2a: Persian
|-damage|p2a: Persian|35/100
|
|upkeep
|turn|14
|
|t:|1757788969
|move|p2a: Persian|Foul Play|p1a: Gholdengo
|-supereffective|p1a: Gholdengo
|-damage|p1a: Gholdengo|71/100
|-enditem|p1a: Gholdengo|Air Balloon
|move|p1a: Gholdengo|Make It Rain|p2a: Persian
|-damage|p2a: Persian|0 fnt
|-unboost|p1a: Gholdengo|spa|1
|faint|p2a: Persian
|
|upkeep
|
|t:|1757788982
|switch|p2a: Dugtrio|Dugtrio, M, shiny|22/100
|turn|15
|
|t:|1757788990
|move|p2a: Dugtrio|Earthquake|p1a: Gholdengo
|-supereffective|p1a: Gholdengo
|-damage|p1a: Gholdengo|0 fnt
|faint|p1a: Gholdengo
|
|upkeep
|
|t:|1757788995
|switch|p1a: Hydrapple|Hydrapple, M, tera:Steel|91/100
|turn|16
|
|t:|1757789000
|-terastallize|p2a: Dugtrio|Ground
|move|p2a: Dugtrio|Earthquake|p1a: Hydrapple
|-supereffective|p1a: Hydrapple
|-damage|p1a: Hydrapple|31/100
|move|p1a: Hydrapple|Giga Drain|p2a: Dugtrio
|-supereffective|p2a: Dugtrio
|-damage|p2a: Dugtrio|0 fnt
|-heal|p1a: Hydrapple|37/100|[from] drain|[of] p2a: Dugtrio
|faint|p2a: Dugtrio
|
|upkeep
|
|t:|1757789012
|switch|p2a: Crabominable|Crabominable, F|100/100
|turn|17
|
|t:|1757789017
|move|p1a: Hydrapple|Fickle Beam|p2a: Crabominable|[anim] Fickle Beam All Out
|-activate|p1a: Hydrapple|move: Fickle Beam
|-damage|p2a: Crabominable|22/100
|move|p2a: Crabominable|Drain Punch|p1a: Hydrapple
|-supereffective|p1a: Hydrapple
|-damage|p1a: Hydrapple|0 fnt
|-heal|p2a: Crabominable|41/100|[from] drain|[of] p1a: Hydrapple
|-damage|p2a: Crabominable|24/100|[from] item: Rocky Helmet|[of] p1a: Hydrapple
|faint|p1a: Hydrapple
|
|upkeep
|
|t:|1757789022
|switch|p1a: Raging Bolt|Raging Bolt|100/100
|-enditem|p1a: Raging Bolt|Booster Energy
|-activate|p1a: Raging Bolt|ability: Protosynthesis|[fromitem]
|-start|p1a: Raging Bolt|protosynthesisspa
|turn|18
|c|☆starversus|gg
|
|t:|1757789032
|move|p1a: Raging Bolt|Thunderbolt|p2a: Crabominable
|-damage|p2a: Crabominable|0 fnt
|faint|p2a: Crabominable
|
|upkeep
|
|t:|1757789037
|switch|p2a: Slowbro|Slowbro, F, shiny|100/100
|turn|19
|
|t:|1757789041
|move|p1a: Raging Bolt|Thunderbolt|p2a: Slowbro
|-supereffective|p2a: Slowbro
|-damage|p2a: Slowbro|11/100
|move|p2a: Slowbro|Ice Beam|p1a: Raging Bolt
|-supereffective|p1a: Raging Bolt
|-damage|p1a: Raging Bolt|46/100
|-status|p1a: Raging Bolt|frz
|
|upkeep
|turn|20
|
|t:|1757789050
|-curestatus|p1a: Raging Bolt|frz|[msg]
|move|p1a: Raging Bolt|Thunderbolt|p2a: Slowbro
|-supereffective|p2a: Slowbro
|-damage|p2a: Slowbro|0 fnt
|faint|p2a: Slowbro
|
|upkeep
|
|t:|1757789057
|switch|p2a: Corviknight|Corviknight, F|71/100
|turn|21
|
|t:|1757789060
|move|p1a: Raging Bolt|Thunderbolt|p2a: Corviknight
|-supereffective|p2a: Corviknight
|-damage|p2a: Corviknight|0 fnt
|faint|p2a: Corviknight
|
|win|starversus
|raw|starversus's rating: 1287 &rarr; <strong>1310</strong><br />(+23 for winning)
|raw|PistachoNuclear's rating: 1255 &rarr; <strong>1232</strong><br />(-23 for losing)
|l|☆starversus
|player|p1|
|l|☆PistachoNuclear
|player|p2|
