|j|☆hehe moon
|j|☆brilliance12345678
|t:|1757954880
|gametype|singles
|player|p1|hehe moon|cheryl|1509
|player|p2|brilliance12345678|2|1524
|gen|9
|tier|[Gen 9] OU
|rated|
|rule|HP Percentage Mod: HP is shown in percentages
|rule|Endless Battle Clause: Forcing endless battles is banned
|rule|Species Clause: Limit one of each Pokémon
|rule|OHKO Clause: OHKO moves are banned
|rule|Evasion Items Clause: Evasion items are banned
|rule|Evasion Moves Clause: Evasion moves are banned
|rule|Evasion Abilities Clause: Evasion abilities are banned
|rule|Sleep Moves Clause: Sleep-inducing moves are banned
|clearpoke
|poke|p1|Great Tusk|
|poke|p1|Zapdos|
|poke|p1|Meowscarada, F|
|poke|p1|Kingambit, F|
|poke|p1|Dragapult, F|
|poke|p1|Clefable, F|
|poke|p2|Toucannon, F|
|poke|p2|Dragonite, M|
|poke|p2|Zamazenta-*|
|poke|p2|Iron Treads|
|poke|p2|Zapdos|
|poke|p2|Primarina, F|
|teampreview
|inactive|Battle timer is ON: inactive players will automatically lose when time's up. (requested by hehe moon)
|
|t:|1757954885
|teamsize|p1|6
|teamsize|p2|6
|start
|switch|p1a: Zapdos|Zapdos|100/100
|switch|p2a: Toucannon|Toucannon, F|100/100
|turn|1
|
|t:|1757954890
|move|p1a: Zapdos|Thunder Wave|p2a: Toucannon
|-status|p2a: Toucannon|par
|move|p2a: Toucannon|Rock Blast|p1a: Zapdos|[miss]
|-miss|p2a: Toucannon|p1a: Zapdos
|
|upkeep
|turn|2
|
|t:|1757954897
|move|p1a: Zapdos|Volt Switch|p2a: Toucannon
|-supereffective|p2a: Toucannon
|-damage|p2a: Toucannon|51/100 par
|
|t:|1757954901
|switch|p1a: Clefable|Clefable, F|100/100|[from] Volt Switch
|move|p2a: Toucannon|Knock Off|p1a: Clefable
|-resisted|p1a: Clefable
|-damage|p1a: Clefable|81/100
|-enditem|p1a: Clefable|Leftovers|[from] move: Knock Off|[of] p2a: Toucannon
|
|upkeep
|turn|3
|
|t:|1757954908
|-singleturn|p2a: Toucannon|move: Beak Blast
|move|p1a: Clefable|Stealth Rock|p2a: Toucannon
|-sidestart|p2: brilliance12345678|move: Stealth Rock
|move|p2a: Toucannon|Beak Blast|p1a: Clefable
|-damage|p1a: Clefable|15/100
|
|upkeep
|turn|4
|
|t:|1757954918
|move|p1a: Clefable|Moonlight|p1a: Clefable
|-heal|p1a: Clefable|65/100
|cant|p2a: Toucannon|par
|
|upkeep
|turn|5
|
|t:|1757954924
|-singleturn|p2a: Toucannon|move: Beak Blast
|move|p1a: Clefable|Moonlight|p1a: Clefable
|-heal|p1a: Clefable|100/100
|move|p2a: Toucannon|Beak Blast|p1a: Clefable
|-damage|p1a: Clefable|40/100
|
|upkeep
|turn|6
|
|t:|1757954927
|-singleturn|p2a: Toucannon|move: Beak Blast
|move|p1a: Clefable|Moonblast|p2a: Toucannon
|-damage|p2a: Toucannon|28/100 par
|move|p2a: Toucannon|Beak Blast|p1a: Clefable
|-damage|p1a: Clefable|0 fnt
|faint|p1a: Clefable
|
|upkeep
|
|t:|1757954954
|switch|p1a: Zapdos|Zapdos|100/100
|turn|7
|
|t:|1757954961
|move|p1a: Zapdos|Volt Switch|p2a: Toucannon
|-supereffective|p2a: Toucannon
|-damage|p2a: Toucannon|0 fnt
|faint|p2a: Toucannon
|
|t:|1757954964
|switch|p1a: Meowscarada|Meowscarada, F|100/100|[from] Volt Switch
|
|upkeep
|
|t:|1757954973
|switch|p2a: Iron Treads|Iron Treads|100/100
|-damage|p2a: Iron Treads|98/100|[from] Stealth Rock
|-item|p2a: Iron Treads|Air Balloon
|turn|8
|
|t:|1757954980
|move|p1a: Meowscarada|U-turn|p2a: Iron Treads
|-start|p1a: Meowscarada|typechange|Bug|[from] ability: Protean
|-resisted|p2a: Iron Treads
|-damage|p2a: Iron Treads|78/100
|-enditem|p2a: Iron Treads|Air Balloon
|
|t:|1757954982
|switch|p1a: Zapdos|Zapdos|100/100|[from] U-turn
|move|p2a: Iron Treads|Rapid Spin|p1a: Zapdos
|-damage|p1a: Zapdos|90/100
|-boost|p2a: Iron Treads|spe|1
|-status|p2a: Iron Treads|par|[from] ability: Static|[of] p1a: Zapdos
|-sideend|p2: brilliance12345678|Stealth Rock|[from] move: Rapid Spin|[of] p2a: Iron Treads
|
|upkeep
|turn|9
|
|t:|1757954990
|move|p2a: Iron Treads|Knock Off|p1a: Zapdos
|-damage|p1a: Zapdos|69/100
|-enditem|p1a: Zapdos|Heavy-Duty Boots|[from] move: Knock Off|[of] p2a: Iron Treads
|move|p1a: Zapdos|Volt Switch|p2a: Iron Treads
|-immune|p2a: Iron Treads
|
|upkeep
|turn|10
|c|☆brilliance12345678|nice one
|
|t:|1757955003
|switch|p1a: Great Tusk|Great Tusk|100/100
|move|p2a: Iron Treads|Ice Spinner|p1a: Great Tusk
|-supereffective|p1a: Great Tusk
|-damage|p1a: Great Tusk|64/100
|
|upkeep
|turn|11
|
|t:|1757955010
|move|p1a: Great Tusk|Rapid Spin|p2a: Iron Treads
|-resisted|p2a: Iron Treads
|-damage|p2a: Iron Treads|70/100 par
|-boost|p1a: Great Tusk|spe|1
|move|p2a: Iron Treads|Ice Spinner|p1a: Great Tusk
|-supereffective|p1a: Great Tusk
|-damage|p1a: Great Tusk|29/100
|
|upkeep
|turn|12
|
|t:|1757955017
|move|p1a: Great Tusk|Headlong Rush|p2a: Iron Treads
|-supereffective|p2a: Iron Treads
|-damage|p2a: Iron Treads|0 fnt
|-unboost|p1a: Great Tusk|def|1
|-unboost|p1a: Great Tusk|spd|1
|faint|p2a: Iron Treads
|-end|p2a: Iron Treads|Quark Drive|[silent]
|
|upkeep
|
|t:|1757955025
|switch|p2a: Dragonite|Dragonite, M|100/100
|turn|13
|
|t:|1757955034
|move|p1a: Great Tusk|Ice Spinner|p2a: Dragonite
|-supereffective|p2a: Dragonite
|-damage|p2a: Dragonite|42/100
|move|p2a: Dragonite|Dragon Dance|p2a: Dragonite
|-boost|p2a: Dragonite|atk|1
|-boost|p2a: Dragonite|spe|1
|
|upkeep
|turn|14
|
|t:|1757955037
|move|p2a: Dragonite|Extreme Speed|p1a: Great Tusk
|-damage|p1a: Great Tusk|0 fnt
|faint|p1a: Great Tusk
|-end|p1a: Great Tusk|Protosynthesis|[silent]
|
|upkeep
|inactive|hehe moon has 120 seconds left.
|
|t:|1757955079
|switch|p1a: Kingambit|Kingambit, F|100/100
|-activate|p1a: Kingambit|ability: Supreme Overlord
|-start|p1a: Kingambit|fallen2|[silent]
|turn|15
|inactive|hehe moon has 120 seconds left.
|
|t:|1757955084
|move|p2a: Dragonite|Fire Punch|p1a: Kingambit
|-supereffective|p1a: Kingambit
|-damage|p1a: Kingambit|27/100
|move|p1a: Kingambit|Swords Dance|p1a: Kingambit
|-boost|p1a: Kingambit|atk|2
|
|-heal|p1a: Kingambit|33/100|[from] item: Leftovers
|upkeep
|turn|16
|
|t:|1757955090
|move|p2a: Dragonite|Extreme Speed|p1a: Kingambit
|-resisted|p1a: Kingambit
|-damage|p1a: Kingambit|14/100
|move|p1a: Kingambit|Sucker Punch||[still]
|-fail|p1a: Kingambit
|
|-heal|p1a: Kingambit|20/100|[from] item: Leftovers
|upkeep
|turn|17
|
|t:|1757955096
|move|p2a: Dragonite|Extreme Speed|p1a: Kingambit
|-resisted|p1a: Kingambit
|-damage|p1a: Kingambit|0 fnt
|faint|p1a: Kingambit
|-end|p1a: Kingambit|fallen2|[silent]
|
|upkeep
|
|t:|1757955098
|switch|p1a: Dragapult|Dragapult, F|100/100
|turn|18
|
|t:|1757955103
|move|p1a: Dragapult|Dragon Darts|p2a: Dragonite
|-supereffective|p2a: Dragonite
|-damage|p2a: Dragonite|0 fnt
|faint|p2a: Dragonite
|
|upkeep
|
|t:|1757955106
|switch|p2a: Primarina|Primarina, F|100/100
|turn|19
|
|t:|1757955115
|switch|p1a: Zapdos|Zapdos|69/100
|move|p2a: Primarina|Moonblast|p1a: Zapdos
|-damage|p1a: Zapdos|20/100
|
|upkeep
|turn|20
|
|t:|1757955118
|move|p1a: Zapdos|Thunder Wave|p2a: Primarina
|-status|p2a: Primarina|par
|move|p2a: Primarina|Moonblast|p1a: Zapdos
|-damage|p1a: Zapdos|0 fnt
|faint|p1a: Zapdos
|
|upkeep
|
|t:|1757955121
|switch|p1a: Meowscarada|Meowscarada, F|100/100
|turn|21
|
|t:|1757955128
|move|p1a: Meowscarada|Triple Axel|p2a: Primarina
|-start|p1a: Meowscarada|typechange|Ice|[from] ability: Protean
|-resisted|p2a: Primarina
|-damage|p2a: Primarina|92/100 par
|-resisted|p2a: Primarina
|-damage|p2a: Primarina|75/100 par
|-resisted|p2a: Primarina
|-damage|p2a: Primarina|50/100 par
|-hitcount|p2a: Primarina|3
|cant|p2a: Primarina|par
|
|upkeep
|turn|22
|c|☆brilliance12345678|this is ho im not pulling that shit
|
|t:|1757955148
|move|p1a: Meowscarada|Triple Axel|p2a: Primarina|[miss]
|-miss|p1a: Meowscarada|p2a: Primarina
|move|p2a: Primarina|Moonblast|p1a: Meowscarada
|-damage|p1a: Meowscarada|11/100
|
|upkeep
|turn|23
|
|t:|1757955152
|move|p1a: Meowscarada|Triple Axel|p2a: Primarina
|-resisted|p2a: Primarina
|-damage|p2a: Primarina|41/100 par
|-resisted|p2a: Primarina
|-damage|p2a: Primarina|24/100 par
|-resisted|p2a: Primarina
|-damage|p2a: Primarina|0 fnt
|faint|p2a: Primarina
|-hitcount|p2: Primarina|3
|
|upkeep
|
|t:|1757955160
|switch|p2a: Zapdos|Zapdos|100/100
|turn|24
|
|t:|1757955167
|-terastallize|p2a: Zapdos|Steel
|move|p1a: Meowscarada|Triple Axel|p2a: Zapdos
|-resisted|p2a: Zapdos
|-damage|p2a: Zapdos|93/100
|-resisted|p2a: Zapdos
|-damage|p2a: Zapdos|77/100
|-resisted|p2a: Zapdos
|-damage|p2a: Zapdos|52/100
|-hitcount|p2a: Zapdos|3
|move|p2a: Zapdos|Hurricane|p1a: Meowscarada
|-damage|p1a: Meowscarada|0 fnt
|faint|p1a: Meowscarada
|
|upkeep
|
|t:|1757955171
|switch|p1a: Dragapult|Dragapult, F|100/100
|turn|25
|
|t:|1757955173
|move|p1a: Dragapult|Substitute|p1a: Dragapult
|-start|p1a: Dragapult|Substitute
|-damage|p1a: Dragapult|76/100
|move|p2a: Zapdos|Hurricane|p1a: Dragapult
|-end|p1a: Dragapult|Substitute
|
|-heal|p1a: Dragapult|82/100|[from] item: Leftovers
|upkeep
|turn|26
|
|t:|1757955177
|move|p1a: Dragapult|Substitute|p1a: Dragapult
|-start|p1a: Dragapult|Substitute
|-damage|p1a: Dragapult|57/100
|move|p2a: Zapdos|Hurricane|p1a: Dragapult
|-end|p1a: Dragapult|Substitute
|
|-heal|p1a: Dragapult|63/100|[from] item: Leftovers
|upkeep
|turn|27
|
|t:|1757955180
|move|p1a: Dragapult|Substitute|p1a: Dragapult
|-start|p1a: Dragapult|Substitute
|-damage|p1a: Dragapult|38/100
|move|p2a: Zapdos|Hurricane|p1a: Dragapult
|-end|p1a: Dragapult|Substitute
|
|-heal|p1a: Dragapult|44/100|[from] item: Leftovers
|upkeep
|turn|28
|
|t:|1757955183
|move|p1a: Dragapult|Substitute|p1a: Dragapult
|-start|p1a: Dragapult|Substitute
|-damage|p1a: Dragapult|19/100
|move|p2a: Zapdos|Hurricane|p1a: Dragapult
|-end|p1a: Dragapult|Substitute
|
|-heal|p1a: Dragapult|25/100|[from] item: Leftovers
|upkeep
|turn|29
|
|t:|1757955186
|move|p1a: Dragapult|Substitute|p1a: Dragapult
|-fail|p1a: Dragapult|move: Substitute|[weak]
|move|p2a: Zapdos|Hurricane|p1a: Dragapult|[miss]
|-miss|p2a: Zapdos|p1a: Dragapult
|
|-heal|p1a: Dragapult|31/100|[from] item: Leftovers
|upkeep
|turn|30
|c|☆hehe moon|now it misses
|
|t:|1757955196
|-terastallize|p1a: Dragapult|Ghost
|move|p1a: Dragapult|Hex|p2a: Zapdos
|-damage|p2a: Zapdos|7/100
|move|p2a: Zapdos|Hurricane|p1a: Dragapult
|-damage|p1a: Dragapult|0 fnt
|faint|p1a: Dragapult
|
|win|brilliance12345678
|raw|hehe moon's rating: 1509 &rarr; <strong>1490</strong><br />(-19 for losing)
|raw|brilliance12345678's rating: 1524 &rarr; <strong>1543</strong><br />(+19 for winning)
|l|☆hehe moon
|player|p1|
|l|☆brilliance12345678
|player|p2|
