|j|☆l30_09
|j|☆kpo2022
|t:|1757816541
|gametype|singles
|player|p1|l30_09|lucas-gen4pt|1103
|player|p2|kpo2022|102|1172
|gen|9
|tier|[Gen 9] OU
|rated|
|rule|HP Percentage Mod: HP is shown in percentages
|rule|Endless Battle Clause: Forcing endless battles is banned
|rule|Species Clause: Limit one of each Pokémon
|rule|OHKO Clause: OHKO moves are banned
|rule|Evasion Items Clause: Evasion items are banned
|rule|Evasion Moves Clause: Evasion moves are banned
|rule|Evasion Abilities Clause: Evasion abilities are banned
|rule|Sleep Moves Clause: Sleep-inducing moves are banned
|clearpoke
|poke|p1|Quaquaval, M|
|poke|p1|Pawmot, M|
|poke|p1|Maushold|
|poke|p1|Tatsugiri-Droopy, M|
|poke|p1|Clodsire, M|
|poke|p1|Dachsbun, M|
|poke|p2|Pelipper, F|
|poke|p2|Overqwil, M|
|poke|p2|Azumarill, M|
|poke|p2|Basculegion, M|
|poke|p2|Greninja-*, M|
|poke|p2|Rotom-Heat|
|teampreview
|inactive|Battle timer is ON: inactive players will automatically lose when time's up. (requested by kpo2022)
|
|t:|1757816546
|teamsize|p1|6
|teamsize|p2|6
|start
|switch|p1a: Clodsire|Clodsire, M|100/100
|switch|p2a: Greninja|Greninja, M|100/100
|turn|1
|
|t:|1757816556
|move|p2a: Greninja|Ice Beam|p1a: Clodsire
|-supereffective|p1a: Clodsire
|-damage|p1a: Clodsire|63/100
|-damage|p2a: Greninja|91/100|[from] item: Life Orb
|move|p1a: Clodsire|Toxic|p2a: Greninja
|-status|p2a: Greninja|tox
|
|-heal|p1a: Clodsire|70/100|[from] item: Leftovers
|-damage|p2a: Greninja|85/100 tox|[from] psn
|upkeep
|turn|2
|
|t:|1757816575
|switch|p2a: Pelipper|Pelipper, F|100/100
|-weather|RainDance|[from] ability: Drizzle|[of] p2a: Pelipper
|-terastallize|p1a: Clodsire|Water
|move|p1a: Clodsire|Spikes|p2a: Pelipper
|-sidestart|p2: kpo2022|Spikes
|
|-weather|RainDance|[upkeep]
|-heal|p1a: Clodsire|76/100|[from] item: Leftovers
|upkeep
|turn|3
|
|t:|1757816594
|move|p2a: Pelipper|U-turn|p1a: Clodsire
|-damage|p1a: Clodsire|66/100
|
|t:|1757816597
|switch|p2a: Rotom|Rotom-Heat|100/100|[from] U-turn
|move|p1a: Clodsire|Toxic|p2a: Rotom
|-status|p2a: Rotom|tox
|
|-weather|RainDance|[upkeep]
|-heal|p1a: Clodsire|72/100|[from] item: Leftovers
|-damage|p2a: Rotom|95/100 tox|[from] psn
|upkeep
|turn|4
|
|t:|1757816609
|move|p2a: Rotom|Volt Switch|p1a: Clodsire
|-supereffective|p1a: Clodsire
|-damage|p1a: Clodsire|43/100
|
|t:|1757816635
|switch|p2a: Overqwil|Overqwil, M|100/100|[from] Volt Switch
|-damage|p2a: Overqwil|88/100|[from] Spikes
|move|p1a: Clodsire|Spikes|p2a: Overqwil
|-sidestart|p2: kpo2022|Spikes
|
|-weather|RainDance|[upkeep]
|-heal|p1a: Clodsire|50/100|[from] item: Leftovers
|upkeep
|turn|5
|
|t:|1757816647
|move|p2a: Overqwil|Poison Jab|p1a: Clodsire
|-damage|p1a: Clodsire|1/100
|move|p1a: Clodsire|Earthquake|p2a: Overqwil
|-supereffective|p2a: Overqwil
|-damage|p2a: Overqwil|28/100
|
|-weather|RainDance|[upkeep]
|-heal|p1a: Clodsire|7/100|[from] item: Leftovers
|upkeep
|turn|6
|
|t:|1757816657
|move|p2a: Overqwil|Fell Stinger|p1a: Clodsire
|-damage|p1a: Clodsire|0 fnt
|faint|p1a: Clodsire
|-boost|p2a: Overqwil|atk|3
|
|-weather|RainDance|[upkeep]
|upkeep
|
|t:|1757816669
|switch|p1a: Pawmot|Pawmot, M|100/100
|turn|7
|
|t:|1757816687
|move|p2a: Overqwil|Waterfall|p1a: Pawmot
|-enditem|p1a: Pawmot|Focus Sash
|-damage|p1a: Pawmot|1/100
|move|p1a: Pawmot|Volt Switch|p2a: Overqwil
|-crit|p2a: Overqwil
|-damage|p2a: Overqwil|0 fnt
|faint|p2a: Overqwil
|
|t:|1757816700
|switch|p1a: Maushold|Maushold|100/100|[from] Volt Switch
|
|-weather|RainDance|[upkeep]
|upkeep
|
|t:|1757816706
|switch|p2a: Basculegion|Basculegion, M|100/100
|-damage|p2a: Basculegion|84/100|[from] Spikes
|turn|8
|
|t:|1757816711
|-terastallize|p2a: Basculegion|Water
|move|p2a: Basculegion|Aqua Jet|p1a: Maushold
|-damage|p1a: Maushold|0 fnt
|faint|p1a: Maushold
|
|-weather|RainDance|[upkeep]
|upkeep
|
|t:|1757816717
|switch|p1a: Pawmot|Pawmot, M|1/100
|turn|9
|
|t:|1757816720
|move|p2a: Basculegion|Aqua Jet|p1a: Pawmot
|-damage|p1a: Pawmot|0 fnt
|faint|p1a: Pawmot
|
|-weather|none
|upkeep
|
|t:|1757816726
|switch|p1a: Dachsbun|Dachsbun, M|100/100
|turn|10
|
|t:|1757816735
|switch|p2a: Pelipper|Pelipper, F|100/100
|-weather|RainDance|[from] ability: Drizzle|[of] p2a: Pelipper
|move|p1a: Dachsbun|Play Rough|p2a: Pelipper
|-damage|p2a: Pelipper|73/100
|
|-weather|RainDance|[upkeep]
|upkeep
|turn|11
|
|t:|1757816753
|move|p1a: Dachsbun|Wish|p1a: Dachsbun
|move|p2a: Pelipper|Weather Ball|p1a: Dachsbun
|-damage|p1a: Dachsbun|42/100
|
|-weather|RainDance|[upkeep]
|-heal|p1a: Dachsbun|48/100|[from] item: Leftovers
|upkeep
|turn|12
|
|t:|1757816761
|move|p1a: Dachsbun|Protect|p1a: Dachsbun
|-singleturn|p1a: Dachsbun|Protect
|move|p2a: Pelipper|Weather Ball|p1a: Dachsbun
|-activate|p1a: Dachsbun|move: Protect
|
|-weather|RainDance|[upkeep]
|-heal|p1a: Dachsbun|98/100|[from] move: Wish|[wisher] Dachsbun
|-heal|p1a: Dachsbun|100/100|[from] item: Leftovers
|upkeep
|turn|13
|
|t:|1757816772
|move|p1a: Dachsbun|Play Rough|p2a: Pelipper
|-damage|p2a: Pelipper|45/100
|move|p2a: Pelipper|Weather Ball|p1a: Dachsbun
|-damage|p1a: Dachsbun|37/100
|
|-weather|RainDance|[upkeep]
|-heal|p1a: Dachsbun|43/100|[from] item: Leftovers
|upkeep
|turn|14
|
|t:|1757816782
|move|p1a: Dachsbun|Protect|p1a: Dachsbun
|-singleturn|p1a: Dachsbun|Protect
|move|p2a: Pelipper|Weather Ball|p1a: Dachsbun
|-activate|p1a: Dachsbun|move: Protect
|
|-weather|RainDance|[upkeep]
|-heal|p1a: Dachsbun|49/100|[from] item: Leftovers
|upkeep
|turn|15
|
|t:|1757816791
|move|p1a: Dachsbun|Wish|p1a: Dachsbun
|move|p2a: Pelipper|Weather Ball|p1a: Dachsbun
|-crit|p1a: Dachsbun
|-damage|p1a: Dachsbun|0 fnt
|faint|p1a: Dachsbun
|
|-weather|RainDance|[upkeep]
|upkeep
|
|t:|1757816800
|switch|p1a: Quaquaval|Quaquaval, M|100/100
|turn|16
|
|t:|1757816808
|switch|p2a: Rotom|Rotom-Heat|95/100 tox
|move|p1a: Quaquaval|Ice Spinner|p2a: Rotom
|-resisted|p2a: Rotom
|-damage|p2a: Rotom|78/100 tox
|-damage|p1a: Quaquaval|91/100|[from] item: Life Orb
|
|-weather|RainDance|[upkeep]
|-heal|p1a: Quaquaval|100/100|[from] move: Wish|[wisher] Dachsbun
|-heal|p2a: Rotom|84/100 tox|[from] item: Leftovers
|-damage|p2a: Rotom|78/100 tox|[from] psn
|upkeep
|turn|17
|
|t:|1757816823
|move|p1a: Quaquaval|Aqua Step|p2a: Rotom
|-supereffective|p2a: Rotom
|-damage|p2a: Rotom|0 fnt
|-boost|p1a: Quaquaval|spe|1
|faint|p2a: Rotom
|-ability|p1a: Quaquaval|Moxie|boost
|-boost|p1a: Quaquaval|atk|1
|-damage|p1a: Quaquaval|91/100|[from] item: Life Orb
|
|-weather|none
|upkeep
|
|t:|1757816826
|switch|p2a: Pelipper|Pelipper, F|45/100
|-weather|RainDance|[from] ability: Drizzle|[of] p2a: Pelipper
|turn|18
|
|t:|1757816836
|move|p1a: Quaquaval|Ice Spinner|p2a: Pelipper
|-damage|p2a: Pelipper|0 fnt
|faint|p2a: Pelipper
|-ability|p1a: Quaquaval|Moxie|boost
|-boost|p1a: Quaquaval|atk|1
|-damage|p1a: Quaquaval|81/100|[from] item: Life Orb
|
|-weather|RainDance|[upkeep]
|upkeep
|
|t:|1757816839
|switch|p2a: Basculegion|Basculegion, M, tera:Water|84/100
|-damage|p2a: Basculegion|67/100|[from] Spikes
|turn|19
|
|t:|1757816849
|move|p2a: Basculegion|Aqua Jet|p1a: Quaquaval
|-resisted|p1a: Quaquaval
|-damage|p1a: Quaquaval|37/100
|move|p1a: Quaquaval|Close Combat|p2a: Basculegion
|-damage|p2a: Basculegion|0 fnt
|-unboost|p1a: Quaquaval|def|1
|-unboost|p1a: Quaquaval|spd|1
|faint|p2a: Basculegion
|-ability|p1a: Quaquaval|Moxie|boost
|-boost|p1a: Quaquaval|atk|1
|-damage|p1a: Quaquaval|27/100|[from] item: Life Orb
|
|-weather|RainDance|[upkeep]
|upkeep
|
|t:|1757816856
|switch|p2a: Greninja|Greninja, M|85/100 tox
|-damage|p2a: Greninja|68/100 tox|[from] Spikes
|turn|20
|
|t:|1757816865
|move|p2a: Greninja|Water Shuriken|p1a: Quaquaval
|-resisted|p1a: Quaquaval
|-damage|p1a: Quaquaval|13/100
|-resisted|p1a: Quaquaval
|-damage|p1a: Quaquaval|0 fnt
|faint|p1a: Quaquaval
|-ability|p2a: Greninja|Battle Bond|boost
|-boost|p2a: Greninja|atk|1
|-boost|p2a: Greninja|spa|1
|-boost|p2a: Greninja|spe|1
|-activate|p2a: Greninja|ability: Battle Bond
|-hitcount|p1: Quaquaval|2
|-damage|p2a: Greninja|58/100 tox|[from] item: Life Orb
|
|-weather|RainDance|[upkeep]
|-damage|p2a: Greninja|52/100 tox|[from] psn
|upkeep
|
|t:|1757816879
|switch|p1a: Tatsugiri|Tatsugiri-Droopy, M, shiny|100/100
|turn|21
|
|t:|1757816893
|move|p2a: Greninja|Ice Beam|p1a: Tatsugiri
|-damage|p1a: Tatsugiri|32/100
|-damage|p2a: Greninja|43/100 tox|[from] item: Life Orb
|move|p1a: Tatsugiri|Draco Meteor|p2a: Greninja
|-damage|p2a: Greninja|0 fnt
|-unboost|p1a: Tatsugiri|spa|2
|faint|p2a: Greninja
|
|-weather|RainDance|[upkeep]
|upkeep
|
|t:|1757816899
|switch|p2a: Azumarill|Azumarill, M|100/100
|-damage|p2a: Azumarill|84/100|[from] Spikes
|turn|22
|
|t:|1757816908
|move|p1a: Tatsugiri|Draco Meteor|p2a: Azumarill
|-immune|p2a: Azumarill
|move|p2a: Azumarill|Play Rough|p1a: Tatsugiri
|-supereffective|p1a: Tatsugiri
|-damage|p1a: Tatsugiri|0 fnt
|faint|p1a: Tatsugiri
|
|win|kpo2022
|raw|l30_09's rating: 1103 &rarr; <strong>1083</strong><br />(-20 for losing)
|raw|kpo2022's rating: 1172 &rarr; <strong>1192</strong><br />(+20 for winning)
|l|☆l30_09
|player|p1|
|l|☆kpo2022
|player|p2|
