|j|☆hakarigod
|j|☆k1m0_01
|html|<table width="100%"><tr><td align="left">hakarigod</td><td align="right">k1m0_01</tr><tr><td align="left"><i class="fa fa-circle-o"></i> <i class="fa fa-circle-o"></i> </td><td align="right"><i class="fa fa-circle-o"></i> <i class="fa fa-circle-o"></i> </tr></table>
|uhtml|bestof|<h2><strong>Game 1</strong> of <a href="/game-bestof3-gen9ou-2441163979">a best-of-3</a></h2>
|t:|1757807288
|gametype|singles
|player|p1|hakarigod|170|
|player|p2|k1m0_01|nate|
|gen|9
|tier|[Gen 9] OU
|rule|HP Percentage Mod: HP is shown in percentages
|rule|Endless Battle Clause: Forcing endless battles is banned
|rule|Species Clause: Limit one of each Pokémon
|rule|OHKO Clause: OHKO moves are banned
|rule|Evasion Items Clause: Evasion items are banned
|rule|Evasion Moves Clause: Evasion moves are banned
|rule|Evasion Abilities Clause: Evasion abilities are banned
|rule|Sleep Moves Clause: Sleep-inducing moves are banned
|raw|<div class="infobox"><details class="readmore"><summary><strong>6 custom rules:</strong></summary> Force Open Team Sheets, Anything Goes, maxteamsize=8, Picked Team Size = 6, Adjust Level = 100, bestof=3</details></div>
|clearpoke
|poke|p1|Garganacl, F|
|poke|p1|Weezing-Galar, M|
|poke|p1|Corviknight, M|
|poke|p1|Dragapult, F|
|poke|p1|Kingambit, M|
|poke|p1|Hatterene, F|
|poke|p1|Muk-Alola, F|
|poke|p1|Scizor, F|
|poke|p2|Dragapult, F|
|poke|p2|Sinistcha|
|poke|p2|Kingambit, F|
|poke|p2|Clodsire, M|
|poke|p2|Corviknight, F|
|poke|p2|Rotom-Wash|
|poke|p2|Cinderace, M|
|poke|p2|Primarina, M|
|teampreview|6
|showteam|p1|Garganacl||AssaultVest|PurifyingSalt|SaltCure,BodyPress,FirePunch,IronHead|||F||||,,,,,Rock]Weezing-Galar||RockyHelmet|NeutralizingGas|ClearSmog,DazzlingGleam,DestinyBond,SludgeBomb|||M||||,,,,,Poison]Corviknight||Leftovers|MirrorArmor|BodyPress,DrillPeck,Uturn,BulkUp|||M||||,,,,,Flying]Dragapult||ExpertBelt|ClearBody|DragonDarts,PsychicFangs,SuckerPunch,WillOWisp|||F||||,,,,,Dragon]Kingambit||FocusSash|SupremeOverlord|FoulPlay,BrickBreak,IronHead,XScissor|||M||||,,,,,Dark]Hatterene||Metronome|MagicBounce|DazzlingGleam,DrainingKiss,GigaDrain,MysticalFire|||F||||,,,,,Psychic]Muk-Alola||BlackSludge|PoisonTouch|Toxic,Haze,PoisonJab,Protect|||F||||,,,,,Poison]Scizor||MetalCoat|Technician|BulletPunch,AerialAce,BrickBreak,IronHead|||F||||,,,,,Bug
|showteam|p2|Dragapult||ChoiceScarf|Infiltrator|ShadowBall,Uturn,Flamethrower,DracoMeteor|||F||||,,,,,Dragon]Sinistcha||SitrusBerry|Heatproof|MatchaGotcha,ShadowBall,StrengthSap,Scald|||||||,,,,,Grass]Kingambit||BlackGlasses|SupremeOverlord|KowtowCleave,SuckerPunch,SwordsDance,IronHead|||F||||,,,,,Dark]Clodsire||BlackSludge|WaterAbsorb|Earthquake,PoisonJab,Recover,ToxicSpikes|||M||||,,,,,Poison]Corviknight||RockyHelmet|Pressure|IronHead,Uturn,Defog,Roost|||F||||,,,,,Flying]Rotom-Wash||Leftovers|Levitate|HydroPump,VoltSwitch,WillOWisp,PainSplit|||||||,,,,,Electric]Cinderace||HeavyDutyBoots|Libero|Uturn,PyroBall,CourtChange,SuckerPunch|||M||||,,,,,Fire]Primarina||AssaultVest|LiquidVoice|HyperVoice,IceBeam,DrainingKiss,FlipTurn|||M||||,,,,,Water
|inactive|Battle timer is ON: inactive players will automatically lose when time's up. (requested by hakarigod)
|c|☆k1m0_01|Cuando tengas el ban me dices
|c|☆hakarigod|ban dragapult
|inactive|hakarigod has 270 seconds left.
|inactive|k1m0_01 has 270 seconds left.
|c|☆k1m0_01|Ban el weesing
|
|t:|1757807339
|teamsize|p1|6
|teamsize|p2|6
|start
|switch|p1a: OLIANG|Dragapult, F|100/100
|switch|p2a: Lavadora|Rotom-Wash|100/100
|turn|1
|c|☆hakarigod|no llevo corvinight
|
|t:|1757807368
|move|p1a: OLIANG|Sucker Punch||[still]
|-fail|p1a: OLIANG
|move|p2a: Lavadora|Will-O-Wisp|p1a: OLIANG
|-status|p1a: OLIANG|brn
|
|-damage|p1a: OLIANG|95/100 brn|[from] brn
|upkeep
|turn|2
|
|t:|1757807380
|move|p1a: OLIANG|Will-O-Wisp|p2a: Lavadora
|-status|p2a: Lavadora|brn
|move|p2a: Lavadora|Hydro Pump|p1a: OLIANG
|-resisted|p1a: OLIANG
|-damage|p1a: OLIANG|69/100 brn
|
|-damage|p1a: OLIANG|63/100 brn|[from] brn
|-damage|p2a: Lavadora|94/100 brn|[from] brn
|upkeep
|turn|3
|
|t:|1757807392
|move|p1a: OLIANG|Dragon Darts|p2a: Lavadora
|-damage|p2a: Lavadora|85/100 brn
|-anim|p1a: OLIANG|Dragon Darts|p2a: Lavadora
|-damage|p2a: Lavadora|76/100 brn
|move|p2a: Lavadora|Will-O-Wisp|p1a: OLIANG|[miss]
|-miss|p2a: Lavadora|p1a: OLIANG
|
|-heal|p2a: Lavadora|83/100 brn|[from] item: Leftovers
|-damage|p1a: OLIANG|57/100 brn|[from] brn
|-damage|p2a: Lavadora|76/100 brn|[from] brn
|upkeep
|turn|4
|
|t:|1757807403
|move|p1a: OLIANG|Sucker Punch|p2a: Lavadora
|-damage|p2a: Lavadora|67/100 brn
|move|p2a: Lavadora|Hydro Pump|p1a: OLIANG
|-resisted|p1a: OLIANG
|-damage|p1a: OLIANG|32/100 brn
|
|-heal|p2a: Lavadora|73/100 brn|[from] item: Leftovers
|-damage|p1a: OLIANG|26/100 brn|[from] brn
|-damage|p2a: Lavadora|67/100 brn|[from] brn
|upkeep
|turn|5
|c|☆k1m0_01|No llevo primarinaaa
|c|☆k1m0_01|Perdon
|
|t:|1757807418
|move|p1a: OLIANG|Dragon Darts|p2a: Lavadora
|-damage|p2a: Lavadora|58/100 brn
|-anim|p1a: OLIANG|Dragon Darts|p2a: Lavadora
|-damage|p2a: Lavadora|48/100 brn
|move|p2a: Lavadora|Will-O-Wisp|p1a: OLIANG
|-fail|p1a: OLIANG|brn
|
|-heal|p2a: Lavadora|54/100 brn|[from] item: Leftovers
|-damage|p1a: OLIANG|20/100 brn|[from] brn
|-damage|p2a: Lavadora|48/100 brn|[from] brn
|upkeep
|turn|6
|
|t:|1757807446
|move|p1a: OLIANG|Dragon Darts|p2a: Lavadora
|-crit|p2a: Lavadora
|-damage|p2a: Lavadora|33/100 brn
|-anim|p1a: OLIANG|Dragon Darts|p2a: Lavadora
|-damage|p2a: Lavadora|24/100 brn
|move|p2a: Lavadora|Hydro Pump|p1a: OLIANG
|-resisted|p1a: OLIANG
|-damage|p1a: OLIANG|0 fnt
|faint|p1a: OLIANG
|
|-heal|p2a: Lavadora|30/100 brn|[from] item: Leftovers
|-damage|p2a: Lavadora|24/100 brn|[from] brn
|upkeep
|
|t:|1757807461
|switch|p1a: DINALGA|Hatterene, F|100/100
|turn|7
|
|t:|1757807465
|move|p2a: Lavadora|Pain Split|p1a: DINALGA
|-sethp|p1a: DINALGA|62/100|[from] move: Pain Split|[silent]
|-sethp|p2a: Lavadora|64/100 brn|[from] move: Pain Split
|move|p1a: DINALGA|Giga Drain|p2a: Lavadora
|-supereffective|p2a: Lavadora
|-damage|p2a: Lavadora|0 fnt
|-heal|p1a: DINALGA|92/100|[from] drain|[of] p2a: Lavadora
|faint|p2a: Lavadora
|
|upkeep
|
|t:|1757807480
|switch|p2a: Babosa osa|Clodsire, M|100/100
|turn|8
|
|t:|1757807489
|move|p1a: DINALGA|Giga Drain|p2a: Babosa osa
|-damage|p2a: Babosa osa|81/100
|-heal|p1a: DINALGA|100/100|[from] drain|[of] p2a: Babosa osa
|move|p2a: Babosa osa|Poison Jab|p1a: DINALGA
|-supereffective|p1a: DINALGA
|-damage|p1a: DINALGA|53/100
|
|-heal|p2a: Babosa osa|87/100|[from] item: Black Sludge
|upkeep
|turn|9
|
|t:|1757807510
|move|p1a: DINALGA|Giga Drain|p2a: Babosa osa
|-damage|p2a: Babosa osa|66/100
|-heal|p1a: DINALGA|69/100|[from] drain|[of] p2a: Babosa osa
|move|p2a: Babosa osa|Poison Jab|p1a: DINALGA
|-supereffective|p1a: DINALGA
|-damage|p1a: DINALGA|22/100
|
|-heal|p2a: Babosa osa|73/100|[from] item: Black Sludge
|upkeep
|turn|10
|
|t:|1757807519
|move|p1a: DINALGA|Giga Drain|p2a: Babosa osa
|-damage|p2a: Babosa osa|49/100
|-heal|p1a: DINALGA|39/100|[from] drain|[of] p2a: Babosa osa
|move|p2a: Babosa osa|Earthquake|p1a: DINALGA
|-damage|p1a: DINALGA|8/100
|
|-heal|p2a: Babosa osa|55/100|[from] item: Black Sludge
|upkeep
|turn|11
|
|t:|1757807527
|move|p1a: DINALGA|Giga Drain|p2a: Babosa osa
|-damage|p2a: Babosa osa|29/100
|-heal|p1a: DINALGA|27/100|[from] drain|[of] p2a: Babosa osa
|move|p2a: Babosa osa|Recover|p2a: Babosa osa
|-heal|p2a: Babosa osa|79/100
|
|-heal|p2a: Babosa osa|85/100|[from] item: Black Sludge
|upkeep
|turn|12
|
|t:|1757807534
|move|p1a: DINALGA|Giga Drain|p2a: Babosa osa
|-damage|p2a: Babosa osa|55/100
|-heal|p1a: DINALGA|49/100|[from] drain|[of] p2a: Babosa osa
|move|p2a: Babosa osa|Poison Jab|p1a: DINALGA
|-supereffective|p1a: DINALGA
|-damage|p1a: DINALGA|3/100
|
|-heal|p2a: Babosa osa|61/100|[from] item: Black Sludge
|upkeep
|turn|13
|
|t:|1757807544
|move|p1a: DINALGA|Giga Drain|p2a: Babosa osa
|-damage|p2a: Babosa osa|27/100
|-heal|p1a: DINALGA|28/100|[from] drain|[of] p2a: Babosa osa
|move|p2a: Babosa osa|Recover|p2a: Babosa osa
|-heal|p2a: Babosa osa|77/100
|
|-heal|p2a: Babosa osa|83/100|[from] item: Black Sludge
|upkeep
|turn|14
|
|t:|1757807552
|move|p1a: DINALGA|Giga Drain|p2a: Babosa osa
|-damage|p2a: Babosa osa|52/100
|-heal|p1a: DINALGA|50/100|[from] drain|[of] p2a: Babosa osa
|move|p2a: Babosa osa|Poison Jab|p1a: DINALGA
|-supereffective|p1a: DINALGA
|-damage|p1a: DINALGA|0 fnt
|faint|p1a: DINALGA
|
|-heal|p2a: Babosa osa|59/100|[from] item: Black Sludge
|upkeep
|
|t:|1757807565
|switch|p1a: YAN|Kingambit, M|100/100
|-activate|p1a: YAN|ability: Supreme Overlord
|-start|p1a: YAN|fallen2|[silent]
|turn|15
|
|t:|1757807583
|move|p1a: YAN|Iron Head|p2a: Babosa osa
|-damage|p2a: Babosa osa|0 fnt
|faint|p2a: Babosa osa
|
|upkeep
|
|t:|1757807592
|switch|p2a: Te chai|Sinistcha|100/100
|turn|16
|
|t:|1757807596
|move|p2a: Te chai|Strength Sap|p1a: YAN
|-unboost|p1a: YAN|atk|1
|move|p1a: YAN|Foul Play|p2a: Te chai
|-supereffective|p2a: Te chai
|-damage|p2a: Te chai|71/100
|
|upkeep
|turn|17
|
|t:|1757807605
|move|p2a: Te chai|Strength Sap|p1a: YAN
|-unboost|p1a: YAN|atk|1
|-heal|p2a: Te chai|100/100
|move|p1a: YAN|X-Scissor|p2a: Te chai
|-damage|p2a: Te chai|86/100
|
|upkeep
|turn|18
|
|t:|1757807615
|-end|p1a: YAN|fallen2|[silent]
|switch|p1a: ZETA|Muk-Alola, F|100/100
|move|p2a: Te chai|Matcha Gotcha|p1a: ZETA
|-resisted|p1a: ZETA
|-damage|p1a: ZETA|92/100
|-heal|p2a: Te chai|92/100|[from] drain|[of] p1a: ZETA
|
|-heal|p1a: ZETA|98/100|[from] item: Black Sludge
|upkeep
|turn|19
|
|t:|1757807640
|switch|p2a: Roba Carteras|Kingambit, F|100/100
|-activate|p2a: Roba Carteras|ability: Supreme Overlord
|-start|p2a: Roba Carteras|fallen2|[silent]
|move|p1a: ZETA|Toxic|p2a: Roba Carteras
|-immune|p2a: Roba Carteras
|
|-heal|p1a: ZETA|100/100|[from] item: Black Sludge
|upkeep
|turn|20
|
|t:|1757807652
|switch|p1a: KSOP|Scizor, F|100/100
|move|p2a: Roba Carteras|Swords Dance|p2a: Roba Carteras
|-boost|p2a: Roba Carteras|atk|2
|
|upkeep
|turn|21
|
|t:|1757807660
|move|p2a: Roba Carteras|Sucker Punch|p1a: KSOP
|-damage|p1a: KSOP|0 fnt
|faint|p1a: KSOP
|
|upkeep
|
|t:|1757807664
|switch|p1a: YAN|Kingambit, M|100/100
|-activate|p1a: YAN|ability: Supreme Overlord
|-start|p1a: YAN|fallen3|[silent]
|turn|22
|
|t:|1757807673
|move|p2a: Roba Carteras|Kowtow Cleave|p1a: YAN
|-resisted|p1a: YAN
|-damage|p1a: YAN|45/100
|move|p1a: YAN|Brick Break|p2a: Roba Carteras
|-supereffective|p2a: Roba Carteras
|-damage|p2a: Roba Carteras|0 fnt
|faint|p2a: Roba Carteras
|-end|p2a: Roba Carteras|fallen2|[silent]
|
|upkeep
|
|t:|1757807681
|switch|p2a: Pelota|Cinderace, M|100/100
|turn|23
|
|t:|1757807687
|move|p2a: Pelota|Pyro Ball|p1a: YAN
|-supereffective|p1a: YAN
|-damage|p1a: YAN|0 fnt
|faint|p1a: YAN
|-end|p1a: YAN|fallen3|[silent]
|
|upkeep
|
|t:|1757807695
|switch|p1a: ARO|Garganacl, F|100/100
|turn|24
|
|t:|1757807699
|switch|p2a: Te chai|Sinistcha|92/100
|move|p1a: ARO|Salt Cure|p2a: Te chai
|-damage|p2a: Te chai|76/100
|-start|p2a: Te chai|Salt Cure
|
|-damage|p2a: Te chai|64/100|[from] Salt Cure
|upkeep
|turn|25
|
|t:|1757807709
|move|p2a: Te chai|Strength Sap|p1a: ARO
|-unboost|p1a: ARO|atk|1
|-heal|p2a: Te chai|100/100
|move|p1a: ARO|Fire Punch|p2a: Te chai
|-supereffective|p2a: Te chai
|-damage|p2a: Te chai|88/100
|
|-damage|p2a: Te chai|76/100|[from] Salt Cure
|upkeep
|turn|26
|
|t:|1757807719
|move|p2a: Te chai|Strength Sap|p1a: ARO
|-unboost|p1a: ARO|atk|1
|-heal|p2a: Te chai|100/100
|move|p1a: ARO|Iron Head|p2a: Te chai
|-damage|p2a: Te chai|90/100
|
|-damage|p2a: Te chai|77/100|[from] Salt Cure
|upkeep
|turn|27
|
|t:|1757807729
|switch|p1a: ZETA|Muk-Alola, F|100/100
|move|p2a: Te chai|Scald|p1a: ZETA
|-damage|p1a: ZETA|89/100
|
|-heal|p1a: ZETA|95/100|[from] item: Black Sludge
|-damage|p2a: Te chai|65/100|[from] Salt Cure
|upkeep
|turn|28
|
|t:|1757807749
|move|p2a: Te chai|Strength Sap|p1a: ZETA
|-unboost|p1a: ZETA|atk|1
|-heal|p2a: Te chai|100/100
|move|p1a: ZETA|Toxic|p2a: Te chai
|-status|p2a: Te chai|tox
|
|-heal|p1a: ZETA|100/100|[from] item: Black Sludge
|-damage|p2a: Te chai|94/100 tox|[from] psn
|-damage|p2a: Te chai|82/100 tox|[from] Salt Cure
|upkeep
|turn|29
|
|t:|1757807765
|move|p1a: ZETA|Protect|p1a: ZETA
|-singleturn|p1a: ZETA|Protect
|move|p2a: Te chai|Strength Sap|p1a: ZETA
|-activate|p1a: ZETA|move: Protect
|
|-damage|p2a: Te chai|70/100 tox|[from] psn
|-damage|p2a: Te chai|57/100 tox|[from] Salt Cure
|upkeep
|turn|30
|
|t:|1757807774
|switch|p2a: Hazar dando|Corviknight, F|100/100
|-ability|p2a: Hazar dando|Pressure
|move|p1a: ZETA|Poison Jab|p2a: Hazar dando
|-immune|p2a: Hazar dando
|
|upkeep
|turn|31
|
|t:|1757807782
|switch|p1a: ARO|Garganacl, F|100/100
|move|p2a: Hazar dando|Iron Head|p1a: ARO
|-supereffective|p1a: ARO
|-damage|p1a: ARO|69/100
|
|upkeep
|turn|32
|
|t:|1757807791
|move|p2a: Hazar dando|Iron Head|p1a: ARO
|-supereffective|p1a: ARO
|-damage|p1a: ARO|39/100
|move|p1a: ARO|Salt Cure|p2a: Hazar dando
|-damage|p2a: Hazar dando|88/100
|-start|p2a: Hazar dando|Salt Cure
|
|-damage|p2a: Hazar dando|64/100|[from] Salt Cure
|upkeep
|turn|33
|
|t:|1757807799
|move|p2a: Hazar dando|Iron Head|p1a: ARO
|-supereffective|p1a: ARO
|-damage|p1a: ARO|7/100
|cant|p1a: ARO|flinch
|
|-damage|p2a: Hazar dando|39/100|[from] Salt Cure
|upkeep
|turn|34
|
|t:|1757807807
|move|p2a: Hazar dando|Roost|p2a: Hazar dando
|-heal|p2a: Hazar dando|89/100
|-singleturn|p2a: Hazar dando|move: Roost
|move|p1a: ARO|Fire Punch|p2a: Hazar dando
|-supereffective|p2a: Hazar dando
|-damage|p2a: Hazar dando|62/100
|-damage|p1a: ARO|0 fnt|[from] item: Rocky Helmet|[of] p2a: Hazar dando
|faint|p1a: ARO
|
|-damage|p2a: Hazar dando|37/100|[from] Salt Cure
|upkeep
|
|t:|1757807818
|switch|p1a: ZETA|Muk-Alola, F|100/100
|turn|35
|
|t:|1757807822
|move|p1a: ZETA|Protect|p1a: ZETA
|-singleturn|p1a: ZETA|Protect
|move|p2a: Hazar dando|Roost|p2a: Hazar dando
|-heal|p2a: Hazar dando|87/100
|-singleturn|p2a: Hazar dando|move: Roost
|
|-damage|p2a: Hazar dando|62/100|[from] Salt Cure
|upkeep
|turn|36
|
|t:|1757807830
|move|p1a: ZETA|Protect||[still]
|-fail|p1a: ZETA
|move|p2a: Hazar dando|Roost|p2a: Hazar dando
|-heal|p2a: Hazar dando|100/100
|-singleturn|p2a: Hazar dando|move: Roost
|
|-damage|p2a: Hazar dando|76/100|[from] Salt Cure
|upkeep
|turn|37
|
|t:|1757807847
|move|p1a: ZETA|Protect|p1a: ZETA
|-singleturn|p1a: ZETA|Protect
|move|p2a: Hazar dando|Iron Head|p1a: ZETA
|-activate|p1a: ZETA|move: Protect
|
|-damage|p2a: Hazar dando|51/100|[from] Salt Cure
|upkeep
|turn|38
|
|t:|1757807852
|move|p1a: ZETA|Protect|p1a: ZETA
|-singleturn|p1a: ZETA|Protect
|move|p2a: Hazar dando|Roost|p2a: Hazar dando
|-heal|p2a: Hazar dando|100/100
|-singleturn|p2a: Hazar dando|move: Roost
|
|-damage|p2a: Hazar dando|76/100|[from] Salt Cure
|upkeep
|turn|39
|
|t:|1757807861
|move|p1a: ZETA|Protect||[still]
|-fail|p1a: ZETA
|move|p2a: Hazar dando|Iron Head|p1a: ZETA
|-damage|p1a: ZETA|74/100
|
|-heal|p1a: ZETA|80/100|[from] item: Black Sludge
|-damage|p2a: Hazar dando|51/100|[from] Salt Cure
|upkeep
|turn|40
|
|t:|1757807867
|move|p1a: ZETA|Protect|p1a: ZETA
|-singleturn|p1a: ZETA|Protect
|move|p2a: Hazar dando|Roost|p2a: Hazar dando
|-heal|p2a: Hazar dando|100/100
|-singleturn|p2a: Hazar dando|move: Roost
|
|-heal|p1a: ZETA|86/100|[from] item: Black Sludge
|-damage|p2a: Hazar dando|76/100|[from] Salt Cure
|upkeep
|turn|41
|
|t:|1757807871
|move|p1a: ZETA|Protect||[still]
|-fail|p1a: ZETA
|move|p2a: Hazar dando|Iron Head|p1a: ZETA
|-damage|p1a: ZETA|59/100
|
|-heal|p1a: ZETA|65/100|[from] item: Black Sludge
|-damage|p2a: Hazar dando|51/100|[from] Salt Cure
|upkeep
|turn|42
|
|t:|1757807874
|move|p1a: ZETA|Protect|p1a: ZETA
|-singleturn|p1a: ZETA|Protect
|move|p2a: Hazar dando|Roost|p2a: Hazar dando
|-heal|p2a: Hazar dando|100/100
|-singleturn|p2a: Hazar dando|move: Roost
|
|-heal|p1a: ZETA|72/100|[from] item: Black Sludge
|-damage|p2a: Hazar dando|76/100|[from] Salt Cure
|upkeep
|turn|43
|
|t:|1757807878
|move|p1a: ZETA|Protect||[still]
|-fail|p1a: ZETA
|move|p2a: Hazar dando|Iron Head|p1a: ZETA
|-damage|p1a: ZETA|44/100
|
|-heal|p1a: ZETA|50/100|[from] item: Black Sludge
|-damage|p2a: Hazar dando|51/100|[from] Salt Cure
|upkeep
|turn|44
|
|t:|1757807882
|switch|p2a: Pelota|Cinderace, M|100/100
|move|p1a: ZETA|Protect||[still]
|-fail|p1a: ZETA
|
|-heal|p1a: ZETA|56/100|[from] item: Black Sludge
|upkeep
|turn|45
|
|t:|1757807888
|move|p2a: Pelota|U-turn|p1a: ZETA
|-start|p2a: Pelota|typechange|Bug|[from] ability: Libero
|-damage|p1a: ZETA|23/100
|
|t:|1757807892
|switch|p2a: Hazar dando|Corviknight, F|51/100|[from] U-turn
|-ability|p2a: Hazar dando|Pressure
|move|p1a: ZETA|Toxic|p2a: Hazar dando
|-immune|p2a: Hazar dando
|
|-heal|p1a: ZETA|29/100|[from] item: Black Sludge
|upkeep
|turn|46
|
|t:|1757807900
|move|p1a: ZETA|Protect|p1a: ZETA
|-singleturn|p1a: ZETA|Protect
|move|p2a: Hazar dando|U-turn|p1a: ZETA
|-activate|p1a: ZETA|move: Protect
|
|-heal|p1a: ZETA|35/100|[from] item: Black Sludge
|upkeep
|turn|47
|
|t:|1757807901
|move|p1a: ZETA|Protect|p1a: ZETA
|-singleturn|p1a: ZETA|Protect
|move|p2a: Hazar dando|U-turn|p1a: ZETA
|-activate|p1a: ZETA|move: Protect
|
|-heal|p1a: ZETA|41/100|[from] item: Black Sludge
|upkeep
|turn|48
|
|t:|1757807903
|move|p1a: ZETA|Protect||[still]
|-fail|p1a: ZETA
|move|p2a: Hazar dando|U-turn|p1a: ZETA
|-damage|p1a: ZETA|26/100
|
|t:|1757807905
|switch|p2a: Pelota|Cinderace, M|100/100|[from] U-turn
|
|-heal|p1a: ZETA|32/100|[from] item: Black Sludge
|upkeep
|turn|49
|
|t:|1757807912
|move|p2a: Pelota|Pyro Ball|p1a: ZETA
|-damage|p1a: ZETA|0 fnt
|faint|p1a: ZETA
|
|win|k1m0_01
||hakarigod is ready for game 2.
|c|☆k1m0_01|GG
|c|☆hakarigod|gg
|inactive|k1m0_01 has 30 seconds to confirm battle start!
||k1m0_01 is ready for game 2.
|uhtml|next|Next: <a href="/battle-gen9ou-2441168698"><strong>Game 2 of 3</strong></a>
