|j|☆chongtong
|j|☆Only Infinite
|t:|1757823864
|gametype|singles
|player|p1|chongtong|170|1316
|player|p2|Only Infinite|clemont|1331
|gen|9
|tier|[Gen 9] OU
|rated|
|rule|HP Percentage Mod: HP is shown in percentages
|rule|Endless Battle Clause: Forcing endless battles is banned
|rule|Species Clause: Limit one of each Pokémon
|rule|OHKO Clause: OHKO moves are banned
|rule|Evasion Items Clause: Evasion items are banned
|rule|Evasion Moves Clause: Evasion moves are banned
|rule|Evasion Abilities Clause: Evasion abilities are banned
|rule|Sleep Moves Clause: Sleep-inducing moves are banned
|clearpoke
|poke|p1|Dragonite, M|
|poke|p1|Garchomp, M|
|poke|p1|Excadrill, F|
|poke|p1|Latios, M|
|poke|p1|Tyranitar, M|
|poke|p1|Salamence, F|
|poke|p2|Latias, F|
|poke|p2|Ogerpon-Wellspring, F|
|poke|p2|Glimmora, M|
|poke|p2|Gholdengo|
|poke|p2|Ting-Lu|
|poke|p2|Cinderace, F|
|teampreview
|
|t:|1757823889
|teamsize|p1|6
|teamsize|p2|6
|start
|switch|p1a: Garchomp|Garchomp, M, shiny|100/100
|switch|p2a: Cinderace|Cinderace, F|100/100
|turn|1
|
|t:|1757823896
|move|p2a: Cinderace|Will-O-Wisp|p1a: Garchomp
|-status|p1a: Garchomp|brn
|move|p1a: Garchomp|Stealth Rock|p2a: Cinderace
|-sidestart|p2: Only Infinite|move: Stealth Rock
|
|-damage|p1a: Garchomp|94/100 brn|[from] brn
|upkeep
|turn|2
|
|t:|1757823913
|switch|p2a: Ogerpon|Ogerpon-Wellspring, F|100/100
|-damage|p2a: Ogerpon|88/100|[from] Stealth Rock
|switch|p1a: Dragonite|Dragonite, M|100/100
|
|upkeep
|turn|3
|
|t:|1757823920
|move|p2a: Ogerpon|Knock Off|p1a: Dragonite
|-damage|p1a: Dragonite|87/100
|-damage|p2a: Ogerpon|72/100|[from] item: Rocky Helmet|[of] p1a: Dragonite
|-enditem|p1a: Dragonite|Rocky Helmet|[from] move: Knock Off|[of] p2a: Ogerpon
|move|p1a: Dragonite|Thunder Wave|p2a: Ogerpon
|-status|p2a: Ogerpon|par
|
|upkeep
|turn|4
|
|t:|1757823933
|switch|p2a: Ting-Lu|Ting-Lu|100/100
|-damage|p2a: Ting-Lu|94/100|[from] Stealth Rock
|-ability|p2a: Ting-Lu|Vessel of Ruin
|move|p1a: Dragonite|Roost|p1a: Dragonite
|-heal|p1a: Dragonite|100/100
|-singleturn|p1a: Dragonite|move: Roost
|
|-heal|p2a: Ting-Lu|100/100|[from] item: Leftovers
|upkeep
|turn|5
|
|t:|1757823937
|switch|p1a: Tyranitar|Tyranitar, M, shiny|100/100
|-weather|Sandstorm|[from] ability: Sand Stream|[of] p1a: Tyranitar
|move|p2a: Ting-Lu|Stealth Rock|p1a: Tyranitar
|-sidestart|p1: chongtong|move: Stealth Rock
|
|-weather|Sandstorm|[upkeep]
|upkeep
|turn|6
|
|t:|1757823950
|move|p1a: Tyranitar|Knock Off|p2a: Ting-Lu
|-resisted|p2a: Ting-Lu
|-damage|p2a: Ting-Lu|77/100
|-enditem|p2a: Ting-Lu|Leftovers|[from] move: Knock Off|[of] p1a: Tyranitar
|move|p2a: Ting-Lu|Ruination|p1a: Tyranitar
|-damage|p1a: Tyranitar|50/100
|
|-weather|Sandstorm|[upkeep]
|upkeep
|turn|7
|
|t:|1757823984
|switch|p1a: Excadrill|Excadrill, F, shiny|100/100
|-damage|p1a: Excadrill|97/100|[from] Stealth Rock
|move|p2a: Ting-Lu|Ruination|p1a: Excadrill
|-damage|p1a: Excadrill|49/100
|
|-weather|Sandstorm|[upkeep]
|upkeep
|turn|8
|
|t:|1757823989
|move|p1a: Excadrill|Rapid Spin|p2a: Ting-Lu
|-damage|p2a: Ting-Lu|64/100
|-boost|p1a: Excadrill|spe|1
|-sideend|p1: chongtong|Stealth Rock|[from] move: Rapid Spin|[of] p1a: Excadrill
|-damage|p1a: Excadrill|39/100|[from] item: Life Orb
|move|p2a: Ting-Lu|Earthquake|p1a: Excadrill
|-supereffective|p1a: Excadrill
|-damage|p1a: Excadrill|0 fnt
|faint|p1a: Excadrill
|
|-weather|Sandstorm|[upkeep]
|upkeep
|
|t:|1757823995
|switch|p1a: Salamence|Salamence, F|100/100
|turn|9
|
|t:|1757823998
|move|p1a: Salamence|Hydro Pump|p2a: Ting-Lu
|-supereffective|p2a: Ting-Lu
|-damage|p2a: Ting-Lu|29/100
|-damage|p1a: Salamence|91/100|[from] item: Life Orb
|move|p2a: Ting-Lu|Whirlwind|p1a: Salamence
|drag|p1a: Dragonite|Dragonite, M|100/100
|
|-weather|none
|upkeep
|turn|10
|
|t:|1757824007
|move|p1a: Dragonite|Fire Spin|p2a: Ting-Lu
|-damage|p2a: Ting-Lu|26/100
|-activate|p2a: Ting-Lu|move: Fire Spin|[of] p1a: Dragonite
|move|p2a: Ting-Lu|Ruination|p1a: Dragonite
|-damage|p1a: Dragonite|50/100
|
|-damage|p2a: Ting-Lu|13/100|[from] move: Fire Spin|[partiallytrapped]
|upkeep
|turn|11
|
|t:|1757824013
|move|p1a: Dragonite|Roost|p1a: Dragonite
|-heal|p1a: Dragonite|100/100
|-singleturn|p1a: Dragonite|move: Roost
|move|p2a: Ting-Lu|Stealth Rock|p1a: Dragonite
|-sidestart|p1: chongtong|move: Stealth Rock
|
|-damage|p2a: Ting-Lu|1/100|[from] move: Fire Spin|[partiallytrapped]
|upkeep
|turn|12
|
|t:|1757824026
|switch|p1a: Tyranitar|Tyranitar, M, shiny|50/100
|-damage|p1a: Tyranitar|38/100|[from] Stealth Rock
|-weather|Sandstorm|[from] ability: Sand Stream|[of] p1a: Tyranitar
|move|p2a: Ting-Lu|Ruination|p1a: Tyranitar
|-damage|p1a: Tyranitar|19/100
|
|-weather|Sandstorm|[upkeep]
|-end|p2a: Ting-Lu|Fire Spin|[partiallytrapped]|[silent]
|upkeep
|turn|13
|
|t:|1757824045
|move|p1a: Tyranitar|Knock Off|p2a: Ting-Lu
|-resisted|p2a: Ting-Lu
|-damage|p2a: Ting-Lu|0 fnt
|faint|p2a: Ting-Lu
|
|-weather|Sandstorm|[upkeep]
|upkeep
|
|t:|1757824050
|switch|p2a: Cinderace|Cinderace, F|100/100
|turn|14
|
|t:|1757824054
|move|p2a: Cinderace|Will-O-Wisp|p1a: Tyranitar|[miss]
|-miss|p2a: Cinderace|p1a: Tyranitar
|move|p1a: Tyranitar|Knock Off|p2a: Cinderace
|-damage|p2a: Cinderace|0 fnt
|-enditem|p2a: Cinderace|Heavy-Duty Boots|[from] move: Knock Off|[of] p1a: Tyranitar
|faint|p2a: Cinderace
|
|-weather|Sandstorm|[upkeep]
|upkeep
|
|t:|1757824060
|switch|p2a: Glimmora|Glimmora, M|100/100
|-damage|p2a: Glimmora|88/100|[from] Stealth Rock
|turn|15
|
|t:|1757824064
|move|p2a: Glimmora|Earth Power|p1a: Tyranitar
|-supereffective|p1a: Tyranitar
|-crit|p1a: Tyranitar
|-damage|p1a: Tyranitar|0 fnt
|faint|p1a: Tyranitar
|
|-weather|Sandstorm|[upkeep]
|upkeep
|
|t:|1757824069
|switch|p1a: Salamence|Salamence, F|91/100
|-damage|p1a: Salamence|66/100|[from] Stealth Rock
|turn|16
|
|t:|1757824074
|move|p1a: Salamence|Hydro Pump|p2a: Glimmora
|-supereffective|p2a: Glimmora
|-damage|p2a: Glimmora|0 fnt
|faint|p2a: Glimmora
|-ability|p1a: Salamence|Moxie|boost
|-boost|p1a: Salamence|atk|1
|-damage|p1a: Salamence|56/100|[from] item: Life Orb
|
|-weather|none
|upkeep
|
|t:|1757824082
|switch|p2a: Gholdengo|Gholdengo|100/100
|-damage|p2a: Gholdengo|94/100|[from] Stealth Rock
|-item|p2a: Gholdengo|Air Balloon
|turn|17
|
|t:|1757824088
|move|p1a: Salamence|Fire Blast|p2a: Gholdengo
|-supereffective|p2a: Gholdengo
|-damage|p2a: Gholdengo|0 fnt
|-enditem|p2a: Gholdengo|Air Balloon
|faint|p2a: Gholdengo
|-ability|p1a: Salamence|Moxie|boost
|-boost|p1a: Salamence|atk|1
|-damage|p1a: Salamence|46/100|[from] item: Life Orb
|
|upkeep
|
|t:|1757824091
|switch|p2a: Latias|Latias, F|100/100
|-damage|p2a: Latias|88/100|[from] Stealth Rock
|turn|18
|
|t:|1757824098
|switch|p1a: Dragonite|Dragonite, M|100/100
|-damage|p1a: Dragonite|76/100|[from] Stealth Rock
|move|p2a: Latias|Calm Mind|p2a: Latias
|-boost|p2a: Latias|spa|1
|-boost|p2a: Latias|spd|1
|
|upkeep
|turn|19
|
|t:|1757824107
|move|p2a: Latias|Calm Mind|p2a: Latias
|-boost|p2a: Latias|spa|1
|-boost|p2a: Latias|spd|1
|move|p1a: Dragonite|Thunder Wave|p2a: Latias
|-status|p2a: Latias|par
|
|upkeep
|turn|20
|
|t:|1757824112
|move|p1a: Dragonite|Fire Spin|p2a: Latias
|-resisted|p2a: Latias
|-damage|p2a: Latias|87/100 par
|-activate|p2a: Latias|move: Fire Spin|[of] p1a: Dragonite
|move|p2a: Latias|Stored Power|p1a: Dragonite
|-damage|p1a: Dragonite|14/100
|
|-damage|p2a: Latias|74/100 par|[from] move: Fire Spin|[partiallytrapped]
|upkeep
|turn|21
|
|t:|1757824118
|move|p1a: Dragonite|Roost|p1a: Dragonite
|-heal|p1a: Dragonite|64/100
|-singleturn|p1a: Dragonite|move: Roost
|cant|p2a: Latias|par
|
|-damage|p2a: Latias|62/100 par|[from] move: Fire Spin|[partiallytrapped]
|upkeep
|turn|22
|
|t:|1757824124
|move|p1a: Dragonite|Roost|p1a: Dragonite
|-heal|p1a: Dragonite|100/100
|-singleturn|p1a: Dragonite|move: Roost
|move|p2a: Latias|Calm Mind|p2a: Latias
|-boost|p2a: Latias|spa|1
|-boost|p2a: Latias|spd|1
|
|-damage|p2a: Latias|50/100 par|[from] move: Fire Spin|[partiallytrapped]
|upkeep
|turn|23
|
|t:|1757824128
|move|p1a: Dragonite|Fire Spin|p2a: Latias
|-resisted|p2a: Latias
|-damage|p2a: Latias|49/100 par
|move|p2a: Latias|Stored Power|p1a: Dragonite
|-damage|p1a: Dragonite|41/100
|
|-damage|p2a: Latias|36/100 par|[from] move: Fire Spin|[partiallytrapped]
|upkeep
|turn|24
|
|t:|1757824133
|move|p1a: Dragonite|Roost|p1a: Dragonite
|-heal|p1a: Dragonite|91/100
|-singleturn|p1a: Dragonite|move: Roost
|move|p2a: Latias|Stored Power|p1a: Dragonite
|-damage|p1a: Dragonite|0 fnt
|faint|p1a: Dragonite
|
|-end|p2a: Latias|Fire Spin|[partiallytrapped]|[silent]
|upkeep
|
|t:|1757824138
|switch|p1a: Latios|Latios, M, shiny|100/100
|-damage|p1a: Latios|88/100|[from] Stealth Rock
|turn|25
|
|t:|1757824142
|-terastallize|p2a: Latias|Poison
|move|p1a: Latios|Shadow Ball|p2a: Latias
|-damage|p2a: Latias|28/100 par
|move|p2a: Latias|Stored Power|p1a: Latios
|-resisted|p1a: Latios
|-damage|p1a: Latios|24/100
|
|upkeep
|turn|26
|
|t:|1757824149
|switch|p1a: Salamence|Salamence, F|46/100
|-damage|p1a: Salamence|21/100|[from] Stealth Rock
|move|p2a: Latias|Stored Power|p1a: Salamence
|-damage|p1a: Salamence|0 fnt
|faint|p1a: Salamence
|
|upkeep
|
|t:|1757824152
|switch|p1a: Latios|Latios, M, shiny|24/100
|-damage|p1a: Latios|11/100|[from] Stealth Rock
|turn|27
|
|t:|1757824157
|move|p1a: Latios|Luster Purge|p2a: Latias
|-supereffective|p2a: Latias
|-damage|p2a: Latias|0 fnt
|faint|p2a: Latias
|
|upkeep
|
|t:|1757824162
|switch|p2a: Ogerpon|Ogerpon-Wellspring, F|72/100 par
|-damage|p2a: Ogerpon|59/100 par|[from] Stealth Rock
|turn|28
|
|t:|1757824164
|move|p1a: Latios|Luster Purge|p2a: Ogerpon
|-damage|p2a: Ogerpon|5/100 par
|-unboost|p2a: Ogerpon|spd|1
|move|p2a: Ogerpon|Knock Off|p1a: Latios
|-supereffective|p1a: Latios
|-damage|p1a: Latios|0 fnt
|-enditem|p1a: Latios|Choice Scarf|[from] move: Knock Off|[of] p2a: Ogerpon
|faint|p1a: Latios
|
|upkeep
|
|t:|1757824167
|switch|p1a: Garchomp|Garchomp, M, shiny|94/100 brn
|-damage|p1a: Garchomp|88/100 brn|[from] Stealth Rock
|turn|29
|
|t:|1757824173
|move|p1a: Garchomp|Earthquake|p2a: Ogerpon
|-resisted|p2a: Ogerpon
|-damage|p2a: Ogerpon|0 fnt
|faint|p2a: Ogerpon
|-damage|p1a: Garchomp|78/100 brn|[from] item: Life Orb
|
|win|chongtong
|raw|chongtong's rating: 1316 &rarr; <strong>1337</strong><br />(+21 for winning)
|raw|Only Infinite's rating: 1331 &rarr; <strong>1310</strong><br />(-21 for losing)
|c|☆Only Infinite|gg
|c|☆Only Infinite|nice team
|l|☆Only Infinite
|player|p2|
