|j|‽tyrd453
|j|☆Husk1903
|t:|1757789701
|gametype|singles
|player|p1|tyrd453|2|1164
|player|p2|Husk1903|ingo|1191
|gen|9
|tier|[Gen 9] OU
|rated|
|rule|HP Percentage Mod: HP is shown in percentages
|rule|Endless Battle Clause: Forcing endless battles is banned
|rule|Species Clause: Limit one of each Pokémon
|rule|OHKO Clause: OHKO moves are banned
|rule|Evasion Items Clause: Evasion items are banned
|rule|Evasion Moves Clause: Evasion moves are banned
|rule|Evasion Abilities Clause: Evasion abilities are banned
|rule|Sleep Moves Clause: Sleep-inducing moves are banned
|clearpoke
|poke|p1|Alomomola, F|
|poke|p1|Ogerpon-Wellspring, F|
|poke|p1|Enamorus, F|
|poke|p1|Corviknight, F|
|poke|p1|Landorus-Therian, M|
|poke|p1|Raging Bolt|
|poke|p2|Haxorus, M|
|poke|p2|Iron Hands|
|poke|p2|Blaziken, M|
|poke|p2|Polteageist|
|poke|p2|Toxapex, M|
|poke|p2|Cottonee, L1, F|
|teampreview
|inactive|Battle timer is ON: inactive players will automatically lose when time's up. (requested by Husk1903)
|
|t:|1757789705
|teamsize|p1|6
|teamsize|p2|6
|start
|switch|p1a: Landorus|Landorus-Therian, M|100/100
|switch|p2a: Polteageist|Polteageist|100/100
|-ability|p1a: Landorus|Intimidate|boost
|-unboost|p2a: Polteageist|atk|1
|turn|1
|
|t:|1757789711
|move|p1a: Landorus|Taunt|p2a: Polteageist
|-start|p2a: Polteageist|move: Taunt
|cant|p2a: Polteageist|move: Taunt|Shell Smash
|
|upkeep
|turn|2
|
|t:|1757789720
|move|p1a: Landorus|Stealth Rock|p2a: Polteageist
|-sidestart|p2: Husk1903|move: Stealth Rock
|move|p2a: Polteageist|Giga Drain|p1a: Landorus
|-damage|p1a: Landorus|69/100
|
|upkeep
|turn|3
|
|t:|1757789729
|move|p1a: Landorus|U-turn|p2a: Polteageist
|-resisted|p2a: Polteageist
|-damage|p2a: Polteageist|81/100
|-ability|p2a: Polteageist|Weak Armor|boost
|-unboost|p2a: Polteageist|def|1
|-boost|p2a: Polteageist|spe|2
|
|t:|1757789750
|switch|p1a: Raging Bolt|Raging Bolt|100/100|[from] U-turn
|move|p2a: Polteageist|Shadow Ball|p1a: Raging Bolt
|-damage|p1a: Raging Bolt|53/100
|-unboost|p1a: Raging Bolt|spd|1
|
|-heal|p1a: Raging Bolt|59/100|[from] item: Leftovers
|-end|p2a: Polteageist|move: Taunt
|upkeep
|turn|4
|
|t:|1757789770
|-end|p1a: Raging Bolt|Protosynthesis|[silent]
|switch|p1a: Enamorus|Enamorus, F|100/100
|move|p2a: Polteageist|Shadow Ball|p1a: Enamorus
|-damage|p1a: Enamorus|31/100
|
|upkeep
|turn|5
|
|t:|1757789776
|move|p2a: Polteageist|Shadow Ball|p1a: Enamorus
|-damage|p1a: Enamorus|0 fnt
|faint|p1a: Enamorus
|
|upkeep
|
|t:|1757789792
|switch|p1a: Raging Bolt|Raging Bolt|59/100
|turn|6
|
|t:|1757789811
|move|p1a: Raging Bolt|Thunderclap|p2a: Polteageist
|-damage|p2a: Polteageist|31/100
|move|p2a: Polteageist|Giga Drain|p1a: Raging Bolt
|-resisted|p1a: Raging Bolt
|-damage|p1a: Raging Bolt|46/100
|-heal|p2a: Polteageist|41/100|[from] drain|[of] p1a: Raging Bolt
|
|-heal|p1a: Raging Bolt|52/100|[from] item: Leftovers
|upkeep
|turn|7
|
|t:|1757789825
|switch|p2a: Iron Hands|Iron Hands|100/100
|-damage|p2a: Iron Hands|94/100|[from] Stealth Rock
|move|p1a: Raging Bolt|Calm Mind|p1a: Raging Bolt
|-boost|p1a: Raging Bolt|spa|1
|-boost|p1a: Raging Bolt|spd|1
|
|-heal|p1a: Raging Bolt|58/100|[from] item: Leftovers
|upkeep
|turn|8
|
|t:|1757789845
|-terastallize|p1a: Raging Bolt|Fairy
|move|p1a: Raging Bolt|Dragon Pulse|p2a: Iron Hands
|-damage|p2a: Iron Hands|48/100
|move|p2a: Iron Hands|Earthquake|p1a: Raging Bolt
|-damage|p1a: Raging Bolt|21/100
|
|-heal|p1a: Raging Bolt|27/100|[from] item: Leftovers
|upkeep
|turn|9
|
|t:|1757789863
|move|p1a: Raging Bolt|Dragon Pulse|p2a: Iron Hands
|-damage|p2a: Iron Hands|2/100
|move|p2a: Iron Hands|Earthquake|p1a: Raging Bolt
|-damage|p1a: Raging Bolt|0 fnt
|faint|p1a: Raging Bolt
|-end|p1a: Raging Bolt|Protosynthesis|[silent]
|
|upkeep
|
|t:|1757789872
|switch|p1a: Landorus|Landorus-Therian, M|69/100
|-ability|p1a: Landorus|Intimidate|boost
|-unboost|p2a: Iron Hands|atk|1
|turn|10
|
|t:|1757789879
|-end|p2a: Iron Hands|Quark Drive|[silent]
|switch|p2a: Toxapex|Toxapex, M|100/100
|-damage|p2a: Toxapex|88/100|[from] Stealth Rock
|move|p1a: Landorus|U-turn|p2a: Toxapex
|-resisted|p2a: Toxapex
|-damage|p2a: Toxapex|80/100
|
|t:|1757789894
|switch|p1a: Corviknight|Corviknight, F|100/100|[from] U-turn
|-ability|p1a: Corviknight|Pressure
|
|upkeep
|turn|11
|
|t:|1757789903
|move|p2a: Toxapex|Baneful Bunker|p2a: Toxapex
|-singleturn|p2a: Toxapex|move: Protect
|move|p1a: Corviknight|U-turn|p2a: Toxapex
|-activate|p2a: Toxapex|move: Protect
|
|upkeep
|turn|12
|
|t:|1757789913
|move|p1a: Corviknight|U-turn|p2a: Toxapex
|-resisted|p2a: Toxapex
|-damage|p2a: Toxapex|74/100
|
|t:|1757789917
|switch|p1a: Landorus|Landorus-Therian, M|69/100|[from] U-turn
|-ability|p1a: Landorus|Intimidate|boost
|-unboost|p2a: Toxapex|atk|1
|move|p2a: Toxapex|Toxic|p1a: Landorus
|-status|p1a: Landorus|tox
|
|-damage|p1a: Landorus|63/100 tox|[from] psn
|upkeep
|turn|13
|
|t:|1757789926
|move|p1a: Landorus|Taunt|p2a: Toxapex
|-start|p2a: Toxapex|move: Taunt
|cant|p2a: Toxapex|move: Taunt|Substitute
|
|-damage|p1a: Landorus|51/100 tox|[from] psn
|upkeep
|turn|14
|
|t:|1757789932
|move|p1a: Landorus|Earthquake|p2a: Toxapex
|-supereffective|p2a: Toxapex
|-damage|p2a: Toxapex|0 fnt
|faint|p2a: Toxapex
|
|-damage|p1a: Landorus|33/100 tox|[from] psn
|upkeep
|
|t:|1757789947
|switch|p2a: Blaziken|Blaziken, M|100/100
|-damage|p2a: Blaziken|88/100|[from] Stealth Rock
|turn|15
|
|t:|1757789952
|switch|p1a: Alomomola|Alomomola, F|100/100
|move|p2a: Blaziken|Protect||[still]
|-fail|p2a: Blaziken
|
|-ability|p2a: Blaziken|Speed Boost|boost
|-boost|p2a: Blaziken|spe|1
|upkeep
|turn|16
|
|t:|1757789962
|-terastallize|p2a: Blaziken|Steel
|move|p2a: Blaziken|Swords Dance|p2a: Blaziken
|-boost|p2a: Blaziken|atk|2
|move|p1a: Alomomola|Wish|p1a: Alomomola
|
|-ability|p2a: Blaziken|Speed Boost|boost
|-boost|p2a: Blaziken|spe|1
|upkeep
|turn|17
|
|t:|1757789970
|move|p2a: Blaziken|Close Combat|p1a: Alomomola
|-damage|p1a: Alomomola|24/100
|-unboost|p2a: Blaziken|def|1
|-unboost|p2a: Blaziken|spd|1
|move|p1a: Alomomola|Flip Turn|p2a: Blaziken
|-damage|p2a: Blaziken|47/100
|
|t:|1757789975
|switch|p1a: Landorus|Landorus-Therian, M|33/100 tox|[from] Flip Turn
|-ability|p1a: Landorus|Intimidate|boost
|-unboost|p2a: Blaziken|atk|1
|
|-heal|p1a: Landorus|100/100 tox|[from] move: Wish|[wisher] Alomomola
|-damage|p1a: Landorus|94/100 tox|[from] psn
|-ability|p2a: Blaziken|Speed Boost|boost
|-boost|p2a: Blaziken|spe|1
|upkeep
|turn|18
|
|t:|1757789992
|switch|p1a: Alomomola|Alomomola, F|57/100
|move|p2a: Blaziken|Swords Dance|p2a: Blaziken
|-boost|p2a: Blaziken|atk|2
|
|-heal|p1a: Alomomola|64/100|[from] item: Leftovers
|-ability|p2a: Blaziken|Speed Boost|boost
|-boost|p2a: Blaziken|spe|1
|upkeep
|turn|19
|
|t:|1757790007
|move|p2a: Blaziken|Close Combat|p1a: Alomomola
|-crit|p1a: Alomomola
|-damage|p1a: Alomomola|0 fnt
|-unboost|p2a: Blaziken|def|1
|-unboost|p2a: Blaziken|spd|1
|faint|p1a: Alomomola
|
|-ability|p2a: Blaziken|Speed Boost|boost
|-boost|p2a: Blaziken|spe|1
|upkeep
|
|t:|1757790011
|switch|p1a: Landorus|Landorus-Therian, M|94/100 tox
|-ability|p1a: Landorus|Intimidate|boost
|-unboost|p2a: Blaziken|atk|1
|turn|20
|
|t:|1757790023
|move|p2a: Blaziken|Fire Punch|p1a: Landorus
|-damage|p1a: Landorus|13/100 tox
|-damage|p2a: Blaziken|30/100|[from] item: Rocky Helmet|[of] p1a: Landorus
|move|p1a: Landorus|Earthquake|p2a: Blaziken
|-supereffective|p2a: Blaziken
|-damage|p2a: Blaziken|0 fnt
|faint|p2a: Blaziken
|
|-damage|p1a: Landorus|7/100 tox|[from] psn
|upkeep
|
|t:|1757790042
|switch|p2a: Haxorus|Haxorus, M|100/100
|-damage|p2a: Haxorus|88/100|[from] Stealth Rock
|-ability|p2a: Haxorus|Mold Breaker
|turn|21
|l|‽tyrd453
|inactive|tyrd453 disconnected and has a minute to reconnect!
|player|p1|
|j|‽tyrd453
|inactive|tyrd453 reconnected and has 120 seconds left.
|player|p1|tyrd453|2|
|n|‽tyrd453|tyrd453
|
|t:|1757790089
|move|p1a: Landorus|Earthquake|p2a: Haxorus
|-damage|p2a: Haxorus|24/100
|move|p2a: Haxorus|Dragon Dance|p2a: Haxorus
|-boost|p2a: Haxorus|atk|1
|-boost|p2a: Haxorus|spe|1
|
|-damage|p1a: Landorus|0 fnt|[from] psn
|faint|p1a: Landorus
|upkeep
|
|t:|1757790095
|switch|p1a: Corviknight|Corviknight, F|100/100
|-ability|p1a: Corviknight|Pressure
|turn|22
|
|t:|1757790102
|move|p2a: Haxorus|Outrage|p1a: Corviknight
|-resisted|p1a: Corviknight
|-damage|p1a: Corviknight|67/100
|move|p1a: Corviknight|Brave Bird|p2a: Haxorus
|-damage|p2a: Haxorus|0 fnt
|faint|p2a: Haxorus
|-damage|p1a: Corviknight|61/100|[from] Recoil
|
|-heal|p1a: Corviknight|67/100|[from] item: Leftovers
|upkeep
|
|t:|1757790113
|switch|p2a: Polteageist|Polteageist|41/100
|-damage|p2a: Polteageist|28/100|[from] Stealth Rock
|turn|23
|
|t:|1757790128
|move|p2a: Polteageist|Shadow Ball|p1a: Corviknight
|-damage|p1a: Corviknight|23/100
|-unboost|p1a: Corviknight|spd|1
|move|p1a: Corviknight|Brave Bird|p2a: Polteageist
|-damage|p2a: Polteageist|0 fnt
|faint|p2a: Polteageist
|-damage|p1a: Corviknight|17/100|[from] Recoil
|
|-heal|p1a: Corviknight|23/100|[from] item: Leftovers
|upkeep
|
|t:|1757790139
|switch|p2a: Iron Hands|Iron Hands|2/100
|-damage|p2a: Iron Hands|0 fnt|[from] Stealth Rock
|faint|p2a: Iron Hands
|-end|p2a: Iron Hands|Quark Drive|[silent]
|
|t:|1757790142
|switch|p2a: Cottonee|Cottonee, L1, F|100/100
|-damage|p2a: Cottonee|92/100|[from] Stealth Rock
|turn|24
|
|t:|1757790151
|move|p2a: Cottonee|Substitute|p2a: Cottonee
|-start|p2a: Cottonee|Substitute
|-damage|p2a: Cottonee|67/100
|move|p1a: Corviknight|Roost|p1a: Corviknight
|-heal|p1a: Corviknight|73/100
|-singleturn|p1a: Corviknight|move: Roost
|
|-heal|p1a: Corviknight|79/100|[from] item: Leftovers
|upkeep
|turn|25
|
|t:|1757790160
|move|p2a: Cottonee|Leech Seed|p1a: Corviknight
|-start|p1a: Corviknight|move: Leech Seed
|move|p1a: Corviknight|U-turn|p2a: Cottonee
|-end|p2a: Cottonee|Substitute
|
|t:|1757790163
|switch|p1a: Ogerpon|Ogerpon-Wellspring, F|100/100|[from] U-turn
|
|upkeep
|turn|26
|
|t:|1757790173
|move|p2a: Cottonee|Substitute|p2a: Cottonee
|-start|p2a: Cottonee|Substitute
|-damage|p2a: Cottonee|42/100
|move|p1a: Ogerpon|Play Rough|p2a: Cottonee
|-end|p2a: Cottonee|Substitute
|
|upkeep
|turn|27
|
|t:|1757790187
|move|p1a: Ogerpon|Ivy Cudgel|p2a: Cottonee|[anim] Ivy Cudgel Water
|-resisted|p2a: Cottonee
|-damage|p2a: Cottonee|0 fnt
|faint|p2a: Cottonee
|
|win|tyrd453
|raw|tyrd453's rating: 1164 &rarr; <strong>1191</strong><br />(+27 for winning)
|raw|Husk1903's rating: 1191 &rarr; <strong>1164</strong><br />(-27 for losing)
|l|☆Husk1903
|player|p2|
|l|‽tyrd453
|player|p1|
