|j|‽Flocking glock
|j|☆Nickthenickthenick
|t:|1757925760
|gametype|singles
|player|p1|Flocking glock|102|1425
|player|p2|Nickthenickthenick|169|1345
|gen|9
|tier|[Gen 9] OU
|rated|
|rule|HP Percentage Mod: HP is shown in percentages
|rule|Endless Battle Clause: Forcing endless battles is banned
|rule|Species Clause: Limit one of each Pokémon
|rule|OHKO Clause: OHKO moves are banned
|rule|Evasion Items Clause: Evasion items are banned
|rule|Evasion Moves Clause: Evasion moves are banned
|rule|Evasion Abilities Clause: Evasion abilities are banned
|rule|Sleep Moves Clause: Sleep-inducing moves are banned
|clearpoke
|poke|p1|Dragapult, M|
|poke|p1|Glimmora, M|
|poke|p1|Comfey, M|
|poke|p1|Kingambit, M|
|poke|p1|Ogerpon-Wellspring, F|
|poke|p1|Blaziken, M|
|poke|p2|Moltres|
|poke|p2|Corviknight, F|
|poke|p2|Pecharunt|
|poke|p2|Chansey, F|
|poke|p2|Ting-Lu|
|poke|p2|Tentacruel, M|
|teampreview
|
|t:|1757925795
|teamsize|p1|6
|teamsize|p2|6
|start
|switch|p1a: Ogerpon|Ogerpon-Wellspring, F|100/100
|switch|p2a: Ting-Lu|Ting-Lu|100/100
|-ability|p2a: Ting-Lu|Vessel of Ruin
|turn|1
|
|t:|1757925853
|move|p1a: Ogerpon|Spikes|p2a: Ting-Lu
|-sidestart|p2: Nickthenickthenick|Spikes
|move|p2a: Ting-Lu|Spikes|p1a: Ogerpon
|-sidestart|p1: Flocking glock|Spikes
|
|upkeep
|turn|2
|
|t:|1757925870
|move|p1a: Ogerpon|Ivy Cudgel|p2a: Ting-Lu|[anim] Ivy Cudgel Water
|-supereffective|p2a: Ting-Lu
|-damage|p2a: Ting-Lu|33/100
|move|p2a: Ting-Lu|Spikes|p1a: Ogerpon
|-sidestart|p1: Flocking glock|Spikes
|
|-heal|p2a: Ting-Lu|39/100|[from] item: Leftovers
|upkeep
|turn|3
|
|t:|1757925877
|switch|p2a: Corviknight|Corviknight, F|100/100
|-ability|p2a: Corviknight|Pressure
|move|p1a: Ogerpon|Ivy Cudgel|p2a: Corviknight|[anim] Ivy Cudgel Water
|-damage|p2a: Corviknight|66/100
|
|upkeep
|turn|4
|
|t:|1757925885
|move|p1a: Ogerpon|Taunt|p2a: Corviknight
|-start|p2a: Corviknight|move: Taunt
|move|p2a: Corviknight|Brave Bird|p1a: Ogerpon
|-supereffective|p1a: Ogerpon
|-damage|p1a: Ogerpon|6/100
|-damage|p2a: Corviknight|42/100|[from] Recoil
|
|upkeep
|turn|5
|
|t:|1757925893
|move|p1a: Ogerpon|Ivy Cudgel|p2a: Corviknight|[anim] Ivy Cudgel Water
|-crit|p2a: Corviknight
|-damage|p2a: Corviknight|0 fnt
|faint|p2a: Corviknight
|
|upkeep
|
|t:|1757925900
|switch|p2a: Pecharunt|Pecharunt|100/100
|-damage|p2a: Pecharunt|88/100|[from] Spikes
|turn|6
|
|t:|1757925905
|move|p1a: Ogerpon|Ivy Cudgel|p2a: Pecharunt|[anim] Ivy Cudgel Water
|-damage|p2a: Pecharunt|52/100
|move|p2a: Pecharunt|Malignant Chain|p1a: Ogerpon
|-supereffective|p1a: Ogerpon
|-damage|p1a: Ogerpon|0 fnt
|faint|p1a: Ogerpon
|
|-heal|p2a: Pecharunt|58/100|[from] item: Leftovers
|upkeep
|
|t:|1757925915
|switch|p1a: Dragapult|Dragapult, M, shiny|100/100
|-damage|p1a: Dragapult|84/100|[from] Spikes
|turn|7
|
|t:|1757925923
|switch|p2a: Chansey|Chansey, F|100/100
|-damage|p2a: Chansey|88/100|[from] Spikes
|move|p1a: Dragapult|Draco Meteor|p2a: Chansey
|-damage|p2a: Chansey|70/100
|-unboost|p1a: Dragapult|spa|2
|-damage|p1a: Dragapult|74/100|[from] item: Life Orb
|
|upkeep
|turn|8
|
|t:|1757925932
|-terastallize|p1a: Dragapult|Dragon
|move|p1a: Dragapult|Dragon Darts|p2a: Chansey
|-damage|p2a: Chansey|46/100
|-anim|p1a: Dragapult|Dragon Darts|p2a: Chansey
|-damage|p2a: Chansey|20/100
|-damage|p1a: Dragapult|65/100|[from] item: Life Orb
|move|p2a: Chansey|Stealth Rock|p1a: Dragapult
|-sidestart|p1: Flocking glock|move: Stealth Rock
|
|upkeep
|turn|9
|
|t:|1757925944
|switch|p2a: Tentacruel|Tentacruel, M|100/100
|-damage|p2a: Tentacruel|88/100|[from] Spikes
|move|p1a: Dragapult|Dragon Darts|p2a: Tentacruel
|-damage|p2a: Tentacruel|43/100
|-anim|p1a: Dragapult|Dragon Darts|p2a: Tentacruel
|-damage|p2a: Tentacruel|0 fnt
|faint|p2a: Tentacruel
|-damage|p1a: Dragapult|55/100|[from] item: Life Orb
|
|upkeep
|
|t:|1757925954
|switch|p2a: Moltres|Moltres|100/100
|-ability|p2a: Moltres|Pressure
|turn|10
|
|t:|1757925960
|move|p1a: Dragapult|Dragon Darts|p2a: Moltres
|-damage|p2a: Moltres|73/100
|-anim|p1a: Dragapult|Dragon Darts|p2a: Moltres
|-damage|p2a: Moltres|43/100
|-damage|p1a: Dragapult|45/100|[from] item: Life Orb
|move|p2a: Moltres|Will-O-Wisp|p1a: Dragapult
|-status|p1a: Dragapult|brn
|
|-heal|p2a: Moltres|50/100|[from] item: Leftovers
|-damage|p1a: Dragapult|39/100 brn|[from] brn
|upkeep
|turn|11
|
|t:|1757925976
|switch|p1a: Glimmora|Glimmora, M, shiny|100/100
|-damage|p1a: Glimmora|84/100|[from] Spikes
|-damage|p1a: Glimmora|72/100|[from] Stealth Rock
|move|p2a: Moltres|Roost|p2a: Moltres
|-heal|p2a: Moltres|99/100
|-singleturn|p2a: Moltres|move: Roost
|
|-heal|p2a: Moltres|100/100|[from] item: Leftovers
|upkeep
|turn|12
|
|t:|1757925986
|move|p2a: Moltres|Flamethrower|p1a: Glimmora
|-resisted|p1a: Glimmora
|-damage|p1a: Glimmora|50/100
|-enditem|p1a: Glimmora|Red Card|[of] p2a: Moltres
|drag|p2a: Ting-Lu|Ting-Lu|39/100
|-damage|p2a: Ting-Lu|27/100|[from] Spikes
|-ability|p2a: Ting-Lu|Vessel of Ruin
|move|p1a: Glimmora|Power Gem|p2a: Ting-Lu
|-resisted|p2a: Ting-Lu
|-damage|p2a: Ting-Lu|20/100
|
|-heal|p2a: Ting-Lu|26/100|[from] item: Leftovers
|upkeep
|turn|13
|
|t:|1757925998
|move|p1a: Glimmora|Mortal Spin|p2a: Ting-Lu
|-resisted|p2a: Ting-Lu
|-damage|p2a: Ting-Lu|24/100
|-status|p2a: Ting-Lu|psn
|-sideend|p1: Flocking glock|Spikes|[from] move: Mortal Spin|[of] p1a: Glimmora
|-sideend|p1: Flocking glock|Stealth Rock|[from] move: Mortal Spin|[of] p1a: Glimmora
|move|p2a: Ting-Lu|Earthquake|p1a: Glimmora
|-supereffective|p1a: Glimmora
|-damage|p1a: Glimmora|0 fnt
|-activate|p1a: Glimmora|ability: Toxic Debris
|-sidestart|p2: Nickthenickthenick|move: Toxic Spikes
|faint|p1a: Glimmora
|
|-heal|p2a: Ting-Lu|30/100 psn|[from] item: Leftovers
|-damage|p2a: Ting-Lu|18/100 psn|[from] psn
|upkeep
|
|t:|1757926009
|switch|p1a: Dragapult|Dragapult, M, shiny, tera:Dragon|39/100 brn
|turn|14
|
|t:|1757926021
|switch|p2a: Moltres|Moltres|100/100
|-ability|p2a: Moltres|Pressure
|move|p1a: Dragapult|Dragon Darts|p2a: Moltres
|-damage|p2a: Moltres|87/100
|-anim|p1a: Dragapult|Dragon Darts|p2a: Moltres
|-damage|p2a: Moltres|73/100
|-damage|p1a: Dragapult|29/100 brn|[from] item: Life Orb
|
|-heal|p2a: Moltres|79/100|[from] item: Leftovers
|-damage|p1a: Dragapult|23/100 brn|[from] brn
|upkeep
|turn|15
|
|t:|1757926081
|move|p1a: Dragapult|Draco Meteor|p2a: Moltres
|-damage|p2a: Moltres|0 fnt
|-unboost|p1a: Dragapult|spa|2
|faint|p2a: Moltres
|-damage|p1a: Dragapult|13/100 brn|[from] item: Life Orb
|
|-damage|p1a: Dragapult|7/100 brn|[from] brn
|upkeep
|
|t:|1757926089
|switch|p2a: Chansey|Chansey, F|20/100
|-damage|p2a: Chansey|8/100|[from] Spikes
|-status|p2a: Chansey|psn
|turn|16
|
|t:|1757926100
|move|p1a: Dragapult|Dragon Darts|p2a: Chansey
|-damage|p2a: Chansey|0 fnt
|faint|p2a: Chansey
|-damage|p1a: Dragapult|0 fnt|[from] item: Life Orb
|faint|p1a: Dragapult
|
|upkeep
|-message|Nickthenickthenick forfeited.
|
|win|Flocking glock
|raw|Flocking glock's rating: 1425 &rarr; <strong>1440</strong><br />(+15 for winning)
|raw|Nickthenickthenick's rating: 1345 &rarr; <strong>1330</strong><br />(-15 for losing)
|l|☆Nickthenickthenick
|player|p2|
