|j|☆MK5
|j|☆LucyLikePizza
|t:|1757949956
|gametype|singles
|player|p1|MK5|hiker-gen4|1421
|player|p2|LucyLikePizza|iris-gen5bw2|1474
|gen|9
|tier|[Gen 9] OU
|rated|
|rule|HP Percentage Mod: HP is shown in percentages
|rule|Endless Battle Clause: Forcing endless battles is banned
|rule|Species Clause: Limit one of each Pokémon
|rule|OHKO Clause: OHKO moves are banned
|rule|Evasion Items Clause: Evasion items are banned
|rule|Evasion Moves Clause: Evasion moves are banned
|rule|Evasion Abilities Clause: Evasion abilities are banned
|rule|Sleep Moves Clause: Sleep-inducing moves are banned
|clearpoke
|poke|p1|Dragonite, M|
|poke|p1|Ting-Lu|
|poke|p1|Gholdengo|
|poke|p1|Okidogi, M|
|poke|p1|Maushold|
|poke|p1|Zapdos|
|poke|p2|Greninja-*, F|
|poke|p2|Zarude-Dada|
|poke|p2|Moltres|
|poke|p2|Great Tusk|
|poke|p2|Goodra-Hisui, F|
|poke|p2|Gholdengo|
|teampreview
|inactive|Battle timer is ON: inactive players will automatically lose when time's up. (requested by LucyLikePizza)
|
|t:|1757949966
|teamsize|p1|6
|teamsize|p2|6
|start
|switch|p1a: Okidogi|Okidogi, M|100/100
|switch|p2a: Greninja|Greninja, F|100/100
|turn|1
|
|t:|1757949980
|move|p2a: Greninja|U-turn|p1a: Okidogi
|-start|p2a: Greninja|typechange|Bug|[from] ability: Protean
|-resisted|p1a: Okidogi
|-damage|p1a: Okidogi|92/100
|
|t:|1757949986
|switch|p2a: Moltres|Moltres|100/100|[from] U-turn
|move|p1a: Okidogi|Knock Off|p2a: Moltres
|-damage|p2a: Moltres|76/100
|-enditem|p2a: Moltres|Heavy-Duty Boots|[from] move: Knock Off|[of] p1a: Okidogi
|
|upkeep
|turn|2
|
|t:|1757949999
|switch|p1a: Zapdos|Zapdos|100/100
|move|p2a: Moltres|Flamethrower|p1a: Zapdos
|-damage|p1a: Zapdos|62/100
|
|upkeep
|turn|3
|
|t:|1757950005
|switch|p2a: Goodra|Goodra-Hisui, F|100/100
|move|p1a: Zapdos|Volt Switch|p2a: Goodra
|-resisted|p2a: Goodra
|-damage|p2a: Goodra|94/100
|
|t:|1757950030
|switch|p1a: Okidogi|Okidogi, M|92/100|[from] Volt Switch
|
|upkeep
|turn|4
|
|t:|1757950045
|switch|p2a: Moltres|Moltres|76/100
|move|p1a: Okidogi|Gunk Shot|p2a: Moltres
|-crit|p2a: Moltres
|-damage|p2a: Moltres|7/100
|-status|p2a: Moltres|psn
|
|-damage|p2a: Moltres|0 fnt|[from] psn
|faint|p2a: Moltres
|upkeep
|
|t:|1757950055
|switch|p2a: Great Tusk|Great Tusk|100/100
|turn|5
|
|t:|1757950058
|switch|p1a: Zapdos|Zapdos|62/100
|move|p2a: Great Tusk|Stealth Rock|p1a: Zapdos
|-sidestart|p1: MK5|move: Stealth Rock
|
|upkeep
|turn|6
|
|t:|1757950075
|-end|p2a: Great Tusk|Protosynthesis|[silent]
|switch|p2a: Goodra|Goodra-Hisui, F|94/100
|move|p1a: Zapdos|Thunder Wave|p2a: Goodra
|-status|p2a: Goodra|par
|
|upkeep
|turn|7
|
|t:|1757950087
|move|p1a: Zapdos|Volt Switch|p2a: Goodra
|-resisted|p2a: Goodra
|-damage|p2a: Goodra|88/100 par
|
|t:|1757950092
|switch|p1a: Maushold|Maushold|100/100|[from] Volt Switch
|-damage|p1a: Maushold|88/100|[from] Stealth Rock
|move|p2a: Goodra|Draco Meteor|p1a: Maushold
|-damage|p1a: Maushold|0 fnt
|-unboost|p2a: Goodra|spa|2
|faint|p1a: Maushold
|
|upkeep
|
|t:|1757950104
|switch|p1a: Okidogi|Okidogi, M|92/100
|-damage|p1a: Okidogi|86/100|[from] Stealth Rock
|turn|8
|
|t:|1757950117
|switch|p2a: Great Tusk|Great Tusk|100/100
|move|p1a: Okidogi|Knock Off|p2a: Great Tusk
|-resisted|p2a: Great Tusk
|-damage|p2a: Great Tusk|91/100
|-damage|p1a: Okidogi|69/100|[from] item: Rocky Helmet|[of] p2a: Great Tusk
|-enditem|p2a: Great Tusk|Rocky Helmet|[from] move: Knock Off|[of] p1a: Okidogi
|
|upkeep
|turn|9
|
|t:|1757950133
|-end|p2a: Great Tusk|Protosynthesis|[silent]
|switch|p2a: Greninja|Greninja, F|100/100
|switch|p1a: Zapdos|Zapdos|62/100
|
|upkeep
|turn|10
|
|t:|1757950149
|switch|p1a: Gholdengo|Gholdengo|100/100
|-damage|p1a: Gholdengo|94/100|[from] Stealth Rock
|move|p2a: Greninja|Switcheroo|p1a: Gholdengo
|-start|p2a: Greninja|typechange|Dark|[from] ability: Protean
|-immune|p1a: Gholdengo|[from] ability: Good as Gold
|
|upkeep
|turn|11
|
|t:|1757950158
|switch|p2a: Goodra|Goodra-Hisui, F|88/100 par
|move|p1a: Gholdengo|Make It Rain|p2a: Goodra
|-resisted|p2a: Goodra
|-damage|p2a: Goodra|73/100 par
|-unboost|p1a: Gholdengo|spa|1
|
|upkeep
|turn|12
|
|t:|1757950169
|switch|p1a: Ting-Lu|Ting-Lu|100/100
|-damage|p1a: Ting-Lu|94/100|[from] Stealth Rock
|-ability|p1a: Ting-Lu|Vessel of Ruin
|switch|p2a: Zarude|Zarude-Dada|100/100
|
|-heal|p1a: Ting-Lu|100/100|[from] item: Leftovers
|upkeep
|turn|13
|
|t:|1757950178
|switch|p1a: Zapdos|Zapdos|62/100
|move|p2a: Zarude|Bulk Up|p2a: Zarude
|-boost|p2a: Zarude|atk|1
|-boost|p2a: Zarude|def|1
|
|upkeep
|turn|14
|
|t:|1757950184
|move|p2a: Zarude|Knock Off|p1a: Zapdos
|-damage|p1a: Zapdos|8/100
|-enditem|p1a: Zapdos|Heavy-Duty Boots|[from] move: Knock Off|[of] p2a: Zarude
|move|p1a: Zapdos|Hurricane|p2a: Zarude|[miss]
|-miss|p1a: Zapdos|p2a: Zarude
|
|upkeep
|turn|15
|
|t:|1757950198
|move|p2a: Zarude|Knock Off|p1a: Zapdos
|-damage|p1a: Zapdos|0 fnt
|faint|p1a: Zapdos
|
|upkeep
|
|t:|1757950211
|switch|p1a: Okidogi|Okidogi, M|69/100
|-damage|p1a: Okidogi|63/100|[from] Stealth Rock
|turn|16
|inactive|LucyLikePizza has 120 seconds left.
|
|t:|1757950253
|switch|p2a: Goodra|Goodra-Hisui, F|73/100 par
|move|p1a: Okidogi|Drain Punch|p2a: Goodra
|-supereffective|p2a: Goodra
|-damage|p2a: Goodra|0 fnt
|-heal|p1a: Okidogi|98/100|[from] drain|[of] p2a: Goodra
|-ability|p2a: Goodra|Gooey
|-unboost|p1a: Okidogi|spe|1
|faint|p2a: Goodra
|
|upkeep
|
|t:|1757950258
|switch|p2a: Gholdengo|Gholdengo|100/100
|turn|17
|
|t:|1757950271
|move|p2a: Gholdengo|Nasty Plot|p2a: Gholdengo
|-boost|p2a: Gholdengo|spa|2
|move|p1a: Okidogi|Knock Off|p2a: Gholdengo
|-supereffective|p2a: Gholdengo
|-damage|p2a: Gholdengo|37/100
|-enditem|p2a: Gholdengo|Leftovers|[from] move: Knock Off|[of] p1a: Okidogi
|
|upkeep
|turn|18
|
|t:|1757950278
|move|p2a: Gholdengo|Make It Rain|p1a: Okidogi
|-damage|p1a: Okidogi|26/100
|-unboost|p2a: Gholdengo|spa|1
|move|p1a: Okidogi|Knock Off|p2a: Gholdengo
|-supereffective|p2a: Gholdengo
|-damage|p2a: Gholdengo|0 fnt
|faint|p2a: Gholdengo
|
|upkeep
|inactive|LucyLikePizza has 120 seconds left.
|
|t:|1757950290
|switch|p2a: Great Tusk|Great Tusk|91/100
|turn|19
|
|t:|1757950301
|switch|p1a: Ting-Lu|Ting-Lu|100/100
|-damage|p1a: Ting-Lu|94/100|[from] Stealth Rock
|-ability|p1a: Ting-Lu|Vessel of Ruin
|move|p2a: Great Tusk|Earthquake|p1a: Ting-Lu
|-damage|p1a: Ting-Lu|71/100
|
|-heal|p1a: Ting-Lu|78/100|[from] item: Leftovers
|upkeep
|turn|20
|
|t:|1757950312
|-end|p2a: Great Tusk|Protosynthesis|[silent]
|switch|p2a: Zarude|Zarude-Dada|100/100
|move|p1a: Ting-Lu|Earthquake|p2a: Zarude
|-resisted|p2a: Zarude
|-damage|p2a: Zarude|85/100
|
|-heal|p2a: Zarude|91/100|[from] item: Leftovers
|-heal|p1a: Ting-Lu|84/100|[from] item: Leftovers
|upkeep
|turn|21
|
|t:|1757950326
|switch|p1a: Okidogi|Okidogi, M|26/100
|-damage|p1a: Okidogi|20/100|[from] Stealth Rock
|move|p2a: Zarude|Trailblaze|p1a: Okidogi
|-resisted|p1a: Okidogi
|-damage|p1a: Okidogi|9/100
|-boost|p2a: Zarude|spe|1
|
|-heal|p2a: Zarude|97/100|[from] item: Leftovers
|upkeep
|turn|22
|
|t:|1757950336
|move|p2a: Zarude|Knock Off|p1a: Okidogi
|-resisted|p1a: Okidogi
|-damage|p1a: Okidogi|0 fnt
|-enditem|p1a: Okidogi|Assault Vest|[from] move: Knock Off|[of] p2a: Zarude
|faint|p1a: Okidogi
|
|-heal|p2a: Zarude|100/100|[from] item: Leftovers
|upkeep
|
|t:|1757950343
|switch|p1a: Gholdengo|Gholdengo|94/100
|-damage|p1a: Gholdengo|88/100|[from] Stealth Rock
|turn|23
|
|t:|1757950351
|-terastallize|p1a: Gholdengo|Fighting
|move|p1a: Gholdengo|Focus Blast|p2a: Zarude
|-supereffective|p2a: Zarude
|-damage|p2a: Zarude|0 fnt
|faint|p2a: Zarude
|
|upkeep
|
|t:|1757950357
|switch|p2a: Greninja|Greninja, F|100/100
|turn|24
|
|t:|1757950360
|-terastallize|p2a: Greninja|Poison
|move|p1a: Gholdengo|Focus Blast|p2a: Greninja
|-resisted|p2a: Greninja
|-damage|p2a: Greninja|49/100
|move|p2a: Greninja|Gunk Shot|p1a: Gholdengo
|-damage|p1a: Gholdengo|3/100
|
|upkeep
|turn|25
|
|t:|1757950369
|move|p1a: Gholdengo|Focus Blast|p2a: Greninja
|-resisted|p2a: Greninja
|-damage|p2a: Greninja|3/100
|move|p2a: Greninja|Gunk Shot|p1a: Gholdengo
|-damage|p1a: Gholdengo|0 fnt
|faint|p1a: Gholdengo
|
|upkeep
|
|t:|1757950376
|switch|p1a: Dragonite|Dragonite, M|100/100
|turn|26
|
|t:|1757950379
|switch|p2a: Great Tusk|Great Tusk|91/100
|move|p1a: Dragonite|Extreme Speed|p2a: Great Tusk
|-damage|p2a: Great Tusk|74/100
|
|upkeep
|turn|27
|
|t:|1757950397
|move|p1a: Dragonite|Ice Spinner|p2a: Great Tusk
|-supereffective|p2a: Great Tusk
|-damage|p2a: Great Tusk|45/100
|move|p2a: Great Tusk|Ice Spinner|p1a: Dragonite
|-supereffective|p1a: Dragonite
|-damage|p1a: Dragonite|46/100
|
|upkeep
|turn|28
|
|t:|1757950409
|move|p1a: Dragonite|Ice Spinner|p2a: Great Tusk
|-supereffective|p2a: Great Tusk
|-damage|p2a: Great Tusk|11/100
|move|p2a: Great Tusk|Ice Spinner|p1a: Dragonite
|-supereffective|p1a: Dragonite
|-crit|p1a: Dragonite
|-damage|p1a: Dragonite|0 fnt
|faint|p1a: Dragonite
|
|upkeep
|
|t:|1757950416
|switch|p1a: Ting-Lu|Ting-Lu|84/100
|-damage|p1a: Ting-Lu|78/100|[from] Stealth Rock
|-ability|p1a: Ting-Lu|Vessel of Ruin
|turn|29
|
|t:|1757950430
|move|p2a: Great Tusk|Ice Spinner|p1a: Ting-Lu
|-supereffective|p1a: Ting-Lu
|-damage|p1a: Ting-Lu|51/100
|move|p1a: Ting-Lu|Earthquake|p2a: Great Tusk
|-damage|p2a: Great Tusk|0 fnt
|faint|p2a: Great Tusk
|-end|p2a: Great Tusk|Protosynthesis|[silent]
|
|-heal|p1a: Ting-Lu|57/100|[from] item: Leftovers
|upkeep
|
|t:|1757950433
|switch|p2a: Greninja|Greninja, F, tera:Poison|3/100
|turn|30
|
|t:|1757950440
|move|p2a: Greninja|Gunk Shot|p1a: Ting-Lu|[miss]
|-miss|p2a: Greninja|p1a: Ting-Lu
|move|p1a: Ting-Lu|Earthquake|p2a: Greninja
|-supereffective|p2a: Greninja
|-damage|p2a: Greninja|0 fnt
|faint|p2a: Greninja
|
|win|MK5
|raw|MK5's rating: 1421 &rarr; <strong>1444</strong><br />(+23 for winning)
|raw|LucyLikePizza's rating: 1474 &rarr; <strong>1451</strong><br />(-23 for losing)
|c|☆MK5|gg
|c|☆LucyLikePizza|gg
|l|☆MK5
|player|p1|
|l|☆LucyLikePizza
|player|p2|
