|j|☆Mreda
|j|☆Redoranges101
|t:|1757961365
|gametype|singles
|player|p1|Mreda|steven|1385
|player|p2|Redoranges101|170|1401
|gen|9
|tier|[Gen 9] OU
|rated|
|rule|HP Percentage Mod: HP is shown in percentages
|rule|Endless Battle Clause: Forcing endless battles is banned
|rule|Species Clause: Limit one of each Pokémon
|rule|OHKO Clause: OHKO moves are banned
|rule|Evasion Items Clause: Evasion items are banned
|rule|Evasion Moves Clause: Evasion moves are banned
|rule|Evasion Abilities Clause: Evasion abilities are banned
|rule|Sleep Moves Clause: Sleep-inducing moves are banned
|clearpoke
|poke|p1|Kommo-o, M|
|poke|p1|Zapdos|
|poke|p1|Slowking-Galar, M|
|poke|p1|Gholdengo|
|poke|p1|Great Tusk|
|poke|p1|Meowscarada, M|
|poke|p2|Sinistcha|
|poke|p2|Zamazenta-*|
|poke|p2|Great Tusk|
|poke|p2|Tinkaton, F|
|poke|p2|Dragapult, F|
|poke|p2|Slowking-Galar, F|
|teampreview
|inactive|Battle timer is ON: inactive players will automatically lose when time's up. (requested by Redoranges101)
|
|t:|1757961383
|teamsize|p1|6
|teamsize|p2|6
|start
|switch|p1a: Jocker|Meowscarada, M, shiny|100/100
|switch|p2a: Dragapult|Dragapult, F|100/100
|turn|1
|
|t:|1757961390
|switch|p2a: Zamazenta|Zamazenta|100/100
|-ability|p2a: Zamazenta|Dauntless Shield|boost
|-boost|p2a: Zamazenta|def|1
|switch|p1a: Donald T.|Slowking-Galar, M|100/100
|
|upkeep
|turn|2
|
|t:|1757961399
|switch|p1a: Thor|Zapdos|100/100
|move|p2a: Zamazenta|Crunch|p1a: Thor
|-damage|p1a: Thor|83/100
|-unboost|p1a: Thor|def|1
|-status|p2a: Zamazenta|par|[from] ability: Static|[of] p1a: Thor
|
|upkeep
|turn|3
|
|t:|1757961408
|move|p1a: Thor|Hurricane|p2a: Zamazenta
|-supereffective|p2a: Zamazenta
|-damage|p2a: Zamazenta|11/100 par
|move|p2a: Zamazenta|Stone Edge|p1a: Thor
|-supereffective|p1a: Thor
|-damage|p1a: Thor|17/100
|
|upkeep
|turn|4
|
|t:|1757961432
|switch|p2a: Tinkaton|Tinkaton, F|100/100
|-item|p2a: Tinkaton|Air Balloon
|move|p1a: Thor|Volt Switch|p2a: Tinkaton
|-damage|p2a: Tinkaton|76/100
|-enditem|p2a: Tinkaton|Air Balloon
|
|t:|1757961443
|switch|p1a: Destroyer|Great Tusk|100/100|[from] Volt Switch
|
|upkeep
|turn|5
|
|t:|1757961448
|switch|p2a: Sinistcha|Sinistcha|100/100
|move|p1a: Destroyer|Headlong Rush|p2a: Sinistcha
|-resisted|p2a: Sinistcha
|-damage|p2a: Sinistcha|81/100
|-unboost|p1a: Destroyer|def|1
|-unboost|p1a: Destroyer|spd|1
|
|upkeep
|turn|6
|
|t:|1757961466
|-end|p1a: Destroyer|Protosynthesis|[silent]
|switch|p1a: Thor|Zapdos|17/100
|move|p2a: Sinistcha|Shadow Ball|p1a: Thor
|-damage|p1a: Thor|0 fnt
|faint|p1a: Thor
|
|upkeep
|
|t:|1757961476
|switch|p1a: Kaisar|Kommo-o, M|100/100
|turn|7
|
|t:|1757961483
|switch|p2a: Tinkaton|Tinkaton, F|76/100
|move|p1a: Kaisar|Clangorous Soul|p1a: Kaisar
|-boost|p1a: Kaisar|atk|1
|-boost|p1a: Kaisar|def|1
|-boost|p1a: Kaisar|spa|1
|-boost|p1a: Kaisar|spd|1
|-boost|p1a: Kaisar|spe|1
|-damage|p1a: Kaisar|68/100
|-enditem|p1a: Kaisar|Throat Spray
|-boost|p1a: Kaisar|spa|1|[from] item: Throat Spray
|
|upkeep
|turn|8
|
|t:|1757961496
|-terastallize|p1a: Kaisar|Normal
|move|p1a: Kaisar|Flamethrower|p2a: Tinkaton
|-supereffective|p2a: Tinkaton
|-damage|p2a: Tinkaton|0 fnt
|faint|p2a: Tinkaton
|
|upkeep
|
|t:|1757961510
|switch|p2a: Slowking|Slowking-Galar, F|100/100
|turn|9
|
|t:|1757961513
|move|p1a: Kaisar|Boomburst|p2a: Slowking
|-damage|p2a: Slowking|28/100
|move|p2a: Slowking|Thunder Wave|p1a: Kaisar
|-status|p1a: Kaisar|par
|
|upkeep
|turn|10
|
|t:|1757961522
|move|p1a: Kaisar|Boomburst|p2a: Slowking
|-damage|p2a: Slowking|0 fnt
|faint|p2a: Slowking
|
|upkeep
|
|t:|1757961529
|switch|p2a: Sinistcha|Sinistcha|81/100
|turn|11
|
|t:|1757961537
|-terastallize|p2a: Sinistcha|Poison
|move|p1a: Kaisar|Flamethrower|p2a: Sinistcha
|-damage|p2a: Sinistcha|51/100
|move|p2a: Sinistcha|Calm Mind|p2a: Sinistcha
|-boost|p2a: Sinistcha|spa|1
|-boost|p2a: Sinistcha|spd|1
|
|upkeep
|turn|12
|
|t:|1757961547
|move|p1a: Kaisar|Boomburst|p2a: Sinistcha
|-damage|p2a: Sinistcha|0 fnt
|faint|p2a: Sinistcha
|
|upkeep
|
|t:|1757961558
|switch|p2a: Dragapult|Dragapult, F|100/100
|turn|13
|
|t:|1757961562
|switch|p1a: Donald T.|Slowking-Galar, M|100/100
|move|p2a: Dragapult|Dragon Darts|p1a: Donald T.
|-damage|p1a: Donald T.|79/100
|-anim|p2a: Dragapult|Dragon Darts|p1a: Donald T.
|-damage|p1a: Donald T.|55/100
|
|upkeep
|turn|14
|
|t:|1757961572
|move|p2a: Dragapult|Will-O-Wisp|p1a: Donald T.
|-status|p1a: Donald T.|brn
|move|p1a: Donald T.|Ice Beam|p2a: Dragapult
|-supereffective|p2a: Dragapult
|-damage|p2a: Dragapult|7/100
|
|-damage|p1a: Donald T.|49/100 brn|[from] brn
|upkeep
|turn|15
|
|t:|1757961582
|move|p2a: Dragapult|Dragon Darts|p1a: Donald T.
|-damage|p1a: Donald T.|25/100 brn
|-anim|p2a: Dragapult|Dragon Darts|p1a: Donald T.
|-damage|p1a: Donald T.|3/100 brn
|move|p1a: Donald T.|Sludge Bomb|p2a: Dragapult
|-resisted|p2a: Dragapult
|-damage|p2a: Dragapult|0 fnt
|faint|p2a: Dragapult
|
|-damage|p1a: Donald T.|0 fnt|[from] brn
|faint|p1a: Donald T.
|upkeep
|
|t:|1757961599
|switch|p2a: Great Tusk|Great Tusk|100/100
|switch|p1a: Jocker|Meowscarada, M, shiny|100/100
|-enditem|p2a: Great Tusk|Booster Energy
|-activate|p2a: Great Tusk|ability: Protosynthesis|[fromitem]
|-start|p2a: Great Tusk|protosynthesisspe
|turn|16
|
|t:|1757961617
|switch|p1a: Kaisar|Kommo-o, M, tera:Normal|68/100 par
|move|p2a: Great Tusk|Rapid Spin|p1a: Kaisar
|-damage|p1a: Kaisar|54/100 par
|-boost|p2a: Great Tusk|spe|1
|
|upkeep
|turn|17
|
|t:|1757961626
|move|p2a: Great Tusk|Headlong Rush|p1a: Kaisar
|-damage|p1a: Kaisar|5/100 par
|-unboost|p2a: Great Tusk|def|1
|-unboost|p2a: Great Tusk|spd|1
|move|p1a: Kaisar|Boomburst|p2a: Great Tusk
|-damage|p2a: Great Tusk|0 fnt
|faint|p2a: Great Tusk
|-end|p2a: Great Tusk|Protosynthesis|[silent]
|
|upkeep
|-message|Redoranges101 forfeited.
|
|win|Mreda
|raw|Mreda's rating: 1385 &rarr; <strong>1406</strong><br />(+21 for winning)
|raw|Redoranges101's rating: 1401 &rarr; <strong>1380</strong><br />(-21 for losing)
|l|☆Redoranges101
|player|p2|
