|j|☆tomatic
|j|☆OnArceus
|t:|1757806296
|gametype|singles
|player|p1|tomatic|hiker-gen4|1539
|player|p2|OnArceus|#scl2spartans|1716
|gen|9
|tier|[Gen 9] OU
|rated|
|rule|HP Percentage Mod: HP is shown in percentages
|rule|Endless Battle Clause: Forcing endless battles is banned
|rule|Species Clause: Limit one of each Pokémon
|rule|OHKO Clause: OHKO moves are banned
|rule|Evasion Items Clause: Evasion items are banned
|rule|Evasion Moves Clause: Evasion moves are banned
|rule|Evasion Abilities Clause: Evasion abilities are banned
|rule|Sleep Moves Clause: Sleep-inducing moves are banned
|clearpoke
|poke|p1|Maushold-Four|
|poke|p1|Scizor, F|
|poke|p1|Landorus-Therian, M|
|poke|p1|Dragonite, F|
|poke|p1|Hatterene, F|
|poke|p1|Rotom-Wash|
|poke|p2|Ursaluna, F|
|poke|p2|Meowscarada, F|
|poke|p2|Slowking-Galar, F|
|poke|p2|Great Tusk|
|poke|p2|Moltres|
|poke|p2|Gholdengo|
|teampreview
|
|t:|1757806306
|teamsize|p1|6
|teamsize|p2|6
|start
|switch|p1a: Scizor|Scizor, F|100/100
|switch|p2a: Ursaluna|Ursaluna, F|100/100
|turn|1
|
|t:|1757806308
|move|p2a: Ursaluna|Protect|p2a: Ursaluna
|-singleturn|p2a: Ursaluna|Protect
|move|p1a: Scizor|Knock Off|p2a: Ursaluna
|-activate|p2a: Ursaluna|move: Protect
|
|upkeep
|turn|2
|
|t:|1757806317
|switch|p2a: Great Tusk|Great Tusk|100/100
|move|p1a: Scizor|Knock Off|p2a: Great Tusk
|-resisted|p2a: Great Tusk
|-damage|p2a: Great Tusk|88/100
|-damage|p1a: Scizor|84/100|[from] item: Rocky Helmet|[of] p2a: Great Tusk
|-enditem|p2a: Great Tusk|Rocky Helmet|[from] move: Knock Off|[of] p1a: Scizor
|
|upkeep
|turn|3
|
|t:|1757806325
|switch|p1a: Hatterene|Hatterene, F|100/100
|move|p2a: Great Tusk|Temper Flare|p1a: Hatterene
|-damage|p1a: Hatterene|70/100
|
|upkeep
|turn|4
|
|t:|1757806331
|-end|p2a: Great Tusk|Protosynthesis|[silent]
|switch|p2a: Slowking|Slowking-Galar, F|100/100
|move|p1a: Hatterene|Psychic Noise|p2a: Slowking
|-damage|p2a: Slowking|70/100
|-start|p2a: Slowking|move: Heal Block
|
|upkeep
|turn|5
|
|t:|1757806334
|move|p1a: Hatterene|Psychic Noise|p2a: Slowking
|-damage|p2a: Slowking|37/100
|move|p2a: Slowking|Future Sight|p1a: Hatterene
|-start|p2a: Slowking|move: Future Sight
|
|-end|p2a: Slowking|move: Heal Block
|upkeep
|turn|6
|
|t:|1757806339
|move|p1a: Hatterene|Psychic Noise|p2a: Slowking
|-damage|p2a: Slowking|8/100
|-start|p2a: Slowking|move: Heal Block
|move|p2a: Slowking|Sludge Bomb|p1a: Hatterene
|-supereffective|p1a: Hatterene
|-damage|p1a: Hatterene|28/100
|
|upkeep
|turn|7
|
|t:|1757806348
|switch|p2a: Ursaluna|Ursaluna, F|100/100
|move|p1a: Hatterene|Draining Kiss|p2a: Ursaluna
|-damage|p2a: Ursaluna|84/100
|-heal|p1a: Hatterene|46/100|[from] drain|[of] p2a: Ursaluna
|
|-end|p1a: Hatterene|move: Future Sight
|-resisted|p1a: Hatterene
|-damage|p1a: Hatterene|31/100
|-heal|p2a: Ursaluna|90/100|[from] item: Leftovers
|upkeep
|turn|8
|
|t:|1757806353
|switch|p1a: Scizor|Scizor, F|84/100
|move|p2a: Ursaluna|Bulk Up|p2a: Ursaluna
|-boost|p2a: Ursaluna|atk|1
|-boost|p2a: Ursaluna|def|1
|
|-heal|p2a: Ursaluna|96/100|[from] item: Leftovers
|upkeep
|turn|9
|
|t:|1757806361
|move|p2a: Ursaluna|Protect|p2a: Ursaluna
|-singleturn|p2a: Ursaluna|Protect
|move|p1a: Scizor|Knock Off|p2a: Ursaluna
|-activate|p2a: Ursaluna|move: Protect
|
|-heal|p2a: Ursaluna|100/100|[from] item: Leftovers
|upkeep
|turn|10
|
|t:|1757806364
|move|p1a: Scizor|Knock Off|p2a: Ursaluna
|-damage|p2a: Ursaluna|84/100
|-enditem|p2a: Ursaluna|Leftovers|[from] move: Knock Off|[of] p1a: Scizor
|move|p2a: Ursaluna|Earthquake|p1a: Scizor
|-damage|p1a: Scizor|11/100
|
|upkeep
|turn|11
|
|t:|1757806371
|move|p1a: Scizor|Bullet Punch|p2a: Ursaluna
|-damage|p2a: Ursaluna|64/100
|move|p2a: Ursaluna|Bulk Up|p2a: Ursaluna
|-boost|p2a: Ursaluna|atk|1
|-boost|p2a: Ursaluna|def|1
|
|upkeep
|turn|12
|
|t:|1757806377
|move|p1a: Scizor|Close Combat|p2a: Ursaluna
|-supereffective|p2a: Ursaluna
|-damage|p2a: Ursaluna|32/100
|-unboost|p1a: Scizor|def|1
|-unboost|p1a: Scizor|spd|1
|move|p2a: Ursaluna|Ice Punch|p1a: Scizor
|-resisted|p1a: Scizor
|-damage|p1a: Scizor|0 fnt
|faint|p1a: Scizor
|
|upkeep
|
|t:|1757806395
|switch|p1a: Landorus|Landorus-Therian, M|100/100
|-ability|p1a: Landorus|Intimidate|boost
|-unboost|p2a: Ursaluna|atk|1
|turn|13
|
|t:|1757806398
|move|p1a: Landorus|Earth Power|p2a: Ursaluna
|-damage|p2a: Ursaluna|13/100
|move|p2a: Ursaluna|Ice Punch|p1a: Landorus
|-supereffective|p1a: Landorus
|-damage|p1a: Landorus|0 fnt
|-damage|p2a: Ursaluna|0 fnt|[from] item: Rocky Helmet|[of] p1a: Landorus
|faint|p1a: Landorus
|faint|p2a: Ursaluna
|
|upkeep
|
|t:|1757806405
|switch|p1a: Rotom|Rotom-Wash|100/100
|switch|p2a: Meowscarada|Meowscarada, F|100/100
|turn|14
|
|t:|1757806411
|switch|p1a: Hatterene|Hatterene, F|31/100
|move|p2a: Meowscarada|Flower Trick|p1a: Hatterene
|-crit|p1a: Hatterene
|-damage|p1a: Hatterene|0 fnt
|faint|p1a: Hatterene
|
|upkeep
|
|t:|1757806415
|switch|p1a: Dragonite|Dragonite, F|100/100
|turn|15
|
|t:|1757806417
|move|p2a: Meowscarada|U-turn|p1a: Dragonite
|-resisted|p1a: Dragonite
|-damage|p1a: Dragonite|95/100
|
|t:|1757806418
|switch|p2a: Gholdengo|Gholdengo|100/100|[from] U-turn
|move|p1a: Dragonite|Dragon Dance|p1a: Dragonite
|-boost|p1a: Dragonite|atk|1
|-boost|p1a: Dragonite|spe|1
|
|-heal|p1a: Dragonite|100/100|[from] item: Leftovers
|upkeep
|turn|16
|
|t:|1757806428
|move|p2a: Gholdengo|Trick|p1a: Dragonite
|-activate|p2a: Gholdengo|move: Trick|[of] p1a: Dragonite
|-item|p1a: Dragonite|Choice Scarf|[from] move: Trick
|-item|p2a: Gholdengo|Leftovers|[from] move: Trick
|move|p1a: Dragonite|Earthquake|p2a: Gholdengo
|-supereffective|p2a: Gholdengo
|-damage|p2a: Gholdengo|0 fnt
|faint|p2a: Gholdengo
|
|upkeep
|
|t:|1757806430
|switch|p2a: Moltres|Moltres|100/100
|turn|17
|
|t:|1757806434
|switch|p1a: Rotom|Rotom-Wash|100/100
|move|p2a: Moltres|U-turn|p1a: Rotom
|-damage|p1a: Rotom|81/100
|
|t:|1757806436
|switch|p2a: Meowscarada|Meowscarada, F|100/100|[from] U-turn
|
|upkeep
|turn|18
|
|t:|1757806457
|move|p1a: Rotom|Volt Switch|p2a: Meowscarada
|-resisted|p2a: Meowscarada
|-damage|p2a: Meowscarada|76/100
|
|t:|1757806460
|switch|p1a: Maushold|Maushold-Four|100/100|[from] Volt Switch
|move|p2a: Meowscarada|Flower Trick|p1a: Maushold
|-crit|p1a: Maushold
|-damage|p1a: Maushold|20/100
|
|upkeep
|turn|19
|
|t:|1757806470
|switch|p1a: Dragonite|Dragonite, F|100/100
|move|p2a: Meowscarada|U-turn|p1a: Dragonite
|-resisted|p1a: Dragonite
|-damage|p1a: Dragonite|94/100
|
|t:|1757806473
|switch|p2a: Great Tusk|Great Tusk|88/100|[from] U-turn
|
|upkeep
|turn|20
|
|t:|1757806477
|-terastallize|p1a: Dragonite|Flying
|move|p1a: Dragonite|Tera Blast|p2a: Great Tusk|[anim] Tera Blast Flying
|-supereffective|p2a: Great Tusk
|-damage|p2a: Great Tusk|7/100
|move|p2a: Great Tusk|Stealth Rock|p1a: Dragonite
|-sidestart|p1: tomatic|move: Stealth Rock
|
|upkeep
|turn|21
|
|t:|1757806484
|move|p1a: Dragonite|Tera Blast|p2a: Great Tusk|[anim] Tera Blast Flying
|-supereffective|p2a: Great Tusk
|-damage|p2a: Great Tusk|0 fnt
|faint|p2a: Great Tusk
|-end|p2a: Great Tusk|Protosynthesis|[silent]
|
|upkeep
|
|t:|1757806485
|switch|p2a: Moltres|Moltres|100/100
|turn|22
|
|t:|1757806487
|move|p1a: Dragonite|Tera Blast|p2a: Moltres|[anim] Tera Blast Flying
|-damage|p2a: Moltres|61/100
|move|p2a: Moltres|Flamethrower|p1a: Dragonite
|-damage|p1a: Dragonite|52/100
|
|upkeep
|turn|23
|
|t:|1757806491
|move|p1a: Dragonite|Tera Blast|p2a: Moltres|[anim] Tera Blast Flying
|-damage|p2a: Moltres|21/100
|move|p2a: Moltres|Roost|p2a: Moltres
|-heal|p2a: Moltres|71/100
|-singleturn|p2a: Moltres|move: Roost
|
|upkeep
|turn|24
|
|t:|1757806494
|move|p1a: Dragonite|Tera Blast|p2a: Moltres|[anim] Tera Blast Flying
|-damage|p2a: Moltres|28/100
|move|p2a: Moltres|Roost|p2a: Moltres
|-heal|p2a: Moltres|78/100
|-singleturn|p2a: Moltres|move: Roost
|
|upkeep
|turn|25
|
|t:|1757806496
|move|p1a: Dragonite|Tera Blast|p2a: Moltres|[anim] Tera Blast Flying
|-damage|p2a: Moltres|39/100
|move|p2a: Moltres|Roost|p2a: Moltres
|-heal|p2a: Moltres|90/100
|-singleturn|p2a: Moltres|move: Roost
|
|upkeep
|turn|26
|
|t:|1757806498
|move|p1a: Dragonite|Tera Blast|p2a: Moltres|[anim] Tera Blast Flying
|-damage|p2a: Moltres|50/100
|move|p2a: Moltres|Roost|p2a: Moltres
|-heal|p2a: Moltres|100/100
|-singleturn|p2a: Moltres|move: Roost
|
|upkeep
|turn|27
|
|t:|1757806502
|move|p1a: Dragonite|Tera Blast|p2a: Moltres|[anim] Tera Blast Flying
|-damage|p2a: Moltres|64/100
|move|p2a: Moltres|Flamethrower|p1a: Dragonite
|-damage|p1a: Dragonite|13/100
|
|upkeep
|turn|28
|
|t:|1757806509
|switch|p1a: Maushold|Maushold-Four|20/100
|-damage|p1a: Maushold|8/100|[from] Stealth Rock
|move|p2a: Moltres|Flamethrower|p1a: Maushold
|-damage|p1a: Maushold|0 fnt
|faint|p1a: Maushold
|
|upkeep
|
|t:|1757806511
|switch|p1a: Rotom|Rotom-Wash|81/100
|-damage|p1a: Rotom|69/100|[from] Stealth Rock
|turn|29
|
|t:|1757806514
|switch|p2a: Slowking|Slowking-Galar, F|41/100
|move|p1a: Rotom|Trick|p2a: Slowking
|-activate|p1a: Rotom|move: Trick|[of] p2a: Slowking
|-item|p2a: Slowking|Choice Scarf|[from] move: Trick
|-item|p1a: Rotom|Heavy-Duty Boots|[from] move: Trick
|
|upkeep
|turn|30
|
|t:|1757806518
|move|p1a: Rotom|Hydro Pump|p2a: Slowking
|-damage|p2a: Slowking|0 fnt
|faint|p2a: Slowking
|
|upkeep
|
|t:|1757806519
|switch|p2a: Meowscarada|Meowscarada, F|76/100
|turn|31
|
|t:|1757806523
|move|p2a: Meowscarada|Flower Trick|p1a: Rotom
|-supereffective|p1a: Rotom
|-crit|p1a: Rotom
|-damage|p1a: Rotom|0 fnt
|faint|p1a: Rotom
|
|upkeep
|
|t:|1757806526
|switch|p1a: Dragonite|Dragonite, F, tera:Flying|13/100
|-damage|p1a: Dragonite|0 fnt|[from] Stealth Rock
|faint|p1a: Dragonite
|
|win|OnArceus
|raw|tomatic's rating: 1539 &rarr; <strong>1528</strong><br />(-11 for losing)
|raw|OnArceus's rating: 1716 &rarr; <strong>1727</strong><br />(+11 for winning)
|l|☆tomatic
|player|p1|
