|inactive|Battle timer is ON: inactive players will automatically lose when time's up.
|t:|1757866525
|gametype|singles
|player|p1|anki grinder|266|
|player|p2|A Welcome Guest|rancher|
|gen|9
|tier|[Gen 9] OU
|rule|HP Percentage Mod: HP is shown in percentages
|rule|Endless Battle Clause: Forcing endless battles is banned
|rule|Species Clause: Limit one of each Pokémon
|rule|OHKO Clause: OHKO moves are banned
|rule|Evasion Items Clause: Evasion items are banned
|rule|Evasion Moves Clause: Evasion moves are banned
|rule|Evasion Abilities Clause: Evasion abilities are banned
|rule|Sleep Moves Clause: Sleep-inducing moves are banned
|clearpoke
|poke|p1|Ting-Lu|
|poke|p1|Pecharunt|
|poke|p1|Iron Valiant|
|poke|p1|Garganacl, M|
|poke|p1|Lokix, M|
|poke|p1|Hydrapple, F|
|poke|p2|Iron Treads|
|poke|p2|Tornadus-Therian, M|
|poke|p2|Samurott-Hisui, F|
|poke|p2|Heatran, M|
|poke|p2|Pecharunt|
|poke|p2|Raging Bolt|
|teampreview
|inactive|A Welcome Guest also wants the timer to be on.
|c|☆A Welcome Guest|hf
|c|☆anki grinder|hf
|inactive|A Welcome Guest has 270 seconds left.
|
|t:|1757866564
|teamsize|p1|6
|teamsize|p2|6
|start
|switch|p1a: Got You|Lokix, M|100/100
|switch|p2a: Stormchaser|Samurott-Hisui, F|100/100
|turn|1
|
|t:|1757866570
|switch|p2a: Gitrog|Heatran, M|100/100
|move|p1a: Got You|First Impression|p2a: Gitrog
|-resisted|p2a: Gitrog
|-damage|p2a: Gitrog|83/100
|
|-heal|p2a: Gitrog|90/100|[from] item: Leftovers
|upkeep
|turn|2
|
|t:|1757866574
|switch|p1a: Metrocenter 84|Ting-Lu|100/100
|-ability|p1a: Metrocenter 84|Vessel of Ruin
|move|p2a: Gitrog|Stealth Rock|p1a: Metrocenter 84
|-sidestart|p1: anki grinder|move: Stealth Rock
|
|-heal|p2a: Gitrog|96/100|[from] item: Leftovers
|upkeep
|turn|3
|
|t:|1757866587
|switch|p2a: Stormchaser|Samurott-Hisui, F|100/100
|move|p1a: Metrocenter 84|Ruination|p2a: Stormchaser
|-damage|p2a: Stormchaser|51/100
|
|upkeep
|turn|4
|
|t:|1757866590
|move|p2a: Stormchaser|Knock Off|p1a: Metrocenter 84
|-resisted|p1a: Metrocenter 84
|-damage|p1a: Metrocenter 84|87/100
|-enditem|p1a: Metrocenter 84|Leftovers|[from] move: Knock Off|[of] p2a: Stormchaser
|move|p1a: Metrocenter 84|Earthquake|p2a: Stormchaser
|-damage|p2a: Stormchaser|10/100
|
|upkeep
|turn|5
|
|t:|1757866599
|move|p2a: Stormchaser|Razor Shell|p1a: Metrocenter 84
|-supereffective|p1a: Metrocenter 84
|-damage|p1a: Metrocenter 84|31/100
|-unboost|p1a: Metrocenter 84|def|1
|move|p1a: Metrocenter 84|Earthquake|p2a: Stormchaser
|-damage|p2a: Stormchaser|0 fnt
|faint|p2a: Stormchaser
|
|upkeep
|inactive|A Welcome Guest has 270 seconds left.
|
|t:|1757866638
|switch|p2a: Hamza|Iron Treads|100/100
|turn|6
|
|t:|1757866649
|move|p2a: Hamza|Earthquake|p1a: Metrocenter 84
|-damage|p1a: Metrocenter 84|0 fnt
|faint|p1a: Metrocenter 84
|
|upkeep
|
|t:|1757866654
|switch|p1a: Starlight|Iron Valiant|100/100
|turn|7
|
|t:|1757866668
|-end|p2a: Hamza|Quark Drive|[silent]
|switch|p2a: Necropotence|Pecharunt|100/100
|move|p1a: Starlight|Knock Off|p2a: Necropotence
|-supereffective|p2a: Necropotence
|-damage|p2a: Necropotence|75/100
|-damage|p1a: Starlight|84/100|[from] item: Rocky Helmet|[of] p2a: Necropotence
|-enditem|p2a: Necropotence|Rocky Helmet|[from] move: Knock Off|[of] p1a: Starlight
|
|upkeep
|turn|8
|
|t:|1757866673
|-end|p1a: Starlight|Quark Drive|[silent]
|switch|p1a: Everything|Garganacl, M|100/100
|move|p2a: Necropotence|Parting Shot|p1a: Everything
|-unboost|p1a: Everything|atk|1
|-unboost|p1a: Everything|spa|1
|
|t:|1757866678
|switch|p2a: Hamza|Iron Treads|100/100|[from] Parting Shot
|
|upkeep
|turn|9
|
|t:|1757866681
|move|p2a: Hamza|Earthquake|p1a: Everything
|-supereffective|p1a: Everything
|-damage|p1a: Everything|42/100
|move|p1a: Everything|Salt Cure|p2a: Hamza
|-resisted|p2a: Hamza
|-damage|p2a: Hamza|99/100
|-start|p2a: Hamza|Salt Cure
|
|-damage|p2a: Hamza|74/100|[from] Salt Cure
|upkeep
|turn|10
|
|t:|1757866686
|switch|p1a: After Hours|Hydrapple, F|100/100
|move|p2a: Hamza|Earthquake|p1a: After Hours
|-resisted|p1a: After Hours
|-damage|p1a: After Hours|89/100
|
|-damage|p2a: Hamza|49/100|[from] Salt Cure
|upkeep
|turn|11
|
|t:|1757866690
|-end|p2a: Hamza|Quark Drive|[silent]
|switch|p2a: Kastral|Tornadus-Therian, M|100/100
|move|p1a: After Hours|Nasty Plot|p1a: After Hours
|-boost|p1a: After Hours|spa|2
|
|upkeep
|turn|12
|
|t:|1757866705
|switch|p2a: Gitrog|Heatran, M|96/100
|-terastallize|p1a: After Hours|Poison
|move|p1a: After Hours|Draco Meteor|p2a: Gitrog|[miss]
|-miss|p1a: After Hours|p2a: Gitrog
|
|-heal|p2a: Gitrog|100/100|[from] item: Leftovers
|upkeep
|turn|13
|
|t:|1757866709
|move|p2a: Gitrog|Earth Power|p1a: After Hours
|-supereffective|p1a: After Hours
|-damage|p1a: After Hours|36/100
|move|p1a: After Hours|Earth Power|p2a: Gitrog
|-supereffective|p2a: Gitrog
|-crit|p2a: Gitrog
|-damage|p2a: Gitrog|0 fnt
|faint|p2a: Gitrog
|
|upkeep
|
|t:|1757866711
|switch|p2a: Hamza|Iron Treads|49/100
|turn|14
|
|t:|1757866718
|switch|p1a: Lazer Pink|Pecharunt|100/100
|move|p2a: Hamza|Earthquake|p1a: Lazer Pink
|-supereffective|p1a: Lazer Pink
|-damage|p1a: Lazer Pink|50/100
|
|upkeep
|turn|15
|
|t:|1757866726
|move|p1a: Lazer Pink|Recover|p1a: Lazer Pink
|-heal|p1a: Lazer Pink|99/100
|move|p2a: Hamza|Earthquake|p1a: Lazer Pink
|-supereffective|p1a: Lazer Pink
|-damage|p1a: Lazer Pink|50/100
|
|upkeep
|turn|16
|
|t:|1757866730
|move|p1a: Lazer Pink|Parting Shot|p2a: Hamza
|-unboost|p2a: Hamza|atk|1
|-unboost|p2a: Hamza|spa|1
|
|t:|1757866736
|switch|p1a: Got You|Lokix, M|100/100|[from] Parting Shot
|move|p2a: Hamza|Earthquake|p1a: Got You
|-resisted|p1a: Got You
|-damage|p1a: Got You|81/100
|
|upkeep
|turn|17
|
|t:|1757866746
|-end|p2a: Hamza|Quark Drive|[silent]
|switch|p2a: Kastral|Tornadus-Therian, M|100/100
|move|p1a: Got You|U-turn|p2a: Kastral
|-resisted|p2a: Kastral
|-damage|p2a: Kastral|53/100
|
|t:|1757866752
|switch|p1a: After Hours|Hydrapple, F, tera:Poison|69/100|[from] U-turn
|
|upkeep
|turn|18
|
|t:|1757866760
|move|p2a: Kastral|Bleakwind Storm|p1a: After Hours
|-damage|p1a: After Hours|11/100
|-unboost|p1a: After Hours|spe|1
|-damage|p2a: Kastral|43/100|[from] item: Life Orb
|move|p1a: After Hours|Draco Meteor|p2a: Kastral
|-damage|p2a: Kastral|0 fnt
|-unboost|p1a: After Hours|spa|2
|faint|p2a: Kastral
|
|upkeep
|
|t:|1757866772
|switch|p2a: Hamza|Iron Treads|49/100
|turn|19
|
|t:|1757866776
|switch|p1a: Got You|Lokix, M|81/100
|move|p2a: Hamza|Earthquake|p1a: Got You
|-resisted|p1a: Got You
|-damage|p1a: Got You|47/100
|
|upkeep
|turn|20
|
|t:|1757866786
|move|p1a: Got You|Knock Off|p2a: Hamza
|-damage|p2a: Hamza|15/100
|-enditem|p2a: Hamza|Custap Berry|[from] move: Knock Off|[of] p1a: Got You
|move|p2a: Hamza|Earthquake|p1a: Got You
|-resisted|p1a: Got You
|-damage|p1a: Got You|15/100
|
|upkeep
|turn|21
|
|t:|1757866796
|move|p1a: Got You|U-turn|p2a: Hamza
|-resisted|p2a: Hamza
|-damage|p2a: Hamza|0 fnt
|faint|p2a: Hamza
|-end|p2a: Hamza|Quark Drive|[silent]
|
|t:|1757866800
|switch|p1a: Starlight|Iron Valiant|84/100|[from] U-turn
|
|upkeep
|
|t:|1757866802
|switch|p2a: Necropotence|Pecharunt|75/100
|turn|22
|
|t:|1757866806
|-end|p1a: Starlight|Quark Drive|[silent]
|switch|p1a: Everything|Garganacl, M|42/100
|move|p2a: Necropotence|Malignant Chain|p1a: Everything
|-resisted|p1a: Everything
|-damage|p1a: Everything|32/100
|
|upkeep
|turn|23
|
|t:|1757866810
|move|p2a: Necropotence|Parting Shot|p1a: Everything
|-unboost|p1a: Everything|atk|1
|-unboost|p1a: Everything|spa|1
|
|t:|1757866811
|switch|p2a: Solitude|Raging Bolt|100/100|[from] Parting Shot
|move|p1a: Everything|Recover|p1a: Everything
|-heal|p1a: Everything|82/100
|
|upkeep
|turn|24
|
|t:|1757866815
|move|p2a: Solitude|Calm Mind|p2a: Solitude
|-boost|p2a: Solitude|spa|1
|-boost|p2a: Solitude|spd|1
|move|p1a: Everything|Salt Cure|p2a: Solitude
|-damage|p2a: Solitude|94/100
|-start|p2a: Solitude|Salt Cure
|
|-heal|p2a: Solitude|99/100|[from] item: Leftovers
|-damage|p2a: Solitude|88/100|[from] Salt Cure
|upkeep
|turn|25
|
|t:|1757866823
|move|p2a: Solitude|Thunderbolt|p1a: Everything
|-damage|p1a: Everything|37/100
|move|p1a: Everything|Ice Punch|p2a: Solitude
|-supereffective|p2a: Solitude
|-damage|p2a: Solitude|72/100
|
|-heal|p2a: Solitude|78/100|[from] item: Leftovers
|-damage|p2a: Solitude|65/100|[from] Salt Cure
|upkeep
|turn|26
|
|t:|1757866826
|move|p2a: Solitude|Thunderbolt|p1a: Everything
|-damage|p1a: Everything|0 fnt
|faint|p1a: Everything
|
|-heal|p2a: Solitude|72/100|[from] item: Leftovers
|-damage|p2a: Solitude|59/100|[from] Salt Cure
|upkeep
|
|t:|1757866828
|switch|p1a: Starlight|Iron Valiant|84/100
|turn|27
|
|t:|1757866830
|-end|p2a: Solitude|Protosynthesis|[silent]
|switch|p2a: Necropotence|Pecharunt|75/100
|move|p1a: Starlight|Encore||[still]
|-fail|p1a: Starlight
|
|upkeep
|turn|28
|
|t:|1757866837
|-end|p1a: Starlight|Quark Drive|[silent]
|switch|p1a: After Hours|Hydrapple, F, tera:Poison|44/100
|move|p2a: Necropotence|Parting Shot|p1a: After Hours
|-unboost|p1a: After Hours|atk|1
|-unboost|p1a: After Hours|spa|1
|
|t:|1757866839
|switch|p2a: Solitude|Raging Bolt|59/100|[from] Parting Shot
|
|-heal|p2a: Solitude|65/100|[from] item: Leftovers
|upkeep
|turn|29
|
|t:|1757866848
|switch|p1a: Starlight|Iron Valiant|84/100
|move|p2a: Solitude|Thunderbolt|p1a: Starlight
|-damage|p1a: Starlight|0 fnt
|faint|p1a: Starlight
|-end|p1a: Starlight|Quark Drive|[silent]
|
|-heal|p2a: Solitude|72/100|[from] item: Leftovers
|upkeep
|
|t:|1757866850
|switch|p1a: Got You|Lokix, M|15/100
|turn|30
|
|t:|1757866873
|-end|p2a: Solitude|Protosynthesis|[silent]
|switch|p2a: Necropotence|Pecharunt|75/100
|move|p1a: Got You|First Impression|p2a: Necropotence
|-resisted|p2a: Necropotence
|-damage|p2a: Necropotence|65/100
|
|upkeep
|turn|31
|
|t:|1757866877
|move|p1a: Got You|Sucker Punch||[still]
|-fail|p1a: Got You
|move|p2a: Necropotence|Parting Shot|p1a: Got You
|-unboost|p1a: Got You|atk|1
|-unboost|p1a: Got You|spa|1
|
|t:|1757866879
|switch|p2a: Solitude|Raging Bolt|72/100|[from] Parting Shot
|
|-heal|p2a: Solitude|78/100|[from] item: Leftovers
|upkeep
|turn|32
|
|t:|1757866882
|move|p1a: Got You|Knock Off|p2a: Solitude
|-damage|p2a: Solitude|56/100
|-enditem|p2a: Solitude|Leftovers|[from] move: Knock Off|[of] p1a: Got You
|move|p2a: Solitude|Thunderbolt|p1a: Got You
|-damage|p1a: Got You|0 fnt
|faint|p1a: Got You
|
|upkeep
|
|t:|1757866886
|switch|p1a: After Hours|Hydrapple, F, tera:Poison|77/100
|turn|33
|
|t:|1757866890
|-terastallize|p2a: Solitude|Fairy
|move|p2a: Solitude|Calm Mind|p2a: Solitude
|-boost|p2a: Solitude|spa|1
|-boost|p2a: Solitude|spd|1
|move|p1a: After Hours|Draco Meteor|p2a: Solitude
|-immune|p2a: Solitude
|
|upkeep
|turn|34
|
|t:|1757866894
|move|p2a: Solitude|Thunderbolt|p1a: After Hours
|-damage|p1a: After Hours|12/100
|-status|p1a: After Hours|par
|move|p1a: After Hours|Giga Drain|p2a: Solitude
|-damage|p2a: Solitude|37/100
|-heal|p1a: After Hours|22/100 par|[from] drain|[of] p2a: Solitude
|
|upkeep
|turn|35
|
|t:|1757866897
|move|p2a: Solitude|Thunderbolt|p1a: After Hours
|-damage|p1a: After Hours|0 fnt
|faint|p1a: After Hours
|
|upkeep
|
|t:|1757866899
|switch|p1a: Lazer Pink|Pecharunt|50/100
|turn|36
|
|t:|1757866902
|move|p1a: Lazer Pink|Recover|p1a: Lazer Pink
|-heal|p1a: Lazer Pink|100/100
|move|p2a: Solitude|Thunderbolt|p1a: Lazer Pink
|-damage|p1a: Lazer Pink|37/100
|
|upkeep
|turn|37
|
|t:|1757866904
|move|p1a: Lazer Pink|Malignant Chain|p2a: Solitude
|-supereffective|p2a: Solitude
|-damage|p2a: Solitude|1/100
|move|p2a: Solitude|Thunderbolt|p1a: Lazer Pink
|-damage|p1a: Lazer Pink|0 fnt
|faint|p1a: Lazer Pink
|
|win|A Welcome Guest
|c|☆A Welcome Guest|gg
|c|☆anki grinder|gg
