|j|☆RicSalEz
|j|☆maidnless
|t:|1757821239
|gametype|singles
|player|p1|RicSalEz|backers|1342
|player|p2|maidnless|102|1356
|gen|9
|tier|[Gen 9] OU
|rated|
|rule|HP Percentage Mod: HP is shown in percentages
|rule|Endless Battle Clause: Forcing endless battles is banned
|rule|Species Clause: Limit one of each Pokémon
|rule|OHKO Clause: OHKO moves are banned
|rule|Evasion Items Clause: Evasion items are banned
|rule|Evasion Moves Clause: Evasion moves are banned
|rule|Evasion Abilities Clause: Evasion abilities are banned
|rule|Sleep Moves Clause: Sleep-inducing moves are banned
|clearpoke
|poke|p1|Landorus-Therian, M|
|poke|p1|Pecharunt|
|poke|p1|Dondozo, F|
|poke|p1|Kyurem|
|poke|p1|Blaziken, F|
|poke|p1|Goodra-Hisui, F|
|poke|p2|Pelipper, M|
|poke|p2|Beartic, M|
|poke|p2|Barraskewda, F|
|poke|p2|Ogerpon-Wellspring, F|
|poke|p2|Zapdos|
|poke|p2|Hatterene, F|
|teampreview
|inactive|Battle timer is ON: inactive players will automatically lose when time's up. (requested by maidnless)
|
|t:|1757821260
|teamsize|p1|6
|teamsize|p2|6
|start
|switch|p1a: Pecharunt|Pecharunt|100/100
|switch|p2a: Pelipper|Pelipper, M|100/100
|-weather|RainDance|[from] ability: Drizzle|[of] p2a: Pelipper
|turn|1
|
|t:|1757821270
|switch|p1a: Kyurem|Kyurem|100/100
|-ability|p1a: Kyurem|Pressure
|move|p2a: Pelipper|U-turn|p1a: Kyurem
|-damage|p1a: Kyurem|92/100
|
|t:|1757821282
|switch|p2a: Barraskewda|Barraskewda, F|100/100|[from] U-turn
|
|-weather|RainDance|[upkeep]
|upkeep
|turn|2
|
|t:|1757821287
|switch|p1a: Pecharunt|Pecharunt|100/100
|move|p2a: Barraskewda|Flip Turn|p1a: Pecharunt
|-damage|p1a: Pecharunt|70/100
|
|t:|1757821296
|switch|p2a: Beartic|Beartic, M|100/100|[from] Flip Turn
|
|-weather|RainDance|[upkeep]
|upkeep
|turn|3
|
|t:|1757821304
|move|p2a: Beartic|Substitute|p2a: Beartic
|-start|p2a: Beartic|Substitute
|-damage|p2a: Beartic|76/100
|move|p1a: Pecharunt|Recover|p1a: Pecharunt
|-heal|p1a: Pecharunt|100/100
|
|-weather|RainDance|[upkeep]
|upkeep
|turn|4
|
|t:|1757821308
|move|p2a: Beartic|Earthquake|p1a: Pecharunt
|-supereffective|p1a: Pecharunt
|-damage|p1a: Pecharunt|65/100
|move|p1a: Pecharunt|Malignant Chain|p2a: Beartic
|-end|p2a: Beartic|Substitute
|
|-weather|RainDance|[upkeep]
|upkeep
|turn|5
|
|t:|1757821334
|-terastallize|p1a: Pecharunt|Ghost
|move|p2a: Beartic|Earthquake|p1a: Pecharunt
|-damage|p1a: Pecharunt|48/100
|move|p1a: Pecharunt|Malignant Chain|p2a: Beartic
|-damage|p2a: Beartic|35/100
|-status|p2a: Beartic|tox
|-start|p2a: Beartic|confusion|[from] ability: Poison Puppeteer|[of] p1a: Pecharunt
|
|-weather|RainDance|[upkeep]
|-damage|p2a: Beartic|29/100 tox|[from] psn
|upkeep
|turn|6
|
|t:|1757821348
|-activate|p2a: Beartic|confusion
|move|p2a: Beartic|Icicle Spear|p1a: Pecharunt
|-damage|p1a: Pecharunt|42/100
|-damage|p1a: Pecharunt|35/100
|-damage|p1a: Pecharunt|29/100
|-damage|p1a: Pecharunt|22/100
|-damage|p1a: Pecharunt|14/100
|-hitcount|p1a: Pecharunt|5
|move|p1a: Pecharunt|Recover|p1a: Pecharunt
|-heal|p1a: Pecharunt|64/100
|
|-weather|RainDance|[upkeep]
|-damage|p2a: Beartic|17/100 tox|[from] psn
|upkeep
|turn|7
|
|t:|1757821357
|-activate|p2a: Beartic|confusion
|move|p2a: Beartic|Icicle Spear|p1a: Pecharunt
|-damage|p1a: Pecharunt|58/100
|-damage|p1a: Pecharunt|50/100
|-damage|p1a: Pecharunt|43/100
|-damage|p1a: Pecharunt|37/100
|-hitcount|p1a: Pecharunt|4
|move|p1a: Pecharunt|Recover|p1a: Pecharunt
|-heal|p1a: Pecharunt|87/100
|
|-weather|RainDance|[upkeep]
|-damage|p2a: Beartic|0 fnt|[from] psn
|faint|p2a: Beartic
|upkeep
|
|t:|1757821368
|switch|p2a: Zapdos|Zapdos|100/100
|turn|8
|inactive|maidnless has 120 seconds left.
|
|t:|1757821392
|switch|p1a: Goodra|Goodra-Hisui, F|100/100
|move|p2a: Zapdos|Weather Ball|p1a: Goodra
|-resisted|p1a: Goodra
|-damage|p1a: Goodra|90/100
|
|-weather|none
|upkeep
|turn|9
|
|t:|1757821396
|move|p2a: Zapdos|Volt Switch|p1a: Goodra
|-resisted|p1a: Goodra
|-damage|p1a: Goodra|82/100
|
|t:|1757821400
|switch|p2a: Pelipper|Pelipper, M|100/100|[from] Volt Switch
|-weather|RainDance|[from] ability: Drizzle|[of] p2a: Pelipper
|move|p1a: Goodra|Knock Off|p2a: Pelipper
|-damage|p2a: Pelipper|86/100
|-enditem|p2a: Pelipper|Damp Rock|[from] move: Knock Off|[of] p1a: Goodra
|
|-weather|RainDance|[upkeep]
|upkeep
|turn|10
|
|t:|1757821407
|move|p1a: Goodra|Draco Meteor|p2a: Pelipper
|-damage|p2a: Pelipper|0 fnt
|-unboost|p1a: Goodra|spa|2
|faint|p2a: Pelipper
|
|-weather|RainDance|[upkeep]
|upkeep
|inactive|maidnless has 120 seconds left.
|
|t:|1757821439
|switch|p2a: Barraskewda|Barraskewda, F|100/100
|turn|11
|
|t:|1757821446
|switch|p1a: Pecharunt|Pecharunt, tera:Ghost|87/100
|-terastallize|p2a: Barraskewda|Water
|move|p2a: Barraskewda|Liquidation|p1a: Pecharunt
|-damage|p1a: Pecharunt|30/100
|
|-weather|RainDance|[upkeep]
|upkeep
|turn|12
|
|t:|1757821457
|switch|p1a: Dondozo|Dondozo, F|100/100
|move|p2a: Barraskewda|Liquidation|p1a: Dondozo
|-resisted|p1a: Dondozo
|-damage|p1a: Dondozo|70/100
|
|-weather|RainDance|[upkeep]
|-heal|p1a: Dondozo|76/100|[from] item: Leftovers
|upkeep
|turn|13
|
|t:|1757821461
|move|p2a: Barraskewda|Flip Turn|p1a: Dondozo
|-resisted|p1a: Dondozo
|-damage|p1a: Dondozo|57/100
|
|t:|1757821463
|switch|p2a: Zapdos|Zapdos|100/100|[from] Flip Turn
|move|p1a: Dondozo|Curse|p1a: Dondozo
|-unboost|p1a: Dondozo|spe|1
|-boost|p1a: Dondozo|atk|1
|-boost|p1a: Dondozo|def|1
|
|-weather|RainDance|[upkeep]
|-heal|p1a: Dondozo|63/100|[from] item: Leftovers
|upkeep
|turn|14
|
|t:|1757821471
|switch|p1a: Goodra|Goodra-Hisui, F|82/100
|move|p2a: Zapdos|Hurricane|p1a: Goodra
|-resisted|p1a: Goodra
|-damage|p1a: Goodra|69/100
|-start|p1a: Goodra|confusion
|
|-weather|RainDance|[upkeep]
|upkeep
|turn|15
|
|t:|1757821474
|move|p2a: Zapdos|Volt Switch|p1a: Goodra
|-resisted|p1a: Goodra
|-damage|p1a: Goodra|61/100
|
|t:|1757821483
|switch|p2a: Barraskewda|Barraskewda, F, tera:Water|100/100|[from] Volt Switch
|-activate|p1a: Goodra|confusion
|-damage|p1a: Goodra|53/100|[from] confusion
|
|-weather|RainDance|[upkeep]
|upkeep
|turn|16
|
|t:|1757821490
|move|p2a: Barraskewda|Liquidation|p1a: Goodra
|-resisted|p1a: Goodra
|-damage|p1a: Goodra|1/100
|-activate|p1a: Goodra|confusion
|-damage|p1a: Goodra|0 fnt|[from] confusion
|faint|p1a: Goodra
|
|-weather|none
|upkeep
|
|t:|1757821501
|switch|p1a: Pecharunt|Pecharunt, tera:Ghost|30/100
|turn|17
|
|t:|1757821505
|move|p2a: Barraskewda|Liquidation|p1a: Pecharunt
|-damage|p1a: Pecharunt|0 fnt
|faint|p1a: Pecharunt
|
|upkeep
|
|t:|1757821507
|switch|p1a: Kyurem|Kyurem|92/100
|-ability|p1a: Kyurem|Pressure
|turn|18
|
|t:|1757821514
|move|p2a: Barraskewda|Flip Turn|p1a: Kyurem
|-resisted|p1a: Kyurem
|-damage|p1a: Kyurem|66/100
|
|t:|1757821516
|switch|p2a: Hatterene|Hatterene, F|100/100|[from] Flip Turn
|move|p1a: Kyurem|Freeze-Dry|p2a: Hatterene
|-damage|p2a: Hatterene|55/100
|-enditem|p2a: Hatterene|Eject Button
|
|t:|1757821519
|switch|p2a: Barraskewda|Barraskewda, F, tera:Water|100/100
|
|upkeep
|turn|19
|
|t:|1757821524
|move|p2a: Barraskewda|Close Combat|p1a: Kyurem
|-supereffective|p1a: Kyurem
|-damage|p1a: Kyurem|0 fnt
|-unboost|p2a: Barraskewda|def|1
|-unboost|p2a: Barraskewda|spd|1
|faint|p1a: Kyurem
|
|upkeep
|
|t:|1757821527
|switch|p1a: Blaziken|Blaziken, F|100/100
|turn|20
|
|t:|1757821540
|switch|p2a: Zapdos|Zapdos|100/100
|move|p1a: Blaziken|Protect||[still]
|-fail|p1a: Blaziken
|
|-ability|p1a: Blaziken|Speed Boost|boost
|-boost|p1a: Blaziken|spe|1
|upkeep
|turn|21
|
|t:|1757821548
|switch|p1a: Landorus|Landorus-Therian, M, shiny|100/100
|-ability|p1a: Landorus|Intimidate|boost
|-unboost|p2a: Zapdos|atk|1
|move|p2a: Zapdos|Hurricane|p1a: Landorus
|-damage|p1a: Landorus|43/100
|-start|p1a: Landorus|confusion
|
|upkeep
|turn|22
|
|t:|1757821569
|move|p2a: Zapdos|Hurricane|p1a: Landorus
|-damage|p1a: Landorus|0 fnt
|faint|p1a: Landorus
|
|upkeep
|
|t:|1757821573
|switch|p1a: Blaziken|Blaziken, F|100/100
|turn|23
|
|t:|1757821576
|move|p2a: Zapdos|Volt Switch|p1a: Blaziken
|-damage|p1a: Blaziken|47/100
|
|t:|1757821580
|switch|p2a: Ogerpon|Ogerpon-Wellspring, F|100/100|[from] Volt Switch
|move|p1a: Blaziken|Swords Dance|p1a: Blaziken
|-boost|p1a: Blaziken|atk|2
|
|-ability|p1a: Blaziken|Speed Boost|boost
|-boost|p1a: Blaziken|spe|1
|upkeep
|turn|24
|
|t:|1757821591
|switch|p2a: Hatterene|Hatterene, F|55/100
|move|p1a: Blaziken|Close Combat|p2a: Hatterene
|-resisted|p2a: Hatterene
|-damage|p2a: Hatterene|15/100
|-unboost|p1a: Blaziken|def|1
|-unboost|p1a: Blaziken|spd|1
|-damage|p1a: Blaziken|37/100|[from] item: Life Orb
|
|-ability|p1a: Blaziken|Speed Boost|boost
|-boost|p1a: Blaziken|spe|1
|upkeep
|turn|25
|
|t:|1757821597
|move|p1a: Blaziken|Flare Blitz|p2a: Hatterene
|-damage|p2a: Hatterene|0 fnt
|faint|p2a: Hatterene
|-damage|p1a: Blaziken|33/100|[from] Recoil
|-damage|p1a: Blaziken|23/100|[from] item: Life Orb
|
|-ability|p1a: Blaziken|Speed Boost|boost
|-boost|p1a: Blaziken|spe|1
|upkeep
|
|t:|1757821616
|switch|p2a: Zapdos|Zapdos|100/100
|turn|26
|
|t:|1757821626
|move|p1a: Blaziken|Flare Blitz|p2a: Zapdos
|-damage|p2a: Zapdos|0 fnt
|-status|p1a: Blaziken|par|[from] ability: Static|[of] p2a: Zapdos
|faint|p2a: Zapdos
|-damage|p1a: Blaziken|0 fnt|[from] Recoil
|faint|p1a: Blaziken
|
|upkeep
|
|t:|1757821629
|switch|p2a: Ogerpon|Ogerpon-Wellspring, F|100/100
|switch|p1a: Dondozo|Dondozo, F|63/100
|turn|27
|
|t:|1757821633
|move|p2a: Ogerpon|Power Whip|p1a: Dondozo
|-supereffective|p1a: Dondozo
|-damage|p1a: Dondozo|0 fnt
|faint|p1a: Dondozo
|
|win|maidnless
|raw|RicSalEz's rating: 1342 &rarr; <strong>1323</strong><br />(-19 for losing)
|raw|maidnless's rating: 1356 &rarr; <strong>1375</strong><br />(+19 for winning)
|l|☆RicSalEz
|player|p1|
|c|☆maidnless|gg
