|j|☆deslumbre
|j|☆maarcelo33
|t:|1757895503
|gametype|singles
|player|p1|deslumbre|valerie|1093
|player|p2|maarcelo33|265|1113
|gen|9
|tier|[Gen 9] OU
|rated|
|rule|HP Percentage Mod: HP is shown in percentages
|rule|Endless Battle Clause: Forcing endless battles is banned
|rule|Species Clause: Limit one of each Pokémon
|rule|OHKO Clause: OHKO moves are banned
|rule|Evasion Items Clause: Evasion items are banned
|rule|Evasion Moves Clause: Evasion moves are banned
|rule|Evasion Abilities Clause: Evasion abilities are banned
|rule|Sleep Moves Clause: Sleep-inducing moves are banned
|clearpoke
|poke|p1|Primarina, F|
|poke|p1|Altaria, M|
|poke|p1|Zebstrika, M|
|poke|p1|Mienshao, F|
|poke|p1|Goodra, M|
|poke|p1|Delphox, F|
|poke|p2|Garganacl, F|
|poke|p2|Gholdengo|
|poke|p2|Toxapex, F|
|poke|p2|Gliscor, F|
|poke|p2|Moltres|
|poke|p2|Serperior, M|
|teampreview
|inactive|Battle timer is ON: inactive players will automatically lose when time's up. (requested by maarcelo33)
|
|t:|1757895518
|teamsize|p1|6
|teamsize|p2|6
|start
|switch|p1a: Zebstrika|Zebstrika, M, shiny|100/100
|switch|p2a: Toxapex|Toxapex, F|100/100
|turn|1
|
|t:|1757895528
|switch|p2a: Gliscor|Gliscor, F|100/100
|move|p1a: Zebstrika|Wild Charge|p2a: Gliscor
|-immune|p2a: Gliscor
|
|-status|p2a: Gliscor|tox|[from] item: Toxic Orb
|upkeep
|turn|2
|
|t:|1757895540
|switch|p1a: Primarina|Primarina, F, shiny|100/100
|move|p2a: Gliscor|Stealth Rock|p1a: Primarina
|-sidestart|p1: deslumbre|move: Stealth Rock
|
|upkeep
|turn|3
|
|t:|1757895548
|switch|p2a: Gholdengo|Gholdengo|100/100
|move|p1a: Primarina|Ice Beam|p2a: Gholdengo
|-resisted|p2a: Gholdengo
|-damage|p2a: Gholdengo|84/100
|
|-heal|p2a: Gholdengo|90/100|[from] item: Leftovers
|upkeep
|turn|4
|
|t:|1757895558
|move|p2a: Gholdengo|Make It Rain|p1a: Primarina
|-damage|p1a: Primarina|58/100
|-unboost|p2a: Gholdengo|spa|1
|move|p1a: Primarina|Hyper Voice|p2a: Gholdengo
|-damage|p2a: Gholdengo|43/100
|
|-heal|p2a: Gholdengo|49/100|[from] item: Leftovers
|upkeep
|turn|5
|
|t:|1757895580
|switch|p2a: Garganacl|Garganacl, F|100/100
|move|p1a: Primarina|Hyper Voice|p2a: Garganacl
|-supereffective|p2a: Garganacl
|-damage|p2a: Garganacl|38/100
|
|-heal|p2a: Garganacl|44/100|[from] item: Leftovers
|upkeep
|turn|6
|inactive|maarcelo33 has 120 seconds left.
|
|t:|1757895601
|switch|p2a: Toxapex|Toxapex, F|100/100
|move|p1a: Primarina|Hyper Voice|p2a: Toxapex
|-resisted|p2a: Toxapex
|-damage|p2a: Toxapex|79/100
|
|upkeep
|turn|7
|
|t:|1757895615
|switch|p1a: Delphox|Delphox, F, shiny|100/100
|-damage|p1a: Delphox|75/100|[from] Stealth Rock
|move|p2a: Toxapex|Gunk Shot|p1a: Delphox
|-damage|p1a: Delphox|0 fnt
|faint|p1a: Delphox
|
|upkeep
|
|t:|1757895623
|switch|p1a: Altaria|Altaria, M, shiny|100/100
|-damage|p1a: Altaria|76/100|[from] Stealth Rock
|turn|8
|
|t:|1757895640
|switch|p2a: Gholdengo|Gholdengo|49/100
|move|p1a: Altaria|Defog|p2a: Gholdengo
|-immune|p2a: Gholdengo|[from] ability: Good as Gold
|
|-heal|p1a: Altaria|82/100|[from] item: Leftovers
|-heal|p2a: Gholdengo|56/100|[from] item: Leftovers
|upkeep
|turn|9
|
|t:|1757895656
|move|p1a: Altaria|Tailwind|p1a: Altaria
|-sidestart|p1: deslumbre|move: Tailwind
|move|p2a: Gholdengo|Recover|p2a: Gholdengo
|-heal|p2a: Gholdengo|100/100
|
|-heal|p1a: Altaria|88/100|[from] item: Leftovers
|upkeep
|turn|10
|
|t:|1757895664
|switch|p1a: Goodra|Goodra, M|100/100
|-damage|p1a: Goodra|88/100|[from] Stealth Rock
|move|p2a: Gholdengo|Nasty Plot|p2a: Gholdengo
|-boost|p2a: Gholdengo|spa|2
|
|-heal|p1a: Goodra|94/100|[from] item: Leftovers
|upkeep
|turn|11
|
|t:|1757895675
|move|p1a: Goodra|Flamethrower|p2a: Gholdengo
|-supereffective|p2a: Gholdengo
|-damage|p2a: Gholdengo|61/100
|move|p2a: Gholdengo|Shadow Ball|p1a: Goodra
|-damage|p1a: Goodra|38/100
|-unboost|p1a: Goodra|spd|1
|
|-heal|p1a: Goodra|44/100|[from] item: Leftovers
|-heal|p2a: Gholdengo|67/100|[from] item: Leftovers
|upkeep
|turn|12
|
|t:|1757895686
|move|p1a: Goodra|Flamethrower|p2a: Gholdengo
|-supereffective|p2a: Gholdengo
|-damage|p2a: Gholdengo|29/100
|move|p2a: Gholdengo|Recover|p2a: Gholdengo
|-heal|p2a: Gholdengo|79/100
|
|-heal|p1a: Goodra|50/100|[from] item: Leftovers
|-heal|p2a: Gholdengo|85/100|[from] item: Leftovers
|-sideend|p1: deslumbre|move: Tailwind
|upkeep
|turn|13
|
|t:|1757895695
|move|p2a: Gholdengo|Shadow Ball|p1a: Goodra
|-damage|p1a: Goodra|0 fnt
|faint|p1a: Goodra
|
|-heal|p2a: Gholdengo|92/100|[from] item: Leftovers
|upkeep
|
|t:|1757895705
|switch|p1a: Zebstrika|Zebstrika, M, shiny|100/100
|-damage|p1a: Zebstrika|88/100|[from] Stealth Rock
|turn|14
|
|t:|1757895711
|move|p1a: Zebstrika|High Horsepower|p2a: Gholdengo|[miss]
|-miss|p1a: Zebstrika|p2a: Gholdengo
|move|p2a: Gholdengo|Shadow Ball|p1a: Zebstrika
|-damage|p1a: Zebstrika|0 fnt
|faint|p1a: Zebstrika
|
|-heal|p2a: Gholdengo|98/100|[from] item: Leftovers
|upkeep
|
|t:|1757895723
|switch|p1a: Primarina|Primarina, F, shiny|58/100
|-damage|p1a: Primarina|46/100|[from] Stealth Rock
|turn|15
|
|t:|1757895729
|-terastallize|p1a: Primarina|Steel
|move|p2a: Gholdengo|Make It Rain|p1a: Primarina
|-resisted|p1a: Primarina
|-damage|p1a: Primarina|3/100
|-unboost|p2a: Gholdengo|spa|1
|move|p1a: Primarina|Hyper Voice|p2a: Gholdengo
|-damage|p2a: Gholdengo|48/100
|
|-heal|p2a: Gholdengo|54/100|[from] item: Leftovers
|upkeep
|turn|16
|
|t:|1757895743
|move|p2a: Gholdengo|Shadow Ball|p1a: Primarina
|-damage|p1a: Primarina|0 fnt
|faint|p1a: Primarina
|
|-heal|p2a: Gholdengo|60/100|[from] item: Leftovers
|upkeep
|
|t:|1757895752
|switch|p1a: Mienshao|Mienshao, F, shiny|100/100
|-damage|p1a: Mienshao|95/100|[from] Stealth Rock
|turn|17
|
|t:|1757895761
|move|p1a: Mienshao|Aerial Ace|p2a: Gholdengo
|-resisted|p2a: Gholdengo
|-damage|p2a: Gholdengo|51/100
|move|p2a: Gholdengo|Recover|p2a: Gholdengo
|-heal|p2a: Gholdengo|100/100
|
|upkeep
|turn|18
|-message|deslumbre forfeited.
|
|win|maarcelo33
|raw|deslumbre's rating: 1093 &rarr; <strong>1070</strong><br />(-23 for losing)
|raw|maarcelo33's rating: 1113 &rarr; <strong>1137</strong><br />(+24 for winning)
|l|☆deslumbre
|player|p1|
|l|☆maarcelo33
|player|p2|
