|j|☆bobeetsoep
|j|☆Dracorex_Craneus
|t:|1757909140
|gametype|singles
|player|p1|bobeetsoep|169|1317
|player|p2|Dracorex_Craneus|clay|1288
|gen|9
|tier|[Gen 9] OU
|rated|
|rule|HP Percentage Mod: HP is shown in percentages
|rule|Endless Battle Clause: Forcing endless battles is banned
|rule|Species Clause: Limit one of each Pokémon
|rule|OHKO Clause: OHKO moves are banned
|rule|Evasion Items Clause: Evasion items are banned
|rule|Evasion Moves Clause: Evasion moves are banned
|rule|Evasion Abilities Clause: Evasion abilities are banned
|rule|Sleep Moves Clause: Sleep-inducing moves are banned
|clearpoke
|poke|p1|Lucario, F|
|poke|p1|Iron Valiant|
|poke|p1|Great Tusk|
|poke|p1|Zamazenta-*|
|poke|p1|Blaziken, F|
|poke|p1|Terrakion|
|poke|p2|Araquanid, M|
|poke|p2|Scizor, M|
|poke|p2|Yanmega, M|
|poke|p2|Slither Wing|
|poke|p2|Galvantula, M|
|poke|p2|Lokix, M|
|teampreview
|inactive|Battle timer is ON: inactive players will automatically lose when time's up. (requested by Dracorex_Craneus)
|
|t:|1757909168
|teamsize|p1|6
|teamsize|p2|6
|start
|switch|p1a: Terrakion|Terrakion|100/100
|switch|p2a: Galvantula|Galvantula, M|100/100
|turn|1
|c|☆bobeetsoep|Lol have fun
|
|t:|1757909187
|move|p1a: Terrakion|Stone Edge|p2a: Galvantula
|-supereffective|p2a: Galvantula
|-enditem|p2a: Galvantula|Focus Sash
|-damage|p2a: Galvantula|1/100
|move|p2a: Galvantula|Thunder Wave|p1a: Terrakion
|-status|p1a: Terrakion|par
|
|upkeep
|turn|2
|c|☆bobeetsoep|2 mono teams
|
|t:|1757909207
|switch|p1a: Great Tusk|Great Tusk|100/100
|move|p2a: Galvantula|Sticky Web|p1a: Great Tusk
|-sidestart|p1: bobeetsoep|move: Sticky Web
|
|upkeep
|turn|3
|
|t:|1757909216
|move|p2a: Galvantula|Bug Buzz|p1a: Great Tusk
|-resisted|p1a: Great Tusk
|-damage|p1a: Great Tusk|70/100
|move|p1a: Great Tusk|Rapid Spin|p2a: Galvantula
|-damage|p2a: Galvantula|0 fnt
|-boost|p1a: Great Tusk|spe|1
|-sideend|p1: bobeetsoep|Sticky Web|[from] move: Rapid Spin|[of] p1a: Great Tusk
|faint|p2a: Galvantula
|
|upkeep
|
|t:|1757909218
|switch|p2a: Araquanid|Araquanid, M|100/100
|turn|4
|inactive|bobeetsoep has 120 seconds left.
|
|t:|1757909259
|move|p1a: Great Tusk|Stealth Rock|p2a: Araquanid
|-sidestart|p2: Dracorex_Craneus|move: Stealth Rock
|move|p2a: Araquanid|Liquidation|p1a: Great Tusk
|-supereffective|p1a: Great Tusk
|-damage|p1a: Great Tusk|5/100
|-unboost|p1a: Great Tusk|def|1
|
|upkeep
|turn|5
|
|t:|1757909270
|move|p1a: Great Tusk|Knock Off|p2a: Araquanid
|-damage|p2a: Araquanid|67/100
|-enditem|p2a: Araquanid|Custap Berry|[from] move: Knock Off|[of] p1a: Great Tusk
|move|p2a: Araquanid|Liquidation|p1a: Great Tusk
|-supereffective|p1a: Great Tusk
|-damage|p1a: Great Tusk|0 fnt
|faint|p1a: Great Tusk
|-end|p1a: Great Tusk|Protosynthesis|[silent]
|
|upkeep
|inactive|bobeetsoep has 120 seconds left.
|
|t:|1757909279
|switch|p1a: Terrakion|Terrakion|100/100 par
|turn|6
|
|t:|1757909289
|move|p1a: Terrakion|Stone Edge|p2a: Araquanid|[miss]
|-miss|p1a: Terrakion|p2a: Araquanid
|move|p2a: Araquanid|Sticky Web|p1a: Terrakion
|-sidestart|p1: bobeetsoep|move: Sticky Web
|
|upkeep
|turn|7
|
|t:|1757909291
|move|p1a: Terrakion|Stone Edge|p2a: Araquanid
|-supereffective|p2a: Araquanid
|-damage|p2a: Araquanid|0 fnt
|faint|p2a: Araquanid
|
|upkeep
|
|t:|1757909299
|switch|p2a: Scizor|Scizor, M|100/100
|-damage|p2a: Scizor|88/100|[from] Stealth Rock
|turn|8
|
|t:|1757909304
|switch|p1a: Lucario|Lucario, F|100/100
|-activate|p1a: Lucario|move: Sticky Web
|-unboost|p1a: Lucario|spe|1
|move|p2a: Scizor|Swords Dance|p2a: Scizor
|-boost|p2a: Scizor|atk|2
|
|upkeep
|turn|9
|
|t:|1757909321
|-terastallize|p1a: Lucario|Fighting
|move|p1a: Lucario|Close Combat|p2a: Scizor
|-damage|p2a: Scizor|0 fnt
|-unboost|p1a: Lucario|def|1
|-unboost|p1a: Lucario|spd|1
|faint|p2a: Scizor
|-damage|p1a: Lucario|91/100|[from] item: Life Orb
|
|upkeep
|
|t:|1757909331
|switch|p2a: Lokix|Lokix, M|100/100
|turn|10
|
|t:|1757909339
|switch|p1a: Terrakion|Terrakion|100/100 par
|-activate|p1a: Terrakion|move: Sticky Web
|-unboost|p1a: Terrakion|spe|1
|move|p2a: Lokix|Knock Off|p1a: Terrakion
|-resisted|p1a: Terrakion
|-damage|p1a: Terrakion|47/100 par
|-ability|p1a: Terrakion|Justified|boost
|-boost|p1a: Terrakion|atk|1
|-enditem|p1a: Terrakion|Choice Scarf|[from] move: Knock Off|[of] p2a: Lokix
|
|upkeep
|turn|11
|
|t:|1757909344
|move|p2a: Lokix|Knock Off|p1a: Terrakion
|-resisted|p1a: Terrakion
|-damage|p1a: Terrakion|16/100 par
|-ability|p1a: Terrakion|Justified|boost
|-boost|p1a: Terrakion|atk|1
|cant|p1a: Terrakion|par
|
|upkeep
|turn|12
|
|t:|1757909348
|move|p2a: Lokix|U-turn|p1a: Terrakion
|-resisted|p1a: Terrakion
|-damage|p1a: Terrakion|0 fnt
|faint|p1a: Terrakion
|
|t:|1757909352
|switch|p2a: Yanmega|Yanmega, M|100/100|[from] U-turn
|-damage|p2a: Yanmega|50/100|[from] Stealth Rock
|
|upkeep
|
|t:|1757909358
|switch|p1a: Lucario|Lucario, F, tera:Fighting|91/100
|-activate|p1a: Lucario|move: Sticky Web
|-unboost|p1a: Lucario|spe|1
|turn|13
|
|t:|1757909377
|move|p2a: Yanmega|Protect|p2a: Yanmega
|-singleturn|p2a: Yanmega|Protect
|move|p1a: Lucario|Extreme Speed|p2a: Yanmega
|-activate|p2a: Yanmega|move: Protect
|
|-ability|p2a: Yanmega|Speed Boost|boost
|-boost|p2a: Yanmega|spe|1
|upkeep
|turn|14
|
|t:|1757909392
|move|p1a: Lucario|Extreme Speed|p2a: Yanmega
|-damage|p2a: Yanmega|12/100
|-damage|p1a: Lucario|81/100|[from] item: Life Orb
|move|p2a: Yanmega|Air Slash|p1a: Lucario
|-supereffective|p1a: Lucario
|-damage|p1a: Lucario|0 fnt
|faint|p1a: Lucario
|
|-ability|p2a: Yanmega|Speed Boost|boost
|-boost|p2a: Yanmega|spe|1
|upkeep
|inactive|bobeetsoep has 120 seconds left.
|inactive|bobeetsoep has 90 seconds left.
|
|t:|1757909449
|switch|p1a: Zamazenta|Zamazenta|100/100
|-activate|p1a: Zamazenta|move: Sticky Web
|-unboost|p1a: Zamazenta|spe|1
|-ability|p1a: Zamazenta|Dauntless Shield|boost
|-boost|p1a: Zamazenta|def|1
|turn|15
|
|t:|1757909456
|move|p2a: Yanmega|Air Slash|p1a: Zamazenta
|-supereffective|p1a: Zamazenta
|-damage|p1a: Zamazenta|28/100
|move|p1a: Zamazenta|Heavy Slam|p2a: Yanmega
|-crit|p2a: Yanmega
|-damage|p2a: Yanmega|0 fnt
|faint|p2a: Yanmega
|
|upkeep
|
|t:|1757909464
|switch|p2a: Slither Wing|Slither Wing|100/100
|-damage|p2a: Slither Wing|88/100|[from] Stealth Rock
|-enditem|p2a: Slither Wing|Booster Energy
|-activate|p2a: Slither Wing|ability: Protosynthesis|[fromitem]
|-start|p2a: Slither Wing|protosynthesisatk
|turn|16
|inactive|bobeetsoep has 90 seconds left.
|inactive|bobeetsoep has 60 seconds left.
|l|☆bobeetsoep
|inactive|bobeetsoep disconnected and has a minute to reconnect!
|player|p1|
|inactive|bobeetsoep has 30 seconds left.
|inactive|bobeetsoep has 20 seconds left.
|inactive|bobeetsoep has 15 seconds left.
|inactive|bobeetsoep has 10 seconds left.
|inactive|bobeetsoep has 5 seconds left.
|-message|bobeetsoep lost due to inactivity.
|
|win|Dracorex_Craneus
|raw|bobeetsoep's rating: 1317 &rarr; <strong>1295</strong><br />(-22 for losing)
|raw|Dracorex_Craneus's rating: 1288 &rarr; <strong>1315</strong><br />(+27 for winning)
|l|☆Dracorex_Craneus
|player|p2|
