|j|☆Devrai
|j|☆napkin_56
|t:|1757909063
|gametype|singles
|player|p1|Devrai|zinnia|1418
|player|p2|napkin_56|policeman-gen4|1478
|gen|9
|tier|[Gen 9] OU
|rated|
|rule|HP Percentage Mod: HP is shown in percentages
|rule|Endless Battle Clause: Forcing endless battles is banned
|rule|Species Clause: Limit one of each Pokémon
|rule|OHKO Clause: OHKO moves are banned
|rule|Evasion Items Clause: Evasion items are banned
|rule|Evasion Moves Clause: Evasion moves are banned
|rule|Evasion Abilities Clause: Evasion abilities are banned
|rule|Sleep Moves Clause: Sleep-inducing moves are banned
|clearpoke
|poke|p1|Araquanid, M|
|poke|p1|Skeledirge, M|
|poke|p1|Enamorus, F|
|poke|p1|Iron Treads|
|poke|p1|Latios, M|
|poke|p1|Raichu, F|
|poke|p2|Thundurus-Therian, M|
|poke|p2|Gholdengo|
|poke|p2|Landorus-Therian, M|
|poke|p2|Samurott-Hisui, F|
|poke|p2|Zamazenta-*|
|poke|p2|Slowking-Galar, M|
|teampreview
|inactive|Battle timer is ON: inactive players will automatically lose when time's up. (requested by napkin_56)
|
|t:|1757909068
|teamsize|p1|6
|teamsize|p2|6
|start
|switch|p1a: Bubble Buddy|Araquanid, M, shiny|100/100
|switch|p2a: Thundurus|Thundurus-Therian, M|100/100
|turn|1
|
|t:|1757909071
|move|p2a: Thundurus|Knock Off|p1a: Bubble Buddy
|-damage|p1a: Bubble Buddy|85/100
|-enditem|p1a: Bubble Buddy|Leftovers|[from] move: Knock Off|[of] p2a: Thundurus
|move|p1a: Bubble Buddy|Sticky Web|p2a: Thundurus
|-sidestart|p2: napkin_56|move: Sticky Web
|
|upkeep
|turn|2
|
|t:|1757909078
|switch|p1a: Ampere|Raichu, F|100/100
|move|p2a: Thundurus|Thunderbolt|p1a: Ampere
|-ability|p1a: Ampere|Lightning Rod|boost
|-boost|p1a: Ampere|spa|1
|
|upkeep
|turn|3
|
|t:|1757909086
|switch|p2a: Slowking|Slowking-Galar, M|100/100
|move|p1a: Ampere|Encore||[still]
|-fail|p1a: Ampere
|
|upkeep
|turn|4
|
|t:|1757909090
|move|p1a: Ampere|Thunderbolt|p2a: Slowking
|-damage|p2a: Slowking|51/100
|-damage|p1a: Ampere|91/100|[from] item: Life Orb
|move|p2a: Slowking|Future Sight|p1a: Ampere
|-start|p2a: Slowking|move: Future Sight
|
|upkeep
|turn|5
|
|t:|1757909093
|move|p1a: Ampere|Surf|p2a: Slowking
|-damage|p2a: Slowking|21/100
|-damage|p1a: Ampere|81/100|[from] item: Life Orb
|-prepare|p2a: Slowking|Chilly Reception|[premajor]
|move|p2a: Slowking|Chilly Reception|p2a: Slowking
|-weather|Snowscape
|
|t:|1757909114
|switch|p2a: Landorus|Landorus-Therian, M|100/100|[from] Chilly Reception
|-ability|p2a: Landorus|Intimidate|boost
|-unboost|p1a: Ampere|atk|1
|
|-weather|Snowscape|[upkeep]
|upkeep
|turn|6
|
|t:|1757909117
|switch|p2a: Slowking|Slowking-Galar, M|54/100
|move|p1a: Ampere|Thunderbolt|p2a: Slowking
|-damage|p2a: Slowking|12/100
|-damage|p1a: Ampere|71/100|[from] item: Life Orb
|
|-weather|Snowscape|[upkeep]
|-end|p1a: Ampere|move: Future Sight
|-damage|p1a: Ampere|0 fnt
|faint|p1a: Ampere
|upkeep
|
|t:|1757909123
|switch|p1a: Mistress|Enamorus, F, shiny|100/100
|turn|7
|
|t:|1757909132
|switch|p2a: Gholdengo|Gholdengo|100/100
|-activate|p2a: Gholdengo|move: Sticky Web
|-unboost|p2a: Gholdengo|spe|1
|-terastallize|p1a: Mistress|Stellar
|move|p1a: Mistress|Tera Blast|p2a: Gholdengo|[anim] Tera Blast Stellar
|-damage|p2a: Gholdengo|57/100
|-boost|p1a: Mistress|atk|1
|-boost|p1a: Mistress|spa|1
|
|-weather|Snowscape|[upkeep]
|upkeep
|turn|8
|
|t:|1757909142
|move|p1a: Mistress|Tera Blast|p2a: Gholdengo|[anim] Tera Blast Stellar
|-damage|p2a: Gholdengo|0 fnt
|-boost|p1a: Mistress|atk|1
|-boost|p1a: Mistress|spa|1
|faint|p2a: Gholdengo
|
|-weather|Snowscape|[upkeep]
|upkeep
|
|t:|1757909160
|switch|p2a: Zamazenta|Zamazenta|100/100
|-ability|p2a: Zamazenta|Dauntless Shield|boost
|-boost|p2a: Zamazenta|def|1
|turn|9
|
|t:|1757909162
|-terastallize|p2a: Zamazenta|Steel
|move|p2a: Zamazenta|Heavy Slam|p1a: Mistress
|-supereffective|p1a: Mistress
|-damage|p1a: Mistress|0 fnt
|faint|p1a: Mistress
|
|-weather|none
|upkeep
|
|t:|1757909167
|switch|p1a: King Gator|Skeledirge, M, shiny|100/100
|turn|10
|
|t:|1757909175
|switch|p2a: Samurott|Samurott-Hisui, F|100/100
|move|p1a: King Gator|Will-O-Wisp|p2a: Samurott
|-status|p2a: Samurott|brn
|
|-damage|p2a: Samurott|94/100 brn|[from] brn
|upkeep
|turn|11
|
|t:|1757909178
|switch|p1a: Treadmill|Iron Treads, shiny|100/100
|move|p2a: Samurott|Ceaseless Edge|p1a: Treadmill
|-damage|p1a: Treadmill|84/100
|-sidestart|p1: Devrai|Spikes
|
|-damage|p2a: Samurott|88/100 brn|[from] brn
|upkeep
|turn|12
|
|t:|1757909185
|switch|p2a: Landorus|Landorus-Therian, M|100/100
|-ability|p2a: Landorus|Intimidate|boost
|-unboost|p1a: Treadmill|atk|1
|move|p1a: Treadmill|Stealth Rock|p2a: Landorus
|-sidestart|p2: napkin_56|move: Stealth Rock
|
|upkeep
|turn|13
|
|t:|1757909188
|move|p1a: Treadmill|Rapid Spin|p2a: Landorus
|-damage|p2a: Landorus|91/100
|-boost|p1a: Treadmill|spe|1
|-damage|p1a: Treadmill|68/100|[from] item: Rocky Helmet|[of] p2a: Landorus
|-sideend|p1: Devrai|Spikes|[from] move: Rapid Spin|[of] p1a: Treadmill
|move|p2a: Landorus|Stealth Rock|p1a: Treadmill
|-sidestart|p1: Devrai|move: Stealth Rock
|
|upkeep
|turn|14
|
|t:|1757909191
|move|p1a: Treadmill|Rapid Spin|p2a: Landorus
|-damage|p2a: Landorus|83/100
|-boost|p1a: Treadmill|spe|1
|-damage|p1a: Treadmill|51/100|[from] item: Rocky Helmet|[of] p2a: Landorus
|-sideend|p1: Devrai|Stealth Rock|[from] move: Rapid Spin|[of] p1a: Treadmill
|move|p2a: Landorus|Earthquake|p1a: Treadmill
|-supereffective|p1a: Treadmill
|-damage|p1a: Treadmill|0 fnt
|faint|p1a: Treadmill
|-end|p1a: Treadmill|Quark Drive|[silent]
|
|upkeep
|
|t:|1757909192
|switch|p1a: Jet Lag|Latios, M, shiny|100/100
|turn|15
|
|t:|1757909196
|move|p1a: Jet Lag|Trick|p2a: Landorus
|-activate|p1a: Jet Lag|move: Trick|[of] p2a: Landorus
|-item|p2a: Landorus|Choice Specs|[from] move: Trick
|-item|p1a: Jet Lag|Rocky Helmet|[from] move: Trick
|move|p2a: Landorus|Taunt|p1a: Jet Lag
|-start|p1a: Jet Lag|move: Taunt
|
|upkeep
|turn|16
|
|t:|1757909211
|switch|p2a: Samurott|Samurott-Hisui, F|88/100 brn
|move|p1a: Jet Lag|Luster Purge|p2a: Samurott
|-immune|p2a: Samurott
|
|-damage|p2a: Samurott|82/100 brn|[from] brn
|upkeep
|turn|17
|
|t:|1757909214
|switch|p1a: Bubble Buddy|Araquanid, M, shiny|85/100
|move|p2a: Samurott|Ceaseless Edge|p1a: Bubble Buddy
|-damage|p1a: Bubble Buddy|70/100
|-sidestart|p1: Devrai|Spikes
|
|-damage|p2a: Samurott|76/100 brn|[from] brn
|upkeep
|turn|18
|inactive|napkin_56 has 120 seconds left.
|
|t:|1757909260
|move|p2a: Samurott|Ceaseless Edge|p1a: Bubble Buddy
|-damage|p1a: Bubble Buddy|54/100
|-sidestart|p1: Devrai|Spikes
|move|p1a: Bubble Buddy|Leech Life|p2a: Samurott
|-supereffective|p2a: Samurott
|-damage|p2a: Samurott|33/100 brn
|-heal|p1a: Bubble Buddy|76/100|[from] drain|[of] p2a: Samurott
|
|-damage|p2a: Samurott|27/100 brn|[from] brn
|upkeep
|turn|19
|
|t:|1757909264
|move|p2a: Samurott|Ceaseless Edge|p1a: Bubble Buddy
|-damage|p1a: Bubble Buddy|62/100
|-sidestart|p1: Devrai|Spikes
|move|p1a: Bubble Buddy|Leech Life|p2a: Samurott
|-supereffective|p2a: Samurott
|-damage|p2a: Samurott|0 fnt
|-heal|p1a: Bubble Buddy|76/100|[from] drain|[of] p2a: Samurott
|faint|p2a: Samurott
|
|upkeep
|
|t:|1757909276
|switch|p2a: Thundurus|Thundurus-Therian, M|100/100
|turn|20
|
|t:|1757909279
|move|p2a: Thundurus|Thunderbolt|p1a: Bubble Buddy
|-supereffective|p1a: Bubble Buddy
|-damage|p1a: Bubble Buddy|0 fnt
|faint|p1a: Bubble Buddy
|
|upkeep
|
|t:|1757909282
|switch|p1a: Jet Lag|Latios, M, shiny|100/100
|turn|21
|
|t:|1757909284
|move|p1a: Jet Lag|Calm Mind|p1a: Jet Lag
|-boost|p1a: Jet Lag|spa|1
|-boost|p1a: Jet Lag|spd|1
|move|p2a: Thundurus|Knock Off|p1a: Jet Lag
|-supereffective|p1a: Jet Lag
|-damage|p1a: Jet Lag|44/100
|-damage|p2a: Thundurus|84/100|[from] item: Rocky Helmet|[of] p1a: Jet Lag
|-enditem|p1a: Jet Lag|Rocky Helmet|[from] move: Knock Off|[of] p2a: Thundurus
|
|upkeep
|turn|22
|
|t:|1757909288
|move|p1a: Jet Lag|Luster Purge|p2a: Thundurus
|-crit|p2a: Thundurus
|-damage|p2a: Thundurus|0 fnt
|faint|p2a: Thundurus
|
|upkeep
|
|t:|1757909293
|switch|p2a: Zamazenta|Zamazenta, tera:Steel|100/100
|turn|23
|
|t:|1757909299
|move|p2a: Zamazenta|Crunch|p1a: Jet Lag
|-supereffective|p1a: Jet Lag
|-damage|p1a: Jet Lag|0 fnt
|faint|p1a: Jet Lag
|
|upkeep
|
|t:|1757909301
|switch|p1a: King Gator|Skeledirge, M, shiny|100/100
|-damage|p1a: King Gator|75/100|[from] Spikes
|turn|24
|
|t:|1757909307
|move|p2a: Zamazenta|Crunch|p1a: King Gator
|-supereffective|p1a: King Gator
|-damage|p1a: King Gator|42/100
|move|p1a: King Gator|Will-O-Wisp|p2a: Zamazenta
|-status|p2a: Zamazenta|brn
|
|-heal|p1a: King Gator|48/100|[from] item: Leftovers
|-damage|p2a: Zamazenta|94/100 brn|[from] brn
|upkeep
|turn|25
|
|t:|1757909311
|move|p2a: Zamazenta|Crunch|p1a: King Gator
|-supereffective|p1a: King Gator
|-damage|p1a: King Gator|30/100
|move|p1a: King Gator|Slack Off|p1a: King Gator
|-heal|p1a: King Gator|80/100
|
|-heal|p1a: King Gator|86/100|[from] item: Leftovers
|-damage|p2a: Zamazenta|88/100 brn|[from] brn
|upkeep
|turn|26
|
|t:|1757909314
|switch|p2a: Slowking|Slowking-Galar, M|45/100
|move|p1a: King Gator|Torch Song|p2a: Slowking
|-damage|p2a: Slowking|24/100
|-boost|p1a: King Gator|spa|1
|
|-heal|p1a: King Gator|92/100|[from] item: Leftovers
|upkeep
|turn|27
|
|t:|1757909316
|move|p1a: King Gator|Torch Song|p2a: Slowking
|-damage|p2a: Slowking|0 fnt
|-boost|p1a: King Gator|spa|1
|faint|p2a: Slowking
|
|-heal|p1a: King Gator|99/100|[from] item: Leftovers
|upkeep
|
|t:|1757909318
|switch|p2a: Landorus|Landorus-Therian, M|83/100
|-damage|p2a: Landorus|70/100|[from] Stealth Rock
|-ability|p2a: Landorus|Intimidate|boost
|-unboost|p1a: King Gator|atk|1
|turn|28
|
|t:|1757909320
|move|p2a: Landorus|Earthquake|p1a: King Gator
|-supereffective|p1a: King Gator
|-damage|p1a: King Gator|14/100
|move|p1a: King Gator|Torch Song|p2a: Landorus
|-damage|p2a: Landorus|20/100
|-boost|p1a: King Gator|spa|1
|
|-heal|p1a: King Gator|20/100|[from] item: Leftovers
|upkeep
|turn|29
|-message|Devrai forfeited.
|
|win|napkin_56
|raw|Devrai's rating: 1418 &rarr; <strong>1401</strong><br />(-17 for losing)
|raw|napkin_56's rating: 1478 &rarr; <strong>1495</strong><br />(+17 for winning)
|l|☆Devrai
|player|p1|
|l|☆napkin_56
|player|p2|
