|j|☆jeet999
|j|☆ncdr
|t:|1757840007
|gametype|singles
|player|p1|jeet999|cynthia-masters|1605
|player|p2|ncdr|flannery|1525
|gen|9
|tier|[Gen 9] OU
|rated|
|rule|HP Percentage Mod: HP is shown in percentages
|rule|Endless Battle Clause: Forcing endless battles is banned
|rule|Species Clause: Limit one of each Pokémon
|rule|OHKO Clause: OHKO moves are banned
|rule|Evasion Items Clause: Evasion items are banned
|rule|Evasion Moves Clause: Evasion moves are banned
|rule|Evasion Abilities Clause: Evasion abilities are banned
|rule|Sleep Moves Clause: Sleep-inducing moves are banned
|clearpoke
|poke|p1|Indeedee, M|
|poke|p1|Hatterene, F|
|poke|p1|Ursaluna, F|
|poke|p1|Iron Hands|
|poke|p1|Hoopa-Unbound|
|poke|p1|Mimikyu, F|
|poke|p2|Hydreigon, F|
|poke|p2|Great Tusk|
|poke|p2|Tyranitar, M|
|poke|p2|Moltres|
|poke|p2|Ninetales-Alola, M|
|poke|p2|Kingambit, F|
|teampreview
|inactive|Battle timer is ON: inactive players will automatically lose when time's up. (requested by jeet999)
|
|t:|1757840025
|teamsize|p1|6
|teamsize|p2|6
|start
|switch|p1a: LEBRON|Iron Hands, shiny|100/100
|switch|p2a: Ninetales|Ninetales-Alola, M, shiny|100/100
|-weather|Snowscape|[from] ability: Snow Warning|[of] p2a: Ninetales
|-enditem|p1a: LEBRON|Booster Energy
|-activate|p1a: LEBRON|ability: Quark Drive|[fromitem]
|-start|p1a: LEBRON|quarkdriveatk
|turn|1
|
|t:|1757840051
|move|p2a: Ninetales|Aurora Veil|p2a: Ninetales
|-sidestart|p2: ncdr|move: Aurora Veil
|move|p1a: LEBRON|Heavy Slam|p2a: Ninetales
|-supereffective|p2a: Ninetales
|-damage|p2a: Ninetales|0 fnt
|faint|p2a: Ninetales
|
|-weather|Snowscape|[upkeep]
|upkeep
|
|t:|1757840054
|switch|p2a: Hydreigon|Hydreigon, F|100/100
|turn|2
|
|t:|1757840071
|-terastallize|p2a: Hydreigon|Poison
|move|p2a: Hydreigon|Nasty Plot|p2a: Hydreigon
|-boost|p2a: Hydreigon|spa|2
|move|p1a: LEBRON|Close Combat|p2a: Hydreigon
|-resisted|p2a: Hydreigon
|-damage|p2a: Hydreigon|77/100
|-unboost|p1a: LEBRON|def|1
|-unboost|p1a: LEBRON|spd|1
|
|-weather|Snowscape|[upkeep]
|-heal|p2a: Hydreigon|83/100|[from] item: Leftovers
|upkeep
|turn|3
|
|t:|1757840082
|-end|p1a: LEBRON|Quark Drive|[silent]
|switch|p1a: Mimi|Mimikyu, F, shiny|100/100
|move|p2a: Hydreigon|Flamethrower|p1a: Mimi
|-activate|p1a: Mimi|ability: Disguise
|-damage|p1a: Mimi|100/100
|detailschange|p1a: Mimi|Mimikyu-Busted, F, shiny
|-damage|p1a: Mimi|88/100|[from] pokemon: Mimikyu-Busted
|-enditem|p1a: Mimi|Red Card|[of] p2a: Hydreigon
|drag|p2a: Moltres|Moltres|100/100
|
|-weather|Snowscape|[upkeep]
|upkeep
|turn|4
|
|t:|1757840093
|move|p2a: Moltres|Air Slash|p1a: Mimi
|-damage|p1a: Mimi|52/100
|move|p1a: Mimi|Trick Room|p1a: Mimi
|-fieldstart|move: Trick Room|[of] p1a: Mimi
|
|-weather|Snowscape|[upkeep]
|upkeep
|turn|5
|
|t:|1757840100
|move|p2a: Moltres|Air Slash|p1a: Mimi
|-damage|p1a: Mimi|20/100
|move|p1a: Mimi|Curse|p2a: Moltres
|-start|p2a: Moltres|Curse|[of] p1a: Mimi
|-damage|p1a: Mimi|0 fnt
|faint|p1a: Mimi
|
|-weather|none
|-damage|p2a: Moltres|76/100|[from] Curse
|upkeep
|inactive|jeet999 has 120 seconds left.
|
|t:|1757840126
|switch|p1a: Crashout YN|Ursaluna, F, shiny|100/100
|turn|6
|
|t:|1757840152
|move|p1a: Crashout YN|Facade|p2a: Moltres
|-damage|p2a: Moltres|61/100
|move|p2a: Moltres|Overheat|p1a: Crashout YN
|-damage|p1a: Crashout YN|56/100
|-unboost|p2a: Moltres|spa|2
|
|-damage|p2a: Moltres|37/100|[from] Curse
|-status|p1a: Crashout YN|brn|[from] item: Flame Orb
|upkeep
|turn|7
|
|t:|1757840163
|move|p1a: Crashout YN|Facade|p2a: Moltres
|-damage|p2a: Moltres|0 fnt
|faint|p2a: Moltres
|
|-damage|p1a: Crashout YN|50/100 brn|[from] brn
|upkeep
|
|t:|1757840170
|switch|p2a: Tyranitar|Tyranitar, M|100/100
|-weather|Sandstorm|[from] ability: Sand Stream|[of] p2a: Tyranitar
|turn|8
|
|t:|1757840176
|move|p1a: Crashout YN|Facade|p2a: Tyranitar
|-resisted|p2a: Tyranitar
|-damage|p2a: Tyranitar|79/100
|move|p2a: Tyranitar|Ice Beam|p1a: Crashout YN
|-supereffective|p1a: Crashout YN
|-damage|p1a: Crashout YN|16/100 brn
|
|-weather|Sandstorm|[upkeep]
|-heal|p2a: Tyranitar|85/100|[from] item: Leftovers
|-damage|p1a: Crashout YN|10/100 brn|[from] brn
|-sideend|p2: ncdr|move: Aurora Veil
|-fieldend|move: Trick Room
|upkeep
|turn|9
|
|t:|1757840187
|move|p2a: Tyranitar|Knock Off|p1a: Crashout YN
|-damage|p1a: Crashout YN|0 fnt
|-enditem|p1a: Crashout YN|Flame Orb|[from] move: Knock Off|[of] p2a: Tyranitar
|faint|p1a: Crashout YN
|
|-weather|Sandstorm|[upkeep]
|-heal|p2a: Tyranitar|91/100|[from] item: Leftovers
|upkeep
|
|t:|1757840194
|switch|p1a: LEBRON|Iron Hands, shiny|100/100
|turn|10
|
|t:|1757840205
|move|p2a: Tyranitar|Stealth Rock|p1a: LEBRON
|-sidestart|p1: jeet999|move: Stealth Rock
|move|p1a: LEBRON|Close Combat|p2a: Tyranitar
|-supereffective|p2a: Tyranitar
|-crit|p2a: Tyranitar
|-damage|p2a: Tyranitar|0 fnt
|-unboost|p1a: LEBRON|def|1
|-unboost|p1a: LEBRON|spd|1
|faint|p2a: Tyranitar
|
|-weather|Sandstorm|[upkeep]
|-damage|p1a: LEBRON|94/100|[from] Sandstorm
|upkeep
|
|t:|1757840208
|switch|p2a: Great Tusk|Great Tusk|100/100
|turn|11
|
|t:|1757840228
|-end|p1a: LEBRON|Quark Drive|[silent]
|switch|p1a: Subaru|Indeedee, M, shiny|100/100
|-damage|p1a: Subaru|88/100|[from] Stealth Rock
|-fieldstart|move: Psychic Terrain|[from] ability: Psychic Surge|[of] p1a: Subaru
|move|p2a: Great Tusk|Headlong Rush|p1a: Subaru
|-damage|p1a: Subaru|15/100
|-unboost|p2a: Great Tusk|def|1
|-unboost|p2a: Great Tusk|spd|1
|
|-weather|Sandstorm|[upkeep]
|-damage|p1a: Subaru|9/100|[from] Sandstorm
|upkeep
|turn|12
|
|t:|1757840248
|move|p2a: Great Tusk|Headlong Rush|p1a: Subaru
|-damage|p1a: Subaru|0 fnt
|-unboost|p2a: Great Tusk|def|1
|-unboost|p2a: Great Tusk|spd|1
|faint|p1a: Subaru
|
|-weather|none
|upkeep
|
|t:|1757840255
|switch|p1a: King Von|Hoopa-Unbound|100/100
|-damage|p1a: King Von|88/100|[from] Stealth Rock
|-enditem|p1a: King Von|Psychic Seed
|-boost|p1a: King Von|spd|1|[from] item: Psychic Seed
|turn|13
|
|t:|1757840260
|move|p2a: Great Tusk|Headlong Rush|p1a: King Von
|-damage|p1a: King Von|11/100
|-unboost|p2a: Great Tusk|def|1
|-unboost|p2a: Great Tusk|spd|1
|move|p1a: King Von|Trick Room|p1a: King Von
|-fieldstart|move: Trick Room|[of] p1a: King Von
|
|upkeep
|turn|14
|
|t:|1757840270
|-end|p2a: Great Tusk|Protosynthesis|[silent]
|switch|p2a: Kingambit|Kingambit, F|100/100
|move|p1a: King Von|Focus Blast|p2a: Kingambit|[miss]
|-miss|p1a: King Von|p2a: Kingambit
|
|upkeep
|turn|15
|
|t:|1757840278
|switch|p2a: Great Tusk|Great Tusk|100/100
|move|p1a: King Von|Focus Blast|p2a: Great Tusk
|-damage|p2a: Great Tusk|24/100
|-item|p1a: King Von|Choice Scarf|[from] ability: Magician|[of] p2a: Great Tusk
|
|upkeep
|turn|16
|
|t:|1757840287
|-end|p2a: Great Tusk|Protosynthesis|[silent]
|switch|p2a: Kingambit|Kingambit, F|100/100
|move|p1a: King Von|Focus Blast|p2a: Kingambit
|-supereffective|p2a: Kingambit
|-damage|p2a: Kingambit|0 fnt
|faint|p2a: Kingambit
|
|upkeep
|
|t:|1757840294
|switch|p2a: Hydreigon|Hydreigon, F, tera:Poison|83/100
|turn|17
|
|t:|1757840298
|switch|p1a: Satella|Hatterene, F, shiny|100/100
|-damage|p1a: Satella|88/100|[from] Stealth Rock
|switch|p2a: Great Tusk|Great Tusk|24/100
|
|-fieldend|move: Trick Room
|upkeep
|turn|18
|
|t:|1757840306
|move|p2a: Great Tusk|Headlong Rush|p1a: Satella
|-damage|p1a: Satella|21/100
|-unboost|p2a: Great Tusk|def|1
|-unboost|p2a: Great Tusk|spd|1
|move|p1a: Satella|Trick Room|p1a: Satella
|-fieldstart|move: Trick Room|[of] p1a: Satella
|
|-fieldend|move: Psychic Terrain
|upkeep
|turn|19
|
|t:|1757840314
|move|p1a: Satella|Expanding Force|p2a: Great Tusk
|-supereffective|p2a: Great Tusk
|-damage|p2a: Great Tusk|0 fnt
|faint|p2a: Great Tusk
|-end|p2a: Great Tusk|Protosynthesis|[silent]
|-damage|p1a: Satella|11/100|[from] item: Life Orb
|
|upkeep
|
|t:|1757840318
|switch|p2a: Hydreigon|Hydreigon, F, tera:Poison|83/100
|turn|20
|
|t:|1757840322
|move|p1a: Satella|Expanding Force|p2a: Hydreigon
|-supereffective|p2a: Hydreigon
|-damage|p2a: Hydreigon|0 fnt
|faint|p2a: Hydreigon
|-damage|p1a: Satella|1/100|[from] item: Life Orb
|
|win|jeet999
|raw|jeet999's rating: 1605 &rarr; <strong>1620</strong><br />(+15 for winning)
|raw|ncdr's rating: 1525 &rarr; <strong>1510</strong><br />(-15 for losing)
|l|☆ncdr
|player|p2|
|l|☆jeet999
|player|p1|
