|j|☆Master Ball Rus
|j|☆Southside Mike
|t:|1757914460
|gametype|singles
|player|p1|Master Ball Rus|swimmer-gen4|1502
|player|p2|Southside Mike|rocketgrunt|1486
|gen|9
|tier|[Gen 9] OU
|rated|
|rule|HP Percentage Mod: HP is shown in percentages
|rule|Endless Battle Clause: Forcing endless battles is banned
|rule|Species Clause: Limit one of each Pokémon
|rule|OHKO Clause: OHKO moves are banned
|rule|Evasion Items Clause: Evasion items are banned
|rule|Evasion Moves Clause: Evasion moves are banned
|rule|Evasion Abilities Clause: Evasion abilities are banned
|rule|Sleep Moves Clause: Sleep-inducing moves are banned
|clearpoke
|poke|p1|Gholdengo|
|poke|p1|Zamazenta-*|
|poke|p1|Ting-Lu|
|poke|p1|Clefable, F|
|poke|p1|Dragonite, M|
|poke|p1|Deoxys-Speed|
|poke|p2|Deoxys-Speed|
|poke|p2|Hoopa-Unbound|
|poke|p2|Manaphy|
|poke|p2|Iron Valiant|
|poke|p2|Ursaluna, M|
|poke|p2|Cinderace, F|
|teampreview
|inactive|Battle timer is ON: inactive players will automatically lose when time's up. (requested by Southside Mike)
|
|t:|1757914474
|teamsize|p1|6
|teamsize|p2|6
|start
|switch|p1a: Gholdengo|Gholdengo|100/100
|switch|p2a: Deoxys|Deoxys-Speed|100/100
|-ability|p2a: Deoxys|Pressure
|-item|p1a: Gholdengo|Air Balloon
|turn|1
|
|t:|1757914481
|move|p2a: Deoxys|Light Screen|p2a: Deoxys
|-sidestart|p2: Southside Mike|move: Light Screen
|move|p1a: Gholdengo|Nasty Plot|p1a: Gholdengo
|-boost|p1a: Gholdengo|spa|2
|
|upkeep
|turn|2
|
|t:|1757914486
|move|p2a: Deoxys|Reflect|p2a: Deoxys
|-sidestart|p2: Southside Mike|Reflect
|move|p1a: Gholdengo|Nasty Plot|p1a: Gholdengo
|-boost|p1a: Gholdengo|spa|2
|
|upkeep
|turn|3
|
|t:|1757914492
|switch|p2a: Ursaluna|Ursaluna, M|100/100
|move|p1a: Gholdengo|Nasty Plot|p1a: Gholdengo
|-boost|p1a: Gholdengo|spa|2
|
|-status|p2a: Ursaluna|brn|[from] item: Flame Orb
|upkeep
|turn|4
|
|t:|1757914499
|move|p1a: Gholdengo|Make It Rain|p2a: Ursaluna
|-damage|p2a: Ursaluna|5/100 brn
|-unboost|p1a: Gholdengo|spa|1
|move|p2a: Ursaluna|Thunder Punch|p1a: Gholdengo
|-damage|p1a: Gholdengo|67/100
|-enditem|p1a: Gholdengo|Air Balloon
|
|-damage|p2a: Ursaluna|0 fnt|[from] brn
|faint|p2a: Ursaluna
|upkeep
|
|t:|1757914509
|switch|p2a: Cinderace|Cinderace, F|100/100
|turn|5
|
|t:|1757914515
|-terastallize|p1a: Gholdengo|Fairy
|move|p2a: Cinderace|Pyro Ball|p1a: Gholdengo
|-damage|p1a: Gholdengo|28/100
|move|p1a: Gholdengo|Shadow Ball|p2a: Cinderace
|-damage|p2a: Cinderace|9/100
|
|upkeep
|turn|6
|
|t:|1757914523
|move|p2a: Cinderace|Pyro Ball|p1a: Gholdengo
|-damage|p1a: Gholdengo|0 fnt
|faint|p1a: Gholdengo
|
|upkeep
|
|t:|1757914525
|switch|p1a: Deoxys|Deoxys-Speed|100/100
|-ability|p1a: Deoxys|Pressure
|turn|7
|
|t:|1757914530
|move|p2a: Cinderace|Sucker Punch|p1a: Deoxys
|-start|p2a: Cinderace|typechange|Dark|[from] ability: Libero
|-supereffective|p1a: Deoxys
|-damage|p1a: Deoxys|4/100
|move|p1a: Deoxys|Thunderbolt|p2a: Cinderace
|-damage|p2a: Cinderace|0 fnt
|faint|p2a: Cinderace
|
|upkeep
|
|t:|1757914540
|switch|p2a: Hoopa|Hoopa-Unbound|100/100
|turn|8
|
|t:|1757914544
|switch|p1a: Ting-Lu|Ting-Lu|100/100
|-ability|p1a: Ting-Lu|Vessel of Ruin
|move|p2a: Hoopa|Knock Off|p1a: Ting-Lu
|-resisted|p1a: Ting-Lu
|-damage|p1a: Ting-Lu|87/100
|-enditem|p1a: Ting-Lu|Leftovers|[from] move: Knock Off|[of] p2a: Hoopa
|
|-sideend|p2: Southside Mike|move: Light Screen
|upkeep
|turn|9
|
|t:|1757914553
|move|p2a: Hoopa|Drain Punch|p1a: Ting-Lu
|-supereffective|p1a: Ting-Lu
|-damage|p1a: Ting-Lu|59/100
|move|p1a: Ting-Lu|Spikes|p2a: Hoopa
|-sidestart|p2: Southside Mike|Spikes
|
|-sideend|p2: Southside Mike|Reflect
|upkeep
|turn|10
|
|t:|1757914563
|switch|p2a: Deoxys|Deoxys-Speed|100/100
|-damage|p2a: Deoxys|88/100|[from] Spikes
|-ability|p2a: Deoxys|Pressure
|move|p1a: Ting-Lu|Spikes|p2a: Deoxys
|-sidestart|p2: Southside Mike|Spikes
|
|upkeep
|turn|11
|
|t:|1757914570
|move|p2a: Deoxys|Reflect|p2a: Deoxys
|-sidestart|p2: Southside Mike|Reflect
|move|p1a: Ting-Lu|Spikes|p2a: Deoxys
|-sidestart|p2: Southside Mike|Spikes
|
|upkeep
|turn|12
|
|t:|1757914574
|move|p2a: Deoxys|Taunt|p1a: Ting-Lu
|-start|p1a: Ting-Lu|move: Taunt
|move|p1a: Ting-Lu|Earthquake|p2a: Deoxys
|-damage|p2a: Deoxys|67/100
|
|upkeep
|turn|13
|
|t:|1757914580
|move|p2a: Deoxys|Light Screen|p2a: Deoxys
|-sidestart|p2: Southside Mike|move: Light Screen
|move|p1a: Ting-Lu|Ruination|p2a: Deoxys
|-damage|p2a: Deoxys|34/100
|
|upkeep
|turn|14
|
|t:|1757914586
|move|p2a: Deoxys|Psycho Boost|p1a: Ting-Lu
|-immune|p1a: Ting-Lu
|move|p1a: Ting-Lu|Ruination|p2a: Deoxys
|-damage|p2a: Deoxys|17/100
|
|-end|p1a: Ting-Lu|move: Taunt
|upkeep
|turn|15
|
|t:|1757914594
|move|p2a: Deoxys|Taunt|p1a: Ting-Lu
|-start|p1a: Ting-Lu|move: Taunt
|cant|p1a: Ting-Lu|move: Taunt|Whirlwind
|
|upkeep
|turn|16
|
|t:|1757914602
|switch|p2a: Iron Valiant|Iron Valiant|100/100
|-damage|p2a: Iron Valiant|76/100|[from] Spikes
|-enditem|p2a: Iron Valiant|Booster Energy
|-activate|p2a: Iron Valiant|ability: Quark Drive|[fromitem]
|-start|p2a: Iron Valiant|quarkdrivespe
|move|p1a: Ting-Lu|Ruination|p2a: Iron Valiant
|-damage|p2a: Iron Valiant|38/100
|
|upkeep
|turn|17
|
|t:|1757914611
|move|p2a: Iron Valiant|Moonblast|p1a: Ting-Lu
|-supereffective|p1a: Ting-Lu
|-damage|p1a: Ting-Lu|20/100
|move|p1a: Ting-Lu|Earthquake|p2a: Iron Valiant
|-damage|p2a: Iron Valiant|15/100
|
|-end|p1a: Ting-Lu|move: Taunt
|upkeep
|turn|18
|
|t:|1757914618
|move|p2a: Iron Valiant|Moonblast|p1a: Ting-Lu
|-supereffective|p1a: Ting-Lu
|-damage|p1a: Ting-Lu|0 fnt
|faint|p1a: Ting-Lu
|
|-sideend|p2: Southside Mike|Reflect
|upkeep
|
|t:|1757914625
|switch|p1a: Dragonite|Dragonite, M|100/100
|turn|19
|
|t:|1757914641
|move|p1a: Dragonite|Extreme Speed|p2a: Iron Valiant
|-damage|p2a: Iron Valiant|0 fnt
|faint|p2a: Iron Valiant
|-end|p2a: Iron Valiant|Quark Drive|[silent]
|
|upkeep
|
|t:|1757914648
|switch|p2a: Manaphy|Manaphy|100/100
|-damage|p2a: Manaphy|75/100|[from] Spikes
|turn|20
|
|t:|1757914652
|move|p2a: Manaphy|Acid Armor|p2a: Manaphy
|-boost|p2a: Manaphy|def|2
|move|p1a: Dragonite|Dragon Tail|p2a: Manaphy
|-damage|p2a: Manaphy|61/100
|drag|p2a: Hoopa|Hoopa-Unbound|100/100
|-damage|p2a: Hoopa|75/100|[from] Spikes
|
|-sideend|p2: Southside Mike|move: Light Screen
|upkeep
|turn|21
|
|t:|1757914660
|move|p1a: Dragonite|Earthquake|p2a: Hoopa
|-damage|p2a: Hoopa|15/100
|move|p2a: Hoopa|Knock Off|p1a: Dragonite
|-damage|p1a: Dragonite|79/100
|-enditem|p1a: Dragonite|Heavy-Duty Boots|[from] move: Knock Off|[of] p2a: Hoopa
|
|upkeep
|turn|22
|
|t:|1757914668
|move|p1a: Dragonite|Roost|p1a: Dragonite
|-heal|p1a: Dragonite|100/100
|-singleturn|p1a: Dragonite|move: Roost
|move|p2a: Hoopa|Psychic Noise|p1a: Dragonite
|-damage|p1a: Dragonite|78/100
|-start|p1a: Dragonite|move: Heal Block
|
|upkeep
|turn|23
|
|t:|1757914677
|move|p1a: Dragonite|Extreme Speed|p2a: Hoopa
|-damage|p2a: Hoopa|0 fnt
|faint|p2a: Hoopa
|
|-end|p1a: Dragonite|move: Heal Block
|upkeep
|
|t:|1757914686
|switch|p2a: Manaphy|Manaphy|61/100
|-damage|p2a: Manaphy|36/100|[from] Spikes
|turn|24
|-message|Southside Mike forfeited.
|
|win|Master Ball Rus
|raw|Master Ball Rus's rating: 1502 &rarr; <strong>1521</strong><br />(+19 for winning)
|raw|Southside Mike's rating: 1486 &rarr; <strong>1467</strong><br />(-19 for losing)
|l|☆Southside Mike
|player|p2|
|l|☆Master Ball Rus
|player|p1|
