|j|☆Rhysharp
|j|☆Ancient Tito
|t:|1757915643
|gametype|singles
|player|p1|Rhysharp|101|1156
|player|p2|Ancient Tito|rood|1227
|gen|9
|tier|[Gen 9] OU
|rated|
|rule|HP Percentage Mod: HP is shown in percentages
|rule|Endless Battle Clause: Forcing endless battles is banned
|rule|Species Clause: Limit one of each Pokémon
|rule|OHKO Clause: OHKO moves are banned
|rule|Evasion Items Clause: Evasion items are banned
|rule|Evasion Moves Clause: Evasion moves are banned
|rule|Evasion Abilities Clause: Evasion abilities are banned
|rule|Sleep Moves Clause: Sleep-inducing moves are banned
|clearpoke
|poke|p1|Kingambit, M|
|poke|p1|Espeon, F|
|poke|p1|Masquerain, F|
|poke|p1|Mienshao, F|
|poke|p1|Mimikyu, F|
|poke|p1|Tentacruel, M|
|poke|p2|Meowscarada, M|
|poke|p2|Cinderace, M|
|poke|p2|Dondozo, M|
|poke|p2|Raging Bolt|
|poke|p2|Iron Treads|
|poke|p2|Ogerpon-Wellspring, F|
|teampreview
|
|t:|1757915650
|teamsize|p1|6
|teamsize|p2|6
|start
|switch|p1a: Mienshao|Mienshao, F|100/100
|switch|p2a: Meowscarada|Meowscarada, M|100/100
|turn|1
|
|t:|1757915662
|switch|p2a: Iron Treads|Iron Treads|100/100
|move|p1a: Mienshao|Fake Out|p2a: Iron Treads
|-resisted|p2a: Iron Treads
|-damage|p2a: Iron Treads|93/100
|-damage|p1a: Mienshao|91/100|[from] item: Life Orb
|
|upkeep
|turn|2
|
|t:|1757915670
|switch|p1a: Espeon|Espeon, F|100/100
|-end|p2a: Iron Treads|Quark Drive|[silent]
|switch|p2a: Dondozo|Dondozo, M|100/100
|
|upkeep
|turn|3
|
|t:|1757915680
|switch|p1a: Masquerain|Masquerain, F|100/100
|-ability|p1a: Masquerain|Intimidate|boost
|-unboost|p2a: Dondozo|atk|1
|move|p2a: Dondozo|Liquidation|p1a: Masquerain
|-damage|p1a: Masquerain|72/100
|
|upkeep
|turn|4
|
|t:|1757915693
|switch|p2a: Cinderace|Cinderace, M|100/100
|move|p1a: Masquerain|Sticky Web|p2a: Cinderace
|-sidestart|p2: Ancient Tito|move: Sticky Web
|
|upkeep
|turn|5
|
|t:|1757915704
|move|p2a: Cinderace|Pyro Ball|p1a: Masquerain
|-supereffective|p1a: Masquerain
|-damage|p1a: Masquerain|0 fnt
|faint|p1a: Masquerain
|
|upkeep
|
|t:|1757915708
|switch|p1a: Mimikyu|Mimikyu, F|100/100
|turn|6
|
|t:|1757915711
|move|p2a: Cinderace|Court Change|p2a: Cinderace
|-start|p2a: Cinderace|typechange|Normal|[from] ability: Libero
|-swapsideconditions
|-activate|p2a: Cinderace|move: Court Change
|move|p1a: Mimikyu|Taunt|p2a: Cinderace
|-start|p2a: Cinderace|move: Taunt
|
|upkeep
|turn|7
|
|t:|1757915718
|move|p2a: Cinderace|U-turn|p1a: Mimikyu
|-activate|p1a: Mimikyu|ability: Disguise
|-damage|p1a: Mimikyu|100/100
|detailschange|p1a: Mimikyu|Mimikyu-Busted, F
|-damage|p1a: Mimikyu|88/100|[from] pokemon: Mimikyu-Busted
|-enditem|p1a: Mimikyu|Red Card|[of] p2a: Cinderace
|drag|p2a: Meowscarada|Meowscarada, M|100/100
|move|p1a: Mimikyu|Play Rough|p2a: Meowscarada
|-supereffective|p2a: Meowscarada
|-damage|p2a: Meowscarada|0 fnt
|faint|p2a: Meowscarada
|
|upkeep
|c|☆Ancient Tito|that was crazy lucky
|
|t:|1757915736
|switch|p2a: Iron Treads|Iron Treads|93/100
|turn|8
|
|t:|1757915748
|switch|p1a: Tentacruel|Tentacruel, M|100/100
|-activate|p1a: Tentacruel|move: Sticky Web
|-fail|p1a: Tentacruel|unboost|[from] ability: Clear Body|[of] p1a: Tentacruel
|move|p2a: Iron Treads|Knock Off|p1a: Tentacruel
|-damage|p1a: Tentacruel|63/100
|-enditem|p1a: Tentacruel|Black Sludge|[from] move: Knock Off|[of] p2a: Iron Treads
|
|upkeep
|turn|9
|
|t:|1757915757
|move|p1a: Tentacruel|Rapid Spin|p2a: Iron Treads
|-resisted|p2a: Iron Treads
|-damage|p2a: Iron Treads|90/100
|-boost|p1a: Tentacruel|spe|1
|-sideend|p1: Rhysharp|Sticky Web|[from] move: Rapid Spin|[of] p1a: Tentacruel
|move|p2a: Iron Treads|Earthquake|p1a: Tentacruel
|-supereffective|p1a: Tentacruel
|-damage|p1a: Tentacruel|0 fnt
|faint|p1a: Tentacruel
|
|upkeep
|
|t:|1757915768
|switch|p1a: Mienshao|Mienshao, F|100/100
|turn|10
|
|t:|1757915773
|-end|p2a: Iron Treads|Quark Drive|[silent]
|switch|p2a: Dondozo|Dondozo, M|100/100
|move|p1a: Mienshao|Close Combat|p2a: Dondozo
|-crit|p2a: Dondozo
|-damage|p2a: Dondozo|23/100
|-unboost|p1a: Mienshao|def|1
|-unboost|p1a: Mienshao|spd|1
|-damage|p1a: Mienshao|91/100|[from] item: Life Orb
|
|-heal|p2a: Dondozo|29/100|[from] item: Leftovers
|upkeep
|turn|11
|
|t:|1757915783
|move|p1a: Mienshao|Close Combat|p2a: Dondozo
|-crit|p2a: Dondozo
|-damage|p2a: Dondozo|0 fnt
|-unboost|p1a: Mienshao|def|1
|-unboost|p1a: Mienshao|spd|1
|faint|p2a: Dondozo
|-damage|p1a: Mienshao|81/100|[from] item: Life Orb
|
|upkeep
|c|☆Ancient Tito|double crit?
|c|☆Ancient Tito|hit the lottery bro
|c|☆Ancient Tito|even with the lens your hax is crazy
|c|☆Rhysharp|I will after this
|
|t:|1757915816
|switch|p2a: Raging Bolt|Raging Bolt|100/100
|turn|12
|
|t:|1757915829
|switch|p1a: Mimikyu|Mimikyu-Busted, F|88/100
|move|p2a: Raging Bolt|Calm Mind|p2a: Raging Bolt
|-boost|p2a: Raging Bolt|spa|1
|-boost|p2a: Raging Bolt|spd|1
|
|upkeep
|turn|13
|
|t:|1757915844
|-terastallize|p2a: Raging Bolt|Electric
|move|p1a: Mimikyu|Play Rough|p2a: Raging Bolt
|-damage|p2a: Raging Bolt|75/100
|move|p2a: Raging Bolt|Calm Mind|p2a: Raging Bolt
|-boost|p2a: Raging Bolt|spa|1
|-boost|p2a: Raging Bolt|spd|1
|
|-heal|p2a: Raging Bolt|81/100|[from] item: Leftovers
|upkeep
|turn|14
|
|t:|1757915856
|move|p2a: Raging Bolt|Thunderclap||[still]
|-fail|p2a: Raging Bolt
|move|p1a: Mimikyu|Taunt|p2a: Raging Bolt
|-start|p2a: Raging Bolt|move: Taunt
|
|-heal|p2a: Raging Bolt|88/100|[from] item: Leftovers
|upkeep
|turn|15
|
|t:|1757915863
|move|p1a: Mimikyu|Play Rough|p2a: Raging Bolt
|-damage|p2a: Raging Bolt|65/100
|move|p2a: Raging Bolt|Thunderbolt|p1a: Mimikyu
|-damage|p1a: Mimikyu|0 fnt
|faint|p1a: Mimikyu
|
|-heal|p2a: Raging Bolt|71/100|[from] item: Leftovers
|upkeep
|
|t:|1757915876
|switch|p1a: Kingambit|Kingambit, M|100/100
|-activate|p1a: Kingambit|ability: Supreme Overlord
|-start|p1a: Kingambit|fallen3|[silent]
|turn|16
|
|t:|1757915881
|move|p1a: Kingambit|Sucker Punch|p2a: Raging Bolt
|-damage|p2a: Raging Bolt|27/100
|move|p2a: Raging Bolt|Thunderbolt|p1a: Kingambit
|-damage|p1a: Kingambit|0 fnt
|faint|p1a: Kingambit
|-end|p1a: Kingambit|fallen3|[silent]
|
|-heal|p2a: Raging Bolt|33/100|[from] item: Leftovers
|upkeep
|
|t:|1757915888
|switch|p1a: Mienshao|Mienshao, F|100/100
|turn|17
|
|t:|1757915890
|move|p1a: Mienshao|Fake Out|p2a: Raging Bolt
|-damage|p2a: Raging Bolt|22/100
|-damage|p1a: Mienshao|91/100|[from] item: Life Orb
|cant|p2a: Raging Bolt|flinch
|
|-heal|p2a: Raging Bolt|28/100|[from] item: Leftovers
|-end|p2a: Raging Bolt|move: Taunt
|upkeep
|turn|18
|
|t:|1757915898
|move|p2a: Raging Bolt|Thunderclap|p1a: Mienshao
|-damage|p1a: Mienshao|0 fnt
|faint|p1a: Mienshao
|
|-heal|p2a: Raging Bolt|34/100|[from] item: Leftovers
|upkeep
|
|t:|1757915905
|switch|p1a: Espeon|Espeon, F|100/100
|turn|19
|
|t:|1757915910
|move|p1a: Espeon|Psychic|p2a: Raging Bolt
|-damage|p2a: Raging Bolt|15/100
|move|p2a: Raging Bolt|Thunderbolt|p1a: Espeon
|-damage|p1a: Espeon|0 fnt
|faint|p1a: Espeon
|
|win|Ancient Tito
|raw|Rhysharp's rating: 1156 &rarr; <strong>1136</strong><br />(-20 for losing)
|raw|Ancient Tito's rating: 1227 &rarr; <strong>1247</strong><br />(+20 for winning)
|c|☆Rhysharp|Gg
|c|☆Ancient Tito|gg
|l|☆Rhysharp
|player|p1|
|l|☆Ancient Tito
|player|p2|
