|j|☆Chustard
|j|☆fafewf
|t:|1757945009
|gametype|singles
|player|p1|Chustard|101|1607
|player|p2|fafewf|wallace|1697
|gen|9
|tier|[Gen 9] OU
|rated|
|rule|HP Percentage Mod: HP is shown in percentages
|rule|Endless Battle Clause: Forcing endless battles is banned
|rule|Species Clause: Limit one of each Pokémon
|rule|OHKO Clause: OHKO moves are banned
|rule|Evasion Items Clause: Evasion items are banned
|rule|Evasion Moves Clause: Evasion moves are banned
|rule|Evasion Abilities Clause: Evasion abilities are banned
|rule|Sleep Moves Clause: Sleep-inducing moves are banned
|clearpoke
|poke|p1|Sandy Shocks|
|poke|p1|Iron Treads|
|poke|p1|Ogerpon-Wellspring, F|
|poke|p1|Gholdengo|
|poke|p1|Kingambit, F|
|poke|p1|Moltres|
|poke|p2|Suicune|
|poke|p2|Corviknight, M|
|poke|p2|Cresselia, F|
|poke|p2|Darkrai|
|poke|p2|Landorus-Therian, M|
|poke|p2|Skeledirge, F|
|teampreview
|inactive|Battle timer is ON: inactive players will automatically lose when time's up. (requested by Chustard)
|
|t:|1757945023
|teamsize|p1|6
|teamsize|p2|6
|start
|switch|p1a: Sandy Shocks|Sandy Shocks|100/100
|switch|p2a: The Light|Cresselia, F|100/100
|-enditem|p1a: Sandy Shocks|Booster Energy
|-activate|p1a: Sandy Shocks|ability: Protosynthesis|[fromitem]
|-start|p1a: Sandy Shocks|protosynthesisspe
|turn|1
|
|t:|1757945034
|move|p1a: Sandy Shocks|Spikes|p2a: The Light
|-sidestart|p2: fafewf|Spikes
|move|p2a: The Light|Light Screen|p2a: The Light
|-sidestart|p2: fafewf|move: Light Screen
|
|upkeep
|turn|2
|j| wgw2333
|
|t:|1757945038
|switch|p2a: Landorus.|Landorus-Therian, M|100/100
|-ability|p2a: Landorus.|Intimidate|boost
|-unboost|p1a: Sandy Shocks|atk|1
|move|p1a: Sandy Shocks|Spikes|p2a: Landorus.
|-sidestart|p2: fafewf|Spikes
|
|upkeep
|turn|3
|
|t:|1757945051
|-end|p1a: Sandy Shocks|Protosynthesis|[silent]
|switch|p1a: Moltres|Moltres|100/100
|move|p2a: Landorus.|Stone Edge|p1a: Moltres
|-supereffective|p1a: Moltres
|-damage|p1a: Moltres|2/100
|
|upkeep
|turn|4
|
|t:|1757945065
|switch|p1a: Sandy Shocks|Sandy Shocks|100/100
|move|p2a: Landorus.|Stone Edge|p1a: Sandy Shocks
|-resisted|p1a: Sandy Shocks
|-damage|p1a: Sandy Shocks|80/100
|
|upkeep
|turn|5
|
|t:|1757945077
|switch|p2a: The Menace|Darkrai|100/100
|-damage|p2a: The Menace|84/100|[from] Spikes
|move|p1a: Sandy Shocks|Spikes|p2a: The Menace
|-sidestart|p2: fafewf|Spikes
|
|-heal|p2a: The Menace|90/100|[from] item: Leftovers
|-sideend|p2: fafewf|move: Light Screen
|upkeep
|turn|6
|
|t:|1757945086
|move|p2a: The Menace|Dark Pulse|p1a: Sandy Shocks
|-damage|p1a: Sandy Shocks|31/100
|move|p1a: Sandy Shocks|Earth Power|p2a: The Menace
|-damage|p2a: The Menace|29/100
|-unboost|p2a: The Menace|spd|1
|
|-heal|p2a: The Menace|35/100|[from] item: Leftovers
|upkeep
|turn|7
|
|t:|1757945096
|move|p2a: The Menace|Dark Pulse|p1a: Sandy Shocks
|-damage|p1a: Sandy Shocks|0 fnt
|faint|p1a: Sandy Shocks
|-end|p1a: Sandy Shocks|Protosynthesis|[silent]
|
|-heal|p2a: The Menace|41/100|[from] item: Leftovers
|upkeep
|
|t:|1757945109
|switch|p1a: Kingambit|Kingambit, F|100/100
|-activate|p1a: Kingambit|ability: Supreme Overlord
|-start|p1a: Kingambit|fallen1|[silent]
|turn|8
|
|t:|1757945113
|move|p1a: Kingambit|Sucker Punch||[still]
|-fail|p1a: Kingambit
|move|p2a: The Menace|Will-O-Wisp|p1a: Kingambit|[miss]
|-miss|p2a: The Menace|p1a: Kingambit
|
|-heal|p2a: The Menace|47/100|[from] item: Leftovers
|upkeep
|turn|9
|
|t:|1757945122
|move|p1a: Kingambit|Sucker Punch|p2a: The Menace
|-resisted|p2a: The Menace
|-damage|p2a: The Menace|15/100
|move|p2a: The Menace|Dark Pulse|p1a: Kingambit
|-resisted|p1a: Kingambit
|-damage|p1a: Kingambit|79/100
|
|-heal|p2a: The Menace|21/100|[from] item: Leftovers
|-heal|p1a: Kingambit|85/100|[from] item: Leftovers
|upkeep
|turn|10
|
|t:|1757945138
|-end|p1a: Kingambit|fallen1|[silent]
|switch|p1a: Moltres|Moltres|2/100
|move|p2a: The Menace|Will-O-Wisp|p1a: Moltres
|-immune|p1a: Moltres
|
|-heal|p2a: The Menace|28/100|[from] item: Leftovers
|upkeep
|turn|11
|
|t:|1757945146
|move|p2a: The Menace|Dark Pulse|p1a: Moltres
|-damage|p1a: Moltres|0 fnt
|faint|p1a: Moltres
|
|-heal|p2a: The Menace|34/100|[from] item: Leftovers
|upkeep
|
|t:|1757945149
|switch|p1a: Iron Treads|Iron Treads|100/100
|turn|12
|
|t:|1757945155
|switch|p2a: Landorus.|Landorus-Therian, M|100/100
|-ability|p2a: Landorus.|Intimidate|boost
|-unboost|p1a: Iron Treads|atk|1
|move|p1a: Iron Treads|Earthquake|p2a: Landorus.
|-immune|p2a: Landorus.
|
|upkeep
|turn|13
|
|t:|1757945163
|move|p2a: Landorus.|U-turn|p1a: Iron Treads
|-resisted|p1a: Iron Treads
|-damage|p1a: Iron Treads|90/100
|
|t:|1757945170
|switch|p2a: The Light|Cresselia, F|100/100|[from] U-turn
|move|p1a: Iron Treads|Stealth Rock|p2a: The Light
|-sidestart|p2: fafewf|move: Stealth Rock
|
|upkeep
|turn|14
|
|t:|1757945178
|move|p2a: The Light|Light Screen|p2a: The Light
|-sidestart|p2: fafewf|move: Light Screen
|move|p1a: Iron Treads|Knock Off|p2a: The Light
|-supereffective|p2a: The Light
|-damage|p2a: The Light|76/100
|-enditem|p2a: The Light|Choice Scarf|[from] move: Knock Off|[of] p1a: Iron Treads
|
|upkeep
|turn|15
|
|t:|1757945190
|switch|p2a: Landorus.|Landorus-Therian, M|100/100
|-damage|p2a: Landorus.|88/100|[from] Stealth Rock
|-ability|p2a: Landorus.|Intimidate|boost
|-unboost|p1a: Iron Treads|atk|1
|move|p1a: Iron Treads|Knock Off|p2a: Landorus.
|-damage|p2a: Landorus.|72/100
|-enditem|p2a: Landorus.|Choice Scarf|[from] move: Knock Off|[of] p1a: Iron Treads
|
|upkeep
|turn|16
|
|t:|1757945214
|-end|p1a: Iron Treads|Quark Drive|[silent]
|switch|p1a: Gholdengo|Gholdengo|100/100
|-item|p1a: Gholdengo|Air Balloon
|move|p2a: Landorus.|Earthquake|p1a: Gholdengo
|-immune|p1a: Gholdengo
|
|upkeep
|turn|17
|
|t:|1757945222
|switch|p1a: Iron Treads|Iron Treads|90/100
|move|p2a: Landorus.|U-turn|p1a: Iron Treads
|-resisted|p1a: Iron Treads
|-crit|p1a: Iron Treads
|-damage|p1a: Iron Treads|71/100
|
|t:|1757945242
|switch|p2a: The Replacement|Corviknight, M|100/100|[from] U-turn
|-damage|p2a: The Replacement|88/100|[from] Stealth Rock
|-ability|p2a: The Replacement|Pressure
|
|upkeep
|turn|18
|
|t:|1757945253
|-end|p1a: Iron Treads|Quark Drive|[silent]
|switch|p1a: Gholdengo|Gholdengo|100/100
|-item|p1a: Gholdengo|Air Balloon
|switch|p2a: Landorus.|Landorus-Therian, M|72/100
|-damage|p2a: Landorus.|60/100|[from] Stealth Rock
|-ability|p2a: Landorus.|Intimidate|boost
|-unboost|p1a: Gholdengo|atk|1
|
|-sideend|p2: fafewf|move: Light Screen
|upkeep
|turn|19
|
|t:|1757945261
|move|p2a: Landorus.|U-turn|p1a: Gholdengo
|-resisted|p1a: Gholdengo
|-damage|p1a: Gholdengo|95/100
|-enditem|p1a: Gholdengo|Air Balloon
|
|t:|1757945269
|switch|p2a: The Indomitable|Suicune|100/100|[from] U-turn
|-damage|p2a: The Indomitable|75/100|[from] Spikes
|-damage|p2a: The Indomitable|63/100|[from] Stealth Rock
|-ability|p2a: The Indomitable|Pressure
|move|p1a: Gholdengo|Make It Rain|p2a: The Indomitable
|-resisted|p2a: The Indomitable
|-damage|p2a: The Indomitable|49/100
|-unboost|p1a: Gholdengo|spa|1
|
|-heal|p2a: The Indomitable|55/100|[from] item: Leftovers
|upkeep
|turn|20
|
|t:|1757945279
|switch|p1a: Ogerpon|Ogerpon-Wellspring, F|100/100
|switch|p2a: The Light|Cresselia, F|76/100
|-damage|p2a: The Light|64/100|[from] Stealth Rock
|
|upkeep
|turn|21
|
|t:|1757945288
|move|p1a: Ogerpon|Swords Dance|p1a: Ogerpon
|-boost|p1a: Ogerpon|atk|2
|move|p2a: The Light|Thunder Wave|p1a: Ogerpon
|-status|p1a: Ogerpon|par
|
|upkeep
|turn|22
|
|t:|1757945297
|move|p2a: The Light|Lunar Dance|p2a: The Light
|faint|p2a: The Light
|move|p1a: Ogerpon|Ivy Cudgel|p2: The Light|[notarget]
|-fail|p1a: Ogerpon
|
|upkeep
|
|t:|1757945308
|switch|p2a: The Menace|Darkrai|34/100
|-heal|p2a: The Menace|100/100|[from] move: Lunar Dance
|-damage|p2a: The Menace|76/100|[from] Spikes
|-damage|p2a: The Menace|63/100|[from] Stealth Rock
|turn|23
|
|t:|1757945321
|-terastallize|p1a: Ogerpon|Water
|detailschange|p1a: Ogerpon|Ogerpon-Wellspring-Tera, F, tera:Water
|-ability|p1a: Ogerpon|Embody Aspect (Wellspring)|boost
|-boost|p1a: Ogerpon|spd|1
|move|p2a: The Menace|Dark Pulse|p1a: Ogerpon
|-damage|p1a: Ogerpon|67/100 par
|cant|p1a: Ogerpon|par
|
|-heal|p2a: The Menace|69/100|[from] item: Leftovers
|upkeep
|turn|24
|
|t:|1757945328
|move|p2a: The Menace|Dark Pulse|p1a: Ogerpon
|-damage|p1a: Ogerpon|31/100 par
|cant|p1a: Ogerpon|flinch
|
|-heal|p2a: The Menace|75/100|[from] item: Leftovers
|upkeep
|turn|25
|
|t:|1757945332
|move|p2a: The Menace|Dark Pulse|p1a: Ogerpon
|-damage|p1a: Ogerpon|0 fnt
|faint|p1a: Ogerpon
|detailschange|p1: Ogerpon|Ogerpon-Wellspring, F|[silent]
|
|-heal|p2a: The Menace|81/100|[from] item: Leftovers
|upkeep
|
|t:|1757945336
|switch|p1a: Iron Treads|Iron Treads|71/100
|turn|26
|
|t:|1757945341
|move|p2a: The Menace|Will-O-Wisp|p1a: Iron Treads
|-status|p1a: Iron Treads|brn
|move|p1a: Iron Treads|Earthquake|p2a: The Menace
|-damage|p2a: The Menace|55/100
|
|-heal|p2a: The Menace|61/100|[from] item: Leftovers
|-damage|p1a: Iron Treads|65/100 brn|[from] brn
|upkeep
|turn|27
|
|t:|1757945353
|move|p2a: The Menace|Nasty Plot|p2a: The Menace
|-boost|p2a: The Menace|spa|2
|move|p1a: Iron Treads|Earthquake|p2a: The Menace
|-damage|p2a: The Menace|34/100
|
|-heal|p2a: The Menace|40/100|[from] item: Leftovers
|-damage|p1a: Iron Treads|59/100 brn|[from] brn
|upkeep
|turn|28
|
|t:|1757945358
|move|p2a: The Menace|Dark Pulse|p1a: Iron Treads
|-damage|p1a: Iron Treads|0 fnt
|faint|p1a: Iron Treads
|-end|p1a: Iron Treads|Quark Drive|[silent]
|
|-heal|p2a: The Menace|46/100|[from] item: Leftovers
|upkeep
|
|t:|1757945361
|switch|p1a: Kingambit|Kingambit, F|85/100
|-activate|p1a: Kingambit|ability: Supreme Overlord
|-start|p1a: Kingambit|fallen4|[silent]
|turn|29
|
|t:|1757945364
|move|p2a: The Menace|Will-O-Wisp|p1a: Kingambit
|-status|p1a: Kingambit|brn
|move|p1a: Kingambit|Iron Head|p2a: The Menace
|-damage|p2a: The Menace|6/100
|
|-heal|p2a: The Menace|12/100|[from] item: Leftovers
|-heal|p1a: Kingambit|91/100 brn|[from] item: Leftovers
|-damage|p1a: Kingambit|85/100 brn|[from] brn
|upkeep
|turn|30
|
|t:|1757945371
|move|p1a: Kingambit|Sucker Punch||[still]
|-fail|p1a: Kingambit
|move|p2a: The Menace|Nasty Plot|p2a: The Menace
|-boost|p2a: The Menace|spa|2
|
|-heal|p2a: The Menace|18/100|[from] item: Leftovers
|-heal|p1a: Kingambit|91/100 brn|[from] item: Leftovers
|-damage|p1a: Kingambit|85/100 brn|[from] brn
|upkeep
|turn|31
|
|t:|1757945374
|move|p1a: Kingambit|Sucker Punch|p2a: The Menace
|-resisted|p2a: The Menace
|-damage|p2a: The Menace|0 fnt
|faint|p2a: The Menace
|
|-heal|p1a: Kingambit|91/100 brn|[from] item: Leftovers
|-damage|p1a: Kingambit|85/100 brn|[from] brn
|upkeep
|
|t:|1757945378
|switch|p2a: Landorus.|Landorus-Therian, M|60/100
|-damage|p2a: Landorus.|48/100|[from] Stealth Rock
|-ability|p2a: Landorus.|Intimidate|boost
|-unboost|p1a: Kingambit|atk|1
|turn|32
|
|t:|1757945389
|move|p1a: Kingambit|Sucker Punch|p2a: Landorus.
|-damage|p2a: Landorus.|26/100
|move|p2a: Landorus.|Earthquake|p1a: Kingambit
|-supereffective|p1a: Kingambit
|-damage|p1a: Kingambit|0 fnt
|faint|p1a: Kingambit
|-end|p1a: Kingambit|fallen4|[silent]
|
|upkeep
|
|t:|1757945391
|switch|p1a: Gholdengo|Gholdengo|95/100
|turn|33
|
|t:|1757945394
|move|p2a: Landorus.|Earthquake|p1a: Gholdengo
|-supereffective|p1a: Gholdengo
|-damage|p1a: Gholdengo|11/100
|move|p1a: Gholdengo|Hex|p2a: Landorus.
|-damage|p2a: Landorus.|0 fnt
|faint|p2a: Landorus.
|
|upkeep
|
|t:|1757945398
|switch|p2a: The Unbothered|Skeledirge, F|100/100
|turn|34
|
|t:|1757945402
|-terastallize|p2a: The Unbothered|Water
|move|p1a: Gholdengo|Recover|p1a: Gholdengo
|-heal|p1a: Gholdengo|61/100
|move|p2a: The Unbothered|Torch Song|p1a: Gholdengo
|-supereffective|p1a: Gholdengo
|-damage|p1a: Gholdengo|5/100
|-boost|p2a: The Unbothered|spa|1
|
|upkeep
|turn|35
|-message|Chustard forfeited.
|
|win|fafewf
|raw|Chustard's rating: 1607 &rarr; <strong>1592</strong><br />(-15 for losing)
|raw|fafewf's rating: 1697 &rarr; <strong>1712</strong><br />(+15 for winning)
|l|☆Chustard
|player|p1|
|l|☆fafewf
|player|p2|
