|j|☆loganibax
|j|☆sincerity's vessel
|t:|1757908638
|gametype|singles
|player|p1|loganibax|depotagent|1290
|player|p2|sincerity's vessel|psychic|1265
|gen|9
|tier|[Gen 9] OU
|rated|
|rule|HP Percentage Mod: HP is shown in percentages
|rule|Endless Battle Clause: Forcing endless battles is banned
|rule|Species Clause: Limit one of each Pokémon
|rule|OHKO Clause: OHKO moves are banned
|rule|Evasion Items Clause: Evasion items are banned
|rule|Evasion Moves Clause: Evasion moves are banned
|rule|Evasion Abilities Clause: Evasion abilities are banned
|rule|Sleep Moves Clause: Sleep-inducing moves are banned
|clearpoke
|poke|p1|Jolteon, M|
|poke|p1|Slowking-Galar, M|
|poke|p1|Great Tusk|
|poke|p1|Moltres|
|poke|p1|Kingambit, F|
|poke|p1|Hydrapple, M|
|poke|p2|Dragonite, F|
|poke|p2|Zamazenta-*|
|poke|p2|Gholdengo|
|poke|p2|Hatterene, F|
|poke|p2|Great Tusk|
|poke|p2|Weavile, F|
|teampreview
|j| wiffgod
|c|☆sincerity's vessel|Glhf
|
|t:|1757908653
|teamsize|p1|6
|teamsize|p2|6
|start
|switch|p1a: Moltres|Moltres|100/100
|switch|p2a: MagnaGarurumon|Zamazenta|100/100
|-ability|p2a: MagnaGarurumon|Dauntless Shield|boost
|-boost|p2a: MagnaGarurumon|def|1
|turn|1
|c|☆loganibax|u 2
|
|t:|1757908675
|-terastallize|p2a: MagnaGarurumon|Fire
|move|p1a: Moltres|Will-O-Wisp|p2a: MagnaGarurumon
|-immune|p2a: MagnaGarurumon
|move|p2a: MagnaGarurumon|Roar|p1a: Moltres
|drag|p1a: Jolteon|Jolteon, M|100/100
|
|upkeep
|turn|2
|
|t:|1757908695
|switch|p2a: Mammomon|Great Tusk|100/100
|switch|p1a: Great Tusk|Great Tusk|100/100
|
|upkeep
|turn|3
|
|t:|1757908703
|move|p2a: Mammomon|Rapid Spin|p1a: Great Tusk
|-damage|p1a: Great Tusk|93/100
|-boost|p2a: Mammomon|spe|1
|-damage|p2a: Mammomon|84/100|[from] item: Rocky Helmet|[of] p1a: Great Tusk
|move|p1a: Great Tusk|Stealth Rock|p2a: Mammomon
|-sidestart|p2: sincerity's vessel|move: Stealth Rock
|
|upkeep
|turn|4
|
|t:|1757908713
|-end|p1a: Great Tusk|Protosynthesis|[silent]
|switch|p1a: Moltres|Moltres|100/100
|move|p2a: Mammomon|Stealth Rock|p1a: Moltres
|-sidestart|p1: loganibax|move: Stealth Rock
|
|upkeep
|turn|5
|
|t:|1757908722
|-end|p2a: Mammomon|Protosynthesis|[silent]
|switch|p2a: Ophanimon|Hatterene, F|100/100
|-damage|p2a: Ophanimon|88/100|[from] Stealth Rock
|move|p1a: Moltres|Flamethrower|p2a: Ophanimon
|-damage|p2a: Ophanimon|64/100
|
|upkeep
|turn|6
|
|t:|1757908734
|move|p1a: Moltres|U-turn|p2a: Ophanimon
|-damage|p2a: Ophanimon|47/100
|
|t:|1757908738
|switch|p1a: Slowking|Slowking-Galar, M|100/100|[from] U-turn
|-damage|p1a: Slowking|88/100|[from] Stealth Rock
|move|p2a: Ophanimon|Psychic Noise|p1a: Slowking
|-damage|p1a: Slowking|71/100
|-start|p1a: Slowking|move: Heal Block
|
|upkeep
|turn|7
|
|t:|1757908755
|switch|p2a: Nia|Weavile, F, shiny|100/100
|-ability|p2a: Nia|Pressure
|move|p1a: Slowking|Flamethrower|p2a: Nia
|-supereffective|p2a: Nia
|-damage|p2a: Nia|26/100
|
|-end|p1a: Slowking|move: Heal Block
|upkeep
|turn|8
|
|t:|1757908766
|switch|p1a: Great Tusk|Great Tusk|93/100
|-damage|p1a: Great Tusk|90/100|[from] Stealth Rock
|move|p2a: Nia|Knock Off|p1a: Great Tusk
|-resisted|p1a: Great Tusk
|-damage|p1a: Great Tusk|79/100
|-damage|p2a: Nia|9/100|[from] item: Rocky Helmet|[of] p1a: Great Tusk
|-enditem|p1a: Great Tusk|Rocky Helmet|[from] move: Knock Off|[of] p2a: Nia
|
|upkeep
|turn|9
|
|t:|1757908780
|switch|p2a: My Tomorrow|Gholdengo|100/100
|-damage|p2a: My Tomorrow|94/100|[from] Stealth Rock
|move|p1a: Great Tusk|Rapid Spin|p2a: My Tomorrow
|-immune|p2a: My Tomorrow
|
|upkeep
|turn|10
|
|t:|1757908797
|-end|p1a: Great Tusk|Protosynthesis|[silent]
|switch|p1a: Slowking|Slowking-Galar, M|100/100
|-damage|p1a: Slowking|88/100|[from] Stealth Rock
|move|p2a: My Tomorrow|Make It Rain|p1a: Slowking
|-damage|p1a: Slowking|53/100
|-unboost|p2a: My Tomorrow|spa|1
|
|upkeep
|turn|11
|
|t:|1757908812
|switch|p1a: Great Tusk|Great Tusk|79/100
|-damage|p1a: Great Tusk|76/100|[from] Stealth Rock
|move|p2a: My Tomorrow|Nasty Plot|p2a: My Tomorrow
|-boost|p2a: My Tomorrow|spa|2
|
|upkeep
|turn|12
|
|t:|1757908828
|-end|p1a: Great Tusk|Protosynthesis|[silent]
|switch|p1a: Slowking|Slowking-Galar, M|86/100
|-damage|p1a: Slowking|74/100|[from] Stealth Rock
|move|p2a: My Tomorrow|Make It Rain|p1a: Slowking
|-damage|p1a: Slowking|22/100
|-unboost|p2a: My Tomorrow|spa|1
|
|upkeep
|turn|13
|
|t:|1757908838
|move|p2a: My Tomorrow|Nasty Plot|p2a: My Tomorrow
|-boost|p2a: My Tomorrow|spa|2
|move|p1a: Slowking|Flamethrower|p2a: My Tomorrow
|-supereffective|p2a: My Tomorrow
|-damage|p2a: My Tomorrow|33/100
|-status|p2a: My Tomorrow|brn
|
|-damage|p2a: My Tomorrow|27/100 brn|[from] brn
|upkeep
|turn|14
|
|t:|1757908852
|switch|p1a: Kingambit|Kingambit, F|100/100
|-damage|p1a: Kingambit|94/100|[from] Stealth Rock
|move|p2a: My Tomorrow|Make It Rain|p1a: Kingambit
|-resisted|p1a: Kingambit
|-damage|p1a: Kingambit|3/100
|-unboost|p2a: My Tomorrow|spa|1
|
|-heal|p1a: Kingambit|10/100|[from] item: Leftovers
|-damage|p2a: My Tomorrow|21/100 brn|[from] brn
|upkeep
|turn|15
|
|t:|1757908875
|switch|p2a: Mammomon|Great Tusk|84/100
|move|p1a: Kingambit|Sucker Punch||[still]
|-fail|p1a: Kingambit
|
|-heal|p1a: Kingambit|16/100|[from] item: Leftovers
|upkeep
|turn|16
|
|t:|1757908888
|-end|p1a: Kingambit|fallenundefined|[silent]
|switch|p1a: Moltres|Moltres|100/100
|move|p2a: Mammomon|Close Combat|p1a: Moltres
|-resisted|p1a: Moltres
|-damage|p1a: Moltres|74/100
|-unboost|p2a: Mammomon|def|1
|-unboost|p2a: Mammomon|spd|1
|-status|p2a: Mammomon|brn|[from] ability: Flame Body|[of] p1a: Moltres
|
|-damage|p2a: Mammomon|78/100 brn|[from] brn
|upkeep
|turn|17
|
|t:|1757908907
|-end|p2a: Mammomon|Protosynthesis|[silent]
|switch|p2a: MagnaGarurumon|Zamazenta, tera:Fire|100/100
|-damage|p2a: MagnaGarurumon|76/100|[from] Stealth Rock
|move|p1a: Moltres|Flamethrower|p2a: MagnaGarurumon
|-resisted|p2a: MagnaGarurumon
|-damage|p2a: MagnaGarurumon|60/100
|
|-heal|p2a: MagnaGarurumon|66/100|[from] item: Leftovers
|upkeep
|turn|18
|
|t:|1757908919
|switch|p1a: Great Tusk|Great Tusk|76/100
|-damage|p1a: Great Tusk|73/100|[from] Stealth Rock
|move|p2a: MagnaGarurumon|Roar|p1a: Great Tusk
|-end|p1a: Great Tusk|Protosynthesis|[silent]
|drag|p1a: Kingambit|Kingambit, F|16/100
|-damage|p1a: Kingambit|10/100|[from] Stealth Rock
|
|-heal|p2a: MagnaGarurumon|72/100|[from] item: Leftovers
|-heal|p1a: Kingambit|16/100|[from] item: Leftovers
|upkeep
|turn|19
|
|t:|1757908932
|-end|p1a: Kingambit|fallenundefined|[silent]
|switch|p1a: Great Tusk|Great Tusk|73/100
|-damage|p1a: Great Tusk|70/100|[from] Stealth Rock
|move|p2a: MagnaGarurumon|Roar|p1a: Great Tusk
|-end|p1a: Great Tusk|Protosynthesis|[silent]
|drag|p1a: Moltres|Moltres|74/100
|
|-heal|p2a: MagnaGarurumon|78/100|[from] item: Leftovers
|upkeep
|turn|20
|
|t:|1757908946
|move|p1a: Moltres|Roost|p1a: Moltres
|-heal|p1a: Moltres|100/100
|-singleturn|p1a: Moltres|move: Roost
|move|p2a: MagnaGarurumon|Roar|p1a: Moltres
|drag|p1a: Hydrapple|Hydrapple, M|100/100
|
|-heal|p2a: MagnaGarurumon|84/100|[from] item: Leftovers
|upkeep
|turn|21
|
|t:|1757908959
|move|p2a: MagnaGarurumon|Iron Defense|p2a: MagnaGarurumon
|-boost|p2a: MagnaGarurumon|def|2
|move|p1a: Hydrapple|Earth Power|p2a: MagnaGarurumon
|-supereffective|p2a: MagnaGarurumon
|-damage|p2a: MagnaGarurumon|41/100
|
|-heal|p2a: MagnaGarurumon|47/100|[from] item: Leftovers
|upkeep
|turn|22
|
|t:|1757908968
|move|p2a: MagnaGarurumon|Body Press|p1a: Hydrapple
|-damage|p1a: Hydrapple|55/100
|move|p1a: Hydrapple|Nasty Plot|p1a: Hydrapple
|-boost|p1a: Hydrapple|spa|2
|
|-heal|p2a: MagnaGarurumon|54/100|[from] item: Leftovers
|upkeep
|turn|23
|
|t:|1757908984
|switch|p2a: KaiserGreymon|Dragonite, F|100/100
|-damage|p2a: KaiserGreymon|76/100|[from] Stealth Rock
|move|p1a: Hydrapple|Earth Power|p2a: KaiserGreymon
|-immune|p2a: KaiserGreymon
|
|upkeep
|turn|24
|
|t:|1757908998
|switch|p1a: Slowking|Slowking-Galar, M|55/100
|-damage|p1a: Slowking|43/100|[from] Stealth Rock
|move|p2a: KaiserGreymon|Extreme Speed|p1a: Slowking
|-crit|p1a: Slowking
|-damage|p1a: Slowking|1/100
|
|upkeep
|turn|25
|
|t:|1757909011
|switch|p1a: Moltres|Moltres|100/100
|move|p2a: KaiserGreymon|Earthquake|p1a: Moltres
|-immune|p1a: Moltres
|
|upkeep
|turn|26
|
|t:|1757909018
|move|p2a: KaiserGreymon|Dragon Dance|p2a: KaiserGreymon
|-boost|p2a: KaiserGreymon|atk|1
|-boost|p2a: KaiserGreymon|spe|1
|move|p1a: Moltres|Will-O-Wisp|p2a: KaiserGreymon
|-status|p2a: KaiserGreymon|brn
|-enditem|p2a: KaiserGreymon|Lum Berry|[eat]
|-curestatus|p2a: KaiserGreymon|brn|[msg]
|
|upkeep
|turn|27
|
|t:|1757909028
|move|p2a: KaiserGreymon|Extreme Speed|p1a: Moltres
|-damage|p1a: Moltres|63/100
|move|p1a: Moltres|Will-O-Wisp|p2a: KaiserGreymon
|-status|p2a: KaiserGreymon|brn
|
|-damage|p2a: KaiserGreymon|70/100 brn|[from] brn
|upkeep
|turn|28
|
|t:|1757909035
|move|p2a: KaiserGreymon|Dragon Dance|p2a: KaiserGreymon
|-boost|p2a: KaiserGreymon|atk|1
|-boost|p2a: KaiserGreymon|spe|1
|move|p1a: Moltres|U-turn|p2a: KaiserGreymon
|-resisted|p2a: KaiserGreymon
|-damage|p2a: KaiserGreymon|61/100 brn
|
|t:|1757909050
|switch|p1a: Great Tusk|Great Tusk|70/100|[from] U-turn
|-damage|p1a: Great Tusk|67/100|[from] Stealth Rock
|
|-damage|p2a: KaiserGreymon|55/100 brn|[from] brn
|upkeep
|turn|29
|
|t:|1757909059
|switch|p2a: My Tomorrow|Gholdengo|21/100 brn
|-damage|p2a: My Tomorrow|15/100 brn|[from] Stealth Rock
|move|p1a: Great Tusk|Ice Spinner|p2a: My Tomorrow
|-resisted|p2a: My Tomorrow
|-damage|p2a: My Tomorrow|3/100 brn
|
|-damage|p2a: My Tomorrow|0 fnt|[from] brn
|faint|p2a: My Tomorrow
|upkeep
|
|t:|1757909069
|switch|p2a: Nia|Weavile, F, shiny|9/100
|-ability|p2a: Nia|Pressure
|turn|30
|
|t:|1757909079
|move|p2a: Nia|Swords Dance|p2a: Nia
|-boost|p2a: Nia|atk|2
|move|p1a: Great Tusk|Rapid Spin|p2a: Nia
|-damage|p2a: Nia|0 fnt
|-boost|p1a: Great Tusk|spe|1
|-sideend|p1: loganibax|Stealth Rock|[from] move: Rapid Spin|[of] p1a: Great Tusk
|faint|p2a: Nia
|
|upkeep
|c|☆sincerity's vessel|Gg
|c|☆loganibax|gg
|-message|sincerity's vessel forfeited.
|
|win|loganibax
|raw|loganibax's rating: 1290 &rarr; <strong>1313</strong><br />(+23 for winning)
|raw|sincerity&apos;s vessel's rating: 1265 &rarr; <strong>1242</strong><br />(-23 for losing)
|l|☆sincerity's vessel
|player|p2|
|l|☆loganibax
|player|p1|
