|j|☆xet0wTwKamLfgHrg
|j|☆ibex2435
|t:|1757948793
|gametype|singles
|player|p1|xet0wTwKamLfgHrg|102|1000
|player|p2|ibex2435|kimonogirl|1000
|gen|9
|tier|[Gen 9] OU
|rated|
|rule|HP Percentage Mod: HP is shown in percentages
|rule|Endless Battle Clause: Forcing endless battles is banned
|rule|Species Clause: Limit one of each Pokémon
|rule|OHKO Clause: OHKO moves are banned
|rule|Evasion Items Clause: Evasion items are banned
|rule|Evasion Moves Clause: Evasion moves are banned
|rule|Evasion Abilities Clause: Evasion abilities are banned
|rule|Sleep Moves Clause: Sleep-inducing moves are banned
|clearpoke
|poke|p1|Iron Crown|
|poke|p1|Meowscarada, F|
|poke|p1|Great Tusk|
|poke|p1|Pecharunt|
|poke|p1|Ting-Lu|
|poke|p1|Iron Valiant|
|poke|p2|Meowscarada, F|
|poke|p2|Skeledirge, M|
|poke|p2|Quaquaval, M|
|poke|p2|Great Tusk|
|poke|p2|Espeon, F|
|poke|p2|Dragapult, M|
|teampreview
|inactive|Battle timer is ON: inactive players will automatically lose when time's up. (requested by xet0wTwKamLfgHrg)
|
|t:|1757948805
|teamsize|p1|6
|teamsize|p2|6
|start
|switch|p1a: Meowscarada|Meowscarada, F|100/100
|switch|p2a: Espeon|Espeon, F|100/100
|turn|1
|
|t:|1757948813
|-terastallize|p2a: Espeon|Fairy
|move|p1a: Meowscarada|U-turn|p2a: Espeon
|-start|p1a: Meowscarada|typechange|Bug|[from] ability: Protean
|-resisted|p2a: Espeon
|-damage|p2a: Espeon|56/100
|
|t:|1757948815
|switch|p1a: Iron Crown|Iron Crown|100/100|[from] U-turn
|move|p2a: Espeon|Dazzling Gleam|p1a: Iron Crown
|-resisted|p1a: Iron Crown
|-crit|p1a: Iron Crown
|-damage|p1a: Iron Crown|51/100
|
|upkeep
|turn|2
|
|t:|1757948834
|move|p2a: Espeon|Dazzling Gleam|p1a: Iron Crown
|-resisted|p1a: Iron Crown
|-damage|p1a: Iron Crown|18/100
|move|p1a: Iron Crown|Tachyon Cutter|p2a: Espeon
|-supereffective|p2a: Espeon
|-damage|p2a: Espeon|0 fnt
|faint|p2a: Espeon
|-hitcount|p2: Espeon|1
|
|upkeep
|
|t:|1757948849
|switch|p2a: Dragapult|Dragapult, M|100/100
|turn|3
|
|t:|1757948856
|move|p2a: Dragapult|Sucker Punch|p1a: Iron Crown
|-supereffective|p1a: Iron Crown
|-damage|p1a: Iron Crown|0 fnt
|faint|p1a: Iron Crown
|-end|p1a: Iron Crown|Quark Drive|[silent]
|-damage|p2a: Dragapult|91/100|[from] item: Life Orb
|
|upkeep
|
|t:|1757948863
|switch|p1a: Meowscarada|Meowscarada, F|100/100
|turn|4
|
|t:|1757948879
|switch|p2a: Skeledirge|Skeledirge, M|100/100
|move|p1a: Meowscarada|Knock Off|p2a: Skeledirge
|-start|p1a: Meowscarada|typechange|Dark|[from] ability: Protean
|-supereffective|p2a: Skeledirge
|-damage|p2a: Skeledirge|18/100
|-enditem|p2a: Skeledirge|Leftovers|[from] move: Knock Off|[of] p1a: Meowscarada
|
|upkeep
|turn|5
|
|t:|1757948891
|move|p1a: Meowscarada|Knock Off|p2a: Skeledirge
|-supereffective|p2a: Skeledirge
|-damage|p2a: Skeledirge|0 fnt
|faint|p2a: Skeledirge
|
|upkeep
|
|t:|1757948898
|switch|p2a: Dragapult|Dragapult, M|91/100
|turn|6
|
|t:|1757948902
|move|p2a: Dragapult|Dragon Darts|p1a: Meowscarada
|-damage|p1a: Meowscarada|46/100
|-anim|p2a: Dragapult|Dragon Darts|p1a: Meowscarada
|-damage|p1a: Meowscarada|0 fnt
|faint|p1a: Meowscarada
|-damage|p2a: Dragapult|81/100|[from] item: Life Orb
|
|upkeep
|
|t:|1757948907
|switch|p1a: Iron Valiant|Iron Valiant|100/100
|-enditem|p1a: Iron Valiant|Booster Energy
|-activate|p1a: Iron Valiant|ability: Quark Drive|[fromitem]
|-start|p1a: Iron Valiant|quarkdrivespe
|turn|7
|
|t:|1757948924
|switch|p2a: Quaquaval|Quaquaval, M|100/100
|move|p1a: Iron Valiant|Moonblast|p2a: Quaquaval
|-supereffective|p2a: Quaquaval
|-enditem|p2a: Quaquaval|Focus Sash
|-damage|p2a: Quaquaval|1/100
|-unboost|p2a: Quaquaval|spa|1
|
|upkeep
|turn|8
|
|t:|1757948937
|move|p1a: Iron Valiant|Moonblast|p2a: Quaquaval
|-supereffective|p2a: Quaquaval
|-damage|p2a: Quaquaval|0 fnt
|faint|p2a: Quaquaval
|
|upkeep
|
|t:|1757948945
|switch|p2a: Meowscarada|Meowscarada, F|100/100
|turn|9
|
|t:|1757948948
|move|p1a: Iron Valiant|Moonblast|p2a: Meowscarada
|-supereffective|p2a: Meowscarada
|-damage|p2a: Meowscarada|0 fnt
|faint|p2a: Meowscarada
|
|upkeep
|
|t:|1757948953
|switch|p2a: Dragapult|Dragapult, M|81/100
|turn|10
|
|t:|1757948959
|move|p2a: Dragapult|Sucker Punch|p1a: Iron Valiant
|-resisted|p1a: Iron Valiant
|-damage|p1a: Iron Valiant|92/100
|-damage|p2a: Dragapult|71/100|[from] item: Life Orb
|move|p1a: Iron Valiant|Moonblast|p2a: Dragapult
|-supereffective|p2a: Dragapult
|-damage|p2a: Dragapult|0 fnt
|faint|p2a: Dragapult
|
|upkeep
|
|t:|1757948966
|switch|p2a: Great Tusk|Great Tusk|100/100
|turn|11
|
|t:|1757948970
|move|p1a: Iron Valiant|Moonblast|p2a: Great Tusk
|-supereffective|p2a: Great Tusk
|-damage|p2a: Great Tusk|5/100
|move|p2a: Great Tusk|Earth Power|p1a: Iron Valiant
|-crit|p1a: Iron Valiant
|-damage|p1a: Iron Valiant|38/100
|
|upkeep
|turn|12
|
|t:|1757948977
|move|p1a: Iron Valiant|Moonblast|p2a: Great Tusk
|-supereffective|p2a: Great Tusk
|-damage|p2a: Great Tusk|0 fnt
|faint|p2a: Great Tusk
|-end|p2a: Great Tusk|Protosynthesis|[silent]
|
|win|xet0wTwKamLfgHrg
|raw|xet0wTwKamLfgHrg's rating: 1000 &rarr; <strong>1040</strong><br />(+40 for winning)
|raw|ibex2435's rating: 1000 &rarr; <strong>1000</strong><br />(+0 for losing)
