|j|☆Arsen Rupin
|j|☆GauMongStyle
|t:|1757790997
|gametype|singles
|player|p1|Arsen Rupin|riley|1517
|player|p2|GauMongStyle|101|1494
|gen|9
|tier|[Gen 9] OU
|rated|
|rule|HP Percentage Mod: HP is shown in percentages
|rule|Endless Battle Clause: Forcing endless battles is banned
|rule|Species Clause: Limit one of each Pokémon
|rule|OHKO Clause: OHKO moves are banned
|rule|Evasion Items Clause: Evasion items are banned
|rule|Evasion Moves Clause: Evasion moves are banned
|rule|Evasion Abilities Clause: Evasion abilities are banned
|rule|Sleep Moves Clause: Sleep-inducing moves are banned
|clearpoke
|poke|p1|Keldeo-Resolute|
|poke|p1|Kyurem|
|poke|p1|Iron Crown|
|poke|p1|Iron Treads|
|poke|p1|Iron Moth|
|poke|p1|Enamorus, F|
|poke|p2|Latios, M|
|poke|p2|Tinkaton, F|
|poke|p2|Donphan, M|
|poke|p2|Rotom-Wash|
|poke|p2|Zarude|
|poke|p2|Zapdos-Galar|
|teampreview
|inactive|Battle timer is ON: inactive players will automatically lose when time's up. (requested by GauMongStyle)
|
|t:|1757791010
|teamsize|p1|6
|teamsize|p2|6
|start
|switch|p1a: Enamorus|Enamorus, F|100/100
|switch|p2a: Zapdos|Zapdos-Galar|100/100
|turn|1
|
|t:|1757791017
|switch|p2a: Tinkaton|Tinkaton, F|100/100
|move|p1a: Enamorus|Moonblast|p2a: Tinkaton
|-resisted|p2a: Tinkaton
|-damage|p2a: Tinkaton|66/100
|
|-heal|p2a: Tinkaton|72/100|[from] item: Leftovers
|upkeep
|turn|2
|
|t:|1757791030
|switch|p1a: Iron Treads|Iron Treads|100/100
|-enditem|p1a: Iron Treads|Booster Energy
|-activate|p1a: Iron Treads|ability: Quark Drive|[fromitem]
|-start|p1a: Iron Treads|quarkdrivespe
|move|p2a: Tinkaton|Knock Off|p1a: Iron Treads
|-damage|p1a: Iron Treads|90/100
|
|-heal|p2a: Tinkaton|78/100|[from] item: Leftovers
|upkeep
|turn|3
|
|t:|1757791038
|move|p1a: Iron Treads|Stealth Rock|p2a: Tinkaton
|-sidestart|p2: GauMongStyle|move: Stealth Rock
|move|p2a: Tinkaton|Encore|p1a: Iron Treads
|-start|p1a: Iron Treads|Encore
|
|-heal|p2a: Tinkaton|84/100|[from] item: Leftovers
|upkeep
|turn|4
|
|t:|1757791045
|move|p1a: Iron Treads|Stealth Rock||[still]
|-fail|p1a: Iron Treads
|move|p2a: Tinkaton|Stealth Rock|p1a: Iron Treads
|-sidestart|p1: Arsen Rupin|move: Stealth Rock
|
|-heal|p2a: Tinkaton|91/100|[from] item: Leftovers
|upkeep
|turn|5
|
|t:|1757791047
|switch|p2a: Donphan|Donphan, M|100/100
|-damage|p2a: Donphan|94/100|[from] Stealth Rock
|move|p1a: Iron Treads|Stealth Rock||[still]
|-fail|p1a: Iron Treads
|
|-heal|p2a: Donphan|100/100|[from] item: Leftovers
|upkeep
|turn|6
|
|t:|1757791055
|move|p1a: Iron Treads|Stealth Rock||[still]
|-fail|p1a: Iron Treads
|move|p2a: Donphan|Rapid Spin|p1a: Iron Treads
|-resisted|p1a: Iron Treads
|-damage|p1a: Iron Treads|83/100
|-boost|p2a: Donphan|spe|1
|-sideend|p2: GauMongStyle|Stealth Rock|[from] move: Rapid Spin|[of] p2a: Donphan
|
|-end|p1a: Iron Treads|Encore
|upkeep
|turn|7
|
|t:|1757791063
|move|p1a: Iron Treads|Stealth Rock|p2a: Donphan
|-sidestart|p2: GauMongStyle|move: Stealth Rock
|move|p2a: Donphan|Earthquake|p1a: Iron Treads
|-supereffective|p1a: Iron Treads
|-damage|p1a: Iron Treads|0 fnt
|faint|p1a: Iron Treads
|-end|p1a: Iron Treads|Quark Drive|[silent]
|
|upkeep
|inactive|Arsen Rupin has 120 seconds left.
|
|t:|1757791094
|switch|p1a: Keldeo|Keldeo-Resolute, shiny|100/100
|-damage|p1a: Keldeo|94/100|[from] Stealth Rock
|turn|8
|inactive|Arsen Rupin has 120 seconds left.
|
|t:|1757791108
|move|p1a: Keldeo|Calm Mind|p1a: Keldeo
|-boost|p1a: Keldeo|spa|1
|-boost|p1a: Keldeo|spd|1
|move|p2a: Donphan|Rapid Spin|p1a: Keldeo
|-damage|p1a: Keldeo|76/100
|-boost|p2a: Donphan|spe|1
|-sideend|p2: GauMongStyle|Stealth Rock|[from] move: Rapid Spin|[of] p2a: Donphan
|
|upkeep
|turn|9
|inactive|Arsen Rupin has 120 seconds left.
|
|t:|1757791119
|move|p1a: Keldeo|Surf|p2a: Donphan
|-supereffective|p2a: Donphan
|-ability|p2a: Donphan|Sturdy
|-damage|p2a: Donphan|1/100
|move|p2a: Donphan|Earthquake|p1a: Keldeo
|-damage|p1a: Keldeo|27/100
|
|-heal|p2a: Donphan|7/100|[from] item: Leftovers
|upkeep
|turn|10
|
|t:|1757791129
|move|p1a: Keldeo|Vacuum Wave|p2a: Donphan
|-damage|p2a: Donphan|0 fnt
|faint|p2a: Donphan
|
|upkeep
|
|t:|1757791135
|switch|p2a: Zapdos|Zapdos-Galar|100/100
|turn|11
|inactive|Arsen Rupin has 120 seconds left.
|
|t:|1757791162
|move|p1a: Keldeo|Vacuum Wave|p2a: Zapdos
|-resisted|p2a: Zapdos
|-damage|p2a: Zapdos|81/100
|move|p2a: Zapdos|Brave Bird|p1a: Keldeo
|-supereffective|p1a: Keldeo
|-damage|p1a: Keldeo|0 fnt
|faint|p1a: Keldeo
|-damage|p2a: Zapdos|72/100|[from] Recoil
|
|upkeep
|
|t:|1757791179
|switch|p1a: Iron Crown|Iron Crown|100/100
|-damage|p1a: Iron Crown|94/100|[from] Stealth Rock
|turn|12
|
|t:|1757791183
|switch|p2a: Tinkaton|Tinkaton, F|91/100
|move|p1a: Iron Crown|Volt Switch|p2a: Tinkaton
|-damage|p2a: Tinkaton|71/100
|
|t:|1757791202
|-end|p1a: Iron Crown|Quark Drive|[silent]
|switch|p1a: Iron Moth|Iron Moth|100/100|[from] Volt Switch
|-damage|p1a: Iron Moth|75/100|[from] Stealth Rock
|-enditem|p1a: Iron Moth|Booster Energy
|-activate|p1a: Iron Moth|ability: Quark Drive|[fromitem]
|-start|p1a: Iron Moth|quarkdrivespe
|
|-heal|p2a: Tinkaton|77/100|[from] item: Leftovers
|upkeep
|turn|13
|
|t:|1757791206
|move|p1a: Iron Moth|Fiery Dance|p2a: Tinkaton
|-supereffective|p2a: Tinkaton
|-damage|p2a: Tinkaton|0 fnt
|faint|p2a: Tinkaton
|
|upkeep
|
|t:|1757791210
|switch|p2a: Rotom|Rotom-Wash|100/100
|turn|14
|
|t:|1757791215
|move|p1a: Iron Moth|Substitute|p1a: Iron Moth
|-start|p1a: Iron Moth|Substitute
|-damage|p1a: Iron Moth|50/100
|move|p2a: Rotom|Thunder Wave||[still]
|-fail|p2a: Rotom
|
|upkeep
|turn|15
|inactive|Arsen Rupin has 120 seconds left.
|
|t:|1757791232
|move|p1a: Iron Moth|Sludge Wave|p2a: Rotom
|-crit|p2a: Rotom
|-damage|p2a: Rotom|47/100
|move|p2a: Rotom|Hydro Pump|p1a: Iron Moth
|-supereffective|p1a: Iron Moth
|-end|p1a: Iron Moth|Substitute
|
|-heal|p2a: Rotom|53/100|[from] item: Leftovers
|upkeep
|turn|16
|inactive|Arsen Rupin has 120 seconds left.
|
|t:|1757791256
|move|p1a: Iron Moth|Substitute|p1a: Iron Moth
|-start|p1a: Iron Moth|Substitute
|-damage|p1a: Iron Moth|25/100
|move|p2a: Rotom|Hydro Pump|p1a: Iron Moth|[miss]
|-miss|p2a: Rotom|p1a: Iron Moth
|
|-heal|p2a: Rotom|59/100|[from] item: Leftovers
|upkeep
|turn|17
|
|t:|1757791263
|move|p1a: Iron Moth|Sludge Wave|p2a: Rotom
|-damage|p2a: Rotom|20/100
|move|p2a: Rotom|Hydro Pump|p1a: Iron Moth
|-supereffective|p1a: Iron Moth
|-end|p1a: Iron Moth|Substitute
|
|-heal|p2a: Rotom|26/100|[from] item: Leftovers
|upkeep
|turn|18
|
|t:|1757791270
|-terastallize|p2a: Rotom|Steel
|move|p1a: Iron Moth|Sludge Wave|p2a: Rotom
|-immune|p2a: Rotom
|move|p2a: Rotom|Hydro Pump|p1a: Iron Moth|[miss]
|-miss|p2a: Rotom|p1a: Iron Moth
|
|-heal|p2a: Rotom|32/100|[from] item: Leftovers
|upkeep
|turn|19
|c|☆GauMongStyle|well played
|c|☆Arsen Rupin|thanks
|
|t:|1757791288
|move|p1a: Iron Moth|Fiery Dance|p2a: Rotom
|-supereffective|p2a: Rotom
|-damage|p2a: Rotom|0 fnt
|-boost|p1a: Iron Moth|spa|1
|faint|p2a: Rotom
|
|upkeep
|
|t:|1757791291
|switch|p2a: Latios|Latios, M|100/100
|turn|20
|
|t:|1757791299
|move|p1a: Iron Moth|Sludge Wave|p2a: Latios
|-crit|p2a: Latios
|-damage|p2a: Latios|0 fnt
|faint|p2a: Latios
|
|upkeep
|c|☆Arsen Rupin|mb
|
|t:|1757791304
|switch|p2a: Zarude|Zarude|100/100
|turn|21
|c|☆GauMongStyle|lol no worries
|c|☆GauMongStyle|rather have all the hax in one game
|
|t:|1757791317
|move|p1a: Iron Moth|Fiery Dance|p2a: Zarude
|-supereffective|p2a: Zarude
|-damage|p2a: Zarude|0 fnt
|faint|p2a: Zarude
|
|upkeep
|
|t:|1757791319
|switch|p2a: Zapdos|Zapdos-Galar|72/100
|turn|22
|c|☆Arsen Rupin|lol
|
|t:|1757791324
|move|p1a: Iron Moth|Psychic|p2a: Zapdos
|-supereffective|p2a: Zapdos
|-damage|p2a: Zapdos|0 fnt
|faint|p2a: Zapdos
|
|win|Arsen Rupin
|raw|Arsen Rupin's rating: 1517 &rarr; <strong>1536</strong><br />(+19 for winning)
|raw|GauMongStyle's rating: 1494 &rarr; <strong>1475</strong><br />(-19 for losing)
|l|☆GauMongStyle
|player|p2|
|c|☆Arsen Rupin|gg
|l|☆Arsen Rupin
|player|p1|
