|j|☆hitmongigas
|j|☆Fhantazy
|t:|1757930650
|gametype|singles
|player|p1|hitmongigas|steven-masters2|1514
|player|p2|Fhantazy|morty-masters|1474
|gen|9
|tier|[Gen 9] OU
|rated|
|rule|HP Percentage Mod: HP is shown in percentages
|rule|Endless Battle Clause: Forcing endless battles is banned
|rule|Species Clause: Limit one of each Pokémon
|rule|OHKO Clause: OHKO moves are banned
|rule|Evasion Items Clause: Evasion items are banned
|rule|Evasion Moves Clause: Evasion moves are banned
|rule|Evasion Abilities Clause: Evasion abilities are banned
|rule|Sleep Moves Clause: Sleep-inducing moves are banned
|clearpoke
|poke|p1|Iron Crown|
|poke|p1|Dragapult, M|
|poke|p1|Kingambit, F|
|poke|p1|Great Tusk|
|poke|p1|Primarina, F|
|poke|p1|Moltres|
|poke|p2|Ursaring, M|
|poke|p2|Corviknight, F|
|poke|p2|Pecharunt|
|poke|p2|Araquanid, M|
|poke|p2|Darkrai|
|poke|p2|Raging Bolt|
|teampreview
|
|t:|1757930658
|teamsize|p1|6
|teamsize|p2|6
|start
|switch|p1a: Dragapult|Dragapult, M, shiny|100/100
|switch|p2a: Araquanid|Araquanid, M|100/100
|turn|1
|
|t:|1757930663
|-terastallize|p1a: Dragapult|Dragon
|move|p1a: Dragapult|Dragon Darts|p2a: Araquanid
|-damage|p2a: Araquanid|43/100
|-anim|p1a: Dragapult|Dragon Darts|p2a: Araquanid
|-damage|p2a: Araquanid|0 fnt
|faint|p2a: Araquanid
|
|upkeep
|
|t:|1757930668
|switch|p2a: Corviknight|Corviknight, F|100/100
|-ability|p2a: Corviknight|Pressure
|turn|2
|
|t:|1757930672
|switch|p1a: Moltres|Moltres|100/100
|move|p2a: Corviknight|U-turn|p1a: Moltres
|-resisted|p1a: Moltres
|-damage|p1a: Moltres|97/100
|-status|p2a: Corviknight|brn|[from] ability: Flame Body|[of] p1a: Moltres
|
|t:|1757930677
|switch|p2a: Raging Bolt|Raging Bolt|100/100|[from] U-turn
|
|upkeep
|turn|3
|
|t:|1757930682
|switch|p1a: Great Tusk|Great Tusk|100/100
|move|p2a: Raging Bolt|Draco Meteor|p1a: Great Tusk
|-damage|p1a: Great Tusk|0 fnt
|-unboost|p2a: Raging Bolt|spa|2
|faint|p1a: Great Tusk
|-end|p1a: Great Tusk|Protosynthesis|[silent]
|
|upkeep
|
|t:|1757930691
|switch|p1a: Dragapult|Dragapult, M, shiny, tera:Dragon|100/100
|turn|4
|
|t:|1757930699
|switch|p1a: Iron Crown|Iron Crown|100/100
|-end|p2a: Raging Bolt|Protosynthesis|[silent]
|switch|p2a: Corviknight|Corviknight, F|100/100 brn
|-ability|p2a: Corviknight|Pressure
|
|-damage|p2a: Corviknight|94/100 brn|[from] brn
|upkeep
|turn|5
|
|t:|1757930705
|move|p1a: Iron Crown|Volt Switch|p2a: Corviknight
|-supereffective|p2a: Corviknight
|-damage|p2a: Corviknight|45/100 brn
|
|t:|1757930712
|-end|p1a: Iron Crown|Quark Drive|[silent]
|switch|p1a: Moltres|Moltres|97/100|[from] Volt Switch
|move|p2a: Corviknight|U-turn|p1a: Moltres
|-resisted|p1a: Moltres
|-damage|p1a: Moltres|96/100
|
|t:|1757930715
|switch|p2a: Raging Bolt|Raging Bolt|100/100|[from] U-turn
|
|upkeep
|turn|6
|
|t:|1757930720
|switch|p1a: Kingambit|Kingambit, F|100/100
|-activate|p1a: Kingambit|ability: Supreme Overlord
|-start|p1a: Kingambit|fallen1|[silent]
|move|p2a: Raging Bolt|Thunderbolt|p1a: Kingambit
|-damage|p1a: Kingambit|49/100
|
|upkeep
|turn|7
|
|t:|1757930727
|move|p2a: Raging Bolt|Thunderbolt|p1a: Kingambit
|-damage|p1a: Kingambit|0 fnt
|faint|p1a: Kingambit
|-end|p1a: Kingambit|fallen1|[silent]
|
|upkeep
|
|t:|1757930731
|switch|p1a: Dragapult|Dragapult, M, shiny, tera:Dragon|100/100
|turn|8
|
|t:|1757930737
|-end|p2a: Raging Bolt|Protosynthesis|[silent]
|switch|p2a: Ursaring|Ursaring, M|100/100
|move|p1a: Dragapult|Dragon Darts|p2a: Ursaring
|-damage|p2a: Ursaring|62/100
|-anim|p1a: Dragapult|Dragon Darts|p2a: Ursaring
|-damage|p2a: Ursaring|24/100
|
|upkeep
|turn|9
|inactive|Battle timer is ON: inactive players will automatically lose when time's up. (requested by hitmongigas)
|
|t:|1757930742
|move|p1a: Dragapult|Dragon Darts|p2a: Ursaring
|-damage|p2a: Ursaring|0 fnt
|faint|p2a: Ursaring
|
|upkeep
|
|t:|1757930745
|switch|p2a: Corviknight|Corviknight, F|45/100 brn
|-ability|p2a: Corviknight|Pressure
|turn|10
|
|t:|1757930749
|move|p1a: Dragapult|Dragon Darts|p2a: Corviknight
|-resisted|p2a: Corviknight
|-damage|p2a: Corviknight|31/100 brn
|-anim|p1a: Dragapult|Dragon Darts|p2a: Corviknight
|-resisted|p2a: Corviknight
|-crit|p2a: Corviknight
|-damage|p2a: Corviknight|11/100 brn
|move|p2a: Corviknight|Roost|p2a: Corviknight
|-heal|p2a: Corviknight|61/100 brn
|-singleturn|p2a: Corviknight|move: Roost
|
|-damage|p2a: Corviknight|55/100 brn|[from] brn
|upkeep
|turn|11
|
|t:|1757930763
|switch|p1a: Primarina|Primarina, F|100/100
|move|p2a: Corviknight|Roost|p2a: Corviknight
|-heal|p2a: Corviknight|100/100 brn
|-singleturn|p2a: Corviknight|move: Roost
|
|-damage|p2a: Corviknight|94/100 brn|[from] brn
|upkeep
|turn|12
|
|t:|1757930771
|move|p2a: Corviknight|U-turn|p1a: Primarina
|-resisted|p1a: Primarina
|-damage|p1a: Primarina|96/100
|
|t:|1757930772
|switch|p2a: Pecharunt|Pecharunt|100/100|[from] U-turn
|move|p1a: Primarina|Moonblast|p2a: Pecharunt
|-resisted|p2a: Pecharunt
|-damage|p2a: Pecharunt|73/100
|
|-heal|p2a: Pecharunt|79/100|[from] item: Leftovers
|upkeep
|turn|13
|
|t:|1757930777
|switch|p1a: Iron Crown|Iron Crown|100/100
|move|p2a: Pecharunt|Parting Shot|p1a: Iron Crown
|-unboost|p1a: Iron Crown|atk|1
|-unboost|p1a: Iron Crown|spa|1
|
|t:|1757930780
|switch|p2a: Darkrai|Darkrai|100/100|[from] Parting Shot
|
|upkeep
|turn|14
|
|t:|1757930784
|move|p2a: Darkrai|Dark Pulse|p1a: Iron Crown
|-supereffective|p1a: Iron Crown
|-damage|p1a: Iron Crown|11/100
|move|p1a: Iron Crown|Volt Switch|p2a: Darkrai
|-damage|p2a: Darkrai|78/100
|
|t:|1757930789
|-end|p1a: Iron Crown|Quark Drive|[silent]
|switch|p1a: Primarina|Primarina, F|96/100|[from] Volt Switch
|
|upkeep
|turn|15
|
|t:|1757930793
|switch|p2a: Pecharunt|Pecharunt|79/100
|move|p1a: Primarina|Hyper Voice|p2a: Pecharunt
|-damage|p2a: Pecharunt|28/100
|
|-heal|p2a: Pecharunt|35/100|[from] item: Leftovers
|upkeep
|turn|16
|
|t:|1757930798
|move|p2a: Pecharunt|Recover|p2a: Pecharunt
|-heal|p2a: Pecharunt|85/100
|move|p1a: Primarina|Hyper Voice|p2a: Pecharunt
|-damage|p2a: Pecharunt|33/100
|
|-heal|p2a: Pecharunt|39/100|[from] item: Leftovers
|upkeep
|turn|17
|
|t:|1757930803
|move|p2a: Pecharunt|Malignant Chain|p1a: Primarina
|-supereffective|p1a: Primarina
|-crit|p1a: Primarina
|-damage|p1a: Primarina|46/100
|move|p1a: Primarina|Hyper Voice|p2a: Pecharunt
|-damage|p2a: Pecharunt|0 fnt
|faint|p2a: Pecharunt
|
|upkeep
|
|t:|1757930808
|switch|p2a: Raging Bolt|Raging Bolt|100/100
|turn|18
|
|t:|1757930812
|move|p2a: Raging Bolt|Thunderbolt|p1a: Primarina
|-supereffective|p1a: Primarina
|-damage|p1a: Primarina|0 fnt
|faint|p1a: Primarina
|
|upkeep
|
|t:|1757930819
|switch|p1a: Dragapult|Dragapult, M, shiny, tera:Dragon|100/100
|turn|19
|
|t:|1757930821
|-end|p2a: Raging Bolt|Protosynthesis|[silent]
|switch|p2a: Corviknight|Corviknight, F|94/100 brn
|-ability|p2a: Corviknight|Pressure
|move|p1a: Dragapult|Dragon Darts|p2a: Corviknight
|-resisted|p2a: Corviknight
|-crit|p2a: Corviknight
|-damage|p2a: Corviknight|74/100 brn
|-anim|p1a: Dragapult|Dragon Darts|p2a: Corviknight
|-resisted|p2a: Corviknight
|-damage|p2a: Corviknight|59/100 brn
|
|-damage|p2a: Corviknight|53/100 brn|[from] brn
|upkeep
|turn|20
|
|t:|1757930830
|move|p1a: Dragapult|Dragon Darts|p2a: Corviknight
|-resisted|p2a: Corviknight
|-damage|p2a: Corviknight|38/100 brn
|-anim|p1a: Dragapult|Dragon Darts|p2a: Corviknight
|-resisted|p2a: Corviknight
|-damage|p2a: Corviknight|23/100 brn
|move|p2a: Corviknight|Roost|p2a: Corviknight
|-heal|p2a: Corviknight|73/100 brn
|-singleturn|p2a: Corviknight|move: Roost
|
|-damage|p2a: Corviknight|67/100 brn|[from] brn
|upkeep
|turn|21
|
|t:|1757930835
|switch|p1a: Iron Crown|Iron Crown|11/100
|move|p2a: Corviknight|U-turn|p1a: Iron Crown
|-damage|p1a: Iron Crown|3/100
|
|t:|1757930839
|switch|p2a: Darkrai|Darkrai|78/100|[from] U-turn
|
|upkeep
|turn|22
|
|t:|1757930848
|move|p2a: Darkrai|Ice Beam|p1a: Iron Crown
|-resisted|p1a: Iron Crown
|-damage|p1a: Iron Crown|0 fnt
|faint|p1a: Iron Crown
|-end|p1a: Iron Crown|Quark Drive|[silent]
|
|upkeep
|
|t:|1757930850
|switch|p1a: Moltres|Moltres|96/100
|turn|23
|
|t:|1757930854
|switch|p2a: Raging Bolt|Raging Bolt|100/100
|move|p1a: Moltres|Flamethrower|p2a: Raging Bolt
|-resisted|p2a: Raging Bolt
|-damage|p2a: Raging Bolt|83/100
|
|-heal|p2a: Raging Bolt|89/100|[from] item: Leftovers
|upkeep
|turn|24
|
|t:|1757930859
|move|p2a: Raging Bolt|Draco Meteor|p1a: Moltres
|-damage|p1a: Moltres|29/100
|-unboost|p2a: Raging Bolt|spa|2
|move|p1a: Moltres|Will-O-Wisp|p2a: Raging Bolt
|-status|p2a: Raging Bolt|brn
|
|-heal|p2a: Raging Bolt|95/100 brn|[from] item: Leftovers
|-damage|p2a: Raging Bolt|89/100 brn|[from] brn
|upkeep
|turn|25
|
|t:|1757930864
|move|p2a: Raging Bolt|Thunderbolt|p1a: Moltres
|-supereffective|p1a: Moltres
|-damage|p1a: Moltres|0 fnt
|faint|p1a: Moltres
|
|-heal|p2a: Raging Bolt|95/100 brn|[from] item: Leftovers
|-damage|p2a: Raging Bolt|89/100 brn|[from] brn
|upkeep
|
|t:|1757930867
|switch|p1a: Dragapult|Dragapult, M, shiny, tera:Dragon|100/100
|turn|26
|
|t:|1757930872
|move|p1a: Dragapult|Dragon Darts|p2a: Raging Bolt
|-supereffective|p2a: Raging Bolt
|-damage|p2a: Raging Bolt|1/100 brn
|-anim|p1a: Dragapult|Dragon Darts|p2a: Raging Bolt
|-supereffective|p2a: Raging Bolt
|-damage|p2a: Raging Bolt|0 fnt
|faint|p2a: Raging Bolt
|-end|p2a: Raging Bolt|Protosynthesis|[silent]
|
|upkeep
|
|t:|1757930874
|switch|p2a: Corviknight|Corviknight, F|67/100 brn
|-ability|p2a: Corviknight|Pressure
|turn|27
|
|t:|1757930876
|move|p1a: Dragapult|Dragon Darts|p2a: Corviknight
|-resisted|p2a: Corviknight
|-damage|p2a: Corviknight|52/100 brn
|-anim|p1a: Dragapult|Dragon Darts|p2a: Corviknight
|-resisted|p2a: Corviknight
|-damage|p2a: Corviknight|38/100 brn
|move|p2a: Corviknight|Roost|p2a: Corviknight
|-heal|p2a: Corviknight|88/100 brn
|-singleturn|p2a: Corviknight|move: Roost
|
|-damage|p2a: Corviknight|82/100 brn|[from] brn
|upkeep
|turn|28
|
|t:|1757930883
|move|p1a: Dragapult|Dragon Darts|p2a: Corviknight
|-resisted|p2a: Corviknight
|-damage|p2a: Corviknight|68/100 brn
|-anim|p1a: Dragapult|Dragon Darts|p2a: Corviknight
|-resisted|p2a: Corviknight
|-damage|p2a: Corviknight|54/100 brn
|move|p2a: Corviknight|Roost|p2a: Corviknight
|-heal|p2a: Corviknight|100/100 brn
|-singleturn|p2a: Corviknight|move: Roost
|
|-damage|p2a: Corviknight|94/100 brn|[from] brn
|upkeep
|turn|29
|
|t:|1757930887
|move|p1a: Dragapult|Dragon Darts|p2a: Corviknight
|-resisted|p2a: Corviknight
|-damage|p2a: Corviknight|80/100 brn
|-anim|p1a: Dragapult|Dragon Darts|p2a: Corviknight
|-resisted|p2a: Corviknight
|-damage|p2a: Corviknight|65/100 brn
|move|p2a: Corviknight|Roost|p2a: Corviknight
|-heal|p2a: Corviknight|100/100 brn
|-singleturn|p2a: Corviknight|move: Roost
|
|-damage|p2a: Corviknight|94/100 brn|[from] brn
|upkeep
|turn|30
|
|t:|1757930890
|-activate|p1a: Dragapult|move: Struggle
|move|p1a: Dragapult|Struggle|p2a: Corviknight
|-damage|p2a: Corviknight|80/100 brn
|-damage|p1a: Dragapult|84/100|[from] item: Rocky Helmet|[of] p2a: Corviknight
|-damage|p1a: Dragapult|59/100|[from] recoil
|move|p2a: Corviknight|Brave Bird|p1a: Dragapult
|-damage|p1a: Dragapult|33/100
|-damage|p2a: Corviknight|74/100 brn|[from] Recoil
|
|-damage|p2a: Corviknight|68/100 brn|[from] brn
|upkeep
|turn|31
|
|t:|1757930893
|-activate|p1a: Dragapult|move: Struggle
|move|p1a: Dragapult|Struggle|p2a: Corviknight
|-damage|p2a: Corviknight|54/100 brn
|-damage|p1a: Dragapult|17/100|[from] item: Rocky Helmet|[of] p2a: Corviknight
|-damage|p1a: Dragapult|0 fnt|[from] recoil
|faint|p1a: Dragapult
|
|win|Fhantazy
|raw|hitmongigas's rating: 1514 &rarr; <strong>1492</strong><br />(-22 for losing)
|raw|Fhantazy's rating: 1474 &rarr; <strong>1496</strong><br />(+22 for winning)
|l|☆Fhantazy
|player|p2|
|l|☆hitmongigas
|player|p1|
