|j|☆Lgm4905
|j|☆Ieigh
|t:|1757865294
|gametype|singles
|player|p1|Lgm4905|2|1112
|player|p2|Ieigh|101|1083
|gen|9
|tier|[Gen 9] OU
|rated|
|rule|HP Percentage Mod: HP is shown in percentages
|rule|Endless Battle Clause: Forcing endless battles is banned
|rule|Species Clause: Limit one of each Pokémon
|rule|OHKO Clause: OHKO moves are banned
|rule|Evasion Items Clause: Evasion items are banned
|rule|Evasion Moves Clause: Evasion moves are banned
|rule|Evasion Abilities Clause: Evasion abilities are banned
|rule|Sleep Moves Clause: Sleep-inducing moves are banned
|clearpoke
|poke|p1|Kingambit, M|
|poke|p1|Great Tusk|
|poke|p1|Mandibuzz, F|
|poke|p1|Tinkaton, F|
|poke|p1|Mew|
|poke|p1|Beartic, F|
|poke|p2|Quaquaval, F|
|poke|p2|Lapras, M|
|poke|p2|Typhlosion, M|
|poke|p2|Latios, M|
|poke|p2|Talonflame, M|
|poke|p2|Iron Leaves|
|teampreview
|
|t:|1757865305
|teamsize|p1|6
|teamsize|p2|6
|start
|switch|p1a: Great Tusk|Great Tusk|100/100
|switch|p2a: Quaquaval|Quaquaval, F|100/100
|turn|1
|
|t:|1757865314
|move|p2a: Quaquaval|Aqua Step|p1a: Great Tusk
|-supereffective|p1a: Great Tusk
|-damage|p1a: Great Tusk|34/100
|-boost|p2a: Quaquaval|spe|1
|move|p1a: Great Tusk|Stealth Rock|p2a: Quaquaval
|-sidestart|p2: Ieigh|move: Stealth Rock
|
|upkeep
|turn|2
|
|t:|1757865328
|move|p2a: Quaquaval|Aqua Step|p1a: Great Tusk
|-supereffective|p1a: Great Tusk
|-damage|p1a: Great Tusk|0 fnt
|-boost|p2a: Quaquaval|spe|1
|faint|p1a: Great Tusk
|-end|p1a: Great Tusk|Protosynthesis|[silent]
|-ability|p2a: Quaquaval|Moxie|boost
|-boost|p2a: Quaquaval|atk|1
|
|upkeep
|
|t:|1757865333
|switch|p1a: Beartic|Beartic, F|100/100
|turn|3
|
|t:|1757865341
|switch|p2a: Typhlosion|Typhlosion, M, shiny|100/100
|-damage|p2a: Typhlosion|76/100|[from] Stealth Rock
|move|p1a: Beartic|Swords Dance|p1a: Beartic
|-boost|p1a: Beartic|atk|2
|
|-heal|p2a: Typhlosion|82/100|[from] item: Leftovers
|upkeep
|turn|4
|
|t:|1757865352
|-terastallize|p1a: Beartic|Fighting
|move|p2a: Typhlosion|Eruption|p1a: Beartic
|-damage|p1a: Beartic|26/100
|move|p1a: Beartic|Earthquake|p2a: Typhlosion
|-supereffective|p2a: Typhlosion
|-damage|p2a: Typhlosion|0 fnt
|faint|p2a: Typhlosion
|
|upkeep
|
|t:|1757865366
|switch|p2a: Quaquaval|Quaquaval, F|100/100
|-damage|p2a: Quaquaval|94/100|[from] Stealth Rock
|turn|5
|
|t:|1757865372
|move|p2a: Quaquaval|Close Combat|p1a: Beartic
|-damage|p1a: Beartic|0 fnt
|-unboost|p2a: Quaquaval|def|1
|-unboost|p2a: Quaquaval|spd|1
|faint|p1a: Beartic
|-ability|p2a: Quaquaval|Moxie|boost
|-boost|p2a: Quaquaval|atk|1
|
|upkeep
|
|t:|1757865378
|switch|p1a: Mew|Mew|100/100
|turn|6
|
|t:|1757865398
|switch|p2a: Latios|Latios, M|100/100
|-damage|p2a: Latios|88/100|[from] Stealth Rock
|move|p1a: Mew|Will-O-Wisp|p2a: Latios
|-status|p2a: Latios|brn
|
|-damage|p2a: Latios|82/100 brn|[from] brn
|upkeep
|turn|7
|
|t:|1757865413
|move|p2a: Latios|Tailwind|p2a: Latios
|-sidestart|p2: Ieigh|move: Tailwind
|move|p1a: Mew|Knock Off|p2a: Latios
|-supereffective|p2a: Latios
|-damage|p2a: Latios|28/100 brn
|-enditem|p2a: Latios|Soul Dew|[from] move: Knock Off|[of] p1a: Mew
|
|-damage|p2a: Latios|22/100 brn|[from] brn
|upkeep
|turn|8
|
|t:|1757865438
|move|p2a: Latios|Chilling Water|p1a: Mew
|-damage|p1a: Mew|85/100
|-unboost|p1a: Mew|atk|1
|move|p1a: Mew|Knock Off|p2a: Latios
|-supereffective|p2a: Latios
|-damage|p2a: Latios|0 fnt
|faint|p2a: Latios
|
|upkeep
|
|t:|1757865452
|switch|p2a: Talonflame|Talonflame, M|100/100
|turn|9
|
|t:|1757865474
|move|p2a: Talonflame|Defog|p1a: Mew
|-unboost|p1a: Mew|evasion|1
|-sideend|p2: Ieigh|Stealth Rock|[from] move: Defog|[of] p2a: Talonflame
|move|p1a: Mew|Knock Off|p2a: Talonflame
|-damage|p2a: Talonflame|79/100
|-enditem|p2a: Talonflame|Heavy-Duty Boots|[from] move: Knock Off|[of] p1a: Mew
|
|upkeep
|turn|10
|
|t:|1757865490
|move|p2a: Talonflame|Defog|p1a: Mew
|-unboost|p1a: Mew|evasion|1
|move|p1a: Mew|Psychic|p2a: Talonflame
|-damage|p2a: Talonflame|31/100
|
|-sideend|p2: Ieigh|move: Tailwind
|upkeep
|turn|11
|
|t:|1757865507
|move|p2a: Talonflame|Tailwind|p2a: Talonflame
|-sidestart|p2: Ieigh|move: Tailwind
|move|p1a: Mew|Psychic|p2a: Talonflame
|-damage|p2a: Talonflame|0 fnt
|faint|p2a: Talonflame
|
|upkeep
|
|t:|1757865513
|switch|p2a: Iron Leaves|Iron Leaves|100/100
|-enditem|p2a: Iron Leaves|Booster Energy
|-activate|p2a: Iron Leaves|ability: Quark Drive|[fromitem]
|-start|p2a: Iron Leaves|quarkdriveatk
|turn|12
|
|t:|1757865520
|move|p2a: Iron Leaves|Megahorn|p1a: Mew
|-supereffective|p1a: Mew
|-damage|p1a: Mew|15/100
|move|p1a: Mew|Knock Off|p2a: Iron Leaves
|-supereffective|p2a: Iron Leaves
|-damage|p2a: Iron Leaves|79/100
|
|upkeep
|turn|13
|
|t:|1757865527
|move|p2a: Iron Leaves|Megahorn|p1a: Mew
|-supereffective|p1a: Mew
|-damage|p1a: Mew|0 fnt
|faint|p1a: Mew
|
|upkeep
|
|t:|1757865541
|switch|p1a: Tinkaton|Tinkaton, F|100/100
|-item|p1a: Tinkaton|Air Balloon
|turn|14
|
|t:|1757865562
|move|p2a: Iron Leaves|Sacred Sword|p1a: Tinkaton
|-damage|p1a: Tinkaton|56/100
|-enditem|p1a: Tinkaton|Air Balloon
|move|p1a: Tinkaton|Gigaton Hammer|p2a: Iron Leaves
|-damage|p2a: Iron Leaves|25/100
|
|-sideend|p2: Ieigh|move: Tailwind
|upkeep
|turn|15
|
|t:|1757865575
|move|p2a: Iron Leaves|Sacred Sword|p1a: Tinkaton
|-damage|p1a: Tinkaton|10/100
|move|p1a: Tinkaton|Thunder Wave|p2a: Iron Leaves
|-status|p2a: Iron Leaves|par
|
|upkeep
|turn|16
|
|t:|1757865583
|move|p1a: Tinkaton|Gigaton Hammer|p2a: Iron Leaves
|-damage|p2a: Iron Leaves|0 fnt
|faint|p2a: Iron Leaves
|-end|p2a: Iron Leaves|Quark Drive|[silent]
|
|upkeep
|
|t:|1757865597
|switch|p2a: Quaquaval|Quaquaval, F|94/100
|turn|17
|
|t:|1757865603
|move|p2a: Quaquaval|Close Combat|p1a: Tinkaton
|-damage|p1a: Tinkaton|0 fnt
|-unboost|p2a: Quaquaval|def|1
|-unboost|p2a: Quaquaval|spd|1
|faint|p1a: Tinkaton
|-ability|p2a: Quaquaval|Moxie|boost
|-boost|p2a: Quaquaval|atk|1
|
|upkeep
|
|t:|1757865608
|switch|p1a: Mandibuzz|Mandibuzz, F|100/100
|turn|18
|
|t:|1757865613
|switch|p2a: Lapras|Lapras, M|100/100
|move|p1a: Mandibuzz|Toxic|p2a: Lapras|[miss]
|-miss|p1a: Mandibuzz|p2a: Lapras
|
|upkeep
|turn|19
|
|t:|1757865619
|move|p1a: Mandibuzz|Toxic|p2a: Lapras
|-status|p2a: Lapras|tox
|move|p2a: Lapras|Dragon Dance|p2a: Lapras
|-boost|p2a: Lapras|atk|1
|-boost|p2a: Lapras|spe|1
|
|-damage|p2a: Lapras|94/100 tox|[from] psn
|upkeep
|turn|20
|
|t:|1757865627
|move|p2a: Lapras|Dragon Dance|p2a: Lapras
|-boost|p2a: Lapras|atk|1
|-boost|p2a: Lapras|spe|1
|move|p1a: Mandibuzz|Iron Defense|p1a: Mandibuzz
|-boost|p1a: Mandibuzz|def|2
|
|-heal|p2a: Lapras|100/100 tox|[from] item: Leftovers
|-damage|p2a: Lapras|88/100 tox|[from] psn
|upkeep
|turn|21
|
|t:|1757865636
|move|p2a: Lapras|Ice Shard|p1a: Mandibuzz
|-supereffective|p1a: Mandibuzz
|-damage|p1a: Mandibuzz|86/100
|move|p1a: Mandibuzz|Iron Defense|p1a: Mandibuzz
|-boost|p1a: Mandibuzz|def|2
|
|-heal|p2a: Lapras|94/100 tox|[from] item: Leftovers
|-damage|p2a: Lapras|75/100 tox|[from] psn
|upkeep
|turn|22
|
|t:|1757865644
|move|p2a: Lapras|Dragon Dance|p2a: Lapras
|-boost|p2a: Lapras|atk|1
|-boost|p2a: Lapras|spe|1
|move|p1a: Mandibuzz|Iron Defense|p1a: Mandibuzz
|-boost|p1a: Mandibuzz|def|2
|
|-heal|p2a: Lapras|82/100 tox|[from] item: Leftovers
|-damage|p2a: Lapras|57/100 tox|[from] psn
|upkeep
|turn|23
|
|t:|1757865651
|move|p2a: Lapras|Dragon Dance|p2a: Lapras
|-boost|p2a: Lapras|atk|1
|-boost|p2a: Lapras|spe|1
|move|p1a: Mandibuzz|Roost|p1a: Mandibuzz
|-heal|p1a: Mandibuzz|100/100
|-singleturn|p1a: Mandibuzz|move: Roost
|
|-heal|p2a: Lapras|63/100 tox|[from] item: Leftovers
|-damage|p2a: Lapras|32/100 tox|[from] psn
|upkeep
|turn|24
|
|t:|1757865662
|move|p2a: Lapras|Iron Head|p1a: Mandibuzz
|-damage|p1a: Mandibuzz|94/100
|move|p1a: Mandibuzz|Roost|p1a: Mandibuzz
|-heal|p1a: Mandibuzz|100/100
|-singleturn|p1a: Mandibuzz|move: Roost
|
|-heal|p2a: Lapras|38/100 tox|[from] item: Leftovers
|-damage|p2a: Lapras|0 fnt|[from] psn
|faint|p2a: Lapras
|upkeep
|
|t:|1757865671
|switch|p2a: Quaquaval|Quaquaval, F|94/100
|turn|25
|
|t:|1757865676
|move|p2a: Quaquaval|Close Combat|p1a: Mandibuzz
|-damage|p1a: Mandibuzz|92/100
|-unboost|p2a: Quaquaval|def|1
|-unboost|p2a: Quaquaval|spd|1
|move|p1a: Mandibuzz|Toxic|p2a: Quaquaval|[miss]
|-miss|p1a: Mandibuzz|p2a: Quaquaval
|
|upkeep
|turn|26
|-message|Ieigh forfeited.
|
|win|Lgm4905
|raw|Lgm4905's rating: 1112 &rarr; <strong>1135</strong><br />(+23 for winning)
|raw|Ieigh's rating: 1083 &rarr; <strong>1062</strong><br />(-21 for losing)
|l|☆Ieigh
|player|p2|
|l|☆Lgm4905
|player|p1|
|j|☆Lgm4905
|player|p1|Lgm4905|2|
|l|☆Lgm4905
|player|p1|
|j|☆Lgm4905
|player|p1|Lgm4905|2|
