|j|☆carloss prates
|j|☆imprisonpaulgeorge
|t:|1757943942
|gametype|singles
|player|p1|carloss prates|bruno|1586
|player|p2|imprisonpaulgeorge|170|1534
|gen|9
|tier|[Gen 9] OU
|rated|
|rule|HP Percentage Mod: HP is shown in percentages
|rule|Endless Battle Clause: Forcing endless battles is banned
|rule|Species Clause: Limit one of each Pokémon
|rule|OHKO Clause: OHKO moves are banned
|rule|Evasion Items Clause: Evasion items are banned
|rule|Evasion Moves Clause: Evasion moves are banned
|rule|Evasion Abilities Clause: Evasion abilities are banned
|rule|Sleep Moves Clause: Sleep-inducing moves are banned
|clearpoke
|poke|p1|Landorus-Therian, M|
|poke|p1|Samurott-Hisui, M|
|poke|p1|Pecharunt|
|poke|p1|Scizor, M|
|poke|p1|Latios, M|
|poke|p1|Zamazenta-*|
|poke|p2|Heatran, M|
|poke|p2|Rillaboom, M|
|poke|p2|Ogerpon-Wellspring, F|
|poke|p2|Dragapult, M|
|poke|p2|Great Tusk|
|poke|p2|Bronzong|
|teampreview
|inactive|Battle timer is ON: inactive players will automatically lose when time's up. (requested by imprisonpaulgeorge)
|inactive|carloss prates has 120 seconds left.
|
|t:|1757943994
|teamsize|p1|6
|teamsize|p2|6
|start
|switch|p1a: Samurott|Samurott-Hisui, M|100/100
|switch|p2a: Starforce|Ogerpon-Wellspring, F|100/100
|turn|1
|
|t:|1757944001
|switch|p1a: Pecharunt|Pecharunt|100/100
|move|p2a: Starforce|Play Rough|p1a: Pecharunt
|-resisted|p1a: Pecharunt
|-damage|p1a: Pecharunt|88/100
|
|upkeep
|turn|2
|
|t:|1757944007
|switch|p2a: Starlink|Bronzong, shiny|100/100
|move|p1a: Pecharunt|Parting Shot|p2a: Starlink
|-unboost|p2a: Starlink|atk|1
|-unboost|p2a: Starlink|spa|1
|
|t:|1757944009
|switch|p1a: Samurott|Samurott-Hisui, M|100/100|[from] Parting Shot
|
|upkeep
|turn|3
|
|t:|1757944013
|move|p1a: Samurott|Ceaseless Edge|p2a: Starlink|[miss]
|-miss|p1a: Samurott|p2a: Starlink
|move|p2a: Starlink|Body Press|p1a: Samurott
|-supereffective|p1a: Samurott
|-damage|p1a: Samurott|30/100
|
|upkeep
|turn|4
|
|t:|1757944020
|move|p1a: Samurott|Ceaseless Edge|p2a: Starlink
|-supereffective|p2a: Starlink
|-enditem|p2a: Starlink|Colbur Berry|[eat]
|-enditem|p2a: Starlink|Colbur Berry|[weaken]
|-damage|p2a: Starlink|67/100
|-sidestart|p2: imprisonpaulgeorge|Spikes
|move|p2a: Starlink|Body Press|p1a: Samurott
|-supereffective|p1a: Samurott
|-damage|p1a: Samurott|0 fnt
|faint|p1a: Samurott
|
|upkeep
|
|t:|1757944026
|switch|p1a: Landorus|Landorus-Therian, M|100/100
|-ability|p1a: Landorus|Intimidate|boost
|-unboost|p2a: Starlink|atk|1
|turn|5
|
|t:|1757944030
|move|p1a: Landorus|Stealth Rock|p2a: Starlink
|-sidestart|p2: imprisonpaulgeorge|move: Stealth Rock
|move|p2a: Starlink|Stealth Rock|p1a: Landorus
|-sidestart|p1: carloss prates|move: Stealth Rock
|
|upkeep
|turn|6
|
|t:|1757944032
|move|p1a: Landorus|Smack Down|p2a: Starlink
|-resisted|p2a: Starlink
|-damage|p2a: Starlink|62/100
|-start|p2a: Starlink|Smack Down
|move|p2a: Starlink|Future Sight|p1a: Landorus
|-start|p2a: Starlink|move: Future Sight
|
|upkeep
|turn|7
|
|t:|1757944036
|switch|p2a: Stardrum|Rillaboom, M|100/100
|-damage|p2a: Stardrum|88/100|[from] Spikes
|-damage|p2a: Stardrum|75/100|[from] Stealth Rock
|-fieldstart|move: Grassy Terrain|[from] ability: Grassy Surge|[of] p2a: Stardrum
|move|p1a: Landorus|U-turn|p2a: Stardrum
|-supereffective|p2a: Stardrum
|-crit|p2a: Stardrum
|-damage|p2a: Stardrum|16/100
|
|t:|1757944040
|switch|p1a: Scizor|Scizor, M|100/100|[from] U-turn
|
|-heal|p2a: Stardrum|22/100|[from] Grassy Terrain
|upkeep
|turn|8
|
|t:|1757944043
|switch|p2a: Starblaze|Heatran, M|100/100
|-damage|p2a: Starblaze|88/100|[from] Spikes
|-damage|p2a: Starblaze|76/100|[from] Stealth Rock
|move|p1a: Scizor|Bullet Punch|p2a: Starblaze
|-resisted|p2a: Starblaze
|-damage|p2a: Starblaze|69/100
|
|-end|p1a: Scizor|move: Future Sight
|-resisted|p1a: Scizor
|-damage|p1a: Scizor|76/100
|-heal|p1a: Scizor|82/100|[from] Grassy Terrain
|-heal|p2a: Starblaze|75/100|[from] Grassy Terrain
|-heal|p2a: Starblaze|81/100|[from] item: Leftovers
|upkeep
|turn|9
|
|t:|1757944051
|switch|p1a: Landorus|Landorus-Therian, M|100/100
|-damage|p1a: Landorus|88/100|[from] Stealth Rock
|-ability|p1a: Landorus|Intimidate|boost
|-unboost|p2a: Starblaze|atk|1
|move|p2a: Starblaze|Magma Storm|p1a: Landorus
|-damage|p1a: Landorus|38/100
|-activate|p1a: Landorus|move: Magma Storm|[of] p2a: Starblaze
|
|-heal|p2a: Starblaze|88/100|[from] Grassy Terrain
|-heal|p2a: Starblaze|94/100|[from] item: Leftovers
|-damage|p1a: Landorus|26/100|[from] move: Magma Storm|[partiallytrapped]
|upkeep
|turn|10
|
|t:|1757944065
|switch|p2a: Stardrum|Rillaboom, M|22/100
|-damage|p2a: Stardrum|10/100|[from] Spikes
|-damage|p2a: Stardrum|0 fnt|[from] Stealth Rock
|faint|p2a: Stardrum
|move|p1a: Landorus|Earthquake|p2: Stardrum|[notarget]
|-fail|p1a: Landorus
|
|-end|p1a: Landorus|Magma Storm|[partiallytrapped]|[silent]
|upkeep
|
|t:|1757944078
|switch|p2a: Starburst|Great Tusk|100/100
|-damage|p2a: Starburst|88/100|[from] Spikes
|-damage|p2a: Starburst|85/100|[from] Stealth Rock
|turn|11
|
|t:|1757944093
|move|p1a: Landorus|Stealth Rock||[still]
|-fail|p1a: Landorus
|move|p2a: Starburst|Headlong Rush|p1a: Landorus
|-immune|p1a: Landorus
|
|-heal|p2a: Starburst|91/100|[from] Grassy Terrain
|upkeep
|turn|12
|
|t:|1757944097
|switch|p1a: Pecharunt|Pecharunt|88/100
|move|p2a: Starburst|Rapid Spin|p1a: Pecharunt
|-immune|p1a: Pecharunt
|
|-heal|p1a: Pecharunt|94/100|[from] Grassy Terrain
|-heal|p2a: Starburst|98/100|[from] Grassy Terrain
|upkeep
|turn|13
|
|t:|1757944100
|move|p1a: Pecharunt|Malignant Chain|p2a: Starburst
|-resisted|p2a: Starburst
|-damage|p2a: Starburst|75/100
|move|p2a: Starburst|Headlong Rush|p1a: Pecharunt
|-supereffective|p1a: Pecharunt
|-damage|p1a: Pecharunt|21/100
|-unboost|p2a: Starburst|def|1
|-unboost|p2a: Starburst|spd|1
|
|-heal|p1a: Pecharunt|27/100|[from] Grassy Terrain
|-heal|p2a: Starburst|82/100|[from] Grassy Terrain
|upkeep
|turn|14
|
|t:|1757944109
|-terastallize|p1a: Pecharunt|Ghost
|move|p1a: Pecharunt|Recover|p1a: Pecharunt
|-heal|p1a: Pecharunt|77/100
|move|p2a: Starburst|Rapid Spin|p1a: Pecharunt
|-immune|p1a: Pecharunt
|
|-heal|p1a: Pecharunt|83/100|[from] Grassy Terrain
|-heal|p2a: Starburst|88/100|[from] Grassy Terrain
|-fieldend|move: Grassy Terrain
|upkeep
|turn|15
|
|t:|1757944118
|-end|p2a: Starburst|Protosynthesis|[silent]
|switch|p2a: Starblaze|Heatran, M|94/100
|-damage|p2a: Starblaze|81/100|[from] Spikes
|-damage|p2a: Starblaze|69/100|[from] Stealth Rock
|move|p1a: Pecharunt|Shadow Ball|p2a: Starblaze
|-damage|p2a: Starblaze|48/100
|
|-heal|p2a: Starblaze|54/100|[from] item: Leftovers
|upkeep
|turn|16
|
|t:|1757944127
|move|p1a: Pecharunt|Parting Shot|p2a: Starblaze
|-unboost|p2a: Starblaze|atk|1
|-unboost|p2a: Starblaze|spa|1
|
|t:|1757944129
|switch|p1a: Latios|Latios, M|100/100|[from] Parting Shot
|-damage|p1a: Latios|88/100|[from] Stealth Rock
|move|p2a: Starblaze|Magma Storm|p1a: Latios|[miss]
|-miss|p2a: Starblaze|p1a: Latios
|
|-heal|p2a: Starblaze|61/100|[from] item: Leftovers
|upkeep
|turn|17
|
|t:|1757944134
|move|p1a: Latios|Calm Mind|p1a: Latios
|-boost|p1a: Latios|spa|1
|-boost|p1a: Latios|spd|1
|move|p2a: Starblaze|Heavy Slam|p1a: Latios
|-damage|p1a: Latios|56/100
|
|-heal|p2a: Starblaze|67/100|[from] item: Leftovers
|upkeep
|turn|18
|
|t:|1757944136
|move|p1a: Latios|Psychic Noise|p2a: Starblaze
|-resisted|p2a: Starblaze
|-damage|p2a: Starblaze|43/100
|-start|p2a: Starblaze|move: Heal Block
|move|p2a: Starblaze|Taunt|p1a: Latios
|-start|p1a: Latios|move: Taunt
|
|upkeep
|turn|19
|
|t:|1757944141
|move|p1a: Latios|Psychic Noise|p2a: Starblaze
|-resisted|p2a: Starblaze
|-damage|p2a: Starblaze|21/100
|move|p2a: Starblaze|Heavy Slam|p1a: Latios
|-crit|p1a: Latios
|-damage|p1a: Latios|0 fnt
|faint|p1a: Latios
|
|-end|p2a: Starblaze|move: Heal Block
|upkeep
|
|t:|1757944144
|switch|p1a: Landorus|Landorus-Therian, M|26/100
|-damage|p1a: Landorus|14/100|[from] Stealth Rock
|-ability|p1a: Landorus|Intimidate|boost
|-unboost|p2a: Starblaze|atk|1
|turn|20
|
|t:|1757944149
|move|p1a: Landorus|Earthquake|p2a: Starblaze
|-supereffective|p2a: Starblaze
|-damage|p2a: Starblaze|0 fnt
|faint|p2a: Starblaze
|
|upkeep
|
|t:|1757944169
|switch|p2a: Starscream|Dragapult, M|100/100
|-damage|p2a: Starscream|88/100|[from] Spikes
|-damage|p2a: Starscream|76/100|[from] Stealth Rock
|turn|21
|
|t:|1757944173
|move|p2a: Starscream|Shadow Ball|p1a: Landorus
|-damage|p1a: Landorus|0 fnt
|faint|p1a: Landorus
|
|upkeep
|
|t:|1757944175
|switch|p1a: Scizor|Scizor, M|82/100
|turn|22
|
|t:|1757944188
|move|p2a: Starscream|Shadow Ball|p1a: Scizor
|-damage|p1a: Scizor|2/100
|-unboost|p1a: Scizor|spd|1
|move|p1a: Scizor|Knock Off|p2a: Starscream
|-supereffective|p2a: Starscream
|-damage|p2a: Starscream|0 fnt
|-enditem|p2a: Starscream|Choice Specs|[from] move: Knock Off|[of] p1a: Scizor
|faint|p2a: Starscream
|
|upkeep
|-message|imprisonpaulgeorge forfeited.
|
|win|carloss prates
|raw|carloss prates's rating: 1586 &rarr; <strong>1603</strong><br />(+17 for winning)
|raw|imprisonpaulgeorge's rating: 1534 &rarr; <strong>1517</strong><br />(-17 for losing)
|l|☆imprisonpaulgeorge
|player|p2|
|l|☆carloss prates
|player|p1|
