|j|☆oasyin
|j|‽LT91BB incelman
|t:|1757824773
|gametype|singles
|player|p1|oasyin|bede-masters|1478
|player|p2|LT91BB incelman|miku-ice|1498
|gen|9
|tier|[Gen 9] OU
|rated|
|rule|HP Percentage Mod: HP is shown in percentages
|rule|Endless Battle Clause: Forcing endless battles is banned
|rule|Species Clause: Limit one of each Pokémon
|rule|OHKO Clause: OHKO moves are banned
|rule|Evasion Items Clause: Evasion items are banned
|rule|Evasion Moves Clause: Evasion moves are banned
|rule|Evasion Abilities Clause: Evasion abilities are banned
|rule|Sleep Moves Clause: Sleep-inducing moves are banned
|clearpoke
|poke|p1|Heatran, F|
|poke|p1|Hydrapple, M|
|poke|p1|Blissey, F|
|poke|p1|Alomomola, F|
|poke|p1|Gliscor, F|
|poke|p1|Corviknight, F|
|poke|p2|Regidrago|
|poke|p2|Great Tusk|
|poke|p2|Iron Treads|
|poke|p2|Iron Valiant|
|poke|p2|Tornadus-Therian, M|
|poke|p2|Kingambit, F|
|teampreview
|inactive|Battle timer is ON: inactive players will automatically lose when time's up. (requested by oasyin)
|
|t:|1757824786
|teamsize|p1|6
|teamsize|p2|6
|start
|switch|p1a: deep blue|Gliscor, F, shiny|100/100
|switch|p2a: Tornadus|Tornadus-Therian, M|100/100
|turn|1
|
|t:|1757824797
|move|p1a: deep blue|Protect|p1a: deep blue
|-singleturn|p1a: deep blue|Protect
|move|p2a: Tornadus|Nasty Plot|p2a: Tornadus
|-boost|p2a: Tornadus|spa|2
|
|-status|p1a: deep blue|tox|[from] item: Toxic Orb
|upkeep
|turn|2
|
|t:|1757824801
|switch|p1a: imperfect hatred|Blissey, F|100/100
|move|p2a: Tornadus|Bleakwind Storm|p1a: imperfect hatred
|-crit|p1a: imperfect hatred
|-damage|p1a: imperfect hatred|60/100
|-unboost|p1a: imperfect hatred|spe|1
|
|upkeep
|turn|3
|
|t:|1757824808
|move|p2a: Tornadus|Nasty Plot|p2a: Tornadus
|-boost|p2a: Tornadus|spa|2
|move|p1a: imperfect hatred|Soft-Boiled|p1a: imperfect hatred
|-heal|p1a: imperfect hatred|100/100
|
|upkeep
|turn|4
|
|t:|1757824813
|move|p2a: Tornadus|Bleakwind Storm|p1a: imperfect hatred
|-damage|p1a: imperfect hatred|56/100
|-unboost|p1a: imperfect hatred|spe|1
|move|p1a: imperfect hatred|Calm Mind|p1a: imperfect hatred
|-boost|p1a: imperfect hatred|spa|1
|-boost|p1a: imperfect hatred|spd|1
|
|upkeep
|turn|5
|
|t:|1757824820
|move|p2a: Tornadus|Nasty Plot|p2a: Tornadus
|-boost|p2a: Tornadus|spa|2
|move|p1a: imperfect hatred|Soft-Boiled|p1a: imperfect hatred
|-heal|p1a: imperfect hatred|100/100
|
|upkeep
|turn|6
|
|t:|1757824823
|move|p2a: Tornadus|Bleakwind Storm|p1a: imperfect hatred
|-damage|p1a: imperfect hatred|60/100
|move|p1a: imperfect hatred|Calm Mind|p1a: imperfect hatred
|-boost|p1a: imperfect hatred|spa|1
|-boost|p1a: imperfect hatred|spd|1
|
|upkeep
|turn|7
|
|t:|1757824828
|move|p2a: Tornadus|Bleakwind Storm|p1a: imperfect hatred
|-damage|p1a: imperfect hatred|33/100
|move|p1a: imperfect hatred|Soft-Boiled|p1a: imperfect hatred
|-heal|p1a: imperfect hatred|83/100
|
|upkeep
|turn|8
|
|t:|1757824833
|move|p2a: Tornadus|Bleakwind Storm|p1a: imperfect hatred
|-damage|p1a: imperfect hatred|53/100
|-unboost|p1a: imperfect hatred|spe|1
|move|p1a: imperfect hatred|Flamethrower|p2a: Tornadus
|-damage|p2a: Tornadus|59/100
|
|upkeep
|turn|9
|
|t:|1757824838
|move|p2a: Tornadus|Bleakwind Storm|p1a: imperfect hatred
|-damage|p1a: imperfect hatred|24/100
|move|p1a: imperfect hatred|Soft-Boiled|p1a: imperfect hatred
|-heal|p1a: imperfect hatred|74/100
|
|upkeep
|turn|10
|
|t:|1757824841
|move|p2a: Tornadus|Bleakwind Storm|p1a: imperfect hatred
|-damage|p1a: imperfect hatred|44/100
|-unboost|p1a: imperfect hatred|spe|1
|move|p1a: imperfect hatred|Calm Mind|p1a: imperfect hatred
|-boost|p1a: imperfect hatred|spa|1
|-boost|p1a: imperfect hatred|spd|1
|
|upkeep
|turn|11
|
|t:|1757824846
|move|p2a: Tornadus|Bleakwind Storm|p1a: imperfect hatred
|-damage|p1a: imperfect hatred|23/100
|move|p1a: imperfect hatred|Soft-Boiled|p1a: imperfect hatred
|-heal|p1a: imperfect hatred|73/100
|
|upkeep
|turn|12
|
|t:|1757824854
|move|p2a: Tornadus|Bleakwind Storm|p1a: imperfect hatred
|-damage|p1a: imperfect hatred|51/100
|-unboost|p1a: imperfect hatred|spe|1
|move|p1a: imperfect hatred|Flamethrower|p2a: Tornadus
|-damage|p2a: Tornadus|12/100
|
|upkeep
|turn|13
|
|t:|1757824864
|switch|p2a: Kingambit|Kingambit, F|100/100
|move|p1a: imperfect hatred|Soft-Boiled|p1a: imperfect hatred
|-heal|p1a: imperfect hatred|100/100
|
|upkeep
|turn|14
|
|t:|1757824870
|move|p2a: Kingambit|Iron Head|p1a: imperfect hatred
|-damage|p1a: imperfect hatred|53/100
|move|p1a: imperfect hatred|Flamethrower|p2a: Kingambit
|-supereffective|p2a: Kingambit
|-damage|p2a: Kingambit|4/100
|
|-heal|p2a: Kingambit|10/100|[from] item: Leftovers
|upkeep
|turn|15
|
|t:|1757824875
|switch|p1a: into the fire|Heatran, F|100/100
|move|p2a: Kingambit|Kowtow Cleave|p1a: into the fire
|-damage|p1a: into the fire|68/100
|
|-heal|p2a: Kingambit|17/100|[from] item: Leftovers
|upkeep
|turn|16
|
|t:|1757824883
|-end|p2a: Kingambit|fallenundefined|[silent]
|switch|p2a: Tornadus|Tornadus-Therian, M|45/100
|move|p1a: into the fire|Stealth Rock|p2a: Tornadus
|-sidestart|p2: LT91BB incelman|move: Stealth Rock
|
|upkeep
|turn|17
|
|t:|1757824894
|switch|p2a: Great Tusk|Great Tusk|100/100
|-damage|p2a: Great Tusk|98/100|[from] Stealth Rock
|switch|p1a: imperfect hatred|Blissey, F|53/100
|
|-heal|p2a: Great Tusk|100/100|[from] item: Leftovers
|upkeep
|turn|18
|
|t:|1757824900
|switch|p1a: into the fire|Heatran, F|68/100
|move|p2a: Great Tusk|Rapid Spin|p1a: into the fire
|-resisted|p1a: into the fire
|-damage|p1a: into the fire|63/100
|-boost|p2a: Great Tusk|spe|1
|-sideend|p2: LT91BB incelman|Stealth Rock|[from] move: Rapid Spin|[of] p2a: Great Tusk
|
|upkeep
|turn|19
|
|t:|1757824912
|-end|p2a: Great Tusk|Protosynthesis|[silent]
|switch|p2a: Tornadus|Tornadus-Therian, M|78/100
|switch|p1a: deep blue|Gliscor, F, shiny|100/100 tox
|
|upkeep
|turn|20
|
|t:|1757824916
|move|p2a: Tornadus|Bleakwind Storm|p1a: deep blue|[miss]
|-miss|p2a: Tornadus|p1a: deep blue
|move|p1a: deep blue|Toxic|p2a: Tornadus
|-status|p2a: Tornadus|tox
|
|-damage|p2a: Tornadus|72/100 tox|[from] psn
|upkeep
|turn|21
|
|t:|1757824923
|switch|p2a: Regidrago|Regidrago|100/100
|switch|p1a: imperfect hatred|Blissey, F|53/100
|
|upkeep
|turn|22
|
|t:|1757824929
|-terastallize|p2a: Regidrago|Dragon
|move|p2a: Regidrago|Dragon Energy|p1a: imperfect hatred
|-damage|p1a: imperfect hatred|0 fnt
|faint|p1a: imperfect hatred
|
|upkeep
|inactive|oasyin has 120 seconds left.
|
|t:|1757824962
|switch|p1a: deep blue|Gliscor, F, shiny|100/100 tox
|turn|23
|
|t:|1757824965
|-terastallize|p1a: deep blue|Steel
|move|p2a: Regidrago|Dragon Energy|p1a: deep blue
|-resisted|p1a: deep blue
|-damage|p1a: deep blue|1/100 tox
|move|p1a: deep blue|Knock Off|p2a: Regidrago
|-damage|p2a: Regidrago|76/100
|-enditem|p2a: Regidrago|Choice Specs|[from] move: Knock Off|[of] p1a: deep blue
|
|-heal|p1a: deep blue|14/100 tox|[from] ability: Poison Heal
|upkeep
|turn|24
|
|t:|1757824971
|move|p1a: deep blue|Protect|p1a: deep blue
|-singleturn|p1a: deep blue|Protect
|move|p2a: Regidrago|Dragon Energy|p1a: deep blue
|-activate|p1a: deep blue|move: Protect
|
|-heal|p1a: deep blue|26/100 tox|[from] ability: Poison Heal
|upkeep
|turn|25
|
|t:|1757824981
|switch|p1a: the cyber grind|Corviknight, F, shiny|100/100
|-ability|p1a: the cyber grind|Pressure
|move|p2a: Regidrago|Dragon Energy|p1a: the cyber grind
|-resisted|p1a: the cyber grind
|-damage|p1a: the cyber grind|37/100
|
|upkeep
|turn|26
|
|t:|1757824985
|switch|p1a: into the fire|Heatran, F|63/100
|move|p2a: Regidrago|Dragon Energy|p1a: into the fire
|-resisted|p1a: into the fire
|-damage|p1a: into the fire|17/100
|
|upkeep
|turn|27
|-message|oasyin forfeited.
|
|win|LT91BB incelman
|raw|oasyin's rating: 1478 &rarr; <strong>1459</strong><br />(-19 for losing)
|raw|LT91BB incelman's rating: 1498 &rarr; <strong>1517</strong><br />(+19 for winning)
|l|☆oasyin
|player|p1|
|l|‽LT91BB incelman
|player|p2|
