|j|☆sdv38
|j|☆meowshott
|t:|1757859906
|gametype|singles
|player|p1|sdv38|2|1313
|player|p2|meowshott|266|1267
|gen|9
|tier|[Gen 9] OU
|rated|
|rule|HP Percentage Mod: HP is shown in percentages
|rule|Endless Battle Clause: Forcing endless battles is banned
|rule|Species Clause: Limit one of each Pokémon
|rule|OHKO Clause: OHKO moves are banned
|rule|Evasion Items Clause: Evasion items are banned
|rule|Evasion Moves Clause: Evasion moves are banned
|rule|Evasion Abilities Clause: Evasion abilities are banned
|rule|Sleep Moves Clause: Sleep-inducing moves are banned
|clearpoke
|poke|p1|Ursaluna, M|
|poke|p1|Volcanion|
|poke|p1|Mimikyu, M|
|poke|p1|Indeedee, M|
|poke|p1|Hatterene, F|
|poke|p1|Hoopa-Unbound|
|poke|p2|Ninetales-Alola, F|
|poke|p2|Slowking-Galar, F|
|poke|p2|Articuno|
|poke|p2|Forretress, F|
|poke|p2|Sandslash-Alola, M|
|poke|p2|Regice|
|teampreview
|inactive|Battle timer is ON: inactive players will automatically lose when time's up. (requested by sdv38)
|inactive|meowshott also wants the timer to be on.
|
|t:|1757859915
|teamsize|p1|6
|teamsize|p2|6
|start
|switch|p1a: Indeedee|Indeedee, M|100/100
|switch|p2a: Forretress|Forretress, F|100/100
|-fieldstart|move: Psychic Terrain|[from] ability: Psychic Surge|[of] p1a: Indeedee
|turn|1
|
|t:|1757859926
|switch|p1a: Hatterene|Hatterene, F|100/100
|move|p2a: Forretress|Stealth Rock|p1a: Hatterene
|move|p1a: Hatterene|Stealth Rock|p2a: Forretress|[from] ability: Magic Bounce
|-sidestart|p2: meowshott|move: Stealth Rock
|
|upkeep
|turn|2
|
|t:|1757859932
|move|p2a: Forretress|Gyro Ball|p1a: Hatterene
|-supereffective|p1a: Hatterene
|-damage|p1a: Hatterene|87/100
|move|p1a: Hatterene|Trick Room|p1a: Hatterene
|-fieldstart|move: Trick Room|[of] p1a: Hatterene
|
|upkeep
|turn|3
|
|t:|1757859947
|switch|p2a: Slowking|Slowking-Galar, F|100/100
|-damage|p2a: Slowking|88/100|[from] Stealth Rock
|-terastallize|p1a: Hatterene|Stellar
|move|p1a: Hatterene|Mystical Fire|p2a: Slowking
|-damage|p2a: Slowking|60/100
|-unboost|p2a: Slowking|spa|1
|-damage|p1a: Hatterene|77/100|[from] item: Life Orb
|
|upkeep
|turn|4
|
|t:|1757859955
|move|p1a: Hatterene|Expanding Force|p2a: Slowking
|-damage|p2a: Slowking|0 fnt
|faint|p2a: Slowking
|-damage|p1a: Hatterene|67/100|[from] item: Life Orb
|
|upkeep
|
|t:|1757859959
|switch|p2a: Ninetales|Ninetales-Alola, F|100/100
|-damage|p2a: Ninetales|76/100|[from] Stealth Rock
|-weather|Snowscape|[from] ability: Snow Warning|[of] p2a: Ninetales
|turn|5
|
|t:|1757859963
|move|p1a: Hatterene|Expanding Force|p2a: Ninetales
|-damage|p2a: Ninetales|0 fnt
|faint|p2a: Ninetales
|-damage|p1a: Hatterene|57/100|[from] item: Life Orb
|
|-weather|Snowscape|[upkeep]
|upkeep
|
|t:|1757859967
|switch|p2a: Regice|Regice|100/100
|-damage|p2a: Regice|75/100|[from] Stealth Rock
|turn|6
|
|t:|1757859972
|move|p1a: Hatterene|Mystical Fire|p2a: Regice
|-supereffective|p2a: Regice
|-damage|p2a: Regice|38/100
|-unboost|p2a: Regice|spa|1
|-damage|p1a: Hatterene|48/100|[from] item: Life Orb
|move|p2a: Regice|Blizzard|p1a: Hatterene
|-damage|p1a: Hatterene|12/100
|
|-weather|Snowscape|[upkeep]
|-heal|p2a: Regice|44/100|[from] ability: Ice Body
|-heal|p2a: Regice|50/100|[from] item: Leftovers
|-fieldend|move: Trick Room
|upkeep
|turn|7
|
|t:|1757859978
|move|p2a: Regice|Blizzard|p1a: Hatterene
|-damage|p1a: Hatterene|0 fnt
|faint|p1a: Hatterene
|
|-weather|Snowscape|[upkeep]
|-heal|p2a: Regice|57/100|[from] ability: Ice Body
|-heal|p2a: Regice|63/100|[from] item: Leftovers
|upkeep
|
|t:|1757859985
|switch|p1a: Volcanion|Volcanion|100/100
|turn|8
|
|t:|1757859991
|move|p1a: Volcanion|Flamethrower|p2a: Regice
|-supereffective|p2a: Regice
|-damage|p2a: Regice|11/100
|-status|p2a: Regice|brn
|move|p2a: Regice|Thunderbolt|p1a: Volcanion
|-supereffective|p1a: Volcanion
|-damage|p1a: Volcanion|61/100
|
|-weather|Snowscape|[upkeep]
|-heal|p2a: Regice|18/100 brn|[from] ability: Ice Body
|-heal|p2a: Regice|24/100 brn|[from] item: Leftovers
|-damage|p2a: Regice|18/100 brn|[from] brn
|-fieldend|move: Psychic Terrain
|upkeep
|turn|9
|
|t:|1757859996
|switch|p1a: Indeedee|Indeedee, M|100/100
|-fieldstart|move: Psychic Terrain|[from] ability: Psychic Surge|[of] p1a: Indeedee
|move|p2a: Regice|Thunderbolt|p1a: Indeedee
|-damage|p1a: Indeedee|78/100
|
|-weather|Snowscape|[upkeep]
|-heal|p2a: Regice|24/100 brn|[from] ability: Ice Body
|-heal|p2a: Regice|30/100 brn|[from] item: Leftovers
|-damage|p2a: Regice|24/100 brn|[from] brn
|upkeep
|turn|10
|
|t:|1757860007
|switch|p1a: Mimikyu|Mimikyu, M, shiny|100/100
|move|p2a: Regice|Blizzard|p1a: Mimikyu
|-activate|p1a: Mimikyu|ability: Disguise
|-damage|p1a: Mimikyu|100/100
|detailschange|p1a: Mimikyu|Mimikyu-Busted, M, shiny
|-damage|p1a: Mimikyu|88/100|[from] pokemon: Mimikyu-Busted
|-enditem|p1a: Mimikyu|Red Card|[of] p2a: Regice
|drag|p2a: Sandslash|Sandslash-Alola, M, shiny|100/100
|-damage|p2a: Sandslash|88/100|[from] Stealth Rock
|
|-weather|Snowscape|[upkeep]
|upkeep
|turn|11
|
|t:|1757860014
|move|p2a: Sandslash|Triple Axel|p1a: Mimikyu
|-damage|p1a: Mimikyu|75/100
|-hitcount|p1a: Mimikyu|1
|-damage|p2a: Sandslash|78/100|[from] item: Life Orb
|move|p1a: Mimikyu|Trick Room|p1a: Mimikyu
|-fieldstart|move: Trick Room|[of] p1a: Mimikyu
|
|-weather|Snowscape|[upkeep]
|upkeep
|turn|12
|
|t:|1757860032
|switch|p1a: Hoopa|Hoopa-Unbound|100/100
|-enditem|p1a: Hoopa|Psychic Seed
|-boost|p1a: Hoopa|spd|1|[from] item: Psychic Seed
|move|p2a: Sandslash|Triple Axel|p1a: Hoopa|[miss]
|-miss|p2a: Sandslash|p1a: Hoopa
|
|-weather|none
|upkeep
|turn|13
|
|t:|1757860042
|move|p1a: Hoopa|Expanding Force|p2a: Sandslash
|-resisted|p2a: Sandslash
|-damage|p2a: Sandslash|0 fnt
|faint|p2a: Sandslash
|-item|p1a: Hoopa|Life Orb|[from] ability: Magician|[of] p2: Sandslash
|
|upkeep
|-message|meowshott forfeited.
|
|win|sdv38
|raw|sdv38's rating: 1313 &rarr; <strong>1330</strong><br />(+17 for winning)
|raw|meowshott's rating: 1267 &rarr; <strong>1245</strong><br />(-22 for losing)
|l|☆meowshott
|player|p2|
|l|☆sdv38
|player|p1|
