|j|☆3idk
|j|☆llll0319
|t:|1757927117
|gametype|singles
|player|p1|3idk|lusamine-masters|1548
|player|p2|llll0319|unknown|1568
|gen|9
|tier|[Gen 9] OU
|rated|
|rule|HP Percentage Mod: HP is shown in percentages
|rule|Endless Battle Clause: Forcing endless battles is banned
|rule|Species Clause: Limit one of each Pokémon
|rule|OHKO Clause: OHKO moves are banned
|rule|Evasion Items Clause: Evasion items are banned
|rule|Evasion Moves Clause: Evasion moves are banned
|rule|Evasion Abilities Clause: Evasion abilities are banned
|rule|Sleep Moves Clause: Sleep-inducing moves are banned
|clearpoke
|poke|p1|Tyranitar, F|
|poke|p1|Excadrill, F|
|poke|p1|Keldeo-Resolute|
|poke|p1|Tornadus-Therian, M|
|poke|p1|Heatran, F|
|poke|p1|Hydrapple, F|
|poke|p2|Hatterene, F|
|poke|p2|Enamorus-Therian, F|
|poke|p2|Indeedee-F, F|
|poke|p2|Hoopa-Unbound|
|poke|p2|Mimikyu, F|
|poke|p2|Ursaluna, F|
|teampreview
|inactive|Battle timer is ON: inactive players will automatically lose when time's up. (requested by 3idk)
|inactive|3idk has 120 seconds left.
|inactive|3idk has 90 seconds left.
|inactive|3idk has 60 seconds left.
|
|t:|1757927228
|teamsize|p1|6
|teamsize|p2|6
|start
|switch|p1a: Tyranitar|Tyranitar, F|100/100
|switch|p2a: Hatterene|Hatterene, F, shiny|100/100
|-weather|Sandstorm|[from] ability: Sand Stream|[of] p1a: Tyranitar
|turn|1
|
|t:|1757927236
|move|p1a: Tyranitar|Stone Edge|p2a: Hatterene
|-damage|p2a: Hatterene|10/100
|move|p2a: Hatterene|Trick Room|p2a: Hatterene
|-fieldstart|move: Trick Room|[of] p2a: Hatterene
|
|-weather|Sandstorm|[upkeep]
|-damage|p2a: Hatterene|4/100|[from] Sandstorm
|upkeep
|turn|2
|
|t:|1757927247
|switch|p1a: Heatran|Heatran, F|100/100
|move|p2a: Hatterene|Misty Explosion|p1a: Heatran
|-resisted|p1a: Heatran
|-damage|p1a: Heatran|91/100
|faint|p2a: Hatterene
|
|-weather|Sandstorm|[upkeep]
|-heal|p1a: Heatran|97/100|[from] item: Leftovers
|upkeep
|
|t:|1757927258
|switch|p2a: Ursaluna|Ursaluna, F|100/100
|turn|3
|
|t:|1757927265
|switch|p1a: Hydrapple|Hydrapple, F|100/100
|move|p2a: Ursaluna|Facade|p1a: Hydrapple
|-damage|p1a: Hydrapple|77/100
|-damage|p2a: Ursaluna|84/100|[from] item: Rocky Helmet|[of] p1a: Hydrapple
|
|-weather|Sandstorm|[upkeep]
|-damage|p1a: Hydrapple|71/100|[from] Sandstorm
|-status|p2a: Ursaluna|brn|[from] item: Flame Orb
|upkeep
|turn|4
|inactive|3idk has 120 seconds left.
|
|t:|1757927285
|switch|p1a: Heatran|Heatran, F|97/100
|move|p2a: Ursaluna|Ice Punch|p1a: Heatran
|-resisted|p1a: Heatran
|-damage|p1a: Heatran|88/100
|
|-weather|Sandstorm|[upkeep]
|-heal|p1a: Heatran|94/100|[from] item: Leftovers
|-damage|p2a: Ursaluna|78/100 brn|[from] brn
|upkeep
|turn|5
|inactive|3idk has 120 seconds left.
|
|t:|1757927295
|switch|p1a: Hydrapple|Hydrapple, F|100/100
|move|p2a: Ursaluna|Facade|p1a: Hydrapple
|-damage|p1a: Hydrapple|27/100
|-damage|p2a: Ursaluna|61/100 brn|[from] item: Rocky Helmet|[of] p1a: Hydrapple
|
|-weather|none
|-damage|p2a: Ursaluna|55/100 brn|[from] brn
|-fieldend|move: Trick Room
|upkeep
|turn|6
|
|t:|1757927308
|switch|p2a: Mimikyu|Mimikyu, F|100/100
|move|p1a: Hydrapple|Giga Drain|p2a: Mimikyu
|-activate|p2a: Mimikyu|ability: Disguise
|-damage|p2a: Mimikyu|100/100
|detailschange|p2a: Mimikyu|Mimikyu-Busted, F
|-damage|p2a: Mimikyu|88/100|[from] pokemon: Mimikyu-Busted
|
|upkeep
|turn|7
|
|t:|1757927318
|switch|p1a: Tyranitar|Tyranitar, F|100/100
|-weather|Sandstorm|[from] ability: Sand Stream|[of] p1a: Tyranitar
|move|p2a: Mimikyu|Trick Room|p2a: Mimikyu
|-fieldstart|move: Trick Room|[of] p2a: Mimikyu
|
|-weather|Sandstorm|[upkeep]
|-damage|p2a: Mimikyu|82/100|[from] Sandstorm
|upkeep
|turn|8
|
|t:|1757927328
|move|p1a: Tyranitar|Knock Off|p2a: Mimikyu
|-damage|p2a: Mimikyu|0 fnt
|-enditem|p2a: Mimikyu|Mental Herb|[from] move: Knock Off|[of] p1a: Tyranitar
|faint|p2a: Mimikyu
|
|-weather|Sandstorm|[upkeep]
|upkeep
|
|t:|1757927337
|switch|p2a: Ursaluna|Ursaluna, F|55/100 brn
|turn|9
|
|t:|1757927343
|-terastallize|p1a: Tyranitar|Flying
|move|p2a: Ursaluna|Earthquake|p1a: Tyranitar
|-immune|p1a: Tyranitar
|move|p1a: Tyranitar|Knock Off|p2a: Ursaluna
|-damage|p2a: Ursaluna|0 fnt
|-enditem|p2a: Ursaluna|Flame Orb|[from] move: Knock Off|[of] p1a: Tyranitar
|faint|p2a: Ursaluna
|
|-weather|Sandstorm|[upkeep]
|-damage|p1a: Tyranitar|94/100|[from] Sandstorm
|upkeep
|
|t:|1757927357
|switch|p2a: Enamorus|Enamorus-Therian, F|100/100
|turn|10
|
|t:|1757927362
|switch|p1a: Heatran|Heatran, F|94/100
|move|p2a: Enamorus|Moonblast|p1a: Heatran
|-resisted|p1a: Heatran
|-damage|p1a: Heatran|80/100
|
|-weather|Sandstorm|[upkeep]
|-heal|p1a: Heatran|87/100|[from] item: Leftovers
|upkeep
|turn|11
|
|t:|1757927372
|switch|p1a: Tornadus|Tornadus-Therian, M|100/100
|move|p2a: Enamorus|Moonblast|p1a: Tornadus
|-damage|p1a: Tornadus|12/100
|
|-weather|none
|-fieldend|move: Trick Room
|upkeep
|turn|12
|
|t:|1757927381
|move|p1a: Tornadus|U-turn|p2a: Enamorus
|-resisted|p2a: Enamorus
|-damage|p2a: Enamorus|97/100
|
|t:|1757927387
|switch|p1a: Heatran|Heatran, F|87/100|[from] U-turn
|move|p2a: Enamorus|Moonblast|p1a: Heatran
|-resisted|p1a: Heatran
|-damage|p1a: Heatran|72/100
|
|-heal|p1a: Heatran|78/100|[from] item: Leftovers
|upkeep
|turn|13
|
|t:|1757927397
|move|p1a: Heatran|Magma Storm|p2a: Enamorus
|-damage|p2a: Enamorus|58/100
|-activate|p2a: Enamorus|move: Magma Storm|[of] p1a: Heatran
|move|p2a: Enamorus|Moonblast|p1a: Heatran
|-resisted|p1a: Heatran
|-damage|p1a: Heatran|66/100
|
|-heal|p1a: Heatran|72/100|[from] item: Leftovers
|-damage|p2a: Enamorus|45/100|[from] move: Magma Storm|[partiallytrapped]
|upkeep
|turn|14
|
|t:|1757927408
|move|p1a: Heatran|Magma Storm|p2a: Enamorus
|-damage|p2a: Enamorus|5/100
|move|p2a: Enamorus|Moonblast|p1a: Heatran
|-resisted|p1a: Heatran
|-damage|p1a: Heatran|58/100
|
|-heal|p1a: Heatran|64/100|[from] item: Leftovers
|-damage|p2a: Enamorus|0 fnt|[from] move: Magma Storm|[partiallytrapped]
|faint|p2a: Enamorus
|upkeep
|
|t:|1757927420
|switch|p2a: Indeedee|Indeedee-F, F|100/100
|-fieldstart|move: Psychic Terrain|[from] ability: Psychic Surge|[of] p2a: Indeedee
|turn|15
|
|t:|1757927426
|move|p1a: Heatran|Magma Storm|p2a: Indeedee|[miss]
|-miss|p1a: Heatran|p2a: Indeedee
|move|p2a: Indeedee|Trick Room|p2a: Indeedee
|-fieldstart|move: Trick Room|[of] p2a: Indeedee
|
|-heal|p1a: Heatran|71/100|[from] item: Leftovers
|upkeep
|turn|16
|
|t:|1757927436
|switch|p2a: Hoopa|Hoopa-Unbound|100/100
|-enditem|p2a: Hoopa|Psychic Seed
|-boost|p2a: Hoopa|spd|1|[from] item: Psychic Seed
|move|p1a: Heatran|Magma Storm|p2a: Hoopa
|-damage|p2a: Hoopa|78/100
|-activate|p2a: Hoopa|move: Magma Storm|[of] p1a: Heatran
|
|-heal|p1a: Heatran|77/100|[from] item: Leftovers
|-damage|p2a: Hoopa|66/100|[from] move: Magma Storm|[partiallytrapped]
|upkeep
|turn|17
|
|t:|1757927448
|move|p2a: Hoopa|Focus Blast|p1a: Heatran|[miss]
|-miss|p2a: Hoopa|p1a: Heatran
|move|p1a: Heatran|Earth Power|p2a: Hoopa
|-damage|p2a: Hoopa|52/100
|
|-heal|p1a: Heatran|83/100|[from] item: Leftovers
|-damage|p2a: Hoopa|39/100|[from] move: Magma Storm|[partiallytrapped]
|upkeep
|turn|18
|
|t:|1757927460
|move|p2a: Hoopa|Focus Blast|p1a: Heatran
|-supereffective|p1a: Heatran
|-damage|p1a: Heatran|17/100
|-item|p2a: Hoopa|Leftovers|[from] ability: Magician|[of] p1a: Heatran
|move|p1a: Heatran|Earth Power|p2a: Hoopa
|-damage|p2a: Hoopa|25/100
|
|-heal|p2a: Hoopa|31/100|[from] item: Leftovers
|-damage|p2a: Hoopa|19/100|[from] move: Magma Storm|[partiallytrapped]
|upkeep
|turn|19
|
|t:|1757927473
|move|p2a: Hoopa|Expanding Force|p1a: Heatran
|-resisted|p1a: Heatran
|-damage|p1a: Heatran|0 fnt
|faint|p1a: Heatran
|
|-heal|p2a: Hoopa|25/100|[from] item: Leftovers
|-end|p2a: Hoopa|Magma Storm|[partiallytrapped]|[silent]
|-fieldend|move: Trick Room
|upkeep
|
|t:|1757927477
|switch|p1a: Tornadus|Tornadus-Therian, M|45/100
|turn|20
|
|t:|1757927485
|switch|p2a: Indeedee|Indeedee-F, F|100/100
|move|p1a: Tornadus|U-turn|p2a: Indeedee
|-supereffective|p2a: Indeedee
|-damage|p2a: Indeedee|73/100
|
|t:|1757927491
|switch|p1a: Tyranitar|Tyranitar, F, tera:Flying|94/100|[from] U-turn
|-weather|Sandstorm|[from] ability: Sand Stream|[of] p1a: Tyranitar
|
|-weather|Sandstorm|[upkeep]
|-damage|p1a: Tyranitar|88/100|[from] Sandstorm
|-damage|p2a: Indeedee|67/100|[from] Sandstorm
|upkeep
|turn|21
|
|t:|1757927500
|move|p1a: Tyranitar|Stone Edge|p2a: Indeedee
|-damage|p2a: Indeedee|0 fnt
|faint|p2a: Indeedee
|
|-weather|Sandstorm|[upkeep]
|-damage|p1a: Tyranitar|82/100|[from] Sandstorm
|upkeep
|
|t:|1757927508
|switch|p2a: Hoopa|Hoopa-Unbound|25/100
|turn|22
|
|t:|1757927515
|move|p1a: Tyranitar|Stone Edge|p2a: Hoopa
|-damage|p2a: Hoopa|0 fnt
|faint|p2a: Hoopa
|
|win|3idk
|raw|3idk's rating: 1548 &rarr; <strong>1569</strong><br />(+21 for winning)
|raw|llll0319's rating: 1568 &rarr; <strong>1547</strong><br />(-21 for losing)
|l|☆llll0319
|player|p2|
