|j|☆sptea
|j|☆Tidk
|t:|1757838030
|gametype|singles
|player|p1|sptea|265|1239
|player|p2|Tidk|silver|1243
|gen|9
|tier|[Gen 9] OU
|rated|
|rule|HP Percentage Mod: HP is shown in percentages
|rule|Endless Battle Clause: Forcing endless battles is banned
|rule|Species Clause: Limit one of each Pokémon
|rule|OHKO Clause: OHKO moves are banned
|rule|Evasion Items Clause: Evasion items are banned
|rule|Evasion Moves Clause: Evasion moves are banned
|rule|Evasion Abilities Clause: Evasion abilities are banned
|rule|Sleep Moves Clause: Sleep-inducing moves are banned
|clearpoke
|poke|p1|Leavanny, M|
|poke|p1|Torkoal, M|
|poke|p1|Great Tusk|
|poke|p1|Raging Bolt|
|poke|p1|Walking Wake|
|poke|p1|Clefable, F|
|poke|p2|Blissey, F|
|poke|p2|Forretress, M|
|poke|p2|Greedent, M|
|poke|p2|Dusclops, M|
|poke|p2|Salamence, M|
|poke|p2|Blaziken, M|
|teampreview
|inactive|Battle timer is ON: inactive players will automatically lose when time's up. (requested by sptea)
|
|t:|1757838041
|teamsize|p1|6
|teamsize|p2|6
|start
|switch|p1a: Torkoal|Torkoal, M|100/100
|switch|p2a: Blissey|Blissey, F|100/100
|-weather|SunnyDay|[from] ability: Drought|[of] p1a: Torkoal
|turn|1
|inactive|sptea has 120 seconds left.
|
|t:|1757838076
|switch|p1a: Great Tusk|Great Tusk|100/100
|-activate|p1a: Great Tusk|ability: Protosynthesis
|-start|p1a: Great Tusk|protosynthesisatk
|move|p2a: Blissey|Stealth Rock|p1a: Great Tusk
|-sidestart|p1: sptea|move: Stealth Rock
|
|-weather|SunnyDay|[upkeep]
|upkeep
|turn|2
|inactive|sptea has 120 seconds left.
|
|t:|1757838087
|switch|p2a: Dusclops|Dusclops, M|100/100
|-ability|p2a: Dusclops|Pressure
|move|p1a: Great Tusk|Headlong Rush|p2a: Dusclops
|-damage|p2a: Dusclops|60/100
|-unboost|p1a: Great Tusk|def|1
|-unboost|p1a: Great Tusk|spd|1
|
|-weather|SunnyDay|[upkeep]
|upkeep
|turn|3
|inactive|sptea has 120 seconds left.
|
|t:|1757838099
|-end|p1a: Great Tusk|Protosynthesis|[silent]
|switch|p1a: Leavanny|Leavanny, M|100/100
|-damage|p1a: Leavanny|76/100|[from] Stealth Rock
|move|p2a: Dusclops|Pain Split|p1a: Leavanny
|-sethp|p1a: Leavanny|62/100|[from] move: Pain Split|[silent]
|-sethp|p2a: Dusclops|77/100|[from] move: Pain Split
|
|-weather|SunnyDay|[upkeep]
|upkeep
|turn|4
|
|t:|1757838113
|switch|p2a: Salamence|Salamence, M|100/100
|-ability|p2a: Salamence|Intimidate|boost
|-unboost|p1a: Leavanny|atk|1
|move|p1a: Leavanny|Knock Off|p2a: Salamence
|-damage|p2a: Salamence|83/100
|-damage|p1a: Leavanny|45/100|[from] item: Rocky Helmet|[of] p2a: Salamence
|-enditem|p2a: Salamence|Rocky Helmet|[from] move: Knock Off|[of] p1a: Leavanny
|
|-weather|SunnyDay|[upkeep]
|upkeep
|turn|5
|
|t:|1757838128
|move|p1a: Leavanny|Reflect|p1a: Leavanny
|-sidestart|p1: sptea|Reflect
|move|p2a: Salamence|Air Slash|p1a: Leavanny
|-supereffective|p1a: Leavanny
|-damage|p1a: Leavanny|0 fnt
|faint|p1a: Leavanny
|
|-weather|none
|upkeep
|
|t:|1757838138
|switch|p1a: Clefable|Clefable, F|100/100
|-damage|p1a: Clefable|88/100|[from] Stealth Rock
|turn|6
|
|t:|1757838158
|move|p2a: Salamence|Air Slash|p1a: Clefable
|-damage|p1a: Clefable|60/100
|move|p1a: Clefable|Moonblast|p2a: Salamence
|-supereffective|p2a: Salamence
|-damage|p2a: Salamence|24/100
|
|-heal|p1a: Clefable|66/100|[from] item: Leftovers
|upkeep
|turn|7
|
|t:|1757838168
|move|p2a: Salamence|Air Slash|p1a: Clefable
|-damage|p1a: Clefable|40/100
|move|p1a: Clefable|Flamethrower|p2a: Salamence
|-resisted|p2a: Salamence
|-damage|p2a: Salamence|12/100
|
|-heal|p1a: Clefable|46/100|[from] item: Leftovers
|upkeep
|turn|8
|
|t:|1757838180
|move|p2a: Salamence|Air Slash|p1a: Clefable
|-damage|p1a: Clefable|20/100
|move|p1a: Clefable|Wish|p1a: Clefable
|
|-heal|p1a: Clefable|26/100|[from] item: Leftovers
|upkeep
|turn|9
|
|t:|1757838189
|move|p2a: Salamence|Air Slash|p1a: Clefable
|-damage|p1a: Clefable|0 fnt
|faint|p1a: Clefable
|
|upkeep
|-message|sptea forfeited.
|
|win|Tidk
|raw|sptea's rating: 1239 &rarr; <strong>1214</strong><br />(-25 for losing)
|raw|Tidk's rating: 1243 &rarr; <strong>1268</strong><br />(+25 for winning)
|l|☆sptea
|player|p1|
|l|☆Tidk
|player|p2|
