|j|☆kiriyo381
|j|☆Defnotacat
|t:|1757828992
|gametype|singles
|player|p1|kiriyo381|dragontamer|1258
|player|p2|Defnotacat|clair|1291
|gen|9
|tier|[Gen 9] OU
|rated|
|rule|HP Percentage Mod: HP is shown in percentages
|rule|Endless Battle Clause: Forcing endless battles is banned
|rule|Species Clause: Limit one of each Pokémon
|rule|OHKO Clause: OHKO moves are banned
|rule|Evasion Items Clause: Evasion items are banned
|rule|Evasion Moves Clause: Evasion moves are banned
|rule|Evasion Abilities Clause: Evasion abilities are banned
|rule|Sleep Moves Clause: Sleep-inducing moves are banned
|clearpoke
|poke|p1|Hawlucha, M|
|poke|p1|Malamar, M|
|poke|p1|Dragonite, F|
|poke|p1|Greninja-*, M|
|poke|p1|Chesnaught, M|
|poke|p1|Delphox, F|
|poke|p2|Samurott-Hisui, F|
|poke|p2|Moltres|
|poke|p2|Raging Bolt|
|poke|p2|Primarina, F|
|poke|p2|Great Tusk|
|poke|p2|Scizor, M|
|teampreview
|inactive|Battle timer is ON: inactive players will automatically lose when time's up. (requested by Defnotacat)
|
|t:|1757828999
|teamsize|p1|6
|teamsize|p2|6
|start
|switch|p1a: Mega Delphox|Delphox, F, shiny|100/100
|switch|p2a: Samurott|Samurott-Hisui, F, shiny|100/100
|turn|1
|
|t:|1757829010
|move|p1a: Mega Delphox|Dazzling Gleam|p2a: Samurott
|-supereffective|p2a: Samurott
|-damage|p2a: Samurott|29/100
|-item|p1a: Mega Delphox|Heavy-Duty Boots|[from] ability: Magician|[of] p2a: Samurott
|move|p2a: Samurott|Ceaseless Edge|p1a: Mega Delphox
|-supereffective|p1a: Mega Delphox
|-damage|p1a: Mega Delphox|0 fnt
|-sidestart|p1: kiriyo381|Spikes
|faint|p1a: Mega Delphox
|
|upkeep
|
|t:|1757829018
|switch|p1a: Mega Greninja|Greninja, M|100/100
|-damage|p1a: Mega Greninja|88/100|[from] Spikes
|turn|2
|
|t:|1757829028
|-terastallize|p1a: Mega Greninja|Water
|move|p1a: Mega Greninja|Surf|p2a: Samurott
|-resisted|p2a: Samurott
|-damage|p2a: Samurott|0 fnt
|faint|p2a: Samurott
|-ability|p1a: Mega Greninja|Battle Bond|boost
|-boost|p1a: Mega Greninja|atk|1
|-boost|p1a: Mega Greninja|spa|1
|-boost|p1a: Mega Greninja|spe|1
|-activate|p1a: Mega Greninja|ability: Battle Bond
|-damage|p1a: Mega Greninja|78/100|[from] item: Life Orb
|
|upkeep
|
|t:|1757829036
|switch|p2a: Raging Bolt|Raging Bolt|100/100
|-enditem|p2a: Raging Bolt|Booster Energy
|-activate|p2a: Raging Bolt|ability: Protosynthesis|[fromitem]
|-start|p2a: Raging Bolt|protosynthesisspa
|turn|3
|
|t:|1757829047
|move|p2a: Raging Bolt|Thunderclap|p1a: Mega Greninja
|-supereffective|p1a: Mega Greninja
|-damage|p1a: Mega Greninja|0 fnt
|faint|p1a: Mega Greninja
|
|upkeep
|
|t:|1757829051
|switch|p1a: Mega Dragonite|Dragonite, F|100/100
|turn|4
|
|t:|1757829061
|-terastallize|p2a: Raging Bolt|Fairy
|move|p1a: Mega Dragonite|Dragon Dance|p1a: Mega Dragonite
|-boost|p1a: Mega Dragonite|atk|1
|-boost|p1a: Mega Dragonite|spe|1
|move|p2a: Raging Bolt|Dragon Pulse|p1a: Mega Dragonite
|-supereffective|p1a: Mega Dragonite
|-damage|p1a: Mega Dragonite|36/100
|-enditem|p1a: Mega Dragonite|Weakness Policy
|-boost|p1a: Mega Dragonite|atk|2|[from] item: Weakness Policy
|-boost|p1a: Mega Dragonite|spa|2|[from] item: Weakness Policy
|
|upkeep
|turn|5
|
|t:|1757829071
|move|p1a: Mega Dragonite|Extreme Speed|p2a: Raging Bolt
|-damage|p2a: Raging Bolt|37/100
|move|p2a: Raging Bolt|Thunderclap||[still]
|-fail|p2a: Raging Bolt
|
|upkeep
|turn|6
|
|t:|1757829077
|-end|p2a: Raging Bolt|Protosynthesis|[silent]
|switch|p2a: Moltres|Moltres|100/100
|move|p1a: Mega Dragonite|Extreme Speed|p2a: Moltres
|-crit|p2a: Moltres
|-damage|p2a: Moltres|19/100
|
|upkeep
|turn|7
|
|t:|1757829084
|move|p1a: Mega Dragonite|Extreme Speed|p2a: Moltres
|-damage|p2a: Moltres|0 fnt
|-status|p1a: Mega Dragonite|brn|[from] ability: Flame Body|[of] p2a: Moltres
|faint|p2a: Moltres
|
|-damage|p1a: Mega Dragonite|30/100 brn|[from] brn
|upkeep
|
|t:|1757829087
|switch|p2a: Scizor|Scizor, M|100/100
|turn|8
|
|t:|1757829097
|move|p1a: Mega Dragonite|Dragon Claw|p2a: Scizor
|-resisted|p2a: Scizor
|-damage|p2a: Scizor|72/100
|move|p2a: Scizor|U-turn|p1a: Mega Dragonite
|-resisted|p1a: Mega Dragonite
|-damage|p1a: Mega Dragonite|0 fnt
|faint|p1a: Mega Dragonite
|
|t:|1757829104
|switch|p2a: Great Tusk|Great Tusk|100/100|[from] U-turn
|
|upkeep
|
|t:|1757829109
|switch|p1a: Mega Chesnaught|Chesnaught, M, shiny|100/100
|-damage|p1a: Mega Chesnaught|88/100|[from] Spikes
|turn|9
|
|t:|1757829112
|move|p2a: Great Tusk|Stealth Rock|p1a: Mega Chesnaught
|-sidestart|p1: kiriyo381|move: Stealth Rock
|move|p1a: Mega Chesnaught|Iron Defense|p1a: Mega Chesnaught
|-boost|p1a: Mega Chesnaught|def|2
|
|upkeep
|turn|10
|
|t:|1757829117
|-end|p2a: Great Tusk|Protosynthesis|[silent]
|switch|p2a: Primarina|Primarina, F, shiny|100/100
|move|p1a: Mega Chesnaught|Iron Defense|p1a: Mega Chesnaught
|-boost|p1a: Mega Chesnaught|def|2
|
|upkeep
|turn|11
|
|t:|1757829124
|move|p2a: Primarina|Moonblast|p1a: Mega Chesnaught
|-supereffective|p1a: Mega Chesnaught
|-crit|p1a: Mega Chesnaught
|-damage|p1a: Mega Chesnaught|0 fnt
|faint|p1a: Mega Chesnaught
|
|upkeep
|
|t:|1757829129
|switch|p1a: Mega Malamar|Malamar, M|100/100
|-damage|p1a: Mega Malamar|88/100|[from] Spikes
|-damage|p1a: Mega Malamar|76/100|[from] Stealth Rock
|turn|12
|
|t:|1757829134
|move|p2a: Primarina|Flip Turn|p1a: Mega Malamar
|-damage|p1a: Mega Malamar|62/100
|
|t:|1757829136
|switch|p2a: Scizor|Scizor, M|72/100|[from] Flip Turn
|move|p1a: Mega Malamar|Swagger|p2a: Scizor
|-boost|p2a: Scizor|atk|2
|-start|p2a: Scizor|confusion
|
|upkeep
|turn|13
|
|t:|1757829143
|move|p1a: Mega Malamar|Topsy-Turvy|p2a: Scizor
|-invertboost|p2a: Scizor|[from] move: Topsy-Turvy
|-activate|p2a: Scizor|confusion
|move|p2a: Scizor|U-turn|p1a: Mega Malamar
|-supereffective|p1a: Mega Malamar
|-damage|p1a: Mega Malamar|0 fnt
|faint|p1a: Mega Malamar
|
|t:|1757829152
|switch|p2a: Raging Bolt|Raging Bolt, tera:Fairy|37/100|[from] U-turn
|
|upkeep
|
|t:|1757829154
|switch|p1a: Mega Hawlucha|Hawlucha, M, shiny|100/100
|-damage|p1a: Mega Hawlucha|88/100|[from] Stealth Rock
|turn|14
|
|t:|1757829159
|move|p1a: Mega Hawlucha|Flying Press|p2a: Raging Bolt
|-resisted|p2a: Raging Bolt
|-damage|p2a: Raging Bolt|20/100
|move|p2a: Raging Bolt|Thunderbolt|p1a: Mega Hawlucha
|-supereffective|p1a: Mega Hawlucha
|-damage|p1a: Mega Hawlucha|0 fnt
|faint|p1a: Mega Hawlucha
|
|win|Defnotacat
|raw|kiriyo381's rating: 1258 &rarr; <strong>1234</strong><br />(-24 for losing)
|raw|Defnotacat's rating: 1270 &rarr; <strong>1294</strong><br />(+24 for winning)
|l|☆Defnotacat
|player|p2|
|l|☆kiriyo381
|player|p1|
