|j|☆Ominous vibes
|j|☆winslowyoudog
|t:|1757960477
|gametype|singles
|player|p1|Ominous vibes|101|1679
|player|p2|winslowyoudog|xerosic|1755
|gen|9
|tier|[Gen 9] OU
|rated|
|rule|HP Percentage Mod: HP is shown in percentages
|rule|Endless Battle Clause: Forcing endless battles is banned
|rule|Species Clause: Limit one of each Pokémon
|rule|OHKO Clause: OHKO moves are banned
|rule|Evasion Items Clause: Evasion items are banned
|rule|Evasion Moves Clause: Evasion moves are banned
|rule|Evasion Abilities Clause: Evasion abilities are banned
|rule|Sleep Moves Clause: Sleep-inducing moves are banned
|clearpoke
|poke|p1|Kyurem|
|poke|p1|Pecharunt|
|poke|p1|Landorus-Therian, M|
|poke|p1|Ursaluna, M|
|poke|p1|Weezing-Galar, F|
|poke|p1|Ogerpon-Wellspring, F|
|poke|p2|Pelipper, F|
|poke|p2|Barraskewda, M|
|poke|p2|Zapdos|
|poke|p2|Toxicroak, M|
|poke|p2|Iron Treads|
|poke|p2|Kingambit, F|
|teampreview
|inactive|Battle timer is ON: inactive players will automatically lose when time's up. (requested by Ominous vibes)
|
|t:|1757960506
|teamsize|p1|6
|teamsize|p2|6
|start
|switch|p1a: Kyurem|Kyurem|100/100
|switch|p2a: Zapdos|Zapdos|100/100
|-ability|p1a: Kyurem|Pressure
|turn|1
|
|t:|1757960532
|switch|p1a: Ursaluna|Ursaluna, M|100/100
|move|p2a: Zapdos|Volt Switch|p1a: Ursaluna
|-immune|p1a: Ursaluna
|
|-status|p1a: Ursaluna|brn|[from] item: Flame Orb
|upkeep
|turn|2
|inactive|winslowyoudog has 120 seconds left.
|
|t:|1757960550
|switch|p2a: Kingambit|Kingambit, F|100/100
|move|p1a: Ursaluna|Facade|p2a: Kingambit
|-resisted|p2a: Kingambit
|-damage|p2a: Kingambit|53/100
|
|-heal|p2a: Kingambit|60/100|[from] item: Leftovers
|-damage|p1a: Ursaluna|94/100 brn|[from] brn
|upkeep
|turn|3
|
|t:|1757960555
|-end|p2a: Kingambit|fallenundefined|[silent]
|switch|p2a: Pelipper|Pelipper, F|100/100
|-weather|RainDance|[from] ability: Drizzle|[of] p2a: Pelipper
|move|p1a: Ursaluna|Headlong Rush|p2a: Pelipper
|-immune|p2a: Pelipper
|
|-weather|RainDance|[upkeep]
|-damage|p1a: Ursaluna|88/100 brn|[from] brn
|upkeep
|turn|4
|
|t:|1757960565
|switch|p2a: Kingambit|Kingambit, F|60/100
|move|p1a: Ursaluna|Facade|p2a: Kingambit
|-resisted|p2a: Kingambit
|-damage|p2a: Kingambit|8/100
|
|-weather|RainDance|[upkeep]
|-heal|p2a: Kingambit|14/100|[from] item: Leftovers
|-damage|p1a: Ursaluna|82/100 brn|[from] brn
|upkeep
|turn|5
|
|t:|1757960568
|switch|p1a: Landorus|Landorus-Therian, M|100/100
|-ability|p1a: Landorus|Intimidate|boost
|-unboost|p2a: Kingambit|atk|1
|move|p2a: Kingambit|Sucker Punch||[still]
|-fail|p2a: Kingambit
|
|-weather|RainDance|[upkeep]
|-heal|p2a: Kingambit|20/100|[from] item: Leftovers
|upkeep
|turn|6
|
|t:|1757960577
|-end|p2a: Kingambit|fallenundefined|[silent]
|switch|p2a: Zapdos|Zapdos|100/100
|move|p1a: Landorus|U-turn|p2a: Zapdos
|-resisted|p2a: Zapdos
|-damage|p2a: Zapdos|88/100
|
|t:|1757960582
|switch|p1a: Kyurem|Kyurem|100/100|[from] U-turn
|-ability|p1a: Kyurem|Pressure
|
|-weather|RainDance|[upkeep]
|upkeep
|turn|7
|
|t:|1757960591
|-terastallize|p2a: Zapdos|Steel
|move|p2a: Zapdos|Hurricane|p1a: Kyurem
|-damage|p1a: Kyurem|17/100
|move|p1a: Kyurem|Icicle Spear|p2a: Zapdos
|-resisted|p2a: Zapdos
|-damage|p2a: Zapdos|80/100
|-resisted|p2a: Zapdos
|-damage|p2a: Zapdos|71/100
|-resisted|p2a: Zapdos
|-damage|p2a: Zapdos|63/100
|-resisted|p2a: Zapdos
|-damage|p2a: Zapdos|54/100
|-hitcount|p2a: Zapdos|4
|
|-weather|RainDance|[upkeep]
|upkeep
|turn|8
|
|t:|1757960605
|switch|p1a: Weezing|Weezing-Galar, F|100/100
|-ability|p1a: Weezing|Neutralizing Gas
|move|p2a: Zapdos|Hurricane|p1a: Weezing
|-damage|p1a: Weezing|21/100
|
|-weather|RainDance|[upkeep]
|upkeep
|turn|9
|
|t:|1757960608
|move|p2a: Zapdos|Hurricane|p1a: Weezing
|-damage|p1a: Weezing|0 fnt
|faint|p1a: Weezing
|-end|p1a: Weezing|ability: Neutralizing Gas
|
|-weather|RainDance|[upkeep]
|upkeep
|
|t:|1757960614
|switch|p1a: Landorus|Landorus-Therian, M|100/100
|-ability|p1a: Landorus|Intimidate|boost
|-unboost|p2a: Zapdos|atk|1
|turn|10
|
|t:|1757960626
|switch|p2a: Pelipper|Pelipper, F|100/100
|switch|p1a: Ogerpon|Ogerpon-Wellspring, F|100/100
|
|-weather|none
|upkeep
|turn|11
|
|t:|1757960633
|switch|p2a: Toxicroak|Toxicroak, M|100/100
|move|p1a: Ogerpon|Spikes|p2a: Toxicroak
|-sidestart|p2: winslowyoudog|Spikes
|
|upkeep
|turn|12
|
|t:|1757960640
|move|p1a: Ogerpon|U-turn|p2a: Toxicroak
|-resisted|p2a: Toxicroak
|-damage|p2a: Toxicroak|95/100
|-damage|p1a: Ogerpon|84/100|[from] item: Rocky Helmet|[of] p2a: Toxicroak
|
|t:|1757960641
|switch|p1a: Pecharunt|Pecharunt|100/100|[from] U-turn
|move|p2a: Toxicroak|Knock Off|p1a: Pecharunt
|-supereffective|p1a: Pecharunt
|-damage|p1a: Pecharunt|79/100
|-damage|p2a: Toxicroak|78/100|[from] item: Rocky Helmet|[of] p1a: Pecharunt
|-enditem|p1a: Pecharunt|Rocky Helmet|[from] move: Knock Off|[of] p2a: Toxicroak
|
|upkeep
|turn|13
|
|t:|1757960647
|move|p2a: Toxicroak|Protect|p2a: Toxicroak
|-singleturn|p2a: Toxicroak|Protect
|move|p1a: Pecharunt|Parting Shot|p2a: Toxicroak
|-activate|p2a: Toxicroak|move: Protect
|
|upkeep
|turn|14
|
|t:|1757960651
|switch|p2a: Pelipper|Pelipper, F|100/100
|-weather|RainDance|[from] ability: Drizzle|[of] p2a: Pelipper
|move|p1a: Pecharunt|Malignant Chain|p2a: Pelipper
|-damage|p2a: Pelipper|71/100
|-status|p2a: Pelipper|tox
|-start|p2a: Pelipper|confusion|[from] ability: Poison Puppeteer|[of] p1a: Pecharunt
|
|-weather|RainDance|[upkeep]
|-damage|p2a: Pelipper|65/100 tox|[from] psn
|upkeep
|turn|15
|
|t:|1757960657
|switch|p2a: Iron Treads|Iron Treads|100/100
|-damage|p2a: Iron Treads|88/100|[from] Spikes
|move|p1a: Pecharunt|Malignant Chain|p2a: Iron Treads
|-immune|p2a: Iron Treads
|
|-weather|RainDance|[upkeep]
|-heal|p2a: Iron Treads|94/100|[from] item: Leftovers
|upkeep
|turn|16
|
|t:|1757960669
|move|p2a: Iron Treads|Stealth Rock|p1a: Pecharunt
|-sidestart|p1: Ominous vibes|move: Stealth Rock
|move|p1a: Pecharunt|Parting Shot|p2a: Iron Treads
|-unboost|p2a: Iron Treads|atk|1
|-unboost|p2a: Iron Treads|spa|1
|
|t:|1757960675
|switch|p1a: Ogerpon|Ogerpon-Wellspring, F|84/100|[from] Parting Shot
|-damage|p1a: Ogerpon|72/100|[from] Stealth Rock
|
|-weather|RainDance|[upkeep]
|-heal|p2a: Iron Treads|99/100|[from] item: Leftovers
|upkeep
|turn|17
|
|t:|1757960682
|-end|p2a: Iron Treads|Quark Drive|[silent]
|switch|p2a: Toxicroak|Toxicroak, M|78/100
|-damage|p2a: Toxicroak|66/100|[from] Spikes
|move|p1a: Ogerpon|Ivy Cudgel|p2a: Toxicroak|[anim] Ivy Cudgel Water
|-heal|p2a: Toxicroak|91/100|[from] ability: Dry Skin|[of] p1a: Ogerpon
|
|-weather|RainDance|[upkeep]
|-heal|p2a: Toxicroak|100/100|[from] ability: Dry Skin
|upkeep
|turn|18
|
|t:|1757960690
|switch|p1a: Pecharunt|Pecharunt|79/100
|-damage|p1a: Pecharunt|67/100|[from] Stealth Rock
|move|p2a: Toxicroak|Toxic|p1a: Pecharunt
|-immune|p1a: Pecharunt
|
|-weather|RainDance|[upkeep]
|upkeep
|turn|19
|
|t:|1757960692
|switch|p2a: Iron Treads|Iron Treads|99/100
|-damage|p2a: Iron Treads|88/100|[from] Spikes
|move|p1a: Pecharunt|Recover|p1a: Pecharunt
|-heal|p1a: Pecharunt|100/100
|
|-weather|RainDance|[upkeep]
|-heal|p2a: Iron Treads|94/100|[from] item: Leftovers
|upkeep
|turn|20
|
|t:|1757960700
|move|p2a: Iron Treads|Earthquake|p1a: Pecharunt
|-supereffective|p1a: Pecharunt
|-damage|p1a: Pecharunt|63/100
|move|p1a: Pecharunt|Parting Shot|p2a: Iron Treads
|-unboost|p2a: Iron Treads|atk|1
|-unboost|p2a: Iron Treads|spa|1
|
|t:|1757960705
|switch|p1a: Ursaluna|Ursaluna, M|82/100 brn|[from] Parting Shot
|-damage|p1a: Ursaluna|76/100 brn|[from] Stealth Rock
|
|-weather|RainDance|[upkeep]
|-heal|p2a: Iron Treads|99/100|[from] item: Leftovers
|-damage|p1a: Ursaluna|70/100 brn|[from] brn
|upkeep
|turn|21
|
|t:|1757960720
|-end|p2a: Iron Treads|Quark Drive|[silent]
|switch|p2a: Kingambit|Kingambit, F|20/100
|-damage|p2a: Kingambit|8/100|[from] Spikes
|move|p1a: Ursaluna|Headlong Rush|p2a: Kingambit
|-supereffective|p2a: Kingambit
|-damage|p2a: Kingambit|0 fnt
|-unboost|p1a: Ursaluna|def|1
|-unboost|p1a: Ursaluna|spd|1
|faint|p2a: Kingambit
|-end|p2a: Kingambit|fallenundefined|[silent]
|
|-weather|none
|-damage|p1a: Ursaluna|64/100 brn|[from] brn
|upkeep
|
|t:|1757960722
|switch|p2a: Pelipper|Pelipper, F|65/100 tox
|-weather|RainDance|[from] ability: Drizzle|[of] p2a: Pelipper
|turn|22
|
|t:|1757960742
|switch|p1a: Kyurem|Kyurem|17/100
|-damage|p1a: Kyurem|0 fnt|[from] Stealth Rock
|faint|p1a: Kyurem
|move|p2a: Pelipper|Hurricane|p1: Kyurem|[notarget]
|-fail|p2a: Pelipper
|
|-weather|RainDance|[upkeep]
|-damage|p2a: Pelipper|59/100 tox|[from] psn
|upkeep
|
|t:|1757960754
|switch|p1a: Pecharunt|Pecharunt|63/100
|-damage|p1a: Pecharunt|50/100|[from] Stealth Rock
|turn|23
|
|t:|1757960759
|switch|p2a: Iron Treads|Iron Treads|99/100
|-damage|p2a: Iron Treads|88/100|[from] Spikes
|move|p1a: Pecharunt|Recover|p1a: Pecharunt
|-heal|p1a: Pecharunt|99/100
|
|-weather|RainDance|[upkeep]
|-heal|p2a: Iron Treads|94/100|[from] item: Leftovers
|upkeep
|turn|24
|
|t:|1757960764
|move|p2a: Iron Treads|Earthquake|p1a: Pecharunt
|-supereffective|p1a: Pecharunt
|-damage|p1a: Pecharunt|64/100
|move|p1a: Pecharunt|Parting Shot|p2a: Iron Treads
|-unboost|p2a: Iron Treads|atk|1
|-unboost|p2a: Iron Treads|spa|1
|
|t:|1757960768
|switch|p1a: Ogerpon|Ogerpon-Wellspring, F|72/100|[from] Parting Shot
|-damage|p1a: Ogerpon|59/100|[from] Stealth Rock
|
|-weather|RainDance|[upkeep]
|-heal|p2a: Iron Treads|99/100|[from] item: Leftovers
|upkeep
|turn|25
|
|t:|1757960782
|-end|p2a: Iron Treads|Quark Drive|[silent]
|switch|p2a: Pelipper|Pelipper, F|59/100 tox
|move|p1a: Ogerpon|Spikes|p2a: Pelipper
|-sidestart|p2: winslowyoudog|Spikes
|
|-weather|RainDance|[upkeep]
|-damage|p2a: Pelipper|53/100 tox|[from] psn
|upkeep
|turn|26
|
|t:|1757960789
|move|p1a: Ogerpon|U-turn|p2a: Pelipper
|-resisted|p2a: Pelipper
|-damage|p2a: Pelipper|41/100 tox
|
|t:|1757960791
|switch|p1a: Pecharunt|Pecharunt|64/100|[from] U-turn
|-damage|p1a: Pecharunt|52/100|[from] Stealth Rock
|move|p2a: Pelipper|Hurricane|p1a: Pecharunt
|-damage|p1a: Pecharunt|13/100
|
|-weather|RainDance|[upkeep]
|-damage|p2a: Pelipper|28/100 tox|[from] psn
|upkeep
|turn|27
|
|t:|1757960796
|move|p1a: Pecharunt|Recover|p1a: Pecharunt
|-heal|p1a: Pecharunt|63/100
|move|p2a: Pelipper|Hurricane|p1a: Pecharunt
|-damage|p1a: Pecharunt|28/100
|
|-weather|RainDance|[upkeep]
|-damage|p2a: Pelipper|10/100 tox|[from] psn
|upkeep
|turn|28
|
|t:|1757960803
|move|p1a: Pecharunt|Recover|p1a: Pecharunt
|-heal|p1a: Pecharunt|78/100
|move|p2a: Pelipper|Roost|p2a: Pelipper
|-heal|p2a: Pelipper|60/100 tox
|-singleturn|p2a: Pelipper|move: Roost
|
|-weather|RainDance|[upkeep]
|-damage|p2a: Pelipper|35/100 tox|[from] psn
|upkeep
|turn|29
|
|t:|1757960807
|switch|p2a: Iron Treads|Iron Treads|99/100
|-damage|p2a: Iron Treads|83/100|[from] Spikes
|move|p1a: Pecharunt|Parting Shot|p2a: Iron Treads
|-unboost|p2a: Iron Treads|atk|1
|-unboost|p2a: Iron Treads|spa|1
|
|t:|1757960810
|switch|p1a: Ogerpon|Ogerpon-Wellspring, F|59/100|[from] Parting Shot
|-damage|p1a: Ogerpon|47/100|[from] Stealth Rock
|
|-weather|none
|-heal|p2a: Iron Treads|89/100|[from] item: Leftovers
|upkeep
|turn|30
|
|t:|1757960815
|switch|p1a: Landorus|Landorus-Therian, M|100/100
|-damage|p1a: Landorus|88/100|[from] Stealth Rock
|-ability|p1a: Landorus|Intimidate|boost
|-unboost|p2a: Iron Treads|atk|1
|-end|p2a: Iron Treads|Quark Drive|[silent]
|switch|p2a: Toxicroak|Toxicroak, M|100/100
|-damage|p2a: Toxicroak|84/100|[from] Spikes
|
|upkeep
|turn|31
|
|t:|1757960819
|switch|p2a: Pelipper|Pelipper, F|35/100 tox
|-weather|RainDance|[from] ability: Drizzle|[of] p2a: Pelipper
|move|p1a: Landorus|Stealth Rock|p2a: Pelipper
|-sidestart|p2: winslowyoudog|move: Stealth Rock
|
|-weather|RainDance|[upkeep]
|-damage|p2a: Pelipper|29/100 tox|[from] psn
|upkeep
|turn|32
|
|t:|1757960839
|move|p1a: Landorus|Taunt|p2a: Pelipper
|-start|p2a: Pelipper|move: Taunt
|cant|p2a: Pelipper|move: Taunt|Roost
|
|-weather|RainDance|[upkeep]
|-damage|p2a: Pelipper|17/100 tox|[from] psn
|upkeep
|turn|33
|
|t:|1757960842
|move|p1a: Landorus|U-turn|p2a: Pelipper
|-resisted|p2a: Pelipper
|-damage|p2a: Pelipper|6/100 tox
|
|t:|1757960846
|switch|p1a: Ogerpon|Ogerpon-Wellspring, F|47/100|[from] U-turn
|-damage|p1a: Ogerpon|34/100|[from] Stealth Rock
|move|p2a: Pelipper|U-turn|p1a: Ogerpon
|-supereffective|p1a: Ogerpon
|-damage|p1a: Ogerpon|12/100
|
|t:|1757960859
|switch|p2a: Barraskewda|Barraskewda, M|100/100|[from] U-turn
|-damage|p2a: Barraskewda|84/100|[from] Spikes
|-damage|p2a: Barraskewda|72/100|[from] Stealth Rock
|
|-weather|RainDance|[upkeep]
|upkeep
|turn|34
|
|t:|1757960864
|switch|p1a: Landorus|Landorus-Therian, M|88/100
|-damage|p1a: Landorus|76/100|[from] Stealth Rock
|-ability|p1a: Landorus|Intimidate|boost
|-unboost|p2a: Barraskewda|atk|1
|move|p2a: Barraskewda|Close Combat|p1a: Landorus
|-resisted|p1a: Landorus
|-damage|p1a: Landorus|55/100
|-unboost|p2a: Barraskewda|def|1
|-unboost|p2a: Barraskewda|spd|1
|-damage|p2a: Barraskewda|56/100|[from] item: Rocky Helmet|[of] p1a: Landorus
|
|-weather|RainDance|[upkeep]
|upkeep
|turn|35
|
|t:|1757960873
|switch|p2a: Pelipper|Pelipper, F|6/100 tox
|-damage|p2a: Pelipper|0 fnt|[from] Stealth Rock
|faint|p2a: Pelipper
|switch|p1a: Pecharunt|Pecharunt|78/100
|-damage|p1a: Pecharunt|65/100|[from] Stealth Rock
|
|-weather|RainDance|[upkeep]
|upkeep
|
|t:|1757960875
|switch|p2a: Barraskewda|Barraskewda, M|56/100
|-damage|p2a: Barraskewda|39/100|[from] Spikes
|-damage|p2a: Barraskewda|27/100|[from] Stealth Rock
|turn|36
|
|t:|1757960897
|switch|p1a: Landorus|Landorus-Therian, M|55/100
|-damage|p1a: Landorus|43/100|[from] Stealth Rock
|-ability|p1a: Landorus|Intimidate|boost
|-unboost|p2a: Barraskewda|atk|1
|move|p2a: Barraskewda|Liquidation|p1a: Landorus
|-supereffective|p1a: Landorus
|-damage|p1a: Landorus|0 fnt
|-damage|p2a: Barraskewda|11/100|[from] item: Rocky Helmet|[of] p1a: Landorus
|faint|p1a: Landorus
|
|-weather|RainDance|[upkeep]
|upkeep
|
|t:|1757960902
|switch|p1a: Pecharunt|Pecharunt|65/100
|-damage|p1a: Pecharunt|53/100|[from] Stealth Rock
|turn|37
|
|t:|1757960904
|move|p2a: Barraskewda|Liquidation|p1a: Pecharunt
|-damage|p1a: Pecharunt|21/100
|move|p1a: Pecharunt|Recover|p1a: Pecharunt
|-heal|p1a: Pecharunt|71/100
|
|-weather|RainDance|[upkeep]
|upkeep
|turn|38
|
|t:|1757960907
|move|p2a: Barraskewda|Liquidation|p1a: Pecharunt
|-damage|p1a: Pecharunt|37/100
|move|p1a: Pecharunt|Recover|p1a: Pecharunt
|-heal|p1a: Pecharunt|87/100
|
|-weather|none
|upkeep
|turn|39
|
|t:|1757960915
|move|p2a: Barraskewda|Liquidation|p1a: Pecharunt
|-damage|p1a: Pecharunt|66/100
|move|p1a: Pecharunt|Malignant Chain|p2a: Barraskewda
|-damage|p2a: Barraskewda|0 fnt
|faint|p2a: Barraskewda
|
|upkeep
|
|t:|1757960923
|switch|p2a: Zapdos|Zapdos, tera:Steel|54/100
|-damage|p2a: Zapdos|38/100|[from] Spikes
|-damage|p2a: Zapdos|32/100|[from] Stealth Rock
|turn|40
|
|t:|1757960928
|switch|p1a: Ogerpon|Ogerpon-Wellspring, F|12/100
|-damage|p1a: Ogerpon|0 fnt|[from] Stealth Rock
|faint|p1a: Ogerpon
|move|p2a: Zapdos|Hurricane|p1: Ogerpon|[notarget]
|-fail|p2a: Zapdos
|
|upkeep
|
|t:|1757960942
|switch|p1a: Ursaluna|Ursaluna, M|64/100 brn
|-damage|p1a: Ursaluna|58/100 brn|[from] Stealth Rock
|turn|41
|
|t:|1757960945
|move|p2a: Zapdos|Hurricane|p1a: Ursaluna
|-damage|p1a: Ursaluna|0 fnt
|faint|p1a: Ursaluna
|
|upkeep
|
|t:|1757960948
|switch|p1a: Pecharunt|Pecharunt|66/100
|-damage|p1a: Pecharunt|53/100|[from] Stealth Rock
|turn|42
|
|t:|1757960954
|move|p2a: Zapdos|Hurricane|p1a: Pecharunt
|-damage|p1a: Pecharunt|0 fnt
|faint|p1a: Pecharunt
|
|win|winslowyoudog
|raw|Ominous vibes's rating: 1679 &rarr; <strong>1663</strong><br />(-16 for losing)
|raw|winslowyoudog's rating: 1755 &rarr; <strong>1771</strong><br />(+16 for winning)
