|j|‽hanziyu
|j|‽DOMINICANO 55
|t:|1757896573
|gametype|singles
|player|p1|hanziyu|steven|1308
|player|p2|DOMINICANO 55|1|1271
|gen|9
|tier|[Gen 9] OU
|rated|
|rule|HP Percentage Mod: HP is shown in percentages
|rule|Endless Battle Clause: Forcing endless battles is banned
|rule|Species Clause: Limit one of each Pokémon
|rule|OHKO Clause: OHKO moves are banned
|rule|Evasion Items Clause: Evasion items are banned
|rule|Evasion Moves Clause: Evasion moves are banned
|rule|Evasion Abilities Clause: Evasion abilities are banned
|rule|Sleep Moves Clause: Sleep-inducing moves are banned
|clearpoke
|poke|p1|Ogerpon-Wellspring, F|
|poke|p1|Corviknight, M|
|poke|p1|Great Tusk|
|poke|p1|Hoopa-Unbound|
|poke|p1|Moltres|
|poke|p1|Scizor, M|
|poke|p2|Cinderace, F|
|poke|p2|Swampert, M|
|poke|p2|Goodra, F|
|poke|p2|Corviknight, F|
|poke|p2|Weezing-Galar, F|
|poke|p2|Conkeldurr, M|
|teampreview
|inactive|Battle timer is ON: inactive players will automatically lose when time's up. (requested by hanziyu)
|
|t:|1757896593
|teamsize|p1|6
|teamsize|p2|6
|start
|switch|p1a: Moltres|Moltres, shiny|100/100
|switch|p2a: Conkeldurr|Conkeldurr, M|100/100
|-ability|p1a: Moltres|Pressure
|turn|1
|
|t:|1757896603
|move|p1a: Moltres|Flamethrower|p2a: Conkeldurr
|-damage|p2a: Conkeldurr|58/100
|move|p2a: Conkeldurr|Knock Off|p1a: Moltres
|-damage|p1a: Moltres|75/100
|-enditem|p1a: Moltres|Heavy-Duty Boots|[from] move: Knock Off|[of] p2a: Conkeldurr
|
|-heal|p2a: Conkeldurr|64/100|[from] item: Leftovers
|upkeep
|turn|2
|
|t:|1757896611
|switch|p2a: Goodra|Goodra, F|100/100
|move|p1a: Moltres|Flamethrower|p2a: Goodra
|-resisted|p2a: Goodra
|-damage|p2a: Goodra|91/100
|
|-heal|p2a: Goodra|97/100|[from] item: Leftovers
|upkeep
|turn|3
|
|t:|1757896618
|switch|p1a: Hoopa|Hoopa-Unbound|100/100
|move|p2a: Goodra|Acid Armor|p2a: Goodra
|-boost|p2a: Goodra|def|2
|
|-heal|p2a: Goodra|100/100|[from] item: Leftovers
|upkeep
|turn|4
|
|t:|1757896626
|move|p2a: Goodra|Acid Armor|p2a: Goodra
|-boost|p2a: Goodra|def|2
|move|p1a: Hoopa|Psychic Noise|p2a: Goodra
|-damage|p2a: Goodra|79/100
|-start|p2a: Goodra|move: Heal Block
|
|upkeep
|turn|5
|
|t:|1757896635
|move|p2a: Goodra|Body Press|p1a: Hoopa
|-damage|p1a: Hoopa|57/100
|move|p1a: Hoopa|Knock Off|p2a: Goodra
|-damage|p2a: Goodra|60/100
|-enditem|p2a: Goodra|Leftovers|[from] move: Knock Off|[of] p1a: Hoopa
|
|-end|p2a: Goodra|move: Heal Block
|upkeep
|turn|6
|
|t:|1757896645
|switch|p1a: Corviknight|Corviknight, M|100/100
|-ability|p1a: Corviknight|Pressure
|move|p2a: Goodra|Body Press|p1a: Corviknight
|-damage|p1a: Corviknight|76/100
|-damage|p2a: Goodra|44/100|[from] item: Rocky Helmet|[of] p1a: Corviknight
|
|upkeep
|turn|7
|
|t:|1757896665
|switch|p2a: Weezing|Weezing-Galar, F|100/100
|move|p1a: Corviknight|Brave Bird|p2a: Weezing
|-damage|p2a: Weezing|76/100
|-damage|p1a: Corviknight|69/100|[from] Recoil
|
|-heal|p2a: Weezing|82/100|[from] item: Black Sludge
|upkeep
|turn|8
|
|t:|1757896684
|move|p1a: Corviknight|U-turn|p2a: Weezing
|-resisted|p2a: Weezing
|-damage|p2a: Weezing|80/100
|
|t:|1757896690
|switch|p1a: Hoopa|Hoopa-Unbound|57/100|[from] U-turn
|move|p2a: Weezing|Sludge Bomb|p1a: Hoopa
|-damage|p1a: Hoopa|43/100
|
|-heal|p2a: Weezing|86/100|[from] item: Black Sludge
|upkeep
|turn|9
|
|t:|1757896704
|switch|p2a: Corviknight|Corviknight, F|100/100
|move|p1a: Hoopa|Psychic Noise|p2a: Corviknight
|-resisted|p2a: Corviknight
|-damage|p2a: Corviknight|73/100
|-start|p2a: Corviknight|move: Heal Block
|
|upkeep
|turn|10
|
|t:|1757896712
|move|p2a: Corviknight|Brave Bird|p1a: Hoopa
|-damage|p1a: Hoopa|0 fnt
|faint|p1a: Hoopa
|-damage|p2a: Corviknight|58/100|[from] Recoil
|
|-end|p2a: Corviknight|move: Heal Block
|upkeep
|
|t:|1757896715
|switch|p1a: Moltres|Moltres, shiny|75/100
|-ability|p1a: Moltres|Pressure
|turn|11
|
|t:|1757896722
|switch|p2a: Goodra|Goodra, F|44/100
|move|p1a: Moltres|Flamethrower|p2a: Goodra
|-resisted|p2a: Goodra
|-crit|p2a: Goodra
|-damage|p2a: Goodra|30/100
|
|upkeep
|turn|12
|inactive|hanziyu has 120 seconds left.
|
|t:|1757896752
|move|p2a: Goodra|Toxic|p1a: Moltres
|-status|p1a: Moltres|tox
|move|p1a: Moltres|Roar|p2a: Goodra
|drag|p2a: Conkeldurr|Conkeldurr, M|64/100
|
|-heal|p2a: Conkeldurr|70/100|[from] item: Leftovers
|-damage|p1a: Moltres|69/100 tox|[from] psn
|upkeep
|turn|13
|
|t:|1757896771
|switch|p2a: Goodra|Goodra, F|30/100
|move|p1a: Moltres|U-turn|p2a: Goodra
|-damage|p2a: Goodra|12/100
|inactive|hanziyu has 120 seconds left.
|
|t:|1757896791
|switch|p1a: Great Tusk|Great Tusk|100/100|[from] U-turn
|
|upkeep
|turn|14
|
|t:|1757896795
|move|p1a: Great Tusk|Rapid Spin|p2a: Goodra
|-damage|p2a: Goodra|0 fnt
|-boost|p1a: Great Tusk|spe|1
|faint|p2a: Goodra
|
|upkeep
|
|t:|1757896800
|switch|p2a: Weezing|Weezing-Galar, F|86/100
|turn|15
|
|t:|1757896811
|move|p1a: Great Tusk|Stealth Rock|p2a: Weezing
|-sidestart|p2: DOMINICANO 55|move: Stealth Rock
|move|p2a: Weezing|Will-O-Wisp|p1a: Great Tusk
|-status|p1a: Great Tusk|brn
|
|-heal|p2a: Weezing|92/100|[from] item: Black Sludge
|-damage|p1a: Great Tusk|94/100 brn|[from] brn
|upkeep
|turn|16
|
|t:|1757896819
|-end|p1a: Great Tusk|Protosynthesis|[silent]
|switch|p1a: Scizor|Scizor, M|100/100
|move|p2a: Weezing|Defog|p1a: Scizor
|-unboost|p1a: Scizor|evasion|1
|-sideend|p2: DOMINICANO 55|Stealth Rock|[from] move: Defog|[of] p2a: Weezing
|
|-heal|p2a: Weezing|98/100|[from] item: Black Sludge
|upkeep
|turn|17
|
|t:|1757896827
|move|p1a: Scizor|Bullet Punch|p2a: Weezing
|-supereffective|p2a: Weezing
|-damage|p2a: Weezing|25/100
|move|p2a: Weezing|Flamethrower|p1a: Scizor
|-supereffective|p1a: Scizor
|-damage|p1a: Scizor|0 fnt
|faint|p1a: Scizor
|
|-heal|p2a: Weezing|31/100|[from] item: Black Sludge
|upkeep
|
|t:|1757896837
|switch|p1a: Moltres|Moltres, shiny|69/100 tox
|-ability|p1a: Moltres|Pressure
|turn|18
|
|t:|1757896861
|switch|p2a: Swampert|Swampert, M|100/100
|move|p1a: Moltres|Flamethrower|p2a: Swampert
|-resisted|p2a: Swampert
|-damage|p2a: Swampert|84/100
|-status|p2a: Swampert|brn
|
|-heal|p2a: Swampert|90/100 brn|[from] item: Leftovers
|-damage|p1a: Moltres|63/100 tox|[from] psn
|-damage|p2a: Swampert|84/100 brn|[from] brn
|upkeep
|turn|19
|
|t:|1757896879
|move|p1a: Moltres|U-turn|p2a: Swampert
|-damage|p2a: Swampert|75/100 brn
|
|t:|1757896882
|switch|p1a: Ogerpon|Ogerpon-Wellspring, F|100/100|[from] U-turn
|move|p2a: Swampert|Liquidation|p1a: Ogerpon
|-immune|p1a: Ogerpon|[from] ability: Water Absorb
|
|-heal|p2a: Swampert|81/100 brn|[from] item: Leftovers
|-damage|p2a: Swampert|75/100 brn|[from] brn
|upkeep
|turn|20
|
|t:|1757896892
|move|p1a: Ogerpon|Swords Dance|p1a: Ogerpon
|-boost|p1a: Ogerpon|atk|2
|move|p2a: Swampert|Ice Punch|p1a: Ogerpon
|-damage|p1a: Ogerpon|89/100
|
|-heal|p2a: Swampert|81/100 brn|[from] item: Leftovers
|-damage|p2a: Swampert|75/100 brn|[from] brn
|upkeep
|turn|21
|
|t:|1757896899
|move|p1a: Ogerpon|Swords Dance|p1a: Ogerpon
|-boost|p1a: Ogerpon|atk|2
|move|p2a: Swampert|Ice Punch|p1a: Ogerpon
|-damage|p1a: Ogerpon|76/100
|
|-heal|p2a: Swampert|81/100 brn|[from] item: Leftovers
|-damage|p2a: Swampert|75/100 brn|[from] brn
|upkeep
|turn|22
|
|t:|1757896908
|move|p1a: Ogerpon|Ivy Cudgel|p2a: Swampert|[anim] Ivy Cudgel Water
|-damage|p2a: Swampert|0 fnt
|faint|p2a: Swampert
|
|upkeep
|
|t:|1757896914
|switch|p2a: Conkeldurr|Conkeldurr, M|70/100
|turn|23
|
|t:|1757896936
|-terastallize|p2a: Conkeldurr|Fighting
|move|p2a: Conkeldurr|Mach Punch|p1a: Ogerpon
|-damage|p1a: Ogerpon|31/100
|move|p1a: Ogerpon|Ivy Cudgel|p2a: Conkeldurr|[anim] Ivy Cudgel Water
|-damage|p2a: Conkeldurr|0 fnt
|faint|p2a: Conkeldurr
|
|upkeep
|
|t:|1757896944
|switch|p2a: Cinderace|Cinderace, F|100/100
|turn|24
|
|t:|1757896951
|-terastallize|p1a: Ogerpon|Water
|detailschange|p1a: Ogerpon|Ogerpon-Wellspring-Tera, F, tera:Water
|-ability|p1a: Ogerpon|Embody Aspect (Wellspring)|boost
|-boost|p1a: Ogerpon|spd|1
|move|p2a: Cinderace|Sucker Punch||[still]
|-fail|p2a: Cinderace
|move|p1a: Ogerpon|Synthesis|p1a: Ogerpon
|-heal|p1a: Ogerpon|81/100
|
|upkeep
|turn|25
|-message|DOMINICANO 55 forfeited.
|
|win|hanziyu
|raw|hanziyu's rating: 1308 &rarr; <strong>1326</strong><br />(+18 for winning)
|raw|DOMINICANO 55's rating: 1271 &rarr; <strong>1249</strong><br />(-22 for losing)
|l|‽DOMINICANO 55
|player|p2|
|l|‽hanziyu
|player|p1|
