|j|☆hey i like pokemen
|j|☆Envy cat
|t:|1757862493
|gametype|singles
|player|p1|hey i like pokemen|101|1084
|player|p2|Envy cat|roughneck-gen4|1087
|gen|9
|tier|[Gen 9] OU
|rated|
|rule|HP Percentage Mod: HP is shown in percentages
|rule|Endless Battle Clause: Forcing endless battles is banned
|rule|Species Clause: Limit one of each Pokémon
|rule|OHKO Clause: OHKO moves are banned
|rule|Evasion Items Clause: Evasion items are banned
|rule|Evasion Moves Clause: Evasion moves are banned
|rule|Evasion Abilities Clause: Evasion abilities are banned
|rule|Sleep Moves Clause: Sleep-inducing moves are banned
|clearpoke
|poke|p1|Milotic, M|
|poke|p1|Glimmora, F|
|poke|p1|Excadrill, M|
|poke|p1|Tyranitar, M|
|poke|p1|Hydreigon, M|
|poke|p1|Skeledirge, F|
|poke|p2|Zoroark-Hisui, M|
|poke|p2|Sandslash-Alola, M|
|poke|p2|Kyurem|
|poke|p2|Lanturn, M|
|poke|p2|Landorus-Therian, M|
|poke|p2|Scrafty, M|
|teampreview
|
|t:|1757862500
|teamsize|p1|6
|teamsize|p2|6
|start
|switch|p1a: Glimmora|Glimmora, F|100/100
|switch|p2a: SDL IV Cyber|Landorus-Therian, M|100/100
|-ability|p2a: SDL IV Cyber|Intimidate|boost
|-unboost|p1a: Glimmora|atk|1
|turn|1
|
|t:|1757862507
|move|p2a: SDL IV Cyber|Earth Power|p1a: Glimmora
|-supereffective|p1a: Glimmora
|-enditem|p1a: Glimmora|Focus Sash
|-damage|p1a: Glimmora|1/100
|-unboost|p1a: Glimmora|spd|1
|move|p1a: Glimmora|Stealth Rock|p2a: SDL IV Cyber
|-sidestart|p2: Envy cat|move: Stealth Rock
|
|upkeep
|turn|2
|
|t:|1757862521
|switch|p1a: Milotic|Milotic, M|100/100
|move|p2a: SDL IV Cyber|Earth Power|p1a: Milotic
|-damage|p1a: Milotic|64/100
|
|-status|p1a: Milotic|brn|[from] item: Flame Orb
|upkeep
|turn|3
|
|t:|1757862530
|move|p2a: SDL IV Cyber|Stealth Rock|p1a: Milotic
|-sidestart|p1: hey i like pokemen|move: Stealth Rock
|move|p1a: Milotic|Recover|p1a: Milotic
|-heal|p1a: Milotic|100/100 brn
|
|-damage|p1a: Milotic|94/100 brn|[from] brn
|upkeep
|turn|4
|
|t:|1757862538
|move|p2a: SDL IV Cyber|U-turn|p1a: Milotic
|-damage|p1a: Milotic|84/100 brn
|
|t:|1757862550
|switch|p2a: Cyber55555|Scrafty, M|100/100|[from] U-turn
|-damage|p2a: Cyber55555|95/100|[from] Stealth Rock
|-ability|p2a: Cyber55555|Intimidate|boost
|-unboost|p1a: Milotic|atk|1
|move|p1a: Milotic|Dragon Tail|p2a: Cyber55555
|-damage|p2a: Cyber55555|91/100
|drag|p2a: SDL IV Cyber|Landorus-Therian, M|100/100
|-damage|p2a: SDL IV Cyber|88/100|[from] Stealth Rock
|
|-damage|p1a: Milotic|78/100 brn|[from] brn
|upkeep
|turn|5
|
|t:|1757862565
|move|p2a: SDL IV Cyber|Snowscape|p2a: SDL IV Cyber
|-weather|Snowscape
|move|p1a: Milotic|Scald|p2a: SDL IV Cyber
|-damage|p2a: SDL IV Cyber|37/100
|replace|p2a: Cyber Catnap's|Zoroark-Hisui, M, shiny
|-end|p2a: Cyber Catnap's|Illusion
|
|-weather|Snowscape|[upkeep]
|-damage|p1a: Milotic|72/100 brn|[from] brn
|upkeep
|turn|6
|
|t:|1757862577
|move|p2a: Cyber Catnap's|Bitter Malice|p1a: Milotic
|-damage|p1a: Milotic|43/100 brn
|-unboost|p1a: Milotic|atk|1
|move|p1a: Milotic|Scald|p2a: Cyber Catnap's
|-damage|p2a: Cyber Catnap's|0 fnt
|faint|p2a: Cyber Catnap's
|
|-weather|Snowscape|[upkeep]
|-damage|p1a: Milotic|37/100 brn|[from] brn
|upkeep
|
|t:|1757862584
|switch|p2a: SDL III Cyber|Sandslash-Alola, M|100/100
|-damage|p2a: SDL III Cyber|88/100|[from] Stealth Rock
|turn|7
|
|t:|1757862593
|-terastallize|p2a: SDL III Cyber|Ground
|move|p2a: SDL III Cyber|Earthquake|p1a: Milotic
|-damage|p1a: Milotic|15/100 brn
|move|p1a: Milotic|Recover|p1a: Milotic
|-heal|p1a: Milotic|65/100 brn
|
|-weather|Snowscape|[upkeep]
|-damage|p1a: Milotic|59/100 brn|[from] brn
|upkeep
|turn|8
|
|t:|1757862603
|move|p2a: SDL III Cyber|Rapid Spin|p1a: Milotic
|-damage|p1a: Milotic|51/100 brn
|-boost|p2a: SDL III Cyber|spe|1
|-sideend|p2: Envy cat|Stealth Rock|[from] move: Rapid Spin|[of] p2a: SDL III Cyber
|move|p1a: Milotic|Recover|p1a: Milotic
|-heal|p1a: Milotic|100/100 brn
|
|-weather|Snowscape|[upkeep]
|-damage|p1a: Milotic|94/100 brn|[from] brn
|upkeep
|turn|9
|
|t:|1757862616
|switch|p2a: Forest Cyber|Lanturn, M|100/100
|switch|p1a: Tyranitar|Tyranitar, M|100/100
|-damage|p1a: Tyranitar|88/100|[from] Stealth Rock
|-weather|Sandstorm|[from] ability: Sand Stream|[of] p1a: Tyranitar
|
|-weather|Sandstorm|[upkeep]
|-damage|p2a: Forest Cyber|94/100|[from] Sandstorm
|upkeep
|turn|10
|
|t:|1757862635
|move|p2a: Forest Cyber|Scald|p1a: Tyranitar
|-supereffective|p1a: Tyranitar
|-damage|p1a: Tyranitar|52/100
|-status|p1a: Tyranitar|brn
|move|p1a: Tyranitar|Dragon Dance|p1a: Tyranitar
|-boost|p1a: Tyranitar|atk|1
|-boost|p1a: Tyranitar|spe|1
|
|-weather|Sandstorm|[upkeep]
|-damage|p2a: Forest Cyber|88/100|[from] Sandstorm
|-damage|p1a: Tyranitar|46/100 brn|[from] brn
|upkeep
|turn|11
|
|t:|1757862648
|switch|p2a: SDL IV Cyber|Landorus-Therian, M|100/100
|-ability|p2a: SDL IV Cyber|Intimidate|boost
|-unboost|p1a: Tyranitar|atk|1
|move|p1a: Tyranitar|Knock Off|p2a: SDL IV Cyber
|-damage|p2a: SDL IV Cyber|70/100
|-enditem|p2a: SDL IV Cyber|Soft Sand|[from] move: Knock Off|[of] p1a: Tyranitar
|
|-weather|Sandstorm|[upkeep]
|-damage|p1a: Tyranitar|40/100 brn|[from] brn
|upkeep
|turn|12
|
|t:|1757862659
|move|p2a: SDL IV Cyber|Focus Blast|p1a: Tyranitar
|-supereffective|p1a: Tyranitar
|-damage|p1a: Tyranitar|0 fnt
|faint|p1a: Tyranitar
|
|-weather|Sandstorm|[upkeep]
|upkeep
|
|t:|1757862666
|switch|p1a: Excadrill|Excadrill, M|100/100
|-damage|p1a: Excadrill|97/100|[from] Stealth Rock
|turn|13
|
|t:|1757862676
|move|p2a: SDL IV Cyber|Focus Blast|p1a: Excadrill
|-supereffective|p1a: Excadrill
|-damage|p1a: Excadrill|0 fnt
|faint|p1a: Excadrill
|
|-weather|Sandstorm|[upkeep]
|upkeep
|-message|hey i like pokemen forfeited.
|
|win|Envy cat
|raw|hey i like pokemen's rating: 1084 &rarr; <strong>1062</strong><br />(-22 for losing)
|raw|Envy cat's rating: 1087 &rarr; <strong>1114</strong><br />(+27 for winning)
|l|☆hey i like pokemen
|player|p1|
|l|☆Envy cat
|player|p2|
