|j|☆TheJobApplication
|j|‽Axj5869
|t:|1757930047
|gametype|singles
|player|p1|TheJobApplication|1|1431
|player|p2|Axj5869|169|1445
|gen|9
|tier|[Gen 9] OU
|rated|
|rule|HP Percentage Mod: HP is shown in percentages
|rule|Endless Battle Clause: Forcing endless battles is banned
|rule|Species Clause: Limit one of each Pokémon
|rule|OHKO Clause: OHKO moves are banned
|rule|Evasion Items Clause: Evasion items are banned
|rule|Evasion Moves Clause: Evasion moves are banned
|rule|Evasion Abilities Clause: Evasion abilities are banned
|rule|Sleep Moves Clause: Sleep-inducing moves are banned
|clearpoke
|poke|p1|Chandelure, M|
|poke|p1|Great Tusk|
|poke|p1|Kingambit, M|
|poke|p1|Dragapult, F|
|poke|p1|Rillaboom, F|
|poke|p1|Corviknight, M|
|poke|p2|Kyurem|
|poke|p2|Azumarill, F|
|poke|p2|Ursaluna, M|
|poke|p2|Iron Crown|
|poke|p2|Kingambit, M|
|poke|p2|Garganacl, F|
|teampreview
|inactive|Battle timer is ON: inactive players will automatically lose when time's up. (requested by TheJobApplication)
|
|t:|1757930055
|teamsize|p1|6
|teamsize|p2|6
|start
|switch|p1a: Baby Oil|Dragapult, F|100/100
|switch|p2a: Garganacl|Garganacl, F|100/100
|turn|1
|
|t:|1757930065
|move|p1a: Baby Oil|Hydro Pump|p2a: Garganacl
|-supereffective|p2a: Garganacl
|-damage|p2a: Garganacl|19/100
|move|p2a: Garganacl|Stealth Rock|p1a: Baby Oil
|-sidestart|p1: TheJobApplication|move: Stealth Rock
|
|-heal|p2a: Garganacl|25/100|[from] item: Leftovers
|upkeep
|turn|2
|
|t:|1757930072
|move|p1a: Baby Oil|Hydro Pump|p2a: Garganacl
|-supereffective|p2a: Garganacl
|-damage|p2a: Garganacl|0 fnt
|faint|p2a: Garganacl
|
|upkeep
|
|t:|1757930079
|switch|p2a: Iron Crown|Iron Crown|100/100
|turn|3
|
|t:|1757930088
|move|p2a: Iron Crown|Volt Switch|p1a: Baby Oil
|-resisted|p1a: Baby Oil
|-damage|p1a: Baby Oil|85/100
|
|t:|1757930094
|-end|p2a: Iron Crown|Quark Drive|[silent]
|switch|p2a: Kingambit|Kingambit, M|100/100|[from] Volt Switch
|-activate|p2a: Kingambit|ability: Supreme Overlord
|-start|p2a: Kingambit|fallen1|[silent]
|move|p1a: Baby Oil|Hydro Pump|p2a: Kingambit
|-crit|p2a: Kingambit
|-damage|p2a: Kingambit|32/100
|
|upkeep
|turn|4
|
|t:|1757930102
|switch|p1a: Aura|Corviknight, M|100/100
|-damage|p1a: Aura|88/100|[from] Stealth Rock
|-ability|p1a: Aura|Pressure
|move|p2a: Kingambit|Sucker Punch||[still]
|-fail|p2a: Kingambit
|
|upkeep
|turn|5
|
|t:|1757930111
|-end|p2a: Kingambit|fallen1|[silent]
|switch|p2a: Azumarill|Azumarill, F|100/100
|move|p1a: Aura|Defog|p2a: Azumarill
|-unboost|p2a: Azumarill|evasion|1
|-sideend|p1: TheJobApplication|Stealth Rock|[from] move: Defog|[of] p1a: Aura
|
|upkeep
|turn|6
|
|t:|1757930114
|move|p1a: Aura|Brave Bird|p2a: Azumarill
|-damage|p2a: Azumarill|65/100
|-damage|p1a: Aura|76/100|[from] Recoil
|move|p2a: Azumarill|Belly Drum|p2a: Azumarill
|-damage|p2a: Azumarill|15/100
|-setboost|p2a: Azumarill|atk|6|[from] move: Belly Drum
|-enditem|p2a: Azumarill|Sitrus Berry|[eat]
|-heal|p2a: Azumarill|40/100|[from] item: Sitrus Berry
|
|upkeep
|turn|7
|
|t:|1757930133
|switch|p1a: Baby Oil|Dragapult, F|85/100
|move|p2a: Azumarill|Substitute|p2a: Azumarill
|-start|p2a: Azumarill|Substitute
|-damage|p2a: Azumarill|15/100
|
|upkeep
|turn|8
|
|t:|1757930140
|move|p1a: Baby Oil|Shadow Ball|p2a: Azumarill
|-damage|p2a: Azumarill|0 fnt
|faint|p2a: Azumarill
|
|upkeep
|
|t:|1757930146
|switch|p2a: Iron Crown|Iron Crown|100/100
|turn|9
|
|t:|1757930152
|-terastallize|p2a: Iron Crown|Steel
|move|p2a: Iron Crown|Tachyon Cutter|p1a: Baby Oil
|-damage|p1a: Baby Oil|40/100
|-damage|p1a: Baby Oil|0 fnt
|faint|p1a: Baby Oil
|-hitcount|p1: Baby Oil|2
|
|upkeep
|
|t:|1757930157
|switch|p1a: ChanDiddily|Chandelure, M|100/100
|turn|10
|
|t:|1757930162
|-end|p2a: Iron Crown|Quark Drive|[silent]
|switch|p2a: Kingambit|Kingambit, M|32/100
|-activate|p2a: Kingambit|ability: Supreme Overlord
|-start|p2a: Kingambit|fallen2|[silent]
|move|p1a: ChanDiddily|Fire Blast|p2a: Kingambit
|-supereffective|p2a: Kingambit
|-damage|p2a: Kingambit|0 fnt
|faint|p2a: Kingambit
|-end|p2a: Kingambit|fallen2|[silent]
|
|upkeep
|
|t:|1757930168
|switch|p2a: Ursaluna|Ursaluna, M|100/100
|turn|11
|
|t:|1757930175
|switch|p1a: Massive Tusk|Great Tusk|100/100
|-enditem|p1a: Massive Tusk|Booster Energy
|-activate|p1a: Massive Tusk|ability: Protosynthesis|[fromitem]
|-start|p1a: Massive Tusk|protosynthesisatk
|move|p2a: Ursaluna|Headlong Rush|p1a: Massive Tusk
|-damage|p1a: Massive Tusk|58/100
|-unboost|p2a: Ursaluna|def|1
|-unboost|p2a: Ursaluna|spd|1
|
|-status|p2a: Ursaluna|brn|[from] item: Flame Orb
|upkeep
|turn|12
|
|t:|1757930182
|move|p1a: Massive Tusk|Close Combat|p2a: Ursaluna
|-supereffective|p2a: Ursaluna
|-damage|p2a: Ursaluna|0 fnt
|-unboost|p1a: Massive Tusk|def|1
|-unboost|p1a: Massive Tusk|spd|1
|faint|p2a: Ursaluna
|
|upkeep
|
|t:|1757930186
|switch|p2a: Iron Crown|Iron Crown, tera:Steel|100/100
|turn|13
|
|t:|1757930190
|move|p2a: Iron Crown|Tachyon Cutter|p1a: Massive Tusk
|-damage|p1a: Massive Tusk|0 fnt
|faint|p1a: Massive Tusk
|-end|p1a: Massive Tusk|Protosynthesis|[silent]
|-hitcount|p1: Massive Tusk|1
|
|upkeep
|
|t:|1757930194
|switch|p1a: ChanDiddily|Chandelure, M|100/100
|turn|14
|
|t:|1757930203
|-end|p2a: Iron Crown|Quark Drive|[silent]
|switch|p2a: Kyurem|Kyurem|100/100
|-ability|p2a: Kyurem|Pressure
|move|p1a: ChanDiddily|Fire Blast|p2a: Kyurem
|-damage|p2a: Kyurem|44/100
|
|upkeep
|turn|15
|
|t:|1757930207
|move|p1a: ChanDiddily|Fire Blast|p2a: Kyurem
|-crit|p2a: Kyurem
|-damage|p2a: Kyurem|0 fnt
|faint|p2a: Kyurem
|
|upkeep
|
|t:|1757930209
|switch|p2a: Iron Crown|Iron Crown, tera:Steel|100/100
|turn|16
|
|t:|1757930212
|move|p2a: Iron Crown|Tachyon Cutter|p1a: ChanDiddily
|-resisted|p1a: ChanDiddily
|-damage|p1a: ChanDiddily|75/100
|-resisted|p1a: ChanDiddily
|-damage|p1a: ChanDiddily|52/100
|-hitcount|p1a: ChanDiddily|2
|move|p1a: ChanDiddily|Fire Blast|p2a: Iron Crown
|-supereffective|p2a: Iron Crown
|-damage|p2a: Iron Crown|0 fnt
|faint|p2a: Iron Crown
|-end|p2a: Iron Crown|Quark Drive|[silent]
|
|win|TheJobApplication
|raw|TheJobApplication's rating: 1431 &rarr; <strong>1452</strong><br />(+21 for winning)
|raw|Axj5869's rating: 1445 &rarr; <strong>1424</strong><br />(-21 for losing)
|l|☆TheJobApplication
|player|p1|
|l|‽Axj5869
|player|p2|
