|j|☆thefunbegins
|j|☆shadow xdash
|t:|1757841051
|gametype|singles
|player|p1|thefunbegins|gentleman-gen4|1149
|player|p2|shadow xdash|red|1186
|gen|9
|tier|[Gen 9] OU
|rated|
|rule|HP Percentage Mod: HP is shown in percentages
|rule|Endless Battle Clause: Forcing endless battles is banned
|rule|Species Clause: Limit one of each Pokémon
|rule|OHKO Clause: OHKO moves are banned
|rule|Evasion Items Clause: Evasion items are banned
|rule|Evasion Moves Clause: Evasion moves are banned
|rule|Evasion Abilities Clause: Evasion abilities are banned
|rule|Sleep Moves Clause: Sleep-inducing moves are banned
|clearpoke
|poke|p1|Deoxys-Speed|
|poke|p1|Hoopa-Unbound|
|poke|p1|Grafaiai, F|
|poke|p1|Garchomp, F|
|poke|p1|Komala, F|
|poke|p1|Flygon, F|
|poke|p2|Infernape, M|
|poke|p2|Garchomp, M|
|poke|p2|Sceptile, M|
|poke|p2|Luxray, M|
|poke|p2|Gyarados, M|
|poke|p2|Gengar, M|
|teampreview
|inactive|Battle timer is ON: inactive players will automatically lose when time's up. (requested by shadow xdash)
|
|t:|1757841061
|teamsize|p1|6
|teamsize|p2|6
|start
|switch|p1a: Deoxys|Deoxys-Speed|100/100
|switch|p2a: Luxray|Luxray, M, shiny|100/100
|-ability|p1a: Deoxys|Pressure
|turn|1
|
|t:|1757841069
|move|p1a: Deoxys|Psycho Boost|p2a: Luxray|[miss]
|-miss|p1a: Deoxys|p2a: Luxray
|move|p2a: Luxray|Trailblaze|p1a: Deoxys
|-damage|p1a: Deoxys|78/100
|-boost|p2a: Luxray|spe|1
|
|-status|p2a: Luxray|brn|[from] item: Flame Orb
|upkeep
|turn|2
|
|t:|1757841079
|move|p1a: Deoxys|Psycho Boost|p2a: Luxray
|-damage|p2a: Luxray|8/100 brn
|-unboost|p1a: Deoxys|spa|2
|-enditem|p1a: Deoxys|Eject Pack
|
|t:|1757841088
|switch|p1a: Komala|Komala, F|100/100
|-ability|p1a: Komala|Comatose
|move|p2a: Luxray|Facade|p1a: Komala
|-damage|p1a: Komala|6/100
|
|-damage|p2a: Luxray|2/100 brn|[from] brn
|upkeep
|turn|3
|
|t:|1757841096
|move|p1a: Komala|Sucker Punch|p2a: Luxray
|-damage|p2a: Luxray|0 fnt
|faint|p2a: Luxray
|
|upkeep
|
|t:|1757841100
|switch|p2a: Gyarados|Gyarados, M, shiny|100/100
|turn|4
|
|t:|1757841104
|move|p2a: Gyarados|Waterfall|p1a: Komala
|-damage|p1a: Komala|0 fnt
|faint|p1a: Komala
|-ability|p2a: Gyarados|Moxie|boost
|-boost|p2a: Gyarados|atk|1
|
|upkeep
|
|t:|1757841113
|switch|p1a: Grafaiai|Grafaiai, F|100/100
|turn|5
|
|t:|1757841120
|move|p1a: Grafaiai|Switcheroo|p2a: Gyarados
|-activate|p1a: Grafaiai|move: Trick|[of] p2a: Gyarados
|-item|p2a: Gyarados|Black Sludge|[from] move: Switcheroo
|-item|p1a: Grafaiai|Clear Amulet|[from] move: Switcheroo
|move|p2a: Gyarados|Waterfall|p1a: Grafaiai
|-damage|p1a: Grafaiai|8/100
|
|-damage|p2a: Gyarados|88/100|[from] item: Black Sludge
|upkeep
|turn|6
|
|t:|1757841126
|move|p1a: Grafaiai|Parting Shot|p2a: Gyarados
|-unboost|p2a: Gyarados|atk|1
|-unboost|p2a: Gyarados|spa|1
|
|t:|1757841139
|switch|p1a: Flygon|Flygon, F|100/100|[from] Parting Shot
|move|p2a: Gyarados|Waterfall|p1a: Flygon
|-damage|p1a: Flygon|36/100
|
|-damage|p2a: Gyarados|76/100|[from] item: Black Sludge
|upkeep
|turn|7
|
|t:|1757841149
|move|p1a: Flygon|Dragon Pulse|p2a: Gyarados
|-damage|p2a: Gyarados|45/100
|move|p2a: Gyarados|Waterfall|p1a: Flygon
|-damage|p1a: Flygon|0 fnt
|faint|p1a: Flygon
|-ability|p2a: Gyarados|Moxie|boost
|-boost|p2a: Gyarados|atk|1
|
|-damage|p2a: Gyarados|33/100|[from] item: Black Sludge
|upkeep
|
|t:|1757841158
|switch|p1a: Grafaiai|Grafaiai, F|8/100
|turn|8
|
|t:|1757841162
|move|p1a: Grafaiai|Parting Shot|p2a: Gyarados
|-unboost|p2a: Gyarados|atk|1
|-unboost|p2a: Gyarados|spa|1
|
|t:|1757841164
|switch|p1a: Garchomp|Garchomp, F|100/100|[from] Parting Shot
|move|p2a: Gyarados|Waterfall|p1a: Garchomp
|-damage|p1a: Garchomp|53/100
|-damage|p2a: Gyarados|20/100|[from] ability: Rough Skin|[of] p1a: Garchomp
|
|-damage|p2a: Gyarados|8/100|[from] item: Black Sludge
|upkeep
|turn|9
|
|t:|1757841180
|move|p1a: Garchomp|Surf|p2a: Gyarados
|-resisted|p2a: Gyarados
|-damage|p2a: Gyarados|0 fnt
|faint|p2a: Gyarados
|
|upkeep
|
|t:|1757841188
|switch|p2a: Garchomp|Garchomp, M, shiny|100/100
|turn|10
|
|t:|1757841193
|-terastallize|p2a: Garchomp|Water
|move|p1a: Garchomp|Surf|p2a: Garchomp
|-resisted|p2a: Garchomp
|-damage|p2a: Garchomp|82/100
|move|p2a: Garchomp|Scale Shot|p1a: Garchomp
|-supereffective|p1a: Garchomp
|-damage|p1a: Garchomp|28/100
|-supereffective|p1a: Garchomp
|-damage|p1a: Garchomp|4/100
|-supereffective|p1a: Garchomp
|-damage|p1a: Garchomp|0 fnt
|faint|p1a: Garchomp
|-hitcount|p1: Garchomp|3
|-unboost|p2a: Garchomp|def|1
|-boost|p2a: Garchomp|spe|1
|
|upkeep
|
|t:|1757841199
|switch|p1a: Grafaiai|Grafaiai, F|8/100
|turn|11
|
|t:|1757841213
|move|p1a: Grafaiai|Parting Shot|p2a: Garchomp
|-unboost|p2a: Garchomp|atk|1
|-unboost|p2a: Garchomp|spa|1
|
|t:|1757841217
|switch|p1a: Deoxys|Deoxys-Speed|78/100|[from] Parting Shot
|-ability|p1a: Deoxys|Pressure
|move|p2a: Garchomp|Scale Shot|p1a: Deoxys
|-damage|p1a: Deoxys|65/100
|-damage|p1a: Deoxys|53/100
|-damage|p1a: Deoxys|41/100
|-damage|p1a: Deoxys|27/100
|-hitcount|p1a: Deoxys|4
|-unboost|p2a: Garchomp|def|1
|-boost|p2a: Garchomp|spe|1
|
|upkeep
|turn|12
|
|t:|1757841228
|move|p2a: Garchomp|Scale Shot|p1a: Deoxys
|-damage|p1a: Deoxys|13/100
|-damage|p1a: Deoxys|1/100
|-damage|p1a: Deoxys|0 fnt
|faint|p1a: Deoxys
|-hitcount|p1: Deoxys|3
|-unboost|p2a: Garchomp|def|1
|-boost|p2a: Garchomp|spe|1
|
|upkeep
|
|t:|1757841232
|switch|p1a: Hoopa|Hoopa-Unbound|100/100
|turn|13
|
|t:|1757841235
|move|p2a: Garchomp|Scale Shot|p1a: Hoopa
|-damage|p1a: Hoopa|89/100
|-damage|p1a: Hoopa|76/100
|-damage|p1a: Hoopa|65/100
|-damage|p1a: Hoopa|53/100
|-hitcount|p1a: Hoopa|4
|-unboost|p2a: Garchomp|def|1
|-boost|p2a: Garchomp|spe|1
|move|p1a: Hoopa|Hyperspace Fury|p2a: Garchomp
|-damage|p2a: Garchomp|0 fnt
|-unboost|p1a: Hoopa|def|1
|faint|p2a: Garchomp
|-enditem|p1a: Hoopa|Eject Pack
|
|t:|1757841238
|switch|p1a: Grafaiai|Grafaiai, F|8/100
|
|upkeep
|
|t:|1757841242
|switch|p2a: Infernape|Infernape, M, shiny|100/100
|turn|14
|
|t:|1757841249
|move|p2a: Infernape|Mach Punch|p1a: Grafaiai
|-damage|p1a: Grafaiai|0 fnt
|faint|p1a: Grafaiai
|
|upkeep
|
|t:|1757841251
|switch|p1a: Hoopa|Hoopa-Unbound|53/100
|turn|15
|
|t:|1757841260
|move|p2a: Infernape|Drain Punch|p1a: Hoopa
|-damage|p1a: Hoopa|0 fnt
|faint|p1a: Hoopa
|
|win|shadow xdash
|raw|thefunbegins's rating: 1149 &rarr; <strong>1127</strong><br />(-22 for losing)
|raw|shadow xdash's rating: 1186 &rarr; <strong>1208</strong><br />(+22 for winning)
|l|☆thefunbegins
|player|p1|
|l|☆shadow xdash
|player|p2|
