|j|☆yfoyflxitgcxkucjn
|j|☆smurtgurt
|t:|1757834724
|gametype|singles
|player|p1|yfoyflxitgcxkucjn|elesa|1194
|player|p2|smurtgurt|unknown|1217
|gen|9
|tier|[Gen 9] OU
|rated|
|rule|HP Percentage Mod: HP is shown in percentages
|rule|Endless Battle Clause: Forcing endless battles is banned
|rule|Species Clause: Limit one of each Pokémon
|rule|OHKO Clause: OHKO moves are banned
|rule|Evasion Items Clause: Evasion items are banned
|rule|Evasion Moves Clause: Evasion moves are banned
|rule|Evasion Abilities Clause: Evasion abilities are banned
|rule|Sleep Moves Clause: Sleep-inducing moves are banned
|clearpoke
|poke|p1|Cloyster, M|
|poke|p1|Tornadus-Therian, M|
|poke|p1|Hatterene, F|
|poke|p1|Clodsire, F|
|poke|p1|Skeledirge, F|
|poke|p1|Great Tusk|
|poke|p2|Tyranitar, M|
|poke|p2|Vikavolt, M|
|poke|p2|Diancie|
|poke|p2|Clodsire, F|
|poke|p2|Mew|
|poke|p2|Glimmora, M|
|teampreview
|
|t:|1757834734
|teamsize|p1|6
|teamsize|p2|6
|start
|switch|p1a: Clodsire|Clodsire, F|100/100
|switch|p2a: Glimmora|Glimmora, M|100/100
|turn|1
|
|t:|1757834743
|move|p2a: Glimmora|Toxic|p1a: Clodsire
|-status|p1a: Clodsire|tox
|move|p1a: Clodsire|Earthquake|p2a: Glimmora
|-supereffective|p2a: Glimmora
|-damage|p2a: Glimmora|5/100
|
|-heal|p2a: Glimmora|12/100|[from] item: Leftovers
|-damage|p1a: Clodsire|94/100 tox|[from] psn
|upkeep
|turn|2
|
|t:|1757834752
|move|p2a: Glimmora|Spiky Shield|p2a: Glimmora
|-singleturn|p2a: Glimmora|move: Protect
|move|p1a: Clodsire|Toxic|p2a: Glimmora
|-activate|p2a: Glimmora|move: Protect
|
|-heal|p2a: Glimmora|18/100|[from] item: Leftovers
|-heal|p1a: Clodsire|100/100 tox|[from] item: Black Sludge
|-damage|p1a: Clodsire|88/100 tox|[from] psn
|upkeep
|turn|3
|
|t:|1757834755
|switch|p2a: Vikavolt|Vikavolt, M|100/100
|move|p1a: Clodsire|Earthquake|p2a: Vikavolt
|-immune|p2a: Vikavolt|[from] ability: Levitate
|
|-heal|p1a: Clodsire|94/100 tox|[from] item: Black Sludge
|-damage|p1a: Clodsire|75/100 tox|[from] psn
|upkeep
|turn|4
|
|t:|1757834761
|switch|p2a: Clodsire|Clodsire, F|100/100
|move|p1a: Clodsire|Toxic|p2a: Clodsire
|-immune|p2a: Clodsire
|
|-heal|p1a: Clodsire|82/100 tox|[from] item: Black Sludge
|-damage|p1a: Clodsire|57/100 tox|[from] psn
|upkeep
|turn|5
|
|t:|1757834767
|switch|p2a: Vikavolt|Vikavolt, M|100/100
|move|p1a: Clodsire|Earthquake|p2a: Vikavolt
|-immune|p2a: Vikavolt|[from] ability: Levitate
|
|-heal|p1a: Clodsire|63/100 tox|[from] item: Black Sludge
|-damage|p1a: Clodsire|32/100 tox|[from] psn
|upkeep
|turn|6
|
|t:|1757834771
|move|p2a: Vikavolt|Energy Ball|p1a: Clodsire
|-damage|p1a: Clodsire|12/100 tox
|move|p1a: Clodsire|Stealth Rock|p2a: Vikavolt
|-sidestart|p2: smurtgurt|move: Stealth Rock
|
|-heal|p1a: Clodsire|18/100 tox|[from] item: Black Sludge
|-damage|p1a: Clodsire|0 fnt|[from] psn
|faint|p1a: Clodsire
|upkeep
|inactive|Battle timer is ON: inactive players will automatically lose when time's up. (requested by smurtgurt)
|
|t:|1757834778
|switch|p1a: Great Tusk|Great Tusk|100/100
|-enditem|p1a: Great Tusk|Booster Energy
|-activate|p1a: Great Tusk|ability: Protosynthesis|[fromitem]
|-start|p1a: Great Tusk|protosynthesisatk
|turn|7
|
|t:|1757834784
|move|p1a: Great Tusk|Rapid Spin|p2a: Vikavolt
|-damage|p2a: Vikavolt|75/100
|-boost|p1a: Great Tusk|spe|1
|move|p2a: Vikavolt|Energy Ball|p1a: Great Tusk
|-supereffective|p1a: Great Tusk
|-crit|p1a: Great Tusk
|-damage|p1a: Great Tusk|0 fnt
|faint|p1a: Great Tusk
|-end|p1a: Great Tusk|Protosynthesis|[silent]
|
|upkeep
|
|t:|1757834794
|switch|p1a: Skeledirge|Skeledirge, F|100/100
|turn|8
|
|t:|1757834800
|switch|p2a: Clodsire|Clodsire, F|100/100
|-damage|p2a: Clodsire|94/100|[from] Stealth Rock
|move|p1a: Skeledirge|Will-O-Wisp|p2a: Clodsire
|-status|p2a: Clodsire|brn
|
|-heal|p2a: Clodsire|100/100 brn|[from] item: Leftovers
|-damage|p2a: Clodsire|94/100 brn|[from] brn
|upkeep
|turn|9
|
|t:|1757834803
|move|p1a: Skeledirge|Hex|p2a: Clodsire
|-damage|p2a: Clodsire|55/100 brn
|move|p2a: Clodsire|Toxic|p1a: Skeledirge
|-status|p1a: Skeledirge|tox
|
|-heal|p2a: Clodsire|62/100 brn|[from] item: Leftovers
|-damage|p1a: Skeledirge|94/100 tox|[from] psn
|-damage|p2a: Clodsire|55/100 brn|[from] brn
|upkeep
|turn|10
|
|t:|1757834807
|move|p1a: Skeledirge|Hex|p2a: Clodsire
|-damage|p2a: Clodsire|19/100 brn
|move|p2a: Clodsire|Recover|p2a: Clodsire
|-heal|p2a: Clodsire|69/100 brn
|
|-heal|p2a: Clodsire|75/100 brn|[from] item: Leftovers
|-damage|p1a: Skeledirge|82/100 tox|[from] psn
|-damage|p2a: Clodsire|69/100 brn|[from] brn
|upkeep
|turn|11
|
|t:|1757834810
|move|p1a: Skeledirge|Hex|p2a: Clodsire
|-damage|p2a: Clodsire|31/100 brn
|move|p2a: Clodsire|Recover|p2a: Clodsire
|-heal|p2a: Clodsire|81/100 brn
|
|-heal|p2a: Clodsire|87/100 brn|[from] item: Leftovers
|-damage|p1a: Skeledirge|64/100 tox|[from] psn
|-damage|p2a: Clodsire|81/100 brn|[from] brn
|upkeep
|turn|12
|-message|yfoyflxitgcxkucjn forfeited.
|
|win|smurtgurt
|raw|yfoyflxitgcxkucjn's rating: 1194 &rarr; <strong>1171</strong><br />(-23 for losing)
|raw|smurtgurt's rating: 1217 &rarr; <strong>1240</strong><br />(+23 for winning)
|l|☆yfoyflxitgcxkucjn
|player|p1|
|l|☆smurtgurt
|player|p2|
