|badge|p1|bronze|gen9ou|100-6
|uhtml|medal-msg|<div class="broadcast-blue">Curious what those medals under the avatar are? PS now has Ladder Seasons! For more information, check out the <a href="https://www.smogon.com/forums/threads/3740067/">thread on Smogon.</a></div>
|j|☆Obito 2001
|j|☆meganium275
|t:|1757788646
|gametype|singles
|player|p1|Obito 2001|blue-gen3two|1825
|player|p2|meganium275|volkner|1754
|gen|9
|tier|[Gen 9] OU
|rated|
|rule|HP Percentage Mod: HP is shown in percentages
|rule|Endless Battle Clause: Forcing endless battles is banned
|rule|Species Clause: Limit one of each Pokémon
|rule|OHKO Clause: OHKO moves are banned
|rule|Evasion Items Clause: Evasion items are banned
|rule|Evasion Moves Clause: Evasion moves are banned
|rule|Evasion Abilities Clause: Evasion abilities are banned
|rule|Sleep Moves Clause: Sleep-inducing moves are banned
|clearpoke
|poke|p1|Hoopa-Unbound|
|poke|p1|Masquerain, F|
|poke|p1|Great Tusk|
|poke|p1|Corviknight, F|
|poke|p1|Slither Wing|
|poke|p1|Slowking-Galar, F|
|poke|p2|Yanmega, M|
|poke|p2|Glimmora, F|
|poke|p2|Great Tusk|
|poke|p2|Zamazenta-*|
|poke|p2|Kingambit, M|
|poke|p2|Kyurem|
|teampreview
|inactive|Battle timer is ON: inactive players will automatically lose when time's up. (requested by Obito 2001)
|inactive|Obito 2001 has 120 seconds left.
|
|t:|1757788687
|teamsize|p1|6
|teamsize|p2|6
|start
|switch|p1a: Masquerain|Masquerain, F|100/100
|switch|p2a: Jack Frost|Kyurem|100/100
|-ability|p2a: Jack Frost|Pressure
|-ability|p1a: Masquerain|Intimidate|boost
|-unboost|p2a: Jack Frost|atk|1
|turn|1
|
|t:|1757788694
|switch|p1a: Corviknight|Corviknight, F|100/100
|-ability|p1a: Corviknight|Pressure
|move|p2a: Jack Frost|Icicle Spear|p1a: Corviknight
|-damage|p1a: Corviknight|94/100
|-damage|p1a: Corviknight|89/100
|-damage|p1a: Corviknight|83/100
|-damage|p1a: Corviknight|76/100
|-damage|p1a: Corviknight|70/100
|-hitcount|p1a: Corviknight|5
|
|upkeep
|turn|2
|
|t:|1757788700
|switch|p2a: Shiny Rock|Glimmora, F, shiny|100/100
|move|p1a: Corviknight|Body Press|p2a: Shiny Rock
|-damage|p2a: Shiny Rock|70/100
|-activate|p2a: Shiny Rock|ability: Toxic Debris
|-sidestart|p1: Obito 2001|move: Toxic Spikes
|-enditem|p2a: Shiny Rock|Red Card|[of] p1a: Corviknight
|drag|p1a: Mega Donphan|Great Tusk|100/100
|-status|p1a: Mega Donphan|psn
|
|-damage|p1a: Mega Donphan|88/100 psn|[from] psn
|upkeep
|turn|3
|j| 54 insane rats
|
|t:|1757788713
|move|p1a: Mega Donphan|Stealth Rock|p2a: Shiny Rock
|-sidestart|p2: meganium275|move: Stealth Rock
|move|p2a: Shiny Rock|Earth Power|p1a: Mega Donphan
|-damage|p1a: Mega Donphan|46/100 psn
|
|-damage|p1a: Mega Donphan|34/100 psn|[from] psn
|upkeep
|turn|4
|
|t:|1757788724
|move|p1a: Mega Donphan|Headlong Rush|p2a: Shiny Rock
|-supereffective|p2a: Shiny Rock
|-damage|p2a: Shiny Rock|0 fnt
|-unboost|p1a: Mega Donphan|def|1
|-unboost|p1a: Mega Donphan|spd|1
|-activate|p2a: Shiny Rock|ability: Toxic Debris
|-sidestart|p1: Obito 2001|move: Toxic Spikes
|faint|p2a: Shiny Rock
|
|-damage|p1a: Mega Donphan|21/100 psn|[from] psn
|upkeep
|
|t:|1757788727
|switch|p2a: Amazing Tusks|Great Tusk|100/100
|turn|5
|
|t:|1757788743
|move|p2a: Amazing Tusks|Rapid Spin|p1a: Mega Donphan
|-damage|p1a: Mega Donphan|5/100 psn
|-boost|p2a: Amazing Tusks|spe|1
|-damage|p2a: Amazing Tusks|84/100|[from] item: Rocky Helmet|[of] p1a: Mega Donphan
|-sideend|p2: meganium275|Stealth Rock|[from] move: Rapid Spin|[of] p2a: Amazing Tusks
|move|p1a: Mega Donphan|Rapid Spin|p2a: Amazing Tusks
|-damage|p2a: Amazing Tusks|74/100
|-boost|p1a: Mega Donphan|spe|1
|-sideend|p1: Obito 2001|Toxic Spikes|[from] move: Rapid Spin|[of] p1a: Mega Donphan
|
|-damage|p1a: Mega Donphan|0 fnt|[from] psn
|faint|p1a: Mega Donphan
|-end|p1a: Mega Donphan|Protosynthesis|[silent]
|upkeep
|
|t:|1757788751
|switch|p1a: Masquerain|Masquerain, F|100/100
|-ability|p1a: Masquerain|Intimidate|boost
|-unboost|p2a: Amazing Tusks|atk|1
|turn|6
|
|t:|1757788759
|move|p2a: Amazing Tusks|Ice Spinner|p1a: Masquerain
|-supereffective|p1a: Masquerain
|-damage|p1a: Masquerain|42/100
|move|p1a: Masquerain|Ice Beam|p2a: Amazing Tusks
|-supereffective|p2a: Amazing Tusks
|-damage|p2a: Amazing Tusks|0 fnt
|faint|p2a: Amazing Tusks
|-end|p2a: Amazing Tusks|Protosynthesis|[silent]
|
|upkeep
|
|t:|1757788766
|switch|p2a: Jack Frost|Kyurem|100/100
|-ability|p2a: Jack Frost|Pressure
|turn|7
|j| Huytggt
|
|t:|1757788771
|switch|p1a: Corviknight|Corviknight, F|70/100
|-ability|p1a: Corviknight|Pressure
|move|p2a: Jack Frost|Icicle Spear|p1a: Corviknight
|-damage|p1a: Corviknight|62/100
|-damage|p1a: Corviknight|53/100
|-damage|p1a: Corviknight|45/100
|-damage|p1a: Corviknight|37/100
|-damage|p1a: Corviknight|28/100
|-hitcount|p1a: Corviknight|5
|
|upkeep
|turn|8
|
|t:|1757788776
|move|p2a: Jack Frost|Icicle Spear|p1a: Corviknight
|-damage|p1a: Corviknight|19/100
|-damage|p1a: Corviknight|10/100
|-damage|p1a: Corviknight|1/100
|-damage|p1a: Corviknight|0 fnt
|faint|p1a: Corviknight
|-hitcount|p1: Corviknight|4
|
|upkeep
|
|t:|1757788785
|switch|p1a: Masquerain|Masquerain, F|42/100
|-ability|p1a: Masquerain|Intimidate|boost
|-unboost|p2a: Jack Frost|atk|1
|turn|9
|
|t:|1757788789
|switch|p1a: Slowking|Slowking-Galar, F|100/100
|move|p2a: Jack Frost|Icicle Spear|p1a: Slowking
|-damage|p1a: Slowking|91/100
|-damage|p1a: Slowking|81/100
|-damage|p1a: Slowking|72/100
|-damage|p1a: Slowking|61/100
|-damage|p1a: Slowking|50/100
|-hitcount|p1a: Slowking|5
|
|upkeep
|turn|10
|
|t:|1757788801
|switch|p1a: Masquerain|Masquerain, F|42/100
|-ability|p1a: Masquerain|Intimidate|boost
|-unboost|p2a: Jack Frost|atk|1
|move|p2a: Jack Frost|Icicle Spear|p1a: Masquerain
|-supereffective|p1a: Masquerain
|-damage|p1a: Masquerain|17/100
|-supereffective|p1a: Masquerain
|-damage|p1a: Masquerain|0 fnt
|faint|p1a: Masquerain
|-hitcount|p1: Masquerain|2
|
|upkeep
|
|t:|1757788805
|switch|p1a: Volcorona|Slither Wing|100/100
|turn|11
|
|t:|1757788808
|switch|p2a: Zamazazamazenta|Zamazenta|100/100
|-ability|p2a: Zamazazamazenta|Dauntless Shield|boost
|-boost|p2a: Zamazazamazenta|def|1
|move|p1a: Volcorona|Bulk Up|p1a: Volcorona
|-boost|p1a: Volcorona|atk|1
|-boost|p1a: Volcorona|def|1
|
|upkeep
|turn|12
|
|t:|1757788814
|move|p2a: Zamazazamazenta|Iron Defense|p2a: Zamazazamazenta
|-boost|p2a: Zamazazamazenta|def|2
|move|p1a: Volcorona|Bulk Up|p1a: Volcorona
|-boost|p1a: Volcorona|atk|1
|-boost|p1a: Volcorona|def|1
|
|upkeep
|turn|13
|
|t:|1757788818
|move|p1a: Volcorona|Close Combat|p2a: Zamazazamazenta
|-damage|p2a: Zamazazamazenta|62/100
|-unboost|p1a: Volcorona|def|1
|-unboost|p1a: Volcorona|spd|1
|move|p2a: Zamazazamazenta|Roar|p1a: Volcorona
|-end|p1a: Volcorona|Protosynthesis|[silent]
|drag|p1a: Slowking|Slowking-Galar, F|83/100
|
|-heal|p2a: Zamazazamazenta|68/100|[from] item: Leftovers
|upkeep
|turn|14
|
|t:|1757788821
|move|p2a: Zamazazamazenta|Crunch|p1a: Slowking
|-supereffective|p1a: Slowking
|-damage|p1a: Slowking|36/100
|-unboost|p1a: Slowking|def|1
|move|p1a: Slowking|Future Sight|p2a: Zamazazamazenta
|-start|p1a: Slowking|move: Future Sight
|
|-heal|p2a: Zamazazamazenta|75/100|[from] item: Leftovers
|upkeep
|turn|15
|
|t:|1757788828
|switch|p1a: Volcorona|Slither Wing|100/100
|move|p2a: Zamazazamazenta|Crunch|p1a: Volcorona
|-resisted|p1a: Volcorona
|-damage|p1a: Volcorona|83/100
|-unboost|p1a: Volcorona|def|1
|
|-heal|p2a: Zamazazamazenta|81/100|[from] item: Leftovers
|upkeep
|turn|16
|
|t:|1757788831
|-end|p1a: Volcorona|Protosynthesis|[silent]
|switch|p1a: Slowking|Slowking-Galar, F|69/100
|move|p2a: Zamazazamazenta|Body Press|p1a: Slowking
|-resisted|p1a: Slowking
|-damage|p1a: Slowking|43/100
|
|-end|p2a: Zamazazamazenta|move: Future Sight
|-supereffective|p2a: Zamazazamazenta
|-damage|p2a: Zamazazamazenta|5/100
|-heal|p2a: Zamazazamazenta|11/100|[from] item: Leftovers
|upkeep
|turn|17
|
|t:|1757788837
|switch|p1a: Volcorona|Slither Wing|83/100
|move|p2a: Zamazazamazenta|Crunch|p1a: Volcorona
|-resisted|p1a: Volcorona
|-crit|p1a: Volcorona
|-damage|p1a: Volcorona|56/100
|
|-heal|p2a: Zamazazamazenta|17/100|[from] item: Leftovers
|upkeep
|turn|18
|
|t:|1757788841
|-end|p1a: Volcorona|Protosynthesis|[silent]
|switch|p1a: Slowking|Slowking-Galar, F|77/100
|move|p2a: Zamazazamazenta|Body Press|p1a: Slowking
|-resisted|p1a: Slowking
|-damage|p1a: Slowking|53/100
|
|-heal|p2a: Zamazazamazenta|24/100|[from] item: Leftovers
|upkeep
|turn|19
|
|t:|1757788846
|switch|p2a: Napoleon|Kingambit, M|100/100
|-activate|p2a: Napoleon|ability: Supreme Overlord
|-start|p2a: Napoleon|fallen2|[silent]
|move|p1a: Slowking|Sludge Bomb|p2a: Napoleon
|-immune|p2a: Napoleon
|
|upkeep
|turn|20
|
|t:|1757788853
|switch|p1a: Volcorona|Slither Wing|56/100
|move|p2a: Napoleon|Iron Head|p1a: Volcorona
|-damage|p1a: Volcorona|0 fnt
|faint|p1a: Volcorona
|-end|p1a: Volcorona|Protosynthesis|[silent]
|
|upkeep
|
|t:|1757788856
|switch|p1a: Hoopa|Hoopa-Unbound|100/100
|turn|21
|
|t:|1757788863
|-end|p2a: Napoleon|fallen2|[silent]
|switch|p2a: Zamazazamazenta|Zamazenta|24/100
|-terastallize|p1a: Hoopa|Dark
|move|p1a: Hoopa|Dark Pulse|p2a: Zamazazamazenta
|-resisted|p2a: Zamazazamazenta
|-damage|p2a: Zamazazamazenta|0 fnt
|faint|p2a: Zamazazamazenta
|
|upkeep
|
|t:|1757788870
|switch|p2a: The Only Mega|Yanmega, M|100/100
|turn|22
|
|t:|1757788875
|move|p2a: The Only Mega|Bug Buzz|p1a: Hoopa
|-supereffective|p1a: Hoopa
|-damage|p1a: Hoopa|11/100
|-unboost|p1a: Hoopa|spd|1
|-enditem|p2a: The Only Mega|Throat Spray
|-boost|p2a: The Only Mega|spa|1|[from] item: Throat Spray
|move|p1a: Hoopa|Dark Pulse|p2a: The Only Mega
|-damage|p2a: The Only Mega|0 fnt
|faint|p2a: The Only Mega
|
|upkeep
|
|t:|1757788880
|switch|p2a: Jack Frost|Kyurem|100/100
|-ability|p2a: Jack Frost|Pressure
|turn|23
|
|t:|1757788882
|move|p2a: Jack Frost|Icicle Spear|p1a: Hoopa
|-damage|p1a: Hoopa|0 fnt
|faint|p1a: Hoopa
|-hitcount|p1: Hoopa|1
|
|upkeep
|
|t:|1757788883
|switch|p1a: Slowking|Slowking-Galar, F|86/100
|turn|24
|
|t:|1757788886
|move|p2a: Jack Frost|Icicle Spear|p1a: Slowking
|-damage|p1a: Slowking|71/100
|-damage|p1a: Slowking|57/100
|-damage|p1a: Slowking|42/100
|-damage|p1a: Slowking|26/100
|-damage|p1a: Slowking|11/100
|-hitcount|p1a: Slowking|5
|move|p1a: Slowking|Sludge Bomb|p2a: Jack Frost
|-damage|p2a: Jack Frost|67/100
|
|upkeep
|turn|25
|
|t:|1757788889
|move|p2a: Jack Frost|Icicle Spear|p1a: Slowking
|-damage|p1a: Slowking|0 fnt
|faint|p1a: Slowking
|-hitcount|p1: Slowking|1
|
|win|meganium275
|raw|Obito 2001's rating: 1825 &rarr; <strong>1801</strong><br />(-24 for losing)
|raw|meganium275's rating: 1754 &rarr; <strong>1778</strong><br />(+24 for winning)
|l|☆Obito 2001
|player|p1|
|c|☆meganium275|gg
|l| 54 insane rats
|l|☆meganium275
|player|p2|
