|j|☆peach boy test
|j|☆kikito2009
|t:|1757835483
|gametype|singles
|player|p1|peach boy test|drayden|1189
|player|p2|kikito2009|pokemaniac|1231
|gen|9
|tier|[Gen 9] OU
|rated|
|rule|HP Percentage Mod: HP is shown in percentages
|rule|Endless Battle Clause: Forcing endless battles is banned
|rule|Species Clause: Limit one of each Pokémon
|rule|OHKO Clause: OHKO moves are banned
|rule|Evasion Items Clause: Evasion items are banned
|rule|Evasion Moves Clause: Evasion moves are banned
|rule|Evasion Abilities Clause: Evasion abilities are banned
|rule|Sleep Moves Clause: Sleep-inducing moves are banned
|clearpoke
|poke|p1|Iron Hands|
|poke|p1|Moltres|
|poke|p1|Oricorio-Sensu, F|
|poke|p1|Weezing-Galar, M|
|poke|p1|Garchomp, F|
|poke|p1|Lokix, F|
|poke|p2|Ogerpon-Wellspring, F|
|poke|p2|Goodra-Hisui, F|
|poke|p2|Coalossal, F|
|poke|p2|Thundurus-Therian, M|
|poke|p2|Orthworm, M|
|poke|p2|Zoroark-Hisui, F|
|teampreview
|inactive|Battle timer is ON: inactive players will automatically lose when time's up. (requested by peach boy test)
|
|t:|1757835491
|teamsize|p1|6
|teamsize|p2|6
|start
|switch|p1a: Garth Champ|Garchomp, F|100/100
|switch|p2a: Orthworm|Orthworm, M|100/100
|turn|1
|
|t:|1757835495
|move|p2a: Orthworm|Stealth Rock|p1a: Garth Champ
|-sidestart|p1: peach boy test|move: Stealth Rock
|move|p1a: Garth Champ|Dragon Tail|p2a: Orthworm|[miss]
|-miss|p1a: Garth Champ|p2a: Orthworm
|
|upkeep
|turn|2
|c|☆peach boy test|glhf :)
|
|t:|1757835512
|move|p2a: Orthworm|Iron Defense|p2a: Orthworm
|-boost|p2a: Orthworm|def|2
|move|p1a: Garth Champ|Dragon Tail|p2a: Orthworm
|-resisted|p2a: Orthworm
|-damage|p2a: Orthworm|97/100
|drag|p2a: Goodra|Goodra-Hisui, F|100/100
|
|upkeep
|turn|3
|
|t:|1757835529
|switch|p2a: Orthworm|Orthworm, M|97/100
|move|p1a: Garth Champ|Earthquake|p2a: Orthworm
|-heal|p2a: Orthworm|100/100|[from] ability: Earth Eater|[of] p1a: Garth Champ
|
|upkeep
|turn|4
|
|t:|1757835538
|move|p2a: Orthworm|Iron Defense|p2a: Orthworm
|-boost|p2a: Orthworm|def|2
|move|p1a: Garth Champ|Dragon Tail|p2a: Orthworm
|-resisted|p2a: Orthworm
|-damage|p2a: Orthworm|97/100
|drag|p2a: Goodra|Goodra-Hisui, F|100/100
|
|upkeep
|turn|5
|
|t:|1757835554
|move|p1a: Garth Champ|Stealth Rock|p2a: Goodra
|-sidestart|p2: kikito2009|move: Stealth Rock
|move|p2a: Goodra|Ice Beam|p1a: Garth Champ
|-supereffective|p1a: Garth Champ
|-damage|p1a: Garth Champ|20/100
|
|upkeep
|turn|6
|
|t:|1757835565
|switch|p1a: trawl mez|Moltres|100/100
|move|p2a: Goodra|Ice Beam|p1a: trawl mez
|-crit|p1a: trawl mez
|-damage|p1a: trawl mez|67/100
|-status|p1a: trawl mez|frz
|
|upkeep
|turn|7
|c|☆peach boy test|damn
|
|t:|1757835574
|switch|p2a: Coalossal|Coalossal, F|100/100
|cant|p1a: trawl mez|frz
|
|upkeep
|turn|8
|c|☆peach boy test|10% miss and an ice beam freeze crit
|
|t:|1757835593
|cant|p1a: trawl mez|frz
|move|p2a: Coalossal|Rapid Spin|p1a: trawl mez
|-crit|p1a: trawl mez
|-damage|p1a: trawl mez|57/100 frz
|-boost|p2a: Coalossal|spe|1
|-sideend|p2: kikito2009|Stealth Rock|[from] move: Rapid Spin|[of] p2a: Coalossal
|
|upkeep
|turn|9
|c|☆kikito2009|that its luck bro
|c|☆kikito2009|sorry for this
|
|t:|1757835614
|cant|p1a: trawl mez|frz
|move|p2a: Coalossal|Stone Edge|p1a: trawl mez
|-supereffective|p1a: trawl mez
|-damage|p1a: trawl mez|0 fnt
|faint|p1a: trawl mez
|
|upkeep
|
|t:|1757835618
|switch|p1a: Brian Hands|Iron Hands|100/100
|-damage|p1a: Brian Hands|94/100|[from] Stealth Rock
|-enditem|p1a: Brian Hands|Booster Energy
|-activate|p1a: Brian Hands|ability: Quark Drive|[fromitem]
|-start|p1a: Brian Hands|quarkdriveatk
|turn|10
|c|☆peach boy test|no worries, happens
|c|☆peach boy test|awesome team
|inactive|kikito2009 has 120 seconds left.
|
|t:|1757835651
|move|p1a: Brian Hands|Drain Punch|p2a: Coalossal
|-supereffective|p2a: Coalossal
|-damage|p2a: Coalossal|41/100
|-heal|p1a: Brian Hands|100/100|[from] drain|[of] p2a: Coalossal
|move|p2a: Coalossal|Will-O-Wisp|p1a: Brian Hands
|-status|p1a: Brian Hands|brn
|
|-damage|p1a: Brian Hands|94/100 brn|[from] brn
|upkeep
|turn|11
|inactive|kikito2009 has 120 seconds left.
|
|t:|1757835674
|switch|p2a: Thundurus|Thundurus-Therian, M|100/100
|move|p1a: Brian Hands|Swords Dance|p1a: Brian Hands
|-boost|p1a: Brian Hands|atk|2
|
|-damage|p1a: Brian Hands|88/100 brn|[from] brn
|upkeep
|turn|12
|inactive|kikito2009 has 90 seconds left.
|c|☆kikito2009|this team is so good
|
|t:|1757835712
|-terastallize|p2a: Thundurus|Flying
|-terastallize|p1a: Brian Hands|Flying
|move|p2a: Thundurus|Tera Blast|p1a: Brian Hands|[anim] Tera Blast Flying
|-damage|p1a: Brian Hands|29/100 brn
|move|p1a: Brian Hands|Ice Punch|p2a: Thundurus
|-supereffective|p2a: Thundurus
|-damage|p2a: Thundurus|0 fnt
|faint|p2a: Thundurus
|
|-damage|p1a: Brian Hands|23/100 brn|[from] brn
|upkeep
|c|☆kikito2009|wp
|inactive|kikito2009 has 60 seconds left.
|
|t:|1757835739
|switch|p2a: Orthworm|Orthworm, M|100/100
|turn|13
|c|☆peach boy test|ty
|
|t:|1757835745
|move|p2a: Orthworm|Nasty Plot|p2a: Orthworm
|-boost|p2a: Orthworm|spa|2
|move|p1a: Brian Hands|Drain Punch|p2a: Orthworm
|-immune|p2a: Orthworm
|
|-damage|p1a: Brian Hands|17/100 brn|[from] brn
|upkeep
|turn|14
|
|t:|1757835754
|move|p2a: Orthworm|Bitter Malice|p1a: Brian Hands
|-damage|p1a: Brian Hands|0 fnt
|faint|p1a: Brian Hands
|-end|p1a: Brian Hands|Quark Drive|[silent]
|
|upkeep
|c|☆peach boy test|noooo i fell for it lol
|
|t:|1757835759
|switch|p1a: Ramen Kaider|Lokix, F|100/100
|-damage|p1a: Ramen Kaider|76/100|[from] Stealth Rock
|turn|15
|c|☆kikito2009|I love this
|inactive|kikito2009 has 60 seconds left.
|
|t:|1757835799
|switch|p2a: Coalossal|Coalossal, F|41/100
|move|p1a: Ramen Kaider|Sucker Punch||[still]
|-fail|p1a: Ramen Kaider
|
|upkeep
|turn|16
|
|t:|1757835804
|move|p1a: Ramen Kaider|Knock Off|p2a: Coalossal
|-damage|p2a: Coalossal|17/100
|-enditem|p2a: Coalossal|Heavy-Duty Boots|[from] move: Knock Off|[of] p1a: Ramen Kaider
|move|p2a: Coalossal|Will-O-Wisp|p1a: Ramen Kaider
|-status|p1a: Ramen Kaider|brn
|
|-damage|p1a: Ramen Kaider|70/100 brn|[from] brn
|upkeep
|turn|17
|
|t:|1757835808
|move|p1a: Ramen Kaider|U-turn|p2a: Coalossal
|-resisted|p2a: Coalossal
|-damage|p2a: Coalossal|7/100
|
|t:|1757835817
|switch|p1a: walling Geezer|Weezing-Galar, M|100/100|[from] U-turn
|-ability|p1a: walling Geezer|Neutralizing Gas
|move|p2a: Coalossal|Stone Edge|p1a: walling Geezer
|-damage|p1a: walling Geezer|82/100
|
|upkeep
|turn|18
|
|t:|1757835828
|move|p1a: walling Geezer|Defog|p2a: Coalossal
|-unboost|p2a: Coalossal|evasion|1
|-sideend|p1: peach boy test|Stealth Rock|[from] move: Defog|[of] p1a: walling Geezer
|move|p2a: Coalossal|Will-O-Wisp|p1a: walling Geezer
|-status|p1a: walling Geezer|brn
|
|-damage|p1a: walling Geezer|76/100 brn|[from] brn
|upkeep
|turn|19
|
|t:|1757835838
|switch|p2a: Goodra|Goodra-Hisui, F|100/100
|move|p1a: walling Geezer|Strange Steam|p2a: Goodra|[miss]
|-miss|p1a: walling Geezer|p2a: Goodra
|
|-damage|p1a: walling Geezer|70/100 brn|[from] brn
|upkeep
|turn|20
|c|☆peach boy test|...
|c|☆peach boy test|95% accurate strange steam Vs 85% accurate wisp 😭
|inactive|peach boy test has 120 seconds left.
|
|t:|1757835869
|move|p2a: Goodra|Earthquake|p1a: walling Geezer
|-supereffective|p1a: walling Geezer
|-damage|p1a: walling Geezer|44/100 brn
|move|p1a: walling Geezer|Strange Steam|p2a: Goodra
|-damage|p2a: Goodra|90/100
|-start|p2a: Goodra|confusion
|
|-damage|p1a: walling Geezer|38/100 brn|[from] brn
|upkeep
|turn|21
|
|t:|1757835879
|switch|p2a: Orthworm|Orthworm, M|97/100
|move|p1a: walling Geezer|Will-O-Wisp|p2a: Orthworm
|-status|p2a: Orthworm|brn
|
|-heal|p2a: Orthworm|100/100 brn|[from] item: Leftovers
|-damage|p2a: Orthworm|94/100 brn|[from] brn
|-damage|p1a: walling Geezer|32/100 brn|[from] brn
|upkeep
|turn|22
|
|t:|1757835887
|move|p2a: Orthworm|Iron Defense|p2a: Orthworm
|-boost|p2a: Orthworm|def|2
|move|p1a: walling Geezer|Pain Split|p2a: Orthworm
|-sethp|p2a: Orthworm|63/100 brn|[from] move: Pain Split|[silent]
|-sethp|p1a: walling Geezer|65/100 brn|[from] move: Pain Split
|
|-heal|p2a: Orthworm|69/100 brn|[from] item: Leftovers
|-damage|p2a: Orthworm|63/100 brn|[from] brn
|-damage|p1a: walling Geezer|59/100 brn|[from] brn
|upkeep
|turn|23
|
|t:|1757835892
|-end|p1a: walling Geezer|ability: Neutralizing Gas
|switch|p1a: Garth Champ|Garchomp, F|20/100
|move|p2a: Orthworm|Iron Defense|p2a: Orthworm
|-boost|p2a: Orthworm|def|2
|
|-heal|p2a: Orthworm|69/100 brn|[from] item: Leftovers
|-damage|p2a: Orthworm|63/100 brn|[from] brn
|upkeep
|turn|24
|inactive|kikito2009 has 90 seconds left.
|
|t:|1757835898
|move|p2a: Orthworm|Stealth Rock|p1a: Garth Champ
|-sidestart|p1: peach boy test|move: Stealth Rock
|move|p1a: Garth Champ|Dragon Tail|p2a: Orthworm
|-resisted|p2a: Orthworm
|-damage|p2a: Orthworm|60/100 brn
|drag|p2a: Goodra|Goodra-Hisui, F|100/100
|
|upkeep
|turn|25
|inactive|kikito2009 has 90 seconds left.
|
|t:|1757835909
|move|p2a: Goodra|Hyper Voice|p1a: Garth Champ
|-damage|p1a: Garth Champ|0 fnt
|faint|p1a: Garth Champ
|
|upkeep
|
|t:|1757835913
|switch|p1a: Ollie Corio|Oricorio-Sensu, F|100/100
|-damage|p1a: Ollie Corio|76/100|[from] Stealth Rock
|turn|26
|inactive|kikito2009 has 90 seconds left.
|c|☆kikito2009|the turn of wisp be so unlucky
|
|t:|1757835957
|switch|p1a: walling Geezer|Weezing-Galar, M|59/100 brn
|-ability|p1a: walling Geezer|Neutralizing Gas
|replace|p2a: Zoroark|Zoroark-Hisui, F
|-end|p2a: Zoroark|Illusion
|move|p2a: Zoroark|Bitter Malice|p1a: walling Geezer
|-damage|p1a: walling Geezer|5/100 brn
|-unboost|p1a: walling Geezer|atk|1
|
|-damage|p1a: walling Geezer|0 fnt|[from] brn
|faint|p1a: walling Geezer
|-end|p1a: walling Geezer|ability: Neutralizing Gas
|upkeep
|
|t:|1757835981
|switch|p1a: Ramen Kaider|Lokix, F|70/100 brn
|-damage|p1a: Ramen Kaider|45/100 brn|[from] Stealth Rock
|turn|27
|c|☆peach boy test|gg
|
|t:|1757835992
|switch|p2a: Coalossal|Coalossal, F|7/100
|move|p1a: Ramen Kaider|First Impression|p2a: Coalossal
|-resisted|p2a: Coalossal
|-damage|p2a: Coalossal|0 fnt
|faint|p2a: Coalossal
|
|-damage|p1a: Ramen Kaider|39/100 brn|[from] brn
|upkeep
|
|t:|1757836002
|switch|p2a: Ogerpon|Ogerpon-Wellspring, F|100/100
|turn|28
|
|t:|1757836005
|switch|p1a: Ollie Corio|Oricorio-Sensu, F|76/100
|-damage|p1a: Ollie Corio|51/100|[from] Stealth Rock
|move|p2a: Ogerpon|Ivy Cudgel|p1a: Ollie Corio|[anim] Ivy Cudgel Water
|-damage|p1a: Ollie Corio|1/100
|
|upkeep
|turn|29
|
|t:|1757836012
|move|p2a: Ogerpon|Trailblaze|p1a: Ollie Corio
|-resisted|p1a: Ollie Corio
|-damage|p1a: Ollie Corio|0 fnt
|-boost|p2a: Ogerpon|spe|1
|-damage|p2a: Ogerpon|84/100|[from] item: Rocky Helmet|[of] p1a: Ollie Corio
|faint|p1a: Ollie Corio
|
|upkeep
|
|t:|1757836014
|switch|p1a: Ramen Kaider|Lokix, F|39/100 brn
|-damage|p1a: Ramen Kaider|14/100 brn|[from] Stealth Rock
|turn|30
|
|t:|1757836017
|switch|p2a: Goodra|Goodra-Hisui, F|90/100
|move|p1a: Ramen Kaider|First Impression|p2a: Goodra
|-resisted|p2a: Goodra
|-damage|p2a: Goodra|68/100
|
|-damage|p1a: Ramen Kaider|8/100 brn|[from] brn
|upkeep
|turn|31
|
|t:|1757836032
|move|p1a: Ramen Kaider|Sucker Punch|p2a: Goodra
|-damage|p2a: Goodra|51/100
|move|p2a: Goodra|Earthquake|p1a: Ramen Kaider
|-resisted|p1a: Ramen Kaider
|-damage|p1a: Ramen Kaider|0 fnt
|faint|p1a: Ramen Kaider
|
|win|kikito2009
|raw|peach boy test's rating: 1189 &rarr; <strong>1167</strong><br />(-22 for losing)
|raw|kikito2009's rating: 1231 &rarr; <strong>1253</strong><br />(+22 for winning)
|c|☆kikito2009|ggs
|c|☆peach boy test|ggwp
