|j|☆SrZalex
|j|☆papagoi19
|t:|1757956226
|gametype|singles
|player|p1|SrZalex|steven|1248
|player|p2|papagoi19|265|1294
|gen|9
|tier|[Gen 9] OU
|rated|
|rule|HP Percentage Mod: HP is shown in percentages
|rule|Endless Battle Clause: Forcing endless battles is banned
|rule|Species Clause: Limit one of each Pokémon
|rule|OHKO Clause: OHKO moves are banned
|rule|Evasion Items Clause: Evasion items are banned
|rule|Evasion Moves Clause: Evasion moves are banned
|rule|Evasion Abilities Clause: Evasion abilities are banned
|rule|Sleep Moves Clause: Sleep-inducing moves are banned
|clearpoke
|poke|p1|Ceruledge, F|
|poke|p1|Corviknight, M|
|poke|p1|Pecharunt|
|poke|p1|Torkoal, F|
|poke|p1|Lilligant, F|
|poke|p1|Blissey, F|
|poke|p2|Dragapult, F|
|poke|p2|Slowbro, F|
|poke|p2|Empoleon, M|
|poke|p2|Gliscor, F|
|poke|p2|Ting-Lu|
|poke|p2|Weezing-Galar, M|
|teampreview
|
|t:|1757956235
|teamsize|p1|6
|teamsize|p2|6
|start
|switch|p1a: Rosine|Torkoal, F|100/100
|switch|p2a: Weezing|Weezing-Galar, M|100/100
|-ability|p2a: Weezing|Neutralizing Gas
|turn|1
|
|t:|1757956246
|move|p2a: Weezing|Strange Steam|p1a: Rosine
|-resisted|p1a: Rosine
|-damage|p1a: Rosine|82/100
|move|p1a: Rosine|Stealth Rock|p2a: Weezing
|-sidestart|p2: papagoi19|move: Stealth Rock
|
|upkeep
|turn|2
|
|t:|1757956286
|switch|p1a: GlobiGlubi|Pecharunt|100/100
|move|p2a: Weezing|Strange Steam|p1a: GlobiGlubi
|-resisted|p1a: GlobiGlubi
|-damage|p1a: GlobiGlubi|87/100
|-start|p1a: GlobiGlubi|confusion
|
|-heal|p1a: GlobiGlubi|93/100|[from] item: Black Sludge
|upkeep
|turn|3
|
|t:|1757956300
|-activate|p1a: GlobiGlubi|confusion
|move|p1a: GlobiGlubi|Parting Shot|p2a: Weezing
|-unboost|p2a: Weezing|atk|1
|-unboost|p2a: Weezing|spa|1
|
|t:|1757956309
|switch|p1a: Ardentia|Ceruledge, F|100/100|[from] Parting Shot
|move|p2a: Weezing|Toxic Spikes|p1a: Ardentia
|-sidestart|p1: SrZalex|move: Toxic Spikes
|
|upkeep
|turn|4
|
|t:|1757956349
|-end|p2a: Weezing|ability: Neutralizing Gas
|switch|p2a: Empoleon|Empoleon, M|100/100
|-damage|p2a: Empoleon|94/100|[from] Stealth Rock
|move|p1a: Ardentia|Swords Dance|p1a: Ardentia
|-boost|p1a: Ardentia|atk|2
|
|upkeep
|turn|5
|
|t:|1757956367
|-terastallize|p1a: Ardentia|Ghost
|move|p2a: Empoleon|Hydro Pump|p1a: Ardentia
|-damage|p1a: Ardentia|42/100
|move|p1a: Ardentia|Close Combat|p2a: Empoleon
|-supereffective|p2a: Empoleon
|-damage|p2a: Empoleon|0 fnt
|-unboost|p1a: Ardentia|def|1
|-unboost|p1a: Ardentia|spd|1
|faint|p2a: Empoleon
|-damage|p1a: Ardentia|32/100|[from] item: Life Orb
|
|upkeep
|
|t:|1757956375
|switch|p2a: Gliscor|Gliscor, F, shiny|100/100
|-damage|p2a: Gliscor|88/100|[from] Stealth Rock
|turn|6
|
|t:|1757956388
|move|p1a: Ardentia|Shadow Sneak|p2a: Gliscor
|-crit|p2a: Gliscor
|-damage|p2a: Gliscor|3/100
|-damage|p1a: Ardentia|22/100|[from] item: Life Orb
|move|p2a: Gliscor|Earthquake|p1a: Ardentia
|-damage|p1a: Ardentia|0 fnt
|faint|p1a: Ardentia
|
|-status|p2a: Gliscor|tox|[from] item: Toxic Orb
|upkeep
|
|t:|1757956399
|switch|p1a: Rosine|Torkoal, F|82/100
|-status|p1a: Rosine|psn
|-weather|SunnyDay|[from] ability: Drought|[of] p1a: Rosine
|turn|7
|
|t:|1757956405
|move|p2a: Gliscor|Protect|p2a: Gliscor
|-singleturn|p2a: Gliscor|Protect
|move|p1a: Rosine|Rapid Spin|p2a: Gliscor
|-activate|p2a: Gliscor|move: Protect
|
|-weather|SunnyDay|[upkeep]
|-heal|p2a: Gliscor|15/100 tox|[from] ability: Poison Heal
|-damage|p1a: Rosine|70/100 psn|[from] psn
|upkeep
|turn|8
|
|t:|1757956419
|switch|p2a: Dragapult|Dragapult, F|100/100
|-damage|p2a: Dragapult|88/100|[from] Stealth Rock
|move|p1a: Rosine|Rapid Spin|p2a: Dragapult
|-immune|p2a: Dragapult
|
|-weather|SunnyDay|[upkeep]
|-damage|p1a: Rosine|57/100 psn|[from] psn
|upkeep
|turn|9
|
|t:|1757956430
|switch|p1a: Kirby|Blissey, F|100/100
|-status|p1a: Kirby|psn
|move|p2a: Dragapult|Shadow Ball|p1a: Kirby
|-immune|p1a: Kirby
|
|-weather|SunnyDay|[upkeep]
|-damage|p1a: Kirby|88/100 psn|[from] psn
|upkeep
|turn|10
|
|t:|1757956447
|switch|p2a: Weezing|Weezing-Galar, M|100/100
|-ability|p2a: Weezing|Neutralizing Gas
|-damage|p2a: Weezing|88/100|[from] Stealth Rock
|move|p1a: Kirby|Thunder Wave|p2a: Weezing
|-status|p2a: Weezing|par
|
|-weather|SunnyDay|[upkeep]
|-heal|p1a: Kirby|94/100 psn|[from] item: Leftovers
|-heal|p2a: Weezing|94/100 par|[from] item: Leftovers
|-damage|p1a: Kirby|82/100 psn|[from] psn
|upkeep
|turn|11
|
|t:|1757956461
|move|p1a: Kirby|Heal Bell|p1a: Kirby
|-activate|p1a: Kirby|move: Heal Bell
|-curestatus|p1a: Kirby|psn|[msg]
|-curestatus|p1: Rosine|psn|[msg]
|move|p2a: Weezing|Will-O-Wisp|p1a: Kirby
|-status|p1a: Kirby|brn
|
|-weather|SunnyDay|[upkeep]
|-heal|p1a: Kirby|88/100 brn|[from] item: Leftovers
|-heal|p2a: Weezing|99/100 par|[from] item: Leftovers
|-damage|p1a: Kirby|82/100 brn|[from] brn
|upkeep
|turn|12
|
|t:|1757956479
|switch|p1a: GlobiGlubi|Pecharunt|93/100
|-sideend|p1: SrZalex|move: Toxic Spikes|[of] p1a: GlobiGlubi
|move|p2a: Weezing|Defog|p1a: GlobiGlubi
|-unboost|p1a: GlobiGlubi|evasion|1
|-sideend|p2: papagoi19|Stealth Rock|[from] move: Defog|[of] p2a: Weezing
|
|-weather|SunnyDay|[upkeep]
|-heal|p1a: GlobiGlubi|99/100|[from] item: Black Sludge
|-heal|p2a: Weezing|100/100 par|[from] item: Leftovers
|upkeep
|turn|13
|
|t:|1757956496
|-end|p2a: Weezing|ability: Neutralizing Gas
|switch|p2a: Ting-Lu|Ting-Lu|100/100
|-ability|p2a: Ting-Lu|Vessel of Ruin
|move|p1a: GlobiGlubi|Parting Shot|p2a: Ting-Lu
|-unboost|p2a: Ting-Lu|atk|1
|-unboost|p2a: Ting-Lu|spa|1
|
|t:|1757956509
|switch|p1a: Rosine|Torkoal, F|57/100|[from] Parting Shot
|
|-weather|SunnyDay|[upkeep]
|upkeep
|turn|14
|
|t:|1757956519
|switch|p2a: Weezing|Weezing-Galar, M|100/100 par
|-ability|p2a: Weezing|Neutralizing Gas
|move|p1a: Rosine|Stealth Rock|p2a: Weezing
|-sidestart|p2: papagoi19|move: Stealth Rock
|
|-weather|none
|upkeep
|turn|15
|
|t:|1757956528
|switch|p1a: Lara|Lilligant, F, shiny|100/100
|move|p2a: Weezing|Strange Steam|p1a: Lara
|-damage|p1a: Lara|66/100
|
|-heal|p1a: Lara|73/100|[from] item: Leftovers
|upkeep
|turn|16
|
|t:|1757956539
|-end|p2a: Weezing|ability: Neutralizing Gas
|switch|p2a: Ting-Lu|Ting-Lu|100/100
|-damage|p2a: Ting-Lu|94/100|[from] Stealth Rock
|-ability|p2a: Ting-Lu|Vessel of Ruin
|move|p1a: Lara|Quiver Dance|p1a: Lara
|-boost|p1a: Lara|spa|1
|-boost|p1a: Lara|spd|1
|-boost|p1a: Lara|spe|1
|
|-heal|p1a: Lara|79/100|[from] item: Leftovers
|-heal|p2a: Ting-Lu|100/100|[from] item: Leftovers
|upkeep
|turn|17
|
|t:|1757956560
|-terastallize|p2a: Ting-Lu|Poison
|move|p1a: Lara|Giga Drain|p2a: Ting-Lu
|-resisted|p2a: Ting-Lu
|-damage|p2a: Ting-Lu|89/100
|-heal|p1a: Lara|87/100|[from] drain|[of] p2a: Ting-Lu
|move|p2a: Ting-Lu|Whirlwind|p1a: Lara
|drag|p1a: Rosine|Torkoal, F|57/100
|-weather|SunnyDay|[from] ability: Drought|[of] p1a: Rosine
|
|-weather|SunnyDay|[upkeep]
|-heal|p2a: Ting-Lu|96/100|[from] item: Leftovers
|upkeep
|turn|18
|
|t:|1757956574
|switch|p2a: Slowbro|Slowbro, F|100/100
|-damage|p2a: Slowbro|88/100|[from] Stealth Rock
|move|p1a: Rosine|Lava Plume|p2a: Slowbro
|-resisted|p2a: Slowbro
|-damage|p2a: Slowbro|69/100
|
|-weather|SunnyDay|[upkeep]
|-heal|p2a: Slowbro|75/100|[from] item: Leftovers
|upkeep
|turn|19
|
|t:|1757956586
|switch|p1a: Lara|Lilligant, F, shiny|87/100
|move|p2a: Slowbro|Scald|p1a: Lara
|-resisted|p1a: Lara
|-damage|p1a: Lara|79/100
|
|-weather|SunnyDay|[upkeep]
|-heal|p1a: Lara|85/100|[from] item: Leftovers
|-heal|p2a: Slowbro|81/100|[from] item: Leftovers
|upkeep
|turn|20
|
|t:|1757956599
|switch|p2a: Ting-Lu|Ting-Lu, tera:Poison|96/100
|-damage|p2a: Ting-Lu|83/100|[from] Stealth Rock
|-ability|p2a: Ting-Lu|Vessel of Ruin
|move|p1a: Lara|Quiver Dance|p1a: Lara
|-boost|p1a: Lara|spa|1
|-boost|p1a: Lara|spd|1
|-boost|p1a: Lara|spe|1
|
|-weather|SunnyDay|[upkeep]
|-heal|p1a: Lara|91/100|[from] item: Leftovers
|-heal|p2a: Ting-Lu|89/100|[from] item: Leftovers
|upkeep
|turn|21
|
|t:|1757956615
|move|p1a: Lara|Weather Ball|p2a: Ting-Lu
|-damage|p2a: Ting-Lu|58/100
|move|p2a: Ting-Lu|Spikes|p1a: Lara
|-sidestart|p1: SrZalex|Spikes
|
|-weather|SunnyDay|[upkeep]
|-heal|p1a: Lara|97/100|[from] item: Leftovers
|-heal|p2a: Ting-Lu|64/100|[from] item: Leftovers
|upkeep
|turn|22
|
|t:|1757956627
|move|p1a: Lara|Quiver Dance|p1a: Lara
|-boost|p1a: Lara|spa|1
|-boost|p1a: Lara|spd|1
|-boost|p1a: Lara|spe|1
|move|p2a: Ting-Lu|Whirlwind|p1a: Lara
|drag|p1a: Kirby|Blissey, F|82/100 brn
|-damage|p1a: Kirby|69/100 brn|[from] Spikes
|
|-weather|SunnyDay|[upkeep]
|-heal|p1a: Kirby|75/100 brn|[from] item: Leftovers
|-heal|p2a: Ting-Lu|71/100|[from] item: Leftovers
|-damage|p1a: Kirby|69/100 brn|[from] brn
|upkeep
|turn|23
|
|t:|1757956642
|move|p1a: Kirby|Thunder Wave|p2a: Ting-Lu
|-status|p2a: Ting-Lu|par
|move|p2a: Ting-Lu|Spikes|p1a: Kirby
|-sidestart|p1: SrZalex|Spikes
|
|-weather|SunnyDay|[upkeep]
|-heal|p1a: Kirby|75/100 brn|[from] item: Leftovers
|-heal|p2a: Ting-Lu|77/100 par|[from] item: Leftovers
|-damage|p1a: Kirby|69/100 brn|[from] brn
|upkeep
|turn|24
|
|t:|1757956654
|switch|p2a: Weezing|Weezing-Galar, M|100/100 par
|-ability|p2a: Weezing|Neutralizing Gas
|-damage|p2a: Weezing|88/100 par|[from] Stealth Rock
|move|p1a: Kirby|Soft-Boiled|p1a: Kirby
|-heal|p1a: Kirby|100/100 brn
|
|-weather|none
|-heal|p2a: Weezing|94/100 par|[from] item: Leftovers
|-damage|p1a: Kirby|94/100 brn|[from] brn
|upkeep
|turn|25
|
|t:|1757956669
|switch|p1a: Rosine|Torkoal, F|57/100
|-damage|p1a: Rosine|41/100|[from] Spikes
|move|p2a: Weezing|Toxic Spikes|p1a: Rosine
|-sidestart|p1: SrZalex|move: Toxic Spikes
|
|-heal|p2a: Weezing|99/100 par|[from] item: Leftovers
|upkeep
|turn|26
|
|t:|1757956678
|-end|p2a: Weezing|ability: Neutralizing Gas
|-weather|SunnyDay|[from] ability: Drought|[of] p1a: Rosine
|switch|p2a: Dragapult|Dragapult, F|88/100
|-damage|p2a: Dragapult|76/100|[from] Stealth Rock
|move|p1a: Rosine|Rapid Spin|p2a: Dragapult
|-immune|p2a: Dragapult
|
|-weather|SunnyDay|[upkeep]
|upkeep
|turn|27
|
|t:|1757956689
|switch|p1a: GlobiGlubi|Pecharunt|99/100
|-damage|p1a: GlobiGlubi|82/100|[from] Spikes
|-sideend|p1: SrZalex|move: Toxic Spikes|[of] p1a: GlobiGlubi
|move|p2a: Dragapult|Dragon Pulse|p1a: GlobiGlubi
|-damage|p1a: GlobiGlubi|43/100
|
|-weather|SunnyDay|[upkeep]
|-heal|p1a: GlobiGlubi|49/100|[from] item: Black Sludge
|upkeep
|turn|28
|
|t:|1757956700
|move|p2a: Dragapult|Dragon Pulse|p1a: GlobiGlubi
|-damage|p1a: GlobiGlubi|11/100
|move|p1a: GlobiGlubi|Parting Shot|p2a: Dragapult
|-unboost|p2a: Dragapult|atk|1
|-unboost|p2a: Dragapult|spa|1
|
|t:|1757956710
|switch|p1a: Lara|Lilligant, F, shiny|97/100|[from] Parting Shot
|-damage|p1a: Lara|81/100|[from] Spikes
|
|-weather|SunnyDay|[upkeep]
|-heal|p1a: Lara|87/100|[from] item: Leftovers
|upkeep
|turn|29
|
|t:|1757956720
|switch|p2a: Ting-Lu|Ting-Lu, tera:Poison|77/100 par
|-damage|p2a: Ting-Lu|64/100 par|[from] Stealth Rock
|-ability|p2a: Ting-Lu|Vessel of Ruin
|move|p1a: Lara|Quiver Dance|p1a: Lara
|-boost|p1a: Lara|spa|1
|-boost|p1a: Lara|spd|1
|-boost|p1a: Lara|spe|1
|
|-weather|SunnyDay|[upkeep]
|-heal|p1a: Lara|93/100|[from] item: Leftovers
|-heal|p2a: Ting-Lu|71/100 par|[from] item: Leftovers
|upkeep
|turn|30
|
|t:|1757956735
|move|p1a: Lara|Weather Ball|p2a: Ting-Lu
|-damage|p2a: Ting-Lu|41/100 par
|cant|p2a: Ting-Lu|par
|
|-weather|SunnyDay|[upkeep]
|-heal|p1a: Lara|99/100|[from] item: Leftovers
|-heal|p2a: Ting-Lu|47/100 par|[from] item: Leftovers
|upkeep
|turn|31
|
|t:|1757956745
|move|p1a: Lara|Weather Ball|p2a: Ting-Lu
|-damage|p2a: Ting-Lu|13/100 par
|move|p2a: Ting-Lu|Whirlwind|p1a: Lara
|drag|p1a: Metal Night|Corviknight, M|100/100
|
|-weather|SunnyDay|[upkeep]
|-heal|p2a: Ting-Lu|19/100 par|[from] item: Leftovers
|upkeep
|turn|32
|
|t:|1757956756
|switch|p2a: Slowbro|Slowbro, F|100/100
|-damage|p2a: Slowbro|88/100|[from] Stealth Rock
|move|p1a: Metal Night|Brave Bird|p2a: Slowbro
|-damage|p2a: Slowbro|66/100
|-damage|p1a: Metal Night|93/100|[from] Recoil
|
|-weather|SunnyDay|[upkeep]
|-heal|p2a: Slowbro|72/100|[from] item: Leftovers
|upkeep
|turn|33
|
|t:|1757956781
|switch|p1a: Kirby|Blissey, F|94/100 brn
|-damage|p1a: Kirby|78/100 brn|[from] Spikes
|move|p2a: Slowbro|Calm Mind|p2a: Slowbro
|-boost|p2a: Slowbro|spa|1
|-boost|p2a: Slowbro|spd|1
|
|-weather|none
|-heal|p1a: Kirby|84/100 brn|[from] item: Leftovers
|-heal|p2a: Slowbro|78/100|[from] item: Leftovers
|-damage|p1a: Kirby|78/100 brn|[from] brn
|upkeep
|turn|34
|
|t:|1757956794
|move|p1a: Kirby|Thunder Wave|p2a: Slowbro|[miss]
|-miss|p1a: Kirby|p2a: Slowbro
|move|p2a: Slowbro|Calm Mind|p2a: Slowbro
|-boost|p2a: Slowbro|spa|1
|-boost|p2a: Slowbro|spd|1
|
|-heal|p1a: Kirby|84/100 brn|[from] item: Leftovers
|-heal|p2a: Slowbro|84/100|[from] item: Leftovers
|-damage|p1a: Kirby|78/100 brn|[from] brn
|upkeep
|turn|35
|
|t:|1757956805
|move|p1a: Kirby|Thunder Wave|p2a: Slowbro
|-status|p2a: Slowbro|par
|move|p2a: Slowbro|Calm Mind|p2a: Slowbro
|-boost|p2a: Slowbro|spa|1
|-boost|p2a: Slowbro|spd|1
|
|-heal|p1a: Kirby|84/100 brn|[from] item: Leftovers
|-heal|p2a: Slowbro|90/100 par|[from] item: Leftovers
|-damage|p1a: Kirby|78/100 brn|[from] brn
|upkeep
|turn|36
|
|t:|1757956816
|-curestatus|p1a: Kirby|brn|[from] ability: Natural Cure
|switch|p1a: Rosine|Torkoal, F|41/100
|-damage|p1a: Rosine|24/100|[from] Spikes
|-weather|SunnyDay|[from] ability: Drought|[of] p1a: Rosine
|move|p2a: Slowbro|Calm Mind|p2a: Slowbro
|-boost|p2a: Slowbro|spa|1
|-boost|p2a: Slowbro|spd|1
|
|-weather|SunnyDay|[upkeep]
|-heal|p2a: Slowbro|96/100 par|[from] item: Leftovers
|upkeep
|turn|37
|
|t:|1757956830
|move|p1a: Rosine|Clear Smog|p2a: Slowbro
|-damage|p2a: Slowbro|93/100 par
|-clearboost|p2a: Slowbro
|cant|p2a: Slowbro|par
|
|-weather|SunnyDay|[upkeep]
|-heal|p2a: Slowbro|99/100 par|[from] item: Leftovers
|upkeep
|turn|38
|
|t:|1757956840
|switch|p2a: Dragapult|Dragapult, F|76/100
|-damage|p2a: Dragapult|64/100|[from] Stealth Rock
|move|p1a: Rosine|Rapid Spin|p2a: Dragapult
|-immune|p2a: Dragapult
|
|-weather|SunnyDay|[upkeep]
|upkeep
|turn|39
|
|t:|1757956854
|move|p2a: Dragapult|Shadow Ball|p1a: Rosine
|-damage|p1a: Rosine|0 fnt
|faint|p1a: Rosine
|
|-weather|SunnyDay|[upkeep]
|upkeep
|
|t:|1757956862
|switch|p1a: Lara|Lilligant, F, shiny|99/100
|-damage|p1a: Lara|82/100|[from] Spikes
|turn|40
|
|t:|1757956869
|move|p2a: Dragapult|Shadow Ball|p1a: Lara
|-damage|p1a: Lara|36/100
|move|p1a: Lara|Quiver Dance|p1a: Lara
|-boost|p1a: Lara|spa|1
|-boost|p1a: Lara|spd|1
|-boost|p1a: Lara|spe|1
|
|-weather|SunnyDay|[upkeep]
|-heal|p1a: Lara|42/100|[from] item: Leftovers
|upkeep
|turn|41
|
|t:|1757956880
|move|p1a: Lara|Giga Drain|p2a: Dragapult
|-resisted|p2a: Dragapult
|-damage|p2a: Dragapult|22/100
|-heal|p1a: Lara|62/100|[from] drain|[of] p2a: Dragapult
|move|p2a: Dragapult|Shadow Ball|p1a: Lara
|-damage|p1a: Lara|30/100
|
|-weather|SunnyDay|[upkeep]
|-heal|p1a: Lara|36/100|[from] item: Leftovers
|upkeep
|turn|42
|
|t:|1757956895
|switch|p2a: Ting-Lu|Ting-Lu, tera:Poison|19/100 par
|-damage|p2a: Ting-Lu|7/100 par|[from] Stealth Rock
|-ability|p2a: Ting-Lu|Vessel of Ruin
|move|p1a: Lara|Giga Drain|p2a: Ting-Lu
|-resisted|p2a: Ting-Lu
|-damage|p2a: Ting-Lu|0 fnt
|-heal|p1a: Lara|41/100|[from] drain|[of] p2a: Ting-Lu
|faint|p2a: Ting-Lu
|
|-weather|SunnyDay|[upkeep]
|-heal|p1a: Lara|47/100|[from] item: Leftovers
|upkeep
|
|t:|1757956909
|switch|p2a: Gliscor|Gliscor, F, shiny|15/100 tox
|-damage|p2a: Gliscor|3/100 tox|[from] Stealth Rock
|turn|43
|
|t:|1757956916
|move|p1a: Lara|Giga Drain|p2a: Gliscor
|-damage|p2a: Gliscor|0 fnt
|-heal|p1a: Lara|48/100|[from] drain|[of] p2a: Gliscor
|faint|p2a: Gliscor
|
|-weather|none
|-heal|p1a: Lara|54/100|[from] item: Leftovers
|upkeep
|
|t:|1757956919
|switch|p2a: Dragapult|Dragapult, F|22/100
|-damage|p2a: Dragapult|10/100|[from] Stealth Rock
|turn|44
|
|t:|1757956928
|move|p2a: Dragapult|Draco Meteor|p1a: Lara
|-damage|p1a: Lara|6/100
|-unboost|p2a: Dragapult|spa|2
|move|p1a: Lara|Giga Drain|p2a: Dragapult
|-resisted|p2a: Dragapult
|-damage|p2a: Dragapult|0 fnt
|-heal|p1a: Lara|10/100|[from] drain|[of] p2a: Dragapult
|faint|p2a: Dragapult
|
|-heal|p1a: Lara|16/100|[from] item: Leftovers
|upkeep
|
|t:|1757956933
|switch|p2a: Weezing|Weezing-Galar, M|99/100 par
|-ability|p2a: Weezing|Neutralizing Gas
|-damage|p2a: Weezing|88/100 par|[from] Stealth Rock
|turn|45
|
|t:|1757956950
|move|p1a: Lara|Quiver Dance|p1a: Lara
|-boost|p1a: Lara|spa|1
|-boost|p1a: Lara|spd|1
|-boost|p1a: Lara|spe|1
|move|p2a: Weezing|Strange Steam|p1a: Lara
|-damage|p1a: Lara|0 fnt
|faint|p1a: Lara
|
|-heal|p2a: Weezing|94/100 par|[from] item: Leftovers
|upkeep
|
|t:|1757956962
|switch|p1a: GlobiGlubi|Pecharunt|11/100
|-damage|p1a: GlobiGlubi|0 fnt|[from] Spikes
|faint|p1a: GlobiGlubi
|
|t:|1757956968
|switch|p1a: Kirby|Blissey, F|78/100
|-damage|p1a: Kirby|61/100|[from] Spikes
|turn|46
|
|t:|1757956975
|move|p1a: Kirby|Soft-Boiled|p1a: Kirby
|-heal|p1a: Kirby|100/100
|move|p2a: Weezing|Toxic Spikes|p1a: Kirby
|-sidestart|p1: SrZalex|move: Toxic Spikes
|
|-heal|p2a: Weezing|99/100 par|[from] item: Leftovers
|upkeep
|turn|47
|
|t:|1757956984
|move|p1a: Kirby|Seismic Toss|p2a: Weezing
|-damage|p2a: Weezing|70/100 par
|move|p2a: Weezing|Toxic Spikes|p1a: Kirby
|-sidestart|p1: SrZalex|move: Toxic Spikes
|
|-heal|p2a: Weezing|76/100 par|[from] item: Leftovers
|upkeep
|turn|48
|
|t:|1757956994
|move|p1a: Kirby|Seismic Toss|p2a: Weezing
|-damage|p2a: Weezing|46/100 par
|move|p2a: Weezing|Will-O-Wisp|p1a: Kirby
|-status|p1a: Kirby|brn
|
|-heal|p2a: Weezing|52/100 par|[from] item: Leftovers
|-damage|p1a: Kirby|94/100 brn|[from] brn
|upkeep
|turn|49
|
|t:|1757957005
|-end|p2a: Weezing|ability: Neutralizing Gas
|switch|p2a: Slowbro|Slowbro, F|100/100 par
|-damage|p2a: Slowbro|88/100 par|[from] Stealth Rock
|move|p1a: Kirby|Seismic Toss|p2a: Slowbro
|-damage|p2a: Slowbro|63/100 par
|
|-heal|p1a: Kirby|100/100 brn|[from] item: Leftovers
|-heal|p2a: Slowbro|69/100 par|[from] item: Leftovers
|-damage|p1a: Kirby|94/100 brn|[from] brn
|upkeep
|turn|50
|
|t:|1757957018
|move|p1a: Kirby|Seismic Toss|p2a: Slowbro
|-damage|p2a: Slowbro|43/100 par
|move|p2a: Slowbro|Slack Off|p2a: Slowbro
|-heal|p2a: Slowbro|93/100 par
|
|-heal|p1a: Kirby|100/100 brn|[from] item: Leftovers
|-heal|p2a: Slowbro|99/100 par|[from] item: Leftovers
|-damage|p1a: Kirby|94/100 brn|[from] brn
|upkeep
|turn|51
|l|☆SrZalex
|player|p1|
|inactive|Battle timer is ON: inactive players will automatically lose when time's up. (requested by papagoi19)
|j|☆SrZalex
|inactive|SrZalex reconnected and has 130 seconds left.
|player|p1|SrZalex|steven|
|inactive|SrZalex has 120 seconds left.
|
|t:|1757957125
|-curestatus|p1a: Kirby|brn|[from] ability: Natural Cure
|switch|p1a: Metal Night|Corviknight, M|93/100
|move|p2a: Slowbro|Calm Mind|p2a: Slowbro
|-boost|p2a: Slowbro|spa|1
|-boost|p2a: Slowbro|spd|1
|
|-heal|p2a: Slowbro|100/100 par|[from] item: Leftovers
|upkeep
|turn|52
|
|t:|1757957145
|move|p1a: Metal Night|Bulk Up|p1a: Metal Night
|-boost|p1a: Metal Night|atk|1
|-boost|p1a: Metal Night|def|1
|cant|p2a: Slowbro|par
|
|upkeep
|turn|53
|
|t:|1757957165
|move|p1a: Metal Night|Bulk Up|p1a: Metal Night
|-boost|p1a: Metal Night|atk|1
|-boost|p1a: Metal Night|def|1
|move|p2a: Slowbro|Scald|p1a: Metal Night
|-damage|p1a: Metal Night|56/100
|-status|p1a: Metal Night|brn
|
|-damage|p1a: Metal Night|49/100 brn|[from] brn
|upkeep
|turn|54
|
|t:|1757957181
|move|p1a: Metal Night|Roost|p1a: Metal Night
|-heal|p1a: Metal Night|99/100 brn
|-singleturn|p1a: Metal Night|move: Roost
|move|p2a: Slowbro|Calm Mind|p2a: Slowbro
|-boost|p2a: Slowbro|spa|1
|-boost|p2a: Slowbro|spd|1
|
|-damage|p1a: Metal Night|93/100 brn|[from] brn
|upkeep
|turn|55
|
|t:|1757957193
|move|p1a: Metal Night|Bulk Up|p1a: Metal Night
|-boost|p1a: Metal Night|atk|1
|-boost|p1a: Metal Night|def|1
|move|p2a: Slowbro|Scald|p1a: Metal Night
|-damage|p1a: Metal Night|40/100 brn
|
|-damage|p1a: Metal Night|33/100 brn|[from] brn
|upkeep
|turn|56
|
|t:|1757957203
|move|p1a: Metal Night|Body Press|p2a: Slowbro
|-resisted|p2a: Slowbro
|-damage|p2a: Slowbro|91/100 par
|cant|p2a: Slowbro|par
|
|-heal|p2a: Slowbro|97/100 par|[from] item: Leftovers
|-damage|p1a: Metal Night|27/100 brn|[from] brn
|upkeep
|turn|57
|c|☆papagoi19|gg
|
|t:|1757957213
|move|p1a: Metal Night|Brave Bird|p2a: Slowbro
|-damage|p2a: Slowbro|70/100 par
|-damage|p1a: Metal Night|18/100 brn|[from] Recoil
|move|p2a: Slowbro|Scald|p1a: Metal Night
|-damage|p1a: Metal Night|0 fnt
|faint|p1a: Metal Night
|
|-heal|p2a: Slowbro|76/100 par|[from] item: Leftovers
|upkeep
|
|t:|1757957223
|switch|p1a: Kirby|Blissey, F|94/100
|-damage|p1a: Kirby|78/100|[from] Spikes
|-status|p1a: Kirby|tox
|turn|58
|
|t:|1757957230
|move|p1a: Kirby|Heal Bell|p1a: Kirby
|-activate|p1a: Kirby|move: Heal Bell
|-curestatus|p1a: Kirby|tox|[msg]
|cant|p2a: Slowbro|par
|
|-heal|p1a: Kirby|84/100|[from] item: Leftovers
|-heal|p2a: Slowbro|82/100 par|[from] item: Leftovers
|upkeep
|turn|59
|
|t:|1757957241
|move|p1a: Kirby|Seismic Toss|p2a: Slowbro
|-damage|p2a: Slowbro|57/100 par
|cant|p2a: Slowbro|par
|
|-heal|p1a: Kirby|90/100|[from] item: Leftovers
|-heal|p2a: Slowbro|63/100 par|[from] item: Leftovers
|upkeep
|turn|60
|
|t:|1757957250
|move|p1a: Kirby|Seismic Toss|p2a: Slowbro
|-damage|p2a: Slowbro|38/100 par
|move|p2a: Slowbro|Slack Off|p2a: Slowbro
|-heal|p2a: Slowbro|88/100 par
|
|-heal|p1a: Kirby|96/100|[from] item: Leftovers
|-heal|p2a: Slowbro|94/100 par|[from] item: Leftovers
|upkeep
|turn|61
|
|t:|1757957261
|move|p1a: Kirby|Seismic Toss|p2a: Slowbro
|-damage|p2a: Slowbro|68/100 par
|move|p2a: Slowbro|Calm Mind|p2a: Slowbro
|-boost|p2a: Slowbro|spa|1
|-boost|p2a: Slowbro|spd|1
|
|-heal|p1a: Kirby|100/100|[from] item: Leftovers
|-heal|p2a: Slowbro|74/100 par|[from] item: Leftovers
|upkeep
|turn|62
|
|t:|1757957270
|move|p1a: Kirby|Seismic Toss|p2a: Slowbro
|-damage|p2a: Slowbro|49/100 par
|move|p2a: Slowbro|Slack Off|p2a: Slowbro
|-heal|p2a: Slowbro|99/100 par
|
|-heal|p2a: Slowbro|100/100 par|[from] item: Leftovers
|upkeep
|turn|63
|
|t:|1757957279
|move|p1a: Kirby|Thunder Wave|p2a: Slowbro|[miss]
|-miss|p1a: Kirby|p2a: Slowbro
|move|p2a: Slowbro|Scald|p1a: Kirby
|-damage|p1a: Kirby|81/100
|
|-heal|p1a: Kirby|87/100|[from] item: Leftovers
|upkeep
|turn|64
|
|t:|1757957288
|move|p1a: Kirby|Thunder Wave|p2a: Slowbro
|-fail|p2a: Slowbro|par
|move|p2a: Slowbro|Psychic Noise|p1a: Kirby
|-damage|p1a: Kirby|70/100
|-start|p1a: Kirby|move: Heal Block
|
|upkeep
|turn|65
|
|t:|1757957300
|move|p1a: Kirby|Seismic Toss|p2a: Slowbro
|-damage|p2a: Slowbro|75/100 par
|cant|p2a: Slowbro|par
|
|-heal|p2a: Slowbro|81/100 par|[from] item: Leftovers
|-end|p1a: Kirby|move: Heal Block
|upkeep
|turn|66
|
|t:|1757957312
|move|p1a: Kirby|Seismic Toss|p2a: Slowbro
|-damage|p2a: Slowbro|56/100 par
|cant|p2a: Slowbro|par
|
|-heal|p1a: Kirby|76/100|[from] item: Leftovers
|-heal|p2a: Slowbro|62/100 par|[from] item: Leftovers
|upkeep
|turn|67
|
|t:|1757957321
|move|p1a: Kirby|Seismic Toss|p2a: Slowbro
|-damage|p2a: Slowbro|37/100 par
|cant|p2a: Slowbro|par
|
|-heal|p1a: Kirby|82/100|[from] item: Leftovers
|-heal|p2a: Slowbro|43/100 par|[from] item: Leftovers
|upkeep
|turn|68
|
|t:|1757957329
|move|p1a: Kirby|Seismic Toss|p2a: Slowbro
|-damage|p2a: Slowbro|17/100 par
|move|p2a: Slowbro|Slack Off|p2a: Slowbro
|-heal|p2a: Slowbro|67/100 par
|
|-heal|p1a: Kirby|88/100|[from] item: Leftovers
|-heal|p2a: Slowbro|73/100 par|[from] item: Leftovers
|upkeep
|turn|69
|
|t:|1757957339
|move|p1a: Kirby|Seismic Toss|p2a: Slowbro
|-damage|p2a: Slowbro|48/100 par
|move|p2a: Slowbro|Calm Mind|p2a: Slowbro
|-boost|p2a: Slowbro|spa|1
|-boost|p2a: Slowbro|spd|1
|
|-heal|p1a: Kirby|94/100|[from] item: Leftovers
|-heal|p2a: Slowbro|54/100 par|[from] item: Leftovers
|upkeep
|turn|70
|
|t:|1757957349
|move|p1a: Kirby|Seismic Toss|p2a: Slowbro
|-damage|p2a: Slowbro|29/100 par
|cant|p2a: Slowbro|par
|
|-heal|p1a: Kirby|100/100|[from] item: Leftovers
|-heal|p2a: Slowbro|35/100 par|[from] item: Leftovers
|upkeep
|turn|71
|
|t:|1757957359
|move|p1a: Kirby|Seismic Toss|p2a: Slowbro
|-damage|p2a: Slowbro|9/100 par
|move|p2a: Slowbro|Slack Off|p2a: Slowbro
|-heal|p2a: Slowbro|59/100 par
|
|-heal|p2a: Slowbro|65/100 par|[from] item: Leftovers
|upkeep
|turn|72
|
|t:|1757957368
|move|p1a: Kirby|Seismic Toss|p2a: Slowbro
|-damage|p2a: Slowbro|40/100 par
|move|p2a: Slowbro|Slack Off|p2a: Slowbro
|-heal|p2a: Slowbro|90/100 par
|
|-heal|p2a: Slowbro|96/100 par|[from] item: Leftovers
|upkeep
|turn|73
|
|t:|1757957378
|move|p1a: Kirby|Seismic Toss|p2a: Slowbro
|-damage|p2a: Slowbro|71/100 par
|move|p2a: Slowbro|Psychic Noise|p1a: Kirby
|-damage|p1a: Kirby|79/100
|-start|p1a: Kirby|move: Heal Block
|
|-heal|p2a: Slowbro|77/100 par|[from] item: Leftovers
|upkeep
|turn|74
|
|t:|1757957393
|move|p1a: Kirby|Seismic Toss|p2a: Slowbro
|-damage|p2a: Slowbro|52/100 par
|cant|p2a: Slowbro|par
|
|-heal|p2a: Slowbro|58/100 par|[from] item: Leftovers
|-end|p1a: Kirby|move: Heal Block
|upkeep
|turn|75
|
|t:|1757957403
|move|p1a: Kirby|Seismic Toss|p2a: Slowbro
|-damage|p2a: Slowbro|32/100 par
|move|p2a: Slowbro|Scald|p1a: Kirby
|-damage|p1a: Kirby|57/100
|-status|p1a: Kirby|brn
|
|-heal|p1a: Kirby|63/100 brn|[from] item: Leftovers
|-heal|p2a: Slowbro|38/100 par|[from] item: Leftovers
|-damage|p1a: Kirby|57/100 brn|[from] brn
|upkeep
|turn|76
|
|t:|1757957415
|move|p1a: Kirby|Seismic Toss|p2a: Slowbro
|-damage|p2a: Slowbro|13/100 par
|move|p2a: Slowbro|Slack Off|p2a: Slowbro
|-heal|p2a: Slowbro|63/100 par
|
|-heal|p1a: Kirby|63/100 brn|[from] item: Leftovers
|-heal|p2a: Slowbro|69/100 par|[from] item: Leftovers
|-damage|p1a: Kirby|57/100 brn|[from] brn
|upkeep
|turn|77
|
|t:|1757957426
|move|p1a: Kirby|Heal Bell|p1a: Kirby
|-activate|p1a: Kirby|move: Heal Bell
|-curestatus|p1a: Kirby|brn|[msg]
|move|p2a: Slowbro|Psychic Noise|p1a: Kirby
|-damage|p1a: Kirby|34/100
|-start|p1a: Kirby|move: Heal Block
|
|-heal|p2a: Slowbro|75/100 par|[from] item: Leftovers
|upkeep
|turn|78
|
|t:|1757957440
|move|p1a: Kirby|Seismic Toss|p2a: Slowbro
|-damage|p2a: Slowbro|50/100 par
|cant|p2a: Slowbro|par
|
|-heal|p2a: Slowbro|56/100 par|[from] item: Leftovers
|-end|p1a: Kirby|move: Heal Block
|upkeep
|turn|79
|
|t:|1757957450
|move|p1a: Kirby|Soft-Boiled|p1a: Kirby
|-heal|p1a: Kirby|84/100
|cant|p2a: Slowbro|par
|
|-heal|p1a: Kirby|90/100|[from] item: Leftovers
|-heal|p2a: Slowbro|62/100 par|[from] item: Leftovers
|upkeep
|turn|80
|
|t:|1757957461
|move|p1a: Kirby|Thunder Wave|p2a: Slowbro
|-fail|p2a: Slowbro|par
|move|p2a: Slowbro|Calm Mind|p2a: Slowbro
|-boost|p2a: Slowbro|spa|1
|-boost|p2a: Slowbro|spd|1
|
|-heal|p1a: Kirby|97/100|[from] item: Leftovers
|-heal|p2a: Slowbro|68/100 par|[from] item: Leftovers
|upkeep
|turn|81
|
|t:|1757957471
|move|p1a: Kirby|Seismic Toss|p2a: Slowbro
|-damage|p2a: Slowbro|43/100 par
|move|p2a: Slowbro|Calm Mind|p2a: Slowbro
|-boost|p2a: Slowbro|spa|1
|-boost|p2a: Slowbro|spd|1
|
|-heal|p1a: Kirby|100/100|[from] item: Leftovers
|-heal|p2a: Slowbro|49/100 par|[from] item: Leftovers
|upkeep
|turn|82
|
|t:|1757957481
|move|p1a: Kirby|Seismic Toss|p2a: Slowbro
|-damage|p2a: Slowbro|23/100 par
|cant|p2a: Slowbro|par
|
|-heal|p2a: Slowbro|29/100 par|[from] item: Leftovers
|upkeep
|turn|83
|
|t:|1757957490
|move|p1a: Kirby|Seismic Toss|p2a: Slowbro
|-damage|p2a: Slowbro|4/100 par
|move|p2a: Slowbro|Slack Off|p2a: Slowbro
|-heal|p2a: Slowbro|54/100 par
|
|-heal|p2a: Slowbro|60/100 par|[from] item: Leftovers
|upkeep
|turn|84
|
|t:|1757957500
|move|p1a: Kirby|Seismic Toss|p2a: Slowbro
|-damage|p2a: Slowbro|35/100 par
|cant|p2a: Slowbro|par
|
|-heal|p2a: Slowbro|41/100 par|[from] item: Leftovers
|upkeep
|turn|85
|inactive|papagoi19 has 120 seconds left.
|
|t:|1757957531
|move|p1a: Kirby|Seismic Toss|p2a: Slowbro
|-damage|p2a: Slowbro|15/100 par
|move|p2a: Slowbro|Scald|p1a: Kirby
|-damage|p1a: Kirby|71/100
|
|-heal|p1a: Kirby|78/100|[from] item: Leftovers
|-heal|p2a: Slowbro|22/100 par|[from] item: Leftovers
|upkeep
|turn|86
|
|t:|1757957541
|switch|p2a: Weezing|Weezing-Galar, M|52/100 par
|-ability|p2a: Weezing|Neutralizing Gas
|-damage|p2a: Weezing|40/100 par|[from] Stealth Rock
|move|p1a: Kirby|Seismic Toss|p2a: Weezing
|-damage|p2a: Weezing|10/100 par
|
|-heal|p1a: Kirby|84/100|[from] item: Leftovers
|-heal|p2a: Weezing|16/100 par|[from] item: Leftovers
|upkeep
|turn|87
|
|t:|1757957553
|-end|p2a: Weezing|ability: Neutralizing Gas
|switch|p2a: Slowbro|Slowbro, F|55/100 par
|-damage|p2a: Slowbro|42/100 par|[from] Stealth Rock
|move|p1a: Kirby|Seismic Toss|p2a: Slowbro
|-damage|p2a: Slowbro|17/100 par
|
|-heal|p1a: Kirby|90/100|[from] item: Leftovers
|-heal|p2a: Slowbro|23/100 par|[from] item: Leftovers
|upkeep
|turn|88
|
|t:|1757957567
|switch|p2a: Weezing|Weezing-Galar, M|16/100 par
|-ability|p2a: Weezing|Neutralizing Gas
|-damage|p2a: Weezing|3/100 par|[from] Stealth Rock
|move|p1a: Kirby|Soft-Boiled|p1a: Kirby
|-heal|p1a: Kirby|100/100
|
|-heal|p2a: Weezing|9/100 par|[from] item: Leftovers
|upkeep
|turn|89
|
|t:|1757957582
|-end|p2a: Weezing|ability: Neutralizing Gas
|switch|p2a: Slowbro|Slowbro, F|56/100 par
|-damage|p2a: Slowbro|44/100 par|[from] Stealth Rock
|move|p1a: Kirby|Seismic Toss|p2a: Slowbro
|-damage|p2a: Slowbro|19/100 par
|
|-heal|p2a: Slowbro|25/100 par|[from] item: Leftovers
|upkeep
|turn|90
|
|t:|1757957593
|switch|p2a: Weezing|Weezing-Galar, M|9/100 par
|-ability|p2a: Weezing|Neutralizing Gas
|-damage|p2a: Weezing|0 fnt|[from] Stealth Rock
|faint|p2a: Weezing
|-end|p2a: Weezing|ability: Neutralizing Gas
|move|p1a: Kirby|Seismic Toss|p2: Weezing|[notarget]
|-fail|p1a: Kirby
|
|upkeep
|
|t:|1757957609
|switch|p2a: Slowbro|Slowbro, F|58/100 par
|-damage|p2a: Slowbro|45/100 par|[from] Stealth Rock
|turn|91
|
|t:|1757957620
|move|p1a: Kirby|Seismic Toss|p2a: Slowbro
|-damage|p2a: Slowbro|20/100 par
|cant|p2a: Slowbro|par
|
|-heal|p2a: Slowbro|26/100 par|[from] item: Leftovers
|upkeep
|turn|92
|
|t:|1757957632
|move|p1a: Kirby|Seismic Toss|p2a: Slowbro
|-damage|p2a: Slowbro|1/100 par
|cant|p2a: Slowbro|par
|
|-heal|p2a: Slowbro|7/100 par|[from] item: Leftovers
|upkeep
|turn|93
|c|☆papagoi19|gg
|c|☆SrZalex|pp
|inactive|SrZalex has 120 seconds left.
|c|☆SrZalex|xD
|c|☆SrZalex|so luck
|
|t:|1757957677
|move|p1a: Kirby|Thunder Wave|p2a: Slowbro
|-fail|p2a: Slowbro|par
|move|p2a: Slowbro|Calm Mind|p2a: Slowbro
|-boost|p2a: Slowbro|spa|1
|-boost|p2a: Slowbro|spd|1
|
|-heal|p2a: Slowbro|13/100 par|[from] item: Leftovers
|upkeep
|turn|94
|
|t:|1757957688
|move|p1a: Kirby|Thunder Wave|p2a: Slowbro
|-fail|p2a: Slowbro|par
|cant|p2a: Slowbro|par
|
|-heal|p2a: Slowbro|19/100 par|[from] item: Leftovers
|upkeep
|turn|95
|
|t:|1757957697
|move|p1a: Kirby|Thunder Wave|p2a: Slowbro
|-fail|p2a: Slowbro|par
|move|p2a: Slowbro|Calm Mind|p2a: Slowbro
|-boost|p2a: Slowbro|spa|1
|-boost|p2a: Slowbro|spd|1
|
|-heal|p2a: Slowbro|25/100 par|[from] item: Leftovers
|upkeep
|turn|96
|inactive|SrZalex has 120 seconds left.
|c|☆papagoi19|just give up
|c|☆papagoi19|look at my pp
|c|☆papagoi19|you loose anyway
|inactive|SrZalex has 90 seconds left.
|c|☆papagoi19|stop wasting your time
|c|☆SrZalex|you have luck so much
|
|t:|1757957752
|move|p1a: Kirby|Thunder Wave|p2a: Slowbro
|-fail|p2a: Slowbro|par
|cant|p2a: Slowbro|par
|
|-heal|p2a: Slowbro|31/100 par|[from] item: Leftovers
|upkeep
|turn|97
|c|☆papagoi19|sure yellow color
|l|☆SrZalex
|inactive|SrZalex disconnected and has a minute to reconnect!
|player|p1|
|inactive|SrZalex has 30 seconds to reconnect!
|inactive|SrZalex has 20 seconds to reconnect!
|inactive|SrZalex has 15 seconds to reconnect!
|inactive|SrZalex has 10 seconds to reconnect!
|inactive|SrZalex has 5 seconds to reconnect!
|-message|SrZalex lost due to inactivity.
|
|win|papagoi19
|raw|SrZalex's rating: 1248 &rarr; <strong>1226</strong><br />(-22 for losing)
|raw|papagoi19's rating: 1294 &rarr; <strong>1316</strong><br />(+22 for winning)
|j|☆SrZalex
|player|p1|SrZalex|steven|
