|j|☆hoperidesalonee
|j|☆2y2qIYgIhRYh5V9x
|t:|1757947881
|gametype|singles
|player|p1|hoperidesalonee|170|1002
|player|p2|2y2qIYgIhRYh5V9x|102|1000
|gen|9
|tier|[Gen 9] OU
|rated|
|rule|HP Percentage Mod: HP is shown in percentages
|rule|Endless Battle Clause: Forcing endless battles is banned
|rule|Species Clause: Limit one of each Pokémon
|rule|OHKO Clause: OHKO moves are banned
|rule|Evasion Items Clause: Evasion items are banned
|rule|Evasion Moves Clause: Evasion moves are banned
|rule|Evasion Abilities Clause: Evasion abilities are banned
|rule|Sleep Moves Clause: Sleep-inducing moves are banned
|clearpoke
|poke|p1|Deoxys-Speed|
|poke|p1|Chansey, F|
|poke|p1|Armarouge, M|
|poke|p1|Scizor, M|
|poke|p1|Iron Moth|
|poke|p1|Latios, M|
|poke|p2|Iron Crown|
|poke|p2|Meowscarada, F|
|poke|p2|Great Tusk|
|poke|p2|Pecharunt|
|poke|p2|Ting-Lu|
|poke|p2|Iron Valiant|
|teampreview
|inactive|Battle timer is ON: inactive players will automatically lose when time's up. (requested by 2y2qIYgIhRYh5V9x)
|
|t:|1757947885
|teamsize|p1|6
|teamsize|p2|6
|start
|switch|p1a: Tempo|Deoxys-Speed|100/100
|switch|p2a: Iron Crown|Iron Crown|100/100
|-ability|p1a: Tempo|Pressure
|turn|1
|
|t:|1757947899
|move|p1a: Tempo|Taunt|p2a: Iron Crown
|-start|p2a: Iron Crown|move: Taunt
|move|p2a: Iron Crown|Tachyon Cutter|p1a: Tempo
|-damage|p1a: Tempo|52/100
|-damage|p1a: Tempo|3/100
|-hitcount|p1a: Tempo|2
|-enditem|p1a: Tempo|Red Card|[of] p2a: Iron Crown
|-end|p2a: Iron Crown|Quark Drive|[silent]
|drag|p2a: Ting-Lu|Ting-Lu|100/100
|-ability|p2a: Ting-Lu|Vessel of Ruin
|
|upkeep
|turn|2
|
|t:|1757947908
|move|p1a: Tempo|Spikes|p2a: Ting-Lu
|-sidestart|p2: 2y2qIYgIhRYh5V9x|Spikes
|move|p2a: Ting-Lu|Stealth Rock|p1a: Tempo
|-sidestart|p1: hoperidesalonee|move: Stealth Rock
|
|upkeep
|turn|3
|
|t:|1757947915
|move|p1a: Tempo|Spikes|p2a: Ting-Lu
|-sidestart|p2: 2y2qIYgIhRYh5V9x|Spikes
|move|p2a: Ting-Lu|Whirlwind|p1a: Tempo
|drag|p1a: Blues|Armarouge, M|100/100
|-damage|p1a: Blues|76/100|[from] Stealth Rock
|
|upkeep
|turn|4
|
|t:|1757947923
|move|p1a: Blues|Focus Blast|p2a: Ting-Lu
|-supereffective|p2a: Ting-Lu
|-damage|p2a: Ting-Lu|64/100
|move|p2a: Ting-Lu|Earthquake|p1a: Blues
|-supereffective|p1a: Blues
|-damage|p1a: Blues|0 fnt
|faint|p1a: Blues
|
|-heal|p2a: Ting-Lu|70/100|[from] item: Leftovers
|upkeep
|
|t:|1757947943
|switch|p1a: Jazz|Scizor, M|100/100
|-damage|p1a: Jazz|88/100|[from] Stealth Rock
|turn|5
|
|t:|1757947949
|switch|p2a: Great Tusk|Great Tusk|100/100
|-damage|p2a: Great Tusk|84/100|[from] Spikes
|-terastallize|p1a: Jazz|Flying
|move|p1a: Jazz|Dual Wingbeat|p2a: Great Tusk
|-supereffective|p2a: Great Tusk
|-damage|p2a: Great Tusk|18/100
|-supereffective|p2a: Great Tusk
|-damage|p2a: Great Tusk|0 fnt
|faint|p2a: Great Tusk
|-end|p2a: Great Tusk|Protosynthesis|[silent]
|-hitcount|p2: Great Tusk|2
|
|upkeep
|
|t:|1757947957
|switch|p2a: Iron Crown|Iron Crown|100/100
|-damage|p2a: Iron Crown|84/100|[from] Spikes
|turn|6
|
|t:|1757947962
|move|p2a: Iron Crown|Volt Switch|p1a: Jazz
|-supereffective|p1a: Jazz
|-damage|p1a: Jazz|0 fnt
|faint|p1a: Jazz
|
|t:|1757947967
|-end|p2a: Iron Crown|Quark Drive|[silent]
|switch|p2a: Meowscarada|Meowscarada, F|100/100|[from] Volt Switch
|-damage|p2a: Meowscarada|84/100|[from] Spikes
|
|upkeep
|
|t:|1757947971
|switch|p1a: Synth|Iron Moth|100/100
|-damage|p1a: Synth|76/100|[from] Stealth Rock
|-enditem|p1a: Synth|Booster Energy
|-activate|p1a: Synth|ability: Quark Drive|[fromitem]
|-start|p1a: Synth|quarkdrivespa
|turn|7
|
|t:|1757947982
|move|p2a: Meowscarada|U-turn|p1a: Synth
|-start|p2a: Meowscarada|typechange|Bug|[from] ability: Protean
|-resisted|p1a: Synth
|-damage|p1a: Synth|59/100
|
|t:|1757947986
|switch|p2a: Ting-Lu|Ting-Lu|70/100|[from] U-turn
|-damage|p2a: Ting-Lu|54/100|[from] Spikes
|-ability|p2a: Ting-Lu|Vessel of Ruin
|move|p1a: Synth|Substitute|p1a: Synth
|-start|p1a: Synth|Substitute
|-damage|p1a: Synth|34/100
|
|-heal|p2a: Ting-Lu|60/100|[from] item: Leftovers
|upkeep
|turn|8
|
|t:|1757947995
|move|p1a: Synth|Energy Ball|p2a: Ting-Lu
|-supereffective|p2a: Ting-Lu
|-damage|p2a: Ting-Lu|28/100
|move|p2a: Ting-Lu|Whirlwind|p1a: Synth
|-end|p1a: Synth|Quark Drive|[silent]
|drag|p1a: Rock|Latios, M|100/100
|-damage|p1a: Rock|88/100|[from] Stealth Rock
|
|-heal|p2a: Ting-Lu|34/100|[from] item: Leftovers
|upkeep
|turn|9
|inactive|2y2qIYgIhRYh5V9x has 120 seconds left.
|
|t:|1757948029
|move|p1a: Rock|Flip Turn|p2a: Ting-Lu
|-supereffective|p2a: Ting-Lu
|-damage|p2a: Ting-Lu|21/100
|
|t:|1757948046
|switch|p1a: Clef|Chansey, F|100/100|[from] Flip Turn
|-damage|p1a: Clef|88/100|[from] Stealth Rock
|move|p2a: Ting-Lu|Ruination|p1a: Clef
|-damage|p1a: Clef|44/100
|
|-heal|p2a: Ting-Lu|27/100|[from] item: Leftovers
|upkeep
|turn|10
|inactive|2y2qIYgIhRYh5V9x has 120 seconds left.
|
|t:|1757948067
|switch|p2a: Iron Valiant|Iron Valiant|100/100
|-damage|p2a: Iron Valiant|84/100|[from] Spikes
|-enditem|p2a: Iron Valiant|Booster Energy
|-activate|p2a: Iron Valiant|ability: Quark Drive|[fromitem]
|-start|p2a: Iron Valiant|quarkdrivespe
|move|p1a: Clef|Seismic Toss|p2a: Iron Valiant
|-damage|p2a: Iron Valiant|49/100
|
|upkeep
|turn|11
|
|t:|1757948075
|move|p2a: Iron Valiant|Close Combat|p1a: Clef
|-supereffective|p1a: Clef
|-damage|p1a: Clef|0 fnt
|-unboost|p2a: Iron Valiant|def|1
|-unboost|p2a: Iron Valiant|spd|1
|faint|p1a: Clef
|
|upkeep
|
|t:|1757948082
|switch|p1a: Synth|Iron Moth|34/100
|-damage|p1a: Synth|9/100|[from] Stealth Rock
|turn|12
|
|t:|1757948089
|move|p2a: Iron Valiant|Knock Off|p1a: Synth
|-damage|p1a: Synth|0 fnt
|faint|p1a: Synth
|-end|p1a: Synth|Quark Drive|[silent]
|
|upkeep
|
|t:|1757948094
|switch|p1a: Tempo|Deoxys-Speed|3/100
|-damage|p1a: Tempo|0 fnt|[from] Stealth Rock
|faint|p1a: Tempo
|
|t:|1757948098
|switch|p1a: Rock|Latios, M|88/100
|-damage|p1a: Rock|76/100|[from] Stealth Rock
|turn|13
|
|t:|1757948102
|move|p2a: Iron Valiant|Moonblast|p1a: Rock
|-supereffective|p1a: Rock
|-damage|p1a: Rock|0 fnt
|faint|p1a: Rock
|
|win|2y2qIYgIhRYh5V9x
|raw|hoperidesalonee's rating: 1002 &rarr; <strong>1000</strong><br />(-2 for losing)
|raw|2y2qIYgIhRYh5V9x's rating: 1000 &rarr; <strong>1040</strong><br />(+40 for winning)
|l|☆hoperidesalonee
|player|p1|
