|j|☆SunStar090
|j|☆IHeartGalvantula
|t:|1757786051
|gametype|singles
|player|p1|SunStar090|266|1585
|player|p2|IHeartGalvantula|unknown|1588
|gen|9
|tier|[Gen 9] OU
|rated|
|rule|HP Percentage Mod: HP is shown in percentages
|rule|Endless Battle Clause: Forcing endless battles is banned
|rule|Species Clause: Limit one of each Pokémon
|rule|OHKO Clause: OHKO moves are banned
|rule|Evasion Items Clause: Evasion items are banned
|rule|Evasion Moves Clause: Evasion moves are banned
|rule|Evasion Abilities Clause: Evasion abilities are banned
|rule|Sleep Moves Clause: Sleep-inducing moves are banned
|clearpoke
|poke|p1|Rillaboom, M|
|poke|p1|Heatran, M|
|poke|p1|Great Tusk|
|poke|p1|Zapdos|
|poke|p1|Darkrai|
|poke|p1|Slowking-Galar, M|
|poke|p2|Galvantula, F|
|poke|p2|Enamorus, F|
|poke|p2|Garchomp, M|
|poke|p2|Gholdengo|
|poke|p2|Kingambit, M|
|poke|p2|Serperior, F|
|teampreview
|inactive|Battle timer is ON: inactive players will automatically lose when time's up. (requested by IHeartGalvantula)
|c|☆SunStar090|Where’s cinderace
|
|t:|1757786075
|teamsize|p1|6
|teamsize|p2|6
|start
|switch|p1a: Heatran|Heatran, M, shiny|100/100
|switch|p2a: Galvantula|Galvantula, F|100/100
|turn|1
|
|t:|1757786082
|move|p2a: Galvantula|Sticky Web|p1a: Heatran
|-sidestart|p1: SunStar090|move: Sticky Web
|move|p1a: Heatran|Stealth Rock|p2a: Galvantula
|-sidestart|p2: IHeartGalvantula|move: Stealth Rock
|
|upkeep
|turn|2
|
|t:|1757786088
|move|p2a: Galvantula|Thunder Wave|p1a: Heatran
|-status|p1a: Heatran|par
|move|p1a: Heatran|Magma Storm|p2a: Galvantula|[miss]
|-miss|p1a: Heatran|p2a: Galvantula
|
|upkeep
|turn|3
|
|t:|1757786095
|move|p2a: Galvantula|Volt Switch|p1a: Heatran
|-damage|p1a: Heatran|79/100 par
|
|t:|1757786098
|switch|p2a: Garchomp|Garchomp, M|100/100|[from] Volt Switch
|-damage|p2a: Garchomp|94/100|[from] Stealth Rock
|cant|p1a: Heatran|par
|
|-heal|p1a: Heatran|85/100 par|[from] item: Leftovers
|upkeep
|turn|4
|
|t:|1757786111
|switch|p1a: Great Tusk|Great Tusk|100/100
|move|p2a: Garchomp|Swords Dance|p2a: Garchomp
|-boost|p2a: Garchomp|atk|2
|
|upkeep
|turn|5
|
|t:|1757786120
|move|p1a: Great Tusk|Ice Spinner|p2a: Garchomp
|-supereffective|p2a: Garchomp
|-damage|p2a: Garchomp|0 fnt
|-damage|p1a: Great Tusk|88/100|[from] ability: Rough Skin|[of] p2a: Garchomp
|faint|p2a: Garchomp
|
|upkeep
|
|t:|1757786126
|switch|p2a: Serperior|Serperior, F|100/100
|-damage|p2a: Serperior|88/100|[from] Stealth Rock
|turn|6
|
|t:|1757786135
|-end|p1a: Great Tusk|Protosynthesis|[silent]
|switch|p1a: Heatran|Heatran, M, shiny|85/100 par
|-activate|p1a: Heatran|move: Sticky Web
|-unboost|p1a: Heatran|spe|1
|move|p2a: Serperior|Leaf Storm|p1a: Heatran
|-resisted|p1a: Heatran
|-damage|p1a: Heatran|76/100 par
|-boost|p2a: Serperior|spa|2
|
|-heal|p2a: Serperior|94/100|[from] item: Leftovers
|-heal|p1a: Heatran|83/100 par|[from] item: Leftovers
|upkeep
|turn|7
|
|t:|1757786147
|move|p2a: Serperior|Substitute|p2a: Serperior
|-start|p2a: Serperior|Substitute
|-damage|p2a: Serperior|69/100
|move|p1a: Heatran|Magma Storm|p2a: Serperior
|-supereffective|p2a: Serperior
|-end|p2a: Serperior|Substitute
|
|-heal|p2a: Serperior|75/100|[from] item: Leftovers
|-heal|p1a: Heatran|89/100 par|[from] item: Leftovers
|upkeep
|turn|8
|
|t:|1757786156
|move|p2a: Serperior|Substitute|p2a: Serperior
|-start|p2a: Serperior|Substitute
|-damage|p2a: Serperior|50/100
|move|p1a: Heatran|Taunt|p2a: Serperior
|-start|p2a: Serperior|move: Taunt
|
|-heal|p2a: Serperior|56/100|[from] item: Leftovers
|-heal|p1a: Heatran|95/100 par|[from] item: Leftovers
|upkeep
|turn|9
|
|t:|1757786168
|-terastallize|p2a: Serperior|Stellar
|move|p2a: Serperior|Tera Blast|p1a: Heatran|[anim] Tera Blast Stellar
|-damage|p1a: Heatran|56/100 par
|-boost|p2a: Serperior|atk|1
|-boost|p2a: Serperior|spa|1
|move|p1a: Heatran|Magma Storm|p2a: Serperior|[miss]
|-miss|p1a: Heatran|p2a: Serperior
|
|-heal|p2a: Serperior|62/100|[from] item: Leftovers
|-heal|p1a: Heatran|62/100 par|[from] item: Leftovers
|upkeep
|turn|10
|
|t:|1757786181
|move|p2a: Serperior|Tera Blast|p1a: Heatran|[anim] Tera Blast Stellar
|-damage|p1a: Heatran|20/100 par
|-boost|p2a: Serperior|atk|1
|-boost|p2a: Serperior|spa|1
|move|p1a: Heatran|Magma Storm|p2a: Serperior|[miss]
|-miss|p1a: Heatran|p2a: Serperior
|
|-heal|p2a: Serperior|69/100|[from] item: Leftovers
|-heal|p1a: Heatran|26/100 par|[from] item: Leftovers
|upkeep
|turn|11
|
|t:|1757786189
|move|p2a: Serperior|Tera Blast|p1a: Heatran|[anim] Tera Blast Stellar
|-damage|p1a: Heatran|0 fnt
|-boost|p2a: Serperior|atk|1
|-boost|p2a: Serperior|spa|1
|faint|p1a: Heatran
|
|-heal|p2a: Serperior|75/100|[from] item: Leftovers
|-end|p2a: Serperior|move: Taunt
|upkeep
|
|t:|1757786194
|switch|p1a: Slowking|Slowking-Galar, M|100/100
|-activate|p1a: Slowking|move: Sticky Web
|-unboost|p1a: Slowking|spe|1
|turn|12
|
|t:|1757786201
|move|p2a: Serperior|Tera Blast|p1a: Slowking|[anim] Tera Blast Stellar
|-damage|p1a: Slowking|47/100
|-boost|p2a: Serperior|atk|1
|-boost|p2a: Serperior|spa|1
|move|p1a: Slowking|Sludge Bomb|p2a: Serperior
|-supereffective|p2a: Serperior
|-end|p2a: Serperior|Substitute
|
|-heal|p2a: Serperior|81/100|[from] item: Leftovers
|upkeep
|turn|13
|
|t:|1757786208
|move|p2a: Serperior|Tera Blast|p1a: Slowking|[anim] Tera Blast Stellar
|-crit|p1a: Slowking
|-damage|p1a: Slowking|0 fnt
|-boost|p2a: Serperior|atk|1
|faint|p1a: Slowking
|
|-heal|p2a: Serperior|87/100|[from] item: Leftovers
|upkeep
|
|t:|1757786214
|switch|p1a: Darkrai|Darkrai|100/100
|-activate|p1a: Darkrai|move: Sticky Web
|-unboost|p1a: Darkrai|spe|1
|turn|14
|
|t:|1757786220
|-terastallize|p1a: Darkrai|Poison
|move|p1a: Darkrai|Sludge Bomb|p2a: Serperior
|-supereffective|p2a: Serperior
|-crit|p2a: Serperior
|-damage|p2a: Serperior|0 fnt
|faint|p2a: Serperior
|
|upkeep
|
|t:|1757786230
|switch|p2a: Gholdengo|Gholdengo|100/100
|-damage|p2a: Gholdengo|94/100|[from] Stealth Rock
|-item|p2a: Gholdengo|Air Balloon
|turn|15
|
|t:|1757786246
|switch|p1a: Zapdos|Zapdos|100/100
|move|p2a: Gholdengo|Shadow Ball|p1a: Zapdos
|-crit|p1a: Zapdos
|-damage|p1a: Zapdos|32/100
|
|upkeep
|turn|16
|
|t:|1757786253
|move|p2a: Gholdengo|Shadow Ball|p1a: Zapdos
|-damage|p1a: Zapdos|0 fnt
|faint|p1a: Zapdos
|
|upkeep
|
|t:|1757786258
|switch|p1a: Darkrai|Darkrai, tera:Poison|100/100
|-activate|p1a: Darkrai|move: Sticky Web
|-unboost|p1a: Darkrai|spe|1
|turn|17
|
|t:|1757786266
|switch|p2a: Kingambit|Kingambit, M|100/100
|-damage|p2a: Kingambit|94/100|[from] Stealth Rock
|-activate|p2a: Kingambit|ability: Supreme Overlord
|-start|p2a: Kingambit|fallen2|[silent]
|move|p1a: Darkrai|Dark Pulse|p2a: Kingambit
|-resisted|p2a: Kingambit
|-damage|p2a: Kingambit|74/100
|
|upkeep
|turn|18
|
|t:|1757786281
|switch|p1a: Great Tusk|Great Tusk|88/100
|move|p2a: Kingambit|Kowtow Cleave|p1a: Great Tusk
|-resisted|p1a: Great Tusk
|-damage|p1a: Great Tusk|64/100
|
|upkeep
|turn|19
|
|t:|1757786288
|move|p1a: Great Tusk|Ice Spinner|p2a: Kingambit
|-resisted|p2a: Kingambit
|-crit|p2a: Kingambit
|-damage|p2a: Kingambit|57/100
|move|p2a: Kingambit|Low Kick|p1a: Great Tusk
|-damage|p1a: Great Tusk|24/100
|
|upkeep
|turn|20
|
|t:|1757786300
|-end|p2a: Kingambit|fallen2|[silent]
|switch|p2a: Gholdengo|Gholdengo|94/100
|-damage|p2a: Gholdengo|88/100|[from] Stealth Rock
|-item|p2a: Gholdengo|Air Balloon
|move|p1a: Great Tusk|Headlong Rush|p2a: Gholdengo
|-immune|p2a: Gholdengo
|
|upkeep
|turn|21
|
|t:|1757786305
|-end|p1a: Great Tusk|Protosynthesis|[silent]
|switch|p1a: Darkrai|Darkrai, tera:Poison|100/100
|-activate|p1a: Darkrai|move: Sticky Web
|-unboost|p1a: Darkrai|spe|1
|move|p2a: Gholdengo|Shadow Ball|p1a: Darkrai
|-damage|p1a: Darkrai|42/100
|-unboost|p1a: Darkrai|spd|1
|
|upkeep
|turn|22
|
|t:|1757786312
|move|p1a: Darkrai|Dark Pulse|p2a: Gholdengo
|-supereffective|p2a: Gholdengo
|-damage|p2a: Gholdengo|0 fnt
|-enditem|p2a: Gholdengo|Air Balloon
|faint|p2a: Gholdengo
|
|upkeep
|
|t:|1757786316
|switch|p2a: Enamorus|Enamorus, F|100/100
|-damage|p2a: Enamorus|76/100|[from] Stealth Rock
|turn|23
|
|t:|1757786321
|move|p1a: Darkrai|Dark Pulse|p2a: Enamorus
|-resisted|p2a: Enamorus
|-damage|p2a: Enamorus|43/100
|move|p2a: Enamorus|Moonblast|p1a: Darkrai
|-resisted|p1a: Darkrai
|-damage|p1a: Darkrai|0 fnt
|faint|p1a: Darkrai
|
|upkeep
|
|t:|1757786323
|switch|p1a: Rillaboom|Rillaboom, M|100/100
|-activate|p1a: Rillaboom|move: Sticky Web
|-unboost|p1a: Rillaboom|spe|1
|-fieldstart|move: Grassy Terrain|[from] ability: Grassy Surge|[of] p1a: Rillaboom
|turn|24
|
|t:|1757786332
|move|p2a: Enamorus|Moonblast|p1a: Rillaboom
|-damage|p1a: Rillaboom|0 fnt
|faint|p1a: Rillaboom
|
|upkeep
|-message|SunStar090 forfeited.
|
|win|IHeartGalvantula
|raw|SunStar090's rating: 1585 &rarr; <strong>1565</strong><br />(-20 for losing)
|raw|IHeartGalvantula's rating: 1588 &rarr; <strong>1608</strong><br />(+20 for winning)
|l|☆IHeartGalvantula
|player|p2|
