|j|☆Jomar3023
|j|☆lemonkiwi42
|t:|1757804684
|gametype|singles
|player|p1|Jomar3023|1|1297
|player|p2|lemonkiwi42|ethan|1259
|gen|9
|tier|[Gen 9] OU
|rated|
|rule|HP Percentage Mod: HP is shown in percentages
|rule|Endless Battle Clause: Forcing endless battles is banned
|rule|Species Clause: Limit one of each Pokémon
|rule|OHKO Clause: OHKO moves are banned
|rule|Evasion Items Clause: Evasion items are banned
|rule|Evasion Moves Clause: Evasion moves are banned
|rule|Evasion Abilities Clause: Evasion abilities are banned
|rule|Sleep Moves Clause: Sleep-inducing moves are banned
|clearpoke
|poke|p1|Iron Crown|
|poke|p1|Meowscarada, M|
|poke|p1|Great Tusk|
|poke|p1|Pecharunt|
|poke|p1|Ting-Lu|
|poke|p1|Iron Valiant|
|poke|p2|Delphox, M|
|poke|p2|Kommo-o, F|
|poke|p2|Mandibuzz, F|
|poke|p2|Bellibolt, M|
|poke|p2|Rillaboom, F|
|poke|p2|Drednaw, M|
|teampreview
|
|t:|1757804694
|teamsize|p1|6
|teamsize|p2|6
|start
|switch|p1a: The King of Kings|Iron Crown|100/100
|switch|p2a: Kommo-o|Kommo-o, F|100/100
|turn|1
|
|t:|1757804705
|-terastallize|p2a: Kommo-o|Steel
|move|p1a: The King of Kings|Psychic Noise|p2a: Kommo-o
|-resisted|p2a: Kommo-o
|-damage|p2a: Kommo-o|70/100
|-start|p2a: Kommo-o|move: Heal Block
|move|p2a: Kommo-o|Clangorous Soul|p2a: Kommo-o
|-boost|p2a: Kommo-o|atk|1
|-boost|p2a: Kommo-o|def|1
|-boost|p2a: Kommo-o|spa|1
|-boost|p2a: Kommo-o|spd|1
|-boost|p2a: Kommo-o|spe|1
|-damage|p2a: Kommo-o|37/100
|
|upkeep
|turn|2
|
|t:|1757804741
|-end|p1a: The King of Kings|Quark Drive|[silent]
|switch|p1a: Legend Killer|Ting-Lu, shiny|100/100
|-ability|p1a: Legend Killer|Vessel of Ruin
|move|p2a: Kommo-o|Flamethrower|p1a: Legend Killer
|-damage|p1a: Legend Killer|84/100
|
|-heal|p1a: Legend Killer|91/100|[from] item: Leftovers
|-end|p2a: Kommo-o|move: Heal Block
|upkeep
|-enditem|p2a: Kommo-o|Sitrus Berry|[eat]
|-heal|p2a: Kommo-o|62/100|[from] item: Sitrus Berry
|turn|3
|
|t:|1757804783
|switch|p2a: Rillaboom|Rillaboom, F|100/100
|-fieldstart|move: Grassy Terrain|[from] ability: Grassy Surge|[of] p2a: Rillaboom
|move|p1a: Legend Killer|Stealth Rock|p2a: Rillaboom
|-sidestart|p2: lemonkiwi42|move: Stealth Rock
|
|-heal|p1a: Legend Killer|97/100|[from] Grassy Terrain
|-heal|p1a: Legend Killer|100/100|[from] item: Leftovers
|upkeep
|turn|4
|
|t:|1757804791
|switch|p1a: The Heartbreak Kid|Pecharunt|100/100
|move|p2a: Rillaboom|U-turn|p1a: The Heartbreak Kid
|-resisted|p1a: The Heartbreak Kid
|-damage|p1a: The Heartbreak Kid|96/100
|
|t:|1757804805
|switch|p2a: Mandibuzz|Mandibuzz, F|100/100|[from] U-turn
|
|-heal|p1a: The Heartbreak Kid|100/100|[from] Grassy Terrain
|upkeep
|turn|5
|
|t:|1757804815
|move|p1a: The Heartbreak Kid|Malignant Chain|p2a: Mandibuzz
|-damage|p2a: Mandibuzz|80/100
|move|p2a: Mandibuzz|Knock Off|p1a: The Heartbreak Kid
|-supereffective|p1a: The Heartbreak Kid
|-damage|p1a: The Heartbreak Kid|79/100
|-enditem|p1a: The Heartbreak Kid|Heavy-Duty Boots|[from] move: Knock Off|[of] p2a: Mandibuzz
|
|-heal|p1a: The Heartbreak Kid|85/100|[from] Grassy Terrain
|upkeep
|turn|6
|
|t:|1757804826
|move|p1a: The Heartbreak Kid|Parting Shot|p2a: Mandibuzz
|-unboost|p2a: Mandibuzz|atk|1
|-unboost|p2a: Mandibuzz|spa|1
|
|t:|1757804833
|switch|p1a: The Showoff|Meowscarada, M, shiny|100/100|[from] Parting Shot
|move|p2a: Mandibuzz|Defog|p1a: The Showoff
|-unboost|p1a: The Showoff|evasion|1
|-sideend|p2: lemonkiwi42|Stealth Rock|[from] move: Defog|[of] p2a: Mandibuzz
|-fieldend|move: Grassy Terrain
|
|upkeep
|turn|7
|
|t:|1757804850
|switch|p2a: Bellibolt|Bellibolt, M|100/100
|move|p1a: The Showoff|Triple Axel|p2a: Bellibolt
|-start|p1a: The Showoff|typechange|Ice|[from] ability: Protean
|-crit|p2a: Bellibolt
|-damage|p2a: Bellibolt|88/100
|-start|p2a: Bellibolt|Charge|Triple Axel|[from] ability: Electromorphosis
|-damage|p2a: Bellibolt|69/100
|-start|p2a: Bellibolt|Charge|Triple Axel|[from] ability: Electromorphosis
|-damage|p2a: Bellibolt|43/100
|-start|p2a: Bellibolt|Charge|Triple Axel|[from] ability: Electromorphosis
|-hitcount|p2a: Bellibolt|3
|
|-heal|p2a: Bellibolt|49/100|[from] item: Leftovers
|upkeep
|turn|8
|
|t:|1757804881
|switch|p1a: Legend Killer|Ting-Lu, shiny|100/100
|-ability|p1a: Legend Killer|Vessel of Ruin
|move|p2a: Bellibolt|Slack Off|p2a: Bellibolt
|-heal|p2a: Bellibolt|99/100
|
|-heal|p2a: Bellibolt|100/100|[from] item: Leftovers
|upkeep
|turn|9
|
|t:|1757804889
|move|p1a: Legend Killer|Stealth Rock|p2a: Bellibolt
|-sidestart|p2: lemonkiwi42|move: Stealth Rock
|move|p2a: Bellibolt|Substitute|p2a: Bellibolt
|-start|p2a: Bellibolt|Substitute
|-damage|p2a: Bellibolt|76/100
|
|-heal|p2a: Bellibolt|82/100|[from] item: Leftovers
|upkeep
|turn|10
|
|t:|1757804897
|move|p2a: Bellibolt|Muddy Water|p1a: Legend Killer|[miss]
|-miss|p2a: Bellibolt|p1a: Legend Killer
|move|p1a: Legend Killer|Whirlwind|p2a: Bellibolt
|drag|p2a: Rillaboom|Rillaboom, F|100/100
|-damage|p2a: Rillaboom|88/100|[from] Stealth Rock
|-fieldstart|move: Grassy Terrain|[from] ability: Grassy Surge|[of] p2a: Rillaboom
|
|-heal|p2a: Rillaboom|94/100|[from] Grassy Terrain
|upkeep
|turn|11
|
|t:|1757804910
|move|p2a: Rillaboom|Wood Hammer|p1a: Legend Killer
|-supereffective|p1a: Legend Killer
|-damage|p1a: Legend Killer|0 fnt
|faint|p1a: Legend Killer
|-damage|p2a: Rillaboom|44/100|[from] Recoil
|
|-heal|p2a: Rillaboom|51/100|[from] Grassy Terrain
|upkeep
|
|t:|1757804915
|switch|p1a: The Heartbreak Kid|Pecharunt|85/100
|turn|12
|
|t:|1757804920
|switch|p2a: Mandibuzz|Mandibuzz, F|80/100
|move|p1a: The Heartbreak Kid|Malignant Chain|p2a: Mandibuzz
|-damage|p2a: Mandibuzz|62/100
|
|-heal|p1a: The Heartbreak Kid|92/100|[from] Grassy Terrain
|upkeep
|turn|13
|
|t:|1757804927
|move|p1a: The Heartbreak Kid|Malignant Chain|p2a: Mandibuzz
|-damage|p2a: Mandibuzz|44/100
|move|p2a: Mandibuzz|Defog|p1a: The Heartbreak Kid
|-unboost|p1a: The Heartbreak Kid|evasion|1
|-sideend|p2: lemonkiwi42|Stealth Rock|[from] move: Defog|[of] p2a: Mandibuzz
|-fieldend|move: Grassy Terrain
|
|upkeep
|turn|14
|
|t:|1757804935
|move|p1a: The Heartbreak Kid|Malignant Chain|p2a: Mandibuzz
|-damage|p2a: Mandibuzz|27/100
|move|p2a: Mandibuzz|Roost|p2a: Mandibuzz
|-heal|p2a: Mandibuzz|77/100
|-singleturn|p2a: Mandibuzz|move: Roost
|
|upkeep
|turn|15
|
|t:|1757804942
|move|p1a: The Heartbreak Kid|Malignant Chain|p2a: Mandibuzz
|-damage|p2a: Mandibuzz|59/100
|-status|p2a: Mandibuzz|tox
|-start|p2a: Mandibuzz|confusion|[from] ability: Poison Puppeteer|[of] p1a: The Heartbreak Kid
|-activate|p2a: Mandibuzz|confusion
|move|p2a: Mandibuzz|Knock Off|p1a: The Heartbreak Kid
|-supereffective|p1a: The Heartbreak Kid
|-damage|p1a: The Heartbreak Kid|77/100
|
|-damage|p2a: Mandibuzz|53/100 tox|[from] psn
|upkeep
|turn|16
|
|t:|1757804957
|switch|p2a: Kommo-o|Kommo-o, F, tera:Steel|62/100
|move|p1a: The Heartbreak Kid|Parting Shot|p2a: Kommo-o
|-unboost|p2a: Kommo-o|atk|1
|-unboost|p2a: Kommo-o|spa|1
|
|t:|1757804973
|switch|p1a: The Animal|Great Tusk, shiny|100/100|[from] Parting Shot
|
|upkeep
|turn|17
|
|t:|1757804982
|switch|p2a: Mandibuzz|Mandibuzz, F|53/100 tox
|move|p1a: The Animal|Bulk Up|p1a: The Animal
|-boost|p1a: The Animal|atk|1
|-boost|p1a: The Animal|def|1
|
|-damage|p2a: Mandibuzz|47/100 tox|[from] psn
|upkeep
|turn|18
|
|t:|1757804998
|move|p1a: The Animal|Ice Spinner|p2a: Mandibuzz
|-supereffective|p2a: Mandibuzz
|-damage|p2a: Mandibuzz|0 fnt
|faint|p2a: Mandibuzz
|
|upkeep
|
|t:|1757805002
|switch|p2a: Delphox|Delphox, M|100/100
|turn|19
|
|t:|1757805009
|move|p2a: Delphox|Psychic|p1a: The Animal
|-supereffective|p1a: The Animal
|-damage|p1a: The Animal|0 fnt
|faint|p1a: The Animal
|-end|p1a: The Animal|Protosynthesis|[silent]
|
|upkeep
|
|t:|1757805023
|switch|p1a: The Showoff|Meowscarada, M, shiny|100/100
|turn|20
|
|t:|1757805034
|move|p1a: The Showoff|Knock Off|p2a: Delphox
|-start|p1a: The Showoff|typechange|Dark|[from] ability: Protean
|-supereffective|p2a: Delphox
|-crit|p2a: Delphox
|-enditem|p2a: Delphox|Focus Sash
|-damage|p2a: Delphox|1/100
|move|p2a: Delphox|Fire Blast|p1a: The Showoff
|-damage|p1a: The Showoff|0 fnt
|faint|p1a: The Showoff
|
|upkeep
|
|t:|1757805052
|switch|p1a: The Hitman|Iron Valiant|100/100
|-enditem|p1a: The Hitman|Booster Energy
|-activate|p1a: The Hitman|ability: Quark Drive|[fromitem]
|-start|p1a: The Hitman|quarkdrivespe
|turn|21
|
|t:|1757805069
|move|p1a: The Hitman|Knock Off|p2a: Delphox
|-supereffective|p2a: Delphox
|-damage|p2a: Delphox|0 fnt
|faint|p2a: Delphox
|
|upkeep
|
|t:|1757805076
|switch|p2a: Bellibolt|Bellibolt, M|82/100
|turn|22
|
|t:|1757805109
|move|p1a: The Hitman|Moonblast|p2a: Bellibolt
|-damage|p2a: Bellibolt|37/100
|-start|p2a: Bellibolt|Charge|Moonblast|[from] ability: Electromorphosis
|move|p2a: Bellibolt|Parabolic Charge|p1a: The Hitman
|-damage|p1a: The Hitman|5/100
|-heal|p2a: Bellibolt|70/100|[from] drain|[of] p1a: The Hitman
|-end|p2a: Bellibolt|Charge|[silent]
|
|-heal|p2a: Bellibolt|77/100|[from] item: Leftovers
|upkeep
|turn|23
|
|t:|1757805123
|move|p1a: The Hitman|Moonblast|p2a: Bellibolt
|-damage|p2a: Bellibolt|30/100
|-unboost|p2a: Bellibolt|spa|1
|-start|p2a: Bellibolt|Charge|Moonblast|[from] ability: Electromorphosis
|move|p2a: Bellibolt|Parabolic Charge|p1a: The Hitman
|-damage|p1a: The Hitman|0 fnt
|-heal|p2a: Bellibolt|31/100|[from] drain|[of] p1a: The Hitman
|faint|p1a: The Hitman
|-end|p1a: The Hitman|Quark Drive|[silent]
|-end|p2a: Bellibolt|Charge|[silent]
|
|-heal|p2a: Bellibolt|37/100|[from] item: Leftovers
|upkeep
|
|t:|1757805140
|switch|p1a: The Heartbreak Kid|Pecharunt|77/100
|turn|24
|
|t:|1757805147
|switch|p2a: Kommo-o|Kommo-o, F, tera:Steel|62/100
|move|p1a: The Heartbreak Kid|Parting Shot|p2a: Kommo-o
|-unboost|p2a: Kommo-o|atk|1
|-unboost|p2a: Kommo-o|spa|1
|
|t:|1757805150
|switch|p1a: The King of Kings|Iron Crown|100/100|[from] Parting Shot
|
|upkeep
|turn|25
|
|t:|1757805163
|switch|p2a: Rillaboom|Rillaboom, F|51/100
|-fieldstart|move: Grassy Terrain|[from] ability: Grassy Surge|[of] p2a: Rillaboom
|move|p1a: The King of Kings|Volt Switch|p2a: Rillaboom
|-resisted|p2a: Rillaboom
|-damage|p2a: Rillaboom|28/100
|
|t:|1757805167
|-end|p1a: The King of Kings|Quark Drive|[silent]
|switch|p1a: The Heartbreak Kid|Pecharunt|77/100|[from] Volt Switch
|
|-heal|p2a: Rillaboom|35/100|[from] Grassy Terrain
|-heal|p1a: The Heartbreak Kid|83/100|[from] Grassy Terrain
|upkeep
|turn|26
|
|t:|1757805187
|move|p2a: Rillaboom|Wood Hammer|p1a: The Heartbreak Kid
|-resisted|p1a: The Heartbreak Kid
|-damage|p1a: The Heartbreak Kid|53/100
|-damage|p2a: Rillaboom|23/100|[from] Recoil
|move|p1a: The Heartbreak Kid|Malignant Chain|p2a: Rillaboom
|-supereffective|p2a: Rillaboom
|-damage|p2a: Rillaboom|0 fnt
|faint|p2a: Rillaboom
|
|-heal|p1a: The Heartbreak Kid|59/100|[from] Grassy Terrain
|upkeep
|
|t:|1757805196
|switch|p2a: Drednaw|Drednaw, M|100/100
|turn|27
|
|t:|1757805209
|move|p2a: Drednaw|Shell Smash|p2a: Drednaw
|-unboost|p2a: Drednaw|def|1
|-unboost|p2a: Drednaw|spd|1
|-boost|p2a: Drednaw|atk|2
|-boost|p2a: Drednaw|spa|2
|-boost|p2a: Drednaw|spe|2
|move|p1a: The Heartbreak Kid|Recover|p1a: The Heartbreak Kid
|-heal|p1a: The Heartbreak Kid|100/100
|
|upkeep
|turn|28
|
|t:|1757805216
|move|p2a: Drednaw|Crunch|p1a: The Heartbreak Kid
|-supereffective|p1a: The Heartbreak Kid
|-damage|p1a: The Heartbreak Kid|17/100
|move|p1a: The Heartbreak Kid|Malignant Chain|p2a: Drednaw
|-resisted|p2a: Drednaw
|-damage|p2a: Drednaw|67/100
|
|-heal|p2a: Drednaw|73/100|[from] Grassy Terrain
|-heal|p1a: The Heartbreak Kid|23/100|[from] Grassy Terrain
|upkeep
|turn|29
|
|t:|1757805224
|move|p2a: Drednaw|Crunch|p1a: The Heartbreak Kid
|-supereffective|p1a: The Heartbreak Kid
|-damage|p1a: The Heartbreak Kid|0 fnt
|faint|p1a: The Heartbreak Kid
|
|-heal|p2a: Drednaw|80/100|[from] Grassy Terrain
|-fieldend|move: Grassy Terrain
|upkeep
|
|t:|1757805226
|switch|p1a: The King of Kings|Iron Crown|100/100
|turn|30
|
|t:|1757805232
|-terastallize|p1a: The King of Kings|Steel
|move|p2a: Drednaw|Crunch|p1a: The King of Kings
|-damage|p1a: The King of Kings|12/100
|move|p1a: The King of Kings|Tachyon Cutter|p2a: Drednaw
|-damage|p2a: Drednaw|0 fnt
|faint|p2a: Drednaw
|-hitcount|p2: Drednaw|1
|
|upkeep
|
|t:|1757805239
|switch|p2a: Kommo-o|Kommo-o, F, tera:Steel|62/100
|turn|31
|
|t:|1757805242
|move|p2a: Kommo-o|Vacuum Wave|p1a: The King of Kings
|-supereffective|p1a: The King of Kings
|-damage|p1a: The King of Kings|0 fnt
|faint|p1a: The King of Kings
|-end|p1a: The King of Kings|Quark Drive|[silent]
|
|win|lemonkiwi42
|raw|Jomar3023's rating: 1297 &rarr; <strong>1269</strong><br />(-28 for losing)
|raw|lemonkiwi42's rating: 1259 &rarr; <strong>1287</strong><br />(+28 for winning)
|c|☆lemonkiwi42|gg
