|j|☆janeofalltrades
|j|‽liamsdad
|t:|1757812402
|gametype|singles
|player|p1|janeofalltrades|fennel|1456
|player|p2|liamsdad|bruno|1503
|gen|9
|tier|[Gen 9] OU
|rated|
|rule|HP Percentage Mod: HP is shown in percentages
|rule|Endless Battle Clause: Forcing endless battles is banned
|rule|Species Clause: Limit one of each Pokémon
|rule|OHKO Clause: OHKO moves are banned
|rule|Evasion Items Clause: Evasion items are banned
|rule|Evasion Moves Clause: Evasion moves are banned
|rule|Evasion Abilities Clause: Evasion abilities are banned
|rule|Sleep Moves Clause: Sleep-inducing moves are banned
|clearpoke
|poke|p1|Dragonite, M|
|poke|p1|Sandy Shocks|
|poke|p1|Scizor, M|
|poke|p1|Hydrapple, F|
|poke|p1|Alomomola, F|
|poke|p1|Ceruledge, F|
|poke|p2|Pelipper, F|
|poke|p2|Ludicolo, M|
|poke|p2|Tornadus-Therian, M|
|poke|p2|Iron Treads|
|poke|p2|Landorus-Therian, M|
|poke|p2|Barraskewda, F|
|teampreview
|inactive|Battle timer is ON: inactive players will automatically lose when time's up. (requested by janeofalltrades)
|l|‽liamsdad
|inactive|liamsdad disconnected and has a minute to reconnect!
|player|p2|
|j|‽liamsdad
|inactive|liamsdad reconnected and has 130 seconds left.
|player|p2|liamsdad|bruno|
|n|‽liamsdad|liamsdad
|inactive|liamsdad has 120 seconds left.
|
|t:|1757812433
|teamsize|p1|6
|teamsize|p2|6
|start
|switch|p1a: Sandy Shocks|Sandy Shocks|100/100
|switch|p2a: Pelipper|Pelipper, F|100/100
|-weather|RainDance|[from] ability: Drizzle|[of] p2a: Pelipper
|turn|1
|
|t:|1757812446
|switch|p2a: Iron Treads|Iron Treads|100/100
|move|p1a: Sandy Shocks|Volt Switch|p2a: Iron Treads
|-immune|p2a: Iron Treads
|
|-weather|RainDance|[upkeep]
|upkeep
|turn|2
|
|t:|1757812451
|-end|p1a: Sandy Shocks|Protosynthesis|[silent]
|switch|p1a: Hydrapple|Hydrapple, F|100/100
|move|p2a: Iron Treads|Volt Switch|p1a: Hydrapple
|-resisted|p1a: Hydrapple
|-damage|p1a: Hydrapple|97/100
|
|t:|1757812457
|-end|p2a: Iron Treads|Quark Drive|[silent]
|switch|p2a: Tornadus|Tornadus-Therian, M|100/100|[from] Volt Switch
|
|-weather|RainDance|[upkeep]
|upkeep
|turn|3
|
|t:|1757812462
|switch|p1a: Scizor|Scizor, M|100/100
|move|p2a: Tornadus|Nasty Plot|p2a: Tornadus
|-boost|p2a: Tornadus|spa|2
|
|-weather|RainDance|[upkeep]
|upkeep
|turn|4
|
|t:|1757812465
|move|p1a: Scizor|Bullet Punch|p2a: Tornadus
|-damage|p2a: Tornadus|56/100
|move|p2a: Tornadus|Hurricane|p1a: Scizor
|-damage|p1a: Scizor|0 fnt
|faint|p1a: Scizor
|-damage|p2a: Tornadus|47/100|[from] item: Life Orb
|
|-weather|RainDance|[upkeep]
|upkeep
|
|t:|1757812473
|switch|p1a: Dragonite|Dragonite, M|100/100
|turn|5
|
|t:|1757812476
|-terastallize|p2a: Tornadus|Steel
|move|p2a: Tornadus|Hurricane|p1a: Dragonite
|-damage|p1a: Dragonite|27/100
|-damage|p2a: Tornadus|37/100|[from] item: Life Orb
|move|p1a: Dragonite|Dragon Dance|p1a: Dragonite
|-boost|p1a: Dragonite|atk|1
|-boost|p1a: Dragonite|spe|1
|
|-weather|RainDance|[upkeep]
|upkeep
|turn|6
|
|t:|1757812482
|switch|p2a: Landorus|Landorus-Therian, M|100/100
|-ability|p2a: Landorus|Intimidate|boost
|-unboost|p1a: Dragonite|atk|1
|move|p1a: Dragonite|Earthquake|p2a: Landorus
|-immune|p2a: Landorus
|
|-weather|RainDance|[upkeep]
|upkeep
|turn|7
|
|t:|1757812488
|switch|p1a: Alomomola|Alomomola, F|100/100
|switch|p2a: Iron Treads|Iron Treads|100/100
|
|-weather|RainDance|[upkeep]
|upkeep
|turn|8
|
|t:|1757812492
|move|p2a: Iron Treads|Volt Switch|p1a: Alomomola
|-supereffective|p1a: Alomomola
|-crit|p1a: Alomomola
|-damage|p1a: Alomomola|64/100
|
|t:|1757812495
|-end|p2a: Iron Treads|Quark Drive|[silent]
|switch|p2a: Ludicolo|Ludicolo, M|100/100|[from] Volt Switch
|move|p1a: Alomomola|Wish|p1a: Alomomola
|
|-weather|none
|upkeep
|turn|9
|
|t:|1757812499
|switch|p1a: Dragonite|Dragonite, M|27/100
|move|p2a: Ludicolo|Giga Drain|p1a: Dragonite
|-resisted|p1a: Dragonite
|-damage|p1a: Dragonite|15/100
|-damage|p2a: Ludicolo|91/100|[from] item: Life Orb
|
|-heal|p1a: Dragonite|98/100|[from] move: Wish|[wisher] Alomomola
|upkeep
|turn|10
|
|t:|1757812506
|-terastallize|p1a: Dragonite|Flying
|move|p1a: Dragonite|Earthquake|p2a: Ludicolo
|-resisted|p2a: Ludicolo
|-damage|p2a: Ludicolo|56/100
|move|p2a: Ludicolo|Ice Beam|p1a: Dragonite
|-supereffective|p1a: Dragonite
|-damage|p1a: Dragonite|31/100
|-damage|p2a: Ludicolo|46/100|[from] item: Life Orb
|
|upkeep
|turn|11
|
|t:|1757812516
|switch|p2a: Pelipper|Pelipper, F|100/100
|-weather|RainDance|[from] ability: Drizzle|[of] p2a: Pelipper
|move|p1a: Dragonite|Tera Blast|p2a: Pelipper|[anim] Tera Blast Flying
|-damage|p2a: Pelipper|49/100
|
|-weather|RainDance|[upkeep]
|upkeep
|turn|12
|
|t:|1757812522
|move|p1a: Dragonite|Tera Blast|p2a: Pelipper|[anim] Tera Blast Flying
|-crit|p2a: Pelipper
|-damage|p2a: Pelipper|0 fnt
|faint|p2a: Pelipper
|
|-weather|RainDance|[upkeep]
|upkeep
|
|t:|1757812524
|switch|p2a: Barraskewda|Barraskewda, F|100/100
|turn|13
|
|t:|1757812528
|switch|p1a: Alomomola|Alomomola, F|98/100
|move|p2a: Barraskewda|Flip Turn|p1a: Alomomola
|-resisted|p1a: Alomomola
|-damage|p1a: Alomomola|78/100
|-damage|p2a: Barraskewda|84/100|[from] item: Rocky Helmet|[of] p1a: Alomomola
|
|t:|1757812537
|switch|p2a: Ludicolo|Ludicolo, M|46/100|[from] Flip Turn
|
|-weather|RainDance|[upkeep]
|upkeep
|turn|14
|
|t:|1757812540
|move|p1a: Alomomola|Protect|p1a: Alomomola
|-singleturn|p1a: Alomomola|Protect
|move|p2a: Ludicolo|Giga Drain|p1a: Alomomola
|-activate|p1a: Alomomola|move: Protect
|
|-weather|RainDance|[upkeep]
|upkeep
|turn|15
|
|t:|1757812548
|switch|p1a: Hydrapple|Hydrapple, F|100/100
|move|p2a: Ludicolo|Ice Beam|p1a: Hydrapple
|-supereffective|p1a: Hydrapple
|-damage|p1a: Hydrapple|0 fnt
|faint|p1a: Hydrapple
|-damage|p2a: Ludicolo|36/100|[from] item: Life Orb
|
|-weather|RainDance|[upkeep]
|upkeep
|
|t:|1757812553
|switch|p1a: Dragonite|Dragonite, M, tera:Flying|31/100
|turn|16
|
|t:|1757812556
|move|p1a: Dragonite|Extreme Speed|p2a: Ludicolo
|-crit|p2a: Ludicolo
|-damage|p2a: Ludicolo|0 fnt
|faint|p2a: Ludicolo
|
|-weather|RainDance|[upkeep]
|upkeep
|
|t:|1757812562
|switch|p2a: Tornadus|Tornadus-Therian, M, tera:Steel|70/100
|turn|17
|
|t:|1757812567
|move|p1a: Dragonite|Extreme Speed|p2a: Tornadus
|-resisted|p2a: Tornadus
|-damage|p2a: Tornadus|49/100
|move|p2a: Tornadus|Hurricane|p1a: Dragonite
|-damage|p1a: Dragonite|0 fnt
|faint|p1a: Dragonite
|-damage|p2a: Tornadus|39/100|[from] item: Life Orb
|
|-weather|RainDance|[upkeep]
|upkeep
|
|t:|1757812575
|switch|p1a: Alomomola|Alomomola, F|100/100
|turn|18
|
|t:|1757812579
|move|p1a: Alomomola|Protect|p1a: Alomomola
|-singleturn|p1a: Alomomola|Protect
|move|p2a: Tornadus|Hurricane|p1a: Alomomola
|-activate|p1a: Alomomola|move: Protect
|
|-weather|none
|upkeep
|turn|19
|
|t:|1757812583
|move|p2a: Tornadus|Taunt|p1a: Alomomola
|-start|p1a: Alomomola|move: Taunt
|move|p1a: Alomomola|Flip Turn|p2a: Tornadus
|-damage|p2a: Tornadus|19/100
|
|t:|1757812586
|switch|p1a: Ceruledge|Ceruledge, F|100/100|[from] Flip Turn
|
|upkeep
|turn|20
|
|t:|1757812589
|switch|p2a: Landorus|Landorus-Therian, M|100/100
|-ability|p2a: Landorus|Intimidate|boost
|-unboost|p1a: Ceruledge|atk|1
|move|p1a: Ceruledge|Shadow Sneak|p2a: Landorus
|-damage|p2a: Landorus|85/100
|
|upkeep
|turn|21
|
|t:|1757812593
|switch|p1a: Alomomola|Alomomola, F|100/100
|move|p2a: Landorus|Sandsear Storm|p1a: Alomomola
|-damage|p1a: Alomomola|21/100
|
|upkeep
|turn|22
|
|t:|1757812599
|move|p1a: Alomomola|Protect|p1a: Alomomola
|-singleturn|p1a: Alomomola|Protect
|move|p2a: Landorus|Sandsear Storm|p1a: Alomomola
|-activate|p1a: Alomomola|move: Protect
|
|upkeep
|turn|23
|
|t:|1757812604
|move|p2a: Landorus|Sandsear Storm|p1a: Alomomola
|-damage|p1a: Alomomola|0 fnt
|faint|p1a: Alomomola
|
|upkeep
|
|t:|1757812606
|switch|p1a: Sandy Shocks|Sandy Shocks|100/100
|turn|24
|
|t:|1757812609
|move|p1a: Sandy Shocks|Tera Blast|p2a: Landorus
|-damage|p2a: Landorus|43/100
|-damage|p1a: Sandy Shocks|91/100|[from] item: Life Orb
|move|p2a: Landorus|Sandsear Storm|p1a: Sandy Shocks
|-supereffective|p1a: Sandy Shocks
|-damage|p1a: Sandy Shocks|0 fnt
|faint|p1a: Sandy Shocks
|-end|p1a: Sandy Shocks|Protosynthesis|[silent]
|
|upkeep
|
|t:|1757812612
|switch|p1a: Ceruledge|Ceruledge, F|100/100
|turn|25
|
|t:|1757812615
|move|p2a: Landorus|Sandsear Storm|p1a: Ceruledge
|-supereffective|p1a: Ceruledge
|-damage|p1a: Ceruledge|0 fnt
|faint|p1a: Ceruledge
|
|win|liamsdad
|raw|janeofalltrades's rating: 1456 &rarr; <strong>1439</strong><br />(-17 for losing)
|raw|liamsdad's rating: 1503 &rarr; <strong>1520</strong><br />(+17 for winning)
|l|☆janeofalltrades
|player|p1|
|l|‽liamsdad
|player|p2|
