|j|☆PokemonGT7
|j|☆shaurya711
|inactive|Battle timer is ON: inactive players will automatically lose when time's up.
|t:|1757857900
|gametype|singles
|player|p1|PokemonGT7|willow-casual|
|player|p2|shaurya711|hilbert-wonderlauncher|
|gen|9
|tier|[Gen 9] OU
|rated|Tournament battle
|rule|HP Percentage Mod: HP is shown in percentages
|rule|Endless Battle Clause: Forcing endless battles is banned
|rule|Species Clause: Limit one of each Pokémon
|rule|OHKO Clause: OHKO moves are banned
|rule|Evasion Items Clause: Evasion items are banned
|rule|Evasion Moves Clause: Evasion moves are banned
|rule|Evasion Abilities Clause: Evasion abilities are banned
|rule|Sleep Moves Clause: Sleep-inducing moves are banned
|raw|<div class="infobox"><details class="readmore" open><summary><strong>1 custom rule:</strong></summary> -wobbuffet</details></div>
|clearpoke
|poke|p1|Electivire, M|
|poke|p1|Malamar, M|
|poke|p1|Snubbull, F|
|poke|p2|Dusclops, M|
|poke|p2|Sandslash, F|
|poke|p2|Breloom, M|
|teampreview
|j|*Lady Monita ☀
|inactive|shaurya711 also wants the timer to be on.
|c|☆PokemonGT7|glhf
|c|☆shaurya711|u2
|j| Ahosora
|
|t:|1757857917
|teamsize|p1|3
|teamsize|p2|3
|start
|switch|p1a: Snubbull|Snubbull, F|100/100
|switch|p2a: Sandslash|Sandslash, F|100/100
|-ability|p1a: Snubbull|Intimidate|boost
|-unboost|p2a: Sandslash|atk|1
|turn|1
|
|t:|1757857928
|move|p1a: Snubbull|Encore||[still]
|-fail|p1a: Snubbull
|move|p2a: Sandslash|Stealth Rock|p1a: Snubbull
|-sidestart|p1: PokemonGT7|move: Stealth Rock
|
|upkeep
|turn|2
|j| The impimp
|
|t:|1757857934
|switch|p2a: Dusclops|Dusclops, M|100/100
|-ability|p2a: Dusclops|Pressure
|move|p1a: Snubbull|Encore||[still]
|-fail|p1a: Snubbull
|
|upkeep
|turn|3
|
|t:|1757857941
|move|p1a: Snubbull|Thunder Wave|p2a: Dusclops
|-status|p2a: Dusclops|par
|move|p2a: Dusclops|Will-O-Wisp|p1a: Snubbull
|-status|p1a: Snubbull|brn
|
|-damage|p1a: Snubbull|94/100 brn|[from] brn
|upkeep
|turn|4
|
|t:|1757857946
|move|p1a: Snubbull|Encore|p2a: Dusclops
|-start|p2a: Dusclops|Encore
|move|p2a: Dusclops|Will-O-Wisp|p1a: Snubbull
|-fail|p1a: Snubbull|brn
|
|-damage|p1a: Snubbull|88/100 brn|[from] brn
|upkeep
|turn|5
|
|t:|1757857950
|switch|p2a: Sandslash|Sandslash, F|100/100
|move|p1a: Snubbull|Play Rough|p2a: Sandslash
|-damage|p2a: Sandslash|90/100
|
|-damage|p1a: Snubbull|82/100 brn|[from] brn
|upkeep
|turn|6
|
|t:|1757857959
|move|p1a: Snubbull|Play Rough|p2a: Sandslash
|-damage|p2a: Sandslash|79/100
|move|p2a: Sandslash|Earthquake|p1a: Snubbull
|-damage|p1a: Snubbull|25/100 brn
|
|-damage|p1a: Snubbull|19/100 brn|[from] brn
|upkeep
|turn|7
|
|t:|1757857968
|move|p1a: Snubbull|Encore|p2a: Sandslash
|-start|p2a: Sandslash|Encore
|move|p2a: Sandslash|Earthquake|p1a: Snubbull
|-crit|p1a: Snubbull
|-damage|p1a: Snubbull|0 fnt
|faint|p1a: Snubbull
|
|upkeep
|
|t:|1757857969
|switch|p1a: Electivire|Electivire, M|100/100
|-damage|p1a: Electivire|88/100|[from] Stealth Rock
|turn|8
|
|t:|1757857978
|-terastallize|p1a: Electivire|Flying
|-terastallize|p2a: Sandslash|Ghost
|move|p1a: Electivire|Bulk Up|p1a: Electivire
|-boost|p1a: Electivire|atk|1
|-boost|p1a: Electivire|def|1
|move|p2a: Sandslash|Earthquake|p1a: Electivire
|-immune|p1a: Electivire
|
|upkeep
|turn|9
|j| got_the_hacks
|
|t:|1757857988
|switch|p2a: Dusclops|Dusclops, M|100/100 par
|-ability|p2a: Dusclops|Pressure
|move|p1a: Electivire|Knock Off|p2a: Dusclops
|-supereffective|p2a: Dusclops
|-damage|p2a: Dusclops|17/100 par
|-enditem|p2a: Dusclops|Eviolite|[from] move: Knock Off|[of] p1a: Electivire
|-damage|p1a: Electivire|78/100|[from] item: Life Orb
|
|upkeep
|turn|10
|
|t:|1757857992
|move|p1a: Electivire|Knock Off|p2a: Dusclops
|-supereffective|p2a: Dusclops
|-damage|p2a: Dusclops|0 fnt
|faint|p2a: Dusclops
|-damage|p1a: Electivire|68/100|[from] item: Life Orb
|
|upkeep
|
|t:|1757857998
|switch|p2a: Breloom|Breloom, M|100/100
|turn|11
|
|t:|1757858002
|move|p1a: Electivire|Thunder Wave|p2a: Breloom
|-status|p2a: Breloom|par
|move|p2a: Breloom|Aerial Ace|p1a: Electivire
|-damage|p1a: Electivire|33/100
|
|upkeep
|turn|12
|
|t:|1757858012
|move|p1a: Electivire|Knock Off|p2a: Breloom
|-resisted|p2a: Breloom
|-crit|p2a: Breloom
|-damage|p2a: Breloom|23/100 par
|-enditem|p2a: Breloom|Loaded Dice|[from] move: Knock Off|[of] p1a: Electivire
|-damage|p1a: Electivire|23/100|[from] item: Life Orb
|move|p2a: Breloom|Aerial Ace|p1a: Electivire
|-damage|p1a: Electivire|0 fnt
|faint|p1a: Electivire
|
|upkeep
|
|t:|1757858017
|switch|p1a: Malamar|Malamar, M|100/100
|-damage|p1a: Malamar|88/100|[from] Stealth Rock
|turn|13
|
|t:|1757858027
|cant|p2a: Breloom|par
|move|p1a: Malamar|Superpower|p2a: Breloom
|-damage|p2a: Breloom|0 fnt
|-boost|p1a: Malamar|atk|1
|-boost|p1a: Malamar|def|1
|faint|p2a: Breloom
|
|upkeep
|c|☆PokemonGT7|gg
|
|t:|1757858033
|switch|p2a: Sandslash|Sandslash, F, tera:Ghost|79/100
|turn|14
|
|t:|1757858042
|move|p1a: Malamar|Knock Off|p2a: Sandslash
|-supereffective|p2a: Sandslash
|-damage|p2a: Sandslash|15/100
|-enditem|p2a: Sandslash|Heavy-Duty Boots|[from] move: Knock Off|[of] p1a: Malamar
|move|p2a: Sandslash|Knock Off|p1a: Malamar
|-damage|p1a: Malamar|72/100
|-enditem|p1a: Malamar|Chesto Berry|[from] move: Knock Off|[of] p2a: Sandslash
|
|upkeep
|turn|15
|c|☆shaurya711|gg
|
|t:|1757858050
|move|p1a: Malamar|Psycho Cut|p2a: Sandslash
|-damage|p2a: Sandslash|0 fnt
|faint|p2a: Sandslash
|
|win|PokemonGT7
|n|☆PokemonGT7|pokemongt7
|n|☆shaurya711|shaurya711
|n|*Lady Monita ☀|ladymonita
|n| Ahosora|ahosora
|n| The impimp|theimpimp
|n| got_the_hacks|gotthehacks
|l|*Lady Monita ☀
|l| The impimp
|c|☆PokemonGT7|!showteam
|c| PokemonGT7|/raw <div class="infobox"><details><summary>View team</summary>Electivire (M) @ Life Orb  <br />Ability: Motor Drive  <br />Tera Type: Flying  <br />EVs: 252 Atk &#x2f; 6 Def &#x2f; 252 Spe  <br />Jolly Nature  <br />- Bulk Up  <br />- Supercell Slam  <br />- Thunder Wave  <br />- Knock Off  <br /><br />Malamar (M) @ Chesto Berry  <br />Ability: Contrary  <br />Tera Type: Steel  <br />EVs: 252 HP &#x2f; 6 Def &#x2f; 252 SpD  <br />Careful Nature  <br />- Psycho Cut  <br />- Superpower  <br />- Knock Off  <br />- Rest  <br /><br />Snubbull (F) @ Eviolite  <br />Ability: Intimidate  <br />Tera Type: Ground  <br />EVs: 178 Atk &#x2f; 80 SpD &#x2f; 252 Spe  <br />Jolly Nature  <br />- Play Rough  <br />- Thunder Wave  <br />- Earthquake  <br />- Encore  <br /><br /></details></div>
|l|☆PokemonGT7
|player|p1|
|l| got_the_hacks
|l|☆shaurya711
|player|p2|
|j| Albrtix
|l| Albrtix
|l| Ahosora
|j| The impimp
