|j|‽Wellez
|j|☆Obito 2001
|t:|1757935716
|gametype|singles
|player|p1|Wellez|1|1496
|player|p2|Obito 2001|blue-gen3two|1535
|gen|9
|tier|[Gen 9] OU
|rated|
|rule|HP Percentage Mod: HP is shown in percentages
|rule|Endless Battle Clause: Forcing endless battles is banned
|rule|Species Clause: Limit one of each Pokémon
|rule|OHKO Clause: OHKO moves are banned
|rule|Evasion Items Clause: Evasion items are banned
|rule|Evasion Moves Clause: Evasion moves are banned
|rule|Evasion Abilities Clause: Evasion abilities are banned
|rule|Sleep Moves Clause: Sleep-inducing moves are banned
|clearpoke
|poke|p1|Cinderace, M|
|poke|p1|Zapdos|
|poke|p1|Great Tusk|
|poke|p1|Darkrai|
|poke|p1|Alomomola, F|
|poke|p1|Primeape, M|
|poke|p2|Great Tusk|
|poke|p2|Garganacl, F|
|poke|p2|Corviknight, F|
|poke|p2|Slowking-Galar, M|
|poke|p2|Kyurem|
|poke|p2|Deoxys-Speed|
|teampreview
|inactive|Battle timer is ON: inactive players will automatically lose when time's up. (requested by Obito 2001)
|
|t:|1757935729
|teamsize|p1|6
|teamsize|p2|6
|start
|switch|p1a: Alomomola|Alomomola, F|100/100
|switch|p2a: Deoxys|Deoxys-Speed, shiny|100/100
|-ability|p2a: Deoxys|Pressure
|turn|1
|inactive|Obito 2001 has 120 seconds left.
|inactive|Obito 2001 has 90 seconds left.
|inactive|Obito 2001 has 60 seconds left.
|
|t:|1757935821
|move|p2a: Deoxys|Stealth Rock|p1a: Alomomola
|-sidestart|p1: Wellez|move: Stealth Rock
|move|p1a: Alomomola|Scald|p2a: Deoxys
|-damage|p2a: Deoxys|78/100
|
|upkeep
|turn|2
|
|t:|1757935832
|switch|p2a: Ban Zamazenta|Slowking-Galar, M|100/100
|switch|p1a: Zapdos|Zapdos, shiny|100/100
|
|upkeep
|turn|3
|
|t:|1757935839
|move|p1a: Zapdos|Volt Switch|p2a: Ban Zamazenta
|-damage|p2a: Ban Zamazenta|83/100
|
|t:|1757935843
|switch|p1a: Alomomola|Alomomola, F|100/100|[from] Volt Switch
|-damage|p1a: Alomomola|88/100|[from] Stealth Rock
|-prepare|p2a: Ban Zamazenta|Chilly Reception|[premajor]
|move|p2a: Ban Zamazenta|Chilly Reception|p2a: Ban Zamazenta
|-weather|Snowscape
|inactive|Obito 2001 has 60 seconds left.
|
|t:|1757935865
|switch|p2a: Ban Wogerpon|Garganacl, F|100/100|[from] Chilly Reception
|
|-weather|Snowscape|[upkeep]
|-heal|p1a: Alomomola|94/100|[from] item: Leftovers
|upkeep
|turn|4
|
|t:|1757935872
|move|p1a: Alomomola|Flip Turn|p2a: Ban Wogerpon
|-supereffective|p2a: Ban Wogerpon
|-damage|p2a: Ban Wogerpon|80/100
|
|t:|1757935876
|switch|p1a: Primeape|Primeape, M|100/100|[from] Flip Turn
|-damage|p1a: Primeape|95/100|[from] Stealth Rock
|move|p2a: Ban Wogerpon|Salt Cure|p1a: Primeape
|-resisted|p1a: Primeape
|-damage|p1a: Primeape|88/100
|-start|p1a: Primeape|Salt Cure
|
|-weather|Snowscape|[upkeep]
|-heal|p2a: Ban Wogerpon|86/100|[from] item: Leftovers
|-damage|p1a: Primeape|76/100|[from] Salt Cure
|upkeep
|turn|5
|
|t:|1757935893
|switch|p1a: Great Tusk|Great Tusk|100/100
|-damage|p1a: Great Tusk|98/100|[from] Stealth Rock
|move|p2a: Ban Wogerpon|Recover|p2a: Ban Wogerpon
|-heal|p2a: Ban Wogerpon|100/100
|
|-weather|Snowscape|[upkeep]
|-heal|p1a: Great Tusk|100/100|[from] item: Leftovers
|upkeep
|turn|6
|
|t:|1757935900
|move|p1a: Great Tusk|Rapid Spin|p2a: Ban Wogerpon
|-resisted|p2a: Ban Wogerpon
|-damage|p2a: Ban Wogerpon|96/100
|-boost|p1a: Great Tusk|spe|1
|-sideend|p1: Wellez|Stealth Rock|[from] move: Rapid Spin|[of] p1a: Great Tusk
|move|p2a: Ban Wogerpon|Salt Cure|p1a: Great Tusk
|-resisted|p1a: Great Tusk
|-damage|p1a: Great Tusk|99/100
|-start|p1a: Great Tusk|Salt Cure
|
|-weather|Snowscape|[upkeep]
|-heal|p1a: Great Tusk|100/100|[from] item: Leftovers
|-heal|p2a: Ban Wogerpon|100/100|[from] item: Leftovers
|-damage|p1a: Great Tusk|88/100|[from] Salt Cure
|upkeep
|turn|7
|
|t:|1757935906
|switch|p2a: Ban Gliscor please|Corviknight, F|100/100
|-ability|p2a: Ban Gliscor please|Pressure
|move|p1a: Great Tusk|Knock Off|p2a: Ban Gliscor please
|-damage|p2a: Ban Gliscor please|85/100
|-damage|p1a: Great Tusk|71/100|[from] item: Rocky Helmet|[of] p2a: Ban Gliscor please
|-enditem|p2a: Ban Gliscor please|Rocky Helmet|[from] move: Knock Off|[of] p1a: Great Tusk
|
|-weather|none
|-heal|p1a: Great Tusk|78/100|[from] item: Leftovers
|-damage|p1a: Great Tusk|65/100|[from] Salt Cure
|upkeep
|turn|8
|
|t:|1757935912
|-end|p1a: Great Tusk|Protosynthesis|[silent]
|switch|p1a: Primeape|Primeape, M|76/100
|move|p2a: Ban Gliscor please|U-turn|p1a: Primeape
|-resisted|p1a: Primeape
|-damage|p1a: Primeape|70/100
|
|t:|1757935918
|switch|p2a: Deoxys|Deoxys-Speed, shiny|78/100|[from] U-turn
|-ability|p2a: Deoxys|Pressure
|
|upkeep
|turn|9
|
|t:|1757935921
|switch|p1a: Alomomola|Alomomola, F|100/100
|move|p2a: Deoxys|Psycho Boost|p1a: Alomomola
|-damage|p1a: Alomomola|56/100
|-unboost|p2a: Deoxys|spa|2
|-enditem|p2a: Deoxys|Eject Pack
|
|t:|1757935924
|switch|p2a: Ban Wogerpon|Garganacl, F|100/100
|
|-heal|p1a: Alomomola|62/100|[from] item: Leftovers
|upkeep
|turn|10
|
|t:|1757935929
|move|p1a: Alomomola|Wish|p1a: Alomomola
|move|p2a: Ban Wogerpon|Salt Cure|p1a: Alomomola
|-damage|p1a: Alomomola|50/100
|-start|p1a: Alomomola|Salt Cure
|
|-heal|p1a: Alomomola|56/100|[from] item: Leftovers
|-damage|p1a: Alomomola|31/100|[from] Salt Cure
|upkeep
|turn|11
|
|t:|1757935935
|move|p1a: Alomomola|Flip Turn|p2a: Ban Wogerpon
|-supereffective|p2a: Ban Wogerpon
|-damage|p2a: Ban Wogerpon|78/100
|
|t:|1757935938
|switch|p1a: Primeape|Primeape, M|70/100|[from] Flip Turn
|move|p2a: Ban Wogerpon|Salt Cure|p1a: Primeape
|-resisted|p1a: Primeape
|-damage|p1a: Primeape|63/100
|-start|p1a: Primeape|Salt Cure
|
|-heal|p1a: Primeape|100/100|[from] move: Wish|[wisher] Alomomola
|-heal|p2a: Ban Wogerpon|84/100|[from] item: Leftovers
|-damage|p1a: Primeape|88/100|[from] Salt Cure
|upkeep
|turn|12
|
|t:|1757935951
|move|p1a: Primeape|Drain Punch|p2a: Ban Wogerpon
|-supereffective|p2a: Ban Wogerpon
|-damage|p2a: Ban Wogerpon|50/100
|-heal|p1a: Primeape|100/100|[from] drain|[of] p2a: Ban Wogerpon
|move|p2a: Ban Wogerpon|Curse|p2a: Ban Wogerpon
|-unboost|p2a: Ban Wogerpon|spe|1
|-boost|p2a: Ban Wogerpon|atk|1
|-boost|p2a: Ban Wogerpon|def|1
|
|-heal|p2a: Ban Wogerpon|56/100|[from] item: Leftovers
|-damage|p1a: Primeape|88/100|[from] Salt Cure
|upkeep
|turn|13
|
|t:|1757935959
|move|p1a: Primeape|Drain Punch|p2a: Ban Wogerpon
|-supereffective|p2a: Ban Wogerpon
|-damage|p2a: Ban Wogerpon|35/100
|-heal|p1a: Primeape|100/100|[from] drain|[of] p2a: Ban Wogerpon
|move|p2a: Ban Wogerpon|Recover|p2a: Ban Wogerpon
|-heal|p2a: Ban Wogerpon|85/100
|
|-heal|p2a: Ban Wogerpon|91/100|[from] item: Leftovers
|-damage|p1a: Primeape|88/100|[from] Salt Cure
|upkeep
|turn|14
|
|t:|1757935964
|move|p1a: Primeape|Bulk Up|p1a: Primeape
|-boost|p1a: Primeape|atk|1
|-boost|p1a: Primeape|def|1
|move|p2a: Ban Wogerpon|Curse|p2a: Ban Wogerpon
|-unboost|p2a: Ban Wogerpon|spe|1
|-boost|p2a: Ban Wogerpon|atk|1
|-boost|p2a: Ban Wogerpon|def|1
|
|-heal|p2a: Ban Wogerpon|97/100|[from] item: Leftovers
|-damage|p1a: Primeape|76/100|[from] Salt Cure
|upkeep
|turn|15
|
|t:|1757935972
|move|p1a: Primeape|Rage Fist|p2a: Ban Wogerpon
|-damage|p2a: Ban Wogerpon|85/100
|move|p2a: Ban Wogerpon|Curse|p2a: Ban Wogerpon
|-unboost|p2a: Ban Wogerpon|spe|1
|-boost|p2a: Ban Wogerpon|atk|1
|-boost|p2a: Ban Wogerpon|def|1
|
|-heal|p2a: Ban Wogerpon|91/100|[from] item: Leftovers
|-damage|p1a: Primeape|64/100|[from] Salt Cure
|upkeep
|turn|16
|
|t:|1757935983
|move|p1a: Primeape|Bulk Up|p1a: Primeape
|-boost|p1a: Primeape|atk|1
|-boost|p1a: Primeape|def|1
|move|p2a: Ban Wogerpon|Curse|p2a: Ban Wogerpon
|-unboost|p2a: Ban Wogerpon|spe|1
|-boost|p2a: Ban Wogerpon|atk|1
|-boost|p2a: Ban Wogerpon|def|1
|
|-heal|p2a: Ban Wogerpon|97/100|[from] item: Leftovers
|-damage|p1a: Primeape|51/100|[from] Salt Cure
|upkeep
|turn|17
|
|t:|1757935988
|move|p1a: Primeape|Drain Punch|p2a: Ban Wogerpon
|-supereffective|p2a: Ban Wogerpon
|-damage|p2a: Ban Wogerpon|74/100
|-heal|p1a: Primeape|66/100|[from] drain|[of] p2a: Ban Wogerpon
|move|p2a: Ban Wogerpon|Curse|p2a: Ban Wogerpon
|-unboost|p2a: Ban Wogerpon|spe|1
|-boost|p2a: Ban Wogerpon|atk|1
|-boost|p2a: Ban Wogerpon|def|1
|
|-heal|p2a: Ban Wogerpon|80/100|[from] item: Leftovers
|-damage|p1a: Primeape|53/100|[from] Salt Cure
|upkeep
|turn|18
|
|t:|1757935995
|move|p1a: Primeape|Bulk Up|p1a: Primeape
|-boost|p1a: Primeape|atk|1
|-boost|p1a: Primeape|def|1
|move|p2a: Ban Wogerpon|Curse|p2a: Ban Wogerpon
|-unboost|p2a: Ban Wogerpon|spe|1
|-boost|p2a: Ban Wogerpon|atk|1
|-boost|p2a: Ban Wogerpon|def|1
|
|-heal|p2a: Ban Wogerpon|86/100|[from] item: Leftovers
|-damage|p1a: Primeape|41/100|[from] Salt Cure
|upkeep
|turn|19
|
|t:|1757936003
|move|p1a: Primeape|Bulk Up|p1a: Primeape
|-boost|p1a: Primeape|atk|1
|-boost|p1a: Primeape|def|1
|move|p2a: Ban Wogerpon|Earthquake|p1a: Primeape
|-damage|p1a: Primeape|7/100
|
|-heal|p2a: Ban Wogerpon|92/100|[from] item: Leftovers
|-damage|p1a: Primeape|0 fnt|[from] Salt Cure
|faint|p1a: Primeape
|upkeep
|
|t:|1757936014
|switch|p1a: Darkrai|Darkrai|100/100
|turn|20
|
|t:|1757936021
|move|p1a: Darkrai|Dark Pulse|p2a: Ban Wogerpon
|-damage|p2a: Ban Wogerpon|62/100
|move|p2a: Ban Wogerpon|Salt Cure|p1a: Darkrai
|-damage|p1a: Darkrai|34/100
|-start|p1a: Darkrai|Salt Cure
|
|-heal|p2a: Ban Wogerpon|68/100|[from] item: Leftovers
|-damage|p1a: Darkrai|21/100|[from] Salt Cure
|upkeep
|turn|21
|
|t:|1757936027
|move|p1a: Darkrai|Dark Pulse|p2a: Ban Wogerpon
|-damage|p2a: Ban Wogerpon|41/100
|move|p2a: Ban Wogerpon|Recover|p2a: Ban Wogerpon
|-heal|p2a: Ban Wogerpon|91/100
|
|-heal|p2a: Ban Wogerpon|97/100|[from] item: Leftovers
|-damage|p1a: Darkrai|9/100|[from] Salt Cure
|upkeep
|turn|22
|-message|Wellez forfeited.
|
|win|Obito 2001
|raw|Wellez's rating: 1496 &rarr; <strong>1478</strong><br />(-18 for losing)
|raw|Obito 2001's rating: 1535 &rarr; <strong>1553</strong><br />(+18 for winning)
|l|‽Wellez
|player|p1|
