|j|☆LegendaryStranger
|j|☆maggie132
|t:|1757939154
|gametype|singles
|player|p1|LegendaryStranger|hiker-gen4|1077
|player|p2|maggie132|265|1096
|gen|9
|tier|[Gen 9] OU
|rated|
|rule|HP Percentage Mod: HP is shown in percentages
|rule|Endless Battle Clause: Forcing endless battles is banned
|rule|Species Clause: Limit one of each Pokémon
|rule|OHKO Clause: OHKO moves are banned
|rule|Evasion Items Clause: Evasion items are banned
|rule|Evasion Moves Clause: Evasion moves are banned
|rule|Evasion Abilities Clause: Evasion abilities are banned
|rule|Sleep Moves Clause: Sleep-inducing moves are banned
|clearpoke
|poke|p1|Regirock|
|poke|p1|Kingambit, M|
|poke|p1|Maushold-Four|
|poke|p1|Falinks|
|poke|p1|Ceruledge, M|
|poke|p1|Toxtricity-Low-Key, M|
|poke|p2|Ninetales-Alola, F|
|poke|p2|Zapdos|
|poke|p2|Garchomp, M|
|poke|p2|Kingambit, M|
|poke|p2|Quaquaval, F|
|poke|p2|Salazzle, F|
|teampreview
|inactive|Battle timer is ON: inactive players will automatically lose when time's up. (requested by maggie132)
|
|t:|1757939168
|teamsize|p1|6
|teamsize|p2|6
|start
|switch|p1a: butt beads|Falinks, shiny|100/100
|switch|p2a: Quaquaval|Quaquaval, F, shiny|100/100
|turn|1
|
|t:|1757939176
|move|p2a: Quaquaval|Aqua Step|p1a: butt beads
|-damage|p1a: butt beads|53/100
|-boost|p2a: Quaquaval|spe|1
|move|p1a: butt beads|No Retreat|p1a: butt beads
|-boost|p1a: butt beads|atk|1
|-boost|p1a: butt beads|def|1
|-boost|p1a: butt beads|spa|1
|-boost|p1a: butt beads|spd|1
|-boost|p1a: butt beads|spe|1
|-start|p1a: butt beads|move: No Retreat
|
|upkeep
|turn|2
|
|t:|1757939184
|-terastallize|p1a: butt beads|Fighting
|move|p2a: Quaquaval|Close Combat|p1a: butt beads
|-damage|p1a: butt beads|7/100
|-unboost|p2a: Quaquaval|def|1
|-unboost|p2a: Quaquaval|spd|1
|move|p1a: butt beads|Focus Blast|p2a: Quaquaval|[miss]
|-miss|p1a: butt beads|p2a: Quaquaval
|
|upkeep
|turn|3
|
|t:|1757939191
|move|p2a: Quaquaval|Brave Bird|p1a: butt beads
|-supereffective|p1a: butt beads
|-damage|p1a: butt beads|0 fnt
|faint|p1a: butt beads
|-ability|p2a: Quaquaval|Moxie|boost
|-boost|p2a: Quaquaval|atk|1
|-damage|p2a: Quaquaval|99/100|[from] Recoil
|
|upkeep
|c|☆LegendaryStranger|damn
|
|t:|1757939197
|switch|p1a: LlllOooooWwww|Toxtricity-Low-Key, M, shiny|100/100
|turn|4
|
|t:|1757939206
|move|p2a: Quaquaval|Triple Axel|p1a: LlllOooooWwww
|-damage|p1a: LlllOooooWwww|86/100
|-damage|p1a: LlllOooooWwww|58/100
|-damage|p1a: LlllOooooWwww|15/100
|-hitcount|p1a: LlllOooooWwww|3
|move|p1a: LlllOooooWwww|Overdrive|p2a: Quaquaval
|-supereffective|p2a: Quaquaval
|-damage|p2a: Quaquaval|0 fnt
|faint|p2a: Quaquaval
|
|upkeep
|
|t:|1757939214
|switch|p2a: Garchomp|Garchomp, M|100/100
|turn|5
|
|t:|1757939218
|move|p2a: Garchomp|Crunch|p1a: LlllOooooWwww
|-damage|p1a: LlllOooooWwww|0 fnt
|faint|p1a: LlllOooooWwww
|
|upkeep
|
|t:|1757939244
|switch|p1a: I like them BIG|Regirock, shiny|100/100
|-item|p1a: I like them BIG|Air Balloon
|turn|6
|
|t:|1757939252
|-terastallize|p2a: Garchomp|Water
|move|p2a: Garchomp|Liquidation|p1a: I like them BIG
|-supereffective|p1a: I like them BIG
|-damage|p1a: I like them BIG|44/100
|-enditem|p1a: I like them BIG|Air Balloon
|move|p1a: I like them BIG|Iron Defense|p1a: I like them BIG
|-boost|p1a: I like them BIG|def|2
|
|upkeep
|turn|7
|
|t:|1757939263
|move|p2a: Garchomp|Liquidation|p1a: I like them BIG
|-supereffective|p1a: I like them BIG
|-damage|p1a: I like them BIG|14/100
|move|p1a: I like them BIG|Body Press|p2a: Garchomp
|-damage|p2a: Garchomp|39/100
|-damage|p1a: I like them BIG|2/100|[from] ability: Rough Skin|[of] p2a: Garchomp
|
|upkeep
|turn|8
|
|t:|1757939271
|move|p2a: Garchomp|Liquidation|p1a: I like them BIG
|-supereffective|p1a: I like them BIG
|-damage|p1a: I like them BIG|0 fnt
|faint|p1a: I like them BIG
|
|upkeep
|
|t:|1757939275
|switch|p1a: "family"-f&f|Maushold-Four, shiny|100/100
|turn|9
|
|t:|1757939299
|move|p1a: "family"-f&f|Population Bomb|p2a: Garchomp
|-damage|p2a: Garchomp|33/100
|-damage|p1a: "family"-f&f|88/100|[from] ability: Rough Skin|[of] p2a: Garchomp
|-crit|p2a: Garchomp
|-damage|p2a: Garchomp|23/100
|-damage|p1a: "family"-f&f|76/100|[from] ability: Rough Skin|[of] p2a: Garchomp
|-damage|p2a: Garchomp|17/100
|-damage|p1a: "family"-f&f|63/100|[from] ability: Rough Skin|[of] p2a: Garchomp
|-crit|p2a: Garchomp
|-damage|p2a: Garchomp|6/100
|-damage|p1a: "family"-f&f|51/100|[from] ability: Rough Skin|[of] p2a: Garchomp
|-hitcount|p2a: Garchomp|4
|move|p2a: Garchomp|Liquidation|p1a: "family"-f&f
|-damage|p1a: "family"-f&f|0 fnt
|faint|p1a: "family"-f&f
|
|upkeep
|
|t:|1757939311
|switch|p1a: meta knight|Ceruledge, M, shiny|100/100
|turn|10
|
|t:|1757939327
|move|p1a: meta knight|Light Screen|p1a: meta knight
|-sidestart|p1: LegendaryStranger|move: Light Screen
|move|p2a: Garchomp|Liquidation|p1a: meta knight
|-supereffective|p1a: meta knight
|-damage|p1a: meta knight|0 fnt
|faint|p1a: meta knight
|
|upkeep
|c|☆LegendaryStranger|pls let me live with 1 health
|c|☆LegendaryStranger|that's fine
|
|t:|1757939333
|switch|p1a: FOR HONOR|Kingambit, M, shiny|100/100
|-activate|p1a: FOR HONOR|ability: Supreme Overlord
|-start|p1a: FOR HONOR|fallen5|[silent]
|-item|p1a: FOR HONOR|Air Balloon
|turn|11
|
|t:|1757939339
|move|p1a: FOR HONOR|Sucker Punch|p2a: Garchomp
|-damage|p2a: Garchomp|0 fnt
|-damage|p1a: FOR HONOR|88/100|[from] ability: Rough Skin|[of] p2a: Garchomp
|faint|p2a: Garchomp
|
|upkeep
|
|t:|1757939345
|switch|p2a: Salazzle|Salazzle, F, shiny|100/100
|turn|12
|
|t:|1757939349
|move|p2a: Salazzle|Fire Lash|p1a: FOR HONOR
|-supereffective|p1a: FOR HONOR
|-damage|p1a: FOR HONOR|35/100
|-unboost|p1a: FOR HONOR|def|1
|-enditem|p1a: FOR HONOR|Air Balloon
|move|p1a: FOR HONOR|Iron Head|p2a: Salazzle
|-resisted|p2a: Salazzle
|-damage|p2a: Salazzle|43/100
|
|upkeep
|turn|13
|
|t:|1757939358
|move|p2a: Salazzle|Fire Lash|p1a: FOR HONOR
|-supereffective|p1a: FOR HONOR
|-damage|p1a: FOR HONOR|0 fnt
|faint|p1a: FOR HONOR
|-end|p1a: FOR HONOR|fallen5|[silent]
|
|win|maggie132
|raw|LegendaryStranger's rating: 1077 &rarr; <strong>1057</strong><br />(-20 for losing)
|raw|maggie132's rating: 1096 &rarr; <strong>1120</strong><br />(+24 for winning)
|l|☆LegendaryStranger
|player|p1|
|l|☆maggie132
|player|p2|
