|j|☆blabala
|j|☆pranjal singh
|t:|1757848541
|gametype|singles
|player|p1|blabala|brendan-contest|1357
|player|p2|pranjal singh|cyclist-gen4|1378
|gen|9
|tier|[Gen 9] OU
|rated|
|rule|HP Percentage Mod: HP is shown in percentages
|rule|Endless Battle Clause: Forcing endless battles is banned
|rule|Species Clause: Limit one of each Pokémon
|rule|OHKO Clause: OHKO moves are banned
|rule|Evasion Items Clause: Evasion items are banned
|rule|Evasion Moves Clause: Evasion moves are banned
|rule|Evasion Abilities Clause: Evasion abilities are banned
|rule|Sleep Moves Clause: Sleep-inducing moves are banned
|clearpoke
|poke|p1|Torkoal, M|
|poke|p1|Walking Wake|
|poke|p1|Great Tusk|
|poke|p1|Venusaur, M|
|poke|p1|Ceruledge, F|
|poke|p1|Slither Wing|
|poke|p2|Dragonite, F|
|poke|p2|Great Tusk|
|poke|p2|Gengar, M|
|poke|p2|Ribombee, M|
|poke|p2|Iron Crown|
|poke|p2|Darkrai|
|teampreview
|inactive|Battle timer is ON: inactive players will automatically lose when time's up. (requested by pranjal singh)
|
|t:|1757848572
|teamsize|p1|6
|teamsize|p2|6
|start
|switch|p1a: GALACTICA PHANTOM|Great Tusk|100/100
|switch|p2a: Ribombee|Ribombee, M|100/100
|turn|1
|inactive|blabala has 120 seconds left.
|
|t:|1757848619
|move|p1a: GALACTICA PHANTOM|Temper Flare|p2a: Ribombee
|-supereffective|p2a: Ribombee
|-enditem|p2a: Ribombee|Focus Sash
|-damage|p2a: Ribombee|1/100
|move|p2a: Ribombee|Moonblast|p1a: GALACTICA PHANTOM
|-supereffective|p1a: GALACTICA PHANTOM
|-damage|p1a: GALACTICA PHANTOM|0 fnt
|faint|p1a: GALACTICA PHANTOM
|-end|p1a: GALACTICA PHANTOM|Protosynthesis|[silent]
|
|upkeep
|
|t:|1757848628
|switch|p1a: Bugass|Slither Wing|100/100
|turn|2
|inactive|pranjal singh has 120 seconds left.
|
|t:|1757848660
|switch|p2a: Great Tusk|Great Tusk|100/100
|-enditem|p2a: Great Tusk|Booster Energy
|-activate|p2a: Great Tusk|ability: Protosynthesis|[fromitem]
|-start|p2a: Great Tusk|protosynthesisatk
|move|p1a: Bugass|First Impression|p2a: Great Tusk
|-resisted|p2a: Great Tusk
|-damage|p2a: Great Tusk|82/100
|
|upkeep
|turn|3
|inactive|blabala has 120 seconds left.
|
|t:|1757848670
|-end|p1a: Bugass|Protosynthesis|[silent]
|switch|p1a: Kanlaon|Torkoal, M|100/100
|-weather|SunnyDay|[from] ability: Drought|[of] p1a: Kanlaon
|move|p2a: Great Tusk|Temper Flare|p1a: Kanlaon
|-resisted|p1a: Kanlaon
|-damage|p1a: Kanlaon|81/100
|
|-weather|SunnyDay|[upkeep]
|upkeep
|turn|4
|
|t:|1757848677
|switch|p1a: Taal|Walking Wake|100/100
|-activate|p1a: Taal|ability: Protosynthesis
|-start|p1a: Taal|protosynthesisspe
|move|p2a: Great Tusk|Rapid Spin|p1a: Taal
|-damage|p1a: Taal|75/100
|-boost|p2a: Great Tusk|spe|1
|
|-weather|SunnyDay|[upkeep]
|upkeep
|turn|5
|inactive|pranjal singh has 120 seconds left.
|
|t:|1757848707
|-end|p2a: Great Tusk|Protosynthesis|[silent]
|switch|p2a: Ribombee|Ribombee, M|1/100
|move|p1a: Taal|Hydro Steam|p2a: Ribombee
|-damage|p2a: Ribombee|0 fnt
|faint|p2a: Ribombee
|
|-weather|SunnyDay|[upkeep]
|upkeep
|
|t:|1757848713
|switch|p2a: Dragonite|Dragonite, F, shiny|100/100
|turn|6
|
|t:|1757848725
|-terastallize|p2a: Dragonite|Fairy
|move|p1a: Taal|Draco Meteor|p2a: Dragonite
|-immune|p2a: Dragonite
|move|p2a: Dragonite|Tera Blast|p1a: Taal|[anim] Tera Blast Fairy
|-supereffective|p1a: Taal
|-damage|p1a: Taal|0 fnt
|faint|p1a: Taal
|-end|p1a: Taal|Protosynthesis|[silent]
|
|-weather|SunnyDay|[upkeep]
|upkeep
|
|t:|1757848729
|switch|p1a: Maximus decimals|Ceruledge, F|100/100
|turn|7
|
|t:|1757848736
|switch|p1a: Imadiab|Venusaur, M|100/100
|move|p2a: Dragonite|Earthquake|p1a: Imadiab
|-damage|p1a: Imadiab|45/100
|
|-weather|SunnyDay|[upkeep]
|upkeep
|turn|8
|
|t:|1757848747
|move|p1a: Imadiab|Giga Drain|p2a: Dragonite
|-damage|p2a: Dragonite|81/100
|-heal|p1a: Imadiab|58/100|[from] drain|[of] p2a: Dragonite
|-damage|p1a: Imadiab|48/100|[from] item: Life Orb
|move|p2a: Dragonite|Earthquake|p1a: Imadiab
|-crit|p1a: Imadiab
|-damage|p1a: Imadiab|0 fnt
|faint|p1a: Imadiab
|
|-weather|SunnyDay|[upkeep]
|upkeep
|
|t:|1757848766
|switch|p1a: Maximus decimals|Ceruledge, F|100/100
|turn|9
|
|t:|1757848771
|move|p1a: Maximus decimals|Swords Dance|p1a: Maximus decimals
|-boost|p1a: Maximus decimals|atk|2
|move|p2a: Dragonite|Earthquake|p1a: Maximus decimals
|-supereffective|p1a: Maximus decimals
|-enditem|p1a: Maximus decimals|Focus Sash
|-damage|p1a: Maximus decimals|1/100
|-ability|p1a: Maximus decimals|Weak Armor|boost
|-unboost|p1a: Maximus decimals|def|1
|-boost|p1a: Maximus decimals|spe|2
|
|-weather|SunnyDay|[upkeep]
|upkeep
|turn|10
|
|t:|1757848781
|move|p1a: Maximus decimals|Bitter Blade|p2a: Dragonite
|-damage|p2a: Dragonite|0 fnt
|-heal|p1a: Maximus decimals|54/100|[from] drain|[of] p2a: Dragonite
|faint|p2a: Dragonite
|
|-weather|none
|upkeep
|
|t:|1757848792
|switch|p2a: Gengar|Gengar, M|100/100
|turn|11
|
|t:|1757848798
|move|p1a: Maximus decimals|Bitter Blade|p2a: Gengar
|-enditem|p2a: Gengar|Focus Sash
|-damage|p2a: Gengar|1/100
|-heal|p1a: Maximus decimals|99/100|[from] drain|[of] p2a: Gengar
|-start|p1a: Maximus decimals|Disable|Bitter Blade|[from] ability: Cursed Body|[of] p2a: Gengar
|move|p2a: Gengar|Shadow Ball|p1a: Maximus decimals
|-supereffective|p1a: Maximus decimals
|-damage|p1a: Maximus decimals|3/100
|
|upkeep
|turn|12
|
|t:|1757848809
|move|p1a: Maximus decimals|Shadow Sneak|p2a: Gengar
|-supereffective|p2a: Gengar
|-damage|p2a: Gengar|0 fnt
|faint|p2a: Gengar
|
|upkeep
|
|t:|1757848820
|switch|p2a: Great Tusk|Great Tusk|82/100
|turn|13
|
|t:|1757848824
|-terastallize|p1a: Maximus decimals|Fighting
|move|p1a: Maximus decimals|Close Combat|p2a: Great Tusk
|-damage|p2a: Great Tusk|0 fnt
|-unboost|p1a: Maximus decimals|def|1
|-unboost|p1a: Maximus decimals|spd|1
|faint|p2a: Great Tusk
|-end|p2a: Great Tusk|Protosynthesis|[silent]
|
|upkeep
|
|t:|1757848829
|switch|p2a: Darkrai|Darkrai|100/100
|turn|14
|
|t:|1757848832
|move|p1a: Maximus decimals|Close Combat|p2a: Darkrai
|-supereffective|p2a: Darkrai
|-enditem|p2a: Darkrai|Focus Sash
|-damage|p2a: Darkrai|1/100
|-unboost|p1a: Maximus decimals|def|1
|-unboost|p1a: Maximus decimals|spd|1
|move|p2a: Darkrai|Sludge Bomb|p1a: Maximus decimals
|-damage|p1a: Maximus decimals|0 fnt
|faint|p1a: Maximus decimals
|
|upkeep
|
|t:|1757848840
|switch|p1a: Bugass|Slither Wing|100/100
|turn|15
|
|t:|1757848846
|move|p1a: Bugass|First Impression|p2a: Darkrai
|-supereffective|p2a: Darkrai
|-damage|p2a: Darkrai|0 fnt
|faint|p2a: Darkrai
|
|upkeep
|
|t:|1757848849
|switch|p2a: Iron Crown|Iron Crown|100/100
|-enditem|p2a: Iron Crown|Booster Energy
|-activate|p2a: Iron Crown|ability: Quark Drive|[fromitem]
|-start|p2a: Iron Crown|quarkdrivespe
|turn|16
|
|t:|1757848851
|-end|p1a: Bugass|Protosynthesis|[silent]
|switch|p1a: Kanlaon|Torkoal, M|81/100
|-weather|SunnyDay|[from] ability: Drought|[of] p1a: Kanlaon
|move|p2a: Iron Crown|Calm Mind|p2a: Iron Crown
|-boost|p2a: Iron Crown|spa|1
|-boost|p2a: Iron Crown|spd|1
|
|-weather|SunnyDay|[upkeep]
|upkeep
|turn|17
|
|t:|1757848856
|move|p2a: Iron Crown|Stored Power|p1a: Kanlaon
|-damage|p1a: Kanlaon|28/100
|move|p1a: Kanlaon|Earth Power|p2a: Iron Crown
|-supereffective|p2a: Iron Crown
|-damage|p2a: Iron Crown|68/100
|
|-weather|SunnyDay|[upkeep]
|upkeep
|turn|18
|
|t:|1757848863
|move|p2a: Iron Crown|Stored Power|p1a: Kanlaon
|-damage|p1a: Kanlaon|0 fnt
|faint|p1a: Kanlaon
|
|-weather|SunnyDay|[upkeep]
|upkeep
|
|t:|1757848864
|switch|p1a: Bugass|Slither Wing|100/100
|-activate|p1a: Bugass|ability: Protosynthesis
|-start|p1a: Bugass|protosynthesisatk
|turn|19
|
|t:|1757848870
|move|p1a: Bugass|First Impression|p2a: Iron Crown
|-damage|p2a: Iron Crown|9/100
|move|p2a: Iron Crown|Stored Power|p1a: Bugass
|-supereffective|p1a: Bugass
|-damage|p1a: Bugass|46/100
|
|-weather|SunnyDay|[upkeep]
|upkeep
|turn|20
|
|t:|1757848877
|move|p2a: Iron Crown|Stored Power|p1a: Bugass
|-supereffective|p1a: Bugass
|-damage|p1a: Bugass|0 fnt
|faint|p1a: Bugass
|-end|p1a: Bugass|Protosynthesis|[silent]
|
|win|pranjal singh
|raw|blabala's rating: 1357 &rarr; <strong>1338</strong><br />(-19 for losing)
|raw|pranjal singh's rating: 1378 &rarr; <strong>1397</strong><br />(+19 for winning)
|l|☆blabala
|player|p1|
|l|☆pranjal singh
|player|p2|
