|j|☆mandarine061
|j|☆Brimstone1809
|t:|1757857627
|gametype|singles
|player|p1|mandarine061|caitlin|1296
|player|p2|Brimstone1809|169|1253
|gen|9
|tier|[Gen 9] OU
|rated|
|rule|HP Percentage Mod: HP is shown in percentages
|rule|Endless Battle Clause: Forcing endless battles is banned
|rule|Species Clause: Limit one of each Pokémon
|rule|OHKO Clause: OHKO moves are banned
|rule|Evasion Items Clause: Evasion items are banned
|rule|Evasion Moves Clause: Evasion moves are banned
|rule|Evasion Abilities Clause: Evasion abilities are banned
|rule|Sleep Moves Clause: Sleep-inducing moves are banned
|clearpoke
|poke|p1|Primarina, F|
|poke|p1|Pecharunt|
|poke|p1|Dragapult, M|
|poke|p1|Greninja-*, M|
|poke|p1|Great Tusk|
|poke|p1|Rotom-Heat|
|poke|p2|Glimmora, F|
|poke|p2|Garganacl, M|
|poke|p2|Ditto|
|poke|p2|Mew|
|poke|p2|Sableye, F|
|poke|p2|Zoroark-Hisui, M|
|teampreview
|inactive|Battle timer is ON: inactive players will automatically lose when time's up. (requested by Brimstone1809)
|
|t:|1757857668
|teamsize|p1|6
|teamsize|p2|6
|start
|switch|p1a: Great Tusk|Great Tusk|100/100
|switch|p2a: Glimmora|Glimmora, F|100/100
|turn|1
|
|t:|1757857693
|move|p1a: Great Tusk|Earthquake|p2a: Glimmora
|-supereffective|p2a: Glimmora
|-damage|p2a: Glimmora|0 fnt
|-activate|p2a: Glimmora|ability: Toxic Debris
|-sidestart|p1: mandarine061|move: Toxic Spikes
|faint|p2a: Glimmora
|
|upkeep
|
|t:|1757857699
|switch|p2a: Garganacl|Garganacl, M|100/100
|turn|2
|
|t:|1757857704
|move|p2a: Garganacl|Nasty Plot|p2a: Garganacl
|-boost|p2a: Garganacl|spa|2
|move|p1a: Great Tusk|Rapid Spin|p2a: Garganacl
|-immune|p2a: Garganacl
|
|upkeep
|turn|3
|
|t:|1757857711
|-end|p1a: Great Tusk|Protosynthesis|[silent]
|switch|p1a: Primarina|Primarina, F|100/100
|-status|p1a: Primarina|psn
|move|p2a: Garganacl|Shadow Ball|p1a: Primarina
|-damage|p1a: Primarina|57/100 psn
|
|-damage|p1a: Primarina|44/100 psn|[from] psn
|upkeep
|turn|4
|
|t:|1757857725
|move|p2a: Garganacl|Hyper Voice|p1a: Primarina
|-damage|p1a: Primarina|0 fnt
|faint|p1a: Primarina
|
|upkeep
|
|t:|1757857745
|switch|p1a: Dragapult|Dragapult, M|100/100
|turn|5
|
|t:|1757857751
|move|p1a: Dragapult|Draco Meteor|p2a: Garganacl|[miss]
|-miss|p1a: Dragapult|p2a: Garganacl
|move|p2a: Garganacl|Shadow Ball|p1a: Dragapult
|-supereffective|p1a: Dragapult
|-damage|p1a: Dragapult|0 fnt
|faint|p1a: Dragapult
|
|upkeep
|c|☆Brimstone1809|teehee
|
|t:|1757857760
|switch|p1a: Greninja|Greninja, M|100/100
|-status|p1a: Greninja|psn
|turn|6
|
|t:|1757857765
|move|p1a: Greninja|Dark Pulse|p2a: Garganacl
|-supereffective|p2a: Garganacl
|-enditem|p2a: Garganacl|Focus Sash
|-damage|p2a: Garganacl|1/100
|replace|p2a: Zoroark|Zoroark-Hisui, M
|-end|p2a: Zoroark|Illusion
|-damage|p1a: Greninja|91/100 psn|[from] item: Life Orb
|move|p2a: Zoroark|Focus Blast|p1a: Greninja
|-supereffective|p1a: Greninja
|-damage|p1a: Greninja|0 fnt
|faint|p1a: Greninja
|
|upkeep
|
|t:|1757857778
|switch|p1a: Rotom|Rotom-Heat|100/100
|turn|7
|
|t:|1757857783
|move|p1a: Rotom|Volt Switch|p2a: Zoroark
|-damage|p2a: Zoroark|0 fnt
|faint|p2a: Zoroark
|
|t:|1757857787
|switch|p1a: Pecharunt|Pecharunt|100/100|[from] Volt Switch
|-sideend|p1: mandarine061|move: Toxic Spikes|[of] p1a: Pecharunt
|
|upkeep
|
|t:|1757857797
|switch|p2a: Garganacl|Garganacl, M|100/100
|turn|8
|
|t:|1757857805
|move|p1a: Pecharunt|Malignant Chain|p2a: Garganacl
|-resisted|p2a: Garganacl
|-damage|p2a: Garganacl|81/100
|move|p2a: Garganacl|Salt Cure|p1a: Pecharunt
|-damage|p1a: Pecharunt|91/100
|-start|p1a: Pecharunt|Salt Cure
|
|-heal|p2a: Garganacl|88/100|[from] item: Leftovers
|-damage|p1a: Pecharunt|79/100|[from] Salt Cure
|upkeep
|turn|9
|
|t:|1757857815
|move|p1a: Pecharunt|Parting Shot|p2a: Garganacl
|-unboost|p2a: Garganacl|atk|1
|-unboost|p2a: Garganacl|spa|1
|
|t:|1757857819
|switch|p1a: Great Tusk|Great Tusk|100/100|[from] Parting Shot
|move|p2a: Garganacl|Iron Defense|p2a: Garganacl
|-boost|p2a: Garganacl|def|2
|
|-heal|p2a: Garganacl|94/100|[from] item: Leftovers
|upkeep
|turn|10
|
|t:|1757857831
|-terastallize|p2a: Garganacl|Dragon
|move|p1a: Great Tusk|Earthquake|p2a: Garganacl
|-damage|p2a: Garganacl|79/100
|move|p2a: Garganacl|Iron Defense|p2a: Garganacl
|-boost|p2a: Garganacl|def|2
|
|-heal|p2a: Garganacl|85/100|[from] item: Leftovers
|upkeep
|turn|11
|
|t:|1757857848
|-end|p1a: Great Tusk|Protosynthesis|[silent]
|switch|p1a: Pecharunt|Pecharunt|79/100
|move|p2a: Garganacl|Iron Defense|p2a: Garganacl
|-boost|p2a: Garganacl|def|2
|
|-heal|p2a: Garganacl|91/100|[from] item: Leftovers
|upkeep
|turn|12
|
|t:|1757857859
|move|p1a: Pecharunt|Malignant Chain|p2a: Garganacl
|-damage|p2a: Garganacl|56/100
|move|p2a: Garganacl|Salt Cure|p1a: Pecharunt
|-damage|p1a: Pecharunt|73/100
|-start|p1a: Pecharunt|Salt Cure
|
|-heal|p2a: Garganacl|62/100|[from] item: Leftovers
|-damage|p1a: Pecharunt|61/100|[from] Salt Cure
|upkeep
|turn|13
|
|t:|1757857870
|move|p1a: Pecharunt|Malignant Chain|p2a: Garganacl
|-damage|p2a: Garganacl|28/100
|move|p2a: Garganacl|Recover|p2a: Garganacl
|-heal|p2a: Garganacl|78/100
|
|-heal|p2a: Garganacl|84/100|[from] item: Leftovers
|-damage|p1a: Pecharunt|48/100|[from] Salt Cure
|upkeep
|turn|14
|
|t:|1757857883
|move|p1a: Pecharunt|Recover|p1a: Pecharunt
|-heal|p1a: Pecharunt|98/100
|move|p2a: Garganacl|Salt Cure|p1a: Pecharunt
|-damage|p1a: Pecharunt|93/100
|
|-heal|p2a: Garganacl|90/100|[from] item: Leftovers
|-damage|p1a: Pecharunt|80/100|[from] Salt Cure
|upkeep
|turn|15
|
|t:|1757857894
|move|p1a: Pecharunt|Malignant Chain|p2a: Garganacl
|-damage|p2a: Garganacl|52/100
|move|p2a: Garganacl|Salt Cure|p1a: Pecharunt
|-crit|p1a: Pecharunt
|-damage|p1a: Pecharunt|67/100
|
|-heal|p2a: Garganacl|58/100|[from] item: Leftovers
|-damage|p1a: Pecharunt|54/100|[from] Salt Cure
|upkeep
|turn|16
|
|t:|1757857904
|move|p1a: Pecharunt|Malignant Chain|p2a: Garganacl
|-damage|p2a: Garganacl|18/100
|move|p2a: Garganacl|Recover|p2a: Garganacl
|-heal|p2a: Garganacl|69/100
|
|-heal|p2a: Garganacl|75/100|[from] item: Leftovers
|-damage|p1a: Pecharunt|42/100|[from] Salt Cure
|upkeep
|turn|17
|
|t:|1757857916
|move|p1a: Pecharunt|Malignant Chain|p2a: Garganacl
|-damage|p2a: Garganacl|40/100
|move|p2a: Garganacl|Recover|p2a: Garganacl
|-heal|p2a: Garganacl|90/100
|
|-heal|p2a: Garganacl|96/100|[from] item: Leftovers
|-damage|p1a: Pecharunt|30/100|[from] Salt Cure
|upkeep
|turn|18
|
|t:|1757857928
|move|p1a: Pecharunt|Recover|p1a: Pecharunt
|-heal|p1a: Pecharunt|80/100
|move|p2a: Garganacl|Salt Cure|p1a: Pecharunt
|-damage|p1a: Pecharunt|74/100
|
|-heal|p2a: Garganacl|100/100|[from] item: Leftovers
|-damage|p1a: Pecharunt|62/100|[from] Salt Cure
|upkeep
|turn|19
|
|t:|1757857939
|move|p1a: Pecharunt|Malignant Chain|p2a: Garganacl
|-damage|p2a: Garganacl|60/100
|move|p2a: Garganacl|Salt Cure|p1a: Pecharunt
|-damage|p1a: Pecharunt|56/100
|
|-heal|p2a: Garganacl|66/100|[from] item: Leftovers
|-damage|p1a: Pecharunt|44/100|[from] Salt Cure
|upkeep
|turn|20
|
|t:|1757857949
|move|p1a: Pecharunt|Malignant Chain|p2a: Garganacl
|-damage|p2a: Garganacl|30/100
|move|p2a: Garganacl|Recover|p2a: Garganacl
|-heal|p2a: Garganacl|80/100
|
|-heal|p2a: Garganacl|86/100|[from] item: Leftovers
|-damage|p1a: Pecharunt|32/100|[from] Salt Cure
|upkeep
|turn|21
|
|t:|1757857961
|move|p1a: Pecharunt|Recover|p1a: Pecharunt
|-heal|p1a: Pecharunt|82/100
|move|p2a: Garganacl|Salt Cure|p1a: Pecharunt
|-damage|p1a: Pecharunt|76/100
|
|-heal|p2a: Garganacl|93/100|[from] item: Leftovers
|-damage|p1a: Pecharunt|63/100|[from] Salt Cure
|upkeep
|turn|22
|
|t:|1757857974
|move|p1a: Pecharunt|Hex|p2a: Garganacl
|-damage|p2a: Garganacl|81/100
|move|p2a: Garganacl|Salt Cure|p1a: Pecharunt
|-damage|p1a: Pecharunt|58/100
|
|-heal|p2a: Garganacl|87/100|[from] item: Leftovers
|-damage|p1a: Pecharunt|45/100|[from] Salt Cure
|upkeep
|turn|23
|
|t:|1757857986
|move|p1a: Pecharunt|Recover|p1a: Pecharunt
|-heal|p1a: Pecharunt|95/100
|move|p2a: Garganacl|Salt Cure|p1a: Pecharunt
|-damage|p1a: Pecharunt|90/100
|
|-heal|p2a: Garganacl|93/100|[from] item: Leftovers
|-damage|p1a: Pecharunt|77/100|[from] Salt Cure
|upkeep
|turn|24
|
|t:|1757858002
|move|p1a: Pecharunt|Hex|p2a: Garganacl
|-damage|p2a: Garganacl|82/100
|move|p2a: Garganacl|Salt Cure|p1a: Pecharunt
|-damage|p1a: Pecharunt|71/100
|
|-heal|p2a: Garganacl|88/100|[from] item: Leftovers
|-damage|p1a: Pecharunt|59/100|[from] Salt Cure
|upkeep
|turn|25
|
|t:|1757858013
|move|p1a: Pecharunt|Parting Shot|p2a: Garganacl
|-unboost|p2a: Garganacl|atk|1
|-unboost|p2a: Garganacl|spa|1
|
|t:|1757858018
|switch|p1a: Rotom|Rotom-Heat|100/100|[from] Parting Shot
|move|p2a: Garganacl|Salt Cure|p1a: Rotom
|-supereffective|p1a: Rotom
|-damage|p1a: Rotom|81/100
|-start|p1a: Rotom|Salt Cure
|
|-heal|p2a: Garganacl|94/100|[from] item: Leftovers
|-damage|p1a: Rotom|68/100|[from] Salt Cure
|upkeep
|turn|26
|
|t:|1757858027
|move|p1a: Rotom|Trick|p2a: Garganacl
|-activate|p1a: Rotom|move: Trick|[of] p2a: Garganacl
|-item|p2a: Garganacl|Choice Scarf|[from] move: Trick
|-item|p1a: Rotom|Leftovers|[from] move: Trick
|move|p2a: Garganacl|Body Press|p1a: Rotom
|-crit|p1a: Rotom
|-damage|p1a: Rotom|0 fnt
|faint|p1a: Rotom
|
|upkeep
|
|t:|1757858035
|switch|p1a: Pecharunt|Pecharunt|59/100
|turn|27
|
|t:|1757858039
|switch|p2a: Mew|Mew|100/100
|move|p1a: Pecharunt|Hex|p2a: Mew
|-supereffective|p2a: Mew
|-damage|p2a: Mew|63/100
|
|-heal|p2a: Mew|69/100|[from] item: Leftovers
|upkeep
|turn|28
|-message|mandarine061 forfeited.
|
|win|Brimstone1809
|raw|mandarine061's rating: 1296 &rarr; <strong>1268</strong><br />(-28 for losing)
|raw|Brimstone1809's rating: 1253 &rarr; <strong>1281</strong><br />(+28 for winning)
|l|☆mandarine061
|player|p1|
|l|☆Brimstone1809
|player|p2|
