|j|☆skater66
|j|☆fuatchable
|t:|1757842719
|gametype|singles
|player|p1|skater66|101|1295
|player|p2|fuatchable|benga|1317
|gen|9
|tier|[Gen 9] OU
|rated|
|rule|HP Percentage Mod: HP is shown in percentages
|rule|Endless Battle Clause: Forcing endless battles is banned
|rule|Species Clause: Limit one of each Pokémon
|rule|OHKO Clause: OHKO moves are banned
|rule|Evasion Items Clause: Evasion items are banned
|rule|Evasion Moves Clause: Evasion moves are banned
|rule|Evasion Abilities Clause: Evasion abilities are banned
|rule|Sleep Moves Clause: Sleep-inducing moves are banned
|clearpoke
|poke|p1|Porygon2|
|poke|p1|Pecharunt|
|poke|p1|Cloyster, F|
|poke|p1|Ditto|
|poke|p1|Samurott-Hisui, F|
|poke|p1|Mew|
|poke|p2|Lilligant-Hisui, F|
|poke|p2|Typhlosion-Hisui, M|
|poke|p2|Torkoal, M|
|poke|p2|Iron Boulder|
|poke|p2|Kommo-o, F|
|poke|p2|Scream Tail|
|teampreview
|
|t:|1757842725
|teamsize|p1|6
|teamsize|p2|6
|start
|switch|p1a: Samurott|Samurott-Hisui, F|100/100
|switch|p2a: Setter|Torkoal, M, shiny|100/100
|-weather|SunnyDay|[from] ability: Drought|[of] p2a: Setter
|turn|1
|inactive|Battle timer is ON: inactive players will automatically lose when time's up. (requested by skater66)
|
|t:|1757842733
|move|p1a: Samurott|Flip Turn|p2a: Setter
|-supereffective|p2a: Setter
|-damage|p2a: Setter|83/100
|
|t:|1757842737
|switch|p1a: Cloyster|Cloyster, F|100/100|[from] Flip Turn
|move|p2a: Setter|Stealth Rock|p1a: Cloyster
|-sidestart|p1: skater66|move: Stealth Rock
|
|-weather|SunnyDay|[upkeep]
|upkeep
|turn|2
|
|t:|1757842747
|move|p1a: Cloyster|Shell Smash|p1a: Cloyster
|-unboost|p1a: Cloyster|def|1
|-unboost|p1a: Cloyster|spd|1
|-boost|p1a: Cloyster|atk|2
|-boost|p1a: Cloyster|spa|2
|-boost|p1a: Cloyster|spe|2
|move|p2a: Setter|Lava Plume|p1a: Cloyster
|-enditem|p1a: Cloyster|Focus Sash
|-damage|p1a: Cloyster|1/100
|
|-weather|SunnyDay|[upkeep]
|upkeep
|turn|3
|
|t:|1757842768
|move|p1a: Cloyster|Rock Blast|p2a: Setter
|-supereffective|p2a: Setter
|-damage|p2a: Setter|63/100
|-supereffective|p2a: Setter
|-damage|p2a: Setter|42/100
|-supereffective|p2a: Setter
|-damage|p2a: Setter|22/100
|-supereffective|p2a: Setter
|-damage|p2a: Setter|1/100
|-supereffective|p2a: Setter
|-damage|p2a: Setter|0 fnt
|faint|p2a: Setter
|-hitcount|p2: Setter|5
|
|-weather|SunnyDay|[upkeep]
|upkeep
|inactive|fuatchable has 120 seconds left.
|
|t:|1757842788
|switch|p2a: nuke|Typhlosion-Hisui, M, shiny|100/100
|turn|4
|
|t:|1757842794
|-terastallize|p2a: nuke|Fire
|move|p1a: Cloyster|Rock Blast|p2a: nuke
|-supereffective|p2a: nuke
|-damage|p2a: nuke|57/100
|-supereffective|p2a: nuke
|-damage|p2a: nuke|8/100
|-supereffective|p2a: nuke
|-damage|p2a: nuke|0 fnt
|faint|p2a: nuke
|-hitcount|p2: nuke|3
|
|-weather|SunnyDay|[upkeep]
|upkeep
|
|t:|1757842799
|switch|p2a: Blade|Lilligant-Hisui, F|100/100
|turn|5
|
|t:|1757842804
|move|p2a: Blade|Solar Blade||[still]
|-prepare|p2a: Blade|Solar Blade
|-anim|p2a: Blade|Solar Blade|p1a: Cloyster
|-supereffective|p1a: Cloyster
|-damage|p1a: Cloyster|0 fnt
|faint|p1a: Cloyster
|
|-weather|SunnyDay|[upkeep]
|upkeep
|
|t:|1757842814
|switch|p1a: Mew|Mew|100/100
|-damage|p1a: Mew|88/100|[from] Stealth Rock
|turn|6
|
|t:|1757842828
|move|p2a: Blade|Victory Dance|p2a: Blade
|-boost|p2a: Blade|atk|1
|-boost|p2a: Blade|def|1
|-boost|p2a: Blade|spe|1
|move|p1a: Mew|Future Sight|p2a: Blade
|-start|p1a: Mew|move: Future Sight
|
|-weather|SunnyDay|[upkeep]
|upkeep
|turn|7
|
|t:|1757842855
|move|p2a: Blade|Solar Blade||[still]
|-prepare|p2a: Blade|Solar Blade
|-anim|p2a: Blade|Solar Blade|p1a: Mew
|-damage|p1a: Mew|0 fnt
|faint|p1a: Mew
|
|-weather|SunnyDay|[upkeep]
|upkeep
|inactive|skater66 has 120 seconds left.
|
|t:|1757842866
|switch|p1a: Pecharunt|Pecharunt|100/100
|turn|8
|
|t:|1757842875
|switch|p2a: Iron Boulder|Iron Boulder|100/100
|-enditem|p2a: Iron Boulder|Booster Energy
|-activate|p2a: Iron Boulder|ability: Quark Drive|[fromitem]
|-start|p2a: Iron Boulder|quarkdrivespe
|move|p1a: Pecharunt|Malignant Chain|p2a: Iron Boulder
|-resisted|p2a: Iron Boulder
|-damage|p2a: Iron Boulder|85/100
|-status|p2a: Iron Boulder|tox
|-start|p2a: Iron Boulder|confusion|[from] ability: Poison Puppeteer|[of] p1a: Pecharunt
|
|-weather|none
|-end|p2a: Iron Boulder|move: Future Sight
|-resisted|p2a: Iron Boulder
|-damage|p2a: Iron Boulder|58/100 tox
|-damage|p2a: Iron Boulder|51/100 tox|[from] psn
|upkeep
|turn|9
|
|t:|1757842889
|-activate|p2a: Iron Boulder|confusion
|move|p2a: Iron Boulder|Psycho Cut|p1a: Pecharunt
|-supereffective|p1a: Pecharunt
|-damage|p1a: Pecharunt|68/100
|move|p1a: Pecharunt|Parting Shot|p2a: Iron Boulder
|-unboost|p2a: Iron Boulder|atk|1
|-unboost|p2a: Iron Boulder|spa|1
|
|t:|1757842895
|switch|p1a: Samurott|Samurott-Hisui, F|100/100|[from] Parting Shot
|-damage|p1a: Samurott|88/100|[from] Stealth Rock
|
|-damage|p2a: Iron Boulder|39/100 tox|[from] psn
|upkeep
|turn|10
|
|t:|1757842915
|-end|p2a: Iron Boulder|confusion
|move|p2a: Iron Boulder|Sacred Sword|p1a: Samurott
|-supereffective|p1a: Samurott
|-damage|p1a: Samurott|36/100
|move|p1a: Samurott|Flip Turn|p2a: Iron Boulder
|-supereffective|p2a: Iron Boulder
|-damage|p2a: Iron Boulder|0 fnt
|faint|p2a: Iron Boulder
|-end|p2a: Iron Boulder|Quark Drive|[silent]
|
|t:|1757842928
|switch|p1a: Porygon2|Porygon2, shiny|100/100|[from] Flip Turn
|-damage|p1a: Porygon2|88/100|[from] Stealth Rock
|
|upkeep
|
|t:|1757842946
|switch|p2a: Blade|Lilligant-Hisui, F|100/100
|turn|11
|
|t:|1757842957
|move|p2a: Blade|Axe Kick|p1a: Porygon2
|-supereffective|p1a: Porygon2
|-damage|p1a: Porygon2|8/100
|move|p1a: Porygon2|Psychic|p2a: Blade
|-supereffective|p2a: Blade
|-damage|p2a: Blade|38/100
|
|upkeep
|turn|12
|
|t:|1757842964
|move|p2a: Blade|Triple Axel|p1a: Porygon2
|-damage|p1a: Porygon2|4/100
|-damage|p1a: Porygon2|0 fnt
|faint|p1a: Porygon2
|-hitcount|p1: Porygon2|2
|
|upkeep
|
|t:|1757842971
|switch|p1a: Pecharunt|Pecharunt|68/100
|turn|13
|inactive|fuatchable has 120 seconds left.
|inactive|fuatchable has 90 seconds left.
|
|t:|1757843044
|switch|p2a: Scream Tail|Scream Tail|100/100
|move|p1a: Pecharunt|Recover|p1a: Pecharunt
|-heal|p1a: Pecharunt|100/100
|
|upkeep
|turn|14
|
|t:|1757843053
|move|p2a: Scream Tail|Calm Mind|p2a: Scream Tail
|-boost|p2a: Scream Tail|spa|1
|-boost|p2a: Scream Tail|spd|1
|move|p1a: Pecharunt|Malignant Chain|p2a: Scream Tail
|-supereffective|p2a: Scream Tail
|-damage|p2a: Scream Tail|64/100
|
|-heal|p2a: Scream Tail|71/100|[from] item: Leftovers
|upkeep
|turn|15
|inactive|fuatchable has 90 seconds left.
|
|t:|1757843068
|move|p2a: Scream Tail|Sunny Day|p2a: Scream Tail
|-weather|SunnyDay
|-activate|p2a: Scream Tail|ability: Protosynthesis
|-start|p2a: Scream Tail|protosynthesisspd
|move|p1a: Pecharunt|Malignant Chain|p2a: Scream Tail
|-supereffective|p2a: Scream Tail
|-damage|p2a: Scream Tail|42/100
|
|-weather|SunnyDay|[upkeep]
|-heal|p2a: Scream Tail|48/100|[from] item: Leftovers
|upkeep
|turn|16
|inactive|fuatchable has 90 seconds left.
|
|t:|1757843078
|-terastallize|p1a: Pecharunt|Dark
|move|p2a: Scream Tail|Flamethrower|p1a: Pecharunt
|-damage|p1a: Pecharunt|53/100
|move|p1a: Pecharunt|Malignant Chain|p2a: Scream Tail
|-supereffective|p2a: Scream Tail
|-damage|p2a: Scream Tail|22/100
|-status|p2a: Scream Tail|tox
|-start|p2a: Scream Tail|confusion|[from] ability: Poison Puppeteer|[of] p1a: Pecharunt
|
|-weather|SunnyDay|[upkeep]
|-heal|p2a: Scream Tail|28/100 tox|[from] item: Leftovers
|-damage|p2a: Scream Tail|22/100 tox|[from] psn
|upkeep
|turn|17
|inactive|fuatchable has 90 seconds left.
|
|t:|1757843092
|-activate|p2a: Scream Tail|confusion
|move|p2a: Scream Tail|Flamethrower|p1a: Pecharunt
|-damage|p1a: Pecharunt|5/100
|move|p1a: Pecharunt|Recover|p1a: Pecharunt
|-heal|p1a: Pecharunt|55/100
|
|-weather|SunnyDay|[upkeep]
|-heal|p2a: Scream Tail|28/100 tox|[from] item: Leftovers
|-damage|p2a: Scream Tail|16/100 tox|[from] psn
|upkeep
|turn|18
|
|t:|1757843101
|-activate|p2a: Scream Tail|confusion
|-damage|p2a: Scream Tail|11/100 tox|[from] confusion
|move|p1a: Pecharunt|Recover|p1a: Pecharunt
|-heal|p1a: Pecharunt|100/100
|
|-weather|SunnyDay|[upkeep]
|-heal|p2a: Scream Tail|17/100 tox|[from] item: Leftovers
|-damage|p2a: Scream Tail|0 fnt|[from] psn
|faint|p2a: Scream Tail
|-end|p2a: Scream Tail|Protosynthesis|[silent]
|upkeep
|
|t:|1757843104
|switch|p2a: Blade|Lilligant-Hisui, F|38/100
|turn|19
|
|t:|1757843111
|move|p2a: Blade|Axe Kick|p1a: Pecharunt
|-supereffective|p1a: Pecharunt
|-damage|p1a: Pecharunt|49/100
|move|p1a: Pecharunt|Malignant Chain|p2a: Blade
|-supereffective|p2a: Blade
|-damage|p2a: Blade|0 fnt
|faint|p2a: Blade
|
|-weather|none
|upkeep
|
|t:|1757843128
|switch|p2a: anchor|Kommo-o, F|100/100
|turn|20
|
|t:|1757843136
|move|p1a: Pecharunt|Malignant Chain|p2a: anchor
|-damage|p2a: anchor|70/100
|-status|p2a: anchor|tox
|-start|p2a: anchor|confusion|[from] ability: Poison Puppeteer|[of] p1a: Pecharunt
|-activate|p2a: anchor|confusion
|-damage|p2a: anchor|64/100 tox|[from] confusion
|
|-heal|p2a: anchor|70/100 tox|[from] item: Leftovers
|-damage|p2a: anchor|64/100 tox|[from] psn
|upkeep
|turn|21
|
|t:|1757843148
|move|p1a: Pecharunt|Recover|p1a: Pecharunt
|-heal|p1a: Pecharunt|99/100
|-end|p2a: anchor|confusion
|move|p2a: anchor|Body Press|p1a: Pecharunt
|-supereffective|p1a: Pecharunt
|-damage|p1a: Pecharunt|55/100
|
|-heal|p2a: anchor|70/100 tox|[from] item: Leftovers
|-damage|p2a: anchor|58/100 tox|[from] psn
|upkeep
|turn|22
|inactive|fuatchable has 120 seconds left.
|
|t:|1757843165
|move|p1a: Pecharunt|Recover|p1a: Pecharunt
|-heal|p1a: Pecharunt|100/100
|move|p2a: anchor|Body Press|p1a: Pecharunt
|-supereffective|p1a: Pecharunt
|-damage|p1a: Pecharunt|59/100
|
|-heal|p2a: anchor|64/100 tox|[from] item: Leftovers
|-damage|p2a: anchor|45/100 tox|[from] psn
|upkeep
|turn|23
|c|☆skater66|gg
|
|t:|1757843175
|move|p1a: Pecharunt|Recover|p1a: Pecharunt
|-heal|p1a: Pecharunt|100/100
|move|p2a: anchor|Bulk Up|p2a: anchor
|-boost|p2a: anchor|atk|1
|-boost|p2a: anchor|def|1
|
|-heal|p2a: anchor|52/100 tox|[from] item: Leftovers
|-damage|p2a: anchor|27/100 tox|[from] psn
|upkeep
|turn|24
|-message|fuatchable forfeited.
|
|win|skater66
|raw|skater66's rating: 1295 &rarr; <strong>1322</strong><br />(+27 for winning)
|raw|fuatchable's rating: 1317 &rarr; <strong>1296</strong><br />(-21 for losing)
|l|☆fuatchable
|player|p2|
|l|☆skater66
|player|p1|
