|j|‽flobpa
|j|☆Joao v9898
|t:|1757954235
|gametype|singles
|player|p1|flobpa|unknown|1632
|player|p2|Joao v9898|lucas|1576
|gen|9
|tier|[Gen 9] OU
|rated|
|rule|HP Percentage Mod: HP is shown in percentages
|rule|Endless Battle Clause: Forcing endless battles is banned
|rule|Species Clause: Limit one of each Pokémon
|rule|OHKO Clause: OHKO moves are banned
|rule|Evasion Items Clause: Evasion items are banned
|rule|Evasion Moves Clause: Evasion moves are banned
|rule|Evasion Abilities Clause: Evasion abilities are banned
|rule|Sleep Moves Clause: Sleep-inducing moves are banned
|clearpoke
|poke|p1|Ninetales-Alola, M|
|poke|p1|Sinistcha|
|poke|p1|Samurott-Hisui, M|
|poke|p1|Iron Valiant|
|poke|p1|Kingambit, M|
|poke|p1|Dragonite, F|
|poke|p2|Pelipper, M|
|poke|p2|Hatterene, F|
|poke|p2|Zapdos|
|poke|p2|Ogerpon-Wellspring, F|
|poke|p2|Beartic, M|
|poke|p2|Barraskewda, M|
|teampreview
|inactive|Battle timer is ON: inactive players will automatically lose when time's up. (requested by flobpa)
|
|t:|1757954256
|teamsize|p1|6
|teamsize|p2|6
|start
|switch|p1a: Ninetales|Ninetales-Alola, M|100/100
|switch|p2a: Barraskewda|Barraskewda, M|100/100
|-weather|Snowscape|[from] ability: Snow Warning|[of] p1a: Ninetales
|turn|1
|
|t:|1757954262
|move|p2a: Barraskewda|Flip Turn|p1a: Ninetales
|-damage|p1a: Ninetales|67/100
|
|t:|1757954268
|switch|p2a: Pelipper|Pelipper, M|100/100|[from] Flip Turn
|-weather|RainDance|[from] ability: Drizzle|[of] p2a: Pelipper
|move|p1a: Ninetales|Freeze-Dry|p2a: Pelipper
|-supereffective|p2a: Pelipper
|-damage|p2a: Pelipper|0 fnt
|faint|p2a: Pelipper
|
|-weather|RainDance|[upkeep]
|upkeep
|
|t:|1757954276
|switch|p2a: Beartic|Beartic, M|100/100
|turn|2
|
|t:|1757954295
|move|p2a: Beartic|Swords Dance|p2a: Beartic
|-boost|p2a: Beartic|atk|2
|move|p1a: Ninetales|Encore|p2a: Beartic
|-start|p2a: Beartic|Encore
|
|-weather|RainDance|[upkeep]
|upkeep
|turn|3
|
|t:|1757954300
|switch|p2a: Barraskewda|Barraskewda, M|100/100
|move|p1a: Ninetales|Moonblast|p2a: Barraskewda
|-damage|p2a: Barraskewda|43/100
|
|-weather|RainDance|[upkeep]
|upkeep
|turn|4
|
|t:|1757954320
|switch|p1a: Dragonite|Dragonite, F|100/100
|move|p2a: Barraskewda|Flip Turn|p1a: Dragonite
|-resisted|p1a: Dragonite
|-damage|p1a: Dragonite|86/100
|
|t:|1757954323
|switch|p2a: Beartic|Beartic, M|100/100|[from] Flip Turn
|
|-weather|RainDance|[upkeep]
|upkeep
|turn|5
|
|t:|1757954335
|switch|p1a: Ninetales|Ninetales-Alola, M|67/100
|-weather|Snowscape|[from] ability: Snow Warning|[of] p1a: Ninetales
|move|p2a: Beartic|Icicle Spear|p1a: Ninetales
|-resisted|p1a: Ninetales
|-damage|p1a: Ninetales|61/100
|-resisted|p1a: Ninetales
|-damage|p1a: Ninetales|56/100
|-resisted|p1a: Ninetales
|-damage|p1a: Ninetales|49/100
|-resisted|p1a: Ninetales
|-damage|p1a: Ninetales|43/100
|-hitcount|p1a: Ninetales|4
|
|-weather|Snowscape|[upkeep]
|upkeep
|turn|6
|
|t:|1757954340
|move|p1a: Ninetales|Aurora Veil|p1a: Ninetales
|-sidestart|p1: flobpa|move: Aurora Veil
|move|p2a: Beartic|Close Combat|p1a: Ninetales
|-damage|p1a: Ninetales|23/100
|-unboost|p2a: Beartic|def|1
|-unboost|p2a: Beartic|spd|1
|
|-weather|Snowscape|[upkeep]
|upkeep
|turn|7
|-message|Joao v9898 forfeited.
|
|win|flobpa
|raw|flobpa's rating: 1632 &rarr; <strong>1649</strong><br />(+17 for winning)
|raw|Joao v9898's rating: 1576 &rarr; <strong>1559</strong><br />(-17 for losing)
|l|☆Joao v9898
|player|p2|
