|j|☆Salocin99
|j|☆number1karsfanboy
|t:|1757795806
|gametype|singles
|player|p1|Salocin99|102|1175
|player|p2|number1karsfanboy|2|1199
|gen|9
|tier|[Gen 9] OU
|rated|
|rule|HP Percentage Mod: HP is shown in percentages
|rule|Endless Battle Clause: Forcing endless battles is banned
|rule|Species Clause: Limit one of each Pokémon
|rule|OHKO Clause: OHKO moves are banned
|rule|Evasion Items Clause: Evasion items are banned
|rule|Evasion Moves Clause: Evasion moves are banned
|rule|Evasion Abilities Clause: Evasion abilities are banned
|rule|Sleep Moves Clause: Sleep-inducing moves are banned
|clearpoke
|poke|p1|Dusknoir, F|
|poke|p1|Hariyama, F|
|poke|p1|Haxorus, M|
|poke|p1|Bronzong|
|poke|p1|Avalugg, F|
|poke|p1|Noctowl, M|
|poke|p2|Dragonite, F|
|poke|p2|Pecharunt|
|poke|p2|Garganacl, M|
|poke|p2|Glimmora, F|
|poke|p2|Great Tusk|
|poke|p2|Gholdengo|
|teampreview
|inactive|Battle timer is ON: inactive players will automatically lose when time's up. (requested by number1karsfanboy)
|inactive|Salocin99 has 120 seconds left.
|inactiveoff|Battle timer is now OFF.
|inactive|Battle timer is ON: inactive players will automatically lose when time's up. (requested by number1karsfanboy)
|
|t:|1757795885
|teamsize|p1|6
|teamsize|p2|6
|start
|switch|p1a: Hariyama|Hariyama, F|100/100
|switch|p2a: Glimmora|Glimmora, F|100/100
|turn|1
|
|t:|1757795891
|move|p2a: Glimmora|Stealth Rock|p1a: Hariyama
|-sidestart|p1: Salocin99|move: Stealth Rock
|move|p1a: Hariyama|Close Combat|p2a: Glimmora
|-damage|p2a: Glimmora|1/100
|-unboost|p1a: Hariyama|def|1
|-unboost|p1a: Hariyama|spd|1
|-activate|p2a: Glimmora|ability: Toxic Debris
|-sidestart|p1: Salocin99|move: Toxic Spikes
|-damage|p1a: Hariyama|91/100|[from] item: Life Orb
|
|upkeep
|turn|2
|
|t:|1757795903
|move|p2a: Glimmora|Spikes|p1a: Hariyama
|-sidestart|p1: Salocin99|Spikes
|move|p1a: Hariyama|Close Combat|p2a: Glimmora
|-damage|p2a: Glimmora|0 fnt
|-unboost|p1a: Hariyama|def|1
|-unboost|p1a: Hariyama|spd|1
|-activate|p2a: Glimmora|ability: Toxic Debris
|-sidestart|p1: Salocin99|move: Toxic Spikes
|faint|p2a: Glimmora
|-damage|p1a: Hariyama|81/100|[from] item: Life Orb
|
|upkeep
|
|t:|1757795921
|switch|p2a: Great Tusk|Great Tusk|100/100
|turn|3
|
|t:|1757795925
|move|p2a: Great Tusk|Play Rough|p1a: Hariyama|[miss]
|-miss|p2a: Great Tusk|p1a: Hariyama
|move|p1a: Hariyama|Close Combat|p2a: Great Tusk
|-damage|p2a: Great Tusk|38/100
|-unboost|p1a: Hariyama|def|1
|-unboost|p1a: Hariyama|spd|1
|-damage|p1a: Hariyama|71/100|[from] item: Life Orb
|
|upkeep
|turn|4
|
|t:|1757795932
|move|p2a: Great Tusk|Play Rough|p1a: Hariyama
|-supereffective|p1a: Hariyama
|-damage|p1a: Hariyama|0 fnt
|faint|p1a: Hariyama
|
|upkeep
|
|t:|1757795936
|switch|p1a: Avalugg|Avalugg, F|100/100
|turn|5
|
|t:|1757795946
|move|p2a: Great Tusk|Play Rough|p1a: Avalugg
|-damage|p1a: Avalugg|80/100
|move|p1a: Avalugg|Rapid Spin|p2a: Great Tusk
|-damage|p2a: Great Tusk|28/100
|-boost|p1a: Avalugg|spe|1
|-sideend|p1: Salocin99|Spikes|[from] move: Rapid Spin|[of] p1a: Avalugg
|-sideend|p1: Salocin99|Toxic Spikes|[from] move: Rapid Spin|[of] p1a: Avalugg
|-sideend|p1: Salocin99|Stealth Rock|[from] move: Rapid Spin|[of] p1a: Avalugg
|
|upkeep
|turn|6
|
|t:|1757795955
|move|p2a: Great Tusk|Play Rough|p1a: Avalugg
|-damage|p1a: Avalugg|61/100
|move|p1a: Avalugg|Avalanche|p2a: Great Tusk
|-supereffective|p2a: Great Tusk
|-damage|p2a: Great Tusk|0 fnt
|faint|p2a: Great Tusk
|-end|p2a: Great Tusk|Protosynthesis|[silent]
|
|upkeep
|
|t:|1757795962
|switch|p2a: Dragonite|Dragonite, F|100/100
|turn|7
|
|t:|1757795969
|move|p2a: Dragonite|Iron Head|p1a: Avalugg
|-supereffective|p1a: Avalugg
|-damage|p1a: Avalugg|36/100
|cant|p1a: Avalugg|flinch
|
|upkeep
|turn|8
|
|t:|1757795974
|move|p2a: Dragonite|Iron Head|p1a: Avalugg
|-supereffective|p1a: Avalugg
|-damage|p1a: Avalugg|10/100
|move|p1a: Avalugg|Avalanche|p2a: Dragonite
|-supereffective|p2a: Dragonite
|-damage|p2a: Dragonite|1/100
|
|-heal|p2a: Dragonite|8/100|[from] item: Leftovers
|upkeep
|turn|9
|
|t:|1757795984
|move|p2a: Dragonite|Extreme Speed|p1a: Avalugg
|-damage|p1a: Avalugg|0 fnt
|faint|p1a: Avalugg
|
|-heal|p2a: Dragonite|14/100|[from] item: Leftovers
|upkeep
|
|t:|1757795988
|switch|p1a: Dusknoir|Dusknoir, F, shiny|100/100
|-item|p2a: Dragonite|Leftovers|[from] ability: Frisk|[of] p1a: Dusknoir
|turn|10
|
|t:|1757795992
|move|p1a: Dusknoir|Shadow Sneak|p2a: Dragonite
|-damage|p2a: Dragonite|0 fnt
|faint|p2a: Dragonite
|
|upkeep
|
|t:|1757796000
|switch|p2a: Garganacl|Garganacl, M|100/100
|turn|11
|
|t:|1757796002
|move|p1a: Dusknoir|Rock Tomb|p2a: Garganacl
|-damage|p2a: Garganacl|87/100
|-unboost|p2a: Garganacl|spe|1
|move|p2a: Garganacl|Salt Cure|p1a: Dusknoir
|-damage|p1a: Dusknoir|87/100
|-start|p1a: Dusknoir|Salt Cure
|
|-heal|p2a: Garganacl|94/100|[from] item: Leftovers
|-damage|p1a: Dusknoir|75/100|[from] Salt Cure
|upkeep
|turn|12
|
|t:|1757796014
|switch|p1a: Bronzong|Bronzong|100/100
|move|p2a: Garganacl|Curse|p2a: Garganacl
|-unboost|p2a: Garganacl|spe|1
|-boost|p2a: Garganacl|atk|1
|-boost|p2a: Garganacl|def|1
|
|-heal|p2a: Garganacl|99/100|[from] item: Leftovers
|upkeep
|turn|13
|
|t:|1757796025
|move|p1a: Bronzong|Iron Defense|p1a: Bronzong
|-boost|p1a: Bronzong|def|2
|move|p2a: Garganacl|Salt Cure|p1a: Bronzong
|-resisted|p1a: Bronzong
|-damage|p1a: Bronzong|97/100
|-start|p1a: Bronzong|Salt Cure
|
|-heal|p2a: Garganacl|100/100|[from] item: Leftovers
|-damage|p1a: Bronzong|72/100|[from] Salt Cure
|upkeep
|turn|14
|
|t:|1757796031
|move|p1a: Bronzong|Body Press|p2a: Garganacl
|-supereffective|p2a: Garganacl
|-damage|p2a: Garganacl|54/100
|move|p2a: Garganacl|Curse|p2a: Garganacl
|-unboost|p2a: Garganacl|spe|1
|-boost|p2a: Garganacl|atk|1
|-boost|p2a: Garganacl|def|1
|
|-heal|p2a: Garganacl|61/100|[from] item: Leftovers
|-damage|p1a: Bronzong|47/100|[from] Salt Cure
|upkeep
|turn|15
|
|t:|1757796042
|move|p1a: Bronzong|Iron Defense|p1a: Bronzong
|-boost|p1a: Bronzong|def|2
|move|p2a: Garganacl|Curse|p2a: Garganacl
|-unboost|p2a: Garganacl|spe|1
|-boost|p2a: Garganacl|atk|1
|-boost|p2a: Garganacl|def|1
|
|-heal|p2a: Garganacl|67/100|[from] item: Leftovers
|-damage|p1a: Bronzong|22/100|[from] Salt Cure
|upkeep
|turn|16
|
|t:|1757796055
|move|p1a: Bronzong|Rest|p1a: Bronzong
|-status|p1a: Bronzong|slp|[from] move: Rest
|-heal|p1a: Bronzong|100/100 slp|[silent]
|-enditem|p1a: Bronzong|Chesto Berry|[eat]
|-curestatus|p1a: Bronzong|slp|[msg]
|move|p2a: Garganacl|Curse|p2a: Garganacl
|-unboost|p2a: Garganacl|spe|1
|-boost|p2a: Garganacl|atk|1
|-boost|p2a: Garganacl|def|1
|
|-heal|p2a: Garganacl|73/100|[from] item: Leftovers
|-damage|p1a: Bronzong|76/100|[from] Salt Cure
|upkeep
|turn|17
|
|t:|1757796069
|move|p1a: Bronzong|Iron Defense|p1a: Bronzong
|-boost|p1a: Bronzong|def|2
|move|p2a: Garganacl|Earthquake|p1a: Bronzong
|-immune|p1a: Bronzong|[from] ability: Levitate
|
|-heal|p2a: Garganacl|79/100|[from] item: Leftovers
|-damage|p1a: Bronzong|51/100|[from] Salt Cure
|upkeep
|turn|18
|
|t:|1757796078
|-terastallize|p1a: Bronzong|Fighting
|move|p1a: Bronzong|Body Press|p2a: Garganacl
|-supereffective|p2a: Garganacl
|-damage|p2a: Garganacl|1/100
|move|p2a: Garganacl|Salt Cure|p1a: Bronzong
|-resisted|p1a: Bronzong
|-damage|p1a: Bronzong|47/100
|
|-heal|p2a: Garganacl|8/100|[from] item: Leftovers
|-damage|p1a: Bronzong|35/100|[from] Salt Cure
|upkeep
|turn|19
|
|t:|1757796092
|switch|p2a: Pecharunt|Pecharunt|100/100
|move|p1a: Bronzong|Body Press|p2a: Pecharunt
|-immune|p2a: Pecharunt
|
|-damage|p1a: Bronzong|22/100|[from] Salt Cure
|upkeep
|turn|20
|
|t:|1757796108
|-terastallize|p2a: Pecharunt|Dark
|move|p2a: Pecharunt|Malignant Chain|p1a: Bronzong
|-damage|p1a: Bronzong|0 fnt
|faint|p1a: Bronzong
|
|upkeep
|
|t:|1757796114
|switch|p1a: Noctowl|Noctowl, M, shiny|100/100
|turn|21
|
|t:|1757796118
|move|p1a: Noctowl|Agility|p1a: Noctowl
|-boost|p1a: Noctowl|spe|2
|move|p2a: Pecharunt|Malignant Chain|p1a: Noctowl
|-damage|p1a: Noctowl|70/100
|-status|p1a: Noctowl|tox
|-start|p1a: Noctowl|confusion|[from] ability: Poison Puppeteer|[of] p2a: Pecharunt
|
|-damage|p1a: Noctowl|64/100 tox|[from] psn
|upkeep
|turn|22
|
|t:|1757796132
|-activate|p1a: Noctowl|confusion
|-damage|p1a: Noctowl|56/100 tox|[from] confusion
|move|p2a: Pecharunt|Malignant Chain|p1a: Noctowl
|-damage|p1a: Noctowl|23/100 tox
|
|-damage|p1a: Noctowl|10/100 tox|[from] psn
|upkeep
|turn|23
|
|t:|1757796141
|-activate|p1a: Noctowl|confusion
|move|p1a: Noctowl|Hyper Voice|p2a: Pecharunt
|-damage|p2a: Pecharunt|62/100
|-enditem|p1a: Noctowl|Throat Spray
|-boost|p1a: Noctowl|spa|1|[from] item: Throat Spray
|move|p2a: Pecharunt|Malignant Chain|p1a: Noctowl
|-damage|p1a: Noctowl|0 fnt
|faint|p1a: Noctowl
|
|upkeep
|
|t:|1757796147
|switch|p1a: Dusknoir|Dusknoir, F, shiny|75/100
|-item|p2a: Pecharunt|Heavy-Duty Boots|[from] ability: Frisk|[of] p1a: Dusknoir
|turn|24
|
|t:|1757796153
|move|p2a: Pecharunt|Shadow Ball|p1a: Dusknoir
|-supereffective|p1a: Dusknoir
|-damage|p1a: Dusknoir|46/100
|move|p1a: Dusknoir|Leech Life|p2a: Pecharunt
|-supereffective|p2a: Pecharunt
|-damage|p2a: Pecharunt|39/100
|-heal|p1a: Dusknoir|61/100|[from] drain|[of] p2a: Pecharunt
|
|upkeep
|turn|25
|
|t:|1757796161
|move|p2a: Pecharunt|Recover|p2a: Pecharunt
|-heal|p2a: Pecharunt|89/100
|move|p1a: Dusknoir|Leech Life|p2a: Pecharunt
|-supereffective|p2a: Pecharunt
|-damage|p2a: Pecharunt|63/100
|-heal|p1a: Dusknoir|77/100|[from] drain|[of] p2a: Pecharunt
|
|upkeep
|turn|26
|
|t:|1757796166
|move|p2a: Pecharunt|Shadow Ball|p1a: Dusknoir
|-supereffective|p1a: Dusknoir
|-damage|p1a: Dusknoir|50/100
|-unboost|p1a: Dusknoir|spd|1
|move|p1a: Dusknoir|Leech Life|p2a: Pecharunt
|-supereffective|p2a: Pecharunt
|-damage|p2a: Pecharunt|39/100
|-heal|p1a: Dusknoir|66/100|[from] drain|[of] p2a: Pecharunt
|
|upkeep
|turn|27
|
|t:|1757796173
|move|p2a: Pecharunt|Shadow Ball|p1a: Dusknoir
|-supereffective|p1a: Dusknoir
|-damage|p1a: Dusknoir|23/100
|move|p1a: Dusknoir|Leech Life|p2a: Pecharunt
|-supereffective|p2a: Pecharunt
|-damage|p2a: Pecharunt|16/100
|-heal|p1a: Dusknoir|37/100|[from] drain|[of] p2a: Pecharunt
|
|upkeep
|turn|28
|
|t:|1757796178
|move|p2a: Pecharunt|Recover|p2a: Pecharunt
|-heal|p2a: Pecharunt|66/100
|move|p1a: Dusknoir|Leech Life|p2a: Pecharunt
|-supereffective|p2a: Pecharunt
|-damage|p2a: Pecharunt|41/100
|-heal|p1a: Dusknoir|54/100|[from] drain|[of] p2a: Pecharunt
|
|upkeep
|turn|29
|
|t:|1757796185
|move|p2a: Pecharunt|Shadow Ball|p1a: Dusknoir
|-supereffective|p1a: Dusknoir
|-damage|p1a: Dusknoir|10/100
|move|p1a: Dusknoir|Leech Life|p2a: Pecharunt
|-supereffective|p2a: Pecharunt
|-damage|p2a: Pecharunt|18/100
|-heal|p1a: Dusknoir|25/100|[from] drain|[of] p2a: Pecharunt
|
|upkeep
|turn|30
|
|t:|1757796200
|move|p2a: Pecharunt|Recover|p2a: Pecharunt
|-heal|p2a: Pecharunt|68/100
|move|p1a: Dusknoir|Leech Life|p2a: Pecharunt
|-supereffective|p2a: Pecharunt
|-damage|p2a: Pecharunt|44/100
|-heal|p1a: Dusknoir|40/100|[from] drain|[of] p2a: Pecharunt
|
|upkeep
|turn|31
|
|t:|1757796206
|move|p1a: Dusknoir|Shadow Sneak|p2a: Pecharunt
|-resisted|p2a: Pecharunt
|-damage|p2a: Pecharunt|40/100
|move|p2a: Pecharunt|Shadow Ball|p1a: Dusknoir
|-supereffective|p1a: Dusknoir
|-damage|p1a: Dusknoir|0 fnt
|faint|p1a: Dusknoir
|
|upkeep
|
|t:|1757796208
|switch|p1a: Haxorus|Haxorus, M, shiny|100/100
|-ability|p1a: Haxorus|Mold Breaker
|turn|32
|
|t:|1757796214
|move|p1a: Haxorus|Dragon Dance|p1a: Haxorus
|-boost|p1a: Haxorus|atk|1
|-boost|p1a: Haxorus|spe|1
|move|p2a: Pecharunt|Malignant Chain|p1a: Haxorus
|-damage|p1a: Haxorus|54/100
|
|upkeep
|turn|33
|inactive|Salocin99 has 120 seconds left.
|
|t:|1757796248
|move|p1a: Haxorus|Close Combat|p2a: Pecharunt
|-supereffective|p2a: Pecharunt
|-damage|p2a: Pecharunt|0 fnt
|-unboost|p1a: Haxorus|def|1
|-unboost|p1a: Haxorus|spd|1
|faint|p2a: Pecharunt
|
|upkeep
|
|t:|1757796253
|switch|p2a: Gholdengo|Gholdengo|100/100
|turn|34
|
|t:|1757796256
|move|p1a: Haxorus|Earthquake|p2a: Gholdengo
|-supereffective|p2a: Gholdengo
|-damage|p2a: Gholdengo|0 fnt
|faint|p2a: Gholdengo
|
|upkeep
|
|t:|1757796259
|switch|p2a: Garganacl|Garganacl, M|8/100
|turn|35
|
|t:|1757796266
|move|p1a: Haxorus|Outrage|p2a: Garganacl
|-damage|p2a: Garganacl|0 fnt
|faint|p2a: Garganacl
|
|win|Salocin99
|raw|Salocin99's rating: 1175 &rarr; <strong>1202</strong><br />(+27 for winning)
|raw|number1karsfanboy's rating: 1199 &rarr; <strong>1172</strong><br />(-27 for losing)
|l|☆number1karsfanboy
|player|p2|
|l|☆Salocin99
|player|p1|
