|j|☆Mondeydoo
|j|☆supraxd
|t:|1757785340
|gametype|singles
|player|p1|Mondeydoo|hoopster|1151
|player|p2|supraxd|steven|1123
|gen|9
|tier|[Gen 9] OU
|rated|
|rule|HP Percentage Mod: HP is shown in percentages
|rule|Endless Battle Clause: Forcing endless battles is banned
|rule|Species Clause: Limit one of each Pokémon
|rule|OHKO Clause: OHKO moves are banned
|rule|Evasion Items Clause: Evasion items are banned
|rule|Evasion Moves Clause: Evasion moves are banned
|rule|Evasion Abilities Clause: Evasion abilities are banned
|rule|Sleep Moves Clause: Sleep-inducing moves are banned
|clearpoke
|poke|p1|Orthworm, M|
|poke|p1|Lapras, M|
|poke|p1|Dragapult, F|
|poke|p1|Weezing, M|
|poke|p1|Mew|
|poke|p1|Gardevoir, M|
|poke|p2|Grimmsnarl, M|
|poke|p2|Arcanine, M|
|poke|p2|Thundurus-Therian, M|
|poke|p2|Pelipper, F|
|poke|p2|Kingdra, F|
|poke|p2|Barraskewda, M|
|teampreview
|
|t:|1757785351
|teamsize|p1|6
|teamsize|p2|6
|start
|switch|p1a: Mew|Mew, shiny|100/100
|switch|p2a: Pelipper|Pelipper, F|100/100
|-weather|RainDance|[from] ability: Drizzle|[of] p2a: Pelipper
|turn|1
|
|t:|1757785368
|switch|p2a: Grimmsnarl|Grimmsnarl, M|100/100
|move|p1a: Mew|Thunder Wave|p2a: Grimmsnarl
|-status|p2a: Grimmsnarl|par
|
|-weather|RainDance|[upkeep]
|upkeep
|turn|2
|
|t:|1757785378
|cant|p2a: Grimmsnarl|par
|move|p1a: Mew|Confuse Ray|p2a: Grimmsnarl
|-start|p2a: Grimmsnarl|confusion
|
|-weather|RainDance|[upkeep]
|upkeep
|turn|3
|
|t:|1757785386
|switch|p1a: Lapras|Lapras, M, shiny|100/100
|-activate|p2a: Grimmsnarl|confusion
|cant|p2a: Grimmsnarl|par
|
|-weather|RainDance|[upkeep]
|upkeep
|turn|4
|
|t:|1757785393
|-activate|p2a: Grimmsnarl|confusion
|move|p2a: Grimmsnarl|Light Screen|p2a: Grimmsnarl
|-sidestart|p2: supraxd|move: Light Screen
|move|p1a: Lapras|Dragon Dance|p1a: Lapras
|-boost|p1a: Lapras|atk|1
|-boost|p1a: Lapras|spe|1
|
|-weather|RainDance|[upkeep]
|upkeep
|turn|5
|
|t:|1757785403
|-activate|p2a: Grimmsnarl|confusion
|-damage|p2a: Grimmsnarl|87/100 par|[from] confusion
|move|p1a: Lapras|Dragon Dance|p1a: Lapras
|-boost|p1a: Lapras|atk|1
|-boost|p1a: Lapras|spe|1
|
|-weather|RainDance|[upkeep]
|upkeep
|turn|6
|
|t:|1757785414
|-end|p2a: Grimmsnarl|confusion
|move|p2a: Grimmsnarl|Parting Shot|p1a: Lapras
|-unboost|p1a: Lapras|atk|1
|-unboost|p1a: Lapras|spa|1
|
|t:|1757785418
|switch|p2a: Kingdra|Kingdra, F|100/100|[from] Parting Shot
|move|p1a: Lapras|Liquidation|p2a: Kingdra
|-resisted|p2a: Kingdra
|-damage|p2a: Kingdra|76/100
|-unboost|p2a: Kingdra|def|1
|
|-weather|RainDance|[upkeep]
|upkeep
|turn|7
|l|☆Mondeydoo
|player|p1|
|j|☆Mondeydoo
|player|p1|Mondeydoo|hoopster|
|l|☆Mondeydoo
|player|p1|
|j|☆Mondeydoo
|player|p1|Mondeydoo|hoopster|
|
|t:|1757785464
|move|p2a: Kingdra|Draco Meteor|p1a: Lapras|[miss]
|-miss|p2a: Kingdra|p1a: Lapras
|move|p1a: Lapras|Icicle Spear|p2a: Kingdra
|-crit|p2a: Kingdra
|-damage|p2a: Kingdra|29/100
|-damage|p2a: Kingdra|0 fnt
|faint|p2a: Kingdra
|-hitcount|p2: Kingdra|2
|
|-weather|RainDance|[upkeep]
|upkeep
|
|t:|1757785500
|switch|p2a: Arcanine|Arcanine, M|100/100
|-ability|p2a: Arcanine|Intimidate|boost
|-unboost|p1a: Lapras|atk|1
|turn|8
|
|t:|1757785506
|-terastallize|p2a: Arcanine|Bug
|move|p1a: Lapras|Liquidation|p2a: Arcanine
|-damage|p2a: Arcanine|55/100
|move|p2a: Arcanine|Will-O-Wisp|p1a: Lapras
|-status|p1a: Lapras|brn
|
|-weather|none
|-damage|p1a: Lapras|94/100 brn|[from] brn
|upkeep
|turn|9
|
|t:|1757785532
|switch|p2a: Grimmsnarl|Grimmsnarl, M|87/100 par
|move|p1a: Lapras|Dragon Dance|p1a: Lapras
|-boost|p1a: Lapras|atk|1
|-boost|p1a: Lapras|spe|1
|
|-damage|p1a: Lapras|88/100 brn|[from] brn
|upkeep
|turn|10
|
|t:|1757785542
|move|p2a: Grimmsnarl|Parting Shot|p1a: Lapras
|-unboost|p1a: Lapras|atk|1
|-unboost|p1a: Lapras|spa|1
|
|t:|1757785545
|switch|p2a: Arcanine|Arcanine, M, tera:Bug|55/100|[from] Parting Shot
|-ability|p2a: Arcanine|Intimidate|boost
|-unboost|p1a: Lapras|atk|1
|move|p1a: Lapras|Icicle Spear|p2a: Arcanine
|-damage|p2a: Arcanine|52/100
|-damage|p2a: Arcanine|48/100
|-damage|p2a: Arcanine|45/100
|-damage|p2a: Arcanine|43/100
|-hitcount|p2a: Arcanine|4
|
|-damage|p1a: Lapras|82/100 brn|[from] brn
|upkeep
|turn|11
|
|t:|1757785561
|move|p1a: Lapras|Icicle Spear|p2a: Arcanine
|-damage|p2a: Arcanine|40/100
|-damage|p2a: Arcanine|37/100
|-damage|p2a: Arcanine|34/100
|-damage|p2a: Arcanine|31/100
|-damage|p2a: Arcanine|28/100
|-hitcount|p2a: Arcanine|5
|move|p2a: Arcanine|Morning Sun|p2a: Arcanine
|-heal|p2a: Arcanine|78/100
|
|-damage|p1a: Lapras|76/100 brn|[from] brn
|-sideend|p2: supraxd|move: Light Screen
|upkeep
|turn|12
|
|t:|1757785576
|switch|p1a: Orthworm|Orthworm, M, shiny|100/100
|move|p2a: Arcanine|Flamethrower|p1a: Orthworm
|-supereffective|p1a: Orthworm
|-damage|p1a: Orthworm|36/100
|
|-heal|p1a: Orthworm|42/100|[from] item: Leftovers
|upkeep
|turn|13
|
|t:|1757785587
|move|p1a: Orthworm|Protect|p1a: Orthworm
|-singleturn|p1a: Orthworm|Protect
|move|p2a: Arcanine|Flamethrower|p1a: Orthworm
|-activate|p1a: Orthworm|move: Protect
|
|-heal|p1a: Orthworm|48/100|[from] item: Leftovers
|upkeep
|turn|14
|
|t:|1757785599
|switch|p1a: Weezing|Weezing, M, shiny|100/100
|move|p2a: Arcanine|Will-O-Wisp|p1a: Weezing
|-status|p1a: Weezing|brn
|
|-damage|p1a: Weezing|95/100 brn|[from] brn
|upkeep
|turn|15
|
|t:|1757785609
|switch|p2a: Grimmsnarl|Grimmsnarl, M|87/100 par
|move|p1a: Weezing|Toxic||[still]
|-fail|p1a: Weezing
|
|-damage|p1a: Weezing|89/100 brn|[from] brn
|upkeep
|turn|16
|inactive|Battle timer is ON: inactive players will automatically lose when time's up. (requested by supraxd)
|inactive|Mondeydoo has 120 seconds left.
|inactive|Mondeydoo has 90 seconds left.
|inactive|Mondeydoo has 60 seconds left.
|inactive|Mondeydoo has 30 seconds left.
|inactive|Mondeydoo has 20 seconds left.
|inactive|Mondeydoo has 15 seconds left.
|inactive|Mondeydoo has 10 seconds left.
|inactive|Mondeydoo has 5 seconds left.
|-message|Mondeydoo lost due to inactivity.
|
|win|supraxd
|raw|Mondeydoo's rating: 1178 &rarr; <strong>1149</strong><br />(-29 for losing)
|raw|supraxd's rating: 1123 &rarr; <strong>1152</strong><br />(+29 for winning)
|l|☆supraxd
|player|p2|
|j|☆supraxd
|player|p2|supraxd|steven|
