|j|☆Weyselb
|j|☆Havestol
|t:|1757797066
|gametype|singles
|player|p1|Weyselb|pokemaniac|1404
|player|p2|Havestol|mars|1392
|gen|9
|tier|[Gen 9] OU
|rated|
|rule|HP Percentage Mod: HP is shown in percentages
|rule|Endless Battle Clause: Forcing endless battles is banned
|rule|Species Clause: Limit one of each Pokémon
|rule|OHKO Clause: OHKO moves are banned
|rule|Evasion Items Clause: Evasion items are banned
|rule|Evasion Moves Clause: Evasion moves are banned
|rule|Evasion Abilities Clause: Evasion abilities are banned
|rule|Sleep Moves Clause: Sleep-inducing moves are banned
|clearpoke
|poke|p1|Meowscarada, F|
|poke|p1|Garganacl, M|
|poke|p1|Great Tusk|
|poke|p1|Slowking-Galar, M|
|poke|p1|Skarmory, M|
|poke|p1|Dragonite, F|
|poke|p2|Pelipper, M|
|poke|p2|Raging Bolt|
|poke|p2|Ludicolo, F|
|poke|p2|Iron Treads|
|poke|p2|Barraskewda, M|
|poke|p2|Beartic, M|
|teampreview
|
|t:|1757797084
|teamsize|p1|6
|teamsize|p2|6
|start
|switch|p1a: Meowscarada|Meowscarada, F|100/100
|switch|p2a: Pelipper|Pelipper, M|100/100
|-weather|RainDance|[from] ability: Drizzle|[of] p2a: Pelipper
|turn|1
|
|t:|1757797089
|switch|p2a: Iron Treads|Iron Treads|100/100
|-enditem|p2a: Iron Treads|Booster Energy
|-activate|p2a: Iron Treads|ability: Quark Drive|[fromitem]
|-start|p2a: Iron Treads|quarkdrivespe
|move|p1a: Meowscarada|Knock Off|p2a: Iron Treads
|-start|p1a: Meowscarada|typechange|Dark|[from] ability: Protean
|-damage|p2a: Iron Treads|73/100
|
|-weather|RainDance|[upkeep]
|upkeep
|turn|2
|
|t:|1757797093
|switch|p1a: Skarmory|Skarmory, M|100/100
|move|p2a: Iron Treads|Stealth Rock|p1a: Skarmory
|-sidestart|p1: Weyselb|move: Stealth Rock
|
|-weather|RainDance|[upkeep]
|upkeep
|turn|3
|
|t:|1757797099
|-end|p2a: Iron Treads|Quark Drive|[silent]
|switch|p2a: Raging Bolt|Raging Bolt|100/100
|-enditem|p2a: Raging Bolt|Booster Energy
|-activate|p2a: Raging Bolt|ability: Protosynthesis|[fromitem]
|-start|p2a: Raging Bolt|protosynthesisspa
|move|p1a: Skarmory|Body Press|p2a: Raging Bolt
|-damage|p2a: Raging Bolt|70/100
|
|-weather|RainDance|[upkeep]
|upkeep
|turn|4
|
|t:|1757797107
|switch|p1a: Slowking|Slowking-Galar, M|100/100
|move|p2a: Raging Bolt|Weather Ball|p1a: Slowking
|-damage|p1a: Slowking|58/100
|
|-weather|RainDance|[upkeep]
|upkeep
|turn|5
|
|t:|1757797111
|move|p2a: Raging Bolt|Thunder|p1a: Slowking
|-damage|p1a: Slowking|7/100
|-status|p1a: Slowking|par
|-prepare|p1a: Slowking|Chilly Reception|[premajor]
|move|p1a: Slowking|Chilly Reception|p1a: Slowking
|-weather|Snowscape
|
|t:|1757797116
|switch|p1a: Great Tusk|Great Tusk|100/100|[from] Chilly Reception
|
|-weather|Snowscape|[upkeep]
|upkeep
|turn|6
|
|t:|1757797131
|-terastallize|p2a: Raging Bolt|Water
|move|p1a: Great Tusk|Rapid Spin|p2a: Raging Bolt
|-damage|p2a: Raging Bolt|54/100
|-boost|p1a: Great Tusk|spe|1
|-sideend|p1: Weyselb|Stealth Rock|[from] move: Rapid Spin|[of] p1a: Great Tusk
|move|p2a: Raging Bolt|Weather Ball|p1a: Great Tusk
|-supereffective|p1a: Great Tusk
|-damage|p1a: Great Tusk|0 fnt
|faint|p1a: Great Tusk
|-end|p1a: Great Tusk|Protosynthesis|[silent]
|
|-weather|Snowscape|[upkeep]
|upkeep
|
|t:|1757797135
|switch|p1a: Meowscarada|Meowscarada, F|100/100
|turn|7
|
|t:|1757797141
|-end|p2a: Raging Bolt|Protosynthesis|[silent]
|switch|p2a: Pelipper|Pelipper, M|100/100
|-weather|RainDance|[from] ability: Drizzle|[of] p2a: Pelipper
|move|p1a: Meowscarada|Flower Trick|p2a: Pelipper
|-start|p1a: Meowscarada|typechange|Grass|[from] ability: Protean
|-crit|p2a: Pelipper
|-damage|p2a: Pelipper|63/100
|
|-weather|RainDance|[upkeep]
|upkeep
|turn|8
|
|t:|1757797157
|switch|p1a: Slowking|Slowking-Galar, M|40/100 par
|move|p2a: Pelipper|Hurricane|p1a: Slowking
|-damage|p1a: Slowking|17/100 par
|-start|p1a: Slowking|confusion
|
|-weather|RainDance|[upkeep]
|upkeep
|turn|9
|
|t:|1757797163
|move|p2a: Pelipper|Surf|p1a: Slowking
|-damage|p1a: Slowking|0 fnt
|faint|p1a: Slowking
|
|-weather|RainDance|[upkeep]
|upkeep
|
|t:|1757797193
|switch|p1a: Dragonite|Dragonite, F|100/100
|turn|10
|
|t:|1757797200
|move|p1a: Dragonite|Dragon Dance|p1a: Dragonite
|-boost|p1a: Dragonite|atk|1
|-boost|p1a: Dragonite|spe|1
|move|p2a: Pelipper|U-turn|p1a: Dragonite
|-resisted|p1a: Dragonite
|-damage|p1a: Dragonite|98/100
|
|t:|1757797219
|switch|p2a: Ludicolo|Ludicolo, F|100/100|[from] U-turn
|
|-weather|RainDance|[upkeep]
|upkeep
|turn|11
|
|t:|1757797235
|-terastallize|p1a: Dragonite|Normal
|move|p2a: Ludicolo|Ice Beam|p1a: Dragonite
|-damage|p1a: Dragonite|59/100
|-damage|p2a: Ludicolo|91/100|[from] item: Life Orb
|move|p1a: Dragonite|Dragon Dance|p1a: Dragonite
|-boost|p1a: Dragonite|atk|1
|-boost|p1a: Dragonite|spe|1
|
|-weather|RainDance|[upkeep]
|upkeep
|turn|12
|
|t:|1757797239
|move|p1a: Dragonite|Extreme Speed|p2a: Ludicolo
|-damage|p2a: Ludicolo|0 fnt
|faint|p2a: Ludicolo
|
|-weather|RainDance|[upkeep]
|upkeep
|
|t:|1757797252
|switch|p2a: Beartic|Beartic, M|100/100
|turn|13
|
|t:|1757797260
|move|p1a: Dragonite|Extreme Speed|p2a: Beartic
|-damage|p2a: Beartic|0 fnt
|faint|p2a: Beartic
|
|-weather|RainDance|[upkeep]
|upkeep
|
|t:|1757797263
|switch|p2a: Pelipper|Pelipper, M|63/100
|turn|14
|
|t:|1757797268
|move|p1a: Dragonite|Extreme Speed|p2a: Pelipper
|-damage|p2a: Pelipper|0 fnt
|faint|p2a: Pelipper
|
|-weather|none
|upkeep
|
|t:|1757797272
|switch|p2a: Iron Treads|Iron Treads|73/100
|turn|15
|
|t:|1757797277
|move|p1a: Dragonite|Earthquake|p2a: Iron Treads
|-supereffective|p2a: Iron Treads
|-damage|p2a: Iron Treads|0 fnt
|faint|p2a: Iron Treads
|-end|p2a: Iron Treads|Quark Drive|[silent]
|
|upkeep
|
|t:|1757797279
|switch|p2a: Barraskewda|Barraskewda, M|100/100
|turn|16
|
|t:|1757797283
|move|p1a: Dragonite|Extreme Speed|p2a: Barraskewda
|-damage|p2a: Barraskewda|0 fnt
|faint|p2a: Barraskewda
|
|upkeep
|-message|Havestol forfeited.
|
|win|Weyselb
|raw|Weyselb's rating: 1404 &rarr; <strong>1423</strong><br />(+19 for winning)
|raw|Havestol's rating: 1392 &rarr; <strong>1373</strong><br />(-19 for losing)
|l|☆Havestol
|player|p2|
|l|☆Weyselb
|player|p1|
