|j|☆chonkyybb
|j|☆Leturgia_bleed
|t:|1757867141
|gametype|singles
|player|p1|chonkyybb|elesa|1046
|player|p2|Leturgia_bleed|supernerd|1042
|gen|9
|tier|[Gen 9] OU
|rated|
|rule|HP Percentage Mod: HP is shown in percentages
|rule|Endless Battle Clause: Forcing endless battles is banned
|rule|Species Clause: Limit one of each Pokémon
|rule|OHKO Clause: OHKO moves are banned
|rule|Evasion Items Clause: Evasion items are banned
|rule|Evasion Moves Clause: Evasion moves are banned
|rule|Evasion Abilities Clause: Evasion abilities are banned
|rule|Sleep Moves Clause: Sleep-inducing moves are banned
|clearpoke
|poke|p1|Milotic, F|
|poke|p1|Clodsire, M|
|poke|p1|Pelipper, F|
|poke|p1|Garganacl, M|
|poke|p1|Weezing-Galar, F|
|poke|p1|Tinkaton, F|
|poke|p2|Dudunsparce-*, F|
|poke|p2|Blissey, F|
|poke|p2|Jirachi|
|poke|p2|Sawsbuck, F|
|poke|p2|Meloetta|
|poke|p2|Chansey, F|
|teampreview
|
|t:|1757867154
|teamsize|p1|6
|teamsize|p2|6
|start
|switch|p1a: Pelipper|Pelipper, F|100/100
|switch|p2a: Dudunsparce|Dudunsparce-Three-Segment, F|100/100
|-weather|RainDance|[from] ability: Drizzle|[of] p1a: Pelipper
|turn|1
|
|t:|1757867164
|move|p2a: Dudunsparce|Body Slam|p1a: Pelipper
|-damage|p1a: Pelipper|71/100
|-status|p1a: Pelipper|par
|move|p1a: Pelipper|Weather Ball|p2a: Dudunsparce
|-damage|p2a: Dudunsparce|48/100
|
|-weather|RainDance|[upkeep]
|-heal|p2a: Dudunsparce|54/100|[from] item: Leftovers
|-heal|p1a: Pelipper|77/100 par|[from] item: Leftovers
|upkeep
|turn|2
|
|t:|1757867175
|move|p2a: Dudunsparce|Headbutt|p1a: Pelipper
|-damage|p1a: Pelipper|54/100 par
|cant|p1a: Pelipper|flinch
|
|-weather|RainDance|[upkeep]
|-heal|p2a: Dudunsparce|60/100|[from] item: Leftovers
|-heal|p1a: Pelipper|60/100 par|[from] item: Leftovers
|upkeep
|turn|3
|
|t:|1757867183
|move|p2a: Dudunsparce|Headbutt|p1a: Pelipper
|-damage|p1a: Pelipper|35/100 par
|cant|p1a: Pelipper|flinch
|
|-weather|RainDance|[upkeep]
|-heal|p2a: Dudunsparce|66/100|[from] item: Leftovers
|-heal|p1a: Pelipper|41/100 par|[from] item: Leftovers
|upkeep
|turn|4
|
|t:|1757867191
|move|p1a: Pelipper|Protect|p1a: Pelipper
|-singleturn|p1a: Pelipper|Protect
|move|p2a: Dudunsparce|Headbutt|p1a: Pelipper
|-activate|p1a: Pelipper|move: Protect
|
|-weather|RainDance|[upkeep]
|-heal|p2a: Dudunsparce|73/100|[from] item: Leftovers
|-heal|p1a: Pelipper|47/100 par|[from] item: Leftovers
|upkeep
|turn|5
|
|t:|1757867200
|move|p2a: Dudunsparce|Headbutt|p1a: Pelipper
|-damage|p1a: Pelipper|26/100 par
|cant|p1a: Pelipper|flinch
|
|-weather|none
|-heal|p2a: Dudunsparce|79/100|[from] item: Leftovers
|-heal|p1a: Pelipper|32/100 par|[from] item: Leftovers
|upkeep
|turn|6
|
|t:|1757867209
|move|p1a: Pelipper|Protect|p1a: Pelipper
|-singleturn|p1a: Pelipper|Protect
|move|p2a: Dudunsparce|Ancient Power|p1a: Pelipper
|-activate|p1a: Pelipper|move: Protect
|
|-heal|p2a: Dudunsparce|85/100|[from] item: Leftovers
|-heal|p1a: Pelipper|38/100 par|[from] item: Leftovers
|upkeep
|turn|7
|
|t:|1757867217
|move|p2a: Dudunsparce|Ancient Power|p1a: Pelipper
|-supereffective|p1a: Pelipper
|-damage|p1a: Pelipper|4/100 par
|-boost|p2a: Dudunsparce|atk|1
|-boost|p2a: Dudunsparce|def|1
|-boost|p2a: Dudunsparce|spa|1
|-boost|p2a: Dudunsparce|spd|1
|-boost|p2a: Dudunsparce|spe|1
|move|p1a: Pelipper|Hurricane|p2a: Dudunsparce|[miss]
|-miss|p1a: Pelipper|p2a: Dudunsparce
|
|-heal|p2a: Dudunsparce|91/100|[from] item: Leftovers
|-heal|p1a: Pelipper|10/100 par|[from] item: Leftovers
|upkeep
|turn|8
|
|t:|1757867229
|switch|p1a: Weezing|Weezing-Galar, F|100/100
|move|p2a: Dudunsparce|Ancient Power|p1a: Weezing
|-damage|p1a: Weezing|74/100
|
|-heal|p2a: Dudunsparce|97/100|[from] item: Leftovers
|-heal|p1a: Weezing|80/100|[from] item: Leftovers
|upkeep
|turn|9
|
|t:|1757867238
|move|p2a: Dudunsparce|Headbutt|p1a: Weezing
|-damage|p1a: Weezing|50/100
|move|p1a: Weezing|Toxic|p2a: Dudunsparce
|-status|p2a: Dudunsparce|tox
|
|-heal|p2a: Dudunsparce|100/100 tox|[from] item: Leftovers
|-heal|p1a: Weezing|56/100|[from] item: Leftovers
|-damage|p2a: Dudunsparce|94/100 tox|[from] psn
|upkeep
|turn|10
|
|t:|1757867247
|move|p1a: Weezing|Protect|p1a: Weezing
|-singleturn|p1a: Weezing|Protect
|move|p2a: Dudunsparce|Body Slam|p1a: Weezing
|-activate|p1a: Weezing|move: Protect
|
|-heal|p2a: Dudunsparce|100/100 tox|[from] item: Leftovers
|-heal|p1a: Weezing|62/100|[from] item: Leftovers
|-damage|p2a: Dudunsparce|88/100 tox|[from] psn
|upkeep
|turn|11
|
|t:|1757867258
|move|p2a: Dudunsparce|Body Slam|p1a: Weezing
|-damage|p1a: Weezing|30/100
|move|p1a: Weezing|Clear Smog|p2a: Dudunsparce
|-damage|p2a: Dudunsparce|76/100 tox
|-clearboost|p2a: Dudunsparce
|
|-heal|p2a: Dudunsparce|82/100 tox|[from] item: Leftovers
|-heal|p1a: Weezing|36/100|[from] item: Leftovers
|-damage|p2a: Dudunsparce|64/100 tox|[from] psn
|upkeep
|turn|12
|
|t:|1757867270
|move|p1a: Weezing|Protect|p1a: Weezing
|-singleturn|p1a: Weezing|Protect
|move|p2a: Dudunsparce|Body Slam|p1a: Weezing
|-activate|p1a: Weezing|move: Protect
|
|-heal|p2a: Dudunsparce|70/100 tox|[from] item: Leftovers
|-heal|p1a: Weezing|42/100|[from] item: Leftovers
|-damage|p2a: Dudunsparce|45/100 tox|[from] psn
|upkeep
|turn|13
|inactive|Battle timer is ON: inactive players will automatically lose when time's up. (requested by Leturgia_bleed)
|
|t:|1757867291
|move|p2a: Dudunsparce|Body Slam|p1a: Weezing
|-damage|p1a: Weezing|16/100
|move|p1a: Weezing|Strange Steam|p2a: Dudunsparce
|-damage|p2a: Dudunsparce|12/100 tox
|
|-heal|p2a: Dudunsparce|18/100 tox|[from] item: Leftovers
|-heal|p1a: Weezing|22/100|[from] item: Leftovers
|-damage|p2a: Dudunsparce|0 fnt|[from] psn
|faint|p2a: Dudunsparce
|upkeep
|
|t:|1757867300
|switch|p2a: Jirachi|Jirachi|100/100
|turn|14
|
|t:|1757867311
|switch|p1a: Garganacl|Garganacl, M|100/100
|move|p2a: Jirachi|Trick|p1a: Garganacl
|-activate|p2a: Jirachi|move: Trick|[of] p1a: Garganacl
|-item|p1a: Garganacl|Choice Specs|[from] move: Trick
|-item|p2a: Jirachi|Leftovers|[from] move: Trick
|
|upkeep
|turn|15
|
|t:|1757867319
|switch|p2a: Sawsbuck|Sawsbuck, F|100/100
|move|p1a: Garganacl|Salt Cure|p2a: Sawsbuck
|-damage|p2a: Sawsbuck|79/100
|-start|p2a: Sawsbuck|Salt Cure
|
|-heal|p2a: Sawsbuck|85/100|[from] item: Leftovers
|-damage|p2a: Sawsbuck|73/100|[from] Salt Cure
|upkeep
|turn|16
|
|t:|1757867336
|switch|p1a: Weezing|Weezing-Galar, F|22/100
|move|p2a: Sawsbuck|Body Slam|p1a: Weezing
|-damage|p1a: Weezing|0 fnt
|faint|p1a: Weezing
|
|-heal|p2a: Sawsbuck|79/100|[from] item: Leftovers
|-damage|p2a: Sawsbuck|67/100|[from] Salt Cure
|upkeep
|
|t:|1757867351
|switch|p1a: Tinkaton|Tinkaton, F|100/100
|-ability|p1a: Tinkaton|Mold Breaker
|turn|17
|
|t:|1757867356
|move|p1a: Tinkaton|Swords Dance|p1a: Tinkaton
|-boost|p1a: Tinkaton|atk|2
|move|p2a: Sawsbuck|Body Slam|p1a: Tinkaton
|-resisted|p1a: Tinkaton
|-damage|p1a: Tinkaton|75/100
|
|-heal|p1a: Tinkaton|81/100|[from] item: Leftovers
|-heal|p2a: Sawsbuck|73/100|[from] item: Leftovers
|-damage|p2a: Sawsbuck|60/100|[from] Salt Cure
|upkeep
|turn|18
|
|t:|1757867367
|move|p1a: Tinkaton|Swords Dance|p1a: Tinkaton
|-boost|p1a: Tinkaton|atk|2
|move|p2a: Sawsbuck|Body Slam|p1a: Tinkaton
|-resisted|p1a: Tinkaton
|-damage|p1a: Tinkaton|54/100
|
|-heal|p1a: Tinkaton|60/100|[from] item: Leftovers
|-heal|p2a: Sawsbuck|66/100|[from] item: Leftovers
|-damage|p2a: Sawsbuck|54/100|[from] Salt Cure
|upkeep
|turn|19
|
|t:|1757867378
|move|p1a: Tinkaton|Knock Off|p2a: Sawsbuck
|-damage|p2a: Sawsbuck|0 fnt
|-enditem|p2a: Sawsbuck|Leftovers|[from] move: Knock Off|[of] p1a: Tinkaton
|faint|p2a: Sawsbuck
|
|-heal|p1a: Tinkaton|66/100|[from] item: Leftovers
|upkeep
|-message|Leturgia_bleed forfeited.
|
|win|chonkyybb
|raw|chonkyybb's rating: 1046 &rarr; <strong>1079</strong><br />(+33 for winning)
|raw|Leturgia_bleed's rating: 1042 &rarr; <strong>1026</strong><br />(-16 for losing)
|l|☆Leturgia_bleed
|player|p2|
