|j|‽oehtwashere
|j|‽Lucid Coffee
|t:|1757848925
|gametype|singles
|player|p1|oehtwashere|supernerd|1664
|player|p2|Lucid Coffee|blue|1639
|gen|9
|tier|[Gen 9] OU
|rated|
|rule|HP Percentage Mod: HP is shown in percentages
|rule|Endless Battle Clause: Forcing endless battles is banned
|rule|Species Clause: Limit one of each Pokémon
|rule|OHKO Clause: OHKO moves are banned
|rule|Evasion Items Clause: Evasion items are banned
|rule|Evasion Moves Clause: Evasion moves are banned
|rule|Evasion Abilities Clause: Evasion abilities are banned
|rule|Sleep Moves Clause: Sleep-inducing moves are banned
|clearpoke
|poke|p1|Raikou|
|poke|p1|Samurott-Hisui, M|
|poke|p1|Ting-Lu|
|poke|p1|Dragonite, F|
|poke|p1|Gholdengo|
|poke|p1|Clefable, M|
|poke|p2|Iron Moth|
|poke|p2|Ting-Lu|
|poke|p2|Torkoal, F|
|poke|p2|Walking Wake|
|poke|p2|Great Tusk|
|poke|p2|Slither Wing|
|teampreview
|inactive|Battle timer is ON: inactive players will automatically lose when time's up. (requested by oehtwashere)
|
|t:|1757848941
|teamsize|p1|6
|teamsize|p2|6
|start
|switch|p1a: Raikou|Raikou|100/100
|switch|p2a: Slither Wing|Slither Wing|100/100
|-ability|p1a: Raikou|Pressure
|turn|1
|
|t:|1757848950
|switch|p1a: Clefable|Clefable, M|100/100
|-end|p2a: Slither Wing|Protosynthesis|[silent]
|switch|p2a: Ting-Lu|Ting-Lu|100/100
|-ability|p2a: Ting-Lu|Vessel of Ruin
|
|upkeep
|turn|2
|
|t:|1757848965
|move|p1a: Clefable|Knock Off|p2a: Ting-Lu
|-resisted|p2a: Ting-Lu
|-damage|p2a: Ting-Lu|96/100
|-enditem|p2a: Ting-Lu|Rocky Helmet|[from] move: Knock Off|[of] p1a: Clefable
|move|p2a: Ting-Lu|Spikes|p1a: Clefable
|-sidestart|p1: oehtwashere|Spikes
|
|upkeep
|turn|3
|
|t:|1757848977
|switch|p2a: Iron Moth|Iron Moth|100/100
|move|p1a: Clefable|Moonblast|p2a: Iron Moth
|-resisted|p2a: Iron Moth
|-damage|p2a: Iron Moth|93/100
|
|upkeep
|turn|4
|
|t:|1757848994
|-end|p2a: Iron Moth|Quark Drive|[silent]
|switch|p2a: Great Tusk|Great Tusk|100/100
|switch|p1a: Ting-Lu|Ting-Lu|100/100
|-damage|p1a: Ting-Lu|88/100|[from] Spikes
|-ability|p1a: Ting-Lu|Vessel of Ruin
|
|-heal|p1a: Ting-Lu|94/100|[from] item: Leftovers
|upkeep
|turn|5
|inactive|Lucid Coffee has 120 seconds left.
|
|t:|1757849026
|-end|p2a: Great Tusk|Protosynthesis|[silent]
|switch|p2a: Torkoal|Torkoal, F|100/100
|-weather|SunnyDay|[from] ability: Drought|[of] p2a: Torkoal
|move|p1a: Ting-Lu|Ruination|p2a: Torkoal|[miss]
|-miss|p1a: Ting-Lu|p2a: Torkoal
|
|-weather|SunnyDay|[upkeep]
|-heal|p1a: Ting-Lu|100/100|[from] item: Leftovers
|upkeep
|turn|6
|
|t:|1757849035
|switch|p1a: Clefable|Clefable, M|100/100
|switch|p2a: Walking Wake|Walking Wake|100/100
|-activate|p2a: Walking Wake|ability: Protosynthesis
|-start|p2a: Walking Wake|protosynthesisspe
|
|-weather|SunnyDay|[upkeep]
|upkeep
|turn|7
|inactive|Lucid Coffee has 120 seconds left.
|
|t:|1757849044
|move|p2a: Walking Wake|Hydro Steam|p1a: Clefable
|-damage|p1a: Clefable|18/100
|move|p1a: Clefable|Knock Off|p2a: Walking Wake
|-damage|p2a: Walking Wake|85/100
|-enditem|p2a: Walking Wake|Choice Specs|[from] move: Knock Off|[of] p1a: Clefable
|
|-weather|SunnyDay|[upkeep]
|-heal|p1a: Clefable|24/100|[from] item: Leftovers
|upkeep
|turn|8
|
|t:|1757849051
|move|p1a: Clefable|Protect|p1a: Clefable
|-singleturn|p1a: Clefable|Protect
|move|p2a: Walking Wake|Hydro Steam|p1a: Clefable
|-activate|p1a: Clefable|move: Protect
|
|-weather|SunnyDay|[upkeep]
|-heal|p1a: Clefable|30/100|[from] item: Leftovers
|upkeep
|turn|9
|
|t:|1757849058
|switch|p1a: Dragonite|Dragonite, F|100/100
|move|p2a: Walking Wake|Hydro Steam|p1a: Dragonite
|-resisted|p1a: Dragonite
|-damage|p1a: Dragonite|85/100
|
|-weather|SunnyDay|[upkeep]
|upkeep
|turn|10
|
|t:|1757849071
|switch|p1a: Gholdengo|Gholdengo|100/100
|move|p2a: Walking Wake|Dragon Pulse|p1a: Gholdengo
|-resisted|p1a: Gholdengo
|-damage|p1a: Gholdengo|78/100
|
|-weather|SunnyDay|[upkeep]
|upkeep
|turn|11
|
|t:|1757849077
|switch|p1a: Dragonite|Dragonite, F|85/100
|move|p2a: Walking Wake|Flamethrower|p1a: Dragonite
|-resisted|p1a: Dragonite
|-damage|p1a: Dragonite|66/100
|
|-weather|SunnyDay|[upkeep]
|upkeep
|turn|12
|
|t:|1757849083
|switch|p1a: Gholdengo|Gholdengo|78/100
|move|p2a: Walking Wake|Dragon Pulse|p1a: Gholdengo
|-resisted|p1a: Gholdengo
|-damage|p1a: Gholdengo|58/100
|
|-weather|none
|-end|p2a: Walking Wake|Protosynthesis
|upkeep
|turn|13
|
|t:|1757849088
|-end|p2a: Walking Wake|Protosynthesis|[silent]
|switch|p2a: Ting-Lu|Ting-Lu|96/100
|-ability|p2a: Ting-Lu|Vessel of Ruin
|switch|p1a: Samurott|Samurott-Hisui, M|100/100
|
|upkeep
|turn|14
|
|t:|1757849101
|move|p1a: Samurott|Razor Shell|p2a: Ting-Lu
|-supereffective|p2a: Ting-Lu
|-damage|p2a: Ting-Lu|39/100
|-unboost|p2a: Ting-Lu|def|1
|move|p2a: Ting-Lu|Ruination|p1a: Samurott
|-damage|p1a: Samurott|51/100
|
|upkeep
|turn|15
|
|t:|1757849110
|switch|p2a: Slither Wing|Slither Wing|100/100
|move|p1a: Samurott|Ceaseless Edge|p2a: Slither Wing
|-resisted|p2a: Slither Wing
|-damage|p2a: Slither Wing|73/100
|-sidestart|p2: Lucid Coffee|Spikes
|
|upkeep
|turn|16
|
|t:|1757849118
|move|p1a: Samurott|Flip Turn|p2a: Slither Wing
|-damage|p2a: Slither Wing|39/100
|
|t:|1757849120
|switch|p1a: Dragonite|Dragonite, F|66/100|[from] Flip Turn
|move|p2a: Slither Wing|U-turn|p1a: Dragonite
|-resisted|p1a: Dragonite
|-damage|p1a: Dragonite|34/100
|j| 54 Insane Rats
|
|t:|1757849136
|-end|p2a: Slither Wing|Protosynthesis|[silent]
|switch|p2a: Walking Wake|Walking Wake|85/100|[from] U-turn
|-damage|p2a: Walking Wake|73/100|[from] Spikes
|
|upkeep
|turn|17
|
|t:|1757849150
|move|p1a: Dragonite|Extreme Speed|p2a: Walking Wake
|-damage|p2a: Walking Wake|40/100
|move|p2a: Walking Wake|Dragon Pulse|p1a: Dragonite
|-supereffective|p1a: Dragonite
|-damage|p1a: Dragonite|0 fnt
|faint|p1a: Dragonite
|
|upkeep
|
|t:|1757849159
|switch|p1a: Ting-Lu|Ting-Lu|100/100
|-damage|p1a: Ting-Lu|88/100|[from] Spikes
|-ability|p1a: Ting-Lu|Vessel of Ruin
|turn|18
|
|t:|1757849169
|-end|p2a: Walking Wake|Protosynthesis|[silent]
|switch|p2a: Slither Wing|Slither Wing|39/100
|-damage|p2a: Slither Wing|27/100|[from] Spikes
|move|p1a: Ting-Lu|Stealth Rock|p2a: Slither Wing
|-sidestart|p2: Lucid Coffee|move: Stealth Rock
|
|-heal|p1a: Ting-Lu|94/100|[from] item: Leftovers
|upkeep
|turn|19
|
|t:|1757849178
|switch|p1a: Gholdengo|Gholdengo|58/100
|move|p2a: Slither Wing|U-turn|p1a: Gholdengo
|-resisted|p1a: Gholdengo
|-damage|p1a: Gholdengo|47/100
|
|t:|1757849186
|-end|p2a: Slither Wing|Protosynthesis|[silent]
|switch|p2a: Ting-Lu|Ting-Lu|39/100|[from] U-turn
|-damage|p2a: Ting-Lu|26/100|[from] Spikes
|-damage|p2a: Ting-Lu|20/100|[from] Stealth Rock
|-ability|p2a: Ting-Lu|Vessel of Ruin
|
|upkeep
|turn|20
|
|t:|1757849196
|move|p1a: Gholdengo|Make It Rain|p2a: Ting-Lu
|-damage|p2a: Ting-Lu|0 fnt
|-unboost|p1a: Gholdengo|spa|1
|faint|p2a: Ting-Lu
|
|upkeep
|
|t:|1757849210
|switch|p2a: Torkoal|Torkoal, F|100/100
|-damage|p2a: Torkoal|88/100|[from] Spikes
|-damage|p2a: Torkoal|63/100|[from] Stealth Rock
|-weather|SunnyDay|[from] ability: Drought|[of] p2a: Torkoal
|turn|21
|
|t:|1757849216
|switch|p1a: Ting-Lu|Ting-Lu|94/100
|-damage|p1a: Ting-Lu|82/100|[from] Spikes
|-ability|p1a: Ting-Lu|Vessel of Ruin
|move|p2a: Torkoal|Rapid Spin|p1a: Ting-Lu
|-damage|p1a: Ting-Lu|77/100
|-boost|p2a: Torkoal|spe|1
|-sideend|p2: Lucid Coffee|Spikes|[from] move: Rapid Spin|[of] p2a: Torkoal
|-sideend|p2: Lucid Coffee|Stealth Rock|[from] move: Rapid Spin|[of] p2a: Torkoal
|
|-weather|SunnyDay|[upkeep]
|-heal|p1a: Ting-Lu|83/100|[from] item: Leftovers
|upkeep
|turn|22
|
|t:|1757849230
|switch|p2a: Slither Wing|Slither Wing|27/100
|-activate|p2a: Slither Wing|ability: Protosynthesis
|-start|p2a: Slither Wing|protosynthesisatk
|move|p1a: Ting-Lu|Stealth Rock|p2a: Slither Wing
|-sidestart|p2: Lucid Coffee|move: Stealth Rock
|
|-weather|SunnyDay|[upkeep]
|-heal|p1a: Ting-Lu|90/100|[from] item: Leftovers
|upkeep
|turn|23
|
|t:|1757849243
|switch|p1a: Clefable|Clefable, M|30/100
|move|p2a: Slither Wing|Flare Blitz|p1a: Clefable
|-damage|p1a: Clefable|0 fnt
|faint|p1a: Clefable
|-damage|p2a: Slither Wing|15/100|[from] Recoil
|
|-weather|SunnyDay|[upkeep]
|upkeep
|
|t:|1757849246
|switch|p1a: Samurott|Samurott-Hisui, M|51/100
|turn|24
|
|t:|1757849274
|-end|p2a: Slither Wing|Protosynthesis|[silent]
|switch|p2a: Walking Wake|Walking Wake|40/100
|-damage|p2a: Walking Wake|28/100|[from] Stealth Rock
|-activate|p2a: Walking Wake|ability: Protosynthesis
|-start|p2a: Walking Wake|protosynthesisspe
|move|p1a: Samurott|Ceaseless Edge|p2a: Walking Wake
|-damage|p2a: Walking Wake|0 fnt
|-sidestart|p2: Lucid Coffee|Spikes
|faint|p2a: Walking Wake
|-end|p2a: Walking Wake|Protosynthesis|[silent]
|
|-weather|SunnyDay|[upkeep]
|upkeep
|
|t:|1757849283
|switch|p2a: Great Tusk|Great Tusk|100/100
|-activate|p2a: Great Tusk|ability: Protosynthesis
|-start|p2a: Great Tusk|protosynthesisspe
|turn|25
|
|t:|1757849292
|switch|p1a: Gholdengo|Gholdengo|47/100
|move|p2a: Great Tusk|Headlong Rush|p1a: Gholdengo
|-supereffective|p1a: Gholdengo
|-damage|p1a: Gholdengo|0 fnt
|-unboost|p2a: Great Tusk|def|1
|-unboost|p2a: Great Tusk|spd|1
|faint|p1a: Gholdengo
|
|-weather|SunnyDay|[upkeep]
|upkeep
|
|t:|1757849304
|switch|p1a: Raikou|Raikou|100/100
|-ability|p1a: Raikou|Pressure
|turn|26
|
|t:|1757849312
|-terastallize|p1a: Raikou|Ice
|move|p2a: Great Tusk|Rapid Spin|p1a: Raikou
|-damage|p1a: Raikou|82/100
|-boost|p2a: Great Tusk|spe|1
|-sideend|p2: Lucid Coffee|Spikes|[from] move: Rapid Spin|[of] p2a: Great Tusk
|-sideend|p2: Lucid Coffee|Stealth Rock|[from] move: Rapid Spin|[of] p2a: Great Tusk
|move|p1a: Raikou|Tera Blast|p2a: Great Tusk|[anim] Tera Blast Ice
|-supereffective|p2a: Great Tusk
|-damage|p2a: Great Tusk|0 fnt
|faint|p2a: Great Tusk
|-end|p2a: Great Tusk|Protosynthesis|[silent]
|
|-weather|SunnyDay|[upkeep]
|upkeep
|
|t:|1757849322
|switch|p2a: Iron Moth|Iron Moth|93/100
|turn|27
|
|t:|1757849326
|move|p1a: Raikou|Volt Switch|p2a: Iron Moth
|-damage|p2a: Iron Moth|60/100
|
|t:|1757849328
|switch|p1a: Ting-Lu|Ting-Lu|90/100|[from] Volt Switch
|-damage|p1a: Ting-Lu|77/100|[from] Spikes
|-ability|p1a: Ting-Lu|Vessel of Ruin
|move|p2a: Iron Moth|Fiery Dance|p1a: Ting-Lu
|-damage|p1a: Ting-Lu|38/100
|-boost|p2a: Iron Moth|spa|1
|
|-weather|SunnyDay|[upkeep]
|-heal|p1a: Ting-Lu|44/100|[from] item: Leftovers
|upkeep
|turn|28
|
|t:|1757849338
|move|p2a: Iron Moth|Fiery Dance|p1a: Ting-Lu
|-damage|p1a: Ting-Lu|0 fnt
|-boost|p2a: Iron Moth|spa|1
|faint|p1a: Ting-Lu
|
|-weather|none
|upkeep
|
|t:|1757849348
|switch|p1a: Raikou|Raikou, tera:Ice|82/100
|-ability|p1a: Raikou|Pressure
|turn|29
|
|t:|1757849369
|-end|p2a: Iron Moth|Quark Drive|[silent]
|switch|p2a: Torkoal|Torkoal, F|63/100
|-weather|SunnyDay|[from] ability: Drought|[of] p2a: Torkoal
|move|p1a: Raikou|Scald|p2a: Torkoal
|-supereffective|p2a: Torkoal
|-damage|p2a: Torkoal|30/100
|
|-weather|SunnyDay|[upkeep]
|upkeep
|turn|30
|
|t:|1757849379
|move|p1a: Raikou|Scald|p2a: Torkoal
|-supereffective|p2a: Torkoal
|-damage|p2a: Torkoal|0 fnt
|faint|p2a: Torkoal
|
|-weather|SunnyDay|[upkeep]
|upkeep
|
|t:|1757849392
|switch|p2a: Iron Moth|Iron Moth|60/100
|turn|31
|
|t:|1757849404
|move|p1a: Raikou|Scald|p2a: Iron Moth
|-supereffective|p2a: Iron Moth
|-damage|p2a: Iron Moth|33/100
|move|p2a: Iron Moth|Sludge Wave|p1a: Raikou
|-damage|p1a: Raikou|0 fnt
|faint|p1a: Raikou
|
|-weather|SunnyDay|[upkeep]
|upkeep
|
|t:|1757849408
|switch|p1a: Samurott|Samurott-Hisui, M|51/100
|turn|32
|
|t:|1757849411
|move|p1a: Samurott|Sucker Punch|p2a: Iron Moth
|-damage|p2a: Iron Moth|0 fnt
|faint|p2a: Iron Moth
|-end|p2a: Iron Moth|Quark Drive|[silent]
|
|-weather|SunnyDay|[upkeep]
|upkeep
|
|t:|1757849413
|switch|p2a: Slither Wing|Slither Wing|15/100
|-activate|p2a: Slither Wing|ability: Protosynthesis
|-start|p2a: Slither Wing|protosynthesisatk
|turn|33
|
|t:|1757849415
|move|p2a: Slither Wing|First Impression|p1a: Samurott
|-supereffective|p1a: Samurott
|-damage|p1a: Samurott|0 fnt
|faint|p1a: Samurott
|
|win|Lucid Coffee
|raw|oehtwashere's rating: 1664 &rarr; <strong>1643</strong><br />(-21 for losing)
|raw|Lucid Coffee's rating: 1639 &rarr; <strong>1660</strong><br />(+21 for winning)
|l|‽oehtwashere
|player|p1|
|l|‽Lucid Coffee
|player|p2|
|l| 54 Insane Rats
