|j|☆AJ1207
|j|☆CheddarCheese16
|t:|1757792169
|gametype|singles
|player|p1|AJ1207|flannery|1254
|player|p2|CheddarCheese16|170|1320
|gen|9
|tier|[Gen 9] OU
|rated|
|rule|HP Percentage Mod: HP is shown in percentages
|rule|Endless Battle Clause: Forcing endless battles is banned
|rule|Species Clause: Limit one of each Pokémon
|rule|OHKO Clause: OHKO moves are banned
|rule|Evasion Items Clause: Evasion items are banned
|rule|Evasion Moves Clause: Evasion moves are banned
|rule|Evasion Abilities Clause: Evasion abilities are banned
|rule|Sleep Moves Clause: Sleep-inducing moves are banned
|clearpoke
|poke|p1|Yanmega, M|
|poke|p1|Alomomola, F|
|poke|p1|Darkrai|
|poke|p1|Metagross|
|poke|p1|Ogerpon-Cornerstone, F|
|poke|p1|Great Tusk|
|poke|p2|Whimsicott, M|
|poke|p2|Kleavor, F|
|poke|p2|Samurott-Hisui, M|
|poke|p2|Gholdengo|
|poke|p2|Ting-Lu|
|poke|p2|Tornadus-Therian, M|
|teampreview
|inactive|Battle timer is ON: inactive players will automatically lose when time's up. (requested by CheddarCheese16)
|inactive|AJ1207 has 120 seconds left.
|
|t:|1757792216
|teamsize|p1|6
|teamsize|p2|6
|start
|switch|p1a: Metagross|Metagross|100/100
|switch|p2a: Lancelot|Samurott-Hisui, M|100/100
|turn|1
|inactive|AJ1207 has 120 seconds left.
|inactive|AJ1207 has 90 seconds left.
|
|t:|1757792282
|switch|p1a: Alomomola|Alomomola, F|100/100
|move|p2a: Lancelot|Ceaseless Edge|p1a: Alomomola
|-damage|p1a: Alomomola|66/100
|-sidestart|p1: AJ1207|Spikes
|
|upkeep
|turn|2
|inactive|AJ1207 has 90 seconds left.
|
|t:|1757792289
|move|p2a: Lancelot|Ceaseless Edge|p1a: Alomomola
|-damage|p1a: Alomomola|35/100
|-sidestart|p1: AJ1207|Spikes
|move|p1a: Alomomola|Flip Turn|p2a: Lancelot
|-resisted|p2a: Lancelot
|-damage|p2a: Lancelot|90/100
|inactive|AJ1207 has 90 seconds left.
|
|t:|1757792298
|switch|p1a: Yanmega|Yanmega, M|100/100|[from] Flip Turn
|
|upkeep
|turn|3
|
|t:|1757792304
|switch|p2a: Gholdengo|Gholdengo|100/100
|move|p1a: Yanmega|Bug Buzz|p2a: Gholdengo
|-resisted|p2a: Gholdengo
|-damage|p2a: Gholdengo|86/100
|-enditem|p1a: Yanmega|Throat Spray
|-boost|p1a: Yanmega|spa|1|[from] item: Throat Spray
|
|-heal|p2a: Gholdengo|92/100|[from] item: Leftovers
|-ability|p1a: Yanmega|Speed Boost|boost
|-boost|p1a: Yanmega|spe|1
|upkeep
|turn|4
|
|t:|1757792315
|move|p1a: Yanmega|Shadow Ball|p2a: Gholdengo
|-supereffective|p2a: Gholdengo
|-damage|p2a: Gholdengo|0 fnt
|faint|p2a: Gholdengo
|
|-ability|p1a: Yanmega|Speed Boost|boost
|-boost|p1a: Yanmega|spe|1
|upkeep
|
|t:|1757792324
|switch|p2a: Rocky Balboa|Kleavor, F|100/100
|turn|5
|inactive|AJ1207 has 90 seconds left.
|
|t:|1757792378
|move|p1a: Yanmega|Bug Buzz|p2a: Rocky Balboa
|-damage|p2a: Rocky Balboa|0 fnt
|faint|p2a: Rocky Balboa
|
|-ability|p1a: Yanmega|Speed Boost|boost
|-boost|p1a: Yanmega|spe|1
|upkeep
|
|t:|1757792388
|switch|p2a: Ting-Lu|Ting-Lu|100/100
|-ability|p2a: Ting-Lu|Vessel of Ruin
|turn|6
|
|t:|1757792393
|move|p1a: Yanmega|Bug Buzz|p2a: Ting-Lu
|-supereffective|p2a: Ting-Lu
|-damage|p2a: Ting-Lu|40/100
|move|p2a: Ting-Lu|Whirlwind|p1a: Yanmega
|drag|p1a: Great Tusk|Great Tusk|100/100
|-damage|p1a: Great Tusk|84/100|[from] Spikes
|
|-heal|p1a: Great Tusk|90/100|[from] item: Leftovers
|-heal|p2a: Ting-Lu|46/100|[from] item: Leftovers
|upkeep
|turn|7
|
|t:|1757792402
|switch|p2a: Not Miraidon|Tornadus-Therian, M|100/100
|move|p1a: Great Tusk|Rapid Spin|p2a: Not Miraidon
|-crit|p2a: Not Miraidon
|-damage|p2a: Not Miraidon|72/100
|-boost|p1a: Great Tusk|spe|1
|-sideend|p1: AJ1207|Spikes|[from] move: Rapid Spin|[of] p1a: Great Tusk
|
|-heal|p1a: Great Tusk|96/100|[from] item: Leftovers
|upkeep
|turn|8
|inactive|AJ1207 has 90 seconds left.
|
|t:|1757792409
|move|p1a: Great Tusk|Ice Spinner|p2a: Not Miraidon
|-supereffective|p2a: Not Miraidon
|-damage|p2a: Not Miraidon|8/100
|move|p2a: Not Miraidon|Bleakwind Storm|p1a: Great Tusk
|-supereffective|p1a: Great Tusk
|-damage|p1a: Great Tusk|0 fnt
|faint|p1a: Great Tusk
|-end|p1a: Great Tusk|Protosynthesis|[silent]
|-damage|p2a: Not Miraidon|0 fnt|[from] item: Life Orb
|faint|p2a: Not Miraidon
|
|upkeep
|inactive|AJ1207 has 90 seconds left.
|
|t:|1757792417
|switch|p2a: Lancelot|Samurott-Hisui, M|90/100
|switch|p1a: Yanmega|Yanmega, M|100/100
|turn|9
|
|t:|1757792423
|-terastallize|p2a: Lancelot|Water
|move|p2a: Lancelot|Razor Shell|p1a: Yanmega
|-damage|p1a: Yanmega|10/100
|move|p1a: Yanmega|Bug Buzz|p2a: Lancelot
|-damage|p2a: Lancelot|20/100
|
|-ability|p1a: Yanmega|Speed Boost|boost
|-boost|p1a: Yanmega|spe|1
|upkeep
|turn|10
|-message|CheddarCheese16 forfeited.
|
|win|AJ1207
|raw|AJ1207's rating: 1254 &rarr; <strong>1284</strong><br />(+30 for winning)
|raw|CheddarCheese16's rating: 1320 &rarr; <strong>1296</strong><br />(-24 for losing)
|l|☆CheddarCheese16
|player|p2|
