|j|☆owl_with_scarf
|j|☆llrrxx
|t:|1757949097
|gametype|singles
|player|p1|owl_with_scarf|#owlwithscarf|1509
|player|p2|llrrxx|170|1508
|gen|9
|tier|[Gen 9] OU
|rated|
|rule|HP Percentage Mod: HP is shown in percentages
|rule|Endless Battle Clause: Forcing endless battles is banned
|rule|Species Clause: Limit one of each Pokémon
|rule|OHKO Clause: OHKO moves are banned
|rule|Evasion Items Clause: Evasion items are banned
|rule|Evasion Moves Clause: Evasion moves are banned
|rule|Evasion Abilities Clause: Evasion abilities are banned
|rule|Sleep Moves Clause: Sleep-inducing moves are banned
|clearpoke
|poke|p1|Ninetales-Alola, F|
|poke|p1|Cetitan, M|
|poke|p1|Kyurem|
|poke|p1|Sandslash-Alola, F|
|poke|p1|Moltres|
|poke|p1|Zamazenta-*|
|poke|p2|Dragonite, F|
|poke|p2|Metagross|
|poke|p2|Alomomola, M|
|poke|p2|Ogerpon-Wellspring, F|
|poke|p2|Walking Wake|
|poke|p2|Garchomp, M|
|teampreview
|inactive|Battle timer is ON: inactive players will automatically lose when time's up. (requested by owl_with_scarf)
|
|t:|1757949107
|teamsize|p1|6
|teamsize|p2|6
|start
|switch|p1a: Ninetales|Ninetales-Alola, F|100/100
|switch|p2a: Garchomp|Garchomp, M, shiny|100/100
|-weather|Snowscape|[from] ability: Snow Warning|[of] p1a: Ninetales
|turn|1
|
|t:|1757949113
|switch|p2a: Metagross|Metagross, shiny|100/100
|move|p1a: Ninetales|Blizzard|p2a: Metagross
|-resisted|p2a: Metagross
|-damage|p2a: Metagross|86/100
|
|-weather|Snowscape|[upkeep]
|upkeep
|turn|2
|
|t:|1757949121
|switch|p1a: Moltres|Moltres|100/100
|move|p2a: Metagross|Knock Off|p1a: Moltres
|-damage|p1a: Moltres|58/100
|-enditem|p1a: Moltres|Heavy-Duty Boots|[from] move: Knock Off|[of] p2a: Metagross
|
|-weather|Snowscape|[upkeep]
|upkeep
|turn|3
|
|t:|1757949132
|switch|p2a: Alomomola|Alomomola, M, shiny|100/100
|move|p1a: Moltres|U-turn|p2a: Alomomola
|-damage|p2a: Alomomola|93/100
|
|t:|1757949134
|switch|p1a: Kyurem|Kyurem|100/100|[from] U-turn
|-ability|p1a: Kyurem|Pressure
|
|-weather|Snowscape|[upkeep]
|upkeep
|turn|4
|
|t:|1757949140
|move|p1a: Kyurem|Freeze-Dry|p2a: Alomomola
|-supereffective|p2a: Alomomola
|-damage|p2a: Alomomola|0 fnt
|faint|p2a: Alomomola
|
|-weather|Snowscape|[upkeep]
|upkeep
|
|t:|1757949145
|switch|p2a: Metagross|Metagross, shiny|86/100
|turn|5
|
|t:|1757949152
|switch|p1a: Moltres|Moltres|58/100
|move|p2a: Metagross|Ice Punch|p1a: Moltres
|-damage|p1a: Moltres|26/100
|-status|p1a: Moltres|frz
|
|-weather|Snowscape|[upkeep]
|upkeep
|turn|6
|
|t:|1757949159
|cant|p1a: Moltres|frz
|move|p2a: Metagross|Ice Punch|p1a: Moltres
|-damage|p1a: Moltres|0 fnt
|faint|p1a: Moltres
|
|-weather|Snowscape|[upkeep]
|upkeep
|
|t:|1757949162
|switch|p1a: Sandslash|Sandslash-Alola, F|100/100
|turn|7
|
|t:|1757949167
|move|p1a: Sandslash|Knock Off|p2a: Metagross
|-supereffective|p2a: Metagross
|-damage|p2a: Metagross|36/100
|-enditem|p2a: Metagross|Assault Vest|[from] move: Knock Off|[of] p1a: Sandslash
|move|p2a: Metagross|Earthquake|p1a: Sandslash
|-supereffective|p1a: Sandslash
|-damage|p1a: Sandslash|45/100
|
|-weather|Snowscape|[upkeep]
|upkeep
|turn|8
|
|t:|1757949175
|move|p2a: Metagross|Bullet Punch|p1a: Sandslash
|-damage|p1a: Sandslash|29/100
|move|p1a: Sandslash|Knock Off|p2a: Metagross
|-supereffective|p2a: Metagross
|-damage|p2a: Metagross|6/100
|
|-weather|none
|upkeep
|turn|9
|
|t:|1757949185
|move|p2a: Metagross|Bullet Punch|p1a: Sandslash
|-damage|p1a: Sandslash|5/100
|move|p1a: Sandslash|Rapid Spin|p2a: Metagross
|-resisted|p2a: Metagross
|-damage|p2a: Metagross|0 fnt
|-boost|p1a: Sandslash|spe|1
|faint|p2a: Metagross
|
|upkeep
|
|t:|1757949205
|switch|p2a: Ogerpon|Ogerpon-Wellspring, F|100/100
|turn|10
|
|t:|1757949211
|move|p2a: Ogerpon|Horn Leech|p1a: Sandslash
|-resisted|p1a: Sandslash
|-damage|p1a: Sandslash|0 fnt
|faint|p1a: Sandslash
|
|upkeep
|
|t:|1757949213
|switch|p1a: Ninetales|Ninetales-Alola, F|100/100
|-weather|Snowscape|[from] ability: Snow Warning|[of] p1a: Ninetales
|turn|11
|
|t:|1757949224
|move|p2a: Ogerpon|Ivy Cudgel|p1a: Ninetales|[anim] Ivy Cudgel Water
|-damage|p1a: Ninetales|37/100
|move|p1a: Ninetales|Freeze-Dry|p2a: Ogerpon
|-supereffective|p2a: Ogerpon
|-damage|p2a: Ogerpon|0 fnt
|faint|p2a: Ogerpon
|
|-weather|Snowscape|[upkeep]
|upkeep
|
|t:|1757949235
|switch|p2a: Walking Wake|Walking Wake|100/100
|turn|12
|
|t:|1757949248
|move|p1a: Ninetales|Freeze-Dry|p2a: Walking Wake
|-supereffective|p2a: Walking Wake
|-damage|p2a: Walking Wake|0 fnt
|faint|p2a: Walking Wake
|-end|p2a: Walking Wake|Protosynthesis|[silent]
|
|-weather|Snowscape|[upkeep]
|upkeep
|-message|llrrxx forfeited.
|
|win|owl_with_scarf
|raw|owl_with_scarf's rating: 1509 &rarr; <strong>1529</strong><br />(+20 for winning)
|raw|llrrxx's rating: 1508 &rarr; <strong>1488</strong><br />(-20 for losing)
|l|☆llrrxx
|player|p2|
|l|☆owl_with_scarf
|player|p1|
