|j|☆carloss prates
|j|☆Mky27
|t:|1757836991
|gametype|singles
|player|p1|carloss prates|bruno|1525
|player|p2|Mky27|ltsurge|1521
|gen|9
|tier|[Gen 9] OU
|rated|
|rule|HP Percentage Mod: HP is shown in percentages
|rule|Endless Battle Clause: Forcing endless battles is banned
|rule|Species Clause: Limit one of each Pokémon
|rule|OHKO Clause: OHKO moves are banned
|rule|Evasion Items Clause: Evasion items are banned
|rule|Evasion Moves Clause: Evasion moves are banned
|rule|Evasion Abilities Clause: Evasion abilities are banned
|rule|Sleep Moves Clause: Sleep-inducing moves are banned
|clearpoke
|poke|p1|Landorus-Therian, M|
|poke|p1|Samurott-Hisui, M|
|poke|p1|Pecharunt|
|poke|p1|Scizor, F|
|poke|p1|Latios, M|
|poke|p1|Zamazenta-*|
|poke|p2|Walking Wake|
|poke|p2|Great Tusk|
|poke|p2|Torkoal, F|
|poke|p2|Indeedee, M|
|poke|p2|Exeggutor, M|
|poke|p2|Kingambit, M|
|teampreview
|inactive|Battle timer is ON: inactive players will automatically lose when time's up. (requested by Mky27)
|
|t:|1757837012
|teamsize|p1|6
|teamsize|p2|6
|start
|switch|p1a: Samurott|Samurott-Hisui, M|100/100
|switch|p2a: Trollkoal|Torkoal, F, shiny|100/100
|-weather|SunnyDay|[from] ability: Drought|[of] p2a: Trollkoal
|turn|1
|
|t:|1757837019
|move|p1a: Samurott|Ceaseless Edge|p2a: Trollkoal|[miss]
|-miss|p1a: Samurott|p2a: Trollkoal
|move|p2a: Trollkoal|Body Press|p1a: Samurott
|-supereffective|p1a: Samurott
|-damage|p1a: Samurott|22/100
|
|-weather|SunnyDay|[upkeep]
|upkeep
|turn|2
|
|t:|1757837028
|move|p1a: Samurott|Ceaseless Edge|p2a: Trollkoal
|-damage|p2a: Trollkoal|73/100
|-sidestart|p2: Mky27|Spikes
|move|p2a: Trollkoal|Stealth Rock|p1a: Samurott
|-sidestart|p1: carloss prates|move: Stealth Rock
|
|-weather|SunnyDay|[upkeep]
|upkeep
|turn|3
|
|t:|1757837036
|move|p1a: Samurott|Knock Off|p2a: Trollkoal
|-damage|p2a: Trollkoal|46/100
|-enditem|p2a: Trollkoal|Heat Rock|[from] move: Knock Off|[of] p1a: Samurott
|move|p2a: Trollkoal|Rapid Spin|p1a: Samurott
|-damage|p1a: Samurott|10/100
|-boost|p2a: Trollkoal|spe|1
|-sideend|p2: Mky27|Spikes|[from] move: Rapid Spin|[of] p2a: Trollkoal
|
|-weather|SunnyDay|[upkeep]
|upkeep
|turn|4
|
|t:|1757837045
|move|p1a: Samurott|Razor Shell|p2a: Trollkoal
|-supereffective|p2a: Trollkoal
|-damage|p2a: Trollkoal|14/100
|move|p2a: Trollkoal|Rapid Spin|p1a: Samurott
|-damage|p1a: Samurott|0 fnt
|-boost|p2a: Trollkoal|spe|1
|faint|p1a: Samurott
|
|-weather|SunnyDay|[upkeep]
|upkeep
|
|t:|1757837048
|switch|p1a: Landorus|Landorus-Therian, M|100/100
|-damage|p1a: Landorus|88/100|[from] Stealth Rock
|-ability|p1a: Landorus|Intimidate|boost
|-unboost|p2a: Trollkoal|atk|1
|turn|5
|
|t:|1757837063
|switch|p2a: Paleomut|Great Tusk, shiny|100/100
|-activate|p2a: Paleomut|ability: Protosynthesis
|-start|p2a: Paleomut|protosynthesisspe
|move|p1a: Landorus|Stealth Rock|p2a: Paleomut
|-sidestart|p2: Mky27|move: Stealth Rock
|
|-weather|SunnyDay|[upkeep]
|upkeep
|turn|6
|
|t:|1757837082
|move|p2a: Paleomut|Headlong Rush|p1a: Landorus
|-immune|p1a: Landorus
|move|p1a: Landorus|U-turn|p2a: Paleomut
|-resisted|p2a: Paleomut
|-damage|p2a: Paleomut|93/100
|
|t:|1757837089
|switch|p1a: Pecharunt|Pecharunt|100/100|[from] U-turn
|
|-weather|SunnyDay|[upkeep]
|-heal|p2a: Paleomut|99/100|[from] item: Leftovers
|upkeep
|turn|7
|
|t:|1757837102
|switch|p1a: Landorus|Landorus-Therian, M|88/100
|-damage|p1a: Landorus|76/100|[from] Stealth Rock
|-ability|p1a: Landorus|Intimidate|boost
|-unboost|p2a: Paleomut|atk|1
|move|p2a: Paleomut|Rapid Spin|p1a: Landorus
|-damage|p1a: Landorus|66/100
|-boost|p2a: Paleomut|spe|1
|-damage|p2a: Paleomut|83/100|[from] item: Rocky Helmet|[of] p1a: Landorus
|-sideend|p2: Mky27|Stealth Rock|[from] move: Rapid Spin|[of] p2a: Paleomut
|
|-weather|SunnyDay|[upkeep]
|-heal|p2a: Paleomut|89/100|[from] item: Leftovers
|upkeep
|turn|8
|
|t:|1757837116
|switch|p1a: Pecharunt|Pecharunt|100/100
|move|p2a: Paleomut|Ice Spinner|p1a: Pecharunt
|-damage|p1a: Pecharunt|91/100
|
|-weather|none
|-end|p2a: Paleomut|Protosynthesis
|-heal|p2a: Paleomut|95/100|[from] item: Leftovers
|upkeep
|turn|9
|
|t:|1757837125
|-end|p2a: Paleomut|Protosynthesis|[silent]
|switch|p2a: Kingsharp|Kingambit, M|100/100
|move|p1a: Pecharunt|Parting Shot|p2a: Kingsharp
|-unboost|p2a: Kingsharp|atk|1
|-ability|p2a: Kingsharp|Defiant|boost
|-boost|p2a: Kingsharp|atk|2
|-unboost|p2a: Kingsharp|spa|1
|-ability|p2a: Kingsharp|Defiant|boost
|-boost|p2a: Kingsharp|atk|2
|
|t:|1757837128
|switch|p1a: Zamazenta|Zamazenta|100/100|[from] Parting Shot
|-damage|p1a: Zamazenta|94/100|[from] Stealth Rock
|-ability|p1a: Zamazenta|Dauntless Shield|boost
|-boost|p1a: Zamazenta|def|1
|
|-heal|p1a: Zamazenta|100/100|[from] item: Leftovers
|upkeep
|turn|10
|
|t:|1757837149
|switch|p2a: Exxegcutor|Exeggutor, M, shiny|100/100
|move|p1a: Zamazenta|Roar|p2a: Exxegcutor
|drag|p2a: Kingsharp|Kingambit, M|100/100
|
|upkeep
|turn|11
|
|t:|1757837156
|switch|p1a: Landorus|Landorus-Therian, M|66/100
|-damage|p1a: Landorus|54/100|[from] Stealth Rock
|-ability|p1a: Landorus|Intimidate|boost
|-unboost|p2a: Kingsharp|atk|1
|-ability|p2a: Kingsharp|Defiant|boost
|-boost|p2a: Kingsharp|atk|2
|switch|p2a: Exxegcutor|Exeggutor, M, shiny|100/100
|
|upkeep
|turn|12
|
|t:|1757837167
|move|p1a: Landorus|Stealth Rock|p2a: Exxegcutor
|-sidestart|p2: Mky27|move: Stealth Rock
|move|p2a: Exxegcutor|Energy Ball|p1a: Landorus
|-damage|p1a: Landorus|2/100
|
|upkeep
|turn|13
|j| suhui_
|
|t:|1757837179
|switch|p2a: Paleomut|Great Tusk, shiny|95/100
|-damage|p2a: Paleomut|92/100|[from] Stealth Rock
|move|p1a: Landorus|U-turn|p2a: Paleomut
|-resisted|p2a: Paleomut
|-damage|p2a: Paleomut|85/100
|
|t:|1757837187
|switch|p1a: Latios|Latios, M|100/100|[from] U-turn
|-damage|p1a: Latios|88/100|[from] Stealth Rock
|
|-heal|p2a: Paleomut|92/100|[from] item: Leftovers
|upkeep
|turn|14
|
|t:|1757837197
|-end|p2a: Paleomut|Protosynthesis|[silent]
|switch|p2a: Kingsharp|Kingambit, M|100/100
|-damage|p2a: Kingsharp|94/100|[from] Stealth Rock
|move|p1a: Latios|Psychic Noise|p2a: Kingsharp
|-immune|p2a: Kingsharp
|
|upkeep
|turn|15
|
|t:|1757837214
|switch|p1a: Landorus|Landorus-Therian, M|2/100
|-damage|p1a: Landorus|0 fnt|[from] Stealth Rock
|faint|p1a: Landorus
|switch|p2a: Exxegcutor|Exeggutor, M, shiny|100/100
|-damage|p2a: Exxegcutor|88/100|[from] Stealth Rock
|
|upkeep
|
|t:|1757837222
|switch|p1a: Scizor|Scizor, F|100/100
|turn|16
|
|t:|1757837226
|-terastallize|p2a: Exxegcutor|Fire
|move|p1a: Scizor|Knock Off|p2a: Exxegcutor
|-damage|p2a: Exxegcutor|41/100
|-enditem|p2a: Exxegcutor|Custap Berry|[from] move: Knock Off|[of] p1a: Scizor
|move|p2a: Exxegcutor|Tera Blast|p1a: Scizor|[anim] Tera Blast Fire
|-supereffective|p1a: Scizor
|-damage|p1a: Scizor|0 fnt
|faint|p1a: Scizor
|
|upkeep
|
|t:|1757837232
|switch|p1a: Latios|Latios, M|88/100
|-damage|p1a: Latios|76/100|[from] Stealth Rock
|turn|17
|
|t:|1757837252
|switch|p1a: Zamazenta|Zamazenta|100/100
|-damage|p1a: Zamazenta|94/100|[from] Stealth Rock
|move|p2a: Exxegcutor|Endure||[still]
|-fail|p2a: Exxegcutor
|
|-heal|p1a: Zamazenta|100/100|[from] item: Leftovers
|upkeep
|turn|18
|
|t:|1757837262
|move|p1a: Zamazenta|Body Press|p2a: Exxegcutor
|-damage|p2a: Exxegcutor|0 fnt
|faint|p2a: Exxegcutor
|
|upkeep
|
|t:|1757837267
|switch|p2a: Indimacho|Indeedee, M|100/100
|-damage|p2a: Indimacho|88/100|[from] Stealth Rock
|-fieldstart|move: Psychic Terrain|[from] ability: Psychic Surge|[of] p2a: Indimacho
|turn|19
|
|t:|1757837274
|switch|p1a: Latios|Latios, M|76/100
|-damage|p1a: Latios|64/100|[from] Stealth Rock
|move|p2a: Indimacho|Expanding Force|p1a: Latios
|-resisted|p1a: Latios
|-damage|p1a: Latios|26/100
|
|upkeep
|turn|20
|l| suhui_
|
|t:|1757837282
|move|p2a: Indimacho|Expanding Force|p1a: Latios
|-resisted|p1a: Latios
|-damage|p1a: Latios|0 fnt
|faint|p1a: Latios
|
|upkeep
|
|t:|1757837289
|switch|p1a: Zamazenta|Zamazenta|100/100
|-damage|p1a: Zamazenta|94/100|[from] Stealth Rock
|turn|21
|
|t:|1757837295
|-terastallize|p1a: Zamazenta|Fire
|move|p2a: Indimacho|Expanding Force|p1a: Zamazenta
|-damage|p1a: Zamazenta|21/100
|move|p1a: Zamazenta|Roar|p2a: Indimacho
|drag|p2a: Kingsharp|Kingambit, M|94/100
|-damage|p2a: Kingsharp|88/100|[from] Stealth Rock
|
|-heal|p1a: Zamazenta|27/100|[from] item: Leftovers
|upkeep
|turn|22
|
|t:|1757837308
|switch|p2a: Paleomut|Great Tusk, shiny|92/100
|-damage|p2a: Paleomut|89/100|[from] Stealth Rock
|move|p1a: Zamazenta|Iron Defense|p1a: Zamazenta
|-boost|p1a: Zamazenta|def|2
|
|-heal|p1a: Zamazenta|33/100|[from] item: Leftovers
|-heal|p2a: Paleomut|95/100|[from] item: Leftovers
|upkeep
|turn|23
|
|t:|1757837319
|move|p1a: Zamazenta|Iron Defense|p1a: Zamazenta
|-boost|p1a: Zamazenta|def|2
|move|p2a: Paleomut|Rapid Spin|p1a: Zamazenta
|-damage|p1a: Zamazenta|30/100
|-boost|p2a: Paleomut|spe|1
|-sideend|p2: Mky27|Stealth Rock|[from] move: Rapid Spin|[of] p2a: Paleomut
|
|-heal|p2a: Paleomut|100/100|[from] item: Leftovers
|-heal|p1a: Zamazenta|36/100|[from] item: Leftovers
|-fieldend|move: Psychic Terrain
|upkeep
|turn|24
|
|t:|1757837330
|-end|p2a: Paleomut|Protosynthesis|[silent]
|switch|p2a: Trollkoal|Torkoal, F, shiny|14/100
|-weather|SunnyDay|[from] ability: Drought|[of] p2a: Trollkoal
|move|p1a: Zamazenta|Body Press|p2a: Trollkoal
|-damage|p2a: Trollkoal|0 fnt
|faint|p2a: Trollkoal
|
|-weather|SunnyDay|[upkeep]
|-heal|p1a: Zamazenta|42/100|[from] item: Leftovers
|upkeep
|
|t:|1757837341
|switch|p2a: PaleoRaptor|Walking Wake|100/100
|-activate|p2a: PaleoRaptor|ability: Protosynthesis
|-start|p2a: PaleoRaptor|protosynthesisspe
|turn|25
|
|t:|1757837346
|move|p2a: PaleoRaptor|Hydro Steam|p1a: Zamazenta
|-supereffective|p1a: Zamazenta
|-damage|p1a: Zamazenta|0 fnt
|faint|p1a: Zamazenta
|
|-weather|SunnyDay|[upkeep]
|upkeep
|-message|carloss prates forfeited.
|
|win|Mky27
|raw|carloss prates's rating: 1525 &rarr; <strong>1505</strong><br />(-20 for losing)
|raw|Mky27's rating: 1521 &rarr; <strong>1541</strong><br />(+20 for winning)
|l|☆carloss prates
|player|p1|
