|j|☆hobothealmighty
|j|☆FightingGymLeader8
|t:|1757811513
|gametype|singles
|player|p1|hobothealmighty|265|1103
|player|p2|FightingGymLeader8|blackbelt-gen4dp|1107
|gen|9
|tier|[Gen 9] OU
|rated|
|rule|HP Percentage Mod: HP is shown in percentages
|rule|Endless Battle Clause: Forcing endless battles is banned
|rule|Species Clause: Limit one of each Pokémon
|rule|OHKO Clause: OHKO moves are banned
|rule|Evasion Items Clause: Evasion items are banned
|rule|Evasion Moves Clause: Evasion moves are banned
|rule|Evasion Abilities Clause: Evasion abilities are banned
|rule|Sleep Moves Clause: Sleep-inducing moves are banned
|clearpoke
|poke|p1|Dusclops, F|
|poke|p1|Rhydon, F|
|poke|p1|Greedent, M|
|poke|p1|Forretress, F|
|poke|p1|Hatterene, F|
|poke|p1|Snorlax, M|
|poke|p2|Regidrago|
|poke|p2|Duraludon, M|
|poke|p2|Kyurem|
|poke|p2|Goodra-Hisui, M|
|poke|p2|Latios, M|
|poke|p2|Kommo-o, M|
|teampreview
|inactive|Battle timer is ON: inactive players will automatically lose when time's up. (requested by FightingGymLeader8)
|
|t:|1757811532
|teamsize|p1|6
|teamsize|p2|6
|start
|switch|p1a: Forretress|Forretress, F|100/100
|switch|p2a: Duraludon|Duraludon, M|100/100
|turn|1
|
|t:|1757811537
|move|p2a: Duraludon|Thunder Wave|p1a: Forretress
|-status|p1a: Forretress|par
|cant|p1a: Forretress|par
|
|upkeep
|turn|2
|
|t:|1757811542
|move|p2a: Duraludon|Focus Energy|p2a: Duraludon
|-start|p2a: Duraludon|move: Focus Energy
|move|p1a: Forretress|Stealth Rock|p2a: Duraludon
|-sidestart|p2: FightingGymLeader8|move: Stealth Rock
|
|upkeep
|turn|3
|
|t:|1757811549
|move|p2a: Duraludon|Draco Meteor|p1a: Forretress
|-resisted|p1a: Forretress
|-crit|p1a: Forretress
|-damage|p1a: Forretress|20/100 par
|-unboost|p2a: Duraludon|spa|2
|move|p1a: Forretress|Stealth Rock||[still]
|-fail|p1a: Forretress
|
|upkeep
|turn|4
|
|t:|1757811563
|move|p2a: Duraludon|Draco Meteor|p1a: Forretress
|-resisted|p1a: Forretress
|-crit|p1a: Forretress
|-damage|p1a: Forretress|0 fnt
|-unboost|p2a: Duraludon|spa|2
|faint|p1a: Forretress
|
|upkeep
|
|t:|1757811571
|switch|p1a: Hatterene|Hatterene, F|100/100
|turn|5
|
|t:|1757811582
|switch|p2a: Goodra|Goodra-Hisui, M, shiny|100/100
|-damage|p2a: Goodra|94/100|[from] Stealth Rock
|move|p1a: Hatterene|Trick Room|p1a: Hatterene
|-fieldstart|move: Trick Room|[of] p1a: Hatterene
|
|-heal|p2a: Goodra|100/100|[from] item: Leftovers
|upkeep
|turn|6
|
|t:|1757811591
|move|p1a: Hatterene|Draining Kiss|p2a: Goodra
|-damage|p2a: Goodra|80/100
|-ability|p2a: Goodra|Gooey
|-unboost|p1a: Hatterene|spe|1
|move|p2a: Goodra|Flash Cannon|p1a: Hatterene
|-supereffective|p1a: Hatterene
|-damage|p1a: Hatterene|43/100
|
|-heal|p2a: Goodra|86/100|[from] item: Leftovers
|upkeep
|turn|7
|
|t:|1757811613
|switch|p1a: Greedent|Greedent, M|100/100
|move|p2a: Goodra|Flash Cannon|p1a: Greedent
|-damage|p1a: Greedent|69/100
|
|-heal|p2a: Goodra|92/100|[from] item: Leftovers
|upkeep
|turn|8
|
|t:|1757811625
|move|p1a: Greedent|Stuff Cheeks|p1a: Greedent
|-boost|p1a: Greedent|def|2
|-enditem|p1a: Greedent|Aguav Berry|[eat]
|-heal|p1a: Greedent|100/100|[from] item: Aguav Berry
|move|p2a: Goodra|Dragon Tail|p1a: Greedent
|-damage|p1a: Greedent|95/100
|drag|p1a: Dusclops|Dusclops, F|100/100
|-item|p2a: Goodra|Leftovers|[from] ability: Frisk|[of] p1a: Dusclops
|
|-heal|p2a: Goodra|98/100|[from] item: Leftovers
|upkeep
|turn|9
|
|t:|1757811637
|move|p1a: Dusclops|Will-O-Wisp|p2a: Goodra
|-status|p2a: Goodra|brn
|move|p2a: Goodra|Flash Cannon|p1a: Dusclops
|-damage|p1a: Dusclops|86/100
|
|-heal|p2a: Goodra|100/100 brn|[from] item: Leftovers
|-damage|p2a: Goodra|94/100 brn|[from] brn
|-fieldend|move: Trick Room
|upkeep
|turn|10
|
|t:|1757811656
|switch|p2a: Duraludon|Duraludon, M|100/100
|-damage|p2a: Duraludon|94/100|[from] Stealth Rock
|move|p1a: Dusclops|Curse|p2a: Duraludon
|-start|p2a: Duraludon|Curse|[of] p1a: Dusclops
|-damage|p1a: Dusclops|36/100
|
|-damage|p2a: Duraludon|69/100|[from] Curse
|upkeep
|turn|11
|
|t:|1757811676
|switch|p1a: Greedent|Greedent, M|95/100
|move|p2a: Duraludon|Thunder Wave|p1a: Greedent
|-status|p1a: Greedent|par
|
|-damage|p2a: Duraludon|44/100|[from] Curse
|upkeep
|turn|12
|
|t:|1757811688
|move|p2a: Duraludon|Focus Energy|p2a: Duraludon
|-start|p2a: Duraludon|move: Focus Energy
|move|p1a: Greedent|Stockpile|p1a: Greedent
|-start|p1a: Greedent|stockpile1
|-boost|p1a: Greedent|def|1
|-boost|p1a: Greedent|spd|1
|
|-damage|p2a: Duraludon|19/100|[from] Curse
|upkeep
|turn|13
|inactive|FightingGymLeader8 has 120 seconds left.
|inactive|FightingGymLeader8 has 90 seconds left.
|l|☆FightingGymLeader8
|inactive|FightingGymLeader8 disconnected and has a minute to reconnect!
|player|p2|
|inactive|FightingGymLeader8 has 30 seconds to reconnect!
|inactive|FightingGymLeader8 has 20 seconds to reconnect!
|inactive|FightingGymLeader8 has 15 seconds to reconnect!
|inactive|FightingGymLeader8 has 10 seconds to reconnect!
|inactive|FightingGymLeader8 has 5 seconds to reconnect!
|-message|FightingGymLeader8 lost due to inactivity.
|
|win|hobothealmighty
|raw|hobothealmighty's rating: 1103 &rarr; <strong>1128</strong><br />(+25 for winning)
|raw|FightingGymLeader8's rating: 1107 &rarr; <strong>1082</strong><br />(-25 for losing)
|l|☆hobothealmighty
|player|p1|
