|j|☆Joao v9898
|j|☆ceo o wo chien
|t:|1757870250
|gametype|singles
|player|p1|Joao v9898|hilbert|1584
|player|p2|ceo o wo chien|blaine|1670
|gen|9
|tier|[Gen 9] OU
|rated|
|rule|HP Percentage Mod: HP is shown in percentages
|rule|Endless Battle Clause: Forcing endless battles is banned
|rule|Species Clause: Limit one of each Pokémon
|rule|OHKO Clause: OHKO moves are banned
|rule|Evasion Items Clause: Evasion items are banned
|rule|Evasion Moves Clause: Evasion moves are banned
|rule|Evasion Abilities Clause: Evasion abilities are banned
|rule|Sleep Moves Clause: Sleep-inducing moves are banned
|clearpoke
|poke|p1|Cresselia, F|
|poke|p1|Hatterene, F|
|poke|p1|Diancie|
|poke|p1|Torkoal, M|
|poke|p1|Ursaluna, M|
|poke|p1|Cinderace, M|
|poke|p2|Iron Valiant|
|poke|p2|Kyurem|
|poke|p2|Moltres|
|poke|p2|Samurott-Hisui, M|
|poke|p2|Pecharunt|
|poke|p2|Iron Treads|
|teampreview
|inactive|Battle timer is ON: inactive players will automatically lose when time's up. (requested by ceo o wo chien)
|inactive|Joao v9898 also wants the timer to be on.
|
|t:|1757870262
|teamsize|p1|6
|teamsize|p2|6
|start
|switch|p1a: Hatterene|Hatterene, F|100/100
|switch|p2a: Pecharunt|Pecharunt|100/100
|turn|1
|
|t:|1757870266
|move|p2a: Pecharunt|Parting Shot|p1a: Hatterene
|move|p1a: Hatterene|Parting Shot|p2a: Pecharunt|[from] ability: Magic Bounce
|-unboost|p2a: Pecharunt|atk|1
|-unboost|p2a: Pecharunt|spa|1
|
|t:|1757870272
|switch|p1a: Torkoal|Torkoal, M|100/100|[from] Parting Shot
|-weather|SunnyDay|[from] ability: Drought|[of] p1a: Torkoal
|
|-weather|SunnyDay|[upkeep]
|upkeep
|turn|2
|
|t:|1757870278
|move|p2a: Pecharunt|Malignant Chain|p1a: Torkoal
|-damage|p1a: Torkoal|71/100
|-status|p1a: Torkoal|tox
|-start|p1a: Torkoal|confusion|[from] ability: Poison Puppeteer|[of] p2a: Pecharunt
|-activate|p1a: Torkoal|confusion
|move|p1a: Torkoal|Weather Ball|p2a: Pecharunt
|-damage|p2a: Pecharunt|0 fnt
|faint|p2a: Pecharunt
|
|-weather|SunnyDay|[upkeep]
|-damage|p1a: Torkoal|65/100 tox|[from] psn
|upkeep
|
|t:|1757870281
|switch|p2a: Samurott|Samurott-Hisui, M|100/100
|turn|3
|
|t:|1757870290
|switch|p1a: Hatterene|Hatterene, F|100/100
|move|p2a: Samurott|Ceaseless Edge|p1a: Hatterene
|-damage|p1a: Hatterene|49/100
|-sidestart|p1: Joao v9898|Spikes
|
|-weather|SunnyDay|[upkeep]
|upkeep
|turn|4
|
|t:|1757870294
|move|p2a: Samurott|Ceaseless Edge|p1a: Hatterene
|-crit|p1a: Hatterene
|-damage|p1a: Hatterene|0 fnt
|-sidestart|p1: Joao v9898|Spikes
|faint|p1a: Hatterene
|
|-weather|SunnyDay|[upkeep]
|upkeep
|
|t:|1757870303
|switch|p1a: Diancie|Diancie|100/100
|-damage|p1a: Diancie|84/100|[from] Spikes
|turn|5
|
|t:|1757870307
|move|p2a: Samurott|Knock Off|p1a: Diancie
|-resisted|p1a: Diancie
|-damage|p1a: Diancie|68/100
|-enditem|p1a: Diancie|Power Herb|[from] move: Knock Off|[of] p2a: Samurott
|move|p1a: Diancie|Trick Room|p1a: Diancie
|-fieldstart|move: Trick Room|[of] p1a: Diancie
|
|-weather|none
|upkeep
|turn|6
|
|t:|1757870313
|move|p1a: Diancie|Moonblast|p2a: Samurott
|-supereffective|p2a: Samurott
|-damage|p2a: Samurott|37/100
|-unboost|p2a: Samurott|spa|1
|move|p2a: Samurott|Razor Shell|p1a: Diancie
|-supereffective|p1a: Diancie
|-damage|p1a: Diancie|0 fnt
|faint|p1a: Diancie
|
|upkeep
|
|t:|1757870322
|switch|p1a: Ursaluna|Ursaluna, M|100/100
|-damage|p1a: Ursaluna|84/100|[from] Spikes
|turn|7
|
|t:|1757870352
|switch|p2a: Moltres|Moltres|100/100
|move|p1a: Ursaluna|Headlong Rush|p2a: Moltres
|-immune|p2a: Moltres
|
|-status|p1a: Ursaluna|brn|[from] item: Flame Orb
|upkeep
|turn|8
|
|t:|1757870361
|switch|p2a: Iron Treads|Iron Treads|100/100
|move|p1a: Ursaluna|Facade|p2a: Iron Treads
|-resisted|p2a: Iron Treads
|-damage|p2a: Iron Treads|41/100
|
|-damage|p1a: Ursaluna|78/100 brn|[from] brn
|upkeep
|turn|9
|
|t:|1757870365
|move|p1a: Ursaluna|Facade|p2a: Iron Treads
|-resisted|p2a: Iron Treads
|-damage|p2a: Iron Treads|0 fnt
|faint|p2a: Iron Treads
|-end|p2a: Iron Treads|Quark Drive|[silent]
|
|-damage|p1a: Ursaluna|72/100 brn|[from] brn
|-fieldend|move: Trick Room
|upkeep
|
|t:|1757870376
|switch|p2a: Iron Valiant|Iron Valiant|100/100
|turn|10
|
|t:|1757870381
|switch|p1a: Torkoal|Torkoal, M|65/100 tox
|-damage|p1a: Torkoal|48/100 tox|[from] Spikes
|-weather|SunnyDay|[from] ability: Drought|[of] p1a: Torkoal
|move|p2a: Iron Valiant|Close Combat|p1a: Torkoal
|-damage|p1a: Torkoal|5/100 tox
|-unboost|p2a: Iron Valiant|def|1
|-unboost|p2a: Iron Valiant|spd|1
|
|-weather|SunnyDay|[upkeep]
|-damage|p1a: Torkoal|0 fnt|[from] psn
|faint|p1a: Torkoal
|upkeep
|
|t:|1757870391
|switch|p1a: Cinderace|Cinderace, M|100/100
|turn|11
|
|t:|1757870394
|-end|p2a: Iron Valiant|Quark Drive|[silent]
|switch|p2a: Moltres|Moltres|100/100
|move|p1a: Cinderace|Court Change|p1a: Cinderace
|-start|p1a: Cinderace|typechange|Normal|[from] ability: Libero
|-swapsideconditions
|-activate|p1a: Cinderace|move: Court Change
|
|-weather|SunnyDay|[upkeep]
|upkeep
|turn|12
|
|t:|1757870405
|switch|p1a: Cresselia|Cresselia, F|100/100
|move|p2a: Moltres|Roar|p1a: Cresselia
|drag|p1a: Cinderace|Cinderace, M|100/100
|
|-weather|SunnyDay|[upkeep]
|upkeep
|turn|13
|c|☆Joao v9898|CURSE ROAR
|
|t:|1757870424
|switch|p1a: Ursaluna|Ursaluna, M|72/100 brn
|move|p2a: Moltres|U-turn|p1a: Ursaluna
|-damage|p1a: Ursaluna|62/100 brn
|
|t:|1757870428
|switch|p2a: Kyurem|Kyurem|100/100|[from] U-turn
|-damage|p2a: Kyurem|84/100|[from] Spikes
|-ability|p2a: Kyurem|Pressure
|
|-weather|SunnyDay|[upkeep]
|-damage|p1a: Ursaluna|56/100 brn|[from] brn
|upkeep
|turn|14
|
|t:|1757870430
|switch|p1a: Cresselia|Cresselia, F|100/100
|move|p2a: Kyurem|Icicle Spear|p1a: Cresselia
|-damage|p1a: Cresselia|94/100
|-damage|p1a: Cresselia|86/100
|-damage|p1a: Cresselia|80/100
|-damage|p1a: Cresselia|73/100
|-hitcount|p1a: Cresselia|4
|
|-weather|none
|upkeep
|turn|15
|
|t:|1757870442
|switch|p2a: Moltres|Moltres|100/100
|move|p1a: Cresselia|Trick Room|p1a: Cresselia
|-fieldstart|move: Trick Room|[of] p1a: Cresselia
|
|upkeep
|turn|16
|
|t:|1757870448
|move|p1a: Cresselia|Lunar Dance|p1a: Cresselia
|faint|p1a: Cresselia
|move|p2a: Moltres|U-turn|p1: Cresselia|[notarget]
|-fail|p2a: Moltres
|
|upkeep
|
|t:|1757870455
|switch|p1a: Ursaluna|Ursaluna, M|56/100 brn
|-heal|p1a: Ursaluna|100/100|[from] move: Lunar Dance
|turn|17
|
|t:|1757870458
|-terastallize|p1a: Ursaluna|Normal
|move|p1a: Ursaluna|Facade|p2a: Moltres
|-damage|p2a: Moltres|48/100
|move|p2a: Moltres|Roar|p1a: Ursaluna
|drag|p1a: Cinderace|Cinderace, M|100/100
|
|upkeep
|turn|18
|
|t:|1757870464
|switch|p1a: Ursaluna|Ursaluna, M, tera:Normal|100/100
|move|p2a: Moltres|Roar|p1a: Ursaluna
|drag|p1a: Cinderace|Cinderace, M|100/100
|
|upkeep
|turn|19
|
|t:|1757870470
|move|p2a: Moltres|Roost|p2a: Moltres
|-heal|p2a: Moltres|98/100
|-singleturn|p2a: Moltres|move: Roost
|move|p1a: Cinderace|Pyro Ball|p2a: Moltres
|-resisted|p2a: Moltres
|-damage|p2a: Moltres|67/100
|
|-fieldend|move: Trick Room
|upkeep
|turn|20
|j| GirlFromBetelgeuse
|l| GirlFromBetelgeuse
|-message|Joao v9898 forfeited.
|
|win|ceo o wo chien
|raw|Joao v9898's rating: 1584 &rarr; <strong>1569</strong><br />(-15 for losing)
|raw|ceo o wo chien's rating: 1670 &rarr; <strong>1685</strong><br />(+15 for winning)
|l|☆Joao v9898
|player|p1|
