|j|☆meowshott
|j|☆slugger_6703
|t:|1757825647
|gametype|singles
|player|p1|meowshott|1|1242
|player|p2|slugger_6703|nate|1236
|gen|9
|tier|[Gen 9] OU
|rated|
|rule|HP Percentage Mod: HP is shown in percentages
|rule|Endless Battle Clause: Forcing endless battles is banned
|rule|Species Clause: Limit one of each Pokémon
|rule|OHKO Clause: OHKO moves are banned
|rule|Evasion Items Clause: Evasion items are banned
|rule|Evasion Moves Clause: Evasion moves are banned
|rule|Evasion Abilities Clause: Evasion abilities are banned
|rule|Sleep Moves Clause: Sleep-inducing moves are banned
|clearpoke
|poke|p1|Blaziken, F|
|poke|p1|Walking Wake|
|poke|p1|Torkoal, F|
|poke|p1|Vileplume, F|
|poke|p1|Raging Bolt|
|poke|p1|Sableye, M|
|poke|p2|Pelipper, F|
|poke|p2|Barraskewda, M|
|poke|p2|Zapdos|
|poke|p2|Iron Treads|
|poke|p2|Ogerpon-Wellspring, F|
|poke|p2|Kingdra, F|
|teampreview
|inactive|Battle timer is ON: inactive players will automatically lose when time's up. (requested by slugger_6703)
|
|t:|1757825670
|teamsize|p1|6
|teamsize|p2|6
|start
|switch|p1a: Torkoal|Torkoal, F|100/100
|switch|p2a: Iron Treads|Iron Treads|100/100
|-weather|SunnyDay|[from] ability: Drought|[of] p1a: Torkoal
|-enditem|p2a: Iron Treads|Booster Energy
|-activate|p2a: Iron Treads|ability: Quark Drive|[fromitem]
|-start|p2a: Iron Treads|quarkdrivespe
|turn|1
|
|t:|1757825684
|move|p2a: Iron Treads|Volt Switch|p1a: Torkoal
|-damage|p1a: Torkoal|87/100
|
|t:|1757825690
|-end|p2a: Iron Treads|Quark Drive|[silent]
|switch|p2a: Pelipper|Pelipper, F|100/100|[from] Volt Switch
|-weather|RainDance|[from] ability: Drizzle|[of] p2a: Pelipper
|move|p1a: Torkoal|Stealth Rock|p2a: Pelipper
|-sidestart|p2: slugger_6703|move: Stealth Rock
|
|-weather|RainDance|[upkeep]
|upkeep
|turn|2
|
|t:|1757825708
|switch|p1a: Walking Wake|Walking Wake|100/100
|move|p2a: Pelipper|U-turn|p1a: Walking Wake
|-damage|p1a: Walking Wake|90/100
|
|t:|1757825717
|switch|p2a: Kingdra|Kingdra, F|100/100|[from] U-turn
|-damage|p2a: Kingdra|88/100|[from] Stealth Rock
|
|-weather|RainDance|[upkeep]
|upkeep
|turn|3
|
|t:|1757825727
|-end|p1a: Walking Wake|Protosynthesis|[silent]
|switch|p1a: Torkoal|Torkoal, F|87/100
|-weather|SunnyDay|[from] ability: Drought|[of] p1a: Torkoal
|move|p2a: Kingdra|Draco Meteor|p1a: Torkoal|[miss]
|-miss|p2a: Kingdra|p1a: Torkoal
|
|-weather|SunnyDay|[upkeep]
|upkeep
|turn|4
|
|t:|1757825737
|switch|p1a: Sableye|Sableye, M|100/100
|move|p2a: Kingdra|Flip Turn|p1a: Sableye
|-damage|p1a: Sableye|84/100
|-damage|p2a: Kingdra|78/100|[from] item: Life Orb
|
|t:|1757825762
|switch|p2a: Pelipper|Pelipper, F|100/100|[from] Flip Turn
|-damage|p2a: Pelipper|75/100|[from] Stealth Rock
|-weather|RainDance|[from] ability: Drizzle|[of] p2a: Pelipper
|
|-weather|RainDance|[upkeep]
|upkeep
|turn|5
|
|t:|1757825775
|move|p1a: Sableye|Sunny Day|p1a: Sableye
|-weather|SunnyDay
|move|p2a: Pelipper|U-turn|p1a: Sableye
|-damage|p1a: Sableye|70/100
|
|t:|1757825783
|switch|p2a: Ogerpon|Ogerpon-Wellspring, F|100/100|[from] U-turn
|-damage|p2a: Ogerpon|88/100|[from] Stealth Rock
|
|-weather|SunnyDay|[upkeep]
|upkeep
|turn|6
|
|t:|1757825791
|move|p1a: Sableye|Will-O-Wisp|p2a: Ogerpon
|-status|p2a: Ogerpon|brn
|move|p2a: Ogerpon|Play Rough|p1a: Sableye
|-supereffective|p1a: Sableye
|-damage|p1a: Sableye|24/100
|
|-weather|SunnyDay|[upkeep]
|-damage|p2a: Ogerpon|82/100 brn|[from] brn
|upkeep
|turn|7
|inactive|slugger_6703 has 120 seconds left.
|
|t:|1757825821
|switch|p2a: Pelipper|Pelipper, F|75/100
|-damage|p2a: Pelipper|50/100|[from] Stealth Rock
|-weather|RainDance|[from] ability: Drizzle|[of] p2a: Pelipper
|switch|p1a: Nuptup|Vileplume, F|100/100
|
|-weather|RainDance|[upkeep]
|upkeep
|turn|8
|inactive|slugger_6703 has 120 seconds left.
|
|t:|1757825841
|switch|p1a: Torkoal|Torkoal, F|87/100
|-weather|SunnyDay|[from] ability: Drought|[of] p1a: Torkoal
|move|p2a: Pelipper|Roost|p2a: Pelipper
|-heal|p2a: Pelipper|100/100
|-singleturn|p2a: Pelipper|move: Roost
|
|-weather|SunnyDay|[upkeep]
|upkeep
|turn|9
|
|t:|1757825851
|move|p2a: Pelipper|U-turn|p1a: Torkoal
|-resisted|p1a: Torkoal
|-crit|p1a: Torkoal
|-damage|p1a: Torkoal|82/100
|
|t:|1757825862
|switch|p2a: Barraskewda|Barraskewda, M|100/100|[from] U-turn
|-damage|p2a: Barraskewda|88/100|[from] Stealth Rock
|move|p1a: Torkoal|Lava Plume|p2a: Barraskewda
|-resisted|p2a: Barraskewda
|-damage|p2a: Barraskewda|50/100
|-status|p2a: Barraskewda|brn
|
|-weather|SunnyDay|[upkeep]
|-damage|p2a: Barraskewda|44/100 brn|[from] brn
|upkeep
|turn|10
|inactive|meowshott has 120 seconds left.
|
|t:|1757825897
|move|p2a: Barraskewda|Close Combat|p1a: Torkoal
|-damage|p1a: Torkoal|69/100
|-unboost|p2a: Barraskewda|def|1
|-unboost|p2a: Barraskewda|spd|1
|move|p1a: Torkoal|Solar Beam||[still]
|-prepare|p1a: Torkoal|Solar Beam
|-anim|p1a: Torkoal|Solar Beam|p2a: Barraskewda
|-supereffective|p2a: Barraskewda
|-damage|p2a: Barraskewda|0 fnt
|faint|p2a: Barraskewda
|
|-weather|SunnyDay|[upkeep]
|upkeep
|inactive|slugger_6703 has 90 seconds left.
|
|t:|1757825910
|switch|p2a: Iron Treads|Iron Treads|100/100
|-damage|p2a: Iron Treads|97/100|[from] Stealth Rock
|turn|11
|inactive|slugger_6703 has 90 seconds left.
|
|t:|1757825920
|move|p2a: Iron Treads|Earthquake|p1a: Torkoal
|-supereffective|p1a: Torkoal
|-damage|p1a: Torkoal|15/100
|move|p1a: Torkoal|Lava Plume|p2a: Iron Treads
|-supereffective|p2a: Iron Treads
|-damage|p2a: Iron Treads|0 fnt
|faint|p2a: Iron Treads
|-end|p2a: Iron Treads|Quark Drive|[silent]
|
|-weather|SunnyDay|[upkeep]
|upkeep
|inactive|slugger_6703 has 90 seconds left.
|
|t:|1757825933
|switch|p2a: Pelipper|Pelipper, F|100/100
|-damage|p2a: Pelipper|75/100|[from] Stealth Rock
|-weather|RainDance|[from] ability: Drizzle|[of] p2a: Pelipper
|turn|12
|
|t:|1757825941
|switch|p1a: Raging Bolt|Raging Bolt|100/100
|move|p2a: Pelipper|U-turn|p1a: Raging Bolt
|-damage|p1a: Raging Bolt|93/100
|
|t:|1757825947
|switch|p2a: Kingdra|Kingdra, F|78/100|[from] U-turn
|-damage|p2a: Kingdra|66/100|[from] Stealth Rock
|
|-weather|RainDance|[upkeep]
|-heal|p1a: Raging Bolt|99/100|[from] item: Leftovers
|upkeep
|turn|13
|
|t:|1757825963
|-terastallize|p1a: Raging Bolt|Grass
|move|p2a: Kingdra|Draco Meteor|p1a: Raging Bolt
|-damage|p1a: Raging Bolt|44/100
|-unboost|p2a: Kingdra|spa|2
|-damage|p2a: Kingdra|56/100|[from] item: Life Orb
|move|p1a: Raging Bolt|Dragon Pulse|p2a: Kingdra
|-supereffective|p2a: Kingdra
|-damage|p2a: Kingdra|0 fnt
|faint|p2a: Kingdra
|
|-weather|RainDance|[upkeep]
|-heal|p1a: Raging Bolt|50/100|[from] item: Leftovers
|upkeep
|inactive|slugger_6703 has 90 seconds left.
|
|t:|1757825976
|switch|p2a: Zapdos|Zapdos|100/100
|-damage|p2a: Zapdos|76/100|[from] Stealth Rock
|turn|14
|inactive|meowshott has 120 seconds left.
|
|t:|1757826009
|move|p2a: Zapdos|Hurricane|p1a: Raging Bolt
|-supereffective|p1a: Raging Bolt
|-damage|p1a: Raging Bolt|0 fnt
|faint|p1a: Raging Bolt
|-end|p1a: Raging Bolt|Protosynthesis|[silent]
|
|-weather|RainDance|[upkeep]
|upkeep
|
|t:|1757826011
|switch|p1a: Torkoal|Torkoal, F|15/100
|-weather|SunnyDay|[from] ability: Drought|[of] p1a: Torkoal
|turn|15
|
|t:|1757826022
|switch|p1a: Walking Wake|Walking Wake|90/100
|-activate|p1a: Walking Wake|ability: Protosynthesis
|-start|p1a: Walking Wake|protosynthesisspa
|move|p2a: Zapdos|Volt Switch|p1a: Walking Wake
|-damage|p1a: Walking Wake|51/100
|
|t:|1757826028
|switch|p2a: Pelipper|Pelipper, F|75/100|[from] Volt Switch
|-damage|p2a: Pelipper|50/100|[from] Stealth Rock
|-weather|RainDance|[from] ability: Drizzle|[of] p2a: Pelipper
|-end|p1a: Walking Wake|Protosynthesis
|
|-weather|RainDance|[upkeep]
|upkeep
|turn|16
|
|t:|1757826046
|-terastallize|p2a: Pelipper|Steel
|move|p1a: Walking Wake|Draco Meteor|p2a: Pelipper
|-resisted|p2a: Pelipper
|-damage|p2a: Pelipper|0 fnt
|-unboost|p1a: Walking Wake|spa|2
|faint|p2a: Pelipper
|-damage|p1a: Walking Wake|41/100|[from] item: Life Orb
|
|-weather|RainDance|[upkeep]
|upkeep
|
|t:|1757826050
|switch|p2a: Ogerpon|Ogerpon-Wellspring, F|82/100 brn
|-damage|p2a: Ogerpon|70/100 brn|[from] Stealth Rock
|turn|17
|
|t:|1757826062
|-end|p1a: Walking Wake|Protosynthesis|[silent]
|switch|p1a: Torkoal|Torkoal, F|15/100
|-weather|SunnyDay|[from] ability: Drought|[of] p1a: Torkoal
|move|p2a: Ogerpon|Play Rough|p1a: Torkoal|[miss]
|-miss|p2a: Ogerpon|p1a: Torkoal
|
|-weather|SunnyDay|[upkeep]
|-damage|p2a: Ogerpon|64/100 brn|[from] brn
|upkeep
|turn|18
|
|t:|1757826067
|move|p2a: Ogerpon|Ivy Cudgel|p1a: Torkoal|[anim] Ivy Cudgel Water
|-supereffective|p1a: Torkoal
|-damage|p1a: Torkoal|0 fnt
|faint|p1a: Torkoal
|
|-weather|SunnyDay|[upkeep]
|-damage|p2a: Ogerpon|58/100 brn|[from] brn
|upkeep
|
|t:|1757826071
|switch|p1a: Nuptup|Vileplume, F|100/100
|turn|19
|inactive|slugger_6703 has 120 seconds left.
|
|t:|1757826093
|switch|p2a: Zapdos|Zapdos|76/100
|-damage|p2a: Zapdos|51/100|[from] Stealth Rock
|move|p1a: Nuptup|Sludge Bomb|p2a: Zapdos
|-damage|p2a: Zapdos|9/100
|-damage|p1a: Nuptup|91/100|[from] item: Life Orb
|
|-weather|SunnyDay|[upkeep]
|upkeep
|turn|20
|
|t:|1757826100
|move|p1a: Nuptup|Sludge Bomb|p2a: Zapdos
|-damage|p2a: Zapdos|0 fnt
|faint|p2a: Zapdos
|-damage|p1a: Nuptup|81/100|[from] item: Life Orb
|
|-weather|SunnyDay|[upkeep]
|upkeep
|-message|slugger_6703 forfeited.
|
|win|meowshott
|raw|meowshott's rating: 1242 &rarr; <strong>1267</strong><br />(+25 for winning)
|raw|slugger_6703's rating: 1236 &rarr; <strong>1211</strong><br />(-25 for losing)
|l|☆slugger_6703
|player|p2|
|l|☆meowshott
|player|p1|
