|j|☆pabllitexisback
|j|☆jessieenjoyerez
|t:|1757862220
|gametype|singles
|player|p1|pabllitexisback|waiter|1305
|player|p2|jessieenjoyerez|cynthia|1361
|gen|9
|tier|[Gen 9] OU
|rated|
|rule|HP Percentage Mod: HP is shown in percentages
|rule|Endless Battle Clause: Forcing endless battles is banned
|rule|Species Clause: Limit one of each Pokémon
|rule|OHKO Clause: OHKO moves are banned
|rule|Evasion Items Clause: Evasion items are banned
|rule|Evasion Moves Clause: Evasion moves are banned
|rule|Evasion Abilities Clause: Evasion abilities are banned
|rule|Sleep Moves Clause: Sleep-inducing moves are banned
|clearpoke
|poke|p1|Moltres|
|poke|p1|Slowking-Galar, M|
|poke|p1|Weavile, F|
|poke|p1|Gliscor, M|
|poke|p1|Great Tusk|
|poke|p1|Raging Bolt|
|poke|p2|Ogerpon-Wellspring, F|
|poke|p2|Garchomp, F|
|poke|p2|Thundurus-Therian, M|
|poke|p2|Kingambit, F|
|poke|p2|Iron Valiant|
|poke|p2|Amoonguss, F|
|teampreview
|inactive|Battle timer is ON: inactive players will automatically lose when time's up. (requested by jessieenjoyerez)
|inactive|jessieenjoyerez has 120 seconds left.
|
|t:|1757862258
|teamsize|p1|6
|teamsize|p2|6
|start
|switch|p1a: Weavile|Weavile, F|100/100
|switch|p2a: Garchomp|Garchomp, F, shiny|100/100
|-ability|p1a: Weavile|Pressure
|turn|1
|
|t:|1757862268
|move|p2a: Garchomp|Iron Head|p1a: Weavile
|-supereffective|p1a: Weavile
|-damage|p1a: Weavile|0 fnt
|faint|p1a: Weavile
|
|upkeep
|
|t:|1757862290
|switch|p1a: Gliscor|Gliscor, M|100/100
|turn|2
|
|t:|1757862302
|switch|p2a: Kingambit|Kingambit, F|100/100
|move|p1a: Gliscor|Stealth Rock|p2a: Kingambit
|-sidestart|p2: jessieenjoyerez|move: Stealth Rock
|
|-status|p1a: Gliscor|tox|[from] item: Toxic Orb
|upkeep
|turn|3
|
|t:|1757862308
|move|p1a: Gliscor|Earthquake|p2a: Kingambit
|-supereffective|p2a: Kingambit
|-damage|p2a: Kingambit|57/100
|move|p2a: Kingambit|Kowtow Cleave|p1a: Gliscor
|-damage|p1a: Gliscor|58/100 tox
|
|-heal|p1a: Gliscor|71/100 tox|[from] ability: Poison Heal
|upkeep
|turn|4
|
|t:|1757862316
|-end|p2a: Kingambit|fallenundefined|[silent]
|switch|p2a: Ogerpon|Ogerpon-Wellspring, F|100/100
|-damage|p2a: Ogerpon|88/100|[from] Stealth Rock
|move|p1a: Gliscor|Earthquake|p2a: Ogerpon
|-resisted|p2a: Ogerpon
|-damage|p2a: Ogerpon|65/100
|
|-heal|p1a: Gliscor|83/100 tox|[from] ability: Poison Heal
|upkeep
|turn|5
|
|t:|1757862325
|move|p2a: Ogerpon|Ivy Cudgel|p1a: Gliscor|[anim] Ivy Cudgel Water
|-supereffective|p1a: Gliscor
|-damage|p1a: Gliscor|0 fnt
|faint|p1a: Gliscor
|
|upkeep
|
|t:|1757862328
|switch|p1a: Raging Bolt|Raging Bolt|100/100
|turn|6
|
|t:|1757862337
|switch|p2a: Kingambit|Kingambit, F|57/100
|-damage|p2a: Kingambit|51/100|[from] Stealth Rock
|move|p1a: Raging Bolt|Volt Switch|p2a: Kingambit
|-damage|p2a: Kingambit|9/100
|
|t:|1757862346
|-end|p1a: Raging Bolt|Protosynthesis|[silent]
|switch|p1a: Moltres|Moltres|100/100|[from] Volt Switch
|
|upkeep
|turn|7
|
|t:|1757862351
|move|p2a: Kingambit|Sucker Punch|p1a: Moltres
|-damage|p1a: Moltres|54/100
|-status|p2a: Kingambit|brn|[from] ability: Flame Body|[of] p1a: Moltres
|move|p1a: Moltres|Flamethrower|p2a: Kingambit
|-supereffective|p2a: Kingambit
|-damage|p2a: Kingambit|0 fnt
|faint|p2a: Kingambit
|-end|p2a: Kingambit|fallenundefined|[silent]
|
|upkeep
|
|t:|1757862356
|switch|p2a: Thundurus|Thundurus-Therian, M, shiny|100/100
|-damage|p2a: Thundurus|76/100|[from] Stealth Rock
|turn|8
|
|t:|1757862364
|switch|p1a: Raging Bolt|Raging Bolt|100/100
|move|p2a: Thundurus|Volt Switch|p1a: Raging Bolt
|-resisted|p1a: Raging Bolt
|-damage|p1a: Raging Bolt|88/100
|-damage|p2a: Thundurus|66/100|[from] item: Life Orb
|
|t:|1757862368
|switch|p2a: Garchomp|Garchomp, F, shiny|100/100|[from] Volt Switch
|-damage|p2a: Garchomp|94/100|[from] Stealth Rock
|
|upkeep
|turn|9
|
|t:|1757862372
|-end|p1a: Raging Bolt|Protosynthesis|[silent]
|switch|p1a: Moltres|Moltres|54/100
|move|p2a: Garchomp|Earthquake|p1a: Moltres
|-immune|p1a: Moltres
|
|upkeep
|turn|10
|
|t:|1757862375
|switch|p2a: Amoonguss|Amoonguss, F|100/100
|move|p1a: Moltres|Roost|p1a: Moltres
|-heal|p1a: Moltres|100/100
|-singleturn|p1a: Moltres|move: Roost
|
|upkeep
|turn|11
|
|t:|1757862383
|move|p1a: Moltres|Flamethrower|p2a: Amoonguss
|-supereffective|p2a: Amoonguss
|-damage|p2a: Amoonguss|28/100
|move|p2a: Amoonguss|Toxic|p1a: Moltres
|-status|p1a: Moltres|tox
|
|-damage|p1a: Moltres|94/100 tox|[from] psn
|upkeep
|turn|12
|
|t:|1757862399
|switch|p2a: Garchomp|Garchomp, F, shiny|94/100
|-damage|p2a: Garchomp|88/100|[from] Stealth Rock
|move|p1a: Moltres|Flamethrower|p2a: Garchomp
|-resisted|p2a: Garchomp
|-damage|p2a: Garchomp|66/100
|
|-damage|p1a: Moltres|82/100 tox|[from] psn
|upkeep
|turn|13
|
|t:|1757862411
|switch|p2a: Amoonguss|Amoonguss, F|61/100
|switch|p1a: Slowking|Slowking-Galar, M|100/100
|
|upkeep
|turn|14
|
|t:|1757862417
|move|p2a: Amoonguss|Synthesis|p2a: Amoonguss
|-heal|p2a: Amoonguss|100/100
|move|p1a: Slowking|Future Sight|p2a: Amoonguss
|-start|p1a: Slowking|move: Future Sight
|
|upkeep
|turn|15
|
|t:|1757862422
|move|p2a: Amoonguss|Foul Play|p1a: Slowking
|-supereffective|p1a: Slowking
|-damage|p1a: Slowking|76/100
|-prepare|p1a: Slowking|Chilly Reception|[premajor]
|move|p1a: Slowking|Chilly Reception|p1a: Slowking
|-weather|Snowscape
|
|t:|1757862434
|switch|p1a: Great Tusk|Great Tusk|100/100|[from] Chilly Reception
|
|-weather|Snowscape|[upkeep]
|upkeep
|turn|16
|
|t:|1757862442
|move|p1a: Great Tusk|Ice Spinner|p2a: Amoonguss
|-supereffective|p2a: Amoonguss
|-damage|p2a: Amoonguss|55/100
|move|p2a: Amoonguss|Toxic|p1a: Great Tusk
|-status|p1a: Great Tusk|tox
|
|-weather|Snowscape|[upkeep]
|-end|p2a: Amoonguss|move: Future Sight
|-supereffective|p2a: Amoonguss
|-damage|p2a: Amoonguss|0 fnt
|faint|p2a: Amoonguss
|-damage|p1a: Great Tusk|94/100 tox|[from] psn
|upkeep
|
|t:|1757862452
|switch|p2a: Ogerpon|Ogerpon-Wellspring, F|65/100
|-damage|p2a: Ogerpon|53/100|[from] Stealth Rock
|turn|17
|
|t:|1757862458
|-end|p1a: Great Tusk|Protosynthesis|[silent]
|switch|p1a: Raging Bolt|Raging Bolt|88/100
|move|p2a: Ogerpon|Horn Leech|p1a: Raging Bolt
|-resisted|p1a: Raging Bolt
|-damage|p1a: Raging Bolt|66/100
|-heal|p2a: Ogerpon|67/100|[from] drain|[of] p1a: Raging Bolt
|
|-weather|Snowscape|[upkeep]
|upkeep
|turn|18
|
|t:|1757862466
|-terastallize|p2a: Ogerpon|Water
|detailschange|p2a: Ogerpon|Ogerpon-Wellspring-Tera, F, tera:Water
|-ability|p2a: Ogerpon|Embody Aspect (Wellspring)|boost
|-boost|p2a: Ogerpon|spd|1
|move|p2a: Ogerpon|Swords Dance|p2a: Ogerpon
|-boost|p2a: Ogerpon|atk|2
|move|p1a: Raging Bolt|Draco Meteor|p2a: Ogerpon
|-damage|p2a: Ogerpon|10/100
|-unboost|p1a: Raging Bolt|spa|2
|
|-weather|Snowscape|[upkeep]
|upkeep
|turn|19
|
|t:|1757862479
|move|p1a: Raging Bolt|Thunderclap|p2a: Ogerpon
|-supereffective|p2a: Ogerpon
|-damage|p2a: Ogerpon|0 fnt
|faint|p2a: Ogerpon
|detailschange|p2: Ogerpon|Ogerpon-Wellspring, F|[silent]
|
|-weather|none
|upkeep
|
|t:|1757862488
|switch|p2a: Iron Valiant|Iron Valiant|100/100
|-damage|p2a: Iron Valiant|94/100|[from] Stealth Rock
|turn|20
|
|t:|1757862497
|-end|p1a: Raging Bolt|Protosynthesis|[silent]
|switch|p1a: Moltres|Moltres|82/100 tox
|move|p2a: Iron Valiant|Knock Off|p1a: Moltres
|-damage|p1a: Moltres|35/100 tox
|-status|p2a: Iron Valiant|brn|[from] ability: Flame Body|[of] p1a: Moltres
|-enditem|p1a: Moltres|Heavy-Duty Boots|[from] move: Knock Off|[of] p2a: Iron Valiant
|
|-damage|p1a: Moltres|29/100 tox|[from] psn
|-damage|p2a: Iron Valiant|88/100 brn|[from] brn
|upkeep
|turn|21
|
|t:|1757862504
|move|p2a: Iron Valiant|Knock Off|p1a: Moltres
|-damage|p1a: Moltres|14/100 tox
|move|p1a: Moltres|Roost|p1a: Moltres
|-heal|p1a: Moltres|64/100 tox
|-singleturn|p1a: Moltres|move: Roost
|
|-damage|p1a: Moltres|52/100 tox|[from] psn
|-damage|p2a: Iron Valiant|82/100 brn|[from] brn
|upkeep
|turn|22
|
|t:|1757862509
|-end|p2a: Iron Valiant|Quark Drive|[silent]
|switch|p2a: Thundurus|Thundurus-Therian, M, shiny|66/100
|-damage|p2a: Thundurus|41/100|[from] Stealth Rock
|move|p1a: Moltres|Flamethrower|p2a: Thundurus
|-damage|p2a: Thundurus|0 fnt
|faint|p2a: Thundurus
|
|-damage|p1a: Moltres|34/100 tox|[from] psn
|upkeep
|
|t:|1757862511
|switch|p2a: Garchomp|Garchomp, F, shiny|66/100
|-damage|p2a: Garchomp|60/100|[from] Stealth Rock
|turn|23
|
|t:|1757862514
|move|p2a: Garchomp|Dragon Claw|p1a: Moltres
|-damage|p1a: Moltres|0 fnt
|faint|p1a: Moltres
|
|upkeep
|
|t:|1757862521
|switch|p1a: Slowking|Slowking-Galar, M|100/100
|turn|24
|
|t:|1757862525
|switch|p2a: Iron Valiant|Iron Valiant|82/100 brn
|-damage|p2a: Iron Valiant|76/100 brn|[from] Stealth Rock
|move|p1a: Slowking|Future Sight|p2a: Iron Valiant
|-start|p1a: Slowking|move: Future Sight
|
|-damage|p2a: Iron Valiant|69/100 brn|[from] brn
|upkeep
|turn|25
|
|t:|1757862530
|move|p2a: Iron Valiant|Knock Off|p1a: Slowking
|-supereffective|p1a: Slowking
|-damage|p1a: Slowking|52/100
|-enditem|p1a: Slowking|Heavy-Duty Boots|[from] move: Knock Off|[of] p2a: Iron Valiant
|move|p1a: Slowking|Sludge Bomb|p2a: Iron Valiant
|-supereffective|p2a: Iron Valiant
|-damage|p2a: Iron Valiant|0 fnt
|faint|p2a: Iron Valiant
|-end|p2a: Iron Valiant|Quark Drive|[silent]
|
|upkeep
|
|t:|1757862534
|switch|p2a: Garchomp|Garchomp, F, shiny|60/100
|-damage|p2a: Garchomp|54/100|[from] Stealth Rock
|turn|26
|
|t:|1757862545
|-terastallize|p1a: Slowking|Water
|move|p2a: Garchomp|Earthquake|p1a: Slowking
|-damage|p1a: Slowking|0 fnt
|faint|p1a: Slowking
|
|-end|p2a: Garchomp|move: Future Sight
|-damage|p2a: Garchomp|8/100
|upkeep
|
|t:|1757862554
|switch|p1a: Great Tusk|Great Tusk|94/100 tox
|turn|27
|
|t:|1757862557
|move|p2a: Garchomp|Earthquake|p1a: Great Tusk
|-damage|p1a: Great Tusk|51/100 tox
|move|p1a: Great Tusk|Ice Spinner|p2a: Garchomp
|-supereffective|p2a: Garchomp
|-damage|p2a: Garchomp|0 fnt
|-damage|p1a: Great Tusk|39/100 tox|[from] ability: Rough Skin|[of] p2a: Garchomp
|faint|p2a: Garchomp
|
|win|pabllitexisback
|raw|pabllitexisback's rating: 1305 &rarr; <strong>1328</strong><br />(+23 for winning)
|raw|jessieenjoyerez's rating: 1361 &rarr; <strong>1338</strong><br />(-23 for losing)
|l|☆jessieenjoyerez
|player|p2|
|l|☆pabllitexisback
|player|p1|
