|j|☆sanmedina
|j|☆darkthrillz
|t:|1757947572
|gametype|singles
|player|p1|sanmedina|ltsurge-gen2|1393
|player|p2|darkthrillz|shadowtriad|1356
|gen|9
|tier|[Gen 9] OU
|rated|
|rule|HP Percentage Mod: HP is shown in percentages
|rule|Endless Battle Clause: Forcing endless battles is banned
|rule|Species Clause: Limit one of each Pokémon
|rule|OHKO Clause: OHKO moves are banned
|rule|Evasion Items Clause: Evasion items are banned
|rule|Evasion Moves Clause: Evasion moves are banned
|rule|Evasion Abilities Clause: Evasion abilities are banned
|rule|Sleep Moves Clause: Sleep-inducing moves are banned
|clearpoke
|poke|p1|Torkoal, M|
|poke|p1|Hatterene, F|
|poke|p1|Raging Bolt|
|poke|p1|Ceruledge, F|
|poke|p1|Venusaur, M|
|poke|p1|Walking Wake|
|poke|p2|Milotic, F|
|poke|p2|Ceruledge, M|
|poke|p2|Tauros-Paldea-Blaze, M|
|poke|p2|Tornadus-Therian, M|
|poke|p2|Toxtricity-Low-Key, M|
|poke|p2|Espeon, M|
|teampreview
|inactive|Battle timer is ON: inactive players will automatically lose when time's up. (requested by sanmedina)
|c|☆darkthrillz|Mercy plz
|
|t:|1757947589
|teamsize|p1|6
|teamsize|p2|6
|start
|switch|p1a: Torkoal|Torkoal, M|100/100
|switch|p2a: Ion|Espeon, M|100/100
|-weather|SunnyDay|[from] ability: Drought|[of] p1a: Torkoal
|turn|1
|
|t:|1757947596
|move|p2a: Ion|Light Screen|p2a: Ion
|-sidestart|p2: darkthrillz|move: Light Screen
|move|p1a: Torkoal|Eruption|p2a: Ion
|-damage|p2a: Ion|50/100
|
|-weather|SunnyDay|[upkeep]
|upkeep
|turn|2
|
|t:|1757947607
|switch|p2a: Lotic|Milotic, F, shiny|100/100
|move|p1a: Torkoal|Eruption|p2a: Lotic
|-resisted|p2a: Lotic
|-damage|p2a: Lotic|87/100
|
|-weather|SunnyDay|[upkeep]
|-heal|p2a: Lotic|93/100|[from] item: Leftovers
|upkeep
|turn|3
|
|t:|1757947627
|switch|p1a: Venusaur|Venusaur, M|100/100
|move|p2a: Lotic|Scald|p1a: Venusaur
|-resisted|p1a: Venusaur
|-damage|p1a: Venusaur|92/100
|-status|p1a: Venusaur|brn
|
|-weather|SunnyDay|[upkeep]
|-heal|p2a: Lotic|99/100|[from] item: Leftovers
|-damage|p1a: Venusaur|86/100 brn|[from] brn
|upkeep
|turn|4
|c|☆sanmedina|torkoal is the goat
|
|t:|1757947637
|switch|p2a: Tornadus|Tornadus-Therian, M|100/100
|move|p1a: Venusaur|Giga Drain|p2a: Tornadus
|-resisted|p2a: Tornadus
|-damage|p2a: Tornadus|92/100
|-heal|p1a: Venusaur|92/100 brn|[from] drain|[of] p2a: Tornadus
|-damage|p1a: Venusaur|82/100 brn|[from] item: Life Orb
|
|-weather|SunnyDay|[upkeep]
|-damage|p1a: Venusaur|76/100 brn|[from] brn
|upkeep
|turn|5
|
|t:|1757947654
|-terastallize|p1a: Venusaur|Fire
|move|p1a: Venusaur|Weather Ball|p2a: Tornadus
|-damage|p2a: Tornadus|58/100
|-damage|p1a: Venusaur|66/100 brn|[from] item: Life Orb
|move|p2a: Tornadus|Taunt|p1a: Venusaur
|-start|p1a: Venusaur|move: Taunt
|
|-weather|SunnyDay|[upkeep]
|-damage|p1a: Venusaur|60/100 brn|[from] brn
|upkeep
|turn|6
|c|☆darkthrillz|No its not
|
|t:|1757947666
|move|p1a: Venusaur|Weather Ball|p2a: Tornadus
|-damage|p2a: Tornadus|20/100
|-enditem|p2a: Tornadus|Sitrus Berry|[eat]
|-heal|p2a: Tornadus|44/100|[from] item: Sitrus Berry
|-damage|p1a: Venusaur|50/100 brn|[from] item: Life Orb
|move|p2a: Tornadus|Tailwind|p2a: Tornadus
|-sidestart|p2: darkthrillz|move: Tailwind
|
|-weather|SunnyDay|[upkeep]
|-damage|p1a: Venusaur|44/100 brn|[from] brn
|upkeep
|turn|7
|c|☆sanmedina|watch ur mouth on my torkoal bro
|
|t:|1757947683
|move|p1a: Venusaur|Weather Ball|p2a: Tornadus
|-damage|p2a: Tornadus|5/100
|-damage|p1a: Venusaur|34/100 brn|[from] item: Life Orb
|move|p2a: Tornadus|U-turn|p1a: Venusaur
|-resisted|p1a: Venusaur
|-damage|p1a: Venusaur|23/100 brn
|c|☆darkthrillz|Its a dumb orange turtle
|c|☆sanmedina|bruh
|
|t:|1757947693
|switch|p2a: Lotic|Milotic, F, shiny|99/100|[from] U-turn
|
|-weather|SunnyDay|[upkeep]
|-heal|p2a: Lotic|100/100|[from] item: Leftovers
|-damage|p1a: Venusaur|17/100 brn|[from] brn
|upkeep
|turn|8
|
|t:|1757947698
|move|p1a: Venusaur|Giga Drain|p2a: Lotic
|-supereffective|p2a: Lotic
|-damage|p2a: Lotic|77/100
|-heal|p1a: Venusaur|33/100 brn|[from] drain|[of] p2a: Lotic
|-damage|p1a: Venusaur|23/100 brn|[from] item: Life Orb
|move|p2a: Lotic|Scald|p1a: Venusaur
|-supereffective|p1a: Venusaur
|-damage|p1a: Venusaur|0 fnt
|faint|p1a: Venusaur
|
|-weather|none
|-heal|p2a: Lotic|83/100|[from] item: Leftovers
|-sideend|p2: darkthrillz|move: Light Screen
|upkeep
|
|t:|1757947707
|switch|p1a: Torkoal|Torkoal, M|100/100
|-weather|SunnyDay|[from] ability: Drought|[of] p1a: Torkoal
|turn|9
|
|t:|1757947714
|switch|p2a: Ion|Espeon, M|50/100
|switch|p1a: Hatterene|Hatterene, F|100/100
|-item|p1a: Hatterene|Air Balloon
|
|-weather|SunnyDay|[upkeep]
|-sideend|p2: darkthrillz|move: Tailwind
|upkeep
|turn|10
|
|t:|1757947725
|move|p2a: Ion|Light Screen|p2a: Ion
|-sidestart|p2: darkthrillz|move: Light Screen
|move|p1a: Hatterene|Dazzling Gleam|p2a: Ion
|-damage|p2a: Ion|31/100
|
|-weather|SunnyDay|[upkeep]
|upkeep
|turn|11
|c|☆darkthrillz|Espeon the goat
|
|t:|1757947733
|move|p2a: Ion|Wish|p2a: Ion
|move|p1a: Hatterene|Dazzling Gleam|p2a: Ion
|-damage|p2a: Ion|13/100
|
|-weather|SunnyDay|[upkeep]
|upkeep
|turn|12
|c|☆sanmedina|that's obviously a dog
|
|t:|1757947742
|move|p2a: Ion|Copycat|p2a: Ion
|move|p2a: Ion|Dazzling Gleam|p1a: Hatterene|[from] move: Copycat
|-damage|p1a: Hatterene|77/100
|-enditem|p1a: Hatterene|Air Balloon
|move|p1a: Hatterene|Psychic Noise|p2a: Ion
|-resisted|p2a: Ion
|-damage|p2a: Ion|4/100
|-start|p2a: Ion|move: Heal Block
|
|-weather|SunnyDay|[upkeep]
|upkeep
|turn|13
|c|☆darkthrillz|Its a cat
|c|☆darkthrillz|Oh my
|c|☆sanmedina|see
|
|t:|1757947762
|switch|p2a: Ceruledge|Ceruledge, M, shiny|100/100
|move|p1a: Hatterene|Psychic Noise|p2a: Ceruledge
|-damage|p2a: Ceruledge|85/100
|-start|p2a: Ceruledge|move: Heal Block
|
|-weather|SunnyDay|[upkeep]
|upkeep
|turn|14
|c|☆darkthrillz|Now when i hit you
|c|☆darkthrillz|Dont move
|inactive|sanmedina has 120 seconds left.
|c|☆darkthrillz|Feel the wrath for not letting me heal
|
|t:|1757947804
|switch|p1a: Ceruledge|Ceruledge, F|100/100
|move|p2a: Ceruledge|Poltergeist|p1a: Ceruledge
|-activate|p1a: Ceruledge|move: Poltergeist|Focus Sash
|-supereffective|p1a: Ceruledge
|-enditem|p1a: Ceruledge|Focus Sash
|-damage|p1a: Ceruledge|1/100
|-ability|p1a: Ceruledge|Weak Armor|boost
|-unboost|p1a: Ceruledge|def|1
|-boost|p1a: Ceruledge|spe|2
|
|-weather|SunnyDay|[upkeep]
|-end|p2a: Ceruledge|move: Heal Block
|upkeep
|turn|15
|
|t:|1757947812
|switch|p2a: Tauros|Tauros-Paldea-Blaze, M|100/100
|-ability|p2a: Tauros|Intimidate|boost
|-unboost|p1a: Ceruledge|atk|1
|move|p1a: Ceruledge|Poltergeist|p2a: Tauros
|-activate|p2a: Tauros|move: Poltergeist|Choice Scarf
|-damage|p2a: Tauros|77/100
|
|-weather|SunnyDay|[upkeep]
|upkeep
|turn|16
|
|t:|1757947831
|move|p1a: Ceruledge|Poltergeist|p2a: Tauros
|-activate|p2a: Tauros|move: Poltergeist|Choice Scarf
|-damage|p2a: Tauros|54/100
|move|p2a: Tauros|Earthquake|p1a: Ceruledge
|-supereffective|p1a: Ceruledge
|-damage|p1a: Ceruledge|0 fnt
|faint|p1a: Ceruledge
|
|-weather|none
|upkeep
|
|t:|1757947838
|switch|p1a: Torkoal|Torkoal, M|100/100
|-weather|SunnyDay|[from] ability: Drought|[of] p1a: Torkoal
|turn|17
|
|t:|1757947842
|switch|p2a: Ion|Espeon, M|4/100
|move|p1a: Torkoal|Eruption|p2a: Ion
|-crit|p2a: Ion
|-damage|p2a: Ion|0 fnt
|faint|p2a: Ion
|
|-weather|SunnyDay|[upkeep]
|-sideend|p2: darkthrillz|move: Light Screen
|upkeep
|
|t:|1757947847
|switch|p2a: Tornadus|Tornadus-Therian, M|39/100
|turn|18
|inactive|sanmedina has 120 seconds left.
|
|t:|1757947853
|switch|p2a: Lotic|Milotic, F, shiny|83/100
|move|p1a: Torkoal|Overheat|p2a: Lotic
|-resisted|p2a: Lotic
|-damage|p2a: Lotic|61/100
|-unboost|p1a: Torkoal|spa|2
|
|-weather|SunnyDay|[upkeep]
|-heal|p2a: Lotic|67/100|[from] item: Leftovers
|upkeep
|turn|19
|inactive|sanmedina has 120 seconds left.
|
|t:|1757947864
|switch|p1a: Raging Bolt|Raging Bolt|100/100
|-activate|p1a: Raging Bolt|ability: Protosynthesis
|-start|p1a: Raging Bolt|protosynthesisspa
|move|p2a: Lotic|Scald|p1a: Raging Bolt
|-resisted|p1a: Raging Bolt
|-damage|p1a: Raging Bolt|94/100
|
|-weather|SunnyDay|[upkeep]
|-heal|p2a: Lotic|73/100|[from] item: Leftovers
|upkeep
|turn|20
|
|t:|1757947868
|-terastallize|p2a: Lotic|Fairy
|move|p1a: Raging Bolt|Solar Beam||[still]
|-prepare|p1a: Raging Bolt|Solar Beam
|-anim|p1a: Raging Bolt|Solar Beam|p2a: Lotic
|-crit|p2a: Lotic
|-damage|p2a: Lotic|12/100
|-damage|p1a: Raging Bolt|84/100|[from] item: Life Orb
|move|p2a: Lotic|Draining Kiss|p1a: Raging Bolt
|-supereffective|p1a: Raging Bolt
|-damage|p1a: Raging Bolt|44/100
|-heal|p2a: Lotic|42/100|[from] drain|[of] p1a: Raging Bolt
|
|-weather|SunnyDay|[upkeep]
|-heal|p2a: Lotic|48/100|[from] item: Leftovers
|upkeep
|turn|21
|c|☆darkthrillz|Ow
|
|t:|1757947880
|move|p1a: Raging Bolt|Weather Ball|p2a: Lotic
|-damage|p2a: Lotic|0 fnt
|faint|p2a: Lotic
|-damage|p1a: Raging Bolt|35/100|[from] item: Life Orb
|
|-weather|SunnyDay|[upkeep]
|upkeep
|
|t:|1757947895
|switch|p2a: Tauros|Tauros-Paldea-Blaze, M|54/100
|-ability|p2a: Tauros|Intimidate|boost
|-unboost|p1a: Raging Bolt|atk|1
|turn|22
|
|t:|1757947900
|move|p1a: Raging Bolt|Thunderclap|p2a: Tauros
|-damage|p2a: Tauros|0 fnt
|faint|p2a: Tauros
|-damage|p1a: Raging Bolt|25/100|[from] item: Life Orb
|
|-weather|SunnyDay|[upkeep]
|upkeep
|
|t:|1757947906
|switch|p2a: Ceruledge|Ceruledge, M, shiny|85/100
|turn|23
|c|☆sanmedina|thunderclapping cheeks is my profession
|
|t:|1757947915
|move|p1a: Raging Bolt|Thunderclap|p2a: Ceruledge
|-damage|p2a: Ceruledge|14/100
|-damage|p1a: Raging Bolt|15/100|[from] item: Life Orb
|move|p2a: Ceruledge|Bitter Blade|p1a: Raging Bolt
|-resisted|p1a: Raging Bolt
|-damage|p1a: Raging Bolt|0 fnt
|-heal|p2a: Ceruledge|22/100|[from] drain|[of] p1a: Raging Bolt
|faint|p1a: Raging Bolt
|-end|p1a: Raging Bolt|Protosynthesis|[silent]
|
|-weather|SunnyDay|[upkeep]
|upkeep
|
|t:|1757947929
|switch|p1a: Walking Wake|Walking Wake|100/100
|-activate|p1a: Walking Wake|ability: Protosynthesis
|-start|p1a: Walking Wake|protosynthesisspe
|turn|24
|c|☆darkthrillz|So dumb to give a tank a pirority move
|c|☆darkthrillz|It defeats the purpose!
|c|☆darkthrillz|Like king gambit
|
|t:|1757947957
|move|p2a: Ceruledge|Endure|p2a: Ceruledge
|-singleturn|p2a: Ceruledge|move: Endure
|move|p1a: Walking Wake|Hydro Steam|p2a: Ceruledge
|-supereffective|p2a: Ceruledge
|-activate|p2a: Ceruledge|move: Endure
|-damage|p2a: Ceruledge|1/100
|-enditem|p2a: Ceruledge|Weakness Policy
|-boost|p2a: Ceruledge|atk|2|[from] item: Weakness Policy
|-boost|p2a: Ceruledge|spa|2|[from] item: Weakness Policy
|
|-weather|none
|-end|p1a: Walking Wake|Protosynthesis
|upkeep
|turn|25
|c|☆sanmedina|what about kingambit with sucker punch or scizor with bullet punch
|c|☆sanmedina|or conkeldurr with mach punch
|c|☆darkthrillz|Hate em all
|inactive|darkthrillz has 120 seconds left.
|c|☆sanmedina|come to think of it they all punch
|c|☆darkthrillz|I know you heard these words before
|c|☆sanmedina|we should ban hands
|inactive|darkthrillz has 90 seconds left.
|c|☆darkthrillz|I messed up
|c|☆darkthrillz|Supposed to tailwind first
|inactive|darkthrillz has 60 seconds left.
|
|t:|1757948036
|-end|p1a: Walking Wake|Protosynthesis|[silent]
|switch|p1a: Torkoal|Torkoal, M|100/100
|-weather|SunnyDay|[from] ability: Drought|[of] p1a: Torkoal
|switch|p2a: Tornadus|Tornadus-Therian, M|72/100
|
|-weather|SunnyDay|[upkeep]
|upkeep
|turn|26
|
|t:|1757948045
|move|p2a: Tornadus|Tailwind|p2a: Tornadus
|-sidestart|p2: darkthrillz|move: Tailwind
|move|p1a: Torkoal|Overheat|p2a: Tornadus
|-damage|p2a: Tornadus|0 fnt
|-unboost|p1a: Torkoal|spa|2
|faint|p2a: Tornadus
|
|-weather|SunnyDay|[upkeep]
|upkeep
|
|t:|1757948050
|switch|p2a: BLAARGH!!|Toxtricity-Low-Key, M|100/100
|turn|27
|c|☆darkthrillz|Thanks
|c|☆darkthrillz|3 turns
|c|☆darkthrillz|3 mons
|
|t:|1757948072
|move|p2a: BLAARGH!!|Overdrive|p1a: Torkoal
|-damage|p1a: Torkoal|4/100
|move|p1a: Torkoal|Earthquake|p2a: BLAARGH!!
|-supereffective|p2a: BLAARGH!!
|-damage|p2a: BLAARGH!!|0 fnt
|faint|p2a: BLAARGH!!
|
|-weather|SunnyDay|[upkeep]
|upkeep
|c|☆darkthrillz|:0
|
|t:|1757948087
|switch|p2a: Ceruledge|Ceruledge, M, shiny|1/100
|turn|28
|c|☆sanmedina|people sleep on torkoal because he's a little slow
|c|☆sanmedina|but he's full of heart and passion
|
|t:|1757948099
|move|p2a: Ceruledge|Endure|p2a: Ceruledge
|-singleturn|p2a: Ceruledge|move: Endure
|move|p1a: Torkoal|Overheat|p2a: Ceruledge
|-resisted|p2a: Ceruledge
|-activate|p2a: Ceruledge|move: Endure
|-damage|p2a: Ceruledge|1/100
|-unboost|p1a: Torkoal|spa|2
|
|-weather|SunnyDay|[upkeep]
|upkeep
|turn|29
|inactive|darkthrillz has 90 seconds left.
|
|t:|1757948110
|move|p2a: Ceruledge|Bitter Blade|p1a: Torkoal
|-resisted|p1a: Torkoal
|-damage|p1a: Torkoal|0 fnt
|-heal|p2a: Ceruledge|2/100|[from] drain|[of] p1a: Torkoal
|faint|p1a: Torkoal
|
|-weather|SunnyDay|[upkeep]
|-sideend|p2: darkthrillz|move: Tailwind
|upkeep
|
|t:|1757948117
|switch|p1a: Walking Wake|Walking Wake|100/100
|-activate|p1a: Walking Wake|ability: Protosynthesis
|-start|p1a: Walking Wake|protosynthesisspe
|turn|30
|
|t:|1757948120
|move|p2a: Ceruledge|Endure|p2a: Ceruledge
|-singleturn|p2a: Ceruledge|move: Endure
|move|p1a: Walking Wake|Hydro Steam|p2a: Ceruledge
|-supereffective|p2a: Ceruledge
|-activate|p2a: Ceruledge|move: Endure
|-damage|p2a: Ceruledge|1/100
|
|-weather|SunnyDay|[upkeep]
|upkeep
|turn|31
|
|t:|1757948126
|move|p1a: Walking Wake|Hydro Steam|p2a: Ceruledge
|-supereffective|p2a: Ceruledge
|-damage|p2a: Ceruledge|0 fnt
|faint|p2a: Ceruledge
|
|win|sanmedina
|raw|sanmedina's rating: 1393 &rarr; <strong>1411</strong><br />(+18 for winning)
|raw|darkthrillz's rating: 1356 &rarr; <strong>1338</strong><br />(-18 for losing)
|c|☆darkthrillz|Gg
|c|☆sanmedina|that ceruledge build is wild
|c|☆darkthrillz|I messed up
|c|☆sanmedina|idk where u got that
|c|☆sanmedina|lmao
|c|☆darkthrillz|Made it up
|c|☆sanmedina|im trying it out myself
|c|☆sanmedina|seems pretty mid
|c|☆darkthrillz|Nah
|c|☆darkthrillz|Look at your team
|c|☆sanmedina|sun offense?
|c|☆sanmedina|the most common archetype in ou?
|c|☆darkthrillz|Just didnt got a chance to shine
|c|☆darkthrillz|More so you had my special attackers
|c|☆sanmedina|well if you don't get a chance to shine against 30% of all teams that's a problem
|c|☆darkthrillz|More*
|c|☆darkthrillz|If you had one ou physical mon
|c|☆darkthrillz|It would do damage
|c|☆sanmedina|meta is all special rn cause contact is so punishing
|c|☆sanmedina|and the ever present will o wisp
|c|☆sanmedina|blissey is rising in popularity a lot
|c|☆sanmedina|one blissy and sun is doomed
|c|☆darkthrillz|Lot of 6 tank teams rising
|c|☆sanmedina|similar logic
|c|☆darkthrillz|I got a counter for them
|c|☆darkthrillz|Its called leaving the match
|c|☆sanmedina|oh the famous ogerspon wellspring counterplay
|c|☆sanmedina|uninstall the game till gen 10
|c|☆darkthrillz|Actually i like fighting ogerspon
