|j|☆Ulung
|j|☆Mouu'd
|t:|1757791325
|gametype|singles
|player|p1|Ulung|pokemaniac|1113
|player|p2|Mouu'd|buck|1123
|gen|9
|tier|[Gen 9] OU
|rated|
|rule|HP Percentage Mod: HP is shown in percentages
|rule|Endless Battle Clause: Forcing endless battles is banned
|rule|Species Clause: Limit one of each Pokémon
|rule|OHKO Clause: OHKO moves are banned
|rule|Evasion Items Clause: Evasion items are banned
|rule|Evasion Moves Clause: Evasion moves are banned
|rule|Evasion Abilities Clause: Evasion abilities are banned
|rule|Sleep Moves Clause: Sleep-inducing moves are banned
|clearpoke
|poke|p1|Rillaboom, F|
|poke|p1|Heatran, M|
|poke|p1|Chesnaught, F|
|poke|p1|Landorus-Therian, M|
|poke|p1|Dragapult, M|
|poke|p1|Lokix, F|
|poke|p2|Slowbro, F|
|poke|p2|Diancie|
|poke|p2|Oranguru, M|
|poke|p2|Ursaluna, F|
|poke|p2|Incineroar, M|
|poke|p2|Conkeldurr, F|
|teampreview
|
|t:|1757791338
|teamsize|p1|6
|teamsize|p2|6
|start
|switch|p1a: Rillaboom|Rillaboom, F|100/100
|switch|p2a: Jinbei|Slowbro, F, shiny|100/100
|-fieldstart|move: Grassy Terrain|[from] ability: Grassy Surge|[of] p1a: Rillaboom
|turn|1
|
|t:|1757791365
|switch|p2a: Xebec|Incineroar, M|100/100
|-ability|p2a: Xebec|Intimidate|boost
|-unboost|p1a: Rillaboom|atk|1
|move|p1a: Rillaboom|Grassy Glide|p2a: Xebec
|-resisted|p2a: Xebec
|-damage|p2a: Xebec|90/100
|
|-heal|p2a: Xebec|96/100|[from] Grassy Terrain
|upkeep
|turn|2
|
|t:|1757791378
|switch|p2a: Crocus|Oranguru, M|100/100
|move|p1a: Rillaboom|U-turn|p2a: Crocus
|-supereffective|p2a: Crocus
|-damage|p2a: Crocus|66/100
|
|t:|1757791383
|switch|p1a: Chesnaught|Chesnaught, F|100/100|[from] U-turn
|
|-heal|p2a: Crocus|72/100|[from] Grassy Terrain
|upkeep
|turn|3
|
|t:|1757791393
|move|p1a: Chesnaught|Belly Drum|p1a: Chesnaught
|-damage|p1a: Chesnaught|50/100
|-setboost|p1a: Chesnaught|atk|6|[from] move: Belly Drum
|-enditem|p1a: Chesnaught|Sitrus Berry|[eat]
|-heal|p1a: Chesnaught|75/100|[from] item: Sitrus Berry
|move|p2a: Crocus|Trick Room|p2a: Crocus
|-fieldstart|move: Trick Room|[of] p2a: Crocus
|
|-heal|p2a: Crocus|78/100|[from] Grassy Terrain
|-heal|p1a: Chesnaught|82/100|[from] Grassy Terrain
|upkeep
|turn|4
|
|t:|1757791421
|-terastallize|p1a: Chesnaught|Grass
|move|p1a: Chesnaught|Grassy Glide|p2a: Crocus
|-damage|p2a: Crocus|0 fnt
|faint|p2a: Crocus
|
|-heal|p1a: Chesnaught|88/100|[from] Grassy Terrain
|upkeep
|
|t:|1757791431
|switch|p2a: Xebec|Incineroar, M|96/100
|-ability|p2a: Xebec|Intimidate|boost
|-unboost|p1a: Chesnaught|atk|1
|turn|5
|
|t:|1757791435
|move|p1a: Chesnaught|Grassy Glide|p2a: Xebec
|-resisted|p2a: Xebec
|-damage|p2a: Xebec|11/100
|-enditem|p2a: Xebec|Sitrus Berry|[eat]
|-heal|p2a: Xebec|36/100|[from] item: Sitrus Berry
|move|p2a: Xebec|Flare Blitz|p1a: Chesnaught
|-supereffective|p1a: Chesnaught
|-damage|p1a: Chesnaught|0 fnt
|faint|p1a: Chesnaught
|-damage|p2a: Xebec|8/100|[from] Recoil
|
|-heal|p2a: Xebec|14/100|[from] Grassy Terrain
|-fieldend|move: Grassy Terrain
|upkeep
|
|t:|1757791448
|switch|p1a: Dragapult|Dragapult, M|100/100
|turn|6
|
|t:|1757791462
|move|p2a: Xebec|Flare Blitz|p1a: Dragapult
|-resisted|p1a: Dragapult
|-damage|p1a: Dragapult|57/100
|-damage|p2a: Xebec|3/100|[from] Recoil
|move|p1a: Dragapult|Dragon Darts|p2a: Xebec
|-damage|p2a: Xebec|0 fnt
|faint|p2a: Xebec
|
|-heal|p1a: Dragapult|63/100|[from] item: Leftovers
|upkeep
|
|t:|1757791471
|switch|p2a: Chopper|Ursaluna, F|100/100
|turn|7
|
|t:|1757791486
|switch|p1a: Landorus|Landorus-Therian, M|100/100
|-ability|p1a: Landorus|Intimidate|boost
|-unboost|p2a: Chopper|atk|1
|move|p2a: Chopper|Play Rough|p1a: Landorus
|-damage|p1a: Landorus|73/100
|
|-fieldend|move: Trick Room
|-status|p2a: Chopper|brn|[from] item: Flame Orb
|upkeep
|turn|8
|
|t:|1757791503
|move|p1a: Landorus|Hammer Arm|p2a: Chopper
|-supereffective|p2a: Chopper
|-damage|p2a: Chopper|48/100 brn
|-unboost|p1a: Landorus|spe|1
|move|p2a: Chopper|Facade|p1a: Landorus
|-damage|p1a: Landorus|0 fnt
|faint|p1a: Landorus
|
|-damage|p2a: Chopper|42/100 brn|[from] brn
|upkeep
|
|t:|1757791513
|switch|p1a: Dragapult|Dragapult, M|63/100
|turn|9
|
|t:|1757791520
|switch|p2a: Robin|Diancie|100/100
|move|p1a: Dragapult|Dragon Darts|p2a: Robin
|-immune|p2a: Robin
|
|-heal|p1a: Dragapult|69/100|[from] item: Leftovers
|upkeep
|turn|10
|
|t:|1757791527
|move|p1a: Dragapult|U-turn|p2a: Robin
|-resisted|p2a: Robin
|-damage|p2a: Robin|92/100
|
|t:|1757791531
|switch|p1a: Rillaboom|Rillaboom, F|100/100|[from] U-turn
|-fieldstart|move: Grassy Terrain|[from] ability: Grassy Surge|[of] p1a: Rillaboom
|move|p2a: Robin|Trick Room|p2a: Robin
|-fieldstart|move: Trick Room|[of] p2a: Robin
|
|-heal|p2a: Robin|98/100|[from] Grassy Terrain
|upkeep
|turn|11
|
|t:|1757791542
|switch|p2a: Luffy gear 4th|Conkeldurr, F|100/100
|move|p1a: Rillaboom|Grassy Glide|p2a: Luffy gear 4th
|-damage|p2a: Luffy gear 4th|69/100
|
|-heal|p2a: Luffy gear 4th|75/100|[from] Grassy Terrain
|-status|p2a: Luffy gear 4th|brn|[from] item: Flame Orb
|upkeep
|turn|12
|
|t:|1757791553
|switch|p1a: Dragapult|Dragapult, M|69/100
|-terastallize|p2a: Luffy gear 4th|Fighting
|move|p2a: Luffy gear 4th|Ice Punch|p1a: Dragapult
|-supereffective|p1a: Dragapult
|-damage|p1a: Dragapult|0 fnt
|faint|p1a: Dragapult
|
|-heal|p2a: Luffy gear 4th|81/100 brn|[from] Grassy Terrain
|-damage|p2a: Luffy gear 4th|75/100 brn|[from] brn
|upkeep
|
|t:|1757791565
|switch|p1a: Lokix|Lokix, F|100/100
|turn|13
|
|t:|1757791571
|move|p1a: Lokix|First Impression|p2a: Luffy gear 4th
|-resisted|p2a: Luffy gear 4th
|-damage|p2a: Luffy gear 4th|42/100 brn
|move|p2a: Luffy gear 4th|Drain Punch|p1a: Lokix
|-enditem|p1a: Lokix|Focus Sash
|-damage|p1a: Lokix|1/100
|-heal|p2a: Luffy gear 4th|76/100 brn|[from] drain|[of] p1a: Lokix
|
|-heal|p2a: Luffy gear 4th|82/100 brn|[from] Grassy Terrain
|-heal|p1a: Lokix|7/100|[from] Grassy Terrain
|-damage|p2a: Luffy gear 4th|76/100 brn|[from] brn
|upkeep
|turn|14
|
|t:|1757791584
|switch|p1a: Rillaboom|Rillaboom, F|100/100
|move|p2a: Luffy gear 4th|Drain Punch|p1a: Rillaboom
|-damage|p1a: Rillaboom|9/100
|-heal|p2a: Luffy gear 4th|100/100 brn|[from] drain|[of] p1a: Rillaboom
|
|-heal|p1a: Rillaboom|15/100|[from] Grassy Terrain
|-heal|p1a: Rillaboom|21/100|[from] item: Leftovers
|-damage|p2a: Luffy gear 4th|94/100 brn|[from] brn
|-fieldend|move: Trick Room
|-fieldend|move: Grassy Terrain
|upkeep
|turn|15
|
|t:|1757791601
|move|p2a: Luffy gear 4th|Mach Punch|p1a: Rillaboom
|-damage|p1a: Rillaboom|0 fnt
|faint|p1a: Rillaboom
|
|-damage|p2a: Luffy gear 4th|88/100 brn|[from] brn
|upkeep
|c|☆Ulung|gg
|-message|Ulung forfeited.
|
|win|Mouu'd
|raw|Ulung's rating: 1113 &rarr; <strong>1089</strong><br />(-24 for losing)
|raw|Mouu&apos;d's rating: 1123 &rarr; <strong>1147</strong><br />(+24 for winning)
|l|☆Mouu'd
|player|p2|
