|j|☆yeunybvcl
|j|☆Erra the Zorua
|t:|1757930914
|gametype|singles
|player|p1|yeunybvcl|clair|1118
|player|p2|Erra the Zorua|miku-ghost|1076
|gen|9
|tier|[Gen 9] OU
|rated|
|rule|HP Percentage Mod: HP is shown in percentages
|rule|Endless Battle Clause: Forcing endless battles is banned
|rule|Species Clause: Limit one of each Pokémon
|rule|OHKO Clause: OHKO moves are banned
|rule|Evasion Items Clause: Evasion items are banned
|rule|Evasion Moves Clause: Evasion moves are banned
|rule|Evasion Abilities Clause: Evasion abilities are banned
|rule|Sleep Moves Clause: Sleep-inducing moves are banned
|clearpoke
|poke|p1|Kommo-o, F|
|poke|p1|Araquanid, M|
|poke|p1|Munkidori, M|
|poke|p1|Kingambit, M|
|poke|p1|Raging Bolt|
|poke|p1|Ceruledge, M|
|poke|p2|Reuniclus, M|
|poke|p2|Rillaboom, F|
|poke|p2|Clefable, F|
|poke|p2|Gholdengo|
|poke|p2|Ninetales-Alola, F|
|poke|p2|Great Tusk|
|teampreview
|inactive|Battle timer is ON: inactive players will automatically lose when time's up. (requested by Erra the Zorua)
|
|t:|1757930929
|teamsize|p1|6
|teamsize|p2|6
|start
|switch|p1a: Araquanid|Araquanid, M|100/100
|switch|p2a: Great Tusk|Great Tusk|100/100
|-enditem|p2a: Great Tusk|Booster Energy
|-activate|p2a: Great Tusk|ability: Protosynthesis|[fromitem]
|-start|p2a: Great Tusk|protosynthesisspe
|turn|1
|
|t:|1757930938
|move|p2a: Great Tusk|Stealth Rock|p1a: Araquanid
|-sidestart|p1: yeunybvcl|move: Stealth Rock
|move|p1a: Araquanid|Sticky Web|p2a: Great Tusk
|-sidestart|p2: Erra the Zorua|move: Sticky Web
|
|upkeep
|turn|2
|
|t:|1757930942
|move|p2a: Great Tusk|Rapid Spin|p1a: Araquanid
|-damage|p1a: Araquanid|84/100
|-boost|p2a: Great Tusk|spe|1
|-sideend|p2: Erra the Zorua|Sticky Web|[from] move: Rapid Spin|[of] p2a: Great Tusk
|move|p1a: Araquanid|Liquidation|p2a: Great Tusk
|-supereffective|p2a: Great Tusk
|-damage|p2a: Great Tusk|28/100
|
|upkeep
|turn|3
|
|t:|1757930959
|-end|p2a: Great Tusk|Protosynthesis|[silent]
|switch|p2a: Rillaboom|Rillaboom, F|100/100
|-fieldstart|move: Grassy Terrain|[from] ability: Grassy Surge|[of] p2a: Rillaboom
|move|p1a: Araquanid|Liquidation|p2a: Rillaboom
|-resisted|p2a: Rillaboom
|-damage|p2a: Rillaboom|68/100
|
|-heal|p2a: Rillaboom|74/100|[from] Grassy Terrain
|-heal|p1a: Araquanid|90/100|[from] Grassy Terrain
|upkeep
|turn|4
|
|t:|1757930966
|move|p2a: Rillaboom|Wood Hammer|p1a: Araquanid
|-damage|p1a: Araquanid|0 fnt
|faint|p1a: Araquanid
|-damage|p2a: Rillaboom|48/100|[from] Recoil
|
|-heal|p2a: Rillaboom|54/100|[from] Grassy Terrain
|upkeep
|
|t:|1757930972
|switch|p1a: Ceruledge|Ceruledge, M|100/100
|-damage|p1a: Ceruledge|76/100|[from] Stealth Rock
|turn|5
|
|t:|1757930979
|move|p2a: Rillaboom|Wood Hammer|p1a: Ceruledge
|-resisted|p1a: Ceruledge
|-damage|p1a: Ceruledge|0 fnt
|faint|p1a: Ceruledge
|-damage|p2a: Rillaboom|32/100|[from] Recoil
|
|-heal|p2a: Rillaboom|38/100|[from] Grassy Terrain
|upkeep
|
|t:|1757930985
|switch|p1a: Munkidori|Munkidori, M|100/100
|-damage|p1a: Munkidori|88/100|[from] Stealth Rock
|turn|6
|
|t:|1757930987
|move|p1a: Munkidori|Sludge Wave|p2a: Rillaboom
|-supereffective|p2a: Rillaboom
|-damage|p2a: Rillaboom|0 fnt
|faint|p2a: Rillaboom
|
|-heal|p1a: Munkidori|94/100|[from] Grassy Terrain
|upkeep
|
|t:|1757930992
|switch|p2a: Reuniclus|Reuniclus, M|100/100
|-enditem|p2a: Reuniclus|Grassy Seed
|-boost|p2a: Reuniclus|def|1|[from] item: Grassy Seed
|turn|7
|
|t:|1757931009
|move|p1a: Munkidori|U-turn|p2a: Reuniclus
|-supereffective|p2a: Reuniclus
|-damage|p2a: Reuniclus|89/100
|
|t:|1757931013
|switch|p1a: Kingambit|Kingambit, M|100/100|[from] U-turn
|-damage|p1a: Kingambit|94/100|[from] Stealth Rock
|move|p2a: Reuniclus|Calm Mind|p2a: Reuniclus
|-boost|p2a: Reuniclus|spa|1
|-boost|p2a: Reuniclus|spd|1
|
|-heal|p1a: Kingambit|100/100|[from] Grassy Terrain
|-heal|p2a: Reuniclus|95/100|[from] Grassy Terrain
|-fieldend|move: Grassy Terrain
|upkeep
|turn|8
|
|t:|1757931019
|-terastallize|p2a: Reuniclus|Fighting
|move|p1a: Kingambit|Swords Dance|p1a: Kingambit
|-boost|p1a: Kingambit|atk|2
|move|p2a: Reuniclus|Tera Blast|p1a: Kingambit|[anim] Tera Blast Fighting
|-supereffective|p1a: Kingambit
|-damage|p1a: Kingambit|0 fnt
|faint|p1a: Kingambit
|
|upkeep
|
|t:|1757931028
|switch|p1a: Munkidori|Munkidori, M|94/100
|-damage|p1a: Munkidori|82/100|[from] Stealth Rock
|turn|9
|
|t:|1757931043
|move|p1a: Munkidori|Fake Out|p2a: Reuniclus
|-damage|p2a: Reuniclus|91/100
|cant|p2a: Reuniclus|flinch
|
|upkeep
|turn|10
|
|t:|1757931054
|move|p1a: Munkidori|Psychic Noise|p2a: Reuniclus
|-supereffective|p2a: Reuniclus
|-crit|p2a: Reuniclus
|-damage|p2a: Reuniclus|0 fnt
|faint|p2a: Reuniclus
|
|upkeep
|
|t:|1757931072
|switch|p2a: Ninetales|Ninetales-Alola, F|100/100
|-weather|Snowscape|[from] ability: Snow Warning|[of] p2a: Ninetales
|turn|11
|
|t:|1757931077
|move|p2a: Ninetales|Aurora Veil|p2a: Ninetales
|-sidestart|p2: Erra the Zorua|move: Aurora Veil
|move|p1a: Munkidori|U-turn|p2a: Ninetales
|-resisted|p2a: Ninetales
|-damage|p2a: Ninetales|97/100
|
|t:|1757931082
|switch|p1a: Kommo-o|Kommo-o, F|100/100|[from] U-turn
|-damage|p1a: Kommo-o|94/100|[from] Stealth Rock
|
|-weather|Snowscape|[upkeep]
|upkeep
|turn|12
|
|t:|1757931094
|-terastallize|p1a: Kommo-o|Steel
|move|p2a: Ninetales|Moonblast|p1a: Kommo-o
|-resisted|p1a: Kommo-o
|-damage|p1a: Kommo-o|74/100
|move|p1a: Kommo-o|Iron Defense|p1a: Kommo-o
|-boost|p1a: Kommo-o|def|2
|
|-weather|Snowscape|[upkeep]
|upkeep
|turn|13
|
|t:|1757931106
|move|p2a: Ninetales|Encore|p1a: Kommo-o
|-start|p1a: Kommo-o|Encore
|move|p1a: Kommo-o|Iron Defense|p1a: Kommo-o
|-boost|p1a: Kommo-o|def|2
|
|-weather|Snowscape|[upkeep]
|upkeep
|turn|14
|inactive|Erra the Zorua has 120 seconds left.
|
|t:|1757931139
|switch|p2a: Gholdengo|Gholdengo|100/100
|switch|p1a: Munkidori|Munkidori, M|82/100
|-damage|p1a: Munkidori|70/100|[from] Stealth Rock
|
|-weather|Snowscape|[upkeep]
|upkeep
|turn|15
|inactive|Erra the Zorua has 120 seconds left.
|
|t:|1757931158
|move|p1a: Munkidori|U-turn|p2a: Gholdengo
|-resisted|p2a: Gholdengo
|-damage|p2a: Gholdengo|99/100
|
|t:|1757931165
|switch|p1a: Raging Bolt|Raging Bolt|100/100|[from] U-turn
|-damage|p1a: Raging Bolt|88/100|[from] Stealth Rock
|-enditem|p1a: Raging Bolt|Booster Energy
|-activate|p1a: Raging Bolt|ability: Protosynthesis|[fromitem]
|-start|p1a: Raging Bolt|protosynthesisspa
|move|p2a: Gholdengo|Shadow Ball|p1a: Raging Bolt
|-damage|p1a: Raging Bolt|50/100
|
|-weather|none
|upkeep
|turn|16
|inactive|Erra the Zorua has 120 seconds left.
|
|t:|1757931175
|move|p2a: Gholdengo|Dazzling Gleam|p1a: Raging Bolt
|-supereffective|p1a: Raging Bolt
|-damage|p1a: Raging Bolt|0 fnt
|faint|p1a: Raging Bolt
|-end|p1a: Raging Bolt|Protosynthesis|[silent]
|
|upkeep
|
|t:|1757931179
|switch|p1a: Kommo-o|Kommo-o, F, tera:Steel|74/100
|-damage|p1a: Kommo-o|68/100|[from] Stealth Rock
|turn|17
|
|t:|1757931186
|move|p2a: Gholdengo|Shadow Ball|p1a: Kommo-o
|-damage|p1a: Kommo-o|23/100
|-enditem|p1a: Kommo-o|Sitrus Berry|[eat]
|-heal|p1a: Kommo-o|48/100|[from] item: Sitrus Berry
|move|p1a: Kommo-o|Earthquake|p2a: Gholdengo
|-supereffective|p2a: Gholdengo
|-damage|p2a: Gholdengo|69/100
|
|upkeep
|turn|18
|-message|yeunybvcl forfeited.
|
|win|Erra the Zorua
|raw|yeunybvcl's rating: 1118 &rarr; <strong>1090</strong><br />(-28 for losing)
|raw|Erra the Zorua's rating: 1076 &rarr; <strong>1108</strong><br />(+32 for winning)
|l|☆yeunybvcl
|player|p1|
|l|☆Erra the Zorua
|player|p2|
