|j|☆Pokeguy7777
|j|☆2011 jonah hill
|t:|1757823686
|gametype|singles
|player|p1|Pokeguy7777|101|1323
|player|p2|2011 jonah hill|101|1428
|gen|9
|tier|[Gen 9] OU
|rated|
|rule|HP Percentage Mod: HP is shown in percentages
|rule|Endless Battle Clause: Forcing endless battles is banned
|rule|Species Clause: Limit one of each Pokémon
|rule|OHKO Clause: OHKO moves are banned
|rule|Evasion Items Clause: Evasion items are banned
|rule|Evasion Moves Clause: Evasion moves are banned
|rule|Evasion Abilities Clause: Evasion abilities are banned
|rule|Sleep Moves Clause: Sleep-inducing moves are banned
|clearpoke
|poke|p1|Cinderace, F|
|poke|p1|Maushold|
|poke|p1|Gholdengo|
|poke|p1|Comfey, F|
|poke|p1|Araquanid, M|
|poke|p1|Garganacl, F|
|poke|p2|Samurott-Hisui, F|
|poke|p2|Raging Bolt|
|poke|p2|Great Tusk|
|poke|p2|Ogerpon-Wellspring, F|
|poke|p2|Heatran, F|
|poke|p2|Gholdengo|
|teampreview
|
|t:|1757823705
|teamsize|p1|6
|teamsize|p2|6
|start
|switch|p1a: Cinderace|Cinderace, F|100/100
|switch|p2a: Samurott|Samurott-Hisui, F|100/100
|turn|1
|
|t:|1757823711
|move|p1a: Cinderace|U-turn|p2a: Samurott
|-start|p1a: Cinderace|typechange|Bug|[from] ability: Libero
|-supereffective|p2a: Samurott
|-crit|p2a: Samurott
|-damage|p2a: Samurott|0 fnt
|faint|p2a: Samurott
|inactive|Battle timer is ON: inactive players will automatically lose when time's up. (requested by 2011 jonah hill)
|
|t:|1757823729
|switch|p1a: Gholdengo|Gholdengo|100/100|[from] U-turn
|
|upkeep
|
|t:|1757823734
|switch|p2a: Heatran|Heatran, F|100/100
|-item|p2a: Heatran|Air Balloon
|turn|2
|
|t:|1757823740
|switch|p1a: Cinderace|Cinderace, F|100/100
|move|p2a: Heatran|Magma Storm|p1a: Cinderace
|-resisted|p1a: Cinderace
|-damage|p1a: Cinderace|70/100
|-activate|p1a: Cinderace|move: Magma Storm|[of] p2a: Heatran
|
|-damage|p1a: Cinderace|58/100|[from] move: Magma Storm|[partiallytrapped]
|upkeep
|turn|3
|
|t:|1757823750
|switch|p2a: Gholdengo|Gholdengo|100/100
|move|p1a: Cinderace|High Jump Kick|p2a: Gholdengo
|-start|p1a: Cinderace|typechange|Fighting|[from] ability: Libero
|-immune|p2a: Gholdengo
|-damage|p1a: Cinderace|8/100|[from] highjumpkick
|
|-end|p1a: Cinderace|Magma Storm|[partiallytrapped]|[silent]
|upkeep
|turn|4
|
|t:|1757823758
|move|p1a: Cinderace|High Jump Kick|p2a: Gholdengo
|-immune|p2a: Gholdengo
|-damage|p1a: Cinderace|0 fnt|[from] highjumpkick
|faint|p1a: Cinderace
|move|p2a: Gholdengo|Shadow Ball|p1: Cinderace|[notarget]
|-fail|p2a: Gholdengo
|
|upkeep
|
|t:|1757823768
|switch|p1a: Maushold|Maushold|100/100
|turn|5
|
|t:|1757823779
|switch|p2a: Heatran|Heatran, F|100/100
|-item|p2a: Heatran|Air Balloon
|move|p1a: Maushold|Tidy Up|p1a: Maushold
|-boost|p1a: Maushold|atk|1
|-boost|p1a: Maushold|spe|1
|
|upkeep
|turn|6
|
|t:|1757823788
|move|p1a: Maushold|Population Bomb|p2a: Heatran
|-resisted|p2a: Heatran
|-damage|p2a: Heatran|95/100
|-enditem|p2a: Heatran|Air Balloon
|-resisted|p2a: Heatran
|-damage|p2a: Heatran|90/100
|-resisted|p2a: Heatran
|-damage|p2a: Heatran|84/100
|-status|p1a: Maushold|brn|[from] ability: Flame Body|[of] p2a: Heatran
|-resisted|p2a: Heatran
|-damage|p2a: Heatran|82/100
|-resisted|p2a: Heatran
|-damage|p2a: Heatran|79/100
|-resisted|p2a: Heatran
|-damage|p2a: Heatran|77/100
|-resisted|p2a: Heatran
|-damage|p2a: Heatran|74/100
|-resisted|p2a: Heatran
|-damage|p2a: Heatran|71/100
|-resisted|p2a: Heatran
|-damage|p2a: Heatran|68/100
|-resisted|p2a: Heatran
|-damage|p2a: Heatran|66/100
|-hitcount|p2a: Heatran|10
|move|p2a: Heatran|Magma Storm|p1a: Maushold
|-damage|p1a: Maushold|37/100 brn
|-activate|p1a: Maushold|move: Magma Storm|[of] p2a: Heatran
|
|-damage|p1a: Maushold|31/100 brn|[from] brn
|-damage|p1a: Maushold|18/100 brn|[from] move: Magma Storm|[partiallytrapped]
|upkeep
|turn|7
|inactive|Pokeguy7777 has 120 seconds left.
|
|t:|1757823826
|move|p1a: Maushold|Encore|p2a: Heatran
|-start|p2a: Heatran|Encore
|move|p2a: Heatran|Magma Storm|p1a: Maushold
|-damage|p1a: Maushold|0 fnt
|faint|p1a: Maushold
|
|upkeep
|
|t:|1757823835
|switch|p1a: Araquanid|Araquanid, M|100/100
|turn|8
|
|t:|1757823843
|move|p2a: Heatran|Magma Storm|p1a: Araquanid
|-damage|p1a: Araquanid|85/100
|-activate|p1a: Araquanid|move: Magma Storm|[of] p2a: Heatran
|move|p1a: Araquanid|Sticky Web|p2a: Heatran
|-sidestart|p2: 2011 jonah hill|move: Sticky Web
|
|-damage|p1a: Araquanid|73/100|[from] move: Magma Storm|[partiallytrapped]
|upkeep
|turn|9
|
|t:|1757823851
|switch|p2a: Ogerpon|Ogerpon-Wellspring, F|100/100
|-activate|p2a: Ogerpon|move: Sticky Web
|-unboost|p2a: Ogerpon|spe|1
|move|p1a: Araquanid|Liquidation|p2a: Ogerpon
|-immune|p2a: Ogerpon|[from] ability: Water Absorb
|
|-end|p1a: Araquanid|Magma Storm|[partiallytrapped]|[silent]
|upkeep
|turn|10
|
|t:|1757823860
|switch|p2a: Heatran|Heatran, F|66/100
|-activate|p2a: Heatran|move: Sticky Web
|-unboost|p2a: Heatran|spe|1
|move|p1a: Araquanid|Endeavor|p2a: Heatran
|-damage|p2a: Heatran|64/100
|
|upkeep
|turn|11
|
|t:|1757823868
|move|p2a: Heatran|Stealth Rock|p1a: Araquanid
|-sidestart|p1: Pokeguy7777|move: Stealth Rock
|move|p1a: Araquanid|Liquidation|p2a: Heatran
|-supereffective|p2a: Heatran
|-damage|p2a: Heatran|4/100
|
|upkeep
|turn|12
|
|t:|1757823875
|move|p2a: Heatran|Magma Storm|p1a: Araquanid
|-damage|p1a: Araquanid|59/100
|-activate|p1a: Araquanid|move: Magma Storm|[of] p2a: Heatran
|move|p1a: Araquanid|Endeavor|p2a: Heatran
|-immune|p2a: Heatran
|
|-damage|p1a: Araquanid|47/100|[from] move: Magma Storm|[partiallytrapped]
|upkeep
|turn|13
|
|t:|1757823898
|switch|p2a: Ogerpon|Ogerpon-Wellspring, F|100/100
|-activate|p2a: Ogerpon|move: Sticky Web
|-unboost|p2a: Ogerpon|spe|1
|move|p1a: Araquanid|Endeavor|p2a: Ogerpon
|-damage|p2a: Ogerpon|53/100
|
|-end|p1a: Araquanid|Magma Storm|[partiallytrapped]|[silent]
|upkeep
|turn|14
|
|t:|1757823912
|switch|p1a: Comfey|Comfey, F|100/100
|-damage|p1a: Comfey|88/100|[from] Stealth Rock
|move|p2a: Ogerpon|Trailblaze|p1a: Comfey
|-crit|p1a: Comfey
|-damage|p1a: Comfey|14/100
|-boost|p2a: Ogerpon|spe|1
|
|-heal|p1a: Comfey|20/100|[from] item: Leftovers
|upkeep
|turn|15
|
|t:|1757823924
|move|p1a: Comfey|Draining Kiss|p2a: Ogerpon
|-damage|p2a: Ogerpon|32/100
|-heal|p1a: Comfey|40/100|[from] drain|[of] p2a: Ogerpon
|move|p2a: Ogerpon|Ivy Cudgel|p1a: Comfey|[anim] Ivy Cudgel Water
|-damage|p1a: Comfey|0 fnt
|faint|p1a: Comfey
|
|upkeep
|
|t:|1757823932
|switch|p1a: Gholdengo|Gholdengo|100/100
|-damage|p1a: Gholdengo|94/100|[from] Stealth Rock
|turn|16
|
|t:|1757823940
|move|p1a: Gholdengo|Shadow Ball|p2a: Ogerpon
|-damage|p2a: Ogerpon|0 fnt
|faint|p2a: Ogerpon
|
|upkeep
|
|t:|1757823948
|switch|p2a: Great Tusk|Great Tusk|100/100
|-activate|p2a: Great Tusk|move: Sticky Web
|-unboost|p2a: Great Tusk|spe|1
|-enditem|p2a: Great Tusk|Booster Energy
|-activate|p2a: Great Tusk|ability: Protosynthesis|[fromitem]
|-start|p2a: Great Tusk|protosynthesisatk
|turn|17
|
|t:|1757823954
|-terastallize|p1a: Gholdengo|Flying
|move|p1a: Gholdengo|Shadow Ball|p2a: Great Tusk
|-damage|p2a: Great Tusk|41/100
|-unboost|p2a: Great Tusk|spd|1
|move|p2a: Great Tusk|Headlong Rush|p1a: Gholdengo
|-immune|p1a: Gholdengo
|
|upkeep
|turn|18
|
|t:|1757823964
|move|p1a: Gholdengo|Shadow Ball|p2a: Great Tusk
|-damage|p2a: Great Tusk|0 fnt
|faint|p2a: Great Tusk
|-end|p2a: Great Tusk|Protosynthesis|[silent]
|
|upkeep
|
|t:|1757823977
|switch|p2a: Raging Bolt|Raging Bolt|100/100
|turn|19
|
|t:|1757823983
|switch|p1a: Garganacl|Garganacl, F|100/100
|-damage|p1a: Garganacl|88/100|[from] Stealth Rock
|move|p2a: Raging Bolt|Thunderclap||[still]
|-fail|p2a: Raging Bolt
|
|-heal|p1a: Garganacl|94/100|[from] item: Leftovers
|upkeep
|turn|20
|
|t:|1757823993
|move|p2a: Raging Bolt|Volt Switch|p1a: Garganacl
|-damage|p1a: Garganacl|68/100
|
|t:|1757824000
|-end|p2a: Raging Bolt|Protosynthesis|[silent]
|switch|p2a: Gholdengo|Gholdengo|100/100|[from] Volt Switch
|-activate|p2a: Gholdengo|move: Sticky Web
|-unboost|p2a: Gholdengo|spe|1
|move|p1a: Garganacl|Salt Cure|p2a: Gholdengo
|-resisted|p2a: Gholdengo
|-damage|p2a: Gholdengo|92/100
|-start|p2a: Gholdengo|Salt Cure
|
|-heal|p1a: Garganacl|74/100|[from] item: Leftovers
|-damage|p2a: Gholdengo|67/100|[from] Salt Cure
|upkeep
|turn|21
|
|t:|1757824012
|switch|p1a: Araquanid|Araquanid, M|47/100
|-damage|p1a: Araquanid|22/100|[from] Stealth Rock
|move|p2a: Gholdengo|Make It Rain|p1a: Araquanid
|-resisted|p1a: Araquanid
|-damage|p1a: Araquanid|0 fnt
|-unboost|p2a: Gholdengo|spa|1
|faint|p1a: Araquanid
|
|-damage|p2a: Gholdengo|43/100|[from] Salt Cure
|upkeep
|
|t:|1757824026
|switch|p1a: Gholdengo|Gholdengo, tera:Flying|94/100
|-damage|p1a: Gholdengo|70/100|[from] Stealth Rock
|turn|22
|
|t:|1757824037
|move|p1a: Gholdengo|Shadow Ball|p2a: Gholdengo
|-supereffective|p2a: Gholdengo
|-damage|p2a: Gholdengo|0 fnt
|faint|p2a: Gholdengo
|
|upkeep
|
|t:|1757824039
|switch|p2a: Raging Bolt|Raging Bolt|100/100
|turn|23
|
|t:|1757824047
|switch|p1a: Garganacl|Garganacl, F|74/100
|-damage|p1a: Garganacl|61/100|[from] Stealth Rock
|move|p2a: Raging Bolt|Volt Switch|p1a: Garganacl
|-damage|p1a: Garganacl|35/100
|
|t:|1757824049
|-end|p2a: Raging Bolt|Protosynthesis|[silent]
|switch|p2a: Heatran|Heatran, F|4/100|[from] Volt Switch
|-activate|p2a: Heatran|move: Sticky Web
|-unboost|p2a: Heatran|spe|1
|
|-heal|p1a: Garganacl|41/100|[from] item: Leftovers
|upkeep
|turn|24
|
|t:|1757824060
|move|p2a: Heatran|Taunt|p1a: Garganacl
|-start|p1a: Garganacl|move: Taunt
|cant|p1a: Garganacl|move: Taunt|Recover
|
|-heal|p1a: Garganacl|48/100|[from] item: Leftovers
|upkeep
|turn|25
|
|t:|1757824067
|move|p2a: Heatran|Earth Power|p1a: Garganacl
|-supereffective|p1a: Garganacl
|-damage|p1a: Garganacl|13/100
|-unboost|p1a: Garganacl|spd|1
|move|p1a: Garganacl|Salt Cure|p2a: Heatran
|-damage|p2a: Heatran|0 fnt
|faint|p2a: Heatran
|
|-heal|p1a: Garganacl|20/100|[from] item: Leftovers
|upkeep
|
|t:|1757824071
|switch|p2a: Raging Bolt|Raging Bolt|100/100
|turn|26
|
|t:|1757824080
|move|p2a: Raging Bolt|Volt Switch|p1a: Garganacl
|-damage|p1a: Garganacl|0 fnt
|faint|p1a: Garganacl
|
|upkeep
|
|t:|1757824085
|switch|p1a: Gholdengo|Gholdengo, tera:Flying|70/100
|-damage|p1a: Gholdengo|45/100|[from] Stealth Rock
|turn|27
|
|t:|1757824090
|move|p1a: Gholdengo|Dazzling Gleam|p2a: Raging Bolt
|-supereffective|p2a: Raging Bolt
|-damage|p2a: Raging Bolt|43/100
|move|p2a: Raging Bolt|Volt Switch|p1a: Gholdengo
|-supereffective|p1a: Gholdengo
|-damage|p1a: Gholdengo|0 fnt
|faint|p1a: Gholdengo
|
|win|2011 jonah hill
|raw|Pokeguy7777's rating: 1323 &rarr; <strong>1309</strong><br />(-14 for losing)
|raw|2011 jonah hill's rating: 1428 &rarr; <strong>1442</strong><br />(+14 for winning)
|l|☆Pokeguy7777
|player|p1|
