|j|☆demonseal666
|j|☆Tigerballs
|t:|1757845392
|gametype|singles
|player|p1|demonseal666|266|1725
|player|p2|Tigerballs|swimmer-gen4dp|1794
|gen|9
|tier|[Gen 9] OU
|rated|
|rule|HP Percentage Mod: HP is shown in percentages
|rule|Endless Battle Clause: Forcing endless battles is banned
|rule|Species Clause: Limit one of each Pokémon
|rule|OHKO Clause: OHKO moves are banned
|rule|Evasion Items Clause: Evasion items are banned
|rule|Evasion Moves Clause: Evasion moves are banned
|rule|Evasion Abilities Clause: Evasion abilities are banned
|rule|Sleep Moves Clause: Sleep-inducing moves are banned
|clearpoke
|poke|p1|Pelipper, F|
|poke|p1|Barraskewda, M|
|poke|p1|Tornadus-Therian, M|
|poke|p1|Raging Bolt|
|poke|p1|Ogerpon-Wellspring, F|
|poke|p1|Iron Treads|
|poke|p2|Ninetales-Alola, M|
|poke|p2|Skeledirge, F|
|poke|p2|Okidogi, M|
|poke|p2|Vaporeon, M|
|poke|p2|Cresselia, F|
|poke|p2|Porygon2|
|teampreview
|inactive|Battle timer is ON: inactive players will automatically lose when time's up. (requested by demonseal666)
|
|t:|1757845402
|teamsize|p1|6
|teamsize|p2|6
|start
|switch|p1a: Iron Treads|Iron Treads|100/100
|switch|p2a: Ninetales|Ninetales-Alola, M, shiny|100/100
|-weather|Snowscape|[from] ability: Snow Warning|[of] p2a: Ninetales
|turn|1
|
|t:|1757845420
|switch|p2a: Cresselia|Cresselia, F|100/100
|move|p1a: Iron Treads|Knock Off|p2a: Cresselia
|-supereffective|p2a: Cresselia
|-damage|p2a: Cresselia|63/100
|-enditem|p2a: Cresselia|Choice Scarf|[from] move: Knock Off|[of] p1a: Iron Treads
|
|-weather|Snowscape|[upkeep]
|upkeep
|turn|2
|
|t:|1757845429
|move|p1a: Iron Treads|Stealth Rock|p2a: Cresselia
|-sidestart|p2: Tigerballs|move: Stealth Rock
|move|p2a: Cresselia|Psychic|p1a: Iron Treads
|-resisted|p1a: Iron Treads
|-damage|p1a: Iron Treads|86/100
|
|-weather|Snowscape|[upkeep]
|-heal|p1a: Iron Treads|92/100|[from] item: Leftovers
|upkeep
|turn|3
|j| favfav
|
|t:|1757845442
|-end|p1a: Iron Treads|Quark Drive|[silent]
|switch|p1a: Ogerpon|Ogerpon-Wellspring, F|100/100
|move|p2a: Cresselia|Psychic|p1a: Ogerpon
|-damage|p1a: Ogerpon|61/100
|
|-weather|Snowscape|[upkeep]
|upkeep
|turn|4
|j| babyshark974
|j| wgw2333
|
|t:|1757845449
|move|p1a: Ogerpon|U-turn|p2a: Cresselia
|-supereffective|p2a: Cresselia
|-damage|p2a: Cresselia|22/100
|
|t:|1757845452
|switch|p1a: Iron Treads|Iron Treads|92/100|[from] U-turn
|move|p2a: Cresselia|Psychic|p1a: Iron Treads
|-resisted|p1a: Iron Treads
|-damage|p1a: Iron Treads|75/100
|
|-weather|Snowscape|[upkeep]
|-heal|p1a: Iron Treads|82/100|[from] item: Leftovers
|upkeep
|turn|5
|
|t:|1757845472
|move|p1a: Iron Treads|Knock Off|p2a: Cresselia
|-supereffective|p2a: Cresselia
|-damage|p2a: Cresselia|0 fnt
|faint|p2a: Cresselia
|
|-weather|none
|-heal|p1a: Iron Treads|88/100|[from] item: Leftovers
|upkeep
|j| amimec
|inactive|Tigerballs has 120 seconds left.
|
|t:|1757845499
|switch|p2a: Mermaid cat|Vaporeon, M|100/100
|-damage|p2a: Mermaid cat|88/100|[from] Stealth Rock
|turn|6
|inactive|Tigerballs has 120 seconds left.
|
|t:|1757845504
|move|p1a: Iron Treads|Knock Off|p2a: Mermaid cat
|-damage|p2a: Mermaid cat|62/100
|-enditem|p2a: Mermaid cat|Leftovers|[from] move: Knock Off|[of] p1a: Iron Treads
|move|p2a: Mermaid cat|Wish|p2a: Mermaid cat
|
|-heal|p1a: Iron Treads|94/100|[from] item: Leftovers
|upkeep
|turn|7
|j| Ctannn
|
|t:|1757845513
|-end|p1a: Iron Treads|Quark Drive|[silent]
|switch|p1a: Pelipper|Pelipper, F|100/100
|-weather|RainDance|[from] ability: Drizzle|[of] p1a: Pelipper
|move|p2a: Mermaid cat|Ice Beam|p1a: Pelipper
|-damage|p1a: Pelipper|71/100
|
|-weather|RainDance|[upkeep]
|-heal|p2a: Mermaid cat|100/100|[from] move: Wish|[wisher] Mermaid cat
|upkeep
|turn|8
|
|t:|1757845524
|move|p2a: Mermaid cat|Ice Beam|p1a: Pelipper
|-damage|p1a: Pelipper|41/100
|move|p1a: Pelipper|U-turn|p2a: Mermaid cat
|-damage|p2a: Mermaid cat|90/100
|
|t:|1757845534
|switch|p1a: Ogerpon|Ogerpon-Wellspring, F|61/100|[from] U-turn
|
|-weather|RainDance|[upkeep]
|upkeep
|turn|9
|
|t:|1757845540
|switch|p2a: Grrrr|Okidogi, M|100/100
|-damage|p2a: Grrrr|94/100|[from] Stealth Rock
|move|p1a: Ogerpon|Power Whip|p2a: Grrrr
|-resisted|p2a: Grrrr
|-damage|p2a: Grrrr|67/100
|
|-weather|RainDance|[upkeep]
|-heal|p2a: Grrrr|73/100|[from] item: Leftovers
|upkeep
|turn|10
|
|t:|1757845557
|move|p1a: Ogerpon|Ivy Cudgel|p2a: Grrrr|[anim] Ivy Cudgel Water
|-damage|p2a: Grrrr|6/100
|move|p2a: Grrrr|Drain Punch|p1a: Ogerpon
|-damage|p1a: Ogerpon|19/100
|-heal|p2a: Grrrr|23/100|[from] drain|[of] p1a: Ogerpon
|-status|p1a: Ogerpon|tox|[from] ability: Toxic Chain|[of] p2a: Grrrr
|
|-weather|RainDance|[upkeep]
|-heal|p2a: Grrrr|29/100|[from] item: Leftovers
|-damage|p1a: Ogerpon|13/100 tox|[from] psn
|upkeep
|turn|11
|
|t:|1757845571
|switch|p2a: Mermaid cat|Vaporeon, M|90/100
|-damage|p2a: Mermaid cat|77/100|[from] Stealth Rock
|move|p1a: Ogerpon|U-turn|p2a: Mermaid cat
|-damage|p2a: Mermaid cat|47/100
|
|t:|1757845576
|switch|p1a: Raging Bolt|Raging Bolt|100/100|[from] U-turn
|
|-weather|RainDance|[upkeep]
|upkeep
|turn|12
|
|t:|1757845583
|-terastallize|p2a: Mermaid cat|Ground
|move|p1a: Raging Bolt|Volt Switch|p2a: Mermaid cat
|-immune|p2a: Mermaid cat
|move|p2a: Mermaid cat|Wish|p2a: Mermaid cat
|
|-weather|RainDance|[upkeep]
|upkeep
|turn|13
|
|t:|1757845591
|move|p1a: Raging Bolt|Dragon Pulse|p2a: Mermaid cat
|-damage|p2a: Mermaid cat|17/100
|move|p2a: Mermaid cat|Ice Beam|p1a: Raging Bolt
|-supereffective|p1a: Raging Bolt
|-damage|p1a: Raging Bolt|55/100
|
|-weather|RainDance|[upkeep]
|-heal|p2a: Mermaid cat|67/100|[from] move: Wish|[wisher] Mermaid cat
|upkeep
|turn|14
|
|t:|1757845600
|-end|p1a: Raging Bolt|Protosynthesis|[silent]
|switch|p1a: Ogerpon|Ogerpon-Wellspring, F|13/100 tox
|move|p2a: Mermaid cat|Wish|p2a: Mermaid cat
|
|-weather|none
|-damage|p1a: Ogerpon|7/100 tox|[from] psn
|upkeep
|turn|15
|
|t:|1757845611
|switch|p2a: Grrrr|Okidogi, M|29/100
|-damage|p2a: Grrrr|23/100|[from] Stealth Rock
|move|p1a: Ogerpon|U-turn|p2a: Grrrr
|-resisted|p2a: Grrrr
|-damage|p2a: Grrrr|18/100
|
|t:|1757845629
|switch|p1a: Iron Treads|Iron Treads|94/100|[from] U-turn
|
|-heal|p2a: Grrrr|79/100|[from] move: Wish|[wisher] Mermaid cat
|-heal|p1a: Iron Treads|100/100|[from] item: Leftovers
|-heal|p2a: Grrrr|85/100|[from] item: Leftovers
|upkeep
|turn|16
|
|t:|1757845638
|-end|p1a: Iron Treads|Quark Drive|[silent]
|switch|p1a: Pelipper|Pelipper, F|41/100
|-weather|RainDance|[from] ability: Drizzle|[of] p1a: Pelipper
|move|p2a: Grrrr|Drain Punch|p1a: Pelipper
|-resisted|p1a: Pelipper
|-damage|p1a: Pelipper|28/100
|-heal|p2a: Grrrr|90/100|[from] drain|[of] p1a: Pelipper
|
|-weather|RainDance|[upkeep]
|-heal|p2a: Grrrr|96/100|[from] item: Leftovers
|upkeep
|turn|17
|j| Pokeniceguy
|
|t:|1757845650
|switch|p2a: Mermaid cat|Vaporeon, M, tera:Ground|67/100
|-damage|p2a: Mermaid cat|61/100|[from] Stealth Rock
|switch|p1a: Ogerpon|Ogerpon-Wellspring, F|7/100 tox
|
|-weather|RainDance|[upkeep]
|-damage|p1a: Ogerpon|1/100 tox|[from] psn
|upkeep
|turn|18
|
|t:|1757845663
|switch|p2a: Grrrr|Okidogi, M|96/100
|-damage|p2a: Grrrr|90/100|[from] Stealth Rock
|move|p1a: Ogerpon|Knock Off|p2a: Grrrr
|-resisted|p2a: Grrrr
|-damage|p2a: Grrrr|74/100
|-enditem|p2a: Grrrr|Leftovers|[from] move: Knock Off|[of] p1a: Ogerpon
|
|-weather|RainDance|[upkeep]
|-damage|p1a: Ogerpon|0 fnt|[from] psn
|faint|p1a: Ogerpon
|upkeep
|
|t:|1757845668
|switch|p1a: Tornadus|Tornadus-Therian, M|100/100
|turn|19
|
|t:|1757845683
|switch|p2a: Mermaid cat|Vaporeon, M, tera:Ground|61/100
|-damage|p2a: Mermaid cat|55/100|[from] Stealth Rock
|move|p1a: Tornadus|Hurricane|p2a: Mermaid cat
|-damage|p2a: Mermaid cat|12/100
|
|-weather|RainDance|[upkeep]
|upkeep
|turn|20
|
|t:|1757845693
|move|p1a: Tornadus|Hurricane|p2a: Mermaid cat
|-damage|p2a: Mermaid cat|0 fnt
|faint|p2a: Mermaid cat
|
|-weather|RainDance|[upkeep]
|upkeep
|
|t:|1757845703
|switch|p2a: Ninetales|Ninetales-Alola, M, shiny|100/100
|-damage|p2a: Ninetales|75/100|[from] Stealth Rock
|-weather|Snowscape|[from] ability: Snow Warning|[of] p2a: Ninetales
|turn|21
|
|t:|1757845710
|move|p1a: Tornadus|Hurricane|p2a: Ninetales
|-damage|p2a: Ninetales|0 fnt
|faint|p2a: Ninetales
|
|-weather|Snowscape|[upkeep]
|upkeep
|
|t:|1757845716
|switch|p2a: Nokia 3310|Porygon2|100/100
|-damage|p2a: Nokia 3310|88/100|[from] Stealth Rock
|-ability|p2a: Nokia 3310|Download|boost
|-boost|p2a: Nokia 3310|atk|1
|turn|22
|
|t:|1757845723
|switch|p1a: Pelipper|Pelipper, F|28/100
|-weather|RainDance|[from] ability: Drizzle|[of] p1a: Pelipper
|move|p2a: Nokia 3310|Ice Beam|p1a: Pelipper
|-damage|p1a: Pelipper|0 fnt
|faint|p1a: Pelipper
|
|-weather|RainDance|[upkeep]
|upkeep
|
|t:|1757845730
|switch|p1a: Raging Bolt|Raging Bolt|55/100
|turn|23
|l| favfav
|
|t:|1757845739
|move|p1a: Raging Bolt|Thunder|p2a: Nokia 3310
|-damage|p2a: Nokia 3310|50/100
|-status|p2a: Nokia 3310|par
|move|p2a: Nokia 3310|Ice Beam|p1a: Raging Bolt
|-supereffective|p1a: Raging Bolt
|-damage|p1a: Raging Bolt|17/100
|-status|p1a: Raging Bolt|frz
|
|-weather|RainDance|[upkeep]
|upkeep
|turn|24
|
|t:|1757845754
|-end|p1a: Raging Bolt|Protosynthesis|[silent]
|switch|p1a: Tornadus|Tornadus-Therian, M|100/100
|cant|p2a: Nokia 3310|par
|
|-weather|RainDance|[upkeep]
|upkeep
|turn|25
|
|t:|1757845765
|-terastallize|p1a: Tornadus|Flying
|move|p1a: Tornadus|Hurricane|p2a: Nokia 3310
|-damage|p2a: Nokia 3310|0 fnt
|faint|p2a: Nokia 3310
|
|-weather|RainDance|[upkeep]
|upkeep
|-message|Tigerballs forfeited.
|
|win|demonseal666
|raw|demonseal666's rating: 1725 &rarr; <strong>1749</strong><br />(+24 for winning)
|raw|Tigerballs's rating: 1794 &rarr; <strong>1770</strong><br />(-24 for losing)
|l|☆demonseal666
|player|p1|
|l| amimec
|l| babyshark974
|l| wgw2333
|l| Pokeniceguy
|l| Ctannn
