|j|☆end64
|j|‽bidooofer
|t:|1757798181
|gametype|singles
|player|p1|end64|102|1805
|player|p2|bidooofer|riley|1723
|gen|9
|tier|[Gen 9] OU
|rated|
|rule|HP Percentage Mod: HP is shown in percentages
|rule|Endless Battle Clause: Forcing endless battles is banned
|rule|Species Clause: Limit one of each Pokémon
|rule|OHKO Clause: OHKO moves are banned
|rule|Evasion Items Clause: Evasion items are banned
|rule|Evasion Moves Clause: Evasion moves are banned
|rule|Evasion Abilities Clause: Evasion abilities are banned
|rule|Sleep Moves Clause: Sleep-inducing moves are banned
|clearpoke
|poke|p1|Kyurem|
|poke|p1|Corviknight, M|
|poke|p1|Ting-Lu|
|poke|p1|Dondozo, F|
|poke|p1|Slowking-Galar, L99, M|
|poke|p1|Cinderace, F|
|poke|p2|Torkoal, M|
|poke|p2|Walking Wake|
|poke|p2|Raging Bolt|
|poke|p2|Great Tusk|
|poke|p2|Rillaboom, F|
|poke|p2|Hatterene, F|
|teampreview
|c|☆end64|glhf
|j| Dragonlatios1
|
|t:|1757798212
|teamsize|p1|6
|teamsize|p2|6
|start
|switch|p1a: Cinderace|Cinderace, F|100/100
|switch|p2a: Rillaboom|Rillaboom, F|100/100
|-fieldstart|move: Grassy Terrain|[from] ability: Grassy Surge|[of] p2a: Rillaboom
|turn|1
|
|t:|1757798223
|switch|p2a: Torkoal|Torkoal, M|100/100
|-weather|SunnyDay|[from] ability: Drought|[of] p2a: Torkoal
|move|p1a: Cinderace|U-turn|p2a: Torkoal
|-resisted|p2a: Torkoal
|-damage|p2a: Torkoal|95/100
|
|t:|1757798225
|switch|p1a: Slowking|Slowking-Galar, L99, M|100/100|[from] U-turn
|
|-weather|SunnyDay|[upkeep]
|-heal|p2a: Torkoal|100/100|[from] Grassy Terrain
|upkeep
|turn|2
|
|t:|1757798227
|move|p2a: Torkoal|Stealth Rock|p1a: Slowking
|-sidestart|p1: end64|move: Stealth Rock
|-prepare|p1a: Slowking|Chilly Reception|[premajor]
|move|p1a: Slowking|Chilly Reception|p1a: Slowking
|-weather|Snowscape
|inactive|Battle timer is ON: inactive players will automatically lose when time's up. (requested by bidooofer)
|j| RagingBoltLover
|
|t:|1757798239
|switch|p1a: Cinderace|Cinderace, F|100/100|[from] Chilly Reception
|
|-weather|Snowscape|[upkeep]
|upkeep
|turn|3
|
|t:|1757798243
|move|p1a: Cinderace|Court Change|p1a: Cinderace
|-swapsideconditions
|-activate|p1a: Cinderace|move: Court Change
|move|p2a: Torkoal|Stealth Rock|p1a: Cinderace
|-sidestart|p1: end64|move: Stealth Rock
|
|-weather|Snowscape|[upkeep]
|upkeep
|turn|4
|
|t:|1757798248
|move|p1a: Cinderace|U-turn|p2a: Torkoal
|-resisted|p2a: Torkoal
|-damage|p2a: Torkoal|94/100
|
|t:|1757798251
|switch|p1a: Slowking|Slowking-Galar, L99, M|100/100|[from] U-turn
|move|p2a: Torkoal|Lava Plume|p1a: Slowking
|-damage|p1a: Slowking|86/100
|
|-weather|Snowscape|[upkeep]
|-heal|p2a: Torkoal|99/100|[from] Grassy Terrain
|-heal|p1a: Slowking|92/100|[from] Grassy Terrain
|upkeep
|turn|5
|
|t:|1757798259
|switch|p2a: Great Tusk|Great Tusk|100/100
|move|p1a: Slowking|Sludge Bomb|p2a: Great Tusk
|-resisted|p2a: Great Tusk
|-damage|p2a: Great Tusk|78/100
|-status|p2a: Great Tusk|psn
|
|-weather|Snowscape|[upkeep]
|-heal|p2a: Great Tusk|84/100 psn|[from] Grassy Terrain
|-heal|p1a: Slowking|98/100|[from] Grassy Terrain
|-damage|p2a: Great Tusk|72/100 psn|[from] psn
|-fieldend|move: Grassy Terrain
|upkeep
|turn|6
|
|t:|1757798262
|switch|p1a: Corviknight|Corviknight, M|100/100
|-damage|p1a: Corviknight|88/100|[from] Stealth Rock
|-ability|p1a: Corviknight|Pressure
|move|p2a: Great Tusk|Rapid Spin|p1a: Corviknight
|-resisted|p1a: Corviknight
|-damage|p1a: Corviknight|84/100
|-boost|p2a: Great Tusk|spe|1
|-damage|p2a: Great Tusk|55/100 psn|[from] item: Rocky Helmet|[of] p1a: Corviknight
|-sideend|p2: bidooofer|Stealth Rock|[from] move: Rapid Spin|[of] p2a: Great Tusk
|
|-weather|none
|-damage|p2a: Great Tusk|43/100 psn|[from] psn
|upkeep
|turn|7
|
|t:|1757798266
|-end|p2a: Great Tusk|Protosynthesis|[silent]
|switch|p2a: Torkoal|Torkoal, M|99/100
|-weather|SunnyDay|[from] ability: Drought|[of] p2a: Torkoal
|move|p1a: Corviknight|Defog|p2a: Torkoal
|-unboost|p2a: Torkoal|evasion|1
|-sideend|p1: end64|Stealth Rock|[from] move: Defog|[of] p1a: Corviknight
|
|-weather|SunnyDay|[upkeep]
|upkeep
|turn|8
|
|t:|1757798277
|switch|p1a: Slowking|Slowking-Galar, L99, M|100/100
|switch|p2a: Raging Bolt|Raging Bolt|100/100
|-activate|p2a: Raging Bolt|ability: Protosynthesis
|-start|p2a: Raging Bolt|protosynthesisspa
|
|-weather|SunnyDay|[upkeep]
|upkeep
|turn|9
|
|t:|1757798288
|move|p2a: Raging Bolt|Calm Mind|p2a: Raging Bolt
|-boost|p2a: Raging Bolt|spa|1
|-boost|p2a: Raging Bolt|spd|1
|-prepare|p1a: Slowking|Chilly Reception|[premajor]
|move|p1a: Slowking|Chilly Reception|p1a: Slowking
|-weather|Snowscape
|-end|p2a: Raging Bolt|Protosynthesis
|
|t:|1757798296
|switch|p1a: Ting-Lu|Ting-Lu|100/100|[from] Chilly Reception
|-ability|p1a: Ting-Lu|Vessel of Ruin
|
|-weather|Snowscape|[upkeep]
|upkeep
|turn|10
|
|t:|1757798300
|-terastallize|p2a: Raging Bolt|Flying
|move|p2a: Raging Bolt|Calm Mind|p2a: Raging Bolt
|-boost|p2a: Raging Bolt|spa|1
|-boost|p2a: Raging Bolt|spd|1
|move|p1a: Ting-Lu|Earthquake|p2a: Raging Bolt
|-immune|p2a: Raging Bolt
|
|-weather|Snowscape|[upkeep]
|upkeep
|turn|11
|
|t:|1757798303
|move|p2a: Raging Bolt|Dragon Pulse|p1a: Ting-Lu
|-damage|p1a: Ting-Lu|59/100
|move|p1a: Ting-Lu|Payback|p2a: Raging Bolt
|-damage|p2a: Raging Bolt|69/100
|
|-weather|Snowscape|[upkeep]
|-heal|p2a: Raging Bolt|76/100|[from] item: Leftovers
|-heal|p1a: Ting-Lu|66/100|[from] item: Leftovers
|upkeep
|turn|12
|
|t:|1757798320
|move|p2a: Raging Bolt|Dragon Pulse|p1a: Ting-Lu
|-damage|p1a: Ting-Lu|26/100
|move|p1a: Ting-Lu|Payback|p2a: Raging Bolt
|-crit|p2a: Raging Bolt
|-damage|p2a: Raging Bolt|27/100
|
|-weather|Snowscape|[upkeep]
|-heal|p2a: Raging Bolt|33/100|[from] item: Leftovers
|-heal|p1a: Ting-Lu|33/100|[from] item: Leftovers
|upkeep
|turn|13
|inactive|end64 has 120 seconds left.
|
|t:|1757798362
|move|p2a: Raging Bolt|Dragon Pulse|p1a: Ting-Lu
|-damage|p1a: Ting-Lu|0 fnt
|faint|p1a: Ting-Lu
|
|-weather|none
|-heal|p2a: Raging Bolt|39/100|[from] item: Leftovers
|upkeep
|inactive|end64 has 90 seconds left.
|inactive|end64 has 60 seconds left.
|
|t:|1757798414
|switch|p1a: Kyurem|Kyurem|100/100
|-ability|p1a: Kyurem|Pressure
|turn|14
|
|t:|1757798417
|-end|p2a: Raging Bolt|Protosynthesis|[silent]
|switch|p2a: Hatterene|Hatterene, F|100/100
|-terastallize|p1a: Kyurem|Ground
|move|p1a: Kyurem|Freeze-Dry|p2a: Hatterene
|-damage|p2a: Hatterene|76/100
|
|upkeep
|turn|15
|
|t:|1757798429
|switch|p1a: Slowking|Slowking-Galar, L99, M|100/100
|move|p2a: Hatterene|Nuzzle|p1a: Slowking
|-damage|p1a: Slowking|97/100
|-status|p1a: Slowking|par
|
|upkeep
|turn|16
|
|t:|1757798432
|move|p2a: Hatterene|Future Sight|p1a: Slowking
|-start|p2a: Hatterene|move: Future Sight
|move|p1a: Slowking|Future Sight|p2a: Hatterene
|-start|p1a: Slowking|move: Future Sight
|
|upkeep
|turn|17
|j| Jey2
|
|t:|1757798440
|move|p2a: Hatterene|Mystical Fire|p1a: Slowking
|-damage|p1a: Slowking|82/100 par
|-unboost|p1a: Slowking|spa|1
|-prepare|p1a: Slowking|Chilly Reception|[premajor]
|move|p1a: Slowking|Chilly Reception|p1a: Slowking
|-weather|Snowscape
|
|t:|1757798444
|switch|p1a: Cinderace|Cinderace, F|100/100|[from] Chilly Reception
|
|-weather|Snowscape|[upkeep]
|upkeep
|turn|18
|
|t:|1757798448
|move|p1a: Cinderace|U-turn|p2a: Hatterene
|-damage|p2a: Hatterene|60/100
|
|t:|1757798452
|switch|p1a: Slowking|Slowking-Galar, L99, M|100/100 par|[from] U-turn
|move|p2a: Hatterene|Mystical Fire|p1a: Slowking
|-damage|p1a: Slowking|88/100 par
|-unboost|p1a: Slowking|spa|1
|
|-weather|Snowscape|[upkeep]
|-end|p2a: Hatterene|move: Future Sight
|-resisted|p2a: Hatterene
|-damage|p2a: Hatterene|50/100
|-end|p1a: Slowking|move: Future Sight
|-damage|p1a: Slowking|55/100 par
|upkeep
|turn|19
|
|t:|1757798455
|move|p2a: Hatterene|Future Sight|p1a: Slowking
|-start|p2a: Hatterene|move: Future Sight
|move|p1a: Slowking|Sludge Bomb|p2a: Hatterene
|-supereffective|p2a: Hatterene
|-damage|p2a: Hatterene|21/100
|
|-weather|Snowscape|[upkeep]
|upkeep
|turn|20
|
|t:|1757798466
|move|p2a: Hatterene|Mystical Fire|p1a: Slowking
|-damage|p1a: Slowking|42/100 par
|-unboost|p1a: Slowking|spa|1
|-prepare|p1a: Slowking|Chilly Reception|[premajor]
|move|p1a: Slowking|Chilly Reception|p1a: Slowking
|
|t:|1757798468
|switch|p1a: Cinderace|Cinderace, F|100/100|[from] Chilly Reception
|
|-weather|Snowscape|[upkeep]
|upkeep
|turn|21
|
|t:|1757798473
|move|p1a: Cinderace|U-turn|p2a: Hatterene
|-damage|p2a: Hatterene|5/100
|
|t:|1757798475
|switch|p1a: Slowking|Slowking-Galar, L99, M|75/100 par|[from] U-turn
|move|p2a: Hatterene|Dazzling Gleam|p1a: Slowking
|-resisted|p1a: Slowking
|-damage|p1a: Slowking|65/100 par
|
|-weather|none
|-end|p1a: Slowking|move: Future Sight
|-damage|p1a: Slowking|34/100 par
|upkeep
|turn|22
|
|t:|1757798479
|move|p2a: Hatterene|Future Sight|p1a: Slowking
|-start|p2a: Hatterene|move: Future Sight
|move|p1a: Slowking|Sludge Bomb|p2a: Hatterene
|-supereffective|p2a: Hatterene
|-damage|p2a: Hatterene|0 fnt
|faint|p2a: Hatterene
|
|upkeep
|
|t:|1757798487
|switch|p2a: Raging Bolt|Raging Bolt, tera:Flying|39/100
|turn|23
|
|t:|1757798497
|switch|p1a: Cinderace|Cinderace, F|100/100
|move|p2a: Raging Bolt|Dragon Pulse|p1a: Cinderace
|-damage|p1a: Cinderace|36/100
|
|-heal|p2a: Raging Bolt|45/100|[from] item: Leftovers
|upkeep
|turn|24
|
|t:|1757798502
|switch|p1a: Slowking|Slowking-Galar, L99, M|68/100 par
|-end|p2a: Raging Bolt|Protosynthesis|[silent]
|switch|p2a: Torkoal|Torkoal, M|99/100
|-weather|SunnyDay|[from] ability: Drought|[of] p2a: Torkoal
|
|-weather|SunnyDay|[upkeep]
|-end|p1a: Slowking|move: Future Sight
|-damage|p1a: Slowking|33/100 par
|upkeep
|turn|25
|
|t:|1757798508
|switch|p2a: Walking Wake|Walking Wake|100/100
|-activate|p2a: Walking Wake|ability: Protosynthesis
|-start|p2a: Walking Wake|protosynthesisspe
|-prepare|p1a: Slowking|Chilly Reception|[premajor]
|move|p1a: Slowking|Chilly Reception|p1a: Slowking
|-weather|Snowscape
|-end|p2a: Walking Wake|Protosynthesis
|
|t:|1757798526
|switch|p1a: Cinderace|Cinderace, F|36/100|[from] Chilly Reception
|
|-weather|Snowscape|[upkeep]
|upkeep
|turn|26
|
|t:|1757798531
|move|p1a: Cinderace|U-turn|p2a: Walking Wake
|-damage|p2a: Walking Wake|80/100
|
|t:|1757798534
|switch|p1a: Slowking|Slowking-Galar, L99, M|66/100 par|[from] U-turn
|move|p2a: Walking Wake|Hydro Steam|p1a: Slowking
|-damage|p1a: Slowking|42/100 par
|
|-weather|Snowscape|[upkeep]
|upkeep
|turn|27
|
|t:|1757798553
|move|p2a: Walking Wake|Hydro Steam|p1a: Slowking
|-damage|p1a: Slowking|19/100 par
|move|p1a: Slowking|Toxic|p2a: Walking Wake
|-status|p2a: Walking Wake|tox
|
|-weather|Snowscape|[upkeep]
|-damage|p2a: Walking Wake|74/100 tox|[from] psn
|upkeep
|turn|28
|
|t:|1757798559
|switch|p1a: Dondozo|Dondozo, F|100/100
|move|p2a: Walking Wake|Dragon Pulse|p1a: Dondozo
|-damage|p1a: Dondozo|59/100
|
|-weather|Snowscape|[upkeep]
|-heal|p1a: Dondozo|65/100|[from] item: Leftovers
|-damage|p2a: Walking Wake|62/100 tox|[from] psn
|upkeep
|turn|29
|
|t:|1757798577
|-end|p2a: Walking Wake|Protosynthesis|[silent]
|switch|p2a: Rillaboom|Rillaboom, F|100/100
|-fieldstart|move: Grassy Terrain|[from] ability: Grassy Surge|[of] p2a: Rillaboom
|move|p1a: Dondozo|Body Press|p2a: Rillaboom
|-crit|p2a: Rillaboom
|-damage|p2a: Rillaboom|56/100
|
|-weather|none
|-heal|p2a: Rillaboom|62/100|[from] Grassy Terrain
|-heal|p1a: Dondozo|71/100|[from] Grassy Terrain
|-heal|p1a: Dondozo|77/100|[from] item: Leftovers
|upkeep
|turn|30
|
|t:|1757798583
|switch|p1a: Corviknight|Corviknight, M|84/100
|-ability|p1a: Corviknight|Pressure
|move|p2a: Rillaboom|U-turn|p1a: Corviknight
|-resisted|p1a: Corviknight
|-damage|p1a: Corviknight|78/100
|-damage|p2a: Rillaboom|46/100|[from] item: Rocky Helmet|[of] p1a: Corviknight
|
|t:|1757798585
|switch|p2a: Raging Bolt|Raging Bolt, tera:Flying|45/100|[from] U-turn
|
|-heal|p2a: Raging Bolt|51/100|[from] item: Leftovers
|upkeep
|turn|31
|
|t:|1757798592
|switch|p1a: Kyurem|Kyurem, tera:Ground|100/100
|-ability|p1a: Kyurem|Pressure
|move|p2a: Raging Bolt|Dragon Pulse|p1a: Kyurem
|-damage|p1a: Kyurem|54/100
|
|-heal|p1a: Kyurem|60/100|[from] Grassy Terrain
|-heal|p1a: Kyurem|66/100|[from] item: Leftovers
|-heal|p2a: Raging Bolt|58/100|[from] item: Leftovers
|upkeep
|turn|32
|
|t:|1757798598
|move|p1a: Kyurem|Freeze-Dry|p2a: Raging Bolt
|-supereffective|p2a: Raging Bolt
|-damage|p2a: Raging Bolt|2/100
|move|p2a: Raging Bolt|Dragon Pulse|p1a: Kyurem
|-damage|p1a: Kyurem|15/100
|
|-heal|p1a: Kyurem|22/100|[from] Grassy Terrain
|-heal|p1a: Kyurem|28/100|[from] item: Leftovers
|-heal|p2a: Raging Bolt|8/100|[from] item: Leftovers
|upkeep
|turn|33
|
|t:|1757798602
|-end|p2a: Raging Bolt|Protosynthesis|[silent]
|switch|p2a: Torkoal|Torkoal, M|99/100
|-weather|SunnyDay|[from] ability: Drought|[of] p2a: Torkoal
|move|p1a: Kyurem|Freeze-Dry|p2a: Torkoal
|-resisted|p2a: Torkoal
|-damage|p2a: Torkoal|81/100
|
|-weather|SunnyDay|[upkeep]
|-heal|p1a: Kyurem|34/100|[from] Grassy Terrain
|-heal|p1a: Kyurem|40/100|[from] item: Leftovers
|-heal|p2a: Torkoal|87/100|[from] Grassy Terrain
|-fieldend|move: Grassy Terrain
|upkeep
|turn|34
|l| Dragonlatios1
|
|t:|1757798623
|switch|p2a: Rillaboom|Rillaboom, F|46/100
|-fieldstart|move: Grassy Terrain|[from] ability: Grassy Surge|[of] p2a: Rillaboom
|move|p1a: Kyurem|Earth Power|p2a: Rillaboom
|-resisted|p2a: Rillaboom
|-damage|p2a: Rillaboom|17/100
|
|-weather|SunnyDay|[upkeep]
|-heal|p1a: Kyurem|46/100|[from] Grassy Terrain
|-heal|p1a: Kyurem|52/100|[from] item: Leftovers
|-heal|p2a: Rillaboom|23/100|[from] Grassy Terrain
|upkeep
|turn|35
|
|t:|1757798628
|move|p1a: Kyurem|Protect|p1a: Kyurem
|-singleturn|p1a: Kyurem|Protect
|move|p2a: Rillaboom|Grassy Glide|p1a: Kyurem
|-activate|p1a: Kyurem|move: Protect
|
|-weather|SunnyDay|[upkeep]
|-heal|p1a: Kyurem|59/100|[from] Grassy Terrain
|-heal|p1a: Kyurem|65/100|[from] item: Leftovers
|-heal|p2a: Rillaboom|29/100|[from] Grassy Terrain
|upkeep
|turn|36
|
|t:|1757798647
|switch|p1a: Corviknight|Corviknight, M|78/100
|-ability|p1a: Corviknight|Pressure
|switch|p2a: Walking Wake|Walking Wake|62/100 tox
|-activate|p2a: Walking Wake|ability: Protosynthesis
|-start|p2a: Walking Wake|protosynthesisspe
|
|-weather|SunnyDay|[upkeep]
|-heal|p2a: Walking Wake|68/100 tox|[from] Grassy Terrain
|-damage|p2a: Walking Wake|62/100 tox|[from] psn
|upkeep
|turn|37
|
|t:|1757798659
|switch|p1a: Dondozo|Dondozo, F|77/100
|move|p2a: Walking Wake|Hydro Steam|p1a: Dondozo
|-resisted|p1a: Dondozo
|-damage|p1a: Dondozo|49/100
|
|-weather|SunnyDay|[upkeep]
|-heal|p2a: Walking Wake|68/100 tox|[from] Grassy Terrain
|-heal|p1a: Dondozo|55/100|[from] Grassy Terrain
|-heal|p1a: Dondozo|61/100|[from] item: Leftovers
|-damage|p2a: Walking Wake|55/100 tox|[from] psn
|upkeep
|turn|38
|
|t:|1757798664
|move|p2a: Walking Wake|Dragon Pulse|p1a: Dondozo
|-damage|p1a: Dondozo|22/100
|move|p1a: Dondozo|Body Press|p2a: Walking Wake
|-damage|p2a: Walking Wake|27/100 tox
|
|-weather|SunnyDay|[upkeep]
|-heal|p2a: Walking Wake|33/100 tox|[from] Grassy Terrain
|-heal|p1a: Dondozo|28/100|[from] Grassy Terrain
|-heal|p1a: Dondozo|34/100|[from] item: Leftovers
|-damage|p2a: Walking Wake|15/100 tox|[from] psn
|-fieldend|move: Grassy Terrain
|upkeep
|turn|39
|
|t:|1757798674
|switch|p1a: Slowking|Slowking-Galar, L99, M|52/100 par
|move|p2a: Walking Wake|Dragon Pulse|p1a: Slowking
|-damage|p1a: Slowking|27/100 par
|
|-weather|SunnyDay|[upkeep]
|-damage|p2a: Walking Wake|0 fnt|[from] psn
|faint|p2a: Walking Wake
|-end|p2a: Walking Wake|Protosynthesis|[silent]
|upkeep
|
|t:|1757798681
|switch|p2a: Raging Bolt|Raging Bolt, tera:Flying|8/100
|-activate|p2a: Raging Bolt|ability: Protosynthesis
|-start|p2a: Raging Bolt|protosynthesisspa
|turn|40
|
|t:|1757798697
|switch|p1a: Dondozo|Dondozo, F|34/100
|move|p2a: Raging Bolt|Dragon Pulse|p1a: Dondozo
|-damage|p1a: Dondozo|0 fnt
|faint|p1a: Dondozo
|
|-weather|none
|-end|p2a: Raging Bolt|Protosynthesis
|-heal|p2a: Raging Bolt|14/100|[from] item: Leftovers
|upkeep
|
|t:|1757798700
|switch|p1a: Kyurem|Kyurem, tera:Ground|65/100
|-ability|p1a: Kyurem|Pressure
|turn|41
|
|t:|1757798704
|-end|p2a: Raging Bolt|Protosynthesis|[silent]
|switch|p2a: Torkoal|Torkoal, M|87/100
|-weather|SunnyDay|[from] ability: Drought|[of] p2a: Torkoal
|move|p1a: Kyurem|Substitute|p1a: Kyurem
|-start|p1a: Kyurem|Substitute
|-damage|p1a: Kyurem|40/100
|
|-weather|SunnyDay|[upkeep]
|-heal|p1a: Kyurem|46/100|[from] item: Leftovers
|upkeep
|turn|42
|
|t:|1757798709
|move|p1a: Kyurem|Earth Power|p2a: Torkoal
|-supereffective|p2a: Torkoal
|-damage|p2a: Torkoal|0 fnt
|faint|p2a: Torkoal
|
|-weather|SunnyDay|[upkeep]
|-heal|p1a: Kyurem|52/100|[from] item: Leftovers
|upkeep
|-message|bidooofer forfeited.
|
|win|end64
|raw|end64's rating: 1805 &rarr; <strong>1820</strong><br />(+15 for winning)
|raw|bidooofer's rating: 1723 &rarr; <strong>1708</strong><br />(-15 for losing)
|l|‽bidooofer
|player|p2|
|l|☆end64
|player|p1|
|l| Jey2
|l| RagingBoltLover
