|j|☆ViaVeritas
|j|☆G4rbag3Man
|t:|1757916349
|gametype|singles
|player|p1|ViaVeritas|giovanni|1171
|player|p2|G4rbag3Man|2|1124
|gen|9
|tier|[Gen 9] OU
|rated|
|rule|HP Percentage Mod: HP is shown in percentages
|rule|Endless Battle Clause: Forcing endless battles is banned
|rule|Species Clause: Limit one of each Pokémon
|rule|OHKO Clause: OHKO moves are banned
|rule|Evasion Items Clause: Evasion items are banned
|rule|Evasion Moves Clause: Evasion moves are banned
|rule|Evasion Abilities Clause: Evasion abilities are banned
|rule|Sleep Moves Clause: Sleep-inducing moves are banned
|clearpoke
|poke|p1|Chandelure, M|
|poke|p1|Grimmsnarl, M|
|poke|p1|Dragonite, F|
|poke|p1|Iron Valiant|
|poke|p1|Slowking-Galar, M|
|poke|p1|Corviknight, M|
|poke|p2|Quaquaval, M|
|poke|p2|Ting-Lu|
|poke|p2|Hatterene, F|
|poke|p2|Dragonite, M|
|poke|p2|Scizor, F|
|poke|p2|Kyurem|
|teampreview
|
|t:|1757916361
|teamsize|p1|6
|teamsize|p2|6
|start
|switch|p1a: Corviknight|Corviknight, M, shiny|100/100
|switch|p2a: Magic Gushroom|Hatterene, F|100/100
|-ability|p1a: Corviknight|Pressure
|turn|1
|
|t:|1757916369
|move|p1a: Corviknight|Brave Bird|p2a: Magic Gushroom
|-damage|p2a: Magic Gushroom|68/100
|-damage|p1a: Corviknight|84/100|[from] item: Rocky Helmet|[of] p2a: Magic Gushroom
|-damage|p1a: Corviknight|75/100|[from] Recoil
|move|p2a: Magic Gushroom|Mystical Fire|p1a: Corviknight
|-supereffective|p1a: Corviknight
|-damage|p1a: Corviknight|34/100
|-unboost|p1a: Corviknight|spa|1
|
|-heal|p1a: Corviknight|40/100|[from] item: Leftovers
|upkeep
|turn|2
|
|t:|1757916390
|switch|p1a: Slowking|Slowking-Galar, M|100/100
|move|p2a: Magic Gushroom|Mystical Fire|p1a: Slowking
|-damage|p1a: Slowking|92/100
|-unboost|p1a: Slowking|spa|1
|
|upkeep
|turn|3
|
|t:|1757916402
|move|p2a: Magic Gushroom|Pain Split|p1a: Slowking
|-sethp|p1a: Slowking|74/100|[from] move: Pain Split|[silent]
|-sethp|p2a: Magic Gushroom|91/100|[from] move: Pain Split
|move|p1a: Slowking|Sludge Bomb|p2a: Magic Gushroom
|-supereffective|p2a: Magic Gushroom
|-damage|p2a: Magic Gushroom|45/100
|-status|p2a: Magic Gushroom|psn
|
|-damage|p2a: Magic Gushroom|33/100 psn|[from] psn
|upkeep
|turn|4
|
|t:|1757916415
|switch|p2a: Red Lobster|Scizor, F|100/100
|move|p1a: Slowking|Surf|p2a: Red Lobster
|-damage|p2a: Red Lobster|83/100
|
|upkeep
|turn|5
|
|t:|1757916426
|move|p2a: Red Lobster|U-turn|p1a: Slowking
|-damage|p1a: Slowking|11/100
|
|t:|1757916434
|switch|p2a: Quesoserious|Quaquaval, M|100/100|[from] U-turn
|move|p1a: Slowking|Flamethrower|p2a: Quesoserious
|-resisted|p2a: Quesoserious
|-damage|p2a: Quesoserious|89/100
|
|upkeep
|turn|6
|
|t:|1757916443
|switch|p1a: Grimmsnarl|Grimmsnarl, M, shiny|100/100
|move|p2a: Quesoserious|Aqua Step|p1a: Grimmsnarl
|-damage|p1a: Grimmsnarl|50/100
|-boost|p2a: Quesoserious|spe|1
|
|upkeep
|turn|7
|
|t:|1757916455
|move|p1a: Grimmsnarl|Reflect|p1a: Grimmsnarl
|-sidestart|p1: ViaVeritas|Reflect
|move|p2a: Quesoserious|Swords Dance|p2a: Quesoserious
|-boost|p2a: Quesoserious|atk|2
|
|upkeep
|turn|8
|
|t:|1757916461
|move|p1a: Grimmsnarl|Thunder Wave|p2a: Quesoserious
|-status|p2a: Quesoserious|par
|-enditem|p2a: Quesoserious|Lum Berry|[eat]
|-curestatus|p2a: Quesoserious|par|[msg]
|move|p2a: Quesoserious|Aqua Step|p1a: Grimmsnarl
|-damage|p1a: Grimmsnarl|1/100
|-boost|p2a: Quesoserious|spe|1
|
|upkeep
|turn|9
|
|t:|1757916478
|move|p1a: Grimmsnarl|Thunder Wave|p2a: Quesoserious
|-status|p2a: Quesoserious|par
|move|p2a: Quesoserious|Aqua Step|p1a: Grimmsnarl
|-damage|p1a: Grimmsnarl|0 fnt
|-boost|p2a: Quesoserious|spe|1
|faint|p1a: Grimmsnarl
|-ability|p2a: Quesoserious|Moxie|boost
|-boost|p2a: Quesoserious|atk|1
|
|upkeep
|
|t:|1757916490
|switch|p1a: Chandelure|Chandelure, M, shiny|100/100
|turn|10
|
|t:|1757916494
|move|p1a: Chandelure|Energy Ball|p2a: Quesoserious
|-supereffective|p2a: Quesoserious
|-damage|p2a: Quesoserious|0 fnt
|faint|p2a: Quesoserious
|
|upkeep
|l|☆ViaVeritas
|player|p1|
|
|t:|1757916507
|switch|p2a: Ground Venison|Ting-Lu|100/100
|-ability|p2a: Ground Venison|Vessel of Ruin
|turn|11
|j|☆ViaVeritas
|player|p1|ViaVeritas|giovanni|
|
|t:|1757916524
|switch|p1a: Corviknight|Corviknight, M, shiny|40/100
|-ability|p1a: Corviknight|Pressure
|-terastallize|p2a: Ground Venison|Dark
|move|p2a: Ground Venison|Stealth Rock|p1a: Corviknight
|-sidestart|p1: ViaVeritas|move: Stealth Rock
|
|-heal|p1a: Corviknight|46/100|[from] item: Leftovers
|upkeep
|turn|12
|
|t:|1757916540
|switch|p2a: Orange Chicken|Dragonite, M|100/100
|move|p1a: Corviknight|Roost|p1a: Corviknight
|-heal|p1a: Corviknight|96/100
|-singleturn|p1a: Corviknight|move: Roost
|
|-heal|p1a: Corviknight|100/100|[from] item: Leftovers
|upkeep
|turn|13
|
|t:|1757916551
|move|p2a: Orange Chicken|Dragon Dance|p2a: Orange Chicken
|-boost|p2a: Orange Chicken|atk|1
|-boost|p2a: Orange Chicken|spe|1
|move|p1a: Corviknight|Brave Bird|p2a: Orange Chicken
|-damage|p2a: Orange Chicken|79/100
|-damage|p1a: Corviknight|95/100|[from] Recoil
|
|-heal|p1a: Corviknight|100/100|[from] item: Leftovers
|upkeep
|turn|14
|c|☆ViaVeritas|is bros entire team named after food
|
|t:|1757916569
|move|p2a: Orange Chicken|Fire Punch|p1a: Corviknight
|-supereffective|p1a: Corviknight
|-damage|p1a: Corviknight|75/100
|move|p1a: Corviknight|Brave Bird|p2a: Orange Chicken
|-damage|p2a: Orange Chicken|40/100
|-damage|p1a: Corviknight|65/100|[from] Recoil
|
|-heal|p1a: Corviknight|71/100|[from] item: Leftovers
|-sideend|p1: ViaVeritas|Reflect
|upkeep
|turn|15
|
|t:|1757916581
|move|p2a: Orange Chicken|Dragon Dance|p2a: Orange Chicken
|-boost|p2a: Orange Chicken|atk|1
|-boost|p2a: Orange Chicken|spe|1
|move|p1a: Corviknight|Brave Bird|p2a: Orange Chicken
|-damage|p2a: Orange Chicken|0 fnt
|faint|p2a: Orange Chicken
|-damage|p1a: Corviknight|60/100|[from] Recoil
|
|-heal|p1a: Corviknight|67/100|[from] item: Leftovers
|upkeep
|
|t:|1757916597
|switch|p2a: Magic Gushroom|Hatterene, F|33/100 psn
|turn|16
|
|t:|1757916604
|move|p1a: Corviknight|Brave Bird|p2a: Magic Gushroom
|-damage|p2a: Magic Gushroom|2/100 psn
|-damage|p1a: Corviknight|50/100|[from] item: Rocky Helmet|[of] p2a: Magic Gushroom
|-damage|p1a: Corviknight|42/100|[from] Recoil
|move|p2a: Magic Gushroom|Mystical Fire|p1a: Corviknight
|-supereffective|p1a: Corviknight
|-damage|p1a: Corviknight|5/100
|-unboost|p1a: Corviknight|spa|1
|
|-heal|p1a: Corviknight|11/100|[from] item: Leftovers
|-damage|p2a: Magic Gushroom|0 fnt|[from] psn
|faint|p2a: Magic Gushroom
|upkeep
|
|t:|1757916611
|switch|p2a: Red Lobster|Scizor, F|83/100
|turn|17
|
|t:|1757916619
|move|p2a: Red Lobster|Bullet Punch|p1a: Corviknight
|-resisted|p1a: Corviknight
|-damage|p1a: Corviknight|0 fnt
|faint|p1a: Corviknight
|
|upkeep
|
|t:|1757916637
|switch|p1a: Dragonite|Dragonite, F|100/100
|turn|18
|
|t:|1757916653
|switch|p2a: Ground Venison|Ting-Lu, tera:Dark|100/100
|-ability|p2a: Ground Venison|Vessel of Ruin
|move|p1a: Dragonite|Earthquake|p2a: Ground Venison
|-damage|p2a: Ground Venison|79/100
|
|upkeep
|turn|19
|
|t:|1757916668
|-terastallize|p1a: Dragonite|Fairy
|move|p1a: Dragonite|Tera Blast|p2a: Ground Venison|[anim] Tera Blast Fairy
|-supereffective|p2a: Ground Venison
|-damage|p2a: Ground Venison|30/100
|-enditem|p2a: Ground Venison|Weakness Policy
|-boost|p2a: Ground Venison|atk|2|[from] item: Weakness Policy
|-boost|p2a: Ground Venison|spa|2|[from] item: Weakness Policy
|move|p2a: Ground Venison|Stone Edge|p1a: Dragonite
|-damage|p1a: Dragonite|66/100
|
|upkeep
|turn|20
|
|t:|1757916683
|move|p1a: Dragonite|Tera Blast|p2a: Ground Venison|[anim] Tera Blast Fairy
|-supereffective|p2a: Ground Venison
|-damage|p2a: Ground Venison|0 fnt
|faint|p2a: Ground Venison
|
|upkeep
|
|t:|1757916687
|switch|p2a: Red Lobster|Scizor, F|83/100
|turn|21
|
|t:|1757916693
|move|p2a: Red Lobster|Bullet Punch|p1a: Dragonite
|-supereffective|p1a: Dragonite
|-damage|p1a: Dragonite|0 fnt
|faint|p1a: Dragonite
|
|upkeep
|
|t:|1757916700
|switch|p1a: Chandelure|Chandelure, M, shiny|100/100
|-damage|p1a: Chandelure|76/100|[from] Stealth Rock
|turn|22
|
|t:|1757916707
|switch|p2a: Freeze Austin|Kyurem|100/100
|-ability|p2a: Freeze Austin|Pressure
|move|p1a: Chandelure|Fire Blast|p2a: Freeze Austin
|-damage|p2a: Freeze Austin|37/100
|
|upkeep
|turn|23
|
|t:|1757916723
|move|p2a: Freeze Austin|Earth Power|p1a: Chandelure
|-supereffective|p1a: Chandelure
|-damage|p1a: Chandelure|0 fnt
|faint|p1a: Chandelure
|
|upkeep
|
|t:|1757916728
|switch|p1a: Iron Valiant|Iron Valiant, shiny|100/100
|-damage|p1a: Iron Valiant|94/100|[from] Stealth Rock
|-enditem|p1a: Iron Valiant|Booster Energy
|-activate|p1a: Iron Valiant|ability: Quark Drive|[fromitem]
|-start|p1a: Iron Valiant|quarkdrivespe
|turn|24
|
|t:|1757916736
|move|p1a: Iron Valiant|Moonblast|p2a: Freeze Austin
|-supereffective|p2a: Freeze Austin
|-damage|p2a: Freeze Austin|0 fnt
|faint|p2a: Freeze Austin
|
|upkeep
|
|t:|1757916739
|switch|p2a: Red Lobster|Scizor, F|83/100
|turn|25
|
|t:|1757916744
|move|p2a: Red Lobster|Bullet Punch|p1a: Iron Valiant
|-supereffective|p1a: Iron Valiant
|-damage|p1a: Iron Valiant|0 fnt
|faint|p1a: Iron Valiant
|-end|p1a: Iron Valiant|Quark Drive|[silent]
|
|upkeep
|
|t:|1757916749
|switch|p1a: Slowking|Slowking-Galar, M|44/100
|-damage|p1a: Slowking|32/100|[from] Stealth Rock
|turn|26
|
|t:|1757916755
|move|p2a: Red Lobster|Bullet Punch|p1a: Slowking
|-damage|p1a: Slowking|0 fnt
|faint|p1a: Slowking
|
|win|G4rbag3Man
|raw|ViaVeritas's rating: 1171 &rarr; <strong>1143</strong><br />(-28 for losing)
|raw|G4rbag3Man's rating: 1124 &rarr; <strong>1152</strong><br />(+28 for winning)
|c|☆ViaVeritas|ggs
|l|☆ViaVeritas
|player|p1|
|l|☆G4rbag3Man
|player|p2|
