|j|☆WeR#4Hay!
|j|☆kinsword
|t:|1757910736
|gametype|singles
|player|p1|WeR#4Hay!|101|1421
|player|p2|kinsword|102|1404
|gen|9
|tier|[Gen 9] OU
|rated|
|rule|HP Percentage Mod: HP is shown in percentages
|rule|Endless Battle Clause: Forcing endless battles is banned
|rule|Species Clause: Limit one of each Pokémon
|rule|OHKO Clause: OHKO moves are banned
|rule|Evasion Items Clause: Evasion items are banned
|rule|Evasion Moves Clause: Evasion moves are banned
|rule|Evasion Abilities Clause: Evasion abilities are banned
|rule|Sleep Moves Clause: Sleep-inducing moves are banned
|clearpoke
|poke|p1|Landorus-Therian, M|
|poke|p1|Samurott-Hisui, F|
|poke|p1|Gholdengo|
|poke|p1|Thundurus-Therian, M|
|poke|p1|Scizor, F|
|poke|p1|Zamazenta-*|
|poke|p2|Iron Thorns|
|poke|p2|Manaphy|
|poke|p2|Zapdos-Galar|
|poke|p2|Excadrill, F|
|poke|p2|Enamorus-Therian, F|
|poke|p2|Overqwil, F|
|teampreview
|inactive|Battle timer is ON: inactive players will automatically lose when time's up. (requested by kinsword)
|inactive|WeR#4Hay! has 120 seconds left.
|inactive|WeR#4Hay! has 90 seconds left.
|
|t:|1757910801
|teamsize|p1|6
|teamsize|p2|6
|start
|switch|p1a: Thundurus|Thundurus-Therian, M|100/100
|switch|p2a: Zapdos|Zapdos-Galar|100/100
|turn|1
|
|t:|1757910811
|move|p2a: Zapdos|U-turn|p1a: Thundurus
|-resisted|p1a: Thundurus
|-damage|p1a: Thundurus|84/100
|
|t:|1757910816
|switch|p2a: Excadrill|Excadrill, F|100/100|[from] U-turn
|-ability|p2a: Excadrill|Mold Breaker
|move|p1a: Thundurus|Volt Switch|p2a: Excadrill
|-immune|p2a: Excadrill
|
|upkeep
|turn|2
|
|t:|1757910828
|move|p1a: Thundurus|Knock Off|p2a: Excadrill
|-damage|p2a: Excadrill|72/100
|-enditem|p2a: Excadrill|Assault Vest|[from] move: Knock Off|[of] p1a: Thundurus
|move|p2a: Excadrill|Rock Slide|p1a: Thundurus
|-supereffective|p1a: Thundurus
|-damage|p1a: Thundurus|0 fnt
|faint|p1a: Thundurus
|
|upkeep
|
|t:|1757910834
|switch|p1a: Samurott|Samurott-Hisui, F|100/100
|turn|3
|
|t:|1757910841
|switch|p2a: Overqwil|Overqwil, F|100/100
|-ability|p2a: Overqwil|Intimidate|boost
|-unboost|p1a: Samurott|atk|1
|move|p1a: Samurott|Ceaseless Edge|p2a: Overqwil
|-resisted|p2a: Overqwil
|-damage|p2a: Overqwil|85/100
|-sidestart|p2: kinsword|Spikes
|
|-heal|p2a: Overqwil|91/100|[from] item: Leftovers
|upkeep
|turn|4
|
|t:|1757910854
|move|p1a: Samurott|Knock Off|p2a: Overqwil
|-resisted|p2a: Overqwil
|-damage|p2a: Overqwil|76/100
|-enditem|p2a: Overqwil|Leftovers|[from] move: Knock Off|[of] p1a: Samurott
|move|p2a: Overqwil|Crunch|p1a: Samurott
|-resisted|p1a: Samurott
|-damage|p1a: Samurott|77/100
|-unboost|p1a: Samurott|def|1
|
|upkeep
|turn|5
|
|t:|1757910863
|switch|p1a: Landorus|Landorus-Therian, M|100/100
|-ability|p1a: Landorus|Intimidate|boost
|-unboost|p2a: Overqwil|atk|1
|move|p2a: Overqwil|Crunch|p1a: Landorus
|-damage|p1a: Landorus|74/100
|-damage|p2a: Overqwil|59/100|[from] item: Rocky Helmet|[of] p1a: Landorus
|
|upkeep
|turn|6
|
|t:|1757910874
|move|p1a: Landorus|Earthquake|p2a: Overqwil
|-supereffective|p2a: Overqwil
|-damage|p2a: Overqwil|0 fnt
|faint|p2a: Overqwil
|
|upkeep
|
|t:|1757910882
|switch|p2a: Enamorus|Enamorus-Therian, F|100/100
|turn|7
|
|t:|1757910912
|move|p1a: Landorus|U-turn|p2a: Enamorus
|-resisted|p2a: Enamorus
|-damage|p2a: Enamorus|95/100
|
|t:|1757910917
|switch|p1a: Scizor|Scizor, F|100/100|[from] U-turn
|move|p2a: Enamorus|Moonblast|p1a: Scizor
|-resisted|p1a: Scizor
|-damage|p1a: Scizor|58/100
|-unboost|p1a: Scizor|spa|1
|
|upkeep
|turn|8
|
|t:|1757910932
|-terastallize|p1a: Scizor|Steel
|move|p1a: Scizor|Bullet Punch|p2a: Enamorus
|-supereffective|p2a: Enamorus
|-damage|p2a: Enamorus|19/100
|move|p2a: Enamorus|Mystical Fire|p1a: Scizor
|-supereffective|p1a: Scizor
|-damage|p1a: Scizor|0 fnt
|faint|p1a: Scizor
|
|upkeep
|
|t:|1757910940
|switch|p1a: Samurott|Samurott-Hisui, F|77/100
|turn|9
|
|t:|1757910945
|move|p1a: Samurott|Aqua Cutter|p2a: Enamorus
|-damage|p2a: Enamorus|0 fnt
|faint|p2a: Enamorus
|
|upkeep
|
|t:|1757910954
|switch|p2a: Zapdos|Zapdos-Galar|100/100
|turn|10
|
|t:|1757910960
|switch|p1a: Gholdengo|Gholdengo|100/100
|move|p2a: Zapdos|Knock Off|p1a: Gholdengo
|-supereffective|p1a: Gholdengo
|-damage|p1a: Gholdengo|24/100
|-enditem|p1a: Gholdengo|Choice Scarf|[from] move: Knock Off|[of] p2a: Zapdos
|
|upkeep
|turn|11
|
|t:|1757910968
|switch|p1a: Zamazenta|Zamazenta|100/100
|-ability|p1a: Zamazenta|Dauntless Shield|boost
|-boost|p1a: Zamazenta|def|1
|move|p2a: Zapdos|Knock Off|p1a: Zamazenta
|-resisted|p1a: Zamazenta
|-damage|p1a: Zamazenta|92/100
|-enditem|p1a: Zamazenta|Leftovers|[from] move: Knock Off|[of] p2a: Zapdos
|
|upkeep
|turn|12
|
|t:|1757910977
|switch|p2a: Manaphy|Manaphy|100/100
|-damage|p2a: Manaphy|88/100|[from] Spikes
|move|p1a: Zamazenta|Iron Defense|p1a: Zamazenta
|-boost|p1a: Zamazenta|def|2
|
|-heal|p2a: Manaphy|94/100|[from] item: Leftovers
|upkeep
|turn|13
|
|t:|1757910989
|move|p2a: Manaphy|Surf|p1a: Zamazenta
|-damage|p1a: Zamazenta|54/100
|move|p1a: Zamazenta|Roar|p2a: Manaphy
|drag|p2a: Zapdos|Zapdos-Galar|100/100
|
|upkeep
|turn|14
|-message|WeR#4Hay! forfeited.
|
|win|kinsword
|raw|WeR#4Hay!'s rating: 1421 &rarr; <strong>1400</strong><br />(-21 for losing)
|raw|kinsword's rating: 1404 &rarr; <strong>1425</strong><br />(+21 for winning)
|l|☆WeR#4Hay!
|player|p1|
|l|☆kinsword
|player|p2|
