|j|☆Hikodon
|j|☆4DEF+4SPD=GG
|t:|1757798278
|gametype|singles
|player|p1|Hikodon|1|1217
|player|p2|4DEF+4SPD=GG|preschooler|1260
|gen|9
|tier|[Gen 9] OU
|rated|
|rule|HP Percentage Mod: HP is shown in percentages
|rule|Endless Battle Clause: Forcing endless battles is banned
|rule|Species Clause: Limit one of each Pokémon
|rule|OHKO Clause: OHKO moves are banned
|rule|Evasion Items Clause: Evasion items are banned
|rule|Evasion Moves Clause: Evasion moves are banned
|rule|Evasion Abilities Clause: Evasion abilities are banned
|rule|Sleep Moves Clause: Sleep-inducing moves are banned
|clearpoke
|poke|p1|Scizor, M|
|poke|p1|Salamence, M|
|poke|p1|Heatran, F|
|poke|p1|Tyranitar, F|
|poke|p1|Latias, F|
|poke|p1|Gyarados, F|
|poke|p2|Tyranitar, M|
|poke|p2|Excadrill, M|
|poke|p2|Corviknight, M|
|poke|p2|Glimmora, M|
|poke|p2|Hippowdon, M|
|poke|p2|Scizor, M|
|teampreview
|inactive|Battle timer is ON: inactive players will automatically lose when time's up. (requested by 4DEF+4SPD=GG)
|
|t:|1757798303
|teamsize|p1|6
|teamsize|p2|6
|start
|switch|p1a: Gyarados|Gyarados, F|100/100
|switch|p2a: Hippowdon|Hippowdon, M|100/100
|-weather|Sandstorm|[from] ability: Sand Stream|[of] p2a: Hippowdon
|turn|1
|
|t:|1757798319
|move|p1a: Gyarados|Dragon Dance|p1a: Gyarados
|-boost|p1a: Gyarados|atk|1
|-boost|p1a: Gyarados|spe|1
|move|p2a: Hippowdon|Whirlwind|p1a: Gyarados
|drag|p1a: Heatran|Heatran, F|100/100
|
|-weather|Sandstorm|[upkeep]
|upkeep
|turn|2
|
|t:|1757798324
|move|p1a: Heatran|Stealth Rock|p2a: Hippowdon
|-sidestart|p2: 4DEF+4SPD=GG|move: Stealth Rock
|move|p2a: Hippowdon|Stealth Rock|p1a: Heatran
|-sidestart|p1: Hikodon|move: Stealth Rock
|
|-weather|Sandstorm|[upkeep]
|upkeep
|turn|3
|
|t:|1757798334
|move|p1a: Heatran|Magma Storm|p2a: Hippowdon
|-damage|p2a: Hippowdon|48/100
|-activate|p2a: Hippowdon|move: Magma Storm|[of] p1a: Heatran
|move|p2a: Hippowdon|Bulldoze|p1a: Heatran
|-supereffective|p1a: Heatran
|-damage|p1a: Heatran|8/100
|-unboost|p1a: Heatran|spe|1
|
|-weather|Sandstorm|[upkeep]
|-heal|p1a: Heatran|14/100|[from] item: Leftovers
|-damage|p2a: Hippowdon|36/100|[from] move: Magma Storm|[partiallytrapped]
|upkeep
|turn|4
|
|t:|1757798341
|move|p1a: Heatran|Magma Storm|p2a: Hippowdon
|-damage|p2a: Hippowdon|0 fnt
|faint|p2a: Hippowdon
|
|-weather|Sandstorm|[upkeep]
|-heal|p1a: Heatran|20/100|[from] item: Leftovers
|upkeep
|
|t:|1757798356
|switch|p2a: Glimmora|Glimmora, M|100/100
|-damage|p2a: Glimmora|88/100|[from] Stealth Rock
|turn|5
|
|t:|1757798364
|move|p2a: Glimmora|Earth Power|p1a: Heatran
|-supereffective|p1a: Heatran
|-damage|p1a: Heatran|0 fnt
|faint|p1a: Heatran
|
|-weather|Sandstorm|[upkeep]
|upkeep
|
|t:|1757798371
|switch|p1a: Latias|Latias, F|100/100
|-damage|p1a: Latias|88/100|[from] Stealth Rock
|turn|6
|
|t:|1757798373
|-terastallize|p2a: Glimmora|Bug
|move|p1a: Latias|Agility|p1a: Latias
|-boost|p1a: Latias|spe|2
|move|p2a: Glimmora|Rock Polish|p2a: Glimmora
|-boost|p2a: Glimmora|spe|2
|
|-weather|Sandstorm|[upkeep]
|-damage|p1a: Latias|82/100|[from] Sandstorm
|-damage|p2a: Glimmora|82/100|[from] Sandstorm
|upkeep
|turn|7
|
|t:|1757798380
|-terastallize|p1a: Latias|Poison
|move|p1a: Latias|Calm Mind|p1a: Latias
|-boost|p1a: Latias|spa|1
|-boost|p1a: Latias|spd|1
|move|p2a: Glimmora|Meteor Beam||[still]
|-prepare|p2a: Glimmora|Meteor Beam
|-boost|p2a: Glimmora|spa|1
|-enditem|p2a: Glimmora|Power Herb
|-anim|p2a: Glimmora|Meteor Beam|p1a: Latias
|-damage|p1a: Latias|33/100
|
|-weather|Sandstorm|[upkeep]
|-damage|p1a: Latias|27/100|[from] Sandstorm
|-damage|p2a: Glimmora|76/100|[from] Sandstorm
|upkeep
|turn|8
|
|t:|1757798393
|move|p1a: Latias|Stored Power|p2a: Glimmora
|-damage|p2a: Glimmora|8/100
|move|p2a: Glimmora|Rock Polish|p2a: Glimmora
|-boost|p2a: Glimmora|spe|2
|
|-weather|none
|upkeep
|turn|9
|
|t:|1757798398
|move|p2a: Glimmora|Sludge Wave|p1a: Latias
|-resisted|p1a: Latias
|-damage|p1a: Latias|7/100
|move|p1a: Latias|Stored Power|p2a: Glimmora
|-damage|p2a: Glimmora|0 fnt
|faint|p2a: Glimmora
|
|upkeep
|
|t:|1757798401
|switch|p2a: Tyranitar|Tyranitar, M|100/100
|-damage|p2a: Tyranitar|88/100|[from] Stealth Rock
|-weather|Sandstorm|[from] ability: Sand Stream|[of] p2a: Tyranitar
|turn|10
|
|t:|1757798404
|switch|p2a: Corviknight|Corviknight, M|100/100
|-damage|p2a: Corviknight|88/100|[from] Stealth Rock
|move|p1a: Latias|Aura Sphere|p2a: Corviknight
|-damage|p2a: Corviknight|57/100
|
|-weather|Sandstorm|[upkeep]
|-damage|p1a: Latias|1/100|[from] Sandstorm
|upkeep
|turn|11
|
|t:|1757798414
|switch|p2a: Tyranitar|Tyranitar, M|88/100
|-damage|p2a: Tyranitar|76/100|[from] Stealth Rock
|move|p1a: Latias|Stored Power|p2a: Tyranitar
|-immune|p2a: Tyranitar
|
|-weather|Sandstorm|[upkeep]
|-damage|p1a: Latias|0 fnt|[from] Sandstorm
|faint|p1a: Latias
|upkeep
|
|t:|1757798421
|switch|p1a: Gyarados|Gyarados, F|100/100
|turn|12
|
|t:|1757798439
|switch|p2a: Scizor|Scizor, M|100/100
|-damage|p2a: Scizor|88/100|[from] Stealth Rock
|move|p1a: Gyarados|Dragon Dance|p1a: Gyarados
|-boost|p1a: Gyarados|atk|1
|-boost|p1a: Gyarados|spe|1
|
|-weather|Sandstorm|[upkeep]
|-damage|p1a: Gyarados|94/100|[from] Sandstorm
|upkeep
|turn|13
|
|t:|1757798445
|move|p1a: Gyarados|Dragon Dance|p1a: Gyarados
|-boost|p1a: Gyarados|atk|1
|-boost|p1a: Gyarados|spe|1
|move|p2a: Scizor|Knock Off|p1a: Gyarados
|-damage|p1a: Gyarados|30/100
|-enditem|p1a: Gyarados|Heavy-Duty Boots|[from] move: Knock Off|[of] p2a: Scizor
|
|-weather|Sandstorm|[upkeep]
|-damage|p1a: Gyarados|24/100|[from] Sandstorm
|upkeep
|turn|14
|
|t:|1757798473
|switch|p2a: Corviknight|Corviknight, M|57/100
|-damage|p2a: Corviknight|45/100|[from] Stealth Rock
|move|p1a: Gyarados|Waterfall|p2a: Corviknight
|-damage|p2a: Corviknight|0 fnt
|-damage|p1a: Gyarados|7/100|[from] item: Rocky Helmet|[of] p2a: Corviknight
|faint|p2a: Corviknight
|-ability|p1a: Gyarados|Moxie|boost
|-boost|p1a: Gyarados|atk|1
|
|-weather|Sandstorm|[upkeep]
|-damage|p1a: Gyarados|1/100|[from] Sandstorm
|upkeep
|
|t:|1757798480
|switch|p2a: Scizor|Scizor, M|88/100
|-damage|p2a: Scizor|75/100|[from] Stealth Rock
|turn|15
|
|t:|1757798483
|move|p2a: Scizor|Bullet Punch|p1a: Gyarados
|-resisted|p1a: Gyarados
|-damage|p1a: Gyarados|0 fnt
|faint|p1a: Gyarados
|
|-weather|Sandstorm|[upkeep]
|upkeep
|
|t:|1757798503
|switch|p1a: Salamence|Salamence, M|100/100
|-ability|p1a: Salamence|Intimidate|boost
|-unboost|p2a: Scizor|atk|1
|turn|16
|
|t:|1757798509
|switch|p2a: Excadrill|Excadrill, M|100/100
|-damage|p2a: Excadrill|97/100|[from] Stealth Rock
|move|p1a: Salamence|Earthquake|p2a: Excadrill
|-supereffective|p2a: Excadrill
|-damage|p2a: Excadrill|23/100
|
|-weather|Sandstorm|[upkeep]
|-damage|p1a: Salamence|94/100|[from] Sandstorm
|upkeep
|turn|17
|
|t:|1757798515
|move|p2a: Excadrill|Iron Head|p1a: Salamence
|-crit|p1a: Salamence
|-damage|p1a: Salamence|14/100
|cant|p1a: Salamence|flinch
|
|-weather|none
|upkeep
|turn|18
|
|t:|1757798520
|switch|p2a: Tyranitar|Tyranitar, M|76/100
|-damage|p2a: Tyranitar|63/100|[from] Stealth Rock
|-weather|Sandstorm|[from] ability: Sand Stream|[of] p2a: Tyranitar
|move|p1a: Salamence|Earthquake|p2a: Tyranitar
|-supereffective|p2a: Tyranitar
|-damage|p2a: Tyranitar|31/100
|
|-weather|Sandstorm|[upkeep]
|-damage|p1a: Salamence|8/100|[from] Sandstorm
|upkeep
|turn|19
|
|t:|1757798529
|move|p1a: Salamence|Earthquake|p2a: Tyranitar
|-supereffective|p2a: Tyranitar
|-damage|p2a: Tyranitar|0 fnt
|faint|p2a: Tyranitar
|
|-weather|Sandstorm|[upkeep]
|-damage|p1a: Salamence|2/100|[from] Sandstorm
|upkeep
|
|t:|1757798539
|switch|p2a: Excadrill|Excadrill, M|23/100
|-damage|p2a: Excadrill|20/100|[from] Stealth Rock
|turn|20
|
|t:|1757798543
|move|p2a: Excadrill|Rapid Spin|p1a: Salamence
|-damage|p1a: Salamence|0 fnt
|-boost|p2a: Excadrill|spe|1
|-sideend|p2: 4DEF+4SPD=GG|Stealth Rock|[from] move: Rapid Spin|[of] p2a: Excadrill
|faint|p1a: Salamence
|
|-weather|Sandstorm|[upkeep]
|upkeep
|
|t:|1757798557
|switch|p1a: Scizor|Scizor, M|100/100
|-damage|p1a: Scizor|88/100|[from] Stealth Rock
|turn|21
|
|t:|1757798580
|move|p2a: Excadrill|Earthquake|p1a: Scizor
|-damage|p1a: Scizor|27/100
|move|p1a: Scizor|Knock Off|p2a: Excadrill
|-damage|p2a: Excadrill|0 fnt
|-enditem|p2a: Excadrill|Focus Sash|[from] move: Knock Off|[of] p1a: Scizor
|faint|p2a: Excadrill
|
|-weather|Sandstorm|[upkeep]
|upkeep
|
|t:|1757798582
|switch|p2a: Scizor|Scizor, M|75/100
|turn|22
|
|t:|1757798585
|move|p2a: Scizor|Bullet Punch|p1a: Scizor
|-resisted|p1a: Scizor
|-damage|p1a: Scizor|0 fnt
|faint|p1a: Scizor
|
|-weather|Sandstorm|[upkeep]
|upkeep
|
|t:|1757798589
|switch|p1a: Tyranitar|Tyranitar, F|100/100
|-damage|p1a: Tyranitar|88/100|[from] Stealth Rock
|turn|23
|
|t:|1757798595
|move|p2a: Scizor|Bullet Punch|p1a: Tyranitar
|-supereffective|p1a: Tyranitar
|-damage|p1a: Tyranitar|9/100
|move|p1a: Tyranitar|Knock Off|p2a: Scizor
|-damage|p2a: Scizor|19/100
|-enditem|p2a: Scizor|Choice Band|[from] move: Knock Off|[of] p1a: Tyranitar
|
|-weather|Sandstorm|[upkeep]
|upkeep
|turn|24
|
|t:|1757798599
|move|p2a: Scizor|Bullet Punch|p1a: Tyranitar
|-supereffective|p1a: Tyranitar
|-damage|p1a: Tyranitar|0 fnt
|faint|p1a: Tyranitar
|
|win|4DEF+4SPD=GG
|raw|Hikodon's rating: 1217 &rarr; <strong>1195</strong><br />(-22 for losing)
|raw|4DEF+4SPD=GG's rating: 1260 &rarr; <strong>1282</strong><br />(+22 for winning)
|l|☆Hikodon
|player|p1|
