|j|☆LikeEmerald
|j|☆Anc_8
|t:|1757871500
|gametype|singles
|player|p1|LikeEmerald|266|1149
|player|p2|Anc_8|kiawe|1081
|gen|9
|tier|[Gen 9] OU
|rated|
|rule|HP Percentage Mod: HP is shown in percentages
|rule|Endless Battle Clause: Forcing endless battles is banned
|rule|Species Clause: Limit one of each Pokémon
|rule|OHKO Clause: OHKO moves are banned
|rule|Evasion Items Clause: Evasion items are banned
|rule|Evasion Moves Clause: Evasion moves are banned
|rule|Evasion Abilities Clause: Evasion abilities are banned
|rule|Sleep Moves Clause: Sleep-inducing moves are banned
|clearpoke
|poke|p1|Lokix, F|
|poke|p1|Greninja-*, F|
|poke|p1|Goodra-Hisui, M|
|poke|p1|Kleavor, F|
|poke|p1|Donphan, M|
|poke|p1|Moltres|
|poke|p2|Slowbro, M|
|poke|p2|Dragonite, M|
|poke|p2|Noctowl, M|
|poke|p2|Incineroar, M|
|poke|p2|Delibird, M|
|poke|p2|Dragapult, M|
|teampreview
|inactive|Battle timer is ON: inactive players will automatically lose when time's up. (requested by Anc_8)
|
|t:|1757871507
|teamsize|p1|6
|teamsize|p2|6
|start
|switch|p1a: Lokix|Lokix, F|100/100
|switch|p2a: Dragapult|Dragapult, M|100/100
|turn|1
|
|t:|1757871514
|move|p1a: Lokix|Sucker Punch|p2a: Dragapult
|-supereffective|p2a: Dragapult
|-damage|p2a: Dragapult|23/100
|-start|p1a: Lokix|Disable|Sucker Punch|[from] ability: Cursed Body|[of] p2a: Dragapult
|move|p2a: Dragapult|Dragon Darts|p1a: Lokix
|-damage|p1a: Lokix|63/100
|-anim|p2a: Dragapult|Dragon Darts|p1a: Lokix
|-damage|p1a: Lokix|28/100
|
|-heal|p2a: Dragapult|28/100|[from] item: Leftovers
|upkeep
|turn|2
|
|t:|1757871525
|switch|p1a: Goodra|Goodra-Hisui, M|100/100
|move|p2a: Dragapult|Dragon Darts|p1a: Goodra
|-damage|p1a: Goodra|80/100
|-anim|p2a: Dragapult|Dragon Darts|p1a: Goodra
|-damage|p1a: Goodra|60/100
|
|-heal|p2a: Dragapult|34/100|[from] item: Leftovers
|-heal|p1a: Goodra|66/100|[from] item: Leftovers
|upkeep
|turn|3
|
|t:|1757871538
|move|p2a: Dragapult|Dragon Dance|p2a: Dragapult
|-boost|p2a: Dragapult|atk|1
|-boost|p2a: Dragapult|spe|1
|move|p1a: Goodra|Dragon Tail|p2a: Dragapult
|-supereffective|p2a: Dragapult
|-damage|p2a: Dragapult|0 fnt
|faint|p2a: Dragapult
|
|-heal|p1a: Goodra|72/100|[from] item: Leftovers
|upkeep
|
|t:|1757871543
|switch|p2a: Delibird|Delibird, M|100/100
|turn|4
|
|t:|1757871547
|move|p2a: Delibird|Fake Out|p1a: Goodra
|-resisted|p1a: Goodra
|-damage|p1a: Goodra|70/100
|cant|p1a: Goodra|flinch
|
|-heal|p1a: Goodra|76/100|[from] item: Leftovers
|upkeep
|turn|5
|
|t:|1757871551
|move|p2a: Delibird|Ice Beam|p1a: Goodra
|-damage|p1a: Goodra|57/100
|move|p1a: Goodra|Heavy Slam|p2a: Delibird
|-supereffective|p2a: Delibird
|-enditem|p2a: Delibird|Focus Sash
|-damage|p2a: Delibird|1/100
|
|-heal|p1a: Goodra|63/100|[from] item: Leftovers
|upkeep
|turn|6
|
|t:|1757871558
|move|p2a: Delibird|Ice Beam|p1a: Goodra
|-damage|p1a: Goodra|43/100
|move|p1a: Goodra|Heavy Slam|p2a: Delibird
|-supereffective|p2a: Delibird
|-damage|p2a: Delibird|0 fnt
|faint|p2a: Delibird
|
|-heal|p1a: Goodra|49/100|[from] item: Leftovers
|upkeep
|
|t:|1757871567
|switch|p2a: Slowbro|Slowbro, M|100/100
|turn|7
|
|t:|1757871573
|move|p2a: Slowbro|Focus Blast|p1a: Goodra
|-supereffective|p1a: Goodra
|-damage|p1a: Goodra|0 fnt
|faint|p1a: Goodra
|
|upkeep
|
|t:|1757871583
|switch|p1a: Kleavor|Kleavor, F|100/100
|turn|8
|
|t:|1757871592
|-terastallize|p1a: Kleavor|Bug
|move|p1a: Kleavor|Swords Dance|p1a: Kleavor
|-boost|p1a: Kleavor|atk|2
|move|p2a: Slowbro|Scald|p1a: Kleavor
|-damage|p1a: Kleavor|42/100
|
|upkeep
|turn|9
|
|t:|1757871602
|move|p1a: Kleavor|Stone Axe|p2a: Slowbro
|-damage|p2a: Slowbro|23/100
|-damage|p1a: Kleavor|26/100|[from] item: Rocky Helmet|[of] p2a: Slowbro
|-sidestart|p2: Anc_8|move: Stealth Rock
|move|p2a: Slowbro|Scald|p1a: Kleavor
|-damage|p1a: Kleavor|0 fnt
|faint|p1a: Kleavor
|
|upkeep
|
|t:|1757871613
|switch|p1a: Moltres|Moltres|100/100
|turn|10
|
|t:|1757871621
|move|p1a: Moltres|Air Slash|p2a: Slowbro
|-damage|p2a: Slowbro|0 fnt
|faint|p2a: Slowbro
|
|upkeep
|
|t:|1757871628
|switch|p2a: Dragonite|Dragonite, M|100/100
|-damage|p2a: Dragonite|76/100|[from] Stealth Rock
|turn|11
|
|t:|1757871632
|move|p1a: Moltres|Air Slash|p2a: Dragonite
|-damage|p2a: Dragonite|41/100
|cant|p2a: Dragonite|flinch
|
|upkeep
|turn|12
|
|t:|1757871637
|move|p1a: Moltres|Air Slash|p2a: Dragonite
|-damage|p2a: Dragonite|7/100
|move|p2a: Dragonite|Dragon Dance|p2a: Dragonite
|-boost|p2a: Dragonite|atk|1
|-boost|p2a: Dragonite|spe|1
|
|upkeep
|turn|13
|
|t:|1757871651
|move|p2a: Dragonite|Dragon Claw|p1a: Moltres
|-damage|p1a: Moltres|17/100
|-damage|p2a: Dragonite|0 fnt|[from] item: Life Orb
|faint|p2a: Dragonite
|move|p1a: Moltres|Air Slash|p2: Dragonite|[notarget]
|-fail|p1a: Moltres
|
|upkeep
|
|t:|1757871663
|switch|p2a: Incineroar|Incineroar, M|100/100
|-damage|p2a: Incineroar|75/100|[from] Stealth Rock
|-ability|p2a: Incineroar|Intimidate|boost
|-unboost|p1a: Moltres|atk|1
|turn|14
|
|t:|1757871668
|move|p1a: Moltres|Roost|p1a: Moltres
|-heal|p1a: Moltres|67/100
|-singleturn|p1a: Moltres|move: Roost
|move|p2a: Incineroar|Knock Off|p1a: Moltres
|-damage|p1a: Moltres|27/100
|-enditem|p1a: Moltres|Heavy-Duty Boots|[from] move: Knock Off|[of] p2a: Incineroar
|
|upkeep
|turn|15
|
|t:|1757871678
|move|p1a: Moltres|Roost|p1a: Moltres
|-heal|p1a: Moltres|77/100
|-singleturn|p1a: Moltres|move: Roost
|move|p2a: Incineroar|Flare Blitz|p1a: Moltres
|-resisted|p1a: Moltres
|-damage|p1a: Moltres|54/100
|-damage|p2a: Incineroar|68/100|[from] Recoil
|
|upkeep
|turn|16
|
|t:|1757871689
|move|p1a: Moltres|Scorching Sands|p2a: Incineroar
|-supereffective|p2a: Incineroar
|-crit|p2a: Incineroar
|-damage|p2a: Incineroar|9/100
|-enditem|p2a: Incineroar|Sitrus Berry|[eat]
|-heal|p2a: Incineroar|34/100|[from] item: Sitrus Berry
|move|p2a: Incineroar|Knock Off|p1a: Moltres
|-damage|p1a: Moltres|27/100
|
|upkeep
|turn|17
|
|t:|1757871697
|move|p1a: Moltres|Roost|p1a: Moltres
|-heal|p1a: Moltres|77/100
|-singleturn|p1a: Moltres|move: Roost
|move|p2a: Incineroar|Parting Shot|p1a: Moltres
|-unboost|p1a: Moltres|atk|1
|-unboost|p1a: Moltres|spa|1
|
|t:|1757871699
|switch|p2a: Noctowl|Noctowl, M|100/100|[from] Parting Shot
|-damage|p2a: Noctowl|75/100|[from] Stealth Rock
|
|upkeep
|turn|18
|
|t:|1757871711
|-terastallize|p2a: Noctowl|Normal
|move|p1a: Moltres|Flamethrower|p2a: Noctowl
|-damage|p2a: Noctowl|47/100
|move|p2a: Noctowl|Tailwind|p2a: Noctowl
|-sidestart|p2: Anc_8|move: Tailwind
|
|upkeep
|turn|19
|
|t:|1757871717
|move|p2a: Noctowl|Hyper Voice|p1a: Moltres
|-damage|p1a: Moltres|21/100
|-enditem|p2a: Noctowl|Throat Spray
|-boost|p2a: Noctowl|spa|1|[from] item: Throat Spray
|move|p1a: Moltres|Flamethrower|p2a: Noctowl
|-damage|p2a: Noctowl|19/100
|
|upkeep
|turn|20
|
|t:|1757871724
|move|p2a: Noctowl|Hyper Voice|p1a: Moltres
|-damage|p1a: Moltres|0 fnt
|faint|p1a: Moltres
|
|upkeep
|
|t:|1757871731
|switch|p1a: Donphan|Donphan, M|100/100
|turn|21
|
|t:|1757871742
|move|p2a: Noctowl|Hyper Voice|p1a: Donphan
|-ability|p1a: Donphan|Sturdy
|-damage|p1a: Donphan|1/100
|move|p1a: Donphan|Ice Spinner|p2a: Noctowl
|-damage|p2a: Noctowl|0 fnt
|faint|p2a: Noctowl
|
|-sideend|p2: Anc_8|move: Tailwind
|upkeep
|
|t:|1757871750
|switch|p2a: Incineroar|Incineroar, M|34/100
|-damage|p2a: Incineroar|9/100|[from] Stealth Rock
|-ability|p2a: Incineroar|Intimidate|boost
|-unboost|p1a: Donphan|atk|1
|turn|22
|-enditem|p1a: Donphan|Custap Berry|[eat]
|-activate|p1a: Donphan|item: Custap Berry|[consumed]
|
|t:|1757871756
|move|p1a: Donphan|Flail|p2a: Incineroar
|-damage|p2a: Incineroar|0 fnt
|faint|p2a: Incineroar
|
|win|LikeEmerald
|raw|LikeEmerald's rating: 1149 &rarr; <strong>1169</strong><br />(+20 for winning)
|raw|Anc_8's rating: 1081 &rarr; <strong>1063</strong><br />(-18 for losing)
|l|☆Anc_8
|player|p2|
