|j|☆DarkAngel205
|j|☆edollas
|t:|1757825657
|gametype|singles
|player|p1|DarkAngel205|101|1325
|player|p2|edollas|biker-gen4|1387
|gen|9
|tier|[Gen 9] OU
|rated|
|rule|HP Percentage Mod: HP is shown in percentages
|rule|Endless Battle Clause: Forcing endless battles is banned
|rule|Species Clause: Limit one of each Pokémon
|rule|OHKO Clause: OHKO moves are banned
|rule|Evasion Items Clause: Evasion items are banned
|rule|Evasion Moves Clause: Evasion moves are banned
|rule|Evasion Abilities Clause: Evasion abilities are banned
|rule|Sleep Moves Clause: Sleep-inducing moves are banned
|clearpoke
|poke|p1|Ninetales, F|
|poke|p1|Iron Moth|
|poke|p1|Walking Wake|
|poke|p1|Lilligant-Hisui, F|
|poke|p1|Corviknight, M|
|poke|p1|Great Tusk|
|poke|p2|Hoopa-Unbound|
|poke|p2|Toxapex, M|
|poke|p2|Weezing-Galar, F|
|poke|p2|Ogerpon-Wellspring, F|
|poke|p2|Garchomp, M|
|poke|p2|Zapdos|
|teampreview
|inactive|Battle timer is ON: inactive players will automatically lose when time's up. (requested by DarkAngel205)
|
|t:|1757825681
|teamsize|p1|6
|teamsize|p2|6
|start
|switch|p1a: Corviknight|Corviknight, M|100/100
|switch|p2a: Hoopa|Hoopa-Unbound|100/100
|turn|1
|
|t:|1757825688
|move|p2a: Hoopa|Substitute|p2a: Hoopa
|-start|p2a: Hoopa|Substitute
|-damage|p2a: Hoopa|76/100
|move|p1a: Corviknight|Sunny Day|p1a: Corviknight
|-weather|SunnyDay
|
|-weather|SunnyDay|[upkeep]
|upkeep
|turn|2
|
|t:|1757825695
|move|p2a: Hoopa|Psychic Noise|p1a: Corviknight
|-resisted|p1a: Corviknight
|-damage|p1a: Corviknight|83/100
|-start|p1a: Corviknight|move: Heal Block
|move|p1a: Corviknight|U-turn|p2a: Hoopa
|-supereffective|p2a: Hoopa
|-end|p2a: Hoopa|Substitute
|
|t:|1757825716
|switch|p1a: Lilligant|Lilligant-Hisui, F|100/100|[from] U-turn
|
|-weather|SunnyDay|[upkeep]
|upkeep
|turn|3
|
|t:|1757825728
|switch|p2a: Weezing|Weezing-Galar, F|100/100
|move|p1a: Lilligant|Solar Blade||[still]
|-prepare|p1a: Lilligant|Solar Blade
|-anim|p1a: Lilligant|Solar Blade|p2a: Weezing
|-resisted|p2a: Weezing
|-damage|p2a: Weezing|76/100
|-damage|p1a: Lilligant|91/100|[from] item: Life Orb
|
|-weather|SunnyDay|[upkeep]
|upkeep
|turn|4
|
|t:|1757825744
|switch|p1a: Iron Moth|Iron Moth|100/100
|-enditem|p1a: Iron Moth|Booster Energy
|-activate|p1a: Iron Moth|ability: Quark Drive|[fromitem]
|-start|p1a: Iron Moth|quarkdrivespe
|switch|p2a: Toxapex|Toxapex, M|100/100
|
|-weather|SunnyDay|[upkeep]
|upkeep
|turn|5
|
|t:|1757825749
|move|p1a: Iron Moth|Energy Ball|p2a: Toxapex
|-damage|p2a: Toxapex|83/100
|move|p2a: Toxapex|Mud Shot|p1a: Iron Moth
|-supereffective|p1a: Iron Moth
|-damage|p1a: Iron Moth|55/100
|-unboost|p1a: Iron Moth|spe|1
|
|-weather|SunnyDay|[upkeep]
|upkeep
|turn|6
|
|t:|1757825761
|-end|p1a: Iron Moth|Quark Drive|[silent]
|switch|p1a: Great Tusk|Great Tusk|100/100
|-activate|p1a: Great Tusk|ability: Protosynthesis
|-start|p1a: Great Tusk|protosynthesisatk
|move|p2a: Toxapex|Chilling Water|p1a: Great Tusk
|-supereffective|p1a: Great Tusk
|-damage|p1a: Great Tusk|78/100
|-unboost|p1a: Great Tusk|atk|1
|
|-weather|SunnyDay|[upkeep]
|-heal|p1a: Great Tusk|84/100|[from] item: Leftovers
|upkeep
|turn|7
|
|t:|1757825770
|switch|p2a: Weezing|Weezing-Galar, F|76/100
|move|p1a: Great Tusk|Rapid Spin|p2a: Weezing
|-damage|p2a: Weezing|66/100
|-boost|p1a: Great Tusk|spe|1
|
|-weather|SunnyDay|[upkeep]
|-heal|p1a: Great Tusk|90/100|[from] item: Leftovers
|upkeep
|turn|8
|
|t:|1757825792
|-end|p1a: Great Tusk|Protosynthesis|[silent]
|switch|p1a: Corviknight|Corviknight, M|83/100
|move|p2a: Weezing|Strange Steam|p1a: Corviknight
|-resisted|p1a: Corviknight
|-damage|p1a: Corviknight|71/100
|
|-weather|none
|upkeep
|turn|9
|
|t:|1757825799
|move|p1a: Corviknight|Roost|p1a: Corviknight
|-heal|p1a: Corviknight|100/100
|-singleturn|p1a: Corviknight|move: Roost
|move|p2a: Weezing|Will-O-Wisp|p1a: Corviknight|[miss]
|-miss|p2a: Weezing|p1a: Corviknight
|
|upkeep
|turn|10
|
|t:|1757825806
|move|p1a: Corviknight|Sunny Day|p1a: Corviknight
|-weather|SunnyDay
|move|p2a: Weezing|Will-O-Wisp|p1a: Corviknight|[miss]
|-miss|p2a: Weezing|p1a: Corviknight
|
|-weather|SunnyDay|[upkeep]
|upkeep
|turn|11
|
|t:|1757825811
|move|p1a: Corviknight|U-turn|p2a: Weezing
|-resisted|p2a: Weezing
|-damage|p2a: Weezing|64/100
|
|t:|1757825815
|switch|p1a: Iron Moth|Iron Moth|55/100|[from] U-turn
|move|p2a: Weezing|Strange Steam|p1a: Iron Moth
|-resisted|p1a: Iron Moth
|-damage|p1a: Iron Moth|49/100
|
|-weather|SunnyDay|[upkeep]
|upkeep
|turn|12
|
|t:|1757825824
|switch|p2a: Toxapex|Toxapex, M|100/100
|move|p1a: Iron Moth|Fiery Dance|p2a: Toxapex
|-resisted|p2a: Toxapex
|-damage|p2a: Toxapex|83/100
|
|-weather|SunnyDay|[upkeep]
|upkeep
|turn|13
|
|t:|1757825837
|-end|p1a: Iron Moth|Quark Drive|[silent]
|switch|p1a: Corviknight|Corviknight, M|100/100
|move|p2a: Toxapex|Chilling Water|p1a: Corviknight
|-damage|p1a: Corviknight|94/100
|-ability|p1a: Corviknight|Mirror Armor
|-unboost|p2a: Toxapex|atk|1
|
|-weather|SunnyDay|[upkeep]
|upkeep
|turn|14
|
|t:|1757825845
|move|p1a: Corviknight|U-turn|p2a: Toxapex
|-resisted|p2a: Toxapex
|-damage|p2a: Toxapex|77/100
|
|t:|1757825849
|switch|p1a: Great Tusk|Great Tusk|90/100|[from] U-turn
|-activate|p1a: Great Tusk|ability: Protosynthesis
|-start|p1a: Great Tusk|protosynthesisatk
|move|p2a: Toxapex|Ice Beam|p1a: Great Tusk
|-supereffective|p1a: Great Tusk
|-damage|p1a: Great Tusk|29/100
|
|-weather|SunnyDay|[upkeep]
|-heal|p1a: Great Tusk|35/100|[from] item: Leftovers
|upkeep
|turn|15
|
|t:|1757825862
|switch|p2a: Weezing|Weezing-Galar, F|64/100
|move|p1a: Great Tusk|Ice Spinner|p2a: Weezing
|-damage|p2a: Weezing|38/100
|
|-weather|SunnyDay|[upkeep]
|-heal|p1a: Great Tusk|41/100|[from] item: Leftovers
|upkeep
|turn|16
|
|t:|1757825874
|-end|p1a: Great Tusk|Protosynthesis|[silent]
|switch|p1a: Iron Moth|Iron Moth|49/100
|move|p2a: Weezing|Pain Split|p1a: Iron Moth
|-sethp|p1a: Iron Moth|45/100|[from] move: Pain Split|[silent]
|-sethp|p2a: Weezing|41/100|[from] move: Pain Split
|
|-weather|SunnyDay|[upkeep]
|upkeep
|turn|17
|
|t:|1757825881
|-end|p1a: Iron Moth|Quark Drive|[silent]
|switch|p1a: Great Tusk|Great Tusk|41/100
|-activate|p1a: Great Tusk|ability: Protosynthesis
|-start|p1a: Great Tusk|protosynthesisatk
|switch|p2a: Toxapex|Toxapex, M|100/100
|
|-weather|none
|-end|p1a: Great Tusk|Protosynthesis
|-heal|p1a: Great Tusk|47/100|[from] item: Leftovers
|upkeep
|turn|18
|
|t:|1757825886
|switch|p2a: Zapdos|Zapdos|100/100
|move|p1a: Great Tusk|Ice Spinner|p2a: Zapdos
|-supereffective|p2a: Zapdos
|-damage|p2a: Zapdos|44/100
|
|-heal|p1a: Great Tusk|54/100|[from] item: Leftovers
|upkeep
|turn|19
|
|t:|1757825899
|switch|p2a: Toxapex|Toxapex, M|100/100
|move|p1a: Great Tusk|Ice Spinner|p2a: Toxapex
|-resisted|p2a: Toxapex
|-damage|p2a: Toxapex|90/100
|
|-heal|p1a: Great Tusk|60/100|[from] item: Leftovers
|upkeep
|turn|20
|
|t:|1757825908
|switch|p2a: Weezing|Weezing-Galar, F|41/100
|move|p1a: Great Tusk|Earthquake|p2a: Weezing
|-immune|p2a: Weezing|[from] ability: Levitate
|
|-heal|p1a: Great Tusk|66/100|[from] item: Leftovers
|upkeep
|turn|21
|
|t:|1757825916
|-end|p1a: Great Tusk|Protosynthesis|[silent]
|switch|p1a: Corviknight|Corviknight, M|94/100
|move|p2a: Weezing|Strange Steam|p1a: Corviknight
|-resisted|p1a: Corviknight
|-damage|p1a: Corviknight|83/100
|
|upkeep
|turn|22
|
|t:|1757825924
|move|p1a: Corviknight|Sunny Day|p1a: Corviknight
|-weather|SunnyDay
|move|p2a: Weezing|Pain Split|p1a: Corviknight
|-sethp|p1a: Corviknight|60/100|[from] move: Pain Split|[silent]
|-sethp|p2a: Weezing|66/100|[from] move: Pain Split
|
|-weather|SunnyDay|[upkeep]
|upkeep
|turn|23
|
|t:|1757825932
|move|p1a: Corviknight|U-turn|p2a: Weezing
|-resisted|p2a: Weezing
|-damage|p2a: Weezing|64/100
|
|t:|1757825937
|switch|p1a: Iron Moth|Iron Moth|45/100|[from] U-turn
|move|p2a: Weezing|Strange Steam|p1a: Iron Moth
|-resisted|p1a: Iron Moth
|-damage|p1a: Iron Moth|39/100
|
|-weather|SunnyDay|[upkeep]
|upkeep
|turn|24
|
|t:|1757825942
|switch|p2a: Toxapex|Toxapex, M|100/100
|move|p1a: Iron Moth|Energy Ball|p2a: Toxapex
|-damage|p2a: Toxapex|83/100
|
|-weather|SunnyDay|[upkeep]
|upkeep
|turn|25
|
|t:|1757825951
|move|p1a: Iron Moth|Energy Ball|p2a: Toxapex
|-damage|p2a: Toxapex|65/100
|move|p2a: Toxapex|Chilling Water|p1a: Iron Moth
|-supereffective|p1a: Iron Moth
|-damage|p1a: Iron Moth|25/100
|-unboost|p1a: Iron Moth|atk|1
|
|-weather|SunnyDay|[upkeep]
|upkeep
|turn|26
|
|t:|1757825962
|-end|p1a: Iron Moth|Quark Drive|[silent]
|switch|p1a: Walking Wake|Walking Wake|100/100
|-activate|p1a: Walking Wake|ability: Protosynthesis
|-start|p1a: Walking Wake|protosynthesisspa
|move|p2a: Toxapex|Mud Shot|p1a: Walking Wake
|-damage|p1a: Walking Wake|87/100
|-unboost|p1a: Walking Wake|spe|1
|
|-weather|SunnyDay|[upkeep]
|upkeep
|turn|27
|
|t:|1757825973
|move|p1a: Walking Wake|Flamethrower|p2a: Toxapex
|-resisted|p2a: Toxapex
|-damage|p2a: Toxapex|48/100
|move|p2a: Toxapex|Sludge Bomb|p1a: Walking Wake
|-damage|p1a: Walking Wake|49/100
|-status|p1a: Walking Wake|psn
|
|-weather|SunnyDay|[upkeep]
|-damage|p1a: Walking Wake|37/100 psn|[from] psn
|upkeep
|turn|28
|
|t:|1757825985
|move|p1a: Walking Wake|Dragon Pulse|p2a: Toxapex
|-damage|p2a: Toxapex|17/100
|move|p2a: Toxapex|Mud Shot|p1a: Walking Wake
|-damage|p1a: Walking Wake|23/100 psn
|-unboost|p1a: Walking Wake|spe|1
|
|-weather|SunnyDay|[upkeep]
|-damage|p1a: Walking Wake|11/100 psn|[from] psn
|upkeep
|turn|29
|
|t:|1757825998
|-end|p1a: Walking Wake|Protosynthesis|[silent]
|switch|p1a: Corviknight|Corviknight, M|60/100
|switch|p2a: Hoopa|Hoopa-Unbound|76/100
|
|-weather|none
|upkeep
|turn|30
|
|t:|1757826010
|switch|p2a: Toxapex|Toxapex, M|51/100
|move|p1a: Corviknight|Roost|p1a: Corviknight
|-heal|p1a: Corviknight|100/100
|-singleturn|p1a: Corviknight|move: Roost
|
|upkeep
|turn|31
|
|t:|1757826017
|move|p1a: Corviknight|Sunny Day|p1a: Corviknight
|-weather|SunnyDay
|move|p2a: Toxapex|Ice Beam|p1a: Corviknight
|-damage|p1a: Corviknight|85/100
|
|-weather|SunnyDay|[upkeep]
|upkeep
|turn|32
|
|t:|1757826022
|move|p1a: Corviknight|U-turn|p2a: Toxapex
|-resisted|p2a: Toxapex
|-damage|p2a: Toxapex|45/100
|
|t:|1757826032
|switch|p1a: Great Tusk|Great Tusk|66/100|[from] U-turn
|-activate|p1a: Great Tusk|ability: Protosynthesis
|-start|p1a: Great Tusk|protosynthesisatk
|move|p2a: Toxapex|Ice Beam|p1a: Great Tusk
|-supereffective|p1a: Great Tusk
|-damage|p1a: Great Tusk|9/100
|
|-weather|SunnyDay|[upkeep]
|-heal|p1a: Great Tusk|16/100|[from] item: Leftovers
|upkeep
|turn|33
|
|t:|1757826046
|switch|p2a: Weezing|Weezing-Galar, F|64/100
|move|p1a: Great Tusk|Rapid Spin|p2a: Weezing
|-damage|p2a: Weezing|48/100
|-boost|p1a: Great Tusk|spe|1
|
|-weather|SunnyDay|[upkeep]
|-heal|p1a: Great Tusk|22/100|[from] item: Leftovers
|upkeep
|turn|34
|
|t:|1757826054
|move|p1a: Great Tusk|Ice Spinner|p2a: Weezing
|-damage|p2a: Weezing|27/100
|move|p2a: Weezing|Strange Steam|p1a: Great Tusk
|-supereffective|p1a: Great Tusk
|-damage|p1a: Great Tusk|0 fnt
|faint|p1a: Great Tusk
|-end|p1a: Great Tusk|Protosynthesis|[silent]
|
|-weather|SunnyDay|[upkeep]
|upkeep
|
|t:|1757826063
|switch|p1a: Lilligant|Lilligant-Hisui, F|91/100
|turn|35
|
|t:|1757826069
|move|p1a: Lilligant|Solar Blade||[still]
|-prepare|p1a: Lilligant|Solar Blade
|-anim|p1a: Lilligant|Solar Blade|p2a: Weezing
|-resisted|p2a: Weezing
|-damage|p2a: Weezing|2/100
|-damage|p1a: Lilligant|81/100|[from] item: Life Orb
|move|p2a: Weezing|Will-O-Wisp|p1a: Lilligant
|-status|p1a: Lilligant|brn
|
|-weather|SunnyDay|[upkeep]
|-damage|p1a: Lilligant|75/100 brn|[from] brn
|upkeep
|turn|36
|
|t:|1757826082
|switch|p2a: Zapdos|Zapdos|44/100
|move|p1a: Lilligant|Solar Blade||[still]
|-prepare|p1a: Lilligant|Solar Blade
|-anim|p1a: Lilligant|Solar Blade|p2a: Zapdos
|-resisted|p2a: Zapdos
|-damage|p2a: Zapdos|25/100
|-damage|p1a: Lilligant|65/100 brn|[from] item: Life Orb
|
|-weather|SunnyDay|[upkeep]
|-damage|p1a: Lilligant|59/100 brn|[from] brn
|upkeep
|turn|37
|
|t:|1757826089
|move|p1a: Lilligant|Triple Axel|p2a: Zapdos
|-supereffective|p2a: Zapdos
|-damage|p2a: Zapdos|17/100
|-supereffective|p2a: Zapdos
|-damage|p2a: Zapdos|0 fnt
|faint|p2a: Zapdos
|-hitcount|p2: Zapdos|2
|-damage|p1a: Lilligant|49/100 brn|[from] item: Life Orb
|
|-weather|SunnyDay|[upkeep]
|-damage|p1a: Lilligant|42/100 brn|[from] brn
|upkeep
|
|t:|1757826097
|switch|p2a: Toxapex|Toxapex, M|79/100
|turn|38
|-message|DarkAngel205 forfeited.
|
|win|edollas
|raw|DarkAngel205's rating: 1325 &rarr; <strong>1309</strong><br />(-16 for losing)
|raw|edollas's rating: 1387 &rarr; <strong>1403</strong><br />(+16 for winning)
|l|☆DarkAngel205
|player|p1|
|l|☆edollas
|player|p2|
