|j|‽bigkatt96
|j|☆testingkkelvo
|t:|1757904614
|gametype|singles
|player|p1|bigkatt96|1|1127
|player|p2|testingkkelvo|169|1076
|gen|9
|tier|[Gen 9] OU
|rated|
|rule|HP Percentage Mod: HP is shown in percentages
|rule|Endless Battle Clause: Forcing endless battles is banned
|rule|Species Clause: Limit one of each Pokémon
|rule|OHKO Clause: OHKO moves are banned
|rule|Evasion Items Clause: Evasion items are banned
|rule|Evasion Moves Clause: Evasion moves are banned
|rule|Evasion Abilities Clause: Evasion abilities are banned
|rule|Sleep Moves Clause: Sleep-inducing moves are banned
|clearpoke
|poke|p1|Rhydon, M|
|poke|p1|Chansey, F|
|poke|p1|Scyther, M|
|poke|p1|Magmar, M|
|poke|p1|Magneton|
|poke|p1|Primeape, M|
|poke|p2|Tornadus-Therian, M|
|poke|p2|Hatterene, F|
|poke|p2|Great Tusk|
|poke|p2|Gholdengo|
|poke|p2|Darkrai|
|poke|p2|Iron Valiant|
|teampreview
|
|t:|1757904634
|teamsize|p1|6
|teamsize|p2|6
|start
|switch|p1a: Magneton|Magneton|100/100
|switch|p2a: Tornadus|Tornadus-Therian, M|100/100
|turn|1
|inactive|Battle timer is ON: inactive players will automatically lose when time's up. (requested by testingkkelvo)
|
|t:|1757904642
|-terastallize|p1a: Magneton|Ice
|move|p2a: Tornadus|Knock Off|p1a: Magneton
|-damage|p1a: Magneton|86/100
|-enditem|p1a: Magneton|Eviolite|[from] move: Knock Off|[of] p2a: Tornadus
|move|p1a: Magneton|Tera Blast|p2a: Tornadus|[anim] Tera Blast Ice
|-supereffective|p2a: Tornadus
|-damage|p2a: Tornadus|20/100
|
|upkeep
|turn|2
|
|t:|1757904652
|move|p2a: Tornadus|U-turn|p1a: Magneton
|-damage|p1a: Magneton|68/100
|
|t:|1757904656
|switch|p2a: Gholdengo|Gholdengo|100/100|[from] U-turn
|move|p1a: Magneton|Thunderbolt|p2a: Gholdengo
|-damage|p2a: Gholdengo|29/100
|
|upkeep
|turn|3
|
|t:|1757904666
|move|p2a: Gholdengo|Make It Rain|p1a: Magneton
|-supereffective|p1a: Magneton
|-crit|p1a: Magneton
|-damage|p1a: Magneton|0 fnt
|-unboost|p2a: Gholdengo|spa|1
|faint|p1a: Magneton
|
|upkeep
|
|t:|1757904675
|switch|p1a: Primeape|Primeape, M, shiny|100/100
|turn|4
|
|t:|1757904685
|switch|p2a: Tornadus|Tornadus-Therian, M|54/100
|move|p1a: Primeape|Bulk Up|p1a: Primeape
|-boost|p1a: Primeape|atk|1
|-boost|p1a: Primeape|def|1
|
|upkeep
|turn|5
|
|t:|1757904692
|switch|p1a: Magmar|Magmar, M|100/100
|move|p2a: Tornadus|Bleakwind Storm|p1a: Magmar
|-damage|p1a: Magmar|75/100
|
|upkeep
|turn|6
|
|t:|1757904700
|move|p2a: Tornadus|U-turn|p1a: Magmar
|-resisted|p1a: Magmar
|-damage|p1a: Magmar|69/100
|-status|p2a: Tornadus|brn|[from] ability: Flame Body|[of] p1a: Magmar
|
|t:|1757904714
|switch|p2a: Hatterene|Hatterene, F|100/100|[from] U-turn
|move|p1a: Magmar|Flamethrower|p2a: Hatterene
|-damage|p2a: Hatterene|77/100
|
|upkeep
|turn|7
|
|t:|1757904723
|move|p1a: Magmar|Flamethrower|p2a: Hatterene
|-damage|p2a: Hatterene|55/100
|move|p2a: Hatterene|Nuzzle|p1a: Magmar
|-damage|p1a: Magmar|66/100
|-status|p1a: Magmar|par
|
|upkeep
|turn|8
|
|t:|1757904730
|move|p1a: Magmar|Flamethrower|p2a: Hatterene
|-crit|p2a: Hatterene
|-damage|p2a: Hatterene|21/100
|move|p2a: Hatterene|Psychic Noise|p1a: Magmar
|-damage|p1a: Magmar|41/100 par
|-start|p1a: Magmar|move: Heal Block
|
|upkeep
|turn|9
|
|t:|1757904739
|move|p1a: Magmar|Flamethrower|p2a: Hatterene
|-damage|p2a: Hatterene|0 fnt
|faint|p2a: Hatterene
|
|-end|p1a: Magmar|move: Heal Block
|upkeep
|
|t:|1757904753
|switch|p2a: Great Tusk|Great Tusk|100/100
|-enditem|p2a: Great Tusk|Booster Energy
|-activate|p2a: Great Tusk|ability: Protosynthesis|[fromitem]
|-start|p2a: Great Tusk|protosynthesisatk
|turn|10
|
|t:|1757904760
|-terastallize|p2a: Great Tusk|Fire
|move|p2a: Great Tusk|Rapid Spin|p1a: Magmar
|-damage|p1a: Magmar|24/100 par
|-boost|p2a: Great Tusk|spe|1
|cant|p1a: Magmar|par
|
|upkeep
|turn|11
|
|t:|1757904768
|move|p2a: Great Tusk|Bulk Up|p2a: Great Tusk
|-boost|p2a: Great Tusk|atk|1
|-boost|p2a: Great Tusk|def|1
|move|p1a: Magmar|Clear Smog|p2a: Great Tusk
|-damage|p2a: Great Tusk|85/100
|-clearboost|p2a: Great Tusk
|
|upkeep
|turn|12
|
|t:|1757904776
|move|p2a: Great Tusk|Bulk Up|p2a: Great Tusk
|-boost|p2a: Great Tusk|atk|1
|-boost|p2a: Great Tusk|def|1
|cant|p1a: Magmar|par
|
|upkeep
|turn|13
|
|t:|1757904784
|move|p2a: Great Tusk|Rapid Spin|p1a: Magmar
|-damage|p1a: Magmar|2/100 par
|-boost|p2a: Great Tusk|spe|1
|move|p1a: Magmar|Clear Smog|p2a: Great Tusk
|-damage|p2a: Great Tusk|70/100
|-clearboost|p2a: Great Tusk
|
|upkeep
|turn|14
|
|t:|1757904792
|move|p2a: Great Tusk|Bulk Up|p2a: Great Tusk
|-boost|p2a: Great Tusk|atk|1
|-boost|p2a: Great Tusk|def|1
|move|p1a: Magmar|Clear Smog|p2a: Great Tusk
|-damage|p2a: Great Tusk|54/100
|-clearboost|p2a: Great Tusk
|
|upkeep
|turn|15
|
|t:|1757904801
|move|p2a: Great Tusk|Bulk Up|p2a: Great Tusk
|-boost|p2a: Great Tusk|atk|1
|-boost|p2a: Great Tusk|def|1
|move|p1a: Magmar|Clear Smog|p2a: Great Tusk
|-damage|p2a: Great Tusk|38/100
|-clearboost|p2a: Great Tusk
|
|upkeep
|turn|16
|
|t:|1757904809
|move|p2a: Great Tusk|Bulk Up|p2a: Great Tusk
|-boost|p2a: Great Tusk|atk|1
|-boost|p2a: Great Tusk|def|1
|move|p1a: Magmar|Scorching Sands|p2a: Great Tusk
|-supereffective|p2a: Great Tusk
|-damage|p2a: Great Tusk|0 fnt
|faint|p2a: Great Tusk
|-end|p2a: Great Tusk|Protosynthesis|[silent]
|
|upkeep
|
|t:|1757904817
|switch|p2a: Gholdengo|Gholdengo|29/100
|turn|17
|
|t:|1757904820
|move|p2a: Gholdengo|Shadow Ball|p1a: Magmar
|-damage|p1a: Magmar|0 fnt
|faint|p1a: Magmar
|
|upkeep
|
|t:|1757904832
|switch|p1a: Scyther|Scyther, M|100/100
|turn|18
|
|t:|1757904836
|move|p1a: Scyther|Dual Wingbeat|p2a: Gholdengo
|-resisted|p2a: Gholdengo
|-damage|p2a: Gholdengo|14/100
|-resisted|p2a: Gholdengo
|-damage|p2a: Gholdengo|0 fnt
|faint|p2a: Gholdengo
|-hitcount|p2: Gholdengo|2
|
|upkeep
|
|t:|1757904845
|switch|p2a: Tornadus|Tornadus-Therian, M|87/100 brn
|turn|19
|
|t:|1757904849
|move|p2a: Tornadus|Bleakwind Storm|p1a: Scyther
|-supereffective|p1a: Scyther
|-damage|p1a: Scyther|0 fnt
|faint|p1a: Scyther
|
|-damage|p2a: Tornadus|81/100 brn|[from] brn
|upkeep
|
|t:|1757904857
|switch|p1a: Rhydon|Rhydon, M|100/100
|turn|20
|
|t:|1757904864
|move|p2a: Tornadus|Knock Off|p1a: Rhydon
|-damage|p1a: Rhydon|96/100
|-enditem|p1a: Rhydon|Eviolite|[from] move: Knock Off|[of] p2a: Tornadus
|move|p1a: Rhydon|Curse|p1a: Rhydon
|-unboost|p1a: Rhydon|spe|1
|-boost|p1a: Rhydon|atk|1
|-boost|p1a: Rhydon|def|1
|
|-damage|p2a: Tornadus|75/100 brn|[from] brn
|upkeep
|turn|21
|
|t:|1757904874
|move|p2a: Tornadus|U-turn|p1a: Rhydon
|-damage|p1a: Rhydon|93/100
|
|t:|1757904876
|switch|p2a: Iron Valiant|Iron Valiant|100/100|[from] U-turn
|move|p1a: Rhydon|Curse|p1a: Rhydon
|-unboost|p1a: Rhydon|spe|1
|-boost|p1a: Rhydon|atk|1
|-boost|p1a: Rhydon|def|1
|
|upkeep
|turn|22
|
|t:|1757904884
|move|p2a: Iron Valiant|Focus Blast|p1a: Rhydon
|-supereffective|p1a: Rhydon
|-damage|p1a: Rhydon|0 fnt
|faint|p1a: Rhydon
|
|upkeep
|
|t:|1757904890
|switch|p1a: Chansey|Chansey, F|100/100
|turn|23
|
|t:|1757904894
|move|p2a: Iron Valiant|Focus Blast|p1a: Chansey|[miss]
|-miss|p2a: Iron Valiant|p1a: Chansey
|move|p1a: Chansey|Thunder Wave|p2a: Iron Valiant
|-status|p2a: Iron Valiant|par
|
|upkeep
|turn|24
|
|t:|1757904901
|move|p2a: Iron Valiant|Focus Blast|p1a: Chansey|[miss]
|-miss|p2a: Iron Valiant|p1a: Chansey
|move|p1a: Chansey|Seismic Toss|p2a: Iron Valiant
|-damage|p2a: Iron Valiant|66/100 par
|
|upkeep
|turn|25
|
|t:|1757904908
|-end|p2a: Iron Valiant|Quark Drive|[silent]
|switch|p2a: Tornadus|Tornadus-Therian, M|100/100 brn
|move|p1a: Chansey|Seismic Toss|p2a: Tornadus
|-damage|p2a: Tornadus|73/100 brn
|
|-damage|p2a: Tornadus|67/100 brn|[from] brn
|upkeep
|turn|26
|
|t:|1757904916
|move|p2a: Tornadus|Knock Off|p1a: Chansey
|-damage|p1a: Chansey|93/100
|-enditem|p1a: Chansey|Eviolite|[from] move: Knock Off|[of] p2a: Tornadus
|move|p1a: Chansey|Seismic Toss|p2a: Tornadus
|-damage|p2a: Tornadus|39/100 brn
|
|-damage|p2a: Tornadus|33/100 brn|[from] brn
|upkeep
|turn|27
|
|t:|1757904933
|move|p2a: Tornadus|U-turn|p1a: Chansey
|-damage|p1a: Chansey|86/100
|
|t:|1757904935
|switch|p2a: Iron Valiant|Iron Valiant|66/100 par|[from] U-turn
|move|p1a: Chansey|Seismic Toss|p2a: Iron Valiant
|-damage|p2a: Iron Valiant|31/100 par
|
|upkeep
|turn|28
|
|t:|1757904942
|cant|p2a: Iron Valiant|par
|move|p1a: Chansey|Seismic Toss|p2a: Iron Valiant
|-damage|p2a: Iron Valiant|0 fnt
|faint|p2a: Iron Valiant
|-end|p2a: Iron Valiant|Quark Drive|[silent]
|
|upkeep
|
|t:|1757904951
|switch|p2a: Darkrai|Darkrai|100/100
|turn|29
|
|t:|1757904956
|move|p2a: Darkrai|Sucker Punch||[still]
|-fail|p2a: Darkrai
|move|p1a: Chansey|Thunder Wave|p2a: Darkrai
|-status|p2a: Darkrai|par
|
|upkeep
|turn|30
|
|t:|1757904962
|move|p2a: Darkrai|Sucker Punch|p1a: Chansey
|-damage|p1a: Chansey|56/100
|-damage|p2a: Darkrai|91/100 par|[from] item: Life Orb
|move|p1a: Chansey|Seismic Toss|p2a: Darkrai
|-damage|p2a: Darkrai|55/100 par
|
|upkeep
|turn|31
|
|t:|1757904969
|move|p2a: Darkrai|Focus Blast|p1a: Chansey
|-supereffective|p1a: Chansey
|-damage|p1a: Chansey|10/100
|-damage|p2a: Darkrai|45/100 par|[from] item: Life Orb
|move|p1a: Chansey|Seismic Toss|p2a: Darkrai
|-damage|p2a: Darkrai|9/100 par
|
|upkeep
|turn|32
|
|t:|1757904978
|move|p2a: Darkrai|Dark Pulse|p1a: Chansey
|-damage|p1a: Chansey|0 fnt
|faint|p1a: Chansey
|-damage|p2a: Darkrai|0 fnt|[from] item: Life Orb
|faint|p2a: Darkrai
|
|upkeep
|
|t:|1757904985
|switch|p2a: Tornadus|Tornadus-Therian, M|66/100 brn
|switch|p1a: Primeape|Primeape, M, shiny|100/100
|turn|33
|
|t:|1757904992
|move|p2a: Tornadus|Bleakwind Storm|p1a: Primeape
|-supereffective|p1a: Primeape
|-damage|p1a: Primeape|50/100
|move|p1a: Primeape|Bulk Up|p1a: Primeape
|-boost|p1a: Primeape|atk|1
|-boost|p1a: Primeape|def|1
|
|-damage|p2a: Tornadus|60/100 brn|[from] brn
|upkeep
|turn|34
|
|t:|1757905001
|move|p2a: Tornadus|Bleakwind Storm|p1a: Primeape
|-supereffective|p1a: Primeape
|-damage|p1a: Primeape|0 fnt
|faint|p1a: Primeape
|
|win|testingkkelvo
|raw|bigkatt96's rating: 1127 &rarr; <strong>1098</strong><br />(-29 for losing)
|raw|testingkkelvo's rating: 1076 &rarr; <strong>1109</strong><br />(+33 for winning)
|l|☆testingkkelvo
|player|p2|
|l|‽bigkatt96
|player|p1|
