|j|☆zerononame
|j|☆darretyle2
|t:|1757921222
|gametype|singles
|player|p1|zerononame|chili|1480
|player|p2|darretyle2|1|1431
|gen|9
|tier|[Gen 9] OU
|rated|
|rule|HP Percentage Mod: HP is shown in percentages
|rule|Endless Battle Clause: Forcing endless battles is banned
|rule|Species Clause: Limit one of each Pokémon
|rule|OHKO Clause: OHKO moves are banned
|rule|Evasion Items Clause: Evasion items are banned
|rule|Evasion Moves Clause: Evasion moves are banned
|rule|Evasion Abilities Clause: Evasion abilities are banned
|rule|Sleep Moves Clause: Sleep-inducing moves are banned
|clearpoke
|poke|p1|Pikachu, M|
|poke|p1|Mimikyu, F|
|poke|p1|Hatterene, F|
|poke|p1|Manaphy|
|poke|p1|Salamence, F|
|poke|p1|Ursaluna, F|
|poke|p2|Zamazenta-*|
|poke|p2|Ninetales-Alola, F|
|poke|p2|Darkrai|
|poke|p2|Ceruledge, M|
|poke|p2|Gliscor, M|
|poke|p2|Hatterene, F|
|teampreview
|
|t:|1757921247
|teamsize|p1|6
|teamsize|p2|6
|start
|switch|p1a: Hatterene|Hatterene, F|100/100
|switch|p2a: Ninetales|Ninetales-Alola, F|100/100
|-weather|Snowscape|[from] ability: Snow Warning|[of] p2a: Ninetales
|turn|1
|
|t:|1757921255
|move|p2a: Ninetales|Aurora Veil|p2a: Ninetales
|-sidestart|p2: darretyle2|move: Aurora Veil
|move|p1a: Hatterene|Nuzzle|p2a: Ninetales
|-damage|p2a: Ninetales|98/100
|-status|p2a: Ninetales|par
|
|-weather|Snowscape|[upkeep]
|upkeep
|turn|2
|
|t:|1757921265
|cant|p2a: Ninetales|par
|move|p1a: Hatterene|Trick Room|p1a: Hatterene
|-fieldstart|move: Trick Room|[of] p1a: Hatterene
|
|-weather|Snowscape|[upkeep]
|upkeep
|turn|3
|
|t:|1757921276
|switch|p2a: Gliscor|Gliscor, M|100/100
|move|p1a: Hatterene|Nuzzle|p2a: Gliscor
|-immune|p2a: Gliscor
|
|-weather|Snowscape|[upkeep]
|-status|p2a: Gliscor|tox|[from] item: Toxic Orb
|upkeep
|turn|4
|
|t:|1757921284
|switch|p1a: Manaphy|Manaphy|100/100
|move|p2a: Gliscor|Swords Dance|p2a: Gliscor
|-boost|p2a: Gliscor|atk|2
|
|-weather|Snowscape|[upkeep]
|upkeep
|turn|5
|
|t:|1757921299
|-terastallize|p2a: Gliscor|Normal
|move|p1a: Manaphy|Tail Glow|p1a: Manaphy
|-boost|p1a: Manaphy|spa|3
|move|p2a: Gliscor|Facade|p1a: Manaphy
|-damage|p1a: Manaphy|22/100
|
|-weather|none
|-heal|p1a: Manaphy|28/100|[from] item: Leftovers
|upkeep
|turn|6
|
|t:|1757921304
|move|p1a: Manaphy|Scald|p2a: Gliscor
|-damage|p2a: Gliscor|47/100 tox
|move|p2a: Gliscor|Facade|p1a: Manaphy
|-damage|p1a: Manaphy|0 fnt
|faint|p1a: Manaphy
|
|-heal|p2a: Gliscor|60/100 tox|[from] ability: Poison Heal
|-fieldend|move: Trick Room
|upkeep
|
|t:|1757921321
|switch|p1a: Mimikyu|Mimikyu, F|100/100
|turn|7
|
|t:|1757921325
|move|p2a: Gliscor|Earthquake|p1a: Mimikyu
|-activate|p1a: Mimikyu|ability: Disguise
|-damage|p1a: Mimikyu|100/100
|detailschange|p1a: Mimikyu|Mimikyu-Busted, F
|-damage|p1a: Mimikyu|88/100|[from] pokemon: Mimikyu-Busted
|-enditem|p1a: Mimikyu|Red Card|[of] p2a: Gliscor
|drag|p2a: Ceruledge|Ceruledge, M|100/100
|move|p1a: Mimikyu|Trick Room|p1a: Mimikyu
|-fieldstart|move: Trick Room|[of] p1a: Mimikyu
|
|upkeep
|turn|8
|
|t:|1757921333
|switch|p1a: Ursaluna|Ursaluna, F|100/100
|move|p2a: Ceruledge|Bulk Up|p2a: Ceruledge
|-boost|p2a: Ceruledge|atk|1
|-boost|p2a: Ceruledge|def|1
|
|-sideend|p2: darretyle2|move: Aurora Veil
|-status|p1a: Ursaluna|brn|[from] item: Flame Orb
|upkeep
|turn|9
|
|t:|1757921338
|switch|p2a: Gliscor|Gliscor, M, tera:Normal|60/100 tox
|move|p1a: Ursaluna|Headlong Rush|p2a: Gliscor
|-damage|p2a: Gliscor|0 fnt
|-unboost|p1a: Ursaluna|def|1
|-unboost|p1a: Ursaluna|spd|1
|faint|p2a: Gliscor
|
|-damage|p1a: Ursaluna|94/100 brn|[from] brn
|upkeep
|
|t:|1757921344
|switch|p2a: Zamazenta|Zamazenta|100/100
|-ability|p2a: Zamazenta|Dauntless Shield|boost
|-boost|p2a: Zamazenta|def|1
|turn|10
|
|t:|1757921353
|switch|p1a: Salamence|Salamence, F|100/100
|move|p2a: Zamazenta|Iron Defense|p2a: Zamazenta
|-boost|p2a: Zamazenta|def|2
|
|upkeep
|turn|11
|
|t:|1757921362
|move|p1a: Salamence|Draco Meteor|p2a: Zamazenta
|-damage|p2a: Zamazenta|16/100
|-unboost|p1a: Salamence|spa|2
|-damage|p1a: Salamence|91/100|[from] item: Life Orb
|move|p2a: Zamazenta|Body Press|p1a: Salamence
|-resisted|p1a: Salamence
|-damage|p1a: Salamence|34/100
|
|-fieldend|move: Trick Room
|upkeep
|turn|12
|
|t:|1757921381
|switch|p1a: Mimikyu|Mimikyu-Busted, F|88/100
|move|p2a: Zamazenta|Rest|p2a: Zamazenta
|-status|p2a: Zamazenta|slp|[from] move: Rest
|-heal|p2a: Zamazenta|100/100 slp|[silent]
|-enditem|p2a: Zamazenta|Chesto Berry|[eat]
|-curestatus|p2a: Zamazenta|slp|[msg]
|
|upkeep
|turn|13
|
|t:|1757921386
|move|p2a: Zamazenta|Crunch|p1a: Mimikyu
|-damage|p1a: Mimikyu|58/100
|move|p1a: Mimikyu|Trick Room|p1a: Mimikyu
|-fieldstart|move: Trick Room|[of] p1a: Mimikyu
|
|upkeep
|turn|14
|
|t:|1757921390
|move|p1a: Mimikyu|Will-O-Wisp|p2a: Zamazenta
|-status|p2a: Zamazenta|brn
|move|p2a: Zamazenta|Crunch|p1a: Mimikyu
|-damage|p1a: Mimikyu|43/100
|
|-damage|p2a: Zamazenta|94/100 brn|[from] brn
|upkeep
|turn|15
|
|t:|1757921394
|move|p1a: Mimikyu|Curse|p2a: Zamazenta
|-start|p2a: Zamazenta|Curse|[of] p1a: Mimikyu
|-damage|p1a: Mimikyu|0 fnt
|faint|p1a: Mimikyu
|move|p2a: Zamazenta|Crunch|p1: Mimikyu|[notarget]
|-fail|p2a: Zamazenta
|
|-damage|p2a: Zamazenta|88/100 brn|[from] brn
|-damage|p2a: Zamazenta|63/100 brn|[from] Curse
|upkeep
|
|t:|1757921400
|switch|p1a: Salamence|Salamence, F|34/100
|turn|16
|
|t:|1757921409
|move|p1a: Salamence|Draco Meteor|p2a: Zamazenta
|-damage|p2a: Zamazenta|0 fnt
|-unboost|p1a: Salamence|spa|2
|faint|p2a: Zamazenta
|-ability|p1a: Salamence|Moxie|boost
|-boost|p1a: Salamence|atk|1
|-damage|p1a: Salamence|24/100|[from] item: Life Orb
|
|upkeep
|
|t:|1757921411
|switch|p2a: Ninetales|Ninetales-Alola, F|98/100 par
|-weather|Snowscape|[from] ability: Snow Warning|[of] p2a: Ninetales
|turn|17
|
|t:|1757921414
|move|p2a: Ninetales|Aurora Veil|p2a: Ninetales
|-sidestart|p2: darretyle2|move: Aurora Veil
|move|p1a: Salamence|Dual Wingbeat|p2a: Ninetales
|-damage|p2a: Ninetales|82/100 par
|-damage|p2a: Ninetales|65/100 par
|-hitcount|p2a: Ninetales|2
|-damage|p1a: Salamence|14/100|[from] item: Life Orb
|
|-weather|Snowscape|[upkeep]
|-fieldend|move: Trick Room
|upkeep
|turn|18
|
|t:|1757921421
|switch|p2a: Ceruledge|Ceruledge, M|100/100
|move|p1a: Salamence|Dual Wingbeat|p2a: Ceruledge
|-damage|p2a: Ceruledge|78/100
|-damage|p2a: Ceruledge|54/100
|-hitcount|p2a: Ceruledge|2
|-damage|p1a: Salamence|4/100|[from] item: Life Orb
|
|-weather|Snowscape|[upkeep]
|upkeep
|turn|19
|
|t:|1757921427
|move|p2a: Ceruledge|Bulk Up|p2a: Ceruledge
|-boost|p2a: Ceruledge|atk|1
|-boost|p2a: Ceruledge|def|1
|move|p1a: Salamence|Earthquake|p2a: Ceruledge
|-supereffective|p2a: Ceruledge
|-damage|p2a: Ceruledge|9/100
|-damage|p1a: Salamence|0 fnt|[from] item: Life Orb
|faint|p1a: Salamence
|
|-weather|Snowscape|[upkeep]
|upkeep
|
|t:|1757921434
|switch|p1a: Hatterene|Hatterene, F|100/100
|turn|20
|
|t:|1757921437
|move|p2a: Ceruledge|Bitter Blade|p1a: Hatterene
|-damage|p1a: Hatterene|38/100
|-heal|p2a: Ceruledge|38/100|[from] drain|[of] p1a: Hatterene
|move|p1a: Hatterene|Trick Room|p1a: Hatterene
|-fieldstart|move: Trick Room|[of] p1a: Hatterene
|
|-weather|Snowscape|[upkeep]
|upkeep
|turn|21
|
|t:|1757921442
|move|p1a: Hatterene|Nuzzle|p2a: Ceruledge
|-damage|p2a: Ceruledge|36/100
|move|p2a: Ceruledge|Bitter Blade|p1a: Hatterene
|-damage|p1a: Hatterene|0 fnt
|-heal|p2a: Ceruledge|53/100|[from] drain|[of] p1a: Hatterene
|faint|p1a: Hatterene
|
|-weather|none
|upkeep
|
|t:|1757921446
|switch|p1a: Ursaluna|Ursaluna, F|94/100 brn
|turn|22
|
|t:|1757921450
|move|p1a: Ursaluna|Headlong Rush|p2a: Ceruledge
|-supereffective|p2a: Ceruledge
|-damage|p2a: Ceruledge|0 fnt
|-unboost|p1a: Ursaluna|def|1
|-unboost|p1a: Ursaluna|spd|1
|faint|p2a: Ceruledge
|
|-damage|p1a: Ursaluna|88/100 brn|[from] brn
|upkeep
|
|t:|1757921461
|switch|p2a: Ninetales|Ninetales-Alola, F|65/100 par
|-weather|Snowscape|[from] ability: Snow Warning|[of] p2a: Ninetales
|turn|23
|
|t:|1757921464
|move|p1a: Ursaluna|Facade|p2a: Ninetales
|-damage|p2a: Ninetales|15/100 par
|move|p2a: Ninetales|Freeze-Dry|p1a: Ursaluna
|-supereffective|p1a: Ursaluna
|-damage|p1a: Ursaluna|38/100 brn
|
|-weather|Snowscape|[upkeep]
|-damage|p1a: Ursaluna|32/100 brn|[from] brn
|upkeep
|turn|24
|
|t:|1757921468
|move|p1a: Ursaluna|Facade|p2a: Ninetales
|-damage|p2a: Ninetales|0 fnt
|faint|p2a: Ninetales
|
|-weather|Snowscape|[upkeep]
|-damage|p1a: Ursaluna|26/100 brn|[from] brn
|-sideend|p2: darretyle2|move: Aurora Veil
|-fieldend|move: Trick Room
|upkeep
|
|t:|1757921474
|switch|p2a: Darkrai|Darkrai|100/100
|turn|25
|
|t:|1757921478
|move|p2a: Darkrai|Dark Pulse|p1a: Ursaluna
|-damage|p1a: Ursaluna|0 fnt
|faint|p1a: Ursaluna
|
|-weather|Snowscape|[upkeep]
|upkeep
|
|t:|1757921479
|switch|p1a: Pikachu|Pikachu, M|100/100
|turn|26
|
|t:|1757921489
|move|p2a: Darkrai|Dark Pulse|p1a: Pikachu
|-damage|p1a: Pikachu|0 fnt
|faint|p1a: Pikachu
|
|win|darretyle2
|raw|zerononame's rating: 1480 &rarr; <strong>1457</strong><br />(-23 for losing)
|raw|darretyle2's rating: 1431 &rarr; <strong>1454</strong><br />(+23 for winning)
|l|☆zerononame
|player|p1|
|l|☆darretyle2
|player|p2|
