|j|☆KingPikaPika
|j|☆Auburn Hills
|t:|1757944671
|gametype|singles
|player|p1|KingPikaPika|pokekid|1674
|player|p2|Auburn Hills|alder|1855
|gen|9
|tier|[Gen 9] OU
|rated|
|rule|HP Percentage Mod: HP is shown in percentages
|rule|Endless Battle Clause: Forcing endless battles is banned
|rule|Species Clause: Limit one of each Pokémon
|rule|OHKO Clause: OHKO moves are banned
|rule|Evasion Items Clause: Evasion items are banned
|rule|Evasion Moves Clause: Evasion moves are banned
|rule|Evasion Abilities Clause: Evasion abilities are banned
|rule|Sleep Moves Clause: Sleep-inducing moves are banned
|clearpoke
|poke|p1|Landorus-Therian, M|
|poke|p1|Clefable, M|
|poke|p1|Iron Treads|
|poke|p1|Dragapult, M|
|poke|p1|Corviknight, M|
|poke|p1|Darkrai|
|poke|p2|Iron Moth|
|poke|p2|Umbreon, F|
|poke|p2|Garchomp, F|
|poke|p2|Glimmora, F|
|poke|p2|Gholdengo|
|poke|p2|Dragonite, F|
|teampreview
|
|t:|1757944679
|teamsize|p1|6
|teamsize|p2|6
|start
|switch|p1a: Iron Treads|Iron Treads|100/100
|switch|p2a: Julia Jacklin|Glimmora, F|100/100
|-enditem|p1a: Iron Treads|Booster Energy
|-activate|p1a: Iron Treads|ability: Quark Drive|[fromitem]
|-start|p1a: Iron Treads|quarkdrivespe
|turn|1
|
|t:|1757944682
|move|p1a: Iron Treads|Earth Power|p2a: Julia Jacklin
|-supereffective|p2a: Julia Jacklin
|-enditem|p2a: Julia Jacklin|Focus Sash
|-damage|p2a: Julia Jacklin|1/100
|move|p2a: Julia Jacklin|Earth Power|p1a: Iron Treads
|-supereffective|p1a: Iron Treads
|-damage|p1a: Iron Treads|13/100
|
|upkeep
|turn|2
|
|t:|1757944685
|move|p1a: Iron Treads|Stealth Rock|p2a: Julia Jacklin
|-sidestart|p2: Auburn Hills|move: Stealth Rock
|move|p2a: Julia Jacklin|Earth Power|p1a: Iron Treads
|-supereffective|p1a: Iron Treads
|-damage|p1a: Iron Treads|0 fnt
|faint|p1a: Iron Treads
|-end|p1a: Iron Treads|Quark Drive|[silent]
|
|upkeep
|
|t:|1757944689
|switch|p1a: Darkrai|Darkrai|100/100
|turn|3
|
|t:|1757944692
|switch|p2a: Alvvays|Umbreon, F|100/100
|-damage|p2a: Alvvays|88/100|[from] Stealth Rock
|move|p1a: Darkrai|Ice Beam|p2a: Alvvays
|-damage|p2a: Alvvays|73/100
|
|-heal|p2a: Alvvays|79/100|[from] item: Leftovers
|upkeep
|turn|4
|
|t:|1757944696
|switch|p1a: Corviknight|Corviknight, M|100/100
|move|p2a: Alvvays|Thunder Wave|p1a: Corviknight
|-status|p1a: Corviknight|par
|
|-heal|p2a: Alvvays|85/100|[from] item: Leftovers
|upkeep
|turn|5
|
|t:|1757944716
|move|p2a: Alvvays|Wish|p2a: Alvvays
|move|p1a: Corviknight|Bulk Up|p1a: Corviknight
|-boost|p1a: Corviknight|atk|1
|-boost|p1a: Corviknight|def|1
|
|-heal|p2a: Alvvays|91/100|[from] item: Leftovers
|upkeep
|turn|6
|
|t:|1757944721
|switch|p2a: Smino|Gholdengo|100/100
|-damage|p2a: Smino|94/100|[from] Stealth Rock
|move|p1a: Corviknight|Bulk Up|p1a: Corviknight
|-boost|p1a: Corviknight|atk|1
|-boost|p1a: Corviknight|def|1
|
|-heal|p2a: Smino|100/100|[from] move: Wish|[wisher] Alvvays
|upkeep
|turn|7
|
|t:|1757944725
|move|p2a: Smino|Shadow Ball|p1a: Corviknight
|-damage|p1a: Corviknight|70/100 par
|move|p1a: Corviknight|Power Trip|p2a: Smino
|-supereffective|p2a: Smino
|-damage|p2a: Smino|9/100
|
|-heal|p1a: Corviknight|77/100 par|[from] item: Leftovers
|upkeep
|turn|8
|
|t:|1757944732
|move|p2a: Smino|Shadow Ball|p1a: Corviknight
|-damage|p1a: Corviknight|47/100 par
|move|p1a: Corviknight|Power Trip|p2a: Smino
|-supereffective|p2a: Smino
|-damage|p2a: Smino|0 fnt
|faint|p2a: Smino
|
|-heal|p1a: Corviknight|53/100 par|[from] item: Leftovers
|upkeep
|
|t:|1757944737
|switch|p2a: Carly Rae|Iron Moth|100/100
|-damage|p2a: Carly Rae|76/100|[from] Stealth Rock
|-enditem|p2a: Carly Rae|Booster Energy
|-activate|p2a: Carly Rae|ability: Quark Drive|[fromitem]
|-start|p2a: Carly Rae|quarkdrivespe
|turn|9
|
|t:|1757944741
|move|p2a: Carly Rae|Fiery Dance|p1a: Corviknight
|-supereffective|p1a: Corviknight
|-damage|p1a: Corviknight|0 fnt
|-boost|p2a: Carly Rae|spa|1
|faint|p1a: Corviknight
|
|upkeep
|inactive|Battle timer is ON: inactive players will automatically lose when time's up. (requested by Auburn Hills)
|
|t:|1757944752
|switch|p1a: Landorus|Landorus-Therian, M|100/100
|-ability|p1a: Landorus|Intimidate|boost
|-unboost|p2a: Carly Rae|atk|1
|turn|10
|
|t:|1757944755
|move|p2a: Carly Rae|Fiery Dance|p1a: Landorus
|-damage|p1a: Landorus|41/100
|-boost|p2a: Carly Rae|spa|1
|move|p1a: Landorus|Earthquake|p2a: Carly Rae
|-supereffective|p2a: Carly Rae
|-damage|p2a: Carly Rae|0 fnt
|faint|p2a: Carly Rae
|-end|p2a: Carly Rae|Quark Drive|[silent]
|
|-heal|p1a: Landorus|47/100|[from] item: Leftovers
|upkeep
|
|t:|1757944759
|switch|p2a: Elucid|Dragonite, F|100/100
|turn|11
|
|t:|1757944776
|switch|p1a: Clefable|Clefable, M|100/100
|move|p2a: Elucid|Ice Spinner|p1a: Clefable
|-damage|p1a: Clefable|76/100
|
|-heal|p1a: Clefable|82/100|[from] item: Leftovers
|upkeep
|turn|12
|
|t:|1757944783
|move|p2a: Elucid|Dragon Dance|p2a: Elucid
|-boost|p2a: Elucid|atk|1
|-boost|p2a: Elucid|spe|1
|move|p1a: Clefable|Moonblast|p2a: Elucid
|-supereffective|p2a: Elucid
|-damage|p2a: Elucid|67/100
|
|-heal|p1a: Clefable|88/100|[from] item: Leftovers
|upkeep
|turn|13
|
|t:|1757944788
|-terastallize|p2a: Elucid|Normal
|move|p2a: Elucid|Extreme Speed|p1a: Clefable
|-damage|p1a: Clefable|54/100
|move|p1a: Clefable|Cosmic Power|p1a: Clefable
|-boost|p1a: Clefable|def|1
|-boost|p1a: Clefable|spd|1
|
|-heal|p1a: Clefable|60/100|[from] item: Leftovers
|upkeep
|turn|14
|c|☆Auburn Hills|gg
|
|t:|1757944798
|switch|p2a: Alvvays|Umbreon, F|91/100
|-damage|p2a: Alvvays|78/100|[from] Stealth Rock
|move|p1a: Clefable|Moonlight|p1a: Clefable
|-heal|p1a: Clefable|100/100
|
|-heal|p2a: Alvvays|84/100|[from] item: Leftovers
|upkeep
|turn|15
|c|☆KingPikaPika|gg
|
|t:|1757944805
|switch|p1a: Landorus|Landorus-Therian, M|47/100
|-ability|p1a: Landorus|Intimidate|boost
|-fail|p2a: Alvvays|unboost|Attack|[from] ability: Inner Focus|[of] p2a: Alvvays
|move|p2a: Alvvays|Thunder Wave|p1a: Landorus
|-immune|p1a: Landorus
|
|-heal|p1a: Landorus|53/100|[from] item: Leftovers
|-heal|p2a: Alvvays|91/100|[from] item: Leftovers
|upkeep
|turn|16
|inactive|Auburn Hills has 120 seconds left.
|
|t:|1757944836
|switch|p1a: Darkrai|Darkrai|100/100
|move|p2a: Alvvays|Foul Play|p1a: Darkrai
|-resisted|p1a: Darkrai
|-damage|p1a: Darkrai|85/100
|
|-heal|p2a: Alvvays|97/100|[from] item: Leftovers
|upkeep
|turn|17
|
|t:|1757944840
|switch|p2a: Julia Jacklin|Glimmora, F|1/100
|-damage|p2a: Julia Jacklin|0 fnt|[from] Stealth Rock
|faint|p2a: Julia Jacklin
|move|p1a: Darkrai|Trick|p2: Julia Jacklin|[notarget]
|-fail|p1a: Darkrai
|
|upkeep
|
|t:|1757944844
|switch|p2a: Elucid|Dragonite, F, tera:Normal|67/100
|turn|18
|
|t:|1757944850
|switch|p1a: Dragapult|Dragapult, M|100/100
|move|p2a: Elucid|Ice Spinner|p1a: Dragapult
|-supereffective|p1a: Dragapult
|-damage|p1a: Dragapult|23/100
|
|upkeep
|turn|19
|
|t:|1757944857
|move|p1a: Dragapult|Reflect|p1a: Dragapult
|-sidestart|p1: KingPikaPika|Reflect
|move|p2a: Elucid|Ice Spinner|p1a: Dragapult
|-supereffective|p1a: Dragapult
|-damage|p1a: Dragapult|0 fnt
|faint|p1a: Dragapult
|
|upkeep
|
|t:|1757944861
|switch|p1a: Landorus|Landorus-Therian, M|53/100
|-ability|p1a: Landorus|Intimidate|boost
|-unboost|p2a: Elucid|atk|1
|turn|20
|
|t:|1757944868
|-terastallize|p1a: Landorus|Water
|move|p1a: Landorus|Bulk Up|p1a: Landorus
|-boost|p1a: Landorus|atk|1
|-boost|p1a: Landorus|def|1
|move|p2a: Elucid|Ice Spinner|p1a: Landorus
|-resisted|p1a: Landorus
|-damage|p1a: Landorus|49/100
|
|-heal|p1a: Landorus|55/100|[from] item: Leftovers
|upkeep
|turn|21
|-message|Auburn Hills forfeited.
|
|win|KingPikaPika
|raw|KingPikaPika's rating: 1674 &rarr; <strong>1704</strong><br />(+30 for winning)
|raw|Auburn Hills's rating: 1855 &rarr; <strong>1825</strong><br />(-30 for losing)
|l|☆Auburn Hills
|player|p2|
|l|☆KingPikaPika
|player|p1|
