|j|☆dinosfrog
|j|☆frankjob
|t:|1757788316
|gametype|singles
|player|p1|dinosfrog|ethan|1413
|player|p2|frankjob|cheren|1386
|gen|9
|tier|[Gen 9] OU
|rated|
|rule|HP Percentage Mod: HP is shown in percentages
|rule|Endless Battle Clause: Forcing endless battles is banned
|rule|Species Clause: Limit one of each Pokémon
|rule|OHKO Clause: OHKO moves are banned
|rule|Evasion Items Clause: Evasion items are banned
|rule|Evasion Moves Clause: Evasion moves are banned
|rule|Evasion Abilities Clause: Evasion abilities are banned
|rule|Sleep Moves Clause: Sleep-inducing moves are banned
|clearpoke
|poke|p1|Mimikyu, M|
|poke|p1|Dragonite, F|
|poke|p1|Great Tusk|
|poke|p1|Serperior, M|
|poke|p1|Primarina, F|
|poke|p1|Cinderace, M|
|poke|p2|Ursaluna, F|
|poke|p2|Carbink|
|poke|p2|Cresselia, F|
|poke|p2|Kingambit, M|
|poke|p2|Hatterene, F|
|poke|p2|Raging Bolt|
|teampreview
|inactive|Battle timer is ON: inactive players will automatically lose when time's up. (requested by frankjob)
|
|t:|1757788354
|teamsize|p1|6
|teamsize|p2|6
|start
|switch|p1a: Primarina|Primarina, F|100/100
|switch|p2a: Carbink|Carbink|100/100
|turn|1
|
|t:|1757788361
|move|p1a: Primarina|Alluring Voice|p2a: Carbink
|-damage|p2a: Carbink|70/100
|-enditem|p1a: Primarina|Throat Spray
|-boost|p1a: Primarina|spa|1|[from] item: Throat Spray
|move|p2a: Carbink|Trick Room|p2a: Carbink
|-fieldstart|move: Trick Room|[of] p2a: Carbink
|
|upkeep
|turn|2
|
|t:|1757788367
|move|p2a: Carbink|Stealth Rock|p1a: Primarina
|-sidestart|p1: dinosfrog|move: Stealth Rock
|move|p1a: Primarina|Surf|p2a: Carbink
|-supereffective|p2a: Carbink
|-damage|p2a: Carbink|0 fnt
|faint|p2a: Carbink
|
|upkeep
|
|t:|1757788394
|switch|p2a: Raging Bolt|Raging Bolt|100/100
|-enditem|p2a: Raging Bolt|Booster Energy
|-activate|p2a: Raging Bolt|ability: Protosynthesis|[fromitem]
|-start|p2a: Raging Bolt|protosynthesisspa
|turn|3
|
|t:|1757788400
|switch|p1a: Great Tusk|Great Tusk|100/100
|-damage|p1a: Great Tusk|98/100|[from] Stealth Rock
|move|p2a: Raging Bolt|Dragon Pulse|p1a: Great Tusk
|-damage|p1a: Great Tusk|0 fnt
|faint|p1a: Great Tusk
|-end|p1a: Great Tusk|Protosynthesis|[silent]
|
|upkeep
|
|t:|1757788405
|switch|p1a: Echo|Mimikyu, M, shiny|100/100
|-damage|p1a: Echo|88/100|[from] Stealth Rock
|turn|4
|c|☆dinosfrog|Nice
|
|t:|1757788415
|move|p2a: Raging Bolt|Thunderbolt|p1a: Echo
|-activate|p1a: Echo|ability: Disguise
|-damage|p1a: Echo|88/100
|detailschange|p1a: Echo|Mimikyu-Busted, M, shiny
|-damage|p1a: Echo|76/100|[from] pokemon: Mimikyu-Busted
|move|p1a: Echo|Curse|p2a: Raging Bolt
|-start|p2a: Raging Bolt|Curse|[of] p1a: Echo
|-damage|p1a: Echo|26/100
|-enditem|p1a: Echo|Sitrus Berry|[eat]
|-heal|p1a: Echo|50/100|[from] item: Sitrus Berry
|
|-damage|p2a: Raging Bolt|76/100|[from] Curse
|upkeep
|turn|5
|
|t:|1757788427
|move|p1a: Echo|Shadow Sneak|p2a: Raging Bolt
|-damage|p2a: Raging Bolt|66/100
|move|p2a: Raging Bolt|Volt Switch|p1a: Echo
|-damage|p1a: Echo|0 fnt
|faint|p1a: Echo
|
|t:|1757788437
|-end|p2a: Raging Bolt|Protosynthesis|[silent]
|switch|p2a: Hatterene|Hatterene, F|100/100|[from] Volt Switch
|
|-fieldend|move: Trick Room
|upkeep
|
|t:|1757788440
|switch|p1a: Cinderace|Cinderace, M|100/100
|turn|6
|
|t:|1757788446
|move|p1a: Cinderace|Court Change|p1a: Cinderace
|-start|p1a: Cinderace|typechange|Normal|[from] ability: Libero
|-swapsideconditions
|-activate|p1a: Cinderace|move: Court Change
|move|p2a: Hatterene|Trick Room|p2a: Hatterene
|-fieldstart|move: Trick Room|[of] p2a: Hatterene
|
|upkeep
|turn|7
|
|t:|1757788452
|move|p2a: Hatterene|Psyshock|p1a: Cinderace
|-damage|p1a: Cinderace|22/100
|move|p1a: Cinderace|U-turn|p2a: Hatterene
|-damage|p2a: Hatterene|73/100
|
|t:|1757788459
|switch|p1a: Dragonite|Dragonite, F|100/100|[from] U-turn
|
|upkeep
|turn|8
|
|t:|1757788463
|move|p2a: Hatterene|Dazzling Gleam|p1a: Dragonite
|-supereffective|p1a: Dragonite
|-damage|p1a: Dragonite|61/100
|-enditem|p1a: Dragonite|Weakness Policy
|-boost|p1a: Dragonite|atk|2|[from] item: Weakness Policy
|-boost|p1a: Dragonite|spa|2|[from] item: Weakness Policy
|move|p1a: Dragonite|Flamethrower|p2a: Hatterene
|-damage|p2a: Hatterene|25/100
|
|upkeep
|turn|9
|
|t:|1757788475
|move|p1a: Dragonite|Extreme Speed|p2a: Hatterene
|-damage|p2a: Hatterene|0 fnt
|faint|p2a: Hatterene
|
|upkeep
|inactive|frankjob has 120 seconds left.
|
|t:|1757788503
|switch|p2a: Raging Bolt|Raging Bolt|66/100
|-damage|p2a: Raging Bolt|54/100|[from] Stealth Rock
|turn|10
|
|t:|1757788508
|move|p1a: Dragonite|Extreme Speed|p2a: Raging Bolt
|-damage|p2a: Raging Bolt|7/100
|move|p2a: Raging Bolt|Thunderbolt|p1a: Dragonite
|-damage|p1a: Dragonite|17/100
|
|-fieldend|move: Trick Room
|upkeep
|turn|11
|
|t:|1757788517
|move|p1a: Dragonite|Extreme Speed|p2a: Raging Bolt
|-damage|p2a: Raging Bolt|0 fnt
|faint|p2a: Raging Bolt
|-end|p2a: Raging Bolt|Protosynthesis|[silent]
|
|upkeep
|
|t:|1757788521
|switch|p2a: Cresselia|Cresselia, F|100/100
|-damage|p2a: Cresselia|88/100|[from] Stealth Rock
|turn|12
|
|t:|1757788528
|move|p1a: Dragonite|Scale Shot|p2a: Cresselia
|-damage|p2a: Cresselia|74/100
|-damage|p2a: Cresselia|60/100
|-hitcount|p2a: Cresselia|2
|-unboost|p1a: Dragonite|def|1
|-boost|p1a: Dragonite|spe|1
|move|p2a: Cresselia|Ice Beam|p1a: Dragonite
|-supereffective|p1a: Dragonite
|-damage|p1a: Dragonite|0 fnt
|faint|p1a: Dragonite
|
|upkeep
|
|t:|1757788539
|switch|p1a: Serperior|Serperior, M|100/100
|turn|13
|
|t:|1757788546
|move|p1a: Serperior|Glare|p2a: Cresselia
|-status|p2a: Cresselia|par
|move|p2a: Cresselia|Trick Room|p2a: Cresselia
|-fieldstart|move: Trick Room|[of] p2a: Cresselia
|
|upkeep
|turn|14
|
|t:|1757788553
|switch|p2a: Kingambit|Kingambit, M|100/100
|-damage|p2a: Kingambit|94/100|[from] Stealth Rock
|-activate|p2a: Kingambit|ability: Supreme Overlord
|-start|p2a: Kingambit|fallen3|[silent]
|move|p1a: Serperior|Substitute|p1a: Serperior
|-start|p1a: Serperior|Substitute
|-damage|p1a: Serperior|76/100
|
|-heal|p1a: Serperior|82/100|[from] item: Leftovers
|upkeep
|turn|15
|
|t:|1757788564
|move|p2a: Kingambit|Kowtow Cleave|p1a: Serperior
|-end|p1a: Serperior|Substitute
|move|p1a: Serperior|Substitute|p1a: Serperior
|-start|p1a: Serperior|Substitute
|-damage|p1a: Serperior|57/100
|
|-heal|p1a: Serperior|63/100|[from] item: Leftovers
|upkeep
|turn|16
|
|t:|1757788571
|move|p2a: Kingambit|Kowtow Cleave|p1a: Serperior
|-end|p1a: Serperior|Substitute
|move|p1a: Serperior|Substitute|p1a: Serperior
|-start|p1a: Serperior|Substitute
|-damage|p1a: Serperior|39/100
|
|-heal|p1a: Serperior|45/100|[from] item: Leftovers
|upkeep
|turn|17
|
|t:|1757788578
|move|p2a: Kingambit|Kowtow Cleave|p1a: Serperior
|-end|p1a: Serperior|Substitute
|move|p1a: Serperior|Leaf Storm|p2a: Kingambit
|-resisted|p2a: Kingambit
|-damage|p2a: Kingambit|71/100
|-boost|p1a: Serperior|spa|2
|
|-heal|p1a: Serperior|51/100|[from] item: Leftovers
|-fieldend|move: Trick Room
|upkeep
|turn|18
|
|t:|1757788587
|move|p1a: Serperior|Glare|p2a: Kingambit
|-status|p2a: Kingambit|par
|move|p2a: Kingambit|Kowtow Cleave|p1a: Serperior
|-damage|p1a: Serperior|0 fnt
|faint|p1a: Serperior
|
|upkeep
|
|t:|1757788590
|switch|p1a: Primarina|Primarina, F|100/100
|turn|19
|
|t:|1757788598
|move|p1a: Primarina|Surf|p2a: Kingambit
|-damage|p2a: Kingambit|20/100 par
|move|p2a: Kingambit|Iron Head|p1a: Primarina
|-damage|p1a: Primarina|31/100
|
|upkeep
|turn|20
|
|t:|1757788605
|move|p2a: Kingambit|Sucker Punch|p1a: Primarina
|-resisted|p1a: Primarina
|-damage|p1a: Primarina|0 fnt
|faint|p1a: Primarina
|
|upkeep
|
|t:|1757788606
|switch|p1a: Cinderace|Cinderace, M|22/100
|turn|21
|
|t:|1757788611
|move|p2a: Kingambit|Sucker Punch|p1a: Cinderace
|-damage|p1a: Cinderace|0 fnt
|faint|p1a: Cinderace
|
|win|frankjob
|raw|dinosfrog's rating: 1413 &rarr; <strong>1391</strong><br />(-22 for losing)
|raw|frankjob's rating: 1386 &rarr; <strong>1408</strong><br />(+22 for winning)
|l|☆dinosfrog
|player|p1|
