|j|☆datcau
|j|☆dragoknight1113
|t:|1757917522
|gametype|singles
|player|p1|datcau|101|1147
|player|p2|dragoknight1113|102|1098
|gen|9
|tier|[Gen 9] OU
|rated|
|rule|HP Percentage Mod: HP is shown in percentages
|rule|Endless Battle Clause: Forcing endless battles is banned
|rule|Species Clause: Limit one of each Pokémon
|rule|OHKO Clause: OHKO moves are banned
|rule|Evasion Items Clause: Evasion items are banned
|rule|Evasion Moves Clause: Evasion moves are banned
|rule|Evasion Abilities Clause: Evasion abilities are banned
|rule|Sleep Moves Clause: Sleep-inducing moves are banned
|clearpoke
|poke|p1|Great Tusk|
|poke|p1|Tyranitar, F|
|poke|p1|Skarmory, F|
|poke|p1|Enamorus, F|
|poke|p1|Florges, F|
|poke|p1|Dragonite, F|
|poke|p2|Alomomola, F|
|poke|p2|Ting-Lu|
|poke|p2|Kingambit, F|
|poke|p2|Gholdengo|
|poke|p2|Great Tusk|
|poke|p2|Raging Bolt|
|teampreview
|
|t:|1757917538
|teamsize|p1|6
|teamsize|p2|6
|start
|switch|p1a: Skarmory|Skarmory, F|100/100
|switch|p2a: Great Tusk|Great Tusk, shiny|100/100
|turn|1
|
|t:|1757917548
|move|p2a: Great Tusk|Stealth Rock|p1a: Skarmory
|-sidestart|p1: datcau|move: Stealth Rock
|move|p1a: Skarmory|Stealth Rock|p2a: Great Tusk
|-sidestart|p2: dragoknight1113|move: Stealth Rock
|
|upkeep
|turn|2
|
|t:|1757917554
|move|p2a: Great Tusk|Rapid Spin|p1a: Skarmory
|-resisted|p1a: Skarmory
|-damage|p1a: Skarmory|96/100
|-boost|p2a: Great Tusk|spe|1
|-sideend|p2: dragoknight1113|Stealth Rock|[from] move: Rapid Spin|[of] p2a: Great Tusk
|move|p1a: Skarmory|Whirlwind|p2a: Great Tusk
|-end|p2a: Great Tusk|Protosynthesis|[silent]
|drag|p2a: Ting-Lu|Ting-Lu|100/100
|-ability|p2a: Ting-Lu|Vessel of Ruin
|
|-heal|p1a: Skarmory|100/100|[from] item: Leftovers
|upkeep
|turn|3
|
|t:|1757917572
|move|p1a: Skarmory|Stealth Rock|p2a: Ting-Lu
|-sidestart|p2: dragoknight1113|move: Stealth Rock
|move|p2a: Ting-Lu|Spikes|p1a: Skarmory
|-sidestart|p1: datcau|Spikes
|
|upkeep
|turn|4
|
|t:|1757917577
|move|p1a: Skarmory|Spikes|p2a: Ting-Lu
|-sidestart|p2: dragoknight1113|Spikes
|move|p2a: Ting-Lu|Ruination|p1a: Skarmory
|-damage|p1a: Skarmory|50/100
|
|-heal|p1a: Skarmory|56/100|[from] item: Leftovers
|upkeep
|turn|5
|
|t:|1757917585
|switch|p2a: Great Tusk|Great Tusk, shiny|100/100
|move|p1a: Skarmory|Roost|p1a: Skarmory
|-heal|p1a: Skarmory|100/100
|-singleturn|p1a: Skarmory|move: Roost
|
|upkeep
|turn|6
|
|t:|1757917595
|move|p2a: Great Tusk|Rapid Spin|p1a: Skarmory
|-resisted|p1a: Skarmory
|-damage|p1a: Skarmory|95/100
|-boost|p2a: Great Tusk|spe|1
|-sideend|p2: dragoknight1113|Spikes|[from] move: Rapid Spin|[of] p2a: Great Tusk
|-sideend|p2: dragoknight1113|Stealth Rock|[from] move: Rapid Spin|[of] p2a: Great Tusk
|move|p1a: Skarmory|Whirlwind|p2a: Great Tusk
|-end|p2a: Great Tusk|Protosynthesis|[silent]
|drag|p2a: Ting-Lu|Ting-Lu|100/100
|-ability|p2a: Ting-Lu|Vessel of Ruin
|
|-heal|p1a: Skarmory|100/100|[from] item: Leftovers
|upkeep
|turn|7
|
|t:|1757917608
|move|p1a: Skarmory|Spikes|p2a: Ting-Lu
|-sidestart|p2: dragoknight1113|Spikes
|move|p2a: Ting-Lu|Spikes|p1a: Skarmory
|-sidestart|p1: datcau|Spikes
|
|upkeep
|turn|8
|
|t:|1757917616
|move|p2a: Ting-Lu|Spikes|p1a: Skarmory
|-sidestart|p1: datcau|Spikes
|move|p1a: Skarmory|Whirlwind|p2a: Ting-Lu
|drag|p2a: Gholdengo|Gholdengo|100/100
|-item|p2a: Gholdengo|Air Balloon
|
|upkeep
|turn|9
|
|t:|1757917632
|move|p2a: Gholdengo|Nasty Plot|p2a: Gholdengo
|-boost|p2a: Gholdengo|spa|2
|move|p1a: Skarmory|Stealth Rock|p2a: Gholdengo
|-sidestart|p2: dragoknight1113|move: Stealth Rock
|
|upkeep
|turn|10
|
|t:|1757917646
|move|p2a: Gholdengo|Shadow Ball|p1a: Skarmory
|-damage|p1a: Skarmory|5/100
|move|p1a: Skarmory|Whirlwind|p2a: Gholdengo
|-immune|p2a: Gholdengo|[from] ability: Good as Gold
|
|-heal|p1a: Skarmory|11/100|[from] item: Leftovers
|upkeep
|turn|11
|
|t:|1757917656
|move|p2a: Gholdengo|Nasty Plot|p2a: Gholdengo
|-boost|p2a: Gholdengo|spa|2
|move|p1a: Skarmory|Roost|p1a: Skarmory
|-heal|p1a: Skarmory|61/100
|-singleturn|p1a: Skarmory|move: Roost
|
|-heal|p1a: Skarmory|67/100|[from] item: Leftovers
|upkeep
|turn|12
|
|t:|1757917672
|move|p2a: Gholdengo|Shadow Ball|p1a: Skarmory
|-damage|p1a: Skarmory|0 fnt
|faint|p1a: Skarmory
|
|upkeep
|
|t:|1757917682
|switch|p1a: Great Tusk|Great Tusk|100/100
|-damage|p1a: Great Tusk|98/100|[from] Stealth Rock
|-damage|p1a: Great Tusk|73/100|[from] Spikes
|turn|13
|
|t:|1757917690
|move|p2a: Gholdengo|Shadow Ball|p1a: Great Tusk
|-damage|p1a: Great Tusk|0 fnt
|faint|p1a: Great Tusk
|-end|p1a: Great Tusk|Protosynthesis|[silent]
|
|upkeep
|
|t:|1757917695
|switch|p1a: Florges|Florges, F|100/100
|-damage|p1a: Florges|88/100|[from] Stealth Rock
|-damage|p1a: Florges|64/100|[from] Spikes
|turn|14
|
|t:|1757917705
|move|p1a: Florges|Protect|p1a: Florges
|-singleturn|p1a: Florges|Protect
|move|p2a: Gholdengo|Make It Rain|p1a: Florges
|-activate|p1a: Florges|move: Protect
|
|-heal|p1a: Florges|69/100|[from] item: Leftovers
|upkeep
|turn|15
|
|t:|1757917713
|move|p2a: Gholdengo|Make It Rain|p1a: Florges
|-supereffective|p1a: Florges
|-damage|p1a: Florges|0 fnt
|-unboost|p2a: Gholdengo|spa|1
|faint|p1a: Florges
|
|upkeep
|-message|datcau forfeited.
|
|win|dragoknight1113
|raw|datcau's rating: 1147 &rarr; <strong>1118</strong><br />(-29 for losing)
|raw|dragoknight1113's rating: 1098 &rarr; <strong>1127</strong><br />(+29 for winning)
|l|☆datcau
|player|p1|
|l|☆dragoknight1113
|player|p2|
