|j|☆ouku bakuza
|j|☆BettyLaBonita
|t:|1757829534
|gametype|singles
|player|p1|ouku bakuza|266|1527
|player|p2|BettyLaBonita|2|1580
|gen|9
|tier|[Gen 9] OU
|rated|
|rule|HP Percentage Mod: HP is shown in percentages
|rule|Endless Battle Clause: Forcing endless battles is banned
|rule|Species Clause: Limit one of each Pokémon
|rule|OHKO Clause: OHKO moves are banned
|rule|Evasion Items Clause: Evasion items are banned
|rule|Evasion Moves Clause: Evasion moves are banned
|rule|Evasion Abilities Clause: Evasion abilities are banned
|rule|Sleep Moves Clause: Sleep-inducing moves are banned
|clearpoke
|poke|p1|Great Tusk|
|poke|p1|Dragonite, M|
|poke|p1|Gholdengo|
|poke|p1|Iron Treads|
|poke|p1|Rotom-Wash|
|poke|p1|Iron Valiant|
|poke|p2|Darkrai|
|poke|p2|Ogerpon-Cornerstone, F|
|poke|p2|Great Tusk|
|poke|p2|Kyurem|
|poke|p2|Primarina, F|
|poke|p2|Dragonite, M|
|teampreview
|j| Jakub666
|l| Jakub666
|inactive|Battle timer is ON: inactive players will automatically lose when time's up. (requested by ouku bakuza)
|
|t:|1757829567
|teamsize|p1|6
|teamsize|p2|6
|start
|switch|p1a: Iron Treads|Iron Treads|100/100
|switch|p2a: Ogerpon|Ogerpon-Cornerstone, F|100/100
|-enditem|p1a: Iron Treads|Booster Energy
|-activate|p1a: Iron Treads|ability: Quark Drive|[fromitem]
|-start|p1a: Iron Treads|quarkdrivespe
|turn|1
|
|t:|1757829574
|move|p1a: Iron Treads|Iron Head|p2a: Ogerpon
|-supereffective|p2a: Ogerpon
|-ability|p2a: Ogerpon|Sturdy
|-damage|p2a: Ogerpon|1/100
|move|p2a: Ogerpon|Low Kick|p1a: Iron Treads
|-supereffective|p1a: Iron Treads
|-damage|p1a: Iron Treads|8/100
|
|upkeep
|turn|2
|
|t:|1757829590
|move|p1a: Iron Treads|Iron Head|p2a: Ogerpon
|-supereffective|p2a: Ogerpon
|-damage|p2a: Ogerpon|0 fnt
|faint|p2a: Ogerpon
|
|upkeep
|
|t:|1757829594
|switch|p2a: Dragonite|Dragonite, M|100/100
|turn|3
|
|t:|1757829607
|move|p2a: Dragonite|Extreme Speed|p1a: Iron Treads
|-resisted|p1a: Iron Treads
|-damage|p1a: Iron Treads|0 fnt
|faint|p1a: Iron Treads
|-end|p1a: Iron Treads|Quark Drive|[silent]
|
|upkeep
|
|t:|1757829610
|switch|p1a: Rotom|Rotom-Wash|100/100
|turn|4
|inactive|BettyLaBonita has 120 seconds left.
|
|t:|1757829643
|switch|p2a: Darkrai|Darkrai|100/100
|move|p1a: Rotom|Trick|p2a: Darkrai
|-activate|p1a: Rotom|move: Trick|[of] p2a: Darkrai
|-item|p2a: Darkrai|Choice Scarf|[from] move: Trick
|-item|p1a: Rotom|Choice Scarf|[from] move: Trick
|
|upkeep
|turn|5
|inactive|BettyLaBonita has 120 seconds left.
|
|t:|1757829658
|move|p2a: Darkrai|Psychic|p1a: Rotom
|-damage|p1a: Rotom|64/100
|move|p1a: Rotom|Volt Switch|p2a: Darkrai
|-damage|p2a: Darkrai|65/100
|
|t:|1757829667
|switch|p1a: van gho|Gholdengo|100/100|[from] Volt Switch
|
|upkeep
|turn|6
|
|t:|1757829676
|switch|p2a: Primarina|Primarina, F|100/100
|move|p1a: van gho|Nasty Plot|p1a: van gho
|-boost|p1a: van gho|spa|2
|
|upkeep
|turn|7
|
|t:|1757829686
|move|p1a: van gho|Make It Rain|p2a: Primarina
|-damage|p2a: Primarina|37/100
|-unboost|p1a: van gho|spa|1
|move|p2a: Primarina|Surf|p1a: van gho
|-damage|p1a: van gho|49/100
|
|-heal|p1a: van gho|55/100|[from] item: Leftovers
|upkeep
|turn|8
|
|t:|1757829695
|move|p1a: van gho|Make It Rain|p2a: Primarina
|-damage|p2a: Primarina|0 fnt
|-unboost|p1a: van gho|spa|1
|faint|p2a: Primarina
|
|-heal|p1a: van gho|61/100|[from] item: Leftovers
|upkeep
|
|t:|1757829705
|switch|p2a: Great Tusk|Great Tusk|100/100
|turn|9
|
|t:|1757829709
|move|p2a: Great Tusk|Headlong Rush|p1a: van gho
|-supereffective|p1a: van gho
|-damage|p1a: van gho|0 fnt
|-unboost|p2a: Great Tusk|def|1
|-unboost|p2a: Great Tusk|spd|1
|faint|p1a: van gho
|
|upkeep
|
|t:|1757829722
|switch|p1a: good horns|Great Tusk|100/100
|-enditem|p1a: good horns|Booster Energy
|-activate|p1a: good horns|ability: Protosynthesis|[fromitem]
|-start|p1a: good horns|protosynthesisatk
|turn|10
|
|t:|1757829731
|move|p2a: Great Tusk|Headlong Rush|p1a: good horns
|-damage|p1a: good horns|53/100
|-unboost|p2a: Great Tusk|def|1
|-unboost|p2a: Great Tusk|spd|1
|move|p1a: good horns|Rapid Spin|p2a: Great Tusk
|-damage|p2a: Great Tusk|63/100
|-boost|p1a: good horns|spe|1
|
|upkeep
|turn|11
|
|t:|1757829746
|move|p1a: good horns|Ice Spinner|p2a: Great Tusk
|-supereffective|p2a: Great Tusk
|-damage|p2a: Great Tusk|0 fnt
|faint|p2a: Great Tusk
|-end|p2a: Great Tusk|Protosynthesis|[silent]
|
|upkeep
|
|t:|1757829752
|switch|p2a: Darkrai|Darkrai|65/100
|turn|12
|
|t:|1757829760
|move|p2a: Darkrai|Psychic|p1a: good horns
|-supereffective|p1a: good horns
|-damage|p1a: good horns|0 fnt
|faint|p1a: good horns
|-end|p1a: good horns|Protosynthesis|[silent]
|
|upkeep
|
|t:|1757829770
|switch|p1a: Dragonite|Dragonite, M|100/100
|turn|13
|
|t:|1757829776
|switch|p2a: Dragonite|Dragonite, M|100/100
|move|p1a: Dragonite|Dragon Dance|p1a: Dragonite
|-boost|p1a: Dragonite|atk|1
|-boost|p1a: Dragonite|spe|1
|
|upkeep
|turn|14
|
|t:|1757829783
|move|p1a: Dragonite|Dragon Claw|p2a: Dragonite
|-supereffective|p2a: Dragonite
|-damage|p2a: Dragonite|28/100
|move|p2a: Dragonite|Scale Shot|p1a: Dragonite
|-supereffective|p1a: Dragonite
|-damage|p1a: Dragonite|86/100
|-supereffective|p1a: Dragonite
|-damage|p1a: Dragonite|52/100
|-supereffective|p1a: Dragonite
|-damage|p1a: Dragonite|18/100
|-supereffective|p1a: Dragonite
|-damage|p1a: Dragonite|0 fnt
|faint|p1a: Dragonite
|-hitcount|p1: Dragonite|4
|-unboost|p2a: Dragonite|def|1
|-boost|p2a: Dragonite|spe|1
|
|upkeep
|
|t:|1757829790
|switch|p1a: Iron Valiant|Iron Valiant|100/100
|-enditem|p1a: Iron Valiant|Booster Energy
|-activate|p1a: Iron Valiant|ability: Quark Drive|[fromitem]
|-start|p1a: Iron Valiant|quarkdrivespe
|turn|15
|
|t:|1757829797
|move|p2a: Dragonite|Extreme Speed|p1a: Iron Valiant
|-damage|p1a: Iron Valiant|60/100
|move|p1a: Iron Valiant|Knock Off|p2a: Dragonite
|-damage|p2a: Dragonite|0 fnt
|-enditem|p2a: Dragonite|Loaded Dice|[from] move: Knock Off|[of] p1a: Iron Valiant
|faint|p2a: Dragonite
|
|upkeep
|
|t:|1757829806
|switch|p2a: Darkrai|Darkrai|65/100
|turn|16
|
|t:|1757829814
|move|p2a: Darkrai|Psychic|p1a: Iron Valiant
|-supereffective|p1a: Iron Valiant
|-damage|p1a: Iron Valiant|0 fnt
|faint|p1a: Iron Valiant
|-end|p1a: Iron Valiant|Quark Drive|[silent]
|
|upkeep
|
|t:|1757829816
|switch|p1a: Rotom|Rotom-Wash|64/100
|turn|17
|
|t:|1757829820
|move|p2a: Darkrai|Psychic|p1a: Rotom
|-damage|p1a: Rotom|31/100
|move|p1a: Rotom|Volt Switch|p2a: Darkrai
|-damage|p2a: Darkrai|25/100
|
|upkeep
|turn|18
|
|t:|1757829823
|move|p2a: Darkrai|Psychic|p1a: Rotom
|-damage|p1a: Rotom|0 fnt
|faint|p1a: Rotom
|
|win|BettyLaBonita
|raw|ouku bakuza's rating: 1527 &rarr; <strong>1511</strong><br />(-16 for losing)
|raw|BettyLaBonita's rating: 1598 &rarr; <strong>1614</strong><br />(+16 for winning)
|l|☆ouku bakuza
|player|p1|
|l|☆BettyLaBonita
|player|p2|
