|j|☆Qwilfishler
|j|‽Itswinefri
|t:|1757799105
|gametype|singles
|player|p1|Qwilfishler|fisherman-gen4|1463
|player|p2|Itswinefri|cynthia|1407
|gen|9
|tier|[Gen 9] OU
|rated|
|rule|HP Percentage Mod: HP is shown in percentages
|rule|Endless Battle Clause: Forcing endless battles is banned
|rule|Species Clause: Limit one of each Pokémon
|rule|OHKO Clause: OHKO moves are banned
|rule|Evasion Items Clause: Evasion items are banned
|rule|Evasion Moves Clause: Evasion moves are banned
|rule|Evasion Abilities Clause: Evasion abilities are banned
|rule|Sleep Moves Clause: Sleep-inducing moves are banned
|clearpoke
|poke|p1|Iron Valiant|
|poke|p1|Slowking-Galar, M|
|poke|p1|Alomomola, F|
|poke|p1|Scizor, M|
|poke|p1|Mandibuzz, F|
|poke|p1|Tyranitar, F|
|poke|p2|Hippowdon, M|
|poke|p2|Excadrill, M|
|poke|p2|Hydrapple, F|
|poke|p2|Tornadus-Therian, M|
|poke|p2|Heatran, F|
|poke|p2|Dragapult, M|
|teampreview
|
|t:|1757799139
|teamsize|p1|6
|teamsize|p2|6
|start
|switch|p1a: Slowking|Slowking-Galar, M|100/100
|switch|p2a: Hydrapple|Hydrapple, F|100/100
|turn|1
|
|t:|1757799148
|switch|p2a: Heatran|Heatran, F, shiny|100/100
|move|p1a: Slowking|Ice Beam|p2a: Heatran
|-resisted|p2a: Heatran
|-damage|p2a: Heatran|96/100
|
|-heal|p2a: Heatran|100/100|[from] item: Leftovers
|upkeep
|turn|2
|
|t:|1757799177
|switch|p1a: Alomomola|Alomomola, F|100/100
|move|p2a: Heatran|Taunt|p1a: Alomomola
|-start|p1a: Alomomola|move: Taunt
|
|upkeep
|turn|3
|
|t:|1757799186
|switch|p2a: Hydrapple|Hydrapple, F|100/100
|move|p1a: Alomomola|Flip Turn|p2a: Hydrapple
|-resisted|p2a: Hydrapple
|-damage|p2a: Hydrapple|98/100
|
|t:|1757799196
|switch|p1a: Slowking|Slowking-Galar, M|100/100|[from] Flip Turn
|
|upkeep
|turn|4
|
|t:|1757799206
|switch|p2a: Heatran|Heatran, F, shiny|100/100
|move|p1a: Slowking|Future Sight|p2a: Heatran
|-start|p1a: Slowking|move: Future Sight
|
|upkeep
|turn|5
|
|t:|1757799215
|switch|p1a: Alomomola|Alomomola, F|100/100
|move|p2a: Heatran|Taunt|p1a: Alomomola
|-start|p1a: Alomomola|move: Taunt
|
|upkeep
|turn|6
|
|t:|1757799225
|switch|p2a: Tornadus|Tornadus-Therian, M, shiny|100/100
|move|p1a: Alomomola|Flip Turn|p2a: Tornadus
|-damage|p2a: Tornadus|83/100
|
|t:|1757799246
|switch|p1a: Tyranitar|Tyranitar, F|100/100|[from] Flip Turn
|-weather|Sandstorm|[from] ability: Sand Stream|[of] p1a: Tyranitar
|
|-weather|Sandstorm|[upkeep]
|-damage|p2a: Tornadus|77/100|[from] Sandstorm
|-end|p2a: Tornadus|move: Future Sight
|-damage|p2a: Tornadus|38/100
|upkeep
|turn|7
|
|t:|1757799257
|move|p2a: Tornadus|U-turn|p1a: Tyranitar
|-supereffective|p1a: Tyranitar
|-damage|p1a: Tyranitar|80/100
|
|t:|1757799261
|switch|p2a: Heatran|Heatran, F, shiny|100/100|[from] U-turn
|move|p1a: Tyranitar|Knock Off|p2a: Heatran
|-damage|p2a: Heatran|61/100
|-enditem|p2a: Heatran|Leftovers|[from] move: Knock Off|[of] p1a: Tyranitar
|
|-weather|Sandstorm|[upkeep]
|-heal|p1a: Tyranitar|86/100|[from] item: Leftovers
|upkeep
|turn|8
|
|t:|1757799280
|switch|p1a: Alomomola|Alomomola, F|100/100
|move|p2a: Heatran|Magma Storm|p1a: Alomomola|[miss]
|-miss|p2a: Heatran|p1a: Alomomola
|
|-weather|Sandstorm|[upkeep]
|-damage|p1a: Alomomola|94/100|[from] Sandstorm
|upkeep
|turn|9
|
|t:|1757799290
|switch|p2a: Hydrapple|Hydrapple, F|100/100
|move|p1a: Alomomola|Flip Turn|p2a: Hydrapple
|-resisted|p2a: Hydrapple
|-damage|p2a: Hydrapple|97/100
|
|t:|1757799311
|switch|p1a: Iron Valiant|Iron Valiant|100/100|[from] Flip Turn
|
|-weather|Sandstorm|[upkeep]
|-damage|p1a: Iron Valiant|94/100|[from] Sandstorm
|-damage|p2a: Hydrapple|91/100|[from] Sandstorm
|upkeep
|turn|10
|
|t:|1757799318
|switch|p2a: Heatran|Heatran, F, shiny|61/100
|move|p1a: Iron Valiant|Moonblast|p2a: Heatran
|-resisted|p2a: Heatran
|-damage|p2a: Heatran|52/100
|-unboost|p2a: Heatran|spa|1
|
|-weather|none
|upkeep
|turn|11
|
|t:|1757799331
|-end|p1a: Iron Valiant|Quark Drive|[silent]
|switch|p1a: Alomomola|Alomomola, F|100/100
|switch|p2a: Hydrapple|Hydrapple, F|100/100
|
|upkeep
|turn|12
|
|t:|1757799337
|switch|p1a: Slowking|Slowking-Galar, M|100/100
|move|p2a: Hydrapple|Nasty Plot|p2a: Hydrapple
|-boost|p2a: Hydrapple|spa|2
|
|upkeep
|turn|13
|
|t:|1757799345
|move|p2a: Hydrapple|Earth Power|p1a: Slowking
|-supereffective|p1a: Slowking
|-damage|p1a: Slowking|35/100
|move|p1a: Slowking|Ice Beam|p2a: Hydrapple
|-supereffective|p2a: Hydrapple
|-damage|p2a: Hydrapple|0 fnt
|faint|p2a: Hydrapple
|
|upkeep
|
|t:|1757799360
|switch|p2a: Dragapult|Dragapult, M, shiny|100/100
|turn|14
|
|t:|1757799366
|switch|p1a: Tyranitar|Tyranitar, F|86/100
|-weather|Sandstorm|[from] ability: Sand Stream|[of] p1a: Tyranitar
|move|p2a: Dragapult|U-turn|p1a: Tyranitar
|-supereffective|p1a: Tyranitar
|-damage|p1a: Tyranitar|61/100
|
|t:|1757799376
|switch|p2a: Excadrill|Excadrill, M, shiny|100/100|[from] U-turn
|
|-weather|Sandstorm|[upkeep]
|-heal|p1a: Tyranitar|67/100|[from] item: Leftovers
|upkeep
|turn|15
|
|t:|1757799383
|switch|p1a: Mandibuzz|Mandibuzz, F|100/100
|move|p2a: Excadrill|Swords Dance|p2a: Excadrill
|-boost|p2a: Excadrill|atk|2
|
|-weather|Sandstorm|[upkeep]
|upkeep
|turn|16
|
|t:|1757799394
|move|p2a: Excadrill|Iron Head|p1a: Mandibuzz
|-damage|p1a: Mandibuzz|49/100
|move|p1a: Mandibuzz|Foul Play|p2a: Excadrill
|-damage|p2a: Excadrill|0 fnt
|faint|p2a: Excadrill
|
|-weather|Sandstorm|[upkeep]
|upkeep
|-message|Itswinefri forfeited.
|
|win|Qwilfishler
|raw|Qwilfishler's rating: 1463 &rarr; <strong>1480</strong><br />(+17 for winning)
|raw|Itswinefri's rating: 1407 &rarr; <strong>1390</strong><br />(-17 for losing)
|l|‽Itswinefri
|player|p2|
