|j|☆MAGAboominGOOCH
|j|☆mr.yifi
|t:|1757938462
|gametype|singles
|player|p1|MAGAboominGOOCH|supernerd|1096
|player|p2|mr.yifi|265|1133
|gen|9
|tier|[Gen 9] OU
|rated|
|rule|HP Percentage Mod: HP is shown in percentages
|rule|Endless Battle Clause: Forcing endless battles is banned
|rule|Species Clause: Limit one of each Pokémon
|rule|OHKO Clause: OHKO moves are banned
|rule|Evasion Items Clause: Evasion items are banned
|rule|Evasion Moves Clause: Evasion moves are banned
|rule|Evasion Abilities Clause: Evasion abilities are banned
|rule|Sleep Moves Clause: Sleep-inducing moves are banned
|clearpoke
|poke|p1|Kleavor, F|
|poke|p1|Cloyster, F|
|poke|p1|Toxtricity-Low-Key, M|
|poke|p1|Salamence, M|
|poke|p1|Charizard, M|
|poke|p1|Delphox, M|
|poke|p2|Garganacl, M|
|poke|p2|Bronzong|
|poke|p2|Landorus-Therian, M|
|poke|p2|Alomomola, F|
|poke|p2|Blaziken, F|
|poke|p2|Dragapult, F|
|teampreview
|inactive|Battle timer is ON: inactive players will automatically lose when time's up. (requested by mr.yifi)
|
|t:|1757938482
|teamsize|p1|6
|teamsize|p2|6
|start
|switch|p1a: PeekABoo|Cloyster, F|100/100
|switch|p2a: Dragapult|Dragapult, F|100/100
|turn|1
|
|t:|1757938492
|move|p2a: Dragapult|Dragon Darts|p1a: PeekABoo
|-damage|p1a: PeekABoo|72/100
|-anim|p2a: Dragapult|Dragon Darts|p1a: PeekABoo
|-crit|p1a: PeekABoo
|-damage|p1a: PeekABoo|25/100
|-damage|p2a: Dragapult|91/100|[from] item: Life Orb
|move|p1a: PeekABoo|Shell Smash|p1a: PeekABoo
|-unboost|p1a: PeekABoo|def|1
|-unboost|p1a: PeekABoo|spd|1
|-boost|p1a: PeekABoo|atk|2
|-boost|p1a: PeekABoo|spa|2
|-boost|p1a: PeekABoo|spe|2
|
|upkeep
|turn|2
|
|t:|1757938510
|switch|p2a: Blaziken|Blaziken, F|100/100
|move|p1a: PeekABoo|Icicle Spear|p2a: Blaziken
|-resisted|p2a: Blaziken
|-damage|p2a: Blaziken|84/100
|-resisted|p2a: Blaziken
|-damage|p2a: Blaziken|68/100
|-resisted|p2a: Blaziken
|-damage|p2a: Blaziken|51/100
|-resisted|p2a: Blaziken
|-damage|p2a: Blaziken|35/100
|-resisted|p2a: Blaziken
|-crit|p2a: Blaziken
|-damage|p2a: Blaziken|13/100
|-hitcount|p2a: Blaziken|5
|
|upkeep
|turn|3
|
|t:|1757938524
|move|p1a: PeekABoo|Shell Smash|p1a: PeekABoo
|-unboost|p1a: PeekABoo|def|1
|-unboost|p1a: PeekABoo|spd|1
|-boost|p1a: PeekABoo|atk|2
|-boost|p1a: PeekABoo|spa|2
|-boost|p1a: PeekABoo|spe|2
|move|p2a: Blaziken|Close Combat|p1a: PeekABoo
|-supereffective|p1a: PeekABoo
|-damage|p1a: PeekABoo|0 fnt
|-unboost|p2a: Blaziken|def|1
|-unboost|p2a: Blaziken|spd|1
|faint|p1a: PeekABoo
|
|-ability|p2a: Blaziken|Speed Boost|boost
|-boost|p2a: Blaziken|spe|1
|upkeep
|
|t:|1757938536
|switch|p1a: Charizaza|Charizard, M|100/100
|turn|4
|
|t:|1757938541
|move|p1a: Charizaza|Flamethrower|p2a: Blaziken
|-resisted|p2a: Blaziken
|-damage|p2a: Blaziken|0 fnt
|faint|p2a: Blaziken
|
|upkeep
|
|t:|1757938549
|switch|p2a: Landorus|Landorus-Therian, M|100/100
|-ability|p2a: Landorus|Intimidate|boost
|-unboost|p1a: Charizaza|atk|1
|turn|5
|
|t:|1757938553
|switch|p1a: Delpharm|Delphox, M|100/100
|move|p2a: Landorus|Stealth Rock|p1a: Delpharm
|-sidestart|p1: MAGAboominGOOCH|move: Stealth Rock
|
|upkeep
|turn|6
|
|t:|1757938560
|move|p1a: Delpharm|Sunny Day|p1a: Delpharm
|-weather|SunnyDay
|move|p2a: Landorus|Earthquake|p1a: Delpharm
|-supereffective|p1a: Delpharm
|-damage|p1a: Delpharm|0 fnt
|faint|p1a: Delpharm
|
|-weather|SunnyDay|[upkeep]
|upkeep
|
|t:|1757938564
|switch|p1a: Charizaza|Charizard, M|100/100
|-damage|p1a: Charizaza|51/100|[from] Stealth Rock
|turn|7
|
|t:|1757938575
|move|p1a: Charizaza|Flamethrower|p2a: Landorus
|-crit|p2a: Landorus
|-damage|p2a: Landorus|0 fnt
|faint|p2a: Landorus
|
|-weather|SunnyDay|[upkeep]
|-damage|p1a: Charizaza|38/100|[from] ability: Solar Power|[of] p1a: Charizaza
|upkeep
|c|☆mr.yifi|wow
|c|☆mr.yifi|he crits
|
|t:|1757938584
|switch|p2a: Garganacl|Garganacl, M|100/100
|turn|8
|
|t:|1757938588
|-terastallize|p1a: Charizaza|Fire
|move|p1a: Charizaza|Flamethrower|p2a: Garganacl
|-resisted|p2a: Garganacl
|-crit|p2a: Garganacl
|-damage|p2a: Garganacl|3/100
|move|p2a: Garganacl|Salt Cure|p1a: Charizaza
|-supereffective|p1a: Charizaza
|-damage|p1a: Charizaza|2/100
|-start|p1a: Charizaza|Salt Cure
|
|-weather|SunnyDay|[upkeep]
|-damage|p1a: Charizaza|0 fnt|[from] ability: Solar Power|[of] p1a: Charizaza
|faint|p1a: Charizaza
|-heal|p2a: Garganacl|9/100|[from] item: Leftovers
|upkeep
|c|☆mr.yifi|HE CRITS TWICE
|c|☆mr.yifi|jesus
|
|t:|1757938608
|switch|p1a: Aura|Salamence, M|100/100
|-damage|p1a: Aura|76/100|[from] Stealth Rock
|turn|9
|
|t:|1757938619
|move|p1a: Aura|Dragon Dance|p1a: Aura
|-boost|p1a: Aura|atk|1
|-boost|p1a: Aura|spe|1
|move|p2a: Garganacl|Recover|p2a: Garganacl
|-heal|p2a: Garganacl|59/100
|
|-weather|SunnyDay|[upkeep]
|-heal|p2a: Garganacl|66/100|[from] item: Leftovers
|upkeep
|turn|10
|
|t:|1757938631
|move|p1a: Aura|Earthquake|p2a: Garganacl
|-supereffective|p2a: Garganacl
|-crit|p2a: Garganacl
|-damage|p2a: Garganacl|0 fnt
|faint|p2a: Garganacl
|-ability|p1a: Aura|Moxie|boost
|-boost|p1a: Aura|atk|1
|
|-weather|SunnyDay|[upkeep]
|upkeep
|c|☆mr.yifi|bro wtf
|c|☆mr.yifi|3 crits
|c|☆mr.yifi|get fucked
|
|t:|1757938642
|switch|p2a: Alomomola|Alomomola, F|100/100
|turn|11
|c|☆MAGAboominGOOCH|yo these crits are ridiculous
|c|☆MAGAboominGOOCH|pretty unfair imo
|c|☆mr.yifi|very upset right now
|c|☆MAGAboominGOOCH|v stupid game
|c|☆mr.yifi|ill get over it hahaha
|inactive|MAGAboominGOOCH has 120 seconds left.
|c|☆MAGAboominGOOCH|this literally happens to me last game i got crit 3 times by a guy
|c|☆MAGAboominGOOCH|so i feel ur pain bud sorey
|c|☆mr.yifi|oh im sure youll do it again
|
|t:|1757938692
|move|p1a: Aura|Dual Wingbeat|p2a: Alomomola
|-damage|p2a: Alomomola|65/100
|-damage|p2a: Alomomola|28/100
|-hitcount|p2a: Alomomola|2
|move|p2a: Alomomola|Blizzard|p1a: Aura
|-supereffective|p1a: Aura
|-damage|p1a: Aura|0 fnt
|faint|p1a: Aura
|-damage|p2a: Alomomola|18/100|[from] item: Life Orb
|
|-weather|SunnyDay|[upkeep]
|upkeep
|c|☆mr.yifi|lets see
|c|☆mr.yifi|thakn fuck
|inactive|MAGAboominGOOCH has 90 seconds left.
|c|☆MAGAboominGOOCH|lands the blizzard hell yeah
|
|t:|1757938718
|switch|p1a: Toxtricity|Toxtricity-Low-Key, M|100/100
|-damage|p1a: Toxtricity|88/100|[from] Stealth Rock
|turn|12
|
|t:|1757938728
|move|p1a: Toxtricity|Volt Switch|p2a: Alomomola
|-supereffective|p2a: Alomomola
|-damage|p2a: Alomomola|0 fnt
|faint|p2a: Alomomola
|
|t:|1757938732
|switch|p1a: Kleaveana|Kleavor, F|100/100|[from] Volt Switch
|-damage|p1a: Kleaveana|76/100|[from] Stealth Rock
|
|-weather|SunnyDay|[upkeep]
|upkeep
|
|t:|1757938744
|switch|p2a: Bronzong|Bronzong|100/100
|turn|13
|
|t:|1757938752
|-terastallize|p2a: Bronzong|Steel
|move|p1a: Kleaveana|Stone Axe|p2a: Bronzong|[miss]
|-miss|p1a: Kleaveana|p2a: Bronzong
|move|p2a: Bronzong|Charge Beam|p1a: Kleaveana
|-damage|p1a: Kleaveana|49/100
|-boost|p2a: Bronzong|spa|1
|-damage|p2a: Bronzong|91/100|[from] item: Life Orb
|
|-weather|none
|upkeep
|turn|14
|
|t:|1757938756
|move|p1a: Kleaveana|Close Combat|p2a: Bronzong
|-supereffective|p2a: Bronzong
|-damage|p2a: Bronzong|12/100
|-unboost|p1a: Kleaveana|def|1
|-unboost|p1a: Kleaveana|spd|1
|move|p2a: Bronzong|Flash Cannon|p1a: Kleaveana
|-supereffective|p1a: Kleaveana
|-damage|p1a: Kleaveana|0 fnt
|faint|p1a: Kleaveana
|-damage|p2a: Bronzong|2/100|[from] item: Life Orb
|
|upkeep
|inactive|MAGAboominGOOCH has 120 seconds left.
|
|t:|1757938767
|switch|p1a: Toxtricity|Toxtricity-Low-Key, M|88/100
|-damage|p1a: Toxtricity|76/100|[from] Stealth Rock
|turn|15
|
|t:|1757938770
|move|p1a: Toxtricity|Snarl|p2a: Bronzong
|-damage|p2a: Bronzong|0 fnt
|faint|p2a: Bronzong
|
|upkeep
|
|t:|1757938773
|switch|p2a: Dragapult|Dragapult, F|91/100
|turn|16
|c|☆MAGAboominGOOCH|gg wp !
|
|t:|1757938780
|move|p1a: Toxtricity|Snarl|p2a: Dragapult
|-supereffective|p2a: Dragapult
|-damage|p2a: Dragapult|13/100
|-unboost|p2a: Dragapult|spa|1
|move|p2a: Dragapult|Dragon Darts|p1a: Toxtricity
|-damage|p1a: Toxtricity|18/100
|-anim|p2a: Dragapult|Dragon Darts|p1a: Toxtricity
|-damage|p1a: Toxtricity|0 fnt
|faint|p1a: Toxtricity
|-damage|p2a: Dragapult|3/100|[from] item: Life Orb
|
|win|mr.yifi
