|j|☆Pokemon of Color
|j|☆Southside Mike
|t:|1757915092
|gametype|singles
|player|p1|Pokemon of Color|265|1435
|player|p2|Southside Mike|rocketgrunt|1485
|gen|9
|tier|[Gen 9] OU
|rated|
|rule|HP Percentage Mod: HP is shown in percentages
|rule|Endless Battle Clause: Forcing endless battles is banned
|rule|Species Clause: Limit one of each Pokémon
|rule|OHKO Clause: OHKO moves are banned
|rule|Evasion Items Clause: Evasion items are banned
|rule|Evasion Moves Clause: Evasion moves are banned
|rule|Evasion Abilities Clause: Evasion abilities are banned
|rule|Sleep Moves Clause: Sleep-inducing moves are banned
|clearpoke
|poke|p1|Noivern, M|
|poke|p1|Great Tusk|
|poke|p1|Ceruledge, M|
|poke|p1|Articuno-Galar|
|poke|p1|Goodra-Hisui, F|
|poke|p1|Cloyster, F|
|poke|p2|Deoxys-Speed|
|poke|p2|Hoopa-Unbound|
|poke|p2|Manaphy|
|poke|p2|Iron Valiant|
|poke|p2|Ursaluna, M|
|poke|p2|Cinderace, F|
|teampreview
|inactive|Battle timer is ON: inactive players will automatically lose when time's up. (requested by Southside Mike)
|
|t:|1757915099
|teamsize|p1|6
|teamsize|p2|6
|start
|switch|p1a: Ceruledge|Ceruledge, M|100/100
|switch|p2a: Deoxys|Deoxys-Speed|100/100
|-ability|p2a: Deoxys|Pressure
|turn|1
|
|t:|1757915107
|move|p2a: Deoxys|Reflect|p2a: Deoxys
|-sidestart|p2: Southside Mike|Reflect
|move|p1a: Ceruledge|Bitter Blade|p2a: Deoxys
|-damage|p2a: Deoxys|72/100
|
|upkeep
|turn|2
|
|t:|1757915133
|switch|p1a: Noivern|Noivern, M|100/100
|move|p2a: Deoxys|Taunt|p1a: Noivern
|-start|p1a: Noivern|move: Taunt
|
|upkeep
|turn|3
|
|t:|1757915158
|move|p2a: Deoxys|Light Screen|p2a: Deoxys
|-sidestart|p2: Southside Mike|move: Light Screen
|move|p1a: Noivern|Boomburst|p2a: Deoxys
|-damage|p2a: Deoxys|23/100
|-enditem|p1a: Noivern|Throat Spray
|-boost|p1a: Noivern|spa|1|[from] item: Throat Spray
|
|upkeep
|turn|4
|
|t:|1757915166
|switch|p2a: Hoopa|Hoopa-Unbound|100/100
|move|p1a: Noivern|Boomburst|p2a: Hoopa
|-damage|p2a: Hoopa|71/100
|
|-end|p1a: Noivern|move: Taunt
|upkeep
|turn|5
|
|t:|1757915185
|switch|p1a: Goodra|Goodra-Hisui, F|100/100
|move|p2a: Hoopa|Psychic Noise|p1a: Goodra
|-resisted|p1a: Goodra
|-damage|p1a: Goodra|89/100
|-start|p1a: Goodra|move: Heal Block
|
|upkeep
|turn|6
|inactive|Southside Mike has 120 seconds left.
|
|t:|1757915217
|switch|p1a: Great Tusk|Great Tusk|100/100
|move|p2a: Hoopa|Drain Punch|p1a: Great Tusk
|-damage|p1a: Great Tusk|81/100
|-heal|p2a: Hoopa|81/100|[from] drain|[of] p1a: Great Tusk
|
|upkeep
|turn|7
|inactive|Southside Mike has 120 seconds left.
|
|t:|1757915233
|switch|p2a: Iron Valiant|Iron Valiant|100/100
|-enditem|p2a: Iron Valiant|Booster Energy
|-activate|p2a: Iron Valiant|ability: Quark Drive|[fromitem]
|-start|p2a: Iron Valiant|quarkdrivespe
|move|p1a: Great Tusk|Brick Break|p2a: Iron Valiant
|-sideend|p2: Southside Mike|Reflect
|-sideend|p2: Southside Mike|move: Light Screen
|-resisted|p2a: Iron Valiant
|-damage|p2a: Iron Valiant|74/100
|
|upkeep
|turn|8
|
|t:|1757915251
|-end|p1a: Great Tusk|Protosynthesis|[silent]
|switch|p1a: Articuno|Articuno-Galar|100/100
|move|p2a: Iron Valiant|Moonblast|p1a: Articuno
|-damage|p1a: Articuno|58/100
|
|upkeep
|turn|9
|inactive|Southside Mike has 120 seconds left.
|
|t:|1757915268
|-end|p2a: Iron Valiant|Quark Drive|[silent]
|switch|p2a: Hoopa|Hoopa-Unbound|81/100
|move|p1a: Articuno|Air Slash|p2a: Hoopa
|-damage|p2a: Hoopa|65/100
|
|upkeep
|turn|10
|
|t:|1757915283
|switch|p1a: Ceruledge|Ceruledge, M|100/100
|move|p2a: Hoopa|Psychic Noise|p1a: Ceruledge
|-damage|p1a: Ceruledge|50/100
|-start|p1a: Ceruledge|move: Heal Block
|
|upkeep
|turn|11
|inactive|Southside Mike has 120 seconds left.
|
|t:|1757915293
|switch|p2a: Ursaluna|Ursaluna, M|100/100
|move|p1a: Ceruledge|Close Combat|p2a: Ursaluna
|-supereffective|p2a: Ursaluna
|-damage|p2a: Ursaluna|39/100
|-unboost|p1a: Ceruledge|def|1
|-unboost|p1a: Ceruledge|spd|1
|
|-end|p1a: Ceruledge|move: Heal Block
|-status|p2a: Ursaluna|brn|[from] item: Flame Orb
|upkeep
|turn|12
|inactive|Southside Mike has 120 seconds left.
|
|t:|1757915312
|move|p1a: Ceruledge|Close Combat|p2a: Ursaluna
|-supereffective|p2a: Ursaluna
|-damage|p2a: Ursaluna|0 fnt
|-unboost|p1a: Ceruledge|def|1
|-unboost|p1a: Ceruledge|spd|1
|faint|p2a: Ursaluna
|
|upkeep
|
|t:|1757915322
|switch|p2a: Manaphy|Manaphy|100/100
|turn|13
|
|t:|1757915332
|move|p2a: Manaphy|Scald|p1a: Ceruledge
|-supereffective|p1a: Ceruledge
|-damage|p1a: Ceruledge|0 fnt
|faint|p1a: Ceruledge
|
|upkeep
|inactive|Pokemon of Color has 120 seconds left.
|
|t:|1757915349
|switch|p1a: Cloyster|Cloyster, F|100/100
|turn|14
|
|t:|1757915353
|move|p2a: Manaphy|Acid Armor|p2a: Manaphy
|-boost|p2a: Manaphy|def|2
|move|p1a: Cloyster|Shell Smash|p1a: Cloyster
|-unboost|p1a: Cloyster|def|1
|-unboost|p1a: Cloyster|spd|1
|-boost|p1a: Cloyster|atk|2
|-boost|p1a: Cloyster|spa|2
|-boost|p1a: Cloyster|spe|2
|-enditem|p1a: Cloyster|White Herb
|-clearnegativeboost|p1a: Cloyster|[silent]
|
|upkeep
|turn|15
|
|t:|1757915365
|-terastallize|p1a: Cloyster|Electric
|move|p1a: Cloyster|Tera Blast|p2a: Manaphy|[anim] Tera Blast Electric
|-supereffective|p2a: Manaphy
|-damage|p2a: Manaphy|37/100
|move|p2a: Manaphy|Acid Armor|p2a: Manaphy
|-boost|p2a: Manaphy|def|2
|
|-heal|p2a: Manaphy|43/100|[from] item: Leftovers
|upkeep
|turn|16
|
|t:|1757915383
|-terastallize|p2a: Manaphy|Fairy
|move|p1a: Cloyster|Tera Blast|p2a: Manaphy|[anim] Tera Blast Electric
|-damage|p2a: Manaphy|23/100
|move|p2a: Manaphy|Scald|p1a: Cloyster
|-damage|p1a: Cloyster|40/100
|-status|p1a: Cloyster|brn
|
|-heal|p2a: Manaphy|29/100|[from] item: Leftovers
|-damage|p1a: Cloyster|34/100 brn|[from] brn
|upkeep
|turn|17
|
|t:|1757915396
|move|p1a: Cloyster|Icicle Spear|p2a: Manaphy
|-damage|p2a: Manaphy|26/100
|-damage|p2a: Manaphy|23/100
|-damage|p2a: Manaphy|20/100
|-damage|p2a: Manaphy|16/100
|-damage|p2a: Manaphy|12/100
|-hitcount|p2a: Manaphy|5
|move|p2a: Manaphy|Scald|p1a: Cloyster
|-damage|p1a: Cloyster|0 fnt
|faint|p1a: Cloyster
|
|-heal|p2a: Manaphy|19/100|[from] item: Leftovers
|upkeep
|inactive|Pokemon of Color has 120 seconds left.
|
|t:|1757915412
|switch|p1a: Noivern|Noivern, M|100/100
|turn|18
|
|t:|1757915419
|move|p1a: Noivern|Boomburst|p2a: Manaphy
|-damage|p2a: Manaphy|0 fnt
|faint|p2a: Manaphy
|
|upkeep
|
|t:|1757915423
|switch|p2a: Deoxys|Deoxys-Speed|23/100
|-ability|p2a: Deoxys|Pressure
|turn|19
|
|t:|1757915428
|move|p2a: Deoxys|Light Screen|p2a: Deoxys
|-sidestart|p2: Southside Mike|move: Light Screen
|move|p1a: Noivern|Boomburst|p2a: Deoxys
|-damage|p2a: Deoxys|0 fnt
|faint|p2a: Deoxys
|
|upkeep
|
|t:|1757915438
|switch|p2a: Hoopa|Hoopa-Unbound|65/100
|turn|20
|
|t:|1757915443
|move|p1a: Noivern|Boomburst|p2a: Hoopa
|-damage|p2a: Hoopa|44/100
|move|p2a: Hoopa|Psychic Noise|p1a: Noivern
|-damage|p1a: Noivern|35/100
|-start|p1a: Noivern|move: Heal Block
|
|upkeep
|turn|21
|
|t:|1757915453
|switch|p1a: Goodra|Goodra-Hisui, F|89/100
|move|p2a: Hoopa|Psychic Noise|p1a: Goodra
|-resisted|p1a: Goodra
|-damage|p1a: Goodra|76/100
|-start|p1a: Goodra|move: Heal Block
|
|upkeep
|turn|22
|
|t:|1757915467
|switch|p1a: Articuno|Articuno-Galar|58/100
|move|p2a: Hoopa|Psychic Noise|p1a: Articuno
|-resisted|p1a: Articuno
|-damage|p1a: Articuno|34/100
|-start|p1a: Articuno|move: Heal Block
|
|upkeep
|turn|23
|
|t:|1757915479
|move|p1a: Articuno|Calm Mind|p1a: Articuno
|-boost|p1a: Articuno|spa|1
|-boost|p1a: Articuno|spd|1
|move|p2a: Hoopa|Thunderbolt|p1a: Articuno
|-supereffective|p1a: Articuno
|-damage|p1a: Articuno|0 fnt
|faint|p1a: Articuno
|
|upkeep
|
|t:|1757915488
|switch|p1a: Great Tusk|Great Tusk|81/100
|turn|24
|
|t:|1757915496
|switch|p2a: Cinderace|Cinderace, F|100/100
|move|p1a: Great Tusk|Headlong Rush|p2a: Cinderace
|-supereffective|p2a: Cinderace
|-damage|p2a: Cinderace|0 fnt
|-unboost|p1a: Great Tusk|def|1
|-unboost|p1a: Great Tusk|spd|1
|faint|p2a: Cinderace
|
|upkeep
|
|t:|1757915504
|switch|p2a: Iron Valiant|Iron Valiant|74/100
|turn|25
|
|t:|1757915517
|-end|p1a: Great Tusk|Protosynthesis|[silent]
|switch|p1a: Goodra|Goodra-Hisui, F|76/100
|move|p2a: Iron Valiant|Moonblast|p1a: Goodra
|-damage|p1a: Goodra|56/100
|
|upkeep
|turn|26
|
|t:|1757915529
|switch|p1a: Noivern|Noivern, M|35/100
|move|p2a: Iron Valiant|Close Combat|p1a: Noivern
|-resisted|p1a: Noivern
|-damage|p1a: Noivern|0 fnt
|-unboost|p2a: Iron Valiant|def|1
|-unboost|p2a: Iron Valiant|spd|1
|faint|p1a: Noivern
|
|-sideend|p2: Southside Mike|move: Light Screen
|upkeep
|
|t:|1757915552
|switch|p1a: Goodra|Goodra-Hisui, F|56/100
|turn|27
|
|t:|1757915558
|move|p2a: Iron Valiant|Close Combat|p1a: Goodra
|-supereffective|p1a: Goodra
|-damage|p1a: Goodra|0 fnt
|-unboost|p2a: Iron Valiant|def|1
|-unboost|p2a: Iron Valiant|spd|1
|-ability|p1a: Goodra|Gooey
|-unboost|p2a: Iron Valiant|spe|1
|faint|p1a: Goodra
|
|upkeep
|
|t:|1757915567
|switch|p1a: Great Tusk|Great Tusk|81/100
|turn|28
|
|t:|1757915581
|-end|p2a: Iron Valiant|Quark Drive|[silent]
|switch|p2a: Hoopa|Hoopa-Unbound|44/100
|move|p1a: Great Tusk|Rapid Spin|p2a: Hoopa
|-damage|p2a: Hoopa|16/100
|-boost|p1a: Great Tusk|spe|1
|
|upkeep
|turn|29
|
|t:|1757915596
|move|p1a: Great Tusk|Headlong Rush|p2a: Hoopa
|-damage|p2a: Hoopa|0 fnt
|-unboost|p1a: Great Tusk|def|1
|-unboost|p1a: Great Tusk|spd|1
|faint|p2a: Hoopa
|
|upkeep
|
|t:|1757915602
|switch|p2a: Iron Valiant|Iron Valiant|74/100
|turn|30
|
|t:|1757915606
|move|p1a: Great Tusk|Headlong Rush|p2a: Iron Valiant
|-damage|p2a: Iron Valiant|0 fnt
|-unboost|p1a: Great Tusk|def|1
|-unboost|p1a: Great Tusk|spd|1
|faint|p2a: Iron Valiant
|-end|p2a: Iron Valiant|Quark Drive|[silent]
|
|win|Pokemon of Color
|raw|Pokemon of Color's rating: 1435 &rarr; <strong>1458</strong><br />(+23 for winning)
|raw|Southside Mike's rating: 1485 &rarr; <strong>1462</strong><br />(-23 for losing)
|l|☆Southside Mike
|player|p2|
|l|☆Pokemon of Color
|player|p1|
