|j|☆aquaslayz
|j|☆eryherhr
|t:|1757934334
|gametype|singles
|player|p1|aquaslayz|marlon|1096
|player|p2|eryherhr|pokekid|1088
|gen|9
|tier|[Gen 9] OU
|rated|
|rule|HP Percentage Mod: HP is shown in percentages
|rule|Endless Battle Clause: Forcing endless battles is banned
|rule|Species Clause: Limit one of each Pokémon
|rule|OHKO Clause: OHKO moves are banned
|rule|Evasion Items Clause: Evasion items are banned
|rule|Evasion Moves Clause: Evasion moves are banned
|rule|Evasion Abilities Clause: Evasion abilities are banned
|rule|Sleep Moves Clause: Sleep-inducing moves are banned
|clearpoke
|poke|p1|Dragapult, F|
|poke|p1|Glastrier|
|poke|p1|Tinkaton, F|
|poke|p1|Ting-Lu|
|poke|p1|Iron Hands|
|poke|p1|Moltres|
|poke|p2|Lokix, F|
|poke|p2|Alomomola, F|
|poke|p2|Slowking-Galar, F|
|poke|p2|Gliscor, M|
|poke|p2|Cinderace, M|
|poke|p2|Drifblim, M|
|teampreview
|
|t:|1757934344
|teamsize|p1|6
|teamsize|p2|6
|start
|switch|p1a: Iron Hands|Iron Hands|100/100
|switch|p2a: Lokix|Lokix, F|100/100
|turn|1
|inactive|Battle timer is ON: inactive players will automatically lose when time's up. (requested by eryherhr)
|
|t:|1757934350
|-terastallize|p2a: Lokix|Bug
|move|p2a: Lokix|U-turn|p1a: Iron Hands
|-resisted|p1a: Iron Hands
|-damage|p1a: Iron Hands|58/100
|
|t:|1757934356
|switch|p2a: Alomomola|Alomomola, F|100/100|[from] U-turn
|move|p1a: Iron Hands|Swords Dance|p1a: Iron Hands
|-boost|p1a: Iron Hands|atk|2
|
|upkeep
|turn|2
|
|t:|1757934364
|switch|p2a: Drifblim|Drifblim, M|100/100
|move|p1a: Iron Hands|Thunder Punch|p2a: Drifblim
|-supereffective|p2a: Drifblim
|-damage|p2a: Drifblim|0 fnt
|-damage|p1a: Iron Hands|33/100|[from] ability: Aftermath|[of] p2a: Drifblim
|-damage|p1a: Iron Hands|17/100|[from] item: Rocky Helmet|[of] p2a: Drifblim
|faint|p2a: Drifblim
|
|upkeep
|
|t:|1757934367
|switch|p2a: Lokix|Lokix, F, tera:Bug|100/100
|turn|3
|
|t:|1757934376
|move|p2a: Lokix|U-turn|p1a: Iron Hands
|-resisted|p1a: Iron Hands
|-damage|p1a: Iron Hands|0 fnt
|faint|p1a: Iron Hands
|-end|p1a: Iron Hands|Quark Drive|[silent]
|
|t:|1757934379
|switch|p2a: Cinderace|Cinderace, M|100/100|[from] U-turn
|
|upkeep
|
|t:|1757934388
|switch|p1a: Moltres|Moltres|100/100
|turn|4
|
|t:|1757934400
|switch|p2a: Slowking|Slowking-Galar, F|100/100
|move|p1a: Moltres|U-turn|p2a: Slowking
|-damage|p2a: Slowking|86/100
|
|t:|1757934405
|switch|p1a: Ting-Lu|Ting-Lu|100/100|[from] U-turn
|-ability|p1a: Ting-Lu|Vessel of Ruin
|
|-heal|p2a: Slowking|92/100|[from] item: Black Sludge
|upkeep
|turn|5
|
|t:|1757934412
|move|p1a: Ting-Lu|Spikes|p2a: Slowking
|-sidestart|p2: eryherhr|Spikes
|-prepare|p2a: Slowking|Chilly Reception|[premajor]
|move|p2a: Slowking|Chilly Reception|p2a: Slowking
|-weather|Snowscape
|
|t:|1757934417
|switch|p2a: Gliscor|Gliscor, M|100/100|[from] Chilly Reception
|
|-weather|Snowscape|[upkeep]
|-status|p2a: Gliscor|tox|[from] item: Toxic Orb
|upkeep
|turn|6
|
|t:|1757934423
|move|p2a: Gliscor|Toxic|p1a: Ting-Lu
|-status|p1a: Ting-Lu|tox
|move|p1a: Ting-Lu|Ruination|p2a: Gliscor
|-damage|p2a: Gliscor|50/100 tox
|
|-weather|Snowscape|[upkeep]
|-heal|p2a: Gliscor|63/100 tox|[from] ability: Poison Heal
|-damage|p1a: Ting-Lu|94/100 tox|[from] psn
|upkeep
|turn|7
|
|t:|1757934435
|move|p2a: Gliscor|Crabhammer|p1a: Ting-Lu
|-supereffective|p1a: Ting-Lu
|-damage|p1a: Ting-Lu|69/100 tox
|move|p1a: Ting-Lu|Ruination|p2a: Gliscor
|-damage|p2a: Gliscor|32/100 tox
|
|-weather|Snowscape|[upkeep]
|-heal|p1a: Ting-Lu|76/100 tox|[from] item: Leftovers
|-heal|p2a: Gliscor|44/100 tox|[from] ability: Poison Heal
|-damage|p1a: Ting-Lu|63/100 tox|[from] psn
|upkeep
|turn|8
|
|t:|1757934449
|move|p2a: Gliscor|Crabhammer|p1a: Ting-Lu|[miss]
|-miss|p2a: Gliscor|p1a: Ting-Lu
|move|p1a: Ting-Lu|Zen Headbutt|p2a: Gliscor
|-damage|p2a: Gliscor|30/100 tox
|
|-weather|Snowscape|[upkeep]
|-heal|p1a: Ting-Lu|69/100 tox|[from] item: Leftovers
|-heal|p2a: Gliscor|42/100 tox|[from] ability: Poison Heal
|-damage|p1a: Ting-Lu|51/100 tox|[from] psn
|upkeep
|turn|9
|
|t:|1757934467
|switch|p1a: Glastrier|Glastrier|100/100
|move|p2a: Gliscor|Crabhammer|p1a: Glastrier
|-damage|p1a: Glastrier|89/100
|
|-weather|none
|-heal|p2a: Gliscor|54/100 tox|[from] ability: Poison Heal
|upkeep
|turn|10
|
|t:|1757934480
|move|p2a: Gliscor|U-turn|p1a: Glastrier
|-damage|p1a: Glastrier|78/100
|
|t:|1757934483
|switch|p2a: Alomomola|Alomomola, F|100/100|[from] U-turn
|-damage|p2a: Alomomola|88/100|[from] Spikes
|move|p1a: Glastrier|Swords Dance|p1a: Glastrier
|-boost|p1a: Glastrier|atk|2
|
|upkeep
|turn|11
|
|t:|1757934490
|move|p2a: Alomomola|Scald|p1a: Glastrier
|-damage|p1a: Glastrier|66/100
|-status|p1a: Glastrier|brn
|move|p1a: Glastrier|High Horsepower|p2a: Alomomola
|-damage|p2a: Alomomola|67/100
|
|-damage|p1a: Glastrier|60/100 brn|[from] brn
|upkeep
|turn|12
|
|t:|1757934500
|move|p2a: Alomomola|Wish|p2a: Alomomola
|move|p1a: Glastrier|Swords Dance|p1a: Glastrier
|-boost|p1a: Glastrier|atk|2
|
|-damage|p1a: Glastrier|54/100 brn|[from] brn
|upkeep
|turn|13
|
|t:|1757934505
|move|p2a: Alomomola|Scald|p1a: Glastrier
|-damage|p1a: Glastrier|42/100 brn
|move|p1a: Glastrier|Swords Dance|p1a: Glastrier
|-boost|p1a: Glastrier|atk|2
|
|-heal|p2a: Alomomola|100/100|[from] move: Wish|[wisher] Alomomola
|-damage|p1a: Glastrier|36/100 brn|[from] brn
|upkeep
|turn|14
|
|t:|1757934514
|move|p2a: Alomomola|Protect|p2a: Alomomola
|-singleturn|p2a: Alomomola|Protect
|move|p1a: Glastrier|Close Combat|p2a: Alomomola
|-activate|p2a: Alomomola|move: Protect
|
|-damage|p1a: Glastrier|30/100 brn|[from] brn
|upkeep
|turn|15
|
|t:|1757934519
|move|p2a: Alomomola|Wish|p2a: Alomomola
|move|p1a: Glastrier|Close Combat|p2a: Alomomola
|-damage|p2a: Alomomola|47/100
|-unboost|p1a: Glastrier|def|1
|-unboost|p1a: Glastrier|spd|1
|
|-damage|p1a: Glastrier|24/100 brn|[from] brn
|upkeep
|turn|16
|
|t:|1757934527
|move|p2a: Alomomola|Protect|p2a: Alomomola
|-singleturn|p2a: Alomomola|Protect
|move|p1a: Glastrier|Close Combat|p2a: Alomomola
|-activate|p2a: Alomomola|move: Protect
|
|-heal|p2a: Alomomola|97/100|[from] move: Wish|[wisher] Alomomola
|-damage|p1a: Glastrier|18/100 brn|[from] brn
|upkeep
|turn|17
|
|t:|1757934535
|move|p2a: Alomomola|Scald|p1a: Glastrier
|-damage|p1a: Glastrier|2/100 brn
|move|p1a: Glastrier|Swords Dance|p1a: Glastrier
|-boost|p1a: Glastrier|atk|0
|
|-damage|p1a: Glastrier|0 fnt|[from] brn
|faint|p1a: Glastrier
|upkeep
|-message|aquaslayz forfeited.
|
|win|eryherhr
|raw|aquaslayz's rating: 1096 &rarr; <strong>1073</strong><br />(-23 for losing)
|raw|eryherhr's rating: 1111 &rarr; <strong>1135</strong><br />(+24 for winning)
|l|☆aquaslayz
|player|p1|
|l|☆eryherhr
|player|p2|
