|j|☆ripwal11
|j|☆tmrrxw
|t:|1757855495
|gametype|singles
|player|p1|ripwal11|266|1267
|player|p2|tmrrxw|266|1316
|gen|9
|tier|[Gen 9] OU
|rated|
|rule|HP Percentage Mod: HP is shown in percentages
|rule|Endless Battle Clause: Forcing endless battles is banned
|rule|Species Clause: Limit one of each Pokémon
|rule|OHKO Clause: OHKO moves are banned
|rule|Evasion Items Clause: Evasion items are banned
|rule|Evasion Moves Clause: Evasion moves are banned
|rule|Evasion Abilities Clause: Evasion abilities are banned
|rule|Sleep Moves Clause: Sleep-inducing moves are banned
|clearpoke
|poke|p1|Indeedee, M|
|poke|p1|Hatterene, F|
|poke|p1|Ursaluna, F|
|poke|p1|Iron Hands|
|poke|p1|Hoopa-Unbound|
|poke|p1|Mimikyu, F|
|poke|p2|Reuniclus, F|
|poke|p2|Primarina, M|
|poke|p2|Samurott-Hisui, M|
|poke|p2|Darkrai|
|poke|p2|Gholdengo|
|poke|p2|Landorus-Therian, M|
|teampreview
|inactive|Battle timer is ON: inactive players will automatically lose when time's up. (requested by ripwal11)
|
|t:|1757855521
|teamsize|p1|6
|teamsize|p2|6
|start
|switch|p1a: Iron Hands|Iron Hands, shiny|100/100
|switch|p2a: Samurott|Samurott-Hisui, M|100/100
|-enditem|p1a: Iron Hands|Booster Energy
|-activate|p1a: Iron Hands|ability: Quark Drive|[fromitem]
|-start|p1a: Iron Hands|quarkdriveatk
|turn|1
|
|t:|1757855531
|switch|p2a: Landorus|Landorus-Therian, M|100/100
|-ability|p2a: Landorus|Intimidate|boost
|-unboost|p1a: Iron Hands|atk|1
|move|p1a: Iron Hands|Close Combat|p2a: Landorus
|-resisted|p2a: Landorus
|-damage|p2a: Landorus|62/100
|-unboost|p1a: Iron Hands|def|1
|-unboost|p1a: Iron Hands|spd|1
|-damage|p1a: Iron Hands|84/100|[from] item: Rocky Helmet|[of] p2a: Landorus
|
|upkeep
|turn|2
|
|t:|1757855538
|-terastallize|p1a: Iron Hands|Flying
|move|p2a: Landorus|Earthquake|p1a: Iron Hands
|-immune|p1a: Iron Hands
|move|p1a: Iron Hands|Ice Punch|p2a: Landorus
|-supereffective|p2a: Landorus
|-damage|p2a: Landorus|0 fnt
|-damage|p1a: Iron Hands|67/100|[from] item: Rocky Helmet|[of] p2a: Landorus
|faint|p2a: Landorus
|
|upkeep
|
|t:|1757855550
|switch|p2a: Darkrai|Darkrai|100/100
|turn|3
|c|☆ripwal11|i was considering ice punch first move
|c|☆ripwal11|unfortunately i'm not baller enoughj
|
|t:|1757855567
|-end|p1a: Iron Hands|Quark Drive|[silent]
|switch|p1a: Mimikyu|Mimikyu, F, shiny|100/100
|move|p2a: Darkrai|Will-O-Wisp|p1a: Mimikyu
|-status|p1a: Mimikyu|brn
|
|-damage|p1a: Mimikyu|94/100 brn|[from] brn
|upkeep
|turn|4
|c|☆tmrrxw|i figured u were and still took the gamble, guess im ballerier than the baller
|
|t:|1757855596
|move|p2a: Darkrai|Knock Off|p1a: Mimikyu
|-activate|p1a: Mimikyu|ability: Disguise
|-damage|p1a: Mimikyu|94/100 brn
|-enditem|p1a: Mimikyu|Red Card|[from] move: Knock Off|[of] p2a: Darkrai
|detailschange|p1a: Mimikyu|Mimikyu-Busted, F, shiny
|-damage|p1a: Mimikyu|82/100 brn|[from] pokemon: Mimikyu-Busted
|move|p1a: Mimikyu|Trick Room|p1a: Mimikyu
|-fieldstart|move: Trick Room|[of] p1a: Mimikyu
|
|-damage|p1a: Mimikyu|76/100 brn|[from] brn
|upkeep
|turn|5
|c|☆ripwal11|you knew i have ice punch?
|inactive|tmrrxw has 120 seconds left.
|
|t:|1757855618
|switch|p1a: Ursaluna|Ursaluna, F, shiny|100/100
|move|p2a: Darkrai|Dark Pulse|p1a: Ursaluna
|-damage|p1a: Ursaluna|67/100
|
|-status|p1a: Ursaluna|brn|[from] item: Flame Orb
|upkeep
|turn|6
|inactive|tmrrxw has 120 seconds left.
|
|t:|1757855634
|switch|p2a: Gholdengo|Gholdengo|100/100
|-item|p2a: Gholdengo|Air Balloon
|move|p1a: Ursaluna|Headlong Rush|p2a: Gholdengo
|-immune|p2a: Gholdengo
|
|-damage|p1a: Ursaluna|61/100 brn|[from] brn
|upkeep
|turn|7
|inactive|tmrrxw has 120 seconds left.
|
|t:|1757855652
|switch|p1a: Indeedee|Indeedee, M, shiny|100/100
|-fieldstart|move: Psychic Terrain|[from] ability: Psychic Surge|[of] p1a: Indeedee
|move|p2a: Gholdengo|Make It Rain|p1a: Indeedee
|-damage|p1a: Indeedee|45/100
|-unboost|p2a: Gholdengo|spa|1
|
|upkeep
|turn|8
|
|t:|1757855657
|switch|p2a: Samurott|Samurott-Hisui, M|100/100
|switch|p1a: Hoopa|Hoopa-Unbound|100/100
|-enditem|p1a: Hoopa|Psychic Seed
|-boost|p1a: Hoopa|spd|1|[from] item: Psychic Seed
|
|-fieldend|move: Trick Room
|upkeep
|turn|9
|
|t:|1757855662
|move|p2a: Samurott|Ceaseless Edge|p1a: Hoopa
|-damage|p1a: Hoopa|53/100
|-sidestart|p1: ripwal11|Spikes
|move|p1a: Hoopa|Trick Room|p1a: Hoopa
|-fieldstart|move: Trick Room|[of] p1a: Hoopa
|
|upkeep
|turn|10
|
|t:|1757855666
|move|p1a: Hoopa|Focus Blast|p2a: Samurott|[miss]
|-miss|p1a: Hoopa|p2a: Samurott
|move|p2a: Samurott|Aqua Cutter|p1a: Hoopa
|-damage|p1a: Hoopa|0 fnt
|faint|p1a: Hoopa
|
|upkeep
|
|t:|1757855676
|switch|p1a: Iron Hands|Iron Hands, shiny, tera:Flying|67/100
|turn|11
|
|t:|1757855685
|move|p1a: Iron Hands|Supercell Slam|p2a: Samurott
|-supereffective|p2a: Samurott
|-enditem|p2a: Samurott|Focus Sash
|-damage|p2a: Samurott|1/100
|move|p2a: Samurott|Aqua Cutter|p1a: Iron Hands
|-damage|p1a: Iron Hands|32/100
|
|upkeep
|turn|12
|
|t:|1757855691
|move|p2a: Samurott|Sucker Punch|p1a: Iron Hands
|-hint|Psychic Terrain doesn't affect Pokémon immune to Ground.
|-damage|p1a: Iron Hands|7/100
|move|p1a: Iron Hands|Close Combat|p2a: Samurott
|-supereffective|p2a: Samurott
|-damage|p2a: Samurott|0 fnt
|-unboost|p1a: Iron Hands|def|1
|-unboost|p1a: Iron Hands|spd|1
|faint|p2a: Samurott
|
|upkeep
|
|t:|1757855704
|switch|p2a: Metastasis|Reuniclus, F|100/100
|turn|13
|
|t:|1757855708
|move|p2a: Metastasis|Psychic Noise|p1a: Iron Hands
|-damage|p1a: Iron Hands|0 fnt
|faint|p1a: Iron Hands
|-end|p1a: Iron Hands|Quark Drive|[silent]
|
|-fieldend|move: Trick Room
|upkeep
|
|t:|1757855716
|switch|p1a: Ursaluna|Ursaluna, F, shiny|61/100 brn
|-damage|p1a: Ursaluna|49/100 brn|[from] Spikes
|turn|14
|
|t:|1757855732
|switch|p2a: Darkrai|Darkrai|100/100
|move|p1a: Ursaluna|Supercell Slam|p2a: Darkrai
|-damage|p2a: Darkrai|27/100
|
|-damage|p1a: Ursaluna|43/100 brn|[from] brn
|-fieldend|move: Psychic Terrain
|upkeep
|turn|15
|
|t:|1757855738
|switch|p1a: Mimikyu|Mimikyu-Busted, F, shiny|76/100 brn
|-damage|p1a: Mimikyu|64/100 brn|[from] Spikes
|move|p2a: Darkrai|Ice Beam|p1a: Mimikyu
|-damage|p1a: Mimikyu|31/100 brn
|
|-damage|p1a: Mimikyu|25/100 brn|[from] brn
|upkeep
|turn|16
|
|t:|1757855747
|move|p2a: Darkrai|Dark Pulse|p1a: Mimikyu
|-damage|p1a: Mimikyu|0 fnt
|faint|p1a: Mimikyu
|
|upkeep
|
|t:|1757855749
|switch|p1a: Hatterene|Hatterene, F, shiny|100/100
|-damage|p1a: Hatterene|88/100|[from] Spikes
|turn|17
|
|t:|1757855756
|move|p2a: Darkrai|Dark Pulse|p1a: Hatterene
|-damage|p1a: Hatterene|45/100
|cant|p1a: Hatterene|flinch
|
|upkeep
|turn|18
|
|t:|1757855760
|move|p2a: Darkrai|Dark Pulse|p1a: Hatterene
|-damage|p1a: Hatterene|1/100
|move|p1a: Hatterene|Trick Room|p1a: Hatterene
|-fieldstart|move: Trick Room|[of] p1a: Hatterene
|
|upkeep
|turn|19
|
|t:|1757855768
|switch|p2a: Metastasis|Reuniclus, F|100/100
|move|p1a: Hatterene|Draining Kiss|p2a: Metastasis
|-damage|p2a: Metastasis|67/100
|-heal|p1a: Hatterene|35/100|[from] drain|[of] p2a: Metastasis
|-damage|p1a: Hatterene|25/100|[from] item: Life Orb
|
|upkeep
|turn|20
|
|t:|1757855791
|move|p1a: Hatterene|Draining Kiss|p2a: Metastasis
|-crit|p2a: Metastasis
|-damage|p2a: Metastasis|14/100
|-heal|p1a: Hatterene|78/100|[from] drain|[of] p2a: Metastasis
|-damage|p1a: Hatterene|69/100|[from] item: Life Orb
|move|p2a: Metastasis|Trick Room|p2a: Metastasis
|-fieldend|move: Trick Room
|
|upkeep
|turn|21
|c|☆ripwal11|my goat hatterene
|
|t:|1757855812
|-terastallize|p2a: Metastasis|Dark
|move|p2a: Metastasis|Tera Blast|p1a: Hatterene|[anim] Tera Blast Dark
|-damage|p1a: Hatterene|13/100
|move|p1a: Hatterene|Trick Room|p1a: Hatterene
|-fieldstart|move: Trick Room|[of] p1a: Hatterene
|
|upkeep
|turn|22
|
|t:|1757855821
|switch|p2a: Darkrai|Darkrai|27/100
|move|p1a: Hatterene|Mystical Fire|p2a: Darkrai
|-damage|p2a: Darkrai|0 fnt
|faint|p2a: Darkrai
|-damage|p1a: Hatterene|3/100|[from] item: Life Orb
|
|upkeep
|
|t:|1757855825
|switch|p2a: Primarina|Primarina, M|100/100
|turn|23
|
|t:|1757855836
|switch|p1a: Indeedee|Indeedee, M, shiny|45/100
|-damage|p1a: Indeedee|32/100|[from] Spikes
|-fieldstart|move: Psychic Terrain|[from] ability: Psychic Surge|[of] p1a: Indeedee
|move|p2a: Primarina|Moonblast|p1a: Indeedee
|-damage|p1a: Indeedee|0 fnt
|faint|p1a: Indeedee
|
|upkeep
|
|t:|1757855838
|switch|p1a: Ursaluna|Ursaluna, F, shiny|43/100 brn
|-damage|p1a: Ursaluna|31/100 brn|[from] Spikes
|turn|24
|
|t:|1757855841
|move|p2a: Primarina|Moonblast|p1a: Ursaluna
|-damage|p1a: Ursaluna|0 fnt
|faint|p1a: Ursaluna
|
|upkeep
|c|☆ripwal11|HUUHHHHHHHHHH
|c|☆ripwal11|HOW SLOW IS THAT THING
|c|☆tmrrxw|not min speed ursa?
|c|☆tmrrxw|min speed
|c|☆tmrrxw|112
|c|☆ripwal11|nah fuck this team
|c|☆ripwal11|i have to change the ev's
|c|☆tmrrxw|lmao
|c|☆tmrrxw|im baller
|c|☆ripwal11|gg wp
|c|☆tmrrxw|gg
|inactive|ripwal11 has 120 seconds left.
|c|☆ripwal11|what's your real elo
|c|☆tmrrxw|i peaked 1600, i just for fun now
|c|☆tmrrxw|i was
|c|☆ripwal11|makes sense
|c|☆ripwal11|1500 on main acc
|c|☆ripwal11|gg
|c|☆tmrrxw|top 300 in doubles ou in gen8
|-message|ripwal11 forfeited.
|
|win|tmrrxw
|raw|ripwal11's rating: 1267 &rarr; <strong>1246</strong><br />(-21 for losing)
|raw|tmrrxw's rating: 1316 &rarr; <strong>1333</strong><br />(+17 for winning)
|l|☆ripwal11
|player|p1|
