|badge|p2|bronze|gen9ou|100-6
|uhtml|medal-msg|<div class="broadcast-blue">Curious what those medals under the avatar are? PS now has Ladder Seasons! For more information, check out the <a href="https://www.smogon.com/forums/threads/3740067/">thread on Smogon.</a></div>
|j|☆yeeowchh!
|j|☆Prav33n
|t:|1757873199
|gametype|singles
|player|p1|yeeowchh!|ninjaboy|1709
|player|p2|Prav33n|koga|1800
|gen|9
|tier|[Gen 9] OU
|rated|
|rule|HP Percentage Mod: HP is shown in percentages
|rule|Endless Battle Clause: Forcing endless battles is banned
|rule|Species Clause: Limit one of each Pokémon
|rule|OHKO Clause: OHKO moves are banned
|rule|Evasion Items Clause: Evasion items are banned
|rule|Evasion Moves Clause: Evasion moves are banned
|rule|Evasion Abilities Clause: Evasion abilities are banned
|rule|Sleep Moves Clause: Sleep-inducing moves are banned
|clearpoke
|poke|p1|Pelipper, M|
|poke|p1|Toxicroak, M|
|poke|p1|Iron Treads|
|poke|p1|Barraskewda, F|
|poke|p1|Tornadus-Therian, M|
|poke|p1|Hatterene, F|
|poke|p2|Deoxys-Speed|
|poke|p2|Kyurem|
|poke|p2|Gholdengo|
|poke|p2|Great Tusk|
|poke|p2|Primarina, F|
|poke|p2|Dragonite, F|
|teampreview
|inactive|Battle timer is ON: inactive players will automatically lose when time's up. (requested by Prav33n)
|
|t:|1757873208
|teamsize|p1|6
|teamsize|p2|6
|start
|switch|p1a: Pelipper|Pelipper, M|100/100
|switch|p2a: Kyurem|Kyurem, shiny|100/100
|-ability|p2a: Kyurem|Pressure
|-weather|RainDance|[from] ability: Drizzle|[of] p1a: Pelipper
|turn|1
|j| Professor Aaron
|
|t:|1757873216
|switch|p1a: Hatterene|Hatterene, F|100/100
|move|p2a: Kyurem|Freeze-Dry|p1a: Hatterene
|-damage|p1a: Hatterene|83/100
|
|-weather|RainDance|[upkeep]
|upkeep
|turn|2
|j| magma_man85
|
|t:|1757873227
|switch|p2a: Great Tusk|Great Tusk|100/100
|move|p1a: Hatterene|Nuzzle|p2a: Great Tusk
|-immune|p2a: Great Tusk
|
|-weather|RainDance|[upkeep]
|upkeep
|turn|3
|
|t:|1757873236
|-end|p2a: Great Tusk|Protosynthesis|[silent]
|switch|p2a: Primarina|Primarina, F|100/100
|move|p1a: Hatterene|Draining Kiss|p2a: Primarina
|-damage|p2a: Primarina|84/100
|-heal|p1a: Hatterene|96/100|[from] drain|[of] p2a: Primarina
|
|-weather|RainDance|[upkeep]
|upkeep
|turn|4
|
|t:|1757873243
|move|p2a: Primarina|Flip Turn|p1a: Hatterene
|-crit|p1a: Hatterene
|-damage|p1a: Hatterene|56/100
|j| nesnot
|
|t:|1757873249
|switch|p2a: Great Tusk|Great Tusk|100/100|[from] Flip Turn
|move|p1a: Hatterene|Psyshock|p2a: Great Tusk
|-supereffective|p2a: Great Tusk
|-damage|p2a: Great Tusk|47/100
|
|-weather|RainDance|[upkeep]
|upkeep
|turn|5
|
|t:|1757873280
|switch|p1a: Tornadus|Tornadus-Therian, M|100/100
|move|p2a: Great Tusk|Headlong Rush|p1a: Tornadus
|-immune|p1a: Tornadus
|
|-weather|RainDance|[upkeep]
|upkeep
|turn|6
|inactive|Prav33n has 120 seconds left.
|
|t:|1757873297
|-end|p2a: Great Tusk|Protosynthesis|[silent]
|switch|p2a: Deoxys|Deoxys-Speed|100/100
|-ability|p2a: Deoxys|Pressure
|move|p1a: Tornadus|Hurricane|p2a: Deoxys
|-damage|p2a: Deoxys|14/100
|-enditem|p2a: Deoxys|Red Card|[of] p1a: Tornadus
|drag|p1a: Barraskewda|Barraskewda, F|100/100
|
|-weather|RainDance|[upkeep]
|upkeep
|turn|7
|inactive|Prav33n has 120 seconds left.
|
|t:|1757873307
|move|p1a: Barraskewda|Liquidation|p2a: Deoxys
|-crit|p2a: Deoxys
|-damage|p2a: Deoxys|0 fnt
|faint|p2a: Deoxys
|
|-weather|RainDance|[upkeep]
|upkeep
|inactive|Prav33n has 120 seconds left.
|
|t:|1757873315
|switch|p2a: Dragonite|Dragonite, F, shiny|100/100
|turn|8
|
|t:|1757873319
|move|p1a: Barraskewda|Liquidation|p2a: Dragonite
|-resisted|p2a: Dragonite
|-damage|p2a: Dragonite|77/100
|-unboost|p2a: Dragonite|def|1
|move|p2a: Dragonite|Dragon Dance|p2a: Dragonite
|-boost|p2a: Dragonite|atk|1
|-boost|p2a: Dragonite|spe|1
|
|-weather|none
|upkeep
|turn|9
|
|t:|1757873335
|switch|p1a: Toxicroak|Toxicroak, M|100/100
|move|p2a: Dragonite|Dragon Dance|p2a: Dragonite
|-boost|p2a: Dragonite|atk|1
|-boost|p2a: Dragonite|spe|1
|
|upkeep
|turn|10
|
|t:|1757873344
|-terastallize|p1a: Toxicroak|Grass
|move|p2a: Dragonite|Earthquake|p1a: Toxicroak
|-resisted|p1a: Toxicroak
|-damage|p1a: Toxicroak|73/100
|move|p1a: Toxicroak|Toxic|p2a: Dragonite
|-status|p2a: Dragonite|tox
|
|-damage|p2a: Dragonite|71/100 tox|[from] psn
|upkeep
|turn|11
|j| v3 blazik
|
|t:|1757873358
|switch|p2a: Gholdengo|Gholdengo|100/100
|switch|p1a: Pelipper|Pelipper, M|100/100
|-weather|RainDance|[from] ability: Drizzle|[of] p1a: Pelipper
|
|-weather|RainDance|[upkeep]
|upkeep
|turn|12
|
|t:|1757873360
|move|p2a: Gholdengo|Shadow Ball|p1a: Pelipper
|-damage|p1a: Pelipper|43/100
|move|p1a: Pelipper|U-turn|p2a: Gholdengo
|-resisted|p2a: Gholdengo
|-damage|p2a: Gholdengo|98/100
|
|t:|1757873365
|switch|p1a: Barraskewda|Barraskewda, F|100/100|[from] U-turn
|
|-weather|RainDance|[upkeep]
|upkeep
|turn|13
|
|t:|1757873371
|switch|p2a: Great Tusk|Great Tusk|47/100
|move|p1a: Barraskewda|Liquidation|p2a: Great Tusk
|-supereffective|p2a: Great Tusk
|-damage|p2a: Great Tusk|0 fnt
|-damage|p1a: Barraskewda|84/100|[from] item: Rocky Helmet|[of] p2a: Great Tusk
|faint|p2a: Great Tusk
|-end|p2a: Great Tusk|Protosynthesis|[silent]
|
|-weather|RainDance|[upkeep]
|upkeep
|
|t:|1757873373
|switch|p2a: Kyurem|Kyurem, shiny|100/100
|-ability|p2a: Kyurem|Pressure
|turn|14
|
|t:|1757873384
|switch|p1a: Iron Treads|Iron Treads|100/100
|move|p2a: Kyurem|Icicle Spear|p1a: Iron Treads
|-damage|p1a: Iron Treads|91/100
|-damage|p1a: Iron Treads|82/100
|-damage|p1a: Iron Treads|73/100
|-damage|p1a: Iron Treads|62/100
|-hitcount|p1a: Iron Treads|4
|
|-weather|RainDance|[upkeep]
|-heal|p1a: Iron Treads|68/100|[from] item: Leftovers
|upkeep
|turn|15
|
|t:|1757873391
|move|p2a: Kyurem|Scale Shot|p1a: Iron Treads
|-resisted|p1a: Iron Treads
|-damage|p1a: Iron Treads|63/100
|-resisted|p1a: Iron Treads
|-damage|p1a: Iron Treads|59/100
|-resisted|p1a: Iron Treads
|-damage|p1a: Iron Treads|55/100
|-resisted|p1a: Iron Treads
|-damage|p1a: Iron Treads|50/100
|-resisted|p1a: Iron Treads
|-damage|p1a: Iron Treads|45/100
|-hitcount|p1a: Iron Treads|5
|-unboost|p2a: Kyurem|def|1
|-boost|p2a: Kyurem|spe|1
|move|p1a: Iron Treads|Earthquake|p2a: Kyurem
|-damage|p2a: Kyurem|47/100
|
|-weather|RainDance|[upkeep]
|-heal|p1a: Iron Treads|51/100|[from] item: Leftovers
|upkeep
|turn|16
|
|t:|1757873398
|move|p2a: Kyurem|Earth Power|p1a: Iron Treads
|-supereffective|p1a: Iron Treads
|-damage|p1a: Iron Treads|7/100
|move|p1a: Iron Treads|Earthquake|p2a: Kyurem
|-damage|p2a: Kyurem|0 fnt
|faint|p2a: Kyurem
|
|-weather|RainDance|[upkeep]
|-heal|p1a: Iron Treads|13/100|[from] item: Leftovers
|upkeep
|l| magma_man85
|
|t:|1757873405
|switch|p2a: Gholdengo|Gholdengo|98/100
|turn|17
|
|t:|1757873416
|move|p2a: Gholdengo|Shadow Ball|p1a: Iron Treads
|-damage|p1a: Iron Treads|0 fnt
|faint|p1a: Iron Treads
|-end|p1a: Iron Treads|Quark Drive|[silent]
|
|-weather|RainDance|[upkeep]
|upkeep
|
|t:|1757873418
|switch|p1a: Barraskewda|Barraskewda, F|84/100
|turn|18
|
|t:|1757873421
|switch|p2a: Dragonite|Dragonite, F, shiny|71/100 tox
|move|p1a: Barraskewda|Liquidation|p2a: Dragonite
|-resisted|p2a: Dragonite
|-damage|p2a: Dragonite|22/100 tox
|
|-weather|none
|-damage|p2a: Dragonite|16/100 tox|[from] psn
|upkeep
|turn|19
|
|t:|1757873426
|switch|p1a: Pelipper|Pelipper, M|43/100
|-weather|RainDance|[from] ability: Drizzle|[of] p1a: Pelipper
|move|p2a: Dragonite|Earthquake|p1a: Pelipper
|-immune|p1a: Pelipper
|
|-weather|RainDance|[upkeep]
|-damage|p2a: Dragonite|4/100 tox|[from] psn
|upkeep
|turn|20
|
|t:|1757873431
|move|p2a: Dragonite|Roost|p2a: Dragonite
|-heal|p2a: Dragonite|54/100 tox
|-singleturn|p2a: Dragonite|move: Roost
|move|p1a: Pelipper|Roost|p1a: Pelipper
|-heal|p1a: Pelipper|93/100
|-singleturn|p1a: Pelipper|move: Roost
|
|-weather|RainDance|[upkeep]
|-damage|p2a: Dragonite|36/100 tox|[from] psn
|upkeep
|turn|21
|
|t:|1757873434
|move|p2a: Dragonite|Roost|p2a: Dragonite
|-heal|p2a: Dragonite|86/100 tox
|-singleturn|p2a: Dragonite|move: Roost
|move|p1a: Pelipper|Hurricane|p2a: Dragonite
|-damage|p2a: Dragonite|52/100 tox
|
|-weather|RainDance|[upkeep]
|-damage|p2a: Dragonite|28/100 tox|[from] psn
|upkeep
|turn|22
|
|t:|1757873440
|switch|p2a: Primarina|Primarina, F|84/100
|move|p1a: Pelipper|Hurricane|p2a: Primarina
|-damage|p2a: Primarina|62/100
|-start|p2a: Primarina|confusion
|
|-weather|RainDance|[upkeep]
|upkeep
|turn|23
|
|t:|1757873448
|switch|p1a: Hatterene|Hatterene, F|56/100
|-activate|p2a: Primarina|confusion
|-damage|p2a: Primarina|53/100|[from] confusion
|
|-weather|RainDance|[upkeep]
|upkeep
|turn|24
|-message|Prav33n forfeited.
|
|win|yeeowchh!
|raw|yeeowchh!'s rating: 1709 &rarr; <strong>1734</strong><br />(+25 for winning)
|raw|Prav33n's rating: 1800 &rarr; <strong>1775</strong><br />(-25 for losing)
|l|☆Prav33n
|player|p2|
|l|☆yeeowchh!
|player|p1|
|j| magma_man85
|l| Professor Aaron
|l| magma_man85
|l| nesnot
