|j|☆chamu rye
|j|☆Orbica
|t:|1757928918
|gametype|singles
|player|p1|chamu rye|lucas|1243
|player|p2|Orbica|doctor|1275
|gen|9
|tier|[Gen 9] OU
|rated|
|rule|HP Percentage Mod: HP is shown in percentages
|rule|Endless Battle Clause: Forcing endless battles is banned
|rule|Species Clause: Limit one of each Pokémon
|rule|OHKO Clause: OHKO moves are banned
|rule|Evasion Items Clause: Evasion items are banned
|rule|Evasion Moves Clause: Evasion moves are banned
|rule|Evasion Abilities Clause: Evasion abilities are banned
|rule|Sleep Moves Clause: Sleep-inducing moves are banned
|clearpoke
|poke|p1|Milotic, F|
|poke|p1|Comfey, F|
|poke|p1|Scizor, F|
|poke|p1|Rotom-Heat|
|poke|p1|Heracross, M|
|poke|p1|Tyranitar, F|
|poke|p2|Pelipper, M|
|poke|p2|Scizor, M|
|poke|p2|Kingdra, F|
|poke|p2|Porygon2|
|poke|p2|Rotom-Mow|
|poke|p2|Ogerpon-Wellspring, F|
|teampreview
|inactive|Battle timer is ON: inactive players will automatically lose when time's up. (requested by chamu rye)
|
|t:|1757928934
|teamsize|p1|6
|teamsize|p2|6
|start
|switch|p1a: Tyranitar|Tyranitar, F|100/100
|switch|p2a: Ogerpon|Ogerpon-Wellspring, F|100/100
|-weather|Sandstorm|[from] ability: Sand Stream|[of] p1a: Tyranitar
|turn|1
|
|t:|1757928947
|-terastallize|p1a: Tyranitar|Flying
|move|p2a: Ogerpon|U-turn|p1a: Tyranitar
|-resisted|p1a: Tyranitar
|-damage|p1a: Tyranitar|89/100
|
|t:|1757928953
|switch|p2a: Pelipper|Pelipper, M|100/100|[from] U-turn
|-weather|RainDance|[from] ability: Drizzle|[of] p2a: Pelipper
|move|p1a: Tyranitar|Body Slam|p2a: Pelipper
|-damage|p2a: Pelipper|68/100
|-status|p2a: Pelipper|par
|-enditem|p2a: Pelipper|Eject Button
|
|t:|1757928963
|switch|p2a: Kingdra|Kingdra, F|100/100
|
|-weather|RainDance|[upkeep]
|upkeep
|turn|2
|
|t:|1757928972
|move|p2a: Kingdra|Ice Beam|p1a: Tyranitar
|-supereffective|p1a: Tyranitar
|-damage|p1a: Tyranitar|9/100
|move|p1a: Tyranitar|Knock Off|p2a: Kingdra
|-damage|p2a: Kingdra|26/100
|-enditem|p2a: Kingdra|Choice Specs|[from] move: Knock Off|[of] p1a: Tyranitar
|
|-weather|RainDance|[upkeep]
|upkeep
|turn|3
|
|t:|1757928989
|switch|p1a: Comfey|Comfey, F|100/100
|move|p2a: Kingdra|Surf|p1a: Comfey
|-damage|p1a: Comfey|52/100
|
|-weather|RainDance|[upkeep]
|upkeep
|turn|4
|
|t:|1757929012
|-terastallize|p2a: Kingdra|Water
|move|p2a: Kingdra|Surf|p1a: Comfey
|-damage|p1a: Comfey|0 fnt
|faint|p1a: Comfey
|
|-weather|RainDance|[upkeep]
|upkeep
|
|t:|1757929030
|switch|p1a: Tyranitar|Tyranitar, F, tera:Flying|9/100
|-weather|Sandstorm|[from] ability: Sand Stream|[of] p1a: Tyranitar
|turn|5
|inactive|chamu rye has 120 seconds left.
|
|t:|1757929046
|switch|p1a: Milotic|Milotic, F|100/100
|move|p2a: Kingdra|Surf|p1a: Milotic
|-resisted|p1a: Milotic
|-damage|p1a: Milotic|82/100
|
|-weather|Sandstorm|[upkeep]
|-damage|p2a: Kingdra|20/100|[from] Sandstorm
|-damage|p1a: Milotic|76/100|[from] Sandstorm
|-status|p1a: Milotic|brn|[from] item: Flame Orb
|upkeep
|turn|6
|inactive|chamu rye has 120 seconds left.
|
|t:|1757929060
|switch|p2a: Pelipper|Pelipper, M|68/100 par
|-weather|RainDance|[from] ability: Drizzle|[of] p2a: Pelipper
|move|p1a: Milotic|Scald|p2a: Pelipper
|-resisted|p2a: Pelipper
|-crit|p2a: Pelipper
|-damage|p2a: Pelipper|38/100 par
|
|-weather|RainDance|[upkeep]
|-damage|p1a: Milotic|70/100 brn|[from] brn
|upkeep
|turn|7
|inactive|chamu rye has 120 seconds left.
|
|t:|1757929071
|move|p1a: Milotic|Ice Beam|p2a: Pelipper
|-damage|p2a: Pelipper|17/100 par
|move|p2a: Pelipper|U-turn|p1a: Milotic
|-damage|p1a: Milotic|66/100 brn
|
|t:|1757929082
|switch|p2a: Rotom|Rotom-Mow|100/100|[from] U-turn
|
|-weather|RainDance|[upkeep]
|-damage|p1a: Milotic|60/100 brn|[from] brn
|upkeep
|turn|8
|
|t:|1757929089
|switch|p1a: Rotom|Rotom-Heat|100/100
|move|p2a: Rotom|Volt Switch|p1a: Rotom
|-resisted|p1a: Rotom
|-damage|p1a: Rotom|86/100
|
|t:|1757929099
|switch|p2a: Kingdra|Kingdra, F, tera:Water|20/100|[from] Volt Switch
|
|-weather|RainDance|[upkeep]
|-heal|p1a: Rotom|93/100|[from] item: Leftovers
|upkeep
|turn|9
|
|t:|1757929109
|switch|p1a: Tyranitar|Tyranitar, F, tera:Flying|9/100
|-weather|Sandstorm|[from] ability: Sand Stream|[of] p1a: Tyranitar
|move|p2a: Kingdra|Surf|p1a: Tyranitar
|-damage|p1a: Tyranitar|0 fnt
|faint|p1a: Tyranitar
|
|-weather|Sandstorm|[upkeep]
|-damage|p2a: Kingdra|14/100|[from] Sandstorm
|upkeep
|
|t:|1757929121
|switch|p1a: Rotom|Rotom-Heat|93/100
|turn|10
|
|t:|1757929128
|switch|p2a: Pelipper|Pelipper, M|17/100 par
|-weather|RainDance|[from] ability: Drizzle|[of] p2a: Pelipper
|switch|p1a: Milotic|Milotic, F|60/100 brn
|
|-weather|RainDance|[upkeep]
|-damage|p1a: Milotic|54/100 brn|[from] brn
|upkeep
|turn|11
|
|t:|1757929151
|switch|p2a: Ogerpon|Ogerpon-Wellspring, F|100/100
|move|p1a: Milotic|Ice Beam|p2a: Ogerpon
|-damage|p2a: Ogerpon|74/100
|
|-weather|RainDance|[upkeep]
|-damage|p1a: Milotic|48/100 brn|[from] brn
|upkeep
|turn|12
|
|t:|1757929161
|switch|p1a: Scizor|Scizor, F|100/100
|move|p2a: Ogerpon|Trailblaze|p1a: Scizor
|-resisted|p1a: Scizor
|-damage|p1a: Scizor|93/100
|-boost|p2a: Ogerpon|spe|1
|
|-weather|RainDance|[upkeep]
|upkeep
|turn|13
|
|t:|1757929171
|move|p2a: Ogerpon|Ivy Cudgel|p1a: Scizor|[anim] Ivy Cudgel Water
|-damage|p1a: Scizor|0 fnt
|faint|p1a: Scizor
|
|-weather|RainDance|[upkeep]
|upkeep
|
|t:|1757929178
|switch|p1a: Heracross|Heracross, M|100/100
|turn|14
|
|t:|1757929188
|move|p2a: Ogerpon|Ivy Cudgel|p1a: Heracross|[anim] Ivy Cudgel Water
|-damage|p1a: Heracross|0 fnt
|faint|p1a: Heracross
|
|-weather|none
|upkeep
|
|t:|1757929196
|switch|p1a: Rotom|Rotom-Heat|93/100
|turn|15
|
|t:|1757929199
|move|p2a: Ogerpon|Ivy Cudgel|p1a: Rotom|[anim] Ivy Cudgel Water
|-supereffective|p1a: Rotom
|-damage|p1a: Rotom|0 fnt
|faint|p1a: Rotom
|
|upkeep
|-message|chamu rye forfeited.
|
|win|Orbica
|raw|chamu rye's rating: 1243 &rarr; <strong>1220</strong><br />(-23 for losing)
|raw|Orbica's rating: 1275 &rarr; <strong>1298</strong><br />(+23 for winning)
|l|☆chamu rye
|player|p1|
|l|☆Orbica
|player|p2|
