|j|☆HuntingHawk112
|j|☆Djwudhdjd
|t:|1757840567
|gametype|singles
|player|p1|HuntingHawk112|1|1068
|player|p2|Djwudhdjd|2|1074
|gen|9
|tier|[Gen 9] OU
|rated|
|rule|HP Percentage Mod: HP is shown in percentages
|rule|Endless Battle Clause: Forcing endless battles is banned
|rule|Species Clause: Limit one of each Pokémon
|rule|OHKO Clause: OHKO moves are banned
|rule|Evasion Items Clause: Evasion items are banned
|rule|Evasion Moves Clause: Evasion moves are banned
|rule|Evasion Abilities Clause: Evasion abilities are banned
|rule|Sleep Moves Clause: Sleep-inducing moves are banned
|clearpoke
|poke|p1|Alomomola, M|
|poke|p1|Corviknight, M|
|poke|p1|Moltres|
|poke|p1|Ting-Lu|
|poke|p1|Lucario, F|
|poke|p1|Electivire, M|
|poke|p2|Scizor, F|
|poke|p2|Garchomp, M|
|poke|p2|Gengar, F|
|poke|p2|Corviknight, F|
|poke|p2|Slowking-Galar, M|
|poke|p2|Milotic, F|
|teampreview
|
|t:|1757840589
|teamsize|p1|6
|teamsize|p2|6
|start
|switch|p1a: Moltres|Moltres|100/100
|switch|p2a: Milotic|Milotic, F|100/100
|turn|1
|inactive|Battle timer is ON: inactive players will automatically lose when time's up. (requested by Djwudhdjd)
|
|t:|1757840600
|switch|p1a: Corviknight|Corviknight, M|100/100
|move|p2a: Milotic|Dragon Tail|p1a: Corviknight
|-resisted|p1a: Corviknight
|-damage|p1a: Corviknight|98/100
|-damage|p2a: Milotic|84/100|[from] item: Rocky Helmet|[of] p1a: Corviknight
|drag|p1a: Moltres|Moltres|100/100
|
|-status|p2a: Milotic|brn|[from] item: Flame Orb
|upkeep
|turn|2
|
|t:|1757840612
|switch|p1a: Corviknight|Corviknight, M|98/100
|move|p2a: Milotic|Scald|p1a: Corviknight
|-damage|p1a: Corviknight|68/100
|-status|p1a: Corviknight|brn
|
|-damage|p2a: Milotic|78/100 brn|[from] brn
|-damage|p1a: Corviknight|62/100 brn|[from] brn
|upkeep
|turn|3
|
|t:|1757840626
|switch|p2a: Corviknight|Corviknight, F|100/100
|-ability|p2a: Corviknight|Pressure
|move|p1a: Corviknight|Roost|p1a: Corviknight
|-heal|p1a: Corviknight|100/100 brn
|-singleturn|p1a: Corviknight|move: Roost
|
|-damage|p1a: Corviknight|94/100 brn|[from] brn
|upkeep
|turn|4
|
|t:|1757840636
|move|p1a: Corviknight|U-turn|p2a: Corviknight
|-resisted|p2a: Corviknight
|-damage|p2a: Corviknight|99/100
|-damage|p1a: Corviknight|78/100 brn|[from] item: Rocky Helmet|[of] p2a: Corviknight
|
|t:|1757840641
|switch|p1a: Moltres|Moltres|100/100|[from] U-turn
|move|p2a: Corviknight|U-turn|p1a: Moltres
|-resisted|p1a: Moltres
|-damage|p1a: Moltres|97/100
|-status|p2a: Corviknight|brn|[from] ability: Flame Body|[of] p1a: Moltres
|
|t:|1757840655
|switch|p2a: Slowking|Slowking-Galar, M|100/100|[from] U-turn
|
|upkeep
|turn|5
|
|t:|1757840664
|move|p1a: Moltres|Flamethrower|p2a: Slowking
|-damage|p2a: Slowking|80/100
|move|p2a: Slowking|Future Sight|p1a: Moltres
|-start|p2a: Slowking|move: Future Sight
|
|upkeep
|turn|6
|
|t:|1757840675
|switch|p1a: Ting-Lu|Ting-Lu|100/100
|-ability|p1a: Ting-Lu|Vessel of Ruin
|move|p2a: Slowking|Sludge Bomb|p1a: Ting-Lu
|-resisted|p1a: Ting-Lu
|-damage|p1a: Ting-Lu|93/100
|
|-heal|p1a: Ting-Lu|99/100|[from] item: Leftovers
|upkeep
|turn|7
|
|t:|1757840686
|switch|p2a: Corviknight|Corviknight, F|99/100 brn
|-ability|p2a: Corviknight|Pressure
|move|p1a: Ting-Lu|Stealth Rock|p2a: Corviknight
|-sidestart|p2: Djwudhdjd|move: Stealth Rock
|
|-end|p1a: Ting-Lu|move: Future Sight
|-immune|p1a: Ting-Lu
|-heal|p1a: Ting-Lu|100/100|[from] item: Leftovers
|-damage|p2a: Corviknight|93/100 brn|[from] brn
|upkeep
|turn|8
|
|t:|1757840699
|move|p2a: Corviknight|U-turn|p1a: Ting-Lu
|-supereffective|p1a: Ting-Lu
|-damage|p1a: Ting-Lu|93/100
|
|t:|1757840708
|switch|p2a: Scizor|Scizor, F|100/100|[from] U-turn
|-damage|p2a: Scizor|88/100|[from] Stealth Rock
|move|p1a: Ting-Lu|Whirlwind|p2a: Scizor
|drag|p2a: Milotic|Milotic, F|78/100 brn
|-damage|p2a: Milotic|65/100 brn|[from] Stealth Rock
|
|-heal|p1a: Ting-Lu|99/100|[from] item: Leftovers
|-damage|p2a: Milotic|59/100 brn|[from] brn
|upkeep
|turn|9
|
|t:|1757840731
|switch|p1a: Lucario|Lucario, F|100/100
|move|p2a: Milotic|Recover|p2a: Milotic
|-heal|p2a: Milotic|100/100 brn
|
|-damage|p2a: Milotic|94/100 brn|[from] brn
|upkeep
|turn|10
|inactive|HuntingHawk112 has 120 seconds left.
|
|t:|1757840759
|switch|p1a: Corviknight|Corviknight, M|78/100 brn
|move|p2a: Milotic|Scald|p1a: Corviknight
|-damage|p1a: Corviknight|51/100 brn
|
|-damage|p2a: Milotic|88/100 brn|[from] brn
|-damage|p1a: Corviknight|45/100 brn|[from] brn
|upkeep
|turn|11
|inactive|HuntingHawk112 has 120 seconds left.
|
|t:|1757840769
|move|p2a: Milotic|Scald|p1a: Corviknight
|-damage|p1a: Corviknight|14/100 brn
|move|p1a: Corviknight|Roost|p1a: Corviknight
|-heal|p1a: Corviknight|64/100 brn
|-singleturn|p1a: Corviknight|move: Roost
|
|-damage|p2a: Milotic|82/100 brn|[from] brn
|-damage|p1a: Corviknight|58/100 brn|[from] brn
|upkeep
|turn|12
|inactive|HuntingHawk112 has 120 seconds left.
|
|t:|1757840781
|move|p2a: Milotic|Scald|p1a: Corviknight
|-damage|p1a: Corviknight|30/100 brn
|move|p1a: Corviknight|Roost|p1a: Corviknight
|-heal|p1a: Corviknight|80/100 brn
|-singleturn|p1a: Corviknight|move: Roost
|
|-damage|p2a: Milotic|76/100 brn|[from] brn
|-damage|p1a: Corviknight|74/100 brn|[from] brn
|upkeep
|turn|13
|inactive|HuntingHawk112 has 120 seconds left.
|
|t:|1757840793
|switch|p2a: Corviknight|Corviknight, F|93/100 brn
|-damage|p2a: Corviknight|81/100 brn|[from] Stealth Rock
|-ability|p2a: Corviknight|Pressure
|move|p1a: Corviknight|U-turn|p2a: Corviknight
|-resisted|p2a: Corviknight
|-damage|p2a: Corviknight|80/100 brn
|-damage|p1a: Corviknight|57/100 brn|[from] item: Rocky Helmet|[of] p2a: Corviknight
|inactive|HuntingHawk112 has 120 seconds left.
|
|t:|1757840813
|switch|p1a: Electivire|Electivire, M|100/100|[from] U-turn
|-item|p1a: Electivire|Air Balloon
|
|-damage|p2a: Corviknight|73/100 brn|[from] brn
|upkeep
|turn|14
|
|t:|1757840825
|move|p1a: Electivire|Bulk Up|p1a: Electivire
|-boost|p1a: Electivire|atk|1
|-boost|p1a: Electivire|def|1
|move|p2a: Corviknight|U-turn|p1a: Electivire
|-damage|p1a: Electivire|94/100
|-enditem|p1a: Electivire|Air Balloon
|inactive|Djwudhdjd has 120 seconds left.
|
|t:|1757840852
|switch|p2a: Garchomp|Garchomp, M|100/100|[from] U-turn
|-damage|p2a: Garchomp|94/100|[from] Stealth Rock
|
|upkeep
|turn|15
|inactive|HuntingHawk112 has 120 seconds left.
|
|t:|1757840858
|switch|p2a: Corviknight|Corviknight, F|73/100 brn
|-damage|p2a: Corviknight|61/100 brn|[from] Stealth Rock
|-ability|p2a: Corviknight|Pressure
|move|p1a: Electivire|Ice Punch|p2a: Corviknight
|-damage|p2a: Corviknight|36/100 brn
|-damage|p1a: Electivire|77/100|[from] item: Rocky Helmet|[of] p2a: Corviknight
|
|-damage|p2a: Corviknight|30/100 brn|[from] brn
|upkeep
|turn|16
|inactive|HuntingHawk112 has 120 seconds left.
|
|t:|1757840872
|move|p1a: Electivire|Ice Punch|p2a: Corviknight
|-damage|p2a: Corviknight|9/100 brn
|-damage|p1a: Electivire|61/100|[from] item: Rocky Helmet|[of] p2a: Corviknight
|move|p2a: Corviknight|Defog|p1a: Electivire
|-unboost|p1a: Electivire|evasion|1
|-sideend|p2: Djwudhdjd|Stealth Rock|[from] move: Defog|[of] p2a: Corviknight
|
|-damage|p2a: Corviknight|3/100 brn|[from] brn
|upkeep
|turn|17
|inactive|HuntingHawk112 has 120 seconds left.
|
|t:|1757840884
|move|p1a: Electivire|Ice Punch|p2a: Corviknight
|-damage|p2a: Corviknight|0 fnt
|-damage|p1a: Electivire|45/100|[from] item: Rocky Helmet|[of] p2a: Corviknight
|faint|p2a: Corviknight
|
|upkeep
|inactive|Djwudhdjd has 120 seconds left.
|
|t:|1757840903
|switch|p2a: Gengar|Gengar, F|100/100
|turn|18
|
|t:|1757840918
|switch|p1a: Lucario|Lucario, F|100/100
|move|p2a: Gengar|Dazzling Gleam|p1a: Lucario
|-damage|p1a: Lucario|55/100
|
|upkeep
|turn|19
|
|t:|1757840927
|switch|p2a: Milotic|Milotic, F|76/100 brn
|-terastallize|p1a: Lucario|Steel
|move|p1a: Lucario|Dark Pulse|p2a: Milotic
|-damage|p2a: Milotic|56/100 brn
|
|-damage|p2a: Milotic|50/100 brn|[from] brn
|upkeep
|turn|20
|
|t:|1757840940
|move|p1a: Lucario|Flash Cannon|p2a: Milotic
|-resisted|p2a: Milotic
|-damage|p2a: Milotic|32/100 brn
|move|p2a: Milotic|Recover|p2a: Milotic
|-heal|p2a: Milotic|82/100 brn
|
|-damage|p2a: Milotic|76/100 brn|[from] brn
|upkeep
|turn|21
|
|t:|1757840950
|switch|p1a: Alomomola|Alomomola, M|100/100
|move|p2a: Milotic|Scald|p1a: Alomomola
|-resisted|p1a: Alomomola
|-damage|p1a: Alomomola|82/100
|
|-heal|p1a: Alomomola|88/100|[from] item: Leftovers
|-damage|p2a: Milotic|69/100 brn|[from] brn
|upkeep
|turn|22
|
|t:|1757840964
|move|p1a: Alomomola|Mirror Coat||[still]
|-fail|p1a: Alomomola
|move|p2a: Milotic|Dragon Tail|p1a: Alomomola
|-damage|p1a: Alomomola|86/100
|drag|p1a: Corviknight|Corviknight, M|57/100 brn
|
|-damage|p2a: Milotic|63/100 brn|[from] brn
|-damage|p1a: Corviknight|51/100 brn|[from] brn
|upkeep
|turn|23
|
|t:|1757840977
|switch|p1a: Alomomola|Alomomola, M|100/100
|move|p2a: Milotic|Dragon Tail|p1a: Alomomola|[miss]
|-miss|p2a: Milotic|p1a: Alomomola
|
|-damage|p2a: Milotic|57/100 brn|[from] brn
|upkeep
|turn|24
|
|t:|1757840988
|move|p1a: Alomomola|Protect|p1a: Alomomola
|-singleturn|p1a: Alomomola|Protect
|move|p2a: Milotic|Recover|p2a: Milotic
|-heal|p2a: Milotic|100/100 brn
|
|-damage|p2a: Milotic|94/100 brn|[from] brn
|upkeep
|turn|25
|
|t:|1757840996
|switch|p2a: Slowking|Slowking-Galar, M|100/100
|move|p1a: Alomomola|Wish|p1a: Alomomola
|
|upkeep
|turn|26
|
|t:|1757841004
|move|p2a: Slowking|Future Sight|p1a: Alomomola
|-start|p2a: Slowking|move: Future Sight
|move|p1a: Alomomola|Mirror Coat||[still]
|-fail|p1a: Alomomola
|
|upkeep
|turn|27
|
|t:|1757841009
|switch|p2a: Scizor|Scizor, F|88/100
|move|p1a: Alomomola|Mirror Coat||[still]
|-fail|p1a: Alomomola
|
|upkeep
|turn|28
|
|t:|1757841017
|move|p2a: Scizor|Swords Dance|p2a: Scizor
|-boost|p2a: Scizor|atk|2
|move|p1a: Alomomola|Mirror Coat||[still]
|-fail|p1a: Alomomola
|
|-end|p1a: Alomomola|move: Future Sight
|-damage|p1a: Alomomola|40/100
|-heal|p1a: Alomomola|46/100|[from] item: Leftovers
|upkeep
|turn|29
|
|t:|1757841029
|move|p2a: Scizor|U-turn|p1a: Alomomola
|-damage|p1a: Alomomola|6/100
|
|t:|1757841038
|switch|p2a: Garchomp|Garchomp, M|94/100|[from] U-turn
|move|p1a: Alomomola|Wish|p1a: Alomomola
|
|-heal|p1a: Alomomola|13/100|[from] item: Leftovers
|upkeep
|turn|30
|
|t:|1757841053
|switch|p2a: Slowking|Slowking-Galar, M|100/100
|move|p1a: Alomomola|Protect||[still]
|-fail|p1a: Alomomola
|
|-heal|p1a: Alomomola|63/100|[from] move: Wish|[wisher] Alomomola
|-heal|p1a: Alomomola|69/100|[from] item: Leftovers
|upkeep
|turn|31
|
|t:|1757841064
|move|p1a: Alomomola|Wish|p1a: Alomomola
|move|p2a: Slowking|Future Sight|p1a: Alomomola
|-start|p2a: Slowking|move: Future Sight
|
|-heal|p1a: Alomomola|75/100|[from] item: Leftovers
|upkeep
|turn|32
|
|t:|1757841089
|switch|p1a: Electivire|Electivire, M|45/100
|switch|p2a: Milotic|Milotic, F|94/100 brn
|
|-heal|p1a: Electivire|100/100|[from] move: Wish|[wisher] Alomomola
|-damage|p2a: Milotic|88/100 brn|[from] brn
|upkeep
|turn|33
|
|t:|1757841107
|move|p1a: Electivire|Ice Punch|p2a: Milotic
|-resisted|p2a: Milotic
|-damage|p2a: Milotic|82/100 brn
|move|p2a: Milotic|Recover|p2a: Milotic
|-heal|p2a: Milotic|100/100 brn
|
|-end|p1a: Electivire|move: Future Sight
|-damage|p1a: Electivire|36/100
|-damage|p2a: Milotic|94/100 brn|[from] brn
|upkeep
|turn|34
|
|t:|1757841118
|switch|p1a: Alomomola|Alomomola, M|100/100
|move|p2a: Milotic|Scald|p1a: Alomomola
|-resisted|p1a: Alomomola
|-damage|p1a: Alomomola|83/100
|
|-heal|p1a: Alomomola|89/100|[from] item: Leftovers
|-damage|p2a: Milotic|88/100 brn|[from] brn
|upkeep
|turn|35
|
|t:|1757841130
|switch|p2a: Slowking|Slowking-Galar, M|100/100
|move|p1a: Alomomola|Wish|p1a: Alomomola
|
|-heal|p1a: Alomomola|95/100|[from] item: Leftovers
|upkeep
|turn|36
|
|t:|1757841141
|switch|p1a: Corviknight|Corviknight, M|51/100 brn
|move|p2a: Slowking|Future Sight|p1a: Corviknight
|-start|p2a: Slowking|move: Future Sight
|
|-heal|p1a: Corviknight|100/100 brn|[from] move: Wish|[wisher] Alomomola
|-damage|p1a: Corviknight|94/100 brn|[from] brn
|upkeep
|turn|37
|
|t:|1757841150
|switch|p1a: Ting-Lu|Ting-Lu|99/100
|-ability|p1a: Ting-Lu|Vessel of Ruin
|move|p2a: Slowking|Flamethrower|p1a: Ting-Lu
|-damage|p1a: Ting-Lu|89/100
|
|-heal|p1a: Ting-Lu|95/100|[from] item: Leftovers
|upkeep
|turn|38
|
|t:|1757841160
|switch|p2a: Scizor|Scizor, F|88/100
|move|p1a: Ting-Lu|Stealth Rock|p2a: Scizor
|-sidestart|p2: Djwudhdjd|move: Stealth Rock
|
|-end|p1a: Ting-Lu|move: Future Sight
|-immune|p1a: Ting-Lu
|-heal|p1a: Ting-Lu|100/100|[from] item: Leftovers
|upkeep
|turn|39
|
|t:|1757841172
|switch|p1a: Moltres|Moltres|97/100
|move|p2a: Scizor|U-turn|p1a: Moltres
|-resisted|p1a: Moltres
|-damage|p1a: Moltres|86/100
|
|t:|1757841189
|switch|p2a: Gengar|Gengar, F|100/100|[from] U-turn
|-damage|p2a: Gengar|88/100|[from] Stealth Rock
|
|upkeep
|turn|40
|
|t:|1757841211
|switch|p2a: Slowking|Slowking-Galar, M|100/100
|-damage|p2a: Slowking|88/100|[from] Stealth Rock
|move|p1a: Moltres|Scorching Sands|p2a: Slowking
|-supereffective|p2a: Slowking
|-damage|p2a: Slowking|65/100
|-status|p2a: Slowking|brn
|
|-damage|p2a: Slowking|59/100 brn|[from] brn
|upkeep
|turn|41
|inactive|Djwudhdjd has 120 seconds left.
|
|t:|1757841227
|switch|p1a: Alomomola|Alomomola, M|100/100
|move|p2a: Slowking|Future Sight|p1a: Alomomola
|-start|p2a: Slowking|move: Future Sight
|
|-damage|p2a: Slowking|53/100 brn|[from] brn
|upkeep
|turn|42
|
|t:|1757841238
|move|p2a: Slowking|Sludge Bomb|p1a: Alomomola
|-damage|p1a: Alomomola|60/100
|move|p1a: Alomomola|Mirror Coat|p2a: Slowking
|-damage|p2a: Slowking|0 fnt
|faint|p2a: Slowking
|
|-heal|p1a: Alomomola|66/100|[from] item: Leftovers
|upkeep
|inactive|Djwudhdjd has 120 seconds left.
|
|t:|1757841257
|switch|p2a: Gengar|Gengar, F|88/100
|-damage|p2a: Gengar|76/100|[from] Stealth Rock
|turn|43
|
|t:|1757841264
|move|p1a: Alomomola|Protect|p1a: Alomomola
|-singleturn|p1a: Alomomola|Protect
|move|p2a: Gengar|Dazzling Gleam|p1a: Alomomola
|-activate|p1a: Alomomola|move: Protect
|
|-end|p1a: Alomomola|move: Future Sight
|-damage|p1a: Alomomola|5/100
|-heal|p1a: Alomomola|12/100|[from] item: Leftovers
|upkeep
|turn|44
|inactive|HuntingHawk112 has 120 seconds left.
|
|t:|1757841298
|switch|p1a: Ting-Lu|Ting-Lu|100/100
|-ability|p1a: Ting-Lu|Vessel of Ruin
|move|p2a: Gengar|Dazzling Gleam|p1a: Ting-Lu
|-supereffective|p1a: Ting-Lu
|-damage|p1a: Ting-Lu|66/100
|
|-heal|p1a: Ting-Lu|72/100|[from] item: Leftovers
|upkeep
|turn|45
|inactive|HuntingHawk112 has 120 seconds left.
|
|t:|1757841317
|switch|p2a: Scizor|Scizor, F|88/100
|-damage|p2a: Scizor|76/100|[from] Stealth Rock
|move|p1a: Ting-Lu|Throat Chop|p2a: Scizor
|-damage|p2a: Scizor|41/100
|-start|p2a: Scizor|Throat Chop|[silent]
|
|-heal|p1a: Ting-Lu|78/100|[from] item: Leftovers
|upkeep
|turn|46
|inactive|HuntingHawk112 has 120 seconds left.
|
|t:|1757841328
|switch|p1a: Moltres|Moltres|86/100
|move|p2a: Scizor|U-turn|p1a: Moltres
|-resisted|p1a: Moltres
|-damage|p1a: Moltres|77/100
|
|t:|1757841336
|switch|p2a: Gengar|Gengar, F|76/100|[from] U-turn
|-damage|p2a: Gengar|64/100|[from] Stealth Rock
|
|upkeep
|turn|47
|
|t:|1757841342
|move|p2a: Gengar|Thunderbolt|p1a: Moltres
|-supereffective|p1a: Moltres
|-damage|p1a: Moltres|0 fnt
|faint|p1a: Moltres
|
|upkeep
|
|t:|1757841350
|switch|p1a: Alomomola|Alomomola, M|45/100
|turn|48
|
|t:|1757841365
|switch|p2a: Milotic|Milotic, F|88/100 brn
|-damage|p2a: Milotic|76/100 brn|[from] Stealth Rock
|switch|p1a: Electivire|Electivire, M|36/100
|
|-damage|p2a: Milotic|69/100 brn|[from] brn
|upkeep
|turn|49
|
|t:|1757841374
|move|p1a: Electivire|Wild Charge|p2a: Milotic
|-supereffective|p2a: Milotic
|-damage|p2a: Milotic|22/100 brn
|-damage|p1a: Electivire|22/100|[from] Recoil
|move|p2a: Milotic|Scald|p1a: Electivire
|-damage|p1a: Electivire|0 fnt
|faint|p1a: Electivire
|
|-damage|p2a: Milotic|16/100 brn|[from] brn
|upkeep
|
|t:|1757841386
|switch|p1a: Lucario|Lucario, F, tera:Steel|55/100
|turn|50
|
|t:|1757841390
|move|p1a: Lucario|Vacuum Wave|p2a: Milotic
|-damage|p2a: Milotic|2/100 brn
|move|p2a: Milotic|Recover|p2a: Milotic
|-heal|p2a: Milotic|52/100 brn
|
|-damage|p2a: Milotic|46/100 brn|[from] brn
|upkeep
|turn|51
|
|t:|1757841403
|move|p1a: Lucario|Aura Sphere|p2a: Milotic
|-damage|p2a: Milotic|19/100 brn
|move|p2a: Milotic|Recover|p2a: Milotic
|-heal|p2a: Milotic|69/100 brn
|
|-damage|p2a: Milotic|63/100 brn|[from] brn
|upkeep
|turn|52
|
|t:|1757841412
|switch|p1a: Alomomola|Alomomola, M|78/100
|move|p2a: Milotic|Scald|p1a: Alomomola
|-resisted|p1a: Alomomola
|-damage|p1a: Alomomola|62/100
|
|-heal|p1a: Alomomola|68/100|[from] item: Leftovers
|-damage|p2a: Milotic|56/100 brn|[from] brn
|upkeep
|turn|53
|
|t:|1757841424
|move|p2a: Milotic|Recover|p2a: Milotic
|-heal|p2a: Milotic|100/100 brn
|move|p1a: Alomomola|Wish|p1a: Alomomola
|
|-heal|p1a: Alomomola|74/100|[from] item: Leftovers
|-damage|p2a: Milotic|94/100 brn|[from] brn
|upkeep
|turn|54
|
|t:|1757841434
|move|p1a: Alomomola|Flip Turn|p2a: Milotic
|-resisted|p2a: Milotic
|-damage|p2a: Milotic|90/100 brn
|
|t:|1757841438
|switch|p1a: Lucario|Lucario, F, tera:Steel|55/100|[from] Flip Turn
|move|p2a: Milotic|Dragon Tail|p1a: Lucario
|-resisted|p1a: Lucario
|-damage|p1a: Lucario|53/100
|drag|p1a: Alomomola|Alomomola, M|100/100
|
|-damage|p2a: Milotic|84/100 brn|[from] brn
|upkeep
|turn|55
|
|t:|1757841457
|switch|p2a: Scizor|Scizor, F|41/100
|-damage|p2a: Scizor|28/100|[from] Stealth Rock
|switch|p1a: Lucario|Lucario, F, tera:Steel|53/100
|
|upkeep
|turn|56
|
|t:|1757841469
|move|p1a: Lucario|Vacuum Wave|p2a: Scizor
|-damage|p2a: Scizor|7/100
|move|p2a: Scizor|Bullet Punch|p1a: Lucario
|-resisted|p1a: Lucario
|-damage|p1a: Lucario|39/100
|
|upkeep
|turn|57
|
|t:|1757841478
|move|p1a: Lucario|Vacuum Wave|p2a: Scizor
|-damage|p2a: Scizor|0 fnt
|faint|p2a: Scizor
|
|upkeep
|
|t:|1757841486
|switch|p2a: Gengar|Gengar, F|64/100
|-damage|p2a: Gengar|52/100|[from] Stealth Rock
|turn|58
|
|t:|1757841506
|switch|p2a: Milotic|Milotic, F|84/100 brn
|-damage|p2a: Milotic|71/100 brn|[from] Stealth Rock
|switch|p1a: Ting-Lu|Ting-Lu|78/100
|-ability|p1a: Ting-Lu|Vessel of Ruin
|
|-heal|p1a: Ting-Lu|85/100|[from] item: Leftovers
|-damage|p2a: Milotic|65/100 brn|[from] brn
|upkeep
|turn|59
|
|t:|1757841518
|switch|p1a: Alomomola|Alomomola, M|100/100
|move|p2a: Milotic|Scald|p1a: Alomomola
|-resisted|p1a: Alomomola
|-damage|p1a: Alomomola|82/100
|
|-heal|p1a: Alomomola|88/100|[from] item: Leftovers
|-damage|p2a: Milotic|59/100 brn|[from] brn
|upkeep
|turn|60
|
|t:|1757841529
|move|p1a: Alomomola|Wish|p1a: Alomomola
|move|p2a: Milotic|Dragon Tail|p1a: Alomomola
|-damage|p1a: Alomomola|86/100
|drag|p1a: Corviknight|Corviknight, M|94/100 brn
|
|-damage|p2a: Milotic|53/100 brn|[from] brn
|-damage|p1a: Corviknight|88/100 brn|[from] brn
|upkeep
|turn|61
|
|t:|1757841542
|switch|p2a: Gengar|Gengar, F|52/100
|-damage|p2a: Gengar|39/100|[from] Stealth Rock
|move|p1a: Corviknight|Drill Peck|p2a: Gengar
|-damage|p2a: Gengar|13/100
|
|-heal|p1a: Corviknight|100/100 brn|[from] move: Wish|[wisher] Alomomola
|-damage|p1a: Corviknight|94/100 brn|[from] brn
|upkeep
|turn|62
|
|t:|1757841555
|move|p2a: Gengar|Thunderbolt|p1a: Corviknight
|-supereffective|p1a: Corviknight
|-damage|p1a: Corviknight|9/100 brn
|move|p1a: Corviknight|Drill Peck|p2a: Gengar
|-damage|p2a: Gengar|0 fnt
|faint|p2a: Gengar
|
|-damage|p1a: Corviknight|3/100 brn|[from] brn
|upkeep
|
|t:|1757841568
|switch|p2a: Garchomp|Garchomp, M|94/100
|-damage|p2a: Garchomp|88/100|[from] Stealth Rock
|turn|63
|
|t:|1757841574
|move|p2a: Garchomp|Dragon Claw|p1a: Corviknight
|-resisted|p1a: Corviknight
|-damage|p1a: Corviknight|0 fnt
|-damage|p2a: Garchomp|72/100|[from] item: Rocky Helmet|[of] p1a: Corviknight
|faint|p1a: Corviknight
|
|upkeep
|
|t:|1757841583
|switch|p1a: Ting-Lu|Ting-Lu|85/100
|-ability|p1a: Ting-Lu|Vessel of Ruin
|turn|64
|l|☆Djwudhdjd
|inactive|Djwudhdjd disconnected and has a minute to reconnect!
|player|p2|
|inactive|Djwudhdjd has 30 seconds to reconnect!
|inactive|Djwudhdjd has 20 seconds to reconnect!
|inactive|Djwudhdjd has 15 seconds to reconnect!
|inactive|Djwudhdjd has 10 seconds to reconnect!
|inactive|Djwudhdjd has 5 seconds to reconnect!
|-message|Djwudhdjd lost due to inactivity.
|
|win|HuntingHawk112
|raw|HuntingHawk112's rating: 1068 &rarr; <strong>1098</strong><br />(+30 for winning)
|raw|Djwudhdjd's rating: 1074 &rarr; <strong>1053</strong><br />(-21 for losing)
|l|☆HuntingHawk112
|player|p1|
