|j|☆mustang Dijon
|j|☆Martoelpro
|t:|1757792997
|gametype|singles
|player|p1|mustang Dijon|blue|1212
|player|p2|Martoelpro|1|1173
|gen|9
|tier|[Gen 9] OU
|rated|
|rule|HP Percentage Mod: HP is shown in percentages
|rule|Endless Battle Clause: Forcing endless battles is banned
|rule|Species Clause: Limit one of each Pokémon
|rule|OHKO Clause: OHKO moves are banned
|rule|Evasion Items Clause: Evasion items are banned
|rule|Evasion Moves Clause: Evasion moves are banned
|rule|Evasion Abilities Clause: Evasion abilities are banned
|rule|Sleep Moves Clause: Sleep-inducing moves are banned
|clearpoke
|poke|p1|Inteleon, F|
|poke|p1|Zapdos|
|poke|p1|Ursaluna, F|
|poke|p1|Ogerpon-Wellspring, F|
|poke|p1|Azumarill, M|
|poke|p1|Sinistcha|
|poke|p2|Meowscarada, F|
|poke|p2|Gengar, F|
|poke|p2|Sandy Shocks|
|poke|p2|Corviknight, F|
|poke|p2|Umbreon, M|
|poke|p2|Tauros-Paldea-Aqua, M|
|teampreview
|inactive|Battle timer is ON: inactive players will automatically lose when time's up. (requested by mustang Dijon)
|
|t:|1757793021
|teamsize|p1|6
|teamsize|p2|6
|start
|switch|p1a: SaySo|Sinistcha|100/100
|switch|p2a: Meowscarada|Meowscarada, F, shiny|100/100
|turn|1
|
|t:|1757793028
|-terastallize|p1a: SaySo|Bug
|move|p2a: Meowscarada|Knock Off|p1a: SaySo
|-start|p2a: Meowscarada|typechange|Dark|[from] ability: Protean
|-crit|p1a: SaySo
|-damage|p1a: SaySo|43/100
|-enditem|p1a: SaySo|Colbur Berry|[from] move: Knock Off|[of] p2a: Meowscarada
|move|p1a: SaySo|Matcha Gotcha|p2a: Meowscarada
|-damage|p2a: Meowscarada|45/100
|-heal|p1a: SaySo|70/100|[from] drain|[of] p2a: Meowscarada
|
|upkeep
|turn|2
|
|t:|1757793041
|switch|p2a: Corviknight|Corviknight, F, shiny|100/100
|-ability|p2a: Corviknight|Pressure
|move|p1a: SaySo|Strength Sap|p2a: Corviknight
|-unboost|p2a: Corviknight|atk|1
|-heal|p1a: SaySo|100/100
|
|upkeep
|turn|3
|
|t:|1757793050
|switch|p1a: Azuzu|Zapdos|100/100
|move|p2a: Corviknight|Brave Bird|p1a: Azuzu
|-resisted|p1a: Azuzu
|-damage|p1a: Azuzu|89/100
|-damage|p2a: Corviknight|97/100|[from] Recoil
|
|upkeep
|turn|4
|
|t:|1757793058
|switch|p2a: Sandy Shocks|Sandy Shocks, shiny|100/100
|-enditem|p2a: Sandy Shocks|Booster Energy
|-activate|p2a: Sandy Shocks|ability: Protosynthesis|[fromitem]
|-start|p2a: Sandy Shocks|protosynthesisspa
|move|p1a: Azuzu|U-turn|p2a: Sandy Shocks
|-damage|p2a: Sandy Shocks|86/100
|
|t:|1757793060
|switch|p1a: Absolute Leech|Ogerpon-Wellspring, F|100/100|[from] U-turn
|
|upkeep
|turn|5
|
|t:|1757793072
|-end|p2a: Sandy Shocks|Protosynthesis|[silent]
|switch|p2a: Umbreon|Umbreon, M, shiny|100/100
|move|p1a: Absolute Leech|Ivy Cudgel|p2a: Umbreon|[anim] Ivy Cudgel Water
|-damage|p2a: Umbreon|55/100
|
|-heal|p2a: Umbreon|61/100|[from] item: Leftovers
|upkeep
|turn|6
|
|t:|1757793081
|switch|p1a: OkLoser|Ursaluna, F|100/100
|move|p2a: Umbreon|Toxic|p1a: OkLoser
|-status|p1a: OkLoser|tox
|
|-heal|p2a: Umbreon|67/100|[from] item: Leftovers
|-damage|p1a: OkLoser|94/100 tox|[from] psn
|upkeep
|turn|7
|
|t:|1757793089
|move|p2a: Umbreon|Moonlight|p2a: Umbreon
|-heal|p2a: Umbreon|100/100
|move|p1a: OkLoser|High Horsepower|p2a: Umbreon
|-crit|p2a: Umbreon
|-damage|p2a: Umbreon|21/100
|
|-heal|p2a: Umbreon|27/100|[from] item: Leftovers
|-heal|p1a: OkLoser|100/100 tox|[from] item: Leftovers
|-damage|p1a: OkLoser|88/100 tox|[from] psn
|upkeep
|turn|8
|
|t:|1757793102
|move|p2a: Umbreon|Moonlight|p2a: Umbreon
|-heal|p2a: Umbreon|77/100
|move|p1a: OkLoser|High Horsepower|p2a: Umbreon
|-damage|p2a: Umbreon|22/100
|
|-heal|p2a: Umbreon|28/100|[from] item: Leftovers
|-heal|p1a: OkLoser|94/100 tox|[from] item: Leftovers
|-damage|p1a: OkLoser|75/100 tox|[from] psn
|upkeep
|turn|9
|
|t:|1757793112
|switch|p2a: Corviknight|Corviknight, F, shiny|97/100
|-ability|p2a: Corviknight|Pressure
|switch|p1a: Absolute Leech|Ogerpon-Wellspring, F|100/100
|
|upkeep
|turn|10
|
|t:|1757793119
|switch|p1a: Azuzu|Zapdos|89/100
|move|p2a: Corviknight|Brave Bird|p1a: Azuzu
|-resisted|p1a: Azuzu
|-damage|p1a: Azuzu|71/100
|-damage|p2a: Corviknight|92/100|[from] Recoil
|
|upkeep
|turn|11
|
|t:|1757793126
|switch|p2a: Sandy Shocks|Sandy Shocks, shiny|86/100
|move|p1a: Azuzu|U-turn|p2a: Sandy Shocks
|-damage|p2a: Sandy Shocks|72/100
|
|t:|1757793129
|switch|p1a: Absolute Leech|Ogerpon-Wellspring, F|100/100|[from] U-turn
|
|upkeep
|turn|12
|
|t:|1757793136
|-end|p2a: Sandy Shocks|Protosynthesis|[silent]
|switch|p2a: Gengar|Gengar, F|100/100
|move|p1a: Absolute Leech|Ivy Cudgel|p2a: Gengar|[anim] Ivy Cudgel Water
|-damage|p2a: Gengar|0 fnt
|faint|p2a: Gengar
|
|upkeep
|
|t:|1757793145
|switch|p2a: Meowscarada|Meowscarada, F, shiny|45/100
|turn|13
|
|t:|1757793149
|switch|p1a: Inteleon|Inteleon, F|100/100
|move|p2a: Meowscarada|U-turn|p1a: Inteleon
|-start|p2a: Meowscarada|typechange|Bug|[from] ability: Protean
|-damage|p1a: Inteleon|41/100
|
|t:|1757793156
|switch|p2a: Sandy Shocks|Sandy Shocks, shiny|72/100|[from] U-turn
|
|upkeep
|turn|14
|
|t:|1757793167
|-terastallize|p2a: Sandy Shocks|Ice
|move|p1a: Inteleon|Snipe Shot|p2a: Sandy Shocks
|-damage|p2a: Sandy Shocks|19/100
|move|p2a: Sandy Shocks|Thunderbolt|p1a: Inteleon
|-supereffective|p1a: Inteleon
|-damage|p1a: Inteleon|0 fnt
|faint|p1a: Inteleon
|
|upkeep
|
|t:|1757793173
|switch|p1a: Absolute Leech|Ogerpon-Wellspring, F|100/100
|turn|15
|
|t:|1757793178
|-end|p2a: Sandy Shocks|Protosynthesis|[silent]
|switch|p2a: Corviknight|Corviknight, F, shiny|92/100
|-ability|p2a: Corviknight|Pressure
|move|p1a: Absolute Leech|Ivy Cudgel|p2a: Corviknight|[anim] Ivy Cudgel Water
|-damage|p2a: Corviknight|59/100
|
|upkeep
|turn|16
|
|t:|1757793186
|switch|p1a: Azuzu|Zapdos|71/100
|move|p2a: Corviknight|Roost|p2a: Corviknight
|-heal|p2a: Corviknight|100/100
|-singleturn|p2a: Corviknight|move: Roost
|
|upkeep
|turn|17
|
|t:|1757793194
|move|p1a: Azuzu|Thunderbolt|p2a: Corviknight
|-supereffective|p2a: Corviknight
|-damage|p2a: Corviknight|17/100
|move|p2a: Corviknight|U-turn|p1a: Azuzu
|-resisted|p1a: Azuzu
|-damage|p1a: Azuzu|64/100
|-status|p2a: Corviknight|par|[from] ability: Static|[of] p1a: Azuzu
|
|t:|1757793201
|switch|p2a: Meowscarada|Meowscarada, F, shiny|45/100|[from] U-turn
|
|upkeep
|turn|18
|
|t:|1757793205
|switch|p1a: SaySo|Sinistcha, tera:Bug|100/100
|move|p2a: Meowscarada|Triple Axel|p1a: SaySo
|-start|p2a: Meowscarada|typechange|Ice|[from] ability: Protean
|-damage|p1a: SaySo|93/100
|-crit|p1a: SaySo
|-damage|p1a: SaySo|71/100
|-damage|p1a: SaySo|49/100
|-hitcount|p1a: SaySo|3
|
|upkeep
|turn|19
|
|t:|1757793220
|switch|p2a: Corviknight|Corviknight, F, shiny|17/100 par
|-ability|p2a: Corviknight|Pressure
|move|p1a: SaySo|Strength Sap|p2a: Corviknight
|-unboost|p2a: Corviknight|atk|1
|-heal|p1a: SaySo|100/100
|
|upkeep
|turn|20
|
|t:|1757793227
|move|p1a: SaySo|Shadow Ball|p2a: Corviknight
|-damage|p2a: Corviknight|0 fnt
|faint|p2a: Corviknight
|
|upkeep
|
|t:|1757793238
|switch|p2a: Tauros|Tauros-Paldea-Aqua, M, shiny|100/100
|-ability|p2a: Tauros|Intimidate|boost
|-unboost|p1a: SaySo|atk|1
|turn|21
|
|t:|1757793244
|move|p2a: Tauros|Wave Crash|p1a: SaySo
|-damage|p1a: SaySo|49/100
|-damage|p2a: Tauros|83/100|[from] Recoil
|move|p1a: SaySo|Matcha Gotcha|p2a: Tauros
|-supereffective|p2a: Tauros
|-damage|p2a: Tauros|0 fnt
|-heal|p1a: SaySo|89/100|[from] drain|[of] p2a: Tauros
|faint|p2a: Tauros
|
|upkeep
|
|t:|1757793254
|switch|p2a: Sandy Shocks|Sandy Shocks, shiny, tera:Ice|19/100
|turn|22
|
|t:|1757793259
|switch|p1a: Absolute Leech|Ogerpon-Wellspring, F|100/100
|move|p2a: Sandy Shocks|Thunderbolt|p1a: Absolute Leech
|-damage|p1a: Absolute Leech|52/100
|
|upkeep
|turn|23
|
|t:|1757793266
|move|p1a: Absolute Leech|Ivy Cudgel|p2a: Sandy Shocks|[anim] Ivy Cudgel Water
|-crit|p2a: Sandy Shocks
|-damage|p2a: Sandy Shocks|0 fnt
|faint|p2a: Sandy Shocks
|-end|p2a: Sandy Shocks|Protosynthesis|[silent]
|
|upkeep
|
|t:|1757793271
|switch|p2a: Meowscarada|Meowscarada, F, shiny|45/100
|turn|24
|
|t:|1757793279
|switch|p1a: OkLoser|Ursaluna, F|75/100 tox
|move|p2a: Meowscarada|U-turn|p1a: OkLoser
|-start|p2a: Meowscarada|typechange|Bug|[from] ability: Protean
|-damage|p1a: OkLoser|53/100 tox
|
|t:|1757793285
|switch|p2a: Umbreon|Umbreon, M, shiny|28/100|[from] U-turn
|
|-heal|p2a: Umbreon|35/100|[from] item: Leftovers
|-heal|p1a: OkLoser|59/100 tox|[from] item: Leftovers
|-damage|p1a: OkLoser|53/100 tox|[from] psn
|upkeep
|turn|25
|
|t:|1757793295
|move|p2a: Umbreon|Moonlight|p2a: Umbreon
|-heal|p2a: Umbreon|85/100
|move|p1a: OkLoser|High Horsepower|p2a: Umbreon
|-damage|p2a: Umbreon|32/100
|
|-heal|p2a: Umbreon|38/100|[from] item: Leftovers
|-heal|p1a: OkLoser|59/100 tox|[from] item: Leftovers
|-damage|p1a: OkLoser|47/100 tox|[from] psn
|upkeep
|turn|26
|
|t:|1757793304
|switch|p1a: Absolute Leech|Ogerpon-Wellspring, F|52/100
|move|p2a: Umbreon|Moonlight|p2a: Umbreon
|-heal|p2a: Umbreon|88/100
|
|-heal|p2a: Umbreon|94/100|[from] item: Leftovers
|upkeep
|turn|27
|
|t:|1757793313
|move|p1a: Absolute Leech|Encore|p2a: Umbreon
|-start|p2a: Umbreon|Encore
|move|p2a: Umbreon|Moonlight|p2a: Umbreon
|-heal|p2a: Umbreon|100/100
|
|upkeep
|turn|28
|
|t:|1757793323
|move|p1a: Absolute Leech|Ivy Cudgel|p2a: Umbreon|[anim] Ivy Cudgel Water
|-damage|p2a: Umbreon|58/100
|move|p2a: Umbreon|Moonlight|p2a: Umbreon
|-heal|p2a: Umbreon|100/100
|
|upkeep
|turn|29
|
|t:|1757793330
|move|p1a: Absolute Leech|Focus Energy|p1a: Absolute Leech
|-start|p1a: Absolute Leech|move: Focus Energy
|move|p2a: Umbreon|Moonlight|p2a: Umbreon
|-fail|p2a: Umbreon|heal
|
|-end|p2a: Umbreon|Encore
|upkeep
|turn|30
|
|t:|1757793337
|move|p1a: Absolute Leech|Ivy Cudgel|p2a: Umbreon|[anim] Ivy Cudgel Water
|-crit|p2a: Umbreon
|-damage|p2a: Umbreon|27/100
|move|p2a: Umbreon|Toxic|p1a: Absolute Leech
|-status|p1a: Absolute Leech|tox
|
|-heal|p2a: Umbreon|33/100|[from] item: Leftovers
|-damage|p1a: Absolute Leech|46/100 tox|[from] psn
|upkeep
|turn|31
|
|t:|1757793345
|move|p1a: Absolute Leech|Ivy Cudgel|p2a: Umbreon|[anim] Ivy Cudgel Water
|-crit|p2a: Umbreon
|-damage|p2a: Umbreon|0 fnt
|faint|p2a: Umbreon
|
|-damage|p1a: Absolute Leech|34/100 tox|[from] psn
|upkeep
|
|t:|1757793355
|switch|p2a: Meowscarada|Meowscarada, F, shiny|45/100
|turn|32
|
|t:|1757793363
|move|p2a: Meowscarada|Flower Trick|p1a: Absolute Leech
|-start|p2a: Meowscarada|typechange|Grass|[from] ability: Protean
|-crit|p1a: Absolute Leech
|-damage|p1a: Absolute Leech|0 fnt
|faint|p1a: Absolute Leech
|
|upkeep
|
|t:|1757793365
|switch|p1a: Azuzu|Zapdos|64/100
|turn|33
|
|t:|1757793371
|move|p2a: Meowscarada|Flower Trick|p1a: Azuzu
|-resisted|p1a: Azuzu
|-crit|p1a: Azuzu
|-damage|p1a: Azuzu|40/100
|move|p1a: Azuzu|Air Cutter|p2a: Meowscarada
|-supereffective|p2a: Meowscarada
|-crit|p2a: Meowscarada
|-damage|p2a: Meowscarada|0 fnt
|faint|p2a: Meowscarada
|
|win|mustang Dijon
|raw|mustang Dijon's rating: 1212 &rarr; <strong>1234</strong><br />(+22 for winning)
|raw|Martoelpro's rating: 1173 &rarr; <strong>1151</strong><br />(-22 for losing)
