|j|☆YamaskJJ
|j|☆UltraAero
|t:|1757896703
|gametype|singles
|player|p1|YamaskJJ|102|1265
|player|p2|UltraAero|dawn-gen4pt|1213
|gen|9
|tier|[Gen 9] OU
|rated|
|rule|HP Percentage Mod: HP is shown in percentages
|rule|Endless Battle Clause: Forcing endless battles is banned
|rule|Species Clause: Limit one of each Pokémon
|rule|OHKO Clause: OHKO moves are banned
|rule|Evasion Items Clause: Evasion items are banned
|rule|Evasion Moves Clause: Evasion moves are banned
|rule|Evasion Abilities Clause: Evasion abilities are banned
|rule|Sleep Moves Clause: Sleep-inducing moves are banned
|clearpoke
|poke|p1|Dondozo, M|
|poke|p1|Blissey, F|
|poke|p1|Corviknight, M|
|poke|p1|Weezing-Galar, F|
|poke|p1|Gliscor, F|
|poke|p1|Toxapex, F|
|poke|p2|Sylveon, F|
|poke|p2|Gliscor, F|
|poke|p2|Cinderace, M|
|poke|p2|Vaporeon, M|
|poke|p2|Iron Moth|
|poke|p2|Raichu-Alola, M|
|teampreview
|
|t:|1757896711
|teamsize|p1|6
|teamsize|p2|6
|start
|switch|p1a: Gliscor|Gliscor, F|100/100
|switch|p2a: Cinderace|Cinderace, M|100/100
|turn|1
|
|t:|1757896722
|move|p1a: Gliscor|Protect|p1a: Gliscor
|-singleturn|p1a: Gliscor|Protect
|move|p2a: Cinderace|U-turn|p1a: Gliscor
|-start|p2a: Cinderace|typechange|Bug|[from] ability: Libero
|-activate|p1a: Gliscor|move: Protect
|
|-status|p1a: Gliscor|tox|[from] item: Toxic Orb
|upkeep
|turn|2
|
|t:|1757896733
|switch|p2a: Gliscor|Gliscor, F|100/100
|move|p1a: Gliscor|Spikes|p2a: Gliscor
|-sidestart|p2: UltraAero|Spikes
|
|-status|p2a: Gliscor|tox|[from] item: Toxic Orb
|upkeep
|turn|3
|
|t:|1757896741
|move|p2a: Gliscor|Knock Off|p1a: Gliscor
|-damage|p1a: Gliscor|77/100 tox
|-enditem|p1a: Gliscor|Toxic Orb|[from] move: Knock Off|[of] p2a: Gliscor
|move|p1a: Gliscor|Spikes|p2a: Gliscor
|-sidestart|p2: UltraAero|Spikes
|
|-heal|p1a: Gliscor|90/100 tox|[from] ability: Poison Heal
|upkeep
|turn|4
|inactive|Battle timer is ON: inactive players will automatically lose when time's up. (requested by UltraAero)
|
|t:|1757896758
|switch|p2a: Iron Moth|Iron Moth|100/100
|-damage|p2a: Iron Moth|84/100|[from] Spikes
|-enditem|p2a: Iron Moth|Booster Energy
|-activate|p2a: Iron Moth|ability: Quark Drive|[fromitem]
|-start|p2a: Iron Moth|quarkdrivespa
|move|p1a: Gliscor|Knock Off|p2a: Iron Moth
|-damage|p2a: Iron Moth|59/100
|
|-heal|p1a: Gliscor|100/100 tox|[from] ability: Poison Heal
|upkeep
|turn|5
|
|t:|1757896773
|switch|p1a: Blissey|Blissey, F|100/100
|move|p2a: Iron Moth|Electric Terrain|p2a: Iron Moth
|-fieldstart|move: Electric Terrain
|
|upkeep
|turn|6
|
|t:|1757896781
|move|p2a: Iron Moth|Sludge Wave|p1a: Blissey
|-crit|p1a: Blissey
|-damage|p1a: Blissey|67/100
|move|p1a: Blissey|Calm Mind|p1a: Blissey
|-boost|p1a: Blissey|spa|1
|-boost|p1a: Blissey|spd|1
|
|-heal|p1a: Blissey|73/100|[from] item: Leftovers
|upkeep
|turn|7
|
|t:|1757896789
|move|p2a: Iron Moth|Fiery Dance|p1a: Blissey
|-crit|p1a: Blissey
|-damage|p1a: Blissey|45/100
|-boost|p2a: Iron Moth|spa|1
|move|p1a: Blissey|Calm Mind|p1a: Blissey
|-boost|p1a: Blissey|spa|1
|-boost|p1a: Blissey|spd|1
|
|-heal|p1a: Blissey|51/100|[from] item: Leftovers
|upkeep
|turn|8
|
|t:|1757896799
|move|p2a: Iron Moth|Sludge Wave|p1a: Blissey
|-damage|p1a: Blissey|35/100
|move|p1a: Blissey|Soft-Boiled|p1a: Blissey
|-heal|p1a: Blissey|85/100
|
|-heal|p1a: Blissey|92/100|[from] item: Leftovers
|upkeep
|turn|9
|
|t:|1757896810
|-end|p2a: Iron Moth|Quark Drive|[silent]
|switch|p2a: Gliscor|Gliscor, F|100/100 tox
|move|p1a: Blissey|Seismic Toss|p2a: Gliscor
|-damage|p2a: Gliscor|66/100 tox
|
|-heal|p1a: Blissey|98/100|[from] item: Leftovers
|-heal|p2a: Gliscor|79/100 tox|[from] ability: Poison Heal
|-fieldend|move: Electric Terrain
|upkeep
|turn|10
|
|t:|1757896820
|switch|p1a: Dondozo|Dondozo, M|100/100
|move|p2a: Gliscor|Knock Off|p1a: Dondozo
|-damage|p1a: Dondozo|89/100
|-enditem|p1a: Dondozo|Leftovers|[from] move: Knock Off|[of] p2a: Gliscor
|
|-heal|p2a: Gliscor|91/100 tox|[from] ability: Poison Heal
|upkeep
|turn|11
|
|t:|1757896830
|switch|p2a: Vaporeon|Vaporeon, M|100/100
|-damage|p2a: Vaporeon|84/100|[from] Spikes
|move|p1a: Dondozo|Avalanche|p2a: Vaporeon
|-resisted|p2a: Vaporeon
|-damage|p2a: Vaporeon|77/100
|
|-heal|p2a: Vaporeon|83/100|[from] item: Leftovers
|upkeep
|turn|12
|
|t:|1757896841
|switch|p1a: Blissey|Blissey, F|98/100
|move|p2a: Vaporeon|Scald|p1a: Blissey
|-damage|p1a: Blissey|85/100
|-status|p1a: Blissey|brn
|
|-heal|p2a: Vaporeon|89/100|[from] item: Leftovers
|-heal|p1a: Blissey|91/100 brn|[from] item: Leftovers
|-damage|p1a: Blissey|85/100 brn|[from] brn
|upkeep
|turn|13
|
|t:|1757896853
|switch|p2a: Gliscor|Gliscor, F|91/100 tox
|move|p1a: Blissey|Stealth Rock|p2a: Gliscor
|-sidestart|p2: UltraAero|move: Stealth Rock
|
|-heal|p1a: Blissey|91/100 brn|[from] item: Leftovers
|-heal|p2a: Gliscor|100/100 tox|[from] ability: Poison Heal
|-damage|p1a: Blissey|85/100 brn|[from] brn
|upkeep
|turn|14
|
|t:|1757896863
|-curestatus|p1a: Blissey|brn|[from] ability: Natural Cure
|switch|p1a: Dondozo|Dondozo, M|89/100
|move|p2a: Gliscor|Knock Off|p1a: Dondozo
|-damage|p1a: Dondozo|81/100
|
|upkeep
|turn|15
|
|t:|1757896872
|move|p2a: Gliscor|Protect|p2a: Gliscor
|-singleturn|p2a: Gliscor|Protect
|move|p1a: Dondozo|Avalanche|p2a: Gliscor
|-activate|p2a: Gliscor|move: Protect
|
|upkeep
|turn|16
|
|t:|1757896890
|-terastallize|p2a: Gliscor|Ghost
|move|p2a: Gliscor|Toxic Spikes|p1a: Dondozo
|-sidestart|p1: YamaskJJ|move: Toxic Spikes
|move|p1a: Dondozo|Avalanche|p2a: Gliscor
|-damage|p2a: Gliscor|86/100 tox
|
|-heal|p2a: Gliscor|99/100 tox|[from] ability: Poison Heal
|upkeep
|turn|17
|
|t:|1757896920
|move|p2a: Gliscor|Earthquake|p1a: Dondozo
|-crit|p1a: Dondozo
|-damage|p1a: Dondozo|53/100
|move|p1a: Dondozo|Avalanche|p2a: Gliscor
|-damage|p2a: Gliscor|71/100 tox
|
|-heal|p2a: Gliscor|83/100 tox|[from] ability: Poison Heal
|upkeep
|turn|18
|
|t:|1757896930
|move|p2a: Gliscor|Earthquake|p1a: Dondozo
|-damage|p1a: Dondozo|33/100
|move|p1a: Dondozo|Rest|p1a: Dondozo
|-status|p1a: Dondozo|slp|[from] move: Rest
|-heal|p1a: Dondozo|100/100 slp|[silent]
|
|-heal|p2a: Gliscor|96/100 tox|[from] ability: Poison Heal
|upkeep
|turn|19
|
|t:|1757896939
|switch|p2a: Iron Moth|Iron Moth|59/100
|-damage|p2a: Iron Moth|42/100|[from] Spikes
|-damage|p2a: Iron Moth|17/100|[from] Stealth Rock
|cant|p1a: Dondozo|slp
|move|p1a: Dondozo|Sleep Talk|p1a: Dondozo
|move|p1a: Dondozo|Body Press|p2a: Iron Moth|[from] move: Sleep Talk
|-resisted|p2a: Iron Moth
|-damage|p2a: Iron Moth|0 fnt
|faint|p2a: Iron Moth
|-end|p2a: Iron Moth|Quark Drive|[silent]
|
|upkeep
|
|t:|1757896961
|switch|p2a: Raichu|Raichu-Alola, M|100/100
|-damage|p2a: Raichu|84/100|[from] Spikes
|-damage|p2a: Raichu|72/100|[from] Stealth Rock
|turn|20
|
|t:|1757896982
|switch|p1a: Blissey|Blissey, F|85/100
|-status|p1a: Blissey|psn
|move|p2a: Raichu|Nasty Plot|p2a: Raichu
|-boost|p2a: Raichu|spa|2
|
|-heal|p1a: Blissey|91/100 psn|[from] item: Leftovers
|-damage|p1a: Blissey|79/100 psn|[from] psn
|upkeep
|turn|21
|
|t:|1757896992
|move|p2a: Raichu|Psychic Noise|p1a: Blissey
|-damage|p1a: Blissey|55/100 psn
|-start|p1a: Blissey|move: Heal Block
|-damage|p2a: Raichu|62/100|[from] item: Life Orb
|move|p1a: Blissey|Calm Mind|p1a: Blissey
|-boost|p1a: Blissey|spa|1
|-boost|p1a: Blissey|spd|1
|
|-damage|p1a: Blissey|42/100 psn|[from] psn
|upkeep
|turn|22
|
|t:|1757897012
|-terastallize|p1a: Blissey|Dark
|move|p2a: Raichu|Psychic Noise|p1a: Blissey
|-immune|p1a: Blissey
|move|p1a: Blissey|Calm Mind|p1a: Blissey
|-boost|p1a: Blissey|spa|1
|-boost|p1a: Blissey|spd|1
|
|-damage|p1a: Blissey|30/100 psn|[from] psn
|-end|p1a: Blissey|move: Heal Block
|upkeep
|turn|23
|
|t:|1757897023
|move|p2a: Raichu|Thunderbolt|p1a: Blissey
|-damage|p1a: Blissey|15/100 psn
|-damage|p2a: Raichu|52/100|[from] item: Life Orb
|move|p1a: Blissey|Soft-Boiled|p1a: Blissey
|-heal|p1a: Blissey|65/100 psn
|
|-heal|p1a: Blissey|71/100 psn|[from] item: Leftovers
|-damage|p1a: Blissey|58/100 psn|[from] psn
|upkeep
|turn|24
|
|t:|1757897033
|move|p2a: Raichu|Nasty Plot|p2a: Raichu
|-boost|p2a: Raichu|spa|2
|move|p1a: Blissey|Soft-Boiled|p1a: Blissey
|-heal|p1a: Blissey|100/100 psn
|
|-damage|p1a: Blissey|88/100 psn|[from] psn
|upkeep
|turn|25
|
|t:|1757897041
|move|p2a: Raichu|Thunderbolt|p1a: Blissey
|-damage|p1a: Blissey|65/100 psn
|-damage|p2a: Raichu|42/100|[from] item: Life Orb
|move|p1a: Blissey|Calm Mind|p1a: Blissey
|-boost|p1a: Blissey|spa|1
|-boost|p1a: Blissey|spd|1
|
|-heal|p1a: Blissey|72/100 psn|[from] item: Leftovers
|-damage|p1a: Blissey|59/100 psn|[from] psn
|upkeep
|turn|26
|
|t:|1757897055
|move|p2a: Raichu|Nasty Plot|p2a: Raichu
|-boost|p2a: Raichu|spa|2
|move|p1a: Blissey|Soft-Boiled|p1a: Blissey
|-heal|p1a: Blissey|100/100 psn
|
|-damage|p1a: Blissey|88/100 psn|[from] psn
|upkeep
|turn|27
|
|t:|1757897063
|move|p2a: Raichu|Thunderbolt|p1a: Blissey
|-crit|p1a: Blissey
|-damage|p1a: Blissey|0 fnt
|faint|p1a: Blissey
|-damage|p2a: Raichu|32/100|[from] item: Life Orb
|
|upkeep
|c|☆UltraAero|dang ☠️
|c|☆YamaskJJ|sick
|
|t:|1757897079
|switch|p1a: Gliscor|Gliscor, F|100/100 tox
|turn|28
|
|t:|1757897084
|move|p2a: Raichu|Surf|p1a: Gliscor
|-supereffective|p1a: Gliscor
|-damage|p1a: Gliscor|0 fnt
|faint|p1a: Gliscor
|-damage|p2a: Raichu|22/100|[from] item: Life Orb
|
|upkeep
|
|t:|1757897104
|switch|p1a: Toxapex|Toxapex, F|100/100
|-sideend|p1: YamaskJJ|move: Toxic Spikes|[of] p1a: Toxapex
|turn|29
|
|t:|1757897114
|switch|p1a: Corviknight|Corviknight, M|100/100
|-ability|p1a: Corviknight|Pressure
|move|p2a: Raichu|Psychic Noise|p1a: Corviknight
|-resisted|p1a: Corviknight
|-damage|p1a: Corviknight|25/100
|-start|p1a: Corviknight|move: Heal Block
|-damage|p2a: Raichu|12/100|[from] item: Life Orb
|
|upkeep
|turn|30
|
|t:|1757897126
|move|p2a: Raichu|Thunderbolt|p1a: Corviknight
|-supereffective|p1a: Corviknight
|-damage|p1a: Corviknight|0 fnt
|faint|p1a: Corviknight
|-damage|p2a: Raichu|2/100|[from] item: Life Orb
|
|upkeep
|
|t:|1757897136
|switch|p1a: Weezing|Weezing-Galar, F|100/100
|-ability|p1a: Weezing|Neutralizing Gas
|turn|31
|l|☆UltraAero
|inactive|UltraAero disconnected and has a minute to reconnect!
|player|p2|
|j|☆UltraAero
|inactive|UltraAero reconnected and has 145 seconds left.
|player|p2|UltraAero|dawn-gen4pt|
|
|t:|1757897143
|move|p2a: Raichu|Psychic Noise|p1a: Weezing
|-supereffective|p1a: Weezing
|-damage|p1a: Weezing|0 fnt
|faint|p1a: Weezing
|-end|p1a: Weezing|ability: Neutralizing Gas
|-damage|p2a: Raichu|0 fnt|[from] item: Life Orb
|faint|p2a: Raichu
|
|upkeep
|
|t:|1757897159
|switch|p2a: Cinderace|Cinderace, M|100/100
|switch|p1a: Toxapex|Toxapex, F|100/100
|-damage|p2a: Cinderace|84/100|[from] Spikes
|-damage|p2a: Cinderace|59/100|[from] Stealth Rock
|turn|32
|
|t:|1757897165
|move|p2a: Cinderace|Iron Head|p1a: Toxapex
|-start|p2a: Cinderace|typechange|Steel|[from] ability: Libero
|-resisted|p1a: Toxapex
|-damage|p1a: Toxapex|86/100
|cant|p1a: Toxapex|flinch
|
|-heal|p1a: Toxapex|92/100|[from] item: Leftovers
|upkeep
|turn|33
|
|t:|1757897174
|move|p2a: Cinderace|U-turn|p1a: Toxapex
|-resisted|p1a: Toxapex
|-damage|p1a: Toxapex|84/100
|
|t:|1757897177
|switch|p2a: Gliscor|Gliscor, F, tera:Ghost|96/100 tox|[from] U-turn
|-damage|p2a: Gliscor|79/100 tox|[from] Spikes
|-damage|p2a: Gliscor|67/100 tox|[from] Stealth Rock
|move|p1a: Toxapex|Toxic Spikes|p2a: Gliscor
|-sidestart|p2: UltraAero|move: Toxic Spikes
|
|-heal|p1a: Toxapex|90/100|[from] item: Leftovers
|-heal|p2a: Gliscor|79/100 tox|[from] ability: Poison Heal
|upkeep
|turn|34
|
|t:|1757897187
|switch|p1a: Dondozo|Dondozo, M|100/100 slp
|move|p2a: Gliscor|Earthquake|p1a: Dondozo
|-damage|p1a: Dondozo|83/100 slp
|
|-heal|p2a: Gliscor|92/100 tox|[from] ability: Poison Heal
|upkeep
|turn|35
|
|t:|1757897195
|switch|p2a: Sylveon|Sylveon, F|100/100
|cant|p1a: Dondozo|slp
|move|p1a: Dondozo|Sleep Talk|p1a: Dondozo
|move|p1a: Dondozo|Rest||[from] move: Sleep Talk|[still]
|-fail|p1a: Dondozo
|
|upkeep
|turn|36
|
|t:|1757897208
|move|p2a: Sylveon|Substitute|p2a: Sylveon
|-start|p2a: Sylveon|Substitute
|-damage|p2a: Sylveon|76/100
|-curestatus|p1a: Dondozo|slp|[msg]
|move|p1a: Dondozo|Avalanche|p2a: Sylveon
|-activate|p2a: Sylveon|move: Substitute|[damage]
|
|upkeep
|turn|37
|
|t:|1757897218
|switch|p1a: Toxapex|Toxapex, F|100/100
|move|p2a: Sylveon|Calm Mind|p2a: Sylveon
|-boost|p2a: Sylveon|spa|1
|-boost|p2a: Sylveon|spd|1
|
|upkeep
|turn|38
|l|☆UltraAero
|inactive|UltraAero disconnected and has a minute to reconnect!
|player|p2|
|j|☆UltraAero
|inactive|UltraAero reconnected and has 140 seconds left.
|player|p2|UltraAero|dawn-gen4pt|
|
|t:|1757897232
|move|p2a: Sylveon|Calm Mind|p2a: Sylveon
|-boost|p2a: Sylveon|spa|1
|-boost|p2a: Sylveon|spd|1
|move|p1a: Toxapex|Haze|p1a: Toxapex
|-clearallboost
|
|upkeep
|turn|39
|
|t:|1757897240
|move|p2a: Sylveon|Hyper Voice|p1a: Toxapex
|-resisted|p1a: Toxapex
|-damage|p1a: Toxapex|82/100
|move|p1a: Toxapex|Toxic Spikes|p2a: Sylveon
|-sidestart|p2: UltraAero|move: Toxic Spikes
|
|-heal|p1a: Toxapex|89/100|[from] item: Leftovers
|upkeep
|turn|40
|
|t:|1757897249
|move|p2a: Sylveon|Calm Mind|p2a: Sylveon
|-boost|p2a: Sylveon|spa|1
|-boost|p2a: Sylveon|spd|1
|move|p1a: Toxapex|Haze|p1a: Toxapex
|-clearallboost
|
|-heal|p1a: Toxapex|95/100|[from] item: Leftovers
|upkeep
|turn|41
|l|☆UltraAero
|inactive|UltraAero disconnected and has a minute to reconnect!
|player|p2|
|j|☆UltraAero
|inactive|UltraAero reconnected and has 130 seconds left.
|player|p2|UltraAero|dawn-gen4pt|
|
|t:|1757897275
|move|p2a: Sylveon|Calm Mind|p2a: Sylveon
|-boost|p2a: Sylveon|spa|1
|-boost|p2a: Sylveon|spd|1
|move|p1a: Toxapex|Haze|p1a: Toxapex
|-clearallboost
|
|-heal|p1a: Toxapex|100/100|[from] item: Leftovers
|upkeep
|turn|42
|c|☆YamaskJJ|I got to leave bro you can take the win ggs
|c|☆UltraAero|gg
|-message|YamaskJJ forfeited.
|
|win|UltraAero
|raw|YamaskJJ's rating: 1265 &rarr; <strong>1236</strong><br />(-29 for losing)
|raw|UltraAero's rating: 1213 &rarr; <strong>1242</strong><br />(+29 for winning)
|l|☆UltraAero
|player|p2|
|l|☆YamaskJJ
|player|p1|
|j|☆UltraAero
|player|p2|UltraAero|dawn-gen4pt|
|l|☆UltraAero
|player|p2|
