|j|☆malamarkus
|j|☆jarrodbennett
|t:|1757938533
|gametype|singles
|player|p1|malamarkus|carmine-festival|1481
|player|p2|jarrodbennett|170|1540
|gen|9
|tier|[Gen 9] OU
|rated|
|rule|HP Percentage Mod: HP is shown in percentages
|rule|Endless Battle Clause: Forcing endless battles is banned
|rule|Species Clause: Limit one of each Pokémon
|rule|OHKO Clause: OHKO moves are banned
|rule|Evasion Items Clause: Evasion items are banned
|rule|Evasion Moves Clause: Evasion moves are banned
|rule|Evasion Abilities Clause: Evasion abilities are banned
|rule|Sleep Moves Clause: Sleep-inducing moves are banned
|clearpoke
|poke|p1|Kingambit, M|
|poke|p1|Deoxys-Speed|
|poke|p1|Great Tusk|
|poke|p1|Dragonite, M|
|poke|p1|Iron Moth|
|poke|p1|Malamar, F|
|poke|p2|Ribombee, F|
|poke|p2|Cinderace, M|
|poke|p2|Serperior, M|
|poke|p2|Hitmonlee, M|
|poke|p2|Empoleon, F|
|poke|p2|Kingambit, F|
|teampreview
|
|t:|1757938611
|teamsize|p1|6
|teamsize|p2|6
|start
|switch|p1a: Helios|Iron Moth|100/100
|switch|p2a: Ya Like Jazz?|Ribombee, F|100/100
|-enditem|p1a: Helios|Booster Energy
|-activate|p1a: Helios|ability: Quark Drive|[fromitem]
|-start|p1a: Helios|quarkdrivespe
|turn|1
|
|t:|1757938625
|move|p1a: Helios|Fiery Dance|p2a: Ya Like Jazz?
|-supereffective|p2a: Ya Like Jazz?
|-enditem|p2a: Ya Like Jazz?|Focus Sash
|-damage|p2a: Ya Like Jazz?|1/100
|move|p2a: Ya Like Jazz?|Sticky Web|p1a: Helios
|-sidestart|p1: malamarkus|move: Sticky Web
|
|upkeep
|turn|2
|
|t:|1757938632
|move|p1a: Helios|Fiery Dance|p2a: Ya Like Jazz?
|-supereffective|p2a: Ya Like Jazz?
|-damage|p2a: Ya Like Jazz?|0 fnt
|faint|p2a: Ya Like Jazz?
|
|upkeep
|
|t:|1757938638
|switch|p2a: What's Up Doc?|Cinderace, M|100/100
|turn|3
|
|t:|1757938641
|move|p1a: Helios|Sludge Wave|p2a: What's Up Doc?
|-damage|p2a: What's Up Doc?|33/100
|move|p2a: What's Up Doc?|Court Change|p2a: What's Up Doc?
|-start|p2a: What's Up Doc?|typechange|Normal|[from] ability: Libero
|-swapsideconditions
|-activate|p2a: What's Up Doc?|move: Court Change
|
|upkeep
|turn|4
|
|t:|1757938651
|move|p1a: Helios|Fiery Dance|p2a: What's Up Doc?
|-damage|p2a: What's Up Doc?|0 fnt
|faint|p2a: What's Up Doc?
|
|upkeep
|
|t:|1757938659
|switch|p2a: Kickin' Nugget|Hitmonlee, M|100/100
|-activate|p2a: Kickin' Nugget|move: Sticky Web
|-unboost|p2a: Kickin' Nugget|spe|1
|-enditem|p2a: Kickin' Nugget|White Herb
|-clearnegativeboost|p2a: Kickin' Nugget|[silent]
|turn|5
|
|t:|1757938665
|move|p2a: Kickin' Nugget|Swords Dance|p2a: Kickin' Nugget
|-boost|p2a: Kickin' Nugget|atk|2
|move|p1a: Helios|Sludge Wave|p2a: Kickin' Nugget
|-damage|p2a: Kickin' Nugget|42/100
|
|upkeep
|turn|6
|
|t:|1757938671
|move|p2a: Kickin' Nugget|Close Combat|p1a: Helios
|-resisted|p1a: Helios
|-damage|p1a: Helios|9/100
|-unboost|p2a: Kickin' Nugget|def|1
|-unboost|p2a: Kickin' Nugget|spd|1
|move|p1a: Helios|Sludge Wave|p2a: Kickin' Nugget
|-damage|p2a: Kickin' Nugget|0 fnt
|faint|p2a: Kickin' Nugget
|
|upkeep
|
|t:|1757938681
|switch|p2a: Slytherin|Serperior, M|100/100
|-activate|p2a: Slytherin|move: Sticky Web
|-boost|p2a: Slytherin|spe|1
|turn|7
|
|t:|1757938688
|move|p2a: Slytherin|Leaf Storm|p1a: Helios
|-resisted|p1a: Helios
|-damage|p1a: Helios|0 fnt
|-boost|p2a: Slytherin|spa|2
|faint|p1a: Helios
|-end|p1a: Helios|Quark Drive|[silent]
|
|upkeep
|
|t:|1757938700
|switch|p1a: Niteinshiningarmor|Dragonite, M, shiny|100/100
|turn|8
|
|t:|1757938710
|move|p2a: Slytherin|Leaf Storm|p1a: Niteinshiningarmor
|-resisted|p1a: Niteinshiningarmor
|-damage|p1a: Niteinshiningarmor|88/100
|-boost|p2a: Slytherin|spa|2
|move|p1a: Niteinshiningarmor|Fire Punch|p2a: Slytherin
|-supereffective|p2a: Slytherin
|-damage|p2a: Slytherin|0 fnt
|faint|p2a: Slytherin
|
|upkeep
|
|t:|1757938720
|switch|p2a: Taking a Dump|Kingambit, F|100/100
|-activate|p2a: Taking a Dump|move: Sticky Web
|-unboost|p2a: Taking a Dump|spe|1
|-ability|p2a: Taking a Dump|Defiant|boost
|-boost|p2a: Taking a Dump|atk|2
|turn|9
|
|t:|1757938726
|move|p2a: Taking a Dump|Sucker Punch|p1a: Niteinshiningarmor
|-damage|p1a: Niteinshiningarmor|0 fnt
|faint|p1a: Niteinshiningarmor
|
|upkeep
|
|t:|1757938730
|switch|p1a: Calamari|Malamar, F|100/100
|turn|10
|
|t:|1757938738
|move|p2a: Taking a Dump|Sucker Punch||[still]
|-fail|p2a: Taking a Dump
|move|p1a: Calamari|Trick|p2a: Taking a Dump
|-activate|p1a: Calamari|move: Trick|[of] p2a: Taking a Dump
|-item|p2a: Taking a Dump|Choice Scarf|[from] move: Trick
|-item|p1a: Calamari|Lum Berry|[from] move: Trick
|
|upkeep
|turn|11
|
|t:|1757938751
|move|p1a: Calamari|Destiny Bond|p1a: Calamari
|-singlemove|p1a: Calamari|Destiny Bond
|move|p2a: Taking a Dump|Kowtow Cleave|p1a: Calamari
|-damage|p1a: Calamari|0 fnt
|faint|p1a: Calamari
|-activate|p1a: Calamari|move: Destiny Bond
|faint|p2a: Taking a Dump
|
|upkeep
|
|t:|1757938763
|switch|p1a: Great Thighs|Great Tusk|100/100
|switch|p2a: Big Z|Empoleon, F|100/100
|-activate|p2a: Big Z|move: Sticky Web
|-unboost|p2a: Big Z|spe|1
|-ability|p2a: Big Z|Competitive|boost
|-boost|p2a: Big Z|spa|2
|-enditem|p1a: Great Thighs|Booster Energy
|-activate|p1a: Great Thighs|ability: Protosynthesis|[fromitem]
|-start|p1a: Great Thighs|protosynthesisatk
|turn|12
|
|t:|1757938773
|-terastallize|p2a: Big Z|Ground
|move|p1a: Great Thighs|Headlong Rush|p2a: Big Z
|-damage|p2a: Big Z|12/100
|-unboost|p1a: Great Thighs|def|1
|-unboost|p1a: Great Thighs|spd|1
|move|p2a: Big Z|Surf|p1a: Great Thighs
|-supereffective|p1a: Great Thighs
|-damage|p1a: Great Thighs|0 fnt
|faint|p1a: Great Thighs
|-end|p1a: Great Thighs|Protosynthesis|[silent]
|
|upkeep
|
|t:|1757938779
|switch|p1a: Trick Room Support|Deoxys-Speed|100/100
|-ability|p1a: Trick Room Support|Pressure
|turn|13
|
|t:|1757938788
|move|p1a: Trick Room Support|Shadow Ball|p2a: Big Z
|-damage|p2a: Big Z|0 fnt
|faint|p2a: Big Z
|-damage|p1a: Trick Room Support|91/100|[from] item: Life Orb
|
|win|malamarkus
|raw|malamarkus's rating: 1481 &rarr; <strong>1504</strong><br />(+23 for winning)
|raw|jarrodbennett's rating: 1540 &rarr; <strong>1517</strong><br />(-23 for losing)
|l|☆malamarkus
|player|p1|
|l|☆jarrodbennett
|player|p2|
