|j|☆yamadakouta
|j|☆douadyrabbit
|t:|1757832694
|gametype|singles
|player|p1|yamadakouta|169|1195
|player|p2|douadyrabbit|pokefanf-gen2|1196
|gen|9
|tier|[Gen 9] OU
|rated|
|rule|HP Percentage Mod: HP is shown in percentages
|rule|Endless Battle Clause: Forcing endless battles is banned
|rule|Species Clause: Limit one of each Pokémon
|rule|OHKO Clause: OHKO moves are banned
|rule|Evasion Items Clause: Evasion items are banned
|rule|Evasion Moves Clause: Evasion moves are banned
|rule|Evasion Abilities Clause: Evasion abilities are banned
|rule|Sleep Moves Clause: Sleep-inducing moves are banned
|clearpoke
|poke|p1|Kingambit, M|
|poke|p1|Espeon, F|
|poke|p1|Gholdengo|
|poke|p1|Crawdaunt, F|
|poke|p1|Greninja-*, M|
|poke|p1|Cloyster, F|
|poke|p2|Slowking, F|
|poke|p2|Blissey, F|
|poke|p2|Alomomola, M|
|poke|p2|Clefable, M|
|poke|p2|Hatterene, F|
|poke|p2|Slowbro, M|
|teampreview
|
|t:|1757832708
|teamsize|p1|6
|teamsize|p2|6
|start
|switch|p1a: Crawdaunt|Crawdaunt, F|100/100
|switch|p2a: Slowbro|Slowbro, M|100/100
|turn|1
|
|t:|1757832723
|switch|p2a: Alomomola|Alomomola, M|100/100
|move|p1a: Crawdaunt|Dragon Dance|p1a: Crawdaunt
|-boost|p1a: Crawdaunt|atk|1
|-boost|p1a: Crawdaunt|spe|1
|
|upkeep
|turn|2
|
|t:|1757832731
|move|p1a: Crawdaunt|Knock Off|p2a: Alomomola
|-damage|p2a: Alomomola|45/100
|-enditem|p2a: Alomomola|Heavy-Duty Boots|[from] move: Knock Off|[of] p1a: Crawdaunt
|move|p2a: Alomomola|Scald|p1a: Crawdaunt
|-resisted|p1a: Crawdaunt
|-damage|p1a: Crawdaunt|86/100
|-status|p1a: Crawdaunt|brn
|
|-damage|p1a: Crawdaunt|80/100 brn|[from] brn
|upkeep
|turn|3
|
|t:|1757832742
|move|p1a: Crawdaunt|Dragon Dance|p1a: Crawdaunt
|-boost|p1a: Crawdaunt|atk|1
|-boost|p1a: Crawdaunt|spe|1
|move|p2a: Alomomola|Wish|p2a: Alomomola
|
|-damage|p1a: Crawdaunt|74/100 brn|[from] brn
|upkeep
|turn|4
|
|t:|1757832748
|move|p1a: Crawdaunt|Dragon Dance|p1a: Crawdaunt
|-boost|p1a: Crawdaunt|atk|1
|-boost|p1a: Crawdaunt|spe|1
|move|p2a: Alomomola|Flip Turn|p1a: Crawdaunt
|-resisted|p1a: Crawdaunt
|-damage|p1a: Crawdaunt|64/100 brn
|
|t:|1757832755
|switch|p2a: Clefable|Clefable, M|100/100|[from] Flip Turn
|
|-damage|p1a: Crawdaunt|58/100 brn|[from] brn
|upkeep
|turn|5
|
|t:|1757832761
|move|p1a: Crawdaunt|Crabhammer|p2a: Clefable
|-damage|p2a: Clefable|74/100
|move|p2a: Clefable|Wish|p2a: Clefable
|
|-heal|p2a: Clefable|80/100|[from] item: Leftovers
|-damage|p1a: Crawdaunt|52/100 brn|[from] brn
|upkeep
|turn|6
|
|t:|1757832776
|move|p1a: Crawdaunt|Crabhammer|p2a: Clefable
|-damage|p2a: Clefable|55/100
|move|p2a: Clefable|Moonblast|p1a: Crawdaunt
|-supereffective|p1a: Crawdaunt
|-crit|p1a: Crawdaunt
|-damage|p1a: Crawdaunt|0 fnt
|faint|p1a: Crawdaunt
|
|-heal|p2a: Clefable|100/100|[from] move: Wish|[wisher] Clefable
|upkeep
|
|t:|1757832793
|switch|p1a: Cloyster|Cloyster, F, shiny|100/100
|turn|7
|
|t:|1757832798
|move|p1a: Cloyster|Shell Smash|p1a: Cloyster
|-unboost|p1a: Cloyster|def|1
|-unboost|p1a: Cloyster|spd|1
|-boost|p1a: Cloyster|atk|2
|-boost|p1a: Cloyster|spa|2
|-boost|p1a: Cloyster|spe|2
|move|p2a: Clefable|Moonblast|p1a: Cloyster
|-damage|p1a: Cloyster|18/100
|
|upkeep
|turn|8
|
|t:|1757832808
|move|p1a: Cloyster|Icicle Spear|p2a: Clefable
|-damage|p2a: Clefable|91/100
|-damage|p2a: Clefable|82/100
|-damage|p2a: Clefable|75/100
|-damage|p2a: Clefable|66/100
|-damage|p2a: Clefable|57/100
|-hitcount|p2a: Clefable|5
|move|p2a: Clefable|Moonblast|p1a: Cloyster
|-damage|p1a: Cloyster|0 fnt
|faint|p1a: Cloyster
|
|-heal|p2a: Clefable|63/100|[from] item: Leftovers
|upkeep
|
|t:|1757832826
|switch|p1a: Greninja|Greninja, M|100/100
|turn|9
|
|t:|1757832831
|-terastallize|p1a: Greninja|Water
|move|p1a: Greninja|Surf|p2a: Clefable
|-damage|p2a: Clefable|0 fnt
|faint|p2a: Clefable
|-ability|p1a: Greninja|Battle Bond|boost
|-boost|p1a: Greninja|atk|1
|-boost|p1a: Greninja|spa|1
|-boost|p1a: Greninja|spe|1
|-activate|p1a: Greninja|ability: Battle Bond
|-damage|p1a: Greninja|91/100|[from] item: Life Orb
|
|upkeep
|
|t:|1757832841
|switch|p2a: Blissey|Blissey, F|100/100
|turn|10
|
|t:|1757832852
|switch|p1a: Kingambit|Kingambit, M|100/100
|-activate|p1a: Kingambit|ability: Supreme Overlord
|-start|p1a: Kingambit|fallen2|[silent]
|move|p2a: Blissey|Seismic Toss|p1a: Kingambit
|-damage|p1a: Kingambit|76/100
|
|upkeep
|turn|11
|
|t:|1757832868
|switch|p2a: Alomomola|Alomomola, M|79/100
|move|p1a: Kingambit|Kowtow Cleave|p2a: Alomomola
|-damage|p2a: Alomomola|47/100
|
|upkeep
|turn|12
|
|t:|1757832875
|move|p2a: Alomomola|Wish|p2a: Alomomola
|move|p1a: Kingambit|Kowtow Cleave|p2a: Alomomola
|-damage|p2a: Alomomola|15/100
|
|upkeep
|turn|13
|
|t:|1757832883
|move|p2a: Alomomola|Protect|p2a: Alomomola
|-singleturn|p2a: Alomomola|Protect
|move|p1a: Kingambit|Kowtow Cleave|p2a: Alomomola
|-activate|p2a: Alomomola|move: Protect
|
|-heal|p2a: Alomomola|65/100|[from] move: Wish|[wisher] Alomomola
|upkeep
|turn|14
|
|t:|1757832891
|move|p2a: Alomomola|Wish|p2a: Alomomola
|move|p1a: Kingambit|Kowtow Cleave|p2a: Alomomola
|-damage|p2a: Alomomola|31/100
|
|upkeep
|turn|15
|
|t:|1757832896
|move|p2a: Alomomola|Scald|p1a: Kingambit
|-damage|p1a: Kingambit|66/100
|move|p1a: Kingambit|Kowtow Cleave|p2a: Alomomola
|-damage|p2a: Alomomola|2/100
|
|-heal|p2a: Alomomola|52/100|[from] move: Wish|[wisher] Alomomola
|upkeep
|turn|16
|
|t:|1757832905
|move|p2a: Alomomola|Wish|p2a: Alomomola
|move|p1a: Kingambit|Kowtow Cleave|p2a: Alomomola
|-damage|p2a: Alomomola|23/100
|
|upkeep
|turn|17
|
|t:|1757832911
|move|p2a: Alomomola|Protect|p2a: Alomomola
|-singleturn|p2a: Alomomola|Protect
|move|p1a: Kingambit|Sucker Punch||[still]
|-fail|p1a: Kingambit
|
|-heal|p2a: Alomomola|73/100|[from] move: Wish|[wisher] Alomomola
|upkeep
|turn|18
|
|t:|1757832923
|-end|p1a: Kingambit|fallen2|[silent]
|switch|p1a: Espeon|Espeon, F|100/100
|move|p2a: Alomomola|Wish|p2a: Alomomola
|
|upkeep
|turn|19
|
|t:|1757832929
|move|p1a: Espeon|Psychic Noise|p2a: Alomomola
|-damage|p2a: Alomomola|26/100
|-start|p2a: Alomomola|move: Heal Block
|move|p2a: Alomomola|Flip Turn|p1a: Espeon
|-damage|p1a: Espeon|71/100
|
|t:|1757832938
|switch|p2a: Hatterene|Hatterene, F|100/100|[from] Flip Turn
|
|upkeep
|turn|20
|
|t:|1757832943
|switch|p1a: Gholdengo|Gholdengo|100/100
|-item|p1a: Gholdengo|Air Balloon
|move|p2a: Hatterene|Mystical Fire|p1a: Gholdengo
|-supereffective|p1a: Gholdengo
|-damage|p1a: Gholdengo|41/100
|-unboost|p1a: Gholdengo|spa|1
|-enditem|p1a: Gholdengo|Air Balloon
|
|upkeep
|turn|21
|
|t:|1757832953
|switch|p1a: Kingambit|Kingambit, M|66/100
|-activate|p1a: Kingambit|ability: Supreme Overlord
|-start|p1a: Kingambit|fallen2|[silent]
|switch|p2a: Blissey|Blissey, F|100/100
|
|upkeep
|turn|22
|
|t:|1757832964
|switch|p2a: Alomomola|Alomomola, M|59/100
|move|p1a: Kingambit|Kowtow Cleave|p2a: Alomomola
|-damage|p2a: Alomomola|25/100
|
|upkeep
|turn|23
|
|t:|1757832974
|move|p2a: Alomomola|Protect|p2a: Alomomola
|-singleturn|p2a: Alomomola|Protect
|move|p1a: Kingambit|Kowtow Cleave|p2a: Alomomola
|-activate|p2a: Alomomola|move: Protect
|
|upkeep
|turn|24
|
|t:|1757832982
|switch|p2a: Slowbro|Slowbro, M|100/100
|move|p1a: Kingambit|Kowtow Cleave|p2a: Slowbro
|-supereffective|p2a: Slowbro
|-damage|p2a: Slowbro|35/100
|
|upkeep
|turn|25
|
|t:|1757832990
|-terastallize|p2a: Slowbro|Dark
|move|p1a: Kingambit|Sucker Punch||[still]
|-fail|p1a: Kingambit
|move|p2a: Slowbro|Slack Off|p2a: Slowbro
|-heal|p2a: Slowbro|85/100
|
|upkeep
|turn|26
|
|t:|1757832999
|switch|p2a: Alomomola|Alomomola, M|59/100
|move|p1a: Kingambit|Brick Break|p2a: Alomomola
|-damage|p2a: Alomomola|40/100
|
|upkeep
|turn|27
|
|t:|1757833010
|switch|p2a: Hatterene|Hatterene, F|100/100
|move|p1a: Kingambit|Kowtow Cleave|p2a: Hatterene
|-damage|p2a: Hatterene|33/100
|
|-heal|p2a: Hatterene|39/100|[from] item: Leftovers
|upkeep
|turn|28
|
|t:|1757833017
|move|p1a: Kingambit|Kowtow Cleave|p2a: Hatterene
|-damage|p2a: Hatterene|0 fnt
|faint|p2a: Hatterene
|
|upkeep
|
|t:|1757833022
|switch|p2a: Slowbro|Slowbro, M, tera:Dark|100/100
|turn|29
|
|t:|1757833026
|move|p1a: Kingambit|Brick Break|p2a: Slowbro
|-supereffective|p2a: Slowbro
|-damage|p2a: Slowbro|61/100
|move|p2a: Slowbro|Scald|p1a: Kingambit
|-damage|p1a: Kingambit|37/100
|
|upkeep
|turn|30
|
|t:|1757833038
|-end|p1a: Kingambit|fallen2|[silent]
|switch|p1a: Gholdengo|Gholdengo|41/100
|move|p2a: Slowbro|Scald|p1a: Gholdengo
|-damage|p1a: Gholdengo|0 fnt
|faint|p1a: Gholdengo
|
|upkeep
|
|t:|1757833046
|switch|p1a: Greninja|Greninja, M, tera:Water|91/100
|turn|31
|
|t:|1757833050
|switch|p2a: Blissey|Blissey, F|100/100
|move|p1a: Greninja|Ice Beam|p2a: Blissey
|-damage|p2a: Blissey|87/100
|-damage|p1a: Greninja|81/100|[from] item: Life Orb
|
|upkeep
|turn|32
|
|t:|1757833057
|move|p1a: Greninja|Ice Beam|p2a: Blissey
|-damage|p2a: Blissey|72/100
|-damage|p1a: Greninja|71/100|[from] item: Life Orb
|move|p2a: Blissey|Seismic Toss|p1a: Greninja
|-damage|p1a: Greninja|36/100
|
|upkeep
|turn|33
|
|t:|1757833067
|move|p1a: Greninja|Ice Beam|p2a: Blissey
|-damage|p2a: Blissey|59/100
|-damage|p1a: Greninja|26/100|[from] item: Life Orb
|move|p2a: Blissey|Seismic Toss|p1a: Greninja
|-damage|p1a: Greninja|0 fnt
|faint|p1a: Greninja
|
|upkeep
|
|t:|1757833076
|switch|p1a: Kingambit|Kingambit, M|37/100
|-activate|p1a: Kingambit|ability: Supreme Overlord
|-start|p1a: Kingambit|fallen4|[silent]
|turn|34
|
|t:|1757833083
|switch|p2a: Slowbro|Slowbro, M, tera:Dark|94/100
|move|p1a: Kingambit|Kowtow Cleave|p2a: Slowbro
|-resisted|p2a: Slowbro
|-damage|p2a: Slowbro|74/100
|
|upkeep
|turn|35
|
|t:|1757833090
|move|p1a: Kingambit|Brick Break|p2a: Slowbro
|-supereffective|p2a: Slowbro
|-damage|p2a: Slowbro|27/100
|move|p2a: Slowbro|Scald|p1a: Kingambit
|-damage|p1a: Kingambit|12/100
|-status|p1a: Kingambit|brn
|
|-damage|p1a: Kingambit|5/100 brn|[from] brn
|upkeep
|turn|36
|-message|yamadakouta forfeited.
|
|win|douadyrabbit
|raw|yamadakouta's rating: 1195 &rarr; <strong>1170</strong><br />(-25 for losing)
|raw|douadyrabbit's rating: 1196 &rarr; <strong>1221</strong><br />(+25 for winning)
|l|☆yamadakouta
|player|p1|
|l|☆douadyrabbit
|player|p2|
