|j|☆Goodnight Yubi
|j|‽Axj5869
|t:|1757825862
|gametype|singles
|player|p1|Goodnight Yubi|brycenman|1386
|player|p2|Axj5869|170|1386
|gen|9
|tier|[Gen 9] OU
|rated|
|rule|HP Percentage Mod: HP is shown in percentages
|rule|Endless Battle Clause: Forcing endless battles is banned
|rule|Species Clause: Limit one of each Pokémon
|rule|OHKO Clause: OHKO moves are banned
|rule|Evasion Items Clause: Evasion items are banned
|rule|Evasion Moves Clause: Evasion moves are banned
|rule|Evasion Abilities Clause: Evasion abilities are banned
|rule|Sleep Moves Clause: Sleep-inducing moves are banned
|clearpoke
|poke|p1|Ursaluna, M|
|poke|p1|Ogerpon-Wellspring, F|
|poke|p1|Glimmora, F|
|poke|p1|Kingambit, F|
|poke|p1|Iron Moth|
|poke|p1|Dragapult, F|
|poke|p2|Glimmora, F|
|poke|p2|Corviknight, F|
|poke|p2|Ninetales-Alola, F|
|poke|p2|Iron Hands|
|poke|p2|Slither Wing|
|poke|p2|Darkrai|
|teampreview
|
|t:|1757825871
|teamsize|p1|6
|teamsize|p2|6
|start
|switch|p1a: Glimmora|Glimmora, F|100/100
|switch|p2a: Glimmora|Glimmora, F|100/100
|turn|1
|
|t:|1757825877
|move|p2a: Glimmora|Meteor Beam||[still]
|-prepare|p2a: Glimmora|Meteor Beam
|-boost|p2a: Glimmora|spa|1
|-enditem|p2a: Glimmora|Power Herb
|-anim|p2a: Glimmora|Meteor Beam|p1a: Glimmora
|-enditem|p1a: Glimmora|Focus Sash
|-damage|p1a: Glimmora|1/100
|move|p1a: Glimmora|Stealth Rock|p2a: Glimmora
|-sidestart|p2: Axj5869|move: Stealth Rock
|
|upkeep
|turn|2
|
|t:|1757825886
|move|p1a: Glimmora|Earth Power|p2a: Glimmora
|-supereffective|p2a: Glimmora
|-damage|p2a: Glimmora|0 fnt
|faint|p2a: Glimmora
|
|upkeep
|
|t:|1757825908
|switch|p2a: Ninetales|Ninetales-Alola, F|100/100
|-damage|p2a: Ninetales|76/100|[from] Stealth Rock
|-weather|Snowscape|[from] ability: Snow Warning|[of] p2a: Ninetales
|turn|3
|
|t:|1757825917
|move|p2a: Ninetales|Aurora Veil|p2a: Ninetales
|-sidestart|p2: Axj5869|move: Aurora Veil
|move|p1a: Glimmora|Power Gem|p2a: Ninetales
|-supereffective|p2a: Ninetales
|-damage|p2a: Ninetales|25/100
|
|-weather|Snowscape|[upkeep]
|upkeep
|turn|4
|
|t:|1757825926
|move|p2a: Ninetales|Freeze-Dry|p1a: Glimmora
|-damage|p1a: Glimmora|0 fnt
|faint|p1a: Glimmora
|
|-weather|Snowscape|[upkeep]
|upkeep
|
|t:|1757825933
|switch|p1a: Ogerpon|Ogerpon-Wellspring, F|100/100
|turn|5
|
|t:|1757825938
|switch|p2a: Corviknight|Corviknight, F|100/100
|-damage|p2a: Corviknight|88/100|[from] Stealth Rock
|move|p1a: Ogerpon|Ivy Cudgel|p2a: Corviknight|[anim] Ivy Cudgel Water
|-damage|p2a: Corviknight|63/100
|
|-weather|Snowscape|[upkeep]
|upkeep
|turn|6
|
|t:|1757825950
|switch|p1a: Iron Moth|Iron Moth|100/100
|-enditem|p1a: Iron Moth|Booster Energy
|-activate|p1a: Iron Moth|ability: Quark Drive|[fromitem]
|-start|p1a: Iron Moth|quarkdrivespe
|move|p2a: Corviknight|Defog|p1a: Iron Moth
|-unboost|p1a: Iron Moth|evasion|1
|-sideend|p2: Axj5869|Stealth Rock|[from] move: Defog|[of] p2a: Corviknight
|
|-weather|Snowscape|[upkeep]
|upkeep
|turn|7
|
|t:|1757825965
|move|p1a: Iron Moth|Substitute|p1a: Iron Moth
|-start|p1a: Iron Moth|Substitute
|-damage|p1a: Iron Moth|76/100
|move|p2a: Corviknight|Brave Bird|p1a: Iron Moth
|-end|p1a: Iron Moth|Substitute
|-damage|p2a: Corviknight|57/100|[from] Recoil|[of] p1a: Iron Moth
|
|-weather|none
|upkeep
|turn|8
|
|t:|1757825970
|move|p1a: Iron Moth|Fiery Dance|p2a: Corviknight
|-supereffective|p2a: Corviknight
|-crit|p2a: Corviknight
|-damage|p2a: Corviknight|0 fnt
|faint|p2a: Corviknight
|
|upkeep
|
|t:|1757825987
|switch|p2a: Slither Wing|Slither Wing|100/100
|-enditem|p2a: Slither Wing|Booster Energy
|-activate|p2a: Slither Wing|ability: Protosynthesis|[fromitem]
|-start|p2a: Slither Wing|protosynthesisatk
|turn|9
|
|t:|1757825997
|move|p1a: Iron Moth|Fiery Dance|p2a: Slither Wing
|-supereffective|p2a: Slither Wing
|-damage|p2a: Slither Wing|60/100
|-boost|p1a: Iron Moth|spa|1
|move|p2a: Slither Wing|Close Combat|p1a: Iron Moth
|-resisted|p1a: Iron Moth
|-damage|p1a: Iron Moth|18/100
|-unboost|p2a: Slither Wing|def|1
|-unboost|p2a: Slither Wing|spd|1
|
|upkeep
|turn|10
|
|t:|1757826012
|-end|p2a: Slither Wing|Protosynthesis|[silent]
|switch|p2a: Ninetales|Ninetales-Alola, F|25/100
|-weather|Snowscape|[from] ability: Snow Warning|[of] p2a: Ninetales
|move|p1a: Iron Moth|Fiery Dance|p2a: Ninetales
|-supereffective|p2a: Ninetales
|-damage|p2a: Ninetales|0 fnt
|-boost|p1a: Iron Moth|spa|1
|faint|p2a: Ninetales
|
|-weather|Snowscape|[upkeep]
|-sideend|p2: Axj5869|move: Aurora Veil
|upkeep
|
|t:|1757826014
|switch|p2a: Slither Wing|Slither Wing|60/100
|turn|11
|
|t:|1757826020
|move|p2a: Slither Wing|First Impression|p1a: Iron Moth
|-resisted|p1a: Iron Moth
|-damage|p1a: Iron Moth|0 fnt
|faint|p1a: Iron Moth
|-end|p1a: Iron Moth|Quark Drive|[silent]
|
|-weather|Snowscape|[upkeep]
|upkeep
|
|t:|1757826026
|switch|p1a: Dragapult|Dragapult, F|100/100
|turn|12
|
|t:|1757826033
|move|p1a: Dragapult|Shadow Ball|p2a: Slither Wing
|-damage|p2a: Slither Wing|9/100
|move|p2a: Slither Wing|U-turn|p1a: Dragapult
|-resisted|p1a: Dragapult
|-damage|p1a: Dragapult|73/100
|
|t:|1757826036
|-end|p2a: Slither Wing|Protosynthesis|[silent]
|switch|p2a: Darkrai|Darkrai|100/100|[from] U-turn
|
|-weather|Snowscape|[upkeep]
|upkeep
|turn|13
|
|t:|1757826041
|switch|p1a: Kingambit|Kingambit, F|100/100
|-activate|p1a: Kingambit|ability: Supreme Overlord
|-start|p1a: Kingambit|fallen2|[silent]
|-item|p1a: Kingambit|Air Balloon
|move|p2a: Darkrai|Sucker Punch||[still]
|-fail|p2a: Darkrai
|
|-weather|Snowscape|[upkeep]
|upkeep
|turn|14
|
|t:|1757826048
|move|p2a: Darkrai|Dark Pulse|p1a: Kingambit
|-resisted|p1a: Kingambit
|-damage|p1a: Kingambit|76/100
|-enditem|p1a: Kingambit|Air Balloon
|move|p1a: Kingambit|Iron Head|p2a: Darkrai
|-damage|p2a: Darkrai|23/100
|
|-weather|none
|upkeep
|turn|15
|
|t:|1757826056
|move|p2a: Darkrai|Dark Pulse|p1a: Kingambit
|-resisted|p1a: Kingambit
|-damage|p1a: Kingambit|53/100
|move|p1a: Kingambit|Iron Head|p2a: Darkrai
|-crit|p2a: Darkrai
|-damage|p2a: Darkrai|0 fnt
|faint|p2a: Darkrai
|
|upkeep
|
|t:|1757826059
|switch|p2a: Iron Hands|Iron Hands|100/100
|turn|16
|
|t:|1757826076
|move|p1a: Kingambit|Iron Head|p2a: Iron Hands
|-resisted|p2a: Iron Hands
|-damage|p2a: Iron Hands|84/100
|move|p2a: Iron Hands|Swords Dance|p2a: Iron Hands
|-boost|p2a: Iron Hands|atk|2
|
|upkeep
|turn|17
|
|t:|1757826083
|move|p1a: Kingambit|Iron Head|p2a: Iron Hands
|-resisted|p2a: Iron Hands
|-damage|p2a: Iron Hands|65/100
|move|p2a: Iron Hands|Drain Punch|p1a: Kingambit
|-supereffective|p1a: Kingambit
|-damage|p1a: Kingambit|0 fnt
|-heal|p2a: Iron Hands|83/100|[from] drain|[of] p1a: Kingambit
|faint|p1a: Kingambit
|-end|p1a: Kingambit|fallen2|[silent]
|
|upkeep
|
|t:|1757826102
|switch|p1a: Dragapult|Dragapult, F|73/100
|turn|18
|
|t:|1757826123
|move|p1a: Dragapult|U-turn|p2a: Iron Hands
|-resisted|p2a: Iron Hands
|-damage|p2a: Iron Hands|78/100
|
|t:|1757826126
|switch|p1a: Ursaluna|Ursaluna, M|100/100|[from] U-turn
|move|p2a: Iron Hands|Ice Punch|p1a: Ursaluna
|-supereffective|p1a: Ursaluna
|-damage|p1a: Ursaluna|6/100
|
|-status|p1a: Ursaluna|brn|[from] item: Flame Orb
|upkeep
|turn|19
|
|t:|1757826136
|-terastallize|p2a: Iron Hands|Flying
|move|p2a: Iron Hands|Drain Punch|p1a: Ursaluna
|-supereffective|p1a: Ursaluna
|-damage|p1a: Ursaluna|0 fnt
|-heal|p2a: Iron Hands|81/100|[from] drain|[of] p1a: Ursaluna
|faint|p1a: Ursaluna
|
|upkeep
|
|t:|1757826151
|switch|p1a: Dragapult|Dragapult, F|73/100
|turn|20
|
|t:|1757826158
|move|p1a: Dragapult|Draco Meteor|p2a: Iron Hands
|-damage|p2a: Iron Hands|0 fnt
|-unboost|p1a: Dragapult|spa|2
|faint|p2a: Iron Hands
|-end|p2a: Iron Hands|Quark Drive|[silent]
|
|upkeep
|
|t:|1757826163
|switch|p2a: Slither Wing|Slither Wing|9/100
|turn|21
|
|t:|1757826191
|move|p2a: Slither Wing|First Impression|p1a: Dragapult
|-resisted|p1a: Dragapult
|-damage|p1a: Dragapult|39/100
|move|p1a: Dragapult|Draco Meteor|p2a: Slither Wing
|-damage|p2a: Slither Wing|0 fnt
|-unboost|p1a: Dragapult|spa|2
|faint|p2a: Slither Wing
|-end|p2a: Slither Wing|Protosynthesis|[silent]
|
|win|Goodnight Yubi
|raw|Goodnight Yubi's rating: 1386 &rarr; <strong>1406</strong><br />(+20 for winning)
|raw|Axj5869's rating: 1386 &rarr; <strong>1366</strong><br />(-20 for losing)
|l|☆Goodnight Yubi
|player|p1|
|l|‽Axj5869
|player|p2|
