|j|☆Incognito260
|j|☆kr!$98
|t:|1757836172
|gametype|singles
|player|p1|Incognito260|hilbert|1360
|player|p2|kr!$98|byron|1384
|gen|9
|tier|[Gen 9] OU
|rated|
|rule|HP Percentage Mod: HP is shown in percentages
|rule|Endless Battle Clause: Forcing endless battles is banned
|rule|Species Clause: Limit one of each Pokémon
|rule|OHKO Clause: OHKO moves are banned
|rule|Evasion Items Clause: Evasion items are banned
|rule|Evasion Moves Clause: Evasion moves are banned
|rule|Evasion Abilities Clause: Evasion abilities are banned
|rule|Sleep Moves Clause: Sleep-inducing moves are banned
|clearpoke
|poke|p1|Heatran, M|
|poke|p1|Dragapult, F|
|poke|p1|Meowscarada, M|
|poke|p1|Kingambit, M|
|poke|p1|Ogerpon-Wellspring, F|
|poke|p1|Iron Hands|
|poke|p2|Dragapult, M|
|poke|p2|Kingambit, F|
|poke|p2|Meowscarada, F|
|poke|p2|Primarina, M|
|poke|p2|Iron Moth|
|poke|p2|Corviknight, F|
|teampreview
|inactive|Battle timer is ON: inactive players will automatically lose when time's up. (requested by kr!$98)
|inactive|Incognito260 also wants the timer to be on.
|inactive|Incognito260 has 120 seconds left.
|
|t:|1757836211
|teamsize|p1|6
|teamsize|p2|6
|start
|switch|p1a: Dragapult|Dragapult, F, shiny|100/100
|switch|p2a: Corviknight|Corviknight, F, shiny|100/100
|-ability|p2a: Corviknight|Pressure
|turn|1
|
|t:|1757836222
|move|p1a: Dragapult|U-turn|p2a: Corviknight
|-resisted|p2a: Corviknight
|-damage|p2a: Corviknight|98/100
|-damage|p1a: Dragapult|84/100|[from] item: Rocky Helmet|[of] p2a: Corviknight
|
|t:|1757836234
|switch|p1a: LeBron James|Iron Hands, shiny|100/100|[from] U-turn
|-enditem|p1a: LeBron James|Booster Energy
|-activate|p1a: LeBron James|ability: Quark Drive|[fromitem]
|-start|p1a: LeBron James|quarkdriveatk
|move|p2a: Corviknight|U-turn|p1a: LeBron James
|-resisted|p1a: LeBron James
|-damage|p1a: LeBron James|96/100
|inactive|kr!$98 has 120 seconds left.
|
|t:|1757836269
|switch|p2a: Iron Moth|Iron Moth|100/100|[from] U-turn
|-enditem|p2a: Iron Moth|Booster Energy
|-activate|p2a: Iron Moth|ability: Quark Drive|[fromitem]
|-start|p2a: Iron Moth|quarkdrivespa
|
|upkeep
|turn|2
|inactive|kr!$98 has 120 seconds left.
|
|t:|1757836287
|move|p2a: Iron Moth|Psychic|p1a: LeBron James
|-supereffective|p1a: LeBron James
|-damage|p1a: LeBron James|30/100
|move|p1a: LeBron James|Supercell Slam|p2a: Iron Moth
|-crit|p2a: Iron Moth
|-damage|p2a: Iron Moth|0 fnt
|faint|p2a: Iron Moth
|-end|p2a: Iron Moth|Quark Drive|[silent]
|
|upkeep
|
|t:|1757836300
|switch|p2a: Dragapult|Dragapult, M|100/100
|turn|3
|
|t:|1757836306
|move|p2a: Dragapult|Draco Meteor|p1a: LeBron James
|-damage|p1a: LeBron James|0 fnt
|-unboost|p2a: Dragapult|spa|2
|faint|p1a: LeBron James
|-end|p1a: LeBron James|Quark Drive|[silent]
|
|upkeep
|
|t:|1757836312
|switch|p1a: Heatran|Heatran, M|100/100
|turn|4
|
|t:|1757836316
|switch|p1a: Ogerpon|Ogerpon-Wellspring, F|100/100
|move|p2a: Dragapult|U-turn|p1a: Ogerpon
|-supereffective|p1a: Ogerpon
|-damage|p1a: Ogerpon|53/100
|
|t:|1757836321
|switch|p2a: Meowscarada|Meowscarada, F|100/100|[from] U-turn
|
|upkeep
|turn|5
|
|t:|1757836325
|switch|p1a: Heatran|Heatran, M|100/100
|move|p2a: Meowscarada|U-turn|p1a: Heatran
|-start|p2a: Meowscarada|typechange|Bug|[from] ability: Protean
|-resisted|p1a: Heatran
|-damage|p1a: Heatran|88/100
|
|t:|1757836336
|switch|p2a: Primarina|Primarina, M|100/100|[from] U-turn
|
|upkeep
|turn|6
|
|t:|1757836341
|move|p1a: Heatran|Magma Storm|p2a: Primarina
|-resisted|p2a: Primarina
|-crit|p2a: Primarina
|-damage|p2a: Primarina|67/100
|-activate|p2a: Primarina|move: Magma Storm|[of] p1a: Heatran
|-damage|p1a: Heatran|79/100|[from] item: Life Orb
|move|p2a: Primarina|Psychic Noise|p1a: Heatran
|-resisted|p1a: Heatran
|-damage|p1a: Heatran|65/100
|-start|p1a: Heatran|move: Heal Block
|
|-damage|p2a: Primarina|54/100|[from] move: Magma Storm|[partiallytrapped]
|upkeep
|turn|7
|
|t:|1757836354
|switch|p1a: Ogerpon|Ogerpon-Wellspring, F|53/100
|move|p2a: Primarina|Flip Turn|p1a: Ogerpon
|-heal|p1a: Ogerpon|78/100|[from] ability: Water Absorb|[of] p2a: Primarina
|
|-end|p2a: Primarina|Magma Storm|[partiallytrapped]|[silent]
|upkeep
|turn|8
|
|t:|1757836360
|move|p1a: Ogerpon|Play Rough|p2a: Primarina
|-damage|p2a: Primarina|5/100
|move|p2a: Primarina|Moonblast|p1a: Ogerpon
|-damage|p1a: Ogerpon|15/100
|-unboost|p1a: Ogerpon|spa|1
|
|upkeep
|turn|9
|
|t:|1757836370
|move|p1a: Ogerpon|Ivy Cudgel|p2a: Primarina|[anim] Ivy Cudgel Water
|-resisted|p2a: Primarina
|-damage|p2a: Primarina|0 fnt
|faint|p2a: Primarina
|
|upkeep
|
|t:|1757836375
|switch|p2a: Meowscarada|Meowscarada, F|100/100
|turn|10
|
|t:|1757836381
|move|p2a: Meowscarada|U-turn|p1a: Ogerpon
|-start|p2a: Meowscarada|typechange|Bug|[from] ability: Protean
|-supereffective|p1a: Ogerpon
|-damage|p1a: Ogerpon|0 fnt
|faint|p1a: Ogerpon
|
|t:|1757836388
|switch|p2a: Corviknight|Corviknight, F, shiny|98/100|[from] U-turn
|-ability|p2a: Corviknight|Pressure
|
|upkeep
|
|t:|1757836390
|switch|p1a: Heatran|Heatran, M|65/100
|turn|11
|
|t:|1757836399
|move|p1a: Heatran|Magma Storm|p2a: Corviknight
|-supereffective|p2a: Corviknight
|-damage|p2a: Corviknight|0 fnt
|faint|p2a: Corviknight
|-damage|p1a: Heatran|55/100|[from] item: Life Orb
|
|upkeep
|
|t:|1757836407
|switch|p2a: Meowscarada|Meowscarada, F|100/100
|turn|12
|
|t:|1757836413
|move|p2a: Meowscarada|Knock Off|p1a: Heatran
|-start|p2a: Meowscarada|typechange|Dark|[from] ability: Protean
|-damage|p1a: Heatran|0 fnt
|-enditem|p1a: Heatran|Life Orb|[from] move: Knock Off|[of] p2a: Meowscarada
|faint|p1a: Heatran
|
|upkeep
|
|t:|1757836421
|switch|p1a: Meowscarada|Meowscarada, M, shiny|100/100
|turn|13
|
|t:|1757836427
|switch|p2a: Dragapult|Dragapult, M|100/100
|move|p1a: Meowscarada|U-turn|p2a: Dragapult
|-start|p1a: Meowscarada|typechange|Bug|[from] ability: Protean
|-resisted|p2a: Dragapult
|-damage|p2a: Dragapult|66/100
|
|t:|1757836433
|switch|p1a: Dragapult|Dragapult, F, shiny|84/100|[from] U-turn
|
|upkeep
|turn|14
|
|t:|1757836441
|-terastallize|p2a: Dragapult|Fairy
|move|p1a: Dragapult|Fire Blast|p2a: Dragapult
|-damage|p2a: Dragapult|0 fnt
|faint|p2a: Dragapult
|
|upkeep
|
|t:|1757836448
|switch|p2a: Kingambit|Kingambit, F|100/100
|-activate|p2a: Kingambit|ability: Supreme Overlord
|-start|p2a: Kingambit|fallen4|[silent]
|turn|15
|
|t:|1757836452
|switch|p1a: Kingambit|Kingambit, M|100/100
|-activate|p1a: Kingambit|ability: Supreme Overlord
|-start|p1a: Kingambit|fallen3|[silent]
|move|p2a: Kingambit|Swords Dance|p2a: Kingambit
|-boost|p2a: Kingambit|atk|2
|
|upkeep
|turn|16
|
|t:|1757836463
|move|p2a: Kingambit|Kowtow Cleave|p1a: Kingambit
|-resisted|p1a: Kingambit
|-damage|p1a: Kingambit|64/100
|move|p1a: Kingambit|Metal Burst|p2a: Kingambit
|-damage|p2a: Kingambit|45/100
|
|-heal|p2a: Kingambit|51/100|[from] item: Leftovers
|upkeep
|turn|17
|
|t:|1757836473
|move|p2a: Kingambit|Kowtow Cleave|p1a: Kingambit
|-resisted|p1a: Kingambit
|-damage|p1a: Kingambit|24/100
|move|p1a: Kingambit|Swords Dance|p1a: Kingambit
|-boost|p1a: Kingambit|atk|2
|
|-heal|p2a: Kingambit|57/100|[from] item: Leftovers
|upkeep
|turn|18
|
|t:|1757836481
|move|p2a: Kingambit|Sucker Punch||[still]
|-fail|p2a: Kingambit
|move|p1a: Kingambit|Swords Dance|p1a: Kingambit
|-boost|p1a: Kingambit|atk|2
|
|-heal|p2a: Kingambit|63/100|[from] item: Leftovers
|upkeep
|turn|19
|
|t:|1757836488
|move|p2a: Kingambit|Sucker Punch|p1a: Kingambit
|-resisted|p1a: Kingambit
|-damage|p1a: Kingambit|0 fnt
|faint|p1a: Kingambit
|-end|p1a: Kingambit|fallen3|[silent]
|
|-heal|p2a: Kingambit|69/100|[from] item: Leftovers
|upkeep
|
|t:|1757836491
|switch|p1a: Dragapult|Dragapult, F, shiny|84/100
|turn|20
|
|t:|1757836496
|switch|p1a: Meowscarada|Meowscarada, M, shiny|100/100
|move|p2a: Kingambit|Kowtow Cleave|p1a: Meowscarada
|-resisted|p1a: Meowscarada
|-damage|p1a: Meowscarada|0 fnt
|faint|p1a: Meowscarada
|
|-heal|p2a: Kingambit|75/100|[from] item: Leftovers
|upkeep
|
|t:|1757836498
|switch|p1a: Dragapult|Dragapult, F, shiny|84/100
|turn|21
|
|t:|1757836507
|move|p2a: Kingambit|Sucker Punch|p1a: Dragapult
|-supereffective|p1a: Dragapult
|-damage|p1a: Dragapult|0 fnt
|faint|p1a: Dragapult
|
|win|kr!$98
|raw|Incognito260's rating: 1360 &rarr; <strong>1341</strong><br />(-19 for losing)
|raw|kr!$98's rating: 1384 &rarr; <strong>1403</strong><br />(+19 for winning)
|l|☆Incognito260
|player|p1|
