|j|☆player killer8
|j|☆blazingshadow46
|t:|1757821408
|gametype|singles
|player|p1|player killer8|giovanni|1297
|player|p2|blazingshadow46|ghetsis|1293
|gen|9
|tier|[Gen 9] OU
|rated|
|rule|HP Percentage Mod: HP is shown in percentages
|rule|Endless Battle Clause: Forcing endless battles is banned
|rule|Species Clause: Limit one of each Pokémon
|rule|OHKO Clause: OHKO moves are banned
|rule|Evasion Items Clause: Evasion items are banned
|rule|Evasion Moves Clause: Evasion moves are banned
|rule|Evasion Abilities Clause: Evasion abilities are banned
|rule|Sleep Moves Clause: Sleep-inducing moves are banned
|clearpoke
|poke|p1|Weezing-Galar, M|
|poke|p1|Zamazenta-*|
|poke|p1|Dragonite, M|
|poke|p1|Gholdengo|
|poke|p1|Kingambit, M|
|poke|p1|Darkrai|
|poke|p2|Noivern, F|
|poke|p2|Chandelure, M|
|poke|p2|Krookodile, M|
|poke|p2|Slowking-Galar, F|
|poke|p2|Scizor, F|
|poke|p2|Great Tusk|
|teampreview
|inactive|Battle timer is ON: inactive players will automatically lose when time's up. (requested by blazingshadow46)
|
|t:|1757821428
|teamsize|p1|6
|teamsize|p2|6
|start
|switch|p1a: Dragonite|Dragonite, M|100/100
|switch|p2a: Krooked Nose|Krookodile, M|100/100
|turn|1
|
|t:|1757821432
|move|p2a: Krooked Nose|Knock Off|p1a: Dragonite
|-damage|p1a: Dragonite|71/100
|-enditem|p1a: Dragonite|Life Orb|[from] move: Knock Off|[of] p2a: Krooked Nose
|move|p1a: Dragonite|Dragon Dance|p1a: Dragonite
|-boost|p1a: Dragonite|atk|1
|-boost|p1a: Dragonite|spe|1
|
|upkeep
|turn|2
|
|t:|1757821439
|switch|p2a: Knee Surgery|Great Tusk|100/100
|move|p1a: Dragonite|Dragon Dance|p1a: Dragonite
|-boost|p1a: Dragonite|atk|1
|-boost|p1a: Dragonite|spe|1
|
|upkeep
|turn|3
|
|t:|1757821441
|move|p1a: Dragonite|Fly||[still]
|-prepare|p1a: Dragonite|Fly
|move|p2a: Knee Surgery|Ice Spinner|p1a: Dragonite|[miss]
|-miss|p2a: Knee Surgery|p1a: Dragonite
|
|upkeep
|turn|4
|c|☆player killer8|get fucked fatty
|n|‽player killer8|playerkiller8
|c|~|/log player killer8 was locked from talking by Artemis. (☆player killer8: get fucked fatty)
|c|~|/raw <small>This action was done automatically. Want to learn more about the AI? <a href="https://www.smogon.com/forums/threads/3570628/#post-9056769">Visit the information thread</a>.</small>
|c|☆blazingshadow46|oh...
|inactive|blazingshadow46 has 120 seconds left.
|
|t:|1757821482
|-end|p2a: Knee Surgery|Protosynthesis|[silent]
|switch|p2a: Shell Rotation|Slowking-Galar, F|100/100
|move|p1a: Dragonite|Fly|p2a: Shell Rotation|[from] lockedmove
|-damage|p2a: Shell Rotation|0 fnt
|faint|p2a: Shell Rotation
|
|upkeep
|
|t:|1757821489
|switch|p2a: Krooked Nose|Krookodile, M|100/100
|turn|5
|inactive|player killer8 has 120 seconds left.
|
|t:|1757821526
|move|p1a: Dragonite|Fly||[still]
|-prepare|p1a: Dragonite|Fly
|move|p2a: Krooked Nose|Stone Edge|p1a: Dragonite|[miss]
|-miss|p2a: Krooked Nose|p1a: Dragonite
|
|upkeep
|turn|6
|
|t:|1757821529
|move|p1a: Dragonite|Fly|p2a: Krooked Nose|[from] lockedmove
|-damage|p2a: Krooked Nose|0 fnt
|faint|p2a: Krooked Nose
|
|upkeep
|
|t:|1757821532
|switch|p2a: Knee Surgery|Great Tusk|100/100
|turn|7
|
|t:|1757821536
|move|p1a: Dragonite|Fly||[still]
|-prepare|p1a: Dragonite|Fly
|move|p2a: Knee Surgery|Stealth Rock|p1a: Dragonite
|-sidestart|p1: player killer8|move: Stealth Rock
|
|upkeep
|turn|8
|
|t:|1757821539
|-terastallize|p2a: Knee Surgery|Ghost
|move|p1a: Dragonite|Fly|p2a: Knee Surgery|[from] lockedmove
|-damage|p2a: Knee Surgery|54/100
|-damage|p1a: Dragonite|55/100|[from] item: Rocky Helmet|[of] p2a: Knee Surgery
|move|p2a: Knee Surgery|Ice Spinner|p1a: Dragonite
|-supereffective|p1a: Dragonite
|-damage|p1a: Dragonite|0 fnt
|faint|p1a: Dragonite
|
|upkeep
|
|t:|1757821551
|switch|p1a: Weezing|Weezing-Galar, M|100/100
|-damage|p1a: Weezing|88/100|[from] Stealth Rock
|turn|9
|
|t:|1757821559
|-end|p2a: Knee Surgery|Protosynthesis|[silent]
|switch|p2a: Safety Scizors|Scizor, F|100/100
|move|p1a: Weezing|Will-O-Wisp|p2a: Safety Scizors|[miss]
|-miss|p1a: Weezing|p2a: Safety Scizors
|
|-heal|p1a: Weezing|94/100|[from] item: Leftovers
|upkeep
|turn|10
|
|t:|1757821563
|switch|p2a: SS Stall trooper|Chandelure, M|100/100
|move|p1a: Weezing|Will-O-Wisp|p2a: SS Stall trooper
|-start|p2a: SS Stall trooper|ability: Flash Fire
|
|-heal|p1a: Weezing|99/100|[from] item: Leftovers
|upkeep
|turn|11
|
|t:|1757821569
|move|p2a: SS Stall trooper|Overheat|p1a: Weezing|[miss]
|-miss|p2a: SS Stall trooper|p1a: Weezing
|move|p1a: Weezing|Defog|p2a: SS Stall trooper
|-unboost|p2a: SS Stall trooper|evasion|1
|-sideend|p1: player killer8|Stealth Rock|[from] move: Defog|[of] p1a: Weezing
|
|-heal|p1a: Weezing|100/100|[from] item: Leftovers
|upkeep
|turn|12
|
|t:|1757821572
|move|p2a: SS Stall trooper|Overheat|p1a: Weezing
|-damage|p1a: Weezing|0 fnt
|-unboost|p2a: SS Stall trooper|spa|2
|faint|p1a: Weezing
|
|upkeep
|
|t:|1757821579
|switch|p1a: Darkrai|Darkrai|100/100
|turn|13
|
|t:|1757821586
|-end|p2a: SS Stall trooper|ability: Flash Fire|[silent]
|switch|p2a: Safety Scizors|Scizor, F|100/100
|move|p1a: Darkrai|Thunder|p2a: Safety Scizors
|-damage|p2a: Safety Scizors|33/100
|
|-heal|p2a: Safety Scizors|39/100|[from] item: Leftovers
|upkeep
|turn|14
|
|t:|1757821591
|move|p2a: Safety Scizors|Bullet Punch|p1a: Darkrai
|-damage|p1a: Darkrai|55/100
|move|p1a: Darkrai|Thunder|p2a: Safety Scizors
|-damage|p2a: Safety Scizors|0 fnt
|faint|p2a: Safety Scizors
|
|upkeep
|
|t:|1757821595
|switch|p2a: Wombat|Noivern, F|100/100
|turn|15
|j|@pants
|
|t:|1757821606
|switch|p1a: Zamazenta|Zamazenta|100/100
|-ability|p1a: Zamazenta|Dauntless Shield|boost
|-boost|p1a: Zamazenta|def|1
|move|p2a: Wombat|Hurricane|p1a: Zamazenta
|-supereffective|p1a: Zamazenta
|-damage|p1a: Zamazenta|13/100
|
|upkeep
|turn|16
|
|t:|1757821614
|move|p1a: Zamazenta|Wild Charge|p2a: Wombat
|-damage|p2a: Wombat|62/100
|-damage|p1a: Zamazenta|4/100|[from] Recoil
|move|p2a: Wombat|Hurricane|p1a: Zamazenta
|-supereffective|p1a: Zamazenta
|-damage|p1a: Zamazenta|0 fnt
|faint|p1a: Zamazenta
|
|upkeep
|
|t:|1757821622
|switch|p1a: Darkrai|Darkrai|55/100
|turn|17
|
|t:|1757821628
|switch|p2a: Knee Surgery|Great Tusk, tera:Ghost|54/100
|move|p1a: Darkrai|Ice Beam|p2a: Knee Surgery
|-damage|p2a: Knee Surgery|0 fnt
|faint|p2a: Knee Surgery
|-end|p2a: Knee Surgery|Protosynthesis|[silent]
|
|upkeep
|
|t:|1757821631
|switch|p2a: SS Stall trooper|Chandelure, M|100/100
|turn|18
|
|t:|1757821635
|switch|p1a: Gholdengo|Gholdengo|100/100
|-item|p1a: Gholdengo|Air Balloon
|move|p2a: SS Stall trooper|Flamethrower|p1a: Gholdengo
|-supereffective|p1a: Gholdengo
|-damage|p1a: Gholdengo|0 fnt
|-enditem|p1a: Gholdengo|Air Balloon
|faint|p1a: Gholdengo
|
|upkeep
|
|t:|1757821637
|switch|p1a: Kingambit|Kingambit, M|100/100
|-activate|p1a: Kingambit|ability: Supreme Overlord
|-start|p1a: Kingambit|fallen4|[silent]
|turn|19
|
|t:|1757821641
|-terastallize|p1a: Kingambit|Psychic
|move|p2a: SS Stall trooper|Flamethrower|p1a: Kingambit
|-damage|p1a: Kingambit|5/100
|move|p1a: Kingambit|Swords Dance|p1a: Kingambit
|-boost|p1a: Kingambit|atk|2
|
|upkeep
|turn|20
|n|☆player killer8|playerkiller8
|
|t:|1757821645
|move|p1a: Kingambit|Sucker Punch|p2a: SS Stall trooper
|-supereffective|p2a: SS Stall trooper
|-damage|p2a: SS Stall trooper|0 fnt
|faint|p2a: SS Stall trooper
|
|upkeep
|
|t:|1757821648
|switch|p2a: Wombat|Noivern, F|62/100
|turn|21
|
|t:|1757821653
|move|p1a: Kingambit|Sucker Punch||[still]
|-fail|p1a: Kingambit
|move|p2a: Wombat|Defog|p1a: Kingambit
|-unboost|p1a: Kingambit|evasion|1
|
|upkeep
|turn|22
|
|t:|1757821658
|move|p1a: Kingambit|Sucker Punch|p2a: Wombat
|-damage|p2a: Wombat|0 fnt
|faint|p2a: Wombat
|
|win|player killer8
