|j|☆Moistham
|j|☆lupiit
|t:|1757909645
|gametype|singles
|player|p1|Moistham|101|1516
|player|p2|lupiit|dragontamer|1458
|gen|9
|tier|[Gen 9] OU
|rated|
|rule|HP Percentage Mod: HP is shown in percentages
|rule|Endless Battle Clause: Forcing endless battles is banned
|rule|Species Clause: Limit one of each Pokémon
|rule|OHKO Clause: OHKO moves are banned
|rule|Evasion Items Clause: Evasion items are banned
|rule|Evasion Moves Clause: Evasion moves are banned
|rule|Evasion Abilities Clause: Evasion abilities are banned
|rule|Sleep Moves Clause: Sleep-inducing moves are banned
|clearpoke
|poke|p1|Slowking-Galar, M|
|poke|p1|Kyurem|
|poke|p1|Ting-Lu|
|poke|p1|Hawlucha, F|
|poke|p1|Dragapult, M|
|poke|p1|Dondozo, M|
|poke|p2|Kyurem|
|poke|p2|Latias, F|
|poke|p2|Skeledirge, M|
|poke|p2|Comfey, F|
|poke|p2|Hoopa-Unbound|
|poke|p2|Smeargle, F|
|teampreview
|inactive|Battle timer is ON: inactive players will automatically lose when time's up. (requested by Moistham)
|inactive|lupiit also wants the timer to be on.
|
|t:|1757909650
|teamsize|p1|6
|teamsize|p2|6
|start
|switch|p1a: Dragapult|Dragapult, M|100/100
|switch|p2a: Smeargle|Smeargle, F|100/100
|turn|1
|
|t:|1757909653
|switch|p2a: Comfey|Comfey, F|100/100
|move|p1a: Dragapult|Dragon Darts|p2a: Comfey
|-immune|p2a: Comfey
|
|upkeep
|turn|2
|
|t:|1757909656
|move|p1a: Dragapult|Dragon Darts|p2a: Comfey
|-immune|p2a: Comfey
|move|p2a: Comfey|Leech Seed|p1a: Dragapult|[miss]
|-miss|p2a: Comfey|p1a: Dragapult
|
|upkeep
|turn|3
|
|t:|1757909659
|switch|p1a: Slowking|Slowking-Galar, M|100/100
|move|p2a: Comfey|Leech Seed|p1a: Slowking
|-start|p1a: Slowking|move: Leech Seed
|
|-damage|p1a: Slowking|88/100|[from] Leech Seed|[of] p2a: Comfey
|upkeep
|turn|4
|
|t:|1757909662
|move|p2a: Comfey|Substitute|p2a: Comfey
|-start|p2a: Comfey|Substitute
|-damage|p2a: Comfey|76/100
|-prepare|p1a: Slowking|Chilly Reception|[premajor]
|move|p1a: Slowking|Chilly Reception|p1a: Slowking
|-weather|Snowscape
|
|t:|1757909666
|switch|p1a: Ting-Lu|Ting-Lu|100/100|[from] Chilly Reception
|-ability|p1a: Ting-Lu|Vessel of Ruin
|
|-weather|Snowscape|[upkeep]
|upkeep
|turn|5
|
|t:|1757909668
|move|p2a: Comfey|Leech Seed|p1a: Ting-Lu
|-start|p1a: Ting-Lu|move: Leech Seed
|move|p1a: Ting-Lu|Earthquake|p2a: Comfey
|-end|p2a: Comfey|Substitute
|
|-weather|Snowscape|[upkeep]
|-damage|p1a: Ting-Lu|88/100|[from] Leech Seed|[of] p2a: Comfey
|-heal|p2a: Comfey|97/100|[silent]
|upkeep
|turn|6
|
|t:|1757909671
|switch|p1a: Slowking|Slowking-Galar, M|100/100
|move|p2a: Comfey|Draining Kiss|p1a: Slowking
|-resisted|p1a: Slowking
|-damage|p1a: Slowking|93/100
|-heal|p2a: Comfey|100/100|[from] drain|[of] p1a: Slowking
|
|-weather|Snowscape|[upkeep]
|upkeep
|turn|7
|
|t:|1757909675
|switch|p2a: Skeledirge|Skeledirge, M, shiny|100/100
|move|p1a: Slowking|Sludge Bomb|p2a: Skeledirge
|-resisted|p2a: Skeledirge
|-damage|p2a: Skeledirge|74/100
|
|-weather|Snowscape|[upkeep]
|upkeep
|turn|8
|
|t:|1757909678
|move|p2a: Skeledirge|Torch Song|p1a: Slowking
|-damage|p1a: Slowking|44/100
|-boost|p2a: Skeledirge|spa|1
|-prepare|p1a: Slowking|Chilly Reception|[premajor]
|move|p1a: Slowking|Chilly Reception|p1a: Slowking
|
|t:|1757909683
|switch|p1a: Dragapult|Dragapult, M|100/100|[from] Chilly Reception
|
|-weather|none
|upkeep
|turn|9
|
|t:|1757909686
|move|p1a: Dragapult|U-turn|p2a: Skeledirge
|-resisted|p2a: Skeledirge
|-damage|p2a: Skeledirge|67/100
|
|t:|1757909688
|switch|p1a: Ting-Lu|Ting-Lu|88/100|[from] U-turn
|-ability|p1a: Ting-Lu|Vessel of Ruin
|move|p2a: Skeledirge|Torch Song|p1a: Ting-Lu
|-damage|p1a: Ting-Lu|48/100
|-boost|p2a: Skeledirge|spa|1
|
|-heal|p1a: Ting-Lu|54/100|[from] item: Leftovers
|upkeep
|turn|10
|
|t:|1757909690
|move|p2a: Skeledirge|Torch Song|p1a: Ting-Lu
|-damage|p1a: Ting-Lu|1/100
|-boost|p2a: Skeledirge|spa|1
|move|p1a: Ting-Lu|Earthquake|p2a: Skeledirge
|-supereffective|p2a: Skeledirge
|-damage|p2a: Skeledirge|1/100
|
|-heal|p1a: Ting-Lu|8/100|[from] item: Leftovers
|upkeep
|turn|11
|
|t:|1757909692
|move|p2a: Skeledirge|Torch Song|p1a: Ting-Lu
|-damage|p1a: Ting-Lu|0 fnt
|-boost|p2a: Skeledirge|spa|1
|faint|p1a: Ting-Lu
|
|upkeep
|
|t:|1757909697
|switch|p1a: Dragapult|Dragapult, M|100/100
|turn|12
|
|t:|1757909702
|switch|p2a: Comfey|Comfey, F|100/100
|move|p1a: Dragapult|U-turn|p2a: Comfey
|-resisted|p2a: Comfey
|-damage|p2a: Comfey|79/100
|
|t:|1757909705
|switch|p1a: Slowking|Slowking-Galar, M|77/100|[from] U-turn
|
|upkeep
|turn|13
|
|t:|1757909710
|switch|p2a: Skeledirge|Skeledirge, M, shiny|1/100
|move|p1a: Slowking|Sludge Bomb|p2a: Skeledirge
|-resisted|p2a: Skeledirge
|-damage|p2a: Skeledirge|0 fnt
|faint|p2a: Skeledirge
|
|upkeep
|
|t:|1757909712
|switch|p2a: Smeargle|Smeargle, F|100/100
|turn|14
|
|t:|1757909715
|move|p2a: Smeargle|Spikes|p1a: Slowking
|-sidestart|p1: Moistham|Spikes
|move|p1a: Slowking|Sludge Bomb|p2a: Smeargle
|-damage|p2a: Smeargle|10/100
|
|upkeep
|turn|15
|
|t:|1757909717
|move|p2a: Smeargle|Stealth Rock|p1a: Slowking
|-sidestart|p1: Moistham|move: Stealth Rock
|move|p1a: Slowking|Sludge Bomb|p2a: Smeargle
|-damage|p2a: Smeargle|0 fnt
|faint|p2a: Smeargle
|
|upkeep
|
|t:|1757909721
|switch|p2a: Hoopa|Hoopa-Unbound|100/100
|turn|16
|
|t:|1757909724
|switch|p1a: Hawlucha|Hawlucha, F|100/100
|-damage|p1a: Hawlucha|88/100|[from] Stealth Rock
|-ability|p1a: Hawlucha|Mold Breaker
|move|p2a: Hoopa|Substitute|p2a: Hoopa
|-start|p2a: Hoopa|Substitute
|-damage|p2a: Hoopa|76/100
|
|-heal|p2a: Hoopa|82/100|[from] item: Leftovers
|upkeep
|turn|17
|
|t:|1757909725
|move|p1a: Hawlucha|Defog|p2a: Hoopa
|-sideend|p1: Moistham|Spikes|[from] move: Defog|[of] p1a: Hawlucha
|-sideend|p1: Moistham|Stealth Rock|[from] move: Defog|[of] p1a: Hawlucha
|move|p2a: Hoopa|Psyshock|p1a: Hawlucha
|-supereffective|p1a: Hawlucha
|-damage|p1a: Hawlucha|0 fnt
|faint|p1a: Hawlucha
|
|-heal|p2a: Hoopa|88/100|[from] item: Leftovers
|upkeep
|
|t:|1757909728
|switch|p1a: Dragapult|Dragapult, M|100/100
|turn|18
|
|t:|1757909731
|-terastallize|p2a: Hoopa|Fairy
|move|p1a: Dragapult|U-turn|p2a: Hoopa
|-resisted|p2a: Hoopa
|-end|p2a: Hoopa|Substitute
|
|t:|1757909733
|switch|p1a: Kyurem|Kyurem|100/100|[from] U-turn
|-ability|p1a: Kyurem|Pressure
|move|p2a: Hoopa|Calm Mind|p2a: Hoopa
|-boost|p2a: Hoopa|spa|1
|-boost|p2a: Hoopa|spd|1
|
|-heal|p2a: Hoopa|94/100|[from] item: Leftovers
|upkeep
|turn|19
|
|t:|1757909736
|move|p1a: Kyurem|Blizzard|p2a: Hoopa|[miss]
|-miss|p1a: Kyurem|p2a: Hoopa
|move|p2a: Hoopa|Dark Pulse|p1a: Kyurem
|-damage|p1a: Kyurem|21/100
|
|-heal|p2a: Hoopa|99/100|[from] item: Leftovers
|upkeep
|turn|20
|
|t:|1757909739
|move|p1a: Kyurem|Blizzard|p2a: Hoopa
|-damage|p2a: Hoopa|39/100
|move|p2a: Hoopa|Calm Mind|p2a: Hoopa
|-boost|p2a: Hoopa|spa|1
|-boost|p2a: Hoopa|spd|1
|
|-heal|p2a: Hoopa|45/100|[from] item: Leftovers
|upkeep
|turn|21
|
|t:|1757909743
|move|p1a: Kyurem|Blizzard|p2a: Hoopa
|-damage|p2a: Hoopa|5/100
|move|p2a: Hoopa|Calm Mind|p2a: Hoopa
|-boost|p2a: Hoopa|spa|1
|-boost|p2a: Hoopa|spd|1
|
|-heal|p2a: Hoopa|11/100|[from] item: Leftovers
|upkeep
|turn|22
|
|t:|1757909745
|move|p1a: Kyurem|Blizzard|p2a: Hoopa
|-damage|p2a: Hoopa|0 fnt
|faint|p2a: Hoopa
|
|upkeep
|
|t:|1757909747
|switch|p2a: Comfey|Comfey, F|79/100
|turn|23
|
|t:|1757909748
|move|p2a: Comfey|Draining Kiss|p1a: Kyurem
|-supereffective|p1a: Kyurem
|-damage|p1a: Kyurem|0 fnt
|-heal|p2a: Comfey|99/100|[from] drain|[of] p1a: Kyurem
|faint|p1a: Kyurem
|
|upkeep
|
|t:|1757909751
|switch|p1a: Slowking|Slowking-Galar, M|100/100
|turn|24
|
|t:|1757909755
|move|p2a: Comfey|Leech Seed|p1a: Slowking
|-start|p1a: Slowking|move: Leech Seed
|move|p1a: Slowking|Sludge Bomb|p2a: Comfey
|-supereffective|p2a: Comfey
|-crit|p2a: Comfey
|-damage|p2a: Comfey|0 fnt
|faint|p2a: Comfey
|
|upkeep
|
|t:|1757909758
|switch|p2a: Latias|Latias, F|100/100
|turn|25
|
|t:|1757909761
|move|p2a: Latias|Substitute|p2a: Latias
|-start|p2a: Latias|Substitute
|-damage|p2a: Latias|76/100
|move|p1a: Slowking|Ice Beam|p2a: Latias
|-supereffective|p2a: Latias
|-end|p2a: Latias|Substitute
|
|-heal|p2a: Latias|82/100|[from] item: Leftovers
|-damage|p1a: Slowking|88/100|[from] Leech Seed|[of] p2a: Latias
|-heal|p2a: Latias|96/100|[silent]
|upkeep
|turn|26
|
|t:|1757909764
|move|p2a: Latias|Calm Mind|p2a: Latias
|-boost|p2a: Latias|spa|1
|-boost|p2a: Latias|spd|1
|move|p1a: Slowking|Ice Beam|p2a: Latias
|-supereffective|p2a: Latias
|-damage|p2a: Latias|63/100
|-status|p2a: Latias|frz
|
|-heal|p2a: Latias|69/100 frz|[from] item: Leftovers
|-damage|p1a: Slowking|76/100|[from] Leech Seed|[of] p2a: Latias
|-heal|p2a: Latias|83/100 frz|[silent]
|upkeep
|turn|27
|
|t:|1757909769
|cant|p2a: Latias|frz
|-prepare|p1a: Slowking|Chilly Reception|[premajor]
|move|p1a: Slowking|Chilly Reception|p1a: Slowking
|-weather|Snowscape
|
|t:|1757909770
|switch|p1a: Dragapult|Dragapult, M|100/100|[from] Chilly Reception
|
|-weather|Snowscape|[upkeep]
|-heal|p2a: Latias|89/100 frz|[from] item: Leftovers
|upkeep
|turn|28
|
|t:|1757909772
|move|p1a: Dragapult|Dragon Darts|p2a: Latias
|-supereffective|p2a: Latias
|-damage|p2a: Latias|21/100 frz
|-anim|p1a: Dragapult|Dragon Darts|p2a: Latias
|-supereffective|p2a: Latias
|-damage|p2a: Latias|0 fnt
|faint|p2a: Latias
|
|-weather|Snowscape|[upkeep]
|upkeep
|
|t:|1757909773
|switch|p2a: Kyurem|Kyurem|100/100
|-ability|p2a: Kyurem|Pressure
|turn|29
|
|t:|1757909775
|move|p1a: Dragapult|Dragon Darts|p2a: Kyurem
|-supereffective|p2a: Kyurem
|-damage|p2a: Kyurem|51/100
|-anim|p1a: Dragapult|Dragon Darts|p2a: Kyurem
|-supereffective|p2a: Kyurem
|-damage|p2a: Kyurem|2/100
|move|p2a: Kyurem|Freeze-Dry|p1a: Dragapult
|-supereffective|p1a: Dragapult
|-damage|p1a: Dragapult|0 fnt
|faint|p1a: Dragapult
|
|-weather|Snowscape|[upkeep]
|upkeep
|
|t:|1757909778
|switch|p1a: Slowking|Slowking-Galar, M|100/100
|turn|30
|c|☆lupiit|SCARF DRAGAPULT?
|
|t:|1757909785
|move|p2a: Kyurem|Freeze-Dry|p1a: Slowking
|-damage|p1a: Slowking|56/100
|move|p1a: Slowking|Flamethrower|p2a: Kyurem
|-damage|p2a: Kyurem|0 fnt
|faint|p2a: Kyurem
|
|win|Moistham
|raw|Moistham's rating: 1516 &rarr; <strong>1533</strong><br />(+17 for winning)
|raw|lupiit's rating: 1458 &rarr; <strong>1441</strong><br />(-17 for losing)
|l|☆lupiit
|player|p2|
