|j|☆Purple Aithen
|j|☆epicturt
|t:|1757962418
|gametype|singles
|player|p1|Purple Aithen|elesa|1230
|player|p2|epicturt|bianca|1215
|gen|9
|tier|[Gen 9] OU
|rated|
|rule|HP Percentage Mod: HP is shown in percentages
|rule|Endless Battle Clause: Forcing endless battles is banned
|rule|Species Clause: Limit one of each Pokémon
|rule|OHKO Clause: OHKO moves are banned
|rule|Evasion Items Clause: Evasion items are banned
|rule|Evasion Moves Clause: Evasion moves are banned
|rule|Evasion Abilities Clause: Evasion abilities are banned
|rule|Sleep Moves Clause: Sleep-inducing moves are banned
|clearpoke
|poke|p1|Sinistcha-Masterpiece|
|poke|p1|Conkeldurr, M|
|poke|p1|Mandibuzz, F|
|poke|p1|Ogerpon, F|
|poke|p1|Tyranitar, F|
|poke|p1|Thundurus-Therian, M|
|poke|p2|Primarina, F|
|poke|p2|Gliscor, M|
|poke|p2|Corviknight, M|
|poke|p2|Pecharunt|
|poke|p2|Darkrai|
|poke|p2|Iron Treads|
|teampreview
|inactive|Battle timer is ON: inactive players will automatically lose when time's up. (requested by Purple Aithen)
|
|t:|1757962432
|teamsize|p1|6
|teamsize|p2|6
|start
|switch|p1a: Kinkgambit|Conkeldurr, M|100/100
|switch|p2a: Iron Treads|Iron Treads|100/100
|turn|1
|
|t:|1757962459
|move|p2a: Iron Treads|Volt Switch|p1a: Kinkgambit
|-damage|p1a: Kinkgambit|86/100
|
|t:|1757962463
|-end|p2a: Iron Treads|Quark Drive|[silent]
|switch|p2a: Pecharunt|Pecharunt|100/100|[from] Volt Switch
|move|p1a: Kinkgambit|Knock Off|p2a: Pecharunt
|-supereffective|p2a: Pecharunt
|-damage|p2a: Pecharunt|57/100
|-enditem|p2a: Pecharunt|Black Sludge|[from] move: Knock Off|[of] p1a: Kinkgambit
|
|-status|p1a: Kinkgambit|brn|[from] item: Flame Orb
|upkeep
|turn|2
|inactive|Purple Aithen has 120 seconds left.
|c|☆Purple Aithen|Why play cancer
|
|t:|1757962496
|switch|p1a: Thundurus|Thundurus-Therian, M, shiny|100/100
|move|p2a: Pecharunt|Recover|p2a: Pecharunt
|-heal|p2a: Pecharunt|100/100
|
|upkeep
|turn|3
|c|☆epicturt|huh
|
|t:|1757962514
|move|p1a: Thundurus|Psychic|p2a: Pecharunt
|-supereffective|p2a: Pecharunt
|-damage|p2a: Pecharunt|30/100
|move|p2a: Pecharunt|Nasty Plot|p2a: Pecharunt
|-boost|p2a: Pecharunt|spa|2
|
|upkeep
|turn|4
|c|☆Purple Aithen|Cancer team
|
|t:|1757962534
|switch|p1a: Whats a type table|Tyranitar, F|100/100
|-weather|Sandstorm|[from] ability: Sand Stream|[of] p1a: Whats a type table
|move|p2a: Pecharunt|Malignant Chain|p1a: Whats a type table
|-resisted|p1a: Whats a type table
|-damage|p1a: Whats a type table|88/100
|-status|p1a: Whats a type table|tox
|-start|p1a: Whats a type table|confusion|[from] ability: Poison Puppeteer|[of] p2a: Pecharunt
|
|-weather|Sandstorm|[upkeep]
|-damage|p2a: Pecharunt|24/100|[from] Sandstorm
|-damage|p1a: Whats a type table|81/100 tox|[from] psn
|upkeep
|turn|5
|c|☆epicturt|i disagree
|inactive|Purple Aithen has 120 seconds left.
|inactive|epicturt has 120 seconds left.
|c|☆Purple Aithen|It's not subjective
|
|t:|1757962552
|switch|p2a: Gliscor|Gliscor, M|100/100
|-activate|p1a: Whats a type table|confusion
|move|p1a: Whats a type table|Knock Off|p2a: Gliscor
|-damage|p2a: Gliscor|73/100
|-enditem|p2a: Gliscor|Toxic Orb|[from] move: Knock Off|[of] p1a: Whats a type table
|
|-weather|Sandstorm|[upkeep]
|-damage|p1a: Whats a type table|69/100 tox|[from] psn
|upkeep
|turn|6
|c|☆epicturt|lmao?
|
|t:|1757962561
|switch|p1a: Karen|Mandibuzz, F|100/100
|move|p2a: Gliscor|Toxic Spikes|p1a: Karen
|-sidestart|p1: Purple Aithen|move: Toxic Spikes
|
|-weather|Sandstorm|[upkeep]
|upkeep
|turn|7
|c|☆Purple Aithen|It's objectively toxic to meta and fun
|
|t:|1757962571
|move|p2a: Gliscor|Toxic Spikes|p1a: Karen
|-sidestart|p1: Purple Aithen|move: Toxic Spikes
|move|p1a: Karen|Defog|p2a: Gliscor
|-unboost|p2a: Gliscor|evasion|1
|-sideend|p1: Purple Aithen|Toxic Spikes|[from] move: Defog|[of] p1a: Karen
|
|-weather|Sandstorm|[upkeep]
|upkeep
|turn|8
|
|t:|1757962577
|switch|p1a: Kinkgambit|Conkeldurr, M|86/100 brn
|move|p2a: Gliscor|Knock Off|p1a: Kinkgambit
|-resisted|p1a: Kinkgambit
|-crit|p1a: Kinkgambit
|-damage|p1a: Kinkgambit|72/100 brn
|-enditem|p1a: Kinkgambit|Flame Orb|[from] move: Knock Off|[of] p2a: Gliscor
|
|-weather|none
|-damage|p1a: Kinkgambit|66/100 brn|[from] brn
|upkeep
|turn|9
|c|☆epicturt|i don't think you're using the word objectively correctly
|inactive|epicturt has 120 seconds left.
|
|t:|1757962604
|move|p2a: Gliscor|Toxic Spikes|p1a: Kinkgambit
|-sidestart|p1: Purple Aithen|move: Toxic Spikes
|move|p1a: Kinkgambit|Facade|p2a: Gliscor
|-damage|p2a: Gliscor|21/100
|
|-damage|p1a: Kinkgambit|60/100 brn|[from] brn
|upkeep
|turn|10
|inactive|Purple Aithen has 120 seconds left.
|c|☆Purple Aithen|Sadly that's not subjective either
|c|☆Purple Aithen|It means what it means
|
|t:|1757962646
|move|p2a: Gliscor|U-turn|p1a: Kinkgambit
|-resisted|p1a: Kinkgambit
|-damage|p1a: Kinkgambit|53/100 brn
|
|t:|1757962654
|switch|p2a: Pecharunt|Pecharunt|24/100|[from] U-turn
|move|p1a: Kinkgambit|Facade|p2a: Pecharunt
|-immune|p2a: Pecharunt
|
|-damage|p1a: Kinkgambit|47/100 brn|[from] brn
|upkeep
|turn|11
|
|t:|1757962662
|move|p2a: Pecharunt|Recover|p2a: Pecharunt
|-heal|p2a: Pecharunt|74/100
|move|p1a: Kinkgambit|Knock Off|p2a: Pecharunt
|-supereffective|p2a: Pecharunt
|-crit|p2a: Pecharunt
|-damage|p2a: Pecharunt|0 fnt
|faint|p2a: Pecharunt
|
|-damage|p1a: Kinkgambit|41/100 brn|[from] brn
|upkeep
|c|☆epicturt|this sounds a lot like an opinion
|c|☆epicturt|which is not objective
|inactive|epicturt has 120 seconds left.
|
|t:|1757962684
|switch|p2a: Corviknight|Corviknight, M|100/100
|-ability|p2a: Corviknight|Pressure
|turn|12
|inactive|epicturt has 120 seconds left.
|
|t:|1757962691
|switch|p1a: Karen|Mandibuzz, F|100/100
|move|p2a: Corviknight|Brave Bird|p1a: Karen
|-damage|p1a: Karen|81/100
|-damage|p2a: Corviknight|84/100|[from] item: Rocky Helmet|[of] p1a: Karen
|-damage|p2a: Corviknight|77/100|[from] Recoil
|
|-heal|p2a: Corviknight|83/100|[from] item: Leftovers
|upkeep
|turn|13
|inactive|epicturt has 120 seconds left.
|inactive|Purple Aithen has 120 seconds left.
|c|☆Purple Aithen|It's a fact that toxic stall and bullshit fucks the meta and fun
|
|t:|1757962724
|move|p1a: Karen|Defog|p2a: Corviknight
|-unboost|p2a: Corviknight|evasion|1
|-sideend|p1: Purple Aithen|Toxic Spikes|[from] move: Defog|[of] p1a: Karen
|move|p2a: Corviknight|Bulk Up|p2a: Corviknight
|-boost|p2a: Corviknight|atk|1
|-boost|p2a: Corviknight|def|1
|
|-heal|p2a: Corviknight|89/100|[from] item: Leftovers
|upkeep
|turn|14
|inactive|epicturt has 120 seconds left.
|
|t:|1757962756
|move|p1a: Karen|U-turn|p2a: Corviknight
|-resisted|p2a: Corviknight
|-damage|p2a: Corviknight|88/100
|c|☆epicturt|i wouldn't say it fucks the meta, it's just part of the meta
|inactive|Purple Aithen has 120 seconds left.
|
|t:|1757962771
|switch|p1a: Thundurus|Thundurus-Therian, M, shiny|100/100|[from] U-turn
|move|p2a: Corviknight|Bulk Up|p2a: Corviknight
|-boost|p2a: Corviknight|atk|1
|-boost|p2a: Corviknight|def|1
|
|-heal|p2a: Corviknight|94/100|[from] item: Leftovers
|upkeep
|turn|15
|c|☆Purple Aithen|Yeah, the fucker up part
|c|☆epicturt|and the meta has evolved to have counters against it
|inactive|Purple Aithen has 120 seconds left.
|c|☆Purple Aithen|It shouldn't be necessary to
|c|☆epicturt|but that's beside the point anyway because i wouldn't really consider this toxic stall
|
|t:|1757962793
|switch|p2a: Iron Treads|Iron Treads|100/100
|move|p1a: Thundurus|Volt Switch|p2a: Iron Treads
|-immune|p2a: Iron Treads
|
|upkeep
|turn|16
|inactive|Purple Aithen has 120 seconds left.
|inactive|epicturt has 90 seconds left.
|c|☆Purple Aithen|You've attacked like once in 15 turns
|
|t:|1757962819
|switch|p1a: coffee|Sinistcha-Masterpiece|100/100
|-end|p2a: Iron Treads|Quark Drive|[silent]
|switch|p2a: Gliscor|Gliscor, M|21/100
|
|upkeep
|turn|17
|inactive|epicturt has 90 seconds left.
|c|☆epicturt|well i am in a losing position i have to play defensively
|
|t:|1757962857
|move|p2a: Gliscor|Knock Off|p1a: coffee
|-supereffective|p1a: coffee
|-damage|p1a: coffee|59/100
|-damage|p2a: Gliscor|5/100|[from] item: Rocky Helmet|[of] p1a: coffee
|-enditem|p1a: coffee|Rocky Helmet|[from] move: Knock Off|[of] p2a: Gliscor
|move|p1a: coffee|Scald|p2a: Gliscor
|-supereffective|p2a: Gliscor
|-damage|p2a: Gliscor|0 fnt
|faint|p2a: Gliscor
|
|upkeep
|inactive|epicturt has 60 seconds left.
|
|t:|1757962869
|switch|p2a: Primarina|Primarina, F|100/100
|turn|18
|c|☆epicturt|oops misclick
|
|t:|1757962877
|switch|p1a: Whats a type table|Tyranitar, F|69/100 tox
|-weather|Sandstorm|[from] ability: Sand Stream|[of] p1a: Whats a type table
|switch|p2a: Iron Treads|Iron Treads|100/100
|
|-weather|Sandstorm|[upkeep]
|-damage|p1a: Whats a type table|63/100 tox|[from] psn
|upkeep
|turn|19
|
|t:|1757962887
|switch|p1a: Karen|Mandibuzz, F|81/100
|move|p2a: Iron Treads|Volt Switch|p1a: Karen
|-supereffective|p1a: Karen
|-damage|p1a: Karen|62/100
|
|t:|1757962896
|-end|p2a: Iron Treads|Quark Drive|[silent]
|switch|p2a: Darkrai|Darkrai|100/100|[from] Volt Switch
|
|-weather|Sandstorm|[upkeep]
|-damage|p2a: Darkrai|94/100|[from] Sandstorm
|upkeep
|turn|20
|
|t:|1757962902
|switch|p1a: Whats a type table|Tyranitar, F|63/100 tox
|move|p2a: Darkrai|Nasty Plot|p2a: Darkrai
|-boost|p2a: Darkrai|spa|2
|
|-weather|Sandstorm|[upkeep]
|-damage|p2a: Darkrai|88/100|[from] Sandstorm
|-damage|p1a: Whats a type table|57/100 tox|[from] psn
|upkeep
|turn|21
|
|t:|1757962913
|move|p2a: Darkrai|Ice Beam|p1a: Whats a type table
|-damage|p1a: Whats a type table|34/100 tox
|-damage|p2a: Darkrai|78/100|[from] item: Life Orb
|move|p1a: Whats a type table|Stone Edge|p2a: Darkrai
|-damage|p2a: Darkrai|17/100
|
|-weather|Sandstorm|[upkeep]
|-damage|p2a: Darkrai|11/100|[from] Sandstorm
|-damage|p1a: Whats a type table|22/100 tox|[from] psn
|upkeep
|turn|22
|c|☆epicturt|is that assault vest
|
|t:|1757962930
|move|p2a: Darkrai|Ice Beam|p1a: Whats a type table
|-damage|p1a: Whats a type table|0 fnt
|faint|p1a: Whats a type table
|-damage|p2a: Darkrai|1/100|[from] item: Life Orb
|
|-weather|none
|upkeep
|
|t:|1757962940
|switch|p1a: Thundurus|Thundurus-Therian, M, shiny|100/100
|turn|23
|
|t:|1757962947
|move|p1a: Thundurus|Tera Blast|p2a: Darkrai
|-damage|p2a: Darkrai|0 fnt
|faint|p2a: Darkrai
|
|upkeep
|
|t:|1757962960
|switch|p2a: Primarina|Primarina, F|100/100
|turn|24
|
|t:|1757962973
|switch|p1a: coffee|Sinistcha-Masterpiece|59/100
|move|p2a: Primarina|Substitute|p2a: Primarina
|-start|p2a: Primarina|Substitute
|-damage|p2a: Primarina|75/100
|
|-heal|p2a: Primarina|82/100|[from] item: Leftovers
|upkeep
|turn|25
|
|t:|1757962984
|move|p1a: coffee|Hex|p2a: Primarina
|-end|p2a: Primarina|Substitute
|move|p2a: Primarina|Calm Mind|p2a: Primarina
|-boost|p2a: Primarina|spa|1
|-boost|p2a: Primarina|spd|1
|
|-heal|p2a: Primarina|88/100|[from] item: Leftovers
|upkeep
|turn|26
|
|t:|1757962999
|move|p1a: coffee|Matcha Gotcha|p2a: Primarina
|-supereffective|p2a: Primarina
|-damage|p2a: Primarina|43/100
|-heal|p1a: coffee|88/100|[from] drain|[of] p2a: Primarina
|move|p2a: Primarina|Draining Kiss|p1a: coffee
|-damage|p1a: coffee|42/100
|-heal|p2a: Primarina|69/100|[from] drain|[of] p1a: coffee
|
|-heal|p2a: Primarina|75/100|[from] item: Leftovers
|upkeep
|turn|27
|
|t:|1757963015
|-terastallize|p2a: Primarina|Fairy
|move|p1a: coffee|Matcha Gotcha|p2a: Primarina
|-damage|p2a: Primarina|51/100
|-heal|p1a: coffee|57/100|[from] drain|[of] p2a: Primarina
|-status|p2a: Primarina|brn
|move|p2a: Primarina|Substitute|p2a: Primarina
|-start|p2a: Primarina|Substitute
|-damage|p2a: Primarina|26/100 brn
|
|-heal|p2a: Primarina|32/100 brn|[from] item: Leftovers
|-damage|p2a: Primarina|26/100 brn|[from] brn
|upkeep
|turn|28
|
|t:|1757963028
|move|p1a: coffee|Hex|p2a: Primarina
|-end|p2a: Primarina|Substitute
|move|p2a: Primarina|Draining Kiss|p1a: coffee
|-damage|p1a: coffee|0 fnt
|-heal|p2a: Primarina|60/100 brn|[from] drain|[of] p1a: coffee
|faint|p1a: coffee
|
|-heal|p2a: Primarina|66/100 brn|[from] item: Leftovers
|-damage|p2a: Primarina|60/100 brn|[from] brn
|upkeep
|c|☆Purple Aithen|Have you considered playing the game instead of just bsing around
|
|t:|1757963037
|switch|p1a: Weedpon|Ogerpon, F|100/100
|turn|29
|c|☆epicturt|i don't really know what you're talking about
|
|t:|1757963058
|move|p1a: Weedpon|Ivy Cudgel|p2a: Primarina
|-damage|p2a: Primarina|21/100 brn
|move|p2a: Primarina|Draining Kiss|p1a: Weedpon
|-damage|p1a: Weedpon|36/100
|-heal|p2a: Primarina|61/100 brn|[from] drain|[of] p1a: Weedpon
|
|-heal|p2a: Primarina|68/100 brn|[from] item: Leftovers
|-damage|p2a: Primarina|61/100 brn|[from] brn
|upkeep
|turn|30
|
|t:|1757963075
|switch|p1a: Karen|Mandibuzz, F|62/100
|move|p2a: Primarina|Draining Kiss|p1a: Karen
|-supereffective|p1a: Karen
|-damage|p1a: Karen|0 fnt
|-heal|p2a: Primarina|100/100 brn|[from] drain|[of] p1a: Karen
|-damage|p2a: Primarina|84/100 brn|[from] item: Rocky Helmet|[of] p1a: Karen
|faint|p1a: Karen
|
|-heal|p2a: Primarina|90/100 brn|[from] item: Leftovers
|-damage|p2a: Primarina|84/100 brn|[from] brn
|upkeep
|
|t:|1757963078
|switch|p1a: Thundurus|Thundurus-Therian, M, shiny|100/100
|turn|31
|c|☆epicturt|this is a legitimate set
|
|t:|1757963095
|move|p1a: Thundurus|Thunderbolt|p2a: Primarina
|-crit|p2a: Primarina
|-damage|p2a: Primarina|16/100 brn
|move|p2a: Primarina|Draining Kiss|p1a: Thundurus
|-damage|p1a: Thundurus|28/100
|-heal|p2a: Primarina|61/100 brn|[from] drain|[of] p1a: Thundurus
|
|-heal|p2a: Primarina|67/100 brn|[from] item: Leftovers
|-damage|p2a: Primarina|61/100 brn|[from] brn
|upkeep
|turn|32
|c|☆Purple Aithen|Legitimate and cancer
|inactive|epicturt has 60 seconds left.
|c|☆epicturt|it's literally just physically defensive sub calm mind
|
|t:|1757963117
|move|p1a: Thundurus|Thunderbolt|p2a: Primarina
|-damage|p2a: Primarina|32/100 brn
|move|p2a: Primarina|Draining Kiss|p1a: Thundurus
|-damage|p1a: Thundurus|0 fnt
|-heal|p2a: Primarina|49/100 brn|[from] drain|[of] p1a: Thundurus
|faint|p1a: Thundurus
|
|-heal|p2a: Primarina|55/100 brn|[from] item: Leftovers
|-damage|p2a: Primarina|49/100 brn|[from] brn
|upkeep
|
|t:|1757963121
|switch|p1a: Weedpon|Ogerpon, F|36/100
|turn|33
|c|☆epicturt|it's a normal set lol
|
|t:|1757963133
|-terastallize|p1a: Weedpon|Grass
|detailschange|p1a: Weedpon|Ogerpon-Teal-Tera, F, tera:Grass
|-ability|p1a: Weedpon|Embody Aspect (Teal)|boost
|-boost|p1a: Weedpon|spe|1
|move|p1a: Weedpon|Ivy Cudgel|p2a: Primarina
|-damage|p2a: Primarina|0 fnt
|faint|p2a: Primarina
|
|upkeep
|
|t:|1757963143
|switch|p2a: Corviknight|Corviknight, M|94/100
|-ability|p2a: Corviknight|Pressure
|turn|34
|
|t:|1757963149
|move|p1a: Weedpon|Knock Off|p2a: Corviknight
|-damage|p2a: Corviknight|66/100
|-enditem|p2a: Corviknight|Leftovers|[from] move: Knock Off|[of] p1a: Weedpon
|move|p2a: Corviknight|Brave Bird|p1a: Weedpon
|-supereffective|p1a: Weedpon
|-damage|p1a: Weedpon|0 fnt
|faint|p1a: Weedpon
|detailschange|p1: Weedpon|Ogerpon, F|[silent]
|-damage|p2a: Corviknight|58/100|[from] Recoil
|
|upkeep
|
|t:|1757963152
|switch|p1a: Kinkgambit|Conkeldurr, M|41/100 brn
|turn|35
|
|t:|1757963165
|move|p2a: Corviknight|Brave Bird|p1a: Kinkgambit
|-supereffective|p1a: Kinkgambit
|-damage|p1a: Kinkgambit|0 fnt
|faint|p1a: Kinkgambit
|-damage|p2a: Corviknight|44/100|[from] Recoil
|
|win|epicturt
|raw|Purple Aithen's rating: 1230 &rarr; <strong>1204</strong><br />(-26 for losing)
|raw|epicturt's rating: 1215 &rarr; <strong>1241</strong><br />(+26 for winning)
|c|☆epicturt|gg
|c|☆Purple Aithen|Wish yiu recover
|l|☆Purple Aithen
|player|p1|
