|j|☆mechamakachino
|j|☆pipotron
|t:|1757789994
|gametype|singles
|player|p1|mechamakachino|101|1518
|player|p2|pipotron|266|1513
|gen|9
|tier|[Gen 9] OU
|rated|
|rule|HP Percentage Mod: HP is shown in percentages
|rule|Endless Battle Clause: Forcing endless battles is banned
|rule|Species Clause: Limit one of each Pokémon
|rule|OHKO Clause: OHKO moves are banned
|rule|Evasion Items Clause: Evasion items are banned
|rule|Evasion Moves Clause: Evasion moves are banned
|rule|Evasion Abilities Clause: Evasion abilities are banned
|rule|Sleep Moves Clause: Sleep-inducing moves are banned
|clearpoke
|poke|p1|Skarmory, F|
|poke|p1|Ting-Lu|
|poke|p1|Zamazenta-*|
|poke|p1|Pecharunt|
|poke|p1|Clefable, F|
|poke|p1|Walking Wake|
|poke|p2|Landorus-Therian, M|
|poke|p2|Samurott-Hisui, M|
|poke|p2|Iron Treads|
|poke|p2|Sinistcha|
|poke|p2|Dragalge, M|
|poke|p2|Minior|
|teampreview
|
|t:|1757790002
|teamsize|p1|6
|teamsize|p2|6
|start
|switch|p1a: Beat It|Zamazenta|100/100
|switch|p2a: Minior|Minior|100/100
|-ability|p1a: Beat It|Dauntless Shield|boost
|-boost|p1a: Beat It|def|1
|-formechange|p2a: Minior|Minior-Meteor||[from] ability: Shields Down
|turn|1
|
|t:|1757790008
|switch|p1a: Smooth Criminal|Skarmory, F|100/100
|move|p2a: Minior|Shell Smash|p2a: Minior
|-unboost|p2a: Minior|def|1
|-unboost|p2a: Minior|spd|1
|-boost|p2a: Minior|atk|2
|-boost|p2a: Minior|spa|2
|-boost|p2a: Minior|spe|2
|-enditem|p2a: Minior|White Herb
|-clearnegativeboost|p2a: Minior|[silent]
|
|upkeep
|turn|2
|
|t:|1757790011
|move|p2a: Minior|Power Gem|p1a: Smooth Criminal
|-damage|p1a: Smooth Criminal|47/100
|move|p1a: Smooth Criminal|Whirlwind|p2a: Minior
|drag|p2a: Landorus|Landorus-Therian, M|100/100
|-ability|p2a: Landorus|Intimidate|boost
|-unboost|p1a: Smooth Criminal|atk|1
|
|upkeep
|turn|3
|
|t:|1757790016
|move|p2a: Landorus|Stealth Rock|p1a: Smooth Criminal
|-sidestart|p1: mechamakachino|move: Stealth Rock
|move|p1a: Smooth Criminal|Roost|p1a: Smooth Criminal
|-heal|p1a: Smooth Criminal|97/100
|-singleturn|p1a: Smooth Criminal|move: Roost
|
|upkeep
|turn|4
|
|t:|1757790020
|switch|p2a: Dragalge|Dragalge, M|100/100
|move|p1a: Smooth Criminal|Spikes|p2a: Dragalge
|-sidestart|p2: pipotron|Spikes
|
|upkeep
|turn|5
|
|t:|1757790026
|switch|p1a: Rock With You|Ting-Lu|100/100
|-damage|p1a: Rock With You|94/100|[from] Stealth Rock
|-ability|p1a: Rock With You|Vessel of Ruin
|move|p2a: Dragalge|Draco Meteor|p1a: Rock With You
|-damage|p1a: Rock With You|42/100
|-unboost|p2a: Dragalge|spa|2
|
|-heal|p1a: Rock With You|48/100|[from] item: Leftovers
|upkeep
|turn|6
|
|t:|1757790030
|switch|p2a: Landorus|Landorus-Therian, M|100/100
|-ability|p2a: Landorus|Intimidate|boost
|-unboost|p1a: Rock With You|atk|1
|move|p1a: Rock With You|Stealth Rock|p2a: Landorus
|-sidestart|p2: pipotron|move: Stealth Rock
|
|-heal|p1a: Rock With You|54/100|[from] item: Leftovers
|upkeep
|turn|7
|
|t:|1757790035
|switch|p1a: Smooth Criminal|Skarmory, F|97/100
|-damage|p1a: Smooth Criminal|85/100|[from] Stealth Rock
|move|p2a: Landorus|U-turn|p1a: Smooth Criminal
|-resisted|p1a: Smooth Criminal
|-damage|p1a: Smooth Criminal|82/100
|-damage|p2a: Landorus|84/100|[from] item: Rocky Helmet|[of] p1a: Smooth Criminal
|
|t:|1757790039
|switch|p2a: Dragalge|Dragalge, M|100/100|[from] U-turn
|-damage|p2a: Dragalge|88/100|[from] Spikes
|-damage|p2a: Dragalge|75/100|[from] Stealth Rock
|
|upkeep
|turn|8
|
|t:|1757790042
|switch|p1a: Moonwalker|Clefable, F|100/100
|move|p2a: Dragalge|Draco Meteor|p1a: Moonwalker
|-immune|p1a: Moonwalker
|
|upkeep
|turn|9
|
|t:|1757790047
|switch|p2a: Iron Treads|Iron Treads|100/100
|-damage|p2a: Iron Treads|88/100|[from] Spikes
|-damage|p2a: Iron Treads|85/100|[from] Stealth Rock
|move|p1a: Moonwalker|Knock Off|p2a: Iron Treads
|-damage|p2a: Iron Treads|71/100
|-enditem|p2a: Iron Treads|Leftovers|[from] move: Knock Off|[of] p1a: Moonwalker
|
|upkeep
|turn|10
|
|t:|1757790052
|switch|p1a: Poison Young Thing|Pecharunt|100/100
|move|p2a: Iron Treads|Volt Switch|p1a: Poison Young Thing
|-damage|p1a: Poison Young Thing|90/100
|
|t:|1757790057
|-end|p2a: Iron Treads|Quark Drive|[silent]
|switch|p2a: Samurott|Samurott-Hisui, M|100/100|[from] Volt Switch
|-damage|p2a: Samurott|88/100|[from] Spikes
|-damage|p2a: Samurott|76/100|[from] Stealth Rock
|
|upkeep
|turn|11
|
|t:|1757790063
|move|p2a: Samurott|Ceaseless Edge|p1a: Poison Young Thing
|-supereffective|p1a: Poison Young Thing
|-damage|p1a: Poison Young Thing|54/100
|-sidestart|p1: mechamakachino|Spikes
|move|p1a: Poison Young Thing|Malignant Chain|p2a: Samurott
|-damage|p2a: Samurott|49/100
|
|upkeep
|turn|12
|
|t:|1757790066
|move|p2a: Samurott|Ceaseless Edge|p1a: Poison Young Thing
|-supereffective|p1a: Poison Young Thing
|-damage|p1a: Poison Young Thing|15/100
|-sidestart|p1: mechamakachino|Spikes
|move|p1a: Poison Young Thing|Recover|p1a: Poison Young Thing
|-heal|p1a: Poison Young Thing|65/100
|
|upkeep
|turn|13
|
|t:|1757790070
|switch|p1a: Smooth Criminal|Skarmory, F|82/100
|-damage|p1a: Smooth Criminal|70/100|[from] Stealth Rock
|move|p2a: Samurott|Knock Off|p1a: Smooth Criminal
|-damage|p1a: Smooth Criminal|46/100
|-damage|p2a: Samurott|33/100|[from] item: Rocky Helmet|[of] p1a: Smooth Criminal
|-enditem|p1a: Smooth Criminal|Rocky Helmet|[from] move: Knock Off|[of] p2a: Samurott
|
|upkeep
|turn|14
|
|t:|1757790073
|move|p2a: Samurott|Ceaseless Edge|p1a: Smooth Criminal
|-damage|p1a: Smooth Criminal|24/100
|-sidestart|p1: mechamakachino|Spikes
|move|p1a: Smooth Criminal|Roost|p1a: Smooth Criminal
|-heal|p1a: Smooth Criminal|74/100
|-singleturn|p1a: Smooth Criminal|move: Roost
|
|upkeep
|turn|15
|
|t:|1757790076
|move|p2a: Samurott|Flip Turn|p1a: Smooth Criminal
|-damage|p1a: Smooth Criminal|60/100
|
|t:|1757790081
|switch|p2a: Dragalge|Dragalge, M|75/100|[from] Flip Turn
|-damage|p2a: Dragalge|63/100|[from] Spikes
|-damage|p2a: Dragalge|50/100|[from] Stealth Rock
|move|p1a: Smooth Criminal|Roost|p1a: Smooth Criminal
|-heal|p1a: Smooth Criminal|100/100
|-singleturn|p1a: Smooth Criminal|move: Roost
|
|upkeep
|turn|16
|
|t:|1757790083
|move|p1a: Smooth Criminal|Roost||[still]
|-fail|p1a: Smooth Criminal|heal
|move|p2a: Dragalge|Flip Turn|p1a: Smooth Criminal
|-damage|p1a: Smooth Criminal|95/100
|
|t:|1757790088
|switch|p2a: Sinistcha|Sinistcha|100/100|[from] Flip Turn
|
|upkeep
|turn|17
|
|t:|1757790091
|move|p2a: Sinistcha|Shadow Ball|p1a: Smooth Criminal
|-damage|p1a: Smooth Criminal|54/100
|move|p1a: Smooth Criminal|Whirlwind|p2a: Sinistcha
|drag|p2a: Dragalge|Dragalge, M|50/100
|-damage|p2a: Dragalge|38/100|[from] Spikes
|-damage|p2a: Dragalge|25/100|[from] Stealth Rock
|
|upkeep
|turn|18
|
|t:|1757790099
|switch|p1a: Rock With You|Ting-Lu|54/100
|-damage|p1a: Rock With You|48/100|[from] Stealth Rock
|-damage|p1a: Rock With You|23/100|[from] Spikes
|-ability|p1a: Rock With You|Vessel of Ruin
|move|p2a: Dragalge|Sludge Wave|p1a: Rock With You
|-resisted|p1a: Rock With You
|-damage|p1a: Rock With You|5/100
|
|-heal|p1a: Rock With You|11/100|[from] item: Leftovers
|upkeep
|turn|19
|
|t:|1757790103
|move|p2a: Dragalge|Sludge Wave|p1a: Rock With You
|-resisted|p1a: Rock With You
|-damage|p1a: Rock With You|0 fnt
|faint|p1a: Rock With You
|
|upkeep
|
|t:|1757790110
|switch|p1a: Smooth Criminal|Skarmory, F|54/100
|-damage|p1a: Smooth Criminal|42/100|[from] Stealth Rock
|turn|20
|
|t:|1757790115
|switch|p2a: Sinistcha|Sinistcha|100/100
|move|p1a: Smooth Criminal|Spikes|p2a: Sinistcha
|-sidestart|p2: pipotron|Spikes
|
|upkeep
|turn|21
|
|t:|1757790118
|move|p2a: Sinistcha|Shadow Ball|p1a: Smooth Criminal
|-damage|p1a: Smooth Criminal|0 fnt
|faint|p1a: Smooth Criminal
|
|upkeep
|
|t:|1757790126
|switch|p1a: Thriller|Walking Wake|100/100
|turn|22
|
|t:|1757790133
|move|p1a: Thriller|Knock Off|p2a: Sinistcha
|-supereffective|p2a: Sinistcha
|-damage|p2a: Sinistcha|76/100
|-enditem|p2a: Sinistcha|Heavy-Duty Boots|[from] move: Knock Off|[of] p1a: Thriller
|move|p2a: Sinistcha|Strength Sap|p1a: Thriller
|-unboost|p1a: Thriller|atk|1
|-heal|p2a: Sinistcha|100/100
|
|upkeep
|turn|23
|
|t:|1757790141
|move|p1a: Thriller|Surf|p2a: Sinistcha
|-resisted|p2a: Sinistcha
|-damage|p2a: Sinistcha|73/100
|move|p2a: Sinistcha|Calm Mind|p2a: Sinistcha
|-boost|p2a: Sinistcha|spa|1
|-boost|p2a: Sinistcha|spd|1
|
|upkeep
|turn|24
|
|t:|1757790146
|move|p1a: Thriller|Draco Meteor|p2a: Sinistcha
|-damage|p2a: Sinistcha|17/100
|-unboost|p1a: Thriller|spa|2
|move|p2a: Sinistcha|Matcha Gotcha|p1a: Thriller
|-damage|p1a: Thriller|42/100
|-heal|p2a: Sinistcha|46/100|[from] drain|[of] p1a: Thriller
|
|upkeep
|turn|25
|
|t:|1757790150
|move|p1a: Thriller|Draco Meteor|p2a: Sinistcha
|-damage|p2a: Sinistcha|19/100
|-unboost|p1a: Thriller|spa|2
|move|p2a: Sinistcha|Matcha Gotcha|p1a: Thriller
|-damage|p1a: Thriller|0 fnt
|-heal|p2a: Sinistcha|40/100|[from] drain|[of] p1a: Thriller
|faint|p1a: Thriller
|-end|p1a: Thriller|Protosynthesis|[silent]
|
|upkeep
|
|t:|1757790153
|switch|p1a: Poison Young Thing|Pecharunt|65/100
|turn|26
|
|t:|1757790162
|-terastallize|p1a: Poison Young Thing|Dark
|-terastallize|p2a: Sinistcha|Poison
|move|p1a: Poison Young Thing|Malignant Chain|p2a: Sinistcha
|-resisted|p2a: Sinistcha
|-damage|p2a: Sinistcha|27/100
|move|p2a: Sinistcha|Shadow Ball|p1a: Poison Young Thing
|-resisted|p1a: Poison Young Thing
|-damage|p1a: Poison Young Thing|41/100
|-unboost|p1a: Poison Young Thing|spd|1
|
|upkeep
|turn|27
|
|t:|1757790166
|move|p1a: Poison Young Thing|Foul Play|p2a: Sinistcha
|-damage|p2a: Sinistcha|15/100
|move|p2a: Sinistcha|Strength Sap|p1a: Poison Young Thing
|-unboost|p1a: Poison Young Thing|atk|1
|-heal|p2a: Sinistcha|62/100
|
|upkeep
|turn|28
|
|t:|1757790169
|move|p1a: Poison Young Thing|Recover|p1a: Poison Young Thing
|-heal|p1a: Poison Young Thing|91/100
|move|p2a: Sinistcha|Matcha Gotcha|p1a: Poison Young Thing
|-damage|p1a: Poison Young Thing|19/100
|-heal|p2a: Sinistcha|100/100|[from] drain|[of] p1a: Poison Young Thing
|
|upkeep
|turn|29
|
|t:|1757790177
|move|p1a: Poison Young Thing|Parting Shot|p2a: Sinistcha
|-unboost|p2a: Sinistcha|atk|1
|-unboost|p2a: Sinistcha|spa|1
|
|t:|1757790180
|switch|p1a: Beat It|Zamazenta|100/100|[from] Parting Shot
|move|p2a: Sinistcha|Calm Mind|p2a: Sinistcha
|-boost|p2a: Sinistcha|spa|1
|-boost|p2a: Sinistcha|spd|1
|
|upkeep
|turn|30
|
|t:|1757790186
|switch|p1a: Poison Young Thing|Pecharunt, tera:Dark|19/100
|move|p2a: Sinistcha|Matcha Gotcha|p1a: Poison Young Thing|[miss]
|-miss|p2a: Sinistcha|p1a: Poison Young Thing
|
|upkeep
|turn|31
|
|t:|1757790191
|move|p1a: Poison Young Thing|Malignant Chain|p2a: Sinistcha
|-resisted|p2a: Sinistcha
|-damage|p2a: Sinistcha|91/100
|move|p2a: Sinistcha|Matcha Gotcha|p1a: Poison Young Thing
|-damage|p1a: Poison Young Thing|0 fnt
|-heal|p2a: Sinistcha|100/100|[from] drain|[of] p1a: Poison Young Thing
|faint|p1a: Poison Young Thing
|
|upkeep
|
|t:|1757790193
|switch|p1a: Moonwalker|Clefable, F|100/100
|turn|32
|
|t:|1757790196
|move|p2a: Sinistcha|Matcha Gotcha|p1a: Moonwalker
|-damage|p1a: Moonwalker|56/100
|-status|p1a: Moonwalker|brn
|move|p1a: Moonwalker|Calm Mind|p1a: Moonwalker
|-boost|p1a: Moonwalker|spa|1
|-boost|p1a: Moonwalker|spd|1
|
|-heal|p1a: Moonwalker|62/100 brn|[from] item: Leftovers
|upkeep
|turn|33
|
|t:|1757790205
|switch|p2a: Iron Treads|Iron Treads|71/100
|-damage|p2a: Iron Treads|55/100|[from] Spikes
|-damage|p2a: Iron Treads|52/100|[from] Stealth Rock
|move|p1a: Moonwalker|Calm Mind|p1a: Moonwalker
|-boost|p1a: Moonwalker|spa|1
|-boost|p1a: Moonwalker|spd|1
|
|-heal|p1a: Moonwalker|69/100 brn|[from] item: Leftovers
|upkeep
|turn|34
|
|t:|1757790208
|move|p2a: Iron Treads|Rapid Spin|p1a: Moonwalker
|-damage|p1a: Moonwalker|57/100 brn
|-boost|p2a: Iron Treads|spe|1
|-sideend|p2: pipotron|Spikes|[from] move: Rapid Spin|[of] p2a: Iron Treads
|-sideend|p2: pipotron|Stealth Rock|[from] move: Rapid Spin|[of] p2a: Iron Treads
|move|p1a: Moonwalker|Calm Mind|p1a: Moonwalker
|-boost|p1a: Moonwalker|spa|1
|-boost|p1a: Moonwalker|spd|1
|
|-heal|p1a: Moonwalker|63/100 brn|[from] item: Leftovers
|upkeep
|turn|35
|
|t:|1757790211
|move|p2a: Iron Treads|Earthquake|p1a: Moonwalker
|-damage|p1a: Moonwalker|25/100 brn
|move|p1a: Moonwalker|Calm Mind|p1a: Moonwalker
|-boost|p1a: Moonwalker|spa|1
|-boost|p1a: Moonwalker|spd|1
|
|-heal|p1a: Moonwalker|31/100 brn|[from] item: Leftovers
|upkeep
|turn|36
|-message|mechamakachino forfeited.
|
|win|pipotron
|raw|mechamakachino's rating: 1518 &rarr; <strong>1498</strong><br />(-20 for losing)
|raw|pipotron's rating: 1513 &rarr; <strong>1533</strong><br />(+20 for winning)
|l|☆mechamakachino
|player|p1|
|l|☆pipotron
|player|p2|
