|j|☆Kreceir
|j|☆arhg955
|t:|1757851138
|gametype|singles
|player|p1|Kreceir|marley|1100
|player|p2|arhg955|lucas|1175
|gen|9
|tier|[Gen 9] OU
|rated|
|rule|HP Percentage Mod: HP is shown in percentages
|rule|Endless Battle Clause: Forcing endless battles is banned
|rule|Species Clause: Limit one of each Pokémon
|rule|OHKO Clause: OHKO moves are banned
|rule|Evasion Items Clause: Evasion items are banned
|rule|Evasion Moves Clause: Evasion moves are banned
|rule|Evasion Abilities Clause: Evasion abilities are banned
|rule|Sleep Moves Clause: Sleep-inducing moves are banned
|clearpoke
|poke|p1|Blissey, F|
|poke|p1|Dragonite, F|
|poke|p1|Clefable, F|
|poke|p1|Arboliva, F|
|poke|p1|Hatterene, F|
|poke|p1|Iron Hands|
|poke|p2|Dragapult, M|
|poke|p2|Iron Valiant|
|poke|p2|Kingambit, M|
|poke|p2|Dragonite, F|
|poke|p2|Dondozo, F|
|poke|p2|Gengar, F|
|teampreview
|inactive|Battle timer is ON: inactive players will automatically lose when time's up. (requested by arhg955)
|
|t:|1757851150
|teamsize|p1|6
|teamsize|p2|6
|start
|switch|p1a: Hatterene|Hatterene, F, shiny|100/100
|switch|p2a: Dragonite|Dragonite, F|100/100
|turn|1
|
|t:|1757851159
|-terastallize|p2a: Dragonite|Normal
|move|p2a: Dragonite|Iron Head|p1a: Hatterene
|-supereffective|p1a: Hatterene
|-damage|p1a: Hatterene|50/100
|move|p1a: Hatterene|Nuzzle|p2a: Dragonite
|-damage|p2a: Dragonite|98/100
|-status|p2a: Dragonite|par
|
|-heal|p1a: Hatterene|56/100|[from] item: Leftovers
|upkeep
|turn|2
|
|t:|1757851170
|cant|p2a: Dragonite|par
|move|p1a: Hatterene|Metronome|p1a: Hatterene
|move|p1a: Hatterene|Will-O-Wisp||[from] move: Metronome|[still]
|-fail|p1a: Hatterene
|
|-heal|p1a: Hatterene|62/100|[from] item: Leftovers
|upkeep
|turn|3
|
|t:|1757851182
|move|p2a: Dragonite|Extreme Speed|p1a: Hatterene
|-damage|p1a: Hatterene|24/100
|move|p1a: Hatterene|Metronome|p1a: Hatterene
|move|p1a: Hatterene|Fissure|p2a: Dragonite|[from] move: Metronome|[miss]
|-miss|p1a: Hatterene|p2a: Dragonite
|
|-heal|p1a: Hatterene|30/100|[from] item: Leftovers
|upkeep
|turn|4
|
|t:|1757851192
|cant|p2a: Dragonite|par
|move|p1a: Hatterene|Metronome|p1a: Hatterene
|move|p1a: Hatterene|Brick Break|p2a: Dragonite|[from] move: Metronome
|-supereffective|p2a: Dragonite
|-damage|p2a: Dragonite|67/100 par
|
|-heal|p1a: Hatterene|36/100|[from] item: Leftovers
|upkeep
|turn|5
|
|t:|1757851201
|cant|p2a: Dragonite|par
|move|p1a: Hatterene|Metronome|p1a: Hatterene
|move|p1a: Hatterene|Stuff Cheeks||[from] move: Metronome|[still]
|-fail|p1a: Hatterene
|
|-heal|p1a: Hatterene|42/100|[from] item: Leftovers
|upkeep
|turn|6
|
|t:|1757851209
|move|p2a: Dragonite|Iron Head|p1a: Hatterene
|-supereffective|p1a: Hatterene
|-damage|p1a: Hatterene|0 fnt
|faint|p1a: Hatterene
|
|upkeep
|
|t:|1757851217
|switch|p1a: Clefable|Clefable, F, shiny|100/100
|turn|7
|
|t:|1757851224
|move|p1a: Clefable|Knock Off|p2a: Dragonite
|-crit|p2a: Dragonite
|-damage|p2a: Dragonite|41/100 par
|-enditem|p2a: Dragonite|Heavy-Duty Boots|[from] move: Knock Off|[of] p1a: Clefable
|move|p2a: Dragonite|Iron Head|p1a: Clefable
|-supereffective|p1a: Clefable
|-damage|p1a: Clefable|51/100
|-damage|p2a: Dragonite|24/100 par|[from] item: Rocky Helmet|[of] p1a: Clefable
|
|upkeep
|turn|8
|
|t:|1757851235
|switch|p2a: Iron Valiant|Iron Valiant|100/100
|-enditem|p2a: Iron Valiant|Booster Energy
|-activate|p2a: Iron Valiant|ability: Quark Drive|[fromitem]
|-start|p2a: Iron Valiant|quarkdrivespe
|move|p1a: Clefable|Moonlight|p1a: Clefable
|-heal|p1a: Clefable|100/100
|
|upkeep
|turn|9
|
|t:|1757851245
|move|p2a: Iron Valiant|Moonblast|p1a: Clefable
|-damage|p1a: Clefable|64/100
|move|p1a: Clefable|Metronome|p1a: Clefable
|move|p1a: Clefable|Confide|p2a: Iron Valiant|[from] move: Metronome
|-unboost|p2a: Iron Valiant|spa|1
|
|upkeep
|turn|10
|
|t:|1757851253
|move|p2a: Iron Valiant|Knock Off|p1a: Clefable
|-resisted|p1a: Clefable
|-damage|p1a: Clefable|51/100
|-damage|p2a: Iron Valiant|84/100|[from] item: Rocky Helmet|[of] p1a: Clefable
|-enditem|p1a: Clefable|Rocky Helmet|[from] move: Knock Off|[of] p2a: Iron Valiant
|move|p1a: Clefable|Knock Off|p2a: Iron Valiant
|-resisted|p2a: Iron Valiant
|-damage|p2a: Iron Valiant|80/100
|
|upkeep
|turn|11
|
|t:|1757851264
|move|p2a: Iron Valiant|Moonblast|p1a: Clefable
|-damage|p1a: Clefable|26/100
|-unboost|p1a: Clefable|spa|1
|move|p1a: Clefable|Moonlight|p1a: Clefable
|-heal|p1a: Clefable|76/100
|
|upkeep
|turn|12
|
|t:|1757851273
|move|p2a: Iron Valiant|Moonblast|p1a: Clefable
|-damage|p1a: Clefable|54/100
|-unboost|p1a: Clefable|spa|1
|move|p1a: Clefable|Metronome|p1a: Clefable
|move|p1a: Clefable|Moonblast|p2a: Iron Valiant|[from] move: Metronome
|-supereffective|p2a: Iron Valiant
|-damage|p2a: Iron Valiant|14/100
|
|upkeep
|turn|13
|
|t:|1757851286
|-end|p2a: Iron Valiant|Quark Drive|[silent]
|switch|p2a: Dondozo|Dondozo, F|100/100
|move|p1a: Clefable|Moonlight|p1a: Clefable
|-heal|p1a: Clefable|100/100
|
|upkeep
|turn|14
|
|t:|1757851293
|move|p1a: Clefable|Knock Off|p2a: Dondozo
|-damage|p2a: Dondozo|92/100
|-enditem|p2a: Dondozo|Chesto Berry|[from] move: Knock Off|[of] p1a: Clefable
|move|p2a: Dondozo|Curse|p2a: Dondozo
|-unboost|p2a: Dondozo|spe|1
|-boost|p2a: Dondozo|atk|1
|-boost|p2a: Dondozo|def|1
|
|upkeep
|turn|15
|
|t:|1757851302
|move|p1a: Clefable|Metronome|p1a: Clefable
|move|p1a: Clefable|Floral Healing|p2a: Dondozo|[from] move: Metronome
|-heal|p2a: Dondozo|100/100
|move|p2a: Dondozo|Curse|p2a: Dondozo
|-unboost|p2a: Dondozo|spe|1
|-boost|p2a: Dondozo|atk|1
|-boost|p2a: Dondozo|def|1
|
|upkeep
|turn|16
|
|t:|1757851311
|move|p1a: Clefable|Metronome|p1a: Clefable
|move|p1a: Clefable|Stored Power|p2a: Dondozo|[from] move: Metronome
|-damage|p2a: Dondozo|96/100
|move|p2a: Dondozo|Curse|p2a: Dondozo
|-unboost|p2a: Dondozo|spe|1
|-boost|p2a: Dondozo|atk|1
|-boost|p2a: Dondozo|def|1
|
|upkeep
|turn|17
|
|t:|1757851320
|move|p1a: Clefable|Metronome|p1a: Clefable
|move|p1a: Clefable|Revelation Dance|p2a: Dondozo|[from] move: Metronome
|-damage|p2a: Dondozo|65/100
|move|p2a: Dondozo|Curse|p2a: Dondozo
|-unboost|p2a: Dondozo|spe|1
|-boost|p2a: Dondozo|atk|1
|-boost|p2a: Dondozo|def|1
|
|upkeep
|turn|18
|
|t:|1757851331
|move|p1a: Clefable|Metronome|p1a: Clefable
|move|p1a: Clefable|Liquidation|p2a: Dondozo|[from] move: Metronome
|-resisted|p2a: Dondozo
|-damage|p2a: Dondozo|64/100
|-unboost|p2a: Dondozo|def|1
|move|p2a: Dondozo|Wave Crash|p1a: Clefable
|-damage|p1a: Clefable|0 fnt
|faint|p1a: Clefable
|-damage|p2a: Dondozo|38/100|[from] Recoil
|
|upkeep
|
|t:|1757851343
|switch|p1a: Arboliva|Arboliva, F, shiny|100/100
|turn|19
|
|t:|1757851348
|move|p1a: Arboliva|Leech Seed|p2a: Dondozo|[miss]
|-miss|p1a: Arboliva|p2a: Dondozo
|move|p2a: Dondozo|Rest|p2a: Dondozo
|-status|p2a: Dondozo|slp|[from] move: Rest
|-heal|p2a: Dondozo|100/100 slp|[silent]
|
|upkeep
|turn|20
|
|t:|1757851358
|move|p1a: Arboliva|Substitute|p1a: Arboliva
|-start|p1a: Arboliva|Substitute
|-damage|p1a: Arboliva|76/100
|cant|p2a: Dondozo|slp
|move|p2a: Dondozo|Sleep Talk|p2a: Dondozo
|move|p2a: Dondozo|Rest||[from] move: Sleep Talk|[still]
|-fail|p2a: Dondozo
|
|upkeep
|turn|21
|
|t:|1757851368
|move|p1a: Arboliva|Leech Seed|p2a: Dondozo
|-start|p2a: Dondozo|move: Leech Seed
|cant|p2a: Dondozo|slp
|move|p2a: Dondozo|Sleep Talk|p2a: Dondozo
|move|p2a: Dondozo|Curse|p2a: Dondozo|[from] move: Sleep Talk
|-unboost|p2a: Dondozo|spe|1
|-boost|p2a: Dondozo|atk|1
|-boost|p2a: Dondozo|def|1
|
|-damage|p2a: Dondozo|88/100 slp|[from] Leech Seed|[of] p1a: Arboliva
|-heal|p1a: Arboliva|93/100|[silent]
|upkeep
|turn|22
|
|t:|1757851382
|move|p1a: Arboliva|Strength Sap|p2a: Dondozo
|-unboost|p2a: Dondozo|atk|1
|-heal|p1a: Arboliva|100/100
|-curestatus|p2a: Dondozo|slp|[msg]
|move|p2a: Dondozo|Wave Crash|p1a: Arboliva
|-resisted|p1a: Arboliva
|-end|p1a: Arboliva|Substitute
|-damage|p2a: Dondozo|82/100|[from] Recoil|[of] p1a: Arboliva
|
|-damage|p2a: Dondozo|70/100|[from] Leech Seed|[of] p1a: Arboliva
|upkeep
|turn|23
|
|t:|1757851395
|move|p1a: Arboliva|Substitute|p1a: Arboliva
|-start|p1a: Arboliva|Substitute
|-damage|p1a: Arboliva|76/100
|move|p2a: Dondozo|Wave Crash|p1a: Arboliva
|-resisted|p1a: Arboliva
|-end|p1a: Arboliva|Substitute
|-damage|p2a: Dondozo|64/100|[from] Recoil|[of] p1a: Arboliva
|
|-damage|p2a: Dondozo|51/100|[from] Leech Seed|[of] p1a: Arboliva
|-heal|p1a: Arboliva|93/100|[silent]
|upkeep
|turn|24
|
|t:|1757851407
|move|p1a: Arboliva|Substitute|p1a: Arboliva
|-start|p1a: Arboliva|Substitute
|-damage|p1a: Arboliva|68/100
|move|p2a: Dondozo|Wave Crash|p1a: Arboliva
|-resisted|p1a: Arboliva
|-end|p1a: Arboliva|Substitute
|-damage|p2a: Dondozo|46/100|[from] Recoil|[of] p1a: Arboliva
|
|-damage|p2a: Dondozo|33/100|[from] Leech Seed|[of] p1a: Arboliva
|-heal|p1a: Arboliva|86/100|[silent]
|upkeep
|turn|25
|
|t:|1757851418
|move|p1a: Arboliva|Substitute|p1a: Arboliva
|-start|p1a: Arboliva|Substitute
|-damage|p1a: Arboliva|61/100
|move|p2a: Dondozo|Rest|p2a: Dondozo
|-status|p2a: Dondozo|slp|[from] move: Rest
|-heal|p2a: Dondozo|100/100 slp|[silent]
|
|-damage|p2a: Dondozo|88/100 slp|[from] Leech Seed|[of] p1a: Arboliva
|-heal|p1a: Arboliva|79/100|[silent]
|upkeep
|turn|26
|
|t:|1757851429
|move|p1a: Arboliva|Strength Sap|p2a: Dondozo
|-unboost|p2a: Dondozo|atk|1
|-heal|p1a: Arboliva|100/100
|cant|p2a: Dondozo|slp
|move|p2a: Dondozo|Sleep Talk|p2a: Dondozo
|move|p2a: Dondozo|Wave Crash|p1a: Arboliva|[from] move: Sleep Talk
|-resisted|p1a: Arboliva
|-end|p1a: Arboliva|Substitute
|-damage|p2a: Dondozo|82/100 slp|[from] Recoil|[of] p1a: Arboliva
|
|-damage|p2a: Dondozo|70/100 slp|[from] Leech Seed|[of] p1a: Arboliva
|upkeep
|turn|27
|
|t:|1757851446
|move|p1a: Arboliva|Substitute|p1a: Arboliva
|-start|p1a: Arboliva|Substitute
|-damage|p1a: Arboliva|76/100
|cant|p2a: Dondozo|slp
|move|p2a: Dondozo|Sleep Talk|p2a: Dondozo
|move|p2a: Dondozo|Curse|p2a: Dondozo|[from] move: Sleep Talk
|-unboost|p2a: Dondozo|spe|1
|-boost|p2a: Dondozo|atk|1
|-boost|p2a: Dondozo|def|1
|
|-damage|p2a: Dondozo|57/100 slp|[from] Leech Seed|[of] p1a: Arboliva
|-heal|p1a: Arboliva|93/100|[silent]
|upkeep
|turn|28
|
|t:|1757851464
|move|p1a: Arboliva|Metronome|p1a: Arboliva
|move|p1a: Arboliva|Glare||[from] move: Metronome|[still]
|-fail|p1a: Arboliva
|-curestatus|p2a: Dondozo|slp|[msg]
|move|p2a: Dondozo|Rest|p2a: Dondozo
|-status|p2a: Dondozo|slp|[from] move: Rest
|-heal|p2a: Dondozo|100/100 slp|[silent]
|
|-damage|p2a: Dondozo|88/100 slp|[from] Leech Seed|[of] p1a: Arboliva
|-heal|p1a: Arboliva|100/100|[silent]
|upkeep
|turn|29
|
|t:|1757851479
|move|p1a: Arboliva|Metronome|p1a: Arboliva
|move|p1a: Arboliva|Sludge Bomb|p2a: Dondozo|[from] move: Metronome
|-damage|p2a: Dondozo|65/100 slp
|cant|p2a: Dondozo|slp
|move|p2a: Dondozo|Sleep Talk|p2a: Dondozo
|move|p2a: Dondozo|Rest||[from] move: Sleep Talk|[still]
|-fail|p2a: Dondozo
|
|-damage|p2a: Dondozo|52/100 slp|[from] Leech Seed|[of] p1a: Arboliva
|upkeep
|turn|30
|
|t:|1757851492
|move|p1a: Arboliva|Metronome|p1a: Arboliva
|move|p1a: Arboliva|Triple Dive|p2a: Dondozo|[from] move: Metronome
|-resisted|p2a: Dondozo
|-damage|p2a: Dondozo|52/100 slp
|-resisted|p2a: Dondozo
|-damage|p2a: Dondozo|51/100 slp
|-resisted|p2a: Dondozo
|-damage|p2a: Dondozo|51/100 slp
|-hitcount|p2a: Dondozo|3
|cant|p2a: Dondozo|slp
|move|p2a: Dondozo|Sleep Talk|p2a: Dondozo
|move|p2a: Dondozo|Rest||[from] move: Sleep Talk|[still]
|-fail|p2a: Dondozo
|
|-damage|p2a: Dondozo|38/100 slp|[from] Leech Seed|[of] p1a: Arboliva
|upkeep
|turn|31
|
|t:|1757851509
|move|p1a: Arboliva|Metronome|p1a: Arboliva
|move|p1a: Arboliva|Flower Trick|p2a: Dondozo|[from] move: Metronome
|-supereffective|p2a: Dondozo
|-crit|p2a: Dondozo
|-damage|p2a: Dondozo|13/100 slp
|-curestatus|p2a: Dondozo|slp|[msg]
|move|p2a: Dondozo|Rest|p2a: Dondozo
|-status|p2a: Dondozo|slp|[from] move: Rest
|-heal|p2a: Dondozo|100/100 slp|[silent]
|
|-damage|p2a: Dondozo|88/100 slp|[from] Leech Seed|[of] p1a: Arboliva
|upkeep
|turn|32
|
|t:|1757851524
|move|p1a: Arboliva|Metronome|p1a: Arboliva
|move|p1a: Arboliva|Hydro Cannon|p2a: Dondozo|[from] move: Metronome
|-resisted|p2a: Dondozo
|-damage|p2a: Dondozo|68/100 slp
|-mustrecharge|p1a: Arboliva
|cant|p2a: Dondozo|slp
|move|p2a: Dondozo|Sleep Talk|p2a: Dondozo
|move|p2a: Dondozo|Rest||[from] move: Sleep Talk|[still]
|-fail|p2a: Dondozo
|
|-damage|p2a: Dondozo|55/100 slp|[from] Leech Seed|[of] p1a: Arboliva
|upkeep
|turn|33
|
|t:|1757851537
|cant|p1a: Arboliva|recharge
|cant|p2a: Dondozo|slp
|move|p2a: Dondozo|Sleep Talk|p2a: Dondozo
|move|p2a: Dondozo|Curse|p2a: Dondozo|[from] move: Sleep Talk
|-boost|p2a: Dondozo|atk|1
|-boost|p2a: Dondozo|def|1
|
|-damage|p2a: Dondozo|43/100 slp|[from] Leech Seed|[of] p1a: Arboliva
|upkeep
|turn|34
|
|t:|1757851548
|move|p1a: Arboliva|Metronome|p1a: Arboliva
|move|p1a: Arboliva|Ancient Power|p2a: Dondozo|[from] move: Metronome
|-damage|p2a: Dondozo|26/100 slp
|-curestatus|p2a: Dondozo|slp|[msg]
|move|p2a: Dondozo|Rest|p2a: Dondozo
|-status|p2a: Dondozo|slp|[from] move: Rest
|-heal|p2a: Dondozo|100/100 slp|[silent]
|
|-damage|p2a: Dondozo|88/100 slp|[from] Leech Seed|[of] p1a: Arboliva
|upkeep
|turn|35
|
|t:|1757851561
|move|p1a: Arboliva|Metronome|p1a: Arboliva
|move|p1a: Arboliva|Ice Beam|p2a: Dondozo|[from] move: Metronome
|-resisted|p2a: Dondozo
|-crit|p2a: Dondozo
|-damage|p2a: Dondozo|69/100 slp
|cant|p2a: Dondozo|slp
|move|p2a: Dondozo|Sleep Talk|p2a: Dondozo
|move|p2a: Dondozo|Wave Crash|p1a: Arboliva|[from] move: Sleep Talk
|-resisted|p1a: Arboliva
|-crit|p1a: Arboliva
|-end|p1a: Arboliva|Substitute
|-damage|p2a: Dondozo|63/100 slp|[from] Recoil|[of] p1a: Arboliva
|
|-damage|p2a: Dondozo|51/100 slp|[from] Leech Seed|[of] p1a: Arboliva
|upkeep
|turn|36
|inactive|arhg955 has 120 seconds left.
|
|t:|1757851579
|move|p1a: Arboliva|Substitute|p1a: Arboliva
|-start|p1a: Arboliva|Substitute
|-damage|p1a: Arboliva|76/100
|cant|p2a: Dondozo|slp
|
|-damage|p2a: Dondozo|38/100 slp|[from] Leech Seed|[of] p1a: Arboliva
|-heal|p1a: Arboliva|93/100|[silent]
|upkeep
|turn|37
|
|t:|1757851587
|move|p1a: Arboliva|Metronome|p1a: Arboliva
|move|p1a: Arboliva|Double Team|p1a: Arboliva|[from] move: Metronome
|-boost|p1a: Arboliva|evasion|1
|-curestatus|p2a: Dondozo|slp|[msg]
|move|p2a: Dondozo|Rest|p2a: Dondozo
|-status|p2a: Dondozo|slp|[from] move: Rest
|-heal|p2a: Dondozo|100/100 slp|[silent]
|
|-damage|p2a: Dondozo|88/100 slp|[from] Leech Seed|[of] p1a: Arboliva
|-heal|p1a: Arboliva|100/100|[silent]
|upkeep
|turn|38
|
|t:|1757851600
|move|p1a: Arboliva|Metronome|p1a: Arboliva
|move|p1a: Arboliva|Poison Sting|p2a: Dondozo|[from] move: Metronome
|-damage|p2a: Dondozo|88/100 slp
|cant|p2a: Dondozo|slp
|move|p2a: Dondozo|Sleep Talk|p2a: Dondozo
|move|p2a: Dondozo|Curse|p2a: Dondozo|[from] move: Sleep Talk
|-boost|p2a: Dondozo|atk|1
|
|-damage|p2a: Dondozo|75/100 slp|[from] Leech Seed|[of] p1a: Arboliva
|upkeep
|turn|39
|
|t:|1757851614
|move|p1a: Arboliva|Metronome|p1a: Arboliva
|move|p1a: Arboliva|No Retreat|p1a: Arboliva|[from] move: Metronome
|-boost|p1a: Arboliva|atk|1
|-boost|p1a: Arboliva|def|1
|-boost|p1a: Arboliva|spa|1
|-boost|p1a: Arboliva|spd|1
|-boost|p1a: Arboliva|spe|1
|-start|p1a: Arboliva|move: No Retreat
|cant|p2a: Dondozo|slp
|move|p2a: Dondozo|Sleep Talk|p2a: Dondozo
|move|p2a: Dondozo|Wave Crash|p1a: Arboliva|[from] move: Sleep Talk
|-resisted|p1a: Arboliva
|-end|p1a: Arboliva|Substitute
|-damage|p2a: Dondozo|69/100 slp|[from] Recoil|[of] p1a: Arboliva
|
|-damage|p2a: Dondozo|57/100 slp|[from] Leech Seed|[of] p1a: Arboliva
|upkeep
|turn|40
|inactive|arhg955 has 120 seconds left.
|
|t:|1757851639
|move|p1a: Arboliva|Substitute|p1a: Arboliva
|-start|p1a: Arboliva|Substitute
|-damage|p1a: Arboliva|76/100
|-curestatus|p2a: Dondozo|slp|[msg]
|move|p2a: Dondozo|Wave Crash|p1a: Arboliva
|-resisted|p1a: Arboliva
|-end|p1a: Arboliva|Substitute
|-damage|p2a: Dondozo|51/100|[from] Recoil|[of] p1a: Arboliva
|
|-damage|p2a: Dondozo|39/100|[from] Leech Seed|[of] p1a: Arboliva
|-heal|p1a: Arboliva|93/100|[silent]
|upkeep
|turn|41
|
|t:|1757851650
|move|p1a: Arboliva|Substitute|p1a: Arboliva
|-start|p1a: Arboliva|Substitute
|-damage|p1a: Arboliva|68/100
|move|p2a: Dondozo|Rest|p2a: Dondozo
|-status|p2a: Dondozo|slp|[from] move: Rest
|-heal|p2a: Dondozo|100/100 slp|[silent]
|
|-damage|p2a: Dondozo|88/100 slp|[from] Leech Seed|[of] p1a: Arboliva
|-heal|p1a: Arboliva|86/100|[silent]
|upkeep
|turn|42
|
|t:|1757851670
|move|p1a: Arboliva|Strength Sap|p2a: Dondozo
|-unboost|p2a: Dondozo|atk|1
|-heal|p1a: Arboliva|100/100
|cant|p2a: Dondozo|slp
|
|-damage|p2a: Dondozo|75/100 slp|[from] Leech Seed|[of] p1a: Arboliva
|upkeep
|turn|43
|
|t:|1757851680
|move|p1a: Arboliva|Strength Sap|p2a: Dondozo
|-unboost|p2a: Dondozo|atk|1
|cant|p2a: Dondozo|slp
|move|p2a: Dondozo|Sleep Talk|p2a: Dondozo
|move|p2a: Dondozo|Rest||[from] move: Sleep Talk|[still]
|-fail|p2a: Dondozo
|
|-damage|p2a: Dondozo|63/100 slp|[from] Leech Seed|[of] p1a: Arboliva
|upkeep
|turn|44
|
|t:|1757851693
|move|p1a: Arboliva|Metronome|p1a: Arboliva
|move|p1a: Arboliva|Flash Cannon|p2a: Dondozo|[from] move: Metronome
|-resisted|p2a: Dondozo
|-damage|p2a: Dondozo|52/100 slp
|-curestatus|p2a: Dondozo|slp|[msg]
|move|p2a: Dondozo|Sleep Talk||[still]
|-fail|p2a: Dondozo
|
|-damage|p2a: Dondozo|40/100|[from] Leech Seed|[of] p1a: Arboliva
|upkeep
|turn|45
|
|t:|1757851705
|move|p1a: Arboliva|Metronome|p1a: Arboliva
|move|p1a: Arboliva|Spikes|p2a: Dondozo|[from] move: Metronome
|-sidestart|p2: arhg955|Spikes
|move|p2a: Dondozo|Rest|p2a: Dondozo
|-status|p2a: Dondozo|slp|[from] move: Rest
|-heal|p2a: Dondozo|100/100 slp|[silent]
|
|-damage|p2a: Dondozo|88/100 slp|[from] Leech Seed|[of] p1a: Arboliva
|upkeep
|turn|46
|
|t:|1757851724
|move|p1a: Arboliva|Strength Sap|p2a: Dondozo
|-unboost|p2a: Dondozo|atk|1
|cant|p2a: Dondozo|slp
|move|p2a: Dondozo|Sleep Talk|p2a: Dondozo
|move|p2a: Dondozo|Wave Crash|p1a: Arboliva|[from] move: Sleep Talk
|-resisted|p1a: Arboliva
|-end|p1a: Arboliva|Substitute
|-damage|p2a: Dondozo|82/100 slp|[from] Recoil|[of] p1a: Arboliva
|
|-damage|p2a: Dondozo|70/100 slp|[from] Leech Seed|[of] p1a: Arboliva
|upkeep
|turn|47
|
|t:|1757851737
|move|p1a: Arboliva|Substitute|p1a: Arboliva
|-start|p1a: Arboliva|Substitute
|-damage|p1a: Arboliva|76/100
|cant|p2a: Dondozo|slp
|
|-damage|p2a: Dondozo|57/100 slp|[from] Leech Seed|[of] p1a: Arboliva
|-heal|p1a: Arboliva|93/100|[silent]
|upkeep
|turn|48
|
|t:|1757851746
|move|p1a: Arboliva|Strength Sap|p2a: Dondozo
|-unboost|p2a: Dondozo|atk|1
|-heal|p1a: Arboliva|100/100
|-curestatus|p2a: Dondozo|slp|[msg]
|move|p2a: Dondozo|Sleep Talk||[still]
|-fail|p2a: Dondozo
|
|-damage|p2a: Dondozo|45/100|[from] Leech Seed|[of] p1a: Arboliva
|upkeep
|turn|49
|
|t:|1757851768
|move|p1a: Arboliva|Metronome|p1a: Arboliva
|move|p1a: Arboliva|Lunge|p2a: Dondozo|[from] move: Metronome
|-damage|p2a: Dondozo|43/100
|-unboost|p2a: Dondozo|atk|1
|move|p2a: Dondozo|Wave Crash|p1a: Arboliva
|-resisted|p1a: Arboliva
|-end|p1a: Arboliva|Substitute
|-damage|p2a: Dondozo|37/100|[from] Recoil|[of] p1a: Arboliva
|
|-damage|p2a: Dondozo|25/100|[from] Leech Seed|[of] p1a: Arboliva
|upkeep
|turn|50
|
|t:|1757851781
|move|p1a: Arboliva|Substitute|p1a: Arboliva
|-start|p1a: Arboliva|Substitute
|-damage|p1a: Arboliva|76/100
|move|p2a: Dondozo|Wave Crash|p1a: Arboliva
|-resisted|p1a: Arboliva
|-end|p1a: Arboliva|Substitute
|-damage|p2a: Dondozo|19/100|[from] Recoil|[of] p1a: Arboliva
|
|-damage|p2a: Dondozo|7/100|[from] Leech Seed|[of] p1a: Arboliva
|-heal|p1a: Arboliva|93/100|[silent]
|upkeep
|turn|51
|
|t:|1757851791
|move|p1a: Arboliva|Substitute|p1a: Arboliva
|-start|p1a: Arboliva|Substitute
|-damage|p1a: Arboliva|68/100
|move|p2a: Dondozo|Wave Crash|p1a: Arboliva
|-resisted|p1a: Arboliva
|-end|p1a: Arboliva|Substitute
|-damage|p2a: Dondozo|1/100|[from] Recoil|[of] p1a: Arboliva
|
|-damage|p2a: Dondozo|0 fnt|[from] Leech Seed|[of] p1a: Arboliva
|-heal|p1a: Arboliva|69/100|[silent]
|faint|p2a: Dondozo
|upkeep
|inactive|arhg955 has 90 seconds left.
|
|t:|1757851810
|switch|p2a: Gengar|Gengar, F|100/100
|-damage|p2a: Gengar|88/100|[from] Spikes
|turn|52
|inactive|arhg955 has 90 seconds left.
|
|t:|1757851815
|move|p2a: Gengar|Sludge Bomb|p1a: Arboliva|[miss]
|-miss|p2a: Gengar|p1a: Arboliva
|move|p1a: Arboliva|Substitute|p1a: Arboliva
|-start|p1a: Arboliva|Substitute
|-damage|p1a: Arboliva|44/100
|-enditem|p1a: Arboliva|Sitrus Berry|[eat]
|-heal|p1a: Arboliva|69/100|[from] item: Sitrus Berry
|
|upkeep
|turn|53
|
|t:|1757851825
|move|p2a: Gengar|Shadow Ball|p1a: Arboliva
|-immune|p1a: Arboliva
|move|p1a: Arboliva|Leech Seed|p2a: Gengar
|-start|p2a: Gengar|move: Leech Seed
|
|-damage|p2a: Gengar|76/100|[from] Leech Seed|[of] p1a: Arboliva
|-heal|p1a: Arboliva|78/100|[silent]
|-item|p1a: Arboliva|Sitrus Berry|[from] ability: Harvest
|upkeep
|turn|54
|
|t:|1757851837
|move|p2a: Gengar|Sludge Bomb|p1a: Arboliva
|-supereffective|p1a: Arboliva
|-end|p1a: Arboliva|Substitute
|move|p1a: Arboliva|Strength Sap|p2a: Gengar
|-unboost|p2a: Gengar|atk|1
|-heal|p1a: Arboliva|100/100
|
|-damage|p2a: Gengar|64/100|[from] Leech Seed|[of] p1a: Arboliva
|upkeep
|turn|55
|
|t:|1757851847
|move|p2a: Gengar|Shadow Ball|p1a: Arboliva
|-immune|p1a: Arboliva
|move|p1a: Arboliva|Substitute|p1a: Arboliva
|-start|p1a: Arboliva|Substitute
|-damage|p1a: Arboliva|76/100
|
|-damage|p2a: Gengar|51/100|[from] Leech Seed|[of] p1a: Arboliva
|-heal|p1a: Arboliva|85/100|[silent]
|upkeep
|turn|56
|
|t:|1757851858
|move|p2a: Gengar|Focus Blast|p1a: Arboliva|[miss]
|-miss|p2a: Gengar|p1a: Arboliva
|move|p1a: Arboliva|Metronome|p1a: Arboliva
|move|p1a: Arboliva|Prismatic Laser|p2a: Gengar|[from] move: Metronome
|-supereffective|p2a: Gengar
|-damage|p2a: Gengar|0 fnt
|-mustrecharge|p1a: Arboliva
|-start|p1a: Arboliva|Disable|Metronome|[from] ability: Cursed Body|[of] p2a: Gengar
|faint|p2a: Gengar
|
|upkeep
|inactive|arhg955 has 90 seconds left.
|
|t:|1757851875
|switch|p2a: Dragapult|Dragapult, M|100/100
|-damage|p2a: Dragapult|88/100|[from] Spikes
|turn|57
|inactive|arhg955 has 90 seconds left.
|
|t:|1757851883
|move|p2a: Dragapult|Shadow Ball|p1a: Arboliva
|-immune|p1a: Arboliva
|cant|p1a: Arboliva|recharge
|
|upkeep
|turn|58
|inactive|arhg955 has 90 seconds left.
|
|t:|1757851893
|switch|p2a: Kingambit|Kingambit, M|100/100
|-damage|p2a: Kingambit|88/100|[from] Spikes
|-activate|p2a: Kingambit|ability: Supreme Overlord
|-start|p2a: Kingambit|fallen2|[silent]
|move|p1a: Arboliva|Leech Seed|p2a: Kingambit|[miss]
|-miss|p1a: Arboliva|p2a: Kingambit
|
|upkeep
|turn|59
|
|t:|1757851903
|move|p1a: Arboliva|Leech Seed|p2a: Kingambit
|-start|p2a: Kingambit|move: Leech Seed
|move|p2a: Kingambit|Kowtow Cleave|p1a: Arboliva
|-end|p1a: Arboliva|Substitute
|
|-damage|p2a: Kingambit|76/100|[from] Leech Seed|[of] p1a: Arboliva
|-heal|p1a: Arboliva|99/100|[silent]
|-end|p1a: Arboliva|Disable
|upkeep
|turn|60
|
|t:|1757851912
|move|p1a: Arboliva|Strength Sap|p2a: Kingambit
|-unboost|p2a: Kingambit|atk|1
|-heal|p1a: Arboliva|100/100
|move|p2a: Kingambit|Kowtow Cleave|p1a: Arboliva
|-damage|p1a: Arboliva|73/100
|
|-damage|p2a: Kingambit|63/100|[from] Leech Seed|[of] p1a: Arboliva
|-heal|p1a: Arboliva|87/100|[silent]
|upkeep
|turn|61
|
|t:|1757851930
|-end|p2a: Kingambit|fallen2|[silent]
|switch|p2a: Dragapult|Dragapult, M|88/100
|-damage|p2a: Dragapult|76/100|[from] Spikes
|move|p1a: Arboliva|Strength Sap|p2a: Dragapult
|-unboost|p2a: Dragapult|atk|1
|-heal|p1a: Arboliva|100/100
|
|upkeep
|turn|62
|
|t:|1757851939
|move|p2a: Dragapult|Flamethrower|p1a: Arboliva
|-supereffective|p1a: Arboliva
|-damage|p1a: Arboliva|59/100
|move|p1a: Arboliva|Leech Seed|p2a: Dragapult|[miss]
|-miss|p1a: Arboliva|p2a: Dragapult
|
|upkeep
|turn|63
|
|t:|1757851948
|move|p2a: Dragapult|Flamethrower|p1a: Arboliva
|-supereffective|p1a: Arboliva
|-damage|p1a: Arboliva|15/100
|-enditem|p1a: Arboliva|Sitrus Berry|[eat]
|-heal|p1a: Arboliva|40/100|[from] item: Sitrus Berry
|move|p1a: Arboliva|Strength Sap|p2a: Dragapult
|-unboost|p2a: Dragapult|atk|1
|-heal|p1a: Arboliva|86/100
|
|-item|p1a: Arboliva|Sitrus Berry|[from] ability: Harvest
|upkeep
|turn|64
|
|t:|1757851963
|move|p2a: Dragapult|Flamethrower|p1a: Arboliva
|-supereffective|p1a: Arboliva
|-damage|p1a: Arboliva|46/100
|-enditem|p1a: Arboliva|Sitrus Berry|[eat]
|-heal|p1a: Arboliva|71/100|[from] item: Sitrus Berry
|move|p1a: Arboliva|Leech Seed|p2a: Dragapult
|-start|p2a: Dragapult|move: Leech Seed
|
|-damage|p2a: Dragapult|64/100|[from] Leech Seed|[of] p1a: Arboliva
|-heal|p1a: Arboliva|82/100|[silent]
|upkeep
|turn|65
|
|t:|1757851973
|move|p2a: Dragapult|Flamethrower|p1a: Arboliva
|-supereffective|p1a: Arboliva
|-crit|p1a: Arboliva
|-damage|p1a: Arboliva|0 fnt
|faint|p1a: Arboliva
|
|upkeep
|
|t:|1757851980
|switch|p1a: Iron Hands|Iron Hands, shiny|100/100
|turn|66
|
|t:|1757851989
|switch|p2a: Kingambit|Kingambit, M|63/100
|-damage|p2a: Kingambit|51/100|[from] Spikes
|-activate|p2a: Kingambit|ability: Supreme Overlord
|-start|p2a: Kingambit|fallen2|[silent]
|move|p1a: Iron Hands|Metronome|p1a: Iron Hands
|move|p1a: Iron Hands|Poltergeist|p2a: Kingambit|[from] move: Metronome|[miss]
|-miss|p1a: Iron Hands|p2a: Kingambit
|
|upkeep
|turn|67
|inactive|arhg955 has 120 seconds left.
|
|t:|1757852002
|move|p2a: Kingambit|Sucker Punch||[still]
|-fail|p2a: Kingambit
|move|p1a: Iron Hands|Substitute|p1a: Iron Hands
|-start|p1a: Iron Hands|Substitute
|-damage|p1a: Iron Hands|75/100
|
|-heal|p1a: Iron Hands|82/100|[from] item: Leftovers
|upkeep
|turn|68
|inactive|arhg955 has 120 seconds left.
|c|☆arhg955|Homosexual
|
|t:|1757852034
|move|p2a: Kingambit|Sucker Punch||[still]
|-fail|p2a: Kingambit
|move|p1a: Iron Hands|Metronome|p1a: Iron Hands
|move|p1a: Iron Hands|Hydro Cannon|p2a: Kingambit|[from] move: Metronome
|-crit|p2a: Kingambit
|-damage|p2a: Kingambit|27/100
|-mustrecharge|p1a: Iron Hands
|
|-heal|p1a: Iron Hands|88/100|[from] item: Leftovers
|upkeep
|turn|69
|
|t:|1757852045
|move|p2a: Kingambit|Kowtow Cleave|p1a: Iron Hands
|-resisted|p1a: Iron Hands
|-activate|p1a: Iron Hands|move: Substitute|[damage]
|cant|p1a: Iron Hands|recharge
|
|-heal|p1a: Iron Hands|94/100|[from] item: Leftovers
|upkeep
|turn|70
|
|t:|1757852056
|move|p2a: Kingambit|Iron Head|p1a: Iron Hands
|-resisted|p1a: Iron Hands
|-end|p1a: Iron Hands|Substitute
|move|p1a: Iron Hands|Metronome|p1a: Iron Hands
|move|p1a: Iron Hands|Brave Bird|p2a: Kingambit|[from] move: Metronome
|-resisted|p2a: Kingambit
|-damage|p2a: Kingambit|12/100
|-damage|p1a: Iron Hands|90/100|[from] Recoil
|
|-heal|p1a: Iron Hands|97/100|[from] item: Leftovers
|upkeep
|turn|71
|
|t:|1757852068
|move|p2a: Kingambit|Sucker Punch||[still]
|-fail|p2a: Kingambit
|move|p1a: Iron Hands|Substitute|p1a: Iron Hands
|-start|p1a: Iron Hands|Substitute
|-damage|p1a: Iron Hands|72/100
|
|-heal|p1a: Iron Hands|78/100|[from] item: Leftovers
|upkeep
|turn|72
|
|t:|1757852085
|move|p1a: Iron Hands|Metronome|p1a: Iron Hands
|move|p1a: Iron Hands|Last Respects|p2a: Kingambit|[from] move: Metronome
|-resisted|p2a: Kingambit
|-damage|p2a: Kingambit|0 fnt
|faint|p2a: Kingambit
|-end|p2a: Kingambit|fallen2|[silent]
|
|-heal|p1a: Iron Hands|84/100|[from] item: Leftovers
|upkeep
|inactive|arhg955 has 90 seconds left.
|
|t:|1757852096
|switch|p2a: Dragapult|Dragapult, M|64/100
|-damage|p2a: Dragapult|51/100|[from] Spikes
|turn|73
|inactive|arhg955 has 90 seconds left.
|
|t:|1757852109
|move|p2a: Dragapult|Flamethrower|p1a: Iron Hands
|-damage|p1a: Iron Hands|49/100
|move|p1a: Iron Hands|Metronome|p1a: Iron Hands
|move|p1a: Iron Hands|Encore|p2a: Dragapult|[from] move: Metronome
|-start|p2a: Dragapult|Encore
|
|-heal|p1a: Iron Hands|55/100|[from] item: Leftovers
|upkeep
|turn|74
|
|t:|1757852121
|-end|p1a: Iron Hands|Quark Drive|[silent]
|switch|p1a: Blissey|Blissey, F, shiny|100/100
|move|p2a: Dragapult|Flamethrower|p1a: Blissey
|-damage|p1a: Blissey|88/100
|
|-heal|p1a: Blissey|94/100|[from] item: Leftovers
|upkeep
|turn|75
|
|t:|1757852135
|switch|p2a: Dragonite|Dragonite, F, tera:Normal|24/100 par
|-damage|p2a: Dragonite|12/100 par|[from] Spikes
|move|p1a: Blissey|Stealth Rock|p2a: Dragonite
|-sidestart|p2: arhg955|move: Stealth Rock
|
|-heal|p1a: Blissey|100/100|[from] item: Leftovers
|upkeep
|turn|76
|
|t:|1757852145
|cant|p2a: Dragonite|par
|move|p1a: Blissey|Metronome|p1a: Blissey
|move|p1a: Blissey|Thunderbolt|p2a: Dragonite|[from] move: Metronome
|-damage|p2a: Dragonite|0 fnt
|faint|p2a: Dragonite
|
|upkeep
|
|t:|1757852153
|switch|p2a: Iron Valiant|Iron Valiant|14/100
|-damage|p2a: Iron Valiant|2/100|[from] Spikes
|-damage|p2a: Iron Valiant|0 fnt|[from] Stealth Rock
|faint|p2a: Iron Valiant
|-end|p2a: Iron Valiant|Quark Drive|[silent]
|
|t:|1757852159
|switch|p2a: Dragapult|Dragapult, M|51/100
|-damage|p2a: Dragapult|39/100|[from] Spikes
|-damage|p2a: Dragapult|27/100|[from] Stealth Rock
|turn|77
|
|t:|1757852166
|move|p2a: Dragapult|Shadow Ball|p1a: Blissey
|-immune|p1a: Blissey
|move|p1a: Blissey|Metronome|p1a: Blissey
|move|p1a: Blissey|Tearful Look|p2a: Dragapult|[from] move: Metronome
|-unboost|p2a: Dragapult|atk|1
|-unboost|p2a: Dragapult|spa|1
|
|upkeep
|turn|78
|c|☆arhg955|Attacks homosexual inhave choice band i Lost
|inactive|arhg955 has 90 seconds left.
|
|t:|1757852193
|move|p2a: Dragapult|Shadow Ball|p1a: Blissey
|-immune|p1a: Blissey
|move|p1a: Blissey|Metronome|p1a: Blissey
|move|p1a: Blissey|Astonish|p2a: Dragapult|[from] move: Metronome
|-supereffective|p2a: Dragapult
|-damage|p2a: Dragapult|23/100
|
|upkeep
|turn|79
|
|t:|1757852201
|move|p2a: Dragapult|Shadow Ball|p1a: Blissey
|-immune|p1a: Blissey
|move|p1a: Blissey|Metronome|p1a: Blissey
|move|p1a: Blissey|Double Hit|p2a: Dragapult|[from] move: Metronome
|-immune|p2a: Dragapult
|
|upkeep
|turn|80
|
|t:|1757852210
|move|p2a: Dragapult|Shadow Ball|p1a: Blissey
|-immune|p1a: Blissey
|move|p1a: Blissey|Metronome|p1a: Blissey
|move|p1a: Blissey|Dive||[from] move: Metronome|[still]
|-prepare|p1a: Blissey|Dive
|
|upkeep
|turn|81
|
|t:|1757852217
|move|p2a: Dragapult|Shadow Ball|p1a: Blissey|[miss]
|-miss|p2a: Dragapult|p1a: Blissey
|move|p1a: Blissey|Dive|p2a: Dragapult|[from] lockedmove
|-resisted|p2a: Dragapult
|-damage|p2a: Dragapult|20/100
|
|upkeep
|turn|82
|
|t:|1757852224
|move|p2a: Dragapult|Shadow Ball|p1a: Blissey
|-immune|p1a: Blissey
|move|p1a: Blissey|Metronome|p1a: Blissey
|move|p1a: Blissey|Psychic Fangs|p2a: Dragapult|[from] move: Metronome
|-damage|p2a: Dragapult|14/100
|
|upkeep
|turn|83
|
|t:|1757852232
|move|p2a: Dragapult|Shadow Ball|p1a: Blissey
|-immune|p1a: Blissey
|move|p1a: Blissey|Metronome|p1a: Blissey
|move|p1a: Blissey|Lunar Dance|p1a: Blissey|[from] move: Metronome
|faint|p1a: Blissey
|
|upkeep
|
|t:|1757852240
|switch|p1a: Dragonite|Dragonite, F, shiny|100/100
|turn|84
|
|t:|1757852246
|-terastallize|p1a: Dragonite|Normal
|move|p2a: Dragapult|Shadow Ball|p1a: Dragonite
|-immune|p1a: Dragonite
|move|p1a: Dragonite|Metronome|p1a: Dragonite
|move|p1a: Dragonite|Entrainment|p2a: Dragapult|[from] move: Metronome
|-ability|p2a: Dragapult|Multiscale|Infiltrator|[from] move: Entrainment|[of] p1a: Dragonite
|
|upkeep
|turn|85
|
|t:|1757852256
|move|p2a: Dragapult|Shadow Ball|p1a: Dragonite
|-immune|p1a: Dragonite
|move|p1a: Dragonite|Metronome|p1a: Dragonite
|move|p1a: Dragonite|Growth|p1a: Dragonite|[from] move: Metronome
|-boost|p1a: Dragonite|atk|1
|-boost|p1a: Dragonite|spa|1
|
|upkeep
|turn|86
|c|☆arhg955|Do a simple attack bitch
|inactive|arhg955 has 120 seconds left.
|c|☆arhg955|I am put of moves i just wanna look at the elo finish this
|
|t:|1757852293
|move|p2a: Dragapult|Shadow Ball|p1a: Dragonite
|-immune|p1a: Dragonite
|move|p1a: Dragonite|Metronome|p1a: Dragonite
|move|p1a: Dragonite|Hex|p2a: Dragapult|[from] move: Metronome
|-supereffective|p2a: Dragapult
|-damage|p2a: Dragapult|0 fnt
|faint|p2a: Dragapult
|
|win|Kreceir
