|j|☆the same as here
|j|☆chuddboysoyjakk
|t:|1757856727
|gametype|singles
|player|p1|the same as here|janitor|1331
|player|p2|chuddboysoyjakk|miku-fire|1305
|gen|9
|tier|[Gen 9] OU
|rated|
|rule|HP Percentage Mod: HP is shown in percentages
|rule|Endless Battle Clause: Forcing endless battles is banned
|rule|Species Clause: Limit one of each Pokémon
|rule|OHKO Clause: OHKO moves are banned
|rule|Evasion Items Clause: Evasion items are banned
|rule|Evasion Moves Clause: Evasion moves are banned
|rule|Evasion Abilities Clause: Evasion abilities are banned
|rule|Sleep Moves Clause: Sleep-inducing moves are banned
|clearpoke
|poke|p1|Garganacl, M|
|poke|p1|Samurott-Hisui, F|
|poke|p1|Pecharunt|
|poke|p1|Great Tusk|
|poke|p1|Zapdos|
|poke|p1|Cinderace, F|
|poke|p2|Dragapult, F|
|poke|p2|Glastrier|
|poke|p2|Tinkaton, F|
|poke|p2|Ting-Lu|
|poke|p2|Iron Hands|
|poke|p2|Moltres|
|teampreview
|
|t:|1757856742
|teamsize|p1|6
|teamsize|p2|6
|start
|switch|p1a: Cinderace|Cinderace, F|100/100
|switch|p2a: Amy rosè|Tinkaton, F|100/100
|-ability|p2a: Amy rosè|Mold Breaker
|-item|p2a: Amy rosè|Air Balloon
|turn|1
|
|t:|1757856745
|switch|p2a: Stealth rockphobic|Moltres|100/100
|move|p1a: Cinderace|Pyro Ball|p2a: Stealth rockphobic|[miss]
|-miss|p1a: Cinderace|p2a: Stealth rockphobic
|
|upkeep
|turn|2
|
|t:|1757856753
|switch|p1a: Zapdos|Zapdos|100/100
|move|p2a: Stealth rockphobic|U-turn|p1a: Zapdos
|-resisted|p1a: Zapdos
|-damage|p1a: Zapdos|93/100
|
|t:|1757856756
|switch|p2a: Amy rosè|Tinkaton, F|100/100|[from] U-turn
|-ability|p2a: Amy rosè|Mold Breaker
|-item|p2a: Amy rosè|Air Balloon
|
|upkeep
|turn|3
|
|t:|1757856763
|move|p2a: Amy rosè|Knock Off|p1a: Zapdos
|-damage|p1a: Zapdos|73/100
|-status|p2a: Amy rosè|par|[from] ability: Static|[of] p1a: Zapdos
|-enditem|p1a: Zapdos|Heavy-Duty Boots|[from] move: Knock Off|[of] p2a: Amy rosè
|move|p1a: Zapdos|Discharge|p2a: Amy rosè
|-damage|p2a: Amy rosè|66/100 par
|-enditem|p2a: Amy rosè|Air Balloon
|
|upkeep
|turn|4
|
|t:|1757856779
|move|p1a: Zapdos|Discharge|p2a: Amy rosè
|-damage|p2a: Amy rosè|28/100 par
|move|p2a: Amy rosè|Stealth Rock|p1a: Zapdos
|-sidestart|p1: the same as here|move: Stealth Rock
|
|upkeep
|turn|5
|
|t:|1757856787
|switch|p2a: Ting-louie XVIII|Ting-Lu, shiny|100/100
|-ability|p2a: Ting-louie XVIII|Vessel of Ruin
|move|p1a: Zapdos|Volt Switch|p2a: Ting-louie XVIII
|-immune|p2a: Ting-louie XVIII
|
|upkeep
|turn|6
|
|t:|1757856798
|move|p1a: Zapdos|Roost|p1a: Zapdos
|-heal|p1a: Zapdos|100/100
|-singleturn|p1a: Zapdos|move: Roost
|move|p2a: Ting-louie XVIII|Earthquake|p1a: Zapdos
|-supereffective|p1a: Zapdos
|-damage|p1a: Zapdos|17/100
|
|upkeep
|turn|7
|
|t:|1757856802
|switch|p1a: Samurott|Samurott-Hisui, F|100/100
|-damage|p1a: Samurott|88/100|[from] Stealth Rock
|move|p2a: Ting-louie XVIII|Spikes|p1a: Samurott
|-sidestart|p1: the same as here|Spikes
|
|upkeep
|turn|8
|
|t:|1757856807
|switch|p2a: Put hands on em|Iron Hands|100/100
|move|p1a: Samurott|Ceaseless Edge|p2a: Put hands on em
|-resisted|p2a: Put hands on em
|-damage|p2a: Put hands on em|88/100
|-sidestart|p2: chuddboysoyjakk|Spikes
|
|upkeep
|turn|9
|
|t:|1757856815
|move|p1a: Samurott|Flip Turn|p2a: Put hands on em
|-damage|p2a: Put hands on em|74/100
|
|t:|1757856822
|switch|p1a: Pecharunt|Pecharunt|100/100|[from] Flip Turn
|-damage|p1a: Pecharunt|88/100|[from] Stealth Rock
|-damage|p1a: Pecharunt|76/100|[from] Spikes
|move|p2a: Put hands on em|Thunder Punch|p1a: Pecharunt
|-crit|p1a: Pecharunt
|-damage|p1a: Pecharunt|45/100
|-status|p1a: Pecharunt|par
|
|-heal|p1a: Pecharunt|51/100 par|[from] item: Black Sludge
|upkeep
|turn|10
|
|t:|1757856828
|-end|p2a: Put hands on em|Quark Drive|[silent]
|switch|p2a: Amy rosè|Tinkaton, F|28/100 par
|-damage|p2a: Amy rosè|16/100 par|[from] Spikes
|-ability|p2a: Amy rosè|Mold Breaker
|move|p1a: Pecharunt|Parting Shot|p2a: Amy rosè
|-unboost|p2a: Amy rosè|atk|1
|-unboost|p2a: Amy rosè|spa|1
|
|t:|1757856835
|switch|p1a: Great Tusk|Great Tusk|100/100|[from] Parting Shot
|
|upkeep
|turn|11
|
|t:|1757856847
|switch|p2a: Stealth rockphobic|Moltres|100/100
|move|p1a: Great Tusk|Headlong Rush|p2a: Stealth rockphobic
|-immune|p2a: Stealth rockphobic
|
|upkeep
|turn|12
|
|t:|1757856869
|switch|p2a: Casey Anthony|Dragapult, F|100/100
|move|p1a: Great Tusk|Rapid Spin|p2a: Casey Anthony
|-immune|p2a: Casey Anthony
|
|upkeep
|turn|13
|
|t:|1757856873
|-end|p1a: Great Tusk|Protosynthesis|[silent]
|switch|p1a: Pecharunt|Pecharunt|51/100 par
|-damage|p1a: Pecharunt|39/100 par|[from] Stealth Rock
|-damage|p1a: Pecharunt|26/100 par|[from] Spikes
|move|p2a: Casey Anthony|Draco Meteor|p1a: Pecharunt
|-damage|p1a: Pecharunt|0 fnt
|-unboost|p2a: Casey Anthony|spa|2
|faint|p1a: Pecharunt
|
|upkeep
|
|t:|1757856877
|switch|p1a: Samurott|Samurott-Hisui, F|88/100
|-damage|p1a: Samurott|75/100|[from] Stealth Rock
|-damage|p1a: Samurott|63/100|[from] Spikes
|turn|14
|
|t:|1757856882
|switch|p2a: Put hands on em|Iron Hands|74/100
|move|p1a: Samurott|Flip Turn|p2a: Put hands on em
|-damage|p2a: Put hands on em|59/100
|
|t:|1757856885
|switch|p1a: Great Tusk|Great Tusk|100/100|[from] Flip Turn
|
|upkeep
|turn|15
|
|t:|1757856888
|-end|p2a: Put hands on em|Quark Drive|[silent]
|switch|p2a: Stealth rockphobic|Moltres|100/100
|move|p1a: Great Tusk|Rapid Spin|p2a: Stealth rockphobic
|-damage|p2a: Stealth rockphobic|87/100
|-boost|p1a: Great Tusk|spe|1
|-sideend|p1: the same as here|Spikes|[from] move: Rapid Spin|[of] p1a: Great Tusk
|-sideend|p1: the same as here|Stealth Rock|[from] move: Rapid Spin|[of] p1a: Great Tusk
|
|upkeep
|turn|16
|
|t:|1757856895
|move|p1a: Great Tusk|Stealth Rock|p2a: Stealth rockphobic
|-sidestart|p2: chuddboysoyjakk|move: Stealth Rock
|move|p2a: Stealth rockphobic|Will-O-Wisp|p1a: Great Tusk
|-status|p1a: Great Tusk|brn
|
|-damage|p1a: Great Tusk|94/100 brn|[from] brn
|upkeep
|turn|17
|
|t:|1757856908
|move|p1a: Great Tusk|Ice Spinner|p2a: Stealth rockphobic
|-damage|p2a: Stealth rockphobic|78/100
|move|p2a: Stealth rockphobic|U-turn|p1a: Great Tusk
|-resisted|p1a: Great Tusk
|-damage|p1a: Great Tusk|89/100 brn
|
|t:|1757856916
|switch|p2a: Intimidating horse|Glastrier|100/100|[from] U-turn
|
|-damage|p1a: Great Tusk|83/100 brn|[from] brn
|upkeep
|turn|18
|
|t:|1757856928
|-end|p1a: Great Tusk|Protosynthesis|[silent]
|switch|p1a: Samurott|Samurott-Hisui, F|63/100
|move|p2a: Intimidating horse|Icicle Crash|p1a: Samurott
|-resisted|p1a: Samurott
|-damage|p1a: Samurott|33/100
|
|upkeep
|turn|19
|
|t:|1757856944
|move|p1a: Samurott|Ceaseless Edge|p2a: Intimidating horse
|-damage|p2a: Intimidating horse|72/100
|-sidestart|p2: chuddboysoyjakk|Spikes
|move|p2a: Intimidating horse|Close Combat|p1a: Samurott
|-supereffective|p1a: Samurott
|-damage|p1a: Samurott|0 fnt
|-unboost|p2a: Intimidating horse|def|1
|-unboost|p2a: Intimidating horse|spd|1
|faint|p1a: Samurott
|-ability|p2a: Intimidating horse|Chilling Neigh|boost
|-boost|p2a: Intimidating horse|atk|1
|
|upkeep
|
|t:|1757856952
|switch|p1a: Cinderace|Cinderace, F|100/100
|turn|20
|
|t:|1757856966
|switch|p2a: Stealth rockphobic|Moltres|78/100
|move|p1a: Cinderace|Pyro Ball|p2a: Stealth rockphobic
|-resisted|p2a: Stealth rockphobic
|-damage|p2a: Stealth rockphobic|47/100
|
|upkeep
|turn|21
|
|t:|1757856974
|switch|p1a: Zapdos|Zapdos|17/100
|move|p2a: Stealth rockphobic|Roost|p2a: Stealth rockphobic
|-heal|p2a: Stealth rockphobic|97/100
|-singleturn|p2a: Stealth rockphobic|move: Roost
|
|upkeep
|turn|22
|
|t:|1757856981
|move|p1a: Zapdos|Roost|p1a: Zapdos
|-heal|p1a: Zapdos|67/100
|-singleturn|p1a: Zapdos|move: Roost
|move|p2a: Stealth rockphobic|Flamethrower|p1a: Zapdos
|-damage|p1a: Zapdos|26/100
|
|upkeep
|turn|23
|
|t:|1757856988
|switch|p2a: Intimidating horse|Glastrier|72/100
|move|p1a: Zapdos|Discharge|p2a: Intimidating horse
|-damage|p2a: Intimidating horse|36/100
|
|upkeep
|turn|24
|
|t:|1757856992
|move|p1a: Zapdos|Hurricane|p2a: Intimidating horse
|-damage|p2a: Intimidating horse|0 fnt
|faint|p2a: Intimidating horse
|
|upkeep
|
|t:|1757856998
|switch|p2a: Casey Anthony|Dragapult, F|100/100
|turn|25
|
|t:|1757857002
|move|p2a: Casey Anthony|Draco Meteor|p1a: Zapdos
|-crit|p1a: Zapdos
|-damage|p1a: Zapdos|0 fnt
|-unboost|p2a: Casey Anthony|spa|2
|faint|p1a: Zapdos
|
|upkeep
|
|t:|1757857013
|switch|p1a: Great Tusk|Great Tusk|83/100 brn
|turn|26
|
|t:|1757857016
|move|p2a: Casey Anthony|U-turn|p1a: Great Tusk
|-resisted|p1a: Great Tusk
|-damage|p1a: Great Tusk|77/100 brn
|
|t:|1757857017
|switch|p2a: Stealth rockphobic|Moltres|97/100|[from] U-turn
|move|p1a: Great Tusk|Ice Spinner|p2a: Stealth rockphobic
|-damage|p2a: Stealth rockphobic|87/100
|
|-damage|p1a: Great Tusk|71/100 brn|[from] brn
|upkeep
|turn|27
|
|t:|1757857025
|move|p1a: Great Tusk|Ice Spinner|p2a: Stealth rockphobic
|-damage|p2a: Stealth rockphobic|78/100
|move|p2a: Stealth rockphobic|U-turn|p1a: Great Tusk
|-resisted|p1a: Great Tusk
|-crit|p1a: Great Tusk
|-damage|p1a: Great Tusk|63/100 brn
|
|t:|1757857030
|switch|p2a: Put hands on em|Iron Hands|59/100|[from] U-turn
|
|-damage|p1a: Great Tusk|57/100 brn|[from] brn
|upkeep
|turn|28
|
|t:|1757857033
|-terastallize|p2a: Put hands on em|Flying
|move|p1a: Great Tusk|Headlong Rush|p2a: Put hands on em
|-immune|p2a: Put hands on em
|move|p2a: Put hands on em|Swords Dance|p2a: Put hands on em
|-boost|p2a: Put hands on em|atk|2
|
|-damage|p1a: Great Tusk|51/100 brn|[from] brn
|upkeep
|turn|29
|
|t:|1757857036
|move|p1a: Great Tusk|Ice Spinner|p2a: Put hands on em
|-supereffective|p2a: Put hands on em
|-damage|p2a: Put hands on em|40/100
|move|p2a: Put hands on em|Drain Punch|p1a: Great Tusk
|-damage|p1a: Great Tusk|0 fnt
|-heal|p2a: Put hands on em|59/100|[from] drain|[of] p1a: Great Tusk
|faint|p1a: Great Tusk
|-end|p1a: Great Tusk|Protosynthesis|[silent]
|
|upkeep
|
|t:|1757857038
|switch|p1a: Garganacl|Garganacl, M|100/100
|turn|30
|
|t:|1757857042
|-terastallize|p1a: Garganacl|Fairy
|move|p2a: Put hands on em|Thunder Punch|p1a: Garganacl
|-damage|p1a: Garganacl|44/100
|move|p1a: Garganacl|Iron Defense|p1a: Garganacl
|-boost|p1a: Garganacl|def|2
|
|-heal|p1a: Garganacl|50/100|[from] item: Leftovers
|upkeep
|turn|31
|
|t:|1757857046
|move|p2a: Put hands on em|Thunder Punch|p1a: Garganacl
|-damage|p1a: Garganacl|17/100
|move|p1a: Garganacl|Recover|p1a: Garganacl
|-heal|p1a: Garganacl|67/100
|
|-heal|p1a: Garganacl|73/100|[from] item: Leftovers
|upkeep
|turn|32
|
|t:|1757857050
|move|p2a: Put hands on em|Swords Dance|p2a: Put hands on em
|-boost|p2a: Put hands on em|atk|2
|move|p1a: Garganacl|Iron Defense|p1a: Garganacl
|-boost|p1a: Garganacl|def|2
|
|-heal|p1a: Garganacl|79/100|[from] item: Leftovers
|upkeep
|turn|33
|
|t:|1757857058
|move|p2a: Put hands on em|Thunder Punch|p1a: Garganacl
|-damage|p1a: Garganacl|49/100
|move|p1a: Garganacl|Iron Defense|p1a: Garganacl
|-boost|p1a: Garganacl|def|2
|
|-heal|p1a: Garganacl|55/100|[from] item: Leftovers
|upkeep
|turn|34
|
|t:|1757857061
|move|p2a: Put hands on em|Thunder Punch|p1a: Garganacl
|-damage|p1a: Garganacl|34/100
|move|p1a: Garganacl|Recover|p1a: Garganacl
|-heal|p1a: Garganacl|84/100
|
|-heal|p1a: Garganacl|90/100|[from] item: Leftovers
|upkeep
|turn|35
|
|t:|1757857064
|move|p2a: Put hands on em|Swords Dance|p2a: Put hands on em
|-boost|p2a: Put hands on em|atk|2
|move|p1a: Garganacl|Salt Cure|p2a: Put hands on em
|-supereffective|p2a: Put hands on em
|-damage|p2a: Put hands on em|40/100
|-start|p2a: Put hands on em|Salt Cure
|
|-heal|p1a: Garganacl|96/100|[from] item: Leftovers
|-damage|p2a: Put hands on em|28/100|[from] Salt Cure
|upkeep
|turn|36
|-message|chuddboysoyjakk forfeited.
|
|win|the same as here
|raw|the same as here's rating: 1331 &rarr; <strong>1350</strong><br />(+19 for winning)
|raw|chuddboysoyjakk's rating: 1305 &rarr; <strong>1286</strong><br />(-19 for losing)
|l|☆chuddboysoyjakk
|player|p2|
