|j|☆ayushfcb
|j|☆Pergame
|t:|1757937049
|gametype|singles
|player|p1|ayushfcb|red-masters|1327
|player|p2|Pergame|2|1329
|gen|9
|tier|[Gen 9] OU
|rated|
|rule|HP Percentage Mod: HP is shown in percentages
|rule|Endless Battle Clause: Forcing endless battles is banned
|rule|Species Clause: Limit one of each Pokémon
|rule|OHKO Clause: OHKO moves are banned
|rule|Evasion Items Clause: Evasion items are banned
|rule|Evasion Moves Clause: Evasion moves are banned
|rule|Evasion Abilities Clause: Evasion abilities are banned
|rule|Sleep Moves Clause: Sleep-inducing moves are banned
|clearpoke
|poke|p1|Hydrapple, M|
|poke|p1|Samurott-Hisui, F|
|poke|p1|Kyurem|
|poke|p1|Slowking-Galar, F|
|poke|p1|Iron Valiant|
|poke|p1|Corviknight, M|
|poke|p2|Toxapex, M|
|poke|p2|Hippowdon, M|
|poke|p2|Great Tusk|
|poke|p2|Iron Moth|
|poke|p2|Meowscarada, M|
|poke|p2|Walking Wake|
|teampreview
|
|t:|1757937073
|teamsize|p1|6
|teamsize|p2|6
|start
|switch|p1a: Samurott|Samurott-Hisui, F, shiny|100/100
|switch|p2a: Meowscarada|Meowscarada, M|100/100
|turn|1
|
|t:|1757937080
|switch|p1a: Corviknight|Corviknight, M|100/100
|move|p2a: Meowscarada|U-turn|p1a: Corviknight
|-start|p2a: Meowscarada|typechange|Bug|[from] ability: Protean
|-resisted|p1a: Corviknight
|-damage|p1a: Corviknight|93/100
|-damage|p2a: Meowscarada|84/100|[from] item: Rocky Helmet|[of] p1a: Corviknight
|
|t:|1757937090
|switch|p2a: Hippowdon|Hippowdon, M|100/100|[from] U-turn
|-weather|Sandstorm|[from] ability: Sand Stream|[of] p2a: Hippowdon
|
|-weather|Sandstorm|[upkeep]
|upkeep
|turn|2
|
|t:|1757937101
|move|p1a: Corviknight|Body Press|p2a: Hippowdon
|-crit|p2a: Hippowdon
|-damage|p2a: Hippowdon|73/100
|move|p2a: Hippowdon|Stealth Rock|p1a: Corviknight
|-sidestart|p1: ayushfcb|move: Stealth Rock
|
|-weather|Sandstorm|[upkeep]
|-heal|p2a: Hippowdon|79/100|[from] item: Leftovers
|upkeep
|turn|3
|
|t:|1757937110
|switch|p2a: Walking Wake|Walking Wake|100/100
|move|p1a: Corviknight|Defog|p2a: Walking Wake
|-unboost|p2a: Walking Wake|evasion|1
|-sideend|p1: ayushfcb|Stealth Rock|[from] move: Defog|[of] p1a: Corviknight
|
|-weather|Sandstorm|[upkeep]
|-damage|p2a: Walking Wake|94/100|[from] Sandstorm
|upkeep
|turn|4
|
|t:|1757937119
|switch|p1a: Slowking|Slowking-Galar, F|100/100
|move|p2a: Walking Wake|Flamethrower|p1a: Slowking
|-damage|p1a: Slowking|83/100
|
|-weather|Sandstorm|[upkeep]
|-damage|p2a: Walking Wake|88/100|[from] Sandstorm
|-damage|p1a: Slowking|77/100|[from] Sandstorm
|upkeep
|turn|5
|
|t:|1757937129
|-end|p2a: Walking Wake|Protosynthesis|[silent]
|switch|p2a: Great Tusk|Great Tusk|100/100
|move|p1a: Slowking|Future Sight|p2a: Great Tusk
|-start|p1a: Slowking|move: Future Sight
|
|-weather|none
|upkeep
|turn|6
|
|t:|1757937136
|switch|p1a: Corviknight|Corviknight, M|93/100
|move|p2a: Great Tusk|Earthquake|p1a: Corviknight
|-immune|p1a: Corviknight
|
|upkeep
|turn|7
|
|t:|1757937144
|-end|p2a: Great Tusk|Protosynthesis|[silent]
|switch|p2a: Meowscarada|Meowscarada, M|84/100
|move|p1a: Corviknight|U-turn|p2a: Meowscarada
|-supereffective|p2a: Meowscarada
|-damage|p2a: Meowscarada|0 fnt
|faint|p2a: Meowscarada
|
|t:|1757937160
|switch|p1a: Samurott|Samurott-Hisui, F, shiny|100/100|[from] U-turn
|
|-hint|Future Sight did not hit because the target is fainted.
|upkeep
|
|t:|1757937167
|switch|p2a: Toxapex|Toxapex, M|100/100
|turn|8
|
|t:|1757937184
|switch|p1a: Slowking|Slowking-Galar, F|100/100
|move|p2a: Toxapex|Toxic|p1a: Slowking
|-immune|p1a: Slowking
|
|upkeep
|turn|9
|
|t:|1757937203
|switch|p2a: Great Tusk|Great Tusk|100/100
|move|p1a: Slowking|Future Sight|p2a: Great Tusk
|-start|p1a: Slowking|move: Future Sight
|
|upkeep
|turn|10
|
|t:|1757937235
|-end|p2a: Great Tusk|Protosynthesis|[silent]
|switch|p2a: Hippowdon|Hippowdon, M|79/100
|-weather|Sandstorm|[from] ability: Sand Stream|[of] p2a: Hippowdon
|switch|p1a: Corviknight|Corviknight, M|93/100
|
|-weather|Sandstorm|[upkeep]
|-heal|p2a: Hippowdon|85/100|[from] item: Leftovers
|upkeep
|turn|11
|
|t:|1757937245
|move|p1a: Corviknight|U-turn|p2a: Hippowdon
|-damage|p2a: Hippowdon|74/100
|
|t:|1757937266
|switch|p1a: Hydrapple|Hydrapple, M, shiny|100/100|[from] U-turn
|move|p2a: Hippowdon|Whirlwind|p1a: Hydrapple
|drag|p1a: Slowking|Slowking-Galar, F|100/100
|
|-weather|Sandstorm|[upkeep]
|-damage|p1a: Slowking|94/100|[from] Sandstorm
|-end|p2a: Hippowdon|move: Future Sight
|-damage|p2a: Hippowdon|43/100
|-heal|p2a: Hippowdon|49/100|[from] item: Leftovers
|upkeep
|turn|12
|
|t:|1757937279
|switch|p1a: Hydrapple|Hydrapple, M, shiny|100/100
|move|p2a: Hippowdon|Slack Off|p2a: Hippowdon
|-heal|p2a: Hippowdon|99/100
|
|-weather|Sandstorm|[upkeep]
|-damage|p1a: Hydrapple|94/100|[from] Sandstorm
|-heal|p2a: Hippowdon|100/100|[from] item: Leftovers
|upkeep
|turn|13
|
|t:|1757937290
|switch|p2a: Walking Wake|Walking Wake|88/100
|move|p1a: Hydrapple|Earth Power|p2a: Walking Wake
|-damage|p2a: Walking Wake|48/100
|
|-weather|Sandstorm|[upkeep]
|-damage|p2a: Walking Wake|42/100|[from] Sandstorm
|-damage|p1a: Hydrapple|88/100|[from] Sandstorm
|upkeep
|turn|14
|
|t:|1757937300
|switch|p1a: Slowking|Slowking-Galar, F|100/100
|move|p2a: Walking Wake|Dragon Pulse|p1a: Slowking
|-damage|p1a: Slowking|77/100
|
|-weather|none
|upkeep
|turn|15
|-message|Pergame forfeited.
|
|win|ayushfcb
|raw|ayushfcb's rating: 1327 &rarr; <strong>1347</strong><br />(+20 for winning)
|raw|Pergame's rating: 1329 &rarr; <strong>1309</strong><br />(-20 for losing)
|l|☆Pergame
|player|p2|
