|j|☆TAT_Yangyu
|j|☆2nascir
|t:|1757929340
|gametype|singles
|player|p1|TAT_Yangyu|grimsley-gen7|1064
|player|p2|2nascir|pokefanf-gen4|1061
|gen|9
|tier|[Gen 9] OU
|rated|
|rule|HP Percentage Mod: HP is shown in percentages
|rule|Endless Battle Clause: Forcing endless battles is banned
|rule|Species Clause: Limit one of each Pokémon
|rule|OHKO Clause: OHKO moves are banned
|rule|Evasion Items Clause: Evasion items are banned
|rule|Evasion Moves Clause: Evasion moves are banned
|rule|Evasion Abilities Clause: Evasion abilities are banned
|rule|Sleep Moves Clause: Sleep-inducing moves are banned
|clearpoke
|poke|p1|Samurott-Hisui, M|
|poke|p1|Kingambit, M|
|poke|p1|Mimikyu, M|
|poke|p1|Dragapult, F|
|poke|p1|Gliscor, M|
|poke|p1|Incineroar, M|
|poke|p2|Scovillain, M|
|poke|p2|Torkoal, F|
|poke|p2|Walking Wake|
|poke|p2|Slither Wing|
|poke|p2|Meowscarada, F|
|poke|p2|Lilligant-Hisui, F|
|teampreview
|
|t:|1757929352
|teamsize|p1|6
|teamsize|p2|6
|start
|switch|p1a: Samurott|Samurott-Hisui, M|100/100
|switch|p2a: Meowscarada|Meowscarada, F|100/100
|turn|1
|
|t:|1757929365
|-terastallize|p1a: Samurott|Poison
|move|p2a: Meowscarada|Flower Trick|p1a: Samurott
|-start|p2a: Meowscarada|typechange|Grass|[from] ability: Protean
|-resisted|p1a: Samurott
|-crit|p1a: Samurott
|-damage|p1a: Samurott|71/100
|move|p1a: Samurott|Ceaseless Edge|p2a: Meowscarada
|-damage|p2a: Meowscarada|16/100
|-sidestart|p2: 2nascir|Spikes
|-damage|p1a: Samurott|61/100|[from] item: Life Orb
|
|upkeep
|turn|2
|
|t:|1757929371
|switch|p2a: Torkoal|Torkoal, F|100/100
|-damage|p2a: Torkoal|88/100|[from] Spikes
|-weather|SunnyDay|[from] ability: Drought|[of] p2a: Torkoal
|move|p1a: Samurott|Aqua Jet|p2a: Torkoal
|-supereffective|p2a: Torkoal
|-damage|p2a: Torkoal|72/100
|-damage|p1a: Samurott|51/100|[from] item: Life Orb
|
|-weather|SunnyDay|[upkeep]
|upkeep
|turn|3
|
|t:|1757929376
|move|p1a: Samurott|Razor Shell|p2a: Torkoal
|-supereffective|p2a: Torkoal
|-damage|p2a: Torkoal|21/100
|-unboost|p2a: Torkoal|def|1
|-damage|p1a: Samurott|41/100|[from] item: Life Orb
|move|p2a: Torkoal|Lava Plume|p1a: Samurott
|-damage|p1a: Samurott|0 fnt
|faint|p1a: Samurott
|
|-weather|SunnyDay|[upkeep]
|upkeep
|
|t:|1757929385
|switch|p1a: Dragapult|Dragapult, F|100/100
|turn|4
|
|t:|1757929392
|move|p1a: Dragapult|Dragon Pulse|p2a: Torkoal
|-damage|p2a: Torkoal|0 fnt
|faint|p2a: Torkoal
|
|-weather|SunnyDay|[upkeep]
|upkeep
|
|t:|1757929407
|switch|p2a: Lilligant|Lilligant-Hisui, F|100/100
|-damage|p2a: Lilligant|88/100|[from] Spikes
|turn|5
|
|t:|1757929413
|move|p1a: Dragapult|Dragon Pulse|p2a: Lilligant
|-damage|p2a: Lilligant|35/100
|move|p2a: Lilligant|Triple Axel|p1a: Dragapult
|-supereffective|p1a: Dragapult
|-damage|p1a: Dragapult|77/100
|-supereffective|p1a: Dragapult
|-damage|p1a: Dragapult|31/100
|-supereffective|p1a: Dragapult
|-damage|p1a: Dragapult|0 fnt
|faint|p1a: Dragapult
|-hitcount|p1: Dragapult|3
|-damage|p2a: Lilligant|25/100|[from] item: Life Orb
|
|-weather|SunnyDay|[upkeep]
|upkeep
|
|t:|1757929427
|switch|p1a: Incineroar|Incineroar, M|100/100
|-ability|p1a: Incineroar|Intimidate|boost
|-unboost|p2a: Lilligant|atk|1
|turn|6
|
|t:|1757929445
|switch|p2a: Scovillain|Scovillain, M|100/100
|-damage|p2a: Scovillain|88/100|[from] Spikes
|move|p1a: Incineroar|U-turn|p2a: Scovillain
|-damage|p2a: Scovillain|48/100
|
|t:|1757929463
|switch|p1a: Gliscor|Gliscor, M|100/100|[from] U-turn
|
|-weather|SunnyDay|[upkeep]
|-status|p1a: Gliscor|tox|[from] item: Toxic Orb
|upkeep
|turn|7
|
|t:|1757929471
|move|p2a: Scovillain|Flamethrower|p1a: Gliscor
|-damage|p1a: Gliscor|0 fnt
|faint|p1a: Gliscor
|
|-weather|SunnyDay|[upkeep]
|upkeep
|
|t:|1757929476
|switch|p1a: Incineroar|Incineroar, M|100/100
|-ability|p1a: Incineroar|Intimidate|boost
|-unboost|p2a: Scovillain|atk|1
|turn|8
|
|t:|1757929483
|move|p2a: Scovillain|Flamethrower|p1a: Incineroar
|-resisted|p1a: Incineroar
|-damage|p1a: Incineroar|70/100
|move|p1a: Incineroar|U-turn|p2a: Scovillain
|-damage|p2a: Scovillain|2/100
|
|t:|1757929487
|switch|p1a: Mimikyu|Mimikyu, M|100/100|[from] U-turn
|
|-weather|SunnyDay|[upkeep]
|upkeep
|turn|9
|
|t:|1757929489
|move|p1a: Mimikyu|Shadow Sneak|p2a: Scovillain
|-damage|p2a: Scovillain|0 fnt
|faint|p2a: Scovillain
|
|-weather|none
|upkeep
|
|t:|1757929517
|switch|p2a: Lilligant|Lilligant-Hisui, F|25/100
|-damage|p2a: Lilligant|13/100|[from] Spikes
|turn|10
|
|t:|1757929522
|move|p1a: Mimikyu|Shadow Sneak|p2a: Lilligant
|-damage|p2a: Lilligant|0 fnt
|faint|p2a: Lilligant
|
|upkeep
|
|t:|1757929524
|switch|p2a: Walking Wake|Walking Wake|100/100
|-damage|p2a: Walking Wake|88/100|[from] Spikes
|turn|11
|
|t:|1757929529
|move|p2a: Walking Wake|Hydro Steam|p1a: Mimikyu
|-activate|p1a: Mimikyu|ability: Disguise
|-damage|p1a: Mimikyu|100/100
|detailschange|p1a: Mimikyu|Mimikyu-Busted, M
|-damage|p1a: Mimikyu|88/100|[from] pokemon: Mimikyu-Busted
|move|p1a: Mimikyu|Curse|p2a: Walking Wake
|-start|p2a: Walking Wake|Curse|[of] p1a: Mimikyu
|-damage|p1a: Mimikyu|38/100
|
|-heal|p1a: Mimikyu|44/100|[from] item: Leftovers
|-damage|p2a: Walking Wake|63/100|[from] Curse
|upkeep
|turn|12
|
|t:|1757929553
|move|p2a: Walking Wake|Hydro Steam|p1a: Mimikyu
|-damage|p1a: Mimikyu|0 fnt
|faint|p1a: Mimikyu
|
|-damage|p2a: Walking Wake|39/100|[from] Curse
|upkeep
|
|t:|1757929560
|switch|p1a: Kingambit|Kingambit, M|100/100
|-activate|p1a: Kingambit|ability: Supreme Overlord
|-start|p1a: Kingambit|fallen4|[silent]
|turn|13
|
|t:|1757929569
|move|p1a: Kingambit|Sucker Punch|p2a: Walking Wake
|-damage|p2a: Walking Wake|0 fnt
|faint|p2a: Walking Wake
|-end|p2a: Walking Wake|Protosynthesis|[silent]
|
|upkeep
|
|t:|1757929578
|switch|p2a: Slither Wing|Slither Wing|100/100
|-damage|p2a: Slither Wing|88/100|[from] Spikes
|turn|14
|
|t:|1757929582
|move|p1a: Kingambit|Protect|p1a: Kingambit
|-singleturn|p1a: Kingambit|Protect
|move|p2a: Slither Wing|Close Combat|p1a: Kingambit
|-activate|p1a: Kingambit|move: Protect
|
|upkeep
|turn|15
|
|t:|1757929593
|move|p1a: Kingambit|Sucker Punch|p2a: Slither Wing
|-resisted|p2a: Slither Wing
|-damage|p2a: Slither Wing|42/100
|move|p2a: Slither Wing|Close Combat|p1a: Kingambit
|-supereffective|p1a: Kingambit
|-damage|p1a: Kingambit|0 fnt
|-unboost|p2a: Slither Wing|def|1
|-unboost|p2a: Slither Wing|spd|1
|faint|p1a: Kingambit
|-end|p1a: Kingambit|fallen4|[silent]
|
|upkeep
|
|t:|1757929596
|switch|p1a: Incineroar|Incineroar, M|70/100
|-ability|p1a: Incineroar|Intimidate|boost
|-unboost|p2a: Slither Wing|atk|1
|turn|16
|
|t:|1757929604
|-end|p2a: Slither Wing|Protosynthesis|[silent]
|switch|p2a: Meowscarada|Meowscarada, F|16/100
|-damage|p2a: Meowscarada|4/100|[from] Spikes
|move|p1a: Incineroar|Flare Blitz|p2a: Meowscarada
|-supereffective|p2a: Meowscarada
|-damage|p2a: Meowscarada|0 fnt
|faint|p2a: Meowscarada
|-damage|p1a: Incineroar|69/100|[from] Recoil
|
|upkeep
|
|t:|1757929609
|switch|p2a: Slither Wing|Slither Wing|42/100
|-damage|p2a: Slither Wing|30/100|[from] Spikes
|turn|17
|
|t:|1757929613
|move|p2a: Slither Wing|Close Combat|p1a: Incineroar
|-supereffective|p1a: Incineroar
|-damage|p1a: Incineroar|0 fnt
|-unboost|p2a: Slither Wing|def|1
|-unboost|p2a: Slither Wing|spd|1
|faint|p1a: Incineroar
|
|win|2nascir
|raw|TAT_Yangyu's rating: 1064 &rarr; <strong>1044</strong><br />(-20 for losing)
|raw|2nascir's rating: 1061 &rarr; <strong>1092</strong><br />(+31 for winning)
|l|☆TAT_Yangyu
|player|p1|
|l|☆2nascir
|player|p2|
