|j|☆KeNgyn
|j|☆cdglo
|t:|1757834236
|gametype|singles
|player|p1|KeNgyn|gentleman-gen4|1122
|player|p2|cdglo|sailor|1168
|gen|9
|tier|[Gen 9] OU
|rated|
|rule|HP Percentage Mod: HP is shown in percentages
|rule|Endless Battle Clause: Forcing endless battles is banned
|rule|Species Clause: Limit one of each Pokémon
|rule|OHKO Clause: OHKO moves are banned
|rule|Evasion Items Clause: Evasion items are banned
|rule|Evasion Moves Clause: Evasion moves are banned
|rule|Evasion Abilities Clause: Evasion abilities are banned
|rule|Sleep Moves Clause: Sleep-inducing moves are banned
|clearpoke
|poke|p1|Klefki, M|
|poke|p1|Gastrodon, M|
|poke|p1|Excadrill, M|
|poke|p1|Latios, M|
|poke|p1|Rillaboom, M|
|poke|p1|Galvantula, M|
|poke|p2|Ting-Lu|
|poke|p2|Zangoose, F|
|poke|p2|Masquerain, M|
|poke|p2|Iron Valiant|
|poke|p2|Entei|
|poke|p2|Mew|
|teampreview
|
|t:|1757834271
|teamsize|p1|6
|teamsize|p2|6
|start
|switch|p1a: Galvantula|Galvantula, M, shiny|100/100
|switch|p2a: Zangoose|Zangoose, F|100/100
|turn|1
|
|t:|1757834280
|move|p1a: Galvantula|Sticky Web|p2a: Zangoose
|-sidestart|p2: cdglo|move: Sticky Web
|move|p2a: Zangoose|Belly Drum|p2a: Zangoose
|-damage|p2a: Zangoose|50/100
|-setboost|p2a: Zangoose|atk|6|[from] move: Belly Drum
|-enditem|p2a: Zangoose|Sitrus Berry|[eat]
|-heal|p2a: Zangoose|75/100|[from] item: Sitrus Berry
|
|upkeep
|turn|2
|
|t:|1757834301
|move|p2a: Zangoose|Quick Attack|p1a: Galvantula
|-enditem|p1a: Galvantula|Focus Sash
|-damage|p1a: Galvantula|1/100
|move|p1a: Galvantula|Thunder|p2a: Zangoose
|-damage|p2a: Zangoose|0 fnt
|faint|p2a: Zangoose
|
|upkeep
|
|t:|1757834310
|switch|p2a: Masquerain|Masquerain, M|100/100
|-ability|p2a: Masquerain|Intimidate|boost
|-unboost|p1a: Galvantula|atk|1
|turn|3
|
|t:|1757834316
|move|p1a: Galvantula|Volt Switch|p2a: Masquerain
|-supereffective|p2a: Masquerain
|-damage|p2a: Masquerain|7/100
|
|t:|1757834320
|switch|p1a: Excadrill|Excadrill, M, shiny|100/100|[from] Volt Switch
|-ability|p1a: Excadrill|Mold Breaker
|move|p2a: Masquerain|Sticky Web|p1a: Excadrill
|-sidestart|p1: KeNgyn|move: Sticky Web
|
|upkeep
|turn|4
|
|t:|1757834327
|move|p1a: Excadrill|Rapid Spin|p2a: Masquerain
|-damage|p2a: Masquerain|0 fnt
|-boost|p1a: Excadrill|spe|1
|-sideend|p1: KeNgyn|Sticky Web|[from] move: Rapid Spin|[of] p1a: Excadrill
|faint|p2a: Masquerain
|
|upkeep
|
|t:|1757834344
|switch|p2a: Ting-Lu|Ting-Lu|100/100
|-activate|p2a: Ting-Lu|move: Sticky Web
|-unboost|p2a: Ting-Lu|spe|1
|-ability|p2a: Ting-Lu|Vessel of Ruin
|turn|5
|
|t:|1757834365
|switch|p1a: Rillaboom|Rillaboom, M, shiny|100/100
|-fieldstart|move: Grassy Terrain|[from] ability: Grassy Surge|[of] p1a: Rillaboom
|move|p2a: Ting-Lu|Whirlwind|p1a: Rillaboom
|drag|p1a: Latios|Latios, M, shiny|100/100
|
|upkeep
|turn|6
|
|t:|1757834380
|switch|p1a: Galvantula|Galvantula, M, shiny|1/100
|move|p2a: Ting-Lu|Stealth Rock|p1a: Galvantula
|-sidestart|p1: KeNgyn|move: Stealth Rock
|
|-heal|p1a: Galvantula|7/100|[from] Grassy Terrain
|upkeep
|turn|7
|
|t:|1757834387
|move|p1a: Galvantula|Bug Buzz|p2a: Ting-Lu
|-supereffective|p2a: Ting-Lu
|-damage|p2a: Ting-Lu|60/100
|move|p2a: Ting-Lu|Whirlwind|p1a: Galvantula
|drag|p1a: Excadrill|Excadrill, M, shiny|100/100
|-damage|p1a: Excadrill|97/100|[from] Stealth Rock
|-ability|p1a: Excadrill|Mold Breaker
|
|-heal|p1a: Excadrill|100/100|[from] Grassy Terrain
|-heal|p2a: Ting-Lu|67/100|[from] Grassy Terrain
|-heal|p2a: Ting-Lu|73/100|[from] item: Leftovers
|upkeep
|turn|8
|
|t:|1757834399
|move|p1a: Excadrill|Rapid Spin|p2a: Ting-Lu
|-damage|p2a: Ting-Lu|65/100
|-boost|p1a: Excadrill|spe|1
|-sideend|p1: KeNgyn|Stealth Rock|[from] move: Rapid Spin|[of] p1a: Excadrill
|move|p2a: Ting-Lu|Body Press|p1a: Excadrill
|-supereffective|p1a: Excadrill
|-damage|p1a: Excadrill|18/100
|
|-heal|p1a: Excadrill|24/100|[from] Grassy Terrain
|-heal|p2a: Ting-Lu|71/100|[from] Grassy Terrain
|-heal|p2a: Ting-Lu|78/100|[from] item: Leftovers
|upkeep
|turn|9
|
|t:|1757834417
|switch|p1a: Galvantula|Galvantula, M, shiny|7/100
|move|p2a: Ting-Lu|Whirlwind|p1a: Galvantula
|drag|p1a: Klefki|Klefki, M, shiny|100/100
|
|-heal|p2a: Ting-Lu|84/100|[from] Grassy Terrain
|-heal|p2a: Ting-Lu|90/100|[from] item: Leftovers
|-fieldend|move: Grassy Terrain
|upkeep
|turn|10
|
|t:|1757834429
|move|p1a: Klefki|Spikes|p2a: Ting-Lu
|-sidestart|p2: cdglo|Spikes
|move|p2a: Ting-Lu|Spikes|p1a: Klefki
|-sidestart|p1: KeNgyn|Spikes
|
|-heal|p2a: Ting-Lu|96/100|[from] item: Leftovers
|upkeep
|turn|11
|
|t:|1757834444
|switch|p1a: Excadrill|Excadrill, M, shiny|24/100
|-damage|p1a: Excadrill|12/100|[from] Spikes
|-ability|p1a: Excadrill|Mold Breaker
|move|p2a: Ting-Lu|Stealth Rock|p1a: Excadrill
|-sidestart|p1: KeNgyn|move: Stealth Rock
|
|-heal|p2a: Ting-Lu|100/100|[from] item: Leftovers
|upkeep
|turn|12
|
|t:|1757834456
|move|p1a: Excadrill|Rapid Spin|p2a: Ting-Lu
|-damage|p2a: Ting-Lu|93/100
|-boost|p1a: Excadrill|spe|1
|-sideend|p1: KeNgyn|Spikes|[from] move: Rapid Spin|[of] p1a: Excadrill
|-sideend|p1: KeNgyn|Stealth Rock|[from] move: Rapid Spin|[of] p1a: Excadrill
|move|p2a: Ting-Lu|Body Press|p1a: Excadrill
|-supereffective|p1a: Excadrill
|-damage|p1a: Excadrill|0 fnt
|faint|p1a: Excadrill
|
|-heal|p2a: Ting-Lu|99/100|[from] item: Leftovers
|upkeep
|
|t:|1757834465
|switch|p1a: Rillaboom|Rillaboom, M, shiny|100/100
|-fieldstart|move: Grassy Terrain|[from] ability: Grassy Surge|[of] p1a: Rillaboom
|turn|13
|
|t:|1757834482
|switch|p2a: Entei|Entei|100/100
|-activate|p2a: Entei|move: Sticky Web
|-unboost|p2a: Entei|spe|1
|-damage|p2a: Entei|88/100|[from] Spikes
|move|p1a: Rillaboom|Fake Out|p2a: Entei
|-damage|p2a: Entei|75/100
|
|-heal|p2a: Entei|81/100|[from] Grassy Terrain
|upkeep
|turn|14
|
|t:|1757834496
|switch|p1a: Galvantula|Galvantula, M, shiny|7/100
|move|p2a: Entei|Trailblaze|p1a: Galvantula
|-resisted|p1a: Galvantula
|-damage|p1a: Galvantula|0 fnt
|-boost|p2a: Entei|spe|1
|faint|p1a: Galvantula
|-damage|p2a: Entei|71/100|[from] item: Life Orb
|
|-heal|p2a: Entei|77/100|[from] Grassy Terrain
|upkeep
|
|t:|1757834503
|switch|p1a: Gastrodon|Gastrodon, M, shiny|100/100
|turn|15
|
|t:|1757834510
|-terastallize|p1a: Gastrodon|Poison
|move|p2a: Entei|Trailblaze|p1a: Gastrodon
|-resisted|p1a: Gastrodon
|-damage|p1a: Gastrodon|85/100
|-boost|p2a: Entei|spe|1
|-damage|p2a: Entei|67/100|[from] item: Life Orb
|move|p1a: Gastrodon|Stealth Rock|p2a: Entei
|-sidestart|p2: cdglo|move: Stealth Rock
|
|-heal|p2a: Entei|73/100|[from] Grassy Terrain
|-heal|p1a: Gastrodon|91/100|[from] Grassy Terrain
|-heal|p1a: Gastrodon|97/100|[from] item: Leftovers
|upkeep
|turn|16
|
|t:|1757834524
|-terastallize|p2a: Entei|Fire
|move|p2a: Entei|Sacred Fire|p1a: Gastrodon
|-damage|p1a: Gastrodon|0 fnt
|faint|p1a: Gastrodon
|-damage|p2a: Entei|63/100|[from] item: Life Orb
|
|-heal|p2a: Entei|69/100|[from] Grassy Terrain
|upkeep
|
|t:|1757834537
|switch|p1a: Klefki|Klefki, M, shiny|100/100
|turn|17
|
|t:|1757834541
|move|p1a: Klefki|Rain Dance|p1a: Klefki
|-weather|RainDance
|move|p2a: Entei|Sacred Fire|p1a: Klefki
|-supereffective|p1a: Klefki
|-crit|p1a: Klefki
|-damage|p1a: Klefki|0 fnt
|faint|p1a: Klefki
|-damage|p2a: Entei|60/100|[from] item: Life Orb
|
|-weather|RainDance|[upkeep]
|-heal|p2a: Entei|66/100|[from] Grassy Terrain
|-fieldend|move: Grassy Terrain
|upkeep
|
|t:|1757834550
|switch|p1a: Latios|Latios, M, shiny|100/100
|turn|18
|
|t:|1757834555
|move|p2a: Entei|Crunch|p1a: Latios
|-supereffective|p1a: Latios
|-damage|p1a: Latios|6/100
|-damage|p2a: Entei|56/100|[from] item: Life Orb
|move|p1a: Latios|Draco Meteor|p2a: Entei
|-damage|p2a: Entei|0 fnt
|-unboost|p1a: Latios|spa|2
|faint|p2a: Entei
|
|-weather|RainDance|[upkeep]
|upkeep
|
|t:|1757834572
|switch|p2a: Mew|Mew, shiny|100/100
|-activate|p2a: Mew|move: Sticky Web
|-unboost|p2a: Mew|spe|1
|-damage|p2a: Mew|88/100|[from] Spikes
|-damage|p2a: Mew|76/100|[from] Stealth Rock
|turn|19
|
|t:|1757834590
|move|p1a: Latios|Draco Meteor|p2a: Mew
|-damage|p2a: Mew|35/100
|-unboost|p1a: Latios|spa|2
|move|p2a: Mew|Agility|p2a: Mew
|-boost|p2a: Mew|spe|2
|
|-weather|RainDance|[upkeep]
|upkeep
|turn|20
|
|t:|1757834602
|switch|p1a: Rillaboom|Rillaboom, M, shiny|100/100
|-fieldstart|move: Grassy Terrain|[from] ability: Grassy Surge|[of] p1a: Rillaboom
|move|p2a: Mew|Agility|p2a: Mew
|-boost|p2a: Mew|spe|2
|
|-weather|RainDance|[upkeep]
|-heal|p2a: Mew|41/100|[from] Grassy Terrain
|upkeep
|turn|21
|
|t:|1757834617
|move|p2a: Mew|Upper Hand|p1a: Rillaboom
|-damage|p1a: Rillaboom|85/100
|cant|p1a: Rillaboom|flinch
|
|-weather|none
|-heal|p2a: Mew|47/100|[from] Grassy Terrain
|-heal|p1a: Rillaboom|91/100|[from] Grassy Terrain
|upkeep
|turn|22
|
|t:|1757834624
|move|p2a: Mew|Upper Hand||[still]
|-fail|p2a: Mew
|move|p1a: Rillaboom|U-turn|p2a: Mew
|-supereffective|p2a: Mew
|-damage|p2a: Mew|6/100
|-enditem|p2a: Mew|Weakness Policy
|-boost|p2a: Mew|atk|2|[from] item: Weakness Policy
|-boost|p2a: Mew|spa|2|[from] item: Weakness Policy
|
|t:|1757834631
|switch|p1a: Latios|Latios, M, shiny|6/100|[from] U-turn
|
|-heal|p2a: Mew|13/100|[from] Grassy Terrain
|upkeep
|turn|23
|
|t:|1757834637
|switch|p1a: Rillaboom|Rillaboom, M, shiny|91/100
|move|p2a: Mew|Stored Power|p1a: Rillaboom
|-damage|p1a: Rillaboom|0 fnt
|faint|p1a: Rillaboom
|
|-heal|p2a: Mew|19/100|[from] Grassy Terrain
|upkeep
|-message|KeNgyn forfeited.
|
|win|cdglo
|raw|KeNgyn's rating: 1122 &rarr; <strong>1100</strong><br />(-22 for losing)
|raw|cdglo's rating: 1168 &rarr; <strong>1190</strong><br />(+22 for winning)
|l|☆KeNgyn
|player|p1|
|l|☆cdglo
|player|p2|
