|j|☆xuantvt29
|j|☆sprunkysprunky
|t:|1757858391
|gametype|singles
|player|p1|xuantvt29|elesa-masters|1559
|player|p2|sprunkysprunky|cyrus|1608
|gen|9
|tier|[Gen 9] OU
|rated|
|rule|HP Percentage Mod: HP is shown in percentages
|rule|Endless Battle Clause: Forcing endless battles is banned
|rule|Species Clause: Limit one of each Pokémon
|rule|OHKO Clause: OHKO moves are banned
|rule|Evasion Items Clause: Evasion items are banned
|rule|Evasion Moves Clause: Evasion moves are banned
|rule|Evasion Abilities Clause: Evasion abilities are banned
|rule|Sleep Moves Clause: Sleep-inducing moves are banned
|clearpoke
|poke|p1|Kingambit, M|
|poke|p1|Deoxys-Speed|
|poke|p1|Great Tusk|
|poke|p1|Dragonite, M|
|poke|p1|Iron Moth|
|poke|p1|Primarina, F|
|poke|p2|Serperior, F|
|poke|p2|Jirachi|
|poke|p2|Maushold|
|poke|p2|Great Tusk|
|poke|p2|Dragonite, M|
|poke|p2|Polteageist|
|teampreview
|
|t:|1757858399
|teamsize|p1|6
|teamsize|p2|6
|start
|switch|p1a: Yoshi|Dragonite, M, shiny|100/100
|switch|p2a: Butterscotch|Jirachi|100/100
|turn|1
|
|t:|1757858409
|move|p2a: Butterscotch|Thunder Wave|p1a: Yoshi|[miss]
|-miss|p2a: Butterscotch|p1a: Yoshi
|move|p1a: Yoshi|Fire Punch|p2a: Butterscotch
|-supereffective|p2a: Butterscotch
|-damage|p2a: Butterscotch|13/100
|
|upkeep
|turn|2
|
|t:|1757858414
|switch|p1a: Anomaly|Great Tusk|100/100
|-enditem|p1a: Anomaly|Booster Energy
|-activate|p1a: Anomaly|ability: Protosynthesis|[fromitem]
|-start|p1a: Anomaly|protosynthesisatk
|move|p2a: Butterscotch|Thunder Wave|p1a: Anomaly
|-immune|p1a: Anomaly
|
|upkeep
|turn|3
|
|t:|1757858417
|move|p2a: Butterscotch|Stealth Rock|p1a: Anomaly
|-sidestart|p1: xuantvt29|move: Stealth Rock
|move|p1a: Anomaly|Rapid Spin|p2a: Butterscotch
|-resisted|p2a: Butterscotch
|-damage|p2a: Butterscotch|2/100
|-boost|p1a: Anomaly|spe|1
|-sideend|p1: xuantvt29|Stealth Rock|[from] move: Rapid Spin|[of] p1a: Anomaly
|
|upkeep
|turn|4
|
|t:|1757858425
|move|p1a: Anomaly|Ice Spinner|p2a: Butterscotch
|-resisted|p2a: Butterscotch
|-crit|p2a: Butterscotch
|-damage|p2a: Butterscotch|0 fnt
|faint|p2a: Butterscotch
|
|upkeep
|
|t:|1757858427
|switch|p2a: Biscuit|Polteageist|100/100
|turn|5
|
|t:|1757858470
|move|p1a: Anomaly|Headlong Rush|p2a: Biscuit
|-enditem|p2a: Biscuit|Focus Sash
|-damage|p2a: Biscuit|1/100
|-unboost|p1a: Anomaly|def|1
|-unboost|p1a: Anomaly|spd|1
|-ability|p2a: Biscuit|Weak Armor|boost
|-unboost|p2a: Biscuit|def|1
|-boost|p2a: Biscuit|spe|2
|move|p2a: Biscuit|Shell Smash|p2a: Biscuit
|-unboost|p2a: Biscuit|def|1
|-unboost|p2a: Biscuit|spd|1
|-boost|p2a: Biscuit|atk|2
|-boost|p2a: Biscuit|spa|2
|-boost|p2a: Biscuit|spe|2
|
|upkeep
|turn|6
|
|t:|1757858479
|-end|p1a: Anomaly|Protosynthesis|[silent]
|switch|p1a: Meruem|Kingambit, M|100/100
|move|p2a: Biscuit|Giga Drain|p1a: Meruem
|-resisted|p1a: Meruem
|-damage|p1a: Meruem|69/100
|-heal|p2a: Biscuit|24/100|[from] drain|[of] p1a: Meruem
|
|-heal|p1a: Meruem|75/100|[from] item: Leftovers
|upkeep
|turn|7
|
|t:|1757858489
|move|p2a: Biscuit|Shadow Ball|p1a: Meruem
|-resisted|p1a: Meruem
|-damage|p1a: Meruem|29/100
|move|p1a: Meruem|Kowtow Cleave|p2a: Biscuit
|-supereffective|p2a: Biscuit
|-damage|p2a: Biscuit|0 fnt
|faint|p2a: Biscuit
|
|-heal|p1a: Meruem|35/100|[from] item: Leftovers
|upkeep
|
|t:|1757858492
|switch|p2a: Hot Plate|Dragonite, M|100/100
|turn|8
|
|t:|1757858499
|move|p2a: Hot Plate|Thunder Wave|p1a: Meruem
|-status|p1a: Meruem|par
|move|p1a: Meruem|Kowtow Cleave|p2a: Hot Plate
|-damage|p2a: Hot Plate|72/100
|
|-heal|p1a: Meruem|41/100 par|[from] item: Leftovers
|upkeep
|turn|9
|
|t:|1757858504
|move|p2a: Hot Plate|Dragon Dance|p2a: Hot Plate
|-boost|p2a: Hot Plate|atk|1
|-boost|p2a: Hot Plate|spe|1
|move|p1a: Meruem|Kowtow Cleave|p2a: Hot Plate
|-damage|p2a: Hot Plate|14/100
|
|-heal|p1a: Meruem|47/100 par|[from] item: Leftovers
|upkeep
|turn|10
|
|t:|1757858509
|move|p2a: Hot Plate|Encore|p1a: Meruem
|-start|p1a: Meruem|Encore
|move|p1a: Meruem|Kowtow Cleave|p2a: Hot Plate
|-damage|p2a: Hot Plate|0 fnt
|faint|p2a: Hot Plate
|
|-heal|p1a: Meruem|53/100 par|[from] item: Leftovers
|upkeep
|
|t:|1757858514
|switch|p2a: Spud|Great Tusk|100/100
|turn|11
|
|t:|1757858526
|-end|p1a: Meruem|fallenundefined|[silent]
|switch|p1a: Moebius|Deoxys-Speed|100/100
|-ability|p1a: Moebius|Pressure
|move|p2a: Spud|Rapid Spin|p1a: Moebius
|-damage|p1a: Moebius|78/100
|-boost|p2a: Spud|spe|1
|
|upkeep
|turn|12
|
|t:|1757858530
|move|p1a: Moebius|Psycho Boost|p2a: Spud
|-supereffective|p2a: Spud
|-damage|p2a: Spud|0 fnt
|-unboost|p1a: Moebius|spa|2
|faint|p2a: Spud
|-end|p2a: Spud|Protosynthesis|[silent]
|-damage|p1a: Moebius|68/100|[from] item: Life Orb
|
|upkeep
|
|t:|1757858532
|switch|p2a: Ginseng|Serperior, F|100/100
|turn|13
|
|t:|1757858539
|switch|p1a: Anomаly|Iron Moth|100/100
|-enditem|p1a: Anomаly|Booster Energy
|-activate|p1a: Anomаly|ability: Quark Drive|[fromitem]
|-start|p1a: Anomаly|quarkdrivespe
|move|p2a: Ginseng|Glare|p1a: Anomаly
|-status|p1a: Anomаly|par
|
|upkeep
|turn|14
|
|t:|1757858544
|move|p2a: Ginseng|Substitute|p2a: Ginseng
|-start|p2a: Ginseng|Substitute
|-damage|p2a: Ginseng|76/100
|move|p1a: Anomаly|Sludge Wave|p2a: Ginseng
|-supereffective|p2a: Ginseng
|-end|p2a: Ginseng|Substitute
|
|-heal|p2a: Ginseng|82/100|[from] item: Leftovers
|upkeep
|turn|15
|
|t:|1757858549
|move|p2a: Ginseng|Substitute|p2a: Ginseng
|-start|p2a: Ginseng|Substitute
|-damage|p2a: Ginseng|57/100
|move|p1a: Anomаly|Sludge Wave|p2a: Ginseng
|-supereffective|p2a: Ginseng
|-end|p2a: Ginseng|Substitute
|
|-heal|p2a: Ginseng|63/100|[from] item: Leftovers
|upkeep
|turn|16
|
|t:|1757858552
|move|p2a: Ginseng|Substitute|p2a: Ginseng
|-start|p2a: Ginseng|Substitute
|-damage|p2a: Ginseng|39/100
|cant|p1a: Anomаly|par
|
|-heal|p2a: Ginseng|45/100|[from] item: Leftovers
|upkeep
|turn|17
|
|t:|1757858554
|move|p2a: Ginseng|Leaf Storm|p1a: Anomаly
|-resisted|p1a: Anomаly
|-damage|p1a: Anomаly|89/100 par
|-boost|p2a: Ginseng|spa|2
|move|p1a: Anomаly|Fiery Dance|p2a: Ginseng
|-supereffective|p2a: Ginseng
|-end|p2a: Ginseng|Substitute
|-boost|p1a: Anomаly|spa|1
|
|-heal|p2a: Ginseng|51/100|[from] item: Leftovers
|upkeep
|turn|18
|
|t:|1757858562
|-terastallize|p2a: Ginseng|Stellar
|move|p2a: Ginseng|Tera Blast|p1a: Anomаly|[anim] Tera Blast Stellar
|-crit|p1a: Anomаly
|-damage|p1a: Anomаly|0 fnt
|-boost|p2a: Ginseng|atk|1
|-boost|p2a: Ginseng|spa|1
|faint|p1a: Anomаly
|-end|p1a: Anomаly|Quark Drive|[silent]
|
|-heal|p2a: Ginseng|57/100|[from] item: Leftovers
|upkeep
|
|t:|1757858568
|switch|p1a: Yoshi|Dragonite, M, shiny|100/100
|turn|19
|
|t:|1757858585
|-terastallize|p1a: Yoshi|Normal
|move|p1a: Yoshi|Extreme Speed|p2a: Ginseng
|-crit|p2a: Ginseng
|-damage|p2a: Ginseng|0 fnt
|faint|p2a: Ginseng
|
|upkeep
|
|t:|1757858588
|switch|p2a: Croquette|Maushold|100/100
|turn|20
|
|t:|1757858592
|move|p1a: Yoshi|Extreme Speed|p2a: Croquette
|-crit|p2a: Croquette
|-damage|p2a: Croquette|0 fnt
|faint|p2a: Croquette
|
|win|xuantvt29
|raw|xuantvt29's rating: 1559 &rarr; <strong>1581</strong><br />(+22 for winning)
|raw|sprunkysprunky's rating: 1591 &rarr; <strong>1569</strong><br />(-22 for losing)
|l|☆sprunkysprunky
|player|p2|
|l|☆xuantvt29
|player|p1|
