|badge|p1|bronze|gen9ou|100-6
|uhtml|medal-msg|<div class="broadcast-blue">Curious what those medals under the avatar are? PS now has Ladder Seasons! For more information, check out the <a href="https://www.smogon.com/forums/threads/3740067/">thread on Smogon.</a></div>
|badge|p2|bronze|gen9ou|100-6
|uhtml|medal-msg|<div class="broadcast-blue">Curious what those medals under the avatar are? PS now has Ladder Seasons! For more information, check out the <a href="https://www.smogon.com/forums/threads/3740067/">thread on Smogon.</a></div>
|j|☆Johnny tots
|j|☆peewee mcgee xxx
|t:|1757856826
|gametype|singles
|player|p1|Johnny tots|2|1840
|player|p2|peewee mcgee xxx|102|1801
|gen|9
|tier|[Gen 9] OU
|rated|
|rule|HP Percentage Mod: HP is shown in percentages
|rule|Endless Battle Clause: Forcing endless battles is banned
|rule|Species Clause: Limit one of each Pokémon
|rule|OHKO Clause: OHKO moves are banned
|rule|Evasion Items Clause: Evasion items are banned
|rule|Evasion Moves Clause: Evasion moves are banned
|rule|Evasion Abilities Clause: Evasion abilities are banned
|rule|Sleep Moves Clause: Sleep-inducing moves are banned
|clearpoke
|poke|p1|Rillaboom, M|
|poke|p1|Klefki, M|
|poke|p1|Manaphy|
|poke|p1|Ogerpon-Wellspring, F|
|poke|p1|Clefable, F|
|poke|p1|Dragapult, M|
|poke|p2|Alomomola, M|
|poke|p2|Sinistcha-Masterpiece|
|poke|p2|Scizor, F|
|poke|p2|Cinderace, M|
|poke|p2|Zamazenta-*|
|poke|p2|Kyurem|
|teampreview
|inactive|Battle timer is ON: inactive players will automatically lose when time's up. (requested by Johnny tots)
|c|☆Johnny tots|Gl
|
|t:|1757856857
|teamsize|p1|6
|teamsize|p2|6
|start
|switch|p1a: Klefki|Klefki, M|100/100
|switch|p2a: Scizor|Scizor, F|100/100
|turn|1
|
|t:|1757856860
|move|p1a: Klefki|Reflect|p1a: Klefki
|-sidestart|p1: Johnny tots|Reflect
|move|p2a: Scizor|Bullet Punch|p1a: Klefki
|-damage|p1a: Klefki|81/100
|
|upkeep
|turn|2
|
|t:|1757856863
|move|p1a: Klefki|Thunder Wave|p2a: Scizor
|-status|p2a: Scizor|par
|move|p2a: Scizor|Bullet Punch|p1a: Klefki
|-damage|p1a: Klefki|59/100
|
|upkeep
|turn|3
|
|t:|1757856866
|switch|p1a: Rillaboom|Rillaboom, M|100/100
|-fieldstart|move: Grassy Terrain|[from] ability: Grassy Surge|[of] p1a: Rillaboom
|move|p2a: Scizor|Bullet Punch|p1a: Rillaboom
|-damage|p1a: Rillaboom|74/100
|
|-heal|p1a: Rillaboom|80/100|[from] Grassy Terrain
|upkeep
|turn|4
|
|t:|1757856871
|switch|p2a: Zamazenta|Zamazenta|100/100
|-ability|p2a: Zamazenta|Dauntless Shield|boost
|-boost|p2a: Zamazenta|def|1
|move|p1a: Rillaboom|High Horsepower|p2a: Zamazenta
|-damage|p2a: Zamazenta|81/100
|
|-heal|p2a: Zamazenta|87/100|[from] Grassy Terrain
|-heal|p2a: Zamazenta|93/100|[from] item: Leftovers
|-heal|p1a: Rillaboom|86/100|[from] Grassy Terrain
|upkeep
|turn|5
|
|t:|1757856876
|switch|p2a: Kyurem|Kyurem|100/100
|-ability|p2a: Kyurem|Pressure
|move|p1a: Rillaboom|Knock Off|p2a: Kyurem
|-damage|p2a: Kyurem|69/100
|-enditem|p2a: Kyurem|Choice Specs|[from] move: Knock Off|[of] p1a: Rillaboom
|
|-heal|p2a: Kyurem|75/100|[from] Grassy Terrain
|-heal|p1a: Rillaboom|92/100|[from] Grassy Terrain
|upkeep
|turn|6
|
|t:|1757856883
|switch|p1a: Clefable|Clefable, F|100/100
|move|p2a: Kyurem|Ice Beam|p1a: Clefable
|-damage|p1a: Clefable|57/100
|
|-heal|p2a: Kyurem|81/100|[from] Grassy Terrain
|-heal|p1a: Clefable|64/100|[from] Grassy Terrain
|-heal|p1a: Clefable|70/100|[from] item: Leftovers
|upkeep
|turn|7
|
|t:|1757856891
|switch|p2a: Scizor|Scizor, F|100/100 par
|move|p1a: Clefable|Calm Mind|p1a: Clefable
|-boost|p1a: Clefable|spa|1
|-boost|p1a: Clefable|spd|1
|
|-heal|p1a: Clefable|76/100|[from] Grassy Terrain
|-heal|p1a: Clefable|82/100|[from] item: Leftovers
|upkeep
|turn|8
|
|t:|1757856898
|cant|p2a: Scizor|par
|move|p1a: Clefable|Fire Blast|p2a: Scizor
|-supereffective|p2a: Scizor
|-damage|p2a: Scizor|0 fnt
|faint|p2a: Scizor
|
|-heal|p1a: Clefable|88/100|[from] Grassy Terrain
|-heal|p1a: Clefable|94/100|[from] item: Leftovers
|-sideend|p1: Johnny tots|Reflect
|upkeep
|
|t:|1757856903
|switch|p2a: Cinderace|Cinderace, M|100/100
|turn|9
|
|t:|1757856909
|switch|p1a: Manaphy|Manaphy|100/100
|-terastallize|p2a: Cinderace|Fire
|move|p2a: Cinderace|Pyro Ball|p1a: Manaphy
|-resisted|p1a: Manaphy
|-damage|p1a: Manaphy|66/100
|
|-heal|p1a: Manaphy|72/100|[from] Grassy Terrain
|-heal|p1a: Manaphy|78/100|[from] item: Leftovers
|upkeep
|turn|10
|
|t:|1757856916
|move|p2a: Cinderace|U-turn|p1a: Manaphy
|-damage|p1a: Manaphy|57/100
|
|t:|1757856921
|switch|p2a: Kyurem|Kyurem|81/100|[from] U-turn
|-ability|p2a: Kyurem|Pressure
|move|p1a: Manaphy|Scald|p2a: Kyurem
|-resisted|p2a: Kyurem
|-damage|p2a: Kyurem|63/100
|
|-heal|p2a: Kyurem|70/100|[from] Grassy Terrain
|-heal|p1a: Manaphy|63/100|[from] Grassy Terrain
|-heal|p1a: Manaphy|69/100|[from] item: Leftovers
|-fieldend|move: Grassy Terrain
|upkeep
|turn|11
|j| wgw2333
|j| huejack
|
|t:|1757856948
|switch|p1a: Rillaboom|Rillaboom, M|92/100
|-fieldstart|move: Grassy Terrain|[from] ability: Grassy Surge|[of] p1a: Rillaboom
|move|p2a: Kyurem|Ice Beam|p1a: Rillaboom
|-supereffective|p1a: Rillaboom
|-damage|p1a: Rillaboom|0 fnt
|faint|p1a: Rillaboom
|
|-heal|p2a: Kyurem|76/100|[from] Grassy Terrain
|upkeep
|
|t:|1757856952
|switch|p1a: Klefki|Klefki, M|59/100
|turn|12
|
|t:|1757856954
|move|p1a: Klefki|Light Screen|p1a: Klefki
|-sidestart|p1: Johnny tots|move: Light Screen
|move|p2a: Kyurem|Earth Power|p1a: Klefki
|-supereffective|p1a: Klefki
|-damage|p1a: Klefki|23/100
|
|-heal|p2a: Kyurem|82/100|[from] Grassy Terrain
|-heal|p1a: Klefki|29/100|[from] Grassy Terrain
|upkeep
|turn|13
|
|t:|1757856960
|switch|p2a: Alomomola|Alomomola, M|100/100
|move|p1a: Klefki|Thunder Wave|p2a: Alomomola|[miss]
|-miss|p1a: Klefki|p2a: Alomomola
|
|-heal|p1a: Klefki|35/100|[from] Grassy Terrain
|upkeep
|turn|14
|
|t:|1757856966
|move|p1a: Klefki|Thunder Wave|p2a: Alomomola
|-status|p2a: Alomomola|par
|cant|p2a: Alomomola|par
|
|-heal|p1a: Klefki|41/100|[from] Grassy Terrain
|upkeep
|turn|15
|
|t:|1757856971
|move|p1a: Klefki|Reflect|p1a: Klefki
|-sidestart|p1: Johnny tots|Reflect
|move|p2a: Alomomola|Flip Turn|p1a: Klefki
|-crit|p1a: Klefki
|-damage|p1a: Klefki|19/100
|
|t:|1757856981
|switch|p2a: Kyurem|Kyurem|82/100|[from] Flip Turn
|-ability|p2a: Kyurem|Pressure
|
|-heal|p2a: Kyurem|88/100|[from] Grassy Terrain
|-heal|p1a: Klefki|25/100|[from] Grassy Terrain
|upkeep
|turn|16
|
|t:|1757856984
|switch|p2a: Alomomola|Alomomola, M|100/100 par
|move|p1a: Klefki|Thunder Wave|p2a: Alomomola
|-fail|p2a: Alomomola|par
|
|-heal|p1a: Klefki|31/100|[from] Grassy Terrain
|upkeep
|turn|17
|
|t:|1757856986
|move|p1a: Klefki|Spikes|p2a: Alomomola
|-sidestart|p2: peewee mcgee xxx|Spikes
|move|p2a: Alomomola|Flip Turn|p1a: Klefki
|-damage|p1a: Klefki|24/100
|
|t:|1757856991
|switch|p2a: Cinderace|Cinderace, M, tera:Fire|100/100|[from] Flip Turn
|
|-heal|p1a: Klefki|30/100|[from] Grassy Terrain
|upkeep
|turn|18
|
|t:|1757857001
|switch|p2a: Alomomola|Alomomola, M|100/100 par
|-damage|p2a: Alomomola|88/100 par|[from] Spikes
|move|p1a: Klefki|Thunder Wave|p2a: Alomomola
|-fail|p2a: Alomomola|par
|
|-heal|p1a: Klefki|36/100|[from] Grassy Terrain
|-heal|p2a: Alomomola|94/100 par|[from] Grassy Terrain
|-fieldend|move: Grassy Terrain
|upkeep
|turn|19
|
|t:|1757857013
|switch|p1a: Clefable|Clefable, F|94/100
|cant|p2a: Alomomola|par
|
|-heal|p1a: Clefable|99/100|[from] item: Leftovers
|-sideend|p1: Johnny tots|move: Light Screen
|upkeep
|turn|20
|
|t:|1757857017
|move|p1a: Clefable|Calm Mind|p1a: Clefable
|-boost|p1a: Clefable|spa|1
|-boost|p1a: Clefable|spd|1
|move|p2a: Alomomola|Flip Turn|p1a: Clefable
|-damage|p1a: Clefable|93/100
|
|t:|1757857019
|switch|p2a: Cinderace|Cinderace, M, tera:Fire|100/100|[from] Flip Turn
|
|-heal|p1a: Clefable|99/100|[from] item: Leftovers
|upkeep
|turn|21
|
|t:|1757857021
|move|p2a: Cinderace|Court Change|p2a: Cinderace
|-swapsideconditions
|-activate|p2a: Cinderace|move: Court Change
|move|p1a: Clefable|Psyshock|p2a: Cinderace
|-damage|p2a: Cinderace|52/100
|
|-heal|p1a: Clefable|100/100|[from] item: Leftovers
|upkeep
|turn|22
|
|t:|1757857048
|switch|p1a: Ogerpon|Ogerpon-Wellspring, F|100/100
|-damage|p1a: Ogerpon|88/100|[from] Spikes
|move|p2a: Cinderace|Pyro Ball|p1a: Ogerpon
|-damage|p1a: Ogerpon|0 fnt
|faint|p1a: Ogerpon
|
|-sideend|p2: peewee mcgee xxx|Reflect
|upkeep
|
|t:|1757857050
|switch|p1a: Klefki|Klefki, M|36/100
|-damage|p1a: Klefki|24/100|[from] Spikes
|turn|23
|
|t:|1757857059
|move|p1a: Klefki|Thunder Wave|p2a: Cinderace
|-status|p2a: Cinderace|par
|move|p2a: Cinderace|Pyro Ball|p1a: Klefki
|-supereffective|p1a: Klefki
|-damage|p1a: Klefki|0 fnt
|faint|p1a: Klefki
|
|upkeep
|
|t:|1757857062
|switch|p1a: Cutmylifein2|Dragapult, M|100/100
|-damage|p1a: Cutmylifein2|88/100|[from] Spikes
|turn|24
|
|t:|1757857064
|switch|p2a: Alomomola|Alomomola, M|100/100 par
|move|p1a: Cutmylifein2|Substitute|p1a: Cutmylifein2
|-start|p1a: Cutmylifein2|Substitute
|-damage|p1a: Cutmylifein2|63/100
|
|-heal|p1a: Cutmylifein2|69/100|[from] item: Leftovers
|upkeep
|turn|25
|
|t:|1757857067
|move|p1a: Cutmylifein2|Dragon Dance|p1a: Cutmylifein2
|-boost|p1a: Cutmylifein2|atk|1
|-boost|p1a: Cutmylifein2|spe|1
|move|p2a: Alomomola|Play Rough|p1a: Cutmylifein2
|-supereffective|p1a: Cutmylifein2
|-end|p1a: Cutmylifein2|Substitute
|
|-heal|p1a: Cutmylifein2|75/100|[from] item: Leftovers
|upkeep
|turn|26
|
|t:|1757857075
|-terastallize|p1a: Cutmylifein2|Normal
|move|p1a: Cutmylifein2|Substitute|p1a: Cutmylifein2
|-start|p1a: Cutmylifein2|Substitute
|-damage|p1a: Cutmylifein2|50/100
|move|p2a: Alomomola|Play Rough|p1a: Cutmylifein2
|-activate|p1a: Cutmylifein2|move: Substitute|[damage]
|
|-heal|p1a: Cutmylifein2|56/100|[from] item: Leftovers
|upkeep
|turn|27
|
|t:|1757857085
|move|p1a: Cutmylifein2|Dragon Dance|p1a: Cutmylifein2
|-boost|p1a: Cutmylifein2|atk|1
|-boost|p1a: Cutmylifein2|spe|1
|move|p2a: Alomomola|Flip Turn|p1a: Cutmylifein2
|-end|p1a: Cutmylifein2|Substitute
|
|t:|1757857087
|switch|p2a: Zamazenta|Zamazenta|93/100|[from] Flip Turn
|
|-heal|p1a: Cutmylifein2|62/100|[from] item: Leftovers
|-heal|p2a: Zamazenta|99/100|[from] item: Leftovers
|upkeep
|turn|28
|
|t:|1757857090
|move|p1a: Cutmylifein2|Dragon Darts|p2a: Zamazenta
|-damage|p2a: Zamazenta|57/100
|-anim|p1a: Cutmylifein2|Dragon Darts|p2a: Zamazenta
|-damage|p2a: Zamazenta|11/100
|move|p2a: Zamazenta|Body Press|p1a: Cutmylifein2
|-supereffective|p1a: Cutmylifein2
|-damage|p1a: Cutmylifein2|0 fnt
|faint|p1a: Cutmylifein2
|
|-heal|p2a: Zamazenta|18/100|[from] item: Leftovers
|upkeep
|
|t:|1757857113
|switch|p1a: Clefable|Clefable, F|100/100
|turn|29
|
|t:|1757857127
|move|p2a: Zamazenta|Iron Defense|p2a: Zamazenta
|-boost|p2a: Zamazenta|def|2
|move|p1a: Clefable|Calm Mind|p1a: Clefable
|-boost|p1a: Clefable|spa|1
|-boost|p1a: Clefable|spd|1
|
|-heal|p2a: Zamazenta|24/100|[from] item: Leftovers
|upkeep
|turn|30
|
|t:|1757857133
|move|p2a: Zamazenta|Body Press|p1a: Clefable
|-resisted|p1a: Clefable
|-damage|p1a: Clefable|69/100
|move|p1a: Clefable|Moonblast|p2a: Zamazenta
|-supereffective|p2a: Zamazenta
|-damage|p2a: Zamazenta|0 fnt
|faint|p2a: Zamazenta
|
|-heal|p1a: Clefable|75/100|[from] item: Leftovers
|upkeep
|
|t:|1757857136
|switch|p2a: Cinderace|Cinderace, M, tera:Fire|52/100 par
|turn|31
|
|t:|1757857144
|move|p2a: Cinderace|Pyro Ball|p1a: Clefable
|-damage|p1a: Clefable|0 fnt
|faint|p1a: Clefable
|
|upkeep
|
|t:|1757857146
|switch|p1a: Manaphy|Manaphy|69/100
|-damage|p1a: Manaphy|57/100|[from] Spikes
|turn|32
|
|t:|1757857152
|move|p1a: Manaphy|Take Heart|p1a: Manaphy
|-boost|p1a: Manaphy|spa|1
|-boost|p1a: Manaphy|spd|1
|move|p2a: Cinderace|U-turn|p1a: Manaphy
|-damage|p1a: Manaphy|38/100
|
|t:|1757857157
|switch|p2a: Kyurem|Kyurem|88/100|[from] U-turn
|-ability|p2a: Kyurem|Pressure
|
|-heal|p1a: Manaphy|44/100|[from] item: Leftovers
|upkeep
|turn|33
|
|t:|1757857159
|move|p2a: Kyurem|Freeze-Dry|p1a: Manaphy
|-supereffective|p1a: Manaphy
|-damage|p1a: Manaphy|0 fnt
|faint|p1a: Manaphy
|
|win|peewee mcgee xxx
|raw|Johnny tots's rating: 1840 &rarr; <strong>1818</strong><br />(-22 for losing)
|raw|peewee mcgee xxx's rating: 1801 &rarr; <strong>1823</strong><br />(+22 for winning)
|c|☆Johnny tots|Gg
|l|☆peewee mcgee xxx
|player|p2|
|l|☆Johnny tots
|player|p1|
|l| huejack
