|j|☆FrostBiteGZ
|j|☆PokePlayerBR
|t:|1757940234
|gametype|singles
|player|p1|FrostBiteGZ|102|1090
|player|p2|PokePlayerBR|lucas-gen4pt|1094
|gen|9
|tier|[Gen 9] OU
|rated|
|rule|HP Percentage Mod: HP is shown in percentages
|rule|Endless Battle Clause: Forcing endless battles is banned
|rule|Species Clause: Limit one of each Pokémon
|rule|OHKO Clause: OHKO moves are banned
|rule|Evasion Items Clause: Evasion items are banned
|rule|Evasion Moves Clause: Evasion moves are banned
|rule|Evasion Abilities Clause: Evasion abilities are banned
|rule|Sleep Moves Clause: Sleep-inducing moves are banned
|clearpoke
|poke|p1|Dragonite, F|
|poke|p1|Luxray, M|
|poke|p1|Meowstic, M|
|poke|p1|Sinistcha|
|poke|p1|Trevenant, F|
|poke|p1|Glimmora, F|
|poke|p2|Amoonguss, M|
|poke|p2|Ceruledge, F|
|poke|p2|Gliscor, F|
|poke|p2|Clefable, F|
|poke|p2|Greninja-*, F|
|poke|p2|Dragapult, M|
|teampreview
|c|☆FrostBiteGZ|glhf
|
|t:|1757940239
|teamsize|p1|6
|teamsize|p2|6
|start
|switch|p1a: Flower|Glimmora, F|100/100
|switch|p2a: Greninja|Greninja, F|100/100
|turn|1
|
|t:|1757940246
|move|p2a: Greninja|Hydro Pump|p1a: Flower
|-start|p2a: Greninja|typechange|Water|[from] ability: Protean
|-supereffective|p1a: Flower
|-enditem|p1a: Flower|Focus Sash
|-damage|p1a: Flower|1/100
|-damage|p2a: Greninja|91/100|[from] item: Life Orb
|move|p1a: Flower|Stealth Rock|p2a: Greninja
|-sidestart|p2: PokePlayerBR|move: Stealth Rock
|
|upkeep
|turn|2
|
|t:|1757940258
|switch|p2a: Gliscor|Gliscor, F|100/100
|-damage|p2a: Gliscor|88/100|[from] Stealth Rock
|switch|p1a: Yummy Sitrus|Trevenant, F|100/100
|
|-status|p2a: Gliscor|tox|[from] item: Toxic Orb
|upkeep
|turn|3
|
|t:|1757940271
|move|p2a: Gliscor|Swords Dance|p2a: Gliscor
|-boost|p2a: Gliscor|atk|2
|move|p1a: Yummy Sitrus|Leech Seed|p2a: Gliscor
|-start|p2a: Gliscor|move: Leech Seed
|
|-damage|p2a: Gliscor|75/100 tox|[from] Leech Seed|[of] p1a: Yummy Sitrus
|-heal|p2a: Gliscor|88/100 tox|[from] ability: Poison Heal
|upkeep
|turn|4
|
|t:|1757940279
|move|p2a: Gliscor|Knock Off|p1a: Yummy Sitrus
|-supereffective|p1a: Yummy Sitrus
|-crit|p1a: Yummy Sitrus
|-damage|p1a: Yummy Sitrus|0 fnt
|-enditem|p1a: Yummy Sitrus|Sitrus Berry|[from] move: Knock Off|[of] p2a: Gliscor
|faint|p1a: Yummy Sitrus
|
|-heal|p2a: Gliscor|100/100 tox|[from] ability: Poison Heal
|upkeep
|c|☆FrostBiteGZ|crit mattered
|
|t:|1757940287
|switch|p1a: Flower|Glimmora, F|1/100
|turn|5
|
|t:|1757940307
|move|p1a: Flower|Spikes|p2a: Gliscor
|-sidestart|p2: PokePlayerBR|Spikes
|move|p2a: Gliscor|Knock Off|p1a: Flower
|-damage|p1a: Flower|0 fnt
|-activate|p1a: Flower|ability: Toxic Debris
|-sidestart|p2: PokePlayerBR|move: Toxic Spikes
|faint|p1a: Flower
|
|upkeep
|
|t:|1757940317
|switch|p1a: Dragonite|Dragonite, F|100/100
|turn|6
|
|t:|1757940325
|move|p1a: Dragonite|Dragon Dance|p1a: Dragonite
|-boost|p1a: Dragonite|atk|1
|-boost|p1a: Dragonite|spe|1
|move|p2a: Gliscor|Knock Off|p1a: Dragonite
|-damage|p1a: Dragonite|79/100
|-enditem|p1a: Dragonite|Silk Scarf|[from] move: Knock Off|[of] p2a: Gliscor
|
|-damage|p2a: Gliscor|88/100 tox|[from] Leech Seed|[of] p1a: Dragonite
|-heal|p1a: Dragonite|93/100|[silent]
|-heal|p2a: Gliscor|100/100 tox|[from] ability: Poison Heal
|upkeep
|turn|7
|
|t:|1757940337
|move|p1a: Dragonite|Dragon Dance|p1a: Dragonite
|-boost|p1a: Dragonite|atk|1
|-boost|p1a: Dragonite|spe|1
|move|p2a: Gliscor|Swords Dance|p2a: Gliscor
|-boost|p2a: Gliscor|atk|2
|
|-damage|p2a: Gliscor|88/100 tox|[from] Leech Seed|[of] p1a: Dragonite
|-heal|p1a: Dragonite|100/100|[silent]
|-heal|p2a: Gliscor|100/100 tox|[from] ability: Poison Heal
|upkeep
|turn|8
|
|t:|1757940346
|-terastallize|p2a: Gliscor|Normal
|move|p1a: Dragonite|Extreme Speed|p2a: Gliscor
|-damage|p2a: Gliscor|54/100 tox
|move|p2a: Gliscor|Facade|p1a: Dragonite
|-damage|p1a: Dragonite|28/100
|
|-damage|p2a: Gliscor|42/100 tox|[from] Leech Seed|[of] p1a: Dragonite
|-heal|p1a: Dragonite|42/100|[silent]
|-heal|p2a: Gliscor|54/100 tox|[from] ability: Poison Heal
|upkeep
|turn|9
|c|☆FrostBiteGZ|OW
|c|☆FrostBiteGZ|holy ddamage
|
|t:|1757940361
|move|p1a: Dragonite|Protect|p1a: Dragonite
|-singleturn|p1a: Dragonite|Protect
|move|p2a: Gliscor|Facade|p1a: Dragonite
|-activate|p1a: Dragonite|move: Protect
|
|-damage|p2a: Gliscor|42/100 tox|[from] Leech Seed|[of] p1a: Dragonite
|-heal|p1a: Dragonite|56/100|[silent]
|-heal|p2a: Gliscor|54/100 tox|[from] ability: Poison Heal
|upkeep
|turn|10
|
|t:|1757940370
|move|p1a: Dragonite|Extreme Speed|p2a: Gliscor
|-damage|p2a: Gliscor|8/100 tox
|move|p2a: Gliscor|Facade|p1a: Dragonite
|-damage|p1a: Dragonite|0 fnt
|faint|p1a: Dragonite
|
|-heal|p2a: Gliscor|20/100 tox|[from] ability: Poison Heal
|upkeep
|c|☆PokePlayerBR|:)
|
|t:|1757940390
|switch|p1a: Lucifer|Meowstic, M, shiny|100/100
|turn|11
|
|t:|1757940402
|switch|p2a: Greninja|Greninja, F|91/100
|-damage|p2a: Greninja|78/100|[from] Stealth Rock
|-damage|p2a: Greninja|66/100|[from] Spikes
|-status|p2a: Greninja|psn
|move|p1a: Lucifer|Reflect|p1a: Lucifer
|-sidestart|p1: FrostBiteGZ|Reflect
|
|-damage|p2a: Greninja|54/100 psn|[from] psn
|upkeep
|turn|12
|
|t:|1757940412
|move|p1a: Lucifer|Light Screen|p1a: Lucifer
|-sidestart|p1: FrostBiteGZ|move: Light Screen
|move|p2a: Greninja|Dark Pulse|p1a: Lucifer
|-start|p2a: Greninja|typechange|Dark|[from] ability: Protean
|-supereffective|p1a: Lucifer
|-damage|p1a: Lucifer|61/100
|-damage|p2a: Greninja|44/100 psn|[from] item: Life Orb
|
|-damage|p2a: Greninja|32/100 psn|[from] psn
|upkeep
|turn|13
|
|t:|1757940425
|switch|p1a: The Alpha Male|Luxray, M, shiny|100/100
|move|p2a: Greninja|Dark Pulse|p1a: The Alpha Male
|-damage|p1a: The Alpha Male|67/100
|-damage|p2a: Greninja|22/100 psn|[from] item: Life Orb
|
|-damage|p2a: Greninja|10/100 psn|[from] psn
|-status|p1a: The Alpha Male|brn|[from] item: Flame Orb
|upkeep
|turn|14
|
|t:|1757940436
|move|p2a: Greninja|Dark Pulse|p1a: The Alpha Male
|-damage|p1a: The Alpha Male|34/100 brn
|-damage|p2a: Greninja|0 fnt|[from] item: Life Orb
|faint|p2a: Greninja
|move|p1a: The Alpha Male|Howl|p1a: The Alpha Male
|-boost|p1a: The Alpha Male|atk|1
|
|-damage|p1a: The Alpha Male|28/100 brn|[from] brn
|upkeep
|
|t:|1757940445
|switch|p2a: Amoonguss|Amoonguss, M|100/100
|-damage|p2a: Amoonguss|88/100|[from] Stealth Rock
|-damage|p2a: Amoonguss|76/100|[from] Spikes
|-sideend|p2: PokePlayerBR|move: Toxic Spikes|[of] p2a: Amoonguss
|turn|15
|
|t:|1757940454
|move|p1a: The Alpha Male|Facade|p2a: Amoonguss
|-damage|p2a: Amoonguss|2/100
|move|p2a: Amoonguss|Clear Smog|p1a: The Alpha Male
|-damage|p1a: The Alpha Male|18/100 brn
|-clearboost|p1a: The Alpha Male
|
|-heal|p2a: Amoonguss|8/100|[from] item: Leftovers
|-damage|p1a: The Alpha Male|12/100 brn|[from] brn
|upkeep
|turn|16
|c|☆FrostBiteGZ|you cant get rid of my burn
|c|☆FrostBiteGZ|!data guts
|raw|<ul class="utilichart"><li class="result"><span class="col namecol"><a href="https://dex.pokemonshowdown.com/abilities/guts">Guts</a></span> <span class="col abilitydesccol">If this Pokemon is statused, its Attack is 1.5x; ignores burn halving physical damage.</span> </li><li style="clear:both"></li></ul>

|c|☆PokePlayerBR|Yup
|
|t:|1757940492
|switch|p2a: Clefable|Clefable, F|100/100
|move|p1a: The Alpha Male|Facade|p2a: Clefable
|-damage|p2a: Clefable|45/100
|
|-heal|p2a: Clefable|51/100|[from] item: Leftovers
|-damage|p1a: The Alpha Male|6/100 brn|[from] brn
|upkeep
|turn|17
|
|t:|1757940504
|move|p1a: The Alpha Male|Facade|p2a: Clefable
|-damage|p2a: Clefable|0 fnt
|faint|p2a: Clefable
|
|-damage|p1a: The Alpha Male|0 fnt|[from] brn
|faint|p1a: The Alpha Male
|upkeep
|
|t:|1757940516
|switch|p1a: Teacup|Sinistcha|100/100
|switch|p2a: Dragapult|Dragapult, M|100/100
|-damage|p2a: Dragapult|88/100|[from] Stealth Rock
|-damage|p2a: Dragapult|76/100|[from] Spikes
|turn|18
|
|t:|1757940525
|-terastallize|p1a: Teacup|Grass
|move|p2a: Dragapult|Shadow Ball|p1a: Teacup
|-damage|p1a: Teacup|85/100
|move|p1a: Teacup|Strength Sap|p2a: Dragapult
|-fail|p2a: Dragapult|unboost|[from] ability: Clear Body|[of] p2a: Dragapult
|-heal|p1a: Teacup|100/100
|
|-sideend|p1: FrostBiteGZ|Reflect
|upkeep
|turn|19
|
|t:|1757940538
|switch|p2a: Ceruledge|Ceruledge, F|100/100
|-damage|p2a: Ceruledge|76/100|[from] Stealth Rock
|-damage|p2a: Ceruledge|63/100|[from] Spikes
|move|p1a: Teacup|Nasty Plot|p1a: Teacup
|-boost|p1a: Teacup|spa|2
|
|-sideend|p1: FrostBiteGZ|move: Light Screen
|upkeep
|turn|20
|
|t:|1757940551
|move|p2a: Ceruledge|Bitter Blade|p1a: Teacup
|-supereffective|p1a: Teacup
|-damage|p1a: Teacup|51/100
|-heal|p2a: Ceruledge|93/100|[from] drain|[of] p1a: Teacup
|move|p1a: Teacup|Shadow Ball|p2a: Ceruledge
|-supereffective|p2a: Ceruledge
|-crit|p2a: Ceruledge
|-damage|p2a: Ceruledge|0 fnt
|faint|p2a: Ceruledge
|
|upkeep
|
|t:|1757940562
|switch|p2a: Dragapult|Dragapult, M|76/100
|-damage|p2a: Dragapult|64/100|[from] Stealth Rock
|-damage|p2a: Dragapult|51/100|[from] Spikes
|turn|21
|c|☆FrostBiteGZ|!data heatproof
|raw|<ul class="utilichart"><li class="result"><span class="col namecol"><a href="https://dex.pokemonshowdown.com/abilities/heatproof">Heatproof</a></span> <span class="col abilitydesccol">Fire damage against this Pokemon is dealt with 1/2 offensive stat; 1/2 burn damage.</span> </li><li style="clear:both"></li></ul>

|c|☆FrostBiteGZ|:)
|
|t:|1757940575
|move|p2a: Dragapult|U-turn|p1a: Teacup
|-supereffective|p1a: Teacup
|-damage|p1a: Teacup|0 fnt
|faint|p1a: Teacup
|c|☆PokePlayerBR|Thanks for the advice
|
|t:|1757940595
|switch|p2a: Gliscor|Gliscor, F, tera:Normal|20/100 tox|[from] U-turn
|-damage|p2a: Gliscor|8/100 tox|[from] Stealth Rock
|-damage|p2a: Gliscor|0 fnt|[from] Spikes
|faint|p2a: Gliscor
|
|upkeep
|
|t:|1757940602
|switch|p2a: Amoonguss|Amoonguss, M|41/100
|switch|p1a: Lucifer|Meowstic, M, shiny|61/100
|-damage|p2a: Amoonguss|29/100|[from] Stealth Rock
|-damage|p2a: Amoonguss|17/100|[from] Spikes
|turn|22
|
|t:|1757940611
|move|p1a: Lucifer|Psychic|p2a: Amoonguss
|-supereffective|p2a: Amoonguss
|-damage|p2a: Amoonguss|0 fnt
|faint|p2a: Amoonguss
|
|upkeep
|
|t:|1757940625
|switch|p2a: Dragapult|Dragapult, M|51/100
|-damage|p2a: Dragapult|39/100|[from] Stealth Rock
|-damage|p2a: Dragapult|27/100|[from] Spikes
|turn|23
|
|t:|1757940638
|move|p1a: Lucifer|Light Screen|p1a: Lucifer
|-sidestart|p1: FrostBiteGZ|move: Light Screen
|move|p2a: Dragapult|U-turn|p1a: Lucifer
|-supereffective|p1a: Lucifer
|-damage|p1a: Lucifer|0 fnt
|faint|p1a: Lucifer
|
|win|PokePlayerBR
|raw|FrostBiteGZ's rating: 1090 &rarr; <strong>1067</strong><br />(-23 for losing)
|raw|PokePlayerBR's rating: 1094 &rarr; <strong>1120</strong><br />(+26 for winning)
|c|☆FrostBiteGZ|gg
|c|☆PokePlayerBR|Gg
|l|☆FrostBiteGZ
|player|p1|
|l|☆PokePlayerBR
|player|p2|
