|j|☆nfyhsueryfgius
|j|☆ABraviousTinkaton
|t:|1757809403
|gametype|singles
|player|p1|nfyhsueryfgius|ghetsis|1653
|player|p2|ABraviousTinkaton|miku-ice|1711
|gen|9
|tier|[Gen 9] OU
|rated|
|rule|HP Percentage Mod: HP is shown in percentages
|rule|Endless Battle Clause: Forcing endless battles is banned
|rule|Species Clause: Limit one of each Pokémon
|rule|OHKO Clause: OHKO moves are banned
|rule|Evasion Items Clause: Evasion items are banned
|rule|Evasion Moves Clause: Evasion moves are banned
|rule|Evasion Abilities Clause: Evasion abilities are banned
|rule|Sleep Moves Clause: Sleep-inducing moves are banned
|clearpoke
|poke|p1|Great Tusk|
|poke|p1|Heatran, F|
|poke|p1|Weavile, F|
|poke|p1|Primarina, F|
|poke|p1|Ogerpon, F|
|poke|p1|Pecharunt|
|poke|p2|Ogerpon-Wellspring, F|
|poke|p2|Kingambit, F|
|poke|p2|Landorus-Therian, M|
|poke|p2|Glimmora, F|
|poke|p2|Dragapult, M|
|poke|p2|Iron Valiant|
|teampreview
|
|t:|1757809429
|teamsize|p1|6
|teamsize|p2|6
|start
|switch|p1a: Weavile|Weavile, F|100/100
|switch|p2a: Dragapult|Dragapult, M|100/100
|-ability|p1a: Weavile|Pressure
|turn|1
|
|t:|1757809448
|switch|p1a: Primarina|Primarina, F|100/100
|move|p2a: Dragapult|U-turn|p1a: Primarina
|-resisted|p1a: Primarina
|-damage|p1a: Primarina|91/100
|
|t:|1757809453
|switch|p2a: Ogerpon|Ogerpon-Wellspring, F|100/100|[from] U-turn
|
|upkeep
|turn|2
|
|t:|1757809458
|switch|p2a: Landorus|Landorus-Therian, M|100/100
|-ability|p2a: Landorus|Intimidate|boost
|-unboost|p1a: Primarina|atk|1
|switch|p1a: Pecharunt|Pecharunt|100/100
|
|upkeep
|turn|3
|
|t:|1757809463
|switch|p1a: Heatran|Heatran, F|100/100
|-item|p1a: Heatran|Air Balloon
|move|p2a: Landorus|Stealth Rock|p1a: Heatran
|-sidestart|p1: nfyhsueryfgius|move: Stealth Rock
|
|upkeep
|turn|4
|
|t:|1757809466
|move|p2a: Landorus|U-turn|p1a: Heatran
|-resisted|p1a: Heatran
|-damage|p1a: Heatran|95/100
|-enditem|p1a: Heatran|Air Balloon
|
|t:|1757809468
|switch|p2a: Ogerpon|Ogerpon-Wellspring, F|100/100|[from] U-turn
|move|p1a: Heatran|Stealth Rock|p2a: Ogerpon
|-sidestart|p2: ABraviousTinkaton|move: Stealth Rock
|
|upkeep
|turn|5
|
|t:|1757809471
|switch|p1a: Pecharunt|Pecharunt|100/100
|-damage|p1a: Pecharunt|88/100|[from] Stealth Rock
|move|p2a: Ogerpon|Ivy Cudgel|p1a: Pecharunt|[anim] Ivy Cudgel Water
|-damage|p1a: Pecharunt|59/100
|
|upkeep
|turn|6
|
|t:|1757809474
|move|p2a: Ogerpon|Taunt|p1a: Pecharunt
|-start|p1a: Pecharunt|move: Taunt
|cant|p1a: Pecharunt|move: Taunt|Recover
|
|upkeep
|turn|7
|
|t:|1757809476
|switch|p2a: Glimmora|Glimmora, F|100/100
|-damage|p2a: Glimmora|88/100|[from] Stealth Rock
|move|p1a: Pecharunt|Malignant Chain|p2a: Glimmora
|-resisted|p2a: Glimmora
|-damage|p2a: Glimmora|79/100
|
|upkeep
|turn|8
|
|t:|1757809480
|switch|p1a: Great Tusk|Great Tusk|100/100
|move|p2a: Glimmora|Spikes|p1a: Great Tusk
|-sidestart|p1: nfyhsueryfgius|Spikes
|
|upkeep
|turn|9
|
|t:|1757809483
|-terastallize|p2a: Glimmora|Ghost
|move|p1a: Great Tusk|Headlong Rush|p2a: Glimmora
|-damage|p2a: Glimmora|8/100
|-unboost|p1a: Great Tusk|def|1
|-unboost|p1a: Great Tusk|spd|1
|-activate|p2a: Glimmora|ability: Toxic Debris
|-sidestart|p1: nfyhsueryfgius|move: Toxic Spikes
|move|p2a: Glimmora|Mortal Spin|p1a: Great Tusk
|-resisted|p1a: Great Tusk
|-crit|p1a: Great Tusk
|-damage|p1a: Great Tusk|96/100
|-status|p1a: Great Tusk|psn
|-sideend|p2: ABraviousTinkaton|Stealth Rock|[from] move: Mortal Spin|[of] p2a: Glimmora
|
|-damage|p1a: Great Tusk|84/100 psn|[from] psn
|upkeep
|turn|10
|
|t:|1757809488
|switch|p2a: Dragapult|Dragapult, M|100/100
|move|p1a: Great Tusk|Headlong Rush|p2a: Dragapult
|-damage|p2a: Dragapult|21/100
|-unboost|p1a: Great Tusk|def|1
|-unboost|p1a: Great Tusk|spd|1
|
|-damage|p1a: Great Tusk|71/100 psn|[from] psn
|upkeep
|turn|11
|
|t:|1757809497
|-end|p1a: Great Tusk|Protosynthesis|[silent]
|switch|p1a: Heatran|Heatran, F|95/100
|-damage|p1a: Heatran|82/100|[from] Stealth Rock
|-damage|p1a: Heatran|70/100|[from] Spikes
|move|p2a: Dragapult|U-turn|p1a: Heatran
|-resisted|p1a: Heatran
|-damage|p1a: Heatran|66/100
|
|t:|1757809500
|switch|p2a: Ogerpon|Ogerpon-Wellspring, F|100/100|[from] U-turn
|
|upkeep
|turn|12
|
|t:|1757809504
|switch|p1a: Pecharunt|Pecharunt|59/100
|-damage|p1a: Pecharunt|47/100|[from] Stealth Rock
|-damage|p1a: Pecharunt|35/100|[from] Spikes
|-sideend|p1: nfyhsueryfgius|move: Toxic Spikes|[of] p1a: Pecharunt
|move|p2a: Ogerpon|Ivy Cudgel|p1a: Pecharunt|[anim] Ivy Cudgel Water
|-damage|p1a: Pecharunt|8/100
|
|upkeep
|turn|13
|
|t:|1757809507
|move|p2a: Ogerpon|Ivy Cudgel|p1a: Pecharunt|[anim] Ivy Cudgel Water
|-damage|p1a: Pecharunt|0 fnt
|faint|p1a: Pecharunt
|
|upkeep
|
|t:|1757809508
|switch|p1a: Ogerpon|Ogerpon, F|100/100
|-damage|p1a: Ogerpon|88/100|[from] Stealth Rock
|-damage|p1a: Ogerpon|76/100|[from] Spikes
|turn|14
|
|t:|1757809511
|switch|p2a: Glimmora|Glimmora, F, tera:Ghost|8/100
|move|p1a: Ogerpon|U-turn|p2a: Glimmora
|-resisted|p2a: Glimmora
|-damage|p2a: Glimmora|0 fnt
|-activate|p2a: Glimmora|ability: Toxic Debris
|-sidestart|p1: nfyhsueryfgius|move: Toxic Spikes
|faint|p2a: Glimmora
|
|t:|1757809513
|switch|p1a: Heatran|Heatran, F|66/100|[from] U-turn
|-damage|p1a: Heatran|53/100|[from] Stealth Rock
|-damage|p1a: Heatran|41/100|[from] Spikes
|
|upkeep
|-message|nfyhsueryfgius forfeited.
|
|win|ABraviousTinkaton
|raw|nfyhsueryfgius's rating: 1653 &rarr; <strong>1636</strong><br />(-17 for losing)
|raw|ABraviousTinkaton's rating: 1711 &rarr; <strong>1728</strong><br />(+17 for winning)
|l|☆nfyhsueryfgius
|player|p1|
|l|☆ABraviousTinkaton
|player|p2|
