|j|☆y8po
|j|☆Zu 2 The T0p
|t:|1757905272
|gametype|singles
|player|p1|y8po|lucas-gen4pt|1495
|player|p2|Zu 2 The T0p|102|1455
|gen|9
|tier|[Gen 9] OU
|rated|
|rule|HP Percentage Mod: HP is shown in percentages
|rule|Endless Battle Clause: Forcing endless battles is banned
|rule|Species Clause: Limit one of each Pokémon
|rule|OHKO Clause: OHKO moves are banned
|rule|Evasion Items Clause: Evasion items are banned
|rule|Evasion Moves Clause: Evasion moves are banned
|rule|Evasion Abilities Clause: Evasion abilities are banned
|rule|Sleep Moves Clause: Sleep-inducing moves are banned
|clearpoke
|poke|p1|Kingambit, F|
|poke|p1|Slowking-Galar, M|
|poke|p1|Ogerpon-Wellspring, F|
|poke|p1|Corviknight, M|
|poke|p1|Kyurem|
|poke|p1|Landorus-Therian, M|
|poke|p2|Regidrago|
|poke|p2|Alomomola, F|
|poke|p2|Zamazenta-*|
|poke|p2|Weezing-Galar, F|
|poke|p2|Hoopa-Unbound|
|poke|p2|Wo-Chien|
|teampreview
|inactive|Battle timer is ON: inactive players will automatically lose when time's up. (requested by y8po)
|
|t:|1757905281
|teamsize|p1|6
|teamsize|p2|6
|start
|switch|p1a: Landorus|Landorus-Therian, M|100/100
|switch|p2a: Regidrago|Regidrago|100/100
|-ability|p1a: Landorus|Intimidate|boost
|-unboost|p2a: Regidrago|atk|1
|turn|1
|
|t:|1757905294
|-terastallize|p2a: Regidrago|Dragon
|move|p2a: Regidrago|Dragon Energy|p1a: Landorus
|-damage|p1a: Landorus|0 fnt
|faint|p1a: Landorus
|
|upkeep
|
|t:|1757905299
|switch|p1a: Queengambit|Kingambit, F|100/100
|-activate|p1a: Queengambit|ability: Supreme Overlord
|-start|p1a: Queengambit|fallen1|[silent]
|turn|2
|
|t:|1757905315
|switch|p2a: Alomomola|Alomomola, F, shiny|100/100
|move|p1a: Queengambit|Sucker Punch||[still]
|-fail|p1a: Queengambit
|
|upkeep
|turn|3
|
|t:|1757905320
|switch|p2a: Wo-Chien|Wo-Chien|100/100
|-ability|p2a: Wo-Chien|Tablets of Ruin
|move|p1a: Queengambit|Kowtow Cleave|p2a: Wo-Chien
|-resisted|p2a: Wo-Chien
|-damage|p2a: Wo-Chien|81/100
|
|-heal|p2a: Wo-Chien|87/100|[from] item: Leftovers
|upkeep
|turn|4
|
|t:|1757905331
|-end|p1a: Queengambit|fallen1|[silent]
|switch|p1a: Kyurem|Kyurem|100/100
|-ability|p1a: Kyurem|Pressure
|move|p2a: Wo-Chien|Leech Seed|p1a: Kyurem
|-start|p1a: Kyurem|move: Leech Seed
|
|-heal|p2a: Wo-Chien|94/100|[from] item: Leftovers
|-damage|p1a: Kyurem|88/100|[from] Leech Seed|[of] p2a: Wo-Chien
|-heal|p2a: Wo-Chien|100/100|[silent]
|upkeep
|turn|5
|
|t:|1757905338
|move|p2a: Wo-Chien|Protect|p2a: Wo-Chien
|-singleturn|p2a: Wo-Chien|Protect
|move|p1a: Kyurem|Draco Meteor|p2a: Wo-Chien
|-activate|p2a: Wo-Chien|move: Protect
|
|-damage|p1a: Kyurem|76/100|[from] Leech Seed|[of] p2a: Wo-Chien
|upkeep
|turn|6
|
|t:|1757905344
|move|p1a: Kyurem|Draco Meteor|p2a: Wo-Chien
|-damage|p2a: Wo-Chien|43/100
|-unboost|p1a: Kyurem|spa|2
|move|p2a: Wo-Chien|Ruination|p1a: Kyurem
|-damage|p1a: Kyurem|38/100
|
|-heal|p2a: Wo-Chien|49/100|[from] item: Leftovers
|-damage|p1a: Kyurem|26/100|[from] Leech Seed|[of] p2a: Wo-Chien
|-heal|p2a: Wo-Chien|62/100|[silent]
|upkeep
|turn|7
|
|t:|1757905349
|switch|p1a: Ogerpon|Ogerpon-Wellspring, F|100/100
|move|p2a: Wo-Chien|Leech Seed|p1a: Ogerpon
|-immune|p1a: Ogerpon
|
|-heal|p2a: Wo-Chien|68/100|[from] item: Leftovers
|upkeep
|turn|8
|
|t:|1757905355
|move|p1a: Ogerpon|U-turn|p2a: Wo-Chien
|-supereffective|p2a: Wo-Chien
|-damage|p2a: Wo-Chien|3/100
|
|t:|1757905359
|switch|p1a: Queengambit|Kingambit, F|100/100|[from] U-turn
|-activate|p1a: Queengambit|ability: Supreme Overlord
|-start|p1a: Queengambit|fallen1|[silent]
|move|p2a: Wo-Chien|Ruination|p1a: Queengambit
|-damage|p1a: Queengambit|50/100
|
|-heal|p2a: Wo-Chien|9/100|[from] item: Leftovers
|upkeep
|turn|9
|
|t:|1757905364
|switch|p2a: Zamazenta|Zamazenta|100/100
|-ability|p2a: Zamazenta|Dauntless Shield|boost
|-boost|p2a: Zamazenta|def|1
|move|p1a: Queengambit|Kowtow Cleave|p2a: Zamazenta
|-resisted|p2a: Zamazenta
|-damage|p2a: Zamazenta|80/100
|
|upkeep
|turn|10
|
|t:|1757905374
|-end|p1a: Queengambit|fallen1|[silent]
|switch|p1a: Corviknight|Corviknight, M|100/100
|move|p2a: Zamazenta|Close Combat|p1a: Corviknight
|-damage|p1a: Corviknight|67/100
|-unboost|p2a: Zamazenta|def|1
|-unboost|p2a: Zamazenta|spd|1
|
|upkeep
|turn|11
|
|t:|1757905384
|switch|p2a: Alomomola|Alomomola, F, shiny|100/100
|move|p1a: Corviknight|U-turn|p2a: Alomomola
|-damage|p2a: Alomomola|93/100
|
|t:|1757905388
|switch|p1a: Ogerpon|Ogerpon-Wellspring, F|100/100|[from] U-turn
|
|upkeep
|turn|12
|
|t:|1757905390
|move|p1a: Ogerpon|Knock Off|p2a: Alomomola
|-damage|p2a: Alomomola|73/100
|-enditem|p2a: Alomomola|Heavy-Duty Boots|[from] move: Knock Off|[of] p1a: Ogerpon
|move|p2a: Alomomola|Wish|p2a: Alomomola
|
|upkeep
|turn|13
|
|t:|1757905403
|switch|p2a: Weezing|Weezing-Galar, F|100/100
|-ability|p2a: Weezing|Neutralizing Gas
|move|p1a: Ogerpon|Knock Off|p2a: Weezing
|-resisted|p2a: Weezing
|-damage|p2a: Weezing|89/100
|-enditem|p2a: Weezing|Heavy-Duty Boots|[from] move: Knock Off|[of] p1a: Ogerpon
|
|-heal|p2a: Weezing|100/100|[from] move: Wish|[wisher] Alomomola
|upkeep
|turn|14
|
|t:|1757905413
|-terastallize|p1a: Ogerpon|Water
|detailschange|p1a: Ogerpon|Ogerpon-Wellspring-Tera, F, tera:Water
|move|p1a: Ogerpon|Ivy Cudgel|p2a: Weezing|[anim] Ivy Cudgel Water
|-damage|p2a: Weezing|53/100
|move|p2a: Weezing|Will-O-Wisp|p1a: Ogerpon
|-status|p1a: Ogerpon|brn
|
|-damage|p1a: Ogerpon|95/100 brn|[from] brn
|upkeep
|turn|15
|
|t:|1757905421
|move|p1a: Ogerpon|U-turn|p2a: Weezing
|-resisted|p2a: Weezing
|-damage|p2a: Weezing|51/100
|-message|y8po forfeited.
|
|win|Zu 2 The T0p
|raw|y8po's rating: 1495 &rarr; <strong>1473</strong><br />(-22 for losing)
|raw|Zu 2 The T0p's rating: 1455 &rarr; <strong>1477</strong><br />(+22 for winning)
|l|☆Zu 2 The T0p
|player|p2|
