|j|☆kidgoku93040
|j|☆DrMira
|t:|1757910480
|gametype|singles
|player|p1|kidgoku93040|lorelei-gen1rb|1134
|player|p2|DrMira|1|1135
|gen|9
|tier|[Gen 9] OU
|rated|
|rule|HP Percentage Mod: HP is shown in percentages
|rule|Endless Battle Clause: Forcing endless battles is banned
|rule|Species Clause: Limit one of each Pokémon
|rule|OHKO Clause: OHKO moves are banned
|rule|Evasion Items Clause: Evasion items are banned
|rule|Evasion Moves Clause: Evasion moves are banned
|rule|Evasion Abilities Clause: Evasion abilities are banned
|rule|Sleep Moves Clause: Sleep-inducing moves are banned
|clearpoke
|poke|p1|Azumarill, F|
|poke|p1|Granbull, M|
|poke|p1|Gardevoir, F|
|poke|p1|Tinkaton, F|
|poke|p1|Clefable, M|
|poke|p1|Mimikyu, M|
|poke|p2|Greninja-*, M|
|poke|p2|Azelf|
|poke|p2|Great Tusk|
|poke|p2|Armarouge, M|
|poke|p2|Meowscarada, M|
|poke|p2|Dragonite, F|
|teampreview
|
|t:|1757910484
|teamsize|p1|6
|teamsize|p2|6
|start
|switch|p1a: Clefable|Clefable, M|100/100
|switch|p2a: Dragonite|Dragonite, F|100/100
|turn|1
|
|t:|1757910494
|move|p2a: Dragonite|Dragon Dance|p2a: Dragonite
|-boost|p2a: Dragonite|atk|1
|-boost|p2a: Dragonite|spe|1
|move|p1a: Clefable|Stealth Rock|p2a: Dragonite
|-sidestart|p2: DrMira|move: Stealth Rock
|
|upkeep
|turn|2
|
|t:|1757910500
|move|p2a: Dragonite|Dragon Dance|p2a: Dragonite
|-boost|p2a: Dragonite|atk|1
|-boost|p2a: Dragonite|spe|1
|move|p1a: Clefable|Moonblast|p2a: Dragonite
|-supereffective|p2a: Dragonite
|-damage|p2a: Dragonite|66/100
|
|-heal|p2a: Dragonite|72/100|[from] item: Leftovers
|upkeep
|turn|3
|
|t:|1757910510
|-terastallize|p2a: Dragonite|Fairy
|-terastallize|p1a: Clefable|Fairy
|move|p2a: Dragonite|Iron Head|p1a: Clefable
|-supereffective|p1a: Clefable
|-damage|p1a: Clefable|0 fnt
|faint|p1a: Clefable
|
|-heal|p2a: Dragonite|79/100|[from] item: Leftovers
|upkeep
|
|t:|1757910520
|switch|p1a: Tinkaton|Tinkaton, F|100/100
|-ability|p1a: Tinkaton|Mold Breaker
|turn|4
|
|t:|1757910525
|move|p2a: Dragonite|Earthquake|p1a: Tinkaton
|-supereffective|p1a: Tinkaton
|-damage|p1a: Tinkaton|0 fnt
|faint|p1a: Tinkaton
|
|-heal|p2a: Dragonite|85/100|[from] item: Leftovers
|upkeep
|
|t:|1757910540
|switch|p1a: Gardevoir|Gardevoir, F|100/100
|turn|5
|
|t:|1757910545
|move|p2a: Dragonite|Iron Head|p1a: Gardevoir
|-supereffective|p1a: Gardevoir
|-damage|p1a: Gardevoir|0 fnt
|faint|p1a: Gardevoir
|
|-heal|p2a: Dragonite|91/100|[from] item: Leftovers
|upkeep
|
|t:|1757910551
|switch|p1a: Azumarill|Azumarill, F|100/100
|turn|6
|
|t:|1757910555
|move|p2a: Dragonite|Iron Head|p1a: Azumarill
|-damage|p1a: Azumarill|29/100
|-enditem|p1a: Azumarill|Sitrus Berry|[eat]
|-heal|p1a: Azumarill|54/100|[from] item: Sitrus Berry
|cant|p1a: Azumarill|flinch
|
|-heal|p2a: Dragonite|97/100|[from] item: Leftovers
|upkeep
|turn|7
|
|t:|1757910563
|move|p1a: Azumarill|Aqua Jet|p2a: Dragonite
|-damage|p2a: Dragonite|67/100
|move|p2a: Dragonite|Iron Head|p1a: Azumarill
|-damage|p1a: Azumarill|0 fnt
|faint|p1a: Azumarill
|
|-heal|p2a: Dragonite|74/100|[from] item: Leftovers
|upkeep
|
|t:|1757910571
|switch|p1a: Granbull|Granbull, M|100/100
|-ability|p1a: Granbull|Intimidate|boost
|-unboost|p2a: Dragonite|atk|1
|turn|8
|
|t:|1757910578
|move|p2a: Dragonite|Iron Head|p1a: Granbull
|-supereffective|p1a: Granbull
|-damage|p1a: Granbull|33/100
|cant|p1a: Granbull|flinch
|
|-heal|p2a: Dragonite|80/100|[from] item: Leftovers
|-heal|p1a: Granbull|40/100|[from] item: Leftovers
|upkeep
|turn|9
|
|t:|1757910584
|move|p2a: Dragonite|Iron Head|p1a: Granbull
|-supereffective|p1a: Granbull
|-damage|p1a: Granbull|0 fnt
|faint|p1a: Granbull
|
|-heal|p2a: Dragonite|86/100|[from] item: Leftovers
|upkeep
|
|t:|1757910590
|switch|p1a: Mimikyu|Mimikyu, M|100/100
|turn|10
|
|t:|1757910592
|move|p2a: Dragonite|Iron Head|p1a: Mimikyu
|-activate|p1a: Mimikyu|ability: Disguise
|-damage|p1a: Mimikyu|100/100
|detailschange|p1a: Mimikyu|Mimikyu-Busted, M
|-damage|p1a: Mimikyu|88/100|[from] pokemon: Mimikyu-Busted
|move|p1a: Mimikyu|Swords Dance|p1a: Mimikyu
|-boost|p1a: Mimikyu|atk|2
|
|-heal|p2a: Dragonite|92/100|[from] item: Leftovers
|upkeep
|turn|11
|
|t:|1757910604
|move|p2a: Dragonite|Iron Head|p1a: Mimikyu
|-supereffective|p1a: Mimikyu
|-damage|p1a: Mimikyu|0 fnt
|faint|p1a: Mimikyu
|
|win|DrMira
|raw|kidgoku93040's rating: 1134 &rarr; <strong>1109</strong><br />(-25 for losing)
|raw|DrMira's rating: 1135 &rarr; <strong>1160</strong><br />(+25 for winning)
|l|☆DrMira
|player|p2|
|l|☆kidgoku93040
|player|p1|
