|j|☆upahouse
|j|☆RainingFlamigos
|t:|1757816265
|gametype|singles
|player|p1|upahouse|266|1550
|player|p2|RainingFlamigos|blue|1476
|gen|9
|tier|[Gen 9] OU
|rated|
|rule|HP Percentage Mod: HP is shown in percentages
|rule|Endless Battle Clause: Forcing endless battles is banned
|rule|Species Clause: Limit one of each Pokémon
|rule|OHKO Clause: OHKO moves are banned
|rule|Evasion Items Clause: Evasion items are banned
|rule|Evasion Moves Clause: Evasion moves are banned
|rule|Evasion Abilities Clause: Evasion abilities are banned
|rule|Sleep Moves Clause: Sleep-inducing moves are banned
|clearpoke
|poke|p1|Okidogi, M|
|poke|p1|Sinistcha|
|poke|p1|Great Tusk|
|poke|p1|Darkrai|
|poke|p1|Moltres|
|poke|p1|Iron Crown|
|poke|p2|Flamigo, M|
|poke|p2|Garganacl, F|
|poke|p2|Slowking-Galar, F|
|poke|p2|Great Tusk|
|poke|p2|Zapdos|
|poke|p2|Kingambit, M|
|teampreview
|inactive|Battle timer is ON: inactive players will automatically lose when time's up. (requested by RainingFlamigos)
|c|☆RainingFlamigos|Hf
|inactive|upahouse has 120 seconds left.
|
|t:|1757816297
|teamsize|p1|6
|teamsize|p2|6
|start
|switch|p1a: Iron Crown|Iron Crown|100/100
|switch|p2a: Garganacl|Garganacl, F|100/100
|turn|1
|
|t:|1757816306
|move|p2a: Garganacl|Protect|p2a: Garganacl
|-singleturn|p2a: Garganacl|Protect
|move|p1a: Iron Crown|Tachyon Cutter|p2a: Garganacl
|-activate|p2a: Garganacl|move: Protect
|
|upkeep
|turn|2
|
|t:|1757816311
|switch|p2a: Slowking|Slowking-Galar, F|100/100
|move|p1a: Iron Crown|Tachyon Cutter|p2a: Slowking
|-damage|p2a: Slowking|77/100
|-damage|p2a: Slowking|56/100
|-hitcount|p2a: Slowking|2
|
|upkeep
|turn|3
|inactive|upahouse has 120 seconds left.
|
|t:|1757816351
|switch|p2a: Zapdos|Zapdos|100/100
|move|p1a: Iron Crown|Tachyon Cutter|p2a: Zapdos
|-resisted|p2a: Zapdos
|-damage|p2a: Zapdos|81/100
|-resisted|p2a: Zapdos
|-damage|p2a: Zapdos|62/100
|-hitcount|p2a: Zapdos|2
|
|upkeep
|turn|4
|
|t:|1757816369
|-end|p1a: Iron Crown|Quark Drive|[silent]
|switch|p1a: Moltres|Moltres|100/100
|move|p2a: Zapdos|Roost|p2a: Zapdos
|-heal|p2a: Zapdos|100/100
|-singleturn|p2a: Zapdos|move: Roost
|
|upkeep
|turn|5
|
|t:|1757816376
|move|p2a: Zapdos|Discharge|p1a: Moltres
|-supereffective|p1a: Moltres
|-damage|p1a: Moltres|55/100
|-status|p1a: Moltres|par
|move|p1a: Moltres|U-turn|p2a: Zapdos
|-resisted|p2a: Zapdos
|-damage|p2a: Zapdos|96/100
|
|t:|1757816382
|switch|p1a: Darkrai|Darkrai|100/100|[from] U-turn
|
|upkeep
|turn|6
|
|t:|1757816387
|switch|p2a: Garganacl|Garganacl, F|100/100
|move|p1a: Darkrai|Nasty Plot|p1a: Darkrai
|-boost|p1a: Darkrai|spa|2
|
|upkeep
|turn|7
|
|t:|1757816391
|move|p1a: Darkrai|Dark Pulse|p2a: Garganacl
|-damage|p2a: Garganacl|45/100
|move|p2a: Garganacl|Salt Cure|p1a: Darkrai
|-damage|p1a: Darkrai|81/100
|-start|p1a: Darkrai|Salt Cure
|
|-heal|p2a: Garganacl|51/100|[from] item: Leftovers
|-damage|p1a: Darkrai|68/100|[from] Salt Cure
|upkeep
|turn|8
|
|t:|1757816400
|switch|p1a: Great Tusk|Great Tusk|100/100
|move|p2a: Garganacl|Protect||[still]
|-fail|p2a: Garganacl
|
|-heal|p2a: Garganacl|57/100|[from] item: Leftovers
|upkeep
|turn|9
|
|t:|1757816403
|switch|p2a: Zapdos|Zapdos|96/100
|move|p1a: Great Tusk|Stealth Rock|p2a: Zapdos
|-sidestart|p2: RainingFlamigos|move: Stealth Rock
|
|upkeep
|turn|10
|
|t:|1757816410
|-end|p1a: Great Tusk|Protosynthesis|[silent]
|switch|p1a: Iron Crown|Iron Crown|100/100
|move|p2a: Zapdos|U-turn|p1a: Iron Crown
|-crit|p1a: Iron Crown
|-damage|p1a: Iron Crown|80/100
|
|t:|1757816414
|switch|p2a: Kingambit|Kingambit, M|100/100|[from] U-turn
|-damage|p2a: Kingambit|95/100|[from] Stealth Rock
|
|-heal|p2a: Kingambit|100/100|[from] item: Leftovers
|upkeep
|turn|11
|
|t:|1757816424
|-end|p1a: Iron Crown|Quark Drive|[silent]
|switch|p1a: Okidogi|Okidogi, M|100/100
|move|p2a: Kingambit|Sucker Punch||[still]
|-fail|p2a: Kingambit
|
|upkeep
|turn|12
|
|t:|1757816451
|-end|p2a: Kingambit|fallenundefined|[silent]
|switch|p2a: Great Tusk|Great Tusk|100/100
|move|p1a: Okidogi|Knock Off|p2a: Great Tusk
|-resisted|p2a: Great Tusk
|-damage|p2a: Great Tusk|90/100
|-status|p2a: Great Tusk|tox|[from] ability: Toxic Chain|[of] p1a: Okidogi
|-enditem|p2a: Great Tusk|Heavy-Duty Boots|[from] move: Knock Off|[of] p1a: Okidogi
|
|-damage|p2a: Great Tusk|84/100 tox|[from] psn
|upkeep
|turn|13
|inactive|upahouse has 120 seconds left.
|
|t:|1757816466
|switch|p1a: Sinistcha|Sinistcha|100/100
|move|p2a: Great Tusk|Knock Off|p1a: Sinistcha
|-supereffective|p1a: Sinistcha
|-damage|p1a: Sinistcha|56/100
|-enditem|p1a: Sinistcha|Heavy-Duty Boots|[from] move: Knock Off|[of] p2a: Great Tusk
|
|-damage|p2a: Great Tusk|71/100 tox|[from] psn
|upkeep
|turn|14
|
|t:|1757816471
|-end|p2a: Great Tusk|Protosynthesis|[silent]
|switch|p2a: Slowking|Slowking-Galar, F|89/100
|move|p1a: Sinistcha|Strength Sap|p2a: Slowking
|-unboost|p2a: Slowking|atk|1
|-heal|p1a: Sinistcha|95/100
|
|upkeep
|turn|15
|
|t:|1757816480
|switch|p1a: Iron Crown|Iron Crown|80/100
|move|p2a: Slowking|Toxic|p1a: Iron Crown
|-immune|p1a: Iron Crown
|
|upkeep
|turn|16
|
|t:|1757816487
|move|p1a: Iron Crown|Volt Switch|p2a: Slowking
|-damage|p2a: Slowking|69/100
|
|t:|1757816491
|-end|p1a: Iron Crown|Quark Drive|[silent]
|switch|p1a: Great Tusk|Great Tusk|100/100|[from] Volt Switch
|-prepare|p2a: Slowking|Chilly Reception|[premajor]
|move|p2a: Slowking|Chilly Reception|p2a: Slowking
|-weather|Snowscape
|
|t:|1757816497
|switch|p2a: Zapdos|Zapdos|96/100|[from] Chilly Reception
|
|-weather|Snowscape|[upkeep]
|upkeep
|turn|17
|
|t:|1757816503
|-end|p1a: Great Tusk|Protosynthesis|[silent]
|switch|p1a: Iron Crown|Iron Crown|80/100
|move|p2a: Zapdos|Discharge|p1a: Iron Crown
|-damage|p1a: Iron Crown|46/100
|-status|p1a: Iron Crown|par
|
|-weather|Snowscape|[upkeep]
|upkeep
|turn|18
|
|t:|1757816507
|move|p2a: Zapdos|U-turn|p1a: Iron Crown
|-damage|p1a: Iron Crown|32/100 par
|
|t:|1757816510
|switch|p2a: Slowking|Slowking-Galar, F|100/100|[from] U-turn
|move|p1a: Iron Crown|Psychic Noise|p2a: Slowking
|-damage|p2a: Slowking|69/100
|-start|p2a: Slowking|move: Heal Block
|
|-weather|Snowscape|[upkeep]
|upkeep
|turn|19
|
|t:|1757816522
|-end|p1a: Iron Crown|Quark Drive|[silent]
|switch|p1a: Okidogi|Okidogi, M|100/100
|-prepare|p2a: Slowking|Chilly Reception|[premajor]
|move|p2a: Slowking|Chilly Reception|p2a: Slowking
|
|t:|1757816531
|switch|p2a: Zapdos|Zapdos|96/100|[from] Chilly Reception
|
|-weather|Snowscape|[upkeep]
|upkeep
|turn|20
|
|t:|1757816539
|move|p2a: Zapdos|Discharge|p1a: Okidogi
|-damage|p1a: Okidogi|80/100
|-status|p1a: Okidogi|par
|move|p1a: Okidogi|Knock Off|p2a: Zapdos
|-damage|p2a: Zapdos|72/100
|-enditem|p2a: Zapdos|Heavy-Duty Boots|[from] move: Knock Off|[of] p1a: Okidogi
|
|-weather|none
|upkeep
|turn|21
|
|t:|1757816550
|switch|p1a: Iron Crown|Iron Crown|32/100 par
|move|p2a: Zapdos|Hurricane|p1a: Iron Crown
|-resisted|p1a: Iron Crown
|-damage|p1a: Iron Crown|9/100 par
|
|upkeep
|turn|22
|
|t:|1757816559
|move|p2a: Zapdos|U-turn|p1a: Iron Crown
|-damage|p1a: Iron Crown|0 fnt
|faint|p1a: Iron Crown
|-end|p1a: Iron Crown|Quark Drive|[silent]
|
|t:|1757816579
|switch|p2a: Great Tusk|Great Tusk|71/100 tox|[from] U-turn
|-damage|p2a: Great Tusk|68/100 tox|[from] Stealth Rock
|
|-damage|p2a: Great Tusk|62/100 tox|[from] psn
|upkeep
|
|t:|1757816591
|switch|p1a: Darkrai|Darkrai|68/100
|turn|23
|
|t:|1757816598
|-end|p2a: Great Tusk|Protosynthesis|[silent]
|switch|p2a: Kingambit|Kingambit, M|100/100
|-damage|p2a: Kingambit|95/100|[from] Stealth Rock
|move|p1a: Darkrai|Ice Beam|p2a: Kingambit
|-resisted|p2a: Kingambit
|-damage|p2a: Kingambit|78/100
|-status|p2a: Kingambit|frz
|
|-heal|p2a: Kingambit|84/100 frz|[from] item: Leftovers
|upkeep
|turn|24
|
|t:|1757816610
|switch|p1a: Great Tusk|Great Tusk|100/100
|cant|p2a: Kingambit|frz
|
|-heal|p2a: Kingambit|90/100 frz|[from] item: Leftovers
|upkeep
|turn|25
|
|t:|1757816618
|-end|p2a: Kingambit|fallenundefined|[silent]
|switch|p2a: Mi Amigo <3|Flamigo, M, shiny|100/100
|-damage|p2a: Mi Amigo <3|88/100|[from] Stealth Rock
|move|p1a: Great Tusk|Ice Spinner|p2a: Mi Amigo <3
|-supereffective|p2a: Mi Amigo <3
|-damage|p2a: Mi Amigo <3|11/100
|
|upkeep
|turn|26
|
|t:|1757816632
|-end|p1a: Great Tusk|Protosynthesis|[silent]
|switch|p1a: Moltres|Moltres|55/100 par
|move|p2a: Mi Amigo <3|Roost|p2a: Mi Amigo <3
|-heal|p2a: Mi Amigo <3|61/100
|-singleturn|p2a: Mi Amigo <3|move: Roost
|
|upkeep
|turn|27
|
|t:|1757816639
|switch|p2a: Garganacl|Garganacl, F|57/100
|-damage|p2a: Garganacl|45/100|[from] Stealth Rock
|move|p1a: Moltres|U-turn|p2a: Garganacl
|-damage|p2a: Garganacl|34/100
|
|t:|1757816651
|switch|p1a: Great Tusk|Great Tusk|100/100|[from] U-turn
|
|-heal|p2a: Garganacl|40/100|[from] item: Leftovers
|upkeep
|turn|28
|
|t:|1757816657
|move|p2a: Garganacl|Protect|p2a: Garganacl
|-singleturn|p2a: Garganacl|Protect
|move|p1a: Great Tusk|Headlong Rush|p2a: Garganacl
|-activate|p2a: Garganacl|move: Protect
|
|-heal|p2a: Garganacl|46/100|[from] item: Leftovers
|upkeep
|turn|29
|
|t:|1757816662
|move|p1a: Great Tusk|Headlong Rush|p2a: Garganacl
|-supereffective|p2a: Garganacl
|-damage|p2a: Garganacl|0 fnt
|-unboost|p1a: Great Tusk|def|1
|-unboost|p1a: Great Tusk|spd|1
|faint|p2a: Garganacl
|
|upkeep
|
|t:|1757816668
|switch|p2a: Zapdos|Zapdos|72/100
|-damage|p2a: Zapdos|47/100|[from] Stealth Rock
|turn|30
|
|t:|1757816680
|-end|p1a: Great Tusk|Protosynthesis|[silent]
|switch|p1a: Moltres|Moltres|55/100 par
|move|p2a: Zapdos|Roost|p2a: Zapdos
|-heal|p2a: Zapdos|97/100
|-singleturn|p2a: Zapdos|move: Roost
|
|upkeep
|turn|31
|
|t:|1757816690
|move|p2a: Zapdos|Discharge|p1a: Moltres
|-supereffective|p1a: Moltres
|-damage|p1a: Moltres|8/100 par
|cant|p1a: Moltres|par
|
|upkeep
|turn|32
|
|t:|1757816697
|move|p2a: Zapdos|Discharge|p1a: Moltres
|-supereffective|p1a: Moltres
|-damage|p1a: Moltres|0 fnt
|faint|p1a: Moltres
|
|upkeep
|
|t:|1757816707
|switch|p1a: Okidogi|Okidogi, M|80/100 par
|turn|33
|
|t:|1757816710
|move|p2a: Zapdos|Hurricane|p1a: Okidogi
|-supereffective|p1a: Okidogi
|-damage|p1a: Okidogi|18/100 par
|-start|p1a: Okidogi|confusion
|-activate|p1a: Okidogi|confusion
|-damage|p1a: Okidogi|8/100 par|[from] confusion
|
|upkeep
|turn|34
|
|t:|1757816716
|move|p2a: Zapdos|Discharge|p1a: Okidogi
|-damage|p1a: Okidogi|0 fnt
|faint|p1a: Okidogi
|
|upkeep
|
|t:|1757816721
|switch|p1a: Darkrai|Darkrai|68/100
|turn|35
|
|t:|1757816727
|move|p1a: Darkrai|Ice Beam|p2a: Zapdos
|-supereffective|p2a: Zapdos
|-damage|p2a: Zapdos|39/100
|move|p2a: Zapdos|U-turn|p1a: Darkrai
|-supereffective|p1a: Darkrai
|-damage|p1a: Darkrai|34/100
|
|t:|1757816734
|switch|p2a: Mi Amigo <3|Flamigo, M, shiny|61/100|[from] U-turn
|-damage|p2a: Mi Amigo <3|49/100|[from] Stealth Rock
|
|upkeep
|turn|36
|
|t:|1757816740
|move|p2a: Mi Amigo <3|U-turn|p1a: Darkrai
|-supereffective|p1a: Darkrai
|-damage|p1a: Darkrai|0 fnt
|faint|p1a: Darkrai
|
|t:|1757816753
|switch|p2a: Kingambit|Kingambit, M|90/100 frz|[from] U-turn
|-damage|p2a: Kingambit|84/100 frz|[from] Stealth Rock
|-activate|p2a: Kingambit|ability: Supreme Overlord
|-start|p2a: Kingambit|fallen1|[silent]
|
|-heal|p2a: Kingambit|90/100 frz|[from] item: Leftovers
|upkeep
|
|t:|1757816758
|switch|p1a: Great Tusk|Great Tusk|100/100
|turn|37
|
|t:|1757816763
|move|p1a: Great Tusk|Rapid Spin|p2a: Kingambit
|-resisted|p2a: Kingambit
|-damage|p2a: Kingambit|83/100 frz
|-boost|p1a: Great Tusk|spe|1
|-curestatus|p2a: Kingambit|frz|[msg]
|move|p2a: Kingambit|Iron Head|p1a: Great Tusk
|-damage|p1a: Great Tusk|65/100
|
|-heal|p2a: Kingambit|89/100|[from] item: Leftovers
|upkeep
|turn|38
|
|t:|1757816773
|-terastallize|p2a: Kingambit|Flying
|move|p1a: Great Tusk|Headlong Rush|p2a: Kingambit
|-immune|p2a: Kingambit
|move|p2a: Kingambit|Swords Dance|p2a: Kingambit
|-boost|p2a: Kingambit|atk|2
|
|-heal|p2a: Kingambit|95/100|[from] item: Leftovers
|upkeep
|turn|39
|
|t:|1757816780
|-terastallize|p1a: Great Tusk|Steel
|move|p1a: Great Tusk|Ice Spinner|p2a: Kingambit
|-supereffective|p2a: Kingambit
|-damage|p2a: Kingambit|49/100
|move|p2a: Kingambit|Iron Head|p1a: Great Tusk
|-resisted|p1a: Great Tusk
|-damage|p1a: Great Tusk|26/100
|
|-heal|p2a: Kingambit|55/100|[from] item: Leftovers
|upkeep
|turn|40
|-message|upahouse forfeited.
|
|win|RainingFlamigos
|raw|upahouse's rating: 1550 &rarr; <strong>1526</strong><br />(-24 for losing)
|raw|RainingFlamigos's rating: 1476 &rarr; <strong>1500</strong><br />(+24 for winning)
|l|☆upahouse
|player|p1|
|l|☆RainingFlamigos
|player|p2|
