|j|☆Orbica
|j|☆goobinatorprime
|t:|1757929211
|gametype|singles
|player|p1|Orbica|doctor|1298
|player|p2|goobinatorprime|giovanni|1247
|gen|9
|tier|[Gen 9] OU
|rated|
|rule|HP Percentage Mod: HP is shown in percentages
|rule|Endless Battle Clause: Forcing endless battles is banned
|rule|Species Clause: Limit one of each Pokémon
|rule|OHKO Clause: OHKO moves are banned
|rule|Evasion Items Clause: Evasion items are banned
|rule|Evasion Moves Clause: Evasion moves are banned
|rule|Evasion Abilities Clause: Evasion abilities are banned
|rule|Sleep Moves Clause: Sleep-inducing moves are banned
|clearpoke
|poke|p1|Pelipper, F|
|poke|p1|Scizor, F|
|poke|p1|Kingdra, M|
|poke|p1|Porygon2|
|poke|p1|Rotom-Mow|
|poke|p1|Ogerpon-Wellspring, F|
|poke|p2|Glimmora, F|
|poke|p2|Serperior, M|
|poke|p2|Landorus-Therian, M|
|poke|p2|Conkeldurr, F|
|poke|p2|Gholdengo|
|poke|p2|Slowking-Galar, M|
|teampreview
|inactive|Battle timer is ON: inactive players will automatically lose when time's up. (requested by goobinatorprime)
|
|t:|1757929217
|teamsize|p1|6
|teamsize|p2|6
|start
|switch|p1a: Pelipper|Pelipper, F|100/100
|switch|p2a: Glimmora|Glimmora, F|100/100
|-weather|RainDance|[from] ability: Drizzle|[of] p1a: Pelipper
|turn|1
|
|t:|1757929220
|move|p2a: Glimmora|Stealth Rock|p1a: Pelipper
|-sidestart|p1: Orbica|move: Stealth Rock
|move|p1a: Pelipper|Hydro Pump|p2a: Glimmora
|-supereffective|p2a: Glimmora
|-enditem|p2a: Glimmora|Focus Sash
|-damage|p2a: Glimmora|1/100
|
|-weather|RainDance|[upkeep]
|upkeep
|turn|2
|
|t:|1757929230
|move|p2a: Glimmora|Power Gem|p1a: Pelipper
|-supereffective|p1a: Pelipper
|-damage|p1a: Pelipper|26/100
|-enditem|p1a: Pelipper|Eject Button
|
|t:|1757929235
|switch|p1a: Kingdra|Kingdra, M|100/100
|-damage|p1a: Kingdra|88/100|[from] Stealth Rock
|
|-weather|RainDance|[upkeep]
|upkeep
|turn|3
|
|t:|1757929243
|move|p1a: Kingdra|Surf|p2a: Glimmora
|-supereffective|p2a: Glimmora
|-damage|p2a: Glimmora|0 fnt
|faint|p2a: Glimmora
|
|-weather|RainDance|[upkeep]
|upkeep
|
|t:|1757929249
|switch|p2a: Slowking|Slowking-Galar, M|100/100
|turn|4
|
|t:|1757929258
|move|p1a: Kingdra|Surf|p2a: Slowking
|-damage|p2a: Slowking|51/100
|move|p2a: Slowking|Future Sight|p1a: Kingdra
|-start|p2a: Slowking|move: Future Sight
|
|-weather|RainDance|[upkeep]
|upkeep
|turn|5
|
|t:|1757929264
|move|p1a: Kingdra|Surf|p2a: Slowking
|-damage|p2a: Slowking|5/100
|-prepare|p2a: Slowking|Chilly Reception|[premajor]
|move|p2a: Slowking|Chilly Reception|p2a: Slowking
|-weather|Snowscape
|
|t:|1757929267
|switch|p2a: Serperior|Serperior, M, shiny|100/100|[from] Chilly Reception
|
|-weather|Snowscape|[upkeep]
|upkeep
|turn|6
|
|t:|1757929275
|switch|p1a: Porygon2|Porygon2|100/100
|-damage|p1a: Porygon2|88/100|[from] Stealth Rock
|-ability|p1a: Porygon2|Contrary|Trace|[from] ability: Trace|[of] p2a: Serperior
|move|p2a: Serperior|Leaf Storm|p1a: Porygon2
|-damage|p1a: Porygon2|62/100
|-boost|p2a: Serperior|spa|2
|
|-weather|Snowscape|[upkeep]
|-end|p1a: Porygon2|move: Future Sight
|-damage|p1a: Porygon2|37/100
|upkeep
|turn|7
|
|t:|1757929287
|move|p2a: Serperior|Leaf Storm|p1a: Porygon2
|-damage|p1a: Porygon2|0 fnt
|-boost|p2a: Serperior|spa|2
|faint|p1a: Porygon2
|
|-weather|Snowscape|[upkeep]
|upkeep
|
|t:|1757929300
|switch|p1a: Scizor|Scizor, F|100/100
|-damage|p1a: Scizor|88/100|[from] Stealth Rock
|turn|8
|
|t:|1757929309
|switch|p2a: Landorus|Landorus-Therian, M|100/100
|-ability|p2a: Landorus|Intimidate|boost
|-unboost|p1a: Scizor|atk|1
|move|p1a: Scizor|Bullet Punch|p2a: Landorus
|-damage|p2a: Landorus|75/100
|
|-weather|Snowscape|[upkeep]
|upkeep
|turn|9
|
|t:|1757929319
|switch|p1a: Pelipper|Pelipper, F|26/100
|-damage|p1a: Pelipper|1/100|[from] Stealth Rock
|-weather|RainDance|[from] ability: Drizzle|[of] p1a: Pelipper
|move|p2a: Landorus|U-turn|p1a: Pelipper
|-resisted|p1a: Pelipper
|-damage|p1a: Pelipper|0 fnt
|faint|p1a: Pelipper
|
|t:|1757929328
|switch|p2a: Slowking|Slowking-Galar, M|38/100|[from] U-turn
|
|-weather|RainDance|[upkeep]
|upkeep
|
|t:|1757929334
|switch|p1a: Ogerpon|Ogerpon-Wellspring, F|100/100
|-damage|p1a: Ogerpon|88/100|[from] Stealth Rock
|turn|10
|
|t:|1757929341
|switch|p2a: Landorus|Landorus-Therian, M|75/100
|-ability|p2a: Landorus|Intimidate|boost
|-unboost|p1a: Ogerpon|atk|1
|-terastallize|p1a: Ogerpon|Water
|detailschange|p1a: Ogerpon|Ogerpon-Wellspring-Tera, F, tera:Water
|-ability|p1a: Ogerpon|Embody Aspect (Wellspring)|boost
|-boost|p1a: Ogerpon|spd|1
|move|p1a: Ogerpon|Ivy Cudgel|p2a: Landorus|[anim] Ivy Cudgel Water
|-supereffective|p2a: Landorus
|-damage|p2a: Landorus|0 fnt
|faint|p2a: Landorus
|
|-weather|RainDance|[upkeep]
|upkeep
|
|t:|1757929344
|switch|p2a: Serperior|Serperior, M, shiny|100/100
|turn|11
|
|t:|1757929365
|switch|p1a: Scizor|Scizor, F|88/100
|-damage|p1a: Scizor|75/100|[from] Stealth Rock
|-terastallize|p2a: Serperior|Stellar
|move|p2a: Serperior|Tera Blast|p1a: Scizor|[anim] Tera Blast Stellar
|-damage|p1a: Scizor|38/100
|-boost|p2a: Serperior|atk|1
|-boost|p2a: Serperior|spa|1
|-enditem|p1a: Scizor|Sitrus Berry|[eat]
|-heal|p1a: Scizor|63/100|[from] item: Sitrus Berry
|
|-weather|RainDance|[upkeep]
|upkeep
|turn|12
|
|t:|1757929374
|switch|p2a: Gholdengo|Gholdengo|100/100
|move|p1a: Scizor|Bullet Punch|p2a: Gholdengo
|-resisted|p2a: Gholdengo
|-crit|p2a: Gholdengo
|-damage|p2a: Gholdengo|69/100
|
|-weather|RainDance|[upkeep]
|upkeep
|turn|13
|
|t:|1757929379
|move|p2a: Gholdengo|Shadow Ball|p1a: Scizor
|-damage|p1a: Scizor|10/100
|move|p1a: Scizor|Knock Off|p2a: Gholdengo
|-supereffective|p2a: Gholdengo
|-damage|p2a: Gholdengo|0 fnt
|-enditem|p2a: Gholdengo|Choice Scarf|[from] move: Knock Off|[of] p1a: Scizor
|faint|p2a: Gholdengo
|
|-weather|none
|upkeep
|
|t:|1757929384
|switch|p2a: Serperior|Serperior, M, shiny, tera:Stellar|100/100
|turn|14
|
|t:|1757929393
|move|p1a: Scizor|Bullet Punch|p2a: Serperior
|-damage|p2a: Serperior|57/100
|move|p2a: Serperior|Tera Blast|p1a: Scizor|[anim] Tera Blast Stellar
|-damage|p1a: Scizor|0 fnt
|-boost|p2a: Serperior|atk|1
|-boost|p2a: Serperior|spa|1
|faint|p1a: Scizor
|
|-heal|p2a: Serperior|63/100|[from] item: Leftovers
|upkeep
|
|t:|1757929406
|switch|p1a: Rotom|Rotom-Mow|100/100
|-damage|p1a: Rotom|88/100|[from] Stealth Rock
|turn|15
|
|t:|1757929421
|move|p1a: Rotom|Volt Switch|p2a: Serperior
|-resisted|p2a: Serperior
|-damage|p2a: Serperior|42/100
|
|t:|1757929424
|switch|p1a: Kingdra|Kingdra, M|88/100|[from] Volt Switch
|-damage|p1a: Kingdra|76/100|[from] Stealth Rock
|move|p2a: Serperior|Substitute|p2a: Serperior
|-start|p2a: Serperior|Substitute
|-damage|p2a: Serperior|18/100
|
|-heal|p2a: Serperior|24/100|[from] item: Leftovers
|upkeep
|turn|16
|
|t:|1757929453
|move|p2a: Serperior|Tera Blast|p1a: Kingdra|[anim] Tera Blast Stellar
|-damage|p1a: Kingdra|32/100
|-boost|p2a: Serperior|atk|1
|-boost|p2a: Serperior|spa|1
|move|p1a: Kingdra|Ice Beam|p2a: Serperior
|-supereffective|p2a: Serperior
|-end|p2a: Serperior|Substitute
|
|-heal|p2a: Serperior|30/100|[from] item: Leftovers
|upkeep
|turn|17
|
|t:|1757929464
|move|p2a: Serperior|Tera Blast|p1a: Kingdra|[anim] Tera Blast Stellar
|-damage|p1a: Kingdra|0 fnt
|-boost|p2a: Serperior|atk|1
|-boost|p2a: Serperior|spa|1
|faint|p1a: Kingdra
|
|-heal|p2a: Serperior|36/100|[from] item: Leftovers
|upkeep
|
|t:|1757929467
|switch|p1a: Rotom|Rotom-Mow|88/100
|-damage|p1a: Rotom|76/100|[from] Stealth Rock
|turn|18
|
|t:|1757929481
|move|p1a: Rotom|Dark Pulse|p2a: Serperior
|-damage|p2a: Serperior|4/100
|move|p2a: Serperior|Tera Blast|p1a: Rotom|[anim] Tera Blast Stellar
|-damage|p1a: Rotom|0 fnt
|-boost|p2a: Serperior|atk|1
|-boost|p2a: Serperior|spa|1
|faint|p1a: Rotom
|
|-heal|p2a: Serperior|10/100|[from] item: Leftovers
|upkeep
|
|t:|1757929486
|switch|p1a: Ogerpon|Ogerpon-Wellspring-Tera, F, tera:Water|88/100
|-damage|p1a: Ogerpon|76/100|[from] Stealth Rock
|-ability|p1a: Ogerpon|Embody Aspect (Wellspring)|boost
|-boost|p1a: Ogerpon|spd|1
|turn|19
|
|t:|1757929489
|move|p2a: Serperior|Tera Blast|p1a: Ogerpon|[anim] Tera Blast Stellar
|-supereffective|p1a: Ogerpon
|-damage|p1a: Ogerpon|0 fnt
|-boost|p2a: Serperior|atk|1
|-boost|p2a: Serperior|spa|1
|faint|p1a: Ogerpon
|detailschange|p1: Ogerpon|Ogerpon-Wellspring, F|[silent]
|
|win|goobinatorprime
|raw|Orbica's rating: 1298 &rarr; <strong>1269</strong><br />(-29 for losing)
|raw|goobinatorprime's rating: 1247 &rarr; <strong>1276</strong><br />(+29 for winning)
|l|☆Orbica
|player|p1|
|l|☆goobinatorprime
|player|p2|
