|j|☆chewsgoose
|j|☆dropadracooneahead
|t:|1757950405
|gametype|singles
|player|p1|chewsgoose|firebreather|1334
|player|p2|dropadracooneahead|102|1268
|gen|9
|tier|[Gen 9] OU
|rated|
|rule|HP Percentage Mod: HP is shown in percentages
|rule|Endless Battle Clause: Forcing endless battles is banned
|rule|Species Clause: Limit one of each Pokémon
|rule|OHKO Clause: OHKO moves are banned
|rule|Evasion Items Clause: Evasion items are banned
|rule|Evasion Moves Clause: Evasion moves are banned
|rule|Evasion Abilities Clause: Evasion abilities are banned
|rule|Sleep Moves Clause: Sleep-inducing moves are banned
|clearpoke
|poke|p1|Araquanid, M|
|poke|p1|Gholdengo|
|poke|p1|Enamorus, F|
|poke|p1|Raging Bolt|
|poke|p1|Samurott-Hisui, M|
|poke|p1|Gliscor, F|
|poke|p2|Kyurem|
|poke|p2|Tauros, M|
|poke|p2|Swampert, M|
|poke|p2|Emboar, M|
|poke|p2|Scizor, M|
|poke|p2|Kingambit, F|
|teampreview
|
|t:|1757950411
|teamsize|p1|6
|teamsize|p2|6
|start
|switch|p1a: Araquanid|Araquanid, M|100/100
|switch|p2a: Swampert|Swampert, M|100/100
|turn|1
|inactive|Battle timer is ON: inactive players will automatically lose when time's up. (requested by chewsgoose)
|
|t:|1757950416
|move|p2a: Swampert|Stealth Rock|p1a: Araquanid
|-sidestart|p1: chewsgoose|move: Stealth Rock
|move|p1a: Araquanid|Sticky Web|p2a: Swampert
|-sidestart|p2: dropadracooneahead|move: Sticky Web
|
|upkeep
|turn|2
|
|t:|1757950421
|move|p2a: Swampert|Knock Off|p1a: Araquanid
|-damage|p1a: Araquanid|68/100
|-enditem|p1a: Araquanid|Custap Berry|[from] move: Knock Off|[of] p2a: Swampert
|move|p1a: Araquanid|Liquidation|p2a: Swampert
|-damage|p2a: Swampert|43/100
|
|-heal|p2a: Swampert|50/100|[from] item: Leftovers
|upkeep
|turn|3
|
|t:|1757950434
|switch|p2a: Tauros|Tauros, M|100/100
|-activate|p2a: Tauros|move: Sticky Web
|-unboost|p2a: Tauros|spe|1
|-ability|p2a: Tauros|Intimidate|boost
|-unboost|p1a: Araquanid|atk|1
|move|p1a: Araquanid|Liquidation|p2a: Tauros
|-damage|p2a: Tauros|46/100
|
|upkeep
|turn|4
|
|t:|1757950442
|move|p2a: Tauros|Double-Edge|p1a: Araquanid
|-damage|p1a: Araquanid|0 fnt
|faint|p1a: Araquanid
|-damage|p2a: Tauros|20/100|[from] Recoil
|
|upkeep
|
|t:|1757950448
|switch|p1a: Samurott|Samurott-Hisui, M|100/100
|-damage|p1a: Samurott|88/100|[from] Stealth Rock
|turn|5
|
|t:|1757950459
|switch|p2a: Swampert|Swampert, M|50/100
|-activate|p2a: Swampert|move: Sticky Web
|-unboost|p2a: Swampert|spe|1
|move|p1a: Samurott|Ceaseless Edge|p2a: Swampert
|-damage|p2a: Swampert|11/100
|-sidestart|p2: dropadracooneahead|Spikes
|
|-heal|p2a: Swampert|17/100|[from] item: Leftovers
|upkeep
|turn|6
|
|t:|1757950471
|move|p1a: Samurott|Aqua Cutter|p2a: Swampert
|-damage|p2a: Swampert|0 fnt
|faint|p2a: Swampert
|
|upkeep
|
|t:|1757950475
|switch|p2a: Scizor|Scizor, M|100/100
|-activate|p2a: Scizor|move: Sticky Web
|-unboost|p2a: Scizor|spe|1
|-damage|p2a: Scizor|88/100|[from] Spikes
|turn|7
|
|t:|1757950484
|move|p1a: Samurott|Aqua Cutter|p2a: Scizor
|-damage|p2a: Scizor|27/100
|move|p2a: Scizor|Defog|p1a: Samurott
|-unboost|p1a: Samurott|evasion|1
|-sideend|p1: chewsgoose|Stealth Rock|[from] move: Defog|[of] p2a: Scizor
|-sideend|p2: dropadracooneahead|Spikes|[from] move: Defog|[of] p2a: Scizor
|-sideend|p2: dropadracooneahead|Sticky Web|[from] move: Defog|[of] p2a: Scizor
|
|-heal|p2a: Scizor|33/100|[from] item: Leftovers
|upkeep
|turn|8
|
|t:|1757950496
|switch|p2a: Kyurem|Kyurem|100/100
|-ability|p2a: Kyurem|Pressure
|move|p1a: Samurott|Ceaseless Edge|p2a: Kyurem
|-damage|p2a: Kyurem|57/100
|-sidestart|p2: dropadracooneahead|Spikes
|
|upkeep
|turn|9
|
|t:|1757950503
|move|p2a: Kyurem|Draco Meteor|p1a: Samurott
|-damage|p1a: Samurott|0 fnt
|-unboost|p2a: Kyurem|spa|2
|faint|p1a: Samurott
|
|upkeep
|
|t:|1757950511
|switch|p1a: Enamorus|Enamorus, F|100/100
|turn|10
|
|t:|1757950516
|switch|p2a: Tauros|Tauros, M|20/100
|-damage|p2a: Tauros|7/100|[from] Spikes
|-ability|p2a: Tauros|Intimidate|boost
|-boost|p1a: Enamorus|atk|1
|move|p1a: Enamorus|Moonblast|p2a: Tauros
|-damage|p2a: Tauros|0 fnt
|faint|p2a: Tauros
|-damage|p1a: Enamorus|91/100|[from] item: Life Orb
|
|upkeep
|
|t:|1757950527
|switch|p2a: Scizor|Scizor, M|33/100
|-damage|p2a: Scizor|21/100|[from] Spikes
|turn|11
|
|t:|1757950535
|-terastallize|p1a: Enamorus|Ground
|move|p2a: Scizor|Bullet Punch|p1a: Enamorus
|-damage|p1a: Enamorus|31/100
|move|p1a: Enamorus|Mystical Fire|p2a: Scizor
|-supereffective|p2a: Scizor
|-damage|p2a: Scizor|0 fnt
|faint|p2a: Scizor
|-damage|p1a: Enamorus|22/100|[from] item: Life Orb
|
|upkeep
|inactive|dropadracooneahead has 120 seconds left.
|
|t:|1757950589
|switch|p2a: Kyurem|Kyurem|57/100
|-damage|p2a: Kyurem|44/100|[from] Spikes
|-ability|p2a: Kyurem|Pressure
|turn|12
|
|t:|1757950596
|move|p2a: Kyurem|Freeze-Dry|p1a: Enamorus
|-supereffective|p1a: Enamorus
|-damage|p1a: Enamorus|0 fnt
|faint|p1a: Enamorus
|
|upkeep
|
|t:|1757950600
|switch|p1a: Gholdengo|Gholdengo|100/100
|turn|13
|
|t:|1757950604
|switch|p2a: Emboar|Emboar, M|100/100
|switch|p1a: Gliscor|Gliscor, F|100/100
|
|-status|p1a: Gliscor|tox|[from] item: Toxic Orb
|upkeep
|turn|14
|
|t:|1757950620
|move|p1a: Gliscor|Earthquake|p2a: Emboar
|-supereffective|p2a: Emboar
|-damage|p2a: Emboar|0 fnt
|faint|p2a: Emboar
|
|upkeep
|
|t:|1757950626
|switch|p2a: Kyurem|Kyurem|44/100
|-damage|p2a: Kyurem|32/100|[from] Spikes
|-ability|p2a: Kyurem|Pressure
|turn|15
|
|t:|1757950629
|move|p1a: Gliscor|Protect|p1a: Gliscor
|-singleturn|p1a: Gliscor|Protect
|move|p2a: Kyurem|Freeze-Dry|p1a: Gliscor
|-activate|p1a: Gliscor|move: Protect
|
|upkeep
|turn|16
|
|t:|1757950634
|switch|p2a: Kingambit|Kingambit, F|100/100
|-damage|p2a: Kingambit|88/100|[from] Spikes
|-activate|p2a: Kingambit|ability: Supreme Overlord
|-start|p2a: Kingambit|fallen4|[silent]
|switch|p1a: Gholdengo|Gholdengo|100/100
|
|upkeep
|turn|17
|
|t:|1757950645
|switch|p1a: Raging Bolt|Raging Bolt|100/100
|-enditem|p1a: Raging Bolt|Booster Energy
|-activate|p1a: Raging Bolt|ability: Protosynthesis|[fromitem]
|-start|p1a: Raging Bolt|protosynthesisspa
|move|p2a: Kingambit|Kowtow Cleave|p1a: Raging Bolt
|-damage|p1a: Raging Bolt|27/100
|
|upkeep
|turn|18
|
|t:|1757950653
|move|p2a: Kingambit|Sucker Punch|p1a: Raging Bolt
|-damage|p1a: Raging Bolt|0 fnt
|faint|p1a: Raging Bolt
|-end|p1a: Raging Bolt|Protosynthesis|[silent]
|
|upkeep
|
|t:|1757950656
|switch|p1a: Gliscor|Gliscor, F|100/100 tox
|turn|19
|
|t:|1757950661
|-terastallize|p2a: Kingambit|Dark
|move|p1a: Gliscor|Earthquake|p2a: Kingambit
|-damage|p2a: Kingambit|57/100
|move|p2a: Kingambit|Kowtow Cleave|p1a: Gliscor
|-damage|p1a: Gliscor|0 fnt
|faint|p1a: Gliscor
|
|upkeep
|-message|chewsgoose forfeited.
|
|win|dropadracooneahead
|raw|chewsgoose's rating: 1334 &rarr; <strong>1310</strong><br />(-24 for losing)
|raw|dropadracooneahead's rating: 1268 &rarr; <strong>1298</strong><br />(+30 for winning)
|l|☆chewsgoose
|player|p1|
|l|☆dropadracooneahead
|player|p2|
