|j|☆0zack0
|j|☆Skel13
|t:|1757795044
|gametype|singles
|player|p1|0zack0|2|1196
|player|p2|Skel13|policeman-gen4|1226
|gen|9
|tier|[Gen 9] OU
|rated|
|rule|HP Percentage Mod: HP is shown in percentages
|rule|Endless Battle Clause: Forcing endless battles is banned
|rule|Species Clause: Limit one of each Pokémon
|rule|OHKO Clause: OHKO moves are banned
|rule|Evasion Items Clause: Evasion items are banned
|rule|Evasion Moves Clause: Evasion moves are banned
|rule|Evasion Abilities Clause: Evasion abilities are banned
|rule|Sleep Moves Clause: Sleep-inducing moves are banned
|clearpoke
|poke|p1|Ogerpon-Wellspring, F|
|poke|p1|Kingambit, M|
|poke|p1|Landorus-Therian, M|
|poke|p1|Glimmora, M|
|poke|p1|Dragapult, M|
|poke|p1|Iron Valiant|
|poke|p2|Inteleon, M|
|poke|p2|Blastoise, F|
|poke|p2|Dragapult, M|
|poke|p2|Clawitzer, F|
|poke|p2|Kingambit, M|
|poke|p2|Iron Valiant|
|teampreview
|
|t:|1757795050
|teamsize|p1|6
|teamsize|p2|6
|start
|switch|p1a: Landorus|Landorus-Therian, M|100/100
|switch|p2a: O Bella ciao|Blastoise, F|100/100
|-ability|p1a: Landorus|Intimidate|boost
|-unboost|p2a: O Bella ciao|atk|1
|turn|1
|
|t:|1757795077
|move|p1a: Landorus|U-turn|p2a: O Bella ciao
|-damage|p2a: O Bella ciao|78/100
|
|t:|1757795092
|switch|p1a: Dragapult|Dragapult, M|100/100|[from] U-turn
|move|p2a: O Bella ciao|Hydro Pump|p1a: Dragapult
|-resisted|p1a: Dragapult
|-damage|p1a: Dragapult|66/100
|
|upkeep
|turn|2
|
|t:|1757795107
|move|p1a: Dragapult|Shadow Ball|p2a: O Bella ciao
|-damage|p2a: O Bella ciao|47/100
|-unboost|p2a: O Bella ciao|spd|1
|move|p2a: O Bella ciao|Ice Beam|p1a: Dragapult
|-supereffective|p1a: Dragapult
|-damage|p1a: Dragapult|0 fnt
|faint|p1a: Dragapult
|
|upkeep
|
|t:|1757795116
|switch|p1a: Ogerpon|Ogerpon-Wellspring, F|100/100
|turn|3
|
|t:|1757795127
|switch|p2a: Notices Buldge OWO|Iron Valiant|100/100
|move|p1a: Ogerpon|Horn Leech|p2a: Notices Buldge OWO
|-damage|p2a: Notices Buldge OWO|40/100
|
|upkeep
|turn|4
|
|t:|1757795151
|switch|p1a: Landorus|Landorus-Therian, M|100/100
|-ability|p1a: Landorus|Intimidate|boost
|-unboost|p2a: Notices Buldge OWO|atk|1
|move|p2a: Notices Buldge OWO|Drain Punch|p1a: Landorus
|-resisted|p1a: Landorus
|-damage|p1a: Landorus|89/100
|-heal|p2a: Notices Buldge OWO|48/100|[from] drain|[of] p1a: Landorus
|-damage|p2a: Notices Buldge OWO|32/100|[from] item: Rocky Helmet|[of] p1a: Landorus
|
|upkeep
|turn|5
|
|t:|1757795168
|move|p2a: Notices Buldge OWO|Ice Punch|p1a: Landorus
|-supereffective|p1a: Landorus
|-damage|p1a: Landorus|3/100
|-damage|p2a: Notices Buldge OWO|15/100|[from] item: Rocky Helmet|[of] p1a: Landorus
|move|p1a: Landorus|Stealth Rock|p2a: Notices Buldge OWO
|-sidestart|p2: Skel13|move: Stealth Rock
|
|upkeep
|turn|6
|
|t:|1757795219
|move|p2a: Notices Buldge OWO|Spirit Break|p1a: Landorus
|-damage|p1a: Landorus|0 fnt
|-damage|p2a: Notices Buldge OWO|0 fnt|[from] item: Rocky Helmet|[of] p1a: Landorus
|faint|p1a: Landorus
|faint|p2a: Notices Buldge OWO
|-end|p2a: Notices Buldge OWO|Quark Drive|[silent]
|
|upkeep
|
|t:|1757795251
|switch|p2a: Delay Deny Defend|Inteleon, M|100/100
|switch|p1a: Iron Valiant|Iron Valiant|100/100
|-damage|p2a: Delay Deny Defend|88/100|[from] Stealth Rock
|-enditem|p1a: Iron Valiant|Booster Energy
|-activate|p1a: Iron Valiant|ability: Quark Drive|[fromitem]
|-start|p1a: Iron Valiant|quarkdrivespe
|turn|7
|inactive|Battle timer is ON: inactive players will automatically lose when time's up. (requested by Skel13)
|
|t:|1757795303
|move|p1a: Iron Valiant|Spirit Break|p2a: Delay Deny Defend
|-damage|p2a: Delay Deny Defend|15/100
|-unboost|p2a: Delay Deny Defend|spa|1
|move|p2a: Delay Deny Defend|Liquidation|p1a: Iron Valiant
|-damage|p1a: Iron Valiant|66/100
|-unboost|p1a: Iron Valiant|def|1
|
|upkeep
|turn|8
|
|t:|1757795316
|move|p1a: Iron Valiant|Knock Off|p2a: Delay Deny Defend
|-damage|p2a: Delay Deny Defend|0 fnt
|-enditem|p2a: Delay Deny Defend|Scope Lens|[from] move: Knock Off|[of] p1a: Iron Valiant
|faint|p2a: Delay Deny Defend
|
|upkeep
|
|t:|1757795321
|switch|p2a: hey fascist CATCH!|Dragapult, M|100/100
|-damage|p2a: hey fascist CATCH!|88/100|[from] Stealth Rock
|turn|9
|
|t:|1757795335
|move|p1a: Iron Valiant|Knock Off|p2a: hey fascist CATCH!
|-supereffective|p2a: hey fascist CATCH!
|-damage|p2a: hey fascist CATCH!|0 fnt
|-enditem|p2a: hey fascist CATCH!|Focus Sash|[from] move: Knock Off|[of] p1a: Iron Valiant
|faint|p2a: hey fascist CATCH!
|
|upkeep
|
|t:|1757795340
|switch|p2a: u read This ur GAY|Clawitzer, F|100/100
|-damage|p2a: u read This ur GAY|88/100|[from] Stealth Rock
|turn|10
|
|t:|1757795367
|move|p1a: Iron Valiant|Spirit Break|p2a: u read This ur GAY
|-damage|p2a: u read This ur GAY|42/100
|-unboost|p2a: u read This ur GAY|spa|1
|move|p2a: u read This ur GAY|Water Pulse|p1a: Iron Valiant
|-damage|p1a: Iron Valiant|5/100
|
|upkeep
|turn|11
|
|t:|1757795375
|move|p1a: Iron Valiant|Spirit Break|p2a: u read This ur GAY
|-damage|p2a: u read This ur GAY|2/100
|-unboost|p2a: u read This ur GAY|spa|1
|move|p2a: u read This ur GAY|Water Pulse|p1a: Iron Valiant
|-damage|p1a: Iron Valiant|0 fnt
|faint|p1a: Iron Valiant
|-end|p1a: Iron Valiant|Quark Drive|[silent]
|
|upkeep
|
|t:|1757795383
|switch|p1a: Ogerpon|Ogerpon-Wellspring, F|100/100
|turn|12
|
|t:|1757795391
|move|p1a: Ogerpon|Horn Leech|p2a: u read This ur GAY
|-supereffective|p2a: u read This ur GAY
|-damage|p2a: u read This ur GAY|0 fnt
|faint|p2a: u read This ur GAY
|
|upkeep
|
|t:|1757795397
|switch|p2a: Sh*t|Kingambit, M|100/100
|-damage|p2a: Sh*t|94/100|[from] Stealth Rock
|-activate|p2a: Sh*t|ability: Supreme Overlord
|-start|p2a: Sh*t|fallen4|[silent]
|turn|13
|
|t:|1757795417
|-terastallize|p1a: Ogerpon|Water
|detailschange|p1a: Ogerpon|Ogerpon-Wellspring-Tera, F, tera:Water
|-ability|p1a: Ogerpon|Embody Aspect (Wellspring)|boost
|-boost|p1a: Ogerpon|spd|1
|move|p1a: Ogerpon|Ivy Cudgel|p2a: Sh*t|[anim] Ivy Cudgel Water
|-damage|p2a: Sh*t|40/100
|move|p2a: Sh*t|Poison Jab|p1a: Ogerpon
|-damage|p1a: Ogerpon|48/100
|
|upkeep
|turn|14
|
|t:|1757795432
|move|p1a: Ogerpon|Ivy Cudgel|p2a: Sh*t|[anim] Ivy Cudgel Water
|-damage|p2a: Sh*t|0 fnt
|faint|p2a: Sh*t
|-end|p2a: Sh*t|fallen4|[silent]
|
|upkeep
|
|t:|1757795437
|switch|p2a: O Bella ciao|Blastoise, F|47/100
|-damage|p2a: O Bella ciao|34/100|[from] Stealth Rock
|turn|15
|
|t:|1757795445
|-terastallize|p2a: O Bella ciao|Water
|move|p1a: Ogerpon|Horn Leech|p2a: O Bella ciao
|-supereffective|p2a: O Bella ciao
|-damage|p2a: O Bella ciao|0 fnt
|-heal|p1a: Ogerpon|68/100|[from] drain|[of] p2a: O Bella ciao
|faint|p2a: O Bella ciao
|
|win|0zack0
|raw|0zack0's rating: 1196 &rarr; <strong>1223</strong><br />(+27 for winning)
|raw|Skel13's rating: 1226 &rarr; <strong>1199</strong><br />(-27 for losing)
|l|☆Skel13
|player|p2|
|c|☆0zack0|bg
|l|☆0zack0
|player|p1|
