|j|☆sir_miestro
|j|☆ratrotation
|t:|1757868402
|gametype|singles
|player|p1|sir_miestro|blackbelt-gen4dp|1255
|player|p2|ratrotation|pokemaniac|1223
|gen|9
|tier|[Gen 9] OU
|rated|
|rule|HP Percentage Mod: HP is shown in percentages
|rule|Endless Battle Clause: Forcing endless battles is banned
|rule|Species Clause: Limit one of each Pokémon
|rule|OHKO Clause: OHKO moves are banned
|rule|Evasion Items Clause: Evasion items are banned
|rule|Evasion Moves Clause: Evasion moves are banned
|rule|Evasion Abilities Clause: Evasion abilities are banned
|rule|Sleep Moves Clause: Sleep-inducing moves are banned
|clearpoke
|poke|p1|Regice|
|poke|p1|Regigigas|
|poke|p1|Regirock|
|poke|p1|Registeel|
|poke|p1|Regidrago|
|poke|p1|Corviknight, F|
|poke|p2|Pecharunt|
|poke|p2|Heatran, M|
|poke|p2|Primarina, M|
|poke|p2|Great Tusk|
|poke|p2|Scizor, M|
|poke|p2|Dragonite, F|
|teampreview
|inactive|Battle timer is ON: inactive players will automatically lose when time's up. (requested by sir_miestro)
|
|t:|1757868411
|teamsize|p1|6
|teamsize|p2|6
|start
|switch|p1a: Registeel|Registeel|100/100
|switch|p2a: Primarina|Primarina, M, shiny|100/100
|turn|1
|
|t:|1757868416
|move|p2a: Primarina|Calm Mind|p2a: Primarina
|-boost|p2a: Primarina|spa|1
|-boost|p2a: Primarina|spd|1
|move|p1a: Registeel|Thunder Wave|p2a: Primarina
|-status|p2a: Primarina|par
|
|upkeep
|turn|2
|
|t:|1757868422
|move|p1a: Registeel|Stealth Rock|p2a: Primarina
|-sidestart|p2: ratrotation|move: Stealth Rock
|cant|p2a: Primarina|par
|
|upkeep
|turn|3
|
|t:|1757868426
|move|p1a: Registeel|Iron Head|p2a: Primarina
|-damage|p2a: Primarina|77/100 par
|cant|p2a: Primarina|flinch
|
|-heal|p2a: Primarina|83/100 par|[from] item: Leftovers
|upkeep
|turn|4
|
|t:|1757868432
|move|p1a: Registeel|Iron Head|p2a: Primarina
|-damage|p2a: Primarina|59/100 par
|move|p2a: Primarina|Calm Mind|p2a: Primarina
|-boost|p2a: Primarina|spa|1
|-boost|p2a: Primarina|spd|1
|
|-heal|p2a: Primarina|65/100 par|[from] item: Leftovers
|upkeep
|turn|5
|
|t:|1757868448
|move|p1a: Registeel|Iron Head|p2a: Primarina
|-damage|p2a: Primarina|37/100 par
|cant|p2a: Primarina|flinch
|
|-heal|p2a: Primarina|43/100 par|[from] item: Leftovers
|upkeep
|turn|6
|
|t:|1757868456
|switch|p2a: Heatran|Heatran, M, shiny|100/100
|-damage|p2a: Heatran|88/100|[from] Stealth Rock
|move|p1a: Registeel|Iron Head|p2a: Heatran
|-resisted|p2a: Heatran
|-damage|p2a: Heatran|84/100
|
|upkeep
|turn|7
|
|t:|1757868468
|switch|p1a: Regirock|Regirock|100/100
|move|p2a: Heatran|Magma Storm|p1a: Regirock
|-resisted|p1a: Regirock
|-damage|p1a: Regirock|76/100
|-activate|p1a: Regirock|move: Magma Storm|[of] p2a: Heatran
|
|-damage|p1a: Regirock|64/100|[from] move: Magma Storm|[partiallytrapped]
|upkeep
|turn|8
|
|t:|1757868481
|switch|p2a: Scizor|Scizor, M|100/100
|-damage|p2a: Scizor|88/100|[from] Stealth Rock
|move|p1a: Regirock|Thunder Wave|p2a: Scizor
|-status|p2a: Scizor|par
|
|-end|p1a: Regirock|Magma Storm|[partiallytrapped]|[silent]
|upkeep
|turn|9
|
|t:|1757868489
|switch|p1a: Corviknight|Corviknight, F|100/100
|-ability|p1a: Corviknight|Pressure
|move|p2a: Scizor|Bullet Punch|p1a: Corviknight
|-resisted|p1a: Corviknight
|-damage|p1a: Corviknight|84/100
|-damage|p2a: Scizor|72/100 par|[from] item: Rocky Helmet|[of] p1a: Corviknight
|
|upkeep
|turn|10
|
|t:|1757868498
|switch|p2a: Heatran|Heatran, M, shiny|84/100
|-damage|p2a: Heatran|71/100|[from] Stealth Rock
|move|p1a: Corviknight|U-turn|p2a: Heatran
|-resisted|p2a: Heatran
|-damage|p2a: Heatran|68/100
|
|t:|1757868502
|switch|p1a: Regirock|Regirock|64/100|[from] U-turn
|
|upkeep
|turn|11
|
|t:|1757868508
|move|p2a: Heatran|Earth Power|p1a: Regirock
|-supereffective|p1a: Regirock
|-damage|p1a: Regirock|0 fnt
|faint|p1a: Regirock
|
|upkeep
|
|t:|1757868521
|switch|p1a: Regidrago|Regidrago|100/100
|turn|12
|
|t:|1757868527
|move|p1a: Regidrago|Earth Power|p2a: Heatran
|-supereffective|p2a: Heatran
|-crit|p2a: Heatran
|-damage|p2a: Heatran|0 fnt
|faint|p2a: Heatran
|
|upkeep
|
|t:|1757868532
|switch|p2a: Pecharunt|Pecharunt|100/100
|-damage|p2a: Pecharunt|88/100|[from] Stealth Rock
|turn|13
|
|t:|1757868539
|switch|p1a: Registeel|Registeel|100/100
|move|p2a: Pecharunt|Malignant Chain|p1a: Registeel
|-immune|p1a: Registeel
|
|upkeep
|turn|14
|
|t:|1757868545
|move|p2a: Pecharunt|Parting Shot|p1a: Registeel
|-fail|p1a: Registeel|unboost|[from] ability: Clear Body|[of] p1a: Registeel
|move|p1a: Registeel|Thunder Wave|p2a: Pecharunt
|-status|p2a: Pecharunt|par
|
|upkeep
|turn|15
|
|t:|1757868556
|switch|p2a: Great Tusk|Great Tusk|100/100
|-damage|p2a: Great Tusk|98/100|[from] Stealth Rock
|-enditem|p2a: Great Tusk|Booster Energy
|-activate|p2a: Great Tusk|ability: Protosynthesis|[fromitem]
|-start|p2a: Great Tusk|protosynthesisatk
|move|p1a: Registeel|Iron Head|p2a: Great Tusk
|-damage|p2a: Great Tusk|83/100
|
|upkeep
|turn|16
|
|t:|1757868567
|move|p2a: Great Tusk|Headlong Rush|p1a: Registeel
|-supereffective|p1a: Registeel
|-damage|p1a: Registeel|0 fnt
|-unboost|p2a: Great Tusk|def|1
|-unboost|p2a: Great Tusk|spd|1
|faint|p1a: Registeel
|
|upkeep
|
|t:|1757868574
|switch|p1a: Regigigas|Regigigas|100/100
|-start|p1a: Regigigas|ability: Slow Start
|turn|17
|
|t:|1757868581
|switch|p1a: Corviknight|Corviknight, F|84/100
|-ability|p1a: Corviknight|Pressure
|move|p2a: Great Tusk|Close Combat|p1a: Corviknight
|-damage|p1a: Corviknight|38/100
|-unboost|p2a: Great Tusk|def|1
|-unboost|p2a: Great Tusk|spd|1
|-damage|p2a: Great Tusk|67/100|[from] item: Rocky Helmet|[of] p1a: Corviknight
|
|upkeep
|turn|18
|
|t:|1757868592
|move|p2a: Great Tusk|Close Combat|p1a: Corviknight
|-damage|p1a: Corviknight|0 fnt
|-unboost|p2a: Great Tusk|def|1
|-unboost|p2a: Great Tusk|spd|1
|-damage|p2a: Great Tusk|50/100|[from] item: Rocky Helmet|[of] p1a: Corviknight
|faint|p1a: Corviknight
|
|upkeep
|
|t:|1757868595
|switch|p1a: Regidrago|Regidrago|100/100
|turn|19
|
|t:|1757868601
|move|p1a: Regidrago|Earth Power|p2a: Great Tusk
|-damage|p2a: Great Tusk|0 fnt
|faint|p2a: Great Tusk
|-end|p2a: Great Tusk|Protosynthesis|[silent]
|
|upkeep
|
|t:|1757868610
|switch|p2a: Dragonite|Dragonite, F, shiny|100/100
|-damage|p2a: Dragonite|76/100|[from] Stealth Rock
|turn|20
|
|t:|1757868614
|switch|p1a: Regigigas|Regigigas|100/100
|-start|p1a: Regigigas|ability: Slow Start
|move|p2a: Dragonite|Dragon Tail|p1a: Regigigas
|-crit|p1a: Regigigas
|-damage|p1a: Regigigas|59/100
|drag|p1a: Regidrago|Regidrago|100/100
|
|upkeep
|turn|21
|
|t:|1757868622
|move|p1a: Regidrago|Dragon Energy|p2a: Dragonite
|-supereffective|p2a: Dragonite
|-damage|p2a: Dragonite|0 fnt
|faint|p2a: Dragonite
|
|upkeep
|
|t:|1757868628
|switch|p2a: Primarina|Primarina, M, shiny|43/100 par
|-damage|p2a: Primarina|31/100 par|[from] Stealth Rock
|turn|22
|
|t:|1757868633
|switch|p1a: Regice|Regice|100/100
|move|p2a: Primarina|Draining Kiss|p1a: Regice
|-damage|p1a: Regice|91/100
|-heal|p2a: Primarina|38/100 par|[from] drain|[of] p1a: Regice
|
|-heal|p2a: Primarina|44/100 par|[from] item: Leftovers
|upkeep
|turn|23
|
|t:|1757868641
|move|p1a: Regice|Thunderbolt|p2a: Primarina
|-supereffective|p2a: Primarina
|-damage|p2a: Primarina|0 fnt
|faint|p2a: Primarina
|
|upkeep
|
|t:|1757868646
|switch|p2a: Scizor|Scizor, M|72/100 par
|-damage|p2a: Scizor|59/100 par|[from] Stealth Rock
|turn|24
|
|t:|1757868650
|switch|p1a: Regigigas|Regigigas|59/100
|-start|p1a: Regigigas|ability: Slow Start
|move|p2a: Scizor|Bullet Punch|p1a: Regigigas
|-damage|p1a: Regigigas|21/100
|
|-heal|p1a: Regigigas|27/100|[from] item: Leftovers
|upkeep
|turn|25
|
|t:|1757868659
|move|p1a: Regigigas|Protect|p1a: Regigigas
|-singleturn|p1a: Regigigas|Protect
|move|p2a: Scizor|Bullet Punch|p1a: Regigigas
|-activate|p1a: Regigigas|move: Protect
|
|-heal|p1a: Regigigas|33/100|[from] item: Leftovers
|upkeep
|turn|26
|
|t:|1757868669
|cant|p2a: Scizor|par
|move|p1a: Regigigas|Body Slam|p2a: Scizor
|-resisted|p2a: Scizor
|-damage|p2a: Scizor|46/100 par
|
|-heal|p1a: Regigigas|39/100|[from] item: Leftovers
|upkeep
|turn|27
|
|t:|1757868675
|move|p1a: Regigigas|Protect|p1a: Regigigas
|-singleturn|p1a: Regigigas|Protect
|move|p2a: Scizor|Bullet Punch|p1a: Regigigas
|-activate|p1a: Regigigas|move: Protect
|
|-heal|p1a: Regigigas|45/100|[from] item: Leftovers
|upkeep
|turn|28
|
|t:|1757868682
|move|p2a: Scizor|Bullet Punch|p1a: Regigigas
|-damage|p1a: Regigigas|10/100
|move|p1a: Regigigas|Knock Off|p2a: Scizor
|-damage|p2a: Scizor|25/100 par
|-enditem|p2a: Scizor|Choice Band|[from] move: Knock Off|[of] p1a: Regigigas
|
|-heal|p1a: Regigigas|16/100|[from] item: Leftovers
|upkeep
|turn|29
|-message|ratrotation forfeited.
|
|win|sir_miestro
|raw|sir_miestro's rating: 1255 &rarr; <strong>1278</strong><br />(+23 for winning)
|raw|ratrotation's rating: 1223 &rarr; <strong>1200</strong><br />(-23 for losing)
|l|☆ratrotation
|player|p2|
|l|☆sir_miestro
|player|p1|
