|j|☆faless
|j|☆Chustard
|t:|1757944713
|gametype|singles
|player|p1|faless|kimonogirl-gen2|1587
|player|p2|Chustard|101|1609
|gen|9
|tier|[Gen 9] OU
|rated|
|rule|HP Percentage Mod: HP is shown in percentages
|rule|Endless Battle Clause: Forcing endless battles is banned
|rule|Species Clause: Limit one of each Pokémon
|rule|OHKO Clause: OHKO moves are banned
|rule|Evasion Items Clause: Evasion items are banned
|rule|Evasion Moves Clause: Evasion moves are banned
|rule|Evasion Abilities Clause: Evasion abilities are banned
|rule|Sleep Moves Clause: Sleep-inducing moves are banned
|clearpoke
|poke|p1|Scizor, M|
|poke|p1|Kingambit, F|
|poke|p1|Samurott-Hisui, M|
|poke|p1|Dragapult, F|
|poke|p1|Dragonite, M|
|poke|p1|Hoopa-Unbound|
|poke|p2|Sandy Shocks|
|poke|p2|Iron Treads|
|poke|p2|Ogerpon-Wellspring, F|
|poke|p2|Gholdengo|
|poke|p2|Kingambit, F|
|poke|p2|Moltres|
|teampreview
|l|☆Chustard
|player|p2|
|j|☆Chustard
|player|p2|Chustard|101|
|
|t:|1757944722
|teamsize|p1|6
|teamsize|p2|6
|start
|switch|p1a: SWAGGED OFF A PILL|Dragapult, F|100/100
|switch|p2a: Sandy Shocks|Sandy Shocks|100/100
|-enditem|p2a: Sandy Shocks|Booster Energy
|-activate|p2a: Sandy Shocks|ability: Protosynthesis|[fromitem]
|-start|p2a: Sandy Shocks|protosynthesisspe
|turn|1
|
|t:|1757944726
|move|p2a: Sandy Shocks|Spikes|p1a: SWAGGED OFF A PILL
|-sidestart|p1: faless|Spikes
|move|p1a: SWAGGED OFF A PILL|Will-O-Wisp|p2a: Sandy Shocks
|-status|p2a: Sandy Shocks|brn
|
|-damage|p2a: Sandy Shocks|94/100 brn|[from] brn
|upkeep
|turn|2
|
|t:|1757944731
|-terastallize|p2a: Sandy Shocks|Ice
|move|p2a: Sandy Shocks|Tera Blast|p1a: SWAGGED OFF A PILL|[anim] Tera Blast Ice
|-supereffective|p1a: SWAGGED OFF A PILL
|-damage|p1a: SWAGGED OFF A PILL|18/100
|move|p1a: SWAGGED OFF A PILL|Hex|p2a: Sandy Shocks
|-damage|p2a: Sandy Shocks|41/100 brn
|
|-damage|p2a: Sandy Shocks|35/100 brn|[from] brn
|upkeep
|turn|3
|
|t:|1757944739
|move|p2a: Sandy Shocks|Tera Blast|p1a: SWAGGED OFF A PILL|[anim] Tera Blast Ice
|-supereffective|p1a: SWAGGED OFF A PILL
|-damage|p1a: SWAGGED OFF A PILL|0 fnt
|faint|p1a: SWAGGED OFF A PILL
|
|-damage|p2a: Sandy Shocks|29/100 brn|[from] brn
|upkeep
|
|t:|1757944748
|switch|p1a: kuwaiti bomb squad|Scizor, M|100/100
|-damage|p1a: kuwaiti bomb squad|88/100|[from] Spikes
|turn|4
|
|t:|1757944750
|-end|p2a: Sandy Shocks|Protosynthesis|[silent]
|switch|p2a: Moltres|Moltres|100/100
|move|p1a: kuwaiti bomb squad|Bullet Punch|p2a: Moltres
|-resisted|p2a: Moltres
|-damage|p2a: Moltres|87/100
|
|upkeep
|turn|5
|
|t:|1757944755
|switch|p1a: ROTTEN $AM|Samurott-Hisui, M|100/100
|-damage|p1a: ROTTEN $AM|88/100|[from] Spikes
|move|p2a: Moltres|U-turn|p1a: ROTTEN $AM
|-supereffective|p1a: ROTTEN $AM
|-damage|p1a: ROTTEN $AM|49/100
|
|t:|1757944758
|switch|p2a: Sandy Shocks|Sandy Shocks, tera:Ice|29/100 brn|[from] U-turn
|
|-damage|p2a: Sandy Shocks|22/100 brn|[from] brn
|upkeep
|turn|6
|
|t:|1757944761
|move|p1a: ROTTEN $AM|Sucker Punch|p2a: Sandy Shocks
|-damage|p2a: Sandy Shocks|0 fnt
|faint|p2a: Sandy Shocks
|-end|p2a: Sandy Shocks|Protosynthesis|[silent]
|
|upkeep
|
|t:|1757944768
|switch|p2a: Ogerpon|Ogerpon-Wellspring, F|100/100
|turn|7
|
|t:|1757944771
|move|p1a: ROTTEN $AM|Sucker Punch|p2a: Ogerpon
|-damage|p2a: Ogerpon|48/100
|move|p2a: Ogerpon|U-turn|p1a: ROTTEN $AM
|-supereffective|p1a: ROTTEN $AM
|-damage|p1a: ROTTEN $AM|0 fnt
|faint|p1a: ROTTEN $AM
|
|t:|1757944775
|switch|p2a: Moltres|Moltres|87/100|[from] U-turn
|
|upkeep
|
|t:|1757944779
|switch|p1a: 6RACKSONMYWRISTS|Hoopa-Unbound|100/100
|-damage|p1a: 6RACKSONMYWRISTS|88/100|[from] Spikes
|turn|8
|
|t:|1757944783
|move|p2a: Moltres|U-turn|p1a: 6RACKSONMYWRISTS
|-supereffective|p1a: 6RACKSONMYWRISTS
|-damage|p1a: 6RACKSONMYWRISTS|8/100
|
|t:|1757944795
|switch|p2a: Ogerpon|Ogerpon-Wellspring, F|48/100|[from] U-turn
|move|p1a: 6RACKSONMYWRISTS|Knock Off|p2a: Ogerpon
|-damage|p2a: Ogerpon|0 fnt
|faint|p2a: Ogerpon
|
|-heal|p1a: 6RACKSONMYWRISTS|14/100|[from] item: Leftovers
|upkeep
|
|t:|1757944797
|switch|p2a: Moltres|Moltres|87/100
|turn|9
|
|t:|1757944800
|move|p2a: Moltres|U-turn|p1a: 6RACKSONMYWRISTS
|-supereffective|p1a: 6RACKSONMYWRISTS
|-damage|p1a: 6RACKSONMYWRISTS|0 fnt
|faint|p1a: 6RACKSONMYWRISTS
|
|t:|1757944803
|switch|p2a: Gholdengo|Gholdengo|100/100|[from] U-turn
|-item|p2a: Gholdengo|Air Balloon
|
|upkeep
|
|t:|1757944809
|switch|p1a: SIR T. FOCUS XVI|Dragonite, M|100/100
|turn|10
|
|t:|1757944812
|move|p1a: SIR T. FOCUS XVI|Dragon Dance|p1a: SIR T. FOCUS XVI
|-boost|p1a: SIR T. FOCUS XVI|atk|1
|-boost|p1a: SIR T. FOCUS XVI|spe|1
|move|p2a: Gholdengo|Thunder Wave|p1a: SIR T. FOCUS XVI
|-status|p1a: SIR T. FOCUS XVI|par
|
|upkeep
|turn|11
|
|t:|1757944821
|-terastallize|p1a: SIR T. FOCUS XVI|Normal
|move|p2a: Gholdengo|Hex|p1a: SIR T. FOCUS XVI
|-immune|p1a: SIR T. FOCUS XVI
|move|p1a: SIR T. FOCUS XVI|Dragon Dance|p1a: SIR T. FOCUS XVI
|-boost|p1a: SIR T. FOCUS XVI|atk|1
|-boost|p1a: SIR T. FOCUS XVI|spe|1
|
|upkeep
|turn|12
|
|t:|1757944830
|switch|p2a: Moltres|Moltres|87/100
|move|p1a: SIR T. FOCUS XVI|Dragon Dance|p1a: SIR T. FOCUS XVI
|-boost|p1a: SIR T. FOCUS XVI|atk|1
|-boost|p1a: SIR T. FOCUS XVI|spe|1
|
|upkeep
|turn|13
|
|t:|1757944834
|move|p1a: SIR T. FOCUS XVI|Extreme Speed|p2a: Moltres
|-damage|p2a: Moltres|0 fnt
|faint|p2a: Moltres
|-damage|p1a: SIR T. FOCUS XVI|91/100 par|[from] item: Life Orb
|
|upkeep
|
|t:|1757944839
|switch|p2a: Gholdengo|Gholdengo|100/100
|-item|p2a: Gholdengo|Air Balloon
|turn|14
|
|t:|1757944843
|move|p1a: SIR T. FOCUS XVI|Fire Punch|p2a: Gholdengo
|-supereffective|p2a: Gholdengo
|-damage|p2a: Gholdengo|0 fnt
|-enditem|p2a: Gholdengo|Air Balloon
|faint|p2a: Gholdengo
|-damage|p1a: SIR T. FOCUS XVI|81/100 par|[from] item: Life Orb
|
|upkeep
|
|t:|1757944847
|switch|p2a: Kingambit|Kingambit, F|100/100
|-activate|p2a: Kingambit|ability: Supreme Overlord
|-start|p2a: Kingambit|fallen4|[silent]
|turn|15
|
|t:|1757944850
|move|p1a: SIR T. FOCUS XVI|Extreme Speed|p2a: Kingambit
|-resisted|p2a: Kingambit
|-damage|p2a: Kingambit|46/100
|-damage|p1a: SIR T. FOCUS XVI|71/100 par|[from] item: Life Orb
|move|p2a: Kingambit|Kowtow Cleave|p1a: SIR T. FOCUS XVI
|-damage|p1a: SIR T. FOCUS XVI|0 fnt
|faint|p1a: SIR T. FOCUS XVI
|
|-heal|p2a: Kingambit|53/100|[from] item: Leftovers
|upkeep
|
|t:|1757944854
|switch|p1a: kuwaiti bomb squad|Scizor, M|88/100
|-damage|p1a: kuwaiti bomb squad|76/100|[from] Spikes
|turn|16
|
|t:|1757944858
|move|p2a: Kingambit|Sucker Punch|p1a: kuwaiti bomb squad
|-damage|p1a: kuwaiti bomb squad|8/100
|move|p1a: kuwaiti bomb squad|Close Combat|p2a: Kingambit
|-supereffective|p2a: Kingambit
|-damage|p2a: Kingambit|0 fnt
|-unboost|p1a: kuwaiti bomb squad|def|1
|-unboost|p1a: kuwaiti bomb squad|spd|1
|faint|p2a: Kingambit
|-end|p2a: Kingambit|fallen4|[silent]
|
|upkeep
|
|t:|1757944860
|switch|p2a: Iron Treads|Iron Treads|100/100
|turn|17
|
|t:|1757944865
|move|p1a: kuwaiti bomb squad|Bullet Punch|p2a: Iron Treads
|-resisted|p2a: Iron Treads
|-damage|p2a: Iron Treads|80/100
|move|p2a: Iron Treads|Earthquake|p1a: kuwaiti bomb squad
|-damage|p1a: kuwaiti bomb squad|0 fnt
|faint|p1a: kuwaiti bomb squad
|
|upkeep
|
|t:|1757944870
|switch|p1a: JOHNNY P. CASH|Kingambit, F|100/100
|-damage|p1a: JOHNNY P. CASH|88/100|[from] Spikes
|-activate|p1a: JOHNNY P. CASH|ability: Supreme Overlord
|-start|p1a: JOHNNY P. CASH|fallen5|[silent]
|turn|18
|
|t:|1757944873
|move|p2a: Iron Treads|Earthquake|p1a: JOHNNY P. CASH
|-supereffective|p1a: JOHNNY P. CASH
|-damage|p1a: JOHNNY P. CASH|30/100
|move|p1a: JOHNNY P. CASH|Kowtow Cleave|p2a: Iron Treads
|-damage|p2a: Iron Treads|15/100
|
|upkeep
|turn|19
|
|t:|1757944878
|move|p1a: JOHNNY P. CASH|Sucker Punch||[still]
|-fail|p1a: JOHNNY P. CASH
|move|p2a: Iron Treads|Stealth Rock|p1a: JOHNNY P. CASH
|-sidestart|p1: faless|move: Stealth Rock
|
|upkeep
|turn|20
|
|t:|1757944880
|move|p1a: JOHNNY P. CASH|Sucker Punch||[still]
|-fail|p1a: JOHNNY P. CASH
|move|p2a: Iron Treads|Stealth Rock||[still]
|-fail|p2a: Iron Treads
|
|upkeep
|turn|21
|
|t:|1757944882
|move|p2a: Iron Treads|Stealth Rock||[still]
|-fail|p2a: Iron Treads
|move|p1a: JOHNNY P. CASH|Kowtow Cleave|p2a: Iron Treads
|-damage|p2a: Iron Treads|0 fnt
|faint|p2a: Iron Treads
|-end|p2a: Iron Treads|Quark Drive|[silent]
|
|win|faless
|raw|faless's rating: 1587 &rarr; <strong>1608</strong><br />(+21 for winning)
|raw|Chustard's rating: 1609 &rarr; <strong>1588</strong><br />(-21 for losing)
|l|☆Chustard
|player|p2|
|l|☆faless
|player|p1|
