|j|☆TheJobApplication
|j|☆Lisia of Lillycove
|t:|1757812923
|gametype|singles
|player|p1|TheJobApplication|169|1371
|player|p2|Lisia of Lillycove|lisia|1363
|gen|9
|tier|[Gen 9] OU
|rated|
|rule|HP Percentage Mod: HP is shown in percentages
|rule|Endless Battle Clause: Forcing endless battles is banned
|rule|Species Clause: Limit one of each Pokémon
|rule|OHKO Clause: OHKO moves are banned
|rule|Evasion Items Clause: Evasion items are banned
|rule|Evasion Moves Clause: Evasion moves are banned
|rule|Evasion Abilities Clause: Evasion abilities are banned
|rule|Sleep Moves Clause: Sleep-inducing moves are banned
|clearpoke
|poke|p1|Chandelure, M|
|poke|p1|Great Tusk|
|poke|p1|Kingambit, F|
|poke|p1|Dragapult, M|
|poke|p1|Rillaboom, F|
|poke|p1|Corviknight, M|
|poke|p2|Gumshoos, F|
|poke|p2|Polteageist|
|poke|p2|Slowking-Galar, F|
|poke|p2|Glaceon, F|
|poke|p2|Mew|
|poke|p2|Hitmontop, M|
|teampreview
|inactive|Battle timer is ON: inactive players will automatically lose when time's up. (requested by TheJobApplication)
|c|☆Lisia of Lillycove|hf
|
|t:|1757812946
|teamsize|p1|6
|teamsize|p2|6
|start
|switch|p1a: Steven|Dragapult, M|100/100
|switch|p2a: Slowking|Slowking-Galar, F|100/100
|turn|1
|
|t:|1757812959
|move|p1a: Steven|Draco Meteor|p2a: Slowking
|-crit|p2a: Slowking
|-damage|p2a: Slowking|22/100
|-unboost|p1a: Steven|spa|2
|move|p2a: Slowking|Trick Room|p2a: Slowking
|-fieldstart|move: Trick Room|[of] p2a: Slowking
|
|upkeep
|turn|2
|
|t:|1757812964
|move|p1a: Steven|Draco Meteor|p2a: Slowking
|-damage|p2a: Slowking|0 fnt
|-unboost|p1a: Steven|spa|2
|faint|p2a: Slowking
|
|upkeep
|
|t:|1757812966
|switch|p2a: Yuki|Glaceon, F, shiny|100/100
|turn|3
|
|t:|1757812969
|switch|p1a: Evan|Corviknight, M|100/100
|-ability|p1a: Evan|Pressure
|move|p2a: Yuki|Blizzard|p1a: Evan|[miss]
|-miss|p2a: Yuki|p1a: Evan
|
|upkeep
|turn|4
|
|t:|1757812976
|move|p2a: Yuki|Blizzard|p1a: Evan
|-damage|p1a: Evan|7/100
|move|p1a: Evan|Brave Bird|p2a: Yuki
|-damage|p2a: Yuki|66/100
|-damage|p1a: Evan|0 fnt|[from] Recoil
|faint|p1a: Evan
|
|upkeep
|
|t:|1757812983
|switch|p1a: Kevin|Kingambit, F|100/100
|-activate|p1a: Kevin|ability: Supreme Overlord
|-start|p1a: Kevin|fallen1|[silent]
|turn|5
|
|t:|1757812986
|switch|p2a: Hitmontop|Hitmontop, M, shiny|100/100
|move|p1a: Kevin|Iron Head|p2a: Hitmontop
|-damage|p2a: Hitmontop|35/100
|
|-fieldend|move: Trick Room
|upkeep
|turn|6
|
|t:|1757812991
|-end|p1a: Kevin|fallen1|[silent]
|switch|p1a: Lebron|Chandelure, M|100/100
|move|p2a: Hitmontop|Close Combat|p1a: Lebron
|-immune|p1a: Lebron
|
|upkeep
|turn|7
|
|t:|1757812997
|switch|p2a: Gumshoos|Gumshoos, F, shiny|100/100
|move|p1a: Lebron|Fire Blast|p2a: Gumshoos|[miss]
|-miss|p1a: Lebron|p2a: Gumshoos
|
|upkeep
|turn|8
|
|t:|1757813003
|move|p1a: Lebron|Fire Blast|p2a: Gumshoos
|-damage|p2a: Gumshoos|17/100
|move|p2a: Gumshoos|Knock Off|p1a: Lebron
|-supereffective|p1a: Lebron
|-damage|p1a: Lebron|0 fnt
|-enditem|p1a: Lebron|Choice Scarf|[from] move: Knock Off|[of] p2a: Gumshoos
|faint|p1a: Lebron
|
|upkeep
|
|t:|1757813007
|switch|p1a: Steven|Dragapult, M|100/100
|turn|9
|
|t:|1757813012
|switch|p2a: Hitmontop|Hitmontop, M, shiny|35/100
|move|p1a: Steven|U-turn|p2a: Hitmontop
|-resisted|p2a: Hitmontop
|-damage|p2a: Hitmontop|25/100
|
|t:|1757813016
|switch|p1a: Nicholas|Rillaboom, F|100/100|[from] U-turn
|-fieldstart|move: Grassy Terrain|[from] ability: Grassy Surge|[of] p1a: Nicholas
|
|-heal|p2a: Hitmontop|31/100|[from] Grassy Terrain
|upkeep
|turn|10
|
|t:|1757813021
|move|p1a: Nicholas|Grassy Glide|p2a: Hitmontop
|-damage|p2a: Hitmontop|0 fnt
|faint|p2a: Hitmontop
|
|upkeep
|
|t:|1757813022
|switch|p2a: Mew|Mew|100/100
|turn|11
|
|t:|1757813026
|switch|p1a: Michael|Great Tusk|100/100
|-enditem|p1a: Michael|Booster Energy
|-activate|p1a: Michael|ability: Protosynthesis|[fromitem]
|-start|p1a: Michael|protosynthesisatk
|move|p2a: Mew|Trick Room|p2a: Mew
|-fieldstart|move: Trick Room|[of] p2a: Mew
|
|upkeep
|turn|12
|
|t:|1757813034
|-terastallize|p1a: Michael|Water
|move|p1a: Michael|Headlong Rush|p2a: Mew
|-damage|p2a: Mew|52/100
|-unboost|p1a: Michael|def|1
|-unboost|p1a: Michael|spd|1
|move|p2a: Mew|Flip Turn|p1a: Michael
|-resisted|p1a: Michael
|-damage|p1a: Michael|94/100
|
|t:|1757813043
|switch|p2a: Yuki|Glaceon, F, shiny|66/100|[from] Flip Turn
|
|-heal|p2a: Yuki|72/100|[from] Grassy Terrain
|-heal|p1a: Michael|100/100|[from] Grassy Terrain
|upkeep
|turn|13
|
|t:|1757813048
|move|p2a: Yuki|Blizzard|p1a: Michael
|-resisted|p1a: Michael
|-damage|p1a: Michael|14/100
|-status|p1a: Michael|frz
|cant|p1a: Michael|frz
|
|-heal|p2a: Yuki|78/100|[from] Grassy Terrain
|-heal|p1a: Michael|20/100 frz|[from] Grassy Terrain
|-fieldend|move: Grassy Terrain
|upkeep
|turn|14
|
|t:|1757813051
|move|p2a: Yuki|Blizzard|p1a: Michael|[miss]
|-miss|p2a: Yuki|p1a: Michael
|-curestatus|p1a: Michael|frz|[msg]
|move|p1a: Michael|Close Combat|p2a: Yuki
|-supereffective|p2a: Yuki
|-crit|p2a: Yuki
|-damage|p2a: Yuki|0 fnt
|-unboost|p1a: Michael|def|1
|-unboost|p1a: Michael|spd|1
|faint|p2a: Yuki
|
|upkeep
|
|t:|1757813054
|switch|p2a: Polteageist|Polteageist|100/100
|turn|15
|
|t:|1757813059
|move|p2a: Polteageist|Shadow Ball|p1a: Michael
|-damage|p1a: Michael|0 fnt
|faint|p1a: Michael
|-end|p1a: Michael|Protosynthesis|[silent]
|
|-fieldend|move: Trick Room
|upkeep
|
|t:|1757813064
|switch|p1a: Steven|Dragapult, M|100/100
|turn|16
|
|t:|1757813071
|move|p1a: Steven|Shadow Ball|p2a: Polteageist
|-supereffective|p2a: Polteageist
|-damage|p2a: Polteageist|0 fnt
|faint|p2a: Polteageist
|
|upkeep
|
|t:|1757813074
|switch|p2a: Mew|Mew|52/100
|turn|17
|
|t:|1757813085
|-terastallize|p2a: Mew|Steel
|move|p1a: Steven|Shadow Ball|p2a: Mew
|-damage|p2a: Mew|4/100
|move|p2a: Mew|Trick Room|p2a: Mew
|-fieldstart|move: Trick Room|[of] p2a: Mew
|
|upkeep
|turn|18
|
|t:|1757813091
|move|p1a: Steven|Shadow Ball|p2a: Mew
|-damage|p2a: Mew|0 fnt
|faint|p2a: Mew
|
|upkeep
|
|t:|1757813093
|switch|p2a: Gumshoos|Gumshoos, F, shiny|17/100
|turn|19
|
|t:|1757813096
|switch|p1a: Kevin|Kingambit, F|100/100
|-activate|p1a: Kevin|ability: Supreme Overlord
|-start|p1a: Kevin|fallen3|[silent]
|move|p2a: Gumshoos|Ice Punch|p1a: Kevin
|-resisted|p1a: Kevin
|-damage|p1a: Kevin|87/100
|
|upkeep
|turn|20
|
|t:|1757813099
|move|p1a: Kevin|Sucker Punch|p2a: Gumshoos
|-damage|p2a: Gumshoos|0 fnt
|faint|p2a: Gumshoos
|
|win|TheJobApplication
|raw|TheJobApplication's rating: 1371 &rarr; <strong>1391</strong><br />(+20 for winning)
|raw|Lisia of Lillycove's rating: 1363 &rarr; <strong>1343</strong><br />(-20 for losing)
|l|☆Lisia of Lillycove
|player|p2|
|l|☆TheJobApplication
|player|p1|
