|j|☆victini092
|j|☆Nlemartyr
|t:|1757949068
|gametype|singles
|player|p1|victini092|dawn|1108
|player|p2|Nlemartyr|ninjaboy|1144
|gen|9
|tier|[Gen 9] OU
|rated|
|rule|HP Percentage Mod: HP is shown in percentages
|rule|Endless Battle Clause: Forcing endless battles is banned
|rule|Species Clause: Limit one of each Pokémon
|rule|OHKO Clause: OHKO moves are banned
|rule|Evasion Items Clause: Evasion items are banned
|rule|Evasion Moves Clause: Evasion moves are banned
|rule|Evasion Abilities Clause: Evasion abilities are banned
|rule|Sleep Moves Clause: Sleep-inducing moves are banned
|clearpoke
|poke|p1|Scizor, F|
|poke|p1|Raging Bolt|
|poke|p1|Venusaur, F|
|poke|p1|Great Tusk|
|poke|p1|Walking Wake|
|poke|p1|Ninetales, F|
|poke|p2|Galvantula, F|
|poke|p2|Corviknight, F|
|poke|p2|Iron Valiant|
|poke|p2|Iron Moth|
|poke|p2|Landorus-Therian, M|
|poke|p2|Clefable, M|
|teampreview
|inactive|Battle timer is ON: inactive players will automatically lose when time's up. (requested by Nlemartyr)
|
|t:|1757949098
|teamsize|p1|6
|teamsize|p2|6
|start
|switch|p1a: Scizor|Scizor, F|100/100
|switch|p2a: Clefable|Clefable, M|100/100
|turn|1
|
|t:|1757949109
|move|p1a: Scizor|Knock Off|p2a: Clefable
|-resisted|p2a: Clefable
|-damage|p2a: Clefable|79/100
|-enditem|p2a: Clefable|Leftovers|[from] move: Knock Off|[of] p1a: Scizor
|move|p2a: Clefable|Thunder Wave|p1a: Scizor
|-status|p1a: Scizor|par
|
|upkeep
|turn|2
|inactive|victini092 has 120 seconds left.
|
|t:|1757949139
|switch|p1a: Ninetales|Ninetales, F|100/100
|-weather|SunnyDay|[from] ability: Drought|[of] p1a: Ninetales
|move|p2a: Clefable|Stealth Rock|p1a: Ninetales
|-sidestart|p1: victini092|move: Stealth Rock
|
|-weather|SunnyDay|[upkeep]
|upkeep
|turn|3
|
|t:|1757949149
|move|p1a: Ninetales|Encore|p2a: Clefable
|-start|p2a: Clefable|Encore
|move|p2a: Clefable|Stealth Rock||[still]
|-fail|p2a: Clefable
|
|-weather|SunnyDay|[upkeep]
|upkeep
|turn|4
|
|t:|1757949161
|switch|p1a: Great Tusk|Great Tusk|100/100
|-damage|p1a: Great Tusk|98/100|[from] Stealth Rock
|-activate|p1a: Great Tusk|ability: Protosynthesis
|-start|p1a: Great Tusk|protosynthesisspe
|switch|p2a: Landorus|Landorus-Therian, M|100/100
|-ability|p2a: Landorus|Intimidate|boost
|-unboost|p1a: Great Tusk|atk|1
|
|-weather|SunnyDay|[upkeep]
|upkeep
|turn|5
|inactive|Nlemartyr has 120 seconds left.
|
|t:|1757949204
|move|p1a: Great Tusk|Stealth Rock|p2a: Landorus
|-sidestart|p2: Nlemartyr|move: Stealth Rock
|move|p2a: Landorus|Swords Dance|p2a: Landorus
|-boost|p2a: Landorus|atk|2
|
|-weather|SunnyDay|[upkeep]
|upkeep
|turn|6
|inactive|victini092 has 120 seconds left.
|
|t:|1757949232
|-terastallize|p1a: Great Tusk|Steel
|move|p1a: Great Tusk|Ice Spinner|p2a: Landorus
|-supereffective|p2a: Landorus
|-damage|p2a: Landorus|40/100
|-damage|p1a: Great Tusk|81/100|[from] item: Rocky Helmet|[of] p2a: Landorus
|move|p2a: Landorus|Earth Power|p1a: Great Tusk
|-supereffective|p1a: Great Tusk
|-damage|p1a: Great Tusk|0 fnt
|faint|p1a: Great Tusk
|-end|p1a: Great Tusk|Protosynthesis|[silent]
|
|-weather|SunnyDay|[upkeep]
|upkeep
|c|☆Nlemartyr|dude why?
|
|t:|1757949250
|switch|p1a: Walking Wake|Walking Wake|100/100
|-damage|p1a: Walking Wake|88/100|[from] Stealth Rock
|-activate|p1a: Walking Wake|ability: Protosynthesis
|-start|p1a: Walking Wake|protosynthesisspa
|turn|7
|c|☆Nlemartyr|dawg
|inactive|Nlemartyr has 120 seconds left.
|inactive|victini092 has 90 seconds left.
|
|t:|1757949285
|move|p1a: Walking Wake|Hydro Steam|p2a: Landorus
|-supereffective|p2a: Landorus
|-damage|p2a: Landorus|0 fnt
|faint|p2a: Landorus
|
|-weather|SunnyDay|[upkeep]
|upkeep
|
|t:|1757949303
|switch|p2a: Corviknight|Corviknight, F|100/100
|-damage|p2a: Corviknight|88/100|[from] Stealth Rock
|-ability|p2a: Corviknight|Pressure
|turn|8
|inactive|victini092 has 90 seconds left.
|
|t:|1757949327
|move|p1a: Walking Wake|Hydro Steam|p2a: Corviknight
|-damage|p2a: Corviknight|0 fnt
|faint|p2a: Corviknight
|
|-weather|SunnyDay|[upkeep]
|upkeep
|
|t:|1757949333
|switch|p2a: Clefable|Clefable, M|79/100
|turn|9
|inactive|victini092 has 90 seconds left.
|
|t:|1757949344
|-end|p1a: Walking Wake|Protosynthesis|[silent]
|switch|p1a: Scizor|Scizor, F|100/100 par
|-damage|p1a: Scizor|88/100 par|[from] Stealth Rock
|move|p2a: Clefable|Thunder Wave|p1a: Scizor
|-fail|p1a: Scizor|par
|
|-weather|none
|upkeep
|turn|10
|inactive|Nlemartyr has 120 seconds left.
|inactive|victini092 has 90 seconds left.
|
|t:|1757949354
|switch|p2a: Galvantula|Galvantula, F|100/100
|-damage|p2a: Galvantula|76/100|[from] Stealth Rock
|cant|p1a: Scizor|par
|
|upkeep
|turn|11
|inactive|victini092 has 90 seconds left.
|
|t:|1757949377
|switch|p1a: Ninetales|Ninetales, F|100/100
|-damage|p1a: Ninetales|76/100|[from] Stealth Rock
|-weather|SunnyDay|[from] ability: Drought|[of] p1a: Ninetales
|move|p2a: Galvantula|Sticky Web|p1a: Ninetales
|-sidestart|p1: victini092|move: Sticky Web
|
|-weather|SunnyDay|[upkeep]
|upkeep
|turn|12
|
|t:|1757949389
|move|p2a: Galvantula|Thunder|p1a: Ninetales
|-damage|p1a: Ninetales|14/100
|-status|p1a: Ninetales|par
|-damage|p2a: Galvantula|66/100|[from] item: Life Orb
|move|p1a: Ninetales|Healing Wish|p1a: Ninetales
|faint|p1a: Ninetales
|
|-weather|SunnyDay|[upkeep]
|upkeep
|
|t:|1757949411
|switch|p1a: Venusaur|Venusaur, F|100/100
|-damage|p1a: Venusaur|88/100|[from] Stealth Rock
|-activate|p1a: Venusaur|move: Sticky Web
|-unboost|p1a: Venusaur|spe|1
|turn|13
|c|☆Nlemartyr|stacking the odds
|c|☆Nlemartyr|making it count
|
|t:|1757949422
|move|p1a: Venusaur|Sludge Bomb|p2a: Galvantula
|-damage|p2a: Galvantula|0 fnt
|faint|p2a: Galvantula
|-damage|p1a: Venusaur|78/100|[from] item: Life Orb
|
|-weather|SunnyDay|[upkeep]
|upkeep
|
|t:|1757949440
|switch|p2a: Iron Moth|Iron Moth|100/100
|-damage|p2a: Iron Moth|76/100|[from] Stealth Rock
|-enditem|p2a: Iron Moth|Booster Energy
|-activate|p2a: Iron Moth|ability: Quark Drive|[fromitem]
|-start|p2a: Iron Moth|quarkdrivespe
|turn|14
|
|t:|1757949450
|move|p2a: Iron Moth|Substitute|p2a: Iron Moth
|-start|p2a: Iron Moth|Substitute
|-damage|p2a: Iron Moth|51/100
|move|p1a: Venusaur|Earthquake|p2a: Iron Moth
|-supereffective|p2a: Iron Moth
|-end|p2a: Iron Moth|Substitute
|-damage|p1a: Venusaur|68/100|[from] item: Life Orb
|
|-weather|SunnyDay|[upkeep]
|upkeep
|turn|15
|
|t:|1757949471
|move|p2a: Iron Moth|Sludge Wave|p1a: Venusaur
|-damage|p1a: Venusaur|9/100
|move|p1a: Venusaur|Earthquake|p2a: Iron Moth
|-supereffective|p2a: Iron Moth
|-damage|p2a: Iron Moth|0 fnt
|faint|p2a: Iron Moth
|-end|p2a: Iron Moth|Quark Drive|[silent]
|-damage|p1a: Venusaur|0 fnt|[from] item: Life Orb
|faint|p1a: Venusaur
|
|-weather|SunnyDay|[upkeep]
|upkeep
|
|t:|1757949485
|switch|p2a: Iron Valiant|Iron Valiant|100/100
|switch|p1a: Scizor|Scizor, F|88/100 par
|-damage|p2a: Iron Valiant|94/100|[from] Stealth Rock
|-heal|p1a: Scizor|100/100|[from] move: Healing Wish
|-damage|p1a: Scizor|88/100|[from] Stealth Rock
|-activate|p1a: Scizor|move: Sticky Web
|-unboost|p1a: Scizor|spe|1
|-enditem|p2a: Iron Valiant|Booster Energy
|-activate|p2a: Iron Valiant|ability: Quark Drive|[fromitem]
|-start|p2a: Iron Valiant|quarkdrivespe
|turn|16
|
|t:|1757949503
|move|p1a: Scizor|Bullet Punch|p2a: Iron Valiant
|-supereffective|p2a: Iron Valiant
|-damage|p2a: Iron Valiant|0 fnt
|faint|p2a: Iron Valiant
|-end|p2a: Iron Valiant|Quark Drive|[silent]
|
|-weather|SunnyDay|[upkeep]
|upkeep
|
|t:|1757949513
|switch|p2a: Clefable|Clefable, M|79/100
|turn|17
|
|t:|1757949517
|move|p1a: Scizor|Bullet Punch|p2a: Clefable
|-supereffective|p2a: Clefable
|-damage|p2a: Clefable|0 fnt
|faint|p2a: Clefable
|
|win|victini092
|raw|victini092's rating: 1108 &rarr; <strong>1136</strong><br />(+28 for winning)
|raw|Nlemartyr's rating: 1144 &rarr; <strong>1116</strong><br />(-28 for losing)
|l|☆Nlemartyr
|player|p2|
