|j|☆henry151th
|j|☆diav
|t:|1757833830
|gametype|singles
|player|p1|henry151th|wallace|1663
|player|p2|diav|artist-gen4|1592
|gen|9
|tier|[Gen 9] OU
|rated|
|rule|HP Percentage Mod: HP is shown in percentages
|rule|Endless Battle Clause: Forcing endless battles is banned
|rule|Species Clause: Limit one of each Pokémon
|rule|OHKO Clause: OHKO moves are banned
|rule|Evasion Items Clause: Evasion items are banned
|rule|Evasion Moves Clause: Evasion moves are banned
|rule|Evasion Abilities Clause: Evasion abilities are banned
|rule|Sleep Moves Clause: Sleep-inducing moves are banned
|clearpoke
|poke|p1|Blaziken, M|
|poke|p1|Alomomola, M|
|poke|p1|Rillaboom, M|
|poke|p1|Slowking-Galar, M|
|poke|p1|Ting-Lu|
|poke|p1|Weezing-Galar, M|
|poke|p2|Slowking-Galar, F|
|poke|p2|Raging Bolt|
|poke|p2|Scizor, F|
|poke|p2|Moltres|
|poke|p2|Meowscarada, F|
|poke|p2|Great Tusk|
|teampreview
|inactive|Battle timer is ON: inactive players will automatically lose when time's up. (requested by diav)
|
|t:|1757833837
|teamsize|p1|6
|teamsize|p2|6
|start
|switch|p1a: Blaziken|Blaziken, M|100/100
|switch|p2a: Meowscarada|Meowscarada, F|100/100
|turn|1
|
|t:|1757833841
|switch|p2a: Moltres|Moltres|100/100
|move|p1a: Blaziken|Protect||[still]
|-fail|p1a: Blaziken
|
|-ability|p1a: Blaziken|Speed Boost|boost
|-boost|p1a: Blaziken|spe|1
|upkeep
|turn|2
|
|t:|1757833844
|switch|p1a: Alomomola|Alomomola, M|100/100
|move|p2a: Moltres|Roar|p1a: Alomomola
|drag|p1a: Ting-Lu|Ting-Lu|100/100
|-ability|p1a: Ting-Lu|Vessel of Ruin
|
|upkeep
|turn|3
|
|t:|1757833848
|move|p2a: Moltres|U-turn|p1a: Ting-Lu
|-supereffective|p1a: Ting-Lu
|-damage|p1a: Ting-Lu|84/100
|
|t:|1757833852
|switch|p2a: Meowscarada|Meowscarada, F|100/100|[from] U-turn
|move|p1a: Ting-Lu|Stealth Rock|p2a: Meowscarada
|-sidestart|p2: diav|move: Stealth Rock
|
|-heal|p1a: Ting-Lu|90/100|[from] item: Leftovers
|upkeep
|turn|4
|
|t:|1757833857
|switch|p1a: Weezing|Weezing-Galar, M|100/100
|-ability|p1a: Weezing|Neutralizing Gas
|move|p2a: Meowscarada|Knock Off|p1a: Weezing
|-resisted|p1a: Weezing
|-damage|p1a: Weezing|84/100
|-enditem|p1a: Weezing|Heavy-Duty Boots|[from] move: Knock Off|[of] p2a: Meowscarada
|
|upkeep
|turn|5
|
|t:|1757833864
|switch|p2a: Slowking|Slowking-Galar, F|100/100
|-end|p1a: Weezing|ability: Neutralizing Gas
|switch|p1a: Alomomola|Alomomola, M|100/100
|
|upkeep
|turn|6
|
|t:|1757833867
|move|p1a: Alomomola|Flip Turn|p2a: Slowking
|-damage|p2a: Slowking|82/100
|
|t:|1757833870
|switch|p1a: Rillaboom|Rillaboom, M|100/100|[from] Flip Turn
|-fieldstart|move: Grassy Terrain|[from] ability: Grassy Surge|[of] p1a: Rillaboom
|move|p2a: Slowking|Future Sight|p1a: Rillaboom
|-start|p2a: Slowking|move: Future Sight
|
|-heal|p2a: Slowking|88/100|[from] Grassy Terrain
|upkeep
|turn|7
|
|t:|1757833874
|move|p1a: Rillaboom|Knock Off|p2a: Slowking
|-supereffective|p2a: Slowking
|-damage|p2a: Slowking|0 fnt
|-enditem|p2a: Slowking|Heavy-Duty Boots|[from] move: Knock Off|[of] p1a: Rillaboom
|faint|p2a: Slowking
|
|upkeep
|
|t:|1757833876
|switch|p2a: Great Tusk|Great Tusk|100/100
|turn|8
|
|t:|1757833881
|switch|p1a: Ting-Lu|Ting-Lu|90/100
|-ability|p1a: Ting-Lu|Vessel of Ruin
|move|p2a: Great Tusk|Rapid Spin|p1a: Ting-Lu
|-damage|p1a: Ting-Lu|80/100
|-boost|p2a: Great Tusk|spe|1
|-sideend|p2: diav|Stealth Rock|[from] move: Rapid Spin|[of] p2a: Great Tusk
|
|-end|p1a: Ting-Lu|move: Future Sight
|-immune|p1a: Ting-Lu
|-heal|p1a: Ting-Lu|86/100|[from] Grassy Terrain
|-heal|p1a: Ting-Lu|92/100|[from] item: Leftovers
|upkeep
|turn|9
|
|t:|1757833888
|move|p2a: Great Tusk|Ice Spinner|p1a: Ting-Lu
|-supereffective|p1a: Ting-Lu
|-damage|p1a: Ting-Lu|64/100
|-fieldend|move: Grassy Terrain
|move|p1a: Ting-Lu|Ruination|p2a: Great Tusk
|-damage|p2a: Great Tusk|51/100
|
|-heal|p1a: Ting-Lu|70/100|[from] item: Leftovers
|upkeep
|turn|10
|
|t:|1757833893
|switch|p1a: Alomomola|Alomomola, M|100/100
|move|p2a: Great Tusk|Ice Spinner|p1a: Alomomola
|-resisted|p1a: Alomomola
|-damage|p1a: Alomomola|92/100
|
|upkeep
|turn|11
|
|t:|1757833896
|-end|p2a: Great Tusk|Protosynthesis|[silent]
|switch|p2a: Raging Bolt|Raging Bolt|100/100
|move|p1a: Alomomola|Wish|p1a: Alomomola
|
|upkeep
|turn|12
|
|t:|1757833900
|move|p2a: Raging Bolt|Draco Meteor|p1a: Alomomola|[miss]
|-miss|p2a: Raging Bolt|p1a: Alomomola
|move|p1a: Alomomola|Flip Turn|p2a: Raging Bolt
|-resisted|p2a: Raging Bolt
|-damage|p2a: Raging Bolt|93/100
|
|t:|1757833902
|switch|p1a: Ting-Lu|Ting-Lu|70/100|[from] Flip Turn
|-ability|p1a: Ting-Lu|Vessel of Ruin
|
|-heal|p1a: Ting-Lu|100/100|[from] move: Wish|[wisher] Alomomola
|upkeep
|turn|13
|
|t:|1757833907
|-end|p2a: Raging Bolt|Protosynthesis|[silent]
|switch|p2a: Meowscarada|Meowscarada, F|100/100
|move|p1a: Ting-Lu|Stealth Rock|p2a: Meowscarada
|-sidestart|p2: diav|move: Stealth Rock
|
|upkeep
|turn|14
|
|t:|1757833911
|move|p2a: Meowscarada|Flower Trick|p1a: Ting-Lu
|-start|p2a: Meowscarada|typechange|Grass|[from] ability: Protean
|-supereffective|p1a: Ting-Lu
|-crit|p1a: Ting-Lu
|-damage|p1a: Ting-Lu|43/100
|move|p1a: Ting-Lu|Ruination|p2a: Meowscarada
|-damage|p2a: Meowscarada|51/100
|
|-heal|p1a: Ting-Lu|49/100|[from] item: Leftovers
|upkeep
|turn|15
|
|t:|1757833916
|switch|p2a: Raging Bolt|Raging Bolt|93/100
|-damage|p2a: Raging Bolt|80/100|[from] Stealth Rock
|switch|p1a: Weezing|Weezing-Galar, M|84/100
|-ability|p1a: Weezing|Neutralizing Gas
|
|upkeep
|turn|16
|
|t:|1757833923
|move|p2a: Raging Bolt|Volt Switch|p1a: Weezing
|-damage|p1a: Weezing|0 fnt
|faint|p1a: Weezing
|-end|p1a: Weezing|ability: Neutralizing Gas
|
|t:|1757833928
|-end|p2a: Raging Bolt|Protosynthesis|[silent]
|switch|p2a: Moltres|Moltres|100/100|[from] Volt Switch
|
|upkeep
|
|t:|1757833931
|switch|p1a: Alomomola|Alomomola, M|100/100
|turn|17
|
|t:|1757833935
|move|p2a: Moltres|U-turn|p1a: Alomomola
|-damage|p1a: Alomomola|91/100
|
|t:|1757833937
|switch|p2a: Raging Bolt|Raging Bolt|80/100|[from] U-turn
|-damage|p2a: Raging Bolt|68/100|[from] Stealth Rock
|move|p1a: Alomomola|Wish|p1a: Alomomola
|
|upkeep
|turn|18
|
|t:|1757833943
|switch|p1a: Ting-Lu|Ting-Lu|49/100
|-ability|p1a: Ting-Lu|Vessel of Ruin
|move|p2a: Raging Bolt|Draco Meteor|p1a: Ting-Lu
|-damage|p1a: Ting-Lu|0 fnt
|-unboost|p2a: Raging Bolt|spa|2
|faint|p1a: Ting-Lu
|
|upkeep
|j| Rizzofreko
|
|t:|1757833953
|switch|p1a: Slowking|Slowking-Galar, M|100/100
|turn|19
|
|t:|1757833958
|-end|p2a: Raging Bolt|Protosynthesis|[silent]
|switch|p2a: Scizor|Scizor, F|100/100
|-damage|p2a: Scizor|88/100|[from] Stealth Rock
|-prepare|p1a: Slowking|Chilly Reception|[premajor]
|move|p1a: Slowking|Chilly Reception|p1a: Slowking
|-weather|Snowscape
|
|t:|1757833960
|switch|p1a: Blaziken|Blaziken, M|100/100|[from] Chilly Reception
|
|-weather|Snowscape|[upkeep]
|upkeep
|turn|20
|
|t:|1757833964
|switch|p2a: Moltres|Moltres|100/100
|move|p1a: Blaziken|Swords Dance|p1a: Blaziken
|-boost|p1a: Blaziken|atk|2
|
|-weather|Snowscape|[upkeep]
|-ability|p1a: Blaziken|Speed Boost|boost
|-boost|p1a: Blaziken|spe|1
|upkeep
|turn|21
|
|t:|1757833969
|move|p1a: Blaziken|Close Combat|p2a: Moltres
|-resisted|p2a: Moltres
|-damage|p2a: Moltres|44/100
|-unboost|p1a: Blaziken|def|1
|-unboost|p1a: Blaziken|spd|1
|-damage|p1a: Blaziken|91/100|[from] item: Life Orb
|move|p2a: Moltres|Roar|p1a: Blaziken
|drag|p1a: Alomomola|Alomomola, M|100/100
|
|-weather|Snowscape|[upkeep]
|upkeep
|turn|22
|
|t:|1757833973
|move|p2a: Moltres|Roost|p2a: Moltres
|-heal|p2a: Moltres|94/100
|-singleturn|p2a: Moltres|move: Roost
|move|p1a: Alomomola|Flip Turn|p2a: Moltres
|-supereffective|p2a: Moltres
|-damage|p2a: Moltres|71/100
|
|t:|1757833976
|switch|p1a: Rillaboom|Rillaboom, M|100/100|[from] Flip Turn
|-fieldstart|move: Grassy Terrain|[from] ability: Grassy Surge|[of] p1a: Rillaboom
|
|-weather|Snowscape|[upkeep]
|-heal|p2a: Moltres|77/100|[from] Grassy Terrain
|upkeep
|turn|23
|
|t:|1757833980
|move|p1a: Rillaboom|Knock Off|p2a: Moltres
|-damage|p2a: Moltres|39/100
|-enditem|p2a: Moltres|Heavy-Duty Boots|[from] move: Knock Off|[of] p1a: Rillaboom
|move|p2a: Moltres|Roost|p2a: Moltres
|-heal|p2a: Moltres|90/100
|-singleturn|p2a: Moltres|move: Roost
|
|-weather|none
|-heal|p2a: Moltres|96/100|[from] Grassy Terrain
|upkeep
|turn|24
|
|t:|1757833986
|switch|p1a: Alomomola|Alomomola, M|100/100
|move|p2a: Moltres|U-turn|p1a: Alomomola
|-damage|p1a: Alomomola|91/100
|
|t:|1757833988
|switch|p2a: Raging Bolt|Raging Bolt|68/100|[from] U-turn
|-damage|p2a: Raging Bolt|56/100|[from] Stealth Rock
|
|-heal|p2a: Raging Bolt|62/100|[from] Grassy Terrain
|-heal|p1a: Alomomola|98/100|[from] Grassy Terrain
|upkeep
|turn|25
|
|t:|1757833990
|move|p1a: Alomomola|Protect|p1a: Alomomola
|-singleturn|p1a: Alomomola|Protect
|move|p2a: Raging Bolt|Volt Switch|p1a: Alomomola
|-activate|p1a: Alomomola|move: Protect
|
|-heal|p2a: Raging Bolt|68/100|[from] Grassy Terrain
|-heal|p1a: Alomomola|100/100|[from] Grassy Terrain
|upkeep
|turn|26
|
|t:|1757833992
|switch|p1a: Slowking|Slowking-Galar, M|100/100
|move|p2a: Raging Bolt|Volt Switch|p1a: Slowking
|-damage|p1a: Slowking|62/100
|
|t:|1757833996
|-end|p2a: Raging Bolt|Protosynthesis|[silent]
|switch|p2a: Meowscarada|Meowscarada, F|51/100|[from] Volt Switch
|-damage|p2a: Meowscarada|38/100|[from] Stealth Rock
|
|-heal|p2a: Meowscarada|45/100|[from] Grassy Terrain
|-heal|p1a: Slowking|68/100|[from] Grassy Terrain
|-fieldend|move: Grassy Terrain
|upkeep
|turn|27
|
|t:|1757834000
|switch|p1a: Alomomola|Alomomola, M|100/100
|move|p2a: Meowscarada|Knock Off|p1a: Alomomola
|-start|p2a: Meowscarada|typechange|Dark|[from] ability: Protean
|-damage|p1a: Alomomola|73/100
|-enditem|p1a: Alomomola|Heavy-Duty Boots|[from] move: Knock Off|[of] p2a: Meowscarada
|
|upkeep
|turn|28
|
|t:|1757834006
|switch|p2a: Raging Bolt|Raging Bolt|68/100
|-damage|p2a: Raging Bolt|56/100|[from] Stealth Rock
|move|p1a: Alomomola|Flip Turn|p2a: Raging Bolt
|-resisted|p2a: Raging Bolt
|-damage|p2a: Raging Bolt|48/100
|
|t:|1757834008
|switch|p1a: Blaziken|Blaziken, M|91/100|[from] Flip Turn
|
|upkeep
|turn|29
|
|t:|1757834013
|move|p1a: Blaziken|Close Combat|p2a: Raging Bolt
|-damage|p2a: Raging Bolt|0 fnt
|-unboost|p1a: Blaziken|def|1
|-unboost|p1a: Blaziken|spd|1
|faint|p2a: Raging Bolt
|-end|p2a: Raging Bolt|Protosynthesis|[silent]
|-damage|p1a: Blaziken|81/100|[from] item: Life Orb
|
|-ability|p1a: Blaziken|Speed Boost|boost
|-boost|p1a: Blaziken|spe|1
|upkeep
|
|t:|1757834017
|switch|p2a: Moltres|Moltres|96/100
|-damage|p2a: Moltres|46/100|[from] Stealth Rock
|turn|30
|
|t:|1757834026
|switch|p1a: Alomomola|Alomomola, M|100/100
|move|p2a: Moltres|Roost|p2a: Moltres
|-heal|p2a: Moltres|96/100
|-singleturn|p2a: Moltres|move: Roost
|
|upkeep
|turn|31
|
|t:|1757834031
|move|p2a: Moltres|U-turn|p1a: Alomomola
|-damage|p1a: Alomomola|92/100
|
|t:|1757834034
|switch|p2a: Great Tusk|Great Tusk|51/100|[from] U-turn
|move|p1a: Alomomola|Tickle|p2a: Great Tusk
|-unboost|p2a: Great Tusk|atk|1
|-unboost|p2a: Great Tusk|def|1
|
|upkeep
|turn|32
|
|t:|1757834037
|move|p2a: Great Tusk|Rapid Spin|p1a: Alomomola
|-damage|p1a: Alomomola|85/100
|-boost|p2a: Great Tusk|spe|1
|-sideend|p2: diav|Stealth Rock|[from] move: Rapid Spin|[of] p2a: Great Tusk
|move|p1a: Alomomola|Flip Turn|p2a: Great Tusk
|-supereffective|p2a: Great Tusk
|-damage|p2a: Great Tusk|13/100
|
|t:|1757834040
|switch|p1a: Rillaboom|Rillaboom, M|100/100|[from] Flip Turn
|-fieldstart|move: Grassy Terrain|[from] ability: Grassy Surge|[of] p1a: Rillaboom
|
|-heal|p2a: Great Tusk|19/100|[from] Grassy Terrain
|upkeep
|turn|33
|
|t:|1757834043
|-end|p2a: Great Tusk|Protosynthesis|[silent]
|switch|p2a: Moltres|Moltres|96/100
|switch|p1a: Alomomola|Alomomola, M|100/100
|
|upkeep
|turn|34
|
|t:|1757834049
|move|p2a: Moltres|U-turn|p1a: Alomomola
|-damage|p1a: Alomomola|91/100
|l| Rizzofreko
|
|t:|1757834052
|switch|p2a: Meowscarada|Meowscarada, F|45/100|[from] U-turn
|move|p1a: Alomomola|Flip Turn|p2a: Meowscarada
|-resisted|p2a: Meowscarada
|-damage|p2a: Meowscarada|33/100
|
|t:|1757834055
|switch|p1a: Rillaboom|Rillaboom, M|100/100|[from] Flip Turn
|
|-heal|p2a: Meowscarada|39/100|[from] Grassy Terrain
|upkeep
|turn|35
|
|t:|1757834059
|switch|p1a: Alomomola|Alomomola, M|100/100
|move|p2a: Meowscarada|U-turn|p1a: Alomomola
|-start|p2a: Meowscarada|typechange|Bug|[from] ability: Protean
|-damage|p1a: Alomomola|80/100
|
|t:|1757834062
|switch|p2a: Great Tusk|Great Tusk|19/100|[from] U-turn
|
|-heal|p2a: Great Tusk|25/100|[from] Grassy Terrain
|-heal|p1a: Alomomola|86/100|[from] Grassy Terrain
|upkeep
|turn|36
|
|t:|1757834065
|-end|p2a: Great Tusk|Protosynthesis|[silent]
|switch|p2a: Meowscarada|Meowscarada, F|39/100
|move|p1a: Alomomola|Flip Turn|p2a: Meowscarada
|-resisted|p2a: Meowscarada
|-damage|p2a: Meowscarada|26/100
|
|t:|1757834068
|switch|p1a: Rillaboom|Rillaboom, M|100/100|[from] Flip Turn
|
|-heal|p2a: Meowscarada|32/100|[from] Grassy Terrain
|-fieldend|move: Grassy Terrain
|upkeep
|turn|37
|
|t:|1757834072
|switch|p1a: Slowking|Slowking-Galar, M|100/100
|move|p2a: Meowscarada|U-turn|p1a: Slowking
|-start|p2a: Meowscarada|typechange|Bug|[from] ability: Protean
|-damage|p1a: Slowking|65/100
|
|t:|1757834075
|switch|p2a: Scizor|Scizor, F|88/100|[from] U-turn
|
|upkeep
|turn|38
|
|t:|1757834079
|switch|p1a: Alomomola|Alomomola, M|100/100
|move|p2a: Scizor|U-turn|p1a: Alomomola
|-damage|p1a: Alomomola|64/100
|
|t:|1757834081
|switch|p2a: Meowscarada|Meowscarada, F|32/100|[from] U-turn
|
|upkeep
|turn|39
|
|t:|1757834083
|move|p1a: Alomomola|Protect|p1a: Alomomola
|-singleturn|p1a: Alomomola|Protect
|move|p2a: Meowscarada|Flower Trick|p1a: Alomomola
|-start|p2a: Meowscarada|typechange|Grass|[from] ability: Protean
|-activate|p1a: Alomomola|move: Protect
|
|upkeep
|turn|40
|
|t:|1757834089
|switch|p2a: Scizor|Scizor, F|88/100
|switch|p1a: Slowking|Slowking-Galar, M|98/100
|
|upkeep
|turn|41
|
|t:|1757834093
|move|p2a: Scizor|U-turn|p1a: Slowking
|-damage|p1a: Slowking|33/100
|
|t:|1757834096
|switch|p2a: Moltres|Moltres|96/100|[from] U-turn
|-prepare|p1a: Slowking|Chilly Reception|[premajor]
|move|p1a: Slowking|Chilly Reception|p1a: Slowking
|-weather|Snowscape
|
|t:|1757834099
|switch|p1a: Alomomola|Alomomola, M|97/100|[from] Chilly Reception
|
|-weather|Snowscape|[upkeep]
|upkeep
|turn|42
|
|t:|1757834102
|move|p2a: Moltres|U-turn|p1a: Alomomola
|-damage|p1a: Alomomola|88/100
|
|t:|1757834106
|switch|p2a: Meowscarada|Meowscarada, F|32/100|[from] U-turn
|move|p1a: Alomomola|Flip Turn|p2a: Meowscarada
|-resisted|p2a: Meowscarada
|-damage|p2a: Meowscarada|19/100
|
|t:|1757834109
|switch|p1a: Rillaboom|Rillaboom, M|100/100|[from] Flip Turn
|-fieldstart|move: Grassy Terrain|[from] ability: Grassy Surge|[of] p1a: Rillaboom
|
|-weather|Snowscape|[upkeep]
|-heal|p2a: Meowscarada|25/100|[from] Grassy Terrain
|upkeep
|turn|43
|
|t:|1757834112
|switch|p2a: Moltres|Moltres|96/100
|move|p1a: Rillaboom|Grassy Glide|p2a: Moltres
|-resisted|p2a: Moltres
|-damage|p2a: Moltres|85/100
|
|-weather|Snowscape|[upkeep]
|upkeep
|turn|44
|
|t:|1757834116
|switch|p1a: Alomomola|Alomomola, M|100/100
|move|p2a: Moltres|U-turn|p1a: Alomomola
|-damage|p1a: Alomomola|92/100
|
|t:|1757834118
|switch|p2a: Meowscarada|Meowscarada, F|25/100|[from] U-turn
|
|-weather|Snowscape|[upkeep]
|-heal|p2a: Meowscarada|31/100|[from] Grassy Terrain
|-heal|p1a: Alomomola|98/100|[from] Grassy Terrain
|upkeep
|turn|45
|
|t:|1757834122
|move|p1a: Alomomola|Protect|p1a: Alomomola
|-singleturn|p1a: Alomomola|Protect
|move|p2a: Meowscarada|Flower Trick|p1a: Alomomola
|-start|p2a: Meowscarada|typechange|Grass|[from] ability: Protean
|-activate|p1a: Alomomola|move: Protect
|
|-weather|none
|-heal|p2a: Meowscarada|37/100|[from] Grassy Terrain
|-heal|p1a: Alomomola|100/100|[from] Grassy Terrain
|upkeep
|turn|46
|
|t:|1757834126
|switch|p1a: Slowking|Slowking-Galar, M|66/100
|move|p2a: Meowscarada|Flower Trick|p1a: Slowking
|-resisted|p1a: Slowking
|-crit|p1a: Slowking
|-damage|p1a: Slowking|35/100
|
|-heal|p2a: Meowscarada|43/100|[from] Grassy Terrain
|-heal|p1a: Slowking|41/100|[from] Grassy Terrain
|-fieldend|move: Grassy Terrain
|upkeep
|turn|47
|
|t:|1757834131
|switch|p2a: Scizor|Scizor, F|88/100
|-prepare|p1a: Slowking|Chilly Reception|[premajor]
|move|p1a: Slowking|Chilly Reception|p1a: Slowking
|-weather|Snowscape
|
|t:|1757834133
|switch|p1a: Blaziken|Blaziken, M|81/100|[from] Chilly Reception
|
|-weather|Snowscape|[upkeep]
|upkeep
|turn|48
|j| HGalliumh
|
|t:|1757834137
|switch|p2a: Moltres|Moltres|85/100
|move|p1a: Blaziken|Swords Dance|p1a: Blaziken
|-boost|p1a: Blaziken|atk|2
|
|-weather|Snowscape|[upkeep]
|-ability|p1a: Blaziken|Speed Boost|boost
|-boost|p1a: Blaziken|spe|1
|upkeep
|turn|49
|
|t:|1757834140
|-terastallize|p1a: Blaziken|Fighting
|move|p1a: Blaziken|Close Combat|p2a: Moltres
|-resisted|p2a: Moltres
|-damage|p2a: Moltres|9/100
|-unboost|p1a: Blaziken|def|1
|-unboost|p1a: Blaziken|spd|1
|-damage|p1a: Blaziken|71/100|[from] item: Life Orb
|move|p2a: Moltres|Roar|p1a: Blaziken
|drag|p1a: Slowking|Slowking-Galar, M|74/100
|
|-weather|Snowscape|[upkeep]
|upkeep
|turn|50
|j| Rainbow Chrome
|
|t:|1757834145
|move|p2a: Moltres|Roost|p2a: Moltres
|-heal|p2a: Moltres|59/100
|-singleturn|p2a: Moltres|move: Roost
|move|p1a: Slowking|Sludge Bomb|p2a: Moltres
|-damage|p2a: Moltres|23/100
|-status|p2a: Moltres|psn
|
|-weather|Snowscape|[upkeep]
|-damage|p2a: Moltres|11/100 psn|[from] psn
|upkeep
|turn|51
|
|t:|1757834148
|move|p2a: Moltres|U-turn|p1a: Slowking
|-damage|p1a: Slowking|58/100
|
|t:|1757834149
|switch|p2a: Scizor|Scizor, F|88/100|[from] U-turn
|-prepare|p1a: Slowking|Chilly Reception|[premajor]
|move|p1a: Slowking|Chilly Reception|p1a: Slowking
|
|t:|1757834152
|switch|p1a: Alomomola|Alomomola, M|100/100|[from] Chilly Reception
|
|-weather|none
|upkeep
|turn|52
|
|t:|1757834159
|move|p2a: Scizor|Close Combat|p1a: Alomomola
|-damage|p1a: Alomomola|58/100
|-unboost|p2a: Scizor|def|1
|-unboost|p2a: Scizor|spd|1
|move|p1a: Alomomola|Flip Turn|p2a: Scizor
|-damage|p2a: Scizor|60/100
|
|t:|1757834162
|switch|p1a: Blaziken|Blaziken, M, tera:Fighting|71/100|[from] Flip Turn
|
|upkeep
|turn|53
|
|t:|1757834164
|switch|p2a: Moltres|Moltres|11/100 psn
|move|p1a: Blaziken|Close Combat|p2a: Moltres
|-resisted|p2a: Moltres
|-damage|p2a: Moltres|0 fnt
|-unboost|p1a: Blaziken|def|1
|-unboost|p1a: Blaziken|spd|1
|faint|p2a: Moltres
|-damage|p1a: Blaziken|61/100|[from] item: Life Orb
|
|-ability|p1a: Blaziken|Speed Boost|boost
|-boost|p1a: Blaziken|spe|1
|upkeep
|
|t:|1757834166
|switch|p2a: Scizor|Scizor, F|60/100
|turn|54
|
|t:|1757834171
|move|p1a: Blaziken|Protect|p1a: Blaziken
|-singleturn|p1a: Blaziken|Protect
|move|p2a: Scizor|U-turn|p1a: Blaziken
|-activate|p1a: Blaziken|move: Protect
|
|-ability|p1a: Blaziken|Speed Boost|boost
|-boost|p1a: Blaziken|spe|1
|upkeep
|turn|55
|
|t:|1757834173
|move|p1a: Blaziken|Close Combat|p2a: Scizor
|-damage|p2a: Scizor|0 fnt
|-unboost|p1a: Blaziken|def|1
|-unboost|p1a: Blaziken|spd|1
|faint|p2a: Scizor
|-damage|p1a: Blaziken|51/100|[from] item: Life Orb
|
|-ability|p1a: Blaziken|Speed Boost|boost
|-boost|p1a: Blaziken|spe|1
|upkeep
|-message|diav forfeited.
|
|win|henry151th
|raw|henry151th's rating: 1663 &rarr; <strong>1679</strong><br />(+16 for winning)
|raw|diav's rating: 1592 &rarr; <strong>1576</strong><br />(-16 for losing)
|l|☆diav
|player|p2|
|l|☆henry151th
|player|p1|
|l| HGalliumh
