|badge|p1|bronze|gen9ou|100-6
|uhtml|medal-msg|<div class="broadcast-blue">Curious what those medals under the avatar are? PS now has Ladder Seasons! For more information, check out the <a href="https://www.smogon.com/forums/threads/3740067/">thread on Smogon.</a></div>
|j|☆Flex Plays Only
|j|☆end64
|t:|1757797734
|gametype|singles
|player|p1|Flex Plays Only|miku-fairy|1821
|player|p2|end64|102|1783
|gen|9
|tier|[Gen 9] OU
|rated|
|rule|HP Percentage Mod: HP is shown in percentages
|rule|Endless Battle Clause: Forcing endless battles is banned
|rule|Species Clause: Limit one of each Pokémon
|rule|OHKO Clause: OHKO moves are banned
|rule|Evasion Items Clause: Evasion items are banned
|rule|Evasion Moves Clause: Evasion moves are banned
|rule|Evasion Abilities Clause: Evasion abilities are banned
|rule|Sleep Moves Clause: Sleep-inducing moves are banned
|clearpoke
|poke|p1|Kingambit, F|
|poke|p1|Hatterene, F|
|poke|p1|Tornadus-Therian, M|
|poke|p1|Zamazenta-*|
|poke|p1|Iron Crown|
|poke|p1|Great Tusk|
|poke|p2|Kyurem|
|poke|p2|Corviknight, M|
|poke|p2|Ting-Lu|
|poke|p2|Dondozo, M|
|poke|p2|Slowking-Galar, L99, M|
|poke|p2|Cinderace, M|
|teampreview
|inactive|Battle timer is ON: inactive players will automatically lose when time's up. (requested by Flex Plays Only)
|c|☆end64|glhf
|j| FaronAan
|
|t:|1757797750
|teamsize|p1|6
|teamsize|p2|6
|start
|switch|p1a: Tornadus|Tornadus-Therian, M|100/100
|switch|p2a: Slowking|Slowking-Galar, L99, M|100/100
|turn|1
|
|t:|1757797757
|move|p1a: Tornadus|Knock Off|p2a: Slowking
|-supereffective|p2a: Slowking
|-damage|p2a: Slowking|58/100
|-enditem|p2a: Slowking|Heavy-Duty Boots|[from] move: Knock Off|[of] p1a: Tornadus
|move|p2a: Slowking|Sludge Bomb|p1a: Tornadus
|-damage|p1a: Tornadus|77/100
|-status|p1a: Tornadus|psn
|
|-damage|p1a: Tornadus|65/100 psn|[from] psn
|upkeep
|turn|2
|
|t:|1757797762
|move|p1a: Tornadus|U-turn|p2a: Slowking
|-damage|p2a: Slowking|44/100
|
|t:|1757797764
|switch|p1a: Iron Crown|Iron Crown|100/100|[from] U-turn
|-prepare|p2a: Slowking|Chilly Reception|[premajor]
|move|p2a: Slowking|Chilly Reception|p2a: Slowking
|-weather|Snowscape
|
|t:|1757797770
|switch|p2a: Ting-Lu|Ting-Lu|100/100|[from] Chilly Reception
|-ability|p2a: Ting-Lu|Vessel of Ruin
|
|-weather|Snowscape|[upkeep]
|upkeep
|turn|3
|
|t:|1757797776
|-end|p1a: Iron Crown|Quark Drive|[silent]
|switch|p1a: Great Tusk|Great Tusk|100/100
|move|p2a: Ting-Lu|Earthquake|p1a: Great Tusk
|-damage|p1a: Great Tusk|73/100
|
|-weather|Snowscape|[upkeep]
|upkeep
|turn|4
|l| FaronAan
|
|t:|1757797780
|switch|p2a: Corviknight|Corviknight, M|100/100
|-ability|p2a: Corviknight|Pressure
|move|p1a: Great Tusk|Stealth Rock|p2a: Corviknight
|-sidestart|p2: end64|move: Stealth Rock
|
|-weather|Snowscape|[upkeep]
|upkeep
|turn|5
|
|t:|1757797782
|-end|p1a: Great Tusk|Protosynthesis|[silent]
|switch|p1a: Iron Crown|Iron Crown|100/100
|move|p2a: Corviknight|Defog|p1a: Iron Crown
|-unboost|p1a: Iron Crown|evasion|1
|-sideend|p2: end64|Stealth Rock|[from] move: Defog|[of] p2a: Corviknight
|
|-weather|Snowscape|[upkeep]
|upkeep
|turn|6
|
|t:|1757797790
|switch|p2a: Ting-Lu|Ting-Lu|100/100
|-ability|p2a: Ting-Lu|Vessel of Ruin
|move|p1a: Iron Crown|Future Sight|p2a: Ting-Lu
|-start|p1a: Iron Crown|move: Future Sight
|
|-weather|none
|upkeep
|turn|7
|
|t:|1757797811
|-end|p1a: Iron Crown|Quark Drive|[silent]
|switch|p1a: Tornadus|Tornadus-Therian, M|98/100 psn
|move|p2a: Ting-Lu|Earthquake|p1a: Tornadus
|-immune|p1a: Tornadus
|
|-damage|p1a: Tornadus|85/100 psn|[from] psn
|upkeep
|turn|8
|
|t:|1757797826
|switch|p2a: Corviknight|Corviknight, M|100/100
|-ability|p2a: Corviknight|Pressure
|move|p1a: Tornadus|Knock Off|p2a: Corviknight
|-damage|p2a: Corviknight|89/100
|-damage|p1a: Tornadus|69/100 psn|[from] item: Rocky Helmet|[of] p2a: Corviknight
|-enditem|p2a: Corviknight|Rocky Helmet|[from] move: Knock Off|[of] p1a: Tornadus
|
|-end|p2a: Corviknight|move: Future Sight
|-resisted|p2a: Corviknight
|-damage|p2a: Corviknight|61/100
|-damage|p1a: Tornadus|56/100 psn|[from] psn
|upkeep
|turn|9
|
|t:|1757797834
|switch|p2a: Slowking|Slowking-Galar, L99, M|77/100
|move|p1a: Tornadus|Heat Wave|p2a: Slowking
|-damage|p2a: Slowking|63/100
|
|-damage|p1a: Tornadus|44/100 psn|[from] psn
|upkeep
|turn|10
|
|t:|1757797840
|move|p1a: Tornadus|U-turn|p2a: Slowking
|-damage|p2a: Slowking|47/100
|
|t:|1757797842
|switch|p1a: Iron Crown|Iron Crown|100/100|[from] U-turn
|move|p2a: Slowking|Future Sight|p1a: Iron Crown
|-start|p2a: Slowking|move: Future Sight
|
|upkeep
|turn|11
|
|t:|1757797846
|move|p1a: Iron Crown|Future Sight|p2a: Slowking
|-start|p1a: Iron Crown|move: Future Sight
|-prepare|p2a: Slowking|Chilly Reception|[premajor]
|move|p2a: Slowking|Chilly Reception|p2a: Slowking
|-weather|Snowscape
|
|t:|1757797855
|switch|p2a: Cinderace|Cinderace, M|100/100|[from] Chilly Reception
|
|-weather|Snowscape|[upkeep]
|upkeep
|turn|12
|
|t:|1757797865
|-end|p1a: Iron Crown|Quark Drive|[silent]
|switch|p1a: Great Tusk|Great Tusk|73/100
|move|p2a: Cinderace|Will-O-Wisp|p1a: Great Tusk
|-status|p1a: Great Tusk|brn
|
|-weather|Snowscape|[upkeep]
|-end|p1a: Great Tusk|move: Future Sight
|-supereffective|p1a: Great Tusk
|-damage|p1a: Great Tusk|0 fnt
|faint|p1a: Great Tusk
|-end|p1a: Great Tusk|Protosynthesis|[silent]
|upkeep
|
|t:|1757797870
|switch|p1a: Hatterene|Hatterene, F|100/100
|turn|13
|
|t:|1757797877
|move|p2a: Cinderace|U-turn|p1a: Hatterene
|-damage|p1a: Hatterene|84/100
|
|t:|1757797879
|switch|p2a: Slowking|Slowking-Galar, L99, M|81/100|[from] U-turn
|move|p1a: Hatterene|Nuzzle|p2a: Slowking
|-damage|p2a: Slowking|77/100
|-status|p2a: Slowking|par
|
|-weather|Snowscape|[upkeep]
|-end|p2a: Slowking|move: Future Sight
|-damage|p2a: Slowking|40/100 par
|upkeep
|turn|14
|
|t:|1757797883
|move|p1a: Hatterene|Psychic Noise|p2a: Slowking
|-damage|p2a: Slowking|19/100 par
|-start|p2a: Slowking|move: Heal Block
|move|p2a: Slowking|Future Sight|p1a: Hatterene
|-start|p2a: Slowking|move: Future Sight
|
|-weather|Snowscape|[upkeep]
|upkeep
|turn|15
|
|t:|1757797890
|switch|p2a: Ting-Lu|Ting-Lu|100/100
|-ability|p2a: Ting-Lu|Vessel of Ruin
|move|p1a: Hatterene|Draining Kiss|p2a: Ting-Lu
|-supereffective|p2a: Ting-Lu
|-damage|p2a: Ting-Lu|83/100
|-heal|p1a: Hatterene|100/100|[from] drain|[of] p2a: Ting-Lu
|
|-weather|none
|-heal|p2a: Ting-Lu|89/100|[from] item: Leftovers
|upkeep
|turn|16
|
|t:|1757797895
|move|p2a: Ting-Lu|Payback|p1a: Hatterene
|-damage|p1a: Hatterene|82/100
|move|p1a: Hatterene|Draining Kiss|p2a: Ting-Lu
|-supereffective|p2a: Ting-Lu
|-damage|p2a: Ting-Lu|71/100
|-heal|p1a: Hatterene|100/100|[from] drain|[of] p2a: Ting-Lu
|
|-end|p1a: Hatterene|move: Future Sight
|-resisted|p1a: Hatterene
|-damage|p1a: Hatterene|90/100
|-heal|p2a: Ting-Lu|77/100|[from] item: Leftovers
|upkeep
|turn|17
|
|t:|1757797901
|move|p2a: Ting-Lu|Earthquake|p1a: Hatterene
|-damage|p1a: Hatterene|57/100
|move|p1a: Hatterene|Draining Kiss|p2a: Ting-Lu
|-supereffective|p2a: Ting-Lu
|-damage|p2a: Ting-Lu|58/100
|-heal|p1a: Hatterene|79/100|[from] drain|[of] p2a: Ting-Lu
|
|-heal|p2a: Ting-Lu|64/100|[from] item: Leftovers
|upkeep
|turn|18
|
|t:|1757797910
|switch|p2a: Slowking|Slowking-Galar, L99, M|52/100 par
|switch|p1a: Tornadus|Tornadus-Therian, M|77/100 psn
|
|-damage|p1a: Tornadus|65/100 psn|[from] psn
|upkeep
|turn|19
|
|t:|1757797920
|move|p1a: Tornadus|Bleakwind Storm|p2a: Slowking
|-damage|p2a: Slowking|27/100 par
|-unboost|p2a: Slowking|spe|1
|-prepare|p2a: Slowking|Chilly Reception|[premajor]
|move|p2a: Slowking|Chilly Reception|p2a: Slowking
|-weather|Snowscape
|
|t:|1757797926
|switch|p2a: Ting-Lu|Ting-Lu|64/100|[from] Chilly Reception
|-ability|p2a: Ting-Lu|Vessel of Ruin
|
|-weather|Snowscape|[upkeep]
|-heal|p2a: Ting-Lu|71/100|[from] item: Leftovers
|-damage|p1a: Tornadus|52/100 psn|[from] psn
|upkeep
|turn|20
|
|t:|1757797930
|switch|p2a: Slowking|Slowking-Galar, L99, M|60/100 par
|move|p1a: Tornadus|U-turn|p2a: Slowking
|-damage|p2a: Slowking|44/100 par
|
|t:|1757797936
|switch|p1a: Kingambit|Kingambit, F, shiny|100/100|[from] U-turn
|-activate|p1a: Kingambit|ability: Supreme Overlord
|-start|p1a: Kingambit|fallen1|[silent]
|
|-weather|Snowscape|[upkeep]
|upkeep
|turn|21
|
|t:|1757797942
|-end|p1a: Kingambit|fallen1|[silent]
|switch|p1a: Iron Crown|Iron Crown|100/100
|switch|p2a: Dondozo|Dondozo, M|100/100
|
|-weather|Snowscape|[upkeep]
|upkeep
|turn|22
|
|t:|1757797955
|switch|p2a: Cinderace|Cinderace, M|100/100
|move|p1a: Iron Crown|Future Sight|p2a: Cinderace
|-start|p1a: Iron Crown|move: Future Sight
|
|-weather|Snowscape|[upkeep]
|upkeep
|turn|23
|
|t:|1757797966
|-end|p1a: Iron Crown|Quark Drive|[silent]
|switch|p1a: Hatterene|Hatterene, F|79/100
|move|p2a: Cinderace|U-turn|p1a: Hatterene
|-damage|p1a: Hatterene|62/100
|j| RagingBoltLover
|
|t:|1757797969
|switch|p2a: Slowking|Slowking-Galar, L99, M|77/100 par|[from] U-turn
|
|-weather|none
|upkeep
|turn|24
|
|t:|1757797976
|move|p1a: Hatterene|Psychic Noise|p2a: Slowking
|-damage|p2a: Slowking|58/100 par
|-start|p2a: Slowking|move: Heal Block
|move|p2a: Slowking|Sludge Bomb|p1a: Hatterene
|-supereffective|p1a: Hatterene
|-damage|p1a: Hatterene|25/100
|
|-end|p2a: Slowking|move: Future Sight
|-damage|p2a: Slowking|24/100 par
|upkeep
|turn|25
|
|t:|1757797984
|switch|p2a: Ting-Lu|Ting-Lu|71/100
|-ability|p2a: Ting-Lu|Vessel of Ruin
|move|p1a: Hatterene|Draining Kiss|p2a: Ting-Lu
|-supereffective|p2a: Ting-Lu
|-damage|p2a: Ting-Lu|52/100
|-heal|p1a: Hatterene|47/100|[from] drain|[of] p2a: Ting-Lu
|
|-heal|p2a: Ting-Lu|58/100|[from] item: Leftovers
|upkeep
|turn|26
|
|t:|1757797988
|move|p2a: Ting-Lu|Rest|p2a: Ting-Lu
|-status|p2a: Ting-Lu|slp|[from] move: Rest
|-heal|p2a: Ting-Lu|100/100 slp|[silent]
|move|p1a: Hatterene|Draining Kiss|p2a: Ting-Lu
|-supereffective|p2a: Ting-Lu
|-damage|p2a: Ting-Lu|83/100 slp
|-heal|p1a: Hatterene|69/100|[from] drain|[of] p2a: Ting-Lu
|
|-heal|p2a: Ting-Lu|89/100 slp|[from] item: Leftovers
|upkeep
|turn|27
|
|t:|1757797991
|cant|p2a: Ting-Lu|slp
|move|p2a: Ting-Lu|Sleep Talk|p2a: Ting-Lu
|move|p2a: Ting-Lu|Earthquake|p1a: Hatterene|[from] move: Sleep Talk
|-damage|p1a: Hatterene|33/100
|move|p1a: Hatterene|Draining Kiss|p2a: Ting-Lu
|-supereffective|p2a: Ting-Lu
|-damage|p2a: Ting-Lu|68/100 slp
|-heal|p1a: Hatterene|58/100|[from] drain|[of] p2a: Ting-Lu
|
|-heal|p2a: Ting-Lu|74/100 slp|[from] item: Leftovers
|upkeep
|turn|28
|
|t:|1757797994
|switch|p2a: Slowking|Slowking-Galar, L99, M|58/100 par
|move|p1a: Hatterene|Draining Kiss|p2a: Slowking
|-resisted|p2a: Slowking
|-damage|p2a: Slowking|51/100 par
|-heal|p1a: Hatterene|64/100|[from] drain|[of] p2a: Slowking
|
|upkeep
|turn|29
|
|t:|1757797997
|move|p1a: Hatterene|Psychic Noise|p2a: Slowking
|-damage|p2a: Slowking|32/100 par
|-start|p2a: Slowking|move: Heal Block
|move|p2a: Slowking|Sludge Bomb|p1a: Hatterene
|-supereffective|p1a: Hatterene
|-damage|p1a: Hatterene|25/100
|
|upkeep
|turn|30
|
|t:|1757798004
|switch|p2a: Ting-Lu|Ting-Lu|74/100 slp
|-ability|p2a: Ting-Lu|Vessel of Ruin
|move|p1a: Hatterene|Psychic Noise|p2a: Ting-Lu
|-immune|p2a: Ting-Lu
|
|-heal|p2a: Ting-Lu|80/100 slp|[from] item: Leftovers
|upkeep
|turn|31
|
|t:|1757798009
|switch|p2a: Slowking|Slowking-Galar, L99, M|65/100 par
|move|p1a: Hatterene|Draining Kiss|p2a: Slowking
|-resisted|p2a: Slowking
|-damage|p2a: Slowking|59/100 par
|-heal|p1a: Hatterene|31/100|[from] drain|[of] p2a: Slowking
|
|upkeep
|turn|32
|
|t:|1757798012
|switch|p1a: Tornadus|Tornadus-Therian, M|85/100 psn
|move|p2a: Slowking|Sludge Bomb|p1a: Tornadus
|-damage|p1a: Tornadus|65/100 psn
|
|-damage|p1a: Tornadus|52/100 psn|[from] psn
|upkeep
|turn|33
|
|t:|1757798023
|move|p1a: Tornadus|Knock Off|p2a: Slowking
|-supereffective|p2a: Slowking
|-damage|p2a: Slowking|32/100 par
|-prepare|p2a: Slowking|Chilly Reception|[premajor]
|move|p2a: Slowking|Chilly Reception|p2a: Slowking
|-weather|Snowscape
|
|t:|1757798027
|switch|p2a: Kyurem|Kyurem|100/100|[from] Chilly Reception
|-ability|p2a: Kyurem|Pressure
|
|-weather|Snowscape|[upkeep]
|-damage|p1a: Tornadus|40/100 psn|[from] psn
|upkeep
|turn|34
|
|t:|1757798033
|switch|p2a: Slowking|Slowking-Galar, L99, M|65/100 par
|move|p1a: Tornadus|Knock Off|p2a: Slowking
|-supereffective|p2a: Slowking
|-damage|p2a: Slowking|39/100 par
|
|-weather|Snowscape|[upkeep]
|-damage|p1a: Tornadus|27/100 psn|[from] psn
|upkeep
|turn|35
|
|t:|1757798038
|move|p1a: Tornadus|U-turn|p2a: Slowking
|-damage|p2a: Slowking|24/100 par
|
|t:|1757798040
|switch|p1a: Iron Crown|Iron Crown|100/100|[from] U-turn
|move|p2a: Slowking|Future Sight|p1a: Iron Crown
|-start|p2a: Slowking|move: Future Sight
|
|-weather|Snowscape|[upkeep]
|upkeep
|turn|36
|
|t:|1757798047
|switch|p2a: Cinderace|Cinderace, M|100/100
|move|p1a: Iron Crown|Future Sight|p2a: Cinderace
|-start|p1a: Iron Crown|move: Future Sight
|
|-weather|Snowscape|[upkeep]
|upkeep
|turn|37
|
|t:|1757798053
|-end|p1a: Iron Crown|Quark Drive|[silent]
|switch|p1a: Hatterene|Hatterene, F|31/100
|move|p2a: Cinderace|Will-O-Wisp|p1a: Hatterene
|move|p1a: Hatterene|Will-O-Wisp|p2a: Cinderace|[from] ability: Magic Bounce|[miss]
|-miss|p1a: Hatterene|p2a: Cinderace
|
|-weather|none
|-end|p1a: Hatterene|move: Future Sight
|-resisted|p1a: Hatterene
|-damage|p1a: Hatterene|16/100
|upkeep
|turn|38
|j| Dragonlatios1
|
|t:|1757798058
|move|p2a: Cinderace|U-turn|p1a: Hatterene
|-damage|p1a: Hatterene|0 fnt
|faint|p1a: Hatterene
|
|t:|1757798062
|switch|p2a: Ting-Lu|Ting-Lu|80/100 slp|[from] U-turn
|-ability|p2a: Ting-Lu|Vessel of Ruin
|
|-end|p2a: Ting-Lu|move: Future Sight
|-immune|p2a: Ting-Lu
|-heal|p2a: Ting-Lu|86/100 slp|[from] item: Leftovers
|upkeep
|
|t:|1757798074
|switch|p1a: Kingambit|Kingambit, F, shiny|100/100
|-activate|p1a: Kingambit|ability: Supreme Overlord
|-start|p1a: Kingambit|fallen2|[silent]
|turn|39
|
|t:|1757798080
|switch|p2a: Dondozo|Dondozo, M|100/100
|-terastallize|p1a: Kingambit|Fairy
|move|p1a: Kingambit|Tera Blast|p2a: Dondozo|[anim] Tera Blast Fairy
|-damage|p2a: Dondozo|78/100
|
|-heal|p2a: Dondozo|84/100|[from] item: Leftovers
|upkeep
|turn|40
|
|t:|1757798084
|-end|p1a: Kingambit|fallen2|[silent]
|switch|p1a: Iron Crown|Iron Crown|100/100
|move|p2a: Dondozo|Curse|p2a: Dondozo
|-unboost|p2a: Dondozo|spe|1
|-boost|p2a: Dondozo|atk|1
|-boost|p2a: Dondozo|def|1
|
|-heal|p2a: Dondozo|90/100|[from] item: Leftovers
|upkeep
|turn|41
|
|t:|1757798088
|switch|p2a: Cinderace|Cinderace, M|100/100
|move|p1a: Iron Crown|Volt Switch|p2a: Cinderace
|-damage|p2a: Cinderace|74/100
|
|t:|1757798091
|-end|p1a: Iron Crown|Quark Drive|[silent]
|switch|p1a: Tornadus|Tornadus-Therian, M|60/100 psn|[from] Volt Switch
|
|-damage|p1a: Tornadus|48/100 psn|[from] psn
|upkeep
|turn|42
|
|t:|1757798094
|move|p2a: Cinderace|Pyro Ball|p1a: Tornadus|[miss]
|-miss|p2a: Cinderace|p1a: Tornadus
|move|p1a: Tornadus|Knock Off|p2a: Cinderace
|-crit|p2a: Cinderace
|-damage|p2a: Cinderace|39/100
|-enditem|p2a: Cinderace|Heavy-Duty Boots|[from] move: Knock Off|[of] p1a: Tornadus
|
|-damage|p1a: Tornadus|36/100 psn|[from] psn
|upkeep
|turn|43
|
|t:|1757798099
|switch|p1a: Zamazenta|Zamazenta|100/100
|-ability|p1a: Zamazenta|Dauntless Shield|boost
|-boost|p1a: Zamazenta|def|1
|move|p2a: Cinderace|Pyro Ball|p1a: Zamazenta
|-damage|p1a: Zamazenta|73/100
|
|-heal|p1a: Zamazenta|80/100|[from] item: Leftovers
|upkeep
|turn|44
|
|t:|1757798107
|switch|p2a: Corviknight|Corviknight, M|61/100
|-ability|p2a: Corviknight|Pressure
|move|p1a: Zamazenta|Body Press|p2a: Corviknight
|-damage|p2a: Corviknight|34/100
|
|-heal|p1a: Zamazenta|86/100|[from] item: Leftovers
|upkeep
|turn|45
|
|t:|1757798117
|move|p1a: Zamazenta|Iron Defense|p1a: Zamazenta
|-boost|p1a: Zamazenta|def|2
|move|p2a: Corviknight|Roost|p2a: Corviknight
|-heal|p2a: Corviknight|84/100
|-singleturn|p2a: Corviknight|move: Roost
|
|-heal|p1a: Zamazenta|92/100|[from] item: Leftovers
|upkeep
|turn|46
|
|t:|1757798125
|switch|p1a: Iron Crown|Iron Crown|100/100
|switch|p2a: Slowking|Slowking-Galar, L99, M|57/100 par
|
|upkeep
|turn|47
|
|t:|1757798136
|move|p1a: Iron Crown|Future Sight|p2a: Slowking
|-start|p1a: Iron Crown|move: Future Sight
|-prepare|p2a: Slowking|Chilly Reception|[premajor]
|move|p2a: Slowking|Chilly Reception|p2a: Slowking
|-weather|Snowscape
|
|t:|1757798146
|switch|p2a: Kyurem|Kyurem|100/100|[from] Chilly Reception
|-ability|p2a: Kyurem|Pressure
|
|-weather|Snowscape|[upkeep]
|upkeep
|turn|48
|
|t:|1757798149
|move|p2a: Kyurem|Protect|p2a: Kyurem
|-singleturn|p2a: Kyurem|Protect
|move|p1a: Iron Crown|Tachyon Cutter|p2a: Kyurem
|-activate|p2a: Kyurem|move: Protect
|
|-weather|Snowscape|[upkeep]
|upkeep
|turn|49
|
|t:|1757798152
|switch|p2a: Ting-Lu|Ting-Lu|86/100 slp
|-ability|p2a: Ting-Lu|Vessel of Ruin
|move|p1a: Iron Crown|Tachyon Cutter|p2a: Ting-Lu
|-damage|p2a: Ting-Lu|76/100 slp
|-damage|p2a: Ting-Lu|64/100 slp
|-hitcount|p2a: Ting-Lu|2
|
|-weather|Snowscape|[upkeep]
|-end|p2a: Ting-Lu|move: Future Sight
|-immune|p2a: Ting-Lu
|-heal|p2a: Ting-Lu|71/100 slp|[from] item: Leftovers
|upkeep
|turn|50
|
|t:|1757798156
|-end|p1a: Iron Crown|Quark Drive|[silent]
|switch|p1a: Zamazenta|Zamazenta|92/100
|cant|p2a: Ting-Lu|slp
|move|p2a: Ting-Lu|Sleep Talk|p2a: Ting-Lu
|move|p2a: Ting-Lu|Payback|p1a: Zamazenta|[from] move: Sleep Talk
|-resisted|p1a: Zamazenta
|-damage|p1a: Zamazenta|85/100
|
|-weather|Snowscape|[upkeep]
|-heal|p1a: Zamazenta|91/100|[from] item: Leftovers
|-heal|p2a: Ting-Lu|77/100 slp|[from] item: Leftovers
|upkeep
|turn|51
|
|t:|1757798161
|switch|p2a: Slowking|Slowking-Galar, L99, M|90/100 par
|move|p1a: Zamazenta|Iron Defense|p1a: Zamazenta
|-boost|p1a: Zamazenta|def|2
|
|-weather|none
|-heal|p1a: Zamazenta|97/100|[from] item: Leftovers
|upkeep
|turn|52
|
|t:|1757798168
|move|p1a: Zamazenta|Crunch|p2a: Slowking
|-supereffective|p2a: Slowking
|-damage|p2a: Slowking|45/100 par
|move|p2a: Slowking|Toxic|p1a: Zamazenta
|-status|p1a: Zamazenta|tox
|
|-heal|p1a: Zamazenta|100/100 tox|[from] item: Leftovers
|-damage|p1a: Zamazenta|94/100 tox|[from] psn
|upkeep
|turn|53
|-message|Flex Plays Only forfeited.
|
|win|end64
|raw|Flex Plays Only's rating: 1821 &rarr; <strong>1799</strong><br />(-22 for losing)
|raw|end64's rating: 1783 &rarr; <strong>1805</strong><br />(+22 for winning)
|l|☆Flex Plays Only
|player|p1|
|l|☆end64
|player|p2|
|l| Dragonlatios1
|l| RagingBoltLover
