|badge|p2|bronze|gen9ou|100-6
|uhtml|medal-msg|<div class="broadcast-blue">Curious what those medals under the avatar are? PS now has Ladder Seasons! For more information, check out the <a href="https://www.smogon.com/forums/threads/3740067/">thread on Smogon.</a></div>
|j|☆yesterdaymister
|j|☆54 insane rats
|inactive|Battle timer is ON: inactive players will automatically lose when time's up.
|t:|1757792149
|gametype|singles
|player|p1|yesterdaymister|striker|
|player|p2|54 insane rats|supernerd|
|gen|9
|tier|[Gen 9] OU
|rated|Tournament battle
|rule|HP Percentage Mod: HP is shown in percentages
|rule|Endless Battle Clause: Forcing endless battles is banned
|rule|Species Clause: Limit one of each Pokémon
|rule|OHKO Clause: OHKO moves are banned
|rule|Evasion Items Clause: Evasion items are banned
|rule|Evasion Moves Clause: Evasion moves are banned
|rule|Evasion Abilities Clause: Evasion abilities are banned
|rule|Sleep Moves Clause: Sleep-inducing moves are banned
|clearpoke
|poke|p1|Ninetales, M|
|poke|p1|Ceruledge, F|
|poke|p1|Venusaur, F|
|poke|p1|Hatterene, F|
|poke|p1|Great Tusk|
|poke|p1|Walking Wake|
|poke|p2|Tyranitar, M|
|poke|p2|Excadrill, M|
|poke|p2|Kingambit, F|
|poke|p2|Garchomp, F|
|poke|p2|Pecharunt|
|poke|p2|Rotom-Wash|
|teampreview
|inactive|yesterdaymister also wants the timer to be on.
|inactive|54 insane rats also wants the timer to be on.
|j| Albrtix
|j| AbrarS
|
|t:|1757792156
|teamsize|p1|6
|teamsize|p2|6
|start
|switch|p1a: arda guler|Ninetales, M|100/100
|switch|p2a: Rotom|Rotom-Wash|100/100
|-weather|SunnyDay|[from] ability: Drought|[of] p1a: arda guler
|turn|1
|
|t:|1757792162
|switch|p1a: maccabi|Hatterene, F|100/100
|switch|p2a: Tyranitar|Tyranitar, M|100/100
|-weather|Sandstorm|[from] ability: Sand Stream|[of] p2a: Tyranitar
|
|-weather|Sandstorm|[upkeep]
|-damage|p1a: maccabi|95/100|[from] Sandstorm
|upkeep
|turn|2
|c| AbrarS|Enter Sandman
|
|t:|1757792183
|move|p2a: Tyranitar|Knock Off|p1a: maccabi
|-damage|p1a: maccabi|61/100
|-enditem|p1a: maccabi|Eject Button|[from] move: Knock Off|[of] p2a: Tyranitar
|move|p1a: maccabi|Dazzling Gleam|p2a: Tyranitar
|-supereffective|p2a: Tyranitar
|-damage|p2a: Tyranitar|71/100
|
|-weather|Sandstorm|[upkeep]
|-damage|p1a: maccabi|55/100|[from] Sandstorm
|upkeep
|turn|3
|
|t:|1757792211
|switch|p2a: Excadrill|Excadrill, M|100/100
|move|p1a: maccabi|Dazzling Gleam|p2a: Excadrill
|-resisted|p2a: Excadrill
|-damage|p2a: Excadrill|78/100
|
|-weather|Sandstorm|[upkeep]
|-damage|p1a: maccabi|49/100|[from] Sandstorm
|upkeep
|turn|4
|
|t:|1757792228
|switch|p1a: mignolet|Great Tusk|100/100
|move|p2a: Excadrill|Earthquake|p1a: mignolet
|-damage|p1a: mignolet|55/100
|-damage|p2a: Excadrill|68/100|[from] item: Life Orb
|
|-weather|Sandstorm|[upkeep]
|upkeep
|turn|5
|j| cryyysneasel
|inactive|54 insane rats has 120 seconds left.
|
|t:|1757792255
|-terastallize|p2a: Excadrill|Ground
|move|p2a: Excadrill|Earthquake|p1a: mignolet
|-damage|p1a: mignolet|0 fnt
|faint|p1a: mignolet
|-end|p1a: mignolet|Protosynthesis|[silent]
|-damage|p2a: Excadrill|58/100|[from] item: Life Orb
|
|-weather|Sandstorm|[upkeep]
|upkeep
|
|t:|1757792271
|switch|p1a: lebron|Ceruledge, F|100/100
|turn|6
|
|t:|1757792280
|switch|p2a: Rotom|Rotom-Wash|100/100
|switch|p1a: maccabi|Hatterene, F|49/100
|
|-weather|Sandstorm|[upkeep]
|-damage|p2a: Rotom|94/100|[from] Sandstorm
|-damage|p1a: maccabi|43/100|[from] Sandstorm
|-heal|p2a: Rotom|100/100|[from] item: Leftovers
|upkeep
|turn|7
|
|t:|1757792285
|move|p2a: Rotom|Hydro Pump|p1a: maccabi
|-damage|p1a: maccabi|1/100
|move|p1a: maccabi|Nuzzle|p2a: Rotom
|-damage|p2a: Rotom|98/100
|
|-weather|Sandstorm|[upkeep]
|-damage|p2a: Rotom|91/100|[from] Sandstorm
|-damage|p1a: maccabi|0 fnt|[from] Sandstorm
|faint|p1a: maccabi
|-heal|p2a: Rotom|98/100|[from] item: Leftovers
|upkeep
|
|t:|1757792307
|switch|p1a: arda guler|Ninetales, M|100/100
|-weather|SunnyDay|[from] ability: Drought|[of] p1a: arda guler
|turn|8
|c| AbrarS|Here comes the sun
|j| MrBrownShowdown
|inactive|yesterdaymister has 120 seconds left.
|l| MrBrownShowdown
|
|t:|1757792351
|switch|p1a: chama|Walking Wake|100/100
|-activate|p1a: chama|ability: Protosynthesis
|-start|p1a: chama|protosynthesisspa
|move|p2a: Rotom|Volt Switch|p1a: chama
|-damage|p1a: chama|69/100
|inactive|54 insane rats has 120 seconds left.
|
|t:|1757792383
|switch|p2a: Tyranitar|Tyranitar, M|71/100|[from] Volt Switch
|-weather|Sandstorm|[from] ability: Sand Stream|[of] p2a: Tyranitar
|-end|p1a: chama|Protosynthesis
|
|-weather|Sandstorm|[upkeep]
|-damage|p1a: chama|63/100|[from] Sandstorm
|upkeep
|turn|9
|
|t:|1757792393
|-end|p1a: chama|Protosynthesis|[silent]
|switch|p1a: arda guler|Ninetales, M|100/100
|-weather|SunnyDay|[from] ability: Drought|[of] p1a: arda guler
|move|p2a: Tyranitar|Knock Off|p1a: arda guler
|-damage|p1a: arda guler|47/100
|-enditem|p1a: arda guler|Heat Rock|[from] move: Knock Off|[of] p2a: Tyranitar
|
|-weather|SunnyDay|[upkeep]
|upkeep
|turn|10
|j| Dgnerado
|inactive|yesterdaymister has 120 seconds left.
|l| AbrarS
|
|t:|1757792407
|move|p1a: arda guler|Healing Wish|p1a: arda guler
|faint|p1a: arda guler
|move|p2a: Tyranitar|Stealth Rock|p1: arda guler
|-sidestart|p1: yesterdaymister|move: Stealth Rock
|
|-weather|SunnyDay|[upkeep]
|upkeep
|-message|yesterdaymister forfeited.
|
|win|54 insane rats
|n|☆yesterdaymister|yesterdaymister
|n|☆54 insane rats|54insanerats
|n| Albrtix|albrtix
|n| cryyysneasel|cryyysneasel
|n| Dgnerado|dgnerado
|l|☆yesterdaymister
|player|p1|
|l| Dgnerado
|l|☆54 insane rats
|player|p2|
