|j|☆Permanultimatum
|j|☆chamu rye
|t:|1757928173
|gametype|singles
|player|p1|Permanultimatum|scientist-gen4|1296
|player|p2|chamu rye|lucas|1266
|gen|9
|tier|[Gen 9] OU
|rated|
|rule|HP Percentage Mod: HP is shown in percentages
|rule|Endless Battle Clause: Forcing endless battles is banned
|rule|Species Clause: Limit one of each Pokémon
|rule|OHKO Clause: OHKO moves are banned
|rule|Evasion Items Clause: Evasion items are banned
|rule|Evasion Moves Clause: Evasion moves are banned
|rule|Evasion Abilities Clause: Evasion abilities are banned
|rule|Sleep Moves Clause: Sleep-inducing moves are banned
|clearpoke
|poke|p1|Porygon-Z|
|poke|p1|Dragonite, M|
|poke|p1|Lokix, M|
|poke|p1|Alomomola, F|
|poke|p1|Deoxys-Defense|
|poke|p1|Samurott-Hisui, F|
|poke|p2|Milotic, F|
|poke|p2|Comfey, F|
|poke|p2|Scizor, F|
|poke|p2|Rotom-Heat|
|poke|p2|Heracross, M|
|poke|p2|Tyranitar, F|
|teampreview
|inactive|Battle timer is ON: inactive players will automatically lose when time's up. (requested by chamu rye)
|
|t:|1757928179
|teamsize|p1|6
|teamsize|p2|6
|start
|switch|p1a: Lokix|Lokix, M|100/100
|switch|p2a: Tyranitar|Tyranitar, F|100/100
|-weather|Sandstorm|[from] ability: Sand Stream|[of] p2a: Tyranitar
|turn|1
|
|t:|1757928191
|-terastallize|p2a: Tyranitar|Flying
|move|p1a: Lokix|U-turn|p2a: Tyranitar
|-resisted|p2a: Tyranitar
|-damage|p2a: Tyranitar|79/100
|
|t:|1757928202
|switch|p1a: Samurott|Samurott-Hisui, F|100/100|[from] U-turn
|move|p2a: Tyranitar|Stone Edge|p1a: Samurott
|-damage|p1a: Samurott|23/100
|
|-weather|Sandstorm|[upkeep]
|-damage|p1a: Samurott|17/100|[from] Sandstorm
|-damage|p2a: Tyranitar|73/100|[from] Sandstorm
|upkeep
|turn|2
|
|t:|1757928214
|move|p1a: Samurott|Flip Turn|p2a: Tyranitar
|-damage|p2a: Tyranitar|54/100
|
|t:|1757928218
|switch|p1a: Alomomola|Alomomola, F|100/100|[from] Flip Turn
|move|p2a: Tyranitar|Stealth Rock|p1a: Alomomola
|-sidestart|p1: Permanultimatum|move: Stealth Rock
|
|-weather|Sandstorm|[upkeep]
|-damage|p2a: Tyranitar|48/100|[from] Sandstorm
|-damage|p1a: Alomomola|94/100|[from] Sandstorm
|upkeep
|turn|3
|
|t:|1757928227
|move|p2a: Tyranitar|Knock Off|p1a: Alomomola
|-crit|p1a: Alomomola
|-damage|p1a: Alomomola|46/100
|-enditem|p1a: Alomomola|Heavy-Duty Boots|[from] move: Knock Off|[of] p2a: Tyranitar
|move|p1a: Alomomola|Wish|p1a: Alomomola
|
|-weather|Sandstorm|[upkeep]
|-damage|p2a: Tyranitar|42/100|[from] Sandstorm
|-damage|p1a: Alomomola|40/100|[from] Sandstorm
|upkeep
|turn|4
|
|t:|1757928236
|move|p2a: Tyranitar|Body Slam|p1a: Alomomola
|-damage|p1a: Alomomola|22/100
|move|p1a: Alomomola|Flip Turn|p2a: Tyranitar
|-damage|p2a: Tyranitar|29/100
|
|t:|1757928241
|switch|p1a: Samurott|Samurott-Hisui, F|17/100|[from] Flip Turn
|-damage|p1a: Samurott|4/100|[from] Stealth Rock
|
|-weather|Sandstorm|[upkeep]
|-damage|p1a: Samurott|0 fnt|[from] Sandstorm
|-damage|p2a: Tyranitar|22/100|[from] Sandstorm
|faint|p1a: Samurott
|upkeep
|
|t:|1757928249
|switch|p1a: Porygon-Z|Porygon-Z|100/100
|-ability|p1a: Porygon-Z|Download|boost
|-boost|p1a: Porygon-Z|spa|1
|turn|5
|
|t:|1757928263
|move|p1a: Porygon-Z|Thunderbolt|p2a: Tyranitar
|-supereffective|p2a: Tyranitar
|-damage|p2a: Tyranitar|0 fnt
|faint|p2a: Tyranitar
|
|-weather|none
|upkeep
|inactive|chamu rye has 120 seconds left.
|
|t:|1757928299
|switch|p2a: Heracross|Heracross, M|100/100
|turn|6
|
|t:|1757928311
|switch|p1a: Dragonite|Dragonite, M|100/100
|move|p2a: Heracross|Close Combat|p1a: Dragonite
|-resisted|p1a: Dragonite
|-damage|p1a: Dragonite|83/100
|-unboost|p2a: Heracross|def|1
|-unboost|p2a: Heracross|spd|1
|
|upkeep
|turn|7
|inactive|chamu rye has 120 seconds left.
|
|t:|1757928320
|switch|p2a: Comfey|Comfey, F|100/100
|move|p1a: Dragonite|Dragon Dance|p1a: Dragonite
|-boost|p1a: Dragonite|atk|1
|-boost|p1a: Dragonite|spe|1
|
|upkeep
|turn|8
|
|t:|1757928330
|-terastallize|p1a: Dragonite|Fire
|move|p1a: Dragonite|Dragon Dance|p1a: Dragonite
|-boost|p1a: Dragonite|atk|1
|-boost|p1a: Dragonite|spe|1
|move|p2a: Comfey|Leech Seed|p1a: Dragonite|[miss]
|-miss|p2a: Comfey|p1a: Dragonite
|
|upkeep
|turn|9
|inactive|Permanultimatum has 120 seconds left.
|
|t:|1757928378
|switch|p2a: Milotic|Milotic, F|100/100
|move|p1a: Dragonite|Fire Punch|p2a: Milotic
|-resisted|p2a: Milotic
|-damage|p2a: Milotic|70/100
|
|-status|p2a: Milotic|brn|[from] item: Flame Orb
|upkeep
|turn|10
|
|t:|1757928387
|move|p1a: Dragonite|Dragon Claw|p2a: Milotic
|-damage|p2a: Milotic|21/100 brn
|move|p2a: Milotic|Haze|p2a: Milotic
|-clearallboost
|
|-damage|p2a: Milotic|15/100 brn|[from] brn
|upkeep
|turn|11
|
|t:|1757928399
|move|p1a: Dragonite|Dragon Claw|p2a: Milotic
|-damage|p2a: Milotic|0 fnt
|faint|p2a: Milotic
|
|upkeep
|
|t:|1757928408
|switch|p2a: Heracross|Heracross, M|100/100
|turn|12
|
|t:|1757928414
|switch|p1a: Deoxys|Deoxys-Defense|100/100
|-ability|p1a: Deoxys|Pressure
|move|p2a: Heracross|Earthquake|p1a: Deoxys
|-damage|p1a: Deoxys|74/100
|
|upkeep
|turn|13
|
|t:|1757928422
|switch|p2a: Comfey|Comfey, F|100/100
|move|p1a: Deoxys|Teleport|p1a: Deoxys
|
|t:|1757928433
|switch|p1a: Dragonite|Dragonite, M, tera:Fire|83/100|[from] Teleport
|
|upkeep
|turn|14
|
|t:|1757928442
|move|p1a: Dragonite|Dragon Dance|p1a: Dragonite
|-boost|p1a: Dragonite|atk|1
|-boost|p1a: Dragonite|spe|1
|move|p2a: Comfey|Leech Seed|p1a: Dragonite
|-start|p1a: Dragonite|move: Leech Seed
|
|-damage|p1a: Dragonite|70/100|[from] Leech Seed|[of] p2a: Comfey
|upkeep
|turn|15
|
|t:|1757928450
|move|p1a: Dragonite|Dragon Dance|p1a: Dragonite
|-boost|p1a: Dragonite|atk|1
|-boost|p1a: Dragonite|spe|1
|move|p2a: Comfey|Calm Mind|p2a: Comfey
|-boost|p2a: Comfey|spa|1
|-boost|p2a: Comfey|spd|1
|
|-damage|p1a: Dragonite|58/100|[from] Leech Seed|[of] p2a: Comfey
|upkeep
|turn|16
|
|t:|1757928464
|move|p1a: Dragonite|Fire Punch|p2a: Comfey
|-damage|p2a: Comfey|20/100
|-status|p2a: Comfey|brn
|move|p2a: Comfey|Calm Mind|p2a: Comfey
|-boost|p2a: Comfey|spa|1
|-boost|p2a: Comfey|spd|1
|
|-damage|p1a: Dragonite|46/100|[from] Leech Seed|[of] p2a: Comfey
|-heal|p2a: Comfey|37/100 brn|[silent]
|-damage|p2a: Comfey|31/100 brn|[from] brn
|upkeep
|turn|17
|
|t:|1757928477
|move|p2a: Comfey|Draining Kiss|p1a: Dragonite
|-resisted|p1a: Dragonite
|-damage|p1a: Dragonite|31/100
|-heal|p2a: Comfey|46/100 brn|[from] drain|[of] p1a: Dragonite
|move|p1a: Dragonite|Fire Punch|p2a: Comfey
|-damage|p2a: Comfey|0 fnt
|faint|p2a: Comfey
|
|upkeep
|
|t:|1757928492
|switch|p2a: Heracross|Heracross, M|100/100
|turn|18
|inactive|Permanultimatum has 120 seconds left.
|inactive|Permanultimatum has 90 seconds left.
|
|t:|1757928552
|switch|p2a: Rotom|Rotom-Heat|100/100
|move|p1a: Dragonite|Fire Punch|p2a: Rotom
|-resisted|p2a: Rotom
|-damage|p2a: Rotom|61/100
|
|-heal|p2a: Rotom|67/100|[from] item: Leftovers
|-damage|p1a: Dragonite|18/100|[from] Leech Seed|[of] p2a: Rotom
|-heal|p2a: Rotom|80/100|[silent]
|upkeep
|turn|19
|
|t:|1757928565
|move|p1a: Dragonite|Dragon Claw|p2a: Rotom
|-damage|p2a: Rotom|0 fnt
|faint|p2a: Rotom
|
|upkeep
|
|t:|1757928571
|switch|p2a: Scizor|Scizor, F|100/100
|turn|20
|
|t:|1757928577
|move|p2a: Scizor|Bullet Punch|p1a: Dragonite
|-resisted|p1a: Dragonite
|-damage|p1a: Dragonite|0 fnt
|faint|p1a: Dragonite
|
|upkeep
|
|t:|1757928590
|switch|p1a: Porygon-Z|Porygon-Z|100/100
|-ability|p1a: Porygon-Z|Download|boost
|-boost|p1a: Porygon-Z|spa|1
|turn|21
|
|t:|1757928596
|move|p1a: Porygon-Z|Thunderbolt|p2a: Scizor
|-damage|p2a: Scizor|40/100
|-enditem|p2a: Scizor|Sitrus Berry|[eat]
|-heal|p2a: Scizor|65/100|[from] item: Sitrus Berry
|move|p2a: Scizor|Swords Dance|p2a: Scizor
|-boost|p2a: Scizor|atk|2
|
|upkeep
|turn|22
|inactive|Permanultimatum has 120 seconds left.
|
|t:|1757928605
|switch|p1a: Deoxys|Deoxys-Defense|74/100
|-ability|p1a: Deoxys|Pressure
|move|p2a: Scizor|Bullet Punch|p1a: Deoxys
|-damage|p1a: Deoxys|21/100
|
|upkeep
|turn|23
|
|t:|1757928612
|move|p2a: Scizor|Bullet Punch|p1a: Deoxys
|-damage|p1a: Deoxys|0 fnt
|faint|p1a: Deoxys
|
|upkeep
|
|t:|1757928616
|switch|p1a: Alomomola|Alomomola, F|55/100
|-damage|p1a: Alomomola|43/100|[from] Stealth Rock
|turn|24
|
|t:|1757928627
|switch|p1a: Porygon-Z|Porygon-Z|100/100
|-ability|p1a: Porygon-Z|Download|boost
|-boost|p1a: Porygon-Z|spa|1
|move|p2a: Scizor|Dual Wingbeat|p1a: Porygon-Z
|-crit|p1a: Porygon-Z
|-damage|p1a: Porygon-Z|4/100
|-damage|p1a: Porygon-Z|0 fnt
|faint|p1a: Porygon-Z
|-hitcount|p1: Porygon-Z|2
|
|upkeep
|
|t:|1757928630
|switch|p1a: Alomomola|Alomomola, F|76/100
|-damage|p1a: Alomomola|64/100|[from] Stealth Rock
|turn|25
|
|t:|1757928642
|move|p2a: Scizor|Dual Wingbeat|p1a: Alomomola|[miss]
|-miss|p2a: Scizor|p1a: Alomomola
|move|p1a: Alomomola|Scald|p2a: Scizor
|-damage|p2a: Scizor|48/100
|-status|p2a: Scizor|brn
|
|-damage|p2a: Scizor|42/100 brn|[from] brn
|upkeep
|turn|26
|
|t:|1757928652
|move|p2a: Scizor|Dual Wingbeat|p1a: Alomomola
|-damage|p1a: Alomomola|52/100
|-damage|p1a: Alomomola|41/100
|-hitcount|p1a: Alomomola|2
|move|p1a: Alomomola|Wish|p1a: Alomomola
|
|-damage|p2a: Scizor|36/100 brn|[from] brn
|upkeep
|turn|27
|
|t:|1757928661
|move|p2a: Scizor|Bullet Punch|p1a: Alomomola
|-resisted|p1a: Alomomola
|-crit|p1a: Alomomola
|-damage|p1a: Alomomola|28/100
|move|p1a: Alomomola|Scald|p2a: Scizor
|-damage|p2a: Scizor|20/100 brn
|
|-heal|p1a: Alomomola|78/100|[from] move: Wish|[wisher] Alomomola
|-damage|p2a: Scizor|14/100 brn|[from] brn
|upkeep
|turn|28
|inactive|Permanultimatum has 120 seconds left.
|
|t:|1757928712
|move|p2a: Scizor|Dual Wingbeat|p1a: Alomomola
|-damage|p1a: Alomomola|65/100
|-damage|p1a: Alomomola|52/100
|-hitcount|p1a: Alomomola|2
|move|p1a: Alomomola|Wish|p1a: Alomomola
|
|-damage|p2a: Scizor|8/100 brn|[from] brn
|upkeep
|turn|29
|
|t:|1757928721
|move|p2a: Scizor|Dual Wingbeat|p1a: Alomomola|[miss]
|-miss|p2a: Scizor|p1a: Alomomola
|move|p1a: Alomomola|Scald|p2a: Scizor
|-damage|p2a: Scizor|0 fnt
|faint|p2a: Scizor
|
|-heal|p1a: Alomomola|100/100|[from] move: Wish|[wisher] Alomomola
|upkeep
|
|t:|1757928731
|switch|p2a: Heracross|Heracross, M|100/100
|turn|30
|
|t:|1757928736
|move|p2a: Heracross|Close Combat|p1a: Alomomola
|-damage|p1a: Alomomola|68/100
|-unboost|p2a: Heracross|def|1
|-unboost|p2a: Heracross|spd|1
|move|p1a: Alomomola|Acrobatics|p2a: Heracross
|-supereffective|p2a: Heracross
|-damage|p2a: Heracross|0 fnt
|faint|p2a: Heracross
|
|win|Permanultimatum
|raw|Permanultimatum's rating: 1296 &rarr; <strong>1319</strong><br />(+23 for winning)
|raw|chamu rye's rating: 1266 &rarr; <strong>1243</strong><br />(-23 for losing)
|l|☆chamu rye
|player|p2|
