|j|☆lee__lonnie__love
|j|☆ayo what the
|t:|1757842642
|gametype|singles
|player|p1|lee__lonnie__love|265|1169
|player|p2|ayo what the|bellelba|1208
|gen|9
|tier|[Gen 9] OU
|rated|
|rule|HP Percentage Mod: HP is shown in percentages
|rule|Endless Battle Clause: Forcing endless battles is banned
|rule|Species Clause: Limit one of each Pokémon
|rule|OHKO Clause: OHKO moves are banned
|rule|Evasion Items Clause: Evasion items are banned
|rule|Evasion Moves Clause: Evasion moves are banned
|rule|Evasion Abilities Clause: Evasion abilities are banned
|rule|Sleep Moves Clause: Sleep-inducing moves are banned
|clearpoke
|poke|p1|Thundurus, M|
|poke|p1|Kyurem|
|poke|p1|Dragapult, M|
|poke|p1|Skarmory, F|
|poke|p1|Serperior, F|
|poke|p1|Moltres|
|poke|p2|Ogerpon-Wellspring, F|
|poke|p2|Kingambit, M|
|poke|p2|Landorus-Therian, M|
|poke|p2|Glimmora, M|
|poke|p2|Dragapult, F|
|poke|p2|Iron Valiant|
|teampreview
|
|t:|1757842655
|teamsize|p1|6
|teamsize|p2|6
|start
|switch|p1a: Serperior|Serperior, F, shiny|100/100
|switch|p2a: Landorus|Landorus-Therian, M|100/100
|-ability|p2a: Landorus|Intimidate|boost
|-boost|p1a: Serperior|atk|1
|turn|1
|
|t:|1757842663
|move|p1a: Serperior|Glare|p2a: Landorus
|-status|p2a: Landorus|par
|move|p2a: Landorus|Taunt|p1a: Serperior
|-start|p1a: Serperior|move: Taunt
|
|upkeep
|turn|2
|
|t:|1757842672
|move|p1a: Serperior|Leaf Storm|p2a: Landorus
|-damage|p2a: Landorus|49/100 par
|-boost|p1a: Serperior|spa|2
|move|p2a: Landorus|Stealth Rock|p1a: Serperior
|-sidestart|p1: lee__lonnie__love|move: Stealth Rock
|
|upkeep
|turn|3
|
|t:|1757842684
|move|p1a: Serperior|Leaf Storm|p2a: Landorus
|-damage|p2a: Landorus|0 fnt
|-boost|p1a: Serperior|spa|2
|faint|p2a: Landorus
|
|upkeep
|
|t:|1757842690
|switch|p2a: Dragapult|Dragapult, F|100/100
|turn|4
|
|t:|1757842697
|-terastallize|p1a: Serperior|Fire
|move|p2a: Dragapult|Flamethrower|p1a: Serperior
|-resisted|p1a: Serperior
|-damage|p1a: Serperior|78/100
|move|p1a: Serperior|Leaf Storm|p2a: Dragapult
|-resisted|p2a: Dragapult
|-damage|p2a: Dragapult|11/100
|-boost|p1a: Serperior|spa|2
|
|-heal|p1a: Serperior|84/100|[from] item: Leftovers
|-end|p1a: Serperior|move: Taunt
|upkeep
|turn|5
|c|☆ayo what the|fuck
|c|☆ayo what the|gg bro
|
|t:|1757842718
|move|p2a: Dragapult|Flamethrower|p1a: Serperior
|-resisted|p1a: Serperior
|-damage|p1a: Serperior|60/100
|move|p1a: Serperior|Substitute|p1a: Serperior
|-start|p1a: Serperior|Substitute
|-damage|p1a: Serperior|35/100
|
|-heal|p1a: Serperior|41/100|[from] item: Leftovers
|upkeep
|turn|6
|c|☆lee__lonnie__love|gg
|
|t:|1757842729
|move|p2a: Dragapult|Flamethrower|p1a: Serperior
|-resisted|p1a: Serperior
|-activate|p1a: Serperior|move: Substitute|[damage]
|move|p1a: Serperior|Tera Blast|p2a: Dragapult|[anim] Tera Blast Fire
|-resisted|p2a: Dragapult
|-damage|p2a: Dragapult|0 fnt
|faint|p2a: Dragapult
|
|-heal|p1a: Serperior|47/100|[from] item: Leftovers
|upkeep
|
|t:|1757842738
|switch|p2a: Ogerpon|Ogerpon-Wellspring, F|100/100
|turn|7
|
|t:|1757842748
|-terastallize|p2a: Ogerpon|Water
|detailschange|p2a: Ogerpon|Ogerpon-Wellspring-Tera, F, tera:Water
|-ability|p2a: Ogerpon|Embody Aspect (Wellspring)|boost
|-boost|p2a: Ogerpon|spd|1
|move|p1a: Serperior|Leaf Storm|p2a: Ogerpon
|-supereffective|p2a: Ogerpon
|-damage|p2a: Ogerpon|0 fnt
|faint|p2a: Ogerpon
|detailschange|p2: Ogerpon|Ogerpon-Wellspring, F|[silent]
|
|-heal|p1a: Serperior|53/100|[from] item: Leftovers
|upkeep
|
|t:|1757842762
|switch|p2a: Iron Valiant|Iron Valiant|100/100
|-enditem|p2a: Iron Valiant|Booster Energy
|-activate|p2a: Iron Valiant|ability: Quark Drive|[fromitem]
|-start|p2a: Iron Valiant|quarkdrivespe
|turn|8
|
|t:|1757842769
|move|p2a: Iron Valiant|Knock Off|p1a: Serperior
|-end|p1a: Serperior|Substitute
|move|p1a: Serperior|Glare|p2a: Iron Valiant
|-status|p2a: Iron Valiant|par
|
|-heal|p1a: Serperior|60/100|[from] item: Leftovers
|upkeep
|turn|9
|
|t:|1757842779
|move|p1a: Serperior|Substitute|p1a: Serperior
|-start|p1a: Serperior|Substitute
|-damage|p1a: Serperior|35/100
|move|p2a: Iron Valiant|Encore|p1a: Serperior
|-start|p1a: Serperior|Encore
|
|-heal|p1a: Serperior|41/100|[from] item: Leftovers
|upkeep
|turn|10
|
|t:|1757842787
|move|p1a: Serperior|Substitute|p1a: Serperior
|-fail|p1a: Serperior|move: Substitute
|move|p2a: Iron Valiant|Spirit Break|p1a: Serperior
|-resisted|p1a: Serperior
|-activate|p1a: Serperior|move: Substitute|[damage]
|
|-heal|p1a: Serperior|47/100|[from] item: Leftovers
|upkeep
|turn|11
|
|t:|1757842794
|move|p1a: Serperior|Substitute|p1a: Serperior
|-fail|p1a: Serperior|move: Substitute
|move|p2a: Iron Valiant|Spirit Break|p1a: Serperior
|-resisted|p1a: Serperior
|-end|p1a: Serperior|Substitute
|
|-heal|p1a: Serperior|53/100|[from] item: Leftovers
|upkeep
|turn|12
|c|☆ayo what the|yh nah
|
|t:|1757842805
|move|p1a: Serperior|Substitute|p1a: Serperior
|-start|p1a: Serperior|Substitute
|-damage|p1a: Serperior|29/100
|move|p2a: Iron Valiant|Swords Dance|p2a: Iron Valiant
|-boost|p2a: Iron Valiant|atk|2
|
|-heal|p1a: Serperior|35/100|[from] item: Leftovers
|-end|p1a: Serperior|Encore
|upkeep
|turn|13
|
|t:|1757842816
|move|p1a: Serperior|Leaf Storm|p2a: Iron Valiant
|-damage|p2a: Iron Valiant|0 fnt
|faint|p2a: Iron Valiant
|-end|p2a: Iron Valiant|Quark Drive|[silent]
|
|-heal|p1a: Serperior|41/100|[from] item: Leftovers
|upkeep
|
|t:|1757842823
|switch|p2a: Kingambit|Kingambit, M|100/100
|-activate|p2a: Kingambit|ability: Supreme Overlord
|-start|p2a: Kingambit|fallen4|[silent]
|turn|14
|
|t:|1757842835
|move|p2a: Kingambit|Sucker Punch||[still]
|-fail|p2a: Kingambit
|move|p1a: Serperior|Glare|p2a: Kingambit
|-status|p2a: Kingambit|par
|
|-heal|p1a: Serperior|47/100|[from] item: Leftovers
|upkeep
|turn|15
|
|t:|1757842842
|cant|p2a: Kingambit|par
|move|p1a: Serperior|Tera Blast|p2a: Kingambit|[anim] Tera Blast Fire
|-supereffective|p2a: Kingambit
|-damage|p2a: Kingambit|0 fnt
|faint|p2a: Kingambit
|-end|p2a: Kingambit|fallen4|[silent]
|
|-heal|p1a: Serperior|53/100|[from] item: Leftovers
|upkeep
|c|☆ayo what the|serperior is such a bitch tf
|
|t:|1757842866
|switch|p2a: Glimmora|Glimmora, M|100/100
|turn|16
|
|t:|1757842871
|move|p1a: Serperior|Leaf Storm|p2a: Glimmora
|-damage|p2a: Glimmora|0 fnt
|faint|p2a: Glimmora
|
|win|lee__lonnie__love
|raw|lee__lonnie__love's rating: 1169 &rarr; <strong>1197</strong><br />(+28 for winning)
|raw|ayo what the's rating: 1208 &rarr; <strong>1180</strong><br />(-28 for losing)
|c|☆lee__lonnie__love|lol
|c|☆lee__lonnie__love|peak
|l|☆ayo what the
|player|p2|
