|j|☆resourcespro
|j|☆Nem3sitalkr
|t:|1757824914
|gametype|singles
|player|p1|resourcespro|170|1188
|player|p2|Nem3sitalkr|169|1136
|gen|9
|tier|[Gen 9] OU
|rated|
|rule|HP Percentage Mod: HP is shown in percentages
|rule|Endless Battle Clause: Forcing endless battles is banned
|rule|Species Clause: Limit one of each Pokémon
|rule|OHKO Clause: OHKO moves are banned
|rule|Evasion Items Clause: Evasion items are banned
|rule|Evasion Moves Clause: Evasion moves are banned
|rule|Evasion Abilities Clause: Evasion abilities are banned
|rule|Sleep Moves Clause: Sleep-inducing moves are banned
|clearpoke
|poke|p1|Dragapult, M|
|poke|p1|Torkoal, F|
|poke|p1|Great Tusk|
|poke|p1|Walking Wake|
|poke|p1|Moltres|
|poke|p1|Darkrai|
|poke|p2|Clefable, F|
|poke|p2|Clodsire, M|
|poke|p2|Incineroar, M|
|poke|p2|Gholdengo|
|poke|p2|Dragapult, M|
|poke|p2|Zapdos-Galar|
|teampreview
|inactive|Battle timer is ON: inactive players will automatically lose when time's up. (requested by Nem3sitalkr)
|
|t:|1757824930
|teamsize|p1|6
|teamsize|p2|6
|start
|switch|p1a: Torkoal|Torkoal, F|100/100
|switch|p2a: Incineroar|Incineroar, M|100/100
|-ability|p2a: Incineroar|Intimidate|boost
|-unboost|p1a: Torkoal|atk|1
|-weather|SunnyDay|[from] ability: Drought|[of] p1a: Torkoal
|turn|1
|
|t:|1757824939
|move|p2a: Incineroar|Knock Off|p1a: Torkoal
|-damage|p1a: Torkoal|67/100
|-enditem|p1a: Torkoal|Heat Rock|[from] move: Knock Off|[of] p2a: Incineroar
|move|p1a: Torkoal|Body Press|p2a: Incineroar
|-supereffective|p2a: Incineroar
|-damage|p2a: Incineroar|67/100
|
|-weather|SunnyDay|[upkeep]
|upkeep
|turn|2
|
|t:|1757824949
|move|p2a: Incineroar|U-turn|p1a: Torkoal
|-resisted|p1a: Torkoal
|-damage|p1a: Torkoal|59/100
|
|t:|1757824957
|switch|p2a: Dragapult|Dragapult, M|100/100|[from] U-turn
|move|p1a: Torkoal|Body Press|p2a: Dragapult
|-immune|p2a: Dragapult
|
|-weather|SunnyDay|[upkeep]
|upkeep
|turn|3
|inactive|resourcespro has 120 seconds left.
|
|t:|1757824997
|switch|p1a: Great Tusk|Great Tusk|100/100
|-activate|p1a: Great Tusk|ability: Protosynthesis
|-start|p1a: Great Tusk|protosynthesisatk
|move|p2a: Dragapult|Dragon Darts|p1a: Great Tusk
|-damage|p1a: Great Tusk|86/100
|-anim|p2a: Dragapult|Dragon Darts|p1a: Great Tusk
|-damage|p1a: Great Tusk|70/100
|
|-weather|SunnyDay|[upkeep]
|upkeep
|turn|4
|inactive|resourcespro has 120 seconds left.
|
|t:|1757825007
|move|p2a: Dragapult|Will-O-Wisp|p1a: Great Tusk
|-status|p1a: Great Tusk|brn
|move|p1a: Great Tusk|Ice Spinner|p2a: Dragapult
|-supereffective|p2a: Dragapult
|-damage|p2a: Dragapult|47/100
|
|-weather|SunnyDay|[upkeep]
|-damage|p1a: Great Tusk|64/100 brn|[from] brn
|upkeep
|turn|5
|inactive|resourcespro has 120 seconds left.
|
|t:|1757825027
|-end|p1a: Great Tusk|Protosynthesis|[silent]
|switch|p1a: Moltres|Moltres|100/100
|move|p2a: Dragapult|Hex|p1a: Moltres
|-damage|p1a: Moltres|69/100
|
|-weather|SunnyDay|[upkeep]
|upkeep
|turn|6
|inactive|resourcespro has 120 seconds left.
|
|t:|1757825039
|move|p2a: Dragapult|Dragon Darts|p1a: Moltres
|-damage|p1a: Moltres|43/100
|-anim|p2a: Dragapult|Dragon Darts|p1a: Moltres
|-damage|p1a: Moltres|20/100
|move|p1a: Moltres|Agility|p1a: Moltres
|-boost|p1a: Moltres|spe|2
|
|-weather|SunnyDay|[upkeep]
|upkeep
|turn|7
|
|t:|1757825049
|switch|p2a: Clefable|Clefable, F, shiny|100/100
|move|p1a: Moltres|Air Slash|p2a: Clefable
|-damage|p2a: Clefable|62/100
|
|-weather|SunnyDay|[upkeep]
|-heal|p2a: Clefable|68/100|[from] item: Leftovers
|upkeep
|turn|8
|
|t:|1757825056
|move|p2a: Clefable|Protect|p2a: Clefable
|-singleturn|p2a: Clefable|Protect
|move|p1a: Moltres|Fire Blast|p2a: Clefable
|-activate|p2a: Clefable|move: Protect
|
|-weather|none
|-heal|p2a: Clefable|74/100|[from] item: Leftovers
|upkeep
|turn|9
|
|t:|1757825064
|move|p1a: Moltres|Overheat|p2a: Clefable
|-damage|p2a: Clefable|0 fnt
|-unboost|p1a: Moltres|spa|2
|faint|p2a: Clefable
|
|upkeep
|
|t:|1757825072
|switch|p2a: Incineroar|Incineroar, M|67/100
|-ability|p2a: Incineroar|Intimidate|boost
|-unboost|p1a: Moltres|atk|1
|turn|10
|
|t:|1757825095
|switch|p1a: Torkoal|Torkoal, F|59/100
|-weather|SunnyDay|[from] ability: Drought|[of] p1a: Torkoal
|move|p2a: Incineroar|Knock Off|p1a: Torkoal
|-damage|p1a: Torkoal|38/100
|
|-weather|SunnyDay|[upkeep]
|upkeep
|turn|11
|
|t:|1757825108
|switch|p1a: Great Tusk|Great Tusk|64/100 brn
|-activate|p1a: Great Tusk|ability: Protosynthesis
|-start|p1a: Great Tusk|protosynthesisatk
|move|p2a: Incineroar|U-turn|p1a: Great Tusk
|-resisted|p1a: Great Tusk
|-damage|p1a: Great Tusk|56/100 brn
|
|t:|1757825114
|switch|p2a: Zapdos|Zapdos-Galar|100/100|[from] U-turn
|
|-weather|SunnyDay|[upkeep]
|-damage|p1a: Great Tusk|50/100 brn|[from] brn
|upkeep
|turn|12
|
|t:|1757825122
|move|p1a: Great Tusk|Endeavor|p2a: Zapdos
|-damage|p2a: Zapdos|58/100
|move|p2a: Zapdos|Thunderous Kick|p1a: Great Tusk
|-damage|p1a: Great Tusk|19/100 brn
|-unboost|p1a: Great Tusk|def|1
|
|-weather|SunnyDay|[upkeep]
|-damage|p1a: Great Tusk|13/100 brn|[from] brn
|upkeep
|turn|13
|
|t:|1757825135
|switch|p2a: Dragapult|Dragapult, M|47/100
|move|p1a: Great Tusk|Ice Spinner|p2a: Dragapult
|-supereffective|p2a: Dragapult
|-damage|p2a: Dragapult|0 fnt
|faint|p2a: Dragapult
|
|-weather|SunnyDay|[upkeep]
|-damage|p1a: Great Tusk|7/100 brn|[from] brn
|upkeep
|
|t:|1757825145
|switch|p2a: Clodsire|Clodsire, M|100/100
|turn|14
|
|t:|1757825148
|move|p1a: Great Tusk|Endeavor|p2a: Clodsire
|-damage|p2a: Clodsire|5/100
|move|p2a: Clodsire|Stealth Rock|p1a: Great Tusk
|-sidestart|p1: resourcespro|move: Stealth Rock
|
|-weather|none
|-end|p1a: Great Tusk|Protosynthesis
|-heal|p2a: Clodsire|12/100|[from] item: Black Sludge
|-damage|p1a: Great Tusk|0 fnt|[from] brn
|faint|p1a: Great Tusk
|-end|p1a: Great Tusk|Protosynthesis|[silent]
|upkeep
|-message|Nem3sitalkr forfeited.
|
|win|resourcespro
|raw|resourcespro's rating: 1188 &rarr; <strong>1209</strong><br />(+21 for winning)
|raw|Nem3sitalkr's rating: 1136 &rarr; <strong>1115</strong><br />(-21 for losing)
|l|☆Nem3sitalkr
|player|p2|
|l|☆resourcespro
|player|p1|
