|j|☆Pokerimestari
|j|☆babycacawww
|inactive|Battle timer is ON: inactive players will automatically lose when time's up.
|t:|1757861271
|gametype|singles
|player|p1|Pokerimestari|2|
|player|p2|babycacawww|cress|
|gen|9
|tier|[Gen 9] OU
|rated|Tournament battle
|rule|HP Percentage Mod: HP is shown in percentages
|rule|Endless Battle Clause: Forcing endless battles is banned
|rule|Species Clause: Limit one of each Pokémon
|rule|OHKO Clause: OHKO moves are banned
|rule|Evasion Items Clause: Evasion items are banned
|rule|Evasion Moves Clause: Evasion moves are banned
|rule|Evasion Abilities Clause: Evasion abilities are banned
|rule|Sleep Moves Clause: Sleep-inducing moves are banned
|raw|<div class="infobox"><details class="readmore"><summary><strong>15 custom rules:</strong></summary> -burmy, -caterpie, -combee, -kricketot, -magikarp, -scatterbug, -sunkern, -tynamo, -typenull, -weedle, -wurmple, -cosmog, -blipbug, -snom, -wynaut</details></div>
|clearpoke
|poke|p1|Gloom, M|
|poke|p1|Porygon2|
|poke|p1|Marill, F|
|poke|p2|Magmar, F|
|poke|p2|Gumshoos, F|
|poke|p2|Galvantula, F|
|teampreview
|j|*Lady Monita ☀
|inactive|babycacawww also wants the timer to be on.
|
|t:|1757861279
|teamsize|p1|3
|teamsize|p2|3
|start
|switch|p1a: Porygon2|Porygon2|100/100
|switch|p2a: Galvantula|Galvantula, F|100/100
|-ability|p1a: Porygon2|Compound Eyes|Trace|[from] ability: Trace|[of] p2a: Galvantula
|turn|1
|
|t:|1757861288
|move|p2a: Galvantula|Thunder Wave|p1a: Porygon2
|-status|p1a: Porygon2|par
|move|p1a: Porygon2|Tri Attack|p2a: Galvantula
|-damage|p2a: Galvantula|45/100
|
|upkeep
|turn|2
|
|t:|1757861299
|move|p2a: Galvantula|Sticky Web|p1a: Porygon2
|-sidestart|p1: Pokerimestari|move: Sticky Web
|move|p1a: Porygon2|Tri Attack|p2a: Galvantula
|-damage|p2a: Galvantula|0 fnt
|faint|p2a: Galvantula
|
|upkeep
|
|t:|1757861302
|switch|p2a: Magmar|Magmar, F|100/100
|turn|3
|
|t:|1757861309
|move|p2a: Magmar|Substitute|p2a: Magmar
|-start|p2a: Magmar|Substitute
|-damage|p2a: Magmar|75/100
|move|p1a: Porygon2|Thunder Wave||[still]
|-fail|p1a: Porygon2
|
|upkeep
|turn|4
|
|t:|1757861313
|move|p2a: Magmar|Belly Drum|p2a: Magmar
|-damage|p2a: Magmar|25/100
|-setboost|p2a: Magmar|atk|6|[from] move: Belly Drum
|-enditem|p2a: Magmar|Salac Berry|[eat]
|-boost|p2a: Magmar|spe|1|[from] item: Salac Berry
|move|p1a: Porygon2|Tri Attack|p2a: Magmar
|-end|p2a: Magmar|Substitute
|
|upkeep
|turn|5
|
|t:|1757861329
|move|p2a: Magmar|Fire Punch|p1a: Porygon2
|-damage|p1a: Porygon2|14/100 par
|move|p1a: Porygon2|Tri Attack|p2a: Magmar
|-damage|p2a: Magmar|0 fnt
|faint|p2a: Magmar
|
|upkeep
|
|t:|1757861331
|switch|p2a: Gumshoos|Gumshoos, F|100/100
|turn|6
|
|t:|1757861335
|move|p2a: Gumshoos|Double-Edge|p1a: Porygon2
|-damage|p1a: Porygon2|0 fnt
|faint|p1a: Porygon2
|-damage|p2a: Gumshoos|96/100|[from] Recoil
|
|upkeep
|
|t:|1757861342
|switch|p1a: Gloom|Gloom, M|100/100
|-activate|p1a: Gloom|move: Sticky Web
|-unboost|p1a: Gloom|spe|1
|turn|7
|
|t:|1757861345
|move|p2a: Gumshoos|Double-Edge|p1a: Gloom
|-damage|p1a: Gloom|43/100
|-damage|p2a: Gumshoos|80/100|[from] Recoil
|move|p1a: Gloom|Strength Sap|p2a: Gumshoos
|-unboost|p2a: Gumshoos|atk|1
|-heal|p1a: Gloom|100/100
|
|upkeep
|turn|8
|-message|babycacawww forfeited.
|
|win|Pokerimestari
|n|☆Pokerimestari|pokerimestari
|n|☆babycacawww|babycacawww
|n|*Lady Monita ☀|ladymonita
|l|☆babycacawww
|player|p2|
|l|*Lady Monita ☀
|l|☆Pokerimestari
|player|p1|
|j| shaurya711
|j| The impimp
