|j|☆doomfletch
|j|☆KevKaichi/RDT
|t:|1757848040
|gametype|singles
|player|p1|doomfletch|170|1408
|player|p2|KevKaichi/RDT|blackbelt-gen4dp|1410
|gen|9
|tier|[Gen 9] OU
|rated|
|rule|HP Percentage Mod: HP is shown in percentages
|rule|Endless Battle Clause: Forcing endless battles is banned
|rule|Species Clause: Limit one of each Pokémon
|rule|OHKO Clause: OHKO moves are banned
|rule|Evasion Items Clause: Evasion items are banned
|rule|Evasion Moves Clause: Evasion moves are banned
|rule|Evasion Abilities Clause: Evasion abilities are banned
|rule|Sleep Moves Clause: Sleep-inducing moves are banned
|clearpoke
|poke|p1|Hydreigon, M|
|poke|p1|Slowking-Galar, M|
|poke|p1|Great Tusk|
|poke|p1|Corviknight, M|
|poke|p1|Crawdaunt, F|
|poke|p1|Raikou|
|poke|p2|Ting-Lu|
|poke|p2|Gholdengo|
|poke|p2|Kingambit, F|
|poke|p2|Dragonite, F|
|poke|p2|Scizor, F|
|poke|p2|Comfey, F|
|teampreview
|inactive|Battle timer is ON: inactive players will automatically lose when time's up. (requested by KevKaichi/RDT)
|
|t:|1757848061
|teamsize|p1|6
|teamsize|p2|6
|start
|switch|p1a: Raikou|Raikou|100/100
|switch|p2a: Comfey|Comfey, F|100/100
|turn|1
|
|t:|1757848069
|move|p1a: Raikou|Scald|p2a: Comfey
|-damage|p2a: Comfey|76/100
|move|p2a: Comfey|Calm Mind|p2a: Comfey
|-boost|p2a: Comfey|spa|1
|-boost|p2a: Comfey|spd|1
|
|upkeep
|turn|2
|
|t:|1757848076
|move|p1a: Raikou|Scald|p2a: Comfey
|-damage|p2a: Comfey|59/100
|-status|p2a: Comfey|brn
|move|p2a: Comfey|Calm Mind|p2a: Comfey
|-boost|p2a: Comfey|spa|1
|-boost|p2a: Comfey|spd|1
|
|-damage|p2a: Comfey|53/100 brn|[from] brn
|upkeep
|turn|3
|
|t:|1757848087
|move|p2a: Comfey|Synthesis|p2a: Comfey
|-heal|p2a: Comfey|100/100 brn
|move|p1a: Raikou|Volt Switch|p2a: Comfey
|-damage|p2a: Comfey|82/100 brn
|
|t:|1757848093
|switch|p1a: Slowking|Slowking-Galar, M|100/100|[from] Volt Switch
|
|-damage|p2a: Comfey|75/100 brn|[from] brn
|upkeep
|turn|4
|
|t:|1757848107
|-terastallize|p2a: Comfey|Steel
|move|p2a: Comfey|Calm Mind|p2a: Comfey
|-boost|p2a: Comfey|spa|1
|-boost|p2a: Comfey|spd|1
|move|p1a: Slowking|Sludge Bomb|p2a: Comfey
|-immune|p2a: Comfey
|
|-damage|p2a: Comfey|69/100 brn|[from] brn
|upkeep
|turn|5
|
|t:|1757848124
|move|p2a: Comfey|Calm Mind|p2a: Comfey
|-boost|p2a: Comfey|spa|1
|-boost|p2a: Comfey|spd|1
|move|p1a: Slowking|Flamethrower|p2a: Comfey
|-supereffective|p2a: Comfey
|-damage|p2a: Comfey|50/100 brn
|
|-damage|p2a: Comfey|44/100 brn|[from] brn
|upkeep
|turn|6
|
|t:|1757848135
|move|p2a: Comfey|Draining Kiss|p1a: Slowking
|-resisted|p1a: Slowking
|-damage|p1a: Slowking|86/100
|-heal|p2a: Comfey|62/100 brn|[from] drain|[of] p1a: Slowking
|move|p1a: Slowking|Flamethrower|p2a: Comfey
|-supereffective|p2a: Comfey
|-damage|p2a: Comfey|42/100 brn
|
|-damage|p2a: Comfey|36/100 brn|[from] brn
|upkeep
|turn|7
|
|t:|1757848148
|move|p2a: Comfey|Calm Mind|p2a: Comfey
|-boost|p2a: Comfey|spa|1
|-boost|p2a: Comfey|spd|1
|move|p1a: Slowking|Flamethrower|p2a: Comfey
|-supereffective|p2a: Comfey
|-damage|p2a: Comfey|20/100 brn
|
|-damage|p2a: Comfey|14/100 brn|[from] brn
|upkeep
|turn|8
|
|t:|1757848158
|move|p2a: Comfey|Synthesis|p2a: Comfey
|-heal|p2a: Comfey|64/100 brn
|move|p1a: Slowking|Flamethrower|p2a: Comfey
|-supereffective|p2a: Comfey
|-damage|p2a: Comfey|47/100 brn
|
|-damage|p2a: Comfey|41/100 brn|[from] brn
|upkeep
|turn|9
|
|t:|1757848167
|move|p2a: Comfey|Draining Kiss|p1a: Slowking
|-resisted|p1a: Slowking
|-damage|p1a: Slowking|70/100
|-heal|p2a: Comfey|62/100 brn|[from] drain|[of] p1a: Slowking
|move|p1a: Slowking|Flamethrower|p2a: Comfey
|-supereffective|p2a: Comfey
|-damage|p2a: Comfey|44/100 brn
|
|-damage|p2a: Comfey|37/100 brn|[from] brn
|upkeep
|turn|10
|
|t:|1757848178
|move|p2a: Comfey|Draining Kiss|p1a: Slowking
|-resisted|p1a: Slowking
|-damage|p1a: Slowking|53/100
|-heal|p2a: Comfey|58/100 brn|[from] drain|[of] p1a: Slowking
|move|p1a: Slowking|Flamethrower|p2a: Comfey
|-supereffective|p2a: Comfey
|-damage|p2a: Comfey|41/100 brn
|
|-damage|p2a: Comfey|34/100 brn|[from] brn
|upkeep
|turn|11
|
|t:|1757848198
|move|p2a: Comfey|Draining Kiss|p1a: Slowking
|-resisted|p1a: Slowking
|-damage|p1a: Slowking|35/100
|-heal|p2a: Comfey|57/100 brn|[from] drain|[of] p1a: Slowking
|move|p1a: Slowking|Flamethrower|p2a: Comfey
|-supereffective|p2a: Comfey
|-damage|p2a: Comfey|40/100 brn
|
|-damage|p2a: Comfey|34/100 brn|[from] brn
|upkeep
|turn|12
|
|t:|1757848212
|move|p2a: Comfey|Synthesis|p2a: Comfey
|-heal|p2a: Comfey|84/100 brn
|move|p1a: Slowking|Flamethrower|p2a: Comfey
|-supereffective|p2a: Comfey
|-damage|p2a: Comfey|65/100 brn
|
|-damage|p2a: Comfey|59/100 brn|[from] brn
|upkeep
|turn|13
|
|t:|1757848223
|move|p2a: Comfey|Calm Mind|p2a: Comfey
|-boost|p2a: Comfey|spa|1
|-boost|p2a: Comfey|spd|1
|move|p1a: Slowking|Flamethrower|p2a: Comfey
|-supereffective|p2a: Comfey
|-damage|p2a: Comfey|43/100 brn
|
|-damage|p2a: Comfey|37/100 brn|[from] brn
|upkeep
|turn|14
|inactive|doomfletch has 120 seconds left.
|
|t:|1757848258
|move|p2a: Comfey|Draining Kiss|p1a: Slowking
|-resisted|p1a: Slowking
|-damage|p1a: Slowking|14/100
|-heal|p2a: Comfey|63/100 brn|[from] drain|[of] p1a: Slowking
|move|p1a: Slowking|Flamethrower|p2a: Comfey
|-supereffective|p2a: Comfey
|-damage|p2a: Comfey|49/100 brn
|
|-damage|p2a: Comfey|42/100 brn|[from] brn
|upkeep
|turn|15
|
|t:|1757848270
|move|p2a: Comfey|Synthesis|p2a: Comfey
|-heal|p2a: Comfey|92/100 brn
|move|p1a: Slowking|Flamethrower|p2a: Comfey
|-supereffective|p2a: Comfey
|-damage|p2a: Comfey|78/100 brn
|
|-damage|p2a: Comfey|72/100 brn|[from] brn
|upkeep
|turn|16
|
|t:|1757848279
|move|p2a: Comfey|Draining Kiss|p1a: Slowking
|-resisted|p1a: Slowking
|-damage|p1a: Slowking|0 fnt
|-heal|p2a: Comfey|89/100 brn|[from] drain|[of] p1a: Slowking
|faint|p1a: Slowking
|
|-damage|p2a: Comfey|83/100 brn|[from] brn
|upkeep
|inactive|doomfletch has 120 seconds left.
|
|t:|1757848304
|switch|p1a: Corviknight|Corviknight, M|100/100
|-ability|p1a: Corviknight|Pressure
|turn|17
|
|t:|1757848309
|move|p2a: Comfey|Draining Kiss|p1a: Corviknight
|-resisted|p1a: Corviknight
|-damage|p1a: Corviknight|62/100
|-heal|p2a: Comfey|100/100 brn|[from] drain|[of] p1a: Corviknight
|-damage|p2a: Comfey|84/100 brn|[from] item: Rocky Helmet|[of] p1a: Corviknight
|move|p1a: Corviknight|Roost|p1a: Corviknight
|-heal|p1a: Corviknight|100/100
|-singleturn|p1a: Corviknight|move: Roost
|
|-damage|p2a: Comfey|78/100 brn|[from] brn
|upkeep
|turn|18
|
|t:|1757848322
|move|p2a: Comfey|Giga Drain|p1a: Corviknight
|-resisted|p1a: Corviknight
|-damage|p1a: Corviknight|80/100
|-heal|p2a: Comfey|95/100 brn|[from] drain|[of] p1a: Corviknight
|move|p1a: Corviknight|Roost|p1a: Corviknight
|-heal|p1a: Corviknight|100/100
|-singleturn|p1a: Corviknight|move: Roost
|
|-damage|p2a: Comfey|88/100 brn|[from] brn
|upkeep
|turn|19
|
|t:|1757848335
|move|p2a: Comfey|Giga Drain|p1a: Corviknight
|-resisted|p1a: Corviknight
|-damage|p1a: Corviknight|80/100
|-heal|p2a: Comfey|100/100 brn|[from] drain|[of] p1a: Corviknight
|move|p1a: Corviknight|Iron Defense|p1a: Corviknight
|-boost|p1a: Corviknight|def|2
|
|-damage|p2a: Comfey|94/100 brn|[from] brn
|upkeep
|turn|20
|inactive|doomfletch has 120 seconds left.
|
|t:|1757848361
|move|p2a: Comfey|Giga Drain|p1a: Corviknight
|-resisted|p1a: Corviknight
|-damage|p1a: Corviknight|60/100
|-heal|p2a: Comfey|100/100 brn|[from] drain|[of] p1a: Corviknight
|move|p1a: Corviknight|Iron Defense|p1a: Corviknight
|-boost|p1a: Corviknight|def|2
|
|-damage|p2a: Comfey|94/100 brn|[from] brn
|upkeep
|turn|21
|
|t:|1757848374
|move|p2a: Comfey|Giga Drain|p1a: Corviknight
|-resisted|p1a: Corviknight
|-damage|p1a: Corviknight|40/100
|-heal|p2a: Comfey|100/100 brn|[from] drain|[of] p1a: Corviknight
|move|p1a: Corviknight|Roost|p1a: Corviknight
|-heal|p1a: Corviknight|90/100
|-singleturn|p1a: Corviknight|move: Roost
|
|-damage|p2a: Comfey|94/100 brn|[from] brn
|upkeep
|turn|22
|inactive|doomfletch has 120 seconds left.
|
|t:|1757848393
|move|p2a: Comfey|Giga Drain|p1a: Corviknight
|-resisted|p1a: Corviknight
|-damage|p1a: Corviknight|71/100
|-heal|p2a: Comfey|100/100 brn|[from] drain|[of] p1a: Corviknight
|move|p1a: Corviknight|Body Press|p2a: Comfey
|-supereffective|p2a: Comfey
|-damage|p2a: Comfey|0 fnt
|faint|p2a: Comfey
|
|upkeep
|
|t:|1757848404
|switch|p2a: Gholdengo|Gholdengo|100/100
|-item|p2a: Gholdengo|Air Balloon
|turn|23
|
|t:|1757848413
|switch|p1a: Raikou|Raikou|100/100
|move|p2a: Gholdengo|Shadow Ball|p1a: Raikou
|-damage|p1a: Raikou|56/100
|
|upkeep
|turn|24
|
|t:|1757848418
|move|p1a: Raikou|Scald|p2a: Gholdengo
|-damage|p2a: Gholdengo|72/100
|-status|p2a: Gholdengo|brn
|-enditem|p2a: Gholdengo|Air Balloon
|move|p2a: Gholdengo|Shadow Ball|p1a: Raikou
|-damage|p1a: Raikou|5/100
|
|-damage|p2a: Gholdengo|66/100 brn|[from] brn
|upkeep
|turn|25
|
|t:|1757848438
|switch|p2a: Ting-Lu|Ting-Lu|100/100
|-ability|p2a: Ting-Lu|Vessel of Ruin
|move|p1a: Raikou|Volt Switch|p2a: Ting-Lu
|-immune|p2a: Ting-Lu
|
|upkeep
|turn|26
|
|t:|1757848446
|move|p1a: Raikou|Scald|p2a: Ting-Lu
|-supereffective|p2a: Ting-Lu
|-damage|p2a: Ting-Lu|70/100
|move|p2a: Ting-Lu|Stealth Rock|p1a: Raikou
|-sidestart|p1: doomfletch|move: Stealth Rock
|
|-heal|p2a: Ting-Lu|76/100|[from] item: Leftovers
|upkeep
|turn|27
|
|t:|1757848457
|move|p1a: Raikou|Scald|p2a: Ting-Lu
|-supereffective|p2a: Ting-Lu
|-damage|p2a: Ting-Lu|46/100
|move|p2a: Ting-Lu|Whirlwind|p1a: Raikou
|drag|p1a: Hydreigon|Hydreigon, M|100/100
|-damage|p1a: Hydreigon|88/100|[from] Stealth Rock
|
|-heal|p2a: Ting-Lu|52/100|[from] item: Leftovers
|upkeep
|turn|28
|
|t:|1757848468
|move|p1a: Hydreigon|U-turn|p2a: Ting-Lu
|-supereffective|p2a: Ting-Lu
|-damage|p2a: Ting-Lu|39/100
|
|t:|1757848471
|switch|p1a: Raikou|Raikou|5/100|[from] U-turn
|move|p2a: Ting-Lu|Ruination|p1a: Raikou
|-damage|p1a: Raikou|3/100
|
|-heal|p2a: Ting-Lu|46/100|[from] item: Leftovers
|upkeep
|turn|29
|
|t:|1757848481
|move|p1a: Raikou|Scald|p2a: Ting-Lu
|-supereffective|p2a: Ting-Lu
|-damage|p2a: Ting-Lu|13/100
|move|p2a: Ting-Lu|Earthquake|p1a: Raikou
|-supereffective|p1a: Raikou
|-damage|p1a: Raikou|0 fnt
|faint|p1a: Raikou
|
|-heal|p2a: Ting-Lu|19/100|[from] item: Leftovers
|upkeep
|
|t:|1757848492
|switch|p1a: Crawdaunt|Crawdaunt, F|100/100
|-damage|p1a: Crawdaunt|88/100|[from] Stealth Rock
|turn|30
|
|t:|1757848498
|move|p1a: Crawdaunt|Knock Off|p2a: Ting-Lu
|-resisted|p2a: Ting-Lu
|-damage|p2a: Ting-Lu|0 fnt
|-enditem|p2a: Ting-Lu|Leftovers|[from] move: Knock Off|[of] p1a: Crawdaunt
|faint|p2a: Ting-Lu
|
|upkeep
|
|t:|1757848514
|switch|p2a: Dragonite|Dragonite, F|100/100
|turn|31
|
|t:|1757848521
|switch|p2a: Scizor|Scizor, F|100/100
|move|p1a: Crawdaunt|Knock Off|p2a: Scizor
|-crit|p2a: Scizor
|-damage|p2a: Scizor|0 fnt
|-enditem|p2a: Scizor|Scope Lens|[from] move: Knock Off|[of] p1a: Crawdaunt
|faint|p2a: Scizor
|
|upkeep
|
|t:|1757848533
|switch|p2a: Dragonite|Dragonite, F|100/100
|turn|32
|
|t:|1757848537
|move|p2a: Dragonite|Dragon Dance|p2a: Dragonite
|-boost|p2a: Dragonite|atk|1
|-boost|p2a: Dragonite|spe|1
|move|p1a: Crawdaunt|Knock Off|p2a: Dragonite
|-damage|p2a: Dragonite|40/100
|-enditem|p2a: Dragonite|Heavy-Duty Boots|[from] move: Knock Off|[of] p1a: Crawdaunt
|
|upkeep
|turn|33
|
|t:|1757848549
|switch|p1a: Corviknight|Corviknight, M|71/100
|-damage|p1a: Corviknight|59/100|[from] Stealth Rock
|-ability|p1a: Corviknight|Pressure
|move|p2a: Dragonite|Outrage|p1a: Corviknight
|-resisted|p1a: Corviknight
|-damage|p1a: Corviknight|26/100
|-damage|p2a: Dragonite|23/100|[from] item: Rocky Helmet|[of] p1a: Corviknight
|
|upkeep
|turn|34
|
|t:|1757848558
|move|p2a: Dragonite|Outrage|p1a: Corviknight|[from] lockedmove
|-resisted|p1a: Corviknight
|-damage|p1a: Corviknight|0 fnt
|-damage|p2a: Dragonite|7/100|[from] item: Rocky Helmet|[of] p1a: Corviknight
|faint|p1a: Corviknight
|
|upkeep
|
|t:|1757848564
|switch|p1a: Hydreigon|Hydreigon, M|88/100
|-damage|p1a: Hydreigon|76/100|[from] Stealth Rock
|turn|35
|
|t:|1757848569
|move|p1a: Hydreigon|U-turn|p2a: Dragonite
|-resisted|p2a: Dragonite
|-damage|p2a: Dragonite|0 fnt
|faint|p2a: Dragonite
|
|t:|1757848577
|switch|p1a: Great Tusk|Great Tusk|100/100|[from] U-turn
|
|upkeep
|
|t:|1757848583
|switch|p2a: Gholdengo|Gholdengo|66/100 brn
|turn|36
|
|t:|1757848589
|move|p1a: Great Tusk|Headlong Rush|p2a: Gholdengo
|-supereffective|p2a: Gholdengo
|-damage|p2a: Gholdengo|0 fnt
|-unboost|p1a: Great Tusk|def|1
|-unboost|p1a: Great Tusk|spd|1
|faint|p2a: Gholdengo
|
|upkeep
|
|t:|1757848592
|switch|p2a: Kingambit|Kingambit, F|100/100
|-activate|p2a: Kingambit|ability: Supreme Overlord
|-start|p2a: Kingambit|fallen5|[silent]
|turn|37
|inactive|doomfletch has 120 seconds left.
|
|t:|1757848623
|move|p1a: Great Tusk|Headlong Rush|p2a: Kingambit
|-supereffective|p2a: Kingambit
|-damage|p2a: Kingambit|19/100
|-unboost|p1a: Great Tusk|def|1
|-unboost|p1a: Great Tusk|spd|1
|move|p2a: Kingambit|Swords Dance|p2a: Kingambit
|-boost|p2a: Kingambit|atk|2
|
|upkeep
|turn|38
|inactive|doomfletch has 120 seconds left.
|
|t:|1757848644
|move|p2a: Kingambit|Sucker Punch|p1a: Great Tusk
|-resisted|p1a: Great Tusk
|-damage|p1a: Great Tusk|4/100
|move|p1a: Great Tusk|Headlong Rush|p2a: Kingambit
|-supereffective|p2a: Kingambit
|-damage|p2a: Kingambit|0 fnt
|-unboost|p1a: Great Tusk|def|1
|-unboost|p1a: Great Tusk|spd|1
|faint|p2a: Kingambit
|-end|p2a: Kingambit|fallen5|[silent]
|
|win|doomfletch
|raw|doomfletch's rating: 1408 &rarr; <strong>1428</strong><br />(+20 for winning)
|raw|KevKaichi&#x2f;RDT's rating: 1410 &rarr; <strong>1390</strong><br />(-20 for losing)
|c|☆doomfletch|ez
|l|☆doomfletch
|player|p1|
|l|☆KevKaichi/RDT
|player|p2|
