|j|☆V1C7ORYY
|j|☆GavilarKholin
|inactive|Battle timer is ON: inactive players will automatically lose when time's up.
|t:|1757845604
|gametype|singles
|player|p1|V1C7ORYY|169|
|player|p2|GavilarKholin|fantina|
|gen|9
|tier|[Gen 9] OU
|rated|Tournament battle
|rule|HP Percentage Mod: HP is shown in percentages
|rule|Endless Battle Clause: Forcing endless battles is banned
|rule|Species Clause: Limit one of each Pokémon
|rule|OHKO Clause: OHKO moves are banned
|rule|Evasion Items Clause: Evasion items are banned
|rule|Evasion Moves Clause: Evasion moves are banned
|rule|Evasion Abilities Clause: Evasion abilities are banned
|rule|Sleep Moves Clause: Sleep-inducing moves are banned
|clearpoke
|poke|p1|Zamazenta-*|
|poke|p1|Gholdengo|
|poke|p1|Dragonite, M|
|poke|p1|Ting-Lu|
|poke|p1|Kyurem|
|poke|p1|Deoxys-Speed|
|poke|p2|Slaking, M|
|poke|p2|Samurott-Hisui, M|
|poke|p2|Gholdengo|
|poke|p2|Pecharunt|
|poke|p2|Raging Bolt|
|poke|p2|Landorus-Therian, M|
|teampreview
|j|*Lady Monita ☀
|j| BB-8-NU
|j| skarabruz
|j| blabala
|j| StarSpectrier
|
|t:|1757845621
|teamsize|p1|6
|teamsize|p2|6
|start
|switch|p1a: Ting-Lu|Ting-Lu|100/100
|switch|p2a: Slaking|Slaking, M|100/100
|-ability|p1a: Ting-Lu|Vessel of Ruin
|turn|1
|
|t:|1757845629
|move|p2a: Slaking|Knock Off|p1a: Ting-Lu
|-resisted|p1a: Ting-Lu
|-damage|p1a: Ting-Lu|84/100
|-enditem|p1a: Ting-Lu|Leftovers|[from] move: Knock Off|[of] p2a: Slaking
|move|p1a: Ting-Lu|Stealth Rock|p2a: Slaking
|-sidestart|p2: GavilarKholin|move: Stealth Rock
|
|upkeep
|turn|2
|j| Etjx
|j|@vaporeonds
|
|t:|1757845647
|switch|p2a: Landorus|Landorus-Therian, M|100/100
|-damage|p2a: Landorus|88/100|[from] Stealth Rock
|-ability|p2a: Landorus|Intimidate|boost
|-unboost|p1a: Ting-Lu|atk|1
|move|p1a: Ting-Lu|Earthquake|p2a: Landorus
|-immune|p2a: Landorus
|
|upkeep
|turn|3
|j| PokeArt2004❤
|
|t:|1757845656
|switch|p1a: Kyurem|Kyurem|100/100
|-ability|p1a: Kyurem|Pressure
|move|p2a: Landorus|Stealth Rock|p1a: Kyurem
|-sidestart|p1: V1C7ORYY|move: Stealth Rock
|
|upkeep
|turn|4
|
|t:|1757845666
|switch|p2a: Gholdengo|Gholdengo|100/100
|-damage|p2a: Gholdengo|94/100|[from] Stealth Rock
|move|p1a: Kyurem|Ice Beam|p2a: Gholdengo
|-resisted|p2a: Gholdengo
|-damage|p2a: Gholdengo|68/100
|
|upkeep
|turn|5
|l| Etjx
|
|t:|1757845690
|move|p2a: Gholdengo|Make It Rain|p1a: Kyurem
|-supereffective|p1a: Kyurem
|-damage|p1a: Kyurem|0 fnt
|-unboost|p2a: Gholdengo|spa|1
|faint|p1a: Kyurem
|
|upkeep
|j| puissance du feu
|
|t:|1757845702
|switch|p1a: Gholdengo|Gholdengo|100/100
|-damage|p1a: Gholdengo|94/100|[from] Stealth Rock
|turn|6
|
|t:|1757845706
|switch|p2a: Samurott|Samurott-Hisui, M|100/100
|move|p1a: Gholdengo|Nasty Plot|p1a: Gholdengo
|-boost|p1a: Gholdengo|spa|2
|
|-heal|p1a: Gholdengo|100/100|[from] item: Leftovers
|upkeep
|turn|7
|
|t:|1757845715
|-terastallize|p1a: Gholdengo|Fairy
|move|p2a: Samurott|Ceaseless Edge|p1a: Gholdengo|[miss]
|-miss|p2a: Samurott|p1a: Gholdengo
|move|p1a: Gholdengo|Dazzling Gleam|p2a: Samurott
|-supereffective|p2a: Samurott
|-damage|p2a: Samurott|0 fnt
|faint|p2a: Samurott
|
|upkeep
|
|t:|1757845720
|switch|p2a: Gholdengo|Gholdengo|68/100
|-damage|p2a: Gholdengo|62/100|[from] Stealth Rock
|turn|8
|l| skarabruz
|
|t:|1757845727
|switch|p1a: Ting-Lu|Ting-Lu|84/100
|-damage|p1a: Ting-Lu|77/100|[from] Stealth Rock
|-ability|p1a: Ting-Lu|Vessel of Ruin
|move|p2a: Gholdengo|Make It Rain|p1a: Ting-Lu
|-damage|p1a: Ting-Lu|39/100
|-unboost|p2a: Gholdengo|spa|1
|
|upkeep
|turn|9
|
|t:|1757845739
|switch|p2a: Landorus|Landorus-Therian, M|88/100
|-damage|p2a: Landorus|76/100|[from] Stealth Rock
|-ability|p2a: Landorus|Intimidate|boost
|-unboost|p1a: Ting-Lu|atk|1
|move|p1a: Ting-Lu|Throat Chop|p2a: Landorus
|-damage|p2a: Landorus|46/100
|-start|p2a: Landorus|Throat Chop|[silent]
|-damage|p1a: Ting-Lu|22/100|[from] item: Rocky Helmet|[of] p2a: Landorus
|
|upkeep
|turn|10
|j| drop 6 nukers
|j| RapidFireScarf
|
|t:|1757845756
|move|p2a: Landorus|U-turn|p1a: Ting-Lu
|-supereffective|p1a: Ting-Lu
|-damage|p1a: Ting-Lu|0 fnt
|faint|p1a: Ting-Lu
|l| RapidFireScarf
|j| yasthetrainer
|j| tomato spicies
|l| tomato spicies
|inactive|GavilarKholin has 120 seconds left.
|
|t:|1757845786
|switch|p2a: Raging Bolt|Raging Bolt|100/100|[from] U-turn
|
|upkeep
|
|t:|1757845796
|switch|p1a: Gholdengo|Gholdengo, tera:Fairy|100/100
|-damage|p1a: Gholdengo|88/100|[from] Stealth Rock
|turn|11
|inactive|GavilarKholin has 120 seconds left.
|
|t:|1757845827
|-terastallize|p2a: Raging Bolt|Electric
|move|p1a: Gholdengo|Shadow Ball|p2a: Raging Bolt
|-damage|p2a: Raging Bolt|63/100
|-unboost|p2a: Raging Bolt|spd|1
|move|p2a: Raging Bolt|Thunderbolt|p1a: Gholdengo
|-damage|p1a: Gholdengo|7/100
|
|-heal|p1a: Gholdengo|13/100|[from] item: Leftovers
|upkeep
|turn|12
|
|t:|1757845846
|move|p1a: Gholdengo|Dazzling Gleam|p2a: Raging Bolt
|-damage|p2a: Raging Bolt|7/100
|move|p2a: Raging Bolt|Volt Switch|p1a: Gholdengo
|-damage|p1a: Gholdengo|0 fnt
|faint|p1a: Gholdengo
|
|t:|1757845854
|-end|p2a: Raging Bolt|Protosynthesis|[silent]
|switch|p2a: Gholdengo|Gholdengo|62/100|[from] Volt Switch
|-damage|p2a: Gholdengo|56/100|[from] Stealth Rock
|
|upkeep
|l| puissance du feu
|
|t:|1757845879
|switch|p1a: Deoxys|Deoxys-Speed|100/100
|-damage|p1a: Deoxys|88/100|[from] Stealth Rock
|-ability|p1a: Deoxys|Pressure
|turn|13
|inactive|GavilarKholin has 120 seconds left.
|
|t:|1757845907
|switch|p2a: Landorus|Landorus-Therian, M|46/100
|-damage|p2a: Landorus|33/100|[from] Stealth Rock
|-ability|p2a: Landorus|Intimidate|boost
|-unboost|p1a: Deoxys|atk|1
|move|p1a: Deoxys|Dark Pulse|p2a: Landorus
|-damage|p2a: Landorus|0 fnt
|faint|p2a: Landorus
|-damage|p1a: Deoxys|78/100|[from] item: Life Orb
|
|upkeep
|
|t:|1757845911
|switch|p2a: Raging Bolt|Raging Bolt, tera:Electric|7/100
|turn|14
|j| puissance du feu
|
|t:|1757845920
|move|p2a: Raging Bolt|Thunderclap|p1a: Deoxys
|-damage|p1a: Deoxys|0 fnt
|faint|p1a: Deoxys
|
|upkeep
|
|t:|1757845930
|switch|p1a: Dragonite|Dragonite, M|100/100
|turn|15
|inactive|GavilarKholin has 120 seconds left.
|
|t:|1757845942
|move|p1a: Dragonite|Dragon Dance|p1a: Dragonite
|-boost|p1a: Dragonite|atk|1
|-boost|p1a: Dragonite|spe|1
|move|p2a: Raging Bolt|Draco Meteor|p1a: Dragonite
|-supereffective|p1a: Dragonite
|-crit|p1a: Dragonite
|-damage|p1a: Dragonite|0 fnt
|-unboost|p2a: Raging Bolt|spa|2
|faint|p1a: Dragonite
|
|upkeep
|
|t:|1757845949
|switch|p1a: Zamazenta|Zamazenta|100/100
|-damage|p1a: Zamazenta|94/100|[from] Stealth Rock
|-ability|p1a: Zamazenta|Dauntless Shield|boost
|-boost|p1a: Zamazenta|def|1
|turn|16
|
|t:|1757845958
|-end|p2a: Raging Bolt|Protosynthesis|[silent]
|switch|p2a: Gholdengo|Gholdengo|56/100
|-damage|p2a: Gholdengo|50/100|[from] Stealth Rock
|move|p1a: Zamazenta|Iron Defense|p1a: Zamazenta
|-boost|p1a: Zamazenta|def|2
|
|upkeep
|turn|17
|
|t:|1757845965
|move|p2a: Gholdengo|Trick|p1a: Zamazenta
|-activate|p2a: Gholdengo|move: Trick|[of] p1a: Zamazenta
|-item|p1a: Zamazenta|Choice Scarf|[from] move: Trick
|-item|p2a: Gholdengo|Chesto Berry|[from] move: Trick
|move|p1a: Zamazenta|Crunch|p2a: Gholdengo
|-supereffective|p2a: Gholdengo
|-damage|p2a: Gholdengo|5/100
|
|upkeep
|turn|18
|
|t:|1757845972
|move|p1a: Zamazenta|Crunch|p2a: Gholdengo
|-supereffective|p2a: Gholdengo
|-damage|p2a: Gholdengo|0 fnt
|faint|p2a: Gholdengo
|
|upkeep
|
|t:|1757845976
|switch|p2a: Raging Bolt|Raging Bolt, tera:Electric|7/100
|turn|19
|
|t:|1757845980
|move|p2a: Raging Bolt|Thunderclap|p1a: Zamazenta
|-damage|p1a: Zamazenta|52/100
|move|p1a: Zamazenta|Crunch|p2a: Raging Bolt
|-damage|p2a: Raging Bolt|0 fnt
|faint|p2a: Raging Bolt
|-end|p2a: Raging Bolt|Protosynthesis|[silent]
|
|upkeep
|
|t:|1757845984
|switch|p2a: Pecharunt|Pecharunt|100/100
|turn|20
|
|t:|1757845986
|move|p1a: Zamazenta|Crunch|p2a: Pecharunt
|-supereffective|p2a: Pecharunt
|-damage|p2a: Pecharunt|72/100
|move|p2a: Pecharunt|Malignant Chain|p1a: Zamazenta
|-damage|p1a: Zamazenta|19/100
|
|upkeep
|turn|21
|
|t:|1757845992
|move|p1a: Zamazenta|Crunch|p2a: Pecharunt
|-supereffective|p2a: Pecharunt
|-damage|p2a: Pecharunt|41/100
|-unboost|p2a: Pecharunt|def|1
|move|p2a: Pecharunt|Malignant Chain|p1a: Zamazenta
|-damage|p1a: Zamazenta|0 fnt
|faint|p1a: Zamazenta
|
|win|GavilarKholin
|n|☆V1C7ORYY|v1c7oryy
|n|☆GavilarKholin|gavilarkholin
|n|*Lady Monita ☀|ladymonita
|n| BB-8-NU|bb8nu
|n| blabala|blabala
|n| StarSpectrier|starspectrier
|n| vaporeonds|vaporeonds
|n| PokeArt2004❤|pokeart2004
|n| drop 6 nukers|drop6nukers
|n| yasthetrainer|yasthetrainer
|n| puissance du feu|puissancedufeu
|l|*Lady Monita ☀
