|j|☆ekud
|j|☆PikachuStupid90
|t:|1757863042
|gametype|singles
|player|p1|ekud|169|1249
|player|p2|PikachuStupid90|miku-ground|1208
|gen|9
|tier|[Gen 9] OU
|rated|
|rule|HP Percentage Mod: HP is shown in percentages
|rule|Endless Battle Clause: Forcing endless battles is banned
|rule|Species Clause: Limit one of each Pokémon
|rule|OHKO Clause: OHKO moves are banned
|rule|Evasion Items Clause: Evasion items are banned
|rule|Evasion Moves Clause: Evasion moves are banned
|rule|Evasion Abilities Clause: Evasion abilities are banned
|rule|Sleep Moves Clause: Sleep-inducing moves are banned
|clearpoke
|poke|p1|Iron Moth|
|poke|p1|Ting-Lu|
|poke|p1|Torkoal, F|
|poke|p1|Walking Wake|
|poke|p1|Great Tusk|
|poke|p1|Slither Wing|
|poke|p2|Pelipper, F|
|poke|p2|Rillaboom, F|
|poke|p2|Weezing-Galar, M|
|poke|p2|Ogerpon-Wellspring, F|
|poke|p2|Kingambit, M|
|poke|p2|Raging Bolt|
|teampreview
|
|t:|1757863057
|teamsize|p1|6
|teamsize|p2|6
|start
|switch|p1a: Walking Wake|Walking Wake|100/100
|switch|p2a: Weezing|Weezing-Galar, M|100/100
|-ability|p2a: Weezing|Neutralizing Gas
|turn|1
|inactive|Battle timer is ON: inactive players will automatically lose when time's up. (requested by PikachuStupid90)
|
|t:|1757863083
|-end|p2a: Weezing|ability: Neutralizing Gas
|switch|p2a: Ogerpon|Ogerpon-Wellspring, F|100/100
|move|p1a: Walking Wake|Flamethrower|p2a: Ogerpon
|-damage|p2a: Ogerpon|45/100
|-status|p2a: Ogerpon|brn
|
|-damage|p2a: Ogerpon|39/100 brn|[from] brn
|upkeep
|turn|2
|
|t:|1757863093
|move|p2a: Ogerpon|Horn Leech|p1a: Walking Wake
|-damage|p1a: Walking Wake|76/100
|-heal|p2a: Ogerpon|53/100 brn|[from] drain|[of] p1a: Walking Wake
|move|p1a: Walking Wake|Flamethrower|p2a: Ogerpon
|-damage|p2a: Ogerpon|0 fnt
|faint|p2a: Ogerpon
|
|upkeep
|
|t:|1757863104
|switch|p2a: Pelipper|Pelipper, F|100/100
|-weather|RainDance|[from] ability: Drizzle|[of] p2a: Pelipper
|turn|3
|
|t:|1757863111
|-end|p1a: Walking Wake|Protosynthesis|[silent]
|switch|p1a: Torkoal|Torkoal, F|100/100
|-weather|SunnyDay|[from] ability: Drought|[of] p1a: Torkoal
|move|p2a: Pelipper|U-turn|p1a: Torkoal
|-resisted|p1a: Torkoal
|-damage|p1a: Torkoal|98/100
|
|t:|1757863123
|switch|p2a: Rillaboom|Rillaboom, F|100/100|[from] U-turn
|-fieldstart|move: Grassy Terrain|[from] ability: Grassy Surge|[of] p2a: Rillaboom
|
|-weather|SunnyDay|[upkeep]
|-heal|p1a: Torkoal|100/100|[from] Grassy Terrain
|upkeep
|turn|4
|
|t:|1757863135
|switch|p1a: Slither Wing|Slither Wing|100/100
|-activate|p1a: Slither Wing|ability: Protosynthesis
|-start|p1a: Slither Wing|protosynthesisatk
|move|p2a: Rillaboom|U-turn|p1a: Slither Wing
|-resisted|p1a: Slither Wing
|-damage|p1a: Slither Wing|77/100
|
|t:|1757863140
|switch|p2a: Pelipper|Pelipper, F|100/100|[from] U-turn
|-weather|RainDance|[from] ability: Drizzle|[of] p2a: Pelipper
|-end|p1a: Slither Wing|Protosynthesis
|
|-weather|RainDance|[upkeep]
|-heal|p1a: Slither Wing|83/100|[from] Grassy Terrain
|upkeep
|turn|5
|
|t:|1757863149
|move|p1a: Slither Wing|U-turn|p2a: Pelipper
|-resisted|p2a: Pelipper
|-damage|p2a: Pelipper|76/100
|
|t:|1757863152
|-end|p1a: Slither Wing|Protosynthesis|[silent]
|switch|p1a: Torkoal|Torkoal, F|100/100|[from] U-turn
|-weather|SunnyDay|[from] ability: Drought|[of] p1a: Torkoal
|move|p2a: Pelipper|Hurricane|p1a: Torkoal|[miss]
|-miss|p2a: Pelipper|p1a: Torkoal
|
|-weather|SunnyDay|[upkeep]
|upkeep
|turn|6
|
|t:|1757863165
|move|p2a: Pelipper|U-turn|p1a: Torkoal
|-resisted|p1a: Torkoal
|-damage|p1a: Torkoal|98/100
|
|t:|1757863169
|switch|p2a: Raging Bolt|Raging Bolt|100/100|[from] U-turn
|-activate|p2a: Raging Bolt|ability: Protosynthesis
|-start|p2a: Raging Bolt|protosynthesisspa
|move|p1a: Torkoal|Stealth Rock|p2a: Raging Bolt
|-sidestart|p2: PikachuStupid90|move: Stealth Rock
|
|-weather|SunnyDay|[upkeep]
|-heal|p1a: Torkoal|100/100|[from] Grassy Terrain
|upkeep
|turn|7
|
|t:|1757863179
|switch|p1a: Ting-Lu|Ting-Lu|100/100
|-ability|p1a: Ting-Lu|Vessel of Ruin
|move|p2a: Raging Bolt|Dragon Pulse|p1a: Ting-Lu
|-damage|p1a: Ting-Lu|74/100
|
|-weather|SunnyDay|[upkeep]
|-heal|p1a: Ting-Lu|80/100|[from] Grassy Terrain
|-fieldend|move: Grassy Terrain
|upkeep
|turn|8
|
|t:|1757863189
|-end|p2a: Raging Bolt|Protosynthesis|[silent]
|switch|p2a: Pelipper|Pelipper, F|76/100
|-weather|RainDance|[from] ability: Drizzle|[of] p2a: Pelipper
|move|p1a: Ting-Lu|Whirlwind|p2a: Pelipper
|drag|p2a: Rillaboom|Rillaboom, F|100/100
|-damage|p2a: Rillaboom|88/100|[from] Stealth Rock
|-fieldstart|move: Grassy Terrain|[from] ability: Grassy Surge|[of] p2a: Rillaboom
|
|-weather|RainDance|[upkeep]
|-heal|p2a: Rillaboom|94/100|[from] Grassy Terrain
|-heal|p1a: Ting-Lu|86/100|[from] Grassy Terrain
|upkeep
|turn|9
|
|t:|1757863205
|move|p2a: Rillaboom|High Horsepower|p1a: Ting-Lu
|-damage|p1a: Ting-Lu|60/100
|-damage|p2a: Rillaboom|78/100|[from] item: Rocky Helmet|[of] p1a: Ting-Lu
|move|p1a: Ting-Lu|Spikes|p2a: Rillaboom
|-sidestart|p2: PikachuStupid90|Spikes
|
|-weather|RainDance|[upkeep]
|-heal|p2a: Rillaboom|84/100|[from] Grassy Terrain
|-heal|p1a: Ting-Lu|66/100|[from] Grassy Terrain
|upkeep
|turn|10
|
|t:|1757863218
|switch|p2a: Weezing|Weezing-Galar, M|100/100
|-ability|p2a: Weezing|Neutralizing Gas
|switch|p1a: Torkoal|Torkoal, F|100/100
|
|-weather|RainDance|[upkeep]
|upkeep
|turn|11
|
|t:|1757863231
|switch|p1a: Iron Moth|Iron Moth|100/100
|move|p2a: Weezing|Defog|p1a: Iron Moth
|-unboost|p1a: Iron Moth|evasion|1
|-sideend|p2: PikachuStupid90|Spikes|[from] move: Defog|[of] p2a: Weezing
|-sideend|p2: PikachuStupid90|Stealth Rock|[from] move: Defog|[of] p2a: Weezing
|-fieldend|move: Grassy Terrain
|
|-weather|RainDance|[upkeep]
|upkeep
|turn|12
|
|t:|1757863246
|-end|p2a: Weezing|ability: Neutralizing Gas
|switch|p2a: Kingambit|Kingambit, M|100/100
|-activate|p2a: Kingambit|ability: Supreme Overlord
|-start|p2a: Kingambit|fallen1|[silent]
|move|p1a: Iron Moth|Psychic|p2a: Kingambit
|-immune|p2a: Kingambit
|
|-weather|none
|upkeep
|turn|13
|
|t:|1757863255
|-end|p1a: Iron Moth|Quark Drive|[silent]
|switch|p1a: Great Tusk|Great Tusk|100/100
|-end|p2a: Kingambit|fallen1|[silent]
|switch|p2a: Pelipper|Pelipper, F|76/100
|-weather|RainDance|[from] ability: Drizzle|[of] p2a: Pelipper
|
|-weather|RainDance|[upkeep]
|upkeep
|turn|14
|
|t:|1757863264
|-end|p1a: Great Tusk|Protosynthesis|[silent]
|switch|p1a: Torkoal|Torkoal, F|100/100
|-weather|SunnyDay|[from] ability: Drought|[of] p1a: Torkoal
|move|p2a: Pelipper|Hurricane|p1a: Torkoal|[miss]
|-miss|p2a: Pelipper|p1a: Torkoal
|
|-weather|SunnyDay|[upkeep]
|upkeep
|turn|15
|
|t:|1757863275
|move|p2a: Pelipper|U-turn|p1a: Torkoal
|-resisted|p1a: Torkoal
|-damage|p1a: Torkoal|98/100
|
|t:|1757863278
|switch|p2a: Raging Bolt|Raging Bolt|100/100|[from] U-turn
|-activate|p2a: Raging Bolt|ability: Protosynthesis
|-start|p2a: Raging Bolt|protosynthesisspa
|move|p1a: Torkoal|Will-O-Wisp|p2a: Raging Bolt
|-status|p2a: Raging Bolt|brn
|
|-weather|SunnyDay|[upkeep]
|-damage|p2a: Raging Bolt|94/100 brn|[from] brn
|upkeep
|turn|16
|
|t:|1757863288
|switch|p1a: Ting-Lu|Ting-Lu|66/100
|-ability|p1a: Ting-Lu|Vessel of Ruin
|move|p2a: Raging Bolt|Dragon Pulse|p1a: Ting-Lu
|-crit|p1a: Ting-Lu
|-damage|p1a: Ting-Lu|22/100
|
|-weather|SunnyDay|[upkeep]
|-damage|p2a: Raging Bolt|88/100 brn|[from] brn
|upkeep
|turn|17
|
|t:|1757863297
|move|p2a: Raging Bolt|Dragon Pulse|p1a: Ting-Lu
|-damage|p1a: Ting-Lu|0 fnt
|faint|p1a: Ting-Lu
|
|-weather|SunnyDay|[upkeep]
|-damage|p2a: Raging Bolt|82/100 brn|[from] brn
|upkeep
|
|t:|1757863303
|switch|p1a: Slither Wing|Slither Wing|83/100
|-activate|p1a: Slither Wing|ability: Protosynthesis
|-start|p1a: Slither Wing|protosynthesisatk
|turn|18
|
|t:|1757863312
|-end|p2a: Raging Bolt|Protosynthesis|[silent]
|switch|p2a: Weezing|Weezing-Galar, M|100/100
|-ability|p2a: Weezing|Neutralizing Gas
|move|p1a: Slither Wing|U-turn|p2a: Weezing
|-resisted|p2a: Weezing
|-damage|p2a: Weezing|89/100
|
|t:|1757863319
|-end|p1a: Slither Wing|Protosynthesis|[silent]
|switch|p1a: Iron Moth|Iron Moth|100/100|[from] U-turn
|
|-weather|SunnyDay|[upkeep]
|upkeep
|turn|19
|
|t:|1757863327
|-end|p2a: Weezing|ability: Neutralizing Gas
|switch|p2a: Pelipper|Pelipper, F|76/100
|-weather|RainDance|[from] ability: Drizzle|[of] p2a: Pelipper
|move|p1a: Iron Moth|Fiery Dance|p2a: Pelipper
|-resisted|p2a: Pelipper
|-damage|p2a: Pelipper|55/100
|-boost|p1a: Iron Moth|spa|1
|
|-weather|RainDance|[upkeep]
|upkeep
|turn|20
|
|t:|1757863338
|-end|p1a: Iron Moth|Quark Drive|[silent]
|switch|p1a: Torkoal|Torkoal, F|98/100
|-weather|SunnyDay|[from] ability: Drought|[of] p1a: Torkoal
|move|p2a: Pelipper|Roost|p2a: Pelipper
|-heal|p2a: Pelipper|100/100
|-singleturn|p2a: Pelipper|move: Roost
|
|-weather|SunnyDay|[upkeep]
|upkeep
|turn|21
|
|t:|1757863348
|move|p2a: Pelipper|U-turn|p1a: Torkoal
|-resisted|p1a: Torkoal
|-damage|p1a: Torkoal|95/100
|
|t:|1757863353
|switch|p2a: Raging Bolt|Raging Bolt|82/100 brn|[from] U-turn
|-activate|p2a: Raging Bolt|ability: Protosynthesis
|-start|p2a: Raging Bolt|protosynthesisspa
|move|p1a: Torkoal|Stealth Rock|p2a: Raging Bolt
|-sidestart|p2: PikachuStupid90|move: Stealth Rock
|
|-weather|SunnyDay|[upkeep]
|-damage|p2a: Raging Bolt|76/100 brn|[from] brn
|upkeep
|turn|22
|inactive|ekud has 120 seconds left.
|
|t:|1757863392
|switch|p1a: Slither Wing|Slither Wing|83/100
|-activate|p1a: Slither Wing|ability: Protosynthesis
|-start|p1a: Slither Wing|protosynthesisatk
|move|p2a: Raging Bolt|Dragon Pulse|p1a: Slither Wing
|-damage|p1a: Slither Wing|20/100
|
|-weather|SunnyDay|[upkeep]
|-damage|p2a: Raging Bolt|70/100 brn|[from] brn
|upkeep
|turn|23
|inactive|ekud has 120 seconds left.
|
|t:|1757863411
|move|p1a: Slither Wing|First Impression|p2a: Raging Bolt
|-damage|p2a: Raging Bolt|0 fnt
|faint|p2a: Raging Bolt
|-end|p2a: Raging Bolt|Protosynthesis|[silent]
|
|-weather|SunnyDay|[upkeep]
|upkeep
|
|t:|1757863424
|switch|p2a: Rillaboom|Rillaboom, F|84/100
|-damage|p2a: Rillaboom|72/100|[from] Stealth Rock
|-fieldstart|move: Grassy Terrain|[from] ability: Grassy Surge|[of] p2a: Rillaboom
|turn|24
|
|t:|1757863431
|-end|p1a: Slither Wing|Protosynthesis|[silent]
|switch|p1a: Iron Moth|Iron Moth|100/100
|move|p2a: Rillaboom|Grassy Glide|p1a: Iron Moth
|-resisted|p1a: Iron Moth
|-damage|p1a: Iron Moth|77/100
|
|-weather|SunnyDay|[upkeep]
|-heal|p1a: Iron Moth|83/100|[from] Grassy Terrain
|-heal|p2a: Rillaboom|78/100|[from] Grassy Terrain
|upkeep
|turn|25
|
|t:|1757863444
|-end|p1a: Iron Moth|Quark Drive|[silent]
|switch|p1a: Walking Wake|Walking Wake|76/100
|-activate|p1a: Walking Wake|ability: Protosynthesis
|-start|p1a: Walking Wake|protosynthesisspe
|switch|p2a: Pelipper|Pelipper, F|100/100
|-weather|RainDance|[from] ability: Drizzle|[of] p2a: Pelipper
|-end|p1a: Walking Wake|Protosynthesis
|
|-weather|RainDance|[upkeep]
|-heal|p1a: Walking Wake|82/100|[from] Grassy Terrain
|upkeep
|turn|26
|
|t:|1757863457
|move|p1a: Walking Wake|Hydro Steam|p2a: Pelipper
|-resisted|p2a: Pelipper
|-damage|p2a: Pelipper|41/100
|move|p2a: Pelipper|U-turn|p1a: Walking Wake
|-damage|p1a: Walking Wake|72/100
|
|t:|1757863463
|switch|p2a: Rillaboom|Rillaboom, F|78/100|[from] U-turn
|-damage|p2a: Rillaboom|66/100|[from] Stealth Rock
|
|-weather|RainDance|[upkeep]
|-heal|p1a: Walking Wake|78/100|[from] Grassy Terrain
|-heal|p2a: Rillaboom|72/100|[from] Grassy Terrain
|upkeep
|turn|27
|
|t:|1757863472
|-terastallize|p1a: Walking Wake|Dragon
|move|p1a: Walking Wake|Hydro Steam|p2a: Rillaboom
|-resisted|p2a: Rillaboom
|-damage|p2a: Rillaboom|12/100
|move|p2a: Rillaboom|Wood Hammer|p1a: Walking Wake
|-resisted|p1a: Walking Wake
|-damage|p1a: Walking Wake|10/100
|-damage|p2a: Rillaboom|0 fnt|[from] Recoil
|faint|p2a: Rillaboom
|
|-weather|RainDance|[upkeep]
|-heal|p1a: Walking Wake|16/100|[from] Grassy Terrain
|upkeep
|
|t:|1757863481
|switch|p2a: Kingambit|Kingambit, M|100/100
|-damage|p2a: Kingambit|94/100|[from] Stealth Rock
|-activate|p2a: Kingambit|ability: Supreme Overlord
|-start|p2a: Kingambit|fallen3|[silent]
|turn|28
|
|t:|1757863492
|-end|p1a: Walking Wake|Protosynthesis|[silent]
|switch|p1a: Great Tusk|Great Tusk|100/100
|move|p2a: Kingambit|Sucker Punch||[still]
|-fail|p2a: Kingambit
|
|-weather|RainDance|[upkeep]
|-heal|p2a: Kingambit|100/100|[from] Grassy Terrain
|-fieldend|move: Grassy Terrain
|upkeep
|turn|29
|
|t:|1757863508
|-terastallize|p2a: Kingambit|Bug
|move|p1a: Great Tusk|Bulk Up|p1a: Great Tusk
|-boost|p1a: Great Tusk|atk|1
|-boost|p1a: Great Tusk|def|1
|move|p2a: Kingambit|Iron Head|p1a: Great Tusk
|-damage|p1a: Great Tusk|74/100
|
|-weather|none
|upkeep
|turn|30
|
|t:|1757863522
|-end|p2a: Kingambit|fallen3|[silent]
|switch|p2a: Weezing|Weezing-Galar, M|89/100
|-ability|p2a: Weezing|Neutralizing Gas
|move|p1a: Great Tusk|Bulk Up|p1a: Great Tusk
|-boost|p1a: Great Tusk|atk|1
|-boost|p1a: Great Tusk|def|1
|
|upkeep
|turn|31
|
|t:|1757863532
|-end|p2a: Weezing|ability: Neutralizing Gas
|switch|p2a: Pelipper|Pelipper, F|41/100
|-weather|RainDance|[from] ability: Drizzle|[of] p2a: Pelipper
|move|p1a: Great Tusk|Headlong Rush|p2a: Pelipper
|-immune|p2a: Pelipper
|
|-weather|RainDance|[upkeep]
|upkeep
|turn|32
|
|t:|1757863540
|move|p1a: Great Tusk|Ice Spinner|p2a: Pelipper
|-damage|p2a: Pelipper|3/100
|move|p2a: Pelipper|Roost|p2a: Pelipper
|-heal|p2a: Pelipper|53/100
|-singleturn|p2a: Pelipper|move: Roost
|
|-weather|RainDance|[upkeep]
|upkeep
|turn|33
|
|t:|1757863548
|-end|p1a: Great Tusk|Protosynthesis|[silent]
|switch|p1a: Torkoal|Torkoal, F|95/100
|-weather|SunnyDay|[from] ability: Drought|[of] p1a: Torkoal
|move|p2a: Pelipper|Roost|p2a: Pelipper
|-heal|p2a: Pelipper|100/100
|-singleturn|p2a: Pelipper|move: Roost
|
|-weather|SunnyDay|[upkeep]
|upkeep
|turn|34
|
|t:|1757863556
|move|p2a: Pelipper|U-turn|p1a: Torkoal
|-resisted|p1a: Torkoal
|-damage|p1a: Torkoal|92/100
|
|t:|1757863559
|switch|p2a: Weezing|Weezing-Galar, M|89/100|[from] U-turn
|-ability|p2a: Weezing|Neutralizing Gas
|move|p1a: Torkoal|Lava Plume|p2a: Weezing
|-damage|p2a: Weezing|43/100
|
|-weather|SunnyDay|[upkeep]
|upkeep
|turn|35
|
|t:|1757863571
|switch|p1a: Slither Wing|Slither Wing|20/100
|move|p2a: Weezing|Pain Split|p1a: Slither Wing
|-sethp|p1a: Slither Wing|32/100|[from] move: Pain Split|[silent]
|-sethp|p2a: Weezing|31/100|[from] move: Pain Split
|
|-weather|SunnyDay|[upkeep]
|upkeep
|turn|36
|
|t:|1757863579
|move|p1a: Slither Wing|U-turn|p2a: Weezing
|-resisted|p2a: Weezing
|-damage|p2a: Weezing|18/100
|
|t:|1757863582
|-end|p1a: Slither Wing|Protosynthesis|[silent]
|switch|p1a: Walking Wake|Walking Wake, tera:Dragon|16/100|[from] U-turn
|move|p2a: Weezing|Dazzling Gleam|p1a: Walking Wake
|-supereffective|p1a: Walking Wake
|-damage|p1a: Walking Wake|0 fnt
|faint|p1a: Walking Wake
|-end|p1a: Walking Wake|Protosynthesis|[silent]
|
|-weather|SunnyDay|[upkeep]
|upkeep
|
|t:|1757863594
|switch|p1a: Slither Wing|Slither Wing|32/100
|turn|37
|
|t:|1757863602
|move|p1a: Slither Wing|Flare Blitz|p2a: Weezing
|-damage|p2a: Weezing|0 fnt
|faint|p2a: Weezing
|-end|p2a: Weezing|ability: Neutralizing Gas
|-activate|p1a: Slither Wing|ability: Protosynthesis
|-start|p1a: Slither Wing|protosynthesisatk
|-damage|p1a: Slither Wing|26/100|[from] Recoil
|
|-weather|SunnyDay|[upkeep]
|upkeep
|
|t:|1757863618
|switch|p2a: Kingambit|Kingambit, M, tera:Bug|100/100
|-damage|p2a: Kingambit|75/100|[from] Stealth Rock
|-activate|p2a: Kingambit|ability: Supreme Overlord
|-start|p2a: Kingambit|fallen4|[silent]
|turn|38
|
|t:|1757863625
|-end|p1a: Slither Wing|Protosynthesis|[silent]
|switch|p1a: Torkoal|Torkoal, F|92/100
|move|p2a: Kingambit|Iron Head|p1a: Torkoal
|-resisted|p1a: Torkoal
|-damage|p1a: Torkoal|73/100
|
|-weather|SunnyDay|[upkeep]
|upkeep
|turn|39
|
|t:|1757863632
|-end|p2a: Kingambit|fallen4|[silent]
|switch|p2a: Pelipper|Pelipper, F|100/100
|-weather|RainDance|[from] ability: Drizzle|[of] p2a: Pelipper
|move|p1a: Torkoal|Will-O-Wisp|p2a: Pelipper
|-status|p2a: Pelipper|brn
|
|-weather|RainDance|[upkeep]
|-damage|p2a: Pelipper|94/100 brn|[from] brn
|upkeep
|turn|40
|
|t:|1757863643
|switch|p1a: Slither Wing|Slither Wing|26/100
|move|p2a: Pelipper|Hurricane|p1a: Slither Wing
|-supereffective|p1a: Slither Wing
|-damage|p1a: Slither Wing|0 fnt
|faint|p1a: Slither Wing
|-end|p1a: Slither Wing|Protosynthesis|[silent]
|
|-weather|RainDance|[upkeep]
|-damage|p2a: Pelipper|88/100 brn|[from] brn
|upkeep
|
|t:|1757863651
|switch|p1a: Torkoal|Torkoal, F|73/100
|-weather|SunnyDay|[from] ability: Drought|[of] p1a: Torkoal
|turn|41
|
|t:|1757863666
|move|p2a: Pelipper|Weather Ball|p1a: Torkoal
|-resisted|p1a: Torkoal
|-damage|p1a: Torkoal|50/100
|move|p1a: Torkoal|Lava Plume|p2a: Pelipper
|-resisted|p2a: Pelipper
|-damage|p2a: Pelipper|64/100 brn
|
|-weather|SunnyDay|[upkeep]
|-damage|p2a: Pelipper|58/100 brn|[from] brn
|upkeep
|turn|42
|
|t:|1757863683
|move|p2a: Pelipper|Weather Ball|p1a: Torkoal
|-resisted|p1a: Torkoal
|-damage|p1a: Torkoal|28/100
|move|p1a: Torkoal|Lava Plume|p2a: Pelipper
|-resisted|p2a: Pelipper
|-damage|p2a: Pelipper|31/100 brn
|
|-weather|SunnyDay|[upkeep]
|-damage|p2a: Pelipper|24/100 brn|[from] brn
|upkeep
|turn|43
|
|t:|1757863691
|switch|p1a: Iron Moth|Iron Moth|83/100
|move|p2a: Pelipper|Roost|p2a: Pelipper
|-heal|p2a: Pelipper|74/100 brn
|-singleturn|p2a: Pelipper|move: Roost
|
|-weather|SunnyDay|[upkeep]
|-damage|p2a: Pelipper|68/100 brn|[from] brn
|upkeep
|turn|44
|
|t:|1757863705
|move|p1a: Iron Moth|Sludge Wave|p2a: Pelipper
|-damage|p2a: Pelipper|0 fnt
|faint|p2a: Pelipper
|
|-weather|SunnyDay|[upkeep]
|upkeep
|
|t:|1757863709
|switch|p2a: Kingambit|Kingambit, M, tera:Bug|75/100
|-damage|p2a: Kingambit|50/100|[from] Stealth Rock
|-activate|p2a: Kingambit|ability: Supreme Overlord
|-start|p2a: Kingambit|fallen5|[silent]
|turn|45
|
|t:|1757863714
|move|p2a: Kingambit|Sucker Punch|p1a: Iron Moth
|-damage|p1a: Iron Moth|0 fnt
|faint|p1a: Iron Moth
|-end|p1a: Iron Moth|Quark Drive|[silent]
|
|-weather|SunnyDay|[upkeep]
|upkeep
|
|t:|1757863718
|switch|p1a: Great Tusk|Great Tusk|74/100
|-activate|p1a: Great Tusk|ability: Protosynthesis
|-start|p1a: Great Tusk|protosynthesisspe
|turn|46
|
|t:|1757863727
|move|p1a: Great Tusk|Bulk Up|p1a: Great Tusk
|-boost|p1a: Great Tusk|atk|1
|-boost|p1a: Great Tusk|def|1
|move|p2a: Kingambit|Iron Head|p1a: Great Tusk
|-damage|p1a: Great Tusk|44/100
|
|-weather|SunnyDay|[upkeep]
|upkeep
|turn|47
|
|t:|1757863734
|move|p1a: Great Tusk|Ice Spinner|p2a: Kingambit
|-crit|p2a: Kingambit
|-damage|p2a: Kingambit|14/100
|move|p2a: Kingambit|Iron Head|p1a: Great Tusk
|-damage|p1a: Great Tusk|16/100
|
|-weather|SunnyDay|[upkeep]
|upkeep
|turn|48
|
|t:|1757863741
|move|p1a: Great Tusk|Bulk Up|p1a: Great Tusk
|-boost|p1a: Great Tusk|atk|1
|-boost|p1a: Great Tusk|def|1
|move|p2a: Kingambit|Iron Head|p1a: Great Tusk
|-damage|p1a: Great Tusk|0 fnt
|faint|p1a: Great Tusk
|-end|p1a: Great Tusk|Protosynthesis|[silent]
|
|-weather|none
|upkeep
|
|t:|1757863748
|switch|p1a: Torkoal|Torkoal, F|28/100
|-weather|SunnyDay|[from] ability: Drought|[of] p1a: Torkoal
|turn|49
|
|t:|1757863753
|move|p2a: Kingambit|Kowtow Cleave|p1a: Torkoal
|-damage|p1a: Torkoal|0 fnt
|faint|p1a: Torkoal
|
|win|PikachuStupid90
|raw|ekud's rating: 1249 &rarr; <strong>1221</strong><br />(-28 for losing)
|raw|PikachuStupid90's rating: 1208 &rarr; <strong>1236</strong><br />(+28 for winning)
|l|☆ekud
|player|p1|
