|j|☆Luxray Through
|j|☆langa hasegawa
|t:|1757910485
|gametype|singles
|player|p1|Luxray Through|gambler|1513
|player|p2|langa hasegawa|steven|1598
|gen|9
|tier|[Gen 9] OU
|rated|
|rule|HP Percentage Mod: HP is shown in percentages
|rule|Endless Battle Clause: Forcing endless battles is banned
|rule|Species Clause: Limit one of each Pokémon
|rule|OHKO Clause: OHKO moves are banned
|rule|Evasion Items Clause: Evasion items are banned
|rule|Evasion Moves Clause: Evasion moves are banned
|rule|Evasion Abilities Clause: Evasion abilities are banned
|rule|Sleep Moves Clause: Sleep-inducing moves are banned
|clearpoke
|poke|p1|Dragonite, M|
|poke|p1|Kingambit, F|
|poke|p1|Iron Moth|
|poke|p1|Samurott-Hisui, F|
|poke|p1|Iron Valiant|
|poke|p1|Moltres-Galar|
|poke|p2|Zamazenta-*|
|poke|p2|Landorus-Therian, M|
|poke|p2|Weezing-Galar, M|
|poke|p2|Kyurem|
|poke|p2|Garganacl, F|
|poke|p2|Gholdengo|
|teampreview
|c|☆langa hasegawa|hf
|
|t:|1757910519
|teamsize|p1|6
|teamsize|p2|6
|start
|switch|p1a: Samurott|Samurott-Hisui, F|100/100
|switch|p2a: Weezing|Weezing-Galar, M|100/100
|-ability|p2a: Weezing|Neutralizing Gas
|turn|1
|inactive|Battle timer is ON: inactive players will automatically lose when time's up. (requested by langa hasegawa)
|
|t:|1757910530
|switch|p1a: Iron Moth|Iron Moth|100/100
|move|p2a: Weezing|Will-O-Wisp|p1a: Iron Moth
|-immune|p1a: Iron Moth
|
|upkeep
|turn|2
|
|t:|1757910547
|-end|p1a: Iron Moth|Quark Drive|[silent]
|switch|p1a: Samurott|Samurott-Hisui, F|100/100
|-end|p2a: Weezing|ability: Neutralizing Gas
|switch|p2a: Landorus|Landorus-Therian, M|100/100
|-ability|p2a: Landorus|Intimidate|boost
|-unboost|p1a: Samurott|atk|1
|
|upkeep
|turn|3
|
|t:|1757910560
|move|p2a: Landorus|U-turn|p1a: Samurott
|-supereffective|p1a: Samurott
|-damage|p1a: Samurott|28/100
|
|t:|1757910565
|switch|p2a: Weezing|Weezing-Galar, M|100/100|[from] U-turn
|-ability|p2a: Weezing|Neutralizing Gas
|move|p1a: Samurott|Ceaseless Edge|p2a: Weezing
|-resisted|p2a: Weezing
|-damage|p2a: Weezing|93/100
|-sidestart|p2: langa hasegawa|Spikes
|
|upkeep
|turn|4
|
|t:|1757910573
|move|p1a: Samurott|Ceaseless Edge|p2a: Weezing
|-resisted|p2a: Weezing
|-damage|p2a: Weezing|86/100
|-sidestart|p2: langa hasegawa|Spikes
|move|p2a: Weezing|Defog|p1a: Samurott
|-unboost|p1a: Samurott|evasion|1
|-sideend|p2: langa hasegawa|Spikes|[from] move: Defog|[of] p2a: Weezing
|
|upkeep
|turn|5
|
|t:|1757910578
|move|p1a: Samurott|Knock Off|p2a: Weezing
|-resisted|p2a: Weezing
|-damage|p2a: Weezing|76/100
|-enditem|p2a: Weezing|Heavy-Duty Boots|[from] move: Knock Off|[of] p1a: Samurott
|move|p2a: Weezing|Sludge Bomb|p1a: Samurott
|-damage|p1a: Samurott|0 fnt
|faint|p1a: Samurott
|
|upkeep
|
|t:|1757910595
|switch|p1a: Kingambit|Kingambit, F|100/100
|-item|p1a: Kingambit|Air Balloon
|turn|6
|
|t:|1757910602
|-end|p2a: Weezing|ability: Neutralizing Gas
|-activate|p1a: Kingambit|ability: Supreme Overlord
|-start|p1a: Kingambit|fallen1|[silent]
|switch|p2a: Zamazenta|Zamazenta|100/100
|-ability|p2a: Zamazenta|Dauntless Shield|boost
|-boost|p2a: Zamazenta|def|1
|move|p1a: Kingambit|Iron Head|p2a: Zamazenta
|-damage|p2a: Zamazenta|73/100
|
|-heal|p2a: Zamazenta|79/100|[from] item: Leftovers
|upkeep
|turn|7
|
|t:|1757910623
|-terastallize|p1a: Kingambit|Ghost
|move|p2a: Zamazenta|Body Press|p1a: Kingambit
|-immune|p1a: Kingambit
|move|p1a: Kingambit|Swords Dance|p1a: Kingambit
|-boost|p1a: Kingambit|atk|2
|
|-heal|p2a: Zamazenta|86/100|[from] item: Leftovers
|upkeep
|turn|8
|inactive|Luxray Through has 120 seconds left.
|
|t:|1757910643
|move|p2a: Zamazenta|Iron Defense|p2a: Zamazenta
|-boost|p2a: Zamazenta|def|2
|move|p1a: Kingambit|Swords Dance|p1a: Kingambit
|-boost|p1a: Kingambit|atk|2
|
|-heal|p2a: Zamazenta|92/100|[from] item: Leftovers
|upkeep
|turn|9
|inactive|Luxray Through has 120 seconds left.
|
|t:|1757910656
|move|p2a: Zamazenta|Iron Defense|p2a: Zamazenta
|-boost|p2a: Zamazenta|def|2
|move|p1a: Kingambit|Swords Dance|p1a: Kingambit
|-boost|p1a: Kingambit|atk|2
|
|-heal|p2a: Zamazenta|98/100|[from] item: Leftovers
|upkeep
|turn|10
|
|t:|1757910664
|move|p1a: Kingambit|Iron Head|p2a: Zamazenta
|-damage|p2a: Zamazenta|51/100
|cant|p2a: Zamazenta|flinch
|
|-heal|p2a: Zamazenta|58/100|[from] item: Leftovers
|upkeep
|turn|11
|
|t:|1757910670
|move|p1a: Kingambit|Iron Head|p2a: Zamazenta
|-damage|p2a: Zamazenta|10/100
|cant|p2a: Zamazenta|flinch
|
|-heal|p2a: Zamazenta|17/100|[from] item: Leftovers
|upkeep
|turn|12
|c|☆langa hasegawa|smh
|c|☆langa hasegawa|i roar'd u twice
|
|t:|1757910684
|move|p2a: Zamazenta|Crunch|p1a: Kingambit
|-supereffective|p1a: Kingambit
|-damage|p1a: Kingambit|65/100
|-enditem|p1a: Kingambit|Air Balloon
|move|p1a: Kingambit|Iron Head|p2a: Zamazenta
|-damage|p2a: Zamazenta|0 fnt
|faint|p2a: Zamazenta
|
|upkeep
|c|☆Luxray Through|lol
|
|t:|1757910691
|switch|p2a: Landorus|Landorus-Therian, M|100/100
|-ability|p2a: Landorus|Intimidate|boost
|-unboost|p1a: Kingambit|atk|1
|turn|13
|c|☆langa hasegawa|well thsi is dumb now
|
|t:|1757910707
|move|p2a: Landorus|Earthquake|p1a: Kingambit
|-damage|p1a: Kingambit|20/100
|move|p1a: Kingambit|Iron Head|p2a: Landorus
|-damage|p2a: Landorus|0 fnt
|faint|p2a: Landorus
|
|upkeep
|
|t:|1757910719
|switch|p2a: Weezing|Weezing-Galar, M|76/100
|-ability|p2a: Weezing|Neutralizing Gas
|turn|14
|
|t:|1757910723
|move|p1a: Kingambit|Iron Head|p2a: Weezing
|-supereffective|p2a: Weezing
|-damage|p2a: Weezing|0 fnt
|faint|p2a: Weezing
|-end|p2a: Weezing|ability: Neutralizing Gas
|-activate|p1a: Kingambit|ability: Supreme Overlord
|-start|p1a: Kingambit|fallen1|[silent]
|
|upkeep
|
|t:|1757910726
|switch|p2a: Kyurem|Kyurem|100/100
|-ability|p2a: Kyurem|Pressure
|turn|15
|
|t:|1757910729
|move|p1a: Kingambit|Sucker Punch||[still]
|-fail|p1a: Kingambit
|move|p2a: Kyurem|Substitute|p2a: Kyurem
|-start|p2a: Kyurem|Substitute
|-damage|p2a: Kyurem|76/100
|
|-heal|p2a: Kyurem|82/100|[from] item: Leftovers
|upkeep
|turn|16
|
|t:|1757910739
|move|p1a: Kingambit|Sucker Punch|p2a: Kyurem
|-end|p2a: Kyurem|Substitute
|move|p2a: Kyurem|Freeze-Dry|p1a: Kingambit
|-damage|p1a: Kingambit|0 fnt
|faint|p1a: Kingambit
|-end|p1a: Kingambit|fallen1|[silent]
|
|-heal|p2a: Kyurem|88/100|[from] item: Leftovers
|upkeep
|
|t:|1757910741
|switch|p1a: Iron Valiant|Iron Valiant|100/100
|-enditem|p1a: Iron Valiant|Booster Energy
|-activate|p1a: Iron Valiant|ability: Quark Drive|[fromitem]
|-start|p1a: Iron Valiant|quarkdrivespe
|turn|17
|
|t:|1757910752
|switch|p2a: Gholdengo|Gholdengo|100/100
|move|p1a: Iron Valiant|Close Combat|p2a: Gholdengo
|-immune|p2a: Gholdengo
|
|upkeep
|turn|18
|
|t:|1757910760
|-end|p1a: Iron Valiant|Quark Drive|[silent]
|switch|p1a: Moltres|Moltres-Galar|100/100
|move|p2a: Gholdengo|Make It Rain|p1a: Moltres
|-damage|p1a: Moltres|29/100
|-unboost|p2a: Gholdengo|spa|1
|-ability|p1a: Moltres|Berserk|boost
|-boost|p1a: Moltres|spa|1
|-enditem|p1a: Moltres|Sitrus Berry|[eat]
|-heal|p1a: Moltres|54/100|[from] item: Sitrus Berry
|
|upkeep
|turn|19
|
|t:|1757910770
|move|p1a: Moltres|Fiery Wrath|p2a: Gholdengo
|-supereffective|p2a: Gholdengo
|-damage|p2a: Gholdengo|0 fnt
|faint|p2a: Gholdengo
|
|upkeep
|
|t:|1757910773
|switch|p2a: Garganacl|Garganacl, F|100/100
|turn|20
|
|t:|1757910780
|move|p1a: Moltres|Fiery Wrath|p2a: Garganacl
|-damage|p2a: Garganacl|56/100
|move|p2a: Garganacl|Salt Cure|p1a: Moltres
|-supereffective|p1a: Moltres
|-damage|p1a: Moltres|21/100
|-start|p1a: Moltres|Salt Cure
|-ability|p1a: Moltres|Berserk|boost
|-boost|p1a: Moltres|spa|1
|
|-heal|p2a: Garganacl|62/100|[from] item: Leftovers
|-damage|p1a: Moltres|8/100|[from] Salt Cure
|upkeep
|turn|21
|
|t:|1757910792
|switch|p1a: Dragonite|Dragonite, M|100/100
|move|p2a: Garganacl|Protect||[still]
|-fail|p2a: Garganacl
|
|-heal|p2a: Garganacl|68/100|[from] item: Leftovers
|upkeep
|turn|22
|
|t:|1757910799
|switch|p2a: Kyurem|Kyurem|88/100
|-ability|p2a: Kyurem|Pressure
|move|p1a: Dragonite|Earthquake|p2a: Kyurem
|-damage|p2a: Kyurem|50/100
|
|-heal|p2a: Kyurem|56/100|[from] item: Leftovers
|upkeep
|turn|23
|
|t:|1757910807
|move|p1a: Dragonite|Extreme Speed|p2a: Kyurem
|-damage|p2a: Kyurem|29/100
|move|p2a: Kyurem|Freeze-Dry|p1a: Dragonite
|-supereffective|p1a: Dragonite
|-damage|p1a: Dragonite|26/100
|
|-heal|p2a: Kyurem|35/100|[from] item: Leftovers
|upkeep
|turn|24
|
|t:|1757910827
|switch|p1a: Iron Moth|Iron Moth|100/100
|-enditem|p1a: Iron Moth|Booster Energy
|-activate|p1a: Iron Moth|ability: Quark Drive|[fromitem]
|-start|p1a: Iron Moth|quarkdrivespe
|move|p2a: Kyurem|Freeze-Dry|p1a: Iron Moth
|-resisted|p1a: Iron Moth
|-damage|p1a: Iron Moth|84/100
|
|-heal|p2a: Kyurem|41/100|[from] item: Leftovers
|upkeep
|turn|25
|
|t:|1757910837
|-end|p1a: Iron Moth|Quark Drive|[silent]
|switch|p1a: Moltres|Moltres-Galar|8/100
|move|p2a: Kyurem|Earth Power|p1a: Moltres
|-immune|p1a: Moltres
|
|-heal|p2a: Kyurem|48/100|[from] item: Leftovers
|upkeep
|turn|26
|
|t:|1757910840
|move|p2a: Kyurem|Freeze-Dry|p1a: Moltres
|-supereffective|p1a: Moltres
|-damage|p1a: Moltres|0 fnt
|faint|p1a: Moltres
|
|-heal|p2a: Kyurem|54/100|[from] item: Leftovers
|upkeep
|
|t:|1757910842
|switch|p1a: Iron Valiant|Iron Valiant|100/100
|turn|27
|
|t:|1757910846
|move|p1a: Iron Valiant|Moonblast|p2a: Kyurem
|-supereffective|p2a: Kyurem
|-damage|p2a: Kyurem|0 fnt
|faint|p2a: Kyurem
|
|upkeep
|
|t:|1757910848
|switch|p2a: Garganacl|Garganacl, F|68/100
|turn|28
|
|t:|1757910857
|-terastallize|p2a: Garganacl|Water
|move|p1a: Iron Valiant|Close Combat|p2a: Garganacl
|-damage|p2a: Garganacl|36/100
|-unboost|p1a: Iron Valiant|def|1
|-unboost|p1a: Iron Valiant|spd|1
|move|p2a: Garganacl|Salt Cure|p1a: Iron Valiant
|-resisted|p1a: Iron Valiant
|-damage|p1a: Iron Valiant|87/100
|-start|p1a: Iron Valiant|Salt Cure
|
|-heal|p2a: Garganacl|42/100|[from] item: Leftovers
|-damage|p1a: Iron Valiant|74/100|[from] Salt Cure
|upkeep
|turn|29
|
|t:|1757910879
|-end|p1a: Iron Valiant|Quark Drive|[silent]
|switch|p1a: Iron Moth|Iron Moth|84/100
|move|p2a: Garganacl|Recover|p2a: Garganacl
|-heal|p2a: Garganacl|92/100
|
|-heal|p2a: Garganacl|99/100|[from] item: Leftovers
|upkeep
|turn|30
|c|☆langa hasegawa|!showset zamazenta
|c| langa hasegawa|/raw <div class="infobox">Zamazenta @ Leftovers  <br />Ability: Dauntless Shield  <br />Tera Type: Dark  <br />EVs: 248 HP &#x2f; 104 SpD &#x2f; 156 Spe  <br />Jolly Nature  <br />IVs: 0 SpA  <br />- Body Press  <br />- Crunch  <br />- Iron Defense  <br />- Roar  <br /><br /></div>
|
|t:|1757910883
|move|p1a: Iron Moth|Sludge Wave|p2a: Garganacl
|-damage|p2a: Garganacl|62/100
|move|p2a: Garganacl|Salt Cure|p1a: Iron Moth
|-supereffective|p1a: Iron Moth
|-damage|p1a: Iron Moth|42/100
|-start|p1a: Iron Moth|Salt Cure
|
|-heal|p2a: Garganacl|68/100|[from] item: Leftovers
|-damage|p1a: Iron Moth|29/100|[from] Salt Cure
|upkeep
|turn|31
|
|t:|1757910890
|move|p1a: Iron Moth|Sludge Wave|p2a: Garganacl
|-damage|p2a: Garganacl|35/100
|move|p2a: Garganacl|Recover|p2a: Garganacl
|-heal|p2a: Garganacl|86/100
|
|-heal|p2a: Garganacl|92/100|[from] item: Leftovers
|-damage|p1a: Iron Moth|17/100|[from] Salt Cure
|upkeep
|turn|32
|
|t:|1757910897
|move|p1a: Iron Moth|Sludge Wave|p2a: Garganacl
|-damage|p2a: Garganacl|58/100
|move|p2a: Garganacl|Stealth Rock|p1a: Iron Moth
|-sidestart|p1: Luxray Through|move: Stealth Rock
|
|-heal|p2a: Garganacl|64/100|[from] item: Leftovers
|-damage|p1a: Iron Moth|5/100|[from] Salt Cure
|upkeep
|turn|33
|
|t:|1757910911
|move|p1a: Iron Moth|Sludge Wave|p2a: Garganacl
|-damage|p2a: Garganacl|30/100
|move|p2a: Garganacl|Recover|p2a: Garganacl
|-heal|p2a: Garganacl|80/100
|
|-heal|p2a: Garganacl|86/100|[from] item: Leftovers
|-damage|p1a: Iron Moth|0 fnt|[from] Salt Cure
|faint|p1a: Iron Moth
|-end|p1a: Iron Moth|Quark Drive|[silent]
|upkeep
|
|t:|1757910913
|switch|p1a: Iron Valiant|Iron Valiant|74/100
|-damage|p1a: Iron Valiant|68/100|[from] Stealth Rock
|turn|34
|
|t:|1757910917
|move|p1a: Iron Valiant|Knock Off|p2a: Garganacl
|-damage|p2a: Garganacl|68/100
|-enditem|p2a: Garganacl|Leftovers|[from] move: Knock Off|[of] p1a: Iron Valiant
|move|p2a: Garganacl|Salt Cure|p1a: Iron Valiant
|-resisted|p1a: Iron Valiant
|-damage|p1a: Iron Valiant|60/100
|-start|p1a: Iron Valiant|Salt Cure
|
|-damage|p1a: Iron Valiant|47/100|[from] Salt Cure
|upkeep
|turn|35
|
|t:|1757910923
|move|p2a: Garganacl|Protect|p2a: Garganacl
|-singleturn|p2a: Garganacl|Protect
|move|p1a: Iron Valiant|Moonblast|p2a: Garganacl
|-activate|p2a: Garganacl|move: Protect
|
|-damage|p1a: Iron Valiant|35/100|[from] Salt Cure
|upkeep
|turn|36
|
|t:|1757910932
|move|p1a: Iron Valiant|Moonblast|p2a: Garganacl
|-damage|p2a: Garganacl|37/100
|-unboost|p2a: Garganacl|spa|1
|move|p2a: Garganacl|Recover|p2a: Garganacl
|-heal|p2a: Garganacl|87/100
|
|-damage|p1a: Iron Valiant|22/100|[from] Salt Cure
|upkeep
|turn|37
|inactive|Luxray Through has 120 seconds left.
|
|t:|1757910966
|move|p1a: Iron Valiant|Close Combat|p2a: Garganacl
|-damage|p2a: Garganacl|56/100
|-unboost|p1a: Iron Valiant|def|1
|-unboost|p1a: Iron Valiant|spd|1
|move|p2a: Garganacl|Salt Cure|p1a: Iron Valiant
|-resisted|p1a: Iron Valiant
|-damage|p1a: Iron Valiant|8/100
|
|-damage|p1a: Iron Valiant|0 fnt|[from] Salt Cure
|faint|p1a: Iron Valiant
|-end|p1a: Iron Valiant|Quark Drive|[silent]
|upkeep
|inactive|Luxray Through has 120 seconds left.
|
|t:|1757910973
|switch|p1a: Dragonite|Dragonite, M|26/100
|turn|38
|c|☆langa hasegawa|gg
|inactive|Luxray Through has 120 seconds left.
|
|t:|1757910987
|move|p1a: Dragonite|Outrage|p2a: Garganacl
|-damage|p2a: Garganacl|9/100
|move|p2a: Garganacl|Salt Cure|p1a: Dragonite
|-supereffective|p1a: Dragonite
|-damage|p1a: Dragonite|0 fnt
|faint|p1a: Dragonite
|
|win|langa hasegawa
|raw|Luxray Through's rating: 1513 &rarr; <strong>1498</strong><br />(-15 for losing)
|raw|langa hasegawa's rating: 1598 &rarr; <strong>1613</strong><br />(+15 for winning)
|l|☆Luxray Through
|player|p1|
|l|☆langa hasegawa
|player|p2|
