|j|☆ColonizedUsername
|j|☆Slendy3214
|t:|1757916550
|gametype|singles
|player|p1|ColonizedUsername|candice|1457
|player|p2|Slendy3214|pokemaniac|1418
|gen|9
|tier|[Gen 9] OU
|rated|
|rule|HP Percentage Mod: HP is shown in percentages
|rule|Endless Battle Clause: Forcing endless battles is banned
|rule|Species Clause: Limit one of each Pokémon
|rule|OHKO Clause: OHKO moves are banned
|rule|Evasion Items Clause: Evasion items are banned
|rule|Evasion Moves Clause: Evasion moves are banned
|rule|Evasion Abilities Clause: Evasion abilities are banned
|rule|Sleep Moves Clause: Sleep-inducing moves are banned
|clearpoke
|poke|p1|Sableye, M|
|poke|p1|Corviknight, F|
|poke|p1|Gliscor, M|
|poke|p1|Garganacl, F|
|poke|p1|Iron Valiant|
|poke|p1|Alomomola, M|
|poke|p2|Skeledirge, F|
|poke|p2|Ursaluna, M|
|poke|p2|Braviary, M|
|poke|p2|Zamazenta-*|
|poke|p2|Samurott-Hisui, M|
|poke|p2|Goodra-Hisui, M|
|teampreview
|
|t:|1757916572
|teamsize|p1|6
|teamsize|p2|6
|start
|switch|p1a: Garganacl|Garganacl, F|100/100
|switch|p2a: Ursaluna|Ursaluna, M, shiny|100/100
|turn|1
|
|t:|1757916578
|switch|p1a: Corviknight|Corviknight, F|100/100
|-ability|p1a: Corviknight|Pressure
|move|p2a: Ursaluna|Protect||[still]
|-fail|p2a: Ursaluna
|
|-status|p2a: Ursaluna|brn|[from] item: Flame Orb
|upkeep
|turn|2
|
|t:|1757916591
|switch|p2a: Skeledirge|Skeledirge, F, shiny|100/100
|move|p1a: Corviknight|Iron Defense|p1a: Corviknight
|-boost|p1a: Corviknight|def|2
|
|upkeep
|turn|3
|
|t:|1757916596
|switch|p1a: Garganacl|Garganacl, F|100/100
|move|p2a: Skeledirge|Will-O-Wisp|p1a: Garganacl
|-immune|p1a: Garganacl|[from] ability: Purifying Salt
|
|upkeep
|turn|4
|inactive|Battle timer is ON: inactive players will automatically lose when time's up. (requested by ColonizedUsername)
|
|t:|1757916621
|switch|p2a: Zamazenta|Zamazenta, shiny|100/100
|-ability|p2a: Zamazenta|Dauntless Shield|boost
|-boost|p2a: Zamazenta|def|1
|move|p1a: Garganacl|Stealth Rock|p2a: Zamazenta
|-sidestart|p2: Slendy3214|move: Stealth Rock
|
|upkeep
|turn|5
|
|t:|1757916629
|switch|p1a: Sableye|Sableye, M|100/100
|move|p2a: Zamazenta|Iron Defense|p2a: Zamazenta
|-boost|p2a: Zamazenta|def|2
|
|upkeep
|turn|6
|
|t:|1757916640
|move|p1a: Sableye|Encore|p2a: Zamazenta
|-start|p2a: Zamazenta|Encore
|move|p2a: Zamazenta|Iron Defense|p2a: Zamazenta
|-boost|p2a: Zamazenta|def|2
|
|upkeep
|turn|7
|
|t:|1757916651
|switch|p2a: Samurott|Samurott-Hisui, M|100/100
|move|p1a: Sableye|Knock Off|p2a: Samurott
|-resisted|p2a: Samurott
|-damage|p2a: Samurott|84/100
|-enditem|p2a: Samurott|Heavy-Duty Boots|[from] move: Knock Off|[of] p1a: Sableye
|
|upkeep
|turn|8
|
|t:|1757916660
|switch|p1a: Corviknight|Corviknight, F|100/100
|-ability|p1a: Corviknight|Pressure
|move|p2a: Samurott|Ceaseless Edge|p1a: Corviknight
|-damage|p1a: Corviknight|73/100
|-damage|p2a: Samurott|67/100|[from] item: Rocky Helmet|[of] p1a: Corviknight
|-sidestart|p1: ColonizedUsername|Spikes
|
|upkeep
|turn|9
|
|t:|1757916669
|move|p2a: Samurott|Ceaseless Edge|p1a: Corviknight
|-damage|p1a: Corviknight|47/100
|-damage|p2a: Samurott|51/100|[from] item: Rocky Helmet|[of] p1a: Corviknight
|-sidestart|p1: ColonizedUsername|Spikes
|move|p1a: Corviknight|Iron Defense|p1a: Corviknight
|-boost|p1a: Corviknight|def|2
|
|upkeep
|turn|10
|
|t:|1757916677
|move|p2a: Samurott|Ceaseless Edge|p1a: Corviknight|[miss]
|-miss|p2a: Samurott|p1a: Corviknight
|move|p1a: Corviknight|Body Press|p2a: Samurott
|-supereffective|p2a: Samurott
|-damage|p2a: Samurott|0 fnt
|faint|p2a: Samurott
|
|upkeep
|
|t:|1757916691
|switch|p2a: Zamazenta|Zamazenta, shiny|100/100
|-damage|p2a: Zamazenta|94/100|[from] Stealth Rock
|turn|11
|
|t:|1757916693
|switch|p1a: Sableye|Sableye, M|100/100
|move|p2a: Zamazenta|Iron Defense|p2a: Zamazenta
|-boost|p2a: Zamazenta|def|2
|
|-heal|p2a: Zamazenta|100/100|[from] item: Leftovers
|upkeep
|turn|12
|
|t:|1757916698
|move|p1a: Sableye|Will-O-Wisp|p2a: Zamazenta
|-status|p2a: Zamazenta|brn
|move|p2a: Zamazenta|Crunch|p1a: Sableye
|-damage|p1a: Sableye|91/100
|
|-damage|p2a: Zamazenta|94/100 brn|[from] brn
|upkeep
|turn|13
|
|t:|1757916714
|move|p2a: Zamazenta|Crunch|p1a: Sableye
|-damage|p1a: Sableye|80/100
|move|p1a: Sableye|Knock Off|p2a: Zamazenta
|-resisted|p2a: Zamazenta
|-damage|p2a: Zamazenta|89/100 brn
|-enditem|p2a: Zamazenta|Leftovers|[from] move: Knock Off|[of] p1a: Sableye
|
|-damage|p2a: Zamazenta|83/100 brn|[from] brn
|upkeep
|turn|14
|
|t:|1757916724
|switch|p1a: Corviknight|Corviknight, F|47/100
|-ability|p1a: Corviknight|Pressure
|move|p2a: Zamazenta|Crunch|p1a: Corviknight
|-damage|p1a: Corviknight|40/100
|-unboost|p1a: Corviknight|def|1
|-damage|p2a: Zamazenta|66/100 brn|[from] item: Rocky Helmet|[of] p1a: Corviknight
|
|-damage|p2a: Zamazenta|60/100 brn|[from] brn
|upkeep
|turn|15
|
|t:|1757916728
|switch|p1a: Sableye|Sableye, M|80/100
|move|p2a: Zamazenta|Body Press|p1a: Sableye
|-immune|p1a: Sableye
|
|-damage|p2a: Zamazenta|54/100 brn|[from] brn
|upkeep
|turn|16
|
|t:|1757916736
|move|p2a: Zamazenta|Body Press|p1a: Sableye
|-immune|p1a: Sableye
|move|p1a: Sableye|Knock Off|p2a: Zamazenta
|-resisted|p2a: Zamazenta
|-damage|p2a: Zamazenta|51/100 brn
|
|-damage|p2a: Zamazenta|45/100 brn|[from] brn
|upkeep
|turn|17
|
|t:|1757916739
|move|p2a: Zamazenta|Body Press|p1a: Sableye
|-immune|p1a: Sableye
|move|p1a: Sableye|Knock Off|p2a: Zamazenta
|-resisted|p2a: Zamazenta
|-damage|p2a: Zamazenta|42/100 brn
|
|-damage|p2a: Zamazenta|36/100 brn|[from] brn
|upkeep
|turn|18
|
|t:|1757916749
|move|p2a: Zamazenta|Body Press|p1a: Sableye
|-immune|p1a: Sableye
|move|p1a: Sableye|Knock Off|p2a: Zamazenta
|-resisted|p2a: Zamazenta
|-damage|p2a: Zamazenta|32/100 brn
|
|-damage|p2a: Zamazenta|26/100 brn|[from] brn
|upkeep
|turn|19
|
|t:|1757916757
|move|p2a: Zamazenta|Body Press|p1a: Sableye
|-immune|p1a: Sableye
|move|p1a: Sableye|Knock Off|p2a: Zamazenta
|-resisted|p2a: Zamazenta
|-damage|p2a: Zamazenta|23/100 brn
|
|-damage|p2a: Zamazenta|17/100 brn|[from] brn
|upkeep
|turn|20
|
|t:|1757916761
|move|p2a: Zamazenta|Crunch|p1a: Sableye
|-damage|p1a: Sableye|70/100
|-unboost|p1a: Sableye|def|1
|move|p1a: Sableye|Knock Off|p2a: Zamazenta
|-resisted|p2a: Zamazenta
|-damage|p2a: Zamazenta|14/100 brn
|
|-damage|p2a: Zamazenta|8/100 brn|[from] brn
|upkeep
|turn|21
|
|t:|1757916766
|move|p1a: Sableye|Recover|p1a: Sableye
|-heal|p1a: Sableye|100/100
|move|p2a: Zamazenta|Crunch|p1a: Sableye
|-damage|p1a: Sableye|84/100
|
|-damage|p2a: Zamazenta|2/100 brn|[from] brn
|upkeep
|turn|22
|
|t:|1757916774
|switch|p1a: Corviknight|Corviknight, F|40/100
|-ability|p1a: Corviknight|Pressure
|move|p2a: Zamazenta|Crunch|p1a: Corviknight
|-damage|p1a: Corviknight|34/100
|-damage|p2a: Zamazenta|0 fnt|[from] item: Rocky Helmet|[of] p1a: Corviknight
|faint|p2a: Zamazenta
|
|upkeep
|
|t:|1757916781
|switch|p2a: Goodra|Goodra-Hisui, M|100/100
|-damage|p2a: Goodra|94/100|[from] Stealth Rock
|turn|23
|
|t:|1757916785
|move|p1a: Corviknight|Roost|p1a: Corviknight
|-heal|p1a: Corviknight|84/100
|-singleturn|p1a: Corviknight|move: Roost
|move|p2a: Goodra|Flash Cannon|p1a: Corviknight
|-resisted|p1a: Corviknight
|-damage|p1a: Corviknight|66/100
|
|upkeep
|turn|24
|
|t:|1757916793
|move|p1a: Corviknight|U-turn|p2a: Goodra
|-resisted|p2a: Goodra
|-damage|p2a: Goodra|88/100
|
|t:|1757916799
|switch|p1a: Alomomola|Alomomola, M|100/100|[from] U-turn
|move|p2a: Goodra|Thunderbolt|p1a: Alomomola
|-supereffective|p1a: Alomomola
|-damage|p1a: Alomomola|46/100
|
|upkeep
|turn|25
|
|t:|1757916806
|switch|p1a: Gliscor|Gliscor, M|100/100
|move|p2a: Goodra|Thunderbolt|p1a: Gliscor
|-immune|p1a: Gliscor
|
|-status|p1a: Gliscor|tox|[from] item: Toxic Orb
|upkeep
|turn|26
|
|t:|1757916816
|-terastallize|p2a: Goodra|Water
|move|p1a: Gliscor|Protect|p1a: Gliscor
|-singleturn|p1a: Gliscor|Protect
|move|p2a: Goodra|Surf|p1a: Gliscor
|-activate|p1a: Gliscor|move: Protect
|
|upkeep
|turn|27
|
|t:|1757916841
|switch|p1a: Alomomola|Alomomola, M|80/100
|move|p2a: Goodra|Surf|p1a: Alomomola
|-resisted|p1a: Alomomola
|-damage|p1a: Alomomola|61/100
|
|upkeep
|turn|28
|
|t:|1757916853
|switch|p1a: Garganacl|Garganacl, F|100/100
|move|p2a: Goodra|Dragon Pulse|p1a: Garganacl
|-damage|p1a: Garganacl|73/100
|
|upkeep
|turn|29
|
|t:|1757916859
|-terastallize|p1a: Garganacl|Water
|move|p2a: Goodra|Flash Cannon|p1a: Garganacl
|-resisted|p1a: Garganacl
|-damage|p1a: Garganacl|59/100
|-unboost|p1a: Garganacl|spd|1
|move|p1a: Garganacl|Salt Cure|p2a: Goodra
|-damage|p2a: Goodra|75/100
|-start|p2a: Goodra|Salt Cure
|
|-damage|p2a: Goodra|50/100|[from] Salt Cure
|upkeep
|turn|30
|
|t:|1757916873
|move|p2a: Goodra|Dragon Pulse|p1a: Garganacl
|-damage|p1a: Garganacl|17/100
|move|p1a: Garganacl|Recover|p1a: Garganacl
|-heal|p1a: Garganacl|67/100
|
|-damage|p2a: Goodra|25/100|[from] Salt Cure
|upkeep
|turn|31
|
|t:|1757916877
|move|p1a: Garganacl|Protect|p1a: Garganacl
|-singleturn|p1a: Garganacl|Protect
|move|p2a: Goodra|Thunderbolt|p1a: Garganacl
|-activate|p1a: Garganacl|move: Protect
|
|-damage|p2a: Goodra|0 fnt|[from] Salt Cure
|faint|p2a: Goodra
|upkeep
|
|t:|1757916884
|switch|p2a: Braviary|Braviary, M|100/100
|-damage|p2a: Braviary|76/100|[from] Stealth Rock
|turn|32
|
|t:|1757916892
|switch|p1a: Corviknight|Corviknight, F|66/100
|-ability|p1a: Corviknight|Pressure
|move|p2a: Braviary|Body Slam|p1a: Corviknight
|-resisted|p1a: Corviknight
|-damage|p1a: Corviknight|43/100
|-damage|p2a: Braviary|59/100|[from] item: Rocky Helmet|[of] p1a: Corviknight
|
|upkeep
|turn|33
|
|t:|1757916900
|move|p2a: Braviary|Body Slam|p1a: Corviknight
|-resisted|p1a: Corviknight
|-damage|p1a: Corviknight|22/100
|-damage|p2a: Braviary|43/100|[from] item: Rocky Helmet|[of] p1a: Corviknight
|move|p1a: Corviknight|Roost|p1a: Corviknight
|-heal|p1a: Corviknight|72/100
|-singleturn|p1a: Corviknight|move: Roost
|
|upkeep
|turn|34
|
|t:|1757916905
|move|p2a: Braviary|Roost|p2a: Braviary
|-heal|p2a: Braviary|93/100
|-singleturn|p2a: Braviary|move: Roost
|move|p1a: Corviknight|Iron Defense|p1a: Corviknight
|-boost|p1a: Corviknight|def|2
|
|upkeep
|turn|35
|
|t:|1757916912
|move|p2a: Braviary|Body Slam|p1a: Corviknight
|-resisted|p1a: Corviknight
|-damage|p1a: Corviknight|62/100
|-damage|p2a: Braviary|76/100|[from] item: Rocky Helmet|[of] p1a: Corviknight
|move|p1a: Corviknight|Body Press|p2a: Braviary
|-damage|p2a: Braviary|25/100
|
|upkeep
|turn|36
|
|t:|1757916922
|move|p2a: Braviary|Body Slam|p1a: Corviknight
|-resisted|p1a: Corviknight
|-damage|p1a: Corviknight|52/100
|-damage|p2a: Braviary|9/100|[from] item: Rocky Helmet|[of] p1a: Corviknight
|move|p1a: Corviknight|U-turn|p2a: Braviary
|-resisted|p2a: Braviary
|-damage|p2a: Braviary|2/100
|
|t:|1757916928
|switch|p1a: Sableye|Sableye, M|84/100|[from] U-turn
|
|upkeep
|turn|37
|
|t:|1757916933
|move|p1a: Sableye|Encore|p2a: Braviary
|-start|p2a: Braviary|Encore
|move|p2a: Braviary|Body Slam|p1a: Sableye
|-immune|p1a: Sableye
|
|upkeep
|turn|38
|
|t:|1757916938
|move|p2a: Braviary|Body Slam|p1a: Sableye
|-immune|p1a: Sableye
|move|p1a: Sableye|Knock Off|p2a: Braviary
|-damage|p2a: Braviary|0 fnt
|-enditem|p2a: Braviary|Life Orb|[from] move: Knock Off|[of] p1a: Sableye
|faint|p2a: Braviary
|
|upkeep
|
|t:|1757916943
|switch|p2a: Skeledirge|Skeledirge, F, shiny|100/100
|turn|39
|
|t:|1757916947
|switch|p1a: Garganacl|Garganacl, F, tera:Water|67/100
|move|p2a: Skeledirge|Torch Song|p1a: Garganacl
|-resisted|p1a: Garganacl
|-damage|p1a: Garganacl|56/100
|-boost|p2a: Skeledirge|spa|1
|
|upkeep
|turn|40
|
|t:|1757916954
|move|p2a: Skeledirge|Hex|p1a: Garganacl
|-damage|p1a: Garganacl|45/100
|move|p1a: Garganacl|Salt Cure|p2a: Skeledirge
|-supereffective|p2a: Skeledirge
|-damage|p2a: Skeledirge|77/100
|-start|p2a: Skeledirge|Salt Cure
|
|-damage|p2a: Skeledirge|65/100|[from] Salt Cure
|upkeep
|turn|41
|
|t:|1757916959
|move|p2a: Skeledirge|Torch Song|p1a: Garganacl
|-resisted|p1a: Garganacl
|-damage|p1a: Garganacl|29/100
|-boost|p2a: Skeledirge|spa|1
|move|p1a: Garganacl|Recover|p1a: Garganacl
|-heal|p1a: Garganacl|79/100
|
|-damage|p2a: Skeledirge|52/100|[from] Salt Cure
|upkeep
|turn|42
|
|t:|1757916963
|move|p1a: Garganacl|Protect|p1a: Garganacl
|-singleturn|p1a: Garganacl|Protect
|move|p2a: Skeledirge|Torch Song|p1a: Garganacl
|-activate|p1a: Garganacl|move: Protect
|
|-damage|p2a: Skeledirge|40/100|[from] Salt Cure
|upkeep
|turn|43
|
|t:|1757916965
|move|p2a: Skeledirge|Torch Song|p1a: Garganacl
|-resisted|p1a: Garganacl
|-damage|p1a: Garganacl|57/100
|-boost|p2a: Skeledirge|spa|1
|move|p1a: Garganacl|Salt Cure|p2a: Skeledirge
|-supereffective|p2a: Skeledirge
|-damage|p2a: Skeledirge|15/100
|
|-damage|p2a: Skeledirge|3/100|[from] Salt Cure
|upkeep
|turn|44
|
|t:|1757916969
|move|p1a: Garganacl|Protect|p1a: Garganacl
|-singleturn|p1a: Garganacl|Protect
|move|p2a: Skeledirge|Slack Off|p2a: Skeledirge
|-heal|p2a: Skeledirge|53/100
|
|-damage|p2a: Skeledirge|40/100|[from] Salt Cure
|upkeep
|turn|45
|
|t:|1757916974
|move|p2a: Skeledirge|Torch Song|p1a: Garganacl
|-resisted|p1a: Garganacl
|-damage|p1a: Garganacl|33/100
|-boost|p2a: Skeledirge|spa|1
|move|p1a: Garganacl|Salt Cure|p2a: Skeledirge
|-supereffective|p2a: Skeledirge
|-damage|p2a: Skeledirge|17/100
|
|-damage|p2a: Skeledirge|5/100|[from] Salt Cure
|upkeep
|turn|46
|
|t:|1757916979
|switch|p1a: Sableye|Sableye, M|84/100
|move|p2a: Skeledirge|Slack Off|p2a: Skeledirge
|-heal|p2a: Skeledirge|55/100
|
|-damage|p2a: Skeledirge|42/100|[from] Salt Cure
|upkeep
|turn|47
|
|t:|1757916986
|move|p1a: Sableye|Encore|p2a: Skeledirge
|-start|p2a: Skeledirge|Encore
|move|p2a: Skeledirge|Slack Off|p2a: Skeledirge
|-heal|p2a: Skeledirge|92/100
|
|-damage|p2a: Skeledirge|80/100|[from] Salt Cure
|upkeep
|turn|48
|
|t:|1757916991
|move|p2a: Skeledirge|Slack Off|p2a: Skeledirge
|-heal|p2a: Skeledirge|100/100
|move|p1a: Sableye|Knock Off|p2a: Skeledirge
|-supereffective|p2a: Skeledirge
|-damage|p2a: Skeledirge|60/100
|-enditem|p2a: Skeledirge|Heavy-Duty Boots|[from] move: Knock Off|[of] p1a: Sableye
|
|-damage|p2a: Skeledirge|47/100|[from] Salt Cure
|upkeep
|turn|49
|
|t:|1757916993
|move|p2a: Skeledirge|Slack Off|p2a: Skeledirge
|-heal|p2a: Skeledirge|97/100
|move|p1a: Sableye|Knock Off|p2a: Skeledirge
|-supereffective|p2a: Skeledirge
|-damage|p2a: Skeledirge|68/100
|
|-damage|p2a: Skeledirge|55/100|[from] Salt Cure
|-end|p2a: Skeledirge|Encore
|upkeep
|turn|50
|
|t:|1757916996
|move|p1a: Sableye|Encore|p2a: Skeledirge
|-start|p2a: Skeledirge|Encore
|move|p2a: Skeledirge|Slack Off|p2a: Skeledirge
|-heal|p2a: Skeledirge|100/100
|
|-damage|p2a: Skeledirge|88/100|[from] Salt Cure
|upkeep
|turn|51
|
|t:|1757916999
|move|p2a: Skeledirge|Slack Off|p2a: Skeledirge
|-heal|p2a: Skeledirge|100/100
|move|p1a: Sableye|Knock Off|p2a: Skeledirge
|-supereffective|p2a: Skeledirge
|-damage|p2a: Skeledirge|72/100
|
|-damage|p2a: Skeledirge|60/100|[from] Salt Cure
|upkeep
|turn|52
|
|t:|1757917003
|move|p2a: Skeledirge|Slack Off|p2a: Skeledirge
|-heal|p2a: Skeledirge|100/100
|move|p1a: Sableye|Knock Off|p2a: Skeledirge
|-supereffective|p2a: Skeledirge
|-damage|p2a: Skeledirge|69/100
|
|-damage|p2a: Skeledirge|57/100|[from] Salt Cure
|-end|p2a: Skeledirge|Encore
|upkeep
|turn|53
|
|t:|1757917008
|move|p2a: Skeledirge|Torch Song|p1a: Sableye
|-damage|p1a: Sableye|0 fnt
|-boost|p2a: Skeledirge|spa|1
|faint|p1a: Sableye
|
|-damage|p2a: Skeledirge|45/100|[from] Salt Cure
|upkeep
|
|t:|1757917018
|switch|p1a: Garganacl|Garganacl, F, tera:Water|33/100
|turn|54
|
|t:|1757917024
|move|p1a: Garganacl|Protect|p1a: Garganacl
|-singleturn|p1a: Garganacl|Protect
|move|p2a: Skeledirge|Hex|p1a: Garganacl
|-activate|p1a: Garganacl|move: Protect
|
|-damage|p2a: Skeledirge|32/100|[from] Salt Cure
|upkeep
|turn|55
|
|t:|1757917030
|move|p2a: Skeledirge|Hex|p1a: Garganacl
|-damage|p1a: Garganacl|6/100
|move|p1a: Garganacl|Salt Cure|p2a: Skeledirge
|-supereffective|p2a: Skeledirge
|-crit|p2a: Skeledirge
|-damage|p2a: Skeledirge|0 fnt
|faint|p2a: Skeledirge
|
|upkeep
|
|t:|1757917035
|switch|p2a: Ursaluna|Ursaluna, M, shiny|100/100 brn
|-damage|p2a: Ursaluna|94/100 brn|[from] Stealth Rock
|turn|56
|
|t:|1757917038
|move|p2a: Ursaluna|Earthquake|p1a: Garganacl
|-damage|p1a: Garganacl|0 fnt
|faint|p1a: Garganacl
|
|-damage|p2a: Ursaluna|88/100 brn|[from] brn
|upkeep
|
|t:|1757917039
|switch|p1a: Corviknight|Corviknight, F|52/100
|-ability|p1a: Corviknight|Pressure
|turn|57
|
|t:|1757917042
|move|p1a: Corviknight|Iron Defense|p1a: Corviknight
|-boost|p1a: Corviknight|def|2
|move|p2a: Ursaluna|Facade|p1a: Corviknight
|-resisted|p1a: Corviknight
|-damage|p1a: Corviknight|33/100
|-damage|p2a: Ursaluna|71/100 brn|[from] item: Rocky Helmet|[of] p1a: Corviknight
|
|-damage|p2a: Ursaluna|65/100 brn|[from] brn
|upkeep
|turn|58
|
|t:|1757917048
|move|p1a: Corviknight|Iron Defense|p1a: Corviknight
|-boost|p1a: Corviknight|def|2
|move|p2a: Ursaluna|Facade|p1a: Corviknight
|-resisted|p1a: Corviknight
|-damage|p1a: Corviknight|21/100
|-damage|p2a: Ursaluna|49/100 brn|[from] item: Rocky Helmet|[of] p1a: Corviknight
|
|-damage|p2a: Ursaluna|42/100 brn|[from] brn
|upkeep
|turn|59
|
|t:|1757917054
|move|p1a: Corviknight|Body Press|p2a: Ursaluna
|-supereffective|p2a: Ursaluna
|-damage|p2a: Ursaluna|0 fnt
|faint|p2a: Ursaluna
|
|win|ColonizedUsername
|raw|ColonizedUsername's rating: 1457 &rarr; <strong>1475</strong><br />(+18 for winning)
|raw|Slendy3214's rating: 1418 &rarr; <strong>1400</strong><br />(-18 for losing)
|l|☆Slendy3214
|player|p2|
|l|☆ColonizedUsername
|player|p1|
