|j|☆maatmatos
|j|☆slinledieuvivant
|t:|1757955370
|gametype|singles
|player|p1|maatmatos|unknown|1461
|player|p2|slinledieuvivant|1|1492
|gen|9
|tier|[Gen 9] OU
|rated|
|rule|HP Percentage Mod: HP is shown in percentages
|rule|Endless Battle Clause: Forcing endless battles is banned
|rule|Species Clause: Limit one of each Pokémon
|rule|OHKO Clause: OHKO moves are banned
|rule|Evasion Items Clause: Evasion items are banned
|rule|Evasion Moves Clause: Evasion moves are banned
|rule|Evasion Abilities Clause: Evasion abilities are banned
|rule|Sleep Moves Clause: Sleep-inducing moves are banned
|clearpoke
|poke|p1|Manaphy|
|poke|p1|Empoleon, F|
|poke|p1|Corviknight, M|
|poke|p1|Dragapult, F|
|poke|p1|Ursaluna, F|
|poke|p1|Enamorus, F|
|poke|p2|Delphox, M|
|poke|p2|Alomomola, M|
|poke|p2|Iron Treads|
|poke|p2|Zapdos|
|poke|p2|Chesnaught, F|
|poke|p2|Greninja-*, M|
|teampreview
|
|t:|1757955387
|teamsize|p1|6
|teamsize|p2|6
|start
|switch|p1a: Dragapult|Dragapult, F|100/100
|switch|p2a: Alomomola|Alomomola, M|100/100
|turn|1
|
|t:|1757955396
|move|p1a: Dragapult|Reflect|p1a: Dragapult
|-sidestart|p1: maatmatos|Reflect
|move|p2a: Alomomola|Flip Turn|p1a: Dragapult
|-resisted|p1a: Dragapult
|-damage|p1a: Dragapult|95/100
|
|t:|1757955411
|switch|p2a: Iron Treads|Iron Treads|100/100|[from] Flip Turn
|
|upkeep
|turn|2
|
|t:|1757955415
|move|p1a: Dragapult|Light Screen|p1a: Dragapult
|-sidestart|p1: maatmatos|move: Light Screen
|move|p2a: Iron Treads|Stealth Rock|p1a: Dragapult
|-sidestart|p1: maatmatos|move: Stealth Rock
|
|upkeep
|turn|3
|
|t:|1757955418
|move|p1a: Dragapult|U-turn|p2a: Iron Treads
|-resisted|p2a: Iron Treads
|-damage|p2a: Iron Treads|92/100
|
|t:|1757955422
|switch|p1a: Ursaluna|Ursaluna, F|100/100|[from] U-turn
|-damage|p1a: Ursaluna|94/100|[from] Stealth Rock
|move|p2a: Iron Treads|Knock Off|p1a: Ursaluna
|-damage|p1a: Ursaluna|85/100
|-enditem|p1a: Ursaluna|Flame Orb|[from] move: Knock Off|[of] p2a: Iron Treads
|
|-heal|p2a: Iron Treads|98/100|[from] item: Leftovers
|upkeep
|turn|4
|
|t:|1757955431
|-end|p2a: Iron Treads|Quark Drive|[silent]
|switch|p2a: Chesnaught|Chesnaught, F|100/100
|move|p1a: Ursaluna|Swords Dance|p1a: Ursaluna
|-boost|p1a: Ursaluna|atk|2
|
|upkeep
|turn|5
|
|t:|1757955436
|move|p2a: Chesnaught|Body Press|p1a: Ursaluna
|-supereffective|p1a: Ursaluna
|-damage|p1a: Ursaluna|55/100
|move|p1a: Ursaluna|Fire Punch|p2a: Chesnaught
|-supereffective|p2a: Chesnaught
|-damage|p2a: Chesnaught|37/100
|-damage|p1a: Ursaluna|39/100|[from] item: Rocky Helmet|[of] p2a: Chesnaught
|
|upkeep
|turn|6
|
|t:|1757955446
|move|p2a: Chesnaught|Synthesis|p2a: Chesnaught
|-heal|p2a: Chesnaught|87/100
|move|p1a: Ursaluna|Fire Punch|p2a: Chesnaught
|-supereffective|p2a: Chesnaught
|-damage|p2a: Chesnaught|16/100
|-damage|p1a: Ursaluna|22/100|[from] item: Rocky Helmet|[of] p2a: Chesnaught
|
|upkeep
|turn|7
|
|t:|1757955453
|move|p2a: Chesnaught|Spikes|p1a: Ursaluna
|-sidestart|p1: maatmatos|Spikes
|move|p1a: Ursaluna|Fire Punch|p2a: Chesnaught
|-supereffective|p2a: Chesnaught
|-damage|p2a: Chesnaught|0 fnt
|-damage|p1a: Ursaluna|5/100|[from] item: Rocky Helmet|[of] p2a: Chesnaught
|faint|p2a: Chesnaught
|
|upkeep
|
|t:|1757955460
|switch|p2a: Delphox|Delphox, M, shiny|100/100
|turn|8
|
|t:|1757955463
|move|p2a: Delphox|Psyshock|p1a: Ursaluna
|-damage|p1a: Ursaluna|0 fnt
|faint|p1a: Ursaluna
|
|-sideend|p1: maatmatos|Reflect
|upkeep
|
|t:|1757955479
|switch|p1a: Dragapult|Dragapult, F|95/100
|-damage|p1a: Dragapult|83/100|[from] Stealth Rock
|-damage|p1a: Dragapult|70/100|[from] Spikes
|turn|9
|
|t:|1757955487
|switch|p2a: Alomomola|Alomomola, M|100/100
|move|p1a: Dragapult|Reflect|p1a: Dragapult
|-sidestart|p1: maatmatos|Reflect
|
|-sideend|p1: maatmatos|move: Light Screen
|upkeep
|turn|10
|
|t:|1757955493
|move|p1a: Dragapult|Light Screen|p1a: Dragapult
|-sidestart|p1: maatmatos|move: Light Screen
|move|p2a: Alomomola|Flip Turn|p1a: Dragapult
|-resisted|p1a: Dragapult
|-damage|p1a: Dragapult|65/100
|
|t:|1757955499
|switch|p2a: Iron Treads|Iron Treads|98/100|[from] Flip Turn
|
|-heal|p2a: Iron Treads|100/100|[from] item: Leftovers
|upkeep
|turn|11
|
|t:|1757955504
|move|p1a: Dragapult|U-turn|p2a: Iron Treads
|-resisted|p2a: Iron Treads
|-damage|p2a: Iron Treads|91/100
|
|t:|1757955522
|switch|p1a: Corviknight|Corviknight, M|100/100|[from] U-turn
|-damage|p1a: Corviknight|88/100|[from] Stealth Rock
|move|p2a: Iron Treads|Knock Off|p1a: Corviknight
|-damage|p1a: Corviknight|81/100
|-damage|p2a: Iron Treads|74/100|[from] item: Rocky Helmet|[of] p1a: Corviknight
|-enditem|p1a: Corviknight|Rocky Helmet|[from] move: Knock Off|[of] p2a: Iron Treads
|
|-heal|p2a: Iron Treads|80/100|[from] item: Leftovers
|upkeep
|turn|12
|
|t:|1757955535
|-end|p2a: Iron Treads|Quark Drive|[silent]
|switch|p2a: Delphox|Delphox, M, shiny|100/100
|move|p1a: Corviknight|Defog|p2a: Delphox
|-unboost|p2a: Delphox|evasion|1
|-sideend|p1: maatmatos|Spikes|[from] move: Defog|[of] p1a: Corviknight
|-sideend|p1: maatmatos|Stealth Rock|[from] move: Defog|[of] p1a: Corviknight
|
|upkeep
|turn|13
|
|t:|1757955547
|move|p2a: Delphox|Nasty Plot|p2a: Delphox
|-boost|p2a: Delphox|spa|2
|move|p1a: Corviknight|U-turn|p2a: Delphox
|-damage|p2a: Delphox|77/100
|
|t:|1757955555
|switch|p1a: Enamorus|Enamorus, F|100/100|[from] U-turn
|
|upkeep
|turn|14
|
|t:|1757955562
|-terastallize|p1a: Enamorus|Stellar
|move|p1a: Enamorus|Tera Blast|p2a: Delphox|[anim] Tera Blast Stellar
|-damage|p2a: Delphox|24/100
|-boost|p1a: Enamorus|atk|1
|-boost|p1a: Enamorus|spa|1
|move|p2a: Delphox|Psyshock|p1a: Enamorus
|-damage|p1a: Enamorus|40/100
|
|upkeep
|turn|15
|
|t:|1757955575
|move|p1a: Enamorus|Tera Blast|p2a: Delphox|[anim] Tera Blast Stellar
|-damage|p2a: Delphox|0 fnt
|-boost|p1a: Enamorus|atk|1
|-boost|p1a: Enamorus|spa|1
|faint|p2a: Delphox
|
|upkeep
|
|t:|1757955582
|switch|p2a: Zapdos|Zapdos|100/100
|-ability|p2a: Zapdos|Pressure
|turn|16
|
|t:|1757955587
|move|p1a: Enamorus|Tera Blast|p2a: Zapdos|[anim] Tera Blast Stellar
|-damage|p2a: Zapdos|31/100
|-boost|p1a: Enamorus|atk|1
|-boost|p1a: Enamorus|spa|1
|move|p2a: Zapdos|Discharge|p1a: Enamorus
|-supereffective|p1a: Enamorus
|-damage|p1a: Enamorus|0 fnt
|faint|p1a: Enamorus
|
|-sideend|p1: maatmatos|Reflect
|upkeep
|
|t:|1757955597
|switch|p1a: Dragapult|Dragapult, F|65/100
|turn|17
|
|t:|1757955600
|move|p1a: Dragapult|Reflect|p1a: Dragapult
|-sidestart|p1: maatmatos|Reflect
|move|p2a: Zapdos|Roost|p2a: Zapdos
|-heal|p2a: Zapdos|81/100
|-singleturn|p2a: Zapdos|move: Roost
|
|-sideend|p1: maatmatos|move: Light Screen
|upkeep
|turn|18
|
|t:|1757955607
|move|p1a: Dragapult|Light Screen|p1a: Dragapult
|-sidestart|p1: maatmatos|move: Light Screen
|move|p2a: Zapdos|Discharge|p1a: Dragapult
|-resisted|p1a: Dragapult
|-damage|p1a: Dragapult|54/100
|
|upkeep
|turn|19
|
|t:|1757955613
|move|p1a: Dragapult|U-turn|p2a: Zapdos
|-resisted|p2a: Zapdos
|-damage|p2a: Zapdos|73/100
|
|t:|1757955618
|switch|p1a: Corviknight|Corviknight, M|81/100|[from] U-turn
|move|p2a: Zapdos|U-turn|p1a: Corviknight
|-resisted|p1a: Corviknight
|-damage|p1a: Corviknight|80/100
|
|t:|1757955627
|switch|p2a: Alomomola|Alomomola, M|100/100|[from] U-turn
|
|upkeep
|turn|20
|
|t:|1757955631
|move|p1a: Corviknight|U-turn|p2a: Alomomola
|-damage|p2a: Alomomola|92/100
|
|t:|1757955633
|switch|p1a: Manaphy|Manaphy|100/100|[from] U-turn
|move|p2a: Alomomola|Flip Turn|p1a: Manaphy
|-resisted|p1a: Manaphy
|-damage|p1a: Manaphy|97/100
|
|t:|1757955641
|switch|p2a: Zapdos|Zapdos|73/100|[from] Flip Turn
|-ability|p2a: Zapdos|Pressure
|
|-heal|p1a: Manaphy|100/100|[from] item: Leftovers
|upkeep
|turn|21
|
|t:|1757955647
|move|p1a: Manaphy|Take Heart|p1a: Manaphy
|-boost|p1a: Manaphy|spa|1
|-boost|p1a: Manaphy|spd|1
|move|p2a: Zapdos|Discharge|p1a: Manaphy
|-supereffective|p1a: Manaphy
|-damage|p1a: Manaphy|83/100
|
|-heal|p1a: Manaphy|89/100|[from] item: Leftovers
|upkeep
|turn|22
|-message|slinledieuvivant forfeited.
|
|win|maatmatos
|raw|maatmatos's rating: 1461 &rarr; <strong>1483</strong><br />(+22 for winning)
|raw|slinledieuvivant's rating: 1492 &rarr; <strong>1470</strong><br />(-22 for losing)
|l|☆slinledieuvivant
|player|p2|
|l|☆maatmatos
|player|p1|
