|j|☆clearasu
|j|☆preppy dude
|t:|1757809971
|gametype|singles
|player|p1|clearasu|veteranf|1114
|player|p2|preppy dude|102|1070
|gen|9
|tier|[Gen 9] OU
|rated|
|rule|HP Percentage Mod: HP is shown in percentages
|rule|Endless Battle Clause: Forcing endless battles is banned
|rule|Species Clause: Limit one of each Pokémon
|rule|OHKO Clause: OHKO moves are banned
|rule|Evasion Items Clause: Evasion items are banned
|rule|Evasion Moves Clause: Evasion moves are banned
|rule|Evasion Abilities Clause: Evasion abilities are banned
|rule|Sleep Moves Clause: Sleep-inducing moves are banned
|clearpoke
|poke|p1|Samurott-Hisui, M|
|poke|p1|Great Tusk|
|poke|p1|Volcanion|
|poke|p1|Hydrapple, M|
|poke|p1|Gholdengo|
|poke|p1|Landorus-Therian, M|
|poke|p2|Zapdos|
|poke|p2|Golem, F|
|poke|p2|Arbok, F|
|poke|p2|Hitmonchan, M|
|poke|p2|Magneton|
|poke|p2|Dodrio, F|
|teampreview
|inactive|Battle timer is ON: inactive players will automatically lose when time's up. (requested by clearasu)
|
|t:|1757809987
|teamsize|p1|6
|teamsize|p2|6
|start
|switch|p1a: Great Mustache|Landorus-Therian, M|100/100
|switch|p2a: Hitmonchan|Hitmonchan, M|100/100
|-ability|p1a: Great Mustache|Intimidate|boost
|-fail|p2a: Hitmonchan|unboost|Attack|[from] ability: Inner Focus|[of] p2a: Hitmonchan
|turn|1
|
|t:|1757810013
|move|p1a: Great Mustache|U-turn|p2a: Hitmonchan
|-resisted|p2a: Hitmonchan
|-damage|p2a: Hitmonchan|84/100
|
|t:|1757810019
|switch|p1a: Heart of Ghold|Gholdengo|100/100|[from] U-turn
|-item|p1a: Heart of Ghold|Air Balloon
|move|p2a: Hitmonchan|Fire Punch|p1a: Heart of Ghold
|-supereffective|p1a: Heart of Ghold
|-damage|p1a: Heart of Ghold|58/100
|-enditem|p1a: Heart of Ghold|Air Balloon
|
|upkeep
|turn|2
|
|t:|1757810029
|move|p1a: Heart of Ghold|Shadow Ball|p2a: Hitmonchan
|-damage|p2a: Hitmonchan|54/100
|move|p2a: Hitmonchan|Fire Punch|p1a: Heart of Ghold
|-supereffective|p1a: Heart of Ghold
|-damage|p1a: Heart of Ghold|17/100
|
|upkeep
|turn|3
|
|t:|1757810037
|move|p1a: Heart of Ghold|Recover|p1a: Heart of Ghold
|-heal|p1a: Heart of Ghold|67/100
|move|p2a: Hitmonchan|Fire Punch|p1a: Heart of Ghold
|-supereffective|p1a: Heart of Ghold
|-damage|p1a: Heart of Ghold|24/100
|
|upkeep
|turn|4
|
|t:|1757810044
|move|p1a: Heart of Ghold|Recover|p1a: Heart of Ghold
|-heal|p1a: Heart of Ghold|75/100
|move|p2a: Hitmonchan|Fire Punch|p1a: Heart of Ghold
|-supereffective|p1a: Heart of Ghold
|-damage|p1a: Heart of Ghold|28/100
|
|upkeep
|turn|5
|
|t:|1757810050
|switch|p1a: Erupting Star|Volcanion|100/100
|move|p2a: Hitmonchan|Fire Punch|p1a: Erupting Star
|-resisted|p1a: Erupting Star
|-damage|p1a: Erupting Star|96/100
|
|upkeep
|turn|6
|
|t:|1757810058
|move|p1a: Erupting Star|Will-O-Wisp|p2a: Hitmonchan|[miss]
|-miss|p1a: Erupting Star|p2a: Hitmonchan
|move|p2a: Hitmonchan|Drain Punch|p1a: Erupting Star
|-damage|p1a: Erupting Star|66/100
|-heal|p2a: Hitmonchan|72/100|[from] drain|[of] p1a: Erupting Star
|
|upkeep
|turn|7
|
|t:|1757810070
|switch|p2a: Zapdos|Zapdos|100/100
|move|p1a: Erupting Star|Will-O-Wisp|p2a: Zapdos
|-status|p2a: Zapdos|brn
|
|-damage|p2a: Zapdos|94/100 brn|[from] brn
|upkeep
|turn|8
|
|t:|1757810079
|switch|p1a: Great Mustache|Landorus-Therian, M|100/100
|-ability|p1a: Great Mustache|Intimidate|boost
|-unboost|p2a: Zapdos|atk|1
|move|p2a: Zapdos|Discharge|p1a: Great Mustache
|-immune|p1a: Great Mustache
|
|-heal|p2a: Zapdos|100/100 brn|[from] item: Leftovers
|-damage|p2a: Zapdos|94/100 brn|[from] brn
|upkeep
|turn|9
|
|t:|1757810090
|switch|p2a: Arbok|Arbok, F|100/100
|-ability|p2a: Arbok|Intimidate|boost
|-unboost|p1a: Great Mustache|atk|1
|move|p1a: Great Mustache|Stone Edge|p2a: Arbok
|-damage|p2a: Arbok|65/100
|
|upkeep
|turn|10
|
|t:|1757810101
|switch|p1a: The Last Ronin|Samurott-Hisui, M|100/100
|move|p2a: Arbok|Switcheroo|p1a: The Last Ronin
|-activate|p2a: Arbok|move: Trick|[of] p1a: The Last Ronin
|-item|p1a: The Last Ronin|Choice Scarf|[from] move: Switcheroo
|-item|p2a: Arbok|Assault Vest|[from] move: Switcheroo
|
|upkeep
|turn|11
|
|t:|1757810114
|switch|p2a: Golem|Golem, F|100/100
|move|p1a: The Last Ronin|Ceaseless Edge|p2a: Golem
|-damage|p2a: Golem|61/100
|-sidestart|p2: preppy dude|Spikes
|
|upkeep
|turn|12
|
|t:|1757810121
|move|p1a: The Last Ronin|Ceaseless Edge|p2a: Golem
|-damage|p2a: Golem|27/100
|-sidestart|p2: preppy dude|Spikes
|move|p2a: Golem|Stealth Rock|p1a: The Last Ronin
|-sidestart|p1: clearasu|move: Stealth Rock
|
|upkeep
|turn|13
|
|t:|1757810128
|move|p2a: Golem|Endure|p2a: Golem
|-singleturn|p2a: Golem|move: Endure
|move|p1a: The Last Ronin|Ceaseless Edge|p2a: Golem
|-activate|p2a: Golem|move: Endure
|-damage|p2a: Golem|1/100
|-sidestart|p2: preppy dude|Spikes
|
|upkeep
|turn|14
|-enditem|p2a: Golem|Custap Berry|[eat]
|-activate|p2a: Golem|item: Custap Berry|[consumed]
|
|t:|1757810135
|move|p2a: Golem|Explosion|p1a: The Last Ronin
|-damage|p1a: The Last Ronin|1/100
|faint|p2a: Golem
|move|p1a: The Last Ronin|Ceaseless Edge|p2: Golem|[notarget]
|-fail|p1a: The Last Ronin
|
|upkeep
|
|t:|1757810143
|switch|p2a: Dodrio|Dodrio, F|100/100
|turn|15
|
|t:|1757810146
|move|p2a: Dodrio|Quick Attack|p1a: The Last Ronin
|-damage|p1a: The Last Ronin|0 fnt
|faint|p1a: The Last Ronin
|
|upkeep
|
|t:|1757810158
|switch|p1a: Great Mustache|Landorus-Therian, M|100/100
|-damage|p1a: Great Mustache|88/100|[from] Stealth Rock
|-ability|p1a: Great Mustache|Intimidate|boost
|-unboost|p2a: Dodrio|atk|1
|turn|16
|
|t:|1757810167
|switch|p2a: Arbok|Arbok, F|65/100
|-damage|p2a: Arbok|40/100|[from] Spikes
|-ability|p2a: Arbok|Intimidate|boost
|-unboost|p1a: Great Mustache|atk|1
|move|p1a: Great Mustache|Stone Edge|p2a: Arbok
|-damage|p2a: Arbok|5/100
|
|upkeep
|turn|17
|
|t:|1757810185
|move|p1a: Great Mustache|Stone Edge|p2a: Arbok
|-damage|p2a: Arbok|0 fnt
|faint|p2a: Arbok
|
|upkeep
|
|t:|1757810199
|switch|p2a: Magneton|Magneton|100/100
|-damage|p2a: Magneton|76/100|[from] Spikes
|turn|18
|
|t:|1757810207
|switch|p1a: King Tusk|Great Tusk|100/100
|move|p2a: Magneton|Steel Beam|p1a: King Tusk
|-damage|p1a: King Tusk|0 fnt
|-damage|p2a: Magneton|25/100|[from] steelbeam
|faint|p1a: King Tusk
|-end|p1a: King Tusk|Protosynthesis|[silent]
|
|upkeep
|
|t:|1757810217
|switch|p1a: The Fickle Heart|Hydrapple, M|100/100
|-damage|p1a: The Fickle Heart|88/100|[from] Stealth Rock
|turn|19
|
|t:|1757810221
|move|p2a: Magneton|Steel Beam|p1a: The Fickle Heart
|-damage|p1a: The Fickle Heart|17/100
|-damage|p2a: Magneton|0 fnt|[from] steelbeam
|faint|p2a: Magneton
|move|p1a: The Fickle Heart|Earth Power|p2: Magneton|[notarget]
|-fail|p1a: The Fickle Heart
|
|upkeep
|
|t:|1757810228
|switch|p2a: Dodrio|Dodrio, F|100/100
|turn|20
|
|t:|1757810233
|switch|p1a: Great Mustache|Landorus-Therian, M|88/100
|-damage|p1a: Great Mustache|76/100|[from] Stealth Rock
|-ability|p1a: Great Mustache|Intimidate|boost
|-unboost|p2a: Dodrio|atk|1
|move|p2a: Dodrio|Knock Off|p1a: Great Mustache
|-damage|p1a: Great Mustache|51/100
|-enditem|p1a: Great Mustache|Choice Scarf|[from] move: Knock Off|[of] p2a: Dodrio
|
|upkeep
|turn|21
|
|t:|1757810250
|switch|p2a: Hitmonchan|Hitmonchan, M|72/100
|-damage|p2a: Hitmonchan|47/100|[from] Spikes
|move|p1a: Great Mustache|Stone Edge|p2a: Hitmonchan
|-resisted|p2a: Hitmonchan
|-damage|p2a: Hitmonchan|25/100
|
|upkeep
|turn|22
|
|t:|1757810263
|-terastallize|p1a: Great Mustache|Flying
|move|p2a: Hitmonchan|Bullet Punch|p1a: Great Mustache
|-damage|p1a: Great Mustache|37/100
|move|p1a: Great Mustache|Tera Blast|p2a: Hitmonchan|[anim] Tera Blast Flying
|-supereffective|p2a: Hitmonchan
|-damage|p2a: Hitmonchan|0 fnt
|faint|p2a: Hitmonchan
|
|upkeep
|
|t:|1757810272
|switch|p2a: Dodrio|Dodrio, F|100/100
|turn|23
|
|t:|1757810276
|move|p2a: Dodrio|Brave Bird|p1a: Great Mustache
|-damage|p1a: Great Mustache|0 fnt
|faint|p1a: Great Mustache
|-damage|p2a: Dodrio|86/100|[from] Recoil
|
|upkeep
|
|t:|1757810281
|switch|p1a: Heart of Ghold|Gholdengo|28/100
|-damage|p1a: Heart of Ghold|22/100|[from] Stealth Rock
|turn|24
|
|t:|1757810286
|move|p2a: Dodrio|Brave Bird|p1a: Heart of Ghold
|-resisted|p1a: Heart of Ghold
|-damage|p1a: Heart of Ghold|0 fnt
|faint|p1a: Heart of Ghold
|-damage|p2a: Dodrio|76/100|[from] Recoil
|
|upkeep
|
|t:|1757810289
|switch|p1a: Erupting Star|Volcanion|66/100
|turn|25
|
|t:|1757810304
|move|p2a: Dodrio|Brave Bird|p1a: Erupting Star
|-damage|p1a: Erupting Star|16/100
|-damage|p2a: Dodrio|53/100|[from] Recoil
|move|p1a: Erupting Star|Steam Eruption|p2a: Dodrio
|-damage|p2a: Dodrio|0 fnt
|faint|p2a: Dodrio
|
|upkeep
|
|t:|1757810313
|switch|p2a: Zapdos|Zapdos|94/100 brn
|turn|26
|
|t:|1757810318
|move|p2a: Zapdos|Discharge|p1a: Erupting Star
|-supereffective|p1a: Erupting Star
|-damage|p1a: Erupting Star|0 fnt
|faint|p1a: Erupting Star
|
|-heal|p2a: Zapdos|100/100 brn|[from] item: Leftovers
|-damage|p2a: Zapdos|94/100 brn|[from] brn
|upkeep
|
|t:|1757810320
|switch|p1a: The Fickle Heart|Hydrapple, M|51/100
|-damage|p1a: The Fickle Heart|38/100|[from] Stealth Rock
|turn|27
|
|t:|1757810329
|move|p2a: Zapdos|Air Cutter|p1a: The Fickle Heart
|-supereffective|p1a: The Fickle Heart
|-damage|p1a: The Fickle Heart|0 fnt
|faint|p1a: The Fickle Heart
|
|win|preppy dude
|raw|clearasu's rating: 1114 &rarr; <strong>1086</strong><br />(-28 for losing)
|raw|preppy dude's rating: 1070 &rarr; <strong>1103</strong><br />(+33 for winning)
|l|☆clearasu
|player|p1|
|l|☆preppy dude
|player|p2|
