|j|☆ablazekicked
|j|☆Jon Mateo
|t:|1757923706
|gametype|singles
|player|p1|ablazekicked|byron|1268
|player|p2|Jon Mateo|266|1240
|gen|9
|tier|[Gen 9] OU
|rated|
|rule|HP Percentage Mod: HP is shown in percentages
|rule|Endless Battle Clause: Forcing endless battles is banned
|rule|Species Clause: Limit one of each Pokémon
|rule|OHKO Clause: OHKO moves are banned
|rule|Evasion Items Clause: Evasion items are banned
|rule|Evasion Moves Clause: Evasion moves are banned
|rule|Evasion Abilities Clause: Evasion abilities are banned
|rule|Sleep Moves Clause: Sleep-inducing moves are banned
|clearpoke
|poke|p1|Dondozo, F|
|poke|p1|Blissey, F|
|poke|p1|Corviknight, F|
|poke|p1|Weezing-Galar, M|
|poke|p1|Gliscor, M|
|poke|p1|Toxapex, M|
|poke|p2|Ceruledge, M|
|poke|p2|Lokix, F|
|poke|p2|Ampharos, F|
|poke|p2|Quaquaval, M|
|poke|p2|Gardevoir, F|
|poke|p2|Garchomp, F|
|teampreview
|inactive|Battle timer is ON: inactive players will automatically lose when time's up. (requested by Jon Mateo)
|inactive|ablazekicked has 120 seconds left.
|l|☆Jon Mateo
|inactive|Jon Mateo disconnected and has a minute to reconnect!
|player|p2|
|j|☆Jon Mateo
|inactive|Jon Mateo reconnected.
|player|p2|Jon Mateo|266|
|
|t:|1757923781
|teamsize|p1|6
|teamsize|p2|6
|start
|switch|p1a: Toxapex|Toxapex, M|100/100
|switch|p2a: Quaquaval|Quaquaval, M|100/100
|turn|1
|
|t:|1757923790
|move|p2a: Quaquaval|U-turn|p1a: Toxapex
|-resisted|p1a: Toxapex
|-damage|p1a: Toxapex|85/100
|
|t:|1757923793
|switch|p2a: Ampharos|Ampharos, F|100/100|[from] U-turn
|move|p1a: Toxapex|Toxic Spikes|p2a: Ampharos
|-sidestart|p2: Jon Mateo|move: Toxic Spikes
|
|-heal|p1a: Toxapex|92/100|[from] item: Leftovers
|upkeep
|turn|2
|
|t:|1757923802
|switch|p2a: Gardevoir|Gardevoir, F|100/100
|-status|p2a: Gardevoir|psn
|move|p1a: Toxapex|Toxic Spikes|p2a: Gardevoir
|-sidestart|p2: Jon Mateo|move: Toxic Spikes
|
|-heal|p1a: Toxapex|98/100|[from] item: Leftovers
|-damage|p2a: Gardevoir|88/100 psn|[from] psn
|upkeep
|turn|3
|
|t:|1757923815
|switch|p1a: Corviknight|Corviknight, F|100/100
|-ability|p1a: Corviknight|Pressure
|move|p2a: Gardevoir|Psychic|p1a: Corviknight
|-resisted|p1a: Corviknight
|-damage|p1a: Corviknight|78/100
|
|-heal|p1a: Corviknight|84/100|[from] item: Leftovers
|-damage|p2a: Gardevoir|76/100 psn|[from] psn
|upkeep
|turn|4
|
|t:|1757923831
|switch|p2a: Ampharos|Ampharos, F|100/100
|-status|p2a: Ampharos|tox
|move|p1a: Corviknight|Body Press|p2a: Ampharos
|-damage|p2a: Ampharos|73/100 tox
|
|-heal|p1a: Corviknight|90/100|[from] item: Leftovers
|-damage|p2a: Ampharos|67/100 tox|[from] psn
|upkeep
|turn|5
|
|t:|1757923841
|switch|p1a: Gliscor|Gliscor, M|100/100
|move|p2a: Ampharos|Thunder Wave|p1a: Gliscor
|-immune|p1a: Gliscor
|
|-damage|p2a: Ampharos|55/100 tox|[from] psn
|-status|p1a: Gliscor|tox|[from] item: Toxic Orb
|upkeep
|turn|6
|
|t:|1757923858
|move|p1a: Gliscor|Spikes|p2a: Ampharos
|-sidestart|p2: Jon Mateo|Spikes
|move|p2a: Ampharos|Cotton Guard|p2a: Ampharos
|-boost|p2a: Ampharos|def|3
|
|-damage|p2a: Ampharos|36/100 tox|[from] psn
|upkeep
|-enditem|p2a: Ampharos|Sitrus Berry|[eat]
|-heal|p2a: Ampharos|61/100 tox|[from] item: Sitrus Berry
|turn|7
|
|t:|1757923861
|switch|p2a: Quaquaval|Quaquaval, M|100/100
|-status|p2a: Quaquaval|tox
|-damage|p2a: Quaquaval|88/100 tox|[from] Spikes
|move|p1a: Gliscor|Earthquake|p2a: Quaquaval
|-crit|p2a: Quaquaval
|-damage|p2a: Quaquaval|25/100 tox
|
|-damage|p2a: Quaquaval|19/100 tox|[from] psn
|upkeep
|turn|8
|
|t:|1757923872
|move|p1a: Gliscor|Protect|p1a: Gliscor
|-singleturn|p1a: Gliscor|Protect
|move|p2a: Quaquaval|U-turn|p1a: Gliscor
|-activate|p1a: Gliscor|move: Protect
|
|-damage|p2a: Quaquaval|7/100 tox|[from] psn
|upkeep
|turn|9
|
|t:|1757923880
|switch|p1a: Toxapex|Toxapex, M|100/100
|move|p2a: Quaquaval|U-turn|p1a: Toxapex
|-resisted|p1a: Toxapex
|-crit|p1a: Toxapex
|-damage|p1a: Toxapex|77/100
|
|t:|1757923891
|switch|p2a: Garchomp|Garchomp, F|100/100|[from] U-turn
|-status|p2a: Garchomp|tox
|-damage|p2a: Garchomp|88/100 tox|[from] Spikes
|
|-heal|p1a: Toxapex|84/100|[from] item: Leftovers
|-damage|p2a: Garchomp|82/100 tox|[from] psn
|upkeep
|turn|10
|
|t:|1757923901
|move|p2a: Garchomp|Swords Dance|p2a: Garchomp
|-boost|p2a: Garchomp|atk|2
|move|p1a: Toxapex|Haze|p1a: Toxapex
|-clearallboost
|
|-heal|p1a: Toxapex|90/100|[from] item: Leftovers
|-damage|p2a: Garchomp|70/100 tox|[from] psn
|upkeep
|turn|11
|
|t:|1757923910
|move|p2a: Garchomp|Swords Dance|p2a: Garchomp
|-boost|p2a: Garchomp|atk|2
|move|p1a: Toxapex|Haze|p1a: Toxapex
|-clearallboost
|
|-heal|p1a: Toxapex|96/100|[from] item: Leftovers
|-damage|p2a: Garchomp|51/100 tox|[from] psn
|upkeep
|turn|12
|
|t:|1757923922
|move|p2a: Garchomp|Earthquake|p1a: Toxapex
|-supereffective|p1a: Toxapex
|-damage|p1a: Toxapex|7/100
|move|p1a: Toxapex|Haze|p1a: Toxapex
|-clearallboost
|
|-heal|p1a: Toxapex|14/100|[from] item: Leftovers
|-damage|p2a: Garchomp|27/100 tox|[from] psn
|upkeep
|turn|13
|
|t:|1757923929
|switch|p1a: Gliscor|Gliscor, M|100/100 tox
|move|p2a: Garchomp|Scale Shot|p1a: Gliscor
|-damage|p1a: Gliscor|90/100 tox
|-damage|p1a: Gliscor|79/100 tox
|-damage|p1a: Gliscor|67/100 tox
|-damage|p1a: Gliscor|56/100 tox
|-damage|p1a: Gliscor|44/100 tox
|-hitcount|p1a: Gliscor|5
|-unboost|p2a: Garchomp|def|1
|-boost|p2a: Garchomp|spe|1
|
|-damage|p2a: Garchomp|0 fnt|[from] psn
|faint|p2a: Garchomp
|-heal|p1a: Gliscor|57/100 tox|[from] ability: Poison Heal
|upkeep
|
|t:|1757923933
|switch|p2a: Quaquaval|Quaquaval, M|7/100 tox
|-damage|p2a: Quaquaval|0 fnt|[from] Spikes
|faint|p2a: Quaquaval
|
|t:|1757923938
|switch|p2a: Lokix|Lokix, F|100/100
|-status|p2a: Lokix|tox
|-damage|p2a: Lokix|88/100 tox|[from] Spikes
|turn|14
|
|t:|1757923945
|move|p1a: Gliscor|Protect|p1a: Gliscor
|-singleturn|p1a: Gliscor|Protect
|move|p2a: Lokix|First Impression|p1a: Gliscor
|-activate|p1a: Gliscor|move: Protect
|
|-damage|p2a: Lokix|82/100 tox|[from] psn
|-heal|p1a: Gliscor|69/100 tox|[from] ability: Poison Heal
|upkeep
|turn|15
|
|t:|1757923949
|move|p2a: Lokix|Axe Kick|p1a: Gliscor
|-resisted|p1a: Gliscor
|-damage|p1a: Gliscor|40/100 tox
|move|p1a: Gliscor|Spikes|p2a: Lokix
|-sidestart|p2: Jon Mateo|Spikes
|
|-damage|p2a: Lokix|70/100 tox|[from] psn
|-heal|p1a: Gliscor|52/100 tox|[from] ability: Poison Heal
|upkeep
|turn|16
|
|t:|1757923956
|move|p1a: Gliscor|Protect|p1a: Gliscor
|-singleturn|p1a: Gliscor|Protect
|move|p2a: Lokix|U-turn|p1a: Gliscor
|-activate|p1a: Gliscor|move: Protect
|
|-damage|p2a: Lokix|52/100 tox|[from] psn
|-heal|p1a: Gliscor|65/100 tox|[from] ability: Poison Heal
|upkeep
|turn|17
|
|t:|1757923966
|switch|p1a: Toxapex|Toxapex, M|47/100
|move|p2a: Lokix|Axe Kick|p1a: Toxapex
|-resisted|p1a: Toxapex
|-damage|p1a: Toxapex|21/100
|
|-heal|p1a: Toxapex|27/100|[from] item: Leftovers
|-damage|p2a: Lokix|28/100 tox|[from] psn
|upkeep
|-enditem|p2a: Lokix|Sitrus Berry|[eat]
|-heal|p2a: Lokix|53/100 tox|[from] item: Sitrus Berry
|turn|18
|
|t:|1757923977
|switch|p1a: Weezing|Weezing-Galar, M|100/100
|-ability|p1a: Weezing|Neutralizing Gas
|move|p2a: Lokix|U-turn|p1a: Weezing
|-resisted|p1a: Weezing
|-damage|p1a: Weezing|96/100
|
|t:|1757923981
|switch|p2a: Ceruledge|Ceruledge, M|100/100|[from] U-turn
|-status|p2a: Ceruledge|tox
|-damage|p2a: Ceruledge|84/100 tox|[from] Spikes
|
|-damage|p2a: Ceruledge|78/100 tox|[from] psn
|upkeep
|turn|19
|
|t:|1757923991
|-end|p1a: Weezing|ability: Neutralizing Gas
|switch|p1a: Toxapex|Toxapex, M|60/100
|move|p2a: Ceruledge|Swords Dance|p2a: Ceruledge
|-boost|p2a: Ceruledge|atk|2
|
|-heal|p1a: Toxapex|66/100|[from] item: Leftovers
|-damage|p2a: Ceruledge|65/100 tox|[from] psn
|upkeep
|turn|20
|
|t:|1757923996
|move|p2a: Ceruledge|Poltergeist|p1a: Toxapex
|-activate|p1a: Toxapex|move: Poltergeist|Leftovers
|-damage|p1a: Toxapex|0 fnt
|faint|p1a: Toxapex
|-damage|p2a: Ceruledge|55/100 tox|[from] item: Life Orb
|
|-damage|p2a: Ceruledge|37/100 tox|[from] psn
|upkeep
|
|t:|1757924003
|switch|p1a: Gliscor|Gliscor, M|65/100 tox
|turn|21
|
|t:|1757924007
|move|p1a: Gliscor|Protect|p1a: Gliscor
|-singleturn|p1a: Gliscor|Protect
|move|p2a: Ceruledge|Bitter Blade|p1a: Gliscor
|-activate|p1a: Gliscor|move: Protect
|
|-damage|p2a: Ceruledge|12/100 tox|[from] psn
|-heal|p1a: Gliscor|77/100 tox|[from] ability: Poison Heal
|upkeep
|turn|22
|
|t:|1757924015
|switch|p1a: Dondozo|Dondozo, F|100/100
|move|p2a: Ceruledge|Bitter Blade|p1a: Dondozo
|-resisted|p1a: Dondozo
|-damage|p1a: Dondozo|85/100
|-heal|p2a: Ceruledge|26/100 tox|[from] drain|[of] p1a: Dondozo
|-damage|p2a: Ceruledge|16/100 tox|[from] item: Life Orb
|
|-heal|p1a: Dondozo|91/100|[from] item: Leftovers
|-damage|p2a: Ceruledge|0 fnt|[from] psn
|faint|p2a: Ceruledge
|upkeep
|-message|Jon Mateo forfeited.
|
|win|ablazekicked
|raw|ablazekicked's rating: 1268 &rarr; <strong>1291</strong><br />(+23 for winning)
|raw|Jon Mateo's rating: 1240 &rarr; <strong>1217</strong><br />(-23 for losing)
|l|☆Jon Mateo
|player|p2|
|l|☆ablazekicked
|player|p1|
