|j|☆Newt 2099
|j|☆Jasamius
|t:|1757868038
|gametype|singles
|player|p1|Newt 2099|lucas|1254
|player|p2|Jasamius|miku-fire|1296
|gen|9
|tier|[Gen 9] OU
|rated|
|rule|HP Percentage Mod: HP is shown in percentages
|rule|Endless Battle Clause: Forcing endless battles is banned
|rule|Species Clause: Limit one of each Pokémon
|rule|OHKO Clause: OHKO moves are banned
|rule|Evasion Items Clause: Evasion items are banned
|rule|Evasion Moves Clause: Evasion moves are banned
|rule|Evasion Abilities Clause: Evasion abilities are banned
|rule|Sleep Moves Clause: Sleep-inducing moves are banned
|clearpoke
|poke|p1|Chesnaught, M|
|poke|p1|Sableye, M|
|poke|p1|Great Tusk|
|poke|p1|Chansey, F|
|poke|p1|Alomomola, F|
|poke|p1|Luxray, M|
|poke|p2|Indeedee, M|
|poke|p2|Hatterene, F|
|poke|p2|Ursaluna, F|
|poke|p2|Iron Hands|
|poke|p2|Hoopa-Unbound|
|poke|p2|Mimikyu, F|
|teampreview
|inactive|Battle timer is ON: inactive players will automatically lose when time's up. (requested by Jasamius)
|
|t:|1757868044
|teamsize|p1|6
|teamsize|p2|6
|start
|switch|p1a: Sableye|Sableye, M|100/100
|switch|p2a: Indeedee|Indeedee, M, shiny|100/100
|-fieldstart|move: Psychic Terrain|[from] ability: Psychic Surge|[of] p2a: Indeedee
|turn|1
|
|t:|1757868049
|move|p1a: Sableye|Light Screen|p1a: Sableye
|-sidestart|p1: Newt 2099|move: Light Screen
|move|p2a: Indeedee|Trick Room|p2a: Indeedee
|-fieldstart|move: Trick Room|[of] p2a: Indeedee
|
|upkeep
|turn|2
|
|t:|1757868053
|move|p1a: Sableye|Reflect|p1a: Sableye
|-sidestart|p1: Newt 2099|Reflect
|move|p2a: Indeedee|Encore|p1a: Sableye
|-start|p1a: Sableye|Encore
|
|upkeep
|turn|3
|
|t:|1757868061
|switch|p1a: Alomomola|Alomomola, F, shiny|100/100
|switch|p2a: Ursaluna|Ursaluna, F, shiny|100/100
|
|-status|p2a: Ursaluna|brn|[from] item: Flame Orb
|upkeep
|turn|4
|
|t:|1757868067
|switch|p1a: Chesnaught|Chesnaught, M|100/100
|move|p2a: Ursaluna|Facade|p1a: Chesnaught
|-damage|p1a: Chesnaught|66/100
|
|-heal|p1a: Chesnaught|72/100|[from] item: Leftovers
|-damage|p2a: Ursaluna|94/100 brn|[from] brn
|upkeep
|turn|5
|
|t:|1757868074
|switch|p2a: Hatterene|Hatterene, F, shiny|100/100
|move|p1a: Chesnaught|Body Press|p2a: Hatterene
|-resisted|p2a: Hatterene
|-damage|p2a: Hatterene|89/100
|
|-heal|p1a: Chesnaught|78/100|[from] item: Leftovers
|-fieldend|move: Trick Room
|upkeep
|turn|6
|
|t:|1757868078
|switch|p1a: Chansey|Chansey, F|100/100
|move|p2a: Hatterene|Expanding Force|p1a: Chansey
|-damage|p1a: Chansey|87/100
|-damage|p2a: Hatterene|79/100|[from] item: Life Orb
|
|upkeep
|turn|7
|
|t:|1757868084
|switch|p2a: Ursaluna|Ursaluna, F, shiny|94/100 brn
|move|p1a: Chansey|Seismic Toss|p2a: Ursaluna
|-damage|p2a: Ursaluna|73/100 brn
|
|-damage|p2a: Ursaluna|67/100 brn|[from] brn
|upkeep
|turn|8
|
|t:|1757868091
|switch|p1a: Chesnaught|Chesnaught, M|78/100
|move|p2a: Ursaluna|Facade|p1a: Chesnaught
|-damage|p1a: Chesnaught|44/100
|
|-heal|p1a: Chesnaught|50/100|[from] item: Leftovers
|-damage|p2a: Ursaluna|61/100 brn|[from] brn
|-sideend|p1: Newt 2099|move: Light Screen
|-fieldend|move: Psychic Terrain
|upkeep
|turn|9
|
|t:|1757868099
|switch|p2a: Mimikyu|Mimikyu, F, shiny|100/100
|move|p1a: Chesnaught|Body Press|p2a: Mimikyu
|-immune|p2a: Mimikyu
|
|-heal|p1a: Chesnaught|57/100|[from] item: Leftovers
|-sideend|p1: Newt 2099|Reflect
|upkeep
|turn|10
|
|t:|1757868103
|move|p1a: Chesnaught|Iron Defense|p1a: Chesnaught
|-boost|p1a: Chesnaught|def|2
|move|p2a: Mimikyu|Trick Room|p2a: Mimikyu
|-fieldstart|move: Trick Room|[of] p2a: Mimikyu
|
|-heal|p1a: Chesnaught|63/100|[from] item: Leftovers
|upkeep
|turn|11
|
|t:|1757868112
|switch|p2a: Indeedee|Indeedee, M, shiny|100/100
|-fieldstart|move: Psychic Terrain|[from] ability: Psychic Surge|[of] p2a: Indeedee
|move|p1a: Chesnaught|Body Press|p2a: Indeedee
|-damage|p2a: Indeedee|10/100
|
|-heal|p1a: Chesnaught|69/100|[from] item: Leftovers
|upkeep
|turn|12
|
|t:|1757868119
|move|p1a: Chesnaught|Spiky Shield|p1a: Chesnaught
|-singleturn|p1a: Chesnaught|move: Protect
|move|p2a: Indeedee|Healing Wish|p2a: Indeedee
|faint|p2a: Indeedee
|
|-heal|p1a: Chesnaught|75/100|[from] item: Leftovers
|upkeep
|
|t:|1757868122
|switch|p2a: Ursaluna|Ursaluna, F, shiny|61/100 brn
|-heal|p2a: Ursaluna|100/100|[from] move: Healing Wish
|turn|13
|
|t:|1757868125
|switch|p2a: Mimikyu|Mimikyu, F, shiny|100/100
|move|p1a: Chesnaught|Body Press|p2a: Mimikyu
|-immune|p2a: Mimikyu
|
|-heal|p1a: Chesnaught|81/100|[from] item: Leftovers
|upkeep
|turn|14
|
|t:|1757868130
|move|p1a: Chesnaught|Leech Seed|p2a: Mimikyu
|-start|p2a: Mimikyu|move: Leech Seed
|move|p2a: Mimikyu|Curse|p1a: Chesnaught
|-start|p1a: Chesnaught|Curse|[of] p2a: Mimikyu
|-damage|p2a: Mimikyu|50/100
|
|-heal|p1a: Chesnaught|87/100|[from] item: Leftovers
|-damage|p2a: Mimikyu|38/100|[from] Leech Seed|[of] p1a: Chesnaught
|-heal|p1a: Chesnaught|97/100|[silent]
|-damage|p1a: Chesnaught|72/100|[from] Curse
|-fieldend|move: Trick Room
|upkeep
|turn|15
|
|t:|1757868137
|move|p1a: Chesnaught|Body Press|p2a: Mimikyu
|-immune|p2a: Mimikyu
|move|p2a: Mimikyu|Trick Room|p2a: Mimikyu
|-fieldstart|move: Trick Room|[of] p2a: Mimikyu
|
|-heal|p1a: Chesnaught|78/100|[from] item: Leftovers
|-damage|p2a: Mimikyu|26/100|[from] Leech Seed|[of] p1a: Chesnaught
|-heal|p1a: Chesnaught|88/100|[silent]
|-damage|p1a: Chesnaught|63/100|[from] Curse
|upkeep
|turn|16
|
|t:|1757868146
|move|p1a: Chesnaught|Spiky Shield|p1a: Chesnaught
|-singleturn|p1a: Chesnaught|move: Protect
|move|p2a: Mimikyu|Curse||[still]
|-fail|p2a: Mimikyu
|
|-heal|p1a: Chesnaught|69/100|[from] item: Leftovers
|-damage|p2a: Mimikyu|13/100|[from] Leech Seed|[of] p1a: Chesnaught
|-heal|p1a: Chesnaught|80/100|[silent]
|-damage|p1a: Chesnaught|55/100|[from] Curse
|upkeep
|turn|17
|
|t:|1757868150
|switch|p1a: Alomomola|Alomomola, F, shiny|100/100
|move|p2a: Mimikyu|Curse|p1a: Alomomola
|-start|p1a: Alomomola|Curse|[of] p2a: Mimikyu
|-damage|p2a: Mimikyu|0 fnt
|faint|p2a: Mimikyu
|
|-damage|p1a: Alomomola|76/100|[from] Curse
|upkeep
|
|t:|1757868153
|switch|p2a: Iron Hands|Iron Hands, shiny|100/100
|-enditem|p2a: Iron Hands|Booster Energy
|-activate|p2a: Iron Hands|ability: Quark Drive|[fromitem]
|-start|p2a: Iron Hands|quarkdriveatk
|turn|18
|
|t:|1757868161
|switch|p1a: Great Tusk|Great Tusk|100/100
|move|p2a: Iron Hands|Close Combat|p1a: Great Tusk
|-damage|p1a: Great Tusk|33/100
|-unboost|p2a: Iron Hands|def|1
|-unboost|p2a: Iron Hands|spd|1
|
|-fieldend|move: Psychic Terrain
|upkeep
|turn|19
|
|t:|1757868170
|move|p2a: Iron Hands|Close Combat|p1a: Great Tusk
|-damage|p1a: Great Tusk|0 fnt
|-unboost|p2a: Iron Hands|def|1
|-unboost|p2a: Iron Hands|spd|1
|faint|p1a: Great Tusk
|-end|p1a: Great Tusk|Protosynthesis|[silent]
|
|-fieldend|move: Trick Room
|upkeep
|
|t:|1757868172
|switch|p1a: Sableye|Sableye, M|100/100
|turn|20
|
|t:|1757868183
|-end|p2a: Iron Hands|Quark Drive|[silent]
|switch|p2a: Ursaluna|Ursaluna, F, shiny|100/100
|move|p1a: Sableye|Light Screen|p1a: Sableye
|-sidestart|p1: Newt 2099|move: Light Screen
|
|-status|p2a: Ursaluna|brn|[from] item: Flame Orb
|upkeep
|turn|21
|
|t:|1757868187
|move|p1a: Sableye|Reflect|p1a: Sableye
|-sidestart|p1: Newt 2099|Reflect
|move|p2a: Ursaluna|Headlong Rush|p1a: Sableye
|-damage|p1a: Sableye|28/100
|-unboost|p2a: Ursaluna|def|1
|-unboost|p2a: Ursaluna|spd|1
|
|-damage|p2a: Ursaluna|94/100 brn|[from] brn
|upkeep
|turn|22
|
|t:|1757868195
|switch|p1a: Alomomola|Alomomola, F, shiny|100/100
|switch|p2a: Hoopa|Hoopa-Unbound|100/100
|
|upkeep
|turn|23
|
|t:|1757868198
|move|p1a: Alomomola|Mirror Coat||[still]
|-fail|p1a: Alomomola
|move|p2a: Hoopa|Trick Room|p2a: Hoopa
|-fieldstart|move: Trick Room|[of] p2a: Hoopa
|
|upkeep
|turn|24
|
|t:|1757868202
|move|p1a: Alomomola|Flip Turn|p2a: Hoopa
|-damage|p2a: Hoopa|80/100
|
|t:|1757868205
|switch|p1a: Chansey|Chansey, F|87/100|[from] Flip Turn
|move|p2a: Hoopa|Hyperspace Fury|p1a: Chansey
|-damage|p1a: Chansey|47/100
|-unboost|p2a: Hoopa|def|1
|
|upkeep
|turn|25
|
|t:|1757868217
|switch|p2a: Ursaluna|Ursaluna, F, shiny|94/100 brn
|move|p1a: Chansey|Soft-Boiled|p1a: Chansey
|-heal|p1a: Chansey|97/100
|
|-damage|p2a: Ursaluna|88/100 brn|[from] brn
|upkeep
|turn|26
|
|t:|1757868241
|switch|p1a: Sableye|Sableye, M|28/100
|-terastallize|p2a: Ursaluna|Normal
|move|p2a: Ursaluna|Facade|p1a: Sableye
|-immune|p1a: Sableye
|
|-damage|p2a: Ursaluna|82/100 brn|[from] brn
|upkeep
|turn|27
|
|t:|1757868249
|switch|p1a: Chesnaught|Chesnaught, M|55/100
|move|p2a: Ursaluna|Headlong Rush|p1a: Chesnaught
|-resisted|p1a: Chesnaught
|-damage|p1a: Chesnaught|38/100
|-unboost|p2a: Ursaluna|def|1
|-unboost|p2a: Ursaluna|spd|1
|
|-heal|p1a: Chesnaught|44/100|[from] item: Leftovers
|-damage|p2a: Ursaluna|76/100 brn|[from] brn
|-sideend|p1: Newt 2099|move: Light Screen
|-fieldend|move: Trick Room
|upkeep
|turn|28
|
|t:|1757868255
|switch|p1a: Luxray|Luxray, M|100/100
|switch|p2a: Hatterene|Hatterene, F, shiny|79/100
|
|-sideend|p1: Newt 2099|Reflect
|-status|p1a: Luxray|brn|[from] item: Flame Orb
|upkeep
|turn|29
|
|t:|1757868265
|move|p1a: Luxray|Wild Charge|p2a: Hatterene
|-damage|p2a: Hatterene|0 fnt
|faint|p2a: Hatterene
|-damage|p1a: Luxray|80/100 brn|[from] Recoil
|
|-damage|p1a: Luxray|74/100 brn|[from] brn
|upkeep
|
|t:|1757868270
|switch|p2a: Iron Hands|Iron Hands, shiny|100/100
|turn|30
|
|t:|1757868276
|switch|p1a: Sableye|Sableye, M|28/100
|move|p2a: Iron Hands|Close Combat|p1a: Sableye
|-immune|p1a: Sableye
|
|upkeep
|turn|31
|
|t:|1757868281
|move|p1a: Sableye|Will-O-Wisp|p2a: Iron Hands
|-status|p2a: Iron Hands|brn
|move|p2a: Iron Hands|Supercell Slam|p1a: Sableye
|-damage|p1a: Sableye|0 fnt
|faint|p1a: Sableye
|
|-damage|p2a: Iron Hands|94/100 brn|[from] brn
|upkeep
|
|t:|1757868292
|switch|p1a: Chesnaught|Chesnaught, M|44/100
|turn|32
|
|t:|1757868295
|-end|p2a: Iron Hands|Quark Drive|[silent]
|switch|p2a: Hoopa|Hoopa-Unbound|80/100
|move|p1a: Chesnaught|Leech Seed|p2a: Hoopa
|-start|p2a: Hoopa|move: Leech Seed
|
|-heal|p1a: Chesnaught|50/100|[from] item: Leftovers
|-damage|p2a: Hoopa|68/100|[from] Leech Seed|[of] p1a: Chesnaught
|-heal|p1a: Chesnaught|62/100|[silent]
|upkeep
|turn|33
|
|t:|1757868299
|move|p1a: Chesnaught|Spiky Shield|p1a: Chesnaught
|-singleturn|p1a: Chesnaught|move: Protect
|move|p2a: Hoopa|Expanding Force|p1a: Chesnaught
|-activate|p1a: Chesnaught|move: Protect
|
|-heal|p1a: Chesnaught|68/100|[from] item: Leftovers
|-damage|p2a: Hoopa|56/100|[from] Leech Seed|[of] p1a: Chesnaught
|-heal|p1a: Chesnaught|80/100|[silent]
|upkeep
|turn|34
|
|t:|1757868307
|switch|p1a: Alomomola|Alomomola, F, shiny|100/100
|move|p2a: Hoopa|Expanding Force|p1a: Alomomola
|-damage|p1a: Alomomola|64/100
|
|-heal|p1a: Alomomola|70/100|[from] item: Leftovers
|-damage|p2a: Hoopa|43/100|[from] Leech Seed|[of] p1a: Alomomola
|-heal|p1a: Alomomola|79/100|[silent]
|upkeep
|turn|35
|
|t:|1757868314
|switch|p2a: Ursaluna|Ursaluna, F, shiny, tera:Normal|76/100 brn
|move|p1a: Alomomola|Flip Turn|p2a: Ursaluna
|-damage|p2a: Ursaluna|65/100 brn
|
|t:|1757868317
|switch|p1a: Chesnaught|Chesnaught, M|80/100|[from] Flip Turn
|
|-heal|p1a: Chesnaught|86/100|[from] item: Leftovers
|-damage|p2a: Ursaluna|59/100 brn|[from] brn
|upkeep
|turn|36
|
|t:|1757868320
|move|p1a: Chesnaught|Body Press|p2a: Ursaluna
|-supereffective|p2a: Ursaluna
|-damage|p2a: Ursaluna|0 fnt
|faint|p2a: Ursaluna
|
|-heal|p1a: Chesnaught|92/100|[from] item: Leftovers
|upkeep
|
|t:|1757868324
|switch|p2a: Hoopa|Hoopa-Unbound|43/100
|turn|37
|
|t:|1757868327
|move|p1a: Chesnaught|Spiky Shield|p1a: Chesnaught
|-singleturn|p1a: Chesnaught|move: Protect
|move|p2a: Hoopa|Expanding Force|p1a: Chesnaught
|-activate|p1a: Chesnaught|move: Protect
|
|-heal|p1a: Chesnaught|98/100|[from] item: Leftovers
|upkeep
|turn|38
|
|t:|1757868332
|switch|p1a: Chansey|Chansey, F|97/100
|move|p2a: Hoopa|Expanding Force|p1a: Chansey
|-damage|p1a: Chansey|85/100
|
|upkeep
|turn|39
|
|t:|1757868337
|switch|p2a: Iron Hands|Iron Hands, shiny|94/100 brn
|move|p1a: Chansey|Seismic Toss|p2a: Iron Hands
|-damage|p2a: Iron Hands|72/100 brn
|
|-damage|p2a: Iron Hands|66/100 brn|[from] brn
|upkeep
|turn|40
|
|t:|1757868341
|switch|p1a: Chesnaught|Chesnaught, M|98/100
|move|p2a: Iron Hands|Close Combat|p1a: Chesnaught
|-damage|p1a: Chesnaught|78/100
|-unboost|p2a: Iron Hands|def|1
|-unboost|p2a: Iron Hands|spd|1
|
|-heal|p1a: Chesnaught|84/100|[from] item: Leftovers
|-damage|p2a: Iron Hands|60/100 brn|[from] brn
|upkeep
|turn|41
|
|t:|1757868346
|move|p1a: Chesnaught|Leech Seed|p2a: Iron Hands
|-start|p2a: Iron Hands|move: Leech Seed
|move|p2a: Iron Hands|Ice Punch|p1a: Chesnaught
|-supereffective|p1a: Chesnaught
|-damage|p1a: Chesnaught|66/100
|
|-heal|p1a: Chesnaught|72/100|[from] item: Leftovers
|-damage|p2a: Iron Hands|47/100 brn|[from] Leech Seed|[of] p1a: Chesnaught
|-heal|p1a: Chesnaught|87/100|[silent]
|-damage|p2a: Iron Hands|41/100 brn|[from] brn
|upkeep
|turn|42
|-message|Jasamius forfeited.
|
|win|Newt 2099
|raw|Newt 2099's rating: 1276 &rarr; <strong>1302</strong><br />(+26 for winning)
|raw|Jasamius's rating: 1296 &rarr; <strong>1270</strong><br />(-26 for losing)
|l|☆Jasamius
|player|p2|
|l|☆Newt 2099
|player|p1|
