|j|☆ImageryBless
|j|☆the_real_janine_17
|t:|1757908800
|gametype|singles
|player|p1|ImageryBless|170|1397
|player|p2|the_real_janine_17|janine|1389
|gen|9
|tier|[Gen 9] OU
|rated|
|rule|HP Percentage Mod: HP is shown in percentages
|rule|Endless Battle Clause: Forcing endless battles is banned
|rule|Species Clause: Limit one of each Pokémon
|rule|OHKO Clause: OHKO moves are banned
|rule|Evasion Items Clause: Evasion items are banned
|rule|Evasion Moves Clause: Evasion moves are banned
|rule|Evasion Abilities Clause: Evasion abilities are banned
|rule|Sleep Moves Clause: Sleep-inducing moves are banned
|clearpoke
|poke|p1|Darkrai|
|poke|p1|Weezing-Galar, M|
|poke|p1|Alomomola, F|
|poke|p1|Corviknight, F|
|poke|p1|Garchomp, M|
|poke|p1|Ogerpon, F|
|poke|p2|Keldeo-Resolute|
|poke|p2|Ogerpon-Wellspring, F|
|poke|p2|Enamorus, F|
|poke|p2|Iron Moth|
|poke|p2|Dragapult, M|
|poke|p2|Iron Treads|
|teampreview
|inactive|Battle timer is ON: inactive players will automatically lose when time's up. (requested by the_real_janine_17)
|
|t:|1757908817
|teamsize|p1|6
|teamsize|p2|6
|start
|switch|p1a: Alomomola|Alomomola, F|100/100
|switch|p2a: Keldeo|Keldeo-Resolute|100/100
|turn|1
|
|t:|1757908828
|move|p2a: Keldeo|Secret Sword|p1a: Alomomola
|-damage|p1a: Alomomola|47/100
|move|p1a: Alomomola|Body Slam|p2a: Keldeo
|-damage|p2a: Keldeo|83/100
|
|upkeep
|turn|2
|
|t:|1757908836
|switch|p1a: Corviknight|Corviknight, F|100/100
|-ability|p1a: Corviknight|Pressure
|move|p2a: Keldeo|Secret Sword|p1a: Corviknight
|-damage|p1a: Corviknight|47/100
|
|-heal|p1a: Corviknight|53/100|[from] item: Leftovers
|upkeep
|turn|3
|
|t:|1757908845
|switch|p2a: Iron Treads|Iron Treads|100/100
|switch|p1a: Weezing|Weezing-Galar, M|100/100
|-ability|p1a: Weezing|Neutralizing Gas
|
|upkeep
|turn|4
|inactive|the_real_janine_17 has 120 seconds left.
|inactive|the_real_janine_17 has 90 seconds left.
|
|t:|1757908913
|-end|p2a: Iron Treads|Quark Drive|[silent]
|switch|p2a: Iron Moth|Iron Moth|100/100
|move|p1a: Weezing|Will-O-Wisp|p2a: Iron Moth
|-immune|p2a: Iron Moth
|
|upkeep
|turn|5
|inactive|the_real_janine_17 has 90 seconds left.
|
|t:|1757908926
|-end|p1a: Weezing|ability: Neutralizing Gas
|switch|p1a: Alomomola|Alomomola, F|81/100
|-enditem|p2a: Iron Moth|Booster Energy
|-activate|p2a: Iron Moth|ability: Quark Drive|[fromitem]
|-start|p2a: Iron Moth|quarkdrivespa
|move|p2a: Iron Moth|Agility|p2a: Iron Moth
|-boost|p2a: Iron Moth|spe|2
|
|upkeep
|turn|6
|
|t:|1757908931
|move|p2a: Iron Moth|Energy Ball|p1a: Alomomola
|-supereffective|p1a: Alomomola
|-damage|p1a: Alomomola|37/100
|-unboost|p1a: Alomomola|spd|1
|move|p1a: Alomomola|Mirror Coat|p2a: Iron Moth
|-damage|p2a: Iron Moth|0 fnt
|faint|p2a: Iron Moth
|-end|p2a: Iron Moth|Quark Drive|[silent]
|
|upkeep
|
|t:|1757908939
|switch|p2a: Enamorus|Enamorus, F|100/100
|turn|7
|
|t:|1757908944
|switch|p1a: Corviknight|Corviknight, F|53/100
|-ability|p1a: Corviknight|Pressure
|move|p2a: Enamorus|Mystical Fire|p1a: Corviknight
|-supereffective|p1a: Corviknight
|-damage|p1a: Corviknight|16/100
|-unboost|p1a: Corviknight|spa|1
|
|-heal|p1a: Corviknight|22/100|[from] item: Leftovers
|upkeep
|turn|8
|
|t:|1757908949
|switch|p1a: Alomomola|Alomomola, F|70/100
|move|p2a: Enamorus|Superpower|p1a: Alomomola
|-damage|p1a: Alomomola|45/100
|-boost|p2a: Enamorus|atk|1
|-boost|p2a: Enamorus|def|1
|
|upkeep
|turn|9
|
|t:|1757908960
|switch|p1a: Weezing|Weezing-Galar, M|100/100
|-ability|p1a: Weezing|Neutralizing Gas
|move|p2a: Enamorus|Superpower|p1a: Weezing
|-resisted|p1a: Weezing
|-damage|p1a: Weezing|94/100
|-unboost|p2a: Enamorus|atk|1
|-unboost|p2a: Enamorus|def|1
|
|-heal|p1a: Weezing|99/100|[from] item: Leftovers
|upkeep
|turn|10
|inactive|the_real_janine_17 has 120 seconds left.
|inactive|the_real_janine_17 has 90 seconds left.
|
|t:|1757909006
|switch|p2a: Dragapult|Dragapult, M|100/100
|move|p1a: Weezing|Sludge Bomb|p2a: Dragapult
|-resisted|p2a: Dragapult
|-damage|p2a: Dragapult|83/100
|-status|p2a: Dragapult|psn
|
|-heal|p1a: Weezing|100/100|[from] item: Leftovers
|-damage|p2a: Dragapult|70/100 psn|[from] psn
|upkeep
|turn|11
|
|t:|1757909019
|-end|p1a: Weezing|ability: Neutralizing Gas
|switch|p1a: Alomomola|Alomomola, F|78/100
|move|p2a: Dragapult|Shadow Ball|p1a: Alomomola
|-damage|p1a: Alomomola|53/100
|
|-damage|p2a: Dragapult|58/100 psn|[from] psn
|upkeep
|turn|12
|
|t:|1757909031
|move|p2a: Dragapult|Shadow Ball|p1a: Alomomola
|-damage|p1a: Alomomola|28/100
|move|p1a: Alomomola|Body Slam|p2a: Dragapult
|-immune|p2a: Dragapult
|
|-damage|p2a: Dragapult|46/100 psn|[from] psn
|upkeep
|turn|13
|
|t:|1757909036
|move|p2a: Dragapult|Shadow Ball|p1a: Alomomola
|-damage|p1a: Alomomola|3/100
|move|p1a: Alomomola|Mirror Coat|p2a: Dragapult
|-damage|p2a: Dragapult|0 fnt
|faint|p2a: Dragapult
|
|upkeep
|
|t:|1757909044
|switch|p2a: Ogerpon|Ogerpon-Wellspring, F|100/100
|turn|14
|
|t:|1757909046
|switch|p1a: Weezing|Weezing-Galar, M|100/100
|-ability|p1a: Weezing|Neutralizing Gas
|move|p2a: Ogerpon|Ivy Cudgel|p1a: Weezing|[anim] Ivy Cudgel Water
|-damage|p1a: Weezing|64/100
|
|-heal|p1a: Weezing|70/100|[from] item: Leftovers
|upkeep
|turn|15
|
|t:|1757909052
|switch|p2a: Keldeo|Keldeo-Resolute|83/100
|move|p1a: Weezing|Will-O-Wisp|p2a: Keldeo|[miss]
|-miss|p1a: Weezing|p2a: Keldeo
|
|-heal|p1a: Weezing|76/100|[from] item: Leftovers
|upkeep
|turn|16
|
|t:|1757909065
|-end|p1a: Weezing|ability: Neutralizing Gas
|switch|p1a: Corviknight|Corviknight, F|22/100
|-ability|p1a: Corviknight|Pressure
|move|p2a: Keldeo|Secret Sword|p1a: Corviknight
|-damage|p1a: Corviknight|0 fnt
|faint|p1a: Corviknight
|
|upkeep
|
|t:|1757909067
|switch|p1a: Ogerpon|Ogerpon, F|100/100
|turn|17
|
|t:|1757909077
|switch|p2a: Iron Treads|Iron Treads|100/100
|move|p1a: Ogerpon|Knock Off|p2a: Iron Treads
|-crit|p2a: Iron Treads
|-damage|p2a: Iron Treads|64/100
|-damage|p1a: Ogerpon|84/100|[from] item: Rocky Helmet|[of] p2a: Iron Treads
|-enditem|p2a: Iron Treads|Rocky Helmet|[from] move: Knock Off|[of] p1a: Ogerpon
|
|upkeep
|turn|18
|
|t:|1757909086
|move|p1a: Ogerpon|U-turn|p2a: Iron Treads
|-resisted|p2a: Iron Treads
|-damage|p2a: Iron Treads|57/100
|
|t:|1757909088
|switch|p1a: Garchomp|Garchomp, M|100/100|[from] U-turn
|move|p2a: Iron Treads|Ice Spinner|p1a: Garchomp
|-supereffective|p1a: Garchomp
|-damage|p1a: Garchomp|41/100
|-damage|p2a: Iron Treads|44/100|[from] ability: Rough Skin|[of] p1a: Garchomp
|-damage|p2a: Iron Treads|28/100|[from] item: Rocky Helmet|[of] p1a: Garchomp
|
|upkeep
|turn|19
|
|t:|1757909096
|-end|p2a: Iron Treads|Quark Drive|[silent]
|switch|p2a: Enamorus|Enamorus, F|100/100
|move|p1a: Garchomp|Stealth Rock|p2a: Enamorus
|-sidestart|p2: the_real_janine_17|move: Stealth Rock
|
|upkeep
|turn|20
|
|t:|1757909109
|switch|p1a: Weezing|Weezing-Galar, M|76/100
|-ability|p1a: Weezing|Neutralizing Gas
|move|p2a: Enamorus|Earth Power|p1a: Weezing
|-supereffective|p1a: Weezing
|-damage|p1a: Weezing|0 fnt
|faint|p1a: Weezing
|-end|p1a: Weezing|ability: Neutralizing Gas
|
|upkeep
|
|t:|1757909113
|switch|p1a: Darkrai|Darkrai|100/100
|turn|21
|
|t:|1757909120
|switch|p2a: Iron Treads|Iron Treads|28/100
|-damage|p2a: Iron Treads|25/100|[from] Stealth Rock
|move|p1a: Darkrai|Ice Beam|p2a: Iron Treads
|-damage|p2a: Iron Treads|0 fnt
|faint|p2a: Iron Treads
|-end|p2a: Iron Treads|Quark Drive|[silent]
|
|upkeep
|
|t:|1757909127
|switch|p2a: Keldeo|Keldeo-Resolute|83/100
|-damage|p2a: Keldeo|77/100|[from] Stealth Rock
|turn|22
|
|t:|1757909134
|switch|p1a: Garchomp|Garchomp, M|41/100
|move|p2a: Keldeo|Secret Sword|p1a: Garchomp
|-damage|p1a: Garchomp|0 fnt
|faint|p1a: Garchomp
|
|upkeep
|
|t:|1757909136
|switch|p1a: Ogerpon|Ogerpon, F|84/100
|turn|23
|
|t:|1757909149
|switch|p2a: Ogerpon|Ogerpon-Wellspring, F|100/100
|-damage|p2a: Ogerpon|88/100|[from] Stealth Rock
|-terastallize|p1a: Ogerpon|Grass
|detailschange|p1a: Ogerpon|Ogerpon-Teal-Tera, F, tera:Grass
|-ability|p1a: Ogerpon|Embody Aspect (Teal)|boost
|-boost|p1a: Ogerpon|spe|1
|move|p1a: Ogerpon|Ivy Cudgel|p2a: Ogerpon
|-damage|p2a: Ogerpon|7/100
|
|upkeep
|turn|24
|
|t:|1757909156
|move|p1a: Ogerpon|Ivy Cudgel|p2a: Ogerpon
|-damage|p2a: Ogerpon|0 fnt
|faint|p2a: Ogerpon
|
|upkeep
|
|t:|1757909160
|switch|p2a: Enamorus|Enamorus, F|100/100
|turn|25
|
|t:|1757909171
|move|p1a: Ogerpon|U-turn|p2a: Enamorus
|-resisted|p2a: Enamorus
|-damage|p2a: Enamorus|90/100
|
|t:|1757909173
|switch|p1a: Alomomola|Alomomola, F|36/100|[from] U-turn
|move|p2a: Enamorus|Moonblast|p1a: Alomomola
|-damage|p1a: Alomomola|10/100
|-unboost|p1a: Alomomola|spa|1
|
|upkeep
|turn|26
|
|t:|1757909177
|move|p1a: Alomomola|Aqua Jet|p2a: Enamorus
|-damage|p2a: Enamorus|71/100
|move|p2a: Enamorus|Moonblast|p1a: Alomomola
|-damage|p1a: Alomomola|0 fnt
|faint|p1a: Alomomola
|
|upkeep
|
|t:|1757909182
|switch|p1a: Darkrai|Darkrai|100/100
|turn|27
|
|t:|1757909193
|switch|p1a: Ogerpon|Ogerpon-Teal-Tera, F, tera:Grass|84/100
|-ability|p1a: Ogerpon|Embody Aspect (Teal)|boost
|-boost|p1a: Ogerpon|spe|1
|switch|p2a: Keldeo|Keldeo-Resolute|77/100
|-damage|p2a: Keldeo|70/100|[from] Stealth Rock
|
|upkeep
|turn|28
|
|t:|1757909215
|-terastallize|p2a: Keldeo|Dark
|move|p1a: Ogerpon|Ivy Cudgel|p2a: Keldeo
|-damage|p2a: Keldeo|0 fnt
|faint|p2a: Keldeo
|
|upkeep
|
|t:|1757909220
|switch|p2a: Enamorus|Enamorus, F|71/100
|turn|29
|
|t:|1757909223
|move|p1a: Ogerpon|Ivy Cudgel|p2a: Enamorus
|-resisted|p2a: Enamorus
|-damage|p2a: Enamorus|9/100
|move|p2a: Enamorus|Moonblast|p1a: Ogerpon
|-damage|p1a: Ogerpon|20/100
|
|upkeep
|turn|30
|-message|the_real_janine_17 forfeited.
|
|win|ImageryBless
|raw|ImageryBless's rating: 1397 &rarr; <strong>1417</strong><br />(+20 for winning)
|raw|the_real_janine_17's rating: 1389 &rarr; <strong>1369</strong><br />(-20 for losing)
|l|☆the_real_janine_17
|player|p2|
|l|☆ImageryBless
|player|p1|
