|j|☆jglassx
|j|☆prof. jubokko
|t:|1757954611
|gametype|singles
|player|p1|jglassx|shelly-gen3|1223
|player|p2|prof. jubokko|cyrus|1237
|gen|9
|tier|[Gen 9] OU
|rated|
|rule|HP Percentage Mod: HP is shown in percentages
|rule|Endless Battle Clause: Forcing endless battles is banned
|rule|Species Clause: Limit one of each Pokémon
|rule|OHKO Clause: OHKO moves are banned
|rule|Evasion Items Clause: Evasion items are banned
|rule|Evasion Moves Clause: Evasion moves are banned
|rule|Evasion Abilities Clause: Evasion abilities are banned
|rule|Sleep Moves Clause: Sleep-inducing moves are banned
|clearpoke
|poke|p1|Umbreon, M|
|poke|p1|Glimmora, M|
|poke|p1|Iron Moth|
|poke|p1|Gholdengo|
|poke|p1|Dragonite, F|
|poke|p1|Garchomp, F|
|poke|p2|Tyranitar, M|
|poke|p2|Pecharunt|
|poke|p2|Incineroar, F|
|poke|p2|Tropius, M|
|poke|p2|Gliscor, F|
|poke|p2|Corviknight, M|
|teampreview
|inactive|Battle timer is ON: inactive players will automatically lose when time's up. (requested by jglassx)
|
|t:|1757954620
|teamsize|p1|6
|teamsize|p2|6
|start
|switch|p1a: Glimmora|Glimmora, M, shiny|100/100
|switch|p2a: Tyranitar|Tyranitar, M|100/100
|-weather|Sandstorm|[from] ability: Sand Stream|[of] p2a: Tyranitar
|turn|1
|
|t:|1757954631
|move|p1a: Glimmora|Stealth Rock|p2a: Tyranitar
|-sidestart|p2: prof. jubokko|move: Stealth Rock
|move|p2a: Tyranitar|Stealth Rock|p1a: Glimmora
|-sidestart|p1: jglassx|move: Stealth Rock
|
|-weather|Sandstorm|[upkeep]
|upkeep
|turn|2
|
|t:|1757954641
|move|p1a: Glimmora|Mortal Spin|p2a: Tyranitar
|-resisted|p2a: Tyranitar
|-damage|p2a: Tyranitar|98/100
|-status|p2a: Tyranitar|psn
|-sideend|p1: jglassx|Stealth Rock|[from] move: Mortal Spin|[of] p1a: Glimmora
|move|p2a: Tyranitar|Dragon Tail|p1a: Glimmora
|-damage|p1a: Glimmora|77/100
|-activate|p1a: Glimmora|ability: Toxic Debris
|-sidestart|p2: prof. jubokko|move: Toxic Spikes
|drag|p1a: Iron Moth|Iron Moth|100/100
|-enditem|p1a: Iron Moth|Booster Energy
|-activate|p1a: Iron Moth|ability: Quark Drive|[fromitem]
|-start|p1a: Iron Moth|quarkdrivespe
|
|-weather|Sandstorm|[upkeep]
|-damage|p1a: Iron Moth|95/100|[from] Sandstorm
|-heal|p2a: Tyranitar|100/100 psn|[from] item: Leftovers
|-damage|p2a: Tyranitar|88/100 psn|[from] psn
|upkeep
|turn|3
|
|t:|1757954664
|-terastallize|p1a: Iron Moth|Fairy
|move|p1a: Iron Moth|Dazzling Gleam|p2a: Tyranitar
|-supereffective|p2a: Tyranitar
|-damage|p2a: Tyranitar|53/100 psn
|move|p2a: Tyranitar|Stone Edge|p1a: Iron Moth
|-damage|p1a: Iron Moth|36/100
|
|-weather|Sandstorm|[upkeep]
|-damage|p1a: Iron Moth|30/100|[from] Sandstorm
|-heal|p2a: Tyranitar|60/100 psn|[from] item: Leftovers
|-damage|p2a: Tyranitar|47/100 psn|[from] psn
|upkeep
|turn|4
|inactive|jglassx has 120 seconds left.
|
|t:|1757954699
|move|p1a: Iron Moth|Dazzling Gleam|p2a: Tyranitar
|-supereffective|p2a: Tyranitar
|-damage|p2a: Tyranitar|13/100 psn
|move|p2a: Tyranitar|Stealth Rock|p1a: Iron Moth
|-sidestart|p1: jglassx|move: Stealth Rock
|
|-weather|Sandstorm|[upkeep]
|-damage|p1a: Iron Moth|24/100|[from] Sandstorm
|-heal|p2a: Tyranitar|19/100 psn|[from] item: Leftovers
|-damage|p2a: Tyranitar|7/100 psn|[from] psn
|upkeep
|turn|5
|inactive|jglassx has 120 seconds left.
|
|t:|1757954715
|move|p1a: Iron Moth|Dazzling Gleam|p2a: Tyranitar
|-supereffective|p2a: Tyranitar
|-damage|p2a: Tyranitar|0 fnt
|faint|p2a: Tyranitar
|
|-weather|none
|upkeep
|
|t:|1757954717
|switch|p2a: Corviknight|Corviknight, M|100/100
|-damage|p2a: Corviknight|88/100|[from] Stealth Rock
|turn|6
|
|t:|1757954722
|move|p1a: Iron Moth|Morning Sun|p1a: Iron Moth
|-heal|p1a: Iron Moth|74/100
|move|p2a: Corviknight|Iron Head|p1a: Iron Moth
|-supereffective|p1a: Iron Moth
|-damage|p1a: Iron Moth|1/100
|
|-heal|p2a: Corviknight|94/100|[from] item: Leftovers
|upkeep
|turn|7
|
|t:|1757954731
|move|p1a: Iron Moth|Fiery Dance|p2a: Corviknight
|-supereffective|p2a: Corviknight
|-damage|p2a: Corviknight|19/100
|-boost|p1a: Iron Moth|spa|1
|move|p2a: Corviknight|Iron Head|p1a: Iron Moth
|-supereffective|p1a: Iron Moth
|-damage|p1a: Iron Moth|0 fnt
|faint|p1a: Iron Moth
|-end|p1a: Iron Moth|Quark Drive|[silent]
|
|-heal|p2a: Corviknight|25/100|[from] item: Leftovers
|upkeep
|
|t:|1757954735
|switch|p1a: Glimmora|Glimmora, M, shiny|77/100
|-damage|p1a: Glimmora|65/100|[from] Stealth Rock
|turn|8
|
|t:|1757954742
|move|p1a: Glimmora|Earth Power|p2a: Corviknight
|-immune|p2a: Corviknight
|move|p2a: Corviknight|Roost|p2a: Corviknight
|-heal|p2a: Corviknight|75/100
|-singleturn|p2a: Corviknight|move: Roost
|
|-heal|p2a: Corviknight|81/100|[from] item: Leftovers
|upkeep
|turn|9
|
|t:|1757954755
|switch|p1a: Garchomp|Garchomp, F|100/100
|-damage|p1a: Garchomp|94/100|[from] Stealth Rock
|move|p2a: Corviknight|Iron Head|p1a: Garchomp
|-damage|p1a: Garchomp|71/100
|-damage|p2a: Corviknight|69/100|[from] ability: Rough Skin|[of] p1a: Garchomp
|
|-heal|p1a: Garchomp|78/100|[from] item: Leftovers
|-heal|p2a: Corviknight|75/100|[from] item: Leftovers
|upkeep
|turn|10
|
|t:|1757954766
|move|p1a: Garchomp|Swords Dance|p1a: Garchomp
|-boost|p1a: Garchomp|atk|2
|move|p2a: Corviknight|U-turn|p1a: Garchomp
|-damage|p1a: Garchomp|63/100
|-damage|p2a: Corviknight|62/100|[from] ability: Rough Skin|[of] p1a: Garchomp
|
|t:|1757954775
|switch|p2a: Tropius|Tropius, M|100/100|[from] U-turn
|-damage|p2a: Tropius|75/100|[from] Stealth Rock
|
|-heal|p1a: Garchomp|69/100|[from] item: Leftovers
|upkeep
|turn|11
|
|t:|1757954781
|move|p1a: Garchomp|Scale Shot|p2a: Tropius
|-damage|p2a: Tropius|48/100
|-enditem|p2a: Tropius|Sitrus Berry|[eat]
|-heal|p2a: Tropius|73/100|[from] item: Sitrus Berry
|-damage|p2a: Tropius|46/100
|-hitcount|p2a: Tropius|2
|-unboost|p1a: Garchomp|def|1
|-boost|p1a: Garchomp|spe|1
|move|p2a: Tropius|Leech Seed|p1a: Garchomp
|-start|p1a: Garchomp|move: Leech Seed
|
|-heal|p1a: Garchomp|75/100|[from] item: Leftovers
|-damage|p1a: Garchomp|63/100|[from] Leech Seed|[of] p2a: Tropius
|-heal|p2a: Tropius|57/100|[silent]
|upkeep
|turn|12
|
|t:|1757954794
|move|p2a: Tropius|Protect|p2a: Tropius
|-singleturn|p2a: Tropius|Protect
|move|p1a: Garchomp|Scale Shot|p2a: Tropius
|-activate|p2a: Tropius|move: Protect
|
|-heal|p1a: Garchomp|69/100|[from] item: Leftovers
|-damage|p1a: Garchomp|56/100|[from] Leech Seed|[of] p2a: Tropius
|-heal|p2a: Tropius|68/100|[silent]
|upkeep
|turn|13
|
|t:|1757954804
|move|p1a: Garchomp|Scale Shot|p2a: Tropius
|-damage|p2a: Tropius|43/100
|-damage|p2a: Tropius|16/100
|-damage|p2a: Tropius|0 fnt
|faint|p2a: Tropius
|-hitcount|p2: Tropius|3
|-unboost|p1a: Garchomp|def|1
|-boost|p1a: Garchomp|spe|1
|
|-heal|p1a: Garchomp|63/100|[from] item: Leftovers
|upkeep
|
|t:|1757954813
|switch|p2a: Gliscor|Gliscor, F|100/100
|-damage|p2a: Gliscor|88/100|[from] Stealth Rock
|turn|14
|
|t:|1757954818
|move|p2a: Gliscor|Protect|p2a: Gliscor
|-singleturn|p2a: Gliscor|Protect
|move|p1a: Garchomp|Scale Shot|p2a: Gliscor
|-activate|p2a: Gliscor|move: Protect
|
|-heal|p1a: Garchomp|69/100|[from] item: Leftovers
|-damage|p1a: Garchomp|56/100|[from] Leech Seed|[of] p2a: Gliscor
|-heal|p2a: Gliscor|100/100|[silent]
|-status|p2a: Gliscor|tox|[from] item: Toxic Orb
|upkeep
|turn|15
|
|t:|1757954826
|move|p1a: Garchomp|Scale Shot|p2a: Gliscor
|-damage|p2a: Gliscor|83/100 tox
|-damage|p2a: Gliscor|68/100 tox
|-damage|p2a: Gliscor|53/100 tox
|-hitcount|p2a: Gliscor|3
|-unboost|p1a: Garchomp|def|1
|-boost|p1a: Garchomp|spe|1
|move|p2a: Gliscor|Swords Dance|p2a: Gliscor
|-boost|p2a: Gliscor|atk|2
|
|-heal|p1a: Garchomp|63/100|[from] item: Leftovers
|-damage|p1a: Garchomp|50/100|[from] Leech Seed|[of] p2a: Gliscor
|-heal|p2a: Gliscor|65/100 tox|[silent]
|-heal|p2a: Gliscor|78/100 tox|[from] ability: Poison Heal
|upkeep
|turn|16
|
|t:|1757954838
|move|p1a: Garchomp|Scale Shot|p2a: Gliscor
|-damage|p2a: Gliscor|62/100 tox
|-damage|p2a: Gliscor|45/100 tox
|-damage|p2a: Gliscor|28/100 tox
|-damage|p2a: Gliscor|11/100 tox
|-damage|p2a: Gliscor|0 fnt
|faint|p2a: Gliscor
|-hitcount|p2: Gliscor|5
|-unboost|p1a: Garchomp|def|1
|-boost|p1a: Garchomp|spe|1
|
|-heal|p1a: Garchomp|56/100|[from] item: Leftovers
|upkeep
|-message|prof. jubokko forfeited.
|
|win|jglassx
|raw|jglassx's rating: 1223 &rarr; <strong>1249</strong><br />(+26 for winning)
|raw|prof. jubokko's rating: 1237 &rarr; <strong>1211</strong><br />(-26 for losing)
|l|☆prof. jubokko
|player|p2|
|j|☆prof. jubokko
|player|p2|prof. jubokko|cyrus|
|l|☆prof. jubokko
|player|p2|
|l|☆jglassx
|player|p1|
