|j|☆gairc
|j|☆sakuya 2hu
|t:|1757857052
|gametype|singles
|player|p1|gairc|169|1000
|player|p2|sakuya 2hu|sailor-gen1|1022
|gen|9
|tier|[Gen 9] OU
|rated|
|rule|HP Percentage Mod: HP is shown in percentages
|rule|Endless Battle Clause: Forcing endless battles is banned
|rule|Species Clause: Limit one of each Pokémon
|rule|OHKO Clause: OHKO moves are banned
|rule|Evasion Items Clause: Evasion items are banned
|rule|Evasion Moves Clause: Evasion moves are banned
|rule|Evasion Abilities Clause: Evasion abilities are banned
|rule|Sleep Moves Clause: Sleep-inducing moves are banned
|clearpoke
|poke|p1|Dragonite, F|
|poke|p1|Blastoise, F|
|poke|p1|Incineroar, M|
|poke|p1|Kingdra, F|
|poke|p1|Clefable, M|
|poke|p1|Tyranitar, F|
|poke|p2|Latios, M|
|poke|p2|Electrode|
|poke|p2|Tyranitar, M|
|poke|p2|Glimmet, F|
|poke|p2|Drilbur, M|
|poke|p2|Blastoise, M|
|teampreview
|c|☆sakuya 2hu|based as holy hell team
|
|t:|1757857064
|teamsize|p1|6
|teamsize|p2|6
|start
|switch|p1a: Incineroar|Incineroar, M|100/100
|switch|p2a: coochie|Glimmet, F|100/100
|-ability|p1a: Incineroar|Intimidate|boost
|-unboost|p2a: coochie|atk|1
|turn|1
|
|t:|1757857077
|move|p1a: Incineroar|Swords Dance|p1a: Incineroar
|-boost|p1a: Incineroar|atk|2
|move|p2a: coochie|Stealth Rock|p1a: Incineroar
|-sidestart|p1: gairc|move: Stealth Rock
|
|upkeep
|turn|2
|
|t:|1757857093
|move|p1a: Incineroar|Fire Punch|p2a: coochie
|-resisted|p2a: coochie
|-damage|p2a: coochie|16/100
|-activate|p2a: coochie|ability: Toxic Debris
|-sidestart|p1: gairc|move: Toxic Spikes
|move|p2a: coochie|Toxic|p1a: Incineroar
|-status|p1a: Incineroar|tox
|
|-damage|p1a: Incineroar|94/100 tox|[from] psn
|upkeep
|turn|3
|
|t:|1757857105
|move|p1a: Incineroar|Fire Punch|p2a: coochie
|-resisted|p2a: coochie
|-damage|p2a: coochie|0 fnt
|-activate|p2a: coochie|ability: Toxic Debris
|-sidestart|p1: gairc|move: Toxic Spikes
|faint|p2a: coochie
|
|-damage|p1a: Incineroar|82/100 tox|[from] psn
|upkeep
|
|t:|1757857113
|switch|p2a: left testicle|Electrode|100/100
|turn|4
|
|t:|1757857122
|move|p2a: left testicle|Volt Switch|p1a: Incineroar
|-damage|p1a: Incineroar|37/100 tox
|
|t:|1757857127
|switch|p2a: mayano top gun|Latios, M|100/100|[from] Volt Switch
|move|p1a: Incineroar|Drain Punch|p2a: mayano top gun
|-resisted|p2a: mayano top gun
|-damage|p2a: mayano top gun|68/100
|-heal|p1a: Incineroar|52/100 tox|[from] drain|[of] p2a: mayano top gun
|
|-damage|p1a: Incineroar|34/100 tox|[from] psn
|upkeep
|turn|5
|
|t:|1757857139
|move|p2a: mayano top gun|Aura Sphere|p1a: Incineroar
|-supereffective|p1a: Incineroar
|-damage|p1a: Incineroar|0 fnt
|faint|p1a: Incineroar
|
|upkeep
|
|t:|1757857147
|switch|p1a: Blastoise|Blastoise, F|100/100
|-damage|p1a: Blastoise|88/100|[from] Stealth Rock
|-status|p1a: Blastoise|tox
|turn|6
|
|t:|1757857153
|switch|p2a: they wont know|Tyranitar, M|100/100
|-weather|Sandstorm|[from] ability: Sand Stream|[of] p2a: they wont know
|move|p1a: Blastoise|Ice Beam|p2a: they wont know
|-damage|p2a: they wont know|94/100
|
|-weather|Sandstorm|[upkeep]
|-damage|p1a: Blastoise|82/100 tox|[from] Sandstorm
|-heal|p1a: Blastoise|88/100 tox|[from] item: Leftovers
|-damage|p1a: Blastoise|82/100 tox|[from] psn
|upkeep
|turn|7
|
|t:|1757857191
|move|p1a: Blastoise|Surf|p2a: they wont know
|-supereffective|p2a: they wont know
|-damage|p2a: they wont know|76/100
|move|p2a: they wont know|Thunderbolt|p1a: Blastoise
|-supereffective|p1a: Blastoise
|-damage|p1a: Blastoise|42/100 tox
|
|-weather|Sandstorm|[upkeep]
|-damage|p1a: Blastoise|36/100 tox|[from] Sandstorm
|-heal|p1a: Blastoise|42/100 tox|[from] item: Leftovers
|-damage|p1a: Blastoise|30/100 tox|[from] psn
|upkeep
|turn|8
|
|t:|1757857201
|move|p1a: Blastoise|Surf|p2a: they wont know
|-supereffective|p2a: they wont know
|-damage|p2a: they wont know|53/100
|move|p2a: they wont know|Thunderbolt|p1a: Blastoise
|-supereffective|p1a: Blastoise
|-damage|p1a: Blastoise|0 fnt
|faint|p1a: Blastoise
|
|-weather|Sandstorm|[upkeep]
|upkeep
|
|t:|1757857212
|switch|p1a: Tyranitar|Tyranitar, F|100/100
|-damage|p1a: Tyranitar|88/100|[from] Stealth Rock
|-status|p1a: Tyranitar|tox
|turn|9
|
|t:|1757857226
|switch|p2a: left testicle|Electrode|100/100
|move|p1a: Tyranitar|Fire Punch|p2a: left testicle
|-damage|p2a: left testicle|49/100
|
|-weather|Sandstorm|[upkeep]
|-damage|p2a: left testicle|43/100|[from] Sandstorm
|-heal|p1a: Tyranitar|94/100 tox|[from] item: Leftovers
|-damage|p1a: Tyranitar|88/100 tox|[from] psn
|upkeep
|turn|10
|
|t:|1757857240
|move|p2a: left testicle|Volt Switch|p1a: Tyranitar
|-damage|p1a: Tyranitar|65/100 tox
|
|t:|1757857244
|switch|p2a: mayano top gun|Latios, M|68/100|[from] Volt Switch
|move|p1a: Tyranitar|Earthquake|p2a: mayano top gun
|-immune|p2a: mayano top gun|[from] ability: Levitate
|
|-weather|none
|-heal|p1a: Tyranitar|71/100 tox|[from] item: Leftovers
|-damage|p1a: Tyranitar|59/100 tox|[from] psn
|upkeep
|turn|11
|
|t:|1757857269
|move|p2a: mayano top gun|Flip Turn|p1a: Tyranitar
|-supereffective|p1a: Tyranitar
|-damage|p1a: Tyranitar|40/100 tox
|
|t:|1757857280
|switch|p2a: bowserfart.gif|Blastoise, M|100/100|[from] Flip Turn
|move|p1a: Tyranitar|Foul Play|p2a: bowserfart.gif
|-crit|p2a: bowserfart.gif
|-damage|p2a: bowserfart.gif|61/100
|
|-heal|p1a: Tyranitar|46/100 tox|[from] item: Leftovers
|-damage|p1a: Tyranitar|28/100 tox|[from] psn
|upkeep
|turn|12
|
|t:|1757857295
|switch|p1a: Kingdra|Kingdra, F|100/100
|-damage|p1a: Kingdra|88/100|[from] Stealth Rock
|-status|p1a: Kingdra|tox
|move|p2a: bowserfart.gif|Shell Smash|p2a: bowserfart.gif
|-unboost|p2a: bowserfart.gif|def|1
|-unboost|p2a: bowserfart.gif|spd|1
|-boost|p2a: bowserfart.gif|atk|2
|-boost|p2a: bowserfart.gif|spa|2
|-boost|p2a: bowserfart.gif|spe|2
|
|-damage|p1a: Kingdra|82/100 tox|[from] psn
|upkeep
|turn|13
|
|t:|1757857311
|-terastallize|p2a: bowserfart.gif|Ground
|move|p2a: bowserfart.gif|Tera Blast|p1a: Kingdra|[anim] Tera Blast Ground
|-damage|p1a: Kingdra|0 fnt
|faint|p1a: Kingdra
|
|upkeep
|
|t:|1757857317
|switch|p1a: Dragonite|Dragonite, F|100/100
|-damage|p1a: Dragonite|76/100|[from] Stealth Rock
|turn|14
|
|t:|1757857329
|move|p2a: bowserfart.gif|Surf|p1a: Dragonite
|-resisted|p1a: Dragonite
|-damage|p1a: Dragonite|43/100
|move|p1a: Dragonite|Ice Beam|p2a: bowserfart.gif
|-supereffective|p2a: bowserfart.gif
|-damage|p2a: bowserfart.gif|0 fnt
|faint|p2a: bowserfart.gif
|
|-heal|p1a: Dragonite|49/100|[from] item: Leftovers
|upkeep
|
|t:|1757857341
|switch|p2a: left testicle|Electrode|43/100
|turn|15
|
|t:|1757857352
|move|p2a: left testicle|Volt Switch|p1a: Dragonite
|-damage|p1a: Dragonite|5/100
|
|t:|1757857356
|switch|p2a: they wont know|Tyranitar, M|53/100|[from] Volt Switch
|-weather|Sandstorm|[from] ability: Sand Stream|[of] p2a: they wont know
|move|p1a: Dragonite|Flamethrower|p2a: they wont know
|-resisted|p2a: they wont know
|-damage|p2a: they wont know|49/100
|
|-weather|Sandstorm|[upkeep]
|-damage|p1a: Dragonite|0 fnt|[from] Sandstorm
|faint|p1a: Dragonite
|upkeep
|
|t:|1757857368
|switch|p1a: Tyranitar|Tyranitar, F|28/100 tox
|-damage|p1a: Tyranitar|16/100 tox|[from] Stealth Rock
|turn|16
|
|t:|1757857376
|move|p2a: they wont know|Power Gem|p1a: Tyranitar
|-damage|p1a: Tyranitar|1/100 tox
|move|p1a: Tyranitar|Foul Play|p2a: they wont know
|-resisted|p2a: they wont know
|-damage|p2a: they wont know|35/100
|
|-weather|Sandstorm|[upkeep]
|-heal|p1a: Tyranitar|7/100 tox|[from] item: Leftovers
|-damage|p1a: Tyranitar|1/100 tox|[from] psn
|upkeep
|turn|17
|
|t:|1757857387
|move|p2a: they wont know|Power Gem|p1a: Tyranitar
|-damage|p1a: Tyranitar|0 fnt
|faint|p1a: Tyranitar
|
|-weather|Sandstorm|[upkeep]
|upkeep
|
|t:|1757857391
|switch|p1a: Clefable|Clefable, M|100/100
|-status|p1a: Clefable|tox
|turn|18
|
|t:|1757857400
|switch|p2a: left testicle|Electrode|43/100
|move|p1a: Clefable|Substitute|p1a: Clefable
|-start|p1a: Clefable|Substitute
|-damage|p1a: Clefable|76/100 tox
|
|-weather|Sandstorm|[upkeep]
|-damage|p2a: left testicle|37/100|[from] Sandstorm
|-heal|p1a: Clefable|82/100 tox|[from] item: Leftovers
|upkeep
|turn|19
|
|t:|1757857408
|move|p2a: left testicle|Discharge|p1a: Clefable
|-end|p1a: Clefable|Substitute
|move|p1a: Clefable|Hyper Voice|p2a: left testicle
|-damage|p2a: left testicle|4/100
|
|-weather|none
|-heal|p1a: Clefable|88/100 tox|[from] item: Leftovers
|upkeep
|turn|20
|
|t:|1757857417
|move|p1a: Clefable|Protect|p1a: Clefable
|-singleturn|p1a: Clefable|Protect
|move|p2a: left testicle|Discharge|p1a: Clefable
|-activate|p1a: Clefable|move: Protect
|
|-heal|p1a: Clefable|94/100 tox|[from] item: Leftovers
|upkeep
|turn|21
|
|t:|1757857426
|move|p2a: left testicle|Discharge|p1a: Clefable
|-damage|p1a: Clefable|57/100 tox
|move|p1a: Clefable|Hyper Voice|p2a: left testicle
|-damage|p2a: left testicle|0 fnt
|faint|p2a: left testicle
|
|-heal|p1a: Clefable|63/100 tox|[from] item: Leftovers
|upkeep
|
|t:|1757857431
|switch|p2a: The king|Drilbur, M, shiny|100/100
|turn|22
|
|t:|1757857440
|move|p2a: The king|Earthquake|p1a: Clefable
|-damage|p1a: Clefable|0 fnt
|faint|p1a: Clefable
|
|win|sakuya 2hu
|raw|gairc's rating: 1000 &rarr; <strong>1000</strong><br />(+0 for losing)
|raw|sakuya 2hu's rating: 1022 &rarr; <strong>1056</strong><br />(+34 for winning)
|c|☆sakuya 2hu|drillbur'd
