|j|☆Beasteucloid123
|j|☆kamata
|t:|1757797938
|gametype|singles
|player|p1|Beasteucloid123|101|1316
|player|p2|kamata|elesa|1297
|gen|9
|tier|[Gen 9] OU
|rated|
|rule|HP Percentage Mod: HP is shown in percentages
|rule|Endless Battle Clause: Forcing endless battles is banned
|rule|Species Clause: Limit one of each Pokémon
|rule|OHKO Clause: OHKO moves are banned
|rule|Evasion Items Clause: Evasion items are banned
|rule|Evasion Moves Clause: Evasion moves are banned
|rule|Evasion Abilities Clause: Evasion abilities are banned
|rule|Sleep Moves Clause: Sleep-inducing moves are banned
|clearpoke
|poke|p1|Walking Wake|
|poke|p1|Torkoal, M|
|poke|p1|Slither Wing|
|poke|p1|Shiftry, M|
|poke|p1|Toxapex, F|
|poke|p1|Sandy Shocks|
|poke|p2|Dragonite, M|
|poke|p2|Great Tusk|
|poke|p2|Slowking-Galar, F|
|poke|p2|Polteageist|
|poke|p2|Azumarill, M|
|poke|p2|Iron Crown|
|teampreview
|inactive|Battle timer is ON: inactive players will automatically lose when time's up. (requested by kamata)
|
|t:|1757797980
|teamsize|p1|6
|teamsize|p2|6
|start
|switch|p1a: Torkoal|Torkoal, M|100/100
|switch|p2a: Slowking|Slowking-Galar, F|100/100
|-weather|SunnyDay|[from] ability: Drought|[of] p1a: Torkoal
|turn|1
|
|t:|1757797990
|-prepare|p2a: Slowking|Chilly Reception|[premajor]
|move|p2a: Slowking|Chilly Reception|p2a: Slowking
|-weather|Snowscape
|
|t:|1757798002
|switch|p2a: Azumarill|Azumarill, M|100/100|[from] Chilly Reception
|move|p1a: Torkoal|Stealth Rock|p2a: Azumarill
|-sidestart|p2: kamata|move: Stealth Rock
|
|-weather|Snowscape|[upkeep]
|upkeep
|turn|2
|inactive|Beasteucloid123 has 120 seconds left.
|
|t:|1757798051
|move|p2a: Azumarill|Knock Off|p1a: Torkoal
|-crit|p1a: Torkoal
|-damage|p1a: Torkoal|58/100
|-enditem|p1a: Torkoal|Heat Rock|[from] move: Knock Off|[of] p2a: Azumarill
|move|p1a: Torkoal|Will-O-Wisp|p2a: Azumarill
|-status|p2a: Azumarill|brn
|
|-weather|Snowscape|[upkeep]
|-damage|p2a: Azumarill|94/100 brn|[from] brn
|upkeep
|turn|3
|inactive|Beasteucloid123 has 90 seconds left.
|
|t:|1757798079
|switch|p1a: Sandy Shocks|Sandy Shocks|100/100
|move|p2a: Azumarill|Knock Off|p1a: Sandy Shocks
|-damage|p1a: Sandy Shocks|82/100
|-enditem|p1a: Sandy Shocks|Assault Vest|[from] move: Knock Off|[of] p2a: Azumarill
|
|-weather|Snowscape|[upkeep]
|-damage|p2a: Azumarill|88/100 brn|[from] brn
|upkeep
|turn|4
|inactive|Beasteucloid123 has 90 seconds left.
|
|t:|1757798094
|switch|p2a: Great Tusk|Great Tusk|100/100
|-damage|p2a: Great Tusk|98/100|[from] Stealth Rock
|move|p1a: Sandy Shocks|Earth Power|p2a: Great Tusk
|-damage|p2a: Great Tusk|21/100
|
|-weather|Snowscape|[upkeep]
|upkeep
|turn|5
|inactive|Beasteucloid123 has 90 seconds left.
|inactive|kamata has 120 seconds left.
|
|t:|1757798125
|-end|p1a: Sandy Shocks|Protosynthesis|[silent]
|switch|p1a: Slither Wing|Slither Wing|100/100
|move|p2a: Great Tusk|Headlong Rush|p1a: Slither Wing
|-resisted|p1a: Slither Wing
|-damage|p1a: Slither Wing|73/100
|-unboost|p2a: Great Tusk|def|1
|-unboost|p2a: Great Tusk|spd|1
|-damage|p2a: Great Tusk|4/100|[from] item: Rocky Helmet|[of] p1a: Slither Wing
|
|-weather|none
|upkeep
|turn|6
|inactive|kamata has 120 seconds left.
|
|t:|1757798137
|move|p1a: Slither Wing|First Impression|p2a: Great Tusk
|-resisted|p2a: Great Tusk
|-damage|p2a: Great Tusk|0 fnt
|faint|p2a: Great Tusk
|-end|p2a: Great Tusk|Protosynthesis|[silent]
|
|upkeep
|
|t:|1757798149
|switch|p2a: Iron Crown|Iron Crown|100/100
|-damage|p2a: Iron Crown|94/100|[from] Stealth Rock
|turn|7
|inactive|Beasteucloid123 has 90 seconds left.
|
|t:|1757798180
|-terastallize|p1a: Slither Wing|Fire
|move|p2a: Iron Crown|Volt Switch|p1a: Slither Wing
|-damage|p1a: Slither Wing|43/100
|
|t:|1757798190
|-end|p2a: Iron Crown|Quark Drive|[silent]
|switch|p2a: Azumarill|Azumarill, M|88/100 brn|[from] Volt Switch
|-damage|p2a: Azumarill|76/100 brn|[from] Stealth Rock
|move|p1a: Slither Wing|Flare Blitz|p2a: Azumarill
|-resisted|p2a: Azumarill
|-damage|p2a: Azumarill|50/100 brn
|-damage|p1a: Slither Wing|34/100|[from] Recoil
|
|-damage|p2a: Azumarill|44/100 brn|[from] brn
|upkeep
|turn|8
|
|t:|1757798204
|-end|p1a: Slither Wing|Protosynthesis|[silent]
|switch|p1a: Torkoal|Torkoal, M|58/100
|-weather|SunnyDay|[from] ability: Drought|[of] p1a: Torkoal
|move|p2a: Azumarill|Knock Off|p1a: Torkoal
|-crit|p1a: Torkoal
|-damage|p1a: Torkoal|41/100
|
|-weather|SunnyDay|[upkeep]
|-damage|p2a: Azumarill|38/100 brn|[from] brn
|upkeep
|turn|9
|
|t:|1757798217
|switch|p1a: Walking Wake|Walking Wake|100/100
|-activate|p1a: Walking Wake|ability: Protosynthesis
|-start|p1a: Walking Wake|protosynthesisspa
|move|p2a: Azumarill|Liquidation|p1a: Walking Wake
|-resisted|p1a: Walking Wake
|-damage|p1a: Walking Wake|97/100
|
|-weather|SunnyDay|[upkeep]
|-damage|p2a: Azumarill|32/100 brn|[from] brn
|upkeep
|turn|10
|inactive|Beasteucloid123 has 60 seconds left.
|
|t:|1757798248
|move|p1a: Walking Wake|Hydro Steam|p2a: Azumarill
|-resisted|p2a: Azumarill
|-damage|p2a: Azumarill|0 fnt
|faint|p2a: Azumarill
|
|-weather|SunnyDay|[upkeep]
|upkeep
|inactive|kamata has 90 seconds left.
|
|t:|1757798264
|switch|p2a: Slowking|Slowking-Galar, F|100/100
|-damage|p2a: Slowking|88/100|[from] Stealth Rock
|turn|11
|inactive|Beasteucloid123 has 60 seconds left.
|
|t:|1757798275
|-end|p1a: Walking Wake|Protosynthesis|[silent]
|switch|p1a: Shiftry|Shiftry, M|100/100
|-terastallize|p2a: Slowking|Water
|-prepare|p2a: Slowking|Chilly Reception|[premajor]
|move|p2a: Slowking|Chilly Reception|p2a: Slowking
|-weather|Snowscape
|
|t:|1757798286
|switch|p2a: Iron Crown|Iron Crown|94/100|[from] Chilly Reception
|-damage|p2a: Iron Crown|88/100|[from] Stealth Rock
|
|-weather|Snowscape|[upkeep]
|upkeep
|turn|12
|inactive|Beasteucloid123 has 60 seconds left.
|
|t:|1757798305
|switch|p1a: Slither Wing|Slither Wing, tera:Fire|34/100
|move|p2a: Iron Crown|Psyshock|p1a: Slither Wing
|-damage|p1a: Slither Wing|0 fnt
|faint|p1a: Slither Wing
|-end|p1a: Slither Wing|Protosynthesis|[silent]
|
|-weather|Snowscape|[upkeep]
|upkeep
|inactive|Beasteucloid123 has 60 seconds left.
|
|t:|1757798312
|switch|p1a: Torkoal|Torkoal, M|41/100
|-weather|SunnyDay|[from] ability: Drought|[of] p1a: Torkoal
|turn|13
|
|t:|1757798322
|-end|p2a: Iron Crown|Quark Drive|[silent]
|switch|p2a: Slowking|Slowking-Galar, F, tera:Water|100/100
|-damage|p2a: Slowking|88/100|[from] Stealth Rock
|switch|p1a: Toxapex|Toxapex, F|100/100
|
|-weather|SunnyDay|[upkeep]
|upkeep
|turn|14
|
|t:|1757798331
|move|p1a: Toxapex|Toxic|p2a: Slowking
|-status|p2a: Slowking|tox
|-prepare|p2a: Slowking|Chilly Reception|[premajor]
|move|p2a: Slowking|Chilly Reception|p2a: Slowking
|-weather|Snowscape
|
|t:|1757798336
|switch|p2a: Iron Crown|Iron Crown|88/100|[from] Chilly Reception
|-damage|p2a: Iron Crown|82/100|[from] Stealth Rock
|
|-weather|Snowscape|[upkeep]
|upkeep
|turn|15
|inactive|kamata has 120 seconds left.
|inactive|Beasteucloid123 has 60 seconds left.
|
|t:|1757798365
|switch|p1a: Walking Wake|Walking Wake|97/100
|move|p2a: Iron Crown|Volt Switch|p1a: Walking Wake
|-damage|p1a: Walking Wake|57/100
|inactive|kamata has 120 seconds left.
|
|t:|1757798380
|-end|p2a: Iron Crown|Quark Drive|[silent]
|switch|p2a: Dragonite|Dragonite, M|100/100|[from] Volt Switch
|
|-weather|Snowscape|[upkeep]
|upkeep
|turn|16
|inactive|kamata has 120 seconds left.
|
|t:|1757798395
|move|p1a: Walking Wake|Draco Meteor|p2a: Dragonite
|-supereffective|p2a: Dragonite
|-damage|p2a: Dragonite|18/100
|-unboost|p1a: Walking Wake|spa|2
|move|p2a: Dragonite|Dragon Tail|p1a: Walking Wake|[miss]
|-miss|p2a: Dragonite|p1a: Walking Wake
|
|-weather|Snowscape|[upkeep]
|upkeep
|turn|17
|inactive|kamata has 120 seconds left.
|inactive|Beasteucloid123 has 60 seconds left.
|
|t:|1757798430
|switch|p2a: Slowking|Slowking-Galar, F, tera:Water|100/100 tox
|-damage|p2a: Slowking|88/100 tox|[from] Stealth Rock
|move|p1a: Walking Wake|Draco Meteor|p2a: Slowking
|-damage|p2a: Slowking|48/100 tox
|-unboost|p1a: Walking Wake|spa|2
|
|-weather|Snowscape|[upkeep]
|-damage|p2a: Slowking|42/100 tox|[from] psn
|upkeep
|turn|18
|inactive|Beasteucloid123 has 60 seconds left.
|
|t:|1757798459
|-end|p1a: Walking Wake|Protosynthesis|[silent]
|switch|p1a: Sandy Shocks|Sandy Shocks|82/100
|switch|p2a: Dragonite|Dragonite, M|18/100
|
|-weather|none
|upkeep
|turn|19
|
|t:|1757798476
|move|p1a: Sandy Shocks|Power Gem|p2a: Dragonite
|-supereffective|p2a: Dragonite
|-damage|p2a: Dragonite|0 fnt
|faint|p2a: Dragonite
|
|upkeep
|
|t:|1757798486
|switch|p2a: Polteageist|Polteageist|100/100
|-damage|p2a: Polteageist|88/100|[from] Stealth Rock
|turn|20
|
|t:|1757798505
|move|p1a: Sandy Shocks|Volt Switch|p2a: Polteageist
|-damage|p2a: Polteageist|51/100
|
|t:|1757798508
|-end|p1a: Sandy Shocks|Protosynthesis|[silent]
|switch|p1a: Toxapex|Toxapex, F|100/100|[from] Volt Switch
|move|p2a: Polteageist|Shell Smash|p2a: Polteageist
|-unboost|p2a: Polteageist|def|1
|-unboost|p2a: Polteageist|spd|1
|-boost|p2a: Polteageist|atk|2
|-boost|p2a: Polteageist|spa|2
|-boost|p2a: Polteageist|spe|2
|-enditem|p2a: Polteageist|White Herb
|-clearnegativeboost|p2a: Polteageist|[silent]
|
|upkeep
|turn|21
|
|t:|1757798529
|move|p2a: Polteageist|Shadow Ball|p1a: Toxapex
|-damage|p1a: Toxapex|47/100
|-enditem|p1a: Toxapex|Eject Button
|inactive|Beasteucloid123 has 30 seconds left.
|inactive|Beasteucloid123 has 20 seconds left.
|
|t:|1757798555
|switch|p1a: Torkoal|Torkoal, M|41/100
|-weather|SunnyDay|[from] ability: Drought|[of] p1a: Torkoal
|
|-weather|SunnyDay|[upkeep]
|upkeep
|turn|22
|inactive|Beasteucloid123 has 30 seconds left this turn.
|inactive|Beasteucloid123 has 20 seconds left.
|inactive|Beasteucloid123 has 15 seconds left.
|
|t:|1757798573
|switch|p1a: Sandy Shocks|Sandy Shocks|82/100
|-activate|p1a: Sandy Shocks|ability: Protosynthesis
|-start|p1a: Sandy Shocks|protosynthesisspa
|move|p2a: Polteageist|Shadow Ball|p1a: Sandy Shocks
|-damage|p1a: Sandy Shocks|4/100
|-unboost|p1a: Sandy Shocks|spd|1
|
|-weather|SunnyDay|[upkeep]
|upkeep
|turn|23
|inactive|Beasteucloid123 has 25 seconds left this turn.
|inactive|Beasteucloid123 has 20 seconds left.
|inactive|Beasteucloid123 has 15 seconds left.
|
|t:|1757798583
|move|p2a: Polteageist|Shadow Ball|p1a: Sandy Shocks
|-damage|p1a: Sandy Shocks|0 fnt
|faint|p1a: Sandy Shocks
|-end|p1a: Sandy Shocks|Protosynthesis|[silent]
|
|-weather|SunnyDay|[upkeep]
|upkeep
|inactive|Beasteucloid123 has 20 seconds left this turn.
|inactive|Beasteucloid123 has 15 seconds left.
|inactive|Beasteucloid123 has 10 seconds left.
|
|t:|1757798597
|switch|p1a: Shiftry|Shiftry, M|100/100
|turn|24
|inactive|Beasteucloid123 has 20 seconds left this turn.
|
|t:|1757798603
|move|p1a: Shiftry|Knock Off|p2a: Polteageist
|-supereffective|p2a: Polteageist
|-crit|p2a: Polteageist
|-damage|p2a: Polteageist|0 fnt
|faint|p2a: Polteageist
|-damage|p1a: Shiftry|91/100|[from] item: Life Orb
|
|-weather|SunnyDay|[upkeep]
|upkeep
|inactive|kamata has 120 seconds left.
|
|t:|1757798613
|switch|p2a: Slowking|Slowking-Galar, F, tera:Water|76/100 tox
|-damage|p2a: Slowking|63/100 tox|[from] Stealth Rock
|turn|25
|inactive|Beasteucloid123 has 30 seconds left.
|
|t:|1757798622
|move|p1a: Shiftry|Solar Blade||[still]
|-prepare|p1a: Shiftry|Solar Blade
|-anim|p1a: Shiftry|Solar Blade|p2a: Slowking
|-supereffective|p2a: Slowking
|-damage|p2a: Slowking|0 fnt
|faint|p2a: Slowking
|-damage|p1a: Shiftry|81/100|[from] item: Life Orb
|
|-weather|none
|upkeep
|
|t:|1757798636
|switch|p2a: Iron Crown|Iron Crown|82/100
|-damage|p2a: Iron Crown|76/100|[from] Stealth Rock
|turn|26
|
|t:|1757798642
|switch|p1a: Torkoal|Torkoal, M|41/100
|-weather|SunnyDay|[from] ability: Drought|[of] p1a: Torkoal
|move|p2a: Iron Crown|Tachyon Cutter|p1a: Torkoal
|-resisted|p1a: Torkoal
|-damage|p1a: Torkoal|24/100
|-resisted|p1a: Torkoal
|-damage|p1a: Torkoal|7/100
|-hitcount|p1a: Torkoal|2
|
|-weather|SunnyDay|[upkeep]
|upkeep
|turn|27
|
|t:|1757798653
|move|p2a: Iron Crown|Tachyon Cutter|p1a: Torkoal
|-resisted|p1a: Torkoal
|-damage|p1a: Torkoal|0 fnt
|faint|p1a: Torkoal
|-hitcount|p1: Torkoal|1
|
|-weather|SunnyDay|[upkeep]
|upkeep
|-message|kamata forfeited.
|
|win|Beasteucloid123
|raw|Beasteucloid123's rating: 1316 &rarr; <strong>1335</strong><br />(+19 for winning)
|raw|kamata's rating: 1297 &rarr; <strong>1273</strong><br />(-24 for losing)
|l|☆kamata
|player|p2|
|l|☆Beasteucloid123
|player|p1|
