|j|☆Envy cat
|j|☆mach95a113
|t:|1757813893
|gametype|singles
|player|p1|Envy cat|roughneck-gen4|1144
|player|p2|mach95a113|gardenia|1087
|gen|9
|tier|[Gen 9] OU
|rated|
|rule|HP Percentage Mod: HP is shown in percentages
|rule|Endless Battle Clause: Forcing endless battles is banned
|rule|Species Clause: Limit one of each Pokémon
|rule|OHKO Clause: OHKO moves are banned
|rule|Evasion Items Clause: Evasion items are banned
|rule|Evasion Moves Clause: Evasion moves are banned
|rule|Evasion Abilities Clause: Evasion abilities are banned
|rule|Sleep Moves Clause: Sleep-inducing moves are banned
|clearpoke
|poke|p1|Zoroark-Hisui, F|
|poke|p1|Sandslash-Alola, M|
|poke|p1|Kyurem|
|poke|p1|Lanturn, F|
|poke|p1|Landorus-Therian, M|
|poke|p1|Scrafty, F|
|poke|p2|Ninetales-Alola, M|
|poke|p2|Slowking-Galar, M|
|poke|p2|Primarina, M|
|poke|p2|Kyurem|
|poke|p2|Gastrodon, M|
|poke|p2|Cryogonal|
|teampreview
|c|☆mach95a113|Good luck!
|
|t:|1757813920
|teamsize|p1|6
|teamsize|p2|6
|start
|switch|p1a: Não pode ser|Landorus-Therian, M|100/100
|switch|p2a: Gastrodon|Gastrodon, M|100/100
|-ability|p1a: Não pode ser|Intimidate|boost
|-unboost|p2a: Gastrodon|atk|1
|turn|1
|
|t:|1757813927
|move|p1a: Não pode ser|Earth Power|p2a: Gastrodon
|-damage|p2a: Gastrodon|58/100
|move|p2a: Gastrodon|Stealth Rock|p1a: Não pode ser
|-sidestart|p1: Envy cat|move: Stealth Rock
|
|upkeep
|turn|2
|
|t:|1757813956
|move|p1a: Não pode ser|Earth Power|p2a: Gastrodon
|-damage|p2a: Gastrodon|16/100
|-unboost|p2a: Gastrodon|spd|1
|move|p2a: Gastrodon|Surf|p1a: Não pode ser
|-supereffective|p1a: Não pode ser
|-damage|p1a: Não pode ser|0 fnt
|faint|p1a: Não pode ser
|
|upkeep
|
|t:|1757813965
|switch|p1a: Olha a cobra!!|Scrafty, F|100/100
|-damage|p1a: Olha a cobra!!|88/100|[from] Stealth Rock
|turn|3
|
|t:|1757813977
|move|p1a: Olha a cobra!!|Bitter Malice|p2a: Gastrodon
|-damage|p2a: Gastrodon|0 fnt
|faint|p2a: Gastrodon
|
|upkeep
|
|t:|1757813992
|switch|p2a: Primarina|Primarina, M|100/100
|turn|4
|
|t:|1757813994
|move|p1a: Olha a cobra!!|Snowscape|p1a: Olha a cobra!!
|-weather|Snowscape
|move|p2a: Primarina|Calm Mind|p2a: Primarina
|-boost|p2a: Primarina|spa|1
|-boost|p2a: Primarina|spd|1
|
|-weather|Snowscape|[upkeep]
|upkeep
|turn|5
|
|t:|1757814020
|move|p1a: Olha a cobra!!|U-turn|p2a: Primarina
|-resisted|p2a: Primarina
|-damage|p2a: Primarina|90/100
|
|t:|1757814024
|switch|p1a: PARABÉNS MEU AMOR|Sandslash-Alola, M|100/100|[from] U-turn
|-damage|p1a: PARABÉNS MEU AMOR|88/100|[from] Stealth Rock
|move|p2a: Primarina|Psychic Noise|p1a: PARABÉNS MEU AMOR
|-damage|p1a: PARABÉNS MEU AMOR|0 fnt
|faint|p1a: PARABÉNS MEU AMOR
|
|-weather|Snowscape|[upkeep]
|upkeep
|
|t:|1757814033
|switch|p1a: Mas tem que ser|Lanturn, F|100/100
|-damage|p1a: Mas tem que ser|88/100|[from] Stealth Rock
|turn|6
|
|t:|1757814045
|switch|p2a: Kyurem|Kyurem|100/100
|-ability|p2a: Kyurem|Pressure
|move|p1a: Mas tem que ser|Thunderbolt|p2a: Kyurem
|-resisted|p2a: Kyurem
|-damage|p2a: Kyurem|84/100
|
|-weather|Snowscape|[upkeep]
|upkeep
|turn|7
|
|t:|1757814057
|move|p2a: Kyurem|Draco Meteor|p1a: Mas tem que ser
|-damage|p1a: Mas tem que ser|49/100
|-unboost|p2a: Kyurem|spa|2
|move|p1a: Mas tem que ser|Flip Turn|p2a: Kyurem
|-resisted|p2a: Kyurem
|-damage|p2a: Kyurem|80/100
|
|t:|1757814063
|switch|p1a: Olha a cobra!!|Scrafty, F|100/100|[from] Flip Turn
|-damage|p1a: Olha a cobra!!|95/100|[from] Stealth Rock
|-ability|p1a: Olha a cobra!!|Intimidate|boost
|-unboost|p2a: Kyurem|atk|1
|
|-weather|Snowscape|[upkeep]
|upkeep
|turn|8
|
|t:|1757814078
|switch|p2a: Primarina|Primarina, M|90/100
|move|p1a: Olha a cobra!!|Dragon Dance|p1a: Olha a cobra!!
|-boost|p1a: Olha a cobra!!|atk|1
|-boost|p1a: Olha a cobra!!|spe|1
|
|-weather|Snowscape|[upkeep]
|upkeep
|turn|9
|
|t:|1757814086
|move|p1a: Olha a cobra!!|Knock Off|p2a: Primarina
|-resisted|p2a: Primarina
|-damage|p2a: Primarina|40/100
|-enditem|p2a: Primarina|Never-Melt Ice|[from] move: Knock Off|[of] p1a: Olha a cobra!!
|move|p2a: Primarina|Psychic Noise|p1a: Olha a cobra!!
|-damage|p1a: Olha a cobra!!|50/100
|-start|p1a: Olha a cobra!!|move: Heal Block
|
|-weather|Snowscape|[upkeep]
|upkeep
|turn|10
|
|t:|1757814105
|move|p1a: Olha a cobra!!|Zen Headbutt|p2a: Primarina
|-damage|p2a: Primarina|0 fnt
|faint|p2a: Primarina
|
|-weather|Snowscape|[upkeep]
|-end|p1a: Olha a cobra!!|move: Heal Block
|upkeep
|
|t:|1757814119
|switch|p2a: Slowking|Slowking-Galar, M|100/100
|turn|11
|
|t:|1757814124
|-terastallize|p2a: Slowking|Ice
|move|p1a: Olha a cobra!!|Knock Off|p2a: Slowking
|-damage|p2a: Slowking|55/100
|-enditem|p2a: Slowking|Heavy-Duty Boots|[from] move: Knock Off|[of] p1a: Olha a cobra!!
|move|p2a: Slowking|Blizzard|p1a: Olha a cobra!!
|-damage|p1a: Olha a cobra!!|0 fnt
|faint|p1a: Olha a cobra!!
|
|-weather|none
|upkeep
|
|t:|1757814134
|switch|p1a: PFVR MEU AMOR|Kyurem, shiny|100/100
|-damage|p1a: PFVR MEU AMOR|76/100|[from] Stealth Rock
|-ability|p1a: PFVR MEU AMOR|Pressure
|turn|12
|
|t:|1757814140
|move|p1a: PFVR MEU AMOR|Dragon Dance|p1a: PFVR MEU AMOR
|-boost|p1a: PFVR MEU AMOR|atk|1
|-boost|p1a: PFVR MEU AMOR|spe|1
|move|p2a: Slowking|Future Sight|p1a: PFVR MEU AMOR
|-start|p2a: Slowking|move: Future Sight
|
|upkeep
|turn|13
|
|t:|1757814150
|move|p1a: PFVR MEU AMOR|Dragon Claw|p2a: Slowking
|-damage|p2a: Slowking|0 fnt
|faint|p2a: Slowking
|
|upkeep
|
|t:|1757814158
|switch|p2a: Ninetales|Ninetales-Alola, M|100/100
|-weather|Snowscape|[from] ability: Snow Warning|[of] p2a: Ninetales
|turn|14
|
|t:|1757814164
|move|p1a: PFVR MEU AMOR|Fling|p2a: Ninetales
|-resisted|p2a: Ninetales
|-damage|p2a: Ninetales|64/100
|-enditem|p1a: PFVR MEU AMOR|Big Nugget|[from] move: Fling
|move|p2a: Ninetales|Aurora Veil|p2a: Ninetales
|-sidestart|p2: mach95a113|move: Aurora Veil
|
|-weather|Snowscape|[upkeep]
|-end|p1a: PFVR MEU AMOR|move: Future Sight
|-damage|p1a: PFVR MEU AMOR|22/100
|upkeep
|turn|15
|
|t:|1757814173
|move|p1a: PFVR MEU AMOR|Ice Fang|p2a: Ninetales|[miss]
|-miss|p1a: PFVR MEU AMOR|p2a: Ninetales
|move|p2a: Ninetales|Encore|p1a: PFVR MEU AMOR
|-start|p1a: PFVR MEU AMOR|Encore
|
|-weather|Snowscape|[upkeep]
|upkeep
|turn|16
|
|t:|1757814180
|move|p1a: PFVR MEU AMOR|Ice Fang|p2a: Ninetales
|-resisted|p2a: Ninetales
|-damage|p2a: Ninetales|51/100
|move|p2a: Ninetales|Nasty Plot|p2a: Ninetales
|-boost|p2a: Ninetales|spa|2
|
|-weather|Snowscape|[upkeep]
|upkeep
|turn|17
|
|t:|1757814187
|move|p1a: PFVR MEU AMOR|Ice Fang|p2a: Ninetales
|-resisted|p2a: Ninetales
|-damage|p2a: Ninetales|39/100
|move|p2a: Ninetales|Blizzard|p1a: PFVR MEU AMOR
|-damage|p1a: PFVR MEU AMOR|0 fnt
|faint|p1a: PFVR MEU AMOR
|
|-weather|Snowscape|[upkeep]
|upkeep
|
|t:|1757814193
|switch|p1a: Mas tem que ser|Lanturn, F|88/100
|-damage|p1a: Mas tem que ser|76/100|[from] Stealth Rock
|turn|18
|
|t:|1757814203
|move|p1a: Mas tem que ser|Bitter Malice|p2a: Ninetales
|-damage|p2a: Ninetales|17/100
|-unboost|p2a: Ninetales|atk|1
|move|p2a: Ninetales|Blizzard|p1a: Mas tem que ser
|-damage|p1a: Mas tem que ser|0 fnt
|replace|p1a: É mentira!!!|Zoroark-Hisui, F, shiny
|-end|p1a: É mentira!!!|Illusion
|faint|p1a: É mentira!!!
|
|-weather|Snowscape|[upkeep]
|-sideend|p2: mach95a113|move: Aurora Veil
|upkeep
|
|t:|1757814210
|switch|p1a: Mas tem que ser|Lanturn, F|49/100
|-damage|p1a: Mas tem que ser|37/100|[from] Stealth Rock
|turn|19
|
|t:|1757814217
|move|p2a: Ninetales|Blizzard|p1a: Mas tem que ser
|-resisted|p1a: Mas tem que ser
|-damage|p1a: Mas tem que ser|8/100
|move|p1a: Mas tem que ser|Thunderbolt|p2a: Ninetales
|-damage|p2a: Ninetales|0 fnt
|faint|p2a: Ninetales
|
|-weather|Snowscape|[upkeep]
|upkeep
|
|t:|1757814232
|switch|p2a: Cryogonal|Cryogonal|100/100
|turn|20
|
|t:|1757814241
|-terastallize|p1a: Mas tem que ser|Flying
|move|p2a: Cryogonal|Blizzard|p1a: Mas tem que ser
|-supereffective|p1a: Mas tem que ser
|-damage|p1a: Mas tem que ser|0 fnt
|faint|p1a: Mas tem que ser
|
|win|mach95a113
|raw|Envy cat's rating: 1144 &rarr; <strong>1115</strong><br />(-29 for losing)
|raw|mach95a113's rating: 1087 &rarr; <strong>1118</strong><br />(+31 for winning)
|l|☆Envy cat
|player|p1|
|c|☆mach95a113|Gg
