|j|☆frost_kun27
|j|☆bingbongwhoosh
|t:|1757848639
|gametype|singles
|player|p1|frost_kun27|silver|1335
|player|p2|bingbongwhoosh|101|1289
|gen|9
|tier|[Gen 9] OU
|rated|
|rule|HP Percentage Mod: HP is shown in percentages
|rule|Endless Battle Clause: Forcing endless battles is banned
|rule|Species Clause: Limit one of each Pokémon
|rule|OHKO Clause: OHKO moves are banned
|rule|Evasion Items Clause: Evasion items are banned
|rule|Evasion Moves Clause: Evasion moves are banned
|rule|Evasion Abilities Clause: Evasion abilities are banned
|rule|Sleep Moves Clause: Sleep-inducing moves are banned
|clearpoke
|poke|p1|Rhyperior, M|
|poke|p1|Articuno|
|poke|p1|Heatran, M|
|poke|p1|Decidueye-Hisui, F|
|poke|p1|Latios, M|
|poke|p1|Zebstrika, F|
|poke|p2|Pelipper, F|
|poke|p2|Zapdos|
|poke|p2|Barraskewda, M|
|poke|p2|Dragonite, F|
|poke|p2|Kingambit, F|
|poke|p2|Great Tusk|
|teampreview
|inactive|Battle timer is ON: inactive players will automatically lose when time's up. (requested by frost_kun27)
|
|t:|1757848658
|teamsize|p1|6
|teamsize|p2|6
|start
|switch|p1a: Zebstrika|Zebstrika, F|100/100
|switch|p2a: Barraskewda|Barraskewda, M|100/100
|turn|1
|
|t:|1757848664
|move|p2a: Barraskewda|Flip Turn|p1a: Zebstrika
|-damage|p1a: Zebstrika|2/100
|
|t:|1757848671
|switch|p2a: Zapdos|Zapdos|100/100|[from] Flip Turn
|move|p1a: Zebstrika|Volt Switch|p2a: Zapdos
|-damage|p2a: Zapdos|77/100
|
|t:|1757848678
|switch|p1a: Rhyperior|Rhyperior, M|100/100|[from] Volt Switch
|
|upkeep
|turn|2
|
|t:|1757848683
|move|p2a: Zapdos|Hurricane|p1a: Rhyperior
|-resisted|p1a: Rhyperior
|-damage|p1a: Rhyperior|79/100
|move|p1a: Rhyperior|Ice Punch|p2a: Zapdos
|-supereffective|p2a: Zapdos
|-damage|p2a: Zapdos|2/100
|-status|p1a: Rhyperior|par|[from] ability: Static|[of] p2a: Zapdos
|
|upkeep
|turn|3
|
|t:|1757848695
|switch|p2a: Pelipper|Pelipper, F|100/100
|-weather|RainDance|[from] ability: Drizzle|[of] p2a: Pelipper
|move|p1a: Rhyperior|Earthquake|p2a: Pelipper
|-immune|p2a: Pelipper
|
|-weather|RainDance|[upkeep]
|upkeep
|turn|4
|
|t:|1757848712
|move|p2a: Pelipper|Knock Off|p1a: Rhyperior
|-damage|p1a: Rhyperior|70/100 par
|-enditem|p1a: Rhyperior|Assault Vest|[from] move: Knock Off|[of] p2a: Pelipper
|move|p1a: Rhyperior|Rock Slide|p2a: Pelipper|[miss]
|-miss|p1a: Rhyperior|p2a: Pelipper
|
|-weather|RainDance|[upkeep]
|upkeep
|turn|5
|
|t:|1757848735
|move|p2a: Pelipper|U-turn|p1a: Rhyperior
|-damage|p1a: Rhyperior|64/100 par
|
|t:|1757848737
|switch|p2a: Great Tusk|Great Tusk|100/100|[from] U-turn
|move|p1a: Rhyperior|Rock Slide|p2a: Great Tusk
|-resisted|p2a: Great Tusk
|-damage|p2a: Great Tusk|93/100
|
|-weather|RainDance|[upkeep]
|upkeep
|turn|6
|
|t:|1757848748
|move|p2a: Great Tusk|Stealth Rock|p1a: Rhyperior
|-sidestart|p1: frost_kun27|move: Stealth Rock
|move|p1a: Rhyperior|Ice Punch|p2a: Great Tusk
|-supereffective|p2a: Great Tusk
|-damage|p2a: Great Tusk|46/100
|
|-weather|RainDance|[upkeep]
|upkeep
|turn|7
|
|t:|1757848754
|move|p2a: Great Tusk|Headlong Rush|p1a: Rhyperior
|-supereffective|p1a: Rhyperior
|-damage|p1a: Rhyperior|1/100 par
|-unboost|p2a: Great Tusk|def|1
|-unboost|p2a: Great Tusk|spd|1
|move|p1a: Rhyperior|Ice Punch|p2a: Great Tusk
|-supereffective|p2a: Great Tusk
|-damage|p2a: Great Tusk|0 fnt
|faint|p2a: Great Tusk
|-end|p2a: Great Tusk|Protosynthesis|[silent]
|
|-weather|RainDance|[upkeep]
|upkeep
|
|t:|1757848758
|switch|p2a: Barraskewda|Barraskewda, M|100/100
|turn|8
|
|t:|1757848761
|move|p2a: Barraskewda|Liquidation|p1a: Rhyperior
|-supereffective|p1a: Rhyperior
|-damage|p1a: Rhyperior|0 fnt
|faint|p1a: Rhyperior
|
|-weather|RainDance|[upkeep]
|upkeep
|
|t:|1757848764
|switch|p1a: Decidueye|Decidueye-Hisui, F, shiny|100/100
|-damage|p1a: Decidueye|94/100|[from] Stealth Rock
|turn|9
|
|t:|1757848770
|switch|p2a: Zapdos|Zapdos|2/100
|move|p1a: Decidueye|Defog|p2a: Zapdos
|-unboost|p2a: Zapdos|evasion|1
|-sideend|p1: frost_kun27|Stealth Rock|[from] move: Defog|[of] p1a: Decidueye
|
|-weather|RainDance|[upkeep]
|upkeep
|turn|10
|
|t:|1757848774
|switch|p1a: Heatran|Heatran, M|100/100
|move|p2a: Zapdos|Roost|p2a: Zapdos
|-heal|p2a: Zapdos|52/100
|-singleturn|p2a: Zapdos|move: Roost
|
|-weather|none
|upkeep
|turn|11
|
|t:|1757848784
|move|p2a: Zapdos|Roost|p2a: Zapdos
|-heal|p2a: Zapdos|100/100
|-singleturn|p2a: Zapdos|move: Roost
|move|p1a: Heatran|Stealth Rock|p2a: Zapdos
|-sidestart|p2: bingbongwhoosh|move: Stealth Rock
|
|upkeep
|turn|12
|
|t:|1757848793
|move|p2a: Zapdos|Volt Switch|p1a: Heatran
|-damage|p1a: Heatran|77/100
|
|t:|1757848796
|switch|p2a: Pelipper|Pelipper, F|100/100|[from] Volt Switch
|-damage|p2a: Pelipper|76/100|[from] Stealth Rock
|-weather|RainDance|[from] ability: Drizzle|[of] p2a: Pelipper
|move|p1a: Heatran|Magma Storm|p2a: Pelipper
|-resisted|p2a: Pelipper
|-damage|p2a: Pelipper|60/100
|-activate|p2a: Pelipper|move: Magma Storm|[of] p1a: Heatran
|
|-weather|RainDance|[upkeep]
|-heal|p1a: Heatran|83/100|[from] item: Leftovers
|-damage|p2a: Pelipper|48/100|[from] move: Magma Storm|[partiallytrapped]
|upkeep
|turn|13
|
|t:|1757848805
|switch|p1a: Articuno|Articuno, shiny|100/100
|-ability|p1a: Articuno|Pressure
|move|p2a: Pelipper|U-turn|p1a: Articuno
|-resisted|p1a: Articuno
|-damage|p1a: Articuno|96/100
|
|t:|1757848816
|switch|p2a: Kingambit|Kingambit, F|100/100|[from] U-turn
|-damage|p2a: Kingambit|94/100|[from] Stealth Rock
|-activate|p2a: Kingambit|ability: Supreme Overlord
|-start|p2a: Kingambit|fallen1|[silent]
|
|-weather|RainDance|[upkeep]
|-heal|p2a: Kingambit|100/100|[from] item: Leftovers
|upkeep
|turn|14
|
|t:|1757848826
|switch|p1a: Decidueye|Decidueye-Hisui, F, shiny|94/100
|move|p2a: Kingambit|Swords Dance|p2a: Kingambit
|-boost|p2a: Kingambit|atk|2
|
|-weather|RainDance|[upkeep]
|upkeep
|turn|15
|
|t:|1757848841
|-end|p2a: Kingambit|fallen1|[silent]
|switch|p2a: Zapdos|Zapdos|100/100
|move|p1a: Decidueye|Triple Arrows|p2a: Zapdos
|-resisted|p2a: Zapdos
|-damage|p2a: Zapdos|81/100
|
|-weather|RainDance|[upkeep]
|upkeep
|turn|16
|
|t:|1757848855
|switch|p1a: Heatran|Heatran, M|83/100
|move|p2a: Zapdos|Hurricane|p1a: Heatran
|-resisted|p1a: Heatran
|-damage|p1a: Heatran|64/100
|-start|p1a: Heatran|confusion
|
|-weather|RainDance|[upkeep]
|-heal|p1a: Heatran|71/100|[from] item: Leftovers
|upkeep
|turn|17
|
|t:|1757848877
|switch|p1a: Latios|Latios, M, shiny|100/100
|move|p2a: Zapdos|Volt Switch|p1a: Latios
|-resisted|p1a: Latios
|-crit|p1a: Latios
|-damage|p1a: Latios|74/100
|
|t:|1757848881
|switch|p2a: Kingambit|Kingambit, F|100/100|[from] Volt Switch
|-damage|p2a: Kingambit|94/100|[from] Stealth Rock
|-activate|p2a: Kingambit|ability: Supreme Overlord
|-start|p2a: Kingambit|fallen1|[silent]
|
|-weather|RainDance|[upkeep]
|-heal|p2a: Kingambit|100/100|[from] item: Leftovers
|upkeep
|turn|18
|
|t:|1757848891
|switch|p1a: Decidueye|Decidueye-Hisui, F, shiny|94/100
|move|p2a: Kingambit|Iron Head|p1a: Decidueye
|-damage|p1a: Decidueye|54/100
|-damage|p2a: Kingambit|84/100|[from] item: Rocky Helmet|[of] p1a: Decidueye
|
|-weather|RainDance|[upkeep]
|-heal|p2a: Kingambit|90/100|[from] item: Leftovers
|upkeep
|turn|19
|l|☆bingbongwhoosh
|inactive|bingbongwhoosh disconnected and has a minute to reconnect!
|player|p2|
|inactive|bingbongwhoosh has 30 seconds to reconnect!
|inactive|bingbongwhoosh has 20 seconds to reconnect!
|inactive|bingbongwhoosh has 15 seconds to reconnect!
|j|☆bingbongwhoosh
|inactive|bingbongwhoosh reconnected and has 80 seconds left.
|player|p2|bingbongwhoosh|101|
|
|t:|1757848967
|-end|p2a: Kingambit|fallen1|[silent]
|switch|p2a: Zapdos|Zapdos|81/100
|move|p1a: Decidueye|Roost|p1a: Decidueye
|-heal|p1a: Decidueye|100/100
|-singleturn|p1a: Decidueye|move: Roost
|
|-weather|none
|upkeep
|turn|20
|
|t:|1757848978
|switch|p1a: Heatran|Heatran, M|71/100
|move|p2a: Zapdos|Volt Switch|p1a: Heatran
|-damage|p1a: Heatran|46/100
|
|t:|1757848984
|switch|p2a: Barraskewda|Barraskewda, M|100/100|[from] Volt Switch
|-damage|p2a: Barraskewda|88/100|[from] Stealth Rock
|
|-heal|p1a: Heatran|52/100|[from] item: Leftovers
|upkeep
|turn|21
|
|t:|1757848997
|move|p2a: Barraskewda|Flip Turn|p1a: Heatran
|-supereffective|p1a: Heatran
|-damage|p1a: Heatran|0 fnt
|faint|p1a: Heatran
|inactive|bingbongwhoosh has 90 seconds left.
|inactive|bingbongwhoosh has 60 seconds left.
|l|☆bingbongwhoosh
|inactive|bingbongwhoosh disconnected and has a minute to reconnect!
|player|p2|
|j|☆bingbongwhoosh
|inactive|bingbongwhoosh reconnected and has 40 seconds left.
|player|p2|bingbongwhoosh|101|
|
|t:|1757849061
|switch|p2a: Zapdos|Zapdos|81/100|[from] Flip Turn
|
|upkeep
|
|t:|1757849070
|switch|p1a: Zebstrika|Zebstrika, F|2/100
|turn|22
|
|t:|1757849072
|move|p1a: Zebstrika|Supercell Slam|p2a: Zapdos
|-damage|p2a: Zapdos|8/100
|move|p2a: Zapdos|Weather Ball|p1a: Zebstrika
|-damage|p1a: Zebstrika|0 fnt
|faint|p1a: Zebstrika
|
|upkeep
|
|t:|1757849078
|switch|p1a: Latios|Latios, M, shiny|74/100
|turn|23
|
|t:|1757849081
|switch|p2a: Kingambit|Kingambit, F|90/100
|-damage|p2a: Kingambit|84/100|[from] Stealth Rock
|-activate|p2a: Kingambit|ability: Supreme Overlord
|-start|p2a: Kingambit|fallen1|[silent]
|move|p1a: Latios|Aura Sphere|p2a: Kingambit
|-supereffective|p2a: Kingambit
|-crit|p2a: Kingambit
|-damage|p2a: Kingambit|0 fnt
|faint|p2a: Kingambit
|-end|p2a: Kingambit|fallen1|[silent]
|
|upkeep
|
|t:|1757849093
|switch|p2a: Pelipper|Pelipper, F|48/100
|-damage|p2a: Pelipper|23/100|[from] Stealth Rock
|-weather|RainDance|[from] ability: Drizzle|[of] p2a: Pelipper
|turn|24
|
|t:|1757849096
|move|p1a: Latios|Aura Sphere|p2a: Pelipper
|-resisted|p2a: Pelipper
|-damage|p2a: Pelipper|5/100
|move|p2a: Pelipper|U-turn|p1a: Latios
|-supereffective|p1a: Latios
|-damage|p1a: Latios|50/100
|
|t:|1757849103
|switch|p2a: Dragonite|Dragonite, F|100/100|[from] U-turn
|
|-weather|RainDance|[upkeep]
|upkeep
|turn|25
|
|t:|1757849106
|switch|p1a: Articuno|Articuno, shiny|96/100
|-ability|p1a: Articuno|Pressure
|move|p2a: Dragonite|Dragon Dance|p2a: Dragonite
|-boost|p2a: Dragonite|atk|1
|-boost|p2a: Dragonite|spe|1
|
|-weather|RainDance|[upkeep]
|upkeep
|turn|26
|inactive|bingbongwhoosh has 90 seconds left.
|
|t:|1757849119
|-terastallize|p2a: Dragonite|Normal
|move|p2a: Dragonite|Extreme Speed|p1a: Articuno
|-damage|p1a: Articuno|21/100
|move|p1a: Articuno|Roar|p2a: Dragonite
|drag|p2a: Pelipper|Pelipper, F|5/100
|-damage|p2a: Pelipper|0 fnt|[from] Stealth Rock
|faint|p2a: Pelipper
|
|-weather|RainDance|[upkeep]
|upkeep
|
|t:|1757849128
|switch|p2a: Dragonite|Dragonite, F, tera:Normal|100/100
|turn|27
|
|t:|1757849132
|move|p1a: Articuno|Air Slash|p2a: Dragonite
|-damage|p2a: Dragonite|83/100
|move|p2a: Dragonite|Dragon Dance|p2a: Dragonite
|-boost|p2a: Dragonite|atk|1
|-boost|p2a: Dragonite|spe|1
|
|-weather|RainDance|[upkeep]
|upkeep
|turn|28
|
|t:|1757849141
|move|p2a: Dragonite|Extreme Speed|p1a: Articuno
|-damage|p1a: Articuno|0 fnt
|faint|p1a: Articuno
|
|-weather|RainDance|[upkeep]
|upkeep
|
|t:|1757849146
|switch|p1a: Decidueye|Decidueye-Hisui, F, shiny|100/100
|turn|29
|
|t:|1757849151
|switch|p2a: Zapdos|Zapdos|8/100
|move|p1a: Decidueye|Triple Arrows|p2a: Zapdos
|-resisted|p2a: Zapdos
|-damage|p2a: Zapdos|0 fnt
|faint|p2a: Zapdos
|
|-weather|RainDance|[upkeep]
|upkeep
|
|t:|1757849153
|switch|p2a: Barraskewda|Barraskewda, M|88/100
|-damage|p2a: Barraskewda|76/100|[from] Stealth Rock
|turn|30
|inactive|bingbongwhoosh has 120 seconds left.
|
|t:|1757849187
|move|p2a: Barraskewda|Liquidation|p1a: Decidueye
|-resisted|p1a: Decidueye
|-damage|p1a: Decidueye|59/100
|-damage|p2a: Barraskewda|60/100|[from] item: Rocky Helmet|[of] p1a: Decidueye
|move|p1a: Decidueye|Roost|p1a: Decidueye
|-heal|p1a: Decidueye|100/100
|-singleturn|p1a: Decidueye|move: Roost
|
|-weather|RainDance|[upkeep]
|upkeep
|turn|31
|
|t:|1757849191
|move|p2a: Barraskewda|Liquidation|p1a: Decidueye
|-resisted|p1a: Decidueye
|-damage|p1a: Decidueye|63/100
|-damage|p2a: Barraskewda|43/100|[from] item: Rocky Helmet|[of] p1a: Decidueye
|move|p1a: Decidueye|Roost|p1a: Decidueye
|-heal|p1a: Decidueye|100/100
|-singleturn|p1a: Decidueye|move: Roost
|
|-weather|none
|upkeep
|turn|32
|
|t:|1757849194
|move|p2a: Barraskewda|Liquidation|p1a: Decidueye
|-resisted|p1a: Decidueye
|-damage|p1a: Decidueye|74/100
|-damage|p2a: Barraskewda|27/100|[from] item: Rocky Helmet|[of] p1a: Decidueye
|move|p1a: Decidueye|Triple Arrows|p2a: Barraskewda
|-damage|p2a: Barraskewda|0 fnt
|faint|p2a: Barraskewda
|
|upkeep
|
|t:|1757849197
|switch|p2a: Dragonite|Dragonite, F, tera:Normal|83/100
|turn|33
|
|t:|1757849201
|move|p2a: Dragonite|Ice Spinner|p1a: Decidueye
|-supereffective|p1a: Decidueye
|-damage|p1a: Decidueye|24/100
|-damage|p2a: Dragonite|66/100|[from] item: Rocky Helmet|[of] p1a: Decidueye
|move|p1a: Decidueye|Triple Arrows|p2a: Dragonite
|-supereffective|p2a: Dragonite
|-damage|p2a: Dragonite|0 fnt
|faint|p2a: Dragonite
|
|win|frost_kun27
|raw|frost_kun27's rating: 1335 &rarr; <strong>1352</strong><br />(+17 for winning)
|raw|bingbongwhoosh's rating: 1289 &rarr; <strong>1267</strong><br />(-22 for losing)
|l|☆bingbongwhoosh
|player|p2|
|l|☆frost_kun27
|player|p1|
