|j|‽wwesucks
|j|☆Husk1903
|t:|1757900984
|gametype|singles
|player|p1|wwesucks|miku-ice|1196
|player|p2|Husk1903|ingo|1141
|gen|9
|tier|[Gen 9] OU
|rated|
|rule|HP Percentage Mod: HP is shown in percentages
|rule|Endless Battle Clause: Forcing endless battles is banned
|rule|Species Clause: Limit one of each Pokémon
|rule|OHKO Clause: OHKO moves are banned
|rule|Evasion Items Clause: Evasion items are banned
|rule|Evasion Moves Clause: Evasion moves are banned
|rule|Evasion Abilities Clause: Evasion abilities are banned
|rule|Sleep Moves Clause: Sleep-inducing moves are banned
|clearpoke
|poke|p1|Tyranitar, M|
|poke|p1|Rotom-Wash|
|poke|p1|Blaziken, F|
|poke|p1|Sinistcha|
|poke|p1|Ogerpon-Cornerstone, F|
|poke|p1|Excadrill, F|
|poke|p2|Haxorus, F|
|poke|p2|Iron Hands|
|poke|p2|Blaziken, F|
|poke|p2|Polteageist|
|poke|p2|Toxapex, F|
|poke|p2|Cottonee, L1, M|
|teampreview
|inactive|Battle timer is ON: inactive players will automatically lose when time's up. (requested by Husk1903)
|
|t:|1757900992
|teamsize|p1|6
|teamsize|p2|6
|start
|switch|p1a: Rotom|Rotom-Wash|100/100
|switch|p2a: Polteageist|Polteageist|100/100
|turn|1
|
|t:|1757901017
|move|p2a: Polteageist|Shell Smash|p2a: Polteageist
|-unboost|p2a: Polteageist|def|1
|-unboost|p2a: Polteageist|spd|1
|-boost|p2a: Polteageist|atk|2
|-boost|p2a: Polteageist|spa|2
|-boost|p2a: Polteageist|spe|2
|move|p1a: Rotom|Volt Switch|p2a: Polteageist
|-damage|p2a: Polteageist|60/100
|
|t:|1757901020
|switch|p1a: Tyranitar|Tyranitar, M|100/100|[from] Volt Switch
|-weather|Sandstorm|[from] ability: Sand Stream|[of] p1a: Tyranitar
|
|-weather|Sandstorm|[upkeep]
|-damage|p2a: Polteageist|54/100|[from] Sandstorm
|upkeep
|turn|2
|
|t:|1757901031
|-terastallize|p1a: Tyranitar|Grass
|move|p2a: Polteageist|Giga Drain|p1a: Tyranitar
|-resisted|p1a: Tyranitar
|-damage|p1a: Tyranitar|82/100
|-heal|p2a: Polteageist|68/100|[from] drain|[of] p1a: Tyranitar
|move|p1a: Tyranitar|Knock Off|p2a: Polteageist
|-supereffective|p2a: Polteageist
|-damage|p2a: Polteageist|0 fnt
|-enditem|p2a: Polteageist|Focus Sash|[from] move: Knock Off|[of] p1a: Tyranitar
|faint|p2a: Polteageist
|
|-weather|Sandstorm|[upkeep]
|-damage|p1a: Tyranitar|75/100|[from] Sandstorm
|upkeep
|
|t:|1757901046
|switch|p2a: Toxapex|Toxapex, F|100/100
|turn|3
|
|t:|1757901051
|move|p1a: Tyranitar|Stealth Rock|p2a: Toxapex
|-sidestart|p2: Husk1903|move: Stealth Rock
|move|p2a: Toxapex|Toxic|p1a: Tyranitar
|-status|p1a: Tyranitar|tox
|
|-weather|Sandstorm|[upkeep]
|-damage|p1a: Tyranitar|69/100 tox|[from] Sandstorm
|-damage|p2a: Toxapex|94/100|[from] Sandstorm
|-heal|p2a: Toxapex|100/100|[from] item: Leftovers
|-damage|p1a: Tyranitar|63/100 tox|[from] psn
|upkeep
|turn|4
|
|t:|1757901060
|switch|p1a: Excadrill|Excadrill, F|100/100
|move|p2a: Toxapex|Substitute|p2a: Toxapex
|-start|p2a: Toxapex|Substitute
|-damage|p2a: Toxapex|76/100
|
|-weather|Sandstorm|[upkeep]
|-damage|p2a: Toxapex|70/100|[from] Sandstorm
|-heal|p2a: Toxapex|76/100|[from] item: Leftovers
|upkeep
|turn|5
|
|t:|1757901068
|move|p2a: Toxapex|Baneful Bunker|p2a: Toxapex
|-singleturn|p2a: Toxapex|move: Protect
|move|p1a: Excadrill|Earthquake|p2a: Toxapex
|-activate|p2a: Toxapex|move: Protect
|
|-weather|Sandstorm|[upkeep]
|-damage|p2a: Toxapex|70/100|[from] Sandstorm
|-heal|p2a: Toxapex|76/100|[from] item: Leftovers
|upkeep
|turn|6
|
|t:|1757901077
|move|p1a: Excadrill|Earthquake|p2a: Toxapex
|-supereffective|p2a: Toxapex
|-end|p2a: Toxapex|Substitute
|move|p2a: Toxapex|Toxic|p1a: Excadrill
|-immune|p1a: Excadrill
|
|-weather|Sandstorm|[upkeep]
|-damage|p2a: Toxapex|70/100|[from] Sandstorm
|-heal|p2a: Toxapex|76/100|[from] item: Leftovers
|upkeep
|turn|7
|
|t:|1757901090
|switch|p2a: Haxorus|Haxorus, F|100/100
|-damage|p2a: Haxorus|88/100|[from] Stealth Rock
|-ability|p2a: Haxorus|Mold Breaker
|move|p1a: Excadrill|Earthquake|p2a: Haxorus
|-damage|p2a: Haxorus|12/100
|
|-weather|Sandstorm|[upkeep]
|-damage|p2a: Haxorus|6/100|[from] Sandstorm
|upkeep
|turn|8
|
|t:|1757901106
|move|p1a: Excadrill|Rapid Spin|p2a: Haxorus
|-damage|p2a: Haxorus|0 fnt
|-boost|p1a: Excadrill|spe|1
|faint|p2a: Haxorus
|
|-weather|none
|upkeep
|
|t:|1757901119
|switch|p2a: Blaziken|Blaziken, F|100/100
|-damage|p2a: Blaziken|88/100|[from] Stealth Rock
|turn|9
|
|t:|1757901127
|move|p2a: Blaziken|Protect|p2a: Blaziken
|-singleturn|p2a: Blaziken|Protect
|move|p1a: Excadrill|Earthquake|p2a: Blaziken
|-activate|p2a: Blaziken|move: Protect
|
|-ability|p2a: Blaziken|Speed Boost|boost
|-boost|p2a: Blaziken|spe|1
|upkeep
|turn|10
|
|t:|1757901142
|switch|p1a: Rotom|Rotom-Wash|100/100
|move|p2a: Blaziken|Fire Punch|p1a: Rotom
|-resisted|p1a: Rotom
|-damage|p1a: Rotom|84/100
|
|-heal|p1a: Rotom|90/100|[from] item: Leftovers
|-ability|p2a: Blaziken|Speed Boost|boost
|-boost|p2a: Blaziken|spe|1
|upkeep
|turn|11
|
|t:|1757901157
|-terastallize|p2a: Blaziken|Steel
|move|p2a: Blaziken|Swords Dance|p2a: Blaziken
|-boost|p2a: Blaziken|atk|2
|move|p1a: Rotom|Hydro Pump|p2a: Blaziken
|-damage|p2a: Blaziken|24/100
|
|-heal|p1a: Rotom|96/100|[from] item: Leftovers
|-ability|p2a: Blaziken|Speed Boost|boost
|-boost|p2a: Blaziken|spe|1
|upkeep
|turn|12
|
|t:|1757901166
|move|p2a: Blaziken|Close Combat|p1a: Rotom
|-damage|p1a: Rotom|0 fnt
|-unboost|p2a: Blaziken|def|1
|-unboost|p2a: Blaziken|spd|1
|faint|p1a: Rotom
|
|-ability|p2a: Blaziken|Speed Boost|boost
|-boost|p2a: Blaziken|spe|1
|upkeep
|
|t:|1757901171
|switch|p1a: Ogerpon|Ogerpon-Cornerstone, F|100/100
|turn|13
|
|t:|1757901175
|move|p2a: Blaziken|Close Combat|p1a: Ogerpon
|-supereffective|p1a: Ogerpon
|-ability|p1a: Ogerpon|Sturdy
|-damage|p1a: Ogerpon|1/100
|-unboost|p2a: Blaziken|def|1
|-unboost|p2a: Blaziken|spd|1
|move|p1a: Ogerpon|Low Kick|p2a: Blaziken
|-supereffective|p2a: Blaziken
|-damage|p2a: Blaziken|0 fnt
|faint|p2a: Blaziken
|
|upkeep
|
|t:|1757901185
|switch|p2a: Toxapex|Toxapex, F|100/100
|-damage|p2a: Toxapex|88/100|[from] Stealth Rock
|turn|14
|
|t:|1757901191
|move|p1a: Ogerpon|Swords Dance|p1a: Ogerpon
|-boost|p1a: Ogerpon|atk|2
|move|p2a: Toxapex|Toxic|p1a: Ogerpon
|-status|p1a: Ogerpon|tox
|
|-heal|p2a: Toxapex|94/100|[from] item: Leftovers
|-damage|p1a: Ogerpon|0 fnt|[from] psn
|faint|p1a: Ogerpon
|upkeep
|
|t:|1757901198
|switch|p1a: Excadrill|Excadrill, F|100/100
|turn|15
|
|t:|1757901201
|move|p2a: Toxapex|Baneful Bunker|p2a: Toxapex
|-singleturn|p2a: Toxapex|move: Protect
|move|p1a: Excadrill|Earthquake|p2a: Toxapex
|-activate|p2a: Toxapex|move: Protect
|
|-heal|p2a: Toxapex|100/100|[from] item: Leftovers
|upkeep
|turn|16
|
|t:|1757901215
|switch|p2a: Iron Hands|Iron Hands|100/100
|-damage|p2a: Iron Hands|94/100|[from] Stealth Rock
|-enditem|p2a: Iron Hands|Booster Energy
|-activate|p2a: Iron Hands|ability: Quark Drive|[fromitem]
|-start|p2a: Iron Hands|quarkdriveatk
|move|p1a: Excadrill|Earthquake|p2a: Iron Hands
|-supereffective|p2a: Iron Hands
|-damage|p2a: Iron Hands|15/100
|
|upkeep
|turn|17
|
|t:|1757901226
|move|p1a: Excadrill|Earthquake|p2a: Iron Hands
|-supereffective|p2a: Iron Hands
|-crit|p2a: Iron Hands
|-damage|p2a: Iron Hands|0 fnt
|faint|p2a: Iron Hands
|-end|p2a: Iron Hands|Quark Drive|[silent]
|
|upkeep
|
|t:|1757901231
|switch|p2a: Cottonee|Cottonee, L1, M|100/100
|-damage|p2a: Cottonee|91/100|[from] Stealth Rock
|turn|18
|
|t:|1757901238
|move|p2a: Cottonee|Substitute|p2a: Cottonee
|-start|p2a: Cottonee|Substitute
|-damage|p2a: Cottonee|73/100
|move|p1a: Excadrill|Iron Head|p2a: Cottonee
|-supereffective|p2a: Cottonee
|-end|p2a: Cottonee|Substitute
|
|upkeep
|turn|19
|
|t:|1757901245
|move|p2a: Cottonee|Substitute|p2a: Cottonee
|-start|p2a: Cottonee|Substitute
|-damage|p2a: Cottonee|55/100
|move|p1a: Excadrill|Rapid Spin|p2a: Cottonee
|-end|p2a: Cottonee|Substitute
|-boost|p1a: Excadrill|spe|1
|
|upkeep
|turn|20
|
|t:|1757901251
|switch|p1a: Tyranitar|Tyranitar, M, tera:Grass|63/100 tox
|-weather|Sandstorm|[from] ability: Sand Stream|[of] p1a: Tyranitar
|move|p2a: Cottonee|Leech Seed|p1a: Tyranitar
|-immune|p1a: Tyranitar
|
|-weather|Sandstorm|[upkeep]
|-damage|p1a: Tyranitar|57/100 tox|[from] Sandstorm
|-damage|p2a: Cottonee|46/100|[from] Sandstorm
|-damage|p1a: Tyranitar|51/100 tox|[from] psn
|upkeep
|turn|21
|
|t:|1757901262
|switch|p1a: Sinistcha|Sinistcha|100/100
|move|p2a: Cottonee|Substitute|p2a: Cottonee
|-start|p2a: Cottonee|Substitute
|-damage|p2a: Cottonee|28/100
|
|-weather|Sandstorm|[upkeep]
|-damage|p1a: Sinistcha|94/100|[from] Sandstorm
|-damage|p2a: Cottonee|19/100|[from] Sandstorm
|upkeep
|turn|22
|
|t:|1757901271
|move|p1a: Sinistcha|Shadow Ball|p2a: Cottonee
|-end|p2a: Cottonee|Substitute
|move|p2a: Cottonee|Endeavor|p1a: Sinistcha
|-immune|p1a: Sinistcha
|
|-weather|Sandstorm|[upkeep]
|-damage|p1a: Sinistcha|88/100|[from] Sandstorm
|-damage|p2a: Cottonee|10/100|[from] Sandstorm
|upkeep
|turn|23
|-message|Husk1903 forfeited.
|
|win|wwesucks
|raw|wwesucks's rating: 1215 &rarr; <strong>1235</strong><br />(+20 for winning)
|raw|Husk1903's rating: 1141 &rarr; <strong>1121</strong><br />(-20 for losing)
|l|☆Husk1903
|player|p2|
|l|‽wwesucks
|player|p1|
