|j|☆99steps_stuts
|j|☆Mr Braziest
|t:|1757786038
|gametype|singles
|player|p1|99steps_stuts|brycenman|1578
|player|p2|Mr Braziest|li|1582
|gen|9
|tier|[Gen 9] OU
|rated|
|rule|HP Percentage Mod: HP is shown in percentages
|rule|Endless Battle Clause: Forcing endless battles is banned
|rule|Species Clause: Limit one of each Pokémon
|rule|OHKO Clause: OHKO moves are banned
|rule|Evasion Items Clause: Evasion items are banned
|rule|Evasion Moves Clause: Evasion moves are banned
|rule|Evasion Abilities Clause: Evasion abilities are banned
|rule|Sleep Moves Clause: Sleep-inducing moves are banned
|clearpoke
|poke|p1|Clefable, M|
|poke|p1|Incineroar, M|
|poke|p1|Clodsire, F|
|poke|p1|Zapdos-Galar|
|poke|p1|Gholdengo|
|poke|p1|Dragapult, M|
|poke|p2|Ting-Lu|
|poke|p2|Darkrai|
|poke|p2|Corviknight, M|
|poke|p2|Fezandipiti, M|
|poke|p2|Pecharunt|
|poke|p2|Latios, M|
|teampreview
|inactive|Battle timer is ON: inactive players will automatically lose when time's up. (requested by 99steps_stuts)
|
|t:|1757786068
|teamsize|p1|6
|teamsize|p2|6
|start
|switch|p1a: Zapdos|Zapdos-Galar, shiny|100/100
|switch|p2a: Yagami|Darkrai, shiny|100/100
|turn|1
|
|t:|1757786076
|switch|p2a: Yami|Corviknight, M, shiny|100/100
|-ability|p2a: Yami|Pressure
|move|p1a: Zapdos|Thunderous Kick|p2a: Yami
|-damage|p2a: Yami|74/100
|-unboost|p2a: Yami|def|1
|-damage|p1a: Zapdos|84/100|[from] item: Rocky Helmet|[of] p2a: Yami
|
|upkeep
|turn|2
|
|t:|1757786086
|switch|p1a: Quaqsire|Clodsire, F, shiny|100/100
|switch|p2a: Overseer|Pecharunt|100/100
|
|upkeep
|turn|3
|
|t:|1757786090
|move|p2a: Overseer|Parting Shot|p1a: Quaqsire
|-unboost|p1a: Quaqsire|atk|1
|-unboost|p1a: Quaqsire|spa|1
|
|t:|1757786100
|switch|p2a: Goliath|Ting-Lu|100/100|[from] Parting Shot
|-ability|p2a: Goliath|Vessel of Ruin
|move|p1a: Quaqsire|Stealth Rock|p2a: Goliath
|-sidestart|p2: Mr Braziest|move: Stealth Rock
|
|upkeep
|turn|4
|
|t:|1757786102
|switch|p1a: Zapdos|Zapdos-Galar, shiny|84/100
|move|p2a: Goliath|Stealth Rock|p1a: Zapdos
|-sidestart|p1: 99steps_stuts|move: Stealth Rock
|
|upkeep
|turn|5
|
|t:|1757786116
|switch|p2a: Overseer|Pecharunt|100/100
|move|p1a: Zapdos|Thunderous Kick|p2a: Overseer
|-immune|p2a: Overseer
|
|upkeep
|turn|6
|
|t:|1757786120
|move|p1a: Zapdos|Knock Off|p2a: Overseer
|-supereffective|p2a: Overseer
|-damage|p2a: Overseer|69/100
|-enditem|p2a: Overseer|Heavy-Duty Boots|[from] move: Knock Off|[of] p1a: Zapdos
|move|p2a: Overseer|Parting Shot|p1a: Zapdos
|-unboost|p1a: Zapdos|atk|1
|-ability|p1a: Zapdos|Defiant|boost
|-boost|p1a: Zapdos|atk|2
|-unboost|p1a: Zapdos|spa|1
|-ability|p1a: Zapdos|Defiant|boost
|-boost|p1a: Zapdos|atk|2
|
|t:|1757786132
|switch|p2a: Yagami|Darkrai, shiny|100/100|[from] Parting Shot
|
|upkeep
|turn|7
|inactive|99steps_stuts has 120 seconds left.
|
|t:|1757786164
|move|p2a: Yagami|Dark Pulse|p1a: Zapdos
|-resisted|p1a: Zapdos
|-damage|p1a: Zapdos|58/100
|move|p1a: Zapdos|Thunderous Kick|p2a: Yagami
|-supereffective|p2a: Yagami
|-damage|p2a: Yagami|0 fnt
|faint|p2a: Yagami
|
|upkeep
|-message|Mr Braziest forfeited.
|
|win|99steps_stuts
|raw|99steps_stuts's rating: 1578 &rarr; <strong>1598</strong><br />(+20 for winning)
|raw|Mr Braziest's rating: 1582 &rarr; <strong>1562</strong><br />(-20 for losing)
|l|☆Mr Braziest
|player|p2|
|l|☆99steps_stuts
|player|p1|
