|j|☆bobeetsoep
|j|☆Adiamantin
|t:|1757935584
|gametype|singles
|player|p1|bobeetsoep|265|1267
|player|p2|Adiamantin|cynthia-gen4|1249
|gen|9
|tier|[Gen 9] OU
|rated|
|rule|HP Percentage Mod: HP is shown in percentages
|rule|Endless Battle Clause: Forcing endless battles is banned
|rule|Species Clause: Limit one of each Pokémon
|rule|OHKO Clause: OHKO moves are banned
|rule|Evasion Items Clause: Evasion items are banned
|rule|Evasion Moves Clause: Evasion moves are banned
|rule|Evasion Abilities Clause: Evasion abilities are banned
|rule|Sleep Moves Clause: Sleep-inducing moves are banned
|clearpoke
|poke|p1|Lucario, F|
|poke|p1|Iron Valiant|
|poke|p1|Great Tusk|
|poke|p1|Zamazenta-*|
|poke|p1|Blaziken, F|
|poke|p1|Terrakion|
|poke|p2|Garganacl, M|
|poke|p2|Ogerpon-Wellspring, F|
|poke|p2|Moltres|
|poke|p2|Iron Treads|
|poke|p2|Darkrai|
|poke|p2|Iron Valiant|
|teampreview
|
|t:|1757935596
|teamsize|p1|6
|teamsize|p2|6
|start
|switch|p1a: Lucario|Lucario, F|100/100
|switch|p2a: Ogerpon|Ogerpon-Wellspring, F|100/100
|turn|1
|
|t:|1757935615
|move|p2a: Ogerpon|Ivy Cudgel|p1a: Lucario|[anim] Ivy Cudgel Water
|-damage|p1a: Lucario|0 fnt
|faint|p1a: Lucario
|
|upkeep
|
|t:|1757935619
|switch|p1a: Zamazenta|Zamazenta|100/100
|-ability|p1a: Zamazenta|Dauntless Shield|boost
|-boost|p1a: Zamazenta|def|1
|turn|2
|
|t:|1757935625
|switch|p2a: Moltres|Moltres|100/100
|move|p1a: Zamazenta|Close Combat|p2a: Moltres
|-resisted|p2a: Moltres
|-damage|p2a: Moltres|54/100
|-unboost|p1a: Zamazenta|def|1
|-unboost|p1a: Zamazenta|spd|1
|
|upkeep
|turn|3
|
|t:|1757935650
|switch|p1a: Terrakion|Terrakion|100/100
|-terastallize|p2a: Moltres|Grass
|move|p2a: Moltres|Will-O-Wisp|p1a: Terrakion
|-status|p1a: Terrakion|brn
|
|-damage|p1a: Terrakion|94/100 brn|[from] brn
|upkeep
|turn|4
|inactive|Battle timer is ON: inactive players will automatically lose when time's up. (requested by Adiamantin)
|inactive|bobeetsoep has 120 seconds left.
|l|☆bobeetsoep
|inactive|bobeetsoep disconnected and has a minute to reconnect!
|player|p1|
|inactive|bobeetsoep has 30 seconds to reconnect!
|inactive|bobeetsoep has 20 seconds to reconnect!
|inactive|bobeetsoep has 15 seconds to reconnect!
|inactive|bobeetsoep has 10 seconds to reconnect!
|j|☆bobeetsoep
|inactive|bobeetsoep reconnected and has 65 seconds left.
|player|p1|bobeetsoep|265|
|inactive|bobeetsoep has 60 seconds left.
|
|t:|1757935801
|move|p1a: Terrakion|Stone Edge|p2a: Moltres
|-damage|p2a: Moltres|29/100
|move|p2a: Moltres|Roost|p2a: Moltres
|-heal|p2a: Moltres|79/100
|
|-damage|p1a: Terrakion|88/100 brn|[from] brn
|upkeep
|turn|5
|
|t:|1757935812
|switch|p1a: Blaziken|Blaziken, F|100/100
|move|p2a: Moltres|U-turn|p1a: Blaziken
|-resisted|p1a: Blaziken
|-damage|p1a: Blaziken|95/100
|
|t:|1757935816
|switch|p2a: Ogerpon|Ogerpon-Wellspring, F|100/100|[from] U-turn
|
|upkeep
|turn|6
|
|t:|1757935820
|move|p1a: Blaziken|Protect|p1a: Blaziken
|-singleturn|p1a: Blaziken|Protect
|move|p2a: Ogerpon|Ivy Cudgel|p1a: Blaziken|[anim] Ivy Cudgel Water
|-activate|p1a: Blaziken|move: Protect
|
|-ability|p1a: Blaziken|Speed Boost|boost
|-boost|p1a: Blaziken|spe|1
|upkeep
|turn|7
|
|t:|1757935824
|-terastallize|p1a: Blaziken|Fire
|move|p1a: Blaziken|Flare Blitz|p2a: Ogerpon
|-damage|p2a: Ogerpon|0 fnt
|faint|p2a: Ogerpon
|-damage|p1a: Blaziken|62/100|[from] Recoil
|-damage|p1a: Blaziken|52/100|[from] item: Life Orb
|
|-ability|p1a: Blaziken|Speed Boost|boost
|-boost|p1a: Blaziken|spe|1
|upkeep
|
|t:|1757935842
|switch|p2a: Iron Valiant|Iron Valiant|100/100
|-enditem|p2a: Iron Valiant|Booster Energy
|-activate|p2a: Iron Valiant|ability: Quark Drive|[fromitem]
|-start|p2a: Iron Valiant|quarkdrivespe
|turn|8
|inactive|bobeetsoep has 120 seconds left.
|
|t:|1757935875
|move|p1a: Blaziken|Protect|p1a: Blaziken
|-singleturn|p1a: Blaziken|Protect
|move|p2a: Iron Valiant|Close Combat|p1a: Blaziken
|-activate|p1a: Blaziken|move: Protect
|
|-ability|p1a: Blaziken|Speed Boost|boost
|-boost|p1a: Blaziken|spe|1
|upkeep
|turn|9
|-message|Adiamantin forfeited.
|
|win|bobeetsoep
|raw|bobeetsoep's rating: 1267 &rarr; <strong>1291</strong><br />(+24 for winning)
|raw|Adiamantin's rating: 1249 &rarr; <strong>1225</strong><br />(-24 for losing)
|l|☆Adiamantin
|player|p2|
|l|☆bobeetsoep
|player|p1|
