|j|☆Obito 2001
|j|☆sdgkjshdkf
|t:|1757845184
|gametype|singles
|player|p1|Obito 2001|blue-gen3two|1691
|player|p2|sdgkjshdkf|101|1650
|gen|9
|tier|[Gen 9] OU
|rated|
|rule|HP Percentage Mod: HP is shown in percentages
|rule|Endless Battle Clause: Forcing endless battles is banned
|rule|Species Clause: Limit one of each Pokémon
|rule|OHKO Clause: OHKO moves are banned
|rule|Evasion Items Clause: Evasion items are banned
|rule|Evasion Moves Clause: Evasion moves are banned
|rule|Evasion Abilities Clause: Evasion abilities are banned
|rule|Sleep Moves Clause: Sleep-inducing moves are banned
|clearpoke
|poke|p1|Masquerain, M|
|poke|p1|Gliscor, M|
|poke|p1|Great Tusk|
|poke|p1|Alomomola, F|
|poke|p1|Gholdengo|
|poke|p1|Sinistcha-Masterpiece|
|poke|p2|Ribombee, M|
|poke|p2|Gholdengo|
|poke|p2|Dragonite, F|
|poke|p2|Ceruledge, M|
|poke|p2|Great Tusk|
|poke|p2|Kingambit, F|
|teampreview
|inactive|Battle timer is ON: inactive players will automatically lose when time's up. (requested by Obito 2001)
|j| Ctannn
|j| babyshark974
|
|t:|1757845204
|teamsize|p1|6
|teamsize|p2|6
|start
|switch|p1a: Real G|Masquerain, M|100/100
|switch|p2a: Ribombee|Ribombee, M|100/100
|-ability|p1a: Real G|Intimidate|boost
|-unboost|p2a: Ribombee|atk|1
|turn|1
|
|t:|1757845210
|move|p2a: Ribombee|Stun Spore|p1a: Real G
|-status|p1a: Real G|par
|move|p1a: Real G|Stun Spore|p2a: Ribombee|[miss]
|-miss|p1a: Real G|p2a: Ribombee
|
|upkeep
|turn|2
|
|t:|1757845214
|move|p2a: Ribombee|Psychic Noise|p1a: Real G
|-damage|p1a: Real G|78/100 par
|-start|p1a: Real G|move: Heal Block
|move|p1a: Real G|Stun Spore|p2a: Ribombee
|-status|p2a: Ribombee|par
|
|upkeep
|turn|3
|
|t:|1757845219
|move|p2a: Ribombee|Sticky Web|p1a: Real G
|-sidestart|p1: Obito 2001|move: Sticky Web
|move|p1a: Real G|Sticky Web|p2a: Ribombee
|-sidestart|p2: sdgkjshdkf|move: Sticky Web
|
|-end|p1a: Real G|move: Heal Block
|upkeep
|turn|4
|
|t:|1757845224
|move|p2a: Ribombee|Psychic Noise|p1a: Real G
|-damage|p1a: Real G|55/100 par
|-start|p1a: Real G|move: Heal Block
|move|p1a: Real G|Ice Beam|p2a: Ribombee
|-crit|p2a: Ribombee
|-damage|p2a: Ribombee|43/100 par
|
|upkeep
|turn|5
|
|t:|1757845230
|cant|p2a: Ribombee|par
|cant|p1a: Real G|par
|
|-end|p1a: Real G|move: Heal Block
|upkeep
|turn|6
|
|t:|1757845232
|cant|p2a: Ribombee|par
|move|p1a: Real G|Ice Beam|p2a: Ribombee
|-damage|p2a: Ribombee|4/100 par
|
|upkeep
|turn|7
|
|t:|1757845234
|move|p2a: Ribombee|Psychic Noise|p1a: Real G
|-damage|p1a: Real G|30/100 par
|-start|p1a: Real G|move: Heal Block
|move|p1a: Real G|Ice Beam|p2a: Ribombee
|-damage|p2a: Ribombee|0 fnt
|faint|p2a: Ribombee
|
|upkeep
|j| favfav
|inactive|sdgkjshdkf has 120 seconds left.
|j| amimec
|
|t:|1757845271
|switch|p2a: Kingambit|Kingambit, F|100/100
|-activate|p2a: Kingambit|move: Sticky Web
|-unboost|p2a: Kingambit|spe|1
|-ability|p2a: Kingambit|Defiant|boost
|-boost|p2a: Kingambit|atk|2
|turn|8
|
|t:|1757845275
|move|p2a: Kingambit|Iron Head|p1a: Real G
|-damage|p1a: Real G|0 fnt
|faint|p1a: Real G
|
|upkeep
|
|t:|1757845280
|switch|p1a: Mega Donphan|Great Tusk|100/100
|turn|9
|
|t:|1757845289
|switch|p2a: Ceruledge|Ceruledge, M|100/100
|-activate|p2a: Ceruledge|move: Sticky Web
|-unboost|p2a: Ceruledge|spe|1
|move|p1a: Mega Donphan|Stealth Rock|p2a: Ceruledge
|-sidestart|p2: sdgkjshdkf|move: Stealth Rock
|
|upkeep
|turn|10
|
|t:|1757845300
|move|p1a: Mega Donphan|Headlong Rush|p2a: Ceruledge
|-supereffective|p2a: Ceruledge
|-enditem|p2a: Ceruledge|Focus Sash
|-damage|p2a: Ceruledge|1/100
|-unboost|p1a: Mega Donphan|def|1
|-unboost|p1a: Mega Donphan|spd|1
|-ability|p2a: Ceruledge|Weak Armor|boost
|-unboost|p2a: Ceruledge|def|1
|-boost|p2a: Ceruledge|spe|2
|move|p2a: Ceruledge|Swords Dance|p2a: Ceruledge
|-boost|p2a: Ceruledge|atk|2
|
|upkeep
|turn|11
|
|t:|1757845304
|-end|p1a: Mega Donphan|Protosynthesis|[silent]
|switch|p1a: Momo Hirai|Alomomola, F|100/100
|-activate|p1a: Momo Hirai|move: Sticky Web
|-unboost|p1a: Momo Hirai|spe|1
|move|p2a: Ceruledge|Poltergeist|p1a: Momo Hirai
|-activate|p1a: Momo Hirai|move: Poltergeist|Red Card
|-damage|p1a: Momo Hirai|26/100
|-enditem|p1a: Momo Hirai|Red Card|[of] p2a: Ceruledge
|drag|p2a: Dragonite|Dragonite, F|100/100
|
|upkeep
|turn|12
|
|t:|1757845315
|switch|p2a: Ceruledge|Ceruledge, M|1/100
|-activate|p2a: Ceruledge|move: Sticky Web
|-unboost|p2a: Ceruledge|spe|1
|-damage|p2a: Ceruledge|0 fnt|[from] Stealth Rock
|faint|p2a: Ceruledge
|move|p1a: Momo Hirai|Flip Turn|p2: Ceruledge|[notarget]
|-fail|p1a: Momo Hirai
|
|upkeep
|
|t:|1757845317
|switch|p2a: Great Tusk|Great Tusk|100/100
|-activate|p2a: Great Tusk|move: Sticky Web
|-unboost|p2a: Great Tusk|spe|1
|-damage|p2a: Great Tusk|98/100|[from] Stealth Rock
|-enditem|p2a: Great Tusk|Booster Energy
|-activate|p2a: Great Tusk|ability: Protosynthesis|[fromitem]
|-start|p2a: Great Tusk|protosynthesisatk
|turn|13
|
|t:|1757845326
|move|p2a: Great Tusk|Bulk Up|p2a: Great Tusk
|-boost|p2a: Great Tusk|atk|1
|-boost|p2a: Great Tusk|def|1
|move|p1a: Momo Hirai|Flip Turn|p2a: Great Tusk
|-supereffective|p2a: Great Tusk
|-damage|p2a: Great Tusk|85/100
|j| Jey2
|
|t:|1757845328
|switch|p1a: Hi stallers|Gholdengo|100/100|[from] Flip Turn
|-activate|p1a: Hi stallers|move: Sticky Web
|-unboost|p1a: Hi stallers|spe|1
|
|upkeep
|turn|14
|
|t:|1757845335
|switch|p1a: Ban me I'm uber|Gliscor, M|100/100
|move|p2a: Great Tusk|Headlong Rush|p1a: Ban me I'm uber
|-immune|p1a: Ban me I'm uber
|
|-status|p1a: Ban me I'm uber|tox|[from] item: Toxic Orb
|upkeep
|turn|15
|j| wgw2333
|
|t:|1757845347
|-terastallize|p1a: Ban me I'm uber|Ghost
|move|p1a: Ban me I'm uber|Fling|p2a: Great Tusk
|-resisted|p2a: Great Tusk
|-damage|p2a: Great Tusk|83/100
|-status|p2a: Great Tusk|tox
|-enditem|p1a: Ban me I'm uber|Toxic Orb|[from] move: Fling
|move|p2a: Great Tusk|Rapid Spin|p1a: Ban me I'm uber
|-immune|p1a: Ban me I'm uber
|
|-damage|p2a: Great Tusk|77/100 tox|[from] psn
|upkeep
|turn|16
|
|t:|1757845357
|switch|p1a: Momo Hirai|Alomomola, F|59/100
|-activate|p1a: Momo Hirai|move: Sticky Web
|-unboost|p1a: Momo Hirai|spe|1
|move|p2a: Great Tusk|Ice Spinner|p1a: Momo Hirai
|-resisted|p1a: Momo Hirai
|-damage|p1a: Momo Hirai|45/100
|
|-damage|p2a: Great Tusk|65/100 tox|[from] psn
|upkeep
|turn|17
|
|t:|1757845367
|move|p1a: Momo Hirai|Protect|p1a: Momo Hirai
|-singleturn|p1a: Momo Hirai|Protect
|move|p2a: Great Tusk|Headlong Rush|p1a: Momo Hirai
|-activate|p1a: Momo Hirai|move: Protect
|
|-damage|p2a: Great Tusk|46/100 tox|[from] psn
|upkeep
|turn|18
|
|t:|1757845373
|switch|p1a: Masterpiece|Sinistcha-Masterpiece|100/100
|move|p2a: Great Tusk|Headlong Rush|p1a: Masterpiece
|-resisted|p1a: Masterpiece
|-damage|p1a: Masterpiece|62/100
|-unboost|p2a: Great Tusk|def|1
|-unboost|p2a: Great Tusk|spd|1
|
|-damage|p2a: Great Tusk|21/100 tox|[from] psn
|upkeep
|turn|19
|
|t:|1757845379
|move|p2a: Great Tusk|Ice Spinner|p1a: Masterpiece
|-supereffective|p1a: Masterpiece
|-crit|p1a: Masterpiece
|-damage|p1a: Masterpiece|0 fnt
|faint|p1a: Masterpiece
|
|-damage|p2a: Great Tusk|0 fnt|[from] psn
|faint|p2a: Great Tusk
|-end|p2a: Great Tusk|Protosynthesis|[silent]
|upkeep
|
|t:|1757845402
|switch|p2a: Gholdengo|Gholdengo|100/100
|switch|p1a: Mega Donphan|Great Tusk|100/100
|-damage|p2a: Gholdengo|94/100|[from] Stealth Rock
|-item|p2a: Gholdengo|Air Balloon
|turn|20
|
|t:|1757845408
|-end|p1a: Mega Donphan|Protosynthesis|[silent]
|switch|p1a: Momo Hirai|Alomomola, F|78/100
|-activate|p1a: Momo Hirai|move: Sticky Web
|-unboost|p1a: Momo Hirai|spe|1
|move|p2a: Gholdengo|Dazzling Gleam|p1a: Momo Hirai
|-damage|p1a: Momo Hirai|55/100
|
|upkeep
|turn|21
|
|t:|1757845414
|move|p2a: Gholdengo|Nasty Plot|p2a: Gholdengo
|-boost|p2a: Gholdengo|spa|2
|move|p1a: Momo Hirai|Flip Turn|p2a: Gholdengo
|-damage|p2a: Gholdengo|77/100
|-enditem|p2a: Gholdengo|Air Balloon
|
|t:|1757845415
|switch|p1a: Mega Donphan|Great Tusk|100/100|[from] Flip Turn
|
|upkeep
|turn|22
|
|t:|1757845422
|-terastallize|p2a: Gholdengo|Fairy
|move|p1a: Mega Donphan|Headlong Rush|p2a: Gholdengo
|-damage|p2a: Gholdengo|0 fnt
|-unboost|p1a: Mega Donphan|def|1
|-unboost|p1a: Mega Donphan|spd|1
|faint|p2a: Gholdengo
|
|upkeep
|-message|sdgkjshdkf forfeited.
|
|win|Obito 2001
|raw|Obito 2001's rating: 1691 &rarr; <strong>1709</strong><br />(+18 for winning)
|raw|sdgkjshdkf's rating: 1650 &rarr; <strong>1632</strong><br />(-18 for losing)
|l|☆sdgkjshdkf
|player|p2|
|l|☆Obito 2001
|player|p1|
|l| favfav
|l| babyshark974
|l| wgw2333
|l| Ctannn
|l| amimec
