|j|☆Danielcollins15
|j|☆palapapop
|t:|1757862595
|gametype|singles
|player|p1|Danielcollins15|fisherman-gen4|
|player|p2|palapapop|benga|
|gen|9
|tier|[Gen 9] OU
|rated|Tournament battle
|rule|HP Percentage Mod: HP is shown in percentages
|rule|Endless Battle Clause: Forcing endless battles is banned
|rule|Species Clause: Limit one of each Pokémon
|rule|OHKO Clause: OHKO moves are banned
|rule|Evasion Items Clause: Evasion items are banned
|rule|Evasion Moves Clause: Evasion moves are banned
|rule|Evasion Abilities Clause: Evasion abilities are banned
|rule|Sleep Moves Clause: Sleep-inducing moves are banned
|raw|<div class="infobox"><details class="readmore"><summary><strong>16 custom rules:</strong></summary> +nonexistent, !obtainable, +fluttermane, -zamazenta, +chienpao, +magearna, +annihilape, +archaludon, +chiyu, +gougingfire, +ironbundle, +roaringmoon, +sneasler, +ogerponhearthflame, +urshifu, +urshifurapidstrike</details></div>
|clearpoke
|poke|p1|Metagross|
|poke|p1|Suicune|
|poke|p1|Greninja-*, M|
|poke|p1|Lucario, M|
|poke|p1|Garchomp, M|
|poke|p1|Venusaur, M|
|poke|p2|Magearna|
|poke|p2|Volcanion|
|poke|p2|Flutter Mane|
|poke|p2|Clodsire|
|poke|p2|Garchomp|
|poke|p2|Dragapult|
|teampreview
|j|@Giga㋛Chandelure-☂
|c|☆palapapop|hf
|j| burning showman
|
|t:|1757862604
|teamsize|p1|6
|teamsize|p2|6
|start
|switch|p1a: Garchomp|Garchomp, M, shiny|100/100
|switch|p2a: Dragapult|Dragapult|100/100
|turn|1
|c|☆Danielcollins15|Gl
|
|t:|1757862619
|-terastallize|p1a: Garchomp|Ground
|move|p2a: Dragapult|Sticky Web|p1a: Garchomp
|-sidestart|p1: Danielcollins15|move: Sticky Web
|move|p1a: Garchomp|Outrage|p2a: Dragapult
|-supereffective|p2a: Dragapult
|-enditem|p2a: Dragapult|Focus Sash
|-damage|p2a: Dragapult|1/100
|-damage|p1a: Garchomp|91/100|[from] item: Life Orb
|
|upkeep
|turn|2
|
|t:|1757862630
|switch|p2a: Magearna|Magearna|100/100
|move|p1a: Garchomp|Outrage|p2a: Magearna|[from] lockedmove
|-immune|p2a: Magearna
|-start|p1a: Garchomp|confusion|[fatigue]
|
|upkeep
|turn|3
|
|t:|1757862640
|-activate|p1a: Garchomp|confusion
|move|p1a: Garchomp|Earthquake|p2a: Magearna
|-immune|p2a: Magearna|[from] ability: Levitate
|move|p2a: Magearna|Shift Gear|p2a: Magearna
|-boost|p2a: Magearna|spe|2
|-boost|p2a: Magearna|atk|1
|
|upkeep
|turn|4
|
|t:|1757862648
|move|p2a: Magearna|Calm Mind|p2a: Magearna
|-boost|p2a: Magearna|spa|1
|-boost|p2a: Magearna|spd|1
|-activate|p1a: Garchomp|confusion
|-damage|p1a: Garchomp|77/100|[from] confusion
|
|upkeep
|turn|5
|
|t:|1757862653
|move|p2a: Magearna|Fleur Cannon|p1a: Garchomp
|-damage|p1a: Garchomp|0 fnt
|-unboost|p2a: Magearna|spa|2
|faint|p1a: Garchomp
|
|upkeep
|
|t:|1757862657
|switch|p1a: Suicune|Suicune, shiny|100/100
|-activate|p1a: Suicune|move: Sticky Web
|-unboost|p1a: Suicune|spe|1
|turn|6
|
|t:|1757862663
|switch|p2a: Clodsire|Clodsire|100/100
|move|p1a: Suicune|Hydro Pump|p2a: Clodsire
|-immune|p2a: Clodsire|[from] ability: Water Absorb
|
|upkeep
|turn|7
|
|t:|1757862668
|move|p1a: Suicune|Blizzard|p2a: Clodsire
|-supereffective|p2a: Clodsire
|-damage|p2a: Clodsire|76/100
|move|p2a: Clodsire|Flip Turn|p1a: Suicune
|-resisted|p1a: Suicune
|-damage|p1a: Suicune|97/100
|
|t:|1757862674
|switch|p2a: Volcanion|Volcanion|100/100|[from] Flip Turn
|
|-heal|p1a: Suicune|100/100|[from] item: Leftovers
|upkeep
|turn|8
|
|t:|1757862677
|move|p2a: Volcanion|Substitute|p2a: Volcanion
|-start|p2a: Volcanion|Substitute
|-damage|p2a: Volcanion|75/100
|move|p1a: Suicune|Calm Mind|p1a: Suicune
|-boost|p1a: Suicune|spa|1
|-boost|p1a: Suicune|spd|1
|
|upkeep
|turn|9
|j| Aeroxy31
|
|t:|1757862685
|switch|p2a: Clodsire|Clodsire|76/100
|move|p1a: Suicune|Calm Mind|p1a: Suicune
|-boost|p1a: Suicune|spa|1
|-boost|p1a: Suicune|spd|1
|
|-heal|p2a: Clodsire|82/100|[from] item: Black Sludge
|upkeep
|turn|10
|
|t:|1757862698
|move|p1a: Suicune|Blizzard|p2a: Clodsire
|-supereffective|p2a: Clodsire
|-damage|p2a: Clodsire|32/100
|-status|p2a: Clodsire|frz
|-curestatus|p2a: Clodsire|frz|[msg]
|move|p2a: Clodsire|Toxic|p1a: Suicune
|-status|p1a: Suicune|tox
|
|-heal|p2a: Clodsire|38/100|[from] item: Black Sludge
|-damage|p1a: Suicune|94/100 tox|[from] psn
|upkeep
|turn|11
|
|t:|1757862708
|switch|p2a: Magearna|Magearna|100/100
|move|p1a: Suicune|Blizzard|p2a: Magearna|[miss]
|-miss|p1a: Suicune|p2a: Magearna
|
|-heal|p1a: Suicune|100/100 tox|[from] item: Leftovers
|-damage|p1a: Suicune|88/100 tox|[from] psn
|upkeep
|turn|12
|
|t:|1757862718
|switch|p2a: Clodsire|Clodsire|38/100
|move|p1a: Suicune|Hydro Pump|p2a: Clodsire
|-heal|p2a: Clodsire|63/100|[from] ability: Water Absorb|[of] p1a: Suicune
|
|-heal|p1a: Suicune|94/100 tox|[from] item: Leftovers
|-heal|p2a: Clodsire|70/100|[from] item: Black Sludge
|-damage|p1a: Suicune|76/100 tox|[from] psn
|upkeep
|turn|13
|
|t:|1757862733
|move|p1a: Suicune|Hydro Pump|p2a: Clodsire
|-heal|p2a: Clodsire|95/100|[from] ability: Water Absorb|[of] p1a: Suicune
|move|p2a: Clodsire|Recover|p2a: Clodsire
|-heal|p2a: Clodsire|100/100
|
|-heal|p1a: Suicune|82/100 tox|[from] item: Leftovers
|-damage|p1a: Suicune|57/100 tox|[from] psn
|upkeep
|turn|14
|
|t:|1757862744
|move|p1a: Suicune|Blizzard|p2a: Clodsire
|-supereffective|p2a: Clodsire
|-damage|p2a: Clodsire|47/100
|move|p2a: Clodsire|Flip Turn|p1a: Suicune
|-resisted|p1a: Suicune
|-damage|p1a: Suicune|54/100 tox
|
|t:|1757862751
|switch|p2a: Flutter Mane|Flutter Mane|100/100|[from] Flip Turn
|
|-heal|p1a: Suicune|60/100 tox|[from] item: Leftovers
|-damage|p1a: Suicune|29/100 tox|[from] psn
|upkeep
|turn|15
|
|t:|1757862754
|move|p2a: Flutter Mane|Quiver Dance|p2a: Flutter Mane
|-boost|p2a: Flutter Mane|spa|1
|-boost|p2a: Flutter Mane|spd|1
|-boost|p2a: Flutter Mane|spe|1
|move|p1a: Suicune|Blizzard|p2a: Flutter Mane
|-damage|p2a: Flutter Mane|71/100
|
|-heal|p1a: Suicune|35/100 tox|[from] item: Leftovers
|-damage|p1a: Suicune|0 fnt|[from] psn
|faint|p1a: Suicune
|upkeep
|
|t:|1757862785
|switch|p1a: Greninja|Greninja, M, shiny|100/100
|-activate|p1a: Greninja|move: Sticky Web
|-unboost|p1a: Greninja|spe|1
|turn|16
|
|t:|1757862809
|move|p2a: Flutter Mane|Shadow Ball|p1a: Greninja
|-resisted|p1a: Greninja
|-damage|p1a: Greninja|42/100
|move|p1a: Greninja|Dark Pulse|p2a: Flutter Mane
|-start|p1a: Greninja|typechange|Dark|[from] ability: Protean
|-damage|p2a: Flutter Mane|46/100
|
|upkeep
|turn|17
|
|t:|1757862817
|move|p2a: Flutter Mane|Shadow Ball|p1a: Greninja
|-resisted|p1a: Greninja
|-damage|p1a: Greninja|0 fnt
|faint|p1a: Greninja
|
|upkeep
|
|t:|1757862819
|switch|p1a: Metagross|Metagross, shiny|100/100
|-item|p1a: Metagross|Air Balloon
|turn|18
|
|t:|1757862825
|move|p2a: Flutter Mane|Strength Sap|p1a: Metagross
|-fail|p1a: Metagross|unboost|[from] ability: Clear Body|[of] p1a: Metagross
|-heal|p2a: Flutter Mane|100/100
|move|p1a: Metagross|Expanding Force|p2a: Flutter Mane
|-damage|p2a: Flutter Mane|82/100
|
|upkeep
|turn|19
|
|t:|1757862832
|move|p2a: Flutter Mane|Shadow Ball|p1a: Metagross
|-supereffective|p1a: Metagross
|-damage|p1a: Metagross|0 fnt
|-enditem|p1a: Metagross|Air Balloon
|faint|p1a: Metagross
|
|upkeep
|
|t:|1757862849
|switch|p1a: Venusaur|Venusaur, M, shiny|100/100
|turn|20
|
|t:|1757862859
|move|p2a: Flutter Mane|Shadow Ball|p1a: Venusaur
|-damage|p1a: Venusaur|36/100
|move|p1a: Venusaur|Poison Jab|p2a: Flutter Mane
|-damage|p2a: Flutter Mane|36/100
|
|upkeep
|turn|21
|
|t:|1757862869
|move|p2a: Flutter Mane|Shadow Ball|p1a: Venusaur
|-damage|p1a: Venusaur|0 fnt
|faint|p1a: Venusaur
|
|upkeep
|l| Aeroxy31
|
|t:|1757862886
|switch|p1a: Lucario|Lucario, M, shiny|100/100
|-activate|p1a: Lucario|move: Sticky Web
|-unboost|p1a: Lucario|spe|1
|turn|22
|
|t:|1757862892
|move|p2a: Flutter Mane|Shadow Ball|p1a: Lucario
|-damage|p1a: Lucario|0 fnt
|faint|p1a: Lucario
|
|win|palapapop
|n|☆Danielcollins15|danielcollins15
|n|☆palapapop|palapapop
|n| Giga㋛Chandelure-☂|gigachandelure
|n| burning showman|burningshowman
|c|☆palapapop|gg
|l|☆palapapop
|player|p2|
|l|☆Danielcollins15
|player|p1|
|j| Uber45
|l| Uber45
|l| burning showman
|j| sulfura152
|l| sulfura152
|j| truc12345
