|badge|p1|bronze|gen9randombattle|100-6
|uhtml|medal-msg|<div class="broadcast-blue">Curious what those medals under the avatar are? PS now has Ladder Seasons! For more information, check out the <a href="https://www.smogon.com/forums/threads/3740067/">thread on Smogon.</a></div>
|j|☆larp legion
|j|☆sdgkjshdkf
|t:|1757805609
|gametype|singles
|player|p1|larp legion|clown|1601
|player|p2|sdgkjshdkf|102|1712
|gen|9
|tier|[Gen 9] OU
|rated|
|rule|HP Percentage Mod: HP is shown in percentages
|rule|Endless Battle Clause: Forcing endless battles is banned
|rule|Species Clause: Limit one of each Pokémon
|rule|OHKO Clause: OHKO moves are banned
|rule|Evasion Items Clause: Evasion items are banned
|rule|Evasion Moves Clause: Evasion moves are banned
|rule|Evasion Abilities Clause: Evasion abilities are banned
|rule|Sleep Moves Clause: Sleep-inducing moves are banned
|clearpoke
|poke|p1|Walking Wake|
|poke|p1|Sinistcha|
|poke|p1|Volcanion|
|poke|p1|Slowbro, M|
|poke|p1|Coalossal, M|
|poke|p1|Emboar, M|
|poke|p2|Ribombee, M|
|poke|p2|Gholdengo|
|poke|p2|Dragonite, F|
|poke|p2|Ceruledge, M|
|poke|p2|Great Tusk|
|poke|p2|Iron Valiant|
|teampreview
|inactive|Battle timer is ON: inactive players will automatically lose when time's up. (requested by larp legion)
|
|t:|1757805623
|teamsize|p1|6
|teamsize|p2|6
|start
|switch|p1a: Coalossal|Coalossal, M|100/100
|switch|p2a: Ribombee|Ribombee, M|100/100
|turn|1
|
|t:|1757805629
|move|p2a: Ribombee|Sticky Web|p1a: Coalossal
|-sidestart|p1: larp legion|move: Sticky Web
|move|p1a: Coalossal|Overheat|p2a: Ribombee
|-supereffective|p2a: Ribombee
|-enditem|p2a: Ribombee|Focus Sash
|-damage|p2a: Ribombee|1/100
|-unboost|p1a: Coalossal|spa|2
|
|upkeep
|turn|2
|
|t:|1757805631
|move|p2a: Ribombee|Stun Spore|p1a: Coalossal
|-status|p1a: Coalossal|par
|move|p1a: Coalossal|Stealth Rock|p2a: Ribombee
|-sidestart|p2: sdgkjshdkf|move: Stealth Rock
|
|upkeep
|turn|3
|
|t:|1757805634
|switch|p2a: Ceruledge|Ceruledge, M|100/100
|-damage|p2a: Ceruledge|76/100|[from] Stealth Rock
|move|p1a: Coalossal|Rapid Spin|p2a: Ceruledge
|-immune|p2a: Ceruledge
|
|upkeep
|turn|4
|c|☆larp legion|btw
|c|☆larp legion|the only reason
|
|t:|1757805639
|switch|p1a: Walking Wake|Walking Wake|100/100
|-activate|p1a: Walking Wake|move: Sticky Web
|-unboost|p1a: Walking Wake|spe|1
|move|p2a: Ceruledge|Poltergeist|p1a: Walking Wake
|-activate|p1a: Walking Wake|move: Poltergeist|Choice Scarf
|-damage|p1a: Walking Wake|36/100
|
|upkeep
|turn|5
|c|☆larp legion|this team has wins
|c|☆larp legion|is the aura of the medal
|c|☆larp legion|scaring all the opps
|c|☆sdgkjshdkf|haha
|c|☆larp legion|... last game was an honest win
|c|☆larp legion|this game is a horrendous first 3 turns
|c|☆sdgkjshdkf|i was just checking out the medal XD
|c|☆larp legion|LOL
|inactive|sdgkjshdkf has 120 seconds left.
|c|☆larp legion|yeah rands is a fun tier
|c|☆sdgkjshdkf|actually a former friend of mine
|c|☆sdgkjshdkf|is 1st lol
|c|☆sdgkjshdkf|tr hurricane
|c|☆larp legion|o cool
|c|☆larp legion|oh goated
|inactive|sdgkjshdkf has 90 seconds left.
|
|t:|1757805702
|move|p1a: Walking Wake|Scald|p2a: Ceruledge
|-supereffective|p2a: Ceruledge
|-damage|p2a: Ceruledge|0 fnt
|faint|p2a: Ceruledge
|
|upkeep
|inactive|sdgkjshdkf has 90 seconds left.
|j| ChillingCents
|c|☆sdgkjshdkf|ye idk he suddenly basically stopped talking to me idk
|l| ChillingCents
|c|☆sdgkjshdkf|like was super closed up
|c|☆larp legion|ah strange
|inactive|sdgkjshdkf has 60 seconds left.
|
|t:|1757805739
|switch|p2a: Iron Valiant|Iron Valiant|100/100
|-damage|p2a: Iron Valiant|94/100|[from] Stealth Rock
|-enditem|p2a: Iron Valiant|Booster Energy
|-activate|p2a: Iron Valiant|ability: Quark Drive|[fromitem]
|-start|p2a: Iron Valiant|quarkdrivespe
|turn|6
|inactive|sdgkjshdkf has 60 seconds left.
|c|☆larp legion|rands ladder gods require sacrifices
|c|☆sdgkjshdkf|but ye at the time he was only playing ubers
|c|☆sdgkjshdkf|like 0 random ladder
|
|t:|1757805771
|-end|p1a: Walking Wake|Protosynthesis|[silent]
|switch|p1a: Slowbro|Slowbro, M|100/100
|-activate|p1a: Slowbro|move: Sticky Web
|-unboost|p1a: Slowbro|spe|1
|move|p2a: Iron Valiant|Moonblast|p1a: Slowbro
|-damage|p1a: Slowbro|55/100
|
|upkeep
|turn|7
|
|t:|1757805785
|switch|p1a: Volcanion|Volcanion|100/100
|-activate|p1a: Volcanion|move: Sticky Web
|-unboost|p1a: Volcanion|spe|1
|move|p2a: Iron Valiant|Calm Mind|p2a: Iron Valiant
|-boost|p2a: Iron Valiant|spa|1
|-boost|p2a: Iron Valiant|spd|1
|
|upkeep
|turn|8
|c|☆sdgkjshdkf|i mean i am fine with him not talking to me , but was kinda weird
|
|t:|1757805811
|move|p2a: Iron Valiant|Shadow Ball|p1a: Volcanion
|-damage|p1a: Volcanion|74/100
|move|p1a: Volcanion|Sludge Bomb|p2a: Iron Valiant
|-supereffective|p2a: Iron Valiant
|-damage|p2a: Iron Valiant|11/100
|
|upkeep
|turn|9
|
|t:|1757805818
|move|p2a: Iron Valiant|Encore|p1a: Volcanion
|-start|p1a: Volcanion|Encore
|move|p1a: Volcanion|Sludge Bomb|p2a: Iron Valiant
|-supereffective|p2a: Iron Valiant
|-crit|p2a: Iron Valiant
|-damage|p2a: Iron Valiant|0 fnt
|faint|p2a: Iron Valiant
|-end|p2a: Iron Valiant|Quark Drive|[silent]
|
|upkeep
|
|t:|1757805829
|switch|p2a: Gholdengo|Gholdengo|100/100
|-damage|p2a: Gholdengo|94/100|[from] Stealth Rock
|-item|p2a: Gholdengo|Air Balloon
|turn|10
|
|t:|1757805833
|switch|p1a: Emboar|Emboar, M|100/100
|-activate|p1a: Emboar|move: Sticky Web
|-unboost|p1a: Emboar|spe|1
|move|p2a: Gholdengo|Nasty Plot|p2a: Gholdengo
|-boost|p2a: Gholdengo|spa|2
|
|upkeep
|turn|11
|
|t:|1757805837
|switch|p2a: Ribombee|Ribombee, M|1/100
|-damage|p2a: Ribombee|0 fnt|[from] Stealth Rock
|faint|p2a: Ribombee
|move|p1a: Emboar|Flare Blitz|p2: Ribombee|[notarget]
|-fail|p1a: Emboar
|
|upkeep
|
|t:|1757805839
|switch|p2a: Great Tusk|Great Tusk|100/100
|-damage|p2a: Great Tusk|98/100|[from] Stealth Rock
|turn|12
|
|t:|1757805843
|switch|p1a: Sinistcha|Sinistcha|100/100
|-activate|p1a: Sinistcha|move: Sticky Web
|-unboost|p1a: Sinistcha|spe|1
|move|p2a: Great Tusk|Stealth Rock|p1a: Sinistcha
|-sidestart|p1: larp legion|move: Stealth Rock
|
|-heal|p2a: Great Tusk|100/100|[from] item: Leftovers
|upkeep
|turn|13
|
|t:|1757805847
|move|p2a: Great Tusk|Knock Off|p1a: Sinistcha
|-supereffective|p1a: Sinistcha
|-damage|p1a: Sinistcha|46/100
|-enditem|p1a: Sinistcha|Leftovers|[from] move: Knock Off|[of] p2a: Great Tusk
|move|p1a: Sinistcha|Giga Drain|p2a: Great Tusk
|-supereffective|p2a: Great Tusk
|-damage|p2a: Great Tusk|0 fnt
|-heal|p1a: Sinistcha|100/100|[from] drain|[of] p2a: Great Tusk
|faint|p2a: Great Tusk
|-end|p2a: Great Tusk|Protosynthesis|[silent]
|
|upkeep
|
|t:|1757805853
|switch|p2a: Gholdengo|Gholdengo|94/100
|-damage|p2a: Gholdengo|88/100|[from] Stealth Rock
|-item|p2a: Gholdengo|Air Balloon
|turn|14
|
|t:|1757805856
|switch|p1a: Emboar|Emboar, M|100/100
|-activate|p1a: Emboar|move: Sticky Web
|-unboost|p1a: Emboar|spe|1
|-damage|p1a: Emboar|88/100|[from] Stealth Rock
|move|p2a: Gholdengo|Shadow Ball|p1a: Emboar
|-damage|p1a: Emboar|61/100
|
|upkeep
|turn|15
|
|t:|1757805862
|move|p2a: Gholdengo|Psyshock|p1a: Emboar
|-supereffective|p1a: Emboar
|-damage|p1a: Emboar|0 fnt
|faint|p1a: Emboar
|
|upkeep
|
|t:|1757805867
|switch|p1a: Volcanion|Volcanion|74/100
|-activate|p1a: Volcanion|move: Sticky Web
|-unboost|p1a: Volcanion|spe|1
|-damage|p1a: Volcanion|49/100|[from] Stealth Rock
|turn|16
|
|t:|1757805873
|move|p2a: Gholdengo|Shadow Ball|p1a: Volcanion
|-damage|p1a: Volcanion|17/100
|move|p1a: Volcanion|Flamethrower|p2a: Gholdengo
|-supereffective|p2a: Gholdengo
|-damage|p2a: Gholdengo|0 fnt
|-enditem|p2a: Gholdengo|Air Balloon
|faint|p2a: Gholdengo
|
|upkeep
|
|t:|1757805876
|switch|p2a: Dragonite|Dragonite, F|100/100
|turn|17
|
|t:|1757805880
|move|p2a: Dragonite|Dragon Dance|p2a: Dragonite
|-boost|p2a: Dragonite|atk|1
|-boost|p2a: Dragonite|spe|1
|move|p1a: Volcanion|Steam Eruption|p2a: Dragonite
|-resisted|p2a: Dragonite
|-damage|p2a: Dragonite|86/100
|
|upkeep
|turn|18
|
|t:|1757805884
|move|p2a: Dragonite|Dragon Dance|p2a: Dragonite
|-boost|p2a: Dragonite|atk|1
|-boost|p2a: Dragonite|spe|1
|move|p1a: Volcanion|Steam Eruption|p2a: Dragonite
|-resisted|p2a: Dragonite
|-damage|p2a: Dragonite|59/100
|
|upkeep
|turn|19
|
|t:|1757805886
|move|p2a: Dragonite|Roost|p2a: Dragonite
|-heal|p2a: Dragonite|100/100
|-singleturn|p2a: Dragonite|move: Roost
|move|p1a: Volcanion|Steam Eruption|p2a: Dragonite|[miss]
|-miss|p1a: Volcanion|p2a: Dragonite
|
|upkeep
|turn|20
|
|t:|1757805892
|move|p2a: Dragonite|Dragon Dance|p2a: Dragonite
|-boost|p2a: Dragonite|atk|1
|-boost|p2a: Dragonite|spe|1
|move|p1a: Volcanion|Steam Eruption|p2a: Dragonite
|-resisted|p2a: Dragonite
|-damage|p2a: Dragonite|87/100
|-status|p2a: Dragonite|brn
|
|-damage|p2a: Dragonite|81/100 brn|[from] brn
|upkeep
|turn|21
|
|t:|1757805897
|switch|p1a: Slowbro|Slowbro, M|89/100
|-activate|p1a: Slowbro|move: Sticky Web
|-unboost|p1a: Slowbro|spe|1
|-damage|p1a: Slowbro|76/100|[from] Stealth Rock
|move|p2a: Dragonite|Dragon Dance|p2a: Dragonite
|-boost|p2a: Dragonite|atk|1
|-boost|p2a: Dragonite|spe|1
|
|-damage|p2a: Dragonite|75/100 brn|[from] brn
|upkeep
|turn|22
|
|t:|1757805900
|move|p2a: Dragonite|Dragon Dance|p2a: Dragonite
|-boost|p2a: Dragonite|atk|1
|-boost|p2a: Dragonite|spe|1
|move|p1a: Slowbro|Foul Play|p2a: Dragonite
|-damage|p2a: Dragonite|0 fnt
|faint|p2a: Dragonite
|
|win|larp legion
|raw|larp legion's rating: 1601 &rarr; <strong>1627</strong><br />(+26 for winning)
|raw|sdgkjshdkf's rating: 1712 &rarr; <strong>1686</strong><br />(-26 for losing)
|c|☆larp legion|gg
|c|☆sdgkjshdkf|haha
