|j|☆worsttraner
|j|☆MLS_Traindesu
|t:|1757801975
|gametype|singles
|player|p1|worsttraner|102|1080
|player|p2|MLS_Traindesu|acetrainer-gen4|1040
|gen|9
|tier|[Gen 9] OU
|rated|
|rule|HP Percentage Mod: HP is shown in percentages
|rule|Endless Battle Clause: Forcing endless battles is banned
|rule|Species Clause: Limit one of each Pokémon
|rule|OHKO Clause: OHKO moves are banned
|rule|Evasion Items Clause: Evasion items are banned
|rule|Evasion Moves Clause: Evasion moves are banned
|rule|Evasion Abilities Clause: Evasion abilities are banned
|rule|Sleep Moves Clause: Sleep-inducing moves are banned
|clearpoke
|poke|p1|Great Tusk|
|poke|p1|Zapdos|
|poke|p1|Meowscarada, F|
|poke|p1|Kingambit, F|
|poke|p1|Dragapult, F|
|poke|p1|Clefable, F|
|poke|p2|Zamazenta-*|
|poke|p2|Ninetales-Alola, M|
|poke|p2|Darkrai|
|poke|p2|Ceruledge, M|
|poke|p2|Gliscor, M|
|poke|p2|Hatterene, F|
|teampreview
|inactive|Battle timer is ON: inactive players will automatically lose when time's up. (requested by worsttraner)
|
|t:|1757801998
|teamsize|p1|6
|teamsize|p2|6
|start
|switch|p1a: Dragapult|Dragapult, F|100/100
|switch|p2a: Ninetales|Ninetales-Alola, M|100/100
|-weather|Snowscape|[from] ability: Snow Warning|[of] p2a: Ninetales
|turn|1
|
|t:|1757802003
|move|p1a: Dragapult|Substitute|p1a: Dragapult
|-start|p1a: Dragapult|Substitute
|-damage|p1a: Dragapult|76/100
|move|p2a: Ninetales|Aurora Veil|p2a: Ninetales
|-sidestart|p2: MLS_Traindesu|move: Aurora Veil
|
|-weather|Snowscape|[upkeep]
|-heal|p1a: Dragapult|82/100|[from] item: Leftovers
|upkeep
|turn|2
|
|t:|1757802006
|move|p1a: Dragapult|Thunder Wave|p2a: Ninetales
|-status|p2a: Ninetales|par
|move|p2a: Ninetales|Freeze-Dry|p1a: Dragapult
|-supereffective|p1a: Dragapult
|-end|p1a: Dragapult|Substitute
|
|-weather|Snowscape|[upkeep]
|-heal|p1a: Dragapult|88/100|[from] item: Leftovers
|upkeep
|turn|3
|
|t:|1757802017
|switch|p2a: Hatterene|Hatterene, F|100/100
|move|p1a: Dragapult|Substitute|p1a: Dragapult
|-start|p1a: Dragapult|Substitute
|-damage|p1a: Dragapult|63/100
|
|-weather|Snowscape|[upkeep]
|-heal|p1a: Dragapult|69/100|[from] item: Leftovers
|upkeep
|turn|4
|
|t:|1757802024
|-terastallize|p1a: Dragapult|Ghost
|move|p1a: Dragapult|Hex|p2a: Hatterene
|-supereffective|p2a: Hatterene
|-crit|p2a: Hatterene
|-damage|p2a: Hatterene|0 fnt
|faint|p2a: Hatterene
|
|-weather|Snowscape|[upkeep]
|-heal|p1a: Dragapult|75/100|[from] item: Leftovers
|upkeep
|
|t:|1757802047
|switch|p2a: Zamazenta|Zamazenta|100/100
|-ability|p2a: Zamazenta|Dauntless Shield|boost
|-boost|p2a: Zamazenta|def|1
|turn|5
|
|t:|1757802051
|move|p1a: Dragapult|Thunder Wave|p2a: Zamazenta
|-status|p2a: Zamazenta|par
|move|p2a: Zamazenta|Crunch|p1a: Dragapult
|-supereffective|p1a: Dragapult
|-end|p1a: Dragapult|Substitute
|
|-weather|none
|-heal|p1a: Dragapult|81/100|[from] item: Leftovers
|upkeep
|turn|6
|
|t:|1757802058
|move|p1a: Dragapult|Substitute|p1a: Dragapult
|-start|p1a: Dragapult|Substitute
|-damage|p1a: Dragapult|56/100
|cant|p2a: Zamazenta|par
|
|-heal|p1a: Dragapult|62/100|[from] item: Leftovers
|upkeep
|turn|7
|
|t:|1757802065
|move|p1a: Dragapult|Hex|p2a: Zamazenta
|-damage|p2a: Zamazenta|30/100 par
|move|p2a: Zamazenta|Crunch|p1a: Dragapult
|-supereffective|p1a: Dragapult
|-end|p1a: Dragapult|Substitute
|
|-heal|p1a: Dragapult|68/100|[from] item: Leftovers
|upkeep
|turn|8
|inactive|MLS_Traindesu has 120 seconds left.
|
|t:|1757802095
|switch|p2a: Darkrai|Darkrai|100/100
|move|p1a: Dragapult|Hex|p2a: Darkrai
|-resisted|p2a: Darkrai
|-damage|p2a: Darkrai|76/100
|
|-heal|p1a: Dragapult|74/100|[from] item: Leftovers
|-heal|p2a: Darkrai|82/100|[from] item: Leftovers
|-sideend|p2: MLS_Traindesu|move: Aurora Veil
|upkeep
|turn|9
|
|t:|1757802115
|switch|p1a: Great Tusk|Great Tusk|100/100
|move|p2a: Darkrai|Dark Pulse|p1a: Great Tusk
|-resisted|p1a: Great Tusk
|-damage|p1a: Great Tusk|70/100
|
|-heal|p2a: Darkrai|88/100|[from] item: Leftovers
|upkeep
|turn|10
|
|t:|1757802128
|switch|p2a: Ceruledge|Ceruledge, M|100/100
|move|p1a: Great Tusk|Rapid Spin|p2a: Ceruledge
|-immune|p2a: Ceruledge
|
|upkeep
|turn|11
|
|t:|1757802140
|-terastallize|p2a: Ceruledge|Bug
|move|p1a: Great Tusk|Headlong Rush|p2a: Ceruledge
|-resisted|p2a: Ceruledge
|-damage|p2a: Ceruledge|68/100
|-unboost|p1a: Great Tusk|def|1
|-unboost|p1a: Great Tusk|spd|1
|move|p2a: Ceruledge|Taunt|p1a: Great Tusk
|-start|p1a: Great Tusk|move: Taunt
|
|upkeep
|turn|12
|
|t:|1757802146
|move|p1a: Great Tusk|Temper Flare|p2a: Ceruledge
|-start|p2a: Ceruledge|ability: Flash Fire
|move|p2a: Ceruledge|Bulk Up|p2a: Ceruledge
|-boost|p2a: Ceruledge|atk|1
|-boost|p2a: Ceruledge|def|1
|
|upkeep
|turn|13
|
|t:|1757802169
|-end|p1a: Great Tusk|Protosynthesis|[silent]
|switch|p1a: Zapdos|Zapdos|100/100
|move|p2a: Ceruledge|Bulk Up|p2a: Ceruledge
|-boost|p2a: Ceruledge|atk|1
|-boost|p2a: Ceruledge|def|1
|
|upkeep
|turn|14
|
|t:|1757802175
|move|p2a: Ceruledge|Shadow Sneak|p1a: Zapdos
|-damage|p1a: Zapdos|68/100
|move|p1a: Zapdos|Hurricane|p2a: Ceruledge
|-supereffective|p2a: Ceruledge
|-damage|p2a: Ceruledge|0 fnt
|faint|p2a: Ceruledge
|
|upkeep
|
|t:|1757802198
|switch|p2a: Gliscor|Gliscor, M|100/100
|turn|15
|
|t:|1757802211
|move|p1a: Zapdos|Roost|p1a: Zapdos
|-heal|p1a: Zapdos|100/100
|-singleturn|p1a: Zapdos|move: Roost
|move|p2a: Gliscor|Agility|p2a: Gliscor
|-boost|p2a: Gliscor|spe|2
|
|-status|p2a: Gliscor|tox|[from] item: Toxic Orb
|upkeep
|turn|16
|
|t:|1757802217
|switch|p1a: Great Tusk|Great Tusk|70/100
|move|p2a: Gliscor|Swords Dance|p2a: Gliscor
|-boost|p2a: Gliscor|atk|2
|
|upkeep
|turn|17
|
|t:|1757802228
|move|p2a: Gliscor|Facade|p1a: Great Tusk
|-crit|p1a: Great Tusk
|-damage|p1a: Great Tusk|0 fnt
|faint|p1a: Great Tusk
|-end|p1a: Great Tusk|Protosynthesis|[silent]
|
|upkeep
|
|t:|1757802232
|switch|p1a: Dragapult|Dragapult, F, tera:Ghost|74/100
|turn|18
|
|t:|1757802236
|move|p2a: Gliscor|Earthquake|p1a: Dragapult
|-damage|p1a: Dragapult|0 fnt
|faint|p1a: Dragapult
|
|upkeep
|-message|worsttraner forfeited.
|
|win|MLS_Traindesu
|raw|worsttraner's rating: 1080 &rarr; <strong>1055</strong><br />(-25 for losing)
|raw|MLS_Traindesu's rating: 1040 &rarr; <strong>1078</strong><br />(+38 for winning)
|l|☆worsttraner
|player|p1|
