|j|☆potayo
|j|☆evilbryanjohnson
|t:|1757871641
|gametype|singles
|player|p1|potayo|2|1634
|player|p2|evilbryanjohnson|101|1626
|gen|9
|tier|[Gen 9] OU
|rated|
|rule|HP Percentage Mod: HP is shown in percentages
|rule|Endless Battle Clause: Forcing endless battles is banned
|rule|Species Clause: Limit one of each Pokémon
|rule|OHKO Clause: OHKO moves are banned
|rule|Evasion Items Clause: Evasion items are banned
|rule|Evasion Moves Clause: Evasion moves are banned
|rule|Evasion Abilities Clause: Evasion abilities are banned
|rule|Sleep Moves Clause: Sleep-inducing moves are banned
|clearpoke
|poke|p1|Mimikyu, M|
|poke|p1|Cresselia, F|
|poke|p1|Hatterene, F|
|poke|p1|Hoopa-Unbound|
|poke|p1|Rabsca, M|
|poke|p1|Kingambit, F|
|poke|p2|Kyurem|
|poke|p2|Great Tusk|
|poke|p2|Dragapult, M|
|poke|p2|Cinderace, M|
|poke|p2|Alomomola, M|
|poke|p2|Hydrapple, F|
|teampreview
|
|t:|1757871688
|teamsize|p1|6
|teamsize|p2|6
|start
|switch|p1a: Kingambit|Kingambit, F|100/100
|switch|p2a: Cinderace|Cinderace, M|100/100
|turn|1
|
|t:|1757871720
|move|p2a: Cinderace|Pyro Ball|p1a: Kingambit
|-supereffective|p1a: Kingambit
|-damage|p1a: Kingambit|29/100
|move|p1a: Kingambit|Kowtow Cleave|p2a: Cinderace
|-damage|p2a: Cinderace|3/100
|
|upkeep
|turn|2
|
|t:|1757871724
|-end|p1a: Kingambit|fallenundefined|[silent]
|switch|p1a: Cresselia|Cresselia, F|100/100
|move|p2a: Cinderace|Will-O-Wisp|p1a: Cresselia
|-status|p1a: Cresselia|brn
|
|-damage|p1a: Cresselia|94/100 brn|[from] brn
|upkeep
|turn|3
|
|t:|1757871734
|move|p2a: Cinderace|U-turn|p1a: Cresselia
|-supereffective|p1a: Cresselia
|-damage|p1a: Cresselia|74/100 brn
|-damage|p2a: Cinderace|0 fnt|[from] item: Rocky Helmet|[of] p1a: Cresselia
|faint|p2a: Cinderace
|move|p1a: Cresselia|Trick Room|p1a: Cresselia
|-fieldstart|move: Trick Room|[of] p1a: Cresselia
|
|-damage|p1a: Cresselia|68/100 brn|[from] brn
|upkeep
|
|t:|1757871749
|switch|p2a: Hydrapple|Hydrapple, F|100/100
|turn|4
|
|t:|1757871770
|switch|p1a: Hoopa|Hoopa-Unbound|100/100
|move|p2a: Hydrapple|Leaf Storm|p1a: Hoopa
|-damage|p1a: Hoopa|59/100
|-unboost|p2a: Hydrapple|spa|2
|
|upkeep
|turn|5
|inactive|Battle timer is ON: inactive players will automatically lose when time's up. (requested by evilbryanjohnson)
|
|t:|1757871783
|switch|p2a: Alomomola|Alomomola, M|100/100
|move|p1a: Hoopa|Psychic Noise|p2a: Alomomola
|-damage|p2a: Alomomola|51/100
|-start|p2a: Alomomola|move: Heal Block
|
|upkeep
|turn|6
|
|t:|1757871796
|move|p2a: Alomomola|Flip Turn|p1a: Hoopa
|-damage|p1a: Hoopa|32/100
|-enditem|p1a: Hoopa|Sitrus Berry|[eat]
|-heal|p1a: Hoopa|57/100|[from] item: Sitrus Berry
|
|t:|1757871800
|switch|p2a: Kyurem|Kyurem|100/100|[from] Flip Turn
|-ability|p2a: Kyurem|Pressure
|move|p1a: Hoopa|Psychic Noise|p2a: Kyurem
|-damage|p2a: Kyurem|72/100
|-start|p2a: Kyurem|move: Heal Block
|-item|p1a: Hoopa|Leftovers|[from] ability: Magician|[of] p2a: Kyurem
|
|-heal|p1a: Hoopa|63/100|[from] item: Leftovers
|upkeep
|turn|7
|inactive|potayo has 120 seconds left.
|
|t:|1757871834
|switch|p1a: Hatterene|Hatterene, F|100/100
|move|p2a: Kyurem|Icicle Spear|p1a: Hatterene
|-crit|p1a: Hatterene
|-damage|p1a: Hatterene|86/100
|-damage|p1a: Hatterene|77/100
|-damage|p1a: Hatterene|67/100
|-crit|p1a: Hatterene
|-damage|p1a: Hatterene|54/100
|-hitcount|p1a: Hatterene|4
|
|-end|p2a: Kyurem|move: Heal Block
|-fieldend|move: Trick Room
|upkeep
|turn|8
|inactive|potayo has 120 seconds left.
|
|t:|1757871853
|move|p2a: Kyurem|Substitute|p2a: Kyurem
|-start|p2a: Kyurem|Substitute
|-damage|p2a: Kyurem|47/100
|move|p1a: Hatterene|Trick Room|p1a: Hatterene
|-fieldstart|move: Trick Room|[of] p1a: Hatterene
|
|upkeep
|turn|9
|
|t:|1757871856
|move|p1a: Hatterene|Psychic Noise|p2a: Kyurem
|-damage|p2a: Kyurem|23/100
|-start|p2a: Kyurem|move: Heal Block
|move|p2a: Kyurem|Icicle Spear|p1a: Hatterene
|-damage|p1a: Hatterene|45/100
|-damage|p1a: Hatterene|35/100
|-damage|p1a: Hatterene|25/100
|-hitcount|p1a: Hatterene|3
|
|upkeep
|turn|10
|inactive|potayo has 120 seconds left.
|
|t:|1757871878
|move|p2a: Kyurem|Protect|p2a: Kyurem
|-singleturn|p2a: Kyurem|Protect
|move|p1a: Hatterene|Draining Kiss|p2a: Kyurem
|-activate|p2a: Kyurem|move: Protect
|
|-end|p2a: Kyurem|move: Heal Block
|upkeep
|turn|11
|
|t:|1757871884
|move|p2a: Kyurem|Protect||[still]
|-fail|p2a: Kyurem
|move|p1a: Hatterene|Psychic Noise|p2a: Kyurem
|-damage|p2a: Kyurem|0 fnt
|faint|p2a: Kyurem
|
|upkeep
|
|t:|1757871888
|switch|p2a: Hydrapple|Hydrapple, F|100/100
|turn|12
|inactive|potayo has 120 seconds left.
|
|t:|1757871917
|move|p1a: Hatterene|Draining Kiss|p2a: Hydrapple
|-supereffective|p2a: Hydrapple
|-damage|p2a: Hydrapple|69/100
|-heal|p1a: Hatterene|56/100|[from] drain|[of] p2a: Hydrapple
|move|p2a: Hydrapple|Giga Drain|p1a: Hatterene
|-damage|p1a: Hatterene|11/100
|-heal|p2a: Hydrapple|86/100|[from] drain|[of] p1a: Hatterene
|
|-fieldend|move: Trick Room
|upkeep
|turn|13
|inactive|potayo has 120 seconds left.
|
|t:|1757871925
|switch|p1a: Hoopa|Hoopa-Unbound|63/100
|move|p2a: Hydrapple|Giga Drain|p1a: Hoopa
|-damage|p1a: Hoopa|39/100
|-heal|p2a: Hydrapple|97/100|[from] drain|[of] p1a: Hoopa
|
|-heal|p1a: Hoopa|45/100|[from] item: Leftovers
|upkeep
|turn|14
|inactive|potayo has 120 seconds left.
|j| sharoomba
|l| sharoomba
|
|t:|1757871949
|move|p1a: Hoopa|Psychic Noise|p2a: Hydrapple
|-damage|p2a: Hydrapple|70/100
|-start|p2a: Hydrapple|move: Heal Block
|move|p2a: Hydrapple|Fickle Beam|p1a: Hoopa|[anim] Fickle Beam All Out
|-activate|p2a: Hydrapple|move: Fickle Beam
|-damage|p1a: Hoopa|0 fnt
|faint|p1a: Hoopa
|
|upkeep
|
|t:|1757871965
|switch|p1a: Kingambit|Kingambit, F|29/100
|-activate|p1a: Kingambit|ability: Supreme Overlord
|-start|p1a: Kingambit|fallen1|[silent]
|turn|15
|inactive|evilbryanjohnson has 120 seconds left.
|
|t:|1757872008
|move|p1a: Kingambit|Kowtow Cleave|p2a: Hydrapple
|-damage|p2a: Hydrapple|12/100
|move|p2a: Hydrapple|Earth Power|p1a: Kingambit
|-supereffective|p1a: Kingambit
|-damage|p1a: Kingambit|0 fnt
|faint|p1a: Kingambit
|-end|p1a: Kingambit|fallen1|[silent]
|
|-end|p2a: Hydrapple|move: Heal Block
|upkeep
|
|t:|1757872026
|switch|p1a: Rabsca|Rabsca, M|100/100
|turn|16
|
|t:|1757872041
|move|p2a: Hydrapple|Fickle Beam|p1a: Rabsca|[anim] Fickle Beam All Out
|-activate|p2a: Hydrapple|move: Fickle Beam
|-damage|p1a: Rabsca|12/100
|move|p1a: Rabsca|Revival Blessing|p1a: Rabsca
|-enditem|p1a: Rabsca|Leppa Berry|[eat]
|-activate|p1a: Rabsca|item: Leppa Berry|Revival Blessing|[consumed]
|
|t:|1757872048
|-heal|p1: Hoopa|50/100|[from] move: Revival Blessing
|
|upkeep
|turn|17
|
|t:|1757872059
|move|p2a: Hydrapple|Giga Drain|p1a: Rabsca
|-resisted|p1a: Rabsca
|-damage|p1a: Rabsca|0 fnt
|-heal|p2a: Hydrapple|17/100|[from] drain|[of] p1a: Rabsca
|faint|p1a: Rabsca
|
|upkeep
|
|t:|1757872061
|switch|p1a: Hoopa|Hoopa-Unbound|50/100
|turn|18
|
|t:|1757872072
|switch|p2a: Alomomola|Alomomola, M|84/100
|move|p1a: Hoopa|Hyperspace Fury|p2a: Alomomola
|-damage|p2a: Alomomola|54/100
|-unboost|p1a: Hoopa|def|1
|
|-heal|p1a: Hoopa|57/100|[from] item: Leftovers
|upkeep
|turn|19
|inactive|potayo has 120 seconds left.
|
|t:|1757872078
|switch|p1a: Cresselia|Cresselia, F|68/100 brn
|move|p2a: Alomomola|Flip Turn|p1a: Cresselia
|-damage|p1a: Cresselia|60/100 brn
|-damage|p2a: Alomomola|38/100|[from] item: Rocky Helmet|[of] p1a: Cresselia
|
|t:|1757872083
|switch|p2a: Dragapult|Dragapult, M|100/100|[from] Flip Turn
|
|-damage|p1a: Cresselia|54/100 brn|[from] brn
|upkeep
|turn|20
|inactive|potayo has 120 seconds left.
|
|t:|1757872107
|switch|p1a: Mimikyu|Mimikyu, M|100/100
|move|p2a: Dragapult|Hex|p1a: Mimikyu
|-activate|p1a: Mimikyu|ability: Disguise
|-damage|p1a: Mimikyu|100/100
|detailschange|p1a: Mimikyu|Mimikyu-Busted, M
|-damage|p1a: Mimikyu|88/100|[from] pokemon: Mimikyu-Busted
|-enditem|p1a: Mimikyu|Red Card|[of] p2a: Dragapult
|drag|p2a: Hydrapple|Hydrapple, F|50/100
|
|upkeep
|turn|21
|inactive|potayo has 120 seconds left.
|
|t:|1757872121
|move|p1a: Mimikyu|Will-O-Wisp|p2a: Hydrapple|[miss]
|-miss|p1a: Mimikyu|p2a: Hydrapple
|move|p2a: Hydrapple|Leaf Storm|p1a: Mimikyu
|-damage|p1a: Mimikyu|11/100
|-unboost|p2a: Hydrapple|spa|2
|
|upkeep
|turn|22
|
|t:|1757872126
|move|p1a: Mimikyu|Destiny Bond|p1a: Mimikyu
|-singlemove|p1a: Mimikyu|Destiny Bond
|move|p2a: Hydrapple|Giga Drain|p1a: Mimikyu
|-damage|p1a: Mimikyu|0 fnt
|-heal|p2a: Hydrapple|54/100|[from] drain|[of] p1a: Mimikyu
|faint|p1a: Mimikyu
|-activate|p1a: Mimikyu|move: Destiny Bond
|faint|p2a: Hydrapple
|
|upkeep
|inactive|potayo has 120 seconds left.
|
|t:|1757872154
|switch|p1a: Hoopa|Hoopa-Unbound|57/100
|switch|p2a: Dragapult|Dragapult, M|100/100
|turn|23
|
|t:|1757872160
|move|p2a: Dragapult|U-turn|p1a: Hoopa
|-supereffective|p1a: Hoopa
|-damage|p1a: Hoopa|0 fnt
|faint|p1a: Hoopa
|
|t:|1757872163
|switch|p2a: Great Tusk|Great Tusk|100/100|[from] U-turn
|
|upkeep
|
|t:|1757872167
|switch|p1a: Cresselia|Cresselia, F|54/100 brn
|turn|24
|
|t:|1757872171
|move|p2a: Great Tusk|Knock Off|p1a: Cresselia
|-supereffective|p1a: Cresselia
|-damage|p1a: Cresselia|17/100 brn
|-damage|p2a: Great Tusk|84/100|[from] item: Rocky Helmet|[of] p1a: Cresselia
|-enditem|p1a: Cresselia|Rocky Helmet|[from] move: Knock Off|[of] p2a: Great Tusk
|move|p1a: Cresselia|Trick Room|p1a: Cresselia
|-fieldstart|move: Trick Room|[of] p1a: Cresselia
|
|-damage|p1a: Cresselia|11/100 brn|[from] brn
|upkeep
|turn|25
|
|t:|1757872180
|move|p1a: Cresselia|Lunar Dance|p1a: Cresselia
|faint|p1a: Cresselia
|move|p2a: Great Tusk|Headlong Rush|p1: Cresselia|[notarget]
|-fail|p2a: Great Tusk
|
|upkeep
|
|t:|1757872183
|switch|p1a: Hatterene|Hatterene, F|11/100
|-heal|p1a: Hatterene|100/100|[from] move: Lunar Dance
|turn|26
|
|t:|1757872195
|-terastallize|p2a: Great Tusk|Steel
|move|p1a: Hatterene|Psychic Noise|p2a: Great Tusk
|-resisted|p2a: Great Tusk
|-damage|p2a: Great Tusk|61/100
|-start|p2a: Great Tusk|move: Heal Block
|move|p2a: Great Tusk|Headlong Rush|p1a: Hatterene
|-damage|p1a: Hatterene|48/100
|-unboost|p2a: Great Tusk|def|1
|-unboost|p2a: Great Tusk|spd|1
|
|upkeep
|turn|27
|
|t:|1757872203
|-terastallize|p1a: Hatterene|Fairy
|move|p1a: Hatterene|Draining Kiss|p2a: Great Tusk
|-resisted|p2a: Great Tusk
|-damage|p2a: Great Tusk|19/100
|-heal|p1a: Hatterene|85/100|[from] drain|[of] p2a: Great Tusk
|move|p2a: Great Tusk|Headlong Rush|p1a: Hatterene
|-damage|p1a: Hatterene|38/100
|-unboost|p2a: Great Tusk|def|1
|-unboost|p2a: Great Tusk|spd|1
|
|-end|p2a: Great Tusk|move: Heal Block
|upkeep
|turn|28
|
|t:|1757872214
|-end|p2a: Great Tusk|Protosynthesis|[silent]
|switch|p2a: Alomomola|Alomomola, M|71/100
|move|p1a: Hatterene|Draining Kiss|p2a: Alomomola
|-damage|p2a: Alomomola|31/100
|-heal|p1a: Hatterene|88/100|[from] drain|[of] p2a: Alomomola
|
|-fieldend|move: Trick Room
|upkeep
|turn|29
|
|t:|1757872224
|move|p2a: Alomomola|Scald|p1a: Hatterene
|-damage|p1a: Hatterene|73/100
|move|p1a: Hatterene|Trick Room|p1a: Hatterene
|-fieldstart|move: Trick Room|[of] p1a: Hatterene
|
|upkeep
|turn|30
|
|t:|1757872228
|move|p1a: Hatterene|Draining Kiss|p2a: Alomomola
|-damage|p2a: Alomomola|0 fnt
|-heal|p1a: Hatterene|100/100|[from] drain|[of] p2a: Alomomola
|faint|p2a: Alomomola
|
|upkeep
|-message|evilbryanjohnson forfeited.
|
|win|potayo
|raw|potayo's rating: 1634 &rarr; <strong>1653</strong><br />(+19 for winning)
|raw|evilbryanjohnson's rating: 1609 &rarr; <strong>1590</strong><br />(-19 for losing)
|l|☆evilbryanjohnson
|player|p2|
|l|☆potayo
|player|p1|
