|badge|p2|bronze|gen9ru|100-6
|uhtml|medal-msg|<div class="broadcast-blue">Curious what those medals under the avatar are? PS now has Ladder Seasons! For more information, check out the <a href="https://www.smogon.com/forums/threads/3740067/">thread on Smogon.</a></div>
|j|☆charjabugfan
|j|‽malk tyme
|t:|1757948511
|gametype|singles
|player|p1|charjabugfan|170|1539
|player|p2|malk tyme|265|1480
|gen|9
|tier|[Gen 9] OU
|rated|
|rule|HP Percentage Mod: HP is shown in percentages
|rule|Endless Battle Clause: Forcing endless battles is banned
|rule|Species Clause: Limit one of each Pokémon
|rule|OHKO Clause: OHKO moves are banned
|rule|Evasion Items Clause: Evasion items are banned
|rule|Evasion Moves Clause: Evasion moves are banned
|rule|Evasion Abilities Clause: Evasion abilities are banned
|rule|Sleep Moves Clause: Sleep-inducing moves are banned
|clearpoke
|poke|p1|Kyurem|
|poke|p1|Landorus-Therian, M|
|poke|p1|Hatterene, F|
|poke|p1|Iron Moth|
|poke|p1|Kingambit, F|
|poke|p1|Zamazenta-*|
|poke|p2|Blaziken, F|
|poke|p2|Salamence, M|
|poke|p2|Dondozo, M|
|poke|p2|Meloetta|
|poke|p2|Iron Treads|
|poke|p2|Veluza, F|
|teampreview
|inactive|Battle timer is ON: inactive players will automatically lose when time's up. (requested by charjabugfan)
|
|t:|1757948516
|teamsize|p1|6
|teamsize|p2|6
|start
|switch|p1a: Landorus|Landorus-Therian, M|100/100
|switch|p2a: Veluza|Veluza, F|100/100
|-ability|p1a: Landorus|Intimidate|boost
|-unboost|p2a: Veluza|atk|1
|turn|1
|inactive|malk tyme has 120 seconds left.
|
|t:|1757948548
|move|p2a: Veluza|Final Gambit|p1a: Landorus
|-damage|p1a: Landorus|0 fnt
|faint|p2a: Veluza
|faint|p1a: Landorus
|
|upkeep
|inactive|malk tyme has 120 seconds left.
|inactive|charjabugfan has 120 seconds left.
|
|t:|1757948570
|switch|p1a: Kingambit|Kingambit, F|100/100
|switch|p2a: Meloetta|Meloetta|100/100
|-activate|p1a: Kingambit|ability: Supreme Overlord
|-start|p1a: Kingambit|fallen1|[silent]
|turn|2
|inactive|malk tyme has 120 seconds left.
|
|t:|1757948576
|switch|p2a: Dondozo|Dondozo, M|100/100
|move|p1a: Kingambit|Swords Dance|p1a: Kingambit
|-boost|p1a: Kingambit|atk|2
|
|upkeep
|turn|3
|
|t:|1757948580
|move|p1a: Kingambit|Kowtow Cleave|p2a: Dondozo
|-damage|p2a: Dondozo|65/100
|move|p2a: Dondozo|Curse|p2a: Dondozo
|-unboost|p2a: Dondozo|spe|1
|-boost|p2a: Dondozo|atk|1
|-boost|p2a: Dondozo|def|1
|
|-heal|p2a: Dondozo|71/100|[from] item: Leftovers
|upkeep
|turn|4
|
|t:|1757948585
|-end|p1a: Kingambit|fallen1|[silent]
|switch|p1a: Hatterene|Hatterene, F|100/100
|move|p2a: Dondozo|Wave Crash|p1a: Hatterene
|-damage|p1a: Hatterene|51/100
|-damage|p2a: Dondozo|61/100|[from] Recoil
|
|-heal|p2a: Dondozo|67/100|[from] item: Leftovers
|upkeep
|turn|5
|
|t:|1757948593
|move|p1a: Hatterene|Psychic Noise|p2a: Dondozo
|-damage|p2a: Dondozo|44/100
|-start|p2a: Dondozo|move: Heal Block
|move|p2a: Dondozo|Wave Crash|p1a: Hatterene
|-damage|p1a: Hatterene|1/100
|-damage|p2a: Dondozo|34/100|[from] Recoil
|
|upkeep
|turn|6
|-enditem|p1a: Hatterene|Custap Berry|[eat]
|-activate|p1a: Hatterene|item: Custap Berry|[consumed]
|
|t:|1757948598
|move|p1a: Hatterene|Dazzling Gleam|p2a: Dondozo
|-damage|p2a: Dondozo|13/100
|move|p2a: Dondozo|Wave Crash|p1a: Hatterene
|-damage|p1a: Hatterene|0 fnt
|faint|p1a: Hatterene
|-damage|p2a: Dondozo|13/100|[from] Recoil
|
|-end|p2a: Dondozo|move: Heal Block
|upkeep
|
|t:|1757948606
|switch|p1a: Iron Moth|Iron Moth|100/100
|-enditem|p1a: Iron Moth|Booster Energy
|-activate|p1a: Iron Moth|ability: Quark Drive|[fromitem]
|-start|p1a: Iron Moth|quarkdrivespe
|turn|7
|
|t:|1757948612
|move|p1a: Iron Moth|Fiery Dance|p2a: Dondozo
|-resisted|p2a: Dondozo
|-damage|p2a: Dondozo|0 fnt
|-boost|p1a: Iron Moth|spa|1
|faint|p2a: Dondozo
|
|upkeep
|
|t:|1757948618
|switch|p2a: Meloetta|Meloetta|100/100
|turn|8
|
|t:|1757948622
|-terastallize|p1a: Iron Moth|Ghost
|move|p1a: Iron Moth|Fiery Dance|p2a: Meloetta
|-damage|p2a: Meloetta|62/100
|move|p2a: Meloetta|Trick Room|p2a: Meloetta
|-fieldstart|move: Trick Room|[of] p2a: Meloetta
|
|upkeep
|turn|9
|
|t:|1757948628
|move|p2a: Meloetta|Psychic|p1a: Iron Moth
|-damage|p1a: Iron Moth|45/100
|move|p1a: Iron Moth|Fiery Dance|p2a: Meloetta
|-damage|p2a: Meloetta|22/100
|
|upkeep
|turn|10
|
|t:|1757948634
|move|p2a: Meloetta|Psychic|p1a: Iron Moth
|-damage|p1a: Iron Moth|0 fnt
|faint|p1a: Iron Moth
|-end|p1a: Iron Moth|Quark Drive|[silent]
|
|upkeep
|
|t:|1757948638
|switch|p1a: Kingambit|Kingambit, F|100/100
|-activate|p1a: Kingambit|ability: Supreme Overlord
|-start|p1a: Kingambit|fallen3|[silent]
|turn|11
|
|t:|1757948643
|switch|p2a: Iron Treads|Iron Treads|100/100
|move|p1a: Kingambit|Kowtow Cleave|p2a: Iron Treads
|-damage|p2a: Iron Treads|46/100
|
|upkeep
|turn|12
|
|t:|1757948649
|move|p1a: Kingambit|Kowtow Cleave|p2a: Iron Treads
|-damage|p2a: Iron Treads|0 fnt
|faint|p2a: Iron Treads
|-end|p2a: Iron Treads|Quark Drive|[silent]
|
|-fieldend|move: Trick Room
|upkeep
|
|t:|1757948652
|switch|p2a: Blaziken|Blaziken, F|100/100
|turn|13
|
|t:|1757948660
|-end|p1a: Kingambit|fallen3|[silent]
|switch|p1a: Zamazenta|Zamazenta|100/100
|-ability|p1a: Zamazenta|Dauntless Shield|boost
|-boost|p1a: Zamazenta|def|1
|move|p2a: Blaziken|Swords Dance|p2a: Blaziken
|-boost|p2a: Blaziken|atk|2
|
|-ability|p2a: Blaziken|Speed Boost|boost
|-boost|p2a: Blaziken|spe|1
|upkeep
|turn|14
|
|t:|1757948666
|move|p2a: Blaziken|Swords Dance|p2a: Blaziken
|-boost|p2a: Blaziken|atk|2
|move|p1a: Zamazenta|Roar|p2a: Blaziken
|drag|p2a: Salamence|Salamence, M|100/100
|
|upkeep
|turn|15
|
|t:|1757948673
|-terastallize|p2a: Salamence|Fairy
|move|p2a: Salamence|Tera Blast|p1a: Zamazenta|[anim] Tera Blast Fairy
|-supereffective|p1a: Zamazenta
|-crit|p1a: Zamazenta
|-damage|p1a: Zamazenta|0 fnt
|faint|p1a: Zamazenta
|-ability|p2a: Salamence|Moxie|boost
|-boost|p2a: Salamence|atk|1
|
|upkeep
|
|t:|1757948678
|switch|p1a: Kingambit|Kingambit, F|100/100
|-activate|p1a: Kingambit|ability: Supreme Overlord
|-start|p1a: Kingambit|fallen4|[silent]
|turn|16
|
|t:|1757948684
|move|p2a: Salamence|Tera Blast|p1a: Kingambit|[anim] Tera Blast Fairy
|-damage|p1a: Kingambit|52/100
|move|p1a: Kingambit|Iron Head|p2a: Salamence
|-supereffective|p2a: Salamence
|-damage|p2a: Salamence|0 fnt
|faint|p2a: Salamence
|
|-heal|p1a: Kingambit|59/100|[from] item: Leftovers
|upkeep
|
|t:|1757948689
|switch|p2a: Blaziken|Blaziken, F|100/100
|turn|17
|
|t:|1757948693
|move|p2a: Blaziken|Close Combat|p1a: Kingambit
|-supereffective|p1a: Kingambit
|-damage|p1a: Kingambit|0 fnt
|-unboost|p2a: Blaziken|def|1
|-unboost|p2a: Blaziken|spd|1
|faint|p1a: Kingambit
|-end|p1a: Kingambit|fallen4|[silent]
|-damage|p2a: Blaziken|91/100|[from] item: Life Orb
|
|-ability|p2a: Blaziken|Speed Boost|boost
|-boost|p2a: Blaziken|spe|1
|upkeep
|
|t:|1757948696
|switch|p1a: Kyurem|Kyurem|100/100
|-ability|p1a: Kyurem|Pressure
|turn|18
|
|t:|1757948700
|move|p2a: Blaziken|Close Combat|p1a: Kyurem
|-supereffective|p1a: Kyurem
|-damage|p1a: Kyurem|0 fnt
|-unboost|p2a: Blaziken|def|1
|-unboost|p2a: Blaziken|spd|1
|faint|p1a: Kyurem
|-damage|p2a: Blaziken|81/100|[from] item: Life Orb
|
|win|malk tyme
|raw|charjabugfan's rating: 1539 &rarr; <strong>1516</strong><br />(-23 for losing)
|raw|malk tyme's rating: 1480 &rarr; <strong>1503</strong><br />(+23 for winning)
|l|☆charjabugfan
|player|p1|
