|j|☆luketheidiot
|j|☆baran110
|t:|1757942850
|gametype|singles
|player|p1|luketheidiot|iris-gen5bw2|1089
|player|p2|baran110|drayden|1140
|gen|9
|tier|[Gen 9] OU
|rated|
|rule|HP Percentage Mod: HP is shown in percentages
|rule|Endless Battle Clause: Forcing endless battles is banned
|rule|Species Clause: Limit one of each Pokémon
|rule|OHKO Clause: OHKO moves are banned
|rule|Evasion Items Clause: Evasion items are banned
|rule|Evasion Moves Clause: Evasion moves are banned
|rule|Evasion Abilities Clause: Evasion abilities are banned
|rule|Sleep Moves Clause: Sleep-inducing moves are banned
|clearpoke
|poke|p1|Blaziken, M|
|poke|p1|Ninetales, F|
|poke|p1|Leafeon, F|
|poke|p1|Torkoal, M|
|poke|p1|Scream Tail|
|poke|p1|Victreebel, M|
|poke|p2|Galvantula, F|
|poke|p2|Cinderace, M|
|poke|p2|Gyarados, F|
|poke|p2|Gardevoir, F|
|poke|p2|Tsareena, F|
|poke|p2|Lucario, M|
|teampreview
|inactive|Battle timer is ON: inactive players will automatically lose when time's up. (requested by luketheidiot)
|inactive|baran110 also wants the timer to be on.
|
|t:|1757942860
|teamsize|p1|6
|teamsize|p2|6
|start
|switch|p1a: Ninetales|Ninetales, F, shiny|100/100
|switch|p2a: Galvantula|Galvantula, F|100/100
|-weather|SunnyDay|[from] ability: Drought|[of] p1a: Ninetales
|turn|1
|
|t:|1757942872
|move|p2a: Galvantula|Sticky Web|p1a: Ninetales
|-sidestart|p1: luketheidiot|move: Sticky Web
|move|p1a: Ninetales|Weather Ball|p2a: Galvantula
|-supereffective|p2a: Galvantula
|-enditem|p2a: Galvantula|Focus Sash
|-damage|p2a: Galvantula|1/100
|
|-weather|SunnyDay|[upkeep]
|upkeep
|turn|2
|
|t:|1757942881
|move|p2a: Galvantula|Thunder Wave|p1a: Ninetales
|-status|p1a: Ninetales|par
|move|p1a: Ninetales|Weather Ball|p2a: Galvantula
|-supereffective|p2a: Galvantula
|-damage|p2a: Galvantula|0 fnt
|faint|p2a: Galvantula
|
|-weather|SunnyDay|[upkeep]
|upkeep
|
|t:|1757942897
|switch|p2a: Gyarados|Gyarados, F|100/100
|-ability|p2a: Gyarados|Intimidate|boost
|-unboost|p1a: Ninetales|atk|1
|turn|3
|
|t:|1757942903
|move|p2a: Gyarados|Dragon Dance|p2a: Gyarados
|-boost|p2a: Gyarados|atk|1
|-boost|p2a: Gyarados|spe|1
|move|p1a: Ninetales|Solar Beam||[still]
|-prepare|p1a: Ninetales|Solar Beam
|-anim|p1a: Ninetales|Solar Beam|p2a: Gyarados
|-damage|p2a: Gyarados|76/100
|
|-weather|SunnyDay|[upkeep]
|upkeep
|turn|4
|
|t:|1757942912
|move|p2a: Gyarados|Waterfall|p1a: Ninetales
|-supereffective|p1a: Ninetales
|-damage|p1a: Ninetales|21/100 par
|cant|p1a: Ninetales|par
|
|-weather|SunnyDay|[upkeep]
|upkeep
|turn|5
|
|t:|1757942918
|move|p2a: Gyarados|Waterfall|p1a: Ninetales
|-supereffective|p1a: Ninetales
|-damage|p1a: Ninetales|0 fnt
|faint|p1a: Ninetales
|
|-weather|SunnyDay|[upkeep]
|upkeep
|
|t:|1757942925
|switch|p1a: Torkoal|Torkoal, M, shiny|100/100
|-activate|p1a: Torkoal|move: Sticky Web
|-unboost|p1a: Torkoal|spe|1
|turn|6
|
|t:|1757942930
|move|p2a: Gyarados|Waterfall|p1a: Torkoal
|-supereffective|p1a: Torkoal
|-damage|p1a: Torkoal|65/100
|move|p1a: Torkoal|Rapid Spin|p2a: Gyarados
|-damage|p2a: Gyarados|66/100
|-boost|p1a: Torkoal|spe|1
|-sideend|p1: luketheidiot|Sticky Web|[from] move: Rapid Spin|[of] p1a: Torkoal
|
|-weather|SunnyDay|[upkeep]
|upkeep
|turn|7
|
|t:|1757942938
|move|p2a: Gyarados|Waterfall|p1a: Torkoal
|-supereffective|p1a: Torkoal
|-damage|p1a: Torkoal|30/100
|cant|p1a: Torkoal|flinch
|
|-weather|SunnyDay|[upkeep]
|upkeep
|turn|8
|
|t:|1757942943
|switch|p1a: Scream Tail|Scream Tail|100/100
|-activate|p1a: Scream Tail|ability: Protosynthesis
|-start|p1a: Scream Tail|protosynthesisspe
|move|p2a: Gyarados|Waterfall|p1a: Scream Tail
|-damage|p1a: Scream Tail|77/100
|
|-weather|none
|-end|p1a: Scream Tail|Protosynthesis
|-heal|p1a: Scream Tail|83/100|[from] item: Leftovers
|upkeep
|turn|9
|
|t:|1757942957
|move|p2a: Gyarados|Waterfall|p1a: Scream Tail
|-crit|p1a: Scream Tail
|-damage|p1a: Scream Tail|11/100
|move|p1a: Scream Tail|Wish|p1a: Scream Tail
|
|-heal|p1a: Scream Tail|17/100|[from] item: Leftovers
|upkeep
|turn|10
|
|t:|1757942968
|move|p1a: Scream Tail|Protect|p1a: Scream Tail
|-singleturn|p1a: Scream Tail|Protect
|move|p2a: Gyarados|Waterfall|p1a: Scream Tail
|-activate|p1a: Scream Tail|move: Protect
|
|-heal|p1a: Scream Tail|67/100|[from] move: Wish|[wisher] Scream Tail
|-heal|p1a: Scream Tail|74/100|[from] item: Leftovers
|upkeep
|turn|11
|
|t:|1757942980
|move|p2a: Gyarados|Waterfall|p1a: Scream Tail
|-damage|p1a: Scream Tail|28/100
|move|p1a: Scream Tail|Wish|p1a: Scream Tail
|
|-heal|p1a: Scream Tail|34/100|[from] item: Leftovers
|upkeep
|turn|12
|
|t:|1757942990
|move|p2a: Gyarados|Dragon Dance|p2a: Gyarados
|-boost|p2a: Gyarados|atk|1
|-boost|p2a: Gyarados|spe|1
|move|p1a: Scream Tail|Dazzling Gleam|p2a: Gyarados
|-damage|p2a: Gyarados|44/100
|
|-heal|p1a: Scream Tail|84/100|[from] move: Wish|[wisher] Scream Tail
|-heal|p1a: Scream Tail|90/100|[from] item: Leftovers
|upkeep
|turn|13
|
|t:|1757943003
|move|p2a: Gyarados|Waterfall|p1a: Scream Tail
|-damage|p1a: Scream Tail|24/100
|move|p1a: Scream Tail|Wish|p1a: Scream Tail
|
|-heal|p1a: Scream Tail|31/100|[from] item: Leftovers
|upkeep
|turn|14
|
|t:|1757943010
|move|p1a: Scream Tail|Protect|p1a: Scream Tail
|-singleturn|p1a: Scream Tail|Protect
|move|p2a: Gyarados|Waterfall|p1a: Scream Tail
|-activate|p1a: Scream Tail|move: Protect
|
|-heal|p1a: Scream Tail|81/100|[from] move: Wish|[wisher] Scream Tail
|-heal|p1a: Scream Tail|87/100|[from] item: Leftovers
|upkeep
|turn|15
|
|t:|1757943024
|move|p2a: Gyarados|Waterfall|p1a: Scream Tail
|-damage|p1a: Scream Tail|25/100
|move|p1a: Scream Tail|Dazzling Gleam|p2a: Gyarados
|-damage|p2a: Gyarados|20/100
|
|-heal|p1a: Scream Tail|32/100|[from] item: Leftovers
|upkeep
|turn|16
|
|t:|1757943031
|move|p2a: Gyarados|Waterfall|p1a: Scream Tail
|-damage|p1a: Scream Tail|0 fnt
|faint|p1a: Scream Tail
|-end|p1a: Scream Tail|Protosynthesis|[silent]
|
|upkeep
|
|t:|1757943033
|switch|p1a: Torkoal|Torkoal, M, shiny|30/100
|-weather|SunnyDay|[from] ability: Drought|[of] p1a: Torkoal
|turn|17
|
|t:|1757943038
|move|p2a: Gyarados|Waterfall|p1a: Torkoal
|-supereffective|p1a: Torkoal
|-damage|p1a: Torkoal|0 fnt
|faint|p1a: Torkoal
|
|-weather|SunnyDay|[upkeep]
|upkeep
|
|t:|1757943048
|switch|p1a: Leafeon|Leafeon, F, shiny|100/100
|turn|18
|
|t:|1757943051
|move|p1a: Leafeon|Solar Blade||[still]
|-prepare|p1a: Leafeon|Solar Blade
|-anim|p1a: Leafeon|Solar Blade|p2a: Gyarados
|-damage|p2a: Gyarados|0 fnt
|faint|p2a: Gyarados
|-damage|p1a: Leafeon|91/100|[from] item: Life Orb
|
|-weather|SunnyDay|[upkeep]
|upkeep
|
|t:|1757943065
|switch|p2a: Cinderace|Cinderace, M|100/100
|turn|19
|
|t:|1757943074
|move|p1a: Leafeon|Swords Dance|p1a: Leafeon
|-boost|p1a: Leafeon|atk|2
|move|p2a: Cinderace|Pyro Ball|p1a: Leafeon
|-supereffective|p1a: Leafeon
|-damage|p1a: Leafeon|0 fnt
|faint|p1a: Leafeon
|
|-weather|SunnyDay|[upkeep]
|upkeep
|
|t:|1757943076
|switch|p1a: Blaziken|Blaziken, M, shiny|100/100
|turn|20
|
|t:|1757943085
|move|p1a: Blaziken|Protect|p1a: Blaziken
|-singleturn|p1a: Blaziken|Protect
|move|p2a: Cinderace|Bounce||[still]
|-prepare|p2a: Cinderace|Bounce
|-start|p2a: Cinderace|typechange|Flying|[from] ability: Libero
|
|-weather|SunnyDay|[upkeep]
|-ability|p1a: Blaziken|Speed Boost|boost
|-boost|p1a: Blaziken|spe|1
|upkeep
|turn|21
|
|t:|1757943094
|-terastallize|p1a: Blaziken|Fire
|move|p1a: Blaziken|Swords Dance|p1a: Blaziken
|-boost|p1a: Blaziken|atk|2
|move|p2a: Cinderace|Bounce|p1a: Blaziken|[from] lockedmove
|-damage|p1a: Blaziken|44/100
|
|-weather|SunnyDay|[upkeep]
|-ability|p1a: Blaziken|Speed Boost|boost
|-boost|p1a: Blaziken|spe|1
|upkeep
|turn|22
|
|t:|1757943108
|move|p1a: Blaziken|Blaze Kick|p2a: Cinderace|[miss]
|-miss|p1a: Blaziken|p2a: Cinderace
|move|p2a: Cinderace|Bounce||[still]
|-prepare|p2a: Cinderace|Bounce
|
|-weather|SunnyDay|[upkeep]
|-ability|p1a: Blaziken|Speed Boost|boost
|-boost|p1a: Blaziken|spe|1
|upkeep
|turn|23
|
|t:|1757943115
|move|p1a: Blaziken|Protect|p1a: Blaziken
|-singleturn|p1a: Blaziken|Protect
|move|p2a: Cinderace|Bounce|p1a: Blaziken|[from] lockedmove
|-activate|p1a: Blaziken|move: Protect
|
|-weather|SunnyDay|[upkeep]
|-ability|p1a: Blaziken|Speed Boost|boost
|-boost|p1a: Blaziken|spe|1
|upkeep
|turn|24
|
|t:|1757943123
|move|p1a: Blaziken|Blaze Kick|p2a: Cinderace
|-crit|p2a: Cinderace
|-damage|p2a: Cinderace|0 fnt
|faint|p2a: Cinderace
|
|-weather|none
|-ability|p1a: Blaziken|Speed Boost|boost
|-boost|p1a: Blaziken|spe|1
|upkeep
|
|t:|1757943134
|switch|p2a: Lucario|Lucario, M|100/100
|turn|25
|
|t:|1757943144
|-terastallize|p2a: Lucario|Water
|move|p1a: Blaziken|Protect|p1a: Blaziken
|-singleturn|p1a: Blaziken|Protect
|move|p2a: Lucario|Earthquake|p1a: Blaziken
|-activate|p1a: Blaziken|move: Protect
|
|-ability|p1a: Blaziken|Speed Boost|boost
|-boost|p1a: Blaziken|spe|1
|upkeep
|turn|26
|
|t:|1757943152
|move|p1a: Blaziken|Close Combat|p2a: Lucario
|-damage|p2a: Lucario|0 fnt
|-unboost|p1a: Blaziken|def|1
|-unboost|p1a: Blaziken|spd|1
|faint|p2a: Lucario
|
|upkeep
|
|t:|1757943159
|switch|p2a: Gardevoir|Gardevoir, F|100/100
|-ability|p2a: Gardevoir|Speed Boost|Trace|[from] ability: Trace|[of] p1a: Blaziken
|turn|27
|
|t:|1757943166
|move|p1a: Blaziken|Blaze Kick|p2a: Gardevoir
|-crit|p2a: Gardevoir
|-damage|p2a: Gardevoir|0 fnt
|faint|p2a: Gardevoir
|
|upkeep
|
|t:|1757943170
|switch|p2a: Tsareena|Tsareena, F|100/100
|turn|28
|
|t:|1757943178
|move|p1a: Blaziken|Protect|p1a: Blaziken
|-singleturn|p1a: Blaziken|Protect
|move|p2a: Tsareena|Knock Off|p1a: Blaziken
|-activate|p1a: Blaziken|move: Protect
|
|upkeep
|turn|29
|
|t:|1757943183
|move|p1a: Blaziken|Blaze Kick|p2a: Tsareena
|-supereffective|p2a: Tsareena
|-crit|p2a: Tsareena
|-damage|p2a: Tsareena|0 fnt
|faint|p2a: Tsareena
|
|win|luketheidiot
|raw|luketheidiot's rating: 1089 &rarr; <strong>1120</strong><br />(+31 for winning)
|raw|baran110's rating: 1140 &rarr; <strong>1111</strong><br />(-29 for losing)
|l|☆baran110
|player|p2|
|l|☆luketheidiot
|player|p1|
