|j|☆Qishan
|j|☆giorno d law
|t:|1757832899
|gametype|singles
|player|p1|Qishan|linebacker|1349
|player|p2|giorno d law|palmer|1317
|gen|9
|tier|[Gen 9] OU
|rated|
|rule|HP Percentage Mod: HP is shown in percentages
|rule|Endless Battle Clause: Forcing endless battles is banned
|rule|Species Clause: Limit one of each Pokémon
|rule|OHKO Clause: OHKO moves are banned
|rule|Evasion Items Clause: Evasion items are banned
|rule|Evasion Moves Clause: Evasion moves are banned
|rule|Evasion Abilities Clause: Evasion abilities are banned
|rule|Sleep Moves Clause: Sleep-inducing moves are banned
|clearpoke
|poke|p1|Iron Moth|
|poke|p1|Iron Crown|
|poke|p1|Kyurem|
|poke|p1|Grimmsnarl, M|
|poke|p1|Dragonite, M|
|poke|p1|Gliscor, M|
|poke|p2|Iron Valiant|
|poke|p2|Kingambit, M|
|poke|p2|Great Tusk|
|poke|p2|Skeledirge, F|
|poke|p2|Thundurus-Therian, M|
|poke|p2|Dragapult, M|
|teampreview
|inactive|Battle timer is ON: inactive players will automatically lose when time's up. (requested by Qishan)
|
|t:|1757832911
|teamsize|p1|6
|teamsize|p2|6
|start
|switch|p1a: Grimmsnarl|Grimmsnarl, M, shiny|100/100
|switch|p2a: Kingambit|Kingambit, M|100/100
|turn|1
|
|t:|1757832930
|move|p1a: Grimmsnarl|Reflect|p1a: Grimmsnarl
|-sidestart|p1: Qishan|Reflect
|move|p2a: Kingambit|Swords Dance|p2a: Kingambit
|-boost|p2a: Kingambit|atk|2
|
|upkeep
|turn|2
|
|t:|1757832947
|switch|p1a: Iron Moth|Iron Moth, shiny|100/100
|-enditem|p1a: Iron Moth|Booster Energy
|-activate|p1a: Iron Moth|ability: Quark Drive|[fromitem]
|-start|p1a: Iron Moth|quarkdrivespe
|move|p2a: Kingambit|Iron Head|p1a: Iron Moth
|-resisted|p1a: Iron Moth
|-damage|p1a: Iron Moth|65/100
|
|upkeep
|turn|3
|
|t:|1757832962
|move|p2a: Kingambit|Sucker Punch|p1a: Iron Moth
|-damage|p1a: Iron Moth|0 fnt
|faint|p1a: Iron Moth
|-end|p1a: Iron Moth|Quark Drive|[silent]
|
|upkeep
|
|t:|1757832968
|switch|p1a: Gliscor|Gliscor, M, shiny|100/100
|turn|4
|inactive|giorno d law has 120 seconds left.
|
|t:|1757833002
|-end|p2a: Kingambit|fallenundefined|[silent]
|switch|p2a: Thundurus|Thundurus-Therian, M|100/100
|move|p1a: Gliscor|Earthquake|p2a: Thundurus
|-immune|p2a: Thundurus
|
|-status|p1a: Gliscor|tox|[from] item: Toxic Orb
|upkeep
|turn|5
|inactive|giorno d law has 120 seconds left.
|
|t:|1757833019
|switch|p1a: Grimmsnarl|Grimmsnarl, M, shiny|100/100
|-terastallize|p2a: Thundurus|Ice
|move|p2a: Thundurus|Tera Blast|p1a: Grimmsnarl|[anim] Tera Blast Ice
|-damage|p1a: Grimmsnarl|48/100
|
|upkeep
|turn|6
|inactive|giorno d law has 120 seconds left.
|
|t:|1757833028
|move|p1a: Grimmsnarl|Light Screen|p1a: Grimmsnarl
|-sidestart|p1: Qishan|move: Light Screen
|move|p2a: Thundurus|Tera Blast|p1a: Grimmsnarl|[anim] Tera Blast Ice
|-damage|p1a: Grimmsnarl|23/100
|
|upkeep
|turn|7
|
|t:|1757833035
|move|p1a: Grimmsnarl|Parting Shot|p2a: Thundurus
|-unboost|p2a: Thundurus|atk|1
|-unboost|p2a: Thundurus|spa|1
|
|t:|1757833037
|switch|p1a: Iron Crown|Iron Crown|100/100|[from] Parting Shot
|-enditem|p1a: Iron Crown|Booster Energy
|-activate|p1a: Iron Crown|ability: Quark Drive|[fromitem]
|-start|p1a: Iron Crown|quarkdrivespa
|move|p2a: Thundurus|Tera Blast|p1a: Iron Crown|[anim] Tera Blast Ice
|-resisted|p1a: Iron Crown
|-damage|p1a: Iron Crown|94/100
|
|upkeep
|turn|8
|
|t:|1757833048
|switch|p2a: Skeledirge|Skeledirge, F|100/100
|move|p1a: Iron Crown|Agility|p1a: Iron Crown
|-boost|p1a: Iron Crown|spe|2
|
|-sideend|p1: Qishan|Reflect
|upkeep
|turn|9
|-message|Qishan forfeited.
|
|win|giorno d law
|raw|Qishan's rating: 1349 &rarr; <strong>1327</strong><br />(-22 for losing)
|raw|giorno d law's rating: 1317 &rarr; <strong>1339</strong><br />(+22 for winning)
|l|☆Qishan
|player|p1|
|l|☆giorno d law
|player|p2|
