|j|☆Lisia of Lillycove
|j|☆jasonwub
|t:|1757812173
|gametype|singles
|player|p1|Lisia of Lillycove|lisia|1386
|player|p2|jasonwub|170|1320
|gen|9
|tier|[Gen 9] OU
|rated|
|rule|HP Percentage Mod: HP is shown in percentages
|rule|Endless Battle Clause: Forcing endless battles is banned
|rule|Species Clause: Limit one of each Pokémon
|rule|OHKO Clause: OHKO moves are banned
|rule|Evasion Items Clause: Evasion items are banned
|rule|Evasion Moves Clause: Evasion moves are banned
|rule|Evasion Abilities Clause: Evasion abilities are banned
|rule|Sleep Moves Clause: Sleep-inducing moves are banned
|clearpoke
|poke|p1|Gumshoos, F|
|poke|p1|Polteageist|
|poke|p1|Slowking-Galar, M|
|poke|p1|Glaceon, F|
|poke|p1|Mew|
|poke|p1|Dondozo, M|
|poke|p2|Garchomp, M|
|poke|p2|Dragapult, M|
|poke|p2|Goodra-Hisui, M|
|poke|p2|Tyranitar, F|
|poke|p2|Metagross|
|poke|p2|Kommo-o, F|
|teampreview
|c|☆Lisia of Lillycove|hf
|
|t:|1757812189
|teamsize|p1|6
|teamsize|p2|6
|start
|switch|p1a: Mew|Mew|100/100
|switch|p2a: Garchomp|Garchomp, M, shiny|100/100
|turn|1
|inactive|Battle timer is ON: inactive players will automatically lose when time's up. (requested by Lisia of Lillycove)
|c|☆jasonwub|glhf
|
|t:|1757812200
|move|p2a: Garchomp|Earthquake|p1a: Mew
|-damage|p1a: Mew|76/100
|move|p1a: Mew|Trick Room|p1a: Mew
|-fieldstart|move: Trick Room|[of] p1a: Mew
|
|upkeep
|turn|2
|
|t:|1757812204
|move|p2a: Garchomp|Stealth Rock|p1a: Mew
|-sidestart|p1: Lisia of Lillycove|move: Stealth Rock
|move|p1a: Mew|Flip Turn|p2a: Garchomp
|-damage|p2a: Garchomp|91/100
|-damage|p1a: Mew|63/100|[from] ability: Rough Skin|[of] p2a: Garchomp
|-damage|p1a: Mew|47/100|[from] item: Rocky Helmet|[of] p2a: Garchomp
|
|t:|1757812208
|switch|p1a: Yuki|Glaceon, F, shiny|100/100|[from] Flip Turn
|-damage|p1a: Yuki|76/100|[from] Stealth Rock
|
|upkeep
|turn|3
|
|t:|1757812214
|switch|p2a: Goodra|Goodra-Hisui, M, shiny|100/100
|move|p1a: Yuki|Blizzard|p2a: Goodra
|-damage|p2a: Goodra|37/100
|-status|p2a: Goodra|frz
|
|-heal|p2a: Goodra|43/100 frz|[from] item: Leftovers
|upkeep
|turn|4
|
|t:|1757812231
|switch|p2a: Metagross|Metagross, shiny|100/100
|move|p1a: Yuki|Blizzard|p2a: Metagross
|-resisted|p2a: Metagross
|-damage|p2a: Metagross|56/100
|
|upkeep
|turn|5
|
|t:|1757812238
|switch|p1a: Mew|Mew|47/100
|-damage|p1a: Mew|34/100|[from] Stealth Rock
|move|p2a: Metagross|Earthquake|p1a: Mew
|-damage|p1a: Mew|9/100
|
|-fieldend|move: Trick Room
|upkeep
|turn|6
|
|t:|1757812245
|switch|p2a: Goodra|Goodra-Hisui, M, shiny|43/100 frz
|move|p1a: Mew|Trick Room|p1a: Mew
|-fieldstart|move: Trick Room|[of] p1a: Mew
|
|-heal|p2a: Goodra|49/100 frz|[from] item: Leftovers
|upkeep
|turn|7
|
|t:|1757812250
|cant|p2a: Goodra|frz
|move|p1a: Mew|U-turn|p2a: Goodra
|-resisted|p2a: Goodra
|-damage|p2a: Goodra|43/100 frz
|-ability|p2a: Goodra|Gooey
|-unboost|p1a: Mew|spe|1
|
|t:|1757812257
|switch|p1a: Polteageist|Polteageist|100/100|[from] U-turn
|-damage|p1a: Polteageist|88/100|[from] Stealth Rock
|
|-heal|p2a: Goodra|49/100 frz|[from] item: Leftovers
|upkeep
|turn|8
|
|t:|1757812267
|move|p1a: Polteageist|Nasty Plot|p1a: Polteageist
|-boost|p1a: Polteageist|spa|2
|cant|p2a: Goodra|frz
|
|-heal|p2a: Goodra|55/100 frz|[from] item: Leftovers
|upkeep
|turn|9
|
|t:|1757812273
|move|p1a: Polteageist|Shadow Ball|p2a: Goodra
|-damage|p2a: Goodra|0 fnt
|faint|p2a: Goodra
|
|upkeep
|
|t:|1757812276
|switch|p2a: Dragapult|Dragapult, M, shiny|100/100
|turn|10
|
|t:|1757812280
|move|p1a: Polteageist|Shadow Ball|p2a: Dragapult
|-supereffective|p2a: Dragapult
|-damage|p2a: Dragapult|0 fnt
|faint|p2a: Dragapult
|
|-fieldend|move: Trick Room
|upkeep
|
|t:|1757812290
|switch|p2a: Kommo-o|Kommo-o, F, shiny|100/100
|turn|11
|
|t:|1757812297
|move|p2a: Kommo-o|Clangorous Soul|p2a: Kommo-o
|-boost|p2a: Kommo-o|atk|1
|-boost|p2a: Kommo-o|def|1
|-boost|p2a: Kommo-o|spa|1
|-boost|p2a: Kommo-o|spd|1
|-boost|p2a: Kommo-o|spe|1
|-damage|p2a: Kommo-o|68/100
|-enditem|p2a: Kommo-o|Throat Spray
|-boost|p2a: Kommo-o|spa|1|[from] item: Throat Spray
|move|p1a: Polteageist|Psyshock|p2a: Kommo-o
|-supereffective|p2a: Kommo-o
|-damage|p2a: Kommo-o|0 fnt
|faint|p2a: Kommo-o
|
|upkeep
|
|t:|1757812299
|switch|p2a: Garchomp|Garchomp, M, shiny|91/100
|turn|12
|-message|jasonwub forfeited.
|
|win|Lisia of Lillycove
|raw|Lisia of Lillycove's rating: 1386 &rarr; <strong>1402</strong><br />(+16 for winning)
|raw|jasonwub's rating: 1320 &rarr; <strong>1304</strong><br />(-16 for losing)
|l|☆jasonwub
|player|p2|
|l|☆Lisia of Lillycove
|player|p1|
