|j|☆kfqqfj
|j|☆Mreda
|t:|1757887414
|gametype|singles
|player|p1|kfqqfj|li|1398
|player|p2|Mreda|steven|1448
|gen|9
|tier|[Gen 9] OU
|rated|
|rule|HP Percentage Mod: HP is shown in percentages
|rule|Endless Battle Clause: Forcing endless battles is banned
|rule|Species Clause: Limit one of each Pokémon
|rule|OHKO Clause: OHKO moves are banned
|rule|Evasion Items Clause: Evasion items are banned
|rule|Evasion Moves Clause: Evasion moves are banned
|rule|Evasion Abilities Clause: Evasion abilities are banned
|rule|Sleep Moves Clause: Sleep-inducing moves are banned
|clearpoke
|poke|p1|Dragonite, F|
|poke|p1|Zamazenta-*|
|poke|p1|Landorus-Therian, M|
|poke|p1|Gholdengo|
|poke|p1|Darkrai|
|poke|p1|Hatterene, F|
|poke|p2|Kommo-o, M|
|poke|p2|Zapdos|
|poke|p2|Slowking-Galar, M|
|poke|p2|Gholdengo|
|poke|p2|Great Tusk|
|poke|p2|Meowscarada, M|
|teampreview
|
|t:|1757887439
|teamsize|p1|6
|teamsize|p2|6
|start
|switch|p1a: Dragonite|Dragonite, F|100/100
|switch|p2a: Thor|Zapdos|100/100
|turn|1
|
|t:|1757887446
|switch|p1a: Landorus|Landorus-Therian, M|100/100
|-ability|p1a: Landorus|Intimidate|boost
|-unboost|p2a: Thor|atk|1
|move|p2a: Thor|Volt Switch|p1a: Landorus
|-immune|p1a: Landorus
|
|upkeep
|turn|2
|
|t:|1757887457
|move|p1a: Landorus|Stealth Rock|p2a: Thor
|-sidestart|p2: Mreda|move: Stealth Rock
|move|p2a: Thor|Hurricane|p1a: Landorus
|-damage|p1a: Landorus|57/100
|
|upkeep
|turn|3
|
|t:|1757887472
|move|p1a: Landorus|U-turn|p2a: Thor
|-resisted|p2a: Thor
|-damage|p2a: Thor|92/100
|
|t:|1757887481
|switch|p1a: Hatterene|Hatterene, F|100/100|[from] U-turn
|move|p2a: Thor|Hurricane|p1a: Hatterene|[miss]
|-miss|p2a: Thor|p1a: Hatterene
|
|upkeep
|turn|4
|
|t:|1757887506
|move|p2a: Thor|Volt Switch|p1a: Hatterene
|-damage|p1a: Hatterene|83/100
|
|t:|1757887515
|switch|p2a: Donald T.|Slowking-Galar, M|100/100|[from] Volt Switch
|-damage|p2a: Donald T.|88/100|[from] Stealth Rock
|move|p1a: Hatterene|Psychic Noise|p2a: Donald T.
|-damage|p2a: Donald T.|69/100
|-start|p2a: Donald T.|move: Heal Block
|
|upkeep
|turn|5
|
|t:|1757887525
|move|p1a: Hatterene|Psyshock|p2a: Donald T.
|-damage|p2a: Donald T.|23/100
|move|p2a: Donald T.|Sludge Bomb|p1a: Hatterene
|-supereffective|p1a: Hatterene
|-damage|p1a: Hatterene|25/100
|-status|p1a: Hatterene|psn
|
|-damage|p1a: Hatterene|12/100 psn|[from] psn
|-end|p2a: Donald T.|move: Heal Block
|upkeep
|turn|6
|
|t:|1757887544
|switch|p2a: Jocker|Meowscarada, M, shiny|100/100
|-damage|p2a: Jocker|88/100|[from] Stealth Rock
|move|p1a: Hatterene|Mystical Fire|p2a: Jocker
|-supereffective|p2a: Jocker
|-damage|p2a: Jocker|2/100
|-unboost|p2a: Jocker|spa|1
|
|-damage|p1a: Hatterene|0 fnt|[from] psn
|faint|p1a: Hatterene
|upkeep
|
|t:|1757887557
|switch|p1a: Dragonite|Dragonite, F|100/100
|turn|7
|
|t:|1757887566
|switch|p2a: Gold|Gholdengo|100/100
|-damage|p2a: Gold|94/100|[from] Stealth Rock
|move|p1a: Dragonite|Extreme Speed|p2a: Gold
|-immune|p2a: Gold
|
|upkeep
|turn|8
|
|t:|1757887577
|move|p2a: Gold|Trick|p1a: Dragonite
|-activate|p2a: Gold|move: Trick|[of] p1a: Dragonite
|-item|p1a: Dragonite|Choice Scarf|[from] move: Trick
|-item|p2a: Gold|Lum Berry|[from] move: Trick
|move|p1a: Dragonite|Dragon Dance|p1a: Dragonite
|-boost|p1a: Dragonite|atk|1
|-boost|p1a: Dragonite|spe|1
|
|upkeep
|turn|9
|
|t:|1757887588
|switch|p1a: Landorus|Landorus-Therian, M|57/100
|-ability|p1a: Landorus|Intimidate|boost
|-unboost|p2a: Gold|atk|1
|move|p2a: Gold|Shadow Ball|p1a: Landorus
|-damage|p1a: Landorus|16/100
|-unboost|p1a: Landorus|spd|1
|
|upkeep
|turn|10
|
|t:|1757887599
|switch|p2a: Thor|Zapdos|92/100
|move|p1a: Landorus|Earthquake|p2a: Thor
|-immune|p2a: Thor
|
|upkeep
|turn|11
|
|t:|1757887607
|move|p1a: Landorus|U-turn|p2a: Thor
|-resisted|p2a: Thor
|-damage|p2a: Thor|83/100
|
|t:|1757887615
|switch|p1a: Gholdengo|Gholdengo|100/100|[from] U-turn
|move|p2a: Thor|Heat Wave|p1a: Gholdengo
|-supereffective|p1a: Gholdengo
|-damage|p1a: Gholdengo|41/100
|
|upkeep
|turn|12
|
|t:|1757887622
|move|p1a: Gholdengo|Make It Rain|p2a: Thor
|-resisted|p2a: Thor
|-damage|p2a: Thor|41/100
|-unboost|p1a: Gholdengo|spa|1
|move|p2a: Thor|Heat Wave|p1a: Gholdengo
|-supereffective|p1a: Gholdengo
|-damage|p1a: Gholdengo|0 fnt
|faint|p1a: Gholdengo
|
|upkeep
|
|t:|1757887630
|switch|p1a: Darkrai|Darkrai|100/100
|turn|13
|
|t:|1757887647
|switch|p2a: Donald T.|Slowking-Galar, M|56/100
|-damage|p2a: Donald T.|44/100|[from] Stealth Rock
|move|p1a: Darkrai|Will-O-Wisp|p2a: Donald T.
|-status|p2a: Donald T.|brn
|
|-damage|p2a: Donald T.|38/100 brn|[from] brn
|upkeep
|turn|14
|inactive|Battle timer is ON: inactive players will automatically lose when time's up. (requested by kfqqfj)
|
|t:|1757887657
|switch|p2a: Jocker|Meowscarada, M, shiny|2/100
|-damage|p2a: Jocker|0 fnt|[from] Stealth Rock
|faint|p2a: Jocker
|move|p1a: Darkrai|Dark Pulse|p2: Jocker|[notarget]
|-fail|p1a: Darkrai
|
|upkeep
|
|t:|1757887667
|switch|p2a: Kaisar|Kommo-o, M|100/100
|-damage|p2a: Kaisar|94/100|[from] Stealth Rock
|turn|15
|inactive|kfqqfj has 120 seconds left.
|
|t:|1757887703
|move|p1a: Darkrai|Taunt|p2a: Kaisar
|-start|p2a: Kaisar|move: Taunt
|cant|p2a: Kaisar|move: Taunt|Clangorous Soul
|
|upkeep
|turn|16
|
|t:|1757887715
|switch|p2a: Donald T.|Slowking-Galar, M|71/100 brn
|-damage|p2a: Donald T.|59/100 brn|[from] Stealth Rock
|move|p1a: Darkrai|Ice Beam|p2a: Donald T.
|-damage|p2a: Donald T.|45/100 brn
|
|-damage|p2a: Donald T.|39/100 brn|[from] brn
|upkeep
|turn|17
|
|t:|1757887725
|move|p1a: Darkrai|Dark Pulse|p2a: Donald T.
|-supereffective|p2a: Donald T.
|-damage|p2a: Donald T.|1/100 brn
|cant|p2a: Donald T.|flinch
|
|-damage|p2a: Donald T.|0 fnt|[from] brn
|faint|p2a: Donald T.
|upkeep
|
|t:|1757887739
|switch|p2a: Destroyer|Great Tusk|100/100
|turn|18
|
|t:|1757887745
|move|p1a: Darkrai|Will-O-Wisp|p2a: Destroyer
|-status|p2a: Destroyer|brn
|move|p2a: Destroyer|Rapid Spin|p1a: Darkrai
|-damage|p1a: Darkrai|91/100
|-boost|p2a: Destroyer|spe|1
|-sideend|p2: Mreda|Stealth Rock|[from] move: Rapid Spin|[of] p2a: Destroyer
|
|-damage|p2a: Destroyer|94/100 brn|[from] brn
|upkeep
|turn|19
|
|t:|1757887756
|move|p2a: Destroyer|Headlong Rush|p1a: Darkrai
|-damage|p1a: Darkrai|55/100
|-unboost|p2a: Destroyer|def|1
|-unboost|p2a: Destroyer|spd|1
|move|p1a: Darkrai|Ice Beam|p2a: Destroyer
|-supereffective|p2a: Destroyer
|-damage|p2a: Destroyer|0 fnt
|faint|p2a: Destroyer
|-end|p2a: Destroyer|Protosynthesis|[silent]
|
|upkeep
|
|t:|1757887766
|switch|p2a: Kaisar|Kommo-o, M|94/100
|turn|20
|
|t:|1757887769
|move|p1a: Darkrai|Ice Beam|p2a: Kaisar
|-supereffective|p2a: Kaisar
|-damage|p2a: Kaisar|26/100
|move|p2a: Kaisar|Drain Punch|p1a: Darkrai
|-supereffective|p1a: Darkrai
|-damage|p1a: Darkrai|0 fnt
|-heal|p2a: Kaisar|55/100|[from] drain|[of] p1a: Darkrai
|faint|p1a: Darkrai
|
|upkeep
|
|t:|1757887777
|switch|p1a: Zamazenta|Zamazenta|100/100
|-ability|p1a: Zamazenta|Dauntless Shield|boost
|-boost|p1a: Zamazenta|def|1
|turn|21
|
|t:|1757887783
|switch|p2a: Thor|Zapdos|41/100
|move|p1a: Zamazenta|Iron Defense|p1a: Zamazenta
|-boost|p1a: Zamazenta|def|2
|
|upkeep
|turn|22
|
|t:|1757887791
|move|p1a: Zamazenta|Body Press|p2a: Thor
|-resisted|p2a: Thor
|-damage|p2a: Thor|7/100
|move|p2a: Thor|Roost|p2a: Thor
|-heal|p2a: Thor|57/100
|-singleturn|p2a: Thor|move: Roost
|
|upkeep
|turn|23
|
|t:|1757887799
|move|p2a: Thor|Roost|p2a: Thor
|-heal|p2a: Thor|100/100
|-singleturn|p2a: Thor|move: Roost
|move|p1a: Zamazenta|Roar|p2a: Thor
|drag|p2a: Gold|Gholdengo|94/100
|
|upkeep
|turn|24
|
|t:|1757887811
|switch|p2a: Thor|Zapdos|100/100
|move|p1a: Zamazenta|Crunch|p2a: Thor
|-damage|p2a: Thor|84/100
|-status|p1a: Zamazenta|par|[from] ability: Static|[of] p2a: Thor
|
|upkeep
|turn|25
|
|t:|1757887827
|switch|p1a: Landorus|Landorus-Therian, M|16/100
|-ability|p1a: Landorus|Intimidate|boost
|-unboost|p2a: Thor|atk|1
|move|p2a: Thor|Hurricane|p1a: Landorus
|-damage|p1a: Landorus|0 fnt
|faint|p1a: Landorus
|
|upkeep
|
|t:|1757887834
|switch|p1a: Dragonite|Dragonite, F|100/100
|turn|26
|
|t:|1757887838
|-terastallize|p1a: Dragonite|Flying
|move|p1a: Dragonite|Tera Blast|p2a: Thor|[anim] Tera Blast Flying
|-resisted|p2a: Thor
|-damage|p2a: Thor|62/100
|move|p2a: Thor|Hurricane|p1a: Dragonite
|-damage|p1a: Dragonite|77/100
|-start|p1a: Dragonite|confusion
|
|upkeep
|turn|27
|
|t:|1757887849
|switch|p1a: Zamazenta|Zamazenta|100/100 par
|move|p2a: Thor|Roost|p2a: Thor
|-heal|p2a: Thor|100/100
|-singleturn|p2a: Thor|move: Roost
|
|upkeep
|turn|28
|
|t:|1757887856
|move|p2a: Thor|Hurricane|p1a: Zamazenta
|-supereffective|p1a: Zamazenta
|-damage|p1a: Zamazenta|18/100 par
|move|p1a: Zamazenta|Roar|p2a: Thor
|drag|p2a: Kaisar|Kommo-o, M|55/100
|
|-heal|p1a: Zamazenta|24/100 par|[from] item: Leftovers
|upkeep
|turn|29
|
|t:|1757887874
|switch|p2a: Thor|Zapdos|100/100
|move|p1a: Zamazenta|Body Press|p2a: Thor
|-resisted|p2a: Thor
|-damage|p2a: Thor|86/100
|
|-heal|p1a: Zamazenta|30/100 par|[from] item: Leftovers
|upkeep
|turn|30
|
|t:|1757887882
|move|p2a: Thor|Hurricane|p1a: Zamazenta
|-supereffective|p1a: Zamazenta
|-damage|p1a: Zamazenta|0 fnt
|faint|p1a: Zamazenta
|
|upkeep
|
|t:|1757887884
|switch|p1a: Dragonite|Dragonite, F, tera:Flying|77/100
|turn|31
|
|t:|1757887890
|move|p1a: Dragonite|Extreme Speed|p2a: Thor
|-damage|p2a: Thor|64/100
|move|p2a: Thor|Volt Switch|p1a: Dragonite
|-supereffective|p1a: Dragonite
|-damage|p1a: Dragonite|11/100
|
|t:|1757887897
|switch|p2a: Gold|Gholdengo|94/100|[from] Volt Switch
|
|upkeep
|turn|32
|-message|kfqqfj forfeited.
|
|win|Mreda
|raw|kfqqfj's rating: 1398 &rarr; <strong>1381</strong><br />(-17 for losing)
|raw|Mreda's rating: 1448 &rarr; <strong>1465</strong><br />(+17 for winning)
|l|☆kfqqfj
|player|p1|
