|j|☆leosyspu
|j|☆Fleetwood Macargo
|t:|1757828753
|gametype|singles
|player|p1|leosyspu|cynthia|1435
|player|p2|Fleetwood Macargo|roxanne|1474
|gen|9
|tier|[Gen 9] OU
|rated|
|rule|HP Percentage Mod: HP is shown in percentages
|rule|Endless Battle Clause: Forcing endless battles is banned
|rule|Species Clause: Limit one of each Pokémon
|rule|OHKO Clause: OHKO moves are banned
|rule|Evasion Items Clause: Evasion items are banned
|rule|Evasion Moves Clause: Evasion moves are banned
|rule|Evasion Abilities Clause: Evasion abilities are banned
|rule|Sleep Moves Clause: Sleep-inducing moves are banned
|clearpoke
|poke|p1|Heracross, M|
|poke|p1|Pelipper, M|
|poke|p1|Gholdengo|
|poke|p1|Gliscor, M|
|poke|p1|Dragonite, M|
|poke|p1|Kingdra, F|
|poke|p2|Dragapult, M|
|poke|p2|Sinistcha|
|poke|p2|Ceruledge, M|
|poke|p2|Slowking-Galar, M|
|poke|p2|Meowscarada, M|
|poke|p2|Great Tusk|
|teampreview
|inactive|Battle timer is ON: inactive players will automatically lose when time's up. (requested by leosyspu)
|
|t:|1757828769
|teamsize|p1|6
|teamsize|p2|6
|start
|switch|p1a: 最快最强技最多|Pelipper, M|100/100
|switch|p2a: Meowscarada|Meowscarada, M|100/100
|-weather|RainDance|[from] ability: Drizzle|[of] p1a: 最快最强技最多
|turn|1
|
|t:|1757828778
|move|p2a: Meowscarada|Knock Off|p1a: 最快最强技最多
|-start|p2a: Meowscarada|typechange|Dark|[from] ability: Protean
|-damage|p1a: 最快最强技最多|63/100
|-enditem|p1a: 最快最强技最多|Damp Rock|[from] move: Knock Off|[of] p2a: Meowscarada
|move|p1a: 最快最强技最多|U-turn|p2a: Meowscarada
|-supereffective|p2a: Meowscarada
|-damage|p2a: Meowscarada|76/100
|
|t:|1757828791
|switch|p1a: 东海水泡王|Kingdra, F|100/100|[from] U-turn
|
|-weather|RainDance|[upkeep]
|upkeep
|turn|2
|
|t:|1757828797
|move|p2a: Meowscarada|Knock Off|p1a: 东海水泡王
|-damage|p1a: 东海水泡王|49/100
|-enditem|p1a: 东海水泡王|Choice Specs|[from] move: Knock Off|[of] p2a: Meowscarada
|move|p1a: 东海水泡王|Weather Ball|p2a: Meowscarada
|-damage|p2a: Meowscarada|0 fnt
|faint|p2a: Meowscarada
|
|-weather|RainDance|[upkeep]
|upkeep
|
|t:|1757828805
|switch|p2a: Slowking|Slowking-Galar, M|100/100
|turn|3
|
|t:|1757828809
|move|p1a: 东海水泡王|Weather Ball|p2a: Slowking
|-damage|p2a: Slowking|61/100
|move|p2a: Slowking|Future Sight|p1a: 东海水泡王
|-start|p2a: Slowking|move: Future Sight
|
|-weather|RainDance|[upkeep]
|upkeep
|turn|4
|
|t:|1757828816
|-terastallize|p1a: 东海水泡王|Water
|move|p1a: 东海水泡王|Weather Ball|p2a: Slowking
|-damage|p2a: Slowking|11/100
|move|p2a: Slowking|Sludge Wave|p1a: 东海水泡王
|-damage|p1a: 东海水泡王|0 fnt
|faint|p1a: 东海水泡王
|
|-weather|RainDance|[upkeep]
|upkeep
|
|t:|1757828828
|switch|p1a: 剧毒老是空废物|Gliscor, M|100/100
|turn|5
|
|t:|1757828834
|move|p1a: 剧毒老是空废物|U-turn|p2a: Slowking
|-crit|p2a: Slowking
|-damage|p2a: Slowking|0 fnt
|faint|p2a: Slowking
|
|t:|1757828839
|switch|p1a: 易拉罐超人o|Gholdengo|100/100|[from] U-turn
|
|-weather|RainDance|[upkeep]
|-end|p1a: 易拉罐超人o|move: Future Sight
|-resisted|p1a: 易拉罐超人o
|-damage|p1a: 易拉罐超人o|75/100
|upkeep
|
|t:|1757828848
|switch|p2a: Dragapult|Dragapult, M, shiny|100/100
|turn|6
|
|t:|1757828858
|move|p2a: Dragapult|Shadow Ball|p1a: 易拉罐超人o
|-supereffective|p1a: 易拉罐超人o
|-damage|p1a: 易拉罐超人o|0 fnt
|faint|p1a: 易拉罐超人o
|
|-weather|RainDance|[upkeep]
|upkeep
|
|t:|1757828867
|switch|p1a: 铁甲卡布达|Heracross, M|100/100
|turn|7
|
|t:|1757828872
|move|p2a: Dragapult|Shadow Ball|p1a: 铁甲卡布达
|-damage|p1a: 铁甲卡布达|37/100
|move|p1a: 铁甲卡布达|Trailblaze|p2a: Dragapult
|-resisted|p2a: Dragapult
|-damage|p2a: Dragapult|88/100
|-boost|p1a: 铁甲卡布达|spe|1
|
|-weather|RainDance|[upkeep]
|-status|p1a: 铁甲卡布达|brn|[from] item: Flame Orb
|upkeep
|turn|8
|
|t:|1757828884
|move|p1a: 铁甲卡布达|Knock Off|p2a: Dragapult
|-supereffective|p2a: Dragapult
|-damage|p2a: Dragapult|0 fnt
|-enditem|p2a: Dragapult|Choice Specs|[from] move: Knock Off|[of] p1a: 铁甲卡布达
|faint|p2a: Dragapult
|
|-weather|none
|-damage|p1a: 铁甲卡布达|31/100 brn|[from] brn
|upkeep
|
|t:|1757828901
|switch|p2a: Ceruledge|Ceruledge, M, shiny|100/100
|turn|9
|
|t:|1757828904
|move|p2a: Ceruledge|Shadow Sneak|p1a: 铁甲卡布达
|-damage|p1a: 铁甲卡布达|4/100 brn
|move|p1a: 铁甲卡布达|Stone Edge|p2a: Ceruledge
|-supereffective|p2a: Ceruledge
|-enditem|p2a: Ceruledge|Focus Sash
|-damage|p2a: Ceruledge|1/100
|-ability|p2a: Ceruledge|Weak Armor|boost
|-unboost|p2a: Ceruledge|def|1
|-boost|p2a: Ceruledge|spe|2
|
|-damage|p1a: 铁甲卡布达|0 fnt|[from] brn
|faint|p1a: 铁甲卡布达
|upkeep
|
|t:|1757828925
|switch|p1a: 强力高速炮|Dragonite, M|100/100
|turn|10
|
|t:|1757828941
|move|p2a: Ceruledge|Shadow Sneak|p1a: 强力高速炮
|-damage|p1a: 强力高速炮|91/100
|move|p1a: 强力高速炮|Earthquake|p2a: Ceruledge
|-supereffective|p2a: Ceruledge
|-damage|p2a: Ceruledge|0 fnt
|faint|p2a: Ceruledge
|
|-heal|p1a: 强力高速炮|97/100|[from] item: Leftovers
|upkeep
|
|t:|1757828947
|switch|p2a: Sinistcha|Sinistcha|100/100
|turn|11
|
|t:|1757828954
|switch|p1a: 剧毒老是空废物|Gliscor, M|100/100
|move|p2a: Sinistcha|Calm Mind|p2a: Sinistcha
|-boost|p2a: Sinistcha|spa|1
|-boost|p2a: Sinistcha|spd|1
|
|-status|p1a: 剧毒老是空废物|tox|[from] item: Toxic Orb
|upkeep
|turn|12
|
|t:|1757828969
|-terastallize|p2a: Sinistcha|Poison
|move|p1a: 剧毒老是空废物|Toxic|p2a: Sinistcha
|-immune|p2a: Sinistcha
|move|p2a: Sinistcha|Strength Sap|p1a: 剧毒老是空废物
|-unboost|p1a: 剧毒老是空废物|atk|1
|
|upkeep
|turn|13
|
|t:|1757828981
|move|p1a: 剧毒老是空废物|Earthquake|p2a: Sinistcha
|-supereffective|p2a: Sinistcha
|-damage|p2a: Sinistcha|68/100
|move|p2a: Sinistcha|Calm Mind|p2a: Sinistcha
|-boost|p2a: Sinistcha|spa|1
|-boost|p2a: Sinistcha|spd|1
|
|upkeep
|turn|14
|
|t:|1757828989
|move|p1a: 剧毒老是空废物|U-turn|p2a: Sinistcha
|-resisted|p2a: Sinistcha
|-damage|p2a: Sinistcha|64/100
|
|t:|1757828995
|switch|p1a: 最快最强技最多|Pelipper, M|63/100|[from] U-turn
|-weather|RainDance|[from] ability: Drizzle|[of] p1a: 最快最强技最多
|move|p2a: Sinistcha|Strength Sap|p1a: 最快最强技最多
|-unboost|p1a: 最快最强技最多|atk|1
|-heal|p2a: Sinistcha|99/100
|
|-weather|RainDance|[upkeep]
|upkeep
|turn|15
|
|t:|1757829007
|move|p2a: Sinistcha|Shadow Ball|p1a: 最快最强技最多
|-damage|p1a: 最快最强技最多|0 fnt
|faint|p1a: 最快最强技最多
|
|-weather|RainDance|[upkeep]
|upkeep
|
|t:|1757829019
|switch|p1a: 剧毒老是空废物|Gliscor, M|100/100 tox
|turn|16
|
|t:|1757829026
|move|p1a: 剧毒老是空废物|Earthquake|p2a: Sinistcha
|-supereffective|p2a: Sinistcha
|-damage|p2a: Sinistcha|51/100
|move|p2a: Sinistcha|Strength Sap|p1a: 剧毒老是空废物
|-unboost|p1a: 剧毒老是空废物|atk|1
|-heal|p2a: Sinistcha|100/100
|
|-weather|RainDance|[upkeep]
|upkeep
|turn|17
|
|t:|1757829035
|move|p1a: 剧毒老是空废物|Earthquake|p2a: Sinistcha
|-supereffective|p2a: Sinistcha
|-damage|p2a: Sinistcha|72/100
|move|p2a: Sinistcha|Strength Sap|p1a: 剧毒老是空废物
|-unboost|p1a: 剧毒老是空废物|atk|1
|-heal|p2a: Sinistcha|100/100
|
|-weather|RainDance|[upkeep]
|upkeep
|turn|18
|
|t:|1757829045
|move|p1a: 剧毒老是空废物|Earthquake|p2a: Sinistcha
|-supereffective|p2a: Sinistcha
|-damage|p2a: Sinistcha|80/100
|move|p2a: Sinistcha|Calm Mind|p2a: Sinistcha
|-boost|p2a: Sinistcha|spa|1
|-boost|p2a: Sinistcha|spd|1
|
|-weather|none
|upkeep
|turn|19
|-message|leosyspu forfeited.
|
|win|Fleetwood Macargo
|raw|leosyspu's rating: 1435 &rarr; <strong>1417</strong><br />(-18 for losing)
|raw|Fleetwood Macargo's rating: 1474 &rarr; <strong>1492</strong><br />(+18 for winning)
|l|☆leosyspu
|player|p1|
|l|☆Fleetwood Macargo
|player|p2|
