|j|☆c3rrot
|j|☆KingWhacka
|t:|1757823857
|gametype|singles
|player|p1|c3rrot|gentleman|1407
|player|p2|KingWhacka|parasollady|1465
|gen|9
|tier|[Gen 9] OU
|rated|
|rule|HP Percentage Mod: HP is shown in percentages
|rule|Endless Battle Clause: Forcing endless battles is banned
|rule|Species Clause: Limit one of each Pokémon
|rule|OHKO Clause: OHKO moves are banned
|rule|Evasion Items Clause: Evasion items are banned
|rule|Evasion Moves Clause: Evasion moves are banned
|rule|Evasion Abilities Clause: Evasion abilities are banned
|rule|Sleep Moves Clause: Sleep-inducing moves are banned
|clearpoke
|poke|p1|Alomomola, F|
|poke|p1|Dragapult, M|
|poke|p1|Cinderace, F|
|poke|p1|Kingambit, M|
|poke|p1|Zapdos|
|poke|p1|Garganacl, M|
|poke|p2|Garchomp, F|
|poke|p2|Dragonite, F|
|poke|p2|Kingambit, F|
|poke|p2|Primarina, M|
|poke|p2|Cinderace, M|
|poke|p2|Darkrai|
|teampreview
|inactive|Battle timer is ON: inactive players will automatically lose when time's up. (requested by c3rrot)
|l|☆c3rrot
|inactive|c3rrot disconnected and has a minute to reconnect!
|player|p1|
|j|☆c3rrot
|inactive|c3rrot reconnected and has 135 seconds left.
|player|p1|c3rrot|gentleman|
|inactive|c3rrot has 120 seconds left.
|
|t:|1757823895
|teamsize|p1|6
|teamsize|p2|6
|start
|switch|p1a: Dragapult|Dragapult, M|100/100
|switch|p2a: Primarina|Primarina, M|100/100
|turn|1
|
|t:|1757823918
|move|p1a: Dragapult|U-turn|p2a: Primarina
|-resisted|p2a: Primarina
|-damage|p2a: Primarina|89/100
|
|t:|1757823924
|switch|p1a: Alomomola|Alomomola, F|100/100|[from] U-turn
|move|p2a: Primarina|Moonblast|p1a: Alomomola
|-damage|p1a: Alomomola|73/100
|
|upkeep
|turn|2
|
|t:|1757823948
|move|p2a: Primarina|Psychic Noise|p1a: Alomomola
|-damage|p1a: Alomomola|58/100
|-start|p1a: Alomomola|move: Heal Block
|move|p1a: Alomomola|Mirror Coat|p2a: Primarina
|-damage|p2a: Primarina|45/100
|
|upkeep
|turn|3
|
|t:|1757823966
|move|p2a: Primarina|Flip Turn|p1a: Alomomola
|-resisted|p1a: Alomomola
|-damage|p1a: Alomomola|53/100
|
|t:|1757823970
|switch|p2a: Garchomp|Garchomp, F|100/100|[from] Flip Turn
|move|p1a: Alomomola|Flip Turn|p2a: Garchomp
|-damage|p2a: Garchomp|90/100
|-damage|p1a: Alomomola|41/100|[from] ability: Rough Skin|[of] p2a: Garchomp
|-damage|p1a: Alomomola|24/100|[from] item: Rocky Helmet|[of] p2a: Garchomp
|
|t:|1757823979
|switch|p1a: Dragapult|Dragapult, M|100/100|[from] Flip Turn
|
|upkeep
|turn|4
|
|t:|1757823987
|switch|p2a: Primarina|Primarina, M|45/100
|move|p1a: Dragapult|Shadow Ball|p2a: Primarina
|-damage|p2a: Primarina|10/100
|
|upkeep
|turn|5
|
|t:|1757823992
|move|p1a: Dragapult|Shadow Ball|p2a: Primarina
|-damage|p2a: Primarina|0 fnt
|faint|p2a: Primarina
|
|upkeep
|
|t:|1757823995
|switch|p2a: Kingambit|Kingambit, F|100/100
|-activate|p2a: Kingambit|ability: Supreme Overlord
|-start|p2a: Kingambit|fallen1|[silent]
|turn|6
|
|t:|1757824000
|switch|p1a: Garganacl|Garganacl, M|100/100
|move|p2a: Kingambit|Swords Dance|p2a: Kingambit
|-boost|p2a: Kingambit|atk|2
|
|upkeep
|turn|7
|
|t:|1757824006
|move|p2a: Kingambit|Iron Head|p1a: Garganacl
|-supereffective|p1a: Garganacl
|-damage|p1a: Garganacl|0 fnt
|faint|p1a: Garganacl
|
|upkeep
|
|t:|1757824012
|switch|p1a: Zapdos|Zapdos|100/100
|turn|8
|
|t:|1757824017
|move|p2a: Kingambit|Sucker Punch||[still]
|-fail|p2a: Kingambit
|move|p1a: Zapdos|Thunder Wave|p2a: Kingambit
|-status|p2a: Kingambit|par
|
|upkeep
|turn|9
|
|t:|1757824025
|move|p2a: Kingambit|Sucker Punch|p1a: Zapdos
|-damage|p1a: Zapdos|36/100
|move|p1a: Zapdos|Volt Switch|p2a: Kingambit
|-damage|p2a: Kingambit|68/100 par
|
|t:|1757824031
|switch|p1a: Alomomola|Alomomola, F|58/100|[from] Volt Switch
|
|-heal|p2a: Kingambit|74/100 par|[from] item: Leftovers
|upkeep
|turn|10
|
|t:|1757824034
|switch|p1a: Zapdos|Zapdos|36/100
|move|p2a: Kingambit|Sucker Punch||[still]
|-fail|p2a: Kingambit
|
|-heal|p2a: Kingambit|80/100 par|[from] item: Leftovers
|upkeep
|turn|11
|
|t:|1757824040
|move|p1a: Zapdos|Roost|p1a: Zapdos
|-heal|p1a: Zapdos|86/100
|-singleturn|p1a: Zapdos|move: Roost
|move|p2a: Kingambit|Swords Dance|p2a: Kingambit
|-boost|p2a: Kingambit|atk|2
|
|-heal|p2a: Kingambit|86/100 par|[from] item: Leftovers
|upkeep
|turn|12
|
|t:|1757824043
|move|p1a: Zapdos|Volt Switch|p2a: Kingambit
|-damage|p2a: Kingambit|55/100 par
|
|t:|1757824052
|switch|p1a: Kingambit|Kingambit, M|100/100|[from] Volt Switch
|-activate|p1a: Kingambit|ability: Supreme Overlord
|-start|p1a: Kingambit|fallen1|[silent]
|cant|p2a: Kingambit|par
|
|-heal|p2a: Kingambit|61/100 par|[from] item: Leftovers
|upkeep
|turn|13
|
|t:|1757824061
|move|p1a: Kingambit|Swords Dance|p1a: Kingambit
|-boost|p1a: Kingambit|atk|2
|move|p2a: Kingambit|Kowtow Cleave|p1a: Kingambit
|-resisted|p1a: Kingambit
|-damage|p1a: Kingambit|26/100
|
|-heal|p1a: Kingambit|32/100|[from] item: Leftovers
|-heal|p2a: Kingambit|67/100 par|[from] item: Leftovers
|upkeep
|turn|14
|
|t:|1757824068
|move|p1a: Kingambit|Iron Head|p2a: Kingambit
|-resisted|p2a: Kingambit
|-damage|p2a: Kingambit|23/100 par
|move|p2a: Kingambit|Kowtow Cleave|p1a: Kingambit
|-resisted|p1a: Kingambit
|-damage|p1a: Kingambit|0 fnt
|faint|p1a: Kingambit
|-end|p1a: Kingambit|fallen1|[silent]
|
|-heal|p2a: Kingambit|29/100 par|[from] item: Leftovers
|upkeep
|
|t:|1757824079
|switch|p1a: Zapdos|Zapdos|86/100
|turn|15
|
|t:|1757824084
|move|p1a: Zapdos|Volt Switch|p2a: Kingambit
|-damage|p2a: Kingambit|0 fnt
|faint|p2a: Kingambit
|-end|p2a: Kingambit|fallen1|[silent]
|
|t:|1757824086
|switch|p1a: Dragapult|Dragapult, M|100/100|[from] Volt Switch
|
|upkeep
|
|t:|1757824094
|switch|p2a: Dragonite|Dragonite, F|100/100
|turn|16
|
|t:|1757824103
|move|p1a: Dragapult|U-turn|p2a: Dragonite
|-resisted|p2a: Dragonite
|-damage|p2a: Dragonite|96/100
|
|t:|1757824112
|switch|p1a: Zapdos|Zapdos|86/100|[from] U-turn
|move|p2a: Dragonite|Dragon Dance|p2a: Dragonite
|-boost|p2a: Dragonite|atk|1
|-boost|p2a: Dragonite|spe|1
|
|upkeep
|turn|17
|
|t:|1757824123
|move|p2a: Dragonite|Dragon Dance|p2a: Dragonite
|-boost|p2a: Dragonite|atk|1
|-boost|p2a: Dragonite|spe|1
|move|p1a: Zapdos|Thunder Wave|p2a: Dragonite
|-status|p2a: Dragonite|par
|
|upkeep
|turn|18
|
|t:|1757824131
|move|p2a: Dragonite|Encore|p1a: Zapdos
|-start|p1a: Zapdos|Encore
|move|p1a: Zapdos|Thunder Wave|p2a: Dragonite
|-fail|p2a: Dragonite|par
|
|upkeep
|turn|19
|
|t:|1757824141
|switch|p1a: Alomomola|Alomomola, F|91/100
|cant|p2a: Dragonite|par
|
|upkeep
|turn|20
|
|t:|1757824147
|cant|p2a: Dragonite|par
|move|p1a: Alomomola|Flip Turn|p2a: Dragonite
|-resisted|p2a: Dragonite
|-damage|p2a: Dragonite|86/100 par
|
|t:|1757824151
|switch|p1a: Dragapult|Dragapult, M|100/100|[from] Flip Turn
|
|upkeep
|turn|21
|
|t:|1757824161
|-terastallize|p2a: Dragonite|Flying
|move|p1a: Dragapult|U-turn|p2a: Dragonite
|-resisted|p2a: Dragonite
|-damage|p2a: Dragonite|77/100 par
|
|t:|1757824165
|switch|p1a: Zapdos|Zapdos|86/100|[from] U-turn
|cant|p2a: Dragonite|par
|
|upkeep
|turn|22
|
|t:|1757824168
|move|p2a: Dragonite|Tera Blast|p1a: Zapdos|[anim] Tera Blast Flying
|-resisted|p1a: Zapdos
|-damage|p1a: Zapdos|48/100
|move|p1a: Zapdos|Volt Switch|p2a: Dragonite
|-supereffective|p2a: Dragonite
|-damage|p2a: Dragonite|12/100 par
|
|t:|1757824175
|switch|p1a: Dragapult|Dragapult, M|100/100|[from] Volt Switch
|
|upkeep
|turn|23
|
|t:|1757824178
|move|p1a: Dragapult|Shadow Ball|p2a: Dragonite
|-damage|p2a: Dragonite|0 fnt
|faint|p2a: Dragonite
|
|upkeep
|
|t:|1757824184
|switch|p2a: Darkrai|Darkrai|100/100
|turn|24
|
|t:|1757824187
|switch|p1a: Alomomola|Alomomola, F|100/100
|move|p2a: Darkrai|Nasty Plot|p2a: Darkrai
|-boost|p2a: Darkrai|spa|2
|
|upkeep
|turn|25
|
|t:|1757824201
|move|p2a: Darkrai|Nasty Plot|p2a: Darkrai
|-boost|p2a: Darkrai|spa|2
|move|p1a: Alomomola|Flip Turn|p2a: Darkrai
|-damage|p2a: Darkrai|78/100
|
|t:|1757824205
|switch|p1a: Dragapult|Dragapult, M|100/100|[from] Flip Turn
|
|-heal|p2a: Darkrai|84/100|[from] item: Leftovers
|upkeep
|turn|26
|
|t:|1757824210
|move|p1a: Dragapult|U-turn|p2a: Darkrai
|-supereffective|p2a: Darkrai
|-damage|p2a: Darkrai|40/100
|
|t:|1757824213
|switch|p1a: Zapdos|Zapdos|48/100|[from] U-turn
|move|p2a: Darkrai|Dark Pulse|p1a: Zapdos
|-damage|p1a: Zapdos|0 fnt
|faint|p1a: Zapdos
|
|-heal|p2a: Darkrai|46/100|[from] item: Leftovers
|upkeep
|
|t:|1757824215
|switch|p1a: Dragapult|Dragapult, M|100/100
|turn|27
|
|t:|1757824222
|move|p1a: Dragapult|Draco Meteor|p2a: Darkrai|[miss]
|-miss|p1a: Dragapult|p2a: Darkrai
|move|p2a: Darkrai|Dark Pulse|p1a: Dragapult
|-supereffective|p1a: Dragapult
|-damage|p1a: Dragapult|0 fnt
|faint|p1a: Dragapult
|
|-heal|p2a: Darkrai|52/100|[from] item: Leftovers
|upkeep
|
|t:|1757824226
|switch|p1a: Cinderace|Cinderace, F|100/100
|turn|28
|
|t:|1757824229
|move|p1a: Cinderace|Sucker Punch|p2a: Darkrai
|-start|p1a: Cinderace|typechange|Dark|[from] ability: Libero
|-resisted|p2a: Darkrai
|-damage|p2a: Darkrai|31/100
|move|p2a: Darkrai|Dark Pulse|p1a: Cinderace
|-resisted|p1a: Cinderace
|-damage|p1a: Cinderace|8/100
|
|-heal|p2a: Darkrai|37/100|[from] item: Leftovers
|upkeep
|turn|29
|
|t:|1757824235
|move|p1a: Cinderace|Sucker Punch|p2a: Darkrai
|-resisted|p2a: Darkrai
|-damage|p2a: Darkrai|13/100
|move|p2a: Darkrai|Ice Beam|p1a: Cinderace
|-damage|p1a: Cinderace|0 fnt
|faint|p1a: Cinderace
|
|-heal|p2a: Darkrai|19/100|[from] item: Leftovers
|upkeep
|
|t:|1757824237
|switch|p1a: Alomomola|Alomomola, F|100/100
|turn|30
|
|t:|1757824242
|move|p2a: Darkrai|Dark Pulse|p1a: Alomomola
|-damage|p1a: Alomomola|30/100
|move|p1a: Alomomola|Scald|p2a: Darkrai
|-damage|p2a: Darkrai|0 fnt
|faint|p2a: Darkrai
|
|upkeep
|
|t:|1757824246
|switch|p2a: Cinderace|Cinderace, M|100/100
|turn|31
|
|t:|1757824251
|move|p2a: Cinderace|U-turn|p1a: Alomomola
|-start|p2a: Cinderace|typechange|Bug|[from] ability: Libero
|-damage|p1a: Alomomola|7/100
|
|t:|1757824253
|switch|p2a: Garchomp|Garchomp, F|90/100|[from] U-turn
|move|p1a: Alomomola|Scald|p2a: Garchomp
|-crit|p2a: Garchomp
|-damage|p2a: Garchomp|71/100
|-status|p2a: Garchomp|brn
|
|-damage|p2a: Garchomp|65/100 brn|[from] brn
|upkeep
|turn|32
|-message|c3rrot forfeited.
|
|win|KingWhacka
|raw|c3rrot's rating: 1407 &rarr; <strong>1390</strong><br />(-17 for losing)
|raw|KingWhacka's rating: 1465 &rarr; <strong>1482</strong><br />(+17 for winning)
|l|☆KingWhacka
|player|p2|
