|j|☆Megumin's Husband
|j|☆sdv38
|t:|1757909324
|gametype|singles
|player|p1|Megumin's Husband|unknown|1193
|player|p2|sdv38|169|1242
|gen|9
|tier|[Gen 9] OU
|rated|
|rule|HP Percentage Mod: HP is shown in percentages
|rule|Endless Battle Clause: Forcing endless battles is banned
|rule|Species Clause: Limit one of each Pokémon
|rule|OHKO Clause: OHKO moves are banned
|rule|Evasion Items Clause: Evasion items are banned
|rule|Evasion Moves Clause: Evasion moves are banned
|rule|Evasion Abilities Clause: Evasion abilities are banned
|rule|Sleep Moves Clause: Sleep-inducing moves are banned
|clearpoke
|poke|p1|Great Tusk|
|poke|p1|Heatran, M|
|poke|p1|Weavile, M|
|poke|p1|Primarina, F|
|poke|p1|Ogerpon, F|
|poke|p1|Corviknight, F|
|poke|p2|Ursaluna, M|
|poke|p2|Iron Leaves|
|poke|p2|Mimikyu, M|
|poke|p2|Indeedee, M|
|poke|p2|Hatterene, F|
|poke|p2|Hoopa-Unbound|
|teampreview
|inactive|Battle timer is ON: inactive players will automatically lose when time's up. (requested by sdv38)
|inactive|sdv38 has 120 seconds left.
|
|t:|1757909370
|teamsize|p1|6
|teamsize|p2|6
|start
|switch|p1a: Ogerpon|Ogerpon, F|100/100
|switch|p2a: Indeedee|Indeedee, M|100/100
|-fieldstart|move: Psychic Terrain|[from] ability: Psychic Surge|[of] p2a: Indeedee
|turn|1
|
|t:|1757909382
|move|p1a: Ogerpon|Ivy Cudgel|p2a: Indeedee
|-damage|p2a: Indeedee|26/100
|move|p2a: Indeedee|Expanding Force|p1a: Ogerpon
|-damage|p1a: Ogerpon|32/100
|
|upkeep
|turn|2
|
|t:|1757909395
|switch|p2a: Iron Leaves|Iron Leaves|100/100
|-enditem|p2a: Iron Leaves|Booster Energy
|-activate|p2a: Iron Leaves|ability: Quark Drive|[fromitem]
|-start|p2a: Iron Leaves|quarkdriveatk
|move|p1a: Ogerpon|Ivy Cudgel|p2a: Iron Leaves
|-resisted|p2a: Iron Leaves
|-damage|p2a: Iron Leaves|65/100
|
|upkeep
|turn|3
|
|t:|1757909401
|switch|p1a: Corviknight|Corviknight, F, shiny|100/100
|-ability|p1a: Corviknight|Pressure
|move|p2a: Iron Leaves|Swords Dance|p2a: Iron Leaves
|-boost|p2a: Iron Leaves|atk|2
|
|upkeep
|turn|4
|
|t:|1757909405
|-terastallize|p2a: Iron Leaves|Poison
|move|p2a: Iron Leaves|Sacred Sword|p1a: Corviknight
|-damage|p1a: Corviknight|43/100
|move|p1a: Corviknight|Iron Defense|p1a: Corviknight
|-boost|p1a: Corviknight|def|2
|
|-heal|p1a: Corviknight|49/100|[from] item: Leftovers
|upkeep
|turn|5
|
|t:|1757909412
|move|p2a: Iron Leaves|Sacred Sword|p1a: Corviknight
|-damage|p1a: Corviknight|0 fnt
|faint|p1a: Corviknight
|
|upkeep
|
|t:|1757909424
|switch|p1a: Weavile|Weavile, M, shiny|100/100
|-ability|p1a: Weavile|Pressure
|turn|6
|
|t:|1757909446
|-end|p2a: Iron Leaves|Quark Drive|[silent]
|switch|p2a: Hoopa|Hoopa-Unbound|100/100
|-enditem|p2a: Hoopa|Psychic Seed
|-boost|p2a: Hoopa|spd|1|[from] item: Psychic Seed
|move|p1a: Weavile|Knock Off|p2a: Hoopa
|-damage|p2a: Hoopa|49/100
|
|upkeep
|turn|7
|
|t:|1757909455
|switch|p2a: Mimikyu|Mimikyu, M|100/100
|move|p1a: Weavile|Knock Off|p2a: Mimikyu
|-activate|p2a: Mimikyu|ability: Disguise
|-damage|p2a: Mimikyu|100/100
|-enditem|p2a: Mimikyu|Red Card|[from] move: Knock Off|[of] p1a: Weavile
|detailschange|p2a: Mimikyu|Mimikyu-Busted, M
|-damage|p2a: Mimikyu|88/100|[from] pokemon: Mimikyu-Busted
|
|upkeep
|turn|8
|
|t:|1757909468
|move|p1a: Weavile|Knock Off|p2a: Mimikyu
|-damage|p2a: Mimikyu|43/100
|move|p2a: Mimikyu|Trick Room|p2a: Mimikyu
|-fieldstart|move: Trick Room|[of] p2a: Mimikyu
|
|-fieldend|move: Psychic Terrain
|upkeep
|turn|9
|
|t:|1757909477
|switch|p1a: Great Tusk|Great Tusk, shiny|100/100
|move|p2a: Mimikyu|Destiny Bond|p2a: Mimikyu
|-singlemove|p2a: Mimikyu|Destiny Bond
|
|upkeep
|turn|10
|
|t:|1757909498
|switch|p2a: Hatterene|Hatterene, F|100/100
|move|p1a: Great Tusk|Headlong Rush|p2a: Hatterene
|-damage|p2a: Hatterene|30/100
|-unboost|p1a: Great Tusk|def|1
|-unboost|p1a: Great Tusk|spd|1
|
|upkeep
|turn|11
|
|t:|1757909506
|-end|p1a: Great Tusk|Protosynthesis|[silent]
|switch|p1a: Heatran|Heatran, M, shiny|100/100
|-item|p1a: Heatran|Air Balloon
|move|p2a: Hatterene|Draining Kiss|p1a: Heatran
|-resisted|p1a: Heatran
|-damage|p1a: Heatran|91/100
|-heal|p2a: Hatterene|38/100|[from] drain|[of] p1a: Heatran
|-enditem|p1a: Heatran|Air Balloon
|-damage|p2a: Hatterene|28/100|[from] item: Life Orb
|
|upkeep
|turn|12
|
|t:|1757909511
|move|p1a: Heatran|Magma Storm|p2a: Hatterene
|-damage|p2a: Hatterene|0 fnt
|faint|p2a: Hatterene
|
|-fieldend|move: Trick Room
|upkeep
|
|t:|1757909518
|switch|p2a: Mimikyu|Mimikyu-Busted, M|43/100
|turn|13
|
|t:|1757909522
|move|p1a: Heatran|Magma Storm|p2a: Mimikyu
|-damage|p2a: Mimikyu|0 fnt
|faint|p2a: Mimikyu
|
|upkeep
|
|t:|1757909526
|switch|p2a: Hoopa|Hoopa-Unbound|49/100
|turn|14
|
|t:|1757909530
|move|p1a: Heatran|Stealth Rock|p2a: Hoopa
|-sidestart|p2: sdv38|move: Stealth Rock
|move|p2a: Hoopa|Trick Room|p2a: Hoopa
|-fieldstart|move: Trick Room|[of] p2a: Hoopa
|
|upkeep
|turn|15
|
|t:|1757909536
|switch|p2a: Indeedee|Indeedee, M|26/100
|-damage|p2a: Indeedee|14/100|[from] Stealth Rock
|-fieldstart|move: Psychic Terrain|[from] ability: Psychic Surge|[of] p2a: Indeedee
|switch|p1a: Primarina|Primarina, F, shiny|100/100
|
|upkeep
|turn|16
|
|t:|1757909544
|move|p1a: Primarina|Flip Turn|p2a: Indeedee
|-damage|p2a: Indeedee|0 fnt
|faint|p2a: Indeedee
|
|t:|1757909549
|switch|p1a: Heatran|Heatran, M, shiny|91/100|[from] Flip Turn
|
|upkeep
|
|t:|1757909553
|switch|p2a: Ursaluna|Ursaluna, M, shiny|100/100
|-damage|p2a: Ursaluna|94/100|[from] Stealth Rock
|turn|17
|
|t:|1757909563
|switch|p1a: Great Tusk|Great Tusk, shiny|100/100
|move|p2a: Ursaluna|Headlong Rush|p1a: Great Tusk
|-damage|p1a: Great Tusk|44/100
|-unboost|p2a: Ursaluna|def|1
|-unboost|p2a: Ursaluna|spd|1
|
|-status|p2a: Ursaluna|brn|[from] item: Flame Orb
|upkeep
|turn|18
|
|t:|1757909571
|move|p2a: Ursaluna|Ice Punch|p1a: Great Tusk
|-supereffective|p1a: Great Tusk
|-damage|p1a: Great Tusk|0 fnt
|faint|p1a: Great Tusk
|-end|p1a: Great Tusk|Protosynthesis|[silent]
|
|-damage|p2a: Ursaluna|88/100 brn|[from] brn
|-fieldend|move: Trick Room
|upkeep
|
|t:|1757909573
|switch|p1a: Ogerpon|Ogerpon, F|32/100
|turn|19
|
|t:|1757909580
|move|p1a: Ogerpon|Ivy Cudgel|p2a: Ursaluna
|-supereffective|p2a: Ursaluna
|-damage|p2a: Ursaluna|0 fnt
|faint|p2a: Ursaluna
|
|upkeep
|
|t:|1757909584
|switch|p2a: Hoopa|Hoopa-Unbound|49/100
|-damage|p2a: Hoopa|37/100|[from] Stealth Rock
|turn|20
|
|t:|1757909606
|move|p1a: Ogerpon|Ivy Cudgel|p2a: Hoopa
|-damage|p2a: Hoopa|0 fnt
|faint|p2a: Hoopa
|
|upkeep
|-message|sdv38 forfeited.
|
|win|Megumin's Husband
|raw|Megumin&apos;s Husband's rating: 1193 &rarr; <strong>1222</strong><br />(+29 for winning)
|raw|sdv38's rating: 1242 &rarr; <strong>1213</strong><br />(-29 for losing)
|l|☆sdv38
|player|p2|
|l|☆Megumin's Husband
|player|p1|
