|j|☆gateauaukebab
|j|☆mala☆huju
|t:|1757948298
|gametype|singles
|player|p1|gateauaukebab|101|1627
|player|p2|mala☆huju|#malahuju|1630
|gen|9
|tier|[Gen 9] OU
|rated|
|rule|HP Percentage Mod: HP is shown in percentages
|rule|Endless Battle Clause: Forcing endless battles is banned
|rule|Species Clause: Limit one of each Pokémon
|rule|OHKO Clause: OHKO moves are banned
|rule|Evasion Items Clause: Evasion items are banned
|rule|Evasion Moves Clause: Evasion moves are banned
|rule|Evasion Abilities Clause: Evasion abilities are banned
|rule|Sleep Moves Clause: Sleep-inducing moves are banned
|clearpoke
|poke|p1|Alomomola, M|
|poke|p1|Cinderace, F|
|poke|p1|Iron Valiant|
|poke|p1|Meowscarada, M|
|poke|p1|Slowking-Galar, M|
|poke|p1|Ditto|
|poke|p2|Weezing-Galar, M|
|poke|p2|Alomomola, M|
|poke|p2|Ting-Lu|
|poke|p2|Zamazenta-*|
|poke|p2|Iron Crown|
|poke|p2|Ogerpon-Wellspring, F|
|teampreview
|inactive|Battle timer is ON: inactive players will automatically lose when time's up. (requested by gateauaukebab)
|inactive|mala☆huju has 120 seconds left.
|j| epicpikachu12
|inactive|mala☆huju has 90 seconds left.
|
|t:|1757948378
|teamsize|p1|6
|teamsize|p2|6
|start
|switch|p1a: Meowscarada|Meowscarada, M|100/100
|switch|p2a: Alomomola|Alomomola, M|100/100
|turn|1
|
|t:|1757948382
|move|p2a: Alomomola|Protect|p2a: Alomomola
|-singleturn|p2a: Alomomola|Protect
|move|p1a: Meowscarada|Flower Trick|p2a: Alomomola
|-start|p1a: Meowscarada|typechange|Grass|[from] ability: Protean
|-activate|p2a: Alomomola|move: Protect
|
|upkeep
|turn|2
|
|t:|1757948393
|move|p1a: Meowscarada|Flower Trick|p2a: Alomomola
|-supereffective|p2a: Alomomola
|-crit|p2a: Alomomola
|-damage|p2a: Alomomola|26/100
|move|p2a: Alomomola|Flip Turn|p1a: Meowscarada
|-resisted|p1a: Meowscarada
|-damage|p1a: Meowscarada|87/100
|
|t:|1757948408
|switch|p2a: Iron Crown|Iron Crown|100/100|[from] Flip Turn
|
|upkeep
|turn|3
|
|t:|1757948414
|switch|p1a: Slowking|Slowking-Galar, M|100/100
|move|p2a: Iron Crown|Volt Switch|p1a: Slowking
|-damage|p1a: Slowking|86/100
|j| Dionysos
|
|t:|1757948426
|-end|p2a: Iron Crown|Quark Drive|[silent]
|switch|p2a: Alomomola|Alomomola, M|59/100|[from] Volt Switch
|
|upkeep
|turn|4
|l| Dionysos
|
|t:|1757948433
|move|p2a: Alomomola|Flip Turn|p1a: Slowking
|-damage|p1a: Slowking|68/100
|
|t:|1757948438
|switch|p2a: Ting-Lu|Ting-Lu|100/100|[from] Flip Turn
|-ability|p2a: Ting-Lu|Vessel of Ruin
|move|p1a: Slowking|Future Sight|p2a: Ting-Lu
|-start|p1a: Slowking|move: Future Sight
|
|upkeep
|turn|5
|
|t:|1757948444
|switch|p1a: Meowscarada|Meowscarada, M|87/100
|move|p2a: Ting-Lu|Earthquake|p1a: Meowscarada
|-resisted|p1a: Meowscarada
|-damage|p1a: Meowscarada|58/100
|
|upkeep
|turn|6
|
|t:|1757948450
|switch|p2a: Weezing|Weezing-Galar, M|100/100
|-ability|p2a: Weezing|Neutralizing Gas
|move|p1a: Meowscarada|Flower Trick|p2a: Weezing
|-resisted|p2a: Weezing
|-crit|p2a: Weezing
|-damage|p2a: Weezing|78/100
|
|-end|p2a: Weezing|move: Future Sight
|-supereffective|p2a: Weezing
|-damage|p2a: Weezing|0 fnt
|faint|p2a: Weezing
|-end|p2a: Weezing|ability: Neutralizing Gas
|upkeep
|c|☆mala☆huju|oopse
|
|t:|1757948471
|switch|p2a: Iron Crown|Iron Crown|100/100
|turn|7
|
|t:|1757948475
|switch|p1a: Slowking|Slowking-Galar, M|100/100
|move|p2a: Iron Crown|Volt Switch|p1a: Slowking
|-damage|p1a: Slowking|87/100
|
|t:|1757948480
|-end|p2a: Iron Crown|Quark Drive|[silent]
|switch|p2a: Ting-Lu|Ting-Lu|100/100|[from] Volt Switch
|-ability|p2a: Ting-Lu|Vessel of Ruin
|
|upkeep
|turn|8
|
|t:|1757948487
|switch|p1a: Meowscarada|Meowscarada, M|58/100
|move|p2a: Ting-Lu|Stealth Rock|p1a: Meowscarada
|-sidestart|p1: gateauaukebab|move: Stealth Rock
|
|upkeep
|turn|9
|
|t:|1757948500
|move|p1a: Meowscarada|Flower Trick|p2a: Ting-Lu
|-start|p1a: Meowscarada|typechange|Grass|[from] ability: Protean
|-supereffective|p2a: Ting-Lu
|-crit|p2a: Ting-Lu
|-damage|p2a: Ting-Lu|19/100
|move|p2a: Ting-Lu|Ruination|p1a: Meowscarada
|-damage|p1a: Meowscarada|29/100
|
|-heal|p2a: Ting-Lu|25/100|[from] item: Leftovers
|upkeep
|turn|10
|
|t:|1757948509
|switch|p2a: Zamazenta|Zamazenta|100/100
|-ability|p2a: Zamazenta|Dauntless Shield|boost
|-boost|p2a: Zamazenta|def|1
|move|p1a: Meowscarada|Flower Trick|p2a: Zamazenta
|-crit|p2a: Zamazenta
|-damage|p2a: Zamazenta|35/100
|
|upkeep
|turn|11
|
|t:|1757948517
|switch|p1a: Alomomola|Alomomola, M|100/100
|-damage|p1a: Alomomola|88/100|[from] Stealth Rock
|move|p2a: Zamazenta|Crunch|p1a: Alomomola
|-damage|p1a: Alomomola|74/100
|-unboost|p1a: Alomomola|def|1
|-damage|p2a: Zamazenta|18/100|[from] item: Rocky Helmet|[of] p1a: Alomomola
|
|upkeep
|turn|12
|
|t:|1757948526
|switch|p2a: Alomomola|Alomomola, M|93/100
|move|p1a: Alomomola|Wish|p1a: Alomomola
|
|upkeep
|turn|13
|
|t:|1757948534
|move|p1a: Alomomola|Flip Turn|p2a: Alomomola
|-resisted|p2a: Alomomola
|-damage|p2a: Alomomola|88/100
|
|t:|1757948536
|switch|p1a: Meowscarada|Meowscarada, M|29/100|[from] Flip Turn
|-damage|p1a: Meowscarada|17/100|[from] Stealth Rock
|move|p2a: Alomomola|Wish|p2a: Alomomola
|
|-heal|p1a: Meowscarada|100/100|[from] move: Wish|[wisher] Alomomola
|upkeep
|turn|14
|
|t:|1757948548
|move|p1a: Meowscarada|Flower Trick|p2a: Alomomola
|-start|p1a: Meowscarada|typechange|Grass|[from] ability: Protean
|-supereffective|p2a: Alomomola
|-crit|p2a: Alomomola
|-damage|p2a: Alomomola|17/100
|move|p2a: Alomomola|Flip Turn|p1a: Meowscarada
|-resisted|p1a: Meowscarada
|-damage|p1a: Meowscarada|88/100
|
|t:|1757948556
|switch|p2a: Zamazenta|Zamazenta|18/100|[from] Flip Turn
|
|-heal|p2a: Zamazenta|100/100|[from] move: Wish|[wisher] Alomomola
|upkeep
|turn|15
|
|t:|1757948563
|switch|p2a: Ogerpon|Ogerpon-Wellspring, F|100/100
|switch|p1a: Iron Valiant|Iron Valiant|100/100
|-damage|p1a: Iron Valiant|94/100|[from] Stealth Rock
|-enditem|p1a: Iron Valiant|Booster Energy
|-activate|p1a: Iron Valiant|ability: Quark Drive|[fromitem]
|-start|p1a: Iron Valiant|quarkdrivespe
|
|upkeep
|turn|16
|
|t:|1757948572
|switch|p2a: Iron Crown|Iron Crown|100/100
|move|p1a: Iron Valiant|Moonblast|p2a: Iron Crown
|-resisted|p2a: Iron Crown
|-damage|p2a: Iron Crown|84/100
|
|upkeep
|turn|17
|
|t:|1757948593
|-terastallize|p1a: Iron Valiant|Ghost
|move|p1a: Iron Valiant|Shadow Ball|p2a: Iron Crown
|-supereffective|p2a: Iron Crown
|-damage|p2a: Iron Crown|33/100
|move|p2a: Iron Crown|Psyshock|p1a: Iron Valiant
|-crit|p1a: Iron Valiant
|-damage|p1a: Iron Valiant|14/100
|
|upkeep
|turn|18
|
|t:|1757948613
|move|p1a: Iron Valiant|Shadow Ball|p2a: Iron Crown
|-supereffective|p2a: Iron Crown
|-damage|p2a: Iron Crown|0 fnt
|faint|p2a: Iron Crown
|-end|p2a: Iron Crown|Quark Drive|[silent]
|
|upkeep
|
|t:|1757948621
|switch|p2a: Alomomola|Alomomola, M|50/100
|turn|19
|
|t:|1757948629
|-end|p1a: Iron Valiant|Quark Drive|[silent]
|switch|p1a: Meowscarada|Meowscarada, M|88/100
|-damage|p1a: Meowscarada|76/100|[from] Stealth Rock
|switch|p2a: Ting-Lu|Ting-Lu|25/100
|-ability|p2a: Ting-Lu|Vessel of Ruin
|
|-heal|p2a: Ting-Lu|31/100|[from] item: Leftovers
|upkeep
|turn|20
|
|t:|1757948640
|move|p1a: Meowscarada|Flower Trick|p2a: Ting-Lu
|-start|p1a: Meowscarada|typechange|Grass|[from] ability: Protean
|-supereffective|p2a: Ting-Lu
|-crit|p2a: Ting-Lu
|-damage|p2a: Ting-Lu|0 fnt
|faint|p2a: Ting-Lu
|
|upkeep
|
|t:|1757948645
|switch|p2a: Zamazenta|Zamazenta|100/100
|turn|21
|
|t:|1757948651
|switch|p1a: Alomomola|Alomomola, M|100/100
|-damage|p1a: Alomomola|88/100|[from] Stealth Rock
|move|p2a: Zamazenta|Stone Edge|p1a: Alomomola|[miss]
|-miss|p2a: Zamazenta|p1a: Alomomola
|
|upkeep
|turn|22
|
|t:|1757948656
|switch|p2a: Ogerpon|Ogerpon-Wellspring, F|100/100
|move|p1a: Alomomola|Wish|p1a: Alomomola
|
|upkeep
|turn|23
|
|t:|1757948664
|switch|p1a: Meowscarada|Meowscarada, M|76/100
|-damage|p1a: Meowscarada|63/100|[from] Stealth Rock
|move|p2a: Ogerpon|Trailblaze|p1a: Meowscarada
|-resisted|p1a: Meowscarada
|-damage|p1a: Meowscarada|41/100
|-boost|p2a: Ogerpon|spe|1
|
|-heal|p1a: Meowscarada|100/100|[from] move: Wish|[wisher] Alomomola
|upkeep
|turn|24
|
|t:|1757948674
|switch|p2a: Zamazenta|Zamazenta|100/100
|move|p1a: Meowscarada|U-turn|p2a: Zamazenta
|-start|p1a: Meowscarada|typechange|Bug|[from] ability: Protean
|-resisted|p2a: Zamazenta
|-damage|p2a: Zamazenta|80/100
|inactive|gateauaukebab has 120 seconds left.
|
|t:|1757948706
|switch|p1a: Alomomola|Alomomola, M|100/100|[from] U-turn
|-damage|p1a: Alomomola|88/100|[from] Stealth Rock
|
|upkeep
|turn|25
|
|t:|1757948719
|move|p2a: Zamazenta|Stone Edge|p1a: Alomomola
|-crit|p1a: Alomomola
|-damage|p1a: Alomomola|61/100
|move|p1a: Alomomola|Wish|p1a: Alomomola
|
|upkeep
|turn|26
|
|t:|1757948728
|switch|p2a: Ogerpon|Ogerpon-Wellspring, F|100/100
|switch|p1a: Meowscarada|Meowscarada, M|100/100
|-damage|p1a: Meowscarada|88/100|[from] Stealth Rock
|
|-heal|p1a: Meowscarada|100/100|[from] move: Wish|[wisher] Alomomola
|upkeep
|turn|27
|
|t:|1757948736
|switch|p2a: Zamazenta|Zamazenta|80/100
|move|p1a: Meowscarada|Flower Trick|p2a: Zamazenta
|-start|p1a: Meowscarada|typechange|Grass|[from] ability: Protean
|-crit|p2a: Zamazenta
|-damage|p2a: Zamazenta|8/100
|
|upkeep
|turn|28
|c|☆mala☆huju|gg
|-message|mala☆huju forfeited.
|
|win|gateauaukebab
|raw|gateauaukebab's rating: 1627 &rarr; <strong>1647</strong><br />(+20 for winning)
|raw|mala☆huju's rating: 1630 &rarr; <strong>1610</strong><br />(-20 for losing)
|l|☆mala☆huju
|player|p2|
|c|☆gateauaukebab|gg
|l| epicpikachu12
