|j|☆werw3rqwer3r
|j|☆hongbong
|t:|1757914656
|gametype|singles
|player|p1|werw3rqwer3r|1|1523
|player|p2|hongbong|n|1472
|gen|9
|tier|[Gen 9] OU
|rated|
|rule|HP Percentage Mod: HP is shown in percentages
|rule|Endless Battle Clause: Forcing endless battles is banned
|rule|Species Clause: Limit one of each Pokémon
|rule|OHKO Clause: OHKO moves are banned
|rule|Evasion Items Clause: Evasion items are banned
|rule|Evasion Moves Clause: Evasion moves are banned
|rule|Evasion Abilities Clause: Evasion abilities are banned
|rule|Sleep Moves Clause: Sleep-inducing moves are banned
|clearpoke
|poke|p1|Slither Wing|
|poke|p1|Ninetales, F|
|poke|p1|Raging Bolt|
|poke|p1|Dragapult, M|
|poke|p1|Great Tusk|
|poke|p1|Fezandipiti, M|
|poke|p2|Blaziken, M|
|poke|p2|Tentacruel, M|
|poke|p2|Zoroark-Hisui, M|
|poke|p2|Lycanroc-Dusk, F|
|poke|p2|Ogerpon, F|
|poke|p2|Hoopa-Unbound|
|teampreview
|inactive|Battle timer is ON: inactive players will automatically lose when time's up. (requested by werw3rqwer3r)
|
|t:|1757914666
|teamsize|p1|6
|teamsize|p2|6
|start
|switch|p1a: Dragapult|Dragapult, M|100/100
|switch|p2a: Blaziken|Blaziken, M|100/100
|turn|1
|
|t:|1757914668
|move|p1a: Dragapult|Dragon Darts|p2a: Blaziken
|-crit|p2a: Blaziken
|-damage|p2a: Blaziken|37/100
|-anim|p1a: Dragapult|Dragon Darts|p2a: Blaziken
|-damage|p2a: Blaziken|0 fnt
|faint|p2a: Blaziken
|-damage|p1a: Dragapult|91/100|[from] item: Life Orb
|
|upkeep
|c|☆hongbong|damn
|inactive|hongbong has 120 seconds left.
|
|t:|1757914699
|switch|p2a: Ogerpon|Ogerpon, F|100/100
|turn|2
|
|t:|1757914704
|switch|p1a: Ninetales|Ninetales, F|100/100
|-weather|SunnyDay|[from] ability: Drought|[of] p1a: Ninetales
|move|p2a: Ogerpon|Knock Off|p1a: Ninetales
|-damage|p1a: Ninetales|37/100
|-enditem|p1a: Ninetales|Heat Rock|[from] move: Knock Off|[of] p2a: Ogerpon
|
|-weather|SunnyDay|[upkeep]
|upkeep
|turn|3
|
|t:|1757914713
|move|p2a: Ogerpon|Knock Off|p1a: Ninetales
|-damage|p1a: Ninetales|0 fnt
|faint|p1a: Ninetales
|
|-weather|SunnyDay|[upkeep]
|upkeep
|
|t:|1757914717
|switch|p1a: Slither Wing|Slither Wing|100/100
|-activate|p1a: Slither Wing|ability: Protosynthesis
|-start|p1a: Slither Wing|protosynthesisatk
|turn|4
|
|t:|1757914720
|switch|p2a: Tentacruel|Tentacruel, M|100/100
|move|p1a: Slither Wing|Flare Blitz|p2a: Tentacruel
|-resisted|p2a: Tentacruel
|-damage|p2a: Tentacruel|31/100
|-damage|p1a: Slither Wing|74/100|[from] Recoil
|
|-weather|SunnyDay|[upkeep]
|upkeep
|turn|5
|
|t:|1757914725
|move|p1a: Slither Wing|Flare Blitz|p2a: Tentacruel
|-resisted|p2a: Tentacruel
|-damage|p2a: Tentacruel|0 fnt
|faint|p2a: Tentacruel
|-damage|p1a: Slither Wing|62/100|[from] Recoil
|
|-weather|SunnyDay|[upkeep]
|upkeep
|
|t:|1757914730
|switch|p2a: Lycanroc|Lycanroc-Dusk, F|100/100
|turn|6
|
|t:|1757914732
|-end|p1a: Slither Wing|Protosynthesis|[silent]
|switch|p1a: Great Tusk|Great Tusk|100/100
|-activate|p1a: Great Tusk|ability: Protosynthesis
|-start|p1a: Great Tusk|protosynthesisatk
|move|p2a: Lycanroc|Stone Edge|p1a: Great Tusk
|-resisted|p1a: Great Tusk
|-damage|p1a: Great Tusk|92/100
|
|-weather|SunnyDay|[upkeep]
|upkeep
|turn|7
|
|t:|1757914744
|move|p2a: Lycanroc|Close Combat|p1a: Great Tusk
|-damage|p1a: Great Tusk|58/100
|-unboost|p2a: Lycanroc|def|1
|-unboost|p2a: Lycanroc|spd|1
|move|p1a: Great Tusk|Headlong Rush|p2a: Lycanroc
|-supereffective|p2a: Lycanroc
|-enditem|p2a: Lycanroc|Focus Sash
|-damage|p2a: Lycanroc|1/100
|-unboost|p1a: Great Tusk|def|1
|-unboost|p1a: Great Tusk|spd|1
|
|-weather|SunnyDay|[upkeep]
|upkeep
|turn|8
|
|t:|1757914747
|move|p2a: Lycanroc|Endeavor|p1a: Great Tusk
|-damage|p1a: Great Tusk|1/100
|move|p1a: Great Tusk|Rapid Spin|p2a: Lycanroc
|-resisted|p2a: Lycanroc
|-damage|p2a: Lycanroc|0 fnt
|-boost|p1a: Great Tusk|spe|1
|faint|p2a: Lycanroc
|
|-weather|SunnyDay|[upkeep]
|upkeep
|
|t:|1757914756
|switch|p2a: Ogerpon|Ogerpon, F|100/100
|turn|9
|
|t:|1757914759
|-terastallize|p2a: Ogerpon|Grass
|detailschange|p2a: Ogerpon|Ogerpon-Teal-Tera, F, tera:Grass
|-ability|p2a: Ogerpon|Embody Aspect (Teal)|boost
|-boost|p2a: Ogerpon|spe|1
|move|p2a: Ogerpon|U-turn|p1a: Great Tusk
|-resisted|p1a: Great Tusk
|-damage|p1a: Great Tusk|0 fnt
|faint|p1a: Great Tusk
|-end|p1a: Great Tusk|Protosynthesis|[silent]
|
|t:|1757914761
|switch|p2a: Hoopa|Hoopa-Unbound|100/100|[from] U-turn
|
|-weather|none
|upkeep
|
|t:|1757914764
|switch|p1a: Slither Wing|Slither Wing|62/100
|turn|10
|
|t:|1757914767
|move|p1a: Slither Wing|First Impression|p2a: Hoopa
|-resisted|p2a: Hoopa
|-damage|p2a: Hoopa|25/100
|replace|p2a: Zoroark|Zoroark-Hisui, M
|-end|p2a: Zoroark|Illusion
|move|p2a: Zoroark|Shadow Ball|p1a: Slither Wing
|-damage|p1a: Slither Wing|0 fnt
|faint|p1a: Slither Wing
|-end|p1a: Slither Wing|Protosynthesis|[silent]
|
|upkeep
|
|t:|1757914771
|switch|p1a: Fezandipiti|Fezandipiti, M|100/100
|turn|11
|
|t:|1757914774
|move|p2a: Zoroark|Shadow Ball|p1a: Fezandipiti
|-damage|p1a: Fezandipiti|64/100
|-unboost|p1a: Fezandipiti|spd|1
|move|p1a: Fezandipiti|U-turn|p2a: Zoroark
|-resisted|p2a: Zoroark
|-damage|p2a: Zoroark|6/100
|-status|p2a: Zoroark|tox|[from] ability: Toxic Chain|[of] p1a: Fezandipiti
|
|t:|1757914778
|switch|p1a: Raging Bolt|Raging Bolt|100/100|[from] U-turn
|
|-damage|p2a: Zoroark|0 fnt|[from] psn
|faint|p2a: Zoroark
|upkeep
|
|t:|1757914788
|switch|p2a: Ogerpon|Ogerpon-Teal-Tera, F, tera:Grass|100/100
|-ability|p2a: Ogerpon|Embody Aspect (Teal)|boost
|-boost|p2a: Ogerpon|spe|1
|turn|12
|
|t:|1757914792
|move|p2a: Ogerpon|Knock Off|p1a: Raging Bolt
|-damage|p1a: Raging Bolt|58/100
|-enditem|p1a: Raging Bolt|Choice Specs|[from] move: Knock Off|[of] p2a: Ogerpon
|move|p1a: Raging Bolt|Weather Ball|p2a: Ogerpon
|-damage|p2a: Ogerpon|78/100
|
|upkeep
|turn|13
|
|t:|1757914797
|move|p2a: Ogerpon|Knock Off|p1a: Raging Bolt
|-damage|p1a: Raging Bolt|28/100
|move|p1a: Raging Bolt|Draco Meteor|p2a: Ogerpon
|-damage|p2a: Ogerpon|0 fnt
|-unboost|p1a: Raging Bolt|spa|2
|faint|p2a: Ogerpon
|detailschange|p2: Ogerpon|Ogerpon, F|[silent]
|
|upkeep
|
|t:|1757914800
|switch|p2a: Hoopa|Hoopa-Unbound|100/100
|turn|14
|
|t:|1757914802
|move|p2a: Hoopa|Nasty Plot|p2a: Hoopa
|-boost|p2a: Hoopa|spa|2
|move|p1a: Raging Bolt|Draco Meteor|p2a: Hoopa
|-damage|p2a: Hoopa|66/100
|-unboost|p1a: Raging Bolt|spa|2
|
|upkeep
|turn|15
|
|t:|1757914806
|move|p2a: Hoopa|Focus Blast|p1a: Raging Bolt|[miss]
|-miss|p2a: Hoopa|p1a: Raging Bolt
|-enditem|p2a: Hoopa|Blunder Policy
|-boost|p2a: Hoopa|spe|2
|move|p1a: Raging Bolt|Draco Meteor|p2a: Hoopa
|-damage|p2a: Hoopa|43/100
|-unboost|p1a: Raging Bolt|spa|2
|
|upkeep
|turn|16
|
|t:|1757914809
|move|p2a: Hoopa|Dark Pulse|p1a: Raging Bolt
|-damage|p1a: Raging Bolt|0 fnt
|faint|p1a: Raging Bolt
|-end|p1a: Raging Bolt|Protosynthesis|[silent]
|
|upkeep
|
|t:|1757914811
|switch|p1a: Fezandipiti|Fezandipiti, M|64/100
|turn|17
|
|t:|1757914816
|move|p2a: Hoopa|Psyshock|p1a: Fezandipiti
|-supereffective|p1a: Fezandipiti
|-damage|p1a: Fezandipiti|0 fnt
|faint|p1a: Fezandipiti
|-item|p2a: Hoopa|Heavy-Duty Boots|[from] ability: Magician|[of] p1: Fezandipiti
|
|upkeep
|
|t:|1757914818
|switch|p1a: Dragapult|Dragapult, M|91/100
|turn|18
|
|t:|1757914819
|move|p2a: Hoopa|Dark Pulse|p1a: Dragapult
|-supereffective|p1a: Dragapult
|-damage|p1a: Dragapult|0 fnt
|faint|p1a: Dragapult
|
|win|hongbong
|raw|werw3rqwer3r's rating: 1523 &rarr; <strong>1500</strong><br />(-23 for losing)
|raw|hongbong's rating: 1472 &rarr; <strong>1495</strong><br />(+23 for winning)
|l|☆werw3rqwer3r
|player|p1|
|l|☆hongbong
|player|p2|
