|j|☆yin_open
|j|☆leithal7
|t:|1757893088
|gametype|singles
|player|p1|yin_open|juan|1082
|player|p2|leithal7|1|1118
|gen|9
|tier|[Gen 9] OU
|rated|
|rule|HP Percentage Mod: HP is shown in percentages
|rule|Endless Battle Clause: Forcing endless battles is banned
|rule|Species Clause: Limit one of each Pokémon
|rule|OHKO Clause: OHKO moves are banned
|rule|Evasion Items Clause: Evasion items are banned
|rule|Evasion Moves Clause: Evasion moves are banned
|rule|Evasion Abilities Clause: Evasion abilities are banned
|rule|Sleep Moves Clause: Sleep-inducing moves are banned
|clearpoke
|poke|p1|Rillaboom, F|
|poke|p1|Infernape, M|
|poke|p1|Zarude-Dada|
|poke|p1|Okidogi, M|
|poke|p1|Munkidori, M|
|poke|p1|Slaking, M|
|poke|p2|Azumarill, F|
|poke|p2|Dragonite, M|
|poke|p2|Scizor, M|
|poke|p2|Darkrai|
|poke|p2|Clefable, M|
|poke|p2|Zamazenta-*|
|teampreview
|
|t:|1757893102
|teamsize|p1|6
|teamsize|p2|6
|start
|switch|p1a: Infernape|Infernape, M|100/100
|switch|p2a: Zamazenta|Zamazenta|100/100
|-ability|p2a: Zamazenta|Dauntless Shield|boost
|-boost|p2a: Zamazenta|def|1
|turn|1
|
|t:|1757893121
|switch|p1a: Okidogi|Okidogi, M|100/100
|move|p2a: Zamazenta|Iron Defense|p2a: Zamazenta
|-boost|p2a: Zamazenta|def|2
|
|upkeep
|turn|2
|
|t:|1757893135
|move|p1a: Okidogi|Psychic Fangs|p2a: Zamazenta
|-supereffective|p2a: Zamazenta
|-damage|p2a: Zamazenta|83/100
|-status|p2a: Zamazenta|tox|[from] ability: Toxic Chain|[of] p1a: Okidogi
|move|p2a: Zamazenta|Roar|p1a: Okidogi
|drag|p1a: Infernape|Infernape, M|100/100
|
|-heal|p2a: Zamazenta|89/100 tox|[from] item: Leftovers
|-damage|p2a: Zamazenta|83/100 tox|[from] psn
|upkeep
|turn|3
|
|t:|1757893147
|move|p2a: Zamazenta|Body Press|p1a: Infernape
|-enditem|p1a: Infernape|Focus Sash
|-damage|p1a: Infernape|1/100
|move|p1a: Infernape|Fire Blast|p2a: Zamazenta
|-damage|p2a: Zamazenta|42/100 tox
|
|-heal|p2a: Zamazenta|48/100 tox|[from] item: Leftovers
|-damage|p2a: Zamazenta|36/100 tox|[from] psn
|upkeep
|turn|4
|
|t:|1757893159
|move|p1a: Infernape|Vacuum Wave|p2a: Zamazenta
|-damage|p2a: Zamazenta|21/100 tox
|move|p2a: Zamazenta|Body Press|p1a: Infernape
|-damage|p1a: Infernape|0 fnt
|faint|p1a: Infernape
|
|-heal|p2a: Zamazenta|27/100 tox|[from] item: Leftovers
|-damage|p2a: Zamazenta|9/100 tox|[from] psn
|upkeep
|
|t:|1757893181
|switch|p1a: Munkidori|Munkidori, M|100/100
|turn|5
|
|t:|1757893231
|move|p2a: Zamazenta|Body Press|p1a: Munkidori
|-resisted|p1a: Munkidori
|-damage|p1a: Munkidori|69/100
|move|p1a: Munkidori|Shadow Ball|p2a: Zamazenta
|-damage|p2a: Zamazenta|0 fnt
|faint|p2a: Zamazenta
|
|upkeep
|
|t:|1757893245
|switch|p2a: Darkrai|Darkrai|100/100
|turn|6
|
|t:|1757893252
|switch|p1a: Slaking|Slaking, M|100/100
|move|p2a: Darkrai|Nasty Plot|p2a: Darkrai
|-boost|p2a: Darkrai|spa|2
|
|upkeep
|turn|7
|
|t:|1757893260
|move|p1a: Slaking|Giga Impact|p2a: Darkrai
|-damage|p2a: Darkrai|0 fnt
|-mustrecharge|p1a: Slaking
|faint|p2a: Darkrai
|
|upkeep
|
|t:|1757893266
|switch|p2a: Scizor|Scizor, M, shiny|100/100
|turn|8
|
|t:|1757893270
|cant|p1a: Slaking|recharge
|move|p2a: Scizor|Close Combat|p1a: Slaking
|-supereffective|p1a: Slaking
|-damage|p1a: Slaking|0 fnt
|-unboost|p2a: Scizor|def|1
|-unboost|p2a: Scizor|spd|1
|faint|p1a: Slaking
|
|upkeep
|
|t:|1757893284
|switch|p1a: Munkidori|Munkidori, M|69/100
|turn|9
|
|t:|1757893308
|switch|p2a: Clefable|Clefable, M|100/100
|move|p1a: Munkidori|Trick|p2a: Clefable
|-activate|p1a: Munkidori|move: Trick|[of] p2a: Clefable
|-item|p2a: Clefable|Choice Band|[from] move: Trick
|-item|p1a: Munkidori|Leftovers|[from] move: Trick
|
|-heal|p1a: Munkidori|75/100|[from] item: Leftovers
|upkeep
|turn|10
|
|t:|1757893323
|move|p1a: Munkidori|Sludge Bomb|p2a: Clefable
|-supereffective|p2a: Clefable
|-damage|p2a: Clefable|14/100
|-status|p2a: Clefable|psn
|move|p2a: Clefable|Moonblast|p1a: Munkidori
|-resisted|p1a: Munkidori
|-damage|p1a: Munkidori|57/100
|
|-heal|p1a: Munkidori|63/100|[from] item: Leftovers
|upkeep
|turn|11
|
|t:|1757893328
|move|p1a: Munkidori|Psychic|p2a: Clefable
|-damage|p2a: Clefable|0 fnt
|faint|p2a: Clefable
|
|-heal|p1a: Munkidori|69/100|[from] item: Leftovers
|upkeep
|
|t:|1757893331
|switch|p2a: Dragonite|Dragonite, M, shiny|100/100
|turn|12
|
|t:|1757893334
|move|p1a: Munkidori|Sludge Bomb|p2a: Dragonite
|-damage|p2a: Dragonite|73/100
|move|p2a: Dragonite|Dragon Dance|p2a: Dragonite
|-boost|p2a: Dragonite|atk|1
|-boost|p2a: Dragonite|spe|1
|
|-heal|p1a: Munkidori|75/100|[from] item: Leftovers
|upkeep
|turn|13
|
|t:|1757893338
|move|p2a: Dragonite|Roost|p2a: Dragonite
|-heal|p2a: Dragonite|100/100
|-singleturn|p2a: Dragonite|move: Roost
|move|p1a: Munkidori|Sludge Bomb|p2a: Dragonite
|-damage|p2a: Dragonite|74/100
|-status|p2a: Dragonite|psn
|
|-heal|p1a: Munkidori|81/100|[from] item: Leftovers
|-damage|p2a: Dragonite|62/100 psn|[from] psn
|upkeep
|turn|14
|
|t:|1757893347
|move|p2a: Dragonite|Earthquake|p1a: Munkidori
|-supereffective|p1a: Munkidori
|-damage|p1a: Munkidori|0 fnt
|faint|p1a: Munkidori
|
|-damage|p2a: Dragonite|49/100 psn|[from] psn
|upkeep
|
|t:|1757893356
|switch|p1a: Okidogi|Okidogi, M|100/100
|turn|15
|
|t:|1757893360
|move|p2a: Dragonite|Earthquake|p1a: Okidogi
|-supereffective|p1a: Okidogi
|-damage|p1a: Okidogi|23/100
|move|p1a: Okidogi|Poison Jab|p2a: Dragonite
|-damage|p2a: Dragonite|6/100 psn
|
|-damage|p2a: Dragonite|0 fnt|[from] psn
|faint|p2a: Dragonite
|upkeep
|
|t:|1757893365
|switch|p2a: Azumarill|Azumarill, F, shiny|100/100
|turn|16
|
|t:|1757893369
|move|p1a: Okidogi|Upper Hand||[still]
|-fail|p1a: Okidogi
|move|p2a: Azumarill|Belly Drum|p2a: Azumarill
|-damage|p2a: Azumarill|51/100
|-setboost|p2a: Azumarill|atk|6|[from] move: Belly Drum
|
|upkeep
|turn|17
|
|t:|1757893373
|move|p2a: Azumarill|Aqua Jet|p1a: Okidogi
|-damage|p1a: Okidogi|0 fnt
|faint|p1a: Okidogi
|
|upkeep
|
|t:|1757893380
|switch|p1a: Rillaboom|Rillaboom, F|100/100
|-fieldstart|move: Grassy Terrain|[from] ability: Grassy Surge|[of] p1a: Rillaboom
|turn|18
|
|t:|1757893393
|move|p1a: Rillaboom|Grassy Glide|p2a: Azumarill
|-supereffective|p2a: Azumarill
|-damage|p2a: Azumarill|0 fnt
|faint|p2a: Azumarill
|-damage|p1a: Rillaboom|91/100|[from] item: Life Orb
|
|-heal|p1a: Rillaboom|97/100|[from] Grassy Terrain
|upkeep
|
|t:|1757893396
|switch|p2a: Scizor|Scizor, M, shiny|100/100
|turn|19
|
|t:|1757893399
|move|p1a: Rillaboom|Drain Punch|p2a: Scizor
|-damage|p2a: Scizor|67/100
|-heal|p1a: Rillaboom|100/100|[from] drain|[of] p2a: Scizor
|-damage|p1a: Rillaboom|91/100|[from] item: Life Orb
|move|p2a: Scizor|Dual Wingbeat|p1a: Rillaboom|[miss]
|-miss|p2a: Scizor|p1a: Rillaboom
|
|-heal|p1a: Rillaboom|97/100|[from] Grassy Terrain
|-heal|p2a: Scizor|73/100|[from] Grassy Terrain
|upkeep
|turn|20
|
|t:|1757893404
|move|p1a: Rillaboom|Drain Punch|p2a: Scizor
|-damage|p2a: Scizor|42/100
|-heal|p1a: Rillaboom|100/100|[from] drain|[of] p2a: Scizor
|-damage|p1a: Rillaboom|91/100|[from] item: Life Orb
|move|p2a: Scizor|Dual Wingbeat|p1a: Rillaboom
|-supereffective|p1a: Rillaboom
|-damage|p1a: Rillaboom|17/100
|-supereffective|p1a: Rillaboom
|-damage|p1a: Rillaboom|0 fnt
|faint|p1a: Rillaboom
|-hitcount|p1: Rillaboom|2
|
|-heal|p2a: Scizor|48/100|[from] Grassy Terrain
|upkeep
|
|t:|1757893407
|switch|p1a: Zarude|Zarude-Dada|100/100
|turn|21
|
|t:|1757893411
|-terastallize|p1a: Zarude|Dark
|move|p1a: Zarude|Knock Off|p2a: Scizor
|-damage|p2a: Scizor|0 fnt
|-enditem|p2a: Scizor|Choice Band|[from] move: Knock Off|[of] p1a: Zarude
|faint|p2a: Scizor
|
|win|yin_open
|raw|yin_open's rating: 1082 &rarr; <strong>1113</strong><br />(+31 for winning)
|raw|leithal7's rating: 1118 &rarr; <strong>1090</strong><br />(-28 for losing)
|l|☆yin_open
|player|p1|
|l|☆leithal7
|player|p2|
|j|☆yin_open
|player|p1|yin_open|juan|
