|j|☆Dncjejgjdjcjd
|j|☆sakuya 2hu
|t:|1757857969
|gametype|singles
|player|p1|Dncjejgjdjcjd|scientist-gen4|1070
|player|p2|sakuya 2hu|sailor-gen1|1059
|gen|9
|tier|[Gen 9] OU
|rated|
|rule|HP Percentage Mod: HP is shown in percentages
|rule|Endless Battle Clause: Forcing endless battles is banned
|rule|Species Clause: Limit one of each Pokémon
|rule|OHKO Clause: OHKO moves are banned
|rule|Evasion Items Clause: Evasion items are banned
|rule|Evasion Moves Clause: Evasion moves are banned
|rule|Evasion Abilities Clause: Evasion abilities are banned
|rule|Sleep Moves Clause: Sleep-inducing moves are banned
|clearpoke
|poke|p1|Gliscor, M|
|poke|p1|Blissey, F|
|poke|p1|Toxapex, M|
|poke|p1|Alomomola, F|
|poke|p1|Clodsire, F|
|poke|p1|Dondozo, M|
|poke|p2|Latios, M|
|poke|p2|Electrode|
|poke|p2|Tyranitar, F|
|poke|p2|Glimmet, F|
|poke|p2|Drilbur, M|
|poke|p2|Blastoise, M|
|teampreview
|
|t:|1757857979
|teamsize|p1|6
|teamsize|p2|6
|start
|switch|p1a: You tried|Gliscor, M, shiny|100/100
|switch|p2a: coochie|Glimmet, F|100/100
|turn|1
|
|t:|1757857989
|move|p1a: You tried|Knock Off|p2a: coochie
|-damage|p2a: coochie|51/100
|-activate|p2a: coochie|ability: Toxic Debris
|-sidestart|p1: Dncjejgjdjcjd|move: Toxic Spikes
|-enditem|p2a: coochie|Focus Sash|[from] move: Knock Off|[of] p1a: You tried
|move|p2a: coochie|Stealth Rock|p1a: You tried
|-sidestart|p1: Dncjejgjdjcjd|move: Stealth Rock
|
|-status|p1a: You tried|tox|[from] item: Toxic Orb
|upkeep
|turn|2
|
|t:|1757858005
|switch|p2a: mayano top gun|Latios, M|100/100
|move|p1a: You tried|Knock Off|p2a: mayano top gun
|-supereffective|p2a: mayano top gun
|-damage|p2a: mayano top gun|41/100
|-enditem|p2a: mayano top gun|Choice Scarf|[from] move: Knock Off|[of] p1a: You tried
|
|upkeep
|turn|3
|
|t:|1757858018
|-terastallize|p1a: You tried|Ghost
|move|p2a: mayano top gun|Ice Beam|p1a: You tried
|-damage|p1a: You tried|59/100 tox
|move|p1a: You tried|Toxic|p2a: mayano top gun
|-status|p2a: mayano top gun|tox
|
|-damage|p2a: mayano top gun|35/100 tox|[from] psn
|-heal|p1a: You tried|71/100 tox|[from] ability: Poison Heal
|upkeep
|turn|4
|
|t:|1757858025
|move|p1a: You tried|Protect|p1a: You tried
|-singleturn|p1a: You tried|Protect
|move|p2a: mayano top gun|Draco Meteor|p1a: You tried
|-activate|p1a: You tried|move: Protect
|
|-damage|p2a: mayano top gun|23/100 tox|[from] psn
|-heal|p1a: You tried|84/100 tox|[from] ability: Poison Heal
|upkeep
|turn|5
|
|t:|1757858030
|switch|p1a: Thiccccc|Blissey, F, shiny|100/100
|move|p2a: mayano top gun|Draco Meteor|p1a: Thiccccc
|-damage|p1a: Thiccccc|77/100
|-unboost|p2a: mayano top gun|spa|2
|
|-damage|p2a: mayano top gun|5/100 tox|[from] psn
|upkeep
|turn|6
|
|t:|1757858038
|switch|p1a: You tried|Gliscor, M, shiny, tera:Ghost|84/100 tox
|-damage|p1a: You tried|71/100 tox|[from] Stealth Rock
|move|p2a: mayano top gun|Flip Turn|p1a: You tried
|-damage|p1a: You tried|64/100 tox
|
|t:|1757858049
|switch|p2a: The king|Drilbur, M, shiny|100/100|[from] Flip Turn
|
|-heal|p1a: You tried|77/100 tox|[from] ability: Poison Heal
|upkeep
|turn|7
|
|t:|1757858056
|move|p1a: You tried|Knock Off|p2a: The king
|-damage|p2a: The king|41/100
|-enditem|p2a: The king|Choice Band|[from] move: Knock Off|[of] p1a: You tried
|move|p2a: The king|Earthquake|p1a: You tried
|-damage|p1a: You tried|50/100 tox
|
|-heal|p1a: You tried|63/100 tox|[from] ability: Poison Heal
|upkeep
|turn|8
|c|☆sakuya 2hu|:(
|-message|sakuya 2hu forfeited.
|
|win|Dncjejgjdjcjd
|raw|Dncjejgjdjcjd's rating: 1098 &rarr; <strong>1120</strong><br />(+22 for winning)
|raw|sakuya 2hu's rating: 1059 &rarr; <strong>1042</strong><br />(-17 for losing)
|l|☆sakuya 2hu
|player|p2|
|l|☆Dncjejgjdjcjd
|player|p1|
