|j|☆Bogobor101
|j|☆Devrai
|t:|1757796000
|gametype|singles
|player|p1|Bogobor101|170|1468
|player|p2|Devrai|zinnia|1492
|gen|9
|tier|[Gen 9] OU
|rated|
|rule|HP Percentage Mod: HP is shown in percentages
|rule|Endless Battle Clause: Forcing endless battles is banned
|rule|Species Clause: Limit one of each Pokémon
|rule|OHKO Clause: OHKO moves are banned
|rule|Evasion Items Clause: Evasion items are banned
|rule|Evasion Moves Clause: Evasion moves are banned
|rule|Evasion Abilities Clause: Evasion abilities are banned
|rule|Sleep Moves Clause: Sleep-inducing moves are banned
|clearpoke
|poke|p1|Corviknight, F|
|poke|p1|Great Tusk|
|poke|p1|Slowking-Galar, F|
|poke|p1|Rillaboom, F|
|poke|p1|Dragapult, F|
|poke|p1|Kingambit, M|
|poke|p2|Araquanid, M|
|poke|p2|Iron Treads|
|poke|p2|Skeledirge, F|
|poke|p2|Serperior, F|
|poke|p2|Gardevoir, F|
|poke|p2|Raichu, F|
|teampreview
|inactive|Battle timer is ON: inactive players will automatically lose when time's up. (requested by Devrai)
|
|t:|1757796011
|teamsize|p1|6
|teamsize|p2|6
|start
|switch|p1a: Rillaboom|Rillaboom, F|100/100
|switch|p2a: Bubble Buddy|Araquanid, M, shiny|100/100
|-fieldstart|move: Grassy Terrain|[from] ability: Grassy Surge|[of] p1a: Rillaboom
|turn|1
|
|t:|1757796017
|-terastallize|p1a: Rillaboom|Grass
|move|p1a: Rillaboom|Wood Hammer|p2a: Bubble Buddy
|-damage|p2a: Bubble Buddy|0 fnt
|faint|p2a: Bubble Buddy
|-damage|p1a: Rillaboom|68/100|[from] Recoil
|
|-heal|p1a: Rillaboom|74/100|[from] Grassy Terrain
|upkeep
|
|t:|1757796019
|switch|p2a: Nagini|Serperior, F, shiny|100/100
|turn|2
|
|t:|1757796023
|-terastallize|p2a: Nagini|Stellar
|move|p2a: Nagini|Tera Blast|p1a: Rillaboom|[anim] Tera Blast Stellar
|-supereffective|p1a: Rillaboom
|-damage|p1a: Rillaboom|0 fnt
|-boost|p2a: Nagini|atk|1
|-boost|p2a: Nagini|spa|1
|faint|p1a: Rillaboom
|
|upkeep
|
|t:|1757796028
|switch|p1a: Slowking|Slowking-Galar, F|100/100
|turn|3
|
|t:|1757796030
|move|p2a: Nagini|Glare|p1a: Slowking
|-status|p1a: Slowking|par
|move|p1a: Slowking|Sludge Bomb|p2a: Nagini
|-supereffective|p2a: Nagini
|-damage|p2a: Nagini|0 fnt
|faint|p2a: Nagini
|
|upkeep
|
|t:|1757796034
|switch|p2a: King Gator|Skeledirge, F, shiny|100/100
|turn|4
|
|t:|1757796039
|move|p2a: King Gator|Will-O-Wisp||[still]
|-fail|p2a: King Gator
|move|p1a: Slowking|Future Sight|p2a: King Gator
|-start|p1a: Slowking|move: Future Sight
|
|upkeep
|turn|5
|
|t:|1757796042
|move|p2a: King Gator|Hex|p1a: Slowking
|-supereffective|p1a: Slowking
|-damage|p1a: Slowking|42/100 par
|cant|p1a: Slowking|par
|
|-heal|p1a: Slowking|48/100 par|[from] Grassy Terrain
|-fieldend|move: Grassy Terrain
|upkeep
|turn|6
|
|t:|1757796046
|switch|p1a: Great Tusk|Great Tusk|100/100
|move|p2a: King Gator|Will-O-Wisp|p1a: Great Tusk
|-status|p1a: Great Tusk|brn
|
|-end|p2a: King Gator|move: Future Sight
|-damage|p2a: King Gator|51/100
|-heal|p2a: King Gator|57/100|[from] item: Leftovers
|-damage|p1a: Great Tusk|94/100 brn|[from] brn
|upkeep
|turn|7
|
|t:|1757796050
|switch|p2a: Treadmill|Iron Treads, shiny|100/100
|move|p1a: Great Tusk|Stealth Rock|p2a: Treadmill
|-sidestart|p2: Devrai|move: Stealth Rock
|
|-damage|p1a: Great Tusk|88/100 brn|[from] brn
|upkeep
|turn|8
|
|t:|1757796054
|move|p2a: Treadmill|Stealth Rock|p1a: Great Tusk
|-sidestart|p1: Bogobor101|move: Stealth Rock
|move|p1a: Great Tusk|Headlong Rush|p2a: Treadmill
|-supereffective|p2a: Treadmill
|-damage|p2a: Treadmill|60/100
|-unboost|p1a: Great Tusk|def|1
|-unboost|p1a: Great Tusk|spd|1
|
|-damage|p1a: Great Tusk|82/100 brn|[from] brn
|upkeep
|turn|9
|
|t:|1757796057
|-end|p2a: Treadmill|Quark Drive|[silent]
|switch|p2a: King Gator|Skeledirge, F, shiny|57/100
|-damage|p2a: King Gator|32/100|[from] Stealth Rock
|move|p1a: Great Tusk|Rapid Spin|p2a: King Gator
|-immune|p2a: King Gator
|
|-heal|p2a: King Gator|38/100|[from] item: Leftovers
|-damage|p1a: Great Tusk|76/100 brn|[from] brn
|upkeep
|turn|10
|
|t:|1757796061
|move|p1a: Great Tusk|Headlong Rush|p2a: King Gator
|-supereffective|p2a: King Gator
|-damage|p2a: King Gator|0 fnt
|-unboost|p1a: Great Tusk|def|1
|-unboost|p1a: Great Tusk|spd|1
|faint|p2a: King Gator
|
|-damage|p1a: Great Tusk|69/100 brn|[from] brn
|upkeep
|
|t:|1757796064
|switch|p2a: Ampere|Raichu, F|100/100
|-damage|p2a: Ampere|88/100|[from] Stealth Rock
|turn|11
|
|t:|1757796070
|move|p2a: Ampere|Thunderbolt|p1a: Great Tusk
|-immune|p1a: Great Tusk
|move|p1a: Great Tusk|Rapid Spin|p2a: Ampere
|-damage|p2a: Ampere|74/100
|-boost|p1a: Great Tusk|spe|1
|-sideend|p1: Bogobor101|Stealth Rock|[from] move: Rapid Spin|[of] p1a: Great Tusk
|
|-damage|p1a: Great Tusk|63/100 brn|[from] brn
|upkeep
|turn|12
|-message|Devrai forfeited.
|
|win|Bogobor101
|raw|Bogobor101's rating: 1468 &rarr; <strong>1489</strong><br />(+21 for winning)
|raw|Devrai's rating: 1492 &rarr; <strong>1471</strong><br />(-21 for losing)
|l|☆Devrai
|player|p2|
|l|☆Bogobor101
|player|p1|
