|j|☆callooee
|j|☆AJ1207
|t:|1757802043
|gametype|singles
|player|p1|callooee|elesa|1225
|player|p2|AJ1207|flannery|1261
|gen|9
|tier|[Gen 9] OU
|rated|
|rule|HP Percentage Mod: HP is shown in percentages
|rule|Endless Battle Clause: Forcing endless battles is banned
|rule|Species Clause: Limit one of each Pokémon
|rule|OHKO Clause: OHKO moves are banned
|rule|Evasion Items Clause: Evasion items are banned
|rule|Evasion Moves Clause: Evasion moves are banned
|rule|Evasion Abilities Clause: Evasion abilities are banned
|rule|Sleep Moves Clause: Sleep-inducing moves are banned
|clearpoke
|poke|p1|Alomomola, F|
|poke|p1|Kyurem|
|poke|p1|Landorus-Therian, M|
|poke|p1|Samurott-Hisui, M|
|poke|p1|Iron Crown|
|poke|p1|Iron Moth|
|poke|p2|Yanmega, M|
|poke|p2|Alomomola, M|
|poke|p2|Darkrai|
|poke|p2|Metagross|
|poke|p2|Ogerpon-Cornerstone, F|
|poke|p2|Great Tusk|
|teampreview
|
|t:|1757802059
|teamsize|p1|6
|teamsize|p2|6
|start
|switch|p1a: Landorus|Landorus-Therian, M|100/100
|switch|p2a: Ogerpon|Ogerpon-Cornerstone, F|100/100
|-ability|p1a: Landorus|Intimidate|boost
|-unboost|p2a: Ogerpon|atk|1
|turn|1
|
|t:|1757802076
|switch|p2a: Alomomola|Alomomola, M|100/100
|move|p1a: Landorus|Earth Power|p2a: Alomomola
|-damage|p2a: Alomomola|82/100
|
|upkeep
|turn|2
|
|t:|1757802083
|move|p1a: Landorus|Stealth Rock|p2a: Alomomola
|-sidestart|p2: AJ1207|move: Stealth Rock
|move|p2a: Alomomola|Flip Turn|p1a: Landorus
|-supereffective|p1a: Landorus
|-damage|p1a: Landorus|69/100
|-damage|p2a: Alomomola|65/100|[from] item: Rocky Helmet|[of] p1a: Landorus
|
|t:|1757802086
|switch|p2a: Great Tusk|Great Tusk|100/100|[from] Flip Turn
|-damage|p2a: Great Tusk|98/100|[from] Stealth Rock
|
|-heal|p2a: Great Tusk|100/100|[from] item: Leftovers
|upkeep
|turn|3
|
|t:|1757802100
|move|p1a: Landorus|U-turn|p2a: Great Tusk
|-resisted|p2a: Great Tusk
|-damage|p2a: Great Tusk|94/100
|
|t:|1757802104
|switch|p1a: Samurott|Samurott-Hisui, M|100/100|[from] U-turn
|move|p2a: Great Tusk|Rapid Spin|p1a: Samurott
|-damage|p1a: Samurott|82/100
|-boost|p2a: Great Tusk|spe|1
|-sideend|p2: AJ1207|Stealth Rock|[from] move: Rapid Spin|[of] p2a: Great Tusk
|
|-heal|p2a: Great Tusk|99/100|[from] item: Leftovers
|upkeep
|turn|4
|
|t:|1757802114
|-end|p2a: Great Tusk|Protosynthesis|[silent]
|switch|p2a: Alomomola|Alomomola, M|98/100
|-terastallize|p1a: Samurott|Ghost
|move|p1a: Samurott|Aqua Cutter|p2a: Alomomola
|-resisted|p2a: Alomomola
|-damage|p2a: Alomomola|82/100
|
|upkeep
|turn|5
|
|t:|1757802127
|switch|p1a: Kyurem|Kyurem|100/100
|-ability|p1a: Kyurem|Pressure
|move|p2a: Alomomola|Flip Turn|p1a: Kyurem
|-resisted|p1a: Kyurem
|-damage|p1a: Kyurem|93/100
|
|t:|1757802132
|switch|p2a: Metagross|Metagross|100/100|[from] Flip Turn
|
|upkeep
|turn|6
|
|t:|1757802142
|move|p1a: Kyurem|Earth Power|p2a: Metagross
|-supereffective|p2a: Metagross
|-damage|p2a: Metagross|31/100
|move|p2a: Metagross|Knock Off|p1a: Kyurem
|-damage|p1a: Kyurem|64/100
|-enditem|p1a: Kyurem|Heavy-Duty Boots|[from] move: Knock Off|[of] p2a: Metagross
|
|-heal|p2a: Metagross|38/100|[from] item: Leftovers
|upkeep
|turn|7
|
|t:|1757802153
|switch|p2a: Alomomola|Alomomola, M|100/100
|move|p1a: Kyurem|Earth Power|p2a: Alomomola
|-damage|p2a: Alomomola|83/100
|
|upkeep
|turn|8
|
|t:|1757802158
|move|p1a: Kyurem|Freeze-Dry|p2a: Alomomola
|-supereffective|p2a: Alomomola
|-damage|p2a: Alomomola|42/100
|move|p2a: Alomomola|Mirror Coat|p1a: Kyurem
|-damage|p1a: Kyurem|0 fnt
|faint|p1a: Kyurem
|
|upkeep
|
|t:|1757802166
|switch|p1a: Iron Crown|Iron Crown|100/100
|turn|9
|
|t:|1757802171
|move|p1a: Iron Crown|Volt Switch|p2a: Alomomola
|-supereffective|p2a: Alomomola
|-damage|p2a: Alomomola|16/100
|
|t:|1757802181
|-end|p1a: Iron Crown|Quark Drive|[silent]
|switch|p1a: Alomomola|Alomomola, F|100/100|[from] Volt Switch
|move|p2a: Alomomola|Flip Turn|p1a: Alomomola
|-resisted|p1a: Alomomola
|-damage|p1a: Alomomola|96/100
|
|t:|1757802198
|switch|p2a: Metagross|Metagross|38/100|[from] Flip Turn
|
|-heal|p2a: Metagross|44/100|[from] item: Leftovers
|upkeep
|turn|10
|
|t:|1757802209
|move|p2a: Metagross|Stealth Rock|p1a: Alomomola
|-sidestart|p1: callooee|move: Stealth Rock
|move|p1a: Alomomola|Flip Turn|p2a: Metagross
|-crit|p2a: Metagross
|-damage|p2a: Metagross|29/100
|
|t:|1757802213
|switch|p1a: Samurott|Samurott-Hisui, M, tera:Ghost|82/100|[from] Flip Turn
|-damage|p1a: Samurott|70/100|[from] Stealth Rock
|
|-heal|p2a: Metagross|36/100|[from] item: Leftovers
|upkeep
|turn|11
|
|t:|1757802235
|switch|p2a: Great Tusk|Great Tusk|99/100
|move|p1a: Samurott|Aqua Cutter|p2a: Great Tusk
|-supereffective|p2a: Great Tusk
|-crit|p2a: Great Tusk
|-damage|p2a: Great Tusk|2/100
|
|-heal|p2a: Great Tusk|8/100|[from] item: Leftovers
|upkeep
|turn|12
|
|t:|1757802241
|move|p1a: Samurott|Aqua Cutter|p2a: Great Tusk
|-supereffective|p2a: Great Tusk
|-damage|p2a: Great Tusk|0 fnt
|faint|p2a: Great Tusk
|-end|p2a: Great Tusk|Protosynthesis|[silent]
|
|upkeep
|
|t:|1757802249
|switch|p2a: Alomomola|Alomomola, M|49/100
|turn|13
|
|t:|1757802306
|switch|p1a: Alomomola|Alomomola, F|100/100
|move|p2a: Alomomola|Flip Turn|p1a: Alomomola
|-resisted|p1a: Alomomola
|-damage|p1a: Alomomola|97/100
|
|t:|1757802311
|switch|p2a: Ogerpon|Ogerpon-Cornerstone, F|100/100|[from] Flip Turn
|
|upkeep
|turn|14
|
|t:|1757802318
|move|p2a: Ogerpon|Power Whip|p1a: Alomomola
|-supereffective|p1a: Alomomola
|-damage|p1a: Alomomola|21/100
|move|p1a: Alomomola|Scald|p2a: Ogerpon
|-damage|p2a: Ogerpon|86/100
|
|upkeep
|turn|15
|
|t:|1757802339
|switch|p1a: Iron Moth|Iron Moth|100/100
|-damage|p1a: Iron Moth|76/100|[from] Stealth Rock
|-enditem|p1a: Iron Moth|Booster Energy
|-activate|p1a: Iron Moth|ability: Quark Drive|[fromitem]
|-start|p1a: Iron Moth|quarkdrivespa
|move|p2a: Ogerpon|Ivy Cudgel|p1a: Iron Moth|[anim] Ivy Cudgel Rock
|-supereffective|p1a: Iron Moth
|-damage|p1a: Iron Moth|0 fnt
|faint|p1a: Iron Moth
|-end|p1a: Iron Moth|Quark Drive|[silent]
|
|upkeep
|c|☆callooee|caught
|
|t:|1757802356
|switch|p1a: Samurott|Samurott-Hisui, M, tera:Ghost|70/100
|-damage|p1a: Samurott|58/100|[from] Stealth Rock
|turn|16
|
|t:|1757802389
|move|p1a: Samurott|Ceaseless Edge|p2a: Ogerpon
|-damage|p2a: Ogerpon|30/100
|-sidestart|p2: AJ1207|Spikes
|move|p2a: Ogerpon|Ivy Cudgel|p1a: Samurott|[anim] Ivy Cudgel Rock
|-damage|p1a: Samurott|0 fnt
|faint|p1a: Samurott
|
|upkeep
|
|t:|1757802403
|switch|p1a: Landorus|Landorus-Therian, M|69/100
|-damage|p1a: Landorus|56/100|[from] Stealth Rock
|-ability|p1a: Landorus|Intimidate|boost
|-unboost|p2a: Ogerpon|atk|1
|turn|17
|
|t:|1757802458
|move|p2a: Ogerpon|Power Whip|p1a: Landorus
|-damage|p1a: Landorus|10/100
|-damage|p2a: Ogerpon|14/100|[from] item: Rocky Helmet|[of] p1a: Landorus
|move|p1a: Landorus|Earth Power|p2a: Ogerpon
|-damage|p2a: Ogerpon|0 fnt
|faint|p2a: Ogerpon
|
|upkeep
|
|t:|1757802466
|switch|p2a: Darkrai|Darkrai|100/100
|-damage|p2a: Darkrai|88/100|[from] Spikes
|turn|18
|
|t:|1757802484
|move|p2a: Darkrai|Dark Pulse|p1a: Landorus
|-damage|p1a: Landorus|0 fnt
|faint|p1a: Landorus
|
|upkeep
|
|t:|1757802487
|switch|p1a: Iron Crown|Iron Crown|100/100
|-damage|p1a: Iron Crown|94/100|[from] Stealth Rock
|turn|19
|
|t:|1757802495
|move|p2a: Darkrai|Dark Pulse|p1a: Iron Crown
|-supereffective|p1a: Iron Crown
|-damage|p1a: Iron Crown|34/100
|move|p1a: Iron Crown|Tachyon Cutter|p2a: Darkrai
|-damage|p2a: Darkrai|55/100
|-damage|p2a: Darkrai|21/100
|-hitcount|p2a: Darkrai|2
|
|upkeep
|turn|20
|
|t:|1757802499
|-end|p1a: Iron Crown|Quark Drive|[silent]
|switch|p1a: Alomomola|Alomomola, F|55/100
|move|p2a: Darkrai|Dark Pulse|p1a: Alomomola
|-damage|p1a: Alomomola|3/100
|
|upkeep
|turn|21
|
|t:|1757802502
|move|p2a: Darkrai|Dark Pulse|p1a: Alomomola
|-damage|p1a: Alomomola|0 fnt
|faint|p1a: Alomomola
|
|upkeep
|
|t:|1757802503
|switch|p1a: Iron Crown|Iron Crown|34/100
|-damage|p1a: Iron Crown|28/100|[from] Stealth Rock
|turn|22
|
|t:|1757802505
|move|p2a: Darkrai|Dark Pulse|p1a: Iron Crown
|-supereffective|p1a: Iron Crown
|-damage|p1a: Iron Crown|0 fnt
|faint|p1a: Iron Crown
|-end|p1a: Iron Crown|Quark Drive|[silent]
|
|win|AJ1207
|raw|callooee's rating: 1225 &rarr; <strong>1203</strong><br />(-22 for losing)
|raw|AJ1207's rating: 1261 &rarr; <strong>1283</strong><br />(+22 for winning)
|c|☆callooee|gg
|c|☆AJ1207|gg
|l|☆callooee
|player|p1|
