|j|☆kwsjjdjwjshshsjsja
|j|☆kaboch kaban
|t:|1757934514
|gametype|singles
|player|p1|kwsjjdjwjshshsjsja|red|1425
|player|p2|kaboch kaban|benga|1442
|gen|9
|tier|[Gen 9] OU
|rated|
|rule|HP Percentage Mod: HP is shown in percentages
|rule|Endless Battle Clause: Forcing endless battles is banned
|rule|Species Clause: Limit one of each Pokémon
|rule|OHKO Clause: OHKO moves are banned
|rule|Evasion Items Clause: Evasion items are banned
|rule|Evasion Moves Clause: Evasion moves are banned
|rule|Evasion Abilities Clause: Evasion abilities are banned
|rule|Sleep Moves Clause: Sleep-inducing moves are banned
|clearpoke
|poke|p1|Typhlosion-Hisui, F|
|poke|p1|Skarmory, F|
|poke|p1|Cinderace, M|
|poke|p1|Slither Wing|
|poke|p1|Torkoal, F|
|poke|p1|Crawdaunt, M|
|poke|p2|Corviknight, F|
|poke|p2|Glimmora, M|
|poke|p2|Slowking-Galar, M|
|poke|p2|Dragapult, M|
|poke|p2|Landorus-Therian, M|
|poke|p2|Iron Valiant|
|teampreview
|inactive|Battle timer is ON: inactive players will automatically lose when time's up. (requested by kwsjjdjwjshshsjsja)
|
|t:|1757934522
|teamsize|p1|6
|teamsize|p2|6
|start
|switch|p1a: Skarmory|Skarmory, F|100/100
|switch|p2a: Glimmora|Glimmora, M|100/100
|turn|1
|
|t:|1757934532
|move|p2a: Glimmora|Stealth Rock|p1a: Skarmory
|-sidestart|p1: kwsjjdjwjshshsjsja|move: Stealth Rock
|move|p1a: Skarmory|Body Press|p2a: Glimmora
|-crit|p2a: Glimmora
|-damage|p2a: Glimmora|45/100
|-activate|p2a: Glimmora|ability: Toxic Debris
|-sidestart|p1: kwsjjdjwjshshsjsja|move: Toxic Spikes
|
|upkeep
|turn|2
|
|t:|1757934543
|switch|p2a: Dragapult|Dragapult, M|100/100
|move|p1a: Skarmory|Body Press|p2a: Dragapult
|-immune|p2a: Dragapult
|
|upkeep
|turn|3
|
|t:|1757934552
|move|p2a: Dragapult|Shadow Ball|p1a: Skarmory
|-damage|p1a: Skarmory|32/100
|move|p1a: Skarmory|Stealth Rock|p2a: Dragapult
|-sidestart|p2: kaboch kaban|move: Stealth Rock
|
|-heal|p1a: Skarmory|38/100|[from] item: Leftovers
|upkeep
|turn|4
|
|t:|1757934559
|move|p2a: Dragapult|Shadow Ball|p1a: Skarmory
|-damage|p1a: Skarmory|0 fnt
|faint|p1a: Skarmory
|
|upkeep
|
|t:|1757934566
|switch|p1a: Typhlosion|Typhlosion-Hisui, F|100/100
|-damage|p1a: Typhlosion|76/100|[from] Stealth Rock
|-status|p1a: Typhlosion|psn
|-item|p2a: Dragapult|Choice Specs|[from] ability: Frisk|[of] p1a: Typhlosion
|turn|5
|
|t:|1757934583
|switch|p2a: Glimmora|Glimmora, M|45/100
|-damage|p2a: Glimmora|33/100|[from] Stealth Rock
|move|p1a: Typhlosion|Shadow Ball|p2a: Glimmora
|-damage|p2a: Glimmora|0 fnt
|faint|p2a: Glimmora
|
|-damage|p1a: Typhlosion|64/100 psn|[from] psn
|upkeep
|
|t:|1757934598
|switch|p2a: Landorus|Landorus-Therian, M|100/100
|-damage|p2a: Landorus|88/100|[from] Stealth Rock
|-ability|p2a: Landorus|Intimidate|boost
|-unboost|p1a: Typhlosion|atk|1
|turn|6
|
|t:|1757934608
|move|p2a: Landorus|Earthquake|p1a: Typhlosion
|-supereffective|p1a: Typhlosion
|-damage|p1a: Typhlosion|0 fnt
|faint|p1a: Typhlosion
|
|upkeep
|
|t:|1757934613
|switch|p1a: Torkoal|Torkoal, F|100/100
|-damage|p1a: Torkoal|76/100|[from] Stealth Rock
|-status|p1a: Torkoal|psn
|-weather|SunnyDay|[from] ability: Drought|[of] p1a: Torkoal
|turn|7
|
|t:|1757934620
|-terastallize|p1a: Torkoal|Flying
|move|p2a: Landorus|Earthquake|p1a: Torkoal
|-immune|p1a: Torkoal
|move|p1a: Torkoal|Rapid Spin|p2a: Landorus
|-crit|p2a: Landorus
|-damage|p2a: Landorus|72/100
|-boost|p1a: Torkoal|spe|1
|-sideend|p1: kwsjjdjwjshshsjsja|Toxic Spikes|[from] move: Rapid Spin|[of] p1a: Torkoal
|-sideend|p1: kwsjjdjwjshshsjsja|Stealth Rock|[from] move: Rapid Spin|[of] p1a: Torkoal
|
|-weather|SunnyDay|[upkeep]
|-damage|p1a: Torkoal|63/100 psn|[from] psn
|upkeep
|turn|8
|
|t:|1757934632
|switch|p2a: Slowking|Slowking-Galar, M|100/100
|move|p1a: Torkoal|Ancient Power|p2a: Slowking
|-damage|p2a: Slowking|91/100
|
|-weather|SunnyDay|[upkeep]
|-damage|p1a: Torkoal|51/100 psn|[from] psn
|upkeep
|turn|9
|
|t:|1757934641
|move|p1a: Torkoal|Earth Power|p2a: Slowking
|-supereffective|p2a: Slowking
|-damage|p2a: Slowking|65/100
|move|p2a: Slowking|Sludge Bomb|p1a: Torkoal
|-damage|p1a: Torkoal|0 fnt
|faint|p1a: Torkoal
|
|-weather|SunnyDay|[upkeep]
|upkeep
|
|t:|1757934644
|switch|p1a: Slither Wing|Slither Wing|100/100
|-activate|p1a: Slither Wing|ability: Protosynthesis
|-start|p1a: Slither Wing|protosynthesisatk
|turn|10
|
|t:|1757934655
|move|p1a: Slither Wing|Flare Blitz|p2a: Slowking
|-damage|p2a: Slowking|0 fnt
|faint|p2a: Slowking
|-damage|p1a: Slither Wing|74/100|[from] Recoil
|
|-weather|SunnyDay|[upkeep]
|upkeep
|
|t:|1757934662
|switch|p2a: Dragapult|Dragapult, M|100/100
|-damage|p2a: Dragapult|88/100|[from] Stealth Rock
|turn|11
|
|t:|1757934666
|move|p2a: Dragapult|Flamethrower|p1a: Slither Wing
|-supereffective|p1a: Slither Wing
|-damage|p1a: Slither Wing|0 fnt
|faint|p1a: Slither Wing
|-end|p1a: Slither Wing|Protosynthesis|[silent]
|
|-weather|SunnyDay|[upkeep]
|upkeep
|
|t:|1757934684
|switch|p1a: Crawdaunt|Crawdaunt, M|100/100
|turn|12
|
|t:|1757934698
|switch|p2a: Corviknight|Corviknight, F|100/100
|-ability|p2a: Corviknight|Pressure
|move|p1a: Crawdaunt|Dragon Dance|p1a: Crawdaunt
|-boost|p1a: Crawdaunt|atk|1
|-boost|p1a: Crawdaunt|spe|1
|
|-weather|SunnyDay|[upkeep]
|upkeep
|turn|13
|
|t:|1757934708
|move|p1a: Crawdaunt|Dragon Dance|p1a: Crawdaunt
|-boost|p1a: Crawdaunt|atk|1
|-boost|p1a: Crawdaunt|spe|1
|move|p2a: Corviknight|Body Press|p1a: Crawdaunt
|-supereffective|p1a: Crawdaunt
|-damage|p1a: Crawdaunt|29/100
|
|-weather|SunnyDay|[upkeep]
|upkeep
|turn|14
|
|t:|1757934718
|-terastallize|p2a: Corviknight|Dragon
|move|p1a: Crawdaunt|Knock Off|p2a: Corviknight
|-damage|p2a: Corviknight|13/100
|-enditem|p2a: Corviknight|Heavy-Duty Boots|[from] move: Knock Off|[of] p1a: Crawdaunt
|move|p2a: Corviknight|Body Press|p1a: Crawdaunt
|-supereffective|p1a: Crawdaunt
|-damage|p1a: Crawdaunt|0 fnt
|faint|p1a: Crawdaunt
|
|-weather|none
|upkeep
|
|t:|1757934724
|switch|p1a: Cinderace|Cinderace, M|100/100
|turn|15
|
|t:|1757934735
|move|p1a: Cinderace|Pyro Ball|p2a: Corviknight
|-resisted|p2a: Corviknight
|-damage|p2a: Corviknight|0 fnt
|faint|p2a: Corviknight
|
|upkeep
|
|t:|1757934739
|switch|p2a: Landorus|Landorus-Therian, M|72/100
|-damage|p2a: Landorus|60/100|[from] Stealth Rock
|-ability|p2a: Landorus|Intimidate|boost
|-unboost|p1a: Cinderace|atk|1
|turn|16
|
|t:|1757934744
|move|p2a: Landorus|Earthquake|p1a: Cinderace
|-supereffective|p1a: Cinderace
|-damage|p1a: Cinderace|0 fnt
|faint|p1a: Cinderace
|
|win|kaboch kaban
|raw|kwsjjdjwjshshsjsja's rating: 1425 &rarr; <strong>1406</strong><br />(-19 for losing)
|raw|kaboch kaban's rating: 1442 &rarr; <strong>1461</strong><br />(+19 for winning)
|c|☆kwsjjdjwjshshsjsja|Ggs
|c|☆kaboch kaban|gg
|l|☆kwsjjdjwjshshsjsja
|player|p1|
|l|☆kaboch kaban
|player|p2|
