|j|☆KingKaido107
|j|☆AnonymousJon
|t:|1757909484
|gametype|singles
|player|p1|KingKaido107|dragontamer-gen6|1696
|player|p2|AnonymousJon|workerice|1777
|gen|9
|tier|[Gen 9] OU
|rated|
|rule|HP Percentage Mod: HP is shown in percentages
|rule|Endless Battle Clause: Forcing endless battles is banned
|rule|Species Clause: Limit one of each Pokémon
|rule|OHKO Clause: OHKO moves are banned
|rule|Evasion Items Clause: Evasion items are banned
|rule|Evasion Moves Clause: Evasion moves are banned
|rule|Evasion Abilities Clause: Evasion abilities are banned
|rule|Sleep Moves Clause: Sleep-inducing moves are banned
|clearpoke
|poke|p1|Slowking-Galar, F|
|poke|p1|Kyurem|
|poke|p1|Cinderace, M|
|poke|p1|Tornadus-Therian, M|
|poke|p1|Hydrapple, F|
|poke|p1|Kingambit, F|
|poke|p2|Great Tusk|
|poke|p2|Ogerpon-Cornerstone, F|
|poke|p2|Rillaboom, F|
|poke|p2|Tyranitar, F|
|poke|p2|Corviknight, F|
|poke|p2|Dragapult, F|
|teampreview
|inactive|Battle timer is ON: inactive players will automatically lose when time's up. (requested by AnonymousJon)
|inactive|KingKaido107 also wants the timer to be on.
|
|t:|1757909493
|teamsize|p1|6
|teamsize|p2|6
|start
|switch|p1a: Thieving Drunk|Tornadus-Therian, M|100/100
|switch|p2a: Tyranitar|Tyranitar, F|100/100
|-weather|Sandstorm|[from] ability: Sand Stream|[of] p2a: Tyranitar
|turn|1
|
|t:|1757909497
|move|p1a: Thieving Drunk|Knock Off|p2a: Tyranitar
|-resisted|p2a: Tyranitar
|-damage|p2a: Tyranitar|93/100
|-enditem|p2a: Tyranitar|Leftovers|[from] move: Knock Off|[of] p1a: Thieving Drunk
|move|p2a: Tyranitar|Stealth Rock|p1a: Thieving Drunk
|-sidestart|p1: KingKaido107|move: Stealth Rock
|
|-weather|Sandstorm|[upkeep]
|-damage|p1a: Thieving Drunk|94/100|[from] Sandstorm
|upkeep
|turn|2
|
|t:|1757909501
|move|p1a: Thieving Drunk|U-turn|p2a: Tyranitar
|-supereffective|p2a: Tyranitar
|-damage|p2a: Tyranitar|69/100
|
|t:|1757909504
|switch|p1a: Depressed Drunk|Slowking-Galar, F|100/100|[from] U-turn
|-damage|p1a: Depressed Drunk|88/100|[from] Stealth Rock
|move|p2a: Tyranitar|Knock Off|p1a: Depressed Drunk
|-supereffective|p1a: Depressed Drunk
|-enditem|p1a: Depressed Drunk|Colbur Berry|[eat]
|-enditem|p1a: Depressed Drunk|Colbur Berry|[weaken]
|-damage|p1a: Depressed Drunk|54/100
|
|-weather|Sandstorm|[upkeep]
|-damage|p1a: Depressed Drunk|48/100|[from] Sandstorm
|upkeep
|turn|3
|
|t:|1757909508
|move|p2a: Tyranitar|Knock Off|p1a: Depressed Drunk
|-supereffective|p1a: Depressed Drunk
|-damage|p1a: Depressed Drunk|4/100
|-prepare|p1a: Depressed Drunk|Chilly Reception|[premajor]
|move|p1a: Depressed Drunk|Chilly Reception|p1a: Depressed Drunk
|-weather|Snowscape
|
|t:|1757909511
|switch|p1a: Boro Breath|Cinderace, M|100/100|[from] Chilly Reception
|
|-weather|Snowscape|[upkeep]
|upkeep
|turn|4
|
|t:|1757909516
|switch|p2a: Corviknight|Corviknight, F|100/100
|-ability|p2a: Corviknight|Pressure
|move|p1a: Boro Breath|U-turn|p2a: Corviknight
|-start|p1a: Boro Breath|typechange|Bug|[from] ability: Libero
|-resisted|p2a: Corviknight
|-crit|p2a: Corviknight
|-damage|p2a: Corviknight|93/100
|-damage|p1a: Boro Breath|84/100|[from] item: Rocky Helmet|[of] p2a: Corviknight
|
|t:|1757909519
|switch|p1a: Depressed Drunk|Slowking-Galar, F|37/100|[from] U-turn
|-damage|p1a: Depressed Drunk|24/100|[from] Stealth Rock
|
|-weather|Snowscape|[upkeep]
|upkeep
|turn|5
|
|t:|1757909521
|move|p2a: Corviknight|Brave Bird|p1a: Depressed Drunk
|-crit|p1a: Depressed Drunk
|-damage|p1a: Depressed Drunk|0 fnt
|faint|p1a: Depressed Drunk
|-damage|p2a: Corviknight|85/100|[from] Recoil
|
|-weather|Snowscape|[upkeep]
|upkeep
|
|t:|1757909522
|switch|p1a: Boro Breath|Cinderace, M|84/100
|turn|6
|
|t:|1757909527
|switch|p2a: Tyranitar|Tyranitar, F|69/100
|-weather|Sandstorm|[from] ability: Sand Stream|[of] p2a: Tyranitar
|move|p1a: Boro Breath|Will-O-Wisp|p2a: Tyranitar|[miss]
|-miss|p1a: Boro Breath|p2a: Tyranitar
|
|-weather|Sandstorm|[upkeep]
|-damage|p1a: Boro Breath|78/100|[from] Sandstorm
|upkeep
|turn|7
|
|t:|1757909530
|move|p1a: Boro Breath|Will-O-Wisp|p2a: Tyranitar
|-status|p2a: Tyranitar|brn
|move|p2a: Tyranitar|Knock Off|p1a: Boro Breath
|-damage|p1a: Boro Breath|48/100
|-enditem|p1a: Boro Breath|Heavy-Duty Boots|[from] move: Knock Off|[of] p2a: Tyranitar
|
|-weather|Sandstorm|[upkeep]
|-damage|p1a: Boro Breath|42/100|[from] Sandstorm
|-damage|p2a: Tyranitar|62/100 brn|[from] brn
|upkeep
|turn|8
|
|t:|1757909535
|switch|p2a: Corviknight|Corviknight, F|85/100
|-ability|p2a: Corviknight|Pressure
|move|p1a: Boro Breath|Pyro Ball|p2a: Corviknight
|-supereffective|p2a: Corviknight
|-damage|p2a: Corviknight|18/100
|
|-weather|Sandstorm|[upkeep]
|-damage|p1a: Boro Breath|36/100|[from] Sandstorm
|upkeep
|turn|9
|
|t:|1757909539
|move|p1a: Boro Breath|Court Change|p1a: Boro Breath
|-start|p1a: Boro Breath|typechange|Normal|[from] ability: Libero
|-swapsideconditions
|-activate|p1a: Boro Breath|move: Court Change
|move|p2a: Corviknight|Brave Bird|p1a: Boro Breath
|-damage|p1a: Boro Breath|0 fnt
|faint|p1a: Boro Breath
|-damage|p2a: Corviknight|10/100|[from] Recoil
|
|-weather|Sandstorm|[upkeep]
|upkeep
|
|t:|1757909541
|switch|p1a: Ragnaraku|Kyurem|100/100
|-ability|p1a: Ragnaraku|Pressure
|turn|10
|
|t:|1757909544
|move|p1a: Ragnaraku|Freeze-Dry|p2a: Corviknight
|-damage|p2a: Corviknight|0 fnt
|faint|p2a: Corviknight
|
|-weather|none
|upkeep
|
|t:|1757909547
|switch|p2a: Tyranitar|Tyranitar, F|62/100 brn
|-damage|p2a: Tyranitar|50/100 brn|[from] Stealth Rock
|-weather|Sandstorm|[from] ability: Sand Stream|[of] p2a: Tyranitar
|turn|11
|
|t:|1757909549
|move|p1a: Ragnaraku|Freeze-Dry|p2a: Tyranitar
|-damage|p2a: Tyranitar|26/100 brn
|move|p2a: Tyranitar|Stealth Rock|p1a: Ragnaraku
|-sidestart|p1: KingKaido107|move: Stealth Rock
|
|-weather|Sandstorm|[upkeep]
|-damage|p1a: Ragnaraku|94/100|[from] Sandstorm
|-damage|p2a: Tyranitar|19/100 brn|[from] brn
|upkeep
|turn|12
|
|t:|1757909557
|move|p1a: Ragnaraku|Freeze-Dry|p2a: Tyranitar
|-damage|p2a: Tyranitar|0 fnt
|faint|p2a: Tyranitar
|
|-weather|Sandstorm|[upkeep]
|-damage|p1a: Ragnaraku|88/100|[from] Sandstorm
|upkeep
|
|t:|1757909560
|switch|p2a: Ogerpon|Ogerpon-Cornerstone, F|100/100
|-damage|p2a: Ogerpon|88/100|[from] Stealth Rock
|turn|13
|
|t:|1757909562
|switch|p1a: Laughing Drunk|Hydrapple, F|100/100
|-damage|p1a: Laughing Drunk|88/100|[from] Stealth Rock
|move|p2a: Ogerpon|Ivy Cudgel|p1a: Laughing Drunk|[anim] Ivy Cudgel Rock
|-damage|p1a: Laughing Drunk|54/100
|
|-weather|Sandstorm|[upkeep]
|-damage|p1a: Laughing Drunk|48/100|[from] Sandstorm
|upkeep
|turn|14
|
|t:|1757909567
|move|p2a: Ogerpon|Swords Dance|p2a: Ogerpon
|-boost|p2a: Ogerpon|atk|2
|move|p1a: Laughing Drunk|Giga Drain|p2a: Ogerpon
|-damage|p2a: Ogerpon|64/100
|-heal|p1a: Laughing Drunk|57/100|[from] drain|[of] p2a: Ogerpon
|
|-weather|Sandstorm|[upkeep]
|-damage|p1a: Laughing Drunk|51/100|[from] Sandstorm
|upkeep
|turn|15
|
|t:|1757909581
|switch|p1a: Raging Drunk|Kingambit, F|100/100
|-damage|p1a: Raging Drunk|94/100|[from] Stealth Rock
|-activate|p1a: Raging Drunk|ability: Supreme Overlord
|-start|p1a: Raging Drunk|fallen2|[silent]
|move|p2a: Ogerpon|Ivy Cudgel|p1a: Raging Drunk|[anim] Ivy Cudgel Rock
|-resisted|p1a: Raging Drunk
|-damage|p1a: Raging Drunk|50/100
|
|-weather|none
|upkeep
|turn|16
|
|t:|1757909587
|move|p1a: Raging Drunk|Sucker Punch|p2a: Ogerpon
|-damage|p2a: Ogerpon|0 fnt
|faint|p2a: Ogerpon
|
|upkeep
|
|t:|1757909590
|switch|p2a: Great Tusk|Great Tusk|100/100
|-damage|p2a: Great Tusk|98/100|[from] Stealth Rock
|turn|17
|
|t:|1757909592
|-end|p1a: Raging Drunk|fallen2|[silent]
|switch|p1a: Laughing Drunk|Hydrapple, F|84/100
|-damage|p1a: Laughing Drunk|71/100|[from] Stealth Rock
|move|p2a: Great Tusk|Rapid Spin|p1a: Laughing Drunk
|-damage|p1a: Laughing Drunk|62/100
|-boost|p2a: Great Tusk|spe|1
|-damage|p2a: Great Tusk|81/100|[from] item: Rocky Helmet|[of] p1a: Laughing Drunk
|-sideend|p2: AnonymousJon|Stealth Rock|[from] move: Rapid Spin|[of] p2a: Great Tusk
|
|upkeep
|turn|18
|
|t:|1757909603
|move|p2a: Great Tusk|Ice Spinner|p1a: Laughing Drunk
|-supereffective|p1a: Laughing Drunk
|-damage|p1a: Laughing Drunk|4/100
|-damage|p2a: Great Tusk|65/100|[from] item: Rocky Helmet|[of] p1a: Laughing Drunk
|move|p1a: Laughing Drunk|Giga Drain|p2a: Great Tusk
|-supereffective|p2a: Great Tusk
|-damage|p2a: Great Tusk|24/100
|-heal|p1a: Laughing Drunk|24/100|[from] drain|[of] p2a: Great Tusk
|
|upkeep
|turn|19
|j| heatraniac
|l| heatraniac
|
|t:|1757909617
|switch|p1a: Ragnaraku|Kyurem|88/100
|-damage|p1a: Ragnaraku|63/100|[from] Stealth Rock
|-ability|p1a: Ragnaraku|Pressure
|move|p2a: Great Tusk|Rapid Spin|p1a: Ragnaraku
|-damage|p1a: Ragnaraku|48/100
|-boost|p2a: Great Tusk|spe|1
|
|upkeep
|turn|20
|
|t:|1757909625
|move|p2a: Great Tusk|Headlong Rush|p1a: Ragnaraku
|-damage|p1a: Ragnaraku|0 fnt
|-unboost|p2a: Great Tusk|def|1
|-unboost|p2a: Great Tusk|spd|1
|faint|p1a: Ragnaraku
|
|upkeep
|
|t:|1757909627
|switch|p1a: Thieving Drunk|Tornadus-Therian, M|100/100
|turn|21
|
|t:|1757909630
|move|p2a: Great Tusk|Ice Spinner|p1a: Thieving Drunk
|-supereffective|p1a: Thieving Drunk
|-damage|p1a: Thieving Drunk|37/100
|move|p1a: Thieving Drunk|Bleakwind Storm|p2a: Great Tusk
|-supereffective|p2a: Great Tusk
|-damage|p2a: Great Tusk|0 fnt
|faint|p2a: Great Tusk
|-end|p2a: Great Tusk|Protosynthesis|[silent]
|
|upkeep
|
|t:|1757909633
|switch|p2a: Dragapult|Dragapult, F|100/100
|turn|22
|
|t:|1757909635
|move|p2a: Dragapult|Substitute|p2a: Dragapult
|-start|p2a: Dragapult|Substitute
|-damage|p2a: Dragapult|76/100
|move|p1a: Thieving Drunk|Knock Off|p2a: Dragapult
|-supereffective|p2a: Dragapult
|-end|p2a: Dragapult|Substitute
|
|-heal|p2a: Dragapult|82/100|[from] item: Leftovers
|upkeep
|turn|23
|
|t:|1757909636
|move|p2a: Dragapult|Dragon Darts|p1a: Thieving Drunk
|-damage|p1a: Thieving Drunk|12/100
|-anim|p2a: Dragapult|Dragon Darts|p1a: Thieving Drunk
|-damage|p1a: Thieving Drunk|0 fnt
|faint|p1a: Thieving Drunk
|
|-heal|p2a: Dragapult|88/100|[from] item: Leftovers
|upkeep
|
|t:|1757909638
|switch|p1a: Raging Drunk|Kingambit, F|50/100
|-damage|p1a: Raging Drunk|43/100|[from] Stealth Rock
|-activate|p1a: Raging Drunk|ability: Supreme Overlord
|-start|p1a: Raging Drunk|fallen4|[silent]
|turn|24
|
|t:|1757909650
|switch|p2a: Rillaboom|Rillaboom, F|100/100
|-fieldstart|move: Grassy Terrain|[from] ability: Grassy Surge|[of] p2a: Rillaboom
|move|p1a: Raging Drunk|Kowtow Cleave|p2a: Rillaboom
|-damage|p2a: Rillaboom|1/100
|
|-heal|p2a: Rillaboom|7/100|[from] Grassy Terrain
|-heal|p1a: Raging Drunk|50/100|[from] Grassy Terrain
|upkeep
|turn|25
|
|t:|1757909661
|-end|p1a: Raging Drunk|fallen4|[silent]
|switch|p1a: Laughing Drunk|Hydrapple, F|57/100
|-damage|p1a: Laughing Drunk|45/100|[from] Stealth Rock
|move|p2a: Rillaboom|U-turn|p1a: Laughing Drunk
|-supereffective|p1a: Laughing Drunk
|-damage|p1a: Laughing Drunk|1/100
|-damage|p2a: Rillaboom|0 fnt|[from] item: Rocky Helmet|[of] p1a: Laughing Drunk
|faint|p2a: Rillaboom
|
|-heal|p1a: Laughing Drunk|7/100|[from] Grassy Terrain
|upkeep
|
|t:|1757909663
|switch|p2a: Dragapult|Dragapult, F|88/100
|turn|26
|
|t:|1757909665
|move|p2a: Dragapult|Dragon Darts|p1a: Laughing Drunk
|-supereffective|p1a: Laughing Drunk
|-damage|p1a: Laughing Drunk|0 fnt
|faint|p1a: Laughing Drunk
|
|-heal|p2a: Dragapult|94/100|[from] Grassy Terrain
|-heal|p2a: Dragapult|100/100|[from] item: Leftovers
|upkeep
|
|t:|1757909666
|switch|p1a: Raging Drunk|Kingambit, F|50/100
|-damage|p1a: Raging Drunk|43/100|[from] Stealth Rock
|-activate|p1a: Raging Drunk|ability: Supreme Overlord
|-start|p1a: Raging Drunk|fallen5|[silent]
|turn|27
|
|t:|1757909669
|move|p2a: Dragapult|Will-O-Wisp|p1a: Raging Drunk
|-status|p1a: Raging Drunk|brn
|move|p1a: Raging Drunk|Kowtow Cleave|p2a: Dragapult
|-supereffective|p2a: Dragapult
|-damage|p2a: Dragapult|0 fnt
|faint|p2a: Dragapult
|
|win|KingKaido107
|raw|KingKaido107's rating: 1696 &rarr; <strong>1721</strong><br />(+25 for winning)
|raw|AnonymousJon's rating: 1792 &rarr; <strong>1767</strong><br />(-25 for losing)
|l|☆KingKaido107
|player|p1|
|l|☆AnonymousJon
|player|p2|
