|j|☆jeet999
|j|☆Charle_phate
|t:|1757823477
|gametype|singles
|player|p1|jeet999|cynthia-masters|1520
|player|p2|Charle_phate|blue|1443
|gen|9
|tier|[Gen 9] OU
|rated|
|rule|HP Percentage Mod: HP is shown in percentages
|rule|Endless Battle Clause: Forcing endless battles is banned
|rule|Species Clause: Limit one of each Pokémon
|rule|OHKO Clause: OHKO moves are banned
|rule|Evasion Items Clause: Evasion items are banned
|rule|Evasion Moves Clause: Evasion moves are banned
|rule|Evasion Abilities Clause: Evasion abilities are banned
|rule|Sleep Moves Clause: Sleep-inducing moves are banned
|clearpoke
|poke|p1|Indeedee, M|
|poke|p1|Hatterene, F|
|poke|p1|Ursaluna, F|
|poke|p1|Iron Hands|
|poke|p1|Hoopa-Unbound|
|poke|p1|Mimikyu, F|
|poke|p2|Serperior, F|
|poke|p2|Rotom-Wash|
|poke|p2|Zapdos|
|poke|p2|Heatran, F|
|poke|p2|Clefable, M|
|poke|p2|Landorus-Therian, M|
|teampreview
|inactive|Battle timer is ON: inactive players will automatically lose when time's up. (requested by jeet999)
|l|☆Charle_phate
|inactive|Charle_phate disconnected and has a minute to reconnect!
|player|p2|
|inactive|Charle_phate has 30 seconds to reconnect!
|inactive|Charle_phate has 20 seconds to reconnect!
|j|☆Charle_phate
|inactive|Charle_phate reconnected and has 100 seconds left.
|player|p2|Charle_phate|blue|
|inactive|Charle_phate has 90 seconds left.
|
|t:|1757823541
|teamsize|p1|6
|teamsize|p2|6
|start
|switch|p1a: Subaru|Indeedee, M, shiny|100/100
|switch|p2a: Rotom|Rotom-Wash|100/100
|-fieldstart|move: Psychic Terrain|[from] ability: Psychic Surge|[of] p1a: Subaru
|turn|1
|
|t:|1757823555
|switch|p2a: Heatran|Heatran, F|100/100
|move|p1a: Subaru|Trick Room|p1a: Subaru
|-fieldstart|move: Trick Room|[of] p1a: Subaru
|
|upkeep
|turn|2
|
|t:|1757823569
|switch|p1a: King Von|Hoopa-Unbound|100/100
|-enditem|p1a: King Von|Psychic Seed
|-boost|p1a: King Von|spd|1|[from] item: Psychic Seed
|move|p2a: Heatran|Substitute|p2a: Heatran
|-start|p2a: Heatran|Substitute
|-damage|p2a: Heatran|76/100
|
|-heal|p2a: Heatran|82/100|[from] item: Leftovers
|upkeep
|turn|3
|l|☆Charle_phate
|inactive|Charle_phate disconnected and has a minute to reconnect!
|player|p2|
|inactive|Charle_phate has 30 seconds to reconnect!
|j|☆Charle_phate
|inactive|Charle_phate reconnected and has 105 seconds left.
|player|p2|Charle_phate|blue|
|
|t:|1757823622
|move|p1a: King Von|Hyperspace Fury|p2a: Heatran
|-damage|p2a: Heatran|36/100
|-unboost|p1a: King Von|def|1
|-item|p1a: King Von|Leftovers|[from] ability: Magician|[of] p2a: Heatran
|move|p2a: Heatran|Magma Storm|p1a: King Von|[miss]
|-miss|p2a: Heatran|p1a: King Von
|
|upkeep
|turn|4
|
|t:|1757823636
|move|p1a: King Von|Hyperspace Fury|p2a: Heatran
|-damage|p2a: Heatran|0 fnt
|-unboost|p1a: King Von|def|1
|faint|p2a: Heatran
|
|upkeep
|
|t:|1757823649
|switch|p2a: Zapdos|Zapdos|100/100
|turn|5
|
|t:|1757823662
|-terastallize|p1a: King Von|Psychic
|move|p1a: King Von|Expanding Force|p2a: Zapdos
|-damage|p2a: Zapdos|0 fnt
|faint|p2a: Zapdos
|
|-fieldend|move: Trick Room
|upkeep
|
|t:|1757823667
|switch|p2a: Rotom|Rotom-Wash|100/100
|turn|6
|
|t:|1757823671
|move|p2a: Rotom|Thunder Wave|p1a: King Von
|-status|p1a: King Von|par
|cant|p1a: King Von|par
|
|upkeep
|turn|7
|
|t:|1757823682
|move|p2a: Rotom|Charge Beam|p1a: King Von
|-damage|p1a: King Von|90/100 par
|-boost|p2a: Rotom|spa|1
|move|p1a: King Von|Trick Room|p1a: King Von
|-fieldstart|move: Trick Room|[of] p1a: King Von
|
|-heal|p1a: King Von|96/100 par|[from] item: Leftovers
|upkeep
|turn|8
|
|t:|1757823688
|move|p1a: King Von|Expanding Force|p2a: Rotom
|-damage|p2a: Rotom|0 fnt
|faint|p2a: Rotom
|
|-heal|p1a: King Von|100/100 par|[from] item: Leftovers
|-fieldend|move: Psychic Terrain
|upkeep
|
|t:|1757823707
|switch|p2a: Landorus|Landorus-Therian, M|100/100
|-ability|p2a: Landorus|Intimidate|boost
|-unboost|p1a: King Von|atk|1
|turn|9
|
|t:|1757823715
|move|p1a: King Von|Expanding Force|p2a: Landorus
|-damage|p2a: Landorus|17/100
|move|p2a: Landorus|Swords Dance|p2a: Landorus
|-boost|p2a: Landorus|atk|2
|
|upkeep
|turn|10
|
|t:|1757823720
|cant|p1a: King Von|par
|move|p2a: Landorus|Earthquake|p1a: King Von
|-damage|p1a: King Von|0 fnt
|faint|p1a: King Von
|-damage|p2a: Landorus|7/100|[from] item: Life Orb
|
|upkeep
|
|t:|1757823729
|switch|p1a: Satella|Hatterene, F, shiny|100/100
|turn|11
|
|t:|1757823741
|move|p1a: Satella|Draining Kiss|p2a: Landorus
|-damage|p2a: Landorus|0 fnt
|faint|p2a: Landorus
|-damage|p1a: Satella|91/100|[from] item: Life Orb
|
|-fieldend|move: Trick Room
|upkeep
|
|t:|1757823750
|switch|p2a: Serperior|Serperior, F|100/100
|turn|12
|
|t:|1757823754
|move|p2a: Serperior|Substitute|p2a: Serperior
|-start|p2a: Serperior|Substitute
|-damage|p2a: Serperior|75/100
|move|p1a: Satella|Trick Room|p1a: Satella
|-fieldstart|move: Trick Room|[of] p1a: Satella
|
|-heal|p2a: Serperior|82/100|[from] item: Leftovers
|upkeep
|turn|13
|
|t:|1757823777
|move|p1a: Satella|Mystical Fire|p2a: Serperior
|-supereffective|p2a: Serperior
|-end|p2a: Serperior|Substitute
|-damage|p1a: Satella|81/100|[from] item: Life Orb
|move|p2a: Serperior|Leaf Storm|p1a: Satella
|-damage|p1a: Satella|30/100
|-boost|p2a: Serperior|spa|2
|
|-heal|p2a: Serperior|88/100|[from] item: Leftovers
|upkeep
|turn|14
|inactive|Charle_phate has 120 seconds left.
|
|t:|1757823797
|move|p1a: Satella|Expanding Force|p2a: Serperior
|-damage|p2a: Serperior|12/100
|-damage|p1a: Satella|20/100|[from] item: Life Orb
|move|p2a: Serperior|Substitute|p2a: Serperior
|-fail|p2a: Serperior|move: Substitute|[weak]
|
|-heal|p2a: Serperior|19/100|[from] item: Leftovers
|upkeep
|turn|15
|
|t:|1757823804
|move|p1a: Satella|Expanding Force|p2a: Serperior
|-damage|p2a: Serperior|0 fnt
|faint|p2a: Serperior
|-damage|p1a: Satella|10/100|[from] item: Life Orb
|
|upkeep
|inactive|Charle_phate has 120 seconds left.
|
|t:|1757823820
|switch|p2a: Clefable|Clefable, M|100/100
|turn|16
|inactive|Charle_phate has 120 seconds left.
|
|t:|1757823829
|move|p1a: Satella|Draining Kiss|p2a: Clefable
|-damage|p2a: Clefable|68/100
|-heal|p1a: Satella|38/100|[from] drain|[of] p2a: Clefable
|-damage|p1a: Satella|28/100|[from] item: Life Orb
|move|p2a: Clefable|Cosmic Power|p2a: Clefable
|-boost|p2a: Clefable|def|1
|-boost|p2a: Clefable|spd|1
|
|-heal|p2a: Clefable|74/100|[from] item: Leftovers
|-fieldend|move: Trick Room
|upkeep
|turn|17
|inactive|Charle_phate has 120 seconds left.
|
|t:|1757823846
|switch|p1a: Crashout YN|Ursaluna, F, shiny|100/100
|move|p2a: Clefable|Cosmic Power|p2a: Clefable
|-boost|p2a: Clefable|def|1
|-boost|p2a: Clefable|spd|1
|
|-heal|p2a: Clefable|80/100|[from] item: Leftovers
|-status|p1a: Crashout YN|brn|[from] item: Flame Orb
|upkeep
|turn|18
|inactive|Charle_phate has 120 seconds left.
|
|t:|1757823866
|move|p2a: Clefable|Cosmic Power|p2a: Clefable
|-boost|p2a: Clefable|def|1
|-boost|p2a: Clefable|spd|1
|move|p1a: Crashout YN|Facade|p2a: Clefable
|-damage|p2a: Clefable|38/100
|
|-heal|p2a: Clefable|44/100|[from] item: Leftovers
|-damage|p1a: Crashout YN|94/100 brn|[from] brn
|upkeep
|turn|19
|inactive|Charle_phate has 90 seconds left.
|
|t:|1757823899
|move|p2a: Clefable|Cosmic Power|p2a: Clefable
|-boost|p2a: Clefable|def|1
|-boost|p2a: Clefable|spd|1
|move|p1a: Crashout YN|Facade|p2a: Clefable
|-damage|p2a: Clefable|8/100
|
|-heal|p2a: Clefable|14/100|[from] item: Leftovers
|-damage|p1a: Crashout YN|88/100 brn|[from] brn
|upkeep
|turn|20
|inactive|Charle_phate has 90 seconds left.
|
|t:|1757823918
|move|p2a: Clefable|Draining Kiss|p1a: Crashout YN
|-damage|p1a: Crashout YN|74/100 brn
|-heal|p2a: Clefable|28/100|[from] drain|[of] p1a: Crashout YN
|move|p1a: Crashout YN|Facade|p2a: Clefable
|-crit|p2a: Clefable
|-damage|p2a: Clefable|0 fnt
|faint|p2a: Clefable
|
|win|jeet999
|raw|jeet999's rating: 1520 &rarr; <strong>1536</strong><br />(+16 for winning)
|raw|Charle_phate's rating: 1443 &rarr; <strong>1427</strong><br />(-16 for losing)
|l|☆Charle_phate
|player|p2|
|l|☆jeet999
|player|p1|
