|j|☆tapioquinha123
|j|☆crimzim
|t:|1757798057
|gametype|singles
|player|p1|tapioquinha123|cynthia|1265
|player|p2|crimzim|101|1258
|gen|9
|tier|[Gen 9] OU
|rated|
|rule|HP Percentage Mod: HP is shown in percentages
|rule|Endless Battle Clause: Forcing endless battles is banned
|rule|Species Clause: Limit one of each Pokémon
|rule|OHKO Clause: OHKO moves are banned
|rule|Evasion Items Clause: Evasion items are banned
|rule|Evasion Moves Clause: Evasion moves are banned
|rule|Evasion Abilities Clause: Evasion abilities are banned
|rule|Sleep Moves Clause: Sleep-inducing moves are banned
|clearpoke
|poke|p1|Ogerpon-Wellspring, F|
|poke|p1|Kingambit, M|
|poke|p1|Landorus-Therian, M|
|poke|p1|Glimmora, M|
|poke|p1|Dragapult, F|
|poke|p1|Iron Valiant|
|poke|p2|Iron Crown|
|poke|p2|Samurott-Hisui, M|
|poke|p2|Zapdos|
|poke|p2|Dragapult, F|
|poke|p2|Great Tusk|
|poke|p2|Iron Boulder|
|teampreview
|inactive|Battle timer is ON: inactive players will automatically lose when time's up. (requested by crimzim)
|
|t:|1757798067
|teamsize|p1|6
|teamsize|p2|6
|start
|switch|p1a: Glimmora|Glimmora, M|100/100
|switch|p2a: Mindreader|Iron Crown|100/100
|turn|1
|
|t:|1757798073
|move|p2a: Mindreader|Tachyon Cutter|p1a: Glimmora
|-supereffective|p1a: Glimmora
|-damage|p1a: Glimmora|6/100
|-supereffective|p1a: Glimmora
|-damage|p1a: Glimmora|0 fnt
|faint|p1a: Glimmora
|-hitcount|p1: Glimmora|2
|
|upkeep
|
|t:|1757798081
|switch|p1a: Ogerpon|Ogerpon-Wellspring, F|100/100
|turn|2
|
|t:|1757798094
|-end|p2a: Mindreader|Quark Drive|[silent]
|switch|p2a: Hurikan|Zapdos|100/100
|move|p1a: Ogerpon|Play Rough|p2a: Hurikan|[miss]
|-miss|p1a: Ogerpon|p2a: Hurikan
|
|upkeep
|turn|3
|
|t:|1757798104
|switch|p1a: Landorus|Landorus-Therian, M|100/100
|-ability|p1a: Landorus|Intimidate|boost
|-unboost|p2a: Hurikan|atk|1
|move|p2a: Hurikan|U-turn|p1a: Landorus
|-resisted|p1a: Landorus
|-damage|p1a: Landorus|96/100
|-damage|p2a: Hurikan|84/100|[from] item: Rocky Helmet|[of] p1a: Landorus
|
|t:|1757798114
|switch|p2a: Everytime We Touch|Samurott-Hisui, M|100/100|[from] U-turn
|
|upkeep
|turn|4
|
|t:|1757798121
|move|p2a: Everytime We Touch|Razor Shell|p1a: Landorus
|-supereffective|p1a: Landorus
|-damage|p1a: Landorus|0 fnt
|-damage|p2a: Everytime We Touch|84/100|[from] item: Rocky Helmet|[of] p1a: Landorus
|faint|p1a: Landorus
|
|upkeep
|
|t:|1757798128
|switch|p1a: Ogerpon|Ogerpon-Wellspring, F|100/100
|turn|5
|
|t:|1757798139
|switch|p2a: Hurikan|Zapdos|84/100
|move|p1a: Ogerpon|Ivy Cudgel|p2a: Hurikan|[anim] Ivy Cudgel Water
|-damage|p2a: Hurikan|39/100
|
|upkeep
|turn|6
|
|t:|1757798149
|move|p1a: Ogerpon|Ivy Cudgel|p2a: Hurikan|[anim] Ivy Cudgel Water
|-damage|p2a: Hurikan|0 fnt
|faint|p2a: Hurikan
|
|upkeep
|
|t:|1757798158
|switch|p2a: Mindreader|Iron Crown|100/100
|turn|7
|
|t:|1757798177
|-terastallize|p1a: Ogerpon|Water
|detailschange|p1a: Ogerpon|Ogerpon-Wellspring-Tera, F, tera:Water
|-ability|p1a: Ogerpon|Embody Aspect (Wellspring)|boost
|-boost|p1a: Ogerpon|spd|1
|move|p1a: Ogerpon|Ivy Cudgel|p2a: Mindreader|[anim] Ivy Cudgel Water
|-crit|p2a: Mindreader
|-damage|p2a: Mindreader|0 fnt
|faint|p2a: Mindreader
|-end|p2a: Mindreader|Quark Drive|[silent]
|
|upkeep
|
|t:|1757798187
|switch|p2a: Everytime We Touch|Samurott-Hisui, M|84/100
|turn|8
|
|t:|1757798192
|move|p2a: Everytime We Touch|Ceaseless Edge|p1a: Ogerpon|[miss]
|-miss|p2a: Everytime We Touch|p1a: Ogerpon
|move|p1a: Ogerpon|Horn Leech|p2a: Everytime We Touch
|-supereffective|p2a: Everytime We Touch
|-damage|p2a: Everytime We Touch|0 fnt
|faint|p2a: Everytime We Touch
|
|upkeep
|
|t:|1757798196
|switch|p2a: Parasite|Dragapult, F|100/100
|turn|9
|
|t:|1757798203
|move|p2a: Parasite|Dragon Darts|p1a: Ogerpon
|-damage|p1a: Ogerpon|54/100
|-anim|p2a: Parasite|Dragon Darts|p1a: Ogerpon
|-damage|p1a: Ogerpon|9/100
|move|p1a: Ogerpon|Play Rough|p2a: Parasite
|-supereffective|p2a: Parasite
|-damage|p2a: Parasite|5/100
|
|upkeep
|turn|10
|
|t:|1757798216
|switch|p1a: Iron Valiant|Iron Valiant|100/100
|-enditem|p1a: Iron Valiant|Booster Energy
|-activate|p1a: Iron Valiant|ability: Quark Drive|[fromitem]
|-start|p1a: Iron Valiant|quarkdrivespe
|move|p2a: Parasite|Dragon Darts|p1a: Iron Valiant
|-immune|p1a: Iron Valiant
|
|upkeep
|turn|11
|
|t:|1757798228
|move|p1a: Iron Valiant|Knock Off|p2a: Parasite
|-supereffective|p2a: Parasite
|-damage|p2a: Parasite|0 fnt
|-enditem|p2a: Parasite|Choice Band|[from] move: Knock Off|[of] p1a: Iron Valiant
|faint|p2a: Parasite
|
|upkeep
|
|t:|1757798233
|switch|p2a: Revery|Iron Boulder|100/100
|-enditem|p2a: Revery|Booster Energy
|-activate|p2a: Revery|ability: Quark Drive|[fromitem]
|-start|p2a: Revery|quarkdrivespe
|turn|12
|
|t:|1757798256
|move|p2a: Revery|Zen Headbutt|p1a: Iron Valiant
|-supereffective|p1a: Iron Valiant
|-damage|p1a: Iron Valiant|0 fnt
|faint|p1a: Iron Valiant
|-end|p1a: Iron Valiant|Quark Drive|[silent]
|
|upkeep
|
|t:|1757798262
|switch|p1a: Kingambit|Kingambit, M|100/100
|-activate|p1a: Kingambit|ability: Supreme Overlord
|-start|p1a: Kingambit|fallen3|[silent]
|turn|13
|
|t:|1757798267
|-end|p1a: Kingambit|fallen3|[silent]
|switch|p1a: Dragapult|Dragapult, F|100/100
|-terastallize|p2a: Revery|Fighting
|move|p2a: Revery|Close Combat|p1a: Dragapult
|-immune|p1a: Dragapult
|
|upkeep
|turn|14
|
|t:|1757798276
|move|p2a: Revery|Mighty Cleave|p1a: Dragapult
|-damage|p1a: Dragapult|36/100
|move|p1a: Dragapult|Draco Meteor|p2a: Revery
|-damage|p2a: Revery|20/100
|-unboost|p1a: Dragapult|spa|2
|
|upkeep
|turn|15
|
|t:|1757798282
|move|p2a: Revery|Mighty Cleave|p1a: Dragapult
|-damage|p1a: Dragapult|0 fnt
|faint|p1a: Dragapult
|
|upkeep
|
|t:|1757798286
|switch|p1a: Kingambit|Kingambit, M|100/100
|-activate|p1a: Kingambit|ability: Supreme Overlord
|-start|p1a: Kingambit|fallen4|[silent]
|turn|16
|
|t:|1757798290
|-end|p2a: Revery|Quark Drive|[silent]
|switch|p2a: Pump It|Great Tusk|100/100
|move|p1a: Kingambit|Sucker Punch||[still]
|-fail|p1a: Kingambit
|
|upkeep
|turn|17
|
|t:|1757798294
|-end|p1a: Kingambit|fallen4|[silent]
|switch|p1a: Ogerpon|Ogerpon-Wellspring-Tera, F, tera:Water|9/100
|-ability|p1a: Ogerpon|Embody Aspect (Wellspring)|boost
|-boost|p1a: Ogerpon|spd|1
|move|p2a: Pump It|Headlong Rush|p1a: Ogerpon
|-damage|p1a: Ogerpon|0 fnt
|-unboost|p2a: Pump It|def|1
|-unboost|p2a: Pump It|spd|1
|faint|p1a: Ogerpon
|detailschange|p1: Ogerpon|Ogerpon-Wellspring, F|[silent]
|
|upkeep
|
|t:|1757798301
|switch|p1a: Kingambit|Kingambit, M|100/100
|-activate|p1a: Kingambit|ability: Supreme Overlord
|-start|p1a: Kingambit|fallen5|[silent]
|turn|18
|
|t:|1757798303
|move|p2a: Pump It|Headlong Rush|p1a: Kingambit
|-supereffective|p1a: Kingambit
|-damage|p1a: Kingambit|6/100
|-unboost|p2a: Pump It|def|1
|-unboost|p2a: Pump It|spd|1
|move|p1a: Kingambit|Iron Head|p2a: Pump It
|-crit|p2a: Pump It
|-damage|p2a: Pump It|0 fnt
|faint|p2a: Pump It
|-end|p2a: Pump It|Protosynthesis|[silent]
|
|-heal|p1a: Kingambit|12/100|[from] item: Leftovers
|upkeep
|c|☆crimzim|tf
|c|☆crimzim|ok gg
|
|t:|1757798316
|switch|p2a: Revery|Iron Boulder, tera:Fighting|20/100
|turn|19
|
|t:|1757798319
|move|p1a: Kingambit|Sucker Punch||[still]
|-fail|p1a: Kingambit
|move|p2a: Revery|Swords Dance|p2a: Revery
|-boost|p2a: Revery|atk|2
|
|-heal|p1a: Kingambit|19/100|[from] item: Leftovers
|upkeep
|turn|20
|
|t:|1757798331
|move|p1a: Kingambit|Sucker Punch||[still]
|-fail|p1a: Kingambit
|move|p2a: Revery|Swords Dance|p2a: Revery
|-boost|p2a: Revery|atk|2
|
|-heal|p1a: Kingambit|25/100|[from] item: Leftovers
|upkeep
|turn|21
|
|t:|1757798336
|move|p2a: Revery|Close Combat|p1a: Kingambit
|-supereffective|p1a: Kingambit
|-damage|p1a: Kingambit|0 fnt
|-unboost|p2a: Revery|def|1
|-unboost|p2a: Revery|spd|1
|faint|p1a: Kingambit
|-end|p1a: Kingambit|fallen5|[silent]
|
|win|crimzim
|raw|tapioquinha123's rating: 1265 &rarr; <strong>1239</strong><br />(-26 for losing)
|raw|crimzim's rating: 1258 &rarr; <strong>1284</strong><br />(+26 for winning)
|l|☆tapioquinha123
|player|p1|
|c|☆crimzim|wow
