|j|☆Dhdhdhjsjsjs
|j|☆Ieigh
|t:|1757866849
|gametype|singles
|player|p1|Dhdhdhjsjsjs|102|1058
|player|p2|Ieigh|101|1050
|gen|9
|tier|[Gen 9] OU
|rated|
|rule|HP Percentage Mod: HP is shown in percentages
|rule|Endless Battle Clause: Forcing endless battles is banned
|rule|Species Clause: Limit one of each Pokémon
|rule|OHKO Clause: OHKO moves are banned
|rule|Evasion Items Clause: Evasion items are banned
|rule|Evasion Moves Clause: Evasion moves are banned
|rule|Evasion Abilities Clause: Evasion abilities are banned
|rule|Sleep Moves Clause: Sleep-inducing moves are banned
|clearpoke
|poke|p1|Greninja-*, M|
|poke|p1|Pikachu-Kalos, M|
|poke|p1|Talonflame, F|
|poke|p1|Noivern, F|
|poke|p1|Hawlucha, M|
|poke|p1|Goodra, M|
|poke|p2|Quaquaval, M|
|poke|p2|Dragonite, M|
|poke|p2|Typhlosion, M|
|poke|p2|Latios, M|
|poke|p2|Talonflame, M|
|poke|p2|Iron Leaves|
|teampreview
|inactive|Battle timer is ON: inactive players will automatically lose when time's up. (requested by Dhdhdhjsjsjs)
|
|t:|1757866859
|teamsize|p1|6
|teamsize|p2|6
|start
|switch|p1a: Greninja|Greninja, M|100/100
|switch|p2a: Dragonite|Dragonite, M|100/100
|turn|1
|
|t:|1757866868
|-terastallize|p2a: Dragonite|Steel
|move|p1a: Greninja|Ice Beam|p2a: Dragonite
|-resisted|p2a: Dragonite
|-damage|p2a: Dragonite|91/100
|-damage|p1a: Greninja|91/100|[from] item: Life Orb
|move|p2a: Dragonite|Dragon Dance|p2a: Dragonite
|-boost|p2a: Dragonite|atk|1
|-boost|p2a: Dragonite|spe|1
|
|-heal|p2a: Dragonite|97/100|[from] item: Leftovers
|upkeep
|turn|2
|
|t:|1757866887
|switch|p1a: Pikachu|Pikachu-Kalos, M|100/100
|move|p2a: Dragonite|Thunder Punch|p1a: Pikachu
|-resisted|p1a: Pikachu
|-damage|p1a: Pikachu|27/100
|
|-heal|p2a: Dragonite|100/100|[from] item: Leftovers
|upkeep
|turn|3
|
|t:|1757866896
|move|p1a: Pikachu|Fake Out|p2a: Dragonite
|-resisted|p2a: Dragonite
|-damage|p2a: Dragonite|97/100
|cant|p2a: Dragonite|flinch
|
|-heal|p2a: Dragonite|100/100|[from] item: Leftovers
|upkeep
|turn|4
|
|t:|1757866907
|move|p2a: Dragonite|Ice Spinner|p1a: Pikachu
|-damage|p1a: Pikachu|0 fnt
|-status|p2a: Dragonite|par|[from] ability: Static|[of] p1a: Pikachu
|faint|p1a: Pikachu
|
|upkeep
|
|t:|1757866920
|switch|p1a: Hawlucha|Hawlucha, M|100/100
|turn|5
|
|t:|1757866925
|move|p1a: Hawlucha|Close Combat|p2a: Dragonite
|-supereffective|p2a: Dragonite
|-damage|p2a: Dragonite|43/100 par
|-unboost|p1a: Hawlucha|def|1
|-unboost|p1a: Hawlucha|spd|1
|-enditem|p1a: Hawlucha|White Herb
|-clearnegativeboost|p1a: Hawlucha|[silent]
|move|p2a: Dragonite|Thunder Punch|p1a: Hawlucha
|-supereffective|p1a: Hawlucha
|-damage|p1a: Hawlucha|0 fnt
|faint|p1a: Hawlucha
|
|-heal|p2a: Dragonite|49/100 par|[from] item: Leftovers
|upkeep
|
|t:|1757866939
|switch|p1a: Greninja|Greninja, M|91/100
|turn|6
|
|t:|1757866942
|move|p1a: Greninja|Hydro Pump|p2a: Dragonite
|-damage|p2a: Dragonite|0 fnt
|faint|p2a: Dragonite
|-ability|p1a: Greninja|Battle Bond|boost
|-boost|p1a: Greninja|atk|1
|-boost|p1a: Greninja|spa|1
|-boost|p1a: Greninja|spe|1
|-activate|p1a: Greninja|ability: Battle Bond
|-damage|p1a: Greninja|81/100|[from] item: Life Orb
|
|upkeep
|
|t:|1757866969
|switch|p2a: Talonflame|Talonflame, M|100/100
|turn|7
|
|t:|1757866973
|move|p2a: Talonflame|Tailwind|p2a: Talonflame
|-sidestart|p2: Ieigh|move: Tailwind
|move|p1a: Greninja|Hydro Pump|p2a: Talonflame
|-supereffective|p2a: Talonflame
|-damage|p2a: Talonflame|0 fnt
|faint|p2a: Talonflame
|-damage|p1a: Greninja|71/100|[from] item: Life Orb
|
|upkeep
|
|t:|1757866980
|switch|p2a: Quaquaval|Quaquaval, M|100/100
|turn|8
|
|t:|1757866989
|move|p2a: Quaquaval|Close Combat|p1a: Greninja
|-supereffective|p1a: Greninja
|-damage|p1a: Greninja|0 fnt
|-unboost|p2a: Quaquaval|def|1
|-unboost|p2a: Quaquaval|spd|1
|faint|p1a: Greninja
|-ability|p2a: Quaquaval|Moxie|boost
|-boost|p2a: Quaquaval|atk|1
|
|upkeep
|
|t:|1757867000
|switch|p1a: Noivern|Noivern, F|100/100
|turn|9
|
|t:|1757867028
|switch|p2a: Typhlosion|Typhlosion, M, shiny|100/100
|move|p1a: Noivern|Hurricane|p2a: Typhlosion
|-crit|p2a: Typhlosion
|-damage|p2a: Typhlosion|13/100
|-damage|p1a: Noivern|91/100|[from] item: Life Orb
|
|-heal|p2a: Typhlosion|19/100|[from] item: Leftovers
|upkeep
|turn|10
|inactive|Ieigh has 120 seconds left.
|
|t:|1757867044
|move|p2a: Typhlosion|Shadow Ball|p1a: Noivern
|-damage|p1a: Noivern|56/100
|move|p1a: Noivern|Dragon Pulse|p2a: Typhlosion
|-damage|p2a: Typhlosion|0 fnt
|faint|p2a: Typhlosion
|-damage|p1a: Noivern|46/100|[from] item: Life Orb
|
|-sideend|p2: Ieigh|move: Tailwind
|upkeep
|inactive|Ieigh has 120 seconds left.
|
|t:|1757867067
|switch|p2a: Latios|Latios, M|100/100
|turn|11
|
|t:|1757867076
|move|p2a: Latios|Tailwind|p2a: Latios
|-sidestart|p2: Ieigh|move: Tailwind
|move|p1a: Noivern|Draco Meteor|p2a: Latios
|-supereffective|p2a: Latios
|-damage|p2a: Latios|0 fnt
|-unboost|p1a: Noivern|spa|2
|faint|p2a: Latios
|-damage|p1a: Noivern|36/100|[from] item: Life Orb
|
|upkeep
|inactive|Ieigh has 90 seconds left.
|
|t:|1757867103
|switch|p2a: Quaquaval|Quaquaval, M|100/100
|turn|12
|
|t:|1757867112
|move|p2a: Quaquaval|Aqua Step|p1a: Noivern
|-resisted|p1a: Noivern
|-damage|p1a: Noivern|9/100
|-boost|p2a: Quaquaval|spe|1
|move|p1a: Noivern|Hurricane|p2a: Quaquaval
|-supereffective|p2a: Quaquaval
|-damage|p2a: Quaquaval|23/100
|-start|p2a: Quaquaval|confusion
|-damage|p1a: Noivern|0 fnt|[from] item: Life Orb
|faint|p1a: Noivern
|
|upkeep
|
|t:|1757867131
|switch|p1a: Goodra|Goodra, M|100/100
|turn|13
|
|t:|1757867137
|-activate|p2a: Quaquaval|confusion
|move|p2a: Quaquaval|Aqua Step|p1a: Goodra
|-resisted|p1a: Goodra
|-damage|p1a: Goodra|68/100
|-boost|p2a: Quaquaval|spe|1
|move|p1a: Goodra|Sludge Wave|p2a: Quaquaval
|-damage|p2a: Quaquaval|0 fnt
|faint|p2a: Quaquaval
|
|upkeep
|
|t:|1757867144
|switch|p2a: Iron Leaves|Iron Leaves|100/100
|-enditem|p2a: Iron Leaves|Booster Energy
|-activate|p2a: Iron Leaves|ability: Quark Drive|[fromitem]
|-start|p2a: Iron Leaves|quarkdriveatk
|turn|14
|
|t:|1757867156
|move|p2a: Iron Leaves|Agility|p2a: Iron Leaves
|-boost|p2a: Iron Leaves|spe|2
|move|p1a: Goodra|Sludge Wave|p2a: Iron Leaves
|-supereffective|p2a: Iron Leaves
|-damage|p2a: Iron Leaves|10/100
|
|-sideend|p2: Ieigh|move: Tailwind
|upkeep
|turn|15
|
|t:|1757867170
|move|p2a: Iron Leaves|Megahorn|p1a: Goodra
|-damage|p1a: Goodra|0 fnt
|faint|p1a: Goodra
|
|upkeep
|
|t:|1757867175
|switch|p1a: Talonflame|Talonflame, F|100/100
|turn|16
|inactive|Ieigh has 120 seconds left.
|
|t:|1757867183
|-terastallize|p1a: Talonflame|Fire
|move|p2a: Iron Leaves|Sacred Sword|p1a: Talonflame
|-damage|p1a: Talonflame|33/100
|move|p1a: Talonflame|Brave Bird|p2a: Iron Leaves
|-supereffective|p2a: Iron Leaves
|-damage|p2a: Iron Leaves|0 fnt
|faint|p2a: Iron Leaves
|-end|p2a: Iron Leaves|Quark Drive|[silent]
|-damage|p1a: Talonflame|30/100|[from] Recoil
|
|win|Dhdhdhjsjsjs
|raw|Dhdhdhjsjsjs's rating: 1058 &rarr; <strong>1089</strong><br />(+31 for winning)
|raw|Ieigh's rating: 1050 &rarr; <strong>1033</strong><br />(-17 for losing)
|l|☆Ieigh
|player|p2|
|l|☆Dhdhdhjsjsjs
|player|p1|
