|j|☆shynitu
|j|☆MoLuREBORN
|t:|1757940709
|gametype|singles
|player|p1|shynitu|juan|1122
|player|p2|MoLuREBORN|1|1111
|gen|9
|tier|[Gen 9] OU
|rated|
|rule|HP Percentage Mod: HP is shown in percentages
|rule|Endless Battle Clause: Forcing endless battles is banned
|rule|Species Clause: Limit one of each Pokémon
|rule|OHKO Clause: OHKO moves are banned
|rule|Evasion Items Clause: Evasion items are banned
|rule|Evasion Moves Clause: Evasion moves are banned
|rule|Evasion Abilities Clause: Evasion abilities are banned
|rule|Sleep Moves Clause: Sleep-inducing moves are banned
|clearpoke
|poke|p1|Honchkrow, M|
|poke|p1|Ceruledge, M|
|poke|p1|Hydrapple, F|
|poke|p1|Pawmot, F|
|poke|p1|Florges-White, F|
|poke|p1|Snorlax, M|
|poke|p2|Landorus-Therian, M|
|poke|p2|Samurott-Hisui, M|
|poke|p2|Pecharunt|
|poke|p2|Scizor, F|
|poke|p2|Latios, M|
|poke|p2|Zamazenta-*|
|teampreview
|
|t:|1757940730
|teamsize|p1|6
|teamsize|p2|6
|start
|switch|p1a: Snorlax|Snorlax, M, shiny|100/100
|switch|p2a: Landorus|Landorus-Therian, M|100/100
|-ability|p2a: Landorus|Intimidate|boost
|-unboost|p1a: Snorlax|atk|1
|turn|1
|
|t:|1757940741
|move|p2a: Landorus|Stealth Rock|p1a: Snorlax
|-sidestart|p1: shynitu|move: Stealth Rock
|move|p1a: Snorlax|Curse|p1a: Snorlax
|-unboost|p1a: Snorlax|spe|1
|-boost|p1a: Snorlax|atk|1
|-boost|p1a: Snorlax|def|1
|
|upkeep
|turn|2
|
|t:|1757940755
|switch|p2a: Zamazenta|Zamazenta|100/100
|-ability|p2a: Zamazenta|Dauntless Shield|boost
|-boost|p2a: Zamazenta|def|1
|move|p1a: Snorlax|Curse|p1a: Snorlax
|-unboost|p1a: Snorlax|spe|1
|-boost|p1a: Snorlax|atk|1
|-boost|p1a: Snorlax|def|1
|
|upkeep
|turn|3
|
|t:|1757940765
|move|p1a: Snorlax|Curse|p1a: Snorlax
|-unboost|p1a: Snorlax|spe|1
|-boost|p1a: Snorlax|atk|1
|-boost|p1a: Snorlax|def|1
|move|p2a: Zamazenta|Roar|p1a: Snorlax
|drag|p1a: Pawmot|Pawmot, F, shiny|100/100
|-damage|p1a: Pawmot|94/100|[from] Stealth Rock
|-item|p1a: Pawmot|Air Balloon
|
|upkeep
|turn|4
|
|t:|1757940784
|move|p2a: Zamazenta|Iron Defense|p2a: Zamazenta
|-boost|p2a: Zamazenta|def|2
|move|p1a: Pawmot|Nuzzle|p2a: Zamazenta
|-damage|p2a: Zamazenta|98/100
|-status|p2a: Zamazenta|par
|
|-heal|p2a: Zamazenta|100/100 par|[from] item: Leftovers
|upkeep
|turn|5
|
|t:|1757940794
|move|p1a: Pawmot|Play Rough|p2a: Zamazenta
|-supereffective|p2a: Zamazenta
|-damage|p2a: Zamazenta|83/100 par
|move|p2a: Zamazenta|Body Press|p1a: Pawmot
|-damage|p1a: Pawmot|0 fnt
|-enditem|p1a: Pawmot|Air Balloon
|faint|p1a: Pawmot
|
|-heal|p2a: Zamazenta|89/100 par|[from] item: Leftovers
|upkeep
|
|t:|1757940806
|switch|p1a: Florges|Florges-White, F, shiny|100/100
|-damage|p1a: Florges|88/100|[from] Stealth Rock
|turn|6
|
|t:|1757940816
|move|p2a: Zamazenta|Body Press|p1a: Florges
|-resisted|p1a: Florges
|-damage|p1a: Florges|31/100
|move|p1a: Florges|Moonblast|p2a: Zamazenta
|-supereffective|p2a: Zamazenta
|-damage|p2a: Zamazenta|0 fnt
|faint|p2a: Zamazenta
|
|-heal|p1a: Florges|37/100|[from] item: Leftovers
|upkeep
|
|t:|1757940827
|switch|p2a: Scizor|Scizor, F|100/100
|turn|7
|
|t:|1757940846
|switch|p1a: Ceruledge|Ceruledge, M|100/100
|-damage|p1a: Ceruledge|76/100|[from] Stealth Rock
|move|p2a: Scizor|Swords Dance|p2a: Scizor
|-boost|p2a: Scizor|atk|2
|
|upkeep
|turn|8
|
|t:|1757940857
|switch|p2a: Samurott|Samurott-Hisui, M|100/100
|move|p1a: Ceruledge|Bitter Blade|p2a: Samurott
|-resisted|p2a: Samurott
|-damage|p2a: Samurott|75/100
|-heal|p1a: Ceruledge|91/100|[from] drain|[of] p2a: Samurott
|
|upkeep
|turn|9
|
|t:|1757940874
|switch|p1a: Florges|Florges-White, F, shiny|37/100
|-damage|p1a: Florges|24/100|[from] Stealth Rock
|move|p2a: Samurott|Ceaseless Edge|p1a: Florges
|-resisted|p1a: Florges
|-damage|p1a: Florges|0 fnt
|-sidestart|p1: shynitu|Spikes
|faint|p1a: Florges
|
|upkeep
|
|t:|1757940885
|switch|p1a: Hydrapple|Hydrapple, F, shiny|100/100
|-damage|p1a: Hydrapple|88/100|[from] Stealth Rock
|-damage|p1a: Hydrapple|76/100|[from] Spikes
|turn|10
|
|t:|1757940900
|switch|p2a: Scizor|Scizor, F|100/100
|move|p1a: Hydrapple|Infestation|p2a: Scizor
|-resisted|p2a: Scizor
|-damage|p2a: Scizor|95/100
|-activate|p2a: Scizor|move: Infestation|[of] p1a: Hydrapple
|
|-damage|p2a: Scizor|82/100|[from] move: Infestation|[partiallytrapped]
|upkeep
|turn|11
|
|t:|1757940910
|move|p2a: Scizor|Knock Off|p1a: Hydrapple
|-damage|p1a: Hydrapple|42/100
|-enditem|p1a: Hydrapple|Expert Belt|[from] move: Knock Off|[of] p2a: Scizor
|move|p1a: Hydrapple|Fickle Beam|p2a: Scizor
|-resisted|p2a: Scizor
|-damage|p2a: Scizor|52/100
|
|-damage|p2a: Scizor|39/100|[from] move: Infestation|[partiallytrapped]
|upkeep
|turn|12
|
|t:|1757940937
|switch|p1a: Ceruledge|Ceruledge, M|91/100
|-damage|p1a: Ceruledge|66/100|[from] Stealth Rock
|-damage|p1a: Ceruledge|54/100|[from] Spikes
|move|p2a: Scizor|Bullet Punch|p1a: Ceruledge
|-resisted|p1a: Ceruledge
|-damage|p1a: Ceruledge|34/100
|-ability|p1a: Ceruledge|Weak Armor|boost
|-unboost|p1a: Ceruledge|def|1
|-boost|p1a: Ceruledge|spe|2
|
|-end|p2a: Scizor|Infestation|[partiallytrapped]|[silent]
|upkeep
|turn|13
|
|t:|1757940950
|move|p2a: Scizor|Bullet Punch|p1a: Ceruledge
|-resisted|p1a: Ceruledge
|-damage|p1a: Ceruledge|8/100
|-ability|p1a: Ceruledge|Weak Armor|boost
|-unboost|p1a: Ceruledge|def|1
|-boost|p1a: Ceruledge|spe|2
|move|p1a: Ceruledge|Bitter Blade|p2a: Scizor
|-supereffective|p2a: Scizor
|-damage|p2a: Scizor|0 fnt
|-heal|p1a: Ceruledge|27/100|[from] drain|[of] p2a: Scizor
|faint|p2a: Scizor
|
|upkeep
|
|t:|1757940962
|switch|p2a: Samurott|Samurott-Hisui, M|75/100
|turn|14
|
|t:|1757940972
|move|p2a: Samurott|Aqua Jet|p1a: Ceruledge
|-supereffective|p1a: Ceruledge
|-damage|p1a: Ceruledge|0 fnt
|faint|p1a: Ceruledge
|
|upkeep
|
|t:|1757940978
|switch|p1a: Hydrapple|Hydrapple, F, shiny|75/100
|-damage|p1a: Hydrapple|63/100|[from] Stealth Rock
|-damage|p1a: Hydrapple|50/100|[from] Spikes
|turn|15
|
|t:|1757940985
|switch|p2a: Pecharunt|Pecharunt|100/100
|move|p1a: Hydrapple|Giga Drain|p2a: Pecharunt
|-resisted|p2a: Pecharunt
|-damage|p2a: Pecharunt|81/100
|-heal|p1a: Hydrapple|61/100|[from] drain|[of] p2a: Pecharunt
|
|upkeep
|turn|16
|
|t:|1757941000
|switch|p1a: Honchkrow|Honchkrow, M, shiny|100/100
|-damage|p1a: Honchkrow|76/100|[from] Stealth Rock
|move|p2a: Pecharunt|Malignant Chain|p1a: Honchkrow
|-damage|p1a: Honchkrow|26/100
|-status|p1a: Honchkrow|tox
|-start|p1a: Honchkrow|confusion|[from] ability: Poison Puppeteer|[of] p2a: Pecharunt
|
|-damage|p1a: Honchkrow|20/100 tox|[from] psn
|upkeep
|turn|17
|
|t:|1757941014
|-activate|p1a: Honchkrow|confusion
|move|p1a: Honchkrow|Sucker Punch|p2a: Pecharunt
|-supereffective|p2a: Pecharunt
|-crit|p2a: Pecharunt
|-damage|p2a: Pecharunt|14/100
|move|p2a: Pecharunt|Shadow Ball|p1a: Honchkrow
|-resisted|p1a: Honchkrow
|-damage|p1a: Honchkrow|0 fnt
|faint|p1a: Honchkrow
|
|upkeep
|
|t:|1757941024
|switch|p1a: Snorlax|Snorlax, M, shiny|100/100
|-damage|p1a: Snorlax|88/100|[from] Stealth Rock
|-damage|p1a: Snorlax|76/100|[from] Spikes
|turn|18
|
|t:|1757941031
|move|p2a: Pecharunt|Malignant Chain|p1a: Snorlax
|-damage|p1a: Snorlax|53/100
|move|p1a: Snorlax|Curse|p1a: Snorlax
|-unboost|p1a: Snorlax|spe|1
|-boost|p1a: Snorlax|atk|1
|-boost|p1a: Snorlax|def|1
|
|-heal|p1a: Snorlax|59/100|[from] item: Leftovers
|upkeep
|turn|19
|
|t:|1757941051
|move|p2a: Pecharunt|Malignant Chain|p1a: Snorlax
|-damage|p1a: Snorlax|37/100
|move|p1a: Snorlax|Earthquake|p2a: Pecharunt
|-supereffective|p2a: Pecharunt
|-damage|p2a: Pecharunt|0 fnt
|faint|p2a: Pecharunt
|
|-heal|p1a: Snorlax|43/100|[from] item: Leftovers
|upkeep
|
|t:|1757941063
|switch|p2a: Latios|Latios, M|100/100
|turn|20
|
|t:|1757941068
|move|p2a: Latios|Psychic Noise|p1a: Snorlax
|-damage|p1a: Snorlax|9/100
|-start|p1a: Snorlax|move: Heal Block
|cant|p1a: Snorlax|move: Heal Block|Rest
|
|upkeep
|turn|21
|
|t:|1757941086
|move|p2a: Latios|Psychic Noise|p1a: Snorlax
|-damage|p1a: Snorlax|0 fnt
|faint|p1a: Snorlax
|
|upkeep
|
|t:|1757941093
|switch|p1a: Hydrapple|Hydrapple, F, shiny|94/100
|-damage|p1a: Hydrapple|82/100|[from] Stealth Rock
|-damage|p1a: Hydrapple|69/100|[from] Spikes
|turn|22
|
|t:|1757941099
|move|p2a: Latios|Psychic Noise|p1a: Hydrapple
|-damage|p1a: Hydrapple|26/100
|-start|p1a: Hydrapple|move: Heal Block
|move|p1a: Hydrapple|Fickle Beam|p2a: Latios
|-supereffective|p2a: Latios
|-crit|p2a: Latios
|-damage|p2a: Latios|0 fnt
|faint|p2a: Latios
|
|upkeep
|
|t:|1757941109
|switch|p2a: Landorus|Landorus-Therian, M|100/100
|-ability|p2a: Landorus|Intimidate|boost
|-unboost|p1a: Hydrapple|atk|1
|turn|23
|
|t:|1757941118
|move|p2a: Landorus|U-turn|p1a: Hydrapple
|-supereffective|p1a: Hydrapple
|-damage|p1a: Hydrapple|0 fnt
|faint|p1a: Hydrapple
|
|win|MoLuREBORN
|raw|shynitu's rating: 1122 &rarr; <strong>1096</strong><br />(-26 for losing)
|raw|MoLuREBORN's rating: 1111 &rarr; <strong>1137</strong><br />(+26 for winning)
|l|☆MoLuREBORN
|player|p2|
|l|☆shynitu
|player|p1|
