|badge|p1|bronze|gen9ou|100-6
|uhtml|medal-msg|<div class="broadcast-blue">Curious what those medals under the avatar are? PS now has Ladder Seasons! For more information, check out the <a href="https://www.smogon.com/forums/threads/3740067/">thread on Smogon.</a></div>
|j|☆Ctannn
|j|☆overheat xyz
|t:|1757826755
|gametype|singles
|player|p1|Ctannn|2|1844
|player|p2|overheat xyz|170|1705
|gen|9
|tier|[Gen 9] OU
|rated|
|rule|HP Percentage Mod: HP is shown in percentages
|rule|Endless Battle Clause: Forcing endless battles is banned
|rule|Species Clause: Limit one of each Pokémon
|rule|OHKO Clause: OHKO moves are banned
|rule|Evasion Items Clause: Evasion items are banned
|rule|Evasion Moves Clause: Evasion moves are banned
|rule|Evasion Abilities Clause: Evasion abilities are banned
|rule|Sleep Moves Clause: Sleep-inducing moves are banned
|clearpoke
|poke|p1|Rillaboom, M|
|poke|p1|Gholdengo|
|poke|p1|Cinderace, M|
|poke|p1|Raging Bolt|
|poke|p1|Slowking-Galar, M|
|poke|p1|Landorus-Therian, M|
|poke|p2|Kingambit, F|
|poke|p2|Garganacl, M|
|poke|p2|Rillaboom, M|
|poke|p2|Hatterene, F|
|poke|p2|Dragapult, M|
|poke|p2|Corviknight, M|
|teampreview
|inactive|Battle timer is ON: inactive players will automatically lose when time's up. (requested by Ctannn)
|
|t:|1757826762
|teamsize|p1|6
|teamsize|p2|6
|start
|switch|p1a: Slowking|Slowking-Galar, M|100/100
|switch|p2a: Dragapult|Dragapult, M|100/100
|turn|1
|
|t:|1757826770
|move|p2a: Dragapult|Shadow Ball|p1a: Slowking
|-supereffective|p1a: Slowking
|-damage|p1a: Slowking|16/100
|-unboost|p1a: Slowking|spd|1
|move|p1a: Slowking|Ice Beam|p2a: Dragapult
|-supereffective|p2a: Dragapult
|-damage|p2a: Dragapult|36/100
|
|upkeep
|turn|2
|
|t:|1757826778
|switch|p1a: Landorus|Landorus-Therian, M|100/100
|-ability|p1a: Landorus|Intimidate|boost
|-unboost|p2a: Dragapult|atk|1
|move|p2a: Dragapult|Shadow Ball|p1a: Landorus
|-damage|p1a: Landorus|44/100
|
|upkeep
|turn|3
|
|t:|1757826784
|move|p2a: Dragapult|Shadow Ball|p1a: Landorus
|-damage|p1a: Landorus|0 fnt
|faint|p1a: Landorus
|
|upkeep
|
|t:|1757826787
|switch|p1a: Gholdengo|Gholdengo|100/100
|turn|4
|
|t:|1757826792
|switch|p2a: Kingambit|Kingambit, F|100/100
|move|p1a: Gholdengo|Trick|p2a: Kingambit
|-activate|p1a: Gholdengo|move: Trick|[of] p2a: Kingambit
|-item|p2a: Kingambit|Choice Scarf|[from] move: Trick
|-item|p1a: Gholdengo|Grassy Seed|[from] move: Trick
|
|upkeep
|turn|5
|
|t:|1757826803
|-terastallize|p1a: Gholdengo|Fairy
|move|p1a: Gholdengo|Nasty Plot|p1a: Gholdengo
|-boost|p1a: Gholdengo|spa|2
|move|p2a: Kingambit|Kowtow Cleave|p1a: Gholdengo
|-resisted|p1a: Gholdengo
|-damage|p1a: Gholdengo|71/100
|
|upkeep
|turn|6
|
|t:|1757826820
|-end|p2a: Kingambit|fallenundefined|[silent]
|switch|p2a: Corviknight|Corviknight, M|100/100
|-ability|p2a: Corviknight|Pressure
|move|p1a: Gholdengo|Shadow Ball|p2a: Corviknight
|-damage|p2a: Corviknight|23/100
|
|upkeep
|turn|7
|
|t:|1757826823
|move|p1a: Gholdengo|Shadow Ball|p2a: Corviknight
|-damage|p2a: Corviknight|0 fnt
|faint|p2a: Corviknight
|
|upkeep
|
|t:|1757826834
|switch|p2a: Dragapult|Dragapult, M|36/100
|turn|8
|
|t:|1757826840
|-terastallize|p2a: Dragapult|Ghost
|move|p2a: Dragapult|Shadow Ball|p1a: Gholdengo
|-damage|p1a: Gholdengo|0 fnt
|faint|p1a: Gholdengo
|
|upkeep
|
|t:|1757826847
|switch|p1a: Rillaboom|Rillaboom, M|100/100
|-fieldstart|move: Grassy Terrain|[from] ability: Grassy Surge|[of] p1a: Rillaboom
|turn|9
|
|t:|1757826852
|switch|p2a: Kingambit|Kingambit, F|100/100
|-activate|p2a: Kingambit|ability: Supreme Overlord
|-start|p2a: Kingambit|fallen1|[silent]
|move|p1a: Rillaboom|Swords Dance|p1a: Rillaboom
|-boost|p1a: Rillaboom|atk|2
|
|upkeep
|turn|10
|j| 54 Insane Rats
|
|t:|1757826863
|move|p2a: Kingambit|Sucker Punch|p1a: Rillaboom
|-damage|p1a: Rillaboom|48/100
|move|p1a: Rillaboom|Drain Punch|p2a: Kingambit
|-supereffective|p2a: Kingambit
|-damage|p2a: Kingambit|0 fnt
|-heal|p1a: Rillaboom|100/100|[from] drain|[of] p2a: Kingambit
|faint|p2a: Kingambit
|-end|p2a: Kingambit|fallen1|[silent]
|
|upkeep
|
|t:|1757826874
|switch|p2a: Rillaboom|Rillaboom, M|100/100
|turn|11
|
|t:|1757826878
|move|p2a: Rillaboom|U-turn|p1a: Rillaboom
|-supereffective|p1a: Rillaboom
|-damage|p1a: Rillaboom|17/100
|
|t:|1757826882
|switch|p2a: Dragapult|Dragapult, M, tera:Ghost|36/100|[from] U-turn
|move|p1a: Rillaboom|Wood Hammer|p2a: Dragapult
|-damage|p2a: Dragapult|0 fnt
|faint|p2a: Dragapult
|-damage|p1a: Rillaboom|6/100|[from] Recoil
|
|-heal|p1a: Rillaboom|13/100|[from] Grassy Terrain
|upkeep
|
|t:|1757826884
|switch|p2a: Rillaboom|Rillaboom, M|100/100
|turn|12
|
|t:|1757826891
|switch|p1a: Slowking|Slowking-Galar, M|49/100
|move|p2a: Rillaboom|Grassy Glide|p1a: Slowking
|-resisted|p1a: Slowking
|-crit|p1a: Slowking
|-damage|p1a: Slowking|18/100
|-damage|p2a: Rillaboom|84/100|[from] item: Rocky Helmet|[of] p1a: Slowking
|
|-heal|p2a: Rillaboom|90/100|[from] Grassy Terrain
|-heal|p1a: Slowking|24/100|[from] Grassy Terrain
|upkeep
|turn|13
|
|t:|1757826905
|switch|p2a: Garganacl|Garganacl, M|100/100
|move|p1a: Slowking|Future Sight|p2a: Garganacl
|-start|p1a: Slowking|move: Future Sight
|
|-heal|p1a: Slowking|30/100|[from] Grassy Terrain
|-fieldend|move: Grassy Terrain
|upkeep
|turn|14
|j| Noob 0_o
|
|t:|1757826909
|move|p2a: Garganacl|Stealth Rock|p1a: Slowking
|-sidestart|p1: Ctannn|move: Stealth Rock
|-prepare|p1a: Slowking|Chilly Reception|[premajor]
|move|p1a: Slowking|Chilly Reception|p1a: Slowking
|-weather|Snowscape
|
|t:|1757826914
|switch|p1a: Cinderace|Cinderace, M|100/100|[from] Chilly Reception
|
|-weather|Snowscape|[upkeep]
|upkeep
|turn|15
|
|t:|1757826920
|move|p1a: Cinderace|High Jump Kick|p2a: Garganacl|[miss]
|-start|p1a: Cinderace|typechange|Fighting|[from] ability: Libero
|-miss|p1a: Cinderace|p2a: Garganacl
|-damage|p1a: Cinderace|51/100|[from] highjumpkick
|move|p2a: Garganacl|Stealth Rock||[still]
|-fail|p2a: Garganacl
|
|-weather|Snowscape|[upkeep]
|-end|p2a: Garganacl|move: Future Sight
|-damage|p2a: Garganacl|70/100
|-heal|p2a: Garganacl|76/100|[from] item: Leftovers
|upkeep
|turn|16
|
|t:|1757826928
|move|p2a: Garganacl|Protect|p2a: Garganacl
|-singleturn|p2a: Garganacl|Protect
|move|p1a: Cinderace|High Jump Kick|p2a: Garganacl
|-activate|p2a: Garganacl|move: Protect
|-damage|p1a: Cinderace|1/100|[from] highjumpkick
|
|-weather|Snowscape|[upkeep]
|-heal|p2a: Garganacl|82/100|[from] item: Leftovers
|upkeep
|turn|17
|
|t:|1757826936
|switch|p2a: Hatterene|Hatterene, F|100/100
|move|p1a: Cinderace|High Jump Kick|p2a: Hatterene
|-resisted|p2a: Hatterene
|-damage|p2a: Hatterene|84/100
|
|-weather|Snowscape|[upkeep]
|upkeep
|turn|18
|
|t:|1757826942
|move|p1a: Cinderace|Court Change|p1a: Cinderace
|-swapsideconditions
|-activate|p1a: Cinderace|move: Court Change
|move|p2a: Hatterene|Draining Kiss|p1a: Cinderace
|-supereffective|p1a: Cinderace
|-damage|p1a: Cinderace|0 fnt
|-heal|p2a: Hatterene|84/100|[from] drain|[of] p1a: Cinderace
|faint|p1a: Cinderace
|
|-weather|none
|upkeep
|j| wgw2333
|
|t:|1757826956
|switch|p1a: Slowking|Slowking-Galar, M|64/100
|turn|19
|
|t:|1757826962
|move|p2a: Hatterene|Nuzzle|p1a: Slowking
|-damage|p1a: Slowking|61/100
|-status|p1a: Slowking|par
|-damage|p2a: Hatterene|67/100|[from] item: Rocky Helmet|[of] p1a: Slowking
|-prepare|p1a: Slowking|Chilly Reception|[premajor]
|move|p1a: Slowking|Chilly Reception|p1a: Slowking
|-weather|Snowscape
|
|t:|1757826964
|switch|p1a: Raging Bolt|Raging Bolt|100/100|[from] Chilly Reception
|
|-weather|Snowscape|[upkeep]
|upkeep
|turn|20
|
|t:|1757826972
|move|p1a: Raging Bolt|Volt Switch|p2a: Hatterene
|-damage|p2a: Hatterene|24/100
|
|t:|1757826974
|-end|p1a: Raging Bolt|Protosynthesis|[silent]
|switch|p1a: Slowking|Slowking-Galar, M|94/100 par|[from] Volt Switch
|move|p2a: Hatterene|Draining Kiss|p1a: Slowking
|-resisted|p1a: Slowking
|-damage|p1a: Slowking|82/100 par
|-heal|p2a: Hatterene|35/100|[from] drain|[of] p1a: Slowking
|-damage|p2a: Hatterene|19/100|[from] item: Rocky Helmet|[of] p1a: Slowking
|
|-weather|Snowscape|[upkeep]
|upkeep
|turn|21
|
|t:|1757826977
|move|p2a: Hatterene|Psychic Noise|p1a: Slowking
|-damage|p1a: Slowking|48/100 par
|-start|p1a: Slowking|move: Heal Block
|-prepare|p1a: Slowking|Chilly Reception|[premajor]
|move|p1a: Slowking|Chilly Reception|p1a: Slowking
|j| firemaniac
|
|t:|1757826984
|switch|p1a: Raging Bolt|Raging Bolt|100/100|[from] Chilly Reception
|
|-weather|Snowscape|[upkeep]
|upkeep
|turn|22
|
|t:|1757826987
|move|p1a: Raging Bolt|Volt Switch|p2a: Hatterene
|-damage|p2a: Hatterene|0 fnt
|faint|p2a: Hatterene
|
|t:|1757826991
|-end|p1a: Raging Bolt|Protosynthesis|[silent]
|switch|p1a: Rillaboom|Rillaboom, M|13/100|[from] Volt Switch
|-fieldstart|move: Grassy Terrain|[from] ability: Grassy Surge|[of] p1a: Rillaboom
|
|-weather|Snowscape|[upkeep]
|-heal|p1a: Rillaboom|19/100|[from] Grassy Terrain
|upkeep
|
|t:|1757826994
|switch|p2a: Rillaboom|Rillaboom, M|90/100
|-damage|p2a: Rillaboom|78/100|[from] Stealth Rock
|turn|23
|
|t:|1757827004
|switch|p1a: Raging Bolt|Raging Bolt|100/100
|move|p2a: Rillaboom|Knock Off|p1a: Raging Bolt
|-damage|p1a: Raging Bolt|51/100
|-enditem|p1a: Raging Bolt|Choice Specs|[from] move: Knock Off|[of] p2a: Rillaboom
|
|-weather|none
|-heal|p2a: Rillaboom|84/100|[from] Grassy Terrain
|-heal|p1a: Raging Bolt|57/100|[from] Grassy Terrain
|upkeep
|turn|24
|
|t:|1757827011
|switch|p2a: Garganacl|Garganacl, M|82/100
|-damage|p2a: Garganacl|70/100|[from] Stealth Rock
|move|p1a: Raging Bolt|Volt Switch|p2a: Garganacl
|-damage|p2a: Garganacl|40/100
|
|t:|1757827013
|-end|p1a: Raging Bolt|Protosynthesis|[silent]
|switch|p1a: Rillaboom|Rillaboom, M|19/100|[from] Volt Switch
|
|-heal|p1a: Rillaboom|25/100|[from] Grassy Terrain
|-heal|p2a: Garganacl|46/100|[from] Grassy Terrain
|-heal|p2a: Garganacl|52/100|[from] item: Leftovers
|upkeep
|turn|25
|
|t:|1757827017
|switch|p2a: Rillaboom|Rillaboom, M|84/100
|-damage|p2a: Rillaboom|72/100|[from] Stealth Rock
|move|p1a: Rillaboom|Grassy Glide|p2a: Rillaboom
|-resisted|p2a: Rillaboom
|-damage|p2a: Rillaboom|47/100
|
|-heal|p2a: Rillaboom|53/100|[from] Grassy Terrain
|-heal|p1a: Rillaboom|31/100|[from] Grassy Terrain
|upkeep
|turn|26
|
|t:|1757827028
|switch|p1a: Raging Bolt|Raging Bolt|57/100
|move|p2a: Rillaboom|Knock Off|p1a: Raging Bolt
|-damage|p1a: Raging Bolt|21/100
|
|-heal|p2a: Rillaboom|59/100|[from] Grassy Terrain
|-heal|p1a: Raging Bolt|27/100|[from] Grassy Terrain
|-fieldend|move: Grassy Terrain
|upkeep
|turn|27
|
|t:|1757827040
|move|p1a: Raging Bolt|Thunderclap|p2a: Rillaboom
|-resisted|p2a: Rillaboom
|-damage|p2a: Rillaboom|32/100
|move|p2a: Rillaboom|Knock Off|p1a: Raging Bolt
|-damage|p1a: Raging Bolt|0 fnt
|faint|p1a: Raging Bolt
|-end|p1a: Raging Bolt|Protosynthesis|[silent]
|
|upkeep
|
|t:|1757827046
|switch|p1a: Slowking|Slowking-Galar, M|81/100 par
|turn|28
|
|t:|1757827050
|switch|p2a: Garganacl|Garganacl, M|52/100
|-damage|p2a: Garganacl|40/100|[from] Stealth Rock
|-prepare|p1a: Slowking|Chilly Reception|[premajor]
|move|p1a: Slowking|Chilly Reception|p1a: Slowking
|-weather|Snowscape
|
|t:|1757827052
|switch|p1a: Rillaboom|Rillaboom, M|31/100|[from] Chilly Reception
|-fieldstart|move: Grassy Terrain|[from] ability: Grassy Surge|[of] p1a: Rillaboom
|
|-weather|Snowscape|[upkeep]
|-heal|p1a: Rillaboom|37/100|[from] Grassy Terrain
|-heal|p2a: Garganacl|46/100|[from] Grassy Terrain
|-heal|p2a: Garganacl|52/100|[from] item: Leftovers
|upkeep
|turn|29
|
|t:|1757827063
|move|p1a: Rillaboom|Wood Hammer|p2a: Garganacl
|-supereffective|p2a: Garganacl
|-damage|p2a: Garganacl|0 fnt
|faint|p2a: Garganacl
|-damage|p1a: Rillaboom|17/100|[from] Recoil
|
|-weather|Snowscape|[upkeep]
|-heal|p1a: Rillaboom|23/100|[from] Grassy Terrain
|upkeep
|
|t:|1757827069
|switch|p2a: Rillaboom|Rillaboom, M|32/100
|-damage|p2a: Rillaboom|19/100|[from] Stealth Rock
|turn|30
|
|t:|1757827071
|switch|p1a: Slowking|Slowking-Galar, M|100/100 par
|move|p2a: Rillaboom|Knock Off|p1a: Slowking
|-supereffective|p1a: Slowking
|-damage|p1a: Slowking|16/100 par
|-damage|p2a: Rillaboom|3/100|[from] item: Rocky Helmet|[of] p1a: Slowking
|-enditem|p1a: Slowking|Rocky Helmet|[from] move: Knock Off|[of] p2a: Rillaboom
|
|-weather|Snowscape|[upkeep]
|-heal|p2a: Rillaboom|9/100|[from] Grassy Terrain
|-heal|p1a: Slowking|22/100 par|[from] Grassy Terrain
|upkeep
|turn|31
|
|t:|1757827079
|move|p2a: Rillaboom|Knock Off|p1a: Slowking
|-supereffective|p1a: Slowking
|-damage|p1a: Slowking|0 fnt
|faint|p1a: Slowking
|
|-weather|Snowscape|[upkeep]
|-heal|p2a: Rillaboom|15/100|[from] Grassy Terrain
|upkeep
|
|t:|1757827080
|switch|p1a: Rillaboom|Rillaboom, M|23/100
|turn|32
|
|t:|1757827083
|move|p1a: Rillaboom|Grassy Glide|p2a: Rillaboom
|-resisted|p2a: Rillaboom
|-damage|p2a: Rillaboom|0 fnt
|faint|p2a: Rillaboom
|
|win|Ctannn
|raw|Ctannn's rating: 1844 &rarr; <strong>1856</strong><br />(+12 for winning)
|raw|overheat xyz's rating: 1705 &rarr; <strong>1693</strong><br />(-12 for losing)
|l|☆overheat xyz
|player|p2|
|l|☆Ctannn
|player|p1|
|l| Noob 0_o
|l| wgw2333
|l| 54 Insane Rats
