|j|‽megaplots
|j|☆alter
|t:|1757849251
|gametype|singles
|player|p1|megaplots|1|1529
|player|p2|alter|#labyrinthine|1509
|gen|9
|tier|[Gen 9] OU
|rated|
|rule|HP Percentage Mod: HP is shown in percentages
|rule|Endless Battle Clause: Forcing endless battles is banned
|rule|Species Clause: Limit one of each Pokémon
|rule|OHKO Clause: OHKO moves are banned
|rule|Evasion Items Clause: Evasion items are banned
|rule|Evasion Moves Clause: Evasion moves are banned
|rule|Evasion Abilities Clause: Evasion abilities are banned
|rule|Sleep Moves Clause: Sleep-inducing moves are banned
|clearpoke
|poke|p1|Ogerpon-Wellspring, F|
|poke|p1|Kingambit, F|
|poke|p1|Landorus-Therian, M|
|poke|p1|Glimmora, F|
|poke|p1|Dragapult, M|
|poke|p1|Iron Valiant|
|poke|p2|Ninetales, M|
|poke|p2|Walking Wake|
|poke|p2|Charizard, M|
|poke|p2|Venusaur, M|
|poke|p2|Great Tusk|
|poke|p2|Hatterene, F|
|teampreview
|inactive|Battle timer is ON: inactive players will automatically lose when time's up. (requested by alter)
|
|t:|1757849267
|teamsize|p1|6
|teamsize|p2|6
|start
|switch|p1a: Glimmora|Glimmora, F|100/100
|switch|p2a: custapbond|Ninetales, M|100/100
|-weather|SunnyDay|[from] ability: Drought|[of] p2a: custapbond
|turn|1
|
|t:|1757849275
|switch|p2a: pete|Great Tusk|100/100
|-activate|p2a: pete|ability: Protosynthesis
|-start|p2a: pete|protosynthesisatk
|move|p1a: Glimmora|Meteor Beam||[still]
|-prepare|p1a: Glimmora|Meteor Beam
|-boost|p1a: Glimmora|spa|1
|-enditem|p1a: Glimmora|Power Herb
|-anim|p1a: Glimmora|Meteor Beam|p2a: pete|[miss]
|-miss|p1a: Glimmora|p2a: pete
|
|-weather|SunnyDay|[upkeep]
|upkeep
|turn|2
|l|☆alter
|inactive|alter disconnected and has a minute to reconnect!
|player|p2|
|j|☆alter
|inactive|alter reconnected and has 130 seconds left.
|player|p2|alter|#labyrinthine|
|
|t:|1757849304
|switch|p1a: Landorus|Landorus-Therian, M|100/100
|-ability|p1a: Landorus|Intimidate|boost
|-unboost|p2a: pete|atk|1
|-enditem|p2a: pete|Eject Pack
|
|t:|1757849312
|-end|p2a: pete|Protosynthesis|[silent]
|switch|p2a: cm resttalk|Walking Wake|100/100
|-activate|p2a: cm resttalk|ability: Protosynthesis
|-start|p2a: cm resttalk|protosynthesisspe
|
|-weather|SunnyDay|[upkeep]
|upkeep
|turn|3
|
|t:|1757849328
|switch|p1a: Ogerpon|Ogerpon-Wellspring, F|100/100
|move|p2a: cm resttalk|Flamethrower|p1a: Ogerpon
|-damage|p1a: Ogerpon|18/100
|
|-weather|SunnyDay|[upkeep]
|upkeep
|turn|4
|
|t:|1757849345
|switch|p1a: Glimmora|Glimmora, F|100/100
|move|p2a: cm resttalk|Flamethrower|p1a: Glimmora
|-resisted|p1a: Glimmora
|-damage|p1a: Glimmora|59/100
|
|-weather|SunnyDay|[upkeep]
|upkeep
|turn|5
|
|t:|1757849361
|-end|p2a: cm resttalk|Protosynthesis|[silent]
|switch|p2a: espeonluver73|Hatterene, F|100/100
|move|p1a: Glimmora|Spikes|p2a: espeonluver73
|move|p2a: espeonluver73|Spikes|p1a: Glimmora|[from] ability: Magic Bounce
|-sidestart|p1: megaplots|Spikes
|
|-weather|SunnyDay|[upkeep]
|upkeep
|turn|6
|inactive|alter has 120 seconds left.
|
|t:|1757849383
|move|p1a: Glimmora|Mortal Spin|p2a: espeonluver73
|-supereffective|p2a: espeonluver73
|-damage|p2a: espeonluver73|90/100
|-status|p2a: espeonluver73|psn
|-sideend|p1: megaplots|Spikes|[from] move: Mortal Spin|[of] p1a: Glimmora
|-enditem|p2a: espeonluver73|Eject Button
|inactive|alter has 120 seconds left.
|
|t:|1757849405
|switch|p2a: cm resttalk|Walking Wake|100/100
|-activate|p2a: cm resttalk|ability: Protosynthesis
|-start|p2a: cm resttalk|protosynthesisspe
|
|-weather|SunnyDay|[upkeep]
|upkeep
|turn|7
|
|t:|1757849415
|switch|p1a: Kingambit|Kingambit, F|100/100
|move|p2a: cm resttalk|Dragon Pulse|p1a: Kingambit
|-resisted|p1a: Kingambit
|-damage|p1a: Kingambit|68/100
|
|-weather|SunnyDay|[upkeep]
|-heal|p1a: Kingambit|74/100|[from] item: Leftovers
|upkeep
|turn|8
|
|t:|1757849423
|-end|p2a: cm resttalk|Protosynthesis|[silent]
|switch|p2a: pete|Great Tusk|100/100
|-activate|p2a: pete|ability: Protosynthesis
|-start|p2a: pete|protosynthesisatk
|-end|p1a: Kingambit|fallenundefined|[silent]
|switch|p1a: Ogerpon|Ogerpon-Wellspring, F|18/100
|
|-weather|none
|-end|p2a: pete|Protosynthesis
|upkeep
|turn|9
|inactive|alter has 120 seconds left.
|
|t:|1757849431
|-end|p2a: pete|Protosynthesis|[silent]
|switch|p2a: custapbond|Ninetales, M|100/100
|-weather|SunnyDay|[from] ability: Drought|[of] p2a: custapbond
|move|p1a: Ogerpon|Horn Leech|p2a: custapbond
|-resisted|p2a: custapbond
|-damage|p2a: custapbond|69/100
|-heal|p1a: Ogerpon|33/100|[from] drain|[of] p2a: custapbond
|
|-weather|SunnyDay|[upkeep]
|upkeep
|turn|10
|inactive|alter has 120 seconds left.
|
|t:|1757849448
|switch|p1a: Glimmora|Glimmora, F|59/100
|switch|p2a: Hp ice eq|Venusaur, M|100/100
|
|-weather|SunnyDay|[upkeep]
|upkeep
|turn|11
|inactive|alter has 120 seconds left.
|
|t:|1757849455
|move|p2a: Hp ice eq|Growth|p2a: Hp ice eq
|-boost|p2a: Hp ice eq|atk|2
|-boost|p2a: Hp ice eq|spa|2
|move|p1a: Glimmora|Spikes|p2a: Hp ice eq
|-sidestart|p2: alter|Spikes
|
|-weather|SunnyDay|[upkeep]
|upkeep
|turn|12
|
|t:|1757849459
|move|p2a: Hp ice eq|Giga Drain|p1a: Glimmora
|-damage|p1a: Glimmora|0 fnt
|faint|p1a: Glimmora
|-damage|p2a: Hp ice eq|91/100|[from] item: Life Orb
|
|-weather|SunnyDay|[upkeep]
|upkeep
|
|t:|1757849471
|switch|p1a: Dragapult|Dragapult, M|100/100
|turn|13
|
|t:|1757849476
|move|p2a: Hp ice eq|Weather Ball|p1a: Dragapult
|-resisted|p1a: Dragapult
|-damage|p1a: Dragapult|21/100
|-damage|p2a: Hp ice eq|81/100|[from] item: Life Orb
|move|p1a: Dragapult|Shadow Ball|p2a: Hp ice eq
|-crit|p2a: Hp ice eq
|-damage|p2a: Hp ice eq|0 fnt
|faint|p2a: Hp ice eq
|
|-weather|SunnyDay|[upkeep]
|upkeep
|
|t:|1757849488
|switch|p2a: cm resttalk|Walking Wake|100/100
|-damage|p2a: cm resttalk|88/100|[from] Spikes
|-activate|p2a: cm resttalk|ability: Protosynthesis
|-start|p2a: cm resttalk|protosynthesisspe
|turn|14
|
|t:|1757849509
|switch|p1a: Ogerpon|Ogerpon-Wellspring, F|33/100
|move|p2a: cm resttalk|Flamethrower|p1a: Ogerpon
|-damage|p1a: Ogerpon|0 fnt
|faint|p1a: Ogerpon
|
|-weather|SunnyDay|[upkeep]
|upkeep
|
|t:|1757849518
|switch|p1a: Landorus|Landorus-Therian, M|100/100
|-ability|p1a: Landorus|Intimidate|boost
|-unboost|p2a: cm resttalk|atk|1
|turn|15
|
|t:|1757849525
|-end|p2a: cm resttalk|Protosynthesis|[silent]
|switch|p2a: espeonluver73|Hatterene, F|90/100 psn
|-damage|p2a: espeonluver73|78/100 psn|[from] Spikes
|move|p1a: Landorus|Earthquake|p2a: espeonluver73
|-damage|p2a: espeonluver73|37/100 psn
|
|-weather|SunnyDay|[upkeep]
|-damage|p2a: espeonluver73|24/100 psn|[from] psn
|upkeep
|turn|16
|
|t:|1757849541
|move|p1a: Landorus|Earthquake|p2a: espeonluver73
|-damage|p2a: espeonluver73|0 fnt
|faint|p2a: espeonluver73
|
|-weather|none
|upkeep
|
|t:|1757849543
|switch|p2a: custapbond|Ninetales, M|69/100
|-damage|p2a: custapbond|57/100|[from] Spikes
|-weather|SunnyDay|[from] ability: Drought|[of] p2a: custapbond
|turn|17
|
|t:|1757849553
|move|p2a: custapbond|Overheat|p1a: Landorus|[miss]
|-miss|p2a: custapbond|p1a: Landorus
|move|p1a: Landorus|Stealth Rock|p2a: custapbond
|-sidestart|p2: alter|move: Stealth Rock
|
|-weather|SunnyDay|[upkeep]
|upkeep
|turn|18
|
|t:|1757849576
|switch|p2a: pete|Great Tusk|100/100
|-damage|p2a: pete|88/100|[from] Spikes
|-damage|p2a: pete|85/100|[from] Stealth Rock
|-activate|p2a: pete|ability: Protosynthesis
|-start|p2a: pete|protosynthesisatk
|switch|p1a: Kingambit|Kingambit, F|74/100
|-activate|p1a: Kingambit|ability: Supreme Overlord
|-start|p1a: Kingambit|fallen2|[silent]
|
|-weather|SunnyDay|[upkeep]
|-heal|p1a: Kingambit|81/100|[from] item: Leftovers
|upkeep
|turn|19
|
|t:|1757849587
|-end|p1a: Kingambit|fallen2|[silent]
|switch|p1a: Dragapult|Dragapult, M|21/100
|move|p2a: pete|Rapid Spin|p1a: Dragapult
|-immune|p1a: Dragapult
|
|-weather|SunnyDay|[upkeep]
|upkeep
|turn|20
|
|t:|1757849593
|move|p1a: Dragapult|Draco Meteor|p2a: pete
|-damage|p2a: pete|0 fnt
|-unboost|p1a: Dragapult|spa|2
|faint|p2a: pete
|-end|p2a: pete|Protosynthesis|[silent]
|
|-weather|SunnyDay|[upkeep]
|upkeep
|
|t:|1757849603
|switch|p2a: cm resttalk|Walking Wake|88/100
|-damage|p2a: cm resttalk|76/100|[from] Spikes
|-damage|p2a: cm resttalk|64/100|[from] Stealth Rock
|-activate|p2a: cm resttalk|ability: Protosynthesis
|-start|p2a: cm resttalk|protosynthesisspe
|turn|21
|l|☆alter
|inactive|alter disconnected and has a minute to reconnect!
|player|p2|
|
|t:|1757849627
|switch|p1a: Landorus|Landorus-Therian, M|100/100
|-ability|p1a: Landorus|Intimidate|boost
|-unboost|p2a: cm resttalk|atk|1
|move|p2a: cm resttalk|Hydro Steam|p1a: Landorus
|-supereffective|p1a: Landorus
|-damage|p1a: Landorus|0 fnt
|faint|p1a: Landorus
|
|-weather|SunnyDay|[upkeep]
|upkeep
|j|☆alter
|inactive|alter reconnected.
|player|p2|alter|#labyrinthine|
|
|t:|1757849640
|switch|p1a: Kingambit|Kingambit, F|81/100
|-activate|p1a: Kingambit|ability: Supreme Overlord
|-start|p1a: Kingambit|fallen3|[silent]
|turn|22
|
|t:|1757849644
|-end|p2a: cm resttalk|Protosynthesis|[silent]
|switch|p2a: zard|Charizard, M, shiny|100/100
|-damage|p2a: zard|51/100|[from] Stealth Rock
|move|p1a: Kingambit|Sucker Punch||[still]
|-fail|p1a: Kingambit
|
|-weather|SunnyDay|[upkeep]
|-damage|p2a: zard|38/100|[from] ability: Solar Power|[of] p2a: zard
|-heal|p1a: Kingambit|87/100|[from] item: Leftovers
|upkeep
|turn|23
|
|t:|1757849652
|move|p2a: zard|Weather Ball|p1a: Kingambit
|-supereffective|p1a: Kingambit
|-crit|p1a: Kingambit
|-damage|p1a: Kingambit|0 fnt
|faint|p1a: Kingambit
|-end|p1a: Kingambit|fallen3|[silent]
|-damage|p2a: zard|28/100|[from] item: Life Orb
|
|-weather|SunnyDay|[upkeep]
|-damage|p2a: zard|16/100|[from] ability: Solar Power|[of] p2a: zard
|upkeep
|
|t:|1757849673
|switch|p1a: Iron Valiant|Iron Valiant|100/100
|-enditem|p1a: Iron Valiant|Booster Energy
|-activate|p1a: Iron Valiant|ability: Quark Drive|[fromitem]
|-start|p1a: Iron Valiant|quarkdrivespe
|turn|24
|
|t:|1757849679
|move|p1a: Iron Valiant|Moonblast|p2a: zard
|-resisted|p2a: zard
|-damage|p2a: zard|0 fnt
|faint|p2a: zard
|
|-weather|none
|upkeep
|
|t:|1757849681
|switch|p2a: custapbond|Ninetales, M|57/100
|-damage|p2a: custapbond|45/100|[from] Spikes
|-damage|p2a: custapbond|20/100|[from] Stealth Rock
|-weather|SunnyDay|[from] ability: Drought|[of] p2a: custapbond
|turn|25
|
|t:|1757849685
|move|p1a: Iron Valiant|Shadow Ball|p2a: custapbond
|-damage|p2a: custapbond|0 fnt
|faint|p2a: custapbond
|
|-weather|SunnyDay|[upkeep]
|upkeep
|
|t:|1757849687
|switch|p2a: cm resttalk|Walking Wake|64/100
|-damage|p2a: cm resttalk|51/100|[from] Spikes
|-damage|p2a: cm resttalk|39/100|[from] Stealth Rock
|-activate|p2a: cm resttalk|ability: Protosynthesis
|-start|p2a: cm resttalk|protosynthesisspe
|turn|26
|
|t:|1757849689
|move|p1a: Iron Valiant|Moonblast|p2a: cm resttalk
|-supereffective|p2a: cm resttalk
|-damage|p2a: cm resttalk|0 fnt
|faint|p2a: cm resttalk
|-end|p2a: cm resttalk|Protosynthesis|[silent]
|
|win|megaplots
|raw|megaplots's rating: 1529 &rarr; <strong>1548</strong><br />(+19 for winning)
|raw|alter's rating: 1509 &rarr; <strong>1490</strong><br />(-19 for losing)
|l|☆alter
|player|p2|
|l|‽megaplots
|player|p1|
