|j|☆WhiteCapeMarth
|j|☆LairdyMate
|t:|1757827510
|gametype|singles
|player|p1|WhiteCapeMarth|266|1099
|player|p2|LairdyMate|lance|1087
|gen|9
|tier|[Gen 9] OU
|rated|
|rule|HP Percentage Mod: HP is shown in percentages
|rule|Endless Battle Clause: Forcing endless battles is banned
|rule|Species Clause: Limit one of each Pokémon
|rule|OHKO Clause: OHKO moves are banned
|rule|Evasion Items Clause: Evasion items are banned
|rule|Evasion Moves Clause: Evasion moves are banned
|rule|Evasion Abilities Clause: Evasion abilities are banned
|rule|Sleep Moves Clause: Sleep-inducing moves are banned
|clearpoke
|poke|p1|Staraptor, F|
|poke|p1|Conkeldurr, M|
|poke|p1|Necrozma|
|poke|p1|Frosmoth, F|
|poke|p1|Cinderace, M|
|poke|p1|Yanmega, M|
|poke|p2|Dragonite, M|
|poke|p2|Gholdengo|
|poke|p2|Umbreon, M|
|poke|p2|Manaphy|
|poke|p2|Glimmora, M|
|poke|p2|Polteageist|
|teampreview
|
|t:|1757827534
|teamsize|p1|6
|teamsize|p2|6
|start
|switch|p1a: Staraptor|Staraptor, F|100/100
|switch|p2a: Polteageist|Polteageist, shiny|100/100
|turn|1
|
|t:|1757827541
|move|p1a: Staraptor|Brave Bird|p2a: Polteageist
|-enditem|p2a: Polteageist|Focus Sash
|-damage|p2a: Polteageist|1/100
|-ability|p2a: Polteageist|Weak Armor|boost
|-unboost|p2a: Polteageist|def|1
|-boost|p2a: Polteageist|spe|2
|-damage|p1a: Staraptor|73/100|[from] Recoil
|move|p2a: Polteageist|Shell Smash|p2a: Polteageist
|-unboost|p2a: Polteageist|def|1
|-unboost|p2a: Polteageist|spd|1
|-boost|p2a: Polteageist|atk|2
|-boost|p2a: Polteageist|spa|2
|-boost|p2a: Polteageist|spe|2
|
|upkeep
|turn|2
|
|t:|1757827554
|move|p2a: Polteageist|Protect|p2a: Polteageist
|-singleturn|p2a: Polteageist|Protect
|move|p1a: Staraptor|Brave Bird|p2a: Polteageist
|-activate|p2a: Polteageist|move: Protect
|
|upkeep
|turn|3
|
|t:|1757827561
|move|p2a: Polteageist|Shadow Ball|p1a: Staraptor
|-immune|p1a: Staraptor
|move|p1a: Staraptor|Brave Bird|p2a: Polteageist
|-damage|p2a: Polteageist|0 fnt
|faint|p2a: Polteageist
|-damage|p1a: Staraptor|73/100|[from] Recoil
|
|upkeep
|
|t:|1757827570
|switch|p2a: Dragonite|Dragonite, M|100/100
|turn|4
|
|t:|1757827575
|move|p1a: Staraptor|Brave Bird|p2a: Dragonite
|-damage|p2a: Dragonite|48/100
|-damage|p1a: Staraptor|56/100|[from] item: Rocky Helmet|[of] p2a: Dragonite
|-damage|p1a: Staraptor|35/100|[from] Recoil
|move|p2a: Dragonite|Dragon Dance|p2a: Dragonite
|-boost|p2a: Dragonite|atk|1
|-boost|p2a: Dragonite|spe|1
|
|upkeep
|turn|5
|
|t:|1757827585
|move|p1a: Staraptor|Brave Bird|p2a: Dragonite
|-damage|p2a: Dragonite|0 fnt
|-damage|p1a: Staraptor|19/100|[from] item: Rocky Helmet|[of] p2a: Dragonite
|faint|p2a: Dragonite
|-damage|p1a: Staraptor|0 fnt|[from] Recoil
|faint|p1a: Staraptor
|
|upkeep
|
|t:|1757827600
|switch|p1a: Necrozma|Necrozma|100/100
|switch|p2a: Glimmora|Glimmora, M|100/100
|-item|p2a: Glimmora|Air Balloon
|turn|6
|
|t:|1757827605
|move|p2a: Glimmora|Toxic Spikes|p1a: Necrozma
|-sidestart|p1: WhiteCapeMarth|move: Toxic Spikes
|move|p1a: Necrozma|Photon Geyser|p2a: Glimmora
|-supereffective|p2a: Glimmora
|-damage|p2a: Glimmora|0 fnt
|-enditem|p2a: Glimmora|Air Balloon
|faint|p2a: Glimmora
|
|upkeep
|
|t:|1757827615
|switch|p2a: Manaphy|Manaphy|100/100
|turn|7
|
|t:|1757827639
|move|p2a: Manaphy|Take Heart|p2a: Manaphy
|-boost|p2a: Manaphy|spa|1
|-boost|p2a: Manaphy|spd|1
|move|p1a: Necrozma|Photon Geyser|p2a: Manaphy
|-damage|p2a: Manaphy|69/100
|
|-heal|p2a: Manaphy|75/100|[from] item: Leftovers
|upkeep
|turn|8
|
|t:|1757827654
|switch|p1a: Conkeldurr|Conkeldurr, M|100/100
|-status|p1a: Conkeldurr|psn
|move|p2a: Manaphy|Take Heart|p2a: Manaphy
|-boost|p2a: Manaphy|spa|1
|-boost|p2a: Manaphy|spd|1
|
|-heal|p2a: Manaphy|82/100|[from] item: Leftovers
|-damage|p1a: Conkeldurr|88/100 psn|[from] psn
|upkeep
|turn|9
|
|t:|1757827674
|move|p2a: Manaphy|Acid Armor|p2a: Manaphy
|-boost|p2a: Manaphy|def|2
|move|p1a: Conkeldurr|Drain Punch|p2a: Manaphy
|-damage|p2a: Manaphy|53/100
|-heal|p1a: Conkeldurr|100/100 psn|[from] drain|[of] p2a: Manaphy
|
|-heal|p2a: Manaphy|60/100|[from] item: Leftovers
|-damage|p1a: Conkeldurr|88/100 psn|[from] psn
|upkeep
|turn|10
|
|t:|1757827693
|move|p2a: Manaphy|Acid Armor|p2a: Manaphy
|-boost|p2a: Manaphy|def|2
|move|p1a: Conkeldurr|Knock Off|p2a: Manaphy
|-damage|p2a: Manaphy|48/100
|-enditem|p2a: Manaphy|Leftovers|[from] move: Knock Off|[of] p1a: Conkeldurr
|
|-damage|p1a: Conkeldurr|76/100 psn|[from] psn
|upkeep
|turn|11
|
|t:|1757827701
|move|p2a: Manaphy|Take Heart|p2a: Manaphy
|-boost|p2a: Manaphy|spa|1
|-boost|p2a: Manaphy|spd|1
|move|p1a: Conkeldurr|Drain Punch|p2a: Manaphy
|-damage|p2a: Manaphy|29/100
|-heal|p1a: Conkeldurr|85/100 psn|[from] drain|[of] p2a: Manaphy
|
|-damage|p1a: Conkeldurr|73/100 psn|[from] psn
|upkeep
|turn|12
|
|t:|1757827719
|move|p2a: Manaphy|Stored Power|p1a: Conkeldurr
|-supereffective|p1a: Conkeldurr
|-damage|p1a: Conkeldurr|0 fnt
|faint|p1a: Conkeldurr
|
|upkeep
|
|t:|1757827725
|switch|p1a: Yanmega|Yanmega, M|100/100
|turn|13
|
|t:|1757827730
|move|p1a: Yanmega|Air Slash|p2a: Manaphy
|-damage|p2a: Manaphy|7/100
|move|p2a: Manaphy|Scald|p1a: Yanmega
|-damage|p1a: Yanmega|0 fnt
|faint|p1a: Yanmega
|
|upkeep
|
|t:|1757827747
|switch|p1a: Cinderace|Cinderace, M|100/100
|turn|14
|
|t:|1757827751
|move|p1a: Cinderace|U-turn|p2a: Manaphy
|-start|p1a: Cinderace|typechange|Bug|[from] ability: Libero
|-damage|p2a: Manaphy|0 fnt
|faint|p2a: Manaphy
|
|t:|1757827756
|switch|p1a: Necrozma|Necrozma|100/100|[from] U-turn
|-status|p1a: Necrozma|psn
|
|-damage|p1a: Necrozma|88/100 psn|[from] psn
|upkeep
|
|t:|1757827762
|switch|p2a: Umbreon|Umbreon, M, shiny|100/100
|turn|15
|
|t:|1757827769
|move|p1a: Necrozma|Heat Wave||[still]
|-damage|p2a: Umbreon|80/100
|-status|p2a: Umbreon|brn
|-activate|p2a: Umbreon|ability: Synchronize
|-fail|p2a: Umbreon
|move|p2a: Umbreon|Wish|p2a: Umbreon
|
|-heal|p2a: Umbreon|86/100 brn|[from] item: Leftovers
|-damage|p1a: Necrozma|76/100 psn|[from] psn
|-damage|p2a: Umbreon|80/100 brn|[from] brn
|upkeep
|turn|16
|
|t:|1757827779
|switch|p1a: Cinderace|Cinderace, M|100/100
|move|p2a: Umbreon|Foul Play|p1a: Cinderace
|-damage|p1a: Cinderace|66/100
|
|-heal|p2a: Umbreon|100/100 brn|[from] move: Wish|[wisher] Umbreon
|-damage|p2a: Umbreon|94/100 brn|[from] brn
|upkeep
|turn|17
|
|t:|1757827816
|move|p1a: Cinderace|Court Change|p1a: Cinderace
|-start|p1a: Cinderace|typechange|Normal|[from] ability: Libero
|-swapsideconditions
|-activate|p1a: Cinderace|move: Court Change
|move|p2a: Umbreon|Toxic|p1a: Cinderace
|-status|p1a: Cinderace|tox
|
|-heal|p2a: Umbreon|100/100 brn|[from] item: Leftovers
|-damage|p1a: Cinderace|60/100 tox|[from] psn
|-damage|p2a: Umbreon|94/100 brn|[from] brn
|upkeep
|turn|18
|
|t:|1757827828
|move|p2a: Umbreon|Protect|p2a: Umbreon
|-singleturn|p2a: Umbreon|Protect
|move|p1a: Cinderace|U-turn|p2a: Umbreon
|-activate|p2a: Umbreon|move: Protect
|
|-heal|p2a: Umbreon|100/100 brn|[from] item: Leftovers
|-damage|p1a: Cinderace|48/100 tox|[from] psn
|-damage|p2a: Umbreon|94/100 brn|[from] brn
|upkeep
|turn|19
|
|t:|1757827837
|switch|p2a: Gholdengo|Gholdengo|100/100
|move|p1a: Cinderace|U-turn|p2a: Gholdengo
|-resisted|p2a: Gholdengo
|-damage|p2a: Gholdengo|94/100
|
|t:|1757827841
|switch|p1a: Frosmoth|Frosmoth, F|100/100|[from] U-turn
|
|upkeep
|turn|20
|
|t:|1757827849
|-terastallize|p1a: Frosmoth|Electric
|move|p2a: Gholdengo|Make It Rain|p1a: Frosmoth
|-resisted|p1a: Frosmoth
|-damage|p1a: Frosmoth|78/100
|-unboost|p2a: Gholdengo|spa|1
|move|p1a: Frosmoth|Quiver Dance|p1a: Frosmoth
|-boost|p1a: Frosmoth|spa|1
|-boost|p1a: Frosmoth|spd|1
|-boost|p1a: Frosmoth|spe|1
|
|-heal|p1a: Frosmoth|84/100|[from] item: Leftovers
|upkeep
|turn|21
|
|t:|1757827861
|switch|p2a: Umbreon|Umbreon, M, shiny|94/100 brn
|move|p1a: Frosmoth|Quiver Dance|p1a: Frosmoth
|-boost|p1a: Frosmoth|spa|1
|-boost|p1a: Frosmoth|spd|1
|-boost|p1a: Frosmoth|spe|1
|
|-heal|p1a: Frosmoth|90/100|[from] item: Leftovers
|-heal|p2a: Umbreon|100/100 brn|[from] item: Leftovers
|-damage|p2a: Umbreon|94/100 brn|[from] brn
|upkeep
|turn|22
|
|t:|1757827875
|move|p1a: Frosmoth|Ice Beam|p2a: Umbreon
|-damage|p2a: Umbreon|43/100 brn
|move|p2a: Umbreon|Toxic|p1a: Frosmoth
|-status|p1a: Frosmoth|tox
|
|-heal|p1a: Frosmoth|96/100 tox|[from] item: Leftovers
|-heal|p2a: Umbreon|49/100 brn|[from] item: Leftovers
|-damage|p1a: Frosmoth|90/100 tox|[from] psn
|-damage|p2a: Umbreon|43/100 brn|[from] brn
|upkeep
|turn|23
|
|t:|1757827884
|move|p2a: Umbreon|Protect|p2a: Umbreon
|-singleturn|p2a: Umbreon|Protect
|move|p1a: Frosmoth|Quiver Dance|p1a: Frosmoth
|-boost|p1a: Frosmoth|spa|1
|-boost|p1a: Frosmoth|spd|1
|-boost|p1a: Frosmoth|spe|1
|
|-heal|p1a: Frosmoth|96/100 tox|[from] item: Leftovers
|-heal|p2a: Umbreon|49/100 brn|[from] item: Leftovers
|-damage|p1a: Frosmoth|84/100 tox|[from] psn
|-damage|p2a: Umbreon|43/100 brn|[from] brn
|upkeep
|turn|24
|
|t:|1757827894
|move|p1a: Frosmoth|Ice Beam|p2a: Umbreon
|-damage|p2a: Umbreon|0 fnt
|faint|p2a: Umbreon
|
|-heal|p1a: Frosmoth|90/100 tox|[from] item: Leftovers
|-damage|p1a: Frosmoth|72/100 tox|[from] psn
|upkeep
|
|t:|1757827901
|switch|p2a: Gholdengo|Gholdengo|94/100
|turn|25
|
|t:|1757827904
|move|p1a: Frosmoth|Tera Blast|p2a: Gholdengo|[anim] Tera Blast Electric
|-damage|p2a: Gholdengo|0 fnt
|faint|p2a: Gholdengo
|
|win|WhiteCapeMarth
|raw|WhiteCapeMarth's rating: 1099 &rarr; <strong>1123</strong><br />(+24 for winning)
|raw|LairdyMate's rating: 1087 &rarr; <strong>1065</strong><br />(-22 for losing)
|l|☆LairdyMate
|player|p2|
|l|☆WhiteCapeMarth
|player|p1|
