|j|☆da_one_who_plays
|j|☆Whatsapp Liligant
|t:|1757846726
|gametype|singles
|player|p1|da_one_who_plays|steven|1228
|player|p2|Whatsapp Liligant|cheryl|1229
|gen|9
|tier|[Gen 9] OU
|rated|
|rule|HP Percentage Mod: HP is shown in percentages
|rule|Endless Battle Clause: Forcing endless battles is banned
|rule|Species Clause: Limit one of each Pokémon
|rule|OHKO Clause: OHKO moves are banned
|rule|Evasion Items Clause: Evasion items are banned
|rule|Evasion Moves Clause: Evasion moves are banned
|rule|Evasion Abilities Clause: Evasion abilities are banned
|rule|Sleep Moves Clause: Sleep-inducing moves are banned
|clearpoke
|poke|p1|Zamazenta-*|
|poke|p1|Ninetales-Alola, F|
|poke|p1|Iron Valiant|
|poke|p1|Ceruledge, M|
|poke|p1|Gliscor, M|
|poke|p1|Hatterene, F|
|poke|p2|Gumshoos, M|
|poke|p2|Probopass, M|
|poke|p2|Scrafty, F|
|poke|p2|Dragapult, M|
|poke|p2|Iron Hands|
|poke|p2|Inteleon, M|
|teampreview
|inactive|Battle timer is ON: inactive players will automatically lose when time's up. (requested by da_one_who_plays)
|
|t:|1757846737
|teamsize|p1|6
|teamsize|p2|6
|start
|switch|p1a: Ninetales|Ninetales-Alola, F, shiny|100/100
|switch|p2a: B-2 Stealth Bomber|Dragapult, M|100/100
|-weather|Snowscape|[from] ability: Snow Warning|[of] p1a: Ninetales
|turn|1
|
|t:|1757846753
|-terastallize|p1a: Ninetales|Poison
|move|p2a: B-2 Stealth Bomber|Thunder Wave|p1a: Ninetales
|-status|p1a: Ninetales|par
|move|p1a: Ninetales|Aurora Veil|p1a: Ninetales
|-sidestart|p1: da_one_who_plays|move: Aurora Veil
|
|-weather|Snowscape|[upkeep]
|upkeep
|turn|2
|
|t:|1757846765
|switch|p1a: Hatterene|Hatterene, F, shiny|100/100
|move|p2a: B-2 Stealth Bomber|Light Screen|p2a: B-2 Stealth Bomber
|-sidestart|p2: Whatsapp Liligant|move: Light Screen
|
|-weather|Snowscape|[upkeep]
|upkeep
|turn|3
|
|t:|1757846771
|move|p2a: B-2 Stealth Bomber|Reflect|p2a: B-2 Stealth Bomber
|-sidestart|p2: Whatsapp Liligant|Reflect
|move|p1a: Hatterene|Calm Mind|p1a: Hatterene
|-boost|p1a: Hatterene|spa|1
|-boost|p1a: Hatterene|spd|1
|
|-weather|Snowscape|[upkeep]
|upkeep
|turn|4
|
|t:|1757846778
|move|p2a: B-2 Stealth Bomber|Shadow Ball|p1a: Hatterene
|-supereffective|p1a: Hatterene
|-damage|p1a: Hatterene|54/100
|move|p1a: Hatterene|Calm Mind|p1a: Hatterene
|-boost|p1a: Hatterene|spa|1
|-boost|p1a: Hatterene|spd|1
|
|-weather|Snowscape|[upkeep]
|-heal|p1a: Hatterene|60/100|[from] item: Leftovers
|upkeep
|turn|5
|
|t:|1757846800
|move|p2a: B-2 Stealth Bomber|Shadow Ball|p1a: Hatterene
|-supereffective|p1a: Hatterene
|-crit|p1a: Hatterene
|-damage|p1a: Hatterene|0 fnt
|faint|p1a: Hatterene
|
|-weather|none
|upkeep
|
|t:|1757846812
|switch|p1a: Gliscor|Gliscor, M, shiny|100/100
|turn|6
|
|t:|1757846816
|switch|p2a: Charlie Kirk|Inteleon, M|100/100
|move|p1a: Gliscor|Agility|p1a: Gliscor
|-boost|p1a: Gliscor|spe|2
|
|-status|p1a: Gliscor|tox|[from] item: Toxic Orb
|upkeep
|turn|7
|
|t:|1757846825
|move|p1a: Gliscor|Swords Dance|p1a: Gliscor
|-boost|p1a: Gliscor|atk|2
|move|p2a: Charlie Kirk|Agility|p2a: Charlie Kirk
|-boost|p2a: Charlie Kirk|spe|2
|
|upkeep
|turn|8
|
|t:|1757846838
|move|p2a: Charlie Kirk|Snipe Shot|p1a: Gliscor
|-supereffective|p1a: Gliscor
|-crit|p1a: Gliscor
|-damage|p1a: Gliscor|0 fnt
|faint|p1a: Gliscor
|
|-sideend|p1: da_one_who_plays|move: Aurora Veil
|upkeep
|
|t:|1757846846
|switch|p1a: Ninetales|Ninetales-Alola, F, shiny, tera:Poison|100/100 par
|-weather|Snowscape|[from] ability: Snow Warning|[of] p1a: Ninetales
|turn|9
|
|t:|1757846850
|move|p2a: Charlie Kirk|Snipe Shot|p1a: Ninetales
|-damage|p1a: Ninetales|57/100 par
|move|p1a: Ninetales|Aurora Veil|p1a: Ninetales
|-sidestart|p1: da_one_who_plays|move: Aurora Veil
|
|-weather|Snowscape|[upkeep]
|-sideend|p2: Whatsapp Liligant|move: Light Screen
|upkeep
|turn|10
|
|t:|1757846864
|switch|p1a: Zamazenta|Zamazenta|100/100
|-ability|p1a: Zamazenta|Dauntless Shield|boost
|-boost|p1a: Zamazenta|def|1
|move|p2a: Charlie Kirk|Snipe Shot|p1a: Zamazenta
|-crit|p1a: Zamazenta
|-damage|p1a: Zamazenta|15/100
|
|-weather|Snowscape|[upkeep]
|-sideend|p2: Whatsapp Liligant|Reflect
|upkeep
|turn|11
|
|t:|1757846874
|move|p2a: Charlie Kirk|Air Cutter|p1a: Zamazenta
|-supereffective|p1a: Zamazenta
|-crit|p1a: Zamazenta
|-damage|p1a: Zamazenta|0 fnt
|faint|p1a: Zamazenta
|
|-weather|Snowscape|[upkeep]
|upkeep
|
|t:|1757846881
|switch|p1a: Iron Valiant|Iron Valiant, shiny|100/100
|-enditem|p1a: Iron Valiant|Booster Energy
|-activate|p1a: Iron Valiant|ability: Quark Drive|[fromitem]
|-start|p1a: Iron Valiant|quarkdrivespe
|turn|12
|
|t:|1757846887
|-terastallize|p2a: Charlie Kirk|Flying
|move|p2a: Charlie Kirk|Air Cutter|p1a: Iron Valiant
|-supereffective|p1a: Iron Valiant
|-crit|p1a: Iron Valiant
|-damage|p1a: Iron Valiant|0 fnt
|faint|p1a: Iron Valiant
|-end|p1a: Iron Valiant|Quark Drive|[silent]
|
|-weather|Snowscape|[upkeep]
|upkeep
|
|t:|1757846896
|switch|p1a: Ninetales|Ninetales-Alola, F, shiny, tera:Poison|57/100 par
|turn|13
|
|t:|1757846904
|move|p2a: Charlie Kirk|Snipe Shot|p1a: Ninetales
|-crit|p1a: Ninetales
|-damage|p1a: Ninetales|0 fnt
|faint|p1a: Ninetales
|
|-weather|none
|upkeep
|
|t:|1757846911
|switch|p1a: Ceruledge|Ceruledge, M|100/100
|turn|14
|
|t:|1757846922
|move|p1a: Ceruledge|Shadow Sneak|p2a: Charlie Kirk
|-damage|p2a: Charlie Kirk|76/100
|move|p2a: Charlie Kirk|Snipe Shot|p1a: Ceruledge
|-supereffective|p1a: Ceruledge
|-crit|p1a: Ceruledge
|-damage|p1a: Ceruledge|0 fnt
|faint|p1a: Ceruledge
|
|win|Whatsapp Liligant
|raw|da_one_who_plays's rating: 1228 &rarr; <strong>1203</strong><br />(-25 for losing)
|raw|Whatsapp Liligant's rating: 1229 &rarr; <strong>1254</strong><br />(+25 for winning)
|l|☆da_one_who_plays
|player|p1|
|l|☆Whatsapp Liligant
|player|p2|
