|j|☆XP105
|j|☆Alrys1
|t:|1757808615
|gametype|singles
|player|p1|XP105|red|
|player|p2|Alrys1|101|
|gen|9
|tier|[Gen 9] OU
|rule|HP Percentage Mod: HP is shown in percentages
|rule|Endless Battle Clause: Forcing endless battles is banned
|rule|Species Clause: Limit one of each Pokémon
|rule|OHKO Clause: OHKO moves are banned
|rule|Evasion Items Clause: Evasion items are banned
|rule|Evasion Moves Clause: Evasion moves are banned
|rule|Evasion Abilities Clause: Evasion abilities are banned
|rule|Sleep Moves Clause: Sleep-inducing moves are banned
|clearpoke
|poke|p1|Zamazenta-*|
|poke|p1|Gholdengo|
|poke|p1|Tornadus-Therian, M|
|poke|p1|Rotom-Wash|
|poke|p1|Volcanion|
|poke|p1|Munkidori, M|
|poke|p2|Alomomola, M|
|poke|p2|Cinderace, F|
|poke|p2|Iron Jugulis|
|poke|p2|Metagross|
|poke|p2|Scream Tail|
|poke|p2|Mienshao, M|
|teampreview
|j| Espeolo
|j| Breezy64
|
|t:|1757808728
|teamsize|p1|6
|teamsize|p2|6
|start
|switch|p1a: OU Zamazenta|Zamazenta|100/100
|switch|p2a: Cinderace|Cinderace, F|100/100
|-ability|p1a: OU Zamazenta|Dauntless Shield|boost
|-boost|p1a: OU Zamazenta|def|1
|turn|1
|l| Espeolo
|
|t:|1757808813
|move|p1a: OU Zamazenta|Iron Defense|p1a: OU Zamazenta
|-boost|p1a: OU Zamazenta|def|2
|move|p2a: Cinderace|U-turn|p1a: OU Zamazenta
|-start|p2a: Cinderace|typechange|Bug|[from] ability: Libero
|-resisted|p1a: OU Zamazenta
|-damage|p1a: OU Zamazenta|96/100
|
|t:|1757808829
|switch|p2a: Iron Jugulis|Iron Jugulis|100/100|[from] U-turn
|-enditem|p2a: Iron Jugulis|Booster Energy
|-activate|p2a: Iron Jugulis|ability: Quark Drive|[fromitem]
|-start|p2a: Iron Jugulis|quarkdrivespe
|
|upkeep
|turn|2
|
|t:|1757808907
|move|p2a: Iron Jugulis|Earth Power|p1a: OU Zamazenta
|-damage|p1a: OU Zamazenta|72/100
|move|p1a: OU Zamazenta|Body Press|p2a: Iron Jugulis
|-damage|p2a: Iron Jugulis|5/100
|
|upkeep
|turn|3
|
|t:|1757808935
|move|p2a: Iron Jugulis|Flamethrower|p1a: OU Zamazenta
|-damage|p1a: OU Zamazenta|48/100
|move|p1a: OU Zamazenta|Body Press|p2a: Iron Jugulis
|-damage|p2a: Iron Jugulis|0 fnt
|faint|p2a: Iron Jugulis
|-end|p2a: Iron Jugulis|Quark Drive|[silent]
|
|upkeep
|
|t:|1757808954
|switch|p2a: Cinderace|Cinderace, F|100/100
|turn|4
|
|t:|1757808963
|move|p1a: OU Zamazenta|Rest|p1a: OU Zamazenta
|-status|p1a: OU Zamazenta|slp|[from] move: Rest
|-heal|p1a: OU Zamazenta|100/100 slp|[silent]
|-enditem|p1a: OU Zamazenta|Chesto Berry|[eat]
|-curestatus|p1a: OU Zamazenta|slp|[msg]
|move|p2a: Cinderace|Will-O-Wisp|p1a: OU Zamazenta
|-status|p1a: OU Zamazenta|brn
|
|-damage|p1a: OU Zamazenta|94/100 brn|[from] brn
|upkeep
|turn|5
|
|t:|1757808977
|move|p1a: OU Zamazenta|Iron Defense|p1a: OU Zamazenta
|-boost|p1a: OU Zamazenta|def|2
|move|p2a: Cinderace|U-turn|p1a: OU Zamazenta
|-start|p2a: Cinderace|typechange|Bug|[from] ability: Libero
|-resisted|p1a: OU Zamazenta
|-damage|p1a: OU Zamazenta|91/100 brn
|
|t:|1757808983
|switch|p2a: Alomomola|Alomomola, M|100/100|[from] U-turn
|
|-damage|p1a: OU Zamazenta|85/100 brn|[from] brn
|upkeep
|turn|6
|j| MyCatGinger
|
|t:|1757809009
|move|p1a: OU Zamazenta|Rest|p1a: OU Zamazenta
|-status|p1a: OU Zamazenta|slp|[from] move: Rest
|-heal|p1a: OU Zamazenta|100/100 slp|[silent]
|move|p2a: Alomomola|Scald|p1a: OU Zamazenta
|-damage|p1a: OU Zamazenta|90/100 slp
|
|upkeep
|turn|7
|
|t:|1757809030
|cant|p1a: OU Zamazenta|slp
|move|p2a: Alomomola|Scald|p1a: OU Zamazenta
|-damage|p1a: OU Zamazenta|80/100 slp
|
|upkeep
|turn|8
|
|t:|1757809035
|cant|p1a: OU Zamazenta|slp
|move|p2a: Alomomola|Scald|p1a: OU Zamazenta
|-crit|p1a: OU Zamazenta
|-damage|p1a: OU Zamazenta|63/100 slp
|
|upkeep
|turn|9
|
|t:|1757809044
|-curestatus|p1a: OU Zamazenta|slp|[msg]
|move|p1a: OU Zamazenta|Body Press|p2a: Alomomola
|-damage|p2a: Alomomola|32/100
|-damage|p1a: OU Zamazenta|46/100|[from] item: Rocky Helmet|[of] p2a: Alomomola
|move|p2a: Alomomola|Wish|p2a: Alomomola
|
|upkeep
|turn|10
|
|t:|1757809074
|move|p2a: Alomomola|Protect|p2a: Alomomola
|-singleturn|p2a: Alomomola|Protect
|move|p1a: OU Zamazenta|Body Press|p2a: Alomomola
|-activate|p2a: Alomomola|move: Protect
|
|-heal|p2a: Alomomola|82/100|[from] move: Wish|[wisher] Alomomola
|upkeep
|turn|11
|
|t:|1757809087
|move|p1a: OU Zamazenta|Body Press|p2a: Alomomola
|-damage|p2a: Alomomola|11/100
|-damage|p1a: OU Zamazenta|30/100|[from] item: Rocky Helmet|[of] p2a: Alomomola
|move|p2a: Alomomola|Wish|p2a: Alomomola
|
|upkeep
|turn|12
|
|t:|1757809093
|move|p2a: Alomomola|Protect|p2a: Alomomola
|-singleturn|p2a: Alomomola|Protect
|move|p1a: OU Zamazenta|Rest|p1a: OU Zamazenta
|-status|p1a: OU Zamazenta|slp|[from] move: Rest
|-heal|p1a: OU Zamazenta|100/100 slp|[silent]
|
|-heal|p2a: Alomomola|61/100|[from] move: Wish|[wisher] Alomomola
|upkeep
|turn|13
|
|t:|1757809101
|cant|p1a: OU Zamazenta|slp
|move|p2a: Alomomola|Wish|p2a: Alomomola
|
|upkeep
|turn|14
|
|t:|1757809111
|cant|p1a: OU Zamazenta|slp
|move|p2a: Alomomola|Scald|p1a: OU Zamazenta
|-damage|p1a: OU Zamazenta|89/100 slp
|
|-heal|p2a: Alomomola|100/100|[from] move: Wish|[wisher] Alomomola
|upkeep
|turn|15
|
|t:|1757809118
|-curestatus|p1a: OU Zamazenta|slp|[msg]
|move|p1a: OU Zamazenta|Body Press|p2a: Alomomola
|-damage|p2a: Alomomola|38/100
|-damage|p1a: OU Zamazenta|72/100|[from] item: Rocky Helmet|[of] p2a: Alomomola
|move|p2a: Alomomola|Scald|p1a: OU Zamazenta
|-damage|p1a: OU Zamazenta|62/100
|-status|p1a: OU Zamazenta|brn
|
|-damage|p1a: OU Zamazenta|56/100 brn|[from] brn
|upkeep
|turn|16
|
|t:|1757809137
|move|p2a: Alomomola|Protect|p2a: Alomomola
|-singleturn|p2a: Alomomola|Protect
|move|p1a: OU Zamazenta|Body Press|p2a: Alomomola
|-activate|p2a: Alomomola|move: Protect
|
|-damage|p1a: OU Zamazenta|50/100 brn|[from] brn
|upkeep
|turn|17
|
|t:|1757809152
|move|p2a: Alomomola|Protect|p2a: Alomomola
|-singleturn|p2a: Alomomola|Protect
|move|p1a: OU Zamazenta|Body Press|p2a: Alomomola
|-activate|p2a: Alomomola|move: Protect
|
|-damage|p1a: OU Zamazenta|44/100 brn|[from] brn
|upkeep
|turn|18
|
|t:|1757809170
|switch|p2a: Mienshao|Mienshao, M|100/100
|move|p1a: OU Zamazenta|Body Press|p2a: Mienshao
|-damage|p2a: Mienshao|18/100
|
|-damage|p1a: OU Zamazenta|38/100 brn|[from] brn
|upkeep
|turn|19
|
|t:|1757809181
|move|p2a: Mienshao|Fake Out|p1a: OU Zamazenta
|-damage|p1a: OU Zamazenta|35/100 brn
|-damage|p2a: Mienshao|8/100|[from] item: Life Orb
|cant|p1a: OU Zamazenta|flinch
|
|-damage|p1a: OU Zamazenta|28/100 brn|[from] brn
|upkeep
|turn|20
|
|t:|1757809194
|move|p1a: OU Zamazenta|Body Press|p2a: Mienshao
|-damage|p2a: Mienshao|0 fnt
|faint|p2a: Mienshao
|
|-damage|p1a: OU Zamazenta|22/100 brn|[from] brn
|upkeep
|
|t:|1757809212
|switch|p2a: Cinderace|Cinderace, F|100/100
|turn|21
|
|t:|1757809226
|move|p1a: OU Zamazenta|Rest|p1a: OU Zamazenta
|-status|p1a: OU Zamazenta|slp|[from] move: Rest
|-heal|p1a: OU Zamazenta|100/100 slp|[silent]
|move|p2a: Cinderace|Pyro Ball|p1a: OU Zamazenta
|-damage|p1a: OU Zamazenta|89/100 slp
|
|upkeep
|turn|22
|
|t:|1757809247
|cant|p1a: OU Zamazenta|slp
|move|p2a: Cinderace|U-turn|p1a: OU Zamazenta
|-start|p2a: Cinderace|typechange|Bug|[from] ability: Libero
|-resisted|p1a: OU Zamazenta
|-damage|p1a: OU Zamazenta|86/100 slp
|
|t:|1757809253
|switch|p2a: Scream Tail|Scream Tail|100/100|[from] U-turn
|
|upkeep
|turn|23
|
|t:|1757809291
|cant|p1a: OU Zamazenta|slp
|move|p2a: Scream Tail|Wish|p2a: Scream Tail
|
|upkeep
|turn|24
|
|t:|1757809300
|-terastallize|p1a: OU Zamazenta|Dark
|-curestatus|p1a: OU Zamazenta|slp|[msg]
|move|p1a: OU Zamazenta|Crunch|p2a: Scream Tail
|-damage|p2a: Scream Tail|74/100
|move|p2a: Scream Tail|Psychic Noise|p1a: OU Zamazenta
|-immune|p1a: OU Zamazenta
|
|-heal|p2a: Scream Tail|100/100|[from] move: Wish|[wisher] Scream Tail
|upkeep
|turn|25
|
|t:|1757809311
|move|p1a: OU Zamazenta|Body Press|p2a: Scream Tail
|-resisted|p2a: Scream Tail
|-damage|p2a: Scream Tail|76/100
|move|p2a: Scream Tail|Wish|p2a: Scream Tail
|
|-heal|p2a: Scream Tail|82/100|[from] item: Leftovers
|upkeep
|turn|26
|
|t:|1757809324
|move|p1a: OU Zamazenta|Iron Defense|p1a: OU Zamazenta
|-boost|p1a: OU Zamazenta|def|1
|move|p2a: Scream Tail|Grass Knot|p1a: OU Zamazenta
|-damage|p1a: OU Zamazenta|69/100
|
|-heal|p2a: Scream Tail|100/100|[from] move: Wish|[wisher] Scream Tail
|upkeep
|turn|27
|
|t:|1757809332
|move|p1a: OU Zamazenta|Body Press|p2a: Scream Tail
|-resisted|p2a: Scream Tail
|-damage|p2a: Scream Tail|72/100
|move|p2a: Scream Tail|Wish|p2a: Scream Tail
|
|-heal|p2a: Scream Tail|78/100|[from] item: Leftovers
|upkeep
|turn|28
|
|t:|1757809338
|move|p1a: OU Zamazenta|Crunch|p2a: Scream Tail
|-damage|p2a: Scream Tail|52/100
|move|p2a: Scream Tail|Grass Knot|p1a: OU Zamazenta
|-damage|p1a: OU Zamazenta|54/100
|
|-heal|p2a: Scream Tail|100/100|[from] move: Wish|[wisher] Scream Tail
|upkeep
|turn|29
|
|t:|1757809346
|move|p1a: OU Zamazenta|Crunch|p2a: Scream Tail
|-crit|p2a: Scream Tail
|-damage|p2a: Scream Tail|62/100
|move|p2a: Scream Tail|Wish|p2a: Scream Tail
|
|-heal|p2a: Scream Tail|68/100|[from] item: Leftovers
|upkeep
|turn|30
|
|t:|1757809366
|move|p1a: OU Zamazenta|Crunch|p2a: Scream Tail
|-damage|p2a: Scream Tail|41/100
|-unboost|p2a: Scream Tail|def|1
|move|p2a: Scream Tail|Grass Knot|p1a: OU Zamazenta
|-damage|p1a: OU Zamazenta|38/100
|
|-heal|p2a: Scream Tail|91/100|[from] move: Wish|[wisher] Scream Tail
|-heal|p2a: Scream Tail|97/100|[from] item: Leftovers
|upkeep
|turn|31
|
|t:|1757809393
|switch|p1a: OU Gholdengo|Gholdengo, shiny|100/100
|move|p2a: Scream Tail|Wish|p2a: Scream Tail
|
|-heal|p2a: Scream Tail|100/100|[from] item: Leftovers
|upkeep
|turn|32
|
|t:|1757809418
|move|p2a: Scream Tail|Wish||[still]
|-fail|p2a: Scream Tail
|move|p1a: OU Gholdengo|Make It Rain|p2a: Scream Tail
|-supereffective|p2a: Scream Tail
|-damage|p2a: Scream Tail|2/100
|-unboost|p1a: OU Gholdengo|spa|1
|
|-heal|p2a: Scream Tail|52/100|[from] move: Wish|[wisher] Scream Tail
|-heal|p2a: Scream Tail|58/100|[from] item: Leftovers
|upkeep
|turn|33
|
|t:|1757809432
|move|p2a: Scream Tail|Psychic Noise|p1a: OU Gholdengo
|-resisted|p1a: OU Gholdengo
|-damage|p1a: OU Gholdengo|90/100
|-start|p1a: OU Gholdengo|move: Heal Block
|move|p1a: OU Gholdengo|Make It Rain|p2a: Scream Tail
|-supereffective|p2a: Scream Tail
|-damage|p2a: Scream Tail|0 fnt
|-unboost|p1a: OU Gholdengo|spa|1
|faint|p2a: Scream Tail
|-end|p2a: Scream Tail|Protosynthesis|[silent]
|
|upkeep
|
|t:|1757809492
|switch|p2a: Metagross|Metagross|100/100
|turn|34
|l| MyCatGinger
|
|t:|1757809681
|switch|p1a: RU Volcanion|Volcanion|100/100
|move|p2a: Metagross|Earthquake|p1a: RU Volcanion
|-supereffective|p1a: RU Volcanion
|-damage|p1a: RU Volcanion|27/100
|
|upkeep
|turn|35
|
|t:|1757809692
|move|p2a: Metagross|Bullet Punch|p1a: RU Volcanion
|-resisted|p1a: RU Volcanion
|-damage|p1a: RU Volcanion|20/100
|move|p1a: RU Volcanion|Flamethrower|p2a: Metagross
|-supereffective|p2a: Metagross
|-damage|p2a: Metagross|0 fnt
|faint|p2a: Metagross
|
|upkeep
|
|t:|1757809699
|switch|p2a: Cinderace|Cinderace, F|100/100
|turn|36
|
|t:|1757809706
|move|p2a: Cinderace|U-turn|p1a: RU Volcanion
|-start|p2a: Cinderace|typechange|Bug|[from] ability: Libero
|-resisted|p1a: RU Volcanion
|-damage|p1a: RU Volcanion|5/100
|
|t:|1757809710
|switch|p2a: Alomomola|Alomomola, M|71/100|[from] U-turn
|move|p1a: RU Volcanion|Flamethrower|p2a: Alomomola
|-resisted|p2a: Alomomola
|-damage|p2a: Alomomola|30/100
|
|upkeep
|turn|37
|
|t:|1757809727
|move|p1a: RU Volcanion|Flamethrower|p2a: Alomomola
|-resisted|p2a: Alomomola
|-damage|p2a: Alomomola|0 fnt
|faint|p2a: Alomomola
|
|upkeep
|
|t:|1757809731
|switch|p2a: Cinderace|Cinderace, F|100/100
|turn|38
|
|t:|1757809734
|move|p2a: Cinderace|Pyro Ball|p1a: RU Volcanion
|-resisted|p1a: RU Volcanion
|-damage|p1a: RU Volcanion|0 fnt
|faint|p1a: RU Volcanion
|
|upkeep
|
|t:|1757809741
|switch|p1a: UU Rotom-Wash|Rotom-Wash|100/100
|turn|39
|
|t:|1757809761
|move|p2a: Cinderace|Pyro Ball|p1a: UU Rotom-Wash
|-resisted|p1a: UU Rotom-Wash
|-damage|p1a: UU Rotom-Wash|71/100
|move|p1a: UU Rotom-Wash|Hydro Pump|p2a: Cinderace
|-supereffective|p2a: Cinderace
|-damage|p2a: Cinderace|1/100
|
|-heal|p1a: UU Rotom-Wash|77/100|[from] item: Leftovers
|upkeep
|turn|40
|
|t:|1757809771
|move|p2a: Cinderace|U-turn|p1a: UU Rotom-Wash
|-start|p2a: Cinderace|typechange|Bug|[from] ability: Libero
|-damage|p1a: UU Rotom-Wash|44/100
|move|p1a: UU Rotom-Wash|Volt Switch|p2a: Cinderace
|-crit|p2a: Cinderace
|-damage|p2a: Cinderace|0 fnt
|faint|p2a: Cinderace
|
|win|XP105
