|j|☆slugger_6703
|j|☆boredbattle
|t:|1757830304
|gametype|singles
|player|p1|slugger_6703|nate|1157
|player|p2|boredbattle|101|1164
|gen|9
|tier|[Gen 9] OU
|rated|
|rule|HP Percentage Mod: HP is shown in percentages
|rule|Endless Battle Clause: Forcing endless battles is banned
|rule|Species Clause: Limit one of each Pokémon
|rule|OHKO Clause: OHKO moves are banned
|rule|Evasion Items Clause: Evasion items are banned
|rule|Evasion Moves Clause: Evasion moves are banned
|rule|Evasion Abilities Clause: Evasion abilities are banned
|rule|Sleep Moves Clause: Sleep-inducing moves are banned
|clearpoke
|poke|p1|Basculegion-F, F|
|poke|p1|Pelipper, F|
|poke|p1|Barraskewda, F|
|poke|p1|Kingambit, F|
|poke|p1|Iron Treads|
|poke|p1|Raging Bolt|
|poke|p2|Maushold|
|poke|p2|Chandelure, F|
|poke|p2|Ogerpon-Wellspring, F|
|poke|p2|Empoleon, M|
|poke|p2|Landorus-Therian, M|
|poke|p2|Dragapult, M|
|teampreview
|inactive|Battle timer is ON: inactive players will automatically lose when time's up. (requested by slugger_6703)
|
|t:|1757830331
|teamsize|p1|6
|teamsize|p2|6
|start
|switch|p1a: Pelipper|Pelipper, F|100/100
|switch|p2a: Dragapult|Dragapult, M|100/100
|-weather|RainDance|[from] ability: Drizzle|[of] p1a: Pelipper
|turn|1
|
|t:|1757830341
|switch|p1a: Iron Treads|Iron Treads|100/100
|move|p2a: Dragapult|Dragon Darts|p1a: Iron Treads
|-resisted|p1a: Iron Treads
|-damage|p1a: Iron Treads|91/100
|-anim|p2a: Dragapult|Dragon Darts|p1a: Iron Treads
|-resisted|p1a: Iron Treads
|-damage|p1a: Iron Treads|82/100
|
|-weather|RainDance|[upkeep]
|upkeep
|turn|2
|
|t:|1757830350
|switch|p2a: Landorus|Landorus-Therian, M|100/100
|-ability|p2a: Landorus|Intimidate|boost
|-unboost|p1a: Iron Treads|atk|1
|move|p1a: Iron Treads|Ice Spinner|p2a: Landorus
|-supereffective|p2a: Landorus
|-damage|p2a: Landorus|33/100
|-damage|p1a: Iron Treads|65/100|[from] item: Rocky Helmet|[of] p2a: Landorus
|
|-weather|RainDance|[upkeep]
|upkeep
|turn|3
|
|t:|1757830367
|-end|p1a: Iron Treads|Quark Drive|[silent]
|switch|p1a: Barraskewda|Barraskewda, F|100/100
|move|p2a: Landorus|Earthquake|p1a: Barraskewda
|-damage|p1a: Barraskewda|0 fnt
|faint|p1a: Barraskewda
|
|-weather|RainDance|[upkeep]
|upkeep
|
|t:|1757830371
|switch|p1a: Basculegion|Basculegion-F, F|100/100
|turn|4
|
|t:|1757830376
|switch|p2a: Ogerpon|Ogerpon-Wellspring, F|100/100
|move|p1a: Basculegion|Ice Beam|p2a: Ogerpon
|-damage|p2a: Ogerpon|55/100
|
|-weather|RainDance|[upkeep]
|upkeep
|turn|5
|
|t:|1757830399
|switch|p1a: Raging Bolt|Raging Bolt|100/100
|move|p2a: Ogerpon|Horn Leech|p1a: Raging Bolt
|-resisted|p1a: Raging Bolt
|-damage|p1a: Raging Bolt|82/100
|-heal|p2a: Ogerpon|65/100|[from] drain|[of] p1a: Raging Bolt
|
|-weather|RainDance|[upkeep]
|upkeep
|turn|6
|
|t:|1757830410
|switch|p2a: Chandelure|Chandelure, F|100/100
|move|p1a: Raging Bolt|Dragon Pulse|p2a: Chandelure
|-damage|p2a: Chandelure|1/100
|
|-weather|RainDance|[upkeep]
|upkeep
|turn|7
|
|t:|1757830424
|move|p2a: Chandelure|Shadow Ball|p1a: Raging Bolt
|-damage|p1a: Raging Bolt|35/100
|move|p1a: Raging Bolt|Dragon Pulse|p2a: Chandelure
|-damage|p2a: Chandelure|0 fnt
|faint|p2a: Chandelure
|
|-weather|RainDance|[upkeep]
|upkeep
|
|t:|1757830428
|switch|p2a: Dragapult|Dragapult, M|100/100
|turn|8
|
|t:|1757830434
|-end|p1a: Raging Bolt|Protosynthesis|[silent]
|switch|p1a: Iron Treads|Iron Treads|65/100
|move|p2a: Dragapult|Dragon Darts|p1a: Iron Treads
|-resisted|p1a: Iron Treads
|-damage|p1a: Iron Treads|55/100
|-anim|p2a: Dragapult|Dragon Darts|p1a: Iron Treads
|-resisted|p1a: Iron Treads
|-damage|p1a: Iron Treads|46/100
|
|-weather|none
|upkeep
|turn|9
|
|t:|1757830442
|move|p2a: Dragapult|Flamethrower|p1a: Iron Treads
|-supereffective|p1a: Iron Treads
|-damage|p1a: Iron Treads|21/100
|move|p1a: Iron Treads|Ice Spinner|p2a: Dragapult
|-supereffective|p2a: Dragapult
|-damage|p2a: Dragapult|44/100
|
|upkeep
|turn|10
|
|t:|1757830448
|-end|p1a: Iron Treads|Quark Drive|[silent]
|switch|p1a: Pelipper|Pelipper, F|100/100
|-weather|RainDance|[from] ability: Drizzle|[of] p1a: Pelipper
|move|p2a: Dragapult|Flamethrower|p1a: Pelipper
|-resisted|p1a: Pelipper
|-damage|p1a: Pelipper|94/100
|
|-weather|RainDance|[upkeep]
|upkeep
|turn|11
|
|t:|1757830464
|switch|p1a: Kingambit|Kingambit, F|100/100
|-activate|p1a: Kingambit|ability: Supreme Overlord
|-start|p1a: Kingambit|fallen1|[silent]
|move|p2a: Dragapult|Dragon Darts|p1a: Kingambit
|-resisted|p1a: Kingambit
|-damage|p1a: Kingambit|91/100
|-anim|p2a: Dragapult|Dragon Darts|p1a: Kingambit
|-resisted|p1a: Kingambit
|-damage|p1a: Kingambit|80/100
|
|-weather|RainDance|[upkeep]
|-heal|p1a: Kingambit|86/100|[from] item: Leftovers
|upkeep
|turn|12
|
|t:|1757830470
|switch|p2a: Landorus|Landorus-Therian, M|33/100
|-ability|p2a: Landorus|Intimidate|boost
|-unboost|p1a: Kingambit|atk|1
|move|p1a: Kingambit|Sucker Punch||[still]
|-fail|p1a: Kingambit
|
|-weather|RainDance|[upkeep]
|-heal|p1a: Kingambit|92/100|[from] item: Leftovers
|upkeep
|turn|13
|
|t:|1757830477
|-end|p1a: Kingambit|fallen1|[silent]
|switch|p1a: Pelipper|Pelipper, F|94/100
|move|p2a: Landorus|Stealth Rock|p1a: Pelipper
|-sidestart|p1: slugger_6703|move: Stealth Rock
|
|-weather|RainDance|[upkeep]
|upkeep
|turn|14
|
|t:|1757830485
|move|p2a: Landorus|U-turn|p1a: Pelipper
|-resisted|p1a: Pelipper
|-damage|p1a: Pelipper|84/100
|
|t:|1757830488
|switch|p2a: Ogerpon|Ogerpon-Wellspring, F|65/100|[from] U-turn
|move|p1a: Pelipper|Surf|p2a: Ogerpon
|-heal|p2a: Ogerpon|90/100|[from] ability: Water Absorb|[of] p1a: Pelipper
|
|-weather|RainDance|[upkeep]
|upkeep
|turn|15
|
|t:|1757830496
|move|p2a: Ogerpon|Knock Off|p1a: Pelipper
|-damage|p1a: Pelipper|60/100
|-enditem|p1a: Pelipper|Damp Rock|[from] move: Knock Off|[of] p2a: Ogerpon
|move|p1a: Pelipper|Hurricane|p2a: Ogerpon
|-supereffective|p2a: Ogerpon
|-damage|p2a: Ogerpon|19/100
|-start|p2a: Ogerpon|confusion
|
|-weather|RainDance|[upkeep]
|upkeep
|turn|16
|
|t:|1757830503
|-activate|p2a: Ogerpon|confusion
|move|p2a: Ogerpon|Horn Leech|p1a: Pelipper
|-damage|p1a: Pelipper|34/100
|-heal|p2a: Ogerpon|32/100|[from] drain|[of] p1a: Pelipper
|move|p1a: Pelipper|U-turn|p2a: Ogerpon
|-supereffective|p2a: Ogerpon
|-damage|p2a: Ogerpon|12/100
|
|t:|1757830512
|switch|p1a: Basculegion|Basculegion-F, F|100/100|[from] U-turn
|-damage|p1a: Basculegion|88/100|[from] Stealth Rock
|
|-weather|RainDance|[upkeep]
|upkeep
|turn|17
|
|t:|1757830527
|move|p1a: Basculegion|Ice Beam|p2a: Ogerpon
|-damage|p2a: Ogerpon|0 fnt
|faint|p2a: Ogerpon
|
|-weather|none
|upkeep
|
|t:|1757830534
|switch|p2a: Dragapult|Dragapult, M|44/100
|turn|18
|
|t:|1757830536
|move|p2a: Dragapult|Dragon Darts|p1a: Basculegion
|-damage|p1a: Basculegion|58/100
|-anim|p2a: Dragapult|Dragon Darts|p1a: Basculegion
|-damage|p1a: Basculegion|25/100
|move|p1a: Basculegion|Ice Beam|p2a: Dragapult
|-supereffective|p2a: Dragapult
|-damage|p2a: Dragapult|0 fnt
|faint|p2a: Dragapult
|
|upkeep
|
|t:|1757830540
|switch|p2a: Empoleon|Empoleon, M|100/100
|turn|19
|
|t:|1757830553
|move|p1a: Basculegion|Ice Beam|p2a: Empoleon
|-resisted|p2a: Empoleon
|-damage|p2a: Empoleon|89/100
|move|p2a: Empoleon|Agility|p2a: Empoleon
|-boost|p2a: Empoleon|spe|2
|
|upkeep
|turn|20
|
|t:|1757830567
|move|p2a: Empoleon|Agility|p2a: Empoleon
|-boost|p2a: Empoleon|spe|2
|move|p1a: Basculegion|Ice Beam|p2a: Empoleon
|-resisted|p2a: Empoleon
|-damage|p2a: Empoleon|77/100
|
|upkeep
|turn|21
|
|t:|1757830580
|switch|p1a: Iron Treads|Iron Treads|21/100
|-damage|p1a: Iron Treads|17/100|[from] Stealth Rock
|-terastallize|p2a: Empoleon|Electric
|move|p2a: Empoleon|Tera Blast|p1a: Iron Treads|[anim] Tera Blast Electric
|-immune|p1a: Iron Treads
|
|upkeep
|turn|22
|
|t:|1757830587
|move|p2a: Empoleon|Surf|p1a: Iron Treads
|-supereffective|p1a: Iron Treads
|-damage|p1a: Iron Treads|0 fnt
|faint|p1a: Iron Treads
|-end|p1a: Iron Treads|Quark Drive|[silent]
|
|upkeep
|
|t:|1757830589
|switch|p1a: Raging Bolt|Raging Bolt|35/100
|-damage|p1a: Raging Bolt|23/100|[from] Stealth Rock
|turn|23
|
|t:|1757830601
|move|p2a: Empoleon|Surf|p1a: Raging Bolt
|-resisted|p1a: Raging Bolt
|-damage|p1a: Raging Bolt|2/100
|move|p1a: Raging Bolt|Dragon Pulse|p2a: Empoleon
|-damage|p2a: Empoleon|4/100
|
|upkeep
|turn|24
|
|t:|1757830608
|move|p2a: Empoleon|Ice Beam|p1a: Raging Bolt
|-supereffective|p1a: Raging Bolt
|-damage|p1a: Raging Bolt|0 fnt
|faint|p1a: Raging Bolt
|-end|p1a: Raging Bolt|Protosynthesis|[silent]
|
|upkeep
|
|t:|1757830609
|switch|p1a: Kingambit|Kingambit, F|92/100
|-damage|p1a: Kingambit|86/100|[from] Stealth Rock
|-activate|p1a: Kingambit|ability: Supreme Overlord
|-start|p1a: Kingambit|fallen3|[silent]
|turn|25
|
|t:|1757830617
|move|p1a: Kingambit|Sucker Punch||[still]
|-fail|p1a: Kingambit
|move|p2a: Empoleon|Agility|p2a: Empoleon
|-boost|p2a: Empoleon|spe|2
|
|-heal|p1a: Kingambit|92/100|[from] item: Leftovers
|upkeep
|turn|26
|l|☆slugger_6703
|inactive|slugger_6703 disconnected and has a minute to reconnect!
|player|p1|
|j|☆slugger_6703
|inactive|slugger_6703 reconnected and has 120 seconds left.
|player|p1|slugger_6703|nate|
|
|t:|1757830654
|move|p1a: Kingambit|Sucker Punch|p2a: Empoleon
|-damage|p2a: Empoleon|0 fnt
|faint|p2a: Empoleon
|
|-heal|p1a: Kingambit|98/100|[from] item: Leftovers
|upkeep
|
|t:|1757830658
|switch|p2a: Landorus|Landorus-Therian, M|33/100
|-ability|p2a: Landorus|Intimidate|boost
|-unboost|p1a: Kingambit|atk|1
|turn|27
|inactive|slugger_6703 has 120 seconds left.
|
|t:|1757830672
|move|p1a: Kingambit|Sucker Punch|p2a: Landorus
|-damage|p2a: Landorus|0 fnt
|-damage|p1a: Kingambit|82/100|[from] item: Rocky Helmet|[of] p2a: Landorus
|faint|p2a: Landorus
|
|-heal|p1a: Kingambit|88/100|[from] item: Leftovers
|upkeep
|-message|boredbattle forfeited.
|
|win|slugger_6703
|raw|slugger_6703's rating: 1157 &rarr; <strong>1183</strong><br />(+26 for winning)
|raw|boredbattle's rating: 1164 &rarr; <strong>1138</strong><br />(-26 for losing)
|l|☆boredbattle
|player|p2|
|l|☆slugger_6703
|player|p1|
