|j|☆eucalipto69!
|j|☆flygonisdragon
|t:|1757828340
|gametype|singles
|player|p1|eucalipto69!|266|1388
|player|p2|flygonisdragon|serena-masters|1478
|gen|9
|tier|[Gen 9] OU
|rated|
|rule|HP Percentage Mod: HP is shown in percentages
|rule|Endless Battle Clause: Forcing endless battles is banned
|rule|Species Clause: Limit one of each Pokémon
|rule|OHKO Clause: OHKO moves are banned
|rule|Evasion Items Clause: Evasion items are banned
|rule|Evasion Moves Clause: Evasion moves are banned
|rule|Evasion Abilities Clause: Evasion abilities are banned
|rule|Sleep Moves Clause: Sleep-inducing moves are banned
|clearpoke
|poke|p1|Ceruledge, F|
|poke|p1|Torkoal, F|
|poke|p1|Walking Wake|
|poke|p1|Hoopa-Unbound|
|poke|p1|Landorus-Therian, M|
|poke|p1|Venusaur, F|
|poke|p2|Zapdos-Galar|
|poke|p2|Volcanion|
|poke|p2|Kommo-o, M|
|poke|p2|Fezandipiti, M|
|poke|p2|Clodsire, F|
|poke|p2|Scizor, M|
|teampreview
|inactive|Battle timer is ON: inactive players will automatically lose when time's up. (requested by eucalipto69!)
|
|t:|1757828348
|teamsize|p1|6
|teamsize|p2|6
|start
|switch|p1a: Ceruledge|Ceruledge, F|100/100
|switch|p2a: Volcanion|Volcanion|100/100
|turn|1
|
|t:|1757828353
|switch|p1a: Walking Wake|Walking Wake|100/100
|move|p2a: Volcanion|Steam Eruption|p1a: Walking Wake
|-resisted|p1a: Walking Wake
|-damage|p1a: Walking Wake|73/100
|
|upkeep
|turn|2
|
|t:|1757828358
|move|p1a: Walking Wake|Sunny Day|p1a: Walking Wake
|-weather|SunnyDay
|-activate|p1a: Walking Wake|ability: Protosynthesis
|-start|p1a: Walking Wake|protosynthesisspe
|move|p2a: Volcanion|Steam Eruption|p1a: Walking Wake
|-resisted|p1a: Walking Wake
|-damage|p1a: Walking Wake|58/100
|
|-weather|SunnyDay|[upkeep]
|upkeep
|turn|3
|
|t:|1757828364
|switch|p2a: Clodsire|Clodsire, F|100/100
|move|p1a: Walking Wake|Hydro Steam|p2a: Clodsire
|-immune|p2a: Clodsire|[from] ability: Water Absorb
|
|-weather|SunnyDay|[upkeep]
|upkeep
|turn|4
|
|t:|1757828371
|-end|p1a: Walking Wake|Protosynthesis|[silent]
|switch|p1a: Landorus|Landorus-Therian, M|100/100
|-ability|p1a: Landorus|Intimidate|boost
|-unboost|p2a: Clodsire|atk|1
|move|p2a: Clodsire|Stealth Rock|p1a: Landorus
|-sidestart|p1: eucalipto69!|move: Stealth Rock
|
|-weather|SunnyDay|[upkeep]
|upkeep
|turn|5
|
|t:|1757828378
|switch|p2a: Zapdos|Zapdos-Galar|100/100
|move|p1a: Landorus|Earthquake|p2a: Zapdos
|-immune|p2a: Zapdos
|
|-weather|SunnyDay|[upkeep]
|upkeep
|turn|6
|
|t:|1757828385
|move|p2a: Zapdos|Brave Bird|p1a: Landorus
|-damage|p1a: Landorus|8/100
|-damage|p2a: Zapdos|84/100|[from] item: Rocky Helmet|[of] p1a: Landorus
|-damage|p2a: Zapdos|48/100|[from] Recoil
|move|p1a: Landorus|Stealth Rock|p2a: Zapdos
|-sidestart|p2: flygonisdragon|move: Stealth Rock
|
|-weather|none
|upkeep
|turn|7
|
|t:|1757828391
|move|p2a: Zapdos|Brave Bird|p1a: Landorus
|-damage|p1a: Landorus|0 fnt
|-damage|p2a: Zapdos|31/100|[from] item: Rocky Helmet|[of] p1a: Landorus
|faint|p1a: Landorus
|-damage|p2a: Zapdos|28/100|[from] Recoil
|
|upkeep
|
|t:|1757828396
|switch|p1a: Ceruledge|Ceruledge, F|100/100
|-damage|p1a: Ceruledge|76/100|[from] Stealth Rock
|turn|8
|
|t:|1757828399
|move|p1a: Ceruledge|Bitter Blade|p2a: Zapdos
|-damage|p2a: Zapdos|0 fnt
|-heal|p1a: Ceruledge|91/100|[from] drain|[of] p2a: Zapdos
|faint|p2a: Zapdos
|
|upkeep
|
|t:|1757828415
|switch|p2a: Volcanion|Volcanion|100/100
|-damage|p2a: Volcanion|76/100|[from] Stealth Rock
|turn|9
|
|t:|1757828425
|switch|p1a: Torkoal|Torkoal, F|100/100
|-damage|p1a: Torkoal|75/100|[from] Stealth Rock
|-weather|SunnyDay|[from] ability: Drought|[of] p1a: Torkoal
|move|p2a: Volcanion|Steam Eruption|p1a: Torkoal
|-supereffective|p1a: Torkoal
|-damage|p1a: Torkoal|0 fnt
|faint|p1a: Torkoal
|
|-weather|SunnyDay|[upkeep]
|upkeep
|
|t:|1757828432
|switch|p1a: Venusaur|Venusaur, F|100/100
|-damage|p1a: Venusaur|88/100|[from] Stealth Rock
|turn|10
|
|t:|1757828440
|move|p1a: Venusaur|Growth|p1a: Venusaur
|-boost|p1a: Venusaur|atk|2
|-boost|p1a: Venusaur|spa|2
|move|p2a: Volcanion|Steam Eruption|p1a: Venusaur
|-resisted|p1a: Venusaur
|-damage|p1a: Venusaur|61/100
|
|-weather|SunnyDay|[upkeep]
|upkeep
|turn|11
|
|t:|1757828450
|move|p1a: Venusaur|Giga Drain|p2a: Volcanion
|-damage|p2a: Volcanion|1/100
|-heal|p1a: Venusaur|98/100|[from] drain|[of] p2a: Volcanion
|move|p2a: Volcanion|Steam Eruption|p1a: Venusaur
|-resisted|p1a: Venusaur
|-damage|p1a: Venusaur|71/100
|-status|p1a: Venusaur|brn
|
|-weather|SunnyDay|[upkeep]
|-damage|p1a: Venusaur|65/100 brn|[from] brn
|upkeep
|turn|12
|
|t:|1757828455
|move|p1a: Venusaur|Giga Drain|p2a: Volcanion
|-damage|p2a: Volcanion|0 fnt
|-heal|p1a: Venusaur|65/100 brn|[from] drain|[of] p2a: Volcanion
|faint|p2a: Volcanion
|
|-weather|SunnyDay|[upkeep]
|-damage|p1a: Venusaur|59/100 brn|[from] brn
|upkeep
|
|t:|1757828479
|switch|p2a: Clodsire|Clodsire, F|100/100
|-damage|p2a: Clodsire|94/100|[from] Stealth Rock
|turn|13
|
|t:|1757828483
|-terastallize|p2a: Clodsire|Fire
|move|p1a: Venusaur|Giga Drain|p2a: Clodsire
|-resisted|p2a: Clodsire
|-damage|p2a: Clodsire|77/100
|-heal|p1a: Venusaur|72/100 brn|[from] drain|[of] p2a: Clodsire
|move|p2a: Clodsire|Earthquake|p1a: Venusaur
|-damage|p1a: Venusaur|36/100 brn
|
|-weather|SunnyDay|[upkeep]
|-heal|p2a: Clodsire|84/100|[from] item: Leftovers
|-damage|p1a: Venusaur|30/100 brn|[from] brn
|upkeep
|turn|14
|
|t:|1757828487
|move|p1a: Venusaur|Earth Power|p2a: Clodsire
|-supereffective|p2a: Clodsire
|-damage|p2a: Clodsire|24/100
|move|p2a: Clodsire|Earthquake|p1a: Venusaur
|-damage|p1a: Venusaur|0 fnt
|faint|p1a: Venusaur
|
|-weather|SunnyDay|[upkeep]
|-heal|p2a: Clodsire|30/100|[from] item: Leftovers
|upkeep
|
|t:|1757828496
|switch|p1a: Ceruledge|Ceruledge, F|91/100
|-damage|p1a: Ceruledge|66/100|[from] Stealth Rock
|turn|15
|
|t:|1757828500
|move|p1a: Ceruledge|Bitter Blade|p2a: Clodsire
|-resisted|p2a: Clodsire
|-damage|p2a: Clodsire|0 fnt
|-heal|p1a: Ceruledge|90/100|[from] drain|[of] p2a: Clodsire
|faint|p2a: Clodsire
|
|-weather|SunnyDay|[upkeep]
|upkeep
|
|t:|1757828510
|switch|p2a: Fezandipiti|Fezandipiti, M|100/100
|turn|16
|
|t:|1757828518
|switch|p2a: Scizor|Scizor, M|100/100
|-damage|p2a: Scizor|88/100|[from] Stealth Rock
|move|p1a: Ceruledge|Bitter Blade|p2a: Scizor
|-supereffective|p2a: Scizor
|-damage|p2a: Scizor|0 fnt
|-heal|p1a: Ceruledge|100/100|[from] drain|[of] p2a: Scizor
|faint|p2a: Scizor
|
|-weather|none
|upkeep
|
|t:|1757828520
|switch|p2a: Kommo-o|Kommo-o, M|100/100
|-damage|p2a: Kommo-o|94/100|[from] Stealth Rock
|turn|17
|
|t:|1757828526
|switch|p1a: Hoopa|Hoopa-Unbound|100/100
|-damage|p1a: Hoopa|88/100|[from] Stealth Rock
|move|p2a: Kommo-o|Clangorous Soul|p2a: Kommo-o
|-boost|p2a: Kommo-o|atk|1
|-boost|p2a: Kommo-o|def|1
|-boost|p2a: Kommo-o|spa|1
|-boost|p2a: Kommo-o|spd|1
|-boost|p2a: Kommo-o|spe|1
|-damage|p2a: Kommo-o|61/100
|-enditem|p2a: Kommo-o|Throat Spray
|-boost|p2a: Kommo-o|spa|1|[from] item: Throat Spray
|
|upkeep
|turn|18
|
|t:|1757828530
|-terastallize|p1a: Hoopa|Ghost
|move|p2a: Kommo-o|Clanging Scales|p1a: Hoopa
|-damage|p1a: Hoopa|27/100
|-unboost|p2a: Kommo-o|def|1
|move|p1a: Hoopa|Psychic|p2a: Kommo-o
|-supereffective|p2a: Kommo-o
|-damage|p2a: Kommo-o|0 fnt
|faint|p2a: Kommo-o
|
|upkeep
|
|t:|1757828536
|switch|p2a: Fezandipiti|Fezandipiti, M|100/100
|turn|19
|
|t:|1757828539
|move|p1a: Hoopa|Psychic|p2a: Fezandipiti
|-supereffective|p2a: Fezandipiti
|-damage|p2a: Fezandipiti|44/100
|move|p2a: Fezandipiti|Moonblast|p1a: Hoopa
|-damage|p1a: Hoopa|11/100
|-unboost|p1a: Hoopa|spa|1
|
|upkeep
|turn|20
|
|t:|1757828544
|move|p1a: Hoopa|Psychic|p2a: Fezandipiti
|-supereffective|p2a: Fezandipiti
|-damage|p2a: Fezandipiti|3/100
|move|p2a: Fezandipiti|Roost|p2a: Fezandipiti
|-heal|p2a: Fezandipiti|53/100
|-singleturn|p2a: Fezandipiti|move: Roost
|
|upkeep
|turn|21
|
|t:|1757828549
|move|p1a: Hoopa|Psychic|p2a: Fezandipiti
|-supereffective|p2a: Fezandipiti
|-damage|p2a: Fezandipiti|17/100
|move|p2a: Fezandipiti|Moonblast|p1a: Hoopa
|-damage|p1a: Hoopa|0 fnt
|faint|p1a: Hoopa
|
|upkeep
|
|t:|1757828552
|switch|p1a: Ceruledge|Ceruledge, F|100/100
|-damage|p1a: Ceruledge|76/100|[from] Stealth Rock
|turn|22
|
|t:|1757828554
|move|p1a: Ceruledge|Bitter Blade|p2a: Fezandipiti
|-damage|p2a: Fezandipiti|0 fnt
|-heal|p1a: Ceruledge|87/100|[from] drain|[of] p2a: Fezandipiti
|faint|p2a: Fezandipiti
|
|win|eucalipto69!
|raw|eucalipto69!'s rating: 1388 &rarr; <strong>1413</strong><br />(+25 for winning)
|raw|flygonisdragon's rating: 1478 &rarr; <strong>1453</strong><br />(-25 for losing)
|l|☆flygonisdragon
|player|p2|
|l|☆eucalipto69!
|player|p1|
