|j|☆mooch99
|j|☆BangBlingBlingBorn
|t:|1757864028
|gametype|singles
|player|p1|mooch99|unknown|1627
|player|p2|BangBlingBlingBorn|102|1664
|gen|9
|tier|[Gen 9] OU
|rated|
|rule|HP Percentage Mod: HP is shown in percentages
|rule|Endless Battle Clause: Forcing endless battles is banned
|rule|Species Clause: Limit one of each Pokémon
|rule|OHKO Clause: OHKO moves are banned
|rule|Evasion Items Clause: Evasion items are banned
|rule|Evasion Moves Clause: Evasion moves are banned
|rule|Evasion Abilities Clause: Evasion abilities are banned
|rule|Sleep Moves Clause: Sleep-inducing moves are banned
|clearpoke
|poke|p1|Ninetales-Alola, F|
|poke|p1|Ogerpon-Wellspring, F|
|poke|p1|Iron Treads|
|poke|p1|Kyurem|
|poke|p1|Gliscor, F|
|poke|p1|Polteageist|
|poke|p2|Hatterene, F|
|poke|p2|Ursaluna, F|
|poke|p2|Diancie|
|poke|p2|Iron Hands|
|poke|p2|Torkoal, M|
|poke|p2|Cresselia, F|
|teampreview
|inactive|Battle timer is ON: inactive players will automatically lose when time's up. (requested by BangBlingBlingBorn)
|inactive|mooch99 also wants the timer to be on.
|
|t:|1757864040
|teamsize|p1|6
|teamsize|p2|6
|start
|switch|p1a: Iron Treads|Iron Treads|100/100
|switch|p2a: Oppenheimer|Torkoal, M|100/100
|-weather|SunnyDay|[from] ability: Drought|[of] p2a: Oppenheimer
|-enditem|p1a: Iron Treads|Booster Energy
|-activate|p1a: Iron Treads|ability: Quark Drive|[fromitem]
|-start|p1a: Iron Treads|quarkdrivespe
|turn|1
|
|t:|1757864062
|move|p1a: Iron Treads|Earth Power|p2a: Oppenheimer
|-supereffective|p2a: Oppenheimer
|-damage|p2a: Oppenheimer|15/100
|move|p2a: Oppenheimer|Weather Ball|p1a: Iron Treads
|-supereffective|p1a: Iron Treads
|-damage|p1a: Iron Treads|0 fnt
|faint|p1a: Iron Treads
|-end|p1a: Iron Treads|Quark Drive|[silent]
|
|-weather|SunnyDay|[upkeep]
|upkeep
|
|t:|1757864068
|switch|p1a: Ninetales|Ninetales-Alola, F|100/100
|-weather|Snowscape|[from] ability: Snow Warning|[of] p1a: Ninetales
|turn|2
|
|t:|1757864076
|switch|p2a: Nimona|Diancie|100/100
|move|p1a: Ninetales|Aurora Veil|p1a: Ninetales
|-sidestart|p1: mooch99|move: Aurora Veil
|
|-weather|Snowscape|[upkeep]
|upkeep
|turn|3
|
|t:|1757864081
|switch|p1a: Ogerpon|Ogerpon-Wellspring, F|100/100
|move|p2a: Nimona|Trick Room|p2a: Nimona
|-fieldstart|move: Trick Room|[of] p2a: Nimona
|
|-weather|Snowscape|[upkeep]
|upkeep
|turn|4
|
|t:|1757864094
|move|p2a: Nimona|Meteor Beam||[still]
|-prepare|p2a: Nimona|Meteor Beam
|-boost|p2a: Nimona|spa|1
|-enditem|p2a: Nimona|Power Herb
|-anim|p2a: Nimona|Meteor Beam|p1a: Ogerpon
|-damage|p1a: Ogerpon|55/100
|move|p1a: Ogerpon|Swords Dance|p1a: Ogerpon
|-boost|p1a: Ogerpon|atk|2
|
|-weather|Snowscape|[upkeep]
|upkeep
|turn|5
|
|t:|1757864103
|move|p2a: Nimona|Moonblast|p1a: Ogerpon
|-crit|p1a: Ogerpon
|-damage|p1a: Ogerpon|0 fnt
|faint|p1a: Ogerpon
|
|-weather|Snowscape|[upkeep]
|upkeep
|
|t:|1757864125
|switch|p1a: Gliscor|Gliscor, F|100/100
|turn|6
|
|t:|1757864133
|move|p2a: Nimona|Moonblast|p1a: Gliscor
|-damage|p1a: Gliscor|71/100
|move|p1a: Gliscor|Swords Dance|p1a: Gliscor
|-boost|p1a: Gliscor|atk|2
|
|-weather|none
|-status|p1a: Gliscor|tox|[from] item: Toxic Orb
|upkeep
|turn|7
|
|t:|1757864137
|move|p2a: Nimona|Moonblast|p1a: Gliscor
|-damage|p1a: Gliscor|40/100 tox
|move|p1a: Gliscor|Earthquake|p2a: Nimona
|-supereffective|p2a: Nimona
|-damage|p2a: Nimona|0 fnt
|faint|p2a: Nimona
|
|-heal|p1a: Gliscor|52/100 tox|[from] ability: Poison Heal
|-fieldend|move: Trick Room
|upkeep
|
|t:|1757864145
|switch|p2a: Barbie|Hatterene, F|100/100
|turn|8
|
|t:|1757864155
|move|p1a: Gliscor|Swords Dance|p1a: Gliscor
|-boost|p1a: Gliscor|atk|2
|move|p2a: Barbie|Trick Room|p2a: Barbie
|-fieldstart|move: Trick Room|[of] p2a: Barbie
|
|-heal|p1a: Gliscor|65/100 tox|[from] ability: Poison Heal
|upkeep
|turn|9
|
|t:|1757864167
|move|p2a: Barbie|Dazzling Gleam|p1a: Gliscor
|-damage|p1a: Gliscor|45/100 tox
|move|p1a: Gliscor|Swords Dance|p1a: Gliscor
|-boost|p1a: Gliscor|atk|2
|
|-heal|p1a: Gliscor|58/100 tox|[from] ability: Poison Heal
|-sideend|p1: mooch99|move: Aurora Veil
|upkeep
|turn|10
|
|t:|1757864175
|move|p2a: Barbie|Dazzling Gleam|p1a: Gliscor
|-damage|p1a: Gliscor|19/100 tox
|move|p1a: Gliscor|Facade|p2a: Barbie
|-enditem|p2a: Barbie|Focus Sash
|-damage|p2a: Barbie|1/100
|
|-heal|p1a: Gliscor|32/100 tox|[from] ability: Poison Heal
|upkeep
|turn|11
|
|t:|1757864181
|move|p2a: Barbie|Dazzling Gleam|p1a: Gliscor
|-damage|p1a: Gliscor|0 fnt
|faint|p1a: Gliscor
|
|upkeep
|
|t:|1757864185
|switch|p1a: Ninetales|Ninetales-Alola, F|100/100
|-weather|Snowscape|[from] ability: Snow Warning|[of] p1a: Ninetales
|turn|12
|
|t:|1757864189
|move|p2a: Barbie|Healing Wish|p2a: Barbie
|faint|p2a: Barbie
|move|p1a: Ninetales|Aurora Veil|p1a: Ninetales
|-sidestart|p1: mooch99|move: Aurora Veil
|
|-weather|Snowscape|[upkeep]
|-fieldend|move: Trick Room
|upkeep
|
|t:|1757864190
|switch|p2a: Oppenheimer|Torkoal, M|15/100
|-heal|p2a: Oppenheimer|100/100|[from] move: Healing Wish
|-weather|SunnyDay|[from] ability: Drought|[of] p2a: Oppenheimer
|turn|13
|
|t:|1757864202
|move|p1a: Ninetales|Foul Play|p2a: Oppenheimer
|-damage|p2a: Oppenheimer|89/100
|move|p2a: Oppenheimer|Weather Ball|p1a: Ninetales
|-supereffective|p1a: Ninetales
|-damage|p1a: Ninetales|8/100
|
|-weather|SunnyDay|[upkeep]
|upkeep
|turn|14
|
|t:|1757864206
|move|p1a: Ninetales|Foul Play|p2a: Oppenheimer
|-damage|p2a: Oppenheimer|76/100
|move|p2a: Oppenheimer|Weather Ball|p1a: Ninetales
|-supereffective|p1a: Ninetales
|-damage|p1a: Ninetales|0 fnt
|faint|p1a: Ninetales
|
|-weather|SunnyDay|[upkeep]
|upkeep
|
|t:|1757864225
|switch|p1a: Polteageist|Polteageist|100/100
|turn|15
|
|t:|1757864231
|move|p1a: Polteageist|Shadow Ball|p2a: Oppenheimer
|-damage|p2a: Oppenheimer|29/100
|-unboost|p2a: Oppenheimer|spd|1
|move|p2a: Oppenheimer|Weather Ball|p1a: Polteageist
|-damage|p1a: Polteageist|52/100
|
|-weather|SunnyDay|[upkeep]
|upkeep
|turn|16
|
|t:|1757864243
|move|p1a: Polteageist|Shell Smash|p1a: Polteageist
|-unboost|p1a: Polteageist|def|1
|-unboost|p1a: Polteageist|spd|1
|-boost|p1a: Polteageist|atk|2
|-boost|p1a: Polteageist|spa|2
|-boost|p1a: Polteageist|spe|2
|-enditem|p1a: Polteageist|White Herb
|-clearnegativeboost|p1a: Polteageist|[silent]
|move|p2a: Oppenheimer|Weather Ball|p1a: Polteageist
|-damage|p1a: Polteageist|4/100
|
|-weather|SunnyDay|[upkeep]
|upkeep
|turn|17
|
|t:|1757864260
|move|p1a: Polteageist|Strength Sap|p2a: Oppenheimer
|-unboost|p2a: Oppenheimer|atk|1
|-heal|p1a: Polteageist|58/100
|move|p2a: Oppenheimer|Weather Ball|p1a: Polteageist
|-damage|p1a: Polteageist|13/100
|-start|p2a: Oppenheimer|Disable|Weather Ball|[from] ability: Cursed Body|[of] p1a: Polteageist
|
|-weather|none
|upkeep
|turn|18
|
|t:|1757864273
|move|p1a: Polteageist|Strength Sap|p2a: Oppenheimer
|-unboost|p2a: Oppenheimer|atk|1
|-heal|p1a: Polteageist|48/100
|-activate|p2a: Oppenheimer|move: Struggle
|move|p2a: Oppenheimer|Struggle|p1a: Polteageist
|-damage|p1a: Polteageist|46/100
|-damage|p2a: Oppenheimer|4/100|[from] recoil
|
|upkeep
|turn|19
|
|t:|1757864291
|move|p1a: Polteageist|Shell Smash|p1a: Polteageist
|-unboost|p1a: Polteageist|def|1
|-unboost|p1a: Polteageist|spd|1
|-boost|p1a: Polteageist|atk|2
|-boost|p1a: Polteageist|spa|2
|-boost|p1a: Polteageist|spe|2
|-activate|p2a: Oppenheimer|move: Struggle
|move|p2a: Oppenheimer|Struggle|p1a: Polteageist
|-damage|p1a: Polteageist|42/100
|-damage|p2a: Oppenheimer|0 fnt|[from] recoil
|faint|p2a: Oppenheimer
|
|-sideend|p1: mooch99|move: Aurora Veil
|upkeep
|
|t:|1757864292
|switch|p2a: GOTG 3|Cresselia, F|100/100
|turn|20
|
|t:|1757864296
|-terastallize|p2a: GOTG 3|Poison
|move|p1a: Polteageist|Shadow Ball|p2a: GOTG 3
|-damage|p2a: GOTG 3|31/100
|-unboost|p2a: GOTG 3|spd|1
|move|p2a: GOTG 3|Trick Room|p2a: GOTG 3
|-fieldstart|move: Trick Room|[of] p2a: GOTG 3
|
|upkeep
|turn|21
|
|t:|1757864304
|move|p2a: GOTG 3|Lunar Dance|p2a: GOTG 3
|faint|p2a: GOTG 3
|move|p1a: Polteageist|Strength Sap|p2: GOTG 3|[notarget]
|-fail|p1a: Polteageist
|
|upkeep
|
|t:|1757864306
|switch|p2a: FNAF|Ursaluna, F|100/100
|turn|22
|
|t:|1757864317
|move|p2a: FNAF|Headlong Rush|p1a: Polteageist
|-damage|p1a: Polteageist|0 fnt
|-unboost|p2a: FNAF|def|1
|-unboost|p2a: FNAF|spd|1
|-start|p2a: FNAF|Disable|Headlong Rush|[from] ability: Cursed Body|[of] p1a: Polteageist
|faint|p1a: Polteageist
|
|-status|p2a: FNAF|brn|[from] item: Flame Orb
|upkeep
|
|t:|1757864320
|switch|p1a: Kyurem|Kyurem|100/100
|-ability|p1a: Kyurem|Pressure
|turn|23
|
|t:|1757864330
|move|p2a: FNAF|Facade|p1a: Kyurem
|-damage|p1a: Kyurem|0 fnt
|faint|p1a: Kyurem
|
|win|BangBlingBlingBorn
|raw|mooch99's rating: 1627 &rarr; <strong>1609</strong><br />(-18 for losing)
|raw|BangBlingBlingBorn's rating: 1664 &rarr; <strong>1682</strong><br />(+18 for winning)
|l|☆mooch99
|player|p1|
|l|☆BangBlingBlingBorn
|player|p2|
