|j|☆p33zer
|j|☆SSStyl1sh
|t:|1757901443
|gametype|singles
|player|p1|p33zer|hiker-gen4|1266
|player|p2|SSStyl1sh|giovanni|1267
|gen|9
|tier|[Gen 9] OU
|rated|
|rule|HP Percentage Mod: HP is shown in percentages
|rule|Endless Battle Clause: Forcing endless battles is banned
|rule|Species Clause: Limit one of each Pokémon
|rule|OHKO Clause: OHKO moves are banned
|rule|Evasion Items Clause: Evasion items are banned
|rule|Evasion Moves Clause: Evasion moves are banned
|rule|Evasion Abilities Clause: Evasion abilities are banned
|rule|Sleep Moves Clause: Sleep-inducing moves are banned
|clearpoke
|poke|p1|Gurdurr, F|
|poke|p1|Moltres|
|poke|p1|Kyurem|
|poke|p1|Great Tusk|
|poke|p1|Clodsire, M|
|poke|p1|Iron Valiant|
|poke|p2|Araquanid, M|
|poke|p2|Crawdaunt, M|
|poke|p2|Tornadus-Therian, M|
|poke|p2|Ting-Lu|
|poke|p2|Gholdengo|
|poke|p2|Great Tusk|
|teampreview
|inactive|Battle timer is ON: inactive players will automatically lose when time's up. (requested by p33zer)
|
|t:|1757901464
|teamsize|p1|6
|teamsize|p2|6
|start
|switch|p1a: Moltres|Moltres|100/100
|switch|p2a: Araquanid|Araquanid, M|100/100
|turn|1
|
|t:|1757901472
|move|p2a: Araquanid|Sticky Web|p1a: Moltres
|-sidestart|p1: p33zer|move: Sticky Web
|move|p1a: Moltres|Roar|p2a: Araquanid
|drag|p2a: Tornadus|Tornadus-Therian, M|100/100
|
|upkeep
|turn|2
|
|t:|1757901484
|switch|p2a: Crawdaunt|Crawdaunt, M|100/100
|move|p1a: Moltres|Flamethrower|p2a: Crawdaunt
|-resisted|p2a: Crawdaunt
|-damage|p2a: Crawdaunt|63/100
|
|upkeep
|turn|3
|
|t:|1757901491
|move|p1a: Moltres|U-turn|p2a: Crawdaunt
|-supereffective|p2a: Crawdaunt
|-damage|p2a: Crawdaunt|23/100
|
|t:|1757901495
|switch|p1a: Gurdurr|Gurdurr, F|100/100|[from] U-turn
|-activate|p1a: Gurdurr|move: Sticky Web
|-unboost|p1a: Gurdurr|spe|1
|move|p2a: Crawdaunt|Knock Off|p1a: Gurdurr
|-resisted|p1a: Gurdurr
|-damage|p1a: Gurdurr|63/100
|-enditem|p1a: Gurdurr|Eviolite|[from] move: Knock Off|[of] p2a: Crawdaunt
|
|upkeep
|turn|4
|
|t:|1757901513
|switch|p2a: Gholdengo|Gholdengo|100/100
|-item|p2a: Gholdengo|Air Balloon
|move|p1a: Gurdurr|Mach Punch|p2a: Gholdengo
|-immune|p2a: Gholdengo
|
|upkeep
|turn|5
|
|t:|1757901518
|move|p2a: Gholdengo|Shadow Ball|p1a: Gurdurr
|-damage|p1a: Gurdurr|0 fnt
|faint|p1a: Gurdurr
|
|upkeep
|
|t:|1757901533
|switch|p1a: Clodsire|Clodsire, M|100/100
|turn|6
|
|t:|1757901548
|switch|p1a: Moltres|Moltres|100/100
|move|p2a: Gholdengo|Nasty Plot|p2a: Gholdengo
|-boost|p2a: Gholdengo|spa|2
|
|upkeep
|turn|7
|
|t:|1757901564
|switch|p2a: Ting-Lu|Ting-Lu|100/100
|-ability|p2a: Ting-Lu|Vessel of Ruin
|move|p1a: Moltres|Flamethrower|p2a: Ting-Lu
|-damage|p2a: Ting-Lu|85/100
|
|-heal|p2a: Ting-Lu|92/100|[from] item: Leftovers
|upkeep
|turn|8
|
|t:|1757901574
|move|p1a: Moltres|U-turn|p2a: Ting-Lu
|-supereffective|p2a: Ting-Lu
|-damage|p2a: Ting-Lu|75/100
|
|t:|1757901586
|switch|p1a: Kyurem|Kyurem|100/100|[from] U-turn
|-activate|p1a: Kyurem|move: Sticky Web
|-unboost|p1a: Kyurem|spe|1
|-ability|p1a: Kyurem|Pressure
|move|p2a: Ting-Lu|Stealth Rock|p1a: Kyurem
|-sidestart|p1: p33zer|move: Stealth Rock
|
|-heal|p2a: Ting-Lu|81/100|[from] item: Leftovers
|upkeep
|turn|9
|
|t:|1757901610
|move|p1a: Kyurem|Icicle Spear|p2a: Ting-Lu
|-supereffective|p2a: Ting-Lu
|-damage|p2a: Ting-Lu|67/100
|-supereffective|p2a: Ting-Lu
|-damage|p2a: Ting-Lu|52/100
|-supereffective|p2a: Ting-Lu
|-damage|p2a: Ting-Lu|37/100
|-supereffective|p2a: Ting-Lu
|-damage|p2a: Ting-Lu|22/100
|-hitcount|p2a: Ting-Lu|4
|move|p2a: Ting-Lu|Ruination|p1a: Kyurem
|-damage|p1a: Kyurem|51/100
|
|-heal|p2a: Ting-Lu|28/100|[from] item: Leftovers
|upkeep
|turn|10
|
|t:|1757901622
|move|p1a: Kyurem|Icicle Spear|p2a: Ting-Lu
|-supereffective|p2a: Ting-Lu
|-damage|p2a: Ting-Lu|14/100
|-supereffective|p2a: Ting-Lu
|-damage|p2a: Ting-Lu|0 fnt
|faint|p2a: Ting-Lu
|-hitcount|p2: Ting-Lu|2
|
|upkeep
|
|t:|1757901636
|switch|p2a: Gholdengo|Gholdengo|100/100
|-item|p2a: Gholdengo|Air Balloon
|turn|11
|
|t:|1757901643
|-terastallize|p1a: Kyurem|Fire
|move|p2a: Gholdengo|Make It Rain|p1a: Kyurem
|-resisted|p1a: Kyurem
|-damage|p1a: Kyurem|22/100
|-unboost|p2a: Gholdengo|spa|1
|move|p1a: Kyurem|Dragon Dance|p1a: Kyurem
|-boost|p1a: Kyurem|atk|1
|-boost|p1a: Kyurem|spe|1
|
|upkeep
|turn|12
|
|t:|1757901651
|move|p1a: Kyurem|Tera Blast|p2a: Gholdengo|[anim] Tera Blast Fire
|-supereffective|p2a: Gholdengo
|-damage|p2a: Gholdengo|0 fnt
|-enditem|p2a: Gholdengo|Air Balloon
|faint|p2a: Gholdengo
|
|upkeep
|
|t:|1757901656
|switch|p2a: Crawdaunt|Crawdaunt, M|23/100
|turn|13
|
|t:|1757901661
|move|p1a: Kyurem|Icicle Spear|p2a: Crawdaunt
|-resisted|p2a: Crawdaunt
|-damage|p2a: Crawdaunt|9/100
|-resisted|p2a: Crawdaunt
|-damage|p2a: Crawdaunt|0 fnt
|faint|p2a: Crawdaunt
|-hitcount|p2: Crawdaunt|2
|
|upkeep
|
|t:|1757901667
|switch|p2a: Tornadus|Tornadus-Therian, M|100/100
|turn|14
|
|t:|1757901670
|move|p2a: Tornadus|Bleakwind Storm|p1a: Kyurem|[miss]
|-miss|p2a: Tornadus|p1a: Kyurem
|move|p1a: Kyurem|Icicle Spear|p2a: Tornadus
|-supereffective|p2a: Tornadus
|-damage|p2a: Tornadus|50/100
|-supereffective|p2a: Tornadus
|-damage|p2a: Tornadus|0 fnt
|faint|p2a: Tornadus
|-hitcount|p2: Tornadus|2
|
|upkeep
|-message|SSStyl1sh forfeited.
|
|win|p33zer
|raw|p33zer's rating: 1266 &rarr; <strong>1291</strong><br />(+25 for winning)
|raw|SSStyl1sh's rating: 1267 &rarr; <strong>1242</strong><br />(-25 for losing)
|l|☆SSStyl1sh
|player|p2|
|l|☆p33zer
|player|p1|
