|badge|p2|bronze|gen9doublesou|100-6
|uhtml|medal-msg|<div class="broadcast-blue">Curious what those medals under the avatar are? PS now has Ladder Seasons! For more information, check out the <a href="https://www.smogon.com/forums/threads/3740067/">thread on Smogon.</a></div>
|j|☆weiweihu
|j|☆RedemptiveSketch
|t:|1757845161
|gametype|singles
|player|p1|weiweihu|cynthia|1495
|player|p2|RedemptiveSketch|alec-anime|1509
|gen|9
|tier|[Gen 9] OU
|rated|
|rule|HP Percentage Mod: HP is shown in percentages
|rule|Endless Battle Clause: Forcing endless battles is banned
|rule|Species Clause: Limit one of each Pokémon
|rule|OHKO Clause: OHKO moves are banned
|rule|Evasion Items Clause: Evasion items are banned
|rule|Evasion Moves Clause: Evasion moves are banned
|rule|Evasion Abilities Clause: Evasion abilities are banned
|rule|Sleep Moves Clause: Sleep-inducing moves are banned
|clearpoke
|poke|p1|Toedscruel, M|
|poke|p1|Skeledirge, F|
|poke|p1|Tyranitar, F|
|poke|p1|Ninetales-Alola, F|
|poke|p1|Ogerpon, F|
|poke|p1|Hydreigon, M|
|poke|p2|Golem-Alola, F|
|poke|p2|Forretress, M|
|poke|p2|Landorus-Therian, M|
|poke|p2|Hydrapple, F|
|poke|p2|Toxapex, F|
|poke|p2|Dragapult, M|
|teampreview
|inactive|Battle timer is ON: inactive players will automatically lose when time's up. (requested by RedemptiveSketch)
|
|t:|1757845176
|teamsize|p1|6
|teamsize|p2|6
|start
|switch|p1a: Ogerpon|Ogerpon, F|100/100
|switch|p2a: GBF|Golem-Alola, F|100/100
|turn|1
|
|t:|1757845184
|move|p1a: Ogerpon|U-turn|p2a: GBF
|-damage|p2a: GBF|70/100
|
|t:|1757845190
|switch|p1a: Toedscruel|Toedscruel, M, shiny|100/100|[from] U-turn
|move|p2a: GBF|Stone Edge|p1a: Toedscruel
|-resisted|p1a: Toedscruel
|-damage|p1a: Toedscruel|45/100
|
|upkeep
|turn|2
|
|t:|1757845200
|switch|p2a: BANDO STONE|Landorus-Therian, M|100/100
|-ability|p2a: BANDO STONE|Intimidate|boost
|-unboost|p1a: Toedscruel|atk|1
|move|p1a: Toedscruel|Leaf Storm|p2a: BANDO STONE
|-damage|p2a: BANDO STONE|48/100
|-unboost|p1a: Toedscruel|spa|2
|
|upkeep
|turn|3
|
|t:|1757845206
|switch|p1a: Ninetales|Ninetales-Alola, F, shiny|100/100
|-weather|Snowscape|[from] ability: Snow Warning|[of] p1a: Ninetales
|move|p2a: BANDO STONE|U-turn|p1a: Ninetales
|-resisted|p1a: Ninetales
|-damage|p1a: Ninetales|90/100
|
|t:|1757845209
|switch|p2a: GBF|Golem-Alola, F|70/100|[from] U-turn
|
|-weather|Snowscape|[upkeep]
|upkeep
|turn|4
|
|t:|1757845214
|move|p1a: Ninetales|Aurora Veil|p1a: Ninetales
|-sidestart|p1: weiweihu|move: Aurora Veil
|move|p2a: GBF|Stone Edge|p1a: Ninetales
|-supereffective|p1a: Ninetales
|-damage|p1a: Ninetales|13/100
|
|-weather|Snowscape|[upkeep]
|upkeep
|turn|5
|
|t:|1757845239
|switch|p2a: AZ CHIKE|Forretress, M|100/100
|move|p1a: Ninetales|Freeze-Dry|p2a: AZ CHIKE
|-resisted|p2a: AZ CHIKE
|-damage|p2a: AZ CHIKE|82/100
|
|-weather|Snowscape|[upkeep]
|upkeep
|turn|6
|
|t:|1757845245
|switch|p1a: Tyranitar|Tyranitar, F, shiny|100/100
|-weather|Sandstorm|[from] ability: Sand Stream|[of] p1a: Tyranitar
|move|p2a: AZ CHIKE|Spikes|p1a: Tyranitar
|-sidestart|p1: weiweihu|Spikes
|
|-weather|Sandstorm|[upkeep]
|upkeep
|turn|7
|
|t:|1757845251
|-terastallize|p1a: Tyranitar|Rock
|move|p1a: Tyranitar|Dragon Dance|p1a: Tyranitar
|-boost|p1a: Tyranitar|atk|1
|-boost|p1a: Tyranitar|spe|1
|move|p2a: AZ CHIKE|Body Press|p1a: Tyranitar
|-supereffective|p1a: Tyranitar
|-damage|p1a: Tyranitar|75/100
|-enditem|p1a: Tyranitar|Weakness Policy
|-boost|p1a: Tyranitar|atk|2|[from] item: Weakness Policy
|-boost|p1a: Tyranitar|spa|2|[from] item: Weakness Policy
|
|-weather|Sandstorm|[upkeep]
|upkeep
|turn|8
|
|t:|1757845258
|move|p1a: Tyranitar|Dragon Dance|p1a: Tyranitar
|-boost|p1a: Tyranitar|atk|1
|-boost|p1a: Tyranitar|spe|1
|move|p2a: AZ CHIKE|Body Press|p1a: Tyranitar
|-supereffective|p1a: Tyranitar
|-damage|p1a: Tyranitar|46/100
|
|-weather|Sandstorm|[upkeep]
|upkeep
|turn|9
|
|t:|1757845266
|move|p1a: Tyranitar|Knock Off|p2a: AZ CHIKE
|-damage|p2a: AZ CHIKE|0 fnt
|-damage|p1a: Tyranitar|30/100|[from] item: Rocky Helmet|[of] p2a: AZ CHIKE
|-enditem|p2a: AZ CHIKE|Rocky Helmet|[from] move: Knock Off|[of] p1a: Tyranitar
|faint|p2a: AZ CHIKE
|
|-weather|Sandstorm|[upkeep]
|upkeep
|
|t:|1757845273
|switch|p2a: FULLSTOPACT|Toxapex, F|100/100
|turn|10
|
|t:|1757845277
|-terastallize|p2a: FULLSTOPACT|Steel
|move|p1a: Tyranitar|Knock Off|p2a: FULLSTOPACT
|-damage|p2a: FULLSTOPACT|7/100
|-enditem|p2a: FULLSTOPACT|Leftovers|[from] move: Knock Off|[of] p1a: Tyranitar
|move|p2a: FULLSTOPACT|Haze|p2a: FULLSTOPACT
|-clearallboost
|
|-weather|none
|upkeep
|turn|11
|
|t:|1757845285
|switch|p2a: BANDO STONE|Landorus-Therian, M|48/100
|-ability|p2a: BANDO STONE|Intimidate|boost
|-unboost|p1a: Tyranitar|atk|1
|move|p1a: Tyranitar|Knock Off|p2a: BANDO STONE
|-damage|p2a: BANDO STONE|7/100
|-enditem|p2a: BANDO STONE|Soft Sand|[from] move: Knock Off|[of] p1a: Tyranitar
|
|-sideend|p1: weiweihu|move: Aurora Veil
|upkeep
|turn|12
|
|t:|1757845290
|move|p2a: BANDO STONE|Earthquake|p1a: Tyranitar
|-supereffective|p1a: Tyranitar
|-damage|p1a: Tyranitar|0 fnt
|faint|p1a: Tyranitar
|
|upkeep
|
|t:|1757845294
|switch|p1a: Ogerpon|Ogerpon, F|100/100
|-damage|p1a: Ogerpon|88/100|[from] Spikes
|turn|13
|
|t:|1757845301
|switch|p2a: FULLSTOPACT|Toxapex, F, tera:Steel|41/100
|move|p1a: Ogerpon|U-turn|p2a: FULLSTOPACT
|-resisted|p2a: FULLSTOPACT
|-damage|p2a: FULLSTOPACT|29/100
|
|t:|1757845305
|switch|p1a: Toedscruel|Toedscruel, M, shiny|45/100|[from] U-turn
|-damage|p1a: Toedscruel|32/100|[from] Spikes
|
|upkeep
|turn|14
|
|t:|1757845310
|switch|p2a: KAWHI LEANORD|Hydrapple, F|100/100
|move|p1a: Toedscruel|Rapid Spin|p2a: KAWHI LEANORD
|-damage|p2a: KAWHI LEANORD|95/100
|-boost|p1a: Toedscruel|spe|1
|-sideend|p1: weiweihu|Spikes|[from] move: Rapid Spin|[of] p1a: Toedscruel
|
|upkeep
|turn|15
|
|t:|1757845321
|move|p1a: Toedscruel|Earth Power|p2a: KAWHI LEANORD
|-resisted|p2a: KAWHI LEANORD
|-damage|p2a: KAWHI LEANORD|85/100
|move|p2a: KAWHI LEANORD|Fickle Beam|p1a: Toedscruel
|-damage|p1a: Toedscruel|0 fnt
|faint|p1a: Toedscruel
|
|upkeep
|
|t:|1757845324
|switch|p1a: Ninetales|Ninetales-Alola, F, shiny|13/100
|-weather|Snowscape|[from] ability: Snow Warning|[of] p1a: Ninetales
|turn|16
|
|t:|1757845330
|move|p1a: Ninetales|Freeze-Dry|p2a: KAWHI LEANORD
|-supereffective|p2a: KAWHI LEANORD
|-damage|p2a: KAWHI LEANORD|18/100
|move|p2a: KAWHI LEANORD|Earth Power|p1a: Ninetales
|-damage|p1a: Ninetales|0 fnt
|faint|p1a: Ninetales
|
|-weather|Snowscape|[upkeep]
|upkeep
|
|t:|1757845338
|switch|p1a: Ogerpon|Ogerpon, F|88/100
|turn|17
|
|t:|1757845342
|switch|p2a: BANDO STONE|Landorus-Therian, M|7/100
|-ability|p2a: BANDO STONE|Intimidate|boost
|-unboost|p1a: Ogerpon|atk|1
|-ability|p1a: Ogerpon|Defiant|boost
|-boost|p1a: Ogerpon|atk|2
|move|p1a: Ogerpon|U-turn|p2a: BANDO STONE
|-resisted|p2a: BANDO STONE
|-damage|p2a: BANDO STONE|0 fnt
|faint|p2a: BANDO STONE
|
|t:|1757845348
|switch|p1a: Hydreigon|Hydreigon, M, shiny|100/100|[from] U-turn
|
|-weather|Snowscape|[upkeep]
|upkeep
|
|t:|1757845360
|switch|p2a: THE RULER’S BACK|Dragapult, M|100/100
|turn|18
|
|t:|1757845366
|move|p2a: THE RULER’S BACK|Dragon Darts|p1a: Hydreigon
|-supereffective|p1a: Hydreigon
|-damage|p1a: Hydreigon|46/100
|-enditem|p1a: Hydreigon|Sitrus Berry|[eat]
|-heal|p1a: Hydreigon|71/100|[from] item: Sitrus Berry
|-anim|p2a: THE RULER’S BACK|Dragon Darts|p1a: Hydreigon
|-supereffective|p1a: Hydreigon
|-crit|p1a: Hydreigon
|-damage|p1a: Hydreigon|0 fnt
|faint|p1a: Hydreigon
|
|-weather|Snowscape|[upkeep]
|upkeep
|
|t:|1757845390
|switch|p1a: Ogerpon|Ogerpon, F|88/100
|turn|19
|
|t:|1757845405
|move|p2a: THE RULER’S BACK|Dragon Darts|p1a: Ogerpon
|-damage|p1a: Ogerpon|54/100
|-anim|p2a: THE RULER’S BACK|Dragon Darts|p1a: Ogerpon
|-damage|p1a: Ogerpon|18/100
|move|p1a: Ogerpon|Knock Off|p2a: THE RULER’S BACK
|-supereffective|p2a: THE RULER’S BACK
|-damage|p2a: THE RULER’S BACK|0 fnt
|-enditem|p2a: THE RULER’S BACK|Leftovers|[from] move: Knock Off|[of] p1a: Ogerpon
|faint|p2a: THE RULER’S BACK
|
|-weather|Snowscape|[upkeep]
|upkeep
|
|t:|1757845428
|switch|p2a: KAWHI LEANORD|Hydrapple, F|52/100
|turn|20
|
|t:|1757845432
|move|p1a: Ogerpon|Knock Off|p2a: KAWHI LEANORD
|-damage|p2a: KAWHI LEANORD|15/100
|-enditem|p2a: KAWHI LEANORD|Assault Vest|[from] move: Knock Off|[of] p1a: Ogerpon
|move|p2a: KAWHI LEANORD|Earth Power|p1a: Ogerpon
|-resisted|p1a: Ogerpon
|-damage|p1a: Ogerpon|0 fnt
|faint|p1a: Ogerpon
|
|-weather|none
|upkeep
|
|t:|1757845435
|switch|p1a: Skeledirge|Skeledirge, F, shiny|100/100
|turn|21
|
|t:|1757845440
|move|p1a: Skeledirge|Fire Spin|p2a: KAWHI LEANORD|[miss]
|-miss|p1a: Skeledirge|p2a: KAWHI LEANORD
|move|p2a: KAWHI LEANORD|Earth Power|p1a: Skeledirge
|-supereffective|p1a: Skeledirge
|-damage|p1a: Skeledirge|37/100
|
|upkeep
|turn|22
|
|t:|1757845443
|move|p1a: Skeledirge|Fire Spin|p2a: KAWHI LEANORD
|-damage|p2a: KAWHI LEANORD|1/100
|-activate|p2a: KAWHI LEANORD|move: Fire Spin|[of] p1a: Skeledirge
|move|p2a: KAWHI LEANORD|Earth Power|p1a: Skeledirge
|-supereffective|p1a: Skeledirge
|-damage|p1a: Skeledirge|0 fnt
|faint|p1a: Skeledirge
|
|win|RedemptiveSketch
|raw|weiweihu's rating: 1495 &rarr; <strong>1476</strong><br />(-19 for losing)
|raw|RedemptiveSketch's rating: 1509 &rarr; <strong>1528</strong><br />(+19 for winning)
|l|☆RedemptiveSketch
|player|p2|
|l|☆weiweihu
|player|p1|
