|j|☆Kiseijou
|j|☆bonekiller001
|t:|1757875115
|gametype|singles
|player|p1|Kiseijou|hilda-masters|1344
|player|p2|bonekiller001|101|1422
|gen|9
|tier|[Gen 9] OU
|rated|
|rule|HP Percentage Mod: HP is shown in percentages
|rule|Endless Battle Clause: Forcing endless battles is banned
|rule|Species Clause: Limit one of each Pokémon
|rule|OHKO Clause: OHKO moves are banned
|rule|Evasion Items Clause: Evasion items are banned
|rule|Evasion Moves Clause: Evasion moves are banned
|rule|Evasion Abilities Clause: Evasion abilities are banned
|rule|Sleep Moves Clause: Sleep-inducing moves are banned
|clearpoke
|poke|p1|Ogerpon-Wellspring, F|
|poke|p1|Kingambit, M|
|poke|p1|Landorus-Therian, M|
|poke|p1|Glimmora, F|
|poke|p1|Dragapult, M|
|poke|p1|Iron Valiant|
|poke|p2|Great Tusk|
|poke|p2|Heatran, M|
|poke|p2|Weavile, M|
|poke|p2|Primarina, M|
|poke|p2|Ogerpon, F|
|poke|p2|Pecharunt|
|teampreview
|
|t:|1757875149
|teamsize|p1|6
|teamsize|p2|6
|start
|switch|p1a: Glimmora|Glimmora, F|100/100
|switch|p2a: Celestine|Primarina, M, shiny|100/100
|turn|1
|
|t:|1757875160
|switch|p1a: Ogerpon|Ogerpon-Wellspring, F|100/100
|move|p2a: Celestine|Flip Turn|p1a: Ogerpon
|-immune|p1a: Ogerpon|[from] ability: Water Absorb
|
|upkeep
|turn|2
|
|t:|1757875169
|switch|p2a: Overseer|Pecharunt|100/100
|move|p1a: Ogerpon|Horn Leech|p2a: Overseer
|-resisted|p2a: Overseer
|-damage|p2a: Overseer|91/100
|-damage|p1a: Ogerpon|84/100|[from] item: Rocky Helmet|[of] p2a: Overseer
|
|upkeep
|turn|3
|
|t:|1757875178
|switch|p1a: Glimmora|Glimmora, F|100/100
|move|p2a: Overseer|Parting Shot|p1a: Glimmora
|-unboost|p1a: Glimmora|atk|1
|-unboost|p1a: Glimmora|spa|1
|
|t:|1757875214
|switch|p2a: Bandit|Weavile, M, shiny|100/100|[from] Parting Shot
|-ability|p2a: Bandit|Pressure
|
|upkeep
|turn|4
|
|t:|1757875227
|move|p2a: Bandit|Triple Axel|p1a: Glimmora
|-damage|p1a: Glimmora|82/100
|-activate|p1a: Glimmora|ability: Toxic Debris
|-sidestart|p2: bonekiller001|move: Toxic Spikes
|-damage|p1a: Glimmora|45/100
|-activate|p1a: Glimmora|ability: Toxic Debris
|-sidestart|p2: bonekiller001|move: Toxic Spikes
|-damage|p1a: Glimmora|0 fnt
|faint|p1a: Glimmora
|-hitcount|p1: Glimmora|3
|
|upkeep
|
|t:|1757875237
|switch|p1a: Landorus|Landorus-Therian, M|100/100
|-ability|p1a: Landorus|Intimidate|boost
|-unboost|p2a: Bandit|atk|1
|turn|5
|inactive|Battle timer is ON: inactive players will automatically lose when time's up. (requested by bonekiller001)
|
|t:|1757875258
|switch|p2a: Chaos|Heatran, M, shiny|100/100
|-item|p2a: Chaos|Air Balloon
|switch|p1a: Kingambit|Kingambit, M|100/100
|-activate|p1a: Kingambit|ability: Supreme Overlord
|-start|p1a: Kingambit|fallen1|[silent]
|
|upkeep
|turn|6
|
|t:|1757875264
|-end|p1a: Kingambit|fallen1|[silent]
|switch|p1a: Ogerpon|Ogerpon-Wellspring, F|84/100
|move|p2a: Chaos|Magma Storm|p1a: Ogerpon
|-damage|p1a: Ogerpon|23/100
|-activate|p1a: Ogerpon|move: Magma Storm|[of] p2a: Chaos
|
|-damage|p1a: Ogerpon|11/100|[from] move: Magma Storm|[partiallytrapped]
|upkeep
|turn|7
|
|t:|1757875272
|switch|p2a: Overseer|Pecharunt|91/100
|-sideend|p2: bonekiller001|move: Toxic Spikes|[of] p2a: Overseer
|move|p1a: Ogerpon|Ivy Cudgel|p2a: Overseer|[anim] Ivy Cudgel Water
|-damage|p2a: Overseer|63/100
|
|-end|p1a: Ogerpon|Magma Storm|[partiallytrapped]|[silent]
|upkeep
|turn|8
|
|t:|1757875282
|switch|p1a: Landorus|Landorus-Therian, M|100/100
|-ability|p1a: Landorus|Intimidate|boost
|-unboost|p2a: Overseer|atk|1
|move|p2a: Overseer|Parting Shot|p1a: Landorus
|-unboost|p1a: Landorus|atk|1
|-unboost|p1a: Landorus|spa|1
|
|t:|1757875304
|switch|p2a: Celestine|Primarina, M, shiny|100/100|[from] Parting Shot
|
|upkeep
|turn|9
|
|t:|1757875315
|move|p1a: Landorus|Stealth Rock|p2a: Celestine
|-sidestart|p2: bonekiller001|move: Stealth Rock
|move|p2a: Celestine|Moonblast|p1a: Landorus
|-damage|p1a: Landorus|47/100
|
|upkeep
|turn|10
|
|t:|1757875332
|move|p1a: Landorus|Earthquake|p2a: Celestine
|-damage|p2a: Celestine|63/100
|move|p2a: Celestine|Flip Turn|p1a: Landorus
|-supereffective|p1a: Landorus
|-damage|p1a: Landorus|19/100
|-damage|p2a: Celestine|47/100|[from] item: Rocky Helmet|[of] p1a: Landorus
|inactive|bonekiller001 has 120 seconds left.
|
|t:|1757875355
|switch|p2a: Anonymous|Ogerpon, F|100/100|[from] Flip Turn
|-damage|p2a: Anonymous|88/100|[from] Stealth Rock
|
|upkeep
|turn|11
|inactive|bonekiller001 has 90 seconds left.
|
|t:|1757875389
|move|p2a: Anonymous|Knock Off|p1a: Landorus
|-damage|p1a: Landorus|0 fnt
|-damage|p2a: Anonymous|72/100|[from] item: Rocky Helmet|[of] p1a: Landorus
|-enditem|p1a: Landorus|Rocky Helmet|[from] move: Knock Off|[of] p2a: Anonymous
|faint|p1a: Landorus
|
|upkeep
|
|t:|1757875408
|switch|p1a: Dragapult|Dragapult, M|100/100
|turn|12
|inactive|bonekiller001 has 90 seconds left.
|
|t:|1757875426
|switch|p2a: Celestine|Primarina, M, shiny|47/100
|-damage|p2a: Celestine|34/100|[from] Stealth Rock
|move|p1a: Dragapult|U-turn|p2a: Celestine
|-resisted|p2a: Celestine
|-damage|p2a: Celestine|24/100
|
|t:|1757875430
|switch|p1a: Ogerpon|Ogerpon-Wellspring, F|11/100|[from] U-turn
|
|upkeep
|turn|13
|
|t:|1757875440
|switch|p2a: Overseer|Pecharunt|63/100
|-damage|p2a: Overseer|50/100|[from] Stealth Rock
|move|p1a: Ogerpon|Ivy Cudgel|p2a: Overseer|[anim] Ivy Cudgel Water
|-damage|p2a: Overseer|22/100
|
|upkeep
|turn|14
|
|t:|1757875443
|move|p1a: Ogerpon|Ivy Cudgel|p2a: Overseer|[anim] Ivy Cudgel Water
|-damage|p2a: Overseer|0 fnt
|faint|p2a: Overseer
|
|upkeep
|inactive|bonekiller001 has 90 seconds left.
|inactive|bonekiller001 has 60 seconds left.
|
|t:|1757875518
|switch|p2a: Bandit|Weavile, M, shiny|100/100
|-damage|p2a: Bandit|76/100|[from] Stealth Rock
|-ability|p2a: Bandit|Pressure
|turn|15
|
|t:|1757875540
|move|p2a: Bandit|Knock Off|p1a: Ogerpon
|-damage|p1a: Ogerpon|0 fnt
|faint|p1a: Ogerpon
|
|upkeep
|
|t:|1757875542
|switch|p1a: Dragapult|Dragapult, M|100/100
|turn|16
|inactive|bonekiller001 has 30 seconds left.
|
|t:|1757875569
|move|p1a: Dragapult|U-turn|p2a: Bandit
|-supereffective|p2a: Bandit
|-damage|p2a: Bandit|12/100
|
|t:|1757875572
|switch|p1a: Kingambit|Kingambit, M|100/100|[from] U-turn
|-activate|p1a: Kingambit|ability: Supreme Overlord
|-start|p1a: Kingambit|fallen3|[silent]
|move|p2a: Bandit|Knock Off|p1a: Kingambit
|-resisted|p1a: Kingambit
|-damage|p1a: Kingambit|74/100
|-enditem|p1a: Kingambit|Leftovers|[from] move: Knock Off|[of] p2a: Bandit
|
|upkeep
|turn|17
|
|t:|1757875581
|switch|p2a: Chaos|Heatran, M, shiny|100/100
|-damage|p2a: Chaos|88/100|[from] Stealth Rock
|-item|p2a: Chaos|Air Balloon
|move|p1a: Kingambit|Swords Dance|p1a: Kingambit
|-boost|p1a: Kingambit|atk|2
|
|upkeep
|turn|18
|
|t:|1757875590
|-terastallize|p2a: Chaos|Fairy
|move|p1a: Kingambit|Sucker Punch|p2a: Chaos
|-resisted|p2a: Chaos
|-damage|p2a: Chaos|35/100
|-enditem|p2a: Chaos|Air Balloon
|move|p2a: Chaos|Magma Storm|p1a: Kingambit
|-supereffective|p1a: Kingambit
|-damage|p1a: Kingambit|0 fnt
|faint|p1a: Kingambit
|-end|p1a: Kingambit|fallen3|[silent]
|
|upkeep
|
|t:|1757875595
|switch|p1a: Dragapult|Dragapult, M|100/100
|turn|19
|
|t:|1757875600
|move|p1a: Dragapult|Shadow Ball|p2a: Chaos
|-damage|p2a: Chaos|0 fnt
|faint|p2a: Chaos
|
|upkeep
|inactive|bonekiller001 has 30 seconds left.
|
|t:|1757875633
|switch|p2a: Bandit|Weavile, M, shiny|12/100
|-damage|p2a: Bandit|0 fnt|[from] Stealth Rock
|faint|p2a: Bandit
|inactive|bonekiller001 has 30 seconds left.
|
|t:|1757875641
|switch|p2a: Behemoth|Great Tusk, shiny|100/100
|turn|20
|inactive|bonekiller001 has 30 seconds left.
|
|t:|1757875655
|-terastallize|p1a: Dragapult|Ghost
|move|p1a: Dragapult|Shadow Ball|p2a: Behemoth
|-damage|p2a: Behemoth|0 fnt
|faint|p2a: Behemoth
|-end|p2a: Behemoth|Protosynthesis|[silent]
|
|upkeep
|inactive|bonekiller001 has 30 seconds left.
|
|t:|1757875660
|switch|p2a: Celestine|Primarina, M, shiny|24/100
|-damage|p2a: Celestine|12/100|[from] Stealth Rock
|turn|21
|
|t:|1757875663
|move|p1a: Dragapult|Shadow Ball|p2a: Celestine
|-damage|p2a: Celestine|0 fnt
|faint|p2a: Celestine
|
|upkeep
|
|t:|1757875665
|switch|p2a: Anonymous|Ogerpon, F|72/100
|-damage|p2a: Anonymous|59/100|[from] Stealth Rock
|turn|22
|
|t:|1757875667
|move|p1a: Dragapult|Shadow Ball|p2a: Anonymous
|-damage|p2a: Anonymous|0 fnt
|faint|p2a: Anonymous
|
|win|Kiseijou
|raw|Kiseijou's rating: 1344 &rarr; <strong>1368</strong><br />(+24 for winning)
|raw|bonekiller001's rating: 1422 &rarr; <strong>1398</strong><br />(-24 for losing)
|c|☆Kiseijou|gg
|c|☆bonekiller001|gg
|l|☆bonekiller001
|player|p2|
