|j|☆ollybomb
|j|☆gamebattle$
|t:|1757823969
|gametype|singles
|player|p1|ollybomb|cress|1587
|player|p2|gamebattle$|shadowtriad|1638
|gen|9
|tier|[Gen 9] OU
|rated|
|rule|HP Percentage Mod: HP is shown in percentages
|rule|Endless Battle Clause: Forcing endless battles is banned
|rule|Species Clause: Limit one of each Pokémon
|rule|OHKO Clause: OHKO moves are banned
|rule|Evasion Items Clause: Evasion items are banned
|rule|Evasion Moves Clause: Evasion moves are banned
|rule|Evasion Abilities Clause: Evasion abilities are banned
|rule|Sleep Moves Clause: Sleep-inducing moves are banned
|clearpoke
|poke|p1|Ribombee, F|
|poke|p1|Gholdengo|
|poke|p1|Landorus-Therian, M|
|poke|p1|Manaphy|
|poke|p1|Iron Valiant|
|poke|p1|Iron Moth|
|poke|p2|Deoxys-Speed|
|poke|p2|Dragonite, F|
|poke|p2|Glimmora, M|
|poke|p2|Great Tusk|
|poke|p2|Iron Valiant|
|poke|p2|Kingambit, M|
|teampreview
|
|t:|1757824008
|teamsize|p1|6
|teamsize|p2|6
|start
|switch|p1a: Landorus|Landorus-Therian, M|100/100
|switch|p2a: Deoxys|Deoxys-Speed|100/100
|-ability|p2a: Deoxys|Pressure
|-ability|p1a: Landorus|Intimidate|boost
|-unboost|p2a: Deoxys|atk|1
|turn|1
|j| wgw2333
|
|t:|1757824057
|switch|p1a: Manaphy|Manaphy|100/100
|move|p2a: Deoxys|Reflect|p2a: Deoxys
|-sidestart|p2: gamebattle$|Reflect
|
|upkeep
|turn|2
|
|t:|1757824061
|move|p2a: Deoxys|Light Screen|p2a: Deoxys
|-sidestart|p2: gamebattle$|move: Light Screen
|move|p1a: Manaphy|Tail Glow|p1a: Manaphy
|-boost|p1a: Manaphy|spa|3
|
|upkeep
|turn|3
|inactive|Battle timer is ON: inactive players will automatically lose when time's up. (requested by ollybomb)
|
|t:|1757824076
|move|p2a: Deoxys|Psycho Boost|p1a: Manaphy
|-damage|p1a: Manaphy|57/100
|-unboost|p2a: Deoxys|spa|2
|move|p1a: Manaphy|Tail Glow|p1a: Manaphy
|-boost|p1a: Manaphy|spa|3
|
|-heal|p1a: Manaphy|64/100|[from] item: Leftovers
|upkeep
|turn|4
|
|t:|1757824095
|move|p2a: Deoxys|Psycho Boost|p1a: Manaphy
|-damage|p1a: Manaphy|40/100
|-unboost|p2a: Deoxys|spa|2
|move|p1a: Manaphy|Surf|p2a: Deoxys
|-damage|p2a: Deoxys|12/100
|
|-heal|p1a: Manaphy|46/100|[from] item: Leftovers
|upkeep
|turn|5
|
|t:|1757824106
|move|p2a: Deoxys|Psycho Boost|p1a: Manaphy
|-damage|p1a: Manaphy|30/100
|-unboost|p2a: Deoxys|spa|2
|move|p1a: Manaphy|Surf|p2a: Deoxys
|-damage|p2a: Deoxys|0 fnt
|faint|p2a: Deoxys
|
|-heal|p1a: Manaphy|36/100|[from] item: Leftovers
|upkeep
|
|t:|1757824113
|switch|p2a: Iron Valiant|Iron Valiant, shiny|100/100
|-enditem|p2a: Iron Valiant|Booster Energy
|-activate|p2a: Iron Valiant|ability: Quark Drive|[fromitem]
|-start|p2a: Iron Valiant|quarkdrivespe
|turn|6
|
|t:|1757824115
|move|p2a: Iron Valiant|Moonblast|p1a: Manaphy
|-damage|p1a: Manaphy|0 fnt
|faint|p1a: Manaphy
|
|upkeep
|inactive|ollybomb has 120 seconds left.
|inactive|ollybomb has 90 seconds left.
|
|t:|1757824176
|switch|p1a: Gholdengo|Gholdengo|100/100
|-item|p1a: Gholdengo|Air Balloon
|turn|7
|
|t:|1757824183
|move|p2a: Iron Valiant|Knock Off|p1a: Gholdengo
|-supereffective|p1a: Gholdengo
|-damage|p1a: Gholdengo|35/100
|-enditem|p1a: Gholdengo|Air Balloon
|move|p1a: Gholdengo|Make It Rain|p2a: Iron Valiant
|-supereffective|p2a: Iron Valiant
|-damage|p2a: Iron Valiant|0 fnt
|-unboost|p1a: Gholdengo|spa|1
|faint|p2a: Iron Valiant
|-end|p2a: Iron Valiant|Quark Drive|[silent]
|
|upkeep
|
|t:|1757824196
|switch|p2a: Glimmora|Glimmora, M, shiny|100/100
|turn|8
|
|t:|1757824210
|move|p2a: Glimmora|Meteor Beam||[still]
|-prepare|p2a: Glimmora|Meteor Beam
|-boost|p2a: Glimmora|spa|1
|-enditem|p2a: Glimmora|Power Herb
|-anim|p2a: Glimmora|Meteor Beam|p1a: Gholdengo
|-resisted|p1a: Gholdengo
|-damage|p1a: Gholdengo|0 fnt
|faint|p1a: Gholdengo
|
|-sideend|p2: gamebattle$|Reflect
|upkeep
|
|t:|1757824229
|switch|p1a: Landorus|Landorus-Therian, M|100/100
|-ability|p1a: Landorus|Intimidate|boost
|-unboost|p2a: Glimmora|atk|1
|turn|9
|
|t:|1757824260
|switch|p2a: Great Tusk|Great Tusk, shiny|100/100
|-enditem|p2a: Great Tusk|Booster Energy
|-activate|p2a: Great Tusk|ability: Protosynthesis|[fromitem]
|-start|p2a: Great Tusk|protosynthesisspe
|move|p1a: Landorus|Earthquake|p2a: Great Tusk
|-damage|p2a: Great Tusk|55/100
|
|-sideend|p2: gamebattle$|move: Light Screen
|upkeep
|turn|10
|inactive|ollybomb has 90 seconds left.
|inactive|ollybomb has 60 seconds left.
|l| wgw2333
|
|t:|1757824313
|move|p2a: Great Tusk|Bulk Up|p2a: Great Tusk
|-boost|p2a: Great Tusk|atk|1
|-boost|p2a: Great Tusk|def|1
|move|p1a: Landorus|Earthquake|p2a: Great Tusk
|-damage|p2a: Great Tusk|28/100
|
|upkeep
|turn|11
|
|t:|1757824321
|switch|p1a: Iron Valiant|Iron Valiant|100/100
|-enditem|p1a: Iron Valiant|Booster Energy
|-activate|p1a: Iron Valiant|ability: Quark Drive|[fromitem]
|-start|p1a: Iron Valiant|quarkdrivespa
|move|p2a: Great Tusk|Bulk Up|p2a: Great Tusk
|-boost|p2a: Great Tusk|atk|1
|-boost|p2a: Great Tusk|def|1
|
|upkeep
|turn|12
|
|t:|1757824328
|move|p1a: Iron Valiant|Vacuum Wave|p2a: Great Tusk
|-damage|p2a: Great Tusk|0 fnt
|faint|p2a: Great Tusk
|-end|p2a: Great Tusk|Protosynthesis|[silent]
|
|upkeep
|
|t:|1757824330
|switch|p2a: Glimmora|Glimmora, M, shiny|100/100
|turn|13
|
|t:|1757824335
|-end|p1a: Iron Valiant|Quark Drive|[silent]
|switch|p1a: Landorus|Landorus-Therian, M|100/100
|-ability|p1a: Landorus|Intimidate|boost
|-unboost|p2a: Glimmora|atk|1
|move|p2a: Glimmora|Earth Power|p1a: Landorus
|-immune|p1a: Landorus
|
|upkeep
|turn|14
|inactive|ollybomb has 90 seconds left.
|
|t:|1757824341
|switch|p2a: Dragonite|Dragonite, F, shiny|100/100
|move|p1a: Landorus|Earthquake|p2a: Dragonite
|-immune|p2a: Dragonite
|
|upkeep
|turn|15
|
|t:|1757824344
|move|p1a: Landorus|Smack Down|p2a: Dragonite
|-supereffective|p2a: Dragonite
|-damage|p2a: Dragonite|78/100
|-start|p2a: Dragonite|Smack Down
|move|p2a: Dragonite|Dragon Dance|p2a: Dragonite
|-boost|p2a: Dragonite|atk|1
|-boost|p2a: Dragonite|spe|1
|
|-heal|p2a: Dragonite|84/100|[from] item: Leftovers
|upkeep
|turn|16
|inactive|ollybomb has 90 seconds left.
|inactive|gamebattle$ has 120 seconds left.
|
|t:|1757824394
|-terastallize|p2a: Dragonite|Flying
|move|p2a: Dragonite|Tera Blast|p1a: Landorus|[anim] Tera Blast Flying
|-damage|p1a: Landorus|0 fnt
|faint|p1a: Landorus
|
|-heal|p2a: Dragonite|90/100|[from] item: Leftovers
|upkeep
|
|t:|1757824408
|switch|p1a: Ribombee|Ribombee, F|100/100
|turn|17
|
|t:|1757824412
|move|p2a: Dragonite|Tera Blast|p1a: Ribombee|[anim] Tera Blast Flying
|-supereffective|p1a: Ribombee
|-enditem|p1a: Ribombee|Focus Sash
|-damage|p1a: Ribombee|1/100
|move|p1a: Ribombee|Stun Spore|p2a: Dragonite
|-status|p2a: Dragonite|par
|
|-heal|p2a: Dragonite|96/100 par|[from] item: Leftovers
|upkeep
|turn|18
|inactive|gamebattle$ has 120 seconds left.
|
|t:|1757824427
|move|p1a: Ribombee|Moonblast|p2a: Dragonite
|-damage|p2a: Dragonite|54/100 par
|move|p2a: Dragonite|Dragon Dance|p2a: Dragonite
|-boost|p2a: Dragonite|atk|1
|-boost|p2a: Dragonite|spe|1
|
|-heal|p2a: Dragonite|60/100 par|[from] item: Leftovers
|upkeep
|turn|19
|
|t:|1757824431
|move|p1a: Ribombee|Moonblast|p2a: Dragonite
|-damage|p2a: Dragonite|21/100 par
|-unboost|p2a: Dragonite|spa|1
|move|p2a: Dragonite|Roost|p2a: Dragonite
|-heal|p2a: Dragonite|71/100 par
|-hint|If a Terastallized Pokemon uses Roost, it remains Flying-type.
|
|-heal|p2a: Dragonite|77/100 par|[from] item: Leftovers
|upkeep
|turn|20
|
|t:|1757824436
|move|p1a: Ribombee|Psychic Noise|p2a: Dragonite
|-damage|p2a: Dragonite|54/100 par
|-start|p2a: Dragonite|move: Heal Block
|cant|p2a: Dragonite|move: Heal Block|Roost
|
|upkeep
|turn|21
|
|t:|1757824439
|move|p1a: Ribombee|Moonblast|p2a: Dragonite
|-damage|p2a: Dragonite|9/100 par
|move|p2a: Dragonite|Tera Blast|p1a: Ribombee|[anim] Tera Blast Flying
|-supereffective|p1a: Ribombee
|-damage|p1a: Ribombee|0 fnt
|faint|p1a: Ribombee
|
|-end|p2a: Dragonite|move: Heal Block
|upkeep
|
|t:|1757824455
|switch|p1a: Iron Moth|Iron Moth|100/100
|-enditem|p1a: Iron Moth|Booster Energy
|-activate|p1a: Iron Moth|ability: Quark Drive|[fromitem]
|-start|p1a: Iron Moth|quarkdrivespa
|turn|22
|
|t:|1757824457
|move|p1a: Iron Moth|Fiery Dance|p2a: Dragonite
|-damage|p2a: Dragonite|0 fnt
|-boost|p1a: Iron Moth|spa|1
|faint|p2a: Dragonite
|
|upkeep
|
|t:|1757824459
|switch|p2a: Glimmora|Glimmora, M, shiny|100/100
|turn|23
|
|t:|1757824462
|-terastallize|p1a: Iron Moth|Ghost
|move|p1a: Iron Moth|Tera Blast|p2a: Glimmora|[anim] Tera Blast Ghost
|-damage|p2a: Glimmora|0 fnt
|faint|p2a: Glimmora
|
|upkeep
|
|t:|1757824466
|switch|p2a: Kingambit|Kingambit, M|100/100
|-activate|p2a: Kingambit|ability: Supreme Overlord
|-start|p2a: Kingambit|fallen5|[silent]
|turn|24
|
|t:|1757824468
|move|p2a: Kingambit|Sucker Punch||[still]
|-fail|p2a: Kingambit
|move|p1a: Iron Moth|Substitute|p1a: Iron Moth
|-start|p1a: Iron Moth|Substitute
|-damage|p1a: Iron Moth|76/100
|
|upkeep
|turn|25
|-message|gamebattle$ forfeited.
|
|win|ollybomb
|raw|ollybomb's rating: 1587 &rarr; <strong>1610</strong><br />(+23 for winning)
|raw|gamebattle$'s rating: 1638 &rarr; <strong>1615</strong><br />(-23 for losing)
|l|☆gamebattle$
|player|p2|
