|j|☆201254u
|j|‽Madebymarvz5
|t:|1757841713
|gametype|singles
|player|p1|201254u|2|1142
|player|p2|Madebymarvz5|169|1159
|gen|9
|tier|[Gen 9] OU
|rated|
|rule|HP Percentage Mod: HP is shown in percentages
|rule|Endless Battle Clause: Forcing endless battles is banned
|rule|Species Clause: Limit one of each Pokémon
|rule|OHKO Clause: OHKO moves are banned
|rule|Evasion Items Clause: Evasion items are banned
|rule|Evasion Moves Clause: Evasion moves are banned
|rule|Evasion Abilities Clause: Evasion abilities are banned
|rule|Sleep Moves Clause: Sleep-inducing moves are banned
|clearpoke
|poke|p1|Bellibolt, F|
|poke|p1|Porygon-Z|
|poke|p1|Oricorio-Sensu, F|
|poke|p1|Swalot, M|
|poke|p1|Araquanid, F|
|poke|p1|Primeape, F|
|poke|p2|Hoopa-Unbound|
|poke|p2|Slowking-Galar, F|
|poke|p2|Alomomola, F|
|poke|p2|Gliscor, M|
|poke|p2|Corviknight, F|
|poke|p2|Volcanion|
|teampreview
|inactive|Battle timer is ON: inactive players will automatically lose when time's up. (requested by 201254u)
|
|t:|1757841741
|teamsize|p1|6
|teamsize|p2|6
|start
|switch|p1a: Swalot|Swalot, M, shiny|100/100
|switch|p2a: Slowking|Slowking-Galar, F|100/100
|turn|1
|
|t:|1757841747
|move|p1a: Swalot|Knock Off|p2a: Slowking
|-supereffective|p2a: Slowking
|-damage|p2a: Slowking|65/100
|-enditem|p2a: Slowking|Leftovers|[from] move: Knock Off|[of] p1a: Swalot
|move|p2a: Slowking|Future Sight|p1a: Swalot
|-start|p2a: Slowking|move: Future Sight
|
|-damage|p1a: Swalot|88/100|[from] item: Sticky Barb
|upkeep
|turn|2
|
|t:|1757841757
|move|p1a: Swalot|Thunder Wave|p2a: Slowking
|-status|p2a: Slowking|par
|move|p2a: Slowking|Thunder Wave|p1a: Swalot
|-status|p1a: Swalot|par
|
|-damage|p1a: Swalot|76/100 par|[from] item: Sticky Barb
|upkeep
|turn|3
|
|t:|1757841771
|move|p1a: Swalot|Stockpile|p1a: Swalot
|-start|p1a: Swalot|stockpile1
|-boost|p1a: Swalot|def|1
|-boost|p1a: Swalot|spd|1
|move|p2a: Slowking|Sludge Wave|p1a: Swalot
|-resisted|p1a: Swalot
|-damage|p1a: Swalot|65/100 par
|
|-end|p1a: Swalot|move: Future Sight
|-supereffective|p1a: Swalot
|-damage|p1a: Swalot|9/100 par
|-damage|p1a: Swalot|0 fnt|[from] item: Sticky Barb
|faint|p1a: Swalot
|upkeep
|
|t:|1757841779
|switch|p1a: Araquanid|Araquanid, F|100/100
|turn|4
|
|t:|1757841790
|move|p1a: Araquanid|Sticky Web|p2a: Slowking
|-sidestart|p2: Madebymarvz5|move: Sticky Web
|move|p2a: Slowking|Toxic|p1a: Araquanid
|-status|p1a: Araquanid|tox
|
|-damage|p1a: Araquanid|94/100 tox|[from] psn
|upkeep
|turn|5
|
|t:|1757841798
|switch|p1a: Porygon-Z|Porygon-Z, shiny|100/100
|move|p2a: Slowking|Future Sight|p1a: Porygon-Z
|-start|p2a: Slowking|move: Future Sight
|
|upkeep
|turn|6
|
|t:|1757841804
|switch|p2a: Corviknight|Corviknight, F|100/100
|move|p1a: Porygon-Z|Nasty Plot|p1a: Porygon-Z
|-boost|p1a: Porygon-Z|spa|2
|
|upkeep
|turn|7
|
|t:|1757841816
|move|p1a: Porygon-Z|Nasty Plot|p1a: Porygon-Z
|-boost|p1a: Porygon-Z|spa|2
|move|p2a: Corviknight|Defog|p1a: Porygon-Z
|-unboost|p1a: Porygon-Z|evasion|1
|-sideend|p2: Madebymarvz5|Sticky Web|[from] move: Defog|[of] p2a: Corviknight
|
|-end|p1a: Porygon-Z|move: Future Sight
|-damage|p1a: Porygon-Z|46/100
|upkeep
|turn|8
|
|t:|1757841823
|-terastallize|p1a: Porygon-Z|Normal
|move|p1a: Porygon-Z|Uproar|p2a: Corviknight
|-resisted|p2a: Corviknight
|-damage|p2a: Corviknight|0 fnt
|-start|p1a: Porygon-Z|Uproar
|faint|p2a: Corviknight
|-enditem|p1a: Porygon-Z|Throat Spray
|-boost|p1a: Porygon-Z|spa|1|[from] item: Throat Spray
|
|-start|p1a: Porygon-Z|Uproar|[upkeep]
|upkeep
|
|t:|1757841832
|switch|p2a: Volcanion|Volcanion|100/100
|turn|9
|
|t:|1757841836
|move|p2a: Volcanion|Steam Eruption|p1a: Porygon-Z
|-damage|p1a: Porygon-Z|0 fnt
|faint|p1a: Porygon-Z
|
|upkeep
|
|t:|1757841843
|switch|p1a: Bellibolt|Bellibolt, F, shiny|100/100
|turn|10
|
|t:|1757841850
|switch|p2a: Gliscor|Gliscor, M|100/100
|move|p1a: Bellibolt|Muddy Water|p2a: Gliscor
|-supereffective|p2a: Gliscor
|-damage|p2a: Gliscor|16/100
|
|-status|p2a: Gliscor|tox|[from] item: Toxic Orb
|upkeep
|turn|11
|
|t:|1757841859
|switch|p1a: Oricorio|Oricorio-Sensu, F, shiny|100/100
|move|p2a: Gliscor|U-turn|p1a: Oricorio
|-resisted|p1a: Oricorio
|-damage|p1a: Oricorio|97/100
|-enditem|p1a: Oricorio|Kee Berry|[eat]
|-boost|p1a: Oricorio|def|1|[from] item: Kee Berry
|
|t:|1757841871
|switch|p2a: Volcanion|Volcanion|100/100|[from] U-turn
|
|upkeep
|turn|12
|inactive|Madebymarvz5 has 120 seconds left.
|
|t:|1757841904
|move|p2a: Volcanion|Steam Eruption|p1a: Oricorio
|-damage|p1a: Oricorio|24/100
|move|p1a: Oricorio|Quiver Dance|p1a: Oricorio
|-boost|p1a: Oricorio|spa|1
|-boost|p1a: Oricorio|spd|1
|-boost|p1a: Oricorio|spe|1
|
|upkeep
|turn|13
|
|t:|1757841926
|move|p2a: Volcanion|Steam Eruption|p1a: Oricorio
|-damage|p1a: Oricorio|0 fnt
|faint|p1a: Oricorio
|
|upkeep
|
|t:|1757841930
|switch|p1a: Bellibolt|Bellibolt, F, shiny|100/100
|turn|14
|
|t:|1757841946
|move|p2a: Volcanion|Steam Eruption|p1a: Bellibolt
|-damage|p1a: Bellibolt|66/100
|-start|p1a: Bellibolt|Charge|Steam Eruption|[from] ability: Electromorphosis
|move|p1a: Bellibolt|Parabolic Charge|p2a: Volcanion
|-supereffective|p2a: Volcanion
|-damage|p2a: Volcanion|0 fnt
|-heal|p1a: Bellibolt|100/100|[from] drain|[of] p2a: Volcanion
|faint|p2a: Volcanion
|-end|p1a: Bellibolt|Charge|[silent]
|
|upkeep
|
|t:|1757841955
|switch|p2a: Gliscor|Gliscor, M|16/100 tox
|turn|15
|
|t:|1757841963
|switch|p1a: Araquanid|Araquanid, F|94/100 tox
|move|p2a: Gliscor|Earthquake|p1a: Araquanid
|-resisted|p1a: Araquanid
|-damage|p1a: Araquanid|67/100 tox
|
|-heal|p2a: Gliscor|28/100 tox|[from] ability: Poison Heal
|-damage|p1a: Araquanid|61/100 tox|[from] psn
|upkeep
|turn|16
|
|t:|1757841975
|move|p2a: Gliscor|U-turn|p1a: Araquanid
|-damage|p1a: Araquanid|36/100 tox
|
|t:|1757841989
|switch|p2a: Slowking|Slowking-Galar, F|99/100 par|[from] U-turn
|move|p1a: Araquanid|Sticky Web|p2a: Slowking
|-sidestart|p2: Madebymarvz5|move: Sticky Web
|
|-damage|p1a: Araquanid|24/100 tox|[from] psn
|upkeep
|turn|17
|
|t:|1757841996
|switch|p1a: Bellibolt|Bellibolt, F, shiny|100/100
|move|p2a: Slowking|Future Sight|p1a: Bellibolt
|-start|p2a: Slowking|move: Future Sight
|
|upkeep
|turn|18
|
|t:|1757842010
|move|p1a: Bellibolt|Charge Beam|p2a: Slowking
|-damage|p2a: Slowking|85/100 par
|move|p2a: Slowking|Toxic|p1a: Bellibolt
|-status|p1a: Bellibolt|tox
|
|-damage|p1a: Bellibolt|94/100 tox|[from] psn
|upkeep
|turn|19
|
|t:|1757842019
|move|p1a: Bellibolt|Acid Spray|p2a: Slowking
|-resisted|p2a: Slowking
|-damage|p2a: Slowking|81/100 par
|-unboost|p2a: Slowking|spd|2
|move|p2a: Slowking|Sludge Wave|p1a: Bellibolt
|-damage|p1a: Bellibolt|74/100 tox
|-start|p1a: Bellibolt|Charge|Sludge Wave|[from] ability: Electromorphosis
|
|-end|p1a: Bellibolt|move: Future Sight
|-damage|p1a: Bellibolt|51/100 tox
|-start|p1a: Bellibolt|Charge|Future Sight|[from] ability: Electromorphosis
|-damage|p1a: Bellibolt|39/100 tox|[from] psn
|upkeep
|turn|20
|
|t:|1757842033
|move|p1a: Bellibolt|Parabolic Charge|p2a: Slowking
|-damage|p2a: Slowking|10/100 par
|-heal|p1a: Bellibolt|77/100 tox|[from] drain|[of] p2a: Slowking
|-end|p1a: Bellibolt|Charge|[silent]
|move|p2a: Slowking|Future Sight|p1a: Bellibolt
|-start|p2a: Slowking|move: Future Sight
|
|-damage|p1a: Bellibolt|59/100 tox|[from] psn
|upkeep
|turn|21
|
|t:|1757842042
|switch|p2a: Gliscor|Gliscor, M|28/100 tox
|move|p1a: Bellibolt|Muddy Water|p2a: Gliscor
|-supereffective|p2a: Gliscor
|-damage|p2a: Gliscor|0 fnt
|faint|p2a: Gliscor
|
|-damage|p1a: Bellibolt|35/100 tox|[from] psn
|upkeep
|
|t:|1757842052
|switch|p2a: Alomomola|Alomomola, F|100/100
|-activate|p2a: Alomomola|move: Sticky Web
|-unboost|p2a: Alomomola|spe|1
|turn|22
|
|t:|1757842059
|switch|p2a: Slowking|Slowking-Galar, F|43/100 par
|-activate|p2a: Slowking|move: Sticky Web
|-unboost|p2a: Slowking|spe|1
|move|p1a: Bellibolt|Parabolic Charge|p2a: Slowking
|-damage|p2a: Slowking|26/100 par
|-heal|p1a: Bellibolt|44/100 tox|[from] drain|[of] p2a: Slowking
|
|-end|p1a: Bellibolt|move: Future Sight
|-damage|p1a: Bellibolt|17/100 tox
|-start|p1a: Bellibolt|Charge|Future Sight|[from] ability: Electromorphosis
|-damage|p1a: Bellibolt|0 fnt|[from] psn
|faint|p1a: Bellibolt
|upkeep
|
|t:|1757842063
|switch|p1a: Araquanid|Araquanid, F|24/100 tox
|turn|23
|
|t:|1757842079
|move|p1a: Araquanid|Liquidation|p2a: Slowking
|-damage|p2a: Slowking|0 fnt
|faint|p2a: Slowking
|
|-damage|p1a: Araquanid|17/100 tox|[from] psn
|upkeep
|
|t:|1757842083
|switch|p2a: Alomomola|Alomomola, F|100/100
|-activate|p2a: Alomomola|move: Sticky Web
|-unboost|p2a: Alomomola|spe|1
|turn|24
|
|t:|1757842089
|move|p1a: Araquanid|Liquidation|p2a: Alomomola
|-resisted|p2a: Alomomola
|-damage|p2a: Alomomola|77/100
|-unboost|p2a: Alomomola|def|1
|move|p2a: Alomomola|Zen Headbutt|p1a: Araquanid
|-damage|p1a: Araquanid|0 fnt
|faint|p1a: Araquanid
|
|-heal|p2a: Alomomola|83/100|[from] item: Leftovers
|upkeep
|
|t:|1757842093
|switch|p1a: Primeape|Primeape, F, shiny|100/100
|turn|25
|
|t:|1757842099
|move|p1a: Primeape|Bulk Up|p1a: Primeape
|-boost|p1a: Primeape|atk|1
|-boost|p1a: Primeape|def|1
|move|p2a: Alomomola|Wish|p2a: Alomomola
|
|-heal|p2a: Alomomola|89/100|[from] item: Leftovers
|upkeep
|turn|26
|
|t:|1757842106
|move|p1a: Primeape|Bulk Up|p1a: Primeape
|-boost|p1a: Primeape|atk|1
|-boost|p1a: Primeape|def|1
|move|p2a: Alomomola|Play Rough|p1a: Primeape
|-supereffective|p1a: Primeape
|-damage|p1a: Primeape|84/100
|
|-heal|p2a: Alomomola|100/100|[from] move: Wish|[wisher] Alomomola
|upkeep
|turn|27
|
|t:|1757842114
|move|p1a: Primeape|Taunt|p2a: Alomomola
|-start|p2a: Alomomola|move: Taunt
|move|p2a: Alomomola|Play Rough|p1a: Primeape|[miss]
|-miss|p2a: Alomomola|p1a: Primeape
|
|upkeep
|turn|28
|
|t:|1757842120
|move|p1a: Primeape|Bulk Up|p1a: Primeape
|-boost|p1a: Primeape|atk|1
|-boost|p1a: Primeape|def|1
|move|p2a: Alomomola|Play Rough|p1a: Primeape
|-supereffective|p1a: Primeape
|-damage|p1a: Primeape|70/100
|
|upkeep
|turn|29
|
|t:|1757842129
|move|p1a: Primeape|Bulk Up|p1a: Primeape
|-boost|p1a: Primeape|atk|1
|-boost|p1a: Primeape|def|1
|move|p2a: Alomomola|Play Rough|p1a: Primeape
|-supereffective|p1a: Primeape
|-damage|p1a: Primeape|58/100
|-unboost|p1a: Primeape|atk|1
|-ability|p1a: Primeape|Defiant|boost
|-boost|p1a: Primeape|atk|2
|
|-end|p2a: Alomomola|move: Taunt
|upkeep
|turn|30
|
|t:|1757842137
|move|p1a: Primeape|Drain Punch|p2a: Alomomola
|-damage|p2a: Alomomola|23/100
|-heal|p1a: Primeape|100/100|[from] drain|[of] p2a: Alomomola
|move|p2a: Alomomola|Wish|p2a: Alomomola
|
|-heal|p2a: Alomomola|29/100|[from] item: Leftovers
|upkeep
|turn|31
|
|t:|1757842147
|move|p1a: Primeape|Bulk Up|p1a: Primeape
|-boost|p1a: Primeape|atk|1
|-boost|p1a: Primeape|def|1
|move|p2a: Alomomola|Play Rough|p1a: Primeape
|-supereffective|p1a: Primeape
|-damage|p1a: Primeape|90/100
|
|-heal|p2a: Alomomola|79/100|[from] move: Wish|[wisher] Alomomola
|-heal|p2a: Alomomola|85/100|[from] item: Leftovers
|upkeep
|turn|32
|
|t:|1757842159
|move|p1a: Primeape|Rage Fist|p2a: Alomomola
|-damage|p2a: Alomomola|0 fnt
|faint|p2a: Alomomola
|
|upkeep
|
|t:|1757842165
|switch|p2a: Hoopa|Hoopa-Unbound|100/100
|-activate|p2a: Hoopa|move: Sticky Web
|-unboost|p2a: Hoopa|spe|1
|turn|33
|
|t:|1757842169
|-terastallize|p2a: Hoopa|Fairy
|move|p1a: Primeape|Rage Fist|p2a: Hoopa
|-damage|p2a: Hoopa|0 fnt
|faint|p2a: Hoopa
|
|win|201254u
|raw|201254u's rating: 1142 &rarr; <strong>1168</strong><br />(+26 for winning)
|raw|Madebymarvz5's rating: 1159 &rarr; <strong>1133</strong><br />(-26 for losing)
|l|‽Madebymarvz5
|player|p2|
|l|☆201254u
|player|p1|
