|j|☆frankckz
|j|☆mingi0925
|t:|1757832307
|gametype|singles
|player|p1|frankckz|266|1260
|player|p2|mingi0925|guitarist|1299
|gen|9
|tier|[Gen 9] OU
|rated|
|rule|HP Percentage Mod: HP is shown in percentages
|rule|Endless Battle Clause: Forcing endless battles is banned
|rule|Species Clause: Limit one of each Pokémon
|rule|OHKO Clause: OHKO moves are banned
|rule|Evasion Items Clause: Evasion items are banned
|rule|Evasion Moves Clause: Evasion moves are banned
|rule|Evasion Abilities Clause: Evasion abilities are banned
|rule|Sleep Moves Clause: Sleep-inducing moves are banned
|clearpoke
|poke|p1|Samurott-Hisui, M|
|poke|p1|Great Tusk|
|poke|p1|Volcanion|
|poke|p1|Hydrapple, F|
|poke|p1|Gholdengo|
|poke|p1|Landorus-Therian, M|
|poke|p2|Hippowdon, M|
|poke|p2|Excadrill, M|
|poke|p2|Hydreigon, F|
|poke|p2|Ceruledge, F|
|poke|p2|Primarina, F|
|poke|p2|Great Tusk|
|teampreview
|inactive|Battle timer is ON: inactive players will automatically lose when time's up. (requested by mingi0925)
|
|t:|1757832376
|teamsize|p1|6
|teamsize|p2|6
|start
|switch|p1a: Sakai Jin|Samurott-Hisui, M, shiny|100/100
|switch|p2a: Hippowdon|Hippowdon, M|100/100
|-weather|Sandstorm|[from] ability: Sand Stream|[of] p2a: Hippowdon
|turn|1
|
|t:|1757832384
|move|p1a: Sakai Jin|Razor Shell|p2a: Hippowdon
|-supereffective|p2a: Hippowdon
|-damage|p2a: Hippowdon|55/100
|-unboost|p2a: Hippowdon|def|1
|-damage|p1a: Sakai Jin|84/100|[from] item: Rocky Helmet|[of] p2a: Hippowdon
|move|p2a: Hippowdon|Stealth Rock|p1a: Sakai Jin
|-sidestart|p1: frankckz|move: Stealth Rock
|
|-weather|Sandstorm|[upkeep]
|-damage|p1a: Sakai Jin|78/100|[from] Sandstorm
|upkeep
|turn|2
|
|t:|1757832400
|switch|p2a: Primarina|Primarina, F, shiny|100/100
|move|p1a: Sakai Jin|Ceaseless Edge|p2a: Primarina
|-resisted|p2a: Primarina
|-damage|p2a: Primarina|76/100
|-sidestart|p2: mingi0925|Spikes
|
|-weather|Sandstorm|[upkeep]
|-damage|p1a: Sakai Jin|72/100|[from] Sandstorm
|-damage|p2a: Primarina|70/100|[from] Sandstorm
|upkeep
|turn|3
|
|t:|1757832415
|switch|p1a: Volcanion|Volcanion|100/100
|move|p2a: Primarina|Sparkling Aria|p1a: Volcanion
|-immune|p1a: Volcanion|[from] ability: Water Absorb
|
|-weather|Sandstorm|[upkeep]
|-damage|p1a: Volcanion|94/100|[from] Sandstorm
|-damage|p2a: Primarina|63/100|[from] Sandstorm
|upkeep
|turn|4
|
|t:|1757832433
|switch|p2a: Excadrill|Excadrill, M|100/100
|-damage|p2a: Excadrill|88/100|[from] Spikes
|move|p1a: Volcanion|Sludge Bomb|p2a: Excadrill
|-immune|p2a: Excadrill
|
|-weather|Sandstorm|[upkeep]
|-damage|p1a: Volcanion|88/100|[from] Sandstorm
|upkeep
|turn|5
|
|t:|1757832448
|switch|p1a: Sir|Landorus-Therian, M, shiny|100/100
|-damage|p1a: Sir|88/100|[from] Stealth Rock
|-ability|p1a: Sir|Intimidate|boost
|-unboost|p2a: Excadrill|atk|1
|move|p2a: Excadrill|Swords Dance|p2a: Excadrill
|-boost|p2a: Excadrill|atk|2
|
|-weather|none
|upkeep
|turn|6
|inactive|frankckz has 120 seconds left.
|
|t:|1757832477
|switch|p2a: Hippowdon|Hippowdon, M|55/100
|-damage|p2a: Hippowdon|42/100|[from] Spikes
|-weather|Sandstorm|[from] ability: Sand Stream|[of] p2a: Hippowdon
|move|p1a: Sir|Earthquake|p2a: Hippowdon
|-damage|p2a: Hippowdon|12/100
|
|-weather|Sandstorm|[upkeep]
|upkeep
|turn|7
|inactive|frankckz has 120 seconds left.
|
|t:|1757832497
|move|p1a: Sir|Earthquake|p2a: Hippowdon
|-damage|p2a: Hippowdon|0 fnt
|faint|p2a: Hippowdon
|
|-weather|Sandstorm|[upkeep]
|upkeep
|
|t:|1757832504
|switch|p2a: Excadrill|Excadrill, M|88/100
|-damage|p2a: Excadrill|76/100|[from] Spikes
|turn|8
|inactive|frankckz has 120 seconds left.
|
|t:|1757832522
|move|p2a: Excadrill|Iron Head|p1a: Sir
|-damage|p1a: Sir|22/100
|-damage|p2a: Excadrill|66/100|[from] item: Life Orb
|move|p1a: Sir|Earthquake|p2a: Excadrill
|-supereffective|p2a: Excadrill
|-damage|p2a: Excadrill|0 fnt
|faint|p2a: Excadrill
|
|-weather|Sandstorm|[upkeep]
|upkeep
|
|t:|1757832536
|switch|p2a: Hydreigon|Hydreigon, F|100/100
|turn|9
|inactive|frankckz has 120 seconds left.
|
|t:|1757832556
|switch|p1a: King Tusk|Great Tusk, shiny|100/100
|move|p2a: Hydreigon|Nasty Plot|p2a: Hydreigon
|-boost|p2a: Hydreigon|spa|2
|
|-weather|Sandstorm|[upkeep]
|-damage|p2a: Hydreigon|94/100|[from] Sandstorm
|-heal|p2a: Hydreigon|100/100|[from] item: Leftovers
|upkeep
|turn|10
|
|t:|1757832578
|-terastallize|p2a: Hydreigon|Fire
|move|p1a: King Tusk|Ice Spinner|p2a: Hydreigon
|-resisted|p2a: Hydreigon
|-damage|p2a: Hydreigon|86/100
|move|p2a: Hydreigon|Flamethrower|p1a: King Tusk
|-damage|p1a: King Tusk|0 fnt
|faint|p1a: King Tusk
|-end|p1a: King Tusk|Protosynthesis|[silent]
|
|-weather|none
|-heal|p2a: Hydreigon|92/100|[from] item: Leftovers
|upkeep
|inactive|frankckz has 90 seconds left.
|
|t:|1757832608
|switch|p1a: Sakai Jin|Samurott-Hisui, M, shiny|72/100
|-damage|p1a: Sakai Jin|60/100|[from] Stealth Rock
|turn|11
|
|t:|1757832622
|switch|p2a: Primarina|Primarina, F, shiny|63/100
|-damage|p2a: Primarina|51/100|[from] Spikes
|move|p1a: Sakai Jin|Razor Shell|p2a: Primarina
|-resisted|p2a: Primarina
|-damage|p2a: Primarina|26/100
|-unboost|p2a: Primarina|def|1
|
|upkeep
|turn|12
|
|t:|1757832633
|move|p1a: Sakai Jin|Razor Shell|p2a: Primarina
|-resisted|p2a: Primarina
|-damage|p2a: Primarina|0 fnt
|faint|p2a: Primarina
|
|upkeep
|
|t:|1757832641
|switch|p2a: Great Tusk|Great Tusk|100/100
|-damage|p2a: Great Tusk|88/100|[from] Spikes
|-enditem|p2a: Great Tusk|Booster Energy
|-activate|p2a: Great Tusk|ability: Protosynthesis|[fromitem]
|-start|p2a: Great Tusk|protosynthesisatk
|turn|13
|inactive|frankckz has 90 seconds left.
|
|t:|1757832662
|switch|p1a: Sir|Landorus-Therian, M, shiny|22/100
|-damage|p1a: Sir|10/100|[from] Stealth Rock
|-ability|p1a: Sir|Intimidate|boost
|-unboost|p2a: Great Tusk|atk|1
|move|p2a: Great Tusk|Close Combat|p1a: Sir
|-resisted|p1a: Sir
|-damage|p1a: Sir|0 fnt
|-unboost|p2a: Great Tusk|def|1
|-unboost|p2a: Great Tusk|spd|1
|faint|p1a: Sir
|
|upkeep
|inactive|frankckz has 60 seconds left.
|
|t:|1757832708
|switch|p1a: Dragneel|Hydrapple, F, shiny|100/100
|-damage|p1a: Dragneel|88/100|[from] Stealth Rock
|turn|14
|
|t:|1757832713
|move|p2a: Great Tusk|Ice Spinner|p1a: Dragneel
|-supereffective|p1a: Dragneel
|-damage|p1a: Dragneel|36/100
|-damage|p2a: Great Tusk|71/100|[from] item: Rocky Helmet|[of] p1a: Dragneel
|move|p1a: Dragneel|Giga Drain|p2a: Great Tusk
|-supereffective|p2a: Great Tusk
|-damage|p2a: Great Tusk|0 fnt
|-heal|p1a: Dragneel|71/100|[from] drain|[of] p2a: Great Tusk
|faint|p2a: Great Tusk
|-end|p2a: Great Tusk|Protosynthesis|[silent]
|
|upkeep
|
|t:|1757832724
|switch|p2a: Ceruledge|Ceruledge, F, shiny|100/100
|-damage|p2a: Ceruledge|88/100|[from] Spikes
|turn|15
|
|t:|1757832737
|move|p2a: Ceruledge|Swords Dance|p2a: Ceruledge
|-boost|p2a: Ceruledge|atk|2
|move|p1a: Dragneel|Earth Power|p2a: Ceruledge
|-supereffective|p2a: Ceruledge
|-damage|p2a: Ceruledge|31/100
|-unboost|p2a: Ceruledge|spd|1
|
|upkeep
|turn|16
|
|t:|1757832750
|move|p2a: Ceruledge|Bitter Blade|p1a: Dragneel
|-damage|p1a: Dragneel|19/100
|-heal|p2a: Ceruledge|68/100|[from] drain|[of] p1a: Dragneel
|-damage|p2a: Ceruledge|51/100|[from] item: Rocky Helmet|[of] p1a: Dragneel
|move|p1a: Dragneel|Fickle Beam|p2a: Ceruledge
|-damage|p2a: Ceruledge|0 fnt
|faint|p2a: Ceruledge
|
|upkeep
|
|t:|1757832759
|switch|p2a: Hydreigon|Hydreigon, F, tera:Fire|92/100
|turn|17
|
|t:|1757832764
|move|p2a: Hydreigon|Nasty Plot|p2a: Hydreigon
|-boost|p2a: Hydreigon|spa|2
|move|p1a: Dragneel|Earth Power|p2a: Hydreigon
|-immune|p2a: Hydreigon|[from] ability: Levitate
|
|-heal|p2a: Hydreigon|98/100|[from] item: Leftovers
|upkeep
|turn|18
|
|t:|1757832773
|move|p2a: Hydreigon|Substitute|p2a: Hydreigon
|-start|p2a: Hydreigon|Substitute
|-damage|p2a: Hydreigon|73/100
|move|p1a: Dragneel|Fickle Beam|p2a: Hydreigon
|-end|p2a: Hydreigon|Substitute
|
|-heal|p2a: Hydreigon|79/100|[from] item: Leftovers
|upkeep
|turn|19
|inactive|frankckz has 60 seconds left.
|
|t:|1757832794
|move|p2a: Hydreigon|Flamethrower|p1a: Dragneel
|-crit|p1a: Dragneel
|-damage|p1a: Dragneel|0 fnt
|faint|p1a: Dragneel
|
|-heal|p2a: Hydreigon|85/100|[from] item: Leftovers
|upkeep
|inactive|frankckz has 60 seconds left.
|
|t:|1757832802
|switch|p1a: Volcanion|Volcanion|88/100
|turn|20
|
|t:|1757832806
|move|p2a: Hydreigon|Dark Pulse|p1a: Volcanion
|-damage|p1a: Volcanion|0 fnt
|faint|p1a: Volcanion
|
|-heal|p2a: Hydreigon|92/100|[from] item: Leftovers
|upkeep
|
|t:|1757832813
|switch|p1a: Sakai Jin|Samurott-Hisui, M, shiny|60/100
|-damage|p1a: Sakai Jin|47/100|[from] Stealth Rock
|turn|21
|
|t:|1757832822
|move|p2a: Hydreigon|Dark Pulse|p1a: Sakai Jin
|-resisted|p1a: Sakai Jin
|-damage|p1a: Sakai Jin|18/100
|move|p1a: Sakai Jin|Razor Shell|p2a: Hydreigon
|-supereffective|p2a: Hydreigon
|-damage|p2a: Hydreigon|0 fnt
|faint|p2a: Hydreigon
|
|win|frankckz
|raw|frankckz's rating: 1260 &rarr; <strong>1288</strong><br />(+28 for winning)
|raw|mingi0925's rating: 1299 &rarr; <strong>1271</strong><br />(-28 for losing)
|l|☆mingi0925
|player|p2|
|l|☆frankckz
|player|p1|
