|j|☆shlooga
|j|☆hennyhardaway1
|t:|1757862287
|gametype|singles
|player|p1|shlooga|alder|1336
|player|p2|hennyhardaway1|lucian|1326
|gen|9
|tier|[Gen 9] OU
|rated|
|rule|HP Percentage Mod: HP is shown in percentages
|rule|Endless Battle Clause: Forcing endless battles is banned
|rule|Species Clause: Limit one of each Pokémon
|rule|OHKO Clause: OHKO moves are banned
|rule|Evasion Items Clause: Evasion items are banned
|rule|Evasion Moves Clause: Evasion moves are banned
|rule|Evasion Abilities Clause: Evasion abilities are banned
|rule|Sleep Moves Clause: Sleep-inducing moves are banned
|clearpoke
|poke|p1|Samurott-Hisui, M|
|poke|p1|Primarina, M|
|poke|p1|Landorus-Therian, M|
|poke|p1|Iron Crown|
|poke|p1|Pecharunt|
|poke|p1|Great Tusk|
|poke|p2|Landorus-Therian, M|
|poke|p2|Skeledirge, M|
|poke|p2|Skarmory, M|
|poke|p2|Hydrapple, M|
|poke|p2|Samurott-Hisui, M|
|poke|p2|Fezandipiti, M|
|teampreview
|c|☆shlooga|hf
|
|t:|1757862331
|teamsize|p1|6
|teamsize|p2|6
|start
|switch|p1a: Landorus|Landorus-Therian, M|100/100
|switch|p2a: Landorus|Landorus-Therian, M, shiny|100/100
|-ability|p2a: Landorus|Intimidate|boost
|-unboost|p1a: Landorus|atk|1
|-ability|p1a: Landorus|Intimidate|boost
|-unboost|p2a: Landorus|atk|1
|turn|1
|
|t:|1757862344
|-terastallize|p1a: Landorus|Ice
|move|p2a: Landorus|U-turn|p1a: Landorus
|-damage|p1a: Landorus|80/100
|
|t:|1757862353
|switch|p2a: Skarmory|Skarmory, M, shiny|100/100|[from] U-turn
|move|p1a: Landorus|Tera Blast|p2a: Skarmory|[anim] Tera Blast Ice
|-damage|p2a: Skarmory|83/100
|
|upkeep
|turn|2
|
|t:|1757862367
|switch|p1a: Iron Crown|Iron Crown|100/100
|move|p2a: Skarmory|Stealth Rock|p1a: Iron Crown
|-sidestart|p1: shlooga|move: Stealth Rock
|
|upkeep
|turn|3
|
|t:|1757862395
|switch|p2a: Skeledirge|Skeledirge, M, shiny|100/100
|move|p1a: Iron Crown|Volt Switch|p2a: Skeledirge
|-damage|p2a: Skeledirge|73/100
|
|t:|1757862406
|-end|p1a: Iron Crown|Quark Drive|[silent]
|switch|p1a: Great Tusk|Great Tusk|100/100|[from] Volt Switch
|-damage|p1a: Great Tusk|98/100|[from] Stealth Rock
|-enditem|p1a: Great Tusk|Booster Energy
|-activate|p1a: Great Tusk|ability: Protosynthesis|[fromitem]
|-start|p1a: Great Tusk|protosynthesisatk
|
|upkeep
|turn|4
|
|t:|1757862432
|switch|p2a: Skarmory|Skarmory, M, shiny|83/100
|move|p1a: Great Tusk|Knock Off|p2a: Skarmory
|-damage|p2a: Skarmory|57/100
|-damage|p1a: Great Tusk|81/100|[from] item: Rocky Helmet|[of] p2a: Skarmory
|-enditem|p2a: Skarmory|Rocky Helmet|[from] move: Knock Off|[of] p1a: Great Tusk
|
|upkeep
|turn|5
|
|t:|1757862448
|-end|p1a: Great Tusk|Protosynthesis|[silent]
|switch|p1a: Iron Crown|Iron Crown|100/100
|-damage|p1a: Iron Crown|94/100|[from] Stealth Rock
|move|p2a: Skarmory|Roost|p2a: Skarmory
|-heal|p2a: Skarmory|100/100
|-singleturn|p2a: Skarmory|move: Roost
|
|upkeep
|turn|6
|
|t:|1757862459
|switch|p2a: Leviatan|Hydrapple, M, shiny|100/100
|move|p1a: Iron Crown|Tachyon Cutter|p2a: Leviatan
|-damage|p2a: Leviatan|66/100
|-damage|p2a: Leviatan|29/100
|-hitcount|p2a: Leviatan|2
|
|upkeep
|turn|7
|
|t:|1757862474
|switch|p2a: Skeledirge|Skeledirge, M, shiny|73/100
|move|p1a: Iron Crown|Tachyon Cutter|p2a: Skeledirge
|-resisted|p2a: Skeledirge
|-damage|p2a: Skeledirge|58/100
|-resisted|p2a: Skeledirge
|-damage|p2a: Skeledirge|41/100
|-hitcount|p2a: Skeledirge|2
|
|upkeep
|turn|8
|
|t:|1757862484
|-end|p1a: Iron Crown|Quark Drive|[silent]
|switch|p1a: Primarina|Primarina, M|100/100
|-damage|p1a: Primarina|88/100|[from] Stealth Rock
|move|p2a: Skeledirge|Slack Off|p2a: Skeledirge
|-heal|p2a: Skeledirge|91/100
|
|upkeep
|turn|9
|
|t:|1757862509
|switch|p2a: Fezandipiti|Fezandipiti, M|100/100
|move|p1a: Primarina|Surf|p2a: Fezandipiti
|-damage|p2a: Fezandipiti|76/100
|
|upkeep
|turn|10
|
|t:|1757862524
|switch|p2a: Samurott|Samurott-Hisui, M, shiny|100/100
|switch|p1a: Pecharunt|Pecharunt|100/100
|
|upkeep
|turn|11
|
|t:|1757862538
|move|p2a: Samurott|Ceaseless Edge|p1a: Pecharunt
|-supereffective|p1a: Pecharunt
|-damage|p1a: Pecharunt|52/100
|-sidestart|p1: shlooga|Spikes
|move|p1a: Pecharunt|Parting Shot|p2a: Samurott
|-unboost|p2a: Samurott|atk|1
|-unboost|p2a: Samurott|spa|1
|
|t:|1757862544
|switch|p1a: Great Tusk|Great Tusk|81/100|[from] Parting Shot
|-damage|p1a: Great Tusk|78/100|[from] Stealth Rock
|-damage|p1a: Great Tusk|66/100|[from] Spikes
|
|upkeep
|turn|12
|
|t:|1757862556
|move|p1a: Great Tusk|Close Combat|p2a: Samurott
|-supereffective|p2a: Samurott
|-damage|p2a: Samurott|0 fnt
|-unboost|p1a: Great Tusk|def|1
|-unboost|p1a: Great Tusk|spd|1
|faint|p2a: Samurott
|
|upkeep
|
|t:|1757862566
|switch|p2a: Landorus|Landorus-Therian, M, shiny|100/100
|-ability|p2a: Landorus|Intimidate|boost
|-unboost|p1a: Great Tusk|atk|1
|turn|13
|
|t:|1757862572
|move|p2a: Landorus|Earthquake|p1a: Great Tusk
|-damage|p1a: Great Tusk|3/100
|move|p1a: Great Tusk|Knock Off|p2a: Landorus
|-damage|p2a: Landorus|74/100
|-enditem|p2a: Landorus|Choice Scarf|[from] move: Knock Off|[of] p1a: Great Tusk
|
|upkeep
|turn|14
|
|t:|1757862581
|-end|p1a: Great Tusk|Protosynthesis|[silent]
|switch|p1a: Landorus|Landorus-Therian, M, tera:Ice|80/100
|-damage|p1a: Landorus|55/100|[from] Stealth Rock
|-damage|p1a: Landorus|43/100|[from] Spikes
|-ability|p1a: Landorus|Intimidate|boost
|-unboost|p2a: Landorus|atk|1
|move|p2a: Landorus|U-turn|p1a: Landorus
|-damage|p1a: Landorus|22/100
|
|t:|1757862590
|switch|p2a: Skarmory|Skarmory, M, shiny|100/100|[from] U-turn
|
|upkeep
|turn|15
|
|t:|1757862597
|move|p1a: Landorus|U-turn|p2a: Skarmory
|-resisted|p2a: Skarmory
|-damage|p2a: Skarmory|97/100
|
|t:|1757862600
|switch|p1a: Great Tusk|Great Tusk|3/100|[from] U-turn
|-damage|p1a: Great Tusk|0 fnt|[from] Stealth Rock
|faint|p1a: Great Tusk
|-end|p1a: Great Tusk|Protosynthesis|[silent]
|move|p2a: Skarmory|Brave Bird|p1: Great Tusk|[notarget]
|-fail|p2a: Skarmory
|
|upkeep
|
|t:|1757862612
|switch|p1a: Samurott|Samurott-Hisui, M|100/100
|turn|16
|
|t:|1757862616
|move|p1a: Samurott|Ceaseless Edge|p2a: Skarmory|[miss]
|-miss|p1a: Samurott|p2a: Skarmory
|move|p2a: Skarmory|Body Press|p1a: Samurott
|-supereffective|p1a: Samurott
|-damage|p1a: Samurott|13/100
|
|upkeep
|turn|17
|
|t:|1757862624
|move|p1a: Samurott|Aqua Cutter|p2a: Skarmory
|-damage|p2a: Skarmory|68/100
|move|p2a: Skarmory|Brave Bird|p1a: Samurott
|-damage|p1a: Samurott|0 fnt
|faint|p1a: Samurott
|-damage|p2a: Skarmory|64/100|[from] Recoil
|
|upkeep
|
|t:|1757862627
|switch|p1a: Iron Crown|Iron Crown|94/100
|-damage|p1a: Iron Crown|88/100|[from] Stealth Rock
|-damage|p1a: Iron Crown|76/100|[from] Spikes
|turn|18
|
|t:|1757862637
|move|p1a: Iron Crown|Psychic|p2a: Skarmory
|-resisted|p2a: Skarmory
|-damage|p2a: Skarmory|22/100
|-unboost|p2a: Skarmory|spd|1
|move|p2a: Skarmory|Roost|p2a: Skarmory
|-heal|p2a: Skarmory|72/100
|-singleturn|p2a: Skarmory|move: Roost
|
|upkeep
|turn|19
|
|t:|1757862643
|move|p1a: Iron Crown|Psychic|p2a: Skarmory
|-resisted|p2a: Skarmory
|-damage|p2a: Skarmory|8/100
|move|p2a: Skarmory|Body Press|p1a: Iron Crown
|-damage|p1a: Iron Crown|38/100
|
|upkeep
|turn|20
|
|t:|1757862648
|move|p1a: Iron Crown|Psychic|p2a: Skarmory
|-resisted|p2a: Skarmory
|-damage|p2a: Skarmory|0 fnt
|faint|p2a: Skarmory
|
|upkeep
|
|t:|1757862658
|switch|p2a: Skeledirge|Skeledirge, M, shiny|91/100
|turn|21
|
|t:|1757862662
|move|p1a: Iron Crown|Psychic|p2a: Skeledirge
|-damage|p2a: Skeledirge|35/100
|move|p2a: Skeledirge|Torch Song|p1a: Iron Crown
|-supereffective|p1a: Iron Crown
|-damage|p1a: Iron Crown|0 fnt
|-boost|p2a: Skeledirge|spa|1
|faint|p1a: Iron Crown
|-end|p1a: Iron Crown|Quark Drive|[silent]
|
|upkeep
|
|t:|1757862670
|switch|p1a: Primarina|Primarina, M|88/100
|-damage|p1a: Primarina|76/100|[from] Stealth Rock
|-damage|p1a: Primarina|63/100|[from] Spikes
|turn|22
|
|t:|1757862678
|move|p2a: Skeledirge|Earth Power|p1a: Primarina
|-damage|p1a: Primarina|49/100
|move|p1a: Primarina|Surf|p2a: Skeledirge
|-supereffective|p2a: Skeledirge
|-damage|p2a: Skeledirge|0 fnt
|faint|p2a: Skeledirge
|
|upkeep
|
|t:|1757862688
|switch|p2a: Fezandipiti|Fezandipiti, M|76/100
|turn|23
|
|t:|1757862695
|move|p2a: Fezandipiti|Sludge Bomb|p1a: Primarina
|-supereffective|p1a: Primarina
|-damage|p1a: Primarina|27/100
|-status|p1a: Primarina|psn
|move|p1a: Primarina|Psychic Noise|p2a: Fezandipiti
|-supereffective|p2a: Fezandipiti
|-damage|p2a: Fezandipiti|52/100
|-start|p2a: Fezandipiti|move: Heal Block
|
|-damage|p1a: Primarina|14/100 psn|[from] psn
|upkeep
|turn|24
|
|t:|1757862706
|move|p2a: Fezandipiti|Calm Mind|p2a: Fezandipiti
|-boost|p2a: Fezandipiti|spa|1
|-boost|p2a: Fezandipiti|spd|1
|move|p1a: Primarina|Surf|p2a: Fezandipiti
|-damage|p2a: Fezandipiti|30/100
|
|-damage|p1a: Primarina|2/100 psn|[from] psn
|-end|p2a: Fezandipiti|move: Heal Block
|upkeep
|turn|25
|
|t:|1757862712
|move|p2a: Fezandipiti|Roost|p2a: Fezandipiti
|-heal|p2a: Fezandipiti|80/100
|-singleturn|p2a: Fezandipiti|move: Roost
|move|p1a: Primarina|Psychic Noise|p2a: Fezandipiti
|-supereffective|p2a: Fezandipiti
|-damage|p2a: Fezandipiti|63/100
|-start|p2a: Fezandipiti|move: Heal Block
|
|-damage|p1a: Primarina|0 fnt|[from] psn
|faint|p1a: Primarina
|upkeep
|
|t:|1757862727
|switch|p1a: Landorus|Landorus-Therian, M, tera:Ice|22/100
|-damage|p1a: Landorus|0 fnt|[from] Stealth Rock
|faint|p1a: Landorus
|-message|shlooga forfeited.
|
|win|hennyhardaway1
|raw|shlooga's rating: 1336 &rarr; <strong>1315</strong><br />(-21 for losing)
|raw|hennyhardaway1's rating: 1326 &rarr; <strong>1347</strong><br />(+21 for winning)
|l|☆shlooga
|player|p1|
