|j|☆yemm
|j|☆Emicrackers
|t:|1757923222
|gametype|singles
|player|p1|yemm|101|1135
|player|p2|Emicrackers|will|1068
|gen|9
|tier|[Gen 9] OU
|rated|
|rule|HP Percentage Mod: HP is shown in percentages
|rule|Endless Battle Clause: Forcing endless battles is banned
|rule|Species Clause: Limit one of each Pokémon
|rule|OHKO Clause: OHKO moves are banned
|rule|Evasion Items Clause: Evasion items are banned
|rule|Evasion Moves Clause: Evasion moves are banned
|rule|Evasion Abilities Clause: Evasion abilities are banned
|rule|Sleep Moves Clause: Sleep-inducing moves are banned
|clearpoke
|poke|p1|Lokix, M|
|poke|p1|Cinderace, M|
|poke|p1|Great Tusk|
|poke|p1|Alomomola, M|
|poke|p1|Enamorus, F|
|poke|p1|Slowking-Galar, M|
|poke|p2|Gengar, F|
|poke|p2|Sylveon, F|
|poke|p2|Dragapult, F|
|poke|p2|Zoroark-Hisui, F|
|poke|p2|Umbreon, F|
|poke|p2|Braviary-Hisui, M|
|teampreview
|inactive|Battle timer is ON: inactive players will automatically lose when time's up. (requested by Emicrackers)
|
|t:|1757923233
|teamsize|p1|6
|teamsize|p2|6
|start
|switch|p1a: Lokix|Lokix, M|100/100
|switch|p2a: Braviary|Braviary-Hisui, M, shiny|100/100
|turn|1
|
|t:|1757923242
|move|p1a: Lokix|Knock Off|p2a: Braviary
|-supereffective|p2a: Braviary
|-damage|p2a: Braviary|0 fnt
|-enditem|p2a: Braviary|Heavy-Duty Boots|[from] move: Knock Off|[of] p1a: Lokix
|faint|p2a: Braviary
|
|upkeep
|
|t:|1757923248
|switch|p2a: Sylveon|Sylveon, F, shiny|100/100
|turn|2
|
|t:|1757923259
|switch|p1a: Slowking|Slowking-Galar, M|100/100
|move|p2a: Sylveon|Moonblast|p1a: Slowking
|-resisted|p1a: Slowking
|-damage|p1a: Slowking|82/100
|
|upkeep
|turn|3
|
|t:|1757923265
|move|p2a: Sylveon|Psyshock|p1a: Slowking
|-damage|p1a: Slowking|62/100
|move|p1a: Slowking|Sludge Bomb|p2a: Sylveon
|-supereffective|p2a: Sylveon
|-damage|p2a: Sylveon|68/100
|
|upkeep
|turn|4
|
|t:|1757923273
|switch|p2a: Gengar|Gengar, F|100/100
|move|p1a: Slowking|Sludge Bomb|p2a: Gengar
|-resisted|p2a: Gengar
|-damage|p2a: Gengar|91/100
|
|upkeep
|turn|5
|
|t:|1757923289
|switch|p1a: Lokix|Lokix, M|100/100
|move|p2a: Gengar|Shadow Ball|p1a: Lokix
|-resisted|p1a: Lokix
|-crit|p1a: Lokix
|-damage|p1a: Lokix|42/100
|
|upkeep
|turn|6
|
|t:|1757923298
|move|p1a: Lokix|First Impression|p2a: Gengar
|-resisted|p2a: Gengar
|-damage|p2a: Gengar|27/100
|move|p2a: Gengar|Thunderbolt|p1a: Lokix
|-damage|p1a: Lokix|0 fnt
|faint|p1a: Lokix
|
|upkeep
|
|t:|1757923314
|switch|p1a: Enamorus|Enamorus, F|100/100
|turn|7
|
|t:|1757923319
|move|p1a: Enamorus|Earth Power|p2a: Gengar
|-supereffective|p2a: Gengar
|-damage|p2a: Gengar|0 fnt
|faint|p2a: Gengar
|
|upkeep
|
|t:|1757923327
|switch|p2a: Sylveon|Sylveon, F, shiny|100/100
|turn|8
|
|t:|1757923338
|switch|p1a: Alomomola|Alomomola, M|100/100
|move|p2a: Sylveon|Sludge Bomb|p1a: Alomomola
|-damage|p1a: Alomomola|78/100
|
|upkeep
|turn|9
|
|t:|1757923345
|move|p2a: Sylveon|Sludge Bomb|p1a: Alomomola
|-damage|p1a: Alomomola|57/100
|move|p1a: Alomomola|Mirror Coat|p2a: Sylveon
|-damage|p2a: Sylveon|13/100
|replace|p2a: Zoroark|Zoroark-Hisui, F, shiny
|-end|p2a: Zoroark|Illusion
|
|upkeep
|turn|10
|
|t:|1757923371
|move|p1a: Alomomola|Aqua Jet|p2a: Zoroark
|-damage|p2a: Zoroark|0 fnt
|faint|p2a: Zoroark
|
|upkeep
|
|t:|1757923381
|switch|p2a: Dragapult|Dragapult, F|100/100
|turn|11
|
|t:|1757923392
|switch|p1a: Slowking|Slowking-Galar, M|95/100
|move|p2a: Dragapult|Dragon Dance|p2a: Dragapult
|-boost|p2a: Dragapult|atk|1
|-boost|p2a: Dragapult|spe|1
|
|upkeep
|turn|12
|
|t:|1757923416
|move|p2a: Dragapult|Dragon Darts|p1a: Slowking
|-damage|p1a: Slowking|68/100
|-anim|p2a: Dragapult|Dragon Darts|p1a: Slowking
|-damage|p1a: Slowking|39/100
|move|p1a: Slowking|Ice Beam|p2a: Dragapult
|-supereffective|p2a: Dragapult
|-damage|p2a: Dragapult|36/100
|
|upkeep
|turn|13
|
|t:|1757923425
|move|p2a: Dragapult|U-turn|p1a: Slowking
|-damage|p1a: Slowking|13/100
|
|t:|1757923429
|switch|p2a: Umbreon|Umbreon, F, shiny|100/100|[from] U-turn
|move|p1a: Slowking|Ice Beam|p2a: Umbreon
|-damage|p2a: Umbreon|88/100
|
|upkeep
|turn|14
|
|t:|1757923438
|switch|p1a: Great Tusk|Great Tusk|100/100
|move|p2a: Umbreon|Dark Pulse|p1a: Great Tusk
|-resisted|p1a: Great Tusk
|-damage|p1a: Great Tusk|88/100
|
|-heal|p1a: Great Tusk|95/100|[from] item: Leftovers
|upkeep
|turn|15
|
|t:|1757923449
|switch|p2a: Sylveon|Sylveon, F, shiny|68/100
|move|p1a: Great Tusk|Bulk Up|p1a: Great Tusk
|-boost|p1a: Great Tusk|atk|1
|-boost|p1a: Great Tusk|def|1
|
|-heal|p1a: Great Tusk|100/100|[from] item: Leftovers
|upkeep
|turn|16
|
|t:|1757923459
|move|p1a: Great Tusk|Earthquake|p2a: Sylveon
|-crit|p2a: Sylveon
|-damage|p2a: Sylveon|0 fnt
|faint|p2a: Sylveon
|
|upkeep
|
|t:|1757923464
|switch|p2a: Dragapult|Dragapult, F|36/100
|turn|17
|
|t:|1757923469
|move|p2a: Dragapult|Surf|p1a: Great Tusk
|-supereffective|p1a: Great Tusk
|-damage|p1a: Great Tusk|45/100
|move|p1a: Great Tusk|Knock Off|p2a: Dragapult
|-supereffective|p2a: Dragapult
|-damage|p2a: Dragapult|0 fnt
|-damage|p1a: Great Tusk|29/100|[from] item: Rocky Helmet|[of] p2a: Dragapult
|-enditem|p2a: Dragapult|Rocky Helmet|[from] move: Knock Off|[of] p1a: Great Tusk
|faint|p2a: Dragapult
|
|-heal|p1a: Great Tusk|35/100|[from] item: Leftovers
|upkeep
|
|t:|1757923479
|switch|p2a: Umbreon|Umbreon, F, shiny|88/100
|turn|18
|
|t:|1757923482
|move|p1a: Great Tusk|Earthquake|p2a: Umbreon
|-damage|p2a: Umbreon|40/100
|move|p2a: Umbreon|Toxic|p1a: Great Tusk
|-status|p1a: Great Tusk|tox
|
|-heal|p1a: Great Tusk|41/100 tox|[from] item: Leftovers
|-damage|p1a: Great Tusk|35/100 tox|[from] psn
|upkeep
|turn|19
|
|t:|1757923491
|move|p1a: Great Tusk|Earthquake|p2a: Umbreon
|-damage|p2a: Umbreon|0 fnt
|faint|p2a: Umbreon
|
|win|yemm
|raw|yemm's rating: 1135 &rarr; <strong>1155</strong><br />(+20 for winning)
|raw|Emicrackers's rating: 1068 &rarr; <strong>1052</strong><br />(-16 for losing)
|l|☆Emicrackers
|player|p2|
|l|☆yemm
|player|p1|
