|j|☆peewee mcgee xxx
|j|☆ABraviousTinkaton
|t:|1757938423
|gametype|singles
|player|p1|peewee mcgee xxx|266|1756
|player|p2|ABraviousTinkaton|miku-ice|1615
|gen|9
|tier|[Gen 9] OU
|rated|
|rule|HP Percentage Mod: HP is shown in percentages
|rule|Endless Battle Clause: Forcing endless battles is banned
|rule|Species Clause: Limit one of each Pokémon
|rule|OHKO Clause: OHKO moves are banned
|rule|Evasion Items Clause: Evasion items are banned
|rule|Evasion Moves Clause: Evasion moves are banned
|rule|Evasion Abilities Clause: Evasion abilities are banned
|rule|Sleep Moves Clause: Sleep-inducing moves are banned
|clearpoke
|poke|p1|Alomomola, M|
|poke|p1|Sinistcha-Masterpiece|
|poke|p1|Scizor, M|
|poke|p1|Cinderace, F|
|poke|p1|Zamazenta-*|
|poke|p1|Kyurem|
|poke|p2|Moltres|
|poke|p2|Zamazenta-*|
|poke|p2|Darkrai|
|poke|p2|Hydrapple, M|
|poke|p2|Ting-Lu|
|poke|p2|Tinkaton, F|
|teampreview
|inactive|Battle timer is ON: inactive players will automatically lose when time's up. (requested by peewee mcgee xxx)
|
|t:|1757938471
|teamsize|p1|6
|teamsize|p2|6
|start
|switch|p1a: Alomomola|Alomomola, M|100/100
|switch|p2a: Darkrai|Darkrai, shiny|100/100
|turn|1
|
|t:|1757938473
|move|p2a: Darkrai|Knock Off|p1a: Alomomola
|-damage|p1a: Alomomola|78/100
|-enditem|p1a: Alomomola|Assault Vest|[from] move: Knock Off|[of] p2a: Darkrai
|move|p1a: Alomomola|Flip Turn|p2a: Darkrai
|-damage|p2a: Darkrai|77/100
|
|t:|1757938491
|switch|p1a: Cinderace|Cinderace, F|100/100|[from] Flip Turn
|
|upkeep
|turn|2
|
|t:|1757938493
|move|p2a: Darkrai|Knock Off|p1a: Cinderace
|-damage|p1a: Cinderace|60/100
|-enditem|p1a: Cinderace|Heavy-Duty Boots|[from] move: Knock Off|[of] p2a: Darkrai
|move|p1a: Cinderace|U-turn|p2a: Darkrai
|-start|p1a: Cinderace|typechange|Bug|[from] ability: Libero
|-supereffective|p2a: Darkrai
|-damage|p2a: Darkrai|0 fnt
|faint|p2a: Darkrai
|
|t:|1757938504
|switch|p1a: Alomomola|Alomomola, M|100/100|[from] U-turn
|
|upkeep
|
|t:|1757938507
|switch|p2a: Tinkaton|Tinkaton, F|100/100
|-ability|p2a: Tinkaton|Mold Breaker
|-item|p2a: Tinkaton|Air Balloon
|turn|3
|
|t:|1757938511
|switch|p1a: Cinderace|Cinderace, F|60/100
|move|p2a: Tinkaton|Stealth Rock|p1a: Cinderace
|-sidestart|p1: peewee mcgee xxx|move: Stealth Rock
|
|upkeep
|turn|4
|
|t:|1757938515
|switch|p2a: Moltres|Moltres|100/100
|move|p1a: Cinderace|Pyro Ball|p2a: Moltres
|-resisted|p2a: Moltres
|-damage|p2a: Moltres|82/100
|
|upkeep
|turn|5
|
|t:|1757938517
|move|p1a: Cinderace|Court Change|p1a: Cinderace
|-start|p1a: Cinderace|typechange|Normal|[from] ability: Libero
|-swapsideconditions
|-activate|p1a: Cinderace|move: Court Change
|move|p2a: Moltres|Flamethrower|p1a: Cinderace
|-damage|p1a: Cinderace|5/100
|
|upkeep
|turn|6
|
|t:|1757938527
|switch|p1a: Kyurem|Kyurem|100/100
|-ability|p1a: Kyurem|Pressure
|move|p2a: Moltres|U-turn|p1a: Kyurem
|-damage|p1a: Kyurem|87/100
|
|t:|1757938528
|switch|p2a: Tinkaton|Tinkaton, F|100/100|[from] U-turn
|-damage|p2a: Tinkaton|94/100|[from] Stealth Rock
|-ability|p2a: Tinkaton|Mold Breaker
|-item|p2a: Tinkaton|Air Balloon
|
|upkeep
|turn|7
|
|t:|1757938537
|move|p1a: Kyurem|Ice Beam|p2a: Tinkaton
|-resisted|p2a: Tinkaton
|-damage|p2a: Tinkaton|63/100
|-enditem|p2a: Tinkaton|Air Balloon
|move|p2a: Tinkaton|Stealth Rock|p1a: Kyurem
|-sidestart|p1: peewee mcgee xxx|move: Stealth Rock
|
|upkeep
|turn|8
|
|t:|1757938541
|move|p1a: Kyurem|Ice Beam|p2a: Tinkaton
|-resisted|p2a: Tinkaton
|-crit|p2a: Tinkaton
|-damage|p2a: Tinkaton|20/100
|move|p2a: Tinkaton|Thunder Wave|p1a: Kyurem
|-status|p1a: Kyurem|par
|
|upkeep
|turn|9
|
|t:|1757938547
|move|p2a: Tinkaton|Gigaton Hammer|p1a: Kyurem
|-supereffective|p1a: Kyurem
|-damage|p1a: Kyurem|0 fnt
|faint|p1a: Kyurem
|
|upkeep
|
|t:|1757938564
|switch|p1a: Scizor|Scizor, M|100/100
|-damage|p1a: Scizor|88/100|[from] Stealth Rock
|turn|10
|
|t:|1757938568
|move|p1a: Scizor|Bullet Punch|p2a: Tinkaton
|-damage|p2a: Tinkaton|0 fnt
|faint|p2a: Tinkaton
|
|upkeep
|
|t:|1757938570
|switch|p2a: Moltres|Moltres|82/100
|turn|11
|
|t:|1757938573
|switch|p1a: Alomomola|Alomomola, M|100/100
|-damage|p1a: Alomomola|88/100|[from] Stealth Rock
|move|p2a: Moltres|U-turn|p1a: Alomomola
|-crit|p1a: Alomomola
|-damage|p1a: Alomomola|72/100
|
|t:|1757938575
|switch|p2a: Ting-Lu|Ting-Lu|100/100|[from] U-turn
|-damage|p2a: Ting-Lu|94/100|[from] Stealth Rock
|-ability|p2a: Ting-Lu|Vessel of Ruin
|
|-heal|p2a: Ting-Lu|100/100|[from] item: Leftovers
|upkeep
|turn|12
|
|t:|1757938602
|move|p2a: Ting-Lu|Spikes|p1a: Alomomola
|-sidestart|p1: peewee mcgee xxx|Spikes
|move|p1a: Alomomola|Flip Turn|p2a: Ting-Lu
|-supereffective|p2a: Ting-Lu
|-damage|p2a: Ting-Lu|81/100
|
|t:|1757938608
|switch|p1a: Scizor|Scizor, M|88/100|[from] Flip Turn
|-damage|p1a: Scizor|76/100|[from] Stealth Rock
|-damage|p1a: Scizor|64/100|[from] Spikes
|
|-heal|p2a: Ting-Lu|88/100|[from] item: Leftovers
|upkeep
|turn|13
|
|t:|1757938618
|move|p1a: Scizor|Knock Off|p2a: Ting-Lu
|-resisted|p2a: Ting-Lu
|-damage|p2a: Ting-Lu|71/100
|-enditem|p2a: Ting-Lu|Leftovers|[from] move: Knock Off|[of] p1a: Scizor
|move|p2a: Ting-Lu|Spikes|p1a: Scizor
|-sidestart|p1: peewee mcgee xxx|Spikes
|
|upkeep
|turn|14
|
|t:|1757938624
|switch|p1a: Cinderace|Cinderace, F|5/100
|-damage|p1a: Cinderace|0 fnt|[from] Stealth Rock
|faint|p1a: Cinderace
|move|p2a: Ting-Lu|Spikes|p1: Cinderace
|-sidestart|p1: peewee mcgee xxx|Spikes
|
|upkeep
|
|t:|1757938631
|switch|p1a: Scizor|Scizor, M|64/100
|-damage|p1a: Scizor|52/100|[from] Stealth Rock
|-damage|p1a: Scizor|27/100|[from] Spikes
|turn|15
|
|t:|1757938640
|move|p1a: Scizor|Close Combat|p2a: Ting-Lu
|-supereffective|p2a: Ting-Lu
|-damage|p2a: Ting-Lu|0 fnt
|-unboost|p1a: Scizor|def|1
|-unboost|p1a: Scizor|spd|1
|faint|p2a: Ting-Lu
|
|upkeep
|
|t:|1757938643
|switch|p2a: Moltres|Moltres|82/100
|turn|16
|
|t:|1757938650
|move|p2a: Moltres|U-turn|p1a: Scizor
|-resisted|p1a: Scizor
|-damage|p1a: Scizor|16/100
|
|t:|1757938652
|switch|p2a: Hydrapple|Hydrapple, M|100/100|[from] U-turn
|move|p1a: Scizor|Close Combat|p2a: Hydrapple
|-damage|p2a: Hydrapple|60/100
|-unboost|p1a: Scizor|def|1
|-unboost|p1a: Scizor|spd|1
|
|upkeep
|turn|17
|
|t:|1757938658
|switch|p2a: Moltres|Moltres|82/100
|move|p1a: Scizor|Close Combat|p2a: Moltres
|-resisted|p2a: Moltres
|-damage|p2a: Moltres|57/100
|-unboost|p1a: Scizor|def|1
|-unboost|p1a: Scizor|spd|1
|
|upkeep
|turn|18
|
|t:|1757938660
|move|p2a: Moltres|Roost|p2a: Moltres
|-heal|p2a: Moltres|100/100
|-singleturn|p2a: Moltres|move: Roost
|move|p1a: Scizor|Close Combat|p2a: Moltres
|-damage|p2a: Moltres|50/100
|-unboost|p1a: Scizor|def|1
|-unboost|p1a: Scizor|spd|1
|-status|p1a: Scizor|brn|[from] ability: Flame Body|[of] p2a: Moltres
|
|-damage|p1a: Scizor|10/100 brn|[from] brn
|upkeep
|turn|19
|
|t:|1757938665
|switch|p1a: Alomomola|Alomomola, M|100/100
|-damage|p1a: Alomomola|88/100|[from] Stealth Rock
|-damage|p1a: Alomomola|63/100|[from] Spikes
|move|p2a: Moltres|Roost|p2a: Moltres
|-heal|p2a: Moltres|99/100
|-singleturn|p2a: Moltres|move: Roost
|
|upkeep
|turn|20
|
|t:|1757938668
|move|p1a: Alomomola|Flip Turn|p2a: Moltres
|-supereffective|p2a: Moltres
|-damage|p2a: Moltres|75/100
|
|t:|1757938670
|switch|p1a: Scizor|Scizor, M|10/100 brn|[from] Flip Turn
|-damage|p1a: Scizor|0 fnt|[from] Stealth Rock
|faint|p1a: Scizor
|move|p2a: Moltres|Roar|p1: Scizor|[notarget]
|-fail|p2a: Moltres
|
|upkeep
|
|t:|1757938684
|switch|p1a: Alomomola|Alomomola, M|96/100
|-damage|p1a: Alomomola|84/100|[from] Stealth Rock
|-damage|p1a: Alomomola|59/100|[from] Spikes
|turn|21
|
|t:|1757938686
|move|p1a: Alomomola|Aqua Jet|p2a: Moltres
|-supereffective|p2a: Moltres
|-damage|p2a: Moltres|60/100
|move|p2a: Moltres|Roost|p2a: Moltres
|-heal|p2a: Moltres|100/100
|-singleturn|p2a: Moltres|move: Roost
|
|upkeep
|turn|22
|
|t:|1757938692
|move|p1a: Alomomola|Aqua Jet|p2a: Moltres
|-supereffective|p2a: Moltres
|-damage|p2a: Moltres|85/100
|move|p2a: Moltres|Roar|p1a: Alomomola
|drag|p1a: Sinistcha|Sinistcha-Masterpiece|100/100
|-damage|p1a: Sinistcha|88/100|[from] Stealth Rock
|-damage|p1a: Sinistcha|63/100|[from] Spikes
|
|-heal|p1a: Sinistcha|69/100|[from] item: Leftovers
|upkeep
|turn|23
|
|t:|1757938696
|move|p1a: Sinistcha|Strength Sap|p2a: Moltres
|-unboost|p2a: Moltres|atk|1
|-heal|p1a: Sinistcha|100/100
|move|p2a: Moltres|Roar|p1a: Sinistcha
|drag|p1a: Alomomola|Alomomola, M|92/100
|-damage|p1a: Alomomola|80/100|[from] Stealth Rock
|-damage|p1a: Alomomola|55/100|[from] Spikes
|
|upkeep
|turn|24
|
|t:|1757938704
|move|p1a: Alomomola|Aqua Jet|p2a: Moltres
|-supereffective|p2a: Moltres
|-damage|p2a: Moltres|69/100
|-status|p1a: Alomomola|brn|[from] ability: Flame Body|[of] p2a: Moltres
|move|p2a: Moltres|Roost|p2a: Moltres
|-heal|p2a: Moltres|100/100
|-singleturn|p2a: Moltres|move: Roost
|
|-damage|p1a: Alomomola|49/100 brn|[from] brn
|upkeep
|turn|25
|
|t:|1757938707
|move|p1a: Alomomola|Aqua Jet|p2a: Moltres
|-supereffective|p2a: Moltres
|-crit|p2a: Moltres
|-damage|p2a: Moltres|88/100
|move|p2a: Moltres|Roar|p1a: Alomomola
|drag|p1a: Sinistcha|Sinistcha-Masterpiece|100/100
|-damage|p1a: Sinistcha|88/100|[from] Stealth Rock
|-damage|p1a: Sinistcha|63/100|[from] Spikes
|
|-heal|p1a: Sinistcha|69/100|[from] item: Leftovers
|upkeep
|turn|26
|
|t:|1757938711
|move|p2a: Moltres|Flamethrower|p1a: Sinistcha
|-supereffective|p1a: Sinistcha
|-damage|p1a: Sinistcha|20/100
|move|p1a: Sinistcha|Strength Sap|p2a: Moltres
|-unboost|p2a: Moltres|atk|1
|-heal|p1a: Sinistcha|61/100
|
|-heal|p1a: Sinistcha|67/100|[from] item: Leftovers
|upkeep
|turn|27
|
|t:|1757938722
|switch|p1a: Alomomola|Alomomola, M|82/100 brn
|-damage|p1a: Alomomola|70/100 brn|[from] Stealth Rock
|-damage|p1a: Alomomola|45/100 brn|[from] Spikes
|move|p2a: Moltres|Flamethrower|p1a: Alomomola
|-resisted|p1a: Alomomola
|-damage|p1a: Alomomola|31/100 brn
|
|-damage|p1a: Alomomola|25/100 brn|[from] brn
|upkeep
|turn|28
|
|t:|1757938746
|move|p1a: Alomomola|Aqua Jet|p2a: Moltres
|-supereffective|p2a: Moltres
|-damage|p2a: Moltres|81/100
|move|p2a: Moltres|Roar|p1a: Alomomola
|drag|p1a: Zamazenta|Zamazenta|100/100
|-damage|p1a: Zamazenta|94/100|[from] Stealth Rock
|-damage|p1a: Zamazenta|69/100|[from] Spikes
|-ability|p1a: Zamazenta|Dauntless Shield|boost
|-boost|p1a: Zamazenta|def|1
|
|-heal|p1a: Zamazenta|76/100|[from] item: Leftovers
|upkeep
|turn|29
|
|t:|1757938758
|switch|p1a: Alomomola|Alomomola, M|58/100 brn
|-damage|p1a: Alomomola|46/100 brn|[from] Stealth Rock
|-damage|p1a: Alomomola|21/100 brn|[from] Spikes
|move|p2a: Moltres|Flamethrower|p1a: Alomomola
|-resisted|p1a: Alomomola
|-damage|p1a: Alomomola|8/100 brn
|
|-damage|p1a: Alomomola|2/100 brn|[from] brn
|upkeep
|turn|30
|
|t:|1757938766
|move|p1a: Alomomola|Aqua Jet|p2a: Moltres
|-supereffective|p2a: Moltres
|-damage|p2a: Moltres|73/100
|move|p2a: Moltres|Roar|p1a: Alomomola
|drag|p1a: Zamazenta|Zamazenta|76/100
|-damage|p1a: Zamazenta|69/100|[from] Stealth Rock
|-damage|p1a: Zamazenta|45/100|[from] Spikes
|
|-heal|p1a: Zamazenta|51/100|[from] item: Leftovers
|upkeep
|turn|31
|
|t:|1757938774
|switch|p1a: Alomomola|Alomomola, M|35/100 brn
|-damage|p1a: Alomomola|23/100 brn|[from] Stealth Rock
|-damage|p1a: Alomomola|0 fnt|[from] Spikes
|faint|p1a: Alomomola
|move|p2a: Moltres|Roost|p2a: Moltres
|-heal|p2a: Moltres|100/100
|-singleturn|p2a: Moltres|move: Roost
|
|upkeep
|
|t:|1757938777
|switch|p1a: Zamazenta|Zamazenta|51/100
|-damage|p1a: Zamazenta|45/100|[from] Stealth Rock
|-damage|p1a: Zamazenta|20/100|[from] Spikes
|turn|32
|
|t:|1757938785
|move|p1a: Zamazenta|Body Press|p2a: Moltres
|-resisted|p2a: Moltres
|-damage|p2a: Moltres|91/100
|move|p2a: Moltres|Roar|p1a: Zamazenta
|drag|p1a: Sinistcha|Sinistcha-Masterpiece|67/100
|-damage|p1a: Sinistcha|54/100|[from] Stealth Rock
|-damage|p1a: Sinistcha|29/100|[from] Spikes
|
|-heal|p1a: Sinistcha|36/100|[from] item: Leftovers
|upkeep
|turn|33
|
|t:|1757938790
|move|p2a: Moltres|Flamethrower|p1a: Sinistcha
|-supereffective|p1a: Sinistcha
|-damage|p1a: Sinistcha|0 fnt
|faint|p1a: Sinistcha
|
|upkeep
|j| Ctannn
|-message|peewee mcgee xxx forfeited.
|
|win|ABraviousTinkaton
|raw|peewee mcgee xxx's rating: 1756 &rarr; <strong>1728</strong><br />(-28 for losing)
|raw|ABraviousTinkaton's rating: 1615 &rarr; <strong>1643</strong><br />(+28 for winning)
|l|☆peewee mcgee xxx
|player|p1|
|l| Ctannn
