|j|☆amacklai
|j|☆Sr.Viejo01
|t:|1757902632
|gametype|singles
|player|p1|amacklai|1|1060
|player|p2|Sr.Viejo01|gentleman-gen4|1097
|gen|9
|tier|[Gen 9] OU
|rated|
|rule|HP Percentage Mod: HP is shown in percentages
|rule|Endless Battle Clause: Forcing endless battles is banned
|rule|Species Clause: Limit one of each Pokémon
|rule|OHKO Clause: OHKO moves are banned
|rule|Evasion Items Clause: Evasion items are banned
|rule|Evasion Moves Clause: Evasion moves are banned
|rule|Evasion Abilities Clause: Evasion abilities are banned
|rule|Sleep Moves Clause: Sleep-inducing moves are banned
|clearpoke
|poke|p1|Golem-Alola, M|
|poke|p1|Salazzle, F|
|poke|p1|Cetitan, M|
|poke|p1|Electrode-Hisui|
|poke|p1|Scrafty, F|
|poke|p1|Gliscor, M|
|poke|p2|Araquanid, F|
|poke|p2|Hatterene, F|
|poke|p2|Iron Moth|
|poke|p2|Dragonite, M|
|poke|p2|Garganacl, F|
|poke|p2|Rillaboom, M|
|teampreview
|inactive|Battle timer is ON: inactive players will automatically lose when time's up. (requested by Sr.Viejo01)
|
|t:|1757902645
|teamsize|p1|6
|teamsize|p2|6
|start
|switch|p1a: Electrode|Electrode-Hisui|100/100
|switch|p2a: Iron Moth|Iron Moth|100/100
|-enditem|p2a: Iron Moth|Booster Energy
|-activate|p2a: Iron Moth|ability: Quark Drive|[fromitem]
|-start|p2a: Iron Moth|quarkdrivespa
|turn|1
|
|t:|1757902654
|move|p1a: Electrode|Volt Switch|p2a: Iron Moth
|-damage|p2a: Iron Moth|57/100
|
|t:|1757902662
|switch|p1a: Golem|Golem-Alola, M|100/100|[from] Volt Switch
|move|p2a: Iron Moth|Fiery Dance|p1a: Golem
|-resisted|p1a: Golem
|-damage|p1a: Golem|62/100
|
|upkeep
|turn|2
|
|t:|1757902672
|move|p2a: Iron Moth|Energy Ball|p1a: Golem
|-supereffective|p1a: Golem
|-damage|p1a: Golem|0 fnt
|faint|p1a: Golem
|
|upkeep
|
|t:|1757902690
|switch|p1a: Cetitan|Cetitan, M|100/100
|turn|3
|
|t:|1757902696
|-terastallize|p1a: Cetitan|Fire
|move|p2a: Iron Moth|Fiery Dance|p1a: Cetitan
|-resisted|p1a: Cetitan
|-damage|p1a: Cetitan|91/100
|move|p1a: Cetitan|Curse|p1a: Cetitan
|-unboost|p1a: Cetitan|spe|1
|-boost|p1a: Cetitan|atk|1
|-boost|p1a: Cetitan|def|1
|
|-heal|p1a: Cetitan|97/100|[from] item: Leftovers
|upkeep
|turn|4
|
|t:|1757902711
|move|p2a: Iron Moth|Discharge|p1a: Cetitan
|-damage|p1a: Cetitan|72/100
|move|p1a: Cetitan|Curse|p1a: Cetitan
|-unboost|p1a: Cetitan|spe|1
|-boost|p1a: Cetitan|atk|1
|-boost|p1a: Cetitan|def|1
|
|-heal|p1a: Cetitan|78/100|[from] item: Leftovers
|upkeep
|turn|5
|
|t:|1757902724
|move|p2a: Iron Moth|Discharge|p1a: Cetitan
|-damage|p1a: Cetitan|54/100
|move|p1a: Cetitan|Liquidation|p2a: Iron Moth
|-supereffective|p2a: Iron Moth
|-damage|p2a: Iron Moth|0 fnt
|faint|p2a: Iron Moth
|-end|p2a: Iron Moth|Quark Drive|[silent]
|
|-heal|p1a: Cetitan|60/100|[from] item: Leftovers
|upkeep
|
|t:|1757902735
|switch|p2a: Garganacl|Garganacl, F|100/100
|turn|6
|
|t:|1757902742
|-terastallize|p2a: Garganacl|Water
|move|p2a: Garganacl|Salt Cure|p1a: Cetitan
|-supereffective|p1a: Cetitan
|-damage|p1a: Cetitan|47/100
|-start|p1a: Cetitan|Salt Cure
|move|p1a: Cetitan|Liquidation|p2a: Garganacl
|-resisted|p2a: Garganacl
|-damage|p2a: Garganacl|88/100
|-unboost|p2a: Garganacl|def|1
|
|-heal|p2a: Garganacl|94/100|[from] item: Leftovers
|-heal|p1a: Cetitan|53/100|[from] item: Leftovers
|-damage|p1a: Cetitan|40/100|[from] Salt Cure
|upkeep
|turn|7
|
|t:|1757902756
|switch|p2a: Rillaboom|Rillaboom, M|100/100
|-fieldstart|move: Grassy Terrain|[from] ability: Grassy Surge|[of] p2a: Rillaboom
|move|p1a: Cetitan|Superpower|p2a: Rillaboom
|-damage|p2a: Rillaboom|43/100
|-unboost|p1a: Cetitan|atk|1
|-unboost|p1a: Cetitan|def|1
|
|-heal|p2a: Rillaboom|49/100|[from] Grassy Terrain
|-heal|p1a: Cetitan|47/100|[from] Grassy Terrain
|-heal|p1a: Cetitan|53/100|[from] item: Leftovers
|-damage|p1a: Cetitan|40/100|[from] Salt Cure
|upkeep
|turn|8
|
|t:|1757902770
|move|p1a: Cetitan|Ice Shard|p2a: Rillaboom
|-supereffective|p2a: Rillaboom
|-damage|p2a: Rillaboom|3/100
|move|p2a: Rillaboom|Drain Punch|p1a: Cetitan
|-damage|p1a: Cetitan|23/100
|-heal|p2a: Rillaboom|14/100|[from] drain|[of] p1a: Cetitan
|
|-heal|p2a: Rillaboom|20/100|[from] Grassy Terrain
|-heal|p1a: Cetitan|29/100|[from] Grassy Terrain
|-heal|p1a: Cetitan|35/100|[from] item: Leftovers
|-damage|p1a: Cetitan|23/100|[from] Salt Cure
|upkeep
|turn|9
|
|t:|1757902786
|move|p2a: Rillaboom|Grassy Glide|p1a: Cetitan
|-resisted|p1a: Cetitan
|-damage|p1a: Cetitan|12/100
|move|p1a: Cetitan|Superpower|p2a: Rillaboom
|-damage|p2a: Rillaboom|0 fnt
|-unboost|p1a: Cetitan|atk|1
|-unboost|p1a: Cetitan|def|1
|faint|p2a: Rillaboom
|
|-heal|p1a: Cetitan|18/100|[from] Grassy Terrain
|-heal|p1a: Cetitan|24/100|[from] item: Leftovers
|-damage|p1a: Cetitan|12/100|[from] Salt Cure
|upkeep
|
|t:|1757902793
|switch|p2a: Dragonite|Dragonite, M|100/100
|turn|10
|
|t:|1757902804
|move|p1a: Cetitan|Ice Shard|p2a: Dragonite
|-supereffective|p2a: Dragonite
|-damage|p2a: Dragonite|71/100
|-enditem|p2a: Dragonite|Weakness Policy
|-boost|p2a: Dragonite|atk|2|[from] item: Weakness Policy
|-boost|p2a: Dragonite|spa|2|[from] item: Weakness Policy
|move|p2a: Dragonite|Agility|p2a: Dragonite
|-boost|p2a: Dragonite|spe|2
|
|-heal|p1a: Cetitan|18/100|[from] Grassy Terrain
|-heal|p1a: Cetitan|24/100|[from] item: Leftovers
|-damage|p1a: Cetitan|12/100|[from] Salt Cure
|upkeep
|turn|11
|
|t:|1757902817
|move|p2a: Dragonite|Extreme Speed|p1a: Cetitan
|-damage|p1a: Cetitan|0 fnt
|faint|p1a: Cetitan
|
|-fieldend|move: Grassy Terrain
|upkeep
|
|t:|1757902828
|switch|p1a: Electrode|Electrode-Hisui|100/100
|turn|12
|
|t:|1757902838
|move|p2a: Dragonite|Extreme Speed|p1a: Electrode
|-damage|p1a: Electrode|0 fnt
|-damage|p2a: Dragonite|46/100|[from] ability: Aftermath|[of] p1a: Electrode
|faint|p1a: Electrode
|
|upkeep
|
|t:|1757902850
|switch|p1a: Gliscor|Gliscor, M|100/100
|turn|13
|
|t:|1757902853
|move|p2a: Dragonite|Waterfall|p1a: Gliscor
|-supereffective|p1a: Gliscor
|-damage|p1a: Gliscor|0 fnt
|faint|p1a: Gliscor
|
|upkeep
|-message|amacklai forfeited.
|
|win|Sr.Viejo01
|raw|amacklai's rating: 1060 &rarr; <strong>1043</strong><br />(-17 for losing)
|raw|Sr.Viejo01's rating: 1097 &rarr; <strong>1120</strong><br />(+23 for winning)
|l|☆amacklai
|player|p1|
|l|☆Sr.Viejo01
|player|p2|
