|inactive|Battle timer is ON: inactive players will automatically lose when time's up.
|t:|1757872657
|gametype|singles
|player|p1|storm zone|#wcop2021latinamerica|
|player|p2|heileone2|pokemonbreederf-gen4|
|gen|9
|tier|[Gen 9] OU
|rule|HP Percentage Mod: HP is shown in percentages
|rule|Endless Battle Clause: Forcing endless battles is banned
|rule|Species Clause: Limit one of each Pokémon
|rule|OHKO Clause: OHKO moves are banned
|rule|Evasion Items Clause: Evasion items are banned
|rule|Evasion Moves Clause: Evasion moves are banned
|rule|Evasion Abilities Clause: Evasion abilities are banned
|rule|Sleep Moves Clause: Sleep-inducing moves are banned
|clearpoke
|poke|p1|Primarina, M|
|poke|p1|Great Tusk|
|poke|p1|Kingambit, M|
|poke|p1|Slowking-Galar, M|
|poke|p1|Ogerpon, F|
|poke|p1|Dragonite, M|
|poke|p2|Landorus-Therian, M|
|poke|p2|Gholdengo|
|poke|p2|Zamazenta-*|
|poke|p2|Dragonite, F|
|poke|p2|Primarina, F|
|poke|p2|Great Tusk|
|teampreview
|c|☆heileone2|hf
|inactive|storm zone has 270 seconds left.
|inactive|heileone2 has 270 seconds left.
|c|☆storm zone|u
|c|☆storm zone|u2*
|raw|<div class="broadcast-red"><strong>Moderated chat was set to ☆!</strong><br />Only users of rank ☆ and higher can talk.</div>
|inactive|storm zone has 240 seconds left.
|inactive|heileone2 has 240 seconds left.
|
|t:|1757872721
|teamsize|p1|6
|teamsize|p2|6
|start
|switch|p1a: Anonymous|Ogerpon, F|100/100
|switch|p2a: Gholdengo|Gholdengo|100/100
|turn|1
|
|t:|1757872745
|move|p1a: Anonymous|Knock Off|p2a: Gholdengo
|-supereffective|p2a: Gholdengo
|-damage|p2a: Gholdengo|21/100
|-enditem|p2a: Gholdengo|Covert Cloak|[from] move: Knock Off|[of] p1a: Anonymous
|move|p2a: Gholdengo|Make It Rain|p1a: Anonymous
|-damage|p1a: Anonymous|26/100
|-unboost|p2a: Gholdengo|spa|1
|
|upkeep
|turn|2
|
|t:|1757872758
|switch|p2a: Great Tusk|Great Tusk|100/100
|-enditem|p2a: Great Tusk|Booster Energy
|-activate|p2a: Great Tusk|ability: Protosynthesis|[fromitem]
|-start|p2a: Great Tusk|protosynthesisatk
|move|p1a: Anonymous|Knock Off|p2a: Great Tusk
|-resisted|p2a: Great Tusk
|-damage|p2a: Great Tusk|89/100
|
|upkeep
|turn|3
|
|t:|1757872764
|switch|p1a: Behemoth|Great Tusk, shiny|100/100
|move|p2a: Great Tusk|Bulk Up|p2a: Great Tusk
|-boost|p2a: Great Tusk|atk|1
|-boost|p2a: Great Tusk|def|1
|
|upkeep
|turn|4
|
|t:|1757872779
|move|p1a: Behemoth|Ice Spinner|p2a: Great Tusk
|-supereffective|p2a: Great Tusk
|-damage|p2a: Great Tusk|63/100
|move|p2a: Great Tusk|Bulk Up|p2a: Great Tusk
|-boost|p2a: Great Tusk|atk|1
|-boost|p2a: Great Tusk|def|1
|
|upkeep
|turn|5
|
|t:|1757872806
|move|p2a: Great Tusk|Rapid Spin|p1a: Behemoth
|-damage|p1a: Behemoth|69/100
|-boost|p2a: Great Tusk|spe|1
|-damage|p2a: Great Tusk|47/100|[from] item: Rocky Helmet|[of] p1a: Behemoth
|move|p1a: Behemoth|Stealth Rock|p2a: Great Tusk
|-sidestart|p2: heileone2|move: Stealth Rock
|
|upkeep
|turn|6
|
|t:|1757872823
|move|p2a: Great Tusk|Ice Spinner|p1a: Behemoth
|-supereffective|p1a: Behemoth
|-damage|p1a: Behemoth|0 fnt
|-damage|p2a: Great Tusk|30/100|[from] item: Rocky Helmet|[of] p1a: Behemoth
|faint|p1a: Behemoth
|-end|p1a: Behemoth|Protosynthesis|[silent]
|
|upkeep
|
|t:|1757872828
|switch|p1a: Anonymous|Ogerpon, F|26/100
|turn|7
|inactive|heileone2 has 270 seconds left.
|
|t:|1757872857
|-terastallize|p1a: Anonymous|Grass
|detailschange|p1a: Anonymous|Ogerpon-Teal-Tera, F, tera:Grass
|-ability|p1a: Anonymous|Embody Aspect (Teal)|boost
|-boost|p1a: Anonymous|spe|1
|move|p1a: Anonymous|Ivy Cudgel|p2a: Great Tusk
|-supereffective|p2a: Great Tusk
|-damage|p2a: Great Tusk|0 fnt
|faint|p2a: Great Tusk
|-end|p2a: Great Tusk|Protosynthesis|[silent]
|
|upkeep
|inactive|heileone2 has 270 seconds left.
|
|t:|1757872863
|switch|p2a: Dragonite|Dragonite, F|100/100
|turn|8
|
|t:|1757872867
|switch|p1a: Leviathan|Dragonite, M, shiny|100/100
|move|p2a: Dragonite|Dragon Dance|p2a: Dragonite
|-boost|p2a: Dragonite|atk|1
|-boost|p2a: Dragonite|spe|1
|
|upkeep
|turn|9
|
|t:|1757872874
|move|p2a: Dragonite|Extreme Speed|p1a: Leviathan
|-damage|p1a: Leviathan|75/100
|move|p1a: Leviathan|Scale Shot|p2a: Dragonite
|-supereffective|p2a: Dragonite
|-damage|p2a: Dragonite|87/100
|-supereffective|p2a: Dragonite
|-damage|p2a: Dragonite|62/100
|-supereffective|p2a: Dragonite
|-damage|p2a: Dragonite|36/100
|-supereffective|p2a: Dragonite
|-crit|p2a: Dragonite
|-damage|p2a: Dragonite|0 fnt
|faint|p2a: Dragonite
|-hitcount|p2: Dragonite|4
|-unboost|p1a: Leviathan|def|1
|-boost|p1a: Leviathan|spe|1
|
|upkeep
|
|t:|1757872877
|switch|p2a: Primarina|Primarina, F|100/100
|-damage|p2a: Primarina|88/100|[from] Stealth Rock
|turn|10
|
|t:|1757872898
|move|p1a: Leviathan|Fire Punch|p2a: Primarina
|-resisted|p2a: Primarina
|-damage|p2a: Primarina|72/100
|move|p2a: Primarina|Moonblast|p1a: Leviathan
|-supereffective|p1a: Leviathan
|-damage|p1a: Leviathan|0 fnt
|faint|p1a: Leviathan
|
|upkeep
|inactive|storm zone has 270 seconds left.
|
|t:|1757872919
|switch|p1a: Overgod|Kingambit, M, shiny|100/100
|-activate|p1a: Overgod|ability: Supreme Overlord
|-start|p1a: Overgod|fallen2|[silent]
|turn|11
|
|t:|1757872943
|switch|p2a: Gholdengo|Gholdengo|21/100
|-damage|p2a: Gholdengo|15/100|[from] Stealth Rock
|move|p1a: Overgod|Iron Head|p2a: Gholdengo
|-resisted|p2a: Gholdengo
|-crit|p2a: Gholdengo
|-damage|p2a: Gholdengo|0 fnt
|faint|p2a: Gholdengo
|
|upkeep
|
|t:|1757872944
|switch|p2a: Landorus|Landorus-Therian, M|100/100
|-damage|p2a: Landorus|88/100|[from] Stealth Rock
|-ability|p2a: Landorus|Intimidate|boost
|-unboost|p1a: Overgod|atk|1
|turn|12
|
|t:|1757872960
|move|p1a: Overgod|Sucker Punch|p2a: Landorus
|-damage|p2a: Landorus|53/100
|-damage|p1a: Overgod|84/100|[from] item: Rocky Helmet|[of] p2a: Landorus
|move|p2a: Landorus|Earthquake|p1a: Overgod
|-supereffective|p1a: Overgod
|-damage|p1a: Overgod|20/100
|
|-heal|p1a: Overgod|26/100|[from] item: Leftovers
|upkeep
|turn|13
|
|t:|1757872965
|move|p1a: Overgod|Sucker Punch||[still]
|-fail|p1a: Overgod
|move|p2a: Landorus|Stealth Rock|p1a: Overgod
|-sidestart|p1: storm zone|move: Stealth Rock
|
|-heal|p1a: Overgod|32/100|[from] item: Leftovers
|upkeep
|turn|14
|
|t:|1757872969
|move|p1a: Overgod|Sucker Punch|p2a: Landorus
|-damage|p2a: Landorus|23/100
|-damage|p1a: Overgod|16/100|[from] item: Rocky Helmet|[of] p2a: Landorus
|move|p2a: Landorus|Earthquake|p1a: Overgod
|-supereffective|p1a: Overgod
|-damage|p1a: Overgod|0 fnt
|faint|p1a: Overgod
|-end|p1a: Overgod|fallen2|[silent]
|
|upkeep
|
|t:|1757872974
|switch|p1a: Anonymous|Ogerpon-Teal-Tera, F, tera:Grass|26/100
|-damage|p1a: Anonymous|13/100|[from] Stealth Rock
|-ability|p1a: Anonymous|Embody Aspect (Teal)|boost
|-boost|p1a: Anonymous|spe|1
|turn|15
|inactive|heileone2 has 270 seconds left.
|inactive|heileone2 has 240 seconds left.
|
|t:|1757873047
|switch|p2a: Zamazenta|Zamazenta|100/100
|-damage|p2a: Zamazenta|94/100|[from] Stealth Rock
|-ability|p2a: Zamazenta|Dauntless Shield|boost
|-boost|p2a: Zamazenta|def|1
|move|p1a: Anonymous|Ivy Cudgel|p2a: Zamazenta
|-damage|p2a: Zamazenta|42/100
|
|-heal|p2a: Zamazenta|48/100|[from] item: Leftovers
|upkeep
|turn|16
|
|t:|1757873064
|switch|p1a: Celestine|Primarina, M, shiny|100/100
|-damage|p1a: Celestine|88/100|[from] Stealth Rock
|move|p2a: Zamazenta|Crunch|p1a: Celestine
|-resisted|p1a: Celestine
|-damage|p1a: Celestine|72/100
|-unboost|p1a: Celestine|def|1
|
|-heal|p2a: Zamazenta|55/100|[from] item: Leftovers
|-heal|p1a: Celestine|78/100|[from] item: Leftovers
|upkeep
|turn|17
|
|t:|1757873073
|move|p2a: Zamazenta|Body Press|p1a: Celestine
|-resisted|p1a: Celestine
|-damage|p1a: Celestine|23/100
|move|p1a: Celestine|Psychic Noise|p2a: Zamazenta
|-damage|p2a: Zamazenta|20/100
|-start|p2a: Zamazenta|move: Heal Block
|
|-heal|p1a: Celestine|29/100|[from] item: Leftovers
|upkeep
|turn|18
|
|t:|1757873079
|switch|p1a: Mantra|Slowking-Galar, M, shiny|100/100
|-damage|p1a: Mantra|88/100|[from] Stealth Rock
|move|p2a: Zamazenta|Body Press|p1a: Mantra
|-resisted|p1a: Mantra
|-damage|p1a: Mantra|79/100
|
|-end|p2a: Zamazenta|move: Heal Block
|upkeep
|turn|19
|
|t:|1757873088
|move|p2a: Zamazenta|Crunch|p1a: Mantra
|-supereffective|p1a: Mantra
|-damage|p1a: Mantra|50/100
|move|p1a: Mantra|Sludge Bomb|p2a: Zamazenta
|-damage|p2a: Zamazenta|0 fnt
|faint|p2a: Zamazenta
|
|upkeep
|
|t:|1757873092
|switch|p2a: Landorus|Landorus-Therian, M|23/100
|-damage|p2a: Landorus|11/100|[from] Stealth Rock
|-ability|p2a: Landorus|Intimidate|boost
|-unboost|p1a: Mantra|atk|1
|turn|20
|
|t:|1757873104
|switch|p1a: Celestine|Primarina, M, shiny|29/100
|-damage|p1a: Celestine|17/100|[from] Stealth Rock
|move|p2a: Landorus|Earthquake|p1a: Celestine
|-damage|p1a: Celestine|0 fnt
|faint|p1a: Celestine
|
|upkeep
|
|t:|1757873106
|switch|p1a: Anonymous|Ogerpon-Teal-Tera, F, tera:Grass|13/100
|-damage|p1a: Anonymous|1/100|[from] Stealth Rock
|-ability|p1a: Anonymous|Embody Aspect (Teal)|boost
|-boost|p1a: Anonymous|spe|1
|turn|21
|
|t:|1757873109
|move|p1a: Anonymous|Ivy Cudgel|p2a: Landorus
|-damage|p2a: Landorus|0 fnt
|faint|p2a: Landorus
|
|upkeep
|
|t:|1757873110
|switch|p2a: Primarina|Primarina, F|72/100
|-damage|p2a: Primarina|60/100|[from] Stealth Rock
|turn|22
|
|t:|1757873113
|-terastallize|p2a: Primarina|Steel
|move|p1a: Anonymous|Ivy Cudgel|p2a: Primarina
|-resisted|p2a: Primarina
|-crit|p2a: Primarina
|-damage|p2a: Primarina|0 fnt
|faint|p2a: Primarina
|
|win|storm zone
|c|☆heileone2|ggs
|c|☆storm zone|Gg
|player|p2|
