|j|☆isaac_lmaoo
|j|☆liwangjian
|t:|1757844690
|gametype|singles
|player|p1|isaac_lmaoo|lucas|1285
|player|p2|liwangjian|clair|1227
|gen|9
|tier|[Gen 9] OU
|rated|
|rule|HP Percentage Mod: HP is shown in percentages
|rule|Endless Battle Clause: Forcing endless battles is banned
|rule|Species Clause: Limit one of each Pokémon
|rule|OHKO Clause: OHKO moves are banned
|rule|Evasion Items Clause: Evasion items are banned
|rule|Evasion Moves Clause: Evasion moves are banned
|rule|Evasion Abilities Clause: Evasion abilities are banned
|rule|Sleep Moves Clause: Sleep-inducing moves are banned
|clearpoke
|poke|p1|Yanmega, M|
|poke|p1|Ogerpon, F|
|poke|p1|Hydreigon, M|
|poke|p1|Magnezone|
|poke|p1|Conkeldurr, M|
|poke|p1|Minior|
|poke|p2|Pelipper, M|
|poke|p2|Greninja-*, M|
|poke|p2|Basculegion, M|
|poke|p2|Zapdos|
|poke|p2|Sandy Shocks|
|poke|p2|Scizor, M|
|teampreview
|inactive|Battle timer is ON: inactive players will automatically lose when time's up. (requested by isaac_lmaoo)
|
|t:|1757844711
|teamsize|p1|6
|teamsize|p2|6
|start
|switch|p1a: DefHydreigon|Hydreigon, M, shiny|100/100
|switch|p2a: Sandy Shocks|Sandy Shocks, shiny|100/100
|-enditem|p2a: Sandy Shocks|Booster Energy
|-activate|p2a: Sandy Shocks|ability: Protosynthesis|[fromitem]
|-start|p2a: Sandy Shocks|protosynthesisspe
|turn|1
|
|t:|1757844724
|-terastallize|p2a: Sandy Shocks|Ice
|move|p2a: Sandy Shocks|Tera Blast|p1a: DefHydreigon|[anim] Tera Blast Ice
|-supereffective|p1a: DefHydreigon
|-damage|p1a: DefHydreigon|19/100
|move|p1a: DefHydreigon|Dragon Dance|p1a: DefHydreigon
|-boost|p1a: DefHydreigon|atk|1
|-boost|p1a: DefHydreigon|spe|1
|
|upkeep
|turn|2
|c|☆isaac_lmaoo|!dt sandy
|raw|<div class="message"><ul class="utilichart"><li class="result"><span class="col numcol">UU</span> <span class="col iconcol"><psicon pokemon="sandyshocks"/></span> <span class="col pokemonnamecol" style="white-space:nowrap"><a href="https://dex.pokemonshowdown.com/pokemon/sandyshocks" target="_blank">Sandy Shocks</a></span> <span class="col typecol"><img src="https://play.pokemonshowdown.com/sprites/types/Electric.png" alt="Electric" height="14" width="32"><img src="https://play.pokemonshowdown.com/sprites/types/Ground.png" alt="Ground" height="14" width="32"></span> <span style="float:left;min-height:26px"><span class="col abilitycol">Protosynthesis</span><span class="col abilitycol"></span></span><span style="float:left;min-height:26px"><span class="col statcol"><em>HP</em><br />85</span> <span class="col statcol"><em>Atk</em><br />81</span> <span class="col statcol"><em>Def</em><br />97</span> <span class="col statcol"><em>SpA</em><br />121</span> <span class="col statcol"><em>SpD</em><br />85</span> <span class="col statcol"><em>Spe</em><br />101</span> <span class="col bstcol"><em>BST<br />570</em></span> </span></li><li style="clear:both"></li></ul></div>
|raw|<font size="1"><font color="#686868">Dex#:</font> 989&nbsp;|&ThickSpace;<font color="#686868">Gen:</font> 9&nbsp;|&ThickSpace;<font color="#686868">Height:</font> 2.3 m&nbsp;|&ThickSpace;<font color="#686868">Weight:</font> 60 kg <em>(80 BP)</em>&nbsp;|&ThickSpace;<font color="#686868">Dex Colour:</font> Gray&nbsp;|&ThickSpace;<font color="#686868">Egg Group(s):</font> Undiscovered&nbsp;|&ThickSpace;<font color="#686868">Does Not Evolve</font></font>

|inactive|isaac_lmaoo has 120 seconds left.
|
|t:|1757844756
|move|p2a: Sandy Shocks|Tera Blast|p1a: DefHydreigon|[anim] Tera Blast Ice
|-supereffective|p1a: DefHydreigon
|-damage|p1a: DefHydreigon|0 fnt
|faint|p1a: DefHydreigon
|
|upkeep
|inactive|isaac_lmaoo has 120 seconds left.
|
|t:|1757844766
|switch|p1a: Conkeldurr|Conkeldurr, M|100/100
|turn|3
|
|t:|1757844779
|-end|p2a: Sandy Shocks|Protosynthesis|[silent]
|switch|p2a: Pelipper|Pelipper, M|100/100
|-weather|RainDance|[from] ability: Drizzle|[of] p2a: Pelipper
|move|p1a: Conkeldurr|Drain Punch|p2a: Pelipper
|-resisted|p2a: Pelipper
|-damage|p2a: Pelipper|78/100
|
|-weather|RainDance|[upkeep]
|-status|p1a: Conkeldurr|brn|[from] item: Flame Orb
|upkeep
|turn|4
|
|t:|1757844793
|switch|p1a: crying baby|Magnezone|100/100
|move|p2a: Pelipper|U-turn|p1a: crying baby
|-resisted|p1a: crying baby
|-damage|p1a: crying baby|97/100
|
|t:|1757844800
|switch|p2a: Zapdos|Zapdos|100/100|[from] U-turn
|
|-weather|RainDance|[upkeep]
|upkeep
|turn|5
|
|t:|1757844806
|move|p2a: Zapdos|Heat Wave|p1a: crying baby
|-supereffective|p1a: crying baby
|-damage|p1a: crying baby|67/100
|move|p1a: crying baby|Volt Switch|p2a: Zapdos
|-damage|p2a: Zapdos|30/100
|
|t:|1757844833
|switch|p1a: Tera|Ogerpon, F|100/100|[from] Volt Switch
|
|-weather|RainDance|[upkeep]
|upkeep
|turn|6
|
|t:|1757844843
|move|p1a: Tera|Knock Off|p2a: Zapdos
|-damage|p2a: Zapdos|0 fnt
|-enditem|p2a: Zapdos|Heavy-Duty Boots|[from] move: Knock Off|[of] p1a: Tera
|faint|p2a: Zapdos
|
|-weather|RainDance|[upkeep]
|upkeep
|
|t:|1757844853
|switch|p2a: Basculegion|Basculegion, M|100/100
|turn|7
|
|t:|1757844858
|move|p2a: Basculegion|Double-Edge|p1a: Tera
|-damage|p1a: Tera|23/100
|-damage|p2a: Basculegion|80/100|[from] Recoil
|move|p1a: Tera|Knock Off|p2a: Basculegion
|-supereffective|p2a: Basculegion
|-damage|p2a: Basculegion|0 fnt
|-enditem|p2a: Basculegion|Choice Band|[from] move: Knock Off|[of] p1a: Tera
|faint|p2a: Basculegion
|
|-weather|RainDance|[upkeep]
|upkeep
|
|t:|1757844867
|switch|p2a: Scizor|Scizor, M|100/100
|turn|8
|
|t:|1757844871
|switch|p1a: Conkeldurr|Conkeldurr, M|100/100 brn
|move|p2a: Scizor|U-turn|p1a: Conkeldurr
|-resisted|p1a: Conkeldurr
|-damage|p1a: Conkeldurr|85/100 brn
|
|t:|1757844883
|switch|p2a: Pelipper|Pelipper, M|78/100|[from] U-turn
|
|-weather|RainDance|[upkeep]
|-damage|p1a: Conkeldurr|79/100 brn|[from] brn
|upkeep
|turn|9
|
|t:|1757844897
|switch|p1a: crying baby|Magnezone|67/100
|move|p2a: Pelipper|Surf|p1a: crying baby
|-damage|p1a: crying baby|0 fnt
|faint|p1a: crying baby
|
|-weather|RainDance|[upkeep]
|upkeep
|
|t:|1757844905
|switch|p1a: Spectacles|Yanmega, M, shiny|100/100
|turn|10
|
|t:|1757844933
|move|p1a: Spectacles|Bug Buzz|p2a: Pelipper
|-resisted|p2a: Pelipper
|-crit|p2a: Pelipper
|-damage|p2a: Pelipper|0 fnt
|faint|p2a: Pelipper
|
|-weather|none
|upkeep
|inactive|liwangjian has 120 seconds left.
|
|t:|1757844955
|switch|p2a: Sandy Shocks|Sandy Shocks, shiny, tera:Ice|100/100
|turn|11
|
|t:|1757844964
|switch|p1a: Minior|Minior|100/100
|-formechange|p1a: Minior|Minior-Meteor||[from] ability: Shields Down
|move|p2a: Sandy Shocks|Thunderbolt|p1a: Minior
|-supereffective|p1a: Minior
|-crit|p1a: Minior
|-damage|p1a: Minior|0 fnt
|faint|p1a: Minior
|
|upkeep
|
|t:|1757844967
|switch|p1a: Conkeldurr|Conkeldurr, M|79/100 brn
|turn|12
|inactive|liwangjian has 120 seconds left.
|inactive|liwangjian has 90 seconds left.
|
|t:|1757845024
|move|p2a: Sandy Shocks|Earth Power|p1a: Conkeldurr
|-damage|p1a: Conkeldurr|26/100 brn
|move|p1a: Conkeldurr|Drain Punch|p2a: Sandy Shocks
|-supereffective|p2a: Sandy Shocks
|-damage|p2a: Sandy Shocks|0 fnt
|-heal|p1a: Conkeldurr|72/100 brn|[from] drain|[of] p2a: Sandy Shocks
|faint|p2a: Sandy Shocks
|-end|p2a: Sandy Shocks|Protosynthesis|[silent]
|
|-damage|p1a: Conkeldurr|66/100 brn|[from] brn
|upkeep
|
|t:|1757845036
|switch|p2a: Greninja|Greninja, M|100/100
|turn|13
|
|t:|1757845055
|move|p2a: Greninja|Water Shuriken|p1a: Conkeldurr
|-damage|p1a: Conkeldurr|55/100 brn
|-damage|p1a: Conkeldurr|43/100 brn
|-damage|p1a: Conkeldurr|32/100 brn
|-damage|p1a: Conkeldurr|20/100 brn
|-hitcount|p1a: Conkeldurr|4
|-damage|p2a: Greninja|91/100|[from] item: Life Orb
|move|p1a: Conkeldurr|Mach Punch|p2a: Greninja
|-supereffective|p2a: Greninja
|-damage|p2a: Greninja|0 fnt
|faint|p2a: Greninja
|
|-damage|p1a: Conkeldurr|14/100 brn|[from] brn
|upkeep
|
|t:|1757845067
|switch|p2a: Scizor|Scizor, M|100/100
|turn|14
|
|t:|1757845074
|move|p2a: Scizor|Bullet Punch|p1a: Conkeldurr
|-damage|p1a: Conkeldurr|0 fnt
|faint|p1a: Conkeldurr
|
|upkeep
|
|t:|1757845077
|switch|p1a: Spectacles|Yanmega, M, shiny|100/100
|turn|15
|inactive|liwangjian has 90 seconds left.
|
|t:|1757845091
|move|p2a: Scizor|Bullet Punch|p1a: Spectacles
|-damage|p1a: Spectacles|59/100
|move|p1a: Spectacles|Bug Buzz|p2a: Scizor
|-resisted|p2a: Scizor
|-damage|p2a: Scizor|30/100
|
|upkeep
|turn|16
|inactive|liwangjian has 90 seconds left.
|
|t:|1757845099
|move|p2a: Scizor|Bullet Punch|p1a: Spectacles
|-damage|p1a: Spectacles|15/100
|move|p1a: Spectacles|Bug Buzz|p2a: Scizor
|-resisted|p2a: Scizor
|-damage|p2a: Scizor|0 fnt
|faint|p2a: Scizor
|
|win|isaac_lmaoo
|raw|isaac_lmaoo's rating: 1285 &rarr; <strong>1306</strong><br />(+21 for winning)
|raw|liwangjian's rating: 1227 &rarr; <strong>1206</strong><br />(-21 for losing)
|l|☆isaac_lmaoo
|player|p1|
|l|☆liwangjian
|player|p2|
