|j|‽Robin6766
|j|‽DOMINICANO 55
|t:|1757894793
|gametype|singles
|player|p1|Robin6766|red|1272
|player|p2|DOMINICANO 55|1|1270
|gen|9
|tier|[Gen 9] OU
|rated|
|rule|HP Percentage Mod: HP is shown in percentages
|rule|Endless Battle Clause: Forcing endless battles is banned
|rule|Species Clause: Limit one of each Pokémon
|rule|OHKO Clause: OHKO moves are banned
|rule|Evasion Items Clause: Evasion items are banned
|rule|Evasion Moves Clause: Evasion moves are banned
|rule|Evasion Abilities Clause: Evasion abilities are banned
|rule|Sleep Moves Clause: Sleep-inducing moves are banned
|clearpoke
|poke|p1|Great Tusk|
|poke|p1|Ogerpon-Cornerstone, F|
|poke|p1|Quaquaval, F|
|poke|p1|Zapdos-Galar|
|poke|p1|Pecharunt|
|poke|p1|Meowscarada, M|
|poke|p2|Cinderace, F|
|poke|p2|Swampert, M|
|poke|p2|Goodra, M|
|poke|p2|Corviknight, F|
|poke|p2|Weezing-Galar, M|
|poke|p2|Conkeldurr, M|
|teampreview
|inactive|Battle timer is ON: inactive players will automatically lose when time's up. (requested by Robin6766)
|inactive|Robin6766 has 120 seconds left.
|
|t:|1757894826
|teamsize|p1|6
|teamsize|p2|6
|start
|switch|p1a: Zapdos|Zapdos-Galar|100/100
|switch|p2a: Corviknight|Corviknight, F|100/100
|turn|1
|
|t:|1757894846
|move|p1a: Zapdos|Knock Off|p2a: Corviknight
|-damage|p2a: Corviknight|68/100
|-enditem|p2a: Corviknight|Leftovers|[from] move: Knock Off|[of] p1a: Zapdos
|move|p2a: Corviknight|Bulk Up|p2a: Corviknight
|-boost|p2a: Corviknight|atk|1
|-boost|p2a: Corviknight|def|1
|
|upkeep
|turn|2
|
|t:|1757894860
|switch|p1a: Pecharunt|Pecharunt|100/100
|move|p2a: Corviknight|Brave Bird|p1a: Pecharunt
|-damage|p1a: Pecharunt|62/100
|-damage|p2a: Corviknight|51/100|[from] item: Rocky Helmet|[of] p1a: Pecharunt
|-damage|p2a: Corviknight|36/100|[from] Recoil
|
|upkeep
|turn|3
|
|t:|1757894879
|switch|p2a: Goodra|Goodra, M|100/100
|move|p1a: Pecharunt|Parting Shot|p2a: Goodra
|-unboost|p2a: Goodra|atk|1
|-unboost|p2a: Goodra|spa|1
|inactive|Robin6766 has 120 seconds left.
|
|t:|1757894890
|switch|p1a: Meowscarada|Meowscarada, M|100/100|[from] Parting Shot
|
|upkeep
|turn|4
|
|t:|1757894900
|-terastallize|p2a: Goodra|Poison
|move|p1a: Meowscarada|Triple Axel|p2a: Goodra
|-start|p1a: Meowscarada|typechange|Ice|[from] ability: Protean
|-damage|p2a: Goodra|90/100
|-damage|p2a: Goodra|68/100
|-damage|p2a: Goodra|35/100
|-hitcount|p2a: Goodra|3
|move|p2a: Goodra|Acid Armor|p2a: Goodra
|-boost|p2a: Goodra|def|2
|
|-heal|p2a: Goodra|41/100|[from] item: Leftovers
|upkeep
|turn|5
|
|t:|1757894915
|move|p1a: Meowscarada|Triple Axel|p2a: Goodra
|-damage|p2a: Goodra|35/100
|-damage|p2a: Goodra|23/100
|-damage|p2a: Goodra|6/100
|-hitcount|p2a: Goodra|3
|move|p2a: Goodra|Body Press|p1a: Meowscarada
|-supereffective|p1a: Meowscarada
|-damage|p1a: Meowscarada|17/100
|
|-heal|p2a: Goodra|12/100|[from] item: Leftovers
|upkeep
|turn|6
|
|t:|1757894934
|move|p1a: Meowscarada|Knock Off|p2a: Goodra
|-damage|p2a: Goodra|0 fnt
|-enditem|p2a: Goodra|Leftovers|[from] move: Knock Off|[of] p1a: Meowscarada
|faint|p2a: Goodra
|
|upkeep
|
|t:|1757894939
|switch|p2a: Conkeldurr|Conkeldurr, M|100/100
|turn|7
|
|t:|1757894947
|switch|p1a: Pecharunt|Pecharunt|62/100
|move|p2a: Conkeldurr|Knock Off|p1a: Pecharunt
|-supereffective|p1a: Pecharunt
|-crit|p1a: Pecharunt
|-damage|p1a: Pecharunt|0 fnt
|-damage|p2a: Conkeldurr|84/100|[from] item: Rocky Helmet|[of] p1a: Pecharunt
|-enditem|p1a: Pecharunt|Rocky Helmet|[from] move: Knock Off|[of] p2a: Conkeldurr
|faint|p1a: Pecharunt
|
|upkeep
|inactive|Robin6766 has 120 seconds left.
|
|t:|1757894976
|switch|p1a: Zapdos|Zapdos-Galar|100/100
|turn|8
|
|t:|1757894984
|switch|p2a: Weezing|Weezing-Galar, M|100/100
|move|p1a: Zapdos|Brave Bird|p2a: Weezing
|-damage|p2a: Weezing|57/100
|-damage|p1a: Zapdos|86/100|[from] Recoil
|
|-heal|p2a: Weezing|63/100|[from] item: Black Sludge
|upkeep
|turn|9
|
|t:|1757894998
|switch|p1a: Meowscarada|Meowscarada, M|17/100
|move|p2a: Weezing|Will-O-Wisp|p1a: Meowscarada|[miss]
|-miss|p2a: Weezing|p1a: Meowscarada
|
|-heal|p2a: Weezing|69/100|[from] item: Black Sludge
|upkeep
|turn|10
|inactive|Robin6766 has 120 seconds left.
|
|t:|1757895020
|move|p1a: Meowscarada|Knock Off|p2a: Weezing
|-start|p1a: Meowscarada|typechange|Dark|[from] ability: Protean
|-resisted|p2a: Weezing
|-damage|p2a: Weezing|54/100
|-enditem|p2a: Weezing|Black Sludge|[from] move: Knock Off|[of] p1a: Meowscarada
|move|p2a: Weezing|Sludge Bomb|p1a: Meowscarada
|-damage|p1a: Meowscarada|0 fnt
|faint|p1a: Meowscarada
|
|upkeep
|inactive|Robin6766 has 90 seconds left.
|
|t:|1757895070
|switch|p1a: Quaquaval|Quaquaval, F|100/100
|turn|11
|
|t:|1757895083
|move|p1a: Quaquaval|Aqua Step|p2a: Weezing
|-damage|p2a: Weezing|26/100
|-boost|p1a: Quaquaval|spe|1
|move|p2a: Weezing|Will-O-Wisp|p1a: Quaquaval|[miss]
|-miss|p2a: Weezing|p1a: Quaquaval
|
|upkeep
|turn|12
|
|t:|1757895097
|switch|p2a: Swampert|Swampert, M|100/100
|move|p1a: Quaquaval|Aqua Step|p2a: Swampert
|-damage|p2a: Swampert|71/100
|-boost|p1a: Quaquaval|spe|1
|
|-heal|p2a: Swampert|77/100|[from] item: Leftovers
|upkeep
|turn|13
|
|t:|1757895115
|-terastallize|p1a: Quaquaval|Water
|move|p1a: Quaquaval|Aqua Step|p2a: Swampert
|-damage|p2a: Swampert|41/100
|-boost|p1a: Quaquaval|spe|1
|move|p2a: Swampert|Curse|p2a: Swampert
|-unboost|p2a: Swampert|spe|1
|-boost|p2a: Swampert|atk|1
|-boost|p2a: Swampert|def|1
|
|-heal|p2a: Swampert|47/100|[from] item: Leftovers
|upkeep
|turn|14
|
|t:|1757895128
|move|p1a: Quaquaval|Aqua Step|p2a: Swampert
|-damage|p2a: Swampert|23/100
|-boost|p1a: Quaquaval|spe|1
|move|p2a: Swampert|Earthquake|p1a: Quaquaval
|-damage|p1a: Quaquaval|33/100
|
|-heal|p2a: Swampert|29/100|[from] item: Leftovers
|upkeep
|turn|15
|
|t:|1757895140
|move|p1a: Quaquaval|Close Combat|p2a: Swampert
|-damage|p2a: Swampert|0 fnt
|-unboost|p1a: Quaquaval|def|1
|-unboost|p1a: Quaquaval|spd|1
|faint|p2a: Swampert
|-ability|p1a: Quaquaval|Moxie|boost
|-boost|p1a: Quaquaval|atk|1
|
|upkeep
|
|t:|1757895147
|switch|p2a: Conkeldurr|Conkeldurr, M|84/100
|turn|16
|
|t:|1757895156
|switch|p1a: Zapdos|Zapdos-Galar|86/100
|move|p2a: Conkeldurr|Mach Punch|p1a: Zapdos
|-resisted|p1a: Zapdos
|-crit|p1a: Zapdos
|-damage|p1a: Zapdos|64/100
|
|upkeep
|turn|17
|
|t:|1757895164
|switch|p2a: Corviknight|Corviknight, F|36/100
|move|p1a: Zapdos|Brave Bird|p2a: Corviknight
|-resisted|p2a: Corviknight
|-damage|p2a: Corviknight|6/100
|-damage|p1a: Zapdos|53/100|[from] Recoil
|
|upkeep
|turn|18
|inactive|Robin6766 has 90 seconds left.
|
|t:|1757895171
|move|p1a: Zapdos|Brave Bird|p2a: Corviknight
|-resisted|p2a: Corviknight
|-damage|p2a: Corviknight|0 fnt
|faint|p2a: Corviknight
|-damage|p1a: Zapdos|51/100|[from] Recoil
|
|upkeep
|
|t:|1757895185
|switch|p2a: Cinderace|Cinderace, F|100/100
|turn|19
|
|t:|1757895195
|move|p1a: Zapdos|Brave Bird|p2a: Cinderace
|-damage|p2a: Cinderace|13/100
|-damage|p1a: Zapdos|24/100|[from] Recoil
|move|p2a: Cinderace|Pyro Ball|p1a: Zapdos|[miss]
|-miss|p2a: Cinderace|p1a: Zapdos
|
|upkeep
|turn|20
|-message|DOMINICANO 55 forfeited.
|
|win|Robin6766
|raw|Robin6766's rating: 1272 &rarr; <strong>1297</strong><br />(+25 for winning)
|raw|DOMINICANO 55's rating: 1270 &rarr; <strong>1245</strong><br />(-25 for losing)
|l|‽DOMINICANO 55
|player|p2|
|l|‽Robin6766
|player|p1|
