|j|☆allurqn
|j|☆fianso-95
|t:|1757943464
|gametype|singles
|player|p1|allurqn|irida|1350
|player|p2|fianso-95|palmer|1392
|gen|9
|tier|[Gen 9] OU
|rated|
|rule|HP Percentage Mod: HP is shown in percentages
|rule|Endless Battle Clause: Forcing endless battles is banned
|rule|Species Clause: Limit one of each Pokémon
|rule|OHKO Clause: OHKO moves are banned
|rule|Evasion Items Clause: Evasion items are banned
|rule|Evasion Moves Clause: Evasion moves are banned
|rule|Evasion Abilities Clause: Evasion abilities are banned
|rule|Sleep Moves Clause: Sleep-inducing moves are banned
|clearpoke
|poke|p1|Dragapult, M|
|poke|p1|Primarina, F|
|poke|p1|Weavile, F|
|poke|p1|Iron Treads|
|poke|p1|Cinderace, M|
|poke|p1|Dragonite, M|
|poke|p2|Landorus-Therian, M|
|poke|p2|Volcanion|
|poke|p2|Weavile, F|
|poke|p2|Azelf|
|poke|p2|Dragonite, F|
|poke|p2|Zapdos|
|teampreview
|inactive|Battle timer is ON: inactive players will automatically lose when time's up. (requested by fianso-95)
|
|t:|1757943475
|teamsize|p1|6
|teamsize|p2|6
|start
|switch|p1a: Satine|Primarina, F, shiny|100/100
|switch|p2a: Azelf|Azelf|100/100
|turn|1
|
|t:|1757943482
|move|p2a: Azelf|Stealth Rock|p1a: Satine
|-sidestart|p1: allurqn|move: Stealth Rock
|move|p1a: Satine|Moonblast|p2a: Azelf
|-damage|p2a: Azelf|22/100
|
|upkeep
|turn|2
|
|t:|1757943487
|move|p2a: Azelf|Explosion|p1a: Satine
|-damage|p1a: Satine|0 fnt
|faint|p2a: Azelf
|faint|p1a: Satine
|
|upkeep
|
|t:|1757943515
|switch|p2a: Volcanion|Volcanion|100/100
|switch|p1a: Arrivederci|Dragapult, M, shiny|100/100
|-damage|p1a: Arrivederci|88/100|[from] Stealth Rock
|turn|3
|
|t:|1757943521
|move|p1a: Arrivederci|Draco Meteor|p2a: Volcanion
|-damage|p2a: Volcanion|0 fnt
|-unboost|p1a: Arrivederci|spa|2
|faint|p2a: Volcanion
|
|upkeep
|
|t:|1757943525
|switch|p2a: Weavile|Weavile, F|100/100
|-ability|p2a: Weavile|Pressure
|turn|4
|
|t:|1757943533
|switch|p1a: Treads|Iron Treads|100/100
|-damage|p1a: Treads|97/100|[from] Stealth Rock
|move|p2a: Weavile|Swords Dance|p2a: Weavile
|-boost|p2a: Weavile|atk|2
|
|-heal|p1a: Treads|100/100|[from] item: Leftovers
|upkeep
|turn|5
|
|t:|1757943537
|move|p2a: Weavile|Knock Off|p1a: Treads
|-damage|p1a: Treads|24/100
|-enditem|p1a: Treads|Leftovers|[from] move: Knock Off|[of] p2a: Weavile
|move|p1a: Treads|Rapid Spin|p2a: Weavile
|-damage|p2a: Weavile|80/100
|-boost|p1a: Treads|spe|1
|-sideend|p1: allurqn|Stealth Rock|[from] move: Rapid Spin|[of] p1a: Treads
|
|upkeep
|turn|6
|
|t:|1757943541
|move|p2a: Weavile|Ice Shard|p1a: Treads
|-damage|p1a: Treads|0 fnt
|faint|p1a: Treads
|-end|p1a: Treads|Quark Drive|[silent]
|
|upkeep
|
|t:|1757943550
|switch|p1a: Arrivederci|Dragapult, M, shiny|88/100
|turn|7
|
|t:|1757943554
|-terastallize|p1a: Arrivederci|Fire
|move|p2a: Weavile|Ice Shard|p1a: Arrivederci
|-resisted|p1a: Arrivederci
|-damage|p1a: Arrivederci|62/100
|move|p1a: Arrivederci|Fire Blast|p2a: Weavile
|-supereffective|p2a: Weavile
|-damage|p2a: Weavile|0 fnt
|faint|p2a: Weavile
|
|upkeep
|
|t:|1757943557
|switch|p2a: Landorus|Landorus-Therian, M|100/100
|-ability|p2a: Landorus|Intimidate|boost
|-unboost|p1a: Arrivederci|atk|1
|turn|8
|
|t:|1757943565
|switch|p1a: Adversary|Dragonite, M, shiny|100/100
|move|p2a: Landorus|Rock Slide|p1a: Adversary
|-supereffective|p1a: Adversary
|-damage|p1a: Adversary|71/100
|
|upkeep
|turn|9
|
|t:|1757943570
|move|p2a: Landorus|Rock Slide|p1a: Adversary|[miss]
|-miss|p2a: Landorus|p1a: Adversary
|move|p1a: Adversary|Dragon Dance|p1a: Adversary
|-boost|p1a: Adversary|atk|1
|-boost|p1a: Adversary|spe|1
|
|upkeep
|turn|10
|
|t:|1757943573
|move|p1a: Adversary|Ice Spinner|p2a: Landorus
|-supereffective|p2a: Landorus
|-damage|p2a: Landorus|0 fnt
|faint|p2a: Landorus
|
|upkeep
|
|t:|1757943575
|switch|p2a: Dragonite|Dragonite, F|100/100
|turn|11
|
|t:|1757943578
|-terastallize|p2a: Dragonite|Dragon
|move|p1a: Adversary|Ice Spinner|p2a: Dragonite
|-supereffective|p2a: Dragonite
|-damage|p2a: Dragonite|56/100
|-enditem|p2a: Dragonite|Weakness Policy
|-boost|p2a: Dragonite|atk|2|[from] item: Weakness Policy
|-boost|p2a: Dragonite|spa|2|[from] item: Weakness Policy
|move|p2a: Dragonite|Dragon Claw|p1a: Adversary
|-supereffective|p1a: Adversary
|-damage|p1a: Adversary|0 fnt
|faint|p1a: Adversary
|
|upkeep
|
|t:|1757943588
|switch|p1a: Free|Cinderace, M|100/100
|turn|12
|
|t:|1757943592
|move|p2a: Dragonite|Extreme Speed|p1a: Free
|-damage|p1a: Free|13/100
|move|p1a: Free|Gunk Shot|p2a: Dragonite
|-start|p1a: Free|typechange|Poison|[from] ability: Libero
|-damage|p2a: Dragonite|0 fnt
|faint|p2a: Dragonite
|
|upkeep
|
|t:|1757943595
|switch|p2a: Zapdos|Zapdos|100/100
|turn|13
|
|t:|1757943603
|move|p1a: Free|Gunk Shot|p2a: Zapdos|[miss]
|-miss|p1a: Free|p2a: Zapdos
|move|p2a: Zapdos|Hurricane|p1a: Free
|-damage|p1a: Free|0 fnt
|faint|p1a: Free
|
|upkeep
|
|t:|1757943608
|switch|p1a: Ahsoka|Weavile, F|100/100
|-ability|p1a: Ahsoka|Pressure
|turn|14
|
|t:|1757943610
|move|p1a: Ahsoka|Triple Axel|p2a: Zapdos
|-supereffective|p2a: Zapdos
|-damage|p2a: Zapdos|63/100
|-supereffective|p2a: Zapdos
|-damage|p2a: Zapdos|0 fnt
|faint|p2a: Zapdos
|-hitcount|p2: Zapdos|2
|
|win|allurqn
|raw|allurqn's rating: 1350 &rarr; <strong>1372</strong><br />(+22 for winning)
|raw|fianso-95's rating: 1392 &rarr; <strong>1370</strong><br />(-22 for losing)
|l|☆fianso-95
|player|p2|
|l|☆allurqn
|player|p1|
