|j|☆mcaixas236
|j|☆cchang21
|t:|1757857486
|gametype|singles
|player|p1|mcaixas236|265|1336
|player|p2|cchang21|emmet|1317
|gen|9
|tier|[Gen 9] OU
|rated|
|rule|HP Percentage Mod: HP is shown in percentages
|rule|Endless Battle Clause: Forcing endless battles is banned
|rule|Species Clause: Limit one of each Pokémon
|rule|OHKO Clause: OHKO moves are banned
|rule|Evasion Items Clause: Evasion items are banned
|rule|Evasion Moves Clause: Evasion moves are banned
|rule|Evasion Abilities Clause: Evasion abilities are banned
|rule|Sleep Moves Clause: Sleep-inducing moves are banned
|clearpoke
|poke|p1|Cinderace, F|
|poke|p1|Gliscor, F|
|poke|p1|Toxapex, M|
|poke|p1|Thundurus-Therian, M|
|poke|p1|Chansey, F|
|poke|p1|Kommo-o, M|
|poke|p2|Samurott-Hisui, M|
|poke|p2|Gholdengo|
|poke|p2|Iron Treads|
|poke|p2|Zamazenta-*|
|poke|p2|Kyurem|
|poke|p2|Polteageist|
|teampreview
|inactive|Battle timer is ON: inactive players will automatically lose when time's up. (requested by cchang21)
|
|t:|1757857495
|teamsize|p1|6
|teamsize|p2|6
|start
|switch|p1a: Cinderace|Cinderace, F|100/100
|switch|p2a: Zamazenta|Zamazenta|100/100
|-ability|p2a: Zamazenta|Dauntless Shield|boost
|-boost|p2a: Zamazenta|def|1
|turn|1
|
|t:|1757857520
|switch|p1a: Toxapex|Toxapex, M, shiny|100/100
|move|p2a: Zamazenta|Stone Edge|p1a: Toxapex
|-damage|p1a: Toxapex|81/100
|
|-heal|p1a: Toxapex|87/100|[from] item: Leftovers
|upkeep
|turn|2
|
|t:|1757857534
|switch|p2a: Kyurem|Kyurem|100/100
|-ability|p2a: Kyurem|Pressure
|move|p1a: Toxapex|Liquidation|p2a: Kyurem
|-resisted|p2a: Kyurem
|-damage|p2a: Kyurem|91/100
|
|-heal|p1a: Toxapex|94/100|[from] item: Leftovers
|upkeep
|turn|3
|
|t:|1757857544
|move|p2a: Kyurem|Freeze-Dry|p1a: Toxapex
|-supereffective|p1a: Toxapex
|-damage|p1a: Toxapex|6/100
|move|p1a: Toxapex|Toxic|p2a: Kyurem
|-status|p2a: Kyurem|tox
|
|-heal|p1a: Toxapex|12/100|[from] item: Leftovers
|-damage|p2a: Kyurem|84/100 tox|[from] psn
|upkeep
|turn|4
|
|t:|1757857554
|move|p1a: Toxapex|Baneful Bunker|p1a: Toxapex
|-singleturn|p1a: Toxapex|move: Protect
|move|p2a: Kyurem|Freeze-Dry|p1a: Toxapex
|-activate|p1a: Toxapex|move: Protect
|
|-heal|p1a: Toxapex|19/100|[from] item: Leftovers
|-damage|p2a: Kyurem|72/100 tox|[from] psn
|upkeep
|turn|5
|
|t:|1757857563
|switch|p1a: Chansey|Chansey, F|100/100
|move|p2a: Kyurem|Freeze-Dry|p1a: Chansey
|-damage|p1a: Chansey|86/100
|
|-damage|p2a: Kyurem|54/100 tox|[from] psn
|upkeep
|turn|6
|
|t:|1757857573
|switch|p2a: Iron Treads|Iron Treads|100/100
|move|p1a: Chansey|Stealth Rock|p2a: Iron Treads
|-sidestart|p2: cchang21|move: Stealth Rock
|
|upkeep
|turn|7
|
|t:|1757857579
|switch|p1a: Gliscor|Gliscor, F|100/100
|move|p2a: Iron Treads|Rapid Spin|p1a: Gliscor
|-damage|p1a: Gliscor|91/100
|-boost|p2a: Iron Treads|spe|1
|-sideend|p2: cchang21|Stealth Rock|[from] move: Rapid Spin|[of] p2a: Iron Treads
|
|-status|p1a: Gliscor|tox|[from] item: Toxic Orb
|upkeep
|turn|8
|
|t:|1757857590
|move|p2a: Iron Treads|Knock Off|p1a: Gliscor
|-damage|p1a: Gliscor|72/100 tox
|-enditem|p1a: Gliscor|Toxic Orb|[from] move: Knock Off|[of] p2a: Iron Treads
|move|p1a: Gliscor|Knock Off|p2a: Iron Treads
|-damage|p2a: Iron Treads|82/100
|-enditem|p2a: Iron Treads|Leftovers|[from] move: Knock Off|[of] p1a: Gliscor
|
|-heal|p1a: Gliscor|84/100 tox|[from] ability: Poison Heal
|upkeep
|turn|9
|
|t:|1757857603
|move|p2a: Iron Treads|Stealth Rock|p1a: Gliscor
|-sidestart|p1: mcaixas236|move: Stealth Rock
|move|p1a: Gliscor|Earthquake|p2a: Iron Treads
|-supereffective|p2a: Iron Treads
|-damage|p2a: Iron Treads|23/100
|
|-heal|p1a: Gliscor|97/100 tox|[from] ability: Poison Heal
|upkeep
|turn|10
|
|t:|1757857619
|move|p2a: Iron Treads|Knock Off|p1a: Gliscor
|-damage|p1a: Gliscor|84/100 tox
|move|p1a: Gliscor|Earthquake|p2a: Iron Treads
|-supereffective|p2a: Iron Treads
|-damage|p2a: Iron Treads|0 fnt
|faint|p2a: Iron Treads
|-end|p2a: Iron Treads|Quark Drive|[silent]
|
|-heal|p1a: Gliscor|96/100 tox|[from] ability: Poison Heal
|upkeep
|
|t:|1757857622
|switch|p2a: Kyurem|Kyurem|54/100 tox
|-ability|p2a: Kyurem|Pressure
|turn|11
|
|t:|1757857633
|move|p1a: Gliscor|Protect|p1a: Gliscor
|-singleturn|p1a: Gliscor|Protect
|move|p2a: Kyurem|Freeze-Dry|p1a: Gliscor
|-activate|p1a: Gliscor|move: Protect
|
|-damage|p2a: Kyurem|48/100 tox|[from] psn
|-heal|p1a: Gliscor|100/100 tox|[from] ability: Poison Heal
|upkeep
|turn|12
|
|t:|1757857643
|switch|p1a: Chansey|Chansey, F|86/100
|-damage|p1a: Chansey|74/100|[from] Stealth Rock
|move|p2a: Kyurem|Freeze-Dry|p1a: Chansey
|-damage|p1a: Chansey|61/100
|-status|p1a: Chansey|frz
|
|-damage|p2a: Kyurem|35/100 tox|[from] psn
|upkeep
|turn|13
|
|t:|1757857654
|switch|p2a: Samurott|Samurott-Hisui, M|100/100
|cant|p1a: Chansey|frz
|
|upkeep
|turn|14
|
|t:|1757857660
|-curestatus|p1a: Chansey|frz|[from] ability: Natural Cure
|switch|p1a: Kommo-o|Kommo-o, M|100/100
|-damage|p1a: Kommo-o|94/100|[from] Stealth Rock
|move|p2a: Samurott|Swords Dance|p2a: Samurott
|-boost|p2a: Samurott|atk|2
|
|-heal|p1a: Kommo-o|100/100|[from] item: Leftovers
|upkeep
|turn|15
|
|t:|1757857672
|move|p1a: Kommo-o|Dragon Dance|p1a: Kommo-o
|-boost|p1a: Kommo-o|atk|1
|-boost|p1a: Kommo-o|spe|1
|move|p2a: Samurott|Ceaseless Edge|p1a: Kommo-o
|-resisted|p1a: Kommo-o
|-damage|p1a: Kommo-o|47/100
|-sidestart|p1: mcaixas236|Spikes
|
|-heal|p1a: Kommo-o|54/100|[from] item: Leftovers
|upkeep
|turn|16
|
|t:|1757857683
|move|p2a: Samurott|Sucker Punch|p1a: Kommo-o
|-resisted|p1a: Kommo-o
|-damage|p1a: Kommo-o|16/100
|move|p1a: Kommo-o|Close Combat|p2a: Samurott
|-supereffective|p2a: Samurott
|-damage|p2a: Samurott|0 fnt
|-unboost|p1a: Kommo-o|def|1
|-unboost|p1a: Kommo-o|spd|1
|faint|p2a: Samurott
|
|-heal|p1a: Kommo-o|22/100|[from] item: Leftovers
|upkeep
|
|t:|1757857693
|switch|p2a: Zamazenta|Zamazenta|100/100
|turn|17
|
|t:|1757857699
|move|p2a: Zamazenta|Crunch|p1a: Kommo-o
|-resisted|p1a: Kommo-o
|-damage|p1a: Kommo-o|3/100
|-unboost|p1a: Kommo-o|def|1
|move|p1a: Kommo-o|Close Combat|p2a: Zamazenta
|-damage|p2a: Zamazenta|19/100
|-unboost|p1a: Kommo-o|def|1
|-unboost|p1a: Kommo-o|spd|1
|
|-heal|p1a: Kommo-o|9/100|[from] item: Leftovers
|upkeep
|turn|18
|
|t:|1757857710
|move|p2a: Zamazenta|Crunch|p1a: Kommo-o
|-resisted|p1a: Kommo-o
|-damage|p1a: Kommo-o|0 fnt
|faint|p1a: Kommo-o
|
|upkeep
|
|t:|1757857716
|switch|p1a: Thundurus|Thundurus-Therian, M|100/100
|-damage|p1a: Thundurus|75/100|[from] Stealth Rock
|turn|19
|
|t:|1757857721
|move|p1a: Thundurus|Thunderbolt|p2a: Zamazenta
|-damage|p2a: Zamazenta|0 fnt
|faint|p2a: Zamazenta
|
|upkeep
|
|t:|1757857730
|switch|p2a: Polteageist|Polteageist|100/100
|turn|20
|
|t:|1757857733
|move|p1a: Thundurus|Thunderbolt|p2a: Polteageist
|-crit|p2a: Polteageist
|-enditem|p2a: Polteageist|Focus Sash
|-damage|p2a: Polteageist|1/100
|move|p2a: Polteageist|Shell Smash|p2a: Polteageist
|-unboost|p2a: Polteageist|def|1
|-unboost|p2a: Polteageist|spd|1
|-boost|p2a: Polteageist|atk|2
|-boost|p2a: Polteageist|spa|2
|-boost|p2a: Polteageist|spe|2
|
|upkeep
|turn|21
|
|t:|1757857743
|move|p2a: Polteageist|Stored Power|p1a: Thundurus
|-damage|p1a: Thundurus|0 fnt
|faint|p1a: Thundurus
|
|upkeep
|
|t:|1757857748
|switch|p1a: Chansey|Chansey, F|61/100
|-damage|p1a: Chansey|48/100|[from] Stealth Rock
|-damage|p1a: Chansey|36/100|[from] Spikes
|turn|22
|
|t:|1757857777
|move|p2a: Polteageist|Stored Power|p1a: Chansey
|-damage|p1a: Chansey|9/100
|move|p1a: Chansey|Thunder Wave|p2a: Polteageist|[miss]
|-miss|p1a: Chansey|p2a: Polteageist
|
|upkeep
|turn|23
|
|t:|1757857784
|move|p2a: Polteageist|Stored Power|p1a: Chansey
|-damage|p1a: Chansey|0 fnt
|faint|p1a: Chansey
|
|upkeep
|-message|mcaixas236 forfeited.
|
|win|cchang21
|raw|mcaixas236's rating: 1336 &rarr; <strong>1315</strong><br />(-21 for losing)
|raw|cchang21's rating: 1317 &rarr; <strong>1338</strong><br />(+21 for winning)
|l|☆mcaixas236
|player|p1|
|l|☆cchang21
|player|p2|
