|j|☆LeanMussel
|j|☆fengbingyuan520
|t:|1757943424
|gametype|singles
|player|p1|LeanMussel|striker|1106
|player|p2|fengbingyuan520|2|1154
|gen|9
|tier|[Gen 9] OU
|rated|
|rule|HP Percentage Mod: HP is shown in percentages
|rule|Endless Battle Clause: Forcing endless battles is banned
|rule|Species Clause: Limit one of each Pokémon
|rule|OHKO Clause: OHKO moves are banned
|rule|Evasion Items Clause: Evasion items are banned
|rule|Evasion Moves Clause: Evasion moves are banned
|rule|Evasion Abilities Clause: Evasion abilities are banned
|rule|Sleep Moves Clause: Sleep-inducing moves are banned
|clearpoke
|poke|p1|Moltres-Galar|
|poke|p1|Pawmot, M|
|poke|p1|Weezing-Galar, F|
|poke|p1|Clodsire, F|
|poke|p1|Scizor, F|
|poke|p1|Hydrapple, F|
|poke|p2|Ogerpon, F|
|poke|p2|Rillaboom, M|
|poke|p2|Great Tusk|
|poke|p2|Gholdengo|
|poke|p2|Moltres|
|poke|p2|Samurott-Hisui, F|
|teampreview
|inactive|Battle timer is ON: inactive players will automatically lose when time's up. (requested by LeanMussel)
|
|t:|1757943436
|teamsize|p1|6
|teamsize|p2|6
|start
|switch|p1a: Pawmot|Pawmot, M|100/100
|switch|p2a: Samurott|Samurott-Hisui, F|100/100
|turn|1
|
|t:|1757943445
|switch|p2a: Great Tusk|Great Tusk|100/100
|move|p1a: Pawmot|Close Combat|p2a: Great Tusk
|-damage|p2a: Great Tusk|46/100
|-unboost|p1a: Pawmot|def|1
|-unboost|p1a: Pawmot|spd|1
|-damage|p1a: Pawmot|91/100|[from] item: Life Orb
|
|upkeep
|turn|2
|
|t:|1757943456
|-end|p2a: Great Tusk|Protosynthesis|[silent]
|switch|p2a: Gholdengo|Gholdengo|100/100
|-item|p2a: Gholdengo|Air Balloon
|move|p1a: Pawmot|Close Combat|p2a: Gholdengo
|-immune|p2a: Gholdengo
|
|upkeep
|turn|3
|
|t:|1757943465
|switch|p1a: Clodsire|Clodsire, F|100/100
|move|p2a: Gholdengo|Nasty Plot|p2a: Gholdengo
|-boost|p2a: Gholdengo|spa|2
|
|upkeep
|turn|4
|
|t:|1757943475
|switch|p1a: Scizor|Scizor, F|100/100
|move|p2a: Gholdengo|Shadow Ball|p1a: Scizor
|-damage|p1a: Scizor|0 fnt
|faint|p1a: Scizor
|
|upkeep
|
|t:|1757943481
|switch|p1a: Moltres|Moltres-Galar|100/100
|turn|5
|
|t:|1757943490
|-terastallize|p2a: Gholdengo|Fairy
|move|p2a: Gholdengo|Make It Rain|p1a: Moltres
|-damage|p1a: Moltres|0 fnt
|-unboost|p2a: Gholdengo|spa|1
|faint|p1a: Moltres
|
|upkeep
|
|t:|1757943504
|switch|p1a: Clodsire|Clodsire, F|100/100
|turn|6
|
|t:|1757943516
|switch|p2a: Great Tusk|Great Tusk|46/100
|move|p1a: Clodsire|Toxic|p2a: Great Tusk
|-status|p2a: Great Tusk|tox
|
|-damage|p2a: Great Tusk|39/100 tox|[from] psn
|upkeep
|turn|7
|
|t:|1757943524
|move|p2a: Great Tusk|Headlong Rush|p1a: Clodsire
|-supereffective|p1a: Clodsire
|-damage|p1a: Clodsire|0 fnt
|-unboost|p2a: Great Tusk|def|1
|-unboost|p2a: Great Tusk|spd|1
|faint|p1a: Clodsire
|
|-damage|p2a: Great Tusk|27/100 tox|[from] psn
|upkeep
|
|t:|1757943528
|switch|p1a: Hydrapple|Hydrapple, F|100/100
|turn|8
|
|t:|1757943532
|-end|p2a: Great Tusk|Protosynthesis|[silent]
|switch|p2a: Moltres|Moltres|100/100
|move|p1a: Hydrapple|Giga Drain|p2a: Moltres
|-resisted|p2a: Moltres
|-damage|p2a: Moltres|93/100
|
|upkeep
|turn|9
|
|t:|1757943540
|-terastallize|p1a: Hydrapple|Fairy
|move|p2a: Moltres|Will-O-Wisp|p1a: Hydrapple
|-status|p1a: Hydrapple|brn
|move|p1a: Hydrapple|Nasty Plot|p1a: Hydrapple
|-boost|p1a: Hydrapple|spa|2
|
|-damage|p1a: Hydrapple|94/100 brn|[from] brn
|upkeep
|turn|10
|
|t:|1757943559
|switch|p2a: Great Tusk|Great Tusk|27/100 tox
|move|p1a: Hydrapple|Fickle Beam|p2a: Great Tusk
|-damage|p2a: Great Tusk|0 fnt
|faint|p2a: Great Tusk
|-end|p2a: Great Tusk|Protosynthesis|[silent]
|
|-damage|p1a: Hydrapple|88/100 brn|[from] brn
|upkeep
|
|t:|1757943566
|switch|p2a: Gholdengo|Gholdengo, tera:Fairy|100/100
|-item|p2a: Gholdengo|Air Balloon
|turn|11
|
|t:|1757943589
|switch|p1a: Pawmot|Pawmot, M|91/100
|move|p2a: Gholdengo|Make It Rain|p1a: Pawmot
|-resisted|p1a: Pawmot
|-damage|p1a: Pawmot|32/100
|-unboost|p2a: Gholdengo|spa|1
|
|upkeep
|turn|12
|
|t:|1757943599
|move|p1a: Pawmot|Double Shock|p2a: Gholdengo
|-damage|p2a: Gholdengo|9/100
|-start|p1a: Pawmot|typechange|???/Fighting|[from] move: Double Shock
|-enditem|p2a: Gholdengo|Air Balloon
|-damage|p1a: Pawmot|22/100|[from] item: Life Orb
|move|p2a: Gholdengo|Shadow Ball|p1a: Pawmot
|-damage|p1a: Pawmot|0 fnt
|faint|p1a: Pawmot
|
|upkeep
|
|t:|1757943607
|switch|p1a: Weezing|Weezing-Galar, F|100/100
|-ability|p1a: Weezing|Neutralizing Gas
|turn|13
|
|t:|1757943615
|move|p2a: Gholdengo|Make It Rain|p1a: Weezing
|-supereffective|p1a: Weezing
|-damage|p1a: Weezing|0 fnt
|-unboost|p2a: Gholdengo|spa|1
|faint|p1a: Weezing
|-end|p1a: Weezing|ability: Neutralizing Gas
|
|upkeep
|inactive|LeanMussel has 120 seconds left.
|
|t:|1757943665
|switch|p1a: Hydrapple|Hydrapple, F, tera:Fairy|100/100 brn
|turn|14
|-message|LeanMussel forfeited.
|
|win|fengbingyuan520
|raw|LeanMussel's rating: 1106 &rarr; <strong>1084</strong><br />(-22 for losing)
|raw|fengbingyuan520's rating: 1154 &rarr; <strong>1176</strong><br />(+22 for winning)
|l|☆LeanMussel
|player|p1|
