|j|☆syk1307
|j|☆Detective Shelly
|t:|1757902925
|gametype|singles
|player|p1|syk1307|giovanni|1472
|player|p2|Detective Shelly|iris-gen5bw2|1491
|gen|9
|tier|[Gen 9] OU
|rated|
|rule|HP Percentage Mod: HP is shown in percentages
|rule|Endless Battle Clause: Forcing endless battles is banned
|rule|Species Clause: Limit one of each Pokémon
|rule|OHKO Clause: OHKO moves are banned
|rule|Evasion Items Clause: Evasion items are banned
|rule|Evasion Moves Clause: Evasion moves are banned
|rule|Evasion Abilities Clause: Evasion abilities are banned
|rule|Sleep Moves Clause: Sleep-inducing moves are banned
|clearpoke
|poke|p1|Jolteon, M|
|poke|p1|Samurott-Hisui, M|
|poke|p1|Arcanine, M|
|poke|p1|Scizor, M|
|poke|p1|Corviknight, M|
|poke|p1|Mew|
|poke|p2|Iron Treads|
|poke|p2|Gholdengo|
|poke|p2|Ogerpon-Wellspring, F|
|poke|p2|Rillaboom, F|
|poke|p2|Clefable, M|
|poke|p2|Raging Bolt|
|teampreview
|
|t:|1757902953
|teamsize|p1|6
|teamsize|p2|6
|start
|switch|p1a: Scizor|Scizor, M|100/100
|switch|p2a: Iron Treads|Iron Treads|100/100
|-enditem|p2a: Iron Treads|Booster Energy
|-activate|p2a: Iron Treads|ability: Quark Drive|[fromitem]
|-start|p2a: Iron Treads|quarkdrivespe
|turn|1
|inactive|Battle timer is ON: inactive players will automatically lose when time's up. (requested by Detective Shelly)
|
|t:|1757903002
|move|p2a: Iron Treads|Stealth Rock|p1a: Scizor
|-sidestart|p1: syk1307|move: Stealth Rock
|move|p1a: Scizor|Knock Off|p2a: Iron Treads
|-damage|p2a: Iron Treads|69/100
|
|upkeep
|turn|2
|
|t:|1757903015
|move|p2a: Iron Treads|Steel Beam|p1a: Scizor
|-resisted|p1a: Scizor
|-damage|p1a: Scizor|69/100
|-damage|p2a: Iron Treads|19/100|[from] steelbeam
|move|p1a: Scizor|Knock Off|p2a: Iron Treads
|-damage|p2a: Iron Treads|0 fnt
|faint|p2a: Iron Treads
|-end|p2a: Iron Treads|Quark Drive|[silent]
|
|upkeep
|
|t:|1757903025
|switch|p2a: Ogerpon|Ogerpon-Wellspring, F|100/100
|turn|3
|
|t:|1757903035
|move|p2a: Ogerpon|U-turn|p1a: Scizor
|-resisted|p1a: Scizor
|-damage|p1a: Scizor|55/100
|
|t:|1757903037
|switch|p2a: Clefable|Clefable, M|100/100|[from] U-turn
|move|p1a: Scizor|Knock Off|p2a: Clefable
|-resisted|p2a: Clefable
|-damage|p2a: Clefable|81/100
|-enditem|p2a: Clefable|Leftovers|[from] move: Knock Off|[of] p1a: Scizor
|
|upkeep
|turn|4
|
|t:|1757903048
|switch|p1a: Corviknight|Corviknight, M|100/100
|-damage|p1a: Corviknight|88/100|[from] Stealth Rock
|switch|p2a: Ogerpon|Ogerpon-Wellspring, F|100/100
|
|upkeep
|turn|5
|
|t:|1757903055
|switch|p2a: Gholdengo|Gholdengo|100/100
|move|p1a: Corviknight|U-turn|p2a: Gholdengo
|-resisted|p2a: Gholdengo
|-damage|p2a: Gholdengo|97/100
|
|t:|1757903079
|switch|p1a: Jolteon|Jolteon, M|100/100|[from] U-turn
|-damage|p1a: Jolteon|88/100|[from] Stealth Rock
|
|upkeep
|turn|6
|
|t:|1757903085
|switch|p2a: Rillaboom|Rillaboom, F|100/100
|-fieldstart|move: Grassy Terrain|[from] ability: Grassy Surge|[of] p2a: Rillaboom
|move|p1a: Jolteon|Volt Switch|p2a: Rillaboom
|-resisted|p2a: Rillaboom
|-damage|p2a: Rillaboom|71/100
|
|t:|1757903093
|switch|p1a: Scizor|Scizor, M|55/100|[from] Volt Switch
|-damage|p1a: Scizor|42/100|[from] Stealth Rock
|
|-heal|p2a: Rillaboom|77/100|[from] Grassy Terrain
|-heal|p1a: Scizor|48/100|[from] Grassy Terrain
|upkeep
|turn|7
|
|t:|1757903109
|move|p2a: Rillaboom|Knock Off|p1a: Scizor
|-damage|p1a: Scizor|0 fnt
|-enditem|p1a: Scizor|Choice Band|[from] move: Knock Off|[of] p2a: Rillaboom
|faint|p1a: Scizor
|
|-heal|p2a: Rillaboom|83/100|[from] Grassy Terrain
|upkeep
|
|t:|1757903123
|switch|p1a: Corviknight|Corviknight, M|88/100
|-damage|p1a: Corviknight|76/100|[from] Stealth Rock
|turn|8
|
|t:|1757903141
|move|p2a: Rillaboom|Knock Off|p1a: Corviknight
|-damage|p1a: Corviknight|44/100
|-damage|p2a: Rillaboom|66/100|[from] item: Rocky Helmet|[of] p1a: Corviknight
|-enditem|p1a: Corviknight|Rocky Helmet|[from] move: Knock Off|[of] p2a: Rillaboom
|move|p1a: Corviknight|U-turn|p2a: Rillaboom
|-supereffective|p2a: Rillaboom
|-damage|p2a: Rillaboom|34/100
|
|t:|1757903152
|switch|p1a: Arcanine|Arcanine, M|100/100|[from] U-turn
|-damage|p1a: Arcanine|76/100|[from] Stealth Rock
|
|-heal|p1a: Arcanine|82/100|[from] Grassy Terrain
|-heal|p2a: Rillaboom|40/100|[from] Grassy Terrain
|upkeep
|turn|9
|
|t:|1757903174
|switch|p2a: Clefable|Clefable, M|81/100
|move|p1a: Arcanine|Flare Blitz|p2a: Clefable
|-damage|p2a: Clefable|11/100
|-damage|p1a: Arcanine|54/100|[from] Recoil
|
|-heal|p1a: Arcanine|60/100|[from] Grassy Terrain
|-heal|p2a: Clefable|18/100|[from] Grassy Terrain
|upkeep
|turn|10
|
|t:|1757903183
|move|p1a: Arcanine|Flare Blitz|p2a: Clefable
|-damage|p2a: Clefable|0 fnt
|faint|p2a: Clefable
|-damage|p1a: Arcanine|53/100|[from] Recoil
|
|-heal|p1a: Arcanine|59/100|[from] Grassy Terrain
|-fieldend|move: Grassy Terrain
|upkeep
|
|t:|1757903187
|switch|p2a: Ogerpon|Ogerpon-Wellspring, F|100/100
|turn|11
|
|t:|1757903217
|switch|p1a: Corviknight|Corviknight, M|44/100
|-damage|p1a: Corviknight|32/100|[from] Stealth Rock
|move|p2a: Ogerpon|Ivy Cudgel|p1a: Corviknight|[anim] Ivy Cudgel Water
|-damage|p1a: Corviknight|0 fnt
|faint|p1a: Corviknight
|
|upkeep
|
|t:|1757903226
|switch|p1a: Jolteon|Jolteon, M|88/100
|-damage|p1a: Jolteon|76/100|[from] Stealth Rock
|turn|12
|
|t:|1757903238
|move|p1a: Jolteon|Volt Switch|p2a: Ogerpon
|-damage|p2a: Ogerpon|45/100
|
|t:|1757903243
|switch|p1a: Samurott|Samurott-Hisui, M|100/100|[from] Volt Switch
|-damage|p1a: Samurott|88/100|[from] Stealth Rock
|move|p2a: Ogerpon|Ivy Cudgel|p1a: Samurott|[anim] Ivy Cudgel Water
|-resisted|p1a: Samurott
|-damage|p1a: Samurott|49/100
|
|upkeep
|turn|13
|
|t:|1757903253
|move|p1a: Samurott|Sucker Punch|p2a: Ogerpon
|-damage|p2a: Ogerpon|0 fnt
|faint|p2a: Ogerpon
|
|upkeep
|
|t:|1757903259
|switch|p2a: Rillaboom|Rillaboom, F|40/100
|-fieldstart|move: Grassy Terrain|[from] ability: Grassy Surge|[of] p2a: Rillaboom
|turn|14
|
|t:|1757903264
|move|p2a: Rillaboom|Grassy Glide|p1a: Samurott
|-supereffective|p1a: Samurott
|-damage|p1a: Samurott|0 fnt
|faint|p1a: Samurott
|
|-heal|p2a: Rillaboom|47/100|[from] Grassy Terrain
|upkeep
|
|t:|1757903270
|switch|p1a: Arcanine|Arcanine, M|59/100
|-damage|p1a: Arcanine|34/100|[from] Stealth Rock
|turn|15
|
|t:|1757903274
|move|p1a: Arcanine|Extreme Speed|p2a: Rillaboom
|-damage|p2a: Rillaboom|0 fnt
|faint|p2a: Rillaboom
|
|-heal|p1a: Arcanine|41/100|[from] Grassy Terrain
|upkeep
|
|t:|1757903277
|switch|p2a: Gholdengo|Gholdengo|97/100
|-enditem|p2a: Gholdengo|Grassy Seed
|-boost|p2a: Gholdengo|def|1|[from] item: Grassy Seed
|turn|16
|inactive|syk1307 has 120 seconds left.
|inactive|syk1307 has 90 seconds left.
|
|t:|1757903360
|move|p1a: Arcanine|Extreme Speed|p2a: Gholdengo
|-immune|p2a: Gholdengo
|move|p2a: Gholdengo|Nasty Plot|p2a: Gholdengo
|-boost|p2a: Gholdengo|spa|2
|
|-heal|p1a: Arcanine|47/100|[from] Grassy Terrain
|-heal|p2a: Gholdengo|100/100|[from] Grassy Terrain
|upkeep
|turn|17
|
|t:|1757903368
|switch|p1a: Mew|Mew, shiny|100/100
|-damage|p1a: Mew|88/100|[from] Stealth Rock
|move|p2a: Gholdengo|Shadow Ball|p1a: Mew
|-supereffective|p1a: Mew
|-damage|p1a: Mew|0 fnt
|faint|p1a: Mew
|
|upkeep
|
|t:|1757903376
|switch|p1a: Arcanine|Arcanine, M|47/100
|-damage|p1a: Arcanine|22/100|[from] Stealth Rock
|turn|18
|
|t:|1757903383
|-terastallize|p2a: Gholdengo|Dragon
|move|p1a: Arcanine|Flare Blitz|p2a: Gholdengo
|-resisted|p2a: Gholdengo
|-damage|p2a: Gholdengo|74/100
|-damage|p1a: Arcanine|12/100|[from] Recoil
|move|p2a: Gholdengo|Shadow Ball|p1a: Arcanine
|-damage|p1a: Arcanine|0 fnt
|faint|p1a: Arcanine
|
|-heal|p2a: Gholdengo|80/100|[from] Grassy Terrain
|-fieldend|move: Grassy Terrain
|upkeep
|
|t:|1757903393
|switch|p1a: Jolteon|Jolteon, M|76/100
|-damage|p1a: Jolteon|64/100|[from] Stealth Rock
|turn|19
|
|t:|1757903400
|-terastallize|p1a: Jolteon|Fairy
|move|p1a: Jolteon|Alluring Voice|p2a: Gholdengo
|-supereffective|p2a: Gholdengo
|-damage|p2a: Gholdengo|0 fnt
|faint|p2a: Gholdengo
|
|upkeep
|-message|Detective Shelly forfeited.
|
|win|syk1307
|raw|syk1307's rating: 1472 &rarr; <strong>1493</strong><br />(+21 for winning)
|raw|Detective Shelly's rating: 1491 &rarr; <strong>1470</strong><br />(-21 for losing)
|l|☆Detective Shelly
|player|p2|
|l|☆syk1307
|player|p1|
