|j|☆smpark22
|j|☆outplayinq
|t:|1757923698
|gametype|singles
|player|p1|smpark22|102|1408
|player|p2|outplayinq|shadowtriad|1385
|gen|9
|tier|[Gen 9] OU
|rated|
|rule|HP Percentage Mod: HP is shown in percentages
|rule|Endless Battle Clause: Forcing endless battles is banned
|rule|Species Clause: Limit one of each Pokémon
|rule|OHKO Clause: OHKO moves are banned
|rule|Evasion Items Clause: Evasion items are banned
|rule|Evasion Moves Clause: Evasion moves are banned
|rule|Evasion Abilities Clause: Evasion abilities are banned
|rule|Sleep Moves Clause: Sleep-inducing moves are banned
|clearpoke
|poke|p1|Zamazenta-*|
|poke|p1|Hatterene, F|
|poke|p1|Blissey, F|
|poke|p1|Gliscor, F|
|poke|p1|Revavroom, M|
|poke|p1|Walking Wake|
|poke|p2|Clefable, M|
|poke|p2|Cinderace, F|
|poke|p2|Mandibuzz, F|
|poke|p2|Clodsire, M|
|poke|p2|Corviknight, F|
|poke|p2|Ogerpon-Wellspring, F|
|teampreview
|c|☆smpark22|glhf
|
|t:|1757923725
|teamsize|p1|6
|teamsize|p2|6
|start
|switch|p1a: Walking Wake|Walking Wake|100/100
|switch|p2a: Ogerpon|Ogerpon-Wellspring, F|100/100
|turn|1
|
|t:|1757923741
|switch|p2a: Corviknight|Corviknight, F|100/100
|-ability|p2a: Corviknight|Pressure
|move|p1a: Walking Wake|Draco Meteor|p2a: Corviknight
|-resisted|p2a: Corviknight
|-damage|p2a: Corviknight|76/100
|-unboost|p1a: Walking Wake|spa|2
|
|-heal|p2a: Corviknight|82/100|[from] item: Leftovers
|upkeep
|turn|2
|
|t:|1757923758
|switch|p2a: Ogerpon|Ogerpon-Wellspring, F|100/100
|move|p1a: Walking Wake|Flip Turn|p2a: Ogerpon
|-immune|p2a: Ogerpon|[from] ability: Water Absorb
|
|upkeep
|turn|3
|
|t:|1757923768
|-end|p1a: Walking Wake|Protosynthesis|[silent]
|switch|p1a: Hatterene|Hatterene, F|100/100
|move|p2a: Ogerpon|Swords Dance|p2a: Ogerpon
|-boost|p2a: Ogerpon|atk|2
|
|upkeep
|turn|4
|
|t:|1757923776
|move|p2a: Ogerpon|Power Whip|p1a: Hatterene
|-damage|p1a: Hatterene|0 fnt
|faint|p1a: Hatterene
|
|upkeep
|
|t:|1757923782
|switch|p1a: Zamazenta|Zamazenta|100/100
|-ability|p1a: Zamazenta|Dauntless Shield|boost
|-boost|p1a: Zamazenta|def|1
|turn|5
|
|t:|1757923797
|-terastallize|p1a: Zamazenta|Fighting
|move|p1a: Zamazenta|Close Combat|p2a: Ogerpon
|-damage|p2a: Ogerpon|0 fnt
|-unboost|p1a: Zamazenta|def|1
|-unboost|p1a: Zamazenta|spd|1
|faint|p2a: Ogerpon
|
|upkeep
|
|t:|1757923803
|switch|p2a: Clefable|Clefable, M|100/100
|turn|6
|
|t:|1757923807
|switch|p1a: Revavroom|Revavroom, M|100/100
|move|p2a: Clefable|Calm Mind|p2a: Clefable
|-boost|p2a: Clefable|spa|1
|-boost|p2a: Clefable|spd|1
|
|upkeep
|turn|7
|
|t:|1757923816
|move|p1a: Revavroom|Shift Gear|p1a: Revavroom
|-boost|p1a: Revavroom|spe|2
|-boost|p1a: Revavroom|atk|1
|move|p2a: Clefable|Flamethrower|p1a: Revavroom
|-supereffective|p1a: Revavroom
|-damage|p1a: Revavroom|21/100
|
|upkeep
|turn|8
|
|t:|1757923825
|switch|p2a: Clodsire|Clodsire, M, shiny|100/100
|move|p1a: Revavroom|Iron Head|p2a: Clodsire
|-damage|p2a: Clodsire|57/100
|-damage|p1a: Revavroom|11/100|[from] item: Life Orb
|
|-heal|p2a: Clodsire|63/100|[from] item: Leftovers
|upkeep
|turn|9
|
|t:|1757923833
|switch|p2a: Mandibuzz|Mandibuzz, F|100/100
|move|p1a: Revavroom|High Horsepower|p2a: Mandibuzz
|-immune|p2a: Mandibuzz
|
|upkeep
|turn|10
|
|t:|1757923841
|move|p1a: Revavroom|Poison Jab|p2a: Mandibuzz
|-crit|p2a: Mandibuzz
|-damage|p2a: Mandibuzz|35/100
|-damage|p1a: Revavroom|1/100|[from] item: Life Orb
|move|p2a: Mandibuzz|Foul Play|p1a: Revavroom
|-damage|p1a: Revavroom|0 fnt
|faint|p1a: Revavroom
|
|upkeep
|
|t:|1757923857
|switch|p1a: Walking Wake|Walking Wake|100/100
|turn|11
|
|t:|1757923867
|switch|p2a: Corviknight|Corviknight, F|82/100
|-ability|p2a: Corviknight|Pressure
|move|p1a: Walking Wake|Draco Meteor|p2a: Corviknight
|-resisted|p2a: Corviknight
|-damage|p2a: Corviknight|58/100
|-unboost|p1a: Walking Wake|spa|2
|
|-heal|p2a: Corviknight|64/100|[from] item: Leftovers
|upkeep
|turn|12
|
|t:|1757923876
|move|p1a: Walking Wake|Flip Turn|p2a: Corviknight
|-damage|p2a: Corviknight|49/100
|
|t:|1757923885
|-end|p1a: Walking Wake|Protosynthesis|[silent]
|switch|p1a: Gliscor|Gliscor, F|100/100|[from] Flip Turn
|move|p2a: Corviknight|Bulk Up|p2a: Corviknight
|-boost|p2a: Corviknight|atk|1
|-boost|p2a: Corviknight|def|1
|
|-heal|p2a: Corviknight|55/100|[from] item: Leftovers
|-status|p1a: Gliscor|tox|[from] item: Toxic Orb
|upkeep
|turn|13
|
|t:|1757923896
|switch|p1a: Walking Wake|Walking Wake|100/100
|move|p2a: Corviknight|Roost|p2a: Corviknight
|-heal|p2a: Corviknight|100/100
|-singleturn|p2a: Corviknight|move: Roost
|
|upkeep
|turn|14
|
|t:|1757923903
|move|p1a: Walking Wake|Flamethrower|p2a: Corviknight
|-supereffective|p2a: Corviknight
|-damage|p2a: Corviknight|54/100
|move|p2a: Corviknight|Brave Bird|p1a: Walking Wake
|-damage|p1a: Walking Wake|37/100
|-damage|p2a: Corviknight|37/100|[from] Recoil
|
|-heal|p2a: Corviknight|43/100|[from] item: Leftovers
|upkeep
|turn|15
|
|t:|1757923922
|switch|p2a: Clefable|Clefable, M|100/100
|move|p1a: Walking Wake|Flamethrower|p2a: Clefable
|-damage|p2a: Clefable|73/100
|
|upkeep
|turn|16
|
|t:|1757923930
|move|p1a: Walking Wake|Flip Turn|p2a: Clefable
|-damage|p2a: Clefable|58/100
|
|t:|1757923933
|-end|p1a: Walking Wake|Protosynthesis|[silent]
|switch|p1a: Gliscor|Gliscor, F|100/100 tox|[from] Flip Turn
|move|p2a: Clefable|Calm Mind|p2a: Clefable
|-boost|p2a: Clefable|spa|1
|-boost|p2a: Clefable|spd|1
|
|upkeep
|turn|17
|
|t:|1757923940
|move|p1a: Gliscor|Swords Dance|p1a: Gliscor
|-boost|p1a: Gliscor|atk|2
|move|p2a: Clefable|Moonlight|p2a: Clefable
|-heal|p2a: Clefable|100/100
|
|upkeep
|turn|18
|
|t:|1757923946
|move|p1a: Gliscor|Facade|p2a: Clefable
|-damage|p2a: Clefable|33/100
|move|p2a: Clefable|Moonblast|p1a: Gliscor
|-damage|p1a: Gliscor|4/100 tox
|
|-heal|p1a: Gliscor|17/100 tox|[from] ability: Poison Heal
|upkeep
|turn|19
|
|t:|1757923955
|switch|p2a: Clodsire|Clodsire, M, shiny|63/100
|move|p1a: Gliscor|Facade|p2a: Clodsire
|-damage|p2a: Clodsire|30/100
|
|-heal|p2a: Clodsire|36/100|[from] item: Leftovers
|-heal|p1a: Gliscor|29/100 tox|[from] ability: Poison Heal
|upkeep
|turn|20
|
|t:|1757923968
|switch|p2a: Corviknight|Corviknight, F|43/100
|-ability|p2a: Corviknight|Pressure
|move|p1a: Gliscor|Swords Dance|p1a: Gliscor
|-boost|p1a: Gliscor|atk|2
|
|-heal|p2a: Corviknight|49/100|[from] item: Leftovers
|-heal|p1a: Gliscor|41/100 tox|[from] ability: Poison Heal
|upkeep
|turn|21
|
|t:|1757923978
|move|p1a: Gliscor|Facade|p2a: Corviknight
|-resisted|p2a: Corviknight
|-damage|p2a: Corviknight|0 fnt
|faint|p2a: Corviknight
|
|-heal|p1a: Gliscor|54/100 tox|[from] ability: Poison Heal
|upkeep
|
|t:|1757923982
|switch|p2a: Cinderace|Cinderace, F|100/100
|turn|22
|
|t:|1757923995
|-terastallize|p2a: Cinderace|Fire
|move|p2a: Cinderace|Pyro Ball|p1a: Gliscor|[miss]
|-miss|p2a: Cinderace|p1a: Gliscor
|move|p1a: Gliscor|Scale Shot|p2a: Cinderace|[miss]
|-miss|p1a: Gliscor|p2a: Cinderace
|
|-heal|p1a: Gliscor|66/100 tox|[from] ability: Poison Heal
|upkeep
|turn|23
|
|t:|1757924006
|switch|p1a: Walking Wake|Walking Wake|37/100
|move|p2a: Cinderace|Pyro Ball|p1a: Walking Wake
|-resisted|p1a: Walking Wake
|-damage|p1a: Walking Wake|17/100
|
|upkeep
|turn|24
|
|t:|1757924012
|move|p2a: Cinderace|Pyro Ball|p1a: Walking Wake|[miss]
|-miss|p2a: Cinderace|p1a: Walking Wake
|move|p1a: Walking Wake|Hydro Steam|p2a: Cinderace
|-supereffective|p2a: Cinderace
|-damage|p2a: Cinderace|0 fnt
|faint|p2a: Cinderace
|
|upkeep
|-message|outplayinq forfeited.
|
|win|smpark22
|raw|smpark22's rating: 1391 &rarr; <strong>1411</strong><br />(+20 for winning)
|raw|outplayinq's rating: 1385 &rarr; <strong>1365</strong><br />(-20 for losing)
|l|☆outplayinq
|player|p2|
|c|☆smpark22|gg
|l|☆smpark22
|player|p1|
