|j|☆Leader Alastor
|j|☆Nyksytin
|t:|1757866102
|gametype|singles
|player|p1|Leader Alastor|blue|1350
|player|p2|Nyksytin|swimmer-gen4dp|1306
|gen|9
|tier|[Gen 9] OU
|rated|
|rule|HP Percentage Mod: HP is shown in percentages
|rule|Endless Battle Clause: Forcing endless battles is banned
|rule|Species Clause: Limit one of each Pokémon
|rule|OHKO Clause: OHKO moves are banned
|rule|Evasion Items Clause: Evasion items are banned
|rule|Evasion Moves Clause: Evasion moves are banned
|rule|Evasion Abilities Clause: Evasion abilities are banned
|rule|Sleep Moves Clause: Sleep-inducing moves are banned
|clearpoke
|poke|p1|Ceruledge, M|
|poke|p1|Iron Valiant|
|poke|p1|Lilligant, F|
|poke|p1|Cloyster, F|
|poke|p1|Noivern, F|
|poke|p1|Malamar, M|
|poke|p2|Landorus-Therian, M|
|poke|p2|Pecharunt|
|poke|p2|Kingambit, M|
|poke|p2|Torkoal, F|
|poke|p2|Lilligant-Hisui, F|
|poke|p2|Walking Wake|
|teampreview
|inactive|Battle timer is ON: inactive players will automatically lose when time's up. (requested by Nyksytin)
|
|t:|1757866112
|teamsize|p1|6
|teamsize|p2|6
|start
|switch|p1a: Trident|Cloyster, F|100/100
|switch|p2a: Torkoal|Torkoal, F|100/100
|-weather|SunnyDay|[from] ability: Drought|[of] p2a: Torkoal
|turn|1
|
|t:|1757866115
|move|p1a: Trident|Shell Smash|p1a: Trident
|-unboost|p1a: Trident|def|1
|-unboost|p1a: Trident|spd|1
|-boost|p1a: Trident|atk|2
|-boost|p1a: Trident|spa|2
|-boost|p1a: Trident|spe|2
|move|p2a: Torkoal|Will-O-Wisp|p1a: Trident
|-status|p1a: Trident|brn
|
|-weather|SunnyDay|[upkeep]
|-damage|p1a: Trident|94/100 brn|[from] brn
|upkeep
|turn|2
|
|t:|1757866123
|move|p1a: Trident|Rock Blast|p2a: Torkoal
|-supereffective|p2a: Torkoal
|-damage|p2a: Torkoal|89/100
|-supereffective|p2a: Torkoal
|-damage|p2a: Torkoal|78/100
|-supereffective|p2a: Torkoal
|-damage|p2a: Torkoal|66/100
|-supereffective|p2a: Torkoal
|-damage|p2a: Torkoal|54/100
|-supereffective|p2a: Torkoal
|-damage|p2a: Torkoal|42/100
|-hitcount|p2a: Torkoal|5
|move|p2a: Torkoal|Clear Smog|p1a: Trident
|-damage|p1a: Trident|53/100 brn
|-clearboost|p1a: Trident
|
|-weather|SunnyDay|[upkeep]
|-damage|p1a: Trident|47/100 brn|[from] brn
|upkeep
|turn|3
|
|t:|1757866138
|switch|p2a: Landorus|Landorus-Therian, M|100/100
|-ability|p2a: Landorus|Intimidate|boost
|-unboost|p1a: Trident|atk|1
|move|p1a: Trident|Rock Blast|p2a: Landorus
|-damage|p2a: Landorus|97/100
|-damage|p2a: Landorus|94/100
|-damage|p2a: Landorus|91/100
|-damage|p2a: Landorus|88/100
|-damage|p2a: Landorus|85/100
|-hitcount|p2a: Landorus|5
|
|-weather|SunnyDay|[upkeep]
|-heal|p2a: Landorus|91/100|[from] item: Leftovers
|-damage|p1a: Trident|41/100 brn|[from] brn
|upkeep
|turn|4
|
|t:|1757866146
|move|p2a: Landorus|Stealth Rock|p1a: Trident
|-sidestart|p1: Leader Alastor|move: Stealth Rock
|move|p1a: Trident|Icicle Spear|p2a: Landorus
|-supereffective|p2a: Landorus
|-damage|p2a: Landorus|72/100
|-supereffective|p2a: Landorus
|-damage|p2a: Landorus|52/100
|-supereffective|p2a: Landorus
|-damage|p2a: Landorus|32/100
|-supereffective|p2a: Landorus
|-damage|p2a: Landorus|13/100
|-supereffective|p2a: Landorus
|-damage|p2a: Landorus|0 fnt
|faint|p2a: Landorus
|-hitcount|p2: Landorus|5
|
|-weather|SunnyDay|[upkeep]
|-damage|p1a: Trident|35/100 brn|[from] brn
|upkeep
|
|t:|1757866161
|switch|p2a: Lilligant|Lilligant-Hisui, F|100/100
|turn|5
|
|t:|1757866165
|-terastallize|p1a: Trident|Ghost
|move|p2a: Lilligant|Swords Dance|p2a: Lilligant
|-boost|p2a: Lilligant|atk|2
|move|p1a: Trident|Icicle Spear|p2a: Lilligant
|-supereffective|p2a: Lilligant
|-damage|p2a: Lilligant|89/100
|-supereffective|p2a: Lilligant
|-damage|p2a: Lilligant|77/100
|-supereffective|p2a: Lilligant
|-damage|p2a: Lilligant|65/100
|-supereffective|p2a: Lilligant
|-damage|p2a: Lilligant|52/100
|-supereffective|p2a: Lilligant
|-damage|p2a: Lilligant|41/100
|-hitcount|p2a: Lilligant|5
|
|-weather|SunnyDay|[upkeep]
|-damage|p1a: Trident|28/100 brn|[from] brn
|upkeep
|turn|6
|
|t:|1757866174
|move|p2a: Lilligant|Solar Blade||[still]
|-prepare|p2a: Lilligant|Solar Blade
|-anim|p2a: Lilligant|Solar Blade|p1a: Trident
|-damage|p1a: Trident|0 fnt
|faint|p1a: Trident
|-damage|p2a: Lilligant|31/100|[from] item: Life Orb
|
|-weather|SunnyDay|[upkeep]
|upkeep
|
|t:|1757866178
|switch|p1a: Scimitar|Noivern, F|100/100
|-damage|p1a: Scimitar|76/100|[from] Stealth Rock
|turn|7
|
|t:|1757866183
|move|p2a: Lilligant|Ice Spinner|p1a: Scimitar
|-supereffective|p1a: Scimitar
|-damage|p1a: Scimitar|0 fnt
|faint|p1a: Scimitar
|-damage|p2a: Lilligant|21/100|[from] item: Life Orb
|
|-weather|SunnyDay|[upkeep]
|upkeep
|
|t:|1757866196
|switch|p1a: Partisan|Malamar, M|100/100
|-damage|p1a: Partisan|88/100|[from] Stealth Rock
|turn|8
|
|t:|1757866200
|move|p2a: Lilligant|Solar Blade||[still]
|-prepare|p2a: Lilligant|Solar Blade
|-anim|p2a: Lilligant|Solar Blade|p1a: Partisan
|-damage|p1a: Partisan|0 fnt
|faint|p1a: Partisan
|-damage|p2a: Lilligant|11/100|[from] item: Life Orb
|
|-weather|none
|upkeep
|
|t:|1757866205
|switch|p1a: Glaive|Iron Valiant|100/100
|-damage|p1a: Glaive|94/100|[from] Stealth Rock
|-enditem|p1a: Glaive|Booster Energy
|-activate|p1a: Glaive|ability: Quark Drive|[fromitem]
|-start|p1a: Glaive|quarkdrivespe
|turn|9
|
|t:|1757866210
|move|p1a: Glaive|Knock Off|p2a: Lilligant
|-resisted|p2a: Lilligant
|-damage|p2a: Lilligant|0 fnt
|-enditem|p2a: Lilligant|Life Orb|[from] move: Knock Off|[of] p1a: Glaive
|faint|p2a: Lilligant
|
|upkeep
|
|t:|1757866213
|switch|p2a: Torkoal|Torkoal, F|42/100
|-weather|SunnyDay|[from] ability: Drought|[of] p2a: Torkoal
|turn|10
|
|t:|1757866218
|move|p1a: Glaive|Drain Punch|p2a: Torkoal
|-damage|p2a: Torkoal|12/100
|-heal|p1a: Glaive|100/100|[from] drain|[of] p2a: Torkoal
|move|p2a: Torkoal|Will-O-Wisp|p1a: Glaive
|-status|p1a: Glaive|brn
|
|-weather|SunnyDay|[upkeep]
|-damage|p1a: Glaive|94/100 brn|[from] brn
|upkeep
|turn|11
|
|t:|1757866228
|-end|p1a: Glaive|Quark Drive|[silent]
|switch|p1a: Gladius|Lilligant, F|100/100
|-damage|p1a: Gladius|88/100|[from] Stealth Rock
|switch|p2a: Pecharunt|Pecharunt|100/100
|
|-weather|SunnyDay|[upkeep]
|upkeep
|turn|12
|
|t:|1757866233
|move|p1a: Gladius|Leech Seed|p2a: Pecharunt
|-start|p2a: Pecharunt|move: Leech Seed
|move|p2a: Pecharunt|Toxic|p1a: Gladius
|-status|p1a: Gladius|tox
|-start|p1a: Gladius|confusion|[from] ability: Poison Puppeteer|[of] p2a: Pecharunt
|
|-weather|SunnyDay|[upkeep]
|-damage|p2a: Pecharunt|88/100|[from] Leech Seed|[of] p1a: Gladius
|-heal|p1a: Gladius|100/100 tox|[silent]
|-damage|p1a: Gladius|94/100 tox|[from] psn
|upkeep
|turn|13
|
|t:|1757866239
|-activate|p1a: Gladius|confusion
|-damage|p1a: Gladius|87/100 tox|[from] confusion
|move|p2a: Pecharunt|Parting Shot|p1a: Gladius
|-unboost|p1a: Gladius|atk|1
|-unboost|p1a: Gladius|spa|1
|-message|Leader Alastor forfeited.
|
|win|Nyksytin
|raw|Leader Alastor's rating: 1350 &rarr; <strong>1327</strong><br />(-23 for losing)
|raw|Nyksytin's rating: 1306 &rarr; <strong>1329</strong><br />(+23 for winning)
|l|☆Leader Alastor
|player|p1|
|l|☆Nyksytin
|player|p2|
