|j|☆HGalliumh
|j|☆hey phone
|t:|1757914229
|gametype|singles
|player|p1|HGalliumh|dawn|1562
|player|p2|hey phone|blue|1502
|gen|9
|tier|[Gen 9] OU
|rated|
|rule|HP Percentage Mod: HP is shown in percentages
|rule|Endless Battle Clause: Forcing endless battles is banned
|rule|Species Clause: Limit one of each Pokémon
|rule|OHKO Clause: OHKO moves are banned
|rule|Evasion Items Clause: Evasion items are banned
|rule|Evasion Moves Clause: Evasion moves are banned
|rule|Evasion Abilities Clause: Evasion abilities are banned
|rule|Sleep Moves Clause: Sleep-inducing moves are banned
|clearpoke
|poke|p1|Primarina, M|
|poke|p1|Alomomola, F|
|poke|p1|Hydrapple, M|
|poke|p1|Great Tusk|
|poke|p1|Gholdengo|
|poke|p1|Moltres|
|poke|p2|Lokix, M|
|poke|p2|Slowking-Galar, M|
|poke|p2|Cinderace, F|
|poke|p2|Enamorus, F|
|poke|p2|Alomomola, M|
|poke|p2|Great Tusk|
|teampreview
|inactive|Battle timer is ON: inactive players will automatically lose when time's up. (requested by HGalliumh)
|
|t:|1757914256
|teamsize|p1|6
|teamsize|p2|6
|start
|switch|p1a: Primarina|Primarina, M|100/100
|switch|p2a: Slowking|Slowking-Galar, M|100/100
|turn|1
|
|t:|1757914270
|move|p1a: Primarina|Substitute|p1a: Primarina
|-start|p1a: Primarina|Substitute
|-damage|p1a: Primarina|76/100
|move|p2a: Slowking|Future Sight|p1a: Primarina
|-start|p2a: Slowking|move: Future Sight
|
|-heal|p1a: Primarina|82/100|[from] item: Leftovers
|upkeep
|turn|2
|
|t:|1757914279
|-terastallize|p1a: Primarina|Steel
|move|p1a: Primarina|Calm Mind|p1a: Primarina
|-boost|p1a: Primarina|spa|1
|-boost|p1a: Primarina|spd|1
|move|p2a: Slowking|Sludge Bomb|p1a: Primarina
|-immune|p1a: Primarina
|
|-heal|p1a: Primarina|88/100|[from] item: Leftovers
|upkeep
|turn|3
|
|t:|1757914286
|move|p1a: Primarina|Calm Mind|p1a: Primarina
|-boost|p1a: Primarina|spa|1
|-boost|p1a: Primarina|spd|1
|-prepare|p2a: Slowking|Chilly Reception|[premajor]
|move|p2a: Slowking|Chilly Reception|p2a: Slowking
|-weather|Snowscape
|
|t:|1757914293
|switch|p2a: Cinderace|Cinderace, F|100/100|[from] Chilly Reception
|
|-weather|Snowscape|[upkeep]
|-end|p1a: Primarina|move: Future Sight
|-resisted|p1a: Primarina
|-activate|p1a: Primarina|move: Substitute|[damage]
|-heal|p1a: Primarina|94/100|[from] item: Leftovers
|upkeep
|turn|4
|
|t:|1757914298
|move|p2a: Cinderace|Pyro Ball|p1a: Primarina
|-supereffective|p1a: Primarina
|-end|p1a: Primarina|Substitute
|move|p1a: Primarina|Surf|p2a: Cinderace
|-supereffective|p2a: Cinderace
|-damage|p2a: Cinderace|0 fnt
|faint|p2a: Cinderace
|
|-weather|Snowscape|[upkeep]
|-heal|p1a: Primarina|99/100|[from] item: Leftovers
|upkeep
|
|t:|1757914302
|switch|p2a: Great Tusk|Great Tusk|100/100
|turn|5
|
|t:|1757914310
|switch|p1a: Moltres|Moltres|100/100
|move|p2a: Great Tusk|Earthquake|p1a: Moltres
|-immune|p1a: Moltres
|
|-weather|Snowscape|[upkeep]
|upkeep
|turn|6
|
|t:|1757914317
|-end|p2a: Great Tusk|Protosynthesis|[silent]
|switch|p2a: Alomomola|Alomomola, M|100/100
|move|p1a: Moltres|U-turn|p2a: Alomomola
|-damage|p2a: Alomomola|90/100
|
|t:|1757914321
|switch|p1a: Primarina|Primarina, M, tera:Steel|99/100|[from] U-turn
|
|-weather|Snowscape|[upkeep]
|-heal|p1a: Primarina|100/100|[from] item: Leftovers
|upkeep
|turn|7
|
|t:|1757914325
|move|p1a: Primarina|Substitute|p1a: Primarina
|-start|p1a: Primarina|Substitute
|-damage|p1a: Primarina|76/100
|move|p2a: Alomomola|Flip Turn|p1a: Primarina
|-activate|p1a: Primarina|move: Substitute|[damage]
|
|t:|1757914329
|switch|p2a: Lokix|Lokix, M|100/100|[from] Flip Turn
|
|-weather|none
|-heal|p1a: Primarina|82/100|[from] item: Leftovers
|upkeep
|turn|8
|
|t:|1757914334
|move|p2a: Lokix|U-turn|p1a: Primarina
|-resisted|p1a: Primarina
|-end|p1a: Primarina|Substitute
|
|t:|1757914340
|switch|p2a: Alomomola|Alomomola, M|100/100|[from] U-turn
|move|p1a: Primarina|Surf|p2a: Alomomola
|-resisted|p2a: Alomomola
|-damage|p2a: Alomomola|88/100
|
|-heal|p1a: Primarina|88/100|[from] item: Leftovers
|upkeep
|turn|9
|
|t:|1757914358
|move|p1a: Primarina|Substitute|p1a: Primarina
|-start|p1a: Primarina|Substitute
|-damage|p1a: Primarina|63/100
|move|p2a: Alomomola|Flip Turn|p1a: Primarina
|-activate|p1a: Primarina|move: Substitute|[damage]
|
|t:|1757914360
|switch|p2a: Lokix|Lokix, M|100/100|[from] Flip Turn
|
|-heal|p1a: Primarina|69/100|[from] item: Leftovers
|upkeep
|turn|10
|
|t:|1757914365
|move|p2a: Lokix|U-turn|p1a: Primarina
|-resisted|p1a: Primarina
|-end|p1a: Primarina|Substitute
|
|t:|1757914367
|switch|p2a: Alomomola|Alomomola, M|100/100|[from] U-turn
|move|p1a: Primarina|Calm Mind|p1a: Primarina
|-boost|p1a: Primarina|spa|1
|-boost|p1a: Primarina|spd|1
|
|-heal|p1a: Primarina|75/100|[from] item: Leftovers
|upkeep
|turn|11
|
|t:|1757914379
|move|p1a: Primarina|Substitute|p1a: Primarina
|-start|p1a: Primarina|Substitute
|-damage|p1a: Primarina|50/100
|move|p2a: Alomomola|Flip Turn|p1a: Primarina
|-activate|p1a: Primarina|move: Substitute|[damage]
|
|t:|1757914383
|switch|p2a: Lokix|Lokix, M|100/100|[from] Flip Turn
|
|-heal|p1a: Primarina|56/100|[from] item: Leftovers
|upkeep
|turn|12
|
|t:|1757914389
|move|p2a: Lokix|U-turn|p1a: Primarina
|-resisted|p1a: Primarina
|-end|p1a: Primarina|Substitute
|
|t:|1757914390
|switch|p2a: Great Tusk|Great Tusk|100/100|[from] U-turn
|move|p1a: Primarina|Draining Kiss|p2a: Great Tusk
|-supereffective|p2a: Great Tusk
|-damage|p2a: Great Tusk|41/100
|-heal|p1a: Primarina|100/100|[from] drain|[of] p2a: Great Tusk
|
|upkeep
|turn|13
|j| Mao Is Pro
|
|t:|1757914403
|move|p2a: Great Tusk|Knock Off|p1a: Primarina
|-damage|p1a: Primarina|66/100
|-enditem|p1a: Primarina|Leftovers|[from] move: Knock Off|[of] p2a: Great Tusk
|move|p1a: Primarina|Draining Kiss|p2a: Great Tusk
|-supereffective|p2a: Great Tusk
|-damage|p2a: Great Tusk|0 fnt
|-heal|p1a: Primarina|100/100|[from] drain|[of] p2a: Great Tusk
|faint|p2a: Great Tusk
|-end|p2a: Great Tusk|Protosynthesis|[silent]
|
|upkeep
|l| Mao Is Pro
|
|t:|1757914424
|switch|p2a: Lokix|Lokix, M|100/100
|turn|14
|inactive|HGalliumh has 120 seconds left.
|
|t:|1757914461
|switch|p1a: Moltres|Moltres|100/100
|-terastallize|p2a: Lokix|Bug
|move|p2a: Lokix|U-turn|p1a: Moltres
|-resisted|p1a: Moltres
|-damage|p1a: Moltres|68/100
|
|t:|1757914467
|switch|p2a: Slowking|Slowking-Galar, M|100/100|[from] U-turn
|
|upkeep
|turn|15
|
|t:|1757914472
|move|p1a: Moltres|U-turn|p2a: Slowking
|-damage|p2a: Slowking|90/100
|
|t:|1757914475
|switch|p1a: Primarina|Primarina, M, tera:Steel|100/100|[from] U-turn
|-prepare|p2a: Slowking|Chilly Reception|[premajor]
|move|p2a: Slowking|Chilly Reception|p2a: Slowking
|-weather|Snowscape
|
|t:|1757914478
|switch|p2a: Lokix|Lokix, M, tera:Bug|100/100|[from] Chilly Reception
|
|-weather|Snowscape|[upkeep]
|upkeep
|turn|16
|
|t:|1757914488
|switch|p1a: Alomomola|Alomomola, F|100/100
|move|p2a: Lokix|Knock Off|p1a: Alomomola
|-damage|p1a: Alomomola|52/100
|-enditem|p1a: Alomomola|Assault Vest|[from] move: Knock Off|[of] p2a: Lokix
|
|-weather|Snowscape|[upkeep]
|upkeep
|turn|17
|
|t:|1757914493
|move|p2a: Lokix|Knock Off|p1a: Alomomola
|-damage|p1a: Alomomola|22/100
|move|p1a: Alomomola|Flip Turn|p2a: Lokix
|-damage|p2a: Lokix|74/100
|
|t:|1757914496
|switch|p1a: Great Tusk|Great Tusk|100/100|[from] Flip Turn
|
|-weather|Snowscape|[upkeep]
|upkeep
|turn|18
|
|t:|1757914501
|switch|p2a: Alomomola|Alomomola, M|100/100
|move|p1a: Great Tusk|Stealth Rock|p2a: Alomomola
|-sidestart|p2: hey phone|move: Stealth Rock
|
|-weather|Snowscape|[upkeep]
|upkeep
|turn|19
|-message|hey phone forfeited.
|
|win|HGalliumh
|raw|HGalliumh's rating: 1562 &rarr; <strong>1579</strong><br />(+17 for winning)
|raw|hey phone's rating: 1502 &rarr; <strong>1485</strong><br />(-17 for losing)
|l|☆hey phone
|player|p2|
|l|☆HGalliumh
|player|p1|
