|j|☆Demonfromthemist
|j|☆Passerby bye
|t:|1757848826
|gametype|singles
|player|p1|Demonfromthemist|265|1513
|player|p2|Passerby bye|cyclist|1512
|gen|9
|tier|[Gen 9] OU
|rated|
|rule|HP Percentage Mod: HP is shown in percentages
|rule|Endless Battle Clause: Forcing endless battles is banned
|rule|Species Clause: Limit one of each Pokémon
|rule|OHKO Clause: OHKO moves are banned
|rule|Evasion Items Clause: Evasion items are banned
|rule|Evasion Moves Clause: Evasion moves are banned
|rule|Evasion Abilities Clause: Evasion abilities are banned
|rule|Sleep Moves Clause: Sleep-inducing moves are banned
|clearpoke
|poke|p1|Deoxys-Speed|
|poke|p1|Glimmora, F|
|poke|p1|Dragonite, M|
|poke|p1|Kingambit, M|
|poke|p1|Iron Valiant|
|poke|p1|Great Tusk|
|poke|p2|Magnezone|
|poke|p2|Vileplume, M|
|poke|p2|Gyarados, M|
|poke|p2|Houndoom, F|
|poke|p2|Mamoswine, M|
|poke|p2|Azumarill, M|
|teampreview
|
|t:|1757848837
|teamsize|p1|6
|teamsize|p2|6
|start
|switch|p1a: Deoxys|Deoxys-Speed|100/100
|switch|p2a: Terrain Team sucks|Mamoswine, M|100/100
|-ability|p1a: Deoxys|Pressure
|turn|1
|
|t:|1757848843
|switch|p2a: Legend Pkmn sucks|Magnezone|100/100
|move|p1a: Deoxys|Taunt|p2a: Legend Pkmn sucks
|-start|p2a: Legend Pkmn sucks|move: Taunt
|
|upkeep
|turn|2
|
|t:|1757848851
|move|p1a: Deoxys|Light Screen|p1a: Deoxys
|-sidestart|p1: Demonfromthemist|move: Light Screen
|move|p2a: Legend Pkmn sucks|Volt Switch|p1a: Deoxys
|-damage|p1a: Deoxys|51/100
|inactive|Battle timer is ON: inactive players will automatically lose when time's up. (requested by Demonfromthemist)
|
|t:|1757848855
|switch|p2a: Sample Team sucks|Azumarill, M|100/100|[from] Volt Switch
|
|upkeep
|turn|3
|
|t:|1757848858
|move|p1a: Deoxys|Reflect|p1a: Deoxys
|-sidestart|p1: Demonfromthemist|Reflect
|move|p2a: Sample Team sucks|Knock Off|p1a: Deoxys
|-supereffective|p1a: Deoxys
|-damage|p1a: Deoxys|5/100
|-enditem|p1a: Deoxys|Light Clay|[from] move: Knock Off|[of] p2a: Sample Team sucks
|
|upkeep
|turn|4
|inactive|Demonfromthemist has 120 seconds left.
|l|☆Demonfromthemist
|inactive|Demonfromthemist disconnected and has a minute to reconnect!
|player|p1|
|inactive|Demonfromthemist has 30 seconds to reconnect!
|j|☆Demonfromthemist
|inactive|Demonfromthemist reconnected and has 90 seconds left.
|player|p1|Demonfromthemist|265|
|
|t:|1757848924
|move|p2a: Sample Team sucks|Aqua Jet|p1a: Deoxys
|-damage|p1a: Deoxys|0 fnt
|faint|p1a: Deoxys
|
|upkeep
|
|t:|1757848926
|switch|p1a: Dragonite|Dragonite, M|100/100
|turn|5
|
|t:|1757848935
|switch|p2a: Ordinary Pkmn only|Vileplume, M|100/100
|-terastallize|p1a: Dragonite|Flying
|move|p1a: Dragonite|Dragon Dance|p1a: Dragonite
|-boost|p1a: Dragonite|atk|1
|-boost|p1a: Dragonite|spe|1
|
|upkeep
|turn|6
|
|t:|1757848943
|switch|p2a: BST＞540 Pkmn sucks|Gyarados, M, shiny|100/100
|-ability|p2a: BST＞540 Pkmn sucks|Intimidate|boost
|-unboost|p1a: Dragonite|atk|1
|move|p1a: Dragonite|Substitute|p1a: Dragonite
|-start|p1a: Dragonite|Substitute
|-damage|p1a: Dragonite|76/100
|
|-heal|p1a: Dragonite|82/100|[from] item: Leftovers
|upkeep
|turn|7
|
|t:|1757848952
|move|p1a: Dragonite|Dragon Dance|p1a: Dragonite
|-boost|p1a: Dragonite|atk|1
|-boost|p1a: Dragonite|spe|1
|move|p2a: BST＞540 Pkmn sucks|Waterfall|p1a: Dragonite
|-end|p1a: Dragonite|Substitute
|
|-heal|p1a: Dragonite|88/100|[from] item: Leftovers
|upkeep
|turn|8
|
|t:|1757848956
|move|p1a: Dragonite|Tera Blast|p2a: BST＞540 Pkmn sucks|[anim] Tera Blast Flying
|-damage|p2a: BST＞540 Pkmn sucks|24/100
|move|p2a: BST＞540 Pkmn sucks|Waterfall|p1a: Dragonite
|-damage|p1a: Dragonite|61/100
|
|-heal|p1a: Dragonite|68/100|[from] item: Leftovers
|upkeep
|turn|9
|
|t:|1757848964
|move|p1a: Dragonite|Tera Blast|p2a: BST＞540 Pkmn sucks|[anim] Tera Blast Flying
|-damage|p2a: BST＞540 Pkmn sucks|0 fnt
|faint|p2a: BST＞540 Pkmn sucks
|
|-heal|p1a: Dragonite|74/100|[from] item: Leftovers
|-sideend|p1: Demonfromthemist|move: Light Screen
|upkeep
|
|t:|1757848971
|switch|p2a: Legend Pkmn sucks|Magnezone|100/100
|turn|10
|
|t:|1757848974
|move|p1a: Dragonite|Earthquake|p2a: Legend Pkmn sucks
|-supereffective|p2a: Legend Pkmn sucks
|-damage|p2a: Legend Pkmn sucks|0 fnt
|faint|p2a: Legend Pkmn sucks
|
|-heal|p1a: Dragonite|80/100|[from] item: Leftovers
|-sideend|p1: Demonfromthemist|Reflect
|upkeep
|
|t:|1757848980
|switch|p2a: Terrain Team sucks|Mamoswine, M|100/100
|turn|11
|
|t:|1757848983
|move|p1a: Dragonite|Tera Blast|p2a: Terrain Team sucks|[anim] Tera Blast Flying
|-damage|p2a: Terrain Team sucks|18/100
|move|p2a: Terrain Team sucks|Avalanche|p1a: Dragonite
|-supereffective|p1a: Dragonite
|-damage|p1a: Dragonite|0 fnt
|faint|p1a: Dragonite
|
|upkeep
|
|t:|1757848991
|switch|p1a: Glimmora|Glimmora, F|100/100
|turn|12
|
|t:|1757848994
|move|p1a: Glimmora|Meteor Beam||[still]
|-prepare|p1a: Glimmora|Meteor Beam
|-boost|p1a: Glimmora|spa|1
|-enditem|p1a: Glimmora|Power Herb
|-anim|p1a: Glimmora|Meteor Beam|p2a: Terrain Team sucks
|-damage|p2a: Terrain Team sucks|0 fnt
|faint|p2a: Terrain Team sucks
|
|upkeep
|
|t:|1757849001
|switch|p2a: Sample Team sucks|Azumarill, M|100/100
|turn|13
|
|t:|1757849008
|move|p1a: Glimmora|Earth Power|p2a: Sample Team sucks
|-damage|p2a: Sample Team sucks|67/100
|-unboost|p2a: Sample Team sucks|spd|1
|move|p2a: Sample Team sucks|Liquidation|p1a: Glimmora
|-supereffective|p1a: Glimmora
|-damage|p1a: Glimmora|0 fnt
|-activate|p1a: Glimmora|ability: Toxic Debris
|-sidestart|p2: Passerby bye|move: Toxic Spikes
|faint|p1a: Glimmora
|
|upkeep
|
|t:|1757849013
|switch|p1a: Kingambit|Kingambit, M|100/100
|-activate|p1a: Kingambit|ability: Supreme Overlord
|-start|p1a: Kingambit|fallen3|[silent]
|turn|14
|
|t:|1757849017
|switch|p2a: Weather Team sucks|Houndoom, F|100/100
|move|p1a: Kingambit|Iron Head|p2a: Weather Team sucks
|-resisted|p2a: Weather Team sucks
|-damage|p2a: Weather Team sucks|43/100
|
|upkeep
|turn|15
|
|t:|1757849035
|-end|p1a: Kingambit|fallen3|[silent]
|switch|p1a: Iron Valiant|Iron Valiant|100/100
|-enditem|p1a: Iron Valiant|Booster Energy
|-activate|p1a: Iron Valiant|ability: Quark Drive|[fromitem]
|-start|p1a: Iron Valiant|quarkdrivespe
|move|p2a: Weather Team sucks|Destiny Bond|p2a: Weather Team sucks
|-singlemove|p2a: Weather Team sucks|Destiny Bond
|
|upkeep
|turn|16
|
|t:|1757849043
|move|p1a: Iron Valiant|Moonblast|p2a: Weather Team sucks
|-damage|p2a: Weather Team sucks|0 fnt
|faint|p2a: Weather Team sucks
|-activate|p2a: Weather Team sucks|move: Destiny Bond
|faint|p1a: Iron Valiant
|-end|p1a: Iron Valiant|Quark Drive|[silent]
|
|upkeep
|
|t:|1757849049
|switch|p1a: Great Tusk|Great Tusk|100/100
|switch|p2a: Sample Team sucks|Azumarill, M|67/100
|-status|p2a: Sample Team sucks|psn
|-enditem|p1a: Great Tusk|Booster Energy
|-activate|p1a: Great Tusk|ability: Protosynthesis|[fromitem]
|-start|p1a: Great Tusk|protosynthesisspe
|turn|17
|
|t:|1757849052
|move|p1a: Great Tusk|Head Smash|p2a: Sample Team sucks
|-damage|p2a: Sample Team sucks|22/100 psn
|-damage|p1a: Great Tusk|79/100|[from] Recoil
|move|p2a: Sample Team sucks|Liquidation|p1a: Great Tusk
|-supereffective|p1a: Great Tusk
|-damage|p1a: Great Tusk|6/100
|
|-damage|p2a: Sample Team sucks|10/100 psn|[from] psn
|upkeep
|turn|18
|
|t:|1757849060
|-end|p1a: Great Tusk|Protosynthesis|[silent]
|switch|p1a: Kingambit|Kingambit, M|100/100
|-activate|p1a: Kingambit|ability: Supreme Overlord
|-start|p1a: Kingambit|fallen4|[silent]
|move|p2a: Sample Team sucks|Aqua Jet|p1a: Kingambit
|-damage|p1a: Kingambit|79/100
|
|-damage|p2a: Sample Team sucks|0 fnt|[from] psn
|faint|p2a: Sample Team sucks
|upkeep
|
|t:|1757849063
|switch|p2a: Ordinary Pkmn only|Vileplume, M|100/100
|-sideend|p2: Passerby bye|move: Toxic Spikes|[of] p2a: Ordinary Pkmn only
|turn|19
|
|t:|1757849067
|move|p1a: Kingambit|Swords Dance|p1a: Kingambit
|-boost|p1a: Kingambit|atk|2
|move|p2a: Ordinary Pkmn only|Strength Sap|p1a: Kingambit
|-unboost|p1a: Kingambit|atk|1
|
|upkeep
|turn|20
|
|t:|1757849069
|move|p1a: Kingambit|Swords Dance|p1a: Kingambit
|-boost|p1a: Kingambit|atk|2
|move|p2a: Ordinary Pkmn only|Leech Seed|p1a: Kingambit|[miss]
|-miss|p2a: Ordinary Pkmn only|p1a: Kingambit
|
|upkeep
|turn|21
|
|t:|1757849072
|move|p1a: Kingambit|Iron Head|p2a: Ordinary Pkmn only
|-damage|p2a: Ordinary Pkmn only|0 fnt
|-damage|p1a: Kingambit|63/100|[from] item: Rocky Helmet|[of] p2a: Ordinary Pkmn only
|-status|p1a: Kingambit|slp|[from] ability: Effect Spore|[of] p2a: Ordinary Pkmn only
|-enditem|p1a: Kingambit|Lum Berry|[eat]
|-curestatus|p1a: Kingambit|slp|[msg]
|faint|p2a: Ordinary Pkmn only
|
|win|Demonfromthemist
|raw|Demonfromthemist's rating: 1513 &rarr; <strong>1533</strong><br />(+20 for winning)
|raw|Passerby bye's rating: 1512 &rarr; <strong>1492</strong><br />(-20 for losing)
|l|☆Demonfromthemist
|player|p1|
|l|☆Passerby bye
|player|p2|
