|j|☆PapsIGuess31
|j|☆PikachuStupid90
|t:|1757859333
|gametype|singles
|player|p1|PapsIGuess31|ingo|1257
|player|p2|PikachuStupid90|miku-ground|1261
|gen|9
|tier|[Gen 9] OU
|rated|
|rule|HP Percentage Mod: HP is shown in percentages
|rule|Endless Battle Clause: Forcing endless battles is banned
|rule|Species Clause: Limit one of each Pokémon
|rule|OHKO Clause: OHKO moves are banned
|rule|Evasion Items Clause: Evasion items are banned
|rule|Evasion Moves Clause: Evasion moves are banned
|rule|Evasion Abilities Clause: Evasion abilities are banned
|rule|Sleep Moves Clause: Sleep-inducing moves are banned
|clearpoke
|poke|p1|Veluza, M|
|poke|p1|Hydrapple, M|
|poke|p1|Lokix, M|
|poke|p1|Eiscue, M|
|poke|p1|Ceruledge, M|
|poke|p1|Primarina, M|
|poke|p2|Scizor, M|
|poke|p2|Pelipper, M|
|poke|p2|Rillaboom, M|
|poke|p2|Weezing-Galar, F|
|poke|p2|Ogerpon-Wellspring, F|
|poke|p2|Kingambit, F|
|teampreview
|c|☆PapsIGuess31|glhf!
|
|t:|1757859341
|teamsize|p1|6
|teamsize|p2|6
|start
|switch|p1a: Primarina|Primarina, M|100/100
|switch|p2a: Weezing|Weezing-Galar, F|100/100
|-ability|p2a: Weezing|Neutralizing Gas
|turn|1
|inactive|Battle timer is ON: inactive players will automatically lose when time's up. (requested by PikachuStupid90)
|
|t:|1757859347
|move|p2a: Weezing|Sludge Bomb|p1a: Primarina
|-supereffective|p1a: Primarina
|-damage|p1a: Primarina|54/100
|-status|p1a: Primarina|psn
|move|p1a: Primarina|Calm Mind|p1a: Primarina
|-boost|p1a: Primarina|spa|1
|-boost|p1a: Primarina|spd|1
|
|-heal|p1a: Primarina|60/100 psn|[from] item: Leftovers
|-damage|p1a: Primarina|47/100 psn|[from] psn
|upkeep
|turn|2
|
|t:|1757859367
|-end|p2a: Weezing|ability: Neutralizing Gas
|switch|p2a: Ogerpon|Ogerpon-Wellspring, F|100/100
|move|p1a: Primarina|Psychic|p2a: Ogerpon
|-damage|p2a: Ogerpon|37/100
|
|-heal|p1a: Primarina|54/100 psn|[from] item: Leftovers
|-damage|p1a: Primarina|41/100 psn|[from] psn
|upkeep
|turn|3
|
|t:|1757859378
|move|p2a: Ogerpon|Horn Leech|p1a: Primarina
|-supereffective|p1a: Primarina
|-damage|p1a: Primarina|0 fnt
|-heal|p2a: Ogerpon|62/100|[from] drain|[of] p1a: Primarina
|faint|p1a: Primarina
|
|upkeep
|
|t:|1757859383
|switch|p1a: Lokix|Lokix, M|100/100
|turn|4
|
|t:|1757859387
|switch|p2a: Weezing|Weezing-Galar, F|100/100
|-ability|p2a: Weezing|Neutralizing Gas
|move|p1a: Lokix|First Impression|p2a: Weezing
|-resisted|p2a: Weezing
|-damage|p2a: Weezing|92/100
|
|upkeep
|turn|5
|
|t:|1757859397
|move|p1a: Lokix|U-turn|p2a: Weezing
|-resisted|p2a: Weezing
|-damage|p2a: Weezing|85/100
|
|t:|1757859400
|switch|p1a: Ceruledge|Ceruledge, M|100/100|[from] U-turn
|move|p2a: Weezing|Will-O-Wisp|p1a: Ceruledge
|-immune|p1a: Ceruledge
|
|upkeep
|turn|6
|
|t:|1757859414
|-end|p2a: Weezing|ability: Neutralizing Gas
|switch|p2a: Ogerpon|Ogerpon-Wellspring, F|62/100
|move|p1a: Ceruledge|Swords Dance|p1a: Ceruledge
|-boost|p1a: Ceruledge|atk|2
|
|upkeep
|turn|7
|
|t:|1757859420
|-terastallize|p1a: Ceruledge|Fighting
|move|p2a: Ogerpon|Encore|p1a: Ceruledge
|-start|p1a: Ceruledge|Encore
|move|p1a: Ceruledge|Swords Dance|p1a: Ceruledge
|-boost|p1a: Ceruledge|atk|2
|
|upkeep
|turn|8
|
|t:|1757859428
|switch|p1a: Eiscue|Eiscue, M|100/100
|move|p2a: Ogerpon|Ivy Cudgel|p1a: Eiscue|[anim] Ivy Cudgel Water
|-activate|p1a: Eiscue|ability: Ice Face
|-damage|p1a: Eiscue|100/100
|detailschange|p1a: Eiscue|Eiscue-Noice, M
|
|upkeep
|turn|9
|
|t:|1757859439
|switch|p2a: Weezing|Weezing-Galar, F|85/100
|-ability|p2a: Weezing|Neutralizing Gas
|move|p1a: Eiscue|Ice Spinner|p2a: Weezing
|-damage|p2a: Weezing|60/100
|
|upkeep
|turn|10
|
|t:|1757859450
|switch|p1a: Ceruledge|Ceruledge, M, tera:Fighting|100/100
|move|p2a: Weezing|Pain Split|p1a: Ceruledge
|-sethp|p1a: Ceruledge|80/100|[from] move: Pain Split|[silent]
|-sethp|p2a: Weezing|81/100|[from] move: Pain Split
|
|upkeep
|turn|11
|
|t:|1757859457
|move|p1a: Ceruledge|Bitter Blade|p2a: Weezing
|-damage|p2a: Weezing|40/100
|-heal|p1a: Ceruledge|100/100|[from] drain|[of] p2a: Weezing
|move|p2a: Weezing|Will-O-Wisp|p1a: Ceruledge
|-status|p1a: Ceruledge|brn
|
|-damage|p1a: Ceruledge|94/100 brn|[from] brn
|upkeep
|turn|12
|
|t:|1757859465
|move|p1a: Ceruledge|Bitter Blade|p2a: Weezing
|-damage|p2a: Weezing|22/100
|-heal|p1a: Ceruledge|100/100 brn|[from] drain|[of] p2a: Weezing
|move|p2a: Weezing|Pain Split|p1a: Ceruledge
|-sethp|p1a: Ceruledge|61/100 brn|[from] move: Pain Split|[silent]
|-sethp|p2a: Weezing|62/100|[from] move: Pain Split
|
|-damage|p1a: Ceruledge|55/100 brn|[from] brn
|upkeep
|turn|13
|
|t:|1757859474
|switch|p1a: Veluza|Veluza, M|100/100
|-end|p2a: Weezing|ability: Neutralizing Gas
|switch|p2a: Pelipper|Pelipper, M|100/100
|-weather|RainDance|[from] ability: Drizzle|[of] p2a: Pelipper
|
|-weather|RainDance|[upkeep]
|upkeep
|turn|14
|
|t:|1757859483
|move|p1a: Veluza|Aqua Cutter|p2a: Pelipper
|-resisted|p2a: Pelipper
|-damage|p2a: Pelipper|51/100
|move|p2a: Pelipper|U-turn|p1a: Veluza
|-supereffective|p1a: Veluza
|-damage|p1a: Veluza|81/100
|
|t:|1757859487
|switch|p2a: Kingambit|Kingambit, F|100/100|[from] U-turn
|
|-weather|RainDance|[upkeep]
|upkeep
|turn|15
|
|t:|1757859491
|move|p2a: Kingambit|Sucker Punch|p1a: Veluza
|-supereffective|p1a: Veluza
|-damage|p1a: Veluza|0 fnt
|faint|p1a: Veluza
|
|-weather|RainDance|[upkeep]
|upkeep
|
|t:|1757859493
|switch|p1a: Hydrapple|Hydrapple, M, shiny|100/100
|turn|16
|
|t:|1757859503
|move|p2a: Kingambit|X-Scissor|p1a: Hydrapple
|-supereffective|p1a: Hydrapple
|-damage|p1a: Hydrapple|55/100
|move|p1a: Hydrapple|Nasty Plot|p1a: Hydrapple
|-boost|p1a: Hydrapple|spa|2
|
|-weather|RainDance|[upkeep]
|-heal|p1a: Hydrapple|61/100|[from] item: Leftovers
|upkeep
|turn|17
|
|t:|1757859511
|-terastallize|p2a: Kingambit|Bug
|move|p2a: Kingambit|X-Scissor|p1a: Hydrapple
|-supereffective|p1a: Hydrapple
|-damage|p1a: Hydrapple|0 fnt
|faint|p1a: Hydrapple
|
|-weather|none
|upkeep
|
|t:|1757859514
|switch|p1a: Ceruledge|Ceruledge, M, tera:Fighting|55/100 brn
|turn|18
|
|t:|1757859521
|-end|p2a: Kingambit|fallenundefined|[silent]
|switch|p2a: Pelipper|Pelipper, M|51/100
|-weather|RainDance|[from] ability: Drizzle|[of] p2a: Pelipper
|move|p1a: Ceruledge|Bitter Blade|p2a: Pelipper
|-resisted|p2a: Pelipper
|-damage|p2a: Pelipper|46/100
|-heal|p1a: Ceruledge|58/100 brn|[from] drain|[of] p2a: Pelipper
|
|-weather|RainDance|[upkeep]
|-damage|p1a: Ceruledge|51/100 brn|[from] brn
|upkeep
|turn|19
|
|t:|1757859529
|move|p1a: Ceruledge|Brick Break|p2a: Pelipper
|-resisted|p2a: Pelipper
|-damage|p2a: Pelipper|38/100
|move|p2a: Pelipper|Roost|p2a: Pelipper
|-heal|p2a: Pelipper|88/100
|-singleturn|p2a: Pelipper|move: Roost
|
|-weather|RainDance|[upkeep]
|-damage|p1a: Ceruledge|45/100 brn|[from] brn
|upkeep
|turn|20
|
|t:|1757859544
|move|p1a: Ceruledge|Brick Break|p2a: Pelipper
|-resisted|p2a: Pelipper
|-damage|p2a: Pelipper|79/100
|move|p2a: Pelipper|Hurricane|p1a: Ceruledge
|-supereffective|p1a: Ceruledge
|-damage|p1a: Ceruledge|0 fnt
|faint|p1a: Ceruledge
|
|-weather|RainDance|[upkeep]
|upkeep
|
|t:|1757859548
|switch|p1a: Lokix|Lokix, M|100/100
|turn|21
|
|t:|1757859558
|switch|p2a: Weezing|Weezing-Galar, F|62/100
|-ability|p2a: Weezing|Neutralizing Gas
|move|p1a: Lokix|Throat Chop|p2a: Weezing
|-resisted|p2a: Weezing
|-damage|p2a: Weezing|49/100
|-start|p2a: Weezing|Throat Chop|[silent]
|
|-weather|RainDance|[upkeep]
|upkeep
|turn|22
|
|t:|1757859569
|move|p1a: Lokix|Throat Chop|p2a: Weezing
|-resisted|p2a: Weezing
|-damage|p2a: Weezing|36/100
|move|p2a: Weezing|Pain Split|p1a: Lokix
|-sethp|p1a: Lokix|72/100|[from] move: Pain Split|[silent]
|-sethp|p2a: Weezing|61/100|[from] move: Pain Split
|
|-weather|none
|-end|p2a: Weezing|Throat Chop|[silent]
|upkeep
|turn|23
|
|t:|1757859574
|move|p1a: Lokix|Axe Kick|p2a: Weezing
|-resisted|p2a: Weezing
|-damage|p2a: Weezing|54/100
|move|p2a: Weezing|Will-O-Wisp|p1a: Lokix|[miss]
|-miss|p2a: Weezing|p1a: Lokix
|
|upkeep
|turn|24
|
|t:|1757859581
|move|p1a: Lokix|Throat Chop|p2a: Weezing
|-resisted|p2a: Weezing
|-damage|p2a: Weezing|40/100
|-start|p2a: Weezing|Throat Chop|[silent]
|move|p2a: Weezing|Defog|p1a: Lokix
|-unboost|p1a: Lokix|evasion|1
|
|upkeep
|turn|25
|
|t:|1757859592
|move|p1a: Lokix|Throat Chop|p2a: Weezing
|-resisted|p2a: Weezing
|-damage|p2a: Weezing|25/100
|move|p2a: Weezing|Pain Split|p1a: Lokix
|-sethp|p1a: Lokix|50/100|[from] move: Pain Split|[silent]
|-sethp|p2a: Weezing|43/100|[from] move: Pain Split
|
|-end|p2a: Weezing|Throat Chop|[silent]
|upkeep
|turn|26
|inactive|PikachuStupid90 has 120 seconds left.
|
|t:|1757859627
|move|p1a: Lokix|Throat Chop|p2a: Weezing
|-resisted|p2a: Weezing
|-crit|p2a: Weezing
|-damage|p2a: Weezing|21/100
|-start|p2a: Weezing|Throat Chop|[silent]
|move|p2a: Weezing|Will-O-Wisp|p1a: Lokix
|-status|p1a: Lokix|brn
|
|-damage|p1a: Lokix|44/100 brn|[from] brn
|upkeep
|turn|27
|inactive|PikachuStupid90 has 120 seconds left.
|
|t:|1757859641
|move|p1a: Lokix|Throat Chop|p2a: Weezing
|-resisted|p2a: Weezing
|-damage|p2a: Weezing|14/100
|move|p2a: Weezing|Sludge Bomb|p1a: Lokix
|-damage|p1a: Lokix|0 fnt
|faint|p1a: Lokix
|
|-end|p2a: Weezing|Throat Chop|[silent]
|upkeep
|
|t:|1757859644
|switch|p1a: Eiscue|Eiscue-Noice, M|100/100
|turn|28
|
|t:|1757859649
|move|p1a: Eiscue|Iron Head|p2a: Weezing
|-supereffective|p2a: Weezing
|-damage|p2a: Weezing|0 fnt
|faint|p2a: Weezing
|-end|p2a: Weezing|ability: Neutralizing Gas
|
|upkeep
|
|t:|1757859655
|switch|p2a: Kingambit|Kingambit, F, tera:Bug|100/100
|-activate|p2a: Kingambit|ability: Supreme Overlord
|-start|p2a: Kingambit|fallen1|[silent]
|turn|29
|
|t:|1757859659
|move|p1a: Eiscue|Ice Spinner|p2a: Kingambit
|-damage|p2a: Kingambit|75/100
|move|p2a: Kingambit|Iron Head|p1a: Eiscue
|-supereffective|p1a: Eiscue
|-damage|p1a: Eiscue|0 fnt
|faint|p1a: Eiscue
|
|win|PikachuStupid90
|raw|PapsIGuess31's rating: 1257 &rarr; <strong>1232</strong><br />(-25 for losing)
|raw|PikachuStupid90's rating: 1261 &rarr; <strong>1286</strong><br />(+25 for winning)
|c|☆PapsIGuess31|gg wp
|l|☆PapsIGuess31
|player|p1|
|l|☆PikachuStupid90
|player|p2|
