|j|☆Loulwayne
|j|☆findmyhair
|t:|1757950486
|gametype|singles
|player|p1|Loulwayne|lucian|1177
|player|p2|findmyhair|acetrainercouple|1169
|gen|9
|tier|[Gen 9] OU
|rated|
|rule|HP Percentage Mod: HP is shown in percentages
|rule|Endless Battle Clause: Forcing endless battles is banned
|rule|Species Clause: Limit one of each Pokémon
|rule|OHKO Clause: OHKO moves are banned
|rule|Evasion Items Clause: Evasion items are banned
|rule|Evasion Moves Clause: Evasion moves are banned
|rule|Evasion Abilities Clause: Evasion abilities are banned
|rule|Sleep Moves Clause: Sleep-inducing moves are banned
|clearpoke
|poke|p1|Hatterene, F|
|poke|p1|Scream Tail|
|poke|p1|Gallade, M|
|poke|p1|Bronzong|
|poke|p1|Munkidori, M|
|poke|p1|Meloetta|
|poke|p2|Cresselia, F|
|poke|p2|Slowking-Galar, M|
|poke|p2|Iron Hands|
|poke|p2|Ursaluna, M|
|poke|p2|Crawdaunt, M|
|poke|p2|Klefki, M|
|teampreview
|inactive|Battle timer is ON: inactive players will automatically lose when time's up. (requested by findmyhair)
|inactive|Loulwayne has 120 seconds left.
|
|t:|1757950524
|teamsize|p1|6
|teamsize|p2|6
|start
|switch|p1a: Gallade|Gallade, M|100/100
|switch|p2a: Klefki|Klefki, M|100/100
|turn|1
|
|t:|1757950535
|switch|p1a: Hatterene|Hatterene, F|100/100
|move|p2a: Klefki|Reflect|p2a: Klefki
|-sidestart|p2: findmyhair|Reflect
|
|upkeep
|turn|2
|
|t:|1757950541
|move|p2a: Klefki|Light Screen|p2a: Klefki
|-sidestart|p2: findmyhair|move: Light Screen
|move|p1a: Hatterene|Nuzzle|p2a: Klefki
|-damage|p2a: Klefki|99/100
|-status|p2a: Klefki|par
|
|upkeep
|turn|3
|
|t:|1757950548
|switch|p2a: Slowking|Slowking-Galar, M|100/100
|move|p1a: Hatterene|Psychic|p2a: Slowking
|-damage|p2a: Slowking|82/100
|
|-heal|p2a: Slowking|88/100|[from] item: Black Sludge
|upkeep
|turn|4
|
|t:|1757950557
|switch|p1a: Bronzong|Bronzong|100/100
|move|p2a: Slowking|Trick Room|p2a: Slowking
|-fieldstart|move: Trick Room|[of] p2a: Slowking
|
|-heal|p2a: Slowking|94/100|[from] item: Black Sludge
|upkeep
|turn|5
|
|t:|1757950562
|move|p2a: Slowking|Nasty Plot|p2a: Slowking
|-boost|p2a: Slowking|spa|2
|move|p1a: Bronzong|Stealth Rock|p2a: Slowking
|-sidestart|p2: findmyhair|move: Stealth Rock
|
|-heal|p2a: Slowking|100/100|[from] item: Black Sludge
|upkeep
|turn|6
|
|t:|1757950571
|move|p2a: Slowking|Nasty Plot|p2a: Slowking
|-boost|p2a: Slowking|spa|2
|move|p1a: Bronzong|Trick Room|p1a: Bronzong
|-fieldend|move: Trick Room
|
|upkeep
|turn|7
|
|t:|1757950580
|switch|p1a: Scream Tail|Scream Tail|100/100
|-enditem|p1a: Scream Tail|Booster Energy
|-activate|p1a: Scream Tail|ability: Protosynthesis|[fromitem]
|-start|p1a: Scream Tail|protosynthesisspe
|move|p2a: Slowking|Fire Blast|p1a: Scream Tail|[miss]
|-miss|p2a: Slowking|p1a: Scream Tail
|
|upkeep
|turn|8
|
|t:|1757950592
|move|p1a: Scream Tail|Encore|p2a: Slowking
|-start|p2a: Slowking|Encore
|move|p2a: Slowking|Fire Blast|p1a: Scream Tail
|-damage|p1a: Scream Tail|25/100
|
|-sideend|p2: findmyhair|Reflect
|upkeep
|turn|9
|
|t:|1757950600
|move|p1a: Scream Tail|Disable|p2a: Slowking
|-start|p2a: Slowking|Disable|Fire Blast
|cant|p2a: Slowking|Disable|Fire Blast
|
|-sideend|p2: findmyhair|move: Light Screen
|upkeep
|turn|10
|
|t:|1757950607
|switch|p2a: Crawdaunt|Crawdaunt, M|100/100
|-damage|p2a: Crawdaunt|88/100|[from] Stealth Rock
|move|p1a: Scream Tail|Wish|p1a: Scream Tail
|
|upkeep
|turn|11
|
|t:|1757950613
|-end|p1a: Scream Tail|Protosynthesis|[silent]
|switch|p1a: Gallade|Gallade, M|100/100
|move|p2a: Crawdaunt|Knock Off|p1a: Gallade
|-damage|p1a: Gallade|0 fnt
|-enditem|p1a: Gallade|Scope Lens|[from] move: Knock Off|[of] p2a: Crawdaunt
|faint|p1a: Gallade
|-damage|p2a: Crawdaunt|78/100|[from] item: Life Orb
|
|upkeep
|
|t:|1757950619
|switch|p1a: Bronzong|Bronzong|100/100
|turn|12
|
|t:|1757950623
|switch|p2a: Slowking|Slowking-Galar, M|100/100
|-damage|p2a: Slowking|88/100|[from] Stealth Rock
|-terastallize|p1a: Bronzong|Electric
|move|p1a: Bronzong|Body Press|p2a: Slowking
|-resisted|p2a: Slowking
|-damage|p2a: Slowking|81/100
|
|-heal|p2a: Slowking|88/100|[from] item: Black Sludge
|upkeep
|turn|13
|
|t:|1757950638
|switch|p1a: Munkidori|Munkidori, M|100/100
|move|p2a: Slowking|Trick Room|p2a: Slowking
|-fieldstart|move: Trick Room|[of] p2a: Slowking
|
|-heal|p2a: Slowking|94/100|[from] item: Black Sludge
|upkeep
|turn|14
|
|t:|1757950645
|switch|p2a: Klefki|Klefki, M|99/100 par
|-damage|p2a: Klefki|93/100 par|[from] Stealth Rock
|move|p1a: Munkidori|Trick|p2a: Klefki
|-activate|p1a: Munkidori|move: Trick|[of] p2a: Klefki
|-item|p2a: Klefki|Choice Scarf|[from] move: Trick
|-item|p1a: Munkidori|Light Clay|[from] move: Trick
|
|upkeep
|turn|15
|
|t:|1757950653
|move|p2a: Klefki|Light Screen|p2a: Klefki
|-sidestart|p2: findmyhair|move: Light Screen
|move|p1a: Munkidori|Parting Shot|p2a: Klefki
|-unboost|p2a: Klefki|atk|1
|-unboost|p2a: Klefki|spa|1
|
|t:|1757950658
|switch|p1a: Meloetta|Meloetta|100/100|[from] Parting Shot
|
|upkeep
|turn|16
|
|t:|1757950675
|switch|p2a: Cresselia|Cresselia, F|100/100
|-damage|p2a: Cresselia|88/100|[from] Stealth Rock
|switch|p1a: Hatterene|Hatterene, F|100/100
|
|upkeep
|turn|17
|
|t:|1757950688
|switch|p1a: Scream Tail|Scream Tail|25/100
|move|p2a: Cresselia|Psychic|p1a: Scream Tail
|-resisted|p1a: Scream Tail
|-damage|p1a: Scream Tail|16/100
|-unboost|p1a: Scream Tail|spd|1
|
|-fieldend|move: Trick Room
|upkeep
|turn|18
|
|t:|1757950695
|move|p1a: Scream Tail|Disable|p2a: Cresselia
|-start|p2a: Cresselia|Disable|Psychic
|-enditem|p2a: Cresselia|Mental Herb
|-end|p2a: Cresselia|Disable
|move|p2a: Cresselia|Psychic|p1a: Scream Tail
|-resisted|p1a: Scream Tail
|-damage|p1a: Scream Tail|3/100
|
|upkeep
|turn|19
|
|t:|1757950705
|-end|p1a: Scream Tail|Protosynthesis|[silent]
|switch|p1a: Meloetta|Meloetta|100/100
|move|p2a: Cresselia|Psychic|p1a: Meloetta
|-resisted|p1a: Meloetta
|-damage|p1a: Meloetta|93/100
|
|-heal|p1a: Meloetta|99/100|[from] item: Leftovers
|-sideend|p2: findmyhair|move: Light Screen
|upkeep
|turn|20
|
|t:|1757950713
|switch|p2a: Klefki|Klefki, M|93/100 par
|-damage|p2a: Klefki|87/100 par|[from] Stealth Rock
|move|p1a: Meloetta|Relic Song|p2a: Klefki
|-resisted|p2a: Klefki
|-damage|p2a: Klefki|61/100 par
|-formechange|p1a: Meloetta|Meloetta-Pirouette|[msg]
|
|-heal|p1a: Meloetta|100/100|[from] item: Leftovers
|upkeep
|turn|21
|
|t:|1757950722
|cant|p2a: Klefki|par
|move|p1a: Meloetta|Drain Punch|p2a: Klefki
|-damage|p2a: Klefki|39/100 par
|
|upkeep
|turn|22
|
|t:|1757950729
|move|p2a: Klefki|Thunder Wave|p1a: Meloetta
|-status|p1a: Meloetta|par
|move|p1a: Meloetta|Relic Song|p2a: Klefki
|-resisted|p2a: Klefki
|-damage|p2a: Klefki|20/100 par
|-formechange|p1a: Meloetta|Meloetta|[msg]
|
|upkeep
|turn|23
|
|t:|1757950743
|switch|p2a: Cresselia|Cresselia, F|88/100
|-damage|p2a: Cresselia|76/100|[from] Stealth Rock
|move|p1a: Meloetta|Psychic|p2a: Cresselia
|-resisted|p2a: Cresselia
|-damage|p2a: Cresselia|62/100
|
|upkeep
|turn|24
|
|t:|1757950750
|switch|p2a: Klefki|Klefki, M|20/100 par
|-damage|p2a: Klefki|14/100 par|[from] Stealth Rock
|move|p1a: Meloetta|Knock Off|p2a: Klefki
|-resisted|p2a: Klefki
|-damage|p2a: Klefki|7/100 par
|-enditem|p2a: Klefki|Choice Scarf|[from] move: Knock Off|[of] p1a: Meloetta
|
|upkeep
|turn|25
|
|t:|1757950761
|move|p2a: Klefki|Reflect|p2a: Klefki
|-sidestart|p2: findmyhair|Reflect
|move|p1a: Meloetta|Drain Punch|p2a: Klefki
|-damage|p2a: Klefki|2/100 par
|
|upkeep
|turn|26
|
|t:|1757950767
|move|p2a: Klefki|Light Screen|p2a: Klefki
|-sidestart|p2: findmyhair|move: Light Screen
|cant|p1a: Meloetta|par
|
|upkeep
|turn|27
|
|t:|1757950772
|switch|p1a: Scream Tail|Scream Tail|3/100
|move|p2a: Klefki|Spikes|p1a: Scream Tail
|-sidestart|p1: Loulwayne|Spikes
|
|upkeep
|turn|28
|
|t:|1757950777
|move|p2a: Klefki|Spikes|p1a: Scream Tail
|-sidestart|p1: Loulwayne|Spikes
|move|p1a: Scream Tail|Disable|p2a: Klefki
|-start|p2a: Klefki|Disable|Spikes
|
|upkeep
|turn|29
|
|t:|1757950783
|move|p2a: Klefki|Thunder Wave|p1a: Scream Tail
|-status|p1a: Scream Tail|par
|move|p1a: Scream Tail|Wish|p1a: Scream Tail
|
|-sideend|p2: findmyhair|Reflect
|upkeep
|turn|30
|
|t:|1757950791
|move|p2a: Klefki|Reflect|p2a: Klefki
|-sidestart|p2: findmyhair|Reflect
|cant|p1a: Scream Tail|par
|
|-heal|p1a: Scream Tail|53/100 par|[from] move: Wish|[wisher] Scream Tail
|-sideend|p2: findmyhair|move: Light Screen
|upkeep
|turn|31
|
|t:|1757950799
|-end|p1a: Scream Tail|Protosynthesis|[silent]
|switch|p1a: Hatterene|Hatterene, F|100/100
|-damage|p1a: Hatterene|84/100|[from] Spikes
|switch|p2a: Crawdaunt|Crawdaunt, M|78/100
|-damage|p2a: Crawdaunt|66/100|[from] Stealth Rock
|
|-heal|p1a: Hatterene|90/100|[from] item: Leftovers
|upkeep
|turn|32
|
|t:|1757950807
|move|p2a: Crawdaunt|Knock Off|p1a: Hatterene
|-damage|p1a: Hatterene|0 fnt
|-enditem|p1a: Hatterene|Leftovers|[from] move: Knock Off|[of] p2a: Crawdaunt
|faint|p1a: Hatterene
|-damage|p2a: Crawdaunt|56/100|[from] item: Life Orb
|
|upkeep
|
|t:|1757950810
|switch|p1a: Bronzong|Bronzong, tera:Electric|100/100
|turn|33
|
|t:|1757950826
|switch|p2a: Cresselia|Cresselia, F|62/100
|-damage|p2a: Cresselia|49/100|[from] Stealth Rock
|move|p1a: Bronzong|Body Press|p2a: Cresselia
|-resisted|p2a: Cresselia
|-damage|p2a: Cresselia|45/100
|
|upkeep
|turn|34
|
|t:|1757950837
|switch|p1a: Meloetta|Meloetta|100/100 par
|-damage|p1a: Meloetta|84/100 par|[from] Spikes
|move|p2a: Cresselia|Lunar Blessing|p2a: Cresselia
|-heal|p2a: Cresselia|70/100
|
|-heal|p1a: Meloetta|90/100 par|[from] item: Leftovers
|-sideend|p2: findmyhair|Reflect
|upkeep
|turn|35
|
|t:|1757950847
|cant|p1a: Meloetta|par
|move|p2a: Cresselia|Trick Room|p2a: Cresselia
|-fieldstart|move: Trick Room|[of] p2a: Cresselia
|
|-heal|p1a: Meloetta|96/100 par|[from] item: Leftovers
|upkeep
|turn|36
|
|t:|1757950855
|switch|p2a: Crawdaunt|Crawdaunt, M|56/100
|-damage|p2a: Crawdaunt|43/100|[from] Stealth Rock
|move|p1a: Meloetta|Knock Off|p2a: Crawdaunt
|-resisted|p2a: Crawdaunt
|-damage|p2a: Crawdaunt|33/100
|-enditem|p2a: Crawdaunt|Life Orb|[from] move: Knock Off|[of] p1a: Meloetta
|
|-heal|p1a: Meloetta|100/100 par|[from] item: Leftovers
|upkeep
|turn|37
|
|t:|1757950864
|move|p2a: Crawdaunt|Knock Off|p1a: Meloetta
|-supereffective|p1a: Meloetta
|-damage|p1a: Meloetta|0 fnt
|-enditem|p1a: Meloetta|Leftovers|[from] move: Knock Off|[of] p2a: Crawdaunt
|faint|p1a: Meloetta
|
|upkeep
|
|t:|1757950867
|switch|p1a: Bronzong|Bronzong, tera:Electric|100/100
|turn|38
|
|t:|1757950882
|switch|p2a: Ursaluna|Ursaluna, M|100/100
|-damage|p2a: Ursaluna|94/100|[from] Stealth Rock
|move|p1a: Bronzong|Gyro Ball|p2a: Ursaluna
|-damage|p2a: Ursaluna|86/100
|
|-status|p2a: Ursaluna|brn|[from] item: Flame Orb
|upkeep
|turn|39
|
|t:|1757950890
|move|p1a: Bronzong|Body Press|p2a: Ursaluna
|-supereffective|p2a: Ursaluna
|-damage|p2a: Ursaluna|45/100 brn
|move|p2a: Ursaluna|Facade|p1a: Bronzong
|-damage|p1a: Bronzong|19/100
|-damage|p2a: Ursaluna|29/100 brn|[from] item: Rocky Helmet|[of] p1a: Bronzong
|
|-damage|p2a: Ursaluna|22/100 brn|[from] brn
|-fieldend|move: Trick Room
|upkeep
|turn|40
|
|t:|1757950900
|switch|p2a: Cresselia|Cresselia, F|70/100
|-damage|p2a: Cresselia|57/100|[from] Stealth Rock
|move|p1a: Bronzong|Body Press|p2a: Cresselia
|-resisted|p2a: Cresselia
|-damage|p2a: Cresselia|49/100
|
|upkeep
|turn|41
|
|t:|1757950908
|move|p2a: Cresselia|Trick Room|p2a: Cresselia
|-fieldstart|move: Trick Room|[of] p2a: Cresselia
|move|p1a: Bronzong|Trick Room|p1a: Bronzong
|-fieldend|move: Trick Room
|
|upkeep
|turn|42
|
|t:|1757950915
|move|p2a: Cresselia|Lunar Blessing|p2a: Cresselia
|-heal|p2a: Cresselia|74/100
|move|p1a: Bronzong|Gyro Ball|p2a: Cresselia
|-crit|p2a: Cresselia
|-damage|p2a: Cresselia|59/100
|
|upkeep
|turn|43
|
|t:|1757950923
|switch|p1a: Munkidori|Munkidori, M|100/100
|-damage|p1a: Munkidori|84/100|[from] Spikes
|move|p2a: Cresselia|Trick Room|p2a: Cresselia
|-fieldstart|move: Trick Room|[of] p2a: Cresselia
|
|upkeep
|turn|44
|
|t:|1757950929
|move|p2a: Cresselia|Lunar Dance|p2a: Cresselia
|faint|p2a: Cresselia
|move|p1a: Munkidori|Trick|p2: Cresselia|[notarget]
|-fail|p1a: Munkidori
|
|upkeep
|
|t:|1757950933
|switch|p2a: Ursaluna|Ursaluna, M|22/100 brn
|-heal|p2a: Ursaluna|100/100|[from] move: Lunar Dance
|-damage|p2a: Ursaluna|94/100|[from] Stealth Rock
|turn|45
|
|t:|1757950943
|switch|p1a: Scream Tail|Scream Tail|53/100 par
|-damage|p1a: Scream Tail|36/100 par|[from] Spikes
|move|p2a: Ursaluna|Earthquake|p1a: Scream Tail
|-damage|p1a: Scream Tail|0 fnt
|faint|p1a: Scream Tail
|-end|p1a: Scream Tail|Protosynthesis|[silent]
|
|-status|p2a: Ursaluna|brn|[from] item: Flame Orb
|upkeep
|-message|Loulwayne forfeited.
|
|win|findmyhair
|raw|Loulwayne's rating: 1177 &rarr; <strong>1151</strong><br />(-26 for losing)
|raw|findmyhair's rating: 1169 &rarr; <strong>1195</strong><br />(+26 for winning)
|l|☆Loulwayne
|player|p1|
|c|☆findmyhair|gg lol
