|j|☆ChessyCheesePizza
|j|‽splky
|t:|1757957116
|gametype|singles
|player|p1|ChessyCheesePizza|cynthia-gen4|1205
|player|p2|splky|2|1226
|gen|9
|tier|[Gen 9] OU
|rated|
|rule|HP Percentage Mod: HP is shown in percentages
|rule|Endless Battle Clause: Forcing endless battles is banned
|rule|Species Clause: Limit one of each Pokémon
|rule|OHKO Clause: OHKO moves are banned
|rule|Evasion Items Clause: Evasion items are banned
|rule|Evasion Moves Clause: Evasion moves are banned
|rule|Evasion Abilities Clause: Evasion abilities are banned
|rule|Sleep Moves Clause: Sleep-inducing moves are banned
|clearpoke
|poke|p1|Iron Valiant|
|poke|p1|Hawlucha, F|
|poke|p1|Iron Crown|
|poke|p1|Iron Jugulis|
|poke|p1|Pincurchin, M|
|poke|p1|Raging Bolt|
|poke|p2|Corviknight, F|
|poke|p2|Arcanine-Hisui, F|
|poke|p2|Serperior, M|
|poke|p2|Araquanid, M|
|poke|p2|Excadrill, M|
|poke|p2|Haxorus, F|
|teampreview
|inactive|Battle timer is ON: inactive players will automatically lose when time's up. (requested by ChessyCheesePizza)
|inactive|splky has 120 seconds left.
|
|t:|1757957175
|teamsize|p1|6
|teamsize|p2|6
|start
|switch|p1a: Pincurchin|Pincurchin, M|100/100
|switch|p2a: Araquanid|Araquanid, M|100/100
|-fieldstart|move: Electric Terrain|[from] ability: Electric Surge|[of] p1a: Pincurchin
|turn|1
|
|t:|1757957181
|move|p2a: Araquanid|Sticky Web|p1a: Pincurchin
|-sidestart|p1: ChessyCheesePizza|move: Sticky Web
|move|p1a: Pincurchin|Spikes|p2a: Araquanid
|-sidestart|p2: splky|Spikes
|
|upkeep
|turn|2
|
|t:|1757957186
|switch|p1a: Raging Bolt|Raging Bolt|100/100
|-activate|p1a: Raging Bolt|move: Sticky Web
|-unboost|p1a: Raging Bolt|spe|1
|-enditem|p1a: Raging Bolt|Electric Seed
|-boost|p1a: Raging Bolt|def|1|[from] item: Electric Seed
|move|p2a: Araquanid|Surf|p1a: Raging Bolt
|-resisted|p1a: Raging Bolt
|-damage|p1a: Raging Bolt|77/100
|
|upkeep
|turn|3
|
|t:|1757957198
|switch|p2a: Haxorus|Haxorus, F|100/100
|-damage|p2a: Haxorus|88/100|[from] Spikes
|-ability|p2a: Haxorus|Mold Breaker
|move|p1a: Raging Bolt|Dragon Pulse|p2a: Haxorus
|-supereffective|p2a: Haxorus
|-damage|p2a: Haxorus|0 fnt
|faint|p2a: Haxorus
|
|upkeep
|c|☆ChessyCheesePizza|LETS GO
|
|t:|1757957211
|switch|p2a: Excadrill|Excadrill, M|100/100
|-damage|p2a: Excadrill|88/100|[from] Spikes
|-ability|p2a: Excadrill|Mold Breaker
|turn|4
|
|t:|1757957217
|-end|p1a: Raging Bolt|Protosynthesis|[silent]
|switch|p1a: Iron Jugulis|Iron Jugulis|100/100
|-activate|p1a: Iron Jugulis|ability: Quark Drive
|-start|p1a: Iron Jugulis|quarkdrivespe
|move|p2a: Excadrill|Rapid Spin|p1a: Iron Jugulis
|-damage|p1a: Iron Jugulis|77/100
|-boost|p2a: Excadrill|spe|1
|-sideend|p2: splky|Spikes|[from] move: Rapid Spin|[of] p2a: Excadrill
|
|upkeep
|turn|5
|
|t:|1757957231
|move|p1a: Iron Jugulis|Earth Power|p2a: Excadrill
|-supereffective|p2a: Excadrill
|-damage|p2a: Excadrill|6/100
|move|p2a: Excadrill|Swords Dance|p2a: Excadrill
|-boost|p2a: Excadrill|atk|2
|
|upkeep
|turn|6
|
|t:|1757957238
|move|p1a: Iron Jugulis|Air Slash|p2a: Excadrill
|-resisted|p2a: Excadrill
|-damage|p2a: Excadrill|0 fnt
|faint|p2a: Excadrill
|
|upkeep
|c|☆ChessyCheesePizza|LETS GO
|
|t:|1757957245
|switch|p2a: Arcanine|Arcanine-Hisui, F|100/100
|turn|7
|
|t:|1757957250
|move|p1a: Iron Jugulis|Earth Power|p2a: Arcanine
|-supereffective|p2a: Arcanine
|-damage|p2a: Arcanine|0 fnt
|faint|p2a: Arcanine
|
|upkeep
|-message|splky forfeited.
|
|win|ChessyCheesePizza
|raw|ChessyCheesePizza's rating: 1205 &rarr; <strong>1232</strong><br />(+27 for winning)
|raw|splky's rating: 1226 &rarr; <strong>1199</strong><br />(-27 for losing)
|l|‽splky
|player|p2|
