|j|‽socaselectah
|j|☆ABigCamel
|t:|1757946254
|gametype|singles
|player|p1|socaselectah|169|1427
|player|p2|ABigCamel|266|1524
|gen|9
|tier|[Gen 9] OU
|rated|
|rule|HP Percentage Mod: HP is shown in percentages
|rule|Endless Battle Clause: Forcing endless battles is banned
|rule|Species Clause: Limit one of each Pokémon
|rule|OHKO Clause: OHKO moves are banned
|rule|Evasion Items Clause: Evasion items are banned
|rule|Evasion Moves Clause: Evasion moves are banned
|rule|Evasion Abilities Clause: Evasion abilities are banned
|rule|Sleep Moves Clause: Sleep-inducing moves are banned
|clearpoke
|poke|p1|Torkoal, F|
|poke|p1|Clefable, M|
|poke|p1|Mandibuzz, F|
|poke|p1|Walking Wake|
|poke|p1|Iron Moth|
|poke|p1|Cinderace, F|
|poke|p2|Alomomola, M|
|poke|p2|Dragalge, F|
|poke|p2|Lokix, M|
|poke|p2|Great Tusk|
|poke|p2|Gholdengo|
|poke|p2|Moltres|
|teampreview
|inactive|Battle timer is ON: inactive players will automatically lose when time's up. (requested by ABigCamel)
|inactive|socaselectah has 120 seconds left.
|inactive|socaselectah has 90 seconds left.
|
|t:|1757946363
|teamsize|p1|6
|teamsize|p2|6
|start
|switch|p1a: Mandibuzz|Mandibuzz, F|100/100
|switch|p2a: Dragalge|Dragalge, F|100/100
|turn|1
|
|t:|1757946373
|move|p1a: Mandibuzz|Knock Off|p2a: Dragalge
|-damage|p2a: Dragalge|72/100
|-enditem|p2a: Dragalge|Choice Specs|[from] move: Knock Off|[of] p1a: Mandibuzz
|move|p2a: Dragalge|Sludge Wave|p1a: Mandibuzz
|-damage|p1a: Mandibuzz|51/100
|
|-heal|p1a: Mandibuzz|58/100|[from] item: Leftovers
|upkeep
|turn|2
|inactive|socaselectah has 120 seconds left.
|
|t:|1757946425
|move|p1a: Mandibuzz|Roost|p1a: Mandibuzz
|-heal|p1a: Mandibuzz|100/100
|-singleturn|p1a: Mandibuzz|move: Roost
|move|p2a: Dragalge|Draco Meteor|p1a: Mandibuzz
|-crit|p1a: Mandibuzz
|-damage|p1a: Mandibuzz|0 fnt
|-unboost|p2a: Dragalge|spa|2
|faint|p1a: Mandibuzz
|
|upkeep
|c|☆ABigCamel|Sry
|inactive|socaselectah has 90 seconds left.
|
|t:|1757946442
|switch|p1a: Cinderace|Cinderace, F|100/100
|turn|3
|
|t:|1757946453
|move|p1a: Cinderace|Swords Dance|p1a: Cinderace
|-start|p1a: Cinderace|typechange|Normal|[from] ability: Libero
|-boost|p1a: Cinderace|atk|2
|move|p2a: Dragalge|Flip Turn|p1a: Cinderace
|-damage|p1a: Cinderace|87/100
|
|t:|1757946465
|switch|p2a: Lokix|Lokix, M|100/100|[from] Flip Turn
|
|upkeep
|turn|4
|inactive|socaselectah has 90 seconds left.
|
|t:|1757946491
|switch|p1a: Torkoal|Torkoal, F|100/100
|-weather|SunnyDay|[from] ability: Drought|[of] p1a: Torkoal
|-terastallize|p2a: Lokix|Bug
|move|p2a: Lokix|First Impression|p1a: Torkoal
|-resisted|p1a: Torkoal
|-damage|p1a: Torkoal|55/100
|
|-weather|SunnyDay|[upkeep]
|upkeep
|turn|5
|
|t:|1757946500
|switch|p2a: Moltres|Moltres|100/100
|move|p1a: Torkoal|Stealth Rock|p2a: Moltres
|-sidestart|p2: ABigCamel|move: Stealth Rock
|
|-weather|SunnyDay|[upkeep]
|upkeep
|turn|6
|
|t:|1757946507
|switch|p1a: Walking Wake|Walking Wake|100/100
|-activate|p1a: Walking Wake|ability: Protosynthesis
|-start|p1a: Walking Wake|protosynthesisspa
|move|p2a: Moltres|U-turn|p1a: Walking Wake
|-damage|p1a: Walking Wake|85/100
|
|t:|1757946512
|switch|p2a: Alomomola|Alomomola, M|100/100|[from] U-turn
|-damage|p2a: Alomomola|88/100|[from] Stealth Rock
|
|-weather|SunnyDay|[upkeep]
|upkeep
|turn|7
|
|t:|1757946517
|-end|p1a: Walking Wake|Protosynthesis|[silent]
|switch|p1a: Clefable|Clefable, M|100/100
|move|p2a: Alomomola|Mirror Coat||[still]
|-fail|p2a: Alomomola
|
|-weather|SunnyDay|[upkeep]
|upkeep
|turn|8
|
|t:|1757946524
|move|p1a: Clefable|Trick|p2a: Alomomola
|-activate|p1a: Clefable|move: Trick|[of] p2a: Alomomola
|-item|p2a: Alomomola|Choice Scarf|[from] move: Trick
|-item|p1a: Clefable|Assault Vest|[from] move: Trick
|move|p2a: Alomomola|Body Slam|p1a: Clefable
|-damage|p1a: Clefable|83/100
|
|-weather|SunnyDay|[upkeep]
|upkeep
|turn|9
|
|t:|1757946534
|move|p2a: Alomomola|Body Slam|p1a: Clefable
|-damage|p1a: Clefable|67/100
|move|p1a: Clefable|Moonblast|p2a: Alomomola
|-damage|p2a: Alomomola|60/100
|
|-weather|SunnyDay|[upkeep]
|upkeep
|turn|10
|
|t:|1757946538
|move|p2a: Alomomola|Body Slam|p1a: Clefable
|-damage|p1a: Clefable|51/100
|move|p1a: Clefable|Moonblast|p2a: Alomomola
|-damage|p2a: Alomomola|34/100
|
|-weather|SunnyDay|[upkeep]
|upkeep
|turn|11
|
|t:|1757946541
|move|p2a: Alomomola|Body Slam|p1a: Clefable
|-damage|p1a: Clefable|34/100
|-status|p1a: Clefable|par
|move|p1a: Clefable|Moonblast|p2a: Alomomola
|-damage|p2a: Alomomola|10/100
|
|-weather|none
|upkeep
|turn|12
|
|t:|1757946546
|switch|p1a: Torkoal|Torkoal, F|55/100
|-weather|SunnyDay|[from] ability: Drought|[of] p1a: Torkoal
|move|p2a: Alomomola|Body Slam|p1a: Torkoal
|-damage|p1a: Torkoal|46/100
|-status|p1a: Torkoal|par
|
|-weather|SunnyDay|[upkeep]
|upkeep
|turn|13
|
|t:|1757946549
|switch|p1a: Clefable|Clefable, M|34/100 par
|move|p2a: Alomomola|Body Slam|p1a: Clefable
|-damage|p1a: Clefable|17/100 par
|
|-weather|SunnyDay|[upkeep]
|upkeep
|turn|14
|
|t:|1757946551
|move|p2a: Alomomola|Body Slam|p1a: Clefable
|-damage|p1a: Clefable|1/100 par
|cant|p1a: Clefable|par
|
|-weather|SunnyDay|[upkeep]
|upkeep
|turn|15
|
|t:|1757946554
|move|p2a: Alomomola|Body Slam|p1a: Clefable
|-damage|p1a: Clefable|0 fnt
|faint|p1a: Clefable
|
|-weather|SunnyDay|[upkeep]
|upkeep
|
|t:|1757946557
|switch|p1a: Iron Moth|Iron Moth|100/100
|-enditem|p1a: Iron Moth|Booster Energy
|-activate|p1a: Iron Moth|ability: Quark Drive|[fromitem]
|-start|p1a: Iron Moth|quarkdrivespe
|turn|16
|
|t:|1757946560
|switch|p2a: Dragalge|Dragalge, F|72/100
|-damage|p2a: Dragalge|60/100|[from] Stealth Rock
|move|p1a: Iron Moth|Substitute|p1a: Iron Moth
|-start|p1a: Iron Moth|Substitute
|-damage|p1a: Iron Moth|76/100
|
|-weather|SunnyDay|[upkeep]
|upkeep
|turn|17
|
|t:|1757946566
|move|p1a: Iron Moth|Fiery Dance|p2a: Dragalge
|-resisted|p2a: Dragalge
|-damage|p2a: Dragalge|30/100
|move|p2a: Dragalge|Sludge Wave|p1a: Iron Moth
|-resisted|p1a: Iron Moth
|-end|p1a: Iron Moth|Substitute
|
|-weather|SunnyDay|[upkeep]
|upkeep
|turn|18
|
|t:|1757946575
|move|p1a: Iron Moth|Fiery Dance|p2a: Dragalge
|-resisted|p2a: Dragalge
|-damage|p2a: Dragalge|5/100
|move|p2a: Dragalge|Sludge Wave|p1a: Iron Moth
|-resisted|p1a: Iron Moth
|-damage|p1a: Iron Moth|48/100
|
|-weather|SunnyDay|[upkeep]
|upkeep
|turn|19
|
|t:|1757946580
|move|p1a: Iron Moth|Fiery Dance|p2a: Dragalge
|-resisted|p2a: Dragalge
|-damage|p2a: Dragalge|0 fnt
|faint|p2a: Dragalge
|
|-weather|none
|upkeep
|
|t:|1757946582
|switch|p2a: Lokix|Lokix, M, tera:Bug|100/100
|-damage|p2a: Lokix|76/100|[from] Stealth Rock
|turn|20
|
|t:|1757946586
|-end|p1a: Iron Moth|Quark Drive|[silent]
|switch|p1a: Torkoal|Torkoal, F|46/100 par
|-weather|SunnyDay|[from] ability: Drought|[of] p1a: Torkoal
|move|p2a: Lokix|First Impression|p1a: Torkoal
|-resisted|p1a: Torkoal
|-damage|p1a: Torkoal|0 fnt
|faint|p1a: Torkoal
|
|-weather|SunnyDay|[upkeep]
|upkeep
|
|t:|1757946589
|switch|p1a: Iron Moth|Iron Moth|48/100
|turn|21
|
|t:|1757946594
|switch|p2a: Alomomola|Alomomola, M|43/100
|-damage|p2a: Alomomola|31/100|[from] Stealth Rock
|move|p1a: Iron Moth|Substitute|p1a: Iron Moth
|-start|p1a: Iron Moth|Substitute
|-damage|p1a: Iron Moth|23/100
|
|-weather|SunnyDay|[upkeep]
|upkeep
|turn|22
|
|t:|1757946602
|move|p1a: Iron Moth|Discharge|p2a: Alomomola
|-supereffective|p2a: Alomomola
|-crit|p2a: Alomomola
|-damage|p2a: Alomomola|0 fnt
|faint|p2a: Alomomola
|
|-weather|SunnyDay|[upkeep]
|upkeep
|
|t:|1757946610
|switch|p2a: Moltres|Moltres|100/100
|turn|23
|
|t:|1757946613
|move|p1a: Iron Moth|Discharge|p2a: Moltres
|-supereffective|p2a: Moltres
|-damage|p2a: Moltres|63/100
|move|p2a: Moltres|Roar|p1a: Iron Moth
|-end|p1a: Iron Moth|Quark Drive|[silent]
|drag|p1a: Cinderace|Cinderace, F|87/100
|
|-weather|SunnyDay|[upkeep]
|upkeep
|turn|24
|
|t:|1757946628
|move|p1a: Cinderace|High Jump Kick|p2a: Moltres
|-start|p1a: Cinderace|typechange|Fighting|[from] ability: Libero
|-resisted|p2a: Moltres
|-damage|p2a: Moltres|33/100
|move|p2a: Moltres|U-turn|p1a: Cinderace
|-resisted|p1a: Cinderace
|-damage|p1a: Cinderace|76/100
|
|t:|1757946637
|switch|p2a: Great Tusk|Great Tusk|100/100|[from] U-turn
|-activate|p2a: Great Tusk|ability: Protosynthesis
|-start|p2a: Great Tusk|protosynthesisatk
|
|-weather|SunnyDay|[upkeep]
|upkeep
|turn|25
|
|t:|1757946644
|move|p1a: Cinderace|Pyro Ball|p2a: Great Tusk
|-damage|p2a: Great Tusk|61/100
|-status|p2a: Great Tusk|brn
|move|p2a: Great Tusk|Rapid Spin|p1a: Cinderace
|-damage|p1a: Cinderace|61/100
|-boost|p2a: Great Tusk|spe|1
|-sideend|p2: ABigCamel|Stealth Rock|[from] move: Rapid Spin|[of] p2a: Great Tusk
|
|-weather|SunnyDay|[upkeep]
|-damage|p2a: Great Tusk|55/100 brn|[from] brn
|upkeep
|turn|26
|
|t:|1757946651
|move|p2a: Great Tusk|Stealth Rock|p1a: Cinderace
|-sidestart|p1: socaselectah|move: Stealth Rock
|move|p1a: Cinderace|Swords Dance|p1a: Cinderace
|-boost|p1a: Cinderace|atk|2
|
|-weather|SunnyDay|[upkeep]
|-damage|p2a: Great Tusk|49/100 brn|[from] brn
|upkeep
|turn|27
|
|t:|1757946654
|move|p2a: Great Tusk|Headlong Rush|p1a: Cinderace
|-damage|p1a: Cinderace|0 fnt
|-unboost|p2a: Great Tusk|def|1
|-unboost|p2a: Great Tusk|spd|1
|faint|p1a: Cinderace
|
|-weather|none
|-end|p2a: Great Tusk|Protosynthesis
|-damage|p2a: Great Tusk|43/100 brn|[from] brn
|upkeep
|
|t:|1757946661
|switch|p1a: Walking Wake|Walking Wake|85/100
|-damage|p1a: Walking Wake|73/100|[from] Stealth Rock
|turn|28
|
|t:|1757946665
|move|p2a: Great Tusk|Headlong Rush|p1a: Walking Wake
|-damage|p1a: Walking Wake|44/100
|-unboost|p2a: Great Tusk|def|1
|-unboost|p2a: Great Tusk|spd|1
|move|p1a: Walking Wake|Agility|p1a: Walking Wake
|-boost|p1a: Walking Wake|spe|2
|
|-damage|p2a: Great Tusk|37/100 brn|[from] brn
|upkeep
|turn|29
|
|t:|1757946670
|move|p1a: Walking Wake|Hydro Steam|p2a: Great Tusk
|-supereffective|p2a: Great Tusk
|-crit|p2a: Great Tusk
|-damage|p2a: Great Tusk|0 fnt
|faint|p2a: Great Tusk
|-end|p2a: Great Tusk|Protosynthesis|[silent]
|
|upkeep
|
|t:|1757946672
|switch|p2a: Lokix|Lokix, M, tera:Bug|76/100
|turn|30
|
|t:|1757946678
|move|p2a: Lokix|First Impression|p1a: Walking Wake
|-damage|p1a: Walking Wake|0 fnt
|faint|p1a: Walking Wake
|-end|p1a: Walking Wake|Protosynthesis|[silent]
|
|upkeep
|
|t:|1757946681
|switch|p1a: Iron Moth|Iron Moth|23/100
|-damage|p1a: Iron Moth|0 fnt|[from] Stealth Rock
|faint|p1a: Iron Moth
|-end|p1a: Iron Moth|Quark Drive|[silent]
|
|win|ABigCamel
|raw|socaselectah's rating: 1427 &rarr; <strong>1412</strong><br />(-15 for losing)
|raw|ABigCamel's rating: 1524 &rarr; <strong>1539</strong><br />(+15 for winning)
|l|‽socaselectah
|player|p1|
|l|☆ABigCamel
|player|p2|
