|j|☆sumatra1234
|j|☆yuiopera2
|t:|1757922612
|gametype|singles
|player|p1|sumatra1234|101|1026
|player|p2|yuiopera2|1|1084
|gen|9
|tier|[Gen 9] OU
|rated|
|rule|HP Percentage Mod: HP is shown in percentages
|rule|Endless Battle Clause: Forcing endless battles is banned
|rule|Species Clause: Limit one of each Pokémon
|rule|OHKO Clause: OHKO moves are banned
|rule|Evasion Items Clause: Evasion items are banned
|rule|Evasion Moves Clause: Evasion moves are banned
|rule|Evasion Abilities Clause: Evasion abilities are banned
|rule|Sleep Moves Clause: Sleep-inducing moves are banned
|clearpoke
|poke|p1|Dragonite, M|
|poke|p1|Darkrai|
|poke|p1|Bulbasaur, M|
|poke|p1|Ninetales-Alola, M|
|poke|p1|Blastoise, F|
|poke|p1|Rotom|
|poke|p2|Dragonite, F|
|poke|p2|Zamazenta-*|
|poke|p2|Landorus-Therian, M|
|poke|p2|Gholdengo|
|poke|p2|Darkrai|
|poke|p2|Hatterene, F|
|teampreview
|
|t:|1757922624
|teamsize|p1|6
|teamsize|p2|6
|start
|switch|p1a: Blastoise|Blastoise, F|100/100
|switch|p2a: Landorus|Landorus-Therian, M|100/100
|-ability|p2a: Landorus|Intimidate|boost
|-unboost|p1a: Blastoise|atk|1
|turn|1
|
|t:|1757922667
|move|p2a: Landorus|Taunt|p1a: Blastoise
|-start|p1a: Blastoise|move: Taunt
|move|p1a: Blastoise|Focus Blast|p2a: Landorus
|-resisted|p2a: Landorus
|-damage|p2a: Landorus|89/100
|
|upkeep
|turn|2
|
|t:|1757922676
|move|p2a: Landorus|Earthquake|p1a: Blastoise
|-damage|p1a: Blastoise|52/100
|move|p1a: Blastoise|Dragon Pulse|p2a: Landorus
|-damage|p2a: Landorus|73/100
|
|upkeep
|turn|3
|
|t:|1757922684
|move|p1a: Blastoise|Aqua Jet|p2a: Landorus
|-supereffective|p2a: Landorus
|-damage|p2a: Landorus|54/100
|-damage|p1a: Blastoise|35/100|[from] item: Rocky Helmet|[of] p2a: Landorus
|move|p2a: Landorus|U-turn|p1a: Blastoise
|-damage|p1a: Blastoise|15/100
|
|t:|1757922695
|switch|p2a: Dragonite|Dragonite, F|100/100|[from] U-turn
|
|-end|p1a: Blastoise|move: Taunt
|upkeep
|turn|4
|
|t:|1757922705
|move|p2a: Dragonite|Extreme Speed|p1a: Blastoise
|-damage|p1a: Blastoise|0 fnt
|faint|p1a: Blastoise
|
|upkeep
|
|t:|1757922714
|switch|p1a: Ninetales|Ninetales-Alola, M|100/100
|-weather|Snowscape|[from] ability: Snow Warning|[of] p1a: Ninetales
|turn|5
|
|t:|1757922736
|switch|p2a: Zamazenta|Zamazenta|100/100
|-ability|p2a: Zamazenta|Dauntless Shield|boost
|-boost|p2a: Zamazenta|def|1
|move|p1a: Ninetales|Double-Edge|p2a: Zamazenta
|-damage|p2a: Zamazenta|84/100
|-damage|p1a: Ninetales|95/100|[from] Recoil
|
|-weather|Snowscape|[upkeep]
|-heal|p2a: Zamazenta|90/100|[from] item: Leftovers
|upkeep
|turn|6
|
|t:|1757922753
|switch|p1a: Darkrai|Darkrai|100/100
|-item|p1a: Darkrai|Air Balloon
|move|p2a: Zamazenta|Iron Defense|p2a: Zamazenta
|-boost|p2a: Zamazenta|def|2
|
|-weather|Snowscape|[upkeep]
|-heal|p2a: Zamazenta|96/100|[from] item: Leftovers
|upkeep
|turn|7
|
|t:|1757922763
|move|p2a: Zamazenta|Body Press|p1a: Darkrai
|-supereffective|p1a: Darkrai
|-crit|p1a: Darkrai
|-damage|p1a: Darkrai|0 fnt
|-enditem|p1a: Darkrai|Air Balloon
|faint|p1a: Darkrai
|
|-weather|Snowscape|[upkeep]
|-heal|p2a: Zamazenta|100/100|[from] item: Leftovers
|upkeep
|
|t:|1757922773
|switch|p1a: Bulbasaur|Bulbasaur, M|100/100
|turn|8
|
|t:|1757922792
|move|p2a: Zamazenta|Iron Defense|p2a: Zamazenta
|-boost|p2a: Zamazenta|def|2
|move|p1a: Bulbasaur|Leech Seed|p2a: Zamazenta
|-start|p2a: Zamazenta|move: Leech Seed
|
|-weather|Snowscape|[upkeep]
|-damage|p2a: Zamazenta|88/100|[from] Leech Seed|[of] p1a: Bulbasaur
|upkeep
|turn|9
|
|t:|1757922807
|move|p2a: Zamazenta|Body Press|p1a: Bulbasaur
|-resisted|p1a: Bulbasaur
|-damage|p1a: Bulbasaur|9/100
|move|p1a: Bulbasaur|Energy Ball|p2a: Zamazenta
|-damage|p2a: Zamazenta|51/100
|-unboost|p2a: Zamazenta|spd|1
|
|-weather|none
|-heal|p2a: Zamazenta|57/100|[from] item: Leftovers
|-damage|p2a: Zamazenta|45/100|[from] Leech Seed|[of] p1a: Bulbasaur
|-heal|p1a: Bulbasaur|25/100|[silent]
|upkeep
|turn|10
|
|t:|1757922819
|move|p2a: Zamazenta|Body Press|p1a: Bulbasaur
|-resisted|p1a: Bulbasaur
|-damage|p1a: Bulbasaur|0 fnt
|faint|p1a: Bulbasaur
|
|-heal|p2a: Zamazenta|51/100|[from] item: Leftovers
|upkeep
|
|t:|1757922831
|switch|p1a: Ninetales|Ninetales-Alola, M|95/100
|-weather|Snowscape|[from] ability: Snow Warning|[of] p1a: Ninetales
|turn|11
|
|t:|1757922839
|move|p1a: Ninetales|Ice Shard|p2a: Zamazenta
|-damage|p2a: Zamazenta|47/100
|move|p2a: Zamazenta|Body Press|p1a: Ninetales
|-damage|p1a: Ninetales|0 fnt
|faint|p1a: Ninetales
|
|-weather|Snowscape|[upkeep]
|-heal|p2a: Zamazenta|53/100|[from] item: Leftovers
|upkeep
|
|t:|1757922848
|switch|p1a: Dragonite|Dragonite, M|100/100
|-item|p1a: Dragonite|Air Balloon
|turn|12
|
|t:|1757922864
|move|p1a: Dragonite|Draco Meteor|p2a: Zamazenta
|-damage|p2a: Zamazenta|0 fnt
|-unboost|p1a: Dragonite|spa|2
|faint|p2a: Zamazenta
|
|-weather|Snowscape|[upkeep]
|upkeep
|
|t:|1757922874
|switch|p2a: Darkrai|Darkrai|100/100
|turn|13
|
|t:|1757922883
|move|p2a: Darkrai|Will-O-Wisp|p1a: Dragonite
|-status|p1a: Dragonite|brn
|move|p1a: Dragonite|Draco Meteor|p2a: Darkrai
|-damage|p2a: Darkrai|70/100
|-unboost|p1a: Dragonite|spa|2
|
|-weather|Snowscape|[upkeep]
|-damage|p1a: Dragonite|94/100 brn|[from] brn
|upkeep
|turn|14
|
|t:|1757922893
|move|p2a: Darkrai|Ice Beam|p1a: Dragonite
|-supereffective|p1a: Dragonite
|-damage|p1a: Dragonite|0 fnt
|-enditem|p1a: Dragonite|Air Balloon
|faint|p1a: Dragonite
|
|-weather|Snowscape|[upkeep]
|upkeep
|
|t:|1757922900
|switch|p1a: Rotom|Rotom|100/100
|turn|15
|
|t:|1757922912
|move|p2a: Darkrai|Dark Pulse|p1a: Rotom
|-supereffective|p1a: Rotom
|-damage|p1a: Rotom|0 fnt
|faint|p1a: Rotom
|
|win|yuiopera2
|raw|sumatra1234's rating: 1026 &rarr; <strong>1014</strong><br />(-12 for losing)
|raw|yuiopera2's rating: 1084 &rarr; <strong>1107</strong><br />(+23 for winning)
