|j|☆daxzz_
|j|☆evin
|t:|1757872867
|gametype|singles
|player|p1|daxzz_|shadowtriad|1434
|player|p2|evin|2|1500
|gen|9
|tier|[Gen 9] OU
|rated|
|rule|HP Percentage Mod: HP is shown in percentages
|rule|Endless Battle Clause: Forcing endless battles is banned
|rule|Species Clause: Limit one of each Pokémon
|rule|OHKO Clause: OHKO moves are banned
|rule|Evasion Items Clause: Evasion items are banned
|rule|Evasion Moves Clause: Evasion moves are banned
|rule|Evasion Abilities Clause: Evasion abilities are banned
|rule|Sleep Moves Clause: Sleep-inducing moves are banned
|clearpoke
|poke|p1|Iron Valiant|
|poke|p1|Great Tusk|
|poke|p1|Raging Bolt|
|poke|p1|Meowscarada, M|
|poke|p1|Corviknight, M|
|poke|p1|Slowking-Galar, M|
|poke|p2|Arboliva, F|
|poke|p2|Great Tusk|
|poke|p2|Garganacl, F|
|poke|p2|Gholdengo|
|poke|p2|Dragapult, F|
|poke|p2|Comfey, F|
|teampreview
|
|t:|1757872875
|teamsize|p1|6
|teamsize|p2|6
|start
|switch|p1a: Meowscarada|Meowscarada, M|100/100
|switch|p2a: Garganacl|Garganacl, F|100/100
|turn|1
|
|t:|1757872885
|switch|p2a: Arboliva|Arboliva, F|100/100
|move|p1a: Meowscarada|Knock Off|p2a: Arboliva
|-start|p1a: Meowscarada|typechange|Dark|[from] ability: Protean
|-damage|p2a: Arboliva|50/100
|-enditem|p2a: Arboliva|Custap Berry|[from] move: Knock Off|[of] p1a: Meowscarada
|
|upkeep
|turn|2
|
|t:|1757872894
|switch|p1a: Slowking|Slowking-Galar, M|100/100
|move|p2a: Arboliva|Endure||[still]
|-fail|p2a: Arboliva
|
|upkeep
|turn|3
|
|t:|1757872908
|move|p2a: Arboliva|Earth Power|p1a: Slowking
|-supereffective|p1a: Slowking
|-crit|p1a: Slowking
|-damage|p1a: Slowking|44/100
|move|p1a: Slowking|Future Sight|p2a: Arboliva
|-start|p1a: Slowking|move: Future Sight
|
|upkeep
|turn|4
|
|t:|1757872930
|move|p2a: Arboliva|Earth Power|p1a: Slowking
|-supereffective|p1a: Slowking
|-damage|p1a: Slowking|5/100
|-prepare|p1a: Slowking|Chilly Reception|[premajor]
|move|p1a: Slowking|Chilly Reception|p1a: Slowking
|-weather|Snowscape
|
|t:|1757872934
|switch|p1a: Meowscarada|Meowscarada, M|100/100|[from] Chilly Reception
|
|-weather|Snowscape|[upkeep]
|upkeep
|turn|5
|
|t:|1757872942
|move|p1a: Meowscarada|U-turn|p2a: Arboliva
|-start|p1a: Meowscarada|typechange|Bug|[from] ability: Protean
|-supereffective|p2a: Arboliva
|-damage|p2a: Arboliva|0 fnt
|faint|p2a: Arboliva
|
|t:|1757872947
|switch|p1a: Slowking|Slowking-Galar, M|38/100|[from] U-turn
|
|-weather|Snowscape|[upkeep]
|-hint|Future Sight did not hit because the target is fainted.
|upkeep
|
|t:|1757872950
|switch|p2a: Dragapult|Dragapult, F|100/100
|turn|6
|
|t:|1757872954
|switch|p1a: Corviknight|Corviknight, M|100/100
|-ability|p1a: Corviknight|Pressure
|move|p2a: Dragapult|Shadow Ball|p1a: Corviknight
|-damage|p1a: Corviknight|54/100
|-unboost|p1a: Corviknight|spd|1
|-damage|p2a: Dragapult|91/100|[from] item: Life Orb
|
|-weather|Snowscape|[upkeep]
|upkeep
|turn|7
|
|t:|1757872960
|switch|p1a: Meowscarada|Meowscarada, M|100/100
|move|p2a: Dragapult|Fire Blast|p1a: Meowscarada|[miss]
|-miss|p2a: Dragapult|p1a: Meowscarada
|
|-weather|Snowscape|[upkeep]
|upkeep
|turn|8
|
|t:|1757872967
|switch|p2a: Great Tusk|Great Tusk|100/100
|move|p1a: Meowscarada|Knock Off|p2a: Great Tusk
|-start|p1a: Meowscarada|typechange|Dark|[from] ability: Protean
|-resisted|p2a: Great Tusk
|-damage|p2a: Great Tusk|84/100
|-damage|p1a: Meowscarada|84/100|[from] item: Rocky Helmet|[of] p2a: Great Tusk
|-enditem|p2a: Great Tusk|Rocky Helmet|[from] move: Knock Off|[of] p1a: Meowscarada
|
|-weather|none
|upkeep
|turn|9
|
|t:|1757872975
|switch|p1a: Great Tusk|Great Tusk|100/100
|move|p2a: Great Tusk|Supercell Slam|p1a: Great Tusk
|-immune|p1a: Great Tusk
|-damage|p2a: Great Tusk|34/100|[from] supercellslam
|
|upkeep
|turn|10
|
|t:|1757872979
|move|p1a: Great Tusk|Stealth Rock|p2a: Great Tusk
|-sidestart|p2: evin|move: Stealth Rock
|move|p2a: Great Tusk|Ice Spinner|p1a: Great Tusk
|-supereffective|p1a: Great Tusk
|-damage|p1a: Great Tusk|67/100
|
|upkeep
|turn|11
|
|t:|1757872986
|move|p2a: Great Tusk|Rapid Spin|p1a: Great Tusk
|-damage|p1a: Great Tusk|57/100
|-boost|p2a: Great Tusk|spe|1
|-sideend|p2: evin|Stealth Rock|[from] move: Rapid Spin|[of] p2a: Great Tusk
|move|p1a: Great Tusk|Rapid Spin|p2a: Great Tusk
|-damage|p2a: Great Tusk|23/100
|-boost|p1a: Great Tusk|spe|1
|
|upkeep
|turn|12
|
|t:|1757872995
|move|p2a: Great Tusk|Rapid Spin|p1a: Great Tusk
|-damage|p1a: Great Tusk|45/100
|-boost|p2a: Great Tusk|spe|1
|move|p1a: Great Tusk|Stealth Rock|p2a: Great Tusk
|-sidestart|p2: evin|move: Stealth Rock
|
|upkeep
|turn|13
|
|t:|1757873016
|move|p2a: Great Tusk|Ice Spinner|p1a: Great Tusk
|-supereffective|p1a: Great Tusk
|-damage|p1a: Great Tusk|7/100
|move|p1a: Great Tusk|Ice Spinner|p2a: Great Tusk
|-supereffective|p2a: Great Tusk
|-damage|p2a: Great Tusk|0 fnt
|faint|p2a: Great Tusk
|-end|p2a: Great Tusk|Protosynthesis|[silent]
|
|upkeep
|
|t:|1757873022
|switch|p2a: Comfey|Comfey, F|100/100
|-damage|p2a: Comfey|88/100|[from] Stealth Rock
|turn|14
|
|t:|1757873028
|-end|p1a: Great Tusk|Protosynthesis|[silent]
|switch|p1a: Slowking|Slowking-Galar, M|71/100
|move|p2a: Comfey|Draining Kiss|p1a: Slowking
|-resisted|p1a: Slowking
|-damage|p1a: Slowking|63/100
|-heal|p2a: Comfey|96/100|[from] drain|[of] p1a: Slowking
|-damage|p2a: Comfey|86/100|[from] item: Life Orb
|
|upkeep
|turn|15
|
|t:|1757873035
|switch|p2a: Gholdengo|Gholdengo|100/100
|-damage|p2a: Gholdengo|94/100|[from] Stealth Rock
|-prepare|p1a: Slowking|Chilly Reception|[premajor]
|move|p1a: Slowking|Chilly Reception|p1a: Slowking
|-weather|Snowscape
|
|t:|1757873040
|switch|p1a: Meowscarada|Meowscarada, M|84/100|[from] Chilly Reception
|
|-weather|Snowscape|[upkeep]
|upkeep
|turn|16
|
|t:|1757873043
|switch|p2a: Comfey|Comfey, F|86/100
|-damage|p2a: Comfey|73/100|[from] Stealth Rock
|move|p1a: Meowscarada|Knock Off|p2a: Comfey
|-start|p1a: Meowscarada|typechange|Dark|[from] ability: Protean
|-resisted|p2a: Comfey
|-damage|p2a: Comfey|49/100
|-enditem|p2a: Comfey|Life Orb|[from] move: Knock Off|[of] p1a: Meowscarada
|
|-weather|Snowscape|[upkeep]
|upkeep
|turn|17
|
|t:|1757873061
|switch|p2a: Garganacl|Garganacl, F|100/100
|-damage|p2a: Garganacl|88/100|[from] Stealth Rock
|move|p1a: Meowscarada|Knock Off|p2a: Garganacl
|-crit|p2a: Garganacl
|-damage|p2a: Garganacl|41/100
|-enditem|p2a: Garganacl|Leftovers|[from] move: Knock Off|[of] p1a: Meowscarada
|
|-weather|Snowscape|[upkeep]
|upkeep
|turn|18
|
|t:|1757873076
|switch|p1a: Great Tusk|Great Tusk|7/100
|move|p2a: Garganacl|Curse|p2a: Garganacl
|-unboost|p2a: Garganacl|spe|1
|-boost|p2a: Garganacl|atk|1
|-boost|p2a: Garganacl|def|1
|
|-weather|Snowscape|[upkeep]
|upkeep
|turn|19
|
|t:|1757873082
|-terastallize|p2a: Garganacl|Ghost
|move|p1a: Great Tusk|Headlong Rush|p2a: Garganacl
|-damage|p2a: Garganacl|17/100
|-unboost|p1a: Great Tusk|def|1
|-unboost|p1a: Great Tusk|spd|1
|move|p2a: Garganacl|Recover|p2a: Garganacl
|-heal|p2a: Garganacl|67/100
|
|-weather|none
|upkeep
|turn|20
|
|t:|1757873090
|-end|p1a: Great Tusk|Protosynthesis|[silent]
|switch|p1a: Raging Bolt|Raging Bolt|100/100
|move|p2a: Garganacl|Recover|p2a: Garganacl
|-heal|p2a: Garganacl|100/100
|
|upkeep
|turn|21
|
|t:|1757873107
|-terastallize|p1a: Raging Bolt|Fairy
|move|p1a: Raging Bolt|Thunderbolt|p2a: Garganacl
|-damage|p2a: Garganacl|46/100
|move|p2a: Garganacl|Salt Cure|p1a: Raging Bolt
|-damage|p1a: Raging Bolt|81/100
|-start|p1a: Raging Bolt|Salt Cure
|
|-damage|p1a: Raging Bolt|69/100|[from] Salt Cure
|upkeep
|turn|22
|
|t:|1757873118
|move|p1a: Raging Bolt|Thunderbolt|p2a: Garganacl
|-damage|p2a: Garganacl|0 fnt
|faint|p2a: Garganacl
|
|-damage|p1a: Raging Bolt|57/100|[from] Salt Cure
|upkeep
|
|t:|1757873123
|switch|p2a: Gholdengo|Gholdengo|94/100
|-damage|p2a: Gholdengo|88/100|[from] Stealth Rock
|turn|23
|
|t:|1757873138
|-end|p1a: Raging Bolt|Protosynthesis|[silent]
|switch|p1a: Great Tusk|Great Tusk|7/100
|move|p2a: Gholdengo|Make It Rain|p1a: Great Tusk
|-damage|p1a: Great Tusk|0 fnt
|-unboost|p2a: Gholdengo|spa|1
|faint|p1a: Great Tusk
|-end|p1a: Great Tusk|Protosynthesis|[silent]
|
|upkeep
|
|t:|1757873174
|switch|p1a: Meowscarada|Meowscarada, M|84/100
|turn|24
|l|☆evin
|player|p2|
|inactive|Battle timer is ON: inactive players will automatically lose when time's up. (requested by daxzz_)
|inactive|evin has 30 seconds to reconnect!
|inactive|evin has 20 seconds to reconnect!
|inactive|evin has 15 seconds to reconnect!
|inactive|evin has 10 seconds to reconnect!
|inactive|evin has 5 seconds to reconnect!
|-message|evin lost due to inactivity.
|
|win|daxzz_
|raw|daxzz_'s rating: 1434 &rarr; <strong>1458</strong><br />(+24 for winning)
|raw|evin's rating: 1500 &rarr; <strong>1476</strong><br />(-24 for losing)
|j|☆evin
|player|p2|evin|2|
|l|☆evin
|player|p2|
