|j|☆feisong
|j|☆Elite4Azure
|t:|1757946728
|gametype|singles
|player|p1|feisong|101|1219
|player|p2|Elite4Azure|falkner|1199
|gen|9
|tier|[Gen 9] OU
|rated|
|rule|HP Percentage Mod: HP is shown in percentages
|rule|Endless Battle Clause: Forcing endless battles is banned
|rule|Species Clause: Limit one of each Pokémon
|rule|OHKO Clause: OHKO moves are banned
|rule|Evasion Items Clause: Evasion items are banned
|rule|Evasion Moves Clause: Evasion moves are banned
|rule|Evasion Abilities Clause: Evasion abilities are banned
|rule|Sleep Moves Clause: Sleep-inducing moves are banned
|clearpoke
|poke|p1|Kyurem|
|poke|p1|Zapdos|
|poke|p1|Scizor, M|
|poke|p1|Pelipper, F|
|poke|p1|Kingdra, M|
|poke|p1|Crawdaunt, F|
|poke|p2|Froslass, F|
|poke|p2|Garganacl, F|
|poke|p2|Scrafty, M|
|poke|p2|Bellibolt, M|
|poke|p2|Tsareena, F|
|poke|p2|Revavroom, M|
|teampreview
|
|t:|1757946746
|teamsize|p1|6
|teamsize|p2|6
|start
|switch|p1a: Kyurem|Kyurem|100/100
|switch|p2a: Scrafty|Scrafty, M|100/100
|-ability|p1a: Kyurem|Pressure
|-ability|p2a: Scrafty|Intimidate|boost
|-unboost|p1a: Kyurem|atk|1
|turn|1
|
|t:|1757946764
|move|p2a: Scrafty|Fake Out|p1a: Kyurem
|-damage|p1a: Kyurem|88/100
|cant|p1a: Kyurem|flinch
|
|-heal|p1a: Kyurem|94/100|[from] item: Leftovers
|upkeep
|turn|2
|
|t:|1757946768
|move|p1a: Kyurem|Draco Meteor|p2a: Scrafty
|-damage|p2a: Scrafty|55/100
|-unboost|p1a: Kyurem|spa|2
|move|p2a: Scrafty|Knock Off|p1a: Kyurem
|-damage|p1a: Kyurem|48/100
|-enditem|p1a: Kyurem|Leftovers|[from] move: Knock Off|[of] p2a: Scrafty
|
|upkeep
|turn|3
|
|t:|1757946775
|switch|p1a: Pelipper|Pelipper, F|100/100
|-weather|RainDance|[from] ability: Drizzle|[of] p1a: Pelipper
|move|p2a: Scrafty|Drain Punch|p1a: Pelipper
|-resisted|p1a: Pelipper
|-damage|p1a: Pelipper|83/100
|-heal|p2a: Scrafty|66/100|[from] drain|[of] p1a: Pelipper
|
|-weather|RainDance|[upkeep]
|upkeep
|turn|4
|
|t:|1757946782
|move|p1a: Pelipper|Hurricane|p2a: Scrafty
|-supereffective|p2a: Scrafty
|-damage|p2a: Scrafty|0 fnt
|faint|p2a: Scrafty
|
|-weather|RainDance|[upkeep]
|upkeep
|
|t:|1757946793
|switch|p2a: Bellibolt|Bellibolt, M|100/100
|turn|5
|
|t:|1757946812
|switch|p1a: Scizor|Scizor, M|100/100
|move|p2a: Bellibolt|Parabolic Charge|p1a: Scizor
|-damage|p1a: Scizor|69/100
|
|-weather|RainDance|[upkeep]
|upkeep
|turn|6
|
|t:|1757946844
|move|p1a: Scizor|Close Combat|p2a: Bellibolt
|-damage|p2a: Bellibolt|50/100
|-unboost|p1a: Scizor|def|1
|-unboost|p1a: Scizor|spd|1
|-start|p2a: Bellibolt|Charge|Close Combat|[from] ability: Electromorphosis
|move|p2a: Bellibolt|Chilling Water|p1a: Scizor
|-damage|p1a: Scizor|38/100
|-unboost|p1a: Scizor|atk|1
|
|-weather|RainDance|[upkeep]
|upkeep
|turn|7
|
|t:|1757946848
|move|p1a: Scizor|Close Combat|p2a: Bellibolt
|-damage|p2a: Bellibolt|18/100
|-unboost|p1a: Scizor|def|1
|-unboost|p1a: Scizor|spd|1
|-start|p2a: Bellibolt|Charge|Close Combat|[from] ability: Electromorphosis
|move|p2a: Bellibolt|Parabolic Charge|p1a: Scizor
|-damage|p1a: Scizor|0 fnt
|-heal|p2a: Bellibolt|36/100|[from] drain|[of] p1a: Scizor
|faint|p1a: Scizor
|-end|p2a: Bellibolt|Charge|[silent]
|
|-weather|RainDance|[upkeep]
|upkeep
|
|t:|1757946856
|switch|p1a: Kingdra|Kingdra, M|100/100
|turn|8
|
|t:|1757946864
|move|p1a: Kingdra|Hurricane|p2a: Bellibolt
|-resisted|p2a: Bellibolt
|-damage|p2a: Bellibolt|15/100
|-start|p2a: Bellibolt|confusion
|-start|p2a: Bellibolt|Charge|Hurricane|[from] ability: Electromorphosis
|-activate|p2a: Bellibolt|confusion
|move|p2a: Bellibolt|Parabolic Charge|p1a: Kingdra
|-damage|p1a: Kingdra|36/100
|-heal|p2a: Bellibolt|41/100|[from] drain|[of] p1a: Kingdra
|-end|p2a: Bellibolt|Charge|[silent]
|
|-weather|RainDance|[upkeep]
|upkeep
|turn|9
|
|t:|1757946871
|move|p1a: Kingdra|Hurricane|p2a: Bellibolt
|-resisted|p2a: Bellibolt
|-damage|p2a: Bellibolt|19/100
|-start|p2a: Bellibolt|Charge|Hurricane|[from] ability: Electromorphosis
|-activate|p2a: Bellibolt|confusion
|move|p2a: Bellibolt|Parabolic Charge|p1a: Kingdra
|-damage|p1a: Kingdra|0 fnt
|-heal|p2a: Bellibolt|34/100|[from] drain|[of] p1a: Kingdra
|faint|p1a: Kingdra
|-end|p2a: Bellibolt|Charge|[silent]
|
|-weather|RainDance|[upkeep]
|upkeep
|
|t:|1757946877
|switch|p1a: Crawdaunt|Crawdaunt, F|100/100
|turn|10
|
|t:|1757946883
|move|p1a: Crawdaunt|Aqua Jet|p2a: Bellibolt
|-damage|p2a: Bellibolt|0 fnt
|faint|p2a: Bellibolt
|-damage|p1a: Crawdaunt|91/100|[from] item: Life Orb
|
|-weather|none
|upkeep
|
|t:|1757946885
|switch|p2a: Froslass|Froslass, F|100/100
|turn|11
|
|t:|1757946888
|move|p1a: Crawdaunt|Aqua Jet|p2a: Froslass
|-damage|p2a: Froslass|43/100
|-damage|p1a: Crawdaunt|81/100|[from] item: Life Orb
|move|p2a: Froslass|Will-O-Wisp|p1a: Crawdaunt
|-status|p1a: Crawdaunt|brn
|
|-damage|p1a: Crawdaunt|75/100 brn|[from] brn
|upkeep
|turn|12
|
|t:|1757946895
|move|p1a: Crawdaunt|Aqua Jet|p2a: Froslass
|-damage|p2a: Froslass|10/100
|-damage|p1a: Crawdaunt|65/100 brn|[from] item: Life Orb
|move|p2a: Froslass|Icy Wind|p1a: Crawdaunt
|-resisted|p1a: Crawdaunt
|-damage|p1a: Crawdaunt|45/100 brn
|-unboost|p1a: Crawdaunt|spe|1
|
|-damage|p1a: Crawdaunt|39/100 brn|[from] brn
|upkeep
|turn|13
|
|t:|1757946899
|switch|p2a: Tsareena|Tsareena, F|100/100
|move|p1a: Crawdaunt|Aqua Jet||[still]
|cant|p2a: Tsareena|ability: Queenly Majesty|Aqua Jet|[of] p1a: Crawdaunt
|
|-damage|p1a: Crawdaunt|33/100 brn|[from] brn
|upkeep
|turn|14
|
|t:|1757946912
|switch|p1a: Pelipper|Pelipper, F|83/100
|-weather|RainDance|[from] ability: Drizzle|[of] p1a: Pelipper
|move|p2a: Tsareena|Rapid Spin|p1a: Pelipper
|-damage|p1a: Pelipper|67/100
|-boost|p2a: Tsareena|spe|1
|
|-weather|RainDance|[upkeep]
|upkeep
|turn|15
|
|t:|1757946916
|move|p2a: Tsareena|Trop Kick|p1a: Pelipper
|-damage|p1a: Pelipper|32/100
|-unboost|p1a: Pelipper|atk|1
|move|p1a: Pelipper|Ice Beam|p2a: Tsareena
|-supereffective|p2a: Tsareena
|-damage|p2a: Tsareena|50/100
|
|-weather|RainDance|[upkeep]
|upkeep
|turn|16
|
|t:|1757946929
|switch|p1a: Crawdaunt|Crawdaunt, F|33/100 brn
|move|p2a: Tsareena|Triple Axel|p1a: Crawdaunt
|-resisted|p1a: Crawdaunt
|-damage|p1a: Crawdaunt|29/100 brn
|-resisted|p1a: Crawdaunt
|-crit|p1a: Crawdaunt
|-damage|p1a: Crawdaunt|17/100 brn
|-resisted|p1a: Crawdaunt
|-damage|p1a: Crawdaunt|4/100 brn
|-hitcount|p1a: Crawdaunt|3
|
|-weather|RainDance|[upkeep]
|-damage|p1a: Crawdaunt|0 fnt|[from] brn
|faint|p1a: Crawdaunt
|upkeep
|
|t:|1757946935
|switch|p1a: Zapdos|Zapdos|100/100
|turn|17
|
|t:|1757946958
|move|p1a: Zapdos|Hurricane|p2a: Tsareena
|-supereffective|p2a: Tsareena
|-damage|p2a: Tsareena|0 fnt
|faint|p2a: Tsareena
|
|-weather|RainDance|[upkeep]
|upkeep
|
|t:|1757946961
|switch|p2a: Froslass|Froslass, F|10/100
|turn|18
|
|t:|1757946963
|move|p1a: Zapdos|Hurricane|p2a: Froslass
|-damage|p2a: Froslass|0 fnt
|-start|p1a: Zapdos|Disable|Hurricane|[from] ability: Cursed Body|[of] p2a: Froslass
|faint|p2a: Froslass
|
|-weather|RainDance|[upkeep]
|upkeep
|
|t:|1757946966
|switch|p2a: Revavroom|Revavroom, M|100/100
|turn|19
|
|t:|1757946970
|switch|p1a: Kyurem|Kyurem|48/100
|-ability|p1a: Kyurem|Pressure
|move|p2a: Revavroom|Shift Gear|p2a: Revavroom
|-boost|p2a: Revavroom|spe|2
|-boost|p2a: Revavroom|atk|1
|
|-weather|RainDance|[upkeep]
|upkeep
|turn|20
|
|t:|1757947005
|move|p2a: Revavroom|Spin Out|p1a: Kyurem
|-supereffective|p1a: Kyurem
|-damage|p1a: Kyurem|0 fnt
|-unboost|p2a: Revavroom|spe|2
|faint|p1a: Kyurem
|
|-weather|RainDance|[upkeep]
|upkeep
|
|t:|1757947020
|switch|p1a: Zapdos|Zapdos|100/100
|turn|21
|
|t:|1757947036
|move|p1a: Zapdos|Thunder|p2a: Revavroom
|-damage|p2a: Revavroom|37/100
|move|p2a: Revavroom|Shift Gear|p2a: Revavroom
|-boost|p2a: Revavroom|spe|2
|-boost|p2a: Revavroom|atk|1
|
|-weather|none
|-heal|p2a: Revavroom|43/100|[from] item: Black Sludge
|upkeep
|turn|22
|
|t:|1757947042
|move|p1a: Zapdos|Thunder|p2a: Revavroom
|-damage|p2a: Revavroom|0 fnt
|faint|p2a: Revavroom
|
|upkeep
|
|t:|1757947044
|switch|p2a: Garganacl|Garganacl, F|100/100
|turn|23
|
|t:|1757947047
|switch|p1a: Pelipper|Pelipper, F|32/100
|-weather|RainDance|[from] ability: Drizzle|[of] p1a: Pelipper
|move|p2a: Garganacl|Salt Cure|p1a: Pelipper
|-supereffective|p1a: Pelipper
|-damage|p1a: Pelipper|2/100
|-start|p1a: Pelipper|Salt Cure
|
|-weather|RainDance|[upkeep]
|-damage|p1a: Pelipper|0 fnt|[from] Salt Cure
|faint|p1a: Pelipper
|upkeep
|
|t:|1757947049
|switch|p1a: Zapdos|Zapdos|100/100
|turn|24
|
|t:|1757947056
|-terastallize|p1a: Zapdos|Electric
|-terastallize|p2a: Garganacl|Ghost
|move|p1a: Zapdos|Weather Ball|p2a: Garganacl
|-damage|p2a: Garganacl|62/100
|move|p2a: Garganacl|Salt Cure|p1a: Zapdos
|-damage|p1a: Zapdos|82/100
|-start|p1a: Zapdos|Salt Cure
|
|-weather|RainDance|[upkeep]
|-heal|p2a: Garganacl|68/100|[from] item: Leftovers
|-damage|p1a: Zapdos|69/100|[from] Salt Cure
|upkeep
|turn|25
|
|t:|1757947063
|move|p1a: Zapdos|Weather Ball|p2a: Garganacl
|-damage|p2a: Garganacl|29/100
|move|p2a: Garganacl|Recover|p2a: Garganacl
|-heal|p2a: Garganacl|79/100
|
|-weather|RainDance|[upkeep]
|-heal|p2a: Garganacl|86/100|[from] item: Leftovers
|-damage|p1a: Zapdos|57/100|[from] Salt Cure
|upkeep
|turn|26
|
|t:|1757947073
|move|p1a: Zapdos|Weather Ball|p2a: Garganacl
|-damage|p2a: Garganacl|43/100
|move|p2a: Garganacl|Body Press|p1a: Zapdos
|-damage|p1a: Zapdos|23/100
|
|-weather|RainDance|[upkeep]
|-heal|p2a: Garganacl|49/100|[from] item: Leftovers
|-damage|p1a: Zapdos|10/100|[from] Salt Cure
|upkeep
|turn|27
|
|t:|1757947078
|move|p1a: Zapdos|Weather Ball|p2a: Garganacl
|-damage|p2a: Garganacl|10/100
|move|p2a: Garganacl|Recover|p2a: Garganacl
|-heal|p2a: Garganacl|60/100
|
|-weather|RainDance|[upkeep]
|-heal|p2a: Garganacl|66/100|[from] item: Leftovers
|-damage|p1a: Zapdos|0 fnt|[from] Salt Cure
|faint|p1a: Zapdos
|
|win|Elite4Azure
|raw|feisong's rating: 1219 &rarr; <strong>1193</strong><br />(-26 for losing)
|raw|Elite4Azure's rating: 1199 &rarr; <strong>1225</strong><br />(+26 for winning)
|c|☆Elite4Azure|Gg
|l|☆feisong
|player|p1|
|l|☆Elite4Azure
|player|p2|
