|j|☆FinestCorndog
|j|☆l30unlibro
|t:|1757908444
|gametype|singles
|player|p1|FinestCorndog|ingo|1100
|player|p2|l30unlibro|2|1055
|gen|9
|tier|[Gen 9] OU
|rated|
|rule|HP Percentage Mod: HP is shown in percentages
|rule|Endless Battle Clause: Forcing endless battles is banned
|rule|Species Clause: Limit one of each Pokémon
|rule|OHKO Clause: OHKO moves are banned
|rule|Evasion Items Clause: Evasion items are banned
|rule|Evasion Moves Clause: Evasion moves are banned
|rule|Evasion Abilities Clause: Evasion abilities are banned
|rule|Sleep Moves Clause: Sleep-inducing moves are banned
|clearpoke
|poke|p1|Scizor, M|
|poke|p1|Thundurus-Therian, M|
|poke|p1|Slowking-Galar, M|
|poke|p1|Glimmora, M|
|poke|p1|Primarina, M|
|poke|p1|Lokix, F|
|poke|p2|Torkoal, F|
|poke|p2|Walking Wake|
|poke|p2|Great Tusk|
|poke|p2|Cinderace, F|
|poke|p2|Raging Bolt|
|poke|p2|Scream Tail|
|teampreview
|inactive|Battle timer is ON: inactive players will automatically lose when time's up. (requested by FinestCorndog)
|
|t:|1757908448
|teamsize|p1|6
|teamsize|p2|6
|start
|switch|p1a: Glimmora|Glimmora, M|100/100
|switch|p2a: Torkoal|Torkoal, F|100/100
|-weather|SunnyDay|[from] ability: Drought|[of] p2a: Torkoal
|turn|1
|
|t:|1757908457
|move|p1a: Glimmora|Toxic|p2a: Torkoal
|-status|p2a: Torkoal|tox
|move|p2a: Torkoal|Stealth Rock|p1a: Glimmora
|-sidestart|p1: FinestCorndog|move: Stealth Rock
|
|-weather|SunnyDay|[upkeep]
|-damage|p2a: Torkoal|94/100 tox|[from] psn
|upkeep
|turn|2
|
|t:|1757908467
|switch|p2a: Great Tusk|Great Tusk|100/100
|-activate|p2a: Great Tusk|ability: Protosynthesis
|-start|p2a: Great Tusk|protosynthesisatk
|move|p1a: Glimmora|Earth Power|p2a: Great Tusk
|-damage|p2a: Great Tusk|60/100
|
|-weather|SunnyDay|[upkeep]
|-heal|p2a: Great Tusk|66/100|[from] item: Leftovers
|upkeep
|turn|3
|
|t:|1757908487
|move|p2a: Great Tusk|Close Combat|p1a: Glimmora
|-damage|p1a: Glimmora|20/100
|-unboost|p2a: Great Tusk|def|1
|-unboost|p2a: Great Tusk|spd|1
|-activate|p1a: Glimmora|ability: Toxic Debris
|-sidestart|p2: l30unlibro|move: Toxic Spikes
|move|p1a: Glimmora|Mortal Spin|p2a: Great Tusk
|-resisted|p2a: Great Tusk
|-damage|p2a: Great Tusk|62/100
|-status|p2a: Great Tusk|psn
|-sideend|p1: FinestCorndog|Stealth Rock|[from] move: Mortal Spin|[of] p1a: Glimmora
|
|-weather|SunnyDay|[upkeep]
|-heal|p2a: Great Tusk|68/100 psn|[from] item: Leftovers
|-damage|p2a: Great Tusk|56/100 psn|[from] psn
|upkeep
|turn|4
|
|t:|1757908502
|move|p1a: Glimmora|Spiky Shield|p1a: Glimmora
|-singleturn|p1a: Glimmora|move: Protect
|move|p2a: Great Tusk|Close Combat|p1a: Glimmora
|-activate|p1a: Glimmora|move: Protect
|-damage|p2a: Great Tusk|43/100 psn|[from] Spiky Shield|[of] p1a: Glimmora
|
|-weather|SunnyDay|[upkeep]
|-heal|p2a: Great Tusk|50/100 psn|[from] item: Leftovers
|-damage|p2a: Great Tusk|37/100 psn|[from] psn
|upkeep
|turn|5
|
|t:|1757908515
|move|p2a: Great Tusk|Headlong Rush|p1a: Glimmora
|-supereffective|p1a: Glimmora
|-damage|p1a: Glimmora|0 fnt
|-unboost|p2a: Great Tusk|def|1
|-unboost|p2a: Great Tusk|spd|1
|-activate|p1a: Glimmora|ability: Toxic Debris
|-sidestart|p2: l30unlibro|move: Toxic Spikes
|faint|p1a: Glimmora
|
|-weather|SunnyDay|[upkeep]
|-heal|p2a: Great Tusk|43/100 psn|[from] item: Leftovers
|-damage|p2a: Great Tusk|31/100 psn|[from] psn
|upkeep
|
|t:|1757908527
|switch|p1a: Thundurus|Thundurus-Therian, M|100/100
|turn|6
|
|t:|1757908535
|move|p1a: Thundurus|Flash Cannon|p2a: Great Tusk
|-damage|p2a: Great Tusk|0 fnt
|faint|p2a: Great Tusk
|-end|p2a: Great Tusk|Protosynthesis|[silent]
|
|-weather|SunnyDay|[upkeep]
|upkeep
|
|t:|1757908540
|switch|p2a: Torkoal|Torkoal, F|94/100 tox
|turn|7
|
|t:|1757908547
|switch|p1a: Slowking|Slowking-Galar, M|100/100
|move|p2a: Torkoal|Rapid Spin|p1a: Slowking
|-damage|p1a: Slowking|90/100
|-boost|p2a: Torkoal|spe|1
|-sideend|p2: l30unlibro|Toxic Spikes|[from] move: Rapid Spin|[of] p2a: Torkoal
|
|-weather|SunnyDay|[upkeep]
|-damage|p2a: Torkoal|88/100 tox|[from] psn
|upkeep
|turn|8
|
|t:|1757908559
|move|p2a: Torkoal|Rapid Spin|p1a: Slowking
|-damage|p1a: Slowking|80/100
|-boost|p2a: Torkoal|spe|1
|-prepare|p1a: Slowking|Chilly Reception|[premajor]
|move|p1a: Slowking|Chilly Reception|p1a: Slowking
|-weather|Snowscape
|
|t:|1757908568
|switch|p1a: Primarina|Primarina, M, shiny|100/100|[from] Chilly Reception
|
|-weather|Snowscape|[upkeep]
|-damage|p2a: Torkoal|76/100 tox|[from] psn
|upkeep
|turn|9
|
|t:|1757908578
|switch|p2a: Walking Wake|Walking Wake|100/100
|move|p1a: Primarina|Flip Turn|p2a: Walking Wake
|-resisted|p2a: Walking Wake
|-damage|p2a: Walking Wake|96/100
|
|t:|1757908590
|switch|p1a: Lokix|Lokix, F|100/100|[from] Flip Turn
|
|-weather|Snowscape|[upkeep]
|upkeep
|turn|10
|
|t:|1757908598
|-terastallize|p1a: Lokix|Bug
|move|p1a: Lokix|First Impression|p2a: Walking Wake
|-damage|p2a: Walking Wake|17/100
|move|p2a: Walking Wake|Flamethrower|p1a: Lokix
|-supereffective|p1a: Lokix
|-damage|p1a: Lokix|0 fnt
|faint|p1a: Lokix
|
|-weather|Snowscape|[upkeep]
|upkeep
|
|t:|1757908613
|switch|p1a: Thundurus|Thundurus-Therian, M|100/100
|turn|11
|
|t:|1757908618
|move|p2a: Walking Wake|Flamethrower|p1a: Thundurus
|-damage|p1a: Thundurus|44/100
|-status|p1a: Thundurus|brn
|move|p1a: Thundurus|Volt Switch|p2a: Walking Wake
|-damage|p2a: Walking Wake|0 fnt
|faint|p2a: Walking Wake
|-end|p2a: Walking Wake|Protosynthesis|[silent]
|
|t:|1757908630
|switch|p1a: Slowking|Slowking-Galar, M|100/100|[from] Volt Switch
|
|-weather|Snowscape|[upkeep]
|upkeep
|
|t:|1757908636
|switch|p2a: Raging Bolt|Raging Bolt|100/100
|turn|12
|
|t:|1757908642
|move|p2a: Raging Bolt|Dragon Pulse|p1a: Slowking
|-damage|p1a: Slowking|73/100
|move|p1a: Slowking|Future Sight|p2a: Raging Bolt
|-start|p1a: Slowking|move: Future Sight
|
|-weather|none
|upkeep
|turn|13
|
|t:|1757908653
|move|p2a: Raging Bolt|Thunderclap||[still]
|-fail|p2a: Raging Bolt
|-prepare|p1a: Slowking|Chilly Reception|[premajor]
|move|p1a: Slowking|Chilly Reception|p1a: Slowking
|-weather|Snowscape
|
|t:|1757908663
|switch|p1a: Scizor|Scizor, M|100/100|[from] Chilly Reception
|
|-weather|Snowscape|[upkeep]
|upkeep
|turn|14
|
|t:|1757908672
|-end|p2a: Raging Bolt|Protosynthesis|[silent]
|switch|p2a: Torkoal|Torkoal, F|76/100 tox
|-weather|SunnyDay|[from] ability: Drought|[of] p2a: Torkoal
|move|p1a: Scizor|Bullet Punch|p2a: Torkoal
|-resisted|p2a: Torkoal
|-damage|p2a: Torkoal|61/100 tox
|
|-weather|SunnyDay|[upkeep]
|-end|p2a: Torkoal|move: Future Sight
|-damage|p2a: Torkoal|5/100 tox
|-damage|p2a: Torkoal|0 fnt|[from] psn
|faint|p2a: Torkoal
|upkeep
|
|t:|1757908683
|switch|p2a: Cinderace|Cinderace, F|100/100
|turn|15
|
|t:|1757908689
|switch|p1a: Slowking|Slowking-Galar, M|100/100
|move|p2a: Cinderace|Pyro Ball|p1a: Slowking
|-damage|p1a: Slowking|13/100
|
|-weather|SunnyDay|[upkeep]
|upkeep
|turn|16
|
|t:|1757908699
|move|p2a: Cinderace|Pyro Ball|p1a: Slowking
|-crit|p1a: Slowking
|-damage|p1a: Slowking|0 fnt
|faint|p1a: Slowking
|
|-weather|SunnyDay|[upkeep]
|upkeep
|
|t:|1757908707
|switch|p1a: Primarina|Primarina, M, shiny|100/100
|turn|17
|
|t:|1757908724
|switch|p2a: Raging Bolt|Raging Bolt|100/100
|-activate|p2a: Raging Bolt|ability: Protosynthesis
|-start|p2a: Raging Bolt|protosynthesisspa
|move|p1a: Primarina|Moonblast|p2a: Raging Bolt
|-supereffective|p2a: Raging Bolt
|-damage|p2a: Raging Bolt|12/100
|
|-weather|SunnyDay|[upkeep]
|-heal|p2a: Raging Bolt|18/100|[from] item: Leftovers
|upkeep
|turn|18
|
|t:|1757908734
|switch|p1a: Scizor|Scizor, M|100/100
|move|p2a: Raging Bolt|Thunderclap||[still]
|-fail|p2a: Raging Bolt
|
|-weather|SunnyDay|[upkeep]
|-heal|p2a: Raging Bolt|24/100|[from] item: Leftovers
|upkeep
|turn|19
|
|t:|1757908743
|move|p2a: Raging Bolt|Weather Ball|p1a: Scizor
|-supereffective|p1a: Scizor
|-damage|p1a: Scizor|0 fnt
|faint|p1a: Scizor
|
|-weather|SunnyDay|[upkeep]
|-heal|p2a: Raging Bolt|30/100|[from] item: Leftovers
|upkeep
|-message|FinestCorndog forfeited.
|
|win|l30unlibro
|raw|FinestCorndog's rating: 1100 &rarr; <strong>1072</strong><br />(-28 for losing)
|raw|l30unlibro's rating: 1055 &rarr; <strong>1091</strong><br />(+36 for winning)
|l|☆FinestCorndog
|player|p1|
