|j|☆simul
|j|☆ryukuu
|t:|1757861355
|gametype|singles
|player|p1|simul|erika|1320
|player|p2|ryukuu|rollerskater|1310
|gen|9
|tier|[Gen 9] OU
|rated|
|rule|HP Percentage Mod: HP is shown in percentages
|rule|Endless Battle Clause: Forcing endless battles is banned
|rule|Species Clause: Limit one of each Pokémon
|rule|OHKO Clause: OHKO moves are banned
|rule|Evasion Items Clause: Evasion items are banned
|rule|Evasion Moves Clause: Evasion moves are banned
|rule|Evasion Abilities Clause: Evasion abilities are banned
|rule|Sleep Moves Clause: Sleep-inducing moves are banned
|clearpoke
|poke|p1|Ting-Lu|
|poke|p1|Glimmora, F|
|poke|p1|Gholdengo|
|poke|p1|Gliscor, F|
|poke|p1|Corviknight, F|
|poke|p1|Alomomola, M|
|poke|p2|Magnezone|
|poke|p2|Flamigo, M|
|poke|p2|Galvantula, F|
|poke|p2|Zapdos-Galar|
|poke|p2|Porygon-Z|
|poke|p2|Flygon, F|
|teampreview
|inactive|Battle timer is ON: inactive players will automatically lose when time's up. (requested by simul)
|
|t:|1757861367
|teamsize|p1|6
|teamsize|p2|6
|start
|switch|p1a: Glimmora|Glimmora, F|100/100
|switch|p2a: Galvantula|Galvantula, F, shiny|100/100
|turn|1
|
|t:|1757861378
|move|p2a: Galvantula|Sticky Web|p1a: Glimmora
|-sidestart|p1: simul|move: Sticky Web
|move|p1a: Glimmora|Stealth Rock|p2a: Galvantula
|-sidestart|p2: ryukuu|move: Stealth Rock
|
|upkeep
|turn|2
|
|t:|1757861387
|switch|p1a: Ting-Lu|Ting-Lu|100/100
|-activate|p1a: Ting-Lu|move: Sticky Web
|-unboost|p1a: Ting-Lu|spe|1
|-ability|p1a: Ting-Lu|Vessel of Ruin
|move|p2a: Galvantula|Thunder|p1a: Ting-Lu
|-immune|p1a: Ting-Lu
|
|upkeep
|turn|3
|
|t:|1757861396
|move|p2a: Galvantula|Bug Buzz|p1a: Ting-Lu
|-supereffective|p1a: Ting-Lu
|-damage|p1a: Ting-Lu|70/100
|move|p1a: Ting-Lu|Spikes|p2a: Galvantula
|-sidestart|p2: ryukuu|Spikes
|
|-heal|p1a: Ting-Lu|76/100|[from] item: Leftovers
|upkeep
|turn|4
|
|t:|1757861403
|move|p2a: Galvantula|Bug Buzz|p1a: Ting-Lu
|-supereffective|p1a: Ting-Lu
|-damage|p1a: Ting-Lu|41/100
|move|p1a: Ting-Lu|Earthquake|p2a: Galvantula
|-damage|p2a: Galvantula|20/100
|
|-heal|p1a: Ting-Lu|48/100|[from] item: Leftovers
|upkeep
|turn|5
|
|t:|1757861411
|move|p2a: Galvantula|Bug Buzz|p1a: Ting-Lu
|-supereffective|p1a: Ting-Lu
|-damage|p1a: Ting-Lu|17/100
|move|p1a: Ting-Lu|Spikes|p2a: Galvantula
|-sidestart|p2: ryukuu|Spikes
|
|-heal|p1a: Ting-Lu|23/100|[from] item: Leftovers
|upkeep
|turn|6
|
|t:|1757861424
|switch|p1a: Gliscor|Gliscor, F|100/100
|move|p2a: Galvantula|Bug Buzz|p1a: Gliscor
|-resisted|p1a: Gliscor
|-damage|p1a: Gliscor|75/100
|
|-status|p1a: Gliscor|tox|[from] item: Toxic Orb
|upkeep
|turn|7
|
|t:|1757861435
|move|p2a: Galvantula|Bug Buzz|p1a: Gliscor
|-resisted|p1a: Gliscor
|-damage|p1a: Gliscor|53/100 tox
|move|p1a: Gliscor|Knock Off|p2a: Galvantula
|-damage|p2a: Galvantula|0 fnt
|-enditem|p2a: Galvantula|Focus Sash|[from] move: Knock Off|[of] p1a: Gliscor
|faint|p2a: Galvantula
|
|-heal|p1a: Gliscor|65/100 tox|[from] ability: Poison Heal
|upkeep
|inactive|ryukuu has 120 seconds left.
|
|t:|1757861485
|switch|p2a: Porygon-Z|Porygon-Z|100/100
|-damage|p2a: Porygon-Z|88/100|[from] Stealth Rock
|-damage|p2a: Porygon-Z|71/100|[from] Spikes
|turn|8
|
|t:|1757861493
|switch|p1a: Alomomola|Alomomola, M|100/100
|-activate|p1a: Alomomola|move: Sticky Web
|-unboost|p1a: Alomomola|spe|1
|move|p2a: Porygon-Z|Ice Beam|p1a: Alomomola
|-resisted|p1a: Alomomola
|-damage|p1a: Alomomola|78/100
|
|-heal|p1a: Alomomola|84/100|[from] item: Leftovers
|upkeep
|turn|9
|
|t:|1757861502
|move|p2a: Porygon-Z|Ice Beam|p1a: Alomomola
|-resisted|p1a: Alomomola
|-damage|p1a: Alomomola|64/100
|move|p1a: Alomomola|Wish|p1a: Alomomola
|
|-heal|p1a: Alomomola|70/100|[from] item: Leftovers
|upkeep
|turn|10
|inactive|ryukuu has 120 seconds left.
|
|t:|1757861508
|move|p2a: Porygon-Z|Ice Beam|p1a: Alomomola
|-resisted|p1a: Alomomola
|-damage|p1a: Alomomola|50/100
|move|p1a: Alomomola|Flip Turn|p2a: Porygon-Z
|-damage|p2a: Porygon-Z|48/100
|
|t:|1757861515
|switch|p1a: Ting-Lu|Ting-Lu|23/100|[from] Flip Turn
|-activate|p1a: Ting-Lu|move: Sticky Web
|-unboost|p1a: Ting-Lu|spe|1
|-ability|p1a: Ting-Lu|Vessel of Ruin
|
|-heal|p1a: Ting-Lu|75/100|[from] move: Wish|[wisher] Alomomola
|-heal|p1a: Ting-Lu|82/100|[from] item: Leftovers
|upkeep
|turn|11
|
|t:|1757861527
|-terastallize|p1a: Ting-Lu|Fairy
|move|p2a: Porygon-Z|Ice Beam|p1a: Ting-Lu
|-damage|p1a: Ting-Lu|66/100
|move|p1a: Ting-Lu|Spikes|p2a: Porygon-Z
|-sidestart|p2: ryukuu|Spikes
|
|-heal|p1a: Ting-Lu|72/100|[from] item: Leftovers
|upkeep
|turn|12
|
|t:|1757861535
|move|p2a: Porygon-Z|Ice Beam|p1a: Ting-Lu
|-damage|p1a: Ting-Lu|56/100
|move|p1a: Ting-Lu|Whirlwind|p2a: Porygon-Z
|drag|p2a: Flygon|Flygon, F, shiny|100/100
|-damage|p2a: Flygon|95/100|[from] Stealth Rock
|
|-heal|p1a: Ting-Lu|63/100|[from] item: Leftovers
|upkeep
|turn|13
|
|t:|1757861549
|switch|p1a: Glimmora|Glimmora, F|100/100
|-activate|p1a: Glimmora|move: Sticky Web
|-unboost|p1a: Glimmora|spe|1
|move|p2a: Flygon|Earthquake|p1a: Glimmora
|-supereffective|p1a: Glimmora
|-enditem|p1a: Glimmora|Focus Sash
|-damage|p1a: Glimmora|1/100
|-activate|p1a: Glimmora|ability: Toxic Debris
|-sidestart|p2: ryukuu|move: Toxic Spikes
|
|upkeep
|turn|14
|
|t:|1757861565
|move|p1a: Glimmora|Spiky Shield|p1a: Glimmora
|-singleturn|p1a: Glimmora|move: Protect
|move|p2a: Flygon|Earthquake|p1a: Glimmora
|-activate|p1a: Glimmora|move: Protect
|
|upkeep
|turn|15
|
|t:|1757861573
|switch|p2a: Porygon-Z|Porygon-Z|48/100
|-damage|p2a: Porygon-Z|35/100|[from] Stealth Rock
|-damage|p2a: Porygon-Z|10/100|[from] Spikes
|-status|p2a: Porygon-Z|psn
|move|p1a: Glimmora|Sludge Wave|p2a: Porygon-Z
|-damage|p2a: Porygon-Z|0 fnt
|faint|p2a: Porygon-Z
|
|upkeep
|
|t:|1757861584
|switch|p2a: Flygon|Flygon, F, shiny|95/100
|-damage|p2a: Flygon|89/100|[from] Stealth Rock
|turn|16
|
|t:|1757861593
|move|p2a: Flygon|U-turn|p1a: Glimmora
|-resisted|p1a: Glimmora
|-damage|p1a: Glimmora|0 fnt
|-activate|p1a: Glimmora|ability: Toxic Debris
|-sidestart|p2: ryukuu|move: Toxic Spikes
|faint|p1a: Glimmora
|
|t:|1757861602
|switch|p2a: Magnezone|Magnezone|100/100|[from] U-turn
|-damage|p2a: Magnezone|95/100|[from] Stealth Rock
|-damage|p2a: Magnezone|70/100|[from] Spikes
|
|upkeep
|
|t:|1757861607
|switch|p1a: Ting-Lu|Ting-Lu, tera:Fairy|63/100
|-activate|p1a: Ting-Lu|move: Sticky Web
|-unboost|p1a: Ting-Lu|spe|1
|-ability|p1a: Ting-Lu|Vessel of Ruin
|turn|17
|
|t:|1757861613
|move|p2a: Magnezone|Flash Cannon|p1a: Ting-Lu
|-supereffective|p1a: Ting-Lu
|-damage|p1a: Ting-Lu|31/100
|move|p1a: Ting-Lu|Earthquake|p2a: Magnezone
|-supereffective|p2a: Magnezone
|-damage|p2a: Magnezone|0 fnt
|faint|p2a: Magnezone
|
|-heal|p1a: Ting-Lu|37/100|[from] item: Leftovers
|upkeep
|
|t:|1757861624
|switch|p2a: Flamigo|Flamigo, M|100/100
|-damage|p2a: Flamigo|88/100|[from] Stealth Rock
|turn|18
|
|t:|1757861632
|switch|p1a: Gliscor|Gliscor, F|65/100 tox
|move|p2a: Flamigo|Brave Bird|p1a: Gliscor
|-damage|p1a: Gliscor|26/100 tox
|-damage|p2a: Flamigo|73/100|[from] Recoil
|
|-heal|p1a: Gliscor|39/100 tox|[from] ability: Poison Heal
|upkeep
|turn|19
|
|t:|1757861641
|move|p1a: Gliscor|Protect|p1a: Gliscor
|-singleturn|p1a: Gliscor|Protect
|move|p2a: Flamigo|Brave Bird|p1a: Gliscor
|-activate|p1a: Gliscor|move: Protect
|
|-heal|p1a: Gliscor|51/100 tox|[from] ability: Poison Heal
|upkeep
|turn|20
|
|t:|1757861650
|move|p2a: Flamigo|Brave Bird|p1a: Gliscor
|-damage|p1a: Gliscor|10/100 tox
|-damage|p2a: Flamigo|57/100|[from] Recoil
|move|p1a: Gliscor|Knock Off|p2a: Flamigo
|-resisted|p2a: Flamigo
|-damage|p2a: Flamigo|42/100
|-enditem|p2a: Flamigo|Choice Scarf|[from] move: Knock Off|[of] p1a: Gliscor
|
|-heal|p1a: Gliscor|23/100 tox|[from] ability: Poison Heal
|upkeep
|turn|21
|
|t:|1757861664
|switch|p1a: Corviknight|Corviknight, F|100/100
|move|p2a: Flamigo|Brave Bird|p1a: Corviknight
|-resisted|p1a: Corviknight
|-damage|p1a: Corviknight|82/100
|-damage|p2a: Flamigo|25/100|[from] item: Rocky Helmet|[of] p1a: Corviknight
|-damage|p2a: Flamigo|17/100|[from] Recoil
|
|upkeep
|turn|22
|
|t:|1757861679
|move|p2a: Flamigo|Close Combat|p1a: Corviknight
|-damage|p1a: Corviknight|48/100
|-unboost|p2a: Flamigo|def|1
|-unboost|p2a: Flamigo|spd|1
|-damage|p2a: Flamigo|1/100|[from] item: Rocky Helmet|[of] p1a: Corviknight
|move|p1a: Corviknight|Body Press|p2a: Flamigo
|-resisted|p2a: Flamigo
|-damage|p2a: Flamigo|0 fnt
|faint|p2a: Flamigo
|
|upkeep
|inactive|ryukuu has 120 seconds left.
|
|t:|1757861702
|switch|p2a: Flygon|Flygon, F, shiny|89/100
|-damage|p2a: Flygon|83/100|[from] Stealth Rock
|turn|23
|-message|ryukuu forfeited.
|
|win|simul
|raw|simul's rating: 1320 &rarr; <strong>1339</strong><br />(+19 for winning)
|raw|ryukuu's rating: 1310 &rarr; <strong>1291</strong><br />(-19 for losing)
|l|☆ryukuu
|player|p2|
|l|☆simul
|player|p1|
