|inactive|Battle timer is ON: inactive players will automatically lose when time's up.
|t:|1757876185
|gametype|singles
|player|p1|blonded|lucas|
|player|p2|Dasmer03|#wcop2023spain|
|gen|9
|tier|[Gen 9] OU
|rule|HP Percentage Mod: HP is shown in percentages
|rule|Endless Battle Clause: Forcing endless battles is banned
|rule|Species Clause: Limit one of each Pokémon
|rule|OHKO Clause: OHKO moves are banned
|rule|Evasion Items Clause: Evasion items are banned
|rule|Evasion Moves Clause: Evasion moves are banned
|rule|Evasion Abilities Clause: Evasion abilities are banned
|rule|Sleep Moves Clause: Sleep-inducing moves are banned
|clearpoke
|poke|p1|Darkrai|
|poke|p1|Dragonite, F|
|poke|p1|Alomomola, F|
|poke|p1|Amoonguss, F|
|poke|p1|Great Tusk|
|poke|p1|Gholdengo|
|poke|p2|Rillaboom, F|
|poke|p2|Garganacl, M|
|poke|p2|Kyurem|
|poke|p2|Slither Wing|
|poke|p2|Zapdos|
|poke|p2|Iron Treads|
|teampreview
|c|☆Dasmer03|hf
|c|☆blonded|Glhf
|inactive|blonded has 270 seconds left.
|inactive|Dasmer03 has 270 seconds left.
|inactive|blonded has 240 seconds left.
|inactive|Dasmer03 has 240 seconds left.
|inactive|blonded has 210 seconds left.
|
|t:|1757876293
|teamsize|p1|6
|teamsize|p2|6
|start
|switch|p1a: Amoonguss|Amoonguss, F|100/100
|switch|p2a: Slither Wing|Slither Wing|100/100
|turn|1
|inactive|blonded has 240 seconds left.
|
|t:|1757876344
|move|p2a: Slither Wing|U-turn|p1a: Amoonguss
|-damage|p1a: Amoonguss|77/100
|
|t:|1757876347
|-end|p2a: Slither Wing|Protosynthesis|[silent]
|switch|p2a: Garganacl|Garganacl, M|100/100|[from] U-turn
|move|p1a: Amoonguss|Leaf Storm|p2a: Garganacl
|-supereffective|p2a: Garganacl
|-damage|p2a: Garganacl|46/100
|-unboost|p1a: Amoonguss|spa|2
|-enditem|p1a: Amoonguss|Eject Pack
|inactive|blonded has 210 seconds left.
|inactive|blonded has 180 seconds left.
|
|t:|1757876396
|switch|p1a: Great Tusk|Great Tusk|100/100
|
|-heal|p2a: Garganacl|52/100|[from] item: Leftovers
|upkeep
|turn|2
|
|t:|1757876409
|move|p1a: Great Tusk|Stealth Rock|p2a: Garganacl
|-sidestart|p2: Dasmer03|move: Stealth Rock
|move|p2a: Garganacl|Salt Cure|p1a: Great Tusk
|-resisted|p1a: Great Tusk
|-damage|p1a: Great Tusk|98/100
|-start|p1a: Great Tusk|Salt Cure
|
|-heal|p2a: Garganacl|58/100|[from] item: Leftovers
|-damage|p1a: Great Tusk|85/100|[from] Salt Cure
|upkeep
|turn|3
|
|t:|1757876414
|-end|p1a: Great Tusk|Protosynthesis|[silent]
|switch|p1a: Alomomola|Alomomola, F|100/100
|move|p2a: Garganacl|Protect||[still]
|-fail|p2a: Garganacl
|
|-heal|p2a: Garganacl|64/100|[from] item: Leftovers
|upkeep
|turn|4
|
|t:|1757876418
|move|p1a: Alomomola|Flip Turn|p2a: Garganacl
|-supereffective|p2a: Garganacl
|-damage|p2a: Garganacl|41/100
|
|t:|1757876426
|switch|p1a: Great Tusk|Great Tusk|85/100|[from] Flip Turn
|move|p2a: Garganacl|Recover|p2a: Garganacl
|-heal|p2a: Garganacl|91/100
|
|-heal|p2a: Garganacl|98/100|[from] item: Leftovers
|upkeep
|turn|5
|inactive|blonded has 210 seconds left.
|
|t:|1757876432
|switch|p2a: Zapdos|Zapdos|100/100
|move|p1a: Great Tusk|Ice Spinner|p2a: Zapdos
|-supereffective|p2a: Zapdos
|-damage|p2a: Zapdos|59/100
|
|upkeep
|turn|6
|
|t:|1757876437
|-end|p1a: Great Tusk|Protosynthesis|[silent]
|switch|p1a: Alomomola|Alomomola, F|100/100
|move|p2a: Zapdos|Roost|p2a: Zapdos
|-heal|p2a: Zapdos|100/100
|-singleturn|p2a: Zapdos|move: Roost
|
|upkeep
|turn|7
|
|t:|1757876446
|move|p2a: Zapdos|Thunder Wave|p1a: Alomomola
|-status|p1a: Alomomola|par
|move|p1a: Alomomola|Mirror Coat||[still]
|-fail|p1a: Alomomola
|
|upkeep
|turn|8
|
|t:|1757876452
|switch|p2a: Rillaboom|Rillaboom, F|100/100
|-fieldstart|move: Grassy Terrain|[from] ability: Grassy Surge|[of] p2a: Rillaboom
|cant|p1a: Alomomola|par
|
|upkeep
|turn|9
|
|t:|1757876455
|switch|p1a: Amoonguss|Amoonguss, F|100/100
|move|p2a: Rillaboom|U-turn|p1a: Amoonguss
|-damage|p1a: Amoonguss|82/100
|
|t:|1757876477
|switch|p2a: Iron Treads|Iron Treads|100/100|[from] U-turn
|-damage|p2a: Iron Treads|97/100|[from] Stealth Rock
|
|-heal|p2a: Iron Treads|100/100|[from] Grassy Terrain
|-heal|p1a: Amoonguss|88/100|[from] Grassy Terrain
|upkeep
|turn|10
|
|t:|1757876496
|move|p2a: Iron Treads|Rapid Spin|p1a: Amoonguss
|-damage|p1a: Amoonguss|79/100
|-boost|p2a: Iron Treads|spe|1
|-sideend|p2: Dasmer03|Stealth Rock|[from] move: Rapid Spin|[of] p2a: Iron Treads
|move|p1a: Amoonguss|Leaf Storm|p2a: Iron Treads
|-damage|p2a: Iron Treads|62/100
|-unboost|p1a: Amoonguss|spa|2
|
|-heal|p2a: Iron Treads|68/100|[from] Grassy Terrain
|-heal|p1a: Amoonguss|85/100|[from] Grassy Terrain
|upkeep
|turn|11
|
|t:|1757876508
|-end|p2a: Iron Treads|Quark Drive|[silent]
|switch|p2a: Garganacl|Garganacl, M|98/100
|switch|p1a: Great Tusk|Great Tusk|85/100
|
|-heal|p1a: Great Tusk|92/100|[from] Grassy Terrain
|-heal|p2a: Garganacl|100/100|[from] Grassy Terrain
|upkeep
|turn|12
|
|t:|1757876517
|switch|p2a: Zapdos|Zapdos|100/100
|move|p1a: Great Tusk|Stealth Rock|p2a: Zapdos
|-sidestart|p2: Dasmer03|move: Stealth Rock
|
|-heal|p1a: Great Tusk|98/100|[from] Grassy Terrain
|-fieldend|move: Grassy Terrain
|upkeep
|turn|13
|
|t:|1757876524
|-end|p1a: Great Tusk|Protosynthesis|[silent]
|switch|p1a: Alomomola|Alomomola, F|100/100 par
|move|p2a: Zapdos|Volt Switch|p1a: Alomomola
|-supereffective|p1a: Alomomola
|-damage|p1a: Alomomola|71/100 par
|
|t:|1757876527
|switch|p2a: Garganacl|Garganacl, M|100/100|[from] Volt Switch
|-damage|p2a: Garganacl|88/100|[from] Stealth Rock
|
|-heal|p2a: Garganacl|94/100|[from] item: Leftovers
|upkeep
|turn|14
|
|t:|1757876532
|switch|p1a: Great Tusk|Great Tusk|98/100
|move|p2a: Garganacl|Stealth Rock|p1a: Great Tusk
|-sidestart|p1: blonded|move: Stealth Rock
|
|-heal|p2a: Garganacl|100/100|[from] item: Leftovers
|upkeep
|turn|15
|inactive|blonded has 270 seconds left.
|
|t:|1757876568
|move|p2a: Garganacl|Protect|p2a: Garganacl
|-singleturn|p2a: Garganacl|Protect
|move|p1a: Great Tusk|Rapid Spin|p2a: Garganacl
|-activate|p2a: Garganacl|move: Protect
|
|upkeep
|turn|16
|
|t:|1757876581
|-end|p1a: Great Tusk|Protosynthesis|[silent]
|switch|p1a: Alomomola|Alomomola, F|100/100 par
|-damage|p1a: Alomomola|88/100 par|[from] Stealth Rock
|move|p2a: Garganacl|Salt Cure|p1a: Alomomola
|-damage|p1a: Alomomola|77/100 par
|-start|p1a: Alomomola|Salt Cure
|
|-damage|p1a: Alomomola|52/100 par|[from] Salt Cure
|upkeep
|turn|17
|
|t:|1757876591
|switch|p1a: Amoonguss|Amoonguss, F|100/100
|-damage|p1a: Amoonguss|88/100|[from] Stealth Rock
|move|p2a: Garganacl|Salt Cure|p1a: Amoonguss
|-damage|p1a: Amoonguss|78/100
|-start|p1a: Amoonguss|Salt Cure
|
|-damage|p1a: Amoonguss|65/100|[from] Salt Cure
|upkeep
|turn|18
|
|t:|1757876605
|switch|p1a: Great Tusk|Great Tusk|98/100
|move|p2a: Garganacl|Salt Cure|p1a: Great Tusk
|-resisted|p1a: Great Tusk
|-damage|p1a: Great Tusk|95/100
|-start|p1a: Great Tusk|Salt Cure
|
|-damage|p1a: Great Tusk|83/100|[from] Salt Cure
|upkeep
|turn|19
|
|t:|1757876609
|-end|p1a: Great Tusk|Protosynthesis|[silent]
|switch|p1a: Alomomola|Alomomola, F|85/100 par
|-damage|p1a: Alomomola|73/100 par|[from] Stealth Rock
|move|p2a: Garganacl|Protect||[still]
|-fail|p2a: Garganacl
|
|upkeep
|turn|20
|
|t:|1757876611
|move|p2a: Garganacl|Salt Cure|p1a: Alomomola
|-crit|p1a: Alomomola
|-damage|p1a: Alomomola|56/100 par
|-start|p1a: Alomomola|Salt Cure
|cant|p1a: Alomomola|par
|
|-damage|p1a: Alomomola|31/100 par|[from] Salt Cure
|upkeep
|turn|21
|
|t:|1757876614
|switch|p1a: Amoonguss|Amoonguss, F|98/100
|-damage|p1a: Amoonguss|86/100|[from] Stealth Rock
|move|p2a: Garganacl|Salt Cure|p1a: Amoonguss
|-damage|p1a: Amoonguss|75/100
|-start|p1a: Amoonguss|Salt Cure
|
|-damage|p1a: Amoonguss|63/100|[from] Salt Cure
|upkeep
|turn|22
|
|t:|1757876619
|move|p2a: Garganacl|Salt Cure|p1a: Amoonguss
|-damage|p1a: Amoonguss|53/100
|move|p1a: Amoonguss|Leaf Storm|p2a: Garganacl
|-supereffective|p2a: Garganacl
|-crit|p2a: Garganacl
|-damage|p2a: Garganacl|20/100
|-unboost|p1a: Amoonguss|spa|2
|
|-heal|p2a: Garganacl|26/100|[from] item: Leftovers
|-damage|p1a: Amoonguss|41/100|[from] Salt Cure
|upkeep
|turn|23
|
|t:|1757876623
|switch|p1a: Great Tusk|Great Tusk|83/100
|move|p2a: Garganacl|Recover|p2a: Garganacl
|-heal|p2a: Garganacl|76/100
|
|-heal|p2a: Garganacl|83/100|[from] item: Leftovers
|upkeep
|turn|24
|
|t:|1757876626
|move|p2a: Garganacl|Protect|p2a: Garganacl
|-singleturn|p2a: Garganacl|Protect
|move|p1a: Great Tusk|Rapid Spin|p2a: Garganacl
|-activate|p2a: Garganacl|move: Protect
|
|-heal|p2a: Garganacl|89/100|[from] item: Leftovers
|upkeep
|turn|25
|
|t:|1757876628
|switch|p2a: Zapdos|Zapdos|100/100
|move|p1a: Great Tusk|Rapid Spin|p2a: Zapdos
|-damage|p2a: Zapdos|88/100
|-boost|p1a: Great Tusk|spe|1
|-status|p1a: Great Tusk|par|[from] ability: Static|[of] p2a: Zapdos
|-sideend|p1: blonded|Stealth Rock|[from] move: Rapid Spin|[of] p1a: Great Tusk
|
|upkeep
|turn|26
|inactive|blonded has 270 seconds left.
|
|t:|1757876676
|-end|p1a: Great Tusk|Protosynthesis|[silent]
|switch|p1a: Gholdengo|Gholdengo|100/100
|move|p2a: Zapdos|Hurricane|p1a: Gholdengo
|-resisted|p1a: Gholdengo
|-damage|p1a: Gholdengo|74/100
|
|upkeep
|turn|27
|
|t:|1757876689
|move|p1a: Gholdengo|Shadow Ball|p2a: Zapdos
|-damage|p2a: Zapdos|47/100
|move|p2a: Zapdos|Volt Switch|p1a: Gholdengo
|-damage|p1a: Gholdengo|39/100
|
|t:|1757876692
|switch|p2a: Iron Treads|Iron Treads|68/100|[from] Volt Switch
|-damage|p2a: Iron Treads|65/100|[from] Stealth Rock
|
|upkeep
|turn|28
|
|t:|1757876704
|switch|p1a: Great Tusk|Great Tusk|83/100 par
|move|p2a: Iron Treads|Knock Off|p1a: Great Tusk
|-resisted|p1a: Great Tusk
|-damage|p1a: Great Tusk|74/100 par
|-enditem|p1a: Great Tusk|Heavy-Duty Boots|[from] move: Knock Off|[of] p2a: Iron Treads
|
|upkeep
|turn|29
|
|t:|1757876712
|-end|p2a: Iron Treads|Quark Drive|[silent]
|switch|p2a: Slither Wing|Slither Wing|100/100
|move|p1a: Great Tusk|Ice Spinner|p2a: Slither Wing
|-damage|p2a: Slither Wing|78/100
|
|upkeep
|turn|30
|inactive|blonded has 270 seconds left.
|
|t:|1757876723
|move|p2a: Slither Wing|First Impression|p1a: Great Tusk
|-resisted|p1a: Great Tusk
|-damage|p1a: Great Tusk|58/100 par
|move|p1a: Great Tusk|Ice Spinner|p2a: Slither Wing
|-damage|p2a: Slither Wing|55/100
|
|upkeep
|turn|31
|
|t:|1757876728
|-end|p1a: Great Tusk|Protosynthesis|[silent]
|switch|p1a: Alomomola|Alomomola, F|64/100 par
|move|p2a: Slither Wing|Morning Sun|p2a: Slither Wing
|-heal|p2a: Slither Wing|100/100
|
|upkeep
|turn|32
|
|t:|1757876735
|move|p2a: Slither Wing|U-turn|p1a: Alomomola
|-damage|p1a: Alomomola|40/100 par
|
|t:|1757876748
|-end|p2a: Slither Wing|Protosynthesis|[silent]
|switch|p2a: Rillaboom|Rillaboom, F|100/100|[from] U-turn
|-fieldstart|move: Grassy Terrain|[from] ability: Grassy Surge|[of] p2a: Rillaboom
|move|p1a: Alomomola|Flip Turn|p2a: Rillaboom
|-resisted|p2a: Rillaboom
|-crit|p2a: Rillaboom
|-damage|p2a: Rillaboom|88/100
|inactive|blonded has 270 seconds left.
|
|t:|1757876794
|switch|p1a: Darkrai|Darkrai|100/100|[from] Flip Turn
|
|-heal|p2a: Rillaboom|94/100|[from] Grassy Terrain
|upkeep
|turn|33
|
|t:|1757876796
|switch|p2a: Garganacl|Garganacl, M|89/100
|-damage|p2a: Garganacl|76/100|[from] Stealth Rock
|move|p1a: Darkrai|Sludge Bomb|p2a: Garganacl
|-resisted|p2a: Garganacl
|-damage|p2a: Garganacl|61/100
|
|-heal|p2a: Garganacl|67/100|[from] Grassy Terrain
|-heal|p2a: Garganacl|73/100|[from] item: Leftovers
|upkeep
|turn|34
|
|t:|1757876802
|switch|p1a: Amoonguss|Amoonguss, F|74/100
|move|p2a: Garganacl|Salt Cure|p1a: Amoonguss
|-damage|p1a: Amoonguss|64/100
|-start|p1a: Amoonguss|Salt Cure
|
|-heal|p2a: Garganacl|79/100|[from] Grassy Terrain
|-heal|p2a: Garganacl|85/100|[from] item: Leftovers
|-heal|p1a: Amoonguss|70/100|[from] Grassy Terrain
|-damage|p1a: Amoonguss|58/100|[from] Salt Cure
|upkeep
|turn|35
|
|t:|1757876805
|switch|p1a: Great Tusk|Great Tusk|58/100 par
|move|p2a: Garganacl|Protect||[still]
|-fail|p2a: Garganacl
|
|-heal|p1a: Great Tusk|64/100 par|[from] Grassy Terrain
|-heal|p2a: Garganacl|92/100|[from] Grassy Terrain
|-heal|p2a: Garganacl|98/100|[from] item: Leftovers
|upkeep
|turn|36
|
|t:|1757876821
|switch|p2a: Slither Wing|Slither Wing|100/100
|move|p1a: Great Tusk|Headlong Rush|p2a: Slither Wing
|-resisted|p2a: Slither Wing
|-damage|p2a: Slither Wing|76/100
|-unboost|p1a: Great Tusk|def|1
|-unboost|p1a: Great Tusk|spd|1
|
|-heal|p2a: Slither Wing|82/100|[from] Grassy Terrain
|-heal|p1a: Great Tusk|70/100 par|[from] Grassy Terrain
|-fieldend|move: Grassy Terrain
|upkeep
|turn|37
|
|t:|1757876840
|-end|p1a: Great Tusk|Protosynthesis|[silent]
|switch|p1a: Alomomola|Alomomola, F|73/100 par
|move|p2a: Slither Wing|U-turn|p1a: Alomomola
|-damage|p1a: Alomomola|47/100 par
|inactive|Dasmer03 has 270 seconds left.
|
|t:|1757876858
|-end|p2a: Slither Wing|Protosynthesis|[silent]
|switch|p2a: Garganacl|Garganacl, M|98/100|[from] U-turn
|-damage|p2a: Garganacl|85/100|[from] Stealth Rock
|
|-heal|p2a: Garganacl|92/100|[from] item: Leftovers
|upkeep
|turn|38
|
|t:|1757876867
|move|p2a: Garganacl|Stealth Rock|p1a: Alomomola
|-sidestart|p1: blonded|move: Stealth Rock
|move|p1a: Alomomola|Flip Turn|p2a: Garganacl
|-supereffective|p2a: Garganacl
|-damage|p2a: Garganacl|72/100
|
|t:|1757876870
|switch|p1a: Great Tusk|Great Tusk|70/100 par|[from] Flip Turn
|-damage|p1a: Great Tusk|67/100 par|[from] Stealth Rock
|
|-heal|p2a: Garganacl|78/100|[from] item: Leftovers
|upkeep
|turn|39
|
|t:|1757876881
|move|p2a: Garganacl|Protect|p2a: Garganacl
|-singleturn|p2a: Garganacl|Protect
|move|p1a: Great Tusk|Rapid Spin|p2a: Garganacl
|-activate|p2a: Garganacl|move: Protect
|
|-heal|p2a: Garganacl|84/100|[from] item: Leftovers
|upkeep
|turn|40
|
|t:|1757876894
|-terastallize|p2a: Garganacl|Water
|move|p1a: Great Tusk|Rapid Spin|p2a: Garganacl
|-damage|p2a: Garganacl|72/100
|-boost|p1a: Great Tusk|spe|1
|-sideend|p1: blonded|Stealth Rock|[from] move: Rapid Spin|[of] p1a: Great Tusk
|move|p2a: Garganacl|Salt Cure|p1a: Great Tusk
|-resisted|p1a: Great Tusk
|-damage|p1a: Great Tusk|65/100 par
|-start|p1a: Great Tusk|Salt Cure
|
|-heal|p2a: Garganacl|78/100|[from] item: Leftovers
|-damage|p1a: Great Tusk|53/100 par|[from] Salt Cure
|upkeep
|turn|41
|inactive|blonded has 270 seconds left.
|inactive|blonded has 240 seconds left.
|inactive|blonded has 210 seconds left.
|
|t:|1757876986
|-end|p1a: Great Tusk|Protosynthesis|[silent]
|switch|p1a: Darkrai|Darkrai|100/100
|move|p2a: Garganacl|Stealth Rock|p1a: Darkrai
|-sidestart|p1: blonded|move: Stealth Rock
|
|-heal|p2a: Garganacl|84/100|[from] item: Leftovers
|upkeep
|turn|42
|
|t:|1757876991
|move|p2a: Garganacl|Protect|p2a: Garganacl
|-singleturn|p2a: Garganacl|Protect
|move|p1a: Darkrai|Dark Pulse|p2a: Garganacl
|-activate|p2a: Garganacl|move: Protect
|
|-heal|p2a: Garganacl|90/100|[from] item: Leftovers
|upkeep
|turn|43
|
|t:|1757876993
|switch|p2a: Slither Wing|Slither Wing|82/100
|move|p1a: Darkrai|Dark Pulse|p2a: Slither Wing
|-resisted|p2a: Slither Wing
|-damage|p2a: Slither Wing|51/100
|
|upkeep
|turn|44
|
|t:|1757876996
|move|p1a: Darkrai|Dark Pulse|p2a: Slither Wing
|-resisted|p2a: Slither Wing
|-damage|p2a: Slither Wing|24/100
|cant|p2a: Slither Wing|flinch
|
|upkeep
|turn|45
|
|t:|1757877006
|-end|p2a: Slither Wing|Protosynthesis|[silent]
|switch|p2a: Rillaboom|Rillaboom, F|94/100
|-fieldstart|move: Grassy Terrain|[from] ability: Grassy Surge|[of] p2a: Rillaboom
|move|p1a: Darkrai|Dark Pulse|p2a: Rillaboom
|-damage|p2a: Rillaboom|18/100
|
|-heal|p2a: Rillaboom|24/100|[from] Grassy Terrain
|upkeep
|turn|46
|
|t:|1757877009
|move|p2a: Rillaboom|Grassy Glide|p1a: Darkrai
|-damage|p1a: Darkrai|50/100
|move|p1a: Darkrai|Dark Pulse|p2a: Rillaboom
|-damage|p2a: Rillaboom|0 fnt
|faint|p2a: Rillaboom
|
|-heal|p1a: Darkrai|56/100|[from] Grassy Terrain
|upkeep
|
|t:|1757877025
|switch|p2a: Slither Wing|Slither Wing|24/100
|turn|47
|
|t:|1757877028
|switch|p1a: Great Tusk|Great Tusk|53/100 par
|-damage|p1a: Great Tusk|50/100 par|[from] Stealth Rock
|move|p2a: Slither Wing|First Impression|p1a: Great Tusk
|-resisted|p1a: Great Tusk
|-crit|p1a: Great Tusk
|-damage|p1a: Great Tusk|26/100 par
|
|-heal|p2a: Slither Wing|30/100|[from] Grassy Terrain
|-heal|p1a: Great Tusk|32/100 par|[from] Grassy Terrain
|upkeep
|turn|48
|
|t:|1757877035
|move|p2a: Slither Wing|Morning Sun|p2a: Slither Wing
|-heal|p2a: Slither Wing|80/100
|cant|p1a: Great Tusk|par
|
|-heal|p2a: Slither Wing|86/100|[from] Grassy Terrain
|-heal|p1a: Great Tusk|39/100 par|[from] Grassy Terrain
|upkeep
|turn|49
|
|t:|1757877040
|move|p2a: Slither Wing|U-turn|p1a: Great Tusk
|-resisted|p1a: Great Tusk
|-damage|p1a: Great Tusk|26/100 par
|
|t:|1757877042
|-end|p2a: Slither Wing|Protosynthesis|[silent]
|switch|p2a: Zapdos|Zapdos|47/100|[from] U-turn
|move|p1a: Great Tusk|Rapid Spin|p2a: Zapdos
|-damage|p2a: Zapdos|35/100
|-boost|p1a: Great Tusk|spe|1
|-sideend|p1: blonded|Stealth Rock|[from] move: Rapid Spin|[of] p1a: Great Tusk
|
|-heal|p1a: Great Tusk|32/100 par|[from] Grassy Terrain
|-fieldend|move: Grassy Terrain
|upkeep
|turn|50
|
|t:|1757877047
|move|p2a: Zapdos|Hurricane|p1a: Great Tusk
|-supereffective|p1a: Great Tusk
|-damage|p1a: Great Tusk|0 fnt
|faint|p1a: Great Tusk
|-end|p1a: Great Tusk|Protosynthesis|[silent]
|
|upkeep
|
|t:|1757877048
|switch|p1a: Darkrai|Darkrai|56/100
|turn|51
|
|t:|1757877054
|switch|p2a: Iron Treads|Iron Treads|65/100
|-damage|p2a: Iron Treads|62/100|[from] Stealth Rock
|move|p1a: Darkrai|Ice Beam|p2a: Iron Treads
|-damage|p2a: Iron Treads|27/100
|
|upkeep
|turn|52
|
|t:|1757877057
|-end|p2a: Iron Treads|Quark Drive|[silent]
|switch|p2a: Garganacl|Garganacl, M, tera:Water|90/100
|-damage|p2a: Garganacl|78/100|[from] Stealth Rock
|move|p1a: Darkrai|Ice Beam|p2a: Garganacl
|-resisted|p2a: Garganacl
|-damage|p2a: Garganacl|61/100
|
|-heal|p2a: Garganacl|68/100|[from] item: Leftovers
|upkeep
|turn|53
|
|t:|1757877078
|switch|p1a: Alomomola|Alomomola, F|80/100 par
|move|p2a: Garganacl|Stealth Rock|p1a: Alomomola
|-sidestart|p1: blonded|move: Stealth Rock
|
|-heal|p2a: Garganacl|74/100|[from] item: Leftovers
|upkeep
|turn|54
|
|t:|1757877080
|move|p2a: Garganacl|Protect|p2a: Garganacl
|-singleturn|p2a: Garganacl|Protect
|move|p1a: Alomomola|Flip Turn|p2a: Garganacl
|-activate|p2a: Garganacl|move: Protect
|
|-heal|p2a: Garganacl|80/100|[from] item: Leftovers
|upkeep
|turn|55
|
|t:|1757877082
|move|p2a: Garganacl|Recover|p2a: Garganacl
|-heal|p2a: Garganacl|100/100
|move|p1a: Alomomola|Flip Turn|p2a: Garganacl
|-resisted|p2a: Garganacl
|-damage|p2a: Garganacl|95/100
|
|t:|1757877095
|switch|p1a: Amoonguss|Amoonguss, F|91/100|[from] Flip Turn
|-damage|p1a: Amoonguss|78/100|[from] Stealth Rock
|
|-heal|p2a: Garganacl|100/100|[from] item: Leftovers
|upkeep
|turn|56
|
|t:|1757877110
|switch|p2a: Slither Wing|Slither Wing|86/100
|move|p1a: Amoonguss|Foul Play|p2a: Slither Wing
|-resisted|p2a: Slither Wing
|-damage|p2a: Slither Wing|76/100
|
|upkeep
|turn|57
|
|t:|1757877119
|switch|p1a: Alomomola|Alomomola, F|100/100 par
|-damage|p1a: Alomomola|88/100 par|[from] Stealth Rock
|move|p2a: Slither Wing|U-turn|p1a: Alomomola
|-damage|p1a: Alomomola|63/100 par
|
|t:|1757877123
|-end|p2a: Slither Wing|Protosynthesis|[silent]
|switch|p2a: Zapdos|Zapdos|35/100|[from] U-turn
|
|upkeep
|turn|58
|
|t:|1757877129
|move|p2a: Zapdos|Roost|p2a: Zapdos
|-heal|p2a: Zapdos|85/100
|-singleturn|p2a: Zapdos|move: Roost
|cant|p1a: Alomomola|par
|
|upkeep
|turn|59
|
|t:|1757877136
|switch|p2a: Garganacl|Garganacl, M, tera:Water|100/100
|-damage|p2a: Garganacl|88/100|[from] Stealth Rock
|move|p1a: Alomomola|Flip Turn|p2a: Garganacl
|-resisted|p2a: Garganacl
|-damage|p2a: Garganacl|82/100
|
|t:|1757877149
|switch|p1a: Amoonguss|Amoonguss, F|100/100|[from] Flip Turn
|-damage|p1a: Amoonguss|88/100|[from] Stealth Rock
|
|-heal|p2a: Garganacl|89/100|[from] item: Leftovers
|upkeep
|turn|60
|
|t:|1757877152
|move|p2a: Garganacl|Protect|p2a: Garganacl
|-singleturn|p2a: Garganacl|Protect
|move|p1a: Amoonguss|Sludge Bomb|p2a: Garganacl
|-activate|p2a: Garganacl|move: Protect
|
|-heal|p2a: Garganacl|95/100|[from] item: Leftovers
|upkeep
|turn|61
|
|t:|1757877158
|move|p2a: Garganacl|Salt Cure|p1a: Amoonguss
|-damage|p1a: Amoonguss|78/100
|-start|p1a: Amoonguss|Salt Cure
|move|p1a: Amoonguss|Leaf Storm|p2a: Garganacl|[miss]
|-miss|p1a: Amoonguss|p2a: Garganacl
|
|-heal|p2a: Garganacl|100/100|[from] item: Leftovers
|-damage|p1a: Amoonguss|66/100|[from] Salt Cure
|upkeep
|turn|62
|
|t:|1757877164
|switch|p1a: Alomomola|Alomomola, F|97/100 par
|-damage|p1a: Alomomola|84/100 par|[from] Stealth Rock
|move|p2a: Garganacl|Salt Cure|p1a: Alomomola
|-damage|p1a: Alomomola|74/100 par
|-start|p1a: Alomomola|Salt Cure
|
|-damage|p1a: Alomomola|49/100 par|[from] Salt Cure
|upkeep
|turn|63
|
|t:|1757877167
|switch|p1a: Amoonguss|Amoonguss, F|99/100
|-damage|p1a: Amoonguss|87/100|[from] Stealth Rock
|move|p2a: Garganacl|Protect||[still]
|-fail|p2a: Garganacl
|
|upkeep
|turn|64
|
|t:|1757877178
|switch|p2a: Zapdos|Zapdos|85/100
|move|p1a: Amoonguss|Sludge Bomb|p2a: Zapdos
|-damage|p2a: Zapdos|61/100
|-status|p2a: Zapdos|psn
|
|-damage|p2a: Zapdos|49/100 psn|[from] psn
|upkeep
|turn|65
|
|t:|1757877187
|switch|p1a: Alomomola|Alomomola, F|82/100 par
|-damage|p1a: Alomomola|70/100 par|[from] Stealth Rock
|move|p2a: Zapdos|Roost|p2a: Zapdos
|-heal|p2a: Zapdos|99/100 psn
|-singleturn|p2a: Zapdos|move: Roost
|
|-damage|p2a: Zapdos|86/100 psn|[from] psn
|upkeep
|turn|66
|
|t:|1757877194
|switch|p2a: Garganacl|Garganacl, M, tera:Water|100/100
|-damage|p2a: Garganacl|88/100|[from] Stealth Rock
|move|p1a: Alomomola|Flip Turn|p2a: Garganacl
|-resisted|p2a: Garganacl
|-damage|p2a: Garganacl|83/100
|
|t:|1757877196
|switch|p1a: Amoonguss|Amoonguss, F|100/100|[from] Flip Turn
|-damage|p1a: Amoonguss|88/100|[from] Stealth Rock
|
|-heal|p2a: Garganacl|89/100|[from] item: Leftovers
|upkeep
|turn|67
|
|t:|1757877199
|move|p2a: Garganacl|Protect|p2a: Garganacl
|-singleturn|p2a: Garganacl|Protect
|move|p1a: Amoonguss|Sludge Bomb|p2a: Garganacl
|-activate|p2a: Garganacl|move: Protect
|
|-heal|p2a: Garganacl|95/100|[from] item: Leftovers
|upkeep
|turn|68
|
|t:|1757877201
|move|p2a: Garganacl|Salt Cure|p1a: Amoonguss
|-damage|p1a: Amoonguss|78/100
|-start|p1a: Amoonguss|Salt Cure
|move|p1a: Amoonguss|Sludge Bomb|p2a: Garganacl
|-damage|p2a: Garganacl|77/100
|
|-heal|p2a: Garganacl|83/100|[from] item: Leftovers
|-damage|p1a: Amoonguss|65/100|[from] Salt Cure
|upkeep
|turn|69
|
|t:|1757877206
|switch|p1a: Alomomola|Alomomola, F|100/100 par
|-damage|p1a: Alomomola|88/100 par|[from] Stealth Rock
|move|p2a: Garganacl|Salt Cure|p1a: Alomomola
|-damage|p1a: Alomomola|77/100 par
|-start|p1a: Alomomola|Salt Cure
|
|-heal|p2a: Garganacl|90/100|[from] item: Leftovers
|-damage|p1a: Alomomola|52/100 par|[from] Salt Cure
|upkeep
|turn|70
|
|t:|1757877208
|switch|p1a: Amoonguss|Amoonguss, F|98/100
|-damage|p1a: Amoonguss|86/100|[from] Stealth Rock
|move|p2a: Garganacl|Salt Cure|p1a: Amoonguss
|-damage|p1a: Amoonguss|75/100
|-start|p1a: Amoonguss|Salt Cure
|
|-heal|p2a: Garganacl|96/100|[from] item: Leftovers
|-damage|p1a: Amoonguss|63/100|[from] Salt Cure
|upkeep
|turn|71
|
|t:|1757877215
|move|p2a: Garganacl|Salt Cure|p1a: Amoonguss
|-damage|p1a: Amoonguss|52/100
|move|p1a: Amoonguss|Leaf Storm|p2a: Garganacl
|-supereffective|p2a: Garganacl
|-damage|p2a: Garganacl|38/100
|-unboost|p1a: Amoonguss|spa|2
|
|-heal|p2a: Garganacl|44/100|[from] item: Leftovers
|-damage|p1a: Amoonguss|40/100|[from] Salt Cure
|upkeep
|turn|72
|
|t:|1757877220
|switch|p1a: Alomomola|Alomomola, F|85/100 par
|-damage|p1a: Alomomola|73/100 par|[from] Stealth Rock
|move|p2a: Garganacl|Salt Cure|p1a: Alomomola
|-damage|p1a: Alomomola|63/100 par
|-start|p1a: Alomomola|Salt Cure
|
|-heal|p2a: Garganacl|50/100|[from] item: Leftovers
|-damage|p1a: Alomomola|38/100 par|[from] Salt Cure
|upkeep
|turn|73
|
|t:|1757877223
|switch|p1a: Amoonguss|Amoonguss, F|73/100
|-damage|p1a: Amoonguss|61/100|[from] Stealth Rock
|move|p2a: Garganacl|Protect||[still]
|-fail|p2a: Garganacl
|
|-heal|p2a: Garganacl|56/100|[from] item: Leftovers
|upkeep
|turn|74
|
|t:|1757877227
|switch|p1a: Alomomola|Alomomola, F|71/100 par
|-damage|p1a: Alomomola|59/100 par|[from] Stealth Rock
|move|p2a: Garganacl|Recover|p2a: Garganacl
|-heal|p2a: Garganacl|100/100
|
|upkeep
|turn|75
|
|t:|1757877234
|move|p2a: Garganacl|Salt Cure|p1a: Alomomola
|-damage|p1a: Alomomola|48/100 par
|-start|p1a: Alomomola|Salt Cure
|cant|p1a: Alomomola|par
|
|-damage|p1a: Alomomola|23/100 par|[from] Salt Cure
|upkeep
|turn|76
|inactive|blonded disconnected and has 300 seconds to reconnect!
|player|p1|
|inactive|blonded reconnected and has 280 seconds left.
|player|p1|blonded|lucas|
|
|t:|1757877263
|switch|p1a: Amoonguss|Amoonguss, F|94/100
|-damage|p1a: Amoonguss|81/100|[from] Stealth Rock
|move|p2a: Garganacl|Salt Cure|p1a: Amoonguss
|-damage|p1a: Amoonguss|70/100
|-start|p1a: Amoonguss|Salt Cure
|
|-damage|p1a: Amoonguss|58/100|[from] Salt Cure
|upkeep
|turn|77
|
|t:|1757877272
|switch|p2a: Zapdos|Zapdos|86/100 psn
|move|p1a: Amoonguss|Leaf Storm|p2a: Zapdos
|-resisted|p2a: Zapdos
|-damage|p2a: Zapdos|68/100 psn
|-unboost|p1a: Amoonguss|spa|2
|
|-damage|p2a: Zapdos|55/100 psn|[from] psn
|-damage|p1a: Amoonguss|46/100|[from] Salt Cure
|upkeep
|turn|78
|inactive|blonded has 270 seconds left.
|inactive|blonded has 240 seconds left.
|
|t:|1757877327
|move|p2a: Zapdos|Volt Switch|p1a: Amoonguss
|-resisted|p1a: Amoonguss
|-damage|p1a: Amoonguss|33/100
|
|t:|1757877331
|switch|p2a: Iron Treads|Iron Treads|27/100|[from] Volt Switch
|-damage|p2a: Iron Treads|24/100|[from] Stealth Rock
|move|p1a: Amoonguss|Toxic|p2a: Iron Treads
|-immune|p2a: Iron Treads
|
|-damage|p1a: Amoonguss|21/100|[from] Salt Cure
|upkeep
|turn|79
|inactive|blonded has 240 seconds left.
|
|t:|1757877347
|switch|p1a: Alomomola|Alomomola, F|56/100 par
|-damage|p1a: Alomomola|44/100 par|[from] Stealth Rock
|move|p2a: Iron Treads|Knock Off|p1a: Alomomola
|-damage|p1a: Alomomola|23/100 par
|-enditem|p1a: Alomomola|Assault Vest|[from] move: Knock Off|[of] p2a: Iron Treads
|
|upkeep
|turn|80
|
|t:|1757877349
|cant|p1a: Alomomola|par
|move|p2a: Iron Treads|Rapid Spin|p1a: Alomomola
|-damage|p1a: Alomomola|13/100 par
|-boost|p2a: Iron Treads|spe|1
|-sideend|p2: Dasmer03|Stealth Rock|[from] move: Rapid Spin|[of] p2a: Iron Treads
|
|upkeep
|turn|81
|
|t:|1757877366
|move|p2a: Iron Treads|Knock Off|p1a: Alomomola
|-damage|p1a: Alomomola|0 fnt
|faint|p1a: Alomomola
|
|upkeep
|inactive|blonded has 240 seconds left.
|
|t:|1757877387
|switch|p1a: Dragonite|Dragonite, F|100/100
|turn|82
|
|t:|1757877397
|-end|p2a: Iron Treads|Quark Drive|[silent]
|switch|p2a: Garganacl|Garganacl, M, tera:Water|100/100
|move|p1a: Dragonite|Dragon Dance|p1a: Dragonite
|-boost|p1a: Dragonite|atk|1
|-boost|p1a: Dragonite|spe|1
|
|upkeep
|turn|83
|
|t:|1757877406
|-terastallize|p1a: Dragonite|Normal
|move|p1a: Dragonite|Dragon Dance|p1a: Dragonite
|-boost|p1a: Dragonite|atk|1
|-boost|p1a: Dragonite|spe|1
|move|p2a: Garganacl|Salt Cure|p1a: Dragonite
|-damage|p1a: Dragonite|93/100
|-start|p1a: Dragonite|Salt Cure
|
|-damage|p1a: Dragonite|81/100|[from] Salt Cure
|upkeep
|turn|84
|
|t:|1757877414
|switch|p2a: Zapdos|Zapdos|55/100 psn
|move|p1a: Dragonite|Dragon Dance|p1a: Dragonite
|-boost|p1a: Dragonite|atk|1
|-boost|p1a: Dragonite|spe|1
|
|-damage|p2a: Zapdos|43/100 psn|[from] psn
|-damage|p1a: Dragonite|68/100|[from] Salt Cure
|upkeep
|turn|85
|
|t:|1757877422
|move|p1a: Dragonite|Extreme Speed|p2a: Zapdos
|-damage|p2a: Zapdos|0 fnt
|faint|p2a: Zapdos
|
|-damage|p1a: Dragonite|56/100|[from] Salt Cure
|upkeep
|
|t:|1757877446
|switch|p2a: Garganacl|Garganacl, M, tera:Water|100/100
|turn|86
|
|t:|1757877450
|move|p2a: Garganacl|Protect|p2a: Garganacl
|-singleturn|p2a: Garganacl|Protect
|move|p1a: Dragonite|Roost|p1a: Dragonite
|-heal|p1a: Dragonite|100/100
|
|-damage|p1a: Dragonite|88/100|[from] Salt Cure
|upkeep
|turn|87
|inactive|Dasmer03 has 270 seconds left.
|
|t:|1757877497
|move|p1a: Dragonite|Dragon Dance|p1a: Dragonite
|-boost|p1a: Dragonite|atk|1
|-boost|p1a: Dragonite|spe|1
|move|p2a: Garganacl|Salt Cure|p1a: Dragonite
|-damage|p1a: Dragonite|74/100
|
|-damage|p1a: Dragonite|61/100|[from] Salt Cure
|upkeep
|turn|88
|c|☆blonded|test
|inactive|Dasmer03 has 240 seconds left.
|
|t:|1757877549
|switch|p2a: Slither Wing|Slither Wing|76/100
|move|p1a: Dragonite|Roost|p1a: Dragonite
|-heal|p1a: Dragonite|100/100
|
|-damage|p1a: Dragonite|88/100|[from] Salt Cure
|upkeep
|turn|89
|
|t:|1757877559
|-end|p2a: Slither Wing|Protosynthesis|[silent]
|switch|p2a: Iron Treads|Iron Treads|24/100
|move|p1a: Dragonite|Extreme Speed|p2a: Iron Treads
|-resisted|p2a: Iron Treads
|-damage|p2a: Iron Treads|0 fnt
|faint|p2a: Iron Treads
|-end|p2a: Iron Treads|Quark Drive|[silent]
|
|-damage|p1a: Dragonite|76/100|[from] Salt Cure
|upkeep
|
|t:|1757877567
|switch|p2a: Slither Wing|Slither Wing|76/100
|turn|90
|
|t:|1757877572
|-end|p2a: Slither Wing|Protosynthesis|[silent]
|switch|p2a: Kyurem|Kyurem|100/100
|-ability|p2a: Kyurem|Pressure
|move|p1a: Dragonite|Extreme Speed|p2a: Kyurem
|-damage|p2a: Kyurem|0 fnt
|faint|p2a: Kyurem
|
|-damage|p1a: Dragonite|64/100|[from] Salt Cure
|upkeep
|c|☆Dasmer03|gg
|c|☆blonded|gg
|-message|Dasmer03 forfeited.
|
|win|blonded
