|j|☆mosfroth
|j|☆3idk
|t:|1757787413
|gametype|singles
|player|p1|mosfroth|bruno|1619
|player|p2|3idk|lusamine-masters|1666
|gen|9
|tier|[Gen 9] OU
|rated|
|rule|HP Percentage Mod: HP is shown in percentages
|rule|Endless Battle Clause: Forcing endless battles is banned
|rule|Species Clause: Limit one of each Pokémon
|rule|OHKO Clause: OHKO moves are banned
|rule|Evasion Items Clause: Evasion items are banned
|rule|Evasion Moves Clause: Evasion moves are banned
|rule|Evasion Abilities Clause: Evasion abilities are banned
|rule|Sleep Moves Clause: Sleep-inducing moves are banned
|clearpoke
|poke|p1|Blaziken, F|
|poke|p1|Dragonite, F|
|poke|p1|Darkrai|
|poke|p1|Primarina, M|
|poke|p1|Garganacl, F|
|poke|p1|Chesnaught, F|
|poke|p2|Tyranitar, F|
|poke|p2|Excadrill, F|
|poke|p2|Keldeo-Resolute|
|poke|p2|Tornadus-Therian, M|
|poke|p2|Heatran, M|
|poke|p2|Hydrapple, F|
|teampreview
|inactive|Battle timer is ON: inactive players will automatically lose when time's up. (requested by 3idk)
|j| 54 insane rats
|
|t:|1757787440
|teamsize|p1|6
|teamsize|p2|6
|start
|switch|p1a: Chesnaught|Chesnaught, F|100/100
|switch|p2a: Tornadus|Tornadus-Therian, M|100/100
|turn|1
|
|t:|1757787445
|switch|p1a: Primarina|Primarina, M|100/100
|move|p2a: Tornadus|Bleakwind Storm|p1a: Primarina
|-damage|p1a: Primarina|79/100
|-unboost|p1a: Primarina|spe|1
|
|upkeep
|turn|2
|
|t:|1757787449
|move|p2a: Tornadus|Bleakwind Storm|p1a: Primarina
|-damage|p1a: Primarina|57/100
|move|p1a: Primarina|Flip Turn|p2a: Tornadus
|-damage|p2a: Tornadus|86/100
|
|t:|1757787464
|switch|p1a: Garganacl|Garganacl, F|100/100|[from] Flip Turn
|
|upkeep
|turn|3
|
|t:|1757787474
|move|p2a: Tornadus|Taunt|p1a: Garganacl
|-start|p1a: Garganacl|move: Taunt
|move|p1a: Garganacl|Salt Cure|p2a: Tornadus
|-supereffective|p2a: Tornadus
|-damage|p2a: Tornadus|56/100
|-start|p2a: Tornadus|Salt Cure
|
|-damage|p2a: Tornadus|43/100|[from] Salt Cure
|upkeep
|turn|4
|
|t:|1757787479
|move|p2a: Tornadus|U-turn|p1a: Garganacl
|-damage|p1a: Garganacl|90/100
|
|t:|1757787483
|switch|p2a: Hydrapple|Hydrapple, F|100/100|[from] U-turn
|move|p1a: Garganacl|Salt Cure|p2a: Hydrapple
|-damage|p2a: Hydrapple|93/100
|-start|p2a: Hydrapple|Salt Cure
|
|-heal|p1a: Garganacl|97/100|[from] item: Leftovers
|-damage|p2a: Hydrapple|81/100|[from] Salt Cure
|upkeep
|turn|5
|
|t:|1757787503
|switch|p1a: Dragonite|Dragonite, F|100/100
|move|p2a: Hydrapple|Giga Drain|p1a: Dragonite
|-resisted|p1a: Dragonite
|-damage|p1a: Dragonite|97/100
|-heal|p2a: Hydrapple|82/100|[from] drain|[of] p1a: Dragonite
|
|-damage|p2a: Hydrapple|70/100|[from] Salt Cure
|upkeep
|turn|6
|
|t:|1757787516
|move|p1a: Dragonite|Encore|p2a: Hydrapple
|-start|p2a: Hydrapple|Encore
|move|p2a: Hydrapple|Giga Drain|p1a: Dragonite
|-resisted|p1a: Dragonite
|-damage|p1a: Dragonite|89/100
|-heal|p2a: Hydrapple|73/100|[from] drain|[of] p1a: Dragonite
|
|-damage|p2a: Hydrapple|60/100|[from] Salt Cure
|upkeep
|turn|7
|
|t:|1757787520
|switch|p2a: Tyranitar|Tyranitar, F|100/100
|-weather|Sandstorm|[from] ability: Sand Stream|[of] p2a: Tyranitar
|move|p1a: Dragonite|Dragon Dance|p1a: Dragonite
|-boost|p1a: Dragonite|atk|1
|-boost|p1a: Dragonite|spe|1
|
|-weather|Sandstorm|[upkeep]
|-damage|p1a: Dragonite|83/100|[from] Sandstorm
|upkeep
|turn|8
|
|t:|1757787529
|switch|p2a: Excadrill|Excadrill, F|100/100
|-item|p2a: Excadrill|Air Balloon
|move|p1a: Dragonite|Earthquake|p2a: Excadrill
|-immune|p2a: Excadrill
|
|-weather|Sandstorm|[upkeep]
|-damage|p1a: Dragonite|77/100|[from] Sandstorm
|upkeep
|turn|9
|
|t:|1757787535
|move|p2a: Excadrill|Iron Head|p1a: Dragonite
|-damage|p1a: Dragonite|28/100
|move|p1a: Dragonite|Tera Blast|p2a: Excadrill
|-resisted|p2a: Excadrill
|-damage|p2a: Excadrill|91/100
|-enditem|p2a: Excadrill|Air Balloon
|
|-weather|Sandstorm|[upkeep]
|-damage|p1a: Dragonite|22/100|[from] Sandstorm
|upkeep
|turn|10
|
|t:|1757787542
|switch|p1a: Chesnaught|Chesnaught, F|100/100
|move|p2a: Excadrill|Iron Head|p1a: Chesnaught
|-damage|p1a: Chesnaught|75/100
|-damage|p2a: Excadrill|74/100|[from] item: Rocky Helmet|[of] p1a: Chesnaught
|
|-weather|Sandstorm|[upkeep]
|-damage|p1a: Chesnaught|69/100|[from] Sandstorm
|upkeep
|turn|11
|j| LifeIsALieee
|
|t:|1757787550
|switch|p2a: Tornadus|Tornadus-Therian, M|76/100
|move|p1a: Chesnaught|Body Press|p2a: Tornadus
|-resisted|p2a: Tornadus
|-damage|p2a: Tornadus|53/100
|
|-weather|none
|upkeep
|turn|12
|
|t:|1757787558
|switch|p1a: Dragonite|Dragonite, F|22/100
|move|p2a: Tornadus|U-turn|p1a: Dragonite
|-resisted|p1a: Dragonite
|-damage|p1a: Dragonite|14/100
|
|t:|1757787563
|switch|p2a: Tyranitar|Tyranitar, F|100/100|[from] U-turn
|-weather|Sandstorm|[from] ability: Sand Stream|[of] p2a: Tyranitar
|
|-weather|Sandstorm|[upkeep]
|-damage|p1a: Dragonite|8/100|[from] Sandstorm
|upkeep
|turn|13
|
|t:|1757787573
|switch|p2a: Tornadus|Tornadus-Therian, M|86/100
|move|p1a: Dragonite|Earthquake|p2a: Tornadus
|-immune|p2a: Tornadus
|
|-weather|Sandstorm|[upkeep]
|-damage|p2a: Tornadus|80/100|[from] Sandstorm
|-damage|p1a: Dragonite|2/100|[from] Sandstorm
|upkeep
|turn|14
|j| wgw2333
|
|t:|1757787584
|move|p2a: Tornadus|U-turn|p1a: Dragonite
|-resisted|p1a: Dragonite
|-crit|p1a: Dragonite
|-damage|p1a: Dragonite|0 fnt
|faint|p1a: Dragonite
|
|t:|1757787592
|switch|p2a: Hydrapple|Hydrapple, F|94/100|[from] U-turn
|
|-weather|Sandstorm|[upkeep]
|-damage|p2a: Hydrapple|88/100|[from] Sandstorm
|upkeep
|l| wgw2333
|
|t:|1757787609
|switch|p1a: Primarina|Primarina, M|57/100
|turn|15
|
|t:|1757787617
|-terastallize|p2a: Hydrapple|Fairy
|move|p1a: Primarina|Moonblast|p2a: Hydrapple
|-damage|p2a: Hydrapple|34/100
|-unboost|p2a: Hydrapple|spa|1
|move|p2a: Hydrapple|Giga Drain|p1a: Primarina
|-supereffective|p1a: Primarina
|-damage|p1a: Primarina|32/100
|-heal|p2a: Hydrapple|43/100|[from] drain|[of] p1a: Primarina
|
|-weather|Sandstorm|[upkeep]
|-damage|p1a: Primarina|26/100|[from] Sandstorm
|-damage|p2a: Hydrapple|37/100|[from] Sandstorm
|upkeep
|turn|16
|
|t:|1757787626
|switch|p2a: Tornadus|Tornadus-Therian, M|100/100
|move|p1a: Primarina|Moonblast|p2a: Tornadus
|-damage|p2a: Tornadus|47/100
|
|-weather|none
|upkeep
|turn|17
|
|t:|1757787638
|move|p2a: Tornadus|Bleakwind Storm|p1a: Primarina
|-damage|p1a: Primarina|0 fnt
|faint|p1a: Primarina
|
|upkeep
|
|t:|1757787653
|switch|p1a: Blaziken|Blaziken, F|100/100
|turn|18
|j| Huytggt
|
|t:|1757787665
|switch|p2a: Hydrapple|Hydrapple, F, tera:Fairy|71/100
|move|p1a: Blaziken|Protect||[still]
|-fail|p1a: Blaziken
|
|-ability|p1a: Blaziken|Speed Boost|boost
|-boost|p1a: Blaziken|spe|1
|upkeep
|turn|19
|
|t:|1757787671
|move|p1a: Blaziken|Swords Dance|p1a: Blaziken
|-boost|p1a: Blaziken|atk|2
|move|p2a: Hydrapple|Earth Power|p1a: Blaziken
|-supereffective|p1a: Blaziken
|-damage|p1a: Blaziken|25/100
|
|-ability|p1a: Blaziken|Speed Boost|boost
|-boost|p1a: Blaziken|spe|1
|upkeep
|turn|20
|
|t:|1757787687
|switch|p2a: Tyranitar|Tyranitar, F|100/100
|-weather|Sandstorm|[from] ability: Sand Stream|[of] p2a: Tyranitar
|move|p1a: Blaziken|Protect||[still]
|-fail|p1a: Blaziken
|
|-weather|Sandstorm|[upkeep]
|-damage|p1a: Blaziken|19/100|[from] Sandstorm
|-ability|p1a: Blaziken|Speed Boost|boost
|-boost|p1a: Blaziken|spe|1
|upkeep
|turn|21
|
|t:|1757787694
|switch|p2a: Hydrapple|Hydrapple, F, tera:Fairy|100/100
|move|p1a: Blaziken|Close Combat|p2a: Hydrapple
|-resisted|p2a: Hydrapple
|-damage|p2a: Hydrapple|50/100
|-unboost|p1a: Blaziken|def|1
|-unboost|p1a: Blaziken|spd|1
|-damage|p1a: Blaziken|3/100|[from] item: Rocky Helmet|[of] p2a: Hydrapple
|-damage|p1a: Blaziken|0 fnt|[from] item: Life Orb
|faint|p1a: Blaziken
|
|-weather|Sandstorm|[upkeep]
|-damage|p2a: Hydrapple|43/100|[from] Sandstorm
|upkeep
|
|t:|1757787700
|switch|p1a: Darkrai|Darkrai|100/100
|turn|22
|
|t:|1757787717
|switch|p2a: Heatran|Heatran, M|100/100
|move|p1a: Darkrai|Ice Beam|p2a: Heatran
|-resisted|p2a: Heatran
|-damage|p2a: Heatran|94/100
|
|-weather|Sandstorm|[upkeep]
|-damage|p1a: Darkrai|94/100|[from] Sandstorm
|-heal|p2a: Heatran|99/100|[from] item: Leftovers
|upkeep
|turn|23
|-message|mosfroth forfeited.
|
|win|3idk
|raw|mosfroth's rating: 1619 &rarr; <strong>1602</strong><br />(-17 for losing)
|raw|3idk's rating: 1666 &rarr; <strong>1683</strong><br />(+17 for winning)
|l|☆mosfroth
|player|p1|
|l| LifeIsALieee
|l|☆3idk
|player|p2|
