|j|☆LVL62Monoco
|j|☆brutalshaman
|t:|1757952416
|gametype|singles
|player|p1|LVL62Monoco|265|1475
|player|p2|brutalshaman|blackbelt-gen4dp|1448
|gen|9
|tier|[Gen 9] OU
|rated|
|rule|HP Percentage Mod: HP is shown in percentages
|rule|Endless Battle Clause: Forcing endless battles is banned
|rule|Species Clause: Limit one of each Pokémon
|rule|OHKO Clause: OHKO moves are banned
|rule|Evasion Items Clause: Evasion items are banned
|rule|Evasion Moves Clause: Evasion moves are banned
|rule|Evasion Abilities Clause: Evasion abilities are banned
|rule|Sleep Moves Clause: Sleep-inducing moves are banned
|clearpoke
|poke|p1|Rillaboom, F|
|poke|p1|Hawlucha, M|
|poke|p1|Feraligatr, F|
|poke|p1|Slowbro-Galar, F|
|poke|p1|Glimmora, F|
|poke|p1|Mew|
|poke|p2|Ninetales-Alola, F|
|poke|p2|Beartic, F|
|poke|p2|Kyurem|
|poke|p2|Moltres|
|poke|p2|Sandslash-Alola, F|
|poke|p2|Slowking-Galar, M|
|teampreview
|inactive|Battle timer is ON: inactive players will automatically lose when time's up. (requested by LVL62Monoco)
|
|t:|1757952458
|teamsize|p1|6
|teamsize|p2|6
|start
|switch|p1a: Glimmora|Glimmora, F|100/100
|switch|p2a: Slowking|Slowking-Galar, M|100/100
|turn|1
|
|t:|1757952468
|move|p1a: Glimmora|Meteor Beam||[still]
|-prepare|p1a: Glimmora|Meteor Beam
|-boost|p1a: Glimmora|spa|1
|-enditem|p1a: Glimmora|Power Herb
|-anim|p1a: Glimmora|Meteor Beam|p2a: Slowking
|-damage|p2a: Slowking|39/100
|-prepare|p2a: Slowking|Chilly Reception|[premajor]
|move|p2a: Slowking|Chilly Reception|p2a: Slowking
|-weather|Snowscape
|
|t:|1757952478
|switch|p2a: Sandslash|Sandslash-Alola, F|100/100|[from] Chilly Reception
|
|-weather|Snowscape|[upkeep]
|upkeep
|turn|2
|inactive|LVL62Monoco has 120 seconds left.
|
|t:|1757952510
|move|p2a: Sandslash|Triple Axel|p1a: Glimmora
|-damage|p1a: Glimmora|89/100
|-activate|p1a: Glimmora|ability: Toxic Debris
|-sidestart|p2: brutalshaman|move: Toxic Spikes
|-damage|p1a: Glimmora|65/100
|-activate|p1a: Glimmora|ability: Toxic Debris
|-sidestart|p2: brutalshaman|move: Toxic Spikes
|-damage|p1a: Glimmora|33/100
|-hitcount|p1a: Glimmora|3
|move|p1a: Glimmora|Power Gem|p2a: Sandslash
|-damage|p2a: Sandslash|0 fnt
|faint|p2a: Sandslash
|
|-weather|Snowscape|[upkeep]
|upkeep
|
|t:|1757952513
|switch|p2a: Slowking|Slowking-Galar, M|73/100
|-sideend|p2: brutalshaman|move: Toxic Spikes|[of] p2a: Slowking
|turn|3
|
|t:|1757952530
|switch|p2a: Kyurem|Kyurem|100/100
|-ability|p2a: Kyurem|Pressure
|move|p1a: Glimmora|Power Gem|p2a: Kyurem
|-supereffective|p2a: Kyurem
|-damage|p2a: Kyurem|0 fnt
|faint|p2a: Kyurem
|
|-weather|Snowscape|[upkeep]
|upkeep
|
|t:|1757952531
|switch|p2a: Beartic|Beartic, F|100/100
|turn|4
|
|t:|1757952542
|move|p2a: Beartic|Icicle Spear|p1a: Glimmora
|-damage|p1a: Glimmora|16/100
|-activate|p1a: Glimmora|ability: Toxic Debris
|-sidestart|p2: brutalshaman|move: Toxic Spikes
|-damage|p1a: Glimmora|0 fnt
|-activate|p1a: Glimmora|ability: Toxic Debris
|-sidestart|p2: brutalshaman|move: Toxic Spikes
|faint|p1a: Glimmora
|-hitcount|p1: Glimmora|2
|
|-weather|Snowscape|[upkeep]
|upkeep
|inactive|LVL62Monoco has 120 seconds left.
|
|t:|1757952557
|switch|p1a: Feraligatr|Feraligatr, F|100/100
|turn|5
|
|t:|1757952564
|switch|p2a: Slowking|Slowking-Galar, M|100/100
|-sideend|p2: brutalshaman|move: Toxic Spikes|[of] p2a: Slowking
|move|p1a: Feraligatr|Liquidation|p2a: Slowking
|-damage|p2a: Slowking|36/100
|
|-weather|Snowscape|[upkeep]
|upkeep
|turn|6
|
|t:|1757952571
|switch|p2a: Ninetales|Ninetales-Alola, F|100/100
|move|p1a: Feraligatr|Liquidation|p2a: Ninetales
|-damage|p2a: Ninetales|35/100
|
|-weather|Snowscape|[upkeep]
|upkeep
|turn|7
|
|t:|1757952590
|move|p1a: Feraligatr|Aqua Jet|p2a: Ninetales
|-damage|p2a: Ninetales|11/100
|-damage|p1a: Feraligatr|91/100|[from] item: Life Orb
|move|p2a: Ninetales|Aurora Veil|p2a: Ninetales
|-sidestart|p2: brutalshaman|move: Aurora Veil
|
|-weather|Snowscape|[upkeep]
|upkeep
|turn|8
|
|t:|1757952606
|move|p2a: Ninetales|Freeze-Dry|p1a: Feraligatr
|-supereffective|p1a: Feraligatr
|-damage|p1a: Feraligatr|19/100
|move|p1a: Feraligatr|Dragon Dance|p1a: Feraligatr
|-boost|p1a: Feraligatr|atk|1
|-boost|p1a: Feraligatr|spe|1
|
|-weather|none
|upkeep
|turn|9
|
|t:|1757952618
|switch|p2a: Slowking|Slowking-Galar, M|70/100
|move|p1a: Feraligatr|Liquidation|p2a: Slowking
|-damage|p2a: Slowking|23/100
|
|upkeep
|turn|10
|
|t:|1757952624
|switch|p2a: Ninetales|Ninetales-Alola, F|11/100
|-weather|Snowscape|[from] ability: Snow Warning|[of] p2a: Ninetales
|move|p1a: Feraligatr|Liquidation|p2a: Ninetales
|-damage|p2a: Ninetales|0 fnt
|faint|p2a: Ninetales
|
|-weather|Snowscape|[upkeep]
|upkeep
|
|t:|1757952628
|switch|p2a: Beartic|Beartic, F|100/100
|turn|11
|
|t:|1757952647
|move|p1a: Feraligatr|Aqua Jet|p2a: Beartic
|-damage|p2a: Beartic|85/100
|-damage|p1a: Feraligatr|9/100|[from] item: Life Orb
|move|p2a: Beartic|Icicle Spear|p1a: Feraligatr
|-resisted|p1a: Feraligatr
|-crit|p1a: Feraligatr
|-damage|p1a: Feraligatr|0 fnt
|faint|p1a: Feraligatr
|-hitcount|p1: Feraligatr|1
|
|-weather|Snowscape|[upkeep]
|upkeep
|
|t:|1757952670
|switch|p1a: Slowbro|Slowbro-Galar, F, shiny|100/100
|turn|12
|-activate|p1a: Slowbro|ability: Quick Draw
|
|t:|1757952677
|-terastallize|p1a: Slowbro|Fire
|move|p1a: Slowbro|Flamethrower|p2a: Beartic
|-supereffective|p2a: Beartic
|-damage|p2a: Beartic|36/100
|move|p2a: Beartic|Swords Dance|p2a: Beartic
|-boost|p2a: Beartic|atk|2
|
|-weather|Snowscape|[upkeep]
|upkeep
|turn|13
|
|t:|1757952687
|move|p2a: Beartic|Liquidation|p1a: Slowbro
|-supereffective|p1a: Slowbro
|-damage|p1a: Slowbro|0 fnt
|faint|p1a: Slowbro
|
|-weather|Snowscape|[upkeep]
|upkeep
|
|t:|1757952697
|switch|p1a: Rillaboom|Rillaboom, F, shiny|100/100
|-fieldstart|move: Grassy Terrain|[from] ability: Grassy Surge|[of] p1a: Rillaboom
|turn|14
|
|t:|1757952701
|move|p1a: Rillaboom|Fake Out|p2a: Beartic
|-damage|p2a: Beartic|30/100
|cant|p2a: Beartic|flinch
|
|-weather|none
|-heal|p2a: Beartic|36/100|[from] Grassy Terrain
|-sideend|p2: brutalshaman|move: Aurora Veil
|upkeep
|turn|15
|
|t:|1757952711
|switch|p2a: Moltres|Moltres|100/100
|move|p1a: Rillaboom|Grassy Glide|p2a: Moltres
|-resisted|p2a: Moltres
|-damage|p2a: Moltres|90/100
|
|upkeep
|turn|16
|
|t:|1757952719
|move|p2a: Moltres|U-turn|p1a: Rillaboom
|-supereffective|p1a: Rillaboom
|-damage|p1a: Rillaboom|70/100
|
|t:|1757952720
|switch|p2a: Slowking|Slowking-Galar, M|56/100|[from] U-turn
|move|p1a: Rillaboom|U-turn|p2a: Slowking
|-damage|p2a: Slowking|31/100
|
|t:|1757952726
|switch|p1a: Hawlucha|Hawlucha, M, shiny|100/100|[from] U-turn
|-enditem|p1a: Hawlucha|Grassy Seed
|-boost|p1a: Hawlucha|def|1|[from] item: Grassy Seed
|
|-heal|p2a: Slowking|37/100|[from] Grassy Terrain
|upkeep
|turn|17
|
|t:|1757952739
|move|p1a: Hawlucha|Swords Dance|p1a: Hawlucha
|-boost|p1a: Hawlucha|atk|2
|move|p2a: Slowking|Thunder Wave|p1a: Hawlucha
|-status|p1a: Hawlucha|par
|
|-heal|p2a: Slowking|43/100|[from] Grassy Terrain
|upkeep
|turn|18
|
|t:|1757952748
|switch|p2a: Moltres|Moltres|90/100
|move|p1a: Hawlucha|Acrobatics|p2a: Moltres
|-damage|p2a: Moltres|0 fnt
|faint|p2a: Moltres
|
|-fieldend|move: Grassy Terrain
|upkeep
|
|t:|1757952751
|switch|p2a: Slowking|Slowking-Galar, M|76/100
|turn|19
|
|t:|1757952757
|move|p1a: Hawlucha|Acrobatics|p2a: Slowking
|-damage|p2a: Slowking|0 fnt
|faint|p2a: Slowking
|
|upkeep
|
|t:|1757952758
|switch|p2a: Beartic|Beartic, F|36/100
|turn|20
|
|t:|1757952762
|cant|p1a: Hawlucha|par
|move|p2a: Beartic|Icicle Spear|p1a: Hawlucha
|-supereffective|p1a: Hawlucha
|-damage|p1a: Hawlucha|76/100 par
|-supereffective|p1a: Hawlucha
|-damage|p1a: Hawlucha|49/100 par
|-supereffective|p1a: Hawlucha
|-damage|p1a: Hawlucha|23/100 par
|-supereffective|p1a: Hawlucha
|-damage|p1a: Hawlucha|0 fnt
|faint|p1a: Hawlucha
|-hitcount|p1: Hawlucha|4
|
|upkeep
|
|t:|1757952776
|switch|p1a: Mew|Mew, shiny|100/100
|turn|21
|
|t:|1757952783
|move|p1a: Mew|Dark Pulse|p2a: Beartic
|-damage|p2a: Beartic|9/100
|move|p2a: Beartic|Icicle Spear|p1a: Mew
|-damage|p1a: Mew|90/100
|-damage|p1a: Mew|78/100
|-damage|p1a: Mew|68/100
|-damage|p1a: Mew|57/100
|-damage|p1a: Mew|46/100
|-hitcount|p1a: Mew|5
|
|upkeep
|turn|22
|
|t:|1757952793
|move|p1a: Mew|Dark Pulse|p2a: Beartic
|-damage|p2a: Beartic|0 fnt
|faint|p2a: Beartic
|
|win|LVL62Monoco
|raw|LVL62Monoco's rating: 1475 &rarr; <strong>1493</strong><br />(+18 for winning)
|raw|brutalshaman's rating: 1448 &rarr; <strong>1430</strong><br />(-18 for losing)
|l|☆LVL62Monoco
|player|p1|
|l|☆brutalshaman
|player|p2|
