|j|☆Palafinnieon
|j|☆Joao v9898
|t:|1757948708
|gametype|singles
|player|p1|Palafinnieon|grimsley|1574
|player|p2|Joao v9898|lucas|1577
|gen|9
|tier|[Gen 9] OU
|rated|
|rule|HP Percentage Mod: HP is shown in percentages
|rule|Endless Battle Clause: Forcing endless battles is banned
|rule|Species Clause: Limit one of each Pokémon
|rule|OHKO Clause: OHKO moves are banned
|rule|Evasion Items Clause: Evasion items are banned
|rule|Evasion Moves Clause: Evasion moves are banned
|rule|Evasion Abilities Clause: Evasion abilities are banned
|rule|Sleep Moves Clause: Sleep-inducing moves are banned
|clearpoke
|poke|p1|Smeargle, F|
|poke|p1|Cinderace, F|
|poke|p1|Zapdos-Galar|
|poke|p1|Gholdengo|
|poke|p1|Polteageist|
|poke|p1|Toxtricity, M|
|poke|p2|Slowking-Galar, M|
|poke|p2|Kyurem|
|poke|p2|Great Tusk|
|poke|p2|Samurott-Hisui, M|
|poke|p2|Landorus-Therian, M|
|poke|p2|Kingambit, M|
|teampreview
|inactive|Battle timer is ON: inactive players will automatically lose when time's up. (requested by Joao v9898)
|
|t:|1757948717
|teamsize|p1|6
|teamsize|p2|6
|start
|switch|p1a: Smeargle|Smeargle, F|100/100
|switch|p2a: Samurott|Samurott-Hisui, M|100/100
|turn|1
|
|t:|1757948720
|move|p1a: Smeargle|Sticky Web|p2a: Samurott
|-sidestart|p2: Joao v9898|move: Sticky Web
|move|p2a: Samurott|Ceaseless Edge|p1a: Smeargle
|-crit|p1a: Smeargle
|-enditem|p1a: Smeargle|Focus Sash
|-damage|p1a: Smeargle|1/100
|-sidestart|p1: Palafinnieon|Spikes
|
|upkeep
|turn|2
|j| Dionysos
|
|t:|1757948725
|move|p1a: Smeargle|Mortal Spin|p2a: Samurott
|-damage|p2a: Samurott|98/100
|-status|p2a: Samurott|psn
|-sideend|p1: Palafinnieon|Spikes|[from] move: Mortal Spin|[of] p1a: Smeargle
|move|p2a: Samurott|Ceaseless Edge|p1a: Smeargle
|-damage|p1a: Smeargle|0 fnt
|-sidestart|p1: Palafinnieon|Spikes
|faint|p1a: Smeargle
|
|-damage|p2a: Samurott|86/100 psn|[from] psn
|upkeep
|
|t:|1757948729
|switch|p1a: Zapdos|Zapdos-Galar|100/100
|turn|3
|
|t:|1757948733
|move|p1a: Zapdos|Bulk Up|p1a: Zapdos
|-boost|p1a: Zapdos|atk|1
|-boost|p1a: Zapdos|def|1
|move|p2a: Samurott|Razor Shell|p1a: Zapdos
|-damage|p1a: Zapdos|63/100
|
|-damage|p2a: Samurott|73/100 psn|[from] psn
|upkeep
|turn|4
|
|t:|1757948737
|switch|p2a: Landorus|Landorus-Therian, M|100/100
|-ability|p2a: Landorus|Intimidate|boost
|-unboost|p1a: Zapdos|atk|1
|-ability|p1a: Zapdos|Defiant|boost
|-boost|p1a: Zapdos|atk|2
|move|p1a: Zapdos|Thunderous Kick|p2a: Landorus
|-resisted|p2a: Landorus
|-damage|p2a: Landorus|49/100
|-unboost|p2a: Landorus|def|1
|
|upkeep
|turn|5
|c|☆Joao v9898|FUCK
|
|t:|1757948753
|move|p2a: Landorus|Stone Edge|p1a: Zapdos
|-crit|p1a: Zapdos
|-damage|p1a: Zapdos|0 fnt
|faint|p1a: Zapdos
|
|upkeep
|
|t:|1757948771
|switch|p1a: Polteageist|Polteageist|100/100
|-damage|p1a: Polteageist|88/100|[from] Spikes
|turn|6
|
|t:|1757948775
|move|p2a: Landorus|Stone Edge|p1a: Polteageist
|-crit|p1a: Polteageist
|-damage|p1a: Polteageist|25/100
|move|p1a: Polteageist|Strength Sap|p2a: Landorus
|-unboost|p2a: Landorus|atk|1
|-heal|p1a: Polteageist|100/100
|
|upkeep
|turn|7
|
|t:|1757948782
|switch|p2a: Samurott|Samurott-Hisui, M|73/100 psn
|-activate|p2a: Samurott|move: Sticky Web
|-unboost|p2a: Samurott|spe|1
|move|p1a: Polteageist|Shell Smash|p1a: Polteageist
|-unboost|p1a: Polteageist|def|1
|-unboost|p1a: Polteageist|spd|1
|-boost|p1a: Polteageist|atk|2
|-boost|p1a: Polteageist|spa|2
|-boost|p1a: Polteageist|spe|2
|-enditem|p1a: Polteageist|White Herb
|-clearnegativeboost|p1a: Polteageist|[silent]
|
|-damage|p2a: Samurott|61/100 psn|[from] psn
|upkeep
|turn|8
|
|t:|1757948788
|-terastallize|p1a: Polteageist|Fighting
|move|p1a: Polteageist|Shadow Ball|p2a: Samurott
|-resisted|p2a: Samurott
|-damage|p2a: Samurott|38/100 psn
|move|p2a: Samurott|Ceaseless Edge|p1a: Polteageist
|-resisted|p1a: Polteageist
|-damage|p1a: Polteageist|76/100
|-sidestart|p1: Palafinnieon|Spikes
|
|-damage|p2a: Samurott|25/100 psn|[from] psn
|upkeep
|turn|9
|
|t:|1757948795
|move|p1a: Polteageist|Strength Sap|p2a: Samurott
|-unboost|p2a: Samurott|atk|1
|-heal|p1a: Polteageist|100/100
|move|p2a: Samurott|Razor Shell|p1a: Polteageist
|-damage|p1a: Polteageist|65/100
|
|-damage|p2a: Samurott|13/100 psn|[from] psn
|upkeep
|turn|10
|
|t:|1757948798
|move|p1a: Polteageist|Strength Sap|p2a: Samurott
|-unboost|p2a: Samurott|atk|1
|-heal|p1a: Polteageist|100/100
|move|p2a: Samurott|Razor Shell|p1a: Polteageist|[miss]
|-miss|p2a: Samurott|p1a: Polteageist
|
|-damage|p2a: Samurott|0 fnt|[from] psn
|faint|p2a: Samurott
|upkeep
|
|t:|1757948808
|switch|p2a: Slowking|Slowking-Galar, M|100/100
|-activate|p2a: Slowking|move: Sticky Web
|-unboost|p2a: Slowking|spe|1
|turn|11
|
|t:|1757948811
|move|p1a: Polteageist|Shadow Ball|p2a: Slowking
|-supereffective|p2a: Slowking
|-damage|p2a: Slowking|16/100
|move|p2a: Slowking|Future Sight|p1a: Polteageist
|-start|p2a: Slowking|move: Future Sight
|
|-heal|p2a: Slowking|22/100|[from] item: Black Sludge
|upkeep
|turn|12
|
|t:|1757948816
|switch|p2a: Mahoraga|Kingambit, M, shiny|100/100
|-activate|p2a: Mahoraga|move: Sticky Web
|-unboost|p2a: Mahoraga|spe|1
|-activate|p2a: Mahoraga|ability: Supreme Overlord
|-start|p2a: Mahoraga|fallen1|[silent]
|move|p1a: Polteageist|Shadow Ball|p2a: Mahoraga
|-resisted|p2a: Mahoraga
|-damage|p2a: Mahoraga|65/100
|
|-heal|p2a: Mahoraga|71/100|[from] item: Leftovers
|upkeep
|turn|13
|
|t:|1757948821
|move|p1a: Polteageist|Shadow Ball|p2a: Mahoraga
|-resisted|p2a: Mahoraga
|-damage|p2a: Mahoraga|35/100
|move|p2a: Mahoraga|Swords Dance|p2a: Mahoraga
|-boost|p2a: Mahoraga|atk|2
|
|-end|p1a: Polteageist|move: Future Sight
|-supereffective|p1a: Polteageist
|-damage|p1a: Polteageist|11/100
|-heal|p2a: Mahoraga|41/100|[from] item: Leftovers
|upkeep
|turn|14
|
|t:|1757948830
|move|p1a: Polteageist|Strength Sap|p2a: Mahoraga
|-unboost|p2a: Mahoraga|atk|1
|-heal|p1a: Polteageist|100/100
|move|p2a: Mahoraga|Iron Head|p1a: Polteageist
|-crit|p1a: Polteageist
|-damage|p1a: Polteageist|0 fnt
|faint|p1a: Polteageist
|
|-heal|p2a: Mahoraga|48/100|[from] item: Leftovers
|upkeep
|
|t:|1757948837
|switch|p1a: Cinderace|Cinderace, F|100/100
|-damage|p1a: Cinderace|84/100|[from] Spikes
|turn|15
|
|t:|1757948841
|move|p1a: Cinderace|Sucker Punch|p2a: Mahoraga
|-start|p1a: Cinderace|typechange|Dark|[from] ability: Libero
|-resisted|p2a: Mahoraga
|-damage|p2a: Mahoraga|36/100
|move|p2a: Mahoraga|Sucker Punch||[still]
|-fail|p2a: Mahoraga
|
|-heal|p2a: Mahoraga|42/100|[from] item: Leftovers
|upkeep
|turn|16
|
|t:|1757948846
|move|p2a: Mahoraga|Sucker Punch|p1a: Cinderace
|-resisted|p1a: Cinderace
|-damage|p1a: Cinderace|37/100
|move|p1a: Cinderace|Pyro Ball|p2a: Mahoraga
|-supereffective|p2a: Mahoraga
|-damage|p2a: Mahoraga|0 fnt
|faint|p2a: Mahoraga
|-end|p2a: Mahoraga|fallen1|[silent]
|
|upkeep
|
|t:|1757948850
|switch|p2a: Great Tusk|Great Tusk|100/100
|-activate|p2a: Great Tusk|move: Sticky Web
|-unboost|p2a: Great Tusk|spe|1
|turn|17
|
|t:|1757948853
|switch|p1a: Gholdengo|Gholdengo|100/100
|-item|p1a: Gholdengo|Air Balloon
|move|p2a: Great Tusk|Rapid Spin|p1a: Gholdengo
|-immune|p1a: Gholdengo
|
|upkeep
|turn|18
|
|t:|1757948856
|-end|p2a: Great Tusk|Protosynthesis|[silent]
|switch|p2a: Slowking|Slowking-Galar, M|56/100
|-activate|p2a: Slowking|move: Sticky Web
|-unboost|p2a: Slowking|spe|1
|move|p1a: Gholdengo|Dazzling Gleam|p2a: Slowking
|-resisted|p2a: Slowking
|-damage|p2a: Slowking|46/100
|
|-heal|p2a: Slowking|53/100|[from] item: Black Sludge
|upkeep
|turn|19
|
|t:|1757948861
|move|p1a: Gholdengo|Shadow Ball|p2a: Slowking
|-supereffective|p2a: Slowking
|-damage|p2a: Slowking|2/100
|-prepare|p2a: Slowking|Chilly Reception|[premajor]
|move|p2a: Slowking|Chilly Reception|p2a: Slowking
|-weather|Snowscape
|
|t:|1757948866
|switch|p2a: Landorus|Landorus-Therian, M|49/100|[from] Chilly Reception
|-ability|p2a: Landorus|Intimidate|boost
|-unboost|p1a: Gholdengo|atk|1
|
|-weather|Snowscape|[upkeep]
|upkeep
|turn|20
|
|t:|1757948870
|move|p2a: Landorus|U-turn|p1a: Gholdengo
|-resisted|p1a: Gholdengo
|-damage|p1a: Gholdengo|93/100
|-enditem|p1a: Gholdengo|Air Balloon
|
|t:|1757948877
|switch|p2a: Slowking|Slowking-Galar, M|35/100|[from] U-turn
|-activate|p2a: Slowking|move: Sticky Web
|-unboost|p2a: Slowking|spe|1
|move|p1a: Gholdengo|Shadow Ball|p2a: Slowking
|-supereffective|p2a: Slowking
|-damage|p2a: Slowking|0 fnt
|faint|p2a: Slowking
|
|-weather|Snowscape|[upkeep]
|upkeep
|
|t:|1757948881
|switch|p2a: Landorus|Landorus-Therian, M|49/100
|-ability|p2a: Landorus|Intimidate|boost
|-unboost|p1a: Gholdengo|atk|1
|turn|21
|
|t:|1757948886
|-terastallize|p2a: Landorus|Ground
|move|p2a: Landorus|Earthquake|p1a: Gholdengo
|-supereffective|p1a: Gholdengo
|-damage|p1a: Gholdengo|0 fnt
|faint|p1a: Gholdengo
|
|-weather|Snowscape|[upkeep]
|upkeep
|-message|Palafinnieon forfeited.
|
|win|Joao v9898
|raw|Palafinnieon's rating: 1574 &rarr; <strong>1554</strong><br />(-20 for losing)
|raw|Joao v9898's rating: 1577 &rarr; <strong>1597</strong><br />(+20 for winning)
|c|☆Joao v9898|Lol
|c|☆Joao v9898|Easy
|l|☆Palafinnieon
|player|p1|
|l|☆Joao v9898
|player|p2|
|l| Dionysos
