|j|☆huaijingyou
|j|☆evin
|t:|1757838086
|gametype|singles
|player|p1|huaijingyou|nurse|1494
|player|p2|evin|265|1500
|gen|9
|tier|[Gen 9] OU
|rated|
|rule|HP Percentage Mod: HP is shown in percentages
|rule|Endless Battle Clause: Forcing endless battles is banned
|rule|Species Clause: Limit one of each Pokémon
|rule|OHKO Clause: OHKO moves are banned
|rule|Evasion Items Clause: Evasion items are banned
|rule|Evasion Moves Clause: Evasion moves are banned
|rule|Evasion Abilities Clause: Evasion abilities are banned
|rule|Sleep Moves Clause: Sleep-inducing moves are banned
|clearpoke
|poke|p1|Pecharunt|
|poke|p1|Great Tusk|
|poke|p1|Iron Crown|
|poke|p1|Lokix, F|
|poke|p1|Alomomola, F|
|poke|p1|Zapdos|
|poke|p2|Arboliva, F|
|poke|p2|Great Tusk|
|poke|p2|Garganacl, F|
|poke|p2|Gholdengo|
|poke|p2|Dragapult, F|
|poke|p2|Comfey, M|
|teampreview
|inactive|Battle timer is ON: inactive players will automatically lose when time's up. (requested by huaijingyou)
|
|t:|1757838099
|teamsize|p1|6
|teamsize|p2|6
|start
|switch|p1a: Lokix|Lokix, F|100/100
|switch|p2a: Arboliva|Arboliva, F|100/100
|turn|1
|
|t:|1757838104
|move|p1a: Lokix|Leech Life|p2a: Arboliva
|-supereffective|p2a: Arboliva
|-damage|p2a: Arboliva|0 fnt
|faint|p2a: Arboliva
|
|upkeep
|
|t:|1757838109
|switch|p2a: Great Tusk|Great Tusk|100/100
|turn|2
|
|t:|1757838114
|switch|p1a: Zapdos|Zapdos|100/100
|-end|p2a: Great Tusk|Protosynthesis|[silent]
|switch|p2a: Garganacl|Garganacl, F|100/100
|
|upkeep
|turn|3
|
|t:|1757838119
|move|p1a: Zapdos|Volt Switch|p2a: Garganacl
|-damage|p2a: Garganacl|82/100
|
|t:|1757838121
|switch|p1a: Great Tusk|Great Tusk|100/100|[from] Volt Switch
|move|p2a: Garganacl|Salt Cure|p1a: Great Tusk
|-resisted|p1a: Great Tusk
|-damage|p1a: Great Tusk|98/100
|-start|p1a: Great Tusk|Salt Cure
|
|-heal|p2a: Garganacl|88/100|[from] item: Leftovers
|-damage|p1a: Great Tusk|85/100|[from] Salt Cure
|upkeep
|turn|4
|
|t:|1757838137
|move|p1a: Great Tusk|Headlong Rush|p2a: Garganacl
|-supereffective|p2a: Garganacl
|-damage|p2a: Garganacl|9/100
|-unboost|p1a: Great Tusk|def|1
|-unboost|p1a: Great Tusk|spd|1
|move|p2a: Garganacl|Curse|p2a: Garganacl
|-unboost|p2a: Garganacl|spe|1
|-boost|p2a: Garganacl|atk|1
|-boost|p2a: Garganacl|def|1
|
|-heal|p2a: Garganacl|15/100|[from] item: Leftovers
|-damage|p1a: Great Tusk|73/100|[from] Salt Cure
|upkeep
|turn|5
|
|t:|1757838144
|move|p2a: Garganacl|Protect|p2a: Garganacl
|-singleturn|p2a: Garganacl|Protect
|move|p1a: Great Tusk|Stealth Rock|p2a: Garganacl
|-sidestart|p2: evin|move: Stealth Rock
|
|-heal|p2a: Garganacl|22/100|[from] item: Leftovers
|-damage|p1a: Great Tusk|61/100|[from] Salt Cure
|upkeep
|turn|6
|
|t:|1757838157
|switch|p2a: Great Tusk|Great Tusk|100/100
|-damage|p2a: Great Tusk|98/100|[from] Stealth Rock
|move|p1a: Great Tusk|Headlong Rush|p2a: Great Tusk
|-damage|p2a: Great Tusk|51/100
|-unboost|p1a: Great Tusk|def|1
|-unboost|p1a: Great Tusk|spd|1
|-damage|p1a: Great Tusk|44/100|[from] item: Rocky Helmet|[of] p2a: Great Tusk
|
|-damage|p1a: Great Tusk|32/100|[from] Salt Cure
|upkeep
|turn|7
|
|t:|1757838170
|-end|p1a: Great Tusk|Protosynthesis|[silent]
|switch|p1a: Zapdos|Zapdos|100/100
|move|p2a: Great Tusk|Headlong Rush|p1a: Zapdos
|-immune|p1a: Zapdos
|
|upkeep
|turn|8
|
|t:|1757838178
|move|p2a: Great Tusk|Ice Spinner|p1a: Zapdos
|-supereffective|p1a: Zapdos
|-damage|p1a: Zapdos|62/100
|move|p1a: Zapdos|Hurricane|p2a: Great Tusk|[miss]
|-miss|p1a: Zapdos|p2a: Great Tusk
|
|upkeep
|turn|9
|
|t:|1757838185
|move|p2a: Great Tusk|Ice Spinner|p1a: Zapdos
|-supereffective|p1a: Zapdos
|-damage|p1a: Zapdos|20/100
|-status|p2a: Great Tusk|par|[from] ability: Static|[of] p1a: Zapdos
|move|p1a: Zapdos|Hurricane|p2a: Great Tusk
|-supereffective|p2a: Great Tusk
|-damage|p2a: Great Tusk|0 fnt
|faint|p2a: Great Tusk
|-end|p2a: Great Tusk|Protosynthesis|[silent]
|
|upkeep
|
|t:|1757838190
|switch|p2a: Dragapult|Dragapult, F|100/100
|-damage|p2a: Dragapult|88/100|[from] Stealth Rock
|turn|10
|
|t:|1757838197
|move|p2a: Dragapult|Shadow Ball|p1a: Zapdos
|-damage|p1a: Zapdos|0 fnt
|faint|p1a: Zapdos
|-damage|p2a: Dragapult|78/100|[from] item: Life Orb
|
|upkeep
|
|t:|1757838200
|switch|p1a: Lokix|Lokix, F|100/100
|turn|11
|
|t:|1757838203
|switch|p2a: Gholdengo|Gholdengo|100/100
|-damage|p2a: Gholdengo|94/100|[from] Stealth Rock
|move|p1a: Lokix|Leech Life|p2a: Gholdengo
|-resisted|p2a: Gholdengo
|-damage|p2a: Gholdengo|67/100
|
|upkeep
|turn|12
|
|t:|1757838224
|switch|p1a: Alomomola|Alomomola, F, shiny|100/100
|move|p2a: Gholdengo|Nasty Plot|p2a: Gholdengo
|-boost|p2a: Gholdengo|spa|2
|
|upkeep
|turn|13
|
|t:|1757838231
|move|p2a: Gholdengo|Nasty Plot|p2a: Gholdengo
|-boost|p2a: Gholdengo|spa|2
|move|p1a: Alomomola|Flip Turn|p2a: Gholdengo
|-crit|p2a: Gholdengo
|-damage|p2a: Gholdengo|39/100
|
|t:|1757838233
|switch|p1a: Lokix|Lokix, F|100/100|[from] Flip Turn
|
|upkeep
|turn|14
|
|t:|1757838242
|move|p1a: Lokix|Knock Off|p2a: Gholdengo
|-supereffective|p2a: Gholdengo
|-crit|p2a: Gholdengo
|-damage|p2a: Gholdengo|0 fnt
|-enditem|p2a: Gholdengo|Mirror Herb|[from] move: Knock Off|[of] p1a: Lokix
|faint|p2a: Gholdengo
|
|upkeep
|
|t:|1757838244
|switch|p2a: Comfey|Comfey, M|100/100
|-damage|p2a: Comfey|88/100|[from] Stealth Rock
|turn|15
|
|t:|1757838248
|switch|p1a: Iron Crown|Iron Crown|100/100
|move|p2a: Comfey|Calm Mind|p2a: Comfey
|-boost|p2a: Comfey|spa|1
|-boost|p2a: Comfey|spd|1
|
|upkeep
|turn|16
|
|t:|1757838254
|-terastallize|p1a: Iron Crown|Steel
|-terastallize|p2a: Comfey|Ground
|move|p1a: Iron Crown|Tachyon Cutter|p2a: Comfey
|-damage|p2a: Comfey|53/100
|-damage|p2a: Comfey|21/100
|-hitcount|p2a: Comfey|2
|move|p2a: Comfey|Tera Blast|p1a: Iron Crown|[anim] Tera Blast Ground
|-supereffective|p1a: Iron Crown
|-damage|p1a: Iron Crown|0 fnt
|faint|p1a: Iron Crown
|-end|p1a: Iron Crown|Quark Drive|[silent]
|-damage|p2a: Comfey|11/100|[from] item: Life Orb
|
|upkeep
|
|t:|1757838264
|switch|p1a: Lokix|Lokix, F|100/100
|turn|17
|
|t:|1757838267
|move|p2a: Comfey|Draining Kiss|p1a: Lokix
|-supereffective|p1a: Lokix
|-damage|p1a: Lokix|0 fnt
|-heal|p2a: Comfey|80/100|[from] drain|[of] p1a: Lokix
|faint|p1a: Lokix
|-damage|p2a: Comfey|70/100|[from] item: Life Orb
|
|upkeep
|
|t:|1757838274
|switch|p1a: Alomomola|Alomomola, F, shiny|100/100
|turn|18
|
|t:|1757838279
|move|p2a: Comfey|Giga Drain|p1a: Alomomola
|-supereffective|p1a: Alomomola
|-damage|p1a: Alomomola|65/100
|-heal|p2a: Comfey|100/100|[from] drain|[of] p1a: Alomomola
|-damage|p2a: Comfey|91/100|[from] item: Life Orb
|move|p1a: Alomomola|Liquidation|p2a: Comfey
|-supereffective|p2a: Comfey
|-damage|p2a: Comfey|36/100
|
|upkeep
|turn|19
|
|t:|1757838284
|move|p2a: Comfey|Giga Drain|p1a: Alomomola
|-supereffective|p1a: Alomomola
|-damage|p1a: Alomomola|27/100
|-heal|p2a: Comfey|69/100|[from] drain|[of] p1a: Alomomola
|-damage|p2a: Comfey|59/100|[from] item: Life Orb
|move|p1a: Alomomola|Liquidation|p2a: Comfey
|-supereffective|p2a: Comfey
|-damage|p2a: Comfey|12/100
|
|upkeep
|turn|20
|
|t:|1757838291
|switch|p1a: Pecharunt|Pecharunt|100/100
|move|p2a: Comfey|Giga Drain|p1a: Pecharunt
|-resisted|p1a: Pecharunt
|-damage|p1a: Pecharunt|81/100
|-heal|p2a: Comfey|24/100|[from] drain|[of] p1a: Pecharunt
|-damage|p2a: Comfey|14/100|[from] item: Life Orb
|
|upkeep
|turn|21
|
|t:|1757838307
|move|p2a: Comfey|Tera Blast|p1a: Pecharunt|[anim] Tera Blast Ground
|-supereffective|p1a: Pecharunt
|-damage|p1a: Pecharunt|0 fnt
|faint|p1a: Pecharunt
|-damage|p2a: Comfey|4/100|[from] item: Life Orb
|
|upkeep
|
|t:|1757838311
|switch|p1a: Alomomola|Alomomola, F, shiny|60/100
|turn|22
|
|t:|1757838316
|move|p2a: Comfey|Giga Drain|p1a: Alomomola
|-supereffective|p1a: Alomomola
|-damage|p1a: Alomomola|22/100
|-heal|p2a: Comfey|38/100|[from] drain|[of] p1a: Alomomola
|-damage|p2a: Comfey|28/100|[from] item: Life Orb
|move|p1a: Alomomola|Mirror Coat|p2a: Comfey
|-damage|p2a: Comfey|0 fnt
|faint|p2a: Comfey
|
|upkeep
|
|t:|1757838329
|switch|p2a: Dragapult|Dragapult, F|78/100
|-damage|p2a: Dragapult|66/100|[from] Stealth Rock
|turn|23
|
|t:|1757838335
|switch|p1a: Great Tusk|Great Tusk|32/100
|move|p2a: Dragapult|Dragon Darts|p1a: Great Tusk
|-damage|p1a: Great Tusk|13/100
|-anim|p2a: Dragapult|Dragon Darts|p1a: Great Tusk
|-damage|p1a: Great Tusk|0 fnt
|faint|p1a: Great Tusk
|-end|p1a: Great Tusk|Protosynthesis|[silent]
|-damage|p2a: Dragapult|56/100|[from] item: Life Orb
|
|upkeep
|
|t:|1757838339
|switch|p1a: Alomomola|Alomomola, F, shiny|55/100
|turn|24
|
|t:|1757838345
|move|p2a: Dragapult|Dragon Darts|p1a: Alomomola
|-damage|p1a: Alomomola|34/100
|-anim|p2a: Dragapult|Dragon Darts|p1a: Alomomola
|-damage|p1a: Alomomola|15/100
|-damage|p2a: Dragapult|47/100|[from] item: Life Orb
|move|p1a: Alomomola|Liquidation|p2a: Dragapult
|-resisted|p2a: Dragapult
|-damage|p2a: Dragapult|28/100
|
|upkeep
|turn|25
|
|t:|1757838350
|move|p2a: Dragapult|Dragon Darts|p1a: Alomomola
|-damage|p1a: Alomomola|0 fnt
|faint|p1a: Alomomola
|-damage|p2a: Dragapult|18/100|[from] item: Life Orb
|
|win|evin
|raw|huaijingyou's rating: 1494 &rarr; <strong>1474</strong><br />(-20 for losing)
|raw|evin's rating: 1500 &rarr; <strong>1520</strong><br />(+20 for winning)
|l|☆huaijingyou
|player|p1|
|l|☆evin
|player|p2|
