|j|☆SpectralStorm
|j|☆neattopic
|t:|1757828733
|gametype|singles
|player|p1|SpectralStorm|1|1258
|player|p2|neattopic|170|1331
|gen|9
|tier|[Gen 9] OU
|rated|
|rule|HP Percentage Mod: HP is shown in percentages
|rule|Endless Battle Clause: Forcing endless battles is banned
|rule|Species Clause: Limit one of each Pokémon
|rule|OHKO Clause: OHKO moves are banned
|rule|Evasion Items Clause: Evasion items are banned
|rule|Evasion Moves Clause: Evasion moves are banned
|rule|Evasion Abilities Clause: Evasion abilities are banned
|rule|Sleep Moves Clause: Sleep-inducing moves are banned
|clearpoke
|poke|p1|Bellibolt, F|
|poke|p1|Basculegion, M|
|poke|p1|Dragonite, F|
|poke|p1|Iron Treads|
|poke|p1|Barraskewda, F|
|poke|p1|Pelipper, M|
|poke|p2|Pelipper, F|
|poke|p2|Overqwil, M|
|poke|p2|Iron Treads|
|poke|p2|Basculegion-F, F|
|poke|p2|Zapdos|
|poke|p2|Zamazenta-*|
|teampreview
|
|t:|1757828758
|teamsize|p1|6
|teamsize|p2|6
|start
|switch|p1a: Iron Treads|Iron Treads|100/100
|switch|p2a: Iron Treads|Iron Treads|100/100
|turn|1
|
|t:|1757828769
|-terastallize|p2a: Iron Treads|Ghost
|move|p2a: Iron Treads|Stealth Rock|p1a: Iron Treads
|-sidestart|p1: SpectralStorm|move: Stealth Rock
|move|p1a: Iron Treads|Stealth Rock|p2a: Iron Treads
|-sidestart|p2: neattopic|move: Stealth Rock
|
|upkeep
|turn|2
|
|t:|1757828785
|-terastallize|p1a: Iron Treads|Ghost
|move|p2a: Iron Treads|Earthquake|p1a: Iron Treads
|-damage|p1a: Iron Treads|61/100
|-enditem|p1a: Iron Treads|Eject Button
|
|t:|1757828793
|-end|p1a: Iron Treads|Quark Drive|[silent]
|switch|p1a: Basculegion|Basculegion, M|100/100
|-damage|p1a: Basculegion|88/100|[from] Stealth Rock
|
|upkeep
|turn|3
|
|t:|1757828827
|-end|p2a: Iron Treads|Quark Drive|[silent]
|switch|p2a: Pelipper|Pelipper, F|100/100
|-damage|p2a: Pelipper|76/100|[from] Stealth Rock
|-weather|RainDance|[from] ability: Drizzle|[of] p2a: Pelipper
|move|p1a: Basculegion|Wave Crash|p2a: Pelipper
|-resisted|p2a: Pelipper
|-damage|p2a: Pelipper|2/100
|-damage|p1a: Basculegion|68/100|[from] Recoil
|
|-weather|RainDance|[upkeep]
|upkeep
|turn|4
|
|t:|1757828854
|move|p1a: Basculegion|Wave Crash|p2a: Pelipper
|-resisted|p2a: Pelipper
|-damage|p2a: Pelipper|0 fnt
|faint|p2a: Pelipper
|-damage|p1a: Basculegion|67/100|[from] Recoil
|
|-weather|RainDance|[upkeep]
|upkeep
|
|t:|1757828859
|switch|p2a: Overqwil|Overqwil, M|100/100
|-damage|p2a: Overqwil|88/100|[from] Stealth Rock
|turn|5
|
|t:|1757828868
|move|p2a: Overqwil|Poison Jab|p1a: Basculegion
|-resisted|p1a: Basculegion
|-damage|p1a: Basculegion|30/100
|-damage|p2a: Overqwil|78/100|[from] item: Life Orb
|move|p1a: Basculegion|Wave Crash|p2a: Overqwil
|-damage|p2a: Overqwil|0 fnt
|faint|p2a: Overqwil
|-damage|p1a: Basculegion|9/100|[from] Recoil
|
|-weather|RainDance|[upkeep]
|upkeep
|-message|neattopic forfeited.
|
|win|SpectralStorm
|raw|SpectralStorm's rating: 1258 &rarr; <strong>1288</strong><br />(+30 for winning)
|raw|neattopic's rating: 1331 &rarr; <strong>1307</strong><br />(-24 for losing)
|l|☆neattopic
|player|p2|
|l|☆SpectralStorm
|player|p1|
