|j|☆101cm
|j|☆linjiajun
|t:|1757838101
|gametype|singles
|player|p1|101cm|2|1055
|player|p2|linjiajun|red|1071
|gen|9
|tier|[Gen 9] OU
|rated|
|rule|HP Percentage Mod: HP is shown in percentages
|rule|Endless Battle Clause: Forcing endless battles is banned
|rule|Species Clause: Limit one of each Pokémon
|rule|OHKO Clause: OHKO moves are banned
|rule|Evasion Items Clause: Evasion items are banned
|rule|Evasion Moves Clause: Evasion moves are banned
|rule|Evasion Abilities Clause: Evasion abilities are banned
|rule|Sleep Moves Clause: Sleep-inducing moves are banned
|clearpoke
|poke|p1|Dragapult, M|
|poke|p1|Hatterene, F|
|poke|p1|Grimmsnarl, M|
|poke|p1|Lycanroc, F|
|poke|p1|Azumarill, M|
|poke|p1|Latios, M|
|poke|p2|Arcanine-Hisui, M|
|poke|p2|Haxorus, M|
|poke|p2|Gardevoir, F|
|poke|p2|Blaziken, M|
|poke|p2|Zapdos|
|poke|p2|Ursaluna, M|
|teampreview
|inactive|Battle timer is ON: inactive players will automatically lose when time's up. (requested by 101cm)
|inactive|linjiajun has 120 seconds left.
|
|t:|1757838142
|teamsize|p1|6
|teamsize|p2|6
|start
|switch|p1a: Lycanroc|Lycanroc, F|100/100
|switch|p2a: Blaziken|Blaziken, M, shiny|100/100
|turn|1
|
|t:|1757838167
|switch|p2a: Ursaluna|Ursaluna, M|100/100
|move|p1a: Lycanroc|Stealth Rock|p2a: Ursaluna
|-sidestart|p2: linjiajun|move: Stealth Rock
|
|-status|p2a: Ursaluna|brn|[from] item: Flame Orb
|upkeep
|turn|2
|
|t:|1757838193
|switch|p1a: Grimmsnarl|Grimmsnarl, M|100/100
|move|p2a: Ursaluna|Drain Punch|p1a: Grimmsnarl
|-damage|p1a: Grimmsnarl|56/100
|
|-damage|p2a: Ursaluna|94/100 brn|[from] brn
|upkeep
|turn|3
|
|t:|1757838205
|move|p1a: Grimmsnarl|Reflect|p1a: Grimmsnarl
|-sidestart|p1: 101cm|Reflect
|move|p2a: Ursaluna|Drain Punch|p1a: Grimmsnarl
|-damage|p1a: Grimmsnarl|35/100
|-heal|p2a: Ursaluna|100/100 brn|[from] drain|[of] p1a: Grimmsnarl
|
|-damage|p2a: Ursaluna|94/100 brn|[from] brn
|upkeep
|turn|4
|
|t:|1757838217
|move|p1a: Grimmsnarl|Light Screen|p1a: Grimmsnarl
|-sidestart|p1: 101cm|move: Light Screen
|move|p2a: Ursaluna|Facade|p1a: Grimmsnarl
|-damage|p1a: Grimmsnarl|0 fnt
|faint|p1a: Grimmsnarl
|
|-damage|p2a: Ursaluna|88/100 brn|[from] brn
|upkeep
|
|t:|1757838223
|switch|p1a: Latios|Latios, M|100/100
|turn|5
|
|t:|1757838228
|move|p1a: Latios|Rain Dance|p1a: Latios
|-weather|RainDance
|move|p2a: Ursaluna|Play Rough|p1a: Latios
|-supereffective|p1a: Latios
|-damage|p1a: Latios|41/100
|
|-weather|RainDance|[upkeep]
|-damage|p2a: Ursaluna|82/100 brn|[from] brn
|upkeep
|turn|6
|
|t:|1757838236
|move|p1a: Latios|Memento|p2a: Ursaluna
|-unboost|p2a: Ursaluna|atk|2
|-unboost|p2a: Ursaluna|spa|2
|faint|p1a: Latios
|move|p2a: Ursaluna|Play Rough|p1: Latios|[notarget]
|-fail|p2a: Ursaluna
|
|-weather|RainDance|[upkeep]
|-damage|p2a: Ursaluna|76/100 brn|[from] brn
|upkeep
|
|t:|1757838244
|switch|p1a: Azumarill|Azumarill, M, shiny|100/100
|turn|7
|
|t:|1757838264
|move|p2a: Ursaluna|Facade|p1a: Azumarill
|-damage|p1a: Azumarill|71/100
|move|p1a: Azumarill|Belly Drum|p1a: Azumarill
|-damage|p1a: Azumarill|21/100
|-setboost|p1a: Azumarill|atk|6|[from] move: Belly Drum
|
|-weather|RainDance|[upkeep]
|-damage|p2a: Ursaluna|70/100 brn|[from] brn
|upkeep
|turn|8
|
|t:|1757838275
|move|p1a: Azumarill|Aqua Jet|p2a: Ursaluna
|-supereffective|p2a: Ursaluna
|-damage|p2a: Ursaluna|0 fnt
|faint|p2a: Ursaluna
|-heal|p1a: Azumarill|32/100|[from] item: Shell Bell|[of] p2: Ursaluna
|
|-weather|RainDance|[upkeep]
|upkeep
|inactive|linjiajun has 120 seconds left.
|
|t:|1757838311
|switch|p2a: Gardevoir|Gardevoir, F, shiny|100/100
|-damage|p2a: Gardevoir|88/100|[from] Stealth Rock
|-ability|p2a: Gardevoir|Huge Power|Trace|[from] ability: Trace|[of] p1a: Azumarill
|turn|9
|
|t:|1757838329
|move|p1a: Azumarill|Aqua Jet|p2a: Gardevoir
|-damage|p2a: Gardevoir|0 fnt
|faint|p2a: Gardevoir
|-heal|p1a: Azumarill|43/100|[from] item: Shell Bell|[of] p2: Gardevoir
|
|-weather|RainDance|[upkeep]
|upkeep
|inactive|linjiajun has 90 seconds left.
|
|t:|1757838342
|switch|p2a: Zapdos|Zapdos, shiny|100/100
|-damage|p2a: Zapdos|75/100|[from] Stealth Rock
|turn|10
|
|t:|1757838351
|move|p1a: Azumarill|Aqua Jet|p2a: Zapdos
|-damage|p2a: Zapdos|0 fnt
|-status|p1a: Azumarill|par|[from] ability: Static|[of] p2a: Zapdos
|faint|p2a: Zapdos
|-heal|p1a: Azumarill|54/100 par|[from] item: Shell Bell|[of] p2: Zapdos
|
|-weather|RainDance|[upkeep]
|-sideend|p1: 101cm|Reflect
|upkeep
|inactive|linjiajun has 90 seconds left.
|
|t:|1757838373
|switch|p2a: Haxorus|Haxorus, M, shiny|100/100
|-damage|p2a: Haxorus|88/100|[from] Stealth Rock
|-ability|p2a: Haxorus|Mold Breaker
|turn|11
|
|t:|1757838389
|move|p1a: Azumarill|Aqua Jet|p2a: Haxorus
|-resisted|p2a: Haxorus
|-damage|p2a: Haxorus|4/100
|-heal|p1a: Azumarill|63/100 par|[from] item: Shell Bell|[of] p2a: Haxorus
|move|p2a: Haxorus|Dragon Claw|p1a: Azumarill
|-immune|p1a: Azumarill
|
|-weather|RainDance|[upkeep]
|-sideend|p1: 101cm|move: Light Screen
|upkeep
|turn|12
|-message|linjiajun forfeited.
|
|win|101cm
|raw|101cm's rating: 1055 &rarr; <strong>1088</strong><br />(+33 for winning)
|raw|linjiajun's rating: 1071 &rarr; <strong>1049</strong><br />(-22 for losing)
|l|☆linjiajun
|player|p2|
|l|☆101cm
|player|p1|
