|j|☆chonkyybb
|j|☆rosasvermellon
|t:|1757866528
|gametype|singles
|player|p1|chonkyybb|elesa|1063
|player|p2|rosasvermellon|wattson|1112
|gen|9
|tier|[Gen 9] OU
|rated|
|rule|HP Percentage Mod: HP is shown in percentages
|rule|Endless Battle Clause: Forcing endless battles is banned
|rule|Species Clause: Limit one of each Pokémon
|rule|OHKO Clause: OHKO moves are banned
|rule|Evasion Items Clause: Evasion items are banned
|rule|Evasion Moves Clause: Evasion moves are banned
|rule|Evasion Abilities Clause: Evasion abilities are banned
|rule|Sleep Moves Clause: Sleep-inducing moves are banned
|clearpoke
|poke|p1|Milotic, F|
|poke|p1|Clodsire, M|
|poke|p1|Pelipper, F|
|poke|p1|Garganacl, F|
|poke|p1|Weezing-Galar, F|
|poke|p1|Tinkaton, F|
|poke|p2|Samurott-Hisui, M|
|poke|p2|Toxtricity-Low-Key, M|
|poke|p2|Gholdengo|
|poke|p2|Rillaboom, F|
|poke|p2|Lokix, F|
|poke|p2|Cinderace, M|
|teampreview
|
|t:|1757866538
|teamsize|p1|6
|teamsize|p2|6
|start
|switch|p1a: Pelipper|Pelipper, F|100/100
|switch|p2a: Lokix|Lokix, F|100/100
|-weather|RainDance|[from] ability: Drizzle|[of] p1a: Pelipper
|turn|1
|
|t:|1757866551
|move|p1a: Pelipper|Protect|p1a: Pelipper
|-singleturn|p1a: Pelipper|Protect
|move|p2a: Lokix|U-turn|p1a: Pelipper
|-activate|p1a: Pelipper|move: Protect
|
|-weather|RainDance|[upkeep]
|upkeep
|turn|2
|
|t:|1757866567
|move|p2a: Lokix|U-turn|p1a: Pelipper
|-resisted|p1a: Pelipper
|-damage|p1a: Pelipper|71/100
|-damage|p2a: Lokix|91/100|[from] item: Life Orb
|
|t:|1757866591
|switch|p2a: Rillaboom|Rillaboom, F|100/100|[from] U-turn
|-fieldstart|move: Grassy Terrain|[from] ability: Grassy Surge|[of] p2a: Rillaboom
|move|p1a: Pelipper|Ice Beam|p2a: Rillaboom
|-supereffective|p2a: Rillaboom
|-damage|p2a: Rillaboom|62/100
|
|-weather|RainDance|[upkeep]
|-heal|p2a: Rillaboom|68/100|[from] Grassy Terrain
|-heal|p1a: Pelipper|78/100|[from] item: Leftovers
|upkeep
|turn|3
|
|t:|1757866604
|switch|p1a: Weezing|Weezing-Galar, F|100/100
|move|p2a: Rillaboom|Fake Out|p1a: Weezing
|-damage|p1a: Weezing|91/100
|
|-weather|RainDance|[upkeep]
|-heal|p2a: Rillaboom|74/100|[from] Grassy Terrain
|-heal|p1a: Weezing|97/100|[from] item: Leftovers
|upkeep
|turn|4
|
|t:|1757866621
|move|p2a: Rillaboom|Drum Beating|p1a: Weezing
|-resisted|p1a: Weezing
|-damage|p1a: Weezing|80/100
|-unboost|p1a: Weezing|spe|1
|move|p1a: Weezing|Toxic|p2a: Rillaboom
|-status|p2a: Rillaboom|tox
|
|-weather|RainDance|[upkeep]
|-heal|p2a: Rillaboom|80/100 tox|[from] Grassy Terrain
|-heal|p1a: Weezing|86/100|[from] item: Leftovers
|-damage|p2a: Rillaboom|74/100 tox|[from] psn
|upkeep
|turn|5
|
|t:|1757866633
|move|p1a: Weezing|Protect|p1a: Weezing
|-singleturn|p1a: Weezing|Protect
|move|p2a: Rillaboom|Grassy Glide|p1a: Weezing
|-activate|p1a: Weezing|move: Protect
|
|-weather|none
|-heal|p2a: Rillaboom|80/100 tox|[from] Grassy Terrain
|-heal|p1a: Weezing|92/100|[from] item: Leftovers
|-damage|p2a: Rillaboom|68/100 tox|[from] psn
|upkeep
|turn|6
|
|t:|1757866646
|move|p2a: Rillaboom|Drum Beating|p1a: Weezing
|-resisted|p1a: Weezing
|-damage|p1a: Weezing|75/100
|-unboost|p1a: Weezing|spe|1
|move|p1a: Weezing|Clear Smog|p2a: Rillaboom
|-supereffective|p2a: Rillaboom
|-damage|p2a: Rillaboom|42/100 tox
|-clearboost|p2a: Rillaboom
|
|-heal|p2a: Rillaboom|48/100 tox|[from] Grassy Terrain
|-heal|p1a: Weezing|81/100|[from] item: Leftovers
|-damage|p2a: Rillaboom|29/100 tox|[from] psn
|-fieldend|move: Grassy Terrain
|upkeep
|turn|7
|
|t:|1757866660
|move|p1a: Weezing|Protect|p1a: Weezing
|-singleturn|p1a: Weezing|Protect
|move|p2a: Rillaboom|Grassy Glide|p1a: Weezing
|-activate|p1a: Weezing|move: Protect
|
|-heal|p1a: Weezing|87/100|[from] item: Leftovers
|-damage|p2a: Rillaboom|5/100 tox|[from] psn
|upkeep
|turn|8
|
|t:|1757866675
|move|p2a: Rillaboom|Drum Beating|p1a: Weezing
|-resisted|p1a: Weezing
|-crit|p1a: Weezing
|-damage|p1a: Weezing|69/100
|-unboost|p1a: Weezing|spe|1
|move|p1a: Weezing|Strange Steam|p2a: Rillaboom
|-damage|p2a: Rillaboom|0 fnt
|faint|p2a: Rillaboom
|
|-heal|p1a: Weezing|75/100|[from] item: Leftovers
|upkeep
|inactive|Battle timer is ON: inactive players will automatically lose when time's up. (requested by rosasvermellon)
|
|t:|1757866687
|switch|p2a: Gholdengo|Gholdengo|100/100
|-item|p2a: Gholdengo|Air Balloon
|turn|9
|
|t:|1757866703
|switch|p1a: Garganacl|Garganacl, F|100/100
|move|p2a: Gholdengo|Nasty Plot|p2a: Gholdengo
|-boost|p2a: Gholdengo|spa|2
|
|upkeep
|turn|10
|
|t:|1757866714
|-terastallize|p1a: Garganacl|Steel
|move|p2a: Gholdengo|Make It Rain|p1a: Garganacl
|-resisted|p1a: Garganacl
|-damage|p1a: Garganacl|47/100
|-unboost|p2a: Gholdengo|spa|1
|move|p1a: Garganacl|Salt Cure|p2a: Gholdengo
|-resisted|p2a: Gholdengo
|-damage|p2a: Gholdengo|93/100
|-start|p2a: Gholdengo|Salt Cure
|-enditem|p2a: Gholdengo|Air Balloon
|
|-heal|p1a: Garganacl|53/100|[from] item: Leftovers
|-damage|p2a: Gholdengo|68/100|[from] Salt Cure
|upkeep
|turn|11
|
|t:|1757866729
|move|p1a: Garganacl|Protect|p1a: Garganacl
|-singleturn|p1a: Garganacl|Protect
|move|p2a: Gholdengo|Thunder Wave|p1a: Garganacl
|-activate|p1a: Garganacl|move: Protect
|
|-heal|p1a: Garganacl|59/100|[from] item: Leftovers
|-damage|p2a: Gholdengo|43/100|[from] Salt Cure
|upkeep
|turn|12
|inactive|rosasvermellon has 120 seconds left.
|
|t:|1757866770
|move|p2a: Gholdengo|Thunder Wave|p1a: Garganacl
|-immune|p1a: Garganacl|[from] ability: Purifying Salt
|move|p1a: Garganacl|Recover|p1a: Garganacl
|-heal|p1a: Garganacl|100/100
|
|-damage|p2a: Gholdengo|19/100|[from] Salt Cure
|upkeep
|turn|13
|
|t:|1757866779
|move|p2a: Gholdengo|Make It Rain|p1a: Garganacl
|-resisted|p1a: Garganacl
|-damage|p1a: Garganacl|60/100
|-unboost|p2a: Gholdengo|spa|1
|move|p1a: Garganacl|Thunder Punch|p2a: Gholdengo
|-damage|p2a: Gholdengo|0 fnt
|faint|p2a: Gholdengo
|
|-heal|p1a: Garganacl|66/100|[from] item: Leftovers
|upkeep
|
|t:|1757866783
|switch|p2a: Cinderace|Cinderace, M|100/100
|turn|14
|
|t:|1757866794
|move|p1a: Garganacl|Protect|p1a: Garganacl
|-singleturn|p1a: Garganacl|Protect
|move|p2a: Cinderace|Pyro Ball|p1a: Garganacl
|-activate|p1a: Garganacl|move: Protect
|
|-heal|p1a: Garganacl|73/100|[from] item: Leftovers
|upkeep
|turn|15
|inactive|rosasvermellon has 120 seconds left.
|
|t:|1757866832
|switch|p1a: Milotic|Milotic, F|100/100
|move|p2a: Cinderace|Pyro Ball|p1a: Milotic
|-resisted|p1a: Milotic
|-damage|p1a: Milotic|79/100
|
|-status|p1a: Milotic|brn|[from] item: Flame Orb
|upkeep
|turn|16
|
|t:|1757866843
|move|p2a: Cinderace|U-turn|p1a: Milotic
|-start|p2a: Cinderace|typechange|Bug|[from] ability: Libero
|-damage|p1a: Milotic|63/100 brn
|
|t:|1757866848
|switch|p2a: Lokix|Lokix, F|91/100|[from] U-turn
|move|p1a: Milotic|Scald|p2a: Lokix
|-damage|p2a: Lokix|33/100
|
|-damage|p1a: Milotic|57/100 brn|[from] brn
|upkeep
|turn|17
|
|t:|1757866853
|move|p2a: Lokix|First Impression|p1a: Milotic
|-damage|p1a: Milotic|31/100 brn
|-damage|p2a: Lokix|23/100|[from] item: Life Orb
|move|p1a: Milotic|Recover|p1a: Milotic
|-heal|p1a: Milotic|81/100 brn
|
|-damage|p1a: Milotic|75/100 brn|[from] brn
|upkeep
|turn|18
|
|t:|1757866863
|move|p2a: Lokix|Knock Off|p1a: Milotic
|-damage|p1a: Milotic|48/100 brn
|-enditem|p1a: Milotic|Flame Orb|[from] move: Knock Off|[of] p2a: Lokix
|-damage|p2a: Lokix|13/100|[from] item: Life Orb
|move|p1a: Milotic|Scald|p2a: Lokix
|-damage|p2a: Lokix|0 fnt
|faint|p2a: Lokix
|
|-damage|p1a: Milotic|42/100 brn|[from] brn
|upkeep
|
|t:|1757866876
|switch|p2a: Toxtricity|Toxtricity-Low-Key, M|100/100
|turn|19
|
|t:|1757866884
|switch|p1a: Clodsire|Clodsire, M|100/100
|move|p2a: Toxtricity|Overdrive|p1a: Clodsire
|-immune|p1a: Clodsire
|
|upkeep
|turn|20
|
|t:|1757866892
|switch|p2a: Samurott|Samurott-Hisui, M, shiny|100/100
|move|p1a: Clodsire|Earthquake|p2a: Samurott
|-damage|p2a: Samurott|67/100
|
|upkeep
|turn|21
|
|t:|1757866904
|move|p2a: Samurott|Ceaseless Edge|p1a: Clodsire
|-damage|p1a: Clodsire|53/100
|-sidestart|p1: chonkyybb|Spikes
|move|p1a: Clodsire|Toxic|p2a: Samurott
|-status|p2a: Samurott|tox
|
|-heal|p1a: Clodsire|59/100|[from] item: Leftovers
|-damage|p2a: Samurott|61/100 tox|[from] psn
|upkeep
|turn|22
|
|t:|1757866916
|move|p1a: Clodsire|Protect|p1a: Clodsire
|-singleturn|p1a: Clodsire|Protect
|move|p2a: Samurott|Ceaseless Edge|p1a: Clodsire
|-activate|p1a: Clodsire|move: Protect
|
|-heal|p1a: Clodsire|66/100|[from] item: Leftovers
|-damage|p2a: Samurott|48/100 tox|[from] psn
|upkeep
|turn|23
|
|t:|1757866928
|switch|p1a: Weezing|Weezing-Galar, F|75/100
|move|p2a: Samurott|Aqua Cutter|p1a: Weezing
|-damage|p1a: Weezing|44/100
|
|-heal|p1a: Weezing|50/100|[from] item: Leftovers
|-damage|p2a: Samurott|29/100 tox|[from] psn
|upkeep
|turn|24
|
|t:|1757866940
|move|p1a: Weezing|Protect|p1a: Weezing
|-singleturn|p1a: Weezing|Protect
|move|p2a: Samurott|Ceaseless Edge|p1a: Weezing
|-activate|p1a: Weezing|move: Protect
|
|-heal|p1a: Weezing|56/100|[from] item: Leftovers
|-damage|p2a: Samurott|5/100 tox|[from] psn
|upkeep
|turn|25
|
|t:|1757866951
|switch|p1a: Milotic|Milotic, F|42/100 brn
|-damage|p1a: Milotic|29/100 brn|[from] Spikes
|move|p2a: Samurott|Ceaseless Edge|p1a: Milotic
|-damage|p1a: Milotic|6/100 brn
|-sidestart|p1: chonkyybb|Spikes
|
|-damage|p2a: Samurott|0 fnt|[from] psn
|faint|p2a: Samurott
|-damage|p1a: Milotic|0 fnt|[from] brn
|faint|p1a: Milotic
|upkeep
|
|t:|1757866965
|switch|p2a: Cinderace|Cinderace, M|100/100
|switch|p1a: Garganacl|Garganacl, F, tera:Steel|73/100
|-damage|p1a: Garganacl|56/100|[from] Spikes
|turn|26
|
|t:|1757866973
|move|p2a: Cinderace|High Jump Kick|p1a: Garganacl
|-start|p2a: Cinderace|typechange|Fighting|[from] ability: Libero
|-supereffective|p1a: Garganacl
|-damage|p1a: Garganacl|0 fnt
|faint|p1a: Garganacl
|
|upkeep
|
|t:|1757866983
|switch|p1a: Pelipper|Pelipper, F|78/100
|-weather|RainDance|[from] ability: Drizzle|[of] p1a: Pelipper
|turn|27
|
|t:|1757866992
|move|p2a: Cinderace|High Jump Kick|p1a: Pelipper
|-resisted|p1a: Pelipper
|-damage|p1a: Pelipper|55/100
|move|p1a: Pelipper|Hurricane|p2a: Cinderace
|-supereffective|p2a: Cinderace
|-damage|p2a: Cinderace|1/100
|-start|p2a: Cinderace|confusion
|
|-weather|RainDance|[upkeep]
|-heal|p1a: Pelipper|61/100|[from] item: Leftovers
|upkeep
|turn|28
|
|t:|1757867003
|move|p1a: Pelipper|Protect|p1a: Pelipper
|-singleturn|p1a: Pelipper|Protect
|-activate|p2a: Cinderace|confusion
|move|p2a: Cinderace|U-turn|p1a: Pelipper
|-activate|p1a: Pelipper|move: Protect
|
|-weather|RainDance|[upkeep]
|-heal|p1a: Pelipper|67/100|[from] item: Leftovers
|upkeep
|turn|29
|
|t:|1757867025
|-activate|p2a: Cinderace|confusion
|-damage|p2a: Cinderace|0 fnt|[from] confusion
|faint|p2a: Cinderace
|move|p1a: Pelipper|Weather Ball|p2: Cinderace|[notarget]
|-fail|p1a: Pelipper
|
|-weather|RainDance|[upkeep]
|-heal|p1a: Pelipper|73/100|[from] item: Leftovers
|upkeep
|
|t:|1757867027
|switch|p2a: Toxtricity|Toxtricity-Low-Key, M|100/100
|turn|30
|
|t:|1757867050
|move|p2a: Toxtricity|Psychic Noise|p1a: Pelipper
|-damage|p1a: Pelipper|26/100
|-start|p1a: Pelipper|move: Heal Block
|-enditem|p2a: Toxtricity|Throat Spray
|-boost|p2a: Toxtricity|spa|1|[from] item: Throat Spray
|move|p1a: Pelipper|Ice Beam|p2a: Toxtricity
|-damage|p2a: Toxtricity|74/100
|
|-weather|RainDance|[upkeep]
|upkeep
|turn|31
|
|t:|1757867061
|move|p2a: Toxtricity|Psychic Noise|p1a: Pelipper
|-damage|p1a: Pelipper|0 fnt
|faint|p1a: Pelipper
|
|-weather|none
|upkeep
|
|t:|1757867069
|switch|p1a: Clodsire|Clodsire, M|66/100
|-damage|p1a: Clodsire|49/100|[from] Spikes
|turn|32
|
|t:|1757867078
|move|p2a: Toxtricity|Psychic Noise|p1a: Clodsire
|-supereffective|p1a: Clodsire
|-damage|p1a: Clodsire|0 fnt
|faint|p1a: Clodsire
|
|upkeep
|
|t:|1757867085
|switch|p1a: Weezing|Weezing-Galar, F|56/100
|turn|33
|
|t:|1757867092
|move|p1a: Weezing|Protect|p1a: Weezing
|-singleturn|p1a: Weezing|Protect
|move|p2a: Toxtricity|Psychic Noise|p1a: Weezing
|-activate|p1a: Weezing|move: Protect
|
|-heal|p1a: Weezing|62/100|[from] item: Leftovers
|upkeep
|turn|34
|
|t:|1757867102
|move|p2a: Toxtricity|Psychic Noise|p1a: Weezing
|-supereffective|p1a: Weezing
|-damage|p1a: Weezing|0 fnt
|faint|p1a: Weezing
|
|upkeep
|
|t:|1757867108
|switch|p1a: Tinkaton|Tinkaton, F|100/100
|-damage|p1a: Tinkaton|84/100|[from] Spikes
|-ability|p1a: Tinkaton|Mold Breaker
|turn|35
|
|t:|1757867122
|move|p1a: Tinkaton|Gigaton Hammer|p2a: Toxtricity
|-resisted|p2a: Toxtricity
|-damage|p2a: Toxtricity|32/100
|move|p2a: Toxtricity|Nuzzle|p1a: Tinkaton
|-damage|p1a: Tinkaton|74/100
|-status|p1a: Tinkaton|par
|
|-heal|p1a: Tinkaton|80/100 par|[from] item: Leftovers
|upkeep
|turn|36
|
|t:|1757867133
|move|p2a: Toxtricity|Overdrive|p1a: Tinkaton
|-damage|p1a: Tinkaton|0 fnt
|faint|p1a: Tinkaton
|
|win|rosasvermellon
|raw|chonkyybb's rating: 1063 &rarr; <strong>1046</strong><br />(-17 for losing)
|raw|rosasvermellon's rating: 1112 &rarr; <strong>1133</strong><br />(+21 for winning)
|l|☆chonkyybb
|player|p1|
