|j|☆imjjjyyyhhh
|j|‽myree
|t:|1757896558
|gametype|singles
|player|p1|imjjjyyyhhh|1|1451
|player|p2|myree|benga|1454
|gen|9
|tier|[Gen 9] OU
|rated|
|rule|HP Percentage Mod: HP is shown in percentages
|rule|Endless Battle Clause: Forcing endless battles is banned
|rule|Species Clause: Limit one of each Pokémon
|rule|OHKO Clause: OHKO moves are banned
|rule|Evasion Items Clause: Evasion items are banned
|rule|Evasion Moves Clause: Evasion moves are banned
|rule|Evasion Abilities Clause: Evasion abilities are banned
|rule|Sleep Moves Clause: Sleep-inducing moves are banned
|clearpoke
|poke|p1|Lokix, M|
|poke|p1|Cinderace, F|
|poke|p1|Great Tusk|
|poke|p1|Alomomola, F|
|poke|p1|Enamorus, F|
|poke|p1|Slowking-Galar, M|
|poke|p2|Iron Valiant|
|poke|p2|Slither Wing|
|poke|p2|Ogerpon-Cornerstone, F|
|poke|p2|Wo-Chien|
|poke|p2|Garganacl, M|
|poke|p2|Pecharunt|
|teampreview
|inactive|Battle timer is ON: inactive players will automatically lose when time's up. (requested by imjjjyyyhhh)
|
|t:|1757896596
|teamsize|p1|6
|teamsize|p2|6
|start
|switch|p1a: Slowking|Slowking-Galar, M|100/100
|switch|p2a: Garganacl|Garganacl, M|100/100
|turn|1
|
|t:|1757896615
|move|p2a: Garganacl|Curse|p2a: Garganacl
|-unboost|p2a: Garganacl|spe|1
|-boost|p2a: Garganacl|atk|1
|-boost|p2a: Garganacl|def|1
|move|p1a: Slowking|Future Sight|p2a: Garganacl
|-start|p1a: Slowking|move: Future Sight
|
|upkeep
|turn|2
|inactive|myree has 120 seconds left.
|
|t:|1757896655
|move|p2a: Garganacl|Earthquake|p1a: Slowking
|-supereffective|p1a: Slowking
|-enditem|p1a: Slowking|Shuca Berry|[eat]
|-enditem|p1a: Slowking|Shuca Berry|[weaken]
|-damage|p1a: Slowking|75/100
|-prepare|p1a: Slowking|Chilly Reception|[premajor]
|move|p1a: Slowking|Chilly Reception|p1a: Slowking
|-weather|Snowscape
|
|t:|1757896677
|switch|p1a: Great Tusk|Great Tusk|100/100|[from] Chilly Reception
|
|-weather|Snowscape|[upkeep]
|upkeep
|turn|3
|
|t:|1757896681
|move|p1a: Great Tusk|Bulk Up|p1a: Great Tusk
|-boost|p1a: Great Tusk|atk|1
|-boost|p1a: Great Tusk|def|1
|move|p2a: Garganacl|Recover||[still]
|-fail|p2a: Garganacl|heal
|
|-weather|Snowscape|[upkeep]
|-end|p2a: Garganacl|move: Future Sight
|-damage|p2a: Garganacl|71/100
|-heal|p2a: Garganacl|77/100|[from] item: Leftovers
|upkeep
|turn|4
|
|t:|1757896693
|switch|p2a: Slither Wing|Slither Wing|100/100
|move|p1a: Great Tusk|Earthquake|p2a: Slither Wing
|-resisted|p2a: Slither Wing
|-damage|p2a: Slither Wing|72/100
|
|-weather|Snowscape|[upkeep]
|upkeep
|turn|5
|
|t:|1757896698
|move|p1a: Great Tusk|Bulk Up|p1a: Great Tusk
|-boost|p1a: Great Tusk|atk|1
|-boost|p1a: Great Tusk|def|1
|move|p2a: Slither Wing|Will-O-Wisp|p1a: Great Tusk
|-status|p1a: Great Tusk|brn
|
|-weather|Snowscape|[upkeep]
|-damage|p1a: Great Tusk|94/100 brn|[from] brn
|upkeep
|turn|6
|
|t:|1757896707
|-end|p2a: Slither Wing|Protosynthesis|[silent]
|switch|p2a: Iron Valiant|Iron Valiant|100/100
|move|p1a: Great Tusk|Earthquake|p2a: Iron Valiant
|-damage|p2a: Iron Valiant|43/100
|
|-weather|none
|-heal|p1a: Great Tusk|100/100 brn|[from] item: Leftovers
|-damage|p1a: Great Tusk|94/100 brn|[from] brn
|upkeep
|turn|7
|
|t:|1757896715
|-end|p1a: Great Tusk|Protosynthesis|[silent]
|switch|p1a: Slowking|Slowking-Galar, M|100/100
|move|p2a: Iron Valiant|Moonblast|p1a: Slowking
|-resisted|p1a: Slowking
|-damage|p1a: Slowking|81/100
|-unboost|p1a: Slowking|spa|1
|
|upkeep
|turn|8
|
|t:|1757896721
|-end|p2a: Iron Valiant|Quark Drive|[silent]
|switch|p2a: Garganacl|Garganacl, M|77/100
|-prepare|p1a: Slowking|Chilly Reception|[premajor]
|move|p1a: Slowking|Chilly Reception|p1a: Slowking
|-weather|Snowscape
|
|t:|1757896738
|switch|p1a: Lokix|Lokix, M|100/100|[from] Chilly Reception
|
|-weather|Snowscape|[upkeep]
|-heal|p2a: Garganacl|83/100|[from] item: Leftovers
|upkeep
|turn|9
|
|t:|1757896745
|switch|p2a: Slither Wing|Slither Wing|72/100
|move|p1a: Lokix|Knock Off|p2a: Slither Wing
|-resisted|p2a: Slither Wing
|-damage|p2a: Slither Wing|19/100
|-enditem|p2a: Slither Wing|Heavy-Duty Boots|[from] move: Knock Off|[of] p1a: Lokix
|
|-weather|Snowscape|[upkeep]
|upkeep
|turn|10
|
|t:|1757896758
|switch|p1a: Great Tusk|Great Tusk|94/100 brn
|move|p2a: Slither Wing|First Impression|p1a: Great Tusk
|-resisted|p1a: Great Tusk
|-damage|p1a: Great Tusk|83/100 brn
|
|-weather|Snowscape|[upkeep]
|-heal|p1a: Great Tusk|89/100 brn|[from] item: Leftovers
|-damage|p1a: Great Tusk|83/100 brn|[from] brn
|upkeep
|turn|11
|
|t:|1757896765
|move|p1a: Great Tusk|Earthquake|p2a: Slither Wing
|-resisted|p2a: Slither Wing
|-damage|p2a: Slither Wing|11/100
|move|p2a: Slither Wing|Morning Sun|p2a: Slither Wing
|-heal|p2a: Slither Wing|36/100
|
|-weather|Snowscape|[upkeep]
|-heal|p1a: Great Tusk|89/100 brn|[from] item: Leftovers
|-damage|p1a: Great Tusk|83/100 brn|[from] brn
|upkeep
|turn|12
|
|t:|1757896774
|move|p1a: Great Tusk|Bulk Up|p1a: Great Tusk
|-boost|p1a: Great Tusk|atk|1
|-boost|p1a: Great Tusk|def|1
|move|p2a: Slither Wing|Morning Sun|p2a: Slither Wing
|-heal|p2a: Slither Wing|61/100
|
|-weather|none
|-heal|p1a: Great Tusk|89/100 brn|[from] item: Leftovers
|-damage|p1a: Great Tusk|83/100 brn|[from] brn
|upkeep
|turn|13
|
|t:|1757896782
|-end|p2a: Slither Wing|Protosynthesis|[silent]
|switch|p2a: Wo-Chien|Wo-Chien|100/100
|-ability|p2a: Wo-Chien|Tablets of Ruin
|move|p1a: Great Tusk|Rapid Spin|p2a: Wo-Chien
|-damage|p2a: Wo-Chien|93/100
|-boost|p1a: Great Tusk|spe|1
|
|-heal|p1a: Great Tusk|89/100 brn|[from] item: Leftovers
|-heal|p2a: Wo-Chien|99/100|[from] item: Leftovers
|-damage|p1a: Great Tusk|83/100 brn|[from] brn
|upkeep
|turn|14
|
|t:|1757896789
|move|p1a: Great Tusk|Knock Off|p2a: Wo-Chien
|-resisted|p2a: Wo-Chien
|-damage|p2a: Wo-Chien|91/100
|-enditem|p2a: Wo-Chien|Leftovers|[from] move: Knock Off|[of] p1a: Great Tusk
|move|p2a: Wo-Chien|Leech Seed|p1a: Great Tusk
|-start|p1a: Great Tusk|move: Leech Seed
|
|-heal|p1a: Great Tusk|89/100 brn|[from] item: Leftovers
|-damage|p1a: Great Tusk|77/100 brn|[from] Leech Seed|[of] p2a: Wo-Chien
|-heal|p2a: Wo-Chien|100/100|[silent]
|-damage|p1a: Great Tusk|71/100 brn|[from] brn
|upkeep
|turn|15
|
|t:|1757896795
|-end|p1a: Great Tusk|Protosynthesis|[silent]
|switch|p1a: Lokix|Lokix, M|100/100
|move|p2a: Wo-Chien|Ruination|p1a: Lokix
|-damage|p1a: Lokix|51/100
|
|upkeep
|turn|16
|
|t:|1757896809
|-terastallize|p1a: Lokix|Bug
|move|p2a: Wo-Chien|Protect|p2a: Wo-Chien
|-singleturn|p2a: Wo-Chien|Protect
|move|p1a: Lokix|Leech Life|p2a: Wo-Chien
|-activate|p2a: Wo-Chien|move: Protect
|
|upkeep
|turn|17
|
|t:|1757896818
|switch|p2a: Pecharunt|Pecharunt|100/100
|move|p1a: Lokix|Leech Life|p2a: Pecharunt
|-resisted|p2a: Pecharunt
|-damage|p2a: Pecharunt|82/100
|-heal|p1a: Lokix|62/100|[from] drain|[of] p2a: Pecharunt
|-damage|p1a: Lokix|45/100|[from] item: Rocky Helmet|[of] p2a: Pecharunt
|
|upkeep
|turn|18
|
|t:|1757896832
|switch|p1a: Slowking|Slowking-Galar, M|100/100
|move|p2a: Pecharunt|Shadow Ball|p1a: Slowking
|-supereffective|p1a: Slowking
|-damage|p1a: Slowking|56/100
|
|upkeep
|turn|19
|
|t:|1757896839
|move|p2a: Pecharunt|Shadow Ball|p1a: Slowking
|-supereffective|p1a: Slowking
|-damage|p1a: Slowking|7/100
|move|p1a: Slowking|Future Sight|p2a: Pecharunt
|-start|p1a: Slowking|move: Future Sight
|
|upkeep
|turn|20
|
|t:|1757896847
|switch|p1a: Alomomola|Alomomola, F|100/100
|move|p2a: Pecharunt|Malignant Chain|p1a: Alomomola
|-damage|p1a: Alomomola|81/100
|
|upkeep
|turn|21
|
|t:|1757896855
|switch|p2a: Wo-Chien|Wo-Chien|100/100
|-ability|p2a: Wo-Chien|Tablets of Ruin
|move|p1a: Alomomola|Flip Turn|p2a: Wo-Chien
|-resisted|p2a: Wo-Chien
|-damage|p2a: Wo-Chien|95/100
|
|t:|1757896873
|switch|p1a: Cinderace|Cinderace, F|100/100|[from] Flip Turn
|
|-end|p2a: Wo-Chien|move: Future Sight
|-immune|p2a: Wo-Chien
|upkeep
|turn|22
|
|t:|1757896880
|move|p2a: Wo-Chien|Protect|p2a: Wo-Chien
|-singleturn|p2a: Wo-Chien|Protect
|move|p1a: Cinderace|Pyro Ball|p2a: Wo-Chien
|-activate|p2a: Wo-Chien|move: Protect
|
|upkeep
|turn|23
|
|t:|1757896886
|switch|p2a: Garganacl|Garganacl, M|83/100
|move|p1a: Cinderace|U-turn|p2a: Garganacl
|-damage|p2a: Garganacl|71/100
|
|t:|1757896898
|switch|p1a: Lokix|Lokix, M, tera:Bug|45/100|[from] U-turn
|
|-heal|p2a: Garganacl|77/100|[from] item: Leftovers
|upkeep
|turn|24
|
|t:|1757896904
|move|p1a: Lokix|Leech Life|p2a: Garganacl
|-damage|p2a: Garganacl|27/100
|-heal|p1a: Lokix|79/100|[from] drain|[of] p2a: Garganacl
|move|p2a: Garganacl|Salt Cure|p1a: Lokix
|-supereffective|p1a: Lokix
|-damage|p1a: Lokix|36/100
|-start|p1a: Lokix|Salt Cure
|
|-heal|p2a: Garganacl|33/100|[from] item: Leftovers
|-damage|p1a: Lokix|24/100|[from] Salt Cure
|upkeep
|turn|25
|
|t:|1757896918
|switch|p1a: Alomomola|Alomomola, F|100/100
|switch|p2a: Pecharunt|Pecharunt|82/100
|
|upkeep
|turn|26
|
|t:|1757896923
|move|p2a: Pecharunt|Malignant Chain|p1a: Alomomola
|-damage|p1a: Alomomola|84/100
|move|p1a: Alomomola|Flip Turn|p2a: Pecharunt
|-damage|p2a: Pecharunt|73/100
|-damage|p1a: Alomomola|67/100|[from] item: Rocky Helmet|[of] p2a: Pecharunt
|
|t:|1757896930
|switch|p1a: Lokix|Lokix, M, tera:Bug|24/100|[from] Flip Turn
|
|upkeep
|turn|27
|
|t:|1757896936
|switch|p2a: Slither Wing|Slither Wing|61/100
|move|p1a: Lokix|Knock Off|p2a: Slither Wing
|-resisted|p2a: Slither Wing
|-damage|p2a: Slither Wing|20/100
|
|upkeep
|turn|28
|
|t:|1757896948
|switch|p1a: Great Tusk|Great Tusk|71/100 brn
|move|p2a: Slither Wing|First Impression|p1a: Great Tusk
|-resisted|p1a: Great Tusk
|-damage|p1a: Great Tusk|60/100 brn
|
|-heal|p1a: Great Tusk|66/100 brn|[from] item: Leftovers
|-damage|p1a: Great Tusk|60/100 brn|[from] brn
|upkeep
|turn|29
|
|t:|1757896959
|-end|p1a: Great Tusk|Protosynthesis|[silent]
|switch|p1a: Cinderace|Cinderace, F|100/100
|move|p2a: Slither Wing|Morning Sun|p2a: Slither Wing
|-heal|p2a: Slither Wing|70/100
|
|upkeep
|turn|30
|
|t:|1757896969
|-end|p2a: Slither Wing|Protosynthesis|[silent]
|switch|p2a: Pecharunt|Pecharunt|73/100
|move|p1a: Cinderace|Pyro Ball|p2a: Pecharunt
|-damage|p2a: Pecharunt|48/100
|
|upkeep
|turn|31
|
|t:|1757896975
|move|p1a: Cinderace|Will-O-Wisp|p2a: Pecharunt
|-status|p2a: Pecharunt|brn
|move|p2a: Pecharunt|Recover|p2a: Pecharunt
|-heal|p2a: Pecharunt|98/100 brn
|
|-damage|p2a: Pecharunt|92/100 brn|[from] brn
|upkeep
|turn|32
|
|t:|1757896984
|switch|p1a: Alomomola|Alomomola, F|99/100
|move|p2a: Pecharunt|Shadow Ball|p1a: Alomomola
|-damage|p1a: Alomomola|87/100
|
|-damage|p2a: Pecharunt|85/100 brn|[from] brn
|upkeep
|turn|33
|
|t:|1757896996
|move|p2a: Pecharunt|Malignant Chain|p1a: Alomomola
|-damage|p1a: Alomomola|68/100
|-status|p1a: Alomomola|tox
|-start|p1a: Alomomola|confusion|[from] ability: Poison Puppeteer|[of] p2a: Pecharunt
|-activate|p1a: Alomomola|confusion
|move|p1a: Alomomola|Mirror Coat|p2a: Pecharunt
|-damage|p2a: Pecharunt|26/100 brn
|
|-damage|p1a: Alomomola|62/100 tox|[from] psn
|-damage|p2a: Pecharunt|20/100 brn|[from] brn
|upkeep
|turn|34
|
|t:|1757897005
|move|p2a: Pecharunt|Recover|p2a: Pecharunt
|-heal|p2a: Pecharunt|70/100 brn
|-end|p1a: Alomomola|confusion
|move|p1a: Alomomola|Flip Turn|p2a: Pecharunt
|-damage|p2a: Pecharunt|61/100 brn
|-damage|p1a: Alomomola|46/100 tox|[from] item: Rocky Helmet|[of] p2a: Pecharunt
|
|t:|1757897009
|switch|p1a: Lokix|Lokix, M, tera:Bug|24/100|[from] Flip Turn
|
|-damage|p2a: Pecharunt|55/100 brn|[from] brn
|upkeep
|turn|35
|inactive|myree has 120 seconds left.
|
|t:|1757897050
|-terastallize|p2a: Pecharunt|Dark
|move|p1a: Lokix|Knock Off|p2a: Pecharunt
|-resisted|p2a: Pecharunt
|-damage|p2a: Pecharunt|15/100 brn
|-damage|p1a: Lokix|8/100|[from] item: Rocky Helmet|[of] p2a: Pecharunt
|-enditem|p2a: Pecharunt|Rocky Helmet|[from] move: Knock Off|[of] p1a: Lokix
|move|p2a: Pecharunt|Malignant Chain|p1a: Lokix
|-damage|p1a: Lokix|0 fnt
|faint|p1a: Lokix
|
|-damage|p2a: Pecharunt|9/100 brn|[from] brn
|upkeep
|inactive|imjjjyyyhhh has 120 seconds left.
|
|t:|1757897092
|switch|p1a: Enamorus|Enamorus, F|100/100
|turn|36
|inactive|myree has 120 seconds left.
|
|t:|1757897109
|switch|p2a: Slither Wing|Slither Wing|70/100
|move|p1a: Enamorus|Moonblast|p2a: Slither Wing
|-supereffective|p2a: Slither Wing
|-damage|p2a: Slither Wing|0 fnt
|faint|p2a: Slither Wing
|-end|p2a: Slither Wing|Protosynthesis|[silent]
|
|upkeep
|
|t:|1757897116
|switch|p2a: Ogerpon|Ogerpon-Cornerstone, F|100/100
|turn|37
|
|t:|1757897129
|switch|p1a: Cinderace|Cinderace, F|100/100
|move|p2a: Ogerpon|Ivy Cudgel|p1a: Cinderace|[anim] Ivy Cudgel Rock
|-supereffective|p1a: Cinderace
|-damage|p1a: Cinderace|0 fnt
|faint|p1a: Cinderace
|
|upkeep
|inactive|imjjjyyyhhh has 120 seconds left.
|
|t:|1757897159
|switch|p1a: Alomomola|Alomomola, F|79/100 tox
|turn|38
|
|t:|1757897164
|move|p2a: Ogerpon|Swords Dance|p2a: Ogerpon
|-boost|p2a: Ogerpon|atk|2
|move|p1a: Alomomola|Flip Turn|p2a: Ogerpon
|-damage|p2a: Ogerpon|83/100
|
|t:|1757897174
|switch|p1a: Enamorus|Enamorus, F|100/100|[from] Flip Turn
|
|upkeep
|turn|39
|
|t:|1757897178
|move|p1a: Enamorus|Moonblast|p2a: Ogerpon
|-damage|p2a: Ogerpon|25/100
|-unboost|p2a: Ogerpon|spa|1
|move|p2a: Ogerpon|Ivy Cudgel|p1a: Enamorus|[anim] Ivy Cudgel Rock
|-supereffective|p1a: Enamorus
|-damage|p1a: Enamorus|0 fnt
|faint|p1a: Enamorus
|
|upkeep
|-message|imjjjyyyhhh forfeited.
|
|win|myree
|raw|imjjjyyyhhh's rating: 1451 &rarr; <strong>1431</strong><br />(-20 for losing)
|raw|myree's rating: 1454 &rarr; <strong>1474</strong><br />(+20 for winning)
|l|☆imjjjyyyhhh
|player|p1|
|l|‽myree
|player|p2|
