|j|☆poketronia
|j|☆summerise
|t:|1757798828
|gametype|singles
|player|p1|poketronia|agatha-gen1|1146
|player|p2|summerise|bugcatcher-gen4dp|1198
|gen|9
|tier|[Gen 9] OU
|rated|
|rule|HP Percentage Mod: HP is shown in percentages
|rule|Endless Battle Clause: Forcing endless battles is banned
|rule|Species Clause: Limit one of each Pokémon
|rule|OHKO Clause: OHKO moves are banned
|rule|Evasion Items Clause: Evasion items are banned
|rule|Evasion Moves Clause: Evasion moves are banned
|rule|Evasion Abilities Clause: Evasion abilities are banned
|rule|Sleep Moves Clause: Sleep-inducing moves are banned
|clearpoke
|poke|p1|Great Tusk|
|poke|p1|Hydrapple, M|
|poke|p1|Corviknight, M|
|poke|p1|Clefable, F|
|poke|p1|Manaphy|
|poke|p1|Deoxys-Defense|
|poke|p2|Dragapult, F|
|poke|p2|Moltres|
|poke|p2|Ogerpon-Cornerstone, F|
|poke|p2|Samurott-Hisui, M|
|poke|p2|Landorus-Therian, M|
|poke|p2|Zamazenta-*|
|teampreview
|inactive|Battle timer is ON: inactive players will automatically lose when time's up. (requested by summerise)
|
|t:|1757798844
|teamsize|p1|6
|teamsize|p2|6
|start
|switch|p1a: Manaphy|Manaphy, shiny|100/100
|switch|p2a: Landorus|Landorus-Therian, M|100/100
|-ability|p2a: Landorus|Intimidate|boost
|-unboost|p1a: Manaphy|atk|1
|turn|1
|
|t:|1757798852
|move|p1a: Manaphy|Tail Glow|p1a: Manaphy
|-boost|p1a: Manaphy|spa|3
|move|p2a: Landorus|Taunt|p1a: Manaphy
|-start|p1a: Manaphy|move: Taunt
|
|upkeep
|turn|2
|
|t:|1757798863
|switch|p2a: Dragapult|Dragapult, F|100/100
|move|p1a: Manaphy|Grass Knot|p2a: Dragapult
|-resisted|p2a: Dragapult
|-damage|p2a: Dragapult|62/100
|
|upkeep
|turn|3
|
|t:|1757798874
|-terastallize|p1a: Manaphy|Fairy
|move|p2a: Dragapult|Dragon Darts|p1a: Manaphy
|-immune|p1a: Manaphy
|move|p1a: Manaphy|Alluring Voice|p2a: Dragapult
|-supereffective|p2a: Dragapult
|-damage|p2a: Dragapult|0 fnt
|faint|p2a: Dragapult
|
|upkeep
|
|t:|1757798880
|switch|p2a: Zamazenta|Zamazenta|100/100
|-ability|p2a: Zamazenta|Dauntless Shield|boost
|-boost|p2a: Zamazenta|def|1
|turn|4
|inactive|poketronia has 120 seconds left.
|
|t:|1757798912
|move|p2a: Zamazenta|Iron Head|p1a: Manaphy
|-supereffective|p1a: Manaphy
|-damage|p1a: Manaphy|55/100
|move|p1a: Manaphy|Alluring Voice|p2a: Zamazenta
|-supereffective|p2a: Zamazenta
|-damage|p2a: Zamazenta|0 fnt
|faint|p2a: Zamazenta
|
|-heal|p1a: Manaphy|61/100|[from] item: Leftovers
|-end|p1a: Manaphy|move: Taunt
|upkeep
|
|t:|1757798922
|switch|p2a: Ogerpon|Ogerpon-Cornerstone, F|100/100
|turn|5
|
|t:|1757798926
|move|p2a: Ogerpon|Ivy Cudgel|p1a: Manaphy|[anim] Ivy Cudgel Rock
|-damage|p1a: Manaphy|3/100
|move|p1a: Manaphy|Grass Knot|p2a: Ogerpon
|-damage|p2a: Ogerpon|54/100
|
|-heal|p1a: Manaphy|9/100|[from] item: Leftovers
|upkeep
|turn|6
|
|t:|1757798943
|switch|p1a: Hydrapple|Hydrapple, M|100/100
|move|p2a: Ogerpon|Swords Dance|p2a: Ogerpon
|-boost|p2a: Ogerpon|atk|2
|
|upkeep
|turn|7
|
|t:|1757798951
|move|p2a: Ogerpon|Play Rough|p1a: Hydrapple
|-supereffective|p1a: Hydrapple
|-damage|p1a: Hydrapple|9/100
|move|p1a: Hydrapple|Nasty Plot|p1a: Hydrapple
|-boost|p1a: Hydrapple|spa|2
|
|-heal|p1a: Hydrapple|15/100|[from] item: Leftovers
|upkeep
|turn|8
|
|t:|1757798962
|switch|p1a: Clefable|Clefable, F, shiny|100/100
|move|p2a: Ogerpon|Ivy Cudgel|p1a: Clefable|[anim] Ivy Cudgel Rock
|-damage|p1a: Clefable|0 fnt
|faint|p1a: Clefable
|
|upkeep
|
|t:|1757798972
|switch|p1a: Manaphy|Manaphy, shiny, tera:Fairy|9/100
|turn|9
|
|t:|1757798977
|move|p2a: Ogerpon|Horn Leech|p1a: Manaphy
|-damage|p1a: Manaphy|0 fnt
|-heal|p2a: Ogerpon|58/100|[from] drain|[of] p1a: Manaphy
|faint|p1a: Manaphy
|
|upkeep
|
|t:|1757798983
|switch|p1a: Deoxys|Deoxys-Defense|100/100
|-ability|p1a: Deoxys|Pressure
|turn|10
|
|t:|1757798989
|move|p2a: Ogerpon|Horn Leech|p1a: Deoxys
|-damage|p1a: Deoxys|38/100
|-heal|p2a: Ogerpon|90/100|[from] drain|[of] p1a: Deoxys
|move|p1a: Deoxys|Cosmic Power|p1a: Deoxys
|-boost|p1a: Deoxys|def|1
|-boost|p1a: Deoxys|spd|1
|
|-heal|p1a: Deoxys|44/100|[from] item: Leftovers
|upkeep
|turn|11
|-message|poketronia forfeited.
|
|win|summerise
|raw|poketronia's rating: 1146 &rarr; <strong>1125</strong><br />(-21 for losing)
|raw|summerise's rating: 1198 &rarr; <strong>1219</strong><br />(+21 for winning)
|l|☆poketronia
|player|p1|
