|j|☆mach95a113
|j|☆YourFriendSanti
|t:|1757819134
|gametype|singles
|player|p1|mach95a113|gardenia|1099
|player|p2|YourFriendSanti|hilbert-wonderlauncher|1106
|gen|9
|tier|[Gen 9] OU
|rated|
|rule|HP Percentage Mod: HP is shown in percentages
|rule|Endless Battle Clause: Forcing endless battles is banned
|rule|Species Clause: Limit one of each Pokémon
|rule|OHKO Clause: OHKO moves are banned
|rule|Evasion Items Clause: Evasion items are banned
|rule|Evasion Moves Clause: Evasion moves are banned
|rule|Evasion Abilities Clause: Evasion abilities are banned
|rule|Sleep Moves Clause: Sleep-inducing moves are banned
|clearpoke
|poke|p1|Ninetales-Alola, M|
|poke|p1|Slowking-Galar, F|
|poke|p1|Primarina, M|
|poke|p1|Kyurem|
|poke|p1|Gastrodon-East, F|
|poke|p1|Cryogonal|
|poke|p2|Lilligant, F|
|poke|p2|Pawmot, F|
|poke|p2|Hatterene, F|
|poke|p2|Rillaboom, F|
|poke|p2|Torkoal, M|
|poke|p2|Corviknight, M|
|teampreview
|c|☆mach95a113|Good luck!
|c|☆YourFriendSanti|thank youuuu :)
|
|t:|1757819166
|teamsize|p1|6
|teamsize|p2|6
|start
|switch|p1a: Gastrodon|Gastrodon-East, F|100/100
|switch|p2a: Torkoal|Torkoal, M|100/100
|-weather|SunnyDay|[from] ability: Drought|[of] p2a: Torkoal
|turn|1
|
|t:|1757819174
|switch|p2a: Corviknight|Corviknight, M|100/100
|-ability|p2a: Corviknight|Pressure
|move|p1a: Gastrodon|Stealth Rock|p2a: Corviknight
|-sidestart|p2: YourFriendSanti|move: Stealth Rock
|
|-weather|SunnyDay|[upkeep]
|upkeep
|turn|2
|
|t:|1757819183
|switch|p1a: Slowking|Slowking-Galar, F|100/100
|move|p2a: Corviknight|Iron Defense|p2a: Corviknight
|-boost|p2a: Corviknight|def|2
|
|-weather|SunnyDay|[upkeep]
|upkeep
|turn|3
|
|t:|1757819190
|move|p2a: Corviknight|Iron Defense|p2a: Corviknight
|-boost|p2a: Corviknight|def|2
|-prepare|p1a: Slowking|Chilly Reception|[premajor]
|move|p1a: Slowking|Chilly Reception|p1a: Slowking
|-weather|Snowscape
|
|t:|1757819197
|switch|p1a: Ninetales|Ninetales-Alola, M|100/100|[from] Chilly Reception
|
|-weather|Snowscape|[upkeep]
|upkeep
|turn|4
|
|t:|1757819207
|move|p1a: Ninetales|Encore|p2a: Corviknight
|-start|p2a: Corviknight|Encore
|move|p2a: Corviknight|Iron Defense|p2a: Corviknight
|-boost|p2a: Corviknight|def|2
|
|-weather|Snowscape|[upkeep]
|upkeep
|turn|5
|
|t:|1757819211
|move|p1a: Ninetales|Aurora Veil|p1a: Ninetales
|-sidestart|p1: mach95a113|move: Aurora Veil
|move|p2a: Corviknight|Iron Defense|p2a: Corviknight
|-boost|p2a: Corviknight|def|0
|
|-weather|Snowscape|[upkeep]
|upkeep
|turn|6
|
|t:|1757819216
|move|p1a: Ninetales|Nasty Plot|p1a: Ninetales
|-boost|p1a: Ninetales|spa|2
|move|p2a: Corviknight|Iron Defense|p2a: Corviknight
|-boost|p2a: Corviknight|def|0
|
|-weather|Snowscape|[upkeep]
|-end|p2a: Corviknight|Encore
|upkeep
|turn|7
|
|t:|1757819219
|move|p1a: Ninetales|Encore|p2a: Corviknight
|-start|p2a: Corviknight|Encore
|move|p2a: Corviknight|Iron Defense|p2a: Corviknight
|-boost|p2a: Corviknight|def|0
|
|-weather|none
|upkeep
|turn|8
|
|t:|1757819228
|move|p1a: Ninetales|Blizzard|p2a: Corviknight|[miss]
|-miss|p1a: Ninetales|p2a: Corviknight
|move|p2a: Corviknight|Iron Defense|p2a: Corviknight
|-boost|p2a: Corviknight|def|0
|
|upkeep
|turn|9
|
|t:|1757819234
|move|p1a: Ninetales|Blizzard|p2a: Corviknight
|-damage|p2a: Corviknight|21/100
|move|p2a: Corviknight|Iron Defense|p2a: Corviknight
|-boost|p2a: Corviknight|def|0
|
|-end|p2a: Corviknight|Encore
|-sideend|p1: mach95a113|move: Aurora Veil
|upkeep
|turn|10
|
|t:|1757819240
|move|p1a: Ninetales|Encore|p2a: Corviknight
|-start|p2a: Corviknight|Encore
|move|p2a: Corviknight|Iron Defense|p2a: Corviknight
|-boost|p2a: Corviknight|def|0
|
|upkeep
|turn|11
|
|t:|1757819245
|switch|p1a: Primarina|Primarina, M|100/100
|move|p2a: Corviknight|Iron Defense|p2a: Corviknight
|-boost|p2a: Corviknight|def|0
|
|upkeep
|turn|12
|
|t:|1757819249
|switch|p1a: Ninetales|Ninetales-Alola, M|100/100
|-weather|Snowscape|[from] ability: Snow Warning|[of] p1a: Ninetales
|move|p2a: Corviknight|Iron Defense|p2a: Corviknight
|-boost|p2a: Corviknight|def|0
|
|-weather|Snowscape|[upkeep]
|-end|p2a: Corviknight|Encore
|upkeep
|turn|13
|
|t:|1757819253
|move|p1a: Ninetales|Blizzard|p2a: Corviknight
|-damage|p2a: Corviknight|0 fnt
|faint|p2a: Corviknight
|
|-weather|Snowscape|[upkeep]
|upkeep
|
|t:|1757819257
|switch|p2a: Torkoal|Torkoal, M|100/100
|-damage|p2a: Torkoal|76/100|[from] Stealth Rock
|-weather|SunnyDay|[from] ability: Drought|[of] p2a: Torkoal
|turn|14
|
|t:|1757819270
|switch|p1a: Primarina|Primarina, M|100/100
|move|p2a: Torkoal|Lava Plume|p1a: Primarina
|-resisted|p1a: Primarina
|-damage|p1a: Primarina|82/100
|
|-weather|SunnyDay|[upkeep]
|upkeep
|turn|15
|
|t:|1757819283
|switch|p2a: Rillaboom|Rillaboom, F|100/100
|-damage|p2a: Rillaboom|88/100|[from] Stealth Rock
|-fieldstart|move: Grassy Terrain|[from] ability: Grassy Surge|[of] p2a: Rillaboom
|move|p1a: Primarina|Psychic Noise|p2a: Rillaboom
|-resisted|p2a: Rillaboom
|-damage|p2a: Rillaboom|75/100
|-start|p2a: Rillaboom|move: Heal Block
|
|-weather|SunnyDay|[upkeep]
|-heal|p1a: Primarina|88/100|[from] Grassy Terrain
|upkeep
|turn|16
|
|t:|1757819303
|switch|p1a: Slowking|Slowking-Galar, F|100/100
|move|p2a: Rillaboom|Grassy Glide|p1a: Slowking
|-resisted|p1a: Slowking
|-damage|p1a: Slowking|80/100
|
|-weather|SunnyDay|[upkeep]
|-heal|p1a: Slowking|86/100|[from] Grassy Terrain
|-end|p2a: Rillaboom|move: Heal Block
|upkeep
|turn|17
|
|t:|1757819310
|move|p2a: Rillaboom|Knock Off|p1a: Slowking
|-supereffective|p1a: Slowking
|-damage|p1a: Slowking|4/100
|-enditem|p1a: Slowking|Heavy-Duty Boots|[from] move: Knock Off|[of] p2a: Rillaboom
|move|p1a: Slowking|Future Sight|p2a: Rillaboom
|-start|p1a: Slowking|move: Future Sight
|
|-weather|SunnyDay|[upkeep]
|-heal|p2a: Rillaboom|81/100|[from] Grassy Terrain
|-heal|p1a: Slowking|10/100|[from] Grassy Terrain
|upkeep
|turn|18
|
|t:|1757819319
|move|p2a: Rillaboom|Grassy Glide|p1a: Slowking
|-resisted|p1a: Slowking
|-damage|p1a: Slowking|0 fnt
|faint|p1a: Slowking
|
|-weather|SunnyDay|[upkeep]
|-heal|p2a: Rillaboom|87/100|[from] Grassy Terrain
|upkeep
|
|t:|1757819323
|switch|p1a: Ninetales|Ninetales-Alola, M|100/100
|-weather|Snowscape|[from] ability: Snow Warning|[of] p1a: Ninetales
|turn|19
|
|t:|1757819334
|switch|p1a: Kyurem|Kyurem|100/100
|-ability|p1a: Kyurem|Pressure
|switch|p2a: Torkoal|Torkoal, M|76/100
|-damage|p2a: Torkoal|51/100|[from] Stealth Rock
|-weather|SunnyDay|[from] ability: Drought|[of] p2a: Torkoal
|
|-weather|SunnyDay|[upkeep]
|-end|p2a: Torkoal|move: Future Sight
|-damage|p2a: Torkoal|0 fnt
|faint|p2a: Torkoal
|upkeep
|
|t:|1757819349
|switch|p2a: Hatterene|Hatterene, F|100/100
|-damage|p2a: Hatterene|88/100|[from] Stealth Rock
|-enditem|p2a: Hatterene|Grassy Seed
|-boost|p2a: Hatterene|def|1|[from] item: Grassy Seed
|turn|20
|
|t:|1757819358
|switch|p1a: Ninetales|Ninetales-Alola, M|100/100
|-weather|Snowscape|[from] ability: Snow Warning|[of] p1a: Ninetales
|move|p2a: Hatterene|Draining Kiss|p1a: Ninetales
|-damage|p1a: Ninetales|73/100
|-heal|p2a: Hatterene|100/100|[from] drain|[of] p1a: Ninetales
|
|-weather|Snowscape|[upkeep]
|-heal|p1a: Ninetales|79/100|[from] Grassy Terrain
|upkeep
|turn|21
|
|t:|1757819364
|move|p1a: Ninetales|Aurora Veil|p1a: Ninetales
|-sidestart|p1: mach95a113|move: Aurora Veil
|move|p2a: Hatterene|Calm Mind|p2a: Hatterene
|-boost|p2a: Hatterene|spa|1
|-boost|p2a: Hatterene|spd|1
|
|-weather|Snowscape|[upkeep]
|-heal|p1a: Ninetales|85/100|[from] Grassy Terrain
|upkeep
|turn|22
|
|t:|1757819371
|move|p1a: Ninetales|Nasty Plot|p1a: Ninetales
|-boost|p1a: Ninetales|spa|2
|move|p2a: Hatterene|Calm Mind|p2a: Hatterene
|-boost|p2a: Hatterene|spa|1
|-boost|p2a: Hatterene|spd|1
|
|-weather|Snowscape|[upkeep]
|-heal|p1a: Ninetales|91/100|[from] Grassy Terrain
|-fieldend|move: Grassy Terrain
|upkeep
|turn|23
|
|t:|1757819381
|move|p1a: Ninetales|Nasty Plot|p1a: Ninetales
|-boost|p1a: Ninetales|spa|2
|move|p2a: Hatterene|Calm Mind|p2a: Hatterene
|-boost|p2a: Hatterene|spa|1
|-boost|p2a: Hatterene|spd|1
|
|-weather|Snowscape|[upkeep]
|upkeep
|turn|24
|
|t:|1757819386
|move|p1a: Ninetales|Nasty Plot|p1a: Ninetales
|-boost|p1a: Ninetales|spa|2
|move|p2a: Hatterene|Mystical Fire|p1a: Ninetales
|-supereffective|p1a: Ninetales
|-damage|p1a: Ninetales|25/100
|-unboost|p1a: Ninetales|spa|1
|
|-weather|Snowscape|[upkeep]
|upkeep
|turn|25
|
|t:|1757819404
|move|p1a: Ninetales|Blizzard|p2a: Hatterene
|-damage|p2a: Hatterene|52/100
|move|p2a: Hatterene|Mystical Fire|p1a: Ninetales
|-supereffective|p1a: Ninetales
|-damage|p1a: Ninetales|0 fnt
|faint|p1a: Ninetales
|
|-weather|Snowscape|[upkeep]
|-sideend|p1: mach95a113|move: Aurora Veil
|upkeep
|
|t:|1757819428
|switch|p1a: Kyurem|Kyurem|100/100
|-ability|p1a: Kyurem|Pressure
|turn|26
|
|t:|1757819434
|-terastallize|p1a: Kyurem|Steel
|move|p1a: Kyurem|Blizzard|p2a: Hatterene
|-damage|p2a: Hatterene|28/100
|move|p2a: Hatterene|Draining Kiss|p1a: Kyurem
|-resisted|p1a: Kyurem
|-damage|p1a: Kyurem|73/100
|-heal|p2a: Hatterene|54/100|[from] drain|[of] p1a: Kyurem
|
|-weather|Snowscape|[upkeep]
|upkeep
|turn|27
|
|t:|1757819446
|move|p1a: Kyurem|Blizzard|p2a: Hatterene
|-damage|p2a: Hatterene|33/100
|move|p2a: Hatterene|Mystical Fire|p1a: Kyurem
|-supereffective|p1a: Kyurem
|-damage|p1a: Kyurem|0 fnt
|faint|p1a: Kyurem
|
|-weather|none
|upkeep
|
|t:|1757819454
|switch|p1a: Cryogonal|Cryogonal|100/100
|turn|28
|
|t:|1757819457
|move|p1a: Cryogonal|Snowscape|p1a: Cryogonal
|-weather|Snowscape
|move|p2a: Hatterene|Mystical Fire|p1a: Cryogonal
|-supereffective|p1a: Cryogonal
|-damage|p1a: Cryogonal|12/100
|-unboost|p1a: Cryogonal|spa|1
|
|-weather|Snowscape|[upkeep]
|upkeep
|turn|29
|
|t:|1757819464
|move|p1a: Cryogonal|Blizzard|p2a: Hatterene
|-damage|p2a: Hatterene|25/100
|move|p2a: Hatterene|Draining Kiss|p1a: Cryogonal
|-damage|p1a: Cryogonal|0 fnt
|-heal|p2a: Hatterene|35/100|[from] drain|[of] p1a: Cryogonal
|faint|p1a: Cryogonal
|
|-weather|Snowscape|[upkeep]
|upkeep
|
|t:|1757819483
|switch|p1a: Primarina|Primarina, M|88/100
|turn|30
|
|t:|1757819489
|-terastallize|p2a: Hatterene|Steel
|move|p1a: Primarina|Blizzard|p2a: Hatterene
|-resisted|p2a: Hatterene
|-damage|p2a: Hatterene|28/100
|move|p2a: Hatterene|Psychic|p1a: Primarina
|-damage|p1a: Primarina|0 fnt
|faint|p1a: Primarina
|
|-weather|Snowscape|[upkeep]
|upkeep
|
|t:|1757819495
|switch|p1a: Gastrodon|Gastrodon-East, F|100/100
|turn|31
|
|t:|1757819503
|move|p1a: Gastrodon|Blizzard|p2a: Hatterene
|-resisted|p2a: Hatterene
|-damage|p2a: Hatterene|23/100
|-status|p2a: Hatterene|frz
|cant|p2a: Hatterene|frz
|
|-weather|Snowscape|[upkeep]
|upkeep
|turn|32
|
|t:|1757819511
|move|p1a: Gastrodon|Blizzard|p2a: Hatterene
|-resisted|p2a: Hatterene
|-damage|p2a: Hatterene|18/100 frz
|cant|p2a: Hatterene|frz
|
|-weather|none
|upkeep
|turn|33
|
|t:|1757819517
|move|p1a: Gastrodon|Surf|p2a: Hatterene
|-damage|p2a: Hatterene|5/100 frz
|cant|p2a: Hatterene|frz
|
|upkeep
|turn|34
|
|t:|1757819522
|move|p1a: Gastrodon|Surf|p2a: Hatterene
|-damage|p2a: Hatterene|0 fnt
|faint|p2a: Hatterene
|
|upkeep
|
|t:|1757819528
|switch|p2a: Pawmot|Pawmot, F|100/100
|-damage|p2a: Pawmot|94/100|[from] Stealth Rock
|turn|35
|
|t:|1757819537
|move|p2a: Pawmot|Mach Punch|p1a: Gastrodon
|-damage|p1a: Gastrodon|66/100
|-damage|p2a: Pawmot|78/100|[from] item: Rocky Helmet|[of] p1a: Gastrodon
|-damage|p2a: Pawmot|68/100|[from] item: Life Orb
|move|p1a: Gastrodon|Stealth Rock||[still]
|-fail|p1a: Gastrodon
|
|upkeep
|turn|36
|
|t:|1757819544
|move|p2a: Pawmot|Ice Punch|p1a: Gastrodon
|-damage|p1a: Gastrodon|25/100
|-damage|p2a: Pawmot|52/100|[from] item: Rocky Helmet|[of] p1a: Gastrodon
|-damage|p2a: Pawmot|42/100|[from] item: Life Orb
|move|p1a: Gastrodon|Surf|p2a: Pawmot
|-damage|p2a: Pawmot|0 fnt
|faint|p2a: Pawmot
|
|upkeep
|
|t:|1757819547
|switch|p2a: Rillaboom|Rillaboom, F|87/100
|-damage|p2a: Rillaboom|75/100|[from] Stealth Rock
|-fieldstart|move: Grassy Terrain|[from] ability: Grassy Surge|[of] p2a: Rillaboom
|turn|37
|
|t:|1757819557
|move|p2a: Rillaboom|Grassy Glide|p1a: Gastrodon
|-supereffective|p1a: Gastrodon
|-damage|p1a: Gastrodon|0 fnt
|-damage|p2a: Rillaboom|58/100|[from] item: Rocky Helmet|[of] p1a: Gastrodon
|faint|p1a: Gastrodon
|
|win|YourFriendSanti
|raw|mach95a113's rating: 1099 &rarr; <strong>1075</strong><br />(-24 for losing)
|raw|YourFriendSanti's rating: 1106 &rarr; <strong>1130</strong><br />(+24 for winning)
|c|☆mach95a113|Gg
|c|☆YourFriendSanti|good gamee
|l|☆YourFriendSanti
|player|p2|
