|j|‽icefox
|j|☆Loutre-Monde
|t:|1757940167
|gametype|singles
|player|p1|icefox|giovanni|1383
|player|p2|Loutre-Monde|hilbert-wonderlauncher|1384
|gen|9
|tier|[Gen 9] OU
|rated|
|rule|HP Percentage Mod: HP is shown in percentages
|rule|Endless Battle Clause: Forcing endless battles is banned
|rule|Species Clause: Limit one of each Pokémon
|rule|OHKO Clause: OHKO moves are banned
|rule|Evasion Items Clause: Evasion items are banned
|rule|Evasion Moves Clause: Evasion moves are banned
|rule|Evasion Abilities Clause: Evasion abilities are banned
|rule|Sleep Moves Clause: Sleep-inducing moves are banned
|clearpoke
|poke|p1|Meowscarada, F|
|poke|p1|Hydreigon, M|
|poke|p1|Bisharp, M|
|poke|p1|Samurott-Hisui, F|
|poke|p1|Sableye, M|
|poke|p1|Muk-Alola, F|
|poke|p2|Corviknight, M|
|poke|p2|Great Tusk|
|poke|p2|Ceruledge, F|
|poke|p2|Serperior, M|
|poke|p2|Iron Valiant|
|poke|p2|Slowking-Galar, M|
|teampreview
|
|t:|1757940192
|teamsize|p1|6
|teamsize|p2|6
|start
|switch|p1a: Samurott|Samurott-Hisui, F|100/100
|switch|p2a: Raven|Corviknight, M|100/100
|-ability|p2a: Raven|Pressure
|turn|1
|
|t:|1757940206
|move|p1a: Samurott|Aqua Cutter|p2a: Raven
|-damage|p2a: Raven|68/100
|move|p2a: Raven|U-turn|p1a: Samurott
|-supereffective|p1a: Samurott
|-damage|p1a: Samurott|64/100
|
|t:|1757940212
|switch|p2a: Just a Plant|Serperior, M|100/100|[from] U-turn
|
|upkeep
|turn|2
|
|t:|1757940225
|switch|p1a: Meowscarada|Meowscarada, F|100/100
|move|p2a: Just a Plant|Glare|p1a: Meowscarada
|-status|p1a: Meowscarada|par
|
|upkeep
|turn|3
|inactive|Battle timer is ON: inactive players will automatically lose when time's up. (requested by Loutre-Monde)
|
|t:|1757940230
|switch|p2a: Raven|Corviknight, M|68/100
|-ability|p2a: Raven|Pressure
|move|p1a: Meowscarada|U-turn|p2a: Raven
|-start|p1a: Meowscarada|typechange|Bug|[from] ability: Protean
|-resisted|p2a: Raven
|-damage|p2a: Raven|63/100
|-damage|p1a: Meowscarada|84/100 par|[from] item: Rocky Helmet|[of] p2a: Raven
|
|t:|1757940245
|switch|p1a: Samurott|Samurott-Hisui, F|64/100|[from] U-turn
|
|upkeep
|turn|4
|
|t:|1757940255
|move|p1a: Samurott|Ceaseless Edge|p2a: Raven
|-damage|p2a: Raven|36/100
|-damage|p1a: Samurott|47/100|[from] item: Rocky Helmet|[of] p2a: Raven
|-sidestart|p2: Loutre-Monde|Spikes
|move|p2a: Raven|Roost|p2a: Raven
|-heal|p2a: Raven|86/100
|-singleturn|p2a: Raven|move: Roost
|
|upkeep
|turn|5
|
|t:|1757940267
|move|p1a: Samurott|Ceaseless Edge|p2a: Raven
|-damage|p2a: Raven|56/100
|-damage|p1a: Samurott|31/100|[from] item: Rocky Helmet|[of] p2a: Raven
|-sidestart|p2: Loutre-Monde|Spikes
|move|p2a: Raven|Defog|p1a: Samurott
|-unboost|p1a: Samurott|evasion|1
|-sideend|p2: Loutre-Monde|Spikes|[from] move: Defog|[of] p2a: Raven
|
|upkeep
|turn|6
|
|t:|1757940271
|move|p1a: Samurott|Ceaseless Edge|p2a: Raven
|-damage|p2a: Raven|27/100
|-damage|p1a: Samurott|14/100|[from] item: Rocky Helmet|[of] p2a: Raven
|-sidestart|p2: Loutre-Monde|Spikes
|move|p2a: Raven|Roost|p2a: Raven
|-heal|p2a: Raven|77/100
|-singleturn|p2a: Raven|move: Roost
|
|upkeep
|turn|7
|
|t:|1757940276
|switch|p1a: Bisharp|Bisharp, M, shiny|100/100
|move|p2a: Raven|Defog|p1a: Bisharp
|-unboost|p1a: Bisharp|evasion|1
|-ability|p1a: Bisharp|Defiant|boost
|-boost|p1a: Bisharp|atk|2
|-sideend|p2: Loutre-Monde|Spikes|[from] move: Defog|[of] p2a: Raven
|
|upkeep
|turn|8
|
|t:|1757940292
|move|p1a: Bisharp|Swords Dance|p1a: Bisharp
|-boost|p1a: Bisharp|atk|2
|move|p2a: Raven|U-turn|p1a: Bisharp
|-damage|p1a: Bisharp|91/100
|
|t:|1757940303
|switch|p2a: A Tusk Fall|Great Tusk|100/100|[from] U-turn
|
|upkeep
|turn|9
|
|t:|1757940312
|-terastallize|p1a: Bisharp|Dark
|move|p2a: A Tusk Fall|Headlong Rush|p1a: Bisharp
|-damage|p1a: Bisharp|52/100
|-unboost|p2a: A Tusk Fall|def|1
|-unboost|p2a: A Tusk Fall|spd|1
|move|p1a: Bisharp|Iron Head|p2a: A Tusk Fall
|-damage|p2a: A Tusk Fall|0 fnt
|faint|p2a: A Tusk Fall
|-end|p2a: A Tusk Fall|Protosynthesis|[silent]
|
|upkeep
|
|t:|1757940323
|switch|p2a: Gallamecha|Iron Valiant|100/100
|-enditem|p2a: Gallamecha|Booster Energy
|-activate|p2a: Gallamecha|ability: Quark Drive|[fromitem]
|-start|p2a: Gallamecha|quarkdrivespe
|turn|10
|
|t:|1757940336
|switch|p1a: Samurott|Samurott-Hisui, F|14/100
|move|p2a: Gallamecha|Moonblast|p1a: Samurott
|-supereffective|p1a: Samurott
|-damage|p1a: Samurott|0 fnt
|faint|p1a: Samurott
|
|upkeep
|
|t:|1757940339
|switch|p1a: Muk|Muk-Alola, F|100/100
|turn|11
|
|t:|1757940343
|-end|p2a: Gallamecha|Quark Drive|[silent]
|switch|p2a: Shelly|Slowking-Galar, M|100/100
|switch|p1a: Hydreigon|Hydreigon, M|100/100
|
|upkeep
|turn|12
|
|t:|1757940350
|move|p1a: Hydreigon|Dark Pulse|p2a: Shelly
|-supereffective|p2a: Shelly
|-damage|p2a: Shelly|37/100
|move|p2a: Shelly|Ice Beam|p1a: Hydreigon
|-supereffective|p1a: Hydreigon
|-damage|p1a: Hydreigon|27/100
|
|upkeep
|turn|13
|
|t:|1757940368
|switch|p2a: Just a Plant|Serperior, M|100/100
|move|p1a: Hydreigon|Dark Pulse|p2a: Just a Plant
|-damage|p2a: Just a Plant|30/100
|
|-heal|p2a: Just a Plant|36/100|[from] item: Leftovers
|upkeep
|turn|14
|
|t:|1757940377
|switch|p1a: Muk|Muk-Alola, F|100/100
|move|p2a: Just a Plant|Glare|p1a: Muk
|-status|p1a: Muk|par
|
|-heal|p2a: Just a Plant|42/100|[from] item: Leftovers
|upkeep
|turn|15
|
|t:|1757940394
|move|p2a: Just a Plant|Substitute|p2a: Just a Plant
|-start|p2a: Just a Plant|Substitute
|-damage|p2a: Just a Plant|17/100
|move|p1a: Muk|Knock Off|p2a: Just a Plant
|-end|p2a: Just a Plant|Substitute
|
|-heal|p2a: Just a Plant|23/100|[from] item: Leftovers
|upkeep
|turn|16
|
|t:|1757940407
|move|p2a: Just a Plant|Leech Seed|p1a: Muk
|-start|p1a: Muk|move: Leech Seed
|move|p1a: Muk|Knock Off|p2a: Just a Plant
|-damage|p2a: Just a Plant|0 fnt
|-enditem|p2a: Just a Plant|Leftovers|[from] move: Knock Off|[of] p1a: Muk
|faint|p2a: Just a Plant
|
|upkeep
|
|t:|1757940409
|switch|p2a: Raven|Corviknight, M|77/100
|-ability|p2a: Raven|Pressure
|turn|17
|
|t:|1757940430
|switch|p1a: Sableye|Sableye, M|100/100
|move|p2a: Raven|U-turn|p1a: Sableye
|-damage|p1a: Sableye|80/100
|
|t:|1757940436
|switch|p2a: Excaliburn|Ceruledge, F|100/100|[from] U-turn
|
|-heal|p1a: Sableye|87/100|[from] item: Leftovers
|upkeep
|turn|18
|
|t:|1757940455
|move|p1a: Sableye|Thunder Wave|p2a: Excaliburn
|-status|p2a: Excaliburn|par
|move|p2a: Excaliburn|Swords Dance|p2a: Excaliburn
|-boost|p2a: Excaliburn|atk|2
|
|-heal|p1a: Sableye|93/100|[from] item: Leftovers
|upkeep
|turn|19
|
|t:|1757940458
|switch|p1a: Muk|Muk-Alola, F|100/100 par
|cant|p2a: Excaliburn|par
|
|upkeep
|turn|20
|
|t:|1757940462
|move|p2a: Excaliburn|Bitter Blade|p1a: Muk
|-damage|p1a: Muk|0 fnt
|faint|p1a: Muk
|
|upkeep
|
|t:|1757940470
|switch|p1a: Meowscarada|Meowscarada, F|84/100 par
|turn|21
|
|t:|1757940480
|switch|p2a: Raven|Corviknight, M|77/100
|-ability|p2a: Raven|Pressure
|move|p1a: Meowscarada|Trick|p2a: Raven
|-start|p1a: Meowscarada|typechange|Psychic|[from] ability: Protean
|-activate|p1a: Meowscarada|move: Trick|[of] p2a: Raven
|-item|p2a: Raven|Choice Scarf|[from] move: Trick
|-item|p1a: Meowscarada|Rocky Helmet|[from] move: Trick
|
|upkeep
|turn|22
|
|t:|1757940490
|switch|p1a: Sableye|Sableye, M|93/100
|move|p2a: Raven|U-turn|p1a: Sableye
|-damage|p1a: Sableye|72/100
|
|t:|1757940495
|switch|p2a: Gallamecha|Iron Valiant|100/100|[from] U-turn
|
|-heal|p1a: Sableye|78/100|[from] item: Leftovers
|upkeep
|turn|23
|
|t:|1757940519
|-end|p2a: Gallamecha|Quark Drive|[silent]
|switch|p2a: Excaliburn|Ceruledge, F|100/100 par
|move|p1a: Sableye|Thunder Wave|p2a: Excaliburn
|-fail|p2a: Excaliburn|par
|
|-heal|p1a: Sableye|84/100|[from] item: Leftovers
|upkeep
|turn|24
|
|t:|1757940524
|switch|p1a: Meowscarada|Meowscarada, F|84/100 par
|move|p2a: Excaliburn|Swords Dance|p2a: Excaliburn
|-boost|p2a: Excaliburn|atk|2
|
|upkeep
|turn|25
|
|t:|1757940528
|move|p1a: Meowscarada|Play Rough|p2a: Excaliburn
|-start|p1a: Meowscarada|typechange|Fairy|[from] ability: Protean
|-resisted|p2a: Excaliburn
|-damage|p2a: Excaliburn|66/100 par
|-ability|p2a: Excaliburn|Weak Armor|boost
|-unboost|p2a: Excaliburn|def|1
|-boost|p2a: Excaliburn|spe|2
|move|p2a: Excaliburn|Bitter Blade|p1a: Meowscarada
|-damage|p1a: Meowscarada|0 fnt
|-heal|p2a: Excaliburn|100/100 par|[from] drain|[of] p1a: Meowscarada
|-damage|p2a: Excaliburn|84/100 par|[from] item: Rocky Helmet|[of] p1a: Meowscarada
|faint|p1a: Meowscarada
|
|upkeep
|
|t:|1757940532
|switch|p1a: Hydreigon|Hydreigon, M|27/100
|turn|26
|
|t:|1757940542
|move|p2a: Excaliburn|Shadow Sneak|p1a: Hydreigon
|-resisted|p1a: Hydreigon
|-damage|p1a: Hydreigon|3/100
|move|p1a: Hydreigon|Dark Pulse|p2a: Excaliburn
|-supereffective|p2a: Excaliburn
|-damage|p2a: Excaliburn|0 fnt
|faint|p2a: Excaliburn
|
|upkeep
|
|t:|1757940554
|switch|p2a: Gallamecha|Iron Valiant|100/100
|turn|27
|inactive|icefox has 120 seconds left.
|
|t:|1757940589
|move|p2a: Gallamecha|Moonblast|p1a: Hydreigon
|-supereffective|p1a: Hydreigon
|-damage|p1a: Hydreigon|0 fnt
|faint|p1a: Hydreigon
|
|upkeep
|
|t:|1757940591
|switch|p1a: Sableye|Sableye, M|84/100
|turn|28
|
|t:|1757940599
|-end|p2a: Gallamecha|Quark Drive|[silent]
|switch|p2a: Shelly|Slowking-Galar, M|70/100
|move|p1a: Sableye|Thunder Wave|p2a: Shelly
|-status|p2a: Shelly|par
|
|-heal|p1a: Sableye|91/100|[from] item: Leftovers
|upkeep
|turn|29
|
|t:|1757940606
|move|p1a: Sableye|Metronome|p1a: Sableye
|move|p1a: Sableye|Zing Zap|p2a: Shelly|[from] move: Metronome
|-damage|p2a: Shelly|57/100 par
|move|p2a: Shelly|Sludge Bomb|p1a: Sableye
|-resisted|p1a: Sableye
|-damage|p1a: Sableye|66/100
|
|-heal|p1a: Sableye|73/100|[from] item: Leftovers
|upkeep
|turn|30
|
|t:|1757940615
|switch|p1a: Bisharp|Bisharp, M, shiny, tera:Dark|52/100
|cant|p2a: Shelly|par
|
|upkeep
|turn|31
|
|t:|1757940629
|switch|p2a: Raven|Corviknight, M|77/100
|-ability|p2a: Raven|Pressure
|move|p1a: Bisharp|Swords Dance|p1a: Bisharp
|-boost|p1a: Bisharp|atk|2
|
|upkeep
|turn|32
|
|t:|1757940633
|move|p1a: Bisharp|Sucker Punch|p2a: Raven
|-damage|p2a: Raven|26/100
|move|p2a: Raven|U-turn|p1a: Bisharp
|-supereffective|p1a: Bisharp
|-damage|p1a: Bisharp|31/100
|
|t:|1757940638
|switch|p2a: Gallamecha|Iron Valiant|100/100|[from] U-turn
|
|upkeep
|turn|33
|
|t:|1757940644
|move|p2a: Gallamecha|Moonblast|p1a: Bisharp
|-supereffective|p1a: Bisharp
|-damage|p1a: Bisharp|0 fnt
|faint|p1a: Bisharp
|
|upkeep
|
|t:|1757940646
|switch|p1a: Sableye|Sableye, M|73/100
|turn|34
|
|t:|1757940655
|-end|p2a: Gallamecha|Quark Drive|[silent]
|switch|p2a: Shelly|Slowking-Galar, M|90/100 par
|move|p1a: Sableye|Thunder Wave|p2a: Shelly
|-fail|p2a: Shelly|par
|
|-heal|p1a: Sableye|79/100|[from] item: Leftovers
|upkeep
|turn|35
|
|t:|1757940658
|move|p1a: Sableye|Metronome|p1a: Sableye
|move|p1a: Sableye|Curse|p2a: Shelly|[from] move: Metronome
|-start|p2a: Shelly|Curse|[of] p1a: Sableye
|-damage|p1a: Sableye|29/100
|move|p2a: Shelly|Sludge Bomb|p1a: Sableye
|-resisted|p1a: Sableye
|-damage|p1a: Sableye|6/100
|
|-heal|p1a: Sableye|12/100|[from] item: Leftovers
|-damage|p2a: Shelly|65/100 par|[from] Curse
|upkeep
|turn|36
|
|t:|1757940662
|move|p1a: Sableye|Recover|p1a: Sableye
|-heal|p1a: Sableye|62/100
|move|p2a: Shelly|Sludge Bomb|p1a: Sableye
|-resisted|p1a: Sableye
|-damage|p1a: Sableye|40/100
|
|-heal|p1a: Sableye|46/100|[from] item: Leftovers
|-damage|p2a: Shelly|40/100 par|[from] Curse
|upkeep
|turn|37
|
|t:|1757940670
|switch|p2a: Raven|Corviknight, M|26/100
|-ability|p2a: Raven|Pressure
|move|p1a: Sableye|Recover|p1a: Sableye
|-heal|p1a: Sableye|96/100
|
|-heal|p1a: Sableye|100/100|[from] item: Leftovers
|upkeep
|turn|38
|
|t:|1757940673
|move|p1a: Sableye|Will-O-Wisp|p2a: Raven
|-status|p2a: Raven|brn
|move|p2a: Raven|Roost|p2a: Raven
|-heal|p2a: Raven|76/100 brn
|-singleturn|p2a: Raven|move: Roost
|
|-damage|p2a: Raven|70/100 brn|[from] brn
|upkeep
|turn|39
|
|t:|1757940676
|move|p1a: Sableye|Metronome|p1a: Sableye
|move|p1a: Sableye|Frost Breath|p2a: Raven|[from] move: Metronome
|-crit|p2a: Raven
|-damage|p2a: Raven|54/100 brn
|move|p2a: Raven|Roost|p2a: Raven
|-heal|p2a: Raven|100/100 brn
|-singleturn|p2a: Raven|move: Roost
|
|-damage|p2a: Raven|94/100 brn|[from] brn
|upkeep
|turn|40
|
|t:|1757940684
|move|p1a: Sableye|Metronome|p1a: Sableye
|move|p1a: Sableye|Smog|p2a: Raven|[from] move: Metronome
|-immune|p2a: Raven
|move|p2a: Raven|Roost|p2a: Raven
|-heal|p2a: Raven|100/100 brn
|-singleturn|p2a: Raven|move: Roost
|
|-damage|p2a: Raven|94/100 brn|[from] brn
|upkeep
|turn|41
|
|t:|1757940696
|switch|p2a: Shelly|Slowking-Galar, M|73/100 par
|move|p1a: Sableye|Will-O-Wisp|p2a: Shelly|[miss]
|-miss|p1a: Sableye|p2a: Shelly
|
|upkeep
|turn|42
|
|t:|1757940699
|move|p1a: Sableye|Metronome|p1a: Sableye
|move|p1a: Sableye|Echoed Voice|p2a: Shelly|[from] move: Metronome
|-damage|p2a: Shelly|70/100 par
|cant|p2a: Shelly|par
|
|upkeep
|turn|43
|
|t:|1757940704
|move|p1a: Sableye|Metronome|p1a: Sableye
|move|p1a: Sableye|Teatime||[from] move: Metronome|[still]
|-fieldactivate|move: Teatime
|-fail|p1a: Sableye|move: Teatime
|cant|p2a: Shelly|par
|
|upkeep
|turn|44
|c|☆Loutre-Monde|gg
|
|t:|1757940711
|move|p1a: Sableye|Metronome|p1a: Sableye
|move|p1a: Sableye|Brutal Swing|p2a: Shelly|[from] move: Metronome
|-supereffective|p2a: Shelly
|-damage|p2a: Shelly|42/100 par
|cant|p2a: Shelly|par
|
|upkeep
|turn|45
|
|t:|1757940715
|switch|p2a: Raven|Corviknight, M|94/100 brn
|-ability|p2a: Raven|Pressure
|move|p1a: Sableye|Metronome|p1a: Sableye
|move|p1a: Sableye|Avalanche|p2a: Raven|[from] move: Metronome
|-damage|p2a: Raven|88/100 brn
|
|-damage|p2a: Raven|82/100 brn|[from] brn
|upkeep
|turn|46
|-message|icefox forfeited.
|
|win|Loutre-Monde
|raw|icefox's rating: 1404 &rarr; <strong>1383</strong><br />(-21 for losing)
|raw|Loutre-Monde's rating: 1384 &rarr; <strong>1405</strong><br />(+21 for winning)
|l|‽icefox
|player|p1|
|l|☆Loutre-Monde
|player|p2|
