|j|☆kgoski tavares
|j|☆5amur1
|t:|1757905732
|gametype|singles
|player|p1|kgoski tavares|unknown|1100
|player|p2|5amur1|marley|1149
|gen|9
|tier|[Gen 9] OU
|rated|
|rule|HP Percentage Mod: HP is shown in percentages
|rule|Endless Battle Clause: Forcing endless battles is banned
|rule|Species Clause: Limit one of each Pokémon
|rule|OHKO Clause: OHKO moves are banned
|rule|Evasion Items Clause: Evasion items are banned
|rule|Evasion Moves Clause: Evasion moves are banned
|rule|Evasion Abilities Clause: Evasion abilities are banned
|rule|Sleep Moves Clause: Sleep-inducing moves are banned
|clearpoke
|poke|p1|Squawkabilly-Blue, M|
|poke|p1|Corviknight, F|
|poke|p1|Gholdengo|
|poke|p1|Gliscor, F|
|poke|p1|Slowking-Galar, F|
|poke|p1|Iron Valiant|
|poke|p2|Hydrapple, M|
|poke|p2|Corviknight, M|
|poke|p2|Ursaluna, M|
|poke|p2|Hatterene, F|
|poke|p2|Incineroar, F|
|poke|p2|Slowbro, F|
|teampreview
|inactive|Battle timer is ON: inactive players will automatically lose when time's up. (requested by kgoski tavares)
|
|t:|1757905743
|teamsize|p1|6
|teamsize|p2|6
|start
|switch|p1a: Squawkabilly|Squawkabilly-Blue, M|100/100
|switch|p2a: Slowbro|Slowbro, F|100/100
|turn|1
|
|t:|1757905749
|move|p1a: Squawkabilly|U-turn|p2a: Slowbro
|-supereffective|p2a: Slowbro
|-damage|p2a: Slowbro|48/100
|-damage|p1a: Squawkabilly|84/100|[from] item: Rocky Helmet|[of] p2a: Slowbro
|
|t:|1757905761
|switch|p1a: Slowking|Slowking-Galar, F|100/100|[from] U-turn
|move|p2a: Slowbro|Trick Room|p2a: Slowbro
|-fieldstart|move: Trick Room|[of] p2a: Slowbro
|
|upkeep
|turn|2
|
|t:|1757905770
|move|p1a: Slowking|Thunder Wave|p2a: Slowbro|[miss]
|-miss|p1a: Slowking|p2a: Slowbro
|move|p2a: Slowbro|Slack Off|p2a: Slowbro
|-heal|p2a: Slowbro|98/100
|
|upkeep
|turn|3
|
|t:|1757905776
|move|p1a: Slowking|Thunder Wave|p2a: Slowbro
|-status|p2a: Slowbro|par
|cant|p2a: Slowbro|par
|
|upkeep
|turn|4
|
|t:|1757905783
|switch|p2a: Incineroar|Incineroar, F|100/100
|-ability|p2a: Incineroar|Intimidate|boost
|-unboost|p1a: Slowking|atk|1
|move|p1a: Slowking|Future Sight|p2a: Incineroar
|-start|p1a: Slowking|move: Future Sight
|
|upkeep
|turn|5
|
|t:|1757905790
|switch|p1a: Corviknight|Corviknight, F|100/100
|-ability|p1a: Corviknight|Pressure
|move|p2a: Incineroar|Knock Off|p1a: Corviknight
|-damage|p1a: Corviknight|67/100
|-damage|p2a: Incineroar|84/100|[from] item: Rocky Helmet|[of] p1a: Corviknight
|-enditem|p1a: Corviknight|Rocky Helmet|[from] move: Knock Off|[of] p2a: Incineroar
|
|-fieldend|move: Trick Room
|upkeep
|turn|6
|
|t:|1757905806
|move|p1a: Corviknight|U-turn|p2a: Incineroar
|-damage|p2a: Incineroar|71/100
|
|t:|1757905812
|switch|p1a: Gliscor|Gliscor, F|100/100|[from] U-turn
|move|p2a: Incineroar|Flare Blitz|p1a: Gliscor
|-damage|p1a: Gliscor|55/100
|-damage|p2a: Incineroar|57/100|[from] Recoil
|
|-end|p2a: Incineroar|move: Future Sight
|-immune|p2a: Incineroar
|-status|p1a: Gliscor|tox|[from] item: Toxic Orb
|upkeep
|turn|7
|
|t:|1757905825
|switch|p2a: Corviknight|Corviknight, M|100/100
|move|p1a: Gliscor|Stealth Rock|p2a: Corviknight
|-sidestart|p2: 5amur1|move: Stealth Rock
|
|-heal|p1a: Gliscor|67/100 tox|[from] ability: Poison Heal
|upkeep
|turn|8
|
|t:|1757905832
|move|p1a: Gliscor|U-turn|p2a: Corviknight
|-resisted|p2a: Corviknight
|-damage|p2a: Corviknight|98/100
|
|t:|1757905843
|switch|p1a: Gholdengo|Gholdengo|100/100|[from] U-turn
|move|p2a: Corviknight|Defog|p1a: Gholdengo
|-immune|p1a: Gholdengo|[from] ability: Good as Gold
|
|-heal|p2a: Corviknight|100/100|[from] item: Leftovers
|upkeep
|turn|9
|
|t:|1757905855
|move|p1a: Gholdengo|Trick|p2a: Corviknight
|-activate|p1a: Gholdengo|move: Trick|[of] p2a: Corviknight
|-item|p2a: Corviknight|Choice Scarf|[from] move: Trick
|-item|p1a: Gholdengo|Leftovers|[from] move: Trick
|move|p2a: Corviknight|U-turn|p1a: Gholdengo
|-resisted|p1a: Gholdengo
|-damage|p1a: Gholdengo|96/100
|
|t:|1757905861
|switch|p2a: Hydrapple|Hydrapple, M|100/100|[from] U-turn
|-damage|p2a: Hydrapple|88/100|[from] Stealth Rock
|
|-heal|p1a: Gholdengo|100/100|[from] item: Leftovers
|upkeep
|turn|10
|
|t:|1757905869
|move|p1a: Gholdengo|Shadow Ball|p2a: Hydrapple
|-damage|p2a: Hydrapple|61/100
|move|p2a: Hydrapple|Infestation|p1a: Gholdengo
|-resisted|p1a: Gholdengo
|-damage|p1a: Gholdengo|98/100
|-activate|p1a: Gholdengo|move: Infestation|[of] p2a: Hydrapple
|
|-heal|p1a: Gholdengo|100/100|[from] item: Leftovers
|-damage|p1a: Gholdengo|88/100|[from] move: Infestation|[partiallytrapped]
|upkeep
|turn|11
|
|t:|1757905878
|switch|p1a: Squawkabilly|Squawkabilly-Blue, M|84/100
|move|p2a: Hydrapple|Draco Meteor|p1a: Squawkabilly
|-damage|p1a: Squawkabilly|0 fnt
|-unboost|p2a: Hydrapple|spa|2
|faint|p1a: Squawkabilly
|
|upkeep
|
|t:|1757905885
|switch|p1a: Iron Valiant|Iron Valiant, shiny|100/100
|turn|12
|
|t:|1757905891
|switch|p2a: Slowbro|Slowbro, F|100/100 par
|-damage|p2a: Slowbro|88/100 par|[from] Stealth Rock
|move|p1a: Iron Valiant|Substitute|p1a: Iron Valiant
|-start|p1a: Iron Valiant|Substitute
|-damage|p1a: Iron Valiant|76/100
|
|-heal|p1a: Iron Valiant|82/100|[from] item: Leftovers
|upkeep
|turn|13
|
|t:|1757905907
|move|p1a: Iron Valiant|Calm Mind|p1a: Iron Valiant
|-boost|p1a: Iron Valiant|spa|1
|-boost|p1a: Iron Valiant|spd|1
|cant|p2a: Slowbro|par
|
|-heal|p1a: Iron Valiant|88/100|[from] item: Leftovers
|upkeep
|turn|14
|
|t:|1757905917
|move|p1a: Iron Valiant|Calm Mind|p1a: Iron Valiant
|-boost|p1a: Iron Valiant|spa|1
|-boost|p1a: Iron Valiant|spd|1
|cant|p2a: Slowbro|par
|
|-heal|p1a: Iron Valiant|94/100|[from] item: Leftovers
|upkeep
|turn|15
|
|t:|1757905925
|move|p1a: Iron Valiant|Calm Mind|p1a: Iron Valiant
|-boost|p1a: Iron Valiant|spa|1
|-boost|p1a: Iron Valiant|spd|1
|move|p2a: Slowbro|Trick Room|p2a: Slowbro
|-fieldstart|move: Trick Room|[of] p2a: Slowbro
|
|-heal|p1a: Iron Valiant|100/100|[from] item: Leftovers
|upkeep
|turn|16
|
|t:|1757905931
|move|p2a: Slowbro|Scald|p1a: Iron Valiant
|-activate|p1a: Iron Valiant|move: Substitute|[damage]
|move|p1a: Iron Valiant|Moonblast|p2a: Slowbro
|-damage|p2a: Slowbro|0 fnt
|faint|p2a: Slowbro
|
|upkeep
|
|t:|1757905944
|switch|p2a: Corviknight|Corviknight, M|100/100
|-damage|p2a: Corviknight|88/100|[from] Stealth Rock
|turn|17
|
|t:|1757905948
|move|p2a: Corviknight|Brave Bird|p1a: Iron Valiant
|-supereffective|p1a: Iron Valiant
|-end|p1a: Iron Valiant|Substitute
|-damage|p2a: Corviknight|87/100|[from] Recoil|[of] p1a: Iron Valiant
|move|p1a: Iron Valiant|Aura Sphere|p2a: Corviknight
|-damage|p2a: Corviknight|0 fnt
|faint|p2a: Corviknight
|
|upkeep
|
|t:|1757905957
|switch|p2a: Hydrapple|Hydrapple, M|94/100
|-damage|p2a: Hydrapple|82/100|[from] Stealth Rock
|turn|18
|
|t:|1757905965
|-terastallize|p2a: Hydrapple|Steel
|-terastallize|p1a: Iron Valiant|Steel
|move|p2a: Hydrapple|Tera Blast|p1a: Iron Valiant|[anim] Tera Blast Steel
|-resisted|p1a: Iron Valiant
|-damage|p1a: Iron Valiant|85/100
|move|p1a: Iron Valiant|Substitute|p1a: Iron Valiant
|-start|p1a: Iron Valiant|Substitute
|-damage|p1a: Iron Valiant|60/100
|
|-heal|p1a: Iron Valiant|66/100|[from] item: Leftovers
|upkeep
|turn|19
|-message|5amur1 forfeited.
|
|win|kgoski tavares
|raw|kgoski tavares's rating: 1100 &rarr; <strong>1129</strong><br />(+29 for winning)
|raw|5amur1's rating: 1149 &rarr; <strong>1120</strong><br />(-29 for losing)
|l|☆5amur1
|player|p2|
|l|☆kgoski tavares
|player|p1|
