|j|☆KingPikaPika
|j|☆Vitoran
|t:|1757870687
|gametype|singles
|player|p1|KingPikaPika|pokekid|1700
|player|p2|Vitoran|#rbyplvmightymagmars|1713
|gen|9
|tier|[Gen 9] OU
|rated|
|rule|HP Percentage Mod: HP is shown in percentages
|rule|Endless Battle Clause: Forcing endless battles is banned
|rule|Species Clause: Limit one of each Pokémon
|rule|OHKO Clause: OHKO moves are banned
|rule|Evasion Items Clause: Evasion items are banned
|rule|Evasion Moves Clause: Evasion moves are banned
|rule|Evasion Abilities Clause: Evasion abilities are banned
|rule|Sleep Moves Clause: Sleep-inducing moves are banned
|clearpoke
|poke|p1|Cinderace, M|
|poke|p1|Ogerpon-Wellspring, F|
|poke|p1|Gliscor, F|
|poke|p1|Zapdos|
|poke|p1|Iron Valiant|
|poke|p1|Iron Crown|
|poke|p2|Weavile, M|
|poke|p2|Samurott-Hisui, F|
|poke|p2|Gholdengo|
|poke|p2|Great Tusk|
|poke|p2|Pecharunt|
|poke|p2|Kingambit, M|
|teampreview
|inactive|Battle timer is ON: inactive players will automatically lose when time's up. (requested by Vitoran)
|j| wgw2333
|inactive|KingPikaPika has 120 seconds left.
|inactive|Vitoran has 120 seconds left.
|inactive|Vitoran has 90 seconds left.
|c|☆Vitoran|glhf
|
|t:|1757870773
|teamsize|p1|6
|teamsize|p2|6
|start
|switch|p1a: Cinderace|Cinderace, M|100/100
|switch|p2a: Weavile|Weavile, M|100/100
|-ability|p2a: Weavile|Pressure
|turn|1
|
|t:|1757870791
|move|p2a: Weavile|Knock Off|p1a: Cinderace
|-damage|p1a: Cinderace|13/100
|-enditem|p1a: Cinderace|Heavy-Duty Boots|[from] move: Knock Off|[of] p2a: Weavile
|move|p1a: Cinderace|Will-O-Wisp|p2a: Weavile
|-status|p2a: Weavile|brn
|
|-damage|p2a: Weavile|94/100 brn|[from] brn
|upkeep
|turn|2
|c|☆KingPikaPika|u2
|
|t:|1757870801
|switch|p1a: Ogerpon|Ogerpon-Wellspring, F|100/100
|move|p2a: Weavile|Knock Off|p1a: Ogerpon
|-damage|p1a: Ogerpon|69/100
|
|-damage|p2a: Weavile|88/100 brn|[from] brn
|upkeep
|turn|3
|
|t:|1757870814
|switch|p2a: Pecharunt|Pecharunt|100/100
|-item|p2a: Pecharunt|Air Balloon
|move|p1a: Ogerpon|Ivy Cudgel|p2a: Pecharunt|[anim] Ivy Cudgel Water
|-damage|p2a: Pecharunt|75/100
|-enditem|p2a: Pecharunt|Air Balloon
|
|upkeep
|turn|4
|
|t:|1757870822
|switch|p1a: Gliscor|Gliscor, F|100/100
|move|p2a: Pecharunt|Parting Shot|p1a: Gliscor
|-unboost|p1a: Gliscor|atk|1
|-unboost|p1a: Gliscor|spa|1
|
|t:|1757870825
|switch|p2a: Great Tusk|Great Tusk|100/100|[from] Parting Shot
|-enditem|p2a: Great Tusk|Booster Energy
|-activate|p2a: Great Tusk|ability: Protosynthesis|[fromitem]
|-start|p2a: Great Tusk|protosynthesisspe
|
|-status|p1a: Gliscor|tox|[from] item: Toxic Orb
|upkeep
|turn|5
|
|t:|1757870830
|switch|p1a: Zapdos|Zapdos|100/100
|move|p2a: Great Tusk|Stealth Rock|p1a: Zapdos
|-sidestart|p1: KingPikaPika|move: Stealth Rock
|
|upkeep
|turn|6
|
|t:|1757870840
|-end|p2a: Great Tusk|Protosynthesis|[silent]
|switch|p2a: Weavile|Weavile, M|88/100 brn
|-ability|p2a: Weavile|Pressure
|move|p1a: Zapdos|Hurricane|p2a: Weavile
|-damage|p2a: Weavile|28/100 brn
|-start|p2a: Weavile|confusion
|
|-damage|p2a: Weavile|22/100 brn|[from] brn
|upkeep
|turn|7
|
|t:|1757870850
|switch|p1a: Gliscor|Gliscor, F|100/100 tox
|-damage|p1a: Gliscor|88/100 tox|[from] Stealth Rock
|-activate|p2a: Weavile|confusion
|move|p2a: Weavile|Triple Axel|p1a: Gliscor
|-supereffective|p1a: Gliscor
|-damage|p1a: Gliscor|64/100 tox
|-hitcount|p1a: Gliscor|1
|
|-heal|p1a: Gliscor|76/100 tox|[from] ability: Poison Heal
|-damage|p2a: Weavile|16/100 brn|[from] brn
|upkeep
|turn|8
|
|t:|1757870860
|move|p1a: Gliscor|Protect|p1a: Gliscor
|-singleturn|p1a: Gliscor|Protect
|-activate|p2a: Weavile|confusion
|-damage|p2a: Weavile|0 fnt|[from] confusion
|faint|p2a: Weavile
|
|-heal|p1a: Gliscor|89/100 tox|[from] ability: Poison Heal
|upkeep
|c|☆Vitoran|damn
|
|t:|1757870868
|switch|p2a: Samurott|Samurott-Hisui, F|100/100
|turn|9
|
|t:|1757870875
|switch|p1a: Cinderace|Cinderace, M|13/100
|-damage|p1a: Cinderace|0 fnt|[from] Stealth Rock
|faint|p1a: Cinderace
|move|p2a: Samurott|Ceaseless Edge|p1: Cinderace|[notarget]
|-fail|p2a: Samurott
|
|upkeep
|
|t:|1757870878
|switch|p1a: Iron Valiant|Iron Valiant|100/100
|-damage|p1a: Iron Valiant|94/100|[from] Stealth Rock
|turn|10
|
|t:|1757870898
|-terastallize|p2a: Samurott|Water
|move|p1a: Iron Valiant|Thunderbolt|p2a: Samurott
|-supereffective|p2a: Samurott
|-damage|p2a: Samurott|0 fnt
|faint|p2a: Samurott
|
|upkeep
|inactive|Vitoran has 120 seconds left.
|
|t:|1757870919
|switch|p2a: Gholdengo|Gholdengo|100/100
|turn|11
|inactive|Vitoran has 120 seconds left.
|
|t:|1757870932
|-end|p1a: Iron Valiant|Quark Drive|[silent]
|switch|p1a: Gliscor|Gliscor, F|89/100 tox
|-damage|p1a: Gliscor|76/100 tox|[from] Stealth Rock
|move|p2a: Gholdengo|Make It Rain|p1a: Gliscor
|-crit|p1a: Gliscor
|-damage|p1a: Gliscor|0 fnt
|-unboost|p2a: Gholdengo|spa|1
|faint|p1a: Gliscor
|
|upkeep
|
|t:|1757870938
|switch|p1a: Ogerpon|Ogerpon-Wellspring, F|69/100
|-damage|p1a: Ogerpon|57/100|[from] Stealth Rock
|turn|12
|
|t:|1757870944
|switch|p2a: Pecharunt|Pecharunt|75/100
|move|p1a: Ogerpon|Ivy Cudgel|p2a: Pecharunt|[anim] Ivy Cudgel Water
|-damage|p2a: Pecharunt|49/100
|
|upkeep
|turn|13
|
|t:|1757870955
|switch|p1a: Iron Crown|Iron Crown|100/100
|-damage|p1a: Iron Crown|94/100|[from] Stealth Rock
|move|p2a: Pecharunt|Recover|p2a: Pecharunt
|-heal|p2a: Pecharunt|99/100
|
|upkeep
|turn|14
|
|t:|1757870964
|switch|p2a: Great Tusk|Great Tusk|100/100
|move|p1a: Iron Crown|Future Sight|p2a: Great Tusk
|-start|p1a: Iron Crown|move: Future Sight
|
|upkeep
|turn|15
|
|t:|1757870973
|move|p1a: Iron Crown|Volt Switch|p2a: Great Tusk
|-immune|p2a: Great Tusk
|move|p2a: Great Tusk|Ice Spinner|p1a: Iron Crown
|-resisted|p1a: Iron Crown
|-damage|p1a: Iron Crown|82/100
|
|upkeep
|turn|16
|
|t:|1757870989
|move|p1a: Iron Crown|Focus Blast|p2a: Great Tusk
|-damage|p2a: Great Tusk|48/100
|move|p2a: Great Tusk|Ice Spinner|p1a: Iron Crown
|-resisted|p1a: Iron Crown
|-damage|p1a: Iron Crown|69/100
|
|-end|p2a: Great Tusk|move: Future Sight
|-supereffective|p2a: Great Tusk
|-damage|p2a: Great Tusk|0 fnt
|faint|p2a: Great Tusk
|-end|p2a: Great Tusk|Protosynthesis|[silent]
|upkeep
|
|t:|1757870997
|switch|p2a: Gholdengo|Gholdengo|100/100
|turn|17
|
|t:|1757871020
|move|p2a: Gholdengo|Shadow Ball|p1a: Iron Crown
|-supereffective|p1a: Iron Crown
|-damage|p1a: Iron Crown|7/100
|move|p1a: Iron Crown|Volt Switch|p2a: Gholdengo
|-damage|p2a: Gholdengo|75/100
|
|t:|1757871026
|-end|p1a: Iron Crown|Quark Drive|[silent]
|switch|p1a: Iron Valiant|Iron Valiant|94/100|[from] Volt Switch
|-damage|p1a: Iron Valiant|88/100|[from] Stealth Rock
|
|upkeep
|turn|18
|
|t:|1757871036
|move|p2a: Gholdengo|Shadow Ball|p1a: Iron Valiant
|-damage|p1a: Iron Valiant|13/100
|move|p1a: Iron Valiant|Shadow Ball|p2a: Gholdengo
|-supereffective|p2a: Gholdengo
|-damage|p2a: Gholdengo|0 fnt
|faint|p2a: Gholdengo
|
|upkeep
|
|t:|1757871045
|switch|p2a: Kingambit|Kingambit, M|100/100
|-activate|p2a: Kingambit|ability: Supreme Overlord
|-start|p2a: Kingambit|fallen4|[silent]
|turn|19
|
|t:|1757871057
|-end|p1a: Iron Valiant|Quark Drive|[silent]
|switch|p1a: Ogerpon|Ogerpon-Wellspring, F|57/100
|-damage|p1a: Ogerpon|44/100|[from] Stealth Rock
|move|p2a: Kingambit|Swords Dance|p2a: Kingambit
|-boost|p2a: Kingambit|atk|2
|
|upkeep
|turn|20
|
|t:|1757871064
|switch|p1a: Iron Valiant|Iron Valiant|13/100
|-damage|p1a: Iron Valiant|7/100|[from] Stealth Rock
|move|p2a: Kingambit|Iron Head|p1a: Iron Valiant
|-supereffective|p1a: Iron Valiant
|-damage|p1a: Iron Valiant|0 fnt
|faint|p1a: Iron Valiant
|-end|p1a: Iron Valiant|Quark Drive|[silent]
|
|upkeep
|
|t:|1757871066
|switch|p1a: Zapdos|Zapdos|100/100
|turn|21
|
|t:|1757871077
|move|p2a: Kingambit|Sucker Punch||[still]
|-fail|p2a: Kingambit
|move|p1a: Zapdos|Thunder Wave|p2a: Kingambit
|-status|p2a: Kingambit|par
|
|upkeep
|turn|22
|
|t:|1757871083
|move|p2a: Kingambit|Sucker Punch|p1a: Zapdos
|-damage|p1a: Zapdos|17/100
|move|p1a: Zapdos|Hurricane|p2a: Kingambit
|-resisted|p2a: Kingambit
|-damage|p2a: Kingambit|73/100 par
|-start|p2a: Kingambit|confusion
|
|upkeep
|turn|23
|
|t:|1757871096
|move|p1a: Zapdos|Volt Switch|p2a: Kingambit
|-damage|p2a: Kingambit|42/100 par
|
|t:|1757871101
|switch|p1a: Ogerpon|Ogerpon-Wellspring, F|44/100|[from] Volt Switch
|-damage|p1a: Ogerpon|32/100|[from] Stealth Rock
|-activate|p2a: Kingambit|confusion
|move|p2a: Kingambit|Low Kick|p1a: Ogerpon
|-damage|p1a: Ogerpon|0 fnt
|faint|p1a: Ogerpon
|
|upkeep
|
|t:|1757871102
|switch|p1a: Iron Crown|Iron Crown|7/100
|-damage|p1a: Iron Crown|1/100|[from] Stealth Rock
|turn|24
|
|t:|1757871106
|-activate|p2a: Kingambit|confusion
|move|p2a: Kingambit|Sucker Punch|p1a: Iron Crown
|-supereffective|p1a: Iron Crown
|-damage|p1a: Iron Crown|0 fnt
|faint|p1a: Iron Crown
|-end|p1a: Iron Crown|Quark Drive|[silent]
|
|upkeep
|-message|KingPikaPika forfeited.
|
|win|Vitoran
|raw|KingPikaPika's rating: 1700 &rarr; <strong>1681</strong><br />(-19 for losing)
|raw|Vitoran's rating: 1713 &rarr; <strong>1732</strong><br />(+19 for winning)
|l|☆KingPikaPika
|player|p1|
|c|☆Vitoran|gg
|l|☆Vitoran
|player|p2|
|l| wgw2333
