|j|☆56dgdfj
|j|☆pour125
|t:|1757911812
|gametype|singles
|player|p1|56dgdfj|bugcatcher-gen4dp|1239
|player|p2|pour125|fisherman-gen4|1219
|gen|9
|tier|[Gen 9] OU
|rated|
|rule|HP Percentage Mod: HP is shown in percentages
|rule|Endless Battle Clause: Forcing endless battles is banned
|rule|Species Clause: Limit one of each Pokémon
|rule|OHKO Clause: OHKO moves are banned
|rule|Evasion Items Clause: Evasion items are banned
|rule|Evasion Moves Clause: Evasion moves are banned
|rule|Evasion Abilities Clause: Evasion abilities are banned
|rule|Sleep Moves Clause: Sleep-inducing moves are banned
|clearpoke
|poke|p1|Thundurus-Therian, M|
|poke|p1|Cinderace, M|
|poke|p1|Quaquaval, M|
|poke|p1|Clefable, F|
|poke|p1|Pecharunt|
|poke|p1|Iron Boulder|
|poke|p2|Gholdengo|
|poke|p2|Pecharunt|
|poke|p2|Kingambit, M|
|poke|p2|Gliscor, M|
|poke|p2|Ogerpon-Wellspring, F|
|poke|p2|Clefable, M|
|teampreview
|
|t:|1757911821
|teamsize|p1|6
|teamsize|p2|6
|start
|switch|p1a: Quaquaval|Quaquaval, M|100/100
|switch|p2a: Ogerpon|Ogerpon-Wellspring, F|100/100
|turn|1
|
|t:|1757911831
|move|p2a: Ogerpon|Knock Off|p1a: Quaquaval
|-resisted|p1a: Quaquaval
|-damage|p1a: Quaquaval|76/100
|-enditem|p1a: Quaquaval|Assault Vest|[from] move: Knock Off|[of] p2a: Ogerpon
|move|p1a: Quaquaval|Rapid Spin|p2a: Ogerpon
|-damage|p2a: Ogerpon|77/100
|-boost|p1a: Quaquaval|spe|1
|
|upkeep
|turn|2
|
|t:|1757911839
|move|p1a: Quaquaval|Close Combat|p2a: Ogerpon
|-damage|p2a: Ogerpon|0 fnt
|-unboost|p1a: Quaquaval|def|1
|-unboost|p1a: Quaquaval|spd|1
|faint|p2a: Ogerpon
|-ability|p1a: Quaquaval|Moxie|boost
|-boost|p1a: Quaquaval|atk|1
|
|upkeep
|
|t:|1757911847
|switch|p2a: Gholdengo|Gholdengo|100/100
|turn|3
|
|t:|1757911852
|move|p1a: Quaquaval|Knock Off|p2a: Gholdengo
|-supereffective|p2a: Gholdengo
|-damage|p2a: Gholdengo|0 fnt
|-enditem|p2a: Gholdengo|Choice Scarf|[from] move: Knock Off|[of] p1a: Quaquaval
|faint|p2a: Gholdengo
|-ability|p1a: Quaquaval|Moxie|boost
|-boost|p1a: Quaquaval|atk|1
|
|upkeep
|
|t:|1757911857
|switch|p2a: Clefable|Clefable, M|100/100
|turn|4
|
|t:|1757911861
|-terastallize|p1a: Quaquaval|Steel
|move|p1a: Quaquaval|Aqua Step|p2a: Clefable
|-damage|p2a: Clefable|37/100
|-boost|p1a: Quaquaval|spe|1
|move|p2a: Clefable|Moonblast|p1a: Quaquaval
|-resisted|p1a: Quaquaval
|-damage|p1a: Quaquaval|41/100
|
|-heal|p2a: Clefable|43/100|[from] item: Leftovers
|upkeep
|turn|5
|
|t:|1757911871
|move|p1a: Quaquaval|Aqua Step|p2a: Clefable
|-damage|p2a: Clefable|0 fnt
|-boost|p1a: Quaquaval|spe|1
|faint|p2a: Clefable
|-ability|p1a: Quaquaval|Moxie|boost
|-boost|p1a: Quaquaval|atk|1
|
|upkeep
|
|t:|1757911873
|switch|p2a: Pecharunt|Pecharunt|100/100
|turn|6
|
|t:|1757911875
|move|p1a: Quaquaval|Knock Off|p2a: Pecharunt
|-supereffective|p2a: Pecharunt
|-damage|p2a: Pecharunt|0 fnt
|-enditem|p2a: Pecharunt|Leftovers|[from] move: Knock Off|[of] p1a: Quaquaval
|faint|p2a: Pecharunt
|-ability|p1a: Quaquaval|Moxie|boost
|-boost|p1a: Quaquaval|atk|1
|
|upkeep
|-message|pour125 forfeited.
|
|win|56dgdfj
|raw|56dgdfj's rating: 1239 &rarr; <strong>1263</strong><br />(+24 for winning)
|raw|pour125's rating: 1219 &rarr; <strong>1195</strong><br />(-24 for losing)
|l|☆pour125
|player|p2|
