|j|☆jlhjhghcfg
|j|☆harleywood
|t:|1757906111
|gametype|singles
|player|p1|jlhjhghcfg|pokemonrangerf|1042
|player|p2|harleywood|cyclistf-gen4|1082
|gen|9
|tier|[Gen 9] OU
|rated|
|rule|HP Percentage Mod: HP is shown in percentages
|rule|Endless Battle Clause: Forcing endless battles is banned
|rule|Species Clause: Limit one of each Pokémon
|rule|OHKO Clause: OHKO moves are banned
|rule|Evasion Items Clause: Evasion items are banned
|rule|Evasion Moves Clause: Evasion moves are banned
|rule|Evasion Abilities Clause: Evasion abilities are banned
|rule|Sleep Moves Clause: Sleep-inducing moves are banned
|clearpoke
|poke|p1|Veluza, M|
|poke|p1|Glimmora, M|
|poke|p1|Kingambit, M|
|poke|p1|Lokix, M|
|poke|p1|Ogerpon-Wellspring, F|
|poke|p1|Pawmot, F|
|poke|p2|Clodsire, F|
|poke|p2|Rotom-Wash|
|poke|p2|Tinkaton, F|
|poke|p2|Iron Moth|
|poke|p2|Swampert, M|
|poke|p2|Scyther, F|
|teampreview
|inactive|Battle timer is ON: inactive players will automatically lose when time's up. (requested by jlhjhghcfg)
|
|t:|1757906116
|teamsize|p1|6
|teamsize|p2|6
|start
|switch|p1a: Veluza|Veluza, M|100/100
|switch|p2a: Clodsire|Clodsire, F|100/100
|turn|1
|inactive|jlhjhghcfg has 120 seconds left.
|
|t:|1757906173
|move|p1a: Veluza|Psycho Cut|p2a: Clodsire
|-supereffective|p2a: Clodsire
|-damage|p2a: Clodsire|20/100
|move|p2a: Clodsire|Stealth Rock|p1a: Veluza
|-sidestart|p1: jlhjhghcfg|move: Stealth Rock
|
|-heal|p2a: Clodsire|27/100|[from] item: Black Sludge
|upkeep
|turn|2
|
|t:|1757906183
|switch|p2a: Tinkaton|Tinkaton, F|100/100
|-ability|p2a: Tinkaton|Mold Breaker
|move|p1a: Veluza|Psycho Cut|p2a: Tinkaton
|-resisted|p2a: Tinkaton
|-damage|p2a: Tinkaton|76/100
|
|upkeep
|turn|3
|
|t:|1757906192
|switch|p1a: Glimmora|Glimmora, M|100/100
|-damage|p1a: Glimmora|88/100|[from] Stealth Rock
|move|p2a: Tinkaton|Knock Off|p1a: Glimmora
|-damage|p1a: Glimmora|60/100
|-activate|p1a: Glimmora|ability: Toxic Debris
|-sidestart|p2: harleywood|move: Toxic Spikes
|-enditem|p1a: Glimmora|Red Card|[from] move: Knock Off|[of] p2a: Tinkaton
|
|upkeep
|turn|4
|
|t:|1757906204
|-terastallize|p1a: Glimmora|Ghost
|move|p2a: Tinkaton|Gigaton Hammer|p1a: Glimmora
|-damage|p1a: Glimmora|0 fnt
|-activate|p1a: Glimmora|ability: Toxic Debris
|-sidestart|p2: harleywood|move: Toxic Spikes
|faint|p1a: Glimmora
|
|upkeep
|
|t:|1757906212
|switch|p1a: Ogerpon|Ogerpon-Wellspring, F|100/100
|-damage|p1a: Ogerpon|88/100|[from] Stealth Rock
|turn|5
|
|t:|1757906218
|switch|p2a: Clodsire|Clodsire, F|27/100
|-sideend|p2: harleywood|move: Toxic Spikes|[of] p2a: Clodsire
|move|p1a: Ogerpon|Ivy Cudgel|p2a: Clodsire|[anim] Ivy Cudgel Water
|-heal|p2a: Clodsire|52/100|[from] ability: Water Absorb|[of] p1a: Ogerpon
|
|-heal|p2a: Clodsire|58/100|[from] item: Black Sludge
|upkeep
|turn|6
|
|t:|1757906230
|-terastallize|p2a: Clodsire|Poison
|move|p1a: Ogerpon|Taunt|p2a: Clodsire
|-start|p2a: Clodsire|move: Taunt
|cant|p2a: Clodsire|move: Taunt|Rest
|
|-heal|p2a: Clodsire|64/100|[from] item: Black Sludge
|upkeep
|turn|7
|
|t:|1757906238
|switch|p1a: Lokix|Lokix, M|100/100
|-damage|p1a: Lokix|76/100|[from] Stealth Rock
|move|p2a: Clodsire|Earthquake|p1a: Lokix
|-resisted|p1a: Lokix
|-damage|p1a: Lokix|56/100
|
|-heal|p2a: Clodsire|70/100|[from] item: Black Sludge
|upkeep
|turn|8
|
|t:|1757906247
|switch|p2a: Tinkaton|Tinkaton, F|76/100
|-ability|p2a: Tinkaton|Mold Breaker
|move|p1a: Lokix|Knock Off|p2a: Tinkaton
|-resisted|p2a: Tinkaton
|-damage|p2a: Tinkaton|0 fnt
|-enditem|p2a: Tinkaton|Assault Vest|[from] move: Knock Off|[of] p1a: Lokix
|faint|p2a: Tinkaton
|
|upkeep
|
|t:|1757906259
|switch|p2a: Iron Moth|Iron Moth|100/100
|-enditem|p2a: Iron Moth|Booster Energy
|-activate|p2a: Iron Moth|ability: Quark Drive|[fromitem]
|-start|p2a: Iron Moth|quarkdrivespa
|turn|9
|
|t:|1757906267
|move|p2a: Iron Moth|Fiery Dance|p1a: Lokix
|-supereffective|p1a: Lokix
|-damage|p1a: Lokix|0 fnt
|faint|p1a: Lokix
|
|upkeep
|
|t:|1757906280
|switch|p1a: Veluza|Veluza, M|100/100
|-damage|p1a: Veluza|88/100|[from] Stealth Rock
|turn|10
|
|t:|1757906285
|move|p1a: Veluza|Final Gambit|p2a: Iron Moth
|-damage|p2a: Iron Moth|0 fnt
|faint|p1a: Veluza
|faint|p2a: Iron Moth
|-end|p2a: Iron Moth|Quark Drive|[silent]
|
|upkeep
|
|t:|1757906294
|switch|p2a: Clodsire|Clodsire, F, tera:Poison|70/100
|switch|p1a: Pawmot|Pawmot, F|100/100
|-damage|p1a: Pawmot|94/100|[from] Stealth Rock
|turn|11
|
|t:|1757906302
|move|p1a: Pawmot|Revival Blessing|p1a: Pawmot
|-enditem|p1a: Pawmot|Leppa Berry|[eat]
|-activate|p1a: Pawmot|item: Leppa Berry|Revival Blessing|[consumed]
|
|t:|1757906311
|-heal|p1: Lokix|50/100|[from] move: Revival Blessing
|move|p2a: Clodsire|Earthquake|p1a: Pawmot
|-supereffective|p1a: Pawmot
|-damage|p1a: Pawmot|8/100
|
|-heal|p2a: Clodsire|77/100|[from] item: Black Sludge
|upkeep
|turn|12
|
|t:|1757906318
|move|p1a: Pawmot|Revival Blessing|p1a: Pawmot
|
|t:|1757906320
|-heal|p1: Glimmora|50/100|[from] move: Revival Blessing
|move|p2a: Clodsire|Earthquake|p1a: Pawmot
|-supereffective|p1a: Pawmot
|-damage|p1a: Pawmot|0 fnt
|faint|p1a: Pawmot
|
|-heal|p2a: Clodsire|83/100|[from] item: Black Sludge
|upkeep
|
|t:|1757906324
|switch|p1a: Glimmora|Glimmora, M|50/100
|-damage|p1a: Glimmora|38/100|[from] Stealth Rock
|turn|13
|
|t:|1757906331
|move|p1a: Glimmora|Mortal Spin|p2a: Clodsire
|-resisted|p2a: Clodsire
|-damage|p2a: Clodsire|79/100
|-sideend|p1: jlhjhghcfg|Stealth Rock|[from] move: Mortal Spin|[of] p1a: Glimmora
|move|p2a: Clodsire|Earthquake|p1a: Glimmora
|-supereffective|p1a: Glimmora
|-damage|p1a: Glimmora|0 fnt
|-activate|p1a: Glimmora|ability: Toxic Debris
|-sidestart|p2: harleywood|move: Toxic Spikes
|faint|p1a: Glimmora
|
|-heal|p2a: Clodsire|86/100|[from] item: Black Sludge
|upkeep
|
|t:|1757906342
|switch|p1a: Lokix|Lokix, M|50/100
|turn|14
|
|t:|1757906347
|move|p1a: Lokix|Knock Off|p2a: Clodsire
|-damage|p2a: Clodsire|8/100
|-enditem|p2a: Clodsire|Black Sludge|[from] move: Knock Off|[of] p1a: Lokix
|move|p2a: Clodsire|Stealth Rock|p1a: Lokix
|-sidestart|p1: jlhjhghcfg|move: Stealth Rock
|
|upkeep
|turn|15
|
|t:|1757906354
|move|p1a: Lokix|Knock Off|p2a: Clodsire
|-damage|p2a: Clodsire|0 fnt
|faint|p2a: Clodsire
|
|upkeep
|
|t:|1757906361
|switch|p2a: Scyther|Scyther, F|100/100
|turn|16
|
|t:|1757906366
|move|p2a: Scyther|Dual Wingbeat|p1a: Lokix
|-supereffective|p1a: Lokix
|-damage|p1a: Lokix|0 fnt
|faint|p1a: Lokix
|-hitcount|p1: Lokix|1
|
|upkeep
|
|t:|1757906371
|switch|p1a: Ogerpon|Ogerpon-Wellspring, F|88/100
|-damage|p1a: Ogerpon|76/100|[from] Stealth Rock
|turn|17
|
|t:|1757906375
|move|p1a: Ogerpon|Ivy Cudgel|p2a: Scyther|[anim] Ivy Cudgel Water
|-damage|p2a: Scyther|44/100
|move|p2a: Scyther|Dual Wingbeat|p1a: Ogerpon
|-supereffective|p1a: Ogerpon
|-damage|p1a: Ogerpon|8/100
|-supereffective|p1a: Ogerpon
|-damage|p1a: Ogerpon|0 fnt
|faint|p1a: Ogerpon
|-hitcount|p1: Ogerpon|2
|
|upkeep
|
|t:|1757906380
|switch|p1a: Kingambit|Kingambit, M|100/100
|-damage|p1a: Kingambit|94/100|[from] Stealth Rock
|-activate|p1a: Kingambit|ability: Supreme Overlord
|-start|p1a: Kingambit|fallen5|[silent]
|turn|18
|
|t:|1757906389
|move|p1a: Kingambit|Sucker Punch|p2a: Scyther
|-damage|p2a: Scyther|0 fnt
|faint|p2a: Scyther
|
|-heal|p1a: Kingambit|100/100|[from] item: Leftovers
|upkeep
|
|t:|1757906395
|switch|p2a: Rotom|Rotom-Wash|100/100
|turn|19
|
|t:|1757906401
|move|p2a: Rotom|Will-O-Wisp|p1a: Kingambit
|-status|p1a: Kingambit|brn
|move|p1a: Kingambit|Swords Dance|p1a: Kingambit
|-boost|p1a: Kingambit|atk|2
|
|-damage|p1a: Kingambit|94/100 brn|[from] brn
|upkeep
|turn|20
|
|t:|1757906408
|move|p2a: Rotom|Hydro Pump|p1a: Kingambit|[miss]
|-miss|p2a: Rotom|p1a: Kingambit
|move|p1a: Kingambit|Swords Dance|p1a: Kingambit
|-boost|p1a: Kingambit|atk|2
|
|-heal|p1a: Kingambit|100/100 brn|[from] item: Leftovers
|-damage|p1a: Kingambit|94/100 brn|[from] brn
|upkeep
|turn|21
|
|t:|1757906416
|move|p2a: Rotom|Hydro Pump|p1a: Kingambit|[miss]
|-miss|p2a: Rotom|p1a: Kingambit
|move|p1a: Kingambit|Kowtow Cleave|p2a: Rotom
|-damage|p2a: Rotom|10/100
|
|-heal|p2a: Rotom|17/100|[from] item: Leftovers
|-heal|p1a: Kingambit|100/100 brn|[from] item: Leftovers
|-damage|p1a: Kingambit|94/100 brn|[from] brn
|upkeep
|turn|22
|
|t:|1757906430
|move|p2a: Rotom|Hydro Pump|p1a: Kingambit
|-damage|p1a: Kingambit|49/100 brn
|move|p1a: Kingambit|Kowtow Cleave|p2a: Rotom
|-damage|p2a: Rotom|0 fnt
|faint|p2a: Rotom
|
|-heal|p1a: Kingambit|55/100 brn|[from] item: Leftovers
|-damage|p1a: Kingambit|49/100 brn|[from] brn
|upkeep
|
|t:|1757906441
|switch|p2a: Swampert|Swampert, M|100/100
|-status|p2a: Swampert|psn
|turn|23
|
|t:|1757906446
|move|p1a: Kingambit|Sucker Punch|p2a: Swampert
|-damage|p2a: Swampert|17/100 psn
|move|p2a: Swampert|Earthquake|p1a: Kingambit
|-supereffective|p1a: Kingambit
|-damage|p1a: Kingambit|0 fnt
|faint|p1a: Kingambit
|-end|p1a: Kingambit|fallen5|[silent]
|
|win|harleywood
|raw|jlhjhghcfg's rating: 1042 &rarr; <strong>1028</strong><br />(-14 for losing)
|raw|harleywood's rating: 1082 &rarr; <strong>1107</strong><br />(+25 for winning)
|l|☆jlhjhghcfg
|player|p1|
|c|☆harleywood|gg
